{
  "id": "gen9championsvgc2026regma-2583885104",
  "format": "[Gen 9 Champions] VGC 2026 Reg M-A",
  "players": [
    "alvaromoratalla",
    "MelloJelloLol"
  ],
  "log": "|j|\u2606alvaromoratalla\n|j|\u203dMelloJelloLol\n|t:|1776205398\n|gametype|doubles\n|player|p1|alvaromoratalla|cynthia-gen4|1368\n|player|p2|MelloJelloLol|rosa|1278\n|gen|9\n|tier|[Gen 9 Champions] VGC 2026 Reg M-A\n|rated|\n|rule|Species Clause: Limit one of each Pok\u00e9mon\n|rule|Item Clause: Limit 1 of each item\n|clearpoke\n|poke|p1|Delphox, L50, F|\n|poke|p1|Garchomp, L50, M|\n|poke|p1|Floette-Eternal, L50, F|\n|poke|p1|Sneasler, L50, M|\n|poke|p1|Rotom-Wash, L50|\n|poke|p1|Kingambit, L50, M|\n|poke|p2|Gengar, L50, F|\n|poke|p2|Incineroar, L50, F|\n|poke|p2|Whimsicott, L50, F|\n|poke|p2|Sinistcha, L50|\n|poke|p2|Kommo-o, L50, M|\n|poke|p2|Politoed, L50, M|\n|teampreview|4\nalvaromoratalla rejected open team sheets.\n|inactive|Battle timer is ON: inactive players will automatically lose when time's up. (requested by alvaromoratalla)\n|inactive|alvaromoratalla has 60 seconds left.\n|inactive|MelloJelloLol has 60 seconds left.\n|\n|t:|1776205461\n|teamsize|p1|4\n|teamsize|p2|4\n|start\n|switch|p1a: Floette|Floette-Eternal, L50, F|100/100\n|switch|p1b: Kingambit|Kingambit, L50, M|100/100\n|switch|p2a: Gengar|Gengar, L50, F, shiny|100/100\n|switch|p2b: Politoed|Politoed, L50, M|100/100\n|-weather|RainDance|[from] ability: Drizzle|[of] p2b: Politoed\n|turn|1\n|\n|t:|1776205480\n|detailschange|p2a: Gengar|Gengar-Mega, L50, F, shiny\n|-mega|p2a: Gengar|Gengar|Gengarite\n|detailschange|p1a: Floette|Floette-Mega, L50, F\n|-mega|p1a: Floette|Floette|Floettite\n|-ability|p1a: Floette|Fairy Aura\n|move|p2a: Gengar|Protect|p2a: Gengar\n|-singleturn|p2a: Gengar|Protect\n|move|p2b: Politoed|Protect|p2b: Politoed\n|-singleturn|p2b: Politoed|Protect\n|move|p1a: Floette|Calm Mind|p1a: Floette\n|-boost|p1a: Floette|spa|1\n|-boost|p1a: Floette|spd|1\n|move|p1b: Kingambit|Kowtow Cleave|p2b: Politoed\n|-activate|p2b: Politoed|move: Protect\n|\n|-weather|RainDance|[upkeep]\n|upkeep\n|turn|2\n|l|\u203dMelloJelloLol\n|inactive|MelloJelloLol disconnected and has a minute to reconnect!\n|player|p2|\n|j|\u203dMelloJelloLol\n|inactive|MelloJelloLol reconnected and has 40 seconds left.\n|player|p2|MelloJelloLol|rosa|\n|n|\u203dMelloJelloLol|mellojellolol\n|inactive|MelloJelloLol has 30 seconds left.\n|\n|t:|1776205510\n|move|p2a: Gengar|Disable|p1b: Kingambit\n|-start|p1b: Kingambit|Disable|Kowtow Cleave\n|move|p1a: Floette|Dazzling Gleam|p2b: Politoed|[spread] p2a,p2b\n|-resisted|p2a: Gengar|1\n|-damage|p2a: Gengar|62/100\n|-damage|p2b: Politoed|41/100\n|move|p2b: Politoed|Perish Song|p2b: Politoed\n|-start|p1a: Floette|perish3|[silent]\n|-start|p1b: Kingambit|perish3|[silent]\n|-start|p2a: Gengar|perish3|[silent]\n|-start|p2b: Politoed|perish3|[silent]\n|-fieldactivate|move: Perish Song\n|cant|p1b: Kingambit|Disable|Kowtow Cleave\n|\n|-weather|RainDance|[upkeep]\n|-heal|p2b: Politoed|46/100|[from] item: Leftovers\n|-start|p2a: Gengar|perish3\n|-start|p1a: Floette|perish3\n|-start|p2b: Politoed|perish3\n|-start|p1b: Kingambit|perish3\n|upkeep\n|turn|3\n|inactive|MelloJelloLol has 30 seconds left.\n|\n|t:|1776205538\n|move|p2a: Gengar|Disable|p1a: Floette\n|-start|p1a: Floette|Disable|Dazzling Gleam\n|move|p1a: Floette|Calm Mind|p1a: Floette\n|-boost|p1a: Floette|spa|1\n|-boost|p1a: Floette|spd|1\n|move|p2b: Politoed|Encore|p1a: Floette\n|-start|p1a: Floette|Encore\n|move|p1b: Kingambit|Swords Dance|p1b: Kingambit\n|-boost|p1b: Kingambit|atk|2\n|\n|-weather|RainDance|[upkeep]\n|-heal|p2b: Politoed|52/100|[from] item: Leftovers\n|-start|p2a: Gengar|perish2\n|-start|p1a: Floette|perish2\n|-start|p2b: Politoed|perish2\n|-start|p1b: Kingambit|perish2\n|upkeep\n|turn|4\n|\n|t:|1776205557\n|move|p2a: Gengar|Protect|p2a: Gengar\n|-singleturn|p2a: Gengar|Protect\n|move|p2b: Politoed|Protect|p2b: Politoed\n|-singleturn|p2b: Politoed|Protect\n|move|p1b: Kingambit|Sucker Punch||[still]\n|-fail|p1b: Kingambit\n|move|p1a: Floette|Calm Mind|p1a: Floette\n|-boost|p1a: Floette|spa|1\n|-boost|p1a: Floette|spd|1\n|\n|-weather|RainDance|[upkeep]\n|-heal|p2b: Politoed|58/100|[from] item: Leftovers\n|-start|p2a: Gengar|perish1\n|-start|p1a: Floette|perish1\n|-start|p2b: Politoed|perish1\n|-start|p1b: Kingambit|perish1\n|upkeep\n|turn|5\n|\n|t:|1776205578\n|switch|p2a: Incineroar|Incineroar, L50, F|100/100\n|-ability|p2a: Incineroar|Intimidate|boost\n|-unboost|p1a: Floette|atk|1\n|-unboost|p1b: Kingambit|atk|1\n|-ability|p1b: Kingambit|Defiant|boost\n|-boost|p1b: Kingambit|atk|2\n|switch|p2b: Sinistcha|Sinistcha, L50|100/100\n|move|p1b: Kingambit|Sucker Punch||[still]\n|-fail|p1b: Kingambit\n|move|p1a: Floette|Calm Mind|p1a: Floette\n|-boost|p1a: Floette|spa|1\n|-boost|p1a: Floette|spd|1\n|\n|-weather|none\n|-end|p1b: Kingambit|Disable\n|-start|p1a: Floette|perish0\n|-start|p1b: Kingambit|perish0\n|upkeep\n|faint|p1a: Floette\n|faint|p1b: Kingambit\n|\n|t:|1776205581\n|switch|p1a: Rotom|Rotom-Wash, L50|100/100\n|switch|p1b: Garchomp|Garchomp, L50, M|100/100\n|turn|6\n|inactive|MelloJelloLol has 30 seconds left.\n|inactive|MelloJelloLol has 20 seconds left.\n|inactive|MelloJelloLol has 15 seconds left.\n|\n|t:|1776205624\n|move|p2a: Incineroar|Fake Out|p1b: Garchomp\n|-damage|p1b: Garchomp|89/100\n|-damage|p2a: Incineroar|88/100|[from] ability: Rough Skin|[of] p1b: Garchomp\n|cant|p1b: Garchomp|flinch\n|move|p1a: Rotom|Hydro Pump|p2a: Incineroar\n|-supereffective|p2a: Incineroar|1\n|-damage|p2a: Incineroar|28/100\n|-enditem|p2a: Incineroar|Sitrus Berry|[eat]\n|-heal|p2a: Incineroar|53/100|[from] item: Sitrus Berry\n|move|p2b: Sinistcha|Matcha Gotcha|p1a: Rotom|[spread] p1a,p1b\n|-supereffective|p1a: Rotom|1\n|-crit|p1a: Rotom\n|-damage|p1a: Rotom|35/100\n|-damage|p1b: Garchomp|63/100\n|-enditem|p1a: Rotom|Sitrus Berry|[eat]\n|-heal|p1a: Rotom|60/100|[from] item: Sitrus Berry\n|\n|upkeep\n|turn|7\n|\n|t:|1776205635\n|move|p2a: Incineroar|Protect|p2a: Incineroar\n|-singleturn|p2a: Incineroar|Protect\n|move|p1b: Garchomp|Earthquake|p2b: Sinistcha|[spread] p2b\n|-activate|p2a: Incineroar|move: Protect\n|-immune|p1a: Rotom|[from] ability: Levitate\n|-resisted|p2b: Sinistcha|1\n|-damage|p2b: Sinistcha|83/100\n|move|p1a: Rotom|Thunderbolt|p2b: Sinistcha\n|-resisted|p2b: Sinistcha|1\n|-damage|p2b: Sinistcha|67/100\n|move|p2b: Sinistcha|Matcha Gotcha|p1b: Garchomp|[spread] p1a,p1b\n|-supereffective|p1a: Rotom|1\n|-damage|p1a: Rotom|17/100\n|-heal|p2b: Sinistcha|86/100|[from] drain|[of] p1a: Rotom\n|-damage|p1b: Garchomp|36/100\n|-heal|p2b: Sinistcha|100/100|[from] drain|[of] p1b: Garchomp\n|\n|upkeep\n|turn|8\n|\n|t:|1776205648\n|move|p1b: Garchomp|Earthquake|p2b: Sinistcha|[spread] p2a,p2b\n|-immune|p1a: Rotom|[from] ability: Levitate\n|-supereffective|p2a: Incineroar|1\n|-resisted|p2b: Sinistcha|1\n|-damage|p2a: Incineroar|0 fnt\n|-damage|p2b: Sinistcha|83/100\n|faint|p2a: Incineroar\n|move|p1a: Rotom|Thunderbolt|p2b: Sinistcha\n|-resisted|p2b: Sinistcha|1\n|-damage|p2b: Sinistcha|67/100\n|move|p2b: Sinistcha|Matcha Gotcha|p1a: Rotom|[spread] p1a\n|-miss|p2b: Sinistcha|p1b: Garchomp\n|-supereffective|p1a: Rotom|1\n|-damage|p1a: Rotom|0 fnt\n|-heal|p2b: Sinistcha|74/100|[from] drain|[of] p1a: Rotom\n|faint|p1a: Rotom\n|\n|upkeep\n|\n|t:|1776205656\n|switch|p2a: Politoed|Politoed, L50, M|58/100\n|-weather|RainDance|[from] ability: Drizzle|[of] p2a: Politoed\n|turn|9\n|-message|alvaromoratalla forfeited.\n|\n|win|MelloJelloLol\n|raw|alvaromoratalla's rating: 1368 &rarr; <strong>1343</strong><br />(-25 for losing)\n|raw|MelloJelloLol's rating: 1278 &rarr; <strong>1309</strong><br />(+31 for winning)\n|l|\u2606alvaromoratalla\n|player|p1|\n",
  "uploadtime": 1776205677,
  "views": 36,
  "formatid": "gen9championsvgc2026regma",
  "rating": 1309,
  "private": 0,
  "password": null
}