{
  "id": "gen9championsvgc2026regma-2581451821",
  "format": "[Gen 9 Champions] VGC 2026 Reg M-A",
  "players": [
    "joymaxxing",
    "bolletponch"
  ],
  "log": "|j|\u2606joymaxxing\n|j|\u2606bolletponch\n|t:|1776001767\n|gametype|doubles\n|player|p1|joymaxxing|elesa|1232\n|player|p2|bolletponch|fantina|1261\n|gen|9\n|tier|[Gen 9 Champions] VGC 2026 Reg M-A\n|rated|\n|rule|Species Clause: Limit one of each Pok\u00e9mon\n|rule|Item Clause: Limit 1 of each item\n|clearpoke\n|poke|p1|Incineroar, L50, M|\n|poke|p1|Farigiraf, L50, F|\n|poke|p1|Milotic, L50, F|\n|poke|p1|Venusaur, L50, F|\n|poke|p1|Garchomp, L50, F|\n|poke|p1|Gardevoir, L50, M|\n|poke|p2|Charizard, L50, M|\n|poke|p2|Quaquaval, L50, F|\n|poke|p2|Kommo-o, L50, F|\n|poke|p2|Dragapult, L50, F|\n|poke|p2|Araquanid, L50, M|\n|poke|p2|Whimsicott, L50, F|\n|teampreview|4\n|\n|t:|1776001795\n|teamsize|p1|4\n|teamsize|p2|4\n|start\n|switch|p1a: Gardevoir|Gardevoir, L50, M|100/100\n|switch|p1b: Farigiraf|Farigiraf, L50, F, shiny|100/100\n|switch|p2a: Charizard|Charizard, L50, M|100/100\n|switch|p2b: Whimsicott|Whimsicott, L50, F|100/100\n|turn|1\n|j| DirtyDan257\n|\n|t:|1776001814\n|detailschange|p2a: Charizard|Charizard-Mega-X, L50, M\n|-mega|p2a: Charizard|Charizard|Charizardite X\n|move|p1a: Gardevoir|Psychic|p2a: Charizard\n|-damage|p2a: Charizard|61/100\n|move|p2b: Whimsicott|Moonblast|p1a: Gardevoir\n|-damage|p1a: Gardevoir|71/100\n|move|p2a: Charizard|Dragon Dance|p2a: Charizard\n|-boost|p2a: Charizard|atk|1\n|-boost|p2a: Charizard|spe|1\n|move|p1b: Farigiraf|Trick Room|p1b: Farigiraf\n|-fieldstart|move: Trick Room|[of] p1b: Farigiraf\n|\n|upkeep\n|turn|2\n|\n|t:|1776001832\n|move|p2b: Whimsicott|Memento||[still]\n|cant|p1b: Farigiraf|ability: Armor Tail|Memento|[of] p2b: Whimsicott\n|move|p1b: Farigiraf|Hyper Voice|p2b: Whimsicott|[spread] p2a,p2b\n|-damage|p2a: Charizard|37/100\n|-damage|p2b: Whimsicott|72/100\n|move|p2a: Charizard|Roost|p2a: Charizard\n|-heal|p2a: Charizard|87/100\n|-singleturn|p2a: Charizard|move: Roost\n|move|p1a: Gardevoir|Psychic|p2a: Charizard\n|-damage|p2a: Charizard|50/100\n|\n|upkeep\n|turn|3\n|\n|t:|1776001847\n|switch|p2b: Dragapult|Dragapult, L50, F|100/100\n|switch|p1a: Incineroar|Incineroar, L50, M, shiny|100/100\n|-ability|p1a: Incineroar|Intimidate|boost\n|-unboost|p2a: Charizard|atk|1\n|-unboost|p2b: Dragapult|atk|1\n|move|p1b: Farigiraf|Hyper Voice|p2b: Dragapult|[spread] p2a\n|-immune|p2b: Dragapult\n|-damage|p2a: Charizard|26/100\n|move|p2a: Charizard|Roost|p2a: Charizard\n|-heal|p2a: Charizard|77/100\n|-singleturn|p2a: Charizard|move: Roost\n|\n|upkeep\n|turn|4\n|\n|t:|1776001859\n|move|p1a: Incineroar|Throat Chop|p2b: Dragapult\n|-supereffective|p2b: Dragapult|1\n|-damage|p2b: Dragapult|15/100\n|-start|p2b: Dragapult|Throat Chop|[silent]\n|move|p1b: Farigiraf|Psychic|p2a: Charizard\n|-damage|p2a: Charizard|43/100\n|move|p2a: Charizard|Dragon Dance|p2a: Charizard\n|-boost|p2a: Charizard|atk|1\n|-boost|p2a: Charizard|spe|1\n|move|p2b: Dragapult|Light Screen|p2b: Dragapult\n|-sidestart|p2: bolletponch|move: Light Screen\n|\n|upkeep\n|turn|5\n|\n|t:|1776001916\n|switch|p1a: Gardevoir|Gardevoir, L50, M|71/100\n|switch|p2b: Quaquaval|Quaquaval, L50, F|100/100\n|move|p1b: Farigiraf|Hyper Voice|p2b: Quaquaval|[spread] p2a,p2b\n|-damage|p2a: Charizard|26/100\n|-damage|p2b: Quaquaval|73/100\n|move|p2a: Charizard|Roost|p2a: Charizard\n|-heal|p2a: Charizard|77/100\n|-singleturn|p2a: Charizard|move: Roost\n|\n|-fieldend|move: Trick Room\n|upkeep\n|turn|6\n|\n|t:|1776001926\n|switch|p1b: Incineroar|Incineroar, L50, M, shiny|100/100\n|-ability|p1b: Incineroar|Intimidate|boost\n|-unboost|p2a: Charizard|atk|1\n|-unboost|p2b: Quaquaval|atk|1\n|move|p2a: Charizard|Fire Punch|p1a: Gardevoir\n|-damage|p1a: Gardevoir|0 fnt\n|faint|p1a: Gardevoir\n|move|p2b: Quaquaval|Coaching|p2a: Charizard\n|-boost|p2a: Charizard|atk|1\n|-boost|p2a: Charizard|def|1\n|\n|upkeep\n|\n|t:|1776001938\n|switch|p1a: Farigiraf|Farigiraf, L50, F, shiny|100/100\n|turn|7\n|\n|t:|1776001963\n|move|p1b: Incineroar|Fake Out|p2a: Charizard\n|-damage|p2a: Charizard|70/100\n|cant|p2a: Charizard|flinch\n|move|p2b: Quaquaval|Coaching|p2a: Charizard\n|-boost|p2a: Charizard|atk|1\n|-boost|p2a: Charizard|def|1\n|move|p1a: Farigiraf|Trick Room|p1a: Farigiraf\n|-fieldstart|move: Trick Room|[of] p1a: Farigiraf\n|\n|upkeep\n|turn|8\n|\n|t:|1776001976\n|move|p1b: Incineroar|Parting Shot|p2a: Charizard\n|-unboost|p2a: Charizard|atk|1\n|-unboost|p2a: Charizard|spa|1\n|\n|t:|1776001979\n|switch|p1b: Venusaur|Venusaur, L50, F|100/100|[from] Parting Shot\n|move|p1a: Farigiraf|Psychic|p2b: Quaquaval\n|-supereffective|p2b: Quaquaval|1\n|-damage|p2b: Quaquaval|0 fnt\n|faint|p2b: Quaquaval\n|move|p2a: Charizard|Fire Punch|p1a: Farigiraf\n|-damage|p1a: Farigiraf|37/100\n|\n|-sideend|p2: bolletponch|move: Light Screen\n|upkeep\n|\n|t:|1776001993\n|switch|p2b: Whimsicott|Whimsicott, L50, F|72/100\n|turn|9\n|\n|t:|1776002003\n|switch|p1a: Incineroar|Incineroar, L50, M, shiny|100/100\n|-ability|p1a: Incineroar|Intimidate|boost\n|-unboost|p2a: Charizard|atk|1\n|-unboost|p2b: Whimsicott|atk|1\n|detailschange|p1b: Venusaur|Venusaur-Mega, L50, F\n|-mega|p1b: Venusaur|Venusaur|Venusaurite\n|move|p1b: Venusaur|Leech Seed|p2a: Charizard\n|-start|p2a: Charizard|move: Leech Seed\n|move|p2b: Whimsicott|Moonblast|p1a: Incineroar\n|-damage|p1a: Incineroar|83/100\n|move|p2a: Charizard|Fire Punch|p1b: Venusaur\n|-supereffective|p1b: Venusaur|1\n|-damage|p1b: Venusaur|72/100\n|\n|-damage|p2a: Charizard|58/100|[from] Leech Seed|[of] p1b: Venusaur\n|-heal|p1b: Venusaur|84/100|[silent]\n|upkeep\n|turn|10\n|\n|t:|1776002023\n|move|p1a: Incineroar|Fake Out|p2a: Charizard\n|-damage|p2a: Charizard|53/100\n|move|p2b: Whimsicott|Memento|p1b: Venusaur\n|-unboost|p1b: Venusaur|atk|2\n|-unboost|p1b: Venusaur|spa|2\n|faint|p2b: Whimsicott\n|move|p1b: Venusaur|Sludge Bomb|p2a: Charizard\n|-damage|p2a: Charizard|38/100\n|-status|p2a: Charizard|psn\n|cant|p2a: Charizard|flinch\n|\n|-damage|p2a: Charizard|26/100 psn|[from] Leech Seed|[of] p1b: Venusaur\n|-heal|p1b: Venusaur|96/100|[silent]\n|-damage|p2a: Charizard|13/100 psn|[from] psn\n|upkeep\n|\n|t:|1776002028\n|switch|p2b: Dragapult|Dragapult, L50, F|15/100\n|turn|11\n|\n|t:|1776002035\n|switch|p1b: Farigiraf|Farigiraf, L50, F, shiny|37/100\n|move|p1a: Incineroar|Throat Chop|p2b: Dragapult\n|-supereffective|p2b: Dragapult|1\n|-crit|p2b: Dragapult\n|-damage|p2b: Dragapult|0 fnt\n|faint|p2b: Dragapult\n|move|p2a: Charizard|Roost|p2a: Charizard\n|-heal|p2a: Charizard|64/100 psn\n|-singleturn|p2a: Charizard|move: Roost\n|\n|-damage|p2a: Charizard|51/100 psn|[from] Leech Seed|[of] p1b: Farigiraf\n|-heal|p1b: Farigiraf|48/100|[silent]\n|-damage|p2a: Charizard|39/100 psn|[from] psn\n|-fieldend|move: Trick Room\n|upkeep\n|turn|12\n|\n|t:|1776002040\n|move|p1b: Farigiraf|Protect|p1b: Farigiraf\n|-singleturn|p1b: Farigiraf|Protect\n|move|p2a: Charizard|Breaking Swipe|p1b: Farigiraf|[spread] p1a\n|-activate|p1b: Farigiraf|move: Protect\n|-damage|p1a: Incineroar|62/100\n|-unboost|p1a: Incineroar|atk|1\n|move|p1a: Incineroar|Parting Shot|p2a: Charizard\n|-unboost|p2a: Charizard|atk|1\n|-unboost|p2a: Charizard|spa|1\n|\n|t:|1776002042\n|switch|p1a: Venusaur|Venusaur-Mega, L50, F|96/100|[from] Parting Shot\n|\n|-damage|p2a: Charizard|26/100 psn|[from] Leech Seed|[of] p1b: Farigiraf\n|-heal|p1b: Farigiraf|59/100|[silent]\n|-damage|p2a: Charizard|14/100 psn|[from] psn\n|upkeep\n|turn|13\n|-message|bolletponch forfeited.\n|\n|win|joymaxxing\n|raw|joymaxxing's rating: 1232 &rarr; <strong>1259</strong><br />(+27 for winning)\n|raw|bolletponch's rating: 1261 &rarr; <strong>1234</strong><br />(-27 for losing)\n|l|\u2606bolletponch\n|player|p2|\n",
  "uploadtime": 1776002049,
  "views": 30,
  "formatid": "gen9championsvgc2026regma",
  "rating": 1234,
  "private": 0,
  "password": null
}