{
  "id": "gen9championsvgc2026regma-2581997479",
  "format": "[Gen 9 Champions] VGC 2026 Reg M-A",
  "players": [
    "Rodriginnn",
    "VenVGC"
  ],
  "log": "|j|\u2606Rodriginnn\n|j|\u2606VenVGC\n|t:|1776046849\n|gametype|doubles\n|player|p1|Rodriginnn|265|1048\n|player|p2|VenVGC|266|1100\n|gen|9\n|tier|[Gen 9 Champions] VGC 2026 Reg M-A\n|rated|\n|rule|Species Clause: Limit one of each Pok\u00e9mon\n|rule|Item Clause: Limit 1 of each item\n|clearpoke\n|poke|p1|Froslass, L50, F|\n|poke|p1|Orthworm, L50, M|\n|poke|p1|Garchomp, L50, M|\n|poke|p1|Incineroar, L50, M|\n|poke|p1|Basculegion, L50, M|\n|poke|p1|Ninetales-Alola, L50, F|\n|poke|p2|Gengar, L50, M|\n|poke|p2|Meganium, L50, F|\n|poke|p2|Politoed, L50, M|\n|poke|p2|Sinistcha, L50|\n|poke|p2|Incineroar, L50, F|\n|poke|p2|Sableye, L50, M|\n|teampreview|4\nRodriginnn has agreed to open team sheets.\n|inactive|Battle timer is ON: inactive players will automatically lose when time's up. (requested by Rodriginnn)\n|\n|t:|1776046927\n|teamsize|p1|4\n|teamsize|p2|4\n|start\n|switch|p1a: Orthworm|Orthworm, L50, M|100/100\n|switch|p1b: Basculegion|Basculegion, L50, M|100/100\n|switch|p2a: Sableye|Sableye, L50, M|100/100\n|switch|p2b: Incineroar|Incineroar, L50, F|100/100\n|-ability|p2b: Incineroar|Intimidate|boost\n|-unboost|p1a: Orthworm|atk|1\n|-unboost|p1b: Basculegion|atk|1\n|turn|1\n|inactive|VenVGC has 30 seconds left.\n|\n|t:|1776046959\n|move|p2a: Sableye|Reflect|p2a: Sableye\n|-sidestart|p2: VenVGC|Reflect\n|move|p1b: Basculegion|Flip Turn|p2b: Incineroar\n|-supereffective|p2b: Incineroar|1\n|-damage|p2b: Incineroar|73/100\n|\n|t:|1776046965\n|switch|p1b: Froslass|Froslass, L50, F|100/100|[from] Flip Turn\n|move|p2b: Incineroar|Flare Blitz|p1a: Orthworm\n|-supereffective|p1a: Orthworm|1\n|-damage|p1a: Orthworm|43/100\n|-enditem|p1a: Orthworm|Sitrus Berry|[eat]\n|-heal|p1a: Orthworm|68/100|[from] item: Sitrus Berry\n|-damage|p2b: Incineroar|56/100|[from] Recoil\n|move|p1a: Orthworm|Shed Tail|p1a: Orthworm\n|-start|p1a: Orthworm|Substitute|[from] move: Shed Tail\n|-damage|p1a: Orthworm|17/100\n|\n|t:|1776046977\n|switch|p1a: Basculegion|Basculegion, L50, M|100/100|[from] Shed Tail\n|\n|upkeep\n|turn|2\n|inactive|VenVGC has 30 seconds left.\n|\n|t:|1776047008\n|switch|p2b: Sinistcha|Sinistcha, L50|100/100\n|move|p1a: Basculegion|Wave Crash|p2b: Sinistcha\n|-resisted|p2b: Sinistcha|1\n|-damage|p2b: Sinistcha|77/100\n|-damage|p1a: Basculegion|94/100|[from] Recoil\n|move|p1b: Froslass|Nasty Plot|p1b: Froslass\n|-boost|p1b: Froslass|spa|2\n|move|p2a: Sableye|Foul Play|p1a: Basculegion\n|-supereffective|p1a: Basculegion|1\n|-end|p1a: Basculegion|Substitute\n|\n|-heal|p2b: Sinistcha|83/100|[from] item: Leftovers\n|upkeep\n|turn|3\n|inactive|Rodriginnn has 30 seconds left.\n|\n|t:|1776047035\n|switch|p2b: Incineroar|Incineroar, L50, F|56/100\n|-ability|p2b: Incineroar|Intimidate|boost\n|-unboost|p1a: Basculegion|atk|1\n|-unboost|p1b: Froslass|atk|1\n|detailschange|p1b: Froslass|Froslass-Mega, L50, F\n|-mega|p1b: Froslass|Froslass|Froslassite\n|-weather|Snowscape|[from] ability: Snow Warning|[of] p1b: Froslass\n|move|p2a: Sableye|Encore|p1b: Froslass\n|-start|p1b: Froslass|Encore\n|move|p1a: Basculegion|Wave Crash|p2a: Sableye\n|-damage|p2a: Sableye|54/100\n|-damage|p1a: Basculegion|83/100|[from] Recoil\n|move|p1b: Froslass|Nasty Plot|p1b: Froslass\n|-boost|p1b: Froslass|spa|2\n|\n|-weather|Snowscape|[upkeep]\n|upkeep\n|turn|4\n|inactive|VenVGC has 30 seconds left.\n|inactive|Rodriginnn has 30 seconds left.\n|inactive|VenVGC has 20 seconds left.\n|inactive|VenVGC has 15 seconds left.\n|\n|t:|1776047076\n|move|p2a: Sableye|Light Screen|p2a: Sableye\n|-sidestart|p2: VenVGC|move: Light Screen\n|move|p1a: Basculegion|Wave Crash|p2b: Incineroar\n|-supereffective|p2b: Incineroar|1\n|-damage|p2b: Incineroar|0 fnt\n|faint|p2b: Incineroar\n|-damage|p1a: Basculegion|64/100|[from] Recoil\n|move|p1b: Froslass|Nasty Plot|p1b: Froslass\n|-boost|p1b: Froslass|spa|2\n|\n|-weather|Snowscape|[upkeep]\n|upkeep\n|\n|t:|1776047086\n|switch|p2b: Sinistcha|Sinistcha, L50|83/100\n|-heal|p2a: Sableye|78/100|[from] ability: Hospitality|[of] p2b: Sinistcha\n|turn|5\n|\n|t:|1776047099\n|move|p2a: Sableye|Encore|p1a: Basculegion\n|-start|p1a: Basculegion|Encore\n|move|p1a: Basculegion|Wave Crash|p2a: Sableye\n|-damage|p2a: Sableye|31/100\n|-damage|p1a: Basculegion|53/100|[from] Recoil\n|move|p1b: Froslass|Nasty Plot|p1b: Froslass\n|-boost|p1b: Froslass|spa|0\n|move|p2b: Sinistcha|Iron Defense|p2b: Sinistcha\n|-boost|p2b: Sinistcha|def|2\n|\n|-weather|Snowscape|[upkeep]\n|-heal|p2b: Sinistcha|89/100|[from] item: Leftovers\n|-end|p1b: Froslass|Encore\n|-sideend|p2: VenVGC|Reflect\n|upkeep\n|turn|6\n|\n|t:|1776047118\n|switch|p1a: Ninetales|Ninetales-Alola, L50, F|100/100\n|move|p1b: Froslass|Protect|p1b: Froslass\n|-singleturn|p1b: Froslass|Protect\n|move|p2a: Sableye|Encore|p1b: Froslass\n|-activate|p1b: Froslass|move: Protect\n|move|p2b: Sinistcha|Calm Mind|p2b: Sinistcha\n|-boost|p2b: Sinistcha|spa|1\n|-boost|p2b: Sinistcha|spd|1\n|\n|-weather|Snowscape|[upkeep]\n|-heal|p2b: Sinistcha|94/100|[from] item: Leftovers\n|upkeep\n|turn|7\n|\n|t:|1776047138\n|move|p2a: Sableye|Encore|p1b: Froslass\n|-start|p1b: Froslass|Encore\n|move|p1b: Froslass|Protect|p1b: Froslass\n|-singleturn|p1b: Froslass|Protect\n|move|p1a: Ninetales|Aurora Veil|p1a: Ninetales\n|-sidestart|p1: Rodriginnn|move: Aurora Veil\n|move|p2b: Sinistcha|Calm Mind|p2b: Sinistcha\n|-boost|p2b: Sinistcha|spa|1\n|-boost|p2b: Sinistcha|spd|1\n|\n|-weather|none\n|-heal|p2b: Sinistcha|99/100|[from] item: Leftovers\n|upkeep\n|turn|8\n|\n|t:|1776047154\n|switch|p1a: Orthworm|Orthworm, L50, M|17/100\n|move|p1b: Froslass|Protect|p1b: Froslass\n|-singleturn|p1b: Froslass|Protect\n|move|p2a: Sableye|Encore||[still]\n|-fail|p2a: Sableye\n|move|p2b: Sinistcha|Calm Mind|p2b: Sinistcha\n|-boost|p2b: Sinistcha|spa|1\n|-boost|p2b: Sinistcha|spd|1\n|\n|-heal|p2b: Sinistcha|100/100|[from] item: Leftovers\n|-sideend|p2: VenVGC|move: Light Screen\n|upkeep\n|turn|9\n|\n|t:|1776047175\n|move|p1b: Froslass|Protect||[still]\n|-fail|p1b: Froslass\n|move|p2a: Sableye|Light Screen|p2a: Sableye\n|-sidestart|p2: VenVGC|move: Light Screen\n|move|p2b: Sinistcha|Matcha Gotcha|p1a: Orthworm|[spread] p1b\n|-miss|p2b: Sinistcha|p1a: Orthworm\n|-damage|p1b: Froslass|54/100\n|move|p1a: Orthworm|Heavy Slam|p2a: Sableye\n|-damage|p2a: Sableye|0 fnt\n|faint|p2a: Sableye\n|\n|-end|p1b: Froslass|Encore\n|upkeep\n|\n|t:|1776047187\n|switch|p2a: Politoed|Politoed, L50, M|100/100\n|-weather|RainDance|[from] ability: Drizzle|[of] p2a: Politoed\n|turn|10\n|\n|t:|1776047197\n|switch|p1a: Ninetales|Ninetales-Alola, L50, F|100/100\n|-weather|Snowscape|[from] ability: Snow Warning|[of] p1a: Ninetales\n|move|p2a: Politoed|Helping Hand|p2b: Sinistcha\n|-singleturn|p2b: Sinistcha|Helping Hand|[of] p2a: Politoed\n|move|p1b: Froslass|Blizzard|p2b: Sinistcha|[spread] p2a,p2b\n|-resisted|p2a: Politoed|1\n|-supereffective|p2b: Sinistcha|1\n|-damage|p2a: Politoed|51/100\n|-damage|p2b: Sinistcha|12/100\n|move|p2b: Sinistcha|Matcha Gotcha|p1a: Ninetales|[spread] p1a,p1b\n|-damage|p1a: Ninetales|44/100\n|-heal|p2b: Sinistcha|44/100|[from] drain|[of] p1a: Ninetales\n|-damage|p1b: Froslass|0 fnt\n|-heal|p2b: Sinistcha|69/100|[from] drain|[of] p1b: Froslass\n|faint|p1b: Froslass\n|\n|-weather|Snowscape|[upkeep]\n|-heal|p1a: Ninetales|50/100|[from] item: Leftovers\n|-heal|p2b: Sinistcha|75/100|[from] item: Leftovers\n|upkeep\n|inactive|Rodriginnn has 30 seconds left.\n|\n|t:|1776047226\n|switch|p1b: Basculegion|Basculegion, L50, M|53/100\n|turn|11\n|\n|t:|1776047236\n|move|p2a: Politoed|Helping Hand|p2b: Sinistcha\n|-singleturn|p2b: Sinistcha|Helping Hand|[of] p2a: Politoed\n|move|p1b: Basculegion|Last Respects|p2b: Sinistcha\n|-supereffective|p2b: Sinistcha|1\n|-damage|p2b: Sinistcha|14/100\n|move|p1a: Ninetales|Blizzard|p2b: Sinistcha|[spread] p2a,p2b\n|-resisted|p2a: Politoed|1\n|-supereffective|p2b: Sinistcha|1\n|-damage|p2a: Politoed|44/100\n|-damage|p2b: Sinistcha|2/100\n|-status|p2a: Politoed|frz\n|move|p2b: Sinistcha|Matcha Gotcha|p1b: Basculegion|[spread] p1a,p1b\n|-supereffective|p1b: Basculegion|1\n|-damage|p1a: Ninetales|0 fnt\n|-heal|p2b: Sinistcha|30/100|[from] drain|[of] p1a: Ninetales\n|-damage|p1b: Basculegion|0 fnt\n|-heal|p2b: Sinistcha|63/100|[from] drain|[of] p1b: Basculegion\n|faint|p1a: Ninetales\n|faint|p1b: Basculegion\n|\n|-weather|Snowscape|[upkeep]\n|-heal|p2b: Sinistcha|68/100|[from] item: Leftovers\n|-sideend|p1: Rodriginnn|move: Aurora Veil\n|upkeep\n|-message|Rodriginnn forfeited.\n|\n|win|VenVGC\n|raw|Rodriginnn's rating: 1048 &rarr; <strong>1033</strong><br />(-15 for losing)\n|raw|VenVGC's rating: 1100 &rarr; <strong>1121</strong><br />(+21 for winning)\n|l|\u2606Rodriginnn\n|player|p1|\n",
  "uploadtime": 1776047258,
  "views": 17,
  "formatid": "gen9championsvgc2026regma",
  "rating": 1033,
  "private": 0,
  "password": null
}