{
  "id": "gen9championsvgc2026regma-2581246644",
  "format": "[Gen 9 Champions] VGC 2026 Reg M-A",
  "players": [
    "nosomosmuchos",
    "Fizzayyy"
  ],
  "log": "|j|\u2606nosomosmuchos\n|j|\u2606Fizzayyy\n|t:|1775975825\n|gametype|doubles\n|player|p1|nosomosmuchos|266|1207\n|player|p2|Fizzayyy|1|1164\n|gen|9\n|tier|[Gen 9 Champions] VGC 2026 Reg M-A\n|rated|\n|rule|Species Clause: Limit one of each Pok\u00e9mon\n|rule|Item Clause: Limit 1 of each item\n|clearpoke\n|poke|p1|Venusaur, L50, M|\n|poke|p1|Dragonite, L50, M|\n|poke|p1|Sneasler, L50, M|\n|poke|p1|Incineroar, L50, M|\n|poke|p1|Basculegion, L50, M|\n|poke|p1|Kingambit, L50, F|\n|poke|p2|Incineroar, L50, M|\n|poke|p2|Orthworm, L50, M|\n|poke|p2|Froslass, L50, F|\n|poke|p2|Excadrill, L50, M|\n|poke|p2|Rotom-Wash, L50|\n|poke|p2|Farigiraf, L50, M|\n|teampreview|4\n|inactive|Battle timer is ON: inactive players will automatically lose when time's up. (requested by nosomosmuchos)\n|\n|t:|1775975863\n|teamsize|p1|4\n|teamsize|p2|4\n|start\n|switch|p1a: Basculegion|Basculegion, L50, M|100/100\n|switch|p1b: Venusaur|Venusaur, L50, M|100/100\n|switch|p2a: Incineroar|Incineroar, L50, M, shiny|100/100\n|switch|p2b: Orthworm|Orthworm, L50, M, shiny|100/100\n|-ability|p2a: Incineroar|Intimidate|boost\n|-unboost|p1a: Basculegion|atk|1\n|-unboost|p1b: Venusaur|atk|1\n|turn|1\n|inactive|nosomosmuchos has 30 seconds left.\n|inactive|nosomosmuchos has 20 seconds left.\n|inactive|nosomosmuchos has 15 seconds left.\n|inactive|nosomosmuchos has 10 seconds left.\n|\n|t:|1775975911\n|detailschange|p1b: Venusaur|Venusaur-Mega, L50, M\n|-mega|p1b: Venusaur|Venusaur|Venusaurite\n|move|p2a: Incineroar|Fake Out|p1b: Venusaur\n|-damage|p1b: Venusaur|90/100\n|move|p1a: Basculegion|Flip Turn|p2a: Incineroar\n|-supereffective|p2a: Incineroar|1\n|-damage|p2a: Incineroar|53/100\n|\n|t:|1775975918\n|switch|p1a: Incineroar|Incineroar, L50, M, shiny|100/100|[from] Flip Turn\n|-ability|p1a: Incineroar|Intimidate|boost\n|-unboost|p2a: Incineroar|atk|1\n|-unboost|p2b: Orthworm|atk|1\n|cant|p1b: Venusaur|flinch\n|move|p2b: Orthworm|Shed Tail|p2b: Orthworm\n|-start|p2b: Orthworm|Substitute|[from] move: Shed Tail\n|-damage|p2b: Orthworm|50/100\n|-enditem|p2b: Orthworm|Sitrus Berry|[eat]\n|-heal|p2b: Orthworm|75/100|[from] item: Sitrus Berry\n|\n|t:|1775975933\n|switch|p2b: Froslass|Froslass, L50, F|100/100|[from] Shed Tail\n|\n|upkeep\n|turn|2\n|inactive|nosomosmuchos has 30 seconds left.\n|inactive|Fizzayyy has 30 seconds left.\n|inactive|nosomosmuchos has 20 seconds left.\n|\n|t:|1775975971\n|detailschange|p2b: Froslass|Froslass-Mega, L50, F\n|-mega|p2b: Froslass|Froslass|Froslassite\n|-weather|Snowscape|[from] ability: Snow Warning|[of] p2b: Froslass\n|move|p2b: Froslass|Nasty Plot|p2b: Froslass\n|-boost|p2b: Froslass|spa|2\n|move|p1b: Venusaur|Earth Power|p2b: Froslass\n|-end|p2b: Froslass|Substitute\n|move|p2a: Incineroar|Parting Shot|p1b: Venusaur\n|-unboost|p1b: Venusaur|atk|1\n|-unboost|p1b: Venusaur|spa|1\n|\n|t:|1775975987\n|switch|p2a: Farigiraf|Farigiraf, L50, M, shiny|100/100|[from] Parting Shot\n|move|p1a: Incineroar|Darkest Lariat|p2b: Froslass\n|-supereffective|p2b: Froslass|1\n|-damage|p2b: Froslass|33/100\n|\n|-weather|Snowscape|[upkeep]\n|upkeep\n|turn|3\n|inactive|nosomosmuchos has 30 seconds left.\n|inactive|nosomosmuchos has 20 seconds left.\n|inactive|nosomosmuchos has 15 seconds left.\n|\n|t:|1775976031\n|switch|p2a: Incineroar|Incineroar, L50, M, shiny|53/100\n|-ability|p2a: Incineroar|Intimidate|boost\n|-unboost|p1a: Incineroar|atk|1\n|-unboost|p1b: Venusaur|atk|1\n|move|p2b: Froslass|Protect|p2b: Froslass\n|-singleturn|p2b: Froslass|Protect\n|move|p1b: Venusaur|Protect|p1b: Venusaur\n|-singleturn|p1b: Venusaur|Protect\n|move|p1a: Incineroar|Darkest Lariat|p2b: Froslass\n|-activate|p2b: Froslass|move: Protect\n|\n|-weather|Snowscape|[upkeep]\n|upkeep\n|turn|4\n|inactive|nosomosmuchos has 30 seconds left.\n|inactive|nosomosmuchos has 20 seconds left.\n|\n|t:|1775976070\n|move|p2a: Incineroar|Fake Out|p1a: Incineroar\n|-damage|p1a: Incineroar|92/100\n|move|p2b: Froslass|Blizzard|p1b: Venusaur|[spread] p1a,p1b\n|-resisted|p1a: Incineroar|1\n|-crit|p1a: Incineroar\n|-supereffective|p1b: Venusaur|1\n|-crit|p1b: Venusaur\n|-damage|p1a: Incineroar|31/100\n|-damage|p1b: Venusaur|0 fnt\n|faint|p1b: Venusaur\n|cant|p1a: Incineroar|flinch\n|\n|-weather|Snowscape|[upkeep]\n|upkeep\n|\n|t:|1775976083\n|switch|p1b: Basculegion|Basculegion, L50, M|100/100\n|turn|5\n|inactive|nosomosmuchos has 30 seconds left.\n|inactive|nosomosmuchos has 20 seconds left.\n|inactive|nosomosmuchos has 15 seconds left.\n|inactive|Fizzayyy has 30 seconds left.\n|inactive|nosomosmuchos has 10 seconds left.\n|inactive|nosomosmuchos has 5 seconds left.\n|\n|t:|1775976135\n|move|p2b: Froslass|Protect|p2b: Froslass\n|-singleturn|p2b: Froslass|Protect\n|move|p1b: Basculegion|Wave Crash|p2a: Incineroar\n|-supereffective|p2a: Incineroar|1\n|-damage|p2a: Incineroar|0 fnt\n|faint|p2a: Incineroar\n|-damage|p1b: Basculegion|83/100|[from] Recoil\n|move|p1a: Incineroar|Darkest Lariat|p2b: Froslass\n|-activate|p2b: Froslass|move: Protect\n|\n|-weather|Snowscape|[upkeep]\n|upkeep\n|\n|t:|1775976150\n|switch|p2a: Farigiraf|Farigiraf, L50, M, shiny|100/100\n|turn|6\n|\n|t:|1775976160\n|move|p1b: Basculegion|Wave Crash|p2b: Froslass\n|-damage|p2b: Froslass|0 fnt\n|faint|p2b: Froslass\n|-damage|p1b: Basculegion|74/100|[from] Recoil\n|move|p1a: Incineroar|Snarl|p2a: Farigiraf\n|-supereffective|p2a: Farigiraf|1\n|-damage|p2a: Farigiraf|68/100\n|-unboost|p2a: Farigiraf|spa|1\n|move|p2a: Farigiraf|Hyper Voice|p1b: Basculegion|[spread] p1a\n|-immune|p1b: Basculegion\n|-damage|p1a: Incineroar|10/100\n|\n|-weather|none\n|upkeep\n|\n|t:|1775976175\n|switch|p2b: Orthworm|Orthworm, L50, M, shiny|75/100\n|turn|7\n|\n|t:|1775976187\n|move|p2a: Farigiraf|Protect|p2a: Farigiraf\n|-singleturn|p2a: Farigiraf|Protect\n|move|p1b: Basculegion|Wave Crash|p2a: Farigiraf\n|-activate|p2a: Farigiraf|move: Protect\n|move|p2b: Orthworm|Body Press|p1a: Incineroar\n|-supereffective|p1a: Incineroar|1\n|-damage|p1a: Incineroar|0 fnt\n|faint|p1a: Incineroar\n|\n|upkeep\n|\n|t:|1775976197\n|switch|p1a: Sneasler|Sneasler, L50, M|100/100\n|turn|8\n|inactive|nosomosmuchos has 30 seconds left.\n|\n|t:|1775976230\n|move|p2b: Orthworm|Protect|p2b: Orthworm\n|-singleturn|p2b: Orthworm|Protect\n|move|p1b: Basculegion|Wave Crash|p2b: Orthworm\n|-activate|p2b: Orthworm|move: Protect\n|move|p1a: Sneasler|Close Combat|p2a: Farigiraf\n|-damage|p2a: Farigiraf|7/100\n|-unboost|p1a: Sneasler|def|1\n|-unboost|p1a: Sneasler|spd|1\n|move|p2a: Farigiraf|Trick Room|p2a: Farigiraf\n|-fieldstart|move: Trick Room|[of] p2a: Farigiraf\n|\n|upkeep\n|turn|9\n|inactive|nosomosmuchos has 30 seconds left.\n|\n|t:|1775976260\n|move|p2a: Farigiraf|Psychic|p1a: Sneasler\n|-supereffective|p1a: Sneasler|2\n|-enditem|p1a: Sneasler|Focus Sash\n|-damage|p1a: Sneasler|1/100\n|move|p2b: Orthworm|Heavy Slam|p1a: Sneasler\n|-damage|p1a: Sneasler|0 fnt\n|faint|p1a: Sneasler\n|move|p1b: Basculegion|Wave Crash|p2b: Orthworm\n|-damage|p2b: Orthworm|35/100\n|-damage|p1b: Basculegion|62/100|[from] Recoil\n|\n|upkeep\n|turn|10\n|\n|t:|1775976278\n|move|p2a: Farigiraf|Protect|p2a: Farigiraf\n|-singleturn|p2a: Farigiraf|Protect\n|move|p2b: Orthworm|Heavy Slam|p1b: Basculegion\n|-resisted|p1b: Basculegion|1\n|-damage|p1b: Basculegion|51/100\n|move|p1b: Basculegion|Wave Crash|p2a: Farigiraf\n|-activate|p2a: Farigiraf|move: Protect\n|\n|upkeep\n|turn|11\n|\n|t:|1775976291\n|move|p2a: Farigiraf|Psychic|p1b: Basculegion\n|-damage|p1b: Basculegion|13/100\n|move|p2b: Orthworm|Heavy Slam|p1b: Basculegion\n|-resisted|p1b: Basculegion|1\n|-damage|p1b: Basculegion|3/100\n|move|p1b: Basculegion|Wave Crash|p2a: Farigiraf\n|-damage|p2a: Farigiraf|0 fnt\n|faint|p2a: Farigiraf\n|-damage|p1b: Basculegion|0 fnt|[from] Recoil\n|faint|p1b: Basculegion\n|\n|win|Fizzayyy\n|raw|nosomosmuchos's rating: 1207 &rarr; <strong>1179</strong><br />(-28 for losing)\n|raw|Fizzayyy's rating: 1164 &rarr; <strong>1192</strong><br />(+28 for winning)\n",
  "uploadtime": 1775976307,
  "views": 34,
  "formatid": "gen9championsvgc2026regma",
  "rating": 1179,
  "private": 0,
  "password": null
}