{
  "id": "gen9championsvgc2026regma-2584735952",
  "format": "[Gen 9 Champions] VGC 2026 Reg M-A",
  "players": [
    "bigchungus23",
    "IanIsBored"
  ],
  "log": "|j|\u2606bigchungus23\n|j|\u2606IanIsBored\n|t:|1776280021\n|gametype|doubles\n|player|p1|bigchungus23|1|1079\n|player|p2|IanIsBored|ethan|1133\n|gen|9\n|tier|[Gen 9 Champions] VGC 2026 Reg M-A\n|rated|\n|rule|Species Clause: Limit one of each Pok\u00e9mon\n|rule|Item Clause: Limit 1 of each item\n|clearpoke\n|poke|p1|Camerupt, L50, M|\n|poke|p1|Sinistcha, L50|\n|poke|p1|Incineroar, L50, M|\n|poke|p1|Torkoal, L50, M|\n|poke|p1|Rhyperior, L50, M|\n|poke|p1|Farigiraf, L50, M|\n|poke|p2|Farigiraf, L50, F|\n|poke|p2|Kingambit, L50, M|\n|poke|p2|Sinistcha, L50|\n|poke|p2|Incineroar, L50, M|\n|poke|p2|Golurk, L50|\n|poke|p2|Primarina, L50, F|\n|teampreview|4\n|inactive|Battle timer is ON: inactive players will automatically lose when time's up. (requested by IanIsBored)\n|\n|t:|1776280048\n|teamsize|p1|4\n|teamsize|p2|4\n|start\n|switch|p1a: Farigiraf|Farigiraf, L50, M|100/100\n|switch|p1b: Incineroar|Incineroar, L50, M|100/100\n|switch|p2a: Long Boi Slim|Farigiraf, L50, F|100/100\n|switch|p2b: Incineroar|Incineroar, L50, M|100/100\n|-ability|p1b: Incineroar|Intimidate|boost\n|-unboost|p2a: Long Boi Slim|atk|1\n|-unboost|p2b: Incineroar|atk|1\n|-ability|p2b: Incineroar|Intimidate|boost\n|-unboost|p1a: Farigiraf|atk|1\n|-unboost|p1b: Incineroar|atk|1\n|turn|1\n|inactive|IanIsBored has 30 seconds left.\n|\n|t:|1776280079\n|switch|p1a: Torkoal|Torkoal, L50, M|100/100\n|-weather|SunnyDay|[from] ability: Drought|[of] p1a: Torkoal\n|move|p1b: Incineroar|Parting Shot|p2a: Long Boi Slim\n|-unboost|p2a: Long Boi Slim|atk|1\n|-unboost|p2a: Long Boi Slim|spa|1\n|\n|t:|1776280086\n|switch|p1b: Camerupt|Camerupt, L50, M|100/100|[from] Parting Shot\n|move|p2b: Incineroar|Snarl|p1b: Camerupt|[spread] p1a,p1b\n|-damage|p1a: Torkoal|78/100\n|-damage|p1b: Camerupt|80/100\n|-unboost|p1a: Torkoal|spa|1\n|-unboost|p1b: Camerupt|spa|1\n|move|p2a: Long Boi Slim|Hyper Voice|p1b: Camerupt|[spread] p1a,p1b\n|-damage|p1a: Torkoal|42/100\n|-damage|p1b: Camerupt|44/100\n|\n|-weather|SunnyDay|[upkeep]\n|upkeep\n|turn|2\n|\n|t:|1776280111\n|switch|p1b: Farigiraf|Farigiraf, L50, M|100/100\n|move|p2b: Incineroar|Snarl|p1b: Farigiraf|[spread] p1a,p1b\n|-supereffective|p1b: Farigiraf|1\n|-damage|p1a: Torkoal|19/100\n|-damage|p1b: Farigiraf|63/100\n|-unboost|p1a: Torkoal|spa|1\n|-unboost|p1b: Farigiraf|spa|1\n|move|p2a: Long Boi Slim|Dazzling Gleam|p1a: Torkoal|[spread] p1a,p1b\n|-resisted|p1a: Torkoal|1\n|-damage|p1a: Torkoal|10/100\n|-damage|p1b: Farigiraf|48/100\n|move|p1a: Torkoal|Heat Wave|p2b: Incineroar|[spread] p2a,p2b\n|-resisted|p2b: Incineroar|1\n|-damage|p2a: Long Boi Slim|73/100\n|-damage|p2b: Incineroar|86/100\n|\n|-weather|SunnyDay|[upkeep]\n|-heal|p1b: Farigiraf|54/100|[from] item: Leftovers\n|upkeep\n|turn|3\n|\n|t:|1776280131\n|move|p2b: Incineroar|Snarl|p1a: Torkoal|[spread] p1a,p1b\n|-supereffective|p1b: Farigiraf|1\n|-damage|p1a: Torkoal|0 fnt\n|-damage|p1b: Farigiraf|17/100\n|-unboost|p1b: Farigiraf|spa|1\n|faint|p1a: Torkoal\n|move|p2a: Long Boi Slim|Hyper Voice|p1b: Farigiraf\n|-damage|p1b: Farigiraf|0 fnt\n|faint|p1b: Farigiraf\n|\n|-weather|SunnyDay|[upkeep]\n|upkeep\n|\n|t:|1776280136\n|switch|p1b: Camerupt|Camerupt, L50, M|44/100\n|switch|p1a: Incineroar|Incineroar, L50, M|100/100\n|-ability|p1a: Incineroar|Intimidate|boost\n|-unboost|p2a: Long Boi Slim|atk|1\n|-unboost|p2b: Incineroar|atk|1\n|turn|4\n|\n|t:|1776280151\n|detailschange|p1b: Camerupt|Camerupt-Mega, L50, M\n|-mega|p1b: Camerupt|Camerupt|Cameruptite\n|move|p1a: Incineroar|Fake Out||[still]\n|cant|p2a: Long Boi Slim|ability: Armor Tail|Fake Out|[of] p1a: Incineroar\n|move|p2b: Incineroar|Snarl|p1a: Incineroar|[spread] p1a,p1b\n|-resisted|p1a: Incineroar|1\n|-damage|p1a: Incineroar|92/100\n|-damage|p1b: Camerupt|27/100\n|-unboost|p1a: Incineroar|spa|1\n|-unboost|p1b: Camerupt|spa|1\n|move|p2a: Long Boi Slim|Dazzling Gleam|p1b: Camerupt|[spread] p1a,p1b\n|-resisted|p1b: Camerupt|1\n|-damage|p1a: Incineroar|78/100\n|-damage|p1b: Camerupt|20/100\n|move|p1b: Camerupt|Heat Wave|p2a: Long Boi Slim|[spread] p2a,p2b\n|-resisted|p2b: Incineroar|1\n|-damage|p2a: Long Boi Slim|10/100\n|-damage|p2b: Incineroar|55/100\n|\n|-weather|SunnyDay|[upkeep]\n|upkeep\n|turn|5\n|-message|bigchungus23 forfeited.\n|\n|win|IanIsBored\n|raw|bigchungus23's rating: 1079 &rarr; <strong>1061</strong><br />(-18 for losing)\n|raw|IanIsBored's rating: 1133 &rarr; <strong>1154</strong><br />(+21 for winning)\n|l|\u2606bigchungus23\n|player|p1|\n",
  "uploadtime": 1776280168,
  "views": 18,
  "formatid": "gen9championsvgc2026regma",
  "rating": 1061,
  "private": 0,
  "password": null
}