{
  "id": "gen9championsvgc2026regma-2583438300",
  "format": "[Gen 9 Champions] VGC 2026 Reg M-A",
  "players": [
    "banran",
    "KopeensHobbyShop"
  ],
  "log": "|j|\u2606banran\n|j|\u2606KopeensHobbyShop\n|t:|1776175669\n|gametype|doubles\n|player|p1|banran|102|1192\n|player|p2|KopeensHobbyShop|grimsley|1299\n|gen|9\n|tier|[Gen 9 Champions] VGC 2026 Reg M-A\n|rated|\n|rule|Species Clause: Limit one of each Pok\u00e9mon\n|rule|Item Clause: Limit 1 of each item\n|clearpoke\n|poke|p1|Meowscarada, L50, M|\n|poke|p1|Kingambit, L50, M|\n|poke|p1|Incineroar, L50, F|\n|poke|p1|Crabominable, L50, M|\n|poke|p1|Torkoal, L50, F|\n|poke|p1|Farigiraf, L50, F|\n|poke|p2|Alakazam, L50, M|\n|poke|p2|Floette-Eternal, L50, F|\n|poke|p2|Zoroark-Hisui, L50, M|\n|poke|p2|Sinistcha, L50|\n|poke|p2|Politoed, L50, M|\n|poke|p2|Incineroar, L50, F|\n|teampreview|4\n|\n|t:|1776175708\n|teamsize|p1|4\n|teamsize|p2|4\n|start\n|switch|p1a: Incineroar|Incineroar, L50, F|100/100\n|switch|p1b: Farigiraf|Farigiraf, L50, F|100/100\n|switch|p2a: Floette|Floette-Eternal, L50, F|100/100\n|switch|p2b: Alakazam|Alakazam, L50, M|100/100\n|-ability|p1a: Incineroar|Intimidate|boost\n|-unboost|p2a: Floette|atk|1\n|-fail|p2b: Alakazam|unboost|Attack|[from] ability: Inner Focus|[of] p2b: Alakazam\n|turn|1\n|inactive|Battle timer is ON: inactive players will automatically lose when time's up. (requested by banran)\n|\n|t:|1776175726\n|move|p1a: Incineroar|Fake Out|p2a: Floette\n|-immune|p2a: Floette\n|move|p2b: Alakazam|Speed Swap|p1b: Farigiraf\n|-activate|p2b: Alakazam|move: Speed Swap|[of] p1b: Farigiraf\n|move|p2a: Floette|Nasty Plot|p2a: Floette\n|-boost|p2a: Floette|spa|2\n|move|p1b: Farigiraf|Trick Room|p1b: Farigiraf\n|-fieldstart|move: Trick Room|[of] p1b: Farigiraf\n|\n|upkeep\n|turn|2\n|inactive|banran has 30 seconds left.\n|inactive|KopeensHobbyShop has 30 seconds left.\n|\n|t:|1776175755\n|move|p2a: Floette|Protect|p2a: Floette\n|-singleturn|p2a: Floette|Protect\n|move|p1a: Incineroar|Throat Chop|p2b: Alakazam\n|-supereffective|p2b: Alakazam|1\n|-enditem|p2b: Alakazam|Focus Sash\n|-damage|p2b: Alakazam|1/100\n|-start|p2b: Alakazam|Throat Chop|[silent]\n|move|p2b: Alakazam|Reflect|p2b: Alakazam\n|-sidestart|p2: KopeensHobbyShop|Reflect\n|move|p1b: Farigiraf|Hyper Voice|p2a: Floette|[spread] p2b\n|-activate|p2a: Floette|move: Protect\n|-damage|p2b: Alakazam|0 fnt\n|faint|p2b: Alakazam\n|\n|upkeep\n|\n|t:|1776175770\n|switch|p2b: Floette|Floette-Eternal, L50, F|100/100\n|turn|3\n|\n|t:|1776175788\n|detailschange|p2b: Floette|Floette-Mega, L50, F\n|-mega|p2b: Floette|Floette|Floettite\n|-ability|p2b: Floette|Fairy Aura\n|move|p2b: Floette|Protect|p2b: Floette\n|-singleturn|p2b: Floette|Protect\n|move|p1a: Incineroar|Throat Chop|p2b: Floette\n|-activate|p2b: Floette|move: Protect\n|move|p2a: Floette|Hyper Voice|p1b: Farigiraf|[spread] p1a,p1b\n|-damage|p1a: Incineroar|29/100\n|-damage|p1b: Farigiraf|45/100\n|move|p1b: Farigiraf|Hyper Voice|p2a: Floette|[spread] \n|-activate|p2b: Floette|move: Protect\n|-immune|p2a: Floette\n|\n|-heal|p1b: Farigiraf|51/100|[from] item: Leftovers\n|upkeep\n|turn|4\n|inactive|banran has 30 seconds left.\n|\n|t:|1776175820\n|move|p2a: Floette|Protect|p2a: Floette\n|-singleturn|p2a: Floette|Protect\n|move|p1a: Incineroar|Throat Chop|p2a: Floette\n|-activate|p2a: Floette|move: Protect\n|move|p2b: Floette|Dazzling Gleam|p1b: Farigiraf|[spread] p1a,p1b\n|-damage|p1a: Incineroar|0 fnt\n|-damage|p1b: Farigiraf|12/100\n|faint|p1a: Incineroar\n|move|p1b: Farigiraf|Psychic|p2b: Floette\n|-crit|p2b: Floette\n|-damage|p2b: Floette|62/100\n|\n|-heal|p1b: Farigiraf|18/100|[from] item: Leftovers\n|upkeep\n|\n|t:|1776175832\n|switch|p1a: Crabominable|Crabominable, L50, M|100/100\n|turn|5\n|inactive|KopeensHobbyShop has 30 seconds left.\n|\n|t:|1776175858\n|detailschange|p1a: Crabominable|Crabominable-Mega, L50, M\n|-mega|p1a: Crabominable|Crabominable|Crabominite\n|move|p2a: Floette|Protect||[still]\n|-fail|p2a: Floette\n|move|p1a: Crabominable|Ice Hammer|p2a: Floette|[miss]\n|-miss|p1a: Crabominable|p2a: Floette\n|move|p2b: Floette|Draining Kiss|p1a: Crabominable\n|-supereffective|p1a: Crabominable|1\n|-damage|p1a: Crabominable|29/100\n|-heal|p2b: Floette|100/100|[from] drain|[of] p1a: Crabominable\n|move|p1b: Farigiraf|Psychic|p2b: Floette\n|-damage|p2b: Floette|78/100\n|\n|-heal|p1b: Farigiraf|24/100|[from] item: Leftovers\n|-fieldend|move: Trick Room\n|upkeep\n|turn|6\n|inactive|banran has 30 seconds left.\n|\n|t:|1776175888\n|move|p1a: Crabominable|Protect|p1a: Crabominable\n|-singleturn|p1a: Crabominable|Protect\n|move|p2a: Floette|Shadow Ball|p1a: Crabominable\n|-activate|p1a: Crabominable|move: Protect\n|move|p2b: Floette|Draining Kiss|p1b: Farigiraf\n|-damage|p1b: Farigiraf|0 fnt\n|-heal|p2b: Floette|100/100|[from] drain|[of] p1b: Farigiraf\n|faint|p1b: Farigiraf\n|\n|-sideend|p2: KopeensHobbyShop|Reflect\n|upkeep\n|\n|t:|1776175899\n|switch|p1b: Kingambit|Kingambit, L50, M|100/100\n|turn|7\n|\n|t:|1776175913\n|move|p2a: Floette|Protect|p2a: Floette\n|-singleturn|p2a: Floette|Protect\n|move|p1b: Kingambit|Sucker Punch||[still]\n|-fail|p1b: Kingambit\n|move|p2b: Floette|Dazzling Gleam|p1a: Crabominable|[spread] p1a,p1b\n|-supereffective|p1a: Crabominable|1\n|-damage|p1a: Crabominable|0 fnt\n|-damage|p1b: Kingambit|53/100\n|faint|p1a: Crabominable\n|\n|upkeep\n|turn|8\n|-message|banran forfeited.\n|\n|win|KopeensHobbyShop\n|raw|banran's rating: 1192 &rarr; <strong>1174</strong><br />(-18 for losing)\n|raw|KopeensHobbyShop's rating: 1299 &rarr; <strong>1317</strong><br />(+18 for winning)\n|l|\u2606banran\n|player|p1|\n",
  "uploadtime": 1776175929,
  "views": 18,
  "formatid": "gen9championsvgc2026regma",
  "rating": 1174,
  "private": 0,
  "password": null
}