{
  "id": "gen9championsvgc2026regma-2583981147",
  "format": "[Gen 9 Champions] VGC 2026 Reg M-A",
  "players": [
    "craudus",
    "ragito42"
  ],
  "log": "|j|\u2606craudus\n|j|\u2606ragito42\n|t:|1776213880\n|gametype|doubles\n|player|p1|craudus|ninjaboy|1156\n|player|p2|ragito42|169|1086\n|gen|9\n|tier|[Gen 9 Champions] VGC 2026 Reg M-A\n|rated|\n|rule|Species Clause: Limit one of each Pok\u00e9mon\n|rule|Item Clause: Limit 1 of each item\n|clearpoke\n|poke|p1|Froslass, L50, F|\n|poke|p1|Aerodactyl, L50, M|\n|poke|p1|Incineroar, L50, F|\n|poke|p1|Kingambit, L50, M|\n|poke|p1|Sneasler, L50, M|\n|poke|p1|Araquanid, L50, F|\n|poke|p2|Aggron, L50, F|\n|poke|p2|Sinistcha-Masterpiece, L50|\n|poke|p2|Incineroar, L50, M|\n|poke|p2|Basculegion, L50, M|\n|poke|p2|Rotom-Wash, L50|\n|poke|p2|Zoroark-Hisui, L50, F|\n|teampreview|4\n|\n|t:|1776213942\n|teamsize|p1|4\n|teamsize|p2|4\n|start\n|switch|p1a: Kingambit|Kingambit, L50, M|100/100\n|switch|p1b: Incineroar|Incineroar, L50, F|100/100\n|switch|p2a: Aggron|Aggron, L50, F|100/100\n|switch|p2b: Incineroar|Incineroar, L50, M|100/100\n|-ability|p1b: Incineroar|Intimidate|boost\n|-unboost|p2a: Aggron|atk|1\n|-unboost|p2b: Incineroar|atk|1\n|-ability|p2b: Incineroar|Intimidate|boost\n|-unboost|p1a: Kingambit|atk|1\n|-ability|p1a: Kingambit|Defiant|boost\n|-boost|p1a: Kingambit|atk|2\n|-unboost|p1b: Incineroar|atk|1\n|turn|1\n|inactive|Battle timer is ON: inactive players will automatically lose when time's up. (requested by craudus)\n|\n|t:|1776213959\n|move|p1a: Kingambit|Protect|p1a: Kingambit\n|-singleturn|p1a: Kingambit|Protect\n|move|p1b: Incineroar|Fake Out|p2a: Aggron\n|-immune|p2a: Aggron\n|move|p2b: Incineroar|Fake Out|p1b: Incineroar\n|-damage|p1b: Incineroar|92/100\n|move|p2a: Aggron|Calm Mind|p2a: Aggron\n|-boost|p2a: Aggron|spa|1\n|-boost|p2a: Aggron|spd|1\n|\n|upkeep\n|turn|2\n|c|\u2606ragito42|i swear he learns that\n|inactive|craudus has 30 seconds left.\n|inactive|ragito42 has 30 seconds left.\n|\n|t:|1776213991\n|move|p2a: Aggron|Flamethrower|p1a: Kingambit\n|-supereffective|p1a: Kingambit|1\n|-damage|p1a: Kingambit|14/100\n|move|p1b: Incineroar|Parting Shot|p2a: Aggron\n|-unboost|p2a: Aggron|atk|1\n|-unboost|p2a: Aggron|spa|1\n|\n|t:|1776213998\n|switch|p1b: Sneasler|Sneasler, L50, M|100/100|[from] Parting Shot\n|move|p2b: Incineroar|Flare Blitz|p1a: Kingambit\n|-supereffective|p1a: Kingambit|1\n|-damage|p1a: Kingambit|0 fnt\n|faint|p1a: Kingambit\n|-damage|p2b: Incineroar|96/100|[from] Recoil\n|\n|upkeep\n|\n|t:|1776214008\n|switch|p1a: Incineroar|Incineroar, L50, F|92/100\n|-ability|p1a: Incineroar|Intimidate|boost\n|-unboost|p2a: Aggron|atk|1\n|-unboost|p2b: Incineroar|atk|1\n|turn|3\n|\n|t:|1776214033\n|move|p2b: Incineroar|Protect|p2b: Incineroar\n|-singleturn|p2b: Incineroar|Protect\n|move|p1a: Incineroar|Fake Out|p2b: Incineroar\n|-activate|p2b: Incineroar|move: Protect\n|move|p1b: Sneasler|Close Combat|p2a: Aggron\n|-immune|p2a: Aggron\n|move|p2a: Aggron|Shadow Ball|p1b: Sneasler\n|-damage|p1b: Sneasler|48/100\n|\n|upkeep\n|turn|4\n|inactive|craudus has 30 seconds left.\n|inactive|ragito42 has 30 seconds left.\n|inactive|craudus has 20 seconds left.\n|\n|t:|1776214070\n|switch|p2b: Sinistcha|Sinistcha-Masterpiece, L50|100/100\n|move|p1b: Sneasler|Protect|p1b: Sneasler\n|-singleturn|p1b: Sneasler|Protect\n|move|p2a: Aggron|Shadow Ball|p1b: Sneasler\n|-activate|p1b: Sneasler|move: Protect\n|move|p1a: Incineroar|Parting Shot|p2a: Aggron\n|-unboost|p2a: Aggron|atk|1\n|-unboost|p2a: Aggron|spa|1\n|\n|t:|1776214080\n|switch|p1a: Froslass|Froslass, L50, F|100/100|[from] Parting Shot\n|\n|upkeep\n|turn|5\n|\n|t:|1776214089\n|switch|p2a: Incineroar|Incineroar, L50, M|96/100\n|-ability|p2a: Incineroar|Intimidate|boost\n|-unboost|p1a: Froslass|atk|1\n|-unboost|p1b: Sneasler|atk|1\n|-enditem|p1b: Sneasler|White Herb\n|-clearnegativeboost|p1b: Sneasler|[silent]\n|detailschange|p1a: Froslass|Froslass-Mega, L50, F\n|-mega|p1a: Froslass|Froslass|Froslassite\n|-weather|Snowscape|[from] ability: Snow Warning|[of] p1a: Froslass\n|move|p1b: Sneasler|Dire Claw|p2b: Sinistcha\n|-damage|p2b: Sinistcha|73/100\n|-status|p2b: Sinistcha|psn\n|move|p1a: Froslass|Blizzard|p2b: Sinistcha|[spread] p2a,p2b\n|-resisted|p2a: Incineroar|1\n|-supereffective|p2b: Sinistcha|1\n|-damage|p2a: Incineroar|80/100\n|-damage|p2b: Sinistcha|0 fnt\n|faint|p2b: Sinistcha\n|\n|-weather|Snowscape|[upkeep]\n|upkeep\n|\n|t:|1776214108\n|switch|p2b: Aggron|Aggron, L50, F|100/100\n|turn|6\n|\n|t:|1776214124\n|move|p1b: Sneasler|Protect|p1b: Sneasler\n|-singleturn|p1b: Sneasler|Protect\n|move|p1a: Froslass|Aurora Veil|p1a: Froslass\n|-sidestart|p1: craudus|move: Aurora Veil\n|move|p2b: Aggron|Shadow Ball|p1a: Froslass\n|-supereffective|p1a: Froslass|1\n|-damage|p1a: Froslass|35/100\n|move|p2a: Incineroar|Flare Blitz|p1a: Froslass\n|-supereffective|p1a: Froslass|1\n|-damage|p1a: Froslass|0 fnt\n|faint|p1a: Froslass\n|-damage|p2a: Incineroar|71/100|[from] Recoil\n|\n|-weather|Snowscape|[upkeep]\n|upkeep\n|\n|t:|1776214135\n|switch|p1a: Incineroar|Incineroar, L50, F|92/100\n|-ability|p1a: Incineroar|Intimidate|boost\n|-unboost|p2a: Incineroar|atk|1\n|-unboost|p2b: Aggron|atk|1\n|turn|7\n|inactive|ragito42 has 30 seconds left.\n|\n|t:|1776214167\n|move|p1a: Incineroar|Fake Out|p2b: Aggron\n|-immune|p2b: Aggron\n|move|p1b: Sneasler|Close Combat|p2a: Incineroar\n|-supereffective|p2a: Incineroar|1\n|-damage|p2a: Incineroar|0 fnt\n|-unboost|p1b: Sneasler|def|1\n|-unboost|p1b: Sneasler|spd|1\n|faint|p2a: Incineroar\n|move|p2b: Aggron|Shadow Ball|p1b: Sneasler\n|-crit|p1b: Sneasler\n|-damage|p1b: Sneasler|0 fnt\n|faint|p1b: Sneasler\n|\n|-weather|Snowscape|[upkeep]\n|upkeep\n|c|\u2606ragito42|its zoroark\n|c|\u2606ragito42|weve done this like 4 times\n|\n|t:|1776214191\n|switch|p2a: Aggron|Aggron, L50, F|100/100\n|turn|8\n|c|\u2606ragito42|now wich is wich?\n|\n|t:|1776214212\n|detailschange|p2a: Aggron|Aggron-Mega, L50, F\n|-mega|p2a: Aggron|Aggron|Aggronite\n|move|p2b: Aggron|Calm Mind|p2b: Aggron\n|-boost|p2b: Aggron|spa|1\n|-boost|p2b: Aggron|spd|1\n|move|p1a: Incineroar|Darkest Lariat|p2b: Aggron\n|-supereffective|p2b: Aggron|1\n|-enditem|p2b: Aggron|Focus Sash\n|-damage|p2b: Aggron|1/100\n|replace|p2b: Zoroark|Zoroark-Hisui, L50, F, shiny\n|-end|p2b: Zoroark|Illusion\n|move|p2a: Aggron|Body Press|p1a: Incineroar\n|-supereffective|p1a: Incineroar|1\n|-damage|p1a: Incineroar|42/100\n|-enditem|p1a: Incineroar|Sitrus Berry|[eat]\n|-heal|p1a: Incineroar|67/100|[from] item: Sitrus Berry\n|\n|-weather|Snowscape|[upkeep]\n|upkeep\n|turn|9\n|c|\u2606ragito42|oh you found out\n|inactive|craudus has 30 seconds left.\n|\n|t:|1776214242\n|move|p2b: Zoroark|Shadow Ball|p1a: Incineroar\n|-resisted|p1a: Incineroar|1\n|-damage|p1a: Incineroar|50/100\n|move|p1a: Incineroar|Flare Blitz|p2a: Aggron\n|-supereffective|p2a: Aggron|1\n|-damage|p2a: Aggron|67/100\n|-damage|p1a: Incineroar|40/100|[from] Recoil\n|move|p2a: Aggron|Body Press|p1a: Incineroar\n|-supereffective|p1a: Incineroar|1\n|-damage|p1a: Incineroar|0 fnt\n|faint|p1a: Incineroar\n|\n|win|ragito42\n|raw|craudus's rating: 1156 &rarr; <strong>1126</strong><br />(-30 for losing)\n|raw|ragito42's rating: 1086 &rarr; <strong>1118</strong><br />(+32 for winning)\n|l|\u2606craudus\n|player|p1|\n|c|\u2606ragito42|ggs\n",
  "uploadtime": 1776214259,
  "views": 26,
  "formatid": "gen9championsvgc2026regma",
  "rating": 1118,
  "private": 0,
  "password": null
}