{
  "id": "gen9championsvgc2026regma-2581696011",
  "format": "[Gen 9 Champions] VGC 2026 Reg M-A",
  "players": [
    "hungrylemurs",
    "Azure Resolution"
  ],
  "log": "|j|\u2606hungrylemurs\n|j|\u2606Azure Resolution\n|t:|1776021406\n|gametype|doubles\n|player|p1|hungrylemurs|youngster-gen4dp|1276\n|player|p2|Azure Resolution|gentleman-gen4dp|1236\n|gen|9\n|tier|[Gen 9 Champions] VGC 2026 Reg M-A\n|rated|\n|rule|Species Clause: Limit one of each Pok\u00e9mon\n|rule|Item Clause: Limit 1 of each item\n|clearpoke\n|poke|p1|Delphox, L50, M|\n|poke|p1|Clefable, L50, F|\n|poke|p1|Garchomp, L50, F|\n|poke|p1|Talonflame, L50, M|\n|poke|p1|Sneasler, L50, F|\n|poke|p1|Kingambit, L50, M|\n|poke|p2|Altaria, L50, F|\n|poke|p2|Whimsicott, L50, M|\n|poke|p2|Gardevoir, L50, F|\n|poke|p2|Kingambit, L50, F|\n|poke|p2|Basculegion, L50, M|\n|poke|p2|Rotom-Heat, L50|\n|teampreview|4\n|\n|t:|1776021444\n|teamsize|p1|4\n|teamsize|p2|4\n|start\n|switch|p1a: Delphox|Delphox, L50, M|100/100\n|switch|p1b: Sneasler|Sneasler, L50, F|100/100\n|switch|p2a: Whimsicott|Whimsicott, L50, M|100/100\n|switch|p2b: Kingambit|Kingambit, L50, F|100/100\n|turn|1\n|\n|t:|1776021486\n|detailschange|p1a: Delphox|Delphox-Mega, L50, M\n|-mega|p1a: Delphox|Delphox|Delphoxite\n|move|p2a: Whimsicott|Tailwind|p2a: Whimsicott\n|-sidestart|p2: Azure Resolution|move: Tailwind\n|move|p2b: Kingambit|Sucker Punch||[still]\n|-fail|p2b: Kingambit\n|move|p1b: Sneasler|Close Combat|p2b: Kingambit\n|-supereffective|p2b: Kingambit|2\n|-damage|p2b: Kingambit|0 fnt\n|-unboost|p1b: Sneasler|def|1\n|-unboost|p1b: Sneasler|spd|1\n|faint|p2b: Kingambit\n|-enditem|p1b: Sneasler|White Herb\n|-clearnegativeboost|p1b: Sneasler|[silent]\n|move|p1a: Delphox|Substitute|p1a: Delphox\n|-start|p1a: Delphox|Substitute\n|-damage|p1a: Delphox|76/100\n|\n|upkeep\n|c|\u2606Azure Resolution|damn\n|c|\u2606Azure Resolution|nice read\n|\n|t:|1776021514\n|switch|p2b: Basculegion|Basculegion, L50, M|100/100\n|turn|2\n|\n|t:|1776021543\n|move|p2b: Basculegion|Psychic Fangs|p1b: Sneasler\n|-supereffective|p1b: Sneasler|2\n|-damage|p1b: Sneasler|0 fnt\n|faint|p1b: Sneasler\n|move|p2a: Whimsicott|Energy Ball|p1a: Delphox\n|-resisted|p1a: Delphox|1\n|-crit|p1a: Delphox\n|-activate|p1a: Delphox|move: Substitute|[damage]\n|move|p1a: Delphox|Psychic|p2b: Basculegion\n|-damage|p2b: Basculegion|37/100\n|-unboost|p2b: Basculegion|spd|1\n|\n|upkeep\n|\n|t:|1776021571\n|switch|p1b: Talonflame|Talonflame, L50, M|100/100\n|turn|3\n|\n|t:|1776021590\n|move|p2a: Whimsicott|Helping Hand|p2b: Basculegion\n|-singleturn|p2b: Basculegion|Helping Hand|[of] p2a: Whimsicott\n|move|p1b: Talonflame|Tailwind|p1b: Talonflame\n|-sidestart|p1: hungrylemurs|move: Tailwind\n|move|p2b: Basculegion|Psychic Fangs|p1b: Talonflame\n|-damage|p1b: Talonflame|31/100\n|move|p1a: Delphox|Psychic|p2b: Basculegion\n|-damage|p2b: Basculegion|0 fnt\n|faint|p2b: Basculegion\n|\n|upkeep\n|\n|t:|1776021600\n|switch|p2b: Gardevoir|Gardevoir, L50, F, shiny|100/100\n|-ability|p2b: Gardevoir|Gale Wings|Trace|[from] ability: Trace|[of] p1b: Talonflame\n|turn|4\n|\n|t:|1776021622\n|detailschange|p2b: Gardevoir|Gardevoir-Mega, L50, F, shiny\n|-mega|p2b: Gardevoir|Gardevoir|Gardevoirite\n|move|p2a: Whimsicott|Helping Hand|p2b: Gardevoir\n|-singleturn|p2b: Gardevoir|Helping Hand|[of] p2a: Whimsicott\n|move|p1b: Talonflame|Brave Bird|p2b: Gardevoir\n|-damage|p2b: Gardevoir|3/100\n|-damage|p1b: Talonflame|0 fnt|[from] Recoil\n|faint|p1b: Talonflame\n|move|p1a: Delphox|Psychic|p2b: Gardevoir\n|-resisted|p2b: Gardevoir|1\n|-damage|p2b: Gardevoir|0 fnt\n|faint|p2b: Gardevoir\n|\n|-sideend|p2: Azure Resolution|move: Tailwind\n|upkeep\n|\n|t:|1776021632\n|switch|p1b: Garchomp|Garchomp, L50, F|100/100\n|turn|5\n|c|\u2606Azure Resolution|ggwp\n|\n|t:|1776021653\n|move|p1a: Delphox|Flamethrower|p2a: Whimsicott\n|-supereffective|p2a: Whimsicott|1\n|-enditem|p2a: Whimsicott|Focus Sash\n|-damage|p2a: Whimsicott|1/100\n|move|p1b: Garchomp|Earthquake|p2a: Whimsicott|[spread] p2a\n|-immune|p1a: Delphox|[from] ability: Levitate\n|-resisted|p2a: Whimsicott|1\n|-damage|p2a: Whimsicott|0 fnt\n|faint|p2a: Whimsicott\n|\n|win|hungrylemurs\n|raw|hungrylemurs's rating: 1276 &rarr; <strong>1298</strong><br />(+22 for winning)\n|raw|Azure Resolution's rating: 1236 &rarr; <strong>1214</strong><br />(-22 for losing)\n|l|\u2606hungrylemurs\n|player|p1|\n",
  "uploadtime": 1776021667,
  "views": 37,
  "formatid": "gen9championsvgc2026regma",
  "rating": 1214,
  "private": 0,
  "password": null
}