{
  "id": "gen9championsvgc2026regma-2584699179",
  "format": "[Gen 9 Champions] VGC 2026 Reg M-A",
  "players": [
    "Arcato",
    "Dyquev"
  ],
  "log": "|j|\u2606Arcato\n|j|\u2606Dyquev\n|t:|1776277586\n|gametype|doubles\n|player|p1|Arcato|1|1152\n|player|p2|Dyquev|169|1086\n|gen|9\n|tier|[Gen 9 Champions] VGC 2026 Reg M-A\n|rated|\n|rule|Species Clause: Limit one of each Pok\u00e9mon\n|rule|Item Clause: Limit 1 of each item\n|clearpoke\n|poke|p1|Clawitzer, L50, M|\n|poke|p1|Farigiraf, L50, M|\n|poke|p1|Drampa, L50, F|\n|poke|p1|Incineroar, L50, M|\n|poke|p1|Aegislash, L50, M|\n|poke|p1|Lopunny, L50, F|\n|poke|p2|Charizard, L50, F|\n|poke|p2|Venusaur, L50, M|\n|poke|p2|Raichu, L50, F|\n|poke|p2|Pelipper, L50, M|\n|poke|p2|Basculegion, L50, M|\n|poke|p2|Archaludon, L50, M|\n|teampreview|4\n|c|\u2606Arcato|GLHF\n|\n|t:|1776277644\n|teamsize|p1|4\n|teamsize|p2|4\n|start\n|switch|p1a: Farigiraf|Farigiraf, L50, M|100/100\n|switch|p1b: Incineroar|Incineroar, L50, M|100/100\n|switch|p2a: Archaludon|Archaludon, L50, M|100/100\n|switch|p2b: Raichu|Raichu, L50, F|100/100\n|-ability|p1b: Incineroar|Intimidate|boost\n|-unboost|p2a: Archaludon|atk|1\n|-unboost|p2b: Raichu|atk|1\n|turn|1\n|\n|t:|1776277669\n|move|p2a: Archaludon|Dragon Pulse|p1a: Farigiraf\n|-damage|p1a: Farigiraf|49/100\n|-enditem|p1a: Farigiraf|Sitrus Berry|[eat]\n|-heal|p1a: Farigiraf|73/100|[from] item: Sitrus Berry\n|move|p2b: Raichu|Volt Switch|p1a: Farigiraf\n|-damage|p1a: Farigiraf|41/100\n|\n|t:|1776277676\n|switch|p2b: Charizard|Charizard, L50, F|100/100|[from] Volt Switch\n|move|p1b: Incineroar|Parting Shot|p2a: Archaludon\n|-unboost|p2a: Archaludon|atk|1\n|-unboost|p2a: Archaludon|spa|1\n|\n|t:|1776277679\n|switch|p1b: Drampa|Drampa, L50, F|100/100|[from] Parting Shot\n|move|p1a: Farigiraf|Trick Room|p1a: Farigiraf\n|-fieldstart|move: Trick Room|[of] p1a: Farigiraf\n|\n|upkeep\n|turn|2\n|\n|t:|1776277708\n|switch|p2a: Venusaur|Venusaur, L50, M|100/100\n|detailschange|p1b: Drampa|Drampa-Mega, L50, F\n|-mega|p1b: Drampa|Drampa|Drampanite\n|move|p1b: Drampa|Calm Mind|p1b: Drampa\n|-boost|p1b: Drampa|spa|1\n|-boost|p1b: Drampa|spd|1\n|move|p1a: Farigiraf|Hyper Voice|p2a: Venusaur|[spread] p2a,p2b\n|-damage|p2a: Venusaur|73/100\n|-damage|p2b: Charizard|63/100\n|move|p2b: Charizard|Air Slash|p1a: Farigiraf\n|-damage|p1a: Farigiraf|2/100\n|\n|-heal|p2b: Charizard|69/100|[from] item: Leftovers\n|upkeep\n|turn|3\n|\n|t:|1776277746\n|detailschange|p2a: Venusaur|Venusaur-Mega, L50, M\n|-mega|p2a: Venusaur|Venusaur|Venusaurite\n|move|p2a: Venusaur|Protect|p2a: Venusaur\n|-singleturn|p2a: Venusaur|Protect\n|move|p1b: Drampa|Hyper Voice|p2a: Venusaur|[spread] p2b\n|-activate|p2a: Venusaur|move: Protect\n|-damage|p2b: Charizard|0 fnt\n|faint|p2b: Charizard\n|move|p1a: Farigiraf|Psychic|p2a: Venusaur\n|-activate|p2a: Venusaur|move: Protect\n|\n|upkeep\n|\n|t:|1776277759\n|switch|p2b: Archaludon|Archaludon, L50, M|100/100\n|turn|4\n|\n|t:|1776277770\n|move|p1b: Drampa|Draco Meteor|p2b: Archaludon\n|-damage|p2b: Archaludon|0 fnt\n|-unboost|p1b: Drampa|spa|2\n|faint|p2b: Archaludon\n|move|p1a: Farigiraf|Psychic|p2a: Venusaur\n|-supereffective|p2a: Venusaur|1\n|-damage|p2a: Venusaur|5/100\n|move|p2a: Venusaur|Sludge Bomb|p1b: Drampa\n|-damage|p1b: Drampa|78/100\n|-status|p1b: Drampa|psn\n|\n|-damage|p1b: Drampa|65/100 psn|[from] psn\n|upkeep\n|\n|t:|1776277780\n|switch|p2b: Raichu|Raichu, L50, F|100/100\n|turn|5\n|-message|Dyquev forfeited.\n|\n|win|Arcato\n|raw|Arcato's rating: 1152 &rarr; <strong>1172</strong><br />(+20 for winning)\n|raw|Dyquev's rating: 1086 &rarr; <strong>1067</strong><br />(-19 for losing)\n|l|\u2606Dyquev\n|player|p2|\n",
  "uploadtime": 1776277786,
  "views": 15,
  "formatid": "gen9championsvgc2026regma",
  "rating": 1067,
  "private": 0,
  "password": null
}