{
  "id": "gen9championsvgc2026regma-2587133355",
  "format": "[Gen 9 Champions] VGC 2026 Reg M-A",
  "players": [
    "bruhgokusolo",
    "Wo0oorthy"
  ],
  "log": "|j|\u2606bruhgokusolo\n|j|\u2606Wo0oorthy\n|t:|1776498208\n|gametype|doubles\n|player|p1|bruhgokusolo|101|1277\n|player|p2|Wo0oorthy|dawn-gen4pt|1344\n|gen|9\n|tier|[Gen 9 Champions] VGC 2026 Reg M-A\n|rated|\n|rule|Species Clause: Limit one of each Pok\u00e9mon\n|rule|Item Clause: Limit 1 of each item\n|clearpoke\n|poke|p1|Floette-Eternal, L50, F|\n|poke|p1|Sinistcha, L50|\n|poke|p1|Basculegion, L50, M, shiny|\n|poke|p1|Aerodactyl, L50, M|\n|poke|p1|Garchomp, L50, F|\n|poke|p1|Rotom-Wash, L50|\n|poke|p2|Aegislash, L50, M|\n|poke|p2|Milotic, L50, F|\n|poke|p2|Venusaur, L50, F|\n|poke|p2|Ceruledge, L50, F|\n|poke|p2|Hydreigon, L50, M|\n|poke|p2|Lycanroc-Dusk, L50, F|\n|teampreview|4\n|\n|t:|1776498240\n|teamsize|p1|4\n|teamsize|p2|4\n|start\n|switch|p1a: C\u00e1 m\u1eadp b\u00e9o|Garchomp, L50, F|100/100\n|switch|p1b: m\u00e1y gi\u1eb7t|Rotom-Wash, L50|100/100\n|switch|p2a: Venusaur|Venusaur, L50, F|100/100\n|switch|p2b: Aegislash|Aegislash, L50, M|100/100\n|turn|1\n|\n|t:|1776498265\n|switch|p2b: Hydreigon|Hydreigon, L50, M|100/100\n|detailschange|p2a: Venusaur|Venusaur-Mega, L50, F\n|-mega|p2a: Venusaur|Venusaur|Venusaurite\n|move|p1a: C\u00e1 m\u1eadp b\u00e9o|Earthquake|p2a: Venusaur|[spread] p2a\n|-immune|p1b: m\u00e1y gi\u1eb7t|[from] ability: Levitate\n|-immune|p2b: Hydreigon|[from] ability: Levitate\n|-damage|p2a: Venusaur|71/100\n|move|p1b: m\u00e1y gi\u1eb7t|Eerie Impulse|p2a: Venusaur\n|-unboost|p2a: Venusaur|spa|2\n|move|p2a: Venusaur|Leech Seed|p1a: C\u00e1 m\u1eadp b\u00e9o|[miss]\n|-miss|p2a: Venusaur|p1a: C\u00e1 m\u1eadp b\u00e9o\n|\n|upkeep\n|turn|2\n|\n|t:|1776498289\n|move|p1a: C\u00e1 m\u1eadp b\u00e9o|Dragon Claw|p2b: Hydreigon\n|-supereffective|p2b: Hydreigon|1\n|-enditem|p2b: Hydreigon|Haban Berry|[eat]\n|-enditem|p2b: Hydreigon|Haban Berry|[weaken]\n|-damage|p2b: Hydreigon|53/100\n|move|p2b: Hydreigon|Tailwind|p2b: Hydreigon\n|-sidestart|p2: Wo0oorthy|move: Tailwind\n|move|p2a: Venusaur|Leech Seed|p1a: C\u00e1 m\u1eadp b\u00e9o\n|-start|p1a: C\u00e1 m\u1eadp b\u00e9o|move: Leech Seed\n|move|p1b: m\u00e1y gi\u1eb7t|Will-O-Wisp|p2a: Venusaur|[miss]\n|-miss|p1b: m\u00e1y gi\u1eb7t|p2a: Venusaur\n|\n|-damage|p1a: C\u00e1 m\u1eadp b\u00e9o|88/100|[from] Leech Seed|[of] p2a: Venusaur\n|-heal|p2a: Venusaur|83/100|[silent]\n|upkeep\n|turn|3\n|\n|t:|1776498312\n|move|p2b: Hydreigon|Dark Pulse|p1a: C\u00e1 m\u1eadp b\u00e9o\n|-damage|p1a: C\u00e1 m\u1eadp b\u00e9o|47/100\n|move|p2a: Venusaur|Leech Seed|p1b: m\u00e1y gi\u1eb7t\n|-start|p1b: m\u00e1y gi\u1eb7t|move: Leech Seed\n|cant|p1a: C\u00e1 m\u1eadp b\u00e9o|flinch\n|move|p1b: m\u00e1y gi\u1eb7t|Will-O-Wisp|p2a: Venusaur\n|-status|p2a: Venusaur|brn\n|\n|-damage|p1a: C\u00e1 m\u1eadp b\u00e9o|35/100|[from] Leech Seed|[of] p2a: Venusaur\n|-heal|p2a: Venusaur|96/100 brn|[silent]\n|-damage|p1b: m\u00e1y gi\u1eb7t|88/100|[from] Leech Seed|[of] p2a: Venusaur\n|-heal|p2a: Venusaur|100/100 brn|[silent]\n|-damage|p2a: Venusaur|95/100 brn|[from] brn\n|upkeep\n|turn|4\n|\n|t:|1776498339\n|switch|p2a: Aegislash|Aegislash, L50, M|100/100\n|move|p2b: Hydreigon|Dark Pulse|p1a: C\u00e1 m\u1eadp b\u00e9o\n|-damage|p1a: C\u00e1 m\u1eadp b\u00e9o|0 fnt\n|faint|p1a: C\u00e1 m\u1eadp b\u00e9o\n|move|p1b: m\u00e1y gi\u1eb7t|Volt Switch|p2b: Hydreigon\n|-resisted|p2b: Hydreigon|1\n|-damage|p2b: Hydreigon|39/100\n|\n|t:|1776498350\n|switch|p1b: Hoa|Floette-Eternal, L50, F|100/100|[from] Volt Switch\n|\n|upkeep\n|\n|t:|1776498352\n|switch|p1a: m\u00e1y gi\u1eb7t|Rotom-Wash, L50|88/100\n|turn|5\n|\n|t:|1776498380\n|detailschange|p1b: Hoa|Floette-Mega, L50, F\n|-mega|p1b: Hoa|Floette|Floettite\n|-ability|p1b: Hoa|Fairy Aura\n|move|p1b: Hoa|Protect|p1b: Hoa\n|-singleturn|p1b: Hoa|Protect\n|move|p2b: Hydreigon|Dark Pulse|p1a: m\u00e1y gi\u1eb7t\n|-damage|p1a: m\u00e1y gi\u1eb7t|49/100\n|-formechange|p2a: Aegislash|Aegislash-Blade|\n|move|p2a: Aegislash|Iron Head|p1b: Hoa\n|-activate|p1b: Hoa|move: Protect\n|cant|p1a: m\u00e1y gi\u1eb7t|flinch\n|\n|-heal|p1a: m\u00e1y gi\u1eb7t|55/100|[from] item: Leftovers\n|-sideend|p2: Wo0oorthy|move: Tailwind\n|upkeep\n|turn|6\n|\n|t:|1776498401\n|switch|p2b: Venusaur|Venusaur-Mega, L50, F|95/100 brn\n|-formechange|p2a: Aegislash|Aegislash|\n|move|p2a: Aegislash|King's Shield|p2a: Aegislash\n|-singleturn|p2a: Aegislash|Protect\n|move|p1b: Hoa|Dazzling Gleam|p2b: Venusaur|[spread] p2b\n|-activate|p2a: Aegislash|move: Protect\n|-resisted|p2b: Venusaur|1\n|-damage|p2b: Venusaur|76/100 brn\n|move|p1a: m\u00e1y gi\u1eb7t|Will-O-Wisp|p2a: Aegislash\n|-status|p2a: Aegislash|brn\n|\n|-heal|p1a: m\u00e1y gi\u1eb7t|60/100|[from] item: Leftovers\n|-damage|p2b: Venusaur|71/100 brn|[from] brn\n|-damage|p2a: Aegislash|95/100 brn|[from] brn\n|upkeep\n|turn|7\n|\n|t:|1776498430\n|move|p1b: Hoa|Light of Ruin|p2b: Venusaur\n|-resisted|p2b: Venusaur|1\n|-damage|p2b: Venusaur|26/100 brn\n|-damage|p1b: Hoa|73/100|[from] Recoil\n|move|p1a: m\u00e1y gi\u1eb7t|Electroweb|p2b: Venusaur|[spread] p2a,p2b\n|-resisted|p2b: Venusaur|1\n|-damage|p2a: Aegislash|83/100 brn\n|-damage|p2b: Venusaur|21/100 brn\n|-unboost|p2a: Aegislash|spe|1\n|-unboost|p2b: Venusaur|spe|1\n|move|p2b: Venusaur|Sludge Bomb|p1b: Hoa\n|-supereffective|p1b: Hoa|1\n|-damage|p1b: Hoa|4/100\n|-formechange|p2a: Aegislash|Aegislash-Blade|\n|move|p2a: Aegislash|Iron Head|p1b: Hoa\n|-supereffective|p1b: Hoa|1\n|-damage|p1b: Hoa|0 fnt\n|faint|p1b: Hoa\n|\n|-heal|p1a: m\u00e1y gi\u1eb7t|66/100|[from] item: Leftovers\n|-damage|p2b: Venusaur|15/100 brn|[from] brn\n|-damage|p2a: Aegislash|77/100 brn|[from] brn\n|upkeep\n|\n|t:|1776498435\n|switch|p1b: C\u00e1 ch\u00e9p r\u00e1n|Basculegion, L50, M, shiny|100/100\n|turn|8\n|\n|t:|1776498454\n|move|p1b: C\u00e1 ch\u00e9p r\u00e1n|Last Respects|p2b: Venusaur\n|-damage|p2b: Venusaur|0 fnt\n|faint|p2b: Venusaur\n|move|p1a: m\u00e1y gi\u1eb7t|Volt Switch|p2a: Aegislash\n|-damage|p2a: Aegislash|34/100 brn\n|move|p2a: Aegislash|Shadow Claw|p1b: C\u00e1 ch\u00e9p r\u00e1n\n|-supereffective|p1b: C\u00e1 ch\u00e9p r\u00e1n|1\n|-damage|p1b: C\u00e1 ch\u00e9p r\u00e1n|50/100\n|\n|-heal|p1a: m\u00e1y gi\u1eb7t|72/100|[from] item: Leftovers\n|-damage|p2a: Aegislash|28/100 brn|[from] brn\n|upkeep\n|\n|t:|1776498467\n|switch|p2b: Hydreigon|Hydreigon, L50, M|39/100\n|turn|9\n|\n|t:|1776498473\n|move|p1b: C\u00e1 ch\u00e9p r\u00e1n|Last Respects|p2b: Hydreigon\n|-resisted|p2b: Hydreigon|1\n|-damage|p2b: Hydreigon|0 fnt\n|faint|p2b: Hydreigon\n|move|p1a: m\u00e1y gi\u1eb7t|Volt Switch|p2a: Aegislash\n|-damage|p2a: Aegislash|0 fnt\n|faint|p2a: Aegislash\n|\n|-heal|p1a: m\u00e1y gi\u1eb7t|77/100|[from] item: Leftovers\n|upkeep\n|\n|t:|1776498483\n|switch|p2b: Ceruledge|Ceruledge, L50, F|100/100\n|turn|10\n|\n|t:|1776498490\n|move|p1b: C\u00e1 ch\u00e9p r\u00e1n|Last Respects|p2b: Ceruledge\n|-supereffective|p2b: Ceruledge|1\n|-damage|p2b: Ceruledge|0 fnt\n|faint|p2b: Ceruledge\n|\n|win|bruhgokusolo\n|raw|bruhgokusolo's rating: 1277 &rarr; <strong>1307</strong><br />(+30 for winning)\n|raw|Wo0oorthy's rating: 1344 &rarr; <strong>1320</strong><br />(-24 for losing)\n|l|\u2606Wo0oorthy\n|player|p2|\n",
  "uploadtime": 1776498526,
  "views": 42,
  "formatid": "gen9championsvgc2026regma",
  "rating": 1307,
  "private": 0,
  "password": null
}