{
  "id": "gen9championsvgc2026regma-2585523208",
  "format": "[Gen 9 Champions] VGC 2026 Reg M-A",
  "players": [
    "Roxyclean",
    "who.vill"
  ],
  "log": "|j|\u2606Roxyclean\n|j|\u2606who.vill\n|t:|1776353208\n|gametype|doubles\n|player|p1|Roxyclean|baker|1113\n|player|p2|who.vill|steven|1067\n|gen|9\n|tier|[Gen 9 Champions] VGC 2026 Reg M-A\n|rated|\n|rule|Species Clause: Limit one of each Pok\u00e9mon\n|rule|Item Clause: Limit 1 of each item\n|clearpoke\n|poke|p1|Politoed, L50, M|\n|poke|p1|Archaludon, L50, F|\n|poke|p1|Dragonite, L50, F|\n|poke|p1|Sinistcha-Masterpiece, L50|\n|poke|p1|Starmie, L50|\n|poke|p1|Raichu, L50, M|\n|poke|p2|Archaludon, L50, M|\n|poke|p2|Pelipper, L50, M|\n|poke|p2|Tyranitar, L50, F|\n|poke|p2|Excadrill, L50, M|\n|poke|p2|Rotom-Wash, L50|\n|poke|p2|Garchomp, L50, F|\n|teampreview|4\n|\n|t:|1776353240\n|teamsize|p1|4\n|teamsize|p2|4\n|start\n|switch|p1a: Politoed|Politoed, L50, M|100/100\n|switch|p1b: Sinistcha|Sinistcha-Masterpiece, L50|100/100\n|switch|p2a: Tyranitar|Tyranitar, L50, F|100/100\n|switch|p2b: Excadrill|Excadrill, L50, M|100/100\n|-weather|RainDance|[from] ability: Drizzle|[of] p1a: Politoed\n|-weather|Sandstorm|[from] ability: Sand Stream|[of] p2a: Tyranitar\n|turn|1\n|\n|t:|1776353267\n|switch|p1a: Raichu|Raichu, L50, M|100/100\n|detailschange|p2a: Tyranitar|Tyranitar-Mega, L50, F\n|-mega|p2a: Tyranitar|Tyranitar|Tyranitarite\n|move|p2a: Tyranitar|Protect|p2a: Tyranitar\n|-singleturn|p2a: Tyranitar|Protect\n|move|p2b: Excadrill|Earthquake|p1a: Raichu|[spread] p1a,p1b\n|-activate|p2a: Tyranitar|move: Protect\n|-supereffective|p1a: Raichu|1\n|-enditem|p1a: Raichu|Shuca Berry|[eat]\n|-enditem|p1a: Raichu|Shuca Berry|[weaken]\n|-resisted|p1b: Sinistcha|1\n|-damage|p1a: Raichu|0 fnt\n|-damage|p1b: Sinistcha|85/100\n|faint|p1a: Raichu\n|move|p1b: Sinistcha|Matcha Gotcha|p2b: Excadrill|[spread] p2b\n|-activate|p2a: Tyranitar|move: Protect\n|-damage|p2b: Excadrill|69/100\n|-heal|p1b: Sinistcha|100/100|[from] drain|[of] p2b: Excadrill\n|\n|-weather|Sandstorm|[upkeep]\n|-damage|p1b: Sinistcha|94/100|[from] Sandstorm\n|upkeep\n|\n|t:|1776353290\n|switch|p1a: Politoed|Politoed, L50, M|100/100\n|-weather|RainDance|[from] ability: Drizzle|[of] p1a: Politoed\n|turn|2\n|\n|t:|1776353302\n|switch|p2a: Rotom|Rotom-Wash, L50|100/100\n|move|p2b: Excadrill|Protect|p2b: Excadrill\n|-singleturn|p2b: Excadrill|Protect\n|move|p1a: Politoed|Weather Ball|p2a: Rotom\n|-resisted|p2a: Rotom|1\n|-damage|p2a: Rotom|69/100\n|move|p1b: Sinistcha|Matcha Gotcha|p2a: Rotom|[spread] \n|-activate|p2b: Excadrill|move: Protect\n|-miss|p1b: Sinistcha|p2a: Rotom\n|\n|-weather|RainDance|[upkeep]\n|upkeep\n|turn|3\n|\n|t:|1776353318\n|switch|p2b: Tyranitar|Tyranitar-Mega, L50, F|100/100\n|-weather|Sandstorm|[from] ability: Sand Stream|[of] p2b: Tyranitar\n|switch|p1a: Starmie|Starmie, L50|100/100\n|move|p2a: Rotom|Volt Switch|p1a: Starmie\n|-supereffective|p1a: Starmie|1\n|-damage|p1a: Starmie|0 fnt\n|faint|p1a: Starmie\n|\n|t:|1776353327\n|switch|p2a: Garchomp|Garchomp, L50, F|100/100|[from] Volt Switch\n|move|p1b: Sinistcha|Matcha Gotcha|p2a: Garchomp|[spread] p2a,p2b\n|-supereffective|p2b: Tyranitar|1\n|-damage|p2a: Garchomp|71/100\n|-heal|p1b: Sinistcha|100/100|[from] drain|[of] p2a: Garchomp\n|-damage|p2b: Tyranitar|80/100\n|-status|p2a: Garchomp|brn\n|\n|-weather|Sandstorm|[upkeep]\n|-damage|p1b: Sinistcha|94/100|[from] Sandstorm\n|-heal|p2a: Garchomp|77/100 brn|[from] item: Leftovers\n|-damage|p2a: Garchomp|71/100 brn|[from] brn\n|upkeep\n|\n|t:|1776353341\n|switch|p1a: Politoed|Politoed, L50, M|100/100\n|-weather|RainDance|[from] ability: Drizzle|[of] p1a: Politoed\n|turn|4\n|\n|t:|1776353352\n|switch|p2b: Rotom|Rotom-Wash, L50|69/100\n|move|p2a: Garchomp|Protect|p2a: Garchomp\n|-singleturn|p2a: Garchomp|Protect\n|move|p1a: Politoed|Weather Ball|p2a: Garchomp\n|-activate|p2a: Garchomp|move: Protect\n|move|p1b: Sinistcha|Strength Sap|p2b: Rotom\n|-unboost|p2b: Rotom|atk|1\n|-heal|p1b: Sinistcha|100/100\n|\n|-weather|RainDance|[upkeep]\n|-heal|p2a: Garchomp|77/100 brn|[from] item: Leftovers\n|-damage|p2a: Garchomp|71/100 brn|[from] brn\n|upkeep\n|turn|5\n|\n|t:|1776353369\n|move|p1a: Politoed|Helping Hand|p1b: Sinistcha\n|-singleturn|p1b: Sinistcha|Helping Hand|[of] p1a: Politoed\n|move|p2b: Rotom|Volt Switch|p1a: Politoed\n|-supereffective|p1a: Politoed|1\n|-damage|p1a: Politoed|60/100\n|\n|t:|1776353376\n|switch|p2b: Tyranitar|Tyranitar-Mega, L50, F|80/100|[from] Volt Switch\n|-weather|Sandstorm|[from] ability: Sand Stream|[of] p2b: Tyranitar\n|move|p2a: Garchomp|Rock Slide|p1b: Sinistcha|[spread] p1a,p1b\n|-damage|p1a: Politoed|49/100\n|-damage|p1b: Sinistcha|94/100\n|cant|p1b: Sinistcha|flinch\n|\n|-weather|Sandstorm|[upkeep]\n|-damage|p1a: Politoed|43/100|[from] Sandstorm\n|-damage|p1b: Sinistcha|88/100|[from] Sandstorm\n|-heal|p2a: Garchomp|77/100 brn|[from] item: Leftovers\n|-damage|p2a: Garchomp|71/100 brn|[from] brn\n|upkeep\n|turn|6\n|\n|t:|1776353398\n|move|p1a: Politoed|Helping Hand|p1b: Sinistcha\n|-singleturn|p1b: Sinistcha|Helping Hand|[of] p1a: Politoed\n|move|p2a: Garchomp|Dragon Claw|p1a: Politoed\n|-crit|p1a: Politoed\n|-damage|p1a: Politoed|10/100\n|move|p2b: Tyranitar|Knock Off|p1b: Sinistcha\n|-supereffective|p1b: Sinistcha|1\n|-damage|p1b: Sinistcha|6/100\n|-enditem|p1b: Sinistcha|Yache Berry|[from] move: Knock Off|[of] p2b: Tyranitar\n|move|p1b: Sinistcha|Matcha Gotcha|p2b: Tyranitar|[spread] p2a,p2b\n|-supereffective|p2b: Tyranitar|1\n|-damage|p2a: Garchomp|34/100 brn\n|-heal|p1b: Sinistcha|25/100|[from] drain|[of] p2a: Garchomp\n|-damage|p2b: Tyranitar|44/100\n|-heal|p1b: Sinistcha|45/100|[from] drain|[of] p2b: Tyranitar\n|\n|-weather|Sandstorm|[upkeep]\n|-damage|p1a: Politoed|4/100|[from] Sandstorm\n|-damage|p1b: Sinistcha|39/100|[from] Sandstorm\n|-heal|p2a: Garchomp|40/100 brn|[from] item: Leftovers\n|-damage|p2a: Garchomp|34/100 brn|[from] brn\n|upkeep\n|turn|7\n|\n|t:|1776353421\n|move|p1a: Politoed|Protect|p1a: Politoed\n|-singleturn|p1a: Politoed|Protect\n|move|p2b: Tyranitar|Protect|p2b: Tyranitar\n|-singleturn|p2b: Tyranitar|Protect\n|move|p2a: Garchomp|Dragon Claw|p1a: Politoed\n|-activate|p1a: Politoed|move: Protect\n|move|p1b: Sinistcha|Strength Sap|p2b: Tyranitar\n|-activate|p2b: Tyranitar|move: Protect\n|\n|-weather|Sandstorm|[upkeep]\n|-damage|p1a: Politoed|0 fnt|[from] Sandstorm\n|-damage|p1b: Sinistcha|33/100|[from] Sandstorm\n|faint|p1a: Politoed\n|-heal|p2a: Garchomp|40/100 brn|[from] item: Leftovers\n|-damage|p2a: Garchomp|34/100 brn|[from] brn\n|upkeep\n|turn|8\n|\n|t:|1776353430\n|move|p2a: Garchomp|Dragon Claw|p1b: Sinistcha\n|-damage|p1b: Sinistcha|20/100\n|move|p2b: Tyranitar|Knock Off|p1b: Sinistcha\n|-supereffective|p1b: Sinistcha|1\n|-damage|p1b: Sinistcha|0 fnt\n|faint|p1b: Sinistcha\n|\n|win|who.vill\n|raw|Roxyclean's rating: 1113 &rarr; <strong>1085</strong><br />(-28 for losing)\n|raw|who.vill's rating: 1067 &rarr; <strong>1101</strong><br />(+34 for winning)\n|c|\u2606who.vill|gg\n|l|\u2606Roxyclean\n|player|p1|\n",
  "uploadtime": 1776353437,
  "views": 24,
  "formatid": "gen9championsvgc2026regma",
  "rating": 1085,
  "private": 0,
  "password": null
}