{
  "id": "gen9championsvgc2026regma-2585420094",
  "format": "[Gen 9 Champions] VGC 2026 Reg M-A",
  "players": [
    "valerdo",
    "Shitmon Scientist"
  ],
  "log": "|j|\u2606valerdo\n|j|\u2606Shitmon Scientist\n|t:|1776346036\n|gametype|doubles\n|player|p1|valerdo|1|1153\n|player|p2|Shitmon Scientist|scientist-gen4dp|1064\n|gen|9\n|tier|[Gen 9 Champions] VGC 2026 Reg M-A\n|rated|\n|rule|Species Clause: Limit one of each Pok\u00e9mon\n|rule|Item Clause: Limit 1 of each item\n|clearpoke\n|poke|p1|Charizard, L50, F|\n|poke|p1|Incineroar, L50, F|\n|poke|p1|Kingambit, L50, M|\n|poke|p1|Venusaur, L50, F|\n|poke|p1|Aerodactyl, L50, M|\n|poke|p1|Basculegion, L50, M|\n|poke|p2|Venusaur, L50, M|\n|poke|p2|Glimmora, L50, F|\n|poke|p2|Maushold-Four, L50|\n|poke|p2|Sinistcha-Masterpiece, L50|\n|poke|p2|Vaporeon, L50, M|\n|poke|p2|Sylveon, L50, M|\n|teampreview|4\n|inactive|Battle timer is ON: inactive players will automatically lose when time's up. (requested by valerdo)\n|\n|t:|1776346080\n|teamsize|p1|4\n|teamsize|p2|4\n|start\n|switch|p1a: Incineroar|Incineroar, L50, F|100/100\n|switch|p1b: Kingambit|Kingambit, L50, M|100/100\n|switch|p2a: Venusaur|Venusaur, L50, M|100/100\n|switch|p2b: Vaporeon|Vaporeon, L50, M|100/100\n|-ability|p1a: Incineroar|Intimidate|boost\n|-unboost|p2a: Venusaur|atk|1\n|-unboost|p2b: Vaporeon|atk|1\n|turn|1\n|\n|t:|1776346103\n|switch|p1b: Venusaur|Venusaur, L50, F|100/100\n|detailschange|p2a: Venusaur|Venusaur-Mega, L50, M\n|-mega|p2a: Venusaur|Venusaur|Venusaurite\n|move|p2a: Venusaur|Protect|p2a: Venusaur\n|-singleturn|p2a: Venusaur|Protect\n|move|p2b: Vaporeon|Yawn|p1b: Venusaur\n|-start|p1b: Venusaur|move: Yawn|[of] p2b: Vaporeon\n|move|p1a: Incineroar|Parting Shot|p2b: Vaporeon\n|-unboost|p2b: Vaporeon|atk|1\n|-unboost|p2b: Vaporeon|spa|1\n|\n|t:|1776346120\n|switch|p1a: Kingambit|Kingambit, L50, M|100/100|[from] Parting Shot\n|\n|upkeep\n|turn|2\n|\n|t:|1776346140\n|switch|p1b: Basculegion|Basculegion, L50, M|100/100\n|switch|p2b: Sylveon|Sylveon, L50, M|100/100\n|move|p1a: Kingambit|Sucker Punch||[still]\n|-fail|p1a: Kingambit\n|move|p2a: Venusaur|Leech Seed|p1a: Kingambit\n|-start|p1a: Kingambit|move: Leech Seed\n|\n|-damage|p1a: Kingambit|88/100|[from] Leech Seed|[of] p2a: Venusaur\n|upkeep\n|turn|3\n|inactive|valerdo has 30 seconds left.\n|\n|t:|1776346170\n|switch|p1b: Incineroar|Incineroar, L50, F|100/100\n|-ability|p1b: Incineroar|Intimidate|boost\n|-unboost|p2a: Venusaur|atk|1\n|-unboost|p2b: Sylveon|atk|1\n|move|p2b: Sylveon|Detect|p2b: Sylveon\n|-singleturn|p2b: Sylveon|Protect\n|move|p2a: Venusaur|Leech Seed|p1b: Incineroar\n|-start|p1b: Incineroar|move: Leech Seed\n|move|p1a: Kingambit|Swords Dance|p1a: Kingambit\n|-boost|p1a: Kingambit|atk|2\n|\n|-damage|p1a: Kingambit|76/100|[from] Leech Seed|[of] p2a: Venusaur\n|-damage|p1b: Incineroar|88/100|[from] Leech Seed|[of] p2a: Venusaur\n|upkeep\n|turn|4\n|\n|t:|1776346192\n|move|p2a: Venusaur|Protect|p2a: Venusaur\n|-singleturn|p2a: Venusaur|Protect\n|move|p1a: Kingambit|Iron Head|p2b: Sylveon\n|-supereffective|p2b: Sylveon|1\n|-damage|p2b: Sylveon|0 fnt\n|faint|p2b: Sylveon\n|move|p1b: Incineroar|Parting Shot|p2a: Venusaur\n|-activate|p2a: Venusaur|move: Protect\n|\n|-damage|p1a: Kingambit|63/100|[from] Leech Seed|[of] p2a: Venusaur\n|-damage|p1b: Incineroar|76/100|[from] Leech Seed|[of] p2a: Venusaur\n|upkeep\n|\n|t:|1776346202\n|switch|p2b: Vaporeon|Vaporeon, L50, M|100/100\n|turn|5\n|\n|t:|1776346222\n|move|p2a: Venusaur|Protect|p2a: Venusaur\n|-singleturn|p2a: Venusaur|Protect\n|move|p2b: Vaporeon|Yawn|p1a: Kingambit\n|-start|p1a: Kingambit|move: Yawn|[of] p2b: Vaporeon\n|move|p1a: Kingambit|Iron Head|p2a: Venusaur\n|-activate|p2a: Venusaur|move: Protect\n|move|p1b: Incineroar|Parting Shot|p2b: Vaporeon\n|-unboost|p2b: Vaporeon|atk|1\n|-unboost|p2b: Vaporeon|spa|1\n|\n|t:|1776346233\n|switch|p1b: Venusaur|Venusaur, L50, F|100/100|[from] Parting Shot\n|\n|-damage|p1a: Kingambit|51/100|[from] Leech Seed|[of] p2a: Venusaur\n|upkeep\n|turn|6\n|\n|t:|1776346260\n|switch|p2a: Sinistcha|Sinistcha-Masterpiece, L50|100/100\n|switch|p1a: Basculegion|Basculegion, L50, M|100/100\n|move|p1b: Venusaur|Earth Power|p2a: Sinistcha\n|-resisted|p2a: Sinistcha|1\n|-damage|p2a: Sinistcha|88/100\n|move|p2b: Vaporeon|Yawn|p1b: Venusaur\n|-start|p1b: Venusaur|move: Yawn|[of] p2b: Vaporeon\n|\n|-heal|p2a: Sinistcha|94/100|[from] item: Leftovers\n|upkeep\n|turn|7\n|inactive|Shitmon Scientist has 30 seconds left.\n|\n|t:|1776346286\n|switch|p1b: Kingambit|Kingambit, L50, M|51/100\n|move|p1a: Basculegion|Ice Fang|p2a: Sinistcha\n|-supereffective|p2a: Sinistcha|1\n|-damage|p2a: Sinistcha|54/100\n|-status|p2a: Sinistcha|frz\n|-curestatus|p2a: Sinistcha|frz|[from] move: Matcha Gotcha\n|move|p2a: Sinistcha|Matcha Gotcha|p1b: Kingambit|[spread] p1a,p1b\n|-supereffective|p1a: Basculegion|1\n|-resisted|p1b: Kingambit|1\n|-damage|p1a: Basculegion|43/100\n|-heal|p2a: Sinistcha|86/100|[from] drain|[of] p1a: Basculegion\n|-damage|p1b: Kingambit|38/100\n|-heal|p2a: Sinistcha|93/100|[from] drain|[of] p1b: Kingambit\n|-status|p1a: Basculegion|brn\n|move|p2b: Vaporeon|Yawn||[still]\n|-fail|p2b: Vaporeon\n|\n|-heal|p2a: Sinistcha|99/100|[from] item: Leftovers\n|-damage|p1a: Basculegion|37/100 brn|[from] brn\n|upkeep\n|turn|8\n|inactive|valerdo has 30 seconds left.\n|inactive|valerdo has 20 seconds left.\n|\n|t:|1776346325\n|switch|p1a: Venusaur|Venusaur, L50, F|100/100\n|move|p2a: Sinistcha|Strength Sap|p1b: Kingambit\n|-unboost|p1b: Kingambit|atk|1\n|-ability|p1b: Kingambit|Defiant|boost\n|-boost|p1b: Kingambit|atk|2\n|-heal|p2a: Sinistcha|100/100\n|move|p2b: Vaporeon|Yawn|p1b: Kingambit\n|-start|p1b: Kingambit|move: Yawn|[of] p2b: Vaporeon\n|move|p1b: Kingambit|Iron Head|p2a: Sinistcha\n|-damage|p2a: Sinistcha|38/100\n|\n|-heal|p2a: Sinistcha|44/100|[from] item: Leftovers\n|upkeep\n|turn|9\n|inactive|valerdo has 30 seconds left.\n|inactive|Shitmon Scientist has 30 seconds left.\n|\n|t:|1776346358\n|switch|p2b: Venusaur|Venusaur-Mega, L50, M|100/100\n|move|p2a: Sinistcha|Matcha Gotcha|p1b: Kingambit|[spread] p1a,p1b\n|-resisted|p1a: Venusaur|2\n|-resisted|p1b: Kingambit|1\n|-damage|p1a: Venusaur|95/100\n|-heal|p2a: Sinistcha|47/100|[from] drain|[of] p1a: Venusaur\n|-damage|p1b: Kingambit|23/100\n|-heal|p2a: Sinistcha|54/100|[from] drain|[of] p1b: Kingambit\n|move|p1a: Venusaur|Sludge Bomb|p2a: Sinistcha\n|-damage|p2a: Sinistcha|15/100\n|move|p1b: Kingambit|Iron Head|p2b: Venusaur\n|-damage|p2b: Venusaur|47/100\n|\n|-heal|p2a: Sinistcha|21/100|[from] item: Leftovers\n|-heal|p1a: Venusaur|100/100|[from] item: Leftovers\n|-end|p1b: Kingambit|move: Yawn|[silent]\n|-status|p1b: Kingambit|slp\n|upkeep\n|turn|10\n|inactive|Shitmon Scientist has 30 seconds left.\n|inactive|Shitmon Scientist has 20 seconds left.\n|\n|t:|1776346396\n|cant|p1b: Kingambit|slp\n|move|p2b: Venusaur|Leech Seed|p1b: Kingambit|[miss]\n|-miss|p2b: Venusaur|p1b: Kingambit\n|move|p2a: Sinistcha|Life Dew|p2a: Sinistcha|[spread] p2a,p2b\n|-heal|p2a: Sinistcha|46/100\n|-heal|p2b: Venusaur|72/100\n|move|p1a: Venusaur|Earth Power|p2b: Venusaur\n|-damage|p2b: Venusaur|56/100\n|\n|-heal|p2a: Sinistcha|52/100|[from] item: Leftovers\n|upkeep\n|turn|11\n|inactive|valerdo has 30 seconds left.\n|\n|t:|1776346430\n|move|p2b: Venusaur|Giga Drain|p1b: Kingambit\n|-resisted|p1b: Kingambit|1\n|-damage|p1b: Kingambit|5/100 slp\n|-heal|p2b: Venusaur|65/100|[from] drain|[of] p1b: Kingambit\n|move|p2a: Sinistcha|Matcha Gotcha|p1b: Kingambit|[spread] p1a,p1b\n|-resisted|p1a: Venusaur|2\n|-resisted|p1b: Kingambit|1\n|-damage|p1a: Venusaur|95/100\n|-heal|p2a: Sinistcha|54/100|[from] drain|[of] p1a: Venusaur\n|-damage|p1b: Kingambit|0 fnt\n|-heal|p2a: Sinistcha|57/100|[from] drain|[of] p1b: Kingambit\n|faint|p1b: Kingambit\n|move|p1a: Venusaur|Earth Power|p2b: Venusaur\n|-damage|p2b: Venusaur|47/100\n|\n|-heal|p2a: Sinistcha|63/100|[from] item: Leftovers\n|-heal|p1a: Venusaur|100/100|[from] item: Leftovers\n|upkeep\n|\n|t:|1776346446\n|switch|p1b: Basculegion|Basculegion, L50, M|37/100 brn\n|turn|12\n|\n|t:|1776346469\n|move|p1b: Basculegion|Ice Fang|p2a: Sinistcha\n|-supereffective|p2a: Sinistcha|1\n|-damage|p2a: Sinistcha|41/100\n|move|p2b: Venusaur|Sludge Bomb|p1a: Venusaur\n|-damage|p1a: Venusaur|68/100\n|move|p2a: Sinistcha|Life Dew|p2a: Sinistcha|[spread] p2a,p2b\n|-heal|p2a: Sinistcha|66/100\n|-heal|p2b: Venusaur|72/100\n|move|p1a: Venusaur|Earth Power|p2a: Sinistcha\n|-resisted|p2a: Sinistcha|1\n|-damage|p2a: Sinistcha|54/100\n|\n|-heal|p2a: Sinistcha|61/100|[from] item: Leftovers\n|-heal|p1a: Venusaur|74/100|[from] item: Leftovers\n|-damage|p1b: Basculegion|30/100 brn|[from] brn\n|upkeep\n|turn|13\n|\n|t:|1776346491\n|move|p1b: Basculegion|Ice Fang|p2b: Venusaur\n|-supereffective|p2b: Venusaur|1\n|-damage|p2b: Venusaur|62/100\n|move|p2b: Venusaur|Sludge Bomb|p1a: Venusaur\n|-damage|p1a: Venusaur|43/100\n|move|p2a: Sinistcha|Matcha Gotcha|p1a: Venusaur|[spread] p1a,p1b\n|-resisted|p1a: Venusaur|2\n|-supereffective|p1b: Basculegion|1\n|-damage|p1a: Venusaur|38/100\n|-heal|p2a: Sinistcha|63/100|[from] drain|[of] p1a: Venusaur\n|-damage|p1b: Basculegion|0 fnt\n|-heal|p2a: Sinistcha|80/100|[from] drain|[of] p1b: Basculegion\n|faint|p1b: Basculegion\n|move|p1a: Venusaur|Sludge Bomb|p2a: Sinistcha\n|-damage|p2a: Sinistcha|41/100\n|\n|-heal|p2a: Sinistcha|47/100|[from] item: Leftovers\n|-heal|p1a: Venusaur|44/100|[from] item: Leftovers\n|upkeep\n|\n|t:|1776346508\n|switch|p1b: Incineroar|Incineroar, L50, F|76/100\n|-ability|p1b: Incineroar|Intimidate|boost\n|-unboost|p2a: Sinistcha|atk|1\n|-unboost|p2b: Venusaur|atk|1\n|turn|14\n|\n|t:|1776346520\n|move|p2b: Venusaur|Leech Seed|p1b: Incineroar\n|-start|p1b: Incineroar|move: Leech Seed\n|move|p2a: Sinistcha|Strength Sap|p1b: Incineroar\n|-unboost|p1b: Incineroar|atk|1\n|-heal|p2a: Sinistcha|100/100\n|move|p1a: Venusaur|Sludge Bomb|p2a: Sinistcha\n|-crit|p2a: Sinistcha\n|-damage|p2a: Sinistcha|44/100\n|move|p1b: Incineroar|Blaze Kick|p2b: Venusaur\n|-supereffective|p2b: Venusaur|1\n|-damage|p2b: Venusaur|45/100\n|\n|-heal|p2a: Sinistcha|50/100|[from] item: Leftovers\n|-heal|p1a: Venusaur|50/100|[from] item: Leftovers\n|-damage|p1b: Incineroar|63/100|[from] Leech Seed|[of] p2b: Venusaur\n|-heal|p2b: Venusaur|58/100|[silent]\n|upkeep\n|turn|15\n|-message|valerdo forfeited.\n|\n|win|Shitmon Scientist\n|raw|valerdo's rating: 1153 &rarr; <strong>1122</strong><br />(-31 for losing)\n|raw|Shitmon Scientist's rating: 1064 &rarr; <strong>1102</strong><br />(+38 for winning)\n|l|\u2606valerdo\n|player|p1|\n",
  "uploadtime": 1776346537,
  "views": 33,
  "formatid": "gen9championsvgc2026regma",
  "rating": 1102,
  "private": 0,
  "password": null
}