{
  "id": "gen9championsvgc2026regma-2581130758",
  "format": "[Gen 9 Champions] VGC 2026 Reg M-A",
  "players": [
    "VivillonHunter",
    "BK Sergio"
  ],
  "log": "|j|\u2606VivillonHunter\n|j|\u2606BK Sergio\n|t:|1775962824\n|gametype|doubles\n|player|p1|VivillonHunter|170|1073\n|player|p2|BK Sergio|birdkeeper-gen4dp|1043\n|gen|9\n|tier|[Gen 9 Champions] VGC 2026 Reg M-A\n|rated|\n|rule|Species Clause: Limit one of each Pok\u00e9mon\n|rule|Item Clause: Limit 1 of each item\n|clearpoke\n|poke|p1|Sylveon, L50, F|\n|poke|p1|Jolteon, L50, M|\n|poke|p1|Umbreon, L50, M|\n|poke|p1|Leafeon, L50, M|\n|poke|p1|Vaporeon, L50, M|\n|poke|p1|Starmie, L50|\n|poke|p2|Pikachu, L50, F|\n|poke|p2|Aerodactyl, L50, M|\n|poke|p2|Scizor, L50, M|\n|poke|p2|Whimsicott, L50, M|\n|poke|p2|Feraligatr, L50, F|\n|poke|p2|Incineroar, L50, M|\n|teampreview|4\nVivillonHunter has agreed to open team sheets.\n|c|\u2606VivillonHunter|gl!\n|c|\u2606BK Sergio|gl\n|c|\u2606BK Sergio|hf\n|inactive|Battle timer is ON: inactive players will automatically lose when time's up. (requested by VivillonHunter)\n|c|\u2606BK Sergio|nice eevees\n|c|\u2606VivillonHunter|ty\n|inactive|VivillonHunter has 60 seconds left.\n|inactive|BK Sergio has 60 seconds left.\n|\n|t:|1775962890\n|teamsize|p1|4\n|teamsize|p2|4\n|start\n|switch|p1a: Jolteon|Jolteon, L50, M|100/100\n|switch|p1b: Umbreon|Umbreon, L50, M|100/100\n|switch|p2a: Whimsicott|Whimsicott, L50, M|100/100\n|switch|p2b: Incineroar|Incineroar, L50, M|100/100\n|-ability|p2b: Incineroar|Intimidate|boost\n|-unboost|p1a: Jolteon|atk|1\n|-fail|p1b: Umbreon|unboost|Attack|[from] ability: Inner Focus|[of] p1b: Umbreon\n|turn|1\n|inactive|VivillonHunter has 30 seconds left.\n|\n|t:|1775962920\n|move|p2b: Incineroar|Fake Out|p1a: Jolteon\n|-damage|p1a: Jolteon|74/100\n|cant|p1a: Jolteon|flinch\n|move|p2a: Whimsicott|Moonblast|p1b: Umbreon\n|-supereffective|p1b: Umbreon|1\n|-crit|p1b: Umbreon\n|-damage|p1b: Umbreon|43/100\n|-enditem|p1b: Umbreon|Sitrus Berry|[eat]\n|-heal|p1b: Umbreon|68/100|[from] item: Sitrus Berry\n|move|p1b: Umbreon|Yawn|p2a: Whimsicott\n|-start|p2a: Whimsicott|move: Yawn|[of] p1b: Umbreon\n|\n|upkeep\n|turn|2\n|inactive|VivillonHunter has 30 seconds left.\n|inactive|BK Sergio has 30 seconds left.\n|\n|t:|1775962955\n|move|p2a: Whimsicott|Tailwind|p2a: Whimsicott\n|-sidestart|p2: BK Sergio|move: Tailwind\n|move|p2b: Incineroar|Flare Blitz|p1a: Jolteon\n|-damage|p1a: Jolteon|0 fnt\n|faint|p1a: Jolteon\n|-damage|p2b: Incineroar|81/100|[from] Recoil\n|move|p1b: Umbreon|Fake Tears|p2a: Whimsicott\n|-unboost|p2a: Whimsicott|spd|2\n|\n|-end|p2a: Whimsicott|move: Yawn|[silent]\n|-status|p2a: Whimsicott|slp\n|upkeep\n|\n|t:|1775962976\n|switch|p1a: Sylveon|Sylveon, L50, F|100/100\n|turn|3\n|\n|t:|1775962991\n|switch|p1b: Starmie|Starmie, L50|100/100\n|cant|p2a: Whimsicott|slp\n|move|p2b: Incineroar|Flare Blitz|p1a: Sylveon\n|-damage|p1a: Sylveon|17/100\n|-damage|p2b: Incineroar|48/100|[from] Recoil\n|-enditem|p2b: Incineroar|Sitrus Berry|[eat]\n|-heal|p2b: Incineroar|73/100|[from] item: Sitrus Berry\n|move|p1a: Sylveon|Calm Mind|p1a: Sylveon\n|-boost|p1a: Sylveon|spa|1\n|-boost|p1a: Sylveon|spd|1\n|\n|upkeep\n|turn|4\n|\n|t:|1775963013\n|detailschange|p1b: Starmie|Starmie-Mega, L50\n|-mega|p1b: Starmie|Starmie|Starminite\n|move|p1b: Starmie|Ally Switch|p1b: Starmie\n|swap|p1b: Starmie|0|[from] move: Ally Switch\n|-curestatus|p2a: Whimsicott|slp|[msg]\n|move|p2a: Whimsicott|Encore|p1a: Starmie\n|-start|p1a: Starmie|Encore\n|move|p2b: Incineroar|Darkest Lariat|p1b: Sylveon\n|-resisted|p1b: Sylveon|1\n|-damage|p1b: Sylveon|0 fnt\n|faint|p1b: Sylveon\n|\n|upkeep\n|c|\u2606VivillonHunter|oof\n|\n|t:|1775963031\n|switch|p1b: Umbreon|Umbreon, L50, M|68/100\n|turn|5\n|\n|t:|1775963045\n|move|p1a: Starmie|Ally Switch||[still]\n|-fail|p1a: Starmie\n|move|p2a: Whimsicott|Moonblast|p1a: Starmie\n|-damage|p1a: Starmie|50/100\n|move|p2b: Incineroar|Close Combat|p1a: Starmie\n|-resisted|p1a: Starmie|1\n|-damage|p1a: Starmie|25/100\n|-unboost|p2b: Incineroar|def|1\n|-unboost|p2b: Incineroar|spd|1\n|move|p1b: Umbreon|Snarl|p2b: Incineroar|[spread] p2a,p2b\n|-resisted|p2a: Whimsicott|1\n|-resisted|p2b: Incineroar|1\n|-damage|p2a: Whimsicott|85/100\n|-damage|p2b: Incineroar|65/100\n|-unboost|p2a: Whimsicott|spa|1\n|-unboost|p2b: Incineroar|spa|1\n|\n|-sideend|p2: BK Sergio|move: Tailwind\n|upkeep\n|turn|6\n|\n|t:|1775963069\n|move|p1a: Starmie|Ally Switch|p1a: Starmie\n|swap|p1a: Starmie|1|[from] move: Ally Switch\n|move|p2a: Whimsicott|Moonblast|p1a: Umbreon\n|-supereffective|p1a: Umbreon|1\n|-damage|p1a: Umbreon|41/100\n|move|p2b: Incineroar|Close Combat|p1a: Umbreon\n|-supereffective|p1a: Umbreon|1\n|-damage|p1a: Umbreon|0 fnt\n|-unboost|p2b: Incineroar|def|1\n|-unboost|p2b: Incineroar|spd|1\n|faint|p1a: Umbreon\n|\n|upkeep\n|turn|7\n|c|\u2606VivillonHunter|the reads didn't pan out this game xD\n|\n|t:|1775963087\n|move|p1b: Starmie|Ally Switch||[still]\n|-fail|p1b: Starmie\n|move|p2a: Whimsicott|Moonblast|p1b: Starmie\n|-damage|p1b: Starmie|0 fnt\n|faint|p1b: Starmie\n|\n|win|BK Sergio\n|raw|VivillonHunter's rating: 1073 &rarr; <strong>1050</strong><br />(-23 for losing)\n|raw|BK Sergio's rating: 1043 &rarr; <strong>1079</strong><br />(+36 for winning)\n|c|\u2606VivillonHunter|ggs\n|c|\u2606BK Sergio|gg\n",
  "uploadtime": 1775963112,
  "views": 29,
  "formatid": "gen9championsvgc2026regma",
  "rating": 1050,
  "private": 0,
  "password": null
}