{
  "id": "gen9championsvgc2026regma-2582569885",
  "format": "[Gen 9 Champions] VGC 2026 Reg M-A",
  "players": [
    "Thechienchien",
    "14lightninstrom"
  ],
  "log": "|j|\u2606Thechienchien\n|j|\u203d14lightninstrom\n|t:|1776100002\n|gametype|doubles\n|player|p1|Thechienchien|266|1102\n|player|p2|14lightninstrom|swimmerf-gen4|1022\n|gen|9\n|tier|[Gen 9 Champions] VGC 2026 Reg M-A\n|rated|\n|rule|Species Clause: Limit one of each Pok\u00e9mon\n|rule|Item Clause: Limit 1 of each item\n|clearpoke\n|poke|p1|Froslass, L50, F|\n|poke|p1|Kommo-o, L50, M|\n|poke|p1|Tinkaton, L50, F|\n|poke|p1|Whimsicott, L50, M|\n|poke|p1|Primarina, L50, F|\n|poke|p1|Incineroar, L50, M|\n|poke|p2|Gengar, L50, M|\n|poke|p2|Sneasler, L50, M|\n|poke|p2|Farigiraf, L50, M|\n|poke|p2|Incineroar, L50, M|\n|poke|p2|Basculegion, L50, M|\n|poke|p2|Sinistcha, L50|\n|teampreview|4\n|inactive|Battle timer is ON: inactive players will automatically lose when time's up. (requested by 14lightninstrom)\n|inactive|14lightninstrom has 60 seconds left.\n|\n|t:|1776100048\n|teamsize|p1|4\n|teamsize|p2|4\n|start\n|switch|p1a: Froslass|Froslass, L50, F|100/100\n|switch|p1b: Kommo-o|Kommo-o, L50, M|100/100\n|switch|p2a: Gengar|Gengar, L50, M, shiny|100/100\n|switch|p2b: Sneasler|Sneasler, L50, M, shiny|100/100\n|turn|1\n|\n|t:|1776100067\n|detailschange|p2a: Gengar|Gengar-Mega, L50, M, shiny\n|-mega|p2a: Gengar|Gengar|Gengarite\n|detailschange|p1a: Froslass|Froslass-Mega, L50, F\n|-mega|p1a: Froslass|Froslass|Froslassite\n|-weather|Snowscape|[from] ability: Snow Warning|[of] p1a: Froslass\n|move|p1b: Kommo-o|Protect|p1b: Kommo-o\n|-singleturn|p1b: Kommo-o|Protect\n|move|p2a: Gengar|Toxic|p1b: Kommo-o\n|-activate|p1b: Kommo-o|move: Protect\n|move|p2b: Sneasler|Dire Claw|p1a: Froslass\n|-resisted|p1a: Froslass|1\n|-damage|p1a: Froslass|75/100\n|move|p1a: Froslass|Aurora Veil|p1a: Froslass\n|-sidestart|p1: Thechienchien|move: Aurora Veil\n|\n|-weather|Snowscape|[upkeep]\n|upkeep\n|turn|2\n|inactive|14lightninstrom has 30 seconds left.\n|inactive|14lightninstrom has 20 seconds left.\n|inactive|14lightninstrom has 15 seconds left.\n|\n|t:|1776100108\n|move|p2a: Gengar|Hex|p1a: Froslass\n|-supereffective|p1a: Froslass|1\n|-damage|p1a: Froslass|16/100\n|move|p1a: Froslass|Blizzard|p2b: Sneasler|[spread] p2a,p2b\n|-damage|p2a: Gengar|49/100\n|-damage|p2b: Sneasler|53/100\n|move|p2b: Sneasler|Close Combat|p1b: Kommo-o\n|-damage|p1b: Kommo-o|57/100\n|-unboost|p2b: Sneasler|def|1\n|-unboost|p2b: Sneasler|spd|1\n|move|p1b: Kommo-o|Clangorous Soul|p1b: Kommo-o\n|-boost|p1b: Kommo-o|atk|1\n|-boost|p1b: Kommo-o|def|1\n|-boost|p1b: Kommo-o|spa|1\n|-boost|p1b: Kommo-o|spd|1\n|-boost|p1b: Kommo-o|spe|1\n|-damage|p1b: Kommo-o|24/100\n|\n|-weather|Snowscape|[upkeep]\n|upkeep\n|turn|3\n|\n|t:|1776100130\n|move|p1a: Froslass|Protect|p1a: Froslass\n|-singleturn|p1a: Froslass|Protect\n|move|p2b: Sneasler|Protect|p2b: Sneasler\n|-singleturn|p2b: Sneasler|Protect\n|move|p1b: Kommo-o|Clanging Scales|p2a: Gengar|[spread] p2a\n|-activate|p2b: Sneasler|move: Protect\n|-damage|p2a: Gengar|0 fnt\n|faint|p2a: Gengar\n|-unboost|p1b: Kommo-o|def|1\n|\n|-weather|Snowscape|[upkeep]\n|upkeep\n|\n|t:|1776100146\n|switch|p2a: Sinistcha|Sinistcha, L50, shiny|100/100\n|-heal|p2b: Sneasler|78/100|[from] ability: Hospitality|[of] p2a: Sinistcha\n|turn|4\n|\n|t:|1776100153\n|move|p1b: Kommo-o|Clanging Scales|p2a: Sinistcha|[spread] p2a,p2b\n|-damage|p2a: Sinistcha|38/100\n|-damage|p2b: Sneasler|0 fnt\n|faint|p2b: Sneasler\n|-unboost|p1b: Kommo-o|def|1\n|move|p1a: Froslass|Blizzard|p2a: Sinistcha\n|-supereffective|p2a: Sinistcha|1\n|-damage|p2a: Sinistcha|0 fnt\n|faint|p2a: Sinistcha\n|\n|-weather|Snowscape|[upkeep]\n|upkeep\n|\n|t:|1776100159\n|switch|p2b: Farigiraf|Farigiraf, L50, M, shiny|100/100\n|turn|5\n|\n|t:|1776100163\n|move|p1b: Kommo-o|Clanging Scales|p2b: Farigiraf\n|-damage|p2b: Farigiraf|0 fnt\n|faint|p2b: Farigiraf\n|\n|win|Thechienchien\n|raw|Thechienchien's rating: 1102 &rarr; <strong>1121</strong><br />(+19 for winning)\n|raw|14lightninstrom's rating: 1022 &rarr; <strong>1012</strong><br />(-10 for losing)\n",
  "uploadtime": 1776100166,
  "views": 11,
  "formatid": "gen9championsvgc2026regma",
  "rating": 1012,
  "private": 0,
  "password": null
}