{
  "id": "gen9championsvgc2026regma-2583836208",
  "format": "[Gen 9 Champions] VGC 2026 Reg M-A",
  "players": [
    "datrobino",
    "yukidagoatt"
  ],
  "log": "|j|\u2606datrobino\n|j|\u2606yukidagoatt\n|t:|1776201494\n|gametype|doubles\n|player|p1|datrobino|veteran|1132\n|player|p2|yukidagoatt|169|1052\n|gen|9\n|tier|[Gen 9 Champions] VGC 2026 Reg M-A\n|rated|\n|rule|Species Clause: Limit one of each Pok\u00e9mon\n|rule|Item Clause: Limit 1 of each item\n|clearpoke\n|poke|p1|Floette-Eternal, L50, F|\n|poke|p1|Whimsicott, L50, M|\n|poke|p1|Kleavor, L50, F|\n|poke|p1|Delphox, L50, M|\n|poke|p1|Incineroar, L50, F|\n|poke|p1|Palafin, L50, M|\n|poke|p2|Maushold, L50|\n|poke|p2|Floette-Eternal, L50, F|\n|poke|p2|Garchomp, L50, F|\n|poke|p2|Talonflame, L50, M|\n|poke|p2|Rotom-Wash, L50|\n|poke|p2|Aegislash, L50, F|\n|teampreview|4\n|inactive|Battle timer is ON: inactive players will automatically lose when time's up. (requested by yukidagoatt)\n|\n|t:|1776201532\n|teamsize|p1|4\n|teamsize|p2|4\n|start\n|switch|p1a: Palafin|Palafin, L50, M|100/100\n|switch|p1b: Whimsicott|Whimsicott, L50, M|100/100\n|switch|p2a: Aegislash|Aegislash, L50, F|100/100\n|switch|p2b: Talonflame|Talonflame, L50, M|100/100\n|turn|1\n|\n|t:|1776201549\n|move|p1b: Whimsicott|Protect|p1b: Whimsicott\n|-singleturn|p1b: Whimsicott|Protect\n|move|p2b: Talonflame|Protect|p2b: Talonflame\n|-singleturn|p2b: Talonflame|Protect\n|move|p1a: Palafin|Flip Turn|p2b: Talonflame\n|-activate|p2b: Talonflame|move: Protect\n|-formechange|p2a: Aegislash|Aegislash-Blade|\n|move|p2a: Aegislash|Iron Head|p1b: Whimsicott\n|-activate|p1b: Whimsicott|move: Protect\n|\n|upkeep\n|turn|2\n|inactive|datrobino has 30 seconds left.\n|inactive|yukidagoatt has 30 seconds left.\n|\n|t:|1776201576\n|switch|p1b: Delphox|Delphox, L50, M|100/100\n|move|p2b: Talonflame|Tailwind|p2b: Talonflame\n|-sidestart|p2: yukidagoatt|move: Tailwind\n|move|p2a: Aegislash|Iron Head|p1b: Delphox\n|-resisted|p1b: Delphox|1\n|-damage|p1b: Delphox|60/100\n|move|p1a: Palafin|Flip Turn|p2b: Talonflame\n|-supereffective|p2b: Talonflame|1\n|-damage|p2b: Talonflame|15/100\n|\n|t:|1776201586\n|detailschange|p1a: Palafin|Palafin-Hero, L50, M\n|switch|p1a: Whimsicott|Whimsicott, L50, M|100/100|[from] Flip Turn\n|\n|upkeep\n|turn|3\n|\n|t:|1776201602\n|detailschange|p1b: Delphox|Delphox-Mega, L50, M\n|-mega|p1b: Delphox|Delphox|Delphoxite\n|move|p1a: Whimsicott|Tailwind|p1a: Whimsicott\n|-sidestart|p1: datrobino|move: Tailwind\n|move|p2b: Talonflame|Acrobatics|p1a: Whimsicott\n|-supereffective|p1a: Whimsicott|1\n|-damage|p1a: Whimsicott|43/100\n|move|p1b: Delphox|Heat Wave|p2b: Talonflame|[spread] p2a,p2b\n|-supereffective|p2a: Aegislash|1\n|-resisted|p2b: Talonflame|1\n|-damage|p2a: Aegislash|0 fnt\n|-damage|p2b: Talonflame|0 fnt\n|faint|p2a: Aegislash\n|faint|p2b: Talonflame\n|\n|upkeep\n|\n|t:|1776201617\n|switch|p2b: Floette|Floette-Eternal, L50, F, shiny|100/100\n|switch|p2a: Garchomp|Garchomp, L50, F|100/100\n|turn|4\n|inactive|datrobino has 30 seconds left.\n|inactive|yukidagoatt has 30 seconds left.\n|inactive|yukidagoatt has 20 seconds left.\n|\n|t:|1776201653\n|detailschange|p2b: Floette|Floette-Mega, L50, F, shiny\n|-mega|p2b: Floette|Floette|Floettite\n|-ability|p2b: Floette|Fairy Aura\n|move|p1b: Delphox|Protect|p1b: Delphox\n|-singleturn|p1b: Delphox|Protect\n|move|p1a: Whimsicott|Moonblast|p2a: Garchomp\n|-supereffective|p2a: Garchomp|1\n|-damage|p2a: Garchomp|19/100\n|move|p2a: Garchomp|Stone Edge|p1b: Delphox\n|-activate|p1b: Delphox|move: Protect\n|move|p2b: Floette|Dazzling Gleam|p1a: Whimsicott|[spread] p1a\n|-activate|p1b: Delphox|move: Protect\n|-damage|p1a: Whimsicott|0 fnt\n|faint|p1a: Whimsicott\n|\n|upkeep\n|\n|t:|1776201670\n|switch|p1a: Kleavor|Kleavor, L50, F|100/100\n|turn|5\n|inactive|datrobino has 30 seconds left.\n|\n|t:|1776201698\n|move|p2a: Garchomp|Protect|p2a: Garchomp\n|-singleturn|p2a: Garchomp|Protect\n|move|p1a: Kleavor|X-Scissor|p2b: Floette\n|-resisted|p2b: Floette|1\n|-crit|p2b: Floette\n|-damage|p2b: Floette|40/100\n|move|p1b: Delphox|Heat Wave|p2b: Floette|[spread] \n|-activate|p2a: Garchomp|move: Protect\n|-miss|p1b: Delphox|p2b: Floette\n|move|p2b: Floette|Calm Mind|p2b: Floette\n|-boost|p2b: Floette|spa|1\n|-boost|p2b: Floette|spd|1\n|\n|-sideend|p2: yukidagoatt|move: Tailwind\n|upkeep\n|turn|6\n|inactive|yukidagoatt has 30 seconds left.\n|\n|t:|1776201726\n|move|p2b: Floette|Protect|p2b: Floette\n|-singleturn|p2b: Floette|Protect\n|move|p1a: Kleavor|X-Scissor|p2b: Floette\n|-activate|p2b: Floette|move: Protect\n|move|p1b: Delphox|Heat Wave|p2a: Garchomp|[spread] p2a\n|-activate|p2b: Floette|move: Protect\n|-resisted|p2a: Garchomp|1\n|-crit|p2a: Garchomp\n|-damage|p2a: Garchomp|0 fnt\n|faint|p2a: Garchomp\n|\n|-sideend|p1: datrobino|move: Tailwind\n|upkeep\n|turn|7\n|\n|t:|1776201743\n|move|p1a: Kleavor|X-Scissor|p2b: Floette\n|-resisted|p2b: Floette|1\n|-damage|p2b: Floette|4/100\n|move|p1b: Delphox|Psychic|p2b: Floette\n|-damage|p2b: Floette|0 fnt\n|faint|p2b: Floette\n|\n|win|datrobino\n|raw|datrobino's rating: 1132 &rarr; <strong>1151</strong><br />(+19 for winning)\n|raw|yukidagoatt's rating: 1052 &rarr; <strong>1038</strong><br />(-14 for losing)\n|l|\u2606yukidagoatt\n|player|p2|\n",
  "uploadtime": 1776201758,
  "views": 20,
  "formatid": "gen9championsvgc2026regma",
  "rating": 1038,
  "private": 0,
  "password": null
}