{
  "id": "gen9championsvgc2026regma-2587903385",
  "format": "[Gen 9 Champions] VGC 2026 Reg M-A",
  "players": [
    "revrenn",
    "choko1"
  ],
  "log": "|j|\u203drevrenn\n|j|\u2606choko1\n|t:|1776576876\n|gametype|doubles\n|player|p1|revrenn|alder|1119\n|player|p2|choko1|clown|1119\n|gen|9\n|tier|[Gen 9 Champions] VGC 2026 Reg M-A\n|rated|\n|rule|Species Clause: Limit one of each Pok\u00e9mon\n|rule|Item Clause: Limit 1 of each item\n|clearpoke\n|poke|p1|Floette-Eternal, L50, F|\n|poke|p1|Garchomp, L50, F|\n|poke|p1|Kingambit, L50, F|\n|poke|p1|Basculegion, L50, M|\n|poke|p1|Sneasler, L50, M|\n|poke|p1|Froslass, L50, F|\n|poke|p2|Tyranitar, L50, M|\n|poke|p2|Tinkaton, L50, F|\n|poke|p2|Gengar, L50, M, shiny|\n|poke|p2|Arcanine, L50, M, shiny|\n|poke|p2|Rotom-Wash, L50|\n|poke|p2|Mamoswine, L50, M|\n|teampreview|4\n|inactive|Battle timer is ON: inactive players will automatically lose when time's up. (requested by revrenn)\n|inactive|revrenn has 60 seconds left.\n|inactive|choko1 has 60 seconds left.\n|\n|t:|1776576932\n|teamsize|p1|4\n|teamsize|p2|4\n|start\n|switch|p1a: Garchomp|Garchomp, L50, F|100/100\n|switch|p1b: Floette|Floette-Eternal, L50, F|100/100\n|switch|p2a: Gengar|Gengar, L50, M, shiny|100/100\n|switch|p2b: Rotom|Rotom-Wash, L50|100/100\n|turn|1\n|\n|t:|1776576951\n|detailschange|p2a: Gengar|Gengar-Mega, L50, M, shiny\n|-mega|p2a: Gengar|Gengar|Gengarite\n|detailschange|p1b: Floette|Floette-Mega, L50, F\n|-mega|p1b: Floette|Floette|Floettite\n|-ability|p1b: Floette|Fairy Aura\n|move|p2a: Gengar|Protect|p2a: Gengar\n|-singleturn|p2a: Gengar|Protect\n|move|p1a: Garchomp|Protect|p1a: Garchomp\n|-singleturn|p1a: Garchomp|Protect\n|move|p2b: Rotom|Will-O-Wisp|p1a: Garchomp\n|-activate|p1a: Garchomp|move: Protect\n|move|p1b: Floette|Light of Ruin|p2b: Rotom\n|-damage|p2b: Rotom|0 fnt\n|faint|p2b: Rotom\n|-damage|p1b: Floette|52/100|[from] Recoil\n|\n|upkeep\n|\n|t:|1776576972\n|switch|p2b: Mamoswine|Mamoswine, L50, M|100/100\n|turn|2\n|\n|t:|1776576993\n|move|p2b: Mamoswine|Ice Shard|p1a: Garchomp\n|-supereffective|p1a: Garchomp|2\n|-damage|p1a: Garchomp|22/100\n|move|p2a: Gengar|Sludge Bomb|p1b: Floette\n|-supereffective|p1b: Floette|1\n|-damage|p1b: Floette|0 fnt\n|faint|p1b: Floette\n|move|p1a: Garchomp|Earthquake|p2b: Mamoswine|[spread] p2a,p2b\n|-supereffective|p2a: Gengar|1\n|-crit|p2b: Mamoswine\n|-damage|p2a: Gengar|0 fnt\n|-damage|p2b: Mamoswine|37/100\n|faint|p2a: Gengar\n|\n|upkeep\n|\n|t:|1776577014\n|switch|p2a: Tinkaton|Tinkaton, L50, F|100/100\n|switch|p1b: Sneasler|Sneasler, L50, M|100/100\n|turn|3\n|\n|t:|1776577025\n|move|p1a: Garchomp|Protect|p1a: Garchomp\n|-singleturn|p1a: Garchomp|Protect\n|move|p2b: Mamoswine|Protect|p2b: Mamoswine\n|-singleturn|p2b: Mamoswine|Protect\n|move|p2a: Tinkaton|Fake Out|p1b: Sneasler\n|-damage|p1b: Sneasler|83/100\n|cant|p1b: Sneasler|flinch\n|\n|upkeep\n|turn|4\n|\n|t:|1776577043\n|move|p2b: Mamoswine|Ice Shard|p1a: Garchomp\n|-supereffective|p1a: Garchomp|2\n|-damage|p1a: Garchomp|0 fnt\n|faint|p1a: Garchomp\n|move|p1b: Sneasler|Close Combat|p2b: Mamoswine\n|-supereffective|p2b: Mamoswine|1\n|-crit|p2b: Mamoswine\n|-damage|p2b: Mamoswine|0 fnt\n|-unboost|p1b: Sneasler|def|1\n|-unboost|p1b: Sneasler|spd|1\n|faint|p2b: Mamoswine\n|move|p2a: Tinkaton|Play Rough|p1b: Sneasler\n|-damage|p1b: Sneasler|0 fnt\n|faint|p1b: Sneasler\n|\n|upkeep\n|\n|t:|1776577052\n|switch|p1b: Kingambit|Kingambit, L50, F|100/100\n|turn|5\n|\n|t:|1776577061\n|move|p2a: Tinkaton|Play Rough|p1b: Kingambit\n|-damage|p1b: Kingambit|77/100\n|move|p1b: Kingambit|Low Kick|p2a: Tinkaton\n|-damage|p2a: Tinkaton|64/100\n|\n|upkeep\n|turn|6\n|\n|t:|1776577070\n|move|p2a: Tinkaton|Play Rough|p1b: Kingambit|[miss]\n|-miss|p2a: Tinkaton|p1b: Kingambit\n|move|p1b: Kingambit|Low Kick|p2a: Tinkaton\n|-damage|p2a: Tinkaton|25/100\n|\n|upkeep\n|turn|7\n|\n|t:|1776577074\n|move|p2a: Tinkaton|Play Rough|p1b: Kingambit\n|-damage|p1b: Kingambit|55/100\n|move|p1b: Kingambit|Low Kick|p2a: Tinkaton\n|-damage|p2a: Tinkaton|0 fnt\n|faint|p2a: Tinkaton\n|\n|win|revrenn\n|raw|revrenn's rating: 1119 &rarr; <strong>1144</strong><br />(+25 for winning)\n|raw|choko1's rating: 1119 &rarr; <strong>1094</strong><br />(-25 for losing)\n",
  "uploadtime": 1776577081,
  "views": 8,
  "formatid": "gen9championsvgc2026regma",
  "rating": 1094,
  "private": 0,
  "password": null
}