{
  "id": "gen9championsvgc2026regma-2586357923",
  "format": "[Gen 9 Champions] VGC 2026 Reg M-A",
  "players": [
    "Ongalabong",
    "A!! M1GHT"
  ],
  "log": "|j|\u2606Ongalabong\n|j|\u2606A!! M1GHT\n|html|<table width=\"100%\"><tr><td align=\"left\">Ongalabong</td><td align=\"right\">A!! M1GHT</tr><tr><td align=\"left\"><i class=\"fa fa-circle-o\"></i> <i class=\"fa fa-circle-o\"></i> </td><td align=\"right\"><i class=\"fa fa-circle-o\"></i> <i class=\"fa fa-circle-o\"></i> </tr></table>\n|uhtml|bestof|<h2><strong>Game 1</strong> of <a href=\"/game-bestof3-gen9championsvgc2026regma-2586357922\">a best-of-3</a></h2>\n|t:|1776428487\n|gametype|doubles\n|player|p1|Ongalabong|benga|\n|player|p2|A!! M1GHT|2|\n|gen|9\n|tier|[Gen 9 Champions] VGC 2026 Reg M-A\n|rated|Tournament battle\n|rule|Species Clause: Limit one of each Pok\u00e9mon\n|rule|Item Clause: Limit 1 of each item\n|raw|<div class=\"infobox\"><details class=\"readmore\" open><summary><strong>2 custom rules:</strong></summary> Force Open Team Sheets, Best of = 3</details></div>\n|clearpoke\n|poke|p1|Crabominable, L50, F|\n|poke|p1|Farigiraf, L50, M|\n|poke|p1|Incineroar, L50, F|\n|poke|p1|Venusaur, L50, M|\n|poke|p1|Basculegion, L50, M|\n|poke|p1|Ninetales-Alola, L50, M|\n|poke|p2|Aerodactyl, L50, F|\n|poke|p2|Tauros-Paldea-Blaze, L50, M|\n|poke|p2|Goodra-Hisui, L50, F|\n|poke|p2|Meganium, L50, M|\n|poke|p2|Zoroark-Hisui, L50, F|\n|poke|p2|Milotic, L50, M|\n|teampreview|4\n|showteam|p1|Crabominable||Crabominite|HyperCutter|DrainPunch,IceHammer,MachPunch,Protect|||F|||50|]Farigiraf||ColburBerry|ArmorTail|Psychic,HyperVoice,TrickRoom,HelpingHand|||M|||50|]Incineroar||SitrusBerry|Intimidate|FlareBlitz,ThroatChop,FakeOut,PartingShot|||F|||50|]Venusaur||Venusaurite|Chlorophyll|SludgeBomb,EarthPower,LeechSeed,Protect|||M|||50|]Basculegion||ChoiceScarf|Adaptability|WaveCrash,LastRespects,AquaJet,FlipTurn|||M|||50|]Ninetales-Alola||FocusSash|SnowWarning|Blizzard,Moonblast,AuroraVeil,Protect|||M|||50|\n|showteam|p2|Aerodactyl||FocusSash|Unnerve|RockSlide,DualWingbeat,Tailwind,Protect|||F|||50|]Tauros-Paldea-Blaze||BlackBelt|Intimidate|CloseCombat,FlareBlitz,Protect,HighHorsepower|||M|||50|]Goodra-Hisui||MetalCoat|SapSipper|FlashCannon,DragonPulse,Protect,KnockOff|||F|||50|]Meganium||Meganiumite|Overgrow|SolarBeam,WeatherBall,DazzlingGleam,Protect|||M|||50|]Zoroark-Hisui||SilkScarf|Illusion|BitterMalice,HyperVoice,Protect,Psychic|||F|||50|]Milotic||Leftovers|Competitive|Scald,IceBeam,Protect,DragonTail|||M|||50|\n|inactive|Battle timer is ON: inactive players will automatically lose when time's up. (requested by A!! M1GHT)\n|c|\u2606A!! M1GHT|Glhf\n|c|\u2606Ongalabong|GLHF\n|inactive|A!! M1GHT has 60 seconds left.\n|inactive|A!! M1GHT has 30 seconds left.\n|\n|t:|1776428552\n|teamsize|p1|4\n|teamsize|p2|4\n|start\n|switch|p1a: Venusaur|Venusaur, L50, M|100/100\n|switch|p1b: Basculegion|Basculegion, L50, M|100/100\n|switch|p2a: Aerodactyl|Aerodactyl, L50, F, shiny|100/100\n|switch|p2b: Goodra|Goodra-Hisui, L50, F|100/100\n|turn|1\n|inactive|Ongalabong has 30 seconds left.\n|\n|t:|1776428580\n|detailschange|p1a: Venusaur|Venusaur-Mega, L50, M\n|-mega|p1a: Venusaur|Venusaur|Venusaurite\n|move|p2a: Aerodactyl|Protect|p2a: Aerodactyl\n|-singleturn|p2a: Aerodactyl|Protect\n|move|p1b: Basculegion|Flip Turn|p2a: Aerodactyl\n|-activate|p2a: Aerodactyl|move: Protect\n|move|p1a: Venusaur|Leech Seed|p2b: Goodra\n|-ability|p2b: Goodra|Sap Sipper|boost\n|-boost|p2b: Goodra|atk|1\n|move|p2b: Goodra|Knock Off|p1b: Basculegion\n|-supereffective|p1b: Basculegion|1\n|-damage|p1b: Basculegion|18/100\n|-enditem|p1b: Basculegion|Choice Scarf|[from] move: Knock Off|[of] p2b: Goodra\n|\n|upkeep\n|turn|2\n|inactive|Ongalabong has 30 seconds left.\n|c|\u2606Ongalabong|oops\n|inactive|Ongalabong has 20 seconds left.\n|inactive|Ongalabong has 15 seconds left.\n|\n|t:|1776428623\n|switch|p1b: Farigiraf|Farigiraf, L50, M|100/100\n|move|p2a: Aerodactyl|Bitter Malice|p1b: Farigiraf\n|-immune|p1b: Farigiraf\n|move|p1a: Venusaur|Earth Power|p2b: Goodra\n|-supereffective|p2b: Goodra|1\n|-damage|p2b: Goodra|60/100\n|move|p2b: Goodra|Dragon Pulse|p1a: Venusaur\n|-damage|p1a: Venusaur|73/100\n|\n|upkeep\n|turn|3\n|c|\u2606A!! M1GHT|Happens\n|\n|t:|1776428643\n|move|p2a: Aerodactyl|Hyper Voice|p1b: Farigiraf|[spread] p1a,p1b\n|-damage|p1a: Venusaur|40/100\n|-damage|p1b: Farigiraf|66/100\n|move|p1a: Venusaur|Earth Power|p2b: Goodra\n|-supereffective|p2b: Goodra|1\n|-damage|p2b: Goodra|23/100\n|move|p2b: Goodra|Knock Off|p1b: Farigiraf\n|-supereffective|p1b: Farigiraf|1\n|-enditem|p1b: Farigiraf|Colbur Berry|[eat]\n|-enditem|p1b: Farigiraf|Colbur Berry|[weaken]\n|-damage|p1b: Farigiraf|36/100\n|move|p1b: Farigiraf|Trick Room|p1b: Farigiraf\n|-fieldstart|move: Trick Room|[of] p1b: Farigiraf\n|\n|upkeep\n|turn|4\n|\n|t:|1776428659\n|move|p2b: Goodra|Protect|p2b: Goodra\n|-singleturn|p2b: Goodra|Protect\n|move|p2a: Aerodactyl|Protect|p2a: Aerodactyl\n|-singleturn|p2a: Aerodactyl|Protect\n|move|p1b: Farigiraf|Psychic|p2a: Aerodactyl\n|-activate|p2a: Aerodactyl|move: Protect\n|move|p1a: Venusaur|Earth Power|p2b: Goodra\n|-activate|p2b: Goodra|move: Protect\n|\n|upkeep\n|turn|5\n|\n|t:|1776428671\n|switch|p2b: Aerodactyl|Aerodactyl, L50, F, shiny|100/100\n|-ability|p2b: Aerodactyl|Unnerve\n|move|p1b: Farigiraf|Psychic|p2a: Aerodactyl\n|-damage|p2a: Aerodactyl|29/100\n|replace|p2a: Zoroark|Zoroark-Hisui, L50, F\n|-end|p2a: Zoroark|Illusion\n|move|p1a: Venusaur|Earth Power|p2b: Aerodactyl\n|-immune|p2b: Aerodactyl\n|move|p2a: Zoroark|Hyper Voice|p1a: Venusaur|[spread] p1a,p1b\n|-damage|p1a: Venusaur|6/100\n|-damage|p1b: Farigiraf|1/100\n|\n|upkeep\n|turn|6\n|inactive|Ongalabong has 30 seconds left.\n|\n|t:|1776428700\n|move|p2a: Zoroark|Protect|p2a: Zoroark\n|-singleturn|p2a: Zoroark|Protect\n|move|p2b: Aerodactyl|Protect|p2b: Aerodactyl\n|-singleturn|p2b: Aerodactyl|Protect\n|move|p1b: Farigiraf|Psychic|p2b: Aerodactyl\n|-activate|p2b: Aerodactyl|move: Protect\n|move|p1a: Venusaur|Earth Power|p2a: Zoroark\n|-activate|p2a: Zoroark|move: Protect\n|\n|upkeep\n|turn|7\n|\n|t:|1776428714\n|switch|p2a: Goodra|Goodra-Hisui, L50, F|23/100\n|move|p1b: Farigiraf|Psychic|p2b: Aerodactyl\n|-damage|p2b: Aerodactyl|57/100\n|move|p1a: Venusaur|Sludge Bomb|p2b: Aerodactyl\n|-resisted|p2b: Aerodactyl|1\n|-crit|p2b: Aerodactyl\n|-damage|p2b: Aerodactyl|17/100\n|move|p2b: Aerodactyl|Rock Slide|p1a: Venusaur|[spread] p1a,p1b\n|-damage|p1a: Venusaur|0 fnt\n|-damage|p1b: Farigiraf|0 fnt\n|faint|p1a: Venusaur\n|faint|p1b: Farigiraf\n|\n|-fieldend|move: Trick Room\n|upkeep\n|\n|t:|1776428721\n|switch|p1a: Ninetales|Ninetales-Alola, L50, M|100/100\n|switch|p1b: Basculegion|Basculegion, L50, M|18/100\n|-weather|Snowscape|[from] ability: Snow Warning|[of] p1a: Ninetales\n|turn|8\n|\n|t:|1776428736\n|move|p1b: Basculegion|Aqua Jet|p2b: Aerodactyl\n|-supereffective|p2b: Aerodactyl|1\n|-damage|p2b: Aerodactyl|0 fnt\n|faint|p2b: Aerodactyl\n|move|p1a: Ninetales|Blizzard|p2a: Goodra\n|-damage|p2a: Goodra|0 fnt\n|faint|p2a: Goodra\n|\n|-weather|Snowscape|[upkeep]\n|upkeep\n|\n|t:|1776428744\n|switch|p2b: Tauros|Tauros-Paldea-Blaze, L50, M|100/100\n|switch|p2a: Tauros|Tauros-Paldea-Blaze, L50, M|29/100\n|-ability|p2b: Tauros|Intimidate|boost\n|-unboost|p1a: Ninetales|atk|1\n|-unboost|p1b: Basculegion|atk|1\n|turn|9\n|inactive|Ongalabong has 30 seconds left.\n|\n|t:|1776428775\n|move|p2a: Tauros|Protect|p2a: Tauros\n|-singleturn|p2a: Tauros|Protect\n|move|p1b: Basculegion|Aqua Jet|p2a: Tauros\n|-activate|p2a: Tauros|move: Protect\n|move|p1a: Ninetales|Moonblast|p2a: Tauros\n|-activate|p2a: Tauros|move: Protect\n|move|p2b: Tauros|High Horsepower|p1b: Basculegion\n|-damage|p1b: Basculegion|0 fnt\n|faint|p1b: Basculegion\n|\n|-weather|Snowscape|[upkeep]\n|upkeep\n|turn|10\n|inactive|Ongalabong has 30 seconds left.\n|c|\u2606Ongalabong|bro one of the tauros is not on my sceen\n|c|\u2606Ongalabong|the actual one\n|\n|t:|1776428809\n|move|p1a: Ninetales|Moonblast|p2a: Tauros\n|-damage|p2a: Tauros|0 fnt\n|replace|p2a: Zoroark|Zoroark-Hisui, L50, F\n|-end|p2a: Zoroark|Illusion\n|faint|p2a: Zoroark\n|move|p2b: Tauros|Flare Blitz|p1a: Ninetales\n|-supereffective|p1a: Ninetales|1\n|-enditem|p1a: Ninetales|Focus Sash\n|-damage|p1a: Ninetales|1/100\n|-status|p1a: Ninetales|brn\n|-damage|p2b: Tauros|68/100|[from] Recoil\n|\n|-weather|Snowscape|[upkeep]\n|-damage|p1a: Ninetales|0 fnt|[from] brn\n|faint|p1a: Ninetales\n|\n|win|A!! M1GHT\n|inactive|Ongalabong has 30 seconds to confirm battle start!\n|inactive|A!! M1GHT has 30 seconds to confirm battle start!\n||Ongalabong is ready for game 2.\n|c|\u2606A!! M1GHT|??? I don't understand\n|inactive|A!! M1GHT has 20 seconds to confirm battle start!\n||A!! M1GHT is ready for game 2.\n|uhtml|next|Next: <a href=\"/battle-gen9championsvgc2026regma-2586361866\"><strong>Game 2 of 3</strong></a>\n",
  "uploadtime": 1776428984,
  "views": 22,
  "formatid": "gen9championsvgc2026regma",
  "rating": null,
  "private": 0,
  "password": null
}