{
  "id": "gen9championsvgc2026regma-2582242571",
  "format": "[Gen 9 Champions] VGC 2026 Reg M-A",
  "players": [
    "hokliopo",
    "Its andreas tbh"
  ],
  "log": "|j|\u2606hokliopo\n|j|\u2606Its andreas tbh\n|t:|1776075302\n|gametype|doubles\n|player|p1|hokliopo|101|1084\n|player|p2|Its andreas tbh|266|1071\n|gen|9\n|tier|[Gen 9 Champions] VGC 2026 Reg M-A\n|rated|\n|rule|Species Clause: Limit one of each Pok\u00e9mon\n|rule|Item Clause: Limit 1 of each item\n|clearpoke\n|poke|p1|Wyrdeer, L50, M|\n|poke|p1|Medicham, L50, M|\n|poke|p1|Oranguru, L50, M|\n|poke|p1|Tyranitar, L50, M|\n|poke|p1|Garchomp, L50, F|\n|poke|p1|Orthworm, L50, M|\n|poke|p2|Farigiraf, L50, M|\n|poke|p2|Aggron, L50, F|\n|poke|p2|Sinistcha, L50|\n|poke|p2|Tyranitar, L50, F|\n|poke|p2|Dragonite, L50, F|\n|poke|p2|Incineroar, L50, M|\n|teampreview|4\n|inactive|Battle timer is ON: inactive players will automatically lose when time's up. (requested by hokliopo)\nhokliopo rejected open team sheets.\n|\n|t:|1776075335\n|teamsize|p1|4\n|teamsize|p2|4\n|start\n|switch|p1a: Medicham|Medicham, L50, M|100/100\n|switch|p1b: Wyrdeer|Wyrdeer, L50, M|100/100\n|switch|p2a: Aggron|Aggron, L50, F|100/100\n|switch|p2b: Farigiraf|Farigiraf, L50, M|100/100\n|-ability|p1b: Wyrdeer|Intimidate|boost\n|-unboost|p2a: Aggron|atk|1\n|-unboost|p2b: Farigiraf|atk|1\n|turn|1\n|\n|t:|1776075354\n|detailschange|p2a: Aggron|Aggron-Mega, L50, F\n|-mega|p2a: Aggron|Aggron|Aggronite\n|move|p1a: Medicham|Fake Out||[still]\n|cant|p2b: Farigiraf|ability: Armor Tail|Fake Out|[of] p1a: Medicham\n|move|p2a: Aggron|Iron Defense|p2a: Aggron\n|-boost|p2a: Aggron|def|2\n|move|p1b: Wyrdeer|Roar|p2b: Farigiraf\n|drag|p2b: Sinistcha|Sinistcha, L50|100/100\n|\n|upkeep\n|turn|2\n|\n|t:|1776075371\n|move|p2b: Sinistcha|Rage Powder|p2b: Sinistcha\n|-singleturn|p2b: Sinistcha|move: Rage Powder\n|move|p1a: Medicham|Blaze Kick|p2b: Sinistcha\n|-supereffective|p2b: Sinistcha|1\n|-crit|p2b: Sinistcha\n|-damage|p2b: Sinistcha|38/100\n|move|p2a: Aggron|Body Press|p1b: Wyrdeer\n|-damage|p1b: Wyrdeer|18/100\n|move|p1b: Wyrdeer|Roar|p2b: Sinistcha\n|drag|p2b: Dragonite|Dragonite, L50, F|100/100\n|\n|upkeep\n|turn|3\n|\n|t:|1776075394\n|switch|p1b: Orthworm|Orthworm, L50, M|100/100\n|move|p2b: Dragonite|Draco Meteor|p1a: Medicham\n|-damage|p1a: Medicham|24/100\n|-unboost|p2b: Dragonite|spa|2\n|move|p1a: Medicham|Axe Kick|p2a: Aggron\n|-supereffective|p2a: Aggron|1\n|-damage|p2a: Aggron|78/100\n|-start|p2a: Aggron|confusion\n|-activate|p2a: Aggron|confusion\n|-damage|p2a: Aggron|75/100|[from] confusion\n|\n|upkeep\n|turn|4\n|inactive|hokliopo has 30 seconds left.\n|inactive|Its andreas tbh has 30 seconds left.\n|\n|t:|1776075424\n|switch|p2b: Farigiraf|Farigiraf, L50, M|100/100\n|move|p1a: Medicham|Skill Swap|p1b: Orthworm\n|-activate|p1a: Medicham|Skill Swap|||[of] p1b: Orthworm\n|move|p1b: Orthworm|Earthquake|p2a: Aggron|[spread] p2a,p2b\n|-heal|p1a: Medicham|49/100|[from] ability: Earth Eater|[of] p1b: Orthworm\n|-supereffective|p2a: Aggron|1\n|-damage|p2a: Aggron|61/100\n|-damage|p2b: Farigiraf|60/100\n|-activate|p2a: Aggron|confusion\n|move|p2a: Aggron|Body Press|p1b: Orthworm\n|-supereffective|p1b: Orthworm|1\n|-damage|p1b: Orthworm|0 fnt\n|faint|p1b: Orthworm\n|\n|upkeep\n|\n|t:|1776075440\n|switch|p1b: Wyrdeer|Wyrdeer, L50, M|18/100\n|-ability|p1b: Wyrdeer|Intimidate|boost\n|-unboost|p2a: Aggron|atk|1\n|-unboost|p2b: Farigiraf|atk|1\n|turn|5\n|\n|t:|1776075461\n|switch|p2b: Sinistcha|Sinistcha, L50|38/100\n|-heal|p2a: Aggron|86/100|[from] ability: Hospitality|[of] p2b: Sinistcha\n|detailschange|p1a: Medicham|Medicham-Mega, L50, M\n|-mega|p1a: Medicham|Medicham|Medichamite\n|move|p1a: Medicham|Axe Kick|p2b: Sinistcha\n|-immune|p2b: Sinistcha\n|-damage|p1a: Medicham|0 fnt|[from] highjumpkick\n|faint|p1a: Medicham\n|-activate|p2a: Aggron|confusion\n|-damage|p2a: Aggron|84/100|[from] confusion\n|move|p1b: Wyrdeer|Roar|p2a: Aggron\n|drag|p2a: Farigiraf|Farigiraf, L50, M|60/100\n|\n|upkeep\n|\n|t:|1776075475\n|switch|p1a: Garchomp|Garchomp, L50, F|100/100\n|turn|6\n|\n|t:|1776075486\n|move|p1a: Garchomp|Earthquake|p2b: Sinistcha|[spread] p1b,p2a,p2b\n|-resisted|p2b: Sinistcha|1\n|-damage|p1b: Wyrdeer|0 fnt\n|-damage|p2a: Farigiraf|23/100\n|-damage|p2b: Sinistcha|26/100\n|faint|p1b: Wyrdeer\n|move|p2b: Sinistcha|Matcha Gotcha|p1a: Garchomp\n|-crit|p1a: Garchomp\n|-damage|p1a: Garchomp|57/100\n|-heal|p2b: Sinistcha|52/100|[from] drain|[of] p1a: Garchomp\n|move|p2a: Farigiraf|Hyper Voice|p1a: Garchomp\n|-damage|p1a: Garchomp|11/100\n|\n|upkeep\n|turn|7\n|-message|hokliopo forfeited.\n|\n|win|Its andreas tbh\n|raw|hokliopo's rating: 1084 &rarr; <strong>1061</strong><br />(-23 for losing)\n|raw|Its andreas tbh's rating: 1071 &rarr; <strong>1101</strong><br />(+30 for winning)\n|l|\u2606hokliopo\n|player|p1|\n",
  "uploadtime": 1776075512,
  "views": 25,
  "formatid": "gen9championsvgc2026regma",
  "rating": 1061,
  "private": 0,
  "password": null
}