{
  "id": "gen9championsvgc2026regma-2584549816",
  "format": "[Gen 9 Champions] VGC 2026 Reg M-A",
  "players": [
    "Chicholin579",
    "LordHeralex"
  ],
  "log": "|j|\u2606Chicholin579\n|j|\u2606LordHeralex\n|t:|1776268119\n|gametype|doubles\n|player|p1|Chicholin579|2|1013\n|player|p2|LordHeralex|266|1077\n|gen|9\n|tier|[Gen 9 Champions] VGC 2026 Reg M-A\n|rated|\n|rule|Species Clause: Limit one of each Pok\u00e9mon\n|rule|Item Clause: Limit 1 of each item\n|clearpoke\n|poke|p1|Aggron, L50, M|\n|poke|p1|Sneasler, L50, F|\n|poke|p1|Tyranitar, L50, F|\n|poke|p1|Farigiraf, L50, F|\n|poke|p1|Sinistcha, L50|\n|poke|p1|Orthworm, L50, F|\n|poke|p2|Drampa, L50, M|\n|poke|p2|Meowstic, L50, M|\n|poke|p2|Sneasler, L50, M|\n|poke|p2|Clawitzer, L50, M|\n|poke|p2|Toucannon, L50, M|\n|poke|p2|Gardevoir, L50, M|\n|teampreview|4\n|inactive|Battle timer is ON: inactive players will automatically lose when time's up. (requested by LordHeralex)\n|inactive|LordHeralex has 60 seconds left.\n|\n|t:|1776268166\n|teamsize|p1|4\n|teamsize|p2|4\n|start\n|switch|p1a: Latte Matcha|Sinistcha, L50|100/100\n|switch|p1b: Funny Giraffe|Farigiraf, L50, F, shiny|100/100\n|switch|p2a: Meowstic|Meowstic, L50, M|100/100\n|switch|p2b: Sneasler|Sneasler, L50, M|100/100\n|turn|1\n|\n|t:|1776268179\n|move|p2b: Sneasler|Dire Claw|p1a: Latte Matcha\n|-damage|p1a: Latte Matcha|64/100\n|move|p1b: Funny Giraffe|Calm Mind|p1b: Funny Giraffe\n|-boost|p1b: Funny Giraffe|spa|1\n|-boost|p1b: Funny Giraffe|spd|1\n|move|p2a: Meowstic|Trick Room|p2a: Meowstic\n|-fieldstart|move: Trick Room|[of] p2a: Meowstic\n|move|p1a: Latte Matcha|Trick Room|p1a: Latte Matcha\n|-fieldend|move: Trick Room\n|\n|upkeep\n|turn|2\n|inactive|Chicholin579 has 30 seconds left.\n|inactive|Chicholin579 has 20 seconds left.\n|\n|t:|1776268218\n|move|p1a: Latte Matcha|Rage Powder|p1a: Latte Matcha\n|-singleturn|p1a: Latte Matcha|move: Rage Powder\n|move|p2a: Meowstic|Nasty Plot|p2a: Meowstic\n|-boost|p2a: Meowstic|spa|2\n|move|p2b: Sneasler|Close Combat|p1a: Latte Matcha\n|-immune|p1a: Latte Matcha\n|move|p1b: Funny Giraffe|Calm Mind|p1b: Funny Giraffe\n|-boost|p1b: Funny Giraffe|spa|1\n|-boost|p1b: Funny Giraffe|spd|1\n|\n|upkeep\n|turn|3\n|\n|t:|1776268241\n|move|p2a: Meowstic|Baton Pass|p2a: Meowstic\n|\n|t:|1776268243\n|switch|p2a: Drampa|Drampa, L50, M|100/100|[from] Baton Pass\n|move|p2b: Sneasler|Dire Claw|p1a: Latte Matcha\n|-damage|p1a: Latte Matcha|26/100\n|move|p1a: Latte Matcha|Matcha Gotcha|p2b: Sneasler|[spread] p2a,p2b\n|-resisted|p2a: Drampa|1\n|-resisted|p2b: Sneasler|1\n|-damage|p2a: Drampa|88/100\n|-heal|p1a: Latte Matcha|34/100|[from] drain|[of] p2a: Drampa\n|-damage|p2b: Sneasler|87/100\n|-heal|p1a: Latte Matcha|43/100|[from] drain|[of] p2b: Sneasler\n|-status|p2a: Drampa|brn\n|move|p1b: Funny Giraffe|Baton Pass|p1b: Funny Giraffe\n|\n|t:|1776268259\n|switch|p1b: THE WALL|Aggron, L50, M, shiny|100/100|[from] Baton Pass\n|\n|-damage|p2a: Drampa|82/100 brn|[from] brn\n|upkeep\n|turn|4\n|\n|t:|1776268269\n|detailschange|p1b: THE WALL|Aggron-Mega, L50, M, shiny\n|-mega|p1b: THE WALL|Aggron|Aggronite\n|detailschange|p2a: Drampa|Drampa-Mega, L50, M\n|-mega|p2a: Drampa|Drampa|Drampanite\n|move|p2b: Sneasler|Dire Claw|p1a: Latte Matcha\n|-damage|p1a: Latte Matcha|5/100\n|move|p1b: THE WALL|Iron Defense|p1b: THE WALL\n|-boost|p1b: THE WALL|def|2\n|move|p2a: Drampa|Earth Power|p1b: THE WALL\n|-supereffective|p1b: THE WALL|1\n|-damage|p1b: THE WALL|39/100\n|move|p1a: Latte Matcha|Trick Room|p1a: Latte Matcha\n|-fieldstart|move: Trick Room|[of] p1a: Latte Matcha\n|\n|-damage|p2a: Drampa|76/100 brn|[from] brn\n|upkeep\n|turn|5\n|inactive|Chicholin579 has 30 seconds left.\n|\n|t:|1776268295\n|move|p1a: Latte Matcha|Rage Powder|p1a: Latte Matcha\n|-singleturn|p1a: Latte Matcha|move: Rage Powder\n|move|p2a: Drampa|Earth Power|p1a: Latte Matcha\n|-resisted|p1a: Latte Matcha|1\n|-damage|p1a: Latte Matcha|0 fnt\n|faint|p1a: Latte Matcha\n|move|p1b: THE WALL|Body Press|p2a: Drampa\n|-supereffective|p2a: Drampa|1\n|-damage|p2a: Drampa|0 fnt\n|faint|p2a: Drampa\n|move|p2b: Sneasler|Dire Claw|p1b: THE WALL\n|-immune|p1b: THE WALL\n|\n|upkeep\n|\n|t:|1776268315\n|switch|p2a: Meowstic|Meowstic, L50, M|100/100\n|switch|p1a: Cacaw|Sneasler, L50, F, shiny|100/100\n|turn|6\n|\n|t:|1776268336\n|switch|p2b: Clawitzer|Clawitzer, L50, M|100/100\n|move|p1a: Cacaw|Fake Out|p2b: Clawitzer\n|-damage|p2b: Clawitzer|83/100\n|move|p1b: THE WALL|Heavy Slam|p2a: Meowstic\n|-damage|p2a: Meowstic|29/100\n|move|p2a: Meowstic|Trick Room|p2a: Meowstic\n|-fieldend|move: Trick Room\n|\n|upkeep\n|turn|7\n|inactive|Chicholin579 has 30 seconds left.\n|inactive|Chicholin579 has 20 seconds left.\n|inactive|Chicholin579 has 15 seconds left.\n|inactive|Chicholin579 has 10 seconds left.\n|\n|t:|1776268386\n|move|p1a: Cacaw|Coaching|p1b: THE WALL\n|-boost|p1b: THE WALL|atk|1\n|-boost|p1b: THE WALL|def|1\n|move|p2a: Meowstic|Psychic|p1a: Cacaw\n|-supereffective|p1a: Cacaw|2\n|-damage|p1a: Cacaw|0 fnt\n|faint|p1a: Cacaw\n|move|p2b: Clawitzer|Water Pulse|p1b: THE WALL\n|-damage|p1b: THE WALL|7/100\n|move|p1b: THE WALL|Heavy Slam|p2a: Meowstic\n|-damage|p2a: Meowstic|0 fnt\n|faint|p2a: Meowstic\n|\n|upkeep\n|\n|t:|1776268398\n|switch|p1a: Funny Giraffe|Farigiraf, L50, F, shiny|100/100\n|switch|p2a: Sneasler|Sneasler, L50, M|87/100\n|turn|8\n|\n|t:|1776268419\n|move|p2a: Sneasler|Close Combat|p1b: THE WALL\n|-supereffective|p1b: THE WALL|1\n|-damage|p1b: THE WALL|0 fnt\n|-unboost|p2a: Sneasler|def|1\n|-unboost|p2a: Sneasler|spd|1\n|faint|p1b: THE WALL\n|-enditem|p2a: Sneasler|White Herb\n|-clearnegativeboost|p2a: Sneasler|[silent]\n|move|p1a: Funny Giraffe|Calm Mind|p1a: Funny Giraffe\n|-boost|p1a: Funny Giraffe|spa|1\n|-boost|p1a: Funny Giraffe|spd|1\n|move|p2b: Clawitzer|Dark Pulse|p1a: Funny Giraffe\n|-supereffective|p1a: Funny Giraffe|1\n|-damage|p1a: Funny Giraffe|51/100\n|\n|upkeep\n|turn|9\n|inactive|LordHeralex has 30 seconds left.\n|\n|t:|1776268448\n|move|p2a: Sneasler|Close Combat|p1a: Funny Giraffe\n|-crit|p1a: Funny Giraffe\n|-damage|p1a: Funny Giraffe|0 fnt\n|-unboost|p2a: Sneasler|def|1\n|-unboost|p2a: Sneasler|spd|1\n|faint|p1a: Funny Giraffe\n|\n|win|LordHeralex\n|raw|Chicholin579's rating: 1013 &rarr; <strong>1003</strong><br />(-10 for losing)\n|raw|LordHeralex's rating: 1077 &rarr; <strong>1100</strong><br />(+23 for winning)\n",
  "uploadtime": 1776268457,
  "views": 22,
  "formatid": "gen9championsvgc2026regma",
  "rating": 1003,
  "private": 0,
  "password": null
}