{
  "id": "gen9championsvgc2026regma-2587781544",
  "format": "[Gen 9 Champions] VGC 2026 Reg M-A",
  "players": [
    "magicalarcher57",
    "cleopatra\u2661spaced"
  ],
  "log": "|j|\u2606magicalarcher57\n|j|\u2606cleopatra\u2661spaced\n|t:|1776563393\n|gametype|doubles\n|player|p1|magicalarcher57|valerie|\n|player|p2|cleopatra\u2661spaced|jacinthe|\n|gen|9\n|tier|[Gen 9 Champions] VGC 2026 Reg M-A\n|rated|Tournament battle\n|rule|Species Clause: Limit one of each Pok\u00e9mon\n|rule|Item Clause: Limit 1 of each item\n|raw|<div class=\"infobox\"><details class=\"readmore\" open><summary><strong>1 custom rule:</strong></summary> Force Open Team Sheets</details></div>\n|clearpoke\n|poke|p1|Kangaskhan, L50, F, shiny|\n|poke|p1|Farigiraf, L50, M, shiny|\n|poke|p1|Talonflame, L50, F, shiny|\n|poke|p1|Floette-Eternal, L50, F|\n|poke|p1|Sneasler, L50, F, shiny|\n|poke|p1|Basculegion, L50, M, shiny|\n|poke|p2|Gyarados, L50, F|\n|poke|p2|Aegislash, L50, M|\n|poke|p2|Sneasler, L50, F|\n|poke|p2|Garchomp, L50, F|\n|poke|p2|Sinistcha, L50|\n|poke|p2|Incineroar, L50, F|\n|teampreview|4\n|showteam|p1|Kangaskhan||Kangaskhanite|Scrappy|FakeOut,HammerArm,DoubleEdge,Crunch|||F|||50|]Farigiraf||ColburBerry|ArmorTail|ShadowBall,HyperVoice,TrickRoom,Psychic|||M|||50|]Talonflame||SharpBeak|GaleWings|Tailwind,Taunt,Protect,BraveBird|||F|||50|]Floette-Eternal||Floettite|FlowerVeil|Moonblast,LightofRuin,DazzlingGleam,Protect|||F|||50|]Sneasler||FocusSash|Unburden|FakeOut,CloseCombat,DireClaw,Protect|||F|||50|]Basculegion||MysticWater|Adaptability|WaveCrash,LastRespects,AquaJet,Protect|||M|||50|\n|showteam|p2|Gyarados||Gyaradosite|Intimidate|Waterfall,LashOut,DragonDance,Protect|||F|||50|]Aegislash||Leftovers|StanceChange|FlashCannon,ShadowBall,KingsShield,WideGuard|||M|||50|]Sneasler||WhiteHerb|Unburden|CloseCombat,DireClaw,FakeOut,Protect|||F|||50|]Garchomp||ChoiceScarf|RoughSkin|StompingTantrum,RockSlide,PoisonJab,DragonClaw|||F|||50|]Sinistcha||SitrusBerry|Hospitality|MatchaGotcha,TrickRoom,LifeDew,RagePowder||||||50|]Incineroar||ShucaBerry|Intimidate|FlareBlitz,FakeOut,PartingShot,DarkestLariat|||F|||50|\n|inactive|Battle timer is ON: inactive players will automatically lose when time's up. (requested by cleopatra\u2661spaced)\n|c|\u2606cleopatra\u2661spaced|Bro\n|c|\u2606magicalarcher57|gl :)\n|c|\u2606cleopatra\u2661spaced|im gonna lose so hard\ncleopatra\u2661spaced has agreed to open team sheets.\nmagicalarcher57 has agreed to open team sheets.\n|showteam|p1|Kangaskhan||Kangaskhanite|Scrappy|FakeOut,HammerArm,DoubleEdge,Crunch|||F|||50|]Farigiraf||ColburBerry|ArmorTail|ShadowBall,HyperVoice,TrickRoom,Psychic|||M|||50|]Talonflame||SharpBeak|GaleWings|Tailwind,Taunt,Protect,BraveBird|||F|||50|]Floette-Eternal||Floettite|FlowerVeil|Moonblast,LightofRuin,DazzlingGleam,Protect|||F|||50|]Sneasler||FocusSash|Unburden|FakeOut,CloseCombat,DireClaw,Protect|||F|||50|]Basculegion||MysticWater|Adaptability|WaveCrash,LastRespects,AquaJet,Protect|||M|||50|\n|showteam|p2|Gyarados||Gyaradosite|Intimidate|Waterfall,LashOut,DragonDance,Protect|||F|||50|]Aegislash||Leftovers|StanceChange|FlashCannon,ShadowBall,KingsShield,WideGuard|||M|||50|]Sneasler||WhiteHerb|Unburden|CloseCombat,DireClaw,FakeOut,Protect|||F|||50|]Garchomp||ChoiceScarf|RoughSkin|StompingTantrum,RockSlide,PoisonJab,DragonClaw|||F|||50|]Sinistcha||SitrusBerry|Hospitality|MatchaGotcha,TrickRoom,LifeDew,RagePowder||||||50|]Incineroar||ShucaBerry|Intimidate|FlareBlitz,FakeOut,PartingShot,DarkestLariat|||F|||50|\n|c|\u2606cleopatra\u2661spaced|glhf\n|inactive|cleopatra\u2661spaced has 60 seconds left.\n|\n|t:|1776563445\n|teamsize|p1|4\n|teamsize|p2|4\n|start\n|switch|p1a: Ryoiki Tenkai|Farigiraf, L50, M, shiny|100/100\n|switch|p1b: Kangaskhan|Kangaskhan, L50, F, shiny|100/100\n|switch|p2a: thugger|Garchomp, L50, F|100/100\n|switch|p2b: big fish theory|Gyarados, L50, F|100/100\n|-ability|p2b: big fish theory|Intimidate|boost\n|-unboost|p1a: Ryoiki Tenkai|atk|1\n|-fail|p1b: Kangaskhan|unboost|Attack|[from] ability: Scrappy|[of] p1b: Kangaskhan\n|turn|1\n|inactive|magicalarcher57 has 30 seconds left.\n|inactive|cleopatra\u2661spaced has 30 seconds left.\n|inactive|cleopatra\u2661spaced has 20 seconds left.\n|inactive|cleopatra\u2661spaced has 15 seconds left.\n|inactive|cleopatra\u2661spaced has 10 seconds left.\n|\n|t:|1776563492\n|move|p1b: Kangaskhan|Fake Out|p2b: big fish theory\n|-damage|p2b: big fish theory|82/100\n|move|p2a: thugger|Rock Slide|p1a: Ryoiki Tenkai|[spread] p1a\n|-miss|p2a: thugger|p1b: Kangaskhan\n|-damage|p1a: Ryoiki Tenkai|80/100\n|cant|p2b: big fish theory|flinch\n|cant|p1a: Ryoiki Tenkai|flinch\n|\n|upkeep\n|turn|2\n|inactive|cleopatra\u2661spaced has 30 seconds left.\n|\n|t:|1776563518\n|detailschange|p1b: Kangaskhan|Kangaskhan-Mega, L50, F, shiny\n|-mega|p1b: Kangaskhan|Kangaskhan|Kangaskhanite\n|move|p2a: thugger|Rock Slide|p1b: Kangaskhan|[spread] p1a,p1b\n|-damage|p1a: Ryoiki Tenkai|59/100\n|-damage|p1b: Kangaskhan|81/100\n|move|p1b: Kangaskhan|Hammer Arm|p2a: thugger\n|-damage|p2a: thugger|62/100\n|-unboost|p1b: Kangaskhan|spe|1\n|-damage|p1b: Kangaskhan|68/100|[from] ability: Rough Skin|[of] p2a: thugger\n|-damage|p2a: thugger|53/100\n|-unboost|p1b: Kangaskhan|spe|1\n|-damage|p1b: Kangaskhan|56/100|[from] ability: Rough Skin|[of] p2a: thugger\n|-hitcount|p2a: thugger|2\n|move|p2b: big fish theory|Dragon Dance|p2b: big fish theory\n|-boost|p2b: big fish theory|atk|1\n|-boost|p2b: big fish theory|spe|1\n|cant|p1a: Ryoiki Tenkai|flinch\n|\n|upkeep\n|turn|3\n|c|\u2606cleopatra\u2661spaced|i\n|c|\u2606cleopatra\u2661spaced|rock slide is quite a move\n|inactive|magicalarcher57 has 30 seconds left.\n|c|\u2606cleopatra\u2661spaced|oh yeah what mega should i build with next\n|\n|t:|1776563545\n|move|p2a: thugger|Rock Slide|p1b: Kangaskhan|[spread] p1a,p1b\n|-damage|p1a: Ryoiki Tenkai|38/100\n|-damage|p1b: Kangaskhan|38/100\n|move|p2b: big fish theory|Lash Out|p1a: Ryoiki Tenkai\n|-supereffective|p1a: Ryoiki Tenkai|1\n|-enditem|p1a: Ryoiki Tenkai|Colbur Berry|[eat]\n|-enditem|p1a: Ryoiki Tenkai|Colbur Berry|[weaken]\n|-damage|p1a: Ryoiki Tenkai|4/100\n|move|p1b: Kangaskhan|Hammer Arm|p2b: big fish theory\n|-resisted|p2b: big fish theory|1\n|-damage|p2b: big fish theory|63/100\n|-unboost|p1b: Kangaskhan|spe|1\n|-resisted|p2b: big fish theory|1\n|-damage|p2b: big fish theory|59/100\n|-unboost|p1b: Kangaskhan|spe|1\n|-hitcount|p2b: big fish theory|2\n|move|p1a: Ryoiki Tenkai|Trick Room|p1a: Ryoiki Tenkai\n|-fieldstart|move: Trick Room|[of] p1a: Ryoiki Tenkai\n|\n|upkeep\n|turn|4\n|c|\u2606magicalarcher57|less rng ones\n|\n|t:|1776563563\n|move|p1b: Kangaskhan|Double-Edge|p2b: big fish theory\n|-damage|p2b: big fish theory|0 fnt\n|faint|p2b: big fish theory\n|-hitcount|p2: big fish theory|1\n|-damage|p1b: Kangaskhan|19/100|[from] Recoil\n|move|p1a: Ryoiki Tenkai|Psychic|p2a: thugger\n|-damage|p2a: thugger|3/100\n|move|p2a: thugger|Rock Slide|p1a: Ryoiki Tenkai|[spread] p1a,p1b\n|-damage|p1a: Ryoiki Tenkai|0 fnt\n|-damage|p1b: Kangaskhan|1/100\n|faint|p1a: Ryoiki Tenkai\n|\n|upkeep\n|j| lSuis\n|inactive|magicalarcher57 has 30 seconds left.\n|\n|t:|1776563596\n|switch|p1a: Basculegion|Basculegion, L50, M, shiny|100/100\n|switch|p2b: performative|Sinistcha, L50|100/100\n|-heal|p2a: thugger|28/100|[from] ability: Hospitality|[of] p2b: performative\n|turn|5\n|\n|t:|1776563615\n|move|p1b: Kangaskhan|Crunch|p2b: performative\n|-supereffective|p2b: performative|1\n|-damage|p2b: performative|47/100\n|-enditem|p2b: performative|Sitrus Berry|[eat]\n|-heal|p2b: performative|71/100|[from] item: Sitrus Berry\n|-supereffective|p2b: performative|1\n|-damage|p2b: performative|60/100\n|-hitcount|p2b: performative|2\n|move|p2b: performative|Matcha Gotcha|p1a: Basculegion|[spread] p1a,p1b\n|-supereffective|p1a: Basculegion|1\n|-damage|p1a: Basculegion|50/100\n|-heal|p2b: performative|92/100|[from] drain|[of] p1a: Basculegion\n|-damage|p1b: Kangaskhan|0 fnt\n|-heal|p2b: performative|93/100|[from] drain|[of] p1b: Kangaskhan\n|-status|p1a: Basculegion|brn\n|faint|p1b: Kangaskhan\n|move|p1a: Basculegion|Last Respects|p2b: performative\n|-supereffective|p2b: performative|1\n|-damage|p2b: performative|3/100\n|move|p2a: thugger|Rock Slide|p1a: Basculegion\n|-damage|p1a: Basculegion|18/100 brn\n|\n|-damage|p1a: Basculegion|12/100 brn|[from] brn\n|upkeep\n|\n|t:|1776563617\n|switch|p1b: Floette|Floette-Eternal, L50, F|100/100\n|turn|6\n|\n|t:|1776563637\n|move|p1a: Basculegion|Aqua Jet|p2b: performative\n|-resisted|p2b: performative|1\n|-crit|p2b: performative\n|-damage|p2b: performative|0 fnt\n|faint|p2b: performative\n|move|p1b: Floette|Dazzling Gleam|p2a: thugger\n|-supereffective|p2a: thugger|1\n|-damage|p2a: thugger|0 fnt\n|faint|p2a: thugger\n|\n|-damage|p1a: Basculegion|6/100 brn|[from] brn\n|upkeep\n|\n|t:|1776563641\n|switch|p2b: masamune|Aegislash, L50, M|100/100\n|turn|7\n|c|\u2606magicalarcher57|and bunr\n|c|\u2606magicalarcher57|buirn burn burn\n|\n|t:|1776563664\n|move|p1a: Basculegion|Protect|p1a: Basculegion\n|-singleturn|p1a: Basculegion|Protect\n|move|p1b: Floette|Protect|p1b: Floette\n|-singleturn|p1b: Floette|Protect\n|-formechange|p2b: masamune|Aegislash-Blade|\n|move|p2b: masamune|Flash Cannon|p1b: Floette\n|-activate|p1b: Floette|move: Protect\n|\n|-damage|p1a: Basculegion|0 fnt|[from] brn\n|faint|p1a: Basculegion\n|-fieldend|move: Trick Room\n|upkeep\n|turn|8\n|c|\u2606cleopatra\u2661spaced|buirn\n|\n|t:|1776563671\n|-formechange|p2b: masamune|Aegislash|\n|move|p2b: masamune|King's Shield|p2b: masamune\n|-singleturn|p2b: masamune|Protect\n|move|p1b: Floette|Light of Ruin|p2b: masamune\n|-activate|p2b: masamune|move: Protect\n|\n|upkeep\n|turn|9\n|\n|t:|1776563677\n|move|p1b: Floette|Light of Ruin|p2b: masamune\n|-resisted|p2b: masamune|1\n|-damage|p2b: masamune|74/100\n|-damage|p1b: Floette|85/100|[from] Recoil\n|-formechange|p2b: masamune|Aegislash-Blade|\n|move|p2b: masamune|Flash Cannon|p1b: Floette\n|-supereffective|p1b: Floette|1\n|-crit|p1b: Floette\n|-damage|p1b: Floette|0 fnt\n|faint|p1b: Floette\n|\n|win|cleopatra\u2661spaced\n|n|\u2606magicalarcher57|magicalarcher57\n|n|\u2606cleopatra\u2661spaced|cleopatraspaced\n|n| lSuis|lsuis\n",
  "uploadtime": 1776563678,
  "views": 8,
  "formatid": "gen9championsvgc2026regma",
  "rating": null,
  "private": 0,
  "password": null
}