{
  "id": "gen9championsvgc2026regma-2589400238",
  "format": "[Gen 9 Champions] VGC 2026 Reg M-A",
  "players": [
    "Fornias",
    "elmiguelon25"
  ],
  "log": "|j|\u2606Fornias\n|j|\u2606elmiguelon25\n|t:|1776719884\n|gametype|doubles\n|player|p1|Fornias|harlequin|1024\n|player|p2|elmiguelon25|ethan|1050\n|gen|9\n|tier|[Gen 9 Champions] VGC 2026 Reg M-A\n|rated|\n|rule|Species Clause: Limit one of each Pok\u00e9mon\n|rule|Item Clause: Limit 1 of each item\n|clearpoke\n|poke|p1|Charizard, L50, M, shiny|\n|poke|p1|Venusaur, L50, F|\n|poke|p1|Aerodactyl, L50, F|\n|poke|p1|Garchomp, L50, F|\n|poke|p1|Incineroar, L50, M|\n|poke|p1|Sneasler, L50, M, shiny|\n|poke|p2|Palafin, L50, F, shiny|\n|poke|p2|Pelipper, L50, M|\n|poke|p2|Dragonite, L50, M|\n|poke|p2|Rotom-Heat, L50|\n|poke|p2|Sneasler, L50, M|\n|poke|p2|Garchomp, L50, F|\n|teampreview|4\n|inactive|Battle timer is ON: inactive players will automatically lose when time's up. (requested by Fornias)\n|inactive|Fornias has 60 seconds left.\n|inactive|elmiguelon25 has 60 seconds left.\n|inactive|Fornias has 30 seconds left.\n|\n|t:|1776719951\n|teamsize|p1|4\n|teamsize|p2|4\n|start\n|switch|p1a: Charizard|Charizard, L50, M, shiny|100/100\n|switch|p1b: Aerodactyl|Aerodactyl, L50, F|100/100\n|switch|p2a: Sneasler|Sneasler, L50, M|100/100\n|switch|p2b: Palafin|Palafin, L50, F, shiny|100/100\n|-ability|p1b: Aerodactyl|Unnerve\n|turn|1\n|\n|t:|1776719973\n|detailschange|p1a: Charizard|Charizard-Mega-Y, L50, M, shiny\n|-mega|p1a: Charizard|Charizard|Charizardite Y\n|-weather|SunnyDay|[from] ability: Drought|[of] p1a: Charizard\n|move|p1a: Charizard|Protect|p1a: Charizard\n|-singleturn|p1a: Charizard|Protect\n|move|p2a: Sneasler|Fake Out|p1a: Charizard\n|-activate|p1a: Charizard|move: Protect\n|move|p2b: Palafin|Jet Punch|p1a: Charizard\n|-activate|p1a: Charizard|move: Protect\n|move|p1b: Aerodactyl|Psychic Fangs|p2a: Sneasler\n|-supereffective|p2a: Sneasler|2\n|-damage|p2a: Sneasler|0 fnt\n|faint|p2a: Sneasler\n|\n|-weather|SunnyDay|[upkeep]\n|upkeep\n|\n|t:|1776719979\n|switch|p2a: Pelipper|Pelipper, L50, M|100/100\n|-weather|RainDance|[from] ability: Drizzle|[of] p2a: Pelipper\n|turn|2\n|\n|t:|1776720002\n|detailschange|p2b: Palafin|Palafin-Hero, L50, F, shiny\n|switch|p2b: Garchomp|Garchomp, L50, F|100/100\n|move|p1b: Aerodactyl|Sunny Day|p1b: Aerodactyl\n|-weather|SunnyDay\n|move|p1a: Charizard|Solar Beam||[still]\n|-prepare|p1a: Charizard|Solar Beam\n|-anim|p1a: Charizard|Solar Beam|p2b: Garchomp\n|-damage|p2b: Garchomp|45/100\n|move|p2a: Pelipper|Tailwind|p2a: Pelipper\n|-sidestart|p2: elmiguelon25|move: Tailwind\n|\n|-weather|SunnyDay|[upkeep]\n|upkeep\n|turn|3\n|inactive|Fornias has 30 seconds left.\n|inactive|Fornias has 20 seconds left.\n|\n|t:|1776720040\n|switch|p2a: Palafin|Palafin-Hero, L50, F, shiny|100/100\n|-activate|p2a: Palafin|ability: Zero to Hero\n|detailschange|p2b: Garchomp|Garchomp-Mega, L50, F\n|-mega|p2b: Garchomp|Garchomp|Garchompite\n|move|p1a: Charizard|Protect|p1a: Charizard\n|-singleturn|p1a: Charizard|Protect\n|move|p2b: Garchomp|Rock Slide|p1a: Charizard|[spread] \n|-activate|p1a: Charizard|move: Protect\n|-miss|p2b: Garchomp|p1b: Aerodactyl\n|move|p1b: Aerodactyl|Rock Slide|p2b: Garchomp|[spread] p2a,p2b\n|-resisted|p2b: Garchomp|1\n|-damage|p2a: Palafin|75/100\n|-damage|p2b: Garchomp|35/100\n|\n|-weather|SunnyDay|[upkeep]\n|upkeep\n|turn|4\n|inactive|Fornias has 30 seconds left.\n|\n|t:|1776720071\n|switch|p2b: Pelipper|Pelipper, L50, M|100/100\n|-weather|RainDance|[from] ability: Drizzle|[of] p2b: Pelipper\n|switch|p1a: Magniferno|Incineroar, L50, M|100/100\n|-ability|p1a: Magniferno|Intimidate|boost\n|-unboost|p2a: Palafin|atk|1\n|-unboost|p2b: Pelipper|atk|1\n|move|p2a: Palafin|Waterfall|p1a: Magniferno\n|-supereffective|p1a: Magniferno|1\n|-damage|p1a: Magniferno|0 fnt\n|faint|p1a: Magniferno\n|move|p1b: Aerodactyl|Rock Slide|p2b: Pelipper|[spread] p2a,p2b\n|-supereffective|p2b: Pelipper|1\n|-damage|p2a: Palafin|49/100\n|-damage|p2b: Pelipper|41/100\n|\n|-weather|RainDance|[upkeep]\n|upkeep\n|\n|t:|1776720088\n|switch|p1a: Charizard|Charizard-Mega-Y, L50, M, shiny|100/100\n|-weather|SunnyDay|[from] ability: Drought|[of] p1a: Charizard\n|turn|5\n|\n|t:|1776720104\n|switch|p2a: Garchomp|Garchomp-Mega, L50, F|35/100\n|move|p2b: Pelipper|Protect|p2b: Pelipper\n|-singleturn|p2b: Pelipper|Protect\n|move|p1b: Aerodactyl|Rock Slide|p2b: Pelipper|[spread] p2a\n|-activate|p2b: Pelipper|move: Protect\n|-resisted|p2a: Garchomp|1\n|-damage|p2a: Garchomp|25/100\n|move|p1a: Charizard|Solar Beam||[still]\n|-prepare|p1a: Charizard|Solar Beam\n|-anim|p1a: Charizard|Solar Beam|p2a: Garchomp\n|-damage|p2a: Garchomp|0 fnt\n|faint|p2a: Garchomp\n|\n|-weather|SunnyDay|[upkeep]\n|-sideend|p2: elmiguelon25|move: Tailwind\n|upkeep\n|\n|t:|1776720116\n|switch|p2a: Palafin|Palafin-Hero, L50, F, shiny|49/100\n|turn|6\n|-message|elmiguelon25 forfeited.\n|\n|win|Fornias\n|raw|Fornias's rating: 1024 &rarr; <strong>1063</strong><br />(+39 for winning)\n|raw|elmiguelon25's rating: 1050 &rarr; <strong>1031</strong><br />(-19 for losing)\n|l|\u2606elmiguelon25\n|player|p2|\n",
  "uploadtime": 1776720126,
  "views": 5,
  "formatid": "gen9championsvgc2026regma",
  "rating": 1031,
  "private": 0,
  "password": null
}