{
  "id": "gen9championsvgc2026regma-2584084082",
  "format": "[Gen 9 Champions] VGC 2026 Reg M-A",
  "players": [
    "arroyofran2",
    "MeeChaaaN"
  ],
  "log": "|j|\u2606arroyofran2\n|j|\u2606MeeChaaaN\n|t:|1776223465\n|gametype|doubles\n|player|p1|arroyofran2|fisherman|1451\n|player|p2|MeeChaaaN|101|1512\n|gen|9\n|tier|[Gen 9 Champions] VGC 2026 Reg M-A\n|rated|\n|rule|Species Clause: Limit one of each Pok\u00e9mon\n|rule|Item Clause: Limit 1 of each item\n|clearpoke\n|poke|p1|Garchomp, L50, F|\n|poke|p1|Aerodactyl, L50, F|\n|poke|p1|Rotom-Wash, L50|\n|poke|p1|Delphox, L50, F|\n|poke|p1|Farigiraf, L50, M|\n|poke|p1|Kingambit, L50, F|\n|poke|p2|Whimsicott, L50, F|\n|poke|p2|Blastoise, L50, M|\n|poke|p2|Tyranitar, L50, F|\n|poke|p2|Tsareena, L50, F|\n|poke|p2|Mimikyu, L50, F|\n|poke|p2|Pelipper, L50, F|\n|teampreview|4\n|\n|t:|1776223513\n|teamsize|p1|4\n|teamsize|p2|4\n|start\n|switch|p1a: Rotom|Rotom-Wash, L50|100/100\n|switch|p1b: Garchomp|Garchomp, L50, F|100/100\n|switch|p2a: Whimsicott|Whimsicott, L50, F|100/100\n|switch|p2b: Blastoise|Blastoise, L50, M|100/100\n|turn|1\n|j| wormful24\n|\n|t:|1776223535\n|detailschange|p2b: Blastoise|Blastoise-Mega, L50, M\n|-mega|p2b: Blastoise|Blastoise|Blastoisinite\n|move|p2b: Blastoise|Fake Out|p1a: Rotom\n|-damage|p1a: Rotom|89/100\n|move|p1b: Garchomp|Dragon Claw|p2b: Blastoise\n|-crit|p2b: Blastoise\n|-damage|p2b: Blastoise|50/100\n|cant|p1a: Rotom|flinch\n|move|p2a: Whimsicott|Trick Room|p2a: Whimsicott\n|-fieldstart|move: Trick Room|[of] p2a: Whimsicott\n|\n|upkeep\n|turn|2\n|\n|t:|1776223551\n|switch|p1b: Kingambit|Kingambit, L50, F|100/100\n|move|p2b: Blastoise|Aura Sphere|p1a: Rotom\n|-damage|p1a: Rotom|31/100\n|-enditem|p1a: Rotom|Sitrus Berry|[eat]\n|-heal|p1a: Rotom|56/100|[from] item: Sitrus Berry\n|move|p2a: Whimsicott|Moonblast|p1a: Rotom\n|-damage|p1a: Rotom|13/100\n|move|p1a: Rotom|Volt Switch|p2b: Blastoise\n|-supereffective|p2b: Blastoise|1\n|-damage|p2b: Blastoise|0 fnt\n|faint|p2b: Blastoise\n|\n|t:|1776223562\n|switch|p1a: Aerodactyl|Aerodactyl, L50, F|100/100|[from] Volt Switch\n|-ability|p1a: Aerodactyl|Unnerve\n|\n|upkeep\n|\n|t:|1776223572\n|switch|p2b: Tsareena|Tsareena, L50, F|100/100\n|turn|3\n|\n|t:|1776223580\n|move|p1b: Kingambit|Kowtow Cleave|p2b: Tsareena\n|-damage|p2b: Tsareena|37/100\n|move|p2b: Tsareena|Low Kick|p1b: Kingambit\n|-supereffective|p1b: Kingambit|2\n|-damage|p1b: Kingambit|0 fnt\n|faint|p1b: Kingambit\n|move|p2a: Whimsicott|Moonblast|p1a: Aerodactyl\n|-damage|p1a: Aerodactyl|46/100\n|move|p1a: Aerodactyl|Dual Wingbeat|p2b: Tsareena\n|-supereffective|p2b: Tsareena|1\n|-damage|p2b: Tsareena|0 fnt\n|faint|p2b: Tsareena\n|-hitcount|p2: Tsareena|1\n|\n|upkeep\n|\n|t:|1776223595\n|switch|p1b: Rotom|Rotom-Wash, L50|13/100\n|switch|p2b: Mimikyu|Mimikyu, L50, F|100/100\n|turn|4\n|\n|t:|1776223604\n|switch|p1a: Garchomp|Garchomp, L50, F|100/100\n|move|p2b: Mimikyu|Shadow Sneak|p1b: Rotom\n|-damage|p1b: Rotom|0 fnt\n|faint|p1b: Rotom\n|move|p2a: Whimsicott|Moonblast|p1a: Garchomp\n|-supereffective|p1a: Garchomp|1\n|-damage|p1a: Garchomp|21/100\n|\n|upkeep\n|\n|t:|1776223609\n|switch|p1b: Aerodactyl|Aerodactyl, L50, F|46/100\n|-ability|p1b: Aerodactyl|Unnerve\n|turn|5\n|-message|arroyofran2 forfeited.\n|\n|win|MeeChaaaN\n|raw|arroyofran2's rating: 1451 &rarr; <strong>1434</strong><br />(-17 for losing)\n|raw|MeeChaaaN's rating: 1512 &rarr; <strong>1529</strong><br />(+17 for winning)\n|l|\u2606arroyofran2\n|player|p1|\n|l|\u2606MeeChaaaN\n|player|p2|\n",
  "uploadtime": 1776223711,
  "views": 64,
  "formatid": "gen9championsvgc2026regma",
  "rating": 1434,
  "private": 0,
  "password": null
}