{
  "id": "gen9championsvgc2026regma-2581884135",
  "format": "[Gen 9 Champions] VGC 2026 Reg M-A",
  "players": [
    "SavPass9",
    "yashiro.11"
  ],
  "log": "|j|\u2606SavPass9\n|j|\u2606yashiro.11\n|t:|1776036569\n|gametype|doubles\n|player|p1|SavPass9|102|1137\n|player|p2|yashiro.11|rosa|1194\n|gen|9\n|tier|[Gen 9 Champions] VGC 2026 Reg M-A\n|rated|\n|rule|Species Clause: Limit one of each Pok\u00e9mon\n|rule|Item Clause: Limit 1 of each item\n|clearpoke\n|poke|p1|Incineroar, L50, F|\n|poke|p1|Gengar, L50, F|\n|poke|p1|Sinistcha, L50|\n|poke|p1|Tyranitar, L50, F|\n|poke|p1|Kingambit, L50, F|\n|poke|p1|Kommo-o, L50, F|\n|poke|p2|Pelipper, L50, M|\n|poke|p2|Meganium, L50, F|\n|poke|p2|Primarina, L50, F|\n|poke|p2|Basculegion, L50, M|\n|poke|p2|Dragonite, L50, M|\n|poke|p2|Archaludon, L50, M|\n|teampreview|4\n|\n|t:|1776036605\n|teamsize|p1|4\n|teamsize|p2|4\n|start\n|switch|p1a: Incineroar|Incineroar, L50, F|100/100\n|switch|p1b: Gengar|Gengar, L50, F|100/100\n|switch|p2a: Basculegion|Basculegion, L50, M|100/100\n|switch|p2b: Primarina|Primarina, L50, F|100/100\n|-ability|p1a: Incineroar|Intimidate|boost\n|-unboost|p2a: Basculegion|atk|1\n|-unboost|p2b: Primarina|atk|1\n|turn|1\n|\n|t:|1776036633\n|switch|p1b: Kingambit|Kingambit, L50, F|100/100\n|move|p2b: Primarina|Protect|p2b: Primarina\n|-singleturn|p2b: Primarina|Protect\n|move|p1a: Incineroar|Fake Out|p2b: Primarina\n|-activate|p2b: Primarina|move: Protect\n|move|p2a: Basculegion|Flip Turn|p1a: Incineroar\n|-supereffective|p1a: Incineroar|1\n|-damage|p1a: Incineroar|55/100\n|\n|t:|1776036647\n|switch|p2a: Pelipper|Pelipper, L50, M|100/100|[from] Flip Turn\n|-weather|RainDance|[from] ability: Drizzle|[of] p2a: Pelipper\n|\n|-weather|RainDance|[upkeep]\n|upkeep\n|turn|2\n|\n|t:|1776036658\n|switch|p1a: Tyranitar|Tyranitar, L50, F|100/100\n|-weather|Sandstorm|[from] ability: Sand Stream|[of] p1a: Tyranitar\n|move|p2a: Pelipper|Tailwind|p2a: Pelipper\n|-sidestart|p2: yashiro.11|move: Tailwind\n|move|p2b: Primarina|Hyper Voice|p1b: Kingambit|[spread] p1a,p1b\n|-supereffective|p1a: Tyranitar|1\n|-damage|p1a: Tyranitar|50/100\n|-damage|p1b: Kingambit|62/100\n|move|p1b: Kingambit|Iron Head|p2b: Primarina\n|-damage|p2b: Primarina|44/100\n|\n|-weather|Sandstorm|[upkeep]\n|-damage|p2a: Pelipper|95/100|[from] Sandstorm\n|-damage|p2b: Primarina|38/100|[from] Sandstorm\n|-heal|p2b: Primarina|44/100|[from] item: Leftovers\n|upkeep\n|turn|3\n|\n|t:|1776036687\n|move|p2a: Pelipper|Wide Guard|p2a: Pelipper\n|-singleturn|p2a: Pelipper|Wide Guard\n|move|p1a: Tyranitar|Rock Slide|p2a: Pelipper|[spread] \n|-activate|p2a: Pelipper|move: Wide Guard\n|-activate|p2b: Primarina|move: Wide Guard\n|move|p2b: Primarina|Hyper Voice|p1b: Kingambit|[spread] p1a,p1b\n|-supereffective|p1a: Tyranitar|1\n|-damage|p1a: Tyranitar|1/100\n|-damage|p1b: Kingambit|23/100\n|move|p1b: Kingambit|Iron Head|p2b: Primarina\n|-damage|p2b: Primarina|0 fnt\n|faint|p2b: Primarina\n|\n|-weather|Sandstorm|[upkeep]\n|-damage|p2a: Pelipper|89/100|[from] Sandstorm\n|upkeep\n|\n|t:|1776036704\n|switch|p2b: Basculegion|Basculegion, L50, M|100/100\n|turn|4\n|\n|t:|1776036732\n|switch|p1a: Incineroar|Incineroar, L50, F|55/100\n|-ability|p1a: Incineroar|Intimidate|boost\n|-unboost|p2a: Pelipper|atk|1\n|-unboost|p2b: Basculegion|atk|1\n|switch|p2a: Meganium|Meganium, L50, F|100/100\n|move|p1b: Kingambit|Sucker Punch|p2b: Basculegion\n|-supereffective|p2b: Basculegion|1\n|-damage|p2b: Basculegion|2/100\n|move|p2b: Basculegion|Flip Turn|p1a: Incineroar\n|-supereffective|p1a: Incineroar|1\n|-damage|p1a: Incineroar|9/100\n|\n|t:|1776036745\n|switch|p2b: Pelipper|Pelipper, L50, M|89/100|[from] Flip Turn\n|-weather|RainDance|[from] ability: Drizzle|[of] p2b: Pelipper\n|\n|-weather|RainDance|[upkeep]\n|upkeep\n|turn|5\n|\n|t:|1776036778\n|switch|p2a: Basculegion|Basculegion, L50, M|2/100\n|move|p1a: Incineroar|Fake Out|p2b: Pelipper\n|-crit|p2b: Pelipper\n|-damage|p2b: Pelipper|75/100\n|move|p1b: Kingambit|Sucker Punch||[still]\n|-fail|p1b: Kingambit\n|cant|p2b: Pelipper|flinch\n|\n|-weather|RainDance|[upkeep]\n|-sideend|p2: yashiro.11|move: Tailwind\n|upkeep\n|turn|6\n|l|\u2606SavPass9\n|player|p1|\n|j|\u2606SavPass9\n|player|p1|SavPass9|102|\n|\n|t:|1776036827\n|move|p1b: Kingambit|Sucker Punch|p2a: Basculegion\n|-supereffective|p2a: Basculegion|1\n|-damage|p2a: Basculegion|0 fnt\n|faint|p2a: Basculegion\n|move|p2b: Pelipper|Weather Ball|p1a: Incineroar\n|-supereffective|p1a: Incineroar|1\n|-damage|p1a: Incineroar|0 fnt\n|faint|p1a: Incineroar\n|\n|-weather|RainDance|[upkeep]\n|upkeep\n|\n|t:|1776036837\n|switch|p2a: Meganium|Meganium, L50, F|100/100\n|switch|p1a: Tyranitar|Tyranitar, L50, F|1/100\n|-weather|Sandstorm|[from] ability: Sand Stream|[of] p1a: Tyranitar\n|turn|7\n|\n|t:|1776036853\n|detailschange|p2a: Meganium|Meganium-Mega, L50, F\n|-mega|p2a: Meganium|Meganium|Meganiumite\n|move|p2b: Pelipper|Wide Guard|p2b: Pelipper\n|-singleturn|p2b: Pelipper|Wide Guard\n|move|p1a: Tyranitar|Stone Edge|p2b: Pelipper\n|-supereffective|p2b: Pelipper|1\n|-damage|p2b: Pelipper|0 fnt\n|faint|p2b: Pelipper\n|move|p2a: Meganium|Weather Ball|p1b: Kingambit\n|-supereffective|p1b: Kingambit|1\n|-damage|p1b: Kingambit|0 fnt\n|faint|p1b: Kingambit\n|\n|-weather|Sandstorm|[upkeep]\n|-damage|p2a: Meganium|95/100|[from] Sandstorm\n|upkeep\n|\n|t:|1776036863\n|switch|p1b: Gengar|Gengar, L50, F|100/100\n|turn|8\n|\n|t:|1776036872\n|detailschange|p1b: Gengar|Gengar-Mega, L50, F\n|-mega|p1b: Gengar|Gengar|Gengarite\n|move|p1b: Gengar|Shadow Ball|p2a: Meganium\n|-damage|p2a: Meganium|59/100\n|move|p1a: Tyranitar|Stone Edge|p2a: Meganium\n|-damage|p2a: Meganium|15/100\n|move|p2a: Meganium|Solar Beam||[still]\n|-prepare|p2a: Meganium|Solar Beam\n|-activate|p2a: Meganium|ability: Mega Sol\n|-anim|p2a: Meganium|Solar Beam|p1a: Tyranitar\n|-supereffective|p1a: Tyranitar|1\n|-damage|p1a: Tyranitar|0 fnt\n|faint|p1a: Tyranitar\n|\n|-weather|Sandstorm|[upkeep]\n|-damage|p1b: Gengar|95/100|[from] Sandstorm\n|-damage|p2a: Meganium|10/100|[from] Sandstorm\n|upkeep\n|turn|9\n|\n|t:|1776036891\n|move|p1b: Gengar|Shadow Ball|p2a: Meganium\n|-damage|p2a: Meganium|0 fnt\n|faint|p2a: Meganium\n|\n|win|SavPass9\n|raw|SavPass9's rating: 1137 &rarr; <strong>1166</strong><br />(+29 for winning)\n|raw|yashiro.11's rating: 1194 &rarr; <strong>1165</strong><br />(-29 for losing)\n|l|\u2606yashiro.11\n|player|p2|\n",
  "uploadtime": 1776036897,
  "views": 22,
  "formatid": "gen9championsvgc2026regma",
  "rating": 1165,
  "private": 0,
  "password": null
}