{
  "id": "gen9championsvgc2026regma-2581287844",
  "format": "[Gen 9 Champions] VGC 2026 Reg M-A",
  "players": [
    "lemond",
    "radoovak"
  ],
  "log": "|j|\u2606lemond\n|j|\u2606radoovak\n|t:|1775981701\n|gametype|doubles\n|player|p1|lemond|102|1294\n|player|p2|radoovak|steven|1375\n|gen|9\n|tier|[Gen 9 Champions] VGC 2026 Reg M-A\n|rated|\n|rule|Species Clause: Limit one of each Pok\u00e9mon\n|rule|Item Clause: Limit 1 of each item\n|clearpoke\n|poke|p1|Tyranitar, L50, F|\n|poke|p1|Excadrill, L50, M|\n|poke|p1|Gyarados, L50, M|\n|poke|p1|Gardevoir, L50, F|\n|poke|p1|Sinistcha, L50|\n|poke|p1|Rotom-Heat, L50|\n|poke|p2|Gengar, L50, M|\n|poke|p2|Sneasler, L50, F|\n|poke|p2|Incineroar, L50, F|\n|poke|p2|Whimsicott, L50, F|\n|poke|p2|Hydreigon, L50, F|\n|poke|p2|Palafin, L50, M|\n|teampreview|4\n|inactive|Battle timer is ON: inactive players will automatically lose when time's up. (requested by lemond)\n|inactive|radoovak has 60 seconds left.\n|inactive|lemond has 60 seconds left.\n|inactive|radoovak has 30 seconds left.\n|inactive|radoovak has 20 seconds left.\n|inactive|radoovak has 15 seconds left.\n|\n|t:|1775981781\n|teamsize|p1|4\n|teamsize|p2|4\n|start\n|switch|p1a: Excadrill|Excadrill, L50, M|100/100\n|switch|p1b: Rotom|Rotom-Heat, L50|100/100\n|switch|p2a: Sneasler|Sneasler, L50, F|100/100\n|switch|p2b: Palafin|Palafin, L50, M|100/100\n|turn|1\n|j| gE1xjZRtuhW2DdT0AK\n|inactive|lemond has 30 seconds left.\n|inactive|radoovak has 30 seconds left.\n|\n|t:|1775981810\n|detailschange|p2b: Palafin|Palafin-Hero, L50, M\n|switch|p2b: Hydreigon|Hydreigon, L50, F|100/100\n|move|p2a: Sneasler|Protect|p2a: Sneasler\n|-singleturn|p2a: Sneasler|Protect\n|move|p1b: Rotom|Thunderbolt|p2b: Hydreigon\n|-resisted|p2b: Hydreigon|1\n|-damage|p2b: Hydreigon|79/100\n|move|p1a: Excadrill|Earthquake|p2a: Sneasler|[spread] \n|-activate|p2a: Sneasler|move: Protect\n|-immune|p1b: Rotom|[from] ability: Levitate\n|-immune|p2b: Hydreigon|[from] ability: Levitate\n|\n|upkeep\n|turn|2\n|inactive|lemond has 30 seconds left.\n|inactive|radoovak has 30 seconds left.\n|inactive|lemond has 20 seconds left.\n|inactive|lemond has 15 seconds left.\n|inactive|lemond has 10 seconds left.\n|inactive|lemond has 5 seconds left.\n|\n|t:|1775981862\n|switch|p2a: Palafin|Palafin-Hero, L50, M|100/100\n|-activate|p2a: Palafin|ability: Zero to Hero\n|switch|p1a: Gyarados|Gyarados, L50, M|100/100\n|-ability|p1a: Gyarados|Intimidate|boost\n|-unboost|p2a: Palafin|atk|1\n|-unboost|p2b: Hydreigon|atk|1\n|move|p2b: Hydreigon|Dark Pulse|p1a: Gyarados\n|-damage|p1a: Gyarados|72/100\n|move|p1b: Rotom|Thunderbolt|p2a: Palafin\n|-supereffective|p2a: Palafin|1\n|-damage|p2a: Palafin|13/100\n|\n|-heal|p1a: Gyarados|78/100|[from] item: Leftovers\n|upkeep\n|turn|3\n|inactive|lemond has 30 seconds left.\n|inactive|radoovak has 30 seconds left.\n|inactive|lemond has 20 seconds left.\n|inactive|lemond has 15 seconds left.\n|inactive|lemond has 10 seconds left.\n|inactive|lemond has 5 seconds left.\n|\n|t:|1775981914\n|move|p2a: Palafin|Protect|p2a: Palafin\n|-singleturn|p2a: Palafin|Protect\n|move|p2b: Hydreigon|Dark Pulse|p1a: Gyarados\n|-damage|p1a: Gyarados|48/100\n|move|p1b: Rotom|Thunderbolt|p2a: Palafin\n|-activate|p2a: Palafin|move: Protect\n|move|p1a: Gyarados|Waterfall|p2a: Palafin\n|-activate|p2a: Palafin|move: Protect\n|\n|-heal|p1a: Gyarados|54/100|[from] item: Leftovers\n|upkeep\n|turn|4\n|inactive|radoovak has 30 seconds left.\n|\n|t:|1775981946\n|move|p2a: Palafin|Jet Punch|p1b: Rotom\n|-supereffective|p1b: Rotom|1\n|-damage|p1b: Rotom|14/100\n|move|p2b: Hydreigon|Dark Pulse|p1b: Rotom\n|-damage|p1b: Rotom|0 fnt\n|faint|p1b: Rotom\n|move|p1a: Gyarados|Waterfall|p2a: Palafin\n|-resisted|p2a: Palafin|1\n|-damage|p2a: Palafin|0 fnt\n|faint|p2a: Palafin\n|\n|-heal|p1a: Gyarados|60/100|[from] item: Leftovers\n|upkeep\n|\n|t:|1775981968\n|switch|p1b: Excadrill|Excadrill, L50, M|100/100\n|switch|p2a: Gengar|Gengar, L50, M|100/100\n|turn|5\n|\n|t:|1775981987\n|switch|p1a: Tyranitar|Tyranitar, L50, F|100/100\n|-weather|Sandstorm|[from] ability: Sand Stream|[of] p1a: Tyranitar\n|detailschange|p2a: Gengar|Gengar-Mega, L50, M\n|-mega|p2a: Gengar|Gengar|Gengarite\n|move|p1b: Excadrill|Iron Head|p2b: Hydreigon\n|-damage|p2b: Hydreigon|27/100\n|move|p2b: Hydreigon|Dark Pulse|p1b: Excadrill\n|-damage|p1b: Excadrill|47/100\n|move|p2a: Gengar|Will-O-Wisp|p1a: Tyranitar\n|-status|p1a: Tyranitar|brn\n|\n|-weather|Sandstorm|[upkeep]\n|-damage|p2b: Hydreigon|21/100|[from] Sandstorm\n|-damage|p2a: Gengar|94/100|[from] Sandstorm\n|-damage|p1a: Tyranitar|94/100 brn|[from] brn\n|upkeep\n|turn|6\n|inactive|lemond has 30 seconds left.\n|\n|t:|1775982016\n|switch|p2b: Sneasler|Sneasler, L50, F|100/100\n|move|p2a: Gengar|Protect|p2a: Gengar\n|-singleturn|p2a: Gengar|Protect\n|move|p1b: Excadrill|Iron Head|p2b: Sneasler\n|-damage|p2b: Sneasler|30/100\n|move|p1a: Tyranitar|Crunch|p2a: Gengar\n|-activate|p2a: Gengar|move: Protect\n|\n|-weather|Sandstorm|[upkeep]\n|-damage|p2a: Gengar|88/100|[from] Sandstorm\n|-damage|p2b: Sneasler|24/100|[from] Sandstorm\n|-damage|p1a: Tyranitar|88/100 brn|[from] brn\n|upkeep\n|turn|7\n|inactive|lemond has 30 seconds left.\n|inactive|radoovak has 30 seconds left.\n|inactive|radoovak has 20 seconds left.\n|inactive|radoovak has 15 seconds left.\n|inactive|radoovak has 10 seconds left.\n|\n|t:|1775982064\n|switch|p2b: Hydreigon|Hydreigon, L50, F|21/100\n|detailschange|p1a: Tyranitar|Tyranitar-Mega, L50, F\n|-mega|p1a: Tyranitar|Tyranitar|Tyranitarite\n|move|p1b: Excadrill|High Horsepower|p2a: Gengar\n|-supereffective|p2a: Gengar|1\n|-damage|p2a: Gengar|0 fnt\n|faint|p2a: Gengar\n|move|p1a: Tyranitar|Crunch|p2b: Hydreigon\n|-resisted|p2b: Hydreigon|1\n|-damage|p2b: Hydreigon|6/100\n|\n|-weather|Sandstorm|[upkeep]\n|-damage|p2b: Hydreigon|0 fnt|[from] Sandstorm\n|faint|p2b: Hydreigon\n|-damage|p1a: Tyranitar|82/100 brn|[from] brn\n|upkeep\n|\n|t:|1775982072\n|switch|p2b: Sneasler|Sneasler, L50, F|24/100\n|turn|8\n|\n|t:|1775982079\n|move|p1b: Excadrill|Protect|p1b: Excadrill\n|-singleturn|p1b: Excadrill|Protect\n|move|p1a: Tyranitar|Protect|p1a: Tyranitar\n|-singleturn|p1a: Tyranitar|Protect\n|move|p2b: Sneasler|Close Combat|p1a: Tyranitar\n|-activate|p1a: Tyranitar|move: Protect\n|\n|-weather|Sandstorm|[upkeep]\n|-damage|p2b: Sneasler|19/100|[from] Sandstorm\n|-damage|p1a: Tyranitar|76/100 brn|[from] brn\n|upkeep\n|turn|9\n|inactive|radoovak has 30 seconds left.\n|inactive|radoovak has 20 seconds left.\n|\n|t:|1775982117\n|switch|p1a: Gyarados|Gyarados, L50, M|60/100\n|-ability|p1a: Gyarados|Intimidate|boost\n|-unboost|p2b: Sneasler|atk|1\n|-enditem|p2b: Sneasler|White Herb\n|-clearnegativeboost|p2b: Sneasler|[silent]\n|move|p2b: Sneasler|Protect|p2b: Sneasler\n|-singleturn|p2b: Sneasler|Protect\n|move|p1b: Excadrill|Iron Head|p2b: Sneasler\n|-activate|p2b: Sneasler|move: Protect\n|\n|-weather|none\n|-heal|p1a: Gyarados|66/100|[from] item: Leftovers\n|upkeep\n|turn|10\n|\n|t:|1775982133\n|move|p2b: Sneasler|Dire Claw|p1a: Gyarados\n|-damage|p1a: Gyarados|24/100\n|-status|p1a: Gyarados|par\n|move|p1b: Excadrill|Iron Head|p2b: Sneasler\n|-damage|p2b: Sneasler|0 fnt\n|faint|p2b: Sneasler\n|\n|win|lemond\n|raw|lemond's rating: 1294 &rarr; <strong>1325</strong><br />(+31 for winning)\n|raw|radoovak's rating: 1375 &rarr; <strong>1350</strong><br />(-25 for losing)\n|c|\u2606radoovak|gg\n|l|\u2606radoovak\n|player|p2|\n|c|\u2606lemond|gg\n",
  "uploadtime": 1775982155,
  "views": 23,
  "formatid": "gen9championsvgc2026regma",
  "rating": 1325,
  "private": 0,
  "password": null
}