{
  "id": "gen9championsvgc2026regma-2582128206",
  "format": "[Gen 9 Champions] VGC 2026 Reg M-A",
  "players": [
    "loklastaji",
    "Momoi Runa"
  ],
  "log": "|j|\u2606loklastaji\n|j|\u2606Momoi Runa\n|t:|1776061597\n|gametype|doubles\n|player|p1|loklastaji|265|1276\n|player|p2|Momoi Runa|schoolkidf|1348\n|gen|9\n|tier|[Gen 9 Champions] VGC 2026 Reg M-A\n|rated|\n|rule|Species Clause: Limit one of each Pok\u00e9mon\n|rule|Item Clause: Limit 1 of each item\n|clearpoke\n|poke|p1|Samurott-Hisui, L50, F|\n|poke|p1|Mamoswine, L50, M|\n|poke|p1|Delphox, L50, F|\n|poke|p1|Tsareena, L50, F|\n|poke|p1|Corviknight, L50, F|\n|poke|p1|Altaria, L50, M|\n|poke|p2|Aegislash, L50, M|\n|poke|p2|Kangaskhan, L50, F|\n|poke|p2|Garchomp, L50, F|\n|poke|p2|Dragapult, L50, F|\n|poke|p2|Rotom-Heat, L50|\n|poke|p2|Sylveon, L50, F|\n|teampreview|4\n|inactive|Battle timer is ON: inactive players will automatically lose when time's up. (requested by Momoi Runa)\n|inactive|loklastaji has 60 seconds left.\n|\n|t:|1776061651\n|teamsize|p1|4\n|teamsize|p2|4\n|start\n|switch|p1a: Delphox|Delphox, L50, F|100/100\n|switch|p1b: Samurott|Samurott-Hisui, L50, F|100/100\n|switch|p2a: Dragapult|Dragapult, L50, F|100/100\n|switch|p2b: Sylveon|Sylveon, L50, F, shiny|100/100\n|turn|1\n|\n|t:|1776061671\n|detailschange|p1a: Delphox|Delphox-Mega, L50, F\n|-mega|p1a: Delphox|Delphox|Delphoxite\n|move|p1b: Samurott|Sucker Punch|p2a: Dragapult\n|-supereffective|p2a: Dragapult|1\n|-damage|p2a: Dragapult|5/100\n|move|p1a: Delphox|Heat Wave|p2a: Dragapult|[spread] p2a,p2b\n|-resisted|p2a: Dragapult|1\n|-damage|p2a: Dragapult|0 fnt\n|-damage|p2b: Sylveon|70/100\n|faint|p2a: Dragapult\n|move|p2b: Sylveon|Hyper Voice|p1a: Delphox|[spread] p1a,p1b\n|-resisted|p1a: Delphox|1\n|-supereffective|p1b: Samurott|1\n|-damage|p1a: Delphox|76/100\n|-damage|p1b: Samurott|0 fnt\n|faint|p1b: Samurott\n|\n|upkeep\n|\n|t:|1776061693\n|switch|p2a: Kangaskhan|Kangaskhan, L50, F|100/100\n|switch|p1b: Mamoswine|Mamoswine, L50, M|100/100\n|turn|2\n|inactive|loklastaji has 30 seconds left.\n|\n|t:|1776061719\n|switch|p1a: Tsareena|Tsareena, L50, F|100/100\n|detailschange|p2a: Kangaskhan|Kangaskhan-Mega, L50, F\n|-mega|p2a: Kangaskhan|Kangaskhan|Kangaskhanite\n|move|p2b: Sylveon|Detect|p2b: Sylveon\n|-singleturn|p2b: Sylveon|Protect\n|move|p1b: Mamoswine|Iron Head|p2b: Sylveon\n|-activate|p2b: Sylveon|move: Protect\n|move|p2a: Kangaskhan|Low Kick|p1b: Mamoswine\n|-supereffective|p1b: Mamoswine|1\n|-damage|p1b: Mamoswine|0 fnt\n|faint|p1b: Mamoswine\n|-hitcount|p1: Mamoswine|1\n|\n|upkeep\n|\n|t:|1776061733\n|switch|p1b: Delphox|Delphox-Mega, L50, F|76/100\n|turn|3\n|\n|t:|1776061743\n|move|p2b: Sylveon|Helping Hand|p2a: Kangaskhan\n|-singleturn|p2a: Kangaskhan|Helping Hand|[of] p2b: Sylveon\n|move|p1b: Delphox|Heat Wave|p2a: Kangaskhan|[spread] p2a,p2b\n|-damage|p2a: Kangaskhan|66/100\n|-damage|p2b: Sylveon|37/100\n|move|p1a: Tsareena|High Jump Kick|p2a: Kangaskhan\n|-supereffective|p2a: Kangaskhan|1\n|-damage|p2a: Kangaskhan|0 fnt\n|faint|p2a: Kangaskhan\n|\n|upkeep\n|\n|t:|1776061750\n|switch|p2a: Rotom|Rotom-Heat, L50|100/100\n|turn|4\n|\n|t:|1776061767\n|move|p2b: Sylveon|Detect|p2b: Sylveon\n|-singleturn|p2b: Sylveon|Protect\n|move|p1b: Delphox|Heat Wave|p2b: Sylveon|[spread] p2a\n|-activate|p2b: Sylveon|move: Protect\n|-resisted|p2a: Rotom|1\n|-damage|p2a: Rotom|80/100\n|move|p1a: Tsareena|High Jump Kick|p2a: Rotom\n|-damage|p2a: Rotom|38/100\n|-enditem|p2a: Rotom|Sitrus Berry|[eat]\n|-heal|p2a: Rotom|63/100|[from] item: Sitrus Berry\n|move|p2a: Rotom|Overheat|p1a: Tsareena\n|-supereffective|p1a: Tsareena|1\n|-enditem|p1a: Tsareena|Focus Sash\n|-damage|p1a: Tsareena|1/100\n|-unboost|p2a: Rotom|spa|2\n|\n|upkeep\n|turn|5\n|inactive|loklastaji has 30 seconds left.\n|\n|t:|1776061796\n|move|p2a: Rotom|Protect|p2a: Rotom\n|-singleturn|p2a: Rotom|Protect\n|move|p1b: Delphox|Psychic|p2b: Sylveon\n|-damage|p2b: Sylveon|0 fnt\n|faint|p2b: Sylveon\n|move|p1a: Tsareena|High Jump Kick|p2a: Rotom\n|-activate|p2a: Rotom|move: Protect\n|-damage|p1a: Tsareena|0 fnt|[from] highjumpkick\n|faint|p1a: Tsareena\n|\n|upkeep\n|turn|6\n|-message|Momoi Runa forfeited.\n|\n|win|loklastaji\n|raw|loklastaji's rating: 1276 &rarr; <strong>1306</strong><br />(+30 for winning)\n|raw|Momoi Runa's rating: 1348 &rarr; <strong>1324</strong><br />(-24 for losing)\n|l|\u2606Momoi Runa\n|player|p2|\n",
  "uploadtime": 1776061812,
  "views": 18,
  "formatid": "gen9championsvgc2026regma",
  "rating": 1306,
  "private": 0,
  "password": null
}