{
  "id": "gen9championsvgc2026regma-2586252263",
  "format": "[Gen 9 Champions] VGC 2026 Reg M-A",
  "players": [
    "SonLesco",
    "Yashinon"
  ],
  "log": "|j|\u2606SonLesco\n|j|\u2606Yashinon\n|t:|1776417593\n|gametype|doubles\n|player|p1|SonLesco|bruno|1159\n|player|p2|Yashinon|102|1217\n|gen|9\n|tier|[Gen 9 Champions] VGC 2026 Reg M-A\n|rated|\n|rule|Species Clause: Limit one of each Pok\u00e9mon\n|rule|Item Clause: Limit 1 of each item\n|clearpoke\n|poke|p1|Meganium, L50, F|\n|poke|p1|Archaludon, L50, F|\n|poke|p1|Aerodactyl, L50, M|\n|poke|p1|Typhlosion-Hisui, L50, F|\n|poke|p1|Tauros-Paldea-Aqua, L50, M|\n|poke|p1|Kangaskhan, L50, F|\n|poke|p2|Gengar, L50, M|\n|poke|p2|Incineroar, L50, M|\n|poke|p2|Politoed, L50, M|\n|poke|p2|Kommo-o, L50, M|\n|poke|p2|Sinistcha-Masterpiece, L50|\n|poke|p2|Primarina, L50, F|\n|teampreview|4\n|\n|t:|1776417637\n|teamsize|p1|4\n|teamsize|p2|4\n|start\n|switch|p1a: Concorde|Aerodactyl, L50, M|100/100\n|switch|p1b: MAGA|Meganium, L50, F|100/100\n|switch|p2a: Incineroar|Incineroar, L50, M|100/100\n|switch|p2b: Gengar|Gengar, L50, M|100/100\n|-ability|p1a: Concorde|Unnerve\n|-ability|p2a: Incineroar|Intimidate|boost\n|-unboost|p1a: Concorde|atk|1\n|-unboost|p1b: MAGA|atk|1\n|turn|1\n|\n|t:|1776417654\n|detailschange|p2b: Gengar|Gengar-Mega, L50, M\n|-mega|p2b: Gengar|Gengar|Gengarite\n|move|p1a: Concorde|Protect|p1a: Concorde\n|-singleturn|p1a: Concorde|Protect\n|move|p1b: MAGA|Protect|p1b: MAGA\n|-singleturn|p1b: MAGA|Protect\n|move|p2a: Incineroar|Fake Out|p1a: Concorde\n|-activate|p1a: Concorde|move: Protect\n|move|p2b: Gengar|Sludge Bomb|p1b: MAGA\n|-activate|p1b: MAGA|move: Protect\n|\n|upkeep\n|turn|2\n|\n|t:|1776417693\n|move|p1b: MAGA|Protect|p1b: MAGA\n|-singleturn|p1b: MAGA|Protect\n|move|p2b: Gengar|Sludge Bomb|p1b: MAGA\n|-activate|p1b: MAGA|move: Protect\n|move|p1a: Concorde|Tailwind|p1a: Concorde\n|-sidestart|p1: SonLesco|move: Tailwind\n|move|p2a: Incineroar|Parting Shot|p1a: Concorde\n|-unboost|p1a: Concorde|atk|1\n|-unboost|p1a: Concorde|spa|1\n|\n|t:|1776417706\n|switch|p2a: Kommo-o|Kommo-o, L50, M|100/100|[from] Parting Shot\n|\n|upkeep\n|turn|3\n|\n|t:|1776417720\n|detailschange|p1b: MAGA|Meganium-Mega, L50, F\n|-mega|p1b: MAGA|Meganium|Meganiumite\n|move|p1a: Concorde|Rock Slide|p2b: Gengar|[spread] p2a,p2b\n|-resisted|p2a: Kommo-o|1\n|-damage|p2a: Kommo-o|95/100\n|-damage|p2b: Gengar|86/100\n|move|p1b: MAGA|Dazzling Gleam|p2a: Kommo-o|[spread] p2a,p2b\n|-supereffective|p2a: Kommo-o|2\n|-resisted|p2b: Gengar|1\n|-damage|p2a: Kommo-o|0 fnt\n|-damage|p2b: Gengar|65/100\n|faint|p2a: Kommo-o\n|move|p2b: Gengar|Sludge Bomb|p1b: MAGA\n|-supereffective|p1b: MAGA|2\n|-damage|p1b: MAGA|0 fnt\n|faint|p1b: MAGA\n|\n|upkeep\n|\n|t:|1776417752\n|switch|p2a: Incineroar|Incineroar, L50, M|100/100\n|switch|p1b: Reunion|Typhlosion-Hisui, L50, F|100/100\n|-item|p2a: Incineroar|Shuca Berry|[from] ability: Frisk|[of] p1b: Reunion\n|-item|p2b: Gengar|Gengarite|[from] ability: Frisk|[of] p1b: Reunion\n|-ability|p2a: Incineroar|Intimidate|boost\n|-unboost|p1a: Concorde|atk|1\n|-unboost|p1b: Reunion|atk|1\n|turn|4\n|\n|t:|1776417783\n|move|p2b: Gengar|Protect|p2b: Gengar\n|-singleturn|p2b: Gengar|Protect\n|move|p1b: Reunion|Shadow Ball|p2b: Gengar\n|-activate|p2b: Gengar|move: Protect\n|move|p1a: Concorde|Rock Slide|p2a: Incineroar|[spread] p2a\n|-activate|p2b: Gengar|move: Protect\n|-supereffective|p2a: Incineroar|1\n|-damage|p2a: Incineroar|82/100\n|cant|p2a: Incineroar|flinch\n|\n|upkeep\n|turn|5\n|\n|t:|1776417814\n|switch|p2b: Sinistcha|Sinistcha-Masterpiece, L50|100/100\n|-heal|p2a: Incineroar|100/100|[from] ability: Hospitality|[of] p2b: Sinistcha\n|move|p1b: Reunion|Shadow Ball|p2b: Sinistcha\n|-supereffective|p2b: Sinistcha|1\n|-damage|p2b: Sinistcha|13/100\n|move|p1a: Concorde|Rock Slide|p2a: Incineroar|[spread] p2a,p2b\n|-supereffective|p2a: Incineroar|1\n|-damage|p2a: Incineroar|82/100\n|-damage|p2b: Sinistcha|4/100\n|move|p2a: Incineroar|Throat Chop|p1b: Reunion\n|-supereffective|p1b: Reunion|1\n|-damage|p1b: Reunion|10/100\n|-start|p1b: Reunion|Throat Chop|[silent]\n|\n|-sideend|p1: SonLesco|move: Tailwind\n|upkeep\n|turn|6\n|\n|t:|1776417908\n|switch|p2a: Gengar|Gengar-Mega, L50, M|65/100\n|move|p2b: Sinistcha|Protect|p2b: Sinistcha\n|-singleturn|p2b: Sinistcha|Protect\n|move|p1b: Reunion|Shadow Ball|p2b: Sinistcha\n|-activate|p2b: Sinistcha|move: Protect\n|move|p1a: Concorde|Tailwind|p1a: Concorde\n|-sidestart|p1: SonLesco|move: Tailwind\n|\n|-end|p1b: Reunion|Throat Chop|[silent]\n|upkeep\n|turn|7\n|\n|t:|1776417931\n|switch|p2b: Incineroar|Incineroar, L50, M|82/100\n|-ability|p2b: Incineroar|Intimidate|boost\n|-unboost|p1a: Concorde|atk|1\n|-unboost|p1b: Reunion|atk|1\n|move|p2a: Gengar|Protect|p2a: Gengar\n|-singleturn|p2a: Gengar|Protect\n|move|p1b: Reunion|Shadow Ball|p2a: Gengar\n|-activate|p2a: Gengar|move: Protect\n|move|p1a: Concorde|Rock Slide|p2a: Gengar|[spread] p2b\n|-activate|p2a: Gengar|move: Protect\n|-supereffective|p2b: Incineroar|1\n|-damage|p2b: Incineroar|66/100\n|\n|upkeep\n|turn|8\n|\n|t:|1776417955\n|switch|p2a: Sinistcha|Sinistcha-Masterpiece, L50|4/100\n|-heal|p2b: Incineroar|91/100|[from] ability: Hospitality|[of] p2a: Sinistcha\n|move|p1b: Reunion|Shadow Ball|p2a: Sinistcha\n|-supereffective|p2a: Sinistcha|1\n|-damage|p2a: Sinistcha|0 fnt\n|faint|p2a: Sinistcha\n|move|p1a: Concorde|Rock Slide|p2b: Incineroar\n|-supereffective|p2b: Incineroar|1\n|-damage|p2b: Incineroar|70/100\n|move|p2b: Incineroar|Throat Chop|p1b: Reunion\n|-supereffective|p1b: Reunion|1\n|-damage|p1b: Reunion|0 fnt\n|faint|p1b: Reunion\n|\n|upkeep\n|\n|t:|1776417971\n|switch|p1b: Daico's|Tauros-Paldea-Aqua, L50, M|100/100\n|switch|p2a: Gengar|Gengar-Mega, L50, M|65/100\n|-ability|p1b: Daico's|Intimidate|boost\n|-unboost|p2a: Gengar|atk|1\n|-unboost|p2b: Incineroar|atk|1\n|turn|9\n|\n|t:|1776418011\n|move|p2a: Gengar|Protect|p2a: Gengar\n|-singleturn|p2a: Gengar|Protect\n|move|p2b: Incineroar|Protect|p2b: Incineroar\n|-singleturn|p2b: Incineroar|Protect\n|move|p1a: Concorde|Rock Slide|p2b: Incineroar|[spread] \n|-activate|p2a: Gengar|move: Protect\n|-activate|p2b: Incineroar|move: Protect\n|move|p1b: Daico's|Close Combat|p2b: Incineroar\n|-activate|p2b: Incineroar|move: Protect\n|\n|-sideend|p1: SonLesco|move: Tailwind\n|upkeep\n|turn|10\n|\n|t:|1776418043\n|move|p1b: Daico's|Protect|p1b: Daico's\n|-singleturn|p1b: Daico's|Protect\n|move|p2a: Gengar|Sludge Bomb|p1b: Daico's\n|-activate|p1b: Daico's|move: Protect\n|move|p1a: Concorde|Tailwind|p1a: Concorde\n|-sidestart|p1: SonLesco|move: Tailwind\n|move|p2b: Incineroar|Throat Chop|p1a: Concorde\n|-damage|p1a: Concorde|65/100\n|-start|p1a: Concorde|Throat Chop|[silent]\n|\n|upkeep\n|turn|11\n|\n|t:|1776418061\n|move|p2b: Incineroar|Protect|p2b: Incineroar\n|-singleturn|p2b: Incineroar|Protect\n|move|p1a: Concorde|Rock Slide|p2a: Gengar|[spread] p2a\n|-activate|p2b: Incineroar|move: Protect\n|-damage|p2a: Gengar|55/100\n|move|p1b: Daico's|Close Combat|p2b: Incineroar\n|-activate|p2b: Incineroar|move: Protect\n|cant|p2a: Gengar|flinch\n|\n|-end|p1a: Concorde|Throat Chop|[silent]\n|upkeep\n|turn|12\n|\n|t:|1776418087\n|move|p2b: Incineroar|Protect||[still]\n|-fail|p2b: Incineroar\n|move|p1a: Concorde|Rock Slide|p2a: Gengar|[spread] p2a,p2b\n|-supereffective|p2b: Incineroar|1\n|-damage|p2a: Gengar|45/100\n|-damage|p2b: Incineroar|55/100\n|move|p1b: Daico's|Close Combat|p2b: Incineroar\n|-supereffective|p2b: Incineroar|1\n|-damage|p2b: Incineroar|0 fnt\n|-unboost|p1b: Daico's|def|1\n|-unboost|p1b: Daico's|spd|1\n|faint|p2b: Incineroar\n|-enditem|p1b: Daico's|White Herb\n|-clearnegativeboost|p1b: Daico's|[silent]\n|move|p2a: Gengar|Shadow Ball|p1a: Concorde\n|-damage|p1a: Concorde|8/100\n|\n|upkeep\n|turn|13\n|\n|t:|1776418110\n|move|p2a: Gengar|Protect|p2a: Gengar\n|-singleturn|p2a: Gengar|Protect\n|move|p1a: Concorde|Rock Slide|p2a: Gengar\n|-activate|p2a: Gengar|move: Protect\n|move|p1b: Daico's|Wave Crash|p2a: Gengar\n|-activate|p2a: Gengar|move: Protect\n|\n|-sideend|p1: SonLesco|move: Tailwind\n|upkeep\n|turn|14\n|\n|t:|1776418147\n|move|p2a: Gengar|Sludge Bomb|p1b: Daico's\n|-damage|p1b: Daico's|24/100\n|move|p1a: Concorde|Tailwind|p1a: Concorde\n|-sidestart|p1: SonLesco|move: Tailwind\n|move|p1b: Daico's|Wave Crash|p2a: Gengar\n|-damage|p2a: Gengar|0 fnt\n|faint|p2a: Gengar\n|-damage|p1b: Daico's|8/100|[from] Recoil\n|\n|win|SonLesco\n|raw|SonLesco's rating: 1159 &rarr; <strong>1188</strong><br />(+29 for winning)\n|raw|Yashinon's rating: 1217 &rarr; <strong>1188</strong><br />(-29 for losing)\n|l|\u2606Yashinon\n|player|p2|\n",
  "uploadtime": 1776418171,
  "views": 21,
  "formatid": "gen9championsvgc2026regma",
  "rating": 1188,
  "private": 0,
  "password": null
}