{
  "id": "gen9championsvgc2026regma-2587627279",
  "format": "[Gen 9 Champions] VGC 2026 Reg M-A",
  "players": [
    "Evil Yarrack",
    "FernandaXP"
  ],
  "log": "|j|\u2606Evil Yarrack\n|j|\u2606FernandaXP\n|t:|1776548262\n|gametype|doubles\n|player|p1|Evil Yarrack|youngster-gen4dp|1509\n|player|p2|FernandaXP|boarder|1467\n|gen|9\n|tier|[Gen 9 Champions] VGC 2026 Reg M-A\n|rated|\n|rule|Species Clause: Limit one of each Pok\u00e9mon\n|rule|Item Clause: Limit 1 of each item\n|clearpoke\n|poke|p1|Tyranitar, L50, F|\n|poke|p1|Lycanroc, L50, F|\n|poke|p1|Clawitzer, L50, F|\n|poke|p1|Whimsicott, L50, F|\n|poke|p1|Sinistcha, L50|\n|poke|p1|Corviknight, L50, F|\n|poke|p2|Froslass, L50, F|\n|poke|p2|Orthworm, L50, M|\n|poke|p2|Garchomp, L50, F|\n|poke|p2|Basculegion, L50, M|\n|poke|p2|Incineroar, L50, M|\n|poke|p2|Rotom-Frost, L50|\n|teampreview|4\n|inactive|Battle timer is ON: inactive players will automatically lose when time's up. (requested by Evil Yarrack)\n|j| DC7seven\n|inactive|FernandaXP has 60 seconds left.\n|\n|t:|1776548293\n|teamsize|p1|4\n|teamsize|p2|4\n|start\n|switch|p1a: Whimsicott|Whimsicott, L50, F|100/100\n|switch|p1b: Clawitzer|Clawitzer, L50, F|100/100\n|switch|p2a: Orthworm|Orthworm, L50, M|100/100\n|switch|p2b: Garchomp|Garchomp, L50, F|100/100\n|turn|1\n|inactive|FernandaXP has 30 seconds left.\n|\n|t:|1776548319\n|move|p1a: Whimsicott|Tailwind|p1a: Whimsicott\n|-sidestart|p1: Evil Yarrack|move: Tailwind\n|move|p1b: Clawitzer|Aura Sphere|p2a: Orthworm\n|-supereffective|p2a: Orthworm|1\n|-damage|p2a: Orthworm|0 fnt\n|faint|p2a: Orthworm\n|move|p2b: Garchomp|Earthquake|p1a: Whimsicott|[spread] p1a,p1b\n|-resisted|p1a: Whimsicott|1\n|-damage|p1a: Whimsicott|75/100\n|-damage|p1b: Clawitzer|53/100\n|\n|upkeep\n|\n|t:|1776548328\n|switch|p2a: Basculegion|Basculegion, L50, M|100/100\n|turn|2\n|inactive|FernandaXP has 30 seconds left.\n|\n|t:|1776548353\n|switch|p2b: Froslass|Froslass, L50, F|100/100\n|move|p1a: Whimsicott|Energy Ball|p2a: Basculegion\n|-supereffective|p2a: Basculegion|1\n|-damage|p2a: Basculegion|42/100\n|move|p1b: Clawitzer|Ice Beam|p2b: Froslass\n|-resisted|p2b: Froslass|1\n|-damage|p2b: Froslass|76/100\n|move|p2a: Basculegion|Last Respects|p1b: Clawitzer\n|-damage|p1b: Clawitzer|0 fnt\n|faint|p1b: Clawitzer\n|\n|upkeep\n|\n|t:|1776548364\n|switch|p1b: Lycanroc|Lycanroc, L50, F|100/100\n|turn|3\n|\n|t:|1776548373\n|switch|p2a: Garchomp|Garchomp, L50, F|100/100\n|move|p2b: Froslass|Protect|p2b: Froslass\n|-singleturn|p2b: Froslass|Protect\n|move|p1a: Whimsicott|Energy Ball|p2b: Froslass\n|-activate|p2b: Froslass|move: Protect\n|move|p1b: Lycanroc|Rock Slide|p2a: Garchomp|[spread] p2a\n|-activate|p2b: Froslass|move: Protect\n|-resisted|p2a: Garchomp|1\n|-damage|p2a: Garchomp|87/100\n|\n|upkeep\n|turn|4\n|inactive|Evil Yarrack has 30 seconds left.\n|inactive|FernandaXP has 30 seconds left.\n|inactive|Evil Yarrack has 20 seconds left.\n|inactive|FernandaXP has 20 seconds left.\n|inactive|Evil Yarrack has 15 seconds left.\n|inactive|FernandaXP has 15 seconds left.\n|\n|t:|1776548416\n|detailschange|p2b: Froslass|Froslass-Mega, L50, F\n|-mega|p2b: Froslass|Froslass|Froslassite\n|-weather|Snowscape|[from] ability: Snow Warning|[of] p2b: Froslass\n|move|p1b: Lycanroc|Protect|p1b: Lycanroc\n|-singleturn|p1b: Lycanroc|Protect\n|move|p1a: Whimsicott|Encore|p2b: Froslass\n|-start|p2b: Froslass|Encore\n|move|p2b: Froslass|Protect||[still]\n|-fail|p2b: Froslass\n|move|p2a: Garchomp|Rock Slide|p1b: Lycanroc|[spread] p1a\n|-activate|p1b: Lycanroc|move: Protect\n|-damage|p1a: Whimsicott|50/100\n|\n|-weather|Snowscape|[upkeep]\n|-sideend|p1: Evil Yarrack|move: Tailwind\n|upkeep\n|turn|5\n|inactive|FernandaXP has 30 seconds left.\n|\n|t:|1776548444\n|move|p2b: Froslass|Protect|p2b: Froslass\n|-singleturn|p2b: Froslass|Protect\n|move|p1a: Whimsicott|Tailwind|p1a: Whimsicott\n|-sidestart|p1: Evil Yarrack|move: Tailwind\n|move|p1b: Lycanroc|Rock Slide|p2b: Froslass|[spread] p2a\n|-activate|p2b: Froslass|move: Protect\n|-resisted|p2a: Garchomp|1\n|-damage|p2a: Garchomp|72/100\n|cant|p2a: Garchomp|flinch\n|\n|-weather|Snowscape|[upkeep]\n|upkeep\n|turn|6\n|inactive|FernandaXP has 30 seconds left.\n|inactive|FernandaXP has 20 seconds left.\n|\n|t:|1776548481\n|move|p2b: Froslass|Protect||[still]\n|-fail|p2b: Froslass\n|move|p2a: Garchomp|Protect|p2a: Garchomp\n|-singleturn|p2a: Garchomp|Protect\n|move|p1a: Whimsicott|Energy Ball|p2a: Garchomp\n|-activate|p2a: Garchomp|move: Protect\n|move|p1b: Lycanroc|Rock Slide|p2a: Garchomp|[spread] p2b\n|-activate|p2a: Garchomp|move: Protect\n|-supereffective|p2b: Froslass|1\n|-damage|p2b: Froslass|20/100\n|\n|-weather|Snowscape|[upkeep]\n|-end|p2b: Froslass|Encore\n|upkeep\n|turn|7\n|\n|t:|1776548504\n|move|p2b: Froslass|Protect|p2b: Froslass\n|-singleturn|p2b: Froslass|Protect\n|move|p1a: Whimsicott|Encore|p2a: Garchomp\n|-start|p2a: Garchomp|Encore\n|move|p2a: Garchomp|Protect|p2a: Garchomp\n|-singleturn|p2a: Garchomp|Protect\n|move|p1b: Lycanroc|Rock Slide|p2a: Garchomp|[spread] \n|-activate|p2a: Garchomp|move: Protect\n|-activate|p2b: Froslass|move: Protect\n|\n|-weather|Snowscape|[upkeep]\n|upkeep\n|turn|8\n|inactive|FernandaXP has 30 seconds left.\n|inactive|FernandaXP has 20 seconds left.\n|\n|t:|1776548539\n|switch|p2b: Basculegion|Basculegion, L50, M|42/100\n|move|p2a: Garchomp|Protect||[still]\n|-fail|p2a: Garchomp\n|move|p1a: Whimsicott|Energy Ball|p2b: Basculegion\n|-supereffective|p2b: Basculegion|1\n|-damage|p2b: Basculegion|0 fnt\n|faint|p2b: Basculegion\n|move|p1b: Lycanroc|Rock Slide|p2a: Garchomp\n|-resisted|p2a: Garchomp|1\n|-damage|p2a: Garchomp|54/100\n|\n|-weather|none\n|-sideend|p1: Evil Yarrack|move: Tailwind\n|upkeep\n|\n|t:|1776548551\n|switch|p2b: Froslass|Froslass-Mega, L50, F|20/100\n|-weather|Snowscape|[from] ability: Snow Warning|[of] p2b: Froslass\n|turn|9\n|l| DC7seven\n|\n|t:|1776548564\n|move|p2a: Garchomp|Protect|p2a: Garchomp\n|-singleturn|p2a: Garchomp|Protect\n|move|p1a: Whimsicott|Tailwind|p1a: Whimsicott\n|-sidestart|p1: Evil Yarrack|move: Tailwind\n|move|p1b: Lycanroc|Rock Slide|p2a: Garchomp|[spread] p2b\n|-activate|p2a: Garchomp|move: Protect\n|-supereffective|p2b: Froslass|1\n|-damage|p2b: Froslass|0 fnt\n|faint|p2b: Froslass\n|\n|-weather|Snowscape|[upkeep]\n|-end|p2a: Garchomp|Encore\n|upkeep\n|turn|10\n|\n|t:|1776548576\n|move|p1a: Whimsicott|Encore|p2a: Garchomp\n|-start|p2a: Garchomp|Encore\n|move|p2a: Garchomp|Protect||[still]\n|-fail|p2a: Garchomp\n|move|p1b: Lycanroc|Close Combat|p2a: Garchomp\n|-damage|p2a: Garchomp|17/100\n|-unboost|p1b: Lycanroc|def|1\n|-unboost|p1b: Lycanroc|spd|1\n|-damage|p1b: Lycanroc|88/100|[from] ability: Rough Skin|[of] p2a: Garchomp\n|\n|-weather|Snowscape|[upkeep]\n|upkeep\n|turn|11\n|\n|t:|1776548580\n|move|p2a: Garchomp|Protect|p2a: Garchomp\n|-singleturn|p2a: Garchomp|Protect\n|move|p1a: Whimsicott|Energy Ball|p2a: Garchomp\n|-activate|p2a: Garchomp|move: Protect\n|move|p1b: Lycanroc|Close Combat|p2a: Garchomp\n|-activate|p2a: Garchomp|move: Protect\n|\n|-weather|Snowscape|[upkeep]\n|upkeep\n|turn|12\n|\n|t:|1776548584\n|move|p2a: Garchomp|Protect|p2a: Garchomp\n|-singleturn|p2a: Garchomp|Protect\n|move|p1a: Whimsicott|Energy Ball|p2a: Garchomp\n|-activate|p2a: Garchomp|move: Protect\n|move|p1b: Lycanroc|Close Combat|p2a: Garchomp\n|-activate|p2a: Garchomp|move: Protect\n|\n|-weather|Snowscape|[upkeep]\n|-end|p2a: Garchomp|Encore\n|-sideend|p1: Evil Yarrack|move: Tailwind\n|upkeep\n|turn|13\n|\n|t:|1776548588\n|move|p1a: Whimsicott|Encore|p2a: Garchomp\n|-start|p2a: Garchomp|Encore\n|move|p2a: Garchomp|Protect||[still]\n|-fail|p2a: Garchomp\n|move|p1b: Lycanroc|Close Combat|p2a: Garchomp\n|-damage|p2a: Garchomp|0 fnt\n|-unboost|p1b: Lycanroc|def|1\n|-unboost|p1b: Lycanroc|spd|1\n|-damage|p1b: Lycanroc|76/100|[from] ability: Rough Skin|[of] p2a: Garchomp\n|faint|p2a: Garchomp\n|\n|win|Evil Yarrack\n|raw|Evil Yarrack's rating: 1467 &rarr; <strong>1487</strong><br />(+20 for winning)\n|raw|FernandaXP's rating: 1467 &rarr; <strong>1447</strong><br />(-20 for losing)\n|l|\u2606Evil Yarrack\n|player|p1|\n",
  "uploadtime": 1776548592,
  "views": 18,
  "formatid": "gen9championsvgc2026regma",
  "rating": 1447,
  "private": 0,
  "password": null
}