{
  "id": "gen9championsvgc2026regma-2585471524",
  "format": "[Gen 9 Champions] VGC 2026 Reg M-A",
  "players": [
    "andres rechoncho",
    "bigruckus#1"
  ],
  "log": "|j|\u2606andres rechoncho\n|j|\u203dbigruckus#1\n|t:|1776349512\n|gametype|doubles\n|player|p1|andres rechoncho|cyrus|1315\n|player|p2|bigruckus#1|266|1222\n|gen|9\n|tier|[Gen 9 Champions] VGC 2026 Reg M-A\n|rated|\n|rule|Species Clause: Limit one of each Pok\u00e9mon\n|rule|Item Clause: Limit 1 of each item\n|clearpoke\n|poke|p1|Gengar, L50, M|\n|poke|p1|Politoed, L50, F|\n|poke|p1|Archaludon, L50, F|\n|poke|p1|Incineroar, L50, M|\n|poke|p1|Basculegion, L50, M|\n|poke|p1|Sinistcha, L50|\n|poke|p2|Aggron, L50, M|\n|poke|p2|Incineroar, L50, M|\n|poke|p2|Pelipper, L50, M|\n|poke|p2|Basculegion, L50, M|\n|poke|p2|Sinistcha, L50|\n|poke|p2|Aerodactyl, L50, F|\n|teampreview|4\nandres rechoncho has agreed to open team sheets.\n|\n|t:|1776349550\n|teamsize|p1|4\n|teamsize|p2|4\n|start\n|switch|p1a: Politoed|Politoed, L50, F|100/100\n|switch|p1b: Basculegion|Basculegion, L50, M|100/100\n|switch|p2a: Aggron|Aggron, L50, M, shiny|100/100\n|switch|p2b: Sinistcha|Sinistcha, L50, shiny|100/100\n|-weather|RainDance|[from] ability: Drizzle|[of] p1a: Politoed\n|turn|1\n|\n|t:|1776349577\n|detailschange|p2a: Aggron|Aggron-Mega, L50, M, shiny\n|-mega|p2a: Aggron|Aggron|Aggronite\n|move|p1a: Politoed|Protect|p1a: Politoed\n|-singleturn|p1a: Politoed|Protect\n|move|p1b: Basculegion|Wave Crash|p2a: Aggron\n|-damage|p2a: Aggron|51/100\n|-damage|p1b: Basculegion|88/100|[from] Recoil\n|move|p2a: Aggron|Iron Defense|p2a: Aggron\n|-boost|p2a: Aggron|def|2\n|move|p2b: Sinistcha|Trick Room|p2b: Sinistcha\n|-fieldstart|move: Trick Room|[of] p2b: Sinistcha\n|\n|-weather|RainDance|[upkeep]\n|upkeep\n|turn|2\n|\n|t:|1776349614\n|switch|p1a: Sinistcha|Sinistcha, L50|100/100\n|-heal|p1b: Basculegion|100/100|[from] ability: Hospitality|[of] p1a: Sinistcha\n|switch|p1b: Archaludon|Archaludon, L50, F|100/100\n|move|p2b: Sinistcha|Rage Powder|p2b: Sinistcha\n|-singleturn|p2b: Sinistcha|move: Rage Powder\n|move|p2a: Aggron|Body Press|p1a: Sinistcha\n|-immune|p1a: Sinistcha\n|\n|-weather|RainDance|[upkeep]\n|upkeep\n|turn|3\n|\n|t:|1776349634\n|switch|p1b: Basculegion|Basculegion, L50, M|100/100\n|move|p2b: Sinistcha|Rage Powder|p2b: Sinistcha\n|-singleturn|p2b: Sinistcha|move: Rage Powder\n|move|p2a: Aggron|Body Press|p1b: Basculegion\n|-immune|p1b: Basculegion\n|move|p1a: Sinistcha|Trick Room|p1a: Sinistcha\n|-fieldend|move: Trick Room\n|\n|-weather|RainDance|[upkeep]\n|upkeep\n|turn|4\n|\n|t:|1776349650\n|move|p1b: Basculegion|Wave Crash|p2a: Aggron\n|-damage|p2a: Aggron|22/100\n|-damage|p1b: Basculegion|93/100|[from] Recoil\n|move|p1a: Sinistcha|Matcha Gotcha|p2b: Sinistcha|[spread] p2a,p2b\n|-resisted|p2a: Aggron|1\n|-resisted|p2b: Sinistcha|1\n|-damage|p2a: Aggron|6/100\n|-damage|p2b: Sinistcha|86/100\n|-status|p2a: Aggron|brn\n|move|p2a: Aggron|Thunder Wave|p1b: Basculegion\n|-status|p1b: Basculegion|par\n|move|p2b: Sinistcha|Trick Room|p2b: Sinistcha\n|-fieldstart|move: Trick Room|[of] p2b: Sinistcha\n|\n|-weather|RainDance|[upkeep]\n|-heal|p2b: Sinistcha|92/100|[from] item: Leftovers\n|-damage|p2a: Aggron|0 fnt|[from] brn\n|faint|p2a: Aggron\n|upkeep\n|\n|t:|1776349668\n|switch|p2a: Aerodactyl|Aerodactyl, L50, F, shiny|100/100\n|turn|5\n|\n|t:|1776349706\n|move|p2b: Sinistcha|Matcha Gotcha|p1a: Sinistcha|[spread] p1a,p1b\n|-resisted|p1a: Sinistcha|1\n|-supereffective|p1b: Basculegion|1\n|-damage|p1a: Sinistcha|88/100\n|-heal|p2b: Sinistcha|98/100|[from] drain|[of] p1a: Sinistcha\n|-damage|p1b: Basculegion|32/100 par\n|-heal|p2b: Sinistcha|100/100|[from] drain|[of] p1b: Basculegion\n|move|p1b: Basculegion|Wave Crash|p2a: Aerodactyl\n|-supereffective|p2a: Aerodactyl|1\n|-damage|p2a: Aerodactyl|0 fnt\n|faint|p2a: Aerodactyl\n|-damage|p1b: Basculegion|6/100 par|[from] Recoil\n|move|p1a: Sinistcha|Trick Room|p1a: Sinistcha\n|-fieldend|move: Trick Room\n|\n|-weather|none\n|upkeep\n|\n|t:|1776349721\n|switch|p2a: Incineroar|Incineroar, L50, M, shiny|100/100\n|-ability|p2a: Incineroar|Intimidate|boost\n|-unboost|p1a: Sinistcha|atk|1\n|-unboost|p1b: Basculegion|atk|1\n|turn|6\n|\n|t:|1776349735\n|move|p1a: Sinistcha|Protect|p1a: Sinistcha\n|-singleturn|p1a: Sinistcha|Protect\n|move|p2a: Incineroar|Darkest Lariat|p1a: Sinistcha\n|-activate|p1a: Sinistcha|move: Protect\n|move|p2b: Sinistcha|Life Dew||[still]|[still]|[spread] \n|-fail|p2a: Incineroar|heal\n|-fail|p2b: Sinistcha|heal\n|move|p1b: Basculegion|Wave Crash|p2a: Incineroar\n|-supereffective|p2a: Incineroar|1\n|-enditem|p2a: Incineroar|Passho Berry|[eat]\n|-enditem|p2a: Incineroar|Passho Berry|[weaken]\n|-damage|p2a: Incineroar|60/100\n|-damage|p1b: Basculegion|0 fnt|[from] Recoil\n|faint|p1b: Basculegion\n|\n|upkeep\n|\n|t:|1776349748\n|switch|p1b: Politoed|Politoed, L50, F|100/100\n|-weather|RainDance|[from] ability: Drizzle|[of] p1b: Politoed\n|turn|7\n|\n|t:|1776349872\n|switch|p1a: Archaludon|Archaludon, L50, F|100/100\n|move|p2a: Incineroar|Darkest Lariat|p1a: Archaludon\n|-damage|p1a: Archaludon|74/100\n|move|p1b: Politoed|Weather Ball|p2a: Incineroar\n|-supereffective|p2a: Incineroar|1\n|-damage|p2a: Incineroar|0 fnt\n|faint|p2a: Incineroar\n|move|p2b: Sinistcha|Matcha Gotcha|p1b: Politoed|[spread] p1a\n|-miss|p2b: Sinistcha|p1b: Politoed\n|-resisted|p1a: Archaludon|2\n|-crit|p1a: Archaludon\n|-damage|p1a: Archaludon|65/100\n|\n|-weather|RainDance|[upkeep]\n|upkeep\n|turn|8\n|inactive|Battle timer is ON: inactive players will automatically lose when time's up. (requested by andres rechoncho)\n|n|!andres rechoncho|andresrechoncho\n|inactive|bigruckus#1 also wants the timer to be on.\n|l|!andres rechoncho\n|inactive|andres rechoncho disconnected and has a minute to reconnect!\n|player|p1|\n|inactive|bigruckus#1 has 60 seconds left.\n|inactive|andres rechoncho has 30 seconds to reconnect!\n|inactive|andres rechoncho has 20 seconds to reconnect!\n|inactive|andres rechoncho has 15 seconds to reconnect!\n|-message|bigruckus#1 forfeited.\n|\n|win|andres rechoncho\n",
  "uploadtime": 1776349899,
  "views": 29,
  "formatid": "gen9championsvgc2026regma",
  "rating": null,
  "private": 0,
  "password": null
}