{
  "id": "gen9championsvgc2026regma-2582674100",
  "format": "[Gen 9 Champions] VGC 2026 Reg M-A",
  "players": [
    "NotTheRealAdo",
    "zachhax11"
  ],
  "log": "|j|\u2606NotTheRealAdo\n|j|\u2606zachhax11\n|t:|1776106458\n|gametype|doubles\n|player|p1|NotTheRealAdo|karen|1017\n|player|p2|zachhax11|1|1043\n|gen|9\n|tier|[Gen 9 Champions] VGC 2026 Reg M-A\n|rated|\n|rule|Species Clause: Limit one of each Pok\u00e9mon\n|rule|Item Clause: Limit 1 of each item\n|clearpoke\n|poke|p1|Floette-Eternal, L50, F|\n|poke|p1|Incineroar, L50, F|\n|poke|p1|Garchomp, L50, F|\n|poke|p1|Sneasler, L50, F|\n|poke|p1|Rotom-Wash, L50|\n|poke|p1|Aerodactyl, L50, M|\n|poke|p2|Rampardos, L50, M|\n|poke|p2|Medicham, L50, F|\n|poke|p2|Tyranitar, L50, M|\n|poke|p2|Zoroark-Hisui, L50, M|\n|poke|p2|Garchomp, L50, M|\n|poke|p2|Incineroar, L50, F|\n|teampreview|4\nzachhax11 rejected open team sheets.\n|\n|t:|1776106508\n|teamsize|p1|4\n|teamsize|p2|4\n|start\n|switch|p1a: Garchomp|Garchomp, L50, F|100/100\n|switch|p1b: Incineroar|Incineroar, L50, F|100/100\n|switch|p2a: Incineroar|Incineroar, L50, F|100/100\n|switch|p2b: Rampardos|Rampardos, L50, M, shiny|100/100\n|-ability|p2a: Incineroar|Intimidate|boost\n|-unboost|p1a: Garchomp|atk|1\n|-unboost|p1b: Incineroar|atk|1\n|-ability|p1b: Incineroar|Intimidate|boost\n|-unboost|p2a: Incineroar|atk|1\n|-unboost|p2b: Rampardos|atk|1\n|turn|1\n|\n|t:|1776106538\n|move|p2a: Incineroar|Fake Out|p1b: Incineroar\n|-damage|p1b: Incineroar|94/100\n|move|p2b: Rampardos|Icy Wind|p1a: Garchomp|[spread] p1a,p1b\n|-supereffective|p1a: Garchomp|2\n|-resisted|p1b: Incineroar|1\n|-damage|p1a: Garchomp|49/100\n|-damage|p1b: Incineroar|88/100\n|-unboost|p1a: Garchomp|spe|1\n|-unboost|p1b: Incineroar|spe|1\n|move|p1a: Garchomp|Stomping Tantrum|p2a: Incineroar\n|-supereffective|p2a: Incineroar|1\n|-damage|p2a: Incineroar|26/100\n|cant|p1b: Incineroar|flinch\n|\n|upkeep\n|turn|2\n|\n|t:|1776106564\n|move|p1a: Garchomp|Protect|p1a: Garchomp\n|-singleturn|p1a: Garchomp|Protect\n|move|p2b: Rampardos|Icy Wind|p1b: Incineroar|[spread] p1b\n|-activate|p1a: Garchomp|move: Protect\n|-resisted|p1b: Incineroar|1\n|-damage|p1b: Incineroar|83/100\n|-unboost|p1b: Incineroar|spe|1\n|move|p2a: Incineroar|Parting Shot|p1a: Garchomp\n|-activate|p1a: Garchomp|move: Protect\n|move|p1b: Incineroar|Parting Shot|p2b: Rampardos\n|-unboost|p2b: Rampardos|atk|1\n|-unboost|p2b: Rampardos|spa|1\n|\n|t:|1776106579\n|switch|p1b: Rotom|Rotom-Wash, L50|100/100|[from] Parting Shot\n|\n|upkeep\n|turn|3\n|\n|t:|1776106608\n|move|p1b: Rotom|Hydro Pump|p2b: Rampardos|[miss]\n|-miss|p1b: Rotom|p2b: Rampardos\n|move|p2b: Rampardos|Icy Wind|p1a: Garchomp|[spread] p1a,p1b\n|-supereffective|p1a: Garchomp|2\n|-resisted|p1b: Rotom|1\n|-damage|p1a: Garchomp|15/100\n|-damage|p1b: Rotom|96/100\n|-unboost|p1a: Garchomp|spe|1\n|-unboost|p1b: Rotom|spe|1\n|move|p2a: Incineroar|Parting Shot|p1b: Rotom\n|-unboost|p1b: Rotom|atk|1\n|-unboost|p1b: Rotom|spa|1\n|\n|t:|1776106620\n|switch|p2a: Medicham|Medicham, L50, F|100/100|[from] Parting Shot\n|move|p1a: Garchomp|Earthquake|p2b: Rampardos|[spread] p2a,p2b\n|-immune|p1b: Rotom|[from] ability: Levitate\n|-damage|p2a: Medicham|52/100\n|-damage|p2b: Rampardos|35/100\n|replace|p2b: Zoroark|Zoroark-Hisui, L50, M\n|-end|p2b: Zoroark|Illusion\n|\n|upkeep\n|turn|4\n|\n|t:|1776106643\n|switch|p1a: Incineroar|Incineroar, L50, F|83/100\n|-ability|p1a: Incineroar|Intimidate|boost\n|-unboost|p2a: Medicham|atk|1\n|-unboost|p2b: Zoroark|atk|1\n|move|p2a: Medicham|Fake Out|p1b: Rotom\n|-damage|p1b: Rotom|90/100\n|move|p2b: Zoroark|Icy Wind|p1b: Rotom|[spread] p1a,p1b\n|-resisted|p1a: Incineroar|1\n|-resisted|p1b: Rotom|1\n|-damage|p1a: Incineroar|80/100\n|-damage|p1b: Rotom|85/100\n|-unboost|p1a: Incineroar|spe|1\n|-unboost|p1b: Rotom|spe|1\n|cant|p1b: Rotom|flinch\n|\n|upkeep\n|turn|5\n|inactive|Battle timer is ON: inactive players will automatically lose when time's up. (requested by NotTheRealAdo)\n|\n|t:|1776106700\n|move|p2b: Zoroark|Shadow Claw|p1a: Incineroar\n|-resisted|p1a: Incineroar|1\n|-damage|p1a: Incineroar|77/100\n|move|p2a: Medicham|Close Combat|p1a: Incineroar\n|-supereffective|p1a: Incineroar|1\n|-damage|p1a: Incineroar|37/100\n|-unboost|p2a: Medicham|def|1\n|-unboost|p2a: Medicham|spd|1\n|-enditem|p1a: Incineroar|Sitrus Berry|[eat]\n|-heal|p1a: Incineroar|62/100|[from] item: Sitrus Berry\n|move|p1b: Rotom|Hydro Pump|p2b: Zoroark\n|-damage|p2b: Zoroark|0 fnt\n|faint|p2b: Zoroark\n|move|p1a: Incineroar|Throat Chop|p2a: Medicham\n|-damage|p2a: Medicham|0 fnt\n|faint|p2a: Medicham\n|\n|upkeep\n|\n|t:|1776106717\n|switch|p2b: Rampardos|Rampardos, L50, M, shiny|100/100\n|switch|p2a: Incineroar|Incineroar, L50, F|26/100\n|-ability|p2a: Incineroar|Intimidate|boost\n|-unboost|p1a: Incineroar|atk|1\n|-unboost|p1b: Rotom|atk|1\n|turn|6\n|inactive|NotTheRealAdo has 30 seconds left.\n|\n|t:|1776106753\n|move|p2a: Incineroar|Fake Out|p1b: Rotom\n|-damage|p1b: Rotom|70/100\n|move|p2b: Rampardos|Rock Slide|p1a: Incineroar|[spread] p1a,p1b\n|-supereffective|p1a: Incineroar|1\n|-damage|p1a: Incineroar|0 fnt\n|-damage|p1b: Rotom|20/100\n|faint|p1a: Incineroar\n|cant|p1b: Rotom|flinch\n|\n|upkeep\n|\n|t:|1776106769\n|switch|p1a: Mary Poppins|Floette-Eternal, L50, F|100/100\n|turn|7\n|inactive|zachhax11 has 30 seconds left.\n|inactive|zachhax11 has 20 seconds left.\n|inactive|zachhax11 has 15 seconds left.\n|inactive|zachhax11 has 10 seconds left.\n|\n|t:|1776106819\n|detailschange|p1a: Mary Poppins|Floette-Mega, L50, F\n|-mega|p1a: Mary Poppins|Floette|Floettite\n|-ability|p1a: Mary Poppins|Fairy Aura\n|move|p1a: Mary Poppins|Calm Mind|p1a: Mary Poppins\n|-boost|p1a: Mary Poppins|spa|1\n|-boost|p1a: Mary Poppins|spd|1\n|move|p2a: Incineroar|Darkest Lariat|p1b: Rotom\n|-damage|p1b: Rotom|0 fnt\n|faint|p1b: Rotom\n|move|p2b: Rampardos|Rock Slide|p1a: Mary Poppins\n|-damage|p1a: Mary Poppins|34/100\n|\n|upkeep\n|\n|t:|1776106833\n|switch|p1b: Garchomp|Garchomp, L50, F|15/100\n|turn|8\n|\n|t:|1776106849\n|move|p2b: Rampardos|Protect|p2b: Rampardos\n|-singleturn|p2b: Rampardos|Protect\n|move|p1b: Garchomp|Stomping Tantrum|p2b: Rampardos\n|-activate|p2b: Rampardos|move: Protect\n|move|p1a: Mary Poppins|Dazzling Gleam|p2a: Incineroar|[spread] p2a\n|-activate|p2b: Rampardos|move: Protect\n|-damage|p2a: Incineroar|0 fnt\n|faint|p2a: Incineroar\n|\n|upkeep\n|turn|9\n|\n|t:|1776106861\n|move|p1b: Garchomp|Stomping Tantrum|p2b: Rampardos\n|-supereffective|p2b: Rampardos|1\n|-enditem|p2b: Rampardos|Focus Sash\n|-damage|p2b: Rampardos|1/100\n|move|p1a: Mary Poppins|Moonblast|p2b: Rampardos\n|-damage|p2b: Rampardos|0 fnt\n|faint|p2b: Rampardos\n|\n|win|NotTheRealAdo\n|raw|NotTheRealAdo's rating: 1017 &rarr; <strong>1057</strong><br />(+40 for winning)\n|raw|zachhax11's rating: 1043 &rarr; <strong>1025</strong><br />(-18 for losing)\n|l|\u2606zachhax11\n|player|p2|\n",
  "uploadtime": 1776106876,
  "views": 12,
  "formatid": "gen9championsvgc2026regma",
  "rating": 1025,
  "private": 0,
  "password": null
}