{
  "id": "gen9championsvgc2026regma-2584443465",
  "format": "[Gen 9 Champions] VGC 2026 Reg M-A",
  "players": [
    "dragapultintin",
    "pen ref"
  ],
  "log": "|j|\u2606dragapultintin\n|j|\u2606pen ref\n|t:|1776261245\n|gametype|doubles\n|player|p1|dragapultintin|ethan|1186\n|player|p2|pen ref|lucas|1104\n|gen|9\n|tier|[Gen 9 Champions] VGC 2026 Reg M-A\n|rated|\n|rule|Species Clause: Limit one of each Pok\u00e9mon\n|rule|Item Clause: Limit 1 of each item\n|clearpoke\n|poke|p1|Floette-Eternal, L50, F|\n|poke|p1|Delphox, L50, F|\n|poke|p1|Kingambit, L50, F|\n|poke|p1|Sinistcha-Masterpiece, L50|\n|poke|p1|Garchomp, L50, M|\n|poke|p1|Incineroar, L50, F|\n|poke|p2|Politoed, L50, M|\n|poke|p2|Basculegion, L50, M|\n|poke|p2|Pelipper, L50, M|\n|poke|p2|Archaludon, L50, M|\n|poke|p2|Drampa, L50, F|\n|poke|p2|Alakazam, L50, F|\n|teampreview|4\n|inactive|Battle timer is ON: inactive players will automatically lose when time's up. (requested by pen ref)\n|inactive|dragapultintin also wants the timer to be on.\n|c|\u2606pen ref|glhf\n|inactive|dragapultintin has 60 seconds left.\n|c|\u2606pen ref|do u want sheets?\n|inactive|dragapultintin has 30 seconds left.\n|inactive|dragapultintin has 20 seconds left.\n|inactive|dragapultintin has 15 seconds left.\n|inactive|dragapultintin has 10 seconds left.\n|inactive|dragapultintin has 5 seconds left.\n|\n|t:|1776261336\n|teamsize|p1|4\n|teamsize|p2|4\n|start\n|switch|p1a: Floette|Floette-Eternal, L50, F|100/100\n|switch|p1b: Delphox|Delphox, L50, F|100/100\n|switch|p2a: Politoed|Politoed, L50, M|100/100\n|switch|p2b: Archaludon|Archaludon, L50, M|100/100\n|-weather|RainDance|[from] ability: Drizzle|[of] p2a: Politoed\n|turn|1\n|c|\u2606pen ref|why did u take so damm long\n|inactive|dragapultintin has 30 seconds left.\n|inactive|dragapultintin has 20 seconds left.\n|inactive|dragapultintin has 15 seconds left.\n|inactive|dragapultintin has 10 seconds left.\n|inactive|dragapultintin has 5 seconds left.\n|\n|t:|1776261391\n|move|p1b: Delphox|Heat Wave|p2a: Politoed|[spread] p2b\n|-miss|p1b: Delphox|p2a: Politoed\n|-damage|p2b: Archaludon|79/100\n|-ability|p2b: Archaludon|Stamina|boost\n|-boost|p2b: Archaludon|def|1\n|move|p2b: Archaludon|Electro Shot||[still]\n|-prepare|p2b: Archaludon|Electro Shot\n|-boost|p2b: Archaludon|spa|1\n|-anim|p2b: Archaludon|Electro Shot|p1a: Floette\n|-damage|p1a: Floette|48/100\n|move|p1a: Floette|Moonblast|p2a: Politoed\n|-damage|p2a: Politoed|56/100\n|move|p2a: Politoed|Weather Ball|p1b: Delphox\n|-supereffective|p1b: Delphox|1\n|-crit|p1b: Delphox\n|-damage|p1b: Delphox|0 fnt\n|faint|p1b: Delphox\n|\n|-weather|RainDance|[upkeep]\n|-heal|p2a: Politoed|62/100|[from] item: Leftovers\n|upkeep\n|inactive|dragapultintin has 30 seconds left.\n|inactive|dragapultintin has 20 seconds left.\n|c|\u2606pen ref|welp u can stall but i still win this\n|inactive|dragapultintin has 15 seconds left.\n|c|\u2606pen ref|lol\n|inactive|dragapultintin has 10 seconds left.\n|inactive|dragapultintin has 5 seconds left.\n|\n|t:|1776261446\n|switch|p1b: Kingambit|Kingambit, L50, F|100/100\n|turn|2\n|\n|t:|1776261469\n|detailschange|p1a: Floette|Floette-Mega, L50, F\n|-mega|p1a: Floette|Floette|Floettite\n|-ability|p1a: Floette|Fairy Aura\n|move|p2b: Archaludon|Electro Shot||[still]\n|-prepare|p2b: Archaludon|Electro Shot\n|-boost|p2b: Archaludon|spa|1\n|-anim|p2b: Archaludon|Electro Shot|p1a: Floette\n|-damage|p1a: Floette|0 fnt\n|faint|p1a: Floette\n|move|p2a: Politoed|Earth Power|p1b: Kingambit\n|-supereffective|p1b: Kingambit|1\n|-damage|p1b: Kingambit|48/100\n|move|p1b: Kingambit|Swords Dance|p1b: Kingambit\n|-boost|p1b: Kingambit|atk|2\n|\n|-weather|RainDance|[upkeep]\n|-heal|p2a: Politoed|69/100|[from] item: Leftovers\n|upkeep\n|c|\u2606pen ref|nice mega lol\n|c|\u2606pen ref|ur so good\n|c|\u2606dragapultintin|wtf\n|inactive|dragapultintin has 30 seconds left.\n|c|\u2606dragapultintin|i wasnt even playing\n|\n|t:|1776261501\n|switch|p1a: Sinistcha|Sinistcha-Masterpiece, L50|100/100\n|-heal|p1b: Kingambit|73/100|[from] ability: Hospitality|[of] p1a: Sinistcha\n|turn|3\n|c|\u2606pen ref|oh rlly?\n|c|\u2606pen ref|ohhh thats why the stall\n|c|\u2606pen ref|ok mb\n|c|\u2606pen ref|i over reacted wildly\n|inactive|pen ref has 30 seconds left.\n|c|\u2606dragapultintin|i see xd\n|\n|t:|1776261530\n|move|p1b: Kingambit|Protect|p1b: Kingambit\n|-singleturn|p1b: Kingambit|Protect\n|move|p2b: Archaludon|Electro Shot||[still]\n|-prepare|p2b: Archaludon|Electro Shot\n|-boost|p2b: Archaludon|spa|1\n|-anim|p2b: Archaludon|Electro Shot|p1b: Kingambit\n|-activate|p1b: Kingambit|move: Protect\n|move|p2a: Politoed|Earth Power|p1b: Kingambit\n|-activate|p1b: Kingambit|move: Protect\n|move|p1a: Sinistcha|Trick Room|p1a: Sinistcha\n|-fieldstart|move: Trick Room|[of] p1a: Sinistcha\n|\n|-weather|RainDance|[upkeep]\n|-heal|p2a: Politoed|75/100|[from] item: Leftovers\n|upkeep\n|turn|4\n|c|\u2606pen ref|as u can tell i hate when people stall\n|\n|t:|1776261551\n|move|p2a: Politoed|Protect|p2a: Politoed\n|-singleturn|p2a: Politoed|Protect\n|move|p2b: Archaludon|Protect|p2b: Archaludon\n|-singleturn|p2b: Archaludon|Protect\n|move|p1b: Kingambit|Kowtow Cleave|p2b: Archaludon\n|-activate|p2b: Archaludon|move: Protect\n|move|p1a: Sinistcha|Matcha Gotcha|p2a: Politoed|[spread] \n|-activate|p2a: Politoed|move: Protect\n|-activate|p2b: Archaludon|move: Protect\n|\n|-weather|RainDance|[upkeep]\n|-heal|p2a: Politoed|81/100|[from] item: Leftovers\n|upkeep\n|turn|5\n|c|\u2606pen ref|but time i mean\n|c|\u2606pen ref|turns i dont rlly care\n|\n|t:|1776261574\n|move|p1a: Sinistcha|Rage Powder|p1a: Sinistcha\n|-singleturn|p1a: Sinistcha|move: Rage Powder\n|move|p1b: Kingambit|Kowtow Cleave|p2b: Archaludon\n|-damage|p2b: Archaludon|20/100\n|-ability|p2b: Archaludon|Stamina|boost\n|-boost|p2b: Archaludon|def|1\n|move|p2a: Politoed|Earth Power|p1a: Sinistcha\n|-resisted|p1a: Sinistcha|1\n|-damage|p1a: Sinistcha|90/100\n|move|p2b: Archaludon|Electro Shot||[still]\n|-prepare|p2b: Archaludon|Electro Shot\n|-boost|p2b: Archaludon|spa|1\n|-anim|p2b: Archaludon|Electro Shot|p1a: Sinistcha\n|-resisted|p1a: Sinistcha|1\n|-damage|p1a: Sinistcha|37/100\n|-enditem|p1a: Sinistcha|Sitrus Berry|[eat]\n|-heal|p1a: Sinistcha|62/100|[from] item: Sitrus Berry\n|\n|-weather|none\n|-heal|p2a: Politoed|87/100|[from] item: Leftovers\n|upkeep\n|turn|6\n|\n|t:|1776261590\n|move|p2a: Politoed|Protect|p2a: Politoed\n|-singleturn|p2a: Politoed|Protect\n|move|p2b: Archaludon|Protect|p2b: Archaludon\n|-singleturn|p2b: Archaludon|Protect\n|move|p1b: Kingambit|Kowtow Cleave|p2b: Archaludon\n|-activate|p2b: Archaludon|move: Protect\n|move|p1a: Sinistcha|Matcha Gotcha|p2a: Politoed|[spread] \n|-activate|p2a: Politoed|move: Protect\n|-activate|p2b: Archaludon|move: Protect\n|\n|-heal|p2a: Politoed|93/100|[from] item: Leftovers\n|upkeep\n|turn|7\n|\n|t:|1776261606\n|move|p2b: Archaludon|Protect|p2b: Archaludon\n|-singleturn|p2b: Archaludon|Protect\n|move|p1b: Kingambit|Kowtow Cleave|p2b: Archaludon\n|-activate|p2b: Archaludon|move: Protect\n|move|p2a: Politoed|Ice Beam|p1a: Sinistcha\n|-supereffective|p1a: Sinistcha|1\n|-damage|p1a: Sinistcha|15/100\n|move|p1a: Sinistcha|Matcha Gotcha|p2a: Politoed|[spread] p2a\n|-activate|p2b: Archaludon|move: Protect\n|-supereffective|p2a: Politoed|1\n|-damage|p2a: Politoed|47/100\n|-heal|p1a: Sinistcha|40/100|[from] drain|[of] p2a: Politoed\n|\n|-heal|p2a: Politoed|53/100|[from] item: Leftovers\n|-fieldend|move: Trick Room\n|upkeep\n|turn|8\n|c|\u2606pen ref|ohhh\n|c|\u2606pen ref|archaludon ur so goated\n|inactive|pen ref has 30 seconds left.\n|c|\u2606pen ref|gg\n|\n|t:|1776261645\n|move|p1a: Sinistcha|Rage Powder|p1a: Sinistcha\n|-singleturn|p1a: Sinistcha|move: Rage Powder\n|move|p2b: Archaludon|Dragon Pulse|p1a: Sinistcha\n|-damage|p1a: Sinistcha|0 fnt\n|faint|p1a: Sinistcha\n|move|p2a: Politoed|Ice Beam|p1b: Kingambit\n|-resisted|p1b: Kingambit|1\n|-damage|p1b: Kingambit|60/100\n|move|p1b: Kingambit|Kowtow Cleave|p2b: Archaludon\n|-damage|p2b: Archaludon|0 fnt\n|faint|p2b: Archaludon\n|\n|-heal|p2a: Politoed|59/100|[from] item: Leftovers\n|upkeep\n|c|\u2606pen ref|welp might be too soon\n|\n|t:|1776261658\n|switch|p2b: Basculegion|Basculegion, L50, M|100/100\n|turn|9\n|\n|t:|1776261668\n|switch|p2a: Pelipper|Pelipper, L50, M|100/100\n|-weather|RainDance|[from] ability: Drizzle|[of] p2a: Pelipper\n|move|p1b: Kingambit|Sucker Punch|p2b: Basculegion\n|-supereffective|p2b: Basculegion|1\n|-damage|p2b: Basculegion|0 fnt\n|faint|p2b: Basculegion\n|\n|-weather|RainDance|[upkeep]\n|upkeep\n|\n|t:|1776261674\n|switch|p2b: Politoed|Politoed, L50, M|59/100\n|turn|10\n|\n|t:|1776261684\n|move|p2b: Politoed|Earth Power|p1b: Kingambit\n|-supereffective|p1b: Kingambit|1\n|-damage|p1b: Kingambit|4/100\n|move|p2a: Pelipper|Tailwind|p2a: Pelipper\n|-sidestart|p2: pen ref|move: Tailwind\n|move|p1b: Kingambit|Kowtow Cleave|p2a: Pelipper\n|-damage|p2a: Pelipper|27/100\n|\n|-weather|RainDance|[upkeep]\n|-heal|p2b: Politoed|65/100|[from] item: Leftovers\n|upkeep\n|turn|11\n|\n|t:|1776261694\n|move|p1b: Kingambit|Sucker Punch|p2b: Politoed\n|-damage|p2b: Politoed|0 fnt\n|faint|p2b: Politoed\n|move|p2a: Pelipper|Knock Off|p1b: Kingambit\n|-resisted|p1b: Kingambit|1\n|-damage|p1b: Kingambit|0 fnt\n|-enditem|p1b: Kingambit|Chople Berry|[from] move: Knock Off|[of] p2a: Pelipper\n|faint|p1b: Kingambit\n|\n|win|pen ref\n|raw|dragapultintin's rating: 1186 &rarr; <strong>1155</strong><br />(-31 for losing)\n|raw|pen ref's rating: 1104 &rarr; <strong>1135</strong><br />(+31 for winning)\n",
  "uploadtime": 1776261694,
  "views": 24,
  "formatid": "gen9championsvgc2026regma",
  "rating": 1135,
  "private": 0,
  "password": null
}