{
  "id": "gen9championsvgc2026regma-2580779052",
  "format": "[Gen 9 Champions] VGC 2026 Reg M-A",
  "players": [
    "syn001",
    "GoodraSweetheart76"
  ],
  "log": "|j|\u2606syn001\n|j|\u2606GoodraSweetheart76\n|t:|1775931787\n|gametype|doubles\n|player|p1|syn001|cynthia-gen4|1049\n|player|p2|GoodraSweetheart76|caitlin|1070\n|gen|9\n|tier|[Gen 9 Champions] VGC 2026 Reg M-A\n|rated|\n|rule|Species Clause: Limit one of each Pok\u00e9mon\n|rule|Item Clause: Limit 1 of each item\n|clearpoke\n|poke|p1|Sylveon, L50, F|\n|poke|p1|Glimmora, L50, F|\n|poke|p1|Tsareena, L50, F|\n|poke|p1|Aerodactyl, L50, M|\n|poke|p1|Sneasler, L50, M|\n|poke|p1|Basculegion, L50, M|\n|poke|p2|Kangaskhan, L50, F|\n|poke|p2|Hydreigon, L50, M|\n|poke|p2|Primarina, L50, M|\n|poke|p2|Arcanine-Hisui, L50, F|\n|poke|p2|Aegislash, L50, M|\n|poke|p2|Whimsicott, L50, F|\n|teampreview|4\n|\n|t:|1775931851\n|teamsize|p1|4\n|teamsize|p2|4\n|start\n|switch|p1a: Glimmora|Glimmora, L50, F|100/100\n|switch|p1b: Sneasler|Sneasler, L50, M|100/100\n|switch|p2a: Kangaskhan|Kangaskhan, L50, F|100/100\n|switch|p2b: Whimsicott|Whimsicott, L50, F, shiny|100/100\n|turn|1\n|\n|t:|1775931872\n|switch|p2b: Aegislash|Aegislash, L50, M|100/100\n|detailschange|p1a: Glimmora|Glimmora-Mega, L50, F\n|-mega|p1a: Glimmora|Glimmora|Glimmoranite\n|detailschange|p2a: Kangaskhan|Kangaskhan-Mega, L50, F\n|-mega|p2a: Kangaskhan|Kangaskhan|Kangaskhanite\n|move|p1b: Sneasler|Fake Out|p2b: Aegislash\n|-immune|p2b: Aegislash\n|move|p2a: Kangaskhan|Fake Out|p1a: Glimmora\n|-resisted|p1a: Glimmora|1\n|-damage|p1a: Glimmora|89/100\n|-resisted|p1a: Glimmora|1\n|-damage|p1a: Glimmora|86/100\n|-hitcount|p1a: Glimmora|2\n|cant|p1a: Glimmora|flinch\n|\n|upkeep\n|turn|2\n|\n|t:|1775931894\n|switch|p2a: Whimsicott|Whimsicott, L50, F, shiny|100/100\n|move|p1a: Glimmora|Spiky Shield|p1a: Glimmora\n|-singleturn|p1a: Glimmora|move: Protect\n|move|p1b: Sneasler|Close Combat|p2a: Whimsicott\n|-resisted|p2a: Whimsicott|1\n|-damage|p2a: Whimsicott|61/100\n|-unboost|p1b: Sneasler|def|1\n|-unboost|p1b: Sneasler|spd|1\n|-formechange|p2b: Aegislash|Aegislash-Blade|\n|move|p2b: Aegislash|Iron Head|p1a: Glimmora\n|-activate|p1a: Glimmora|move: Protect\n|-damage|p2b: Aegislash|89/100|[from] Spiky Shield|[of] p1a: Glimmora\n|\n|upkeep\n|turn|3\n|\n|t:|1775931924\n|move|p2a: Whimsicott|Encore|p1a: Glimmora\n|-start|p1a: Glimmora|Encore\n|move|p1a: Glimmora|Spiky Shield||[still]\n|-fail|p1a: Glimmora\n|move|p1b: Sneasler|Coaching|p1a: Glimmora\n|-boost|p1a: Glimmora|atk|1\n|-boost|p1a: Glimmora|def|1\n|move|p2b: Aegislash|Iron Head|p1b: Sneasler\n|-enditem|p1b: Sneasler|Focus Sash\n|-damage|p1b: Sneasler|1/100\n|\n|upkeep\n|turn|4\n|\n|t:|1775931953\n|move|p1a: Glimmora|Spiky Shield|p1a: Glimmora\n|-singleturn|p1a: Glimmora|move: Protect\n|-formechange|p2b: Aegislash|Aegislash|\n|move|p2b: Aegislash|King's Shield|p2b: Aegislash\n|-singleturn|p2b: Aegislash|Protect\n|move|p2a: Whimsicott|Tailwind|p2a: Whimsicott\n|-sidestart|p2: GoodraSweetheart76|move: Tailwind\n|move|p1b: Sneasler|Dire Claw|p2a: Whimsicott\n|-supereffective|p2a: Whimsicott|2\n|-damage|p2a: Whimsicott|0 fnt\n|faint|p2a: Whimsicott\n|\n|upkeep\n|\n|t:|1775931966\n|switch|p2a: Kangaskhan|Kangaskhan-Mega, L50, F|100/100\n|turn|5\n|\n|t:|1775931997\n|switch|p1a: Tsareena|Tsareena, L50, F|100/100\n|move|p1b: Sneasler|Close Combat|p2a: Kangaskhan\n|-supereffective|p2a: Kangaskhan|1\n|-damage|p2a: Kangaskhan|0 fnt\n|-unboost|p1b: Sneasler|def|1\n|-unboost|p1b: Sneasler|spd|1\n|faint|p2a: Kangaskhan\n|-formechange|p2b: Aegislash|Aegislash-Blade|\n|move|p2b: Aegislash|Iron Head|p1a: Tsareena\n|-damage|p1a: Tsareena|60/100\n|\n|upkeep\n|c|\u2606GoodraSweetheart76|lmao forgot about unburden\n|\n|t:|1775932017\n|switch|p2a: Hydreigon|Hydreigon, L50, M, shiny|100/100\n|turn|6\n|\n|t:|1775932038\n|move|p2a: Hydreigon|Dark Pulse|p1b: Sneasler\n|-resisted|p1b: Sneasler|1\n|-damage|p1b: Sneasler|0 fnt\n|faint|p1b: Sneasler\n|move|p2b: Aegislash|Poltergeist|p1a: Tsareena\n|-activate|p1a: Tsareena|move: Poltergeist|Bright Powder\n|-crit|p1a: Tsareena\n|-damage|p1a: Tsareena|0 fnt\n|faint|p1a: Tsareena\n|\n|upkeep\n|\n|t:|1775932047\n|switch|p1b: Glimmora|Glimmora-Mega, L50, F|86/100\n|switch|p1a: Basculegion|Basculegion, L50, M|100/100\n|turn|7\n|\n|t:|1775932096\n|move|p1b: Glimmora|Spiky Shield|p1b: Glimmora\n|-singleturn|p1b: Glimmora|move: Protect\n|-formechange|p2b: Aegislash|Aegislash|\n|move|p2b: Aegislash|King's Shield|p2b: Aegislash\n|-singleturn|p2b: Aegislash|Protect\n|move|p1a: Basculegion|Aqua Jet|p2b: Aegislash\n|-activate|p2b: Aegislash|move: Protect\n|-unboost|p1a: Basculegion|atk|1\n|move|p2a: Hydreigon|Dark Pulse|p1a: Basculegion\n|-supereffective|p1a: Basculegion|1\n|-damage|p1a: Basculegion|0 fnt\n|faint|p1a: Basculegion\n|\n|-sideend|p2: GoodraSweetheart76|move: Tailwind\n|upkeep\n|turn|8\n|inactive|Battle timer is ON: inactive players will automatically lose when time's up. (requested by syn001)\n|\n|t:|1775932144\n|move|p2a: Hydreigon|Dark Pulse|p1b: Glimmora\n|-damage|p1b: Glimmora|31/100\n|move|p1b: Glimmora|Sludge Bomb|p2a: Hydreigon\n|-damage|p2a: Hydreigon|18/100\n|-formechange|p2b: Aegislash|Aegislash-Blade|\n|move|p2b: Aegislash|Iron Head|p1b: Glimmora\n|-supereffective|p1b: Glimmora|1\n|-damage|p1b: Glimmora|0 fnt\n|faint|p1b: Glimmora\n|\n|win|GoodraSweetheart76\n|raw|syn001's rating: 1049 &rarr; <strong>1033</strong><br />(-16 for losing)\n|raw|GoodraSweetheart76's rating: 1070 &rarr; <strong>1098</strong><br />(+28 for winning)\n",
  "uploadtime": 1775932153,
  "views": 11,
  "formatid": "gen9championsvgc2026regma",
  "rating": 1033,
  "private": 0,
  "password": null
}