{
  "id": "gen9championsvgc2026regma-2585241171",
  "format": "[Gen 9 Champions] VGC 2026 Reg M-A",
  "players": [
    "justthegold",
    "coconutfan"
  ],
  "log": "|j|\u2606justthegold\n|j|\u2606coconutfan\n|t:|1776328930\n|gametype|doubles\n|player|p1|justthegold|bugcatcher-gen4dp|1025\n|player|p2|coconutfan|101|1000\n|gen|9\n|tier|[Gen 9 Champions] VGC 2026 Reg M-A\n|rated|\n|rule|Species Clause: Limit one of each Pok\u00e9mon\n|rule|Item Clause: Limit 1 of each item\n|clearpoke\n|poke|p1|Floette-Eternal, L50, F|\n|poke|p1|Incineroar, L50, M|\n|poke|p1|Milotic, L50, F|\n|poke|p1|Whimsicott, L50, M|\n|poke|p1|Garchomp, L50, M|\n|poke|p1|Gallade, L50, M|\n|poke|p2|Floette-Eternal, L50, F|\n|poke|p2|Sinistcha, L50|\n|poke|p2|Scizor, L50, F|\n|poke|p2|Sneasler, L50, M|\n|poke|p2|Aerodactyl, L50, M|\n|poke|p2|Incineroar, L50, F|\n|teampreview|4\n|inactive|Battle timer is ON: inactive players will automatically lose when time's up. (requested by justthegold)\n|\n|t:|1776328952\n|teamsize|p1|4\n|teamsize|p2|4\n|start\n|switch|p1a: Milotic|Milotic, L50, F|100/100\n|switch|p1b: Whimsicott|Whimsicott, L50, M|100/100\n|switch|p2a: Scizor|Scizor, L50, F, shiny|100/100\n|switch|p2b: Incineroar|Incineroar, L50, F|100/100\n|-ability|p2b: Incineroar|Intimidate|boost\n|-unboost|p1a: Milotic|atk|1\n|-ability|p1a: Milotic|Competitive|boost\n|-boost|p1a: Milotic|spa|2\n|-unboost|p1b: Whimsicott|atk|1\n|turn|1\n|inactive|coconutfan has 30 seconds left.\n|\n|t:|1776328979\n|detailschange|p2a: Scizor|Scizor-Mega, L50, F, shiny\n|-mega|p2a: Scizor|Scizor|Scizorite\n|move|p1b: Whimsicott|Protect|p1b: Whimsicott\n|-singleturn|p1b: Whimsicott|Protect\n|move|p2b: Incineroar|Fake Out|p1a: Milotic\n|-damage|p1a: Milotic|89/100\n|cant|p1a: Milotic|flinch\n|move|p2a: Scizor|Swords Dance|p2a: Scizor\n|-boost|p2a: Scizor|atk|2\n|\n|-heal|p1a: Milotic|95/100|[from] item: Leftovers\n|upkeep\n|turn|2\n|l|\u2606justthegold\n|inactive|justthegold disconnected and has a minute to reconnect!\n|player|p1|\n|j|\u2606justthegold\n|inactive|justthegold reconnected and has 45 seconds left.\n|player|p1|justthegold|bugcatcher-gen4dp|\n|inactive|justthegold has 30 seconds left.\n|inactive|coconutfan has 30 seconds left.\n|\n|t:|1776329008\n|switch|p2b: Sinistcha|Sinistcha, L50|100/100\n|move|p1b: Whimsicott|Tailwind|p1b: Whimsicott\n|-sidestart|p1: justthegold|move: Tailwind\n|move|p1a: Milotic|Surf|p2b: Sinistcha|[spread] p1b,p2a,p2b\n|-resisted|p1b: Whimsicott|1\n|-resisted|p2b: Sinistcha|1\n|-damage|p1b: Whimsicott|45/100\n|-damage|p2a: Scizor|37/100\n|-damage|p2b: Sinistcha|72/100\n|move|p2a: Scizor|Swords Dance|p2a: Scizor\n|-boost|p2a: Scizor|atk|2\n|\n|-heal|p1a: Milotic|100/100|[from] item: Leftovers\n|upkeep\n|turn|3\n|\n|t:|1776329029\n|move|p1b: Whimsicott|Protect|p1b: Whimsicott\n|-singleturn|p1b: Whimsicott|Protect\n|move|p2a: Scizor|Protect|p2a: Scizor\n|-singleturn|p2a: Scizor|Protect\n|move|p1a: Milotic|Surf|p2b: Sinistcha|[spread] p2b\n|-activate|p1b: Whimsicott|move: Protect\n|-activate|p2a: Scizor|move: Protect\n|-resisted|p2b: Sinistcha|1\n|-damage|p2b: Sinistcha|43/100\n|-enditem|p2b: Sinistcha|Sitrus Berry|[eat]\n|-heal|p2b: Sinistcha|68/100|[from] item: Sitrus Berry\n|move|p2b: Sinistcha|Life Dew|p2b: Sinistcha|[spread] p2a,p2b\n|-heal|p2a: Scizor|62/100\n|-heal|p2b: Sinistcha|93/100\n|\n|upkeep\n|turn|4\n|inactive|coconutfan has 30 seconds left.\n|\n|t:|1776329061\n|move|p1b: Whimsicott|Taunt|p2b: Sinistcha\n|-start|p2b: Sinistcha|move: Taunt\n|move|p1a: Milotic|Surf|p2a: Scizor|[spread] p1b,p2a,p2b\n|-resisted|p1b: Whimsicott|1\n|-resisted|p2b: Sinistcha|1\n|-damage|p1b: Whimsicott|0 fnt\n|-damage|p2a: Scizor|0 fnt\n|-damage|p2b: Sinistcha|65/100\n|faint|p1b: Whimsicott\n|faint|p2a: Scizor\n|cant|p2b: Sinistcha|move: Taunt|Trick Room\n|\n|upkeep\n|\n|t:|1776329082\n|switch|p1b: Floette|Floette-Eternal, L50, F|100/100\n|switch|p2a: Sneasler|Sneasler, L50, M|100/100\n|turn|5\n|l|\u2606justthegold\n|inactive|justthegold disconnected and has a minute to reconnect!\n|player|p1|\n|j|\u2606justthegold\n|inactive|justthegold reconnected and has 40 seconds left.\n|player|p1|justthegold|bugcatcher-gen4dp|\n|inactive|coconutfan has 30 seconds left.\n|\n|t:|1776329113\n|switch|p2b: Incineroar|Incineroar, L50, F|100/100\n|-ability|p2b: Incineroar|Intimidate|boost\n|-unboost|p1a: Milotic|atk|1\n|-ability|p1a: Milotic|Competitive|boost\n|-boost|p1a: Milotic|spa|2\n|-unboost|p1b: Floette|atk|1\n|detailschange|p1b: Floette|Floette-Mega, L50, F\n|-mega|p1b: Floette|Floette|Floettite\n|-ability|p1b: Floette|Fairy Aura\n|move|p1b: Floette|Protect|p1b: Floette\n|-singleturn|p1b: Floette|Protect\n|move|p1a: Milotic|Surf|p2b: Incineroar|[spread] p2a,p2b\n|-activate|p1b: Floette|move: Protect\n|-supereffective|p2b: Incineroar|1\n|-damage|p2a: Sneasler|0 fnt\n|-damage|p2b: Incineroar|0 fnt\n|faint|p2a: Sneasler\n|faint|p2b: Incineroar\n|\n|-sideend|p1: justthegold|move: Tailwind\n|upkeep\n|-message|coconutfan forfeited.\n|\n|win|justthegold\n|raw|justthegold's rating: 1025 &rarr; <strong>1059</strong><br />(+34 for winning)\n|raw|coconutfan's rating: 1000 &rarr; <strong>1000</strong><br />(+0 for losing)\n|l|\u2606coconutfan\n|player|p2|\n",
  "uploadtime": 1776329147,
  "views": 19,
  "formatid": "gen9championsvgc2026regma",
  "rating": 1000,
  "private": 0,
  "password": null
}