{
  "id": "gen9championsvgc2026regma-2580605701",
  "format": "[Gen 9 Champions] VGC 2026 Reg M-A",
  "players": [
    "Greningram",
    "majic8ball"
  ],
  "log": "|j|\u2606Greningram\n|j|\u2606majic8ball\n|t:|1775917424\n|gametype|doubles\n|player|p1|Greningram|lance|1000\n|player|p2|majic8ball|1|1058\n|gen|9\n|tier|[Gen 9 Champions] VGC 2026 Reg M-A\n|rated|\n|rule|Species Clause: Limit one of each Pok\u00e9mon\n|rule|Item Clause: Limit 1 of each item\n|clearpoke\n|poke|p1|Meganium, L50, M|\n|poke|p1|Meowstic, L50, M|\n|poke|p1|Basculegion-F, L50, F|\n|poke|p1|Pelipper, L50, M|\n|poke|p1|Archaludon, L50, M|\n|poke|p1|Maushold-Four, L50|\n|poke|p2|Floette-Eternal, L50, F|\n|poke|p2|Maushold, L50|\n|poke|p2|Garchomp, L50, M|\n|poke|p2|Talonflame, L50, F|\n|poke|p2|Rotom-Wash, L50|\n|poke|p2|Aegislash, L50, M|\n|teampreview|4\n|inactive|Battle timer is ON: inactive players will automatically lose when time's up. (requested by majic8ball)\n|\n|t:|1775917444\n|teamsize|p1|4\n|teamsize|p2|4\n|start\n|switch|p1a: Basculegion|Basculegion-F, L50, F|100/100\n|switch|p1b: Pelipper|Pelipper, L50, M, shiny|100/100\n|switch|p2a: Maushold|Maushold, L50|100/100\n|switch|p2b: Floette|Floette-Eternal, L50, F|100/100\n|-weather|RainDance|[from] ability: Drizzle|[of] p1b: Pelipper\n|turn|1\n|\n|t:|1775917461\n|move|p2a: Maushold|Follow Me|p2a: Maushold\n|-singleturn|p2a: Maushold|move: Follow Me\n|move|p1a: Basculegion|Icy Wind|p2a: Maushold|[spread] p2a,p2b\n|-crit|p2b: Floette\n|-damage|p2a: Maushold|83/100\n|-damage|p2b: Floette|87/100\n|-unboost|p2a: Maushold|spe|1\n|-unboost|p2b: Floette|spe|1\n|move|p1b: Pelipper|Tailwind|p1b: Pelipper\n|-sidestart|p1: Greningram|move: Tailwind\n|move|p2b: Floette|Calm Mind|p2b: Floette\n|-boost|p2b: Floette|spa|1\n|-boost|p2b: Floette|spd|1\n|\n|-weather|RainDance|[upkeep]\n|upkeep\n|turn|2\n|inactive|Greningram has 30 seconds left.\n|inactive|majic8ball has 30 seconds left.\n|\n|t:|1775917494\n|detailschange|p2b: Floette|Floette-Mega, L50, F\n|-mega|p2b: Floette|Floette|Floettite\n|-ability|p2b: Floette|Fairy Aura\n|move|p2a: Maushold|Follow Me|p2a: Maushold\n|-singleturn|p2a: Maushold|move: Follow Me\n|move|p1a: Basculegion|Icy Wind|p2b: Floette|[spread] p2b\n|-miss|p1a: Basculegion|p2a: Maushold\n|-damage|p2b: Floette|82/100\n|-unboost|p2b: Floette|spe|1\n|move|p1b: Pelipper|U-turn|p2a: Maushold\n|-damage|p2a: Maushold|72/100\n|\n|t:|1775917506\n|switch|p1b: Archaludon|Archaludon, L50, M|100/100|[from] U-turn\n|move|p2b: Floette|Calm Mind|p2b: Floette\n|-boost|p2b: Floette|spa|1\n|-boost|p2b: Floette|spd|1\n|\n|-weather|RainDance|[upkeep]\n|upkeep\n|turn|3\n|inactive|majic8ball has 30 seconds left.\n|inactive|majic8ball has 20 seconds left.\n|\n|t:|1775917542\n|move|p1a: Basculegion|Shadow Ball|p2b: Floette\n|-damage|p2b: Floette|71/100\n|move|p1b: Archaludon|Electro Shot||[still]\n|-prepare|p1b: Archaludon|Electro Shot\n|-boost|p1b: Archaludon|spa|1\n|-anim|p1b: Archaludon|Electro Shot|p2b: Floette\n|-damage|p2b: Floette|55/100\n|move|p2a: Maushold|Super Fang|p1b: Archaludon\n|-damage|p1b: Archaludon|51/100\n|-ability|p1b: Archaludon|Stamina|boost\n|-boost|p1b: Archaludon|def|1\n|move|p2b: Floette|Dazzling Gleam|p1a: Basculegion|[spread] p1a,p1b\n|-damage|p1a: Basculegion|0 fnt\n|-damage|p1b: Archaludon|0 fnt\n|faint|p1a: Basculegion\n|faint|p1b: Archaludon\n|\n|-weather|RainDance|[upkeep]\n|upkeep\n|\n|t:|1775917558\n|switch|p1a: Pelipper|Pelipper, L50, M, shiny|100/100\n|switch|p1b: Maushold|Maushold-Four, L50|100/100\n|turn|4\n|\n|t:|1775917580\n|move|p2a: Maushold|Protect|p2a: Maushold\n|-singleturn|p2a: Maushold|Protect\n|move|p2b: Floette|Protect|p2b: Floette\n|-singleturn|p2b: Floette|Protect\n|move|p1b: Maushold|Population Bomb|p2b: Floette\n|-activate|p2b: Floette|move: Protect\n|move|p1a: Pelipper|U-turn|p2b: Floette\n|-activate|p2b: Floette|move: Protect\n|\n|-weather|RainDance|[upkeep]\n|-sideend|p1: Greningram|move: Tailwind\n|upkeep\n|turn|5\n|inactive|Greningram has 30 seconds left.\n|\n|t:|1775917606\n|move|p1b: Maushold|Population Bomb|p2b: Floette\n|-damage|p2b: Floette|47/100\n|-damage|p2b: Floette|40/100\n|-damage|p2b: Floette|32/100\n|-damage|p2b: Floette|25/100\n|-damage|p2b: Floette|18/100\n|-damage|p2b: Floette|10/100\n|-damage|p2b: Floette|3/100\n|-damage|p2b: Floette|0 fnt\n|faint|p2b: Floette\n|-hitcount|p2: Floette|8\n|move|p1a: Pelipper|U-turn|p2a: Maushold\n|-damage|p2a: Maushold|60/100\n|move|p2a: Maushold|Taunt|p1a: Pelipper\n|-start|p1a: Pelipper|move: Taunt\n|\n|-weather|none\n|upkeep\n|\n|t:|1775917627\n|switch|p2b: Talonflame|Talonflame, L50, F|100/100\n|turn|6\n|\n|t:|1775917646\n|move|p2b: Talonflame|Acrobatics|p1b: Maushold\n|-damage|p1b: Maushold|39/100\n|move|p1b: Maushold|Thunder Wave|p2b: Talonflame\n|-status|p2b: Talonflame|par\n|move|p1a: Pelipper|Hurricane|p2a: Maushold|[miss]\n|-miss|p1a: Pelipper|p2a: Maushold\n|move|p2a: Maushold|Super Fang|p1a: Pelipper\n|-damage|p1a: Pelipper|51/100\n|\n|upkeep\n|turn|7\n|inactive|Greningram has 30 seconds left.\n|inactive|majic8ball has 30 seconds left.\n|\n|t:|1775917676\n|move|p2b: Talonflame|Acrobatics|p1a: Pelipper\n|-damage|p1a: Pelipper|7/100\n|move|p1b: Maushold|Population Bomb|p2b: Talonflame\n|-damage|p2b: Talonflame|91/100 par\n|-damage|p2b: Talonflame|81/100 par\n|-damage|p2b: Talonflame|72/100 par\n|-damage|p2b: Talonflame|62/100 par\n|-damage|p2b: Talonflame|51/100 par\n|-damage|p2b: Talonflame|41/100 par\n|-crit|p2b: Talonflame\n|-damage|p2b: Talonflame|27/100 par\n|-damage|p2b: Talonflame|17/100 par\n|-damage|p2b: Talonflame|6/100 par\n|-damage|p2b: Talonflame|0 fnt\n|faint|p2b: Talonflame\n|-hitcount|p2: Talonflame|10\n|move|p1a: Pelipper|Hurricane|p2a: Maushold\n|-damage|p2a: Maushold|0 fnt\n|faint|p2a: Maushold\n|\n|upkeep\n|inactive|majic8ball has 30 seconds left.\n|\n|t:|1775917703\n|switch|p2a: Garchomp|Garchomp, L50, M|100/100\n|turn|8\n|\n|t:|1775917722\n|move|p1b: Maushold|Super Fang|p2a: Garchomp\n|-damage|p2a: Garchomp|51/100\n|-damage|p1b: Maushold|27/100|[from] ability: Rough Skin|[of] p2a: Garchomp\n|move|p2a: Garchomp|Stomping Tantrum|p1b: Maushold\n|-damage|p1b: Maushold|0 fnt\n|faint|p1b: Maushold\n|move|p1a: Pelipper|Hurricane|p2a: Garchomp\n|-damage|p2a: Garchomp|0 fnt\n|faint|p2a: Garchomp\n|\n|win|Greningram\n|raw|Greningram's rating: 1000 &rarr; <strong>1047</strong><br />(+47 for winning)\n|raw|majic8ball's rating: 1058 &rarr; <strong>1036</strong><br />(-22 for losing)\n",
  "uploadtime": 1775917734,
  "views": 19,
  "formatid": "gen9championsvgc2026regma",
  "rating": 1036,
  "private": 0,
  "password": null
}