{
  "id": "gen9championsvgc2026regma-2589580691",
  "format": "[Gen 9 Champions] VGC 2026 Reg M-A",
  "players": [
    "hububuladefcb",
    "Enekos"
  ],
  "log": "|j|\u2606hububuladefcb\n|j|\u2606Enekos\n|t:|1776736072\n|gametype|doubles\n|player|p1|hububuladefcb|veteran|1124\n|player|p2|Enekos|steven|1108\n|gen|9\n|tier|[Gen 9 Champions] VGC 2026 Reg M-A\n|rated|\n|rule|Species Clause: Limit one of each Pok\u00e9mon\n|rule|Item Clause: Limit 1 of each item\n|clearpoke\n|poke|p1|Kingambit, L50, M, shiny|\n|poke|p1|Sinistcha-Masterpiece, L50, shiny|\n|poke|p1|Garchomp, L50, M, shiny|\n|poke|p1|Charizard, L50, F, shiny|\n|poke|p1|Whimsicott, L50, M, shiny|\n|poke|p1|Rotom-Wash, L50, shiny|\n|poke|p2|Talonflame, L50, F|\n|poke|p2|Meowscarada, L50, F, shiny|\n|poke|p2|Milotic, L50, F|\n|poke|p2|Lucario, L50, F|\n|poke|p2|Garchomp, L50, F|\n|poke|p2|Gardevoir, L50, F, shiny|\n|teampreview|4\n|inactive|Battle timer is ON: inactive players will automatically lose when time's up. (requested by hububuladefcb)\nEnekos rejected open team sheets.\n|inactive|hububuladefcb has 60 seconds left.\n|\n|t:|1776736112\n|teamsize|p1|4\n|teamsize|p2|4\n|start\n|switch|p1a: Garchomp|Garchomp, L50, M, shiny|100/100\n|switch|p1b: Rotom|Rotom-Wash, L50, shiny|100/100\n|switch|p2a: Milotic|Milotic, L50, F|100/100\n|switch|p2b: Talonflame|Talonflame, L50, F|100/100\n|turn|1\n|\n|t:|1776736128\n|move|p2b: Talonflame|Tailwind|p2b: Talonflame\n|-sidestart|p2: Enekos|move: Tailwind\n|move|p1a: Garchomp|Earthquake|p2b: Talonflame|[spread] p2a\n|-immune|p1b: Rotom|[from] ability: Levitate\n|-immune|p2b: Talonflame\n|-damage|p2a: Milotic|60/100\n|move|p2a: Milotic|Ice Beam|p1a: Garchomp\n|-supereffective|p1a: Garchomp|2\n|-damage|p1a: Garchomp|13/100\n|move|p1b: Rotom|Electroweb|p2a: Milotic|[spread] p2a,p2b\n|-supereffective|p2a: Milotic|1\n|-supereffective|p2b: Talonflame|1\n|-damage|p2a: Milotic|38/100\n|-damage|p2b: Talonflame|49/100\n|-unboost|p2a: Milotic|spe|1\n|-ability|p2a: Milotic|Competitive|boost\n|-boost|p2a: Milotic|spa|2\n|-unboost|p2b: Talonflame|spe|1\n|\n|-heal|p2a: Milotic|44/100|[from] item: Leftovers\n|upkeep\n|turn|2\n|inactive|Enekos has 30 seconds left.\n|inactive|hububuladefcb has 30 seconds left.\n|inactive|Enekos has 20 seconds left.\n|inactive|Enekos has 15 seconds left.\n|\n|t:|1776736170\n|move|p2b: Talonflame|Dual Wingbeat|p1b: Rotom\n|-resisted|p1b: Rotom|1\n|-damage|p1b: Rotom|90/100\n|-resisted|p1b: Rotom|1\n|-damage|p1b: Rotom|79/100\n|-hitcount|p1b: Rotom|2\n|move|p1a: Garchomp|Earthquake|p2a: Milotic|[spread] p2a\n|-immune|p1b: Rotom|[from] ability: Levitate\n|-immune|p2b: Talonflame\n|-damage|p2a: Milotic|6/100\n|move|p2a: Milotic|Ice Beam|p1a: Garchomp\n|-supereffective|p1a: Garchomp|2\n|-damage|p1a: Garchomp|0 fnt\n|faint|p1a: Garchomp\n|move|p1b: Rotom|Electroweb|p2b: Talonflame|[spread] p2a,p2b\n|-supereffective|p2a: Milotic|1\n|-supereffective|p2b: Talonflame|1\n|-damage|p2a: Milotic|0 fnt\n|-damage|p2b: Talonflame|0 fnt\n|faint|p2a: Milotic\n|faint|p2b: Talonflame\n|\n|-heal|p1b: Rotom|85/100|[from] item: Leftovers\n|upkeep\n|\n|t:|1776736190\n|switch|p2b: Gardevoir|Gardevoir, L50, F, shiny|100/100\n|switch|p1a: Charizard|Charizard, L50, F, shiny|100/100\n|switch|p2a: Lucario|Lucario, L50, F|100/100\n|turn|3\n|inactive|Enekos has 30 seconds left.\n|inactive|hububuladefcb has 30 seconds left.\n|inactive|Enekos has 20 seconds left.\n|\n|t:|1776736226\n|move|p1a: Charizard|Protect|p1a: Charizard\n|-singleturn|p1a: Charizard|Protect\n|move|p2a: Lucario|Close Combat|p1a: Charizard\n|-activate|p1a: Charizard|move: Protect\n|move|p2b: Gardevoir|Psyshock|p1a: Charizard\n|-activate|p1a: Charizard|move: Protect\n|move|p1b: Rotom|Electroweb|p2a: Lucario|[spread] p2a,p2b\n|-damage|p2a: Lucario|71/100\n|-damage|p2b: Gardevoir|84/100\n|-unboost|p2a: Lucario|spe|1\n|-unboost|p2b: Gardevoir|spe|1\n|\n|-heal|p1b: Rotom|91/100|[from] item: Leftovers\n|upkeep\n|turn|4\n|\n|t:|1776736248\n|switch|p1a: Kingambit|Kingambit, L50, M, shiny|100/100\n|detailschange|p2b: Gardevoir|Gardevoir-Mega, L50, F, shiny\n|-mega|p2b: Gardevoir|Gardevoir|Gardevoirite\n|move|p2a: Lucario|Close Combat|p1a: Kingambit\n|-supereffective|p1a: Kingambit|2\n|-damage|p1a: Kingambit|0 fnt\n|-unboost|p2a: Lucario|def|1\n|-unboost|p2a: Lucario|spd|1\n|faint|p1a: Kingambit\n|move|p2b: Gardevoir|Hyper Voice|p1b: Rotom\n|-damage|p1b: Rotom|25/100\n|move|p1b: Rotom|Electroweb|p2a: Lucario|[spread] p2a,p2b\n|-damage|p2a: Lucario|33/100\n|-damage|p2b: Gardevoir|71/100\n|-unboost|p2a: Lucario|spe|1\n|-unboost|p2b: Gardevoir|spe|1\n|\n|-heal|p1b: Rotom|31/100|[from] item: Leftovers\n|-sideend|p2: Enekos|move: Tailwind\n|upkeep\n|\n|t:|1776736264\n|switch|p1a: Charizard|Charizard, L50, F, shiny|100/100\n|turn|5\n|\n|t:|1776736274\n|detailschange|p1a: Charizard|Charizard-Mega-Y, L50, F, shiny\n|-mega|p1a: Charizard|Charizard|Charizardite Y\n|-weather|SunnyDay|[from] ability: Drought|[of] p1a: Charizard\n|move|p2a: Lucario|Extreme Speed|p1b: Rotom\n|-damage|p1b: Rotom|3/100\n|move|p1a: Charizard|Heat Wave|p2b: Gardevoir|[spread] p2a,p2b\n|-supereffective|p2a: Lucario|1\n|-damage|p2a: Lucario|0 fnt\n|-damage|p2b: Gardevoir|24/100\n|faint|p2a: Lucario\n|move|p1b: Rotom|Volt Switch|p2b: Gardevoir\n|-damage|p2b: Gardevoir|0 fnt\n|faint|p2b: Gardevoir\n|\n|win|hububuladefcb\n|raw|hububuladefcb's rating: 1124 &rarr; <strong>1148</strong><br />(+24 for winning)\n|raw|Enekos's rating: 1108 &rarr; <strong>1084</strong><br />(-24 for losing)\n|l|\u2606hububuladefcb\n|player|p1|\n",
  "uploadtime": 1776736317,
  "views": 1,
  "formatid": "gen9championsvgc2026regma",
  "rating": 1084,
  "private": 0,
  "password": null
}