{
  "id": "gen9championsvgc2026regma-2582572425",
  "format": "[Gen 9 Champions] VGC 2026 Reg M-A",
  "players": [
    "mars23456",
    "skymin<3"
  ],
  "log": "|j|\u2606mars23456\n|j|\u2606skymin<3\n|t:|1776100159\n|gametype|doubles\n|player|p1|mars23456|ingo|1329\n|player|p2|skymin<3|#skymin3|1397\n|gen|9\n|tier|[Gen 9 Champions] VGC 2026 Reg M-A\n|rated|\n|rule|Species Clause: Limit one of each Pok\u00e9mon\n|rule|Item Clause: Limit 1 of each item\n|clearpoke\n|poke|p1|Pelipper, L50, F|\n|poke|p1|Archaludon, L50, M|\n|poke|p1|Floette-Eternal, L50, F|\n|poke|p1|Basculegion, L50, M|\n|poke|p1|Gengar, L50, M|\n|poke|p1|Ninetales-Alola, L50, F|\n|poke|p2|Meowscarada, L50, M|\n|poke|p2|Milotic, L50, F|\n|poke|p2|Sneasler, L50, M|\n|poke|p2|Aegislash, L50, F|\n|poke|p2|Aerodactyl, L50, M|\n|poke|p2|Garchomp, L50, F|\n|teampreview|4\n|inactive|Battle timer is ON: inactive players will automatically lose when time's up. (requested by mars23456)\nmars23456 has agreed to open team sheets.\n|c|\u2606mars23456|gl hf\nskymin<3 has agreed to open team sheets.\n|showteam|p1|Pelipper||SitrusBerry|Drizzle|Tailwind,Protect,WideGuard,WeatherBall|||F|||50|]Archaludon||WhiteHerb|Sturdy|DracoMeteor,FlashCannon,ElectroShot,Protect|||M|||50|]Floette-Eternal||Floettite|FlowerVeil|Moonblast,DazzlingGleam,DrainingKiss,Protect|||F|||50|]Basculegion||FocusSash|SwiftSwim|LastRespects,Liquidation,AquaJet,Protect|||M|||50|]Gengar||Gengarite|CursedBody|PerishSong,ShadowBall,SludgeBomb,Protect|||M|||50|]Ninetales-Alola||ChoiceScarf|SnowWarning|FreezeDry,Blizzard,Moonblast,IcyWind|||F|||50|\n|showteam|p2|Meowscarada||ChoiceScarf|Protean|TripleAxel,FlowerTrick,KnockOff,LowKick|||M|||50|]Milotic||Leftovers|Competitive|HelpingHand,IcyWind,Scald,Protect|||F|||50|]Sneasler||WhiteHerb|Unburden|FakeOut,DireClaw,CloseCombat,Protect|||M|||50|]Aegislash||SitrusBerry|StanceChange|KingsShield,Poltergeist,IronHead,SacredSword|||F|||50|]Aerodactyl||Aerodactylite|RockHead|RockSlide,DualWingbeat,Protect,Tailwind|||M|||50|]Garchomp||FocusSash|RoughSkin|StompingTantrum,RockSlide,Protect,DragonClaw|||F|||50|\n|inactive|mars23456 has 60 seconds left.\n|inactive|skymin<3 has 60 seconds left.\n|j| oherrodersir\n|inactive|mars23456 has 30 seconds left.\n|inactive|skymin<3 has 30 seconds left.\n|inactive|mars23456 has 20 seconds left.\n|inactive|mars23456 has 15 seconds left.\n|inactive|mars23456 has 10 seconds left.\n|inactive|mars23456 has 5 seconds left.\n|\n|t:|1776100250\n|teamsize|p1|4\n|teamsize|p2|4\n|start\n|switch|p1a: Pelipper|Pelipper, L50, F|100/100\n|switch|p1b: Archaludon|Archaludon, L50, M|100/100\n|switch|p2a: Consul D|Sneasler, L50, M|100/100\n|switch|p2b: Logos|Aegislash, L50, F|100/100\n|-weather|RainDance|[from] ability: Drizzle|[of] p1a: Pelipper\n|turn|1\n|c|\u2606mars23456|omg\n|c|\u2606mars23456|i selected randoms\n|c|\u2606mars23456|FACK\n|\n|t:|1776100266\n|move|p1b: Archaludon|Protect|p1b: Archaludon\n|-singleturn|p1b: Archaludon|Protect\n|move|p1a: Pelipper|Protect|p1a: Pelipper\n|-singleturn|p1a: Pelipper|Protect\n|move|p2a: Consul D|Fake Out|p1a: Pelipper\n|-activate|p1a: Pelipper|move: Protect\n|-formechange|p2b: Logos|Aegislash-Blade|\n|move|p2b: Logos|Poltergeist|p1a: Pelipper\n|-activate|p1a: Pelipper|move: Protect\n|\n|-weather|RainDance|[upkeep]\n|upkeep\n|turn|2\n|\n|t:|1776100283\n|move|p2a: Consul D|Dire Claw|p1a: Pelipper\n|-damage|p1a: Pelipper|50/100\n|-enditem|p1a: Pelipper|Sitrus Berry|[eat]\n|-heal|p1a: Pelipper|75/100|[from] item: Sitrus Berry\n|move|p1b: Archaludon|Electro Shot||[still]\n|-prepare|p1b: Archaludon|Electro Shot\n|-boost|p1b: Archaludon|spa|1\n|-anim|p1b: Archaludon|Electro Shot|p2a: Consul D\n|-damage|p2a: Consul D|3/100\n|move|p2b: Logos|Poltergeist|p1b: Archaludon\n|-activate|p1b: Archaludon|move: Poltergeist|White Herb\n|-crit|p1b: Archaludon\n|-damage|p1b: Archaludon|9/100\n|move|p1a: Pelipper|Tailwind|p1a: Pelipper\n|-sidestart|p1: mars23456|move: Tailwind\n|\n|-weather|RainDance|[upkeep]\n|upkeep\n|turn|3\n|\n|t:|1776100297\n|move|p2a: Consul D|Protect|p2a: Consul D\n|-singleturn|p2a: Consul D|Protect\n|-formechange|p2b: Logos|Aegislash|\n|move|p2b: Logos|King's Shield|p2b: Logos\n|-singleturn|p2b: Logos|Protect\n|move|p1b: Archaludon|Electro Shot||[still]\n|-prepare|p1b: Archaludon|Electro Shot\n|-boost|p1b: Archaludon|spa|1\n|-anim|p1b: Archaludon|Electro Shot|p2a: Consul D\n|-activate|p2a: Consul D|move: Protect\n|move|p1a: Pelipper|Weather Ball|p2b: Logos\n|-activate|p2b: Logos|move: Protect\n|\n|-weather|RainDance|[upkeep]\n|upkeep\n|turn|4\n|\n|t:|1776100312\n|move|p1b: Archaludon|Electro Shot||[still]\n|-prepare|p1b: Archaludon|Electro Shot\n|-boost|p1b: Archaludon|spa|1\n|-anim|p1b: Archaludon|Electro Shot|p2a: Consul D\n|-damage|p2a: Consul D|0 fnt\n|faint|p2a: Consul D\n|move|p1a: Pelipper|Weather Ball|p2b: Logos\n|-damage|p2b: Logos|43/100\n|-enditem|p2b: Logos|Sitrus Berry|[eat]\n|-heal|p2b: Logos|68/100|[from] item: Sitrus Berry\n|-formechange|p2b: Logos|Aegislash-Blade|\n|move|p2b: Logos|Sacred Sword|p1b: Archaludon\n|-supereffective|p1b: Archaludon|1\n|-damage|p1b: Archaludon|0 fnt\n|faint|p1b: Archaludon\n|\n|-weather|RainDance|[upkeep]\n|upkeep\n|\n|t:|1776100325\n|switch|p2a: Diablos|Garchomp, L50, F, shiny|100/100\n|switch|p1b: Floette|Floette-Eternal, L50, F|100/100\n|turn|5\n|inactive|skymin<3 has 30 seconds left.\n|inactive|skymin<3 has 20 seconds left.\n|\n|t:|1776100361\n|detailschange|p1b: Floette|Floette-Mega, L50, F\n|-mega|p1b: Floette|Floette|Floettite\n|-ability|p1b: Floette|Fairy Aura\n|move|p2a: Diablos|Protect|p2a: Diablos\n|-singleturn|p2a: Diablos|Protect\n|-formechange|p2b: Logos|Aegislash|\n|move|p2b: Logos|King's Shield|p2b: Logos\n|-singleturn|p2b: Logos|Protect\n|move|p1b: Floette|Moonblast|p2a: Diablos\n|-activate|p2a: Diablos|move: Protect\n|move|p1a: Pelipper|Weather Ball|p2b: Logos\n|-activate|p2b: Logos|move: Protect\n|\n|-weather|none\n|-sideend|p1: mars23456|move: Tailwind\n|upkeep\n|turn|6\n|inactive|mars23456 has 30 seconds left.\n|inactive|skymin<3 has 30 seconds left.\n|inactive|skymin<3 has 20 seconds left.\n|\n|t:|1776100400\n|move|p1b: Floette|Protect|p1b: Floette\n|-singleturn|p1b: Floette|Protect\n|move|p2a: Diablos|Stomping Tantrum|p1b: Floette\n|-activate|p1b: Floette|move: Protect\n|-formechange|p2b: Logos|Aegislash-Blade|\n|move|p2b: Logos|Iron Head|p1b: Floette\n|-activate|p1b: Floette|move: Protect\n|move|p1a: Pelipper|Tailwind|p1a: Pelipper\n|-sidestart|p1: mars23456|move: Tailwind\n|\n|upkeep\n|turn|7\n|\n|t:|1776100416\n|switch|p1a: Basculegion|Basculegion, L50, M|100/100\n|move|p1b: Floette|Moonblast|p2b: Logos\n|-resisted|p2b: Logos|1\n|-damage|p2b: Logos|0 fnt\n|faint|p2b: Logos\n|move|p2a: Diablos|Stomping Tantrum|p1b: Floette\n|-damage|p1b: Floette|49/100\n|\n|upkeep\n|\n|t:|1776100420\n|switch|p2b: Neferpitou|Meowscarada, L50, M, shiny|100/100\n|turn|8\n|inactive|skymin<3 has 30 seconds left.\n|inactive|mars23456 has 30 seconds left.\n|inactive|skymin<3 has 20 seconds left.\n|\n|t:|1776100456\n|move|p2a: Diablos|Protect|p2a: Diablos\n|-singleturn|p2a: Diablos|Protect\n|move|p1b: Floette|Moonblast|p2b: Neferpitou\n|-supereffective|p2b: Neferpitou|1\n|-damage|p2b: Neferpitou|0 fnt\n|faint|p2b: Neferpitou\n|move|p1a: Basculegion|Last Respects|p2a: Diablos\n|-activate|p2a: Diablos|move: Protect\n|\n|upkeep\n|turn|9\n|-message|skymin<3 forfeited.\n|\n|win|mars23456\n|raw|mars23456's rating: 1329 &rarr; <strong>1353</strong><br />(+24 for winning)\n|raw|skymin&lt;3's rating: 1397 &rarr; <strong>1373</strong><br />(-24 for losing)\n|l|\u2606skymin<3\n|player|p2|\n|c|\u2606mars23456|gg\n",
  "uploadtime": 1776100472,
  "views": 49,
  "formatid": "gen9championsvgc2026regma",
  "rating": 1353,
  "private": 0,
  "password": null
}