{
  "id": "gen9championsvgc2026regma-2582932496",
  "format": "[Gen 9 Champions] VGC 2026 Reg M-A",
  "players": [
    "phat shaming vegan",
    "L_Yami_H"
  ],
  "log": "|j|\u2606phat shaming vegan\n|j|\u2606L_Yami_H\n|t:|1776126168\n|gametype|doubles\n|player|p1|phat shaming vegan|n|1119\n|player|p2|L_Yami_H|ghetsis|1165\n|gen|9\n|tier|[Gen 9 Champions] VGC 2026 Reg M-A\n|rated|\n|rule|Species Clause: Limit one of each Pok\u00e9mon\n|rule|Item Clause: Limit 1 of each item\n|clearpoke\n|poke|p1|Salazzle, L50, F|\n|poke|p1|Hydreigon, L50, F|\n|poke|p1|Floette-Eternal, L50, F|\n|poke|p1|Sinistcha, L50|\n|poke|p1|Corviknight, L50, M|\n|poke|p1|Feraligatr, L50, M|\n|poke|p2|Sableye, L50, M|\n|poke|p2|Victreebel, L50, F|\n|poke|p2|Araquanid, L50, F|\n|poke|p2|Kingambit, L50, M|\n|poke|p2|Arcanine, L50, M|\n|poke|p2|Sneasler, L50, F|\n|teampreview|4\n|inactive|Battle timer is ON: inactive players will automatically lose when time's up. (requested by L_Yami_H)\n|\n|t:|1776126200\n|teamsize|p1|4\n|teamsize|p2|4\n|start\n|switch|p1a: Salazzle|Salazzle, L50, F|100/100\n|switch|p1b: Hydreigon|Hydreigon, L50, F|100/100\n|switch|p2a: Checkers|Kingambit, L50, M, shiny|100/100\n|switch|p2b: Dess|Sneasler, L50, F, shiny|100/100\n|turn|1\n|\n|t:|1776126220\n|move|p1b: Hydreigon|Protect|p1b: Hydreigon\n|-singleturn|p1b: Hydreigon|Protect\n|move|p2a: Checkers|Protect|p2a: Checkers\n|-singleturn|p2a: Checkers|Protect\n|move|p1a: Salazzle|Overheat|p2a: Checkers\n|-activate|p2a: Checkers|move: Protect\n|move|p2b: Dess|Close Combat|p1b: Hydreigon\n|-activate|p1b: Hydreigon|move: Protect\n|\n|upkeep\n|turn|2\n|inactive|phat shaming vegan has 30 seconds left.\n|\n|t:|1776126250\n|switch|p1b: Corviknight|Corviknight, L50, M|100/100\n|switch|p2a: Weeber|Araquanid, L50, F|100/100\n|move|p1a: Salazzle|Overheat|p2b: Dess\n|-damage|p2b: Dess|18/100\n|-unboost|p1a: Salazzle|spa|2\n|move|p2b: Dess|Close Combat|p1a: Salazzle\n|-resisted|p1a: Salazzle|1\n|-damage|p1a: Salazzle|35/100\n|-unboost|p2b: Dess|def|1\n|-unboost|p2b: Dess|spd|1\n|-enditem|p2b: Dess|White Herb\n|-clearnegativeboost|p2b: Dess|[silent]\n|\n|upkeep\n|turn|3\n|\n|t:|1776126274\n|move|p2b: Dess|Protect|p2b: Dess\n|-singleturn|p2b: Dess|Protect\n|move|p1a: Salazzle|Endeavor|p2a: Weeber\n|-damage|p2a: Weeber|29/100\n|move|p1b: Corviknight|Brave Bird|p2b: Dess\n|-activate|p2b: Dess|move: Protect\n|move|p2a: Weeber|Liquidation|p1a: Salazzle\n|-supereffective|p1a: Salazzle|1\n|-damage|p1a: Salazzle|0 fnt\n|faint|p1a: Salazzle\n|\n|-heal|p2a: Weeber|35/100|[from] item: Leftovers\n|upkeep\n|\n|t:|1776126280\n|switch|p1a: Feraligatr|Feraligatr, L50, M|100/100\n|turn|4\n|\n|t:|1776126297\n|detailschange|p1a: Feraligatr|Feraligatr-Mega, L50, M\n|-mega|p1a: Feraligatr|Feraligatr|Feraligite\n|move|p1a: Feraligatr|Aqua Jet|p2b: Dess\n|-damage|p2b: Dess|0 fnt\n|faint|p2b: Dess\n|move|p1b: Corviknight|Brave Bird|p2a: Weeber\n|-supereffective|p2a: Weeber|1\n|-damage|p2a: Weeber|0 fnt\n|faint|p2a: Weeber\n|-damage|p1b: Corviknight|90/100|[from] Recoil\n|\n|-heal|p1b: Corviknight|96/100|[from] item: Leftovers\n|upkeep\n|\n|t:|1776126301\n|switch|p2b: Gabu|Arcanine, L50, M|100/100\n|switch|p2a: Checkers|Kingambit, L50, M, shiny|100/100\n|-ability|p2b: Gabu|Intimidate|boost\n|-unboost|p1a: Feraligatr|atk|1\n|-ability|p1b: Corviknight|Mirror Armor\n|-unboost|p2b: Gabu|atk|1\n|turn|5\n|inactive|phat shaming vegan has 30 seconds left.\n|inactive|phat shaming vegan has 20 seconds left.\n|\n|t:|1776126339\n|switch|p1b: Hydreigon|Hydreigon, L50, F|100/100\n|move|p1a: Feraligatr|Dragon Dance|p1a: Feraligatr\n|-boost|p1a: Feraligatr|atk|1\n|-boost|p1a: Feraligatr|spe|1\n|move|p2b: Gabu|Will-O-Wisp|p1a: Feraligatr\n|-status|p1a: Feraligatr|brn\n|move|p2a: Checkers|Kowtow Cleave|p1a: Feraligatr\n|-damage|p1a: Feraligatr|42/100 brn\n|\n|-damage|p1a: Feraligatr|36/100 brn|[from] brn\n|upkeep\n|turn|6\n|\n|t:|1776126364\n|move|p2a: Checkers|Protect|p2a: Checkers\n|-singleturn|p2a: Checkers|Protect\n|move|p1a: Feraligatr|Aqua Jet|p2b: Gabu\n|-supereffective|p2b: Gabu|1\n|-damage|p2b: Gabu|73/100\n|move|p1b: Hydreigon|Focus Energy|p1b: Hydreigon\n|-start|p1b: Hydreigon|move: Focus Energy\n|move|p2b: Gabu|Howl|p2b: Gabu|[spread] p2a,p2b\n|-boost|p2a: Checkers|atk|1\n|-boost|p2b: Gabu|atk|1\n|\n|-damage|p1a: Feraligatr|30/100 brn|[from] brn\n|upkeep\n|turn|7\n|inactive|phat shaming vegan has 30 seconds left.\n|\n|t:|1776126389\n|move|p1a: Feraligatr|Double-Edge|p2b: Gabu\n|-damage|p2b: Gabu|29/100\n|-enditem|p2b: Gabu|Sitrus Berry|[eat]\n|-heal|p2b: Gabu|54/100|[from] item: Sitrus Berry\n|-damage|p1a: Feraligatr|12/100 brn|[from] Recoil\n|move|p1b: Hydreigon|Draco Meteor|p2a: Checkers\n|-resisted|p2a: Checkers|1\n|-crit|p2a: Checkers\n|-damage|p2a: Checkers|47/100\n|-unboost|p1b: Hydreigon|spa|2\n|move|p2b: Gabu|Howl|p2b: Gabu|[spread] p2a,p2b\n|-boost|p2a: Checkers|atk|1\n|-boost|p2b: Gabu|atk|1\n|move|p2a: Checkers|Iron Head|p1b: Hydreigon\n|-damage|p1b: Hydreigon|0 fnt\n|faint|p1b: Hydreigon\n|\n|-damage|p1a: Feraligatr|5/100 brn|[from] brn\n|upkeep\n|\n|t:|1776126403\n|switch|p1b: Corviknight|Corviknight, L50, M|96/100\n|turn|8\n|\n|t:|1776126425\n|move|p2a: Checkers|Sucker Punch|p1a: Feraligatr\n|-damage|p1a: Feraligatr|0 fnt\n|faint|p1a: Feraligatr\n|move|p2b: Gabu|Will-O-Wisp|p1b: Corviknight\n|-status|p1b: Corviknight|brn\n|move|p1b: Corviknight|Brave Bird|p2b: Gabu\n|-damage|p2b: Gabu|34/100\n|-damage|p1b: Corviknight|90/100 brn|[from] Recoil\n|\n|-heal|p1b: Corviknight|96/100 brn|[from] item: Leftovers\n|-damage|p1b: Corviknight|90/100 brn|[from] brn\n|upkeep\n|turn|9\n|\n|t:|1776126436\n|move|p2b: Gabu|Morning Sun|p2b: Gabu\n|-heal|p2b: Gabu|84/100\n|move|p1b: Corviknight|Brave Bird|p2b: Gabu\n|-damage|p2b: Gabu|63/100\n|-damage|p1b: Corviknight|83/100 brn|[from] Recoil\n|move|p2a: Checkers|Kowtow Cleave|p1b: Corviknight\n|-damage|p1b: Corviknight|0 fnt\n|faint|p1b: Corviknight\n|\n|win|L_Yami_H\n|raw|phat shaming vegan's rating: 1119 &rarr; <strong>1097</strong><br />(-22 for losing)\n|raw|L_Yami_H's rating: 1165 &rarr; <strong>1187</strong><br />(+22 for winning)\n|l|\u2606phat shaming vegan\n|player|p1|\n",
  "uploadtime": 1776126441,
  "views": 15,
  "formatid": "gen9championsvgc2026regma",
  "rating": 1097,
  "private": 0,
  "password": null
}