{
  "id": "gen9championsvgc2026regma-2580638657",
  "format": "[Gen 9 Champions] VGC 2026 Reg M-A",
  "players": [
    "joymaxxing",
    "LeCehlou"
  ],
  "log": "|j|\u2606joymaxxing\n|j|\u2606LeCehlou\n|t:|1775920347\n|gametype|doubles\n|player|p1|joymaxxing|elesa|1243\n|player|p2|LeCehlou|#1v1plixheatrans|1234\n|gen|9\n|tier|[Gen 9 Champions] VGC 2026 Reg M-A\n|rated|\n|rule|Species Clause: Limit one of each Pok\u00e9mon\n|rule|Item Clause: Limit 1 of each item\n|clearpoke\n|poke|p1|Lopunny, L50, F|\n|poke|p1|Milotic, L50, F|\n|poke|p1|Tsareena, L50, F|\n|poke|p1|Incineroar, L50, M|\n|poke|p1|Dragapult, L50, F|\n|poke|p1|Farigiraf, L50, F|\n|poke|p2|Basculegion, L50, M|\n|poke|p2|Whimsicott, L50, F|\n|poke|p2|Gengar, L50, M|\n|poke|p2|Dragonite, L50, M|\n|poke|p2|Gallade, L50, M|\n|poke|p2|Aegislash, L50, F|\n|teampreview|4\n|\n|t:|1775920372\n|teamsize|p1|4\n|teamsize|p2|4\n|start\n|switch|p1a: Lopunny|Lopunny, L50, F|100/100\n|switch|p1b: Dragapult|Dragapult, L50, F, shiny|100/100\n|switch|p2a: Gengar|Gengar, L50, M|100/100\n|switch|p2b: Dragonite|Dragonite, L50, M|100/100\n|turn|1\n|\n|t:|1775920393\n|detailschange|p2a: Gengar|Gengar-Mega, L50, M\n|-mega|p2a: Gengar|Gengar|Gengarite\n|detailschange|p1a: Lopunny|Lopunny-Mega, L50, F\n|-mega|p1a: Lopunny|Lopunny|Lopunnite\n|move|p2a: Gengar|Protect|p2a: Gengar\n|-singleturn|p2a: Gengar|Protect\n|move|p1a: Lopunny|Fake Out|p2b: Dragonite\n|-damage|p2b: Dragonite|79/100\n|move|p1b: Dragapult|Draco Meteor|p2b: Dragonite\n|-supereffective|p2b: Dragonite|1\n|-enditem|p2b: Dragonite|Haban Berry|[eat]\n|-enditem|p2b: Dragonite|Haban Berry|[weaken]\n|-damage|p2b: Dragonite|30/100\n|-unboost|p1b: Dragapult|spa|2\n|move|p2b: Dragonite|Scale Shot|p1b: Dragapult\n|-supereffective|p1b: Dragapult|1\n|-damage|p1b: Dragapult|63/100\n|-supereffective|p1b: Dragapult|1\n|-damage|p1b: Dragapult|22/100\n|-supereffective|p1b: Dragapult|1\n|-damage|p1b: Dragapult|0 fnt\n|faint|p1b: Dragapult\n|-hitcount|p1: Dragapult|3\n|-unboost|p2b: Dragonite|def|1\n|-boost|p2b: Dragonite|spe|1\n|\n|upkeep\n|\n|t:|1775920414\n|switch|p1b: Farigiraf|Farigiraf, L50, F, shiny|100/100\n|turn|2\n|\n|t:|1775920420\n|switch|p2b: Aegislash|Aegislash, L50, F, shiny|100/100\n|move|p1a: Lopunny|Giga Impact|p2a: Gengar\n|-damage|p2a: Gengar|0 fnt\n|-mustrecharge|p1a: Lopunny\n|faint|p2a: Gengar\n|move|p1b: Farigiraf|Trick Room|p1b: Farigiraf\n|-fieldstart|move: Trick Room|[of] p1b: Farigiraf\n|\n|upkeep\n|\n|t:|1775920431\n|switch|p2a: Basculegion|Basculegion, L50, M|100/100\n|turn|3\n|\n|t:|1775920436\n|move|p1b: Farigiraf|Protect|p1b: Farigiraf\n|-singleturn|p1b: Farigiraf|Protect\n|-formechange|p2b: Aegislash|Aegislash-Blade|\n|move|p2b: Aegislash|Iron Head|p1b: Farigiraf\n|-activate|p1b: Farigiraf|move: Protect\n|move|p2a: Basculegion|Liquidation|p1b: Farigiraf\n|-activate|p1b: Farigiraf|move: Protect\n|cant|p1a: Lopunny|recharge\n|\n|upkeep\n|turn|4\n|\n|t:|1775920447\n|switch|p2a: Dragonite|Dragonite, L50, M|30/100\n|switch|p1a: Incineroar|Incineroar, L50, M, shiny|100/100\n|-formechange|p2b: Aegislash|Aegislash|\n|move|p2b: Aegislash|King's Shield|p2b: Aegislash\n|-singleturn|p2b: Aegislash|Protect\n|move|p1b: Farigiraf|Psychic|p2a: Dragonite\n|-damage|p2a: Dragonite|0 fnt\n|faint|p2a: Dragonite\n|\n|upkeep\n|\n|t:|1775920456\n|switch|p2a: Basculegion|Basculegion, L50, M|100/100\n|turn|5\n|j| Aguss_deluxe\n|l| Aguss_deluxe\n|j| Aguss_deluxe\n|\n|t:|1775920480\n|-formechange|p2b: Aegislash|Aegislash-Blade|\n|move|p2b: Aegislash|Iron Head|p1b: Farigiraf\n|-damage|p1b: Farigiraf|50/100\n|move|p1a: Incineroar|Throat Chop|p2a: Basculegion\n|-supereffective|p2a: Basculegion|1\n|-damage|p2a: Basculegion|20/100\n|-start|p2a: Basculegion|Throat Chop|[silent]\n|move|p1b: Farigiraf|Psychic|p2a: Basculegion\n|-damage|p2a: Basculegion|0 fnt\n|faint|p2a: Basculegion\n|\n|upkeep\n|turn|6\n|-message|LeCehlou forfeited.\n|\n|win|joymaxxing\n|raw|joymaxxing's rating: 1243 &rarr; <strong>1267</strong><br />(+24 for winning)\n|raw|LeCehlou's rating: 1234 &rarr; <strong>1210</strong><br />(-24 for losing)\n|l|\u2606LeCehlou\n|player|p2|\n",
  "uploadtime": 1775920497,
  "views": 18,
  "formatid": "gen9championsvgc2026regma",
  "rating": 1210,
  "private": 0,
  "password": null
}