{
  "id": "gen9championsvgc2026regma-2584117540",
  "format": "[Gen 9 Champions] VGC 2026 Reg M-A",
  "players": [
    "JustDevi",
    "Danwrench"
  ],
  "log": "|j|\u2606JustDevi\n|j|\u2606Danwrench\n|t:|1776227044\n|gametype|doubles\n|player|p1|JustDevi|2|1220\n|player|p2|Danwrench|266|1174\n|gen|9\n|tier|[Gen 9 Champions] VGC 2026 Reg M-A\n|rated|\n|rule|Species Clause: Limit one of each Pok\u00e9mon\n|rule|Item Clause: Limit 1 of each item\n|clearpoke\n|poke|p1|Archaludon, L50, M|\n|poke|p1|Chesnaught, L50, M|\n|poke|p1|Basculegion, L50, M|\n|poke|p1|Pelipper, L50, F|\n|poke|p1|Maushold-Four, L50|\n|poke|p1|Lycanroc-Dusk, L50, F|\n|poke|p2|Farigiraf, L50, F|\n|poke|p2|Mamoswine, L50, M|\n|poke|p2|Sinistcha, L50|\n|poke|p2|Torkoal, L50, M|\n|poke|p2|Ampharos, L50, M|\n|poke|p2|Machamp, L50, M|\n|teampreview|4\n|inactive|Battle timer is ON: inactive players will automatically lose when time's up. (requested by JustDevi)\n|inactive|Danwrench has 60 seconds left.\nJustDevi rejected open team sheets.\n|\n|t:|1776227113\n|teamsize|p1|4\n|teamsize|p2|4\n|start\n|switch|p1a: VENGEANCE|Basculegion, L50, M, shiny|100/100\n|switch|p1b: Lycanroc|Lycanroc-Dusk, L50, F|100/100\n|switch|p2a: Farigiraf|Farigiraf, L50, F|100/100\n|switch|p2b: Ampharos|Ampharos, L50, M, shiny|100/100\n|turn|1\n|inactive|Danwrench has 30 seconds left.\n|inactive|JustDevi has 30 seconds left.\n|\n|t:|1776227145\n|detailschange|p2b: Ampharos|Ampharos-Mega, L50, M, shiny\n|-mega|p2b: Ampharos|Ampharos|Ampharosite\n|-ability|p2b: Ampharos|Mold Breaker\n|move|p1a: VENGEANCE|Flip Turn|p2a: Farigiraf\n|-damage|p2a: Farigiraf|56/100\n|\n|t:|1776227152\n|switch|p1a: MIKE KILL ALL|Archaludon, L50, M, shiny|100/100|[from] Flip Turn\n|move|p1b: Lycanroc|Rock Slide|p2a: Farigiraf|[spread] p2a,p2b\n|-damage|p2a: Farigiraf|22/100\n|-damage|p2b: Ampharos|72/100\n|move|p2b: Ampharos|Thunderbolt|p1a: MIKE KILL ALL\n|-resisted|p1a: MIKE KILL ALL|1\n|-damage|p1a: MIKE KILL ALL|65/100\n|-status|p1a: MIKE KILL ALL|par\n|-ability|p1a: MIKE KILL ALL|Stamina|boost\n|-boost|p1a: MIKE KILL ALL|def|1\n|move|p2a: Farigiraf|Trick Room|p2a: Farigiraf\n|-fieldstart|move: Trick Room|[of] p2a: Farigiraf\n|\n|-heal|p1a: MIKE KILL ALL|71/100 par|[from] item: Leftovers\n|upkeep\n|turn|2\n|inactive|JustDevi has 30 seconds left.\n|inactive|Danwrench has 30 seconds left.\n|inactive|JustDevi has 20 seconds left.\n|\n|t:|1776227187\n|move|p1a: MIKE KILL ALL|Draco Meteor|p2b: Ampharos\n|-supereffective|p2b: Ampharos|1\n|-damage|p2b: Ampharos|0 fnt\n|-unboost|p1a: MIKE KILL ALL|spa|2\n|faint|p2b: Ampharos\n|move|p2a: Farigiraf|Hyper Voice|p1b: Lycanroc|[spread] p1a,p1b\n|-resisted|p1a: MIKE KILL ALL|1\n|-resisted|p1b: Lycanroc|1\n|-damage|p1a: MIKE KILL ALL|50/100 par\n|-damage|p1b: Lycanroc|67/100\n|-ability|p1a: MIKE KILL ALL|Stamina|boost\n|-boost|p1a: MIKE KILL ALL|def|1\n|move|p1b: Lycanroc|Rock Slide|p2a: Farigiraf\n|-damage|p2a: Farigiraf|0 fnt\n|faint|p2a: Farigiraf\n|\n|-heal|p1a: MIKE KILL ALL|56/100 par|[from] item: Leftovers\n|upkeep\n|\n|t:|1776227206\n|switch|p2b: Sinistcha|Sinistcha, L50|100/100\n|switch|p2a: Machamp|Machamp, L50, M|100/100\n|turn|3\n|inactive|JustDevi has 30 seconds left.\n|\n|t:|1776227233\n|switch|p1b: MINE MINE MINE|Pelipper, L50, F|100/100\n|-weather|RainDance|[from] ability: Drizzle|[of] p1b: MINE MINE MINE\n|move|p2b: Sinistcha|Rage Powder|p2b: Sinistcha\n|-singleturn|p2b: Sinistcha|move: Rage Powder\n|move|p1a: MIKE KILL ALL|Electro Shot||[still]\n|-prepare|p1a: MIKE KILL ALL|Electro Shot\n|-boost|p1a: MIKE KILL ALL|spa|1\n|-anim|p1a: MIKE KILL ALL|Electro Shot|p2b: Sinistcha\n|-resisted|p2b: Sinistcha|1\n|-damage|p2b: Sinistcha|84/100\n|move|p2a: Machamp|Cross Chop|p1a: MIKE KILL ALL\n|-supereffective|p1a: MIKE KILL ALL|1\n|-damage|p1a: MIKE KILL ALL|10/100 par\n|-ability|p1a: MIKE KILL ALL|Stamina|boost\n|-boost|p1a: MIKE KILL ALL|def|1\n|\n|-weather|RainDance|[upkeep]\n|-heal|p1a: MIKE KILL ALL|16/100 par|[from] item: Leftovers\n|upkeep\n|turn|4\n|inactive|Danwrench has 30 seconds left.\n|\n|t:|1776227264\n|move|p1a: MIKE KILL ALL|Protect|p1a: MIKE KILL ALL\n|-singleturn|p1a: MIKE KILL ALL|Protect\n|move|p2b: Sinistcha|Rage Powder|p2b: Sinistcha\n|-singleturn|p2b: Sinistcha|move: Rage Powder\n|move|p2a: Machamp|Cross Chop|p1a: MIKE KILL ALL\n|-activate|p1a: MIKE KILL ALL|move: Protect\n|move|p1b: MINE MINE MINE|Hurricane|p2b: Sinistcha\n|-supereffective|p2b: Sinistcha|1\n|-damage|p2b: Sinistcha|0 fnt\n|faint|p2b: Sinistcha\n|\n|-weather|RainDance|[upkeep]\n|-heal|p1a: MIKE KILL ALL|22/100 par|[from] item: Leftovers\n|upkeep\n|turn|5\n|\n|t:|1776227282\n|move|p1a: MIKE KILL ALL|Electro Shot||[still]\n|-prepare|p1a: MIKE KILL ALL|Electro Shot\n|-boost|p1a: MIKE KILL ALL|spa|1\n|-anim|p1a: MIKE KILL ALL|Electro Shot|p2a: Machamp\n|-damage|p2a: Machamp|57/100\n|move|p2a: Machamp|Cross Chop|p1a: MIKE KILL ALL\n|-supereffective|p1a: MIKE KILL ALL|1\n|-damage|p1a: MIKE KILL ALL|0 fnt\n|faint|p1a: MIKE KILL ALL\n|move|p1b: MINE MINE MINE|Hurricane|p2a: Machamp\n|-supereffective|p2a: Machamp|1\n|-damage|p2a: Machamp|0 fnt\n|faint|p2a: Machamp\n|\n|win|JustDevi\n|raw|JustDevi's rating: 1220 &rarr; <strong>1242</strong><br />(+22 for winning)\n|raw|Danwrench's rating: 1174 &rarr; <strong>1152</strong><br />(-22 for losing)\n|l|\u2606Danwrench\n|player|p2|\n",
  "uploadtime": 1776227312,
  "views": 27,
  "formatid": "gen9championsvgc2026regma",
  "rating": 1152,
  "private": 0,
  "password": null
}