{
  "id": "gen9championsvgc2026regma-2586409958",
  "format": "[Gen 9 Champions] VGC 2026 Reg M-A",
  "players": [
    "CORE!lysta",
    "Niko highway"
  ],
  "log": "|j|\u2606CORE!lysta\n|j|\u2606Niko highway\n|t:|1776432687\n|gametype|doubles\n|player|p1|CORE!lysta|rosa|1371\n|player|p2|Niko highway|102|1455\n|gen|9\n|tier|[Gen 9 Champions] VGC 2026 Reg M-A\n|rated|\n|rule|Species Clause: Limit one of each Pok\u00e9mon\n|rule|Item Clause: Limit 1 of each item\n|clearpoke\n|poke|p1|Glaceon, L50, F|\n|poke|p1|Froslass, L50, F|\n|poke|p1|Hatterene, L50, F|\n|poke|p1|Primarina, L50, F|\n|poke|p1|Incineroar, L50, M|\n|poke|p1|Sneasler, L50, F|\n|poke|p2|Whimsicott, L50, F|\n|poke|p2|Charizard, L50, M|\n|poke|p2|Sinistcha, L50|\n|poke|p2|Milotic, L50, F|\n|poke|p2|Sneasler, L50, F|\n|poke|p2|Kingambit, L50, M|\n|teampreview|4\n|\n|t:|1776432729\n|teamsize|p1|4\n|teamsize|p2|4\n|start\n|switch|p1a: Sneasler|Sneasler, L50, F|100/100\n|switch|p1b: Froslass|Froslass, L50, F|100/100\n|switch|p2a: Charizard|Charizard, L50, M|100/100\n|switch|p2b: Sneasler|Sneasler, L50, F|100/100\n|turn|1\n|inactive|Battle timer is ON: inactive players will automatically lose when time's up. (requested by CORE!lysta)\n|\n|t:|1776432747\n|detailschange|p2a: Charizard|Charizard-Mega-X, L50, M\n|-mega|p2a: Charizard|Charizard|Charizardite X\n|detailschange|p1b: Froslass|Froslass-Mega, L50, F\n|-mega|p1b: Froslass|Froslass|Froslassite\n|-weather|Snowscape|[from] ability: Snow Warning|[of] p1b: Froslass\n|move|p1a: Sneasler|Fake Out|p2a: Charizard\n|-damage|p2a: Charizard|87/100\n|move|p2b: Sneasler|Coaching|p2a: Charizard\n|-boost|p2a: Charizard|atk|1\n|-boost|p2a: Charizard|def|1\n|move|p1b: Froslass|Aurora Veil|p1b: Froslass\n|-sidestart|p1: CORE!lysta|move: Aurora Veil\n|cant|p2a: Charizard|flinch\n|\n|-weather|Snowscape|[upkeep]\n|upkeep\n|turn|2\n|inactive|CORE!lysta has 30 seconds left.\n|\n|t:|1776432774\n|move|p1a: Sneasler|Close Combat|p2a: Charizard\n|-damage|p2a: Charizard|49/100\n|-unboost|p1a: Sneasler|def|1\n|-unboost|p1a: Sneasler|spd|1\n|move|p2b: Sneasler|Close Combat|p1a: Sneasler\n|-resisted|p1a: Sneasler|1\n|-damage|p1a: Sneasler|51/100\n|-unboost|p2b: Sneasler|def|1\n|-unboost|p2b: Sneasler|spd|1\n|-enditem|p2b: Sneasler|White Herb\n|-clearnegativeboost|p2b: Sneasler|[silent]\n|move|p1b: Froslass|Blizzard|p2a: Charizard|[spread] p2a,p2b\n|-damage|p2a: Charizard|0 fnt\n|-damage|p2b: Sneasler|27/100\n|-status|p2b: Sneasler|frz\n|faint|p2a: Charizard\n|\n|-weather|Snowscape|[upkeep]\n|upkeep\n|\n|t:|1776432792\n|switch|p2a: Milotic|Milotic, L50, F|100/100\n|turn|3\n|\n|t:|1776432816\n|switch|p1a: Glaceon|Glaceon, L50, F|100/100\n|cant|p2b: Sneasler|frz\n|move|p1b: Froslass|Blizzard|p2a: Milotic|[spread] p2a,p2b\n|-resisted|p2a: Milotic|1\n|-damage|p2a: Milotic|85/100\n|-damage|p2b: Sneasler|0 fnt\n|faint|p2b: Sneasler\n|move|p2a: Milotic|Scald|p1a: Glaceon\n|-damage|p1a: Glaceon|79/100\n|\n|-weather|Snowscape|[upkeep]\n|-heal|p1a: Glaceon|85/100|[from] ability: Ice Body\n|-heal|p2a: Milotic|91/100|[from] item: Leftovers\n|-heal|p1a: Glaceon|91/100|[from] item: Leftovers\n|upkeep\n|\n|t:|1776432823\n|switch|p2b: Kingambit|Kingambit, L50, M|100/100\n|turn|4\n|\n|t:|1776432838\n|move|p1b: Froslass|Shadow Ball|p2a: Milotic\n|-damage|p2a: Milotic|60/100\n|move|p2a: Milotic|Icy Wind|p1a: Glaceon|[spread] p1a,p1b\n|-resisted|p1a: Glaceon|1\n|-resisted|p1b: Froslass|1\n|-damage|p1a: Glaceon|87/100\n|-damage|p1b: Froslass|97/100\n|-unboost|p1a: Glaceon|spe|1\n|-unboost|p1b: Froslass|spe|1\n|move|p2b: Kingambit|Iron Head|p1a: Glaceon\n|-supereffective|p1a: Glaceon|1\n|-damage|p1a: Glaceon|51/100\n|move|p1a: Glaceon|Freeze-Dry|p2a: Milotic\n|-supereffective|p2a: Milotic|1\n|-damage|p2a: Milotic|9/100\n|\n|-weather|Snowscape|[upkeep]\n|-heal|p1a: Glaceon|57/100|[from] ability: Ice Body\n|-heal|p2a: Milotic|15/100|[from] item: Leftovers\n|-heal|p1a: Glaceon|63/100|[from] item: Leftovers\n|upkeep\n|turn|5\n|\n|t:|1776432860\n|switch|p1b: Primarina|Primarina, L50, F|100/100\n|move|p2a: Milotic|Protect|p2a: Milotic\n|-singleturn|p2a: Milotic|Protect\n|move|p2b: Kingambit|Kowtow Cleave|p1b: Primarina\n|-resisted|p1b: Primarina|1\n|-damage|p1b: Primarina|81/100\n|move|p1a: Glaceon|Blizzard|p2b: Kingambit|[spread] p2b\n|-activate|p2a: Milotic|move: Protect\n|-resisted|p2b: Kingambit|1\n|-damage|p2b: Kingambit|78/100\n|\n|-weather|none\n|-heal|p2a: Milotic|21/100|[from] item: Leftovers\n|-heal|p1a: Glaceon|69/100|[from] item: Leftovers\n|-sideend|p1: CORE!lysta|move: Aurora Veil\n|upkeep\n|turn|6\n|\n|t:|1776432881\n|switch|p1b: Froslass|Froslass-Mega, L50, F|97/100\n|-weather|Snowscape|[from] ability: Snow Warning|[of] p1b: Froslass\n|move|p2a: Milotic|Recover|p2a: Milotic\n|-heal|p2a: Milotic|71/100\n|move|p2b: Kingambit|Iron Head|p1a: Glaceon\n|-supereffective|p1a: Glaceon|1\n|-damage|p1a: Glaceon|12/100\n|move|p1a: Glaceon|Freeze-Dry|p2a: Milotic\n|-supereffective|p2a: Milotic|1\n|-damage|p2a: Milotic|23/100\n|\n|-weather|Snowscape|[upkeep]\n|-heal|p1a: Glaceon|17/100|[from] ability: Ice Body\n|-heal|p2a: Milotic|29/100|[from] item: Leftovers\n|-heal|p1a: Glaceon|23/100|[from] item: Leftovers\n|upkeep\n|turn|7\n|\n|t:|1776432902\n|move|p2a: Milotic|Protect|p2a: Milotic\n|-singleturn|p2a: Milotic|Protect\n|move|p1b: Froslass|Aurora Veil|p1b: Froslass\n|-sidestart|p1: CORE!lysta|move: Aurora Veil\n|move|p2b: Kingambit|Kowtow Cleave|p1b: Froslass\n|-supereffective|p1b: Froslass|1\n|-damage|p1b: Froslass|14/100\n|move|p1a: Glaceon|Freeze-Dry|p2a: Milotic\n|-activate|p2a: Milotic|move: Protect\n|\n|-weather|Snowscape|[upkeep]\n|-heal|p1a: Glaceon|29/100|[from] ability: Ice Body\n|-heal|p2a: Milotic|35/100|[from] item: Leftovers\n|-heal|p1a: Glaceon|35/100|[from] item: Leftovers\n|upkeep\n|turn|8\n|\n|t:|1776432923\n|move|p2b: Kingambit|Sucker Punch|p1a: Glaceon\n|-damage|p1a: Glaceon|14/100\n|move|p1b: Froslass|Shadow Ball|p2a: Milotic\n|-damage|p2a: Milotic|0 fnt\n|faint|p2a: Milotic\n|move|p1a: Glaceon|Freeze-Dry|p2b: Kingambit\n|-resisted|p2b: Kingambit|1\n|-damage|p2b: Kingambit|61/100\n|\n|-weather|Snowscape|[upkeep]\n|-heal|p1a: Glaceon|20/100|[from] ability: Ice Body\n|-heal|p1a: Glaceon|26/100|[from] item: Leftovers\n|upkeep\n|turn|9\n|-message|Niko highway forfeited.\n|\n|win|CORE!lysta\n|raw|CORE!lysta's rating: 1371 &rarr; <strong>1396</strong><br />(+25 for winning)\n|raw|Niko highway's rating: 1455 &rarr; <strong>1430</strong><br />(-25 for losing)\n|l|\u2606Niko highway\n|player|p2|\n",
  "uploadtime": 1776432937,
  "views": 44,
  "formatid": "gen9championsvgc2026regma",
  "rating": 1396,
  "private": 0,
  "password": null
}