{
  "id": "gen9championsvgc2026regma-2586583433",
  "format": "[Gen 9 Champions] VGC 2026 Reg M-A",
  "players": [
    "TrueRhul",
    "Gexxers"
  ],
  "log": "|j|\u2606TrueRhul\n|j|\u2606Gexxers\n|t:|1776444787\n|gametype|doubles\n|player|p1|TrueRhul|pokemaniac|1100\n|player|p2|Gexxers|benga|1053\n|gen|9\n|tier|[Gen 9 Champions] VGC 2026 Reg M-A\n|rated|\n|rule|Species Clause: Limit one of each Pok\u00e9mon\n|rule|Item Clause: Limit 1 of each item\n|clearpoke\n|poke|p1|Slowbro, L50, F|\n|poke|p1|Sinistcha, L50|\n|poke|p1|Incineroar, L50, F|\n|poke|p1|Meganium, L50, F|\n|poke|p1|Maushold, L50|\n|poke|p1|Snorlax, L50, F|\n|poke|p2|Farigiraf, L50, M|\n|poke|p2|Scovillain, L50, F|\n|poke|p2|Aerodactyl, L50, F|\n|poke|p2|Empoleon, L50, M|\n|poke|p2|Luxray, L50, F|\n|poke|p2|Conkeldurr, L50, M|\n|teampreview|4\n|\n|t:|1776444829\n|teamsize|p1|4\n|teamsize|p2|4\n|start\n|switch|p1a: Incineroar|Incineroar, L50, F|100/100\n|switch|p1b: Meganium|Meganium, L50, F|100/100\n|switch|p2a: Aerodactyl|Aerodactyl, L50, F|100/100\n|switch|p2b: Scovillain|Scovillain, L50, F|100/100\n|-ability|p2a: Aerodactyl|Unnerve\n|-ability|p1a: Incineroar|Intimidate|boost\n|-unboost|p2a: Aerodactyl|atk|1\n|-unboost|p2b: Scovillain|atk|1\n|turn|1\n|\n|t:|1776444851\n|switch|p2a: Empoleon|Empoleon, L50, M|100/100\n|detailschange|p1b: Meganium|Meganium-Mega, L50, F\n|-mega|p1b: Meganium|Meganium|Meganiumite\n|move|p2b: Scovillain|Protect|p2b: Scovillain\n|-singleturn|p2b: Scovillain|Protect\n|move|p1a: Incineroar|Fake Out|p2a: Empoleon\n|-resisted|p2a: Empoleon|1\n|-damage|p2a: Empoleon|94/100\n|move|p1b: Meganium|Weather Ball|p2a: Empoleon\n|-damage|p2a: Empoleon|52/100\n|\n|-ability|p2b: Scovillain|Moody|boost\n|-boost|p2b: Scovillain|spe|2\n|-unboost|p2b: Scovillain|spd|1\n|upkeep\n|turn|2\n|\n|t:|1776444879\n|switch|p1a: Sinistcha|Sinistcha, L50|100/100\n|detailschange|p2b: Scovillain|Scovillain-Mega, L50, F\n|-mega|p2b: Scovillain|Scovillain|Scovillainite\n|move|p2b: Scovillain|Flamethrower|p1b: Meganium\n|-supereffective|p1b: Meganium|1\n|-damage|p1b: Meganium|29/100\n|move|p1b: Meganium|Weather Ball|p2b: Scovillain\n|-damage|p2b: Scovillain|26/100\n|-status|p1b: Meganium|brn|[from] ability: Spicy Spray|[of] p2b: Scovillain\n|move|p2a: Empoleon|Flip Turn|p1a: Sinistcha\n|-resisted|p1a: Sinistcha|1\n|-damage|p1a: Sinistcha|93/100\n|\n|t:|1776444893\n|switch|p2a: Luxray|Luxray, L50, F|100/100|[from] Flip Turn\n|\n|-damage|p1b: Meganium|23/100 brn|[from] brn\n|upkeep\n|turn|3\n|\n|t:|1776444913\n|switch|p1b: Incineroar|Incineroar, L50, F|100/100\n|-ability|p1b: Incineroar|Intimidate|boost\n|-unboost|p2a: Luxray|atk|1\n|-unboost|p2b: Scovillain|atk|1\n|move|p2b: Scovillain|Flamethrower|p1a: Sinistcha\n|-supereffective|p1a: Sinistcha|1\n|-crit|p1a: Sinistcha\n|-enditem|p1a: Sinistcha|Occa Berry|[eat]\n|-enditem|p1a: Sinistcha|Occa Berry|[weaken]\n|-damage|p1a: Sinistcha|23/100\n|move|p2a: Luxray|Discharge|p1b: Incineroar|[spread] p2b,p1a,p1b\n|-resisted|p2b: Scovillain|1\n|-resisted|p1a: Sinistcha|1\n|-damage|p2b: Scovillain|14/100\n|-damage|p1a: Sinistcha|15/100\n|-damage|p1b: Incineroar|84/100\n|-status|p1b: Incineroar|par\n|-status|p2a: Luxray|brn|[from] ability: Spicy Spray|[of] p2b: Scovillain\n|move|p1a: Sinistcha|Matcha Gotcha|p2b: Scovillain|[spread] p2a,p2b\n|-resisted|p2b: Scovillain|2\n|-damage|p2a: Luxray|60/100 brn\n|-heal|p1a: Sinistcha|33/100|[from] drain|[of] p2a: Luxray\n|-damage|p2b: Scovillain|6/100\n|-heal|p1a: Sinistcha|36/100|[from] drain|[of] p2b: Scovillain\n|-status|p1a: Sinistcha|brn|[from] ability: Spicy Spray|[of] p2b: Scovillain\n|\n|-damage|p2a: Luxray|54/100 brn|[from] brn\n|-damage|p1a: Sinistcha|30/100 brn|[from] brn\n|upkeep\n|turn|4\n|\n|t:|1776444950\n|move|p2b: Scovillain|Protect|p2b: Scovillain\n|-singleturn|p2b: Scovillain|Protect\n|move|p1b: Incineroar|Fake Out|p2b: Scovillain\n|-activate|p2b: Scovillain|move: Protect\n|move|p2a: Luxray|Supercell Slam|p1b: Incineroar\n|-damage|p1b: Incineroar|46/100 par\n|move|p1a: Sinistcha|Trick Room|p1a: Sinistcha\n|-fieldstart|move: Trick Room|[of] p1a: Sinistcha\n|\n|-damage|p1a: Sinistcha|24/100 brn|[from] brn\n|-damage|p2a: Luxray|48/100 brn|[from] brn\n|upkeep\n|turn|5\n|\n|t:|1776444967\n|move|p1b: Incineroar|Flare Blitz|p2a: Luxray\n|-damage|p2a: Luxray|0 fnt\n|faint|p2a: Luxray\n|-damage|p1b: Incineroar|33/100 par|[from] Recoil\n|move|p1a: Sinistcha|Matcha Gotcha|p2b: Scovillain\n|-resisted|p2b: Scovillain|2\n|-damage|p2b: Scovillain|0 fnt\n|-heal|p1a: Sinistcha|27/100 brn|[from] drain|[of] p2b: Scovillain\n|faint|p2b: Scovillain\n|\n|-damage|p1a: Sinistcha|21/100 brn|[from] brn\n|upkeep\n|\n|t:|1776444969\n|switch|p2b: Aerodactyl|Aerodactyl, L50, F|100/100\n|switch|p2a: Empoleon|Empoleon, L50, M|52/100\n|-ability|p2b: Aerodactyl|Unnerve\n|turn|6\n|\n|t:|1776444982\n|move|p1b: Incineroar|Flare Blitz|p2a: Empoleon\n|-damage|p2a: Empoleon|5/100\n|-damage|p1b: Incineroar|17/100 par|[from] Recoil\n|move|p2a: Empoleon|Ice Beam|p1a: Sinistcha\n|-supereffective|p1a: Sinistcha|1\n|-damage|p1a: Sinistcha|0 fnt\n|faint|p1a: Sinistcha\n|move|p2b: Aerodactyl|Rock Slide|p1b: Incineroar\n|-supereffective|p1b: Incineroar|1\n|-damage|p1b: Incineroar|0 fnt\n|faint|p1b: Incineroar\n|\n|upkeep\n|\n|t:|1776444992\n|switch|p1b: Meganium|Meganium-Mega, L50, F|23/100 brn\n|switch|p1a: Slowbro|Slowbro, L50, F|100/100\n|turn|7\n|\n|t:|1776445010\n|move|p1a: Slowbro|Heal Pulse|p1b: Meganium\n|-heal|p1b: Meganium|73/100 brn\n|move|p2a: Empoleon|Ice Beam|p1b: Meganium\n|-supereffective|p1b: Meganium|1\n|-damage|p1b: Meganium|37/100 brn\n|move|p1b: Meganium|Dazzling Gleam|p2a: Empoleon|[spread] p2a,p2b\n|-resisted|p2a: Empoleon|1\n|-crit|p2b: Aerodactyl\n|-damage|p2a: Empoleon|0 fnt\n|-damage|p2b: Aerodactyl|24/100\n|faint|p2a: Empoleon\n|move|p2b: Aerodactyl|Rock Slide|p1a: Slowbro|[spread] p1a,p1b\n|-damage|p1a: Slowbro|83/100\n|-damage|p1b: Meganium|15/100 brn\n|\n|-damage|p1b: Meganium|10/100 brn|[from] brn\n|upkeep\n|turn|8\n|-message|Gexxers forfeited.\n|\n|win|TrueRhul\n|raw|TrueRhul's rating: 1100 &rarr; <strong>1122</strong><br />(+22 for winning)\n|raw|Gexxers's rating: 1053 &rarr; <strong>1037</strong><br />(-16 for losing)\n|l|\u2606Gexxers\n|player|p2|\n",
  "uploadtime": 1776445024,
  "views": 26,
  "formatid": "gen9championsvgc2026regma",
  "rating": 1037,
  "private": 0,
  "password": null
}