{
  "id": "gen9championsvgc2026regma-2582765397",
  "format": "[Gen 9 Champions] VGC 2026 Reg M-A",
  "players": [
    "thecynikyt",
    "JasonFowlerVGC"
  ],
  "log": "|j|\u2606thecynikyt\n|j|\u2606JasonFowlerVGC\n|t:|1776112542\n|gametype|doubles\n|player|p1|thecynikyt|alder|1098\n|player|p2|JasonFowlerVGC|265|1109\n|gen|9\n|tier|[Gen 9 Champions] VGC 2026 Reg M-A\n|rated|\n|rule|Species Clause: Limit one of each Pok\u00e9mon\n|rule|Item Clause: Limit 1 of each item\n|clearpoke\n|poke|p1|Gallade, L50, M|\n|poke|p1|Whimsicott, L50, F|\n|poke|p1|Zoroark-Hisui, L50, F|\n|poke|p1|Archaludon, L50, F|\n|poke|p1|Meganium, L50, F|\n|poke|p1|Rotom-Wash, L50|\n|poke|p2|Charizard, L50, F|\n|poke|p2|Venusaur, L50, M|\n|poke|p2|Garchomp, L50, M|\n|poke|p2|Rotom-Wash, L50|\n|poke|p2|Sneasler, L50, M|\n|poke|p2|Incineroar, L50, M|\n|teampreview|4\n|inactive|Battle timer is ON: inactive players will automatically lose when time's up. (requested by thecynikyt)\n|inactive|thecynikyt has 60 seconds left.\n|inactive|JasonFowlerVGC has 60 seconds left.\n|inactive|thecynikyt has 30 seconds left.\n|\n|t:|1776112608\n|teamsize|p1|4\n|teamsize|p2|4\n|start\n|switch|p1a: Whimsicott|Whimsicott, L50, F|100/100\n|switch|p1b: Gallade|Gallade, L50, M, shiny|100/100\n|switch|p2a: Charizard|Charizard, L50, F|100/100\n|switch|p2b: Garchomp|Garchomp, L50, M|100/100\n|turn|1\n|inactive|JasonFowlerVGC has 30 seconds left.\n|inactive|JasonFowlerVGC has 20 seconds left.\n|\n|t:|1776112648\n|detailschange|p2a: Charizard|Charizard-Mega-Y, L50, F\n|-mega|p2a: Charizard|Charizard|Charizardite Y\n|-weather|SunnyDay|[from] ability: Drought|[of] p2a: Charizard\n|move|p1a: Whimsicott|Tailwind|p1a: Whimsicott\n|-sidestart|p1: thecynikyt|move: Tailwind\n|move|p1b: Gallade|Icy Wind|p2a: Charizard|[spread] p2a,p2b\n|-supereffective|p2b: Garchomp|2\n|-damage|p2a: Charizard|85/100\n|-damage|p2b: Garchomp|42/100\n|-unboost|p2a: Charizard|spe|1\n|-unboost|p2b: Garchomp|spe|1\n|move|p2b: Garchomp|Dragon Claw|p1b: Gallade\n|-crit|p1b: Gallade\n|-enditem|p1b: Gallade|Focus Sash\n|-damage|p1b: Gallade|1/100\n|replace|p1b: Zoroark|Zoroark-Hisui, L50, F\n|-end|p1b: Zoroark|Illusion\n|move|p2a: Charizard|Weather Ball|p1b: Zoroark\n|-damage|p1b: Zoroark|0 fnt\n|faint|p1b: Zoroark\n|\n|-weather|SunnyDay|[upkeep]\n|upkeep\n|\n|t:|1776112669\n|switch|p1b: Gallade|Gallade, L50, M, shiny|100/100\n|turn|2\n|\n|t:|1776112685\n|detailschange|p1b: Gallade|Gallade-Mega, L50, M, shiny\n|-mega|p1b: Gallade|Gallade|Galladite\n|move|p1a: Whimsicott|Moonblast|p2b: Garchomp\n|-supereffective|p2b: Garchomp|1\n|-damage|p2b: Garchomp|0 fnt\n|faint|p2b: Garchomp\n|move|p1b: Gallade|Psycho Cut|p2a: Charizard\n|-damage|p2a: Charizard|15/100\n|move|p2a: Charizard|Weather Ball|p1b: Gallade\n|-damage|p1b: Gallade|5/100\n|\n|-weather|SunnyDay|[upkeep]\n|upkeep\n|\n|t:|1776112700\n|switch|p2b: Incineroar|Incineroar, L50, M|100/100\n|-ability|p2b: Incineroar|Intimidate|boost\n|-unboost|p1a: Whimsicott|atk|1\n|-fail|p1b: Gallade|unboost|Attack|[from] ability: Inner Focus|[of] p1b: Gallade\n|turn|3\n|inactive|thecynikyt has 30 seconds left.\n|\n|t:|1776112727\n|move|p1a: Whimsicott|Protect|p1a: Whimsicott\n|-singleturn|p1a: Whimsicott|Protect\n|move|p1b: Gallade|Protect|p1b: Gallade\n|-singleturn|p1b: Gallade|Protect\n|move|p2b: Incineroar|Fake Out|p1b: Gallade\n|-activate|p1b: Gallade|move: Protect\n|move|p2a: Charizard|Weather Ball|p1a: Whimsicott\n|-activate|p1a: Whimsicott|move: Protect\n|\n|-weather|SunnyDay|[upkeep]\n|upkeep\n|turn|4\n|\n|t:|1776112746\n|move|p2a: Charizard|Protect|p2a: Charizard\n|-singleturn|p2a: Charizard|Protect\n|move|p1a: Whimsicott|Moonblast|p2a: Charizard\n|-activate|p2a: Charizard|move: Protect\n|move|p1b: Gallade|Sacred Sword|p2b: Incineroar\n|-supereffective|p2b: Incineroar|1\n|-damage|p2b: Incineroar|0 fnt\n|faint|p2b: Incineroar\n|\n|-weather|SunnyDay|[upkeep]\n|-sideend|p1: thecynikyt|move: Tailwind\n|upkeep\n|\n|t:|1776112757\n|switch|p2b: Sneasler|Sneasler, L50, M|100/100\n|turn|5\n|\n|t:|1776112765\n|move|p1a: Whimsicott|Protect|p1a: Whimsicott\n|-singleturn|p1a: Whimsicott|Protect\n|move|p1b: Gallade|Protect|p1b: Gallade\n|-singleturn|p1b: Gallade|Protect\n|move|p2b: Sneasler|Fake Out|p1b: Gallade\n|-activate|p1b: Gallade|move: Protect\n|move|p2a: Charizard|Weather Ball|p1a: Whimsicott\n|-activate|p1a: Whimsicott|move: Protect\n|\n|-weather|none\n|upkeep\n|turn|6\n|\n|t:|1776112783\n|move|p1a: Whimsicott|Tailwind|p1a: Whimsicott\n|-sidestart|p1: thecynikyt|move: Tailwind\n|move|p1b: Gallade|Psycho Cut|p2b: Sneasler\n|-supereffective|p2b: Sneasler|2\n|-damage|p2b: Sneasler|0 fnt\n|faint|p2b: Sneasler\n|move|p2a: Charizard|Heat Wave|p1a: Whimsicott|[spread] p1a,p1b\n|-supereffective|p1a: Whimsicott|1\n|-crit|p1b: Gallade\n|-damage|p1a: Whimsicott|0 fnt\n|-damage|p1b: Gallade|0 fnt\n|faint|p1a: Whimsicott\n|faint|p1b: Gallade\n|\n|upkeep\n|\n|t:|1776112788\n|switch|p1b: Archaludon|Archaludon, L50, F|100/100\n|turn|7\n|\n|t:|1776112802\n|move|p1b: Archaludon|Dragon Pulse|p2a: Charizard\n|-damage|p2a: Charizard|0 fnt\n|faint|p2a: Charizard\n|\n|win|thecynikyt\n|raw|thecynikyt's rating: 1098 &rarr; <strong>1124</strong><br />(+26 for winning)\n|raw|JasonFowlerVGC's rating: 1109 &rarr; <strong>1083</strong><br />(-26 for losing)\n",
  "uploadtime": 1776112804,
  "views": 25,
  "formatid": "gen9championsvgc2026regma",
  "rating": 1083,
  "private": 0,
  "password": null
}