{
  "id": "gen9championsvgc2026regma-2588021014",
  "format": "[Gen 9 Champions] VGC 2026 Reg M-A",
  "players": [
    "kuki9",
    "lpaky"
  ],
  "log": "|j|\u2606kuki9\n|j|\u2606lpaky\n|t:|1776594027\n|gametype|doubles\n|player|p1|kuki9|1|1447\n|player|p2|lpaky|170|1522\n|gen|9\n|tier|[Gen 9 Champions] VGC 2026 Reg M-A\n|rated|\n|rule|Species Clause: Limit one of each Pok\u00e9mon\n|rule|Item Clause: Limit 1 of each item\n|clearpoke\n|poke|p1|Scizor, L50, F|\n|poke|p1|Politoed, L50, F|\n|poke|p1|Basculegion, L50, M|\n|poke|p1|Incineroar, L50, M|\n|poke|p1|Sableye, L50, M|\n|poke|p1|Sneasler, L50, F|\n|poke|p2|Chesnaught, L50, F|\n|poke|p2|Basculegion, L50, M|\n|poke|p2|Weavile, L50, F|\n|poke|p2|Tinkaton, L50, F|\n|poke|p2|Rotom-Heat, L50|\n|poke|p2|Garchomp, L50, M|\n|teampreview|4\n|inactive|Battle timer is ON: inactive players will automatically lose when time's up. (requested by kuki9)\n|\n|t:|1776594062\n|teamsize|p1|4\n|teamsize|p2|4\n|start\n|switch|p1a: Sableye|Sableye, L50, M|100/100\n|switch|p1b: Basculegion|Basculegion, L50, M|100/100\n|switch|p2a: Weavile|Weavile, L50, F|100/100\n|switch|p2b: Basculegion|Basculegion, L50, M|100/100\n|-ability|p2a: Weavile|Pressure\n|turn|1\n|\n|t:|1776594079\n|switch|p1b: Incineroar|Incineroar, L50, M|100/100\n|-ability|p1b: Incineroar|Intimidate|boost\n|-unboost|p2a: Weavile|atk|1\n|-unboost|p2b: Basculegion|atk|1\n|move|p2b: Basculegion|Protect|p2b: Basculegion\n|-singleturn|p2b: Basculegion|Protect\n|move|p1a: Sableye|Will-O-Wisp|p2b: Basculegion\n|-activate|p2b: Basculegion|move: Protect\n|move|p2a: Weavile|Knock Off|p1b: Incineroar\n|-resisted|p1b: Incineroar|1\n|-damage|p1b: Incineroar|87/100\n|-enditem|p1b: Incineroar|Shuca Berry|[from] move: Knock Off|[of] p2a: Weavile\n|\n|upkeep\n|turn|2\n|\n|t:|1776594100\n|switch|p2a: Garchomp|Garchomp, L50, M|100/100\n|switch|p2b: Rotom|Rotom-Heat, L50|100/100\n|move|p1a: Sableye|Will-O-Wisp|p2b: Rotom\n|-immune|p2b: Rotom\n|move|p1b: Incineroar|Will-O-Wisp|p2a: Garchomp|[miss]\n|-miss|p1b: Incineroar|p2a: Garchomp\n|\n|upkeep\n|turn|3\n|\n|t:|1776594118\n|move|p1a: Sableye|Will-O-Wisp|p2a: Garchomp\n|-status|p2a: Garchomp|brn\n|move|p2b: Rotom|Overheat|p1a: Sableye\n|-crit|p1a: Sableye\n|-damage|p1a: Sableye|2/100\n|-unboost|p2b: Rotom|spa|2\n|move|p2a: Garchomp|Earthquake|p1a: Sableye|[spread] p1a,p1b\n|-immune|p2b: Rotom|[from] ability: Levitate\n|-supereffective|p1b: Incineroar|1\n|-damage|p1a: Sableye|0 fnt\n|-damage|p1b: Incineroar|51/100\n|faint|p1a: Sableye\n|move|p1b: Incineroar|Parting Shot|p2a: Garchomp\n|-unboost|p2a: Garchomp|atk|1\n|-unboost|p2a: Garchomp|spa|1\n|\n|t:|1776594128\n|switch|p1b: Basculegion|Basculegion, L50, M|100/100|[from] Parting Shot\n|\n|-damage|p2a: Garchomp|95/100 brn|[from] brn\n|upkeep\n|\n|t:|1776594132\n|switch|p1a: Scizor|Scizor, L50, F|100/100\n|turn|4\n|\n|t:|1776594154\n|switch|p2b: Basculegion|Basculegion, L50, M|100/100\n|detailschange|p1a: Scizor|Scizor-Mega, L50, F\n|-mega|p1a: Scizor|Scizor|Scizorite\n|move|p1b: Basculegion|Flip Turn|p2b: Basculegion\n|-resisted|p2b: Basculegion|1\n|-damage|p2b: Basculegion|76/100\n|\n|t:|1776594160\n|switch|p1b: Incineroar|Incineroar, L50, M|51/100|[from] Flip Turn\n|-ability|p1b: Incineroar|Intimidate|boost\n|-unboost|p2a: Garchomp|atk|1\n|-unboost|p2b: Basculegion|atk|1\n|move|p2a: Garchomp|Rock Slide|p1b: Incineroar|[spread] p1a\n|-miss|p2a: Garchomp|p1b: Incineroar\n|-damage|p1a: Scizor|97/100\n|move|p1a: Scizor|Swords Dance|p1a: Scizor\n|-boost|p1a: Scizor|atk|2\n|\n|-damage|p2a: Garchomp|89/100 brn|[from] brn\n|upkeep\n|turn|5\n|\n|t:|1776594181\n|move|p1b: Incineroar|Fake Out|p2a: Garchomp\n|-damage|p2a: Garchomp|76/100 brn\n|-damage|p1b: Incineroar|39/100|[from] ability: Rough Skin|[of] p2a: Garchomp\n|cant|p2a: Garchomp|flinch\n|move|p2b: Basculegion|Liquidation|p1b: Incineroar\n|-supereffective|p1b: Incineroar|1\n|-damage|p1b: Incineroar|0 fnt\n|faint|p1b: Incineroar\n|move|p1a: Scizor|Bug Bite|p2b: Basculegion\n|-resisted|p2b: Basculegion|1\n|-damage|p2b: Basculegion|11/100\n|\n|-damage|p2a: Garchomp|70/100 brn|[from] brn\n|upkeep\n|\n|t:|1776594193\n|switch|p1b: Basculegion|Basculegion, L50, M|100/100\n|turn|6\n|\n|t:|1776594198\n|move|p2b: Basculegion|Protect|p2b: Basculegion\n|-singleturn|p2b: Basculegion|Protect\n|move|p1a: Scizor|Bullet Punch|p2b: Basculegion\n|-activate|p2b: Basculegion|move: Protect\n|move|p1b: Basculegion|Last Respects|p2a: Garchomp\n|-damage|p2a: Garchomp|0 fnt\n|faint|p2a: Garchomp\n|\n|upkeep\n|\n|t:|1776594206\n|switch|p2a: Weavile|Weavile, L50, F|100/100\n|-ability|p2a: Weavile|Pressure\n|turn|7\n|\n|t:|1776594222\n|move|p2a: Weavile|Fake Out|p1a: Scizor\n|-resisted|p1a: Scizor|1\n|-damage|p1a: Scizor|91/100\n|cant|p1a: Scizor|flinch\n|move|p1b: Basculegion|Last Respects|p2b: Basculegion\n|-supereffective|p2b: Basculegion|1\n|-damage|p2b: Basculegion|0 fnt\n|faint|p2b: Basculegion\n|\n|upkeep\n|\n|t:|1776594228\n|switch|p2b: Rotom|Rotom-Heat, L50|100/100\n|turn|8\n|\n|t:|1776594235\n|move|p1a: Scizor|Bullet Punch|p2a: Weavile\n|-supereffective|p2a: Weavile|1\n|-enditem|p2a: Weavile|Focus Sash\n|-damage|p2a: Weavile|1/100\n|move|p2b: Rotom|Overheat|p1a: Scizor\n|-supereffective|p1a: Scizor|2\n|-damage|p1a: Scizor|0 fnt\n|-unboost|p2b: Rotom|spa|2\n|faint|p1a: Scizor\n|move|p2a: Weavile|Knock Off|p1b: Basculegion\n|-supereffective|p1b: Basculegion|1\n|-crit|p1b: Basculegion\n|-damage|p1b: Basculegion|0 fnt\n|-enditem|p1b: Basculegion|Choice Scarf|[from] move: Knock Off|[of] p2a: Weavile\n|faint|p1b: Basculegion\n|\n|win|lpaky\n|raw|kuki9's rating: 1424 &rarr; <strong>1409</strong><br />(-15 for losing)\n|raw|lpaky's rating: 1522 &rarr; <strong>1537</strong><br />(+15 for winning)\n",
  "uploadtime": 1776594242,
  "views": 13,
  "formatid": "gen9championsvgc2026regma",
  "rating": 1409,
  "private": 0,
  "password": null
}