{
  "id": "gen9championsvgc2026regma-2580653506",
  "format": "[Gen 9 Champions] VGC 2026 Reg M-A",
  "players": [
    "Hinya",
    "IronSpider22"
  ],
  "log": "|j|\u2606Hinya\n|j|\u2606IronSpider22\n|t:|1775921582\n|gametype|doubles\n|player|p1|Hinya|arezu|1073\n|player|p2|IronSpider22|265|1013\n|gen|9\n|tier|[Gen 9 Champions] VGC 2026 Reg M-A\n|rated|\n|rule|Species Clause: Limit one of each Pok\u00e9mon\n|rule|Item Clause: Limit 1 of each item\n|clearpoke\n|poke|p1|Incineroar, L50, M|\n|poke|p1|Floette-Eternal, L50, F|\n|poke|p1|Garchomp, L50, M|\n|poke|p1|Aerodactyl, L50, M|\n|poke|p1|Sneasler, L50, M|\n|poke|p1|Gengar, L50, M|\n|poke|p2|Sneasler, L50, M|\n|poke|p2|Basculegion, L50, M|\n|poke|p2|Meowscarada, L50, F|\n|poke|p2|Lopunny, L50, M|\n|poke|p2|Armarouge, L50, F|\n|poke|p2|Dragapult, L50, M|\n|teampreview|4\n|inactive|Battle timer is ON: inactive players will automatically lose when time's up. (requested by Hinya)\n|\n|t:|1775921608\n|teamsize|p1|4\n|teamsize|p2|4\n|start\n|switch|p1a: \ud50c\ub77c\uc5e3\ud14c|Floette-Eternal, L50, F|100/100\n|switch|p1b: \ud504\ud14c\ub77c|Aerodactyl, L50, M|100/100\n|switch|p2a: Sneasler|Sneasler, L50, M|100/100\n|switch|p2b: Basculegion|Basculegion, L50, M|100/100\n|-ability|p1b: \ud504\ud14c\ub77c|Unnerve\n|turn|1\n|\n|t:|1775921631\n|detailschange|p1a: \ud50c\ub77c\uc5e3\ud14c|Floette-Mega, L50, F\n|-mega|p1a: \ud50c\ub77c\uc5e3\ud14c|Floette|Floettite\n|-ability|p1a: \ud50c\ub77c\uc5e3\ud14c|Fairy Aura\n|move|p1a: \ud50c\ub77c\uc5e3\ud14c|Protect|p1a: \ud50c\ub77c\uc5e3\ud14c\n|-singleturn|p1a: \ud50c\ub77c\uc5e3\ud14c|Protect\n|move|p1b: \ud504\ud14c\ub77c|Tailwind|p1b: \ud504\ud14c\ub77c\n|-sidestart|p1: Hinya|move: Tailwind\n|move|p2a: Sneasler|Dire Claw|p1a: \ud50c\ub77c\uc5e3\ud14c\n|-activate|p1a: \ud50c\ub77c\uc5e3\ud14c|move: Protect\n|move|p2b: Basculegion|Waterfall|p1b: \ud504\ud14c\ub77c\n|-supereffective|p1b: \ud504\ud14c\ub77c|1\n|-enditem|p1b: \ud504\ud14c\ub77c|Focus Sash\n|-damage|p1b: \ud504\ud14c\ub77c|1/100\n|\n|upkeep\n|turn|2\n|inactive|IronSpider22 has 30 seconds left.\n|\n|t:|1775921657\n|switch|p1a: \uc5b4\ud765\uc5fc|Incineroar, L50, M|100/100\n|-ability|p1a: \uc5b4\ud765\uc5fc|Intimidate|boost\n|-unboost|p2a: Sneasler|atk|1\n|-unboost|p2b: Basculegion|atk|1\n|move|p1b: \ud504\ud14c\ub77c|Protect|p1b: \ud504\ud14c\ub77c\n|-singleturn|p1b: \ud504\ud14c\ub77c|Protect\n|move|p2a: Sneasler|Dire Claw|p1a: \uc5b4\ud765\uc5fc\n|-damage|p1a: \uc5b4\ud765\uc5fc|70/100\n|move|p2b: Basculegion|Flip Turn|p1b: \ud504\ud14c\ub77c\n|-activate|p1b: \ud504\ud14c\ub77c|move: Protect\n|\n|upkeep\n|turn|3\n|\n|t:|1775921681\n|move|p1b: \ud504\ud14c\ub77c|Rock Slide|p2b: Basculegion|[spread] p2a,p2b\n|-resisted|p2a: Sneasler|1\n|-damage|p2a: Sneasler|79/100\n|-damage|p2b: Basculegion|71/100\n|move|p2a: Sneasler|Dire Claw|p1a: \uc5b4\ud765\uc5fc\n|-damage|p1a: \uc5b4\ud765\uc5fc|42/100\n|-enditem|p1a: \uc5b4\ud765\uc5fc|Sitrus Berry|[eat]\n|-heal|p1a: \uc5b4\ud765\uc5fc|66/100|[from] item: Sitrus Berry\n|move|p1a: \uc5b4\ud765\uc5fc|Parting Shot|p2a: Sneasler\n|-unboost|p2a: Sneasler|atk|1\n|-unboost|p2a: Sneasler|spa|1\n|\n|t:|1775921691\n|switch|p1a: \ud55c\uce74\ub9ac\uc544\uc2a4|Garchomp, L50, M|100/100|[from] Parting Shot\n|cant|p2b: Basculegion|flinch\n|\n|upkeep\n|turn|4\n|\n|t:|1775921706\n|move|p1b: \ud504\ud14c\ub77c|Rock Slide|p2a: Sneasler|[spread] p2a\n|-miss|p1b: \ud504\ud14c\ub77c|p2b: Basculegion\n|-resisted|p2a: Sneasler|1\n|-damage|p2a: Sneasler|57/100\n|move|p1a: \ud55c\uce74\ub9ac\uc544\uc2a4|Earthquake|p2a: Sneasler|[spread] p2a,p2b\n|-immune|p1b: \ud504\ud14c\ub77c\n|-supereffective|p2a: Sneasler|1\n|-damage|p2a: Sneasler|0 fnt\n|-damage|p2b: Basculegion|24/100\n|faint|p2a: Sneasler\n|move|p2b: Basculegion|Flip Turn|p1a: \ud55c\uce74\ub9ac\uc544\uc2a4\n|-damage|p1a: \ud55c\uce74\ub9ac\uc544\uc2a4|72/100\n|-damage|p2b: Basculegion|12/100|[from] ability: Rough Skin|[of] p1a: \ud55c\uce74\ub9ac\uc544\uc2a4\n|\n|t:|1775921719\n|switch|p2b: Lopunny|Lopunny, L50, M|100/100|[from] Flip Turn\n|\n|-sideend|p1: Hinya|move: Tailwind\n|upkeep\n|\n|t:|1775921724\n|switch|p2a: Armarouge|Armarouge, L50, F|100/100\n|turn|5\n|\n|t:|1775921738\n|detailschange|p2b: Lopunny|Lopunny-Mega, L50, M\n|-mega|p2b: Lopunny|Lopunny|Lopunnite\n|move|p2b: Lopunny|Fake Out|p1a: \ud55c\uce74\ub9ac\uc544\uc2a4\n|-damage|p1a: \ud55c\uce74\ub9ac\uc544\uc2a4|51/100\n|-damage|p2b: Lopunny|89/100|[from] ability: Rough Skin|[of] p1a: \ud55c\uce74\ub9ac\uc544\uc2a4\n|move|p1b: \ud504\ud14c\ub77c|Rock Slide|p2a: Armarouge|[spread] p2a,p2b\n|-supereffective|p2a: Armarouge|1\n|-resisted|p2b: Lopunny|1\n|-damage|p2a: Armarouge|54/100\n|-damage|p2b: Lopunny|72/100\n|-ability|p2a: Armarouge|Weak Armor|boost\n|-unboost|p2a: Armarouge|def|1\n|-boost|p2a: Armarouge|spe|2\n|move|p2a: Armarouge|Flash Cannon|p1b: \ud504\ud14c\ub77c\n|-supereffective|p1b: \ud504\ud14c\ub77c|1\n|-damage|p1b: \ud504\ud14c\ub77c|0 fnt\n|faint|p1b: \ud504\ud14c\ub77c\n|cant|p1a: \ud55c\uce74\ub9ac\uc544\uc2a4|flinch\n|\n|-heal|p2a: Armarouge|60/100|[from] item: Leftovers\n|upkeep\n|\n|t:|1775921759\n|switch|p1b: \uc5b4\ud765\uc5fc|Incineroar, L50, M|66/100\n|-ability|p1b: \uc5b4\ud765\uc5fc|Intimidate|boost\n|-unboost|p2a: Armarouge|atk|1\n|-fail|p2b: Lopunny|unboost|Attack|[from] ability: Scrappy|[of] p2b: Lopunny\n|turn|6\n|\n|t:|1775921777\n|switch|p2a: Basculegion|Basculegion, L50, M|12/100\n|move|p1b: \uc5b4\ud765\uc5fc|Fake Out|p2b: Lopunny\n|-damage|p2b: Lopunny|58/100\n|cant|p2b: Lopunny|flinch\n|move|p1a: \ud55c\uce74\ub9ac\uc544\uc2a4|Rock Slide|p2a: Basculegion|[spread] p2a,p2b\n|-crit|p2a: Basculegion\n|-resisted|p2b: Lopunny|1\n|-damage|p2a: Basculegion|0 fnt\n|-damage|p2b: Lopunny|46/100\n|faint|p2a: Basculegion\n|\n|upkeep\n|\n|t:|1775921788\n|switch|p2a: Armarouge|Armarouge, L50, F|60/100\n|turn|7\n|\n|t:|1775921798\n|move|p1a: \ud55c\uce74\ub9ac\uc544\uc2a4|Protect|p1a: \ud55c\uce74\ub9ac\uc544\uc2a4\n|-singleturn|p1a: \ud55c\uce74\ub9ac\uc544\uc2a4|Protect\n|move|p2b: Lopunny|Play Rough|p1a: \ud55c\uce74\ub9ac\uc544\uc2a4\n|-activate|p1a: \ud55c\uce74\ub9ac\uc544\uc2a4|move: Protect\n|move|p2a: Armarouge|Armor Cannon|p1a: \ud55c\uce74\ub9ac\uc544\uc2a4\n|-activate|p1a: \ud55c\uce74\ub9ac\uc544\uc2a4|move: Protect\n|move|p1b: \uc5b4\ud765\uc5fc|Darkest Lariat|p2a: Armarouge\n|-supereffective|p2a: Armarouge|1\n|-damage|p2a: Armarouge|0 fnt\n|faint|p2a: Armarouge\n|\n|upkeep\n|turn|8\n|-message|IronSpider22 forfeited.\n|\n|win|Hinya\n|raw|Hinya's rating: 1073 &rarr; <strong>1097</strong><br />(+24 for winning)\n|raw|IronSpider22's rating: 1013 &rarr; <strong>1003</strong><br />(-10 for losing)\n|l|\u2606IronSpider22\n|player|p2|\n",
  "uploadtime": 1775921811,
  "views": 19,
  "formatid": "gen9championsvgc2026regma",
  "rating": 1003,
  "private": 0,
  "password": null
}