{
  "id": "gen9championsvgc2026regma-2581205148",
  "format": "[Gen 9 Champions] VGC 2026 Reg M-A",
  "players": [
    "MakoGP",
    "LukitasM0"
  ],
  "log": "|j|\u2606MakoGP\n|j|\u2606LukitasM0\n|t:|1775970573\n|gametype|doubles\n|player|p1|MakoGP|elesa-masters2|1086\n|player|p2|LukitasM0|steven|1000\n|gen|9\n|tier|[Gen 9 Champions] VGC 2026 Reg M-A\n|rated|\n|rule|Species Clause: Limit one of each Pok\u00e9mon\n|rule|Item Clause: Limit 1 of each item\n|clearpoke\n|poke|p1|Tyranitar, L50, M|\n|poke|p1|Excadrill, L50, F|\n|poke|p1|Delphox, L50, F|\n|poke|p1|Rotom-Wash, L50|\n|poke|p1|Conkeldurr, L50, F|\n|poke|p1|Sinistcha, L50|\n|poke|p2|Charizard, L50, F|\n|poke|p2|Venusaur, L50, M|\n|poke|p2|Garchomp, L50, F|\n|poke|p2|Torkoal, L50, F|\n|poke|p2|Incineroar, L50, M|\n|poke|p2|Kingambit, L50, F|\n|teampreview|4\n|\n|t:|1775970604\n|teamsize|p1|4\n|teamsize|p2|4\n|start\n|switch|p1a: Sand Foid|Excadrill, L50, F|100/100\n|switch|p1b: Nonbinary Child|Delphox, L50, F|100/100\n|switch|p2a: Charizard|Charizard, L50, F|100/100\n|switch|p2b: Venusaur|Venusaur, L50, M|100/100\n|turn|1\n|inactive|Battle timer is ON: inactive players will automatically lose when time's up. (requested by LukitasM0)\n|\n|t:|1775970640\n|detailschange|p1b: Nonbinary Child|Delphox-Mega, L50, F\n|-mega|p1b: Nonbinary Child|Delphox|Delphoxite\n|detailschange|p2a: Charizard|Charizard-Mega-Y, L50, F\n|-mega|p2a: Charizard|Charizard|Charizardite Y\n|-weather|SunnyDay|[from] ability: Drought|[of] p2a: Charizard\n|move|p2b: Venusaur|Sleep Powder|p1b: Nonbinary Child\n|-status|p1b: Nonbinary Child|slp|[from] move: Sleep Powder\n|cant|p1b: Nonbinary Child|slp\n|move|p2a: Charizard|Overheat|p1a: Sand Foid\n|-supereffective|p1a: Sand Foid|1\n|-enditem|p1a: Sand Foid|Focus Sash\n|-damage|p1a: Sand Foid|1/100\n|-unboost|p2a: Charizard|spa|2\n|move|p1a: Sand Foid|Iron Head|p2a: Charizard\n|-resisted|p2a: Charizard|1\n|-damage|p2a: Charizard|68/100\n|\n|-weather|SunnyDay|[upkeep]\n|upkeep\n|turn|2\n|inactive|LukitasM0 has 30 seconds left.\n|inactive|LukitasM0 has 20 seconds left.\n|inactive|LukitasM0 has 15 seconds left.\n|inactive|LukitasM0 has 10 seconds left.\n|\n|t:|1775970685\n|switch|p2a: Incineroar|Incineroar, L50, M|100/100\n|-ability|p2a: Incineroar|Intimidate|boost\n|-unboost|p1a: Sand Foid|atk|1\n|-unboost|p1b: Nonbinary Child|atk|1\n|switch|p1a: Sand Chud|Tyranitar, L50, M|100/100\n|-weather|Sandstorm|[from] ability: Sand Stream|[of] p1a: Sand Chud\n|cant|p1b: Nonbinary Child|slp\n|move|p2b: Venusaur|Solar Beam||[still]\n|-prepare|p2b: Venusaur|Solar Beam\n|\n|-weather|Sandstorm|[upkeep]\n|-damage|p1b: Nonbinary Child|95/100 slp|[from] Sandstorm\n|-damage|p2b: Venusaur|95/100|[from] Sandstorm\n|-damage|p2a: Incineroar|95/100|[from] Sandstorm\n|upkeep\n|turn|3\n|inactive|LukitasM0 has 30 seconds left.\n|\n|t:|1775970712\n|switch|p1b: Goilla|Conkeldurr, L50, F|100/100\n|move|p2a: Incineroar|Fake Out|p1a: Sand Chud\n|-resisted|p1a: Sand Chud|1\n|-damage|p1a: Sand Chud|96/100\n|move|p2b: Venusaur|Solar Beam|p1a: Sand Chud|[from] lockedmove\n|-supereffective|p1a: Sand Chud|1\n|-damage|p1a: Sand Chud|69/100\n|cant|p1a: Sand Chud|flinch\n|\n|-weather|Sandstorm|[upkeep]\n|-damage|p2b: Venusaur|89/100|[from] Sandstorm\n|-damage|p2a: Incineroar|89/100|[from] Sandstorm\n|-damage|p1b: Goilla|94/100|[from] Sandstorm\n|upkeep\n|turn|4\n|inactive|MakoGP has 30 seconds left.\n|\n|t:|1775970737\n|move|p2b: Venusaur|Sleep Powder|p1a: Sand Chud\n|-status|p1a: Sand Chud|slp|[from] move: Sleep Powder\n|cant|p1a: Sand Chud|slp\n|move|p2a: Incineroar|Parting Shot|p1b: Goilla\n|-unboost|p1b: Goilla|atk|1\n|-unboost|p1b: Goilla|spa|1\n|\n|t:|1775970749\n|switch|p2a: Charizard|Charizard-Mega-Y, L50, F|68/100|[from] Parting Shot\n|-weather|SunnyDay|[from] ability: Drought|[of] p2a: Charizard\n|move|p1b: Goilla|Ice Punch|p2b: Venusaur\n|-supereffective|p2b: Venusaur|1\n|-damage|p2b: Venusaur|20/100\n|-enditem|p2b: Venusaur|Sitrus Berry|[eat]\n|-heal|p2b: Venusaur|45/100|[from] item: Sitrus Berry\n|\n|-weather|SunnyDay|[upkeep]\n|upkeep\n|turn|5\n|\n|t:|1775970770\n|switch|p1a: Nonbinary Child|Delphox-Mega, L50, F|95/100 slp\n|move|p2b: Venusaur|Solar Beam||[still]\n|-prepare|p2b: Venusaur|Solar Beam\n|-anim|p2b: Venusaur|Solar Beam|p1b: Goilla\n|-damage|p1b: Goilla|27/100\n|move|p2a: Charizard|Heat Wave|p1a: Nonbinary Child|[spread] p1a,p1b\n|-resisted|p1a: Nonbinary Child|1\n|-damage|p1a: Nonbinary Child|65/100 slp\n|-damage|p1b: Goilla|0 fnt\n|faint|p1b: Goilla\n|\n|-weather|SunnyDay|[upkeep]\n|upkeep\n|c|\u2606MakoGP|67\n|\n|t:|1775970785\n|switch|p1b: Sand Chud|Tyranitar, L50, M|69/100 slp\n|-weather|Sandstorm|[from] ability: Sand Stream|[of] p1b: Sand Chud\n|turn|6\n|\n|t:|1775970810\n|switch|p2a: Incineroar|Incineroar, L50, M|89/100\n|-ability|p2a: Incineroar|Intimidate|boost\n|-unboost|p1a: Nonbinary Child|atk|1\n|-unboost|p1b: Sand Chud|atk|1\n|switch|p2b: Garchomp|Garchomp, L50, F|100/100\n|-curestatus|p1a: Nonbinary Child|slp|[msg]\n|move|p1a: Nonbinary Child|Heat Wave|p2b: Garchomp|[spread] p2a,p2b\n|-resisted|p2a: Incineroar|1\n|-resisted|p2b: Garchomp|1\n|-crit|p2b: Garchomp\n|-damage|p2a: Incineroar|70/100\n|-damage|p2b: Garchomp|66/100\n|-curestatus|p1b: Sand Chud|slp|[msg]\n|move|p1b: Sand Chud|Rock Slide|p2a: Incineroar|[spread] p2a,p2b\n|-supereffective|p2a: Incineroar|1\n|-resisted|p2b: Garchomp|1\n|-damage|p2a: Incineroar|38/100\n|-damage|p2b: Garchomp|57/100\n|\n|-weather|Sandstorm|[upkeep]\n|-damage|p1a: Nonbinary Child|59/100|[from] Sandstorm\n|-damage|p2a: Incineroar|32/100|[from] Sandstorm\n|upkeep\n|turn|7\n|inactive|MakoGP has 30 seconds left.\n|inactive|LukitasM0 has 30 seconds left.\n|inactive|MakoGP has 20 seconds left.\n|inactive|LukitasM0 has 20 seconds left.\n|inactive|LukitasM0 has 15 seconds left.\n|inactive|LukitasM0 has 10 seconds left.\n|inactive|LukitasM0 has 5 seconds left.\n|\n|t:|1775970865\n|move|p1a: Nonbinary Child|Protect|p1a: Nonbinary Child\n|-singleturn|p1a: Nonbinary Child|Protect\n|move|p1b: Sand Chud|Protect|p1b: Sand Chud\n|-singleturn|p1b: Sand Chud|Protect\n|move|p2a: Incineroar|Fake Out|p1b: Sand Chud\n|-activate|p1b: Sand Chud|move: Protect\n|move|p2b: Garchomp|Earthquake|p1a: Nonbinary Child|[spread] p2a\n|-activate|p1a: Nonbinary Child|move: Protect\n|-activate|p1b: Sand Chud|move: Protect\n|-supereffective|p2a: Incineroar|1\n|-damage|p2a: Incineroar|0 fnt\n|faint|p2a: Incineroar\n|\n|-weather|Sandstorm|[upkeep]\n|-damage|p1a: Nonbinary Child|53/100|[from] Sandstorm\n|upkeep\n|\n|t:|1775970875\n|switch|p2a: Charizard|Charizard-Mega-Y, L50, F|68/100\n|-weather|SunnyDay|[from] ability: Drought|[of] p2a: Charizard\n|turn|8\n|\n|t:|1775970890\n|switch|p1b: Sand Foid|Excadrill, L50, F|1/100\n|move|p1a: Nonbinary Child|Psychic|p2b: Garchomp\n|-damage|p2b: Garchomp|0 fnt\n|faint|p2b: Garchomp\n|move|p2a: Charizard|Solar Beam||[still]\n|-prepare|p2a: Charizard|Solar Beam\n|-anim|p2a: Charizard|Solar Beam|p1b: Sand Foid\n|-damage|p1b: Sand Foid|0 fnt\n|faint|p1b: Sand Foid\n|\n|-weather|SunnyDay|[upkeep]\n|upkeep\n|\n|t:|1775970901\n|switch|p2b: Venusaur|Venusaur, L50, M|45/100\n|switch|p1b: Sand Chud|Tyranitar, L50, M|69/100\n|-weather|Sandstorm|[from] ability: Sand Stream|[of] p1b: Sand Chud\n|turn|9\n|\n|t:|1775970920\n|move|p1a: Nonbinary Child|Heat Wave|p2a: Charizard|[spread] p2a,p2b\n|-resisted|p2a: Charizard|1\n|-supereffective|p2b: Venusaur|1\n|-damage|p2a: Charizard|46/100\n|-damage|p2b: Venusaur|0 fnt\n|faint|p2b: Venusaur\n|move|p2a: Charizard|Overheat|p1a: Nonbinary Child\n|-resisted|p1a: Nonbinary Child|1\n|-damage|p1a: Nonbinary Child|14/100\n|-unboost|p2a: Charizard|spa|2\n|move|p1b: Sand Chud|Rock Slide|p2a: Charizard\n|-supereffective|p2a: Charizard|2\n|-crit|p2a: Charizard\n|-damage|p2a: Charizard|0 fnt\n|faint|p2a: Charizard\n|\n|win|MakoGP\n|raw|MakoGP's rating: 1086 &rarr; <strong>1107</strong><br />(+21 for winning)\n|raw|LukitasM0's rating: 1000 &rarr; <strong>1000</strong><br />(+0 for losing)\n|c|\u2606MakoGP|gs\n|c|\u2606MakoGP|ggs\n|l|\u2606LukitasM0\n|player|p2|\n",
  "uploadtime": 1775971085,
  "views": 13,
  "formatid": "gen9championsvgc2026regma",
  "rating": 1000,
  "private": 0,
  "password": null
}