{
  "id": "gen9championsvgc2026regma-2585502142",
  "format": "[Gen 9 Champions] VGC 2026 Reg M-A",
  "players": [
    "shmandles",
    "sebashould"
  ],
  "log": "|j|\u2606shmandles\n|j|\u2606sebashould\n|t:|1776351841\n|gametype|doubles\n|player|p1|shmandles|waiter-gen4dp|1193\n|player|p2|sebashould|cyrus|1153\n|gen|9\n|tier|[Gen 9 Champions] VGC 2026 Reg M-A\n|rated|\n|rule|Species Clause: Limit one of each Pok\u00e9mon\n|rule|Item Clause: Limit 1 of each item\n|clearpoke\n|poke|p1|Sinistcha-Masterpiece, L50|\n|poke|p1|Gyarados, L50, M|\n|poke|p1|Tyranitar, L50, M|\n|poke|p1|Gardevoir, L50, F|\n|poke|p1|Garchomp, L50, F|\n|poke|p1|Orthworm, L50, M|\n|poke|p2|Mimikyu, L50, F|\n|poke|p2|Aggron, L50, M|\n|poke|p2|Garchomp, L50, M|\n|poke|p2|Whimsicott, L50, F|\n|poke|p2|Arcanine-Hisui, L50, F|\n|poke|p2|Rotom-Wash, L50|\n|teampreview|4\n|inactive|Battle timer is ON: inactive players will automatically lose when time's up. (requested by sebashould)\n|\n|t:|1776351911\n|teamsize|p1|4\n|teamsize|p2|4\n|start\n|switch|p1a: Garchomp|Garchomp, L50, F|100/100\n|switch|p1b: Orthworm|Orthworm, L50, M|100/100\n|switch|p2a: Mimikyu|Mimikyu, L50, F, shiny|100/100\n|switch|p2b: Rotom|Rotom-Wash, L50, shiny|100/100\n|turn|1\n|\n|t:|1776351932\n|move|p1a: Garchomp|Rock Slide|p2b: Rotom|[spread] p2a\n|-miss|p1a: Garchomp|p2b: Rotom\n|-activate|p2a: Mimikyu|ability: Disguise\n|-damage|p2a: Mimikyu|100/100\n|detailschange|p2a: Mimikyu|Mimikyu-Busted, L50, F, shiny\n|-damage|p2a: Mimikyu|88/100|[from] pokemon: Mimikyu-Busted\n|move|p2b: Rotom|Hydro Pump|p1b: Orthworm\n|-damage|p1b: Orthworm|45/100\n|-enditem|p1b: Orthworm|Sitrus Berry|[eat]\n|-heal|p1b: Orthworm|70/100|[from] item: Sitrus Berry\n|move|p1b: Orthworm|Heavy Slam|p2a: Mimikyu\n|-supereffective|p2a: Mimikyu|1\n|-damage|p2a: Mimikyu|2/100\n|move|p2a: Mimikyu|Trick Room|p2a: Mimikyu\n|-fieldstart|move: Trick Room|[of] p2a: Mimikyu\n|\n|upkeep\n|turn|2\n|\n|t:|1776351953\n|switch|p1a: Sinistcha|Sinistcha-Masterpiece, L50|100/100\n|-heal|p1b: Orthworm|95/100|[from] ability: Hospitality|[of] p1a: Sinistcha\n|move|p1b: Orthworm|Shed Tail|p1b: Orthworm\n|-start|p1b: Orthworm|Substitute|[from] move: Shed Tail\n|-damage|p1b: Orthworm|45/100\n|\n|t:|1776351963\n|switch|p1b: Tyranitar|Tyranitar, L50, M|100/100|[from] Shed Tail\n|-weather|Sandstorm|[from] ability: Sand Stream|[of] p1b: Tyranitar\n|move|p2a: Mimikyu|Play Rough|p1a: Sinistcha\n|-damage|p1a: Sinistcha|70/100\n|-unboost|p1a: Sinistcha|atk|1\n|move|p2b: Rotom|Hydro Pump|p1a: Sinistcha\n|-resisted|p1a: Sinistcha|1\n|-damage|p1a: Sinistcha|46/100\n|\n|-weather|Sandstorm|[upkeep]\n|-damage|p1a: Sinistcha|40/100|[from] Sandstorm\n|-damage|p2a: Mimikyu|0 fnt|[from] Sandstorm\n|-damage|p2b: Rotom|95/100|[from] Sandstorm\n|faint|p2a: Mimikyu\n|-heal|p1a: Sinistcha|46/100|[from] item: Leftovers\n|upkeep\n|\n|t:|1776351980\n|switch|p2a: Arcanine|Arcanine-Hisui, L50, F, shiny|100/100\n|-ability|p2a: Arcanine|Intimidate|boost\n|-unboost|p1a: Sinistcha|atk|1\n|-immune|p1b: Tyranitar\n|turn|3\n|\n|t:|1776351998\n|switch|p1a: Orthworm|Orthworm, L50, M|45/100\n|detailschange|p1b: Tyranitar|Tyranitar-Mega, L50, M\n|-mega|p1b: Tyranitar|Tyranitar|Tyranitarite\n|move|p1b: Tyranitar|Earthquake|p2a: Arcanine|[spread] p2a\n|-heal|p1a: Orthworm|70/100|[from] ability: Earth Eater|[of] p1b: Tyranitar\n|-immune|p2b: Rotom|[from] ability: Levitate\n|-supereffective|p2a: Arcanine|2\n|-damage|p2a: Arcanine|0 fnt\n|faint|p2a: Arcanine\n|move|p2b: Rotom|Hydro Pump|p1b: Tyranitar\n|-supereffective|p1b: Tyranitar|1\n|-end|p1b: Tyranitar|Substitute\n|\n|-weather|Sandstorm|[upkeep]\n|-damage|p2b: Rotom|89/100|[from] Sandstorm\n|upkeep\n|\n|t:|1776352009\n|switch|p2a: Aggron|Aggron, L50, M|100/100\n|turn|4\n|\n|t:|1776352024\n|detailschange|p2a: Aggron|Aggron-Mega, L50, M\n|-mega|p2a: Aggron|Aggron|Aggronite\n|move|p2a: Aggron|Body Press|p1b: Tyranitar\n|-supereffective|p1b: Tyranitar|2\n|-damage|p1b: Tyranitar|7/100\n|move|p1b: Tyranitar|Earthquake|p2a: Aggron|[spread] p2a\n|-heal|p1a: Orthworm|95/100|[from] ability: Earth Eater|[of] p1b: Tyranitar\n|-immune|p2b: Rotom|[from] ability: Levitate\n|-supereffective|p2a: Aggron|1\n|-damage|p2a: Aggron|77/100\n|move|p1a: Orthworm|Body Press|p2a: Aggron\n|-supereffective|p2a: Aggron|1\n|-damage|p2a: Aggron|59/100\n|move|p2b: Rotom|Hydro Pump|p1a: Orthworm|[miss]\n|-miss|p2b: Rotom|p1a: Orthworm\n|\n|-weather|Sandstorm|[upkeep]\n|-damage|p2b: Rotom|83/100|[from] Sandstorm\n|upkeep\n|turn|5\n|\n|t:|1776352048\n|switch|p1b: Sinistcha|Sinistcha-Masterpiece, L50|46/100\n|-heal|p1a: Orthworm|100/100|[from] ability: Hospitality|[of] p1b: Sinistcha\n|move|p2a: Aggron|Body Press|p1a: Orthworm\n|-supereffective|p1a: Orthworm|1\n|-damage|p1a: Orthworm|40/100\n|move|p1a: Orthworm|Shed Tail|p1a: Orthworm\n|-fail|p1a: Orthworm|move: Shed Tail|[weak]\n|move|p2b: Rotom|Hydro Pump|p1b: Sinistcha\n|-resisted|p1b: Sinistcha|1\n|-damage|p1b: Sinistcha|21/100\n|\n|-weather|Sandstorm|[upkeep]\n|-damage|p1b: Sinistcha|15/100|[from] Sandstorm\n|-damage|p2b: Rotom|78/100|[from] Sandstorm\n|-heal|p1b: Sinistcha|21/100|[from] item: Leftovers\n|-fieldend|move: Trick Room\n|upkeep\n|turn|6\n|\n|t:|1776352068\n|move|p1a: Orthworm|Protect|p1a: Orthworm\n|-singleturn|p1a: Orthworm|Protect\n|move|p2b: Rotom|Hydro Pump|p1b: Sinistcha\n|-resisted|p1b: Sinistcha|1\n|-damage|p1b: Sinistcha|0 fnt\n|faint|p1b: Sinistcha\n|move|p2a: Aggron|Body Press|p1a: Orthworm\n|-activate|p1a: Orthworm|move: Protect\n|\n|-weather|none\n|upkeep\n|\n|t:|1776352078\n|switch|p1b: Garchomp|Garchomp, L50, F|100/100\n|turn|7\n|\n|t:|1776352087\n|move|p2a: Aggron|Protect|p2a: Aggron\n|-singleturn|p2a: Aggron|Protect\n|move|p1b: Garchomp|Earthquake|p2b: Rotom|[spread] \n|-activate|p2a: Aggron|move: Protect\n|-heal|p1a: Orthworm|65/100|[from] ability: Earth Eater|[of] p1b: Garchomp\n|-immune|p2b: Rotom|[from] ability: Levitate\n|move|p2b: Rotom|Hydro Pump|p1b: Garchomp\n|-damage|p1b: Garchomp|45/100\n|move|p1a: Orthworm|Shed Tail|p1a: Orthworm\n|-start|p1a: Orthworm|Substitute|[from] move: Shed Tail\n|-damage|p1a: Orthworm|15/100\n|\n|t:|1776352098\n|switch|p1a: Tyranitar|Tyranitar-Mega, L50, M|7/100|[from] Shed Tail\n|-weather|Sandstorm|[from] ability: Sand Stream|[of] p1a: Tyranitar\n|\n|-weather|Sandstorm|[upkeep]\n|-damage|p2b: Rotom|72/100|[from] Sandstorm\n|upkeep\n|turn|8\n|\n|t:|1776352108\n|switch|p1b: Orthworm|Orthworm, L50, M|15/100\n|move|p2b: Rotom|Hydro Pump|p1a: Tyranitar\n|-supereffective|p1a: Tyranitar|1\n|-end|p1a: Tyranitar|Substitute\n|move|p1a: Tyranitar|Earthquake|p2b: Rotom|[spread] p2a\n|-heal|p1b: Orthworm|40/100|[from] ability: Earth Eater|[of] p1a: Tyranitar\n|-immune|p2b: Rotom|[from] ability: Levitate\n|-supereffective|p2a: Aggron|1\n|-damage|p2a: Aggron|33/100\n|move|p2a: Aggron|Body Press|p1b: Orthworm\n|-supereffective|p1b: Orthworm|1\n|-damage|p1b: Orthworm|0 fnt\n|faint|p1b: Orthworm\n|\n|-weather|Sandstorm|[upkeep]\n|-damage|p2b: Rotom|66/100|[from] Sandstorm\n|upkeep\n|\n|t:|1776352124\n|switch|p1b: Garchomp|Garchomp, L50, F|45/100\n|turn|9\n|\n|t:|1776352131\n|move|p1a: Tyranitar|Protect|p1a: Tyranitar\n|-singleturn|p1a: Tyranitar|Protect\n|move|p2a: Aggron|Protect|p2a: Aggron\n|-singleturn|p2a: Aggron|Protect\n|move|p1b: Garchomp|Earthquake|p2a: Aggron|[spread] \n|-activate|p1a: Tyranitar|move: Protect\n|-activate|p2a: Aggron|move: Protect\n|-immune|p2b: Rotom|[from] ability: Levitate\n|-activate|p2b: Rotom|move: Struggle\n|move|p2b: Rotom|Struggle|p1b: Garchomp\n|-damage|p1b: Garchomp|38/100\n|-damage|p2b: Rotom|41/100|[from] recoil\n|\n|-weather|Sandstorm|[upkeep]\n|-damage|p2b: Rotom|36/100|[from] Sandstorm\n|upkeep\n|turn|10\n|inactive|shmandles has 30 seconds left.\n|\n|t:|1776352157\n|move|p1b: Garchomp|Rock Slide|p2b: Rotom|[spread] p2a,p2b\n|-resisted|p2a: Aggron|1\n|-damage|p2a: Aggron|28/100\n|-damage|p2b: Rotom|16/100\n|-activate|p2b: Rotom|move: Struggle\n|move|p2b: Rotom|Struggle|p1a: Tyranitar\n|-damage|p1a: Tyranitar|2/100\n|-damage|p2b: Rotom|0 fnt|[from] recoil\n|faint|p2b: Rotom\n|move|p1a: Tyranitar|Crunch|p2a: Aggron\n|-damage|p2a: Aggron|0 fnt\n|faint|p2a: Aggron\n|\n|win|shmandles\n|raw|shmandles's rating: 1193 &rarr; <strong>1215</strong><br />(+22 for winning)\n|raw|sebashould's rating: 1153 &rarr; <strong>1131</strong><br />(-22 for losing)\n",
  "uploadtime": 1776352168,
  "views": 24,
  "formatid": "gen9championsvgc2026regma",
  "rating": 1131,
  "private": 0,
  "password": null
}