{
  "id": "gen9championsvgc2026regma-2589399205",
  "format": "[Gen 9 Champions] VGC 2026 Reg M-A",
  "players": [
    "tulivgc",
    "bigearlington"
  ],
  "log": "|j|\u2606tulivgc\n|j|\u2606bigearlington\n|t:|1776719810\n|gametype|doubles\n|player|p1|tulivgc|170|1308\n|player|p2|bigearlington|265|1317\n|gen|9\n|tier|[Gen 9 Champions] VGC 2026 Reg M-A\n|rated|\n|rule|Species Clause: Limit one of each Pok\u00e9mon\n|rule|Item Clause: Limit 1 of each item\n|clearpoke\n|poke|p1|Dragonite, L50, F|\n|poke|p1|Pelipper, L50, F|\n|poke|p1|Sinistcha-Masterpiece, L50|\n|poke|p1|Basculegion, L50, M|\n|poke|p1|Lucario, L50, M|\n|poke|p1|Kingambit, L50, M|\n|poke|p2|Scizor, L50, M|\n|poke|p2|Sneasler, L50, M|\n|poke|p2|Sinistcha, L50|\n|poke|p2|Tyranitar, L50, M|\n|poke|p2|Milotic, L50, F|\n|poke|p2|Rotom-Wash, L50|\n|teampreview|4\n|inactive|Battle timer is ON: inactive players will automatically lose when time's up. (requested by tulivgc)\n|inactive|tulivgc has 60 seconds left.\n|inactive|bigearlington has 60 seconds left.\n|inactive|bigearlington has 30 seconds left.\n|inactive|bigearlington has 20 seconds left.\n|inactive|bigearlington has 15 seconds left.\n|inactive|bigearlington has 10 seconds left.\n|inactive|bigearlington has 5 seconds left.\n|\n|t:|1776719896\n|teamsize|p1|4\n|teamsize|p2|4\n|start\n|switch|p1a: Lucario|Lucario, L50, M|100/100\n|switch|p1b: Basculegion|Basculegion, L50, M|100/100\n|switch|p2a: Rotom|Rotom-Wash, L50|100/100\n|switch|p2b: Scizor|Scizor, L50, M|100/100\n|turn|1\n|inactive|bigearlington has 30 seconds left.\n|inactive|bigearlington has 20 seconds left.\n|\n|t:|1776719934\n|switch|p1b: Sinistcha|Sinistcha-Masterpiece, L50|100/100\n|detailschange|p1a: Lucario|Lucario-Mega, L50, M\n|-mega|p1a: Lucario|Lucario|Lucarionite\n|detailschange|p2b: Scizor|Scizor-Mega, L50, M\n|-mega|p2b: Scizor|Scizor|Scizorite\n|move|p2b: Scizor|Protect|p2b: Scizor\n|-singleturn|p2b: Scizor|Protect\n|move|p2a: Rotom|Volt Switch|p1b: Sinistcha\n|-resisted|p1b: Sinistcha|1\n|-damage|p1b: Sinistcha|84/100\n|\n|t:|1776719946\n|switch|p2a: Sinistcha|Sinistcha, L50|100/100|[from] Volt Switch\n|move|p1a: Lucario|Close Combat|p2b: Scizor\n|-activate|p2b: Scizor|move: Protect\n|\n|-heal|p1b: Sinistcha|90/100|[from] item: Leftovers\n|upkeep\n|turn|2\n|inactive|bigearlington has 30 seconds left.\n|inactive|tulivgc has 30 seconds left.\n|inactive|bigearlington has 20 seconds left.\n|inactive|bigearlington has 15 seconds left.\n|inactive|bigearlington has 10 seconds left.\n|\n|t:|1776719994\n|switch|p2b: Sneasler|Sneasler, L50, M|100/100\n|move|p2a: Sinistcha|Rage Powder|p2a: Sinistcha\n|-singleturn|p2a: Sinistcha|move: Rage Powder\n|move|p1a: Lucario|Meteor Mash|p2a: Sinistcha\n|-damage|p2a: Sinistcha|51/100\n|-boost|p1a: Lucario|atk|1\n|move|p1b: Sinistcha|Matcha Gotcha|p2a: Sinistcha|[spread] p2a,p2b\n|-resisted|p2a: Sinistcha|1\n|-resisted|p2b: Sneasler|1\n|-damage|p2a: Sinistcha|38/100\n|-heal|p1b: Sinistcha|97/100|[from] drain|[of] p2a: Sinistcha\n|-damage|p2b: Sneasler|81/100\n|-heal|p1b: Sinistcha|100/100|[from] drain|[of] p2b: Sneasler\n|-enditem|p2a: Sinistcha|Sitrus Berry|[eat]\n|-heal|p2a: Sinistcha|62/100|[from] item: Sitrus Berry\n|\n|upkeep\n|turn|3\n|inactive|tulivgc has 30 seconds left.\n|inactive|bigearlington has 30 seconds left.\n|inactive|bigearlington has 20 seconds left.\n|inactive|bigearlington has 15 seconds left.\n|\n|t:|1776720035\n|move|p1a: Lucario|Protect|p1a: Lucario\n|-singleturn|p1a: Lucario|Protect\n|move|p2b: Sneasler|Close Combat|p1a: Lucario\n|-activate|p1a: Lucario|move: Protect\n|move|p2a: Sinistcha|Matcha Gotcha|p1a: Lucario|[spread] \n|-activate|p1a: Lucario|move: Protect\n|-miss|p2a: Sinistcha|p1b: Sinistcha\n|move|p1b: Sinistcha|Matcha Gotcha|p2b: Sneasler|[spread] p2a,p2b\n|-resisted|p2a: Sinistcha|1\n|-resisted|p2b: Sneasler|1\n|-damage|p2a: Sinistcha|49/100\n|-damage|p2b: Sneasler|62/100\n|\n|upkeep\n|turn|4\n|inactive|bigearlington has 30 seconds left.\n|inactive|bigearlington has 20 seconds left.\n|\n|t:|1776720071\n|switch|p2b: Scizor|Scizor-Mega, L50, M|100/100\n|move|p1b: Sinistcha|Rage Powder|p1b: Sinistcha\n|-singleturn|p1b: Sinistcha|move: Rage Powder\n|move|p1a: Lucario|Meteor Mash|p2a: Sinistcha\n|-damage|p2a: Sinistcha|0 fnt\n|-boost|p1a: Lucario|atk|1\n|faint|p2a: Sinistcha\n|\n|upkeep\n|\n|t:|1776720093\n|switch|p2a: Sneasler|Sneasler, L50, M|62/100\n|turn|5\n|\n|t:|1776720103\n|move|p1a: Lucario|Protect|p1a: Lucario\n|-singleturn|p1a: Lucario|Protect\n|move|p2b: Scizor|Protect|p2b: Scizor\n|-singleturn|p2b: Scizor|Protect\n|move|p2a: Sneasler|Dire Claw|p1b: Sinistcha\n|-damage|p1b: Sinistcha|63/100\n|move|p1b: Sinistcha|Matcha Gotcha|p2a: Sneasler|[spread] p2a\n|-activate|p2b: Scizor|move: Protect\n|-resisted|p2a: Sneasler|1\n|-damage|p2a: Sneasler|43/100\n|-heal|p1b: Sinistcha|72/100|[from] drain|[of] p2a: Sneasler\n|\n|-heal|p1b: Sinistcha|78/100|[from] item: Leftovers\n|upkeep\n|turn|6\n|inactive|bigearlington has 30 seconds left.\n|\n|t:|1776720135\n|switch|p2a: Rotom|Rotom-Wash, L50|100/100\n|move|p2b: Scizor|Protect||[still]\n|-fail|p2b: Scizor\n|move|p1b: Sinistcha|Rage Powder|p1b: Sinistcha\n|-singleturn|p1b: Sinistcha|move: Rage Powder\n|move|p1a: Lucario|Bullet Punch|p2a: Rotom\n|-resisted|p2a: Rotom|2\n|-damage|p2a: Rotom|81/100\n|\n|-heal|p1b: Sinistcha|84/100|[from] item: Leftovers\n|upkeep\n|turn|7\n|inactive|bigearlington has 30 seconds left.\n|inactive|bigearlington has 20 seconds left.\n|inactive|bigearlington has 15 seconds left.\n|\n|t:|1776720175\n|move|p1b: Sinistcha|Rage Powder|p1b: Sinistcha\n|-singleturn|p1b: Sinistcha|move: Rage Powder\n|move|p2a: Rotom|Trick|p1b: Sinistcha\n|-activate|p2a: Rotom|move: Trick|[of] p1b: Sinistcha\n|-item|p1b: Sinistcha|Choice Scarf|[from] move: Trick\n|-item|p2a: Rotom|Leftovers|[from] move: Trick\n|move|p1a: Lucario|Close Combat|p2b: Scizor\n|-damage|p2b: Scizor|0 fnt\n|-unboost|p1a: Lucario|def|1\n|-unboost|p1a: Lucario|spd|1\n|faint|p2b: Scizor\n|\n|-heal|p2a: Rotom|87/100|[from] item: Leftovers\n|upkeep\n|\n|t:|1776720185\n|switch|p2b: Sneasler|Sneasler, L50, M|43/100\n|turn|8\n|inactive|bigearlington has 30 seconds left.\n|inactive|bigearlington has 20 seconds left.\n|\n|t:|1776720221\n|move|p1b: Sinistcha|Rage Powder|p1b: Sinistcha\n|-singleturn|p1b: Sinistcha|move: Rage Powder\n|move|p1a: Lucario|Bullet Punch|p2b: Sneasler\n|-damage|p2b: Sneasler|0 fnt\n|faint|p2b: Sneasler\n|move|p2a: Rotom|Electroweb|p1a: Lucario|[spread] p1a,p1b\n|-resisted|p1b: Sinistcha|1\n|-damage|p1a: Lucario|49/100\n|-damage|p1b: Sinistcha|73/100\n|-unboost|p1a: Lucario|spe|1\n|-unboost|p1b: Sinistcha|spe|1\n|\n|-heal|p2a: Rotom|94/100|[from] item: Leftovers\n|upkeep\n|turn|9\n|-message|bigearlington forfeited.\n|\n|win|tulivgc\n|raw|tulivgc's rating: 1308 &rarr; <strong>1330</strong><br />(+22 for winning)\n|raw|bigearlington's rating: 1341 &rarr; <strong>1319</strong><br />(-22 for losing)\n",
  "uploadtime": 1776720230,
  "views": 10,
  "formatid": "gen9championsvgc2026regma",
  "rating": 1319,
  "private": 0,
  "password": null
}