{
  "id": "gen9championsvgc2026regma-2586105088",
  "format": "[Gen 9 Champions] VGC 2026 Reg M-A",
  "players": [
    "Typespammer",
    "Azur_Elf"
  ],
  "log": "|j|\u2606Typespammer\n|j|\u2606Azur_Elf\n|t:|1776399573\n|gametype|doubles\n|player|p1|Typespammer|265|1130\n|player|p2|Azur_Elf|101|1170\n|gen|9\n|tier|[Gen 9 Champions] VGC 2026 Reg M-A\n|rated|\n|rule|Species Clause: Limit one of each Pok\u00e9mon\n|rule|Item Clause: Limit 1 of each item\n|clearpoke\n|poke|p1|Tinkaton, L50, F|\n|poke|p1|Froslass, L50, F|\n|poke|p1|Ceruledge, L50, F|\n|poke|p1|Kingambit, L50, M|\n|poke|p1|Machamp, L50, F|\n|poke|p1|Milotic, L50, M|\n|poke|p2|Tyranitar, L50, F|\n|poke|p2|Excadrill, L50, M|\n|poke|p2|Rotom-Wash, L50|\n|poke|p2|Sinistcha, L50|\n|poke|p2|Floette-Eternal, L50, F|\n|poke|p2|Aegislash, L50, M|\n|teampreview|4\n|inactive|Battle timer is ON: inactive players will automatically lose when time's up. (requested by Typespammer)\n|c|\u2606Typespammer|Gl hf\n|\n|t:|1776399619\n|teamsize|p1|4\n|teamsize|p2|4\n|start\n|switch|p1a: Milotic|Milotic, L50, M, shiny|100/100\n|switch|p1b: Tinkaton|Tinkaton, L50, F, shiny|100/100\n|switch|p2a: Tyranitar|Tyranitar, L50, F|100/100\n|switch|p2b: Excadrill|Excadrill, L50, M|100/100\n|-weather|Sandstorm|[from] ability: Sand Stream|[of] p2a: Tyranitar\n|turn|1\n|inactive|Typespammer has 30 seconds left.\n|\n|t:|1776399645\n|switch|p2a: Sinistcha|Sinistcha, L50|100/100\n|move|p2b: Excadrill|Protect|p2b: Excadrill\n|-singleturn|p2b: Excadrill|Protect\n|move|p1b: Tinkaton|Feint|p2b: Excadrill\n|-activate|p2b: Excadrill|move: Feint\n|-resisted|p2b: Excadrill|1\n|-damage|p2b: Excadrill|95/100\n|move|p1a: Milotic|Scald|p2b: Excadrill\n|-supereffective|p2b: Excadrill|1\n|-damage|p2b: Excadrill|8/100\n|-status|p2b: Excadrill|brn\n|\n|-weather|Sandstorm|[upkeep]\n|-damage|p1a: Milotic|95/100|[from] Sandstorm\n|-damage|p2a: Sinistcha|94/100|[from] Sandstorm\n|-heal|p1a: Milotic|100/100|[from] item: Leftovers\n|-heal|p2a: Sinistcha|100/100|[from] item: Leftovers\n|-damage|p2b: Excadrill|2/100 brn|[from] brn\n|upkeep\n|turn|2\n|inactive|Azur_Elf has 30 seconds left.\n|\n|t:|1776399680\n|switch|p1a: Froslass|Froslass, L50, F, shiny|100/100\n|move|p1b: Tinkaton|Feint|p2b: Excadrill\n|-resisted|p2b: Excadrill|1\n|-damage|p2b: Excadrill|0 fnt\n|faint|p2b: Excadrill\n|move|p2a: Sinistcha|Matcha Gotcha|p1b: Tinkaton|[spread] p1a,p1b\n|-resisted|p1b: Tinkaton|1\n|-damage|p1a: Froslass|58/100\n|-damage|p1b: Tinkaton|86/100\n|\n|-weather|Sandstorm|[upkeep]\n|-damage|p1a: Froslass|52/100|[from] Sandstorm\n|-damage|p2a: Sinistcha|94/100|[from] Sandstorm\n|-heal|p2a: Sinistcha|100/100|[from] item: Leftovers\n|upkeep\n|\n|t:|1776399695\n|switch|p2b: Rotom|Rotom-Wash, L50|100/100\n|turn|3\n|\n|t:|1776399714\n|detailschange|p1a: Froslass|Froslass-Mega, L50, F, shiny\n|-mega|p1a: Froslass|Froslass|Froslassite\n|-weather|Snowscape|[from] ability: Snow Warning|[of] p1a: Froslass\n|move|p1a: Froslass|Blizzard|p2b: Rotom|[spread] p2a,p2b\n|-supereffective|p2a: Sinistcha|1\n|-resisted|p2b: Rotom|1\n|-damage|p2a: Sinistcha|8/100\n|-damage|p2b: Rotom|75/100\n|move|p1b: Tinkaton|Knock Off|p2a: Sinistcha\n|-supereffective|p2a: Sinistcha|1\n|-damage|p2a: Sinistcha|0 fnt\n|-enditem|p2a: Sinistcha|Leftovers|[from] move: Knock Off|[of] p1b: Tinkaton\n|faint|p2a: Sinistcha\n|move|p2b: Rotom|Volt Switch|p1a: Froslass\n|-damage|p1a: Froslass|11/100\n|\n|t:|1776399728\n|switch|p2b: Tyranitar|Tyranitar, L50, F|100/100|[from] Volt Switch\n|-weather|Sandstorm|[from] ability: Sand Stream|[of] p2b: Tyranitar\n|\n|-weather|Sandstorm|[upkeep]\n|-damage|p1a: Froslass|5/100|[from] Sandstorm\n|upkeep\n|\n|t:|1776399736\n|switch|p2a: Rotom|Rotom-Wash, L50|75/100\n|turn|4\n|\n|t:|1776399748\n|switch|p1a: Milotic|Milotic, L50, M, shiny|100/100\n|detailschange|p2b: Tyranitar|Tyranitar-Mega, L50, F\n|-mega|p2b: Tyranitar|Tyranitar|Tyranitarite\n|move|p1b: Tinkaton|Gigaton Hammer|p2b: Tyranitar\n|-supereffective|p2b: Tyranitar|1\n|-damage|p2b: Tyranitar|33/100\n|move|p2a: Rotom|Electroweb|p1a: Milotic|[spread] p1a\n|-miss|p2a: Rotom|p1b: Tinkaton\n|-supereffective|p1a: Milotic|1\n|-damage|p1a: Milotic|71/100\n|-unboost|p1a: Milotic|spe|1\n|-ability|p1a: Milotic|Competitive|boost\n|-boost|p1a: Milotic|spa|2\n|move|p2b: Tyranitar|Low Kick|p1b: Tinkaton\n|-damage|p1b: Tinkaton|28/100\n|\n|-weather|Sandstorm|[upkeep]\n|-damage|p2a: Rotom|69/100|[from] Sandstorm\n|-damage|p1a: Milotic|65/100|[from] Sandstorm\n|-heal|p1a: Milotic|71/100|[from] item: Leftovers\n|upkeep\n|turn|5\n|-message|Azur_Elf forfeited.\n|\n|win|Typespammer\n|raw|Typespammer's rating: 1130 &rarr; <strong>1158</strong><br />(+28 for winning)\n|raw|Azur_Elf's rating: 1170 &rarr; <strong>1142</strong><br />(-28 for losing)\n|l|\u2606Azur_Elf\n|player|p2|\n",
  "uploadtime": 1776399764,
  "views": 31,
  "formatid": "gen9championsvgc2026regma",
  "rating": 1142,
  "private": 0,
  "password": null
}