{
  "id": "gen9championsvgc2026regma-2585424157",
  "format": "[Gen 9 Champions] VGC 2026 Reg M-A",
  "players": [
    "chiraquanid",
    "Sharkhy_"
  ],
  "log": "|j|\u2606chiraquanid\n|j|\u2606Sharkhy_\n|t:|1776346332\n|gametype|doubles\n|player|p1|chiraquanid|170|1157\n|player|p2|Sharkhy_|n|1153\n|gen|9\n|tier|[Gen 9 Champions] VGC 2026 Reg M-A\n|rated|\n|rule|Species Clause: Limit one of each Pok\u00e9mon\n|rule|Item Clause: Limit 1 of each item\n|clearpoke\n|poke|p1|Manectric, L50, F|\n|poke|p1|Weavile, L50, M|\n|poke|p1|Skarmory, L50, F|\n|poke|p1|Passimian, L50, F|\n|poke|p1|Azumarill, L50, M|\n|poke|p1|Garchomp, L50, F|\n|poke|p2|Charizard, L50, F|\n|poke|p2|Maushold-Four, L50|\n|poke|p2|Sneasler, L50, F|\n|poke|p2|Dragapult, L50, M|\n|poke|p2|Kingambit, L50, F|\n|poke|p2|Garchomp, L50, F|\n|teampreview|4\n|\n|t:|1776346381\n|teamsize|p1|4\n|teamsize|p2|4\n|start\n|switch|p1a: Manectric|Manectric, L50, F|100/100\n|switch|p1b: Passimian|Passimian, L50, F|100/100\n|switch|p2a: Sneasler|Sneasler, L50, F|100/100\n|switch|p2b: Garchomp|Garchomp, L50, F|100/100\n|turn|1\n|\n|t:|1776346400\n|detailschange|p1a: Manectric|Manectric-Mega, L50, F\n|-mega|p1a: Manectric|Manectric|Manectite\n|-ability|p1a: Manectric|Intimidate|boost\n|-unboost|p2a: Sneasler|atk|1\n|-unboost|p2b: Garchomp|atk|1\n|move|p1b: Passimian|Upper Hand|p2a: Sneasler\n|-resisted|p2a: Sneasler|1\n|-damage|p2a: Sneasler|71/100\n|cant|p2a: Sneasler|flinch\n|move|p2b: Garchomp|Stomping Tantrum|p1a: Manectric\n|-supereffective|p1a: Manectric|1\n|-damage|p1a: Manectric|9/100\n|move|p1a: Manectric|Psychic Fangs|p2a: Sneasler\n|-supereffective|p2a: Sneasler|2\n|-damage|p2a: Sneasler|0 fnt\n|faint|p2a: Sneasler\n|\n|upkeep\n|\n|t:|1776346414\n|switch|p2a: Maushold|Maushold-Four, L50|100/100\n|turn|2\n|\n|t:|1776346428\n|move|p2b: Garchomp|Stomping Tantrum|p1a: Manectric\n|-supereffective|p1a: Manectric|1\n|-damage|p1a: Manectric|0 fnt\n|faint|p1a: Manectric\n|move|p2a: Maushold|Super Fang|p1b: Passimian\n|-damage|p1b: Passimian|51/100\n|move|p1b: Passimian|Close Combat|p2a: Maushold\n|-supereffective|p2a: Maushold|1\n|-enditem|p2a: Maushold|Chople Berry|[eat]\n|-enditem|p2a: Maushold|Chople Berry|[weaken]\n|-damage|p2a: Maushold|23/100\n|-unboost|p1b: Passimian|def|1\n|-unboost|p1b: Passimian|spd|1\n|\n|upkeep\n|\n|t:|1776346438\n|switch|p1a: Garchomp|Garchomp, L50, F|100/100\n|turn|3\n|\n|t:|1776346457\n|switch|p1b: Azumarill|Azumarill, L50, M|100/100\n|move|p2a: Maushold|Follow Me|p2a: Maushold\n|-singleturn|p2a: Maushold|move: Follow Me\n|move|p2b: Garchomp|Stomping Tantrum|p1b: Azumarill\n|-damage|p1b: Azumarill|70/100\n|move|p1a: Garchomp|Breaking Swipe|p2a: Maushold|[spread] p2a,p2b\n|-supereffective|p2b: Garchomp|1\n|-damage|p2a: Maushold|0 fnt\n|-damage|p2b: Garchomp|62/100\n|-unboost|p2b: Garchomp|atk|1\n|-damage|p1a: Garchomp|88/100|[from] ability: Rough Skin|[of] p2b: Garchomp\n|faint|p2a: Maushold\n|\n|upkeep\n|\n|t:|1776346471\n|switch|p2a: Charizard|Charizard, L50, F|100/100\n|turn|4\n|\n|t:|1776346500\n|switch|p1a: Passimian|Passimian, L50, F|51/100\n|detailschange|p2a: Charizard|Charizard-Mega-Y, L50, F\n|-mega|p2a: Charizard|Charizard|Charizardite Y\n|-weather|SunnyDay|[from] ability: Drought|[of] p2a: Charizard\n|move|p1b: Azumarill|Protect|p1b: Azumarill\n|-singleturn|p1b: Azumarill|Protect\n|move|p2b: Garchomp|Stomping Tantrum|p1a: Passimian\n|-damage|p1a: Passimian|27/100\n|move|p2a: Charizard|Solar Beam||[still]\n|-prepare|p2a: Charizard|Solar Beam\n|-anim|p2a: Charizard|Solar Beam|p1b: Azumarill\n|-activate|p1b: Azumarill|move: Protect\n|\n|-weather|SunnyDay|[upkeep]\n|upkeep\n|turn|5\n|\n|t:|1776346524\n|switch|p1b: Garchomp|Garchomp, L50, F|88/100\n|move|p2b: Garchomp|Stomping Tantrum|p1a: Passimian\n|-damage|p1a: Passimian|3/100\n|move|p2a: Charizard|Solar Beam||[still]\n|-prepare|p2a: Charizard|Solar Beam\n|-anim|p2a: Charizard|Solar Beam|p1b: Garchomp\n|-damage|p1b: Garchomp|31/100\n|move|p1a: Passimian|Rock Slide|p2b: Garchomp|[spread] p2a,p2b\n|-supereffective|p2a: Charizard|2\n|-resisted|p2b: Garchomp|1\n|-damage|p2a: Charizard|9/100\n|-damage|p2b: Garchomp|51/100\n|\n|-weather|SunnyDay|[upkeep]\n|upkeep\n|turn|6\n|\n|t:|1776346543\n|move|p2b: Garchomp|Stomping Tantrum|p1a: Passimian\n|-damage|p1a: Passimian|0 fnt\n|faint|p1a: Passimian\n|move|p1b: Garchomp|Breaking Swipe|p2a: Charizard|[spread] p2a,p2b\n|-supereffective|p2b: Garchomp|1\n|-damage|p2a: Charizard|0 fnt\n|-damage|p2b: Garchomp|4/100\n|-unboost|p2b: Garchomp|atk|1\n|-damage|p1b: Garchomp|18/100|[from] ability: Rough Skin|[of] p2b: Garchomp\n|faint|p2a: Charizard\n|\n|-weather|SunnyDay|[upkeep]\n|upkeep\n|\n|t:|1776346546\n|switch|p1a: Azumarill|Azumarill, L50, M|70/100\n|turn|7\n|\n|t:|1776346556\n|move|p1a: Azumarill|Aqua Jet|p2b: Garchomp\n|-damage|p2b: Garchomp|0 fnt\n|-damage|p1a: Azumarill|58/100|[from] ability: Rough Skin|[of] p2b: Garchomp\n|faint|p2b: Garchomp\n|\n|win|chiraquanid\n|raw|chiraquanid's rating: 1157 &rarr; <strong>1182</strong><br />(+25 for winning)\n|raw|Sharkhy_'s rating: 1153 &rarr; <strong>1128</strong><br />(-25 for losing)\n|l|\u2606chiraquanid\n|player|p1|\n",
  "uploadtime": 1776346562,
  "views": 39,
  "formatid": "gen9championsvgc2026regma",
  "rating": 1128,
  "private": 0,
  "password": null
}