{
  "id": "gen9championsvgc2026regma-2580398794",
  "format": "[Gen 9 Champions] VGC 2026 Reg M-A",
  "players": [
    "nastyman21",
    "whac"
  ],
  "log": "|j|\u203dnastyman21\n|j|\u2606whac\n|t:|1775890574\n|gametype|doubles\n|player|p1|nastyman21|clerk-boss|1000\n|player|p2|whac|102|1046\n|gen|9\n|tier|[Gen 9 Champions] VGC 2026 Reg M-A\n|rated|\n|rule|Species Clause: Limit one of each Pok\u00e9mon\n|rule|Item Clause: Limit 1 of each item\n|clearpoke\n|poke|p1|Hawlucha, L50, M|\n|poke|p1|Snorlax, L50, M|\n|poke|p1|Glimmora, L50, F|\n|poke|p1|Sinistcha-Masterpiece, L50|\n|poke|p1|Incineroar, L50, F|\n|poke|p1|Rotom-Wash, L50|\n|poke|p2|Charizard, L50, M|\n|poke|p2|Venusaur, L50, M|\n|poke|p2|Incineroar, L50, F|\n|poke|p2|Sneasler, L50, M|\n|poke|p2|Garchomp, L50, F|\n|poke|p2|Rotom-Wash, L50|\n|teampreview|4\n|inactive|Battle timer is ON: inactive players will automatically lose when time's up. (requested by nastyman21)\n|inactive|whac has 60 seconds left.\n|inactive|nastyman21 has 60 seconds left.\n|\n|t:|1775890614\n|teamsize|p1|4\n|teamsize|p2|4\n|start\n|switch|p1a: Incineroar|Incineroar, L50, F|100/100\n|switch|p1b: Glimmora|Glimmora, L50, F|100/100\n|switch|p2a: Charizard|Charizard, L50, M|100/100\n|switch|p2b: Venusaur|Venusaur, L50, M|100/100\n|-ability|p1a: Incineroar|Intimidate|boost\n|-unboost|p2a: Charizard|atk|1\n|-unboost|p2b: Venusaur|atk|1\n|turn|1\n|inactive|nastyman21 has 30 seconds left.\n|inactive|whac has 30 seconds left.\n|inactive|nastyman21 has 20 seconds left.\n|inactive|nastyman21 has 15 seconds left.\n|inactive|nastyman21 has 10 seconds left.\n|\n|t:|1775890664\n|detailschange|p1b: Glimmora|Glimmora-Mega, L50, F\n|-mega|p1b: Glimmora|Glimmora|Glimmoranite\n|detailschange|p2a: Charizard|Charizard-Mega-Y, L50, M\n|-mega|p2a: Charizard|Charizard|Charizardite Y\n|-weather|SunnyDay|[from] ability: Drought|[of] p2a: Charizard\n|move|p2a: Charizard|Protect|p2a: Charizard\n|-singleturn|p2a: Charizard|Protect\n|move|p1a: Incineroar|Fake Out|p2b: Venusaur\n|-damage|p2b: Venusaur|90/100\n|cant|p2b: Venusaur|flinch\n|move|p1b: Glimmora|Earth Power|p2b: Venusaur\n|-damage|p2b: Venusaur|58/100\n|\n|-weather|SunnyDay|[upkeep]\n|upkeep\n|turn|2\n|\n|t:|1775890683\n|move|p2b: Venusaur|Protect|p2b: Venusaur\n|-singleturn|p2b: Venusaur|Protect\n|move|p1b: Glimmora|Power Gem|p2a: Charizard\n|-supereffective|p2a: Charizard|2\n|-damage|p2a: Charizard|0 fnt\n|faint|p2a: Charizard\n|move|p1a: Incineroar|Flare Blitz|p2b: Venusaur\n|-activate|p2b: Venusaur|move: Protect\n|\n|-weather|SunnyDay|[upkeep]\n|upkeep\n|\n|t:|1775890696\n|switch|p2a: Incineroar|Incineroar, L50, F|100/100\n|-ability|p2a: Incineroar|Intimidate|boost\n|-unboost|p1a: Incineroar|atk|1\n|-unboost|p1b: Glimmora|atk|1\n|turn|3\n|\n|t:|1775890705\n|move|p1b: Glimmora|Spiky Shield|p1b: Glimmora\n|-singleturn|p1b: Glimmora|move: Protect\n|move|p2a: Incineroar|Fake Out|p1b: Glimmora\n|-activate|p1b: Glimmora|move: Protect\n|-damage|p2a: Incineroar|88/100|[from] Spiky Shield|[of] p1b: Glimmora\n|move|p2b: Venusaur|Sleep Powder|p1a: Incineroar\n|-status|p1a: Incineroar|slp|[from] move: Sleep Powder\n|cant|p1a: Incineroar|slp\n|\n|-weather|SunnyDay|[upkeep]\n|upkeep\n|turn|4\n|\n|t:|1775890725\n|move|p2b: Venusaur|Leaf Storm|p1b: Glimmora\n|-damage|p1b: Glimmora|44/100\n|-unboost|p2b: Venusaur|spa|2\n|move|p1b: Glimmora|Power Gem|p2a: Incineroar\n|-supereffective|p2a: Incineroar|1\n|-damage|p2a: Incineroar|0 fnt\n|faint|p2a: Incineroar\n|-curestatus|p1a: Incineroar|slp|[msg]\n|move|p1a: Incineroar|Flare Blitz|p2b: Venusaur\n|-supereffective|p2b: Venusaur|1\n|-damage|p2b: Venusaur|0 fnt\n|faint|p2b: Venusaur\n|-damage|p1a: Incineroar|82/100|[from] Recoil\n|\n|-weather|SunnyDay|[upkeep]\n|upkeep\n|\n|t:|1775890743\n|switch|p2b: Rotom|Rotom-Wash, L50|100/100\n|turn|5\n|\n|t:|1775890754\n|move|p1b: Glimmora|Sludge Bomb|p2b: Rotom\n|-damage|p2b: Rotom|51/100\n|move|p2b: Rotom|Hydro Pump|p1b: Glimmora\n|-supereffective|p1b: Glimmora|1\n|-damage|p1b: Glimmora|0 fnt\n|faint|p1b: Glimmora\n|move|p1a: Incineroar|Parting Shot|p2b: Rotom\n|-unboost|p2b: Rotom|atk|1\n|-unboost|p2b: Rotom|spa|1\n|\n|t:|1775890764\n|switch|p1a: Rotom|Rotom-Wash, L50|100/100|[from] Parting Shot\n|\n|-weather|none\n|-heal|p2b: Rotom|57/100|[from] item: Leftovers\n|upkeep\n|\n|t:|1775890767\n|switch|p1b: Incineroar|Incineroar, L50, F|82/100\n|-ability|p1b: Incineroar|Intimidate|boost\n|-unboost|p2b: Rotom|atk|1\n|turn|6\n|\n|t:|1775890776\n|move|p1b: Incineroar|Fake Out|p2b: Rotom\n|-damage|p2b: Rotom|46/100\n|move|p1a: Rotom|Trick|p2b: Rotom\n|-activate|p1a: Rotom|move: Trick|[of] p2b: Rotom\n|-item|p2b: Rotom|Choice Scarf|[from] move: Trick\n|-item|p1a: Rotom|Leftovers|[from] move: Trick\n|cant|p2b: Rotom|flinch\n|\n|upkeep\n|turn|7\n|\n|t:|1775890790\n|move|p2b: Rotom|Thunderbolt|p1a: Rotom\n|-damage|p1a: Rotom|71/100\n|move|p1a: Rotom|Volt Switch|p2b: Rotom\n|-damage|p2b: Rotom|19/100\n|\n|t:|1775890796\n|switch|p1a: Sinistcha|Sinistcha-Masterpiece, L50|100/100|[from] Volt Switch\n|-heal|p1b: Incineroar|100/100|[from] ability: Hospitality|[of] p1a: Sinistcha\n|move|p1b: Incineroar|Parting Shot|p2b: Rotom\n|-unboost|p2b: Rotom|atk|1\n|-unboost|p2b: Rotom|spa|1\n|l|\u2606whac\n|inactive|whac disconnected and has a minute to reconnect!\n|player|p2|\n|\n|t:|1775890801\n|switch|p1b: Rotom|Rotom-Wash, L50|71/100|[from] Parting Shot\n|\n|-heal|p1b: Rotom|76/100|[from] item: Leftovers\n|upkeep\n|turn|8\n|inactive|whac has 30 seconds left.\n|inactive|whac has 20 seconds left.\n|inactive|whac has 15 seconds left.\n|inactive|whac has 10 seconds left.\n|inactive|whac has 5 seconds left.\n|-message|whac lost due to inactivity.\n|\n|win|nastyman21\n|raw|nastyman21's rating: 1000 &rarr; <strong>1045</strong><br />(+45 for winning)\n|raw|whac's rating: 1046 &rarr; <strong>1027</strong><br />(-19 for losing)\n",
  "uploadtime": 1775890858,
  "views": 17,
  "formatid": "gen9championsvgc2026regma",
  "rating": 1027,
  "private": 0,
  "password": null
}