{
  "id": "gen9championsvgc2026regma-2585902229",
  "format": "[Gen 9 Champions] VGC 2026 Reg M-A",
  "players": [
    "AK4SANTI",
    "Endergeimer"
  ],
  "log": "|j|\u2606AK4SANTI\n|j|\u2606Endergeimer\n|t:|1776379883\n|gametype|doubles\n|player|p1|AK4SANTI|karen|1049\n|player|p2|Endergeimer|170|1042\n|gen|9\n|tier|[Gen 9 Champions] VGC 2026 Reg M-A\n|rated|\n|rule|Species Clause: Limit one of each Pok\u00e9mon\n|rule|Item Clause: Limit 1 of each item\n|clearpoke\n|poke|p1|Archaludon, L50, F|\n|poke|p1|Sneasler, L50, F|\n|poke|p1|Pelipper, L50, F|\n|poke|p1|Basculegion, L50, M|\n|poke|p1|Glimmora, L50, M|\n|poke|p1|Sinistcha, L50|\n|poke|p2|Basculegion, L50, M|\n|poke|p2|Gengar, L50, M|\n|poke|p2|Runerigus, L50, F|\n|poke|p2|Chandelure, L50, M|\n|poke|p2|Trevenant, L50, F|\n|poke|p2|Zoroark-Hisui, L50, M|\n|teampreview|4\n|c|\u2606Endergeimer|GLHF...\n|inactive|Battle timer is ON: inactive players will automatically lose when time's up. (requested by AK4SANTI)\nEndergeimer has agreed to open team sheets.\n|\n|t:|1776379955\n|teamsize|p1|4\n|teamsize|p2|4\n|start\n|switch|p1a: Pelipper|Pelipper, L50, F|100/100\n|switch|p1b: Archaludon|Archaludon, L50, F|100/100\n|switch|p2a: Chandelure|Chandelure, L50, M|100/100\n|switch|p2b: Basculegion|Basculegion, L50, M|100/100\n|-weather|RainDance|[from] ability: Drizzle|[of] p1a: Pelipper\n|turn|1\n|inactive|Endergeimer has 30 seconds left.\n|inactive|Endergeimer has 20 seconds left.\n|inactive|Endergeimer has 15 seconds left.\n|inactive|Endergeimer has 10 seconds left.\n|inactive|Endergeimer has 5 seconds left.\n|\n|t:|1776380006\n|move|p2b: Basculegion|Crunch|p1a: Pelipper\n|-damage|p1a: Pelipper|72/100\n|move|p2a: Chandelure|Sludge Bomb|p1a: Pelipper\n|-damage|p1a: Pelipper|23/100\n|move|p1a: Pelipper|Muddy Water|p2a: Chandelure|[spread] p2a,p2b\n|-crit|p2a: Chandelure\n|-resisted|p2b: Basculegion|1\n|-damage|p2a: Chandelure|0 fnt\n|-damage|p2b: Basculegion|79/100\n|replace|p2a: Zoroark|Zoroark-Hisui, L50, M\n|-end|p2a: Zoroark|Illusion\n|faint|p2a: Zoroark\n|move|p1b: Archaludon|Dragon Pulse|p2b: Basculegion\n|-damage|p2b: Basculegion|31/100\n|\n|-weather|RainDance|[upkeep]\n|upkeep\n|\n|t:|1776380021\n|switch|p2a: Runerigus|Runerigus, L50, F|100/100\n|turn|2\n|\n|t:|1776380042\n|move|p2b: Basculegion|Crunch|p1a: Pelipper\n|-damage|p1a: Pelipper|0 fnt\n|faint|p1a: Pelipper\n|move|p1b: Archaludon|Dragon Pulse|p2a: Runerigus\n|-damage|p2a: Runerigus|66/100\n|move|p2a: Runerigus|Phantom Force||[still]\n|-prepare|p2a: Runerigus|Phantom Force\n|\n|-weather|RainDance|[upkeep]\n|upkeep\n|\n|t:|1776380055\n|switch|p1a: Sinistcha|Sinistcha, L50|100/100\n|turn|3\n|\n|t:|1776380076\n|switch|p1a: Glimmora|Glimmora, L50, M|100/100\n|move|p2b: Basculegion|Crunch|p1a: Glimmora\n|-damage|p1a: Glimmora|66/100\n|-activate|p1a: Glimmora|ability: Toxic Debris\n|-sidestart|p2: Endergeimer|move: Toxic Spikes\n|move|p1b: Archaludon|Dragon Pulse|p2b: Basculegion\n|-damage|p2b: Basculegion|0 fnt\n|faint|p2b: Basculegion\n|move|p2a: Runerigus|Phantom Force|p1b: Archaludon|[from] lockedmove\n|-damage|p1b: Archaludon|73/100\n|-ability|p1b: Archaludon|Stamina|boost\n|-boost|p1b: Archaludon|def|1\n|\n|-weather|RainDance|[upkeep]\n|-heal|p1b: Archaludon|79/100|[from] item: Leftovers\n|upkeep\n|\n|t:|1776380091\n|switch|p2b: Chandelure|Chandelure, L50, M|100/100\n|-status|p2b: Chandelure|psn\n|turn|4\n|\n|t:|1776380108\n|detailschange|p1a: Glimmora|Glimmora-Mega, L50, M\n|-mega|p1a: Glimmora|Glimmora|Glimmoranite\n|detailschange|p2b: Chandelure|Chandelure-Mega, L50, M\n|-mega|p2b: Chandelure|Chandelure|Chandelurite\n|move|p2b: Chandelure|Protect|p2b: Chandelure\n|-singleturn|p2b: Chandelure|Protect\n|move|p1b: Archaludon|Protect|p1b: Archaludon\n|-singleturn|p1b: Archaludon|Protect\n|move|p1a: Glimmora|Power Gem|p2b: Chandelure\n|-activate|p2b: Chandelure|move: Protect\n|move|p2a: Runerigus|Earthquake|p1b: Archaludon|[spread] p1a\n|-activate|p2b: Chandelure|move: Protect\n|-activate|p1b: Archaludon|move: Protect\n|-supereffective|p1a: Glimmora|2\n|-damage|p1a: Glimmora|0 fnt\n|faint|p1a: Glimmora\n|\n|-weather|RainDance|[upkeep]\n|-heal|p1b: Archaludon|85/100|[from] item: Leftovers\n|-damage|p2b: Chandelure|88/100 psn|[from] psn\n|upkeep\n|\n|t:|1776380130\n|switch|p1a: Sinistcha|Sinistcha, L50|100/100\n|-heal|p1b: Archaludon|100/100|[from] ability: Hospitality|[of] p1a: Sinistcha\n|turn|5\n|\n|t:|1776380141\n|move|p2b: Chandelure|Heat Wave|p1a: Sinistcha|[spread] p1b\n|-miss|p2b: Chandelure|p1a: Sinistcha\n|-damage|p1b: Archaludon|73/100\n|-ability|p1b: Archaludon|Stamina|boost\n|-boost|p1b: Archaludon|def|1\n|move|p1b: Archaludon|Dragon Pulse|p2a: Runerigus\n|-damage|p2a: Runerigus|33/100\n|move|p1a: Sinistcha|Shadow Ball|p2b: Chandelure\n|-supereffective|p2b: Chandelure|1\n|-damage|p2b: Chandelure|0 fnt\n|faint|p2b: Chandelure\n|move|p2a: Runerigus|Phantom Force||[still]\n|-prepare|p2a: Runerigus|Phantom Force\n|\n|-weather|none\n|-heal|p1b: Archaludon|79/100|[from] item: Leftovers\n|upkeep\n|turn|6\n|\n|t:|1776380165\n|move|p1b: Archaludon|Protect|p1b: Archaludon\n|-singleturn|p1b: Archaludon|Protect\n|move|p1a: Sinistcha|Shadow Ball|p2a: Runerigus|[miss]\n|-miss|p1a: Sinistcha|p2a: Runerigus\n|move|p2a: Runerigus|Phantom Force|p1a: Sinistcha|[from] lockedmove\n|-supereffective|p1a: Sinistcha|1\n|-damage|p1a: Sinistcha|25/100\n|\n|-heal|p1b: Archaludon|85/100|[from] item: Leftovers\n|upkeep\n|turn|7\n|\n|t:|1776380181\n|move|p2a: Runerigus|Protect|p2a: Runerigus\n|-singleturn|p2a: Runerigus|Protect\n|move|p1b: Archaludon|Dragon Pulse|p2a: Runerigus\n|-activate|p2a: Runerigus|move: Protect\n|move|p1a: Sinistcha|Shadow Ball|p2a: Runerigus\n|-activate|p2a: Runerigus|move: Protect\n|\n|-heal|p1b: Archaludon|91/100|[from] item: Leftovers\n|upkeep\n|turn|8\n|c|\u2606Endergeimer|gg...\n|\n|t:|1776380195\n|move|p1b: Archaludon|Dragon Pulse|p2a: Runerigus\n|-damage|p2a: Runerigus|0 fnt\n|faint|p2a: Runerigus\n|\n|win|AK4SANTI\n|raw|AK4SANTI's rating: 1049 &rarr; <strong>1081</strong><br />(+32 for winning)\n|raw|Endergeimer's rating: 1042 &rarr; <strong>1026</strong><br />(-16 for losing)\n|l|\u2606AK4SANTI\n|player|p1|\n",
  "uploadtime": 1776380218,
  "views": 18,
  "formatid": "gen9championsvgc2026regma",
  "rating": 1026,
  "private": 0,
  "password": null
}