{
  "id": "gen9championsvgc2026regma-2588350662",
  "format": "[Gen 9 Champions] VGC 2026 Reg M-A",
  "players": [
    "nemiee",
    "Zapdos79"
  ],
  "log": "|j|\u2606nemiee\n|j|\u2606Zapdos79\n|t:|1776626306\n|gametype|doubles\n|player|p1|nemiee|lass|1000\n|player|p2|Zapdos79|flannery|1049\n|gen|9\n|tier|[Gen 9 Champions] VGC 2026 Reg M-A\n|rated|\n|rule|Species Clause: Limit one of each Pok\u00e9mon\n|rule|Item Clause: Limit 1 of each item\n|clearpoke\n|poke|p1|Sneasler, L50, M|\n|poke|p1|Sinistcha, L50|\n|poke|p1|Feraligatr, L50, F|\n|poke|p1|Kingambit, L50, M|\n|poke|p1|Talonflame, L50, F|\n|poke|p1|Gardevoir, L50, F|\n|poke|p2|Tyranitar, L50, M|\n|poke|p2|Basculegion, L50, M|\n|poke|p2|Excadrill, L50, F|\n|poke|p2|Meganium, L50, F|\n|poke|p2|Farigiraf, L50, M|\n|poke|p2|Incineroar, L50, F|\n|teampreview|4\n|inactive|Battle timer is ON: inactive players will automatically lose when time's up. (requested by Zapdos79)\n|inactive|nemiee has 60 seconds left.\n|\n|t:|1776626403\n|teamsize|p1|4\n|teamsize|p2|4\n|start\n|switch|p1a: Talonflame|Talonflame, L50, F|100/100\n|switch|p1b: Feraligatr|Feraligatr, L50, F|100/100\n|switch|p2a: Meganium|Meganium, L50, F|100/100\n|switch|p2b: Farigiraf|Farigiraf, L50, M|100/100\n|turn|1\n|inactive|nemiee has 30 seconds left.\n|inactive|nemiee has 20 seconds left.\n|\n|t:|1776626443\n|detailschange|p2a: Meganium|Meganium-Mega, L50, F\n|-mega|p2a: Meganium|Meganium|Meganiumite\n|detailschange|p1b: Feraligatr|Feraligatr-Mega, L50, F\n|-mega|p1b: Feraligatr|Feraligatr|Feraligite\n|move|p2a: Meganium|Protect|p2a: Meganium\n|-singleturn|p2a: Meganium|Protect\n|move|p1b: Feraligatr|Protect|p1b: Feraligatr\n|-singleturn|p1b: Feraligatr|Protect\n|move|p1a: Talonflame|Brave Bird||[still]\n|cant|p2b: Farigiraf|ability: Armor Tail|Brave Bird|[of] p1a: Talonflame\n|move|p2b: Farigiraf|Thunder Wave|p1a: Talonflame\n|-status|p1a: Talonflame|par\n|\n|upkeep\n|turn|2\n|\n|t:|1776626463\n|switch|p1b: Kingambit|Kingambit, L50, M|100/100\n|move|p2b: Farigiraf|Ally Switch|p2b: Farigiraf\n|swap|p2b: Farigiraf|0|[from] move: Ally Switch\n|move|p1a: Talonflame|Tailwind|p1a: Talonflame\n|-sidestart|p1: nemiee|move: Tailwind\n|move|p2b: Meganium|Dazzling Gleam|p1a: Talonflame|[spread] p1a,p1b\n|-resisted|p1a: Talonflame|1\n|-damage|p1a: Talonflame|71/100 par\n|-damage|p1b: Kingambit|64/100\n|\n|upkeep\n|turn|3\n|inactive|nemiee has 30 seconds left.\n|inactive|Zapdos79 has 30 seconds left.\n|inactive|nemiee has 20 seconds left.\n|inactive|Zapdos79 has 20 seconds left.\n|\n|t:|1776626500\n|switch|p1b: Feraligatr|Feraligatr-Mega, L50, F|100/100\n|switch|p2a: Tyranitar|Tyranitar, L50, M|100/100\n|-weather|Sandstorm|[from] ability: Sand Stream|[of] p2a: Tyranitar\n|move|p2b: Meganium|Protect|p2b: Meganium\n|-singleturn|p2b: Meganium|Protect\n|move|p1a: Talonflame|Flare Blitz|p2b: Meganium\n|-activate|p2b: Meganium|move: Protect\n|\n|-weather|Sandstorm|[upkeep]\n|-damage|p1b: Feraligatr|94/100|[from] Sandstorm\n|-damage|p1a: Talonflame|66/100 par|[from] Sandstorm\n|-damage|p2b: Meganium|95/100|[from] Sandstorm\n|upkeep\n|turn|4\n|inactive|nemiee has 30 seconds left.\n|\n|t:|1776626528\n|switch|p2b: Farigiraf|Farigiraf, L50, M|100/100\n|move|p1b: Feraligatr|Liquidation|p2a: Tyranitar\n|-supereffective|p2a: Tyranitar|1\n|-damage|p2a: Tyranitar|8/100\n|move|p1a: Talonflame|Brave Bird|p2b: Farigiraf\n|-damage|p2b: Farigiraf|50/100\n|-damage|p1a: Talonflame|41/100 par|[from] Recoil\n|move|p2a: Tyranitar|Breaking Swipe|p1b: Feraligatr|[spread] p1a,p1b\n|-supereffective|p1b: Feraligatr|1\n|-damage|p1a: Talonflame|16/100 par\n|-damage|p1b: Feraligatr|66/100\n|-unboost|p1a: Talonflame|atk|1\n|-unboost|p1b: Feraligatr|atk|1\n|-enditem|p1a: Talonflame|White Herb\n|-clearnegativeboost|p1a: Talonflame|[silent]\n|\n|-weather|Sandstorm|[upkeep]\n|-damage|p1b: Feraligatr|60/100|[from] Sandstorm\n|-damage|p1a: Talonflame|10/100 par|[from] Sandstorm\n|-damage|p2b: Farigiraf|44/100|[from] Sandstorm\n|upkeep\n|turn|5\n|inactive|nemiee has 30 seconds left.\n|inactive|Zapdos79 has 30 seconds left.\n|\n|t:|1776626561\n|switch|p1a: Sinistcha|Sinistcha, L50|100/100\n|-heal|p1b: Feraligatr|85/100|[from] ability: Hospitality|[of] p1a: Sinistcha\n|move|p1b: Feraligatr|Protect|p1b: Feraligatr\n|-singleturn|p1b: Feraligatr|Protect\n|move|p2a: Tyranitar|Protect|p2a: Tyranitar\n|-singleturn|p2a: Tyranitar|Protect\n|move|p2b: Farigiraf|Protect||[still]\n|-fail|p2b: Farigiraf\n|\n|-weather|Sandstorm|[upkeep]\n|-damage|p1b: Feraligatr|79/100|[from] Sandstorm\n|-damage|p1a: Sinistcha|94/100|[from] Sandstorm\n|-damage|p2b: Farigiraf|38/100|[from] Sandstorm\n|-sideend|p1: nemiee|move: Tailwind\n|upkeep\n|turn|6\n|\n|t:|1776626580\n|move|p2b: Farigiraf|Ally Switch|p2b: Farigiraf\n|swap|p2b: Farigiraf|0|[from] move: Ally Switch\n|move|p1b: Feraligatr|Aqua Jet||[still]\n|cant|p2a: Farigiraf|ability: Armor Tail|Aqua Jet|[of] p1b: Feraligatr\n|move|p2b: Tyranitar|Knock Off|p1a: Sinistcha\n|-supereffective|p1a: Sinistcha|1\n|-crit|p1a: Sinistcha\n|-damage|p1a: Sinistcha|0 fnt\n|-enditem|p1a: Sinistcha|Sitrus Berry|[from] move: Knock Off|[of] p2b: Tyranitar\n|faint|p1a: Sinistcha\n|\n|-weather|Sandstorm|[upkeep]\n|-damage|p1b: Feraligatr|72/100|[from] Sandstorm\n|-damage|p2a: Farigiraf|31/100|[from] Sandstorm\n|upkeep\n|\n|t:|1776626587\n|switch|p1a: Talonflame|Talonflame, L50, F|10/100 par\n|turn|7\n|\n|t:|1776626598\n|move|p2b: Tyranitar|Rock Slide|p1b: Feraligatr|[spread] p1a,p1b\n|-supereffective|p1a: Talonflame|2\n|-damage|p1a: Talonflame|0 fnt\n|-damage|p1b: Feraligatr|47/100\n|faint|p1a: Talonflame\n|move|p1b: Feraligatr|Liquidation|p2a: Farigiraf\n|-damage|p2a: Farigiraf|0 fnt\n|faint|p2a: Farigiraf\n|\n|-weather|none\n|upkeep\n|\n|t:|1776626612\n|switch|p1a: Kingambit|Kingambit, L50, M|64/100\n|switch|p2a: Excadrill|Excadrill, L50, F|100/100\n|turn|8\n|\n|t:|1776626627\n|switch|p2b: Meganium|Meganium-Mega, L50, F|95/100\n|move|p2a: Excadrill|High Horsepower|p1a: Kingambit\n|-supereffective|p1a: Kingambit|1\n|-damage|p1a: Kingambit|0 fnt\n|faint|p1a: Kingambit\n|move|p1b: Feraligatr|Liquidation|p2a: Excadrill\n|-supereffective|p2a: Excadrill|1\n|-damage|p2a: Excadrill|0 fnt\n|faint|p2a: Excadrill\n|\n|upkeep\n|\n|t:|1776626631\n|switch|p2a: Tyranitar|Tyranitar, L50, M|8/100\n|-weather|Sandstorm|[from] ability: Sand Stream|[of] p2a: Tyranitar\n|turn|9\n|\n|t:|1776626649\n|move|p1b: Feraligatr|Aqua Jet|p2a: Tyranitar\n|-supereffective|p2a: Tyranitar|1\n|-damage|p2a: Tyranitar|0 fnt\n|faint|p2a: Tyranitar\n|move|p2b: Meganium|Dazzling Gleam|p1b: Feraligatr\n|-supereffective|p1b: Feraligatr|1\n|-damage|p1b: Feraligatr|0 fnt\n|faint|p1b: Feraligatr\n|\n|win|Zapdos79\n|raw|nemiee's rating: 1000 &rarr; <strong>1000</strong><br />(+0 for losing)\n|raw|Zapdos79's rating: 1049 &rarr; <strong>1077</strong><br />(+28 for winning)\n|c|\u2606Zapdos79|gg\n|l|\u2606nemiee\n|player|p1|\n",
  "uploadtime": 1776626657,
  "views": 20,
  "formatid": "gen9championsvgc2026regma",
  "rating": 1000,
  "private": 0,
  "password": null
}