{
  "id": "gen9championsvgc2026regma-2586345606",
  "format": "[Gen 9 Champions] VGC 2026 Reg M-A",
  "players": [
    "corvus1v9",
    "KennarDH"
  ],
  "log": "|j|\u2606corvus1v9\n|j|\u2606KennarDH\n|t:|1776427370\n|gametype|doubles\n|player|p1|corvus1v9|170|1287\n|player|p2|KennarDH|rocketgruntf|1229\n|gen|9\n|tier|[Gen 9 Champions] VGC 2026 Reg M-A\n|rated|\n|rule|Species Clause: Limit one of each Pok\u00e9mon\n|rule|Item Clause: Limit 1 of each item\n|clearpoke\n|poke|p1|Froslass, L50, F|\n|poke|p1|Sneasler, L50, M|\n|poke|p1|Kingambit, L50, F|\n|poke|p1|Aerodactyl, L50, M|\n|poke|p1|Incineroar, L50, F|\n|poke|p1|Rotom-Wash, L50|\n|poke|p2|Farigiraf, L50, F|\n|poke|p2|Blastoise, L50, F|\n|poke|p2|Torkoal, L50, M|\n|poke|p2|Crabominable, L50, M|\n|poke|p2|Alakazam, L50, M|\n|poke|p2|Sinistcha, L50|\n|teampreview|4\n|inactive|Battle timer is ON: inactive players will automatically lose when time's up. (requested by corvus1v9)\n|inactive|corvus1v9 has 60 seconds left.\n|inactive|KennarDH has 60 seconds left.\n|\n|t:|1776427423\n|teamsize|p1|4\n|teamsize|p2|4\n|start\n|switch|p1a: Incineroar|Incineroar, L50, F|100/100\n|switch|p1b: Froslass|Froslass, L50, F|100/100\n|switch|p2a: Farigiraf|Farigiraf, L50, F|100/100\n|switch|p2b: Blastoise|Blastoise, L50, F|100/100\n|-ability|p1a: Incineroar|Intimidate|boost\n|-unboost|p2a: Farigiraf|atk|1\n|-unboost|p2b: Blastoise|atk|1\n|turn|1\n|inactive|corvus1v9 has 30 seconds left.\n|inactive|corvus1v9 has 20 seconds left.\n|\n|t:|1776427461\n|detailschange|p1b: Froslass|Froslass-Mega, L50, F\n|-mega|p1b: Froslass|Froslass|Froslassite\n|-weather|Snowscape|[from] ability: Snow Warning|[of] p1b: Froslass\n|move|p2b: Blastoise|Fake Out|p1a: Incineroar\n|-damage|p1a: Incineroar|96/100\n|move|p1b: Froslass|Blizzard|p2b: Blastoise|[spread] p2a,p2b\n|-crit|p2a: Farigiraf\n|-resisted|p2b: Blastoise|1\n|-damage|p2a: Farigiraf|44/100\n|-damage|p2b: Blastoise|81/100\n|cant|p1a: Incineroar|flinch\n|move|p2a: Farigiraf|Trick Room|p2a: Farigiraf\n|-fieldstart|move: Trick Room|[of] p2a: Farigiraf\n|\n|-weather|Snowscape|[upkeep]\n|upkeep\n|turn|2\n|inactive|corvus1v9 has 30 seconds left.\n|inactive|KennarDH has 30 seconds left.\n|\n|t:|1776427494\n|detailschange|p2b: Blastoise|Blastoise-Mega, L50, F\n|-mega|p2b: Blastoise|Blastoise|Blastoisinite\n|move|p2a: Farigiraf|Helping Hand|p2b: Blastoise\n|-singleturn|p2b: Blastoise|Helping Hand|[of] p2a: Farigiraf\n|move|p1a: Incineroar|Darkest Lariat|p2b: Blastoise\n|-damage|p2b: Blastoise|44/100\n|move|p2b: Blastoise|Water Spout|p1a: Incineroar|[spread] p1a,p1b\n|-supereffective|p1a: Incineroar|1\n|-damage|p1a: Incineroar|20/100\n|-damage|p1b: Froslass|55/100\n|move|p1b: Froslass|Blizzard|p2b: Blastoise|[spread] p2a,p2b\n|-resisted|p2b: Blastoise|1\n|-damage|p2a: Farigiraf|2/100\n|-damage|p2b: Blastoise|24/100\n|\n|-weather|Snowscape|[upkeep]\n|upkeep\n|turn|3\n|\n|t:|1776427517\n|move|p1b: Froslass|Protect|p1b: Froslass\n|-singleturn|p1b: Froslass|Protect\n|move|p2a: Farigiraf|Hyper Voice|p1a: Incineroar|[spread] p1a\n|-activate|p1b: Froslass|move: Protect\n|-damage|p1a: Incineroar|0 fnt\n|faint|p1a: Incineroar\n|move|p2b: Blastoise|Ice Beam|p1b: Froslass\n|-activate|p1b: Froslass|move: Protect\n|\n|-weather|Snowscape|[upkeep]\n|upkeep\n|\n|t:|1776427529\n|switch|p1a: Rotom|Rotom-Wash, L50|100/100\n|turn|4\n|\n|t:|1776427544\n|move|p2a: Farigiraf|Hyper Voice|p1a: Rotom|[spread] p1a\n|-immune|p1b: Froslass\n|-damage|p1a: Rotom|65/100\n|move|p2b: Blastoise|Aura Sphere|p1a: Rotom\n|-damage|p1a: Rotom|5/100\n|move|p1b: Froslass|Nasty Plot|p1b: Froslass\n|-boost|p1b: Froslass|spa|2\n|move|p1a: Rotom|Electroweb|p2b: Blastoise|[spread] p2a,p2b\n|-supereffective|p2b: Blastoise|1\n|-damage|p2a: Farigiraf|0 fnt\n|-damage|p2b: Blastoise|0 fnt\n|faint|p2a: Farigiraf\n|faint|p2b: Blastoise\n|\n|-weather|Snowscape|[upkeep]\n|upkeep\n|\n|t:|1776427558\n|switch|p2a: Torkoal|Torkoal, L50, M|100/100\n|switch|p2b: Crabominable|Crabominable, L50, M|100/100\n|-weather|SunnyDay|[from] ability: Drought|[of] p2a: Torkoal\n|turn|5\n|\n|t:|1776427569\n|move|p1b: Froslass|Protect|p1b: Froslass\n|-singleturn|p1b: Froslass|Protect\n|move|p2a: Torkoal|Eruption|p1a: Rotom|[spread] p1a\n|-activate|p1b: Froslass|move: Protect\n|-resisted|p1a: Rotom|1\n|-damage|p1a: Rotom|0 fnt\n|faint|p1a: Rotom\n|move|p2b: Crabominable|Knock Off|p1b: Froslass\n|-activate|p1b: Froslass|move: Protect\n|\n|-weather|SunnyDay|[upkeep]\n|-fieldend|move: Trick Room\n|upkeep\n|\n|t:|1776427575\n|switch|p1a: Aerodactyl|Aerodactyl, L50, M|100/100\n|-ability|p1a: Aerodactyl|Unnerve\n|turn|6\n|inactive|corvus1v9 has 30 seconds left.\n|\n|t:|1776427609\n|move|p1a: Aerodactyl|Wide Guard|p1a: Aerodactyl\n|-singleturn|p1a: Aerodactyl|Wide Guard\n|move|p1b: Froslass|Shadow Ball|p2b: Crabominable\n|-damage|p2b: Crabominable|3/100\n|move|p2b: Crabominable|Knock Off|p1b: Froslass\n|-supereffective|p1b: Froslass|1\n|-damage|p1b: Froslass|0 fnt\n|faint|p1b: Froslass\n|move|p2a: Torkoal|Weather Ball|p1a: Aerodactyl\n|-resisted|p1a: Aerodactyl|1\n|-damage|p1a: Aerodactyl|48/100\n|\n|-weather|SunnyDay|[upkeep]\n|upkeep\n|turn|7\n|\n|t:|1776427625\n|move|p2b: Crabominable|Wide Guard|p2b: Crabominable\n|-singleturn|p2b: Crabominable|Wide Guard\n|move|p1a: Aerodactyl|Rock Slide|p2a: Torkoal|[spread] \n|-activate|p2a: Torkoal|move: Wide Guard\n|-activate|p2b: Crabominable|move: Wide Guard\n|move|p2a: Torkoal|Weather Ball|p1a: Aerodactyl\n|-resisted|p1a: Aerodactyl|1\n|-damage|p1a: Aerodactyl|0 fnt\n|-enditem|p2b: Crabominable|Sitrus Berry|[eat]\n|-heal|p2b: Crabominable|28/100|[from] item: Sitrus Berry\n|faint|p1a: Aerodactyl\n|\n|win|KennarDH\n|raw|corvus1v9's rating: 1287 &rarr; <strong>1258</strong><br />(-29 for losing)\n|raw|KennarDH's rating: 1229 &rarr; <strong>1258</strong><br />(+29 for winning)\n|l|\u2606corvus1v9\n|player|p1|\n",
  "uploadtime": 1776427680,
  "views": 38,
  "formatid": "gen9championsvgc2026regma",
  "rating": 1258,
  "private": 0,
  "password": null
}