{
  "id": "gen9championsvgc2026regma-2587492276",
  "format": "[Gen 9 Champions] VGC 2026 Reg M-A",
  "players": [
    "DAk120",
    "RarePatryk"
  ],
  "log": "|j|\u2606DAk120\n|j|\u2606RarePatryk\n|t:|1776536406\n|gametype|doubles\n|player|p1|DAk120|morty|1048\n|player|p2|RarePatryk|266|1086\n|gen|9\n|tier|[Gen 9 Champions] VGC 2026 Reg M-A\n|rated|\n|rule|Species Clause: Limit one of each Pok\u00e9mon\n|rule|Item Clause: Limit 1 of each item\n|clearpoke\n|poke|p1|Sneasler, L50, F|\n|poke|p1|Tyranitar, L50, F|\n|poke|p1|Gallade, L50, M|\n|poke|p1|Milotic, L50, F|\n|poke|p1|Garchomp, L50, F|\n|poke|p1|Aerodactyl, L50, M|\n|poke|p2|Aggron, L50, F, shiny|\n|poke|p2|Sinistcha, L50|\n|poke|p2|Basculegion, L50, M, shiny|\n|poke|p2|Pelipper, L50, M, shiny|\n|poke|p2|Dragonite, L50, F, shiny|\n|poke|p2|Incineroar, L50, M, shiny|\n|teampreview|4\n|inactive|Battle timer is ON: inactive players will automatically lose when time's up. (requested by RarePatryk)\n|\n|t:|1776536468\n|teamsize|p1|4\n|teamsize|p2|4\n|start\n|switch|p1a: Tyranitar|Tyranitar, L50, F|100/100\n|switch|p1b: Sneasler|Sneasler, L50, F|100/100\n|switch|p2a: Aggron|Aggron, L50, F, shiny|100/100\n|switch|p2b: Incineroar|Incineroar, L50, M, shiny|100/100\n|-ability|p2b: Incineroar|Intimidate|boost\n|-unboost|p1a: Tyranitar|atk|1\n|-unboost|p1b: Sneasler|atk|1\n|-weather|Sandstorm|[from] ability: Sand Stream|[of] p1a: Tyranitar\n|-enditem|p1b: Sneasler|White Herb\n|-clearnegativeboost|p1b: Sneasler|[silent]\n|turn|1\n|\n|t:|1776536486\n|detailschange|p1a: Tyranitar|Tyranitar-Mega, L50, F\n|-mega|p1a: Tyranitar|Tyranitar|Tyranitarite\n|move|p2a: Aggron|Protect|p2a: Aggron\n|-singleturn|p2a: Aggron|Protect\n|move|p1b: Sneasler|Fake Out|p2a: Aggron\n|-activate|p2a: Aggron|move: Protect\n|move|p1a: Tyranitar|Iron Defense|p1a: Tyranitar\n|-boost|p1a: Tyranitar|def|2\n|move|p2b: Incineroar|Parting Shot|p1b: Sneasler\n|-unboost|p1b: Sneasler|atk|1\n|-unboost|p1b: Sneasler|spa|1\n|\n|t:|1776536497\n|switch|p2b: Basculegion|Basculegion, L50, M, shiny|100/100|[from] Parting Shot\n|\n|-weather|Sandstorm|[upkeep]\n|-damage|p1b: Sneasler|95/100|[from] Sandstorm\n|-damage|p2b: Basculegion|94/100|[from] Sandstorm\n|upkeep\n|turn|2\n|\n|t:|1776536515\n|switch|p1b: Milotic|Milotic, L50, F|100/100\n|detailschange|p2a: Aggron|Aggron-Mega, L50, F, shiny\n|-mega|p2a: Aggron|Aggron|Aggronite\n|move|p2b: Basculegion|Wave Crash|p1a: Tyranitar\n|-supereffective|p1a: Tyranitar|1\n|-damage|p1a: Tyranitar|44/100\n|-damage|p2b: Basculegion|78/100|[from] Recoil\n|move|p1a: Tyranitar|Iron Defense|p1a: Tyranitar\n|-boost|p1a: Tyranitar|def|2\n|move|p2a: Aggron|Body Press|p1a: Tyranitar\n|-supereffective|p1a: Tyranitar|2\n|-damage|p1a: Tyranitar|0 fnt\n|faint|p1a: Tyranitar\n|\n|-weather|Sandstorm|[upkeep]\n|-damage|p2b: Basculegion|72/100|[from] Sandstorm\n|-damage|p1b: Milotic|95/100|[from] Sandstorm\n|-heal|p1b: Milotic|100/100|[from] item: Leftovers\n|upkeep\n|\n|t:|1776536525\n|switch|p1a: Gallade|Gallade, L50, M|100/100\n|turn|3\n|\n|t:|1776536542\n|move|p2b: Basculegion|Wave Crash|p1a: Gallade\n|-damage|p1a: Gallade|0 fnt\n|faint|p1a: Gallade\n|-damage|p2b: Basculegion|42/100|[from] Recoil\n|move|p1b: Milotic|Muddy Water|p2b: Basculegion|[spread] p2b\n|-miss|p1b: Milotic|p2a: Aggron\n|-resisted|p2b: Basculegion|1\n|-damage|p2b: Basculegion|30/100\n|move|p2a: Aggron|Iron Defense|p2a: Aggron\n|-boost|p2a: Aggron|def|2\n|\n|-weather|Sandstorm|[upkeep]\n|-damage|p2b: Basculegion|24/100|[from] Sandstorm\n|-damage|p1b: Milotic|95/100|[from] Sandstorm\n|-heal|p1b: Milotic|100/100|[from] item: Leftovers\n|upkeep\n|\n|t:|1776536547\n|switch|p1a: Sneasler|Sneasler, L50, F|95/100\n|turn|4\n|\n|t:|1776536564\n|move|p2a: Aggron|Protect|p2a: Aggron\n|-singleturn|p2a: Aggron|Protect\n|move|p1a: Sneasler|Fake Out|p2a: Aggron\n|-activate|p2a: Aggron|move: Protect\n|move|p2b: Basculegion|Wave Crash|p1a: Sneasler\n|-damage|p1a: Sneasler|0 fnt\n|faint|p1a: Sneasler\n|-damage|p2b: Basculegion|0 fnt|[from] Recoil\n|faint|p2b: Basculegion\n|move|p1b: Milotic|Muddy Water|p2a: Aggron\n|-activate|p2a: Aggron|move: Protect\n|\n|-weather|Sandstorm|[upkeep]\n|-damage|p1b: Milotic|95/100|[from] Sandstorm\n|-heal|p1b: Milotic|100/100|[from] item: Leftovers\n|upkeep\n|\n|t:|1776536576\n|switch|p2b: Incineroar|Incineroar, L50, M, shiny|100/100\n|-ability|p2b: Incineroar|Intimidate|boost\n|-unboost|p1b: Milotic|atk|1\n|turn|5\n|\n|t:|1776536581\n|move|p2b: Incineroar|Fake Out|p1b: Milotic\n|-damage|p1b: Milotic|91/100\n|cant|p1b: Milotic|flinch\n|move|p2a: Aggron|Body Press|p1b: Milotic\n|-damage|p1b: Milotic|0 fnt\n|faint|p1b: Milotic\n|\n|win|RarePatryk\n|raw|DAk120's rating: 1048 &rarr; <strong>1033</strong><br />(-15 for losing)\n|raw|RarePatryk's rating: 1086 &rarr; <strong>1110</strong><br />(+24 for winning)\n",
  "uploadtime": 1776536591,
  "views": 26,
  "formatid": "gen9championsvgc2026regma",
  "rating": 1033,
  "private": 0,
  "password": null
}