{
  "id": "gen9championsvgc2026regma-2585513653",
  "format": "[Gen 9 Champions] VGC 2026 Reg M-A",
  "players": [
    "MisterP155",
    "KUTF1"
  ],
  "log": "|j|\u2606MisterP155\n|j|\u2606KUTF1\n|t:|1776352596\n|gametype|doubles\n|player|p1|MisterP155|lady|1311\n|player|p2|KUTF1|harlequin|1301\n|gen|9\n|tier|[Gen 9 Champions] VGC 2026 Reg M-A\n|rated|\n|rule|Species Clause: Limit one of each Pok\u00e9mon\n|rule|Item Clause: Limit 1 of each item\n|clearpoke\n|poke|p1|Sneasler, L50, F|\n|poke|p1|Kingambit, L50, M|\n|poke|p1|Garchomp, L50, F|\n|poke|p1|Floette-Eternal, L50, F|\n|poke|p1|Whimsicott, L50, F|\n|poke|p1|Charizard, L50, M|\n|poke|p2|Drampa, L50, F|\n|poke|p2|Emboar, L50, M|\n|poke|p2|Decidueye-Hisui, L50, M|\n|poke|p2|Kingambit, L50, M|\n|poke|p2|Farigiraf, L50, F|\n|poke|p2|Incineroar, L50, M|\n|teampreview|4\n|inactive|Battle timer is ON: inactive players will automatically lose when time's up. (requested by KUTF1)\n|inactive|MisterP155 has 60 seconds left.\n|\n|t:|1776352631\n|teamsize|p1|4\n|teamsize|p2|4\n|start\n|switch|p1a: Kingambit|Kingambit, L50, M|100/100\n|switch|p1b: Floette|Floette-Eternal, L50, F|100/100\n|switch|p2a: The Gourd|Incineroar, L50, M|100/100\n|switch|p2b: Yoo Mira|Farigiraf, L50, F|100/100\n|-ability|p2a: The Gourd|Intimidate|boost\n|-unboost|p1a: Kingambit|atk|1\n|-ability|p1a: Kingambit|Defiant|boost\n|-boost|p1a: Kingambit|atk|2\n|-unboost|p1b: Floette|atk|1\n|turn|1\n|inactive|KUTF1 has 30 seconds left.\n|\n|t:|1776352661\n|detailschange|p1b: Floette|Floette-Mega, L50, F\n|-mega|p1b: Floette|Floette|Floettite\n|-ability|p1b: Floette|Fairy Aura\n|move|p2a: The Gourd|Fake Out|p1a: Kingambit\n|-resisted|p1a: Kingambit|1\n|-damage|p1a: Kingambit|95/100\n|move|p1b: Floette|Calm Mind|p1b: Floette\n|-boost|p1b: Floette|spa|1\n|-boost|p1b: Floette|spd|1\n|cant|p1a: Kingambit|flinch\n|move|p2b: Yoo Mira|Trick Room|p2b: Yoo Mira\n|-fieldstart|move: Trick Room|[of] p2b: Yoo Mira\n|\n|upkeep\n|turn|2\n|\n|t:|1776352683\n|move|p2b: Yoo Mira|Protect|p2b: Yoo Mira\n|-singleturn|p2b: Yoo Mira|Protect\n|move|p1a: Kingambit|Kowtow Cleave|p2b: Yoo Mira\n|-activate|p2b: Yoo Mira|move: Protect\n|move|p2a: The Gourd|Flare Blitz|p1a: Kingambit\n|-supereffective|p1a: Kingambit|1\n|-damage|p1a: Kingambit|7/100\n|-damage|p2a: The Gourd|75/100|[from] Recoil\n|move|p1b: Floette|Dazzling Gleam|p2b: Yoo Mira|[spread] p2a\n|-activate|p2b: Yoo Mira|move: Protect\n|-damage|p2a: The Gourd|2/100\n|-enditem|p2a: The Gourd|Sitrus Berry|[eat]\n|-heal|p2a: The Gourd|27/100|[from] item: Sitrus Berry\n|\n|upkeep\n|turn|3\n|\n|t:|1776352703\n|move|p1a: Kingambit|Kowtow Cleave|p2a: The Gourd\n|-resisted|p2a: The Gourd|1\n|-damage|p2a: The Gourd|0 fnt\n|faint|p2a: The Gourd\n|move|p2b: Yoo Mira|Hyper Voice|p1a: Kingambit|[spread] p1a,p1b\n|-resisted|p1a: Kingambit|1\n|-damage|p1a: Kingambit|0 fnt\n|-damage|p1b: Floette|88/100\n|faint|p1a: Kingambit\n|move|p1b: Floette|Dazzling Gleam|p2b: Yoo Mira\n|-damage|p2b: Yoo Mira|26/100\n|\n|upkeep\n|\n|t:|1776352714\n|switch|p1a: Garchomp|Garchomp, L50, F|100/100\n|switch|p2a: Han Daewi|Kingambit, L50, M|100/100\n|turn|4\n|\n|t:|1776352729\n|move|p2a: Han Daewi|Protect|p2a: Han Daewi\n|-singleturn|p2a: Han Daewi|Protect\n|move|p1b: Floette|Protect|p1b: Floette\n|-singleturn|p1b: Floette|Protect\n|move|p2b: Yoo Mira|Hyper Voice|p1b: Floette|[spread] p1a\n|-activate|p1b: Floette|move: Protect\n|-crit|p1a: Garchomp\n|-damage|p1a: Garchomp|55/100\n|move|p1a: Garchomp|Earthquake|p2b: Yoo Mira|[spread] p2b\n|-activate|p1b: Floette|move: Protect\n|-activate|p2a: Han Daewi|move: Protect\n|-damage|p2b: Yoo Mira|0 fnt\n|faint|p2b: Yoo Mira\n|\n|upkeep\n|\n|t:|1776352732\n|switch|p2b: Jin Mori|Emboar, L50, M, shiny|100/100\n|turn|5\n|inactive|MisterP155 has 30 seconds left.\n|\n|t:|1776352759\n|detailschange|p2b: Jin Mori|Emboar-Mega, L50, M, shiny\n|-mega|p2b: Jin Mori|Emboar|Emboarite\n|-ability|p2b: Jin Mori|Mold Breaker\n|move|p2a: Han Daewi|Iron Head|p1b: Floette\n|-supereffective|p1b: Floette|1\n|-crit|p1b: Floette\n|-damage|p1b: Floette|0 fnt\n|faint|p1b: Floette\n|move|p2b: Jin Mori|Close Combat|p1a: Garchomp\n|-damage|p1a: Garchomp|0 fnt\n|-unboost|p2b: Jin Mori|def|1\n|-unboost|p2b: Jin Mori|spd|1\n|-damage|p2b: Jin Mori|88/100|[from] ability: Rough Skin|[of] p1a: Garchomp\n|faint|p1a: Garchomp\n|\n|-fieldend|move: Trick Room\n|upkeep\n|\n|t:|1776352765\n|switch|p1b: Sneasler|Sneasler, L50, F|100/100\n|turn|6\n|\n|t:|1776352776\n|move|p2a: Han Daewi|Sucker Punch|p1b: Sneasler\n|-resisted|p1b: Sneasler|1\n|-damage|p1b: Sneasler|58/100\n|move|p1b: Sneasler|Close Combat|p2a: Han Daewi\n|-supereffective|p2a: Han Daewi|2\n|-damage|p2a: Han Daewi|0 fnt\n|-unboost|p1b: Sneasler|def|1\n|-unboost|p1b: Sneasler|spd|1\n|faint|p2a: Han Daewi\n|-enditem|p1b: Sneasler|White Herb\n|-clearnegativeboost|p1b: Sneasler|[silent]\n|move|p2b: Jin Mori|Flare Blitz|p1b: Sneasler\n|-damage|p1b: Sneasler|0 fnt\n|faint|p1b: Sneasler\n|-damage|p2b: Jin Mori|74/100|[from] Recoil\n|\n|win|KUTF1\n|raw|MisterP155's rating: 1291 &rarr; <strong>1267</strong><br />(-24 for losing)\n|raw|KUTF1's rating: 1301 &rarr; <strong>1320</strong><br />(+19 for winning)\n|l|\u2606MisterP155\n|player|p1|\n",
  "uploadtime": 1776352780,
  "views": 25,
  "formatid": "gen9championsvgc2026regma",
  "rating": 1267,
  "private": 0,
  "password": null
}