{
  "id": "gen9championsvgc2026regma-2587921527",
  "format": "[Gen 9 Champions] VGC 2026 Reg M-A",
  "players": [
    "KV959SUPER",
    "he0"
  ],
  "log": "|j|\u2606KV959SUPER\n|j|\u2606he0\n|t:|1776579371\n|gametype|doubles\n|player|p1|KV959SUPER|wallace|1404\n|player|p2|he0|sabrina-masters|1408\n|gen|9\n|tier|[Gen 9 Champions] VGC 2026 Reg M-A\n|rated|\n|rule|Species Clause: Limit one of each Pok\u00e9mon\n|rule|Item Clause: Limit 1 of each item\n|clearpoke\n|poke|p1|Delphox, L50, F, shiny|\n|poke|p1|Incineroar, L50, M, shiny|\n|poke|p1|Garchomp, L50, M|\n|poke|p1|Floette-Eternal, L50, F, shiny|\n|poke|p1|Kingambit, L50, M, shiny|\n|poke|p1|Sneasler, L50, M, shiny|\n|poke|p2|Incineroar, L50, F|\n|poke|p2|Whimsicott, L50, M|\n|poke|p2|Kingambit, L50, M|\n|poke|p2|Sneasler, L50, F|\n|poke|p2|Charizard, L50, M|\n|poke|p2|Floette-Eternal, L50, F|\n|teampreview|4\n|inactive|Battle timer is ON: inactive players will automatically lose when time's up. (requested by KV959SUPER)\n|\n|t:|1776579406\n|teamsize|p1|4\n|teamsize|p2|4\n|start\n|switch|p1a: Delphox|Delphox, L50, F, shiny|100/100\n|switch|p1b: Garchomp|Garchomp, L50, M|100/100\n|switch|p2a: Sneasler|Sneasler, L50, F|100/100\n|switch|p2b: Floette|Floette-Eternal, L50, F|100/100\n|turn|1\n|j| Pokuchu\n|\n|t:|1776579428\n|switch|p2a: Incineroar|Incineroar, L50, F|100/100\n|-ability|p2a: Incineroar|Intimidate|boost\n|-unboost|p1a: Delphox|atk|1\n|-unboost|p1b: Garchomp|atk|1\n|detailschange|p1a: Delphox|Delphox-Mega, L50, F, shiny\n|-mega|p1a: Delphox|Delphox|Delphoxite\n|detailschange|p2b: Floette|Floette-Mega, L50, F\n|-mega|p2b: Floette|Floette|Floettite\n|-ability|p2b: Floette|Fairy Aura\n|move|p1a: Delphox|Protect|p1a: Delphox\n|-singleturn|p1a: Delphox|Protect\n|move|p1b: Garchomp|Protect|p1b: Garchomp\n|-singleturn|p1b: Garchomp|Protect\n|move|p2b: Floette|Moonblast|p1b: Garchomp\n|-activate|p1b: Garchomp|move: Protect\n|\n|upkeep\n|turn|2\n|inactive|KV959SUPER has 30 seconds left.\n|\n|t:|1776579457\n|switch|p1b: Incineroar|Incineroar, L50, M, shiny|100/100\n|-ability|p1b: Incineroar|Intimidate|boost\n|-unboost|p2a: Incineroar|atk|1\n|-unboost|p2b: Floette|atk|1\n|move|p1a: Delphox|Heat Wave|p2a: Incineroar|[spread] p2a,p2b\n|-resisted|p2a: Incineroar|1\n|-damage|p2a: Incineroar|86/100\n|-damage|p2b: Floette|75/100\n|move|p2b: Floette|Moonblast|p1b: Incineroar\n|-damage|p1b: Incineroar|44/100\n|move|p2a: Incineroar|Parting Shot|p1a: Delphox\n|-unboost|p1a: Delphox|atk|1\n|-unboost|p1a: Delphox|spa|1\n|\n|t:|1776579469\n|switch|p2a: Sneasler|Sneasler, L50, F|100/100|[from] Parting Shot\n|\n|-heal|p1b: Incineroar|50/100|[from] item: Leftovers\n|upkeep\n|turn|3\n|inactive|KV959SUPER has 30 seconds left.\n|inactive|he0 has 30 seconds left.\n|inactive|KV959SUPER has 20 seconds left.\n|\n|t:|1776579506\n|switch|p2a: Incineroar|Incineroar, L50, F|86/100\n|-ability|p2a: Incineroar|Intimidate|boost\n|-unboost|p1a: Delphox|atk|1\n|-unboost|p1b: Incineroar|atk|1\n|move|p2b: Floette|Protect|p2b: Floette\n|-singleturn|p2b: Floette|Protect\n|move|p1a: Delphox|Psychic|p2a: Incineroar\n|-immune|p2a: Incineroar\n|move|p1b: Incineroar|Parting Shot|p2b: Floette\n|-activate|p2b: Floette|move: Protect\n|\n|-heal|p1b: Incineroar|56/100|[from] item: Leftovers\n|upkeep\n|turn|4\n|inactive|KV959SUPER has 30 seconds left.\n|inactive|he0 has 30 seconds left.\n|\n|t:|1776579536\n|move|p1a: Delphox|Encore|p2b: Floette\n|-start|p2b: Floette|Encore\n|move|p2b: Floette|Protect||[still]\n|-fail|p2b: Floette\n|move|p1b: Incineroar|Parting Shot|p2b: Floette\n|-unboost|p2b: Floette|atk|1\n|-unboost|p2b: Floette|spa|1\n|\n|t:|1776579548\n|switch|p1b: Garchomp|Garchomp, L50, M|100/100|[from] Parting Shot\n|move|p2a: Incineroar|Parting Shot|p1b: Garchomp\n|-unboost|p1b: Garchomp|atk|1\n|-unboost|p1b: Garchomp|spa|1\n|\n|t:|1776579553\n|switch|p2a: Sneasler|Sneasler, L50, F|100/100|[from] Parting Shot\n|\n|upkeep\n|turn|5\n|\n|t:|1776579574\n|switch|p2a: Kingambit|Kingambit, L50, M|100/100\n|switch|p2b: Incineroar|Incineroar, L50, F|86/100\n|-ability|p2b: Incineroar|Intimidate|boost\n|-unboost|p1a: Delphox|atk|1\n|-unboost|p1b: Garchomp|atk|1\n|move|p1a: Delphox|Psychic|p2a: Kingambit\n|-immune|p2a: Kingambit\n|move|p1b: Garchomp|Earthquake|p2b: Incineroar|[spread] p2a,p2b\n|-immune|p1a: Delphox|[from] ability: Levitate\n|-supereffective|p2a: Kingambit|1\n|-supereffective|p2b: Incineroar|1\n|-damage|p2a: Kingambit|70/100\n|-damage|p2b: Incineroar|55/100\n|\n|upkeep\n|turn|6\n|\n|t:|1776579597\n|switch|p2b: Floette|Floette-Mega, L50, F|75/100\n|-ability|p2b: Floette|Fairy Aura\n|move|p1a: Delphox|Protect|p1a: Delphox\n|-singleturn|p1a: Delphox|Protect\n|move|p1b: Garchomp|Earthquake|p2b: Floette|[spread] p2a,p2b\n|-activate|p1a: Delphox|move: Protect\n|-supereffective|p2a: Kingambit|1\n|-damage|p2a: Kingambit|40/100\n|-damage|p2b: Floette|59/100\n|move|p2a: Kingambit|Kowtow Cleave|p1a: Delphox\n|-activate|p1a: Delphox|move: Protect\n|\n|upkeep\n|turn|7\n|inactive|KV959SUPER has 30 seconds left.\n|inactive|KV959SUPER has 20 seconds left.\n|\n|t:|1776579636\n|move|p2a: Kingambit|Sucker Punch|p1a: Delphox\n|-supereffective|p1a: Delphox|1\n|-damage|p1a: Delphox|0 fnt\n|faint|p1a: Delphox\n|move|p1b: Garchomp|Earthquake|p2a: Kingambit|[spread] p2a,p2b\n|-supereffective|p2a: Kingambit|1\n|-damage|p2a: Kingambit|9/100\n|-damage|p2b: Floette|41/100\n|move|p2b: Floette|Moonblast|p1b: Garchomp\n|-supereffective|p1b: Garchomp|1\n|-damage|p1b: Garchomp|0 fnt\n|faint|p1b: Garchomp\n|\n|upkeep\n|\n|t:|1776579645\n|switch|p1a: Incineroar|Incineroar, L50, M, shiny|56/100\n|switch|p1b: Sneasler|Sneasler, L50, M, shiny|100/100\n|-ability|p1a: Incineroar|Intimidate|boost\n|-unboost|p2a: Kingambit|atk|1\n|-ability|p2a: Kingambit|Defiant|boost\n|-boost|p2a: Kingambit|atk|2\n|-unboost|p2b: Floette|atk|1\n|turn|8\n|\n|t:|1776579658\n|switch|p2b: Incineroar|Incineroar, L50, F|55/100\n|-ability|p2b: Incineroar|Intimidate|boost\n|-unboost|p1a: Incineroar|atk|1\n|-unboost|p1b: Sneasler|atk|1\n|-enditem|p1b: Sneasler|White Herb\n|-clearnegativeboost|p1b: Sneasler|[silent]\n|move|p2a: Kingambit|Protect|p2a: Kingambit\n|-singleturn|p2a: Kingambit|Protect\n|move|p1a: Incineroar|Fake Out|p2b: Incineroar\n|-damage|p2b: Incineroar|50/100\n|move|p1b: Sneasler|Close Combat|p2a: Kingambit\n|-activate|p2a: Kingambit|move: Protect\n|\n|-heal|p1a: Incineroar|62/100|[from] item: Leftovers\n|upkeep\n|turn|9\n|inactive|he0 has 30 seconds left.\n|\n|t:|1776579689\n|move|p1b: Sneasler|Protect|p1b: Sneasler\n|-singleturn|p1b: Sneasler|Protect\n|move|p2a: Kingambit|Sucker Punch|p1a: Incineroar\n|-resisted|p1a: Incineroar|1\n|-damage|p1a: Incineroar|33/100\n|move|p2b: Incineroar|Parting Shot|p1a: Incineroar\n|-unboost|p1a: Incineroar|atk|1\n|-unboost|p1a: Incineroar|spa|1\n|\n|t:|1776579697\n|switch|p2b: Floette|Floette-Mega, L50, F|41/100|[from] Parting Shot\n|-ability|p2b: Floette|Fairy Aura\n|move|p1a: Incineroar|Flare Blitz|p2a: Kingambit\n|-supereffective|p2a: Kingambit|1\n|-crit|p2a: Kingambit\n|-damage|p2a: Kingambit|0 fnt\n|faint|p2a: Kingambit\n|-damage|p1a: Incineroar|30/100|[from] Recoil\n|\n|-heal|p1a: Incineroar|36/100|[from] item: Leftovers\n|upkeep\n|\n|t:|1776579698\n|switch|p2a: Incineroar|Incineroar, L50, F|50/100\n|-ability|p2a: Incineroar|Intimidate|boost\n|-unboost|p1a: Incineroar|atk|1\n|-unboost|p1b: Sneasler|atk|1\n|turn|10\n|inactive|KV959SUPER has 30 seconds left.\n|\n|t:|1776579730\n|move|p2a: Incineroar|Fake Out|p1b: Sneasler\n|-damage|p1b: Sneasler|84/100\n|cant|p1b: Sneasler|flinch\n|move|p2b: Floette|Moonblast|p1a: Incineroar\n|-damage|p1a: Incineroar|0 fnt\n|faint|p1a: Incineroar\n|\n|upkeep\n|turn|11\n|\n|t:|1776579740\n|move|p1b: Sneasler|Close Combat|p2a: Incineroar\n|-supereffective|p2a: Incineroar|1\n|-enditem|p2a: Incineroar|Chople Berry|[eat]\n|-enditem|p2a: Incineroar|Chople Berry|[weaken]\n|-damage|p2a: Incineroar|15/100\n|-unboost|p1b: Sneasler|def|1\n|-unboost|p1b: Sneasler|spd|1\n|move|p2b: Floette|Moonblast|p1b: Sneasler\n|-damage|p1b: Sneasler|0 fnt\n|faint|p1b: Sneasler\n|\n|win|he0\n|raw|KV959SUPER's rating: 1404 &rarr; <strong>1384</strong><br />(-20 for losing)\n|raw|he0's rating: 1408 &rarr; <strong>1428</strong><br />(+20 for winning)\n|l|\u2606KV959SUPER\n|player|p1|\n",
  "uploadtime": 1776579746,
  "views": 16,
  "formatid": "gen9championsvgc2026regma",
  "rating": 1384,
  "private": 0,
  "password": null
}