{
  "id": "gen9championsvgc2026regma-2585037831",
  "format": "[Gen 9 Champions] VGC 2026 Reg M-A",
  "players": [
    "howfalcons",
    "mait27"
  ],
  "log": "|j|\u2606howfalcons\n|j|\u2606mait27\n|t:|1776305621\n|gametype|doubles\n|player|p1|howfalcons|2|\n|player|p2|mait27|265|\n|gen|9\n|tier|[Gen 9 Champions] VGC 2026 Reg M-A\n|rule|Species Clause: Limit one of each Pok\u00e9mon\n|rule|Item Clause: Limit 1 of each item\n|clearpoke\n|poke|p1|Charizard, L50, F|\n|poke|p1|Venusaur, L50, M|\n|poke|p1|Whimsicott, L50, M|\n|poke|p1|Torkoal, L50, F|\n|poke|p1|Hatterene, L50, F|\n|poke|p1|Incineroar, L50, M|\n|poke|p2|Tyranitar, L50, F|\n|poke|p2|Dragonite, L50, F|\n|poke|p2|Whimsicott, L50, M|\n|poke|p2|Garchomp, L50, M|\n|poke|p2|Arcanine, L50, F|\n|poke|p2|Sylveon, L50, M|\n|teampreview|4\nhowfalcons has agreed to open team sheets.\n|c|\u2606howfalcons|GL hf!n\n|\n|t:|1776305659\n|teamsize|p1|4\n|teamsize|p2|4\n|start\n|switch|p1a: Charizard|Charizard, L50, F|100/100\n|switch|p1b: Whimsicott|Whimsicott, L50, M|100/100\n|switch|p2a: Whimsicott|Whimsicott, L50, M|100/100\n|switch|p2b: Garchomp|Garchomp, L50, M|100/100\n|turn|1\n|\n|t:|1776305676\n|switch|p2b: Arcanine|Arcanine, L50, F|100/100\n|-ability|p2b: Arcanine|Intimidate|boost\n|-unboost|p1a: Charizard|atk|1\n|-unboost|p1b: Whimsicott|atk|1\n|detailschange|p1a: Charizard|Charizard-Mega-Y, L50, F\n|-mega|p1a: Charizard|Charizard|Charizardite Y\n|-weather|SunnyDay|[from] ability: Drought|[of] p1a: Charizard\n|move|p1a: Charizard|Protect|p1a: Charizard\n|-singleturn|p1a: Charizard|Protect\n|move|p2a: Whimsicott|Tailwind|p2a: Whimsicott\n|-sidestart|p2: mait27|move: Tailwind\n|move|p1b: Whimsicott|Tailwind|p1b: Whimsicott\n|-sidestart|p1: howfalcons|move: Tailwind\n|\n|-weather|SunnyDay|[upkeep]\n|upkeep\n|turn|2\n|\n|t:|1776305714\n|switch|p1b: Incineroar|Incineroar, L50, M|100/100\n|-ability|p1b: Incineroar|Intimidate|boost\n|-unboost|p2a: Whimsicott|atk|1\n|-unboost|p2b: Arcanine|atk|1\n|switch|p1a: Venusaur|Venusaur, L50, M|100/100\n|move|p2a: Whimsicott|Encore||[still]\n|-fail|p2a: Whimsicott\n|move|p2b: Arcanine|Flare Blitz|p1b: Incineroar\n|-resisted|p1b: Incineroar|1\n|-damage|p1b: Incineroar|76/100\n|-damage|p2b: Arcanine|90/100|[from] Recoil\n|\n|-weather|SunnyDay|[upkeep]\n|upkeep\n|turn|3\n|\n|t:|1776305735\n|switch|p2a: Tyranitar|Tyranitar, L50, F|100/100\n|-weather|Sandstorm|[from] ability: Sand Stream|[of] p2a: Tyranitar\n|move|p1b: Incineroar|Fake Out|p2b: Arcanine\n|-damage|p2b: Arcanine|74/100\n|cant|p2b: Arcanine|flinch\n|move|p1a: Venusaur|Earth Power|p2b: Arcanine\n|-supereffective|p2b: Arcanine|1\n|-damage|p2b: Arcanine|4/100\n|-enditem|p2b: Arcanine|Sitrus Berry|[eat]\n|-heal|p2b: Arcanine|29/100|[from] item: Sitrus Berry\n|\n|-weather|Sandstorm|[upkeep]\n|-damage|p2b: Arcanine|23/100|[from] Sandstorm\n|-damage|p1a: Venusaur|95/100|[from] Sandstorm\n|-damage|p1b: Incineroar|70/100|[from] Sandstorm\n|upkeep\n|turn|4\n|\n|t:|1776305781\n|switch|p2b: Whimsicott|Whimsicott, L50, M|100/100\n|switch|p1b: Whimsicott|Whimsicott, L50, M|100/100\n|move|p1a: Venusaur|Protect|p1a: Venusaur\n|-singleturn|p1a: Venusaur|Protect\n|move|p2a: Tyranitar|Dragon Dance|p2a: Tyranitar\n|-boost|p2a: Tyranitar|atk|1\n|-boost|p2a: Tyranitar|spe|1\n|\n|-weather|Sandstorm|[upkeep]\n|-damage|p2b: Whimsicott|95/100|[from] Sandstorm\n|-damage|p1b: Whimsicott|95/100|[from] Sandstorm\n|-damage|p1a: Venusaur|89/100|[from] Sandstorm\n|-sideend|p1: howfalcons|move: Tailwind\n|-sideend|p2: mait27|move: Tailwind\n|upkeep\n|turn|5\n|c|\u2606howfalcons|Uh oh\n|\n|t:|1776305806\n|move|p2b: Whimsicott|Encore|p1a: Venusaur\n|-start|p1a: Venusaur|Encore\n|move|p1a: Venusaur|Protect||[still]\n|-fail|p1a: Venusaur\n|move|p1b: Whimsicott|Tailwind|p1b: Whimsicott\n|-sidestart|p1: howfalcons|move: Tailwind\n|move|p2a: Tyranitar|Rock Slide|p1b: Whimsicott|[spread] p1a,p1b\n|-damage|p1a: Venusaur|29/100\n|-damage|p1b: Whimsicott|33/100\n|\n|-weather|Sandstorm|[upkeep]\n|-damage|p1b: Whimsicott|28/100|[from] Sandstorm\n|-damage|p1a: Venusaur|23/100|[from] Sandstorm\n|-damage|p2b: Whimsicott|89/100|[from] Sandstorm\n|upkeep\n|turn|6\n|c|\u2606howfalcons|Lmaoooo I'm cooked\n|\n|t:|1776305823\n|switch|p1a: Incineroar|Incineroar, L50, M|70/100\n|-ability|p1a: Incineroar|Intimidate|boost\n|-unboost|p2a: Tyranitar|atk|1\n|-unboost|p2b: Whimsicott|atk|1\n|move|p2b: Whimsicott|Tailwind|p2b: Whimsicott\n|-sidestart|p2: mait27|move: Tailwind\n|move|p2a: Tyranitar|Dragon Dance|p2a: Tyranitar\n|-boost|p2a: Tyranitar|atk|1\n|-boost|p2a: Tyranitar|spe|1\n|move|p1b: Whimsicott|Moonblast|p2a: Tyranitar\n|-supereffective|p2a: Tyranitar|1\n|-damage|p2a: Tyranitar|49/100\n|-unboost|p2a: Tyranitar|spa|1\n|\n|-weather|Sandstorm|[upkeep]\n|-damage|p2b: Whimsicott|83/100|[from] Sandstorm\n|-damage|p1b: Whimsicott|22/100|[from] Sandstorm\n|-damage|p1a: Incineroar|64/100|[from] Sandstorm\n|upkeep\n|turn|7\n|\n|t:|1776305844\n|switch|p2b: Arcanine|Arcanine, L50, F|23/100\n|-ability|p2b: Arcanine|Intimidate|boost\n|-unboost|p1a: Incineroar|atk|1\n|-unboost|p1b: Whimsicott|atk|1\n|switch|p1b: Charizard|Charizard-Mega-Y, L50, F|100/100\n|-weather|SunnyDay|[from] ability: Drought|[of] p1b: Charizard\n|move|p2a: Tyranitar|Protect|p2a: Tyranitar\n|-singleturn|p2a: Tyranitar|Protect\n|move|p1a: Incineroar|Fake Out|p2a: Tyranitar\n|-activate|p2a: Tyranitar|move: Protect\n|\n|-weather|SunnyDay|[upkeep]\n|upkeep\n|turn|8\n|c|\u2606howfalcons|You got greedy\n|\n|t:|1776305875\n|detailschange|p2a: Tyranitar|Tyranitar-Mega, L50, F\n|-mega|p2a: Tyranitar|Tyranitar|Tyranitarite\n|-weather|Sandstorm|[from] ability: Sand Stream|[of] p2a: Tyranitar\n|move|p1b: Charizard|Protect|p1b: Charizard\n|-singleturn|p1b: Charizard|Protect\n|move|p2a: Tyranitar|Rock Slide|p1b: Charizard|[spread] p1a\n|-activate|p1b: Charizard|move: Protect\n|-supereffective|p1a: Incineroar|1\n|-damage|p1a: Incineroar|0 fnt\n|faint|p1a: Incineroar\n|move|p2b: Arcanine|Close Combat|p1b: Charizard\n|-activate|p1b: Charizard|move: Protect\n|\n|-weather|Sandstorm|[upkeep]\n|-damage|p2b: Arcanine|17/100|[from] Sandstorm\n|-damage|p1b: Charizard|95/100|[from] Sandstorm\n|-sideend|p1: howfalcons|move: Tailwind\n|upkeep\n|\n|t:|1776305888\n|switch|p1a: Whimsicott|Whimsicott, L50, M|22/100\n|turn|9\n|\n|t:|1776305906\n|switch|p2b: Whimsicott|Whimsicott, L50, M|83/100\n|move|p1a: Whimsicott|Tailwind|p1a: Whimsicott\n|-sidestart|p1: howfalcons|move: Tailwind\n|move|p2a: Tyranitar|Rock Slide|p1b: Charizard|[spread] p1a,p1b\n|-supereffective|p1b: Charizard|2\n|-damage|p1a: Whimsicott|0 fnt\n|-damage|p1b: Charizard|0 fnt\n|faint|p1a: Whimsicott\n|faint|p1b: Charizard\n|\n|-weather|Sandstorm|[upkeep]\n|-damage|p2b: Whimsicott|77/100|[from] Sandstorm\n|-sideend|p2: mait27|move: Tailwind\n|upkeep\n|\n|t:|1776305910\n|switch|p1b: Venusaur|Venusaur, L50, M|23/100\n|turn|10\n|c|\u2606howfalcons|GG!\n|\n|t:|1776305919\n|move|p2b: Whimsicott|Tailwind|p2b: Whimsicott\n|-sidestart|p2: mait27|move: Tailwind\n|move|p2a: Tyranitar|Knock Off|p1b: Venusaur\n|-damage|p1b: Venusaur|0 fnt\n|-enditem|p1b: Venusaur|Bright Powder|[from] move: Knock Off|[of] p2a: Tyranitar\n|faint|p1b: Venusaur\n|\n|win|mait27\n|c|\u2606howfalcons|Ttar is too goated\n|c|\u2606mait27|Omg gg\n|c|\u2606mait27|The earth power caught me\n|l|\u2606howfalcons\n|player|p1|\n",
  "uploadtime": 1776305940,
  "views": 53,
  "formatid": "gen9championsvgc2026regma",
  "rating": null,
  "private": 0,
  "password": null
}