{
  "id": "gen9championsvgc2026regma-2586548137",
  "format": "[Gen 9 Champions] VGC 2026 Reg M-A",
  "players": [
    "Gexxers",
    "Cduke.VGC"
  ],
  "log": "|j|\u2606Gexxers\n|j|\u2606Cduke.VGC\n|t:|1776442234\n|gametype|doubles\n|player|p1|Gexxers|benga|1088\n|player|p2|Cduke.VGC|169|1074\n|gen|9\n|tier|[Gen 9 Champions] VGC 2026 Reg M-A\n|rated|\n|rule|Species Clause: Limit one of each Pok\u00e9mon\n|rule|Item Clause: Limit 1 of each item\n|clearpoke\n|poke|p1|Conkeldurr, L50, M|\n|poke|p1|Farigiraf, L50, M|\n|poke|p1|Scovillain, L50, F|\n|poke|p1|Aerodactyl, L50, F|\n|poke|p1|Basculegion, L50, M|\n|poke|p1|Luxray, L50, M|\n|poke|p2|Blastoise, L50, M|\n|poke|p2|Maushold, L50|\n|poke|p2|Aerodactyl, L50, F|\n|poke|p2|Raichu, L50, F|\n|poke|p2|Incineroar, L50, M|\n|poke|p2|Garchomp, L50, M|\n|teampreview|4\n|\n|t:|1776442262\n|teamsize|p1|4\n|teamsize|p2|4\n|start\n|switch|p1a: Scovillain|Scovillain, L50, F|100/100\n|switch|p1b: Farigiraf|Farigiraf, L50, M|100/100\n|switch|p2a: Garchomp|Garchomp, L50, M|100/100\n|switch|p2b: Raichu|Raichu, L50, F|100/100\n|turn|1\n|\n|t:|1776442283\n|move|p1a: Scovillain|Protect|p1a: Scovillain\n|-singleturn|p1a: Scovillain|Protect\n|move|p2b: Raichu|Fake Out||[still]\n|cant|p1b: Farigiraf|ability: Armor Tail|Fake Out|[of] p2b: Raichu\n|move|p2a: Garchomp|Rock Slide|p1a: Scovillain|[spread] p1b\n|-activate|p1a: Scovillain|move: Protect\n|-damage|p1b: Farigiraf|89/100\n|move|p1b: Farigiraf|Trick Room|p1b: Farigiraf\n|-fieldstart|move: Trick Room|[of] p1b: Farigiraf\n|\n|-ability|p1a: Scovillain|Moody|boost\n|-boost|p1a: Scovillain|atk|2\n|-unboost|p1a: Scovillain|spa|1\n|upkeep\n|turn|2\n|\n|t:|1776442369\n|switch|p1b: Conkeldurr|Conkeldurr, L50, M|100/100\n|move|p1a: Scovillain|Leech Seed|p2b: Raichu\n|-start|p2b: Raichu|move: Leech Seed\n|move|p2a: Garchomp|Rock Slide|p1a: Scovillain|[spread] p1a,p1b\n|-supereffective|p1a: Scovillain|1\n|-resisted|p1b: Conkeldurr|1\n|-damage|p1a: Scovillain|52/100\n|-damage|p1b: Conkeldurr|93/100\n|move|p2b: Raichu|Encore|p1a: Scovillain\n|-start|p1a: Scovillain|Encore\n|\n|-damage|p2b: Raichu|88/100|[from] Leech Seed|[of] p1a: Scovillain\n|-heal|p1a: Scovillain|62/100|[silent]\n|-ability|p1a: Scovillain|Moody|boost\n|-boost|p1a: Scovillain|def|2\n|-unboost|p1a: Scovillain|atk|1\n|upkeep\n|turn|3\n|\n|t:|1776442401\n|detailschange|p1a: Scovillain|Scovillain-Mega, L50, F\n|-mega|p1a: Scovillain|Scovillain|Scovillainite\n|move|p1b: Conkeldurr|Earthquake|p2a: Garchomp|[spread] p1a,p2a,p2b\n|-supereffective|p2b: Raichu|1\n|-damage|p1a: Scovillain|45/100\n|-damage|p2a: Garchomp|77/100\n|-damage|p2b: Raichu|0 fnt\n|-status|p1b: Conkeldurr|brn|[from] ability: Spicy Spray|[of] p1a: Scovillain\n|faint|p2b: Raichu\n|move|p1a: Scovillain|Leech Seed|p2a: Garchomp\n|-start|p2a: Garchomp|move: Leech Seed\n|move|p2a: Garchomp|Earthquake|p1a: Scovillain|[spread] p1a,p1b\n|-damage|p1a: Scovillain|22/100\n|-damage|p1b: Conkeldurr|61/100 brn\n|-status|p2a: Garchomp|brn|[from] ability: Spicy Spray|[of] p1a: Scovillain\n|\n|-heal|p2a: Garchomp|83/100 brn|[from] item: Leftovers\n|-damage|p2a: Garchomp|71/100 brn|[from] Leech Seed|[of] p1a: Scovillain\n|-heal|p1a: Scovillain|35/100|[silent]\n|-damage|p1b: Conkeldurr|55/100 brn|[from] brn\n|-damage|p2a: Garchomp|65/100 brn|[from] brn\n|upkeep\n|\n|t:|1776442418\n|switch|p2b: Aerodactyl|Aerodactyl, L50, F|100/100\n|-ability|p2b: Aerodactyl|Unnerve\n|turn|4\n|\n|t:|1776442458\n|move|p1b: Conkeldurr|Drain Punch|p2b: Aerodactyl\n|-damage|p2b: Aerodactyl|0 fnt\n|-heal|p1b: Conkeldurr|92/100 brn|[from] drain|[of] p2b: Aerodactyl\n|faint|p2b: Aerodactyl\n|move|p1a: Scovillain|Leech Seed||[still]\n|-fail|p1a: Scovillain\n|move|p2a: Garchomp|Earthquake|p1a: Scovillain|[spread] p1a,p1b\n|-damage|p1a: Scovillain|25/100\n|-damage|p1b: Conkeldurr|78/100 brn\n|\n|-heal|p2a: Garchomp|71/100 brn|[from] item: Leftovers\n|-damage|p2a: Garchomp|58/100 brn|[from] Leech Seed|[of] p1a: Scovillain\n|-heal|p1a: Scovillain|39/100|[silent]\n|-damage|p1b: Conkeldurr|72/100 brn|[from] brn\n|-damage|p2a: Garchomp|52/100 brn|[from] brn\n|upkeep\n|\n|t:|1776442473\n|switch|p2b: Blastoise|Blastoise, L50, M|100/100\n|turn|5\n|\n|t:|1776442509\n|detailschange|p2b: Blastoise|Blastoise-Mega, L50, M\n|-mega|p2b: Blastoise|Blastoise|Blastoisinite\n|move|p1b: Conkeldurr|Drain Punch|p2b: Blastoise\n|-damage|p2b: Blastoise|21/100\n|-heal|p1b: Conkeldurr|100/100 brn|[from] drain|[of] p2b: Blastoise\n|move|p1a: Scovillain|Leech Seed|p2b: Blastoise\n|-start|p2b: Blastoise|move: Leech Seed\n|move|p2a: Garchomp|Rock Slide|p1a: Scovillain|[spread] p1a,p1b\n|-supereffective|p1a: Scovillain|1\n|-resisted|p1b: Conkeldurr|1\n|-damage|p1a: Scovillain|28/100\n|-damage|p1b: Conkeldurr|97/100 brn\n|move|p2b: Blastoise|Aura Sphere|p1b: Conkeldurr\n|-damage|p1b: Conkeldurr|44/100 brn\n|\n|-heal|p2a: Garchomp|58/100 brn|[from] item: Leftovers\n|-damage|p2a: Garchomp|46/100 brn|[from] Leech Seed|[of] p1a: Scovillain\n|-heal|p1a: Scovillain|42/100|[silent]\n|-damage|p2b: Blastoise|9/100|[from] Leech Seed|[of] p1a: Scovillain\n|-heal|p1a: Scovillain|53/100|[silent]\n|-damage|p1b: Conkeldurr|38/100 brn|[from] brn\n|-damage|p2a: Garchomp|40/100 brn|[from] brn\n|-end|p1a: Scovillain|Encore\n|-fieldend|move: Trick Room\n|upkeep\n|turn|6\n|\n|t:|1776442540\n|move|p1a: Scovillain|Protect|p1a: Scovillain\n|-singleturn|p1a: Scovillain|Protect\n|move|p1b: Conkeldurr|Detect|p1b: Conkeldurr\n|-singleturn|p1b: Conkeldurr|Protect\n|move|p2b: Blastoise|Aura Sphere|p1b: Conkeldurr\n|-activate|p1b: Conkeldurr|move: Protect\n|move|p2a: Garchomp|Scale Shot|p1a: Scovillain\n|-activate|p1a: Scovillain|move: Protect\n|\n|-heal|p2a: Garchomp|46/100 brn|[from] item: Leftovers\n|-damage|p2b: Blastoise|0 fnt|[from] Leech Seed|[of] p1a: Scovillain\n|-heal|p1a: Scovillain|60/100|[silent]\n|faint|p2b: Blastoise\n|-damage|p2a: Garchomp|33/100 brn|[from] Leech Seed|[of] p1a: Scovillain\n|-heal|p1a: Scovillain|74/100|[silent]\n|-damage|p2a: Garchomp|28/100 brn|[from] brn\n|-damage|p1b: Conkeldurr|32/100 brn|[from] brn\n|upkeep\n|turn|7\n|\n|t:|1776442559\n|move|p2a: Garchomp|Scale Shot|p1b: Conkeldurr\n|-damage|p1b: Conkeldurr|26/100 brn\n|-damage|p1b: Conkeldurr|21/100 brn\n|-damage|p1b: Conkeldurr|16/100 brn\n|-damage|p1b: Conkeldurr|10/100 brn\n|-hitcount|p1b: Conkeldurr|4\n|-unboost|p2a: Garchomp|def|1\n|-boost|p2a: Garchomp|spe|1\n|move|p1a: Scovillain|Energy Ball|p2a: Garchomp\n|-damage|p2a: Garchomp|6/100 brn\n|move|p1b: Conkeldurr|Ice Punch|p2a: Garchomp\n|-supereffective|p2a: Garchomp|2\n|-damage|p2a: Garchomp|0 fnt\n|-damage|p1b: Conkeldurr|0 fnt|[from] ability: Rough Skin|[of] p2a: Garchomp\n|faint|p2a: Garchomp\n|faint|p1b: Conkeldurr\n|\n|win|Gexxers\n|raw|Gexxers's rating: 1088 &rarr; <strong>1114</strong><br />(+26 for winning)\n|raw|Cduke.VGC's rating: 1074 &rarr; <strong>1054</strong><br />(-20 for losing)\n",
  "uploadtime": 1776442574,
  "views": 22,
  "formatid": "gen9championsvgc2026regma",
  "rating": 1054,
  "private": 0,
  "password": null
}