{
  "id": "gen9championsvgc2026regma-2584106986",
  "format": "[Gen 9 Champions] VGC 2026 Reg M-A",
  "players": [
    "FlowerGirl2",
    "Vika_F44"
  ],
  "log": "|j|\u2606FlowerGirl2\n|j|\u2606Vika_F44\n|t:|1776225862\n|gametype|doubles\n|player|p1|FlowerGirl2|schoolkidf|1172\n|player|p2|Vika_F44|pokekid|1137\n|gen|9\n|tier|[Gen 9 Champions] VGC 2026 Reg M-A\n|rated|\n|rule|Species Clause: Limit one of each Pok\u00e9mon\n|rule|Item Clause: Limit 1 of each item\n|clearpoke\n|poke|p1|Delphox, L50, F|\n|poke|p1|Azumarill, L50, F|\n|poke|p1|Kommo-o, L50, F|\n|poke|p1|Sinistcha, L50|\n|poke|p1|Aegislash, L50, F|\n|poke|p1|Kangaskhan, L50, F|\n|poke|p2|Manectric, L50, M|\n|poke|p2|Milotic, L50, F|\n|poke|p2|Sinistcha, L50|\n|poke|p2|Gengar, L50, M|\n|poke|p2|Incineroar, L50, F|\n|poke|p2|Palafin, L50, M|\n|teampreview|4\nVika_F44 has agreed to open team sheets.\n|\n|t:|1776225899\n|teamsize|p1|4\n|teamsize|p2|4\n|start\n|switch|p1a: Azumarill|Azumarill, L50, F|100/100\n|switch|p1b: Kangaskhan|Kangaskhan, L50, F|100/100\n|switch|p2a: Manectric|Manectric, L50, M|100/100\n|switch|p2b: Milotic|Milotic, L50, F, shiny|100/100\n|turn|1\n|\n|t:|1776225915\n|detailschange|p1b: Kangaskhan|Kangaskhan-Mega, L50, F\n|-mega|p1b: Kangaskhan|Kangaskhan|Kangaskhanite\n|move|p2a: Manectric|Protect|p2a: Manectric\n|-singleturn|p2a: Manectric|Protect\n|move|p2b: Milotic|Protect|p2b: Milotic\n|-singleturn|p2b: Milotic|Protect\n|move|p1b: Kangaskhan|Fake Out|p2a: Manectric\n|-activate|p2a: Manectric|move: Protect\n|move|p1a: Azumarill|Belly Drum|p1a: Azumarill\n|-damage|p1a: Azumarill|50/100\n|-setboost|p1a: Azumarill|atk|6|[from] move: Belly Drum\n|-enditem|p1a: Azumarill|Sitrus Berry|[eat]\n|-heal|p1a: Azumarill|75/100|[from] item: Sitrus Berry\n|\n|upkeep\n|turn|2\n|\n|t:|1776225942\n|switch|p1b: Sinistcha|Sinistcha, L50|100/100\n|-heal|p1a: Azumarill|99/100|[from] ability: Hospitality|[of] p1b: Sinistcha\n|detailschange|p2a: Manectric|Manectric-Mega, L50, M\n|-mega|p2a: Manectric|Manectric|Manectite\n|-ability|p2a: Manectric|Intimidate|boost\n|-unboost|p1a: Azumarill|atk|1\n|-unboost|p1b: Sinistcha|atk|1\n|move|p1a: Azumarill|Aqua Jet|p2a: Manectric\n|-damage|p2a: Manectric|35/100\n|move|p2a: Manectric|Thunderbolt|p1a: Azumarill\n|-supereffective|p1a: Azumarill|1\n|-damage|p1a: Azumarill|0 fnt\n|faint|p1a: Azumarill\n|move|p2b: Milotic|Coil|p2b: Milotic\n|-boost|p2b: Milotic|atk|1\n|-boost|p2b: Milotic|def|1\n|-boost|p2b: Milotic|accuracy|1\n|\n|upkeep\n|\n|t:|1776225957\n|switch|p1a: Kangaskhan|Kangaskhan-Mega, L50, F|100/100\n|turn|3\n|\n|t:|1776225975\n|move|p2b: Milotic|Protect|p2b: Milotic\n|-singleturn|p2b: Milotic|Protect\n|move|p1a: Kangaskhan|Fake Out|p2b: Milotic\n|-activate|p2b: Milotic|move: Protect\n|move|p2a: Manectric|Volt Switch|p1a: Kangaskhan\n|-damage|p1a: Kangaskhan|64/100\n|\n|t:|1776225982\n|switch|p2a: Incineroar|Incineroar, L50, F|100/100|[from] Volt Switch\n|-ability|p2a: Incineroar|Intimidate|boost\n|-unboost|p1a: Kangaskhan|atk|1\n|-unboost|p1b: Sinistcha|atk|1\n|move|p1b: Sinistcha|Matcha Gotcha|p2b: Milotic|[spread] p2a\n|-activate|p2b: Milotic|move: Protect\n|-resisted|p2a: Incineroar|1\n|-damage|p2a: Incineroar|90/100\n|\n|upkeep\n|turn|4\n|\n|t:|1776226003\n|switch|p1a: Kommo-o|Kommo-o, L50, F|100/100\n|move|p2b: Milotic|Muddy Water|p1a: Kommo-o|[spread] p1a,p1b\n|-resisted|p1a: Kommo-o|1\n|-resisted|p1b: Sinistcha|1\n|-damage|p1a: Kommo-o|83/100\n|-damage|p1b: Sinistcha|83/100\n|-unboost|p1a: Kommo-o|accuracy|1\n|-unboost|p1b: Sinistcha|accuracy|1\n|move|p2a: Incineroar|Flare Blitz|p1b: Sinistcha\n|-supereffective|p1b: Sinistcha|1\n|-damage|p1b: Sinistcha|15/100\n|-damage|p2a: Incineroar|70/100|[from] Recoil\n|move|p1b: Sinistcha|Matcha Gotcha|p2b: Milotic|[spread] p2a\n|-miss|p1b: Sinistcha|p2b: Milotic\n|-resisted|p2a: Incineroar|1\n|-damage|p2a: Incineroar|58/100\n|-heal|p1b: Sinistcha|22/100|[from] drain|[of] p2a: Incineroar\n|\n|upkeep\n|turn|5\n|\n|t:|1776226052\n|switch|p2a: Sinistcha|Sinistcha, L50|100/100\n|move|p1b: Sinistcha|Rage Powder|p1b: Sinistcha\n|-singleturn|p1b: Sinistcha|move: Rage Powder\n|move|p1a: Kommo-o|Clangorous Soul|p1a: Kommo-o\n|-boost|p1a: Kommo-o|atk|1\n|-boost|p1a: Kommo-o|def|1\n|-boost|p1a: Kommo-o|spa|1\n|-boost|p1a: Kommo-o|spd|1\n|-boost|p1a: Kommo-o|spe|1\n|-damage|p1a: Kommo-o|50/100\n|move|p2b: Milotic|Ice Beam|p1b: Sinistcha\n|-supereffective|p1b: Sinistcha|1\n|-damage|p1b: Sinistcha|0 fnt\n|faint|p1b: Sinistcha\n|\n|upkeep\n|\n|t:|1776226064\n|switch|p1b: Kangaskhan|Kangaskhan-Mega, L50, F|64/100\n|turn|6\n|\n|t:|1776226073\n|move|p2b: Milotic|Protect|p2b: Milotic\n|-singleturn|p2b: Milotic|Protect\n|move|p1b: Kangaskhan|Fake Out|p2b: Milotic\n|-activate|p2b: Milotic|move: Protect\n|move|p1a: Kommo-o|Clanging Scales|p2a: Sinistcha|[spread] p2a\n|-activate|p2b: Milotic|move: Protect\n|-damage|p2a: Sinistcha|26/100\n|-unboost|p1a: Kommo-o|def|1\n|move|p2a: Sinistcha|Trick Room|p2a: Sinistcha\n|-fieldstart|move: Trick Room|[of] p2a: Sinistcha\n|\n|upkeep\n|turn|7\n|\n|t:|1776226092\n|switch|p2a: Incineroar|Incineroar, L50, F|58/100\n|-ability|p2a: Incineroar|Intimidate|boost\n|-unboost|p1a: Kommo-o|atk|1\n|-unboost|p1b: Kangaskhan|atk|1\n|move|p2b: Milotic|Ice Beam|p1a: Kommo-o\n|-supereffective|p1a: Kommo-o|1\n|-damage|p1a: Kommo-o|8/100\n|move|p1b: Kangaskhan|Double-Edge|p2b: Milotic\n|-damage|p2b: Milotic|75/100\n|-damage|p2b: Milotic|69/100\n|-hitcount|p2b: Milotic|2\n|-damage|p1b: Kangaskhan|53/100|[from] Recoil\n|move|p1a: Kommo-o|Clanging Scales|p2a: Incineroar|[spread] p2b\n|-miss|p1a: Kommo-o|p2a: Incineroar\n|-damage|p2b: Milotic|20/100\n|-unboost|p1a: Kommo-o|def|1\n|\n|-heal|p2b: Milotic|26/100|[from] item: Leftovers\n|upkeep\n|turn|8\n|\n|t:|1776226113\n|move|p1b: Kangaskhan|Protect|p1b: Kangaskhan\n|-singleturn|p1b: Kangaskhan|Protect\n|move|p1a: Kommo-o|Protect|p1a: Kommo-o\n|-singleturn|p1a: Kommo-o|Protect\n|move|p2a: Incineroar|Fake Out|p1a: Kommo-o\n|-activate|p1a: Kommo-o|move: Protect\n|move|p2b: Milotic|Muddy Water|p1a: Kommo-o|[spread] \n|-activate|p1a: Kommo-o|move: Protect\n|-activate|p1b: Kangaskhan|move: Protect\n|\n|-heal|p2b: Milotic|32/100|[from] item: Leftovers\n|upkeep\n|turn|9\n|\n|t:|1776226134\n|move|p1b: Kangaskhan|Sucker Punch|p2b: Milotic\n|-damage|p2b: Milotic|22/100\n|-damage|p2b: Milotic|19/100\n|-hitcount|p2b: Milotic|2\n|move|p2a: Incineroar|Flare Blitz|p1b: Kangaskhan\n|-damage|p1b: Kangaskhan|3/100\n|-damage|p2a: Incineroar|43/100|[from] Recoil\n|move|p2b: Milotic|Muddy Water|p1b: Kangaskhan|[spread] p1a,p1b\n|-resisted|p1a: Kommo-o|1\n|-damage|p1a: Kommo-o|0 fnt\n|-damage|p1b: Kangaskhan|0 fnt\n|faint|p1a: Kommo-o\n|faint|p1b: Kangaskhan\n|\n|win|Vika_F44\n|raw|FlowerGirl2's rating: 1172 &rarr; <strong>1144</strong><br />(-28 for losing)\n|raw|Vika_F44's rating: 1137 &rarr; <strong>1165</strong><br />(+28 for winning)\n|l|\u2606FlowerGirl2\n|player|p1|\n",
  "uploadtime": 1776226148,
  "views": 18,
  "formatid": "gen9championsvgc2026regma",
  "rating": 1144,
  "private": 0,
  "password": null
}