{
  "id": "gen9championsvgc2026regma-2582376939",
  "format": "[Gen 9 Champions] VGC 2026 Reg M-A",
  "players": [
    "Valloo MLA",
    "suibiandajiba"
  ],
  "log": "|j|\u2606Valloo MLA\n|j|\u2606suibiandajiba\n|t:|1776087551\n|gametype|doubles\n|player|p1|Valloo MLA|266|1441\n|player|p2|suibiandajiba|hilbert|1402\n|gen|9\n|tier|[Gen 9 Champions] VGC 2026 Reg M-A\n|rated|\n|rule|Species Clause: Limit one of each Pok\u00e9mon\n|rule|Item Clause: Limit 1 of each item\n|clearpoke\n|poke|p1|Charizard, L50, M|\n|poke|p1|Whimsicott, L50, M|\n|poke|p1|Sneasler, L50, M|\n|poke|p1|Garchomp, L50, M|\n|poke|p1|Venusaur, L50, F|\n|poke|p1|Farigiraf, L50, M|\n|poke|p2|Gardevoir, L50, F|\n|poke|p2|Incineroar, L50, F|\n|poke|p2|Rotom-Wash, L50|\n|poke|p2|Garchomp, L50, M|\n|poke|p2|Corviknight, L50, M|\n|poke|p2|Sinistcha, L50|\n|teampreview|4\n|\n|t:|1776087591\n|teamsize|p1|4\n|teamsize|p2|4\n|start\n|switch|p1a: Sneasler|Sneasler, L50, M, shiny|100/100\n|switch|p1b: Charizard|Charizard, L50, M, shiny|100/100\n|switch|p2a: Garchomp|Garchomp, L50, M|100/100\n|switch|p2b: Sinistcha|Sinistcha, L50|100/100\n|turn|1\n|inactive|Battle timer is ON: inactive players will automatically lose when time's up. (requested by suibiandajiba)\n|j| Junglebolt\n|\n|t:|1776087609\n|switch|p2b: Incineroar|Incineroar, L50, F|100/100\n|-ability|p2b: Incineroar|Intimidate|boost\n|-unboost|p1a: Sneasler|atk|1\n|-unboost|p1b: Charizard|atk|1\n|-enditem|p1a: Sneasler|White Herb\n|-clearnegativeboost|p1a: Sneasler|[silent]\n|detailschange|p1b: Charizard|Charizard-Mega-Y, L50, M, shiny\n|-mega|p1b: Charizard|Charizard|Charizardite Y\n|-weather|SunnyDay|[from] ability: Drought|[of] p1b: Charizard\n|move|p2a: Garchomp|Protect|p2a: Garchomp\n|-singleturn|p2a: Garchomp|Protect\n|move|p1a: Sneasler|Fake Out|p2a: Garchomp\n|-activate|p2a: Garchomp|move: Protect\n|move|p1b: Charizard|Heat Wave|p2a: Garchomp|[spread] p2b\n|-activate|p2a: Garchomp|move: Protect\n|-resisted|p2b: Incineroar|1\n|-damage|p2b: Incineroar|65/100\n|\n|-weather|SunnyDay|[upkeep]\n|upkeep\n|turn|2\n|l| Junglebolt\n|j| Junglebolt\n|l| Junglebolt\n|\n|t:|1776087627\n|switch|p1b: Farigiraf|Farigiraf, L50, M, shiny|100/100\n|switch|p2b: Sinistcha|Sinistcha, L50|100/100\n|move|p1a: Sneasler|Close Combat|p2b: Sinistcha\n|-immune|p2b: Sinistcha\n|move|p2a: Garchomp|Earthquake|p1a: Sneasler|[spread] p2b,p1a,p1b\n|-resisted|p2b: Sinistcha|1\n|-supereffective|p1a: Sneasler|1\n|-damage|p2b: Sinistcha|87/100\n|-damage|p1a: Sneasler|0 fnt\n|-damage|p1b: Farigiraf|63/100\n|faint|p1a: Sneasler\n|\n|-weather|SunnyDay|[upkeep]\n|upkeep\n|\n|t:|1776087635\n|switch|p1a: Venusaur|Venusaur, L50, F, shiny|100/100\n|turn|3\n|\n|t:|1776087649\n|move|p1b: Farigiraf|Helping Hand|p1a: Venusaur\n|-singleturn|p1a: Venusaur|Helping Hand|[of] p1b: Farigiraf\n|move|p1a: Venusaur|Giga Drain|p2a: Garchomp\n|-damage|p2a: Garchomp|36/100\n|move|p2a: Garchomp|Earthquake|p1a: Venusaur|[spread] p2b,p1a,p1b\n|-resisted|p2b: Sinistcha|1\n|-damage|p2b: Sinistcha|74/100\n|-damage|p1a: Venusaur|52/100\n|-damage|p1b: Farigiraf|26/100\n|-enditem|p1b: Farigiraf|Sitrus Berry|[eat]\n|-heal|p1b: Farigiraf|51/100|[from] item: Sitrus Berry\n|move|p2b: Sinistcha|Trick Room|p2b: Sinistcha\n|-fieldstart|move: Trick Room|[of] p2b: Sinistcha\n|\n|-weather|SunnyDay|[upkeep]\n|upkeep\n|turn|4\n|\n|t:|1776087662\n|switch|p2b: Forever Queen|Gardevoir, L50, F, shiny|100/100\n|-ability|p2b: Forever Queen|Chlorophyll|Trace|[from] ability: Trace|[of] p1a: Venusaur\n|move|p1a: Venusaur|Protect|p1a: Venusaur\n|-singleturn|p1a: Venusaur|Protect\n|move|p2a: Garchomp|Dragon Claw|p1a: Venusaur\n|-activate|p1a: Venusaur|move: Protect\n|move|p1b: Farigiraf|Trick Room|p1b: Farigiraf\n|-fieldend|move: Trick Room\n|\n|-weather|SunnyDay|[upkeep]\n|upkeep\n|turn|5\n|inactive|Valloo MLA has 30 seconds left.\n|inactive|suibiandajiba has 30 seconds left.\n|\n|t:|1776087693\n|move|p2b: Forever Queen|Protect|p2b: Forever Queen\n|-singleturn|p2b: Forever Queen|Protect\n|move|p2a: Garchomp|Protect|p2a: Garchomp\n|-singleturn|p2a: Garchomp|Protect\n|move|p1a: Venusaur|Giga Drain|p2a: Garchomp\n|-activate|p2a: Garchomp|move: Protect\n|move|p1b: Farigiraf|Psychic|p2a: Garchomp\n|-activate|p2a: Garchomp|move: Protect\n|\n|-weather|none\n|upkeep\n|turn|6\n|\n|t:|1776087709\n|switch|p1b: Charizard|Charizard-Mega-Y, L50, M, shiny|100/100\n|-weather|SunnyDay|[from] ability: Drought|[of] p1b: Charizard\n|detailschange|p2b: Forever Queen|Gardevoir-Mega, L50, F, shiny\n|-mega|p2b: Forever Queen|Gardevoir|Gardevoirite\n|move|p1a: Venusaur|Weather Ball|p2b: Forever Queen\n|-damage|p2b: Forever Queen|64/100\n|move|p2a: Garchomp|Rock Slide|p1a: Venusaur|[spread] p1a,p1b\n|-supereffective|p1b: Charizard|2\n|-damage|p1a: Venusaur|27/100\n|-damage|p1b: Charizard|14/100\n|move|p2b: Forever Queen|Calm Mind|p2b: Forever Queen\n|-boost|p2b: Forever Queen|spa|1\n|-boost|p2b: Forever Queen|spd|1\n|\n|-weather|SunnyDay|[upkeep]\n|upkeep\n|turn|7\n|inactive|suibiandajiba has 30 seconds left.\n|\n|t:|1776087735\n|switch|p2a: Sinistcha|Sinistcha, L50|74/100\n|-heal|p2b: Forever Queen|88/100|[from] ability: Hospitality|[of] p2a: Sinistcha\n|move|p1b: Charizard|Protect|p1b: Charizard\n|-singleturn|p1b: Charizard|Protect\n|move|p1a: Venusaur|Sleep Powder|p2b: Forever Queen\n|-status|p2b: Forever Queen|slp|[from] move: Sleep Powder\n|cant|p2b: Forever Queen|slp\n|\n|-weather|SunnyDay|[upkeep]\n|upkeep\n|turn|8\n|j| VyomLovesYukinon\n|\n|t:|1776087748\n|switch|p1a: Farigiraf|Farigiraf, L50, M, shiny|51/100\n|switch|p2a: Incineroar|Incineroar, L50, F|65/100\n|-ability|p2a: Incineroar|Intimidate|boost\n|-unboost|p1a: Farigiraf|atk|1\n|-unboost|p1b: Charizard|atk|1\n|move|p1b: Charizard|Heat Wave|p2a: Incineroar|[spread] p2a,p2b\n|-resisted|p2a: Incineroar|1\n|-damage|p2a: Incineroar|34/100\n|-damage|p2b: Forever Queen|51/100 slp\n|cant|p2b: Forever Queen|slp\n|\n|-weather|SunnyDay|[upkeep]\n|upkeep\n|turn|9\n|\n|t:|1776087762\n|move|p1b: Charizard|Air Slash|p2a: Incineroar\n|-damage|p2a: Incineroar|0 fnt\n|faint|p2a: Incineroar\n|-curestatus|p2b: Forever Queen|slp|[msg]\n|move|p2b: Forever Queen|Hyper Voice|p1a: Farigiraf|[spread] p1a,p1b\n|-resisted|p1b: Charizard|1\n|-damage|p1a: Farigiraf|0 fnt\n|-damage|p1b: Charizard|0 fnt\n|faint|p1a: Farigiraf\n|faint|p1b: Charizard\n|\n|-weather|SunnyDay|[upkeep]\n|upkeep\n|c|\u2606Valloo MLA|Gg\n|\n|t:|1776087773\n|switch|p1b: Venusaur|Venusaur, L50, F, shiny|27/100\n|switch|p2a: Sinistcha|Sinistcha, L50|74/100\n|-heal|p2b: Forever Queen|75/100|[from] ability: Hospitality|[of] p2a: Sinistcha\n|turn|10\n|-message|Valloo MLA forfeited.\n|\n|win|suibiandajiba\n|raw|Valloo MLA's rating: 1441 &rarr; <strong>1419</strong><br />(-22 for losing)\n|raw|suibiandajiba's rating: 1402 &rarr; <strong>1424</strong><br />(+22 for winning)\n",
  "uploadtime": 1776087784,
  "views": 42,
  "formatid": "gen9championsvgc2026regma",
  "rating": 1419,
  "private": 0,
  "password": null
}