{
  "id": "gen9championsvgc2026regma-2588028810",
  "format": "[Gen 9 Champions] VGC 2026 Reg M-A",
  "players": [
    "Lmar13",
    "Jousef9"
  ],
  "log": "|j|\u2606Lmar13\n|j|\u2606Jousef9\n|t:|1776595134\n|gametype|doubles\n|player|p1|Lmar13|265|1184\n|player|p2|Jousef9|265|1235\n|gen|9\n|tier|[Gen 9 Champions] VGC 2026 Reg M-A\n|rated|\n|rule|Species Clause: Limit one of each Pok\u00e9mon\n|rule|Item Clause: Limit 1 of each item\n|clearpoke\n|poke|p1|Kingambit, L50, F, shiny|\n|poke|p1|Sneasler, L50, M|\n|poke|p1|Pelipper, L50, F|\n|poke|p1|Archaludon, L50, M|\n|poke|p1|Dragonite, L50, F|\n|poke|p1|Meganium, L50, F|\n|poke|p2|Kommo-o, L50, F|\n|poke|p2|Basculegion, L50, M|\n|poke|p2|Incineroar, L50, F|\n|poke|p2|Scizor, L50, F|\n|poke|p2|Sneasler, L50, M|\n|poke|p2|Ninetales-Alola, L50, M|\n|teampreview|4\n|inactive|Battle timer is ON: inactive players will automatically lose when time's up. (requested by Jousef9)\n|inactive|Lmar13 also wants the timer to be on.\n|\n|t:|1776595159\n|teamsize|p1|4\n|teamsize|p2|4\n|start\n|switch|p1a: Sneasler|Sneasler, L50, M|100/100\n|switch|p1b: Kingambit|Kingambit, L50, F, shiny|100/100\n|switch|p2a: Scizor|Scizor, L50, F|100/100\n|switch|p2b: Sneasler|Sneasler, L50, M|100/100\n|turn|1\n|\n|t:|1776595177\n|detailschange|p2a: Scizor|Scizor-Mega, L50, F\n|-mega|p2a: Scizor|Scizor|Scizorite\n|move|p1a: Sneasler|Protect|p1a: Sneasler\n|-singleturn|p1a: Sneasler|Protect\n|move|p1b: Kingambit|Protect|p1b: Kingambit\n|-singleturn|p1b: Kingambit|Protect\n|move|p2b: Sneasler|Fake Out|p1a: Sneasler\n|-activate|p1a: Sneasler|move: Protect\n|move|p2a: Scizor|Swords Dance|p2a: Scizor\n|-boost|p2a: Scizor|atk|2\n|\n|upkeep\n|turn|2\n|\n|t:|1776595195\n|switch|p1b: Pelipper|Pelipper, L50, F|100/100\n|-weather|RainDance|[from] ability: Drizzle|[of] p1b: Pelipper\n|move|p2a: Scizor|Protect|p2a: Scizor\n|-singleturn|p2a: Scizor|Protect\n|move|p1a: Sneasler|Close Combat|p2a: Scizor\n|-activate|p2a: Scizor|move: Protect\n|move|p2b: Sneasler|Close Combat|p1b: Pelipper\n|-resisted|p1b: Pelipper|1\n|-damage|p1b: Pelipper|57/100\n|-unboost|p2b: Sneasler|def|1\n|-unboost|p2b: Sneasler|spd|1\n|-enditem|p2b: Sneasler|White Herb\n|-clearnegativeboost|p2b: Sneasler|[silent]\n|\n|-weather|RainDance|[upkeep]\n|upkeep\n|turn|3\n|inactive|Lmar13 has 30 seconds left.\n|inactive|Jousef9 has 30 seconds left.\n|\n|t:|1776595223\n|switch|p2b: Ninetales|Ninetales-Alola, L50, M|100/100\n|-weather|Snowscape|[from] ability: Snow Warning|[of] p2b: Ninetales\n|move|p2a: Scizor|Bullet Punch|p1a: Sneasler\n|-crit|p1a: Sneasler\n|-damage|p1a: Sneasler|0 fnt\n|faint|p1a: Sneasler\n|move|p1b: Pelipper|Tailwind|p1b: Pelipper\n|-sidestart|p1: Lmar13|move: Tailwind\n|\n|-weather|Snowscape|[upkeep]\n|upkeep\n|\n|t:|1776595232\n|switch|p1a: Kingambit|Kingambit, L50, F, shiny|100/100\n|turn|4\n|inactive|Lmar13 has 30 seconds left.\n|\n|t:|1776595258\n|move|p1b: Pelipper|Protect|p1b: Pelipper\n|-singleturn|p1b: Pelipper|Protect\n|move|p2a: Scizor|Bullet Punch|p1b: Pelipper\n|-activate|p1b: Pelipper|move: Protect\n|move|p2b: Ninetales|Freeze-Dry|p1b: Pelipper\n|-activate|p1b: Pelipper|move: Protect\n|move|p1a: Kingambit|Iron Head|p2b: Ninetales\n|-supereffective|p2b: Ninetales|2\n|-enditem|p2b: Ninetales|Focus Sash\n|-damage|p2b: Ninetales|1/100\n|\n|-weather|Snowscape|[upkeep]\n|upkeep\n|turn|5\n|inactive|Jousef9 has 30 seconds left.\n|\n|t:|1776595286\n|switch|p1b: Dragonite|Dragonite, L50, F|100/100\n|move|p2b: Ninetales|Protect|p2b: Ninetales\n|-singleturn|p2b: Ninetales|Protect\n|move|p2a: Scizor|Protect|p2a: Scizor\n|-singleturn|p2a: Scizor|Protect\n|move|p1a: Kingambit|Sucker Punch||[still]\n|-fail|p1a: Kingambit\n|\n|-weather|Snowscape|[upkeep]\n|upkeep\n|turn|6\n|inactive|Jousef9 has 30 seconds left.\n|\n|t:|1776595311\n|switch|p2b: Basculegion|Basculegion, L50, M|100/100\n|detailschange|p1b: Dragonite|Dragonite-Mega, L50, F\n|-mega|p1b: Dragonite|Dragonite|Dragoninite\n|move|p1b: Dragonite|Extreme Speed|p2b: Basculegion\n|-immune|p2b: Basculegion\n|move|p1a: Kingambit|Low Kick|p2a: Scizor\n|-damage|p2a: Scizor|74/100\n|move|p2a: Scizor|Swords Dance|p2a: Scizor\n|-boost|p2a: Scizor|atk|2\n|\n|-weather|Snowscape|[upkeep]\n|-sideend|p1: Lmar13|move: Tailwind\n|upkeep\n|turn|7\n|inactive|Lmar13 has 30 seconds left.\n|inactive|Jousef9 has 30 seconds left.\n|inactive|Lmar13 has 20 seconds left.\n|inactive|Lmar13 has 15 seconds left.\n|inactive|Jousef9 has 20 seconds left.\n|inactive|Jousef9 has 15 seconds left.\n|\n|t:|1776595357\n|move|p2a: Scizor|Bullet Punch|p1b: Dragonite\n|-damage|p1b: Dragonite|54/100\n|move|p1a: Kingambit|Sucker Punch|p2b: Basculegion\n|-supereffective|p2b: Basculegion|1\n|-damage|p2b: Basculegion|0 fnt\n|faint|p2b: Basculegion\n|move|p1b: Dragonite|Hurricane|p2a: Scizor\n|-damage|p2a: Scizor|14/100\n|\n|-weather|none\n|upkeep\n|\n|t:|1776595368\n|switch|p2b: Sneasler|Sneasler, L50, M|100/100\n|turn|8\n|\n|t:|1776595382\n|move|p1b: Dragonite|Protect|p1b: Dragonite\n|-singleturn|p1b: Dragonite|Protect\n|move|p2a: Scizor|Protect|p2a: Scizor\n|-singleturn|p2a: Scizor|Protect\n|move|p1a: Kingambit|Protect|p1a: Kingambit\n|-singleturn|p1a: Kingambit|Protect\n|move|p2b: Sneasler|Close Combat|p1a: Kingambit\n|-activate|p1a: Kingambit|move: Protect\n|\n|upkeep\n|turn|9\n|inactive|Jousef9 has 30 seconds left.\n|\n|t:|1776595411\n|move|p2a: Scizor|Bullet Punch|p1b: Dragonite\n|-damage|p1b: Dragonite|0 fnt\n|faint|p1b: Dragonite\n|move|p1a: Kingambit|Sucker Punch||[still]\n|-fail|p1a: Kingambit\n|move|p2b: Sneasler|Close Combat|p1a: Kingambit\n|-supereffective|p1a: Kingambit|2\n|-damage|p1a: Kingambit|0 fnt\n|-unboost|p2b: Sneasler|def|1\n|-unboost|p2b: Sneasler|spd|1\n|faint|p1a: Kingambit\n|\n|upkeep\n|\n|t:|1776595422\n|switch|p1b: Pelipper|Pelipper, L50, F|57/100\n|-weather|RainDance|[from] ability: Drizzle|[of] p1b: Pelipper\n|turn|10\n|-message|Lmar13 forfeited.\n|\n|win|Jousef9\n|raw|Lmar13's rating: 1184 &rarr; <strong>1163</strong><br />(-21 for losing)\n|raw|Jousef9's rating: 1235 &rarr; <strong>1256</strong><br />(+21 for winning)\n|l|\u2606Lmar13\n|player|p1|\n",
  "uploadtime": 1776595432,
  "views": 8,
  "formatid": "gen9championsvgc2026regma",
  "rating": 1163,
  "private": 0,
  "password": null
}