{
  "id": "gen9championsvgc2026regma-2588348190",
  "format": "[Gen 9 Champions] VGC 2026 Reg M-A",
  "players": [
    "BoysenOrange",
    "Luigi Magnezone"
  ],
  "log": "|j|\u2606BoysenOrange\n|j|\u2606Luigi Magnezone\n|t:|1776626106\n|gametype|doubles\n|player|p1|BoysenOrange|turo|1280\n|player|p2|Luigi Magnezone|giovanni|1298\n|gen|9\n|tier|[Gen 9 Champions] VGC 2026 Reg M-A\n|rated|\n|rule|Species Clause: Limit one of each Pok\u00e9mon\n|rule|Item Clause: Limit 1 of each item\n|clearpoke\n|poke|p1|Farigiraf, L50, F|\n|poke|p1|Gardevoir, L50, M|\n|poke|p1|Kangaskhan, L50, F|\n|poke|p1|Camerupt, L50, F|\n|poke|p1|Conkeldurr, L50, M|\n|poke|p1|Tinkaton, L50, F|\n|poke|p2|Farigiraf, L50, M|\n|poke|p2|Incineroar, L50, F|\n|poke|p2|Kingambit, L50, M|\n|poke|p2|Torkoal, L50, F|\n|poke|p2|Kangaskhan, L50, F|\n|poke|p2|Blastoise, L50, M|\n|teampreview|4\n|inactive|Battle timer is ON: inactive players will automatically lose when time's up. (requested by Luigi Magnezone)\n|inactive|Luigi Magnezone has 60 seconds left.\n|\n|t:|1776626150\n|teamsize|p1|4\n|teamsize|p2|4\n|start\n|switch|p1a: Gardevoir|Gardevoir, L50, M|100/100\n|switch|p1b: Tinkaton|Tinkaton, L50, F|100/100\n|switch|p2a: Farigobert|Farigiraf, L50, M|100/100\n|switch|p2b: Kang Malone|Kangaskhan, L50, F|100/100\n|-ability|p1b: Tinkaton|Mold Breaker\n|-ability|p1a: Gardevoir|Scrappy|Trace|[from] ability: Trace|[of] p2b: Kang Malone\n|turn|1\n|\n|t:|1776626172\n|detailschange|p2b: Kang Malone|Kangaskhan-Mega, L50, F\n|-mega|p2b: Kang Malone|Kangaskhan|Kangaskhanite\n|detailschange|p1a: Gardevoir|Gardevoir-Mega, L50, M\n|-mega|p1a: Gardevoir|Gardevoir|Gardevoirite\n|move|p2b: Kang Malone|Fake Out|p1b: Tinkaton\n|-resisted|p1b: Tinkaton|1\n|-crit|p1b: Tinkaton\n|-damage|p1b: Tinkaton|80/100\n|-resisted|p1b: Tinkaton|1\n|-damage|p1b: Tinkaton|77/100\n|-hitcount|p1b: Tinkaton|2\n|cant|p1b: Tinkaton|flinch\n|move|p1a: Gardevoir|Calm Mind|p1a: Gardevoir\n|-boost|p1a: Gardevoir|spa|1\n|-boost|p1a: Gardevoir|spd|1\n|move|p2a: Farigobert|Trick Room|p2a: Farigobert\n|-fieldstart|move: Trick Room|[of] p2a: Farigobert\n|\n|upkeep\n|turn|2\n|inactive|BoysenOrange has 30 seconds left.\n|inactive|Luigi Magnezone has 30 seconds left.\n|inactive|BoysenOrange has 20 seconds left.\n|\n|t:|1776626208\n|switch|p2a: King Embiid|Kingambit, L50, M|100/100\n|switch|p1b: Kangaskhan|Kangaskhan, L50, F|100/100\n|move|p2b: Kang Malone|Double-Edge|p1a: Gardevoir\n|-damage|p1a: Gardevoir|9/100\n|-damage|p1a: Gardevoir|0 fnt\n|faint|p1a: Gardevoir\n|-hitcount|p1: Gardevoir|2\n|-damage|p2b: Kang Malone|73/100|[from] Recoil\n|\n|upkeep\n|\n|t:|1776626219\n|switch|p1a: Conkeldurr|Conkeldurr, L50, M|100/100\n|turn|3\n|\n|t:|1776626237\n|switch|p2a: Farigobert|Farigiraf, L50, M|100/100\n|move|p1b: Kangaskhan|Fake Out||[still]\n|cant|p2a: Farigobert|ability: Armor Tail|Fake Out|[of] p1b: Kangaskhan\n|move|p1a: Conkeldurr|Close Combat|p2b: Kang Malone\n|-supereffective|p2b: Kang Malone|1\n|-damage|p2b: Kang Malone|0 fnt\n|-unboost|p1a: Conkeldurr|def|1\n|-unboost|p1a: Conkeldurr|spd|1\n|faint|p2b: Kang Malone\n|\n|upkeep\n|\n|t:|1776626255\n|switch|p2b: T=Fxd|Torkoal, L50, F|100/100\n|-weather|SunnyDay|[from] ability: Drought|[of] p2b: T=Fxd\n|turn|4\n|\n|t:|1776626271\n|move|p1a: Conkeldurr|Wide Guard|p1a: Conkeldurr\n|-singleturn|p1a: Conkeldurr|Wide Guard\n|move|p2b: T=Fxd|Eruption|p1b: Kangaskhan|[spread] \n|-activate|p1a: Conkeldurr|move: Wide Guard\n|-activate|p1b: Kangaskhan|move: Wide Guard\n|move|p2a: Farigobert|Hyper Voice|p1a: Conkeldurr|[spread] \n|-activate|p1a: Conkeldurr|move: Wide Guard\n|-activate|p1b: Kangaskhan|move: Wide Guard\n|move|p1b: Kangaskhan|Last Resort|p2b: T=Fxd\n|-damage|p2b: T=Fxd|40/100\n|\n|-weather|SunnyDay|[upkeep]\n|upkeep\n|turn|5\n|\n|t:|1776626289\n|switch|p1a: Tinkaton|Tinkaton, L50, F|77/100\n|-ability|p1a: Tinkaton|Mold Breaker\n|move|p2b: T=Fxd|Heat Wave|p1b: Kangaskhan|[spread] p1a,p1b\n|-supereffective|p1a: Tinkaton|1\n|-damage|p1a: Tinkaton|0 fnt\n|-damage|p1b: Kangaskhan|48/100\n|faint|p1a: Tinkaton\n|move|p2a: Farigobert|Psyshock|p1b: Kangaskhan\n|-damage|p1b: Kangaskhan|16/100\n|move|p1b: Kangaskhan|Last Resort|p2a: Farigobert\n|-crit|p2a: Farigobert\n|-damage|p2a: Farigobert|0 fnt\n|faint|p2a: Farigobert\n|\n|-weather|SunnyDay|[upkeep]\n|-fieldend|move: Trick Room\n|upkeep\n|\n|t:|1776626301\n|switch|p1a: Conkeldurr|Conkeldurr, L50, M|100/100\n|switch|p2a: King Embiid|Kingambit, L50, M|100/100\n|turn|6\n|\n|t:|1776626313\n|move|p2a: King Embiid|Sucker Punch|p1b: Kangaskhan\n|-damage|p1b: Kangaskhan|0 fnt\n|faint|p1b: Kangaskhan\n|move|p1a: Conkeldurr|Mach Punch|p2a: King Embiid\n|-supereffective|p2a: King Embiid|2\n|-enditem|p2a: King Embiid|Focus Sash\n|-damage|p2a: King Embiid|1/100\n|move|p2b: T=Fxd|Overheat|p1a: Conkeldurr\n|-damage|p1a: Conkeldurr|0 fnt\n|-unboost|p2b: T=Fxd|spa|2\n|faint|p1a: Conkeldurr\n|\n|win|Luigi Magnezone\n|raw|BoysenOrange's rating: 1280 &rarr; <strong>1256</strong><br />(-24 for losing)\n|raw|Luigi Magnezone's rating: 1298 &rarr; <strong>1322</strong><br />(+24 for winning)\n",
  "uploadtime": 1776626323,
  "views": 14,
  "formatid": "gen9championsvgc2026regma",
  "rating": 1256,
  "private": 0,
  "password": null
}