{
  "id": "gen9championsvgc2026regma-2584724546",
  "format": "[Gen 9 Champions] VGC 2026 Reg M-A",
  "players": [
    "potat0king",
    "Icebender"
  ],
  "log": "|j|\u2606potat0king\n|j|\u2606Icebender\n|t:|1776279235\n|gametype|doubles\n|player|p1|potat0king|tuber|1143\n|player|p2|Icebender|birdkeeper-gen4dp|1169\n|gen|9\n|tier|[Gen 9 Champions] VGC 2026 Reg M-A\n|rated|\n|rule|Species Clause: Limit one of each Pok\u00e9mon\n|rule|Item Clause: Limit 1 of each item\n|clearpoke\n|poke|p1|Pelipper, L50, F|\n|poke|p1|Sneasler, L50, F|\n|poke|p1|Dragonite, L50, M|\n|poke|p1|Meganium, L50, M|\n|poke|p1|Basculegion, L50, M|\n|poke|p1|Raichu, L50, M|\n|poke|p2|Sneasler, L50, M|\n|poke|p2|Milotic, L50, F|\n|poke|p2|Froslass, L50, F|\n|poke|p2|Incineroar, L50, M|\n|poke|p2|Aerodactyl, L50, M|\n|poke|p2|Meganium, L50, F|\n|teampreview|4\n|inactive|Battle timer is ON: inactive players will automatically lose when time's up. (requested by potat0king)\n|inactive|Icebender has 60 seconds left.\n|\n|t:|1776279275\n|teamsize|p1|4\n|teamsize|p2|4\n|start\n|switch|p1a: Pelipper|Pelipper, L50, F|100/100\n|switch|p1b: Basculegion|Basculegion, L50, M|100/100\n|switch|p2a: Aerodactyl|Aerodactyl, L50, M|100/100\n|switch|p2b: Froslass|Froslass, L50, F|100/100\n|-weather|RainDance|[from] ability: Drizzle|[of] p1a: Pelipper\n|turn|1\n|\n|t:|1776279292\n|move|p2b: Froslass|Protect|p2b: Froslass\n|-singleturn|p2b: Froslass|Protect\n|move|p2a: Aerodactyl|Tailwind|p2a: Aerodactyl\n|-sidestart|p2: Icebender|move: Tailwind\n|move|p1b: Basculegion|Wave Crash|p2a: Aerodactyl\n|-supereffective|p2a: Aerodactyl|1\n|-enditem|p2a: Aerodactyl|Focus Sash\n|-damage|p2a: Aerodactyl|1/100\n|-damage|p1b: Basculegion|75/100|[from] Recoil\n|move|p1a: Pelipper|Tailwind|p1a: Pelipper\n|-sidestart|p1: potat0king|move: Tailwind\n|\n|-weather|RainDance|[upkeep]\n|upkeep\n|turn|2\n|inactive|Icebender has 30 seconds left.\n|\n|t:|1776279318\n|switch|p1a: Sneasler|Sneasler, L50, F|100/100\n|detailschange|p2b: Froslass|Froslass-Mega, L50, F\n|-mega|p2b: Froslass|Froslass|Froslassite\n|-weather|Snowscape|[from] ability: Snow Warning|[of] p2b: Froslass\n|move|p1b: Basculegion|Aqua Jet|p2a: Aerodactyl\n|-supereffective|p2a: Aerodactyl|1\n|-damage|p2a: Aerodactyl|0 fnt\n|faint|p2a: Aerodactyl\n|move|p2b: Froslass|Shadow Ball|p1b: Basculegion\n|-supereffective|p1b: Basculegion|1\n|-damage|p1b: Basculegion|0 fnt\n|faint|p1b: Basculegion\n|\n|-weather|Snowscape|[upkeep]\n|upkeep\n|\n|t:|1776279333\n|switch|p2a: Milotic|Milotic, L50, F|100/100\n|switch|p1b: Pelipper|Pelipper, L50, F|100/100\n|-weather|RainDance|[from] ability: Drizzle|[of] p1b: Pelipper\n|turn|3\n|inactive|Icebender has 30 seconds left.\n|\n|t:|1776279360\n|switch|p1b: Meganium|Meganium, L50, M|100/100\n|move|p1a: Sneasler|Fake Out|p2a: Milotic\n|-damage|p2a: Milotic|87/100\n|move|p2b: Froslass|Shadow Ball|p1a: Sneasler\n|-damage|p1a: Sneasler|44/100\n|cant|p2a: Milotic|flinch\n|\n|-weather|RainDance|[upkeep]\n|-heal|p2a: Milotic|93/100|[from] item: Leftovers\n|upkeep\n|turn|4\n|inactive|Icebender has 30 seconds left.\n|\n|t:|1776279387\n|detailschange|p1b: Meganium|Meganium-Mega, L50, M\n|-mega|p1b: Meganium|Meganium|Meganiumite\n|move|p2b: Froslass|Blizzard|p1b: Meganium|[spread] \n|-miss|p2b: Froslass|p1a: Sneasler\n|-miss|p2b: Froslass|p1b: Meganium\n|move|p1a: Sneasler|Dire Claw|p2b: Froslass\n|-resisted|p2b: Froslass|1\n|-damage|p2b: Froslass|66/100\n|-status|p2b: Froslass|par\n|move|p1b: Meganium|Solar Beam||[still]\n|-prepare|p1b: Meganium|Solar Beam\n|-activate|p1b: Meganium|ability: Mega Sol\n|-anim|p1b: Meganium|Solar Beam|p2a: Milotic\n|-supereffective|p2a: Milotic|1\n|-damage|p2a: Milotic|0 fnt\n|faint|p2a: Milotic\n|\n|-weather|RainDance|[upkeep]\n|-sideend|p1: potat0king|move: Tailwind\n|-sideend|p2: Icebender|move: Tailwind\n|upkeep\n|\n|t:|1776279401\n|switch|p2a: Sneasler|Sneasler, L50, M|100/100\n|turn|5\n|\n|t:|1776279415\n|move|p1b: Meganium|Protect|p1b: Meganium\n|-singleturn|p1b: Meganium|Protect\n|move|p1a: Sneasler|Dire Claw|p2b: Froslass\n|-resisted|p2b: Froslass|1\n|-damage|p2b: Froslass|34/100 par\n|move|p2a: Sneasler|Dire Claw|p1b: Meganium\n|-activate|p1b: Meganium|move: Protect\n|cant|p2b: Froslass|par\n|\n|-weather|RainDance|[upkeep]\n|upkeep\n|turn|6\n|inactive|potat0king has 30 seconds left.\n|\n|t:|1776279445\n|switch|p1b: Pelipper|Pelipper, L50, F|100/100\n|move|p1a: Sneasler|Dire Claw|p2b: Froslass\n|-resisted|p2b: Froslass|1\n|-damage|p2b: Froslass|1/100 par\n|move|p2a: Sneasler|Dire Claw|p1b: Pelipper\n|-damage|p1b: Pelipper|54/100\n|move|p2b: Froslass|Shadow Ball|p1a: Sneasler\n|-damage|p1a: Sneasler|0 fnt\n|faint|p1a: Sneasler\n|\n|-weather|RainDance|[upkeep]\n|upkeep\n|\n|t:|1776279458\n|switch|p1a: Meganium|Meganium-Mega, L50, M|100/100\n|turn|7\n|\n|t:|1776279469\n|move|p1a: Meganium|Protect|p1a: Meganium\n|-singleturn|p1a: Meganium|Protect\n|move|p2a: Sneasler|Dire Claw|p1b: Pelipper\n|-damage|p1b: Pelipper|3/100\n|-enditem|p1b: Pelipper|Sitrus Berry|[eat]\n|-heal|p1b: Pelipper|27/100|[from] item: Sitrus Berry\n|move|p1b: Pelipper|Tailwind|p1b: Pelipper\n|-sidestart|p1: potat0king|move: Tailwind\n|move|p2b: Froslass|Blizzard|p1a: Meganium|[spread] \n|-activate|p1a: Meganium|move: Protect\n|-miss|p2b: Froslass|p1b: Pelipper\n|\n|-weather|none\n|upkeep\n|turn|8\n|inactive|potat0king has 30 seconds left.\n|\n|t:|1776279497\n|move|p1a: Meganium|Dazzling Gleam|p2a: Sneasler|[spread] p2a,p2b\n|-damage|p2a: Sneasler|53/100\n|-damage|p2b: Froslass|0 fnt\n|faint|p2b: Froslass\n|move|p1b: Pelipper|Hurricane|p2a: Sneasler\n|-supereffective|p2a: Sneasler|1\n|-damage|p2a: Sneasler|0 fnt\n|faint|p2a: Sneasler\n|\n|win|potat0king\n|raw|potat0king's rating: 1143 &rarr; <strong>1170</strong><br />(+27 for winning)\n|raw|Icebender's rating: 1169 &rarr; <strong>1142</strong><br />(-27 for losing)\n|c|\u2606Icebender|ah\n|c|\u2606Icebender|lo\n",
  "uploadtime": 1776279507,
  "views": 21,
  "formatid": "gen9championsvgc2026regma",
  "rating": 1142,
  "private": 0,
  "password": null
}