{
  "id": "gen9championsvgc2026regma-2581412964",
  "format": "[Gen 9 Champions] VGC 2026 Reg M-A",
  "players": [
    "mlbd1",
    "soulo333"
  ],
  "log": "|j|\u2606mlbd1\n|j|\u2606soulo333\n|t:|1775997850\n|gametype|doubles\n|player|p1|mlbd1|1|1313\n|player|p2|soulo333|2|1261\n|gen|9\n|tier|[Gen 9 Champions] VGC 2026 Reg M-A\n|rated|\n|rule|Species Clause: Limit one of each Pok\u00e9mon\n|rule|Item Clause: Limit 1 of each item\n|clearpoke\n|poke|p1|Tyranitar, L50, M|\n|poke|p1|Gardevoir, L50, F|\n|poke|p1|Gyarados, L50, F|\n|poke|p1|Excadrill, L50, F|\n|poke|p1|Sinistcha, L50|\n|poke|p1|Rotom-Heat, L50|\n|poke|p2|Charizard, L50, M|\n|poke|p2|Kingambit, L50, M|\n|poke|p2|Rotom-Wash, L50|\n|poke|p2|Sinistcha, L50|\n|poke|p2|Ninetales-Alola, L50, F|\n|poke|p2|Sneasler, L50, F|\n|teampreview|4\n|inactive|Battle timer is ON: inactive players will automatically lose when time's up. (requested by mlbd1)\n|\n|t:|1775997880\n|teamsize|p1|4\n|teamsize|p2|4\n|start\n|switch|p1a: Rotom|Rotom-Heat, L50|100/100\n|switch|p1b: Excadrill|Excadrill, L50, F|100/100\n|switch|p2a: Kingambit|Kingambit, L50, M|100/100\n|switch|p2b: Rotom|Rotom-Wash, L50|100/100\n|turn|1\n|\n|t:|1775997900\n|move|p2a: Kingambit|Protect|p2a: Kingambit\n|-singleturn|p2a: Kingambit|Protect\n|move|p1a: Rotom|Volt Switch|p2b: Rotom\n|-damage|p2b: Rotom|75/100\n|\n|t:|1775997902\n|switch|p1a: Gardevoir|Gardevoir, L50, F|100/100|[from] Volt Switch\n|move|p1b: Excadrill|Earthquake|p2a: Kingambit|[spread] \n|-activate|p2a: Kingambit|move: Protect\n|-activate|p1a: Gardevoir|ability: Telepathy\n|-immune|p2b: Rotom|[from] ability: Levitate\n|move|p2b: Rotom|Will-O-Wisp|p1b: Excadrill\n|-status|p1b: Excadrill|brn\n|\n|-damage|p1b: Excadrill|95/100 brn|[from] brn\n|upkeep\n|turn|2\n|\n|t:|1775997924\n|detailschange|p1a: Gardevoir|Gardevoir-Mega, L50, F\n|-mega|p1a: Gardevoir|Gardevoir|Gardevoirite\n|move|p1b: Excadrill|High Horsepower|p2a: Kingambit\n|-supereffective|p2a: Kingambit|1\n|-damage|p2a: Kingambit|61/100\n|move|p1a: Gardevoir|Hyper Voice|p2a: Kingambit|[spread] p2a,p2b\n|-damage|p2a: Kingambit|18/100\n|-damage|p2b: Rotom|37/100\n|-enditem|p2b: Rotom|Sitrus Berry|[eat]\n|-heal|p2b: Rotom|62/100|[from] item: Sitrus Berry\n|move|p2b: Rotom|Hydro Pump|p1b: Excadrill\n|-supereffective|p1b: Excadrill|1\n|-damage|p1b: Excadrill|0 fnt\n|faint|p1b: Excadrill\n|move|p2a: Kingambit|Iron Head|p1a: Gardevoir\n|-supereffective|p1a: Gardevoir|1\n|-damage|p1a: Gardevoir|4/100\n|\n|upkeep\n|\n|t:|1775997945\n|switch|p1b: Rotom|Rotom-Heat, L50|100/100\n|turn|3\n|inactive|mlbd1 has 30 seconds left.\n|\n|t:|1775997973\n|move|p2a: Kingambit|Protect|p2a: Kingambit\n|-singleturn|p2a: Kingambit|Protect\n|move|p1b: Rotom|Electroweb|p2b: Rotom|[spread] p2b\n|-activate|p2a: Kingambit|move: Protect\n|-damage|p2b: Rotom|48/100\n|-unboost|p2b: Rotom|spe|1\n|move|p1a: Gardevoir|Psyshock|p2b: Rotom\n|-damage|p2b: Rotom|0 fnt\n|faint|p2b: Rotom\n|\n|upkeep\n|\n|t:|1775997980\n|switch|p2b: Ninetales|Ninetales-Alola, L50, F|100/100\n|-weather|Snowscape|[from] ability: Snow Warning|[of] p2b: Ninetales\n|turn|4\n|\n|t:|1775997986\n|switch|p1a: Tyranitar|Tyranitar, L50, M|100/100\n|-weather|Sandstorm|[from] ability: Sand Stream|[of] p1a: Tyranitar\n|move|p2a: Kingambit|Sucker Punch|p1b: Rotom\n|-damage|p1b: Rotom|49/100\n|move|p1b: Rotom|Electroweb|p2a: Kingambit|[spread] p2a,p2b\n|-damage|p2a: Kingambit|1/100\n|-damage|p2b: Ninetales|78/100\n|-unboost|p2a: Kingambit|spe|1\n|-ability|p2a: Kingambit|Defiant|boost\n|-boost|p2a: Kingambit|atk|2\n|-unboost|p2b: Ninetales|spe|1\n|move|p2b: Ninetales|Icy Wind|p1b: Rotom|[spread] p1a,p1b\n|-crit|p1a: Tyranitar\n|-resisted|p1b: Rotom|1\n|-crit|p1b: Rotom\n|-damage|p1a: Tyranitar|85/100\n|-damage|p1b: Rotom|36/100\n|-unboost|p1a: Tyranitar|spe|1\n|-unboost|p1b: Rotom|spe|1\n|\n|-weather|Sandstorm|[upkeep]\n|-damage|p1b: Rotom|30/100|[from] Sandstorm\n|-damage|p2b: Ninetales|72/100|[from] Sandstorm\n|upkeep\n|turn|5\n|\n|t:|1775998001\n|switch|p1b: Gardevoir|Gardevoir-Mega, L50, F|4/100\n|move|p2a: Kingambit|Protect|p2a: Kingambit\n|-singleturn|p2a: Kingambit|Protect\n|move|p2b: Ninetales|Icy Wind|p1b: Gardevoir|[spread] p1a,p1b\n|-damage|p1a: Tyranitar|76/100\n|-damage|p1b: Gardevoir|0 fnt\n|-unboost|p1a: Tyranitar|spe|1\n|faint|p1b: Gardevoir\n|move|p1a: Tyranitar|Rock Slide|p2b: Ninetales|[spread] p2b\n|-activate|p2a: Kingambit|move: Protect\n|-supereffective|p2b: Ninetales|1\n|-damage|p2b: Ninetales|0 fnt\n|faint|p2b: Ninetales\n|\n|-weather|Sandstorm|[upkeep]\n|upkeep\n|\n|t:|1775998011\n|switch|p2b: Charizard|Charizard, L50, M|100/100\n|switch|p1b: Rotom|Rotom-Heat, L50|30/100\n|turn|6\n|\n|t:|1775998035\n|detailschange|p2b: Charizard|Charizard-Mega-X, L50, M\n|-mega|p2b: Charizard|Charizard|Charizardite X\n|move|p2a: Kingambit|Sucker Punch|p1b: Rotom\n|-damage|p1b: Rotom|0 fnt\n|faint|p1b: Rotom\n|move|p2b: Charizard|Dragon Dance|p2b: Charizard\n|-boost|p2b: Charizard|atk|1\n|-boost|p2b: Charizard|spe|1\n|move|p1a: Tyranitar|Dragon Dance|p1a: Tyranitar\n|-boost|p1a: Tyranitar|atk|1\n|-boost|p1a: Tyranitar|spe|1\n|\n|-weather|Sandstorm|[upkeep]\n|-damage|p2b: Charizard|95/100|[from] Sandstorm\n|upkeep\n|turn|7\n|\n|t:|1775998045\n|move|p2a: Kingambit|Sucker Punch|p1a: Tyranitar\n|-resisted|p1a: Tyranitar|1\n|-damage|p1a: Tyranitar|41/100\n|move|p2b: Charizard|Dragon Claw|p1a: Tyranitar\n|-damage|p1a: Tyranitar|0 fnt\n|faint|p1a: Tyranitar\n|\n|win|soulo333\n|raw|mlbd1's rating: 1313 &rarr; <strong>1290</strong><br />(-23 for losing)\n|raw|soulo333's rating: 1261 &rarr; <strong>1290</strong><br />(+29 for winning)\n",
  "uploadtime": 1775998046,
  "views": 29,
  "formatid": "gen9championsvgc2026regma",
  "rating": 1290,
  "private": 0,
  "password": null
}