{
  "id": "gen9championsvgc2026regma-2581276459",
  "format": "[Gen 9 Champions] VGC 2026 Reg M-A",
  "players": [
    "nickolas332",
    "JadenJubel"
  ],
  "log": "|j|\u2606nickolas332\n|j|\u2606JadenJubel\n|t:|1775980083\n|gametype|doubles\n|player|p1|nickolas332|2|1010\n|player|p2|JadenJubel|emmet|1034\n|gen|9\n|tier|[Gen 9 Champions] VGC 2026 Reg M-A\n|rated|\n|rule|Species Clause: Limit one of each Pok\u00e9mon\n|rule|Item Clause: Limit 1 of each item\n|clearpoke\n|poke|p1|Palafin, L50, F|\n|poke|p1|Sinistcha, L50|\n|poke|p1|Dragonite, L50, F|\n|poke|p1|Sneasler, L50, F|\n|poke|p1|Pelipper, L50, M|\n|poke|p1|Archaludon, L50, F|\n|poke|p2|Tyranitar, L50, M|\n|poke|p2|Garchomp, L50, M|\n|poke|p2|Armarouge, L50, F|\n|poke|p2|Sinistcha, L50|\n|poke|p2|Rotom-Wash, L50|\n|poke|p2|Incineroar, L50, M|\n|teampreview|4\n|\n|t:|1775980132\n|teamsize|p1|4\n|teamsize|p2|4\n|start\n|switch|p1a: Sneasler|Sneasler, L50, F|100/100\n|switch|p1b: Palafin|Palafin, L50, F|100/100\n|switch|p2a: Tyranitar|Tyranitar, L50, M|100/100\n|switch|p2b: Garchomp|Garchomp, L50, M|100/100\n|-weather|Sandstorm|[from] ability: Sand Stream|[of] p2a: Tyranitar\n|turn|1\n|\n|t:|1775980150\n|switch|p2a: Rotom|Rotom-Wash, L50|100/100\n|move|p1a: Sneasler|Fake Out|p2b: Garchomp\n|-damage|p2b: Garchomp|87/100\n|move|p1b: Palafin|Flip Turn|p2a: Rotom\n|-resisted|p2a: Rotom|1\n|-crit|p2a: Rotom\n|-damage|p2a: Rotom|75/100\n|\n|t:|1775980161\n|detailschange|p1b: Palafin|Palafin-Hero, L50, F\n|switch|p1b: Pelipper|Pelipper, L50, M|100/100|[from] Flip Turn\n|-weather|RainDance|[from] ability: Drizzle|[of] p1b: Pelipper\n|cant|p2b: Garchomp|flinch\n|\n|-weather|RainDance|[upkeep]\n|-heal|p2a: Rotom|80/100|[from] item: Leftovers\n|upkeep\n|turn|2\n|\n|t:|1775980179\n|move|p1a: Sneasler|Dire Claw|p2b: Garchomp\n|-resisted|p2b: Garchomp|1\n|-damage|p2b: Garchomp|66/100\n|move|p2b: Garchomp|Earthquake|p1a: Sneasler|[spread] p1a\n|-immune|p2a: Rotom|[from] ability: Levitate\n|-immune|p1b: Pelipper\n|-supereffective|p1a: Sneasler|1\n|-enditem|p1a: Sneasler|Focus Sash\n|-damage|p1a: Sneasler|1/100\n|move|p2a: Rotom|Thunderbolt|p1b: Pelipper\n|-supereffective|p1b: Pelipper|2\n|-damage|p1b: Pelipper|0 fnt\n|faint|p1b: Pelipper\n|\n|-weather|RainDance|[upkeep]\n|-heal|p2a: Rotom|86/100|[from] item: Leftovers\n|upkeep\n|\n|t:|1775980199\n|switch|p1b: Dragonite|Dragonite, L50, F|100/100\n|turn|3\n|\n|t:|1775980224\n|detailschange|p1b: Dragonite|Dragonite-Mega, L50, F\n|-mega|p1b: Dragonite|Dragonite|Dragoninite\n|move|p1a: Sneasler|Close Combat|p2b: Garchomp\n|-damage|p2b: Garchomp|3/100\n|-unboost|p1a: Sneasler|def|1\n|-unboost|p1a: Sneasler|spd|1\n|move|p2b: Garchomp|Dragon Claw|p1a: Sneasler\n|-damage|p1a: Sneasler|0 fnt\n|faint|p1a: Sneasler\n|move|p1b: Dragonite|Thunder|p2a: Rotom\n|-damage|p2a: Rotom|34/100\n|move|p2a: Rotom|Thunderbolt|p1b: Dragonite\n|-damage|p1b: Dragonite|83/100\n|\n|-weather|RainDance|[upkeep]\n|-heal|p2a: Rotom|39/100|[from] item: Leftovers\n|upkeep\n|\n|t:|1775980243\n|switch|p1a: Palafin|Palafin-Hero, L50, F|100/100\n|-activate|p1a: Palafin|ability: Zero to Hero\n|turn|4\n|\n|t:|1775980264\n|switch|p2b: Sinistcha|Sinistcha, L50, shiny|100/100\n|-heal|p2a: Rotom|63/100|[from] ability: Hospitality|[of] p2b: Sinistcha\n|move|p2a: Rotom|Protect|p2a: Rotom\n|-singleturn|p2a: Rotom|Protect\n|move|p1a: Palafin|Jet Punch|p2b: Sinistcha\n|-resisted|p2b: Sinistcha|1\n|-damage|p2b: Sinistcha|71/100\n|move|p1b: Dragonite|Hurricane|p2a: Rotom\n|-activate|p2a: Rotom|move: Protect\n|\n|-weather|RainDance|[upkeep]\n|-heal|p2a: Rotom|69/100|[from] item: Leftovers\n|upkeep\n|turn|5\n|\n|t:|1775980289\n|move|p1a: Palafin|Close Combat|p2a: Rotom\n|-crit|p2a: Rotom\n|-damage|p2a: Rotom|0 fnt\n|-unboost|p1a: Palafin|def|1\n|-unboost|p1a: Palafin|spd|1\n|faint|p2a: Rotom\n|move|p1b: Dragonite|Hurricane|p2b: Sinistcha\n|-supereffective|p2b: Sinistcha|1\n|-damage|p2b: Sinistcha|0 fnt\n|faint|p2b: Sinistcha\n|\n|-weather|none\n|upkeep\n|\n|t:|1775980302\n|switch|p2a: Tyranitar|Tyranitar, L50, M|100/100\n|switch|p2b: Garchomp|Garchomp, L50, M|3/100\n|-weather|Sandstorm|[from] ability: Sand Stream|[of] p2a: Tyranitar\n|turn|6\n|\n|t:|1775980318\n|detailschange|p2a: Tyranitar|Tyranitar-Mega, L50, M\n|-mega|p2a: Tyranitar|Tyranitar|Tyranitarite\n|move|p2b: Garchomp|Protect|p2b: Garchomp\n|-singleturn|p2b: Garchomp|Protect\n|move|p1a: Palafin|Jet Punch|p2b: Garchomp\n|-activate|p2b: Garchomp|move: Protect\n|move|p1b: Dragonite|Draco Meteor|p2a: Tyranitar\n|-damage|p2a: Tyranitar|62/100\n|-unboost|p1b: Dragonite|spa|2\n|move|p2a: Tyranitar|Stone Edge|p1b: Dragonite\n|-supereffective|p1b: Dragonite|1\n|-crit|p1b: Dragonite\n|-damage|p1b: Dragonite|0 fnt\n|faint|p1b: Dragonite\n|\n|-weather|Sandstorm|[upkeep]\n|-damage|p1a: Palafin|94/100|[from] Sandstorm\n|upkeep\n|turn|7\n|\n|t:|1775980371\n|move|p1a: Palafin|Jet Punch|p2b: Garchomp\n|-crit|p2b: Garchomp\n|-damage|p2b: Garchomp|0 fnt\n|faint|p2b: Garchomp\n|move|p2a: Tyranitar|Stone Edge|p1a: Palafin\n|-damage|p1a: Palafin|0 fnt\n|faint|p1a: Palafin\n|\n|win|JadenJubel\n|raw|nickolas332's rating: 1010 &rarr; <strong>1000</strong><br />(-10 for losing)\n|raw|JadenJubel's rating: 1034 &rarr; <strong>1066</strong><br />(+32 for winning)\n|l|\u2606nickolas332\n|player|p1|\n",
  "uploadtime": 1775980388,
  "views": 11,
  "formatid": "gen9championsvgc2026regma",
  "rating": 1000,
  "private": 0,
  "password": null
}