{
  "id": "gen9championsvgc2026regma-2582262476",
  "format": "[Gen 9 Champions] VGC 2026 Reg M-A",
  "players": [
    "Szivento",
    "Korvinii<3"
  ],
  "log": "|j|\u2606Szivento\n|j|\u2606Korvinii<3\n|t:|1776077446\n|gametype|doubles\n|player|p1|Szivento|169|1078\n|player|p2|Korvinii<3|n|1138\n|gen|9\n|tier|[Gen 9 Champions] VGC 2026 Reg M-A\n|rated|\n|rule|Species Clause: Limit one of each Pok\u00e9mon\n|rule|Item Clause: Limit 1 of each item\n|clearpoke\n|poke|p1|Charizard, L50, M|\n|poke|p1|Whimsicott, L50, M|\n|poke|p1|Maushold, L50|\n|poke|p1|Rotom-Wash, L50|\n|poke|p1|Garchomp, L50, F|\n|poke|p2|Altaria, L50, M|\n|poke|p2|Incineroar, L50, F|\n|poke|p2|Kingambit, L50, M|\n|poke|p2|Rotom-Wash, L50|\n|poke|p2|Serperior, L50, F|\n|poke|p2|Kangaskhan, L50, F|\n|teampreview|4\n|\n|t:|1776077468\n|teamsize|p1|4\n|teamsize|p2|4\n|start\n|switch|p1a: Charizard|Charizard, L50, M|100/100\n|switch|p1b: Garchomp|Garchomp, L50, F|100/100\n|switch|p2a: Rotom|Rotom-Wash, L50|100/100\n|switch|p2b: Kangaskhan|Kangaskhan, L50, F|100/100\n|turn|1\n|\n|t:|1776077493\n|detailschange|p2b: Kangaskhan|Kangaskhan-Mega, L50, F\n|-mega|p2b: Kangaskhan|Kangaskhan|Kangaskhanite\n|detailschange|p1a: Charizard|Charizard-Mega-Y, L50, M\n|-mega|p1a: Charizard|Charizard|Charizardite Y\n|-weather|SunnyDay|[from] ability: Drought|[of] p1a: Charizard\n|move|p2b: Kangaskhan|Fake Out|p1b: Garchomp\n|-damage|p1b: Garchomp|78/100\n|-crit|p1b: Garchomp\n|-damage|p1b: Garchomp|71/100\n|-hitcount|p1b: Garchomp|2\n|move|p2a: Rotom|Hydro Pump|p1a: Charizard|[miss]\n|-miss|p2a: Rotom|p1a: Charizard\n|cant|p1b: Garchomp|flinch\n|move|p1a: Charizard|Solar Beam||[still]\n|-prepare|p1a: Charizard|Solar Beam\n|-anim|p1a: Charizard|Solar Beam|p2a: Rotom\n|-supereffective|p2a: Rotom|1\n|-damage|p2a: Rotom|0 fnt\n|faint|p2a: Rotom\n|\n|-weather|SunnyDay|[upkeep]\n|upkeep\n|\n|t:|1776077503\n|switch|p2a: Altaria|Altaria, L50, M, shiny|100/100\n|-ability|p2a: Altaria|Cloud Nine\n|turn|2\n|\n|t:|1776077515\n|move|p2b: Kangaskhan|Body Slam|p1a: Charizard\n|-damage|p1a: Charizard|39/100\n|-status|p1a: Charizard|par\n|-crit|p1a: Charizard\n|-damage|p1a: Charizard|16/100 par\n|-hitcount|p1a: Charizard|2\n|move|p1b: Garchomp|Dragon Claw|p2a: Altaria\n|-supereffective|p2a: Altaria|1\n|-enditem|p2a: Altaria|Haban Berry|[eat]\n|-enditem|p2a: Altaria|Haban Berry|[weaken]\n|-damage|p2a: Altaria|53/100\n|move|p2a: Altaria|Tailwind|p2a: Altaria\n|-sidestart|p2: Korvinii<3|move: Tailwind\n|cant|p1a: Charizard|par\n|\n|-weather|SunnyDay|[upkeep]\n|upkeep\n|turn|3\n|\n|t:|1776077539\n|move|p2a: Altaria|Protect|p2a: Altaria\n|-singleturn|p2a: Altaria|Protect\n|move|p2b: Kangaskhan|Body Slam|p1a: Charizard\n|-damage|p1a: Charizard|0 fnt\n|faint|p1a: Charizard\n|-hitcount|p1: Charizard|1\n|move|p1b: Garchomp|Dragon Claw|p2a: Altaria\n|-activate|p2a: Altaria|move: Protect\n|\n|-weather|SunnyDay|[upkeep]\n|upkeep\n|\n|t:|1776077549\n|switch|p1a: Rotom|Rotom-Wash, L50|100/100\n|turn|4\n|\n|t:|1776077560\n|switch|p2a: Serperior|Serperior, L50, F|100/100\n|move|p2b: Kangaskhan|Body Slam|p1a: Rotom\n|-damage|p1a: Rotom|47/100\n|-crit|p1a: Rotom\n|-damage|p1a: Rotom|27/100\n|-hitcount|p1a: Rotom|2\n|move|p1b: Garchomp|Iron Head|p2b: Kangaskhan\n|-damage|p2b: Kangaskhan|70/100\n|move|p1a: Rotom|Thunder|p2a: Serperior\n|-resisted|p2a: Serperior|1\n|-damage|p2a: Serperior|66/100\n|\n|-weather|SunnyDay|[upkeep]\n|-heal|p2a: Serperior|72/100|[from] item: Leftovers\n|upkeep\n|turn|5\n|\n|t:|1776077580\n|move|p1a: Rotom|Helping Hand|p1b: Garchomp\n|-singleturn|p1b: Garchomp|Helping Hand|[of] p1a: Rotom\n|move|p2a: Serperior|Leaf Storm|p1a: Rotom\n|-supereffective|p1a: Rotom|1\n|-damage|p1a: Rotom|0 fnt\n|-boost|p2a: Serperior|spa|2\n|faint|p1a: Rotom\n|move|p2b: Kangaskhan|Body Slam|p1b: Garchomp\n|-damage|p1b: Garchomp|23/100\n|-status|p1b: Garchomp|par\n|-damage|p1b: Garchomp|12/100 par\n|-hitcount|p1b: Garchomp|2\n|move|p1b: Garchomp|Earthquake|p2b: Kangaskhan|[spread] p2a,p2b\n|-resisted|p2a: Serperior|1\n|-damage|p2a: Serperior|35/100\n|-damage|p2b: Kangaskhan|5/100\n|\n|-weather|none\n|-heal|p2a: Serperior|41/100|[from] item: Leftovers\n|-sideend|p2: Korvinii<3|move: Tailwind\n|upkeep\n|\n|t:|1776077600\n|switch|p1a: Whimsicott|Whimsicott, L50, M|100/100\n|turn|6\n|\n|t:|1776077611\n|move|p1b: Garchomp|Protect|p1b: Garchomp\n|-singleturn|p1b: Garchomp|Protect\n|move|p2a: Serperior|Leaf Storm|p1b: Garchomp\n|-activate|p1b: Garchomp|move: Protect\n|move|p1a: Whimsicott|Hurricane|p2a: Serperior\n|-supereffective|p2a: Serperior|1\n|-damage|p2a: Serperior|0 fnt\n|faint|p2a: Serperior\n|move|p2b: Kangaskhan|Body Slam|p1a: Whimsicott\n|-damage|p1a: Whimsicott|34/100\n|-damage|p1a: Whimsicott|20/100\n|-hitcount|p1a: Whimsicott|2\n|\n|-heal|p1a: Whimsicott|26/100|[from] item: Leftovers\n|upkeep\n|\n|t:|1776077622\n|switch|p2a: Altaria|Altaria, L50, M, shiny|53/100\n|-ability|p2a: Altaria|Cloud Nine\n|turn|7\n|\n|t:|1776077632\n|move|p1a: Whimsicott|Moonblast|p2a: Altaria\n|-supereffective|p2a: Altaria|1\n|-damage|p2a: Altaria|0 fnt\n|faint|p2a: Altaria\n|move|p2b: Kangaskhan|Body Slam|p1b: Garchomp\n|-damage|p1b: Garchomp|0 fnt\n|faint|p1b: Garchomp\n|-hitcount|p1: Garchomp|1\n|\n|-heal|p1a: Whimsicott|32/100|[from] item: Leftovers\n|upkeep\n|turn|8\n|c|\u2606Korvinii<3|gg\n|\n|t:|1776077644\n|move|p1a: Whimsicott|Moonblast|p2b: Kangaskhan\n|-damage|p2b: Kangaskhan|0 fnt\n|faint|p2b: Kangaskhan\n|\n|win|Szivento\n|raw|Szivento's rating: 1078 &rarr; <strong>1111</strong><br />(+33 for winning)\n|raw|Korvinii&lt;3's rating: 1138 &rarr; <strong>1109</strong><br />(-29 for losing)\n|l|\u2606Korvinii<3\n|player|p2|\n|l|\u2606Szivento\n|player|p1|\n|j|\u2606Szivento\n|player|p1|Szivento|169|\n",
  "uploadtime": 1776077752,
  "views": 11,
  "formatid": "gen9championsvgc2026regma",
  "rating": 1109,
  "private": 0,
  "password": null
}