{
  "id": "gen9championsvgc2026regma-2586507544",
  "format": "[Gen 9 Champions] VGC 2026 Reg M-A",
  "players": [
    "AthenaStrive9",
    "cald3"
  ],
  "log": "|j|\u2606AthenaStrive9\n|j|\u2606cald3\n|t:|1776439438\n|gametype|doubles\n|player|p1|AthenaStrive9|nancy|\n|player|p2|cald3|cynthia|\n|gen|9\n|tier|[Gen 9 Champions] VGC 2026 Reg M-A\n|rated|Tournament battle\n|rule|Species Clause: Limit one of each Pok\u00e9mon\n|rule|Item Clause: Limit 1 of each item\n|clearpoke\n|poke|p1|Floette-Eternal, L50, F|\n|poke|p1|Sneasler, L50, M|\n|poke|p1|Corviknight, L50, F|\n|poke|p1|Sinistcha-Masterpiece, L50|\n|poke|p1|Kommo-o, L50, F|\n|poke|p1|Incineroar, L50, F|\n|poke|p2|Charizard, L50, M|\n|poke|p2|Whimsicott, L50, M|\n|poke|p2|Venusaur, L50, F|\n|poke|p2|Clefable, L50, F|\n|poke|p2|Scizor, L50, F|\n|poke|p2|Incineroar, L50, M|\n|teampreview|4\nAthenaStrive9 has agreed to open team sheets.\n|j| privatepurelove\ncald3 has agreed to open team sheets.\n|showteam|p1|Floette-Eternal||Floettite|FlowerVeil|Protect,Moonblast,DazzlingGleam,CalmMind|||F|||50|]Sneasler||FocusSash|Unburden|DireClaw,CloseCombat,FakeOut,Coaching|||M|||50|]Corviknight||Leftovers|MirrorArmor|Roost,IronHead,BodyPress,BulkUp|||F|||50|]Sinistcha-Masterpiece||SitrusBerry|Hospitality|RagePowder,MatchaGotcha,LifeDew,TrickRoom||||||50|]Kommo-o||CobaBerry|Overcoat|Protect,ClangingScales,AuraSphere,ClangorousSoul|||F|||50|]Incineroar||LumBerry|Intimidate|ThroatChop,FlareBlitz,FakeOut,PartingShot|||F|||50|\n|showteam|p2|Charizard||CharizarditeY|SolarPower|HeatWave,ScorchingSands,SolarBeam,Protect|||M|||50|]Whimsicott||FocusSash|Prankster|SunnyDay,Tailwind,Moonblast,Encore|||M|||50|]Venusaur||Leftovers|Chlorophyll|SolarBeam,EnergyBall,SludgeBomb,Synthesis|||F|||50|]Clefable||SitrusBerry|MagicGuard|DazzlingGleam,LightScreen,Reflect,FollowMe|||F|||50|]Scizor||QuickClaw|Technician|BulletPunch,BugBite,KnockOff,Uturn|||F|||50|]Incineroar||LumBerry|Intimidate|FakeOut,PartingShot,FlareBlitz,DarkestLariat|||M|||50|\n|\n|t:|1776439501\n|teamsize|p1|4\n|teamsize|p2|4\n|start\n|switch|p1a: Incineroar|Incineroar, L50, F, shiny|100/100\n|switch|p1b: Sinistcha|Sinistcha-Masterpiece, L50, shiny|100/100\n|switch|p2a: Whimsicott|Whimsicott, L50, M, shiny|100/100\n|switch|p2b: Charizard|Charizard, L50, M|100/100\n|-ability|p1a: Incineroar|Intimidate|boost\n|-unboost|p2a: Whimsicott|atk|1\n|-unboost|p2b: Charizard|atk|1\n|turn|1\n|l| privatepurelove\n|j| ghostistheman\n|\n|t:|1776439538\n|detailschange|p2b: Charizard|Charizard-Mega-Y, L50, M\n|-mega|p2b: Charizard|Charizard|Charizardite Y\n|-weather|SunnyDay|[from] ability: Drought|[of] p2b: Charizard\n|move|p1a: Incineroar|Fake Out|p2b: Charizard\n|-damage|p2b: Charizard|86/100\n|move|p2a: Whimsicott|Encore||[still]\n|-fail|p2a: Whimsicott\n|cant|p2b: Charizard|flinch\n|move|p1b: Sinistcha|Trick Room|p1b: Sinistcha\n|-fieldstart|move: Trick Room|[of] p1b: Sinistcha\n|\n|-weather|SunnyDay|[upkeep]\n|upkeep\n|turn|2\n|c|\u2606cald3|oh\n|c|\u2606cald3|well, that sucks\n|\n|t:|1776439571\n|switch|p1b: Kommo-o|Kommo-o, L50, F|100/100\n|move|p1a: Incineroar|Flare Blitz|p2a: Whimsicott\n|-supereffective|p2a: Whimsicott|1\n|-enditem|p2a: Whimsicott|Focus Sash\n|-damage|p2a: Whimsicott|1/100\n|-damage|p1a: Incineroar|74/100|[from] Recoil\n|move|p2a: Whimsicott|Moonblast|p1a: Incineroar\n|-damage|p1a: Incineroar|47/100\n|move|p2b: Charizard|Heat Wave|p1b: Kommo-o|[spread] p1a,p1b\n|-resisted|p1a: Incineroar|1\n|-resisted|p1b: Kommo-o|1\n|-damage|p1a: Incineroar|18/100\n|-damage|p1b: Kommo-o|71/100\n|\n|-weather|SunnyDay|[upkeep]\n|upkeep\n|turn|3\n|\n|t:|1776439584\n|move|p1b: Kommo-o|Clanging Scales|p2a: Whimsicott|[spread] p2b\n|-immune|p2a: Whimsicott\n|-damage|p2b: Charizard|51/100\n|-unboost|p1b: Kommo-o|def|1\n|move|p1a: Incineroar|Flare Blitz|p2a: Whimsicott\n|-supereffective|p2a: Whimsicott|1\n|-damage|p2a: Whimsicott|0 fnt\n|faint|p2a: Whimsicott\n|-damage|p1a: Incineroar|17/100|[from] Recoil\n|move|p2b: Charizard|Heat Wave|p1b: Kommo-o|[spread] p1a,p1b\n|-resisted|p1a: Incineroar|1\n|-resisted|p1b: Kommo-o|1\n|-damage|p1a: Incineroar|0 fnt\n|-damage|p1b: Kommo-o|44/100\n|faint|p1a: Incineroar\n|\n|-weather|SunnyDay|[upkeep]\n|upkeep\n|\n|t:|1776439601\n|switch|p1a: Floette|Floette-Eternal, L50, F|100/100\n|switch|p2a: Incineroar|Incineroar, L50, M, shiny|100/100\n|-ability|p2a: Incineroar|Intimidate|boost\n|-unboost|p1a: Floette|atk|1\n|-unboost|p1b: Kommo-o|atk|1\n|turn|4\n|j| big boss dozo\n|c|\u2606AthenaStrive9|Kommo-o is so weak without any multipliers\n|c|\u2606cald3|still pretty bulky and has good typing\n|c|\u2606AthenaStrive9|bring back my throat spray\n|j| bulgariareal\n|\n|t:|1776439656\n|detailschange|p1a: Floette|Floette-Mega, L50, F\n|-mega|p1a: Floette|Floette|Floettite\n|-ability|p1a: Floette|Fairy Aura\n|move|p1b: Kommo-o|Protect|p1b: Kommo-o\n|-singleturn|p1b: Kommo-o|Protect\n|move|p1a: Floette|Protect|p1a: Floette\n|-singleturn|p1a: Floette|Protect\n|move|p2a: Incineroar|Fake Out|p1a: Floette\n|-activate|p1a: Floette|move: Protect\n|move|p2b: Charizard|Heat Wave|p1b: Kommo-o|[spread] \n|-activate|p1a: Floette|move: Protect\n|-activate|p1b: Kommo-o|move: Protect\n|\n|-weather|SunnyDay|[upkeep]\n|upkeep\n|turn|5\n|\n|t:|1776439690\n|move|p2b: Charizard|Protect|p2b: Charizard\n|-singleturn|p2b: Charizard|Protect\n|move|p2a: Incineroar|Parting Shot|p1a: Floette\n|-unboost|p1a: Floette|atk|1\n|-unboost|p1a: Floette|spa|1\n|\n|t:|1776439695\n|switch|p2a: Scizor|Scizor, L50, F|100/100|[from] Parting Shot\n|move|p1b: Kommo-o|Clanging Scales|p2b: Charizard|[spread] p2a\n|-activate|p2b: Charizard|move: Protect\n|-resisted|p2a: Scizor|1\n|-damage|p2a: Scizor|81/100\n|-unboost|p1b: Kommo-o|def|1\n|move|p1a: Floette|Moonblast|p2b: Charizard\n|-activate|p2b: Charizard|move: Protect\n|\n|-weather|none\n|-fieldend|move: Trick Room\n|upkeep\n|turn|6\n|\n|t:|1776439717\n|switch|p1a: Sinistcha|Sinistcha-Masterpiece, L50, shiny|100/100\n|-heal|p1b: Kommo-o|69/100|[from] ability: Hospitality|[of] p1a: Sinistcha\n|move|p2a: Scizor|Bullet Punch|p1a: Sinistcha\n|-damage|p1a: Sinistcha|75/100\n|move|p2b: Charizard|Heat Wave|p1b: Kommo-o|[spread] p1b\n|-miss|p2b: Charizard|p1a: Sinistcha\n|-resisted|p1b: Kommo-o|1\n|-damage|p1b: Kommo-o|49/100\n|move|p1b: Kommo-o|Clangorous Soul|p1b: Kommo-o\n|-boost|p1b: Kommo-o|atk|1\n|-boost|p1b: Kommo-o|def|1\n|-boost|p1b: Kommo-o|spa|1\n|-boost|p1b: Kommo-o|spd|1\n|-boost|p1b: Kommo-o|spe|1\n|-damage|p1b: Kommo-o|16/100\n|\n|upkeep\n|turn|7\n|j| sagapocalypse1\n|c|\u2606cald3|heat wave is always missing aaaaaaaaaaaa\n|j| Perhaps Perish?\n|c|\u2606AthenaStrive9|I think I see what I did wrong\n|c|\u2606AthenaStrive9|I really need to practice my sun mu a lot more\n|-activate|p2a: Scizor|item: Quick Claw\n|\n|t:|1776439812\n|switch|p1a: Floette|Floette-Mega, L50, F|100/100\n|-ability|p1a: Floette|Fairy Aura\n|move|p1b: Kommo-o|Protect|p1b: Kommo-o\n|-singleturn|p1b: Kommo-o|Protect\n|move|p2a: Scizor|Bullet Punch|p1b: Kommo-o\n|-activate|p1b: Kommo-o|move: Protect\n|move|p2b: Charizard|Heat Wave|p1b: Kommo-o|[spread] p1a\n|-activate|p1b: Kommo-o|move: Protect\n|-crit|p1a: Floette\n|-damage|p1a: Floette|55/100\n|-status|p1a: Floette|brn\n|\n|-damage|p1a: Floette|49/100 brn|[from] brn\n|upkeep\n|turn|8\n|l| sagapocalypse1\n|j| sagapocalypse1\n|j| FBIsurveillanceman\n|\n|t:|1776439837\n|move|p2a: Scizor|Bullet Punch|p1a: Floette\n|-supereffective|p1a: Floette|1\n|-damage|p1a: Floette|0 fnt\n|faint|p1a: Floette\n|move|p1b: Kommo-o|Clanging Scales|p2b: Charizard|[spread] p2a,p2b\n|-resisted|p2a: Scizor|1\n|-crit|p2b: Charizard\n|-damage|p2a: Scizor|50/100\n|-damage|p2b: Charizard|0 fnt\n|faint|p2b: Charizard\n|-unboost|p1b: Kommo-o|def|1\n|\n|upkeep\n|\n|t:|1776439848\n|switch|p2b: Incineroar|Incineroar, L50, M, shiny|100/100\n|switch|p1a: Sinistcha|Sinistcha-Masterpiece, L50, shiny|75/100\n|-ability|p2b: Incineroar|Intimidate|boost\n|-unboost|p1a: Sinistcha|atk|1\n|-unboost|p1b: Kommo-o|atk|1\n|-heal|p1b: Kommo-o|41/100|[from] ability: Hospitality|[of] p1a: Sinistcha\n|turn|9\n|\n|t:|1776439871\n|move|p2b: Incineroar|Fake Out|p1b: Kommo-o\n|-damage|p1b: Kommo-o|18/100\n|move|p1a: Sinistcha|Rage Powder|p1a: Sinistcha\n|-singleturn|p1a: Sinistcha|move: Rage Powder\n|cant|p1b: Kommo-o|flinch\n|move|p2a: Scizor|Bug Bite|p1a: Sinistcha\n|-damage|p1a: Sinistcha|37/100\n|-enditem|p1a: Sinistcha|Sitrus Berry|[from] stealeat|[move] Bug Bite|[of] p2a: Scizor\n|-heal|p2a: Scizor|75/100|[from] item: Sitrus Berry\n|\n|upkeep\n|turn|10\n|c|\u2606AthenaStrive9|I SOLD\n|c|\u2606AthenaStrive9|AHHHHHHH\n|c|\u2606AthenaStrive9|2 misplays\n|c|\u2606AthenaStrive9|is terrible\n|c| FBIsurveillanceman|admittedly im not sure what you do to win there\n|c| FBIsurveillanceman|scizor surely lives aura sphere right\n|c|\u2606cald3|protect timing is always important\n|l| big boss dozo\n|c|\u2606AthenaStrive9|Yeah Scizor lives now\n|c|\u2606AthenaStrive9|I need crit\n|j| ido1234567890\n|c|\u2606AthenaStrive9|my only out for playing like shit\n|c| FBIsurveillanceman|fake out kommo o bug bite sinis won protect or not\n|\n|t:|1776439947\n|move|p1a: Sinistcha|Rage Powder|p1a: Sinistcha\n|-singleturn|p1a: Sinistcha|move: Rage Powder\n|move|p2a: Scizor|Bullet Punch|p1a: Sinistcha\n|-damage|p1a: Sinistcha|11/100\n|move|p1b: Kommo-o|Aura Sphere|p2a: Scizor\n|-damage|p2a: Scizor|16/100\n|move|p2b: Incineroar|Flare Blitz|p1a: Sinistcha\n|-supereffective|p1a: Sinistcha|1\n|-damage|p1a: Sinistcha|0 fnt\n|faint|p1a: Sinistcha\n|-damage|p2b: Incineroar|98/100|[from] Recoil\n|\n|upkeep\n|turn|11\n|c|\u2606AthenaStrive9|hmm fair\n|c|\u2606AthenaStrive9|main thing is I needed to clang soul despite TR being up\n|c|\u2606cald3|i feel like aura sphere could have killed incin\n|j| mynamegrassgreen\n|l| mynamegrassgreen\n|c|\u2606AthenaStrive9|it would've\n|c|\u2606AthenaStrive9|but incin isn't the threat rn\n|c| bulgariareal|Doesn't change much\n|\n|t:|1776439999\n|move|p1b: Kommo-o|Protect|p1b: Kommo-o\n|-singleturn|p1b: Kommo-o|Protect\n|move|p2a: Scizor|Bullet Punch|p1b: Kommo-o\n|-activate|p1b: Kommo-o|move: Protect\n|move|p2b: Incineroar|Flare Blitz|p1b: Kommo-o\n|-activate|p1b: Kommo-o|move: Protect\n|\n|upkeep\n|turn|12\n|c|\u2606AthenaStrive9|gg\n|c| bulgariareal|Wait it does\n|c|\u2606cald3|lets go for the eternal protect stall\n|c| bulgariareal|if sinis was alive just rage powder again\n|j| carlinss\n|\n|t:|1776440022\n|move|p2a: Scizor|Bullet Punch|p1b: Kommo-o\n|-damage|p1b: Kommo-o|0 fnt\n|faint|p1b: Kommo-o\n|\n|win|cald3\n|n|\u2606AthenaStrive9|athenastrive9\n|n|\u2606cald3|cald3\n|n| ghostistheman|ghostistheman\n|n| bulgariareal|bulgariareal\n|n| Perhaps Perish?|perhapsperish\n|n| sagapocalypse1|sagapocalypse1\n|n| FBIsurveillanceman|fbisurveillanceman\n|n| ido1234567890|ido1234567890\n|n| carlinss|carlinss\n|c|\u2606cald3|gg\n|l| carlinss\n",
  "uploadtime": 1776440030,
  "views": 24,
  "formatid": "gen9championsvgc2026regma",
  "rating": null,
  "private": 0,
  "password": null
}