{
  "id": "gen9championsvgc2026regma-2584299448",
  "format": "[Gen 9 Champions] VGC 2026 Reg M-A",
  "players": [
    "darkslowbrother",
    "danivazp64"
  ],
  "log": "|j|\u2606darkslowbrother\n|j|\u2606danivazp64\n|t:|1776248677\n|gametype|doubles\n|player|p1|darkslowbrother|riley|1069\n|player|p2|danivazp64|101|1049\n|gen|9\n|tier|[Gen 9 Champions] VGC 2026 Reg M-A\n|rated|\n|rule|Species Clause: Limit one of each Pok\u00e9mon\n|rule|Item Clause: Limit 1 of each item\n|clearpoke\n|poke|p1|Scovillain, L50, M|\n|poke|p1|Garchomp, L50, M|\n|poke|p1|Sneasler, L50, F|\n|poke|p1|Ninetales, L50, F|\n|poke|p1|Incineroar, L50, M|\n|poke|p1|Weavile, L50, M|\n|poke|p2|Aegislash, L50, F|\n|poke|p2|Pelipper, L50, F|\n|poke|p2|Basculegion, L50, M|\n|poke|p2|Dragonite, L50, M|\n|poke|p2|Rotom-Heat, L50|\n|poke|p2|Sneasler, L50, M|\n|teampreview|4\n|\n|t:|1776248716\n|teamsize|p1|4\n|teamsize|p2|4\n|start\n|switch|p1a: Incineroar|Incineroar, L50, M|100/100\n|switch|p1b: Ninetales|Ninetales, L50, F|100/100\n|switch|p2a: Pelipper|Pelipper, L50, F|100/100\n|switch|p2b: Dragonite|Dragonite, L50, M|100/100\n|-weather|RainDance|[from] ability: Drizzle|[of] p2a: Pelipper\n|-weather|SunnyDay|[from] ability: Drought|[of] p1b: Ninetales\n|-ability|p1a: Incineroar|Intimidate|boost\n|-unboost|p2a: Pelipper|atk|1\n|-unboost|p2b: Dragonite|atk|1\n|turn|1\n|inactive|Battle timer is ON: inactive players will automatically lose when time's up. (requested by danivazp64)\n|\n|t:|1776248756\n|switch|p1b: Scovillain|Scovillain, L50, M|100/100\n|move|p2b: Dragonite|Protect|p2b: Dragonite\n|-singleturn|p2b: Dragonite|Protect\n|move|p1a: Incineroar|Fake Out|p2b: Dragonite\n|-activate|p2b: Dragonite|move: Protect\n|move|p2a: Pelipper|Tailwind|p2a: Pelipper\n|-sidestart|p2: danivazp64|move: Tailwind\n|\n|-weather|SunnyDay|[upkeep]\n|upkeep\n|turn|2\n|\n|t:|1776248777\n|switch|p2a: Sneasler|Sneasler, L50, M|100/100\n|detailschange|p2b: Dragonite|Dragonite-Mega, L50, M\n|-mega|p2b: Dragonite|Dragonite|Dragoninite\n|detailschange|p1b: Scovillain|Scovillain-Mega, L50, M\n|-mega|p1b: Scovillain|Scovillain|Scovillainite\n|move|p2b: Dragonite|Hurricane|p1b: Scovillain\n|-supereffective|p1b: Scovillain|1\n|-damage|p1b: Scovillain|0 fnt\n|-status|p2b: Dragonite|brn|[from] ability: Spicy Spray|[of] p1b: Scovillain\n|faint|p1b: Scovillain\n|move|p1a: Incineroar|Parting Shot|p2b: Dragonite\n|-unboost|p2b: Dragonite|atk|1\n|-unboost|p2b: Dragonite|spa|1\n|\n|t:|1776248786\n|switch|p1a: Weavile|Weavile, L50, M|100/100|[from] Parting Shot\n|-ability|p1a: Weavile|Pressure\n|\n|-weather|SunnyDay|[upkeep]\n|-damage|p2b: Dragonite|94/100 brn|[from] brn\n|upkeep\n|\n|t:|1776248793\n|switch|p1b: Incineroar|Incineroar, L50, M|100/100\n|-ability|p1b: Incineroar|Intimidate|boost\n|-unboost|p2a: Sneasler|atk|1\n|-unboost|p2b: Dragonite|atk|1\n|-enditem|p2a: Sneasler|White Herb\n|-clearnegativeboost|p2a: Sneasler|[silent]\n|turn|3\n|\n|t:|1776248812\n|move|p2b: Dragonite|Protect|p2b: Dragonite\n|-singleturn|p2b: Dragonite|Protect\n|move|p1a: Weavile|Protect|p1a: Weavile\n|-singleturn|p1a: Weavile|Protect\n|move|p2a: Sneasler|Close Combat|p1a: Weavile\n|-activate|p1a: Weavile|move: Protect\n|move|p1b: Incineroar|Parting Shot|p2b: Dragonite\n|-activate|p2b: Dragonite|move: Protect\n|\n|-weather|SunnyDay|[upkeep]\n|-damage|p2b: Dragonite|88/100 brn|[from] brn\n|upkeep\n|turn|4\n|\n|t:|1776248829\n|switch|p2b: Pelipper|Pelipper, L50, F|100/100\n|-weather|RainDance|[from] ability: Drizzle|[of] p2b: Pelipper\n|switch|p1a: Ninetales|Ninetales, L50, F|100/100\n|-weather|SunnyDay|[from] ability: Drought|[of] p1a: Ninetales\n|move|p2a: Sneasler|Close Combat|p1a: Ninetales\n|-enditem|p1a: Ninetales|Focus Sash\n|-damage|p1a: Ninetales|1/100\n|-unboost|p2a: Sneasler|def|1\n|-unboost|p2a: Sneasler|spd|1\n|move|p1b: Incineroar|Flare Blitz|p2a: Sneasler\n|-damage|p2a: Sneasler|0 fnt\n|faint|p2a: Sneasler\n|-damage|p1b: Incineroar|70/100|[from] Recoil\n|\n|-weather|SunnyDay|[upkeep]\n|-sideend|p2: danivazp64|move: Tailwind\n|upkeep\n|\n|t:|1776248850\n|switch|p2a: Basculegion|Basculegion, L50, M|100/100\n|turn|5\n|\n|t:|1776248873\n|move|p1a: Ninetales|Protect|p1a: Ninetales\n|-singleturn|p1a: Ninetales|Protect\n|move|p2b: Pelipper|Tailwind|p2b: Pelipper\n|-sidestart|p2: danivazp64|move: Tailwind\n|move|p2a: Basculegion|Flip Turn|p1a: Ninetales\n|-activate|p1a: Ninetales|move: Protect\n|move|p1b: Incineroar|Parting Shot|p2a: Basculegion\n|-unboost|p2a: Basculegion|atk|1\n|-unboost|p2a: Basculegion|spa|1\n|\n|t:|1776248882\n|switch|p1b: Weavile|Weavile, L50, M|100/100|[from] Parting Shot\n|-ability|p1b: Weavile|Pressure\n|\n|-weather|SunnyDay|[upkeep]\n|upkeep\n|turn|6\n|\n|t:|1776248900\n|switch|p2b: Dragonite|Dragonite-Mega, L50, M|88/100 brn\n|switch|p1a: Incineroar|Incineroar, L50, M|70/100\n|-ability|p1a: Incineroar|Intimidate|boost\n|-unboost|p2a: Basculegion|atk|1\n|-unboost|p2b: Dragonite|atk|1\n|move|p2a: Basculegion|Wave Crash|p1b: Weavile\n|-damage|p1b: Weavile|73/100\n|-damage|p2a: Basculegion|94/100|[from] Recoil\n|move|p1b: Weavile|Triple Axel|p2a: Basculegion|[miss]\n|-miss|p1b: Weavile|p2a: Basculegion\n|\n|-weather|SunnyDay|[upkeep]\n|-damage|p2b: Dragonite|82/100 brn|[from] brn\n|upkeep\n|turn|7\n|\n|t:|1776248925\n|switch|p2a: Pelipper|Pelipper, L50, F|100/100\n|-weather|RainDance|[from] ability: Drizzle|[of] p2a: Pelipper\n|move|p1a: Incineroar|Fake Out|p2b: Dragonite\n|-damage|p2b: Dragonite|69/100 brn\n|cant|p2b: Dragonite|flinch\n|move|p1b: Weavile|Knock Off|p2a: Pelipper\n|-damage|p2a: Pelipper|42/100\n|-enditem|p2a: Pelipper|Choice Scarf|[from] move: Knock Off|[of] p1b: Weavile\n|\n|-weather|RainDance|[upkeep]\n|-damage|p2b: Dragonite|63/100 brn|[from] brn\n|upkeep\n|turn|8\n|\n|t:|1776248950\n|switch|p1b: Ninetales|Ninetales, L50, F|1/100\n|-weather|SunnyDay|[from] ability: Drought|[of] p1b: Ninetales\n|move|p2a: Pelipper|Chilling Water|p1a: Incineroar\n|-supereffective|p1a: Incineroar|1\n|-crit|p1a: Incineroar\n|-damage|p1a: Incineroar|46/100\n|-unboost|p1a: Incineroar|atk|1\n|move|p2b: Dragonite|Draco Meteor|p1b: Ninetales\n|-damage|p1b: Ninetales|0 fnt\n|-unboost|p2b: Dragonite|spa|2\n|faint|p1b: Ninetales\n|move|p1a: Incineroar|Flare Blitz|p2b: Dragonite\n|-resisted|p2b: Dragonite|1\n|-damage|p2b: Dragonite|29/100 brn\n|-damage|p1a: Incineroar|35/100|[from] Recoil\n|\n|-weather|SunnyDay|[upkeep]\n|-damage|p2b: Dragonite|23/100 brn|[from] brn\n|-sideend|p2: danivazp64|move: Tailwind\n|upkeep\n|\n|t:|1776248966\n|switch|p1b: Weavile|Weavile, L50, M|73/100\n|-ability|p1b: Weavile|Pressure\n|turn|9\n|inactive|danivazp64 has 30 seconds left.\n|\n|t:|1776249010\n|switch|p2a: Basculegion|Basculegion, L50, M|94/100\n|move|p2b: Dragonite|Protect|p2b: Dragonite\n|-singleturn|p2b: Dragonite|Protect\n|move|p1b: Weavile|Fake Out|p2a: Basculegion\n|-immune|p2a: Basculegion\n|move|p1a: Incineroar|Flare Blitz|p2b: Dragonite\n|-activate|p2b: Dragonite|move: Protect\n|\n|-weather|SunnyDay|[upkeep]\n|-damage|p2b: Dragonite|17/100 brn|[from] brn\n|upkeep\n|turn|10\n|inactive|darkslowbrother has 30 seconds left.\n|inactive|danivazp64 has 30 seconds left.\n|\n|t:|1776249038\n|switch|p2b: Pelipper|Pelipper, L50, F|42/100\n|-weather|RainDance|[from] ability: Drizzle|[of] p2b: Pelipper\n|move|p1a: Incineroar|Protect|p1a: Incineroar\n|-singleturn|p1a: Incineroar|Protect\n|move|p2a: Basculegion|Flip Turn|p1a: Incineroar\n|-activate|p1a: Incineroar|move: Protect\n|move|p1b: Weavile|Knock Off|p2a: Basculegion\n|-supereffective|p2a: Basculegion|1\n|-damage|p2a: Basculegion|0 fnt\n|-enditem|p2a: Basculegion|Mystic Water|[from] move: Knock Off|[of] p1b: Weavile\n|faint|p2a: Basculegion\n|\n|-weather|RainDance|[upkeep]\n|upkeep\n|\n|t:|1776249051\n|switch|p2a: Dragonite|Dragonite-Mega, L50, M|17/100 brn\n|turn|11\n|\n|t:|1776249072\n|move|p2a: Dragonite|Protect|p2a: Dragonite\n|-singleturn|p2a: Dragonite|Protect\n|move|p1b: Weavile|Triple Axel|p2b: Pelipper\n|-crit|p2b: Pelipper\n|-damage|p2b: Pelipper|23/100\n|-damage|p2b: Pelipper|0 fnt\n|faint|p2b: Pelipper\n|-hitcount|p2: Pelipper|2\n|move|p1a: Incineroar|Flare Blitz|p2a: Dragonite\n|-activate|p2a: Dragonite|move: Protect\n|\n|-weather|RainDance|[upkeep]\n|-damage|p2a: Dragonite|11/100 brn|[from] brn\n|upkeep\n|turn|12\n|c|\u2606darkslowbrother|gg\n|-message|danivazp64 forfeited.\n|\n|win|darkslowbrother\n|raw|darkslowbrother's rating: 1069 &rarr; <strong>1097</strong><br />(+28 for winning)\n|raw|danivazp64's rating: 1049 &rarr; <strong>1033</strong><br />(-16 for losing)\n|l|\u2606danivazp64\n|player|p2|\n",
  "uploadtime": 1776249093,
  "views": 26,
  "formatid": "gen9championsvgc2026regma",
  "rating": 1033,
  "private": 0,
  "password": null
}