{
  "id": "gen9championsvgc2026regma-2585165384",
  "format": "[Gen 9 Champions] VGC 2026 Reg M-A",
  "players": [
    "Person_McSomeone",
    "Fathomorg"
  ],
  "log": "|j|\u2606Person_McSomeone\n|j|\u2606Fathomorg\n|t:|1776319910\n|gametype|doubles\n|player|p1|Person_McSomeone|miku-psychic|\n|player|p2|Fathomorg|veteran|\n|gen|9\n|tier|[Gen 9 Champions] VGC 2026 Reg M-A\n|rated|Tournament battle\n|rule|Species Clause: Limit one of each Pok\u00e9mon\n|rule|Item Clause: Limit 1 of each item\n|raw|<div class=\"infobox\"><details class=\"readmore\" open><summary><strong>1 custom rule:</strong></summary> Force Open Team Sheets</details></div>\n|clearpoke\n|poke|p1|Floette-Eternal, L50, F|\n|poke|p1|Sinistcha, L50|\n|poke|p1|Sneasler, L50, M|\n|poke|p1|Garchomp, L50, F|\n|poke|p1|Talonflame, L50, M|\n|poke|p1|Tyranitar, L50, F|\n|poke|p2|Charizard, L50, M|\n|poke|p2|Garchomp, L50, F|\n|poke|p2|Kingambit, L50, F|\n|poke|p2|Rotom-Wash, L50|\n|poke|p2|Sneasler, L50, F|\n|poke|p2|Whimsicott, L50, F|\n|teampreview|4\n|showteam|p1|Floette-Eternal||Floettite|FlowerVeil|LightofRuin,DazzlingGleam,Moonblast,Protect|||F|||50|]Sinistcha||OccaBerry|Hospitality|MatchaGotcha,RagePowder,Protect,Scald||||||50|]Sneasler||WhiteHerb|Unburden|CloseCombat,DireClaw,FakeOut,Protect|||M|||50|]Garchomp||ChoiceScarf|RoughSkin|Earthquake,DragonClaw,RockSlide,Liquidation|||F|||50|]Talonflame||FocusSash|GaleWings|Tailwind,DualWingbeat,Protect,WillOWisp|||M|||50|]Tyranitar||ChopleBerry|SandStream|Crunch,RockSlide,Protect,ThunderWave|||F|||50|\n|showteam|p2|Charizard||CharizarditeY|Blaze|HeatWave,WeatherBall,SolarBeam,Protect|||M|||50|]Garchomp||LumBerry|RoughSkin|Earthquake,DragonClaw,RockTomb,Protect|||F|||50|]Kingambit||ChopleBerry|Defiant|KowtowCleave,IronHead,SuckerPunch,Protect|||F|||50|]Rotom-Wash||SitrusBerry|Levitate|HydroPump,Thunderbolt,WillOWisp,Protect||||||50|]Sneasler||WhiteHerb|Unburden|FakeOut,CloseCombat,DireClaw,Coaching|||F|||50|]Whimsicott||FocusSash|Prankster|Moonblast,SunnyDay,Tailwind,Protect|||F|||50|\n|inactive|Battle timer is ON: inactive players will automatically lose when time's up. (requested by Person_McSomeone)\nPerson_McSomeone has agreed to open team sheets.\n|c|\u2606Person_McSomeone|glhf\nFathomorg has agreed to open team sheets.\n|showteam|p1|Floette-Eternal||Floettite|FlowerVeil|LightofRuin,DazzlingGleam,Moonblast,Protect|||F|||50|]Sinistcha||OccaBerry|Hospitality|MatchaGotcha,RagePowder,Protect,Scald||||||50|]Sneasler||WhiteHerb|Unburden|CloseCombat,DireClaw,FakeOut,Protect|||M|||50|]Garchomp||ChoiceScarf|RoughSkin|Earthquake,DragonClaw,RockSlide,Liquidation|||F|||50|]Talonflame||FocusSash|GaleWings|Tailwind,DualWingbeat,Protect,WillOWisp|||M|||50|]Tyranitar||ChopleBerry|SandStream|Crunch,RockSlide,Protect,ThunderWave|||F|||50|\n|showteam|p2|Charizard||CharizarditeY|Blaze|HeatWave,WeatherBall,SolarBeam,Protect|||M|||50|]Garchomp||LumBerry|RoughSkin|Earthquake,DragonClaw,RockTomb,Protect|||F|||50|]Kingambit||ChopleBerry|Defiant|KowtowCleave,IronHead,SuckerPunch,Protect|||F|||50|]Rotom-Wash||SitrusBerry|Levitate|HydroPump,Thunderbolt,WillOWisp,Protect||||||50|]Sneasler||WhiteHerb|Unburden|FakeOut,CloseCombat,DireClaw,Coaching|||F|||50|]Whimsicott||FocusSash|Prankster|Moonblast,SunnyDay,Tailwind,Protect|||F|||50|\n|inactive|Person_McSomeone has 60 seconds left.\n|inactive|Fathomorg has 60 seconds left.\n|inactive|Fathomorg has 30 seconds left.\n|\n|t:|1776319971\n|teamsize|p1|4\n|teamsize|p2|4\n|start\n|switch|p1a: Talonflame|Talonflame, L50, M|100/100\n|switch|p1b: Garchomp|Garchomp, L50, F|100/100\n|switch|p2a: Sneasler|Sneasler, L50, F|100/100\n|switch|p2b: Whimsicott|Whimsicott, L50, F|100/100\n|turn|1\n|inactive|Fathomorg has 30 seconds left.\n|\n|t:|1776320003\n|switch|p1b: Floette|Floette-Eternal, L50, F|100/100\n|switch|p2a: Charizard|Charizard, L50, M|100/100\n|move|p2b: Whimsicott|Tailwind|p2b: Whimsicott\n|-sidestart|p2: Fathomorg|move: Tailwind\n|move|p1a: Talonflame|Dual Wingbeat|p2a: Charizard|[miss]\n|-miss|p1a: Talonflame|p2a: Charizard\n|\n|upkeep\n|turn|2\n|c|\u2606Person_McSomeone|mish\n|inactive|Fathomorg has 30 seconds left.\n|\n|t:|1776320031\n|detailschange|p2a: Charizard|Charizard-Mega-Y, L50, M\n|-mega|p2a: Charizard|Charizard|Charizardite Y\n|-weather|SunnyDay|[from] ability: Drought|[of] p2a: Charizard\n|detailschange|p1b: Floette|Floette-Mega, L50, F\n|-mega|p1b: Floette|Floette|Floettite\n|-ability|p1b: Floette|Fairy Aura\n|move|p2b: Whimsicott|Protect|p2b: Whimsicott\n|-singleturn|p2b: Whimsicott|Protect\n|move|p1b: Floette|Protect|p1b: Floette\n|-singleturn|p1b: Floette|Protect\n|move|p1a: Talonflame|Dual Wingbeat|p2b: Whimsicott\n|-activate|p2b: Whimsicott|move: Protect\n|move|p2a: Charizard|Heat Wave|p1b: Floette|[spread] p1a\n|-activate|p1b: Floette|move: Protect\n|-resisted|p1a: Talonflame|1\n|-damage|p1a: Talonflame|48/100\n|\n|-weather|SunnyDay|[upkeep]\n|upkeep\n|turn|3\n|\n|t:|1776320052\n|switch|p1a: Tyranitar|Tyranitar, L50, F|100/100\n|-weather|Sandstorm|[from] ability: Sand Stream|[of] p1a: Tyranitar\n|move|p2b: Whimsicott|Moonblast|p1b: Floette\n|-damage|p1b: Floette|62/100\n|move|p2a: Charizard|Heat Wave|p1b: Floette|[spread] p1a,p1b\n|-resisted|p1a: Tyranitar|1\n|-crit|p1a: Tyranitar\n|-damage|p1a: Tyranitar|84/100\n|-damage|p1b: Floette|23/100\n|-status|p1a: Tyranitar|brn\n|move|p1b: Floette|Dazzling Gleam|p2a: Charizard|[spread] p2a,p2b\n|-resisted|p2a: Charizard|1\n|-damage|p2a: Charizard|80/100\n|-damage|p2b: Whimsicott|24/100\n|\n|-weather|Sandstorm|[upkeep]\n|-damage|p2b: Whimsicott|18/100|[from] Sandstorm\n|-damage|p2a: Charizard|74/100|[from] Sandstorm\n|-damage|p1b: Floette|17/100|[from] Sandstorm\n|-damage|p1a: Tyranitar|78/100 brn|[from] brn\n|upkeep\n|turn|4\n|c|\u2606Person_McSomeone|nah this is crazy rng\n|inactive|Person_McSomeone has 30 seconds left.\n|inactive|Fathomorg has 30 seconds left.\n|\n|t:|1776320085\n|switch|p1b: Garchomp|Garchomp, L50, F|100/100\n|move|p2a: Charizard|Protect|p2a: Charizard\n|-singleturn|p2a: Charizard|Protect\n|move|p2b: Whimsicott|Sunny Day|p2b: Whimsicott\n|-weather|SunnyDay\n|move|p1a: Tyranitar|Rock Slide|p2b: Whimsicott|[spread] \n|-activate|p2a: Charizard|move: Protect\n|-miss|p1a: Tyranitar|p2b: Whimsicott\n|\n|-weather|SunnyDay|[upkeep]\n|-damage|p1a: Tyranitar|72/100 brn|[from] brn\n|-sideend|p2: Fathomorg|move: Tailwind\n|upkeep\n|turn|5\n|c|\u2606Person_McSomeone|;-;\n|c|\u2606Person_McSomeone|w rng\n|inactive|Fathomorg has 30 seconds left.\n|\n|t:|1776320119\n|switch|p2a: Sneasler|Sneasler, L50, F|100/100\n|move|p2b: Whimsicott|Tailwind|p2b: Whimsicott\n|-sidestart|p2: Fathomorg|move: Tailwind\n|move|p1b: Garchomp|Rock Slide|p2a: Sneasler|[spread] p2a\n|-miss|p1b: Garchomp|p2b: Whimsicott\n|-resisted|p2a: Sneasler|1\n|-damage|p2a: Sneasler|84/100\n|move|p1a: Tyranitar|Rock Slide|p2a: Sneasler|[spread] p2a,p2b\n|-resisted|p2a: Sneasler|1\n|-damage|p2a: Sneasler|71/100\n|-damage|p2b: Whimsicott|0 fnt\n|faint|p2b: Whimsicott\n|\n|-weather|SunnyDay|[upkeep]\n|-damage|p1a: Tyranitar|67/100 brn|[from] brn\n|upkeep\n|\n|t:|1776320134\n|switch|p2b: Charizard|Charizard-Mega-Y, L50, M|74/100\n|turn|6\n|\n|t:|1776320144\n|switch|p1b: Floette|Floette-Mega, L50, F|17/100\n|-ability|p1b: Floette|Fairy Aura\n|move|p2b: Charizard|Protect|p2b: Charizard\n|-singleturn|p2b: Charizard|Protect\n|move|p2a: Sneasler|Close Combat|p1a: Tyranitar\n|-supereffective|p1a: Tyranitar|2\n|-enditem|p1a: Tyranitar|Chople Berry|[eat]\n|-enditem|p1a: Tyranitar|Chople Berry|[weaken]\n|-damage|p1a: Tyranitar|0 fnt\n|-unboost|p2a: Sneasler|def|1\n|-unboost|p2a: Sneasler|spd|1\n|faint|p1a: Tyranitar\n|-enditem|p2a: Sneasler|White Herb\n|-clearnegativeboost|p2a: Sneasler|[silent]\n|\n|-weather|SunnyDay|[upkeep]\n|upkeep\n|\n|t:|1776320151\n|switch|p1a: Talonflame|Talonflame, L50, M|48/100\n|turn|7\n|\n|t:|1776320165\n|move|p1a: Talonflame|Protect|p1a: Talonflame\n|-singleturn|p1a: Talonflame|Protect\n|move|p2a: Sneasler|Dire Claw|p1b: Floette\n|-supereffective|p1b: Floette|1\n|-damage|p1b: Floette|0 fnt\n|faint|p1b: Floette\n|move|p2b: Charizard|Weather Ball|p1a: Talonflame\n|-activate|p1a: Talonflame|move: Protect\n|\n|-weather|SunnyDay|[upkeep]\n|upkeep\n|j| Noobilio\n|\n|t:|1776320170\n|switch|p1b: Garchomp|Garchomp, L50, F|100/100\n|turn|8\n|j| tqew\n|c|\u2606Person_McSomeone|yea gg\n|c|\u2606Person_McSomeone|whyd i try to make a play\n|\n|t:|1776320184\n|move|p2a: Sneasler|Close Combat|p1b: Garchomp\n|-damage|p1b: Garchomp|33/100\n|-unboost|p2a: Sneasler|def|1\n|-unboost|p2a: Sneasler|spd|1\n|-damage|p2a: Sneasler|59/100|[from] ability: Rough Skin|[of] p1b: Garchomp\n|move|p2b: Charizard|Solar Beam||[still]\n|-prepare|p2b: Charizard|Solar Beam\n|-anim|p2b: Charizard|Solar Beam|p1b: Garchomp\n|-damage|p1b: Garchomp|0 fnt\n|faint|p1b: Garchomp\n|move|p1a: Talonflame|Tailwind|p1a: Talonflame\n|-sidestart|p1: Person_McSomeone|move: Tailwind\n|\n|-weather|none\n|-sideend|p2: Fathomorg|move: Tailwind\n|upkeep\n|turn|9\n|l| Noobilio\n|\n|t:|1776320199\n|move|p2a: Sneasler|Dire Claw|p1a: Talonflame\n|-damage|p1a: Talonflame|0 fnt\n|faint|p1a: Talonflame\n|\n|win|Fathomorg\n|n|\u2606Person_McSomeone|personmcsomeone\n|n|\u2606Fathomorg|fathomorg\n|n| tqew|tqew\n|c|\u2606Person_McSomeone|gg\n",
  "uploadtime": 1776320204,
  "views": 85,
  "formatid": "gen9championsvgc2026regma",
  "rating": null,
  "private": 0,
  "password": null
}