{
  "id": "gen9championsvgc2026regma-2580973524",
  "format": "[Gen 9 Champions] VGC 2026 Reg M-A",
  "players": [
    "fimmm",
    "Azure Resolution"
  ],
  "log": "|j|\u2606fimmm\n|j|\u2606Azure Resolution\n|t:|1775948043\n|gametype|doubles\n|player|p1|fimmm|whitney|1096\n|player|p2|Azure Resolution|gentleman-gen4dp|1056\n|gen|9\n|tier|[Gen 9 Champions] VGC 2026 Reg M-A\n|rated|\n|rule|Species Clause: Limit one of each Pok\u00e9mon\n|rule|Item Clause: Limit 1 of each item\n|clearpoke\n|poke|p1|Slurpuff, L50, M|\n|poke|p1|Liepard, L50, F|\n|poke|p1|Aerodactyl, L50, M|\n|poke|p1|Scovillain, L50, M|\n|poke|p1|Drampa, L50, F|\n|poke|p1|Crabominable, L50, M|\n|poke|p2|Altaria, L50, F|\n|poke|p2|Incineroar, L50, M|\n|poke|p2|Gardevoir, L50, F|\n|poke|p2|Sneasler, L50, F|\n|poke|p2|Kingambit, L50, F|\n|poke|p2|Basculegion, L50, M|\n|teampreview|4\n|inactive|Battle timer is ON: inactive players will automatically lose when time's up. (requested by fimmm)\n|inactive|fimmm has 60 seconds left.\n|inactive|Azure Resolution has 60 seconds left.\n|\n|t:|1775948076\n|teamsize|p1|4\n|teamsize|p2|4\n|start\n|switch|p1a: Liepard|Liepard, L50, F|100/100\n|switch|p1b: Aerodactyl|Aerodactyl, L50, M|100/100\n|switch|p2a: Gardevoir|Gardevoir, L50, F, shiny|100/100\n|switch|p2b: Wolfey Hater|Incineroar, L50, M|100/100\n|-ability|p1b: Aerodactyl|Unnerve\n|-ability|p2a: Gardevoir|Unnerve|Trace|[from] ability: Trace|[of] p1b: Aerodactyl\n|-ability|p2a: Gardevoir|Unnerve\n|-ability|p2b: Wolfey Hater|Intimidate|boost\n|-unboost|p1a: Liepard|atk|1\n|-unboost|p1b: Aerodactyl|atk|1\n|turn|1\n|inactive|Azure Resolution has 30 seconds left.\n|inactive|Azure Resolution has 20 seconds left.\n|\n|t:|1775948111\n|detailschange|p2a: Gardevoir|Gardevoir-Mega, L50, F, shiny\n|-mega|p2a: Gardevoir|Gardevoir|Gardevoirite\n|move|p1a: Liepard|Fake Out|p2a: Gardevoir\n|-damage|p2a: Gardevoir|90/100\n|move|p2b: Wolfey Hater|Fake Out|p1b: Aerodactyl\n|-resisted|p1b: Aerodactyl|1\n|-damage|p1b: Aerodactyl|93/100\n|cant|p1b: Aerodactyl|flinch\n|cant|p2a: Gardevoir|flinch\n|\n|upkeep\n|turn|2\n|\n|t:|1775948129\n|move|p2a: Gardevoir|Protect|p2a: Gardevoir\n|-singleturn|p2a: Gardevoir|Protect\n|move|p1a: Liepard|Thunder Wave|p2a: Gardevoir\n|-activate|p2a: Gardevoir|move: Protect\n|move|p1b: Aerodactyl|Rock Slide|p2a: Gardevoir|[spread] p2b\n|-activate|p2a: Gardevoir|move: Protect\n|-supereffective|p2b: Wolfey Hater|1\n|-damage|p2b: Wolfey Hater|71/100\n|move|p2b: Wolfey Hater|Parting Shot|p1b: Aerodactyl\n|-unboost|p1b: Aerodactyl|atk|1\n|-unboost|p1b: Aerodactyl|spa|1\n|\n|t:|1775948140\n|switch|p2b: Basculegion|Basculegion, L50, M|100/100|[from] Parting Shot\n|\n|upkeep\n|turn|3\n|\n|t:|1775948158\n|move|p1b: Aerodactyl|Swagger|p2a: Gardevoir|[miss]\n|-miss|p1b: Aerodactyl|p2a: Gardevoir\n|move|p2b: Basculegion|Wave Crash|p1b: Aerodactyl\n|-supereffective|p1b: Aerodactyl|1\n|-damage|p1b: Aerodactyl|0 fnt\n|faint|p1b: Aerodactyl\n|-damage|p2b: Basculegion|76/100|[from] Recoil\n|move|p1a: Liepard|Foul Play|p2a: Gardevoir\n|-damage|p2a: Gardevoir|47/100\n|move|p2a: Gardevoir|Hyper Voice|p1a: Liepard\n|-supereffective|p1a: Liepard|1\n|-enditem|p1a: Liepard|Focus Sash\n|-damage|p1a: Liepard|1/100\n|\n|upkeep\n|\n|t:|1775948162\n|switch|p1b: Slurpuff|Slurpuff, L50, M|100/100\n|turn|4\n|inactive|Azure Resolution has 30 seconds left.\n|\n|t:|1775948196\n|move|p2a: Gardevoir|Protect|p2a: Gardevoir\n|-singleturn|p2a: Gardevoir|Protect\n|move|p1a: Liepard|Swagger|p1b: Slurpuff\n|-boost|p1b: Slurpuff|atk|2\n|-start|p1b: Slurpuff|confusion\n|-enditem|p1b: Slurpuff|Persim Berry|[eat]\n|-end|p1b: Slurpuff|confusion\n|move|p1b: Slurpuff|Play Rough|p2b: Basculegion\n|-damage|p2b: Basculegion|0 fnt\n|faint|p2b: Basculegion\n|\n|upkeep\n|\n|t:|1775948210\n|switch|p2b: Wolfey Hater|Incineroar, L50, M|71/100\n|-ability|p2b: Wolfey Hater|Intimidate|boost\n|-unboost|p1a: Liepard|atk|1\n|-unboost|p1b: Slurpuff|atk|1\n|turn|5\n|\n|t:|1775948231\n|move|p2b: Wolfey Hater|Fake Out|p1a: Liepard\n|-damage|p1a: Liepard|0 fnt\n|faint|p1a: Liepard\n|move|p1b: Slurpuff|Play Rough|p2a: Gardevoir\n|-damage|p2a: Gardevoir|0 fnt\n|faint|p2a: Gardevoir\n|\n|upkeep\n|\n|t:|1775948237\n|switch|p1a: Crabominable|Crabominable, L50, M|100/100\n|switch|p2a: Sneasler|Sneasler, L50, F|100/100\n|turn|6\n|inactive|Azure Resolution has 30 seconds left.\n|inactive|Azure Resolution has 20 seconds left.\n|\n|t:|1775948276\n|move|p1b: Slurpuff|Protect|p1b: Slurpuff\n|-singleturn|p1b: Slurpuff|Protect\n|move|p1a: Crabominable|Protect|p1a: Crabominable\n|-singleturn|p1a: Crabominable|Protect\n|move|p2a: Sneasler|Fake Out|p1b: Slurpuff\n|-activate|p1b: Slurpuff|move: Protect\n|move|p2b: Wolfey Hater|Flare Blitz|p1a: Crabominable\n|-activate|p1a: Crabominable|move: Protect\n|\n|upkeep\n|turn|7\n|inactive|fimmm has 30 seconds left.\n|inactive|Azure Resolution has 30 seconds left.\n|\n|t:|1775948310\n|detailschange|p1a: Crabominable|Crabominable-Mega, L50, M\n|-mega|p1a: Crabominable|Crabominable|Crabominite\n|move|p1b: Slurpuff|After You|p1a: Crabominable\n|-activate|p1a: Crabominable|move: After You\n|move|p1a: Crabominable|Ice Hammer|p2a: Sneasler\n|-damage|p2a: Sneasler|0 fnt\n|-unboost|p1a: Crabominable|spe|1\n|faint|p2a: Sneasler\n|move|p2b: Wolfey Hater|Parting Shot|p1b: Slurpuff\n|-unboost|p1b: Slurpuff|atk|1\n|-unboost|p1b: Slurpuff|spa|1\n|\n|upkeep\n|turn|8\n|\n|t:|1775948323\n|-singleturn|p1a: Crabominable|move: Focus Punch\n|move|p1b: Slurpuff|After You|p1a: Crabominable\n|-activate|p1a: Crabominable|move: After You\n|move|p1a: Crabominable|Focus Punch|p2b: Wolfey Hater\n|-supereffective|p2b: Wolfey Hater|1\n|-damage|p2b: Wolfey Hater|0 fnt\n|faint|p2b: Wolfey Hater\n|\n|win|fimmm\n|raw|fimmm's rating: 1096 &rarr; <strong>1119</strong><br />(+23 for winning)\n|raw|Azure Resolution's rating: 1056 &rarr; <strong>1040</strong><br />(-16 for losing)\n|l|\u2606Azure Resolution\n|player|p2|\n",
  "uploadtime": 1775948346,
  "views": 36,
  "formatid": "gen9championsvgc2026regma",
  "rating": 1040,
  "private": 0,
  "password": null
}