{
  "id": "gen9championsvgc2026regma-2588208786",
  "format": "[Gen 9 Champions] VGC 2026 Reg M-A",
  "players": [
    "whoisrm",
    "xtanhy"
  ],
  "log": "|j|\u2606whoisrm\n|j|\u2606xtanhy\n|t:|1776614558\n|gametype|doubles\n|player|p1|whoisrm|1|1078\n|player|p2|xtanhy|169|1043\n|gen|9\n|tier|[Gen 9 Champions] VGC 2026 Reg M-A\n|rated|\n|rule|Species Clause: Limit one of each Pok\u00e9mon\n|rule|Item Clause: Limit 1 of each item\n|clearpoke\n|poke|p1|Aggron, L50, F, shiny|\n|poke|p1|Incineroar, L50, F|\n|poke|p1|Pelipper, L50, M|\n|poke|p1|Sinistcha, L50|\n|poke|p1|Basculegion, L50, M|\n|poke|p1|Kingambit, L50, M|\n|poke|p2|Floette-Eternal, L50, F|\n|poke|p2|Palafin, L50, F|\n|poke|p2|Incineroar, L50, M|\n|poke|p2|Sinistcha, L50|\n|poke|p2|Delphox, L50, M|\n|poke|p2|Aerodactyl, L50, F|\n|teampreview|4\n|\n|t:|1776614601\n|teamsize|p1|4\n|teamsize|p2|4\n|start\n|switch|p1a: Kingambit|Kingambit, L50, M|100/100\n|switch|p1b: Pelipper|Pelipper, L50, M|100/100\n|switch|p2a: Aerodactyl|Aerodactyl, L50, F|100/100\n|switch|p2b: Incineroar|Incineroar, L50, M|100/100\n|-ability|p2a: Aerodactyl|Unnerve\n|-weather|RainDance|[from] ability: Drizzle|[of] p1b: Pelipper\n|-ability|p2b: Incineroar|Intimidate|boost\n|-unboost|p1a: Kingambit|atk|1\n|-ability|p1a: Kingambit|Defiant|boost\n|-boost|p1a: Kingambit|atk|2\n|-unboost|p1b: Pelipper|atk|1\n|turn|1\n|inactive|Battle timer is ON: inactive players will automatically lose when time's up. (requested by xtanhy)\n|\n|t:|1776614637\n|move|p2b: Incineroar|Fake Out|p1b: Pelipper\n|-damage|p1b: Pelipper|86/100\n|move|p2a: Aerodactyl|Tailwind|p2a: Aerodactyl\n|-sidestart|p2: xtanhy|move: Tailwind\n|cant|p1b: Pelipper|flinch\n|move|p1a: Kingambit|Low Kick|p2b: Incineroar\n|-supereffective|p2b: Incineroar|1\n|-damage|p2b: Incineroar|31/100\n|\n|-weather|RainDance|[upkeep]\n|-heal|p2b: Incineroar|37/100|[from] item: Leftovers\n|upkeep\n|turn|2\n|inactive|whoisrm has 30 seconds left.\n|inactive|xtanhy has 30 seconds left.\n|inactive|whoisrm has 20 seconds left.\n|\n|t:|1776614675\n|move|p1a: Kingambit|Sucker Punch|p2a: Aerodactyl\n|-enditem|p2a: Aerodactyl|Focus Sash\n|-damage|p2a: Aerodactyl|1/100\n|move|p2a: Aerodactyl|Rock Slide|p1b: Pelipper|[spread] p1a,p1b\n|-resisted|p1a: Kingambit|1\n|-supereffective|p1b: Pelipper|1\n|-damage|p1a: Kingambit|92/100\n|-damage|p1b: Pelipper|13/100\n|move|p2b: Incineroar|Throat Chop|p1b: Pelipper\n|-damage|p1b: Pelipper|0 fnt\n|faint|p1b: Pelipper\n|\n|-weather|RainDance|[upkeep]\n|-heal|p2b: Incineroar|43/100|[from] item: Leftovers\n|upkeep\n|\n|t:|1776614689\n|switch|p1b: Sinistcha|Sinistcha, L50|100/100\n|-heal|p1a: Kingambit|100/100|[from] ability: Hospitality|[of] p1b: Sinistcha\n|turn|3\n|\n|t:|1776614718\n|move|p2a: Aerodactyl|Protect|p2a: Aerodactyl\n|-singleturn|p2a: Aerodactyl|Protect\n|move|p1a: Kingambit|Sucker Punch||[still]\n|-fail|p1a: Kingambit\n|move|p2b: Incineroar|Parting Shot|p1b: Sinistcha\n|-unboost|p1b: Sinistcha|atk|1\n|-unboost|p1b: Sinistcha|spa|1\n|\n|t:|1776614726\n|switch|p2b: Sinistcha|Sinistcha, L50|100/100|[from] Parting Shot\n|-heal|p2a: Aerodactyl|26/100|[from] ability: Hospitality|[of] p2b: Sinistcha\n|move|p1b: Sinistcha|Trick Room|p1b: Sinistcha\n|-fieldstart|move: Trick Room|[of] p1b: Sinistcha\n|\n|-weather|RainDance|[upkeep]\n|upkeep\n|turn|4\n|\n|t:|1776614745\n|switch|p1b: Abaddon|Aggron, L50, F, shiny|100/100\n|move|p2a: Aerodactyl|Protect||[still]\n|-fail|p2a: Aerodactyl\n|move|p1a: Kingambit|Kowtow Cleave|p2b: Sinistcha\n|-supereffective|p2b: Sinistcha|1\n|-damage|p2b: Sinistcha|0 fnt\n|faint|p2b: Sinistcha\n|\n|-weather|RainDance|[upkeep]\n|-sideend|p2: xtanhy|move: Tailwind\n|upkeep\n|\n|t:|1776614761\n|switch|p2b: Delphox|Delphox, L50, M|100/100\n|turn|5\n|\n|t:|1776614785\n|detailschange|p1b: Abaddon|Aggron-Mega, L50, F, shiny\n|-mega|p1b: Abaddon|Aggron|Aggronite\n|detailschange|p2b: Delphox|Delphox-Mega, L50, M\n|-mega|p2b: Delphox|Delphox|Delphoxite\n|move|p1b: Abaddon|Protect|p1b: Abaddon\n|-singleturn|p1b: Abaddon|Protect\n|move|p2a: Aerodactyl|Protect|p2a: Aerodactyl\n|-singleturn|p2a: Aerodactyl|Protect\n|move|p2b: Delphox|Protect|p2b: Delphox\n|-singleturn|p2b: Delphox|Protect\n|move|p1a: Kingambit|Kowtow Cleave|p2b: Delphox\n|-activate|p2b: Delphox|move: Protect\n|\n|-weather|none\n|upkeep\n|turn|6\n|inactive|xtanhy has 30 seconds left.\n|\n|t:|1776614812\n|switch|p2b: Incineroar|Incineroar, L50, M|43/100\n|-ability|p2b: Incineroar|Intimidate|boost\n|-unboost|p1a: Kingambit|atk|1\n|-ability|p1a: Kingambit|Defiant|boost\n|-boost|p1a: Kingambit|atk|2\n|-unboost|p1b: Abaddon|atk|1\n|move|p1b: Abaddon|Iron Defense|p1b: Abaddon\n|-boost|p1b: Abaddon|def|2\n|move|p1a: Kingambit|Kowtow Cleave|p2b: Incineroar\n|-resisted|p2b: Incineroar|1\n|-damage|p2b: Incineroar|0 fnt\n|faint|p2b: Incineroar\n|move|p2a: Aerodactyl|Tailwind|p2a: Aerodactyl\n|-sidestart|p2: xtanhy|move: Tailwind\n|\n|upkeep\n|\n|t:|1776614827\n|switch|p2b: Delphox|Delphox-Mega, L50, M|100/100\n|turn|7\n|\n|t:|1776614837\n|move|p2a: Aerodactyl|Protect|p2a: Aerodactyl\n|-singleturn|p2a: Aerodactyl|Protect\n|move|p2b: Delphox|Protect|p2b: Delphox\n|-singleturn|p2b: Delphox|Protect\n|move|p1a: Kingambit|Kowtow Cleave|p2b: Delphox\n|-activate|p2b: Delphox|move: Protect\n|move|p1b: Abaddon|Body Press|p2b: Delphox\n|-activate|p2b: Delphox|move: Protect\n|\n|-fieldend|move: Trick Room\n|upkeep\n|turn|8\n|\n|t:|1776614862\n|move|p1b: Abaddon|Protect|p1b: Abaddon\n|-singleturn|p1b: Abaddon|Protect\n|move|p1a: Kingambit|Sucker Punch||[still]\n|-fail|p1a: Kingambit\n|move|p2b: Delphox|Substitute|p2b: Delphox\n|-start|p2b: Delphox|Substitute\n|-damage|p2b: Delphox|76/100\n|move|p2a: Aerodactyl|Rock Slide|p1b: Abaddon|[spread] \n|-activate|p1b: Abaddon|move: Protect\n|-miss|p2a: Aerodactyl|p1a: Kingambit\n|\n|upkeep\n|turn|9\n|inactive|whoisrm has 30 seconds left.\n|inactive|xtanhy has 30 seconds left.\n|\n|t:|1776614890\n|move|p2a: Aerodactyl|Protect|p2a: Aerodactyl\n|-singleturn|p2a: Aerodactyl|Protect\n|move|p1a: Kingambit|Sucker Punch|p2b: Delphox\n|-supereffective|p2b: Delphox|1\n|-crit|p2b: Delphox\n|-end|p2b: Delphox|Substitute\n|move|p2b: Delphox|Heat Wave|p1b: Abaddon|[spread] p1a,p1b\n|-supereffective|p1a: Kingambit|1\n|-supereffective|p1b: Abaddon|1\n|-damage|p1a: Kingambit|13/100\n|-damage|p1b: Abaddon|44/100\n|-status|p1a: Kingambit|brn\n|move|p1b: Abaddon|Body Press|p2b: Delphox\n|-resisted|p2b: Delphox|1\n|-damage|p2b: Delphox|22/100\n|\n|-damage|p1a: Kingambit|7/100 brn|[from] brn\n|-sideend|p2: xtanhy|move: Tailwind\n|upkeep\n|turn|10\n|\n|t:|1776614913\n|move|p2b: Delphox|Protect|p2b: Delphox\n|-singleturn|p2b: Delphox|Protect\n|move|p1a: Kingambit|Sucker Punch||[still]\n|-fail|p1a: Kingambit\n|move|p2a: Aerodactyl|Rock Slide|p1b: Abaddon|[spread] p1a,p1b\n|-resisted|p1a: Kingambit|1\n|-resisted|p1b: Abaddon|1\n|-damage|p1a: Kingambit|0 fnt\n|-damage|p1b: Abaddon|41/100\n|faint|p1a: Kingambit\n|move|p1b: Abaddon|Body Press|p2b: Delphox\n|-activate|p2b: Delphox|move: Protect\n|\n|upkeep\n|\n|t:|1776614925\n|switch|p1a: Sinistcha|Sinistcha, L50|100/100\n|-heal|p1b: Abaddon|66/100|[from] ability: Hospitality|[of] p1a: Sinistcha\n|turn|11\n|\n|t:|1776614947\n|move|p1b: Abaddon|Protect|p1b: Abaddon\n|-singleturn|p1b: Abaddon|Protect\n|move|p2b: Delphox|Heat Wave|p1a: Sinistcha|[spread] p1a\n|-activate|p1b: Abaddon|move: Protect\n|-supereffective|p1a: Sinistcha|1\n|-damage|p1a: Sinistcha|0 fnt\n|faint|p1a: Sinistcha\n|move|p2a: Aerodactyl|Dual Wingbeat|p1b: Abaddon\n|-activate|p1b: Abaddon|move: Protect\n|\n|upkeep\n|turn|12\n|\n|t:|1776614964\n|move|p2b: Delphox|Protect|p2b: Delphox\n|-singleturn|p2b: Delphox|Protect\n|move|p2a: Aerodactyl|Rock Slide|p1b: Abaddon|[miss]\n|-miss|p2a: Aerodactyl|p1b: Abaddon\n|move|p1b: Abaddon|Body Press|p2b: Delphox\n|-activate|p2b: Delphox|move: Protect\n|\n|upkeep\n|turn|13\n|\n|t:|1776614975\n|move|p2b: Delphox|Heat Wave|p1b: Abaddon\n|-supereffective|p1b: Abaddon|1\n|-damage|p1b: Abaddon|0 fnt\n|faint|p1b: Abaddon\n|\n|win|xtanhy\n|raw|whoisrm's rating: 1078 &rarr; <strong>1054</strong><br />(-24 for losing)\n|raw|xtanhy's rating: 1043 &rarr; <strong>1080</strong><br />(+37 for winning)\n|l|\u2606whoisrm\n|player|p1|\n",
  "uploadtime": 1776615012,
  "views": 7,
  "formatid": "gen9championsvgc2026regma",
  "rating": 1054,
  "private": 0,
  "password": null
}