{
  "id": "gen9championsvgc2026regma-2580765645",
  "format": "[Gen 9 Champions] VGC 2026 Reg M-A",
  "players": [
    "sammg",
    "qfzx"
  ],
  "log": "|j|\u2606sammg\n|j|\u2606qfzx\n|t:|1775930695\n|gametype|doubles\n|player|p1|sammg|101|1236\n|player|p2|qfzx|cynthia-gen4|1297\n|gen|9\n|tier|[Gen 9 Champions] VGC 2026 Reg M-A\n|rated|\n|rule|Species Clause: Limit one of each Pok\u00e9mon\n|rule|Item Clause: Limit 1 of each item\n|clearpoke\n|poke|p1|Maushold-Four, L50|\n|poke|p1|Floette-Eternal, L50, F|\n|poke|p1|Garchomp, L50, M|\n|poke|p1|Talonflame, L50, M|\n|poke|p1|Rotom-Wash, L50|\n|poke|p1|Aegislash, L50, M|\n|poke|p2|Aerodactyl, L50, M|\n|poke|p2|Floette-Eternal, L50, F|\n|poke|p2|Garchomp, L50, M|\n|poke|p2|Kingambit, L50, F|\n|poke|p2|Incineroar, L50, M|\n|poke|p2|Gengar, L50, M|\n|teampreview|4\n|inactive|Battle timer is ON: inactive players will automatically lose when time's up. (requested by sammg)\n|inactive|qfzx also wants the timer to be on.\n|inactive|sammg has 60 seconds left.\n|inactive|qfzx has 60 seconds left.\n|inactive|sammg has 30 seconds left.\n|\n|t:|1775930757\n|teamsize|p1|4\n|teamsize|p2|4\n|start\n|switch|p1a: Floette|Floette-Eternal, L50, F|100/100\n|switch|p1b: Maushold|Maushold-Four, L50|100/100\n|switch|p2a: Gengar|Gengar, L50, M, shiny|100/100\n|switch|p2b: Kingambit|Kingambit, L50, F, shiny|100/100\n|turn|1\n|inactive|sammg has 30 seconds left.\n|\n|t:|1775930786\n|detailschange|p2a: Gengar|Gengar-Mega, L50, M, shiny\n|-mega|p2a: Gengar|Gengar|Gengarite\n|move|p1a: Floette|Protect|p1a: Floette\n|-singleturn|p1a: Floette|Protect\n|move|p2a: Gengar|Sludge Wave|p1b: Maushold|[spread] p1b\n|-activate|p1a: Floette|move: Protect\n|-immune|p2b: Kingambit\n|-damage|p1b: Maushold|34/100\n|move|p1b: Maushold|Super Fang|p2b: Kingambit\n|-damage|p2b: Kingambit|51/100\n|move|p2b: Kingambit|Kowtow Cleave|p1a: Floette\n|-activate|p1a: Floette|move: Protect\n|\n|-heal|p2b: Kingambit|57/100|[from] item: Leftovers\n|upkeep\n|turn|2\n|inactive|sammg has 30 seconds left.\n|\n|t:|1775930812\n|detailschange|p1a: Floette|Floette-Mega, L50, F\n|-mega|p1a: Floette|Floette|Floettite\n|-ability|p1a: Floette|Fairy Aura\n|move|p1b: Maushold|Follow Me|p1b: Maushold\n|-singleturn|p1b: Maushold|move: Follow Me\n|move|p2b: Kingambit|Sucker Punch||[still]\n|-fail|p2b: Kingambit\n|move|p2a: Gengar|Sludge Wave|p1b: Maushold|[spread] p1a,p1b\n|-immune|p2b: Kingambit\n|-supereffective|p1a: Floette|1\n|-damage|p1a: Floette|45/100\n|-damage|p1b: Maushold|0 fnt\n|faint|p1b: Maushold\n|move|p1a: Floette|Dazzling Gleam|p2b: Kingambit|[spread] p2a,p2b\n|-resisted|p2a: Gengar|1\n|-crit|p2b: Kingambit\n|-damage|p2a: Gengar|65/100\n|-damage|p2b: Kingambit|0 fnt\n|faint|p2b: Kingambit\n|\n|upkeep\n|\n|t:|1775930827\n|switch|p1b: Talonflame|Talonflame, L50, M|100/100\n|switch|p2b: Aerodactyl|Aerodactyl, L50, M, shiny|100/100\n|-ability|p2b: Aerodactyl|Pressure\n|turn|3\n|\n|t:|1775930844\n|move|p1b: Talonflame|Tailwind|p1b: Talonflame\n|-sidestart|p1: sammg|move: Tailwind\n|move|p1a: Floette|Dazzling Gleam|p2a: Gengar|[spread] p2a,p2b\n|-resisted|p2a: Gengar|1\n|-damage|p2a: Gengar|30/100\n|-damage|p2b: Aerodactyl|25/100\n|move|p2b: Aerodactyl|Tailwind|p2b: Aerodactyl\n|-sidestart|p2: qfzx|move: Tailwind\n|move|p2a: Gengar|Sludge Wave|p1a: Floette|[spread] p2b,p1a,p1b\n|-resisted|p2b: Aerodactyl|1\n|-supereffective|p1a: Floette|1\n|-damage|p2b: Aerodactyl|0 fnt\n|-damage|p1a: Floette|0 fnt\n|-damage|p1b: Talonflame|28/100\n|faint|p2b: Aerodactyl\n|faint|p1a: Floette\n|\n|upkeep\n|\n|t:|1775930860\n|switch|p2b: Garchomp|Garchomp, L50, M, shiny|100/100\n|switch|p1a: Garchomp|Garchomp, L50, M|100/100\n|turn|4\n|inactive|qfzx has 30 seconds left.\n|\n|t:|1775930893\n|move|p1b: Talonflame|Protect|p1b: Talonflame\n|-singleturn|p1b: Talonflame|Protect\n|move|p2a: Gengar|Protect|p2a: Gengar\n|-singleturn|p2a: Gengar|Protect\n|move|p2b: Garchomp|Dragon Claw|p1a: Garchomp\n|-supereffective|p1a: Garchomp|1\n|-damage|p1a: Garchomp|12/100\n|-damage|p2b: Garchomp|88/100|[from] ability: Rough Skin|[of] p1a: Garchomp\n|move|p1a: Garchomp|Earthquake|p2a: Gengar|[spread] p2b\n|-activate|p1b: Talonflame|move: Protect\n|-activate|p2a: Gengar|move: Protect\n|-damage|p2b: Garchomp|44/100\n|\n|upkeep\n|turn|5\n|inactive|sammg has 30 seconds left.\n|\n|t:|1775930924\n|move|p1b: Talonflame|Protect||[still]\n|-fail|p1b: Talonflame\n|move|p1a: Garchomp|Protect|p1a: Garchomp\n|-singleturn|p1a: Garchomp|Protect\n|move|p2b: Garchomp|Dragon Claw|p1a: Garchomp\n|-activate|p1a: Garchomp|move: Protect\n|move|p2a: Gengar|Sludge Wave|p1b: Talonflame|[spread] p2b,p1b\n|-activate|p1a: Garchomp|move: Protect\n|-resisted|p2b: Garchomp|1\n|-damage|p2b: Garchomp|18/100\n|-damage|p1b: Talonflame|0 fnt\n|faint|p1b: Talonflame\n|\n|upkeep\n|turn|6\n|\n|t:|1775930940\n|move|p2b: Garchomp|Dragon Claw|p1a: Garchomp\n|-supereffective|p1a: Garchomp|1\n|-damage|p1a: Garchomp|0 fnt\n|-damage|p2b: Garchomp|6/100|[from] ability: Rough Skin|[of] p1a: Garchomp\n|faint|p1a: Garchomp\n|\n|win|qfzx\n|raw|sammg's rating: 1236 &rarr; <strong>1215</strong><br />(-21 for losing)\n|raw|qfzx's rating: 1297 &rarr; <strong>1318</strong><br />(+21 for winning)\n|l|\u2606sammg\n|player|p1|\n|l|\u2606qfzx\n|player|p2|\n",
  "uploadtime": 1775930948,
  "views": 61,
  "formatid": "gen9championsvgc2026regma",
  "rating": 1215,
  "private": 0,
  "password": null
}