{
  "id": "gen9championsvgc2026regma-2588031289",
  "format": "[Gen 9 Champions] VGC 2026 Reg M-A",
  "players": [
    "mobileredux",
    "SunTufo"
  ],
  "log": "|j|\u2606mobileredux\n|j|\u2606SunTufo\n|t:|1776595487\n|gametype|doubles\n|player|p1|mobileredux|170|1422\n|player|p2|SunTufo|li|1385\n|gen|9\n|tier|[Gen 9 Champions] VGC 2026 Reg M-A\n|rated|\n|rule|Species Clause: Limit one of each Pok\u00e9mon\n|rule|Item Clause: Limit 1 of each item\n|clearpoke\n|poke|p1|Pinsir, L50, M|\n|poke|p1|Rotom-Heat, L50|\n|poke|p1|Basculegion, L50, M|\n|poke|p1|Garchomp, L50, M|\n|poke|p1|Kingambit, L50, F|\n|poke|p1|Sneasler, L50, F|\n|poke|p2|Charizard, L50, M, shiny|\n|poke|p2|Sneasler, L50, F, shiny|\n|poke|p2|Milotic, L50, F, shiny|\n|poke|p2|Incineroar, L50, M, shiny|\n|poke|p2|Rotom-Wash, L50, shiny|\n|poke|p2|Skarmory, L50, M, shiny|\n|teampreview|4\n|inactive|Battle timer is ON: inactive players will automatically lose when time's up. (requested by SunTufo)\n|inactive|mobileredux has 60 seconds left.\n|inactive|SunTufo has 60 seconds left.\n|\n|t:|1776595546\n|teamsize|p1|4\n|teamsize|p2|4\n|start\n|switch|p1a: Kingambit|Kingambit, L50, F|100/100\n|switch|p1b: Sneasler|Sneasler, L50, F|100/100\n|switch|p2a: Misterio|Sneasler, L50, F, shiny|100/100\n|switch|p2b: Lizardon|Charizard, L50, M, shiny|100/100\n|turn|1\n|\n|t:|1776595554\n|detailschange|p2b: Lizardon|Charizard-Mega-X, L50, M, shiny\n|-mega|p2b: Lizardon|Charizard|Charizardite X\n|move|p1b: Sneasler|Protect|p1b: Sneasler\n|-singleturn|p1b: Sneasler|Protect\n|move|p1a: Kingambit|Protect|p1a: Kingambit\n|-singleturn|p1a: Kingambit|Protect\n|move|p2a: Misterio|Fake Out|p1b: Sneasler\n|-activate|p1b: Sneasler|move: Protect\n|move|p2b: Lizardon|Flare Blitz|p1a: Kingambit\n|-activate|p1a: Kingambit|move: Protect\n|\n|upkeep\n|turn|2\n|inactive|mobileredux has 30 seconds left.\n|inactive|SunTufo has 30 seconds left.\n|inactive|SunTufo has 20 seconds left.\n|inactive|SunTufo has 15 seconds left.\n|\n|t:|1776595598\n|move|p2a: Misterio|Close Combat|p1a: Kingambit\n|-supereffective|p1a: Kingambit|2\n|-enditem|p1a: Kingambit|Focus Sash\n|-damage|p1a: Kingambit|1/100\n|-unboost|p2a: Misterio|def|1\n|-unboost|p2a: Misterio|spd|1\n|move|p1b: Sneasler|Close Combat|p2b: Lizardon\n|-damage|p2b: Lizardon|28/100\n|-unboost|p1b: Sneasler|def|1\n|-unboost|p1b: Sneasler|spd|1\n|-enditem|p1b: Sneasler|White Herb\n|-clearnegativeboost|p1b: Sneasler|[silent]\n|move|p2b: Lizardon|Flare Blitz|p1b: Sneasler\n|-damage|p1b: Sneasler|0 fnt\n|faint|p1b: Sneasler\n|-damage|p2b: Lizardon|0 fnt|[from] Recoil\n|faint|p2b: Lizardon\n|move|p1a: Kingambit|Iron Head|p2a: Misterio\n|-crit|p2a: Misterio\n|-enditem|p2a: Misterio|Focus Sash\n|-damage|p2a: Misterio|1/100\n|\n|upkeep\n|\n|t:|1776595616\n|switch|p1b: Pinsir|Pinsir, L50, M|100/100\n|switch|p2b: Rotom|Rotom-Wash, L50, shiny|100/100\n|turn|3\n|\n|t:|1776595624\n|move|p1b: Pinsir|Feint|p2a: Misterio\n|-damage|p2a: Misterio|0 fnt\n|faint|p2a: Misterio\n|move|p1a: Kingambit|Sucker Punch|p2b: Rotom\n|-damage|p2b: Rotom|48/100\n|move|p2b: Rotom|Electroweb|p1b: Pinsir|[spread] p1a,p1b\n|-damage|p1a: Kingambit|0 fnt\n|-damage|p1b: Pinsir|66/100\n|-unboost|p1b: Pinsir|spe|1\n|faint|p1a: Kingambit\n|\n|upkeep\n|\n|t:|1776595634\n|switch|p2a: Fuegro|Incineroar, L50, M, shiny|100/100\n|switch|p1a: Basculegion|Basculegion, L50, M|100/100\n|-ability|p2a: Fuegro|Intimidate|boost\n|-unboost|p1a: Basculegion|atk|1\n|-fail|p1b: Pinsir|unboost|Attack|[from] ability: Hyper Cutter|[of] p1b: Pinsir\n|turn|4\n|\n|t:|1776595660\n|move|p1b: Pinsir|Protect|p1b: Pinsir\n|-singleturn|p1b: Pinsir|Protect\n|move|p2b: Rotom|Electroweb|p1a: Basculegion|[spread] \n|-activate|p1b: Pinsir|move: Protect\n|-miss|p2b: Rotom|p1a: Basculegion\n|move|p1a: Basculegion|Wave Crash|p2a: Fuegro\n|-supereffective|p2a: Fuegro|1\n|-damage|p2a: Fuegro|11/100\n|-enditem|p2a: Fuegro|Sitrus Berry|[eat]\n|-heal|p2a: Fuegro|36/100|[from] item: Sitrus Berry\n|-damage|p1a: Basculegion|70/100|[from] Recoil\n|move|p2a: Fuegro|Throat Chop|p1a: Basculegion\n|-supereffective|p1a: Basculegion|1\n|-damage|p1a: Basculegion|0 fnt\n|faint|p1a: Basculegion\n|\n|upkeep\n|turn|5\n|inactive|mobileredux has 30 seconds left.\n|inactive|mobileredux has 20 seconds left.\n|inactive|mobileredux has 15 seconds left.\n|\n|t:|1776595701\n|detailschange|p1b: Pinsir|Pinsir-Mega, L50, M\n|-mega|p1b: Pinsir|Pinsir|Pinsirite\n|move|p2b: Rotom|Electroweb|p1b: Pinsir|[miss]\n|-miss|p2b: Rotom|p1b: Pinsir\n|move|p1b: Pinsir|Close Combat|p2a: Fuegro\n|-supereffective|p2a: Fuegro|1\n|-damage|p2a: Fuegro|0 fnt\n|-unboost|p1b: Pinsir|def|1\n|-unboost|p1b: Pinsir|spd|1\n|faint|p2a: Fuegro\n|\n|upkeep\n|turn|6\n|\n|t:|1776595726\n|move|p2b: Rotom|Electroweb|p1b: Pinsir\n|-supereffective|p1b: Pinsir|1\n|-damage|p1b: Pinsir|0 fnt\n|faint|p1b: Pinsir\n|\n|win|SunTufo\n|raw|mobileredux's rating: 1422 &rarr; <strong>1400</strong><br />(-22 for losing)\n|raw|SunTufo's rating: 1385 &rarr; <strong>1407</strong><br />(+22 for winning)\n",
  "uploadtime": 1776595727,
  "views": 19,
  "formatid": "gen9championsvgc2026regma",
  "rating": 1400,
  "private": 0,
  "password": null
}