{
  "id": "gen9championsvgc2026regma-2584906471",
  "format": "[Gen 9 Champions] VGC 2026 Reg M-A",
  "players": [
    "Smoke&Lights",
    "newberry"
  ],
  "log": "|j|\u2606Smoke&Lights\n|j|\u2606newberry\n|t:|1776293348\n|gametype|doubles\n|player|p1|Smoke&Lights|unknownf|1213\n|player|p2|newberry|102|1141\n|gen|9\n|tier|[Gen 9 Champions] VGC 2026 Reg M-A\n|rated|\n|rule|Species Clause: Limit one of each Pok\u00e9mon\n|rule|Item Clause: Limit 1 of each item\n|clearpoke\n|poke|p1|Crabominable, L50, M|\n|poke|p1|Gengar, L50, M|\n|poke|p1|Farigiraf, L50, M|\n|poke|p1|Politoed, L50, F|\n|poke|p1|Talonflame, L50, F|\n|poke|p1|Archaludon, L50, F|\n|poke|p2|Delphox, L50, M|\n|poke|p2|Garchomp, L50, F|\n|poke|p2|Talonflame, L50, M|\n|poke|p2|Rotom-Wash, L50|\n|poke|p2|Farigiraf, L50, F|\n|poke|p2|Tinkaton, L50, F|\n|teampreview|4\n|\n|t:|1776293382\n|teamsize|p1|4\n|teamsize|p2|4\n|start\n|switch|p1a: Farigiraf|Farigiraf, L50, M|100/100\n|switch|p1b: Gengar|Gengar, L50, M|100/100\n|switch|p2a: Garchomp|Garchomp, L50, F|100/100\n|switch|p2b: Delphox|Delphox, L50, M|100/100\n|turn|1\n|\n|t:|1776293409\n|detailschange|p2b: Delphox|Delphox-Mega, L50, M\n|-mega|p2b: Delphox|Delphox|Delphoxite\n|move|p1b: Gengar|Protect|p1b: Gengar\n|-singleturn|p1b: Gengar|Protect\n|move|p2b: Delphox|Psychic|p1b: Gengar\n|-activate|p1b: Gengar|move: Protect\n|move|p2a: Garchomp|Earthquake|p1a: Farigiraf|[spread] p1a\n|-activate|p1b: Gengar|move: Protect\n|-immune|p2b: Delphox|[from] ability: Levitate\n|-damage|p1a: Farigiraf|65/100\n|move|p1a: Farigiraf|Dazzling Gleam|p2a: Garchomp|[spread] p2a,p2b\n|-supereffective|p2a: Garchomp|1\n|-resisted|p2b: Delphox|1\n|-damage|p2a: Garchomp|67/100\n|-damage|p2b: Delphox|93/100\n|\n|upkeep\n|turn|2\n|\n|t:|1776293444\n|switch|p1b: Politoed|Politoed, L50, F|100/100\n|-weather|RainDance|[from] ability: Drizzle|[of] p1b: Politoed\n|move|p2b: Delphox|Heat Wave|p1b: Politoed|[spread] p1a\n|-miss|p2b: Delphox|p1b: Politoed\n|-damage|p1a: Farigiraf|47/100\n|-enditem|p1a: Farigiraf|Sitrus Berry|[eat]\n|-heal|p1a: Farigiraf|72/100|[from] item: Sitrus Berry\n|move|p2a: Garchomp|Earthquake|p1b: Politoed|[spread] p1a,p1b\n|-immune|p2b: Delphox|[from] ability: Levitate\n|-damage|p1a: Farigiraf|30/100\n|-damage|p1b: Politoed|56/100\n|move|p1a: Farigiraf|Trick Room|p1a: Farigiraf\n|-fieldstart|move: Trick Room|[of] p1a: Farigiraf\n|\n|-weather|RainDance|[upkeep]\n|upkeep\n|turn|3\n|\n|t:|1776293470\n|switch|p2b: Rotom|Rotom-Wash, L50|100/100\n|move|p1a: Farigiraf|Dazzling Gleam|p2a: Garchomp|[spread] p2a,p2b\n|-supereffective|p2a: Garchomp|1\n|-damage|p2a: Garchomp|33/100\n|-damage|p2b: Rotom|83/100\n|move|p1b: Politoed|Encore||[still]\n|-fail|p1b: Politoed\n|move|p2a: Garchomp|Earthquake|p1b: Politoed|[spread] p1a,p1b\n|-immune|p2b: Rotom|[from] ability: Levitate\n|-damage|p1a: Farigiraf|0 fnt\n|-damage|p1b: Politoed|9/100\n|faint|p1a: Farigiraf\n|\n|-weather|RainDance|[upkeep]\n|-heal|p2b: Rotom|89/100|[from] item: Leftovers\n|upkeep\n|\n|t:|1776293475\n|switch|p1a: Archaludon|Archaludon, L50, F|100/100\n|turn|4\n|\n|t:|1776293500\n|move|p1b: Politoed|Protect|p1b: Politoed\n|-singleturn|p1b: Politoed|Protect\n|move|p1a: Archaludon|Dragon Pulse|p2a: Garchomp\n|-supereffective|p2a: Garchomp|1\n|-damage|p2a: Garchomp|0 fnt\n|faint|p2a: Garchomp\n|move|p2b: Rotom|Hydro Pump|p1a: Archaludon\n|-resisted|p1a: Archaludon|1\n|-damage|p1a: Archaludon|66/100\n|-ability|p1a: Archaludon|Stamina|boost\n|-boost|p1a: Archaludon|def|1\n|\n|-weather|RainDance|[upkeep]\n|-heal|p1a: Archaludon|72/100|[from] item: Leftovers\n|-heal|p2b: Rotom|95/100|[from] item: Leftovers\n|upkeep\n|\n|t:|1776293513\n|switch|p2a: Delphox|Delphox-Mega, L50, M|93/100\n|turn|5\n|\n|t:|1776293532\n|move|p2a: Delphox|Protect|p2a: Delphox\n|-singleturn|p2a: Delphox|Protect\n|move|p1b: Politoed|Weather Ball|p2a: Delphox\n|-activate|p2a: Delphox|move: Protect\n|move|p1a: Archaludon|Electro Shot||[still]\n|-prepare|p1a: Archaludon|Electro Shot\n|-boost|p1a: Archaludon|spa|1\n|-anim|p1a: Archaludon|Electro Shot|p2b: Rotom\n|-damage|p2b: Rotom|16/100\n|move|p2b: Rotom|Hydro Pump|p1a: Archaludon\n|-resisted|p1a: Archaludon|1\n|-damage|p1a: Archaludon|39/100\n|-ability|p1a: Archaludon|Stamina|boost\n|-boost|p1a: Archaludon|def|1\n|\n|-weather|RainDance|[upkeep]\n|-heal|p1a: Archaludon|45/100|[from] item: Leftovers\n|-heal|p2b: Rotom|22/100|[from] item: Leftovers\n|upkeep\n|turn|6\n|\n|t:|1776293568\n|move|p2b: Rotom|Protect|p2b: Rotom\n|-singleturn|p2b: Rotom|Protect\n|move|p1b: Politoed|Encore|p2a: Delphox\n|-start|p2a: Delphox|Encore\n|move|p2a: Delphox|Protect||[still]\n|-fail|p2a: Delphox\n|move|p1a: Archaludon|Electro Shot||[still]\n|-prepare|p1a: Archaludon|Electro Shot\n|-boost|p1a: Archaludon|spa|1\n|-anim|p1a: Archaludon|Electro Shot|p2b: Rotom\n|-activate|p2b: Rotom|move: Protect\n|\n|-weather|none\n|-heal|p1a: Archaludon|51/100|[from] item: Leftovers\n|-heal|p2b: Rotom|28/100|[from] item: Leftovers\n|-fieldend|move: Trick Room\n|upkeep\n|turn|7\n|\n|t:|1776293589\n|switch|p2a: Talonflame|Talonflame, L50, M|100/100\n|switch|p1b: Gengar|Gengar, L50, M|100/100\n|move|p2b: Rotom|Hydro Pump|p1a: Archaludon\n|-resisted|p1a: Archaludon|1\n|-damage|p1a: Archaludon|30/100\n|-ability|p1a: Archaludon|Stamina|boost\n|-boost|p1a: Archaludon|def|1\n|move|p1a: Archaludon|Electro Shot||[still]\n|-prepare|p1a: Archaludon|Electro Shot\n|-boost|p1a: Archaludon|spa|1\n|\n|-heal|p2b: Rotom|34/100|[from] item: Leftovers\n|-heal|p1a: Archaludon|36/100|[from] item: Leftovers\n|upkeep\n|turn|8\n|\n|t:|1776293651\n|detailschange|p1b: Gengar|Gengar-Mega, L50, M\n|-mega|p1b: Gengar|Gengar|Gengarite\n|move|p1b: Gengar|Protect|p1b: Gengar\n|-singleturn|p1b: Gengar|Protect\n|move|p2a: Talonflame|Tailwind|p2a: Talonflame\n|-sidestart|p2: newberry|move: Tailwind\n|move|p2b: Rotom|Hydro Pump|p1b: Gengar\n|-activate|p1b: Gengar|move: Protect\n|move|p1a: Archaludon|Electro Shot|p2b: Rotom|[from] lockedmove\n|-damage|p2b: Rotom|0 fnt\n|faint|p2b: Rotom\n|\n|-heal|p1a: Archaludon|42/100|[from] item: Leftovers\n|upkeep\n|\n|t:|1776293664\n|switch|p2b: Delphox|Delphox-Mega, L50, M|93/100\n|turn|9\n|\n|t:|1776293684\n|switch|p1b: Politoed|Politoed, L50, F|9/100\n|-weather|RainDance|[from] ability: Drizzle|[of] p1b: Politoed\n|move|p2a: Talonflame|Brave Bird|p1b: Politoed\n|-damage|p1b: Politoed|0 fnt\n|faint|p1b: Politoed\n|-damage|p2a: Talonflame|97/100|[from] Recoil\n|move|p2b: Delphox|Heat Wave|p1a: Archaludon\n|-damage|p1a: Archaludon|11/100\n|-ability|p1a: Archaludon|Stamina|boost\n|-boost|p1a: Archaludon|def|1\n|move|p1a: Archaludon|Electro Shot||[still]\n|-prepare|p1a: Archaludon|Electro Shot\n|-boost|p1a: Archaludon|spa|1\n|-anim|p1a: Archaludon|Electro Shot|p2b: Delphox\n|-damage|p2b: Delphox|0 fnt\n|faint|p2b: Delphox\n|\n|-weather|RainDance|[upkeep]\n|-heal|p1a: Archaludon|17/100|[from] item: Leftovers\n|upkeep\n|\n|t:|1776293702\n|switch|p1b: Gengar|Gengar-Mega, L50, M|100/100\n|turn|10\n|\n|t:|1776293717\n|move|p2a: Talonflame|Brave Bird|p1a: Archaludon\n|-resisted|p1a: Archaludon|1\n|-damage|p1a: Archaludon|8/100\n|-ability|p1a: Archaludon|Stamina|boost\n|-boost|p1a: Archaludon|def|1\n|-damage|p2a: Talonflame|93/100|[from] Recoil\n|move|p1b: Gengar|Sludge Bomb|p2a: Talonflame\n|-damage|p2a: Talonflame|20/100\n|-status|p2a: Talonflame|psn\n|move|p1a: Archaludon|Electro Shot||[still]\n|-prepare|p1a: Archaludon|Electro Shot\n|-boost|p1a: Archaludon|spa|1\n|-anim|p1a: Archaludon|Electro Shot|p2a: Talonflame\n|-supereffective|p2a: Talonflame|1\n|-damage|p2a: Talonflame|0 fnt\n|faint|p2a: Talonflame\n|\n|win|Smoke&Lights\n|raw|Smoke&amp;Lights's rating: 1213 &rarr; <strong>1233</strong><br />(+20 for winning)\n|raw|newberry's rating: 1141 &rarr; <strong>1121</strong><br />(-20 for losing)\n|c|\u2606Smoke&Lights|gg\n|l|\u2606newberry\n|player|p2|\n",
  "uploadtime": 1776293804,
  "views": 26,
  "formatid": "gen9championsvgc2026regma",
  "rating": 1121,
  "private": 0,
  "password": null
}