{
  "id": "gen9championsvgc2026regma-2585375325",
  "format": "[Gen 9 Champions] VGC 2026 Reg M-A",
  "players": [
    "Andrea146",
    "TNT13"
  ],
  "log": "|j|\u2606Andrea146\n|j|\u2606TNT13\n|t:|1776342516\n|gametype|doubles\n|player|p1|Andrea146|cyrus|1167\n|player|p2|TNT13|1|1091\n|gen|9\n|tier|[Gen 9 Champions] VGC 2026 Reg M-A\n|rated|\n|rule|Species Clause: Limit one of each Pok\u00e9mon\n|rule|Item Clause: Limit 1 of each item\n|clearpoke\n|poke|p1|Froslass, L50, F|\n|poke|p1|Sinistcha, L50|\n|poke|p1|Palafin, L50, F|\n|poke|p1|Hydreigon, L50, F|\n|poke|p1|Sneasler, L50, M|\n|poke|p1|Incineroar, L50, M|\n|poke|p2|Snorlax, L50, F|\n|poke|p2|Toxapex, L50, M|\n|poke|p2|Sinistcha, L50|\n|poke|p2|Typhlosion-Hisui, L50, M|\n|poke|p2|Pikachu, L50, M|\n|poke|p2|Weavile, L50, F|\n|teampreview|4\n|inactive|Battle timer is ON: inactive players will automatically lose when time's up. (requested by TNT13)\n|inactive|Andrea146 has 60 seconds left.\n|inactive|Andrea146 has 30 seconds left.\n|inactive|Andrea146 has 20 seconds left.\n|inactive|Andrea146 has 15 seconds left.\n|\n|t:|1776342609\n|teamsize|p1|4\n|teamsize|p2|4\n|start\n|switch|p1a: Froslass|Froslass, L50, F|100/100\n|switch|p1b: Sneasler|Sneasler, L50, M|100/100\n|switch|p2a: Toxapex|Toxapex, L50, M|100/100\n|switch|p2b: Pikachu|Pikachu, L50, M|100/100\n|turn|1\n|\n|t:|1776342631\n|detailschange|p1a: Froslass|Froslass-Mega, L50, F\n|-mega|p1a: Froslass|Froslass|Froslassite\n|-weather|Snowscape|[from] ability: Snow Warning|[of] p1a: Froslass\n|move|p1b: Sneasler|Fake Out|p2b: Pikachu\n|-damage|p2b: Pikachu|52/100\n|cant|p2b: Pikachu|flinch\n|move|p1a: Froslass|Aurora Veil|p1a: Froslass\n|-sidestart|p1: Andrea146|move: Aurora Veil\n|move|p2a: Toxapex|Icy Wind|p1a: Froslass|[spread] p1a,p1b\n|-resisted|p1a: Froslass|1\n|-damage|p1a: Froslass|99/100\n|-damage|p1b: Sneasler|95/100\n|-unboost|p1a: Froslass|spe|1\n|-unboost|p1b: Sneasler|spe|1\n|-enditem|p1b: Sneasler|White Herb\n|-clearnegativeboost|p1b: Sneasler|[silent]\n|\n|-weather|Snowscape|[upkeep]\n|upkeep\n|turn|2\n|inactive|Andrea146 has 30 seconds left.\n|inactive|Andrea146 has 20 seconds left.\n|\n|t:|1776342667\n|move|p2b: Pikachu|Protect|p2b: Pikachu\n|-singleturn|p2b: Pikachu|Protect\n|move|p1b: Sneasler|Dire Claw|p2b: Pikachu\n|-activate|p2b: Pikachu|move: Protect\n|move|p1a: Froslass|Shadow Ball|p2a: Toxapex\n|-damage|p2a: Toxapex|73/100\n|move|p2a: Toxapex|Icy Wind|p1b: Sneasler|[spread] p1a,p1b\n|-resisted|p1a: Froslass|1\n|-damage|p1a: Froslass|97/100\n|-damage|p1b: Sneasler|90/100\n|-unboost|p1a: Froslass|spe|1\n|-unboost|p1b: Sneasler|spe|1\n|\n|-weather|Snowscape|[upkeep]\n|-heal|p2a: Toxapex|79/100|[from] item: Leftovers\n|upkeep\n|turn|3\n|inactive|Andrea146 has 30 seconds left.\n|\n|t:|1776342701\n|move|p1b: Sneasler|Dire Claw|p2b: Pikachu\n|-damage|p2b: Pikachu|0 fnt\n|faint|p2b: Pikachu\n|move|p1a: Froslass|Shadow Ball|p2a: Toxapex\n|-damage|p2a: Toxapex|48/100\n|move|p2a: Toxapex|Icy Wind|p1a: Froslass|[spread] p1a,p1b\n|-resisted|p1a: Froslass|1\n|-crit|p1b: Sneasler\n|-damage|p1a: Froslass|95/100\n|-damage|p1b: Sneasler|77/100\n|-unboost|p1a: Froslass|spe|1\n|-unboost|p1b: Sneasler|spe|1\n|\n|-weather|Snowscape|[upkeep]\n|-heal|p2a: Toxapex|54/100|[from] item: Leftovers\n|upkeep\n|\n|t:|1776342716\n|switch|p2b: Sinistcha|Sinistcha, L50|100/100\n|-heal|p2a: Toxapex|79/100|[from] ability: Hospitality|[of] p2b: Sinistcha\n|turn|4\n|\n|t:|1776342733\n|switch|p1b: Incineroar|Incineroar, L50, M|100/100\n|-ability|p1b: Incineroar|Intimidate|boost\n|-unboost|p2a: Toxapex|atk|1\n|-unboost|p2b: Sinistcha|atk|1\n|move|p2b: Sinistcha|Protect|p2b: Sinistcha\n|-singleturn|p2b: Sinistcha|Protect\n|move|p1a: Froslass|Blizzard|p2b: Sinistcha|[spread] p2a\n|-activate|p2b: Sinistcha|move: Protect\n|-resisted|p2a: Toxapex|1\n|-damage|p2a: Toxapex|65/100\n|move|p2a: Toxapex|Lunge|p1b: Incineroar\n|-damage|p1b: Incineroar|95/100\n|-unboost|p1b: Incineroar|atk|1\n|\n|-weather|Snowscape|[upkeep]\n|-heal|p2a: Toxapex|71/100|[from] item: Leftovers\n|upkeep\n|turn|5\n|inactive|Andrea146 has 30 seconds left.\n|inactive|TNT13 has 30 seconds left.\n|\n|t:|1776342766\n|switch|p2b: Snorlax|Snorlax, L50, F|100/100\n|switch|p1a: Sneasler|Sneasler, L50, M|77/100\n|move|p1b: Incineroar|Flare Blitz|p2b: Snorlax\n|-damage|p2b: Snorlax|89/100\n|-damage|p1b: Incineroar|91/100|[from] Recoil\n|move|p2a: Toxapex|Lunge|p1b: Incineroar\n|-damage|p1b: Incineroar|85/100\n|-unboost|p1b: Incineroar|atk|1\n|\n|-weather|none\n|-heal|p2a: Toxapex|76/100|[from] item: Leftovers\n|-sideend|p1: Andrea146|move: Aurora Veil\n|upkeep\n|turn|6\n|inactive|Andrea146 has 30 seconds left.\n|\n|t:|1776342797\n|switch|p1b: Sinistcha|Sinistcha, L50|100/100\n|-heal|p1a: Sneasler|100/100|[from] ability: Hospitality|[of] p1b: Sinistcha\n|switch|p2b: Sinistcha|Sinistcha, L50|100/100\n|-heal|p2a: Toxapex|100/100|[from] ability: Hospitality|[of] p2b: Sinistcha\n|move|p1a: Sneasler|Fake Out|p2b: Sinistcha\n|-immune|p2b: Sinistcha\n|move|p2a: Toxapex|Lunge|p1a: Sneasler\n|-resisted|p1a: Sneasler|2\n|-damage|p1a: Sneasler|97/100\n|-unboost|p1a: Sneasler|atk|1\n|\n|upkeep\n|turn|7\n|\n|t:|1776342820\n|switch|p1a: Incineroar|Incineroar, L50, M|85/100\n|-ability|p1a: Incineroar|Intimidate|boost\n|-unboost|p2a: Toxapex|atk|1\n|-unboost|p2b: Sinistcha|atk|1\n|move|p1b: Sinistcha|Protect|p1b: Sinistcha\n|-singleturn|p1b: Sinistcha|Protect\n|move|p2a: Toxapex|Lunge|p1a: Incineroar\n|-damage|p1a: Incineroar|79/100\n|-unboost|p1a: Incineroar|atk|1\n|move|p2b: Sinistcha|Trick Room|p2b: Sinistcha\n|-fieldstart|move: Trick Room|[of] p2b: Sinistcha\n|\n|upkeep\n|turn|8\n|inactive|TNT13 has 30 seconds left.\n|\n|t:|1776342852\n|move|p2a: Toxapex|Baneful Bunker|p2a: Toxapex\n|-singleturn|p2a: Toxapex|move: Protect\n|move|p2b: Sinistcha|Matcha Gotcha|p1a: Incineroar|[spread] p1a,p1b\n|-resisted|p1a: Incineroar|1\n|-crit|p1a: Incineroar\n|-resisted|p1b: Sinistcha|1\n|-damage|p1a: Incineroar|61/100\n|-damage|p1b: Sinistcha|89/100\n|move|p1a: Incineroar|Snarl|p2b: Sinistcha|[spread] p2b\n|-activate|p2a: Toxapex|move: Protect\n|-supereffective|p2b: Sinistcha|1\n|-damage|p2b: Sinistcha|80/100\n|-unboost|p2b: Sinistcha|spa|1\n|move|p1b: Sinistcha|Life Dew|p1b: Sinistcha|[spread] p1a,p1b\n|-heal|p1a: Incineroar|87/100\n|-heal|p1b: Sinistcha|100/100\n|\n|upkeep\n|turn|9\n|\n|t:|1776342873\n|switch|p2b: Snorlax|Snorlax, L50, F|89/100\n|move|p2a: Toxapex|Lunge|p1b: Sinistcha\n|-damage|p1b: Sinistcha|95/100\n|-unboost|p1b: Sinistcha|atk|1\n|move|p1a: Incineroar|Snarl|p2a: Toxapex|[spread] p2a,p2b\n|-damage|p2a: Toxapex|93/100\n|-damage|p2b: Snorlax|82/100\n|-unboost|p2a: Toxapex|spa|1\n|-unboost|p2b: Snorlax|spa|1\n|move|p1b: Sinistcha|Life Dew|p1b: Sinistcha|[spread] p1a,p1b\n|-heal|p1a: Incineroar|100/100\n|-heal|p1b: Sinistcha|100/100\n|\n|-heal|p2a: Toxapex|99/100|[from] item: Leftovers\n|upkeep\n|turn|10\n|\n|t:|1776342882\n|move|p2b: Snorlax|Belly Drum|p2b: Snorlax\n|-damage|p2b: Snorlax|32/100\n|-setboost|p2b: Snorlax|atk|6|[from] move: Belly Drum\n|-enditem|p2b: Snorlax|Sitrus Berry|[eat]\n|-heal|p2b: Snorlax|57/100|[from] item: Sitrus Berry\n|move|p2a: Toxapex|Lunge|p1b: Sinistcha\n|-damage|p1b: Sinistcha|95/100\n|-unboost|p1b: Sinistcha|atk|1\n|move|p1a: Incineroar|Parting Shot|p2b: Snorlax\n|-unboost|p2b: Snorlax|atk|1\n|-unboost|p2b: Snorlax|spa|1\n|\n|t:|1776342893\n|switch|p1a: Froslass|Froslass-Mega, L50, F|95/100|[from] Parting Shot\n|-weather|Snowscape|[from] ability: Snow Warning|[of] p1a: Froslass\n|move|p1b: Sinistcha|Life Dew|p1b: Sinistcha|[spread] p1a,p1b\n|-heal|p1a: Froslass|100/100\n|-heal|p1b: Sinistcha|100/100\n|\n|-weather|Snowscape|[upkeep]\n|-heal|p2a: Toxapex|100/100|[from] item: Leftovers\n|upkeep\n|turn|11\n|\n|t:|1776342914\n|move|p1b: Sinistcha|Protect|p1b: Sinistcha\n|-singleturn|p1b: Sinistcha|Protect\n|move|p1a: Froslass|Protect|p1a: Froslass\n|-singleturn|p1a: Froslass|Protect\n|move|p2b: Snorlax|Rock Slide|p1a: Froslass|[spread] \n|-activate|p1a: Froslass|move: Protect\n|-activate|p1b: Sinistcha|move: Protect\n|move|p2a: Toxapex|Icy Wind|p1a: Froslass|[spread] \n|-activate|p1a: Froslass|move: Protect\n|-activate|p1b: Sinistcha|move: Protect\n|\n|-weather|Snowscape|[upkeep]\n|-fieldend|move: Trick Room\n|upkeep\n|turn|12\n|inactive|TNT13 has 30 seconds left.\n|inactive|TNT13 has 20 seconds left.\n|\n|t:|1776342950\n|switch|p1b: Incineroar|Incineroar, L50, M|100/100\n|-ability|p1b: Incineroar|Intimidate|boost\n|-unboost|p2a: Toxapex|atk|1\n|-unboost|p2b: Snorlax|atk|1\n|move|p1a: Froslass|Blizzard|p2b: Snorlax|[spread] p2a,p2b\n|-resisted|p2a: Toxapex|1\n|-damage|p2a: Toxapex|85/100\n|-damage|p2b: Snorlax|44/100\n|move|p2a: Toxapex|Icy Wind|p1b: Incineroar|[spread] p1a,p1b\n|-resisted|p1a: Froslass|1\n|-resisted|p1b: Incineroar|1\n|-damage|p1a: Froslass|99/100\n|-damage|p1b: Incineroar|99/100\n|-unboost|p1a: Froslass|spe|1\n|-unboost|p1b: Incineroar|spe|1\n|move|p2b: Snorlax|Rock Slide|p1a: Froslass|[spread] p1a,p1b\n|-supereffective|p1a: Froslass|1\n|-supereffective|p1b: Incineroar|1\n|-damage|p1a: Froslass|29/100\n|-damage|p1b: Incineroar|24/100\n|-enditem|p1b: Incineroar|Sitrus Berry|[eat]\n|-heal|p1b: Incineroar|49/100|[from] item: Sitrus Berry\n|\n|-weather|Snowscape|[upkeep]\n|-heal|p2a: Toxapex|91/100|[from] item: Leftovers\n|upkeep\n|turn|13\n|inactive|Andrea146 has 30 seconds left.\n|\n|t:|1776342976\n|move|p1a: Froslass|Aurora Veil|p1a: Froslass\n|-sidestart|p1: Andrea146|move: Aurora Veil\n|move|p1b: Incineroar|Parting Shot|p2b: Snorlax\n|-unboost|p2b: Snorlax|atk|1\n|-unboost|p2b: Snorlax|spa|1\n|\n|t:|1776342980\n|switch|p1b: Sinistcha|Sinistcha, L50|100/100|[from] Parting Shot\n|-heal|p1a: Froslass|54/100|[from] ability: Hospitality|[of] p1b: Sinistcha\n|move|p2a: Toxapex|Icy Wind|p1b: Sinistcha|[spread] p1a,p1b\n|-resisted|p1a: Froslass|1\n|-supereffective|p1b: Sinistcha|1\n|-damage|p1a: Froslass|52/100\n|-damage|p1b: Sinistcha|95/100\n|-unboost|p1a: Froslass|spe|1\n|-unboost|p1b: Sinistcha|spe|1\n|move|p2b: Snorlax|Recycle|p2b: Snorlax\n|-item|p2b: Snorlax|Sitrus Berry|[from] move: Recycle\n|-enditem|p2b: Snorlax|Sitrus Berry|[eat]\n|-heal|p2b: Snorlax|69/100|[from] item: Sitrus Berry\n|\n|-weather|Snowscape|[upkeep]\n|-heal|p1b: Sinistcha|100/100|[from] item: Leftovers\n|-heal|p2a: Toxapex|97/100|[from] item: Leftovers\n|upkeep\n|turn|14\n|inactive|Andrea146 has 30 seconds left.\n|inactive|TNT13 has 30 seconds left.\n|\n|t:|1776343012\n|move|p1a: Froslass|Shadow Ball|p2a: Toxapex\n|-damage|p2a: Toxapex|69/100\n|move|p1b: Sinistcha|Life Dew||[still]|[spread] p1a,p1b\n|-heal|p1a: Froslass|77/100\n|-fail|p1b: Sinistcha|heal\n|move|p2a: Toxapex|Icy Wind|p1b: Sinistcha|[spread] p1a,p1b\n|-resisted|p1a: Froslass|1\n|-supereffective|p1b: Sinistcha|1\n|-damage|p1a: Froslass|76/100\n|-damage|p1b: Sinistcha|95/100\n|-unboost|p1a: Froslass|spe|1\n|-unboost|p1b: Sinistcha|spe|1\n|move|p2b: Snorlax|Recycle|p2b: Snorlax\n|-item|p2b: Snorlax|Sitrus Berry|[from] move: Recycle\n|\n|-weather|none\n|-heal|p2a: Toxapex|75/100|[from] item: Leftovers\n|-heal|p1b: Sinistcha|100/100|[from] item: Leftovers\n|upkeep\n|turn|15\n|\n|t:|1776343033\n|switch|p1a: Incineroar|Incineroar, L50, M|49/100\n|-ability|p1a: Incineroar|Intimidate|boost\n|-unboost|p2a: Toxapex|atk|1\n|-unboost|p2b: Snorlax|atk|1\n|move|p2a: Toxapex|Lunge|p1b: Sinistcha\n|-damage|p1b: Sinistcha|98/100\n|-unboost|p1b: Sinistcha|atk|1\n|move|p2b: Snorlax|Rock Slide|p1b: Sinistcha|[spread] p1b\n|-miss|p2b: Snorlax|p1a: Incineroar\n|-damage|p1b: Sinistcha|83/100\n|cant|p1b: Sinistcha|flinch\n|\n|-heal|p2a: Toxapex|81/100|[from] item: Leftovers\n|-heal|p1b: Sinistcha|89/100|[from] item: Leftovers\n|upkeep\n|turn|16\n|\n|t:|1776343051\n|move|p1a: Incineroar|Fake Out|p2b: Snorlax\n|-damage|p2b: Snorlax|59/100\n|move|p2a: Toxapex|Lunge|p1b: Sinistcha\n|-damage|p1b: Sinistcha|86/100\n|-unboost|p1b: Sinistcha|atk|1\n|cant|p2b: Snorlax|flinch\n|move|p1b: Sinistcha|Life Dew|p1b: Sinistcha|[spread] p1a,p1b\n|-heal|p1a: Incineroar|74/100\n|-heal|p1b: Sinistcha|100/100\n|\n|-heal|p2a: Toxapex|86/100|[from] item: Leftovers\n|upkeep\n|turn|17\n|\n|t:|1776343075\n|switch|p2a: Sinistcha|Sinistcha, L50|80/100\n|-heal|p2b: Snorlax|84/100|[from] ability: Hospitality|[of] p2a: Sinistcha\n|move|p1a: Incineroar|Parting Shot|p2b: Snorlax\n|-unboost|p2b: Snorlax|atk|1\n|-unboost|p2b: Snorlax|spa|1\n|\n|t:|1776343083\n|switch|p1a: Sneasler|Sneasler, L50, M|97/100|[from] Parting Shot\n|move|p2b: Snorlax|Belly Drum|p2b: Snorlax\n|-damage|p2b: Snorlax|34/100\n|-setboost|p2b: Snorlax|atk|6|[from] move: Belly Drum\n|-enditem|p2b: Snorlax|Sitrus Berry|[eat]\n|-heal|p2b: Snorlax|59/100|[from] item: Sitrus Berry\n|move|p1b: Sinistcha|Life Dew||[still]|[spread] p1a,p1b\n|-heal|p1a: Sneasler|100/100\n|-fail|p1b: Sinistcha|heal\n|\n|-sideend|p1: Andrea146|move: Aurora Veil\n|upkeep\n|turn|18\n|\n|t:|1776343106\n|switch|p1b: Incineroar|Incineroar, L50, M|74/100\n|-ability|p1b: Incineroar|Intimidate|boost\n|-unboost|p2a: Sinistcha|atk|1\n|-unboost|p2b: Snorlax|atk|1\n|switch|p2b: Toxapex|Toxapex, L50, M|100/100\n|move|p1a: Sneasler|Close Combat|p2b: Toxapex\n|-resisted|p2b: Toxapex|1\n|-damage|p2b: Toxapex|76/100\n|-unboost|p1a: Sneasler|def|1\n|-unboost|p1a: Sneasler|spd|1\n|move|p2a: Sinistcha|Matcha Gotcha|p1a: Sneasler|[spread] p1a,p1b\n|-resisted|p1a: Sneasler|1\n|-resisted|p1b: Incineroar|1\n|-damage|p1a: Sneasler|73/100\n|-heal|p2a: Sinistcha|93/100|[from] drain|[of] p1a: Sneasler\n|-damage|p1b: Incineroar|63/100\n|-heal|p2a: Sinistcha|99/100|[from] drain|[of] p1b: Incineroar\n|\n|-heal|p2b: Toxapex|81/100|[from] item: Leftovers\n|upkeep\n|turn|19\n|inactive|Andrea146 has 30 seconds left.\n|inactive|Andrea146 has 20 seconds left.\n|\n|t:|1776343129\n|move|p2b: Toxapex|Baneful Bunker|p2b: Toxapex\n|-singleturn|p2b: Toxapex|move: Protect\n|move|p1a: Sneasler|Dire Claw|p2a: Sinistcha\n|-damage|p2a: Sinistcha|60/100\n|move|p1b: Incineroar|Parting Shot|p2b: Toxapex\n|-activate|p2b: Toxapex|move: Protect\n|move|p2a: Sinistcha|Trick Room|p2a: Sinistcha\n|-fieldstart|move: Trick Room|[of] p2a: Sinistcha\n|\n|-heal|p2b: Toxapex|87/100|[from] item: Leftovers\n|upkeep\n|turn|20\n|inactive|Andrea146 has 20 seconds left this turn.\n|inactive|Andrea146 has 15 seconds left.\n|inactive|Andrea146 has 10 seconds left.\n|\n|t:|1776343148\n|switch|p1a: Sinistcha|Sinistcha, L50|100/100\n|-heal|p1b: Incineroar|88/100|[from] ability: Hospitality|[of] p1a: Sinistcha\n|move|p2b: Toxapex|Lunge|p1a: Sinistcha\n|-damage|p1a: Sinistcha|89/100\n|-unboost|p1a: Sinistcha|atk|1\n|move|p2a: Sinistcha|Matcha Gotcha|p1b: Incineroar|[spread] p1a,p1b\n|-resisted|p1a: Sinistcha|1\n|-resisted|p1b: Incineroar|1\n|-damage|p1a: Sinistcha|77/100\n|-heal|p2a: Sinistcha|66/100|[from] drain|[of] p1a: Sinistcha\n|-damage|p1b: Incineroar|76/100\n|-heal|p2a: Sinistcha|73/100|[from] drain|[of] p1b: Incineroar\n|move|p1b: Incineroar|Parting Shot|p2a: Sinistcha\n|-unboost|p2a: Sinistcha|atk|1\n|-unboost|p2a: Sinistcha|spa|1\n|inactive|Andrea146 has 10 seconds left this turn.\n|inactive|Andrea146 has 5 seconds left.\n|\n|t:|1776343157\n|switch|p1b: Sneasler|Sneasler, L50, M|73/100|[from] Parting Shot\n|\n|-heal|p2b: Toxapex|93/100|[from] item: Leftovers\n|-heal|p1a: Sinistcha|84/100|[from] item: Leftovers\n|upkeep\n|turn|21\n|inactive|Andrea146 has 5 seconds left this turn.\n|-message|Andrea146 lost due to inactivity.\n|\n|win|TNT13\n|raw|Andrea146's rating: 1167 &rarr; <strong>1137</strong><br />(-30 for losing)\n|raw|TNT13's rating: 1091 &rarr; <strong>1123</strong><br />(+32 for winning)\n",
  "uploadtime": 1776343168,
  "views": 27,
  "formatid": "gen9championsvgc2026regma",
  "rating": 1123,
  "private": 0,
  "password": null
}