{
  "id": "gen9championsvgc2026regma-2586473798",
  "format": "[Gen 9 Champions] VGC 2026 Reg M-A",
  "players": [
    "SalSanty",
    "champ kieran"
  ],
  "log": "|j|\u2606SalSanty\n|j|\u2606champ kieran\n|t:|1776437140\n|gametype|doubles\n|player|p1|SalSanty|170|1016\n|player|p2|champ kieran|169|1082\n|gen|9\n|tier|[Gen 9 Champions] VGC 2026 Reg M-A\n|rated|\n|rule|Species Clause: Limit one of each Pok\u00e9mon\n|rule|Item Clause: Limit 1 of each item\n|clearpoke\n|poke|p1|Tyranitar, L50, M|\n|poke|p1|Milotic, L50, F|\n|poke|p1|Excadrill, L50, M|\n|poke|p1|Rotom-Heat, L50|\n|poke|p1|Sinistcha, L50|\n|poke|p1|Gardevoir, L50, M|\n|poke|p2|Polteageist, L50|\n|poke|p2|Sinistcha, L50|\n|poke|p2|Clefable, L50, M|\n|poke|p2|Dragonite, L50, F|\n|poke|p2|Politoed, L50, M|\n|poke|p2|Chesnaught, L50, M|\n|teampreview|4\nchamp kieran has agreed to open team sheets.\nSalSanty has agreed to open team sheets.\n|showteam|p1|Tyranitar||Tyranitarite|SandStream|RockSlide,KnockOff,DragonDance,Protect|||M|||50|]Milotic||Leftovers|Competitive|Scald,IceBeam,Protect,LifeDew|||F|||50|]Excadrill||FocusSash|SandRush|Earthquake,SwordsDance,Protect,RockSlide|||M|||50|]Rotom-Heat||SitrusBerry|Levitate|Overheat,Electroweb,VoltSwitch,Protect||||||50|]Sinistcha||KasibBerry|Hospitality|MatchaGotcha,RagePowder,LifeDew,Protect||||||50|]Gardevoir||ChoiceScarf|Telepathy|DazzlingGleam,Psychic,Trick,DestinyBond|||M|||50|\n|showteam|p2|Polteageist||WhiteHerb|CursedBody|ShadowBall,ShellSmash,Protect,BatonPass||||||50|]Sinistcha||ColburBerry|Hospitality|RagePowder,MatchaGotcha,ShadowBall,Protect||||||50|]Clefable||SitrusBerry|MagicGuard|FollowMe,Moonblast,HealPulse,Protect|||M|||50|]Dragonite||Dragoninite|Multiscale|DracoMeteor,Hurricane,Thunder,Protect|||F|||50|]Politoed||WacanBerry|Drizzle|WeatherBall,MuddyWater,HelpingHand,Protect|||M|||50|]Chesnaught||Chesnaughtite|Bulletproof|DrainPunch,WoodHammer,LeechSeed,Protect|||M|||50|\n|inactive|Battle timer is ON: inactive players will automatically lose when time's up. (requested by SalSanty)\n|inactive|SalSanty has 60 seconds left.\n|\n|t:|1776437192\n|teamsize|p1|4\n|teamsize|p2|4\n|start\n|switch|p1a: Tyranitar|Tyranitar, L50, M|100/100\n|switch|p1b: Excadrill|Excadrill, L50, M|100/100\n|switch|p2a: Polteageist|Polteageist, L50|100/100\n|switch|p2b: Sinistcha|Sinistcha, L50|100/100\n|-weather|Sandstorm|[from] ability: Sand Stream|[of] p1a: Tyranitar\n|turn|1\n|inactive|SalSanty has 30 seconds left.\n|\n|t:|1776437224\n|detailschange|p1a: Tyranitar|Tyranitar-Mega, L50, M\n|-mega|p1a: Tyranitar|Tyranitar|Tyranitarite\n|move|p2b: Sinistcha|Rage Powder|p2b: Sinistcha\n|-singleturn|p2b: Sinistcha|move: Rage Powder\n|move|p1b: Excadrill|Swords Dance|p1b: Excadrill\n|-boost|p1b: Excadrill|atk|2\n|move|p1a: Tyranitar|Knock Off|p2b: Sinistcha\n|-supereffective|p2b: Sinistcha|1\n|-enditem|p2b: Sinistcha|Colbur Berry|[eat]\n|-enditem|p2b: Sinistcha|Colbur Berry|[weaken]\n|-damage|p2b: Sinistcha|58/100\n|move|p2a: Polteageist|Shell Smash|p2a: Polteageist\n|-unboost|p2a: Polteageist|def|1\n|-unboost|p2a: Polteageist|spd|1\n|-boost|p2a: Polteageist|atk|2\n|-boost|p2a: Polteageist|spa|2\n|-boost|p2a: Polteageist|spe|2\n|-enditem|p2a: Polteageist|White Herb\n|-clearnegativeboost|p2a: Polteageist|[silent]\n|\n|-weather|Sandstorm|[upkeep]\n|-damage|p2a: Polteageist|95/100|[from] Sandstorm\n|-damage|p2b: Sinistcha|52/100|[from] Sandstorm\n|upkeep\n|turn|2\n|inactive|SalSanty has 30 seconds left.\n|inactive|SalSanty has 20 seconds left.\n|inactive|SalSanty has 15 seconds left.\n|\n|t:|1776437266\n|switch|p2b: Politoed|Politoed, L50, M|100/100\n|-weather|RainDance|[from] ability: Drizzle|[of] p2b: Politoed\n|move|p2a: Polteageist|Baton Pass|p2a: Polteageist\n|\n|t:|1776437272\n|switch|p2a: Chesnaught|Chesnaught, L50, M|100/100|[from] Baton Pass\n|move|p1b: Excadrill|Swords Dance|p1b: Excadrill\n|-boost|p1b: Excadrill|atk|2\n|move|p1a: Tyranitar|Knock Off|p2b: Politoed\n|-damage|p2b: Politoed|31/100\n|-enditem|p2b: Politoed|Wacan Berry|[from] move: Knock Off|[of] p1a: Tyranitar\n|\n|-weather|RainDance|[upkeep]\n|upkeep\n|turn|3\n|\n|t:|1776437288\n|switch|p1a: Sinistcha|Sinistcha, L50|100/100\n|detailschange|p2a: Chesnaught|Chesnaught-Mega, L50, M\n|-mega|p2a: Chesnaught|Chesnaught|Chesnaughtite\n|move|p1b: Excadrill|Earthquake|p2a: Chesnaught|[spread] p1a,p2a,p2b\n|-resisted|p1a: Sinistcha|1\n|-resisted|p2a: Chesnaught|1\n|-damage|p1a: Sinistcha|47/100\n|-damage|p2a: Chesnaught|66/100\n|-damage|p2b: Politoed|0 fnt\n|faint|p2b: Politoed\n|move|p2a: Chesnaught|Drain Punch|p1b: Excadrill\n|-supereffective|p1b: Excadrill|1\n|-enditem|p1b: Excadrill|Focus Sash\n|-damage|p1b: Excadrill|1/100\n|-heal|p2a: Chesnaught|100/100|[from] drain|[of] p1b: Excadrill\n|\n|-weather|RainDance|[upkeep]\n|upkeep\n|\n|t:|1776437302\n|switch|p2b: Polteageist|Polteageist, L50|95/100\n|turn|4\n|\n|t:|1776437326\n|move|p1a: Sinistcha|Rage Powder|p1a: Sinistcha\n|-singleturn|p1a: Sinistcha|move: Rage Powder\n|move|p1b: Excadrill|Rock Slide|p2a: Chesnaught|[spread] p2a,p2b\n|-resisted|p2a: Chesnaught|1\n|-damage|p2a: Chesnaught|84/100\n|-damage|p2b: Polteageist|0 fnt\n|faint|p2b: Polteageist\n|cant|p2a: Chesnaught|flinch\n|\n|-weather|RainDance|[upkeep]\n|upkeep\n|\n|t:|1776437331\n|switch|p2b: Sinistcha|Sinistcha, L50|52/100\n|-heal|p2a: Chesnaught|100/100|[from] ability: Hospitality|[of] p2b: Sinistcha\n|turn|5\n|\n|t:|1776437343\n|move|p2b: Sinistcha|Protect|p2b: Sinistcha\n|-singleturn|p2b: Sinistcha|Protect\n|move|p1a: Sinistcha|Rage Powder|p1a: Sinistcha\n|-singleturn|p1a: Sinistcha|move: Rage Powder\n|move|p1b: Excadrill|Rock Slide|p2a: Chesnaught|[spread] p2a\n|-activate|p2b: Sinistcha|move: Protect\n|-resisted|p2a: Chesnaught|1\n|-damage|p2a: Chesnaught|84/100\n|cant|p2a: Chesnaught|flinch\n|\n|-weather|RainDance|[upkeep]\n|upkeep\n|turn|6\n|\n|t:|1776437361\n|move|p1a: Sinistcha|Rage Powder|p1a: Sinistcha\n|-singleturn|p1a: Sinistcha|move: Rage Powder\n|move|p1b: Excadrill|Rock Slide|p2b: Sinistcha|[spread] p2a,p2b\n|-resisted|p2a: Chesnaught|1\n|-damage|p2a: Chesnaught|65/100\n|-damage|p2b: Sinistcha|9/100\n|move|p2a: Chesnaught|Wood Hammer|p1a: Sinistcha\n|-resisted|p1a: Sinistcha|1\n|-damage|p1a: Sinistcha|0 fnt\n|faint|p1a: Sinistcha\n|-damage|p2a: Chesnaught|51/100|[from] Recoil\n|move|p2b: Sinistcha|Shadow Ball|p1b: Excadrill\n|-damage|p1b: Excadrill|0 fnt\n|faint|p1b: Excadrill\n|\n|-weather|none\n|upkeep\n|\n|t:|1776437375\n|switch|p1b: Gardevoir|Gardevoir, L50, M|100/100\n|switch|p1a: Tyranitar|Tyranitar-Mega, L50, M|100/100\n|-weather|Sandstorm|[from] ability: Sand Stream|[of] p1a: Tyranitar\n|turn|7\n|\n|t:|1776437389\n|move|p2a: Chesnaught|Protect|p2a: Chesnaught\n|-singleturn|p2a: Chesnaught|Protect\n|move|p2b: Sinistcha|Protect|p2b: Sinistcha\n|-singleturn|p2b: Sinistcha|Protect\n|move|p1b: Gardevoir|Dazzling Gleam|p2a: Chesnaught|[spread] \n|-activate|p2a: Chesnaught|move: Protect\n|-activate|p2b: Sinistcha|move: Protect\n|move|p1a: Tyranitar|Rock Slide|p2b: Sinistcha|[spread] \n|-activate|p2a: Chesnaught|move: Protect\n|-activate|p2b: Sinistcha|move: Protect\n|\n|-weather|Sandstorm|[upkeep]\n|-damage|p1b: Gardevoir|94/100|[from] Sandstorm\n|-damage|p2a: Chesnaught|45/100|[from] Sandstorm\n|-damage|p2b: Sinistcha|3/100|[from] Sandstorm\n|upkeep\n|turn|8\n|inactive|champ kieran has 30 seconds left.\n|\n|t:|1776437415\n|move|p1a: Tyranitar|Protect|p1a: Tyranitar\n|-singleturn|p1a: Tyranitar|Protect\n|move|p1b: Gardevoir|Dazzling Gleam|p2a: Chesnaught|[spread] p2a,p2b\n|-supereffective|p2a: Chesnaught|1\n|-damage|p2a: Chesnaught|0 fnt\n|-damage|p2b: Sinistcha|0 fnt\n|faint|p2a: Chesnaught\n|faint|p2b: Sinistcha\n|\n|win|SalSanty\n|raw|SalSanty's rating: 1016 &rarr; <strong>1061</strong><br />(+45 for winning)\n|raw|champ kieran's rating: 1082 &rarr; <strong>1056</strong><br />(-26 for losing)\n|c|\u2606SalSanty|gg\n|l|\u2606champ kieran\n|player|p2|\n",
  "uploadtime": 1776437434,
  "views": 20,
  "formatid": "gen9championsvgc2026regma",
  "rating": 1056,
  "private": 0,
  "password": null
}