{
  "id": "gen9championsvgc2026regma-2588826370",
  "format": "[Gen 9 Champions] VGC 2026 Reg M-A",
  "players": [
    "CollapsarL",
    "Damayr"
  ],
  "log": "|j|\u2606CollapsarL\n|j|\u2606Damayr\n|t:|1776675591\n|gametype|doubles\n|player|p1|CollapsarL|iris-gen5bw2|1111\n|player|p2|Damayr|170|1089\n|gen|9\n|tier|[Gen 9 Champions] VGC 2026 Reg M-A\n|rated|\n|rule|Species Clause: Limit one of each Pok\u00e9mon\n|rule|Item Clause: Limit 1 of each item\n|clearpoke\n|poke|p1|Aerodactyl, L50, M|\n|poke|p1|Floette-Eternal, L50, F|\n|poke|p1|Sneasler, L50, M|\n|poke|p1|Delphox, L50, F|\n|poke|p1|Kingambit, L50, M|\n|poke|p1|Incineroar, L50, M, shiny|\n|poke|p2|Scovillain, L50, M|\n|poke|p2|Tinkaton, L50, F|\n|poke|p2|Kleavor, L50, F|\n|poke|p2|Incineroar, L50, F|\n|poke|p2|Palafin, L50, F|\n|poke|p2|Dragapult, L50, M|\n|teampreview|4\n|inactive|Battle timer is ON: inactive players will automatically lose when time's up. (requested by Damayr)\n|\n|t:|1776675634\n|teamsize|p1|4\n|teamsize|p2|4\n|start\n|switch|p1a: Incineroar|Incineroar, L50, M, shiny|100/100\n|switch|p1b: Sneasler|Sneasler, L50, M|100/100\n|switch|p2a: Kleavor|Kleavor, L50, F|100/100\n|switch|p2b: Scovillain|Scovillain, L50, M|100/100\n|-ability|p1a: Incineroar|Intimidate|boost\n|-unboost|p2a: Kleavor|atk|1\n|-unboost|p2b: Scovillain|atk|1\n|turn|1\n|inactive|CollapsarL has 30 seconds left.\n|\n|t:|1776675662\n|switch|p1b: Kingambit|Kingambit, L50, M|100/100\n|switch|p2b: Tinkaton|Tinkaton, L50, F|100/100\n|-ability|p2b: Tinkaton|Mold Breaker\n|move|p2a: Kleavor|Stone Axe|p1a: Incineroar\n|-supereffective|p1a: Incineroar|1\n|-damage|p1a: Incineroar|41/100\n|-sidestart|p1: CollapsarL|move: Stealth Rock\n|-enditem|p1a: Incineroar|Sitrus Berry|[eat]\n|-heal|p1a: Incineroar|65/100|[from] item: Sitrus Berry\n|move|p1a: Incineroar|Flare Blitz|p2b: Tinkaton\n|-supereffective|p2b: Tinkaton|1\n|-enditem|p2b: Tinkaton|Focus Sash\n|-damage|p2b: Tinkaton|1/100\n|-damage|p1a: Incineroar|35/100|[from] Recoil\n|\n|upkeep\n|turn|2\n|inactive|CollapsarL has 30 seconds left.\n|inactive|CollapsarL has 20 seconds left.\n|\n|t:|1776675701\n|switch|p1a: Sneasler|Sneasler, L50, M|100/100\n|-damage|p1a: Sneasler|95/100|[from] Stealth Rock\n|move|p1b: Kingambit|Protect|p1b: Kingambit\n|-singleturn|p1b: Kingambit|Protect\n|move|p2b: Tinkaton|Fake Out|p1b: Kingambit\n|-activate|p1b: Kingambit|move: Protect\n|move|p2a: Kleavor|Stone Axe|p1a: Sneasler\n|-resisted|p1a: Sneasler|1\n|-damage|p1a: Sneasler|67/100\n|\n|upkeep\n|turn|3\n|\n|t:|1776675716\n|move|p1a: Sneasler|Fake Out|p2b: Tinkaton\n|-resisted|p2b: Tinkaton|1\n|-damage|p2b: Tinkaton|0 fnt\n|faint|p2b: Tinkaton\n|move|p2a: Kleavor|Stone Axe|p1a: Sneasler|[miss]\n|-miss|p2a: Kleavor|p1a: Sneasler\n|move|p1b: Kingambit|Iron Head|p2a: Kleavor\n|-supereffective|p2a: Kleavor|1\n|-damage|p2a: Kleavor|0 fnt\n|faint|p2a: Kleavor\n|\n|upkeep\n|\n|t:|1776675721\n|switch|p2b: Scovillain|Scovillain, L50, M|100/100\n|switch|p2a: Incineroar|Incineroar, L50, F|100/100\n|-ability|p2a: Incineroar|Intimidate|boost\n|-unboost|p1a: Sneasler|atk|1\n|-unboost|p1b: Kingambit|atk|1\n|-ability|p1b: Kingambit|Defiant|boost\n|-boost|p1b: Kingambit|atk|2\n|-enditem|p1a: Sneasler|White Herb\n|-clearnegativeboost|p1a: Sneasler|[silent]\n|turn|4\n|inactive|CollapsarL has 30 seconds left.\n|\n|t:|1776675759\n|switch|p1a: Incineroar|Incineroar, L50, M, shiny|35/100\n|-damage|p1a: Incineroar|10/100|[from] Stealth Rock\n|-ability|p1a: Incineroar|Intimidate|boost\n|-unboost|p2a: Incineroar|atk|1\n|-unboost|p2b: Scovillain|atk|1\n|detailschange|p2b: Scovillain|Scovillain-Mega, L50, M\n|-mega|p2b: Scovillain|Scovillain|Scovillainite\n|move|p1b: Kingambit|Protect|p1b: Kingambit\n|-singleturn|p1b: Kingambit|Protect\n|move|p2b: Scovillain|Leech Seed|p1b: Kingambit\n|-activate|p1b: Kingambit|move: Protect\n|move|p2a: Incineroar|Flare Blitz|p1a: Incineroar\n|-resisted|p1a: Incineroar|1\n|-damage|p1a: Incineroar|0 fnt\n|faint|p1a: Incineroar\n|-damage|p2a: Incineroar|98/100|[from] Recoil\n|\n|upkeep\n|\n|t:|1776675774\n|switch|p1a: Delphox|Delphox, L50, F|100/100\n|-damage|p1a: Delphox|76/100|[from] Stealth Rock\n|turn|5\n|\n|t:|1776675797\n|detailschange|p1a: Delphox|Delphox-Mega, L50, F\n|-mega|p1a: Delphox|Delphox|Delphoxite\n|move|p2b: Scovillain|Rage Powder|p2b: Scovillain\n|-singleturn|p2b: Scovillain|move: Rage Powder\n|move|p1a: Delphox|Heat Wave|p2b: Scovillain|[spread] p2a,p2b\n|-resisted|p2a: Incineroar|1\n|-damage|p2a: Incineroar|81/100\n|-damage|p2b: Scovillain|60/100\n|-immune|p1a: Delphox\n|move|p2a: Incineroar|Flare Blitz|p1b: Kingambit\n|-supereffective|p1b: Kingambit|1\n|-damage|p1b: Kingambit|40/100\n|-damage|p2a: Incineroar|61/100|[from] Recoil\n|move|p1b: Kingambit|Kowtow Cleave|p2b: Scovillain\n|-damage|p2b: Scovillain|0 fnt\n|-status|p1b: Kingambit|brn|[from] ability: Spicy Spray|[of] p2b: Scovillain\n|faint|p2b: Scovillain\n|\n|-damage|p1b: Kingambit|33/100 brn|[from] brn\n|upkeep\n|turn|6\n|-message|Damayr forfeited.\n|\n|win|CollapsarL\n|raw|CollapsarL's rating: 1111 &rarr; <strong>1134</strong><br />(+23 for winning)\n|raw|Damayr's rating: 1089 &rarr; <strong>1067</strong><br />(-22 for losing)\n|l|\u2606Damayr\n|player|p2|\n",
  "uploadtime": 1776675822,
  "views": 14,
  "formatid": "gen9championsvgc2026regma",
  "rating": 1067,
  "private": 0,
  "password": null
}