{
  "id": "gen9championsvgc2026regma-2584024757",
  "format": "[Gen 9 Champions] VGC 2026 Reg M-A",
  "players": [
    "Tiars69",
    "truthsinger0307"
  ],
  "log": "|j|\u2606Tiars69\n|j|\u2606truthsinger0307\n|t:|1776217813\n|gametype|doubles\n|player|p1|Tiars69|pilot|1167\n|player|p2|truthsinger0307|blaine|1174\n|gen|9\n|tier|[Gen 9 Champions] VGC 2026 Reg M-A\n|rated|\n|rule|Species Clause: Limit one of each Pok\u00e9mon\n|rule|Item Clause: Limit 1 of each item\n|clearpoke\n|poke|p1|Meowstic, L50, M|\n|poke|p1|Delphox, L50, F|\n|poke|p1|Sneasler, L50, F|\n|poke|p1|Incineroar, L50, M|\n|poke|p1|Whimsicott, L50, M|\n|poke|p1|Ninetales-Alola, L50, F|\n|poke|p2|Glimmora, L50, F|\n|poke|p2|Tyranitar, L50, F|\n|poke|p2|Corviknight, L50, M|\n|poke|p2|Excadrill, L50, F|\n|poke|p2|Clefable, L50, F|\n|poke|p2|Sinistcha-Masterpiece, L50|\n|teampreview|4\n|inactive|Battle timer is ON: inactive players will automatically lose when time's up. (requested by Tiars69)\n|\n|t:|1776217830\n|teamsize|p1|4\n|teamsize|p2|4\n|start\n|switch|p1a: Meowstic|Meowstic, L50, M|100/100\n|switch|p1b: Sneasler|Sneasler, L50, F|100/100\n|switch|p2a: Glimmora|Glimmora, L50, F|100/100\n|switch|p2b: Sinistcha|Sinistcha-Masterpiece, L50|100/100\n|turn|1\n|inactive|truthsinger0307 has 30 seconds left.\n|\n|t:|1776217859\n|switch|p2b: Tyranitar|Tyranitar, L50, F|100/100\n|-weather|Sandstorm|[from] ability: Sand Stream|[of] p2b: Tyranitar\n|move|p2a: Glimmora|Spiky Shield|p2a: Glimmora\n|-singleturn|p2a: Glimmora|move: Protect\n|move|p1a: Meowstic|Psychic Terrain|p1a: Meowstic\n|-fieldstart|move: Psychic Terrain\n|move|p1b: Sneasler|Dire Claw|p2b: Tyranitar\n|-resisted|p2b: Tyranitar|1\n|-damage|p2b: Tyranitar|83/100\n|-status|p2b: Tyranitar|psn\n|\n|-weather|Sandstorm|[upkeep]\n|-damage|p1b: Sneasler|95/100|[from] Sandstorm\n|-damage|p1a: Meowstic|94/100|[from] Sandstorm\n|-damage|p2b: Tyranitar|70/100 psn|[from] psn\n|upkeep\n|turn|2\n|inactive|Tiars69 has 30 seconds left.\n|\n|t:|1776217892\n|switch|p2b: Sinistcha|Sinistcha-Masterpiece, L50|100/100\n|detailschange|p2a: Glimmora|Glimmora-Mega, L50, F\n|-mega|p2a: Glimmora|Glimmora|Glimmoranite\n|move|p1a: Meowstic|Gravity|p1a: Meowstic\n|-fieldstart|move: Gravity\n|move|p1b: Sneasler|Swords Dance|p1b: Sneasler\n|-boost|p1b: Sneasler|atk|2\n|move|p2a: Glimmora|Earth Power|p1b: Sneasler\n|-supereffective|p1b: Sneasler|1\n|-damage|p1b: Sneasler|0 fnt\n|faint|p1b: Sneasler\n|\n|-weather|Sandstorm|[upkeep]\n|-damage|p1a: Meowstic|88/100|[from] Sandstorm\n|-damage|p2b: Sinistcha|94/100|[from] Sandstorm\n|upkeep\n|\n|t:|1776217904\n|switch|p1b: Delphox|Delphox, L50, F|100/100\n|turn|3\n|\n|t:|1776217915\n|detailschange|p1b: Delphox|Delphox-Mega, L50, F\n|-mega|p1b: Delphox|Delphox|Delphoxite\n|move|p2b: Sinistcha|Rage Powder|p2b: Sinistcha\n|-singleturn|p2b: Sinistcha|move: Rage Powder\n|move|p1a: Meowstic|Skill Swap|p2b: Sinistcha\n|-activate|p2b: Sinistcha|move: Psychic Terrain\n|move|p1b: Delphox|Expanding Force|p2b: Sinistcha|[spread] p2a,p2b\n|-supereffective|p2a: Glimmora|1\n|-damage|p2a: Glimmora|0 fnt\n|-damage|p2b: Sinistcha|31/100\n|-enditem|p2b: Sinistcha|Sitrus Berry|[eat]\n|-heal|p2b: Sinistcha|56/100|[from] item: Sitrus Berry\n|faint|p2a: Glimmora\n|\n|-weather|Sandstorm|[upkeep]\n|-damage|p1b: Delphox|95/100|[from] Sandstorm\n|-damage|p1a: Meowstic|82/100|[from] Sandstorm\n|-damage|p2b: Sinistcha|50/100|[from] Sandstorm\n|upkeep\n|\n|t:|1776217927\n|switch|p2a: Tyranitar|Tyranitar, L50, F|70/100 psn\n|turn|4\n|\n|t:|1776217941\n|move|p2b: Sinistcha|Rage Powder|p2b: Sinistcha\n|-singleturn|p2b: Sinistcha|move: Rage Powder\n|move|p1a: Meowstic|Skill Swap|p2b: Sinistcha\n|-activate|p2b: Sinistcha|move: Psychic Terrain\n|move|p1b: Delphox|Heat Wave|p2b: Sinistcha|[spread] p2a,p2b\n|-resisted|p2a: Tyranitar|1\n|-supereffective|p2b: Sinistcha|1\n|-damage|p2a: Tyranitar|58/100 psn\n|-damage|p2b: Sinistcha|0 fnt\n|faint|p2b: Sinistcha\n|move|p2a: Tyranitar|Rock Slide|p1b: Delphox|[spread] p1a,p1b\n|-supereffective|p1b: Delphox|1\n|-damage|p1a: Meowstic|52/100\n|-damage|p1b: Delphox|2/100\n|\n|-weather|Sandstorm|[upkeep]\n|-damage|p1b: Delphox|0 fnt|[from] Sandstorm\n|-damage|p1a: Meowstic|46/100|[from] Sandstorm\n|faint|p1b: Delphox\n|-damage|p2a: Tyranitar|46/100 psn|[from] psn\n|upkeep\n|\n|t:|1776217956\n|switch|p1b: Ninetales|Ninetales-Alola, L50, F|100/100\n|switch|p2b: Clefable|Clefable, L50, F|100/100\n|-weather|Snowscape|[from] ability: Snow Warning|[of] p1b: Ninetales\n|turn|5\n|\n|t:|1776217970\n|move|p1a: Meowstic|Skill Swap|p2b: Clefable\n|-activate|p2b: Clefable|move: Psychic Terrain\n|move|p1b: Ninetales|Moonblast|p2a: Tyranitar\n|-supereffective|p2a: Tyranitar|1\n|-damage|p2a: Tyranitar|0 fnt\n|faint|p2a: Tyranitar\n|move|p2b: Clefable|Moonblast|p1b: Ninetales\n|-damage|p1b: Ninetales|65/100\n|\n|-weather|Snowscape|[upkeep]\n|-fieldend|move: Psychic Terrain\n|upkeep\n|turn|6\n|\n|t:|1776217985\n|move|p1a: Meowstic|Skill Swap|p2b: Clefable\n|-activate|p1a: Meowstic|Skill Swap|Magic Guard|Prankster|[of] p2b: Clefable\n|move|p1b: Ninetales|Fake Tears|p2b: Clefable\n|-unboost|p2b: Clefable|spd|2\n|move|p2b: Clefable|Moonblast|p1b: Ninetales\n|-damage|p1b: Ninetales|30/100\n|\n|-weather|Snowscape|[upkeep]\n|-fieldend|move: Gravity\n|upkeep\n|turn|7\n|-activate|p1b: Ninetales|item: Quick Claw\n|\n|t:|1776218006\n|move|p1b: Ninetales|Moonblast|p2b: Clefable\n|-damage|p2b: Clefable|52/100\n|move|p1a: Meowstic|Skill Swap|p1b: Ninetales\n|-activate|p1a: Meowstic|Skill Swap|||[of] p1b: Ninetales\n|move|p2b: Clefable|Moonblast|p1b: Ninetales\n|-damage|p1b: Ninetales|0 fnt\n|faint|p1b: Ninetales\n|\n|-weather|Snowscape|[upkeep]\n|upkeep\n|turn|8\n|-message|Tiars69 forfeited.\n|\n|win|truthsinger0307\n|raw|Tiars69's rating: 1167 &rarr; <strong>1143</strong><br />(-24 for losing)\n|raw|truthsinger0307's rating: 1174 &rarr; <strong>1198</strong><br />(+24 for winning)\n|l|\u2606Tiars69\n|player|p1|\n|l|\u2606truthsinger0307\n|player|p2|\n|j|\u2606truthsinger0307\n|player|p2|truthsinger0307|blaine|\n",
  "uploadtime": 1776218052,
  "views": 20,
  "formatid": "gen9championsvgc2026regma",
  "rating": 1143,
  "private": 0,
  "password": null
}