{
  "id": "gen9championsvgc2026regma-2584542123",
  "format": "[Gen 9 Champions] VGC 2026 Reg M-A",
  "players": [
    "Gatorl0ver",
    "dwvwvwvw"
  ],
  "log": "|j|\u2606Gatorl0ver\n|j|\u2606dwvwvwvw\n|t:|1776267638\n|gametype|doubles\n|player|p1|Gatorl0ver|1|1258\n|player|p2|dwvwvwvw|169|1185\n|gen|9\n|tier|[Gen 9 Champions] VGC 2026 Reg M-A\n|rated|\n|rule|Species Clause: Limit one of each Pok\u00e9mon\n|rule|Item Clause: Limit 1 of each item\n|clearpoke\n|poke|p1|Feraligatr, L50, M|\n|poke|p1|Ninetales-Alola, L50, F|\n|poke|p1|Incineroar, L50, F|\n|poke|p1|Sinistcha, L50|\n|poke|p1|Sneasler, L50, M|\n|poke|p1|Corviknight, L50, F|\n|poke|p2|Scovillain, L50, F|\n|poke|p2|Primarina, L50, M|\n|poke|p2|Scizor, L50, F|\n|poke|p2|Armarouge, L50, F|\n|poke|p2|Aerodactyl, L50, M|\n|poke|p2|Garchomp, L50, F|\n|teampreview|4\nGatorl0ver has agreed to open team sheets.\n|inactive|Battle timer is ON: inactive players will automatically lose when time's up. (requested by Gatorl0ver)\n|\n|t:|1776267706\n|teamsize|p1|4\n|teamsize|p2|4\n|start\n|switch|p1a: Ninetales|Ninetales-Alola, L50, F|100/100\n|switch|p1b: Feraligatr|Feraligatr, L50, M|100/100\n|switch|p2a: Scovillain|Scovillain, L50, F|100/100\n|switch|p2b: Primarina|Primarina, L50, M|100/100\n|-weather|Snowscape|[from] ability: Snow Warning|[of] p1a: Ninetales\n|turn|1\n|inactive|Gatorl0ver has 30 seconds left.\n|\n|t:|1776267732\n|detailschange|p2a: Scovillain|Scovillain-Mega, L50, F\n|-mega|p2a: Scovillain|Scovillain|Scovillainite\n|move|p1b: Feraligatr|Protect|p1b: Feraligatr\n|-singleturn|p1b: Feraligatr|Protect\n|move|p2a: Scovillain|Rage Powder|p2a: Scovillain\n|-singleturn|p2a: Scovillain|move: Rage Powder\n|move|p1a: Ninetales|Freeze-Dry|p2a: Scovillain\n|-crit|p2a: Scovillain\n|-damage|p2a: Scovillain|52/100\n|-status|p1a: Ninetales|brn|[from] ability: Spicy Spray|[of] p2a: Scovillain\n|move|p2b: Primarina|Calm Mind|p2b: Primarina\n|-boost|p2b: Primarina|spa|1\n|-boost|p2b: Primarina|spd|1\n|\n|-weather|Snowscape|[upkeep]\n|-damage|p1a: Ninetales|94/100 brn|[from] brn\n|upkeep\n|turn|2\n|\n|t:|1776267748\n|switch|p1b: Incineroar|Incineroar, L50, F|100/100\n|-ability|p1b: Incineroar|Intimidate|boost\n|-unboost|p2a: Scovillain|atk|1\n|-unboost|p2b: Primarina|atk|1\n|move|p2a: Scovillain|Rage Powder|p2a: Scovillain\n|-singleturn|p2a: Scovillain|move: Rage Powder\n|move|p1a: Ninetales|Aurora Veil|p1a: Ninetales\n|-sidestart|p1: Gatorl0ver|move: Aurora Veil\n|move|p2b: Primarina|Draining Kiss|p1b: Incineroar\n|-damage|p1b: Incineroar|74/100\n|\n|-weather|Snowscape|[upkeep]\n|-damage|p1a: Ninetales|88/100 brn|[from] brn\n|upkeep\n|turn|3\n|\n|t:|1776267761\n|move|p2a: Scovillain|Protect|p2a: Scovillain\n|-singleturn|p2a: Scovillain|Protect\n|move|p1b: Incineroar|Fake Out|p2b: Primarina\n|-damage|p2b: Primarina|82/100\n|move|p1a: Ninetales|Blizzard|p2b: Primarina|[spread] p2b\n|-activate|p2a: Scovillain|move: Protect\n|-resisted|p2b: Primarina|1\n|-damage|p2b: Primarina|73/100\n|cant|p2b: Primarina|flinch\n|\n|-weather|Snowscape|[upkeep]\n|-damage|p1a: Ninetales|82/100 brn|[from] brn\n|upkeep\n|turn|4\n|\n|t:|1776267774\n|switch|p1b: Feraligatr|Feraligatr, L50, M|100/100\n|move|p1a: Ninetales|Blizzard|p2b: Primarina|[spread] p2a,p2b\n|-resisted|p2b: Primarina|1\n|-damage|p2a: Scovillain|16/100\n|-damage|p2b: Primarina|63/100\n|move|p2a: Scovillain|Flamethrower|p1a: Ninetales\n|-supereffective|p1a: Ninetales|1\n|-damage|p1a: Ninetales|13/100 brn\n|move|p2b: Primarina|Hyper Voice|p1b: Feraligatr|[spread] p1a,p1b\n|-resisted|p1b: Feraligatr|1\n|-damage|p1a: Ninetales|0 fnt\n|-damage|p1b: Feraligatr|70/100\n|faint|p1a: Ninetales\n|\n|-weather|Snowscape|[upkeep]\n|upkeep\n|\n|t:|1776267788\n|switch|p1a: Sneasler|Sneasler, L50, M|100/100\n|turn|5\n|\n|t:|1776267801\n|detailschange|p1b: Feraligatr|Feraligatr-Mega, L50, M\n|-mega|p1b: Feraligatr|Feraligatr|Feraligite\n|move|p2a: Scovillain|Protect|p2a: Scovillain\n|-singleturn|p2a: Scovillain|Protect\n|move|p2b: Primarina|Protect|p2b: Primarina\n|-singleturn|p2b: Primarina|Protect\n|move|p1a: Sneasler|Fake Out|p2b: Primarina\n|-activate|p2b: Primarina|move: Protect\n|move|p1b: Feraligatr|Dragon Dance|p1b: Feraligatr\n|-boost|p1b: Feraligatr|atk|1\n|-boost|p1b: Feraligatr|spe|1\n|\n|-weather|none\n|upkeep\n|turn|6\n|\n|t:|1776267818\n|move|p2a: Scovillain|Rage Powder|p2a: Scovillain\n|-singleturn|p2a: Scovillain|move: Rage Powder\n|move|p1b: Feraligatr|Liquidation|p2a: Scovillain\n|-damage|p2a: Scovillain|0 fnt\n|-status|p1b: Feraligatr|brn|[from] ability: Spicy Spray|[of] p2a: Scovillain\n|faint|p2a: Scovillain\n|move|p1a: Sneasler|Dire Claw|p2b: Primarina\n|-supereffective|p2b: Primarina|1\n|-damage|p2b: Primarina|0 fnt\n|faint|p2b: Primarina\n|\n|-damage|p1b: Feraligatr|64/100 brn|[from] brn\n|-sideend|p1: Gatorl0ver|move: Aurora Veil\n|upkeep\n|\n|t:|1776267825\n|switch|p2a: Armarouge|Armarouge, L50, F|100/100\n|switch|p2b: Aerodactyl|Aerodactyl, L50, M|100/100\n|-ability|p2b: Aerodactyl|Unnerve\n|turn|7\n|\n|t:|1776267835\n|switch|p1a: Incineroar|Incineroar, L50, F|74/100\n|-ability|p1a: Incineroar|Intimidate|boost\n|-unboost|p2a: Armarouge|atk|1\n|-unboost|p2b: Aerodactyl|atk|1\n|move|p2a: Armarouge|Protect|p2a: Armarouge\n|-singleturn|p2a: Armarouge|Protect\n|move|p2b: Aerodactyl|Dual Wingbeat|p1a: Incineroar\n|-damage|p1a: Incineroar|62/100\n|-damage|p1a: Incineroar|50/100\n|-hitcount|p1a: Incineroar|2\n|move|p1b: Feraligatr|Liquidation|p2a: Armarouge\n|-activate|p2a: Armarouge|move: Protect\n|\n|-damage|p1b: Feraligatr|58/100 brn|[from] brn\n|upkeep\n|turn|8\n|-message|dwvwvwvw forfeited.\n|\n|win|Gatorl0ver\n|raw|Gatorl0ver's rating: 1258 &rarr; <strong>1278</strong><br />(+20 for winning)\n|raw|dwvwvwvw's rating: 1185 &rarr; <strong>1165</strong><br />(-20 for losing)\n|l|\u2606dwvwvwvw\n|player|p2|\n",
  "uploadtime": 1776267863,
  "views": 18,
  "formatid": "gen9championsvgc2026regma",
  "rating": 1165,
  "private": 0,
  "password": null
}