{
  "id": "gen9championsvgc2026regma-2584093534",
  "format": "[Gen 9 Champions] VGC 2026 Reg M-A",
  "players": [
    "25th_mang",
    "ShadyScytherVGC"
  ],
  "log": "|j|\u260625th_mang\n|j|\u2606ShadyScytherVGC\n|t:|1776224421\n|gametype|doubles\n|player|p1|25th_mang|ballguy|1212\n|player|p2|ShadyScytherVGC|102|1189\n|gen|9\n|tier|[Gen 9 Champions] VGC 2026 Reg M-A\n|rated|\n|rule|Species Clause: Limit one of each Pok\u00e9mon\n|rule|Item Clause: Limit 1 of each item\n|clearpoke\n|poke|p1|Crabominable, L50, M|\n|poke|p1|Farigiraf, L50, F|\n|poke|p1|Incineroar, L50, M|\n|poke|p1|Archaludon, L50, M|\n|poke|p1|Pelipper, L50, F|\n|poke|p1|Sinistcha, L50|\n|poke|p2|Kingambit, L50, M|\n|poke|p2|Sneasler, L50, M|\n|poke|p2|Arcanine-Hisui, L50, F|\n|poke|p2|Froslass, L50, F|\n|poke|p2|Sinistcha, L50|\n|poke|p2|Slowking, L50, F|\n|teampreview|4\n|inactive|Battle timer is ON: inactive players will automatically lose when time's up. (requested by 25th_mang)\n|inactive|ShadyScytherVGC has 60 seconds left.\n|inactive|ShadyScytherVGC has 30 seconds left.\n|\n|t:|1776224484\n|teamsize|p1|4\n|teamsize|p2|4\n|start\n|switch|p1a: Flip|Farigiraf, L50, F|100/100\n|switch|p1b: Roar|Incineroar, L50, M|100/100\n|switch|p2a: Sneasler|Sneasler, L50, M|100/100\n|switch|p2b: Kingambit|Kingambit, L50, M|100/100\n|-ability|p1b: Roar|Intimidate|boost\n|-unboost|p2a: Sneasler|atk|1\n|-unboost|p2b: Kingambit|atk|1\n|-ability|p2b: Kingambit|Defiant|boost\n|-boost|p2b: Kingambit|atk|2\n|-enditem|p2a: Sneasler|White Herb\n|-clearnegativeboost|p2a: Sneasler|[silent]\n|turn|1\n|inactive|ShadyScytherVGC has 30 seconds left.\n|\n|t:|1776224514\n|switch|p2a: Sinistcha|Sinistcha, L50|100/100\n|move|p1b: Roar|Fake Out|p2b: Kingambit\n|-resisted|p2b: Kingambit|1\n|-damage|p2b: Kingambit|95/100\n|cant|p2b: Kingambit|flinch\n|move|p1a: Flip|Trick Room|p1a: Flip\n|-fieldstart|move: Trick Room|[of] p1a: Flip\n|\n|upkeep\n|turn|2\n|inactive|25th_mang has 30 seconds left.\n|inactive|ShadyScytherVGC has 30 seconds left.\n|\n|t:|1776224545\n|switch|p1a: My Direction|Sinistcha, L50|100/100\n|move|p2b: Kingambit|Kowtow Cleave|p1a: My Direction\n|-supereffective|p1a: My Direction|1\n|-damage|p1a: My Direction|0 fnt\n|faint|p1a: My Direction\n|move|p1b: Roar|Flare Blitz|p2a: Sinistcha\n|-supereffective|p2a: Sinistcha|1\n|-damage|p2a: Sinistcha|2/100\n|-damage|p1b: Roar|69/100|[from] Recoil\n|move|p2a: Sinistcha|Trick Room|p2a: Sinistcha\n|-fieldend|move: Trick Room\n|\n|upkeep\n|\n|t:|1776224560\n|switch|p1a: Flip|Farigiraf, L50, F|100/100\n|turn|3\n|\n|t:|1776224573\n|move|p1a: Flip|Helping Hand|p1b: Roar\n|-singleturn|p1b: Roar|Helping Hand|[of] p1a: Flip\n|move|p2a: Sinistcha|Strength Sap|p1b: Roar\n|-unboost|p1b: Roar|atk|1\n|-heal|p2a: Sinistcha|97/100\n|move|p1b: Roar|Flare Blitz|p2b: Kingambit\n|-supereffective|p2b: Kingambit|1\n|-crit|p2b: Kingambit\n|-damage|p2b: Kingambit|0 fnt\n|faint|p2b: Kingambit\n|-damage|p1b: Roar|34/100|[from] Recoil\n|\n|upkeep\n|\n|t:|1776224596\n|switch|p2b: Sneasler|Sneasler, L50, M|100/100\n|turn|4\n|\n|t:|1776224615\n|switch|p1b: Hockey Reference|Crabominable, L50, M|100/100\n|move|p2a: Sinistcha|Rage Powder|p2a: Sinistcha\n|-singleturn|p2a: Sinistcha|move: Rage Powder\n|move|p2b: Sneasler|Close Combat|p1b: Hockey Reference\n|-supereffective|p1b: Hockey Reference|1\n|-damage|p1b: Hockey Reference|0 fnt\n|-unboost|p2b: Sneasler|def|1\n|-unboost|p2b: Sneasler|spd|1\n|faint|p1b: Hockey Reference\n|move|p1a: Flip|Psychic|p2a: Sinistcha\n|-damage|p2a: Sinistcha|66/100\n|\n|upkeep\n|\n|t:|1776224628\n|switch|p1b: Roar|Incineroar, L50, M|34/100\n|-ability|p1b: Roar|Intimidate|boost\n|-unboost|p2a: Sinistcha|atk|1\n|-unboost|p2b: Sneasler|atk|1\n|turn|5\n|\n|t:|1776224650\n|move|p1b: Roar|Fake Out|p2b: Sneasler\n|-damage|p2b: Sneasler|65/100\n|cant|p2b: Sneasler|flinch\n|move|p1a: Flip|Hyper Voice|p2a: Sinistcha|[spread] p2b\n|-immune|p2a: Sinistcha\n|-damage|p2b: Sneasler|9/100\n|move|p2a: Sinistcha|Trick Room|p2a: Sinistcha\n|-fieldstart|move: Trick Room|[of] p2a: Sinistcha\n|\n|upkeep\n|turn|6\n|inactive|ShadyScytherVGC has 30 seconds left.\n|inactive|ShadyScytherVGC has 20 seconds left.\n|\n|t:|1776224688\n|move|p1a: Flip|Psychic|p2b: Sneasler\n|-supereffective|p2b: Sneasler|2\n|-damage|p2b: Sneasler|0 fnt\n|faint|p2b: Sneasler\n|move|p1b: Roar|Assurance|p2a: Sinistcha\n|-supereffective|p2a: Sinistcha|1\n|-damage|p2a: Sinistcha|2/100\n|move|p2a: Sinistcha|Trick Room|p2a: Sinistcha\n|-fieldend|move: Trick Room\n|\n|upkeep\n|\n|t:|1776224696\n|switch|p2b: Froslass|Froslass, L50, F|100/100\n|turn|7\n|inactive|ShadyScytherVGC has 30 seconds left.\n|inactive|ShadyScytherVGC has 20 seconds left.\n|inactive|ShadyScytherVGC has 15 seconds left.\n|inactive|ShadyScytherVGC has 10 seconds left.\n|\n|t:|1776224741\n|detailschange|p2b: Froslass|Froslass-Mega, L50, F\n|-mega|p2b: Froslass|Froslass|Froslassite\n|-weather|Snowscape|[from] ability: Snow Warning|[of] p2b: Froslass\n|move|p2a: Sinistcha|Rage Powder|p2a: Sinistcha\n|-singleturn|p2a: Sinistcha|move: Rage Powder\n|move|p2b: Froslass|Nasty Plot|p2b: Froslass\n|-boost|p2b: Froslass|spa|2\n|move|p1b: Roar|Snarl|p2b: Froslass|[spread] p2a,p2b\n|-supereffective|p2a: Sinistcha|1\n|-supereffective|p2b: Froslass|1\n|-damage|p2a: Sinistcha|0 fnt\n|-damage|p2b: Froslass|66/100\n|-unboost|p2b: Froslass|spa|1\n|faint|p2a: Sinistcha\n|move|p1a: Flip|Trick Room|p1a: Flip\n|-fieldstart|move: Trick Room|[of] p1a: Flip\n|\n|-weather|Snowscape|[upkeep]\n|upkeep\n|turn|8\n|\n|t:|1776224760\n|move|p1a: Flip|Psychic|p2b: Froslass\n|-damage|p2b: Froslass|26/100\n|move|p1b: Roar|Assurance|p2b: Froslass\n|-supereffective|p2b: Froslass|1\n|-damage|p2b: Froslass|0 fnt\n|faint|p2b: Froslass\n|\n|win|25th_mang\n|raw|25th_mang's rating: 1212 &rarr; <strong>1235</strong><br />(+23 for winning)\n|raw|ShadyScytherVGC's rating: 1189 &rarr; <strong>1166</strong><br />(-23 for losing)\n",
  "uploadtime": 1776224768,
  "views": 18,
  "formatid": "gen9championsvgc2026regma",
  "rating": 1166,
  "private": 0,
  "password": null
}