{
  "id": "gen9championsvgc2026regma-2587739383",
  "format": "[Gen 9 Champions] VGC 2026 Reg M-A",
  "players": [
    "jpw234",
    "MrKwan"
  ],
  "log": "|j|\u2606jpw234\n|j|\u2606MrKwan\n|t:|1776559142\n|gametype|doubles\n|player|p1|jpw234|101|1464\n|player|p2|MrKwan|102|1531\n|gen|9\n|tier|[Gen 9 Champions] VGC 2026 Reg M-A\n|rated|\n|rule|Species Clause: Limit one of each Pok\u00e9mon\n|rule|Item Clause: Limit 1 of each item\n|clearpoke\n|poke|p1|Bellibolt, L50, F|\n|poke|p1|Abomasnow, L50, M|\n|poke|p1|Mimikyu, L50, M|\n|poke|p1|Garchomp, L50, F|\n|poke|p1|Araquanid, L50, F|\n|poke|p1|Skarmory, L50, M|\n|poke|p2|Torkoal, L50, F|\n|poke|p2|Lopunny, L50, F|\n|poke|p2|Aerodactyl, L50, F|\n|poke|p2|Sinistcha, L50|\n|poke|p2|Azumarill, L50, F|\n|poke|p2|Kangaskhan, L50, F|\n|teampreview|4\n|inactive|Battle timer is ON: inactive players will automatically lose when time's up. (requested by jpw234)\n|inactive|jpw234 has 60 seconds left.\n|inactive|MrKwan has 60 seconds left.\n|inactive|MrKwan has 30 seconds left.\n|inactive|MrKwan has 20 seconds left.\n|inactive|MrKwan has 15 seconds left.\n|inactive|MrKwan has 10 seconds left.\n|\n|t:|1776559223\n|teamsize|p1|4\n|teamsize|p2|4\n|start\n|switch|p1a: Araquanid|Araquanid, L50, F|100/100\n|switch|p1b: Mimikyu|Mimikyu, L50, M|100/100\n|switch|p2a: Lopunny|Lopunny, L50, F|100/100\n|switch|p2b: Azumarill|Azumarill, L50, F|100/100\n|turn|1\n|inactive|jpw234 has 30 seconds left.\n|\n|t:|1776559253\n|detailschange|p2a: Lopunny|Lopunny-Mega, L50, F\n|-mega|p2a: Lopunny|Lopunny|Lopunnite\n|move|p2a: Lopunny|Fake Out|p1b: Mimikyu\n|-activate|p1b: Mimikyu|ability: Disguise\n|-damage|p1b: Mimikyu|100/100\n|detailschange|p1b: Mimikyu|Mimikyu-Busted, L50, M\n|-damage|p1b: Mimikyu|88/100|[from] pokemon: Mimikyu-Busted\n|cant|p1b: Mimikyu|flinch\n|move|p2b: Azumarill|Belly Drum|p2b: Azumarill\n|-damage|p2b: Azumarill|50/100\n|-setboost|p2b: Azumarill|atk|6|[from] move: Belly Drum\n|-enditem|p2b: Azumarill|Sitrus Berry|[eat]\n|-heal|p2b: Azumarill|75/100|[from] item: Sitrus Berry\n|move|p1a: Araquanid|Icy Wind|p2b: Azumarill|[spread] p2a,p2b\n|-resisted|p2b: Azumarill|1\n|-damage|p2a: Lopunny|95/100\n|-damage|p2b: Azumarill|73/100\n|-unboost|p2a: Lopunny|spe|1\n|-unboost|p2b: Azumarill|spe|1\n|\n|upkeep\n|turn|2\n|\n|t:|1776559273\n|move|p2b: Azumarill|Aqua Jet|p1b: Mimikyu\n|-damage|p1b: Mimikyu|0 fnt\n|faint|p1b: Mimikyu\n|move|p2a: Lopunny|Encore|p1a: Araquanid\n|-start|p1a: Araquanid|Encore\n|move|p1a: Araquanid|Icy Wind|p2b: Azumarill|[spread] p2a,p2b\n|-resisted|p2b: Azumarill|1\n|-damage|p2a: Lopunny|89/100\n|-damage|p2b: Azumarill|70/100\n|-unboost|p2a: Lopunny|spe|1\n|-unboost|p2b: Azumarill|spe|1\n|\n|upkeep\n|\n|t:|1776559285\n|switch|p1b: Abomasnow|Abomasnow, L50, M|100/100\n|-weather|Snowscape|[from] ability: Snow Warning|[of] p1b: Abomasnow\n|turn|3\n|\n|t:|1776559306\n|detailschange|p1b: Abomasnow|Abomasnow-Mega, L50, M\n|-mega|p1b: Abomasnow|Abomasnow|Abomasite\n|move|p2a: Lopunny|Helping Hand|p2b: Azumarill\n|-singleturn|p2b: Azumarill|Helping Hand|[of] p2a: Lopunny\n|move|p2b: Azumarill|Aqua Jet|p1b: Abomasnow\n|-resisted|p1b: Abomasnow|1\n|-damage|p1b: Abomasnow|55/100\n|move|p1a: Araquanid|Icy Wind|p2b: Azumarill|[spread] p2a,p2b\n|-resisted|p2b: Azumarill|1\n|-damage|p2a: Lopunny|83/100\n|-damage|p2b: Azumarill|68/100\n|-unboost|p2a: Lopunny|spe|1\n|-unboost|p2b: Azumarill|spe|1\n|move|p1b: Abomasnow|Blizzard|p2b: Azumarill|[spread] p2a,p2b\n|-resisted|p2b: Azumarill|1\n|-damage|p2a: Lopunny|32/100\n|-damage|p2b: Azumarill|45/100\n|-status|p2b: Azumarill|frz\n|\n|-weather|Snowscape|[upkeep]\n|upkeep\n|turn|4\n|\n|t:|1776559331\n|switch|p2a: Sinistcha|Sinistcha, L50|100/100\n|-heal|p2b: Azumarill|70/100 frz|[from] ability: Hospitality|[of] p2a: Sinistcha\n|move|p1a: Araquanid|Icy Wind|p2a: Sinistcha|[spread] p2b\n|-miss|p1a: Araquanid|p2a: Sinistcha\n|-resisted|p2b: Azumarill|1\n|-crit|p2b: Azumarill\n|-damage|p2b: Azumarill|67/100 frz\n|-unboost|p2b: Azumarill|spe|1\n|move|p1b: Abomasnow|Blizzard|p2b: Azumarill|[spread] p2a,p2b\n|-supereffective|p2a: Sinistcha|1\n|-resisted|p2b: Azumarill|1\n|-damage|p2a: Sinistcha|0 fnt\n|-damage|p2b: Azumarill|44/100 frz\n|faint|p2a: Sinistcha\n|cant|p2b: Azumarill|frz\n|\n|-weather|Snowscape|[upkeep]\n|-end|p1a: Araquanid|Encore\n|upkeep\n|\n|t:|1776559346\n|switch|p2a: Torkoal|Torkoal, L50, F|100/100\n|-weather|SunnyDay|[from] ability: Drought|[of] p2a: Torkoal\n|turn|5\n|inactive|MrKwan has 30 seconds left.\n|inactive|jpw234 has 30 seconds left.\n|inactive|MrKwan has 20 seconds left.\n|\n|t:|1776559383\n|switch|p1b: Garchomp|Garchomp, L50, F|100/100\n|move|p1a: Araquanid|Liquidation|p2a: Torkoal\n|-supereffective|p2a: Torkoal|1\n|-damage|p2a: Torkoal|53/100\n|move|p2a: Torkoal|Eruption|p1a: Araquanid|[spread] p1a,p1b\n|-resisted|p1b: Garchomp|1\n|-damage|p1a: Araquanid|83/100\n|-damage|p1b: Garchomp|75/100\n|cant|p2b: Azumarill|frz\n|\n|-weather|SunnyDay|[upkeep]\n|-heal|p1a: Araquanid|88/100|[from] item: Leftovers\n|upkeep\n|turn|6\n|inactive|MrKwan has 30 seconds left.\n|\n|t:|1776559415\n|switch|p2a: Lopunny|Lopunny-Mega, L50, F|32/100\n|-curestatus|p2b: Azumarill|frz|[msg]\n|move|p2b: Azumarill|Aqua Jet|p1b: Garchomp\n|-damage|p1b: Garchomp|20/100\n|-damage|p2b: Azumarill|32/100|[from] ability: Rough Skin|[of] p1b: Garchomp\n|move|p1b: Garchomp|Earthquake|p2a: Lopunny|[spread] p1a,p2a,p2b\n|-resisted|p1a: Araquanid|1\n|-damage|p1a: Araquanid|68/100\n|-damage|p2a: Lopunny|0 fnt\n|-damage|p2b: Azumarill|0 fnt\n|faint|p2a: Lopunny\n|faint|p2b: Azumarill\n|move|p1a: Araquanid|Liquidation|p2: Lopunny|[notarget]\n|-fail|p1a: Araquanid\n|\n|-weather|SunnyDay|[upkeep]\n|-heal|p1a: Araquanid|74/100|[from] item: Leftovers\n|upkeep\n|-message|MrKwan forfeited.\n|\n|win|jpw234\n|raw|jpw234's rating: 1464 &rarr; <strong>1488</strong><br />(+24 for winning)\n|raw|MrKwan's rating: 1531 &rarr; <strong>1507</strong><br />(-24 for losing)\n|l|\u2606MrKwan\n|player|p2|\n|l|\u2606jpw234\n|player|p1|\n",
  "uploadtime": 1776559615,
  "views": 18,
  "formatid": "gen9championsvgc2026regma",
  "rating": 1488,
  "private": 0,
  "password": null
}