{
  "id": "gen9championsvgc2026regma-2588116961",
  "format": "[Gen 9 Champions] VGC 2026 Reg M-A",
  "players": [
    "Bindro",
    "toesspicy1"
  ],
  "log": "|j|\u2606Bindro\n|j|\u2606toesspicy1\n|t:|1776606098\n|gametype|doubles\n|player|p1|Bindro|cyclist-gen4|1000\n|player|p2|toesspicy1|265|1046\n|gen|9\n|tier|[Gen 9 Champions] VGC 2026 Reg M-A\n|rated|\n|rule|Species Clause: Limit one of each Pok\u00e9mon\n|rule|Item Clause: Limit 1 of each item\n|clearpoke\n|poke|p1|Talonflame, L50, M|\n|poke|p1|Garchomp, L50, M|\n|poke|p1|Kingambit, L50, M|\n|poke|p1|Gyarados, L50, M|\n|poke|p1|Sinistcha, L50|\n|poke|p1|Raichu, L50, F|\n|poke|p2|Froslass, L50, F, shiny|\n|poke|p2|Beartic, L50, F, shiny|\n|poke|p2|Aurorus, L50, F, shiny|\n|poke|p2|Ninetales-Alola, L50, M|\n|poke|p2|Mr. Rime, L50, M|\n|poke|p2|Avalugg-Hisui, L50, F|\n|teampreview|4\n|inactive|Battle timer is ON: inactive players will automatically lose when time's up. (requested by toesspicy1)\n|\n|t:|1776606132\n|teamsize|p1|4\n|teamsize|p2|4\n|start\n|switch|p1a: Gyarados|Gyarados, L50, M|100/100\n|switch|p1b: Talonflame|Talonflame, L50, M|100/100\n|switch|p2a: Froslass|Froslass, L50, F, shiny|100/100\n|switch|p2b: Beartic|Beartic, L50, F, shiny|100/100\n|-ability|p1a: Gyarados|Intimidate|boost\n|-unboost|p2a: Froslass|atk|1\n|-unboost|p2b: Beartic|atk|1\n|turn|1\n|inactive|Bindro has 30 seconds left.\n|inactive|toesspicy1 has 30 seconds left.\n|inactive|Bindro has 20 seconds left.\n|inactive|Bindro has 15 seconds left.\n|\n|t:|1776606174\n|detailschange|p2a: Froslass|Froslass-Mega, L50, F, shiny\n|-mega|p2a: Froslass|Froslass|Froslassite\n|-weather|Snowscape|[from] ability: Snow Warning|[of] p2a: Froslass\n|detailschange|p1a: Gyarados|Gyarados-Mega, L50, M\n|-mega|p1a: Gyarados|Gyarados|Gyaradosite\n|-ability|p1a: Gyarados|Mold Breaker\n|move|p2b: Beartic|Protect|p2b: Beartic\n|-singleturn|p2b: Beartic|Protect\n|move|p1b: Talonflame|Flare Blitz|p2a: Froslass\n|-supereffective|p2a: Froslass|1\n|-crit|p2a: Froslass\n|-damage|p2a: Froslass|0 fnt\n|faint|p2a: Froslass\n|-damage|p1b: Talonflame|71/100|[from] Recoil\n|move|p1a: Gyarados|Dragon Dance|p1a: Gyarados\n|-boost|p1a: Gyarados|atk|1\n|-boost|p1a: Gyarados|spe|1\n|\n|-weather|Snowscape|[upkeep]\n|upkeep\n|\n|t:|1776606186\n|switch|p2a: Mr. Rime|Mr. Rime, L50, M|100/100\n|turn|2\n|\n|t:|1776606203\n|move|p1a: Gyarados|Dragon Dance|p1a: Gyarados\n|-boost|p1a: Gyarados|atk|1\n|-boost|p1a: Gyarados|spe|1\n|move|p1b: Talonflame|Flare Blitz|p2b: Beartic\n|-supereffective|p2b: Beartic|1\n|-damage|p2b: Beartic|34/100\n|-damage|p1b: Talonflame|47/100|[from] Recoil\n|move|p2b: Beartic|Close Combat|p1a: Gyarados\n|-supereffective|p1a: Gyarados|1\n|-damage|p1a: Gyarados|44/100\n|-unboost|p2b: Beartic|def|1\n|-unboost|p2b: Beartic|spd|1\n|move|p2a: Mr. Rime|Trick Room|p2a: Mr. Rime\n|-fieldstart|move: Trick Room|[of] p2a: Mr. Rime\n|\n|-weather|Snowscape|[upkeep]\n|upkeep\n|turn|3\n|\n|t:|1776606224\n|switch|p1b: Sinistcha|Sinistcha, L50|100/100\n|-heal|p1a: Gyarados|69/100|[from] ability: Hospitality|[of] p1b: Sinistcha\n|move|p1a: Gyarados|Protect|p1a: Gyarados\n|-singleturn|p1a: Gyarados|Protect\n|move|p2a: Mr. Rime|Thunderbolt|p1b: Sinistcha\n|-resisted|p1b: Sinistcha|1\n|-damage|p1b: Sinistcha|90/100\n|move|p2b: Beartic|Close Combat|p1a: Gyarados\n|-activate|p1a: Gyarados|move: Protect\n|\n|-weather|Snowscape|[upkeep]\n|upkeep\n|turn|4\n|\n|t:|1776606244\n|move|p2a: Mr. Rime|Freeze-Dry|p1a: Gyarados\n|-supereffective|p1a: Gyarados|1\n|-damage|p1a: Gyarados|29/100\n|move|p1b: Sinistcha|Life Dew|p1b: Sinistcha|[spread] p1a,p1b\n|-heal|p1a: Gyarados|54/100\n|-heal|p1b: Sinistcha|100/100\n|move|p2b: Beartic|Icicle Spear|p1b: Sinistcha\n|-supereffective|p1b: Sinistcha|1\n|-damage|p1b: Sinistcha|83/100\n|-supereffective|p1b: Sinistcha|1\n|-damage|p1b: Sinistcha|65/100\n|-hitcount|p1b: Sinistcha|2\n|move|p1a: Gyarados|Waterfall|p2a: Mr. Rime\n|-damage|p2a: Mr. Rime|42/100\n|\n|-weather|Snowscape|[upkeep]\n|-heal|p2a: Mr. Rime|48/100|[from] ability: Ice Body\n|upkeep\n|turn|5\n|\n|t:|1776606266\n|switch|p2b: Avalugg|Avalugg-Hisui, L50, F|100/100\n|move|p1a: Gyarados|Protect|p1a: Gyarados\n|-singleturn|p1a: Gyarados|Protect\n|move|p2a: Mr. Rime|Freeze-Dry|p1b: Sinistcha\n|-supereffective|p1b: Sinistcha|1\n|-damage|p1b: Sinistcha|21/100\n|-enditem|p1b: Sinistcha|Sitrus Berry|[eat]\n|-heal|p1b: Sinistcha|45/100|[from] item: Sitrus Berry\n|move|p1b: Sinistcha|Life Dew|p1b: Sinistcha|[spread] p1a,p1b\n|-heal|p1a: Gyarados|79/100\n|-heal|p1b: Sinistcha|71/100\n|\n|-weather|none\n|upkeep\n|turn|6\n|\n|t:|1776606290\n|move|p1b: Sinistcha|Rage Powder|p1b: Sinistcha\n|-singleturn|p1b: Sinistcha|move: Rage Powder\n|move|p2b: Avalugg|Iron Defense|p2b: Avalugg\n|-boost|p2b: Avalugg|def|2\n|move|p2a: Mr. Rime|Thunderbolt|p1b: Sinistcha\n|-resisted|p1b: Sinistcha|1\n|-damage|p1b: Sinistcha|61/100\n|move|p1a: Gyarados|Crunch|p2a: Mr. Rime\n|-supereffective|p2a: Mr. Rime|1\n|-damage|p2a: Mr. Rime|0 fnt\n|faint|p2a: Mr. Rime\n|\n|-fieldend|move: Trick Room\n|upkeep\n|\n|t:|1776606297\n|switch|p2a: Beartic|Beartic, L50, F, shiny|34/100\n|turn|7\n|\n|t:|1776606304\n|move|p1b: Sinistcha|Rage Powder|p1b: Sinistcha\n|-singleturn|p1b: Sinistcha|move: Rage Powder\n|move|p1a: Gyarados|Waterfall|p2b: Avalugg\n|-supereffective|p2b: Avalugg|1\n|-damage|p2b: Avalugg|62/100\n|move|p2a: Beartic|Close Combat|p1b: Sinistcha\n|-immune|p1b: Sinistcha\n|move|p2b: Avalugg|Body Press|p1b: Sinistcha\n|-immune|p1b: Sinistcha\n|\n|-heal|p2b: Avalugg|68/100|[from] item: Leftovers\n|upkeep\n|turn|8\n|inactive|Bindro has 30 seconds left.\n|\n|t:|1776606329\n|switch|p1b: Kingambit|Kingambit, L50, M|100/100\n|move|p1a: Gyarados|Protect|p1a: Gyarados\n|-singleturn|p1a: Gyarados|Protect\n|move|p2a: Beartic|Icicle Spear|p1a: Gyarados\n|-activate|p1a: Gyarados|move: Protect\n|move|p2b: Avalugg|Recover|p2b: Avalugg\n|-heal|p2b: Avalugg|100/100\n|\n|upkeep\n|turn|9\n|inactive|Bindro has 30 seconds left.\n|\n|t:|1776606355\n|move|p1a: Gyarados|Waterfall|p2a: Beartic\n|-damage|p2a: Beartic|0 fnt\n|faint|p2a: Beartic\n|move|p1b: Kingambit|Iron Head|p2b: Avalugg\n|-supereffective|p2b: Avalugg|2\n|-damage|p2b: Avalugg|63/100\n|move|p2b: Avalugg|Body Press|p1a: Gyarados\n|-supereffective|p1a: Gyarados|1\n|-damage|p1a: Gyarados|0 fnt\n|faint|p1a: Gyarados\n|\n|-heal|p2b: Avalugg|69/100|[from] item: Leftovers\n|upkeep\n|\n|t:|1776606363\n|switch|p1a: Talonflame|Talonflame, L50, M|47/100\n|turn|10\n|\n|t:|1776606369\n|move|p1a: Talonflame|Flare Blitz|p2b: Avalugg\n|-damage|p2b: Avalugg|59/100\n|-damage|p1a: Talonflame|43/100|[from] Recoil\n|move|p1b: Kingambit|Iron Head|p2b: Avalugg\n|-supereffective|p2b: Avalugg|2\n|-damage|p2b: Avalugg|22/100\n|move|p2b: Avalugg|Body Press|p1b: Kingambit\n|-supereffective|p1b: Kingambit|2\n|-enditem|p1b: Kingambit|Chople Berry|[eat]\n|-enditem|p1b: Kingambit|Chople Berry|[weaken]\n|-damage|p1b: Kingambit|0 fnt\n|faint|p1b: Kingambit\n|\n|-heal|p2b: Avalugg|28/100|[from] item: Leftovers\n|upkeep\n|\n|t:|1776606379\n|switch|p1b: Sinistcha|Sinistcha, L50|61/100\n|-heal|p1a: Talonflame|68/100|[from] ability: Hospitality|[of] p1b: Sinistcha\n|turn|11\n|\n|t:|1776606391\n|move|p1a: Talonflame|Flare Blitz|p2b: Avalugg\n|-damage|p2b: Avalugg|17/100\n|-damage|p1a: Talonflame|64/100|[from] Recoil\n|move|p1b: Sinistcha|Shadow Ball|p2b: Avalugg\n|-damage|p2b: Avalugg|0 fnt\n|faint|p2b: Avalugg\n|\n|win|Bindro\n|raw|Bindro's rating: 1000 &rarr; <strong>1045</strong><br />(+45 for winning)\n|raw|toesspicy1's rating: 1046 &rarr; <strong>1027</strong><br />(-19 for losing)\n",
  "uploadtime": 1776606392,
  "views": 6,
  "formatid": "gen9championsvgc2026regma",
  "rating": 1027,
  "private": 0,
  "password": null
}