{
  "id": "gen9championsvgc2026regma-2588486598",
  "format": "[Gen 9 Champions] VGC 2026 Reg M-A",
  "players": [
    "bailey's buttocks",
    "EpiclyEpicGamerW"
  ],
  "log": "|j|\u2606bailey's buttocks\n|j|\u2606EpiclyEpicGamerW\n|t:|1776637889\n|gametype|doubles\n|player|p1|bailey's buttocks|veteranf|1305\n|player|p2|EpiclyEpicGamerW|red-masters|1329\n|gen|9\n|tier|[Gen 9 Champions] VGC 2026 Reg M-A\n|rated|\n|rule|Species Clause: Limit one of each Pok\u00e9mon\n|rule|Item Clause: Limit 1 of each item\n|clearpoke\n|poke|p1|Victreebel, L50, M|\n|poke|p1|Ninetales-Alola, L50, F|\n|poke|p1|Sneasler, L50, M|\n|poke|p1|Garchomp, L50, F|\n|poke|p1|Incineroar, L50, M|\n|poke|p1|Milotic, L50, F|\n|poke|p2|Charizard, L50, M|\n|poke|p2|Whimsicott, L50, F|\n|poke|p2|Milotic, L50, F|\n|poke|p2|Aegislash, L50, F|\n|poke|p2|Sneasler, L50, M|\n|poke|p2|Farigiraf, L50, M|\n|teampreview|4\n|inactive|Battle timer is ON: inactive players will automatically lose when time's up. (requested by EpiclyEpicGamerW)\n|inactive|bailey's buttocks has 60 seconds left.\n|inactive|EpiclyEpicGamerW has 60 seconds left.\n|\n|t:|1776637926\n|teamsize|p1|4\n|teamsize|p2|4\n|start\n|switch|p1a: Garchomp|Garchomp, L50, F|100/100\n|switch|p1b: Incineroar|Incineroar, L50, M|100/100\n|switch|p2a: Whimsicott|Whimsicott, L50, F|100/100\n|switch|p2b: Sneasler|Sneasler, L50, M|100/100\n|-ability|p1b: Incineroar|Intimidate|boost\n|-unboost|p2a: Whimsicott|atk|1\n|-unboost|p2b: Sneasler|atk|1\n|-enditem|p2b: Sneasler|White Herb\n|-clearnegativeboost|p2b: Sneasler|[silent]\n|turn|1\n|inactive|EpiclyEpicGamerW has 30 seconds left.\n|inactive|EpiclyEpicGamerW has 20 seconds left.\n|inactive|EpiclyEpicGamerW has 15 seconds left.\n|inactive|EpiclyEpicGamerW has 10 seconds left.\n|\n|t:|1776637975\n|move|p2a: Whimsicott|Protect|p2a: Whimsicott\n|-singleturn|p2a: Whimsicott|Protect\n|move|p1b: Incineroar|Fake Out|p2a: Whimsicott\n|-activate|p2a: Whimsicott|move: Protect\n|move|p2b: Sneasler|Close Combat|p1b: Incineroar\n|-supereffective|p1b: Incineroar|1\n|-damage|p1b: Incineroar|0 fnt\n|-unboost|p2b: Sneasler|def|1\n|-unboost|p2b: Sneasler|spd|1\n|faint|p1b: Incineroar\n|move|p1a: Garchomp|Stomping Tantrum|p2b: Sneasler\n|-supereffective|p2b: Sneasler|1\n|-damage|p2b: Sneasler|0 fnt\n|faint|p2b: Sneasler\n|\n|upkeep\n|\n|t:|1776637992\n|switch|p2b: Charizard|Charizard, L50, M|100/100\n|switch|p1b: Victreebel|Victreebel, L50, M|100/100\n|turn|2\n|\n|t:|1776638010\n|switch|p1a: Milotic|Milotic, L50, F|100/100\n|detailschange|p1b: Victreebel|Victreebel-Mega, L50, M\n|-mega|p1b: Victreebel|Victreebel|Victreebelite\n|move|p2b: Charizard|Protect|p2b: Charizard\n|-singleturn|p2b: Charizard|Protect\n|move|p2a: Whimsicott|Tailwind|p2a: Whimsicott\n|-sidestart|p2: EpiclyEpicGamerW|move: Tailwind\n|move|p1b: Victreebel|Acid Spray|p2a: Whimsicott\n|-supereffective|p2a: Whimsicott|2\n|-damage|p2a: Whimsicott|14/100\n|-unboost|p2a: Whimsicott|spd|2\n|\n|upkeep\n|turn|3\n|\n|t:|1776638028\n|detailschange|p2b: Charizard|Charizard-Mega-X, L50, M\n|-mega|p2b: Charizard|Charizard|Charizardite X\n|move|p2a: Whimsicott|Sunny Day|p2a: Whimsicott\n|-weather|SunnyDay\n|move|p2b: Charizard|Dragon Dance|p2b: Charizard\n|-boost|p2b: Charizard|atk|1\n|-boost|p2b: Charizard|spe|1\n|move|p1a: Milotic|Icy Wind|p2a: Whimsicott|[spread] p2a,p2b\n|-supereffective|p2a: Whimsicott|1\n|-damage|p2a: Whimsicott|0 fnt\n|-damage|p2b: Charizard|88/100\n|-unboost|p2b: Charizard|spe|1\n|faint|p2a: Whimsicott\n|move|p1b: Victreebel|Acid Spray|p2b: Charizard\n|-damage|p2b: Charizard|57/100\n|-unboost|p2b: Charizard|spd|2\n|\n|-weather|SunnyDay|[upkeep]\n|upkeep\n|\n|t:|1776638035\n|switch|p2a: Milotic|Milotic, L50, F|100/100\n|turn|4\n|\n|t:|1776638050\n|move|p2b: Charizard|Flare Blitz|p1a: Milotic\n|-resisted|p1a: Milotic|1\n|-damage|p1a: Milotic|15/100\n|-damage|p2b: Charizard|20/100|[from] Recoil\n|move|p2a: Milotic|Life Dew||[still]|[spread] p2a,p2b\n|-fail|p2a: Milotic|heal\n|-heal|p2b: Charizard|45/100\n|move|p1a: Milotic|Scald|p2b: Charizard\n|-damage|p2b: Charizard|4/100\n|move|p1b: Victreebel|Acid Spray|p2b: Charizard\n|-damage|p2b: Charizard|0 fnt\n|faint|p2b: Charizard\n|\n|-weather|SunnyDay|[upkeep]\n|-heal|p1a: Milotic|21/100|[from] item: Leftovers\n|upkeep\n|turn|5\n|-message|EpiclyEpicGamerW forfeited.\n|\n|win|bailey's buttocks\n|raw|bailey&apos;s buttocks's rating: 1305 &rarr; <strong>1326</strong><br />(+21 for winning)\n|raw|EpiclyEpicGamerW's rating: 1329 &rarr; <strong>1308</strong><br />(-21 for losing)\n|l|\u2606EpiclyEpicGamerW\n|player|p2|\n",
  "uploadtime": 1776638068,
  "views": 11,
  "formatid": "gen9championsvgc2026regma",
  "rating": 1308,
  "private": 0,
  "password": null
}