{
  "id": "gen9championsvgc2026regma-2583603003",
  "format": "[Gen 9 Champions] VGC 2026 Reg M-A",
  "players": [
    "haruka&slowpoke",
    "ActualRandomizer"
  ],
  "log": "|j|\u2606haruka&slowpoke\n|j|\u2606ActualRandomizer\n|t:|1776185941\n|gametype|doubles\n|player|p1|haruka&slowpoke|veteran|1125\n|player|p2|ActualRandomizer|skier|1051\n|gen|9\n|tier|[Gen 9 Champions] VGC 2026 Reg M-A\n|rated|\n|rule|Species Clause: Limit one of each Pok\u00e9mon\n|rule|Item Clause: Limit 1 of each item\n|clearpoke\n|poke|p1|Meganium, L50, M|\n|poke|p1|Pelipper, L50, F|\n|poke|p1|Archaludon, L50, F|\n|poke|p1|Basculegion, L50, M|\n|poke|p1|Garchomp, L50, F|\n|poke|p1|Sneasler, L50, F|\n|poke|p2|Aurorus, L50, F|\n|poke|p2|Emolga, L50, F|\n|poke|p2|Castform, L50, M|\n|poke|p2|Pangoro, L50, F|\n|poke|p2|Diggersby, L50, F|\n|poke|p2|Pidgeot, L50, M|\n|teampreview|4\n|inactive|Battle timer is ON: inactive players will automatically lose when time's up. (requested by haruka&slowpoke)\n|inactive|haruka&slowpoke has 60 seconds left.\n|inactive|ActualRandomizer has 60 seconds left.\n|\n|t:|1776185995\n|teamsize|p1|4\n|teamsize|p2|4\n|start\n|switch|p1a: Basculegion|Basculegion, L50, M|100/100\n|switch|p1b: Sneasler|Sneasler, L50, F|100/100\n|switch|p2a: Emolga|Emolga, L50, F|100/100\n|switch|p2b: Aurorus|Aurorus, L50, F|100/100\n|turn|1\n|inactive|haruka&slowpoke has 30 seconds left.\n|inactive|haruka&slowpoke has 20 seconds left.\n|inactive|haruka&slowpoke has 15 seconds left.\n|\n|t:|1776186038\n|switch|p2b: Castform|Castform, L50, M|100/100\n|move|p1a: Basculegion|Protect|p1a: Basculegion\n|-singleturn|p1a: Basculegion|Protect\n|move|p1b: Sneasler|Close Combat|p2b: Castform\n|-supereffective|p2b: Castform|1\n|-damage|p2b: Castform|0 fnt\n|-unboost|p1b: Sneasler|def|1\n|-unboost|p1b: Sneasler|spd|1\n|faint|p2b: Castform\n|move|p2a: Emolga|Nuzzle|p1b: Sneasler\n|-damage|p1b: Sneasler|85/100\n|-status|p1b: Sneasler|par\n|\n|upkeep\n|\n|t:|1776186051\n|switch|p2b: Pidgeot|Pidgeot, L50, M|100/100\n|turn|2\n|\n|t:|1776186066\n|detailschange|p2b: Pidgeot|Pidgeot-Mega, L50, M\n|-mega|p2b: Pidgeot|Pidgeot|Pidgeotite\n|move|p2a: Emolga|Thunderbolt|p1a: Basculegion\n|-supereffective|p1a: Basculegion|1\n|-damage|p1a: Basculegion|41/100\n|move|p2b: Pidgeot|Tailwind|p2b: Pidgeot\n|-sidestart|p2: ActualRandomizer|move: Tailwind\n|move|p1a: Basculegion|Flip Turn|p2b: Pidgeot\n|-damage|p2b: Pidgeot|69/100\n|\n|t:|1776186087\n|switch|p1a: Pelipper|Pelipper, L50, F|100/100|[from] Flip Turn\n|-weather|RainDance|[from] ability: Drizzle|[of] p1a: Pelipper\n|move|p1b: Sneasler|Dire Claw|p2a: Emolga\n|-damage|p2a: Emolga|6/100\n|\n|-weather|RainDance|[upkeep]\n|upkeep\n|turn|3\n|\n|t:|1776186105\n|switch|p1a: Meganium|Meganium, L50, M|100/100\n|switch|p1b: Basculegion|Basculegion, L50, M|41/100\n|move|p2a: Emolga|Thunderbolt|p1a: Meganium\n|-resisted|p1a: Meganium|1\n|-damage|p1a: Meganium|84/100\n|move|p2b: Pidgeot|Hurricane|p1b: Basculegion\n|-damage|p1b: Basculegion|0 fnt\n|faint|p1b: Basculegion\n|\n|-weather|RainDance|[upkeep]\n|upkeep\n|\n|t:|1776186125\n|switch|p1b: Sneasler|Sneasler, L50, F|85/100 par\n|turn|4\n|\n|t:|1776186141\n|move|p2a: Emolga|Protect|p2a: Emolga\n|-singleturn|p2a: Emolga|Protect\n|move|p1a: Meganium|Protect|p1a: Meganium\n|-singleturn|p1a: Meganium|Protect\n|move|p1b: Sneasler|Fake Out|p2a: Emolga\n|-activate|p2a: Emolga|move: Protect\n|move|p2b: Pidgeot|Hurricane|p1b: Sneasler\n|-supereffective|p1b: Sneasler|1\n|-crit|p1b: Sneasler\n|-damage|p1b: Sneasler|0 fnt\n|faint|p1b: Sneasler\n|\n|-weather|RainDance|[upkeep]\n|upkeep\n|\n|t:|1776186145\n|switch|p1b: Pelipper|Pelipper, L50, F|100/100\n|turn|5\n|\n|t:|1776186156\n|detailschange|p1a: Meganium|Meganium-Mega, L50, M\n|-mega|p1a: Meganium|Meganium|Meganiumite\n|move|p2a: Emolga|Thunderbolt|p1b: Pelipper\n|-supereffective|p1b: Pelipper|2\n|-damage|p1b: Pelipper|0 fnt\n|faint|p1b: Pelipper\n|move|p2b: Pidgeot|Hurricane|p1a: Meganium\n|-supereffective|p1a: Meganium|1\n|-damage|p1a: Meganium|0 fnt\n|faint|p1a: Meganium\n|\n|win|ActualRandomizer\n|raw|haruka&amp;slowpoke's rating: 1125 &rarr; <strong>1095</strong><br />(-30 for losing)\n|raw|ActualRandomizer's rating: 1051 &rarr; <strong>1090</strong><br />(+39 for winning)\n|l|\u2606haruka&slowpoke\n|player|p1|\n",
  "uploadtime": 1776186171,
  "views": 23,
  "formatid": "gen9championsvgc2026regma",
  "rating": 1090,
  "private": 0,
  "password": null
}