{
  "id": "gen9championsvgc2026regma-2588692344",
  "format": "[Gen 9 Champions] VGC 2026 Reg M-A",
  "players": [
    "billbond",
    "CEExy"
  ],
  "log": "|j|\u2606billbond\n|j|\u2606CEExy\n|t:|1776658366\n|gametype|doubles\n|player|p1|billbond|lance|1411\n|player|p2|CEExy|hilbert|1337\n|gen|9\n|tier|[Gen 9 Champions] VGC 2026 Reg M-A\n|rated|\n|rule|Species Clause: Limit one of each Pok\u00e9mon\n|rule|Item Clause: Limit 1 of each item\n|clearpoke\n|poke|p1|Ditto, L50|\n|poke|p1|Dragonite, L50, F|\n|poke|p1|Farigiraf, L50, M|\n|poke|p1|Incineroar, L50, F|\n|poke|p1|Gengar, L50, M|\n|poke|p1|Araquanid, L50, F|\n|poke|p2|Floette-Eternal, L50, F|\n|poke|p2|Kingambit, L50, M|\n|poke|p2|Charizard, L50, M|\n|poke|p2|Sneasler, L50, M|\n|poke|p2|Aerodactyl, L50, M|\n|poke|p2|Garchomp, L50, M, shiny|\n|teampreview|4\n|\n|t:|1776658438\n|teamsize|p1|4\n|teamsize|p2|4\n|start\n|switch|p1a: Dragonite|Dragonite, L50, F|100/100\n|switch|p1b: Farigiraf|Farigiraf, L50, M|100/100\n|switch|p2a: Kingambit|Kingambit, L50, M|100/100\n|switch|p2b: Floette|Floette-Eternal, L50, F|100/100\n|turn|1\n|\n|t:|1776658460\n|detailschange|p2b: Floette|Floette-Mega, L50, F\n|-mega|p2b: Floette|Floette|Floettite\n|-ability|p2b: Floette|Fairy Aura\n|move|p1a: Dragonite|Protect|p1a: Dragonite\n|-singleturn|p1a: Dragonite|Protect\n|move|p2b: Floette|Dazzling Gleam|p1a: Dragonite|[spread] p1b\n|-activate|p1a: Dragonite|move: Protect\n|-damage|p1b: Farigiraf|49/100\n|-enditem|p1b: Farigiraf|Sitrus Berry|[eat]\n|-heal|p1b: Farigiraf|73/100|[from] item: Sitrus Berry\n|move|p2a: Kingambit|Kowtow Cleave|p1b: Farigiraf\n|-supereffective|p1b: Farigiraf|1\n|-damage|p1b: Farigiraf|0 fnt\n|faint|p1b: Farigiraf\n|\n|upkeep\n|\n|t:|1776658478\n|switch|p1b: Araquanid|Araquanid, L50, F|100/100\n|turn|2\n|\n|t:|1776658498\n|detailschange|p1a: Dragonite|Dragonite-Mega, L50, F\n|-mega|p1a: Dragonite|Dragonite|Dragoninite\n|move|p1a: Dragonite|Tailwind|p1a: Dragonite\n|-sidestart|p1: billbond|move: Tailwind\n|move|p1b: Araquanid|Hydro Pump|p2a: Kingambit\n|-damage|p2a: Kingambit|52/100\n|move|p2b: Floette|Dazzling Gleam|p1a: Dragonite|[spread] p1a,p1b\n|-supereffective|p1a: Dragonite|1\n|-damage|p1a: Dragonite|55/100\n|-damage|p1b: Araquanid|60/100\n|move|p2a: Kingambit|Kowtow Cleave|p1b: Araquanid\n|-damage|p1b: Araquanid|12/100\n|\n|upkeep\n|turn|3\n|\n|t:|1776658521\n|move|p1b: Araquanid|Wide Guard|p1b: Araquanid\n|-singleturn|p1b: Araquanid|Wide Guard\n|move|p2a: Kingambit|Sucker Punch||[still]\n|-fail|p2a: Kingambit\n|move|p1a: Dragonite|Hurricane|p2b: Floette|[miss]\n|-miss|p1a: Dragonite|p2b: Floette\n|move|p2b: Floette|Dazzling Gleam|p1b: Araquanid|[spread] \n|-activate|p1a: Dragonite|move: Wide Guard\n|-activate|p1b: Araquanid|move: Wide Guard\n|\n|upkeep\n|turn|4\n|\n|t:|1776658553\n|move|p2a: Kingambit|Sucker Punch|p1a: Dragonite\n|-damage|p1a: Dragonite|15/100\n|move|p1a: Dragonite|Hurricane|p2b: Floette\n|-damage|p2b: Floette|47/100\n|move|p1b: Araquanid|Hydro Pump|p2b: Floette\n|-damage|p2b: Floette|10/100\n|move|p2b: Floette|Moonblast|p1b: Araquanid\n|-damage|p1b: Araquanid|0 fnt\n|faint|p1b: Araquanid\n|\n|upkeep\n|\n|t:|1776658561\n|switch|p1b: Ditto|Ditto, L50|100/100\n|-transform|p1b: Ditto|p2a: Kingambit|[from] ability: Imposter\n|turn|5\n|\n|t:|1776658576\n|switch|p2a: Aerodactyl|Aerodactyl, L50, M|100/100\n|move|p1a: Dragonite|Protect|p1a: Dragonite\n|-singleturn|p1a: Dragonite|Protect\n|move|p2b: Floette|Protect|p2b: Floette\n|-singleturn|p2b: Floette|Protect\n|move|p1b: Ditto|Sucker Punch||[still]\n|-fail|p1b: Ditto\n|\n|-sideend|p1: billbond|move: Tailwind\n|upkeep\n|turn|6\n|\n|t:|1776658595\n|move|p2a: Aerodactyl|Rock Slide|p1b: Ditto|[spread] p1a,p1b\n|-supereffective|p1a: Dragonite|1\n|-resisted|p1b: Ditto|1\n|-damage|p1a: Dragonite|0 fnt\n|-damage|p1b: Ditto|87/100\n|faint|p1a: Dragonite\n|move|p2b: Floette|Moonblast|p1b: Ditto\n|-damage|p1b: Ditto|0 fnt\n|faint|p1b: Ditto\n|\n|win|CEExy\n|raw|billbond's rating: 1411 &rarr; <strong>1387</strong><br />(-24 for losing)\n|raw|CEExy's rating: 1337 &rarr; <strong>1361</strong><br />(+24 for winning)\n|l|\u2606billbond\n|player|p1|\n",
  "uploadtime": 1776658603,
  "views": 7,
  "formatid": "gen9championsvgc2026regma",
  "rating": 1361,
  "private": 0,
  "password": null
}