{
  "id": "gen9championsvgc2026regma-2582400926",
  "format": "[Gen 9 Champions] VGC 2026 Reg M-A",
  "players": [
    "thisisatrip!",
    "eertz"
  ],
  "log": "|j|\u2606thisisatrip!\n|j|\u2606eertz\n|t:|1776089231\n|gametype|doubles\n|player|p1|thisisatrip!|steven|1074\n|player|p2|eertz|lady|1000\n|gen|9\n|tier|[Gen 9 Champions] VGC 2026 Reg M-A\n|rated|\n|rule|Species Clause: Limit one of each Pok\u00e9mon\n|rule|Item Clause: Limit 1 of each item\n|clearpoke\n|poke|p1|Aerodactyl, L50, F|\n|poke|p1|Garchomp, L50, F|\n|poke|p1|Orthworm, L50, M|\n|poke|p1|Delphox, L50, M|\n|poke|p1|Tyranitar, L50, F|\n|poke|p1|Rotom-Wash, L50|\n|poke|p2|Charizard, L50, M|\n|poke|p2|Incineroar, L50, F|\n|poke|p2|Whimsicott, L50, M|\n|poke|p2|Rotom-Wash, L50|\n|poke|p2|Sneasler, L50, M|\n|poke|p2|Garchomp, L50, F|\n|teampreview|4\n|inactive|Battle timer is ON: inactive players will automatically lose when time's up. (requested by eertz)\n|\n|t:|1776089274\n|teamsize|p1|4\n|teamsize|p2|4\n|start\n|switch|p1a: Orthworm|Orthworm, L50, M|100/100\n|switch|p1b: Aerodactyl|Aerodactyl, L50, F|100/100\n|switch|p2a: Charizard|Charizard, L50, M|100/100\n|switch|p2b: Rotom|Rotom-Wash, L50|100/100\n|-ability|p1b: Aerodactyl|Unnerve\n|turn|1\n|inactive|eertz has 30 seconds left.\n|\n|t:|1776089303\n|move|p2a: Charizard|Protect|p2a: Charizard\n|-singleturn|p2a: Charizard|Protect\n|move|p1b: Aerodactyl|Tailwind|p1b: Aerodactyl\n|-sidestart|p1: thisisatrip!|move: Tailwind\n|move|p1a: Orthworm|Shed Tail|p1a: Orthworm\n|-start|p1a: Orthworm|Substitute|[from] move: Shed Tail\n|-damage|p1a: Orthworm|50/100\n|-enditem|p1a: Orthworm|Sitrus Berry|[eat]\n|-heal|p1a: Orthworm|75/100|[from] item: Sitrus Berry\n|\n|t:|1776089310\n|switch|p1a: Garchomp|Garchomp, L50, F|100/100|[from] Shed Tail\n|move|p2b: Rotom|Thunderbolt|p1b: Aerodactyl\n|-supereffective|p1b: Aerodactyl|1\n|-enditem|p1b: Aerodactyl|Focus Sash\n|-damage|p1b: Aerodactyl|1/100\n|-status|p1b: Aerodactyl|par\n|\n|upkeep\n|turn|2\n|inactive|eertz has 30 seconds left.\n|\n|t:|1776089342\n|switch|p2a: Garchomp|Garchomp, L50, F|100/100\n|move|p1a: Garchomp|Rock Slide|p2b: Rotom|[spread] p2a,p2b\n|-resisted|p2a: Garchomp|1\n|-damage|p2a: Garchomp|91/100\n|-damage|p2b: Rotom|78/100\n|move|p1b: Aerodactyl|Rock Slide|p2a: Garchomp|[spread] p2a,p2b\n|-resisted|p2a: Garchomp|1\n|-damage|p2a: Garchomp|80/100\n|-damage|p2b: Rotom|51/100\n|move|p2b: Rotom|Hydro Pump|p1a: Garchomp\n|-crit|p1a: Garchomp\n|-end|p1a: Garchomp|Substitute\n|\n|-heal|p2b: Rotom|57/100|[from] item: Leftovers\n|upkeep\n|turn|3\n|\n|t:|1776089361\n|switch|p1a: Orthworm|Orthworm, L50, M|75/100\n|switch|p2a: Incineroar|Incineroar, L50, F|100/100\n|-ability|p2a: Incineroar|Intimidate|boost\n|-unboost|p1a: Orthworm|atk|1\n|-unboost|p1b: Aerodactyl|atk|1\n|move|p1b: Aerodactyl|Earthquake|p2b: Rotom|[spread] p2a\n|-heal|p1a: Orthworm|99/100|[from] ability: Earth Eater|[of] p1b: Aerodactyl\n|-immune|p2b: Rotom|[from] ability: Levitate\n|-supereffective|p2a: Incineroar|1\n|-damage|p2a: Incineroar|79/100\n|move|p2b: Rotom|Volt Switch|p1b: Aerodactyl\n|-supereffective|p1b: Aerodactyl|1\n|-damage|p1b: Aerodactyl|0 fnt\n|faint|p1b: Aerodactyl\n|\n|t:|1776089380\n|switch|p2b: Charizard|Charizard, L50, M|100/100|[from] Volt Switch\n|\n|upkeep\n|\n|t:|1776089384\n|switch|p1b: Delphox|Delphox, L50, M|100/100\n|turn|4\n|\n|t:|1776089393\n|detailschange|p1b: Delphox|Delphox-Mega, L50, M\n|-mega|p1b: Delphox|Delphox|Delphoxite\n|detailschange|p2b: Charizard|Charizard-Mega-Y, L50, M\n|-mega|p2b: Charizard|Charizard|Charizardite Y\n|-weather|SunnyDay|[from] ability: Drought|[of] p2b: Charizard\n|move|p2a: Incineroar|Fake Out|p1a: Orthworm\n|-resisted|p1a: Orthworm|1\n|-damage|p1a: Orthworm|97/100\n|move|p1b: Delphox|Nasty Plot|p1b: Delphox\n|-boost|p1b: Delphox|spa|2\n|cant|p1a: Orthworm|flinch\n|move|p2b: Charizard|Heat Wave|p1b: Delphox|[spread] p1a,p1b\n|-supereffective|p1a: Orthworm|1\n|-resisted|p1b: Delphox|1\n|-damage|p1a: Orthworm|0 fnt\n|-damage|p1b: Delphox|67/100\n|faint|p1a: Orthworm\n|\n|-weather|SunnyDay|[upkeep]\n|-sideend|p1: thisisatrip!|move: Tailwind\n|upkeep\n|\n|t:|1776089399\n|switch|p1a: Garchomp|Garchomp, L50, F|100/100\n|turn|5\n|\n|t:|1776089411\n|switch|p2a: Rotom|Rotom-Wash, L50|57/100\n|move|p2b: Charizard|Protect|p2b: Charizard\n|-singleturn|p2b: Charizard|Protect\n|move|p1a: Garchomp|Rock Slide|p2b: Charizard|[spread] p2a\n|-activate|p2b: Charizard|move: Protect\n|-damage|p2a: Rotom|37/100\n|move|p1b: Delphox|Heat Wave|p2a: Rotom|[spread] p2a\n|-activate|p2b: Charizard|move: Protect\n|-resisted|p2a: Rotom|1\n|-damage|p2a: Rotom|0 fnt\n|faint|p2a: Rotom\n|\n|-weather|SunnyDay|[upkeep]\n|upkeep\n|\n|t:|1776089418\n|switch|p2a: Incineroar|Incineroar, L50, F|79/100\n|-ability|p2a: Incineroar|Intimidate|boost\n|-unboost|p1a: Garchomp|atk|1\n|-unboost|p1b: Delphox|atk|1\n|turn|6\n|\n|t:|1776089439\n|move|p2a: Incineroar|Fake Out|p1a: Garchomp\n|-damage|p1a: Garchomp|90/100\n|cant|p1a: Garchomp|flinch\n|move|p1b: Delphox|Psychic|p2b: Charizard\n|-damage|p2b: Charizard|11/100\n|move|p2b: Charizard|Heat Wave|p1a: Garchomp|[spread] p1a,p1b\n|-resisted|p1a: Garchomp|1\n|-resisted|p1b: Delphox|1\n|-damage|p1a: Garchomp|52/100\n|-damage|p1b: Delphox|35/100\n|\n|-weather|SunnyDay|[upkeep]\n|upkeep\n|turn|7\n|\n|t:|1776089457\n|move|p2b: Charizard|Protect|p2b: Charizard\n|-singleturn|p2b: Charizard|Protect\n|move|p1a: Garchomp|Rock Slide|p2a: Incineroar|[spread] \n|-activate|p2b: Charizard|move: Protect\n|-miss|p1a: Garchomp|p2a: Incineroar\n|move|p1b: Delphox|Heat Wave|p2b: Charizard|[spread] p2a\n|-activate|p2b: Charizard|move: Protect\n|-resisted|p2a: Incineroar|1\n|-damage|p2a: Incineroar|14/100\n|-enditem|p2a: Incineroar|Sitrus Berry|[eat]\n|-heal|p2a: Incineroar|39/100|[from] item: Sitrus Berry\n|move|p2a: Incineroar|Parting Shot|p1b: Delphox\n|-unboost|p1b: Delphox|atk|1\n|-unboost|p1b: Delphox|spa|1\n|\n|t:|1776089467\n|switch|p2a: Garchomp|Garchomp, L50, F|80/100|[from] Parting Shot\n|\n|-weather|SunnyDay|[upkeep]\n|upkeep\n|turn|8\n|inactive|eertz has 30 seconds left.\n|\n|t:|1776089496\n|switch|p2b: Incineroar|Incineroar, L50, F|39/100\n|-ability|p2b: Incineroar|Intimidate|boost\n|-unboost|p1a: Garchomp|atk|1\n|-unboost|p1b: Delphox|atk|1\n|move|p1a: Garchomp|Rock Slide|p2a: Garchomp|[spread] p2a,p2b\n|-resisted|p2a: Garchomp|1\n|-supereffective|p2b: Incineroar|1\n|-damage|p2a: Garchomp|75/100\n|-damage|p2b: Incineroar|25/100\n|cant|p2a: Garchomp|flinch\n|move|p1b: Delphox|Psychic|p2a: Garchomp\n|-damage|p2a: Garchomp|0 fnt\n|faint|p2a: Garchomp\n|\n|-weather|none\n|upkeep\n|\n|t:|1776089511\n|switch|p2a: Charizard|Charizard-Mega-Y, L50, M|11/100\n|-weather|SunnyDay|[from] ability: Drought|[of] p2a: Charizard\n|turn|9\n|\n|t:|1776089515\n|move|p1b: Delphox|Protect|p1b: Delphox\n|-singleturn|p1b: Delphox|Protect\n|move|p2b: Incineroar|Fake Out|p1b: Delphox\n|-activate|p1b: Delphox|move: Protect\n|move|p1a: Garchomp|Rock Slide|p2b: Incineroar|[spread] p2a,p2b\n|-supereffective|p2a: Charizard|2\n|-crit|p2a: Charizard\n|-supereffective|p2b: Incineroar|1\n|-damage|p2a: Charizard|0 fnt\n|-damage|p2b: Incineroar|10/100\n|faint|p2a: Charizard\n|\n|-weather|SunnyDay|[upkeep]\n|upkeep\n|turn|10\n|-message|eertz forfeited.\n|\n|win|thisisatrip!\n|raw|thisisatrip!'s rating: 1057 &rarr; <strong>1083</strong><br />(+26 for winning)\n|raw|eertz's rating: 1000 &rarr; <strong>1000</strong><br />(+0 for losing)\n|l|\u2606eertz\n|player|p2|\n",
  "uploadtime": 1776089523,
  "views": 8,
  "formatid": "gen9championsvgc2026regma",
  "rating": 1000,
  "private": 0,
  "password": null
}