{
  "id": "gen9championsvgc2026regma-2582898912",
  "format": "[Gen 9 Champions] VGC 2026 Reg M-A",
  "players": [
    "saldocep",
    "Talwaa"
  ],
  "log": "|j|\u2606saldocep\n|j|\u2606Talwaa\n|t:|1776123176\n|gametype|doubles\n|player|p1|saldocep|101|1152\n|player|p2|Talwaa|bruno|1064\n|gen|9\n|tier|[Gen 9 Champions] VGC 2026 Reg M-A\n|rated|\n|rule|Species Clause: Limit one of each Pok\u00e9mon\n|rule|Item Clause: Limit 1 of each item\n|clearpoke\n|poke|p1|Meganium, L50, M|\n|poke|p1|Heliolisk, L50, F|\n|poke|p1|Basculegion, L50, M|\n|poke|p1|Archaludon, L50, M|\n|poke|p1|Sinistcha, L50|\n|poke|p1|Sneasler, L50, F|\n|poke|p2|Arcanine-Hisui, L50, F|\n|poke|p2|Tauros-Paldea-Aqua, L50, M|\n|poke|p2|Floette-Eternal, L50, F|\n|poke|p2|Sinistcha, L50|\n|poke|p2|Araquanid, L50, M|\n|poke|p2|Whimsicott, L50, F|\n|teampreview|4\n|inactive|Battle timer is ON: inactive players will automatically lose when time's up. (requested by Talwaa)\n|\n|t:|1776123202\n|teamsize|p1|4\n|teamsize|p2|4\n|start\n|switch|p1a: Heliolisk|Heliolisk, L50, F|100/100\n|switch|p1b: Sneasler|Sneasler, L50, F|100/100\n|switch|p2a: Tauros|Tauros-Paldea-Aqua, L50, M|100/100\n|switch|p2b: Floette|Floette-Eternal, L50, F|100/100\n|-ability|p2a: Tauros|Intimidate|boost\n|-unboost|p1a: Heliolisk|atk|1\n|-unboost|p1b: Sneasler|atk|1\n|turn|1\n|inactive|Talwaa has 30 seconds left.\n|\n|t:|1776123227\n|switch|p2a: Arcanine|Arcanine-Hisui, L50, F|100/100\n|-ability|p2a: Arcanine|Intimidate|boost\n|-unboost|p1a: Heliolisk|atk|1\n|-unboost|p1b: Sneasler|atk|1\n|detailschange|p2b: Floette|Floette-Mega, L50, F\n|-mega|p2b: Floette|Floette|Floettite\n|-ability|p2b: Floette|Fairy Aura\n|move|p1b: Sneasler|Fake Out|p2b: Floette\n|-damage|p2b: Floette|89/100\n|move|p1a: Heliolisk|Rain Dance|p1a: Heliolisk\n|-weather|RainDance\n|cant|p2b: Floette|flinch\n|\n|-weather|RainDance|[upkeep]\n|upkeep\n|turn|2\n|inactive|saldocep has 30 seconds left.\n|inactive|Talwaa has 30 seconds left.\n|\n|t:|1776123256\n|move|p1a: Heliolisk|Shed Tail|p1a: Heliolisk\n|-start|p1a: Heliolisk|Substitute|[from] move: Shed Tail\n|-damage|p1a: Heliolisk|50/100\n|\n|t:|1776123264\n|switch|p1a: Archaludon|Archaludon, L50, M|100/100|[from] Shed Tail\n|move|p1b: Sneasler|Close Combat|p2a: Arcanine\n|-supereffective|p2a: Arcanine|1\n|-damage|p2a: Arcanine|32/100\n|-unboost|p1b: Sneasler|def|1\n|-unboost|p1b: Sneasler|spd|1\n|move|p2a: Arcanine|Rock Slide|p1a: Archaludon|[spread] p1a,p1b\n|-resisted|p1a: Archaludon|1\n|-activate|p1a: Archaludon|move: Substitute|[damage]\n|-resisted|p1b: Sneasler|1\n|-damage|p1b: Sneasler|74/100\n|move|p2b: Floette|Calm Mind|p2b: Floette\n|-boost|p2b: Floette|spa|1\n|-boost|p2b: Floette|spd|1\n|\n|-weather|RainDance|[upkeep]\n|upkeep\n|turn|3\n|inactive|Talwaa has 30 seconds left.\n|\n|t:|1776123291\n|switch|p2a: Tauros|Tauros-Paldea-Aqua, L50, M|100/100\n|-ability|p2a: Tauros|Intimidate|boost\n|-immune|p1a: Archaludon\n|-unboost|p1b: Sneasler|atk|1\n|move|p1b: Sneasler|Close Combat|p2a: Tauros\n|-damage|p2a: Tauros|68/100\n|-unboost|p1b: Sneasler|def|1\n|-unboost|p1b: Sneasler|spd|1\n|move|p2b: Floette|Moonblast|p1b: Sneasler\n|-damage|p1b: Sneasler|0 fnt\n|faint|p1b: Sneasler\n|move|p1a: Archaludon|Flash Cannon|p2b: Floette\n|-supereffective|p2b: Floette|1\n|-damage|p2b: Floette|45/100\n|\n|-weather|RainDance|[upkeep]\n|upkeep\n|\n|t:|1776123309\n|switch|p1b: Meganium|Meganium, L50, M|100/100\n|turn|4\n|\n|t:|1776123330\n|switch|p2a: Sinistcha|Sinistcha, L50|100/100\n|-heal|p2b: Floette|70/100|[from] ability: Hospitality|[of] p2a: Sinistcha\n|move|p1b: Meganium|Protect|p1b: Meganium\n|-singleturn|p1b: Meganium|Protect\n|move|p2b: Floette|Giga Drain|p1b: Meganium\n|-activate|p1b: Meganium|move: Protect\n|move|p1a: Archaludon|Flash Cannon|p2b: Floette\n|-supereffective|p2b: Floette|1\n|-damage|p2b: Floette|25/100\n|-unboost|p2b: Floette|spd|1\n|\n|-weather|RainDance|[upkeep]\n|upkeep\n|turn|5\n|\n|t:|1776123352\n|detailschange|p1b: Meganium|Meganium-Mega, L50, M\n|-mega|p1b: Meganium|Meganium|Meganiumite\n|move|p2b: Floette|Protect|p2b: Floette\n|-singleturn|p2b: Floette|Protect\n|move|p1a: Archaludon|Flash Cannon|p2b: Floette\n|-activate|p2b: Floette|move: Protect\n|move|p1b: Meganium|Weather Ball|p2a: Sinistcha\n|-supereffective|p2a: Sinistcha|1\n|-damage|p2a: Sinistcha|0 fnt\n|faint|p2a: Sinistcha\n|\n|-weather|none\n|upkeep\n|\n|t:|1776123365\n|switch|p2a: Arcanine|Arcanine-Hisui, L50, F|32/100\n|-ability|p2a: Arcanine|Intimidate|boost\n|-immune|p1a: Archaludon\n|-unboost|p1b: Meganium|atk|1\n|turn|6\n|\n|t:|1776123375\n|switch|p1b: Heliolisk|Heliolisk, L50, F|50/100\n|move|p2a: Arcanine|Rock Slide|p1a: Archaludon|[spread] p1a,p1b\n|-resisted|p1a: Archaludon|1\n|-activate|p1a: Archaludon|move: Substitute|[damage]\n|-damage|p1b: Heliolisk|14/100\n|move|p2b: Floette|Moonblast|p1a: Archaludon\n|-end|p1a: Archaludon|Substitute\n|move|p1a: Archaludon|Flash Cannon|p2b: Floette\n|-supereffective|p2b: Floette|1\n|-damage|p2b: Floette|0 fnt\n|faint|p2b: Floette\n|\n|-heal|p1b: Heliolisk|20/100|[from] item: Leftovers\n|upkeep\n|-message|Talwaa forfeited.\n|\n|win|saldocep\n|raw|saldocep's rating: 1152 &rarr; <strong>1171</strong><br />(+19 for winning)\n|raw|Talwaa's rating: 1064 &rarr; <strong>1049</strong><br />(-15 for losing)\n|l|\u2606Talwaa\n|player|p2|\n",
  "uploadtime": 1776123404,
  "views": 11,
  "formatid": "gen9championsvgc2026regma",
  "rating": 1049,
  "private": 0,
  "password": null
}