{
  "id": "gen9championsvgc2026regma-2587958314",
  "format": "[Gen 9 Champions] VGC 2026 Reg M-A",
  "players": [
    "asubircomolaespuma",
    "Disorient"
  ],
  "log": "|j|\u2606asubircomolaespuma\n|j|\u2606Disorient\n|t:|1776584810\n|gametype|doubles\n|player|p1|asubircomolaespuma|102|\n|player|p2|Disorient|#scl3dynamos|\n|gen|9\n|tier|[Gen 9 Champions] VGC 2026 Reg M-A\n|rule|Species Clause: Limit one of each Pok\u00e9mon\n|rule|Item Clause: Limit 1 of each item\n|clearpoke\n|poke|p1|Charizard, L50, M|\n|poke|p1|Rotom-Wash, L50|\n|poke|p1|Garchomp, L50, M|\n|poke|p1|Whimsicott, L50, F|\n|poke|p1|Aegislash, L50, F|\n|poke|p1|Sneasler, L50, M|\n|poke|p2|Corviknight, L50, F|\n|poke|p2|Sinistcha, L50|\n|poke|p2|Tyranitar, L50, F|\n|poke|p2|Excadrill, L50, M|\n|poke|p2|Rotom-Wash, L50|\n|poke|p2|Garchomp, L50, F|\n|teampreview|4\n|inactive|Battle timer is ON: inactive players will automatically lose when time's up. (requested by Disorient)\n|c|\u2606asubircomolaespuma|gl\n|c|\u2606Disorient|u2\n|\n|t:|1776584836\n|teamsize|p1|4\n|teamsize|p2|4\n|start\n|switch|p1a: Rotom|Rotom-Wash, L50|100/100\n|switch|p1b: Aegislash|Aegislash, L50, F|100/100\n|switch|p2a: Garchomp|Garchomp, L50, F|100/100\n|switch|p2b: Sinistcha|Sinistcha, L50|100/100\n|turn|1\n|\n|t:|1776584858\n|switch|p2b: Rotom|Rotom-Wash, L50|100/100\n|move|p2a: Garchomp|Earthquake|p1b: Aegislash|[spread] p1b\n|-immune|p2b: Rotom|[from] ability: Levitate\n|-immune|p1a: Rotom|[from] ability: Levitate\n|-supereffective|p1b: Aegislash|1\n|-damage|p1b: Aegislash|42/100\n|move|p1a: Rotom|Will-O-Wisp|p2a: Garchomp\n|-status|p2a: Garchomp|brn\n|-enditem|p2a: Garchomp|Lum Berry|[eat]\n|-curestatus|p2a: Garchomp|brn|[msg]\n|-formechange|p1b: Aegislash|Aegislash-Blade|\n|move|p1b: Aegislash|Poltergeist|p2b: Rotom\n|-activate|p2b: Rotom|move: Poltergeist|Sitrus Berry\n|-damage|p2b: Rotom|20/100\n|-enditem|p2b: Rotom|Sitrus Berry|[eat]\n|-heal|p2b: Rotom|44/100|[from] item: Sitrus Berry\n|\n|upkeep\n|turn|2\n|inactive|Disorient has 30 seconds left.\n|\n|t:|1776584887\n|switch|p2a: Sinistcha|Sinistcha, L50|100/100\n|-heal|p2b: Rotom|69/100|[from] ability: Hospitality|[of] p2a: Sinistcha\n|-formechange|p1b: Aegislash|Aegislash|\n|move|p1b: Aegislash|King's Shield|p1b: Aegislash\n|-singleturn|p1b: Aegislash|Protect\n|move|p2b: Rotom|Will-O-Wisp|p1b: Aegislash\n|-status|p1b: Aegislash|brn\n|move|p1a: Rotom|Will-O-Wisp|p2a: Sinistcha\n|-status|p2a: Sinistcha|brn\n|\n|-damage|p2a: Sinistcha|94/100 brn|[from] brn\n|-damage|p1b: Aegislash|36/100 brn|[from] brn\n|upkeep\n|turn|3\n|inactive|Disorient has 30 seconds left.\n|inactive|Disorient has 20 seconds left.\n|\n|t:|1776584923\n|switch|p2a: Tyranitar|Tyranitar, L50, F|100/100\n|-weather|Sandstorm|[from] ability: Sand Stream|[of] p2a: Tyranitar\n|move|p2b: Rotom|Hydro Pump|p1b: Aegislash\n|-damage|p1b: Aegislash|0 fnt\n|faint|p1b: Aegislash\n|move|p1a: Rotom|Thunderbolt|p2b: Rotom\n|-damage|p2b: Rotom|31/100\n|\n|-weather|Sandstorm|[upkeep]\n|-damage|p2b: Rotom|25/100|[from] Sandstorm\n|-damage|p1a: Rotom|95/100|[from] Sandstorm\n|upkeep\n|\n|t:|1776584929\n|switch|p1b: Whimsicott|Whimsicott, L50, F|100/100\n|turn|4\n|\n|t:|1776584939\n|switch|p2a: Sinistcha|Sinistcha, L50|94/100 brn\n|-heal|p2b: Rotom|50/100|[from] ability: Hospitality|[of] p2a: Sinistcha\n|move|p1b: Whimsicott|Tailwind|p1b: Whimsicott\n|-sidestart|p1: asubircomolaespuma|move: Tailwind\n|move|p1a: Rotom|Will-O-Wisp|p2a: Sinistcha\n|-fail|p2a: Sinistcha|brn\n|move|p2b: Rotom|Volt Switch|p1a: Rotom\n|-damage|p1a: Rotom|66/100\n|\n|t:|1776584959\n|switch|p2b: Tyranitar|Tyranitar, L50, F|100/100|[from] Volt Switch\n|\n|-weather|Sandstorm|[upkeep]\n|-damage|p1b: Whimsicott|95/100|[from] Sandstorm\n|-damage|p1a: Rotom|60/100|[from] Sandstorm\n|-damage|p2a: Sinistcha|88/100 brn|[from] Sandstorm\n|-damage|p2a: Sinistcha|82/100 brn|[from] brn\n|upkeep\n|turn|5\n|\n|t:|1776584969\n|move|p1a: Rotom|Protect|p1a: Rotom\n|-singleturn|p1a: Rotom|Protect\n|move|p2b: Tyranitar|Protect|p2b: Tyranitar\n|-singleturn|p2b: Tyranitar|Protect\n|move|p1b: Whimsicott|Moonblast|p2b: Tyranitar\n|-activate|p2b: Tyranitar|move: Protect\n|move|p2a: Sinistcha|Trick Room|p2a: Sinistcha\n|-fieldstart|move: Trick Room|[of] p2a: Sinistcha\n|\n|-weather|Sandstorm|[upkeep]\n|-damage|p2a: Sinistcha|76/100 brn|[from] Sandstorm\n|-damage|p1a: Rotom|55/100|[from] Sandstorm\n|-damage|p1b: Whimsicott|89/100|[from] Sandstorm\n|-damage|p2a: Sinistcha|70/100 brn|[from] brn\n|upkeep\n|turn|6\n|\n|t:|1776584983\n|switch|p2b: Rotom|Rotom-Wash, L50|50/100\n|move|p2a: Sinistcha|Matcha Gotcha|p1a: Rotom|[spread] p1a,p1b\n|-supereffective|p1a: Rotom|1\n|-resisted|p1b: Whimsicott|1\n|-damage|p1a: Rotom|1/100\n|-heal|p2a: Sinistcha|93/100 brn|[from] drain|[of] p1a: Rotom\n|-damage|p1b: Whimsicott|74/100\n|-heal|p2a: Sinistcha|99/100 brn|[from] drain|[of] p1b: Whimsicott\n|-status|p1a: Rotom|brn\n|-enditem|p1a: Rotom|Sitrus Berry|[eat]\n|-heal|p1a: Rotom|26/100 brn|[from] item: Sitrus Berry\n|move|p1a: Rotom|Will-O-Wisp|p2b: Rotom\n|-status|p2b: Rotom|brn\n|move|p1b: Whimsicott|Moonblast|p2b: Rotom\n|-damage|p2b: Rotom|23/100 brn\n|\n|-weather|Sandstorm|[upkeep]\n|-damage|p2a: Sinistcha|94/100 brn|[from] Sandstorm\n|-damage|p2b: Rotom|18/100 brn|[from] Sandstorm\n|-damage|p1a: Rotom|20/100 brn|[from] Sandstorm\n|-damage|p1b: Whimsicott|68/100|[from] Sandstorm\n|-damage|p2a: Sinistcha|88/100 brn|[from] brn\n|-damage|p2b: Rotom|12/100 brn|[from] brn\n|-damage|p1a: Rotom|15/100 brn|[from] brn\n|upkeep\n|turn|7\n|inactive|Disorient has 30 seconds left.\n|\n|t:|1776585016\n|move|p1a: Rotom|Protect|p1a: Rotom\n|-singleturn|p1a: Rotom|Protect\n|move|p1b: Whimsicott|Encore|p2a: Sinistcha\n|-start|p2a: Sinistcha|Encore\n|move|p2a: Sinistcha|Matcha Gotcha|p1b: Whimsicott|[spread] p1b\n|-activate|p1a: Rotom|move: Protect\n|-resisted|p1b: Whimsicott|1\n|-damage|p1b: Whimsicott|53/100\n|-heal|p2a: Sinistcha|95/100 brn|[from] drain|[of] p1b: Whimsicott\n|move|p2b: Rotom|Volt Switch|p1a: Rotom\n|-activate|p1a: Rotom|move: Protect\n|\n|-weather|none\n|-damage|p2a: Sinistcha|89/100 brn|[from] brn\n|-damage|p2b: Rotom|6/100 brn|[from] brn\n|-damage|p1a: Rotom|9/100 brn|[from] brn\n|-sideend|p1: asubircomolaespuma|move: Tailwind\n|upkeep\n|turn|8\n|inactive|Disorient has 30 seconds left.\n|\n|t:|1776585044\n|switch|p2a: Garchomp|Garchomp, L50, F|100/100\n|move|p1a: Rotom|Hydro Pump|p2b: Rotom\n|-resisted|p2b: Rotom|1\n|-damage|p2b: Rotom|0 fnt\n|faint|p2b: Rotom\n|move|p1b: Whimsicott|Moonblast|p2a: Garchomp\n|-supereffective|p2a: Garchomp|1\n|-damage|p2a: Garchomp|45/100\n|\n|-damage|p1a: Rotom|3/100 brn|[from] brn\n|upkeep\n|\n|t:|1776585068\n|switch|p2b: Tyranitar|Tyranitar, L50, F|100/100\n|-weather|Sandstorm|[from] ability: Sand Stream|[of] p2b: Tyranitar\n|turn|9\n|inactive|Disorient has 30 seconds left.\n|inactive|Disorient has 20 seconds left.\n|\n|t:|1776585106\n|move|p2b: Tyranitar|Protect|p2b: Tyranitar\n|-singleturn|p2b: Tyranitar|Protect\n|move|p2a: Garchomp|Protect|p2a: Garchomp\n|-singleturn|p2a: Garchomp|Protect\n|move|p1a: Rotom|Will-O-Wisp|p2b: Tyranitar\n|-activate|p2b: Tyranitar|move: Protect\n|move|p1b: Whimsicott|Moonblast|p2a: Garchomp\n|-activate|p2a: Garchomp|move: Protect\n|\n|-weather|Sandstorm|[upkeep]\n|-damage|p1a: Rotom|0 fnt|[from] Sandstorm\n|-damage|p1b: Whimsicott|47/100|[from] Sandstorm\n|faint|p1a: Rotom\n|-fieldend|move: Trick Room\n|upkeep\n|\n|t:|1776585110\n|switch|p1a: Charizard|Charizard, L50, M|100/100\n|turn|10\n|inactive|asubircomolaespuma has 30 seconds left.\n|inactive|Disorient has 30 seconds left.\n|inactive|Disorient has 20 seconds left.\n|\n|t:|1776585148\n|switch|p2a: Sinistcha|Sinistcha, L50|89/100 brn\n|detailschange|p2b: Tyranitar|Tyranitar-Mega, L50, F\n|-mega|p2b: Tyranitar|Tyranitar|Tyranitarite\n|move|p1a: Charizard|Protect|p1a: Charizard\n|-singleturn|p1a: Charizard|Protect\n|move|p1b: Whimsicott|Encore||[still]\n|-fail|p1b: Whimsicott\n|move|p2b: Tyranitar|Rock Slide|p1b: Whimsicott|[spread] p1b\n|-activate|p1a: Charizard|move: Protect\n|-damage|p1b: Whimsicott|14/100\n|\n|-weather|Sandstorm|[upkeep]\n|-damage|p1a: Charizard|94/100|[from] Sandstorm\n|-damage|p1b: Whimsicott|8/100|[from] Sandstorm\n|-damage|p2a: Sinistcha|83/100 brn|[from] Sandstorm\n|-damage|p2a: Sinistcha|76/100 brn|[from] brn\n|upkeep\n|turn|11\n|\n|t:|1776585169\n|detailschange|p1a: Charizard|Charizard-Mega-Y, L50, M\n|-mega|p1a: Charizard|Charizard|Charizardite Y\n|-weather|SunnyDay|[from] ability: Drought|[of] p1a: Charizard\n|move|p2a: Sinistcha|Rage Powder|p2a: Sinistcha\n|-singleturn|p2a: Sinistcha|move: Rage Powder\n|move|p1a: Charizard|Heat Wave|p2b: Tyranitar|[spread] p2a,p2b\n|-supereffective|p2a: Sinistcha|1\n|-resisted|p2b: Tyranitar|1\n|-damage|p2a: Sinistcha|0 fnt\n|-damage|p2b: Tyranitar|77/100\n|faint|p2a: Sinistcha\n|move|p1b: Whimsicott|Moonblast|p2b: Tyranitar\n|-supereffective|p2b: Tyranitar|1\n|-damage|p2b: Tyranitar|36/100\n|move|p2b: Tyranitar|Rock Slide|p1b: Whimsicott|[spread] p1b\n|-miss|p2b: Tyranitar|p1a: Charizard\n|-damage|p1b: Whimsicott|0 fnt\n|faint|p1b: Whimsicott\n|\n|-weather|SunnyDay|[upkeep]\n|upkeep\n|\n|t:|1776585183\n|switch|p2a: Garchomp|Garchomp, L50, F|45/100\n|turn|12\n|\n|t:|1776585188\n|move|p2a: Garchomp|Rock Slide|p1a: Charizard\n|-supereffective|p1a: Charizard|2\n|-damage|p1a: Charizard|0 fnt\n|faint|p1a: Charizard\n|\n|win|Disorient\n|c|\u2606asubircomolaespuma|gg\n|c|\u2606Disorient|gg\n",
  "uploadtime": 1776585196,
  "views": 8,
  "formatid": "gen9championsvgc2026regma",
  "rating": null,
  "private": 0,
  "password": null
}