{
  "id": "gen9championsvgc2026regma-2580742919",
  "format": "[Gen 9 Champions] VGC 2026 Reg M-A",
  "players": [
    "jp212",
    "migolazo04"
  ],
  "log": "|j|\u2606jp212\n|j|\u2606migolazo04\n|t:|1775928822\n|gametype|doubles\n|player|p1|jp212|2|1049\n|player|p2|migolazo04|265|1048\n|gen|9\n|tier|[Gen 9 Champions] VGC 2026 Reg M-A\n|rated|\n|rule|Species Clause: Limit one of each Pok\u00e9mon\n|rule|Item Clause: Limit 1 of each item\n|clearpoke\n|poke|p1|Pelipper, L50, M|\n|poke|p1|Archaludon, L50, M|\n|poke|p1|Maushold-Four, L50|\n|poke|p1|Basculegion, L50, M|\n|poke|p1|Dragonite, L50, F|\n|poke|p1|Sinistcha, L50|\n|poke|p2|Starmie, L50|\n|poke|p2|Sneasler, L50, F|\n|poke|p2|Sinistcha, L50|\n|poke|p2|Kingambit, L50, M|\n|poke|p2|Dragonite, L50, M|\n|poke|p2|Pelipper, L50, F|\n|teampreview|4\n|inactive|Battle timer is ON: inactive players will automatically lose when time's up. (requested by jp212)\n|\n|t:|1775928876\n|teamsize|p1|4\n|teamsize|p2|4\n|start\n|switch|p1a: Archaludon|Archaludon, L50, M|100/100\n|switch|p1b: Dragonite|Dragonite, L50, F|100/100\n|switch|p2a: Sneasler|Sneasler, L50, F|100/100\n|switch|p2b: Dragonite|Dragonite, L50, M|100/100\n|turn|1\n|inactive|migolazo04 has 30 seconds left.\n|\n|t:|1775928910\n|detailschange|p1b: Dragonite|Dragonite-Mega, L50, F\n|-mega|p1b: Dragonite|Dragonite|Dragoninite\n|detailschange|p2b: Dragonite|Dragonite-Mega, L50, M\n|-mega|p2b: Dragonite|Dragonite|Dragoninite\n|move|p1b: Dragonite|Protect|p1b: Dragonite\n|-singleturn|p1b: Dragonite|Protect\n|move|p2a: Sneasler|Fake Out|p1b: Dragonite\n|-activate|p1b: Dragonite|move: Protect\n|move|p2b: Dragonite|Tailwind|p2b: Dragonite\n|-sidestart|p2: migolazo04|move: Tailwind\n|move|p1a: Archaludon|Snarl|p2a: Sneasler|[spread] p2a,p2b\n|-resisted|p2a: Sneasler|1\n|-damage|p2a: Sneasler|91/100\n|-damage|p2b: Dragonite|94/100\n|-unboost|p2a: Sneasler|spa|1\n|-unboost|p2b: Dragonite|spa|1\n|\n|upkeep\n|turn|2\n|inactive|jp212 has 30 seconds left.\n|inactive|migolazo04 has 30 seconds left.\n|inactive|migolazo04 has 20 seconds left.\n|inactive|jp212 has 20 seconds left.\n|inactive|migolazo04 has 15 seconds left.\n|inactive|jp212 has 15 seconds left.\n|inactive|migolazo04 has 10 seconds left.\n|\n|t:|1775928959\n|move|p2b: Dragonite|Protect|p2b: Dragonite\n|-singleturn|p2b: Dragonite|Protect\n|move|p2a: Sneasler|Dire Claw|p1b: Dragonite\n|-damage|p1b: Dragonite|81/100\n|move|p1b: Dragonite|Draco Meteor|p2a: Sneasler\n|-damage|p2a: Sneasler|0 fnt\n|-unboost|p1b: Dragonite|spa|2\n|faint|p2a: Sneasler\n|move|p1a: Archaludon|Draco Meteor|p2b: Dragonite\n|-activate|p2b: Dragonite|move: Protect\n|\n|upkeep\n|inactive|migolazo04 has 30 seconds left.\n|\n|t:|1775928993\n|switch|p2a: Pelipper|Pelipper, L50, F|100/100\n|-weather|RainDance|[from] ability: Drizzle|[of] p2a: Pelipper\n|turn|3\n|\n|t:|1775929005\n|move|p1b: Dragonite|Protect|p1b: Dragonite\n|-singleturn|p1b: Dragonite|Protect\n|move|p2a: Pelipper|Weather Ball|p1a: Archaludon\n|-resisted|p1a: Archaludon|1\n|-damage|p1a: Archaludon|51/100\n|-ability|p1a: Archaludon|Stamina|boost\n|-boost|p1a: Archaludon|def|1\n|move|p2b: Dragonite|Dragon Pulse|p1a: Archaludon\n|-damage|p1a: Archaludon|0 fnt\n|faint|p1a: Archaludon\n|\n|-weather|RainDance|[upkeep]\n|upkeep\n|\n|t:|1775929018\n|switch|p1a: Basculegion|Basculegion, L50, M|100/100\n|turn|4\n|inactive|migolazo04 has 30 seconds left.\n|inactive|migolazo04 has 20 seconds left.\n|\n|t:|1775929058\n|switch|p2a: Kingambit|Kingambit, L50, M|100/100\n|move|p1a: Basculegion|Flip Turn|p2a: Kingambit\n|-damage|p2a: Kingambit|70/100\n|\n|t:|1775929064\n|switch|p1a: Maushold|Maushold-Four, L50|100/100|[from] Flip Turn\n|move|p2b: Dragonite|Dragon Pulse|p1b: Dragonite\n|-supereffective|p1b: Dragonite|1\n|-damage|p1b: Dragonite|38/100\n|move|p1b: Dragonite|Thunder|p2a: Kingambit\n|-damage|p2a: Kingambit|49/100\n|\n|-weather|RainDance|[upkeep]\n|-sideend|p2: migolazo04|move: Tailwind\n|upkeep\n|turn|5\n|inactive|migolazo04 has 30 seconds left.\n|inactive|migolazo04 has 20 seconds left.\n|\n|t:|1775929101\n|move|p1b: Dragonite|Protect|p1b: Dragonite\n|-singleturn|p1b: Dragonite|Protect\n|move|p2b: Dragonite|Protect|p2b: Dragonite\n|-singleturn|p2b: Dragonite|Protect\n|move|p1a: Maushold|Super Fang|p2b: Dragonite\n|-activate|p2b: Dragonite|move: Protect\n|move|p2a: Kingambit|Kowtow Cleave|p1b: Dragonite\n|-activate|p1b: Dragonite|move: Protect\n|\n|-weather|RainDance|[upkeep]\n|upkeep\n|turn|6\n|inactive|migolazo04 has 30 seconds left.\n|\n|t:|1775929130\n|switch|p2b: Pelipper|Pelipper, L50, F|100/100\n|move|p1a: Maushold|Follow Me|p1a: Maushold\n|-singleturn|p1a: Maushold|move: Follow Me\n|move|p1b: Dragonite|Draco Meteor|p2b: Pelipper\n|-damage|p2b: Pelipper|34/100\n|-unboost|p1b: Dragonite|spa|2\n|move|p2a: Kingambit|Kowtow Cleave|p1a: Maushold\n|-damage|p1a: Maushold|37/100\n|-enditem|p1a: Maushold|Oran Berry|[eat]\n|-heal|p1a: Maushold|42/100|[from] item: Oran Berry\n|\n|-weather|RainDance|[upkeep]\n|upkeep\n|turn|7\n|\n|t:|1775929151\n|move|p1a: Maushold|Follow Me|p1a: Maushold\n|-singleturn|p1a: Maushold|move: Follow Me\n|move|p2b: Pelipper|Icy Wind|p1b: Dragonite|[spread] p1a,p1b\n|-supereffective|p1b: Dragonite|2\n|-damage|p1a: Maushold|28/100\n|-damage|p1b: Dragonite|8/100\n|-unboost|p1a: Maushold|spe|1\n|-unboost|p1b: Dragonite|spe|1\n|move|p1b: Dragonite|Thunder|p2b: Pelipper\n|-supereffective|p2b: Pelipper|2\n|-crit|p2b: Pelipper\n|-damage|p2b: Pelipper|0 fnt\n|faint|p2b: Pelipper\n|move|p2a: Kingambit|Kowtow Cleave|p1a: Maushold\n|-damage|p1a: Maushold|0 fnt\n|faint|p1a: Maushold\n|\n|-weather|none\n|upkeep\n|\n|t:|1775929165\n|switch|p1a: Basculegion|Basculegion, L50, M|100/100\n|switch|p2b: Dragonite|Dragonite-Mega, L50, M|94/100\n|turn|8\n|inactive|migolazo04 has 30 seconds left.\n|inactive|migolazo04 has 20 seconds left.\n|inactive|migolazo04 has 15 seconds left.\n|\n|t:|1775929207\n|move|p2b: Dragonite|Protect|p2b: Dragonite\n|-singleturn|p2b: Dragonite|Protect\n|move|p1a: Basculegion|Last Respects|p2b: Dragonite\n|-activate|p2b: Dragonite|move: Protect\n|move|p1b: Dragonite|Thunder|p2a: Kingambit|[miss]\n|-miss|p1b: Dragonite|p2a: Kingambit\n|move|p2a: Kingambit|Kowtow Cleave|p1a: Basculegion\n|-supereffective|p1a: Basculegion|1\n|-damage|p1a: Basculegion|0 fnt\n|faint|p1a: Basculegion\n|\n|upkeep\n|turn|9\n|\n|t:|1775929221\n|move|p2a: Kingambit|Sucker Punch|p1b: Dragonite\n|-damage|p1b: Dragonite|0 fnt\n|faint|p1b: Dragonite\n|\n|win|migolazo04\n|raw|jp212's rating: 1049 &rarr; <strong>1032</strong><br />(-17 for losing)\n|raw|migolazo04's rating: 1048 &rarr; <strong>1081</strong><br />(+33 for winning)\n|l|\u2606jp212\n|player|p1|\n",
  "uploadtime": 1775929228,
  "views": 14,
  "formatid": "gen9championsvgc2026regma",
  "rating": 1032,
  "private": 0,
  "password": null
}