{
  "id": "gen9championsvgc2026regma-2583605109",
  "format": "[Gen 9 Champions] VGC 2026 Reg M-A",
  "players": [
    "cabrino",
    "ScribbleScribble"
  ],
  "log": "|j|\u2606cabrino\n|j|\u203dScribbleScribble\n|t:|1776186070\n|gametype|doubles\n|player|p1|cabrino|depotagent|1466\n|player|p2|ScribbleScribble|mina-lgpe|1556\n|gen|9\n|tier|[Gen 9 Champions] VGC 2026 Reg M-A\n|rated|\n|rule|Species Clause: Limit one of each Pok\u00e9mon\n|rule|Item Clause: Limit 1 of each item\n|clearpoke\n|poke|p1|Aerodactyl, L50, F|\n|poke|p1|Sneasler, L50, M|\n|poke|p1|Kingambit, L50, M|\n|poke|p1|Floette-Eternal, L50, F|\n|poke|p1|Sinistcha, L50|\n|poke|p1|Garchomp, L50, M|\n|poke|p2|Floette-Eternal, L50, F|\n|poke|p2|Sneasler, L50, M|\n|poke|p2|Aerodactyl, L50, F|\n|poke|p2|Delphox, L50, F|\n|poke|p2|Kingambit, L50, F|\n|poke|p2|Basculegion, L50, M|\n|teampreview|4\n|inactive|Battle timer is ON: inactive players will automatically lose when time's up. (requested by ScribbleScribble)\n|inactive|ScribbleScribble has 60 seconds left.\n|\n|t:|1776186109\n|teamsize|p1|4\n|teamsize|p2|4\n|start\n|switch|p1a: Pugsy Hunter|Sneasler, L50, M, shiny|100/100\n|switch|p1b: AeroNarfi|Aerodactyl, L50, F, shiny|100/100\n|switch|p2a: Aerodactyl|Aerodactyl, L50, F|100/100\n|switch|p2b: Delphox|Delphox, L50, F|100/100\n|-ability|p1b: AeroNarfi|Unnerve\n|-ability|p2a: Aerodactyl|Unnerve\n|turn|1\n|\n|t:|1776186121\n|detailschange|p2b: Delphox|Delphox-Mega, L50, F\n|-mega|p2b: Delphox|Delphox|Delphoxite\n|move|p1a: Pugsy Hunter|Fake Out|p2a: Aerodactyl\n|-resisted|p2a: Aerodactyl|1\n|-damage|p2a: Aerodactyl|88/100\n|move|p2b: Delphox|Psychic|p1a: Pugsy Hunter\n|-supereffective|p1a: Pugsy Hunter|2\n|-damage|p1a: Pugsy Hunter|0 fnt\n|faint|p1a: Pugsy Hunter\n|cant|p2a: Aerodactyl|flinch\n|move|p1b: AeroNarfi|Tailwind|p1b: AeroNarfi\n|-sidestart|p1: cabrino|move: Tailwind\n|\n|upkeep\n|\n|t:|1776186133\n|switch|p1a: Garchalipe|Garchomp, L50, M|100/100\n|turn|2\n|\n|t:|1776186137\n|move|p2b: Delphox|Protect|p2b: Delphox\n|-singleturn|p2b: Delphox|Protect\n|move|p2a: Aerodactyl|Protect|p2a: Aerodactyl\n|-singleturn|p2a: Aerodactyl|Protect\n|move|p1a: Garchalipe|Rock Slide|p2b: Delphox|[spread] \n|-activate|p2a: Aerodactyl|move: Protect\n|-activate|p2b: Delphox|move: Protect\n|move|p1b: AeroNarfi|Rock Slide|p2a: Aerodactyl|[spread] \n|-activate|p2a: Aerodactyl|move: Protect\n|-activate|p2b: Delphox|move: Protect\n|\n|upkeep\n|turn|3\n|\n|t:|1776186150\n|switch|p2b: Sneasler|Sneasler, L50, M|100/100\n|switch|p2a: Basculegion|Basculegion, L50, M|100/100\n|move|p1a: Garchalipe|Rock Slide|p2a: Basculegion|[spread] p2a,p2b\n|-crit|p2a: Basculegion\n|-resisted|p2b: Sneasler|1\n|-damage|p2a: Basculegion|61/100\n|-damage|p2b: Sneasler|81/100\n|move|p1b: AeroNarfi|Rock Slide|p2a: Basculegion|[spread] p2a,p2b\n|-resisted|p2b: Sneasler|1\n|-damage|p2a: Basculegion|27/100\n|-damage|p2b: Sneasler|62/100\n|\n|upkeep\n|turn|4\n|\n|t:|1776186172\n|switch|p1a: PablitoGames|Kingambit, L50, M, shiny|100/100\n|move|p1b: AeroNarfi|Protect|p1b: AeroNarfi\n|-singleturn|p1b: AeroNarfi|Protect\n|move|p2b: Sneasler|Fake Out|p1b: AeroNarfi\n|-activate|p1b: AeroNarfi|move: Protect\n|move|p2a: Basculegion|Aqua Jet|p1b: AeroNarfi\n|-activate|p1b: AeroNarfi|move: Protect\n|\n|-sideend|p1: cabrino|move: Tailwind\n|upkeep\n|turn|5\n|\n|t:|1776186192\n|move|p2a: Basculegion|Aqua Jet|p1b: AeroNarfi\n|-supereffective|p1b: AeroNarfi|1\n|-crit|p1b: AeroNarfi\n|-enditem|p1b: AeroNarfi|Focus Sash\n|-damage|p1b: AeroNarfi|1/100\n|move|p1b: AeroNarfi|Dual Wingbeat|p2b: Sneasler\n|-supereffective|p2b: Sneasler|1\n|-damage|p2b: Sneasler|0 fnt\n|faint|p2b: Sneasler\n|-hitcount|p2: Sneasler|1\n|move|p1a: PablitoGames|Kowtow Cleave|p2a: Basculegion\n|-supereffective|p2a: Basculegion|1\n|-damage|p2a: Basculegion|0 fnt\n|faint|p2a: Basculegion\n|\n|upkeep\n|\n|t:|1776186194\n|switch|p2b: Delphox|Delphox-Mega, L50, F|100/100\n|switch|p2a: Aerodactyl|Aerodactyl, L50, F|88/100\n|-ability|p2a: Aerodactyl|Unnerve\n|turn|6\n|\n|t:|1776186214\n|move|p1a: PablitoGames|Sucker Punch|p2b: Delphox\n|-supereffective|p2b: Delphox|1\n|-damage|p2b: Delphox|0 fnt\n|faint|p2b: Delphox\n|move|p2a: Aerodactyl|Rock Slide|p1a: PablitoGames|[spread] p1a,p1b\n|-resisted|p1a: PablitoGames|1\n|-supereffective|p1b: AeroNarfi|1\n|-damage|p1a: PablitoGames|90/100\n|-damage|p1b: AeroNarfi|0 fnt\n|faint|p1b: AeroNarfi\n|\n|upkeep\n|\n|t:|1776186220\n|switch|p1b: Garchalipe|Garchomp, L50, M|100/100\n|turn|7\n|-message|ScribbleScribble forfeited.\n|\n|win|cabrino\n|raw|cabrino's rating: 1466 &rarr; <strong>1492</strong><br />(+26 for winning)\n|raw|ScribbleScribble's rating: 1571 &rarr; <strong>1545</strong><br />(-26 for losing)\n|l|\u203dScribbleScribble\n|player|p2|\n",
  "uploadtime": 1776186246,
  "views": 69,
  "formatid": "gen9championsvgc2026regma",
  "rating": 1492,
  "private": 0,
  "password": null
}