{
  "id": "gen9championsvgc2026regma-2584196518",
  "format": "[Gen 9 Champions] VGC 2026 Reg M-A",
  "players": [
    "colfox",
    "Sky Eating Serpent"
  ],
  "log": "|j|\u203dcolfox\n|j|\u2606Sky Eating Serpent\n|t:|1776236968\n|gametype|doubles\n|player|p1|colfox|2|1175\n|player|p2|Sky Eating Serpent|lacey|1231\n|gen|9\n|tier|[Gen 9 Champions] VGC 2026 Reg M-A\n|rated|\n|rule|Species Clause: Limit one of each Pok\u00e9mon\n|rule|Item Clause: Limit 1 of each item\n|clearpoke\n|poke|p1|Sylveon, L50, M|\n|poke|p1|Garchomp, L50, M|\n|poke|p1|Milotic, L50, M|\n|poke|p1|Ninetales, L50, F|\n|poke|p1|Raichu, L50, M|\n|poke|p1|Scizor, L50, M|\n|poke|p2|Aerodactyl, L50, F|\n|poke|p2|Incineroar, L50, M|\n|poke|p2|Floette-Eternal, L50, F|\n|poke|p2|Garchomp, L50, M|\n|poke|p2|Sneasler, L50, M|\n|poke|p2|Basculegion, L50, M|\n|teampreview|4\n|\n|t:|1776237040\n|teamsize|p1|4\n|teamsize|p2|4\n|start\n|switch|p1a: Raichu|Raichu, L50, M|100/100\n|switch|p1b: Milotic|Milotic, L50, M|100/100\n|switch|p2a: Garchomp|Garchomp, L50, M|100/100\n|switch|p2b: Floette|Floette-Eternal, L50, F|100/100\n|turn|1\n|\n|t:|1776237072\n|detailschange|p2b: Floette|Floette-Mega, L50, F\n|-mega|p2b: Floette|Floette|Floettite\n|-ability|p2b: Floette|Fairy Aura\n|move|p2a: Garchomp|Protect|p2a: Garchomp\n|-singleturn|p2a: Garchomp|Protect\n|move|p1a: Raichu|Fake Out|p2a: Garchomp\n|-activate|p2a: Garchomp|move: Protect\n|move|p2b: Floette|Moonblast|p1a: Raichu\n|-damage|p1a: Raichu|0 fnt\n|faint|p1a: Raichu\n|move|p1b: Milotic|Icy Wind|p2a: Garchomp|[spread] p2b\n|-activate|p2a: Garchomp|move: Protect\n|-damage|p2b: Floette|88/100\n|-unboost|p2b: Floette|spe|1\n|\n|upkeep\n|\n|t:|1776237092\n|switch|p1a: Scizor|Scizor, L50, M|100/100\n|turn|2\n|\n|t:|1776237103\n|switch|p2b: Basculegion|Basculegion, L50, M|100/100\n|detailschange|p1a: Scizor|Scizor-Mega, L50, M\n|-mega|p1a: Scizor|Scizor|Scizorite\n|move|p1a: Scizor|Bullet Punch|p2b: Basculegion\n|-resisted|p2b: Basculegion|1\n|-damage|p2b: Basculegion|76/100\n|move|p2a: Garchomp|Rock Slide|p1b: Milotic|[spread] p1a,p1b\n|-damage|p1a: Scizor|86/100\n|-damage|p1b: Milotic|76/100\n|move|p1b: Milotic|Icy Wind|p2b: Basculegion|[spread] p2a,p2b\n|-supereffective|p2a: Garchomp|2\n|-resisted|p2b: Basculegion|1\n|-damage|p2a: Garchomp|44/100\n|-damage|p2b: Basculegion|68/100\n|-unboost|p2a: Garchomp|spe|1\n|-unboost|p2b: Basculegion|spe|1\n|\n|upkeep\n|turn|3\n|\n|t:|1776237152\n|move|p1a: Scizor|Bullet Punch|p2a: Garchomp\n|-damage|p2a: Garchomp|5/100\n|-damage|p1a: Scizor|73/100|[from] ability: Rough Skin|[of] p2a: Garchomp\n|move|p2b: Basculegion|Flip Turn|p1a: Scizor\n|-damage|p1a: Scizor|42/100\n|\n|t:|1776237162\n|switch|p2b: Floette|Floette-Mega, L50, F|88/100|[from] Flip Turn\n|-ability|p2b: Floette|Fairy Aura\n|move|p2a: Garchomp|Rock Slide|p1a: Scizor|[spread] p1a,p1b\n|-damage|p1a: Scizor|26/100\n|-damage|p1b: Milotic|53/100\n|move|p1b: Milotic|Icy Wind|p2b: Floette|[spread] p2a,p2b\n|-supereffective|p2a: Garchomp|2\n|-damage|p2a: Garchomp|0 fnt\n|-damage|p2b: Floette|77/100\n|-unboost|p2b: Floette|spe|1\n|faint|p2a: Garchomp\n|\n|upkeep\n|\n|t:|1776237174\n|switch|p2a: Basculegion|Basculegion, L50, M|68/100\n|turn|4\n|\n|t:|1776237189\n|move|p2b: Floette|Protect|p2b: Floette\n|-singleturn|p2b: Floette|Protect\n|move|p1a: Scizor|Protect|p1a: Scizor\n|-singleturn|p1a: Scizor|Protect\n|move|p2a: Basculegion|Last Respects|p1b: Milotic\n|-damage|p1b: Milotic|0 fnt\n|faint|p1b: Milotic\n|\n|upkeep\n|\n|t:|1776237200\n|switch|p1b: Garchomp|Garchomp, L50, M|100/100\n|turn|5\n|\n|t:|1776237213\n|switch|p2b: Incineroar|Incineroar, L50, M|100/100\n|-ability|p2b: Incineroar|Intimidate|boost\n|-unboost|p1a: Scizor|atk|1\n|-unboost|p1b: Garchomp|atk|1\n|move|p1a: Scizor|Bullet Punch|p2b: Incineroar\n|-resisted|p2b: Incineroar|1\n|-damage|p2b: Incineroar|89/100\n|move|p2a: Basculegion|Last Respects|p1a: Scizor\n|-damage|p1a: Scizor|0 fnt\n|faint|p1a: Scizor\n|move|p1b: Garchomp|Rock Slide|p2a: Basculegion|[spread] p2a,p2b\n|-supereffective|p2b: Incineroar|1\n|-damage|p2a: Basculegion|51/100\n|-damage|p2b: Incineroar|65/100\n|\n|-heal|p2b: Incineroar|71/100|[from] item: Leftovers\n|upkeep\n|turn|6\n|-message|colfox forfeited.\n|\n|win|Sky Eating Serpent\n|raw|colfox's rating: 1175 &rarr; <strong>1154</strong><br />(-21 for losing)\n|raw|Sky Eating Serpent's rating: 1231 &rarr; <strong>1252</strong><br />(+21 for winning)\n",
  "uploadtime": 1776237241,
  "views": 18,
  "formatid": "gen9championsvgc2026regma",
  "rating": 1154,
  "private": 0,
  "password": null
}