{
  "id": "gen9championsvgc2026regma-2585975819",
  "format": "[Gen 9 Champions] VGC 2026 Reg M-A",
  "players": [
    "perucetus",
    "inosely"
  ],
  "log": "|j|\u2606perucetus\n|j|\u2606inosely\n|t:|1776386738\n|gametype|doubles\n|player|p1|perucetus|pokemaniac|1217\n|player|p2|inosely|2|1141\n|gen|9\n|tier|[Gen 9 Champions] VGC 2026 Reg M-A\n|rated|\n|rule|Species Clause: Limit one of each Pok\u00e9mon\n|rule|Item Clause: Limit 1 of each item\n|clearpoke\n|poke|p1|Garchomp, L50, M|\n|poke|p1|Aerodactyl, L50, F|\n|poke|p1|Sinistcha-Masterpiece, L50|\n|poke|p1|Tyranitar, L50, M|\n|poke|p1|Sneasler, L50, M|\n|poke|p1|Rotom-Wash, L50|\n|poke|p2|Hatterene, L50, F|\n|poke|p2|Oranguru, L50, M|\n|poke|p2|Golurk, L50|\n|poke|p2|Maushold, L50|\n|poke|p2|Kommo-o, L50, F|\n|poke|p2|Torkoal, L50, F|\n|teampreview|4\ninosely rejected open team sheets.\n|inactive|Battle timer is ON: inactive players will automatically lose when time's up. (requested by inosely)\n|inactive|perucetus has 60 seconds left.\n|\n|t:|1776386789\n|teamsize|p1|4\n|teamsize|p2|4\n|start\n|switch|p1a: Devasttar|Tyranitar, L50, M, shiny|100/100\n|switch|p1b: Mach-o|Garchomp, L50, M, shiny|100/100\n|switch|p2a: Hatterene|Hatterene, L50, F|100/100\n|switch|p2b: Oranguru|Oranguru, L50, M|100/100\n|-weather|Sandstorm|[from] ability: Sand Stream|[of] p1a: Devasttar\n|turn|1\n|\n|t:|1776386809\n|detailschange|p1a: Devasttar|Tyranitar-Mega, L50, M, shiny\n|-mega|p1a: Devasttar|Tyranitar|Tyranitarite\n|move|p1b: Mach-o|Rock Slide|p2a: Hatterene|[spread] p2b\n|-miss|p1b: Mach-o|p2a: Hatterene\n|-damage|p2b: Oranguru|82/100\n|move|p1a: Devasttar|Rock Slide|p2b: Oranguru|[spread] p2a,p2b\n|-damage|p2a: Hatterene|62/100\n|-damage|p2b: Oranguru|44/100\n|cant|p2a: Hatterene|flinch\n|move|p2b: Oranguru|Trick Room|p2b: Oranguru\n|-fieldstart|move: Trick Room|[of] p2b: Oranguru\n|\n|-weather|Sandstorm|[upkeep]\n|-damage|p2a: Hatterene|56/100|[from] Sandstorm\n|-damage|p2b: Oranguru|38/100|[from] Sandstorm\n|upkeep\n|turn|2\n|\n|t:|1776386832\n|move|p1a: Devasttar|Protect|p1a: Devasttar\n|-singleturn|p1a: Devasttar|Protect\n|move|p1b: Mach-o|Protect|p1b: Mach-o\n|-singleturn|p1b: Mach-o|Protect\n|move|p2a: Hatterene|Dazzling Gleam|p1b: Mach-o|[spread] \n|-activate|p1a: Devasttar|move: Protect\n|-activate|p1b: Mach-o|move: Protect\n|move|p2b: Oranguru|Psychic|p1b: Mach-o\n|-activate|p1b: Mach-o|move: Protect\n|\n|-weather|Sandstorm|[upkeep]\n|-damage|p2a: Hatterene|50/100|[from] Sandstorm\n|-damage|p2b: Oranguru|32/100|[from] Sandstorm\n|upkeep\n|turn|3\n|\n|t:|1776386856\n|switch|p1a: Mr Clean|Rotom-Wash, L50|100/100\n|switch|p1b: Cheesler|Sneasler, L50, M|100/100\n|move|p2a: Hatterene|Dazzling Gleam|p1a: Mr Clean|[spread] p1a,p1b\n|-damage|p1a: Mr Clean|49/100\n|-damage|p1b: Cheesler|41/100\n|move|p2b: Oranguru|Psychic|p1b: Cheesler\n|-supereffective|p1b: Cheesler|2\n|-damage|p1b: Cheesler|0 fnt\n|faint|p1b: Cheesler\n|\n|-weather|Sandstorm|[upkeep]\n|-damage|p2a: Hatterene|45/100|[from] Sandstorm\n|-damage|p2b: Oranguru|26/100|[from] Sandstorm\n|-damage|p1a: Mr Clean|43/100|[from] Sandstorm\n|upkeep\n|\n|t:|1776386869\n|switch|p1b: Devasttar|Tyranitar-Mega, L50, M, shiny|100/100\n|turn|4\n|\n|t:|1776386881\n|move|p2a: Hatterene|Dazzling Gleam|p1b: Devasttar|[spread] p1a,p1b\n|-supereffective|p1b: Devasttar|1\n|-damage|p1a: Mr Clean|0 fnt\n|-damage|p1b: Devasttar|50/100\n|faint|p1a: Mr Clean\n|move|p2b: Oranguru|Psychic|p1b: Devasttar\n|-immune|p1b: Devasttar\n|move|p1b: Devasttar|Rock Slide|p2b: Oranguru|[spread] p2a,p2b\n|-damage|p2a: Hatterene|6/100\n|-damage|p2b: Oranguru|0 fnt\n|faint|p2b: Oranguru\n|\n|-weather|Sandstorm|[upkeep]\n|-damage|p2a: Hatterene|0 fnt|[from] Sandstorm\n|faint|p2a: Hatterene\n|upkeep\n|\n|t:|1776386891\n|switch|p2a: Golurk|Golurk, L50, shiny|100/100\n|switch|p2b: Kommo-o|Kommo-o, L50, F, shiny|100/100\n|switch|p1a: Mach-o|Garchomp, L50, M, shiny|100/100\n|turn|5\n|\n|t:|1776386903\n|detailschange|p2a: Golurk|Golurk-Mega, L50, shiny\n|-mega|p2a: Golurk|Golurk|Golurkite\n|move|p1b: Devasttar|Protect|p1b: Devasttar\n|-singleturn|p1b: Devasttar|Protect\n|move|p1a: Mach-o|Protect|p1a: Mach-o\n|-singleturn|p1a: Mach-o|Protect\n|move|p2a: Golurk|Drain Punch|p1b: Devasttar\n|-supereffective|p1b: Devasttar|2\n|-ability|p2a: Golurk|Unseen Fist\n|-zbroken|p1b: Devasttar\n|-damage|p1b: Devasttar|28/100\n|move|p2b: Kommo-o|Clanging Scales|p1a: Mach-o|[spread] \n|-activate|p1a: Mach-o|move: Protect\n|-activate|p1b: Devasttar|move: Protect\n|\n|-weather|none\n|-fieldend|move: Trick Room\n|upkeep\n|turn|6\n|inactive|perucetus has 30 seconds left.\n|\n|t:|1776386931\n|move|p1a: Mach-o|Dragon Claw|p2b: Kommo-o\n|-supereffective|p2b: Kommo-o|1\n|-damage|p2b: Kommo-o|10/100\n|move|p2b: Kommo-o|Clanging Scales|p1b: Devasttar|[spread] p1a,p1b\n|-supereffective|p1a: Mach-o|1\n|-crit|p1b: Devasttar\n|-damage|p1a: Mach-o|15/100\n|-damage|p1b: Devasttar|0 fnt\n|faint|p1b: Devasttar\n|-unboost|p2b: Kommo-o|def|1\n|move|p2a: Golurk|Drain Punch|p1a: Mach-o\n|-damage|p1a: Mach-o|0 fnt\n|faint|p1a: Mach-o\n|\n|win|inosely\n|raw|perucetus's rating: 1217 &rarr; <strong>1187</strong><br />(-30 for losing)\n|raw|inosely's rating: 1141 &rarr; <strong>1171</strong><br />(+30 for winning)\n|l|\u2606perucetus\n|player|p1|\n|l|\u2606inosely\n|player|p2|\n|j|\u2606inosely\n|player|p2|inosely|2|\n",
  "uploadtime": 1776386954,
  "views": 20,
  "formatid": "gen9championsvgc2026regma",
  "rating": 1171,
  "private": 0,
  "password": null
}