{
  "id": "gen9championsvgc2026regma-2588305904",
  "format": "[Gen 9 Champions] VGC 2026 Reg M-A",
  "players": [
    "Purple Amoonguss",
    "Annie4U"
  ],
  "log": "|j|\u2606Purple Amoonguss\n|j|\u2606Annie4U\n|t:|1776622661\n|gametype|doubles\n|player|p1|Purple Amoonguss|schoolkid|1423\n|player|p2|Annie4U|miku-water|1433\n|gen|9\n|tier|[Gen 9 Champions] VGC 2026 Reg M-A\n|rated|\n|rule|Species Clause: Limit one of each Pok\u00e9mon\n|rule|Item Clause: Limit 1 of each item\n|clearpoke\n|poke|p1|Meganium, L50, F|\n|poke|p1|Tyranitar, L50, M|\n|poke|p1|Garchomp, L50, M|\n|poke|p1|Aegislash, L50, M|\n|poke|p1|Milotic, L50, F|\n|poke|p1|Aerodactyl, L50, F|\n|poke|p2|Kangaskhan, L50, F, shiny|\n|poke|p2|Torkoal, L50, F, shiny|\n|poke|p2|Zoroark-Hisui, L50, M|\n|poke|p2|Farigiraf, L50, F, shiny|\n|poke|p2|Decidueye-Hisui, L50, M|\n|poke|p2|Kingambit, L50, M, shiny|\n|teampreview|4\n|inactive|Battle timer is ON: inactive players will automatically lose when time's up. (requested by Annie4U)\n|inactive|Purple Amoonguss has 60 seconds left.\n|inactive|Purple Amoonguss has 30 seconds left.\n|\n|t:|1776622725\n|teamsize|p1|4\n|teamsize|p2|4\n|start\n|switch|p1a: Meganium|Meganium, L50, F|100/100\n|switch|p1b: Aegislash|Aegislash, L50, M|100/100\n|switch|p2a: Kangaskhan|Kangaskhan, L50, F, shiny|100/100\n|switch|p2b: Farigiraf|Farigiraf, L50, F, shiny|100/100\n|turn|1\n|\n|t:|1776622735\n|detailschange|p2a: Kangaskhan|Kangaskhan-Mega, L50, F, shiny\n|-mega|p2a: Kangaskhan|Kangaskhan|Kangaskhanite\n|move|p1a: Meganium|Protect|p1a: Meganium\n|-singleturn|p1a: Meganium|Protect\n|move|p2a: Kangaskhan|Crunch|p1b: Aegislash\n|-supereffective|p1b: Aegislash|1\n|-damage|p1b: Aegislash|53/100\n|-unboost|p1b: Aegislash|def|1\n|-supereffective|p1b: Aegislash|1\n|-damage|p1b: Aegislash|37/100\n|-hitcount|p1b: Aegislash|2\n|-formechange|p1b: Aegislash|Aegislash-Blade|\n|move|p1b: Aegislash|Iron Head|p2b: Farigiraf\n|-damage|p2b: Farigiraf|66/100\n|move|p2b: Farigiraf|Trick Room|p2b: Farigiraf\n|-fieldstart|move: Trick Room|[of] p2b: Farigiraf\n|\n|upkeep\n|turn|2\n|inactive|Purple Amoonguss has 30 seconds left.\n|\n|t:|1776622762\n|switch|p2b: Torkoal|Torkoal, L50, F, shiny|100/100\n|-weather|SunnyDay|[from] ability: Drought|[of] p2b: Torkoal\n|detailschange|p1a: Meganium|Meganium-Mega, L50, F\n|-mega|p1a: Meganium|Meganium|Meganiumite\n|move|p1b: Aegislash|Iron Head|p2a: Kangaskhan\n|-damage|p2a: Kangaskhan|60/100\n|move|p2a: Kangaskhan|Crunch|p1b: Aegislash\n|-supereffective|p1b: Aegislash|1\n|-damage|p1b: Aegislash|0 fnt\n|faint|p1b: Aegislash\n|-hitcount|p1: Aegislash|1\n|move|p1a: Meganium|Solar Beam||[still]\n|-prepare|p1a: Meganium|Solar Beam\n|-anim|p1a: Meganium|Solar Beam|p2a: Kangaskhan\n|-damage|p2a: Kangaskhan|0 fnt\n|faint|p2a: Kangaskhan\n|\n|-weather|SunnyDay|[upkeep]\n|upkeep\n|\n|t:|1776622774\n|switch|p1b: Tyranitar|Tyranitar, L50, M|100/100\n|switch|p2a: Decidueye|Decidueye-Hisui, L50, M|100/100\n|-weather|Sandstorm|[from] ability: Sand Stream|[of] p1b: Tyranitar\n|turn|3\n|\n|t:|1776622798\n|move|p1b: Tyranitar|Protect|p1b: Tyranitar\n|-singleturn|p1b: Tyranitar|Protect\n|move|p2b: Torkoal|Eruption|p1a: Meganium|[spread] p1a\n|-activate|p1b: Tyranitar|move: Protect\n|-supereffective|p1a: Meganium|1\n|-damage|p1a: Meganium|0 fnt\n|faint|p1a: Meganium\n|move|p2a: Decidueye|Triple Arrows|p1b: Tyranitar\n|-activate|p1b: Tyranitar|move: Protect\n|\n|-weather|Sandstorm|[upkeep]\n|-damage|p2b: Torkoal|94/100|[from] Sandstorm\n|-damage|p2a: Decidueye|94/100|[from] Sandstorm\n|upkeep\n|\n|t:|1776622806\n|switch|p1a: Garchomp|Garchomp, L50, M|100/100\n|turn|4\n|\n|t:|1776622822\n|move|p2b: Torkoal|Eruption|p1a: Garchomp|[spread] p1a,p1b\n|-resisted|p1a: Garchomp|1\n|-resisted|p1b: Tyranitar|1\n|-damage|p1a: Garchomp|72/100\n|-damage|p1b: Tyranitar|86/100\n|move|p2a: Decidueye|Triple Arrows|p1b: Tyranitar\n|-supereffective|p1b: Tyranitar|2\n|-damage|p1b: Tyranitar|0 fnt\n|faint|p1b: Tyranitar\n|move|p1a: Garchomp|Stomping Tantrum|p2b: Torkoal\n|-supereffective|p2b: Torkoal|1\n|-crit|p2b: Torkoal\n|-damage|p2b: Torkoal|0 fnt\n|faint|p2b: Torkoal\n|\n|-weather|Sandstorm|[upkeep]\n|-damage|p2a: Decidueye|88/100|[from] Sandstorm\n|upkeep\n|\n|t:|1776622825\n|switch|p2b: Farigiraf|Farigiraf, L50, F, shiny|66/100\n|turn|5\n|-message|Purple Amoonguss forfeited.\n|\n|win|Annie4U\n|raw|Purple Amoonguss's rating: 1423 &rarr; <strong>1404</strong><br />(-19 for losing)\n|raw|Annie4U's rating: 1433 &rarr; <strong>1452</strong><br />(+19 for winning)\n|l|\u2606Purple Amoonguss\n|player|p1|\n",
  "uploadtime": 1776622833,
  "views": 11,
  "formatid": "gen9championsvgc2026regma",
  "rating": 1404,
  "private": 0,
  "password": null
}