{
  "id": "gen9championsvgc2026regma-2585243512",
  "format": "[Gen 9 Champions] VGC 2026 Reg M-A",
  "players": [
    "Lyla_No_Name",
    "reallyreallybadboy"
  ],
  "log": "|j|\u2606Lyla_No_Name\n|j|\u2606reallyreallybadboy\n|t:|1776329190\n|gametype|doubles\n|player|p1|Lyla_No_Name|caitlin|1235\n|player|p2|reallyreallybadboy|2|1228\n|gen|9\n|tier|[Gen 9 Champions] VGC 2026 Reg M-A\n|rated|\n|rule|Species Clause: Limit one of each Pok\u00e9mon\n|rule|Item Clause: Limit 1 of each item\n|clearpoke\n|poke|p1|Tyranitar, L50, M|\n|poke|p1|Excadrill, L50, M|\n|poke|p1|Aerodactyl, L50, M|\n|poke|p1|Rotom-Heat, L50|\n|poke|p1|Sinistcha, L50|\n|poke|p1|Basculegion, L50, M|\n|poke|p2|Tyranitar, L50, F|\n|poke|p2|Azumarill, L50, M|\n|poke|p2|Talonflame, L50, F|\n|poke|p2|Aegislash, L50, M|\n|poke|p2|Sinistcha-Masterpiece, L50|\n|poke|p2|Raichu, L50, F|\n|teampreview|4\n|j| VegitoSKBEST\n|\n|t:|1776329216\n|teamsize|p1|4\n|teamsize|p2|4\n|start\n|switch|p1a: Excadrill|Excadrill, L50, M|100/100\n|switch|p1b: Tyranitar|Tyranitar, L50, M|100/100\n|switch|p2a: Raichu|Raichu, L50, F, shiny|100/100\n|switch|p2b: Azumarill|Azumarill, L50, M, shiny|100/100\n|-weather|Sandstorm|[from] ability: Sand Stream|[of] p1b: Tyranitar\n|turn|1\n|\n|t:|1776329229\n|move|p1a: Excadrill|Protect|p1a: Excadrill\n|-singleturn|p1a: Excadrill|Protect\n|move|p1b: Tyranitar|Protect|p1b: Tyranitar\n|-singleturn|p1b: Tyranitar|Protect\n|move|p2a: Raichu|Fake Out|p1a: Excadrill\n|-activate|p1a: Excadrill|move: Protect\n|move|p2b: Azumarill|Belly Drum|p2b: Azumarill\n|-damage|p2b: Azumarill|50/100\n|-setboost|p2b: Azumarill|atk|6|[from] move: Belly Drum\n|-enditem|p2b: Azumarill|Sitrus Berry|[eat]\n|-heal|p2b: Azumarill|75/100|[from] item: Sitrus Berry\n|\n|-weather|Sandstorm|[upkeep]\n|-damage|p2a: Raichu|95/100|[from] Sandstorm\n|-damage|p2b: Azumarill|69/100|[from] Sandstorm\n|upkeep\n|turn|2\n|c|\u2606Lyla_No_Name|damnit\n|\n|t:|1776329268\n|switch|p1b: Sinistcha|Sinistcha, L50|100/100\n|move|p2b: Azumarill|Aqua Jet|p1a: Excadrill\n|-supereffective|p1a: Excadrill|1\n|-enditem|p1a: Excadrill|Focus Sash\n|-damage|p1a: Excadrill|1/100\n|move|p1a: Excadrill|Iron Head|p2b: Azumarill\n|-damage|p2b: Azumarill|24/100\n|move|p2a: Raichu|Encore||[still]\n|-fail|p2a: Raichu\n|\n|-weather|Sandstorm|[upkeep]\n|-damage|p2a: Raichu|89/100|[from] Sandstorm\n|-damage|p1b: Sinistcha|94/100|[from] Sandstorm\n|-damage|p2b: Azumarill|18/100|[from] Sandstorm\n|upkeep\n|turn|3\n|\n|t:|1776329318\n|switch|p2b: Aegislash|Aegislash, L50, M, shiny|100/100\n|move|p1b: Sinistcha|Rage Powder|p1b: Sinistcha\n|-singleturn|p1b: Sinistcha|move: Rage Powder\n|move|p1a: Excadrill|Rock Slide|p2a: Raichu|[spread] p2a,p2b\n|-resisted|p2b: Aegislash|1\n|-damage|p2a: Raichu|47/100\n|-damage|p2b: Aegislash|92/100\n|cant|p2a: Raichu|flinch\n|\n|-weather|Sandstorm|[upkeep]\n|-damage|p2a: Raichu|41/100|[from] Sandstorm\n|-damage|p1b: Sinistcha|88/100|[from] Sandstorm\n|upkeep\n|turn|4\n|\n|t:|1776329362\n|switch|p2a: Tyranitar|Tyranitar, L50, F, shiny|100/100\n|move|p1b: Sinistcha|Protect|p1b: Sinistcha\n|-singleturn|p1b: Sinistcha|Protect\n|move|p1a: Excadrill|Earthquake|p2b: Aegislash|[spread] p2a,p2b\n|-activate|p1b: Sinistcha|move: Protect\n|-supereffective|p2a: Tyranitar|1\n|-supereffective|p2b: Aegislash|1\n|-damage|p2a: Tyranitar|19/100\n|-damage|p2b: Aegislash|23/100\n|-formechange|p2b: Aegislash|Aegislash-Blade|\n|move|p2b: Aegislash|Shadow Ball|p1b: Sinistcha\n|-activate|p1b: Sinistcha|move: Protect\n|\n|-weather|Sandstorm|[upkeep]\n|-damage|p1b: Sinistcha|82/100|[from] Sandstorm\n|upkeep\n|turn|5\n|\n|t:|1776329383\n|detailschange|p2a: Tyranitar|Tyranitar-Mega, L50, F, shiny\n|-mega|p2a: Tyranitar|Tyranitar|Tyranitarite\n|move|p2b: Aegislash|Wide Guard|p2b: Aegislash\n|-singleturn|p2b: Aegislash|Wide Guard\n|move|p1b: Sinistcha|Rage Powder|p1b: Sinistcha\n|-singleturn|p1b: Sinistcha|move: Rage Powder\n|move|p1a: Excadrill|Earthquake|p2b: Aegislash|[spread] p1b\n|-activate|p2a: Tyranitar|move: Wide Guard\n|-activate|p2b: Aegislash|move: Wide Guard\n|-resisted|p1b: Sinistcha|1\n|-damage|p1b: Sinistcha|68/100\n|move|p2a: Tyranitar|Dragon Dance|p2a: Tyranitar\n|-boost|p2a: Tyranitar|atk|1\n|-boost|p2a: Tyranitar|spe|1\n|\n|-weather|none\n|upkeep\n|turn|6\n|\n|t:|1776329403\n|move|p1b: Sinistcha|Rage Powder|p1b: Sinistcha\n|-singleturn|p1b: Sinistcha|move: Rage Powder\n|move|p2a: Tyranitar|Rock Slide|p1b: Sinistcha|[spread] p1a,p1b\n|-resisted|p1a: Excadrill|2\n|-damage|p1a: Excadrill|0 fnt\n|-damage|p1b: Sinistcha|30/100\n|faint|p1a: Excadrill\n|move|p2b: Aegislash|Shadow Ball|p1b: Sinistcha\n|-supereffective|p1b: Sinistcha|1\n|-damage|p1b: Sinistcha|0 fnt\n|faint|p1b: Sinistcha\n|\n|upkeep\n|c|\u2606Lyla_No_Name|oh my god i forgot about dragon dance speed boost\n|\n|t:|1776329425\n|switch|p1a: Basculegion|Basculegion, L50, M|100/100\n|switch|p1b: Tyranitar|Tyranitar, L50, M|100/100\n|-weather|Sandstorm|[from] ability: Sand Stream|[of] p1b: Tyranitar\n|turn|7\n|c|\u2606reallyreallybadboy|oop\n|\n|t:|1776329456\n|move|p2a: Tyranitar|Protect|p2a: Tyranitar\n|-singleturn|p2a: Tyranitar|Protect\n|-formechange|p2b: Aegislash|Aegislash|\n|move|p2b: Aegislash|King's Shield|p2b: Aegislash\n|-singleturn|p2b: Aegislash|Protect\n|move|p1a: Basculegion|Last Respects|p2a: Tyranitar\n|-activate|p2a: Tyranitar|move: Protect\n|move|p1b: Tyranitar|Rock Slide|p2b: Aegislash|[spread] \n|-activate|p2a: Tyranitar|move: Protect\n|-activate|p2b: Aegislash|move: Protect\n|\n|-weather|Sandstorm|[upkeep]\n|-damage|p1a: Basculegion|94/100|[from] Sandstorm\n|upkeep\n|turn|8\n|\n|t:|1776329479\n|move|p1b: Tyranitar|Protect|p1b: Tyranitar\n|-singleturn|p1b: Tyranitar|Protect\n|move|p1a: Basculegion|Last Respects|p2a: Tyranitar\n|-resisted|p2a: Tyranitar|1\n|-damage|p2a: Tyranitar|0 fnt\n|faint|p2a: Tyranitar\n|-formechange|p2b: Aegislash|Aegislash-Blade|\n|move|p2b: Aegislash|Flash Cannon|p1b: Tyranitar\n|-activate|p1b: Tyranitar|move: Protect\n|\n|-weather|Sandstorm|[upkeep]\n|-damage|p1a: Basculegion|88/100|[from] Sandstorm\n|upkeep\n|\n|t:|1776329490\n|switch|p2a: Raichu|Raichu, L50, F, shiny|41/100\n|turn|9\n|\n|t:|1776329506\n|detailschange|p1b: Tyranitar|Tyranitar-Mega, L50, M\n|-mega|p1b: Tyranitar|Tyranitar|Tyranitarite\n|move|p2b: Aegislash|Wide Guard|p2b: Aegislash\n|-singleturn|p2b: Aegislash|Wide Guard\n|move|p1a: Basculegion|Last Respects|p2b: Aegislash\n|-supereffective|p2b: Aegislash|1\n|-damage|p2b: Aegislash|0 fnt\n|faint|p2b: Aegislash\n|move|p2a: Raichu|Thunderbolt|p1a: Basculegion\n|-supereffective|p1a: Basculegion|1\n|-damage|p1a: Basculegion|8/100\n|move|p1b: Tyranitar|Knock Off|p2a: Raichu\n|-damage|p2a: Raichu|0 fnt\n|-enditem|p2a: Raichu|Focus Sash|[from] move: Knock Off|[of] p1b: Tyranitar\n|faint|p2a: Raichu\n|\n|-weather|Sandstorm|[upkeep]\n|-damage|p1a: Basculegion|2/100|[from] Sandstorm\n|upkeep\n|\n|t:|1776329519\n|switch|p2b: Azumarill|Azumarill, L50, M, shiny|18/100\n|turn|10\n|c|\u2606reallyreallybadboy|g\n|c|\u2606reallyreallybadboy|g\n|-message|reallyreallybadboy forfeited.\n|\n|win|Lyla_No_Name\n|raw|Lyla_No_Name's rating: 1235 &rarr; <strong>1259</strong><br />(+24 for winning)\n|raw|reallyreallybadboy's rating: 1228 &rarr; <strong>1204</strong><br />(-24 for losing)\n|c|\u2606Lyla_No_Name|ye gg\n|l|\u2606reallyreallybadboy\n|player|p2|\n|l|\u2606Lyla_No_Name\n|player|p1|\n",
  "uploadtime": 1776329623,
  "views": 29,
  "formatid": "gen9championsvgc2026regma",
  "rating": 1204,
  "private": 0,
  "password": null
}