{
  "id": "gen9championsvgc2026regma-2582360777",
  "format": "[Gen 9 Champions] VGC 2026 Reg M-A",
  "players": [
    "HL SIGNAL",
    "therealace2"
  ],
  "log": "|j|\u2606HL SIGNAL\n|j|\u2606therealace2\n|t:|1776086355\n|gametype|doubles\n|player|p1|HL SIGNAL|drayden|1220\n|player|p2|therealace2|ethan|1324\n|gen|9\n|tier|[Gen 9 Champions] VGC 2026 Reg M-A\n|rated|\n|rule|Species Clause: Limit one of each Pok\u00e9mon\n|rule|Item Clause: Limit 1 of each item\n|clearpoke\n|poke|p1|Tyranitar, L50, M|\n|poke|p1|Whimsicott, L50, M|\n|poke|p1|Aegislash, L50, M|\n|poke|p1|Garchomp, L50, F|\n|poke|p1|Rotom-Wash, L50|\n|poke|p1|Incineroar, L50, F|\n|poke|p2|Arcanine-Hisui, L50, F|\n|poke|p2|Whimsicott, L50, F|\n|poke|p2|Pelipper, L50, F|\n|poke|p2|Basculegion, L50, M|\n|poke|p2|Lucario, L50, F|\n|poke|p2|Meowscarada, L50, M|\n|teampreview|4\n|inactive|Battle timer is ON: inactive players will automatically lose when time's up. (requested by HL SIGNAL)\n|c|\u2606therealace2|glhf\n|\n|t:|1776086382\n|teamsize|p1|4\n|teamsize|p2|4\n|start\n|switch|p1a: Whimsicott|Whimsicott, L50, M|100/100\n|switch|p1b: Rotom|Rotom-Wash, L50|100/100\n|switch|p2a: Whimsicott|Whimsicott, L50, F, shiny|100/100\n|switch|p2b: Basculegion|Basculegion, L50, M, shiny|100/100\n|turn|1\n|\n|t:|1776086395\n|move|p1a: Whimsicott|Tailwind|p1a: Whimsicott\n|-sidestart|p1: HL SIGNAL|move: Tailwind\n|move|p2a: Whimsicott|Tailwind|p2a: Whimsicott\n|-sidestart|p2: therealace2|move: Tailwind\n|move|p2b: Basculegion|Flip Turn|p1a: Whimsicott\n|-resisted|p1a: Whimsicott|1\n|-damage|p1a: Whimsicott|67/100\n|\n|t:|1776086402\n|switch|p2b: Lucario|Lucario, L50, F, shiny|100/100|[from] Flip Turn\n|move|p1b: Rotom|Will-O-Wisp|p2b: Lucario\n|-status|p2b: Lucario|brn\n|\n|-damage|p2b: Lucario|95/100 brn|[from] brn\n|upkeep\n|turn|2\n|\n|t:|1776086424\n|detailschange|p2b: Lucario|Lucario-Mega, L50, F, shiny\n|-mega|p2b: Lucario|Lucario|Lucarionite\n|move|p1a: Whimsicott|Protect|p1a: Whimsicott\n|-singleturn|p1a: Whimsicott|Protect\n|move|p2a: Whimsicott|Encore|p1b: Rotom\n|-start|p1b: Rotom|Encore\n|move|p2b: Lucario|Flash Cannon|p1a: Whimsicott\n|-activate|p1a: Whimsicott|move: Protect\n|move|p1b: Rotom|Will-O-Wisp|p2a: Whimsicott\n|-status|p2a: Whimsicott|brn\n|\n|-damage|p2a: Whimsicott|95/100 brn|[from] brn\n|-damage|p2b: Lucario|89/100 brn|[from] brn\n|upkeep\n|turn|3\n|\n|t:|1776086447\n|switch|p1a: Garchomp|Garchomp, L50, F|100/100\n|switch|p1b: Tyranitar|Tyranitar, L50, M|100/100\n|-weather|Sandstorm|[from] ability: Sand Stream|[of] p1b: Tyranitar\n|move|p2a: Whimsicott|Encore|p1a: Garchomp|[miss]\n|-miss|p2a: Whimsicott|p1a: Garchomp\n|move|p2b: Lucario|Flash Cannon|p1a: Garchomp\n|-damage|p1a: Garchomp|25/100\n|\n|-weather|Sandstorm|[upkeep]\n|-damage|p2a: Whimsicott|89/100 brn|[from] Sandstorm\n|-damage|p2a: Whimsicott|83/100 brn|[from] brn\n|-damage|p2b: Lucario|83/100 brn|[from] brn\n|upkeep\n|turn|4\n|inactive|HL SIGNAL has 30 seconds left.\n|inactive|therealace2 has 30 seconds left.\n|\n|t:|1776086481\n|switch|p2a: Pelipper|Pelipper, L50, F, shiny|100/100\n|-weather|RainDance|[from] ability: Drizzle|[of] p2a: Pelipper\n|detailschange|p1b: Tyranitar|Tyranitar-Mega, L50, M\n|-mega|p1b: Tyranitar|Tyranitar|Tyranitarite\n|-weather|Sandstorm|[from] ability: Sand Stream|[of] p1b: Tyranitar\n|move|p1a: Garchomp|Protect|p1a: Garchomp\n|-singleturn|p1a: Garchomp|Protect\n|move|p2b: Lucario|Aura Sphere|p1b: Tyranitar\n|-supereffective|p1b: Tyranitar|2\n|-damage|p1b: Tyranitar|0 fnt\n|faint|p1b: Tyranitar\n|\n|-weather|Sandstorm|[upkeep]\n|-damage|p2a: Pelipper|95/100|[from] Sandstorm\n|-heal|p2a: Pelipper|100/100|[from] item: Leftovers\n|-damage|p2b: Lucario|77/100 brn|[from] brn\n|-sideend|p1: HL SIGNAL|move: Tailwind\n|-sideend|p2: therealace2|move: Tailwind\n|upkeep\n|\n|t:|1776086501\n|switch|p1b: Whimsicott|Whimsicott, L50, M|67/100\n|turn|5\n|\n|t:|1776086510\n|switch|p2a: Whimsicott|Whimsicott, L50, F, shiny|83/100 brn\n|move|p2b: Lucario|Protect|p2b: Lucario\n|-singleturn|p2b: Lucario|Protect\n|move|p1b: Whimsicott|Tailwind|p1b: Whimsicott\n|-sidestart|p1: HL SIGNAL|move: Tailwind\n|move|p1a: Garchomp|Earthquake|p2a: Whimsicott|[spread] p1b,p2a\n|-activate|p2b: Lucario|move: Protect\n|-resisted|p1b: Whimsicott|1\n|-resisted|p2a: Whimsicott|1\n|-damage|p1b: Whimsicott|39/100\n|-damage|p2a: Whimsicott|57/100 brn\n|\n|-weather|Sandstorm|[upkeep]\n|-damage|p1b: Whimsicott|33/100|[from] Sandstorm\n|-damage|p2a: Whimsicott|51/100 brn|[from] Sandstorm\n|-damage|p2a: Whimsicott|45/100 brn|[from] brn\n|-damage|p2b: Lucario|71/100 brn|[from] brn\n|upkeep\n|turn|6\n|\n|t:|1776086527\n|switch|p2b: Pelipper|Pelipper, L50, F, shiny|100/100\n|-weather|RainDance|[from] ability: Drizzle|[of] p2b: Pelipper\n|move|p2a: Whimsicott|Tailwind|p2a: Whimsicott\n|-sidestart|p2: therealace2|move: Tailwind\n|move|p1b: Whimsicott|Moonblast|p2a: Whimsicott\n|-damage|p2a: Whimsicott|0 fnt\n|faint|p2a: Whimsicott\n|move|p1a: Garchomp|Earthquake|p2b: Pelipper|[spread] p1b\n|-immune|p2b: Pelipper\n|-resisted|p1b: Whimsicott|1\n|-damage|p1b: Whimsicott|6/100\n|\n|-weather|RainDance|[upkeep]\n|upkeep\n|\n|t:|1776086540\n|switch|p2a: Basculegion|Basculegion, L50, M, shiny|100/100\n|turn|7\n|\n|t:|1776086554\n|switch|p1b: Rotom|Rotom-Wash, L50|100/100\n|move|p2a: Basculegion|Aqua Jet|p1a: Garchomp\n|-damage|p1a: Garchomp|0 fnt\n|faint|p1a: Garchomp\n|move|p2b: Pelipper|Hurricane|p1b: Rotom\n|-resisted|p1b: Rotom|1\n|-damage|p1b: Rotom|81/100\n|-start|p1b: Rotom|confusion\n|\n|-weather|RainDance|[upkeep]\n|-heal|p1b: Rotom|87/100|[from] item: Leftovers\n|upkeep\n|\n|t:|1776086560\n|switch|p1a: Whimsicott|Whimsicott, L50, M|6/100\n|turn|8\n|\n|t:|1776086577\n|switch|p2a: Lucario|Lucario-Mega, L50, F, shiny|71/100 brn\n|move|p1a: Whimsicott|Protect|p1a: Whimsicott\n|-singleturn|p1a: Whimsicott|Protect\n|-activate|p1b: Rotom|confusion\n|-damage|p1b: Rotom|81/100|[from] confusion\n|move|p2b: Pelipper|Hurricane|p1a: Whimsicott\n|-activate|p1a: Whimsicott|move: Protect\n|\n|-weather|RainDance|[upkeep]\n|-heal|p1b: Rotom|87/100|[from] item: Leftovers\n|-damage|p2a: Lucario|65/100 brn|[from] brn\n|-sideend|p1: HL SIGNAL|move: Tailwind\n|upkeep\n|turn|9\n|inactive|HL SIGNAL has 30 seconds left.\n|inactive|therealace2 has 30 seconds left.\n|\n|t:|1776086611\n|move|p1a: Whimsicott|Tailwind|p1a: Whimsicott\n|-sidestart|p1: HL SIGNAL|move: Tailwind\n|move|p2a: Lucario|Flash Cannon|p1b: Rotom\n|-resisted|p1b: Rotom|2\n|-damage|p1b: Rotom|72/100\n|-activate|p1b: Rotom|confusion\n|move|p1b: Rotom|Thunderbolt|p2b: Pelipper\n|-supereffective|p2b: Pelipper|2\n|-damage|p2b: Pelipper|0 fnt\n|faint|p2b: Pelipper\n|\n|-weather|RainDance|[upkeep]\n|-heal|p1b: Rotom|78/100|[from] item: Leftovers\n|-damage|p2a: Lucario|59/100 brn|[from] brn\n|-sideend|p2: therealace2|move: Tailwind\n|upkeep\n|\n|t:|1776086623\n|switch|p2b: Basculegion|Basculegion, L50, M, shiny|100/100\n|turn|10\n|\n|t:|1776086632\n|move|p1a: Whimsicott|Protect|p1a: Whimsicott\n|-singleturn|p1a: Whimsicott|Protect\n|-activate|p1b: Rotom|confusion\n|move|p1b: Rotom|Will-O-Wisp|p2b: Basculegion\n|-status|p2b: Basculegion|brn\n|move|p2b: Basculegion|Last Respects|p1b: Rotom\n|-damage|p1b: Rotom|28/100\n|move|p2a: Lucario|Flash Cannon|p1a: Whimsicott\n|-activate|p1a: Whimsicott|move: Protect\n|\n|-weather|none\n|-heal|p1b: Rotom|34/100|[from] item: Leftovers\n|-damage|p2b: Basculegion|94/100 brn|[from] brn\n|-damage|p2a: Lucario|53/100 brn|[from] brn\n|upkeep\n|turn|11\n|inactive|HL SIGNAL has 30 seconds left.\n|inactive|therealace2 has 30 seconds left.\n|\n|t:|1776086665\n|move|p1a: Whimsicott|Moonblast|p2a: Lucario\n|-damage|p2a: Lucario|0 fnt\n|faint|p2a: Lucario\n|-activate|p1b: Rotom|confusion\n|move|p1b: Rotom|Thunderbolt|p2b: Basculegion\n|-supereffective|p2b: Basculegion|1\n|-damage|p2b: Basculegion|0 fnt\n|faint|p2b: Basculegion\n|\n|win|HL SIGNAL\n|raw|HL SIGNAL's rating: 1220 &rarr; <strong>1252</strong><br />(+32 for winning)\n|raw|therealace2's rating: 1324 &rarr; <strong>1298</strong><br />(-26 for losing)\n|l|\u2606therealace2\n|player|p2|\n",
  "uploadtime": 1776086679,
  "views": 17,
  "formatid": "gen9championsvgc2026regma",
  "rating": 1252,
  "private": 0,
  "password": null
}