{
  "id": "gen9championsvgc2026regma-2582179104",
  "format": "[Gen 9 Champions] VGC 2026 Reg M-A",
  "players": [
    "Chuggdot",
    "L3mmy.-."
  ],
  "log": "|j|\u2606Chuggdot\n|j|\u2606L3mmy.-.\n|t:|1776068000\n|gametype|doubles\n|player|p1|Chuggdot|170|1357\n|player|p2|L3mmy.-.|1|1323\n|gen|9\n|tier|[Gen 9 Champions] VGC 2026 Reg M-A\n|rated|\n|rule|Species Clause: Limit one of each Pok\u00e9mon\n|rule|Item Clause: Limit 1 of each item\n|clearpoke\n|poke|p1|Empoleon, L50, F|\n|poke|p1|Delphox, L50, F|\n|poke|p1|Kingambit, L50, M|\n|poke|p1|Garchomp, L50, M|\n|poke|p1|Clefable, L50, M|\n|poke|p1|Sneasler, L50, M|\n|poke|p2|Delphox, L50, F|\n|poke|p2|Hydreigon, L50, F|\n|poke|p2|Corviknight, L50, F|\n|poke|p2|Primarina, L50, M|\n|poke|p2|Sneasler, L50, F|\n|poke|p2|Slowking-Galar, L50, M|\n|teampreview|4\n|inactive|Battle timer is ON: inactive players will automatically lose when time's up. (requested by Chuggdot)\n|j| CARtu348rjf90\n|inactive|Chuggdot has 60 seconds left.\n|\n|t:|1776068032\n|teamsize|p1|4\n|teamsize|p2|4\n|start\n|switch|p1a: Kingambit|Kingambit, L50, M|100/100\n|switch|p1b: Sneasler|Sneasler, L50, M|100/100\n|switch|p2a: Sneasler|Sneasler, L50, F|100/100\n|switch|p2b: Hydreigon|Hydreigon, L50, F|100/100\n|turn|1\n|\n|t:|1776068058\n|switch|p1a: Delphox|Delphox, L50, F|100/100\n|move|p1b: Sneasler|Fake Out|p2b: Hydreigon\n|-damage|p2b: Hydreigon|85/100\n|move|p2a: Sneasler|Fake Out|p1a: Delphox\n|-damage|p1a: Delphox|82/100\n|cant|p2b: Hydreigon|flinch\n|\n|upkeep\n|turn|2\n|\n|t:|1776068077\n|detailschange|p1a: Delphox|Delphox-Mega, L50, F\n|-mega|p1a: Delphox|Delphox|Delphoxite\n|move|p2b: Hydreigon|Dark Pulse|p1a: Delphox\n|-supereffective|p1a: Delphox|1\n|-damage|p1a: Delphox|0 fnt\n|faint|p1a: Delphox\n|move|p1b: Sneasler|Close Combat|p2b: Hydreigon\n|-supereffective|p2b: Hydreigon|1\n|-crit|p2b: Hydreigon\n|-damage|p2b: Hydreigon|0 fnt\n|-unboost|p1b: Sneasler|def|1\n|-unboost|p1b: Sneasler|spd|1\n|faint|p2b: Hydreigon\n|move|p2a: Sneasler|Dire Claw|p1b: Sneasler\n|-resisted|p1b: Sneasler|1\n|-damage|p1b: Sneasler|50/100\n|\n|upkeep\n|\n|t:|1776068099\n|switch|p1a: Garchomp|Garchomp, L50, M|100/100\n|switch|p2b: Corviknight|Corviknight, L50, F|100/100\n|turn|3\n|\n|t:|1776068115\n|switch|p1b: Kingambit|Kingambit, L50, M|100/100\n|move|p1a: Garchomp|Stomping Tantrum|p2a: Sneasler\n|-supereffective|p2a: Sneasler|1\n|-enditem|p2a: Sneasler|Focus Sash\n|-damage|p2a: Sneasler|1/100\n|move|p2a: Sneasler|Dire Claw|p1b: Kingambit\n|-immune|p1b: Kingambit\n|move|p2b: Corviknight|Iron Defense|p2b: Corviknight\n|-boost|p2b: Corviknight|def|2\n|\n|upkeep\n|turn|4\n|\n|t:|1776068130\n|switch|p1a: Sneasler|Sneasler, L50, M|50/100\n|move|p2a: Sneasler|Protect|p2a: Sneasler\n|-singleturn|p2a: Sneasler|Protect\n|move|p1b: Kingambit|Protect|p1b: Kingambit\n|-singleturn|p1b: Kingambit|Protect\n|move|p2b: Corviknight|Body Press|p1b: Kingambit\n|-activate|p1b: Kingambit|move: Protect\n|\n|upkeep\n|turn|5\n|inactive|Chuggdot has 30 seconds left.\n|inactive|Chuggdot has 20 seconds left.\n|inactive|Chuggdot has 15 seconds left.\n|\n|t:|1776068172\n|switch|p1b: Garchomp|Garchomp, L50, M|100/100\n|move|p1a: Sneasler|Fake Out|p2a: Sneasler\n|-damage|p2a: Sneasler|0 fnt\n|faint|p2a: Sneasler\n|move|p2b: Corviknight|Body Press|p1b: Garchomp\n|-damage|p1b: Garchomp|54/100\n|-damage|p2b: Corviknight|88/100|[from] ability: Rough Skin|[of] p1b: Garchomp\n|\n|upkeep\n|\n|t:|1776068180\n|switch|p2a: Delphox|Delphox, L50, F|100/100\n|turn|6\n|\n|t:|1776068198\n|detailschange|p2a: Delphox|Delphox-Mega, L50, F\n|-mega|p2a: Delphox|Delphox|Delphoxite\n|move|p1b: Garchomp|Rock Slide|p2b: Corviknight|[spread] p2a,p2b\n|-supereffective|p2a: Delphox|1\n|-damage|p2a: Delphox|40/100\n|-damage|p2b: Corviknight|81/100\n|cant|p2a: Delphox|flinch\n|move|p1a: Sneasler|Close Combat|p2b: Corviknight\n|-damage|p2b: Corviknight|59/100\n|-unboost|p1a: Sneasler|def|1\n|-unboost|p1a: Sneasler|spd|1\n|move|p2b: Corviknight|Body Press|p1a: Sneasler\n|-resisted|p1a: Sneasler|1\n|-damage|p1a: Sneasler|0 fnt\n|faint|p1a: Sneasler\n|\n|upkeep\n|\n|t:|1776068212\n|switch|p1a: Kingambit|Kingambit, L50, M|100/100\n|turn|7\n|\n|t:|1776068221\n|move|p2a: Delphox|Protect|p2a: Delphox\n|-singleturn|p2a: Delphox|Protect\n|move|p1a: Kingambit|Protect|p1a: Kingambit\n|-singleturn|p1a: Kingambit|Protect\n|move|p1b: Garchomp|Rock Slide|p2a: Delphox|[spread] p2b\n|-activate|p2a: Delphox|move: Protect\n|-damage|p2b: Corviknight|51/100\n|move|p2b: Corviknight|Tailwind|p2b: Corviknight\n|-sidestart|p2: L3mmy.-.|move: Tailwind\n|\n|upkeep\n|turn|8\n|\n|t:|1776068232\n|move|p1a: Kingambit|Sucker Punch|p2a: Delphox\n|-supereffective|p2a: Delphox|1\n|-damage|p2a: Delphox|0 fnt\n|faint|p2a: Delphox\n|move|p1b: Garchomp|Rock Slide|p2b: Corviknight\n|-damage|p2b: Corviknight|42/100\n|-enditem|p2b: Corviknight|Sitrus Berry|[eat]\n|-heal|p2b: Corviknight|67/100|[from] item: Sitrus Berry\n|cant|p2b: Corviknight|flinch\n|\n|upkeep\n|turn|9\n|\n|t:|1776068248\n|move|p1a: Kingambit|Protect|p1a: Kingambit\n|-singleturn|p1a: Kingambit|Protect\n|move|p1b: Garchomp|Rock Slide|p2b: Corviknight\n|-damage|p2b: Corviknight|56/100\n|cant|p2b: Corviknight|flinch\n|\n|upkeep\n|turn|10\n|\n|t:|1776068252\n|move|p1b: Garchomp|Rock Slide|p2b: Corviknight\n|-damage|p2b: Corviknight|47/100\n|move|p2b: Corviknight|Body Press|p1a: Kingambit\n|-supereffective|p1a: Kingambit|2\n|-damage|p1a: Kingambit|0 fnt\n|faint|p1a: Kingambit\n|\n|-sideend|p2: L3mmy.-.|move: Tailwind\n|upkeep\n|turn|11\n|\n|t:|1776068260\n|move|p1b: Garchomp|Rock Slide|p2b: Corviknight\n|-damage|p2b: Corviknight|38/100\n|move|p2b: Corviknight|Body Press|p1b: Garchomp\n|-damage|p1b: Garchomp|4/100\n|-damage|p2b: Corviknight|25/100|[from] ability: Rough Skin|[of] p1b: Garchomp\n|\n|upkeep\n|turn|12\n|\n|t:|1776068268\n|move|p1b: Garchomp|Rock Slide|p2b: Corviknight\n|-damage|p2b: Corviknight|15/100\n|cant|p2b: Corviknight|flinch\n|\n|upkeep\n|turn|13\n|\n|t:|1776068273\n|move|p1b: Garchomp|Rock Slide|p2b: Corviknight\n|-damage|p2b: Corviknight|5/100\n|move|p2b: Corviknight|Body Press|p1b: Garchomp\n|-damage|p1b: Garchomp|0 fnt\n|-damage|p2b: Corviknight|0 fnt|[from] ability: Rough Skin|[of] p1b: Garchomp\n|faint|p1b: Garchomp\n|faint|p2b: Corviknight\n|\n|win|L3mmy.-.\n|raw|Chuggdot's rating: 1357 &rarr; <strong>1335</strong><br />(-22 for losing)\n|raw|L3mmy.-.'s rating: 1323 &rarr; <strong>1345</strong><br />(+22 for winning)\n",
  "uploadtime": 1776068276,
  "views": 19,
  "formatid": "gen9championsvgc2026regma",
  "rating": 1335,
  "private": 0,
  "password": null
}