{
  "id": "gen9championsvgc2026regma-2586418393",
  "format": "[Gen 9 Champions] VGC 2026 Reg M-A",
  "players": [
    "POOO000",
    "Jeremykhoo"
  ],
  "log": "|j|\u2606POOO000\n|j|\u2606Jeremykhoo\n|t:|1776433298\n|gametype|doubles\n|player|p1|POOO000|169|1133\n|player|p2|Jeremykhoo|102|1119\n|gen|9\n|tier|[Gen 9 Champions] VGC 2026 Reg M-A\n|rated|\n|rule|Species Clause: Limit one of each Pok\u00e9mon\n|rule|Item Clause: Limit 1 of each item\n|clearpoke\n|poke|p1|Greninja-*, L50, M|\n|poke|p1|Vaporeon, L50, M|\n|poke|p1|Aerodactyl, L50, F|\n|poke|p1|Aegislash, L50, M|\n|poke|p1|Skeledirge, L50, M|\n|poke|p1|Meowscarada, L50, M|\n|poke|p2|Tyranitar, L50, M|\n|poke|p2|Whimsicott, L50, M|\n|poke|p2|Aggron, L50, F|\n|poke|p2|Drampa, L50, F|\n|poke|p2|Sylveon, L50, F|\n|poke|p2|Arcanine, L50, M|\n|teampreview|4\n|inactive|Battle timer is ON: inactive players will automatically lose when time's up. (requested by POOO000)\nPOOO000 has agreed to open team sheets.\n|inactive|Jeremykhoo has 60 seconds left.\n|inactive|Jeremykhoo has 30 seconds left.\n|\n|t:|1776433404\n|teamsize|p1|4\n|teamsize|p2|4\n|start\n|switch|p1a: Greninja|Greninja, L50, M, shiny|100/100\n|switch|p1b: Vaporeon|Vaporeon, L50, M, shiny|100/100\n|switch|p2a: Arcanine|Arcanine, L50, M|100/100\n|switch|p2b: Whimsicott|Whimsicott, L50, M|100/100\n|-ability|p2a: Arcanine|Intimidate|boost\n|-unboost|p1a: Greninja|atk|1\n|-unboost|p1b: Vaporeon|atk|1\n|turn|1\n|inactive|Jeremykhoo has 30 seconds left.\n|inactive|Jeremykhoo has 20 seconds left.\n|\n|t:|1776433443\n|detailschange|p1a: Greninja|Greninja-Mega, L50, M, shiny\n|-mega|p1a: Greninja|Greninja|Greninjite\n|move|p2a: Arcanine|Protect|p2a: Arcanine\n|-singleturn|p2a: Arcanine|Protect\n|move|p2b: Whimsicott|Light Screen|p2b: Whimsicott\n|-sidestart|p2: Jeremykhoo|move: Light Screen\n|move|p1a: Greninja|Ice Beam|p2b: Whimsicott\n|-start|p1a: Greninja|typechange|Ice|[from] ability: Protean\n|-supereffective|p2b: Whimsicott|1\n|-damage|p2b: Whimsicott|9/100\n|move|p1b: Vaporeon|Icy Wind|p2b: Whimsicott|[spread] p2b\n|-activate|p2a: Arcanine|move: Protect\n|-supereffective|p2b: Whimsicott|1\n|-damage|p2b: Whimsicott|0 fnt\n|faint|p2b: Whimsicott\n|\n|upkeep\n|\n|t:|1776433460\n|switch|p2b: Aggron|Aggron, L50, F|100/100\n|turn|2\n|\n|t:|1776433480\n|detailschange|p2b: Aggron|Aggron-Mega, L50, F\n|-mega|p2b: Aggron|Aggron|Aggronite\n|move|p1a: Greninja|Protect|p1a: Greninja\n|-singleturn|p1a: Greninja|Protect\n|move|p2a: Arcanine|Flare Blitz|p1a: Greninja\n|-activate|p1a: Greninja|move: Protect\n|move|p1b: Vaporeon|Scald|p2b: Aggron\n|-damage|p2b: Aggron|83/100\n|-status|p2b: Aggron|brn\n|move|p2b: Aggron|Iron Defense|p2b: Aggron\n|-boost|p2b: Aggron|def|2\n|\n|-damage|p2b: Aggron|77/100 brn|[from] brn\n|upkeep\n|turn|3\n|inactive|POOO000 has 30 seconds left.\n|\n|t:|1776433506\n|switch|p1a: Meowscarada|Meowscarada, L50, M, shiny|100/100\n|move|p2a: Arcanine|Flare Blitz|p1a: Meowscarada\n|-supereffective|p1a: Meowscarada|1\n|-damage|p1a: Meowscarada|0 fnt\n|faint|p1a: Meowscarada\n|-damage|p2a: Arcanine|75/100|[from] Recoil\n|move|p1b: Vaporeon|Icy Wind|p2b: Aggron|[spread] p2a,p2b\n|-resisted|p2a: Arcanine|1\n|-resisted|p2b: Aggron|1\n|-damage|p2a: Arcanine|71/100\n|-damage|p2b: Aggron|74/100 brn\n|-unboost|p2a: Arcanine|spe|1\n|-unboost|p2b: Aggron|spe|1\n|move|p2b: Aggron|Body Press|p1b: Vaporeon\n|-crit|p1b: Vaporeon\n|-damage|p1b: Vaporeon|54/100\n|\n|-heal|p1b: Vaporeon|60/100|[from] item: Leftovers\n|-damage|p2b: Aggron|68/100 brn|[from] brn\n|upkeep\n|\n|t:|1776433524\n|switch|p1a: Greninja|Greninja-Mega, L50, M, shiny|100/100\n|turn|4\n|\n|t:|1776433530\n|move|p2a: Arcanine|Extreme Speed|p1b: Vaporeon\n|-damage|p1b: Vaporeon|44/100\n|move|p1a: Greninja|Surf|p2a: Arcanine|[spread] p2a,p2b\n|-start|p1a: Greninja|typechange|Water|[from] ability: Protean\n|-heal|p1b: Vaporeon|68/100|[from] ability: Water Absorb|[of] p1a: Greninja\n|-supereffective|p2a: Arcanine|1\n|-crit|p2a: Arcanine\n|-damage|p2a: Arcanine|0 fnt\n|-damage|p2b: Aggron|46/100 brn\n|faint|p2a: Arcanine\n|move|p1b: Vaporeon|Haze|p1b: Vaporeon\n|-clearallboost\n|move|p2b: Aggron|Body Press|p1b: Vaporeon\n|-damage|p1b: Vaporeon|54/100\n|\n|-heal|p1b: Vaporeon|60/100|[from] item: Leftovers\n|-damage|p2b: Aggron|39/100 brn|[from] brn\n|upkeep\n|\n|t:|1776433547\n|switch|p2a: Sylveon|Sylveon, L50, F|100/100\n|turn|5\n|\n|t:|1776433556\n|move|p1a: Greninja|Surf|p2a: Sylveon|[spread] p2a,p2b\n|-heal|p1b: Vaporeon|85/100|[from] ability: Water Absorb|[of] p1a: Greninja\n|-damage|p2a: Sylveon|79/100\n|-damage|p2b: Aggron|18/100 brn\n|move|p2a: Sylveon|Hyper Voice|p1b: Vaporeon|[spread] p1a,p1b\n|-damage|p1a: Greninja|38/100\n|-damage|p1b: Vaporeon|48/100\n|move|p1b: Vaporeon|Icy Wind|p2b: Aggron|[spread] p2a,p2b\n|-resisted|p2b: Aggron|1\n|-damage|p2a: Sylveon|74/100\n|-damage|p2b: Aggron|15/100 brn\n|-unboost|p2a: Sylveon|spe|1\n|-unboost|p2b: Aggron|spe|1\n|move|p2b: Aggron|Heavy Slam|p1b: Vaporeon\n|-resisted|p1b: Vaporeon|1\n|-damage|p1b: Vaporeon|36/100\n|\n|-heal|p1b: Vaporeon|42/100|[from] item: Leftovers\n|-damage|p2b: Aggron|9/100 brn|[from] brn\n|-sideend|p2: Jeremykhoo|move: Light Screen\n|upkeep\n|turn|6\n|\n|t:|1776433577\n|move|p1a: Greninja|Surf|p2a: Sylveon|[spread] p2a,p2b\n|-heal|p1b: Vaporeon|67/100|[from] ability: Water Absorb|[of] p1a: Greninja\n|-damage|p2a: Sylveon|46/100\n|-damage|p2b: Aggron|0 fnt\n|faint|p2b: Aggron\n|move|p1b: Vaporeon|Scald|p2a: Sylveon\n|-damage|p2a: Sylveon|25/100\n|-status|p2a: Sylveon|brn\n|move|p2a: Sylveon|Hyper Voice|p1b: Vaporeon|[spread] p1a,p1b\n|-damage|p1a: Greninja|0 fnt\n|-damage|p1b: Vaporeon|29/100\n|faint|p1a: Greninja\n|\n|-heal|p1b: Vaporeon|35/100|[from] item: Leftovers\n|-damage|p2a: Sylveon|18/100 brn|[from] brn\n|upkeep\n|\n|t:|1776433587\n|switch|p1a: Aegislash|Aegislash, L50, M, shiny|100/100\n|turn|7\n|\n|t:|1776433593\n|move|p1b: Vaporeon|Scald|p2a: Sylveon\n|-damage|p2a: Sylveon|0 fnt\n|faint|p2a: Sylveon\n|\n|win|POOO000\n|raw|POOO000's rating: 1133 &rarr; <strong>1157</strong><br />(+24 for winning)\n|raw|Jeremykhoo's rating: 1119 &rarr; <strong>1095</strong><br />(-24 for losing)\n|l|\u2606POOO000\n|player|p1|\n|c|\u2606Jeremykhoo|Ggwp\n",
  "uploadtime": 1776433602,
  "views": 34,
  "formatid": "gen9championsvgc2026regma",
  "rating": 1095,
  "private": 0,
  "password": null
}