{
  "id": "gen9championsvgc2026regma-2588279047",
  "format": "[Gen 9 Champions] VGC 2026 Reg M-A",
  "players": [
    "labaladecos",
    "Blu3falcon"
  ],
  "log": "|j|\u2606labaladecos\n|j|\u2606Blu3falcon\n|t:|1776620469\n|gametype|doubles\n|player|p1|labaladecos|hugh|1372\n|player|p2|Blu3falcon|102|1272\n|gen|9\n|tier|[Gen 9 Champions] VGC 2026 Reg M-A\n|rated|\n|rule|Species Clause: Limit one of each Pok\u00e9mon\n|rule|Item Clause: Limit 1 of each item\n|clearpoke\n|poke|p1|Dragonite, L50, M|\n|poke|p1|Pelipper, L50, F|\n|poke|p1|Archaludon, L50, M|\n|poke|p1|Basculegion, L50, M|\n|poke|p1|Gengar, L50, F|\n|poke|p1|Scizor, L50, F|\n|poke|p2|Charizard, L50, F, shiny|\n|poke|p2|Greninja, L50, M, shiny|\n|poke|p2|Sneasler, L50, M, shiny|\n|poke|p2|Slowbro-Galar, L50, M|\n|poke|p2|Venusaur, L50, M|\n|poke|p2|Garchomp, L50, M|\n|teampreview|4\n|inactive|Battle timer is ON: inactive players will automatically lose when time's up. (requested by Blu3falcon)\n|inactive|labaladecos has 60 seconds left.\n|inactive|Blu3falcon has 60 seconds left.\n|\n|t:|1776620502\n|teamsize|p1|4\n|teamsize|p2|4\n|start\n|switch|p1a: Pelipper|Pelipper, L50, F|100/100\n|switch|p1b: Basculegion|Basculegion, L50, M|100/100\n|switch|p2a: Slowbro|Slowbro-Galar, L50, M|100/100\n|switch|p2b: Sneasler|Sneasler, L50, M, shiny|100/100\n|-weather|RainDance|[from] ability: Drizzle|[of] p1a: Pelipper\n|turn|1\n|-activate|p2a: Slowbro|ability: Quick Draw\n|\n|t:|1776620526\n|switch|p1a: Gengar|Gengar, L50, F|100/100\n|move|p2b: Sneasler|Fake Out|p1a: Gengar\n|-immune|p1a: Gengar\n|move|p2a: Slowbro|Shell Side Arm|p1b: Basculegion|[anim] Shell Side Arm Special\n|-resisted|p1b: Basculegion|1\n|-damage|p1b: Basculegion|76/100\n|-hint|Special Shell Side Arm\n|move|p1b: Basculegion|Wave Crash|p2b: Sneasler\n|-damage|p2b: Sneasler|0 fnt\n|faint|p2b: Sneasler\n|-damage|p1b: Basculegion|50/100|[from] Recoil\n|\n|-weather|RainDance|[upkeep]\n|upkeep\n|\n|t:|1776620541\n|switch|p2b: Venusaur|Venusaur, L50, M|100/100\n|turn|2\n|inactive|labaladecos has 30 seconds left.\n|-activate|p2a: Slowbro|ability: Quick Draw\n|\n|t:|1776620575\n|switch|p1a: Pelipper|Pelipper, L50, F|100/100\n|move|p2a: Slowbro|Psychic|p1a: Pelipper\n|-crit|p1a: Pelipper\n|-damage|p1a: Pelipper|36/100\n|move|p1b: Basculegion|Wave Crash|p2a: Slowbro\n|-crit|p2a: Slowbro\n|-damage|p2a: Slowbro|0 fnt\n|faint|p2a: Slowbro\n|-damage|p1b: Basculegion|18/100|[from] Recoil\n|move|p2b: Venusaur|Sleep Powder|p1b: Basculegion|[miss]\n|-miss|p2b: Venusaur|p1b: Basculegion\n|\n|-weather|RainDance|[upkeep]\n|upkeep\n|\n|t:|1776620596\n|switch|p2a: Charizard|Charizard, L50, F, shiny|100/100\n|turn|3\n|\n|t:|1776620620\n|switch|p1a: Dragonite|Dragonite, L50, M|100/100\n|detailschange|p2a: Charizard|Charizard-Mega-Y, L50, F, shiny\n|-mega|p2a: Charizard|Charizard|Charizardite Y\n|-weather|SunnyDay|[from] ability: Drought|[of] p2a: Charizard\n|move|p1b: Basculegion|Aqua Jet|p2a: Charizard\n|-supereffective|p2a: Charizard|1\n|-damage|p2a: Charizard|64/100\n|move|p2b: Venusaur|Sludge Bomb|p1a: Dragonite\n|-damage|p1a: Dragonite|66/100\n|move|p2a: Charizard|Heat Wave|p1b: Basculegion|[spread] p1a,p1b\n|-resisted|p1a: Dragonite|1\n|-resisted|p1b: Basculegion|1\n|-damage|p1a: Dragonite|31/100\n|-damage|p1b: Basculegion|0 fnt\n|faint|p1b: Basculegion\n|\n|-weather|SunnyDay|[upkeep]\n|upkeep\n|\n|t:|1776620635\n|switch|p1b: Pelipper|Pelipper, L50, F|36/100\n|-weather|RainDance|[from] ability: Drizzle|[of] p1b: Pelipper\n|turn|4\n|inactive|labaladecos has 30 seconds left.\n|\n|t:|1776620668\n|move|p1a: Dragonite|Extreme Speed|p2a: Charizard\n|-damage|p2a: Charizard|9/100\n|move|p2a: Charizard|Heat Wave|p1b: Pelipper|[spread] p1a,p1b\n|-resisted|p1a: Dragonite|1\n|-resisted|p1b: Pelipper|1\n|-damage|p1a: Dragonite|21/100\n|-damage|p1b: Pelipper|25/100\n|move|p2b: Venusaur|Sludge Bomb|p1a: Dragonite\n|-damage|p1a: Dragonite|0 fnt\n|faint|p1a: Dragonite\n|move|p1b: Pelipper|Hurricane|p2b: Venusaur\n|-supereffective|p2b: Venusaur|1\n|-damage|p2b: Venusaur|15/100\n|-start|p2b: Venusaur|confusion\n|\n|-weather|RainDance|[upkeep]\n|upkeep\n|\n|t:|1776620678\n|switch|p1a: Gengar|Gengar, L50, F|100/100\n|turn|5\n|-message|Blu3falcon forfeited.\n|\n|win|labaladecos\n|raw|labaladecos's rating: 1372 &rarr; <strong>1386</strong><br />(+14 for winning)\n|raw|Blu3falcon's rating: 1272 &rarr; <strong>1254</strong><br />(-18 for losing)\n|l|\u2606Blu3falcon\n|player|p2|\n",
  "uploadtime": 1776620684,
  "views": 11,
  "formatid": "gen9championsvgc2026regma",
  "rating": 1254,
  "private": 0,
  "password": null
}