{
  "id": "gen9championsvgc2026regma-2585013853",
  "format": "[Gen 9 Champions] VGC 2026 Reg M-A",
  "players": [
    "utary",
    "JackyBoizy"
  ],
  "log": "|j|\u2606utary\n|j|\u2606JackyBoizy\n|t:|1776303389\n|gametype|doubles\n|player|p1|utary|twins|1074\n|player|p2|JackyBoizy|hoopster|1113\n|gen|9\n|tier|[Gen 9 Champions] VGC 2026 Reg M-A\n|rated|\n|rule|Species Clause: Limit one of each Pok\u00e9mon\n|rule|Item Clause: Limit 1 of each item\n|clearpoke\n|poke|p1|Whimsicott, L50, M|\n|poke|p1|Glimmora, L50, F|\n|poke|p1|Froslass, L50, F|\n|poke|p1|Ninetales-Alola, L50, M|\n|poke|p1|Sneasler, L50, F|\n|poke|p1|Incineroar, L50, F|\n|poke|p2|Talonflame, L50, F|\n|poke|p2|Hydreigon, L50, M|\n|poke|p2|Scizor, L50, F|\n|poke|p2|Ninetales-Alola, L50, F|\n|poke|p2|Sinistcha, L50|\n|poke|p2|Dragonite, L50, M|\n|teampreview|4\n|inactive|Battle timer is ON: inactive players will automatically lose when time's up. (requested by utary)\n|\n|t:|1776303407\n|teamsize|p1|4\n|teamsize|p2|4\n|start\n|switch|p1a: Whimsicott|Whimsicott, L50, M|100/100\n|switch|p1b: Incineroar|Incineroar, L50, F|100/100\n|switch|p2a: Talonflame|Talonflame, L50, F|100/100\n|switch|p2b: Sinistcha|Sinistcha, L50, shiny|100/100\n|-ability|p1b: Incineroar|Intimidate|boost\n|-unboost|p2a: Talonflame|atk|1\n|-unboost|p2b: Sinistcha|atk|1\n|turn|1\n|\n|t:|1776303426\n|move|p2a: Talonflame|Protect|p2a: Talonflame\n|-singleturn|p2a: Talonflame|Protect\n|move|p1b: Incineroar|Fake Out|p2a: Talonflame\n|-activate|p2a: Talonflame|move: Protect\n|move|p1a: Whimsicott|Tailwind|p1a: Whimsicott\n|-sidestart|p1: utary|move: Tailwind\n|move|p2b: Sinistcha|Nasty Plot|p2b: Sinistcha\n|-boost|p2b: Sinistcha|spa|2\n|\n|upkeep\n|turn|2\n|\n|t:|1776303442\n|move|p2b: Sinistcha|Protect|p2b: Sinistcha\n|-singleturn|p2b: Sinistcha|Protect\n|move|p1a: Whimsicott|Dazzling Gleam|p2a: Talonflame|[spread] p2a\n|-activate|p2b: Sinistcha|move: Protect\n|-resisted|p2a: Talonflame|1\n|-damage|p2a: Talonflame|87/100\n|move|p1b: Incineroar|Flare Blitz|p2b: Sinistcha\n|-activate|p2b: Sinistcha|move: Protect\n|move|p2a: Talonflame|Tailwind|p2a: Talonflame\n|-sidestart|p2: JackyBoizy|move: Tailwind\n|\n|-heal|p2a: Talonflame|93/100|[from] item: Leftovers\n|upkeep\n|turn|3\n|\n|t:|1776303466\n|move|p1a: Whimsicott|Dazzling Gleam|p2b: Sinistcha|[spread] p2a,p2b\n|-resisted|p2a: Talonflame|1\n|-damage|p2a: Talonflame|81/100\n|-damage|p2b: Sinistcha|77/100\n|move|p2a: Talonflame|Brave Bird|p1a: Whimsicott\n|-supereffective|p1a: Whimsicott|1\n|-damage|p1a: Whimsicott|34/100\n|-damage|p2a: Talonflame|61/100|[from] Recoil\n|move|p1b: Incineroar|Parting Shot|p2b: Sinistcha\n|-unboost|p2b: Sinistcha|atk|1\n|-unboost|p2b: Sinistcha|spa|1\n|\n|t:|1776303478\n|switch|p1b: Froslass|Froslass, L50, F|100/100|[from] Parting Shot\n|move|p2b: Sinistcha|Nasty Plot|p2b: Sinistcha\n|-boost|p2b: Sinistcha|spa|2\n|\n|-heal|p2a: Talonflame|67/100|[from] item: Leftovers\n|upkeep\n|turn|4\n|\n|t:|1776303496\n|detailschange|p1b: Froslass|Froslass-Mega, L50, F\n|-mega|p1b: Froslass|Froslass|Froslassite\n|-weather|Snowscape|[from] ability: Snow Warning|[of] p1b: Froslass\n|move|p2b: Sinistcha|Protect|p2b: Sinistcha\n|-singleturn|p2b: Sinistcha|Protect\n|move|p1a: Whimsicott|Endeavor|p2a: Talonflame\n|-damage|p2a: Talonflame|30/100\n|-status|p1a: Whimsicott|brn|[from] ability: Flame Body|[of] p2a: Talonflame\n|move|p1b: Froslass|Blizzard|p2b: Sinistcha|[spread] p2a\n|-activate|p2b: Sinistcha|move: Protect\n|-damage|p2a: Talonflame|0 fnt\n|faint|p2a: Talonflame\n|\n|-weather|Snowscape|[upkeep]\n|-damage|p1a: Whimsicott|28/100 brn|[from] brn\n|-sideend|p1: utary|move: Tailwind\n|upkeep\n|\n|t:|1776303510\n|switch|p2a: Ninetales|Ninetales-Alola, L50, F|100/100\n|turn|5\n|\n|t:|1776303532\n|move|p1b: Froslass|Protect|p1b: Froslass\n|-singleturn|p1b: Froslass|Protect\n|move|p2a: Ninetales|Aurora Veil|p2a: Ninetales\n|-sidestart|p2: JackyBoizy|move: Aurora Veil\n|move|p1a: Whimsicott|Endeavor|p2a: Ninetales\n|-damage|p2a: Ninetales|25/100\n|move|p2b: Sinistcha|Matcha Gotcha|p1b: Froslass|[spread] p1a\n|-activate|p1b: Froslass|move: Protect\n|-resisted|p1a: Whimsicott|1\n|-damage|p1a: Whimsicott|0 fnt\n|-heal|p2b: Sinistcha|89/100|[from] drain|[of] p1a: Whimsicott\n|faint|p1a: Whimsicott\n|\n|-weather|Snowscape|[upkeep]\n|-sideend|p2: JackyBoizy|move: Tailwind\n|upkeep\n|\n|t:|1776303550\n|switch|p1a: Incineroar|Incineroar, L50, F|100/100\n|-ability|p1a: Incineroar|Intimidate|boost\n|-unboost|p2a: Ninetales|atk|1\n|-unboost|p2b: Sinistcha|atk|1\n|turn|6\n|\n|t:|1776303565\n|move|p1b: Froslass|Blizzard|p2a: Ninetales|[spread] p2a,p2b\n|-resisted|p2a: Ninetales|1\n|-supereffective|p2b: Sinistcha|1\n|-damage|p2a: Ninetales|7/100\n|-damage|p2b: Sinistcha|12/100\n|move|p2a: Ninetales|Dazzling Gleam|p1b: Froslass|[spread] p1a,p1b\n|-damage|p1a: Incineroar|77/100\n|-damage|p1b: Froslass|72/100\n|move|p1a: Incineroar|Parting Shot|p2b: Sinistcha\n|-unboost|p2b: Sinistcha|atk|1\n|-unboost|p2b: Sinistcha|spa|1\n|\n|t:|1776303576\n|switch|p1a: Ninetales|Ninetales-Alola, L50, M|100/100|[from] Parting Shot\n|move|p2b: Sinistcha|Matcha Gotcha|p1b: Froslass|[spread] p1b\n|-miss|p2b: Sinistcha|p1a: Ninetales\n|-damage|p1b: Froslass|0 fnt\n|-heal|p2b: Sinistcha|45/100|[from] drain|[of] p1b: Froslass\n|faint|p1b: Froslass\n|\n|-weather|Snowscape|[upkeep]\n|upkeep\n|\n|t:|1776303589\n|switch|p1b: Incineroar|Incineroar, L50, F|77/100\n|-ability|p1b: Incineroar|Intimidate|boost\n|-unboost|p2a: Ninetales|atk|1\n|-unboost|p2b: Sinistcha|atk|1\n|turn|7\n|\n|t:|1776303600\n|move|p2b: Sinistcha|Protect|p2b: Sinistcha\n|-singleturn|p2b: Sinistcha|Protect\n|move|p1b: Incineroar|Fake Out|p2a: Ninetales\n|-damage|p2a: Ninetales|1/100\n|move|p1a: Ninetales|Blizzard|p2b: Sinistcha|[spread] p2a\n|-activate|p2b: Sinistcha|move: Protect\n|-resisted|p2a: Ninetales|1\n|-damage|p2a: Ninetales|0 fnt\n|faint|p2a: Ninetales\n|\n|-weather|Snowscape|[upkeep]\n|upkeep\n|\n|t:|1776303603\n|switch|p2a: Scizor|Scizor, L50, F|100/100\n|turn|8\n|\n|t:|1776303620\n|detailschange|p2a: Scizor|Scizor-Mega, L50, F\n|-mega|p2a: Scizor|Scizor|Scizorite\n|move|p2a: Scizor|Bullet Punch|p1a: Ninetales\n|-supereffective|p1a: Ninetales|2\n|-damage|p1a: Ninetales|0 fnt\n|faint|p1a: Ninetales\n|move|p1b: Incineroar|Flare Blitz|p2a: Scizor\n|-supereffective|p2a: Scizor|2\n|-damage|p2a: Scizor|0 fnt\n|faint|p2a: Scizor\n|-damage|p1b: Incineroar|48/100|[from] Recoil\n|move|p2b: Sinistcha|Matcha Gotcha|p1b: Incineroar\n|-resisted|p1b: Incineroar|1\n|-damage|p1b: Incineroar|0 fnt\n|-heal|p2b: Sinistcha|72/100|[from] drain|[of] p1b: Incineroar\n|faint|p1b: Incineroar\n|\n|win|JackyBoizy\n|raw|utary's rating: 1074 &rarr; <strong>1055</strong><br />(-19 for losing)\n|raw|JackyBoizy's rating: 1113 &rarr; <strong>1135</strong><br />(+22 for winning)\n|c|\u2606JackyBoizy|gg\n",
  "uploadtime": 1776303631,
  "views": 24,
  "formatid": "gen9championsvgc2026regma",
  "rating": 1055,
  "private": 0,
  "password": null
}