{
  "id": "gen9championsvgc2026regma-2582927742",
  "format": "[Gen 9 Champions] VGC 2026 Reg M-A",
  "players": [
    "colemanwade",
    "im_a_mangoo"
  ],
  "log": "|j|\u2606colemanwade\n|j|\u2606im_a_mangoo\n|t:|1776125739\n|gametype|doubles\n|player|p1|colemanwade|1|1121\n|player|p2|im_a_mangoo|erika|1071\n|gen|9\n|tier|[Gen 9 Champions] VGC 2026 Reg M-A\n|rated|\n|rule|Species Clause: Limit one of each Pok\u00e9mon\n|rule|Item Clause: Limit 1 of each item\n|clearpoke\n|poke|p1|Dragonite, L50, F|\n|poke|p1|Politoed, L50, F|\n|poke|p1|Archaludon, L50, M|\n|poke|p1|Aegislash, L50, M|\n|poke|p1|Hatterene, L50, F|\n|poke|p1|Meganium, L50, F|\n|poke|p2|Meganium, L50, M|\n|poke|p2|Heliolisk, L50, M|\n|poke|p2|Basculegion, L50, M|\n|poke|p2|Pelipper, L50, F|\n|poke|p2|Polteageist-Antique, L50|\n|poke|p2|Ninetales, L50, F|\n|teampreview|4\n|inactive|Battle timer is ON: inactive players will automatically lose when time's up. (requested by colemanwade)\nim_a_mangoo rejected open team sheets.\n|\n|t:|1776125761\n|teamsize|p1|4\n|teamsize|p2|4\n|start\n|switch|p1a: Archaludon|Archaludon, L50, M|100/100\n|switch|p1b: Dragonite|Dragonite, L50, F|100/100\n|switch|p2a: Polteageist|Polteageist-Antique, L50, shiny|100/100\n|switch|p2b: Pelipper|Pelipper, L50, F|100/100\n|-weather|RainDance|[from] ability: Drizzle|[of] p2b: Pelipper\n|turn|1\n|inactive|colemanwade has 30 seconds left.\n|\n|t:|1776125791\n|switch|p1b: Politoed|Politoed, L50, F|100/100\n|move|p2b: Pelipper|Protect|p2b: Pelipper\n|-singleturn|p2b: Pelipper|Protect\n|move|p2a: Polteageist|Shell Smash|p2a: Polteageist\n|-unboost|p2a: Polteageist|def|1\n|-unboost|p2a: Polteageist|spd|1\n|-boost|p2a: Polteageist|atk|2\n|-boost|p2a: Polteageist|spa|2\n|-boost|p2a: Polteageist|spe|2\n|-enditem|p2a: Polteageist|White Herb\n|-clearnegativeboost|p2a: Polteageist|[silent]\n|move|p1a: Archaludon|Electro Shot||[still]\n|-prepare|p1a: Archaludon|Electro Shot\n|-boost|p1a: Archaludon|spa|1\n|-anim|p1a: Archaludon|Electro Shot|p2a: Polteageist\n|-damage|p2a: Polteageist|20/100\n|\n|-weather|RainDance|[upkeep]\n|upkeep\n|turn|2\n|inactive|im_a_mangoo has 30 seconds left.\n|\n|t:|1776125821\n|move|p1a: Archaludon|Protect|p1a: Archaludon\n|-singleturn|p1a: Archaludon|Protect\n|move|p2a: Polteageist|Baton Pass|p2a: Polteageist\n|\n|t:|1776125825\n|switch|p2a: Ninetales|Ninetales, L50, F|100/100|[from] Baton Pass\n|-weather|SunnyDay|[from] ability: Drought|[of] p2a: Ninetales\n|move|p1b: Politoed|Icy Wind|p2a: Ninetales|[spread] p2a,p2b\n|-resisted|p2a: Ninetales|1\n|-damage|p2a: Ninetales|96/100\n|-damage|p2b: Pelipper|90/100\n|-unboost|p2a: Ninetales|spe|1\n|-unboost|p2b: Pelipper|spe|1\n|move|p2b: Pelipper|Tailwind|p2b: Pelipper\n|-sidestart|p2: im_a_mangoo|move: Tailwind\n|\n|-weather|SunnyDay|[upkeep]\n|upkeep\n|turn|3\n|c|\u2606im_a_mangoo|yikes i misclicked\n|c|\u2606im_a_mangoo|smh\n|inactive|colemanwade has 30 seconds left.\n|\n|t:|1776125858\n|switch|p2b: Meganium|Meganium, L50, M, shiny|100/100\n|switch|p1b: Dragonite|Dragonite, L50, F|100/100\n|move|p2a: Ninetales|Heat Wave|p1b: Dragonite|[spread] p1a,p1b\n|-resisted|p1b: Dragonite|1\n|-damage|p1a: Archaludon|0 fnt\n|-damage|p1b: Dragonite|80/100\n|faint|p1a: Archaludon\n|\n|-weather|SunnyDay|[upkeep]\n|upkeep\n|\n|t:|1776125868\n|switch|p1a: Politoed|Politoed, L50, F|100/100\n|-weather|RainDance|[from] ability: Drizzle|[of] p1a: Politoed\n|turn|4\n|inactive|im_a_mangoo has 30 seconds left.\n|inactive|im_a_mangoo has 20 seconds left.\n|\n|t:|1776125904\n|detailschange|p2b: Meganium|Meganium-Mega, L50, M, shiny\n|-mega|p2b: Meganium|Meganium|Meganiumite\n|move|p2a: Ninetales|Helping Hand|p2b: Meganium\n|-singleturn|p2b: Meganium|Helping Hand|[of] p2a: Ninetales\n|move|p1a: Politoed|Protect|p1a: Politoed\n|-singleturn|p1a: Politoed|Protect\n|move|p2b: Meganium|Dazzling Gleam|p1b: Dragonite|[spread] p1b\n|-activate|p1a: Politoed|move: Protect\n|-supereffective|p1b: Dragonite|1\n|-damage|p1b: Dragonite|0 fnt\n|faint|p1b: Dragonite\n|\n|-weather|RainDance|[upkeep]\n|upkeep\n|\n|t:|1776125915\n|switch|p1b: Meganium|Meganium, L50, F|100/100\n|turn|5\n|\n|t:|1776125931\n|detailschange|p1b: Meganium|Meganium-Mega, L50, F\n|-mega|p1b: Meganium|Meganium|Meganiumite\n|move|p1a: Politoed|Helping Hand|p1b: Meganium\n|-singleturn|p1b: Meganium|Helping Hand|[of] p1a: Politoed\n|move|p2a: Ninetales|Encore|p1a: Politoed\n|-start|p1a: Politoed|Encore\n|move|p2b: Meganium|Weather Ball|p1b: Meganium\n|-supereffective|p1b: Meganium|1\n|-damage|p1b: Meganium|0 fnt\n|faint|p1b: Meganium\n|\n|-weather|RainDance|[upkeep]\n|-sideend|p2: im_a_mangoo|move: Tailwind\n|upkeep\n|turn|6\n|-message|colemanwade forfeited.\n|\n|win|im_a_mangoo\n|raw|colemanwade's rating: 1121 &rarr; <strong>1092</strong><br />(-29 for losing)\n|raw|im_a_mangoo's rating: 1071 &rarr; <strong>1105</strong><br />(+34 for winning)\n|l|\u2606colemanwade\n|player|p1|\n",
  "uploadtime": 1776125943,
  "views": 10,
  "formatid": "gen9championsvgc2026regma",
  "rating": 1092,
  "private": 0,
  "password": null
}