{
  "id": "gen9championsvgc2026regma-2580841448",
  "format": "[Gen 9 Champions] VGC 2026 Reg M-A",
  "players": [
    "hozesama",
    "koen2003"
  ],
  "log": "|j|\u2606hozesama\n|j|\u2606koen2003\n|t:|1775936866\n|gametype|doubles\n|player|p1|hozesama|cynthia-masters4|1258\n|player|p2|koen2003|266|1298\n|gen|9\n|tier|[Gen 9 Champions] VGC 2026 Reg M-A\n|rated|\n|rule|Species Clause: Limit one of each Pok\u00e9mon\n|rule|Item Clause: Limit 1 of each item\n|clearpoke\n|poke|p1|Gyarados, L50, F|\n|poke|p1|Venusaur, L50, M|\n|poke|p1|Sneasler, L50, F|\n|poke|p1|Kingambit, L50, M|\n|poke|p1|Basculegion, L50, M|\n|poke|p1|Mamoswine, L50, M|\n|poke|p2|Alakazam, L50, F|\n|poke|p2|Archaludon, L50, F|\n|poke|p2|Pelipper, L50, F|\n|poke|p2|Garchomp, L50, F|\n|poke|p2|Kingambit, L50, M|\n|poke|p2|Floette-Eternal, L50, F|\n|teampreview|4\nhozesama rejected open team sheets.\n|\n|t:|1775936908\n|teamsize|p1|4\n|teamsize|p2|4\n|start\n|switch|p1a: Mamoswine|Mamoswine, L50, M|100/100\n|switch|p1b: Sneasler|Sneasler, L50, F|100/100\n|switch|p2a: Alakazam|Alakazam, L50, F|100/100\n|switch|p2b: Kingambit|Kingambit, L50, M|100/100\n|turn|1\n|inactive|Battle timer is ON: inactive players will automatically lose when time's up. (requested by koen2003)\n|\n|t:|1775936924\n|switch|p2b: Pelipper|Pelipper, L50, F|100/100\n|-weather|RainDance|[from] ability: Drizzle|[of] p2b: Pelipper\n|move|p1b: Sneasler|Fake Out|p2a: Alakazam\n|-damage|p2a: Alakazam|72/100\n|move|p2a: Alakazam|Reflect|p2a: Alakazam\n|-sidestart|p2: koen2003|Reflect\n|move|p1a: Mamoswine|High Horsepower|p2b: Pelipper\n|-immune|p2b: Pelipper\n|\n|-weather|RainDance|[upkeep]\n|upkeep\n|turn|2\n|\n|t:|1775936939\n|switch|p1b: Kingambit|Kingambit, L50, M|100/100\n|move|p2a: Alakazam|Psychic|p1b: Kingambit\n|-immune|p1b: Kingambit\n|move|p2b: Pelipper|Weather Ball|p1a: Mamoswine\n|-supereffective|p1a: Mamoswine|1\n|-damage|p1a: Mamoswine|0 fnt\n|faint|p1a: Mamoswine\n|\n|-weather|RainDance|[upkeep]\n|upkeep\n|\n|t:|1775936947\n|switch|p1a: Basculegion|Basculegion, L50, M|100/100\n|turn|3\n|\n|t:|1775936957\n|switch|p2b: Kingambit|Kingambit, L50, M|100/100\n|move|p1a: Basculegion|Last Respects|p2a: Alakazam\n|-supereffective|p2a: Alakazam|1\n|-damage|p2a: Alakazam|0 fnt\n|faint|p2a: Alakazam\n|move|p1b: Kingambit|Swords Dance|p1b: Kingambit\n|-boost|p1b: Kingambit|atk|2\n|\n|-weather|RainDance|[upkeep]\n|upkeep\n|\n|t:|1775936961\n|switch|p2a: Floette|Floette-Eternal, L50, F|100/100\n|turn|4\n|\n|t:|1775936971\n|detailschange|p2a: Floette|Floette-Mega, L50, F\n|-mega|p2a: Floette|Floette|Floettite\n|-ability|p2a: Floette|Fairy Aura\n|move|p2a: Floette|Protect|p2a: Floette\n|-singleturn|p2a: Floette|Protect\n|move|p1a: Basculegion|Last Respects|p2a: Floette\n|-activate|p2a: Floette|move: Protect\n|move|p1b: Kingambit|Kowtow Cleave|p2a: Floette\n|-activate|p2a: Floette|move: Protect\n|move|p2b: Kingambit|Kowtow Cleave|p1a: Basculegion\n|-supereffective|p1a: Basculegion|1\n|-damage|p1a: Basculegion|0 fnt\n|faint|p1a: Basculegion\n|\n|-weather|RainDance|[upkeep]\n|upkeep\n|\n|t:|1775936977\n|switch|p1a: Sneasler|Sneasler, L50, F|100/100\n|turn|5\n|\n|t:|1775936993\n|switch|p2a: Pelipper|Pelipper, L50, F|100/100\n|move|p1a: Sneasler|Close Combat|p2b: Kingambit\n|-supereffective|p2b: Kingambit|2\n|-damage|p2b: Kingambit|0 fnt\n|-unboost|p1a: Sneasler|def|1\n|-unboost|p1a: Sneasler|spd|1\n|faint|p2b: Kingambit\n|-enditem|p1a: Sneasler|White Herb\n|-clearnegativeboost|p1a: Sneasler|[silent]\n|move|p1b: Kingambit|Kowtow Cleave|p2a: Pelipper\n|-damage|p2a: Pelipper|9/100\n|\n|-weather|none\n|-sideend|p2: koen2003|Reflect\n|upkeep\n|\n|t:|1775936998\n|switch|p2b: Floette|Floette-Mega, L50, F|100/100\n|-ability|p2b: Floette|Fairy Aura\n|turn|6\n|\n|t:|1775937011\n|move|p2a: Pelipper|Protect|p2a: Pelipper\n|-singleturn|p2a: Pelipper|Protect\n|move|p1b: Kingambit|Sucker Punch||[still]\n|-fail|p1b: Kingambit\n|move|p1a: Sneasler|Dire Claw|p2b: Floette\n|-supereffective|p2b: Floette|1\n|-damage|p2b: Floette|11/100\n|move|p2b: Floette|Dazzling Gleam|p1a: Sneasler|[spread] p1a,p1b\n|-damage|p1a: Sneasler|35/100\n|-damage|p1b: Kingambit|50/100\n|\n|upkeep\n|turn|7\n|\n|t:|1775937025\n|move|p2b: Floette|Protect|p2b: Floette\n|-singleturn|p2b: Floette|Protect\n|move|p1b: Kingambit|Sucker Punch||[still]\n|-fail|p1b: Kingambit\n|move|p1a: Sneasler|Dire Claw|p2b: Floette\n|-activate|p2b: Floette|move: Protect\n|move|p2a: Pelipper|Tailwind|p2a: Pelipper\n|-sidestart|p2: koen2003|move: Tailwind\n|\n|upkeep\n|turn|8\n|\n|t:|1775937041\n|move|p1b: Kingambit|Sucker Punch||[still]\n|-fail|p1b: Kingambit\n|move|p1a: Sneasler|Dire Claw|p2a: Pelipper\n|-damage|p2a: Pelipper|0 fnt\n|faint|p2a: Pelipper\n|move|p2b: Floette|Calm Mind|p2b: Floette\n|-boost|p2b: Floette|spa|1\n|-boost|p2b: Floette|spd|1\n|\n|upkeep\n|turn|9\n|-message|koen2003 forfeited.\n|\n|win|hozesama\n|raw|hozesama's rating: 1258 &rarr; <strong>1286</strong><br />(+28 for winning)\n|raw|koen2003's rating: 1298 &rarr; <strong>1270</strong><br />(-28 for losing)\n|l|\u2606koen2003\n|player|p2|\n",
  "uploadtime": 1775937059,
  "views": 45,
  "formatid": "gen9championsvgc2026regma",
  "rating": 1270,
  "private": 0,
  "password": null
}