{
  "id": "gen9championsvgc2026regma-2583532838",
  "format": "[Gen 9 Champions] VGC 2026 Reg M-A",
  "players": [
    "VivaPardini",
    "chrispygreens"
  ],
  "log": "|j|\u2606VivaPardini\n|j|\u2606chrispygreens\n|t:|1776181633\n|gametype|doubles\n|player|p1|VivaPardini|102|1028\n|player|p2|chrispygreens|palmer|1043\n|gen|9\n|tier|[Gen 9 Champions] VGC 2026 Reg M-A\n|rated|\n|rule|Species Clause: Limit one of each Pok\u00e9mon\n|rule|Item Clause: Limit 1 of each item\n|clearpoke\n|poke|p1|Pelipper, L50, M|\n|poke|p1|Raichu, L50, M|\n|poke|p1|Incineroar, L50, M|\n|poke|p1|Corviknight, L50, M|\n|poke|p1|Starmie, L50|\n|poke|p1|Sneasler, L50, M|\n|poke|p2|Tyranitar, L50, F|\n|poke|p2|Garchomp, L50, M|\n|poke|p2|Arcanine-Hisui, L50, F|\n|poke|p2|Charizard, L50, M|\n|poke|p2|Scizor, L50, M|\n|poke|p2|Sinistcha, L50|\n|teampreview|4\n|inactive|Battle timer is ON: inactive players will automatically lose when time's up. (requested by chrispygreens)\n|inactive|VivaPardini has 60 seconds left.\n|\n|t:|1776181700\n|teamsize|p1|4\n|teamsize|p2|4\n|start\n|switch|p1a: Corviknight|Corviknight, L50, M|100/100\n|switch|p1b: Starmie|Starmie, L50|100/100\n|switch|p2a: Arcanine|Arcanine-Hisui, L50, F|100/100\n|switch|p2b: Charizard|Charizard, L50, M|100/100\n|-ability|p2a: Arcanine|Intimidate|boost\n|-ability|p1a: Corviknight|Mirror Armor\n|-unboost|p2a: Arcanine|atk|1\n|-unboost|p1b: Starmie|atk|1\n|turn|1\n|inactive|VivaPardini has 30 seconds left.\n|inactive|chrispygreens has 30 seconds left.\n|inactive|chrispygreens has 20 seconds left.\n|inactive|chrispygreens has 15 seconds left.\n|\n|t:|1776181744\n|switch|p2a: Sinistcha|Sinistcha, L50|100/100\n|switch|p1a: Incineroar|Incineroar, L50, M|100/100\n|-ability|p1a: Incineroar|Intimidate|boost\n|-unboost|p2a: Sinistcha|atk|1\n|-unboost|p2b: Charizard|atk|1\n|detailschange|p2b: Charizard|Charizard-Mega-Y, L50, M\n|-mega|p2b: Charizard|Charizard|Charizardite Y\n|-weather|SunnyDay|[from] ability: Drought|[of] p2b: Charizard\n|move|p1b: Starmie|Protect|p1b: Starmie\n|-singleturn|p1b: Starmie|Protect\n|move|p2b: Charizard|Weather Ball|p1a: Incineroar\n|-resisted|p1a: Incineroar|1\n|-damage|p1a: Incineroar|52/100\n|\n|-weather|SunnyDay|[upkeep]\n|upkeep\n|turn|2\n|inactive|VivaPardini has 30 seconds left.\n|\n|t:|1776181778\n|detailschange|p1b: Starmie|Starmie-Mega, L50\n|-mega|p1b: Starmie|Starmie|Starminite\n|move|p2b: Charizard|Protect|p2b: Charizard\n|-singleturn|p2b: Charizard|Protect\n|move|p1b: Starmie|Liquidation|p2b: Charizard\n|-activate|p2b: Charizard|move: Protect\n|move|p2a: Sinistcha|Matcha Gotcha|p1a: Incineroar|[spread] p1a,p1b\n|-resisted|p1a: Incineroar|1\n|-supereffective|p1b: Starmie|1\n|-damage|p1a: Incineroar|40/100\n|-damage|p1b: Starmie|48/100\n|-enditem|p1a: Incineroar|Sitrus Berry|[eat]\n|-heal|p1a: Incineroar|65/100|[from] item: Sitrus Berry\n|move|p1a: Incineroar|Flare Blitz|p2a: Sinistcha\n|-supereffective|p2a: Sinistcha|1\n|-damage|p2a: Sinistcha|0 fnt\n|faint|p2a: Sinistcha\n|-damage|p1a: Incineroar|33/100|[from] Recoil\n|\n|-weather|SunnyDay|[upkeep]\n|upkeep\n|\n|t:|1776181797\n|switch|p2a: Arcanine|Arcanine-Hisui, L50, F|100/100\n|-ability|p2a: Arcanine|Intimidate|boost\n|-unboost|p1a: Incineroar|atk|1\n|-unboost|p1b: Starmie|atk|1\n|turn|3\n|\n|t:|1776181806\n|switch|p1b: Pelipper|Pelipper, L50, M|100/100\n|-weather|RainDance|[from] ability: Drizzle|[of] p1b: Pelipper\n|move|p2b: Charizard|Solar Beam||[still]\n|-prepare|p2b: Charizard|Solar Beam\n|move|p2a: Arcanine|Smack Down|p1a: Incineroar\n|-supereffective|p1a: Incineroar|1\n|-damage|p1a: Incineroar|0 fnt\n|faint|p1a: Incineroar\n|\n|-weather|RainDance|[upkeep]\n|upkeep\n|\n|t:|1776181821\n|switch|p1a: Corviknight|Corviknight, L50, M|100/100\n|turn|4\n|\n|t:|1776181833\n|move|p1b: Pelipper|Protect|p1b: Pelipper\n|-singleturn|p1b: Pelipper|Protect\n|move|p2b: Charizard|Solar Beam|p1b: Pelipper|[from] lockedmove\n|-activate|p1b: Pelipper|move: Protect\n|move|p2a: Arcanine|Smack Down|p1a: Corviknight\n|-damage|p1a: Corviknight|85/100\n|-start|p1a: Corviknight|Smack Down\n|move|p1a: Corviknight|Tailwind|p1a: Corviknight\n|-sidestart|p1: VivaPardini|move: Tailwind\n|\n|-weather|RainDance|[upkeep]\n|-heal|p1a: Corviknight|91/100|[from] item: Leftovers\n|upkeep\n|turn|5\n|\n|t:|1776181859\n|switch|p2b: Garchomp|Garchomp, L50, M|100/100\n|move|p2a: Arcanine|Extreme Speed|p1b: Pelipper\n|-damage|p1b: Pelipper|78/100\n|move|p1a: Corviknight|Iron Head|p2a: Arcanine\n|-damage|p2a: Arcanine|65/100\n|move|p1b: Pelipper|Weather Ball|p2b: Garchomp\n|-damage|p2b: Garchomp|32/100\n|\n|-weather|RainDance|[upkeep]\n|-heal|p1a: Corviknight|97/100|[from] item: Leftovers\n|upkeep\n|turn|6\n|\n|t:|1776181880\n|switch|p2a: Charizard|Charizard-Mega-Y, L50, M|100/100\n|-weather|SunnyDay|[from] ability: Drought|[of] p2a: Charizard\n|move|p1a: Corviknight|Iron Head|p2a: Charizard\n|-resisted|p2a: Charizard|1\n|-damage|p2a: Charizard|79/100\n|move|p1b: Pelipper|Hurricane|p2b: Garchomp|[miss]\n|-miss|p1b: Pelipper|p2b: Garchomp\n|move|p2b: Garchomp|Earthquake|p1b: Pelipper|[spread] p1a\n|-immune|p2a: Charizard\n|-immune|p1b: Pelipper\n|-supereffective|p1a: Corviknight|1\n|-damage|p1a: Corviknight|40/100\n|\n|-weather|SunnyDay|[upkeep]\n|-heal|p1a: Corviknight|46/100|[from] item: Leftovers\n|upkeep\n|turn|7\n|inactive|VivaPardini has 30 seconds left.\n|inactive|chrispygreens has 30 seconds left.\n|\n|t:|1776181910\n|move|p1a: Corviknight|Roost|p1a: Corviknight\n|-heal|p1a: Corviknight|96/100\n|-singleturn|p1a: Corviknight|move: Roost\n|move|p1b: Pelipper|Weather Ball|p2b: Garchomp\n|-resisted|p2b: Garchomp|1\n|-damage|p2b: Garchomp|11/100\n|move|p2b: Garchomp|Dragon Claw|p1b: Pelipper\n|-damage|p1b: Pelipper|39/100\n|move|p2a: Charizard|Weather Ball|p1a: Corviknight\n|-supereffective|p1a: Corviknight|1\n|-damage|p1a: Corviknight|0 fnt\n|faint|p1a: Corviknight\n|\n|-weather|SunnyDay|[upkeep]\n|-sideend|p1: VivaPardini|move: Tailwind\n|upkeep\n|\n|t:|1776181926\n|switch|p1a: Starmie|Starmie-Mega, L50|48/100\n|turn|8\n|\n|t:|1776181948\n|move|p2b: Garchomp|Dragon Claw|p1b: Pelipper\n|-damage|p1b: Pelipper|0 fnt\n|faint|p1b: Pelipper\n|move|p1a: Starmie|Liquidation|p2a: Charizard\n|-supereffective|p2a: Charizard|1\n|-damage|p2a: Charizard|0 fnt\n|faint|p2a: Charizard\n|\n|-weather|SunnyDay|[upkeep]\n|upkeep\n|\n|t:|1776181955\n|switch|p2a: Arcanine|Arcanine-Hisui, L50, F|65/100\n|-ability|p2a: Arcanine|Intimidate|boost\n|-unboost|p1a: Starmie|atk|1\n|turn|9\n|\n|t:|1776181963\n|move|p1a: Starmie|Protect|p1a: Starmie\n|-singleturn|p1a: Starmie|Protect\n|move|p2a: Arcanine|Extreme Speed|p1a: Starmie\n|-activate|p1a: Starmie|move: Protect\n|move|p2b: Garchomp|Shadow Claw|p1a: Starmie\n|-activate|p1a: Starmie|move: Protect\n|\n|-weather|SunnyDay|[upkeep]\n|upkeep\n|turn|10\n|\n|t:|1776181976\n|move|p2a: Arcanine|Extreme Speed|p1a: Starmie\n|-damage|p1a: Starmie|23/100\n|move|p1a: Starmie|Aqua Jet|p2a: Arcanine\n|-supereffective|p2a: Arcanine|2\n|-damage|p2a: Arcanine|1/100\n|move|p2b: Garchomp|Shadow Claw|p1a: Starmie\n|-supereffective|p1a: Starmie|1\n|-damage|p1a: Starmie|0 fnt\n|faint|p1a: Starmie\n|\n|win|chrispygreens\n|raw|VivaPardini's rating: 1028 &rarr; <strong>1014</strong><br />(-14 for losing)\n|raw|chrispygreens's rating: 1043 &rarr; <strong>1075</strong><br />(+32 for winning)\n",
  "uploadtime": 1776181986,
  "views": 19,
  "formatid": "gen9championsvgc2026regma",
  "rating": 1014,
  "private": 0,
  "password": null
}