{
  "id": "gen9championsvgc2026regma-2581817530",
  "format": "[Gen 9 Champions] VGC 2026 Reg M-A",
  "players": [
    "Morrocan AXL BLAZE",
    "Bleblemlic"
  ],
  "log": "|j|\u2606Morrocan AXL BLAZE\n|j|\u2606Bleblemlic\n|t:|1776030831\n|gametype|doubles\n|player|p1|Morrocan AXL BLAZE|nate|1090\n|player|p2|Bleblemlic|thorton|1137\n|gen|9\n|tier|[Gen 9 Champions] VGC 2026 Reg M-A\n|rated|\n|rule|Species Clause: Limit one of each Pok\u00e9mon\n|rule|Item Clause: Limit 1 of each item\n|clearpoke\n|poke|p1|Arcanine-Hisui, L50, M|\n|poke|p1|Palafin, L50, F|\n|poke|p1|Sinistcha, L50|\n|poke|p1|Talonflame, L50, F|\n|poke|p1|Froslass, L50, F|\n|poke|p1|Ninetales-Alola, L50, F|\n|poke|p2|Sneasler, L50, F|\n|poke|p2|Kingambit, L50, F|\n|poke|p2|Clefable, L50, F|\n|poke|p2|Delphox, L50, F|\n|poke|p2|Dragonite, L50, F|\n|poke|p2|Basculegion, L50, M|\n|teampreview|4\nBleblemlic has agreed to open team sheets.\nMorrocan AXL BLAZE has agreed to open team sheets.\n|showteam|p1|Arcanine-Hisui||ShucaBerry|Intimidate|RockSlide,FlareBlitz,ExtremeSpeed,Protect|||M|||50|]Palafin||MysticWater|ZerotoHero|JetPunch,WaveCrash,CloseCombat,Protect|||F|||50|]Sinistcha||SitrusBerry|Hospitality|MatchaGotcha,LifeDew,RagePowder,Protect||||||50|]Talonflame||MentalHerb|GaleWings|BraveBird,Tailwind,WillOWisp,Protect|||F|||50|]Froslass||Froslassite|SnowCloak|Blizzard,ShadowBall,NastyPlot,Protect|||F|||50|]Ninetales-Alola||FocusSash|SnowWarning|IcyWind,AuroraVeil,Protect,Blizzard|||F|||50|\n|showteam|p2|Sneasler||FocusSash|Unburden|DireClaw,CloseCombat,FakeOut,Protect|||F|||50|]Kingambit||BlackGlasses|Defiant|SwordsDance,SuckerPunch,KowtowCleave,Protect|||F|||50|]Clefable||SitrusBerry|Unaware|FollowMe,HelpingHand,Moonblast,Protect|||F|||50|]Delphox||Delphoxite|Blaze|HeatWave,Substitute,Psychic,Protect|||F|||50|]Dragonite||LumBerry|Multiscale|ScaleShot,ExtremeSpeed,Haze,Protect|||F|||50|]Basculegion||ChoiceScarf|Adaptability|WaveCrash,FlipTurn,LastRespects,AquaJet|||M|||50|\n|\n|t:|1776030887\n|teamsize|p1|4\n|teamsize|p2|4\n|start\n|switch|p1a: htn|Palafin, L50, F, shiny|100/100\n|switch|p1b: true eve|Froslass, L50, F, shiny|100/100\n|switch|p2a: Basculegion|Basculegion, L50, M|100/100\n|switch|p2b: Sneasler|Sneasler, L50, F|100/100\n|turn|1\n|\n|t:|1776030947\n|detailschange|p1a: htn|Palafin-Hero, L50, F, shiny\n|switch|p1a: subhuman|Sinistcha, L50, shiny|100/100\n|detailschange|p1b: true eve|Froslass-Mega, L50, F, shiny\n|-mega|p1b: true eve|Froslass|Froslassite\n|-weather|Snowscape|[from] ability: Snow Warning|[of] p1b: true eve\n|move|p2a: Basculegion|Wave Crash|p1b: true eve\n|-damage|p1b: true eve|35/100\n|-damage|p2a: Basculegion|82/100|[from] Recoil\n|move|p2b: Sneasler|Dire Claw|p1a: subhuman\n|-damage|p1a: subhuman|67/100\n|move|p1b: true eve|Nasty Plot|p1b: true eve\n|-boost|p1b: true eve|spa|2\n|\n|-weather|Snowscape|[upkeep]\n|upkeep\n|turn|2\n|\n|t:|1776030975\n|move|p1a: subhuman|Rage Powder|p1a: subhuman\n|-singleturn|p1a: subhuman|move: Rage Powder\n|move|p2a: Basculegion|Wave Crash|p1a: subhuman\n|-resisted|p1a: subhuman|1\n|-damage|p1a: subhuman|34/100\n|-enditem|p1a: subhuman|Sitrus Berry|[eat]\n|-heal|p1a: subhuman|58/100|[from] item: Sitrus Berry\n|-damage|p2a: Basculegion|73/100|[from] Recoil\n|move|p2b: Sneasler|Dire Claw|p1a: subhuman\n|-damage|p1a: subhuman|21/100\n|move|p1b: true eve|Blizzard|p2a: Basculegion|[spread] p2a,p2b\n|-resisted|p2a: Basculegion|1\n|-damage|p2a: Basculegion|24/100\n|-enditem|p2b: Sneasler|Focus Sash\n|-damage|p2b: Sneasler|1/100\n|-status|p2b: Sneasler|frz\n|\n|-weather|Snowscape|[upkeep]\n|upkeep\n|turn|3\n|\n|t:|1776031009\n|move|p1a: subhuman|Rage Powder|p1a: subhuman\n|-singleturn|p1a: subhuman|move: Rage Powder\n|cant|p2b: Sneasler|frz\n|move|p2a: Basculegion|Wave Crash|p1a: subhuman\n|-resisted|p1a: subhuman|1\n|-damage|p1a: subhuman|0 fnt\n|faint|p1a: subhuman\n|-damage|p2a: Basculegion|19/100|[from] Recoil\n|move|p1b: true eve|Blizzard|p2a: Basculegion|[spread] p2a,p2b\n|-resisted|p2a: Basculegion|1\n|-damage|p2a: Basculegion|0 fnt\n|-damage|p2b: Sneasler|0 fnt\n|faint|p2a: Basculegion\n|faint|p2b: Sneasler\n|\n|-weather|Snowscape|[upkeep]\n|upkeep\n|\n|t:|1776031016\n|switch|p2b: Clefable|Clefable, L50, F|100/100\n|switch|p2a: Delphox|Delphox, L50, F|100/100\n|switch|p1a: htn|Palafin-Hero, L50, F, shiny|100/100\n|-activate|p1a: htn|ability: Zero to Hero\n|turn|4\n|inactive|Battle timer is ON: inactive players will automatically lose when time's up. (requested by Morrocan AXL BLAZE)\n|inactive|Bleblemlic has 60 seconds left.\n|\n|t:|1776031075\n|switch|p1b: Chad|Arcanine-Hisui, L50, M, shiny|100/100\n|-ability|p1b: Chad|Intimidate|boost\n|-unboost|p2a: Delphox|atk|1\n|-unboost|p2b: Clefable|atk|1\n|detailschange|p2a: Delphox|Delphox-Mega, L50, F\n|-mega|p2a: Delphox|Delphox|Delphoxite\n|move|p2b: Clefable|Follow Me|p2b: Clefable\n|-singleturn|p2b: Clefable|move: Follow Me\n|move|p1a: htn|Jet Punch|p2b: Clefable\n|-damage|p2b: Clefable|66/100\n|move|p2a: Delphox|Psychic|p1a: htn\n|-damage|p1a: htn|45/100\n|\n|-weather|Snowscape|[upkeep]\n|upkeep\n|turn|5\n|inactive|Morrocan AXL BLAZE has 30 seconds left.\n|inactive|Bleblemlic has 30 seconds left.\n|inactive|Morrocan AXL BLAZE has 20 seconds left.\n|inactive|Bleblemlic has 20 seconds left.\n|inactive|Morrocan AXL BLAZE has 15 seconds left.\n|inactive|Morrocan AXL BLAZE has 10 seconds left.\n|inactive|Morrocan AXL BLAZE has 5 seconds left.\n|\n|t:|1776031130\n|move|p2a: Delphox|Protect|p2a: Delphox\n|-singleturn|p2a: Delphox|Protect\n|move|p2b: Clefable|Protect|p2b: Clefable\n|-singleturn|p2b: Clefable|Protect\n|move|p1a: htn|Jet Punch|p2b: Clefable\n|-activate|p2b: Clefable|move: Protect\n|move|p1b: Chad|Rock Slide|p2a: Delphox|[spread] \n|-activate|p2a: Delphox|move: Protect\n|-activate|p2b: Clefable|move: Protect\n|\n|-weather|none\n|upkeep\n|turn|6\n|inactive|Bleblemlic has 30 seconds left.\n|\n|t:|1776031159\n|move|p2b: Clefable|Follow Me|p2b: Clefable\n|-singleturn|p2b: Clefable|move: Follow Me\n|move|p1a: htn|Jet Punch|p2b: Clefable\n|-damage|p2b: Clefable|31/100\n|-enditem|p2b: Clefable|Sitrus Berry|[eat]\n|-heal|p2b: Clefable|56/100|[from] item: Sitrus Berry\n|move|p2a: Delphox|Psychic|p1a: htn\n|-damage|p1a: htn|0 fnt\n|faint|p1a: htn\n|move|p1b: Chad|Rock Slide|p2a: Delphox|[spread] p2a,p2b\n|-supereffective|p2a: Delphox|1\n|-damage|p2a: Delphox|20/100\n|-damage|p2b: Clefable|32/100\n|\n|upkeep\n|\n|t:|1776031167\n|switch|p1a: true eve|Froslass-Mega, L50, F, shiny|35/100\n|-weather|Snowscape|[from] ability: Snow Warning|[of] p1a: true eve\n|turn|7\n|inactive|Bleblemlic has 30 seconds left.\n|inactive|Bleblemlic has 20 seconds left.\n|\n|t:|1776031203\n|move|p2b: Clefable|Helping Hand|p2a: Delphox\n|-singleturn|p2a: Delphox|Helping Hand|[of] p2b: Clefable\n|move|p2a: Delphox|Psychic|p1b: Chad\n|-damage|p1b: Chad|4/100\n|move|p1a: true eve|Blizzard|p2b: Clefable|[spread] p2a,p2b\n|-resisted|p2a: Delphox|1\n|-damage|p2a: Delphox|0 fnt\n|-damage|p2b: Clefable|0 fnt\n|faint|p2a: Delphox\n|faint|p2b: Clefable\n|\n|win|Morrocan AXL BLAZE\n|raw|Morrocan AXL BLAZE's rating: 1110 &rarr; <strong>1137</strong><br />(+27 for winning)\n|raw|Bleblemlic's rating: 1137 &rarr; <strong>1110</strong><br />(-27 for losing)\n",
  "uploadtime": 1776031203,
  "views": 13,
  "formatid": "gen9championsvgc2026regma",
  "rating": 1110,
  "private": 0,
  "password": null
}