{
  "id": "gen9championsvgc2026regma-2587099185",
  "format": "[Gen 9 Champions] VGC 2026 Reg M-A",
  "players": [
    "gymleaderirish",
    "ItsKapri"
  ],
  "log": "|j|\u2606gymleaderirish\n|j|\u2606ItsKapri\n|t:|1776493238\n|gametype|doubles\n|player|p1|gymleaderirish|169|1390\n|player|p2|ItsKapri|miku-ground|1362\n|gen|9\n|tier|[Gen 9 Champions] VGC 2026 Reg M-A\n|rated|\n|rule|Species Clause: Limit one of each Pok\u00e9mon\n|rule|Item Clause: Limit 1 of each item\n|clearpoke\n|poke|p1|Sneasler, L50, M, shiny|\n|poke|p1|Blastoise, L50, F, shiny|\n|poke|p1|Garchomp, L50, F|\n|poke|p1|Aerodactyl, L50, M|\n|poke|p1|Sylveon, L50, F|\n|poke|p1|Sinistcha, L50|\n|poke|p2|Archaludon, L50, F|\n|poke|p2|Pelipper, L50, F|\n|poke|p2|Sinistcha, L50|\n|poke|p2|Basculegion, L50, M|\n|poke|p2|Kingambit, L50, M|\n|poke|p2|Crabominable, L50, F|\n|teampreview|4\n|inactive|Battle timer is ON: inactive players will automatically lose when time's up. (requested by ItsKapri)\n|inactive|gymleaderirish also wants the timer to be on.\n|\n|t:|1776493263\n|teamsize|p1|4\n|teamsize|p2|4\n|start\n|switch|p1a: Sneasler|Sneasler, L50, M, shiny|100/100\n|switch|p1b: Blastoise|Blastoise, L50, F, shiny|100/100\n|switch|p2a: Basculegion|Basculegion, L50, M|100/100\n|switch|p2b: Pelipper|Pelipper, L50, F|100/100\n|-weather|RainDance|[from] ability: Drizzle|[of] p2b: Pelipper\n|turn|1\n|\n|t:|1776493283\n|detailschange|p1b: Blastoise|Blastoise-Mega, L50, F, shiny\n|-mega|p1b: Blastoise|Blastoise|Blastoisinite\n|move|p1a: Sneasler|Fake Out|p2b: Pelipper\n|-damage|p2b: Pelipper|84/100\n|move|p2a: Basculegion|Flip Turn|p1a: Sneasler\n|-damage|p1a: Sneasler|15/100\n|\n|t:|1776493289\n|switch|p2a: Archaludon|Archaludon, L50, F|100/100|[from] Flip Turn\n|move|p1b: Blastoise|Shell Smash|p1b: Blastoise\n|-unboost|p1b: Blastoise|def|1\n|-unboost|p1b: Blastoise|spd|1\n|-boost|p1b: Blastoise|atk|2\n|-boost|p1b: Blastoise|spa|2\n|-boost|p1b: Blastoise|spe|2\n|cant|p2b: Pelipper|flinch\n|\n|-weather|RainDance|[upkeep]\n|upkeep\n|turn|2\n|\n|t:|1776493298\n|move|p2b: Pelipper|Wide Guard|p2b: Pelipper\n|-singleturn|p2b: Pelipper|Wide Guard\n|move|p1b: Blastoise|Water Spout|p2b: Pelipper|[spread] \n|-activate|p2a: Archaludon|move: Wide Guard\n|-activate|p2b: Pelipper|move: Wide Guard\n|move|p1a: Sneasler|Close Combat|p2a: Archaludon\n|-supereffective|p2a: Archaludon|1\n|-damage|p2a: Archaludon|7/100\n|-unboost|p1a: Sneasler|def|1\n|-unboost|p1a: Sneasler|spd|1\n|-ability|p2a: Archaludon|Stamina|boost\n|-boost|p2a: Archaludon|def|1\n|-enditem|p1a: Sneasler|White Herb\n|-clearnegativeboost|p1a: Sneasler|[silent]\n|move|p2a: Archaludon|Electro Shot||[still]\n|-prepare|p2a: Archaludon|Electro Shot\n|-boost|p2a: Archaludon|spa|1\n|-anim|p2a: Archaludon|Electro Shot|p1b: Blastoise\n|-supereffective|p1b: Blastoise|1\n|-damage|p1b: Blastoise|0 fnt\n|faint|p1b: Blastoise\n|\n|-weather|RainDance|[upkeep]\n|-heal|p2a: Archaludon|13/100|[from] item: Leftovers\n|upkeep\n|\n|t:|1776493313\n|switch|p1b: Sinistcha|Sinistcha, L50|100/100\n|-heal|p1a: Sneasler|39/100|[from] ability: Hospitality|[of] p1b: Sinistcha\n|turn|3\n|inactive|gymleaderirish has 30 seconds left.\n|\n|t:|1776493345\n|move|p2a: Archaludon|Protect|p2a: Archaludon\n|-singleturn|p2a: Archaludon|Protect\n|move|p1a: Sneasler|Close Combat|p2a: Archaludon\n|-activate|p2a: Archaludon|move: Protect\n|move|p2b: Pelipper|Tailwind|p2b: Pelipper\n|-sidestart|p2: ItsKapri|move: Tailwind\n|move|p1b: Sinistcha|Trick Room|p1b: Sinistcha\n|-fieldstart|move: Trick Room|[of] p1b: Sinistcha\n|\n|-weather|RainDance|[upkeep]\n|-heal|p2a: Archaludon|19/100|[from] item: Leftovers\n|upkeep\n|turn|4\n|inactive|gymleaderirish has 30 seconds left.\n|inactive|ItsKapri has 30 seconds left.\n|\n|t:|1776493375\n|move|p2b: Pelipper|Wide Guard|p2b: Pelipper\n|-singleturn|p2b: Pelipper|Wide Guard\n|move|p1b: Sinistcha|Matcha Gotcha|p2a: Archaludon|[spread] \n|-activate|p2a: Archaludon|move: Wide Guard\n|-activate|p2b: Pelipper|move: Wide Guard\n|move|p2a: Archaludon|Draco Meteor|p1b: Sinistcha\n|-crit|p1b: Sinistcha\n|-damage|p1b: Sinistcha|0 fnt\n|-unboost|p2a: Archaludon|spa|2\n|faint|p1b: Sinistcha\n|move|p1a: Sneasler|Close Combat|p2a: Archaludon\n|-supereffective|p2a: Archaludon|1\n|-damage|p2a: Archaludon|0 fnt\n|-unboost|p1a: Sneasler|def|1\n|-unboost|p1a: Sneasler|spd|1\n|faint|p2a: Archaludon\n|\n|-weather|RainDance|[upkeep]\n|upkeep\n|\n|t:|1776493390\n|switch|p1b: Sylveon|Sylveon, L50, F|100/100\n|switch|p2a: Crabominable|Crabominable, L50, F|100/100\n|turn|5\n|\n|t:|1776493419\n|move|p2a: Crabominable|Protect|p2a: Crabominable\n|-singleturn|p2a: Crabominable|Protect\n|move|p1b: Sylveon|Quick Attack|p2b: Pelipper\n|-damage|p2b: Pelipper|68/100\n|move|p2b: Pelipper|Muddy Water|p1b: Sylveon|[spread] p1a\n|-miss|p2b: Pelipper|p1b: Sylveon\n|-damage|p1a: Sneasler|0 fnt\n|faint|p1a: Sneasler\n|\n|-weather|none\n|upkeep\n|turn|6\n|\n|t:|1776493432\n|detailschange|p2a: Crabominable|Crabominable-Mega, L50, F\n|-mega|p2a: Crabominable|Crabominable|Crabominite\n|move|p2b: Pelipper|Wide Guard|p2b: Pelipper\n|-singleturn|p2b: Pelipper|Wide Guard\n|move|p1b: Sylveon|Hyper Voice|p2b: Pelipper|[spread] \n|-activate|p2a: Crabominable|move: Wide Guard\n|-activate|p2b: Pelipper|move: Wide Guard\n|move|p2a: Crabominable|Ice Hammer|p1b: Sylveon\n|-damage|p1b: Sylveon|16/100\n|-unboost|p2a: Crabominable|spe|1\n|\n|-sideend|p2: ItsKapri|move: Tailwind\n|upkeep\n|turn|7\n|-message|gymleaderirish forfeited.\n|\n|win|ItsKapri\n|raw|gymleaderirish's rating: 1390 &rarr; <strong>1368</strong><br />(-22 for losing)\n|raw|ItsKapri's rating: 1362 &rarr; <strong>1384</strong><br />(+22 for winning)\n|l|\u2606gymleaderirish\n|player|p1|\n",
  "uploadtime": 1776493439,
  "views": 32,
  "formatid": "gen9championsvgc2026regma",
  "rating": 1368,
  "private": 0,
  "password": null
}