{
  "id": "gen9championsvgc2026regma-2581296741",
  "format": "[Gen 9 Champions] VGC 2026 Reg M-A",
  "players": [
    "mlgpokeballer",
    "fusesrt"
  ],
  "log": "|j|\u2606mlgpokeballer\n|j|\u2606fusesrt\n|t:|1775982932\n|gametype|doubles\n|player|p1|mlgpokeballer|crasherwake|1260\n|player|p2|fusesrt|266|1304\n|gen|9\n|tier|[Gen 9 Champions] VGC 2026 Reg M-A\n|rated|\n|rule|Species Clause: Limit one of each Pok\u00e9mon\n|rule|Item Clause: Limit 1 of each item\n|clearpoke\n|poke|p1|Heliolisk, L50, F|\n|poke|p1|Starmie, L50|\n|poke|p1|Pelipper, L50, M|\n|poke|p1|Quaquaval, L50, M|\n|poke|p1|Basculegion, L50, M|\n|poke|p1|Dragonite, L50, M|\n|poke|p2|Kingambit, L50, M|\n|poke|p2|Froslass, L50, F|\n|poke|p2|Glimmora, L50, F|\n|poke|p2|Sinistcha-Masterpiece, L50|\n|poke|p2|Garchomp, L50, M|\n|poke|p2|Rotom-Frost, L50|\n|teampreview|4\n|inactive|Battle timer is ON: inactive players will automatically lose when time's up. (requested by fusesrt)\n|inactive|mlgpokeballer has 60 seconds left.\n|j| gE1xjZRtuhW2DdT0AK\n|\n|t:|1775982983\n|teamsize|p1|4\n|teamsize|p2|4\n|start\n|switch|p1a: Heliolisk|Heliolisk, L50, F|100/100\n|switch|p1b: Starmie|Starmie, L50|100/100\n|switch|p2a: Glimmora|Glimmora, L50, F|100/100\n|switch|p2b: Sinistcha|Sinistcha-Masterpiece, L50|100/100\n|turn|1\n|\n|t:|1775982997\n|detailschange|p1b: Starmie|Starmie-Mega, L50\n|-mega|p1b: Starmie|Starmie|Starminite\n|move|p1b: Starmie|Flip Turn|p2b: Sinistcha\n|-resisted|p2b: Sinistcha|1\n|-damage|p2b: Sinistcha|79/100\n|\n|t:|1775983004\n|switch|p1b: Pelipper|Pelipper, L50, M|100/100|[from] Flip Turn\n|-weather|RainDance|[from] ability: Drizzle|[of] p1b: Pelipper\n|move|p1a: Heliolisk|Glare|p2a: Glimmora\n|-status|p2a: Glimmora|par\n|move|p2a: Glimmora|Stealth Rock|p1b: Pelipper\n|-sidestart|p1: mlgpokeballer|move: Stealth Rock\n|move|p2b: Sinistcha|Trick Room|p2b: Sinistcha\n|-fieldstart|move: Trick Room|[of] p2b: Sinistcha\n|\n|-weather|RainDance|[upkeep]\n|upkeep\n|turn|2\n|\n|t:|1775983018\n|move|p2a: Glimmora|Power Gem|p1b: Pelipper\n|-supereffective|p1b: Pelipper|1\n|-enditem|p1b: Pelipper|Focus Sash\n|-damage|p1b: Pelipper|1/100\n|move|p2b: Sinistcha|Shadow Ball|p1b: Pelipper\n|-damage|p1b: Pelipper|0 fnt\n|faint|p1b: Pelipper\n|move|p1a: Heliolisk|Thunder|p2a: Glimmora\n|-damage|p2a: Glimmora|14/100 par\n|\n|-weather|RainDance|[upkeep]\n|upkeep\n|\n|t:|1775983027\n|switch|p1b: Starmie|Starmie-Mega, L50|100/100\n|-damage|p1b: Starmie|88/100|[from] Stealth Rock\n|turn|3\n|\n|t:|1775983033\n|move|p1b: Starmie|Protect|p1b: Starmie\n|-singleturn|p1b: Starmie|Protect\n|move|p2b: Sinistcha|Rage Powder|p2b: Sinistcha\n|-singleturn|p2b: Sinistcha|move: Rage Powder\n|move|p2a: Glimmora|Sludge Wave|p1b: Starmie|[spread] p2b,p1a\n|-activate|p1b: Starmie|move: Protect\n|-damage|p2b: Sinistcha|43/100\n|-damage|p1a: Heliolisk|51/100\n|-status|p2b: Sinistcha|psn\n|move|p1a: Heliolisk|Thunder|p2b: Sinistcha\n|-resisted|p2b: Sinistcha|1\n|-damage|p2b: Sinistcha|11/100 psn\n|\n|-weather|RainDance|[upkeep]\n|-heal|p1a: Heliolisk|63/100|[from] ability: Dry Skin\n|-damage|p2b: Sinistcha|0 fnt|[from] psn\n|faint|p2b: Sinistcha\n|upkeep\n|\n|t:|1775983046\n|switch|p2b: Froslass|Froslass, L50, F|100/100\n|turn|4\n|\n|t:|1775983057\n|switch|p1b: Basculegion|Basculegion, L50, M|100/100\n|-damage|p1b: Basculegion|88/100|[from] Stealth Rock\n|detailschange|p2b: Froslass|Froslass-Mega, L50, F\n|-mega|p2b: Froslass|Froslass|Froslassite\n|-weather|Snowscape|[from] ability: Snow Warning|[of] p2b: Froslass\n|cant|p2a: Glimmora|par\n|move|p1a: Heliolisk|Rain Dance|p1a: Heliolisk\n|-weather|RainDance\n|move|p2b: Froslass|Aurora Veil||[still]\n|-fail|p2b: Froslass\n|\n|-weather|RainDance|[upkeep]\n|-heal|p1a: Heliolisk|75/100|[from] ability: Dry Skin\n|upkeep\n|turn|5\n|\n|t:|1775983072\n|switch|p2b: Rotom|Rotom-Frost, L50|100/100\n|move|p1a: Heliolisk|Protect|p1a: Heliolisk\n|-singleturn|p1a: Heliolisk|Protect\n|move|p1b: Basculegion|Protect|p1b: Basculegion\n|-singleturn|p1b: Basculegion|Protect\n|move|p2a: Glimmora|Power Gem|p1b: Basculegion\n|-activate|p1b: Basculegion|move: Protect\n|\n|-weather|RainDance|[upkeep]\n|-heal|p1a: Heliolisk|88/100|[from] ability: Dry Skin\n|-fieldend|move: Trick Room\n|upkeep\n|turn|6\n|\n|t:|1775983087\n|move|p1b: Basculegion|Wave Crash|p2b: Rotom\n|-damage|p2b: Rotom|0 fnt\n|faint|p2b: Rotom\n|-damage|p1b: Basculegion|67/100|[from] Recoil\n|move|p1a: Heliolisk|Thunder|p2a: Glimmora\n|-damage|p2a: Glimmora|0 fnt\n|faint|p2a: Glimmora\n|\n|-weather|RainDance|[upkeep]\n|-heal|p1a: Heliolisk|99/100|[from] ability: Dry Skin\n|upkeep\n|\n|t:|1775983094\n|switch|p2b: Froslass|Froslass-Mega, L50, F|100/100\n|-weather|Snowscape|[from] ability: Snow Warning|[of] p2b: Froslass\n|turn|7\n|\n|t:|1775983099\n|move|p1b: Basculegion|Protect|p1b: Basculegion\n|-singleturn|p1b: Basculegion|Protect\n|move|p2b: Froslass|Shadow Ball|p1b: Basculegion\n|-activate|p1b: Basculegion|move: Protect\n|move|p1a: Heliolisk|Glare|p2b: Froslass\n|-status|p2b: Froslass|par\n|\n|-weather|Snowscape|[upkeep]\n|upkeep\n|turn|8\n|-message|fusesrt forfeited.\n|\n|win|mlgpokeballer\n|raw|mlgpokeballer's rating: 1260 &rarr; <strong>1288</strong><br />(+28 for winning)\n|raw|fusesrt's rating: 1304 &rarr; <strong>1281</strong><br />(-23 for losing)\n|l|\u2606fusesrt\n|player|p2|\n|l|\u2606mlgpokeballer\n|player|p1|\n",
  "uploadtime": 1775983154,
  "views": 23,
  "formatid": "gen9championsvgc2026regma",
  "rating": 1281,
  "private": 0,
  "password": null
}