{
  "id": "gen9championsvgc2026regma-2585122839",
  "format": "[Gen 9 Champions] VGC 2026 Reg M-A",
  "players": [
    "Klusmos",
    "r.ivikk"
  ],
  "log": "|j|\u2606Klusmos\n|j|\u2606r.ivikk\n|t:|1776314435\n|gametype|doubles\n|player|p1|Klusmos|2|1150\n|player|p2|r.ivikk|169|1118\n|gen|9\n|tier|[Gen 9 Champions] VGC 2026 Reg M-A\n|rated|\n|rule|Species Clause: Limit one of each Pok\u00e9mon\n|rule|Item Clause: Limit 1 of each item\n|clearpoke\n|poke|p1|Gardevoir, L50, M|\n|poke|p1|Whimsicott, L50, M|\n|poke|p1|Incineroar, L50, F|\n|poke|p1|Slowking, L50, F|\n|poke|p1|Garchomp, L50, M|\n|poke|p1|Abomasnow, L50, M|\n|poke|p2|Abomasnow, L50, F|\n|poke|p2|Hatterene, L50, F|\n|poke|p2|Kingambit, L50, F|\n|poke|p2|Farigiraf, L50, F|\n|poke|p2|Torkoal, L50, M|\n|poke|p2|Sinistcha, L50|\n|teampreview|4\n|\n|t:|1776314470\n|teamsize|p1|4\n|teamsize|p2|4\n|start\n|switch|p1a: Gardevoir|Gardevoir, L50, M|100/100\n|switch|p1b: Incineroar|Incineroar, L50, F|100/100\n|switch|p2a: Kingambit|Kingambit, L50, F|100/100\n|switch|p2b: Farigiraf|Farigiraf, L50, F|100/100\n|-ability|p1b: Incineroar|Intimidate|boost\n|-unboost|p2a: Kingambit|atk|1\n|-ability|p2a: Kingambit|Defiant|boost\n|-boost|p2a: Kingambit|atk|2\n|-unboost|p2b: Farigiraf|atk|1\n|turn|1\n|\n|t:|1776314484\n|detailschange|p1a: Gardevoir|Gardevoir-Mega, L50, M\n|-mega|p1a: Gardevoir|Gardevoir|Gardevoirite\n|move|p1a: Gardevoir|Protect|p1a: Gardevoir\n|-singleturn|p1a: Gardevoir|Protect\n|move|p1b: Incineroar|Flare Blitz|p2a: Kingambit\n|-supereffective|p2a: Kingambit|1\n|-damage|p2a: Kingambit|4/100\n|-damage|p1b: Incineroar|68/100|[from] Recoil\n|move|p2a: Kingambit|Swords Dance|p2a: Kingambit\n|-boost|p2a: Kingambit|atk|2\n|move|p2b: Farigiraf|Trick Room|p2b: Farigiraf\n|-fieldstart|move: Trick Room|[of] p2b: Farigiraf\n|\n|upkeep\n|turn|2\n|\n|t:|1776314505\n|switch|p1a: Whimsicott|Whimsicott, L50, M|100/100\n|move|p2a: Kingambit|Iron Head|p1a: Whimsicott\n|-supereffective|p1a: Whimsicott|1\n|-enditem|p1a: Whimsicott|Focus Sash\n|-damage|p1a: Whimsicott|1/100\n|move|p1b: Incineroar|Darkest Lariat|p2a: Kingambit\n|-resisted|p2a: Kingambit|1\n|-damage|p2a: Kingambit|0 fnt\n|faint|p2a: Kingambit\n|move|p2b: Farigiraf|Imprison|p2b: Farigiraf\n|-start|p2b: Farigiraf|move: Imprison\n|\n|upkeep\n|\n|t:|1776314517\n|switch|p2a: Torkoal|Torkoal, L50, M|100/100\n|-weather|SunnyDay|[from] ability: Drought|[of] p2a: Torkoal\n|turn|3\n|\n|t:|1776314539\n|move|p2a: Torkoal|Eruption|p1a: Whimsicott|[spread] p1a,p1b\n|-supereffective|p1a: Whimsicott|1\n|-resisted|p1b: Incineroar|1\n|-damage|p1a: Whimsicott|0 fnt\n|-damage|p1b: Incineroar|28/100\n|faint|p1a: Whimsicott\n|move|p1b: Incineroar|Darkest Lariat|p2a: Torkoal\n|-damage|p2a: Torkoal|68/100\n|move|p2b: Farigiraf|Hyper Voice|p1b: Incineroar\n|-damage|p1b: Incineroar|0 fnt\n|faint|p1b: Incineroar\n|\n|-weather|SunnyDay|[upkeep]\n|upkeep\n|\n|t:|1776314546\n|switch|p1b: Garchomp|Garchomp, L50, M|100/100\n|switch|p1a: Gardevoir|Gardevoir-Mega, L50, M|100/100\n|turn|4\n|\n|t:|1776314571\n|move|p2a: Torkoal|Eruption|p1b: Garchomp|[spread] p1a,p1b\n|-resisted|p1b: Garchomp|1\n|-damage|p1a: Gardevoir|42/100\n|-damage|p1b: Garchomp|68/100\n|move|p2b: Farigiraf|Hyper Voice|p1b: Garchomp|[spread] p1a,p1b\n|-damage|p1a: Gardevoir|17/100\n|-damage|p1b: Garchomp|39/100\n|move|p1a: Gardevoir|Psychic|p2a: Torkoal\n|-damage|p2a: Torkoal|0 fnt\n|faint|p2a: Torkoal\n|move|p1b: Garchomp|Rock Slide|p2b: Farigiraf\n|-damage|p2b: Farigiraf|78/100\n|\n|-weather|SunnyDay|[upkeep]\n|upkeep\n|\n|t:|1776314584\n|switch|p2a: Sinistcha|Sinistcha, L50|100/100\n|-heal|p2b: Farigiraf|100/100|[from] ability: Hospitality|[of] p2a: Sinistcha\n|turn|5\n|-message|Klusmos forfeited.\n|\n|win|r.ivikk\n|raw|Klusmos's rating: 1150 &rarr; <strong>1123</strong><br />(-27 for losing)\n|raw|r.ivikk's rating: 1118 &rarr; <strong>1145</strong><br />(+27 for winning)\n|l|\u2606Klusmos\n|player|p1|\n",
  "uploadtime": 1776314590,
  "views": 18,
  "formatid": "gen9championsvgc2026regma",
  "rating": 1123,
  "private": 0,
  "password": null
}