{
  "id": "gen9championsvgc2026regma-2580378600",
  "format": "[Gen 9 Champions] VGC 2026 Reg M-A",
  "players": [
    "starburst48763",
    "yamzinyobooty"
  ],
  "log": "|j|\u2606starburst48763\n|j|\u2606yamzinyobooty\n|t:|1775887665\n|gametype|doubles\n|player|p1|starburst48763|265|1195\n|player|p2|yamzinyobooty|170|1135\n|gen|9\n|tier|[Gen 9 Champions] VGC 2026 Reg M-A\n|rated|\n|rule|Species Clause: Limit one of each Pok\u00e9mon\n|rule|Item Clause: Limit 1 of each item\n|clearpoke\n|poke|p1|Gardevoir, L50, M|\n|poke|p1|Incineroar, L50, F|\n|poke|p1|Sneasler, L50, M|\n|poke|p1|Sinistcha-Masterpiece, L50|\n|poke|p1|Rotom-Wash, L50|\n|poke|p1|Tyranitar, L50, M|\n|poke|p2|Tyranitar, L50, M|\n|poke|p2|Excadrill, L50, M|\n|poke|p2|Rotom-Wash, L50|\n|poke|p2|Basculegion, L50, M|\n|poke|p2|Meganium, L50, M|\n|poke|p2|Talonflame, L50, F|\n|teampreview|4\n|inactive|Battle timer is ON: inactive players will automatically lose when time's up. (requested by yamzinyobooty)\n|\n|t:|1775887685\n|teamsize|p1|4\n|teamsize|p2|4\n|start\n|switch|p1a: Rotom|Rotom-Wash, L50|100/100\n|switch|p1b: Incineroar|Incineroar, L50, F|100/100\n|switch|p2a: Rotom|Rotom-Wash, L50, shiny|100/100\n|switch|p2b: Basculegion|Basculegion, L50, M|100/100\n|-ability|p1b: Incineroar|Intimidate|boost\n|-unboost|p2a: Rotom|atk|1\n|-unboost|p2b: Basculegion|atk|1\n|turn|1\n|\n|t:|1775887702\n|switch|p1b: Sinistcha|Sinistcha-Masterpiece, L50|100/100\n|move|p2a: Rotom|Protect|p2a: Rotom\n|-singleturn|p2a: Rotom|Protect\n|move|p2b: Basculegion|Flip Turn|p1b: Sinistcha\n|-resisted|p1b: Sinistcha|1\n|-damage|p1b: Sinistcha|89/100\n|\n|t:|1775887711\n|switch|p2b: Tyranitar|Tyranitar, L50, M|100/100|[from] Flip Turn\n|-weather|Sandstorm|[from] ability: Sand Stream|[of] p2b: Tyranitar\n|move|p1a: Rotom|Will-O-Wisp|p2b: Tyranitar\n|-status|p2b: Tyranitar|brn\n|\n|-weather|Sandstorm|[upkeep]\n|-damage|p2a: Rotom|95/100|[from] Sandstorm\n|-damage|p1a: Rotom|95/100|[from] Sandstorm\n|-damage|p1b: Sinistcha|83/100|[from] Sandstorm\n|-damage|p2b: Tyranitar|95/100 brn|[from] brn\n|upkeep\n|turn|2\n|\n|t:|1775887721\n|switch|p1a: Incineroar|Incineroar, L50, F|100/100\n|-ability|p1a: Incineroar|Intimidate|boost\n|-unboost|p2a: Rotom|atk|1\n|-unboost|p2b: Tyranitar|atk|1\n|move|p2a: Rotom|Volt Switch|p1a: Incineroar\n|-damage|p1a: Incineroar|75/100\n|\n|t:|1775887726\n|switch|p2a: Basculegion|Basculegion, L50, M|100/100|[from] Volt Switch\n|move|p1b: Sinistcha|Matcha Gotcha|p2b: Tyranitar|[spread] p2a,p2b\n|-supereffective|p2a: Basculegion|1\n|-supereffective|p2b: Tyranitar|1\n|-damage|p2a: Basculegion|43/100\n|-heal|p1b: Sinistcha|100/100|[from] drain|[of] p2a: Basculegion\n|-damage|p2b: Tyranitar|66/100 brn\n|move|p2b: Tyranitar|Knock Off|p1b: Sinistcha\n|-supereffective|p1b: Sinistcha|1\n|-damage|p1b: Sinistcha|73/100\n|-enditem|p1b: Sinistcha|Sitrus Berry|[from] move: Knock Off|[of] p2b: Tyranitar\n|\n|-weather|Sandstorm|[upkeep]\n|-damage|p2a: Basculegion|37/100|[from] Sandstorm\n|-damage|p1b: Sinistcha|67/100|[from] Sandstorm\n|-damage|p1a: Incineroar|69/100|[from] Sandstorm\n|-damage|p2b: Tyranitar|60/100 brn|[from] brn\n|upkeep\n|turn|3\n|\n|t:|1775887742\n|move|p1a: Incineroar|Fake Out|p2b: Tyranitar\n|-resisted|p2b: Tyranitar|1\n|-damage|p2b: Tyranitar|56/100 brn\n|move|p2a: Basculegion|Flip Turn|p1a: Incineroar\n|-supereffective|p1a: Incineroar|1\n|-damage|p1a: Incineroar|4/100\n|\n|t:|1775887749\n|switch|p2a: Excadrill|Excadrill, L50, M|100/100|[from] Flip Turn\n|move|p1b: Sinistcha|Matcha Gotcha|p2a: Excadrill|[spread] p2a,p2b\n|-supereffective|p2b: Tyranitar|1\n|-damage|p2a: Excadrill|65/100\n|-heal|p1b: Sinistcha|85/100|[from] drain|[of] p2a: Excadrill\n|-damage|p2b: Tyranitar|29/100 brn\n|-heal|p1b: Sinistcha|100/100|[from] drain|[of] p2b: Tyranitar\n|cant|p2b: Tyranitar|flinch\n|\n|-weather|Sandstorm|[upkeep]\n|-damage|p1b: Sinistcha|94/100|[from] Sandstorm\n|-damage|p1a: Incineroar|0 fnt|[from] Sandstorm\n|faint|p1a: Incineroar\n|-damage|p2b: Tyranitar|24/100 brn|[from] brn\n|upkeep\n|\n|t:|1775887766\n|switch|p1a: Rotom|Rotom-Wash, L50|95/100\n|turn|4\n|\n|t:|1775887775\n|move|p2a: Excadrill|Protect|p2a: Excadrill\n|-singleturn|p2a: Excadrill|Protect\n|move|p1a: Rotom|Hydro Pump|p2a: Excadrill\n|-activate|p2a: Excadrill|move: Protect\n|move|p1b: Sinistcha|Matcha Gotcha|p2b: Tyranitar|[spread] p2b\n|-activate|p2a: Excadrill|move: Protect\n|-supereffective|p2b: Tyranitar|1\n|-damage|p2b: Tyranitar|0 fnt\n|-heal|p1b: Sinistcha|100/100|[from] drain|[of] p2b: Tyranitar\n|faint|p2b: Tyranitar\n|\n|-weather|Sandstorm|[upkeep]\n|-damage|p1a: Rotom|89/100|[from] Sandstorm\n|-damage|p1b: Sinistcha|94/100|[from] Sandstorm\n|upkeep\n|inactive|yamzinyobooty has 30 seconds left.\n|inactive|yamzinyobooty has 20 seconds left.\n|inactive|yamzinyobooty has 15 seconds left.\n|\n|t:|1775887819\n|switch|p2b: Rotom|Rotom-Wash, L50, shiny|95/100\n|turn|5\n|\n|t:|1775887837\n|move|p1b: Sinistcha|Protect|p1b: Sinistcha\n|-singleturn|p1b: Sinistcha|Protect\n|move|p2a: Excadrill|Rock Slide|p1a: Rotom|[spread] p1a\n|-activate|p1b: Sinistcha|move: Protect\n|-damage|p1a: Rotom|69/100\n|move|p2b: Rotom|Discharge|p1a: Rotom|[spread] p1a\n|-activate|p1b: Sinistcha|move: Protect\n|-immune|p2a: Excadrill\n|-damage|p1a: Rotom|48/100\n|move|p1a: Rotom|Will-O-Wisp|p2a: Excadrill\n|-status|p2a: Excadrill|brn\n|\n|-weather|none\n|-damage|p2a: Excadrill|59/100 brn|[from] brn\n|upkeep\n|turn|6\n|\n|t:|1775887858\n|switch|p1a: Gardevoir|Gardevoir, L50, M|100/100\n|-ability|p1a: Gardevoir|Sand Rush|Trace|[from] ability: Trace|[of] p2a: Excadrill\n|move|p2a: Excadrill|Rock Slide|p1a: Gardevoir|[spread] p1a\n|-miss|p2a: Excadrill|p1b: Sinistcha\n|-damage|p1a: Gardevoir|89/100\n|move|p2b: Rotom|Discharge|p1a: Gardevoir|[spread] p1a,p1b\n|-immune|p2a: Excadrill\n|-resisted|p1b: Sinistcha|1\n|-damage|p1a: Gardevoir|70/100\n|-damage|p1b: Sinistcha|83/100\n|-status|p1b: Sinistcha|par\n|move|p1b: Sinistcha|Matcha Gotcha|p2a: Excadrill|[spread] p2a,p2b\n|-supereffective|p2b: Rotom|1\n|-damage|p2a: Excadrill|23/100 brn\n|-heal|p1b: Sinistcha|100/100 par|[from] drain|[of] p2a: Excadrill\n|-damage|p2b: Rotom|46/100\n|-enditem|p2b: Rotom|Sitrus Berry|[eat]\n|-heal|p2b: Rotom|71/100|[from] item: Sitrus Berry\n|\n|-damage|p2a: Excadrill|18/100 brn|[from] brn\n|upkeep\n|turn|7\n|\n|t:|1775887873\n|switch|p1b: Rotom|Rotom-Wash, L50|48/100\n|detailschange|p1a: Gardevoir|Gardevoir-Mega, L50, M\n|-mega|p1a: Gardevoir|Gardevoir|Gardevoirite\n|move|p2a: Excadrill|Iron Head|p1a: Gardevoir\n|-supereffective|p1a: Gardevoir|1\n|-damage|p1a: Gardevoir|22/100\n|move|p2b: Rotom|Discharge|p1b: Rotom|[spread] p1a,p1b\n|-immune|p2a: Excadrill\n|-damage|p1a: Gardevoir|6/100\n|-damage|p1b: Rotom|26/100\n|move|p1a: Gardevoir|Hyper Voice|p2b: Rotom|[spread] p2a,p2b\n|-resisted|p2a: Excadrill|1\n|-damage|p2a: Excadrill|0 fnt\n|-damage|p2b: Rotom|25/100\n|faint|p2a: Excadrill\n|\n|upkeep\n|\n|t:|1775887885\n|switch|p2a: Basculegion|Basculegion, L50, M|37/100\n|turn|8\n|inactive|yamzinyobooty has 30 seconds left.\n|\n|t:|1775887921\n|move|p1a: Gardevoir|Protect|p1a: Gardevoir\n|-singleturn|p1a: Gardevoir|Protect\n|move|p2a: Basculegion|Last Respects|p1b: Rotom\n|-damage|p1b: Rotom|0 fnt\n|faint|p1b: Rotom\n|move|p2b: Rotom|Hydro Pump|p1a: Gardevoir\n|-activate|p1a: Gardevoir|move: Protect\n|\n|upkeep\n|\n|t:|1775887925\n|switch|p1b: Sinistcha|Sinistcha-Masterpiece, L50|100/100 par\n|-heal|p1a: Gardevoir|30/100|[from] ability: Hospitality|[of] p1b: Sinistcha\n|turn|9\n|\n|t:|1775887937\n|move|p1b: Sinistcha|Rage Powder|p1b: Sinistcha\n|-singleturn|p1b: Sinistcha|move: Rage Powder\n|move|p2a: Basculegion|Last Respects|p1b: Sinistcha\n|-supereffective|p1b: Sinistcha|1\n|-damage|p1b: Sinistcha|0 fnt\n|faint|p1b: Sinistcha\n|move|p2b: Rotom|Hydro Pump|p1a: Gardevoir\n|-damage|p1a: Gardevoir|0 fnt\n|faint|p1a: Gardevoir\n|\n|win|yamzinyobooty\n|raw|starburst48763's rating: 1195 &rarr; <strong>1166</strong><br />(-29 for losing)\n|raw|yamzinyobooty's rating: 1135 &rarr; <strong>1164</strong><br />(+29 for winning)\n",
  "uploadtime": 1775887938,
  "views": 23,
  "formatid": "gen9championsvgc2026regma",
  "rating": 1164,
  "private": 0,
  "password": null
}