{
  "id": "gen9championsvgc2026regma-2588522748",
  "format": "[Gen 9 Champions] VGC 2026 Reg M-A",
  "players": [
    "06Thomas",
    "patatapsicopata"
  ],
  "log": "|j|\u260606Thomas\n|j|\u2606patatapsicopata\n|t:|1776641356\n|gametype|doubles\n|player|p1|06Thomas|102|1152\n|player|p2|patatapsicopata|1|1173\n|gen|9\n|tier|[Gen 9 Champions] VGC 2026 Reg M-A\n|rated|\n|rule|Species Clause: Limit one of each Pok\u00e9mon\n|rule|Item Clause: Limit 1 of each item\n|clearpoke\n|poke|p1|Sableye, L50, F|\n|poke|p1|Chandelure, L50, F|\n|poke|p1|Rampardos, L50, M|\n|poke|p1|Sneasler, L50, M|\n|poke|p1|Maushold, L50|\n|poke|p1|Tsareena, L50, F|\n|poke|p2|Pelipper, L50, M|\n|poke|p2|Archaludon, L50, F|\n|poke|p2|Basculegion, L50, M|\n|poke|p2|Sneasler, L50, F|\n|poke|p2|Whimsicott, L50, F|\n|poke|p2|Blastoise, L50, F|\n|teampreview|4\n|\n|t:|1776641378\n|teamsize|p1|4\n|teamsize|p2|4\n|start\n|switch|p1a: Sableye|Sableye, L50, F|100/100\n|switch|p1b: Chandelure|Chandelure, L50, F|100/100\n|switch|p2a: Whimsicott|Whimsicott, L50, F|100/100\n|switch|p2b: Blastoise|Blastoise, L50, F|100/100\n|turn|1\n|inactive|Battle timer is ON: inactive players will automatically lose when time's up. (requested by 06Thomas)\n|\n|t:|1776641396\n|detailschange|p2b: Blastoise|Blastoise-Mega, L50, F\n|-mega|p2b: Blastoise|Blastoise|Blastoisinite\n|detailschange|p1b: Chandelure|Chandelure-Mega, L50, F\n|-mega|p1b: Chandelure|Chandelure|Chandelurite\n|move|p1a: Sableye|Fake Out|p2b: Blastoise\n|-crit|p2b: Blastoise\n|-damage|p2b: Blastoise|91/100\n|move|p2a: Whimsicott|Tailwind|p2a: Whimsicott\n|-sidestart|p2: patatapsicopata|move: Tailwind\n|cant|p2b: Blastoise|flinch\n|move|p1b: Chandelure|Heat Wave|p2a: Whimsicott|[spread] p2a,p2b\n|-supereffective|p2a: Whimsicott|1\n|-resisted|p2b: Blastoise|1\n|-damage|p2a: Whimsicott|0 fnt\n|-damage|p2b: Blastoise|71/100\n|faint|p2a: Whimsicott\n|\n|upkeep\n|\n|t:|1776641409\n|switch|p2a: Pelipper|Pelipper, L50, M|100/100\n|-weather|RainDance|[from] ability: Drizzle|[of] p2a: Pelipper\n|turn|2\n|\n|t:|1776641428\n|move|p2a: Pelipper|Helping Hand|p2b: Blastoise\n|-singleturn|p2b: Blastoise|Helping Hand|[of] p2a: Pelipper\n|move|p1a: Sableye|Quash|p2b: Blastoise\n|-activate|p2b: Blastoise|move: Quash\n|move|p1b: Chandelure|Shadow Ball|p2b: Blastoise\n|-damage|p2b: Blastoise|22/100\n|move|p2b: Blastoise|Water Spout|p1b: Chandelure|[spread] p1a,p1b\n|-supereffective|p1b: Chandelure|1\n|-damage|p1a: Sableye|67/100\n|-damage|p1b: Chandelure|36/100\n|\n|-weather|RainDance|[upkeep]\n|upkeep\n|turn|3\n|inactive|patatapsicopata has 30 seconds left.\n|\n|t:|1776641453\n|move|p2b: Blastoise|Protect|p2b: Blastoise\n|-singleturn|p2b: Blastoise|Protect\n|move|p1b: Chandelure|Protect|p1b: Chandelure\n|-singleturn|p1b: Chandelure|Protect\n|move|p1a: Sableye|Encore|p2a: Pelipper\n|-start|p2a: Pelipper|Encore\n|move|p2a: Pelipper|Helping Hand||[still]\n|-fail|p2a: Pelipper\n|\n|-weather|RainDance|[upkeep]\n|upkeep\n|turn|4\n|\n|t:|1776641470\n|switch|p2a: Basculegion|Basculegion, L50, M|100/100\n|move|p1a: Sableye|Encore|p2b: Blastoise\n|-start|p2b: Blastoise|Encore\n|move|p2b: Blastoise|Protect||[still]\n|-fail|p2b: Blastoise\n|move|p1b: Chandelure|Shadow Ball|p2a: Basculegion\n|-supereffective|p2a: Basculegion|1\n|-damage|p2a: Basculegion|0 fnt\n|faint|p2a: Basculegion\n|\n|-weather|RainDance|[upkeep]\n|-sideend|p2: patatapsicopata|move: Tailwind\n|upkeep\n|\n|t:|1776641473\n|switch|p2a: Pelipper|Pelipper, L50, M|100/100\n|turn|5\n|\n|t:|1776641491\n|move|p2b: Blastoise|Protect|p2b: Blastoise\n|-singleturn|p2b: Blastoise|Protect\n|move|p1a: Sableye|Quash|p2a: Pelipper\n|-activate|p2a: Pelipper|move: Quash\n|move|p1b: Chandelure|Shadow Ball|p2a: Pelipper\n|-damage|p2a: Pelipper|4/100\n|move|p2a: Pelipper|Hurricane|p1b: Chandelure\n|-damage|p1b: Chandelure|0 fnt\n|faint|p1b: Chandelure\n|\n|-weather|RainDance|[upkeep]\n|upkeep\n|\n|t:|1776641504\n|switch|p1b: Sneasler|Sneasler, L50, M|100/100\n|turn|6\n|\n|t:|1776641520\n|move|p2b: Blastoise|Protect||[still]\n|-fail|p2b: Blastoise\n|move|p1b: Sneasler|Fake Out|p2a: Pelipper\n|-crit|p2a: Pelipper\n|-damage|p2a: Pelipper|0 fnt\n|faint|p2a: Pelipper\n|move|p1a: Sableye|Quash||[still]\n|-fail|p1a: Sableye\n|\n|-weather|none\n|-end|p2b: Blastoise|Encore\n|upkeep\n|turn|7\n|l|\u2606patatapsicopata\n|inactive|patatapsicopata disconnected and has a minute to reconnect!\n|player|p2|\n|inactive|patatapsicopata has 30 seconds left.\n|inactive|patatapsicopata has 20 seconds left.\n|inactive|patatapsicopata has 15 seconds left.\n|inactive|patatapsicopata has 10 seconds left.\n|inactive|patatapsicopata has 5 seconds left.\n|-message|patatapsicopata lost due to inactivity.\n|\n|win|06Thomas\n|raw|06Thomas's rating: 1152 &rarr; <strong>1179</strong><br />(+27 for winning)\n|raw|patatapsicopata's rating: 1173 &rarr; <strong>1146</strong><br />(-27 for losing)\n",
  "uploadtime": 1776641578,
  "views": 20,
  "formatid": "gen9championsvgc2026regma",
  "rating": 1146,
  "private": 0,
  "password": null
}