{
  "id": "gen9championsvgc2026regma-2584411556",
  "format": "[Gen 9 Champions] VGC 2026 Reg M-A",
  "players": [
    "ghyghhhg",
    "Cubh"
  ],
  "log": "|j|\u2606ghyghhhg\n|j|\u203dCubh\n|t:|1776258967\n|gametype|doubles\n|player|p1|ghyghhhg|cowgirl|1045\n|player|p2|Cubh|blue|1048\n|gen|9\n|tier|[Gen 9 Champions] VGC 2026 Reg M-A\n|rated|\n|rule|Species Clause: Limit one of each Pok\u00e9mon\n|rule|Item Clause: Limit 1 of each item\n|clearpoke\n|poke|p1|Sneasler, L50, F|\n|poke|p1|Kingambit, L50, M|\n|poke|p1|Clefable, L50, M|\n|poke|p1|Delphox, L50, M|\n|poke|p1|Dragonite, L50, F|\n|poke|p1|Basculegion, L50, M|\n|poke|p2|Kangaskhan, L50, F|\n|poke|p2|Incineroar, L50, M|\n|poke|p2|Sinistcha, L50|\n|poke|p2|Volcarona, L50, F|\n|poke|p2|Kommo-o, L50, M|\n|poke|p2|Milotic, L50, F|\n|teampreview|4\n|inactive|Battle timer is ON: inactive players will automatically lose when time's up. (requested by ghyghhhg)\n|inactive|ghyghhhg has 60 seconds left.\n|inactive|Cubh has 60 seconds left.\n|inactive|ghyghhhg has 30 seconds left.\n|inactive|ghyghhhg has 20 seconds left.\n|inactive|ghyghhhg has 15 seconds left.\n|inactive|ghyghhhg has 10 seconds left.\n|\n|t:|1776259053\n|teamsize|p1|4\n|teamsize|p2|4\n|start\n|switch|p1a: Kingambit|Kingambit, L50, M|100/100\n|switch|p1b: Basculegion|Basculegion, L50, M|100/100\n|switch|p2a: Kangaskhan|Kangaskhan, L50, F|100/100\n|switch|p2b: Volcarona|Volcarona, L50, F|100/100\n|turn|1\n|inactive|ghyghhhg has 30 seconds left.\n|inactive|Cubh has 30 seconds left.\n|inactive|ghyghhhg has 20 seconds left.\n|inactive|Cubh has 20 seconds left.\n|inactive|ghyghhhg has 15 seconds left.\n|inactive|ghyghhhg has 10 seconds left.\n|\n|t:|1776259102\n|detailschange|p2a: Kangaskhan|Kangaskhan-Mega, L50, F\n|-mega|p2a: Kangaskhan|Kangaskhan|Kangaskhanite\n|move|p2a: Kangaskhan|Sucker Punch|p1b: Basculegion\n|-supereffective|p1b: Basculegion|1\n|-damage|p1b: Basculegion|39/100\n|-supereffective|p1b: Basculegion|1\n|-damage|p1b: Basculegion|23/100\n|-hitcount|p1b: Basculegion|2\n|move|p1b: Basculegion|Wave Crash|p2b: Volcarona\n|-supereffective|p2b: Volcarona|1\n|-damage|p2b: Volcarona|0 fnt\n|-status|p1b: Basculegion|brn|[from] ability: Flame Body|[of] p2b: Volcarona\n|faint|p2b: Volcarona\n|-damage|p1b: Basculegion|0 fnt|[from] Recoil\n|faint|p1b: Basculegion\n|move|p1a: Kingambit|Swords Dance|p1a: Kingambit\n|-boost|p1a: Kingambit|atk|2\n|\n|upkeep\n|inactive|ghyghhhg has 30 seconds left.\n|\n|t:|1776259133\n|switch|p2b: Kommo-o|Kommo-o, L50, M|100/100\n|switch|p1b: Sneasler|Sneasler, L50, F|100/100\n|turn|2\n|inactive|ghyghhhg has 30 seconds left.\n|\n|t:|1776259159\n|move|p2a: Kangaskhan|Protect|p2a: Kangaskhan\n|-singleturn|p2a: Kangaskhan|Protect\n|move|p1b: Sneasler|Fake Out|p2b: Kommo-o\n|-damage|p2b: Kommo-o|88/100\n|move|p1a: Kingambit|Sucker Punch||[still]\n|-fail|p1a: Kingambit\n|cant|p2b: Kommo-o|flinch\n|\n|-heal|p2b: Kommo-o|94/100|[from] item: Leftovers\n|upkeep\n|turn|3\n|inactive|ghyghhhg has 30 seconds left.\n|inactive|ghyghhhg has 20 seconds left.\n|inactive|ghyghhhg has 15 seconds left.\n|\n|t:|1776259202\n|switch|p2a: Sinistcha|Sinistcha, L50|100/100\n|-heal|p2b: Kommo-o|100/100|[from] ability: Hospitality|[of] p2a: Sinistcha\n|move|p1a: Kingambit|Sucker Punch||[still]\n|-fail|p1a: Kingambit\n|move|p1b: Sneasler|Dire Claw|p2b: Kommo-o\n|-damage|p2b: Kommo-o|64/100\n|move|p2b: Kommo-o|Clangorous Soul|p2b: Kommo-o\n|-boost|p2b: Kommo-o|atk|1\n|-boost|p2b: Kommo-o|def|1\n|-boost|p2b: Kommo-o|spa|1\n|-boost|p2b: Kommo-o|spd|1\n|-boost|p2b: Kommo-o|spe|1\n|-damage|p2b: Kommo-o|31/100\n|\n|-heal|p2b: Kommo-o|37/100|[from] item: Leftovers\n|upkeep\n|turn|4\n|\n|t:|1776259225\n|move|p2a: Sinistcha|Rage Powder|p2a: Sinistcha\n|-singleturn|p2a: Sinistcha|move: Rage Powder\n|move|p1b: Sneasler|Dire Claw|p2a: Sinistcha\n|-crit|p2a: Sinistcha\n|-damage|p2a: Sinistcha|44/100\n|-enditem|p2a: Sinistcha|Sitrus Berry|[eat]\n|-heal|p2a: Sinistcha|69/100|[from] item: Sitrus Berry\n|move|p2b: Kommo-o|Aura Sphere|p1a: Kingambit\n|-supereffective|p1a: Kingambit|2\n|-damage|p1a: Kingambit|0 fnt\n|faint|p1a: Kingambit\n|\n|-heal|p2b: Kommo-o|43/100|[from] item: Leftovers\n|upkeep\n|\n|t:|1776259239\n|switch|p1a: Delphox|Delphox, L50, M|100/100\n|turn|5\n|\n|t:|1776259250\n|detailschange|p1a: Delphox|Delphox-Mega, L50, M\n|-mega|p1a: Delphox|Delphox|Delphoxite\n|move|p2b: Kommo-o|Protect|p2b: Kommo-o\n|-singleturn|p2b: Kommo-o|Protect\n|move|p1a: Delphox|Psychic|p2b: Kommo-o\n|-activate|p2b: Kommo-o|move: Protect\n|move|p1b: Sneasler|Dire Claw|p2a: Sinistcha\n|-damage|p2a: Sinistcha|31/100\n|move|p2a: Sinistcha|Life Dew|p2a: Sinistcha|[spread] p2a,p2b\n|-heal|p2a: Sinistcha|57/100\n|-heal|p2b: Kommo-o|68/100\n|\n|-heal|p2b: Kommo-o|74/100|[from] item: Leftovers\n|upkeep\n|turn|6\n|-message|ghyghhhg forfeited.\n|\n|win|Cubh\n|raw|ghyghhhg's rating: 1045 &rarr; <strong>1028</strong><br />(-17 for losing)\n|raw|Cubh's rating: 1048 &rarr; <strong>1081</strong><br />(+33 for winning)\n|l|\u2606ghyghhhg\n|player|p1|\n",
  "uploadtime": 1776259271,
  "views": 20,
  "formatid": "gen9championsvgc2026regma",
  "rating": 1028,
  "private": 0,
  "password": null
}