{
  "id": "gen9championsvgc2026regma-2587276139",
  "format": "[Gen 9 Champions] VGC 2026 Reg M-A",
  "players": [
    "JositoPkm",
    "soulo333"
  ],
  "log": "|j|\u2606JositoPkm\n|j|\u2606soulo333\n|t:|1776517362\n|gametype|doubles\n|player|p1|JositoPkm|benga|1289\n|player|p2|soulo333|102|1342\n|gen|9\n|tier|[Gen 9 Champions] VGC 2026 Reg M-A\n|rated|\n|rule|Species Clause: Limit one of each Pok\u00e9mon\n|rule|Item Clause: Limit 1 of each item\n|clearpoke\n|poke|p1|Charizard, L50, F|\n|poke|p1|Garganacl, L50, M|\n|poke|p1|Dragapult, L50, F|\n|poke|p1|Garchomp, L50, M|\n|poke|p1|Kingambit, L50, F|\n|poke|p1|Rotom-Wash, L50|\n|poke|p2|Charizard, L50, M|\n|poke|p2|Sneasler, L50, M|\n|poke|p2|Sinistcha, L50|\n|poke|p2|Incineroar, L50, M|\n|poke|p2|Milotic, L50, F|\n|poke|p2|Tyranitar, L50, M|\n|teampreview|4\n|\n|t:|1776517388\n|teamsize|p1|4\n|teamsize|p2|4\n|start\n|switch|p1a: Rotom|Rotom-Wash, L50|100/100\n|switch|p1b: Garchomp|Garchomp, L50, M|100/100\n|switch|p2a: Milotic|Milotic, L50, F|100/100\n|switch|p2b: Sneasler|Sneasler, L50, M|100/100\n|turn|1\n|\n|t:|1776517403\n|move|p1b: Garchomp|Earthquake|p2b: Sneasler|[spread] p2a,p2b\n|-immune|p1a: Rotom|[from] ability: Levitate\n|-supereffective|p2b: Sneasler|1\n|-damage|p2a: Milotic|57/100\n|-enditem|p2b: Sneasler|Focus Sash\n|-damage|p2b: Sneasler|1/100\n|move|p2b: Sneasler|Dire Claw|p1a: Rotom\n|-damage|p1a: Rotom|62/100\n|-status|p1a: Rotom|slp\n|move|p2a: Milotic|Icy Wind|p1b: Garchomp|[spread] p1a,p1b\n|-resisted|p1a: Rotom|1\n|-supereffective|p1b: Garchomp|2\n|-damage|p1a: Rotom|58/100 slp\n|-damage|p1b: Garchomp|57/100\n|-unboost|p1a: Rotom|spe|1\n|-unboost|p1b: Garchomp|spe|1\n|cant|p1a: Rotom|slp\n|\n|-heal|p2a: Milotic|63/100|[from] item: Leftovers\n|upkeep\n|turn|2\n|\n|t:|1776517424\n|switch|p2a: Charizard|Charizard, L50, M|100/100\n|move|p2b: Sneasler|Coaching|p2a: Charizard\n|-boost|p2a: Charizard|atk|1\n|-boost|p2a: Charizard|def|1\n|move|p1b: Garchomp|Earthquake|p2b: Sneasler|[spread] p2b\n|-immune|p1a: Rotom|[from] ability: Levitate\n|-immune|p2a: Charizard\n|-supereffective|p2b: Sneasler|1\n|-damage|p2b: Sneasler|0 fnt\n|faint|p2b: Sneasler\n|cant|p1a: Rotom|slp\n|\n|upkeep\n|\n|t:|1776517429\n|switch|p2b: Incineroar|Incineroar, L50, M|100/100\n|-ability|p2b: Incineroar|Intimidate|boost\n|-unboost|p1a: Rotom|atk|1\n|-unboost|p1b: Garchomp|atk|1\n|turn|3\n|\n|t:|1776517437\n|switch|p1b: Charizard|Charizard, L50, F|100/100\n|move|p2b: Incineroar|Fake Out|p1a: Rotom\n|-damage|p1a: Rotom|46/100 slp\n|-enditem|p1a: Rotom|Sitrus Berry|[eat]\n|-heal|p1a: Rotom|71/100 slp|[from] item: Sitrus Berry\n|move|p2a: Charizard|Dragon Dance|p2a: Charizard\n|-boost|p2a: Charizard|atk|1\n|-boost|p2a: Charizard|spe|1\n|-curestatus|p1a: Rotom|slp|[msg]\n|cant|p1a: Rotom|flinch\n|\n|upkeep\n|turn|4\n|\n|t:|1776517461\n|detailschange|p2a: Charizard|Charizard-Mega-X, L50, M\n|-mega|p2a: Charizard|Charizard|Charizardite X\n|detailschange|p1b: Charizard|Charizard-Mega-Y, L50, F\n|-mega|p1b: Charizard|Charizard|Charizardite Y\n|-weather|SunnyDay|[from] ability: Drought|[of] p1b: Charizard\n|move|p2a: Charizard|Dragon Claw|p1a: Rotom\n|-damage|p1a: Rotom|0 fnt\n|faint|p1a: Rotom\n|move|p1b: Charizard|Ancient Power|p2a: Charizard\n|-supereffective|p2a: Charizard|1\n|-damage|p2a: Charizard|45/100\n|move|p2b: Incineroar|Parting Shot|p1b: Charizard\n|-unboost|p1b: Charizard|atk|1\n|-unboost|p1b: Charizard|spa|1\n|\n|t:|1776517472\n|switch|p2b: Milotic|Milotic, L50, F|63/100|[from] Parting Shot\n|\n|-weather|SunnyDay|[upkeep]\n|-heal|p2b: Milotic|69/100|[from] item: Leftovers\n|upkeep\n|\n|t:|1776517485\n|switch|p1a: Kingambit|Kingambit, L50, F|100/100\n|turn|5\n|\n|t:|1776517520\n|move|p1a: Kingambit|Sucker Punch|p2a: Charizard\n|-damage|p2a: Charizard|18/100\n|move|p2a: Charizard|Flare Blitz|p1a: Kingambit\n|-supereffective|p1a: Kingambit|1\n|-damage|p1a: Kingambit|0 fnt\n|faint|p1a: Kingambit\n|-damage|p2a: Charizard|0 fnt|[from] Recoil\n|faint|p2a: Charizard\n|move|p1b: Charizard|Ancient Power|p2b: Milotic\n|-damage|p2b: Milotic|58/100\n|move|p2b: Milotic|Scald|p1b: Charizard\n|-supereffective|p1b: Charizard|1\n|-crit|p1b: Charizard\n|-damage|p1b: Charizard|57/100\n|\n|-weather|SunnyDay|[upkeep]\n|-heal|p2b: Milotic|64/100|[from] item: Leftovers\n|upkeep\n|\n|t:|1776517530\n|switch|p2a: Incineroar|Incineroar, L50, M|100/100\n|switch|p1a: Garchomp|Garchomp, L50, M|57/100\n|-ability|p2a: Incineroar|Intimidate|boost\n|-unboost|p1a: Garchomp|atk|1\n|-unboost|p1b: Charizard|atk|1\n|turn|6\n|\n|t:|1776517545\n|move|p1b: Charizard|Protect|p1b: Charizard\n|-singleturn|p1b: Charizard|Protect\n|move|p2a: Incineroar|Fake Out|p1a: Garchomp\n|-damage|p1a: Garchomp|46/100\n|-damage|p2a: Incineroar|88/100|[from] ability: Rough Skin|[of] p1a: Garchomp\n|cant|p1a: Garchomp|flinch\n|move|p2b: Milotic|Icy Wind|p1b: Charizard|[spread] \n|-activate|p1b: Charizard|move: Protect\n|-miss|p2b: Milotic|p1a: Garchomp\n|\n|-weather|SunnyDay|[upkeep]\n|-heal|p2b: Milotic|70/100|[from] item: Leftovers\n|upkeep\n|turn|7\n|inactive|Battle timer is ON: inactive players will automatically lose when time's up. (requested by JositoPkm)\n|\n|t:|1776517596\n|move|p1a: Garchomp|Stomping Tantrum|p2a: Incineroar\n|-supereffective|p2a: Incineroar|1\n|-damage|p2a: Incineroar|0 fnt\n|faint|p2a: Incineroar\n|move|p1b: Charizard|Solar Beam||[still]\n|-prepare|p1b: Charizard|Solar Beam\n|-anim|p1b: Charizard|Solar Beam|p2b: Milotic\n|-supereffective|p2b: Milotic|1\n|-damage|p2b: Milotic|27/100\n|move|p2b: Milotic|Icy Wind|p1a: Garchomp|[spread] p1a,p1b\n|-supereffective|p1a: Garchomp|2\n|-crit|p1b: Charizard\n|-damage|p1a: Garchomp|8/100\n|-damage|p1b: Charizard|43/100\n|-unboost|p1a: Garchomp|spe|1\n|-unboost|p1b: Charizard|spe|1\n|\n|-weather|SunnyDay|[upkeep]\n|-heal|p2b: Milotic|33/100|[from] item: Leftovers\n|upkeep\n|turn|8\n|\n|t:|1776517610\n|move|p2b: Milotic|Protect|p2b: Milotic\n|-singleturn|p2b: Milotic|Protect\n|move|p1a: Garchomp|Stomping Tantrum|p2b: Milotic\n|-activate|p2b: Milotic|move: Protect\n|move|p1b: Charizard|Solar Beam||[still]\n|-prepare|p1b: Charizard|Solar Beam\n|-anim|p1b: Charizard|Solar Beam|p2b: Milotic\n|-activate|p2b: Milotic|move: Protect\n|\n|-weather|none\n|-heal|p2b: Milotic|39/100|[from] item: Leftovers\n|upkeep\n|turn|9\n|\n|t:|1776517623\n|move|p1a: Garchomp|Stomping Tantrum|p2b: Milotic\n|-damage|p2b: Milotic|9/100\n|move|p2b: Milotic|Icy Wind|p1a: Garchomp|[spread] p1a,p1b\n|-supereffective|p1a: Garchomp|2\n|-damage|p1a: Garchomp|0 fnt\n|-damage|p1b: Charizard|33/100\n|-unboost|p1b: Charizard|spe|1\n|faint|p1a: Garchomp\n|move|p1b: Charizard|Ancient Power|p2b: Milotic\n|-damage|p2b: Milotic|0 fnt\n|faint|p2b: Milotic\n|\n|win|JositoPkm\n|raw|JositoPkm's rating: 1289 &rarr; <strong>1318</strong><br />(+29 for winning)\n|raw|soulo333's rating: 1342 &rarr; <strong>1319</strong><br />(-23 for losing)\n",
  "uploadtime": 1776517624,
  "views": 23,
  "formatid": "gen9championsvgc2026regma",
  "rating": 1318,
  "private": 0,
  "password": null
}