{
  "id": "gen9championsvgc2026regma-2581341431",
  "format": "[Gen 9 Champions] VGC 2026 Reg M-A",
  "players": [
    "nusocs-m",
    "syshj"
  ],
  "log": "|j|\u2606nusocs-m\n|j|\u2606syshj\n|t:|1775989082\n|gametype|doubles\n|player|p1|nusocs-m|unknown|1234\n|player|p2|syshj|dawn|1295\n|gen|9\n|tier|[Gen 9 Champions] VGC 2026 Reg M-A\n|rated|\n|rule|Species Clause: Limit one of each Pok\u00e9mon\n|rule|Item Clause: Limit 1 of each item\n|clearpoke\n|poke|p1|Charizard, L50, M|\n|poke|p1|Aerodactyl, L50, M|\n|poke|p1|Garchomp, L50, F|\n|poke|p1|Glimmora, L50, F|\n|poke|p1|Incineroar, L50, F|\n|poke|p1|Venusaur, L50, M|\n|poke|p2|Delphox, L50, F|\n|poke|p2|Whimsicott, L50, M|\n|poke|p2|Basculegion-F, L50, F|\n|poke|p2|Kingambit, L50, F|\n|poke|p2|Rotom-Wash, L50|\n|poke|p2|Garchomp, L50, F|\n|teampreview|4\n|l|\u2606syshj\n|player|p2|\n|j|\u2606syshj\n|player|p2|syshj|dawn|\n|\n|t:|1775989142\n|teamsize|p1|4\n|teamsize|p2|4\n|start\n|switch|p1a: Charizard|Charizard, L50, M|100/100\n|switch|p1b: Venusaur|Venusaur, L50, M|100/100\n|switch|p2a: Whimsicott|Whimsicott, L50, M|100/100\n|switch|p2b: Basculegion|Basculegion-F, L50, F|100/100\n|turn|1\n|\n|t:|1775989178\n|detailschange|p1a: Charizard|Charizard-Mega-Y, L50, M\n|-mega|p1a: Charizard|Charizard|Charizardite Y\n|-weather|SunnyDay|[from] ability: Drought|[of] p1a: Charizard\n|move|p1a: Charizard|Protect|p1a: Charizard\n|-singleturn|p1a: Charizard|Protect\n|move|p2a: Whimsicott|Tailwind|p2a: Whimsicott\n|-sidestart|p2: syshj|move: Tailwind\n|move|p2b: Basculegion|Ice Beam|p1b: Venusaur\n|-supereffective|p1b: Venusaur|1\n|-damage|p1b: Venusaur|38/100\n|move|p1b: Venusaur|Leaf Storm|p2b: Basculegion|[miss]\n|-miss|p1b: Venusaur|p2b: Basculegion\n|\n|-weather|SunnyDay|[upkeep]\n|-heal|p1b: Venusaur|44/100|[from] item: Leftovers\n|upkeep\n|turn|2\n|\n|t:|1775989215\n|switch|p2a: Garchomp|Garchomp, L50, F|100/100\n|move|p2b: Basculegion|Ice Beam|p1b: Venusaur\n|-supereffective|p1b: Venusaur|1\n|-damage|p1b: Venusaur|0 fnt\n|faint|p1b: Venusaur\n|move|p1a: Charizard|Heat Wave|p2a: Garchomp|[spread] p2a,p2b\n|-resisted|p2a: Garchomp|1\n|-resisted|p2b: Basculegion|1\n|-damage|p2a: Garchomp|71/100\n|-damage|p2b: Basculegion|61/100\n|\n|-weather|SunnyDay|[upkeep]\n|upkeep\n|\n|t:|1775989226\n|switch|p1b: Incineroar|Incineroar, L50, F|100/100\n|-ability|p1b: Incineroar|Intimidate|boost\n|-unboost|p2a: Garchomp|atk|1\n|-unboost|p2b: Basculegion|atk|1\n|turn|3\n|\n|t:|1775989240\n|switch|p2b: Whimsicott|Whimsicott, L50, M|100/100\n|move|p2a: Garchomp|Protect|p2a: Garchomp\n|-singleturn|p2a: Garchomp|Protect\n|move|p1a: Charizard|Protect|p1a: Charizard\n|-singleturn|p1a: Charizard|Protect\n|move|p1b: Incineroar|Fake Out|p2a: Garchomp\n|-activate|p2a: Garchomp|move: Protect\n|\n|-weather|SunnyDay|[upkeep]\n|upkeep\n|turn|4\n|\n|t:|1775989270\n|switch|p1a: Garchomp|Garchomp, L50, F|100/100\n|move|p2b: Whimsicott|Protect|p2b: Whimsicott\n|-singleturn|p2b: Whimsicott|Protect\n|move|p2a: Garchomp|Rock Slide|p1b: Incineroar|[spread] p1a,p1b\n|-resisted|p1a: Garchomp|1\n|-supereffective|p1b: Incineroar|1\n|-damage|p1a: Garchomp|94/100\n|-damage|p1b: Incineroar|79/100\n|move|p1b: Incineroar|Flare Blitz|p2b: Whimsicott\n|-activate|p2b: Whimsicott|move: Protect\n|\n|-weather|SunnyDay|[upkeep]\n|-sideend|p2: syshj|move: Tailwind\n|upkeep\n|turn|5\n|\n|t:|1775989286\n|move|p2b: Whimsicott|Moonblast|p1a: Garchomp\n|-supereffective|p1a: Garchomp|1\n|-damage|p1a: Garchomp|32/100\n|-unboost|p1a: Garchomp|spa|1\n|-enditem|p1a: Garchomp|Sitrus Berry|[eat]\n|-heal|p1a: Garchomp|57/100|[from] item: Sitrus Berry\n|move|p1a: Garchomp|Dragon Claw|p2a: Garchomp\n|-supereffective|p2a: Garchomp|1\n|-damage|p2a: Garchomp|0 fnt\n|-damage|p1a: Garchomp|45/100|[from] ability: Rough Skin|[of] p2a: Garchomp\n|faint|p2a: Garchomp\n|move|p1b: Incineroar|Flare Blitz|p2b: Whimsicott\n|-supereffective|p2b: Whimsicott|1\n|-damage|p2b: Whimsicott|0 fnt\n|faint|p2b: Whimsicott\n|-damage|p1b: Incineroar|51/100|[from] Recoil\n|\n|-weather|none\n|upkeep\n|\n|t:|1775989296\n|switch|p2b: Delphox|Delphox, L50, F|100/100\n|switch|p2a: Basculegion|Basculegion-F, L50, F|61/100\n|turn|6\n|\n|t:|1775989314\n|switch|p1b: Charizard|Charizard-Mega-Y, L50, M|100/100\n|-weather|SunnyDay|[from] ability: Drought|[of] p1b: Charizard\n|detailschange|p2b: Delphox|Delphox-Mega, L50, F\n|-mega|p2b: Delphox|Delphox|Delphoxite\n|move|p2a: Basculegion|Muddy Water|p1b: Charizard|[spread] p1a\n|-miss|p2a: Basculegion|p1b: Charizard\n|-damage|p1a: Garchomp|24/100\n|move|p2b: Delphox|Heat Wave|p1b: Charizard|[spread] p1a,p1b\n|-resisted|p1a: Garchomp|1\n|-resisted|p1b: Charizard|1\n|-damage|p1a: Garchomp|0 fnt\n|-damage|p1b: Charizard|72/100\n|faint|p1a: Garchomp\n|\n|-weather|SunnyDay|[upkeep]\n|upkeep\n|\n|t:|1775989325\n|switch|p1a: Incineroar|Incineroar, L50, F|51/100\n|-ability|p1a: Incineroar|Intimidate|boost\n|-unboost|p2a: Basculegion|atk|1\n|-unboost|p2b: Delphox|atk|1\n|turn|7\n|\n|t:|1775989345\n|move|p1a: Incineroar|Fake Out|p2b: Delphox\n|-damage|p2b: Delphox|87/100\n|move|p2a: Basculegion|Muddy Water|p1a: Incineroar|[spread] p1a,p1b\n|-supereffective|p1a: Incineroar|1\n|-supereffective|p1b: Charizard|1\n|-damage|p1a: Incineroar|24/100\n|-damage|p1b: Charizard|33/100\n|-unboost|p1b: Charizard|accuracy|1\n|cant|p2b: Delphox|flinch\n|move|p1b: Charizard|Solar Beam||[still]\n|-prepare|p1b: Charizard|Solar Beam\n|-anim|p1b: Charizard|Solar Beam|p2a: Basculegion\n|-supereffective|p2a: Basculegion|1\n|-damage|p2a: Basculegion|0 fnt\n|faint|p2a: Basculegion\n|\n|-weather|SunnyDay|[upkeep]\n|upkeep\n|turn|8\n|\n|t:|1775989372\n|move|p2b: Delphox|Heat Wave|p1b: Charizard|[spread] p1a,p1b\n|-resisted|p1a: Incineroar|1\n|-crit|p1a: Incineroar\n|-resisted|p1b: Charizard|1\n|-damage|p1a: Incineroar|0 fnt\n|-damage|p1b: Charizard|6/100\n|faint|p1a: Incineroar\n|move|p1b: Charizard|Heat Wave|p2b: Delphox\n|-resisted|p2b: Delphox|1\n|-damage|p2b: Delphox|46/100\n|\n|-weather|SunnyDay|[upkeep]\n|upkeep\n|turn|9\n|\n|t:|1775989386\n|move|p2b: Delphox|Psychic|p1b: Charizard\n|-damage|p1b: Charizard|0 fnt\n|faint|p1b: Charizard\n|\n|win|syshj\n|raw|nusocs-m's rating: 1234 &rarr; <strong>1213</strong><br />(-21 for losing)\n|raw|syshj's rating: 1295 &rarr; <strong>1316</strong><br />(+21 for winning)\n|l|\u2606nusocs-m\n|player|p1|\n",
  "uploadtime": 1775989395,
  "views": 28,
  "formatid": "gen9championsvgc2026regma",
  "rating": 1213,
  "private": 0,
  "password": null
}