{
  "id": "gen9championsvgc2026regma-2586475264",
  "format": "[Gen 9 Champions] VGC 2026 Reg M-A",
  "players": [
    "Alt-tistic",
    "volt8437"
  ],
  "log": "|j|\u2606Alt-tistic\n|j|\u2606volt8437\n|t:|1776437238\n|gametype|doubles\n|player|p1|Alt-tistic|170|1032\n|player|p2|volt8437|2|1114\n|gen|9\n|tier|[Gen 9 Champions] VGC 2026 Reg M-A\n|rated|\n|rule|Species Clause: Limit one of each Pok\u00e9mon\n|rule|Item Clause: Limit 1 of each item\n|clearpoke\n|poke|p1|Gengar, L50, M|\n|poke|p1|Kommo-o, L50, M|\n|poke|p1|Incineroar, L50, M|\n|poke|p1|Weavile, L50, M|\n|poke|p1|Raichu, L50, M|\n|poke|p1|Kangaskhan, L50, F|\n|poke|p2|Gengar, L50, F|\n|poke|p2|Incineroar, L50, M|\n|poke|p2|Whimsicott, L50, F|\n|poke|p2|Floette-Eternal, L50, F|\n|poke|p2|Orthworm, L50, F|\n|poke|p2|Sneasler, L50, M|\n|teampreview|4\nvolt8437 rejected open team sheets.\n|inactive|Battle timer is ON: inactive players will automatically lose when time's up. (requested by volt8437)\n|\n|t:|1776437266\n|teamsize|p1|4\n|teamsize|p2|4\n|start\n|switch|p1a: Gengar|Gengar, L50, M, shiny|100/100\n|switch|p1b: Weavile|Weavile, L50, M, shiny|100/100\n|switch|p2a: Gengar|Gengar, L50, F|100/100\n|switch|p2b: Incineroar|Incineroar, L50, M|100/100\n|-ability|p2b: Incineroar|Intimidate|boost\n|-unboost|p1a: Gengar|atk|1\n|-unboost|p1b: Weavile|atk|1\n|turn|1\n|inactive|Alt-tistic has 30 seconds left.\n|\n|t:|1776437299\n|switch|p1a: Incineroar|Incineroar, L50, M, shiny|100/100\n|-ability|p1a: Incineroar|Intimidate|boost\n|-unboost|p2a: Gengar|atk|1\n|-unboost|p2b: Incineroar|atk|1\n|detailschange|p2a: Gengar|Gengar-Mega, L50, F\n|-mega|p2a: Gengar|Gengar|Gengarite\n|move|p1b: Weavile|Protect|p1b: Weavile\n|-singleturn|p1b: Weavile|Protect\n|move|p2b: Incineroar|Fake Out|p1b: Weavile\n|-activate|p1b: Weavile|move: Protect\n|move|p2a: Gengar|Perish Song|p2a: Gengar\n|-start|p1a: Incineroar|perish3|[silent]\n|-start|p1b: Weavile|perish3|[silent]\n|-start|p2a: Gengar|perish3|[silent]\n|-start|p2b: Incineroar|perish3|[silent]\n|-fieldactivate|move: Perish Song\n|\n|-start|p1b: Weavile|perish3\n|-start|p2a: Gengar|perish3\n|-start|p2b: Incineroar|perish3\n|-start|p1a: Incineroar|perish3\n|upkeep\n|turn|2\n|inactive|Alt-tistic has 30 seconds left.\n|\n|t:|1776437326\n|switch|p2a: Whimsicott|Whimsicott, L50, F|100/100\n|move|p1b: Weavile|Protect||[still]\n|-fail|p1b: Weavile\n|move|p1a: Incineroar|Parting Shot|p2b: Incineroar\n|-unboost|p2b: Incineroar|atk|1\n|-unboost|p2b: Incineroar|spa|1\n|\n|t:|1776437333\n|switch|p1a: Gengar|Gengar, L50, M, shiny|100/100|[from] Parting Shot\n|move|p2b: Incineroar|Parting Shot|p1b: Weavile\n|-unboost|p1b: Weavile|atk|1\n|-unboost|p1b: Weavile|spa|1\n|\n|t:|1776437339\n|switch|p2b: Gengar|Gengar-Mega, L50, F|100/100|[from] Parting Shot\n|\n|-start|p1b: Weavile|perish2\n|upkeep\n|turn|3\n|inactive|Alt-tistic has 30 seconds left.\n|inactive|Alt-tistic has 20 seconds left.\n|\n|t:|1776437379\n|switch|p1a: Incineroar|Incineroar, L50, M, shiny|100/100\n|-ability|p1a: Incineroar|Intimidate|boost\n|-unboost|p2a: Whimsicott|atk|1\n|-unboost|p2b: Gengar|atk|1\n|move|p2a: Whimsicott|Tailwind|p2a: Whimsicott\n|-sidestart|p2: volt8437|move: Tailwind\n|move|p2b: Gengar|Shadow Ball|p1a: Incineroar\n|-resisted|p1a: Incineroar|1\n|-crit|p1a: Incineroar\n|-damage|p1a: Incineroar|69/100\n|move|p1b: Weavile|Throat Chop|p2b: Gengar\n|-supereffective|p2b: Gengar|1\n|-damage|p2b: Gengar|57/100\n|-start|p2b: Gengar|Throat Chop|[silent]\n|\n|-start|p1b: Weavile|perish1\n|upkeep\n|turn|4\n|inactive|Alt-tistic has 30 seconds left.\n|inactive|volt8437 has 30 seconds left.\n|inactive|Alt-tistic has 20 seconds left.\n|\n|t:|1776437418\n|move|p2b: Gengar|Protect|p2b: Gengar\n|-singleturn|p2b: Gengar|Protect\n|move|p1a: Incineroar|Fake Out|p2a: Whimsicott\n|-damage|p2a: Whimsicott|90/100\n|cant|p2a: Whimsicott|flinch\n|move|p1b: Weavile|Ice Spinner|p2a: Whimsicott\n|-supereffective|p2a: Whimsicott|1\n|-damage|p2a: Whimsicott|51/100\n|\n|-end|p2b: Gengar|Throat Chop|[silent]\n|-start|p1b: Weavile|perish0\n|faint|p1b: Weavile\n|upkeep\n|\n|t:|1776437436\n|switch|p1b: Gengar|Gengar, L50, M, shiny|100/100\n|turn|5\n|\n|t:|1776437450\n|detailschange|p1b: Gengar|Gengar-Mega, L50, M, shiny\n|-mega|p1b: Gengar|Gengar|Gengarite\n|move|p2a: Whimsicott|Encore|p1a: Incineroar\n|-hint|Since gen 7, Dark is immune to Prankster moves.\n|-immune|p1a: Incineroar\n|move|p2b: Gengar|Shadow Ball|p1b: Gengar\n|-supereffective|p1b: Gengar|1\n|-damage|p1b: Gengar|5/100\n|move|p1b: Gengar|Perish Song|p1b: Gengar\n|-start|p1a: Incineroar|perish3|[silent]\n|-start|p1b: Gengar|perish3|[silent]\n|-start|p2a: Whimsicott|perish3|[silent]\n|-start|p2b: Gengar|perish3|[silent]\n|-fieldactivate|move: Perish Song\n|move|p1a: Incineroar|Throat Chop|p2b: Gengar\n|-supereffective|p2b: Gengar|1\n|-crit|p2b: Gengar\n|-damage|p2b: Gengar|0 fnt\n|faint|p2b: Gengar\n|\n|-start|p2a: Whimsicott|perish3\n|-start|p1b: Gengar|perish3\n|-start|p1a: Incineroar|perish3\n|upkeep\n|\n|t:|1776437468\n|switch|p2b: Floette|Floette-Eternal, L50, F|100/100\n|turn|6\n|\n|t:|1776437479\n|move|p2a: Whimsicott|Taunt|p1b: Gengar\n|-start|p1b: Gengar|move: Taunt\n|move|p2b: Floette|Light of Ruin|p1a: Incineroar\n|-damage|p1a: Incineroar|0 fnt\n|faint|p1a: Incineroar\n|-damage|p2b: Floette|55/100|[from] Recoil\n|move|p1b: Gengar|Shadow Ball|p2b: Floette\n|-damage|p2b: Floette|14/100\n|\n|-start|p2a: Whimsicott|perish2\n|-start|p1b: Gengar|perish2\n|-sideend|p2: volt8437|move: Tailwind\n|upkeep\n|\n|t:|1776437493\n|switch|p1a: Kommo-o|Kommo-o, L50, M, shiny|100/100\n|turn|7\n|\n|t:|1776437499\n|move|p1a: Kommo-o|Protect|p1a: Kommo-o\n|-singleturn|p1a: Kommo-o|Protect\n|move|p2a: Whimsicott|Tailwind|p2a: Whimsicott\n|-sidestart|p2: volt8437|move: Tailwind\n|move|p2b: Floette|Light of Ruin|p1a: Kommo-o\n|-activate|p1a: Kommo-o|move: Protect\n|move|p1b: Gengar|Shadow Ball|p2b: Floette\n|-damage|p2b: Floette|0 fnt\n|faint|p2b: Floette\n|\n|-start|p2a: Whimsicott|perish1\n|-start|p1b: Gengar|perish1\n|upkeep\n|\n|t:|1776437511\n|switch|p2b: Incineroar|Incineroar, L50, M|100/100\n|-ability|p2b: Incineroar|Intimidate|boost\n|-unboost|p1a: Kommo-o|atk|1\n|-unboost|p1b: Gengar|atk|1\n|turn|8\n|\n|t:|1776437525\n|move|p2a: Whimsicott|Encore|p1a: Kommo-o\n|-start|p1a: Kommo-o|Encore\n|move|p1a: Kommo-o|Protect|p1a: Kommo-o\n|-singleturn|p1a: Kommo-o|Protect\n|move|p1b: Gengar|Shadow Ball|p2b: Incineroar\n|-resisted|p2b: Incineroar|1\n|-damage|p2b: Incineroar|84/100\n|move|p2b: Incineroar|Darkest Lariat|p1b: Gengar\n|-supereffective|p1b: Gengar|1\n|-damage|p1b: Gengar|0 fnt\n|faint|p1b: Gengar\n|\n|-heal|p2b: Incineroar|90/100|[from] item: Leftovers\n|-start|p2a: Whimsicott|perish0\n|faint|p2a: Whimsicott\n|upkeep\n|turn|9\n|\n|t:|1776437545\n|move|p1a: Kommo-o|Protect||[still]\n|-fail|p1a: Kommo-o\n|move|p2b: Incineroar|Darkest Lariat|p1a: Kommo-o\n|-resisted|p1a: Kommo-o|1\n|-damage|p1a: Kommo-o|88/100\n|\n|-heal|p2b: Incineroar|96/100|[from] item: Leftovers\n|-heal|p1a: Kommo-o|94/100|[from] item: Leftovers\n|upkeep\n|turn|10\n|\n|t:|1776437553\n|move|p1a: Kommo-o|Protect|p1a: Kommo-o\n|-singleturn|p1a: Kommo-o|Protect\n|move|p2b: Incineroar|Darkest Lariat|p1a: Kommo-o\n|-activate|p1a: Kommo-o|move: Protect\n|\n|-heal|p2b: Incineroar|100/100|[from] item: Leftovers\n|-heal|p1a: Kommo-o|99/100|[from] item: Leftovers\n|-end|p1a: Kommo-o|Encore\n|-sideend|p2: volt8437|move: Tailwind\n|upkeep\n|turn|11\n|-message|volt8437 forfeited.\n|\n|win|Alt-tistic\n|raw|Alt-tistic's rating: 1032 &rarr; <strong>1075</strong><br />(+43 for winning)\n|raw|volt8437's rating: 1114 &rarr; <strong>1083</strong><br />(-31 for losing)\n|l|\u2606volt8437\n|player|p2|\n",
  "uploadtime": 1776437583,
  "views": 31,
  "formatid": "gen9championsvgc2026regma",
  "rating": 1075,
  "private": 0,
  "password": null
}