{
  "id": "gen9championsvgc2026regma-2584155901",
  "format": "[Gen 9 Champions] VGC 2026 Reg M-A",
  "players": [
    "Hehehsh",
    "raullv"
  ],
  "log": "|j|\u2606Hehehsh\n|j|\u2606raullv\n|t:|1776231818\n|gametype|doubles\n|player|p1|Hehehsh|101|1000\n|player|p2|raullv|blackbelt|1061\n|gen|9\n|tier|[Gen 9 Champions] VGC 2026 Reg M-A\n|rated|\n|rule|Species Clause: Limit one of each Pok\u00e9mon\n|rule|Item Clause: Limit 1 of each item\n|clearpoke\n|poke|p1|Charizard, L50, M|\n|poke|p1|Venusaur, L50, F|\n|poke|p1|Incineroar, L50, F|\n|poke|p1|Kingambit, L50, M|\n|poke|p1|Whimsicott, L50, F|\n|poke|p1|Garchomp, L50, F|\n|poke|p2|Chandelure, L50, M|\n|poke|p2|Basculegion, L50, M|\n|poke|p2|Kingambit, L50, F|\n|poke|p2|Aerodactyl, L50, M|\n|poke|p2|Conkeldurr, L50, F|\n|poke|p2|Clefable, L50, M|\n|teampreview|4\n|inactive|Battle timer is ON: inactive players will automatically lose when time's up. (requested by raullv)\n|\n|t:|1776231857\n|teamsize|p1|4\n|teamsize|p2|4\n|start\n|switch|p1a: Incineroar|Incineroar, L50, F|100/100\n|switch|p1b: Kingambit|Kingambit, L50, M|100/100\n|switch|p2a: Aerodactyl|Aerodactyl, L50, M|100/100\n|switch|p2b: Clefable|Clefable, L50, M|100/100\n|-ability|p2a: Aerodactyl|Unnerve\n|-ability|p1a: Incineroar|Intimidate|boost\n|-unboost|p2a: Aerodactyl|atk|1\n|-unboost|p2b: Clefable|atk|1\n|turn|1\n|\n|t:|1776231880\n|switch|p2a: Conkeldurr|Conkeldurr, L50, F|100/100\n|move|p2b: Clefable|Protect|p2b: Clefable\n|-singleturn|p2b: Clefable|Protect\n|move|p1a: Incineroar|Fake Out|p2a: Conkeldurr\n|-damage|p2a: Conkeldurr|90/100\n|move|p1b: Kingambit|Kowtow Cleave|p2a: Conkeldurr\n|-resisted|p2a: Conkeldurr|1\n|-damage|p2a: Conkeldurr|66/100\n|\n|upkeep\n|turn|2\n|inactive|Hehehsh has 30 seconds left.\n|\n|t:|1776231908\n|move|p2b: Clefable|Helping Hand|p2a: Conkeldurr\n|-singleturn|p2a: Conkeldurr|Helping Hand|[of] p2b: Clefable\n|move|p2a: Conkeldurr|Mach Punch|p1b: Kingambit\n|-supereffective|p1b: Kingambit|2\n|-damage|p1b: Kingambit|0 fnt\n|faint|p1b: Kingambit\n|move|p1a: Incineroar|Parting Shot|p2a: Conkeldurr\n|-unboost|p2a: Conkeldurr|atk|1\n|-unboost|p2a: Conkeldurr|spa|1\n|\n|t:|1776231918\n|switch|p1a: Venusaur|Venusaur, L50, F|100/100|[from] Parting Shot\n|\n|upkeep\n|\n|t:|1776231922\n|switch|p1b: Charizard|Charizard, L50, M|100/100\n|turn|3\n|inactive|raullv has 30 seconds left.\n|\n|t:|1776231951\n|switch|p2a: Aerodactyl|Aerodactyl, L50, M|100/100\n|-ability|p2a: Aerodactyl|Unnerve\n|detailschange|p1b: Charizard|Charizard-Mega-Y, L50, M\n|-mega|p1b: Charizard|Charizard|Charizardite Y\n|-weather|SunnyDay|[from] ability: Drought|[of] p1b: Charizard\n|move|p2b: Clefable|Follow Me|p2b: Clefable\n|-singleturn|p2b: Clefable|move: Follow Me\n|move|p1a: Venusaur|Sleep Powder|p2b: Clefable\n|-status|p2b: Clefable|slp|[from] move: Sleep Powder\n|move|p1b: Charizard|Heat Wave|p2a: Aerodactyl|[spread] p2a,p2b\n|-resisted|p2a: Aerodactyl|1\n|-damage|p2a: Aerodactyl|60/100\n|-damage|p2b: Clefable|52/100 slp\n|\n|-weather|SunnyDay|[upkeep]\n|upkeep\n|turn|4\n|inactive|raullv has 30 seconds left.\n|inactive|raullv has 20 seconds left.\n|\n|t:|1776231988\n|move|p2a: Aerodactyl|Protect|p2a: Aerodactyl\n|-singleturn|p2a: Aerodactyl|Protect\n|move|p1b: Charizard|Protect|p1b: Charizard\n|-singleturn|p1b: Charizard|Protect\n|move|p1a: Venusaur|Sleep Powder|p2a: Aerodactyl\n|-activate|p2a: Aerodactyl|move: Protect\n|cant|p2b: Clefable|slp\n|\n|-weather|SunnyDay|[upkeep]\n|upkeep\n|turn|5\n|\n|t:|1776232004\n|switch|p2a: Conkeldurr|Conkeldurr, L50, F|66/100\n|switch|p1b: Incineroar|Incineroar, L50, F|100/100\n|-ability|p1b: Incineroar|Intimidate|boost\n|-unboost|p2a: Conkeldurr|atk|1\n|-unboost|p2b: Clefable|atk|1\n|move|p1a: Venusaur|Sleep Powder|p2a: Conkeldurr\n|-status|p2a: Conkeldurr|slp|[from] move: Sleep Powder\n|cant|p2b: Clefable|slp\n|\n|-weather|SunnyDay|[upkeep]\n|upkeep\n|turn|6\n|inactive|Hehehsh has 30 seconds left.\n|inactive|raullv has 30 seconds left.\n|\n|t:|1776232031\n|switch|p2a: Aerodactyl|Aerodactyl, L50, M|60/100\n|-ability|p2a: Aerodactyl|Unnerve\n|-curestatus|p2b: Clefable|slp|[msg]\n|move|p2b: Clefable|Protect|p2b: Clefable\n|-singleturn|p2b: Clefable|Protect\n|move|p1a: Venusaur|Sludge Bomb|p2b: Clefable\n|-activate|p2b: Clefable|move: Protect\n|move|p1b: Incineroar|Parting Shot|p2a: Aerodactyl\n|-unboost|p2a: Aerodactyl|atk|1\n|-unboost|p2a: Aerodactyl|spa|1\n|\n|t:|1776232045\n|switch|p1b: Charizard|Charizard-Mega-Y, L50, M|100/100|[from] Parting Shot\n|\n|-weather|SunnyDay|[upkeep]\n|upkeep\n|turn|7\n|\n|t:|1776232055\n|detailschange|p2a: Aerodactyl|Aerodactyl-Mega, L50, M\n|-mega|p2a: Aerodactyl|Aerodactyl|Aerodactylite\n|move|p1b: Charizard|Protect|p1b: Charizard\n|-singleturn|p1b: Charizard|Protect\n|move|p2b: Clefable|Follow Me|p2b: Clefable\n|-singleturn|p2b: Clefable|move: Follow Me\n|move|p1a: Venusaur|Sleep Powder|p2b: Clefable|[miss]\n|-miss|p1a: Venusaur|p2b: Clefable\n|move|p2a: Aerodactyl|Dual Wingbeat|p1a: Venusaur\n|-supereffective|p1a: Venusaur|1\n|-damage|p1a: Venusaur|53/100\n|-supereffective|p1a: Venusaur|1\n|-damage|p1a: Venusaur|4/100\n|-hitcount|p1a: Venusaur|2\n|\n|-weather|none\n|-heal|p1a: Venusaur|9/100|[from] item: Leftovers\n|upkeep\n|turn|8\n|inactive|Hehehsh has 30 seconds left.\n|\n|t:|1776232081\n|switch|p1b: Incineroar|Incineroar, L50, F|100/100\n|-ability|p1b: Incineroar|Intimidate|boost\n|-unboost|p2a: Aerodactyl|atk|1\n|-unboost|p2b: Clefable|atk|1\n|move|p2b: Clefable|Helping Hand|p2a: Aerodactyl\n|-singleturn|p2a: Aerodactyl|Helping Hand|[of] p2b: Clefable\n|move|p2a: Aerodactyl|Rock Slide|p1a: Venusaur|[spread] p1b\n|-miss|p2a: Aerodactyl|p1a: Venusaur\n|-supereffective|p1b: Incineroar|1\n|-damage|p1b: Incineroar|51/100\n|move|p1a: Venusaur|Sludge Bomb|p2b: Clefable\n|-supereffective|p2b: Clefable|1\n|-damage|p2b: Clefable|0 fnt\n|faint|p2b: Clefable\n|\n|-heal|p1a: Venusaur|15/100|[from] item: Leftovers\n|upkeep\n|\n|t:|1776232096\n|switch|p2b: Conkeldurr|Conkeldurr, L50, F|66/100 slp\n|turn|9\n|\n|t:|1776232116\n|move|p2a: Aerodactyl|Protect|p2a: Aerodactyl\n|-singleturn|p2a: Aerodactyl|Protect\n|move|p1b: Incineroar|Fake Out|p2a: Aerodactyl\n|-activate|p2a: Aerodactyl|move: Protect\n|move|p1a: Venusaur|Sleep Powder|p2a: Aerodactyl\n|-activate|p2a: Aerodactyl|move: Protect\n|cant|p2b: Conkeldurr|slp\n|\n|-heal|p1a: Venusaur|21/100|[from] item: Leftovers\n|upkeep\n|turn|10\n|\n|t:|1776232135\n|move|p2a: Aerodactyl|Rock Slide|p1b: Incineroar|[spread] p1a,p1b\n|-supereffective|p1b: Incineroar|1\n|-damage|p1a: Venusaur|2/100\n|-damage|p1b: Incineroar|22/100\n|cant|p1a: Venusaur|flinch\n|move|p1b: Incineroar|Parting Shot|p2a: Aerodactyl\n|-unboost|p2a: Aerodactyl|atk|1\n|-unboost|p2a: Aerodactyl|spa|1\n|\n|t:|1776232144\n|switch|p1b: Charizard|Charizard-Mega-Y, L50, M|100/100|[from] Parting Shot\n|-weather|SunnyDay|[from] ability: Drought|[of] p1b: Charizard\n|cant|p2b: Conkeldurr|slp\n|\n|-weather|SunnyDay|[upkeep]\n|-heal|p1a: Venusaur|8/100|[from] item: Leftovers\n|upkeep\n|turn|11\n|\n|t:|1776232157\n|move|p2a: Aerodactyl|Protect|p2a: Aerodactyl\n|-singleturn|p2a: Aerodactyl|Protect\n|move|p1a: Venusaur|Sleep Powder|p2a: Aerodactyl\n|-activate|p2a: Aerodactyl|move: Protect\n|move|p1b: Charizard|Heat Wave|p2a: Aerodactyl|[spread] p2b\n|-activate|p2a: Aerodactyl|move: Protect\n|-damage|p2b: Conkeldurr|0 fnt\n|faint|p2b: Conkeldurr\n|\n|-weather|SunnyDay|[upkeep]\n|-heal|p1a: Venusaur|13/100|[from] item: Leftovers\n|upkeep\n|\n|t:|1776232166\n|switch|p2b: Chandelure|Chandelure, L50, M|100/100\n|turn|12\n|\n|t:|1776232189\n|move|p1b: Charizard|Protect|p1b: Charizard\n|-singleturn|p1b: Charizard|Protect\n|move|p1a: Venusaur|Sleep Powder|p2a: Aerodactyl\n|-status|p2a: Aerodactyl|slp|[from] move: Sleep Powder\n|cant|p2a: Aerodactyl|slp\n|move|p2b: Chandelure|Heat Wave|p1a: Venusaur|[spread] p1a\n|-activate|p1b: Charizard|move: Protect\n|-supereffective|p1a: Venusaur|1\n|-damage|p1a: Venusaur|0 fnt\n|faint|p1a: Venusaur\n|\n|-weather|SunnyDay|[upkeep]\n|upkeep\n|\n|t:|1776232204\n|switch|p1a: Incineroar|Incineroar, L50, F|22/100\n|-ability|p1a: Incineroar|Intimidate|boost\n|-unboost|p2a: Aerodactyl|atk|1\n|-unboost|p2b: Chandelure|atk|1\n|turn|13\n|\n|t:|1776232215\n|cant|p2a: Aerodactyl|slp\n|move|p1b: Charizard|Heat Wave|p2a: Aerodactyl|[spread] p2a\n|-start|p2b: Chandelure|ability: Flash Fire\n|-resisted|p2a: Aerodactyl|1\n|-damage|p2a: Aerodactyl|24/100 slp\n|move|p1a: Incineroar|Flare Blitz|p2a: Aerodactyl\n|-resisted|p2a: Aerodactyl|1\n|-damage|p2a: Aerodactyl|0 fnt\n|faint|p2a: Aerodactyl\n|-damage|p1a: Incineroar|13/100|[from] Recoil\n|move|p2b: Chandelure|Heat Wave|p1b: Charizard|[spread] p1a,p1b\n|-resisted|p1a: Incineroar|1\n|-resisted|p1b: Charizard|1\n|-damage|p1a: Incineroar|0 fnt\n|-damage|p1b: Charizard|51/100\n|faint|p1a: Incineroar\n|\n|-weather|SunnyDay|[upkeep]\n|upkeep\n|turn|14\n|inactive|Hehehsh has 30 seconds left.\n|\n|t:|1776232243\n|move|p1b: Charizard|Air Slash|p2b: Chandelure\n|-damage|p2b: Chandelure|48/100\n|cant|p2b: Chandelure|flinch\n|\n|-weather|none\n|upkeep\n|turn|15\n|\n|t:|1776232253\n|move|p1b: Charizard|Air Slash|p2b: Chandelure\n|-damage|p2b: Chandelure|0 fnt\n|faint|p2b: Chandelure\n|\n|win|Hehehsh\n|raw|Hehehsh's rating: 1000 &rarr; <strong>1047</strong><br />(+47 for winning)\n|raw|raullv's rating: 1061 &rarr; <strong>1039</strong><br />(-22 for losing)\n|l|\u2606raullv\n|player|p2|\n",
  "uploadtime": 1776232261,
  "views": 28,
  "formatid": "gen9championsvgc2026regma",
  "rating": 1039,
  "private": 0,
  "password": null
}