{
  "id": "gen9championsvgc2026regma-2581587149",
  "format": "[Gen 9 Champions] VGC 2026 Reg M-A",
  "players": [
    "Louis1735",
    "Milkcarton439"
  ],
  "log": "|j|\u2606Louis1735\n|j|\u2606Milkcarton439\n|t:|1776013110\n|gametype|doubles\n|player|p1|Louis1735|170|1052\n|player|p2|Milkcarton439|1|1048\n|gen|9\n|tier|[Gen 9 Champions] VGC 2026 Reg M-A\n|rated|\n|rule|Species Clause: Limit one of each Pok\u00e9mon\n|rule|Item Clause: Limit 1 of each item\n|clearpoke\n|poke|p1|Floette-Eternal, L50, F|\n|poke|p1|Sinistcha, L50|\n|poke|p1|Incineroar, L50, M|\n|poke|p1|Garchomp, L50, F|\n|poke|p1|Sneasler, L50, M|\n|poke|p1|Politoed, L50, F|\n|poke|p2|Meganium, L50, F|\n|poke|p2|Starmie, L50|\n|poke|p2|Maushold-Four, L50|\n|poke|p2|Sneasler, L50, F|\n|poke|p2|Lycanroc-Dusk, L50, F|\n|poke|p2|Whimsicott, L50, M|\n|teampreview|4\nMilkcarton439 has agreed to open team sheets.\n|\n|t:|1776013176\n|teamsize|p1|4\n|teamsize|p2|4\n|start\n|switch|p1a: Incineroar|Incineroar, L50, M|100/100\n|switch|p1b: Floette|Floette-Eternal, L50, F|100/100\n|switch|p2a: Fursuit|Sneasler, L50, F|100/100\n|switch|p2b: Z-Broly|Starmie, L50|100/100\n|-ability|p1a: Incineroar|Intimidate|boost\n|-unboost|p2a: Fursuit|atk|1\n|-unboost|p2b: Z-Broly|atk|1\n|turn|1\n|inactive|Battle timer is ON: inactive players will automatically lose when time's up. (requested by Louis1735)\n|inactive|Louis1735 has 60 seconds left.\n|\n|t:|1776013230\n|switch|p1b: Garchomp|Garchomp, L50, F|100/100\n|detailschange|p2b: Z-Broly|Starmie-Mega, L50\n|-mega|p2b: Z-Broly|Starmie|Starminite\n|move|p2a: Fursuit|Fake Out|p1a: Incineroar\n|-damage|p1a: Incineroar|90/100\n|move|p2b: Z-Broly|Flip Turn|p1b: Garchomp\n|-damage|p1b: Garchomp|68/100\n|-damage|p2b: Z-Broly|88/100|[from] ability: Rough Skin|[of] p1b: Garchomp\n|\n|t:|1776013252\n|switch|p2b: Bully Maguire|Whimsicott, L50, M, shiny|100/100|[from] Flip Turn\n|cant|p1a: Incineroar|flinch\n|\n|upkeep\n|turn|2\n|inactive|Louis1735 has 30 seconds left.\n|\n|t:|1776013278\n|move|p1b: Garchomp|Stomping Tantrum|p2a: Fursuit\n|-supereffective|p2a: Fursuit|1\n|-enditem|p2a: Fursuit|Focus Sash\n|-damage|p2a: Fursuit|1/100\n|move|p2a: Fursuit|Close Combat|p1a: Incineroar\n|-supereffective|p1a: Incineroar|1\n|-damage|p1a: Incineroar|14/100\n|-unboost|p2a: Fursuit|def|1\n|-unboost|p2a: Fursuit|spd|1\n|-enditem|p1a: Incineroar|Sitrus Berry|[eat]\n|-heal|p1a: Incineroar|39/100|[from] item: Sitrus Berry\n|move|p2b: Bully Maguire|Moonblast|p1b: Garchomp\n|-supereffective|p1b: Garchomp|1\n|-damage|p1b: Garchomp|5/100\n|move|p1a: Incineroar|Flare Blitz|p2b: Bully Maguire\n|-supereffective|p2b: Bully Maguire|1\n|-damage|p2b: Bully Maguire|0 fnt\n|faint|p2b: Bully Maguire\n|-damage|p1a: Incineroar|16/100|[from] Recoil\n|\n|upkeep\n|\n|t:|1776013301\n|switch|p2b: Z-Broly|Starmie-Mega, L50|88/100\n|turn|3\n|inactive|Louis1735 has 30 seconds left.\n|inactive|Louis1735 has 20 seconds left.\n|inactive|Louis1735 has 15 seconds left.\n|inactive|Louis1735 has 10 seconds left.\n|\n|t:|1776013350\n|switch|p1b: Sinistcha|Sinistcha, L50|100/100\n|-heal|p1a: Incineroar|41/100|[from] ability: Hospitality|[of] p1b: Sinistcha\n|move|p2b: Z-Broly|Aqua Jet|p1b: Sinistcha\n|-resisted|p1b: Sinistcha|1\n|-damage|p1b: Sinistcha|84/100\n|move|p2a: Fursuit|Dire Claw|p1a: Incineroar\n|-damage|p1a: Incineroar|12/100\n|-status|p1a: Incineroar|psn\n|move|p1a: Incineroar|Parting Shot|p2b: Z-Broly\n|-unboost|p2b: Z-Broly|atk|1\n|-unboost|p2b: Z-Broly|spa|1\n|\n|t:|1776013367\n|switch|p1a: Garchomp|Garchomp, L50, F|5/100|[from] Parting Shot\n|\n|upkeep\n|turn|4\n|inactive|Louis1735 has 30 seconds left.\n|\n|t:|1776013393\n|switch|p1a: Incineroar|Incineroar, L50, M|12/100 psn\n|-ability|p1a: Incineroar|Intimidate|boost\n|-unboost|p2a: Fursuit|atk|1\n|-unboost|p2b: Z-Broly|atk|1\n|move|p1b: Sinistcha|Protect|p1b: Sinistcha\n|-singleturn|p1b: Sinistcha|Protect\n|move|p2a: Fursuit|Acrobatics|p1a: Incineroar\n|-damage|p1a: Incineroar|0 fnt\n|faint|p1a: Incineroar\n|move|p2b: Z-Broly|Flip Turn|p1b: Sinistcha\n|-activate|p1b: Sinistcha|move: Protect\n|\n|upkeep\n|\n|t:|1776013411\n|switch|p1a: Garchomp|Garchomp, L50, F|5/100\n|turn|5\n|\n|t:|1776013438\n|move|p1b: Sinistcha|Rage Powder|p1b: Sinistcha\n|-singleturn|p1b: Sinistcha|move: Rage Powder\n|move|p2a: Fursuit|Close Combat|p1b: Sinistcha\n|-immune|p1b: Sinistcha\n|move|p1a: Garchomp|Rock Slide|p2a: Fursuit|[spread] p2a,p2b\n|-resisted|p2a: Fursuit|1\n|-damage|p2a: Fursuit|0 fnt\n|-damage|p2b: Z-Broly|63/100\n|faint|p2a: Fursuit\n|move|p2b: Z-Broly|Flip Turn|p1b: Sinistcha\n|-resisted|p1b: Sinistcha|1\n|-crit|p1b: Sinistcha\n|-damage|p1b: Sinistcha|39/100\n|\n|t:|1776013443\n|switch|p2b: My Dream|Maushold-Four, L50|100/100|[from] Flip Turn\n|\n|upkeep\n|\n|t:|1776013445\n|switch|p2a: Z-Broly|Starmie-Mega, L50|63/100\n|turn|6\n|\n|t:|1776013462\n|move|p2b: My Dream|Follow Me|p2b: My Dream\n|-singleturn|p2b: My Dream|move: Follow Me\n|move|p1a: Garchomp|Rock Slide|p2b: My Dream|[spread] p2a,p2b\n|-crit|p2a: Z-Broly\n|-damage|p2a: Z-Broly|33/100\n|-damage|p2b: My Dream|79/100\n|move|p2a: Z-Broly|Ice Spinner|p1b: Sinistcha\n|-supereffective|p1b: Sinistcha|1\n|-damage|p1b: Sinistcha|0 fnt\n|faint|p1b: Sinistcha\n|\n|-heal|p2b: My Dream|85/100|[from] item: Leftovers\n|upkeep\n|\n|t:|1776013472\n|switch|p1b: Floette|Floette-Eternal, L50, F|100/100\n|turn|7\n|\n|t:|1776013486\n|detailschange|p1b: Floette|Floette-Mega, L50, F\n|-mega|p1b: Floette|Floette|Floettite\n|-ability|p1b: Floette|Fairy Aura\n|move|p2b: My Dream|Helping Hand|p2a: Z-Broly\n|-singleturn|p2a: Z-Broly|Helping Hand|[of] p2b: My Dream\n|move|p1a: Garchomp|Rock Slide|p2a: Z-Broly|[spread] p2a,p2b\n|-damage|p2a: Z-Broly|15/100\n|-damage|p2b: My Dream|63/100\n|move|p2a: Z-Broly|Liquidation|p1b: Floette\n|-damage|p1b: Floette|0 fnt\n|faint|p1b: Floette\n|\n|-heal|p2b: My Dream|70/100|[from] item: Leftovers\n|upkeep\n|turn|8\n|\n|t:|1776013502\n|move|p2b: My Dream|Follow Me|p2b: My Dream\n|-singleturn|p2b: My Dream|move: Follow Me\n|move|p2a: Z-Broly|Aqua Jet|p1a: Garchomp\n|-crit|p1a: Garchomp\n|-damage|p1a: Garchomp|0 fnt\n|-damage|p2a: Z-Broly|3/100|[from] ability: Rough Skin|[of] p1a: Garchomp\n|faint|p1a: Garchomp\n|\n|win|Milkcarton439\n|raw|Louis1735's rating: 1052 &rarr; <strong>1034</strong><br />(-18 for losing)\n|raw|Milkcarton439's rating: 1048 &rarr; <strong>1081</strong><br />(+33 for winning)\n|l|\u2606Louis1735\n|player|p1|\n",
  "uploadtime": 1776013513,
  "views": 25,
  "formatid": "gen9championsvgc2026regma",
  "rating": 1034,
  "private": 0,
  "password": null
}