{
  "id": "gen9championsvgc2026regma-2583871870",
  "format": "[Gen 9 Champions] VGC 2026 Reg M-A",
  "players": [
    "funnymangav",
    "FortuneMC"
  ],
  "log": "|j|\u2606funnymangav\n|j|\u2606FortuneMC\n|t:|1776204306\n|gametype|doubles\n|player|p1|funnymangav|dawn|1238\n|player|p2|FortuneMC|veteran|1282\n|gen|9\n|tier|[Gen 9 Champions] VGC 2026 Reg M-A\n|rated|\n|rule|Species Clause: Limit one of each Pok\u00e9mon\n|rule|Item Clause: Limit 1 of each item\n|clearpoke\n|poke|p1|Charizard, L50, F|\n|poke|p1|Whimsicott, L50, F|\n|poke|p1|Venusaur, L50, F|\n|poke|p1|Arcanine-Hisui, L50, F|\n|poke|p1|Garchomp, L50, F|\n|poke|p1|Sinistcha, L50|\n|poke|p2|Serperior, L50, F|\n|poke|p2|Whimsicott, L50, M|\n|poke|p2|Garchomp, L50, F|\n|poke|p2|Slowbro, L50, M|\n|poke|p2|Charizard, L50, M|\n|poke|p2|Farigiraf, L50, F|\n|teampreview|4\n|inactive|Battle timer is ON: inactive players will automatically lose when time's up. (requested by funnymangav)\n|\n|t:|1776204330\n|teamsize|p1|4\n|teamsize|p2|4\n|start\n|switch|p1a: Bird|Charizard, L50, F|100/100\n|switch|p1b: Plant|Venusaur, L50, F|100/100\n|switch|p2a: Whimsicott|Whimsicott, L50, M|100/100\n|switch|p2b: Garchomp|Garchomp, L50, F|100/100\n|turn|1\n|\n|t:|1776204350\n|detailschange|p1a: Bird|Charizard-Mega-Y, L50, F\n|-mega|p1a: Bird|Charizard|Charizardite Y\n|-weather|SunnyDay|[from] ability: Drought|[of] p1a: Bird\n|move|p1a: Bird|Protect|p1a: Bird\n|-singleturn|p1a: Bird|Protect\n|move|p2a: Whimsicott|Tailwind|p2a: Whimsicott\n|-sidestart|p2: FortuneMC|move: Tailwind\n|move|p2b: Garchomp|Rock Slide|p1a: Bird|[spread] p1b\n|-activate|p1a: Bird|move: Protect\n|-damage|p1b: Plant|72/100\n|move|p1b: Plant|Sleep Powder|p2b: Garchomp|[miss]\n|-miss|p1b: Plant|p2b: Garchomp\n|\n|-weather|SunnyDay|[upkeep]\n|-heal|p1b: Plant|78/100|[from] item: Leftovers\n|upkeep\n|turn|2\n|\n|t:|1776204370\n|switch|p1a: Ugly|Sinistcha, L50|100/100\n|-heal|p1b: Plant|100/100|[from] ability: Hospitality|[of] p1a: Ugly\n|move|p2a: Whimsicott|Encore||[still]\n|-fail|p2a: Whimsicott\n|move|p2b: Garchomp|Rock Slide|p1b: Plant|[spread] p1a,p1b\n|-damage|p1a: Ugly|84/100\n|-damage|p1b: Plant|74/100\n|move|p1b: Plant|Sleep Powder|p2b: Garchomp\n|-status|p2b: Garchomp|slp|[from] move: Sleep Powder\n|\n|-weather|SunnyDay|[upkeep]\n|-heal|p1b: Plant|79/100|[from] item: Leftovers\n|upkeep\n|turn|3\n|\n|t:|1776204387\n|move|p1a: Ugly|Rage Powder|p1a: Ugly\n|-singleturn|p1a: Ugly|move: Rage Powder\n|move|p2a: Whimsicott|Encore|p1b: Plant\n|-start|p1b: Plant|Encore\n|cant|p2b: Garchomp|slp\n|move|p1b: Plant|Sleep Powder|p2a: Whimsicott\n|-immune|p2a: Whimsicott\n|\n|-weather|SunnyDay|[upkeep]\n|-heal|p1b: Plant|85/100|[from] item: Leftovers\n|upkeep\n|turn|4\n|\n|t:|1776204399\n|switch|p1b: Dog|Arcanine-Hisui, L50, F|100/100\n|-ability|p1b: Dog|Intimidate|boost\n|-unboost|p2a: Whimsicott|atk|1\n|-unboost|p2b: Garchomp|atk|1\n|switch|p1a: Bird|Charizard-Mega-Y, L50, F|100/100\n|move|p2a: Whimsicott|Encore||[still]\n|-fail|p2a: Whimsicott\n|cant|p2b: Garchomp|slp\n|\n|-weather|SunnyDay|[upkeep]\n|-sideend|p2: FortuneMC|move: Tailwind\n|upkeep\n|turn|5\n|\n|t:|1776204418\n|-curestatus|p2b: Garchomp|slp|[msg]\n|move|p2b: Garchomp|Rock Slide|p1b: Dog|[spread] p1a,p1b\n|-supereffective|p1a: Bird|2\n|-supereffective|p1b: Dog|1\n|-damage|p1a: Bird|23/100\n|-damage|p1b: Dog|74/100\n|move|p1a: Bird|Air Slash|p2b: Garchomp\n|-damage|p2b: Garchomp|58/100\n|move|p2a: Whimsicott|Moonblast|p1b: Dog\n|-resisted|p1b: Dog|1\n|-damage|p1b: Dog|61/100\n|cant|p1b: Dog|flinch\n|\n|-weather|none\n|upkeep\n|turn|6\n|\n|t:|1776204436\n|switch|p1a: Ugly|Sinistcha, L50|84/100\n|-heal|p1b: Dog|86/100|[from] ability: Hospitality|[of] p1a: Ugly\n|move|p2b: Garchomp|Rock Slide|p1a: Ugly|[spread] p1a,p1b\n|-supereffective|p1b: Dog|1\n|-damage|p1a: Ugly|74/100\n|-damage|p1b: Dog|59/100\n|move|p2a: Whimsicott|Moonblast|p1a: Ugly\n|-damage|p1a: Ugly|42/100\n|cant|p1b: Dog|flinch\n|\n|upkeep\n|turn|7\n|\n|t:|1776204454\n|switch|p2b: Charizard|Charizard, L50, M|100/100\n|move|p2a: Whimsicott|Moonblast|p1a: Ugly\n|-damage|p1a: Ugly|11/100\n|move|p1b: Dog|Flare Blitz|p2a: Whimsicott\n|-supereffective|p2a: Whimsicott|1\n|-damage|p2a: Whimsicott|6/100\n|-damage|p1b: Dog|33/100|[from] Recoil\n|move|p1a: Ugly|Strength Sap|p2b: Charizard\n|-unboost|p2b: Charizard|atk|1\n|-heal|p1a: Ugly|68/100\n|\n|upkeep\n|turn|8\n|\n|t:|1776204473\n|detailschange|p2b: Charizard|Charizard-Mega-Y, L50, M\n|-mega|p2b: Charizard|Charizard|Charizardite Y\n|-weather|SunnyDay|[from] ability: Drought|[of] p2b: Charizard\n|move|p2a: Whimsicott|Fake Tears|p1b: Dog\n|-unboost|p1b: Dog|spd|2\n|move|p2b: Charizard|Heat Wave|p1b: Dog|[spread] p1a,p1b\n|-supereffective|p1a: Ugly|1\n|-resisted|p1b: Dog|2\n|-damage|p1a: Ugly|0 fnt\n|-damage|p1b: Dog|0 fnt\n|faint|p1a: Ugly\n|faint|p1b: Dog\n|\n|-weather|SunnyDay|[upkeep]\n|upkeep\n|\n|t:|1776204481\n|switch|p1b: Plant|Venusaur, L50, F|85/100\n|switch|p1a: Bird|Charizard-Mega-Y, L50, F|23/100\n|turn|9\n|\n|t:|1776204494\n|move|p2a: Whimsicott|Tailwind|p2a: Whimsicott\n|-sidestart|p2: FortuneMC|move: Tailwind\n|move|p2b: Charizard|Heat Wave|p1a: Bird|[spread] p1a,p1b\n|-resisted|p1a: Bird|1\n|-supereffective|p1b: Plant|1\n|-damage|p1a: Bird|0 fnt\n|-damage|p1b: Plant|0 fnt\n|faint|p1a: Bird\n|faint|p1b: Plant\n|\n|win|FortuneMC\n|raw|funnymangav's rating: 1238 &rarr; <strong>1216</strong><br />(-22 for losing)\n|raw|FortuneMC's rating: 1282 &rarr; <strong>1304</strong><br />(+22 for winning)\n|l|\u2606funnymangav\n|player|p1|\n",
  "uploadtime": 1776204505,
  "views": 25,
  "formatid": "gen9championsvgc2026regma",
  "rating": 1216,
  "private": 0,
  "password": null
}