{
  "id": "gen9championsvgc2026regma-2587445521",
  "format": "[Gen 9 Champions] VGC 2026 Reg M-A",
  "players": [
    "xyonsmurf",
    "rahulbalaji"
  ],
  "log": "|j|\u2606xyonsmurf\n|j|\u2606rahulbalaji\n|t:|1776532431\n|gametype|doubles\n|player|p1|xyonsmurf|giovanni-masters|1104\n|player|p2|rahulbalaji|102|1178\n|gen|9\n|tier|[Gen 9 Champions] VGC 2026 Reg M-A\n|rated|\n|rule|Species Clause: Limit one of each Pok\u00e9mon\n|rule|Item Clause: Limit 1 of each item\n|clearpoke\n|poke|p1|Basculegion, L50, M|\n|poke|p1|Volcarona, L50, M|\n|poke|p1|Incineroar, L50, F|\n|poke|p1|Farigiraf, L50, M|\n|poke|p1|Ninetales-Alola, L50, M|\n|poke|p1|Floette-Eternal, L50, F|\n|poke|p2|Meganium, L50, F|\n|poke|p2|Aerodactyl, L50, F|\n|poke|p2|Tauros-Paldea-Aqua, L50, M|\n|poke|p2|Typhlosion-Hisui, L50, M|\n|poke|p2|Archaludon, L50, M|\n|poke|p2|Kangaskhan, L50, F|\n|teampreview|4\n|\n|t:|1776532498\n|teamsize|p1|4\n|teamsize|p2|4\n|start\n|switch|p1a: Basculegion|Basculegion, L50, M|100/100\n|switch|p1b: Incineroar|Incineroar, L50, F|100/100\n|switch|p2a: Aerodactyl|Aerodactyl, L50, F|100/100\n|switch|p2b: Archaludon|Archaludon, L50, M|100/100\n|-ability|p2a: Aerodactyl|Unnerve\n|-ability|p1b: Incineroar|Intimidate|boost\n|-unboost|p2a: Aerodactyl|atk|1\n|-unboost|p2b: Archaludon|atk|1\n|turn|1\n|\n|t:|1776532520\n|move|p2a: Aerodactyl|Protect|p2a: Aerodactyl\n|-singleturn|p2a: Aerodactyl|Protect\n|move|p2b: Archaludon|Protect|p2b: Archaludon\n|-singleturn|p2b: Archaludon|Protect\n|move|p1b: Incineroar|Fake Out|p2b: Archaludon\n|-activate|p2b: Archaludon|move: Protect\n|move|p1a: Basculegion|Wave Crash|p2a: Aerodactyl\n|-activate|p2a: Aerodactyl|move: Protect\n|\n|upkeep\n|turn|2\n|\n|t:|1776532552\n|move|p2a: Aerodactyl|Tailwind|p2a: Aerodactyl\n|-sidestart|p2: rahulbalaji|move: Tailwind\n|move|p2b: Archaludon|Draco Meteor|p1b: Incineroar\n|-damage|p1b: Incineroar|38/100\n|-unboost|p2b: Archaludon|spa|2\n|move|p1a: Basculegion|Wave Crash|p2a: Aerodactyl\n|-supereffective|p2a: Aerodactyl|1\n|-enditem|p2a: Aerodactyl|Focus Sash\n|-damage|p2a: Aerodactyl|1/100\n|-damage|p1a: Basculegion|75/100|[from] Recoil\n|move|p1b: Incineroar|Parting Shot|p2b: Archaludon\n|-unboost|p2b: Archaludon|atk|1\n|-unboost|p2b: Archaludon|spa|1\n|\n|t:|1776532571\n|switch|p1b: Floette|Floette-Eternal, L50, F|100/100|[from] Parting Shot\n|\n|upkeep\n|turn|3\n|\n|t:|1776532593\n|switch|p1a: Incineroar|Incineroar, L50, F|38/100\n|-ability|p1a: Incineroar|Intimidate|boost\n|-unboost|p2a: Aerodactyl|atk|1\n|-unboost|p2b: Archaludon|atk|1\n|detailschange|p1b: Floette|Floette-Mega, L50, F\n|-mega|p1b: Floette|Floette|Floettite\n|-ability|p1b: Floette|Fairy Aura\n|move|p1b: Floette|Protect|p1b: Floette\n|-singleturn|p1b: Floette|Protect\n|move|p2a: Aerodactyl|Dual Wingbeat|p1b: Floette\n|-activate|p1b: Floette|move: Protect\n|move|p2b: Archaludon|Flash Cannon|p1b: Floette\n|-activate|p1b: Floette|move: Protect\n|\n|-heal|p1a: Incineroar|44/100|[from] item: Leftovers\n|upkeep\n|turn|4\n|\n|t:|1776532634\n|switch|p2a: Kangaskhan|Kangaskhan, L50, F|100/100\n|move|p1a: Incineroar|Fake Out|p2a: Kangaskhan\n|-damage|p2a: Kangaskhan|88/100\n|move|p2b: Archaludon|Flash Cannon|p1b: Floette\n|-supereffective|p1b: Floette|1\n|-damage|p1b: Floette|73/100\n|-unboost|p1b: Floette|spd|1\n|move|p1b: Floette|Calm Mind|p1b: Floette\n|-boost|p1b: Floette|spa|1\n|-boost|p1b: Floette|spd|1\n|\n|-heal|p1a: Incineroar|50/100|[from] item: Leftovers\n|upkeep\n|turn|5\n|\n|t:|1776532665\n|switch|p2b: Aerodactyl|Aerodactyl, L50, F|1/100\n|-ability|p2b: Aerodactyl|Unnerve\n|detailschange|p2a: Kangaskhan|Kangaskhan-Mega, L50, F\n|-mega|p2a: Kangaskhan|Kangaskhan|Kangaskhanite\n|move|p1b: Floette|Protect|p1b: Floette\n|-singleturn|p1b: Floette|Protect\n|move|p2a: Kangaskhan|Low Kick|p1a: Incineroar\n|-supereffective|p1a: Incineroar|1\n|-damage|p1a: Incineroar|4/100\n|-supereffective|p1a: Incineroar|1\n|-damage|p1a: Incineroar|0 fnt\n|faint|p1a: Incineroar\n|-hitcount|p1: Incineroar|2\n|\n|-sideend|p2: rahulbalaji|move: Tailwind\n|upkeep\n|\n|t:|1776532681\n|switch|p1a: Basculegion|Basculegion, L50, M|75/100\n|turn|6\n|\n|t:|1776532700\n|move|p1a: Basculegion|Aqua Jet|p2b: Aerodactyl\n|-supereffective|p2b: Aerodactyl|1\n|-damage|p2b: Aerodactyl|0 fnt\n|faint|p2b: Aerodactyl\n|move|p2a: Kangaskhan|Sucker Punch||[still]\n|-fail|p2a: Kangaskhan\n|move|p1b: Floette|Dazzling Gleam|p2a: Kangaskhan\n|-damage|p2a: Kangaskhan|2/100\n|\n|upkeep\n|\n|t:|1776532712\n|switch|p2b: Archaludon|Archaludon, L50, M|100/100\n|turn|7\n|\n|t:|1776532725\n|switch|p1a: Volcarona|Volcarona, L50, M|100/100\n|move|p1b: Floette|Protect|p1b: Floette\n|-singleturn|p1b: Floette|Protect\n|move|p2a: Kangaskhan|Double-Edge|p1b: Floette\n|-activate|p1b: Floette|move: Protect\n|move|p2b: Archaludon|Steel Beam|p1b: Floette\n|-activate|p1b: Floette|move: Protect\n|-damage|p2b: Archaludon|50/100|[from] steelbeam\n|\n|upkeep\n|turn|8\n|\n|t:|1776532747\n|move|p1b: Floette|Dazzling Gleam|p2a: Kangaskhan|[spread] p2a,p2b\n|-damage|p2a: Kangaskhan|0 fnt\n|-damage|p2b: Archaludon|0 fnt\n|faint|p2a: Kangaskhan\n|faint|p2b: Archaludon\n|move|p1a: Volcarona|Tailwind|p1a: Volcarona\n|-sidestart|p1: xyonsmurf|move: Tailwind\n|\n|upkeep\n|\n|t:|1776532754\n|switch|p2a: Tauros|Tauros-Paldea-Aqua, L50, M|100/100\n|-ability|p2a: Tauros|Intimidate|boost\n|-unboost|p1a: Volcarona|atk|1\n|-unboost|p1b: Floette|atk|1\n|turn|9\n|\n|t:|1776532761\n|move|p1b: Floette|Dazzling Gleam|p2a: Tauros\n|-supereffective|p2a: Tauros|1\n|-damage|p2a: Tauros|0 fnt\n|faint|p2a: Tauros\n|\n|win|xyonsmurf\n|raw|xyonsmurf's rating: 1104 &rarr; <strong>1134</strong><br />(+30 for winning)\n|raw|rahulbalaji's rating: 1178 &rarr; <strong>1148</strong><br />(-30 for losing)\n",
  "uploadtime": 1776532765,
  "views": 14,
  "formatid": "gen9championsvgc2026regma",
  "rating": 1134,
  "private": 0,
  "password": null
}