{
  "id": "gen9championsvgc2026regma-2584489150",
  "format": "[Gen 9 Champions] VGC 2026 Reg M-A",
  "players": [
    "DeShawn Banks",
    "tempamental"
  ],
  "log": "|j|\u2606DeShawn Banks\n|j|\u2606tempamental\n|t:|1776264241\n|gametype|doubles\n|player|p1|DeShawn Banks|2|1080\n|player|p2|tempamental|170|1000\n|gen|9\n|tier|[Gen 9 Champions] VGC 2026 Reg M-A\n|rated|\n|rule|Species Clause: Limit one of each Pok\u00e9mon\n|rule|Item Clause: Limit 1 of each item\n|clearpoke\n|poke|p1|Golurk, L50|\n|poke|p1|Farigiraf, L50, M|\n|poke|p1|Torkoal, L50, M|\n|poke|p1|Sneasler, L50, F|\n|poke|p1|Appletun, L50, F|\n|poke|p1|Incineroar, L50, F|\n|poke|p2|Delphox, L50, F|\n|poke|p2|Basculegion, L50, M|\n|poke|p2|Clefable, L50, M|\n|poke|p2|Kingambit, L50, M|\n|poke|p2|Dragonite, L50, F|\n|poke|p2|Sneasler, L50, F|\n|teampreview|4\n|inactive|Battle timer is ON: inactive players will automatically lose when time's up. (requested by DeShawn Banks)\n|inactive|tempamental has 60 seconds left.\n|\n|t:|1776264318\n|teamsize|p1|4\n|teamsize|p2|4\n|start\n|switch|p1a: Sneasler|Sneasler, L50, F|100/100\n|switch|p1b: Farigiraf|Farigiraf, L50, M, shiny|100/100\n|switch|p2a: Basculegion|Basculegion, L50, M|100/100\n|switch|p2b: Delphox|Delphox, L50, F|100/100\n|turn|1\n|\n|t:|1776264343\n|detailschange|p2b: Delphox|Delphox-Mega, L50, F\n|-mega|p2b: Delphox|Delphox|Delphoxite\n|move|p1a: Sneasler|Fake Out|p2b: Delphox\n|-damage|p2b: Delphox|78/100\n|cant|p2b: Delphox|flinch\n|move|p2a: Basculegion|Wave Crash|p1b: Farigiraf\n|-damage|p1b: Farigiraf|20/100\n|-damage|p2a: Basculegion|70/100|[from] Recoil\n|move|p1b: Farigiraf|Trick Room|p1b: Farigiraf\n|-fieldstart|move: Trick Room|[of] p1b: Farigiraf\n|\n|-heal|p1b: Farigiraf|26/100|[from] item: Leftovers\n|upkeep\n|turn|2\n|inactive|tempamental has 30 seconds left.\n|\n|t:|1776264375\n|move|p1a: Sneasler|Protect|p1a: Sneasler\n|-singleturn|p1a: Sneasler|Protect\n|move|p1b: Farigiraf|Psychic|p2a: Basculegion\n|-damage|p2a: Basculegion|30/100\n|move|p2a: Basculegion|Wave Crash|p1b: Farigiraf\n|-damage|p1b: Farigiraf|0 fnt\n|faint|p1b: Farigiraf\n|-damage|p2a: Basculegion|20/100|[from] Recoil\n|move|p2b: Delphox|Substitute|p2b: Delphox\n|-start|p2b: Delphox|Substitute\n|-damage|p2b: Delphox|53/100\n|\n|upkeep\n|\n|t:|1776264384\n|switch|p1b: Golurk|Golurk, L50, shiny|100/100\n|turn|3\n|inactive|tempamental has 30 seconds left.\n|\n|t:|1776264409\n|switch|p2a: Clefable|Clefable, L50, M|100/100\n|detailschange|p1b: Golurk|Golurk-Mega, L50, shiny\n|-mega|p1b: Golurk|Golurk|Golurkite\n|move|p1b: Golurk|Poltergeist|p2a: Clefable\n|-activate|p2a: Clefable|move: Poltergeist|Sitrus Berry\n|-damage|p2a: Clefable|43/100\n|-enditem|p2a: Clefable|Sitrus Berry|[eat]\n|-heal|p2a: Clefable|67/100|[from] item: Sitrus Berry\n|move|p1a: Sneasler|Coaching|p1b: Golurk\n|-boost|p1b: Golurk|atk|1\n|-boost|p1b: Golurk|def|1\n|move|p2b: Delphox|Psychic|p1a: Sneasler\n|-supereffective|p1a: Sneasler|2\n|-damage|p1a: Sneasler|0 fnt\n|faint|p1a: Sneasler\n|\n|upkeep\n|\n|t:|1776264419\n|switch|p1a: Torkoal|Torkoal, L50, M, shiny|100/100\n|-weather|SunnyDay|[from] ability: Drought|[of] p1a: Torkoal\n|turn|4\n|\n|t:|1776264433\n|move|p2a: Clefable|Follow Me|p2a: Clefable\n|-singleturn|p2a: Clefable|move: Follow Me\n|move|p1a: Torkoal|Eruption|p2b: Delphox|[spread] p2a,p2b\n|-resisted|p2b: Delphox|1\n|-end|p2b: Delphox|Substitute\n|-damage|p2a: Clefable|0 fnt\n|faint|p2a: Clefable\n|move|p1b: Golurk|Poltergeist|p2b: Delphox\n|-activate|p2b: Delphox|move: Poltergeist|Delphoxite\n|-supereffective|p2b: Delphox|1\n|-damage|p2b: Delphox|0 fnt\n|faint|p2b: Delphox\n|\n|-weather|SunnyDay|[upkeep]\n|upkeep\n|\n|t:|1776264443\n|switch|p2a: Kingambit|Kingambit, L50, M|100/100\n|switch|p2b: Basculegion|Basculegion, L50, M|20/100\n|turn|5\n|\n|t:|1776264458\n|move|p2a: Kingambit|Protect|p2a: Kingambit\n|-singleturn|p2a: Kingambit|Protect\n|move|p1a: Torkoal|Eruption|p2a: Kingambit|[spread] p2b\n|-activate|p2a: Kingambit|move: Protect\n|-resisted|p2b: Basculegion|1\n|-damage|p2b: Basculegion|0 fnt\n|faint|p2b: Basculegion\n|move|p1b: Golurk|Drain Punch|p2a: Kingambit\n|-supereffective|p2a: Kingambit|2\n|-ability|p1b: Golurk|Unseen Fist\n|-zbroken|p2a: Kingambit\n|-damage|p2a: Kingambit|64/100\n|\n|-weather|SunnyDay|[upkeep]\n|-fieldend|move: Trick Room\n|upkeep\n|turn|6\n|-message|tempamental forfeited.\n|\n|win|DeShawn Banks\n|raw|DeShawn Banks's rating: 1080 &rarr; <strong>1102</strong><br />(+22 for winning)\n|raw|tempamental's rating: 1000 &rarr; <strong>1000</strong><br />(+0 for losing)\n|l|\u2606tempamental\n|player|p2|\n",
  "uploadtime": 1776264468,
  "views": 22,
  "formatid": "gen9championsvgc2026regma",
  "rating": 1000,
  "private": 0,
  "password": null
}