{
  "id": "gen9championsvgc2026regma-2582400453",
  "format": "[Gen 9 Champions] VGC 2026 Reg M-A",
  "players": [
    "tastyfloop",
    "surprisinglylucky"
  ],
  "log": "|j|\u2606tastyfloop\n|j|\u2606surprisinglylucky\n|t:|1776089197\n|gametype|doubles\n|player|p1|tastyfloop|ghetsis|1083\n|player|p2|surprisinglylucky|266|1063\n|gen|9\n|tier|[Gen 9 Champions] VGC 2026 Reg M-A\n|rated|\n|rule|Species Clause: Limit one of each Pok\u00e9mon\n|rule|Item Clause: Limit 1 of each item\n|clearpoke\n|poke|p1|Basculegion, L50, M|\n|poke|p1|Archaludon, L50, M|\n|poke|p1|Sinistcha, L50|\n|poke|p1|Pelipper, L50, F|\n|poke|p1|Gengar, L50, F|\n|poke|p1|Sneasler, L50, F|\n|poke|p2|Absol, L50, F|\n|poke|p2|Volcarona, L50, F|\n|poke|p2|Sneasler, L50, F|\n|poke|p2|Incineroar, L50, F|\n|poke|p2|Ninetales-Alola, L50, F|\n|poke|p2|Rotom-Wash, L50|\n|teampreview|4\n|\n|t:|1776089246\n|teamsize|p1|4\n|teamsize|p2|4\n|start\n|switch|p1a: exhibit c|Archaludon, L50, M|100/100\n|switch|p1b: no sun pls|Pelipper, L50, F|100/100\n|switch|p2a: Absol|Absol, L50, F|100/100\n|switch|p2b: Incineroar|Incineroar, L50, F|100/100\n|-weather|RainDance|[from] ability: Drizzle|[of] p1b: no sun pls\n|-ability|p2b: Incineroar|Intimidate|boost\n|-unboost|p1a: exhibit c|atk|1\n|-unboost|p1b: no sun pls|atk|1\n|turn|1\n|\n|t:|1776089297\n|switch|p1a: don't blink|Gengar, L50, F|100/100\n|detailschange|p2a: Absol|Absol-Mega, L50, F\n|-mega|p2a: Absol|Absol|Absolite\n|move|p1b: no sun pls|Protect|p1b: no sun pls\n|-singleturn|p1b: no sun pls|Protect\n|move|p2b: Incineroar|Fake Out|p1a: don't blink\n|-immune|p1a: don't blink\n|move|p2a: Absol|Swords Dance|p2a: Absol\n|-boost|p2a: Absol|atk|2\n|\n|-weather|RainDance|[upkeep]\n|upkeep\n|turn|2\n|\n|t:|1776089330\n|detailschange|p1a: don't blink|Gengar-Mega, L50, F\n|-mega|p1a: don't blink|Gengar|Gengarite\n|move|p1a: don't blink|Protect|p1a: don't blink\n|-singleturn|p1a: don't blink|Protect\n|move|p2a: Absol|Rock Slide|p1a: don't blink|[spread] p1b\n|-activate|p1a: don't blink|move: Protect\n|-supereffective|p1b: no sun pls|1\n|-enditem|p1b: no sun pls|Focus Sash\n|-damage|p1b: no sun pls|1/100\n|move|p1b: no sun pls|Tailwind|p1b: no sun pls\n|-sidestart|p1: tastyfloop|move: Tailwind\n|move|p2b: Incineroar|Darkest Lariat|p1a: don't blink\n|-activate|p1a: don't blink|move: Protect\n|\n|-weather|RainDance|[upkeep]\n|upkeep\n|turn|3\n|\n|t:|1776089353\n|switch|p1a: exhibit c|Archaludon, L50, M|100/100\n|move|p1b: no sun pls|Wide Guard|p1b: no sun pls\n|-singleturn|p1b: no sun pls|Wide Guard\n|move|p2a: Absol|Rock Slide|p1b: no sun pls|[spread] \n|-activate|p1a: exhibit c|move: Wide Guard\n|-activate|p1b: no sun pls|move: Wide Guard\n|move|p2b: Incineroar|Parting Shot|p1a: exhibit c\n|-unboost|p1a: exhibit c|atk|1\n|-unboost|p1a: exhibit c|spa|1\n|\n|t:|1776089364\n|switch|p2b: Ninetales|Ninetales-Alola, L50, F|100/100|[from] Parting Shot\n|-weather|Snowscape|[from] ability: Snow Warning|[of] p2b: Ninetales\n|\n|-weather|Snowscape|[upkeep]\n|upkeep\n|turn|4\n|\n|t:|1776089378\n|switch|p1b: tuff ahh esdeekid|Sneasler, L50, F|100/100\n|move|p1a: exhibit c|Flash Cannon|p2b: Ninetales\n|-supereffective|p2b: Ninetales|2\n|-enditem|p2b: Ninetales|Focus Sash\n|-damage|p2b: Ninetales|1/100\n|move|p2b: Ninetales|Aurora Veil|p2b: Ninetales\n|-sidestart|p2: surprisinglylucky|move: Aurora Veil\n|move|p2a: Absol|Knock Off|p1a: exhibit c\n|-ability|p1a: exhibit c|Sturdy\n|-damage|p1a: exhibit c|1/100\n|-enditem|p1a: exhibit c|Leftovers|[from] move: Knock Off|[of] p2a: Absol\n|\n|-weather|Snowscape|[upkeep]\n|upkeep\n|turn|5\n|\n|t:|1776089419\n|switch|p2b: Incineroar|Incineroar, L50, F|100/100\n|-ability|p2b: Incineroar|Intimidate|boost\n|-unboost|p1a: exhibit c|atk|1\n|-unboost|p1b: tuff ahh esdeekid|atk|1\n|-enditem|p1b: tuff ahh esdeekid|White Herb\n|-clearnegativeboost|p1b: tuff ahh esdeekid|[silent]\n|move|p2a: Absol|Protect|p2a: Absol\n|-singleturn|p2a: Absol|Protect\n|move|p1b: tuff ahh esdeekid|Fake Out|p2a: Absol\n|-activate|p2a: Absol|move: Protect\n|move|p1a: exhibit c|Flash Cannon|p2b: Incineroar\n|-resisted|p2b: Incineroar|1\n|-damage|p2b: Incineroar|92/100\n|-unboost|p2b: Incineroar|spd|1\n|\n|-weather|Snowscape|[upkeep]\n|-sideend|p1: tastyfloop|move: Tailwind\n|upkeep\n|turn|6\n|\n|t:|1776089450\n|move|p1b: tuff ahh esdeekid|Protect|p1b: tuff ahh esdeekid\n|-singleturn|p1b: tuff ahh esdeekid|Protect\n|move|p1a: exhibit c|Protect|p1a: exhibit c\n|-singleturn|p1a: exhibit c|Protect\n|move|p2b: Incineroar|Fake Out|p1b: tuff ahh esdeekid\n|-activate|p1b: tuff ahh esdeekid|move: Protect\n|move|p2a: Absol|Rock Slide|p1a: exhibit c|[spread] \n|-activate|p1a: exhibit c|move: Protect\n|-activate|p1b: tuff ahh esdeekid|move: Protect\n|\n|-weather|Snowscape|[upkeep]\n|upkeep\n|turn|7\n|\n|t:|1776089484\n|move|p2a: Absol|Protect|p2a: Absol\n|-singleturn|p2a: Absol|Protect\n|move|p1b: tuff ahh esdeekid|Close Combat|p2a: Absol\n|-activate|p2a: Absol|move: Protect\n|move|p1a: exhibit c|Draco Meteor|p2b: Incineroar\n|-damage|p2b: Incineroar|41/100\n|-unboost|p1a: exhibit c|spa|2\n|-enditem|p2b: Incineroar|Sitrus Berry|[eat]\n|-heal|p2b: Incineroar|65/100|[from] item: Sitrus Berry\n|move|p2b: Incineroar|Flare Blitz|p1b: tuff ahh esdeekid\n|-crit|p1b: tuff ahh esdeekid\n|-damage|p1b: tuff ahh esdeekid|0 fnt\n|faint|p1b: tuff ahh esdeekid\n|-damage|p2b: Incineroar|40/100|[from] Recoil\n|\n|-weather|none\n|upkeep\n|\n|t:|1776089500\n|switch|p1b: no sun pls|Pelipper, L50, F|1/100\n|-weather|RainDance|[from] ability: Drizzle|[of] p1b: no sun pls\n|turn|8\n|\n|t:|1776089514\n|move|p2a: Absol|Knock Off|p1a: exhibit c\n|-damage|p1a: exhibit c|0 fnt\n|faint|p1a: exhibit c\n|move|p1b: no sun pls|Tailwind|p1b: no sun pls\n|-sidestart|p1: tastyfloop|move: Tailwind\n|move|p2b: Incineroar|Darkest Lariat|p1b: no sun pls\n|-damage|p1b: no sun pls|0 fnt\n|faint|p1b: no sun pls\n|\n|-weather|RainDance|[upkeep]\n|-sideend|p2: surprisinglylucky|move: Aurora Veil\n|upkeep\n|c|\u2606tastyfloop|gg\n|-message|tastyfloop forfeited.\n|\n|win|surprisinglylucky\n|raw|tastyfloop's rating: 1083 &rarr; <strong>1059</strong><br />(-24 for losing)\n|raw|surprisinglylucky's rating: 1063 &rarr; <strong>1095</strong><br />(+32 for winning)\n",
  "uploadtime": 1776089533,
  "views": 20,
  "formatid": "gen9championsvgc2026regma",
  "rating": 1059,
  "private": 0,
  "password": null
}