{
  "id": "gen9championsvgc2026regma-2581240262",
  "format": "[Gen 9 Champions] VGC 2026 Reg M-A",
  "players": [
    "Leadeon",
    "Poke Chiyo"
  ],
  "log": "|j|\u2606Leadeon\n|j|\u2606Poke Chiyo\n|t:|1775974961\n|gametype|doubles\n|player|p1|Leadeon|colress|1369\n|player|p2|Poke Chiyo|1|1401\n|gen|9\n|tier|[Gen 9 Champions] VGC 2026 Reg M-A\n|rated|\n|rule|Species Clause: Limit one of each Pok\u00e9mon\n|rule|Item Clause: Limit 1 of each item\n|clearpoke\n|poke|p1|Delphox, L50, F|\n|poke|p1|Garchomp, L50, F|\n|poke|p1|Incineroar, L50, F|\n|poke|p1|Sneasler, L50, M|\n|poke|p1|Floette-Eternal, L50, F|\n|poke|p1|Kingambit, L50, M|\n|poke|p2|Gardevoir, L50, F|\n|poke|p2|Incineroar, L50, M|\n|poke|p2|Maushold-Four, L50|\n|poke|p2|Aerodactyl, L50, M|\n|poke|p2|Milotic, L50, F|\n|poke|p2|Sinistcha, L50|\n|teampreview|4\n|j| gE1xjZRtuhW2DdT0AK\nLeadeon has agreed to open team sheets.\n|inactive|Battle timer is ON: inactive players will automatically lose when time's up. (requested by Leadeon)\n|\n|t:|1775975018\n|teamsize|p1|4\n|teamsize|p2|4\n|start\n|switch|p1a: Kingambit|Kingambit, L50, M|100/100\n|switch|p1b: Sneasler|Sneasler, L50, M|100/100\n|switch|p2a: Gardevoir|Gardevoir, L50, F|100/100\n|switch|p2b: Maushold|Maushold-Four, L50|100/100\n|-ability|p2a: Gardevoir|Defiant|Trace|[from] ability: Trace|[of] p1a: Kingambit\n|turn|1\n|inactive|Poke Chiyo has 30 seconds left.\n|\n|t:|1775975047\n|move|p2a: Gardevoir|Protect|p2a: Gardevoir\n|-singleturn|p2a: Gardevoir|Protect\n|move|p1b: Sneasler|Fake Out|p2b: Maushold\n|-damage|p2b: Maushold|82/100\n|cant|p2b: Maushold|flinch\n|move|p1a: Kingambit|Iron Head|p2a: Gardevoir\n|-activate|p2a: Gardevoir|move: Protect\n|\n|upkeep\n|turn|2\n|j| Namcan\n|inactive|Leadeon has 30 seconds left.\n|\n|t:|1775975078\n|switch|p1b: Incineroar|Incineroar, L50, F|100/100\n|-ability|p1b: Incineroar|Intimidate|boost\n|-unboost|p2a: Gardevoir|atk|1\n|-ability|p2a: Gardevoir|Defiant|boost\n|-boost|p2a: Gardevoir|atk|2\n|-unboost|p2b: Maushold|atk|1\n|detailschange|p2a: Gardevoir|Gardevoir-Mega, L50, F\n|-mega|p2a: Gardevoir|Gardevoir|Gardevoirite\n|move|p2b: Maushold|Follow Me|p2b: Maushold\n|-singleturn|p2b: Maushold|move: Follow Me\n|move|p2a: Gardevoir|Hyper Voice|p1b: Incineroar|[spread] p1a,p1b\n|-damage|p1a: Kingambit|48/100\n|-damage|p1b: Incineroar|57/100\n|move|p1a: Kingambit|Iron Head|p2b: Maushold\n|-damage|p2b: Maushold|32/100\n|\n|-heal|p1b: Incineroar|63/100|[from] item: Leftovers\n|upkeep\n|turn|3\n|inactive|Leadeon has 30 seconds left.\n|inactive|Poke Chiyo has 30 seconds left.\n|\n|t:|1775975107\n|move|p2b: Maushold|Protect|p2b: Maushold\n|-singleturn|p2b: Maushold|Protect\n|move|p2a: Gardevoir|Protect|p2a: Gardevoir\n|-singleturn|p2a: Gardevoir|Protect\n|move|p1b: Incineroar|Fake Out|p2a: Gardevoir\n|-activate|p2a: Gardevoir|move: Protect\n|move|p1a: Kingambit|Iron Head|p2b: Maushold\n|-activate|p2b: Maushold|move: Protect\n|\n|-heal|p1b: Incineroar|69/100|[from] item: Leftovers\n|upkeep\n|turn|4\n|\n|t:|1775975122\n|move|p2b: Maushold|Follow Me|p2b: Maushold\n|-singleturn|p2b: Maushold|move: Follow Me\n|move|p2a: Gardevoir|Hyper Voice|p1a: Kingambit|[spread] p1a,p1b\n|-damage|p1a: Kingambit|0 fnt\n|-damage|p1b: Incineroar|21/100\n|faint|p1a: Kingambit\n|move|p1b: Incineroar|Flare Blitz|p2b: Maushold\n|-damage|p2b: Maushold|0 fnt\n|faint|p2b: Maushold\n|-damage|p1b: Incineroar|12/100|[from] Recoil\n|\n|-heal|p1b: Incineroar|18/100|[from] item: Leftovers\n|upkeep\n|\n|t:|1775975137\n|switch|p2b: Incineroar|Incineroar, L50, M|100/100\n|switch|p1a: Sneasler|Sneasler, L50, M|100/100\n|-ability|p2b: Incineroar|Intimidate|boost\n|-unboost|p1a: Sneasler|atk|1\n|-unboost|p1b: Incineroar|atk|1\n|-enditem|p1a: Sneasler|White Herb\n|-clearnegativeboost|p1a: Sneasler|[silent]\n|turn|5\n|j| Jackie67890\n|\n|t:|1775975171\n|move|p2a: Gardevoir|Protect|p2a: Gardevoir\n|-singleturn|p2a: Gardevoir|Protect\n|move|p1a: Sneasler|Fake Out|p2a: Gardevoir\n|-activate|p2a: Gardevoir|move: Protect\n|move|p1b: Incineroar|Flare Blitz|p2a: Gardevoir\n|-activate|p2a: Gardevoir|move: Protect\n|move|p2b: Incineroar|Parting Shot|p1a: Sneasler\n|-unboost|p1a: Sneasler|atk|1\n|-unboost|p1a: Sneasler|spa|1\n|\n|t:|1775975180\n|switch|p2b: Milotic|Milotic, L50, F|100/100|[from] Parting Shot\n|\n|-heal|p1b: Incineroar|24/100|[from] item: Leftovers\n|upkeep\n|turn|6\n|\n|t:|1775975190\n|switch|p2b: Incineroar|Incineroar, L50, M|100/100\n|-ability|p2b: Incineroar|Intimidate|boost\n|-unboost|p1a: Sneasler|atk|1\n|-unboost|p1b: Incineroar|atk|1\n|move|p1a: Sneasler|Dire Claw|p2a: Gardevoir\n|-supereffective|p2a: Gardevoir|1\n|-crit|p2a: Gardevoir\n|-damage|p2a: Gardevoir|0 fnt\n|faint|p2a: Gardevoir\n|move|p1b: Incineroar|Parting Shot|p2b: Incineroar\n|-unboost|p2b: Incineroar|atk|1\n|-unboost|p2b: Incineroar|spa|1\n|c|\u2606Leadeon|srry\n|\n|t:|1775975200\n|switch|p1b: Floette|Floette-Eternal, L50, F|100/100|[from] Parting Shot\n|\n|upkeep\n|\n|t:|1775975206\n|switch|p2a: Milotic|Milotic, L50, F|100/100\n|turn|7\n|-message|Poke Chiyo forfeited.\n|\n|win|Leadeon\n|raw|Leadeon's rating: 1369 &rarr; <strong>1391</strong><br />(+22 for winning)\n|raw|Poke Chiyo's rating: 1401 &rarr; <strong>1379</strong><br />(-22 for losing)\n|l|\u2606Poke Chiyo\n|player|p2|\n",
  "uploadtime": 1775975301,
  "views": 48,
  "formatid": "gen9championsvgc2026regma",
  "rating": 1379,
  "private": 0,
  "password": null
}