{
  "id": "gen9championsvgc2026regma-2584173503",
  "format": "[Gen 9 Champions] VGC 2026 Reg M-A",
  "players": [
    "shau0070",
    "Spark the Pikagoss"
  ],
  "log": "|j|\u2606shau0070\n|j|\u2606Spark the Pikagoss\n|t:|1776234165\n|gametype|doubles\n|player|p1|shau0070|rocketgrunt|1242\n|player|p2|Spark the Pikagoss|gentleman|1190\n|gen|9\n|tier|[Gen 9 Champions] VGC 2026 Reg M-A\n|rated|\n|rule|Species Clause: Limit one of each Pok\u00e9mon\n|rule|Item Clause: Limit 1 of each item\n|clearpoke\n|poke|p1|Sneasler, L50, M|\n|poke|p1|Sinistcha, L50|\n|poke|p1|Charizard, L50, M|\n|poke|p1|Garchomp, L50, M|\n|poke|p1|Whimsicott, L50, M|\n|poke|p1|Vivillon-Icy Snow, L50, F|\n|poke|p2|Politoed, L50, F|\n|poke|p2|Gengar, L50, M|\n|poke|p2|Incineroar, L50, F|\n|poke|p2|Maushold, L50|\n|poke|p2|Basculegion, L50, M|\n|poke|p2|Archaludon, L50, M|\n|teampreview|4\nshau0070 rejected open team sheets.\n|inactive|Battle timer is ON: inactive players will automatically lose when time's up. (requested by shau0070)\n|inactive|Spark the Pikagoss has 60 seconds left.\n|\n|t:|1776234225\n|teamsize|p1|4\n|teamsize|p2|4\n|start\n|switch|p1a: Whimsicott|Whimsicott, L50, M|100/100\n|switch|p1b: Vivillon|Vivillon-Icy Snow, L50, F|100/100\n|switch|p2a: Incineroar|Incineroar, L50, F|100/100\n|switch|p2b: Gengar|Gengar, L50, M|100/100\n|-ability|p2a: Incineroar|Intimidate|boost\n|-unboost|p1a: Whimsicott|atk|1\n|-unboost|p1b: Vivillon|atk|1\n|turn|1\n|inactive|Spark the Pikagoss has 30 seconds left.\n|\n|t:|1776234251\n|detailschange|p2b: Gengar|Gengar-Mega, L50, M\n|-mega|p2b: Gengar|Gengar|Gengarite\n|move|p2a: Incineroar|Fake Out|p1b: Vivillon\n|-damage|p1b: Vivillon|84/100\n|move|p1a: Whimsicott|Tailwind|p1a: Whimsicott\n|-sidestart|p1: shau0070|move: Tailwind\n|cant|p1b: Vivillon|flinch\n|move|p2b: Gengar|Sludge Bomb|p1b: Vivillon\n|-damage|p1b: Vivillon|0 fnt\n|faint|p1b: Vivillon\n|\n|upkeep\n|\n|t:|1776234265\n|switch|p1b: Sneasler|Sneasler, L50, M|100/100\n|turn|2\n|inactive|shau0070 has 30 seconds left.\n|\n|t:|1776234296\n|switch|p2a: Basculegion|Basculegion, L50, M|100/100\n|move|p2b: Gengar|Protect|p2b: Gengar\n|-singleturn|p2b: Gengar|Protect\n|move|p1a: Whimsicott|Encore||[still]\n|-fail|p1a: Whimsicott\n|move|p1b: Sneasler|Dire Claw|p2b: Gengar\n|-activate|p2b: Gengar|move: Protect\n|\n|upkeep\n|turn|3\n|inactive|Spark the Pikagoss has 30 seconds left.\n|\n|t:|1776234324\n|switch|p2b: Politoed|Politoed, L50, F|100/100\n|-weather|RainDance|[from] ability: Drizzle|[of] p2b: Politoed\n|move|p1b: Sneasler|Dire Claw|p2a: Basculegion\n|-resisted|p2a: Basculegion|1\n|-damage|p2a: Basculegion|75/100\n|-status|p2a: Basculegion|par\n|move|p1a: Whimsicott|Moonblast|p2a: Basculegion\n|-damage|p2a: Basculegion|38/100 par\n|move|p2a: Basculegion|Wave Crash|p1b: Sneasler\n|-damage|p1b: Sneasler|0 fnt\n|faint|p1b: Sneasler\n|-damage|p2a: Basculegion|11/100 par|[from] Recoil\n|\n|-weather|RainDance|[upkeep]\n|upkeep\n|\n|t:|1776234339\n|switch|p1b: Charizard|Charizard, L50, M|100/100\n|turn|4\n|\n|t:|1776234359\n|switch|p2b: Incineroar|Incineroar, L50, F|100/100\n|-ability|p2b: Incineroar|Intimidate|boost\n|-unboost|p1a: Whimsicott|atk|1\n|-unboost|p1b: Charizard|atk|1\n|detailschange|p1b: Charizard|Charizard-Mega-Y, L50, M\n|-mega|p1b: Charizard|Charizard|Charizardite Y\n|-weather|SunnyDay|[from] ability: Drought|[of] p1b: Charizard\n|move|p1a: Whimsicott|Moonblast|p2a: Basculegion\n|-damage|p2a: Basculegion|0 fnt\n|faint|p2a: Basculegion\n|move|p1b: Charizard|Air Slash|p2b: Incineroar\n|-damage|p2b: Incineroar|67/100\n|\n|-weather|SunnyDay|[upkeep]\n|-sideend|p1: shau0070|move: Tailwind\n|upkeep\n|\n|t:|1776234372\n|switch|p2a: Politoed|Politoed, L50, F|100/100\n|-weather|RainDance|[from] ability: Drizzle|[of] p2a: Politoed\n|turn|5\n|inactive|shau0070 has 30 seconds left.\n|inactive|Spark the Pikagoss has 30 seconds left.\n|\n|t:|1776234401\n|move|p1b: Charizard|Protect|p1b: Charizard\n|-singleturn|p1b: Charizard|Protect\n|move|p2b: Incineroar|Fake Out|p1b: Charizard\n|-activate|p1b: Charizard|move: Protect\n|move|p1a: Whimsicott|Moonblast|p2b: Incineroar\n|-damage|p2b: Incineroar|42/100\n|move|p2a: Politoed|Perish Song|p2a: Politoed\n|-start|p1a: Whimsicott|perish3|[silent]\n|-start|p1b: Charizard|perish3|[silent]\n|-start|p2a: Politoed|perish3|[silent]\n|-start|p2b: Incineroar|perish3|[silent]\n|-fieldactivate|move: Perish Song\n|\n|-weather|RainDance|[upkeep]\n|-start|p1a: Whimsicott|perish3\n|-start|p1b: Charizard|perish3\n|-start|p2a: Politoed|perish3\n|-start|p2b: Incineroar|perish3\n|upkeep\n|turn|6\n|\n|t:|1776234422\n|move|p2b: Incineroar|Protect|p2b: Incineroar\n|-singleturn|p2b: Incineroar|Protect\n|move|p1a: Whimsicott|Moonblast|p2b: Incineroar\n|-activate|p2b: Incineroar|move: Protect\n|move|p1b: Charizard|Air Slash|p2a: Politoed|[miss]\n|-miss|p1b: Charizard|p2a: Politoed\n|move|p2a: Politoed|Weather Ball|p1b: Charizard\n|-supereffective|p1b: Charizard|1\n|-damage|p1b: Charizard|18/100\n|\n|-weather|RainDance|[upkeep]\n|-start|p1a: Whimsicott|perish2\n|-start|p1b: Charizard|perish2\n|-start|p2a: Politoed|perish2\n|-start|p2b: Incineroar|perish2\n|upkeep\n|turn|7\n|-message|shau0070 forfeited.\n|\n|win|Spark the Pikagoss\n|raw|shau0070's rating: 1242 &rarr; <strong>1213</strong><br />(-29 for losing)\n|raw|Spark the Pikagoss's rating: 1190 &rarr; <strong>1219</strong><br />(+29 for winning)\n|l|\u2606shau0070\n|player|p1|\n",
  "uploadtime": 1776234438,
  "views": 22,
  "formatid": "gen9championsvgc2026regma",
  "rating": 1213,
  "private": 0,
  "password": null
}