{
  "id": "gen9championsvgc2026regma-2589441225",
  "format": "[Gen 9 Champions] VGC 2026 Reg M-A",
  "players": [
    "nicorniov9",
    "DragonairJordan23"
  ],
  "log": "|j|\u2606nicorniov9\n|j|\u2606DragonairJordan23\n|t:|1776723223\n|gametype|doubles\n|player|p1|nicorniov9|bruno|1184\n|player|p2|DragonairJordan23|dancer|1191\n|gen|9\n|tier|[Gen 9 Champions] VGC 2026 Reg M-A\n|rated|\n|rule|Species Clause: Limit one of each Pok\u00e9mon\n|rule|Item Clause: Limit 1 of each item\n|clearpoke\n|poke|p1|Aegislash, L50, M|\n|poke|p1|Kommo-o, L50, F|\n|poke|p1|Incineroar, L50, M, shiny|\n|poke|p1|Aerodactyl, L50, F, shiny|\n|poke|p1|Meganium, L50, F|\n|poke|p1|Milotic, L50, F|\n|poke|p2|Pelipper, L50, M|\n|poke|p2|Scovillain, L50, M|\n|poke|p2|Archaludon, L50, M|\n|poke|p2|Basculegion, L50, M|\n|poke|p2|Mimikyu, L50, M|\n|poke|p2|Kangaskhan, L50, F|\n|teampreview|4\n|\n|t:|1776723258\n|teamsize|p1|4\n|teamsize|p2|4\n|start\n|switch|p1a: Incineroar|Incineroar, L50, M, shiny|100/100\n|switch|p1b: Aerodactyl|Aerodactyl, L50, F, shiny|100/100\n|switch|p2a: Kangaskhan|Kangaskhan, L50, F|100/100\n|switch|p2b: Scovillain|Scovillain, L50, M|100/100\n|-ability|p1b: Aerodactyl|Unnerve\n|-ability|p1a: Incineroar|Intimidate|boost\n|-fail|p2a: Kangaskhan|unboost|Attack|[from] ability: Scrappy|[of] p2a: Kangaskhan\n|-unboost|p2b: Scovillain|atk|1\n|turn|1\n|\n|t:|1776723276\n|detailschange|p2b: Scovillain|Scovillain-Mega, L50, M\n|-mega|p2b: Scovillain|Scovillain|Scovillainite\n|move|p1b: Aerodactyl|Protect|p1b: Aerodactyl\n|-singleturn|p1b: Aerodactyl|Protect\n|move|p2b: Scovillain|Protect|p2b: Scovillain\n|-singleturn|p2b: Scovillain|Protect\n|move|p2a: Kangaskhan|Fake Out|p1b: Aerodactyl\n|-activate|p1b: Aerodactyl|move: Protect\n|move|p1a: Incineroar|Parting Shot|p2a: Kangaskhan\n|-unboost|p2a: Kangaskhan|atk|1\n|-unboost|p2a: Kangaskhan|spa|1\n|\n|t:|1776723281\n|switch|p1a: Kommo-o|Kommo-o, L50, F|100/100|[from] Parting Shot\n|\n|upkeep\n|turn|2\n|\n|t:|1776723294\n|move|p2b: Scovillain|Rage Powder|p2b: Scovillain\n|-singleturn|p2b: Scovillain|move: Rage Powder\n|move|p1b: Aerodactyl|Tailwind|p1b: Aerodactyl\n|-sidestart|p1: nicorniov9|move: Tailwind\n|move|p1a: Kommo-o|Clangorous Soul|p1a: Kommo-o\n|-boost|p1a: Kommo-o|atk|1\n|-boost|p1a: Kommo-o|def|1\n|-boost|p1a: Kommo-o|spa|1\n|-boost|p1a: Kommo-o|spd|1\n|-boost|p1a: Kommo-o|spe|1\n|-damage|p1a: Kommo-o|68/100\n|move|p2a: Kangaskhan|Last Resort|p1a: Kommo-o\n|-damage|p1a: Kommo-o|41/100\n|\n|-heal|p1a: Kommo-o|47/100|[from] item: Leftovers\n|upkeep\n|turn|3\n|\n|t:|1776723308\n|move|p2b: Scovillain|Rage Powder|p2b: Scovillain\n|-singleturn|p2b: Scovillain|move: Rage Powder\n|move|p1b: Aerodactyl|Rock Slide|p2b: Scovillain|[spread] p2a,p2b\n|-crit|p2a: Kangaskhan\n|-supereffective|p2b: Scovillain|1\n|-damage|p2a: Kangaskhan|59/100\n|-damage|p2b: Scovillain|45/100\n|-status|p1b: Aerodactyl|brn|[from] ability: Spicy Spray|[of] p2b: Scovillain\n|move|p1a: Kommo-o|Clanging Scales|p2a: Kangaskhan|[spread] p2a,p2b\n|-damage|p2a: Kangaskhan|10/100\n|-damage|p2b: Scovillain|0 fnt\n|-status|p1a: Kommo-o|brn|[from] ability: Spicy Spray|[of] p2b: Scovillain\n|faint|p2b: Scovillain\n|-unboost|p1a: Kommo-o|def|1\n|move|p2a: Kangaskhan|Last Resort|p1a: Kommo-o\n|-damage|p1a: Kommo-o|8/100 brn\n|\n|-heal|p1a: Kommo-o|14/100 brn|[from] item: Leftovers\n|-damage|p1b: Aerodactyl|95/100 brn|[from] brn\n|-damage|p1a: Kommo-o|8/100 brn|[from] brn\n|upkeep\n|\n|t:|1776723341\n|switch|p2b: Archaludon|Archaludon, L50, M|100/100\n|turn|4\n|\n|t:|1776723356\n|move|p2b: Archaludon|Protect|p2b: Archaludon\n|-singleturn|p2b: Archaludon|Protect\n|move|p1b: Aerodactyl|Rock Slide|p2b: Archaludon|[spread] p2a\n|-activate|p2b: Archaludon|move: Protect\n|-damage|p2a: Kangaskhan|0 fnt\n|faint|p2a: Kangaskhan\n|move|p1a: Kommo-o|Aura Sphere|p2b: Archaludon\n|-activate|p2b: Archaludon|move: Protect\n|\n|-heal|p1a: Kommo-o|14/100 brn|[from] item: Leftovers\n|-damage|p1b: Aerodactyl|89/100 brn|[from] brn\n|-damage|p1a: Kommo-o|8/100 brn|[from] brn\n|upkeep\n|\n|t:|1776723368\n|switch|p2a: Pelipper|Pelipper, L50, M|100/100\n|-weather|RainDance|[from] ability: Drizzle|[of] p2a: Pelipper\n|turn|5\n|\n|t:|1776723378\n|move|p2b: Archaludon|Protect||[still]\n|-fail|p2b: Archaludon\n|move|p1b: Aerodactyl|Rock Slide|p2a: Pelipper|[spread] p2a,p2b\n|-supereffective|p2a: Pelipper|1\n|-resisted|p2b: Archaludon|1\n|-damage|p2a: Pelipper|65/100\n|-damage|p2b: Archaludon|95/100\n|-ability|p2b: Archaludon|Stamina|boost\n|-boost|p2b: Archaludon|def|1\n|move|p1a: Kommo-o|Clanging Scales|p2a: Pelipper|[spread] p2a,p2b\n|-damage|p2a: Pelipper|0 fnt\n|-damage|p2b: Archaludon|52/100\n|-ability|p2b: Archaludon|Stamina|boost\n|-boost|p2b: Archaludon|def|1\n|faint|p2a: Pelipper\n|-unboost|p1a: Kommo-o|def|1\n|\n|-weather|RainDance|[upkeep]\n|-heal|p1a: Kommo-o|14/100 brn|[from] item: Leftovers\n|-heal|p2b: Archaludon|57/100|[from] item: Leftovers\n|-damage|p1b: Aerodactyl|83/100 brn|[from] brn\n|-damage|p1a: Kommo-o|8/100 brn|[from] brn\n|-sideend|p1: nicorniov9|move: Tailwind\n|upkeep\n|turn|6\n|\n|t:|1776723413\n|move|p1b: Aerodactyl|Tailwind|p1b: Aerodactyl\n|-sidestart|p1: nicorniov9|move: Tailwind\n|move|p1a: Kommo-o|Aura Sphere|p2b: Archaludon\n|-supereffective|p2b: Archaludon|1\n|-damage|p2b: Archaludon|0 fnt\n|faint|p2b: Archaludon\n|\n|win|nicorniov9\n|raw|nicorniov9's rating: 1184 &rarr; <strong>1210</strong><br />(+26 for winning)\n|raw|DragonairJordan23's rating: 1191 &rarr; <strong>1165</strong><br />(-26 for losing)\n",
  "uploadtime": 1776723413,
  "views": 6,
  "formatid": "gen9championsvgc2026regma",
  "rating": 1165,
  "private": 0,
  "password": null
}