{
  "id": "gen9championsvgc2026regma-2587419105",
  "format": "[Gen 9 Champions] VGC 2026 Reg M-A",
  "players": [
    "agn64",
    "seeitallinbloom"
  ],
  "log": "|j|\u2606agn64\n|j|\u2606seeitallinbloom\n|t:|1776530218\n|gametype|doubles\n|player|p1|agn64|101|1210\n|player|p2|seeitallinbloom|lady-gen4|1184\n|gen|9\n|tier|[Gen 9 Champions] VGC 2026 Reg M-A\n|rated|\n|rule|Species Clause: Limit one of each Pok\u00e9mon\n|rule|Item Clause: Limit 1 of each item\n|clearpoke\n|poke|p1|Pelipper, L50, M|\n|poke|p1|Basculegion, L50, M|\n|poke|p1|Sinistcha, L50|\n|poke|p1|Scizor, L50, M|\n|poke|p1|Dragonite, L50, M|\n|poke|p1|Incineroar, L50, F|\n|poke|p2|Whimsicott, L50, M|\n|poke|p2|Gengar, L50, F|\n|poke|p2|Kommo-o, L50, M|\n|poke|p2|Rotom-Wash, L50|\n|poke|p2|Corviknight, L50, F|\n|poke|p2|Typhlosion-Hisui, L50, F|\n|teampreview|4\n|\n|t:|1776530291\n|teamsize|p1|4\n|teamsize|p2|4\n|start\n|switch|p1a: Scizor|Scizor, L50, M|100/100\n|switch|p1b: Incineroar|Incineroar, L50, F|100/100\n|switch|p2a: Whimsicott|Whimsicott, L50, M|100/100\n|switch|p2b: Rotom|Rotom-Wash, L50|100/100\n|-ability|p1b: Incineroar|Intimidate|boost\n|-unboost|p2a: Whimsicott|atk|1\n|-unboost|p2b: Rotom|atk|1\n|turn|1\n|\n|t:|1776530318\n|move|p2a: Whimsicott|Protect|p2a: Whimsicott\n|-singleturn|p2a: Whimsicott|Protect\n|move|p1b: Incineroar|Fake Out|p2a: Whimsicott\n|-activate|p2a: Whimsicott|move: Protect\n|move|p1a: Scizor|Bullet Punch|p2a: Whimsicott\n|-activate|p2a: Whimsicott|move: Protect\n|move|p2b: Rotom|Will-O-Wisp|p1a: Scizor\n|-status|p1a: Scizor|brn\n|\n|-damage|p1a: Scizor|94/100 brn|[from] brn\n|upkeep\n|turn|2\n|\n|t:|1776530347\n|detailschange|p1a: Scizor|Scizor-Mega, L50, M\n|-mega|p1a: Scizor|Scizor|Scizorite\n|move|p2a: Whimsicott|Tailwind|p2a: Whimsicott\n|-sidestart|p2: seeitallinbloom|move: Tailwind\n|move|p1a: Scizor|Bullet Punch|p2a: Whimsicott\n|-supereffective|p2a: Whimsicott|1\n|-damage|p2a: Whimsicott|41/100\n|move|p2b: Rotom|Thunderbolt|p1a: Scizor\n|-damage|p1a: Scizor|63/100 brn\n|move|p1b: Incineroar|Taunt|p2b: Rotom\n|-start|p2b: Rotom|move: Taunt\n|\n|-damage|p1a: Scizor|57/100 brn|[from] brn\n|upkeep\n|turn|3\n|\n|t:|1776530373\n|move|p2a: Whimsicott|Fake Tears|p1a: Scizor\n|-unboost|p1a: Scizor|spd|2\n|move|p1a: Scizor|Bullet Punch|p2b: Rotom\n|-resisted|p2b: Rotom|2\n|-damage|p2b: Rotom|95/100\n|move|p2b: Rotom|Thunderbolt|p1a: Scizor\n|-damage|p1a: Scizor|0 fnt\n|faint|p1a: Scizor\n|move|p1b: Incineroar|Flare Blitz|p2a: Whimsicott\n|-supereffective|p2a: Whimsicott|1\n|-damage|p2a: Whimsicott|0 fnt\n|faint|p2a: Whimsicott\n|-damage|p1b: Incineroar|92/100|[from] Recoil\n|\n|upkeep\n|\n|t:|1776530387\n|switch|p2a: Kommo-o|Kommo-o, L50, M|100/100\n|switch|p1a: Basculegion|Basculegion, L50, M|100/100\n|turn|4\n|\n|t:|1776530402\n|switch|p1b: Pelipper|Pelipper, L50, M|100/100\n|-weather|RainDance|[from] ability: Drizzle|[of] p1b: Pelipper\n|move|p1a: Basculegion|Flip Turn|p2b: Rotom\n|-resisted|p2b: Rotom|1\n|-damage|p2b: Rotom|70/100\n|\n|t:|1776530409\n|switch|p1a: Incineroar|Incineroar, L50, F|92/100|[from] Flip Turn\n|-ability|p1a: Incineroar|Intimidate|boost\n|-unboost|p2a: Kommo-o|atk|1\n|-unboost|p2b: Rotom|atk|1\n|move|p2a: Kommo-o|Aura Sphere|p1b: Pelipper\n|-resisted|p1b: Pelipper|1\n|-crit|p1b: Pelipper\n|-damage|p1b: Pelipper|59/100\n|move|p2b: Rotom|Foul Play|p1a: Incineroar\n|-resisted|p1a: Incineroar|1\n|-damage|p1a: Incineroar|78/100\n|\n|-weather|RainDance|[upkeep]\n|upkeep\n|turn|5\n|\n|t:|1776530424\n|move|p2a: Kommo-o|Protect|p2a: Kommo-o\n|-singleturn|p2a: Kommo-o|Protect\n|move|p1a: Incineroar|Fake Out|p2b: Rotom\n|-damage|p2b: Rotom|55/100\n|cant|p2b: Rotom|flinch\n|move|p1b: Pelipper|Hurricane|p2a: Kommo-o\n|-activate|p2a: Kommo-o|move: Protect\n|\n|-weather|RainDance|[upkeep]\n|-end|p2b: Rotom|move: Taunt\n|-sideend|p2: seeitallinbloom|move: Tailwind\n|upkeep\n|turn|6\n|\n|t:|1776530454\n|switch|p2a: Gengar|Gengar, L50, F|100/100\n|move|p1b: Pelipper|Protect|p1b: Pelipper\n|-singleturn|p1b: Pelipper|Protect\n|move|p2b: Rotom|Thunderbolt|p1b: Pelipper\n|-activate|p1b: Pelipper|move: Protect\n|move|p1a: Incineroar|Parting Shot|p2a: Gengar\n|-unboost|p2a: Gengar|atk|1\n|-unboost|p2a: Gengar|spa|1\n|\n|t:|1776530463\n|switch|p1a: Basculegion|Basculegion, L50, M|100/100|[from] Parting Shot\n|\n|-weather|RainDance|[upkeep]\n|upkeep\n|turn|7\n|\n|t:|1776530477\n|switch|p1b: Incineroar|Incineroar, L50, F|78/100\n|-ability|p1b: Incineroar|Intimidate|boost\n|-unboost|p2a: Gengar|atk|1\n|-unboost|p2b: Rotom|atk|1\n|move|p2a: Gengar|Protect|p2a: Gengar\n|-singleturn|p2a: Gengar|Protect\n|move|p1a: Basculegion|Flip Turn|p2a: Gengar\n|-activate|p2a: Gengar|move: Protect\n|move|p2b: Rotom|Thunderbolt|p1b: Incineroar\n|-damage|p1b: Incineroar|52/100\n|\n|-weather|RainDance|[upkeep]\n|upkeep\n|turn|8\n|\n|t:|1776530494\n|detailschange|p2a: Gengar|Gengar-Mega, L50, F\n|-mega|p2a: Gengar|Gengar|Gengarite\n|move|p1b: Incineroar|Fake Out|p2b: Rotom\n|-damage|p2b: Rotom|40/100\n|-enditem|p2b: Rotom|Sitrus Berry|[eat]\n|-heal|p2b: Rotom|65/100|[from] item: Sitrus Berry\n|move|p1a: Basculegion|Flip Turn|p2a: Gengar\n|-damage|p2a: Gengar|36/100\n|\n|t:|1776530503\n|switch|p1a: Pelipper|Pelipper, L50, M|59/100|[from] Flip Turn\n|move|p2a: Gengar|Shadow Ball|p1a: Pelipper\n|-damage|p1a: Pelipper|3/100\n|cant|p2b: Rotom|flinch\n|\n|-weather|none\n|upkeep\n|turn|9\n|\n|t:|1776530519\n|move|p1a: Pelipper|Protect|p1a: Pelipper\n|-singleturn|p1a: Pelipper|Protect\n|move|p2a: Gengar|Focus Blast|p1b: Incineroar|[miss]\n|-miss|p2a: Gengar|p1b: Incineroar\n|move|p2b: Rotom|Thunderbolt|p1a: Pelipper\n|-activate|p1a: Pelipper|move: Protect\n|move|p1b: Incineroar|Flare Blitz|p2a: Gengar\n|-damage|p2a: Gengar|0 fnt\n|faint|p2a: Gengar\n|-damage|p1b: Incineroar|45/100|[from] Recoil\n|-enditem|p1b: Incineroar|Sitrus Berry|[eat]\n|-heal|p1b: Incineroar|69/100|[from] item: Sitrus Berry\n|\n|upkeep\n|\n|t:|1776530531\n|switch|p2a: Kommo-o|Kommo-o, L50, M|100/100\n|turn|10\n|\n|t:|1776530568\n|move|p2a: Kommo-o|Clangorous Soul|p2a: Kommo-o\n|-boost|p2a: Kommo-o|atk|1\n|-boost|p2a: Kommo-o|def|1\n|-boost|p2a: Kommo-o|spa|1\n|-boost|p2a: Kommo-o|spd|1\n|-boost|p2a: Kommo-o|spe|1\n|-damage|p2a: Kommo-o|68/100\n|move|p1a: Pelipper|Hurricane|p2b: Rotom|[miss]\n|-miss|p1a: Pelipper|p2b: Rotom\n|move|p2b: Rotom|Thunderbolt|p1a: Pelipper\n|-supereffective|p1a: Pelipper|2\n|-damage|p1a: Pelipper|0 fnt\n|faint|p1a: Pelipper\n|move|p1b: Incineroar|Parting Shot|p2b: Rotom\n|-unboost|p2b: Rotom|atk|1\n|-unboost|p2b: Rotom|spa|1\n|\n|t:|1776530579\n|switch|p1b: Basculegion|Basculegion, L50, M|100/100|[from] Parting Shot\n|\n|upkeep\n|\n|t:|1776530581\n|switch|p1a: Incineroar|Incineroar, L50, F|69/100\n|-ability|p1a: Incineroar|Intimidate|boost\n|-unboost|p2a: Kommo-o|atk|1\n|-unboost|p2b: Rotom|atk|1\n|turn|11\n|\n|t:|1776530589\n|move|p1a: Incineroar|Fake Out|p2a: Kommo-o\n|-damage|p2a: Kommo-o|59/100\n|cant|p2a: Kommo-o|flinch\n|move|p1b: Basculegion|Last Respects|p2b: Rotom\n|-damage|p2b: Rotom|0 fnt\n|faint|p2b: Rotom\n|\n|upkeep\n|turn|12\n|\n|t:|1776530602\n|move|p2a: Kommo-o|Clanging Scales|p1b: Basculegion|[spread] p1a,p1b\n|-crit|p1b: Basculegion\n|-damage|p1a: Incineroar|29/100\n|-damage|p1b: Basculegion|8/100\n|-unboost|p2a: Kommo-o|def|1\n|move|p1b: Basculegion|Last Respects|p2a: Kommo-o\n|-damage|p2a: Kommo-o|0 fnt\n|faint|p2a: Kommo-o\n|\n|win|agn64\n|raw|agn64's rating: 1210 &rarr; <strong>1233</strong><br />(+23 for winning)\n|raw|seeitallinbloom's rating: 1184 &rarr; <strong>1161</strong><br />(-23 for losing)\n|l|\u2606seeitallinbloom\n|player|p2|\n",
  "uploadtime": 1776530624,
  "views": 16,
  "formatid": "gen9championsvgc2026regma",
  "rating": 1161,
  "private": 0,
  "password": null
}