{
  "id": "gen9championsvgc2026regma-2583571265",
  "format": "[Gen 9 Champions] VGC 2026 Reg M-A",
  "players": [
    "BabyBirdLucy",
    "vgc tester italy"
  ],
  "log": "|j|\u2606BabyBirdLucy\n|j|\u2606vgc tester italy\n|t:|1776184017\n|gametype|doubles\n|player|p1|BabyBirdLucy|red-gen2|1158\n|player|p2|vgc tester italy|266|1199\n|gen|9\n|tier|[Gen 9 Champions] VGC 2026 Reg M-A\n|rated|\n|rule|Species Clause: Limit one of each Pok\u00e9mon\n|rule|Item Clause: Limit 1 of each item\n|clearpoke\n|poke|p1|Aerodactyl, L50, F|\n|poke|p1|Meganium, L50, M|\n|poke|p1|Typhlosion-Hisui, L50, F|\n|poke|p1|Glimmora, L50, M|\n|poke|p1|Gyarados, L50, F|\n|poke|p1|Sneasler, L50, F|\n|poke|p2|Glimmora, L50, M|\n|poke|p2|Corviknight, L50, M|\n|poke|p2|Dragonite, L50, M|\n|poke|p2|Rotom-Heat, L50|\n|poke|p2|Krookodile, L50, M|\n|poke|p2|Basculegion, L50, M|\n|teampreview|4\n|\n|t:|1776184065\n|teamsize|p1|4\n|teamsize|p2|4\n|start\n|switch|p1a: Aerodactyl|Aerodactyl, L50, F|100/100\n|switch|p1b: Typhlosion|Typhlosion-Hisui, L50, F|100/100\n|switch|p2a: Glimmora|Glimmora, L50, M, shiny|100/100\n|switch|p2b: Basculegion|Basculegion, L50, M, shiny|100/100\n|-ability|p1a: Aerodactyl|Unnerve\n|-item|p2a: Glimmora|Glimmoranite|[from] ability: Frisk|[of] p1b: Typhlosion\n|-item|p2b: Basculegion|Choice Scarf|[from] ability: Frisk|[of] p1b: Typhlosion\n|turn|1\n|\n|t:|1776184105\n|detailschange|p2a: Glimmora|Glimmora-Mega, L50, M, shiny\n|-mega|p2a: Glimmora|Glimmora|Glimmoranite\n|move|p1b: Typhlosion|Shadow Ball|p2b: Basculegion\n|-supereffective|p2b: Basculegion|1\n|-damage|p2b: Basculegion|0 fnt\n|faint|p2b: Basculegion\n|move|p1a: Aerodactyl|Tailwind|p1a: Aerodactyl\n|-sidestart|p1: BabyBirdLucy|move: Tailwind\n|move|p2a: Glimmora|Power Gem|p1a: Aerodactyl\n|-supereffective|p1a: Aerodactyl|1\n|-enditem|p1a: Aerodactyl|Focus Sash\n|-damage|p1a: Aerodactyl|1/100\n|\n|upkeep\n|\n|t:|1776184121\n|switch|p2b: Dragonite|Dragonite, L50, M, shiny|100/100\n|turn|2\n|\n|t:|1776184138\n|move|p2b: Dragonite|Extreme Speed|p1a: Aerodactyl\n|-resisted|p1a: Aerodactyl|1\n|-damage|p1a: Aerodactyl|0 fnt\n|faint|p1a: Aerodactyl\n|move|p1b: Typhlosion|Shadow Ball|p2a: Glimmora\n|-damage|p2a: Glimmora|47/100\n|-unboost|p2a: Glimmora|spd|1\n|move|p2a: Glimmora|Power Gem|p1b: Typhlosion\n|-supereffective|p1b: Typhlosion|1\n|-damage|p1b: Typhlosion|0 fnt\n|faint|p1b: Typhlosion\n|\n|upkeep\n|\n|t:|1776184149\n|switch|p1a: Sneasler|Sneasler, L50, F|100/100\n|switch|p1b: Meganium|Meganium, L50, M|100/100\n|turn|3\n|\n|t:|1776184168\n|switch|p2a: Krookodile|Krookodile, L50, M, shiny|100/100\n|-ability|p2a: Krookodile|Intimidate|boost\n|-unboost|p1a: Sneasler|atk|1\n|-unboost|p1b: Meganium|atk|1\n|-enditem|p1a: Sneasler|White Herb\n|-clearnegativeboost|p1a: Sneasler|[silent]\n|detailschange|p1b: Meganium|Meganium-Mega, L50, M\n|-mega|p1b: Meganium|Meganium|Meganiumite\n|move|p1a: Sneasler|Fake Out|p2b: Dragonite\n|-damage|p2b: Dragonite|84/100\n|move|p1b: Meganium|Solar Beam||[still]\n|-prepare|p1b: Meganium|Solar Beam\n|-activate|p1b: Meganium|ability: Mega Sol\n|-anim|p1b: Meganium|Solar Beam|p2a: Krookodile\n|-supereffective|p2a: Krookodile|1\n|-enditem|p2a: Krookodile|Focus Sash\n|-damage|p2a: Krookodile|1/100\n|move|p2b: Dragonite|Tailwind|p2b: Dragonite\n|-sidestart|p2: vgc tester italy|move: Tailwind\n|\n|upkeep\n|turn|4\n|\n|t:|1776184208\n|move|p2b: Dragonite|Extreme Speed|p1a: Sneasler\n|-damage|p1a: Sneasler|48/100\n|move|p1a: Sneasler|Dire Claw|p2a: Krookodile\n|-resisted|p2a: Krookodile|1\n|-damage|p2a: Krookodile|0 fnt\n|faint|p2a: Krookodile\n|move|p1b: Meganium|Dazzling Gleam|p2b: Dragonite\n|-supereffective|p2b: Dragonite|1\n|-damage|p2b: Dragonite|0 fnt\n|faint|p2b: Dragonite\n|\n|-sideend|p1: BabyBirdLucy|move: Tailwind\n|upkeep\n|\n|t:|1776184218\n|switch|p2b: Glimmora|Glimmora-Mega, L50, M, shiny|47/100\n|turn|5\n|\n|t:|1776184225\n|move|p1a: Sneasler|Close Combat|p2b: Glimmora\n|-damage|p2b: Glimmora|0 fnt\n|-unboost|p1a: Sneasler|def|1\n|-unboost|p1a: Sneasler|spd|1\n|faint|p2b: Glimmora\n|\n|win|BabyBirdLucy\n|raw|BabyBirdLucy's rating: 1158 &rarr; <strong>1186</strong><br />(+28 for winning)\n|raw|vgc tester italy's rating: 1199 &rarr; <strong>1171</strong><br />(-28 for losing)\n|l|\u2606vgc tester italy\n|player|p2|\n",
  "uploadtime": 1776184308,
  "views": 13,
  "formatid": "gen9championsvgc2026regma",
  "rating": 1171,
  "private": 0,
  "password": null
}