{
  "id": "gen9championsvgc2026regma-2589431967",
  "format": "[Gen 9 Champions] VGC 2026 Reg M-A",
  "players": [
    "Nxnsnanx",
    "gonegeb"
  ],
  "log": "|j|\u2606Nxnsnanx\n|j|\u2606gonegeb\n|t:|1776722434\n|gametype|doubles\n|player|p1|Nxnsnanx|170|1000\n|player|p2|gonegeb|corbeau|1093\n|gen|9\n|tier|[Gen 9 Champions] VGC 2026 Reg M-A\n|rated|\n|rule|Species Clause: Limit one of each Pok\u00e9mon\n|rule|Item Clause: Limit 1 of each item\n|clearpoke\n|poke|p1|Tyranitar, L50, F|\n|poke|p1|Excadrill, L50, F|\n|poke|p1|Corviknight, L50, M|\n|poke|p1|Incineroar, L50, M|\n|poke|p1|Basculegion, L50, M|\n|poke|p1|Sneasler, L50, F|\n|poke|p2|Lucario, L50, M|\n|poke|p2|Umbreon, L50, M, shiny|\n|poke|p2|Arcanine, L50, F, shiny|\n|poke|p2|Ceruledge, L50, M|\n|poke|p2|Corviknight, L50, M|\n|poke|p2|Whimsicott, L50, F, shiny|\n|teampreview|4\n|\n|t:|1776722460\n|teamsize|p1|4\n|teamsize|p2|4\n|start\n|switch|p1a: Tyranitar|Tyranitar, L50, F|100/100\n|switch|p1b: Excadrill|Excadrill, L50, F|100/100\n|switch|p2a: Anubis|Lucario, L50, M|100/100\n|switch|p2b: Luna|Whimsicott, L50, F, shiny|100/100\n|-weather|Sandstorm|[from] ability: Sand Stream|[of] p1a: Tyranitar\n|turn|1\n|\n|t:|1776722491\n|detailschange|p1a: Tyranitar|Tyranitar-Mega, L50, F\n|-mega|p1a: Tyranitar|Tyranitar|Tyranitarite\n|move|p2a: Anubis|Protect|p2a: Anubis\n|-singleturn|p2a: Anubis|Protect\n|move|p2b: Luna|Tailwind|p2b: Luna\n|-sidestart|p2: gonegeb|move: Tailwind\n|move|p1b: Excadrill|Iron Head|p2b: Luna\n|-supereffective|p2b: Luna|1\n|-damage|p2b: Luna|0 fnt\n|faint|p2b: Luna\n|move|p1a: Tyranitar|Rock Slide|p2a: Anubis\n|-activate|p2a: Anubis|move: Protect\n|\n|-weather|Sandstorm|[upkeep]\n|upkeep\n|\n|t:|1776722504\n|switch|p2b: Nuumite|Corviknight, L50, M|100/100\n|-ability|p2b: Nuumite|Pressure\n|turn|2\n|\n|t:|1776722511\n|detailschange|p2a: Anubis|Lucario-Mega, L50, M\n|-mega|p2a: Anubis|Lucario|Lucarionite\n|move|p2a: Anubis|Close Combat|p1b: Excadrill\n|-supereffective|p1b: Excadrill|1\n|-enditem|p1b: Excadrill|Focus Sash\n|-damage|p1b: Excadrill|1/100\n|-unboost|p2a: Anubis|def|1\n|-unboost|p2a: Anubis|spd|1\n|move|p1b: Excadrill|High Horsepower|p2a: Anubis\n|-supereffective|p2a: Anubis|1\n|-damage|p2a: Anubis|0 fnt\n|faint|p2a: Anubis\n|move|p2b: Nuumite|Bulk Up|p2b: Nuumite\n|-boost|p2b: Nuumite|atk|1\n|-boost|p2b: Nuumite|def|1\n|move|p1a: Tyranitar|Dragon Dance|p1a: Tyranitar\n|-boost|p1a: Tyranitar|atk|1\n|-boost|p1a: Tyranitar|spe|1\n|\n|-weather|Sandstorm|[upkeep]\n|upkeep\n|\n|t:|1776722516\n|switch|p2a: Umbra|Umbreon, L50, M, shiny|100/100\n|turn|3\n|\n|t:|1776722536\n|move|p1b: Excadrill|High Horsepower|p2a: Umbra\n|-damage|p2a: Umbra|60/100\n|move|p1a: Tyranitar|Dragon Dance|p1a: Tyranitar\n|-boost|p1a: Tyranitar|atk|1\n|-boost|p1a: Tyranitar|spe|1\n|move|p2b: Nuumite|Bulk Up|p2b: Nuumite\n|-boost|p2b: Nuumite|atk|1\n|-boost|p2b: Nuumite|def|1\n|move|p2a: Umbra|Foul Play|p1b: Excadrill\n|-damage|p1b: Excadrill|0 fnt\n|faint|p1b: Excadrill\n|\n|-weather|Sandstorm|[upkeep]\n|-damage|p2a: Umbra|54/100|[from] Sandstorm\n|-heal|p2a: Umbra|60/100|[from] item: Leftovers\n|upkeep\n|\n|t:|1776722549\n|switch|p1b: Sneasler|Sneasler, L50, F|100/100\n|turn|4\n|\n|t:|1776722561\n|move|p1b: Sneasler|Fake Out|p2a: Umbra\n|-damage|p2a: Umbra|50/100\n|move|p1a: Tyranitar|Rock Slide|p2a: Umbra|[spread] p2b\n|-miss|p1a: Tyranitar|p2a: Umbra\n|-damage|p2b: Nuumite|76/100\n|move|p2b: Nuumite|Brave Bird|p1b: Sneasler\n|-supereffective|p1b: Sneasler|1\n|-damage|p1b: Sneasler|0 fnt\n|faint|p1b: Sneasler\n|-damage|p2b: Nuumite|50/100|[from] Recoil\n|move|p2a: Umbra|Yawn|p1a: Tyranitar\n|-start|p1a: Tyranitar|move: Yawn|[of] p2a: Umbra\n|\n|-weather|Sandstorm|[upkeep]\n|-damage|p2a: Umbra|44/100|[from] Sandstorm\n|-heal|p2a: Umbra|50/100|[from] item: Leftovers\n|-sideend|p2: gonegeb|move: Tailwind\n|upkeep\n|\n|t:|1776722570\n|switch|p1b: Corviknight|Corviknight, L50, M|100/100\n|turn|5\n|\n|t:|1776722579\n|move|p1a: Tyranitar|Rock Slide|p2b: Nuumite|[spread] p2a,p2b\n|-damage|p2a: Umbra|0 fnt\n|-damage|p2b: Nuumite|26/100\n|faint|p2a: Umbra\n|move|p2b: Nuumite|Body Press|p1a: Tyranitar\n|-supereffective|p1a: Tyranitar|2\n|-damage|p1a: Tyranitar|0 fnt\n|faint|p1a: Tyranitar\n|move|p1b: Corviknight|Brave Bird|p2b: Nuumite\n|-resisted|p2b: Nuumite|1\n|-damage|p2b: Nuumite|20/100\n|-damage|p1b: Corviknight|98/100|[from] Recoil\n|\n|-weather|none\n|-heal|p1b: Corviknight|100/100|[from] item: Leftovers\n|upkeep\n|turn|6\n|\n|t:|1776722588\n|move|p2b: Nuumite|Roost|p2b: Nuumite\n|-heal|p2b: Nuumite|70/100\n|-singleturn|p2b: Nuumite|move: Roost\n|move|p1b: Corviknight|Iron Defense|p1b: Corviknight\n|-boost|p1b: Corviknight|def|2\n|\n|upkeep\n|turn|7\n|\n|t:|1776722601\n|move|p2b: Nuumite|Bulk Up|p2b: Nuumite\n|-boost|p2b: Nuumite|atk|1\n|-boost|p2b: Nuumite|def|1\n|move|p1b: Corviknight|Brave Bird|p2b: Nuumite\n|-resisted|p2b: Nuumite|1\n|-damage|p2b: Nuumite|66/100\n|-damage|p1b: Corviknight|99/100|[from] Recoil\n|\n|-heal|p1b: Corviknight|100/100|[from] item: Leftovers\n|upkeep\n|turn|8\n|\n|t:|1776722608\n|move|p1b: Corviknight|Iron Defense|p1b: Corviknight\n|-boost|p1b: Corviknight|def|2\n|move|p2b: Nuumite|Bulk Up|p2b: Nuumite\n|-boost|p2b: Nuumite|atk|1\n|-boost|p2b: Nuumite|def|1\n|\n|upkeep\n|turn|9\n|\n|t:|1776722612\n|move|p2b: Nuumite|Bulk Up|p2b: Nuumite\n|-boost|p2b: Nuumite|atk|1\n|-boost|p2b: Nuumite|def|1\n|move|p1b: Corviknight|Iron Defense|p1b: Corviknight\n|-boost|p1b: Corviknight|def|2\n|\n|upkeep\n|turn|10\n|\n|t:|1776722622\n|move|p1b: Corviknight|Brave Bird|p2b: Nuumite\n|-resisted|p2b: Nuumite|1\n|-damage|p2b: Nuumite|62/100\n|-damage|p1b: Corviknight|99/100|[from] Recoil\n|move|p2b: Nuumite|Bulk Up|p2b: Nuumite\n|-boost|p2b: Nuumite|atk|1\n|-boost|p2b: Nuumite|def|1\n|\n|-heal|p1b: Corviknight|100/100|[from] item: Leftovers\n|upkeep\n|turn|11\n|\n|t:|1776722630\n|move|p2b: Nuumite|Body Press|p1b: Corviknight\n|-damage|p1b: Corviknight|80/100\n|move|p1b: Corviknight|Iron Defense|p1b: Corviknight\n|-boost|p1b: Corviknight|def|0\n|\n|-heal|p1b: Corviknight|86/100|[from] item: Leftovers\n|upkeep\n|turn|12\n|c|\u2606gonegeb|berd time\n|\n|t:|1776722640\n|move|p2b: Nuumite|Body Press|p1b: Corviknight\n|-damage|p1b: Corviknight|68/100\n|move|p1b: Corviknight|Iron Defense|p1b: Corviknight\n|-boost|p1b: Corviknight|def|0\n|\n|-heal|p1b: Corviknight|74/100|[from] item: Leftovers\n|upkeep\n|turn|13\n|\n|t:|1776722649\n|move|p2b: Nuumite|Body Press|p1b: Corviknight\n|-damage|p1b: Corviknight|54/100\n|move|p1b: Corviknight|Roost|p1b: Corviknight\n|-heal|p1b: Corviknight|100/100\n|-singleturn|p1b: Corviknight|move: Roost\n|\n|upkeep\n|turn|14\n|\n|t:|1776722661\n|move|p1b: Corviknight|Brave Bird|p2b: Nuumite\n|-resisted|p2b: Nuumite|1\n|-damage|p2b: Nuumite|59/100\n|-damage|p1b: Corviknight|99/100|[from] Recoil\n|move|p2b: Nuumite|Bulk Up|p2b: Nuumite\n|-boost|p2b: Nuumite|atk|0\n|-boost|p2b: Nuumite|def|0\n|\n|-heal|p1b: Corviknight|100/100|[from] item: Leftovers\n|upkeep\n|turn|15\n|\n|t:|1776722673\n|move|p1b: Corviknight|Brave Bird|p2b: Nuumite\n|-resisted|p2b: Nuumite|1\n|-damage|p2b: Nuumite|56/100\n|-damage|p1b: Corviknight|99/100|[from] Recoil\n|move|p2b: Nuumite|Bulk Up|p2b: Nuumite\n|-boost|p2b: Nuumite|atk|0\n|-boost|p2b: Nuumite|def|0\n|\n|-heal|p1b: Corviknight|100/100|[from] item: Leftovers\n|upkeep\n|turn|16\n|\n|t:|1776722684\n|move|p2b: Nuumite|Bulk Up|p2b: Nuumite\n|-boost|p2b: Nuumite|atk|0\n|-boost|p2b: Nuumite|def|0\n|move|p1b: Corviknight|Brave Bird|p2b: Nuumite\n|-resisted|p2b: Nuumite|1\n|-damage|p2b: Nuumite|53/100\n|-damage|p1b: Corviknight|99/100|[from] Recoil\n|\n|-heal|p1b: Corviknight|100/100|[from] item: Leftovers\n|upkeep\n|turn|17\n|\n|t:|1776722693\n|move|p1b: Corviknight|Protect|p1b: Corviknight\n|-singleturn|p1b: Corviknight|Protect\n|move|p2b: Nuumite|Bulk Up|p2b: Nuumite\n|-boost|p2b: Nuumite|atk|0\n|-boost|p2b: Nuumite|def|0\n|\n|upkeep\n|turn|18\n|\n|t:|1776722699\n|move|p1b: Corviknight|Brave Bird|p2b: Nuumite\n|-resisted|p2b: Nuumite|1\n|-damage|p2b: Nuumite|50/100\n|-damage|p1b: Corviknight|99/100|[from] Recoil\n|move|p2b: Nuumite|Bulk Up|p2b: Nuumite\n|-boost|p2b: Nuumite|atk|0\n|-boost|p2b: Nuumite|def|0\n|\n|-heal|p1b: Corviknight|100/100|[from] item: Leftovers\n|upkeep\n|turn|19\n|\n|t:|1776722704\n|move|p2b: Nuumite|Roost|p2b: Nuumite\n|-heal|p2b: Nuumite|99/100\n|-singleturn|p2b: Nuumite|move: Roost\n|move|p1b: Corviknight|Brave Bird|p2b: Nuumite\n|-resisted|p2b: Nuumite|1\n|-damage|p2b: Nuumite|97/100\n|-damage|p1b: Corviknight|99/100|[from] Recoil\n|\n|-heal|p1b: Corviknight|100/100|[from] item: Leftovers\n|upkeep\n|turn|20\n|\n|t:|1776722712\n|move|p1b: Corviknight|Iron Defense|p1b: Corviknight\n|-boost|p1b: Corviknight|def|0\n|move|p2b: Nuumite|Bulk Up|p2b: Nuumite\n|-boost|p2b: Nuumite|atk|0\n|-boost|p2b: Nuumite|def|0\n|\n|upkeep\n|turn|21\n|\n|t:|1776722715\n|move|p1b: Corviknight|Iron Defense|p1b: Corviknight\n|-boost|p1b: Corviknight|def|0\n|move|p2b: Nuumite|Bulk Up|p2b: Nuumite\n|-boost|p2b: Nuumite|atk|0\n|-boost|p2b: Nuumite|def|0\n|\n|upkeep\n|turn|22\n|\n|t:|1776722718\n|move|p2b: Nuumite|Bulk Up|p2b: Nuumite\n|-boost|p2b: Nuumite|atk|0\n|-boost|p2b: Nuumite|def|0\n|move|p1b: Corviknight|Iron Defense|p1b: Corviknight\n|-boost|p1b: Corviknight|def|0\n|\n|upkeep\n|turn|23\n|\n|t:|1776722722\n|move|p2b: Nuumite|Bulk Up|p2b: Nuumite\n|-boost|p2b: Nuumite|atk|0\n|-boost|p2b: Nuumite|def|0\n|move|p1b: Corviknight|Iron Defense|p1b: Corviknight\n|-boost|p1b: Corviknight|def|0\n|\n|upkeep\n|turn|24\n|\n|t:|1776722725\n|move|p2b: Nuumite|Bulk Up|p2b: Nuumite\n|-boost|p2b: Nuumite|atk|0\n|-boost|p2b: Nuumite|def|0\n|move|p1b: Corviknight|Iron Defense|p1b: Corviknight\n|-boost|p1b: Corviknight|def|0\n|\n|upkeep\n|turn|25\n|\n|t:|1776722730\n|move|p1b: Corviknight|Iron Defense|p1b: Corviknight\n|-boost|p1b: Corviknight|def|0\n|move|p2b: Nuumite|Bulk Up|p2b: Nuumite\n|-boost|p2b: Nuumite|atk|0\n|-boost|p2b: Nuumite|def|0\n|\n|upkeep\n|turn|26\n|\n|t:|1776722732\n|move|p2b: Nuumite|Bulk Up|p2b: Nuumite\n|-boost|p2b: Nuumite|atk|0\n|-boost|p2b: Nuumite|def|0\n|move|p1b: Corviknight|Iron Defense|p1b: Corviknight\n|-boost|p1b: Corviknight|def|0\n|\n|upkeep\n|turn|27\n|\n|t:|1776722734\n|move|p2b: Nuumite|Bulk Up|p2b: Nuumite\n|-boost|p2b: Nuumite|atk|0\n|-boost|p2b: Nuumite|def|0\n|move|p1b: Corviknight|Iron Defense|p1b: Corviknight\n|-boost|p1b: Corviknight|def|0\n|\n|upkeep\n|turn|28\n|\n|t:|1776722738\n|move|p2b: Nuumite|Bulk Up|p2b: Nuumite\n|-boost|p2b: Nuumite|atk|0\n|-boost|p2b: Nuumite|def|0\n|move|p1b: Corviknight|Iron Defense|p1b: Corviknight\n|-boost|p1b: Corviknight|def|0\n|\n|upkeep\n|turn|29\n|\n|t:|1776722744\n|move|p1b: Corviknight|Iron Defense|p1b: Corviknight\n|-boost|p1b: Corviknight|def|0\n|move|p2b: Nuumite|Brave Bird|p1b: Corviknight\n|-resisted|p1b: Corviknight|1\n|-damage|p1b: Corviknight|87/100\n|-damage|p2b: Nuumite|93/100|[from] Recoil\n|\n|-heal|p1b: Corviknight|92/100|[from] item: Leftovers\n|upkeep\n|turn|30\n|\n|t:|1776722747\n|move|p1b: Corviknight|Iron Defense|p1b: Corviknight\n|-boost|p1b: Corviknight|def|0\n|move|p2b: Nuumite|Brave Bird|p1b: Corviknight\n|-resisted|p1b: Corviknight|1\n|-damage|p1b: Corviknight|80/100\n|-damage|p2b: Nuumite|89/100|[from] Recoil\n|\n|-heal|p1b: Corviknight|86/100|[from] item: Leftovers\n|upkeep\n|turn|31\n|\n|t:|1776722752\n|move|p1b: Corviknight|Protect|p1b: Corviknight\n|-singleturn|p1b: Corviknight|Protect\n|move|p2b: Nuumite|Brave Bird|p1b: Corviknight\n|-activate|p1b: Corviknight|move: Protect\n|\n|-heal|p1b: Corviknight|91/100|[from] item: Leftovers\n|upkeep\n|turn|32\n|\n|t:|1776722755\n|move|p1b: Corviknight|Protect||[still]\n|-fail|p1b: Corviknight\n|move|p2b: Nuumite|Brave Bird|p2: Umbra|[notarget]\n|-fail|p2b: Nuumite\n|\n|-heal|p1b: Corviknight|97/100|[from] item: Leftovers\n|upkeep\n|turn|33\n|\n|t:|1776722761\n|move|p1b: Corviknight|Protect|p1b: Corviknight\n|-singleturn|p1b: Corviknight|Protect\n|move|p2b: Nuumite|Brave Bird|p2: Umbra|[notarget]\n|-fail|p2b: Nuumite\n|\n|-heal|p1b: Corviknight|100/100|[from] item: Leftovers\n|upkeep\n|turn|34\n|\n|t:|1776722764\n|move|p1b: Corviknight|Protect||[still]\n|-fail|p1b: Corviknight\n|move|p2b: Nuumite|Brave Bird|p2: Umbra|[notarget]\n|-fail|p2b: Nuumite\n|\n|upkeep\n|turn|35\n|\n|t:|1776722767\n|move|p1b: Corviknight|Protect|p1b: Corviknight\n|-singleturn|p1b: Corviknight|Protect\n|move|p2b: Nuumite|Brave Bird|p2: Umbra|[notarget]\n|-fail|p2b: Nuumite\n|\n|upkeep\n|turn|36\n|\n|t:|1776722771\n|move|p1b: Corviknight|Protect||[still]\n|-fail|p1b: Corviknight\n|move|p2b: Nuumite|Brave Bird|p2: Umbra|[notarget]\n|-fail|p2b: Nuumite\n|\n|upkeep\n|turn|37\n|\n|t:|1776722775\n|move|p1b: Corviknight|Protect|p1b: Corviknight\n|-singleturn|p1b: Corviknight|Protect\n|move|p2b: Nuumite|Brave Bird|p2: Umbra|[notarget]\n|-fail|p2b: Nuumite\n|\n|upkeep\n|turn|38\n|\n|t:|1776722780\n|move|p2b: Nuumite|Brave Bird|p2: Umbra|[notarget]\n|-fail|p2b: Nuumite\n|move|p1b: Corviknight|Roost||[still]\n|-fail|p1b: Corviknight|heal\n|\n|upkeep\n|turn|39\n|\n|t:|1776722792\n|move|p1b: Corviknight|Roost||[still]\n|-fail|p1b: Corviknight|heal\n|move|p2b: Nuumite|Brave Bird|p2: Umbra|[notarget]\n|-fail|p2b: Nuumite\n|\n|upkeep\n|turn|40\n|c|\u2606gonegeb|you know how this ends\n|\n|t:|1776722801\n|move|p2b: Nuumite|Brave Bird|p2: Umbra|[notarget]\n|-fail|p2b: Nuumite\n|move|p1b: Corviknight|Roost||[still]\n|-fail|p1b: Corviknight|heal\n|\n|upkeep\n|turn|41\n|\n|t:|1776722804\n|move|p2b: Nuumite|Brave Bird|p2: Umbra|[notarget]\n|-fail|p2b: Nuumite\n|move|p1b: Corviknight|Roost||[still]\n|-fail|p1b: Corviknight|heal\n|\n|upkeep\n|turn|42\n|\n|t:|1776722807\n|move|p1b: Corviknight|Roost||[still]\n|-fail|p1b: Corviknight|heal\n|move|p2b: Nuumite|Brave Bird|p2: Umbra|[notarget]\n|-fail|p2b: Nuumite\n|\n|upkeep\n|turn|43\n|\n|t:|1776722811\n|move|p1b: Corviknight|Roost||[still]\n|-fail|p1b: Corviknight|heal\n|move|p2b: Nuumite|Brave Bird|p2: Umbra|[notarget]\n|-fail|p2b: Nuumite\n|\n|upkeep\n|turn|44\n|\n|t:|1776722820\n|move|p2b: Nuumite|Roost|p2b: Nuumite\n|-heal|p2b: Nuumite|100/100\n|-singleturn|p2b: Nuumite|move: Roost\n|move|p1b: Corviknight|Roost||[still]\n|-fail|p1b: Corviknight|heal\n|\n|upkeep\n|turn|45\n|\n|t:|1776722829\n|-activate|p1b: Corviknight|move: Struggle\n|move|p1b: Corviknight|Struggle|p2b: Nuumite\n|-damage|p2b: Nuumite|98/100\n|-damage|p1b: Corviknight|75/100|[from] recoil\n|move|p2b: Nuumite|Body Press|p1b: Corviknight\n|-damage|p1b: Corviknight|56/100\n|\n|-heal|p1b: Corviknight|62/100|[from] item: Leftovers\n|upkeep\n|turn|46\n|-message|Nxnsnanx forfeited.\n|\n|win|gonegeb\n|raw|Nxnsnanx's rating: 1000 &rarr; <strong>1000</strong><br />(+0 for losing)\n|raw|gonegeb's rating: 1093 &rarr; <strong>1112</strong><br />(+19 for winning)\n|l|\u2606Nxnsnanx\n|player|p1|\n",
  "uploadtime": 1776722847,
  "views": 4,
  "formatid": "gen9championsvgc2026regma",
  "rating": 1000,
  "private": 0,
  "password": null
}