{
  "id": "gen9championsvgc2026regma-2589459407",
  "format": "[Gen 9 Champions] VGC 2026 Reg M-A",
  "players": [
    "2deiq",
    "Psychic Leader Phi"
  ],
  "log": "|j|\u26062deiq\n|j|\u2606Psychic Leader Phi\n|t:|1776724848\n|gametype|doubles\n|player|p1|2deiq|2|1120\n|player|p2|Psychic Leader Phi|zinnia-masters|1047\n|gen|9\n|tier|[Gen 9 Champions] VGC 2026 Reg M-A\n|rated|\n|rule|Species Clause: Limit one of each Pok\u00e9mon\n|rule|Item Clause: Limit 1 of each item\n|clearpoke\n|poke|p1|Charizard, L50, F|\n|poke|p1|Venusaur, L50, M|\n|poke|p1|Garchomp, L50, M|\n|poke|p1|Milotic, L50, F|\n|poke|p1|Gardevoir, L50, M|\n|poke|p1|Incineroar, L50, F|\n|poke|p2|Oranguru, L50, M|\n|poke|p2|Farigiraf, L50, M|\n|poke|p2|Hatterene, L50, F|\n|poke|p2|Slowbro, L50, M|\n|poke|p2|Starmie, L50|\n|poke|p2|Armarouge, L50, F|\n|teampreview|4\n|\n|t:|1776724893\n|teamsize|p1|4\n|teamsize|p2|4\n|start\n|switch|p1a: Charizard|Charizard, L50, F|100/100\n|switch|p1b: Incineroar|Incineroar, L50, F|100/100\n|switch|p2a: Farigiraf|Farigiraf, L50, M|100/100\n|switch|p2b: Starmie|Starmie, L50|100/100\n|-ability|p1b: Incineroar|Intimidate|boost\n|-unboost|p2a: Farigiraf|atk|1\n|-unboost|p2b: Starmie|atk|1\n|turn|1\n|\n|t:|1776724911\n|detailschange|p2b: Starmie|Starmie-Mega, L50\n|-mega|p2b: Starmie|Starmie|Starminite\n|detailschange|p1a: Charizard|Charizard-Mega-Y, L50, F\n|-mega|p1a: Charizard|Charizard|Charizardite Y\n|-weather|SunnyDay|[from] ability: Drought|[of] p1a: Charizard\n|move|p2a: Farigiraf|Protect|p2a: Farigiraf\n|-singleturn|p2a: Farigiraf|Protect\n|move|p1b: Incineroar|Fake Out||[still]\n|cant|p2a: Farigiraf|ability: Armor Tail|Fake Out|[of] p1b: Incineroar\n|move|p2b: Starmie|Self-Destruct|p1a: Charizard|[spread] p1a,p1b\n|-activate|p2a: Farigiraf|move: Protect\n|-damage|p1a: Charizard|23/100\n|-damage|p1b: Incineroar|51/100\n|faint|p2b: Starmie\n|move|p1a: Charizard|Overheat|p2a: Farigiraf\n|-activate|p2a: Farigiraf|move: Protect\n|\n|-weather|SunnyDay|[upkeep]\n|upkeep\n|\n|t:|1776724931\n|switch|p2b: Armarouge|Armarouge, L50, F|100/100\n|turn|2\n|\n|t:|1776724942\n|move|p1a: Charizard|Overheat|p2a: Farigiraf\n|-enditem|p2a: Farigiraf|Focus Sash\n|-damage|p2a: Farigiraf|1/100\n|-unboost|p1a: Charizard|spa|2\n|move|p2b: Armarouge|Aura Sphere|p1b: Incineroar\n|-supereffective|p1b: Incineroar|1\n|-damage|p1b: Incineroar|0 fnt\n|faint|p1b: Incineroar\n|move|p2a: Farigiraf|Trick Room|p2a: Farigiraf\n|-fieldstart|move: Trick Room|[of] p2a: Farigiraf\n|\n|-weather|SunnyDay|[upkeep]\n|upkeep\n|\n|t:|1776724957\n|switch|p1b: Garchomp|Garchomp, L50, M|100/100\n|turn|3\n|\n|t:|1776724965\n|move|p1a: Charizard|Protect|p1a: Charizard\n|-singleturn|p1a: Charizard|Protect\n|move|p2a: Farigiraf|Psychic Terrain|p2a: Farigiraf\n|-fieldstart|move: Psychic Terrain\n|move|p2b: Armarouge|Expanding Force|p1b: Garchomp|[spread] p1b\n|-activate|p1a: Charizard|move: Protect\n|-damage|p1b: Garchomp|24/100\n|move|p1b: Garchomp|Earthquake|p2a: Farigiraf|[spread] p2a,p2b\n|-activate|p1a: Charizard|move: Protect\n|-supereffective|p2b: Armarouge|1\n|-damage|p2a: Farigiraf|0 fnt\n|-damage|p2b: Armarouge|34/100\n|faint|p2a: Farigiraf\n|\n|-weather|SunnyDay|[upkeep]\n|upkeep\n|\n|t:|1776724980\n|switch|p2a: Hatterene|Hatterene, L50, F|100/100\n|turn|4\n|\n|t:|1776724989\n|move|p2a: Hatterene|Expanding Force|p1b: Garchomp|[spread] p1a,p1b\n|-damage|p1a: Charizard|0 fnt\n|-damage|p1b: Garchomp|0 fnt\n|faint|p1a: Charizard\n|faint|p1b: Garchomp\n|move|p2b: Armarouge|Expanding Force|p1: Charizard|[notarget]\n|-fail|p2b: Armarouge\n|\n|-weather|SunnyDay|[upkeep]\n|upkeep\n|\n|t:|1776724996\n|switch|p1b: Venusaur|Venusaur, L50, M|100/100\n|turn|5\n|\n|t:|1776725009\n|move|p2a: Hatterene|Expanding Force|p1b: Venusaur\n|-supereffective|p1b: Venusaur|1\n|-enditem|p1b: Venusaur|Focus Sash\n|-damage|p1b: Venusaur|1/100\n|move|p2b: Armarouge|Expanding Force|p1b: Venusaur\n|-supereffective|p1b: Venusaur|1\n|-damage|p1b: Venusaur|0 fnt\n|faint|p1b: Venusaur\n|\n|win|Psychic Leader Phi\n|raw|2deiq's rating: 1120 &rarr; <strong>1090</strong><br />(-30 for losing)\n|raw|Psychic Leader Phi's rating: 1047 &rarr; <strong>1087</strong><br />(+40 for winning)\n|l|\u26062deiq\n|player|p1|\n",
  "uploadtime": 1776725021,
  "views": 13,
  "formatid": "gen9championsvgc2026regma",
  "rating": 1087,
  "private": 0,
  "password": null
}