{
  "id": "gen9championsvgc2026regma-2584155568",
  "format": "[Gen 9 Champions] VGC 2026 Reg M-A",
  "players": [
    "thegreatcubone",
    "snowbeast138"
  ],
  "log": "|j|\u2606thegreatcubone\n|j|\u2606snowbeast138\n|t:|1776231776\n|gametype|doubles\n|player|p1|thegreatcubone|medium|1114\n|player|p2|snowbeast138|101|1105\n|gen|9\n|tier|[Gen 9 Champions] VGC 2026 Reg M-A\n|rated|\n|rule|Species Clause: Limit one of each Pok\u00e9mon\n|rule|Item Clause: Limit 1 of each item\n|clearpoke\n|poke|p1|Sneasler, L50, F|\n|poke|p1|Scovillain, L50, F|\n|poke|p1|Charizard, L50, F|\n|poke|p1|Aerodactyl, L50, M|\n|poke|p1|Garchomp, L50, M|\n|poke|p1|Incineroar, L50, M|\n|poke|p2|Dragonite, L50, M|\n|poke|p2|Incineroar, L50, M|\n|poke|p2|Gyarados, L50, F|\n|poke|p2|Rotom-Wash, L50|\n|poke|p2|Aegislash, L50, F|\n|poke|p2|Politoed, L50, M|\n|teampreview|4\n|\n|t:|1776231792\n|teamsize|p1|4\n|teamsize|p2|4\n|start\n|switch|p1a: Charizard|Charizard, L50, F|100/100\n|switch|p1b: Scovillain|Scovillain, L50, F|100/100\n|switch|p2a: Incineroar|Incineroar, L50, M|100/100\n|switch|p2b: Rotom|Rotom-Wash, L50|100/100\n|-ability|p2a: Incineroar|Intimidate|boost\n|-unboost|p1a: Charizard|atk|1\n|-unboost|p1b: Scovillain|atk|1\n|turn|1\n|-activate|p2a: Incineroar|item: Quick Claw\n|\n|t:|1776231808\n|move|p1a: Charizard|Protect|p1a: Charizard\n|-singleturn|p1a: Charizard|Protect\n|move|p1b: Scovillain|Protect|p1b: Scovillain\n|-singleturn|p1b: Scovillain|Protect\n|move|p2a: Incineroar|Fake Out|p1b: Scovillain\n|-activate|p1b: Scovillain|move: Protect\n|move|p2b: Rotom|Volt Switch|p1a: Charizard\n|-activate|p1a: Charizard|move: Protect\n|\n|upkeep\n|turn|2\n|\n|t:|1776231844\n|detailschange|p1a: Charizard|Charizard-Mega-Y, L50, F\n|-mega|p1a: Charizard|Charizard|Charizardite Y\n|-weather|SunnyDay|[from] ability: Drought|[of] p1a: Charizard\n|move|p1b: Scovillain|Will-O-Wisp|p2b: Rotom\n|-status|p2b: Rotom|brn\n|move|p1a: Charizard|Weather Ball|p2b: Rotom\n|-resisted|p2b: Rotom|1\n|-damage|p2b: Rotom|48/100 brn\n|move|p2a: Incineroar|Parting Shot|p1b: Scovillain\n|-unboost|p1b: Scovillain|atk|1\n|-unboost|p1b: Scovillain|spa|1\n|\n|t:|1776231857\n|switch|p2a: Politoed|Politoed, L50, M|100/100|[from] Parting Shot\n|-weather|RainDance|[from] ability: Drizzle|[of] p2a: Politoed\n|move|p2b: Rotom|Volt Switch|p1a: Charizard\n|-supereffective|p1a: Charizard|1\n|-damage|p1a: Charizard|22/100\n|\n|t:|1776231869\n|switch|p2b: Incineroar|Incineroar, L50, M|100/100|[from] Volt Switch\n|-ability|p2b: Incineroar|Intimidate|boost\n|-unboost|p1a: Charizard|atk|1\n|-unboost|p1b: Scovillain|atk|1\n|\n|-weather|RainDance|[upkeep]\n|upkeep\n|turn|3\n|\n|t:|1776231921\n|switch|p2a: Dragonite|Dragonite, L50, M|100/100\n|move|p1a: Charizard|Protect|p1a: Charizard\n|-singleturn|p1a: Charizard|Protect\n|move|p2b: Incineroar|Fake Out|p1a: Charizard\n|-activate|p1a: Charizard|move: Protect\n|move|p1b: Scovillain|Will-O-Wisp|p2a: Dragonite\n|-status|p2a: Dragonite|brn\n|\n|-weather|RainDance|[upkeep]\n|-damage|p2a: Dragonite|94/100 brn|[from] brn\n|upkeep\n|turn|4\n|-activate|p2b: Incineroar|item: Quick Claw\n|\n|t:|1776231951\n|switch|p1a: Aerodactyl|Aerodactyl, L50, M|100/100\n|-ability|p1a: Aerodactyl|Unnerve\n|detailschange|p2a: Dragonite|Dragonite-Mega, L50, M\n|-mega|p2a: Dragonite|Dragonite|Dragoninite\n|move|p2b: Incineroar|Parting Shot|p1b: Scovillain\n|-unboost|p1b: Scovillain|atk|1\n|-unboost|p1b: Scovillain|spa|1\n|\n|t:|1776231960\n|switch|p2b: Rotom|Rotom-Wash, L50|48/100 brn|[from] Parting Shot\n|move|p2a: Dragonite|Dragon Claw|p1a: Aerodactyl\n|-crit|p1a: Aerodactyl\n|-damage|p1a: Aerodactyl|60/100\n|move|p1b: Scovillain|Flamethrower|p2a: Dragonite\n|-resisted|p2a: Dragonite|1\n|-damage|p2a: Dragonite|91/100 brn\n|\n|-weather|RainDance|[upkeep]\n|-damage|p2a: Dragonite|85/100 brn|[from] brn\n|-damage|p2b: Rotom|42/100 brn|[from] brn\n|upkeep\n|turn|5\n|\n|t:|1776231986\n|move|p1a: Aerodactyl|Protect|p1a: Aerodactyl\n|-singleturn|p1a: Aerodactyl|Protect\n|move|p2a: Dragonite|Dragon Claw|p1a: Aerodactyl\n|-activate|p1a: Aerodactyl|move: Protect\n|move|p1b: Scovillain|Spicy Extract|p2b: Rotom\n|-boost|p2b: Rotom|atk|2\n|-unboost|p2b: Rotom|def|2\n|move|p2b: Rotom|Hydro Pump|p1b: Scovillain|[miss]\n|-miss|p2b: Rotom|p1b: Scovillain\n|\n|-weather|RainDance|[upkeep]\n|-damage|p2a: Dragonite|79/100 brn|[from] brn\n|-damage|p2b: Rotom|36/100 brn|[from] brn\n|upkeep\n|turn|6\n|\n|t:|1776232013\n|move|p2b: Rotom|Protect|p2b: Rotom\n|-singleturn|p2b: Rotom|Protect\n|move|p1a: Aerodactyl|Rock Slide|p2a: Dragonite|[spread] p2a\n|-activate|p2b: Rotom|move: Protect\n|-supereffective|p2a: Dragonite|1\n|-damage|p2a: Dragonite|36/100 brn\n|move|p2a: Dragonite|Dragon Claw|p1a: Aerodactyl\n|-damage|p1a: Aerodactyl|33/100\n|move|p1b: Scovillain|Will-O-Wisp|p2b: Rotom\n|-activate|p2b: Rotom|move: Protect\n|\n|-weather|none\n|-damage|p2a: Dragonite|30/100 brn|[from] brn\n|-damage|p2b: Rotom|31/100 brn|[from] brn\n|upkeep\n|turn|7\n|\n|t:|1776232036\n|move|p1a: Aerodactyl|Rock Slide|p2a: Dragonite|[spread] p2a,p2b\n|-supereffective|p2a: Dragonite|1\n|-damage|p2a: Dragonite|0 fnt\n|-damage|p2b: Rotom|0 fnt\n|faint|p2a: Dragonite\n|faint|p2b: Rotom\n|move|p1b: Scovillain|Will-O-Wisp|p2: Dragonite|[notarget]\n|-fail|p1b: Scovillain\n|\n|upkeep\n|\n|t:|1776232043\n|switch|p2a: Incineroar|Incineroar, L50, M|100/100\n|switch|p2b: Politoed|Politoed, L50, M|100/100\n|-ability|p2a: Incineroar|Intimidate|boost\n|-unboost|p1a: Aerodactyl|atk|1\n|-unboost|p1b: Scovillain|atk|1\n|-weather|RainDance|[from] ability: Drizzle|[of] p2b: Politoed\n|turn|8\n|-activate|p2a: Incineroar|item: Quick Claw\n|\n|t:|1776232068\n|move|p1a: Aerodactyl|Protect|p1a: Aerodactyl\n|-singleturn|p1a: Aerodactyl|Protect\n|move|p1b: Scovillain|Protect|p1b: Scovillain\n|-singleturn|p1b: Scovillain|Protect\n|move|p2a: Incineroar|Fake Out|p1a: Aerodactyl\n|-activate|p1a: Aerodactyl|move: Protect\n|move|p2b: Politoed|Hydro Pump|p1b: Scovillain\n|-activate|p1b: Scovillain|move: Protect\n|\n|-weather|RainDance|[upkeep]\n|upkeep\n|turn|9\n|\n|t:|1776232084\n|switch|p1a: Charizard|Charizard-Mega-Y, L50, F|22/100\n|-weather|SunnyDay|[from] ability: Drought|[of] p1a: Charizard\n|move|p1b: Scovillain|Will-O-Wisp|p2b: Politoed\n|-status|p2b: Politoed|brn\n|move|p2a: Incineroar|Parting Shot|p1b: Scovillain\n|-unboost|p1b: Scovillain|atk|1\n|-unboost|p1b: Scovillain|spa|1\n|move|p2b: Politoed|Hydro Pump|p1a: Charizard\n|-supereffective|p1a: Charizard|1\n|-damage|p1a: Charizard|0 fnt\n|faint|p1a: Charizard\n|\n|-weather|SunnyDay|[upkeep]\n|-damage|p2b: Politoed|95/100 brn|[from] brn\n|upkeep\n|\n|t:|1776232099\n|switch|p1a: Sneasler|Sneasler, L50, F|100/100\n|turn|10\n|\n|t:|1776232114\n|move|p2a: Incineroar|Protect|p2a: Incineroar\n|-singleturn|p2a: Incineroar|Protect\n|move|p1b: Scovillain|Spicy Extract|p1a: Sneasler\n|-boost|p1a: Sneasler|atk|2\n|-unboost|p1a: Sneasler|def|2\n|-enditem|p1a: Sneasler|White Herb\n|-clearnegativeboost|p1a: Sneasler|[silent]\n|move|p1a: Sneasler|Dire Claw|p2b: Politoed\n|-damage|p2b: Politoed|0 fnt\n|faint|p2b: Politoed\n|\n|-weather|SunnyDay|[upkeep]\n|upkeep\n|turn|11\n|\n|t:|1776232132\n|move|p1a: Sneasler|Close Combat|p2a: Incineroar\n|-supereffective|p2a: Incineroar|1\n|-damage|p2a: Incineroar|0 fnt\n|-unboost|p1a: Sneasler|def|1\n|-unboost|p1a: Sneasler|spd|1\n|faint|p2a: Incineroar\n|\n|win|thegreatcubone\n|raw|thegreatcubone's rating: 1114 &rarr; <strong>1138</strong><br />(+24 for winning)\n|raw|snowbeast138's rating: 1105 &rarr; <strong>1081</strong><br />(-24 for losing)\n|l|\u2606snowbeast138\n|player|p2|\n",
  "uploadtime": 1776232143,
  "views": 18,
  "formatid": "gen9championsvgc2026regma",
  "rating": 1081,
  "private": 0,
  "password": null
}