{
  "id": "gen9championsvgc2026regma-2585832201",
  "format": "[Gen 9 Champions] VGC 2026 Reg M-A",
  "players": [
    "Speith",
    "Gaby Glytxii"
  ],
  "log": "|j|\u2606Speith\n|j|\u2606Gaby Glytxii\n|t:|1776373980\n|gametype|doubles\n|player|p1|Speith|169|1030\n|player|p2|Gaby Glytxii|1|1118\n|gen|9\n|tier|[Gen 9 Champions] VGC 2026 Reg M-A\n|rated|\n|rule|Species Clause: Limit one of each Pok\u00e9mon\n|rule|Item Clause: Limit 1 of each item\n|clearpoke\n|poke|p1|Alakazam, L50, M|\n|poke|p1|Farigiraf, L50, F|\n|poke|p1|Kingambit, L50, F|\n|poke|p1|Kleavor, L50, F|\n|poke|p1|Whimsicott, L50, M|\n|poke|p1|Sneasler, L50, F|\n|poke|p2|Tyranitar, L50, F|\n|poke|p2|Spiritomb, L50, M|\n|poke|p2|Tsareena, L50, F|\n|poke|p2|Goodra-Hisui, L50, M|\n|poke|p2|Empoleon, L50, F|\n|poke|p2|Hippowdon, L50, F|\n|teampreview|4\n|\n|t:|1776374022\n|teamsize|p1|4\n|teamsize|p2|4\n|start\n|switch|p1a: Kleavor|Kleavor, L50, F|100/100\n|switch|p1b: Whimsicott|Whimsicott, L50, M|100/100\n|switch|p2a: Tyranitar|Tyranitar, L50, F|100/100\n|switch|p2b: Spiritomb|Spiritomb, L50, M|100/100\n|-weather|Sandstorm|[from] ability: Sand Stream|[of] p2a: Tyranitar\n|turn|1\n|\n|t:|1776374036\n|move|p2a: Tyranitar|Protect|p2a: Tyranitar\n|-singleturn|p2a: Tyranitar|Protect\n|move|p1b: Whimsicott|Tailwind|p1b: Whimsicott\n|-sidestart|p1: Speith|move: Tailwind\n|move|p1a: Kleavor|Rock Slide|p2a: Tyranitar|[spread] p2b\n|-activate|p2a: Tyranitar|move: Protect\n|-damage|p2b: Spiritomb|43/100\n|move|p2b: Spiritomb|Trick Room|p2b: Spiritomb\n|-fieldstart|move: Trick Room|[of] p2b: Spiritomb\n|\n|-weather|Sandstorm|[upkeep]\n|-damage|p2b: Spiritomb|37/100|[from] Sandstorm\n|-damage|p1b: Whimsicott|95/100|[from] Sandstorm\n|upkeep\n|turn|2\n|\n|t:|1776374094\n|switch|p2a: Tsareena|Tsareena, L50, F|100/100\n|move|p1b: Whimsicott|Encore||[still]\n|cant|p2a: Tsareena|ability: Queenly Majesty|Encore|[of] p1b: Whimsicott\n|move|p2b: Spiritomb|Dark Pulse|p1a: Kleavor\n|-damage|p1a: Kleavor|63/100\n|cant|p1a: Kleavor|flinch\n|\n|-weather|Sandstorm|[upkeep]\n|-damage|p2b: Spiritomb|31/100|[from] Sandstorm\n|-damage|p2a: Tsareena|94/100|[from] Sandstorm\n|-damage|p1b: Whimsicott|89/100|[from] Sandstorm\n|upkeep\n|turn|3\n|\n|t:|1776374117\n|move|p1b: Whimsicott|Helping Hand|p1a: Kleavor\n|-singleturn|p1a: Kleavor|Helping Hand|[of] p1b: Whimsicott\n|move|p2b: Spiritomb|Dark Pulse|p1a: Kleavor\n|-damage|p1a: Kleavor|21/100\n|move|p2a: Tsareena|Trop Kick|p1a: Kleavor\n|-damage|p1a: Kleavor|0 fnt\n|faint|p1a: Kleavor\n|\n|-weather|Sandstorm|[upkeep]\n|-damage|p2b: Spiritomb|25/100|[from] Sandstorm\n|-damage|p2a: Tsareena|88/100|[from] Sandstorm\n|-damage|p1b: Whimsicott|83/100|[from] Sandstorm\n|upkeep\n|\n|t:|1776374124\n|switch|p1a: Farigiraf|Farigiraf, L50, F, shiny|100/100\n|turn|4\n|\n|t:|1776374172\n|move|p1b: Whimsicott|Tailwind||[still]\n|-fail|p1b: Whimsicott\n|move|p2b: Spiritomb|Dark Pulse|p1a: Farigiraf\n|-supereffective|p1a: Farigiraf|1\n|-damage|p1a: Farigiraf|20/100\n|move|p2a: Tsareena|Triple Axel|p1b: Whimsicott\n|-supereffective|p1b: Whimsicott|1\n|-damage|p1b: Whimsicott|65/100\n|-supereffective|p1b: Whimsicott|1\n|-damage|p1b: Whimsicott|29/100\n|-supereffective|p1b: Whimsicott|1\n|-damage|p1b: Whimsicott|0 fnt\n|faint|p1b: Whimsicott\n|-hitcount|p1: Whimsicott|3\n|move|p1a: Farigiraf|Psychic Terrain|p1a: Farigiraf\n|-fieldstart|move: Psychic Terrain\n|\n|-weather|Sandstorm|[upkeep]\n|-damage|p2b: Spiritomb|20/100|[from] Sandstorm\n|-damage|p2a: Tsareena|82/100|[from] Sandstorm\n|-damage|p1a: Farigiraf|14/100|[from] Sandstorm\n|-sideend|p1: Speith|move: Tailwind\n|upkeep\n|\n|t:|1776374179\n|switch|p1b: Alakazam|Alakazam, L50, M|100/100\n|turn|5\n|\n|t:|1776374193\n|detailschange|p1b: Alakazam|Alakazam-Mega, L50, M\n|-mega|p1b: Alakazam|Alakazam|Alakazite\n|-ability|p1b: Alakazam|Queenly Majesty|Trace|[from] ability: Trace|[of] p2a: Tsareena\n|move|p2b: Spiritomb|Dark Pulse|p1b: Alakazam\n|-supereffective|p1b: Alakazam|1\n|-damage|p1b: Alakazam|0 fnt\n|faint|p1b: Alakazam\n|move|p2a: Tsareena|Triple Axel|p1a: Farigiraf|[miss]\n|-miss|p2a: Tsareena|p1a: Farigiraf\n|move|p1a: Farigiraf|Psychic Terrain||[still]\n|-fail|p1a: Farigiraf\n|\n|-weather|none\n|-fieldend|move: Trick Room\n|upkeep\n|turn|6\n|-message|Speith forfeited.\n|\n|win|Gaby Glytxii\n|raw|Speith's rating: 1030 &rarr; <strong>1019</strong><br />(-11 for losing)\n|raw|Gaby Glytxii's rating: 1118 &rarr; <strong>1137</strong><br />(+19 for winning)\n|l|\u2606Speith\n|player|p1|\n",
  "uploadtime": 1776374242,
  "views": 23,
  "formatid": "gen9championsvgc2026regma",
  "rating": 1019,
  "private": 0,
  "password": null
}