{
  "id": "gen9championsvgc2026regma-2582196906",
  "format": "[Gen 9 Champions] VGC 2026 Reg M-A",
  "players": [
    "colfox",
    "Jhsdm"
  ],
  "log": "|j|\u2606colfox\n|j|\u2606Jhsdm\n|t:|1776070105\n|gametype|doubles\n|player|p1|colfox|1|1064\n|player|p2|Jhsdm|2|1092\n|gen|9\n|tier|[Gen 9 Champions] VGC 2026 Reg M-A\n|rated|\n|rule|Species Clause: Limit one of each Pok\u00e9mon\n|rule|Item Clause: Limit 1 of each item\n|clearpoke\n|poke|p1|Ninetales, L50, M|\n|poke|p1|Dragonite, L50, F|\n|poke|p1|Sylveon, L50, M|\n|poke|p1|Whimsicott, L50, M|\n|poke|p1|Delphox, L50, M|\n|poke|p1|Garchomp, L50, M|\n|poke|p2|Maushold-Four, L50|\n|poke|p2|Charizard, L50, F|\n|poke|p2|Sneasler, L50, F|\n|poke|p2|Garchomp, L50, F|\n|poke|p2|Kingambit, L50, F|\n|poke|p2|Dragapult, L50, F|\n|teampreview|4\ncolfox has agreed to open team sheets.\n|\n|t:|1776070165\n|teamsize|p1|4\n|teamsize|p2|4\n|start\n|switch|p1a: Ninetales|Ninetales, L50, M|100/100\n|switch|p1b: Delphox|Delphox, L50, M|100/100\n|switch|p2a: Charizard|Charizard, L50, F|100/100\n|switch|p2b: Garchomp|Garchomp, L50, F|100/100\n|-weather|SunnyDay|[from] ability: Drought|[of] p1a: Ninetales\n|turn|1\n|\n|t:|1776070190\n|detailschange|p1b: Delphox|Delphox-Mega, L50, M\n|-mega|p1b: Delphox|Delphox|Delphoxite\n|move|p2a: Charizard|Protect|p2a: Charizard\n|-singleturn|p2a: Charizard|Protect\n|move|p2b: Garchomp|Stone Edge|p1b: Delphox\n|-supereffective|p1b: Delphox|1\n|-damage|p1b: Delphox|0 fnt\n|faint|p1b: Delphox\n|move|p1a: Ninetales|Will-O-Wisp|p2b: Garchomp\n|-status|p2b: Garchomp|brn\n|\n|-weather|SunnyDay|[upkeep]\n|-damage|p2b: Garchomp|94/100 brn|[from] brn\n|upkeep\n|\n|t:|1776070202\n|switch|p1b: Garchomp|Garchomp, L50, M|100/100\n|turn|2\n|\n|t:|1776070218\n|switch|p2a: Dragapult|Dragapult, L50, F|100/100\n|move|p1b: Garchomp|Rock Slide|p2b: Garchomp|[spread] p2a\n|-miss|p1b: Garchomp|p2b: Garchomp\n|-damage|p2a: Dragapult|76/100\n|move|p2b: Garchomp|Stone Edge|p1a: Ninetales|[miss]\n|-miss|p2b: Garchomp|p1a: Ninetales\n|move|p1a: Ninetales|Solar Beam||[still]\n|-prepare|p1a: Ninetales|Solar Beam\n|-anim|p1a: Ninetales|Solar Beam|p2a: Dragapult\n|-resisted|p2a: Dragapult|1\n|-damage|p2a: Dragapult|56/100\n|\n|-weather|SunnyDay|[upkeep]\n|-damage|p2b: Garchomp|88/100 brn|[from] brn\n|upkeep\n|turn|3\n|\n|t:|1776070240\n|switch|p2b: Sneasler|Sneasler, L50, F|100/100\n|move|p1b: Garchomp|Rock Slide|p2a: Dragapult|[spread] p2a\n|-miss|p1b: Garchomp|p2b: Sneasler\n|-damage|p2a: Dragapult|31/100\n|move|p2a: Dragapult|Draco Meteor|p1b: Garchomp\n|-supereffective|p1b: Garchomp|1\n|-damage|p1b: Garchomp|0 fnt\n|-unboost|p2a: Dragapult|spa|2\n|faint|p1b: Garchomp\n|move|p1a: Ninetales|Will-O-Wisp|p2a: Dragapult\n|-status|p2a: Dragapult|brn\n|\n|-weather|SunnyDay|[upkeep]\n|-damage|p2a: Dragapult|24/100 brn|[from] brn\n|upkeep\n|\n|t:|1776070255\n|switch|p1b: Sylveon|Sylveon, L50, M|100/100\n|turn|4\n|\n|t:|1776070284\n|switch|p2b: Charizard|Charizard, L50, F|100/100\n|move|p1b: Sylveon|Protect|p1b: Sylveon\n|-singleturn|p1b: Sylveon|Protect\n|move|p2a: Dragapult|Draco Meteor|p1a: Ninetales\n|-damage|p1a: Ninetales|65/100\n|-unboost|p2a: Dragapult|spa|2\n|move|p1a: Ninetales|Will-O-Wisp|p2b: Charizard\n|-immune|p2b: Charizard\n|\n|-weather|SunnyDay|[upkeep]\n|-damage|p2a: Dragapult|18/100 brn|[from] brn\n|upkeep\n|turn|5\n|\n|t:|1776070302\n|move|p2b: Charizard|Protect|p2b: Charizard\n|-singleturn|p2b: Charizard|Protect\n|move|p2a: Dragapult|Draco Meteor|p1a: Ninetales\n|-damage|p1a: Ninetales|40/100\n|-unboost|p2a: Dragapult|spa|2\n|move|p1a: Ninetales|Solar Beam||[still]\n|-prepare|p1a: Ninetales|Solar Beam\n|-anim|p1a: Ninetales|Solar Beam|p2b: Charizard\n|-activate|p2b: Charizard|move: Protect\n|move|p1b: Sylveon|Hyper Voice|p2b: Charizard|[spread] p2a\n|-activate|p2b: Charizard|move: Protect\n|-supereffective|p2a: Dragapult|1\n|-damage|p2a: Dragapult|0 fnt\n|faint|p2a: Dragapult\n|\n|-weather|none\n|upkeep\n|\n|t:|1776070317\n|switch|p2a: Garchomp|Garchomp, L50, F|88/100 brn\n|turn|6\n|\n|t:|1776070339\n|detailschange|p2b: Charizard|Charizard-Mega-Y, L50, F\n|-mega|p2b: Charizard|Charizard|Charizardite Y\n|-weather|SunnyDay|[from] ability: Drought|[of] p2b: Charizard\n|move|p2a: Garchomp|Stomping Tantrum|p1b: Sylveon\n|-damage|p1b: Sylveon|74/100\n|move|p1a: Ninetales|Flamethrower|p2b: Charizard\n|-resisted|p2b: Charizard|1\n|-damage|p2b: Charizard|70/100\n|move|p2b: Charizard|Overheat|p1b: Sylveon\n|-damage|p1b: Sylveon|0 fnt\n|-unboost|p2b: Charizard|spa|2\n|faint|p1b: Sylveon\n|\n|-weather|SunnyDay|[upkeep]\n|-damage|p2a: Garchomp|82/100 brn|[from] brn\n|upkeep\n|turn|7\n|\n|t:|1776070356\n|move|p2a: Garchomp|Stomping Tantrum|p1a: Ninetales\n|-supereffective|p1a: Ninetales|1\n|-damage|p1a: Ninetales|0 fnt\n|faint|p1a: Ninetales\n|\n|win|Jhsdm\n|raw|colfox's rating: 1064 &rarr; <strong>1046</strong><br />(-18 for losing)\n|raw|Jhsdm's rating: 1092 &rarr; <strong>1116</strong><br />(+24 for winning)\n|l|\u2606Jhsdm\n|player|p2|\n",
  "uploadtime": 1776070360,
  "views": 11,
  "formatid": "gen9championsvgc2026regma",
  "rating": 1046,
  "private": 0,
  "password": null
}