{
  "id": "gen9championsvgc2026regma-2580593268",
  "format": "[Gen 9 Champions] VGC 2026 Reg M-A",
  "players": [
    "Igorillo",
    "YNG Baselord"
  ],
  "log": "|j|\u2606Igorillo\n|j|\u2606YNG Baselord\n|t:|1775916249\n|gametype|doubles\n|player|p1|Igorillo|acetrainerf|1058\n|player|p2|YNG Baselord|morty-masters2|1158\n|gen|9\n|tier|[Gen 9 Champions] VGC 2026 Reg M-A\n|rated|\n|rule|Species Clause: Limit one of each Pok\u00e9mon\n|rule|Item Clause: Limit 1 of each item\n|clearpoke\n|poke|p1|Lucario, L50, M|\n|poke|p1|Tyranitar, L50, M|\n|poke|p1|Sinistcha, L50|\n|poke|p1|Hatterene, L50, F|\n|poke|p1|Garchomp, L50, M|\n|poke|p1|Incineroar, L50, F|\n|poke|p2|Froslass, L50, F|\n|poke|p2|Kingambit, L50, M|\n|poke|p2|Sneasler, L50, F|\n|poke|p2|Garchomp, L50, F|\n|poke|p2|Garganacl, L50, M|\n|poke|p2|Rotom-Wash, L50|\n|teampreview|4\nYNG Baselord rejected open team sheets.\n|\n|t:|1775916274\n|teamsize|p1|4\n|teamsize|p2|4\n|start\n|switch|p1a: Lucario|Lucario, L50, M|100/100\n|switch|p1b: Tyranitar|Tyranitar, L50, M|100/100\n|switch|p2a: Sneasler|Sneasler, L50, F|100/100\n|switch|p2b: Kingambit|Kingambit, L50, M|100/100\n|-weather|Sandstorm|[from] ability: Sand Stream|[of] p1b: Tyranitar\n|turn|1\n|\n|t:|1775916298\n|detailschange|p1a: Lucario|Lucario-Mega, L50, M\n|-mega|p1a: Lucario|Lucario|Lucarionite\n|move|p1a: Lucario|Protect|p1a: Lucario\n|-singleturn|p1a: Lucario|Protect\n|move|p2b: Kingambit|Protect|p2b: Kingambit\n|-singleturn|p2b: Kingambit|Protect\n|move|p2a: Sneasler|Close Combat|p1a: Lucario\n|-activate|p1a: Lucario|move: Protect\n|move|p1b: Tyranitar|Low Kick|p2b: Kingambit\n|-activate|p2b: Kingambit|move: Protect\n|\n|-weather|Sandstorm|[upkeep]\n|-damage|p2a: Sneasler|95/100|[from] Sandstorm\n|upkeep\n|turn|2\n|inactive|Battle timer is ON: inactive players will automatically lose when time's up. (requested by YNG Baselord)\n|\n|t:|1775916312\n|switch|p2b: Garchomp|Garchomp, L50, F|100/100\n|move|p1a: Lucario|Bullet Punch|p2a: Sneasler\n|-crit|p2a: Sneasler\n|-damage|p2a: Sneasler|11/100\n|move|p2a: Sneasler|Close Combat|p1a: Lucario\n|-supereffective|p1a: Lucario|1\n|-damage|p1a: Lucario|0 fnt\n|-unboost|p2a: Sneasler|def|1\n|-unboost|p2a: Sneasler|spd|1\n|faint|p1a: Lucario\n|-enditem|p2a: Sneasler|White Herb\n|-clearnegativeboost|p2a: Sneasler|[silent]\n|move|p1b: Tyranitar|Low Kick|p2b: Garchomp\n|-damage|p2b: Garchomp|72/100\n|-damage|p1b: Tyranitar|88/100|[from] ability: Rough Skin|[of] p2b: Garchomp\n|\n|-weather|Sandstorm|[upkeep]\n|-damage|p2a: Sneasler|5/100|[from] Sandstorm\n|upkeep\n|\n|t:|1775916316\n|switch|p1a: Incineroar|Incineroar, L50, F|100/100\n|-ability|p1a: Incineroar|Intimidate|boost\n|-unboost|p2a: Sneasler|atk|1\n|-unboost|p2b: Garchomp|atk|1\n|turn|3\n|\n|t:|1775916341\n|switch|p2b: Kingambit|Kingambit, L50, M|100/100\n|switch|p1b: Sinistcha|Sinistcha, L50|100/100\n|move|p1a: Incineroar|Fake Out|p2a: Sneasler\n|-damage|p2a: Sneasler|0 fnt\n|faint|p2a: Sneasler\n|\n|-weather|Sandstorm|[upkeep]\n|-damage|p1b: Sinistcha|95/100|[from] Sandstorm\n|-damage|p1a: Incineroar|95/100|[from] Sandstorm\n|upkeep\n|\n|t:|1775916348\n|switch|p2a: Garchomp|Garchomp, L50, F|72/100\n|turn|4\n|\n|t:|1775916373\n|move|p1b: Sinistcha|Protect|p1b: Sinistcha\n|-singleturn|p1b: Sinistcha|Protect\n|move|p2a: Garchomp|Stomping Tantrum|p1a: Incineroar\n|-supereffective|p1a: Incineroar|1\n|-enditem|p1a: Incineroar|Shuca Berry|[eat]\n|-enditem|p1a: Incineroar|Shuca Berry|[weaken]\n|-damage|p1a: Incineroar|62/100\n|move|p1a: Incineroar|Flare Blitz|p2b: Kingambit\n|-supereffective|p2b: Kingambit|1\n|-damage|p2b: Kingambit|36/100\n|-damage|p1a: Incineroar|38/100|[from] Recoil\n|move|p2b: Kingambit|Kowtow Cleave|p1b: Sinistcha\n|-activate|p1b: Sinistcha|move: Protect\n|\n|-weather|Sandstorm|[upkeep]\n|-damage|p1b: Sinistcha|89/100|[from] Sandstorm\n|-damage|p1a: Incineroar|32/100|[from] Sandstorm\n|upkeep\n|turn|5\n|\n|t:|1775916386\n|move|p1b: Sinistcha|Rage Powder|p1b: Sinistcha\n|-singleturn|p1b: Sinistcha|move: Rage Powder\n|move|p2a: Garchomp|Stomping Tantrum|p1b: Sinistcha\n|-resisted|p1b: Sinistcha|1\n|-damage|p1b: Sinistcha|72/100\n|move|p1a: Incineroar|Flare Blitz|p2b: Kingambit\n|-supereffective|p2b: Kingambit|1\n|-damage|p2b: Kingambit|0 fnt\n|faint|p2b: Kingambit\n|-damage|p1a: Incineroar|19/100|[from] Recoil\n|\n|-weather|none\n|upkeep\n|\n|t:|1775916390\n|switch|p2b: Rotom|Rotom-Wash, L50|100/100\n|turn|6\n|\n|t:|1775916402\n|move|p1b: Sinistcha|Rage Powder|p1b: Sinistcha\n|-singleturn|p1b: Sinistcha|move: Rage Powder\n|move|p2a: Garchomp|Stomping Tantrum|p1b: Sinistcha\n|-resisted|p1b: Sinistcha|1\n|-damage|p1b: Sinistcha|55/100\n|move|p2b: Rotom|Thunderbolt|p1b: Sinistcha\n|-resisted|p1b: Sinistcha|1\n|-damage|p1b: Sinistcha|40/100\n|-enditem|p1b: Sinistcha|Sitrus Berry|[eat]\n|-heal|p1b: Sinistcha|64/100|[from] item: Sitrus Berry\n|move|p1a: Incineroar|Parting Shot|p2a: Garchomp\n|-unboost|p2a: Garchomp|atk|1\n|-unboost|p2a: Garchomp|spa|1\n|\n|t:|1775916408\n|switch|p1a: Tyranitar|Tyranitar, L50, M|88/100|[from] Parting Shot\n|-weather|Sandstorm|[from] ability: Sand Stream|[of] p1a: Tyranitar\n|\n|-weather|Sandstorm|[upkeep]\n|-damage|p2b: Rotom|95/100|[from] Sandstorm\n|-damage|p1b: Sinistcha|59/100|[from] Sandstorm\n|upkeep\n|turn|7\n|c|\u2606YNG Baselord|rage powder sinis + pshot incin\n|c|\u2606YNG Baselord|daring today arent we\n|inactive|Igorillo has 30 seconds left.\n|inactive|Igorillo has 20 seconds left.\n|c|\u2606Igorillo|megalucario is tough to pair\n|\n|t:|1775916446\n|move|p1b: Sinistcha|Rage Powder|p1b: Sinistcha\n|-singleturn|p1b: Sinistcha|move: Rage Powder\n|move|p2a: Garchomp|Stomping Tantrum|p1b: Sinistcha\n|-resisted|p1b: Sinistcha|1\n|-damage|p1b: Sinistcha|48/100\n|move|p1a: Tyranitar|Knock Off|p2b: Rotom\n|-damage|p2b: Rotom|52/100\n|-enditem|p2b: Rotom|Sitrus Berry|[from] move: Knock Off|[of] p1a: Tyranitar\n|move|p2b: Rotom|Will-O-Wisp|p1b: Sinistcha\n|-status|p1b: Sinistcha|brn\n|\n|-weather|Sandstorm|[upkeep]\n|-damage|p2b: Rotom|46/100|[from] Sandstorm\n|-damage|p1b: Sinistcha|42/100 brn|[from] Sandstorm\n|-damage|p1b: Sinistcha|37/100 brn|[from] brn\n|upkeep\n|turn|8\n|c|\u2606YNG Baselord|its a mega luke the thing is a hydrogen bomb\n|c|\u2606YNG Baselord|surely cant be that difficult\n|inactive|YNG Baselord has 30 seconds left.\n|\n|t:|1775916476\n|move|p1b: Sinistcha|Rage Powder|p1b: Sinistcha\n|-singleturn|p1b: Sinistcha|move: Rage Powder\n|move|p2a: Garchomp|Stomping Tantrum|p1b: Sinistcha\n|-resisted|p1b: Sinistcha|1\n|-damage|p1b: Sinistcha|25/100 brn\n|move|p1a: Tyranitar|Knock Off|p2b: Rotom\n|-damage|p2b: Rotom|18/100\n|move|p2b: Rotom|Hydro Pump|p1b: Sinistcha\n|-resisted|p1b: Sinistcha|1\n|-damage|p1b: Sinistcha|8/100 brn\n|\n|-weather|Sandstorm|[upkeep]\n|-damage|p2b: Rotom|12/100|[from] Sandstorm\n|-damage|p1b: Sinistcha|2/100 brn|[from] Sandstorm\n|-damage|p1b: Sinistcha|0 fnt|[from] brn\n|faint|p1b: Sinistcha\n|upkeep\n|c|\u2606Igorillo|sneasler ist main counter\n|c|\u2606Igorillo|trying thingd\n|\n|t:|1775916489\n|switch|p1b: Incineroar|Incineroar, L50, F|19/100\n|-ability|p1b: Incineroar|Intimidate|boost\n|-unboost|p2a: Garchomp|atk|1\n|-unboost|p2b: Rotom|atk|1\n|turn|9\n|\n|t:|1775916498\n|move|p2b: Rotom|Protect|p2b: Rotom\n|-singleturn|p2b: Rotom|Protect\n|move|p1b: Incineroar|Fake Out|p2a: Garchomp\n|-damage|p2a: Garchomp|61/100\n|-damage|p1b: Incineroar|7/100|[from] ability: Rough Skin|[of] p2a: Garchomp\n|cant|p2a: Garchomp|flinch\n|move|p1a: Tyranitar|Knock Off|p2b: Rotom\n|-activate|p2b: Rotom|move: Protect\n|\n|-weather|Sandstorm|[upkeep]\n|-damage|p2b: Rotom|6/100|[from] Sandstorm\n|-damage|p1b: Incineroar|1/100|[from] Sandstorm\n|upkeep\n|turn|10\n|\n|t:|1775916513\n|move|p2a: Garchomp|Stomping Tantrum|p1a: Tyranitar\n|-supereffective|p1a: Tyranitar|1\n|-damage|p1a: Tyranitar|14/100\n|move|p1a: Tyranitar|Knock Off|p2b: Rotom\n|-damage|p2b: Rotom|0 fnt\n|faint|p2b: Rotom\n|move|p1b: Incineroar|Throat Chop|p2a: Garchomp\n|-damage|p2a: Garchomp|28/100\n|-start|p2a: Garchomp|Throat Chop|[silent]\n|-damage|p1b: Incineroar|0 fnt|[from] ability: Rough Skin|[of] p2a: Garchomp\n|faint|p1b: Incineroar\n|\n|-weather|none\n|upkeep\n|turn|11\n|\n|t:|1775916520\n|move|p2a: Garchomp|Stomping Tantrum|p1a: Tyranitar\n|-supereffective|p1a: Tyranitar|1\n|-damage|p1a: Tyranitar|0 fnt\n|faint|p1a: Tyranitar\n|\n|win|YNG Baselord\n|raw|Igorillo's rating: 1058 &rarr; <strong>1045</strong><br />(-13 for losing)\n|raw|YNG Baselord's rating: 1158 &rarr; <strong>1176</strong><br />(+18 for winning)\n|c|\u2606Igorillo|gg\n|c|\u2606YNG Baselord|gg\n",
  "uploadtime": 1775916525,
  "views": 20,
  "formatid": "gen9championsvgc2026regma",
  "rating": 1045,
  "private": 0,
  "password": null
}