{
  "id": "gen9championsvgc2026regma-2582054513",
  "format": "[Gen 9 Champions] VGC 2026 Reg M-A",
  "players": [
    "rafaesfuego",
    "clammer9"
  ],
  "log": "|j|\u2606rafaesfuego\n|j|\u2606clammer9\n|t:|1776052451\n|gametype|doubles\n|player|p1|rafaesfuego|101|1000\n|player|p2|clammer9|101|1020\n|gen|9\n|tier|[Gen 9 Champions] VGC 2026 Reg M-A\n|rated|\n|rule|Species Clause: Limit one of each Pok\u00e9mon\n|rule|Item Clause: Limit 1 of each item\n|clearpoke\n|poke|p1|Whimsicott, L50, M|\n|poke|p1|Arcanine-Hisui, L50, F|\n|poke|p1|Sinistcha, L50|\n|poke|p1|Milotic, L50, F|\n|poke|p1|Charizard, L50, M|\n|poke|p1|Hawlucha, L50, M|\n|poke|p2|Lucario, L50, F|\n|poke|p2|Incineroar, L50, F|\n|poke|p2|Dragapult, L50, M|\n|poke|p2|Goodra, L50, M|\n|teampreview|4\nrafaesfuego rejected open team sheets.\n|\n|t:|1776052513\n|teamsize|p1|4\n|teamsize|p2|4\n|start\n|switch|p1a: Whimsicott|Whimsicott, L50, M|100/100\n|switch|p1b: Milotic|Milotic, L50, F|100/100\n|switch|p2a: Dragapult|Dragapult, L50, M|100/100\n|switch|p2b: Goodra|Goodra, L50, M|100/100\n|turn|1\n|\n|t:|1776052537\n|move|p2a: Dragapult|Phantom Force||[still]\n|-prepare|p2a: Dragapult|Phantom Force\n|move|p1a: Whimsicott|Dazzling Gleam|p2b: Goodra|[spread] p2b\n|-miss|p1a: Whimsicott|p2a: Dragapult\n|-supereffective|p2b: Goodra|1\n|-enditem|p2b: Goodra|Roseli Berry|[eat]\n|-enditem|p2b: Goodra|Roseli Berry|[weaken]\n|-damage|p2b: Goodra|88/100\n|move|p2b: Goodra|Sunny Day|p2b: Goodra\n|-weather|SunnyDay\n|move|p1b: Milotic|Coil|p1b: Milotic\n|-boost|p1b: Milotic|atk|1\n|-boost|p1b: Milotic|def|1\n|-boost|p1b: Milotic|accuracy|1\n|\n|-weather|SunnyDay|[upkeep]\n|upkeep\n|turn|2\n|\n|t:|1776052559\n|move|p1a: Whimsicott|Tailwind|p1a: Whimsicott\n|-sidestart|p1: rafaesfuego|move: Tailwind\n|move|p2a: Dragapult|Phantom Force|p1a: Whimsicott|[from] lockedmove\n|-damage|p1a: Whimsicott|39/100\n|move|p1b: Milotic|Coil|p1b: Milotic\n|-boost|p1b: Milotic|atk|1\n|-boost|p1b: Milotic|def|1\n|-boost|p1b: Milotic|accuracy|1\n|move|p2b: Goodra|Acid Spray|p1a: Whimsicott\n|-supereffective|p1a: Whimsicott|2\n|-damage|p1a: Whimsicott|0 fnt\n|faint|p1a: Whimsicott\n|\n|-weather|SunnyDay|[upkeep]\n|upkeep\n|\n|t:|1776052579\n|switch|p1a: Arcanine|Arcanine-Hisui, L50, F|100/100\n|-ability|p1a: Arcanine|Intimidate|boost\n|-fail|p2a: Dragapult|unboost|[from] ability: Clear Body|[of] p2a: Dragapult\n|-unboost|p2b: Goodra|atk|1\n|turn|3\n|\n|t:|1776052629\n|move|p2a: Dragapult|Protect|p2a: Dragapult\n|-singleturn|p2a: Dragapult|Protect\n|move|p1a: Arcanine|Flare Blitz|p2b: Goodra\n|-resisted|p2b: Goodra|1\n|-damage|p2b: Goodra|31/100\n|-ability|p2b: Goodra|Gooey\n|-unboost|p1a: Arcanine|spe|1\n|-damage|p1a: Arcanine|82/100|[from] Recoil\n|move|p1b: Milotic|Triple Axel|p2b: Goodra\n|-supereffective|p2b: Goodra|1\n|-damage|p2b: Goodra|7/100\n|-ability|p2b: Goodra|Gooey\n|-unboost|p1b: Milotic|spe|1\n|-supereffective|p2b: Goodra|1\n|-damage|p2b: Goodra|0 fnt\n|-ability|p2b: Goodra|Gooey\n|-unboost|p1b: Milotic|spe|1\n|faint|p2b: Goodra\n|-hitcount|p2: Goodra|2\n|\n|-weather|SunnyDay|[upkeep]\n|upkeep\n|\n|t:|1776052660\n|switch|p2b: Lucario|Lucario, L50, F|100/100\n|turn|4\n|\n|t:|1776052690\n|move|p2a: Dragapult|Dragon Darts|p1a: Arcanine\n|-damage|p1a: Arcanine|58/100\n|-anim|p2a: Dragapult|Dragon Darts|p1b: Milotic\n|-damage|p1b: Milotic|87/100\n|move|p2b: Lucario|Aura Sphere|p1a: Arcanine\n|-supereffective|p1a: Arcanine|1\n|-damage|p1a: Arcanine|0 fnt\n|faint|p1a: Arcanine\n|move|p1b: Milotic|Coil|p1b: Milotic\n|-boost|p1b: Milotic|atk|1\n|-boost|p1b: Milotic|def|1\n|-boost|p1b: Milotic|accuracy|1\n|\n|-weather|SunnyDay|[upkeep]\n|-heal|p1b: Milotic|93/100|[from] item: Leftovers\n|upkeep\n|\n|t:|1776052704\n|switch|p1a: Sinistcha|Sinistcha, L50|100/100\n|-heal|p1b: Milotic|100/100|[from] ability: Hospitality|[of] p1a: Sinistcha\n|turn|5\n|\n|t:|1776052719\n|move|p2a: Dragapult|Sucker Punch||[still]\n|-fail|p2a: Dragapult\n|move|p2b: Lucario|Flash Cannon|p1a: Sinistcha\n|-damage|p1a: Sinistcha|55/100\n|move|p1b: Milotic|Coil|p1b: Milotic\n|-boost|p1b: Milotic|atk|1\n|-boost|p1b: Milotic|def|1\n|-boost|p1b: Milotic|accuracy|1\n|move|p1a: Sinistcha|Trick Room|p1a: Sinistcha\n|-fieldstart|move: Trick Room|[of] p1a: Sinistcha\n|\n|-weather|none\n|-sideend|p1: rafaesfuego|move: Tailwind\n|upkeep\n|turn|6\n|\n|t:|1776052768\n|detailschange|p2b: Lucario|Lucario-Mega, L50, F\n|-mega|p2b: Lucario|Lucario|Lucarionite\n|move|p2a: Dragapult|Protect|p2a: Dragapult\n|-singleturn|p2a: Dragapult|Protect\n|move|p1b: Milotic|Triple Axel|p2a: Dragapult\n|-activate|p2a: Dragapult|move: Protect\n|move|p1a: Sinistcha|Matcha Gotcha|p2b: Lucario|[spread] p2b\n|-activate|p2a: Dragapult|move: Protect\n|-resisted|p2b: Lucario|1\n|-damage|p2b: Lucario|82/100\n|-heal|p1a: Sinistcha|63/100|[from] drain|[of] p2b: Lucario\n|move|p2b: Lucario|Flash Cannon|p1a: Sinistcha\n|-damage|p1a: Sinistcha|0 fnt\n|faint|p1a: Sinistcha\n|\n|upkeep\n|turn|7\n|\n|t:|1776052790\n|switch|p2a: Incineroar|Incineroar, L50, F|100/100\n|-ability|p2a: Incineroar|Intimidate|boost\n|-unboost|p1b: Milotic|atk|1\n|move|p1b: Milotic|Triple Axel|p2a: Incineroar\n|-resisted|p2a: Incineroar|1\n|-damage|p2a: Incineroar|94/100\n|-resisted|p2a: Incineroar|1\n|-damage|p2a: Incineroar|82/100\n|-resisted|p2a: Incineroar|1\n|-damage|p2a: Incineroar|63/100\n|-hitcount|p2a: Incineroar|3\n|move|p2b: Lucario|Aura Sphere|p1b: Milotic\n|-crit|p1b: Milotic\n|-damage|p1b: Milotic|37/100\n|\n|-heal|p1b: Milotic|43/100|[from] item: Leftovers\n|upkeep\n|turn|8\n|\n|t:|1776052807\n|move|p2b: Lucario|Detect|p2b: Lucario\n|-singleturn|p2b: Lucario|Protect\n|move|p1b: Milotic|Waterfall|p2a: Incineroar\n|-supereffective|p2a: Incineroar|1\n|-damage|p2a: Incineroar|0 fnt\n|faint|p2a: Incineroar\n|\n|-heal|p1b: Milotic|49/100|[from] item: Leftovers\n|upkeep\n|\n|t:|1776052812\n|switch|p2a: Dragapult|Dragapult, L50, M|100/100\n|turn|9\n|\n|t:|1776052820\n|move|p2a: Dragapult|Protect|p2a: Dragapult\n|-singleturn|p2a: Dragapult|Protect\n|move|p2b: Lucario|Vacuum Wave|p1b: Milotic\n|-damage|p1b: Milotic|25/100\n|move|p1b: Milotic|Waterfall|p2b: Lucario\n|-damage|p2b: Lucario|0 fnt\n|faint|p2b: Lucario\n|\n|-heal|p1b: Milotic|31/100|[from] item: Leftovers\n|-fieldend|move: Trick Room\n|upkeep\n|turn|10\n|\n|t:|1776052838\n|move|p2a: Dragapult|Dragon Darts|p1b: Milotic\n|-damage|p1b: Milotic|22/100\n|-anim|p2a: Dragapult|Dragon Darts|p1b: Milotic\n|-damage|p1b: Milotic|13/100\n|move|p1b: Milotic|Triple Axel|p2a: Dragapult\n|-supereffective|p2a: Dragapult|1\n|-damage|p2a: Dragapult|71/100\n|-supereffective|p2a: Dragapult|1\n|-damage|p2a: Dragapult|2/100\n|-supereffective|p2a: Dragapult|1\n|-damage|p2a: Dragapult|0 fnt\n|faint|p2a: Dragapult\n|-hitcount|p2: Dragapult|3\n|\n|win|rafaesfuego\n|raw|rafaesfuego's rating: 1000 &rarr; <strong>1042</strong><br />(+42 for winning)\n|raw|clammer9's rating: 1020 &rarr; <strong>1006</strong><br />(-14 for losing)\n|c|\u2606clammer9|gg\n|c|\u2606rafaesfuego|was that intentional?\n|c|\u2606clammer9|no :d\n|c|\u2606rafaesfuego|gg\n|c|\u2606clammer9|gg\n|c|\u2606rafaesfuego|i think\n|c|\u2606rafaesfuego|you couldve won\n|c|\u2606rafaesfuego|ggs tho\n|c|\u2606clammer9|yeah\n|c|\u2606clammer9|ggs :d\n|l|\u2606rafaesfuego\n|player|p1|\n",
  "uploadtime": 1776052877,
  "views": 12,
  "formatid": "gen9championsvgc2026regma",
  "rating": 1006,
  "private": 0,
  "password": null
}