{
  "id": "gen9championsvgc2026regma-2586864118",
  "format": "[Gen 9 Champions] VGC 2026 Reg M-A",
  "players": [
    "gasertheegyptain",
    "thewxfr"
  ],
  "log": "|j|\u2606gasertheegyptain\n|j|\u2606thewxfr\n|t:|1776466465\n|gametype|doubles\n|player|p1|gasertheegyptain|unknown|\n|player|p2|thewxfr|265|\n|gen|9\n|tier|[Gen 9 Champions] VGC 2026 Reg M-A\n|rule|Species Clause: Limit one of each Pok\u00e9mon\n|rule|Item Clause: Limit 1 of each item\n|clearpoke\n|poke|p1|Alcremie, L50, F|\n|poke|p1|Incineroar, L50, F|\n|poke|p1|Kingambit, L50, F|\n|poke|p1|Torkoal, L50, F|\n|poke|p1|Kangaskhan, L50, F|\n|poke|p1|Camerupt, L50, M|\n|poke|p2|Victreebel, L50, F|\n|poke|p2|Trevenant, L50, F|\n|poke|p2|Decidueye-Hisui, L50, M|\n|poke|p2|Roserade, L50, M|\n|poke|p2|Sinistcha, L50|\n|poke|p2|Serperior, L50, M|\n|teampreview|4\nthewxfr rejected open team sheets.\n|c|\u2606gasertheegyptain|what\n|c|\u2606thewxfr|mono grass :D\n|c|\u2606gasertheegyptain|good for you man good for you\n|c|\u2606thewxfr|i might lose tho\n|c|\u2606thewxfr|i wonder why\n|\n|t:|1776466510\n|teamsize|p1|4\n|teamsize|p2|4\n|start\n|switch|p1a: Camerupt|Camerupt, L50, M|100/100\n|switch|p1b: Alcremie|Alcremie, L50, F|100/100\n|switch|p2a: Victreebel|Victreebel, L50, F|100/100\n|switch|p2b: Trevenant|Trevenant, L50, F|100/100\n|turn|1\n|\n|t:|1776466523\n|detailschange|p2a: Victreebel|Victreebel-Mega, L50, F\n|-mega|p2a: Victreebel|Victreebel|Victreebelite\n|detailschange|p1a: Camerupt|Camerupt-Mega, L50, M\n|-mega|p1a: Camerupt|Camerupt|Cameruptite\n|move|p1a: Camerupt|Protect|p1a: Camerupt\n|-singleturn|p1a: Camerupt|Protect\n|move|p1b: Alcremie|Decorate|p1a: Camerupt\n|-boost|p1a: Camerupt|atk|2\n|-boost|p1a: Camerupt|spa|2\n|move|p2a: Victreebel|Leaf Blade|p1a: Camerupt\n|-activate|p1a: Camerupt|move: Protect\n|move|p2b: Trevenant|Substitute|p2b: Trevenant\n|-start|p2b: Trevenant|Substitute\n|-damage|p2b: Trevenant|75/100\n|\n|upkeep\n|turn|2\n|\n|t:|1776466540\n|move|p1b: Alcremie|Encore|p2b: Trevenant\n|-start|p2b: Trevenant|Encore\n|move|p2a: Victreebel|Swords Dance|p2a: Victreebel\n|-boost|p2a: Victreebel|atk|2\n|move|p2b: Trevenant|Substitute|p2b: Trevenant\n|-fail|p2b: Trevenant|move: Substitute\n|move|p1a: Camerupt|Substitute|p1a: Camerupt\n|-start|p1a: Camerupt|Substitute\n|-damage|p1a: Camerupt|76/100\n|\n|upkeep\n|turn|3\n|\n|t:|1776466550\n|move|p1b: Alcremie|Encore|p2a: Victreebel\n|-start|p2a: Victreebel|Encore\n|move|p2a: Victreebel|Swords Dance|p2a: Victreebel\n|-boost|p2a: Victreebel|atk|2\n|move|p2b: Trevenant|Substitute|p2b: Trevenant\n|-fail|p2b: Trevenant|move: Substitute\n|move|p1a: Camerupt|Heat Wave|p2b: Trevenant|[spread] p2a,p2b\n|-supereffective|p2b: Trevenant|1\n|-end|p2b: Trevenant|Substitute\n|-supereffective|p2a: Victreebel|1\n|-damage|p2a: Victreebel|0 fnt\n|-damage|p1a: Camerupt|0 fnt|[from] ability: Innards Out|[of] p2a: Victreebel\n|faint|p2a: Victreebel\n|faint|p1a: Camerupt\n|\n|upkeep\n|c|\u2606thewxfr|you got got\n|c|\u2606gasertheegyptain|HUH?\n|\n|t:|1776466569\n|switch|p2a: Roserade|Roserade, L50, M|100/100\n|switch|p1a: Torkoal|Torkoal, L50, F|100/100\n|-weather|SunnyDay|[from] ability: Drought|[of] p1a: Torkoal\n|turn|4\n|c|\u2606thewxfr|Innards Out\n|c|\u2606thewxfr|i wanted you to kill it\n|c|\u2606gasertheegyptain|!dt innards out\n|c|\u2606gasertheegyptain|/raw <ul class=\"utilichart\"><li class=\"result\"><span class=\"col namecol\"><a href=\"https://dex.pokemonshowdown.com/abilities/innardsout\">Innards Out</a></span> <span class=\"col abilitydesccol\">If this Pokemon is KOed with a move, that move's user loses an equal amount of HP.</span> </li><li style=\"clear:both\"></li></ul>\n|c|\u2606gasertheegyptain|/raw <font size=\"1\"><font color=\"#686868\">Gen:</font> 7</font>\n\n|c|\u2606gasertheegyptain|OH COME ON\n|c|\u2606thewxfr|lmaooo\n|\n|t:|1776466588\n|move|p2a: Roserade|Poison Jab|p1b: Alcremie\n|-supereffective|p1b: Alcremie|1\n|-crit|p1b: Alcremie\n|-damage|p1b: Alcremie|0 fnt\n|faint|p1b: Alcremie\n|move|p2b: Trevenant|Substitute|p2b: Trevenant\n|-start|p2b: Trevenant|Substitute\n|-damage|p2b: Trevenant|50/100\n|-enditem|p2b: Trevenant|Sitrus Berry|[eat]\n|-heal|p2b: Trevenant|75/100|[from] item: Sitrus Berry\n|move|p1a: Torkoal|Eruption|p2a: Roserade|[spread] p2a,p2b\n|-supereffective|p2b: Trevenant|1\n|-end|p2b: Trevenant|Substitute\n|-supereffective|p2a: Roserade|1\n|-enditem|p2a: Roserade|Focus Sash\n|-damage|p2a: Roserade|1/100\n|\n|-weather|SunnyDay|[upkeep]\n|-end|p2b: Trevenant|Encore\n|-item|p2b: Trevenant|Sitrus Berry|[from] ability: Harvest\n|upkeep\n|\n|t:|1776466591\n|switch|p1b: Incineroar|Incineroar, L50, F|100/100\n|-ability|p1b: Incineroar|Intimidate|boost\n|-unboost|p2a: Roserade|atk|1\n|-unboost|p2b: Trevenant|atk|1\n|turn|5\n|c|\u2606thewxfr|destiny bond'nt\n|\n|t:|1776466614\n|move|p2a: Roserade|Poison Jab|p1b: Incineroar\n|-damage|p1b: Incineroar|83/100\n|-status|p1b: Incineroar|psn\n|move|p2b: Trevenant|Phantom Force||[still]\n|-prepare|p2b: Trevenant|Phantom Force\n|move|p1b: Incineroar|Darkest Lariat|p2b: Trevenant|[miss]\n|-miss|p1b: Incineroar|p2b: Trevenant\n|move|p1a: Torkoal|Eruption|p2b: Trevenant|[spread] p2a\n|-miss|p1a: Torkoal|p2b: Trevenant\n|-supereffective|p2a: Roserade|1\n|-damage|p2a: Roserade|0 fnt\n|faint|p2a: Roserade\n|\n|-weather|SunnyDay|[upkeep]\n|-damage|p1b: Incineroar|70/100 psn|[from] psn\n|upkeep\n|\n|t:|1776466617\n|switch|p2a: Decidueye|Decidueye-Hisui, L50, M|100/100\n|turn|6\n|\n|t:|1776466636\n|move|p2a: Decidueye|Triple Arrows|p1b: Incineroar\n|-supereffective|p1b: Incineroar|1\n|-enditem|p1b: Incineroar|Chople Berry|[eat]\n|-enditem|p1b: Incineroar|Chople Berry|[weaken]\n|-damage|p1b: Incineroar|30/100 psn\n|-unboost|p1b: Incineroar|def|1\n|move|p2b: Trevenant|Phantom Force|p1a: Torkoal|[from] lockedmove\n|-damage|p1a: Torkoal|78/100\n|move|p1b: Incineroar|Darkest Lariat|p2b: Trevenant\n|-supereffective|p2b: Trevenant|1\n|-damage|p2b: Trevenant|0 fnt\n|faint|p2b: Trevenant\n|move|p1a: Torkoal|Eruption|p2a: Decidueye\n|-supereffective|p2a: Decidueye|1\n|-damage|p2a: Decidueye|0 fnt\n|faint|p2a: Decidueye\n|\n|win|gasertheegyptain\n|c|\u2606thewxfr|still lost but\n|c|\u2606thewxfr|fun one lol\n|c|\u2606gasertheegyptain|that did suprsingly well tf\n|c|\u2606gasertheegyptain|yeah hella fun\n|c|\u2606gasertheegyptain|WAIT\n|c|\u2606thewxfr|lmao\n|c|\u2606gasertheegyptain|DO MONO POSION\n",
  "uploadtime": 1776466659,
  "views": 13,
  "formatid": "gen9championsvgc2026regma",
  "rating": null,
  "private": 0,
  "password": null
}