{
  "id": "gen9championsvgc2026regma-2581467984",
  "format": "[Gen 9 Champions] VGC 2026 Reg M-A",
  "players": [
    "iamfrxst",
    "Jeremykhoo"
  ],
  "log": "|j|\u2606iamfrxst\n|j|\u2606Jeremykhoo\n|t:|1776003286\n|gametype|doubles\n|player|p1|iamfrxst|101|1026\n|player|p2|Jeremykhoo|266|1066\n|gen|9\n|tier|[Gen 9 Champions] VGC 2026 Reg M-A\n|rated|\n|rule|Species Clause: Limit one of each Pok\u00e9mon\n|rule|Item Clause: Limit 1 of each item\n|clearpoke\n|poke|p1|Pelipper, L50, F|\n|poke|p1|Archaludon, L50, M|\n|poke|p1|Sinistcha, L50|\n|poke|p1|Basculegion, L50, M|\n|poke|p1|Dragonite, L50, F|\n|poke|p1|Incineroar, L50, F|\n|poke|p2|Tyranitar, L50, M|\n|poke|p2|Whimsicott, L50, F|\n|poke|p2|Aggron, L50, M|\n|poke|p2|Drampa, L50, F|\n|poke|p2|Sylveon, L50, M|\n|poke|p2|Arcanine, L50, F|\n|teampreview|4\n|inactive|Battle timer is ON: inactive players will automatically lose when time's up. (requested by iamfrxst)\n|inactive|iamfrxst has 60 seconds left.\n|inactive|Jeremykhoo has 60 seconds left.\niamfrxst rejected open team sheets.\n|\n|t:|1776003340\n|teamsize|p1|4\n|teamsize|p2|4\n|start\n|switch|p1a: Pelipper|Pelipper, L50, F|100/100\n|switch|p1b: Dragonite|Dragonite, L50, F|100/100\n|switch|p2a: Whimsicott|Whimsicott, L50, F|100/100\n|switch|p2b: Drampa|Drampa, L50, F|100/100\n|-weather|RainDance|[from] ability: Drizzle|[of] p1a: Pelipper\n|-ability|p2b: Drampa|Cloud Nine\n|turn|1\n|inactive|iamfrxst has 30 seconds left.\n|inactive|Jeremykhoo has 30 seconds left.\n|inactive|iamfrxst has 20 seconds left.\n|inactive|Jeremykhoo has 20 seconds left.\n|inactive|iamfrxst has 15 seconds left.\n|inactive|Jeremykhoo has 15 seconds left.\n|inactive|Jeremykhoo has 10 seconds left.\n|\n|t:|1776003390\n|switch|p1a: Archaludon|Archaludon, L50, M|100/100\n|move|p2b: Drampa|Protect|p2b: Drampa\n|-singleturn|p2b: Drampa|Protect\n|move|p2a: Whimsicott|Moonblast|p1b: Dragonite\n|-supereffective|p1b: Dragonite|1\n|-damage|p1b: Dragonite|74/100\n|move|p1b: Dragonite|Tailwind|p1b: Dragonite\n|-sidestart|p1: iamfrxst|move: Tailwind\n|\n|-weather|RainDance|[upkeep]\n|upkeep\n|turn|2\n|inactive|Jeremykhoo has 30 seconds left.\n|inactive|Jeremykhoo has 20 seconds left.\n|inactive|Jeremykhoo has 15 seconds left.\n|\n|t:|1776003430\n|switch|p1b: Pelipper|Pelipper, L50, F|100/100\n|switch|p2b: Sylveon|Sylveon, L50, M|100/100\n|move|p2a: Whimsicott|Tailwind|p2a: Whimsicott\n|-sidestart|p2: Jeremykhoo|move: Tailwind\n|move|p1a: Archaludon|Draco Meteor|p2b: Sylveon\n|-immune|p2b: Sylveon\n|\n|-weather|RainDance|[upkeep]\n|upkeep\n|turn|3\n|inactive|Jeremykhoo has 30 seconds left.\n|\n|t:|1776003457\n|move|p2a: Whimsicott|Encore|p1a: Archaludon\n|-start|p1a: Archaludon|Encore\n|move|p1a: Archaludon|Draco Meteor|p2b: Sylveon\n|-immune|p2b: Sylveon\n|move|p1b: Pelipper|Hurricane|p2a: Whimsicott\n|-supereffective|p2a: Whimsicott|1\n|-damage|p2a: Whimsicott|0 fnt\n|faint|p2a: Whimsicott\n|move|p2b: Sylveon|Calm Mind|p2b: Sylveon\n|-boost|p2b: Sylveon|spa|1\n|-boost|p2b: Sylveon|spd|1\n|\n|-weather|RainDance|[upkeep]\n|upkeep\n|\n|t:|1776003475\n|switch|p2a: Tyranitar|Tyranitar, L50, M|100/100\n|-weather|Sandstorm|[from] ability: Sand Stream|[of] p2a: Tyranitar\n|turn|4\n|inactive|iamfrxst has 30 seconds left.\n|inactive|iamfrxst has 20 seconds left.\n|\n|t:|1776003513\n|switch|p1a: Dragonite|Dragonite, L50, F|74/100\n|switch|p1b: Sinistcha|Sinistcha, L50|100/100\n|-heal|p1a: Dragonite|99/100|[from] ability: Hospitality|[of] p1b: Sinistcha\n|move|p2a: Tyranitar|Rock Slide|p1b: Sinistcha|[spread] p1a,p1b\n|-supereffective|p1a: Dragonite|1\n|-damage|p1a: Dragonite|33/100\n|-damage|p1b: Sinistcha|78/100\n|move|p2b: Sylveon|Hyper Voice|p1a: Dragonite|[spread] p1a,p1b\n|-supereffective|p1a: Dragonite|1\n|-damage|p1a: Dragonite|0 fnt\n|-damage|p1b: Sinistcha|12/100\n|-enditem|p1b: Sinistcha|Sitrus Berry|[eat]\n|-heal|p1b: Sinistcha|37/100|[from] item: Sitrus Berry\n|faint|p1a: Dragonite\n|\n|-weather|Sandstorm|[upkeep]\n|-damage|p2b: Sylveon|95/100|[from] Sandstorm\n|-damage|p1b: Sinistcha|31/100|[from] Sandstorm\n|-sideend|p1: iamfrxst|move: Tailwind\n|upkeep\n|\n|t:|1776003531\n|switch|p1a: Archaludon|Archaludon, L50, M|100/100\n|turn|5\n|\n|t:|1776003551\n|move|p2a: Tyranitar|Rock Slide|p1a: Archaludon|[spread] p1a\n|-miss|p2a: Tyranitar|p1b: Sinistcha\n|-resisted|p1a: Archaludon|1\n|-damage|p1a: Archaludon|89/100\n|-ability|p1a: Archaludon|Stamina|boost\n|-boost|p1a: Archaludon|def|1\n|move|p2b: Sylveon|Hyper Voice|p1a: Archaludon|[spread] p1a,p1b\n|-damage|p1a: Archaludon|16/100\n|-damage|p1b: Sinistcha|0 fnt\n|-ability|p1a: Archaludon|Stamina|boost\n|-boost|p1a: Archaludon|def|1\n|faint|p1b: Sinistcha\n|move|p1a: Archaludon|Flash Cannon|p2a: Tyranitar\n|-supereffective|p2a: Tyranitar|1\n|-damage|p2a: Tyranitar|49/100\n|\n|-weather|Sandstorm|[upkeep]\n|-damage|p2b: Sylveon|89/100|[from] Sandstorm\n|-heal|p1a: Archaludon|22/100|[from] item: Leftovers\n|-sideend|p2: Jeremykhoo|move: Tailwind\n|upkeep\n|\n|t:|1776003567\n|switch|p1b: Pelipper|Pelipper, L50, F|100/100\n|-weather|RainDance|[from] ability: Drizzle|[of] p1b: Pelipper\n|turn|6\n|\n|t:|1776003585\n|move|p2a: Tyranitar|Rock Slide|p1a: Archaludon|[spread] p1a,p1b\n|-resisted|p1a: Archaludon|1\n|-crit|p1a: Archaludon\n|-supereffective|p1b: Pelipper|1\n|-damage|p1a: Archaludon|7/100\n|-damage|p1b: Pelipper|25/100\n|-ability|p1a: Archaludon|Stamina|boost\n|-boost|p1a: Archaludon|def|1\n|cant|p1a: Archaludon|flinch\n|move|p1b: Pelipper|Weather Ball|p2a: Tyranitar\n|-supereffective|p2a: Tyranitar|1\n|-damage|p2a: Tyranitar|0 fnt\n|faint|p2a: Tyranitar\n|move|p2b: Sylveon|Hyper Voice|p1a: Archaludon|[spread] p1a,p1b\n|-damage|p1a: Archaludon|0 fnt\n|-damage|p1b: Pelipper|0 fnt\n|faint|p1a: Archaludon\n|faint|p1b: Pelipper\n|\n|win|Jeremykhoo\n|raw|iamfrxst's rating: 1026 &rarr; <strong>1014</strong><br />(-12 for losing)\n|raw|Jeremykhoo's rating: 1066 &rarr; <strong>1093</strong><br />(+27 for winning)\n|l|\u2606iamfrxst\n|player|p1|\n",
  "uploadtime": 1776003602,
  "views": 18,
  "formatid": "gen9championsvgc2026regma",
  "rating": 1014,
  "private": 0,
  "password": null
}