{
  "id": "gen9championsvgc2026regma-2585834202",
  "format": "[Gen 9 Champions] VGC 2026 Reg M-A",
  "players": [
    "NEONxTOKYO",
    "microtonepo"
  ],
  "log": "|j|\u2606NEONxTOKYO\n|j|\u2606microtonepo\n|t:|1776374144\n|gametype|doubles\n|player|p1|NEONxTOKYO|265|1168\n|player|p2|microtonepo|2|1107\n|gen|9\n|tier|[Gen 9 Champions] VGC 2026 Reg M-A\n|rated|\n|rule|Species Clause: Limit one of each Pok\u00e9mon\n|rule|Item Clause: Limit 1 of each item\n|clearpoke\n|poke|p1|Garchomp, L50, F|\n|poke|p1|Tyranitar, L50, F|\n|poke|p1|Excadrill, L50, M|\n|poke|p1|Corviknight, L50, F|\n|poke|p1|Rotom-Wash, L50|\n|poke|p1|Archaludon, L50, M|\n|poke|p2|Scovillain, L50, F|\n|poke|p2|Hydreigon, L50, F|\n|poke|p2|Trevenant, L50, F|\n|poke|p2|Torkoal, L50, M|\n|poke|p2|Hydrapple, L50, M|\n|poke|p2|Lucario, L50, M|\n|teampreview|4\n|inactive|Battle timer is ON: inactive players will automatically lose when time's up. (requested by microtonepo)\n|\n|t:|1776374169\n|teamsize|p1|4\n|teamsize|p2|4\n|start\n|switch|p1a: Tyranitar|Tyranitar, L50, F|100/100\n|switch|p1b: Excadrill|Excadrill, L50, M|100/100\n|switch|p2a: Hydreigon|Hydreigon, L50, F|100/100\n|switch|p2b: Trevenant|Trevenant, L50, F|100/100\n|-weather|Sandstorm|[from] ability: Sand Stream|[of] p1a: Tyranitar\n|turn|1\n|inactive|NEONxTOKYO has 30 seconds left.\n|\n|t:|1776374194\n|switch|p2b: Torkoal|Torkoal, L50, M|100/100\n|-weather|SunnyDay|[from] ability: Drought|[of] p2b: Torkoal\n|move|p2a: Hydreigon|Protect|p2a: Hydreigon\n|-singleturn|p2a: Hydreigon|Protect\n|move|p1b: Excadrill|Rock Slide|p2b: Torkoal|[spread] p2b\n|-activate|p2a: Hydreigon|move: Protect\n|-supereffective|p2b: Torkoal|1\n|-damage|p2b: Torkoal|73/100\n|move|p1a: Tyranitar|Crunch|p2b: Torkoal\n|-damage|p2b: Torkoal|42/100\n|\n|-weather|SunnyDay|[upkeep]\n|-heal|p2b: Torkoal|48/100|[from] item: Leftovers\n|upkeep\n|turn|2\n|\n|t:|1776374218\n|detailschange|p1a: Tyranitar|Tyranitar-Mega, L50, F\n|-mega|p1a: Tyranitar|Tyranitar|Tyranitarite\n|-weather|Sandstorm|[from] ability: Sand Stream|[of] p1a: Tyranitar\n|move|p1b: Excadrill|Rock Slide|p2a: Hydreigon|[spread] p2a,p2b\n|-supereffective|p2b: Torkoal|1\n|-damage|p2a: Hydreigon|76/100\n|-damage|p2b: Torkoal|18/100\n|move|p2a: Hydreigon|Tailwind|p2a: Hydreigon\n|-sidestart|p2: microtonepo|move: Tailwind\n|move|p1a: Tyranitar|Rock Slide|p2a: Hydreigon|[spread] p2a\n|-miss|p1a: Tyranitar|p2b: Torkoal\n|-damage|p2a: Hydreigon|29/100\n|cant|p2b: Torkoal|flinch\n|\n|-weather|Sandstorm|[upkeep]\n|-damage|p2a: Hydreigon|23/100|[from] Sandstorm\n|-damage|p2b: Torkoal|12/100|[from] Sandstorm\n|-heal|p2b: Torkoal|18/100|[from] item: Leftovers\n|upkeep\n|turn|3\n|\n|t:|1776374238\n|switch|p1a: Rotom|Rotom-Wash, L50|100/100\n|move|p1b: Excadrill|Rock Slide|p2a: Hydreigon|[spread] p2a,p2b\n|-supereffective|p2b: Torkoal|1\n|-damage|p2a: Hydreigon|0 fnt\n|-damage|p2b: Torkoal|0 fnt\n|faint|p2a: Hydreigon\n|faint|p2b: Torkoal\n|\n|-weather|Sandstorm|[upkeep]\n|-damage|p1a: Rotom|95/100|[from] Sandstorm\n|upkeep\n|\n|t:|1776374243\n|switch|p2a: Trevenant|Trevenant, L50, F|100/100\n|switch|p2b: Scovillain|Scovillain, L50, F|100/100\n|turn|4\n|inactive|NEONxTOKYO has 30 seconds left.\n|\n|t:|1776374270\n|move|p2b: Scovillain|Protect|p2b: Scovillain\n|-singleturn|p2b: Scovillain|Protect\n|move|p1b: Excadrill|Rock Slide|p2b: Scovillain|[spread] p2a\n|-activate|p2b: Scovillain|move: Protect\n|-crit|p2a: Trevenant\n|-damage|p2a: Trevenant|68/100\n|move|p1a: Rotom|Hydro Pump|p2b: Scovillain\n|-activate|p2b: Scovillain|move: Protect\n|move|p2a: Trevenant|Trick Room|p2a: Trevenant\n|-fieldstart|move: Trick Room|[of] p2a: Trevenant\n|\n|-weather|Sandstorm|[upkeep]\n|-damage|p1a: Rotom|89/100|[from] Sandstorm\n|-damage|p2a: Trevenant|61/100|[from] Sandstorm\n|-damage|p2b: Scovillain|95/100|[from] Sandstorm\n|upkeep\n|turn|5\n|\n|t:|1776374287\n|detailschange|p2b: Scovillain|Scovillain-Mega, L50, F\n|-mega|p2b: Scovillain|Scovillain|Scovillainite\n|move|p1a: Rotom|Hydro Pump|p2b: Scovillain\n|-damage|p2b: Scovillain|10/100\n|-status|p1a: Rotom|brn|[from] ability: Spicy Spray|[of] p2b: Scovillain\n|move|p2a: Trevenant|Horn Leech|p1a: Rotom\n|-supereffective|p1a: Rotom|1\n|-damage|p1a: Rotom|9/100 brn\n|-heal|p2a: Trevenant|94/100|[from] drain|[of] p1a: Rotom\n|-enditem|p1a: Rotom|Sitrus Berry|[eat]\n|-heal|p1a: Rotom|34/100 brn|[from] item: Sitrus Berry\n|move|p2b: Scovillain|Fire Blast|p1b: Excadrill|[miss]\n|-miss|p2b: Scovillain|p1b: Excadrill\n|move|p1b: Excadrill|Rock Slide|p2b: Scovillain|[spread] p2a,p2b\n|-supereffective|p2b: Scovillain|1\n|-damage|p2a: Trevenant|71/100\n|-damage|p2b: Scovillain|0 fnt\n|-status|p1b: Excadrill|brn|[from] ability: Spicy Spray|[of] p2b: Scovillain\n|faint|p2b: Scovillain\n|\n|-weather|Sandstorm|[upkeep]\n|-damage|p1a: Rotom|28/100 brn|[from] Sandstorm\n|-damage|p2a: Trevenant|65/100|[from] Sandstorm\n|-damage|p1a: Rotom|22/100 brn|[from] brn\n|-damage|p1b: Excadrill|95/100 brn|[from] brn\n|-sideend|p2: microtonepo|move: Tailwind\n|upkeep\n|turn|6\n|-message|microtonepo forfeited.\n|\n|win|NEONxTOKYO\n|raw|NEONxTOKYO's rating: 1168 &rarr; <strong>1189</strong><br />(+21 for winning)\n|raw|microtonepo's rating: 1107 &rarr; <strong>1086</strong><br />(-21 for losing)\n",
  "uploadtime": 1776374301,
  "views": 18,
  "formatid": "gen9championsvgc2026regma",
  "rating": 1086,
  "private": 0,
  "password": null
}