{
  "id": "gen9championsvgc2026regma-2585146646",
  "format": "[Gen 9 Champions] VGC 2026 Reg M-A",
  "players": [
    "RintoShion",
    "orionsayshi"
  ],
  "log": "|j|\u2606RintoShion\n|j|\u2606orionsayshi\n|t:|1776317474\n|gametype|doubles\n|player|p1|RintoShion|blue|1041\n|player|p2|orionsayshi|elesa|1087\n|gen|9\n|tier|[Gen 9 Champions] VGC 2026 Reg M-A\n|rated|\n|rule|Species Clause: Limit one of each Pok\u00e9mon\n|rule|Item Clause: Limit 1 of each item\n|clearpoke\n|poke|p1|Aerodactyl, L50, M|\n|poke|p1|Tyranitar, L50, M|\n|poke|p1|Sneasler, L50, M|\n|poke|p1|Incineroar, L50, F|\n|poke|p1|Rotom-Wash, L50|\n|poke|p1|Sinistcha, L50|\n|poke|p2|Incineroar, L50, M|\n|poke|p2|Gengar, L50, M|\n|poke|p2|Sableye, L50, M|\n|poke|p2|Arcanine-Hisui, L50, F|\n|poke|p2|Bellibolt, L50, M|\n|poke|p2|Sinistcha, L50|\n|teampreview|4\n|inactive|Battle timer is ON: inactive players will automatically lose when time's up. (requested by orionsayshi)\n|\n|t:|1776317537\n|teamsize|p1|4\n|teamsize|p2|4\n|start\n|switch|p1a: Sneasler|Sneasler, L50, M|100/100\n|switch|p1b: Incineroar|Incineroar, L50, F|100/100\n|switch|p2a: Incineroar|Incineroar, L50, M|100/100\n|switch|p2b: Gengar|Gengar, L50, M|100/100\n|-ability|p2a: Incineroar|Intimidate|boost\n|-unboost|p1a: Sneasler|atk|1\n|-unboost|p1b: Incineroar|atk|1\n|-ability|p1b: Incineroar|Intimidate|boost\n|-unboost|p2a: Incineroar|atk|1\n|-unboost|p2b: Gengar|atk|1\n|-enditem|p1a: Sneasler|White Herb\n|-clearnegativeboost|p1a: Sneasler|[silent]\n|turn|1\n|\n|t:|1776317555\n|detailschange|p2b: Gengar|Gengar-Mega, L50, M\n|-mega|p2b: Gengar|Gengar|Gengarite\n|move|p1a: Sneasler|Protect|p1a: Sneasler\n|-singleturn|p1a: Sneasler|Protect\n|move|p2a: Incineroar|Fake Out|p1b: Incineroar\n|-damage|p1b: Incineroar|92/100\n|move|p2b: Gengar|Perish Song|p2b: Gengar\n|-start|p1a: Sneasler|perish3|[silent]\n|-start|p1b: Incineroar|perish3|[silent]\n|-start|p2a: Incineroar|perish3|[silent]\n|-start|p2b: Gengar|perish3|[silent]\n|-fieldactivate|move: Perish Song\n|cant|p1b: Incineroar|flinch\n|\n|-heal|p1b: Incineroar|98/100|[from] item: Leftovers\n|-start|p1a: Sneasler|perish3\n|-start|p2b: Gengar|perish3\n|-start|p2a: Incineroar|perish3\n|-start|p1b: Incineroar|perish3\n|upkeep\n|turn|2\n|\n|t:|1776317580\n|move|p2b: Gengar|Protect|p2b: Gengar\n|-singleturn|p2b: Gengar|Protect\n|move|p2a: Incineroar|Protect|p2a: Incineroar\n|-singleturn|p2a: Incineroar|Protect\n|move|p1a: Sneasler|Close Combat|p2a: Incineroar\n|-activate|p2a: Incineroar|move: Protect\n|move|p1b: Incineroar|Parting Shot|p2b: Gengar\n|-activate|p2b: Gengar|move: Protect\n|\n|-heal|p1b: Incineroar|100/100|[from] item: Leftovers\n|-start|p1a: Sneasler|perish2\n|-start|p2b: Gengar|perish2\n|-start|p2a: Incineroar|perish2\n|-start|p1b: Incineroar|perish2\n|upkeep\n|turn|3\n|inactive|orionsayshi has 30 seconds left.\n|\n|t:|1776317611\n|move|p1a: Sneasler|Dire Claw|p2a: Incineroar\n|-damage|p2a: Incineroar|55/100\n|move|p2b: Gengar|Substitute|p2b: Gengar\n|-start|p2b: Gengar|Substitute\n|-damage|p2b: Gengar|76/100\n|move|p2a: Incineroar|Throat Chop|p1b: Incineroar\n|-resisted|p1b: Incineroar|1\n|-damage|p1b: Incineroar|88/100\n|-start|p1b: Incineroar|Throat Chop|[silent]\n|cant|p1b: Incineroar|move: Throat Chop\n|\n|-heal|p1b: Incineroar|94/100|[from] item: Leftovers\n|-start|p1a: Sneasler|perish1\n|-start|p2b: Gengar|perish1\n|-start|p2a: Incineroar|perish1\n|-start|p1b: Incineroar|perish1\n|upkeep\n|turn|4\n|inactive|orionsayshi has 30 seconds left.\n|\n|t:|1776317637\n|switch|p2b: Sinistcha|Sinistcha, L50|100/100\n|-heal|p2a: Incineroar|80/100|[from] ability: Hospitality|[of] p2b: Sinistcha\n|switch|p2a: Sableye|Sableye, L50, M|100/100\n|move|p1a: Sneasler|Close Combat|p2a: Sableye\n|-immune|p2a: Sableye\n|move|p1b: Incineroar|Flare Blitz|p2a: Sableye\n|-damage|p2a: Sableye|62/100\n|-damage|p1b: Incineroar|83/100|[from] Recoil\n|\n|-heal|p1b: Incineroar|89/100|[from] item: Leftovers\n|-end|p1b: Incineroar|Throat Chop|[silent]\n|-start|p1a: Sneasler|perish0\n|-start|p1b: Incineroar|perish0\n|upkeep\n|faint|p1a: Sneasler\n|faint|p1b: Incineroar\n|\n|t:|1776317642\n|switch|p1a: Rotom|Rotom-Wash, L50|100/100\n|switch|p1b: te de dro-|Sinistcha, L50, shiny|100/100\n|turn|5\n|\n|t:|1776317666\n|move|p2a: Sableye|Fake Out|p1a: Rotom\n|-damage|p1a: Rotom|93/100\n|cant|p1a: Rotom|flinch\n|move|p1b: te de dro-|Matcha Gotcha|p2b: Sinistcha|[spread] p2a,p2b\n|-resisted|p2b: Sinistcha|1\n|-damage|p2a: Sableye|18/100\n|-damage|p2b: Sinistcha|84/100\n|move|p2b: Sinistcha|Matcha Gotcha|p1b: te de dro-|[spread] p1a,p1b\n|-supereffective|p1a: Rotom|1\n|-resisted|p1b: te de dro-|1\n|-damage|p1a: Rotom|25/100\n|-heal|p2b: Sinistcha|100/100|[from] drain|[of] p1a: Rotom\n|-damage|p1b: te de dro-|82/100\n|-status|p1a: Rotom|brn\n|-enditem|p1a: Rotom|Sitrus Berry|[eat]\n|-heal|p1a: Rotom|50/100 brn|[from] item: Sitrus Berry\n|\n|-damage|p1a: Rotom|44/100 brn|[from] brn\n|upkeep\n|turn|6\n|-message|RintoShion forfeited.\n|\n|win|orionsayshi\n|raw|RintoShion's rating: 1041 &rarr; <strong>1027</strong><br />(-14 for losing)\n|raw|orionsayshi's rating: 1087 &rarr; <strong>1110</strong><br />(+23 for winning)\n|l|\u2606RintoShion\n|player|p1|\n",
  "uploadtime": 1776317682,
  "views": 16,
  "formatid": "gen9championsvgc2026regma",
  "rating": 1027,
  "private": 0,
  "password": null
}