{
  "id": "gen9championsvgc2026regma-2581975000",
  "format": "[Gen 9 Champions] VGC 2026 Reg M-A",
  "players": [
    "anonymous_snorlax",
    "PeterCastf14"
  ],
  "log": "|j|\u2606anonymous_snorlax\n|j|\u2606PeterCastf14\n|t:|1776044765\n|gametype|doubles\n|player|p1|anonymous_snorlax|266|1011\n|player|p2|PeterCastf14|170|1003\n|gen|9\n|tier|[Gen 9 Champions] VGC 2026 Reg M-A\n|rated|\n|rule|Species Clause: Limit one of each Pok\u00e9mon\n|rule|Item Clause: Limit 1 of each item\n|clearpoke\n|poke|p1|Chimecho, L50, F|\n|poke|p1|Snorlax, L50, F|\n|poke|p1|Clefable, L50, F|\n|poke|p1|Rotom-Wash, L50|\n|poke|p1|Incineroar, L50, M|\n|poke|p1|Sinistcha, L50|\n|poke|p2|Charizard, L50, M|\n|poke|p2|Venusaur, L50, F|\n|poke|p2|Garchomp, L50, M|\n|poke|p2|Gardevoir, L50, F|\n|poke|p2|Milotic, L50, F|\n|poke|p2|Incineroar, L50, F|\n|teampreview|4\n|inactive|Battle timer is ON: inactive players will automatically lose when time's up. (requested by anonymous_snorlax)\n|inactive|anonymous_snorlax has 60 seconds left.\n|inactive|PeterCastf14 has 60 seconds left.\n|\n|t:|1776044802\n|teamsize|p1|4\n|teamsize|p2|4\n|start\n|switch|p1a: Chimecho|Chimecho, L50, F|100/100\n|switch|p1b: Snorlax|Snorlax, L50, F|100/100\n|switch|p2a: FARROLITO|Venusaur, L50, F|100/100\n|switch|p2b: KAKAROT|Charizard, L50, M, shiny|100/100\n|turn|1\n|\n|t:|1776044816\n|detailschange|p2b: KAKAROT|Charizard-Mega-Y, L50, M, shiny\n|-mega|p2b: KAKAROT|Charizard|Charizardite Y\n|-weather|SunnyDay|[from] ability: Drought|[of] p2b: KAKAROT\n|detailschange|p1a: Chimecho|Chimecho-Mega, L50, F\n|-mega|p1a: Chimecho|Chimecho|Chimechite\n|move|p2b: KAKAROT|Protect|p2b: KAKAROT\n|-singleturn|p2b: KAKAROT|Protect\n|move|p2a: FARROLITO|Sleep Powder|p1a: Chimecho|[miss]\n|-miss|p2a: FARROLITO|p1a: Chimecho\n|move|p1b: Snorlax|Belly Drum|p1b: Snorlax\n|-damage|p1b: Snorlax|50/100\n|-setboost|p1b: Snorlax|atk|6|[from] move: Belly Drum\n|-enditem|p1b: Snorlax|Sitrus Berry|[eat]\n|-heal|p1b: Snorlax|75/100|[from] item: Sitrus Berry\n|move|p1a: Chimecho|Trick Room|p1a: Chimecho\n|-fieldstart|move: Trick Room|[of] p1a: Chimecho\n|\n|-weather|SunnyDay|[upkeep]\n|upkeep\n|turn|2\n|inactive|PeterCastf14 has 30 seconds left.\n|inactive|PeterCastf14 has 20 seconds left.\n|\n|t:|1776044856\n|switch|p2b: PITEI|Incineroar, L50, F, shiny|100/100\n|-ability|p2b: PITEI|Intimidate|boost\n|-unboost|p1a: Chimecho|atk|1\n|-unboost|p1b: Snorlax|atk|1\n|move|p1b: Snorlax|Facade|p2a: FARROLITO\n|-enditem|p2a: FARROLITO|Focus Sash\n|-damage|p2a: FARROLITO|1/100\n|move|p1a: Chimecho|Psychic|p2b: PITEI\n|-immune|p2b: PITEI\n|move|p2a: FARROLITO|Sleep Powder|p1b: Snorlax\n|-status|p1b: Snorlax|slp|[from] move: Sleep Powder\n|\n|-weather|SunnyDay|[upkeep]\n|upkeep\n|turn|3\n|\n|t:|1776044875\n|switch|p1a: Sinistcha|Sinistcha, L50|100/100\n|-heal|p1b: Snorlax|99/100 slp|[from] ability: Hospitality|[of] p1a: Sinistcha\n|cant|p1b: Snorlax|slp\n|move|p2b: PITEI|Darkest Lariat|p1a: Sinistcha\n|-supereffective|p1a: Sinistcha|1\n|-damage|p1a: Sinistcha|36/100\n|move|p2a: FARROLITO|Leaf Storm|p1b: Snorlax\n|-damage|p1b: Snorlax|63/100 slp\n|-unboost|p2a: FARROLITO|spa|2\n|\n|-weather|SunnyDay|[upkeep]\n|upkeep\n|turn|4\n|\n|t:|1776044895\n|switch|p2a: ARANDONIA|Gardevoir, L50, F|100/100\n|-ability|p2a: ARANDONIA|Hospitality|Trace|[from] ability: Trace|[of] p1a: Sinistcha\n|cant|p1b: Snorlax|slp\n|move|p1a: Sinistcha|Life Dew|p1a: Sinistcha|[spread] p1a,p1b\n|-heal|p1a: Sinistcha|62/100\n|-heal|p1b: Snorlax|88/100 slp\n|move|p2b: PITEI|Parting Shot|p1b: Snorlax\n|-unboost|p1b: Snorlax|atk|1\n|-unboost|p1b: Snorlax|spa|1\n|\n|t:|1776044909\n|switch|p2b: KAKAROT|Charizard-Mega-Y, L50, M, shiny|100/100|[from] Parting Shot\n|\n|-weather|SunnyDay|[upkeep]\n|upkeep\n|turn|5\n|inactive|PeterCastf14 has 30 seconds left.\n|inactive|PeterCastf14 has 20 seconds left.\n|\n|t:|1776044947\n|switch|p1a: Rotom|Rotom-Wash, L50|100/100\n|-curestatus|p1b: Snorlax|slp|[msg]\n|move|p1b: Snorlax|Earthquake|p2a: ARANDONIA|[spread] p2a\n|-immune|p1a: Rotom|[from] ability: Levitate\n|-immune|p2b: KAKAROT\n|-damage|p2a: ARANDONIA|9/100\n|move|p2b: KAKAROT|Overheat|p1b: Snorlax|[miss]\n|-miss|p2b: KAKAROT|p1b: Snorlax\n|move|p2a: ARANDONIA|Dazzling Gleam|p1b: Snorlax|[spread] p1a,p1b\n|-crit|p1b: Snorlax\n|-damage|p1a: Rotom|55/100\n|-damage|p1b: Snorlax|61/100\n|\n|-weather|none\n|-fieldend|move: Trick Room\n|upkeep\n|turn|6\n|inactive|anonymous_snorlax has 30 seconds left.\n|inactive|PeterCastf14 has 30 seconds left.\n|inactive|anonymous_snorlax has 20 seconds left.\n|inactive|anonymous_snorlax has 15 seconds left.\n|\n|t:|1776044989\n|switch|p2a: PITEI|Incineroar, L50, F, shiny|100/100\n|-ability|p2a: PITEI|Intimidate|boost\n|-unboost|p1a: Rotom|atk|1\n|-unboost|p1b: Snorlax|atk|1\n|switch|p2b: FARROLITO|Venusaur, L50, F|1/100\n|move|p1a: Rotom|Volt Switch|p2b: FARROLITO\n|-resisted|p2b: FARROLITO|1\n|-damage|p2b: FARROLITO|0 fnt\n|faint|p2b: FARROLITO\n|\n|t:|1776044998\n|switch|p1a: Sinistcha|Sinistcha, L50|62/100|[from] Volt Switch\n|-heal|p1b: Snorlax|86/100|[from] ability: Hospitality|[of] p1a: Sinistcha\n|move|p1b: Snorlax|Facade|p2a: PITEI\n|-damage|p2a: PITEI|36/100\n|\n|-heal|p2a: PITEI|42/100|[from] item: Leftovers\n|upkeep\n|\n|t:|1776045002\n|switch|p2b: KAKAROT|Charizard-Mega-Y, L50, M, shiny|100/100\n|-weather|SunnyDay|[from] ability: Drought|[of] p2b: KAKAROT\n|turn|7\n|\n|t:|1776045032\n|move|p1b: Snorlax|Protect|p1b: Snorlax\n|-singleturn|p1b: Snorlax|Protect\n|move|p2a: PITEI|Fake Out|p1b: Snorlax\n|-activate|p1b: Snorlax|move: Protect\n|move|p2b: KAKAROT|Overheat|p1a: Sinistcha\n|-supereffective|p1a: Sinistcha|1\n|-damage|p1a: Sinistcha|0 fnt\n|-unboost|p2b: KAKAROT|spa|2\n|faint|p1a: Sinistcha\n|\n|-weather|SunnyDay|[upkeep]\n|-heal|p2a: PITEI|48/100|[from] item: Leftovers\n|upkeep\n|\n|t:|1776045044\n|switch|p1a: Rotom|Rotom-Wash, L50|55/100\n|turn|8\n|\n|t:|1776045057\n|switch|p2a: ARANDONIA|Gardevoir, L50, F|9/100\n|-ability|p2a: ARANDONIA|Thick Fat|Trace|[from] ability: Trace|[of] p1b: Snorlax\n|move|p2b: KAKAROT|Protect|p2b: KAKAROT\n|-singleturn|p2b: KAKAROT|Protect\n|move|p1a: Rotom|Volt Switch|p2b: KAKAROT\n|-activate|p2b: KAKAROT|move: Protect\n|move|p1b: Snorlax|Earthquake|p2b: KAKAROT|[spread] p2a\n|-activate|p2b: KAKAROT|move: Protect\n|-immune|p1a: Rotom|[from] ability: Levitate\n|-damage|p2a: ARANDONIA|0 fnt\n|faint|p2a: ARANDONIA\n|\n|-weather|SunnyDay|[upkeep]\n|upkeep\n|\n|t:|1776045072\n|switch|p2a: PITEI|Incineroar, L50, F, shiny|48/100\n|-ability|p2a: PITEI|Intimidate|boost\n|-unboost|p1a: Rotom|atk|1\n|-unboost|p1b: Snorlax|atk|1\n|turn|9\n|\n|t:|1776045081\n|move|p2a: PITEI|Fake Out|p1b: Snorlax\n|-damage|p1b: Snorlax|77/100\n|move|p1a: Rotom|Volt Switch|p2b: KAKAROT\n|-supereffective|p2b: KAKAROT|1\n|-damage|p2b: KAKAROT|33/100\n|\n|t:|1776045087\n|switch|p1a: Chimecho|Chimecho-Mega, L50, F|100/100|[from] Volt Switch\n|move|p2b: KAKAROT|Solar Beam||[still]\n|-prepare|p2b: KAKAROT|Solar Beam\n|-anim|p2b: KAKAROT|Solar Beam|p1a: Chimecho\n|-resisted|p1a: Chimecho|1\n|-damage|p1a: Chimecho|91/100\n|cant|p1b: Snorlax|flinch\n|\n|-weather|SunnyDay|[upkeep]\n|-heal|p2a: PITEI|54/100|[from] item: Leftovers\n|upkeep\n|turn|10\n|\n|t:|1776045101\n|move|p2b: KAKAROT|Overheat|p1a: Chimecho\n|-supereffective|p1a: Chimecho|1\n|-damage|p1a: Chimecho|0 fnt\n|-unboost|p2b: KAKAROT|spa|2\n|faint|p1a: Chimecho\n|move|p2a: PITEI|Darkest Lariat|p1b: Snorlax\n|-damage|p1b: Snorlax|49/100\n|move|p1b: Snorlax|Earthquake|p2a: PITEI|[spread] p2a\n|-immune|p2b: KAKAROT\n|-supereffective|p2a: PITEI|1\n|-damage|p2a: PITEI|0 fnt\n|faint|p2a: PITEI\n|\n|-weather|SunnyDay|[upkeep]\n|upkeep\n|\n|t:|1776045112\n|switch|p1a: Rotom|Rotom-Wash, L50|55/100\n|turn|11\n|\n|t:|1776045118\n|move|p1a: Rotom|Thunderbolt|p2b: KAKAROT\n|-supereffective|p2b: KAKAROT|1\n|-damage|p2b: KAKAROT|0 fnt\n|faint|p2b: KAKAROT\n|\n|win|anonymous_snorlax\n|raw|anonymous_snorlax's rating: 1011 &rarr; <strong>1048</strong><br />(+37 for winning)\n|raw|PeterCastf14's rating: 1003 &rarr; <strong>1000</strong><br />(-3 for losing)\n",
  "uploadtime": 1776045119,
  "views": 10,
  "formatid": "gen9championsvgc2026regma",
  "rating": 1000,
  "private": 0,
  "password": null
}