{
  "id": "gen9championsvgc2026regma-2584600450",
  "format": "[Gen 9 Champions] VGC 2026 Reg M-A",
  "players": [
    "Belopiselo",
    "Corbinc"
  ],
  "log": "|j|\u2606Belopiselo\n|j|\u2606Corbinc\n|t:|1776271337\n|gametype|doubles\n|player|p1|Belopiselo|marlon|1047\n|player|p2|Corbinc|ghetsis-gen5bw|1016\n|gen|9\n|tier|[Gen 9 Champions] VGC 2026 Reg M-A\n|rated|\n|rule|Species Clause: Limit one of each Pok\u00e9mon\n|rule|Item Clause: Limit 1 of each item\n|clearpoke\n|poke|p1|Pelipper, L50, M|\n|poke|p1|Archaludon, L50, F|\n|poke|p1|Sinistcha, L50|\n|poke|p1|Drampa, L50, F|\n|poke|p1|Golurk, L50|\n|poke|p1|Basculegion, L50, M|\n|poke|p2|Crabominable, L50, M|\n|poke|p2|Abomasnow, L50, M|\n|poke|p2|Sableye, L50, M|\n|poke|p2|Krookodile, L50, M|\n|poke|p2|Farigiraf, L50, M|\n|poke|p2|Ninetales-Alola, L50, M|\n|teampreview|4\n|inactive|Battle timer is ON: inactive players will automatically lose when time's up. (requested by Corbinc)\n|inactive|Belopiselo has 60 seconds left.\nCorbinc rejected open team sheets.\n|\n|t:|1776271384\n|teamsize|p1|4\n|teamsize|p2|4\n|start\n|switch|p1a: Stapler|Archaludon, L50, F|100/100\n|switch|p1b: Big Fish|Basculegion, L50, M|100/100\n|switch|p2a: Farigiraf|Farigiraf, L50, M|100/100\n|switch|p2b: Sableye|Sableye, L50, M|100/100\n|turn|1\n|\n|t:|1776271396\n|move|p2b: Sableye|Fake Out|p1a: Stapler\n|-resisted|p1a: Stapler|1\n|-damage|p1a: Stapler|97/100\n|-ability|p1a: Stapler|Stamina|boost\n|-boost|p1a: Stapler|def|1\n|move|p1b: Big Fish|Flip Turn|p2b: Sableye\n|-damage|p2b: Sableye|29/100\n|\n|t:|1776271406\n|switch|p1b: Gayman|Golurk, L50, shiny|100/100|[from] Flip Turn\n|cant|p1a: Stapler|flinch\n|move|p2a: Farigiraf|Trick Room|p2a: Farigiraf\n|-fieldstart|move: Trick Room|[of] p2a: Farigiraf\n|\n|upkeep\n|turn|2\n|\n|t:|1776271420\n|detailschange|p1b: Gayman|Golurk-Mega, L50, shiny\n|-mega|p1b: Gayman|Golurk|Golurkite\n|move|p2b: Sableye|Light Screen|p2b: Sableye\n|-sidestart|p2: Corbinc|move: Light Screen\n|move|p2a: Farigiraf|Gravity|p2a: Farigiraf\n|-fieldstart|move: Gravity\n|move|p1b: Gayman|Headlong Rush|p2a: Farigiraf\n|-damage|p2a: Farigiraf|56/100\n|-unboost|p1b: Gayman|def|1\n|-unboost|p1b: Gayman|spd|1\n|move|p1a: Stapler|Iron Head|p2b: Sableye\n|-crit|p2b: Sableye\n|-damage|p2b: Sableye|0 fnt\n|faint|p2b: Sableye\n|\n|upkeep\n|\n|t:|1776271434\n|switch|p2b: Abomasnow|Abomasnow, L50, M|100/100\n|-weather|Snowscape|[from] ability: Snow Warning|[of] p2b: Abomasnow\n|turn|3\n|\n|t:|1776271443\n|switch|p2a: Crabominable|Crabominable, L50, M|100/100\n|move|p1b: Gayman|Drain Punch|p2b: Abomasnow\n|-supereffective|p2b: Abomasnow|1\n|-damage|p2b: Abomasnow|70/100\n|move|p2b: Abomasnow|Frost Breath|p2a: Crabominable\n|-resisted|p2a: Crabominable|1\n|-crit|p2a: Crabominable\n|-damage|p2a: Crabominable|89/100\n|-setboost|p2a: Crabominable|atk|6|[from] ability: Anger Point\n|move|p1a: Stapler|Iron Head|p2b: Abomasnow\n|-supereffective|p2b: Abomasnow|1\n|-damage|p2b: Abomasnow|43/100\n|\n|-weather|Snowscape|[upkeep]\n|upkeep\n|turn|4\n|inactive|Belopiselo has 30 seconds left.\n|\n|t:|1776271471\n|detailschange|p2a: Crabominable|Crabominable-Mega, L50, M\n|-mega|p2a: Crabominable|Crabominable|Crabominite\n|move|p2b: Abomasnow|Helping Hand|p2a: Crabominable\n|-singleturn|p2a: Crabominable|Helping Hand|[of] p2b: Abomasnow\n|move|p2a: Crabominable|Earthquake|p1a: Stapler|[spread] p2b,p1a,p1b\n|-resisted|p2b: Abomasnow|1\n|-supereffective|p1a: Stapler|1\n|-damage|p2b: Abomasnow|3/100\n|-damage|p1a: Stapler|0 fnt\n|-damage|p1b: Gayman|0 fnt\n|faint|p1a: Stapler\n|faint|p1b: Gayman\n|\n|-weather|Snowscape|[upkeep]\n|upkeep\n|\n|t:|1776271478\n|switch|p1b: How's the weather?|Drampa, L50, F|100/100\n|switch|p1a: Big Fish|Basculegion, L50, M|100/100\n|-ability|p1b: How's the weather?|Cloud Nine\n|turn|5\n|\n|t:|1776271489\n|move|p2b: Abomasnow|Helping Hand|p2a: Crabominable\n|-singleturn|p2a: Crabominable|Helping Hand|[of] p2b: Abomasnow\n|move|p1b: How's the weather?|Protect|p1b: How's the weather?\n|-singleturn|p1b: How's the weather?|Protect\n|move|p1a: Big Fish|Aqua Jet|p2b: Abomasnow\n|-resisted|p2b: Abomasnow|1\n|-damage|p2b: Abomasnow|0 fnt\n|faint|p2b: Abomasnow\n|move|p2a: Crabominable|Earthquake|p1a: Big Fish|[spread] p1a\n|-activate|p1b: How's the weather?|move: Protect\n|-damage|p1a: Big Fish|0 fnt\n|faint|p1a: Big Fish\n|\n|-weather|Snowscape|[upkeep]\n|-fieldend|move: Trick Room\n|upkeep\n|-message|Belopiselo forfeited.\n|\n|win|Corbinc\n|raw|Belopiselo's rating: 1047 &rarr; <strong>1028</strong><br />(-19 for losing)\n|raw|Corbinc's rating: 1016 &rarr; <strong>1057</strong><br />(+41 for winning)\n|l|\u2606Belopiselo\n|player|p1|\n",
  "uploadtime": 1776271505,
  "views": 19,
  "formatid": "gen9championsvgc2026regma",
  "rating": 1028,
  "private": 0,
  "password": null
}