{
  "id": "gen9championsvgc2026regma-2581631104",
  "format": "[Gen 9 Champions] VGC 2026 Reg M-A",
  "players": [
    "cafupro",
    "DavidTIS"
  ],
  "log": "|j|\u2606cafupro\n|j|\u2606DavidTIS\n|t:|1776016523\n|gametype|doubles\n|player|p1|cafupro|roxie|1116\n|player|p2|DavidTIS|volkner|1114\n|gen|9\n|tier|[Gen 9 Champions] VGC 2026 Reg M-A\n|rated|\n|rule|Species Clause: Limit one of each Pok\u00e9mon\n|rule|Item Clause: Limit 1 of each item\n|clearpoke\n|poke|p1|Starmie, L50|\n|poke|p1|Aegislash, L50, F|\n|poke|p1|Sneasler, L50, F|\n|poke|p1|Pelipper, L50, F|\n|poke|p1|Archaludon, L50, M|\n|poke|p1|Maushold, L50|\n|poke|p2|Garganacl, L50, F|\n|poke|p2|Mimikyu, L50, M|\n|poke|p2|Chimecho, L50, M|\n|poke|p2|Slowbro, L50, F|\n|poke|p2|Lucario, L50, F|\n|poke|p2|Drampa, L50, F|\n|teampreview|4\n|inactive|Battle timer is ON: inactive players will automatically lose when time's up. (requested by DavidTIS)\n|c|\u2606cafupro|Say walahi bro say walahi\n|c|\u2606DavidTIS|walahi\n|inactive|cafupro has 60 seconds left.\n|inactive|DavidTIS has 60 seconds left.\n|c|\u2606cafupro|good boy\n|\n|t:|1776016583\n|teamsize|p1|4\n|teamsize|p2|4\n|start\n|switch|p1a: Aegislash|Aegislash, L50, F|100/100\n|switch|p1b: Pelipper|Pelipper, L50, F|100/100\n|switch|p2a: Mimikyu|Mimikyu, L50, M|100/100\n|switch|p2b: Lucario|Lucario, L50, F|100/100\n|-weather|RainDance|[from] ability: Drizzle|[of] p1b: Pelipper\n|turn|1\n|c|\u2606DavidTIS|:)\n|inactive|cafupro has 30 seconds left.\n|inactive|cafupro has 20 seconds left.\n|c|\u2606DavidTIS|eres espa\u00f1ol?\n|inactive|cafupro has 15 seconds left.\n|inactive|cafupro has 10 seconds left.\n|\n|t:|1776016631\n|move|p1a: Aegislash|King's Shield|p1a: Aegislash\n|-singleturn|p1a: Aegislash|Protect\n|move|p2b: Lucario|Thunder Punch|p1b: Pelipper\n|-supereffective|p1b: Pelipper|2\n|-damage|p1b: Pelipper|7/100\n|move|p1b: Pelipper|Tailwind|p1b: Pelipper\n|-sidestart|p1: cafupro|move: Tailwind\n|move|p2a: Mimikyu|Trick Room|p2a: Mimikyu\n|-fieldstart|move: Trick Room|[of] p2a: Mimikyu\n|\n|-weather|RainDance|[upkeep]\n|upkeep\n|turn|2\n|\n|t:|1776016656\n|move|p1b: Pelipper|Protect|p1b: Pelipper\n|-singleturn|p1b: Pelipper|Protect\n|move|p2b: Lucario|Bullet Punch|p1b: Pelipper\n|-activate|p1b: Pelipper|move: Protect\n|move|p2a: Mimikyu|Shadow Claw|p1a: Aegislash\n|-supereffective|p1a: Aegislash|1\n|-enditem|p1a: Aegislash|Kasib Berry|[eat]\n|-enditem|p1a: Aegislash|Kasib Berry|[weaken]\n|-damage|p1a: Aegislash|68/100\n|-formechange|p1a: Aegislash|Aegislash-Blade|\n|move|p1a: Aegislash|Sacred Sword|p2b: Lucario\n|-supereffective|p2b: Lucario|1\n|-enditem|p2b: Lucario|Focus Sash\n|-damage|p2b: Lucario|1/100\n|\n|-weather|RainDance|[upkeep]\n|upkeep\n|turn|3\n|c|\u2606cafupro|im stupid\n|inactive|cafupro has 30 seconds left.\n|inactive|DavidTIS has 30 seconds left.\n|\n|t:|1776016689\n|switch|p2b: Drampa|Drampa, L50, F|100/100\n|-ability|p2b: Drampa|Cloud Nine\n|switch|p1b: Archaludon|Archaludon, L50, M|100/100\n|-formechange|p1a: Aegislash|Aegislash|\n|move|p1a: Aegislash|King's Shield|p1a: Aegislash\n|-singleturn|p1a: Aegislash|Protect\n|move|p2a: Mimikyu|Shadow Sneak|p1b: Archaludon\n|-damage|p1b: Archaludon|87/100\n|-ability|p1b: Archaludon|Stamina|boost\n|-boost|p1b: Archaludon|def|1\n|\n|-weather|RainDance|[upkeep]\n|-heal|p1b: Archaludon|94/100|[from] item: Leftovers\n|upkeep\n|turn|4\n|inactive|DavidTIS has 30 seconds left.\n|inactive|DavidTIS has 20 seconds left.\n|\n|t:|1776016728\n|move|p2b: Drampa|Draco Meteor|p1b: Archaludon\n|-damage|p1b: Archaludon|12/100\n|-unboost|p2b: Drampa|spa|2\n|-ability|p1b: Archaludon|Stamina|boost\n|-boost|p1b: Archaludon|def|1\n|-enditem|p2b: Drampa|White Herb\n|-clearnegativeboost|p2b: Drampa|[silent]\n|move|p2a: Mimikyu|Shadow Claw|p1a: Aegislash\n|-supereffective|p1a: Aegislash|1\n|-crit|p1a: Aegislash\n|-damage|p1a: Aegislash|0 fnt\n|faint|p1a: Aegislash\n|move|p1b: Archaludon|Draco Meteor|p2b: Drampa|[miss]\n|-miss|p1b: Archaludon|p2b: Drampa\n|\n|-weather|RainDance|[upkeep]\n|-heal|p1b: Archaludon|19/100|[from] item: Leftovers\n|-sideend|p1: cafupro|move: Tailwind\n|upkeep\n|c|\u2606cafupro|MISSED\n|c|\u2606cafupro|NAHHHHHHHHHHHHHHHHHHHH\n|c|\u2606DavidTIS|i got lucky\n|\n|t:|1776016753\n|switch|p1a: Starmie|Starmie, L50|100/100\n|turn|5\n|\n|t:|1776016763\n|detailschange|p1a: Starmie|Starmie-Mega, L50\n|-mega|p1a: Starmie|Starmie|Starminite\n|move|p1b: Archaludon|Protect|p1b: Archaludon\n|-singleturn|p1b: Archaludon|Protect\n|move|p1a: Starmie|Protect|p1a: Starmie\n|-singleturn|p1a: Starmie|Protect\n|move|p2b: Drampa|Ice Beam|p1b: Archaludon\n|-activate|p1b: Archaludon|move: Protect\n|move|p2a: Mimikyu|Shadow Claw|p1a: Starmie\n|-activate|p1a: Starmie|move: Protect\n|\n|-weather|none\n|-heal|p1b: Archaludon|25/100|[from] item: Leftovers\n|-fieldend|move: Trick Room\n|upkeep\n|turn|6\n|\n|t:|1776016781\n|move|p1a: Starmie|Ice Spinner|p2b: Drampa\n|-supereffective|p2b: Drampa|1\n|-damage|p2b: Drampa|0 fnt\n|faint|p2b: Drampa\n|move|p1b: Archaludon|Flash Cannon|p2a: Mimikyu\n|-activate|p2a: Mimikyu|ability: Disguise\n|-damage|p2a: Mimikyu|100/100\n|detailschange|p2a: Mimikyu|Mimikyu-Busted, L50, M\n|-damage|p2a: Mimikyu|88/100|[from] pokemon: Mimikyu-Busted\n|move|p2a: Mimikyu|Trick Room|p2a: Mimikyu\n|-fieldstart|move: Trick Room|[of] p2a: Mimikyu\n|\n|-heal|p1b: Archaludon|31/100|[from] item: Leftovers\n|upkeep\n|\n|t:|1776016792\n|switch|p2b: Chimecho|Chimecho, L50, M|100/100\n|turn|7\n|\n|t:|1776016804\n|detailschange|p2b: Chimecho|Chimecho-Mega, L50, M\n|-mega|p2b: Chimecho|Chimecho|Chimechite\n|move|p2b: Chimecho|Psychic|p1b: Archaludon\n|-resisted|p1b: Archaludon|1\n|-crit|p1b: Archaludon\n|-damage|p1b: Archaludon|0 fnt\n|faint|p1b: Archaludon\n|move|p2a: Mimikyu|Shadow Claw|p1a: Starmie\n|-supereffective|p1a: Starmie|1\n|-damage|p1a: Starmie|26/100\n|move|p1a: Starmie|Liquidation|p2b: Chimecho\n|-damage|p2b: Chimecho|16/100\n|-unboost|p2b: Chimecho|def|1\n|\n|upkeep\n|\n|t:|1776016814\n|switch|p1b: Pelipper|Pelipper, L50, F|7/100\n|-weather|RainDance|[from] ability: Drizzle|[of] p1b: Pelipper\n|turn|8\n|inactive|DavidTIS has 30 seconds left.\n|\n|t:|1776016839\n|move|p1a: Starmie|Protect|p1a: Starmie\n|-singleturn|p1a: Starmie|Protect\n|move|p2b: Chimecho|Energy Ball|p1a: Starmie\n|-activate|p1a: Starmie|move: Protect\n|move|p2a: Mimikyu|Shadow Claw|p1a: Starmie\n|-activate|p1a: Starmie|move: Protect\n|move|p1b: Pelipper|Weather Ball|p2a: Mimikyu\n|-damage|p2a: Mimikyu|13/100\n|-enditem|p2a: Mimikyu|Sitrus Berry|[eat]\n|-heal|p2a: Mimikyu|38/100|[from] item: Sitrus Berry\n|\n|-weather|RainDance|[upkeep]\n|upkeep\n|turn|9\n|\n|t:|1776016855\n|move|p2a: Mimikyu|Shadow Sneak|p1a: Starmie\n|-supereffective|p1a: Starmie|1\n|-crit|p1a: Starmie\n|-damage|p1a: Starmie|0 fnt\n|faint|p1a: Starmie\n|move|p2b: Chimecho|Energy Ball|p1b: Pelipper\n|-damage|p1b: Pelipper|0 fnt\n|faint|p1b: Pelipper\n|\n|win|DavidTIS\n|raw|cafupro's rating: 1116 &rarr; <strong>1091</strong><br />(-25 for losing)\n|raw|DavidTIS's rating: 1114 &rarr; <strong>1139</strong><br />(+25 for winning)\n|l|\u2606cafupro\n|player|p1|\n|c|\u2606DavidTIS|gg and wahi\n",
  "uploadtime": 1776016876,
  "views": 20,
  "formatid": "gen9championsvgc2026regma",
  "rating": 1091,
  "private": 0,
  "password": null
}