{
  "id": "gen9championsvgc2026regma-2587952481",
  "format": "[Gen 9 Champions] VGC 2026 Reg M-A",
  "players": [
    "wzzlr",
    "Cynthiahusband1314"
  ],
  "log": "|j|\u2606wzzlr\n|j|\u2606Cynthiahusband1314\n|t:|1776583942\n|gametype|doubles\n|player|p1|wzzlr|rancher|1361\n|player|p2|Cynthiahusband1314|swimmerf-gen4|1405\n|gen|9\n|tier|[Gen 9 Champions] VGC 2026 Reg M-A\n|rated|\n|rule|Species Clause: Limit one of each Pok\u00e9mon\n|rule|Item Clause: Limit 1 of each item\n|clearpoke\n|poke|p1|Sinistcha, L50|\n|poke|p1|Clefable, L50, F|\n|poke|p1|Tyranitar, L50, M|\n|poke|p1|Kommo-o, L50, M|\n|poke|p1|Farigiraf, L50, F, shiny|\n|poke|p1|Steelix, L50, M, shiny|\n|poke|p2|Floette-Eternal, L50, F, shiny|\n|poke|p2|Aerodactyl, L50, M|\n|poke|p2|Garchomp, L50, M, shiny|\n|poke|p2|Kingambit, L50, F|\n|poke|p2|Volcarona, L50, M|\n|poke|p2|Incineroar, L50, M|\n|teampreview|4\n|inactive|Battle timer is ON: inactive players will automatically lose when time's up. (requested by wzzlr)\n|inactive|wzzlr has 60 seconds left.\n|inactive|Cynthiahusband1314 has 60 seconds left.\n|\n|t:|1776584000\n|teamsize|p1|4\n|teamsize|p2|4\n|start\n|switch|p1a: Steelix|Steelix, L50, M, shiny|100/100\n|switch|p1b: Farigiraf|Farigiraf, L50, F, shiny|100/100\n|switch|p2a: Volcarona|Volcarona, L50, M|100/100\n|switch|p2b: Garchomp|Garchomp, L50, M, shiny|100/100\n|turn|1\n|inactive|Cynthiahusband1314 has 30 seconds left.\n|\n|t:|1776584026\n|detailschange|p1a: Steelix|Steelix-Mega, L50, M, shiny\n|-mega|p1a: Steelix|Steelix|Steelixite\n|move|p1a: Steelix|Protect|p1a: Steelix\n|-singleturn|p1a: Steelix|Protect\n|move|p2b: Garchomp|Stomping Tantrum|p1a: Steelix\n|-activate|p1a: Steelix|move: Protect\n|move|p2a: Volcarona|Heat Wave|p1b: Farigiraf|[spread] p1b\n|-activate|p1a: Steelix|move: Protect\n|-damage|p1b: Farigiraf|71/100\n|move|p1b: Farigiraf|Trick Room|p1b: Farigiraf\n|-fieldstart|move: Trick Room|[of] p1b: Farigiraf\n|\n|upkeep\n|turn|2\n|inactive|wzzlr has 30 seconds left.\n|inactive|wzzlr has 20 seconds left.\n|inactive|wzzlr has 15 seconds left.\n|\n|t:|1776584067\n|switch|p2a: Kingambit|Kingambit, L50, F|100/100\n|move|p1a: Steelix|Iron Defense|p1a: Steelix\n|-boost|p1a: Steelix|def|2\n|move|p1b: Farigiraf|Hyper Voice|p2a: Kingambit|[spread] p2a,p2b\n|-resisted|p2a: Kingambit|1\n|-crit|p2b: Garchomp\n|-damage|p2a: Kingambit|88/100\n|-damage|p2b: Garchomp|57/100\n|move|p2b: Garchomp|Stomping Tantrum|p1a: Steelix\n|-supereffective|p1a: Steelix|1\n|-damage|p1a: Steelix|81/100\n|\n|upkeep\n|turn|3\n|\n|t:|1776584088\n|move|p1a: Steelix|Body Press|p2a: Kingambit\n|-supereffective|p2a: Kingambit|2\n|-damage|p2a: Kingambit|0 fnt\n|faint|p2a: Kingambit\n|move|p1b: Farigiraf|Twin Beam|p2b: Garchomp\n|-damage|p2b: Garchomp|40/100\n|-damage|p2b: Garchomp|22/100\n|-hitcount|p2b: Garchomp|2\n|move|p2b: Garchomp|Fire Blast|p1a: Steelix\n|-supereffective|p1a: Steelix|1\n|-damage|p1a: Steelix|50/100\n|\n|upkeep\n|\n|t:|1776584091\n|switch|p2a: Volcarona|Volcarona, L50, M|100/100\n|turn|4\n|inactive|wzzlr has 30 seconds left.\n|inactive|wzzlr has 20 seconds left.\n|\n|t:|1776584128\n|move|p1a: Steelix|Body Press|p2a: Volcarona\n|-resisted|p2a: Volcarona|1\n|-damage|p2a: Volcarona|65/100\n|move|p1b: Farigiraf|Hyper Voice|p2a: Volcarona|[spread] p2a,p2b\n|-damage|p2a: Volcarona|41/100\n|-damage|p2b: Garchomp|0 fnt\n|faint|p2b: Garchomp\n|move|p2a: Volcarona|Heat Wave|p1b: Farigiraf|[spread] p1a,p1b\n|-supereffective|p1a: Steelix|1\n|-damage|p1a: Steelix|0 fnt\n|-damage|p1b: Farigiraf|36/100\n|-enditem|p1b: Farigiraf|Sitrus Berry|[eat]\n|-heal|p1b: Farigiraf|61/100|[from] item: Sitrus Berry\n|faint|p1a: Steelix\n|\n|upkeep\n|\n|t:|1776584134\n|switch|p1a: Kommo-o|Kommo-o, L50, M|100/100\n|switch|p2b: Floette|Floette-Eternal, L50, F, shiny|100/100\n|turn|5\n|\n|t:|1776584151\n|detailschange|p2b: Floette|Floette-Mega, L50, F, shiny\n|-mega|p2b: Floette|Floette|Floettite\n|-ability|p2b: Floette|Fairy Aura\n|move|p1b: Farigiraf|Hyper Voice|p2a: Volcarona|[spread] p2a,p2b\n|-damage|p2a: Volcarona|19/100\n|-damage|p2b: Floette|84/100\n|move|p1a: Kommo-o|Clangorous Soul|p1a: Kommo-o\n|-boost|p1a: Kommo-o|atk|1\n|-boost|p1a: Kommo-o|def|1\n|-boost|p1a: Kommo-o|spa|1\n|-boost|p1a: Kommo-o|spd|1\n|-boost|p1a: Kommo-o|spe|1\n|-damage|p1a: Kommo-o|68/100\n|move|p2a: Volcarona|Morning Sun|p2a: Volcarona\n|-heal|p2a: Volcarona|69/100\n|move|p2b: Floette|Dazzling Gleam|p1b: Farigiraf|[spread] p1a,p1b\n|-supereffective|p1a: Kommo-o|2\n|-damage|p1a: Kommo-o|0 fnt\n|-damage|p1b: Farigiraf|15/100\n|faint|p1a: Kommo-o\n|\n|-fieldend|move: Trick Room\n|upkeep\n|\n|t:|1776584153\n|switch|p1a: Tyranitar|Tyranitar, L50, M|100/100\n|-weather|Sandstorm|[from] ability: Sand Stream|[of] p1a: Tyranitar\n|turn|6\n|\n|t:|1776584174\n|move|p1b: Farigiraf|Helping Hand|p1a: Tyranitar\n|-singleturn|p1a: Tyranitar|Helping Hand|[of] p1b: Farigiraf\n|move|p1a: Tyranitar|Rock Slide|p2b: Floette|[spread] p2a,p2b\n|-supereffective|p2a: Volcarona|2\n|-crit|p2a: Volcarona\n|-damage|p2a: Volcarona|0 fnt\n|-damage|p2b: Floette|36/100\n|faint|p2a: Volcarona\n|cant|p2b: Floette|flinch\n|\n|-weather|Sandstorm|[upkeep]\n|-damage|p2b: Floette|30/100|[from] Sandstorm\n|-damage|p1b: Farigiraf|9/100|[from] Sandstorm\n|upkeep\n|turn|7\n|\n|t:|1776584186\n|move|p1a: Tyranitar|Rock Slide|p2b: Floette\n|-damage|p2b: Floette|0 fnt\n|faint|p2b: Floette\n|\n|win|wzzlr\n|raw|wzzlr's rating: 1361 &rarr; <strong>1384</strong><br />(+23 for winning)\n|raw|Cynthiahusband1314's rating: 1405 &rarr; <strong>1382</strong><br />(-23 for losing)\n|l|\u2606Cynthiahusband1314\n|player|p2|\n",
  "uploadtime": 1776584191,
  "views": 15,
  "formatid": "gen9championsvgc2026regma",
  "rating": 1382,
  "private": 0,
  "password": null
}