{
  "id": "gen9championsvgc2026regma-2589553761",
  "format": "[Gen 9 Champions] VGC 2026 Reg M-A",
  "players": [
    "hitmonjon",
    "Krisuerte"
  ],
  "log": "|j|\u2606hitmonjon\n|j|\u2606Krisuerte\n|t:|1776733585\n|gametype|doubles\n|player|p1|hitmonjon|170|1434\n|player|p2|Krisuerte|266|1503\n|gen|9\n|tier|[Gen 9 Champions] VGC 2026 Reg M-A\n|rated|\n|rule|Species Clause: Limit one of each Pok\u00e9mon\n|rule|Item Clause: Limit 1 of each item\n|clearpoke\n|poke|p1|Scovillain, L50, M|\n|poke|p1|Palafin, L50, F|\n|poke|p1|Rotom-Heat, L50|\n|poke|p1|Garchomp, L50, F|\n|poke|p1|Gardevoir, L50, M|\n|poke|p1|Aegislash, L50, F|\n|poke|p2|Tyranitar, L50, F|\n|poke|p2|Garchomp, L50, F|\n|poke|p2|Excadrill, L50, M|\n|poke|p2|Incineroar, L50, F|\n|poke|p2|Rotom-Wash, L50|\n|poke|p2|Corviknight, L50, M|\n|teampreview|4\n|inactive|Battle timer is ON: inactive players will automatically lose when time's up. (requested by Krisuerte)\n|inactive|hitmonjon has 60 seconds left.\n|inactive|hitmonjon has 30 seconds left.\n|inactive|hitmonjon has 20 seconds left.\n|inactive|hitmonjon has 15 seconds left.\n|\n|t:|1776733683\n|teamsize|p1|4\n|teamsize|p2|4\n|start\n|switch|p1a: Amoongus 2.0|Scovillain, L50, M|100/100\n|switch|p1b: Palafin|Palafin, L50, F|100/100\n|switch|p2a: Corviknight|Corviknight, L50, M|100/100\n|switch|p2b: Rotom|Rotom-Wash, L50|100/100\n|turn|1\n|j| BDupp\n|\n|t:|1776733699\n|detailschange|p1b: Palafin|Palafin-Hero, L50, F\n|switch|p1b: Aegislash|Aegislash, L50, F|100/100\n|detailschange|p1a: Amoongus 2.0|Scovillain-Mega, L50, M\n|-mega|p1a: Amoongus 2.0|Scovillain|Scovillainite\n|move|p2b: Rotom|Volt Switch|p1b: Aegislash\n|-damage|p1b: Aegislash|72/100\n|\n|t:|1776733709\n|switch|p2b: Tyranitar|Tyranitar, L50, F|100/100|[from] Volt Switch\n|-weather|Sandstorm|[from] ability: Sand Stream|[of] p2b: Tyranitar\n|move|p1a: Amoongus 2.0|Overheat|p2a: Corviknight\n|-supereffective|p2a: Corviknight|1\n|-damage|p2a: Corviknight|10/100\n|-unboost|p1a: Amoongus 2.0|spa|2\n|move|p2a: Corviknight|Iron Defense|p2a: Corviknight\n|-boost|p2a: Corviknight|def|2\n|\n|-weather|Sandstorm|[upkeep]\n|-damage|p1a: Amoongus 2.0|95/100|[from] Sandstorm\n|-heal|p2a: Corviknight|16/100|[from] item: Leftovers\n|-heal|p1b: Aegislash|78/100|[from] item: Leftovers\n|upkeep\n|turn|2\n|inactive|hitmonjon has 30 seconds left.\n|inactive|Krisuerte has 30 seconds left.\n|\n|t:|1776733743\n|detailschange|p2b: Tyranitar|Tyranitar-Mega, L50, F\n|-mega|p2b: Tyranitar|Tyranitar|Tyranitarite\n|move|p1b: Aegislash|King's Shield|p1b: Aegislash\n|-singleturn|p1b: Aegislash|Protect\n|move|p2b: Tyranitar|Rock Slide|p1b: Aegislash|[spread] p1a\n|-activate|p1b: Aegislash|move: Protect\n|-supereffective|p1a: Amoongus 2.0|1\n|-damage|p1a: Amoongus 2.0|25/100\n|-status|p2b: Tyranitar|brn|[from] ability: Spicy Spray|[of] p1a: Amoongus 2.0\n|move|p1a: Amoongus 2.0|Leech Seed|p2a: Corviknight|[miss]\n|-miss|p1a: Amoongus 2.0|p2a: Corviknight\n|move|p2a: Corviknight|Roost|p2a: Corviknight\n|-heal|p2a: Corviknight|66/100\n|-singleturn|p2a: Corviknight|move: Roost\n|\n|-weather|Sandstorm|[upkeep]\n|-damage|p1a: Amoongus 2.0|19/100|[from] Sandstorm\n|-heal|p2a: Corviknight|72/100|[from] item: Leftovers\n|-heal|p1b: Aegislash|84/100|[from] item: Leftovers\n|-damage|p2b: Tyranitar|95/100 brn|[from] brn\n|upkeep\n|turn|3\n|inactive|hitmonjon has 30 seconds left.\n|inactive|Krisuerte has 30 seconds left.\n|inactive|hitmonjon has 20 seconds left.\n|inactive|hitmonjon has 15 seconds left.\n|\n|t:|1776733785\n|move|p1a: Amoongus 2.0|Rage Powder|p1a: Amoongus 2.0\n|-singleturn|p1a: Amoongus 2.0|move: Rage Powder\n|move|p2b: Tyranitar|Rock Slide|p1a: Amoongus 2.0|[spread] p1a\n|-miss|p2b: Tyranitar|p1b: Aegislash\n|-supereffective|p1a: Amoongus 2.0|1\n|-damage|p1a: Amoongus 2.0|0 fnt\n|faint|p1a: Amoongus 2.0\n|move|p2a: Corviknight|Iron Defense|p2a: Corviknight\n|-boost|p2a: Corviknight|def|2\n|-formechange|p1b: Aegislash|Aegislash-Blade|\n|move|p1b: Aegislash|Shadow Ball|p2a: Corviknight\n|-damage|p2a: Corviknight|37/100\n|\n|-weather|Sandstorm|[upkeep]\n|-heal|p2a: Corviknight|42/100|[from] item: Leftovers\n|-heal|p1b: Aegislash|90/100|[from] item: Leftovers\n|-damage|p2b: Tyranitar|89/100 brn|[from] brn\n|upkeep\n|\n|t:|1776733808\n|switch|p1a: Gardevoir|Gardevoir, L50, M|100/100\n|turn|4\n|\n|t:|1776733828\n|-formechange|p1b: Aegislash|Aegislash|\n|move|p1b: Aegislash|King's Shield|p1b: Aegislash\n|-singleturn|p1b: Aegislash|Protect\n|move|p1a: Gardevoir|Dazzling Gleam|p2b: Tyranitar|[spread] p2a,p2b\n|-resisted|p2a: Corviknight|1\n|-supereffective|p2b: Tyranitar|1\n|-damage|p2a: Corviknight|32/100\n|-damage|p2b: Tyranitar|53/100 brn\n|move|p2b: Tyranitar|Knock Off|p1a: Gardevoir\n|-damage|p1a: Gardevoir|43/100\n|-enditem|p1a: Gardevoir|Choice Scarf|[from] move: Knock Off|[of] p2b: Tyranitar\n|move|p2a: Corviknight|Roost|p2a: Corviknight\n|-heal|p2a: Corviknight|82/100\n|-singleturn|p2a: Corviknight|move: Roost\n|\n|-weather|Sandstorm|[upkeep]\n|-damage|p1a: Gardevoir|37/100|[from] Sandstorm\n|-heal|p2a: Corviknight|88/100|[from] item: Leftovers\n|-heal|p1b: Aegislash|96/100|[from] item: Leftovers\n|-damage|p2b: Tyranitar|47/100 brn|[from] brn\n|upkeep\n|turn|5\n|l| BDupp\n|inactive|hitmonjon has 30 seconds left.\n|inactive|Krisuerte has 30 seconds left.\n|inactive|hitmonjon has 20 seconds left.\n|inactive|hitmonjon has 15 seconds left.\n|inactive|hitmonjon has 10 seconds left.\n|\n|t:|1776733875\n|move|p1a: Gardevoir|Moonblast|p2b: Tyranitar\n|-supereffective|p2b: Tyranitar|1\n|-damage|p2b: Tyranitar|0 fnt\n|faint|p2b: Tyranitar\n|move|p2a: Corviknight|Brave Bird|p1a: Gardevoir\n|-damage|p1a: Gardevoir|0 fnt\n|faint|p1a: Gardevoir\n|-damage|p2a: Corviknight|80/100|[from] Recoil\n|-formechange|p1b: Aegislash|Aegislash-Blade|\n|move|p1b: Aegislash|Shadow Ball|p2a: Corviknight\n|-damage|p2a: Corviknight|44/100\n|-ability|p2a: Corviknight|Mirror Armor\n|-unboost|p1b: Aegislash|spd|1\n|\n|-weather|none\n|-heal|p2a: Corviknight|50/100|[from] item: Leftovers\n|-heal|p1b: Aegislash|100/100|[from] item: Leftovers\n|upkeep\n|\n|t:|1776733894\n|switch|p1a: Palafin|Palafin-Hero, L50, F|100/100\n|switch|p2b: Rotom|Rotom-Wash, L50|100/100\n|-activate|p1a: Palafin|ability: Zero to Hero\n|turn|6\n|\n|t:|1776733910\n|move|p1a: Palafin|Protect|p1a: Palafin\n|-singleturn|p1a: Palafin|Protect\n|-formechange|p1b: Aegislash|Aegislash|\n|move|p1b: Aegislash|King's Shield|p1b: Aegislash\n|-singleturn|p1b: Aegislash|Protect\n|move|p2b: Rotom|Volt Switch|p1a: Palafin\n|-activate|p1a: Palafin|move: Protect\n|move|p2a: Corviknight|Body Press|p1a: Palafin\n|-activate|p1a: Palafin|move: Protect\n|\n|-heal|p2a: Corviknight|56/100|[from] item: Leftovers\n|upkeep\n|turn|7\n|inactive|hitmonjon has 30 seconds left.\n|\n|t:|1776733944\n|move|p2b: Rotom|Volt Switch|p1a: Palafin\n|-supereffective|p1a: Palafin|1\n|-damage|p1a: Palafin|40/100\n|\n|t:|1776733947\n|switch|p2b: Excadrill|Excadrill, L50, M|100/100|[from] Volt Switch\n|move|p1a: Palafin|Wave Crash|p2b: Excadrill\n|-supereffective|p2b: Excadrill|1\n|-enditem|p2b: Excadrill|Focus Sash\n|-damage|p2b: Excadrill|1/100\n|-damage|p1a: Palafin|10/100|[from] Recoil\n|move|p2a: Corviknight|Body Press|p1a: Palafin\n|-crit|p1a: Palafin\n|-damage|p1a: Palafin|0 fnt\n|faint|p1a: Palafin\n|-formechange|p1b: Aegislash|Aegislash-Blade|\n|move|p1b: Aegislash|Shadow Ball|p2b: Excadrill\n|-damage|p2b: Excadrill|0 fnt\n|faint|p2b: Excadrill\n|\n|-heal|p2a: Corviknight|62/100|[from] item: Leftovers\n|upkeep\n|\n|t:|1776733968\n|switch|p2b: Rotom|Rotom-Wash, L50|100/100\n|turn|8\n|\n|t:|1776733978\n|-formechange|p1b: Aegislash|Aegislash|\n|move|p1b: Aegislash|King's Shield|p1b: Aegislash\n|-singleturn|p1b: Aegislash|Protect\n|move|p2b: Rotom|Hydro Pump|p1b: Aegislash\n|-activate|p1b: Aegislash|move: Protect\n|move|p2a: Corviknight|Roost|p2a: Corviknight\n|-heal|p2a: Corviknight|100/100\n|-singleturn|p2a: Corviknight|move: Roost\n|\n|upkeep\n|turn|9\n|\n|t:|1776733995\n|move|p2b: Rotom|Hydro Pump|p1b: Aegislash|[miss]\n|-miss|p2b: Rotom|p1b: Aegislash\n|move|p2a: Corviknight|Brave Bird|p1b: Aegislash\n|-resisted|p1b: Aegislash|1\n|-damage|p1b: Aegislash|84/100\n|-damage|p2a: Corviknight|96/100|[from] Recoil\n|-formechange|p1b: Aegislash|Aegislash-Blade|\n|move|p1b: Aegislash|Shadow Ball|p2b: Rotom\n|-damage|p2b: Rotom|39/100\n|\n|-heal|p2a: Corviknight|100/100|[from] item: Leftovers\n|-heal|p1b: Aegislash|90/100|[from] item: Leftovers\n|upkeep\n|turn|10\n|\n|t:|1776734012\n|-formechange|p1b: Aegislash|Aegislash|\n|move|p1b: Aegislash|King's Shield|p1b: Aegislash\n|-singleturn|p1b: Aegislash|Protect\n|move|p2b: Rotom|Hydro Pump|p1b: Aegislash\n|-activate|p1b: Aegislash|move: Protect\n|move|p2a: Corviknight|Brave Bird|p1b: Aegislash\n|-activate|p1b: Aegislash|move: Protect\n|-ability|p2a: Corviknight|Mirror Armor\n|-unboost|p1b: Aegislash|atk|1\n|\n|-heal|p1b: Aegislash|96/100|[from] item: Leftovers\n|upkeep\n|turn|11\n|\n|t:|1776734032\n|move|p2b: Rotom|Hydro Pump|p1b: Aegislash\n|-damage|p1b: Aegislash|36/100\n|move|p2a: Corviknight|Brave Bird|p1b: Aegislash\n|-resisted|p1b: Aegislash|1\n|-damage|p1b: Aegislash|20/100\n|-damage|p2a: Corviknight|96/100|[from] Recoil\n|-formechange|p1b: Aegislash|Aegislash-Blade|\n|move|p1b: Aegislash|Shadow Ball|p2b: Rotom\n|-damage|p2b: Rotom|0 fnt\n|faint|p2b: Rotom\n|\n|-heal|p2a: Corviknight|100/100|[from] item: Leftovers\n|-heal|p1b: Aegislash|26/100|[from] item: Leftovers\n|upkeep\n|turn|12\n|\n|t:|1776734055\n|-formechange|p1b: Aegislash|Aegislash|\n|move|p1b: Aegislash|King's Shield|p1b: Aegislash\n|-singleturn|p1b: Aegislash|Protect\n|move|p2a: Corviknight|Body Press|p1b: Aegislash\n|-activate|p1b: Aegislash|move: Protect\n|-ability|p2a: Corviknight|Mirror Armor\n|-unboost|p1b: Aegislash|atk|1\n|\n|-heal|p1b: Aegislash|32/100|[from] item: Leftovers\n|upkeep\n|turn|13\n|\n|t:|1776734069\n|move|p2a: Corviknight|Brave Bird|p1b: Aegislash\n|-resisted|p1b: Aegislash|1\n|-damage|p1b: Aegislash|17/100\n|-damage|p2a: Corviknight|96/100|[from] Recoil\n|-formechange|p1b: Aegislash|Aegislash-Blade|\n|move|p1b: Aegislash|Shadow Ball|p2a: Corviknight\n|-damage|p2a: Corviknight|58/100\n|\n|-heal|p2a: Corviknight|63/100|[from] item: Leftovers\n|-heal|p1b: Aegislash|23/100|[from] item: Leftovers\n|upkeep\n|turn|14\n|\n|t:|1776734086\n|move|p2a: Corviknight|Roost|p2a: Corviknight\n|-heal|p2a: Corviknight|100/100\n|-singleturn|p2a: Corviknight|move: Roost\n|move|p1b: Aegislash|Shadow Ball|p2a: Corviknight\n|-damage|p2a: Corviknight|62/100\n|\n|-heal|p2a: Corviknight|68/100|[from] item: Leftovers\n|-heal|p1b: Aegislash|29/100|[from] item: Leftovers\n|upkeep\n|turn|15\n|\n|t:|1776734102\n|move|p2a: Corviknight|Brave Bird|p1b: Aegislash\n|-resisted|p1b: Aegislash|1\n|-damage|p1b: Aegislash|0 fnt\n|faint|p1b: Aegislash\n|-damage|p2a: Corviknight|60/100|[from] Recoil\n|\n|win|Krisuerte\n|raw|hitmonjon's rating: 1434 &rarr; <strong>1418</strong><br />(-16 for losing)\n|raw|Krisuerte's rating: 1503 &rarr; <strong>1519</strong><br />(+16 for winning)\n|l|\u2606hitmonjon\n|player|p1|\n",
  "uploadtime": 1776734109,
  "views": 3,
  "formatid": "gen9championsvgc2026regma",
  "rating": 1418,
  "private": 0,
  "password": null
}