{
  "id": "gen9championsvgc2026regma-2582001799",
  "format": "[Gen 9 Champions] VGC 2026 Reg M-A",
  "players": [
    "RagingBerserker1",
    "Koolaid9761"
  ],
  "log": "|j|\u2606RagingBerserker1\n|j|\u2606Koolaid9761\n|t:|1776047253\n|gametype|doubles\n|player|p1|RagingBerserker1|102|1000\n|player|p2|Koolaid9761|harlequin|1000\n|gen|9\n|tier|[Gen 9 Champions] VGC 2026 Reg M-A\n|rated|\n|rule|Species Clause: Limit one of each Pok\u00e9mon\n|rule|Item Clause: Limit 1 of each item\n|clearpoke\n|poke|p1|Starmie, L50|\n|poke|p1|Tyranitar, L50, M|\n|poke|p1|Sinistcha, L50|\n|poke|p1|Oranguru, L50, M|\n|poke|p1|Conkeldurr, L50, F|\n|poke|p1|Aerodactyl, L50, M|\n|poke|p2|Aegislash, L50, M|\n|poke|p2|Alakazam, L50, M|\n|poke|p2|Whimsicott, L50, M|\n|poke|p2|Tauros-Paldea-Blaze, L50, M|\n|poke|p2|Primarina, L50, M|\n|poke|p2|Orthworm, L50, M|\n|teampreview|4\nRagingBerserker1 rejected open team sheets.\n|\n|t:|1776047304\n|teamsize|p1|4\n|teamsize|p2|4\n|start\n|switch|p1a: Tyranitar|Tyranitar, L50, M|100/100\n|switch|p1b: Aerodactyl|Aerodactyl, L50, M|100/100\n|switch|p2a: Tauros|Tauros-Paldea-Blaze, L50, M, shiny|100/100\n|switch|p2b: Whimsicott|Whimsicott, L50, M, shiny|100/100\n|-ability|p1b: Aerodactyl|Unnerve\n|-ability|p2a: Tauros|Intimidate|boost\n|-unboost|p1a: Tyranitar|atk|1\n|-unboost|p1b: Aerodactyl|atk|1\n|-weather|Sandstorm|[from] ability: Sand Stream|[of] p1a: Tyranitar\n|turn|1\n|\n|t:|1776047336\n|switch|p1a: Starmie|Starmie, L50|100/100\n|move|p2b: Whimsicott|Tailwind|p2b: Whimsicott\n|-sidestart|p2: Koolaid9761|move: Tailwind\n|move|p2a: Tauros|Close Combat|p1a: Starmie\n|-resisted|p1a: Starmie|1\n|-damage|p1a: Starmie|56/100\n|-unboost|p2a: Tauros|def|1\n|-unboost|p2a: Tauros|spd|1\n|move|p1b: Aerodactyl|Tailwind|p1b: Aerodactyl\n|-sidestart|p1: RagingBerserker1|move: Tailwind\n|\n|-weather|Sandstorm|[upkeep]\n|-damage|p2a: Tauros|94/100|[from] Sandstorm\n|-damage|p2b: Whimsicott|95/100|[from] Sandstorm\n|-damage|p1a: Starmie|50/100|[from] Sandstorm\n|upkeep\n|turn|2\n|\n|t:|1776047373\n|switch|p2a: Orthworm|Orthworm, L50, M, shiny|100/100\n|detailschange|p1a: Starmie|Starmie-Mega, L50\n|-mega|p1a: Starmie|Starmie|Starminite\n|move|p1b: Aerodactyl|Rock Slide|p2a: Orthworm|[spread] p2a,p2b\n|-resisted|p2a: Orthworm|1\n|-damage|p2a: Orthworm|95/100\n|-damage|p2b: Whimsicott|75/100\n|move|p1a: Starmie|Flip Turn|p2a: Orthworm\n|-crit|p2a: Orthworm\n|-damage|p2a: Orthworm|34/100\n|\n|t:|1776047394\n|switch|p1a: Tyranitar|Tyranitar, L50, M|100/100|[from] Flip Turn\n|cant|p2b: Whimsicott|flinch\n|\n|-weather|Sandstorm|[upkeep]\n|-damage|p2b: Whimsicott|69/100|[from] Sandstorm\n|-heal|p2a: Orthworm|40/100|[from] item: Leftovers\n|upkeep\n|turn|3\n|\n|t:|1776047424\n|switch|p1b: Starmie|Starmie-Mega, L50|50/100\n|move|p2b: Whimsicott|Moonblast|p1a: Tyranitar\n|-supereffective|p1a: Tyranitar|1\n|-damage|p1a: Tyranitar|63/100\n|move|p1a: Tyranitar|Knock Off|p2a: Orthworm\n|-damage|p2a: Orthworm|0 fnt\n|-enditem|p2a: Orthworm|Leftovers|[from] move: Knock Off|[of] p1a: Tyranitar\n|faint|p2a: Orthworm\n|\n|-weather|Sandstorm|[upkeep]\n|-damage|p1b: Starmie|44/100|[from] Sandstorm\n|-damage|p2b: Whimsicott|63/100|[from] Sandstorm\n|upkeep\n|\n|t:|1776047434\n|switch|p2a: Alakazam|Alakazam, L50, M, shiny|100/100\n|turn|4\n|\n|t:|1776047451\n|move|p2b: Whimsicott|Protect|p2b: Whimsicott\n|-singleturn|p2b: Whimsicott|Protect\n|move|p2a: Alakazam|Protect|p2a: Alakazam\n|-singleturn|p2a: Alakazam|Protect\n|move|p1a: Tyranitar|Protect|p1a: Tyranitar\n|-singleturn|p1a: Tyranitar|Protect\n|move|p1b: Starmie|Ice Spinner|p2b: Whimsicott\n|-activate|p2b: Whimsicott|move: Protect\n|\n|-weather|Sandstorm|[upkeep]\n|-damage|p1b: Starmie|38/100|[from] Sandstorm\n|-damage|p2b: Whimsicott|57/100|[from] Sandstorm\n|-sideend|p1: RagingBerserker1|move: Tailwind\n|-sideend|p2: Koolaid9761|move: Tailwind\n|upkeep\n|turn|5\n|\n|t:|1776047492\n|switch|p1a: Sinistcha|Sinistcha, L50|100/100\n|-heal|p1b: Starmie|63/100|[from] ability: Hospitality|[of] p1a: Sinistcha\n|detailschange|p2a: Alakazam|Alakazam-Mega, L50, M, shiny\n|-mega|p2a: Alakazam|Alakazam|Alakazite\n|-ability|p2a: Alakazam|Huge Power|Trace|[from] ability: Trace|[of] p1b: Starmie\n|move|p2b: Whimsicott|Tailwind|p2b: Whimsicott\n|-sidestart|p2: Koolaid9761|move: Tailwind\n|move|p2a: Alakazam|Psychic|p1b: Starmie\n|-resisted|p1b: Starmie|1\n|-damage|p1b: Starmie|20/100\n|move|p1b: Starmie|Ice Spinner|p2b: Whimsicott\n|-supereffective|p2b: Whimsicott|1\n|-damage|p2b: Whimsicott|0 fnt\n|faint|p2b: Whimsicott\n|\n|-weather|none\n|upkeep\n|\n|t:|1776047506\n|switch|p2b: Tauros|Tauros-Paldea-Blaze, L50, M, shiny|94/100\n|-ability|p2b: Tauros|Intimidate|boost\n|-unboost|p1a: Sinistcha|atk|1\n|-unboost|p1b: Starmie|atk|1\n|turn|6\n|\n|t:|1776047528\n|move|p2b: Tauros|Raging Bull|p1a: Sinistcha\n|-supereffective|p1a: Sinistcha|1\n|-damage|p1a: Sinistcha|25/100\n|move|p2a: Alakazam|Nasty Plot|p2a: Alakazam\n|-boost|p2a: Alakazam|spa|2\n|move|p1b: Starmie|Flip Turn|p2b: Tauros\n|-supereffective|p2b: Tauros|1\n|-damage|p2b: Tauros|18/100\n|\n|t:|1776047544\n|switch|p1b: Tyranitar|Tyranitar, L50, M|63/100|[from] Flip Turn\n|-weather|Sandstorm|[from] ability: Sand Stream|[of] p1b: Tyranitar\n|move|p1a: Sinistcha|Trick Room|p1a: Sinistcha\n|-fieldstart|move: Trick Room|[of] p1a: Sinistcha\n|\n|-weather|Sandstorm|[upkeep]\n|-damage|p1a: Sinistcha|19/100|[from] Sandstorm\n|-damage|p2a: Alakazam|94/100|[from] Sandstorm\n|-damage|p2b: Tauros|12/100|[from] Sandstorm\n|upkeep\n|turn|7\n|\n|t:|1776047565\n|move|p2a: Alakazam|Protect|p2a: Alakazam\n|-singleturn|p2a: Alakazam|Protect\n|move|p1a: Sinistcha|Hex|p2a: Alakazam\n|-activate|p2a: Alakazam|move: Protect\n|move|p1b: Tyranitar|Earthquake|p2b: Tauros|[spread] p1a,p2b\n|-activate|p2a: Alakazam|move: Protect\n|-resisted|p1a: Sinistcha|1\n|-supereffective|p2b: Tauros|1\n|-crit|p2b: Tauros\n|-damage|p1a: Sinistcha|4/100\n|-damage|p2b: Tauros|0 fnt\n|faint|p2b: Tauros\n|\n|-weather|Sandstorm|[upkeep]\n|-damage|p1a: Sinistcha|0 fnt|[from] Sandstorm\n|-damage|p2a: Alakazam|88/100|[from] Sandstorm\n|faint|p1a: Sinistcha\n|upkeep\n|c|\u2606Koolaid9761|wp\n|-message|Koolaid9761 forfeited.\n|\n|win|RagingBerserker1\n|raw|RagingBerserker1's rating: 1000 &rarr; <strong>1040</strong><br />(+40 for winning)\n|raw|Koolaid9761's rating: 1000 &rarr; <strong>1000</strong><br />(+0 for losing)\n|l|\u2606Koolaid9761\n|player|p2|\n|c|\u2606RagingBerserker1|ggs\n",
  "uploadtime": 1776047638,
  "views": 10,
  "formatid": "gen9championsvgc2026regma",
  "rating": 1000,
  "private": 0,
  "password": null
}