{
  "id": "gen9championsvgc2026regma-2588494412",
  "format": "[Gen 9 Champions] VGC 2026 Reg M-A",
  "players": [
    "Pichirilord",
    "sdlt 2krl coolguy"
  ],
  "log": "|raw|<div class=\"broadcast-blue\"><strong>This battle is required to be public due to a player having a name starting with 'sdlt'.</div>\n|j|\u2606Pichirilord\n|j|\u2606sdlt 2krl coolguy\n|t:|1776638625\n|gametype|doubles\n|player|p1|Pichirilord|1|1162\n|player|p2|sdlt 2krl coolguy|leon-masters2|1244\n|gen|9\n|tier|[Gen 9 Champions] VGC 2026 Reg M-A\n|rated|\n|rule|Species Clause: Limit one of each Pok\u00e9mon\n|rule|Item Clause: Limit 1 of each item\n|clearpoke\n|poke|p1|Aerodactyl, L50, F|\n|poke|p1|Archaludon, L50, F|\n|poke|p1|Tauros-Paldea-Aqua, L50, M|\n|poke|p1|Meganium, L50, M|\n|poke|p1|Kangaskhan, L50, F|\n|poke|p1|Typhlosion-Hisui, L50, F|\n|poke|p2|Incineroar, L50, M|\n|poke|p2|Hatterene, L50, F, shiny|\n|poke|p2|Farigiraf, L50, M|\n|poke|p2|Torkoal, L50, F, shiny|\n|poke|p2|Kingambit, L50, M|\n|poke|p2|Charizard, L50, M|\n|teampreview|4\n|inactive|Battle timer is ON: inactive players will automatically lose when time's up. (requested by sdlt 2krl coolguy)\n|inactive|Pichirilord has 60 seconds left.\n|\n|t:|1776638682\n|teamsize|p1|4\n|teamsize|p2|4\n|start\n|switch|p1a: Typhlosion|Typhlosion-Hisui, L50, F|100/100\n|switch|p1b: Kangaskhan|Kangaskhan, L50, F|100/100\n|switch|p2a: Incineroar|Incineroar, L50, M|100/100\n|switch|p2b: Farigiraf|Farigiraf, L50, M|100/100\n|-ability|p2a: Incineroar|Intimidate|boost\n|-unboost|p1a: Typhlosion|atk|1\n|-fail|p1b: Kangaskhan|unboost|Attack|[from] ability: Inner Focus|[of] p1b: Kangaskhan\n|turn|1\n|inactive|Pichirilord has 30 seconds left.\n|\n|t:|1776638716\n|move|p2b: Farigiraf|Protect|p2b: Farigiraf\n|-singleturn|p2b: Farigiraf|Protect\n|move|p1a: Typhlosion|Eruption|p2a: Incineroar|[spread] p2a\n|-activate|p2b: Farigiraf|move: Protect\n|-resisted|p2a: Incineroar|1\n|-damage|p2a: Incineroar|72/100\n|move|p1b: Kangaskhan|Double-Edge|p2b: Farigiraf\n|-activate|p2b: Farigiraf|move: Protect\n|move|p2a: Incineroar|Darkest Lariat|p1a: Typhlosion\n|-supereffective|p1a: Typhlosion|1\n|-damage|p1a: Typhlosion|0 fnt\n|faint|p1a: Typhlosion\n|\n|upkeep\n|\n|t:|1776638732\n|switch|p1a: Tauros|Tauros-Paldea-Aqua, L50, M|100/100\n|-ability|p1a: Tauros|Intimidate|boost\n|-unboost|p2a: Incineroar|atk|1\n|-unboost|p2b: Farigiraf|atk|1\n|turn|2\n|\n|t:|1776638746\n|switch|p2a: Torkoal|Torkoal, L50, F, shiny|100/100\n|-weather|SunnyDay|[from] ability: Drought|[of] p2a: Torkoal\n|detailschange|p1b: Kangaskhan|Kangaskhan-Mega, L50, F\n|-mega|p1b: Kangaskhan|Kangaskhan|Kangaskhanite\n|move|p1a: Tauros|Close Combat|p2b: Farigiraf\n|-damage|p2b: Farigiraf|43/100\n|-unboost|p1a: Tauros|def|1\n|-unboost|p1a: Tauros|spd|1\n|-enditem|p2b: Farigiraf|Sitrus Berry|[eat]\n|-heal|p2b: Farigiraf|68/100|[from] item: Sitrus Berry\n|-enditem|p1a: Tauros|White Herb\n|-clearnegativeboost|p1a: Tauros|[silent]\n|move|p1b: Kangaskhan|Double-Edge|p2b: Farigiraf\n|-damage|p2b: Farigiraf|1/100\n|-damage|p2b: Farigiraf|0 fnt\n|faint|p2b: Farigiraf\n|-hitcount|p2: Farigiraf|2\n|-damage|p1b: Kangaskhan|77/100|[from] Recoil\n|\n|-weather|SunnyDay|[upkeep]\n|upkeep\n|\n|t:|1776638764\n|switch|p2b: Incineroar|Incineroar, L50, M|72/100\n|-ability|p2b: Incineroar|Intimidate|boost\n|-unboost|p1a: Tauros|atk|1\n|-unboost|p1b: Kangaskhan|atk|1\n|turn|3\n|\n|t:|1776638778\n|move|p2b: Incineroar|Fake Out|p1a: Tauros\n|-damage|p1a: Tauros|84/100\n|cant|p1a: Tauros|flinch\n|move|p1b: Kangaskhan|Drain Punch|p2b: Incineroar\n|-supereffective|p2b: Incineroar|1\n|-damage|p2b: Incineroar|34/100\n|-heal|p1b: Kangaskhan|95/100|[from] drain|[of] p2b: Incineroar\n|-supereffective|p2b: Incineroar|1\n|-crit|p2b: Incineroar\n|-damage|p2b: Incineroar|14/100\n|-heal|p1b: Kangaskhan|100/100|[from] drain|[of] p2b: Incineroar\n|-hitcount|p2b: Incineroar|2\n|move|p2a: Torkoal|Eruption|p1a: Tauros|[spread] p1a,p1b\n|-resisted|p1a: Tauros|1\n|-damage|p1a: Tauros|18/100\n|-damage|p1b: Kangaskhan|22/100\n|\n|-weather|SunnyDay|[upkeep]\n|upkeep\n|turn|4\n|inactive|Pichirilord has 30 seconds left.\n|inactive|sdlt 2krl coolguy has 30 seconds left.\n|\n|t:|1776638806\n|move|p1a: Tauros|Aqua Jet|p2a: Torkoal\n|-supereffective|p2a: Torkoal|1\n|-damage|p2a: Torkoal|90/100\n|move|p1b: Kangaskhan|Drain Punch|p2b: Incineroar\n|-supereffective|p2b: Incineroar|1\n|-damage|p2b: Incineroar|0 fnt\n|-heal|p1b: Kangaskhan|29/100|[from] drain|[of] p2b: Incineroar\n|faint|p2b: Incineroar\n|-hitcount|p2: Incineroar|1\n|move|p2a: Torkoal|Eruption|p1a: Tauros|[spread] p1a,p1b\n|-resisted|p1a: Tauros|1\n|-damage|p1a: Tauros|0 fnt\n|-damage|p1b: Kangaskhan|0 fnt\n|faint|p1a: Tauros\n|faint|p1b: Kangaskhan\n|\n|-weather|SunnyDay|[upkeep]\n|upkeep\n|inactive|Pichirilord has 30 seconds left.\n|\n|t:|1776638835\n|switch|p1a: Aerodactyl|Aerodactyl, L50, F|100/100\n|switch|p2b: Kingambit|Kingambit, L50, M|100/100\n|-ability|p1a: Aerodactyl|Unnerve\n|turn|5\n|\n|t:|1776638850\n|move|p2a: Torkoal|Protect|p2a: Torkoal\n|-singleturn|p2a: Torkoal|Protect\n|move|p1a: Aerodactyl|Rock Slide|p2a: Torkoal|[spread] p2b\n|-activate|p2a: Torkoal|move: Protect\n|-resisted|p2b: Kingambit|1\n|-damage|p2b: Kingambit|91/100\n|move|p2b: Kingambit|Iron Head|p1a: Aerodactyl\n|-supereffective|p1a: Aerodactyl|1\n|-enditem|p1a: Aerodactyl|Focus Sash\n|-damage|p1a: Aerodactyl|1/100\n|\n|-weather|SunnyDay|[upkeep]\n|upkeep\n|turn|6\n|-message|Pichirilord forfeited.\n|\n|win|sdlt 2krl coolguy\n|raw|Pichirilord's rating: 1162 &rarr; <strong>1143</strong><br />(-19 for losing)\n|raw|sdlt 2krl coolguy's rating: 1244 &rarr; <strong>1263</strong><br />(+19 for winning)\n",
  "uploadtime": 1776638858,
  "views": 9,
  "formatid": "gen9championsvgc2026regma",
  "rating": 1143,
  "private": 0,
  "password": null
}