{
  "id": "gen9championsvgc2026regma-2589459114",
  "format": "[Gen 9 Champions] VGC 2026 Reg M-A",
  "players": [
    "Vizaco72",
    "Warehouse User"
  ],
  "log": "|j|\u2606Vizaco72\n|j|\u2606Warehouse User\n|t:|1776724819\n|gametype|doubles\n|player|p1|Vizaco72|swimmer-gen4|1149\n|player|p2|Warehouse User|265|1045\n|gen|9\n|tier|[Gen 9 Champions] VGC 2026 Reg M-A\n|rated|\n|rule|Species Clause: Limit one of each Pok\u00e9mon\n|rule|Item Clause: Limit 1 of each item\n|clearpoke\n|poke|p1|Kangaskhan, L50, F|\n|poke|p1|Aggron, L50, M|\n|poke|p1|Garchomp, L50, M|\n|poke|p1|Sinistcha, L50|\n|poke|p1|Primarina, L50, F|\n|poke|p1|Zoroark-Hisui, L50, F|\n|poke|p2|Aegislash, L50, F|\n|poke|p2|Maushold-Four, L50|\n|poke|p2|Azumarill, L50, M|\n|poke|p2|Whimsicott, L50, F|\n|poke|p2|Glimmora, L50, M|\n|poke|p2|Infernape, L50, M|\n|teampreview|4\n|inactive|Battle timer is ON: inactive players will automatically lose when time's up. (requested by Vizaco72)\n|inactive|Vizaco72 has 60 seconds left.\n|\n|t:|1776724871\n|teamsize|p1|4\n|teamsize|p2|4\n|start\n|switch|p1a: Kangaskhan|Kangaskhan, L50, F|100/100\n|switch|p1b: Garchomp|Garchomp, L50, M|100/100\n|switch|p2a: Infernape|Infernape, L50, M|100/100\n|switch|p2b: Whimsicott|Whimsicott, L50, F|100/100\n|turn|1\n|inactive|Vizaco72 has 30 seconds left.\n|inactive|Warehouse User has 30 seconds left.\n|\n|t:|1776724902\n|detailschange|p1a: Kangaskhan|Kangaskhan-Mega, L50, F\n|-mega|p1a: Kangaskhan|Kangaskhan|Kangaskhanite\n|move|p1a: Kangaskhan|Fake Out|p2b: Whimsicott\n|-damage|p2b: Whimsicott|65/100\n|-damage|p2b: Whimsicott|58/100\n|-hitcount|p2b: Whimsicott|2\n|cant|p2b: Whimsicott|flinch\n|move|p1b: Garchomp|Nasty Plot|p1b: Garchomp\n|-boost|p1b: Garchomp|spa|2\n|move|p2a: Infernape|Counter||[still]\n|-fail|p2a: Infernape\n|\n|upkeep\n|turn|2\n|inactive|Vizaco72 has 30 seconds left.\n|\n|t:|1776724927\n|move|p2b: Whimsicott|Encore|p1b: Garchomp\n|-start|p1b: Garchomp|Encore\n|move|p2a: Infernape|Close Combat|p1a: Kangaskhan\n|-supereffective|p1a: Kangaskhan|1\n|-damage|p1a: Kangaskhan|9/100\n|-unboost|p2a: Infernape|def|1\n|-unboost|p2a: Infernape|spd|1\n|move|p1b: Garchomp|Nasty Plot|p1b: Garchomp\n|-boost|p1b: Garchomp|spa|2\n|move|p1a: Kangaskhan|Double-Edge|p2b: Whimsicott\n|-crit|p2b: Whimsicott\n|-damage|p2b: Whimsicott|0 fnt\n|faint|p2b: Whimsicott\n|-hitcount|p2: Whimsicott|1\n|-damage|p1a: Kangaskhan|0 fnt|[from] Recoil\n|faint|p1a: Kangaskhan\n|\n|upkeep\n|inactive|Vizaco72 has 30 seconds left.\n|inactive|Vizaco72 has 20 seconds left.\n|\n|t:|1776724963\n|switch|p2b: Maushold|Maushold-Four, L50|100/100\n|switch|p1a: Garchomp|Garchomp, L50, M|100/100\n|turn|3\n|inactive|Vizaco72 has 30 seconds left.\n|\n|t:|1776724990\n|move|p1a: Garchomp|Stomping Tantrum|p2a: Infernape\n|-supereffective|p2a: Infernape|1\n|-damage|p2a: Infernape|0 fnt\n|faint|p2a: Infernape\n|move|p2b: Maushold|Super Fang|p1b: Garchomp\n|-immune|p1b: Garchomp\n|move|p1b: Garchomp|Nasty Plot|p1b: Garchomp\n|-boost|p1b: Garchomp|spa|2\n|\n|upkeep\n|\n|t:|1776724999\n|switch|p2a: Aegislash|Aegislash, L50, F|100/100\n|turn|4\n|\n|t:|1776725010\n|move|p2b: Maushold|Helping Hand|p2a: Aegislash\n|-singleturn|p2a: Aegislash|Helping Hand|[of] p2b: Maushold\n|-formechange|p2a: Aegislash|Aegislash-Blade|\n|move|p2a: Aegislash|Shadow Sneak|p1b: Garchomp\n|-immune|p1b: Garchomp\n|move|p1a: Garchomp|Stomping Tantrum|p2a: Aegislash\n|-supereffective|p2a: Aegislash|1\n|-damage|p2a: Aegislash|0 fnt\n|faint|p2a: Aegislash\n|move|p1b: Garchomp|Nasty Plot|p1b: Garchomp\n|-boost|p1b: Garchomp|spa|0\n|\n|-end|p1b: Garchomp|Encore\n|upkeep\n|turn|5\n|\n|t:|1776725029\n|move|p2b: Maushold|Protect|p2b: Maushold\n|-singleturn|p2b: Maushold|Protect\n|move|p1a: Garchomp|Stomping Tantrum|p2b: Maushold\n|-activate|p2b: Maushold|move: Protect\n|move|p1b: Garchomp|Hyper Voice|p2b: Maushold\n|-activate|p2b: Maushold|move: Protect\n|\n|upkeep\n|turn|6\n|\n|t:|1776725040\n|move|p1a: Garchomp|Stomping Tantrum|p2b: Maushold\n|-damage|p2b: Maushold|56/100\n|move|p2b: Maushold|Super Fang|p1a: Garchomp\n|-damage|p1a: Garchomp|51/100\n|-damage|p2b: Maushold|44/100|[from] ability: Rough Skin|[of] p1a: Garchomp\n|move|p1b: Garchomp|Hyper Voice|p2b: Maushold\n|-crit|p2b: Maushold\n|-damage|p2b: Maushold|0 fnt\n|faint|p2b: Maushold\n|\n|win|Vizaco72\n|raw|Vizaco72's rating: 1149 &rarr; <strong>1167</strong><br />(+18 for winning)\n|raw|Warehouse User's rating: 1045 &rarr; <strong>1033</strong><br />(-12 for losing)\n",
  "uploadtime": 1776725049,
  "views": 3,
  "formatid": "gen9championsvgc2026regma",
  "rating": 1033,
  "private": 0,
  "password": null
}