{
  "id": "gen9championsvgc2026regma-2584732437",
  "format": "[Gen 9 Champions] VGC 2026 Reg M-A",
  "players": [
    "1#MiraidonHater",
    "williat9"
  ],
  "log": "|j|\u26061#MiraidonHater\n|j|\u2606williat9\n|t:|1776279768\n|gametype|doubles\n|player|p1|1#MiraidonHater|2|1322\n|player|p2|williat9|266|1246\n|gen|9\n|tier|[Gen 9 Champions] VGC 2026 Reg M-A\n|rated|\n|rule|Species Clause: Limit one of each Pok\u00e9mon\n|rule|Item Clause: Limit 1 of each item\n|clearpoke\n|poke|p1|Gardevoir, L50, F|\n|poke|p1|Garchomp, L50, M|\n|poke|p1|Aerodactyl, L50, M|\n|poke|p1|Tsareena, L50, F|\n|poke|p1|Incineroar, L50, M|\n|poke|p1|Basculegion, L50, M|\n|poke|p2|Incineroar, L50, F|\n|poke|p2|Floette-Eternal, L50, F|\n|poke|p2|Dragonite, L50, F|\n|poke|p2|Orthworm, L50, M|\n|poke|p2|Sinistcha, L50|\n|poke|p2|Garchomp, L50, F|\n|teampreview|4\n|inactive|Battle timer is ON: inactive players will automatically lose when time's up. (requested by williat9)\n|j| WilhelmGoat\n|inactive|1#MiraidonHater has 60 seconds left.\n|inactive|williat9 has 60 seconds left.\n|inactive|1#MiraidonHater has 30 seconds left.\n|\n|t:|1776279831\n|teamsize|p1|4\n|teamsize|p2|4\n|start\n|switch|p1a: Gardevoir|Gardevoir, L50, F|100/100\n|switch|p1b: Tsareena|Tsareena, L50, F|100/100\n|switch|p2a: Garchomp|Garchomp, L50, F|100/100\n|switch|p2b: Orthworm|Orthworm, L50, M|100/100\n|turn|1\n|\n|t:|1776279848\n|switch|p2a: Incineroar|Incineroar, L50, F|100/100\n|-ability|p2a: Incineroar|Intimidate|boost\n|-unboost|p1a: Gardevoir|atk|1\n|-unboost|p1b: Tsareena|atk|1\n|switch|p1b: Incineroar|Incineroar, L50, M|100/100\n|-ability|p1b: Incineroar|Intimidate|boost\n|-unboost|p2a: Incineroar|atk|1\n|-unboost|p2b: Orthworm|atk|1\n|detailschange|p1a: Gardevoir|Gardevoir-Mega, L50, F\n|-mega|p1a: Gardevoir|Gardevoir|Gardevoirite\n|move|p1a: Gardevoir|Hyper Voice|p2a: Incineroar|[spread] p2a,p2b\n|-resisted|p2b: Orthworm|1\n|-crit|p2b: Orthworm\n|-damage|p2a: Incineroar|57/100\n|-damage|p2b: Orthworm|65/100\n|move|p2b: Orthworm|Heavy Slam|p1a: Gardevoir\n|-supereffective|p1a: Gardevoir|1\n|-damage|p1a: Gardevoir|32/100\n|\n|upkeep\n|turn|2\n|inactive|1#MiraidonHater has 30 seconds left.\n|\n|t:|1776279882\n|switch|p1a: Tsareena|Tsareena, L50, F|100/100\n|move|p2a: Incineroar|Fake Out||[still]\n|cant|p1a: Tsareena|ability: Queenly Majesty|Fake Out|[of] p2a: Incineroar\n|move|p1b: Incineroar|Flare Blitz|p2b: Orthworm\n|-supereffective|p2b: Orthworm|1\n|-damage|p2b: Orthworm|0 fnt\n|faint|p2b: Orthworm\n|-damage|p1b: Incineroar|82/100|[from] Recoil\n|\n|upkeep\n|\n|t:|1776279894\n|switch|p2b: Floette|Floette-Eternal, L50, F|100/100\n|turn|3\n|\n|t:|1776279903\n|detailschange|p2b: Floette|Floette-Mega, L50, F\n|-mega|p2b: Floette|Floette|Floettite\n|-ability|p2b: Floette|Fairy Aura\n|move|p2b: Floette|Dazzling Gleam|p1b: Incineroar|[spread] p1a,p1b\n|-damage|p1a: Tsareena|53/100\n|-damage|p1b: Incineroar|44/100\n|move|p1a: Tsareena|Trop Kick|p2b: Floette\n|-damage|p2b: Floette|62/100\n|-unboost|p2b: Floette|atk|1\n|move|p2a: Incineroar|Flare Blitz|p1a: Tsareena\n|-supereffective|p1a: Tsareena|1\n|-damage|p1a: Tsareena|0 fnt\n|faint|p1a: Tsareena\n|-damage|p2a: Incineroar|43/100|[from] Recoil\n|move|p1b: Incineroar|Parting Shot|p2b: Floette\n|-unboost|p2b: Floette|atk|1\n|-unboost|p2b: Floette|spa|1\n|\n|t:|1776279915\n|switch|p1b: Gardevoir|Gardevoir-Mega, L50, F|32/100|[from] Parting Shot\n|\n|upkeep\n|\n|t:|1776279919\n|switch|p1a: Basculegion|Basculegion, L50, M|100/100\n|turn|4\n|\n|t:|1776279940\n|move|p2b: Floette|Protect|p2b: Floette\n|-singleturn|p2b: Floette|Protect\n|move|p1a: Basculegion|Wave Crash|p2b: Floette\n|-activate|p2b: Floette|move: Protect\n|move|p1b: Gardevoir|Hyper Voice|p2b: Floette|[spread] p2a\n|-activate|p2b: Floette|move: Protect\n|-damage|p2a: Incineroar|0 fnt\n|faint|p2a: Incineroar\n|\n|upkeep\n|\n|t:|1776279947\n|switch|p2a: Garchomp|Garchomp, L50, F|100/100\n|turn|5\n|\n|t:|1776279966\n|move|p2a: Garchomp|Bulldoze|p1b: Gardevoir|[spread] p2b,p1a,p1b\n|-damage|p2b: Floette|35/100\n|-damage|p1a: Basculegion|70/100\n|-damage|p1b: Gardevoir|0 fnt\n|-unboost|p2b: Floette|spe|1\n|-unboost|p1a: Basculegion|spe|1\n|faint|p1b: Gardevoir\n|move|p1a: Basculegion|Wave Crash|p2b: Floette\n|-damage|p2b: Floette|0 fnt\n|faint|p2b: Floette\n|-damage|p1a: Basculegion|60/100|[from] Recoil\n|\n|upkeep\n|\n|t:|1776279976\n|switch|p1b: Incineroar|Incineroar, L50, M|44/100\n|-ability|p1b: Incineroar|Intimidate|boost\n|-unboost|p2a: Garchomp|atk|1\n|turn|6\n|\n|t:|1776279981\n|move|p1b: Incineroar|Fake Out|p2a: Garchomp\n|-damage|p2a: Garchomp|90/100\n|-damage|p1b: Incineroar|31/100|[from] ability: Rough Skin|[of] p2a: Garchomp\n|cant|p2a: Garchomp|flinch\n|move|p1a: Basculegion|Wave Crash|p2a: Garchomp\n|-damage|p2a: Garchomp|18/100\n|-damage|p1a: Basculegion|48/100|[from] ability: Rough Skin|[of] p2a: Garchomp\n|-damage|p1a: Basculegion|24/100|[from] Recoil\n|\n|upkeep\n|turn|7\n|\n|t:|1776279995\n|move|p2a: Garchomp|Bulldoze|p1b: Incineroar|[spread] p1a,p1b\n|-supereffective|p1b: Incineroar|1\n|-enditem|p1b: Incineroar|Shuca Berry|[eat]\n|-enditem|p1b: Incineroar|Shuca Berry|[weaken]\n|-damage|p1a: Basculegion|3/100\n|-damage|p1b: Incineroar|15/100\n|-unboost|p1a: Basculegion|spe|1\n|-unboost|p1b: Incineroar|spe|1\n|move|p1a: Basculegion|Wave Crash|p2a: Garchomp\n|-damage|p2a: Garchomp|0 fnt\n|-damage|p1a: Basculegion|0 fnt|[from] ability: Rough Skin|[of] p2a: Garchomp\n|faint|p2a: Garchomp\n|faint|p1a: Basculegion\n|\n|win|1#MiraidonHater\n",
  "uploadtime": 1776279770,
  "views": 25,
  "formatid": "gen9championsvgc2026regma",
  "rating": null,
  "private": 0,
  "password": null
}