{
  "id": "gen9championsvgc2026regma-2582999805",
  "format": "[Gen 9 Champions] VGC 2026 Reg M-A",
  "players": [
    "ootama",
    "Verdas1128"
  ],
  "log": "|j|\u2606ootama\n|j|\u2606Verdas1128\n|html|<table width=\"100%\"><tr><td align=\"left\">ootama</td><td align=\"right\">Verdas1128</tr><tr><td align=\"left\"><i class=\"fa fa-circle-o\"></i> <i class=\"fa fa-circle-o\"></i> </td><td align=\"right\"><i class=\"fa fa-circle-o\"></i> <i class=\"fa fa-circle\"></i> </tr></table>\n|uhtml|bestof|<h2><strong>Game 2</strong> of <a href=\"/game-bestof3-gen9championsvgc2026regma-2582996360\">a best-of-3</a></h2>\n|t:|1776132138\n|gametype|doubles\n|player|p1|ootama|2|\n|player|p2|Verdas1128|rei|\n|gen|9\n|tier|[Gen 9 Champions] VGC 2026 Reg M-A\n|rated|Tournament battle\n|rule|Species Clause: Limit one of each Pok\u00e9mon\n|rule|Item Clause: Limit 1 of each item\n|raw|<div class=\"infobox\"><details class=\"readmore\" open><summary><strong>2 custom rules:</strong></summary> Force Open Team Sheets, Best of = 3</details></div>\n|clearpoke\n|poke|p1|Tyranitar, L50, M|\n|poke|p1|Palafin, L50, M|\n|poke|p1|Excadrill, L50, M|\n|poke|p1|Garchomp, L50, M|\n|poke|p1|Incineroar, L50, F|\n|poke|p1|Whimsicott, L50, M|\n|poke|p2|Charizard, L50, F|\n|poke|p2|Venusaur, L50, M|\n|poke|p2|Garchomp, L50, M|\n|poke|p2|Rotom-Wash, L50|\n|poke|p2|Sneasler, L50, M|\n|poke|p2|Incineroar, L50, F|\n|teampreview|4\n|showteam|p1|Tyranitar||Tyranitarite|SandStream|RockSlide,Crunch,DragonDance,Protect|||M|||50|]Palafin||MysticWater|ZerotoHero|FlipTurn,JetPunch,WaveCrash,Encore|||M|||50|]Excadrill||ScopeLens|SandRush|DrillRun,RockSlide,IronHead,Protect|||M|||50|]Garchomp||Garchompite|SandVeil|Earthquake,RockSlide,DracoMeteor|||M|||50|]Incineroar||QuickClaw|Intimidate|FakeOut,FlareBlitz,PartingShot,DarkestLariat|||F|||50|]Whimsicott||Leftovers|Prankster|CottonGuard,Tailwind,LeechSeed,Encore|||M|||50|\n|showteam|p2|Charizard||CharizarditeY|SolarPower|HeatWave,SolarBeam,WeatherBall,Protect|||F|||50|]Venusaur||FocusSash|Chlorophyll|LeafStorm,SludgeBomb,SleepPowder,Protect|||M|||50|]Garchomp||ChoiceScarf|RoughSkin|Earthquake,Bulldoze,DragonClaw,RockSlide|||M|||50|]Rotom-Wash||Leftovers|Levitate|WillOWisp,Thunderbolt,HydroPump,Protect||||||50|]Sneasler||WhiteHerb|Unburden|FakeOut,CloseCombat,RockTomb,DireClaw|||M|||50|]Incineroar||SitrusBerry|Intimidate|FakeOut,FlareBlitz,PartingShot,DarkestLariat|||F|||50|\n|inactive|Battle timer is ON: inactive players will automatically lose when time's up. (requested by Verdas1128)\n|inactive|ootama also wants the timer to be on.\n|\n|t:|1776132157\n|teamsize|p1|4\n|teamsize|p2|4\n|start\n|switch|p1a: Palafin|Palafin, L50, M|100/100\n|switch|p1b: Incineroar|Incineroar, L50, F|100/100\n|switch|p2a: Garchomp|Garchomp, L50, M, shiny|100/100\n|switch|p2b: Rotom|Rotom-Wash, L50, shiny|100/100\n|-ability|p1b: Incineroar|Intimidate|boost\n|-unboost|p2a: Garchomp|atk|1\n|-unboost|p2b: Rotom|atk|1\n|turn|1\n|-activate|p1b: Incineroar|item: Quick Claw\n|\n|t:|1776132179\n|switch|p2a: Venusaur|Venusaur, L50, M, shiny|100/100\n|move|p1b: Incineroar|Fake Out|p2b: Rotom\n|-damage|p2b: Rotom|91/100\n|move|p1a: Palafin|Flip Turn|p2a: Venusaur\n|-resisted|p2a: Venusaur|1\n|-damage|p2a: Venusaur|81/100\n|\n|t:|1776132188\n|detailschange|p1a: Palafin|Palafin-Hero, L50, M\n|switch|p1a: Excadrill|Excadrill, L50, M|100/100|[from] Flip Turn\n|cant|p2b: Rotom|flinch\n|\n|-heal|p2b: Rotom|97/100|[from] item: Leftovers\n|upkeep\n|turn|2\n|inactive|ootama has 30 seconds left.\n|inactive|ootama has 20 seconds left.\n|\n|t:|1776132225\n|move|p2a: Venusaur|Sleep Powder|p1b: Incineroar\n|-status|p1b: Incineroar|slp|[from] move: Sleep Powder\n|move|p1a: Excadrill|Rock Slide|p2b: Rotom|[spread] p2a,p2b\n|-crit|p2a: Venusaur\n|-damage|p2a: Venusaur|34/100\n|-damage|p2b: Rotom|78/100\n|move|p2b: Rotom|Will-O-Wisp|p1a: Excadrill\n|-status|p1a: Excadrill|brn\n|cant|p1b: Incineroar|slp\n|\n|-heal|p2b: Rotom|84/100|[from] item: Leftovers\n|-damage|p1a: Excadrill|95/100 brn|[from] brn\n|upkeep\n|turn|3\n|j| tastyfloop\n|\n|t:|1776132240\n|switch|p1b: Tyranitar|Tyranitar, L50, M|100/100\n|-weather|Sandstorm|[from] ability: Sand Stream|[of] p1b: Tyranitar\n|move|p1a: Excadrill|Rock Slide|p2b: Rotom|[spread] p2a,p2b\n|-damage|p2a: Venusaur|20/100\n|-damage|p2b: Rotom|74/100\n|move|p2a: Venusaur|Sludge Bomb|p1b: Tyranitar\n|-resisted|p1b: Tyranitar|1\n|-damage|p1b: Tyranitar|89/100\n|move|p2b: Rotom|Thunderbolt|p1b: Tyranitar\n|-damage|p1b: Tyranitar|66/100\n|\n|-weather|Sandstorm|[upkeep]\n|-damage|p2a: Venusaur|14/100|[from] Sandstorm\n|-damage|p2b: Rotom|69/100|[from] Sandstorm\n|-heal|p2b: Rotom|74/100|[from] item: Leftovers\n|-damage|p1a: Excadrill|89/100 brn|[from] brn\n|upkeep\n|turn|4\n|\n|t:|1776132262\n|detailschange|p1b: Tyranitar|Tyranitar-Mega, L50, M\n|-mega|p1b: Tyranitar|Tyranitar|Tyranitarite\n|move|p1a: Excadrill|Rock Slide|p2b: Rotom|[spread] p2a,p2b\n|-damage|p2a: Venusaur|0 fnt\n|-damage|p2b: Rotom|65/100\n|faint|p2a: Venusaur\n|move|p2b: Rotom|Will-O-Wisp|p1b: Tyranitar\n|-status|p1b: Tyranitar|brn\n|move|p1b: Tyranitar|Rock Slide|p2b: Rotom\n|-damage|p2b: Rotom|48/100\n|\n|-weather|Sandstorm|[upkeep]\n|-damage|p2b: Rotom|43/100|[from] Sandstorm\n|-heal|p2b: Rotom|48/100|[from] item: Leftovers\n|-damage|p1a: Excadrill|83/100 brn|[from] brn\n|-damage|p1b: Tyranitar|60/100 brn|[from] brn\n|upkeep\n|\n|t:|1776132268\n|switch|p2a: Garchomp|Garchomp, L50, M, shiny|100/100\n|turn|5\n|inactive|ootama has 30 seconds left.\n|inactive|ootama has 20 seconds left.\n|inactive|ootama has 15 seconds left.\n|\n|t:|1776132311\n|switch|p1a: Incineroar|Incineroar, L50, F|100/100 slp\n|-ability|p1a: Incineroar|Intimidate|boost\n|-unboost|p2a: Garchomp|atk|1\n|-unboost|p2b: Rotom|atk|1\n|move|p2b: Rotom|Protect|p2b: Rotom\n|-singleturn|p2b: Rotom|Protect\n|move|p1b: Tyranitar|Protect|p1b: Tyranitar\n|-singleturn|p1b: Tyranitar|Protect\n|move|p2a: Garchomp|Earthquake|p1a: Incineroar|[spread] p1a\n|-activate|p2b: Rotom|move: Protect\n|-activate|p1b: Tyranitar|move: Protect\n|-supereffective|p1a: Incineroar|1\n|-damage|p1a: Incineroar|47/100 slp\n|\n|-weather|Sandstorm|[upkeep]\n|-damage|p2b: Rotom|43/100|[from] Sandstorm\n|-damage|p1a: Incineroar|41/100 slp|[from] Sandstorm\n|-heal|p2b: Rotom|48/100|[from] item: Leftovers\n|-damage|p1b: Tyranitar|54/100 brn|[from] brn\n|upkeep\n|turn|6\n|inactive|ootama has 30 seconds left.\n|-activate|p1a: Incineroar|item: Quick Claw\n|\n|t:|1776132338\n|-curestatus|p1a: Incineroar|slp|[msg]\n|move|p1a: Incineroar|Fake Out|p2a: Garchomp\n|-damage|p2a: Garchomp|90/100\n|-damage|p1a: Incineroar|29/100|[from] ability: Rough Skin|[of] p2a: Garchomp\n|cant|p2a: Garchomp|flinch\n|move|p2b: Rotom|Thunderbolt|p1b: Tyranitar\n|-damage|p1b: Tyranitar|37/100 brn\n|move|p1b: Tyranitar|Rock Slide|p2a: Garchomp|[spread] p2a,p2b\n|-resisted|p2a: Garchomp|1\n|-damage|p2a: Garchomp|83/100\n|-damage|p2b: Rotom|35/100\n|\n|-weather|Sandstorm|[upkeep]\n|-damage|p2b: Rotom|29/100|[from] Sandstorm\n|-damage|p1a: Incineroar|23/100|[from] Sandstorm\n|-heal|p2b: Rotom|35/100|[from] item: Leftovers\n|-damage|p1b: Tyranitar|31/100 brn|[from] brn\n|upkeep\n|turn|7\n|inactive|ootama has 30 seconds left.\n|inactive|Verdas1128 has 30 seconds left.\n|\n|t:|1776132367\n|switch|p1a: Palafin|Palafin-Hero, L50, M|100/100\n|-activate|p1a: Palafin|ability: Zero to Hero\n|move|p2a: Garchomp|Earthquake|p1a: Palafin|[spread] p1a,p1b\n|-immune|p2b: Rotom|[from] ability: Levitate\n|-supereffective|p1b: Tyranitar|1\n|-damage|p1a: Palafin|73/100\n|-damage|p1b: Tyranitar|2/100 brn\n|move|p2b: Rotom|Thunderbolt|p1b: Tyranitar\n|-damage|p1b: Tyranitar|0 fnt\n|faint|p1b: Tyranitar\n|\n|-weather|none\n|-heal|p2b: Rotom|41/100|[from] item: Leftovers\n|upkeep\n|\n|t:|1776132383\n|switch|p1b: Incineroar|Incineroar, L50, F|23/100\n|-ability|p1b: Incineroar|Intimidate|boost\n|-unboost|p2a: Garchomp|atk|1\n|-unboost|p2b: Rotom|atk|1\n|turn|8\n|\n|t:|1776132407\n|switch|p2a: Sneasler|Sneasler, L50, M|100/100\n|move|p1b: Incineroar|Fake Out|p2b: Rotom\n|-damage|p2b: Rotom|31/100\n|move|p1a: Palafin|Jet Punch|p2a: Sneasler\n|-damage|p2a: Sneasler|13/100\n|cant|p2b: Rotom|flinch\n|\n|-heal|p2b: Rotom|37/100|[from] item: Leftovers\n|upkeep\n|turn|9\n|l| tastyfloop\n|inactive|ootama has 30 seconds left.\n|inactive|ootama has 20 seconds left.\n|inactive|ootama has 15 seconds left.\n|inactive|ootama has 10 seconds left.\n|\n|t:|1776132453\n|move|p1a: Palafin|Jet Punch|p2a: Sneasler\n|-damage|p2a: Sneasler|0 fnt\n|faint|p2a: Sneasler\n|move|p2b: Rotom|Thunderbolt|p1a: Palafin\n|-supereffective|p1a: Palafin|1\n|-damage|p1a: Palafin|6/100\n|move|p1b: Incineroar|Darkest Lariat|p2b: Rotom\n|-damage|p2b: Rotom|8/100\n|\n|-heal|p2b: Rotom|14/100|[from] item: Leftovers\n|upkeep\n|\n|t:|1776132459\n|switch|p2a: Garchomp|Garchomp, L50, M, shiny|83/100\n|turn|10\n|\n|t:|1776132483\n|move|p2a: Garchomp|Earthquake|p1b: Incineroar|[spread] p1a,p1b\n|-immune|p2b: Rotom|[from] ability: Levitate\n|-supereffective|p1b: Incineroar|1\n|-damage|p1a: Palafin|0 fnt\n|-damage|p1b: Incineroar|0 fnt\n|faint|p1a: Palafin\n|faint|p1b: Incineroar\n|move|p2b: Rotom|Hydro Pump|p1: Palafin|[notarget]\n|-fail|p2b: Rotom\n|\n|-heal|p2b: Rotom|20/100|[from] item: Leftovers\n|upkeep\n|\n|t:|1776132495\n|switch|p1b: Excadrill|Excadrill, L50, M|83/100 brn\n|turn|11\n|inactive|Verdas1128 has 30 seconds left.\n|\n|t:|1776132526\n|move|p2a: Garchomp|Earthquake|p1b: Excadrill|[spread] p1b\n|-immune|p2b: Rotom|[from] ability: Levitate\n|-supereffective|p1b: Excadrill|1\n|-damage|p1b: Excadrill|0 fnt\n|faint|p1b: Excadrill\n|\n|win|Verdas1128\n",
  "uploadtime": 1776132528,
  "views": 11,
  "formatid": "gen9championsvgc2026regma",
  "rating": null,
  "private": 0,
  "password": null
}