{
  "id": "gen9championsvgc2026regma-2587308575",
  "format": "[Gen 9 Champions] VGC 2026 Reg M-A",
  "players": [
    "Loudog589",
    "KuroiXRyu"
  ],
  "log": "|j|\u2606Loudog589\n|j|\u2606KuroiXRyu\n|t:|1776520597\n|gametype|doubles\n|player|p1|Loudog589|brycenman|1132\n|player|p2|KuroiXRyu|170|1197\n|gen|9\n|tier|[Gen 9 Champions] VGC 2026 Reg M-A\n|rated|\n|rule|Species Clause: Limit one of each Pok\u00e9mon\n|rule|Item Clause: Limit 1 of each item\n|clearpoke\n|poke|p1|Aerodactyl, L50, M|\n|poke|p1|Tyranitar, L50, F|\n|poke|p1|Garchomp, L50, M|\n|poke|p1|Orthworm, L50, M|\n|poke|p1|Rotom-Wash, L50|\n|poke|p1|Sneasler, L50, F|\n|poke|p2|Gyarados, L50, F|\n|poke|p2|Sableye, L50, M|\n|poke|p2|Spiritomb, L50, M|\n|poke|p2|Sneasler, L50, M|\n|poke|p2|Incineroar, L50, F|\n|poke|p2|Kingambit, L50, M|\n|teampreview|4\n|\n|t:|1776520627\n|teamsize|p1|4\n|teamsize|p2|4\n|start\n|switch|p1a: Rotom|Rotom-Wash, L50|100/100\n|switch|p1b: Aerodactyl|Aerodactyl, L50, M|100/100\n|switch|p2a: Gyarados|Gyarados, L50, F|100/100\n|switch|p2b: Sableye|Sableye, L50, M|100/100\n|-ability|p1b: Aerodactyl|Unnerve\n|-ability|p2a: Gyarados|Intimidate|boost\n|-unboost|p1a: Rotom|atk|1\n|-unboost|p1b: Aerodactyl|atk|1\n|turn|1\n|\n|t:|1776520644\n|move|p2b: Sableye|Fake Out|p1a: Rotom\n|-damage|p1a: Rotom|89/100\n|cant|p1a: Rotom|flinch\n|move|p1b: Aerodactyl|Rock Slide|p2a: Gyarados|[spread] p2a,p2b\n|-supereffective|p2a: Gyarados|1\n|-damage|p2a: Gyarados|68/100\n|-damage|p2b: Sableye|79/100\n|move|p2a: Gyarados|Waterfall|p1b: Aerodactyl\n|-supereffective|p1b: Aerodactyl|1\n|-enditem|p1b: Aerodactyl|Focus Sash\n|-damage|p1b: Aerodactyl|1/100\n|\n|-heal|p2b: Sableye|85/100|[from] item: Leftovers\n|upkeep\n|turn|2\n|\n|t:|1776520670\n|switch|p2a: Kingambit|Kingambit, L50, M|100/100\n|move|p2b: Sableye|Light Screen|p2b: Sableye\n|-sidestart|p2: KuroiXRyu|move: Light Screen\n|move|p1a: Rotom|Electroweb|p2b: Sableye|[spread] p2b\n|-miss|p1a: Rotom|p2a: Kingambit\n|-damage|p2b: Sableye|70/100\n|-unboost|p2b: Sableye|spe|1\n|move|p1b: Aerodactyl|Rock Slide|p2a: Kingambit|[spread] p2a,p2b\n|-resisted|p2a: Kingambit|1\n|-damage|p2a: Kingambit|95/100\n|-damage|p2b: Sableye|48/100\n|\n|-heal|p2b: Sableye|54/100|[from] item: Leftovers\n|upkeep\n|turn|3\n|\n|t:|1776520704\n|switch|p1a: Garchomp|Garchomp, L50, M|100/100\n|switch|p2b: Spiritomb|Spiritomb, L50, M|100/100\n|move|p2a: Kingambit|Sucker Punch||[still]\n|-fail|p2a: Kingambit\n|move|p1b: Aerodactyl|Rock Slide|p2b: Spiritomb|[spread] p2a,p2b\n|-resisted|p2a: Kingambit|1\n|-damage|p2a: Kingambit|88/100\n|-damage|p2b: Spiritomb|85/100\n|\n|upkeep\n|turn|4\n|\n|t:|1776520711\n|move|p2a: Kingambit|Protect|p2a: Kingambit\n|-singleturn|p2a: Kingambit|Protect\n|move|p1b: Aerodactyl|Rock Slide|p2b: Spiritomb|[spread] p2b\n|-activate|p2a: Kingambit|move: Protect\n|-damage|p2b: Spiritomb|70/100\n|move|p1a: Garchomp|Swords Dance|p1a: Garchomp\n|-boost|p1a: Garchomp|atk|2\n|move|p2b: Spiritomb|Trick Room|p2b: Spiritomb\n|-fieldstart|move: Trick Room|[of] p2b: Spiritomb\n|\n|upkeep\n|turn|5\n|\n|t:|1776520732\n|move|p2b: Spiritomb|Foul Play|p1a: Garchomp\n|-damage|p1a: Garchomp|0 fnt\n|faint|p1a: Garchomp\n|move|p2a: Kingambit|Kowtow Cleave|p1b: Aerodactyl\n|-damage|p1b: Aerodactyl|0 fnt\n|faint|p1b: Aerodactyl\n|\n|upkeep\n|-message|Loudog589 forfeited.\n|\n|win|KuroiXRyu\n|raw|Loudog589's rating: 1132 &rarr; <strong>1112</strong><br />(-20 for losing)\n|raw|KuroiXRyu's rating: 1197 &rarr; <strong>1217</strong><br />(+20 for winning)\n|l|\u2606Loudog589\n|player|p1|\n",
  "uploadtime": 1776520743,
  "views": 31,
  "formatid": "gen9championsvgc2026regma",
  "rating": 1112,
  "private": 0,
  "password": null
}