{
  "id": "gen9championsvgc2026regma-2583566632",
  "format": "[Gen 9 Champions] VGC 2026 Reg M-A",
  "players": [
    "Murkyyy",
    "MMszinho"
  ],
  "log": "|j|\u2606Murkyyy\n|j|\u2606MMszinho\n|t:|1776183731\n|gametype|doubles\n|player|p1|Murkyyy|266|1092\n|player|p2|MMszinho|marshal|1000\n|gen|9\n|tier|[Gen 9 Champions] VGC 2026 Reg M-A\n|rated|\n|rule|Species Clause: Limit one of each Pok\u00e9mon\n|rule|Item Clause: Limit 1 of each item\n|clearpoke\n|poke|p1|Meganium, L50, M|\n|poke|p1|Aerodactyl, L50, F|\n|poke|p1|Aegislash, L50, M|\n|poke|p1|Tauros-Paldea-Aqua, L50, M|\n|poke|p1|Typhlosion-Hisui, L50, F|\n|poke|p1|Hydreigon, L50, F|\n|poke|p2|Blastoise, L50, F|\n|poke|p2|Toxicroak, L50, F|\n|poke|p2|Raichu, L50, F|\n|poke|p2|Pelipper, L50, M|\n|poke|p2|Sylveon, L50, M|\n|poke|p2|Palafin, L50, M|\n|teampreview|4\nMMszinho has agreed to open team sheets.\n|inactive|Battle timer is ON: inactive players will automatically lose when time's up. (requested by Murkyyy)\n|inactive|Murkyyy has 60 seconds left.\n|\n|t:|1776183786\n|teamsize|p1|4\n|teamsize|p2|4\n|start\n|switch|p1a: Meganium|Meganium, L50, M|100/100\n|switch|p1b: Aegislash|Aegislash, L50, M|100/100\n|switch|p2a: Raichu|Raichu, L50, F|100/100\n|switch|p2b: Sylveon|Sylveon, L50, M|100/100\n|turn|1\n|\n|t:|1776183811\n|move|p1a: Meganium|Protect|p1a: Meganium\n|-singleturn|p1a: Meganium|Protect\n|move|p2b: Sylveon|Protect|p2b: Sylveon\n|-singleturn|p2b: Sylveon|Protect\n|move|p2a: Raichu|Fake Out|p1a: Meganium\n|-activate|p1a: Meganium|move: Protect\n|-formechange|p1b: Aegislash|Aegislash-Blade|\n|move|p1b: Aegislash|Iron Head|p2b: Sylveon\n|-activate|p2b: Sylveon|move: Protect\n|\n|upkeep\n|turn|2\n|inactive|Murkyyy has 30 seconds left.\n|inactive|Murkyyy has 20 seconds left.\n|\n|t:|1776183849\n|detailschange|p1a: Meganium|Meganium-Mega, L50, M\n|-mega|p1a: Meganium|Meganium|Meganiumite\n|move|p2a: Raichu|Nuzzle|p1b: Aegislash\n|-damage|p1b: Aegislash|82/100\n|-status|p1b: Aegislash|par\n|move|p1a: Meganium|Solar Beam||[still]\n|-prepare|p1a: Meganium|Solar Beam\n|-activate|p1a: Meganium|ability: Mega Sol\n|-anim|p1a: Meganium|Solar Beam|p2b: Sylveon\n|-damage|p2b: Sylveon|50/100\n|move|p2b: Sylveon|Hyper Voice|p1b: Aegislash|[spread] p1a,p1b\n|-resisted|p1b: Aegislash|1\n|-damage|p1a: Meganium|45/100\n|-damage|p1b: Aegislash|45/100 par\n|move|p1b: Aegislash|Iron Head|p2b: Sylveon\n|-supereffective|p2b: Sylveon|1\n|-damage|p2b: Sylveon|0 fnt\n|faint|p2b: Sylveon\n|\n|upkeep\n|\n|t:|1776183874\n|switch|p2b: Toxicroak|Toxicroak, L50, F|100/100\n|turn|3\n|inactive|MMszinho has 30 seconds left.\n|\n|t:|1776183905\n|switch|p1b: Tauros|Tauros-Paldea-Aqua, L50, M|100/100\n|-ability|p1b: Tauros|Intimidate|boost\n|-unboost|p2a: Raichu|atk|1\n|-unboost|p2b: Toxicroak|atk|1\n|move|p1a: Meganium|Protect|p1a: Meganium\n|-singleturn|p1a: Meganium|Protect\n|move|p2b: Toxicroak|Sucker Punch||[still]\n|-fail|p2b: Toxicroak\n|move|p2a: Raichu|Nuzzle|p1a: Meganium\n|-activate|p1a: Meganium|move: Protect\n|\n|upkeep\n|turn|4\n|\n|t:|1776183926\n|switch|p1a: Hydreigon|Hydreigon, L50, F|100/100\n|move|p2a: Raichu|Nuzzle|p1b: Tauros\n|-supereffective|p1b: Tauros|1\n|-damage|p1b: Tauros|89/100\n|-status|p1b: Tauros|par\n|move|p2b: Toxicroak|Poison Jab|p1a: Hydreigon\n|-damage|p1a: Hydreigon|74/100\n|cant|p1b: Tauros|par\n|\n|upkeep\n|turn|5\n|\n|t:|1776183945\n|move|p2a: Raichu|Nuzzle|p1a: Hydreigon\n|-resisted|p1a: Hydreigon|1\n|-damage|p1a: Hydreigon|71/100\n|-status|p1a: Hydreigon|par\n|move|p2b: Toxicroak|Drain Punch|p1a: Hydreigon\n|-supereffective|p1a: Hydreigon|1\n|-damage|p1a: Hydreigon|16/100 par\n|move|p1b: Tauros|Zen Headbutt|p2b: Toxicroak|[miss]\n|-miss|p1b: Tauros|p2b: Toxicroak\n|move|p1a: Hydreigon|Earth Power|p2a: Raichu\n|-supereffective|p2a: Raichu|1\n|-damage|p2a: Raichu|11/100\n|\n|upkeep\n|turn|6\n|inactive|MMszinho has 30 seconds left.\n|\n|t:|1776183973\n|move|p2a: Raichu|Nuzzle|p1b: Tauros\n|-supereffective|p1b: Tauros|1\n|-damage|p1b: Tauros|77/100 par\n|move|p2b: Toxicroak|Drain Punch|p1a: Hydreigon\n|-supereffective|p1a: Hydreigon|1\n|-damage|p1a: Hydreigon|0 fnt\n|faint|p1a: Hydreigon\n|move|p1b: Tauros|High Horsepower|p2a: Raichu\n|-supereffective|p2a: Raichu|1\n|-damage|p2a: Raichu|0 fnt\n|faint|p2a: Raichu\n|\n|upkeep\n|\n|t:|1776183982\n|switch|p2a: Blastoise|Blastoise, L50, F|100/100\n|switch|p1a: Meganium|Meganium-Mega, L50, M|45/100\n|turn|7\n|\n|t:|1776183992\n|detailschange|p2a: Blastoise|Blastoise-Mega, L50, F\n|-mega|p2a: Blastoise|Blastoise|Blastoisinite\n|move|p1a: Meganium|Protect|p1a: Meganium\n|-singleturn|p1a: Meganium|Protect\n|move|p2a: Blastoise|Shell Smash|p2a: Blastoise\n|-unboost|p2a: Blastoise|def|1\n|-unboost|p2a: Blastoise|spd|1\n|-boost|p2a: Blastoise|atk|2\n|-boost|p2a: Blastoise|spa|2\n|-boost|p2a: Blastoise|spe|2\n|move|p2b: Toxicroak|Poison Jab|p1a: Meganium\n|-activate|p1a: Meganium|move: Protect\n|move|p1b: Tauros|Zen Headbutt|p2b: Toxicroak\n|-supereffective|p2b: Toxicroak|2\n|-enditem|p2b: Toxicroak|Focus Sash\n|-damage|p2b: Toxicroak|1/100\n|\n|upkeep\n|turn|8\n|inactive|MMszinho has 30 seconds left.\n|\n|t:|1776184025\n|move|p2a: Blastoise|Ice Beam|p1a: Meganium\n|-supereffective|p1a: Meganium|1\n|-damage|p1a: Meganium|0 fnt\n|faint|p1a: Meganium\n|move|p2b: Toxicroak|Drain Punch|p1b: Tauros\n|-damage|p1b: Tauros|49/100 par\n|-heal|p2b: Toxicroak|12/100|[from] drain|[of] p1b: Tauros\n|move|p1b: Tauros|Close Combat|p2a: Blastoise\n|-damage|p2a: Blastoise|29/100\n|-unboost|p1b: Tauros|def|1\n|-unboost|p1b: Tauros|spd|1\n|\n|upkeep\n|\n|t:|1776184031\n|switch|p1a: Aegislash|Aegislash, L50, M|45/100 par\n|turn|9\n|\n|t:|1776184046\n|move|p1a: Aegislash|King's Shield|p1a: Aegislash\n|-singleturn|p1a: Aegislash|Protect\n|move|p2a: Blastoise|Surf|p1a: Aegislash|[spread] p1b\n|-activate|p1a: Aegislash|move: Protect\n|-heal|p2b: Toxicroak|37/100|[from] ability: Dry Skin|[of] p2a: Blastoise\n|-resisted|p1b: Tauros|1\n|-damage|p1b: Tauros|0 fnt\n|faint|p1b: Tauros\n|move|p2b: Toxicroak|Drain Punch|p1a: Aegislash\n|-activate|p1a: Aegislash|move: Protect\n|-unboost|p2b: Toxicroak|atk|1\n|\n|upkeep\n|turn|10\n|\n|t:|1776184055\n|move|p2b: Toxicroak|Sucker Punch|p1a: Aegislash\n|-supereffective|p1a: Aegislash|1\n|-damage|p1a: Aegislash|23/100 par\n|move|p2a: Blastoise|Surf|p1a: Aegislash|[spread] p1a\n|-heal|p2b: Toxicroak|62/100|[from] ability: Dry Skin|[of] p2a: Blastoise\n|-damage|p1a: Aegislash|0 fnt\n|faint|p1a: Aegislash\n|\n|win|MMszinho\n|raw|Murkyyy's rating: 1092 &rarr; <strong>1062</strong><br />(-30 for losing)\n|raw|MMszinho's rating: 1000 &rarr; <strong>1050</strong><br />(+50 for winning)\n",
  "uploadtime": 1776184059,
  "views": 23,
  "formatid": "gen9championsvgc2026regma",
  "rating": 1050,
  "private": 0,
  "password": null
}