{
  "id": "gen9championsvgc2026regma-2582483601",
  "format": "[Gen 9 Champions] VGC 2026 Reg M-A",
  "players": [
    "MANGALOKA",
    "Rocket Bear"
  ],
  "log": "|j|\u2606MANGALOKA\n|j|\u2606Rocket Bear\n|t:|1776094606\n|gametype|doubles\n|player|p1|MANGALOKA|rosa-pokestar|1062\n|player|p2|Rocket Bear|2|1000\n|gen|9\n|tier|[Gen 9 Champions] VGC 2026 Reg M-A\n|rated|\n|rule|Species Clause: Limit one of each Pok\u00e9mon\n|rule|Item Clause: Limit 1 of each item\n|clearpoke\n|poke|p1|Kangaskhan, L50, F|\n|poke|p1|Sylveon, L50, F|\n|poke|p1|Kingambit, L50, M|\n|poke|p1|Aerodactyl, L50, F|\n|poke|p1|Rotom-Wash, L50|\n|poke|p1|Garchomp, L50, F|\n|poke|p2|Crabominable, L50, F|\n|poke|p2|Incineroar, L50, M|\n|poke|p2|Pelipper, L50, M|\n|poke|p2|Sneasler, L50, F|\n|poke|p2|Basculegion-F, L50, F|\n|poke|p2|Farigiraf, L50, F|\n|teampreview|4\n|\n|t:|1776094647\n|teamsize|p1|4\n|teamsize|p2|4\n|start\n|switch|p1a: Kingambit|Kingambit, L50, M|100/100\n|switch|p1b: Garchomp|Garchomp, L50, F|100/100\n|switch|p2a: Incineroar|Incineroar, L50, M|100/100\n|switch|p2b: Farigiraf|Farigiraf, L50, F|100/100\n|-ability|p2a: Incineroar|Intimidate|boost\n|-unboost|p1a: Kingambit|atk|1\n|-ability|p1a: Kingambit|Defiant|boost\n|-boost|p1a: Kingambit|atk|2\n|-unboost|p1b: Garchomp|atk|1\n|turn|1\n|\n|t:|1776094665\n|move|p2a: Incineroar|Fake Out|p1a: Kingambit\n|-resisted|p1a: Kingambit|1\n|-damage|p1a: Kingambit|97/100\n|move|p1b: Garchomp|Rock Slide|p2a: Incineroar|[spread] p2a,p2b\n|-supereffective|p2a: Incineroar|1\n|-damage|p2a: Incineroar|77/100\n|-damage|p2b: Farigiraf|89/100\n|cant|p1a: Kingambit|flinch\n|cant|p2b: Farigiraf|flinch\n|\n|upkeep\n|turn|2\n|\n|t:|1776094681\n|move|p1a: Kingambit|Protect|p1a: Kingambit\n|-singleturn|p1a: Kingambit|Protect\n|move|p1b: Garchomp|Earthquake|p2a: Incineroar|[spread] p2a,p2b\n|-activate|p1a: Kingambit|move: Protect\n|-supereffective|p2a: Incineroar|1\n|-damage|p2a: Incineroar|26/100\n|-damage|p2b: Farigiraf|61/100\n|-enditem|p2a: Incineroar|Sitrus Berry|[eat]\n|-heal|p2a: Incineroar|51/100|[from] item: Sitrus Berry\n|move|p2a: Incineroar|Flare Blitz|p1a: Kingambit\n|-activate|p1a: Kingambit|move: Protect\n|move|p2b: Farigiraf|Trick Room|p2b: Farigiraf\n|-fieldstart|move: Trick Room|[of] p2b: Farigiraf\n|\n|upkeep\n|turn|3\n|\n|t:|1776094717\n|switch|p1a: Rotom|Rotom-Wash, L50|100/100\n|move|p2b: Farigiraf|Twin Beam|p1b: Garchomp\n|-damage|p1b: Garchomp|80/100\n|-damage|p1b: Garchomp|62/100\n|-hitcount|p1b: Garchomp|2\n|move|p2a: Incineroar|Parting Shot|p1b: Garchomp\n|-unboost|p1b: Garchomp|atk|1\n|-unboost|p1b: Garchomp|spa|1\n|\n|t:|1776094727\n|switch|p2a: Crabominable|Crabominable, L50, F|100/100|[from] Parting Shot\n|move|p1b: Garchomp|Earthquake|p2b: Farigiraf|[spread] p2a,p2b\n|-immune|p1a: Rotom|[from] ability: Levitate\n|-damage|p2a: Crabominable|77/100\n|-damage|p2b: Farigiraf|40/100\n|\n|upkeep\n|turn|4\n|\n|t:|1776094743\n|detailschange|p2a: Crabominable|Crabominable-Mega, L50, F\n|-mega|p2a: Crabominable|Crabominable|Crabominite\n|move|p2b: Farigiraf|Helping Hand|p2a: Crabominable\n|-singleturn|p2a: Crabominable|Helping Hand|[of] p2b: Farigiraf\n|move|p1b: Garchomp|Protect|p1b: Garchomp\n|-singleturn|p1b: Garchomp|Protect\n|move|p2a: Crabominable|Drain Punch|p1a: Rotom\n|-damage|p1a: Rotom|0 fnt\n|-heal|p2a: Crabominable|100/100|[from] drain|[of] p1a: Rotom\n|faint|p1a: Rotom\n|\n|upkeep\n|\n|t:|1776094756\n|switch|p1a: Aerodactyl|Aerodactyl, L50, F|100/100\n|-ability|p1a: Aerodactyl|Unnerve\n|turn|5\n|\n|t:|1776094781\n|switch|p1b: Kingambit|Kingambit, L50, M|97/100\n|move|p2b: Farigiraf|Helping Hand|p2a: Crabominable\n|-singleturn|p2a: Crabominable|Helping Hand|[of] p2b: Farigiraf\n|move|p2a: Crabominable|Drain Punch|p1b: Kingambit\n|-supereffective|p1b: Kingambit|2\n|-damage|p1b: Kingambit|0 fnt\n|faint|p1b: Kingambit\n|move|p1a: Aerodactyl|Dual Wingbeat|p2a: Crabominable\n|-supereffective|p2a: Crabominable|1\n|-damage|p2a: Crabominable|71/100\n|-supereffective|p2a: Crabominable|1\n|-damage|p2a: Crabominable|44/100\n|-hitcount|p2a: Crabominable|2\n|\n|upkeep\n|\n|t:|1776094789\n|switch|p1b: Garchomp|Garchomp, L50, F|62/100\n|turn|6\n|\n|t:|1776094823\n|move|p2b: Farigiraf|Helping Hand|p2a: Crabominable\n|-singleturn|p2a: Crabominable|Helping Hand|[of] p2b: Farigiraf\n|move|p2a: Crabominable|Drain Punch|p1a: Aerodactyl\n|-enditem|p1a: Aerodactyl|Focus Sash\n|-damage|p1a: Aerodactyl|1/100\n|-heal|p2a: Crabominable|81/100|[from] drain|[of] p1a: Aerodactyl\n|move|p1b: Garchomp|Earthquake|p2a: Crabominable|[spread] p2a,p2b\n|-immune|p1a: Aerodactyl\n|-damage|p2a: Crabominable|44/100\n|-damage|p2b: Farigiraf|0 fnt\n|faint|p2b: Farigiraf\n|move|p1a: Aerodactyl|Dual Wingbeat|p2a: Crabominable\n|-supereffective|p2a: Crabominable|1\n|-damage|p2a: Crabominable|18/100\n|-supereffective|p2a: Crabominable|1\n|-damage|p2a: Crabominable|0 fnt\n|faint|p2a: Crabominable\n|-hitcount|p2: Crabominable|2\n|\n|-fieldend|move: Trick Room\n|upkeep\n|\n|t:|1776094845\n|switch|p2b: Sneasler|Sneasler, L50, F|100/100\n|switch|p2a: Incineroar|Incineroar, L50, M|51/100\n|-ability|p2a: Incineroar|Intimidate|boost\n|-unboost|p1a: Aerodactyl|atk|1\n|-unboost|p1b: Garchomp|atk|1\n|turn|7\n|\n|t:|1776094860\n|move|p2b: Sneasler|Fake Out|p1b: Garchomp\n|-damage|p1b: Garchomp|46/100\n|-damage|p2b: Sneasler|88/100|[from] ability: Rough Skin|[of] p1b: Garchomp\n|move|p2a: Incineroar|Fake Out|p1a: Aerodactyl\n|-resisted|p1a: Aerodactyl|1\n|-damage|p1a: Aerodactyl|0 fnt\n|faint|p1a: Aerodactyl\n|cant|p1b: Garchomp|flinch\n|\n|upkeep\n|turn|8\n|\n|t:|1776094877\n|move|p2b: Sneasler|Close Combat|p1b: Garchomp\n|-damage|p1b: Garchomp|0 fnt\n|-unboost|p2b: Sneasler|def|1\n|-unboost|p2b: Sneasler|spd|1\n|-damage|p2b: Sneasler|76/100|[from] ability: Rough Skin|[of] p1b: Garchomp\n|faint|p1b: Garchomp\n|\n|win|Rocket Bear\n|raw|MANGALOKA's rating: 1062 &rarr; <strong>1039</strong><br />(-23 for losing)\n|raw|Rocket Bear's rating: 1000 &rarr; <strong>1047</strong><br />(+47 for winning)\n|l|\u2606MANGALOKA\n|player|p1|\n",
  "uploadtime": 1776094888,
  "views": 20,
  "formatid": "gen9championsvgc2026regma",
  "rating": 1039,
  "private": 0,
  "password": null
}