{
  "id": "gen9championsvgc2026regma-2586451863",
  "format": "[Gen 9 Champions] VGC 2026 Reg M-A",
  "players": [
    "SinnerG",
    "Joiboi02#"
  ],
  "log": "|j|\u2606SinnerG\n|j|\u2606Joiboi02#\n|t:|1776435628\n|gametype|doubles\n|player|p1|SinnerG|gentleman-gen4|1122\n|player|p2|Joiboi02#|bugcatcher-gen4dp|1164\n|gen|9\n|tier|[Gen 9 Champions] VGC 2026 Reg M-A\n|rated|\n|rule|Species Clause: Limit one of each Pok\u00e9mon\n|rule|Item Clause: Limit 1 of each item\n|clearpoke\n|poke|p1|Greninja-*, L50, F|\n|poke|p1|Pelipper, L50, M|\n|poke|p1|Archaludon, L50, F|\n|poke|p1|Maushold-Four, L50|\n|poke|p1|Basculegion, L50, M|\n|poke|p1|Aerodactyl, L50, M|\n|poke|p2|Tyranitar, L50, F|\n|poke|p2|Empoleon, L50, M|\n|poke|p2|Aerodactyl, L50, M|\n|poke|p2|Volcarona, L50, F|\n|poke|p2|Sinistcha, L50|\n|poke|p2|Garchomp, L50, F|\n|teampreview|4\n|inactive|Battle timer is ON: inactive players will automatically lose when time's up. (requested by SinnerG)\n|\n|t:|1776435646\n|teamsize|p1|4\n|teamsize|p2|4\n|start\n|switch|p1a: Greninja|Greninja, L50, F|100/100\n|switch|p1b: Toilet|Pelipper, L50, M|100/100\n|switch|p2a: Tyranitar|Tyranitar, L50, F|100/100\n|switch|p2b: Aerodactyl|Aerodactyl, L50, M|100/100\n|-ability|p2b: Aerodactyl|Unnerve\n|-weather|RainDance|[from] ability: Drizzle|[of] p1b: Toilet\n|-weather|Sandstorm|[from] ability: Sand Stream|[of] p2a: Tyranitar\n|turn|1\n|inactive|SinnerG has 30 seconds left.\n|inactive|SinnerG has 20 seconds left.\n|inactive|SinnerG has 15 seconds left.\n|inactive|SinnerG has 10 seconds left.\n|\n|t:|1776435695\n|detailschange|p1a: Greninja|Greninja-Mega, L50, F\n|-mega|p1a: Greninja|Greninja|Greninjite\n|detailschange|p2a: Tyranitar|Tyranitar-Mega, L50, F\n|-mega|p2a: Tyranitar|Tyranitar|Tyranitarite\n|move|p2b: Aerodactyl|Tailwind|p2b: Aerodactyl\n|-sidestart|p2: Joiboi02#|move: Tailwind\n|move|p2a: Tyranitar|Rock Slide|p1a: Greninja|[spread] p1a\n|-miss|p2a: Tyranitar|p1b: Toilet\n|-crit|p1a: Greninja\n|-damage|p1a: Greninja|12/100\n|move|p1a: Greninja|Ice Beam|p2b: Aerodactyl\n|-start|p1a: Greninja|typechange|Ice|[from] ability: Protean\n|-supereffective|p2b: Aerodactyl|1\n|-enditem|p2b: Aerodactyl|Focus Sash\n|-damage|p2b: Aerodactyl|1/100\n|move|p1b: Toilet|Tailwind|p1b: Toilet\n|-sidestart|p1: SinnerG|move: Tailwind\n|\n|-weather|Sandstorm|[upkeep]\n|-damage|p1a: Greninja|6/100|[from] Sandstorm\n|-damage|p1b: Toilet|95/100|[from] Sandstorm\n|upkeep\n|turn|2\n|inactive|SinnerG has 30 seconds left.\n|inactive|SinnerG has 20 seconds left.\n|\n|t:|1776435731\n|move|p1b: Toilet|Wide Guard|p1b: Toilet\n|-singleturn|p1b: Toilet|Wide Guard\n|move|p2b: Aerodactyl|Rock Slide|p1b: Toilet|[spread] \n|-activate|p1a: Greninja|move: Wide Guard\n|-activate|p1b: Toilet|move: Wide Guard\n|move|p1a: Greninja|Ice Beam|p2b: Aerodactyl\n|-supereffective|p2b: Aerodactyl|1\n|-damage|p2b: Aerodactyl|0 fnt\n|faint|p2b: Aerodactyl\n|move|p2a: Tyranitar|Rock Slide|p1a: Greninja|[spread] \n|-activate|p1a: Greninja|move: Wide Guard\n|-activate|p1b: Toilet|move: Wide Guard\n|\n|-weather|Sandstorm|[upkeep]\n|-damage|p1a: Greninja|0 fnt|[from] Sandstorm\n|-damage|p1b: Toilet|89/100|[from] Sandstorm\n|faint|p1a: Greninja\n|upkeep\n|\n|t:|1776435750\n|switch|p2b: Garchomp|Garchomp, L50, F|100/100\n|switch|p1a: SousChef|Archaludon, L50, F|100/100\n|turn|3\n|\n|t:|1776435774\n|move|p2b: Garchomp|Scale Shot|p1b: Toilet\n|-damage|p1b: Toilet|71/100\n|-damage|p1b: Toilet|53/100\n|-damage|p1b: Toilet|36/100\n|-hitcount|p1b: Toilet|3\n|-unboost|p2b: Garchomp|def|1\n|-boost|p2b: Garchomp|spe|1\n|move|p1a: SousChef|Dragon Pulse|p2b: Garchomp\n|-supereffective|p2b: Garchomp|1\n|-damage|p2b: Garchomp|0 fnt\n|faint|p2b: Garchomp\n|move|p1b: Toilet|Weather Ball|p2a: Tyranitar\n|-damage|p2a: Tyranitar|84/100\n|move|p2a: Tyranitar|Knock Off|p1b: Toilet\n|-damage|p1b: Toilet|0 fnt\n|-enditem|p1b: Toilet|Focus Sash|[from] move: Knock Off|[of] p2a: Tyranitar\n|faint|p1b: Toilet\n|\n|-weather|Sandstorm|[upkeep]\n|upkeep\n|\n|t:|1776435795\n|switch|p2b: Sinistcha|Sinistcha, L50|100/100\n|switch|p1b: Dish|Basculegion, L50, M|100/100\n|-heal|p2a: Tyranitar|100/100|[from] ability: Hospitality|[of] p2b: Sinistcha\n|turn|4\n|inactive|SinnerG has 30 seconds left.\n|\n|t:|1776435824\n|move|p1a: SousChef|Flash Cannon|p2a: Tyranitar\n|-supereffective|p2a: Tyranitar|1\n|-crit|p2a: Tyranitar\n|-damage|p2a: Tyranitar|33/100\n|move|p2a: Tyranitar|Knock Off|p1b: Dish\n|-supereffective|p1b: Dish|1\n|-damage|p1b: Dish|0 fnt\n|-enditem|p1b: Dish|Mystic Water|[from] move: Knock Off|[of] p2a: Tyranitar\n|faint|p1b: Dish\n|move|p2b: Sinistcha|Calm Mind|p2b: Sinistcha\n|-boost|p2b: Sinistcha|spa|1\n|-boost|p2b: Sinistcha|spd|1\n|\n|-weather|Sandstorm|[upkeep]\n|-damage|p2b: Sinistcha|94/100|[from] Sandstorm\n|-sideend|p2: Joiboi02#|move: Tailwind\n|-sideend|p1: SinnerG|move: Tailwind\n|upkeep\n|turn|5\n|\n|t:|1776435840\n|move|p2a: Tyranitar|Protect|p2a: Tyranitar\n|-singleturn|p2a: Tyranitar|Protect\n|move|p1a: SousChef|Flash Cannon|p2a: Tyranitar\n|-activate|p2a: Tyranitar|move: Protect\n|move|p2b: Sinistcha|Calm Mind|p2b: Sinistcha\n|-boost|p2b: Sinistcha|spa|1\n|-boost|p2b: Sinistcha|spd|1\n|\n|-weather|none\n|upkeep\n|turn|6\n|\n|t:|1776435856\n|move|p1a: SousChef|Flash Cannon|p2a: Tyranitar\n|-supereffective|p2a: Tyranitar|1\n|-damage|p2a: Tyranitar|0 fnt\n|faint|p2a: Tyranitar\n|move|p2b: Sinistcha|Calm Mind|p2b: Sinistcha\n|-boost|p2b: Sinistcha|spa|1\n|-boost|p2b: Sinistcha|spd|1\n|\n|upkeep\n|turn|7\n|\n|t:|1776435864\n|move|p1a: SousChef|Snarl|p2b: Sinistcha\n|-supereffective|p2b: Sinistcha|1\n|-damage|p2b: Sinistcha|81/100\n|-unboost|p2b: Sinistcha|spa|1\n|move|p2b: Sinistcha|Matcha Gotcha|p1a: SousChef\n|-resisted|p1a: SousChef|2\n|-damage|p1a: SousChef|79/100\n|-heal|p2b: Sinistcha|91/100|[from] drain|[of] p1a: SousChef\n|-ability|p1a: SousChef|Stamina|boost\n|-boost|p1a: SousChef|def|1\n|\n|-heal|p1a: SousChef|85/100|[from] item: Leftovers\n|upkeep\n|turn|8\n|\n|t:|1776435878\n|move|p1a: SousChef|Snarl|p2b: Sinistcha\n|-supereffective|p2b: Sinistcha|1\n|-damage|p2b: Sinistcha|76/100\n|-unboost|p2b: Sinistcha|spa|1\n|move|p2b: Sinistcha|Matcha Gotcha|p1a: SousChef\n|-resisted|p1a: SousChef|2\n|-damage|p1a: SousChef|70/100\n|-heal|p2b: Sinistcha|84/100|[from] drain|[of] p1a: SousChef\n|-status|p1a: SousChef|brn\n|-ability|p1a: SousChef|Stamina|boost\n|-boost|p1a: SousChef|def|1\n|\n|-heal|p1a: SousChef|76/100 brn|[from] item: Leftovers\n|-damage|p1a: SousChef|70/100 brn|[from] brn\n|upkeep\n|turn|9\n|\n|t:|1776435896\n|move|p1a: SousChef|Dragon Pulse|p2b: Sinistcha\n|-damage|p2b: Sinistcha|67/100\n|move|p2b: Sinistcha|Calm Mind|p2b: Sinistcha\n|-boost|p2b: Sinistcha|spa|1\n|-boost|p2b: Sinistcha|spd|1\n|\n|-heal|p1a: SousChef|76/100 brn|[from] item: Leftovers\n|-damage|p1a: SousChef|70/100 brn|[from] brn\n|upkeep\n|turn|10\n|\n|t:|1776435906\n|move|p1a: SousChef|Snarl|p2b: Sinistcha|[miss]\n|-miss|p1a: SousChef|p2b: Sinistcha\n|move|p2b: Sinistcha|Calm Mind|p2b: Sinistcha\n|-boost|p2b: Sinistcha|spa|1\n|-boost|p2b: Sinistcha|spd|1\n|\n|-heal|p1a: SousChef|76/100 brn|[from] item: Leftovers\n|-damage|p1a: SousChef|70/100 brn|[from] brn\n|upkeep\n|turn|11\n|\n|t:|1776435916\n|move|p2b: Sinistcha|Protect|p2b: Sinistcha\n|-singleturn|p2b: Sinistcha|Protect\n|move|p1a: SousChef|Snarl|p2b: Sinistcha\n|-activate|p2b: Sinistcha|move: Protect\n|\n|-heal|p1a: SousChef|76/100 brn|[from] item: Leftovers\n|-damage|p1a: SousChef|70/100 brn|[from] brn\n|upkeep\n|turn|12\n|\n|t:|1776435926\n|move|p1a: SousChef|Snarl|p2b: Sinistcha\n|-supereffective|p2b: Sinistcha|1\n|-damage|p2b: Sinistcha|56/100\n|-unboost|p2b: Sinistcha|spa|1\n|move|p2b: Sinistcha|Calm Mind|p2b: Sinistcha\n|-boost|p2b: Sinistcha|spa|1\n|-boost|p2b: Sinistcha|spd|1\n|\n|-heal|p1a: SousChef|76/100 brn|[from] item: Leftovers\n|-damage|p1a: SousChef|70/100 brn|[from] brn\n|upkeep\n|turn|13\n|\n|t:|1776435936\n|move|p1a: SousChef|Snarl|p2b: Sinistcha\n|-supereffective|p2b: Sinistcha|1\n|-crit|p2b: Sinistcha\n|-damage|p2b: Sinistcha|5/100\n|-unboost|p2b: Sinistcha|spa|1\n|-enditem|p2b: Sinistcha|Sitrus Berry|[eat]\n|-heal|p2b: Sinistcha|30/100|[from] item: Sitrus Berry\n|move|p2b: Sinistcha|Matcha Gotcha|p1a: SousChef\n|-resisted|p1a: SousChef|2\n|-damage|p1a: SousChef|50/100 brn\n|-heal|p2b: Sinistcha|39/100|[from] drain|[of] p1a: SousChef\n|-ability|p1a: SousChef|Stamina|boost\n|-boost|p1a: SousChef|def|1\n|\n|-heal|p1a: SousChef|56/100 brn|[from] item: Leftovers\n|-damage|p1a: SousChef|50/100 brn|[from] brn\n|upkeep\n|turn|14\n|\n|t:|1776435954\n|move|p1a: SousChef|Snarl|p2b: Sinistcha\n|-supereffective|p2b: Sinistcha|1\n|-damage|p2b: Sinistcha|30/100\n|-unboost|p2b: Sinistcha|spa|1\n|move|p2b: Sinistcha|Foul Play|p1a: SousChef\n|-damage|p1a: SousChef|43/100 brn\n|-ability|p1a: SousChef|Stamina|boost\n|-boost|p1a: SousChef|def|1\n|\n|-heal|p1a: SousChef|49/100 brn|[from] item: Leftovers\n|-damage|p1a: SousChef|43/100 brn|[from] brn\n|upkeep\n|turn|15\n|\n|t:|1776435966\n|move|p1a: SousChef|Snarl|p2b: Sinistcha\n|-supereffective|p2b: Sinistcha|1\n|-damage|p2b: Sinistcha|20/100\n|-unboost|p2b: Sinistcha|spa|1\n|move|p2b: Sinistcha|Matcha Gotcha|p1a: SousChef\n|-resisted|p1a: SousChef|2\n|-damage|p1a: SousChef|33/100 brn\n|-heal|p2b: Sinistcha|25/100|[from] drain|[of] p1a: SousChef\n|-ability|p1a: SousChef|Stamina|boost\n|-boost|p1a: SousChef|def|1\n|\n|-heal|p1a: SousChef|39/100 brn|[from] item: Leftovers\n|-damage|p1a: SousChef|33/100 brn|[from] brn\n|upkeep\n|turn|16\n|\n|t:|1776435981\n|move|p2b: Sinistcha|Protect|p2b: Sinistcha\n|-singleturn|p2b: Sinistcha|Protect\n|move|p1a: SousChef|Snarl|p2b: Sinistcha\n|-activate|p2b: Sinistcha|move: Protect\n|\n|-heal|p1a: SousChef|39/100 brn|[from] item: Leftovers\n|-damage|p1a: SousChef|33/100 brn|[from] brn\n|upkeep\n|turn|17\n|\n|t:|1776435990\n|move|p1a: SousChef|Snarl|p2b: Sinistcha\n|-supereffective|p2b: Sinistcha|1\n|-damage|p2b: Sinistcha|13/100\n|-unboost|p2b: Sinistcha|spa|1\n|move|p2b: Sinistcha|Matcha Gotcha|p1a: SousChef\n|-resisted|p1a: SousChef|2\n|-damage|p1a: SousChef|25/100 brn\n|-heal|p2b: Sinistcha|17/100|[from] drain|[of] p1a: SousChef\n|-ability|p1a: SousChef|Stamina|boost\n|-boost|p1a: SousChef|def|1\n|\n|-heal|p1a: SousChef|31/100 brn|[from] item: Leftovers\n|-damage|p1a: SousChef|25/100 brn|[from] brn\n|upkeep\n|turn|18\n|\n|t:|1776436005\n|move|p2b: Sinistcha|Protect|p2b: Sinistcha\n|-singleturn|p2b: Sinistcha|Protect\n|move|p1a: SousChef|Snarl|p2b: Sinistcha\n|-activate|p2b: Sinistcha|move: Protect\n|\n|-heal|p1a: SousChef|31/100 brn|[from] item: Leftovers\n|-damage|p1a: SousChef|25/100 brn|[from] brn\n|upkeep\n|turn|19\n|\n|t:|1776436018\n|move|p1a: SousChef|Snarl|p2b: Sinistcha\n|-supereffective|p2b: Sinistcha|1\n|-damage|p2b: Sinistcha|8/100\n|-unboost|p2b: Sinistcha|spa|1\n|move|p2b: Sinistcha|Foul Play|p1a: SousChef\n|-damage|p1a: SousChef|21/100 brn\n|\n|-heal|p1a: SousChef|27/100 brn|[from] item: Leftovers\n|-damage|p1a: SousChef|21/100 brn|[from] brn\n|upkeep\n|turn|20\n|\n|t:|1776436029\n|move|p2b: Sinistcha|Protect|p2b: Sinistcha\n|-singleturn|p2b: Sinistcha|Protect\n|move|p1a: SousChef|Snarl|p2b: Sinistcha\n|-activate|p2b: Sinistcha|move: Protect\n|\n|-heal|p1a: SousChef|27/100 brn|[from] item: Leftovers\n|-damage|p1a: SousChef|21/100 brn|[from] brn\n|upkeep\n|turn|21\n|inactive|Joiboi02# has 30 seconds left.\n|\n|t:|1776436059\n|move|p1a: SousChef|Snarl|p2b: Sinistcha\n|-supereffective|p2b: Sinistcha|1\n|-damage|p2b: Sinistcha|0 fnt\n|faint|p2b: Sinistcha\n|\n|win|SinnerG\n|raw|SinnerG's rating: 1122 &rarr; <strong>1150</strong><br />(+28 for winning)\n|raw|Joiboi02#'s rating: 1164 &rarr; <strong>1136</strong><br />(-28 for losing)\n|l|\u2606Joiboi02#\n|player|p2|\n|c|\u2606SinnerG|gg\n",
  "uploadtime": 1776436067,
  "views": 18,
  "formatid": "gen9championsvgc2026regma",
  "rating": 1136,
  "private": 0,
  "password": null
}