{
  "id": "gen9championsvgc2026regma-2588286141",
  "format": "[Gen 9 Champions] VGC 2026 Reg M-A",
  "players": [
    "Anditto612",
    "slothmaster009"
  ],
  "log": "|j|\u2606Anditto612\n|j|\u2606slothmaster009\n|t:|1776621057\n|gametype|doubles\n|player|p1|Anditto612|1|\n|player|p2|slothmaster009|101|\n|gen|9\n|tier|[Gen 9 Champions] VGC 2026 Reg M-A\n|rule|Species Clause: Limit one of each Pok\u00e9mon\n|rule|Item Clause: Limit 1 of each item\n|clearpoke\n|poke|p1|Typhlosion-Hisui, L50, M|\n|poke|p1|Whimsicott, L50, F|\n|poke|p1|Garchomp, L50, M|\n|poke|p1|Farigiraf, L50, F|\n|poke|p1|Primarina, L50, F|\n|poke|p1|Venusaur, L50, M|\n|poke|p2|Tyranitar, L50, M|\n|poke|p2|Reuniclus, L50, M|\n|poke|p2|Hatterene, L50, F|\n|poke|p2|Diggersby, L50, F|\n|poke|p2|Arcanine, L50, F|\n|poke|p2|Dragonite, L50, M|\n|teampreview|4\n|\n|t:|1776621080\n|teamsize|p1|4\n|teamsize|p2|4\n|start\n|switch|p1a: Whimsicott|Whimsicott, L50, F|100/100\n|switch|p1b: Razor|Venusaur, L50, M|100/100\n|switch|p2a: Tyranitar|Tyranitar, L50, M|100/100\n|switch|p2b: Arcanine|Arcanine, L50, F|100/100\n|-ability|p2b: Arcanine|Intimidate|boost\n|-unboost|p1a: Whimsicott|atk|1\n|-unboost|p1b: Razor|atk|1\n|-weather|Sandstorm|[from] ability: Sand Stream|[of] p2a: Tyranitar\n|turn|1\n|c|\u2606Anditto612|El guisico\n|\n|t:|1776621129\n|move|p2a: Tyranitar|Protect|p2a: Tyranitar\n|-singleturn|p2a: Tyranitar|Protect\n|move|p1a: Whimsicott|Sunny Day|p1a: Whimsicott\n|-weather|SunnyDay\n|move|p2b: Arcanine|Flare Blitz|p1b: Razor\n|-supereffective|p1b: Razor|1\n|-damage|p1b: Razor|0 fnt\n|faint|p1b: Razor\n|-damage|p2b: Arcanine|63/100|[from] Recoil\n|\n|-weather|SunnyDay|[upkeep]\n|upkeep\n|c|\u2606Anditto612|El diablo!!!\n|c|\u2606Anditto612|XD\n|\n|t:|1776621156\n|switch|p1b: Garchomp|Garchomp, L50, M|100/100\n|turn|2\n|\n|t:|1776621186\n|switch|p2a: Dragonite|Dragonite, L50, M|100/100\n|move|p2b: Arcanine|Flare Blitz|p1a: Whimsicott\n|-supereffective|p1a: Whimsicott|1\n|-crit|p1a: Whimsicott\n|-enditem|p1a: Whimsicott|Focus Sash\n|-damage|p1a: Whimsicott|1/100\n|-damage|p2b: Arcanine|36/100|[from] Recoil\n|move|p1a: Whimsicott|Moonblast|p2a: Dragonite\n|-supereffective|p2a: Dragonite|1\n|-damage|p2a: Dragonite|64/100\n|move|p1b: Garchomp|Rock Slide|p2b: Arcanine|[spread] p2a,p2b\n|-supereffective|p2a: Dragonite|1\n|-supereffective|p2b: Arcanine|1\n|-damage|p2a: Dragonite|24/100\n|-damage|p2b: Arcanine|0 fnt\n|faint|p2b: Arcanine\n|\n|-weather|SunnyDay|[upkeep]\n|upkeep\n|\n|t:|1776621206\n|switch|p2b: Tyranitar|Tyranitar, L50, M|100/100\n|-weather|Sandstorm|[from] ability: Sand Stream|[of] p2b: Tyranitar\n|turn|3\n|\n|t:|1776621237\n|move|p2b: Tyranitar|Protect|p2b: Tyranitar\n|-singleturn|p2b: Tyranitar|Protect\n|move|p1a: Whimsicott|Tailwind|p1a: Whimsicott\n|-sidestart|p1: Anditto612|move: Tailwind\n|move|p1b: Garchomp|Rock Slide|p2a: Dragonite|[spread] p2a\n|-activate|p2b: Tyranitar|move: Protect\n|-supereffective|p2a: Dragonite|1\n|-damage|p2a: Dragonite|0 fnt\n|faint|p2a: Dragonite\n|\n|-weather|Sandstorm|[upkeep]\n|-damage|p1a: Whimsicott|0 fnt|[from] Sandstorm\n|faint|p1a: Whimsicott\n|upkeep\n|\n|t:|1776621251\n|switch|p1a: Primarina|Primarina, L50, F|100/100\n|switch|p2a: Hatterene|Hatterene, L50, F|100/100\n|turn|4\n|\n|t:|1776621281\n|move|p1b: Garchomp|Protect|p1b: Garchomp\n|-singleturn|p1b: Garchomp|Protect\n|move|p1a: Primarina|Moonblast|p2a: Hatterene\n|-damage|p2a: Hatterene|45/100\n|move|p2b: Tyranitar|Knock Off|p1b: Garchomp\n|-activate|p1b: Garchomp|move: Protect\n|move|p2a: Hatterene|Giga Drain|p1a: Primarina\n|-supereffective|p1a: Primarina|1\n|-damage|p1a: Primarina|61/100\n|-heal|p2a: Hatterene|70/100|[from] drain|[of] p1a: Primarina\n|\n|-weather|Sandstorm|[upkeep]\n|-damage|p1a: Primarina|55/100|[from] Sandstorm\n|-damage|p2a: Hatterene|64/100|[from] Sandstorm\n|-heal|p1a: Primarina|61/100|[from] item: Leftovers\n|-heal|p2a: Hatterene|70/100|[from] item: Leftovers\n|upkeep\n|turn|5\n|\n|t:|1776621311\n|move|p1b: Garchomp|Rock Slide|p2b: Tyranitar|[spread] p2b\n|-miss|p1b: Garchomp|p2a: Hatterene\n|-crit|p2b: Tyranitar\n|-damage|p2b: Tyranitar|72/100\n|move|p1a: Primarina|Hyper Voice|p2a: Hatterene|[spread] p2a,p2b\n|-supereffective|p2b: Tyranitar|1\n|-damage|p2a: Hatterene|34/100\n|-damage|p2b: Tyranitar|18/100\n|move|p2b: Tyranitar|Rock Slide|p1b: Garchomp|[spread] p1a\n|-miss|p2b: Tyranitar|p1b: Garchomp\n|-damage|p1a: Primarina|25/100\n|move|p2a: Hatterene|Giga Drain|p1a: Primarina\n|-supereffective|p1a: Primarina|1\n|-damage|p1a: Primarina|0 fnt\n|-heal|p2a: Hatterene|49/100|[from] drain|[of] p1a: Primarina\n|faint|p1a: Primarina\n|\n|-weather|Sandstorm|[upkeep]\n|-damage|p2a: Hatterene|43/100|[from] Sandstorm\n|-heal|p2a: Hatterene|49/100|[from] item: Leftovers\n|upkeep\n|turn|6\n|c|\u2606Anditto612|Gg\n|\n|t:|1776621341\n|move|p2b: Tyranitar|Protect|p2b: Tyranitar\n|-singleturn|p2b: Tyranitar|Protect\n|move|p1b: Garchomp|Earthquake|p2a: Hatterene|[spread] p2a\n|-activate|p2b: Tyranitar|move: Protect\n|-damage|p2a: Hatterene|13/100\n|move|p2a: Hatterene|Psychic|p1b: Garchomp\n|-damage|p1b: Garchomp|51/100\n|\n|-weather|Sandstorm|[upkeep]\n|-damage|p2a: Hatterene|7/100|[from] Sandstorm\n|-heal|p2a: Hatterene|13/100|[from] item: Leftovers\n|-sideend|p1: Anditto612|move: Tailwind\n|upkeep\n|turn|7\n|\n|t:|1776621370\n|move|p1b: Garchomp|Earthquake|p2a: Hatterene|[spread] p2a,p2b\n|-supereffective|p2b: Tyranitar|1\n|-damage|p2a: Hatterene|0 fnt\n|-damage|p2b: Tyranitar|0 fnt\n|faint|p2a: Hatterene\n|faint|p2b: Tyranitar\n|\n|win|Anditto612\n",
  "uploadtime": 1776621378,
  "views": 11,
  "formatid": "gen9championsvgc2026regma",
  "rating": null,
  "private": 0,
  "password": null
}