{
  "id": "gen9championsvgc2026regma-2585444413",
  "format": "[Gen 9 Champions] VGC 2026 Reg M-A",
  "players": [
    "Destr0321",
    "Bubbaboi137"
  ],
  "log": "|j|\u2606Destr0321\n|j|\u2606Bubbaboi137\n|t:|1776347722\n|gametype|doubles\n|player|p1|Destr0321|170|1142\n|player|p2|Bubbaboi137|cynthia|1044\n|gen|9\n|tier|[Gen 9 Champions] VGC 2026 Reg M-A\n|rated|\n|rule|Species Clause: Limit one of each Pok\u00e9mon\n|rule|Item Clause: Limit 1 of each item\n|clearpoke\n|poke|p1|Floette-Eternal, L50, F|\n|poke|p1|Garchomp, L50, M|\n|poke|p1|Sinistcha, L50|\n|poke|p1|Incineroar, L50, M|\n|poke|p1|Rotom-Wash, L50|\n|poke|p1|Talonflame, L50, M|\n|poke|p2|Kommo-o, L50, F|\n|poke|p2|Luxray, L50, M|\n|poke|p2|Charizard, L50, M|\n|poke|p2|Gardevoir, L50, F|\n|poke|p2|Whimsicott, L50, M|\n|poke|p2|Incineroar, L50, M|\n|teampreview|4\n|inactive|Battle timer is ON: inactive players will automatically lose when time's up. (requested by Bubbaboi137)\n|\n|t:|1776347744\n|teamsize|p1|4\n|teamsize|p2|4\n|start\n|switch|p1a: Garchomp|Garchomp, L50, M|100/100\n|switch|p1b: Talonflame|Talonflame, L50, M|100/100\n|switch|p2a: Whimsicott|Whimsicott, L50, M, shiny|100/100\n|switch|p2b: Incineroar|Incineroar, L50, M, shiny|100/100\n|-ability|p2b: Incineroar|Intimidate|boost\n|-unboost|p1a: Garchomp|atk|1\n|-unboost|p1b: Talonflame|atk|1\n|-enditem|p1a: Garchomp|White Herb\n|-clearnegativeboost|p1a: Garchomp|[silent]\n|turn|1\n|\n|t:|1776347758\n|move|p1b: Talonflame|Quick Guard|p1b: Talonflame\n|-singleturn|p1b: Talonflame|Quick Guard\n|move|p2b: Incineroar|Fake Out|p1a: Garchomp\n|-activate|p1a: Garchomp|move: Quick Guard\n|move|p2a: Whimsicott|Tailwind|p2a: Whimsicott\n|-sidestart|p2: Bubbaboi137|move: Tailwind\n|move|p1a: Garchomp|Earthquake|p2b: Incineroar|[spread] p2a,p2b\n|-immune|p1b: Talonflame\n|-resisted|p2a: Whimsicott|1\n|-supereffective|p2b: Incineroar|1\n|-damage|p2a: Whimsicott|80/100\n|-damage|p2b: Incineroar|15/100\n|\n|upkeep\n|turn|2\n|\n|t:|1776347771\n|move|p2a: Whimsicott|Leech Seed|p1a: Garchomp\n|-start|p1a: Garchomp|move: Leech Seed\n|move|p1b: Talonflame|Tailwind|p1b: Talonflame\n|-sidestart|p1: Destr0321|move: Tailwind\n|move|p1a: Garchomp|Earthquake|p2a: Whimsicott|[spread] p2a,p2b\n|-immune|p1b: Talonflame\n|-resisted|p2a: Whimsicott|1\n|-supereffective|p2b: Incineroar|1\n|-damage|p2a: Whimsicott|59/100\n|-damage|p2b: Incineroar|0 fnt\n|faint|p2b: Incineroar\n|\n|-damage|p1a: Garchomp|88/100|[from] Leech Seed|[of] p2a: Whimsicott\n|-heal|p2a: Whimsicott|75/100|[silent]\n|upkeep\n|\n|t:|1776347782\n|switch|p2b: Gardevoir|Gardevoir, L50, F, shiny|100/100\n|turn|3\n|inactive|Destr0321 has 30 seconds left.\n|\n|t:|1776347815\n|detailschange|p2b: Gardevoir|Gardevoir-Mega, L50, F, shiny\n|-mega|p2b: Gardevoir|Gardevoir|Gardevoirite\n|move|p1b: Talonflame|Brave Bird|p2a: Whimsicott\n|-supereffective|p2a: Whimsicott|1\n|-damage|p2a: Whimsicott|8/100\n|-damage|p1b: Talonflame|82/100|[from] Recoil\n|move|p2a: Whimsicott|Leech Seed||[still]\n|-fail|p2a: Whimsicott\n|move|p2b: Gardevoir|Hyper Voice|p1b: Talonflame|[spread] p1a,p1b\n|-supereffective|p1a: Garchomp|1\n|-resisted|p1b: Talonflame|1\n|-damage|p1a: Garchomp|0 fnt\n|-damage|p1b: Talonflame|46/100\n|faint|p1a: Garchomp\n|\n|upkeep\n|\n|t:|1776347827\n|switch|p1a: Floette|Floette-Eternal, L50, F|100/100\n|turn|4\n|inactive|Destr0321 has 30 seconds left.\n|inactive|Destr0321 has 20 seconds left.\n|\n|t:|1776347866\n|detailschange|p1a: Floette|Floette-Mega, L50, F\n|-mega|p1a: Floette|Floette|Floettite\n|-ability|p1a: Floette|Fairy Aura\n|move|p2a: Whimsicott|Protect|p2a: Whimsicott\n|-singleturn|p2a: Whimsicott|Protect\n|move|p1a: Floette|Protect|p1a: Floette\n|-singleturn|p1a: Floette|Protect\n|move|p1b: Talonflame|Flare Blitz|p2a: Whimsicott\n|-activate|p2a: Whimsicott|move: Protect\n|move|p2b: Gardevoir|Hyper Voice|p1b: Talonflame|[spread] p1b\n|-activate|p1a: Floette|move: Protect\n|-resisted|p1b: Talonflame|1\n|-damage|p1b: Talonflame|0 fnt\n|faint|p1b: Talonflame\n|\n|-sideend|p2: Bubbaboi137|move: Tailwind\n|upkeep\n|\n|t:|1776347870\n|switch|p1b: Sinistcha|Sinistcha, L50|100/100\n|turn|5\n|\n|t:|1776347893\n|move|p2a: Whimsicott|Tailwind|p2a: Whimsicott\n|-sidestart|p2: Bubbaboi137|move: Tailwind\n|move|p2b: Gardevoir|Hyper Voice|p1b: Sinistcha|[spread] p1a,p1b\n|-damage|p1a: Floette|52/100\n|-damage|p1b: Sinistcha|21/100\n|-enditem|p1b: Sinistcha|Sitrus Berry|[eat]\n|-heal|p1b: Sinistcha|46/100|[from] item: Sitrus Berry\n|move|p1a: Floette|Dazzling Gleam|p2b: Gardevoir|[spread] p2a,p2b\n|-damage|p2a: Whimsicott|0 fnt\n|-damage|p2b: Gardevoir|52/100\n|faint|p2a: Whimsicott\n|move|p1b: Sinistcha|Trick Room|p1b: Sinistcha\n|-fieldstart|move: Trick Room|[of] p1b: Sinistcha\n|\n|-sideend|p1: Destr0321|move: Tailwind\n|upkeep\n|\n|t:|1776347903\n|switch|p2a: Kommo-o|Kommo-o, L50, F, shiny|100/100\n|turn|6\n|\n|t:|1776347924\n|move|p2a: Kommo-o|Protect|p2a: Kommo-o\n|-singleturn|p2a: Kommo-o|Protect\n|move|p1b: Sinistcha|Life Dew|p1b: Sinistcha|[spread] p1a,p1b\n|-heal|p1a: Floette|77/100\n|-heal|p1b: Sinistcha|71/100\n|move|p1a: Floette|Dazzling Gleam|p2b: Gardevoir|[spread] p2b\n|-activate|p2a: Kommo-o|move: Protect\n|-damage|p2b: Gardevoir|0 fnt\n|faint|p2b: Gardevoir\n|\n|upkeep\n|turn|7\n|-message|Bubbaboi137 forfeited.\n|\n|win|Destr0321\n|raw|Destr0321's rating: 1142 &rarr; <strong>1160</strong><br />(+18 for winning)\n|raw|Bubbaboi137's rating: 1044 &rarr; <strong>1032</strong><br />(-12 for losing)\n|l|\u2606Bubbaboi137\n|player|p2|\n",
  "uploadtime": 1776348051,
  "views": 31,
  "formatid": "gen9championsvgc2026regma",
  "rating": 1032,
  "private": 0,
  "password": null
}