{
  "id": "gen9championsvgc2026regma-2584493913",
  "format": "[Gen 9 Champions] VGC 2026 Reg M-A",
  "players": [
    "TechnoBooster",
    "IanIsBored"
  ],
  "log": "|j|\u2606TechnoBooster\n|j|\u2606IanIsBored\n|t:|1776264544\n|gametype|doubles\n|player|p1|TechnoBooster|blackbelt-gen4|1114\n|player|p2|IanIsBored|ethan|1107\n|gen|9\n|tier|[Gen 9 Champions] VGC 2026 Reg M-A\n|rated|\n|rule|Species Clause: Limit one of each Pok\u00e9mon\n|rule|Item Clause: Limit 1 of each item\n|clearpoke\n|poke|p1|Incineroar, L50, F|\n|poke|p1|Sneasler, L50, F|\n|poke|p1|Floette-Eternal, L50, F|\n|poke|p1|Kingambit, L50, M|\n|poke|p1|Garchomp, L50, F|\n|poke|p1|Palafin, L50, M|\n|poke|p2|Farigiraf, L50, M|\n|poke|p2|Kingambit, L50, F|\n|poke|p2|Sinistcha, L50|\n|poke|p2|Incineroar, L50, M|\n|poke|p2|Golurk, L50|\n|poke|p2|Primarina, L50, M|\n|teampreview|4\n|inactive|Battle timer is ON: inactive players will automatically lose when time's up. (requested by IanIsBored)\nIanIsBored has agreed to open team sheets.\n|inactive|TechnoBooster has 60 seconds left.\n|\n|t:|1776264596\n|teamsize|p1|4\n|teamsize|p2|4\n|start\n|switch|p1a: Incineroar|Incineroar, L50, F|100/100\n|switch|p1b: Floette|Floette-Eternal, L50, F|100/100\n|switch|p2a: Longboi Slim|Farigiraf, L50, M|100/100\n|switch|p2b: Litty Kitty|Incineroar, L50, M|100/100\n|-ability|p1a: Incineroar|Intimidate|boost\n|-unboost|p2a: Longboi Slim|atk|1\n|-unboost|p2b: Litty Kitty|atk|1\n|-ability|p2b: Litty Kitty|Intimidate|boost\n|-unboost|p1a: Incineroar|atk|1\n|-unboost|p1b: Floette|atk|1\n|turn|1\n|inactive|TechnoBooster has 30 seconds left.\n|inactive|TechnoBooster has 20 seconds left.\n|inactive|TechnoBooster has 15 seconds left.\n|inactive|TechnoBooster has 10 seconds left.\n|\n|t:|1776264641\n|detailschange|p1b: Floette|Floette-Mega, L50, F\n|-mega|p1b: Floette|Floette|Floettite\n|-ability|p1b: Floette|Fairy Aura\n|move|p2b: Litty Kitty|Fake Out|p1b: Floette\n|-damage|p1b: Floette|92/100\n|cant|p1b: Floette|flinch\n|move|p1a: Incineroar|Parting Shot|p2a: Longboi Slim\n|-unboost|p2a: Longboi Slim|atk|1\n|-unboost|p2a: Longboi Slim|spa|1\n|\n|t:|1776264651\n|switch|p1a: Kingambit|Kingambit, L50, M|100/100|[from] Parting Shot\n|move|p2a: Longboi Slim|Trick Room|p2a: Longboi Slim\n|-fieldstart|move: Trick Room|[of] p2a: Longboi Slim\n|\n|upkeep\n|turn|2\n|\n|t:|1776264669\n|switch|p2a: Superman|Golurk, L50|100/100\n|move|p1a: Kingambit|Protect|p1a: Kingambit\n|-singleturn|p1a: Kingambit|Protect\n|move|p2b: Litty Kitty|Flamethrower|p1a: Kingambit\n|-activate|p1a: Kingambit|move: Protect\n|move|p1b: Floette|Dazzling Gleam|p2b: Litty Kitty|[spread] p2a,p2b\n|-damage|p2a: Superman|50/100\n|-damage|p2b: Litty Kitty|53/100\n|\n|upkeep\n|turn|3\n|\n|t:|1776264688\n|switch|p1a: Incineroar|Incineroar, L50, F|100/100\n|-ability|p1a: Incineroar|Intimidate|boost\n|-unboost|p2a: Superman|atk|1\n|-unboost|p2b: Litty Kitty|atk|1\n|detailschange|p2a: Superman|Golurk-Mega, L50\n|-mega|p2a: Superman|Golurk|Golurkite\n|move|p2a: Superman|Iron Head|p1b: Floette\n|-supereffective|p1b: Floette|1\n|-damage|p1b: Floette|36/100\n|move|p2b: Litty Kitty|Flamethrower|p1a: Incineroar\n|-resisted|p1a: Incineroar|1\n|-damage|p1a: Incineroar|86/100\n|move|p1b: Floette|Dazzling Gleam|p2b: Litty Kitty|[spread] p2a,p2b\n|-damage|p2a: Superman|8/100\n|-damage|p2b: Litty Kitty|1/100\n|\n|upkeep\n|turn|4\n|inactive|IanIsBored has 30 seconds left.\n|\n|t:|1776264717\n|switch|p2a: The Emperor|Kingambit, L50, F|100/100\n|move|p1b: Floette|Protect|p1b: Floette\n|-singleturn|p1b: Floette|Protect\n|move|p2b: Litty Kitty|Snarl|p1b: Floette|[spread] p1a\n|-activate|p1b: Floette|move: Protect\n|-resisted|p1a: Incineroar|1\n|-damage|p1a: Incineroar|80/100\n|-unboost|p1a: Incineroar|spa|1\n|move|p1a: Incineroar|Darkest Lariat|p2a: The Emperor\n|-resisted|p2a: The Emperor|1\n|-damage|p2a: The Emperor|88/100\n|\n|upkeep\n|turn|5\n|\n|t:|1776264732\n|move|p1b: Floette|Protect||[still]\n|-fail|p1b: Floette\n|move|p2a: The Emperor|Iron Head|p1b: Floette\n|-supereffective|p1b: Floette|1\n|-damage|p1b: Floette|0 fnt\n|faint|p1b: Floette\n|move|p2b: Litty Kitty|Parting Shot|p1a: Incineroar\n|-unboost|p1a: Incineroar|atk|1\n|-unboost|p1a: Incineroar|spa|1\n|\n|t:|1776264741\n|switch|p2b: Longboi Slim|Farigiraf, L50, M|100/100|[from] Parting Shot\n|move|p1a: Incineroar|Flare Blitz|p2a: The Emperor\n|-supereffective|p2a: The Emperor|1\n|-damage|p2a: The Emperor|39/100\n|-damage|p1a: Incineroar|66/100|[from] Recoil\n|\n|-fieldend|move: Trick Room\n|upkeep\n|\n|t:|1776264746\n|switch|p1b: Kingambit|Kingambit, L50, M|100/100\n|turn|6\n|\n|t:|1776264757\n|move|p1a: Incineroar|Parting Shot|p2a: The Emperor\n|-unboost|p2a: The Emperor|atk|1\n|-ability|p2a: The Emperor|Defiant|boost\n|-boost|p2a: The Emperor|atk|2\n|-unboost|p2a: The Emperor|spa|1\n|-ability|p2a: The Emperor|Defiant|boost\n|-boost|p2a: The Emperor|atk|2\n|\n|t:|1776264763\n|switch|p1a: Sneasler|Sneasler, L50, F|100/100|[from] Parting Shot\n|move|p1b: Kingambit|Kowtow Cleave|p2b: Longboi Slim\n|-supereffective|p2b: Longboi Slim|1\n|-damage|p2b: Longboi Slim|2/100\n|move|p2a: The Emperor|Brick Break|p1b: Kingambit\n|-supereffective|p1b: Kingambit|2\n|-damage|p1b: Kingambit|0 fnt\n|faint|p1b: Kingambit\n|move|p2b: Longboi Slim|Trick Room|p2b: Longboi Slim\n|-fieldstart|move: Trick Room|[of] p2b: Longboi Slim\n|\n|upkeep\n|\n|t:|1776264766\n|switch|p1b: Incineroar|Incineroar, L50, F|66/100\n|-ability|p1b: Incineroar|Intimidate|boost\n|-unboost|p2a: The Emperor|atk|1\n|-ability|p2a: The Emperor|Defiant|boost\n|-boost|p2a: The Emperor|atk|2\n|-unboost|p2b: Longboi Slim|atk|1\n|turn|7\n|\n|t:|1776264783\n|move|p2a: The Emperor|Brick Break|p1b: Incineroar\n|-supereffective|p1b: Incineroar|1\n|-damage|p1b: Incineroar|0 fnt\n|faint|p1b: Incineroar\n|move|p2b: Longboi Slim|Psychic|p1a: Sneasler\n|-supereffective|p1a: Sneasler|2\n|-damage|p1a: Sneasler|0 fnt\n|faint|p1a: Sneasler\n|\n|win|IanIsBored\n|raw|TechnoBooster's rating: 1114 &rarr; <strong>1088</strong><br />(-26 for losing)\n|raw|IanIsBored's rating: 1107 &rarr; <strong>1133</strong><br />(+26 for winning)\n|c|\u2606IanIsBored|ggs\n|l|\u2606TechnoBooster\n|player|p1|\n",
  "uploadtime": 1776264792,
  "views": 20,
  "formatid": "gen9championsvgc2026regma",
  "rating": 1088,
  "private": 0,
  "password": null
}