{
  "id": "gen9championsvgc2026regma-2586050834",
  "format": "[Gen 9 Champions] VGC 2026 Reg M-A",
  "players": [
    "ShaggyMetagross",
    "Miko008"
  ],
  "log": "|j|\u2606ShaggyMetagross\n|j|\u2606Miko008\n|t:|1776393877\n|gametype|doubles\n|player|p1|ShaggyMetagross|cyrus|1065\n|player|p2|Miko008|lady|1126\n|gen|9\n|tier|[Gen 9 Champions] VGC 2026 Reg M-A\n|rated|\n|rule|Species Clause: Limit one of each Pok\u00e9mon\n|rule|Item Clause: Limit 1 of each item\n|clearpoke\n|poke|p1|Aerodactyl, L50, M|\n|poke|p1|Basculegion, L50, M|\n|poke|p1|Sneasler, L50, F|\n|poke|p1|Garchomp, L50, M|\n|poke|p1|Charizard, L50, M|\n|poke|p1|Floette-Eternal, L50, F|\n|poke|p2|Aegislash, L50, M|\n|poke|p2|Beedrill, L50, F|\n|poke|p2|Zoroark-Hisui, L50, F|\n|poke|p2|Noivern, L50, F|\n|poke|p2|Farigiraf, L50, F|\n|poke|p2|Lopunny, L50, F|\n|teampreview|4\n|\n|t:|1776393934\n|teamsize|p1|4\n|teamsize|p2|4\n|start\n|switch|p1a: Aerodactyl|Aerodactyl, L50, M|100/100\n|switch|p1b: Sneasler|Sneasler, L50, F|100/100\n|switch|p2a: Aby|Beedrill, L50, F|100/100\n|switch|p2b: Poni|Farigiraf, L50, F|100/100\n|-ability|p1a: Aerodactyl|Unnerve\n|turn|1\n|\n|t:|1776393968\n|detailschange|p2a: Aby|Beedrill-Mega, L50, F\n|-mega|p2a: Aby|Beedrill|Beedrillite\n|move|p2a: Aby|Protect|p2a: Aby\n|-singleturn|p2a: Aby|Protect\n|move|p2b: Poni|Trick|p1a: Aerodactyl\n|-activate|p2b: Poni|move: Trick|[of] p1a: Aerodactyl\n|-item|p1a: Aerodactyl|Choice Scarf|[from] move: Trick\n|-item|p2b: Poni|King's Rock|[from] move: Trick\n|move|p1a: Aerodactyl|Rock Slide|p2b: Poni|[spread] p2b\n|-activate|p2a: Aby|move: Protect\n|-damage|p2b: Poni|53/100\n|replace|p2b: The Fool|Zoroark-Hisui, L50, F\n|-end|p2b: The Fool|Illusion\n|move|p1b: Sneasler|Close Combat|p2b: The Fool\n|-immune|p2b: The Fool\n|\n|upkeep\n|turn|2\n|\n|t:|1776393996\n|switch|p2a: Poni|Farigiraf, L50, F|100/100\n|move|p1b: Sneasler|Protect|p1b: Sneasler\n|-singleturn|p1b: Sneasler|Protect\n|move|p1a: Aerodactyl|Rock Slide|p2b: The Fool|[spread] p2a,p2b\n|-damage|p2a: Poni|78/100\n|-damage|p2b: The Fool|2/100\n|move|p2b: The Fool|Psychic|p1b: Sneasler\n|-activate|p1b: Sneasler|move: Protect\n|\n|upkeep\n|turn|3\n|\n|t:|1776394022\n|move|p1a: Aerodactyl|Rock Slide|p2a: Poni|[spread] p2a\n|-miss|p1a: Aerodactyl|p2b: The Fool\n|-damage|p2a: Poni|56/100\n|move|p1b: Sneasler|Close Combat|p2a: Poni\n|-damage|p2a: Poni|0 fnt\n|-unboost|p1b: Sneasler|def|1\n|-unboost|p1b: Sneasler|spd|1\n|faint|p2a: Poni\n|move|p2b: The Fool|Trick|p1a: Aerodactyl\n|-activate|p2b: The Fool|move: Trick|[of] p1a: Aerodactyl\n|-item|p1a: Aerodactyl|King's Rock|[from] move: Trick\n|-item|p2b: The Fool|Choice Scarf|[from] move: Trick\n|\n|upkeep\n|\n|t:|1776394034\n|switch|p2a: Mintwave|Noivern, L50, F, shiny|100/100\n|-item|p1a: Aerodactyl|King's Rock|[from] ability: Frisk|[of] p2a: Mintwave\n|-item|p1b: Sneasler|Focus Sash|[from] ability: Frisk|[of] p2a: Mintwave\n|turn|4\n|\n|t:|1776394046\n|move|p2b: The Fool|Shadow Ball|p1a: Aerodactyl\n|-damage|p1a: Aerodactyl|41/100\n|-unboost|p1a: Aerodactyl|spd|1\n|move|p1a: Aerodactyl|Rock Slide|p2b: The Fool|[spread] p2a,p2b\n|-supereffective|p2a: Mintwave|1\n|-damage|p2a: Mintwave|37/100\n|-damage|p2b: The Fool|0 fnt\n|faint|p2b: The Fool\n|move|p2a: Mintwave|Boomburst|p1b: Sneasler|[spread] p1a,p1b\n|-resisted|p1a: Aerodactyl|1\n|-damage|p1a: Aerodactyl|11/100\n|-damage|p1b: Sneasler|43/100\n|move|p1b: Sneasler|Dire Claw|p2a: Mintwave\n|-damage|p2a: Mintwave|0 fnt\n|faint|p2a: Mintwave\n|\n|upkeep\n|\n|t:|1776394058\n|switch|p2a: Aby|Beedrill-Mega, L50, F|100/100\n|turn|5\n|\n|t:|1776394072\n|switch|p1b: Charizard|Charizard, L50, M|100/100\n|move|p2a: Aby|Fell Stinger|p1a: Aerodactyl\n|-resisted|p1a: Aerodactyl|1\n|-damage|p1a: Aerodactyl|0 fnt\n|faint|p1a: Aerodactyl\n|-boost|p2a: Aby|atk|3\n|\n|upkeep\n|\n|t:|1776394082\n|switch|p1a: Sneasler|Sneasler, L50, F|43/100\n|turn|6\n|\n|t:|1776394088\n|detailschange|p1b: Charizard|Charizard-Mega-Y, L50, M\n|-mega|p1b: Charizard|Charizard|Charizardite Y\n|-weather|SunnyDay|[from] ability: Drought|[of] p1b: Charizard\n|move|p2a: Aby|Protect|p2a: Aby\n|-singleturn|p2a: Aby|Protect\n|move|p1a: Sneasler|Fake Out|p2a: Aby\n|-activate|p2a: Aby|move: Protect\n|move|p1b: Charizard|Heat Wave|p2a: Aby\n|-activate|p2a: Aby|move: Protect\n|\n|-weather|SunnyDay|[upkeep]\n|upkeep\n|turn|7\n|\n|t:|1776394122\n|move|p1a: Sneasler|Protect|p1a: Sneasler\n|-singleturn|p1a: Sneasler|Protect\n|move|p2a: Aby|Poison Jab|p1b: Charizard\n|-damage|p1b: Charizard|0 fnt\n|faint|p1b: Charizard\n|\n|-weather|SunnyDay|[upkeep]\n|upkeep\n|\n|t:|1776394132\n|switch|p1b: Basculegion|Basculegion, L50, M|100/100\n|turn|8\n|\n|t:|1776394150\n|move|p2a: Aby|Protect|p2a: Aby\n|-singleturn|p2a: Aby|Protect\n|move|p1b: Basculegion|Last Respects|p2a: Aby\n|-activate|p2a: Aby|move: Protect\n|move|p1a: Sneasler|Dire Claw|p2a: Aby\n|-activate|p2a: Aby|move: Protect\n|\n|-weather|SunnyDay|[upkeep]\n|upkeep\n|turn|9\n|\n|t:|1776394163\n|move|p2a: Aby|Throat Chop|p1b: Basculegion\n|-supereffective|p1b: Basculegion|1\n|-damage|p1b: Basculegion|0 fnt\n|faint|p1b: Basculegion\n|move|p1a: Sneasler|Dire Claw|p2a: Aby\n|-resisted|p2a: Aby|1\n|-crit|p2a: Aby\n|-damage|p2a: Aby|6/100\n|\n|-weather|SunnyDay|[upkeep]\n|upkeep\n|turn|10\n|\n|t:|1776394178\n|move|p1a: Sneasler|Protect|p1a: Sneasler\n|-singleturn|p1a: Sneasler|Protect\n|move|p2a: Aby|Poison Jab|p1a: Sneasler\n|-activate|p1a: Sneasler|move: Protect\n|\n|-weather|none\n|upkeep\n|turn|11\n|\n|t:|1776394187\n|move|p2a: Aby|Poison Jab|p1a: Sneasler\n|-resisted|p1a: Sneasler|1\n|-damage|p1a: Sneasler|0 fnt\n|faint|p1a: Sneasler\n|\n|win|Miko008\n|raw|ShaggyMetagross's rating: 1065 &rarr; <strong>1049</strong><br />(-16 for losing)\n|raw|Miko008's rating: 1126 &rarr; <strong>1147</strong><br />(+21 for winning)\n|l|\u2606ShaggyMetagross\n|player|p1|\n",
  "uploadtime": 1776394202,
  "views": 17,
  "formatid": "gen9championsvgc2026regma",
  "rating": 1049,
  "private": 0,
  "password": null
}