{
  "id": "gen9championsvgc2026regma-2581550253",
  "format": "[Gen 9 Champions] VGC 2026 Reg M-A",
  "players": [
    "Julio2016",
    "Mask4M"
  ],
  "log": "|j|\u2606Julio2016\n|j|\u2606Mask4M\n|t:|1776010207\n|gametype|doubles\n|player|p1|Julio2016|101|1040\n|player|p2|Mask4M|102|1113\n|gen|9\n|tier|[Gen 9 Champions] VGC 2026 Reg M-A\n|rated|\n|rule|Species Clause: Limit one of each Pok\u00e9mon\n|rule|Item Clause: Limit 1 of each item\n|clearpoke\n|poke|p1|Charizard, L50, F|\n|poke|p1|Venusaur, L50, M|\n|poke|p1|Garchomp, L50, F|\n|poke|p1|Rotom-Wash, L50|\n|poke|p1|Sneasler, L50, F|\n|poke|p1|Incineroar, L50, M|\n|poke|p2|Glimmora, L50, F|\n|poke|p2|Froslass, L50, F|\n|poke|p2|Sneasler, L50, F|\n|poke|p2|Incineroar, L50, M|\n|poke|p2|Whimsicott, L50, F|\n|poke|p2|Gyarados, L50, M|\n|teampreview|4\n|inactive|Battle timer is ON: inactive players will automatically lose when time's up. (requested by Julio2016)\nMask4M has agreed to open team sheets.\n|inactive|Mask4M has 60 seconds left.\n|inactive|Mask4M has 30 seconds left.\n|\n|t:|1776010277\n|teamsize|p1|4\n|teamsize|p2|4\n|start\n|switch|p1a: Charizard|Charizard, L50, F|100/100\n|switch|p1b: Venusaur|Venusaur, L50, M|100/100\n|switch|p2a: Sneasler|Sneasler, L50, F|100/100\n|switch|p2b: Glimmora|Glimmora, L50, F|100/100\n|turn|1\n|inactive|Julio2016 has 30 seconds left.\n|\n|t:|1776010307\n|detailschange|p1a: Charizard|Charizard-Mega-Y, L50, F\n|-mega|p1a: Charizard|Charizard|Charizardite Y\n|-weather|SunnyDay|[from] ability: Drought|[of] p1a: Charizard\n|detailschange|p2b: Glimmora|Glimmora-Mega, L50, F\n|-mega|p2b: Glimmora|Glimmora|Glimmoranite\n|move|p2a: Sneasler|Fake Out|p1b: Venusaur\n|-damage|p1b: Venusaur|81/100\n|cant|p1b: Venusaur|flinch\n|move|p2b: Glimmora|Power Gem|p1a: Charizard\n|-supereffective|p1a: Charizard|2\n|-damage|p1a: Charizard|0 fnt\n|faint|p1a: Charizard\n|\n|-weather|SunnyDay|[upkeep]\n|upkeep\n|\n|t:|1776010326\n|switch|p1a: Incineroar|Incineroar, L50, M|100/100\n|-ability|p1a: Incineroar|Intimidate|boost\n|-unboost|p2a: Sneasler|atk|1\n|-unboost|p2b: Glimmora|atk|1\n|-enditem|p2a: Sneasler|White Herb\n|-clearnegativeboost|p2a: Sneasler|[silent]\n|turn|2\n|inactive|Mask4M has 30 seconds left.\n|\n|t:|1776010357\n|switch|p2a: Whimsicott|Whimsicott, L50, F|100/100\n|move|p2b: Glimmora|Spiky Shield|p2b: Glimmora\n|-singleturn|p2b: Glimmora|move: Protect\n|move|p1a: Incineroar|Fake Out|p2b: Glimmora\n|-activate|p2b: Glimmora|move: Protect\n|-damage|p1a: Incineroar|88/100|[from] Spiky Shield|[of] p2b: Glimmora\n|move|p1b: Venusaur|Sleep Powder|p2a: Whimsicott\n|-immune|p2a: Whimsicott\n|\n|-weather|SunnyDay|[upkeep]\n|upkeep\n|turn|3\n|inactive|Julio2016 has 30 seconds left.\n|inactive|Mask4M has 30 seconds left.\n|inactive|Mask4M has 20 seconds left.\n|inactive|Mask4M has 15 seconds left.\n|inactive|Mask4M has 10 seconds left.\n|\n|t:|1776010404\n|move|p2a: Whimsicott|Tailwind|p2a: Whimsicott\n|-sidestart|p2: Mask4M|move: Tailwind\n|move|p2b: Glimmora|Power Gem|p1a: Incineroar\n|-supereffective|p1a: Incineroar|1\n|-damage|p1a: Incineroar|0 fnt\n|faint|p1a: Incineroar\n|move|p1b: Venusaur|Sleep Powder|p2b: Glimmora|[miss]\n|-miss|p1b: Venusaur|p2b: Glimmora\n|\n|-weather|SunnyDay|[upkeep]\n|upkeep\n|\n|t:|1776010415\n|switch|p1a: Garchomp|Garchomp, L50, F|100/100\n|turn|4\n|inactive|Julio2016 has 30 seconds left.\n|\n|t:|1776010442\n|move|p2b: Glimmora|Spiky Shield|p2b: Glimmora\n|-singleturn|p2b: Glimmora|move: Protect\n|move|p2a: Whimsicott|Moonblast|p1a: Garchomp\n|-supereffective|p1a: Garchomp|1\n|-damage|p1a: Garchomp|9/100\n|move|p1b: Venusaur|Sludge Bomb|p2a: Whimsicott\n|-supereffective|p2a: Whimsicott|2\n|-enditem|p2a: Whimsicott|Focus Sash\n|-damage|p2a: Whimsicott|1/100\n|move|p1a: Garchomp|Earthquake|p2b: Glimmora|[spread] p1b,p2a\n|-activate|p2b: Glimmora|move: Protect\n|-resisted|p2a: Whimsicott|1\n|-damage|p1b: Venusaur|22/100\n|-damage|p2a: Whimsicott|0 fnt\n|faint|p2a: Whimsicott\n|\n|-weather|SunnyDay|[upkeep]\n|upkeep\n|\n|t:|1776010456\n|switch|p2a: Sneasler|Sneasler, L50, F|100/100\n|turn|5\n|\n|t:|1776010467\n|move|p2a: Sneasler|Fake Out|p1a: Garchomp\n|-damage|p1a: Garchomp|0 fnt\n|-damage|p2a: Sneasler|88/100|[from] ability: Rough Skin|[of] p1a: Garchomp\n|faint|p1a: Garchomp\n|move|p2b: Glimmora|Power Gem|p1b: Venusaur\n|-damage|p1b: Venusaur|0 fnt\n|faint|p1b: Venusaur\n|\n|win|Mask4M\n|raw|Julio2016's rating: 1040 &rarr; <strong>1027</strong><br />(-13 for losing)\n|raw|Mask4M's rating: 1113 &rarr; <strong>1133</strong><br />(+20 for winning)\n|l|\u2606Julio2016\n|player|p1|\n",
  "uploadtime": 1776010473,
  "views": 17,
  "formatid": "gen9championsvgc2026regma",
  "rating": 1027,
  "private": 0,
  "password": null
}