{
  "id": "gen9championsvgc2026regma-2586438323",
  "format": "[Gen 9 Champions] VGC 2026 Reg M-A",
  "players": [
    "damonw21",
    "autom8r"
  ],
  "log": "|j|\u203ddamonw21\n|j|\u2606autom8r\n|t:|1776434710\n|gametype|doubles\n|player|p1|damonw21|1|1078\n|player|p2|autom8r|266|1173\n|gen|9\n|tier|[Gen 9 Champions] VGC 2026 Reg M-A\n|rated|\n|rule|Species Clause: Limit one of each Pok\u00e9mon\n|rule|Item Clause: Limit 1 of each item\n|clearpoke\n|poke|p1|Pelipper, L50, F|\n|poke|p1|Scizor, L50, F|\n|poke|p1|Greninja-*, L50, M|\n|poke|p1|Kommo-o, L50, M|\n|poke|p1|Incineroar, L50, F|\n|poke|p1|Sinistcha, L50|\n|poke|p2|Floette-Eternal, L50, F|\n|poke|p2|Sneasler, L50, M|\n|poke|p2|Sinistcha, L50|\n|poke|p2|Oranguru, L50, F|\n|poke|p2|Aerodactyl, L50, M|\n|poke|p2|Charizard, L50, F|\n|teampreview|4\n|\n|t:|1776434748\n|teamsize|p1|4\n|teamsize|p2|4\n|start\n|switch|p1a: Incineroar|Incineroar, L50, F|100/100\n|switch|p1b: Scizor|Scizor, L50, F|100/100\n|switch|p2a: Aerodactyl|Aerodactyl, L50, M|100/100\n|switch|p2b: Charizard|Charizard, L50, F|100/100\n|-ability|p2a: Aerodactyl|Unnerve\n|-ability|p1a: Incineroar|Intimidate|boost\n|-unboost|p2a: Aerodactyl|atk|1\n|-unboost|p2b: Charizard|atk|1\n|turn|1\n|\n|t:|1776434767\n|switch|p2b: Sinistcha|Sinistcha, L50|100/100\n|move|p1a: Incineroar|Fake Out|p2b: Sinistcha\n|-immune|p2b: Sinistcha\n|move|p2a: Aerodactyl|Tailwind|p2a: Aerodactyl\n|-sidestart|p2: autom8r|move: Tailwind\n|move|p1b: Scizor|Swords Dance|p1b: Scizor\n|-boost|p1b: Scizor|atk|2\n|\n|upkeep\n|turn|2\n|\n|t:|1776434804\n|move|p1b: Scizor|Bullet Punch|p2a: Aerodactyl\n|-supereffective|p2a: Aerodactyl|1\n|-enditem|p2a: Aerodactyl|Focus Sash\n|-damage|p2a: Aerodactyl|1/100\n|move|p2a: Aerodactyl|Rock Slide|p1b: Scizor|[spread] p1a\n|-miss|p2a: Aerodactyl|p1b: Scizor\n|-supereffective|p1a: Incineroar|1\n|-damage|p1a: Incineroar|67/100\n|move|p2b: Sinistcha|Scald|p1b: Scizor\n|-damage|p1b: Scizor|69/100\n|-status|p1b: Scizor|brn\n|move|p1a: Incineroar|Throat Chop|p2b: Sinistcha\n|-supereffective|p2b: Sinistcha|1\n|-damage|p2b: Sinistcha|3/100\n|-start|p2b: Sinistcha|Throat Chop|[silent]\n|-enditem|p2b: Sinistcha|Sitrus Berry|[eat]\n|-heal|p2b: Sinistcha|28/100|[from] item: Sitrus Berry\n|\n|-damage|p1b: Scizor|63/100 brn|[from] brn\n|upkeep\n|turn|3\n|\n|t:|1776434836\n|switch|p1a: Sinistcha|Sinistcha, L50|100/100\n|-heal|p1b: Scizor|88/100 brn|[from] ability: Hospitality|[of] p1a: Sinistcha\n|move|p1b: Scizor|Protect|p1b: Scizor\n|-singleturn|p1b: Scizor|Protect\n|move|p2a: Aerodactyl|Rock Slide|p1a: Sinistcha|[spread] \n|-activate|p1b: Scizor|move: Protect\n|-miss|p2a: Aerodactyl|p1a: Sinistcha\n|move|p2b: Sinistcha|Scald|p1a: Sinistcha\n|-resisted|p1a: Sinistcha|1\n|-damage|p1a: Sinistcha|84/100\n|\n|-damage|p1b: Scizor|82/100 brn|[from] brn\n|-end|p2b: Sinistcha|Throat Chop|[silent]\n|upkeep\n|turn|4\n|\n|t:|1776434858\n|move|p2a: Aerodactyl|Protect|p2a: Aerodactyl\n|-singleturn|p2a: Aerodactyl|Protect\n|move|p1a: Sinistcha|Rage Powder|p1a: Sinistcha\n|-singleturn|p1a: Sinistcha|move: Rage Powder\n|move|p1b: Scizor|Bullet Punch|p2b: Sinistcha\n|-damage|p2b: Sinistcha|0 fnt\n|faint|p2b: Sinistcha\n|\n|-damage|p1b: Scizor|76/100 brn|[from] brn\n|-sideend|p2: autom8r|move: Tailwind\n|upkeep\n|\n|t:|1776434870\n|switch|p2b: Charizard|Charizard, L50, F|100/100\n|turn|5\n|\n|t:|1776434887\n|switch|p1a: Incineroar|Incineroar, L50, F|67/100\n|-ability|p1a: Incineroar|Intimidate|boost\n|-unboost|p2a: Aerodactyl|atk|1\n|-unboost|p2b: Charizard|atk|1\n|detailschange|p2b: Charizard|Charizard-Mega-X, L50, F\n|-mega|p2b: Charizard|Charizard|Charizardite X\n|move|p1b: Scizor|Protect|p1b: Scizor\n|-singleturn|p1b: Scizor|Protect\n|move|p2a: Aerodactyl|Tailwind|p2a: Aerodactyl\n|-sidestart|p2: autom8r|move: Tailwind\n|move|p2b: Charizard|Swords Dance|p2b: Charizard\n|-boost|p2b: Charizard|atk|2\n|\n|-damage|p1b: Scizor|69/100 brn|[from] brn\n|upkeep\n|turn|6\n|\n|t:|1776434909\n|switch|p1b: Pelipper|Pelipper, L50, F|100/100\n|-weather|RainDance|[from] ability: Drizzle|[of] p1b: Pelipper\n|move|p1a: Incineroar|Fake Out|p2a: Aerodactyl\n|-resisted|p2a: Aerodactyl|1\n|-damage|p2a: Aerodactyl|0 fnt\n|faint|p2a: Aerodactyl\n|move|p2b: Charizard|Dragon Claw|p1a: Incineroar\n|-damage|p1a: Incineroar|0 fnt\n|faint|p1a: Incineroar\n|\n|-weather|RainDance|[upkeep]\n|upkeep\n|\n|t:|1776434924\n|switch|p2a: Sneasler|Sneasler, L50, M, shiny|100/100\n|switch|p1a: Scizor|Scizor, L50, F|69/100 brn\n|turn|7\n|\n|t:|1776434953\n|switch|p1b: Sinistcha|Sinistcha, L50|84/100\n|-heal|p1a: Scizor|94/100 brn|[from] ability: Hospitality|[of] p1b: Sinistcha\n|move|p2a: Sneasler|Fake Out|p1a: Scizor\n|-resisted|p1a: Scizor|1\n|-damage|p1a: Scizor|86/100 brn\n|move|p2b: Charizard|Dragon Claw|p1b: Sinistcha\n|-damage|p1b: Sinistcha|25/100\n|-enditem|p1b: Sinistcha|Sitrus Berry|[eat]\n|-heal|p1b: Sinistcha|49/100|[from] item: Sitrus Berry\n|cant|p1a: Scizor|flinch\n|\n|-weather|RainDance|[upkeep]\n|-damage|p1a: Scizor|80/100 brn|[from] brn\n|upkeep\n|turn|8\n|\n|t:|1776434983\n|switch|p1b: Pelipper|Pelipper, L50, F|100/100\n|move|p2a: Sneasler|Dire Claw|p1b: Pelipper\n|-damage|p1b: Pelipper|41/100\n|-status|p1b: Pelipper|psn\n|move|p2b: Charizard|Swords Dance|p2b: Charizard\n|-boost|p2b: Charizard|atk|2\n|move|p1a: Scizor|Swords Dance|p1a: Scizor\n|-boost|p1a: Scizor|atk|2\n|\n|-weather|RainDance|[upkeep]\n|-damage|p1b: Pelipper|29/100 psn|[from] psn\n|-damage|p1a: Scizor|73/100 brn|[from] brn\n|-sideend|p2: autom8r|move: Tailwind\n|upkeep\n|turn|9\n|\n|t:|1776435016\n|move|p1a: Scizor|Protect|p1a: Scizor\n|-singleturn|p1a: Scizor|Protect\n|move|p1b: Pelipper|Hurricane|p2a: Sneasler\n|-supereffective|p2a: Sneasler|1\n|-damage|p2a: Sneasler|0 fnt\n|faint|p2a: Sneasler\n|move|p2b: Charizard|Flare Blitz|p1a: Scizor\n|-activate|p1a: Scizor|move: Protect\n|\n|-weather|RainDance|[upkeep]\n|-damage|p1b: Pelipper|17/100 psn|[from] psn\n|-damage|p1a: Scizor|67/100 brn|[from] brn\n|upkeep\n|turn|10\n|\n|t:|1776435035\n|move|p1a: Scizor|Bullet Punch|p2b: Charizard\n|-resisted|p2b: Charizard|1\n|-damage|p2b: Charizard|84/100\n|move|p1b: Pelipper|Hurricane|p2b: Charizard\n|-damage|p2b: Charizard|32/100\n|-start|p2b: Charizard|confusion\n|-activate|p2b: Charizard|confusion\n|-damage|p2b: Charizard|0 fnt|[from] confusion\n|faint|p2b: Charizard\n|\n|win|damonw21\n|raw|damonw21's rating: 1059 &rarr; <strong>1100</strong><br />(+41 for winning)\n|raw|autom8r's rating: 1173 &rarr; <strong>1140</strong><br />(-33 for losing)\n|l|\u2606autom8r\n|player|p2|\n",
  "uploadtime": 1776435064,
  "views": 28,
  "formatid": "gen9championsvgc2026regma",
  "rating": 1100,
  "private": 0,
  "password": null
}