{
  "id": "gen9championsvgc2026regma-2585024098",
  "format": "[Gen 9 Champions] VGC 2026 Reg M-A",
  "players": [
    "areestoo",
    "Astil_ice"
  ],
  "log": "|j|\u2606areestoo\n|j|\u2606Astil_ice\n|t:|1776304331\n|gametype|doubles\n|player|p1|areestoo|101|1224\n|player|p2|Astil_ice|169|1161\n|gen|9\n|tier|[Gen 9 Champions] VGC 2026 Reg M-A\n|rated|\n|rule|Species Clause: Limit one of each Pok\u00e9mon\n|rule|Item Clause: Limit 1 of each item\n|clearpoke\n|poke|p1|Blastoise, L50, F|\n|poke|p1|Pelipper, L50, F|\n|poke|p1|Floette-Eternal, L50, F|\n|poke|p1|Wyrdeer, L50, F|\n|poke|p1|Weavile, L50, F|\n|poke|p1|Rhyperior, L50, F|\n|poke|p2|Charizard, L50, M|\n|poke|p2|Sneasler, L50, M|\n|poke|p2|Basculegion, L50, M|\n|poke|p2|Garchomp, L50, M|\n|poke|p2|Incineroar, L50, F|\n|poke|p2|Venusaur, L50, M|\n|teampreview|4\n|inactive|Battle timer is ON: inactive players will automatically lose when time's up. (requested by areestoo)\n|inactive|areestoo has 60 seconds left.\n|\n|t:|1776304371\n|teamsize|p1|4\n|teamsize|p2|4\n|start\n|switch|p1a: Wyrdeer|Wyrdeer, L50, F|100/100\n|switch|p1b: Weavile|Weavile, L50, F|100/100\n|switch|p2a: Basculegion|Basculegion, L50, M|100/100\n|switch|p2b: Incineroar|Incineroar, L50, F|100/100\n|-ability|p1b: Weavile|Pressure\n|-ability|p2b: Incineroar|Intimidate|boost\n|-unboost|p1a: Wyrdeer|atk|1\n|-unboost|p1b: Weavile|atk|1\n|-ability|p1a: Wyrdeer|Intimidate|boost\n|-unboost|p2a: Basculegion|atk|1\n|-unboost|p2b: Incineroar|atk|1\n|turn|1\n|inactive|areestoo has 30 seconds left.\n|inactive|Astil_ice has 30 seconds left.\n|\n|t:|1776304405\n|move|p1b: Weavile|Upper Hand||[still]\n|-fail|p1b: Weavile\n|move|p2a: Basculegion|Flip Turn|p1a: Wyrdeer\n|-damage|p1a: Wyrdeer|74/100\n|\n|t:|1776304412\n|switch|p2a: Garchomp|Garchomp, L50, M|100/100|[from] Flip Turn\n|move|p2b: Incineroar|Parting Shot|p1b: Weavile\n|-unboost|p1b: Weavile|atk|1\n|-unboost|p1b: Weavile|spa|1\n|\n|t:|1776304424\n|switch|p2b: Basculegion|Basculegion, L50, M|100/100|[from] Parting Shot\n|move|p1a: Wyrdeer|Trick Room|p1a: Wyrdeer\n|-fieldstart|move: Trick Room|[of] p1a: Wyrdeer\n|\n|upkeep\n|turn|2\n|\n|t:|1776304440\n|move|p1a: Wyrdeer|Psyshield Bash|p2b: Basculegion\n|-damage|p2b: Basculegion|63/100\n|-boost|p1a: Wyrdeer|def|1\n|move|p2a: Garchomp|Earthquake|p1a: Wyrdeer|[spread] p2b,p1a,p1b\n|-damage|p2b: Basculegion|12/100\n|-damage|p1a: Wyrdeer|42/100\n|-damage|p1b: Weavile|37/100\n|-enditem|p1a: Wyrdeer|Sitrus Berry|[eat]\n|-heal|p1a: Wyrdeer|67/100|[from] item: Sitrus Berry\n|move|p1b: Weavile|Throat Chop|p2b: Basculegion\n|-supereffective|p2b: Basculegion|1\n|-damage|p2b: Basculegion|0 fnt\n|faint|p2b: Basculegion\n|\n|upkeep\n|\n|t:|1776304454\n|switch|p2b: Sneasler|Sneasler, L50, M|100/100\n|turn|3\n|\n|t:|1776304463\n|move|p2b: Sneasler|Protect|p2b: Sneasler\n|-singleturn|p2b: Sneasler|Protect\n|move|p1a: Wyrdeer|Psyshield Bash|p2b: Sneasler\n|-activate|p2b: Sneasler|move: Protect\n|move|p2a: Garchomp|Earthquake|p1a: Wyrdeer|[spread] p1a,p1b\n|-activate|p2b: Sneasler|move: Protect\n|-damage|p1a: Wyrdeer|37/100\n|-damage|p1b: Weavile|0 fnt\n|faint|p1b: Weavile\n|\n|upkeep\n|\n|t:|1776304473\n|switch|p1b: Floette|Floette-Eternal, L50, F|100/100\n|turn|4\n|\n|t:|1776304486\n|switch|p2b: Incineroar|Incineroar, L50, F|100/100\n|-ability|p2b: Incineroar|Intimidate|boost\n|-unboost|p1a: Wyrdeer|atk|1\n|-unboost|p1b: Floette|atk|1\n|detailschange|p1b: Floette|Floette-Mega, L50, F\n|-mega|p1b: Floette|Floette|Floettite\n|-ability|p1b: Floette|Fairy Aura\n|move|p2a: Garchomp|Protect|p2a: Garchomp\n|-singleturn|p2a: Garchomp|Protect\n|move|p1a: Wyrdeer|Double-Edge|p2b: Incineroar\n|-damage|p2b: Incineroar|74/100\n|-damage|p1a: Wyrdeer|29/100|[from] Recoil\n|move|p1b: Floette|Dazzling Gleam|p2b: Incineroar|[spread] p2b\n|-activate|p2a: Garchomp|move: Protect\n|-damage|p2b: Incineroar|32/100\n|-enditem|p2b: Incineroar|Sitrus Berry|[eat]\n|-heal|p2b: Incineroar|57/100|[from] item: Sitrus Berry\n|\n|upkeep\n|turn|5\n|inactive|Astil_ice has 30 seconds left.\n|\n|t:|1776304512\n|switch|p1a: Pelipper|Pelipper, L50, F|100/100\n|-weather|RainDance|[from] ability: Drizzle|[of] p1a: Pelipper\n|move|p1b: Floette|Protect|p1b: Floette\n|-singleturn|p1b: Floette|Protect\n|move|p2b: Incineroar|Fake Out|p1b: Floette\n|-activate|p1b: Floette|move: Protect\n|move|p2a: Garchomp|Earthquake|p1a: Pelipper|[spread] p2b\n|-activate|p1b: Floette|move: Protect\n|-immune|p1a: Pelipper\n|-supereffective|p2b: Incineroar|1\n|-damage|p2b: Incineroar|0 fnt\n|faint|p2b: Incineroar\n|\n|-weather|RainDance|[upkeep]\n|-fieldend|move: Trick Room\n|upkeep\n|\n|t:|1776304526\n|switch|p2b: Sneasler|Sneasler, L50, M|100/100\n|turn|6\n|\n|t:|1776304534\n|switch|p1b: Wyrdeer|Wyrdeer, L50, F|29/100\n|-ability|p1b: Wyrdeer|Intimidate|boost\n|-unboost|p2a: Garchomp|atk|1\n|-unboost|p2b: Sneasler|atk|1\n|-enditem|p2b: Sneasler|White Herb\n|-clearnegativeboost|p2b: Sneasler|[silent]\n|move|p2b: Sneasler|Dire Claw|p1b: Wyrdeer\n|-damage|p1b: Wyrdeer|0 fnt\n|faint|p1b: Wyrdeer\n|move|p1a: Pelipper|Tailwind|p1a: Pelipper\n|-sidestart|p1: areestoo|move: Tailwind\n|move|p2a: Garchomp|Rock Slide|p1a: Pelipper\n|-supereffective|p1a: Pelipper|1\n|-damage|p1a: Pelipper|55/100\n|\n|-weather|RainDance|[upkeep]\n|upkeep\n|\n|t:|1776304547\n|switch|p1b: Floette|Floette-Mega, L50, F|100/100\n|-ability|p1b: Floette|Fairy Aura\n|turn|7\n|\n|t:|1776304555\n|move|p2a: Garchomp|Protect|p2a: Garchomp\n|-singleturn|p2a: Garchomp|Protect\n|move|p1a: Pelipper|Tailwind||[still]\n|-fail|p1a: Pelipper\n|move|p2b: Sneasler|Rock Slide|p1a: Pelipper|[spread] p1a,p1b\n|-supereffective|p1a: Pelipper|1\n|-damage|p1a: Pelipper|0 fnt\n|-damage|p1b: Floette|71/100\n|faint|p1a: Pelipper\n|cant|p1b: Floette|flinch\n|\n|-weather|RainDance|[upkeep]\n|upkeep\n|turn|8\n|c|\u2606areestoo|XD\n|-message|areestoo forfeited.\n|\n|win|Astil_ice\n|raw|areestoo's rating: 1224 &rarr; <strong>1195</strong><br />(-29 for losing)\n|raw|Astil_ice's rating: 1161 &rarr; <strong>1190</strong><br />(+29 for winning)\n",
  "uploadtime": 1776304568,
  "views": 22,
  "formatid": "gen9championsvgc2026regma",
  "rating": 1190,
  "private": 0,
  "password": null
}