{
  "id": "gen9championsvgc2026regma-2585167994",
  "format": "[Gen 9 Champions] VGC 2026 Reg M-A",
  "players": [
    "CMXXVI\u2606",
    "drake78976"
  ],
  "log": "|j|\u2606CMXXVI\u2606\n|j|\u2606drake78976\n|t:|1776320245\n|gametype|doubles\n|player|p1|CMXXVI\u2606|workerice|1104\n|player|p2|drake78976|li|1109\n|gen|9\n|tier|[Gen 9 Champions] VGC 2026 Reg M-A\n|rated|\n|rule|Species Clause: Limit one of each Pok\u00e9mon\n|rule|Item Clause: Limit 1 of each item\n|clearpoke\n|poke|p1|Mimikyu, L50, M|\n|poke|p1|Gallade, L50, M|\n|poke|p1|Incineroar, L50, M|\n|poke|p1|Altaria, L50, F|\n|poke|p1|Aggron, L50, M|\n|poke|p1|Milotic, L50, F|\n|poke|p2|Aggron, L50, M|\n|poke|p2|Primarina, L50, M|\n|poke|p2|Hydreigon, L50, M|\n|poke|p2|Sinistcha, L50|\n|poke|p2|Glimmora, L50, F|\n|poke|p2|Farigiraf, L50, M|\n|teampreview|4\n|\n|t:|1776320295\n|teamsize|p1|4\n|teamsize|p2|4\n|start\n|switch|p1a: \ud83d\udc7b|Mimikyu, L50, M|100/100\n|switch|p1b: \u2694\ufe0f|Gallade, L50, M, shiny|100/100\n|switch|p2a: Glimmora|Glimmora, L50, F, shiny|100/100\n|switch|p2b: Farigiraf|Farigiraf, L50, M|100/100\n|turn|1\n|\n|t:|1776320327\n|move|p2b: Farigiraf|Helping Hand|p2a: Glimmora\n|-singleturn|p2a: Glimmora|Helping Hand|[of] p2b: Farigiraf\n|move|p2a: Glimmora|Sludge Wave|p1b: \u2694\ufe0f|[spread] p2b,p1a,p1b\n|-damage|p2b: Farigiraf|58/100\n|-activate|p1a: \ud83d\udc7b|ability: Disguise\n|-damage|p1a: \ud83d\udc7b|100/100\n|-damage|p1b: \u2694\ufe0f|47/100\n|-status|p2b: Farigiraf|psn\n|-status|p1a: \ud83d\udc7b|psn\n|detailschange|p1a: \ud83d\udc7b|Mimikyu-Busted, L50, M\n|-damage|p1a: \ud83d\udc7b|88/100 psn|[from] pokemon: Mimikyu-Busted\n|move|p1b: \u2694\ufe0f|Imprison|p1b: \u2694\ufe0f\n|-start|p1b: \u2694\ufe0f|move: Imprison\n|move|p1a: \ud83d\udc7b|Trick Room|p1a: \ud83d\udc7b\n|-fieldstart|move: Trick Room|[of] p1a: \ud83d\udc7b\n|\n|-damage|p2b: Farigiraf|45/100 psn|[from] psn\n|-damage|p1a: \ud83d\udc7b|76/100 psn|[from] psn\n|upkeep\n|-enditem|p2b: Farigiraf|Sitrus Berry|[eat]\n|-heal|p2b: Farigiraf|70/100 psn|[from] item: Sitrus Berry\n|turn|2\n|\n|t:|1776320369\n|switch|p2b: Aggron|Aggron, L50, M|100/100\n|move|p1b: \u2694\ufe0f|Psycho Cut|p2a: Glimmora\n|-supereffective|p2a: Glimmora|1\n|-enditem|p2a: Glimmora|Focus Sash\n|-damage|p2a: Glimmora|1/100\n|-activate|p2a: Glimmora|ability: Toxic Debris\n|-sidestart|p1: CMXXVI\u2606|move: Toxic Spikes\n|move|p1a: \ud83d\udc7b|Play Rough|p2b: Aggron\n|-resisted|p2b: Aggron|1\n|-damage|p2b: Aggron|88/100\n|move|p2a: Glimmora|Sludge Wave|p1a: \ud83d\udc7b|[spread] p1a,p1b\n|-immune|p2b: Aggron\n|-damage|p1a: \ud83d\udc7b|40/100 psn\n|-damage|p1b: \u2694\ufe0f|15/100\n|\n|-damage|p1a: \ud83d\udc7b|28/100 psn|[from] psn\n|upkeep\n|turn|3\n|\n|t:|1776320409\n|detailschange|p2b: Aggron|Aggron-Mega, L50, M\n|-mega|p2b: Aggron|Aggron|Aggronite\n|move|p1b: \u2694\ufe0f|Protect|p1b: \u2694\ufe0f\n|-singleturn|p1b: \u2694\ufe0f|Protect\n|move|p2a: Glimmora|Spiky Shield|p2a: Glimmora\n|-singleturn|p2a: Glimmora|move: Protect\n|move|p1a: \ud83d\udc7b|Shadow Sneak|p2a: Glimmora\n|-activate|p2a: Glimmora|move: Protect\n|-damage|p1a: \ud83d\udc7b|15/100 psn|[from] Spiky Shield|[of] p2a: Glimmora\n|move|p2b: Aggron|Body Press|p1b: \u2694\ufe0f\n|-activate|p1b: \u2694\ufe0f|move: Protect\n|\n|-damage|p1a: \ud83d\udc7b|3/100 psn|[from] psn\n|upkeep\n|turn|4\n|\n|t:|1776320454\n|switch|p1b: \ud83d\udd25|Incineroar, L50, M|100/100\n|-status|p1b: \ud83d\udd25|psn\n|-ability|p1b: \ud83d\udd25|Intimidate|boost\n|-unboost|p2a: Glimmora|atk|1\n|-unboost|p2b: Aggron|atk|1\n|switch|p2a: Farigiraf|Farigiraf, L50, M|70/100 psn\n|move|p1a: \ud83d\udc7b|Shadow Sneak||[still]\n|cant|p2a: Farigiraf|ability: Armor Tail|Shadow Sneak|[of] p1a: \ud83d\udc7b\n|move|p2b: Aggron|Body Press|p1b: \ud83d\udd25\n|-supereffective|p1b: \ud83d\udd25|1\n|-enditem|p1b: \ud83d\udd25|Chople Berry|[eat]\n|-enditem|p1b: \ud83d\udd25|Chople Berry|[weaken]\n|-damage|p1b: \ud83d\udd25|71/100 psn\n|\n|-damage|p2a: Farigiraf|58/100 psn|[from] psn\n|-damage|p1b: \ud83d\udd25|59/100 psn|[from] psn\n|-damage|p1a: \ud83d\udc7b|0 fnt|[from] psn\n|faint|p1a: \ud83d\udc7b\n|upkeep\n|\n|t:|1776320479\n|switch|p1a: \u2694\ufe0f|Gallade, L50, M, shiny|15/100\n|-status|p1a: \u2694\ufe0f|psn\n|turn|5\n|\n|t:|1776320507\n|move|p1a: \u2694\ufe0f|Protect|p1a: \u2694\ufe0f\n|-singleturn|p1a: \u2694\ufe0f|Protect\n|move|p2b: Aggron|Body Press|p1b: \ud83d\udd25\n|-supereffective|p1b: \ud83d\udd25|1\n|-damage|p1b: \ud83d\udd25|0 fnt\n|faint|p1b: \ud83d\udd25\n|move|p2a: Farigiraf|Psychic|p1a: \u2694\ufe0f\n|-activate|p1a: \u2694\ufe0f|move: Protect\n|\n|-damage|p2a: Farigiraf|45/100 psn|[from] psn\n|-damage|p1a: \u2694\ufe0f|3/100 psn|[from] psn\n|-fieldend|move: Trick Room\n|upkeep\n|\n|t:|1776320520\n|switch|p1b: \ud83c\udf0a|Milotic, L50, F|100/100\n|-status|p1b: \ud83c\udf0a|psn\n|turn|6\n|\n|t:|1776320534\n|move|p2b: Aggron|Protect|p2b: Aggron\n|-singleturn|p2b: Aggron|Protect\n|move|p1b: \ud83c\udf0a|Coil|p1b: \ud83c\udf0a\n|-boost|p1b: \ud83c\udf0a|atk|1\n|-boost|p1b: \ud83c\udf0a|def|1\n|-boost|p1b: \ud83c\udf0a|accuracy|1\n|move|p1a: \u2694\ufe0f|Sacred Sword|p2b: Aggron\n|-activate|p2b: Aggron|move: Protect\n|move|p2a: Farigiraf|Light Screen|p2a: Farigiraf\n|-sidestart|p2: drake78976|move: Light Screen\n|\n|-damage|p1a: \u2694\ufe0f|0 fnt|[from] psn\n|faint|p1a: \u2694\ufe0f\n|-damage|p1b: \ud83c\udf0a|88/100 psn|[from] psn\n|-damage|p2a: Farigiraf|33/100 psn|[from] psn\n|upkeep\n|turn|7\n|\n|t:|1776320554\n|move|p1b: \ud83c\udf0a|Hypnosis|p2b: Aggron|[miss]\n|-miss|p1b: \ud83c\udf0a|p2b: Aggron\n|move|p2a: Farigiraf|Psychic|p1b: \ud83c\udf0a\n|-damage|p1b: \ud83c\udf0a|70/100 psn\n|move|p2b: Aggron|Iron Defense|p2b: Aggron\n|-boost|p2b: Aggron|def|2\n|\n|-heal|p1b: \ud83c\udf0a|76/100 psn|[from] item: Leftovers\n|-damage|p1b: \ud83c\udf0a|64/100 psn|[from] psn\n|-damage|p2a: Farigiraf|21/100 psn|[from] psn\n|upkeep\n|turn|8\n|\n|t:|1776320573\n|move|p2b: Aggron|Protect|p2b: Aggron\n|-singleturn|p2b: Aggron|Protect\n|move|p1b: \ud83c\udf0a|Hypnosis|p2b: Aggron\n|-activate|p2b: Aggron|move: Protect\n|move|p2a: Farigiraf|Psychic|p1b: \ud83c\udf0a\n|-damage|p1b: \ud83c\udf0a|44/100 psn\n|\n|-heal|p1b: \ud83c\udf0a|50/100 psn|[from] item: Leftovers\n|-damage|p1b: \ud83c\udf0a|38/100 psn|[from] psn\n|-damage|p2a: Farigiraf|8/100 psn|[from] psn\n|upkeep\n|turn|9\n|\n|t:|1776320591\n|move|p1b: \ud83c\udf0a|Hypnosis|p2b: Aggron\n|-status|p2b: Aggron|slp|[from] move: Hypnosis\n|move|p2a: Farigiraf|Psychic|p1b: \ud83c\udf0a\n|-damage|p1b: \ud83c\udf0a|19/100 psn\n|cant|p2b: Aggron|slp\n|\n|-heal|p1b: \ud83c\udf0a|25/100 psn|[from] item: Leftovers\n|-damage|p1b: \ud83c\udf0a|13/100 psn|[from] psn\n|-damage|p2a: Farigiraf|0 fnt|[from] psn\n|faint|p2a: Farigiraf\n|upkeep\n|\n|t:|1776320597\n|switch|p2a: Glimmora|Glimmora, L50, F, shiny|1/100\n|turn|10\n|\n|t:|1776320606\n|move|p2a: Glimmora|Sludge Bomb|p1b: \ud83c\udf0a\n|-damage|p1b: \ud83c\udf0a|0 fnt\n|faint|p1b: \ud83c\udf0a\n|\n|win|drake78976\n|raw|CMXXVI\u2606's rating: 1104 &rarr; <strong>1079</strong><br />(-25 for losing)\n|raw|drake78976's rating: 1109 &rarr; <strong>1134</strong><br />(+25 for winning)\n",
  "uploadtime": 1776320612,
  "views": 19,
  "formatid": "gen9championsvgc2026regma",
  "rating": 1079,
  "private": 0,
  "password": null
}