{
  "id": "gen9championsvgc2026regma-2584685757",
  "format": "[Gen 9 Champions] VGC 2026 Reg M-A",
  "players": [
    "JoJoASM",
    "MSAtlos"
  ],
  "log": "|j|\u2606JoJoASM\n|j|\u2606MSAtlos\n|t:|1776276720\n|gametype|doubles\n|player|p1|JoJoASM|winona|1000\n|player|p2|MSAtlos|flannery|1000\n|gen|9\n|tier|[Gen 9 Champions] VGC 2026 Reg M-A\n|rated|\n|rule|Species Clause: Limit one of each Pok\u00e9mon\n|rule|Item Clause: Limit 1 of each item\n|clearpoke\n|poke|p1|Tyranitar, L50, M|\n|poke|p1|Sinistcha, L50|\n|poke|p1|Farigiraf, L50, F|\n|poke|p1|Incineroar, L50, F|\n|poke|p1|Aegislash, L50, F|\n|poke|p1|Primarina, L50, F|\n|poke|p2|Farigiraf, L50, F|\n|poke|p2|Delphox, L50, F|\n|poke|p2|Torkoal, L50, M|\n|poke|p2|Heliolisk, L50, M|\n|poke|p2|Meowscarada, L50, F|\n|poke|p2|Incineroar, L50, M|\n|teampreview|4\nMSAtlos has agreed to open team sheets.\n|\n|t:|1776276755\n|teamsize|p1|4\n|teamsize|p2|4\n|start\n|switch|p1a: Incineroar|Incineroar, L50, F|100/100\n|switch|p1b: Farigiraf|Farigiraf, L50, F|100/100\n|switch|p2a: Torkoal|Torkoal, L50, M|100/100\n|switch|p2b: Heliolisk|Heliolisk, L50, M|100/100\n|-weather|SunnyDay|[from] ability: Drought|[of] p2a: Torkoal\n|turn|1\n|\n|t:|1776276783\n|move|p1a: Incineroar|Fake Out|p2b: Heliolisk\n|-crit|p2b: Heliolisk\n|-damage|p2b: Heliolisk|67/100\n|cant|p2b: Heliolisk|flinch\n|move|p2a: Torkoal|Weather Ball|p1b: Farigiraf\n|-damage|p1b: Farigiraf|15/100\n|move|p1b: Farigiraf|Trick Room|p1b: Farigiraf\n|-fieldstart|move: Trick Room|[of] p1b: Farigiraf\n|\n|-weather|SunnyDay|[upkeep]\n|-damage|p2b: Heliolisk|55/100|[from] ability: Solar Power|[of] p2b: Heliolisk\n|upkeep\n|turn|2\n|\n|t:|1776276808\n|switch|p1b: Tyranitar|Tyranitar, L50, M|100/100\n|-weather|Sandstorm|[from] ability: Sand Stream|[of] p1b: Tyranitar\n|move|p2a: Torkoal|Eruption|p1b: Tyranitar|[spread] p1a,p1b\n|-resisted|p1a: Incineroar|1\n|-resisted|p1b: Tyranitar|1\n|-damage|p1a: Incineroar|78/100\n|-damage|p1b: Tyranitar|82/100\n|move|p1a: Incineroar|Parting Shot|p2b: Heliolisk\n|-unboost|p2b: Heliolisk|atk|1\n|-unboost|p2b: Heliolisk|spa|1\n|\n|t:|1776276819\n|switch|p1a: Primarina|Primarina, L50, F|100/100|[from] Parting Shot\n|move|p2b: Heliolisk|Volt Switch|p1a: Primarina\n|-supereffective|p1a: Primarina|1\n|-damage|p1a: Primarina|54/100\n|\n|t:|1776276854\n|switch|p2b: Meowscarada|Meowscarada, L50, F|100/100|[from] Volt Switch\n|\n|-weather|Sandstorm|[upkeep]\n|-damage|p2a: Torkoal|94/100|[from] Sandstorm\n|-damage|p1a: Primarina|48/100|[from] Sandstorm\n|-damage|p2b: Meowscarada|95/100|[from] Sandstorm\n|upkeep\n|turn|3\n|\n|t:|1776276873\n|detailschange|p1b: Tyranitar|Tyranitar-Mega, L50, M\n|-mega|p1b: Tyranitar|Tyranitar|Tyranitarite\n|move|p2a: Torkoal|Eruption|p1a: Primarina|[spread] p1a,p1b\n|-resisted|p1a: Primarina|1\n|-resisted|p1b: Tyranitar|1\n|-damage|p1a: Primarina|26/100\n|-damage|p1b: Tyranitar|68/100\n|move|p1a: Primarina|Moonblast|p2b: Meowscarada\n|-supereffective|p2b: Meowscarada|1\n|-damage|p2b: Meowscarada|0 fnt\n|faint|p2b: Meowscarada\n|move|p1b: Tyranitar|Rock Slide|p2a: Torkoal\n|-supereffective|p2a: Torkoal|1\n|-damage|p2a: Torkoal|19/100\n|\n|-weather|Sandstorm|[upkeep]\n|-damage|p2a: Torkoal|12/100|[from] Sandstorm\n|-damage|p1a: Primarina|20/100|[from] Sandstorm\n|upkeep\n|\n|t:|1776276901\n|switch|p2b: Heliolisk|Heliolisk, L50, M|55/100\n|turn|4\n|\n|t:|1776276914\n|move|p2a: Torkoal|Protect|p2a: Torkoal\n|-singleturn|p2a: Torkoal|Protect\n|move|p1b: Tyranitar|Protect|p1b: Tyranitar\n|-singleturn|p1b: Tyranitar|Protect\n|move|p1a: Primarina|Hyper Voice|p2b: Heliolisk|[spread] p2b\n|-activate|p2a: Torkoal|move: Protect\n|-damage|p2b: Heliolisk|0 fnt\n|faint|p2b: Heliolisk\n|\n|-weather|Sandstorm|[upkeep]\n|-damage|p2a: Torkoal|6/100|[from] Sandstorm\n|-damage|p1a: Primarina|14/100|[from] Sandstorm\n|upkeep\n|\n|t:|1776276925\n|switch|p2b: Delphox|Delphox, L50, F|100/100\n|turn|5\n|\n|t:|1776276931\n|move|p2a: Torkoal|Protect||[still]\n|-fail|p2a: Torkoal\n|move|p2b: Delphox|Protect|p2b: Delphox\n|-singleturn|p2b: Delphox|Protect\n|move|p1a: Primarina|Hyper Voice|p2b: Delphox|[spread] p2a\n|-activate|p2b: Delphox|move: Protect\n|-supereffective|p2a: Torkoal|1\n|-damage|p2a: Torkoal|0 fnt\n|faint|p2a: Torkoal\n|move|p1b: Tyranitar|Knock Off|p2b: Delphox\n|-activate|p2b: Delphox|move: Protect\n|\n|-weather|Sandstorm|[upkeep]\n|-damage|p1a: Primarina|9/100|[from] Sandstorm\n|-damage|p2b: Delphox|95/100|[from] Sandstorm\n|-fieldend|move: Trick Room\n|upkeep\n|turn|6\n|-message|MSAtlos forfeited.\n|\n|win|JoJoASM\n|raw|JoJoASM's rating: 1000 &rarr; <strong>1040</strong><br />(+40 for winning)\n|raw|MSAtlos's rating: 1000 &rarr; <strong>1000</strong><br />(+0 for losing)\n",
  "uploadtime": 1776276937,
  "views": 13,
  "formatid": "gen9championsvgc2026regma",
  "rating": 1000,
  "private": 0,
  "password": null
}