{
  "id": "gen9championsvgc2026regma-2585310672",
  "format": "[Gen 9 Champions] VGC 2026 Reg M-A",
  "players": [
    "Big thud fan",
    "Stitch Rue"
  ],
  "log": "|j|\u2606Big thud fan\n|j|\u2606Stitch Rue\n|t:|1776336475\n|gametype|doubles\n|player|p1|Big thud fan|chili|1050\n|player|p2|Stitch Rue|2|1000\n|gen|9\n|tier|[Gen 9 Champions] VGC 2026 Reg M-A\n|rated|\n|rule|Species Clause: Limit one of each Pok\u00e9mon\n|rule|Item Clause: Limit 1 of each item\n|clearpoke\n|poke|p1|Kingambit, L50, M|\n|poke|p1|Zoroark-Hisui, L50, F|\n|poke|p1|Froslass, L50, F|\n|poke|p1|Beartic, L50, F|\n|poke|p1|Primarina, L50, M|\n|poke|p1|Sneasler, L50, M|\n|poke|p2|Slowking, L50, F|\n|poke|p2|Incineroar, L50, M|\n|poke|p2|Crabominable, L50, M|\n|poke|p2|Hatterene, L50, F|\n|poke|p2|Tsareena, L50, F|\n|poke|p2|Camerupt, L50, M|\n|teampreview|4\nStitch Rue has agreed to open team sheets.\n|\n|t:|1776336518\n|teamsize|p1|4\n|teamsize|p2|4\n|start\n|switch|p1a: Sneasler|Sneasler, L50, M|100/100\n|switch|p1b: Primarina|Primarina, L50, M|100/100\n|switch|p2a: Slowking|Slowking, L50, F|100/100\n|switch|p2b: Tsareena|Tsareena, L50, F|100/100\n|turn|1\n|\n|t:|1776336539\n|move|p1b: Primarina|Energy Ball|p2a: Slowking\n|-supereffective|p2a: Slowking|1\n|-crit|p2a: Slowking\n|-damage|p2a: Slowking|33/100\n|move|p1a: Sneasler|Shadow Ball|p2a: Slowking\n|-supereffective|p2a: Slowking|1\n|-damage|p2a: Slowking|0 fnt\n|faint|p2a: Slowking\n|move|p2b: Tsareena|Power Whip|p1b: Primarina|[miss]\n|-miss|p2b: Tsareena|p1b: Primarina\n|\n|upkeep\n|\n|t:|1776336547\n|switch|p2a: Incineroar|Incineroar, L50, M|100/100\n|-ability|p2a: Incineroar|Intimidate|boost\n|-unboost|p1a: Sneasler|atk|1\n|-unboost|p1b: Primarina|atk|1\n|turn|2\n|\n|t:|1776336559\n|switch|p1b: Sneasler|Sneasler, L50, M|100/100\n|move|p2a: Incineroar|Fake Out|p1a: Sneasler\n|-immune|p1a: Sneasler\n|move|p1a: Sneasler|Hyper Voice|p2b: Tsareena|[spread] p2a,p2b\n|-damage|p2a: Incineroar|70/100\n|-damage|p2b: Tsareena|63/100\n|move|p2b: Tsareena|Power Whip|p1b: Sneasler\n|-resisted|p1b: Sneasler|1\n|-damage|p1b: Sneasler|44/100\n|\n|upkeep\n|turn|3\n|c|\u2606Stitch Rue|okay this nothing like champs\n|\n|t:|1776336583\n|move|p1a: Sneasler|Flamethrower|p2b: Tsareena\n|-supereffective|p2b: Tsareena|1\n|-enditem|p2b: Tsareena|Occa Berry|[eat]\n|-enditem|p2b: Tsareena|Occa Berry|[weaken]\n|-damage|p2b: Tsareena|31/100\n|move|p1b: Sneasler|Close Combat|p2a: Incineroar\n|-supereffective|p2a: Incineroar|1\n|-damage|p2a: Incineroar|0 fnt\n|-unboost|p1b: Sneasler|def|1\n|-unboost|p1b: Sneasler|spd|1\n|faint|p2a: Incineroar\n|-enditem|p1b: Sneasler|White Herb\n|-clearnegativeboost|p1b: Sneasler|[silent]\n|move|p2b: Tsareena|Knock Off|p1b: Sneasler\n|-resisted|p1b: Sneasler|1\n|-damage|p1b: Sneasler|24/100\n|\n|upkeep\n|\n|t:|1776336587\n|switch|p2a: Crabominable|Crabominable, L50, M|100/100\n|turn|4\n|c|\u2606Big thud fan|Lol\n|\n|t:|1776336615\n|detailschange|p2a: Crabominable|Crabominable-Mega, L50, M\n|-mega|p2a: Crabominable|Crabominable|Crabominite\n|move|p1b: Sneasler|Dire Claw|p2b: Tsareena\n|-supereffective|p2b: Tsareena|1\n|-damage|p2b: Tsareena|0 fnt\n|faint|p2b: Tsareena\n|move|p1a: Sneasler|Flamethrower|p2a: Crabominable\n|-supereffective|p2a: Crabominable|1\n|-damage|p2a: Crabominable|55/100\n|move|p2a: Crabominable|Ice Hammer|p1a: Sneasler\n|-enditem|p1a: Sneasler|Focus Sash\n|-damage|p1a: Sneasler|1/100\n|-unboost|p2a: Crabominable|spe|1\n|replace|p1a: Zoroark|Zoroark-Hisui, L50, F\n|-end|p1a: Zoroark|Illusion\n|\n|upkeep\n|turn|5\n|-message|Stitch Rue forfeited.\n|\n|win|Big thud fan\n|raw|Big thud fan's rating: 1050 &rarr; <strong>1078</strong><br />(+28 for winning)\n|raw|Stitch Rue's rating: 1000 &rarr; <strong>1000</strong><br />(+0 for losing)\n|l|\u2606Stitch Rue\n|player|p2|\n",
  "uploadtime": 1776336634,
  "views": 19,
  "formatid": "gen9championsvgc2026regma",
  "rating": 1000,
  "private": 0,
  "password": null
}