{
  "id": "gen9championsvgc2026regma-2587927870",
  "format": "[Gen 9 Champions] VGC 2026 Reg M-A",
  "players": [
    "Francreas",
    "PokeMasterEN"
  ],
  "log": "|j|\u2606Francreas\n|j|\u2606PokeMasterEN\n|t:|1776580284\n|gametype|doubles\n|player|p1|Francreas|skier|1078\n|player|p2|PokeMasterEN|firebreather|1085\n|gen|9\n|tier|[Gen 9 Champions] VGC 2026 Reg M-A\n|rated|\n|rule|Species Clause: Limit one of each Pok\u00e9mon\n|rule|Item Clause: Limit 1 of each item\n|clearpoke\n|poke|p1|Kommo-o, L50, F, shiny|\n|poke|p1|Incineroar, L50, F|\n|poke|p1|Politoed, L50, F|\n|poke|p1|Sinistcha, L50|\n|poke|p1|Mamoswine, L50, M|\n|poke|p1|Gengar, L50, M, shiny|\n|poke|p2|Charizard, L50, M, shiny|\n|poke|p2|Venusaur, L50, M|\n|poke|p2|Garchomp, L50, M|\n|poke|p2|Rotom-Wash, L50|\n|poke|p2|Sneasler, L50, F|\n|poke|p2|Incineroar, L50, F|\n|teampreview|4\n|inactive|Battle timer is ON: inactive players will automatically lose when time's up. (requested by Francreas)\n|inactive|PokeMasterEN also wants the timer to be on.\nFrancreas has agreed to open team sheets.\n|\n|t:|1776580314\n|teamsize|p1|4\n|teamsize|p2|4\n|start\n|switch|p1a: Incineroar|Incineroar, L50, F|100/100\n|switch|p1b: Gengar|Gengar, L50, M, shiny|100/100\n|switch|p2a: You Better Protect|Charizard, L50, M, shiny|100/100\n|switch|p2b: God|Incineroar, L50, F|100/100\n|-ability|p1a: Incineroar|Intimidate|boost\n|-unboost|p2a: You Better Protect|atk|1\n|-unboost|p2b: God|atk|1\n|-ability|p2b: God|Intimidate|boost\n|-unboost|p1a: Incineroar|atk|1\n|-unboost|p1b: Gengar|atk|1\n|turn|1\n|\n|t:|1776580336\n|detailschange|p1b: Gengar|Gengar-Mega, L50, M, shiny\n|-mega|p1b: Gengar|Gengar|Gengarite\n|move|p2a: You Better Protect|Protect|p2a: You Better Protect\n|-singleturn|p2a: You Better Protect|Protect\n|move|p1a: Incineroar|Fake Out|p2a: You Better Protect\n|-activate|p2a: You Better Protect|move: Protect\n|move|p1b: Gengar|Perish Song|p1b: Gengar\n|-start|p1a: Incineroar|perish3|[silent]\n|-start|p1b: Gengar|perish3|[silent]\n|-start|p2a: You Better Protect|perish3|[silent]\n|-start|p2b: God|perish3|[silent]\n|-fieldactivate|move: Perish Song\n|move|p2b: God|Darkest Lariat|p1b: Gengar\n|-supereffective|p1b: Gengar|1\n|-damage|p1b: Gengar|33/100\n|\n|-start|p1b: Gengar|perish3\n|-start|p2a: You Better Protect|perish3\n|-start|p1a: Incineroar|perish3\n|-start|p2b: God|perish3\n|upkeep\n|turn|2\n|inactive|Francreas has 30 seconds left.\n|\n|t:|1776580362\n|detailschange|p2a: You Better Protect|Charizard-Mega-Y, L50, M, shiny\n|-mega|p2a: You Better Protect|Charizard|Charizardite Y\n|-weather|SunnyDay|[from] ability: Drought|[of] p2a: You Better Protect\n|move|p1b: Gengar|Protect|p1b: Gengar\n|-singleturn|p1b: Gengar|Protect\n|move|p2a: You Better Protect|Heat Wave|p1a: Incineroar|[spread] \n|-activate|p1b: Gengar|move: Protect\n|-miss|p2a: You Better Protect|p1a: Incineroar\n|move|p1a: Incineroar|Throat Chop|p2b: God\n|-resisted|p2b: God|1\n|-damage|p2b: God|92/100\n|-start|p2b: God|Throat Chop|[silent]\n|cant|p2b: God|move: Throat Chop\n|\n|-weather|SunnyDay|[upkeep]\n|-start|p1b: Gengar|perish2\n|-start|p2a: You Better Protect|perish2\n|-start|p1a: Incineroar|perish2\n|-start|p2b: God|perish2\n|upkeep\n|turn|3\n|\n|t:|1776580385\n|switch|p1b: Politoed|Politoed, L50, F|100/100\n|-weather|RainDance|[from] ability: Drizzle|[of] p1b: Politoed\n|move|p2a: You Better Protect|Heat Wave|p1a: Incineroar|[spread] p1a,p1b\n|-resisted|p1a: Incineroar|1\n|-crit|p1a: Incineroar\n|-resisted|p1b: Politoed|1\n|-damage|p1a: Incineroar|88/100\n|-damage|p1b: Politoed|92/100\n|-status|p1b: Politoed|brn\n|move|p1a: Incineroar|Parting Shot|p2b: God\n|-unboost|p2b: God|atk|1\n|-unboost|p2b: God|spa|1\n|\n|t:|1776580397\n|switch|p1a: Gengar|Gengar-Mega, L50, M, shiny|33/100|[from] Parting Shot\n|move|p2b: God|Darkest Lariat|p1b: Politoed\n|-damage|p1b: Politoed|75/100 brn\n|\n|-weather|RainDance|[upkeep]\n|-damage|p1b: Politoed|69/100 brn|[from] brn\n|-end|p2b: God|Throat Chop|[silent]\n|-start|p2a: You Better Protect|perish1\n|-start|p2b: God|perish1\n|upkeep\n|turn|4\n|\n|t:|1776580421\n|move|p1a: Gengar|Protect|p1a: Gengar\n|-singleturn|p1a: Gengar|Protect\n|move|p1b: Politoed|Protect|p1b: Politoed\n|-singleturn|p1b: Politoed|Protect\n|move|p2a: You Better Protect|Weather Ball|p1b: Politoed\n|-activate|p1b: Politoed|move: Protect\n|move|p2b: God|Flare Blitz|p1b: Politoed\n|-activate|p1b: Politoed|move: Protect\n|\n|-weather|RainDance|[upkeep]\n|-damage|p1b: Politoed|63/100 brn|[from] brn\n|-start|p2a: You Better Protect|perish0\n|-start|p2b: God|perish0\n|faint|p2a: You Better Protect\n|faint|p2b: God\n|upkeep\n|\n|t:|1776580427\n|switch|p2a: *foams at mouth*|Rotom-Wash, L50|100/100\n|switch|p2b: Zzz|Venusaur, L50, M|100/100\n|turn|5\n|inactive|Francreas has 30 seconds left.\n|\n|t:|1776580457\n|switch|p1b: Incineroar|Incineroar, L50, F|88/100\n|-ability|p1b: Incineroar|Intimidate|boost\n|-unboost|p2a: *foams at mouth*|atk|1\n|-unboost|p2b: Zzz|atk|1\n|move|p1a: Gengar|Perish Song|p1a: Gengar\n|-start|p1a: Gengar|perish3|[silent]\n|-start|p1b: Incineroar|perish3|[silent]\n|-start|p2a: *foams at mouth*|perish3|[silent]\n|-start|p2b: Zzz|perish3|[silent]\n|-fieldactivate|move: Perish Song\n|move|p2b: Zzz|Sludge Bomb|p1a: Gengar\n|-resisted|p1a: Gengar|2\n|-damage|p1a: Gengar|24/100\n|move|p2a: *foams at mouth*|Thunderbolt|p1a: Gengar\n|-damage|p1a: Gengar|0 fnt\n|faint|p1a: Gengar\n|\n|-weather|RainDance|[upkeep]\n|-start|p2b: Zzz|perish3\n|-start|p2a: *foams at mouth*|perish3\n|-start|p1b: Incineroar|perish3\n|upkeep\n|\n|t:|1776580475\n|switch|p1a: Politoed|Politoed, L50, F|63/100 brn\n|turn|6\n|-message|PokeMasterEN forfeited.\n|\n|win|Francreas\n|raw|Francreas's rating: 1078 &rarr; <strong>1107</strong><br />(+29 for winning)\n|raw|PokeMasterEN's rating: 1085 &rarr; <strong>1062</strong><br />(-23 for losing)\n|l|\u2606PokeMasterEN\n|player|p2|\n",
  "uploadtime": 1776580480,
  "views": 15,
  "formatid": "gen9championsvgc2026regma",
  "rating": 1062,
  "private": 0,
  "password": null
}