{
  "id": "gen9championsvgc2026regma-2582909213",
  "format": "[Gen 9 Champions] VGC 2026 Reg M-A",
  "players": [
    "ssock",
    "anonymous_snorlax"
  ],
  "log": "|j|\u2606ssock\n|j|\u2606anonymous_snorlax\n|t:|1776124085\n|gametype|doubles\n|player|p1|ssock|265|1129\n|player|p2|anonymous_snorlax|265|1129\n|gen|9\n|tier|[Gen 9 Champions] VGC 2026 Reg M-A\n|rated|\n|rule|Species Clause: Limit one of each Pok\u00e9mon\n|rule|Item Clause: Limit 1 of each item\n|clearpoke\n|poke|p1|Drampa, L50, F|\n|poke|p1|Alakazam, L50, F|\n|poke|p1|Sinistcha, L50|\n|poke|p1|Pelipper, L50, M|\n|poke|p1|Basculegion, L50, M|\n|poke|p1|Aggron, L50, F|\n|poke|p2|Snorlax, L50, F|\n|poke|p2|Clefable, L50, M|\n|poke|p2|Rotom-Wash, L50|\n|poke|p2|Incineroar, L50, F|\n|poke|p2|Sinistcha, L50|\n|poke|p2|Sneasler, L50, M|\n|teampreview|4\n|inactive|Battle timer is ON: inactive players will automatically lose when time's up. (requested by anonymous_snorlax)\n|inactive|ssock also wants the timer to be on.\n|inactive|anonymous_snorlax has 60 seconds left.\n|\n|t:|1776124123\n|teamsize|p1|4\n|teamsize|p2|4\n|start\n|switch|p1a: Drampa|Drampa, L50, F|100/100\n|switch|p1b: Sinistcha|Sinistcha, L50|100/100\n|switch|p2a: Snorlax|Snorlax, L50, F|100/100\n|switch|p2b: Sinistcha|Sinistcha, L50|100/100\n|turn|1\n|inactive|ssock has 30 seconds left.\n|inactive|ssock has 20 seconds left.\n|inactive|ssock has 15 seconds left.\n|inactive|ssock has 10 seconds left.\n|inactive|ssock has 5 seconds left.\n|\n|t:|1776124176\n|move|p2b: Sinistcha|Rage Powder|p2b: Sinistcha\n|-singleturn|p2b: Sinistcha|move: Rage Powder\n|move|p1a: Drampa|Calm Mind|p1a: Drampa\n|-boost|p1a: Drampa|spa|1\n|-boost|p1a: Drampa|spd|1\n|move|p2a: Snorlax|Belly Drum|p2a: Snorlax\n|-damage|p2a: Snorlax|50/100\n|-setboost|p2a: Snorlax|atk|6|[from] move: Belly Drum\n|-enditem|p2a: Snorlax|Sitrus Berry|[eat]\n|-heal|p2a: Snorlax|75/100|[from] item: Sitrus Berry\n|move|p1b: Sinistcha|Trick Room|p1b: Sinistcha\n|-fieldstart|move: Trick Room|[of] p1b: Sinistcha\n|\n|upkeep\n|turn|2\n|inactive|anonymous_snorlax has 30 seconds left.\n|\n|t:|1776124202\n|detailschange|p1a: Drampa|Drampa-Mega, L50, F\n|-mega|p1a: Drampa|Drampa|Drampanite\n|move|p2b: Sinistcha|Rage Powder|p2b: Sinistcha\n|-singleturn|p2b: Sinistcha|move: Rage Powder\n|move|p1a: Drampa|Earth Power|p2b: Sinistcha\n|-resisted|p2b: Sinistcha|1\n|-damage|p2b: Sinistcha|72/100\n|move|p2a: Snorlax|Earthquake|p1b: Sinistcha|[spread] p2b,p1a,p1b\n|-resisted|p2b: Sinistcha|1\n|-resisted|p1b: Sinistcha|1\n|-damage|p2b: Sinistcha|37/100\n|-damage|p1a: Drampa|25/100\n|-damage|p1b: Sinistcha|72/100\n|-ability|p1a: Drampa|Berserk|boost\n|-boost|p1a: Drampa|spa|1\n|move|p1b: Sinistcha|Matcha Gotcha|p2b: Sinistcha|[spread] p2a,p2b\n|-resisted|p2b: Sinistcha|1\n|-damage|p2a: Snorlax|61/100\n|-heal|p1b: Sinistcha|84/100|[from] drain|[of] p2a: Snorlax\n|-damage|p2b: Sinistcha|26/100\n|-heal|p1b: Sinistcha|89/100|[from] drain|[of] p2b: Sinistcha\n|\n|upkeep\n|turn|3\n|inactive|ssock has 30 seconds left.\n|inactive|anonymous_snorlax has 30 seconds left.\n|inactive|ssock has 20 seconds left.\n|inactive|ssock has 15 seconds left.\n|\n|t:|1776124247\n|move|p2b: Sinistcha|Rage Powder|p2b: Sinistcha\n|-singleturn|p2b: Sinistcha|move: Rage Powder\n|move|p1a: Drampa|Earth Power|p2b: Sinistcha\n|-resisted|p2b: Sinistcha|1\n|-damage|p2b: Sinistcha|0 fnt\n|faint|p2b: Sinistcha\n|move|p2a: Snorlax|Facade|p1a: Drampa\n|-damage|p1a: Drampa|0 fnt\n|faint|p1a: Drampa\n|move|p1b: Sinistcha|Life Dew|p1b: Sinistcha\n|-heal|p1b: Sinistcha|100/100\n|\n|upkeep\n|\n|t:|1776124258\n|switch|p1a: Aggron|Aggron, L50, F|100/100\n|switch|p2b: Clefable|Clefable, L50, M|100/100\n|turn|4\n|inactive|ssock has 30 seconds left.\n|inactive|ssock has 20 seconds left.\n|inactive|ssock has 15 seconds left.\n|inactive|ssock has 10 seconds left.\n|\n|t:|1776124305\n|detailschange|p2b: Clefable|Clefable-Mega, L50, M\n|-mega|p2b: Clefable|Clefable|Clefablite\n|move|p2b: Clefable|Follow Me|p2b: Clefable\n|-singleturn|p2b: Clefable|move: Follow Me\n|move|p2a: Snorlax|Earthquake|p1a: Aggron|[spread] p1a,p1b\n|-immune|p2b: Clefable\n|-supereffective|p1a: Aggron|2\n|-resisted|p1b: Sinistcha|1\n|-ability|p1a: Aggron|Sturdy\n|-damage|p1a: Aggron|1/100\n|-damage|p1b: Sinistcha|70/100\n|move|p1a: Aggron|Iron Head|p2b: Clefable\n|-supereffective|p2b: Clefable|1\n|-damage|p2b: Clefable|58/100\n|move|p1b: Sinistcha|Matcha Gotcha|p2b: Clefable|[spread] p2a,p2b\n|-resisted|p2b: Clefable|1\n|-damage|p2a: Snorlax|46/100\n|-heal|p1b: Sinistcha|81/100|[from] drain|[of] p2a: Snorlax\n|-damage|p2b: Clefable|48/100\n|-heal|p1b: Sinistcha|86/100|[from] drain|[of] p2b: Clefable\n|\n|upkeep\n|turn|5\n|inactive|ssock has 30 seconds left.\n|\n|t:|1776124331\n|move|p1a: Aggron|Protect|p1a: Aggron\n|-singleturn|p1a: Aggron|Protect\n|move|p2a: Snorlax|Earthquake|p1b: Sinistcha|[spread] p1b\n|-activate|p1a: Aggron|move: Protect\n|-immune|p2b: Clefable\n|-resisted|p1b: Sinistcha|1\n|-damage|p1b: Sinistcha|55/100\n|move|p1b: Sinistcha|Matcha Gotcha|p2a: Snorlax|[spread] p2a,p2b\n|-crit|p2a: Snorlax\n|-resisted|p2b: Clefable|1\n|-damage|p2a: Snorlax|20/100\n|-heal|p1b: Sinistcha|74/100|[from] drain|[of] p2a: Snorlax\n|-damage|p2b: Clefable|38/100\n|-heal|p1b: Sinistcha|80/100|[from] drain|[of] p2b: Clefable\n|-status|p2b: Clefable|brn\n|move|p2b: Clefable|Life Dew|p2b: Clefable|[spread] p2a,p2b\n|-heal|p2a: Snorlax|46/100\n|-heal|p2b: Clefable|63/100 brn\n|\n|-damage|p2b: Clefable|57/100 brn|[from] brn\n|-fieldend|move: Trick Room\n|upkeep\n|turn|6\n|inactive|anonymous_snorlax has 30 seconds left.\n|\n|t:|1776124362\n|move|p2b: Clefable|Follow Me|p2b: Clefable\n|-singleturn|p2b: Clefable|move: Follow Me\n|move|p1b: Sinistcha|Life Dew|p1b: Sinistcha|[spread] p1a,p1b\n|-heal|p1a: Aggron|26/100\n|-heal|p1b: Sinistcha|100/100\n|move|p1a: Aggron|Body Press|p2b: Clefable\n|-resisted|p2b: Clefable|2\n|-damage|p2b: Clefable|50/100 brn\n|move|p2a: Snorlax|Earthquake|p1a: Aggron|[spread] p1a,p1b\n|-immune|p2b: Clefable\n|-supereffective|p1a: Aggron|2\n|-resisted|p1b: Sinistcha|1\n|-damage|p1a: Aggron|0 fnt\n|-damage|p1b: Sinistcha|70/100\n|faint|p1a: Aggron\n|\n|-damage|p2b: Clefable|45/100 brn|[from] brn\n|upkeep\n|\n|t:|1776124367\n|switch|p1a: Basculegion|Basculegion, L50, M|100/100\n|turn|7\n|\n|t:|1776124377\n|move|p2b: Clefable|Follow Me|p2b: Clefable\n|-singleturn|p2b: Clefable|move: Follow Me\n|move|p1a: Basculegion|Wave Crash|p2b: Clefable\n|-damage|p2b: Clefable|0 fnt\n|faint|p2b: Clefable\n|-damage|p1a: Basculegion|86/100|[from] Recoil\n|move|p1b: Sinistcha|Matcha Gotcha|p2a: Snorlax|[miss]\n|-miss|p1b: Sinistcha|p2a: Snorlax\n|move|p2a: Snorlax|Earthquake|p1b: Sinistcha|[spread] p1a,p1b\n|-resisted|p1b: Sinistcha|1\n|-damage|p1a: Basculegion|0 fnt\n|-damage|p1b: Sinistcha|39/100\n|-enditem|p1b: Sinistcha|Sitrus Berry|[eat]\n|-heal|p1b: Sinistcha|64/100|[from] item: Sitrus Berry\n|faint|p1a: Basculegion\n|\n|upkeep\n|\n|t:|1776124389\n|switch|p2b: Sneasler|Sneasler, L50, M|100/100\n|turn|8\n|l|\u2606ssock\n|inactive|ssock disconnected and has a minute to reconnect!\n|player|p1|\n|inactive|ssock has 30 seconds left.\n|inactive|ssock has 20 seconds left.\n|inactive|ssock has 15 seconds left.\n|inactive|ssock has 10 seconds left.\n|j|\u2606ssock\n|inactive|ssock reconnected and has 10 seconds left.\n|player|p1|ssock|265|\n|inactive|ssock has 5 seconds left.\n|-message|ssock forfeited.\n|\n|win|anonymous_snorlax\n|raw|ssock's rating: 1106 &rarr; <strong>1083</strong><br />(-23 for losing)\n|raw|anonymous_snorlax's rating: 1129 &rarr; <strong>1152</strong><br />(+23 for winning)\n",
  "uploadtime": 1776124442,
  "views": 18,
  "formatid": "gen9championsvgc2026regma",
  "rating": 1083,
  "private": 0,
  "password": null
}