{
  "id": "gen9championsvgc2026regma-2581305046",
  "format": "[Gen 9 Champions] VGC 2026 Reg M-A",
  "players": [
    "Mast0don",
    "chikoranium"
  ],
  "log": "|j|\u2606Mast0don\n|j|\u2606chikoranium\n|t:|1775984094\n|gametype|doubles\n|player|p1|Mast0don|drayden|1255\n|player|p2|chikoranium|265|1337\n|gen|9\n|tier|[Gen 9 Champions] VGC 2026 Reg M-A\n|rated|\n|rule|Species Clause: Limit one of each Pok\u00e9mon\n|rule|Item Clause: Limit 1 of each item\n|clearpoke\n|poke|p1|Dragonite, L50, F|\n|poke|p1|Kingambit, L50, M|\n|poke|p1|Basculegion, L50, M|\n|poke|p1|Sneasler, L50, M|\n|poke|p1|Clefable, L50, M|\n|poke|p1|Delphox, L50, M|\n|poke|p2|Basculegion, L50, M|\n|poke|p2|Manectric, L50, F|\n|poke|p2|Incineroar, L50, F|\n|poke|p2|Sneasler, L50, M|\n|poke|p2|Kleavor, L50, M|\n|poke|p2|Skarmory, L50, F|\n|teampreview|4\n|inactive|Battle timer is ON: inactive players will automatically lose when time's up. (requested by chikoranium)\n|inactive|Mast0don also wants the timer to be on.\n|j| gE1xjZRtuhW2DdT0AK\n|inactive|Mast0don has 60 seconds left.\n|inactive|chikoranium has 60 seconds left.\n|inactive|Mast0don has 30 seconds left.\n|inactive|chikoranium has 30 seconds left.\n|inactive|Mast0don has 20 seconds left.\n|\n|t:|1775984165\n|teamsize|p1|4\n|teamsize|p2|4\n|start\n|switch|p1a: Sneasler|Sneasler, L50, M|100/100\n|switch|p1b: Delphox|Delphox, L50, M|100/100\n|switch|p2a: Basculegion|Basculegion, L50, M|100/100\n|switch|p2b: Sneasler|Sneasler, L50, M|100/100\n|turn|1\n|\n|t:|1775984186\n|move|p1b: Delphox|Protect|p1b: Delphox\n|-singleturn|p1b: Delphox|Protect\n|move|p1a: Sneasler|Fake Out|p2b: Sneasler\n|-crit|p2b: Sneasler\n|-damage|p2b: Sneasler|64/100\n|cant|p2b: Sneasler|flinch\n|move|p2a: Basculegion|Wave Crash|p1b: Delphox\n|-activate|p1b: Delphox|move: Protect\n|\n|upkeep\n|turn|2\n|inactive|Mast0don has 30 seconds left.\n|inactive|chikoranium has 30 seconds left.\n|inactive|Mast0don has 20 seconds left.\n|\n|t:|1775984229\n|switch|p2b: Kleavor|Kleavor, L50, M|100/100\n|switch|p1b: Basculegion|Basculegion, L50, M|100/100\n|move|p2a: Basculegion|Wave Crash|p1a: Sneasler\n|-enditem|p1a: Sneasler|Focus Sash\n|-damage|p1a: Sneasler|1/100\n|-damage|p2a: Basculegion|75/100|[from] Recoil\n|move|p1a: Sneasler|Close Combat|p2b: Kleavor\n|-damage|p2b: Kleavor|36/100\n|-unboost|p1a: Sneasler|def|1\n|-unboost|p1a: Sneasler|spd|1\n|\n|upkeep\n|turn|3\n|inactive|Mast0don has 30 seconds left.\n|inactive|chikoranium has 30 seconds left.\n|inactive|Mast0don has 20 seconds left.\n|inactive|Mast0don has 15 seconds left.\n|inactive|Mast0don has 10 seconds left.\n|inactive|Mast0don has 5 seconds left.\n|\n|t:|1775984279\n|switch|p2a: Skarmory|Skarmory, L50, F|100/100\n|move|p1a: Sneasler|Close Combat|p2b: Kleavor\n|-damage|p2b: Kleavor|0 fnt\n|-unboost|p1a: Sneasler|def|1\n|-unboost|p1a: Sneasler|spd|1\n|faint|p2b: Kleavor\n|move|p1b: Basculegion|Flip Turn|p2a: Skarmory\n|-damage|p2a: Skarmory|60/100\n|\n|t:|1775984300\n|switch|p1b: Kingambit|Kingambit, L50, M|100/100|[from] Flip Turn\n|\n|upkeep\n|\n|t:|1775984307\n|switch|p2b: Basculegion|Basculegion, L50, M|75/100\n|turn|4\n|\n|t:|1775984319\n|detailschange|p2a: Skarmory|Skarmory-Mega, L50, F\n|-mega|p2a: Skarmory|Skarmory|Skarmorite\n|move|p2b: Basculegion|Aqua Jet|p1a: Sneasler\n|-damage|p1a: Sneasler|0 fnt\n|faint|p1a: Sneasler\n|move|p1b: Kingambit|Sucker Punch||[still]\n|-fail|p1b: Kingambit\n|move|p2a: Skarmory|Body Press|p1b: Kingambit\n|-supereffective|p1b: Kingambit|2\n|-enditem|p1b: Kingambit|Chople Berry|[eat]\n|-enditem|p1b: Kingambit|Chople Berry|[weaken]\n|-damage|p1b: Kingambit|69/100\n|\n|upkeep\n|inactive|Mast0don has 30 seconds left.\n|\n|t:|1775984344\n|switch|p1a: Delphox|Delphox, L50, M|100/100\n|turn|5\n|\n|t:|1775984366\n|switch|p2b: Sneasler|Sneasler, L50, M|64/100\n|switch|p1b: Basculegion|Basculegion, L50, M|100/100\n|detailschange|p1a: Delphox|Delphox-Mega, L50, M\n|-mega|p1a: Delphox|Delphox|Delphoxite\n|move|p1a: Delphox|Heat Wave|p2a: Skarmory|[spread] p2a,p2b\n|-supereffective|p2a: Skarmory|1\n|-damage|p2a: Skarmory|0 fnt\n|-damage|p2b: Sneasler|3/100\n|faint|p2a: Skarmory\n|\n|upkeep\n|\n|t:|1775984375\n|switch|p2a: Basculegion|Basculegion, L50, M|75/100\n|turn|6\n|\n|t:|1775984389\n|move|p1a: Delphox|Protect|p1a: Delphox\n|-singleturn|p1a: Delphox|Protect\n|move|p2a: Basculegion|Last Respects|p1b: Basculegion\n|-supereffective|p1b: Basculegion|1\n|-damage|p1b: Basculegion|0 fnt\n|faint|p1b: Basculegion\n|move|p2b: Sneasler|Close Combat|p1a: Delphox\n|-activate|p1a: Delphox|move: Protect\n|\n|upkeep\n|\n|t:|1775984398\n|switch|p1b: Kingambit|Kingambit, L50, M|69/100\n|turn|7\n|\n|t:|1775984406\n|move|p1b: Kingambit|Sucker Punch|p2a: Basculegion\n|-supereffective|p2a: Basculegion|1\n|-damage|p2a: Basculegion|0 fnt\n|faint|p2a: Basculegion\n|move|p1a: Delphox|Psyshock|p2b: Sneasler\n|-supereffective|p2b: Sneasler|2\n|-damage|p2b: Sneasler|0 fnt\n|faint|p2b: Sneasler\n|\n|win|Mast0don\n|raw|Mast0don's rating: 1255 &rarr; <strong>1286</strong><br />(+31 for winning)\n|raw|chikoranium's rating: 1337 &rarr; <strong>1312</strong><br />(-25 for losing)\n|l|\u2606chikoranium\n|player|p2|\n|l|\u2606Mast0don\n|player|p1|\n",
  "uploadtime": 1775984525,
  "views": 26,
  "formatid": "gen9championsvgc2026regma",
  "rating": 1286,
  "private": 0,
  "password": null
}