{
  "id": "gen9championsvgc2026regma-2583907157",
  "format": "[Gen 9 Champions] VGC 2026 Reg M-A",
  "players": [
    "Funkle vgc",
    "lawdsky"
  ],
  "log": "|j|\u2606Funkle vgc\n|j|\u2606lawdsky\n|t:|1776207239\n|gametype|doubles\n|player|p1|Funkle vgc|101|1106\n|player|p2|lawdsky|n|1187\n|gen|9\n|tier|[Gen 9 Champions] VGC 2026 Reg M-A\n|rated|\n|rule|Species Clause: Limit one of each Pok\u00e9mon\n|rule|Item Clause: Limit 1 of each item\n|clearpoke\n|poke|p1|Gengar, L50, F|\n|poke|p1|Kommo-o, L50, F|\n|poke|p1|Whimsicott, L50, F|\n|poke|p1|Incineroar, L50, F|\n|poke|p2|Incineroar, L50, F|\n|poke|p2|Delphox, L50, F|\n|poke|p2|Hydreigon, L50, M|\n|poke|p2|Aegislash, L50, F|\n|poke|p2|Garchomp, L50, M|\n|poke|p2|Whimsicott, L50, F|\n|teampreview|4\n|inactive|Battle timer is ON: inactive players will automatically lose when time's up. (requested by lawdsky)\n|\n|t:|1776207260\n|teamsize|p1|4\n|teamsize|p2|4\n|start\n|switch|p1a: Kommo-o|Kommo-o, L50, F|100/100\n|switch|p1b: Incineroar|Incineroar, L50, F|100/100\n|switch|p2a: Garchomp|Garchomp, L50, M|100/100\n|switch|p2b: Hydreigon|Hydreigon, L50, M|100/100\n|-ability|p1b: Incineroar|Intimidate|boost\n|-unboost|p2a: Garchomp|atk|1\n|-unboost|p2b: Hydreigon|atk|1\n|turn|1\n|\n|t:|1776207270\n|move|p1b: Incineroar|Fake Out|p2b: Hydreigon\n|-damage|p2b: Hydreigon|89/100\n|move|p2a: Garchomp|Earthquake|p1b: Incineroar|[spread] p1a,p1b\n|-immune|p2b: Hydreigon|[from] ability: Levitate\n|-supereffective|p1b: Incineroar|1\n|-damage|p1a: Kommo-o|77/100\n|-damage|p1b: Incineroar|61/100\n|cant|p2b: Hydreigon|flinch\n|move|p1a: Kommo-o|Clangorous Soul|p1a: Kommo-o\n|-boost|p1a: Kommo-o|atk|1\n|-boost|p1a: Kommo-o|def|1\n|-boost|p1a: Kommo-o|spa|1\n|-boost|p1a: Kommo-o|spd|1\n|-boost|p1a: Kommo-o|spe|1\n|-damage|p1a: Kommo-o|44/100\n|\n|-heal|p1a: Kommo-o|50/100|[from] item: Leftovers\n|upkeep\n|turn|2\n|\n|t:|1776207286\n|switch|p1b: Whimsicott|Whimsicott, L50, F|100/100\n|move|p1a: Kommo-o|Protect|p1a: Kommo-o\n|-singleturn|p1a: Kommo-o|Protect\n|move|p2a: Garchomp|Earthquake|p1a: Kommo-o|[spread] p1b\n|-activate|p1a: Kommo-o|move: Protect\n|-immune|p2b: Hydreigon|[from] ability: Levitate\n|-resisted|p1b: Whimsicott|1\n|-damage|p1b: Whimsicott|80/100\n|move|p2b: Hydreigon|Draco Meteor|p1a: Kommo-o\n|-activate|p1a: Kommo-o|move: Protect\n|\n|-heal|p1a: Kommo-o|56/100|[from] item: Leftovers\n|upkeep\n|turn|3\n|\n|t:|1776207306\n|switch|p2b: Aegislash|Aegislash, L50, F, shiny|100/100\n|move|p1b: Whimsicott|Tailwind|p1b: Whimsicott\n|-sidestart|p1: Funkle vgc|move: Tailwind\n|move|p1a: Kommo-o|Clanging Scales|p2a: Garchomp|[spread] p2a,p2b\n|-supereffective|p2a: Garchomp|1\n|-resisted|p2b: Aegislash|1\n|-damage|p2a: Garchomp|0 fnt\n|-damage|p2b: Aegislash|84/100\n|faint|p2a: Garchomp\n|-unboost|p1a: Kommo-o|def|1\n|\n|-heal|p1a: Kommo-o|62/100|[from] item: Leftovers\n|-heal|p2b: Aegislash|90/100|[from] item: Leftovers\n|upkeep\n|\n|t:|1776207318\n|switch|p2a: Delphox|Delphox, L50, F|100/100\n|turn|4\n|\n|t:|1776207336\n|detailschange|p2a: Delphox|Delphox-Mega, L50, F\n|-mega|p2a: Delphox|Delphox|Delphoxite\n|move|p2b: Aegislash|Wide Guard|p2b: Aegislash\n|-singleturn|p2b: Aegislash|Wide Guard\n|move|p1b: Whimsicott|Fake Tears|p2b: Aegislash\n|-unboost|p2b: Aegislash|spd|2\n|move|p1a: Kommo-o|Clanging Scales|p2a: Delphox|[spread] \n|-activate|p2a: Delphox|move: Wide Guard\n|-activate|p2b: Aegislash|move: Wide Guard\n|move|p2a: Delphox|Psychic|p1a: Kommo-o\n|-supereffective|p1a: Kommo-o|1\n|-damage|p1a: Kommo-o|0 fnt\n|faint|p1a: Kommo-o\n|\n|-heal|p2b: Aegislash|96/100|[from] item: Leftovers\n|upkeep\n|inactive|Funkle vgc has 30 seconds left.\n|\n|t:|1776207362\n|switch|p1a: Gengar|Gengar, L50, F|100/100\n|turn|5\n|\n|t:|1776207383\n|switch|p1b: Incineroar|Incineroar, L50, F|61/100\n|-ability|p1b: Incineroar|Intimidate|boost\n|-unboost|p2a: Delphox|atk|1\n|-unboost|p2b: Aegislash|atk|1\n|switch|p2b: Hydreigon|Hydreigon, L50, M|89/100\n|detailschange|p1a: Gengar|Gengar-Mega, L50, F\n|-mega|p1a: Gengar|Gengar|Gengarite\n|move|p1a: Gengar|Shadow Ball|p2b: Hydreigon\n|-resisted|p2b: Hydreigon|1\n|-damage|p2b: Hydreigon|58/100\n|move|p2a: Delphox|Psychic|p1a: Gengar\n|-supereffective|p1a: Gengar|1\n|-damage|p1a: Gengar|0 fnt\n|faint|p1a: Gengar\n|\n|upkeep\n|-message|Funkle vgc forfeited.\n|\n|win|lawdsky\n|raw|Funkle vgc's rating: 1106 &rarr; <strong>1087</strong><br />(-19 for losing)\n|raw|lawdsky's rating: 1187 &rarr; <strong>1206</strong><br />(+19 for winning)\n",
  "uploadtime": 1776207399,
  "views": 14,
  "formatid": "gen9championsvgc2026regma",
  "rating": 1087,
  "private": 0,
  "password": null
}