{
  "id": "gen9championsvgc2026regma-2582406202",
  "format": "[Gen 9 Champions] VGC 2026 Reg M-A",
  "players": [
    "toadsamongmen",
    "StrawberryBalloons"
  ],
  "log": "|j|\u2606toadsamongmen\n|j|\u2606StrawberryBalloons\n|t:|1776089586\n|gametype|doubles\n|player|p1|toadsamongmen|swimmerf|1223\n|player|p2|StrawberryBalloons|fisherman-gen4|1311\n|gen|9\n|tier|[Gen 9 Champions] VGC 2026 Reg M-A\n|rated|\n|rule|Species Clause: Limit one of each Pok\u00e9mon\n|rule|Item Clause: Limit 1 of each item\n|clearpoke\n|poke|p1|Aerodactyl, L50, F|\n|poke|p1|Incineroar, L50, M|\n|poke|p1|Rotom-Wash, L50|\n|poke|p1|Basculegion, L50, M|\n|poke|p1|Aegislash, L50, M|\n|poke|p1|Lucario, L50, F|\n|poke|p2|Tinkaton, L50, F|\n|poke|p2|Floette-Eternal, L50, F|\n|poke|p2|Garchomp, L50, M|\n|poke|p2|Gyarados, L50, M|\n|poke|p2|Whimsicott, L50, F|\n|poke|p2|Slowbro-Galar, L50, M|\n|teampreview|4\n|inactive|Battle timer is ON: inactive players will automatically lose when time's up. (requested by StrawberryBalloons)\n|inactive|toadsamongmen also wants the timer to be on.\n|inactive|toadsamongmen has 60 seconds left.\n|\n|t:|1776089621\n|teamsize|p1|4\n|teamsize|p2|4\n|start\n|switch|p1a: Aerodactyl|Aerodactyl, L50, F|100/100\n|switch|p1b: Rotom|Rotom-Wash, L50|100/100\n|switch|p2a: MeowMeow|Tinkaton, L50, F, shiny|100/100\n|switch|p2b: Whimsicott|Whimsicott, L50, F|100/100\n|-ability|p1a: Aerodactyl|Unnerve\n|-ability|p2a: MeowMeow|Mold Breaker\n|turn|1\n|\n|t:|1776089645\n|detailschange|p1a: Aerodactyl|Aerodactyl-Mega, L50, F\n|-mega|p1a: Aerodactyl|Aerodactyl|Aerodactylite\n|move|p2b: Whimsicott|Tailwind|p2b: Whimsicott\n|-sidestart|p2: StrawberryBalloons|move: Tailwind\n|move|p2a: MeowMeow|Gigaton Hammer|p1a: Aerodactyl\n|-supereffective|p1a: Aerodactyl|1\n|-damage|p1a: Aerodactyl|0 fnt\n|faint|p1a: Aerodactyl\n|move|p1b: Rotom|Will-O-Wisp|p2a: MeowMeow\n|-status|p2a: MeowMeow|brn\n|\n|-damage|p2a: MeowMeow|94/100 brn|[from] brn\n|upkeep\n|\n|t:|1776089658\n|switch|p1a: Aegislash|Aegislash, L50, M|100/100\n|turn|2\n|inactive|StrawberryBalloons has 30 seconds left.\n|\n|t:|1776089686\n|move|p2b: Whimsicott|Energy Ball|p1b: Rotom\n|-supereffective|p1b: Rotom|1\n|-damage|p1b: Rotom|0 fnt\n|faint|p1b: Rotom\n|move|p2a: MeowMeow|Play Rough|p1a: Aegislash\n|-resisted|p1a: Aegislash|1\n|-damage|p1a: Aegislash|94/100\n|-formechange|p1a: Aegislash|Aegislash-Blade|\n|move|p1a: Aegislash|Flash Cannon|p2b: Whimsicott\n|-supereffective|p2b: Whimsicott|1\n|-damage|p2b: Whimsicott|0 fnt\n|faint|p2b: Whimsicott\n|\n|-heal|p1a: Aegislash|100/100|[from] item: Leftovers\n|-damage|p2a: MeowMeow|88/100 brn|[from] brn\n|upkeep\n|\n|t:|1776089699\n|switch|p2b: Gyarados|Gyarados, L50, M, shiny|100/100\n|switch|p1b: Basculegion|Basculegion, L50, M|100/100\n|-ability|p2b: Gyarados|Intimidate|boost\n|-unboost|p1a: Aegislash|atk|1\n|-unboost|p1b: Basculegion|atk|1\n|turn|3\n|inactive|StrawberryBalloons has 30 seconds left.\n|inactive|StrawberryBalloons has 20 seconds left.\n|\n|t:|1776089735\n|detailschange|p2b: Gyarados|Gyarados-Mega, L50, M, shiny\n|-mega|p2b: Gyarados|Gyarados|Gyaradosite\n|-ability|p2b: Gyarados|Mold Breaker\n|-formechange|p1a: Aegislash|Aegislash|\n|move|p1a: Aegislash|King's Shield|p1a: Aegislash\n|-singleturn|p1a: Aegislash|Protect\n|move|p2a: MeowMeow|Encore|p1a: Aegislash\n|-start|p1a: Aegislash|Encore\n|move|p2b: Gyarados|Waterfall|p1a: Aegislash\n|-activate|p1a: Aegislash|move: Protect\n|-unboost|p2b: Gyarados|atk|1\n|move|p1b: Basculegion|Last Respects|p2b: Gyarados\n|-resisted|p2b: Gyarados|1\n|-damage|p2b: Gyarados|70/100\n|\n|-damage|p2a: MeowMeow|82/100 brn|[from] brn\n|upkeep\n|turn|4\n|\n|t:|1776089753\n|switch|p2b: Garchomp|Garchomp, L50, M|100/100\n|move|p1a: Aegislash|King's Shield||[still]\n|-fail|p1a: Aegislash\n|move|p2a: MeowMeow|Encore|p1b: Basculegion\n|-start|p1b: Basculegion|Encore\n|move|p1b: Basculegion|Last Respects|p2a: MeowMeow\n|-damage|p2a: MeowMeow|4/100 brn\n|\n|-damage|p2a: MeowMeow|0 fnt|[from] brn\n|faint|p2a: MeowMeow\n|-sideend|p2: StrawberryBalloons|move: Tailwind\n|upkeep\n|\n|t:|1776089761\n|switch|p2a: Gyarados|Gyarados-Mega, L50, M, shiny|70/100\n|-ability|p2a: Gyarados|Mold Breaker\n|turn|5\n|\n|t:|1776089775\n|move|p2b: Garchomp|Protect|p2b: Garchomp\n|-singleturn|p2b: Garchomp|Protect\n|move|p1a: Aegislash|King's Shield|p1a: Aegislash\n|-singleturn|p1a: Aegislash|Protect\n|move|p1b: Basculegion|Last Respects|p2b: Garchomp\n|-activate|p2b: Garchomp|move: Protect\n|move|p2a: Gyarados|Waterfall|p1b: Basculegion\n|-resisted|p1b: Basculegion|1\n|-damage|p1b: Basculegion|65/100\n|\n|upkeep\n|turn|6\n|\n|t:|1776089797\n|move|p2a: Gyarados|Helping Hand|p2b: Garchomp\n|-singleturn|p2b: Garchomp|Helping Hand|[of] p2a: Gyarados\n|move|p1a: Aegislash|King's Shield||[still]\n|-fail|p1a: Aegislash\n|move|p1b: Basculegion|Last Respects|p2b: Garchomp\n|-damage|p2b: Garchomp|32/100\n|move|p2b: Garchomp|Earthquake|p1b: Basculegion|[spread] p2a,p1a,p1b\n|-crit|p2a: Gyarados\n|-supereffective|p1a: Aegislash|1\n|-damage|p2a: Gyarados|0 fnt\n|-damage|p1a: Aegislash|0 fnt\n|-damage|p1b: Basculegion|0 fnt\n|faint|p2a: Gyarados\n|faint|p1a: Aegislash\n|faint|p1b: Basculegion\n|\n|win|StrawberryBalloons\n|raw|toadsamongmen's rating: 1223 &rarr; <strong>1204</strong><br />(-19 for losing)\n|raw|StrawberryBalloons's rating: 1311 &rarr; <strong>1326</strong><br />(+15 for winning)\n",
  "uploadtime": 1776089810,
  "views": 19,
  "formatid": "gen9championsvgc2026regma",
  "rating": 1204,
  "private": 0,
  "password": null
}