{
  "id": "gen9championsvgc2026regma-2584090904",
  "format": "[Gen 9 Champions] VGC 2026 Reg M-A",
  "players": [
    "bartholium",
    "Availingmist"
  ],
  "log": "|j|\u2606bartholium\n|j|\u2606Availingmist\n|html|<table width=\"100%\"><tr><td align=\"left\">bartholium</td><td align=\"right\">Availingmist</tr><tr><td align=\"left\"><i class=\"fa fa-circle\"></i> <i class=\"fa fa-circle-o\"></i> </td><td align=\"right\"><i class=\"fa fa-circle-o\"></i> <i class=\"fa fa-circle-o\"></i> </tr></table>\n|uhtml|bestof|<h2><strong>Game 2</strong> of <a href=\"/game-bestof3-gen9championsvgc2026regma-2584086793\">a best-of-3</a></h2>\n|t:|1776224155\n|gametype|doubles\n|player|p1|bartholium|wattson|\n|player|p2|Availingmist|steven|\n|gen|9\n|tier|[Gen 9 Champions] VGC 2026 Reg M-A\n|rule|Species Clause: Limit one of each Pok\u00e9mon\n|rule|Item Clause: Limit 1 of each item\n|raw|<div class=\"infobox\"><details class=\"readmore\" open><summary><strong>1 custom rule:</strong></summary> Best of = 3</details></div>\n|clearpoke\n|poke|p1|Meganium, L50, M|\n|poke|p1|Sneasler, L50, F|\n|poke|p1|Delphox, L50, M|\n|poke|p1|Garchomp, L50, F|\n|poke|p1|Dragonite, L50, F|\n|poke|p1|Floette-Eternal, L50, F|\n|poke|p2|Scovillain, L50, F|\n|poke|p2|Torkoal, L50, F|\n|poke|p2|Incineroar, L50, F|\n|poke|p2|Charizard, L50, M|\n|poke|p2|Typhlosion, L50, M|\n|poke|p2|Rotom-Heat, L50|\n|teampreview|4\n|\n|t:|1776224201\n|teamsize|p1|4\n|teamsize|p2|4\n|start\n|switch|p1a: Garchomp|Garchomp, L50, F|100/100\n|switch|p1b: Delphox|Delphox, L50, M|100/100\n|switch|p2a: Incineroar|Incineroar, L50, F|100/100\n|switch|p2b: Torkoal|Torkoal, L50, F|100/100\n|-ability|p2a: Incineroar|Intimidate|boost\n|-unboost|p1a: Garchomp|atk|1\n|-unboost|p1b: Delphox|atk|1\n|-weather|SunnyDay|[from] ability: Drought|[of] p2b: Torkoal\n|turn|1\n|\n|t:|1776224242\n|detailschange|p1b: Delphox|Delphox-Mega, L50, M\n|-mega|p1b: Delphox|Delphox|Delphoxite\n|move|p2a: Incineroar|Fake Out|p1a: Garchomp\n|-damage|p1a: Garchomp|90/100\n|move|p1b: Delphox|Calm Mind|p1b: Delphox\n|-boost|p1b: Delphox|spa|1\n|-boost|p1b: Delphox|spd|1\n|cant|p1a: Garchomp|flinch\n|move|p2b: Torkoal|Yawn|p1b: Delphox\n|-start|p1b: Delphox|move: Yawn|[of] p2b: Torkoal\n|\n|-weather|SunnyDay|[upkeep]\n|upkeep\n|turn|2\n|\n|t:|1776224293\n|move|p2b: Torkoal|Protect|p2b: Torkoal\n|-singleturn|p2b: Torkoal|Protect\n|move|p1b: Delphox|Dazzling Gleam|p2b: Torkoal|[spread] p2a\n|-activate|p2b: Torkoal|move: Protect\n|-damage|p2a: Incineroar|72/100\n|move|p1a: Garchomp|Earthquake|p2b: Torkoal|[spread] p2a\n|-activate|p2b: Torkoal|move: Protect\n|-immune|p1b: Delphox|[from] ability: Levitate\n|-supereffective|p2a: Incineroar|1\n|-enditem|p2a: Incineroar|Shuca Berry|[eat]\n|-enditem|p2a: Incineroar|Shuca Berry|[weaken]\n|-damage|p2a: Incineroar|50/100\n|move|p2a: Incineroar|Roar|p1b: Delphox\n|drag|p1b: Dragonite|Dragonite, L50, F|100/100\n|\n|-weather|SunnyDay|[upkeep]\n|upkeep\n|turn|3\n|\n|t:|1776224363\n|switch|p2a: Rotom|Rotom-Heat, L50|100/100\n|switch|p2b: Scovillain|Scovillain, L50, F|100/100\n|move|p1a: Garchomp|Earthquake|p2b: Scovillain|[spread] p2b\n|-immune|p1b: Dragonite\n|-immune|p2a: Rotom|[from] ability: Levitate\n|-damage|p2b: Scovillain|67/100\n|move|p1b: Dragonite|Draco Meteor|p2b: Scovillain\n|-damage|p2b: Scovillain|2/100\n|-unboost|p1b: Dragonite|spa|2\n|\n|-weather|SunnyDay|[upkeep]\n|upkeep\n|turn|4\n|\n|t:|1776224396\n|switch|p1a: Delphox|Delphox-Mega, L50, M|100/100\n|detailschange|p2b: Scovillain|Scovillain-Mega, L50, F\n|-mega|p2b: Scovillain|Scovillain|Scovillainite\n|move|p1b: Dragonite|Extreme Speed|p2b: Scovillain\n|-damage|p2b: Scovillain|0 fnt\n|-status|p1b: Dragonite|brn|[from] ability: Spicy Spray|[of] p2b: Scovillain\n|faint|p2b: Scovillain\n|move|p2a: Rotom|Will-O-Wisp|p1a: Delphox\n|-immune|p1a: Delphox\n|\n|-weather|SunnyDay|[upkeep]\n|-damage|p1b: Dragonite|94/100 brn|[from] brn\n|upkeep\n|\n|t:|1776224411\n|switch|p2b: Incineroar|Incineroar, L50, F|50/100\n|-ability|p2b: Incineroar|Intimidate|boost\n|-unboost|p1a: Delphox|atk|1\n|-unboost|p1b: Dragonite|atk|1\n|turn|5\n|\n|t:|1776224458\n|switch|p1b: Sneasler|Sneasler, L50, F|100/100\n|move|p2b: Incineroar|Fake Out|p1a: Delphox\n|-crit|p1a: Delphox\n|-damage|p1a: Delphox|78/100\n|cant|p1a: Delphox|flinch\n|move|p2a: Rotom|Hex|p1b: Sneasler\n|-damage|p1b: Sneasler|79/100\n|\n|-weather|none\n|upkeep\n|turn|6\n|\n|t:|1776224533\n|move|p1a: Delphox|Calm Mind|p1a: Delphox\n|-boost|p1a: Delphox|spa|1\n|-boost|p1a: Delphox|spd|1\n|move|p1b: Sneasler|Close Combat|p2b: Incineroar\n|-supereffective|p2b: Incineroar|1\n|-damage|p2b: Incineroar|0 fnt\n|-unboost|p1b: Sneasler|def|1\n|-unboost|p1b: Sneasler|spd|1\n|faint|p2b: Incineroar\n|move|p2a: Rotom|Will-O-Wisp|p1b: Sneasler\n|-status|p1b: Sneasler|brn\n|\n|-damage|p1b: Sneasler|73/100 brn|[from] brn\n|upkeep\n|\n|t:|1776224545\n|switch|p2b: Torkoal|Torkoal, L50, F|100/100\n|-weather|SunnyDay|[from] ability: Drought|[of] p2b: Torkoal\n|turn|7\n|\n|t:|1776224599\n|switch|p1b: Dragonite|Dragonite, L50, F|94/100 brn\n|move|p2b: Torkoal|Protect|p2b: Torkoal\n|-singleturn|p2b: Torkoal|Protect\n|move|p1a: Delphox|Psychic|p2a: Rotom\n|-damage|p2a: Rotom|16/100\n|move|p2a: Rotom|Hex|p1b: Dragonite\n|-damage|p1b: Dragonite|61/100 brn\n|\n|-weather|SunnyDay|[upkeep]\n|-heal|p1b: Dragonite|67/100 brn|[from] item: Leftovers\n|-damage|p1b: Dragonite|61/100 brn|[from] brn\n|upkeep\n|turn|8\n|\n|t:|1776224627\n|move|p1a: Delphox|Calm Mind|p1a: Delphox\n|-boost|p1a: Delphox|spa|1\n|-boost|p1a: Delphox|spd|1\n|move|p1b: Dragonite|Draco Meteor|p2a: Rotom\n|-damage|p2a: Rotom|0 fnt\n|-unboost|p1b: Dragonite|spa|2\n|faint|p2a: Rotom\n|move|p2b: Torkoal|Rapid Spin|p1a: Delphox\n|-damage|p1a: Delphox|61/100\n|-boost|p2b: Torkoal|spe|1\n|\n|-weather|SunnyDay|[upkeep]\n|-heal|p1b: Dragonite|67/100 brn|[from] item: Leftovers\n|-damage|p1b: Dragonite|61/100 brn|[from] brn\n|upkeep\n|turn|9\n|\n|t:|1776224644\n|switch|p1b: Garchomp|Garchomp, L50, F|90/100\n|move|p1a: Delphox|Psychic|p2b: Torkoal\n|-damage|p2b: Torkoal|7/100\n|-unboost|p2b: Torkoal|spd|1\n|move|p2b: Torkoal|Lava Plume|p1b: Garchomp|[spread] p1a,p1b\n|-resisted|p1a: Delphox|1\n|-resisted|p1b: Garchomp|1\n|-damage|p1a: Delphox|55/100\n|-damage|p1b: Garchomp|75/100\n|\n|-weather|SunnyDay|[upkeep]\n|-heal|p2b: Torkoal|13/100|[from] item: Leftovers\n|upkeep\n|turn|10\n|\n|t:|1776224659\n|move|p2b: Torkoal|Protect|p2b: Torkoal\n|-singleturn|p2b: Torkoal|Protect\n|move|p1a: Delphox|Psychic|p2b: Torkoal\n|-activate|p2b: Torkoal|move: Protect\n|move|p1b: Garchomp|Scale Shot|p2b: Torkoal\n|-activate|p2b: Torkoal|move: Protect\n|\n|-weather|SunnyDay|[upkeep]\n|-heal|p2b: Torkoal|20/100|[from] item: Leftovers\n|upkeep\n|turn|11\n|\n|t:|1776224671\n|move|p2b: Torkoal|Protect|p2b: Torkoal\n|-singleturn|p2b: Torkoal|Protect\n|move|p1a: Delphox|Psychic|p2b: Torkoal\n|-activate|p2b: Torkoal|move: Protect\n|move|p1b: Garchomp|Scale Shot|p2b: Torkoal\n|-activate|p2b: Torkoal|move: Protect\n|\n|-weather|none\n|-heal|p2b: Torkoal|26/100|[from] item: Leftovers\n|upkeep\n|turn|12\n|\n|t:|1776224684\n|move|p2b: Torkoal|Protect||[still]\n|-fail|p2b: Torkoal\n|move|p1a: Delphox|Psychic|p2b: Torkoal\n|-damage|p2b: Torkoal|0 fnt\n|faint|p2b: Torkoal\n|\n|win|bartholium\n|l|\u2606Availingmist\n|player|p2|\n",
  "uploadtime": 1776224735,
  "views": 39,
  "formatid": "gen9championsvgc2026regma",
  "rating": null,
  "private": 0,
  "password": null
}