{
  "id": "gen9championsvgc2026regma-2585123170",
  "format": "[Gen 9 Champions] VGC 2026 Reg M-A",
  "players": [
    "khungcanh",
    "zeimei"
  ],
  "log": "|j|\u2606khungcanh\n|j|\u2606zeimei\n|t:|1776314475\n|gametype|doubles\n|player|p1|khungcanh|102|1370\n|player|p2|zeimei|102|1452\n|gen|9\n|tier|[Gen 9 Champions] VGC 2026 Reg M-A\n|rated|\n|rule|Species Clause: Limit one of each Pok\u00e9mon\n|rule|Item Clause: Limit 1 of each item\n|clearpoke\n|poke|p1|Floette-Eternal, L50, F|\n|poke|p1|Incineroar, L50, F|\n|poke|p1|Sneasler, L50, M|\n|poke|p1|Kingambit, L50, F|\n|poke|p1|Garchomp, L50, M|\n|poke|p1|Delphox, L50, F|\n|poke|p2|Sinistcha, L50|\n|poke|p2|Incineroar, L50, F|\n|poke|p2|Aggron, L50, M|\n|poke|p2|Dragapult, L50, F|\n|poke|p2|Rotom-Wash, L50|\n|poke|p2|Floette-Eternal, L50, F|\n|teampreview|4\nkhungcanh has agreed to open team sheets.\n|inactive|Battle timer is ON: inactive players will automatically lose when time's up. (requested by khungcanh)\n|l|\u2606zeimei\n|inactive|zeimei disconnected and has a minute to reconnect!\n|player|p2|\n|\n|t:|1776314507\n|teamsize|p1|4\n|teamsize|p2|4\n|start\n|switch|p1a: Sneasler|Sneasler, L50, M|100/100\n|switch|p1b: Floette|Floette-Eternal, L50, F|100/100\n|switch|p2a: Dragapult|Dragapult, L50, F|100/100\n|switch|p2b: Rotom|Rotom-Wash, L50|100/100\n|turn|1\n|j|\u2606zeimei\n|inactive|zeimei reconnected and has 50 seconds left.\n|player|p2|zeimei|102|\n|\n|t:|1776314521\n|detailschange|p1b: Floette|Floette-Mega, L50, F\n|-mega|p1b: Floette|Floette|Floettite\n|-ability|p1b: Floette|Fairy Aura\n|move|p1a: Sneasler|Fake Out|p2b: Rotom\n|-damage|p2b: Rotom|83/100\n|move|p2a: Dragapult|Psychic Fangs|p1a: Sneasler\n|-supereffective|p1a: Sneasler|2\n|-damage|p1a: Sneasler|0 fnt\n|faint|p1a: Sneasler\n|move|p1b: Floette|Dazzling Gleam|p2a: Dragapult|[spread] p2a,p2b\n|-supereffective|p2a: Dragapult|1\n|-enditem|p2a: Dragapult|Focus Sash\n|-damage|p2a: Dragapult|1/100\n|-damage|p2b: Rotom|29/100\n|cant|p2b: Rotom|flinch\n|\n|-heal|p2b: Rotom|35/100|[from] item: Leftovers\n|upkeep\n|\n|t:|1776314537\n|switch|p1a: Garchomp|Garchomp, L50, M|100/100\n|turn|2\n|\n|t:|1776314544\n|move|p1a: Garchomp|Protect|p1a: Garchomp\n|-singleturn|p1a: Garchomp|Protect\n|move|p2b: Rotom|Protect|p2b: Rotom\n|-singleturn|p2b: Rotom|Protect\n|move|p2a: Dragapult|Will-O-Wisp|p1a: Garchomp\n|-activate|p1a: Garchomp|move: Protect\n|move|p1b: Floette|Dazzling Gleam|p2b: Rotom|[spread] p2a\n|-activate|p2b: Rotom|move: Protect\n|-supereffective|p2a: Dragapult|1\n|-damage|p2a: Dragapult|0 fnt\n|faint|p2a: Dragapult\n|\n|-heal|p2b: Rotom|41/100|[from] item: Leftovers\n|upkeep\n|\n|t:|1776314549\n|switch|p2a: Sinistcha|Sinistcha, L50|100/100\n|-heal|p2b: Rotom|65/100|[from] ability: Hospitality|[of] p2a: Sinistcha\n|turn|3\n|\n|t:|1776314557\n|move|p1a: Garchomp|Dragon Claw|p2a: Sinistcha\n|-damage|p2a: Sinistcha|65/100\n|move|p1b: Floette|Dazzling Gleam|p2b: Rotom|[spread] p2a,p2b\n|-damage|p2a: Sinistcha|9/100\n|-damage|p2b: Rotom|16/100\n|move|p2b: Rotom|Will-O-Wisp|p1a: Garchomp\n|-status|p1a: Garchomp|brn\n|move|p2a: Sinistcha|Trick Room|p2a: Sinistcha\n|-fieldstart|move: Trick Room|[of] p2a: Sinistcha\n|\n|-heal|p2b: Rotom|22/100|[from] item: Leftovers\n|-damage|p1a: Garchomp|94/100 brn|[from] brn\n|upkeep\n|turn|4\n|\n|t:|1776314577\n|switch|p2b: Aggron|Aggron, L50, M|100/100\n|move|p2a: Sinistcha|Matcha Gotcha|p1a: Garchomp|[spread] p1a,p1b\n|-damage|p1a: Garchomp|72/100 brn\n|-heal|p2a: Sinistcha|22/100|[from] drain|[of] p1a: Garchomp\n|-damage|p1b: Floette|82/100\n|-heal|p2a: Sinistcha|32/100|[from] drain|[of] p1b: Floette\n|move|p1b: Floette|Dazzling Gleam|p2a: Sinistcha|[spread] p2a,p2b\n|-crit|p2a: Sinistcha\n|-resisted|p2b: Aggron|1\n|-damage|p2a: Sinistcha|0 fnt\n|-damage|p2b: Aggron|72/100\n|faint|p2a: Sinistcha\n|move|p1a: Garchomp|Rock Slide|p2b: Aggron\n|-resisted|p2b: Aggron|1\n|-damage|p2b: Aggron|68/100\n|\n|-damage|p1a: Garchomp|66/100 brn|[from] brn\n|upkeep\n|\n|t:|1776314589\n|switch|p2a: Rotom|Rotom-Wash, L50|22/100\n|turn|5\n|\n|t:|1776314598\n|detailschange|p2b: Aggron|Aggron-Mega, L50, M\n|-mega|p2b: Aggron|Aggron|Aggronite\n|move|p2a: Rotom|Protect|p2a: Rotom\n|-singleturn|p2a: Rotom|Protect\n|move|p2b: Aggron|Heavy Slam|p1b: Floette\n|-supereffective|p1b: Floette|1\n|-damage|p1b: Floette|0 fnt\n|faint|p1b: Floette\n|move|p1a: Garchomp|Dragon Claw|p2b: Aggron\n|-resisted|p2b: Aggron|1\n|-damage|p2b: Aggron|64/100\n|\n|-heal|p2a: Rotom|27/100|[from] item: Leftovers\n|-damage|p1a: Garchomp|60/100 brn|[from] brn\n|upkeep\n|\n|t:|1776314604\n|switch|p1b: Kingambit|Kingambit, L50, F, shiny|100/100\n|turn|6\n|\n|t:|1776314621\n|move|p1b: Kingambit|Low Kick|p2b: Aggron\n|-supereffective|p2b: Aggron|1\n|-damage|p2b: Aggron|38/100\n|move|p2b: Aggron|Body Press|p1b: Kingambit\n|-supereffective|p1b: Kingambit|2\n|-enditem|p1b: Kingambit|Chople Berry|[eat]\n|-enditem|p1b: Kingambit|Chople Berry|[weaken]\n|-damage|p1b: Kingambit|37/100\n|move|p2a: Rotom|Hydro Pump|p1a: Garchomp\n|-damage|p1a: Garchomp|14/100 brn\n|-enditem|p1a: Garchomp|Sitrus Berry|[eat]\n|-heal|p1a: Garchomp|39/100 brn|[from] item: Sitrus Berry\n|move|p1a: Garchomp|Dragon Claw|p2a: Rotom\n|-damage|p2a: Rotom|6/100\n|\n|-heal|p2a: Rotom|12/100|[from] item: Leftovers\n|-damage|p1a: Garchomp|33/100 brn|[from] brn\n|upkeep\n|turn|7\n|\n|t:|1776314644\n|move|p2b: Aggron|Protect|p2b: Aggron\n|-singleturn|p2b: Aggron|Protect\n|move|p2a: Rotom|Protect|p2a: Rotom\n|-singleturn|p2a: Rotom|Protect\n|move|p1b: Kingambit|Low Kick|p2b: Aggron\n|-activate|p2b: Aggron|move: Protect\n|move|p1a: Garchomp|Rock Slide|p2b: Aggron|[spread] \n|-activate|p2a: Rotom|move: Protect\n|-activate|p2b: Aggron|move: Protect\n|\n|-heal|p2a: Rotom|18/100|[from] item: Leftovers\n|-damage|p1a: Garchomp|27/100 brn|[from] brn\n|-fieldend|move: Trick Room\n|upkeep\n|turn|8\n|\n|t:|1776314654\n|move|p1b: Kingambit|Sucker Punch|p2a: Rotom\n|-damage|p2a: Rotom|0 fnt\n|faint|p2a: Rotom\n|move|p1a: Garchomp|Dragon Claw|p2b: Aggron\n|-resisted|p2b: Aggron|1\n|-damage|p2b: Aggron|34/100\n|move|p2b: Aggron|Body Press|p1b: Kingambit\n|-supereffective|p1b: Kingambit|2\n|-damage|p1b: Kingambit|0 fnt\n|faint|p1b: Kingambit\n|\n|-damage|p1a: Garchomp|20/100 brn|[from] brn\n|upkeep\n|turn|9\n|\n|t:|1776314668\n|move|p2b: Aggron|Protect|p2b: Aggron\n|-singleturn|p2b: Aggron|Protect\n|move|p1a: Garchomp|Earthquake|p2b: Aggron\n|-activate|p2b: Aggron|move: Protect\n|\n|-damage|p1a: Garchomp|14/100 brn|[from] brn\n|upkeep\n|turn|10\n|\n|t:|1776314677\n|move|p1a: Garchomp|Earthquake|p2b: Aggron\n|-supereffective|p2b: Aggron|1\n|-damage|p2b: Aggron|16/100\n|move|p2b: Aggron|Body Press|p1a: Garchomp\n|-damage|p1a: Garchomp|0 fnt\n|-damage|p2b: Aggron|4/100|[from] ability: Rough Skin|[of] p1a: Garchomp\n|faint|p1a: Garchomp\n|\n|win|zeimei\n|raw|khungcanh's rating: 1370 &rarr; <strong>1355</strong><br />(-15 for losing)\n|raw|zeimei's rating: 1452 &rarr; <strong>1467</strong><br />(+15 for winning)\n",
  "uploadtime": 1776314692,
  "views": 34,
  "formatid": "gen9championsvgc2026regma",
  "rating": 1355,
  "private": 0,
  "password": null
}