{
  "id": "gen9championsvgc2026regma-2580446159",
  "format": "[Gen 9 Champions] VGC 2026 Reg M-A",
  "players": [
    "gurbederbeste",
    "Huy844485"
  ],
  "log": "|j|\u2606gurbederbeste\n|j|\u2606Huy844485\n|t:|1775897780\n|gametype|doubles\n|player|p1|gurbederbeste|pryce|1116\n|player|p2|Huy844485|169|1070\n|gen|9\n|tier|[Gen 9 Champions] VGC 2026 Reg M-A\n|rated|\n|rule|Species Clause: Limit one of each Pok\u00e9mon\n|rule|Item Clause: Limit 1 of each item\n|clearpoke\n|poke|p1|Froslass, L50, F|\n|poke|p1|Arcanine-Hisui, L50, M|\n|poke|p1|Kingambit, L50, M|\n|poke|p1|Palafin, L50, F|\n|poke|p1|Clefable, L50, M|\n|poke|p1|Kommo-o, L50, M|\n|poke|p2|Froslass, L50, F|\n|poke|p2|Rotom-Frost, L50|\n|poke|p2|Torterra, L50, F|\n|poke|p2|Incineroar, L50, M|\n|poke|p2|Kingambit, L50, M|\n|poke|p2|Sneasler, L50, M|\n|teampreview|4\n|inactive|Battle timer is ON: inactive players will automatically lose when time's up. (requested by Huy844485)\n|inactive|gurbederbeste has 60 seconds left.\n|inactive|gurbederbeste has 30 seconds left.\n|\n|t:|1775897877\n|teamsize|p1|4\n|teamsize|p2|4\n|start\n|switch|p1a: Kingambit|Kingambit, L50, M|100/100\n|switch|p1b: Clefable|Clefable, L50, M|100/100\n|switch|p2a: Froslass|Froslass, L50, F, shiny|100/100\n|switch|p2b: Incineroar|Incineroar, L50, M|100/100\n|-ability|p2b: Incineroar|Intimidate|boost\n|-unboost|p1a: Kingambit|atk|1\n|-ability|p1a: Kingambit|Defiant|boost\n|-boost|p1a: Kingambit|atk|2\n|-unboost|p1b: Clefable|atk|1\n|turn|1\n|inactive|Huy844485 has 30 seconds left.\n|\n|t:|1775897906\n|detailschange|p2a: Froslass|Froslass-Mega, L50, F, shiny\n|-mega|p2a: Froslass|Froslass|Froslassite\n|-weather|Snowscape|[from] ability: Snow Warning|[of] p2a: Froslass\n|move|p1a: Kingambit|Protect|p1a: Kingambit\n|-singleturn|p1a: Kingambit|Protect\n|move|p2b: Incineroar|Fake Out|p1a: Kingambit\n|-activate|p1a: Kingambit|move: Protect\n|move|p2a: Froslass|Aurora Veil|p2a: Froslass\n|-sidestart|p2: Huy844485|move: Aurora Veil\n|move|p1b: Clefable|Thunder Wave|p2a: Froslass\n|-status|p2a: Froslass|par\n|\n|-weather|Snowscape|[upkeep]\n|upkeep\n|turn|2\n|\n|t:|1775897929\n|cant|p2a: Froslass|par\n|move|p1b: Clefable|Follow Me|p1b: Clefable\n|-singleturn|p1b: Clefable|move: Follow Me\n|move|p1a: Kingambit|Sucker Punch||[still]\n|-fail|p1a: Kingambit\n|move|p2b: Incineroar|Parting Shot|p1b: Clefable\n|-unboost|p1b: Clefable|atk|1\n|-unboost|p1b: Clefable|spa|1\n|\n|t:|1775897945\n|switch|p2b: Sneasler|Sneasler, L50, M|100/100|[from] Parting Shot\n|\n|-weather|Snowscape|[upkeep]\n|upkeep\n|turn|3\n|\n|t:|1775897954\n|switch|p2a: Torterra|Torterra, L50, F|100/100\n|move|p1a: Kingambit|Protect|p1a: Kingambit\n|-singleturn|p1a: Kingambit|Protect\n|move|p2b: Sneasler|Gunk Shot|p1b: Clefable\n|-supereffective|p1b: Clefable|1\n|-damage|p1b: Clefable|0 fnt\n|faint|p1b: Clefable\n|\n|-weather|Snowscape|[upkeep]\n|upkeep\n|\n|t:|1775897970\n|switch|p1b: Arcanine|Arcanine-Hisui, L50, M|100/100\n|-ability|p1b: Arcanine|Intimidate|boost\n|-unboost|p2a: Torterra|atk|1\n|-unboost|p2b: Sneasler|atk|1\n|-enditem|p2a: Torterra|White Herb\n|-clearnegativeboost|p2a: Torterra|[silent]\n|turn|4\n|inactive|gurbederbeste has 30 seconds left.\n|inactive|gurbederbeste has 20 seconds left.\n|\n|t:|1775898008\n|move|p1a: Kingambit|Sucker Punch|p2b: Sneasler\n|-resisted|p2b: Sneasler|1\n|-damage|p2b: Sneasler|61/100\n|move|p2b: Sneasler|Close Combat|p1a: Kingambit\n|-supereffective|p1a: Kingambit|2\n|-damage|p1a: Kingambit|0 fnt\n|-unboost|p2b: Sneasler|def|1\n|-unboost|p2b: Sneasler|spd|1\n|faint|p1a: Kingambit\n|move|p1b: Arcanine|Flare Blitz|p2b: Sneasler\n|-damage|p2b: Sneasler|0 fnt\n|faint|p2b: Sneasler\n|-damage|p1b: Arcanine|84/100|[from] Recoil\n|move|p2a: Torterra|Shell Smash|p2a: Torterra\n|-unboost|p2a: Torterra|def|1\n|-unboost|p2a: Torterra|spd|1\n|-boost|p2a: Torterra|atk|2\n|-boost|p2a: Torterra|spa|2\n|-boost|p2a: Torterra|spe|2\n|\n|-weather|Snowscape|[upkeep]\n|upkeep\n|\n|t:|1775898029\n|switch|p2b: Incineroar|Incineroar, L50, M|100/100\n|switch|p1a: Froslass|Froslass, L50, F|100/100\n|-ability|p2b: Incineroar|Intimidate|boost\n|-unboost|p1a: Froslass|atk|1\n|-unboost|p1b: Arcanine|atk|1\n|turn|5\n|\n|t:|1775898048\n|move|p1a: Froslass|Protect|p1a: Froslass\n|-singleturn|p1a: Froslass|Protect\n|move|p1b: Arcanine|Protect|p1b: Arcanine\n|-singleturn|p1b: Arcanine|Protect\n|move|p2b: Incineroar|Fake Out|p1b: Arcanine\n|-activate|p1b: Arcanine|move: Protect\n|move|p2a: Torterra|Wood Hammer|p1a: Froslass\n|-activate|p1a: Froslass|move: Protect\n|\n|-weather|none\n|-sideend|p2: Huy844485|move: Aurora Veil\n|upkeep\n|turn|6\n|\n|t:|1775898069\n|detailschange|p1a: Froslass|Froslass-Mega, L50, F\n|-mega|p1a: Froslass|Froslass|Froslassite\n|-weather|Snowscape|[from] ability: Snow Warning|[of] p1a: Froslass\n|move|p2a: Torterra|High Horsepower|p1b: Arcanine\n|-supereffective|p1b: Arcanine|2\n|-enditem|p1b: Arcanine|Shuca Berry|[eat]\n|-enditem|p1b: Arcanine|Shuca Berry|[weaken]\n|-damage|p1b: Arcanine|0 fnt\n|faint|p1b: Arcanine\n|move|p1a: Froslass|Blizzard|p2a: Torterra|[spread] p2a,p2b\n|-supereffective|p2a: Torterra|2\n|-resisted|p2b: Incineroar|1\n|-damage|p2a: Torterra|0 fnt\n|-damage|p2b: Incineroar|84/100\n|faint|p2a: Torterra\n|move|p2b: Incineroar|Darkest Lariat|p1a: Froslass\n|-supereffective|p1a: Froslass|1\n|-damage|p1a: Froslass|22/100\n|\n|-weather|Snowscape|[upkeep]\n|upkeep\n|\n|t:|1775898086\n|switch|p2a: Froslass|Froslass-Mega, L50, F, shiny|100/100 par\n|turn|7\n|\n|t:|1775898093\n|move|p1a: Froslass|Shadow Ball|p2a: Froslass\n|-supereffective|p2a: Froslass|1\n|-damage|p2a: Froslass|1/100 par\n|move|p2a: Froslass|Shadow Ball|p1a: Froslass\n|-supereffective|p1a: Froslass|1\n|-damage|p1a: Froslass|0 fnt\n|faint|p1a: Froslass\n|\n|win|Huy844485\n|raw|gurbederbeste's rating: 1116 &rarr; <strong>1088</strong><br />(-28 for losing)\n|raw|Huy844485's rating: 1070 &rarr; <strong>1103</strong><br />(+33 for winning)\n|l|\u2606Huy844485\n|player|p2|\n",
  "uploadtime": 1775898103,
  "views": 26,
  "formatid": "gen9championsvgc2026regma",
  "rating": 1088,
  "private": 0,
  "password": null
}