{
  "id": "gen9championsvgc2026regma-2584794849",
  "format": "[Gen 9 Champions] VGC 2026 Reg M-A",
  "players": [
    "Kazuma Yato",
    "malamarie"
  ],
  "log": "|j|\u2606Kazuma Yato\n|j|\u2606malamarie\n|t:|1776284185\n|gametype|doubles\n|player|p1|Kazuma Yato|1|1242\n|player|p2|malamarie|dahlia|1294\n|gen|9\n|tier|[Gen 9 Champions] VGC 2026 Reg M-A\n|rated|\n|rule|Species Clause: Limit one of each Pok\u00e9mon\n|rule|Item Clause: Limit 1 of each item\n|clearpoke\n|poke|p1|Meowscarada, L50, M|\n|poke|p1|Incineroar, L50, M|\n|poke|p1|Palafin, L50, M|\n|poke|p1|Archaludon, L50, F|\n|poke|p1|Pelipper, L50, M|\n|poke|p1|Gengar, L50, M|\n|poke|p2|Archaludon, L50, M|\n|poke|p2|Raichu, L50, F|\n|poke|p2|Pelipper, L50, F|\n|poke|p2|Sinistcha, L50|\n|poke|p2|Gyarados, L50, F|\n|poke|p2|Victreebel, L50, F|\n|teampreview|4\n|inactive|Battle timer is ON: inactive players will automatically lose when time's up. (requested by malamarie)\n|inactive|Kazuma Yato has 60 seconds left.\n|inactive|malamarie has 60 seconds left.\n|\n|t:|1776284228\n|teamsize|p1|4\n|teamsize|p2|4\n|start\n|switch|p1a: Gengar|Gengar, L50, M, shiny|100/100\n|switch|p1b: Incineroar|Incineroar, L50, M|100/100\n|switch|p2a: Raichu|Raichu, L50, F, shiny|100/100\n|switch|p2b: Sinistcha|Sinistcha, L50|100/100\n|-ability|p1b: Incineroar|Intimidate|boost\n|-unboost|p2a: Raichu|atk|1\n|-unboost|p2b: Sinistcha|atk|1\n|turn|1\n|\n|t:|1776284238\n|detailschange|p1a: Gengar|Gengar-Mega, L50, M, shiny\n|-mega|p1a: Gengar|Gengar|Gengarite\n|move|p2a: Raichu|Fake Out|p1b: Incineroar\n|-damage|p1b: Incineroar|95/100\n|cant|p1b: Incineroar|flinch\n|move|p1a: Gengar|Perish Song|p1a: Gengar\n|-start|p1a: Gengar|perish3|[silent]\n|-start|p1b: Incineroar|perish3|[silent]\n|-start|p2a: Raichu|perish3|[silent]\n|-start|p2b: Sinistcha|perish3|[silent]\n|-fieldactivate|move: Perish Song\n|move|p2b: Sinistcha|Shadow Ball|p1a: Gengar\n|-supereffective|p1a: Gengar|1\n|-damage|p1a: Gengar|11/100\n|\n|-start|p1a: Gengar|perish3\n|-start|p2a: Raichu|perish3\n|-start|p1b: Incineroar|perish3\n|-start|p2b: Sinistcha|perish3\n|upkeep\n|turn|2\n|\n|t:|1776284261\n|move|p1a: Gengar|Protect|p1a: Gengar\n|-singleturn|p1a: Gengar|Protect\n|move|p2a: Raichu|Volt Switch|p1a: Gengar\n|-activate|p1a: Gengar|move: Protect\n|move|p1b: Incineroar|Parting Shot|p2b: Sinistcha\n|-unboost|p2b: Sinistcha|atk|1\n|-unboost|p2b: Sinistcha|spa|1\n|\n|t:|1776284272\n|switch|p1b: Palafin|Palafin, L50, M|100/100|[from] Parting Shot\n|move|p2b: Sinistcha|Matcha Gotcha|p1b: Palafin|[spread] p1b\n|-activate|p1a: Gengar|move: Protect\n|-supereffective|p1b: Palafin|1\n|-damage|p1b: Palafin|56/100\n|\n|-start|p1a: Gengar|perish2\n|-start|p2a: Raichu|perish2\n|-start|p2b: Sinistcha|perish2\n|upkeep\n|turn|3\n|inactive|Kazuma Yato has 30 seconds left.\n|\n|t:|1776284303\n|detailschange|p1b: Palafin|Palafin-Hero, L50, M\n|switch|p1b: Meowscarada|Meowscarada, L50, M|100/100\n|move|p1a: Gengar|Protect|p1a: Gengar\n|-singleturn|p1a: Gengar|Protect\n|move|p2a: Raichu|Volt Switch|p1a: Gengar\n|-activate|p1a: Gengar|move: Protect\n|move|p2b: Sinistcha|Matcha Gotcha|p1b: Meowscarada|[spread] p1b\n|-activate|p1a: Gengar|move: Protect\n|-resisted|p1b: Meowscarada|1\n|-damage|p1b: Meowscarada|90/100\n|\n|-start|p1a: Gengar|perish1\n|-start|p2a: Raichu|perish1\n|-start|p2b: Sinistcha|perish1\n|upkeep\n|turn|4\n|\n|t:|1776284324\n|move|p1b: Meowscarada|Knock Off|p2b: Sinistcha\n|-start|p1b: Meowscarada|typechange|Dark|[from] ability: Protean\n|-supereffective|p2b: Sinistcha|1\n|-damage|p2b: Sinistcha|36/100\n|-enditem|p2b: Sinistcha|Kasib Berry|[from] move: Knock Off|[of] p1b: Meowscarada\n|move|p1a: Gengar|Disable|p2a: Raichu\n|-start|p2a: Raichu|Disable|Volt Switch\n|move|p2a: Raichu|Focus Blast|p1b: Meowscarada|[miss]\n|-miss|p2a: Raichu|p1b: Meowscarada\n|move|p2b: Sinistcha|Matcha Gotcha|p1a: Gengar|[spread] p1a,p1b\n|-resisted|p1a: Gengar|1\n|-damage|p1a: Gengar|2/100\n|-heal|p2b: Sinistcha|40/100|[from] drain|[of] p1a: Gengar\n|-damage|p1b: Meowscarada|71/100\n|-heal|p2b: Sinistcha|50/100|[from] drain|[of] p1b: Meowscarada\n|\n|-start|p1a: Gengar|perish0\n|-start|p2a: Raichu|perish0\n|-start|p2b: Sinistcha|perish0\n|upkeep\n|faint|p1a: Gengar\n|faint|p2a: Raichu\n|faint|p2b: Sinistcha\n|c|\u2606malamarie|perish song is so lame\n|inactive|Kazuma Yato has 30 seconds left.\n|\n|t:|1776284359\n|switch|p1a: Incineroar|Incineroar, L50, M|95/100\n|switch|p2a: Gyarados|Gyarados, L50, F, shiny|100/100\n|switch|p2b: Archaludon|Archaludon, L50, M, shiny|100/100\n|-ability|p1a: Incineroar|Intimidate|boost\n|-unboost|p2a: Gyarados|atk|1\n|-unboost|p2b: Archaludon|atk|1\n|-ability|p2a: Gyarados|Intimidate|boost\n|-unboost|p1a: Incineroar|atk|1\n|-unboost|p1b: Meowscarada|atk|1\n|turn|5\n|\n|t:|1776284380\n|move|p1a: Incineroar|Fake Out|p2a: Gyarados\n|-damage|p2a: Gyarados|94/100\n|move|p1b: Meowscarada|Knock Off|p2b: Archaludon\n|-damage|p2b: Archaludon|74/100\n|-ability|p2b: Archaludon|Stamina|boost\n|-boost|p2b: Archaludon|def|1\n|-enditem|p2b: Archaludon|Leftovers|[from] move: Knock Off|[of] p1b: Meowscarada\n|move|p2b: Archaludon|Electro Shot||[still]\n|-prepare|p2b: Archaludon|Electro Shot\n|-boost|p2b: Archaludon|spa|1\n|cant|p2a: Gyarados|flinch\n|\n|upkeep\n|turn|6\n|\n|t:|1776284402\n|move|p1b: Meowscarada|Knock Off|p2a: Gyarados\n|-damage|p2a: Gyarados|72/100\n|move|p2b: Archaludon|Electro Shot|p1b: Meowscarada|[from] lockedmove\n|-damage|p1b: Meowscarada|0 fnt\n|faint|p1b: Meowscarada\n|move|p1a: Incineroar|Parting Shot|p2b: Archaludon\n|-unboost|p2b: Archaludon|atk|1\n|-unboost|p2b: Archaludon|spa|1\n|\n|t:|1776284406\n|switch|p1a: Palafin|Palafin-Hero, L50, M|56/100|[from] Parting Shot\n|-activate|p1a: Palafin|ability: Zero to Hero\n|move|p2a: Gyarados|Waterfall|p1a: Palafin\n|-resisted|p1a: Palafin|1\n|-damage|p1a: Palafin|46/100\n|\n|upkeep\n|\n|t:|1776284408\n|switch|p1b: Incineroar|Incineroar, L50, M|95/100\n|-ability|p1b: Incineroar|Intimidate|boost\n|-unboost|p2a: Gyarados|atk|1\n|-unboost|p2b: Archaludon|atk|1\n|turn|7\n|\n|t:|1776284421\n|move|p2b: Archaludon|Protect|p2b: Archaludon\n|-singleturn|p2b: Archaludon|Protect\n|move|p1b: Incineroar|Fake Out|p2a: Gyarados\n|-damage|p2a: Gyarados|62/100\n|move|p1a: Palafin|Close Combat|p2b: Archaludon\n|-activate|p2b: Archaludon|move: Protect\n|cant|p2a: Gyarados|flinch\n|\n|upkeep\n|turn|8\n|\n|t:|1776284443\n|move|p1a: Palafin|Close Combat|p2b: Archaludon\n|-supereffective|p2b: Archaludon|1\n|-damage|p2b: Archaludon|24/100\n|-unboost|p1a: Palafin|def|1\n|-unboost|p1a: Palafin|spd|1\n|-ability|p2b: Archaludon|Stamina|boost\n|-boost|p2b: Archaludon|def|1\n|move|p2b: Archaludon|Draco Meteor|p1b: Incineroar\n|-damage|p1b: Incineroar|43/100\n|-unboost|p2b: Archaludon|spa|2\n|-enditem|p1b: Incineroar|Sitrus Berry|[eat]\n|-heal|p1b: Incineroar|68/100|[from] item: Sitrus Berry\n|move|p1b: Incineroar|Parting Shot|p2a: Gyarados\n|-unboost|p2a: Gyarados|atk|1\n|-unboost|p2a: Gyarados|spa|1\n|move|p2a: Gyarados|Thunder Wave|p1a: Palafin\n|-status|p1a: Palafin|par\n|\n|upkeep\n|turn|9\n|\n|t:|1776284474\n|move|p1a: Palafin|Protect|p1a: Palafin\n|-singleturn|p1a: Palafin|Protect\n|move|p2b: Archaludon|Draco Meteor|p1a: Palafin\n|-activate|p1a: Palafin|move: Protect\n|move|p1b: Incineroar|Throat Chop|p2a: Gyarados\n|-crit|p2a: Gyarados\n|-damage|p2a: Gyarados|19/100\n|-start|p2a: Gyarados|Throat Chop|[silent]\n|move|p2a: Gyarados|Thunder Wave|p1b: Incineroar\n|-status|p1b: Incineroar|par\n|\n|upkeep\n|turn|10\n|\n|t:|1776284495\n|move|p2b: Archaludon|Draco Meteor|p1a: Palafin|[miss]\n|-miss|p2b: Archaludon|p1a: Palafin\n|move|p2a: Gyarados|Waterfall|p1b: Incineroar\n|-supereffective|p1b: Incineroar|1\n|-damage|p1b: Incineroar|44/100 par\n|move|p1a: Palafin|Close Combat|p2b: Archaludon\n|-supereffective|p2b: Archaludon|1\n|-damage|p2b: Archaludon|0 fnt\n|-unboost|p1a: Palafin|def|1\n|-unboost|p1a: Palafin|spd|1\n|faint|p2b: Archaludon\n|cant|p1b: Incineroar|par\n|\n|-end|p2a: Gyarados|Throat Chop|[silent]\n|upkeep\n|turn|11\n|\n|t:|1776284510\n|detailschange|p2a: Gyarados|Gyarados-Mega, L50, F, shiny\n|-mega|p2a: Gyarados|Gyarados|Gyaradosite\n|-ability|p2a: Gyarados|Mold Breaker\n|move|p1a: Palafin|Jet Punch|p2a: Gyarados\n|-resisted|p2a: Gyarados|1\n|-damage|p2a: Gyarados|0 fnt\n|faint|p2a: Gyarados\n|\n|win|Kazuma Yato\n|raw|Kazuma Yato's rating: 1242 &rarr; <strong>1271</strong><br />(+29 for winning)\n|raw|malamarie's rating: 1294 &rarr; <strong>1265</strong><br />(-29 for losing)\n|l|\u2606malamarie\n|player|p2|\n",
  "uploadtime": 1776284517,
  "views": 28,
  "formatid": "gen9championsvgc2026regma",
  "rating": 1265,
  "private": 0,
  "password": null
}