{
  "id": "gen9championsvgc2026regma-2583114779",
  "format": "[Gen 9 Champions] VGC 2026 Reg M-A",
  "players": [
    "orionsayshi",
    "alessosil"
  ],
  "log": "|j|\u2606orionsayshi\n|j|\u2606alessosil\n|t:|1776143723\n|gametype|doubles\n|player|p1|orionsayshi|elesa|1136\n|player|p2|alessosil|102|1175\n|gen|9\n|tier|[Gen 9 Champions] VGC 2026 Reg M-A\n|rated|\n|rule|Species Clause: Limit one of each Pok\u00e9mon\n|rule|Item Clause: Limit 1 of each item\n|clearpoke\n|poke|p1|Gengar, L50, M|\n|poke|p1|Sinistcha, L50|\n|poke|p1|Palafin, L50, M|\n|poke|p1|Sableye, L50, M|\n|poke|p1|Kommo-o, L50, F|\n|poke|p1|Heliolisk, L50, F|\n|poke|p2|Pelipper, L50, F|\n|poke|p2|Sinistcha, L50|\n|poke|p2|Sneasler, L50, F|\n|poke|p2|Basculegion, L50, M|\n|poke|p2|Archaludon, L50, M|\n|poke|p2|Dragonite, L50, M|\n|teampreview|4\n|\n|t:|1776143741\n|teamsize|p1|4\n|teamsize|p2|4\n|start\n|switch|p1a: Gengar|Gengar, L50, M|100/100\n|switch|p1b: Sableye|Sableye, L50, M|100/100\n|switch|p2a: Pelipper|Pelipper, L50, F|100/100\n|switch|p2b: Dragonite|Dragonite, L50, M|100/100\n|-weather|RainDance|[from] ability: Drizzle|[of] p2a: Pelipper\n|turn|1\n|j| starboykaze\n|\n|t:|1776143776\n|detailschange|p1a: Gengar|Gengar-Mega, L50, M\n|-mega|p1a: Gengar|Gengar|Gengarite\n|detailschange|p2b: Dragonite|Dragonite-Mega, L50, M\n|-mega|p2b: Dragonite|Dragonite|Dragoninite\n|move|p1b: Sableye|Protect|p1b: Sableye\n|-singleturn|p1b: Sableye|Protect\n|move|p1a: Gengar|Protect|p1a: Gengar\n|-singleturn|p1a: Gengar|Protect\n|move|p2b: Dragonite|Hurricane|p1a: Gengar\n|-activate|p1a: Gengar|move: Protect\n|move|p2a: Pelipper|Hurricane|p1a: Gengar\n|-activate|p1a: Gengar|move: Protect\n|\n|-weather|RainDance|[upkeep]\n|upkeep\n|turn|2\n|\n|t:|1776143811\n|move|p1b: Sableye|Disable|p2b: Dragonite\n|-start|p2b: Dragonite|Disable|Hurricane\n|move|p1a: Gengar|Substitute|p1a: Gengar\n|-start|p1a: Gengar|Substitute\n|-damage|p1a: Gengar|76/100\n|cant|p2b: Dragonite|Disable|Hurricane\n|move|p2a: Pelipper|Hurricane|p1a: Gengar\n|-end|p1a: Gengar|Substitute\n|\n|-weather|RainDance|[upkeep]\n|upkeep\n|turn|3\n|\n|t:|1776143829\n|move|p1a: Gengar|Protect|p1a: Gengar\n|-singleturn|p1a: Gengar|Protect\n|move|p1b: Sableye|Encore|p2b: Dragonite\n|-start|p2b: Dragonite|Encore\n|cant|p2b: Dragonite|Disable|Hurricane\n|move|p2a: Pelipper|Weather Ball|p1a: Gengar\n|-activate|p1a: Gengar|move: Protect\n|\n|-weather|RainDance|[upkeep]\n|upkeep\n|turn|4\n|\n|t:|1776143862\n|switch|p1b: Sinistcha|Sinistcha, L50|100/100\n|-heal|p1a: Gengar|100/100|[from] ability: Hospitality|[of] p1b: Sinistcha\n|move|p1a: Gengar|Perish Song|p1a: Gengar\n|-start|p1a: Gengar|perish3|[silent]\n|-start|p1b: Sinistcha|perish3|[silent]\n|-start|p2a: Pelipper|perish3|[silent]\n|-start|p2b: Dragonite|perish3|[silent]\n|-fieldactivate|move: Perish Song\n|-activate|p2b: Dragonite|move: Struggle\n|move|p2b: Dragonite|Struggle|p1a: Gengar\n|-damage|p1a: Gengar|84/100\n|-damage|p2b: Dragonite|75/100|[from] recoil\n|move|p2a: Pelipper|Hurricane|p1a: Gengar\n|-damage|p1a: Gengar|45/100\n|-start|p1a: Gengar|confusion\n|\n|-weather|RainDance|[upkeep]\n|-start|p1a: Gengar|perish3\n|-start|p2b: Dragonite|perish3\n|-start|p1b: Sinistcha|perish3\n|-start|p2a: Pelipper|perish3\n|upkeep\n|turn|5\n|\n|t:|1776143889\n|switch|p1b: Sableye|Sableye, L50, M|100/100\n|-activate|p1a: Gengar|confusion\n|move|p1a: Gengar|Protect|p1a: Gengar\n|-singleturn|p1a: Gengar|Protect\n|-activate|p2b: Dragonite|move: Struggle\n|move|p2b: Dragonite|Struggle|p1b: Sableye\n|-damage|p1b: Sableye|81/100\n|-damage|p2b: Dragonite|50/100|[from] recoil\n|move|p2a: Pelipper|Hurricane|p1b: Sableye\n|-damage|p1b: Sableye|16/100\n|\n|-weather|none\n|-end|p2b: Dragonite|Encore\n|-end|p2b: Dragonite|Disable\n|-start|p1a: Gengar|perish2\n|-start|p2b: Dragonite|perish2\n|-start|p2a: Pelipper|perish2\n|upkeep\n|turn|6\n|\n|t:|1776143949\n|move|p1b: Sableye|Disable|p2a: Pelipper\n|-start|p2a: Pelipper|Disable|Hurricane\n|-activate|p1a: Gengar|confusion\n|move|p1a: Gengar|Substitute|p1a: Gengar\n|-start|p1a: Gengar|Substitute\n|-damage|p1a: Gengar|20/100\n|move|p2b: Dragonite|Hurricane|p1a: Gengar\n|-end|p1a: Gengar|Substitute\n|cant|p2a: Pelipper|Disable|Hurricane\n|\n|-start|p1a: Gengar|perish1\n|-start|p2b: Dragonite|perish1\n|-start|p2a: Pelipper|perish1\n|upkeep\n|turn|7\n|\n|t:|1776143975\n|switch|p1a: Heliolisk|Heliolisk, L50, F|100/100\n|move|p1b: Sableye|Protect|p1b: Sableye\n|-singleturn|p1b: Sableye|Protect\n|move|p2a: Pelipper|Protect|p2a: Pelipper\n|-singleturn|p2a: Pelipper|Protect\n|move|p2b: Dragonite|Hurricane|p1a: Heliolisk\n|-resisted|p1a: Heliolisk|1\n|-damage|p1a: Heliolisk|65/100\n|\n|-start|p2b: Dragonite|perish0\n|-start|p2a: Pelipper|perish0\n|faint|p2b: Dragonite\n|faint|p2a: Pelipper\n|upkeep\n|\n|t:|1776143992\n|switch|p2b: Sneasler|Sneasler, L50, F|100/100\n|switch|p2a: Basculegion|Basculegion, L50, M|100/100\n|turn|8\n|l| starboykaze\n|\n|t:|1776144014\n|move|p1b: Sableye|Protect|p1b: Sableye\n|-singleturn|p1b: Sableye|Protect\n|move|p2a: Basculegion|Aqua Jet|p1b: Sableye\n|-activate|p1b: Sableye|move: Protect\n|move|p2b: Sneasler|Close Combat|p1a: Heliolisk\n|-supereffective|p1a: Heliolisk|1\n|-damage|p1a: Heliolisk|0 fnt\n|-unboost|p2b: Sneasler|def|1\n|-unboost|p2b: Sneasler|spd|1\n|faint|p1a: Heliolisk\n|-enditem|p2b: Sneasler|White Herb\n|-clearnegativeboost|p2b: Sneasler|[silent]\n|\n|upkeep\n|\n|t:|1776144036\n|switch|p1a: Gengar|Gengar-Mega, L50, M|20/100\n|turn|9\n|\n|t:|1776144060\n|move|p1b: Sableye|Encore|p2b: Sneasler\n|-start|p2b: Sneasler|Encore\n|move|p2b: Sneasler|Close Combat|p1a: Gengar\n|-immune|p1a: Gengar\n|move|p1a: Gengar|Shadow Ball|p2a: Basculegion\n|-supereffective|p2a: Basculegion|1\n|-damage|p2a: Basculegion|3/100\n|move|p2a: Basculegion|Last Respects|p1a: Gengar\n|-supereffective|p1a: Gengar|1\n|-damage|p1a: Gengar|0 fnt\n|faint|p1a: Gengar\n|\n|upkeep\n|\n|t:|1776144071\n|switch|p1a: Sinistcha|Sinistcha, L50|100/100\n|-heal|p1b: Sableye|41/100|[from] ability: Hospitality|[of] p1a: Sinistcha\n|turn|10\n|\n|t:|1776144086\n|move|p1b: Sableye|Disable|p2a: Basculegion\n|-start|p2a: Basculegion|Disable|Last Respects\n|move|p2b: Sneasler|Close Combat|p1b: Sableye\n|-immune|p1b: Sableye\n|cant|p2a: Basculegion|Disable|Last Respects\n|move|p1a: Sinistcha|Matcha Gotcha|p2a: Basculegion|[spread] p2a\n|-miss|p1a: Sinistcha|p2b: Sneasler\n|-supereffective|p2a: Basculegion|1\n|-damage|p2a: Basculegion|0 fnt\n|faint|p2a: Basculegion\n|\n|upkeep\n|turn|11\n|-message|alessosil forfeited.\n|\n|win|orionsayshi\n|raw|orionsayshi's rating: 1136 &rarr; <strong>1164</strong><br />(+28 for winning)\n|raw|alessosil's rating: 1175 &rarr; <strong>1147</strong><br />(-28 for losing)\n|l|\u2606alessosil\n|player|p2|\n",
  "uploadtime": 1776144100,
  "views": 38,
  "formatid": "gen9championsvgc2026regma",
  "rating": 1147,
  "private": 0,
  "password": null
}