{
  "id": "gen9championsvgc2026regma-2586026920",
  "format": "[Gen 9 Champions] VGC 2026 Reg M-A",
  "players": [
    "MrMagikarplml",
    "jazzy24"
  ],
  "log": "|j|\u2606MrMagikarplml\n|j|\u2606jazzy24\n|t:|1776391566\n|gametype|doubles\n|player|p1|MrMagikarplml|266|1094\n|player|p2|jazzy24|1|1051\n|gen|9\n|tier|[Gen 9 Champions] VGC 2026 Reg M-A\n|rated|\n|rule|Species Clause: Limit one of each Pok\u00e9mon\n|rule|Item Clause: Limit 1 of each item\n|clearpoke\n|poke|p1|Whimsicott, L50, M|\n|poke|p1|Charizard, L50, F|\n|poke|p1|Incineroar, L50, F|\n|poke|p1|Kingambit, L50, M|\n|poke|p1|Garchomp, L50, F|\n|poke|p1|Rotom-Wash, L50|\n|poke|p2|Aerodactyl, L50, M|\n|poke|p2|Pelipper, L50, F|\n|poke|p2|Meganium, L50, M|\n|poke|p2|Basculegion, L50, M|\n|poke|p2|Archaludon, L50, F|\n|poke|p2|Dragonite, L50, F|\n|teampreview|4\n|inactive|Battle timer is ON: inactive players will automatically lose when time's up. (requested by MrMagikarplml)\n|inactive|MrMagikarplml has 60 seconds left.\n|\n|t:|1776391601\n|teamsize|p1|4\n|teamsize|p2|4\n|start\n|switch|p1a: Rotom|Rotom-Wash, L50|100/100\n|switch|p1b: Garchomp|Garchomp, L50, F|100/100\n|switch|p2a: Aerodactyl|Aerodactyl, L50, M|100/100\n|switch|p2b: Basculegion|Basculegion, L50, M|100/100\n|-ability|p2a: Aerodactyl|Unnerve\n|turn|1\n|l|\u2606jazzy24\n|inactive|jazzy24 disconnected and has a minute to reconnect!\n|player|p2|\n|inactive|jazzy24 has 30 seconds left.\n|j|\u2606jazzy24\n|inactive|jazzy24 reconnected and has 30 seconds left.\n|player|p2|jazzy24|1|\n|inactive|jazzy24 has 20 seconds left.\n|inactive|jazzy24 has 15 seconds left.\n|\n|t:|1776391646\n|move|p2b: Basculegion|Ice Fang|p1b: Garchomp\n|-supereffective|p1b: Garchomp|2\n|-damage|p1b: Garchomp|14/100\n|-damage|p2b: Basculegion|88/100|[from] ability: Rough Skin|[of] p1b: Garchomp\n|move|p2a: Aerodactyl|Tailwind|p2a: Aerodactyl\n|-sidestart|p2: jazzy24|move: Tailwind\n|move|p1b: Garchomp|Rock Slide|p2a: Aerodactyl|[spread] p2a,p2b\n|-supereffective|p2a: Aerodactyl|1\n|-damage|p2a: Aerodactyl|33/100\n|-damage|p2b: Basculegion|61/100\n|move|p1a: Rotom|Volt Switch|p2a: Aerodactyl\n|-supereffective|p2a: Aerodactyl|1\n|-damage|p2a: Aerodactyl|0 fnt\n|faint|p2a: Aerodactyl\n|\n|t:|1776391659\n|switch|p1a: Kingambit|Kingambit, L50, M|100/100|[from] Volt Switch\n|\n|upkeep\n|\n|t:|1776391667\n|switch|p2a: Dragonite|Dragonite, L50, F|100/100\n|turn|2\n|\n|t:|1776391681\n|switch|p2b: Pelipper|Pelipper, L50, F|100/100\n|-weather|RainDance|[from] ability: Drizzle|[of] p2b: Pelipper\n|detailschange|p2a: Dragonite|Dragonite-Mega, L50, F\n|-mega|p2a: Dragonite|Dragonite|Dragoninite\n|move|p1a: Kingambit|Sucker Punch||[still]\n|-fail|p1a: Kingambit\n|move|p2a: Dragonite|Thunder|p1a: Kingambit\n|-damage|p1a: Kingambit|53/100\n|move|p1b: Garchomp|Rock Slide|p2b: Pelipper|[spread] p2b\n|-miss|p1b: Garchomp|p2a: Dragonite\n|-supereffective|p2b: Pelipper|1\n|-damage|p2b: Pelipper|63/100\n|\n|-weather|RainDance|[upkeep]\n|upkeep\n|turn|3\n|\n|t:|1776391703\n|move|p1a: Kingambit|Protect|p1a: Kingambit\n|-singleturn|p1a: Kingambit|Protect\n|move|p2a: Dragonite|Thunder|p1a: Kingambit\n|-activate|p1a: Kingambit|move: Protect\n|move|p2b: Pelipper|Weather Ball|p1b: Garchomp\n|-damage|p1b: Garchomp|0 fnt\n|faint|p1b: Garchomp\n|\n|-weather|RainDance|[upkeep]\n|upkeep\n|\n|t:|1776391713\n|switch|p1b: Rotom|Rotom-Wash, L50|100/100\n|turn|4\n|\n|t:|1776391726\n|move|p2b: Pelipper|Protect|p2b: Pelipper\n|-singleturn|p2b: Pelipper|Protect\n|move|p1a: Kingambit|Sucker Punch|p2a: Dragonite\n|-damage|p2a: Dragonite|81/100\n|move|p2a: Dragonite|Draco Meteor|p1b: Rotom\n|-damage|p1b: Rotom|2/100\n|-unboost|p2a: Dragonite|spa|2\n|move|p1b: Rotom|Volt Switch|p2b: Pelipper\n|-activate|p2b: Pelipper|move: Protect\n|\n|-weather|RainDance|[upkeep]\n|-sideend|p2: jazzy24|move: Tailwind\n|upkeep\n|turn|5\n|inactive|jazzy24 has 30 seconds left.\n|inactive|jazzy24 has 20 seconds left.\n|\n|t:|1776391761\n|switch|p1a: Whimsicott|Whimsicott, L50, M|100/100\n|move|p1b: Rotom|Protect|p1b: Rotom\n|-singleturn|p1b: Rotom|Protect\n|move|p2a: Dragonite|Thunder|p1b: Rotom\n|-activate|p1b: Rotom|move: Protect\n|move|p2b: Pelipper|Weather Ball|p1a: Whimsicott\n|-resisted|p1a: Whimsicott|1\n|-damage|p1a: Whimsicott|65/100\n|\n|-weather|RainDance|[upkeep]\n|upkeep\n|turn|6\n|inactive|MrMagikarplml has 30 seconds left.\n|\n|t:|1776391790\n|switch|p2b: Basculegion|Basculegion, L50, M|61/100\n|move|p1a: Whimsicott|Tailwind|p1a: Whimsicott\n|-sidestart|p1: MrMagikarplml|move: Tailwind\n|move|p1b: Rotom|Volt Switch|p2b: Basculegion\n|-supereffective|p2b: Basculegion|1\n|-damage|p2b: Basculegion|0 fnt\n|faint|p2b: Basculegion\n|\n|t:|1776391799\n|switch|p1b: Kingambit|Kingambit, L50, M|53/100|[from] Volt Switch\n|move|p2a: Dragonite|Hurricane|p1a: Whimsicott\n|-supereffective|p1a: Whimsicott|1\n|-damage|p1a: Whimsicott|0 fnt\n|faint|p1a: Whimsicott\n|\n|-weather|none\n|upkeep\n|\n|t:|1776391806\n|switch|p1a: Rotom|Rotom-Wash, L50|2/100\n|switch|p2b: Pelipper|Pelipper, L50, F|63/100\n|-weather|RainDance|[from] ability: Drizzle|[of] p2b: Pelipper\n|turn|7\n|\n|t:|1776391822\n|move|p2b: Pelipper|Protect|p2b: Pelipper\n|-singleturn|p2b: Pelipper|Protect\n|move|p1a: Rotom|Volt Switch|p2b: Pelipper\n|-activate|p2b: Pelipper|move: Protect\n|move|p2a: Dragonite|Thunder|p1a: Rotom\n|-damage|p1a: Rotom|0 fnt\n|faint|p1a: Rotom\n|move|p1b: Kingambit|Swords Dance|p1b: Kingambit\n|-boost|p1b: Kingambit|atk|2\n|\n|-weather|RainDance|[upkeep]\n|upkeep\n|turn|8\n|\n|t:|1776391835\n|move|p1b: Kingambit|Sucker Punch|p2b: Pelipper\n|-damage|p2b: Pelipper|0 fnt\n|faint|p2b: Pelipper\n|move|p2a: Dragonite|Thunder|p1b: Kingambit\n|-damage|p1b: Kingambit|30/100\n|\n|-weather|RainDance|[upkeep]\n|upkeep\n|turn|9\n|\n|t:|1776391843\n|move|p2a: Dragonite|Thunder|p1b: Kingambit\n|-damage|p1b: Kingambit|7/100\n|move|p1b: Kingambit|Swords Dance|p1b: Kingambit\n|-boost|p1b: Kingambit|atk|2\n|\n|-weather|RainDance|[upkeep]\n|-sideend|p1: MrMagikarplml|move: Tailwind\n|upkeep\n|turn|10\n|\n|t:|1776391853\n|move|p2a: Dragonite|Protect|p2a: Dragonite\n|-singleturn|p2a: Dragonite|Protect\n|move|p1b: Kingambit|Sucker Punch||[still]\n|-fail|p1b: Kingambit\n|\n|-weather|RainDance|[upkeep]\n|upkeep\n|turn|11\n|\n|t:|1776391860\n|move|p2a: Dragonite|Protect||[still]\n|-fail|p2a: Dragonite\n|move|p1b: Kingambit|Sucker Punch||[still]\n|-fail|p1b: Kingambit\n|\n|-weather|none\n|upkeep\n|turn|12\n|\n|t:|1776391866\n|move|p2a: Dragonite|Protect|p2a: Dragonite\n|-singleturn|p2a: Dragonite|Protect\n|move|p1b: Kingambit|Protect||[still]\n|-fail|p1b: Kingambit\n|\n|upkeep\n|turn|13\n|\n|t:|1776391872\n|move|p2a: Dragonite|Protect||[still]\n|-fail|p2a: Dragonite\n|move|p1b: Kingambit|Sucker Punch||[still]\n|-fail|p1b: Kingambit\n|\n|upkeep\n|turn|14\n|\n|t:|1776391881\n|move|p2a: Dragonite|Protect|p2a: Dragonite\n|-singleturn|p2a: Dragonite|Protect\n|move|p1b: Kingambit|Protect||[still]\n|-fail|p1b: Kingambit\n|\n|upkeep\n|turn|15\n|\n|t:|1776391887\n|move|p2a: Dragonite|Protect|p2a: Dragonite\n|-singleturn|p2a: Dragonite|Protect\n|move|p1b: Kingambit|Iron Head|p2a: Dragonite\n|-activate|p2a: Dragonite|move: Protect\n|\n|upkeep\n|turn|16\n|\n|t:|1776391894\n|move|p2a: Dragonite|Protect||[still]\n|-fail|p2a: Dragonite\n|move|p1b: Kingambit|Sucker Punch||[still]\n|-fail|p1b: Kingambit\n|\n|upkeep\n|turn|17\n|\n|t:|1776391900\n|move|p1b: Kingambit|Protect|p1b: Kingambit\n|-singleturn|p1b: Kingambit|Protect\n|move|p2a: Dragonite|Draco Meteor|p1b: Kingambit\n|-activate|p1b: Kingambit|move: Protect\n|\n|upkeep\n|turn|18\n|\n|t:|1776391911\n|move|p2a: Dragonite|Protect|p2a: Dragonite\n|-singleturn|p2a: Dragonite|Protect\n|move|p1b: Kingambit|Sucker Punch||[still]\n|-fail|p1b: Kingambit\n|\n|upkeep\n|turn|19\n|\n|t:|1776391917\n|move|p2a: Dragonite|Draco Meteor|p1b: Kingambit|[miss]\n|-miss|p2a: Dragonite|p1b: Kingambit\n|move|p1b: Kingambit|Iron Head|p2a: Dragonite\n|-damage|p2a: Dragonite|0 fnt\n|faint|p2a: Dragonite\n|\n|win|MrMagikarplml\n|raw|MrMagikarplml's rating: 1094 &rarr; <strong>1117</strong><br />(+23 for winning)\n|raw|jazzy24's rating: 1051 &rarr; <strong>1036</strong><br />(-15 for losing)\n|l|\u2606MrMagikarplml\n|player|p1|\n|c|\u2606jazzy24|Bruh\n",
  "uploadtime": 1776392102,
  "views": 28,
  "formatid": "gen9championsvgc2026regma",
  "rating": 1036,
  "private": 0,
  "password": null
}