{
  "id": "gen9championsvgc2026regma-2589387957",
  "format": "[Gen 9 Champions] VGC 2026 Reg M-A",
  "players": [
    "Weeb53",
    "SorcererBadgerTG"
  ],
  "log": "|j|\u2606Weeb53\n|j|\u2606SorcererBadgerTG\n|t:|1776718942\n|gametype|doubles\n|player|p1|Weeb53|ethan|1186\n|player|p2|SorcererBadgerTG|265|1097\n|gen|9\n|tier|[Gen 9 Champions] VGC 2026 Reg M-A\n|rated|\n|rule|Species Clause: Limit one of each Pok\u00e9mon\n|rule|Item Clause: Limit 1 of each item\n|clearpoke\n|poke|p1|Feraligatr, L50, M|\n|poke|p1|Sinistcha, L50|\n|poke|p1|Mamoswine, L50, M|\n|poke|p1|Milotic, L50, M|\n|poke|p1|Pelipper, L50, M|\n|poke|p1|Kingambit, L50, F|\n|poke|p2|Tyranitar, L50, M|\n|poke|p2|Glimmora, L50, F|\n|poke|p2|Runerigus, L50, M|\n|poke|p2|Charizard, L50, F|\n|poke|p2|Empoleon, L50, M|\n|poke|p2|Rotom-Heat, L50|\n|teampreview|4\n|inactive|Battle timer is ON: inactive players will automatically lose when time's up. (requested by SorcererBadgerTG)\n|\n|t:|1776718970\n|teamsize|p1|4\n|teamsize|p2|4\n|start\n|switch|p1a: Pelipper|Pelipper, L50, M|100/100\n|switch|p1b: Milotic|Milotic, L50, M|100/100\n|switch|p2a: Runerigus|Runerigus, L50, M|100/100\n|switch|p2b: Charizard|Charizard, L50, F|100/100\n|-weather|RainDance|[from] ability: Drizzle|[of] p1a: Pelipper\n|turn|1\n|\n|t:|1776718991\n|detailschange|p2b: Charizard|Charizard-Mega-Y, L50, F\n|-mega|p2b: Charizard|Charizard|Charizardite Y\n|-weather|SunnyDay|[from] ability: Drought|[of] p2b: Charizard\n|move|p2b: Charizard|Protect|p2b: Charizard\n|-singleturn|p2b: Charizard|Protect\n|move|p1b: Milotic|Icy Wind|p2b: Charizard|[spread] p2a\n|-activate|p2b: Charizard|move: Protect\n|-supereffective|p2a: Runerigus|1\n|-damage|p2a: Runerigus|86/100\n|-unboost|p2a: Runerigus|spe|1\n|move|p1a: Pelipper|U-turn|p2a: Runerigus\n|-resisted|p2a: Runerigus|1\n|-damage|p2a: Runerigus|82/100\n|-activate|p1a: Pelipper|Skill Swap|Wandering Spirit|Drizzle|[of] p2a: Runerigus\n|-weather|RainDance|[from] ability: Drizzle|[of] p2a: Runerigus\n|\n|t:|1776719005\n|switch|p1a: Feraligatr|Feraligatr, L50, M|100/100|[from] U-turn\n|move|p2a: Runerigus|Trick Room|p2a: Runerigus\n|-fieldstart|move: Trick Room|[of] p2a: Runerigus\n|\n|-weather|RainDance|[upkeep]\n|-heal|p2a: Runerigus|88/100|[from] item: Leftovers\n|upkeep\n|turn|2\n|\n|t:|1776719023\n|switch|p2b: Tyranitar|Tyranitar, L50, M|100/100\n|-weather|Sandstorm|[from] ability: Sand Stream|[of] p2b: Tyranitar\n|detailschange|p1a: Feraligatr|Feraligatr-Mega, L50, M\n|-mega|p1a: Feraligatr|Feraligatr|Feraligite\n|move|p1a: Feraligatr|Aqua Jet|p2b: Tyranitar\n|-supereffective|p2b: Tyranitar|1\n|-damage|p2b: Tyranitar|47/100\n|move|p2a: Runerigus|Will-O-Wisp|p1a: Feraligatr\n|-status|p1a: Feraligatr|brn\n|move|p1b: Milotic|Scald|p2a: Runerigus\n|-supereffective|p2a: Runerigus|1\n|-damage|p2a: Runerigus|47/100\n|\n|-weather|Sandstorm|[upkeep]\n|-damage|p1b: Milotic|95/100|[from] Sandstorm\n|-damage|p1a: Feraligatr|94/100 brn|[from] Sandstorm\n|-heal|p2a: Runerigus|53/100|[from] item: Leftovers\n|-heal|p1b: Milotic|100/100|[from] item: Leftovers\n|-damage|p1a: Feraligatr|88/100 brn|[from] brn\n|upkeep\n|turn|3\n|inactive|SorcererBadgerTG has 30 seconds left.\n|\n|t:|1776719053\n|switch|p2b: Glimmora|Glimmora, L50, F|100/100\n|switch|p1b: Pelipper|Pelipper, L50, M|100/100\n|-weather|RainDance|[from] ability: Drizzle|[of] p1b: Pelipper\n|move|p1a: Feraligatr|Aqua Jet|p2a: Runerigus\n|-supereffective|p2a: Runerigus|1\n|-damage|p2a: Runerigus|22/100\n|move|p2a: Runerigus|Phantom Force||[still]\n|-prepare|p2a: Runerigus|Phantom Force\n|\n|-weather|RainDance|[upkeep]\n|-heal|p2a: Runerigus|28/100|[from] item: Leftovers\n|-damage|p1a: Feraligatr|82/100 brn|[from] brn\n|upkeep\n|turn|4\n|inactive|SorcererBadgerTG has 30 seconds left.\n|inactive|SorcererBadgerTG has 20 seconds left.\n|inactive|SorcererBadgerTG has 15 seconds left.\n|inactive|SorcererBadgerTG has 10 seconds left.\n|\n|t:|1776719101\n|move|p1b: Pelipper|Protect|p1b: Pelipper\n|-singleturn|p1b: Pelipper|Protect\n|move|p2b: Glimmora|Spiky Shield|p2b: Glimmora\n|-singleturn|p2b: Glimmora|move: Protect\n|move|p1a: Feraligatr|Protect|p1a: Feraligatr\n|-singleturn|p1a: Feraligatr|Protect\n|move|p2a: Runerigus|Phantom Force|p1b: Pelipper|[from] lockedmove\n|-activate|p1b: Pelipper|move: Phantom Force|[broken]\n|-damage|p1b: Pelipper|67/100\n|\n|-weather|RainDance|[upkeep]\n|-heal|p2a: Runerigus|34/100|[from] item: Leftovers\n|-damage|p1a: Feraligatr|75/100 brn|[from] brn\n|upkeep\n|turn|5\n|inactive|Weeb53 has 30 seconds left.\n|\n|t:|1776719127\n|switch|p2a: Charizard|Charizard-Mega-Y, L50, F|100/100\n|-weather|SunnyDay|[from] ability: Drought|[of] p2a: Charizard\n|move|p1b: Pelipper|Tailwind|p1b: Pelipper\n|-sidestart|p1: Weeb53|move: Tailwind\n|move|p2b: Glimmora|Toxic Spikes|p1a: Feraligatr\n|-sidestart|p1: Weeb53|move: Toxic Spikes\n|move|p1a: Feraligatr|Liquidation|p2b: Glimmora\n|-supereffective|p2b: Glimmora|1\n|-damage|p2b: Glimmora|76/100\n|-unboost|p2b: Glimmora|def|1\n|-activate|p2b: Glimmora|ability: Toxic Debris\n|-sidestart|p1: Weeb53|move: Toxic Spikes\n|\n|-weather|SunnyDay|[upkeep]\n|-damage|p1a: Feraligatr|69/100 brn|[from] brn\n|-fieldend|move: Trick Room\n|upkeep\n|turn|6\n|inactive|Weeb53 has 30 seconds left.\n|\n|t:|1776719155\n|switch|p1b: Milotic|Milotic, L50, M|100/100\n|-status|p1b: Milotic|tox\n|move|p1a: Feraligatr|Liquidation|p2a: Charizard\n|-supereffective|p2a: Charizard|1\n|-damage|p2a: Charizard|57/100\n|move|p2a: Charizard|Heat Wave|p1b: Milotic|[spread] p1a,p1b\n|-resisted|p1a: Feraligatr|2\n|-resisted|p1b: Milotic|1\n|-damage|p1a: Feraligatr|50/100 brn\n|-damage|p1b: Milotic|78/100 tox\n|move|p2b: Glimmora|Power Gem|p1b: Milotic\n|-crit|p1b: Milotic\n|-damage|p1b: Milotic|29/100 tox\n|\n|-weather|SunnyDay|[upkeep]\n|-heal|p1b: Milotic|35/100 tox|[from] item: Leftovers\n|-damage|p1b: Milotic|29/100 tox|[from] psn\n|-damage|p1a: Feraligatr|44/100 brn|[from] brn\n|upkeep\n|turn|7\n|inactive|SorcererBadgerTG has 30 seconds left.\n|\n|t:|1776719183\n|switch|p2a: Tyranitar|Tyranitar, L50, M|47/100\n|-weather|Sandstorm|[from] ability: Sand Stream|[of] p2a: Tyranitar\n|move|p1a: Feraligatr|Protect|p1a: Feraligatr\n|-singleturn|p1a: Feraligatr|Protect\n|move|p1b: Milotic|Recover|p1b: Milotic\n|-heal|p1b: Milotic|79/100 tox\n|move|p2b: Glimmora|Power Gem|p1b: Milotic\n|-damage|p1b: Milotic|45/100 tox\n|\n|-weather|Sandstorm|[upkeep]\n|-damage|p1a: Feraligatr|38/100 brn|[from] Sandstorm\n|-damage|p1b: Milotic|39/100 tox|[from] Sandstorm\n|-heal|p1b: Milotic|45/100 tox|[from] item: Leftovers\n|-damage|p1b: Milotic|33/100 tox|[from] psn\n|-damage|p1a: Feraligatr|32/100 brn|[from] brn\n|upkeep\n|turn|8\n|\n|t:|1776719203\n|switch|p1b: Pelipper|Pelipper, L50, M|67/100\n|-weather|RainDance|[from] ability: Drizzle|[of] p1b: Pelipper\n|switch|p2a: Charizard|Charizard-Mega-Y, L50, F|57/100\n|-weather|SunnyDay|[from] ability: Drought|[of] p2a: Charizard\n|move|p2b: Glimmora|Spiky Shield|p2b: Glimmora\n|-singleturn|p2b: Glimmora|move: Protect\n|move|p1a: Feraligatr|Liquidation|p2a: Charizard\n|-supereffective|p2a: Charizard|1\n|-damage|p2a: Charizard|20/100\n|-unboost|p2a: Charizard|def|1\n|\n|-weather|SunnyDay|[upkeep]\n|-damage|p1a: Feraligatr|25/100 brn|[from] brn\n|-sideend|p1: Weeb53|move: Tailwind\n|upkeep\n|turn|9\n|inactive|SorcererBadgerTG has 30 seconds left.\n|\n|t:|1776719234\n|move|p2a: Charizard|Heat Wave|p1a: Feraligatr|[spread] p1a,p1b\n|-resisted|p1a: Feraligatr|2\n|-resisted|p1b: Pelipper|1\n|-damage|p1a: Feraligatr|5/100 brn\n|-damage|p1b: Pelipper|12/100\n|move|p1a: Feraligatr|Liquidation|p2b: Glimmora\n|-supereffective|p2b: Glimmora|1\n|-damage|p2b: Glimmora|32/100\n|move|p2b: Glimmora|Power Gem|p1b: Pelipper\n|-supereffective|p1b: Pelipper|1\n|-damage|p1b: Pelipper|0 fnt\n|faint|p1b: Pelipper\n|\n|-weather|SunnyDay|[upkeep]\n|-damage|p1a: Feraligatr|0 fnt|[from] brn\n|faint|p1a: Feraligatr\n|upkeep\n|\n|t:|1776719247\n|switch|p1a: Mamoswine|Mamoswine, L50, M|100/100\n|switch|p1b: Milotic|Milotic, L50, M|33/100 tox\n|-status|p1a: Mamoswine|tox\n|turn|10\n|\n|t:|1776719263\n|move|p2b: Glimmora|Spiky Shield|p2b: Glimmora\n|-singleturn|p2b: Glimmora|move: Protect\n|move|p2a: Charizard|Heat Wave|p1a: Mamoswine|[spread] p1b\n|-miss|p2a: Charizard|p1a: Mamoswine\n|-resisted|p1b: Milotic|1\n|-damage|p1b: Milotic|8/100 tox\n|move|p1a: Mamoswine|Stone Edge|p2a: Charizard\n|-supereffective|p2a: Charizard|2\n|-crit|p2a: Charizard\n|-damage|p2a: Charizard|0 fnt\n|faint|p2a: Charizard\n|move|p1b: Milotic|Scald|p2b: Glimmora\n|-activate|p2b: Glimmora|move: Protect\n|\n|-weather|SunnyDay|[upkeep]\n|-heal|p1b: Milotic|14/100 tox|[from] item: Leftovers\n|-damage|p1a: Mamoswine|95/100 tox|[from] psn\n|-damage|p1b: Milotic|8/100 tox|[from] psn\n|upkeep\n|\n|t:|1776719283\n|switch|p2a: Runerigus|Runerigus, L50, M|34/100\n|turn|11\n|inactive|SorcererBadgerTG has 30 seconds left.\n|\n|t:|1776719310\n|move|p1a: Mamoswine|High Horsepower|p2a: Runerigus\n|-damage|p2a: Runerigus|0 fnt\n|-activate|p1a: Mamoswine|Skill Swap|Wandering Spirit|Thick Fat|[of] p2a: Runerigus\n|faint|p2a: Runerigus\n|move|p1b: Milotic|Recover|p1b: Milotic\n|-heal|p1b: Milotic|58/100 tox\n|move|p2b: Glimmora|Power Gem|p1a: Mamoswine\n|-damage|p1a: Mamoswine|32/100 tox\n|-enditem|p1a: Mamoswine|Sitrus Berry|[eat]\n|-heal|p1a: Mamoswine|56/100 tox|[from] item: Sitrus Berry\n|\n|-weather|SunnyDay|[upkeep]\n|-heal|p1b: Milotic|64/100 tox|[from] item: Leftovers\n|-damage|p1a: Mamoswine|44/100 tox|[from] psn\n|-damage|p1b: Milotic|52/100 tox|[from] psn\n|upkeep\n|\n|t:|1776719327\n|switch|p2a: Tyranitar|Tyranitar, L50, M|47/100\n|-weather|Sandstorm|[from] ability: Sand Stream|[of] p2a: Tyranitar\n|turn|12\n|\n|t:|1776719340\n|move|p2b: Glimmora|Spiky Shield|p2b: Glimmora\n|-singleturn|p2b: Glimmora|move: Protect\n|move|p2a: Tyranitar|Protect|p2a: Tyranitar\n|-singleturn|p2a: Tyranitar|Protect\n|move|p1a: Mamoswine|High Horsepower|p2a: Tyranitar\n|-activate|p2a: Tyranitar|move: Protect\n|move|p1b: Milotic|Scald|p2b: Glimmora\n|-activate|p2b: Glimmora|move: Protect\n|\n|-weather|Sandstorm|[upkeep]\n|-damage|p1b: Milotic|46/100 tox|[from] Sandstorm\n|-heal|p1b: Milotic|52/100 tox|[from] item: Leftovers\n|-damage|p1a: Mamoswine|27/100 tox|[from] psn\n|-damage|p1b: Milotic|34/100 tox|[from] psn\n|upkeep\n|turn|13\n|inactive|SorcererBadgerTG has 30 seconds left.\n|\n|t:|1776719369\n|move|p1a: Mamoswine|High Horsepower|p2a: Tyranitar\n|-supereffective|p2a: Tyranitar|1\n|-damage|p2a: Tyranitar|0 fnt\n|faint|p2a: Tyranitar\n|move|p1b: Milotic|Scald|p2b: Glimmora\n|-supereffective|p2b: Glimmora|1\n|-damage|p2b: Glimmora|0 fnt\n|faint|p2b: Glimmora\n|\n|win|Weeb53\n|raw|Weeb53's rating: 1186 &rarr; <strong>1205</strong><br />(+19 for winning)\n|raw|SorcererBadgerTG's rating: 1097 &rarr; <strong>1079</strong><br />(-18 for losing)\n",
  "uploadtime": 1776719379,
  "views": 6,
  "formatid": "gen9championsvgc2026regma",
  "rating": 1079,
  "private": 0,
  "password": null
}