{
  "id": "gen9championsvgc2026regma-2585151925",
  "format": "[Gen 9 Champions] VGC 2026 Reg M-A",
  "players": [
    "jadenawesomeguy",
    "benis_cult"
  ],
  "log": "|j|\u2606jadenawesomeguy\n|j|\u2606benis_cult\n|t:|1776318174\n|gametype|doubles\n|player|p1|jadenawesomeguy|ballguy|1028\n|player|p2|benis_cult|iris|1110\n|gen|9\n|tier|[Gen 9 Champions] VGC 2026 Reg M-A\n|rated|\n|rule|Species Clause: Limit one of each Pok\u00e9mon\n|rule|Item Clause: Limit 1 of each item\n|clearpoke\n|poke|p1|Ceruledge, L50, F|\n|poke|p1|Abomasnow, L50, M|\n|poke|p1|Crabominable, L50, M|\n|poke|p1|Garchomp, L50, M|\n|poke|p1|Alcremie, L50, F|\n|poke|p1|Palafin, L50, F|\n|poke|p2|Dragonite, L50, M|\n|poke|p2|Aerodactyl, L50, M|\n|poke|p2|Politoed, L50, M|\n|poke|p2|Kangaskhan, L50, F|\n|poke|p2|Archaludon, L50, F|\n|poke|p2|Sneasler, L50, F|\n|teampreview|4\n|\n|t:|1776318237\n|teamsize|p1|4\n|teamsize|p2|4\n|start\n|switch|p1a: Abomasnow|Abomasnow, L50, M|100/100\n|switch|p1b: Palafin|Palafin, L50, F|100/100\n|switch|p2a: Kangaskhan|Kangaskhan, L50, F|100/100\n|switch|p2b: Sneasler|Sneasler, L50, F|100/100\n|-weather|Snowscape|[from] ability: Snow Warning|[of] p1a: Abomasnow\n|turn|1\n|\n|t:|1776318273\n|detailschange|p1b: Palafin|Palafin-Hero, L50, F\n|switch|p1b: Ceruledge|Ceruledge, L50, F|100/100\n|detailschange|p2a: Kangaskhan|Kangaskhan-Mega, L50, F\n|-mega|p2a: Kangaskhan|Kangaskhan|Kangaskhanite\n|move|p1a: Abomasnow|Protect|p1a: Abomasnow\n|-singleturn|p1a: Abomasnow|Protect\n|move|p2a: Kangaskhan|Fake Out|p1b: Ceruledge\n|-immune|p1b: Ceruledge\n|move|p2b: Sneasler|Close Combat|p1a: Abomasnow\n|-activate|p1a: Abomasnow|move: Protect\n|\n|-weather|Snowscape|[upkeep]\n|upkeep\n|turn|2\n|\n|t:|1776318320\n|move|p2a: Kangaskhan|Protect|p2a: Kangaskhan\n|-singleturn|p2a: Kangaskhan|Protect\n|move|p1b: Ceruledge|Ally Switch|p1b: Ceruledge\n|swap|p1b: Ceruledge|0|[from] move: Ally Switch\n|move|p2b: Sneasler|Close Combat|p1a: Ceruledge\n|-immune|p1a: Ceruledge\n|move|p1b: Abomasnow|Aurora Veil|p1b: Abomasnow\n|-sidestart|p1: jadenawesomeguy|move: Aurora Veil\n|\n|-weather|Snowscape|[upkeep]\n|upkeep\n|turn|3\n|\n|t:|1776318343\n|switch|p2b: Politoed|Politoed, L50, M|100/100\n|-weather|RainDance|[from] ability: Drizzle|[of] p2b: Politoed\n|move|p1a: Ceruledge|Bulk Up|p1a: Ceruledge\n|-boost|p1a: Ceruledge|atk|1\n|-boost|p1a: Ceruledge|def|1\n|move|p2a: Kangaskhan|Earthquake|p1b: Abomasnow|[spread] p2b,p1a,p1b\n|-supereffective|p1a: Ceruledge|1\n|-resisted|p1b: Abomasnow|1\n|-damage|p2b: Politoed|67/100\n|-damage|p1a: Ceruledge|65/100\n|-damage|p1b: Abomasnow|90/100\n|move|p1b: Abomasnow|Blizzard|p2b: Politoed|[spread] p2a\n|-miss|p1b: Abomasnow|p2b: Politoed\n|-damage|p2a: Kangaskhan|73/100\n|\n|-weather|RainDance|[upkeep]\n|upkeep\n|turn|4\n|\n|t:|1776318379\n|switch|p1b: Palafin|Palafin-Hero, L50, F|100/100\n|-activate|p1b: Palafin|ability: Zero to Hero\n|move|p1a: Ceruledge|Poltergeist|p2b: Politoed\n|-activate|p2b: Politoed|move: Poltergeist|Sitrus Berry\n|-damage|p2b: Politoed|0 fnt\n|faint|p2b: Politoed\n|move|p2a: Kangaskhan|Last Resort|p1b: Palafin\n|-damage|p1b: Palafin|53/100\n|-damage|p1b: Palafin|42/100\n|-enditem|p1b: Palafin|Sitrus Berry|[eat]\n|-heal|p1b: Palafin|67/100|[from] item: Sitrus Berry\n|-hitcount|p1b: Palafin|2\n|\n|-weather|RainDance|[upkeep]\n|upkeep\n|\n|t:|1776318396\n|switch|p2b: Archaludon|Archaludon, L50, F|100/100\n|turn|5\n|\n|t:|1776318433\n|move|p2a: Kangaskhan|Protect|p2a: Kangaskhan\n|-singleturn|p2a: Kangaskhan|Protect\n|move|p1a: Ceruledge|Poltergeist|p2b: Archaludon\n|-activate|p2b: Archaludon|move: Poltergeist|Leftovers\n|-damage|p2b: Archaludon|41/100\n|-ability|p2b: Archaludon|Stamina|boost\n|-boost|p2b: Archaludon|def|1\n|move|p2b: Archaludon|Electro Shot||[still]\n|-prepare|p2b: Archaludon|Electro Shot\n|-boost|p2b: Archaludon|spa|1\n|-anim|p2b: Archaludon|Electro Shot|p1a: Ceruledge\n|-damage|p1a: Ceruledge|13/100\n|move|p1b: Palafin|Drain Punch|p2b: Archaludon\n|-supereffective|p2b: Archaludon|1\n|-damage|p2b: Archaludon|9/100\n|-heal|p1b: Palafin|80/100|[from] drain|[of] p2b: Archaludon\n|-ability|p2b: Archaludon|Stamina|boost\n|-boost|p2b: Archaludon|def|1\n|\n|-weather|RainDance|[upkeep]\n|-heal|p2b: Archaludon|15/100|[from] item: Leftovers\n|upkeep\n|turn|6\n|\n|t:|1776318466\n|move|p2b: Archaludon|Protect|p2b: Archaludon\n|-singleturn|p2b: Archaludon|Protect\n|move|p1a: Ceruledge|Ally Switch|p1a: Ceruledge\n|swap|p1a: Ceruledge|1|[from] move: Ally Switch\n|move|p2a: Kangaskhan|Last Resort|p1b: Ceruledge\n|-immune|p1b: Ceruledge\n|move|p1a: Palafin|Bulk Up|p1a: Palafin\n|-boost|p1a: Palafin|atk|1\n|-boost|p1a: Palafin|def|1\n|\n|-weather|RainDance|[upkeep]\n|-heal|p2b: Archaludon|21/100|[from] item: Leftovers\n|-sideend|p1: jadenawesomeguy|move: Aurora Veil\n|upkeep\n|turn|7\n|\n|t:|1776318503\n|move|p2a: Kangaskhan|Protect|p2a: Kangaskhan\n|-singleturn|p2a: Kangaskhan|Protect\n|move|p1b: Ceruledge|Ally Switch||[still]\n|-fail|p1b: Ceruledge\n|move|p1a: Palafin|Jet Punch|p2a: Kangaskhan\n|-activate|p2a: Kangaskhan|move: Protect\n|move|p2b: Archaludon|Draco Meteor|p1a: Palafin\n|-damage|p1a: Palafin|0 fnt\n|-unboost|p2b: Archaludon|spa|2\n|faint|p1a: Palafin\n|\n|-weather|none\n|-heal|p2b: Archaludon|27/100|[from] item: Leftovers\n|upkeep\n|\n|t:|1776318508\n|switch|p1a: Abomasnow|Abomasnow, L50, M|90/100\n|-weather|Snowscape|[from] ability: Snow Warning|[of] p1a: Abomasnow\n|turn|8\n|\n|t:|1776318538\n|move|p2b: Archaludon|Protect|p2b: Archaludon\n|-singleturn|p2b: Archaludon|Protect\n|move|p1b: Ceruledge|Ally Switch|p1b: Ceruledge\n|swap|p1b: Ceruledge|0|[from] move: Ally Switch\n|move|p2a: Kangaskhan|Earthquake|p1a: Ceruledge|[spread] p1a,p1b\n|-activate|p2b: Archaludon|move: Protect\n|-supereffective|p1a: Ceruledge|1\n|-resisted|p1b: Abomasnow|1\n|-damage|p1a: Ceruledge|0 fnt\n|-damage|p1b: Abomasnow|80/100\n|faint|p1a: Ceruledge\n|move|p1b: Abomasnow|Blizzard|p2b: Archaludon|[spread] p2a\n|-activate|p2b: Archaludon|move: Protect\n|-damage|p2a: Kangaskhan|47/100\n|\n|-weather|Snowscape|[upkeep]\n|-heal|p2b: Archaludon|33/100|[from] item: Leftovers\n|upkeep\n|\n|t:|1776318541\n|switch|p1a: Crabominable|Crabominable, L50, M|100/100\n|turn|9\n|\n|t:|1776318582\n|move|p2a: Kangaskhan|Last Resort|p1a: Crabominable\n|-damage|p1a: Crabominable|41/100\n|-damage|p1a: Crabominable|27/100\n|-hitcount|p1a: Crabominable|2\n|move|p2b: Archaludon|Flash Cannon|p1a: Crabominable\n|-supereffective|p1a: Crabominable|1\n|-damage|p1a: Crabominable|0 fnt\n|faint|p1a: Crabominable\n|move|p1b: Abomasnow|Frost Breath|p1: Crabominable|[notarget]\n|-fail|p1b: Abomasnow\n|\n|-weather|Snowscape|[upkeep]\n|-heal|p2b: Archaludon|39/100|[from] item: Leftovers\n|upkeep\n|turn|10\n|-message|jadenawesomeguy forfeited.\n|\n|win|benis_cult\n|raw|jadenawesomeguy's rating: 1028 &rarr; <strong>1017</strong><br />(-11 for losing)\n|raw|benis_cult's rating: 1110 &rarr; <strong>1129</strong><br />(+19 for winning)\n|l|\u2606jadenawesomeguy\n|player|p1|\n",
  "uploadtime": 1776318606,
  "views": 24,
  "formatid": "gen9championsvgc2026regma",
  "rating": 1017,
  "private": 0,
  "password": null
}