{
  "id": "gen9championsvgc2026regma-2588846897",
  "format": "[Gen 9 Champions] VGC 2026 Reg M-A",
  "players": [
    "taccafa",
    "realicetypefan"
  ],
  "log": "|j|\u203dtaccafa\n|j|\u2606realicetypefan\n|t:|1776678024\n|gametype|doubles\n|player|p1|taccafa|pokefanf|1054\n|player|p2|realicetypefan|adaman|1000\n|gen|9\n|tier|[Gen 9 Champions] VGC 2026 Reg M-A\n|rated|\n|rule|Species Clause: Limit one of each Pok\u00e9mon\n|rule|Item Clause: Limit 1 of each item\n|clearpoke\n|poke|p1|Glimmora, L50, F|\n|poke|p1|Tyranitar, L50, M|\n|poke|p1|Incineroar, L50, M|\n|poke|p1|Milotic, L50, F|\n|poke|p1|Garchomp, L50, F|\n|poke|p1|Meganium, L50, F|\n|poke|p2|Lucario, L50, M, shiny|\n|poke|p2|Maushold, L50|\n|poke|p2|Garchomp, L50, F|\n|poke|p2|Sylveon, L50, M|\n|poke|p2|Incineroar, L50, M|\n|poke|p2|Aegislash, L50, F|\n|teampreview|4\n|inactive|Battle timer is ON: inactive players will automatically lose when time's up. (requested by taccafa)\n|\n|t:|1776678051\n|teamsize|p1|4\n|teamsize|p2|4\n|start\n|switch|p1a: Incineroar|Incineroar, L50, M|100/100\n|switch|p1b: Milotic|Milotic, L50, F|100/100\n|switch|p2a: Goku|Lucario, L50, M, shiny|100/100\n|switch|p2b: Maushold|Maushold, L50|100/100\n|-ability|p1a: Incineroar|Intimidate|boost\n|-unboost|p2a: Goku|atk|1\n|-unboost|p2b: Maushold|atk|1\n|turn|1\n|inactive|taccafa has 30 seconds left.\n|\n|t:|1776678079\n|move|p2b: Maushold|Protect|p2b: Maushold\n|-singleturn|p2b: Maushold|Protect\n|move|p2a: Goku|Detect|p2a: Goku\n|-singleturn|p2a: Goku|Protect\n|move|p1a: Incineroar|Fake Out|p2a: Goku\n|-activate|p2a: Goku|move: Protect\n|move|p1b: Milotic|Scald|p2b: Maushold\n|-activate|p2b: Maushold|move: Protect\n|\n|upkeep\n|turn|2\n|\n|t:|1776678100\n|switch|p1b: Garchomp|Garchomp, L50, F|100/100\n|move|p2b: Maushold|Beat Up|p2a: Goku\n|-resisted|p2a: Goku|1\n|-damage|p2a: Goku|99/100\n|-ability|p2a: Goku|Justified|boost\n|-boost|p2a: Goku|atk|1\n|-resisted|p2a: Goku|1\n|-damage|p2a: Goku|99/100\n|-ability|p2a: Goku|Justified|boost\n|-boost|p2a: Goku|atk|1\n|-resisted|p2a: Goku|1\n|-damage|p2a: Goku|98/100\n|-ability|p2a: Goku|Justified|boost\n|-boost|p2a: Goku|atk|1\n|-resisted|p2a: Goku|1\n|-damage|p2a: Goku|97/100\n|-ability|p2a: Goku|Justified|boost\n|-boost|p2a: Goku|atk|1\n|-hitcount|p2a: Goku|4\n|move|p2a: Goku|Close Combat|p1a: Incineroar\n|-supereffective|p1a: Incineroar|1\n|-damage|p1a: Incineroar|0 fnt\n|-unboost|p2a: Goku|def|1\n|-unboost|p2a: Goku|spd|1\n|faint|p1a: Incineroar\n|\n|upkeep\n|\n|t:|1776678113\n|switch|p1a: Glimmora|Glimmora, L50, F|100/100\n|turn|3\n|\n|t:|1776678133\n|detailschange|p2a: Goku|Lucario-Mega, L50, M, shiny\n|-mega|p2a: Goku|Lucario|Lucarionite\n|detailschange|p1a: Glimmora|Glimmora-Mega, L50, F\n|-mega|p1a: Glimmora|Glimmora|Glimmoranite\n|move|p2a: Goku|Extreme Speed|p1b: Garchomp\n|-crit|p1b: Garchomp\n|-enditem|p1b: Garchomp|Focus Sash\n|-damage|p1b: Garchomp|1/100\n|move|p2b: Maushold|Follow Me|p2b: Maushold\n|-singleturn|p2b: Maushold|move: Follow Me\n|move|p1b: Garchomp|Stomping Tantrum|p2b: Maushold\n|-damage|p2b: Maushold|49/100\n|move|p1a: Glimmora|Sludge Bomb|p2b: Maushold\n|-damage|p2b: Maushold|0 fnt\n|faint|p2b: Maushold\n|\n|upkeep\n|\n|t:|1776678148\n|switch|p2b: Incineroar|Incineroar, L50, M|100/100\n|-ability|p2b: Incineroar|Intimidate|boost\n|-unboost|p1a: Glimmora|atk|1\n|-unboost|p1b: Garchomp|atk|1\n|turn|4\n|\n|t:|1776678158\n|move|p1b: Garchomp|Protect|p1b: Garchomp\n|-singleturn|p1b: Garchomp|Protect\n|move|p1a: Glimmora|Spiky Shield|p1a: Glimmora\n|-singleturn|p1a: Glimmora|move: Protect\n|move|p2b: Incineroar|Fake Out|p1b: Garchomp\n|-activate|p1b: Garchomp|move: Protect\n|move|p2a: Goku|Extreme Speed|p1a: Glimmora\n|-activate|p1a: Glimmora|move: Protect\n|-damage|p2a: Goku|85/100|[from] Spiky Shield|[of] p1a: Glimmora\n|\n|upkeep\n|turn|5\n|inactive|realicetypefan has 30 seconds left.\n|\n|t:|1776678191\n|switch|p1b: Milotic|Milotic, L50, F|100/100\n|move|p2a: Goku|Close Combat|p1a: Glimmora\n|-damage|p1a: Glimmora|0 fnt\n|-unboost|p2a: Goku|def|1\n|-unboost|p2a: Goku|spd|1\n|faint|p1a: Glimmora\n|move|p2b: Incineroar|Darkest Lariat|p1b: Milotic\n|-damage|p1b: Milotic|69/100\n|\n|-heal|p1b: Milotic|75/100|[from] item: Leftovers\n|upkeep\n|-message|taccafa forfeited.\n|\n|win|realicetypefan\n|raw|taccafa's rating: 1054 &rarr; <strong>1033</strong><br />(-21 for losing)\n|raw|realicetypefan's rating: 1000 &rarr; <strong>1046</strong><br />(+46 for winning)\n|l|\u203dtaccafa\n|player|p1|\n",
  "uploadtime": 1776678204,
  "views": 20,
  "formatid": "gen9championsvgc2026regma",
  "rating": 1033,
  "private": 0,
  "password": null
}