{
  "id": "gen9championsvgc2026regma-2581006779",
  "format": "[Gen 9 Champions] VGC 2026 Reg M-A",
  "players": [
    "MrKwan",
    "SleepyPumpk1n"
  ],
  "log": "|j|\u2606MrKwan\n|j|\u2606SleepyPumpk1n\n|t:|1775951093\n|gametype|doubles\n|player|p1|MrKwan|101|1198\n|player|p2|SleepyPumpk1n|red-masters3|1106\n|gen|9\n|tier|[Gen 9 Champions] VGC 2026 Reg M-A\n|rated|\n|rule|Species Clause: Limit one of each Pok\u00e9mon\n|rule|Item Clause: Limit 1 of each item\n|clearpoke\n|poke|p1|Torkoal, L50, M|\n|poke|p1|Lopunny, L50, F|\n|poke|p1|Farigiraf, L50, M|\n|poke|p1|Sinistcha, L50|\n|poke|p1|Azumarill, L50, M|\n|poke|p1|Tinkaton, L50, F|\n|poke|p2|Tyranitar, L50, F|\n|poke|p2|Aerodactyl, L50, F|\n|poke|p2|Sinistcha-Masterpiece, L50|\n|poke|p2|Garchomp, L50, F|\n|poke|p2|Incineroar, L50, M|\n|poke|p2|Sneasler, L50, F|\n|teampreview|4\n|inactive|Battle timer is ON: inactive players will automatically lose when time's up. (requested by SleepyPumpk1n)\n|inactive|MrKwan has 60 seconds left.\n|inactive|SleepyPumpk1n has 60 seconds left.\n|\n|t:|1775951152\n|teamsize|p1|4\n|teamsize|p2|4\n|start\n|switch|p1a: Lopunny|Lopunny, L50, F|100/100\n|switch|p1b: Azumarill|Azumarill, L50, M|100/100\n|switch|p2a: Tyranitar|Tyranitar, L50, F|100/100\n|switch|p2b: Aerodactyl|Aerodactyl, L50, F|100/100\n|-weather|Sandstorm|[from] ability: Sand Stream|[of] p2a: Tyranitar\n|turn|1\n|inactive|SleepyPumpk1n has 30 seconds left.\n|\n|t:|1775951180\n|detailschange|p1a: Lopunny|Lopunny-Mega, L50, F\n|-mega|p1a: Lopunny|Lopunny|Lopunnite\n|move|p2a: Tyranitar|Protect|p2a: Tyranitar\n|-singleturn|p2a: Tyranitar|Protect\n|move|p1a: Lopunny|Fake Out|p2b: Aerodactyl\n|-resisted|p2b: Aerodactyl|1\n|-damage|p2b: Aerodactyl|88/100\n|cant|p2b: Aerodactyl|flinch\n|move|p1b: Azumarill|Belly Drum|p1b: Azumarill\n|-damage|p1b: Azumarill|50/100\n|-setboost|p1b: Azumarill|atk|6|[from] move: Belly Drum\n|-enditem|p1b: Azumarill|Sitrus Berry|[eat]\n|-heal|p1b: Azumarill|75/100|[from] item: Sitrus Berry\n|\n|-weather|Sandstorm|[upkeep]\n|-damage|p1a: Lopunny|95/100|[from] Sandstorm\n|-damage|p1b: Azumarill|69/100|[from] Sandstorm\n|upkeep\n|turn|2\n|\n|t:|1775951204\n|switch|p2a: Garchomp|Garchomp, L50, F|100/100\n|detailschange|p2b: Aerodactyl|Aerodactyl-Mega, L50, F\n|-mega|p2b: Aerodactyl|Aerodactyl|Aerodactylite\n|move|p1b: Azumarill|Aqua Jet|p2b: Aerodactyl\n|-supereffective|p2b: Aerodactyl|1\n|-damage|p2b: Aerodactyl|0 fnt\n|faint|p2b: Aerodactyl\n|move|p1a: Lopunny|Encore||[still]\n|-fail|p1a: Lopunny\n|\n|-weather|Sandstorm|[upkeep]\n|-damage|p1a: Lopunny|89/100|[from] Sandstorm\n|-damage|p1b: Azumarill|64/100|[from] Sandstorm\n|upkeep\n|\n|t:|1775951212\n|switch|p2b: Sneasler|Sneasler, L50, F|100/100\n|turn|3\n|inactive|SleepyPumpk1n has 30 seconds left.\n|\n|t:|1775951242\n|switch|p1a: Sinistcha|Sinistcha, L50|100/100\n|-heal|p1b: Azumarill|88/100|[from] ability: Hospitality|[of] p1a: Sinistcha\n|move|p1b: Azumarill|Protect|p1b: Azumarill\n|-singleturn|p1b: Azumarill|Protect\n|move|p2b: Sneasler|Fake Out|p1b: Azumarill\n|-activate|p1b: Azumarill|move: Protect\n|move|p2a: Garchomp|Scale Shot|p1a: Sinistcha\n|-damage|p1a: Sinistcha|88/100\n|-damage|p1a: Sinistcha|76/100\n|-damage|p1a: Sinistcha|63/100\n|-damage|p1a: Sinistcha|49/100\n|-hitcount|p1a: Sinistcha|4\n|-unboost|p2a: Garchomp|def|1\n|-boost|p2a: Garchomp|spe|1\n|\n|-weather|Sandstorm|[upkeep]\n|-damage|p2b: Sneasler|95/100|[from] Sandstorm\n|-damage|p1a: Sinistcha|43/100|[from] Sandstorm\n|-damage|p1b: Azumarill|83/100|[from] Sandstorm\n|upkeep\n|turn|4\n|inactive|MrKwan has 30 seconds left.\n|inactive|SleepyPumpk1n has 30 seconds left.\n|inactive|MrKwan has 20 seconds left.\n|inactive|MrKwan has 15 seconds left.\n|inactive|SleepyPumpk1n has 20 seconds left.\n|inactive|MrKwan has 10 seconds left.\n|inactive|MrKwan has 5 seconds left.\n|\n|t:|1775951294\n|move|p1b: Azumarill|Aqua Jet|p2a: Garchomp\n|-damage|p2a: Garchomp|0 fnt\n|-damage|p1b: Azumarill|70/100|[from] ability: Rough Skin|[of] p2a: Garchomp\n|faint|p2a: Garchomp\n|move|p2b: Sneasler|Dire Claw|p1b: Azumarill\n|-supereffective|p1b: Azumarill|1\n|-damage|p1b: Azumarill|0 fnt\n|faint|p1b: Azumarill\n|move|p1a: Sinistcha|Trick Room|p1a: Sinistcha\n|-fieldstart|move: Trick Room|[of] p1a: Sinistcha\n|\n|-weather|Sandstorm|[upkeep]\n|-damage|p1a: Sinistcha|37/100|[from] Sandstorm\n|-damage|p2b: Sneasler|89/100|[from] Sandstorm\n|upkeep\n|\n|t:|1775951309\n|switch|p1b: Torkoal|Torkoal, L50, M|100/100\n|switch|p2a: Tyranitar|Tyranitar, L50, F|100/100\n|-weather|SunnyDay|[from] ability: Drought|[of] p1b: Torkoal\n|-weather|Sandstorm|[from] ability: Sand Stream|[of] p2a: Tyranitar\n|turn|5\n|\n|t:|1775951332\n|move|p1b: Torkoal|Eruption|p2b: Sneasler|[spread] p2a,p2b\n|-resisted|p2a: Tyranitar|1\n|-damage|p2a: Tyranitar|86/100\n|-damage|p2b: Sneasler|13/100\n|move|p2a: Tyranitar|High Horsepower|p1b: Torkoal\n|-supereffective|p1b: Torkoal|1\n|-damage|p1b: Torkoal|38/100\n|move|p1a: Sinistcha|Matcha Gotcha|p2a: Tyranitar|[spread] p2a,p2b\n|-supereffective|p2a: Tyranitar|1\n|-resisted|p2b: Sneasler|1\n|-damage|p2a: Tyranitar|53/100\n|-heal|p1a: Sinistcha|56/100|[from] drain|[of] p2a: Tyranitar\n|-damage|p2b: Sneasler|0 fnt\n|-heal|p1a: Sinistcha|62/100|[from] drain|[of] p2b: Sneasler\n|faint|p2b: Sneasler\n|\n|-weather|Sandstorm|[upkeep]\n|-damage|p1b: Torkoal|32/100|[from] Sandstorm\n|-damage|p1a: Sinistcha|56/100|[from] Sandstorm\n|upkeep\n|turn|6\n|inactive|MrKwan has 30 seconds left.\n|\n|t:|1775951364\n|move|p1b: Torkoal|Solar Beam||[still]\n|-prepare|p1b: Torkoal|Solar Beam\n|move|p2a: Tyranitar|Crunch|p1a: Sinistcha\n|-supereffective|p1a: Sinistcha|1\n|-damage|p1a: Sinistcha|0 fnt\n|faint|p1a: Sinistcha\n|\n|-weather|Sandstorm|[upkeep]\n|-damage|p1b: Torkoal|26/100|[from] Sandstorm\n|upkeep\n|\n|t:|1775951385\n|switch|p1a: Lopunny|Lopunny-Mega, L50, F|89/100\n|turn|7\n|\n|t:|1775951397\n|move|p1a: Lopunny|Helping Hand|p1b: Torkoal\n|-singleturn|p1b: Torkoal|Helping Hand|[of] p1a: Lopunny\n|move|p2a: Tyranitar|Protect|p2a: Tyranitar\n|-singleturn|p2a: Tyranitar|Protect\n|move|p1b: Torkoal|Solar Beam|p2a: Tyranitar|[from] lockedmove\n|-activate|p2a: Tyranitar|move: Protect\n|\n|-weather|Sandstorm|[upkeep]\n|-damage|p1b: Torkoal|20/100|[from] Sandstorm\n|-damage|p1a: Lopunny|83/100|[from] Sandstorm\n|upkeep\n|turn|8\n|\n|t:|1775951409\n|move|p1a: Lopunny|Helping Hand|p1b: Torkoal\n|-singleturn|p1b: Torkoal|Helping Hand|[of] p1a: Lopunny\n|move|p1b: Torkoal|Earth Power|p2a: Tyranitar\n|-supereffective|p2a: Tyranitar|1\n|-damage|p2a: Tyranitar|6/100\n|move|p2a: Tyranitar|High Horsepower|p1b: Torkoal\n|-supereffective|p1b: Torkoal|1\n|-damage|p1b: Torkoal|0 fnt\n|faint|p1b: Torkoal\n|\n|-weather|Sandstorm|[upkeep]\n|-damage|p1a: Lopunny|77/100|[from] Sandstorm\n|-fieldend|move: Trick Room\n|upkeep\n|turn|9\n|-message|MrKwan forfeited.\n|\n|win|SleepyPumpk1n\n|raw|MrKwan's rating: 1198 &rarr; <strong>1167</strong><br />(-31 for losing)\n|raw|SleepyPumpk1n's rating: 1106 &rarr; <strong>1137</strong><br />(+31 for winning)\n|l|\u2606MrKwan\n|player|p1|\n",
  "uploadtime": 1775951424,
  "views": 23,
  "formatid": "gen9championsvgc2026regma",
  "rating": 1137,
  "private": 0,
  "password": null
}