{
  "id": "gen9championsvgc2026regma-2587752289",
  "format": "[Gen 9 Champions] VGC 2026 Reg M-A",
  "players": [
    "TheOllieBoi",
    "tubbbbbytoucan"
  ],
  "log": "|j|\u2606TheOllieBoi\n|j|\u2606tubbbbbytoucan\n|t:|1776560440\n|gametype|doubles\n|player|p1|TheOllieBoi|101|1108\n|player|p2|tubbbbbytoucan|101|1121\n|gen|9\n|tier|[Gen 9 Champions] VGC 2026 Reg M-A\n|rated|\n|rule|Species Clause: Limit one of each Pok\u00e9mon\n|rule|Item Clause: Limit 1 of each item\n|clearpoke\n|poke|p1|Kangaskhan, L50, F|\n|poke|p1|Sableye, L50, F|\n|poke|p1|Espathra, L50, M|\n|poke|p1|Aegislash, L50, F|\n|poke|p1|Milotic, L50, F|\n|poke|p1|Flapple, L50, F|\n|poke|p2|Gengar, L50, M|\n|poke|p2|Whimsicott, L50, M|\n|poke|p2|Primarina, L50, F|\n|poke|p2|Incineroar, L50, M|\n|poke|p2|Kingambit, L50, F|\n|poke|p2|Raichu, L50, F|\n|teampreview|4\n|\n|t:|1776560462\n|teamsize|p1|4\n|teamsize|p2|4\n|start\n|switch|p1a: Sableye|Sableye, L50, F|100/100\n|switch|p1b: Milotic|Milotic, L50, F|100/100\n|switch|p2a: Kingambit|Kingambit, L50, F|100/100\n|switch|p2b: Raichu|Raichu, L50, F|100/100\n|turn|1\n|\n|t:|1776560486\n|switch|p1b: Aegislash|Aegislash, L50, F|100/100\n|move|p2b: Raichu|Protect|p2b: Raichu\n|-singleturn|p2b: Raichu|Protect\n|move|p2a: Kingambit|Protect|p2a: Kingambit\n|-singleturn|p2a: Kingambit|Protect\n|move|p1a: Sableye|Fake Out|p2a: Kingambit\n|-activate|p2a: Kingambit|move: Protect\n|\n|upkeep\n|turn|2\n|\n|t:|1776560510\n|move|p1a: Sableye|Encore|p2a: Kingambit\n|-hint|Since gen 7, Dark is immune to Prankster moves.\n|-immune|p2a: Kingambit\n|move|p2b: Raichu|Volt Switch|p1a: Sableye\n|-damage|p1a: Sableye|74/100\n|\n|t:|1776560516\n|switch|p2b: Incineroar|Incineroar, L50, M|100/100|[from] Volt Switch\n|-ability|p2b: Incineroar|Intimidate|boost\n|-unboost|p1a: Sableye|atk|1\n|-unboost|p1b: Aegislash|atk|1\n|move|p2a: Kingambit|Kowtow Cleave|p1b: Aegislash\n|-supereffective|p1b: Aegislash|1\n|-damage|p1b: Aegislash|27/100\n|-formechange|p1b: Aegislash|Aegislash-Blade|\n|move|p1b: Aegislash|Poltergeist|p2b: Incineroar\n|-activate|p2b: Incineroar|move: Poltergeist|Lum Berry\n|-resisted|p2b: Incineroar|1\n|-damage|p2b: Incineroar|75/100\n|\n|upkeep\n|turn|3\n|\n|t:|1776560540\n|switch|p1b: Milotic|Milotic, L50, F|100/100\n|move|p1a: Sableye|Gravity|p1a: Sableye\n|-fieldstart|move: Gravity\n|move|p2b: Incineroar|Flare Blitz|p1b: Milotic\n|-resisted|p1b: Milotic|1\n|-damage|p1b: Milotic|77/100\n|-damage|p2b: Incineroar|67/100|[from] Recoil\n|move|p2a: Kingambit|Kowtow Cleave|p1a: Sableye\n|-damage|p1a: Sableye|24/100\n|\n|upkeep\n|turn|4\n|\n|t:|1776560560\n|move|p1b: Milotic|Hypnosis|p2a: Kingambit\n|-status|p2a: Kingambit|slp|[from] move: Hypnosis\n|move|p2b: Incineroar|Parting Shot|p1a: Sableye\n|-unboost|p1a: Sableye|atk|1\n|-unboost|p1a: Sableye|spa|1\n|\n|t:|1776560566\n|switch|p2b: Raichu|Raichu, L50, F|100/100|[from] Parting Shot\n|cant|p2a: Kingambit|slp\n|move|p1a: Sableye|Foul Play|p2a: Kingambit\n|-resisted|p2a: Kingambit|1\n|-damage|p2a: Kingambit|81/100 slp\n|\n|upkeep\n|turn|5\n|\n|t:|1776560587\n|switch|p1a: Kangaskhan|Kangaskhan, L50, F|100/100\n|move|p2b: Raichu|Nuzzle|p1a: Kangaskhan\n|-damage|p1a: Kangaskhan|90/100\n|-status|p1a: Kangaskhan|par\n|move|p1b: Milotic|Hydro Pump|p2a: Kingambit\n|-damage|p2a: Kingambit|38/100 slp\n|cant|p2a: Kingambit|slp\n|\n|upkeep\n|turn|6\n|\n|t:|1776560608\n|detailschange|p1a: Kangaskhan|Kangaskhan-Mega, L50, F\n|-mega|p1a: Kangaskhan|Kangaskhan|Kangaskhanite\n|move|p2b: Raichu|Volt Switch|p1b: Milotic\n|-supereffective|p1b: Milotic|1\n|-damage|p1b: Milotic|47/100\n|-enditem|p1b: Milotic|Sitrus Berry|[eat]\n|-heal|p1b: Milotic|72/100|[from] item: Sitrus Berry\n|\n|t:|1776560618\n|switch|p2b: Gengar|Gengar, L50, M|100/100|[from] Volt Switch\n|move|p1b: Milotic|Hydro Pump|p2a: Kingambit\n|-damage|p2a: Kingambit|0 fnt\n|faint|p2a: Kingambit\n|cant|p1a: Kangaskhan|par\n|\n|upkeep\n|\n|t:|1776560628\n|switch|p2a: Raichu|Raichu, L50, F|100/100\n|turn|7\n|\n|t:|1776560642\n|detailschange|p2b: Gengar|Gengar-Mega, L50, M\n|-mega|p2b: Gengar|Gengar|Gengarite\n|move|p2a: Raichu|Fake Out|p1a: Kangaskhan\n|-damage|p1a: Kangaskhan|80/100 par\n|move|p2b: Gengar|Perish Song|p2b: Gengar\n|-start|p1a: Kangaskhan|perish3|[silent]\n|-start|p1b: Milotic|perish3|[silent]\n|-start|p2a: Raichu|perish3|[silent]\n|-start|p2b: Gengar|perish3|[silent]\n|-fieldactivate|move: Perish Song\n|move|p1b: Milotic|Hypnosis|p2b: Gengar\n|-status|p2b: Gengar|slp|[from] move: Hypnosis\n|cant|p1a: Kangaskhan|flinch\n|\n|-start|p2b: Gengar|perish3\n|-start|p2a: Raichu|perish3\n|-start|p1b: Milotic|perish3\n|-start|p1a: Kangaskhan|perish3\n|-fieldend|move: Gravity\n|upkeep\n|turn|8\n|\n|t:|1776560667\n|cant|p2b: Gengar|slp\n|move|p2a: Raichu|Nuzzle|p1b: Milotic\n|-supereffective|p1b: Milotic|1\n|-damage|p1b: Milotic|54/100\n|-status|p1b: Milotic|par\n|move|p1a: Kangaskhan|Drain Punch|p2a: Raichu\n|-damage|p2a: Raichu|44/100\n|-heal|p1a: Kangaskhan|100/100 par|[from] drain|[of] p2a: Raichu\n|-damage|p2a: Raichu|30/100\n|-hitcount|p2a: Raichu|2\n|cant|p1b: Milotic|par\n|\n|-start|p2b: Gengar|perish2\n|-start|p2a: Raichu|perish2\n|-start|p1a: Kangaskhan|perish2\n|-start|p1b: Milotic|perish2\n|upkeep\n|turn|9\n|\n|t:|1776560697\n|switch|p2b: Incineroar|Incineroar, L50, M|67/100\n|-ability|p2b: Incineroar|Intimidate|boost\n|-unboost|p1a: Kangaskhan|atk|1\n|-unboost|p1b: Milotic|atk|1\n|-ability|p1b: Milotic|Competitive|boost\n|-boost|p1b: Milotic|spa|2\n|move|p2a: Raichu|Volt Switch|p1b: Milotic\n|-supereffective|p1b: Milotic|1\n|-damage|p1b: Milotic|23/100 par\n|\n|t:|1776560705\n|switch|p2a: Gengar|Gengar-Mega, L50, M|100/100 slp|[from] Volt Switch\n|move|p1a: Kangaskhan|Drain Punch|p2a: Gengar\n|-immune|p2a: Gengar\n|move|p1b: Milotic|Hydro Pump|p2b: Incineroar\n|-supereffective|p2b: Incineroar|1\n|-damage|p2b: Incineroar|0 fnt\n|faint|p2b: Incineroar\n|\n|-start|p1a: Kangaskhan|perish1\n|-start|p1b: Milotic|perish1\n|upkeep\n|\n|t:|1776560719\n|switch|p2b: Raichu|Raichu, L50, F|30/100\n|turn|10\n|\n|t:|1776560730\n|move|p2b: Raichu|Fake Out|p1b: Milotic\n|-damage|p1b: Milotic|12/100 par\n|cant|p2a: Gengar|slp\n|move|p1a: Kangaskhan|Drain Punch|p2b: Raichu\n|-damage|p2b: Raichu|0 fnt\n|faint|p2b: Raichu\n|-hitcount|p2: Raichu|1\n|cant|p1b: Milotic|flinch\n|\n|-start|p1a: Kangaskhan|perish0\n|-start|p1b: Milotic|perish0\n|upkeep\n|faint|p1a: Kangaskhan\n|faint|p1b: Milotic\n|\n|t:|1776560745\n|switch|p1a: Sableye|Sableye, L50, F|24/100\n|switch|p1b: Aegislash|Aegislash, L50, F|27/100\n|turn|11\n|\n|t:|1776560753\n|-curestatus|p2a: Gengar|slp|[msg]\n|move|p2a: Gengar|Protect|p2a: Gengar\n|-singleturn|p2a: Gengar|Protect\n|-formechange|p1b: Aegislash|Aegislash-Blade|\n|move|p1b: Aegislash|Poltergeist|p2a: Gengar\n|-activate|p2a: Gengar|move: Protect\n|move|p1a: Sableye|Foul Play|p2a: Gengar\n|-activate|p2a: Gengar|move: Protect\n|\n|upkeep\n|turn|12\n|\n|t:|1776560768\n|move|p1a: Sableye|Encore|p2a: Gengar\n|-start|p2a: Gengar|Encore\n|move|p2a: Gengar|Protect||[still]\n|-fail|p2a: Gengar\n|move|p1b: Aegislash|Poltergeist|p2a: Gengar\n|-activate|p2a: Gengar|move: Poltergeist|Gengarite\n|-supereffective|p2a: Gengar|1\n|-damage|p2a: Gengar|0 fnt\n|faint|p2a: Gengar\n|\n|win|TheOllieBoi\n|raw|TheOllieBoi's rating: 1108 &rarr; <strong>1134</strong><br />(+26 for winning)\n|raw|tubbbbbytoucan's rating: 1121 &rarr; <strong>1095</strong><br />(-26 for losing)\n|l|\u2606tubbbbbytoucan\n|player|p2|\n",
  "uploadtime": 1776560797,
  "views": 12,
  "formatid": "gen9championsvgc2026regma",
  "rating": 1095,
  "private": 0,
  "password": null
}