{
  "id": "gen9championsvgc2026regma-2585129742",
  "format": "[Gen 9 Champions] VGC 2026 Reg M-A",
  "players": [
    "zeaconnot",
    "Mabbie"
  ],
  "log": "|j|\u2606zeaconnot\n|j|\u2606Mabbie\n|t:|1776315301\n|gametype|doubles\n|player|p1|zeaconnot|102|1040\n|player|p2|Mabbie|170|1051\n|gen|9\n|tier|[Gen 9 Champions] VGC 2026 Reg M-A\n|rated|\n|rule|Species Clause: Limit one of each Pok\u00e9mon\n|rule|Item Clause: Limit 1 of each item\n|clearpoke\n|poke|p1|Milotic, L50, M|\n|poke|p1|Whimsicott, L50, F|\n|poke|p1|Incineroar, L50, F|\n|poke|p1|Aegislash, L50, F|\n|poke|p1|Ninetales-Alola, L50, F|\n|poke|p1|Dragonite, L50, F|\n|poke|p2|Hawlucha, L50, F|\n|poke|p2|Orthworm, L50, M|\n|poke|p2|Garchomp, L50, M|\n|poke|p2|Sneasler, L50, F|\n|poke|p2|Vanilluxe, L50, M|\n|poke|p2|Maushold-Four, L50|\n|teampreview|4\n|\n|t:|1776315335\n|teamsize|p1|4\n|teamsize|p2|4\n|start\n|switch|p1a: Whimsicott|Whimsicott, L50, F|100/100\n|switch|p1b: Milotic|Milotic, L50, M|100/100\n|switch|p2a: Sorry|Sneasler, L50, F|100/100\n|switch|p2b: Maice|Maushold-Four, L50|100/100\n|turn|1\n|\n|t:|1776315354\n|move|p2a: Sorry|Fake Out|p1a: Whimsicott\n|-damage|p1a: Whimsicott|78/100\n|cant|p1a: Whimsicott|flinch\n|move|p2b: Maice|Population Bomb|p1b: Milotic|[miss]\n|-miss|p2b: Maice|p1b: Milotic\n|move|p1b: Milotic|Scald|p2b: Maice\n|-damage|p2b: Maice|62/100\n|\n|upkeep\n|turn|2\n|\n|t:|1776315382\n|move|p1a: Whimsicott|Psychic|p2a: Sorry\n|-supereffective|p2a: Sorry|2\n|-damage|p2a: Sorry|1/100\n|move|p2b: Maice|Population Bomb|p1b: Milotic\n|-damage|p1b: Milotic|95/100\n|-damage|p1b: Milotic|89/100\n|-damage|p1b: Milotic|83/100\n|-damage|p1b: Milotic|77/100\n|-damage|p1b: Milotic|71/100\n|-damage|p1b: Milotic|66/100\n|-damage|p1b: Milotic|60/100\n|-damage|p1b: Milotic|54/100\n|-damage|p1b: Milotic|48/100\n|-damage|p1b: Milotic|42/100\n|-hitcount|p1b: Milotic|10\n|move|p2a: Sorry|Dire Claw|p1a: Whimsicott\n|-supereffective|p1a: Whimsicott|2\n|-damage|p1a: Whimsicott|0 fnt\n|faint|p1a: Whimsicott\n|move|p1b: Milotic|Muddy Water|p2b: Maice|[spread] p2a,p2b\n|-damage|p2a: Sorry|0 fnt\n|-damage|p2b: Maice|27/100\n|faint|p2a: Sorry\n|\n|-heal|p1b: Milotic|48/100|[from] item: Leftovers\n|upkeep\n|inactive|Battle timer is ON: inactive players will automatically lose when time's up. (requested by Mabbie)\n|\n|t:|1776315409\n|switch|p1a: Incineroar|Incineroar, L50, F|100/100\n|switch|p2a: Kris|Hawlucha, L50, F|100/100\n|-ability|p2a: Kris|Mold Breaker\n|-ability|p1a: Incineroar|Intimidate|boost\n|-unboost|p2a: Kris|atk|1\n|-unboost|p2b: Maice|atk|1\n|turn|3\n|\n|t:|1776315430\n|move|p2a: Kris|Protect|p2a: Kris\n|-singleturn|p2a: Kris|Protect\n|move|p1a: Incineroar|Fake Out|p2b: Maice\n|-damage|p2b: Maice|7/100\n|cant|p2b: Maice|flinch\n|move|p1b: Milotic|Recover|p1b: Milotic\n|-heal|p1b: Milotic|98/100\n|\n|-heal|p1b: Milotic|100/100|[from] item: Leftovers\n|upkeep\n|turn|4\n|inactive|zeaconnot has 30 seconds left.\n|inactive|Mabbie has 30 seconds left.\n|\n|t:|1776315459\n|switch|p1a: Dragonite|Dragonite, L50, F|100/100\n|detailschange|p2a: Kris|Hawlucha-Mega, L50, F\n|-mega|p2a: Kris|Hawlucha|Hawluchanite\n|move|p2b: Maice|Follow Me|p2b: Maice\n|-singleturn|p2b: Maice|move: Follow Me\n|move|p2a: Kris|Cross Chop|p1a: Dragonite\n|-resisted|p1a: Dragonite|1\n|-damage|p1a: Dragonite|80/100\n|move|p1b: Milotic|Muddy Water|p2a: Kris|[spread] p2a,p2b\n|-damage|p2a: Kris|81/100\n|-damage|p2b: Maice|0 fnt\n|faint|p2b: Maice\n|\n|upkeep\n|\n|t:|1776315470\n|switch|p2b: Noelle|Vanilluxe, L50, M|100/100\n|-weather|Snowscape|[from] ability: Snow Warning|[of] p2b: Noelle\n|turn|5\n|\n|t:|1776315493\n|detailschange|p1a: Dragonite|Dragonite-Mega, L50, F\n|-mega|p1a: Dragonite|Dragonite|Dragoninite\n|move|p1a: Dragonite|Draco Meteor|p2b: Noelle\n|-damage|p2b: Noelle|16/100\n|-unboost|p1a: Dragonite|spa|2\n|move|p2a: Kris|Entrainment|p2b: Noelle\n|-ability|p2b: Noelle|No Guard|Snow Warning|[from] move: Entrainment|[of] p2a: Kris\n|move|p2b: Noelle|Sheer Cold|p1a: Dragonite\n|-damage|p1a: Dragonite|0 fnt\n|faint|p1a: Dragonite\n|-ohko\n|move|p1b: Milotic|Scald|p2a: Kris\n|-damage|p2a: Kris|50/100\n|\n|-weather|Snowscape|[upkeep]\n|upkeep\n|\n|t:|1776315509\n|switch|p1a: Incineroar|Incineroar, L50, F|100/100\n|-ability|p1a: Incineroar|Intimidate|boost\n|-unboost|p2a: Kris|atk|1\n|-unboost|p2b: Noelle|atk|1\n|turn|6\n|\n|t:|1776315525\n|move|p2a: Kris|Protect|p2a: Kris\n|-singleturn|p2a: Kris|Protect\n|move|p2b: Noelle|Protect|p2b: Noelle\n|-singleturn|p2b: Noelle|Protect\n|move|p1a: Incineroar|Fake Out|p2b: Noelle\n|-activate|p2b: Noelle|move: Protect\n|move|p1b: Milotic|Scald|p2b: Noelle\n|-activate|p2b: Noelle|move: Protect\n|\n|-weather|Snowscape|[upkeep]\n|upkeep\n|turn|7\n|inactive|zeaconnot has 30 seconds left.\n|\n|t:|1776315551\n|move|p2a: Kris|Cross Chop|p1a: Incineroar\n|-supereffective|p1a: Incineroar|1\n|-crit|p1a: Incineroar\n|-damage|p1a: Incineroar|0 fnt\n|faint|p1a: Incineroar\n|move|p2b: Noelle|Sheer Cold|p1b: Milotic\n|-damage|p1b: Milotic|0 fnt\n|faint|p1b: Milotic\n|-ohko\n|\n|win|Mabbie\n|raw|zeaconnot's rating: 1040 &rarr; <strong>1025</strong><br />(-15 for losing)\n|raw|Mabbie's rating: 1051 &rarr; <strong>1082</strong><br />(+31 for winning)\n|c|\u2606Mabbie|ggwp!\n",
  "uploadtime": 1776315738,
  "views": 25,
  "formatid": "gen9championsvgc2026regma",
  "rating": 1025,
  "private": 0,
  "password": null
}