{
  "id": "gen9championsvgc2026regma-2586609064",
  "format": "[Gen 9 Champions] VGC 2026 Reg M-A",
  "players": [
    "holdingb",
    "Pickly_pancake"
  ],
  "log": "|j|\u2606holdingb\n|j|\u2606Pickly_pancake\n|t:|1776446522\n|gametype|doubles\n|player|p1|holdingb|266|\n|player|p2|Pickly_pancake|ninjaboy|\n|gen|9\n|tier|[Gen 9 Champions] VGC 2026 Reg M-A\n|rated|Tournament battle\n|rule|Species Clause: Limit one of each Pok\u00e9mon\n|rule|Item Clause: Limit 1 of each item\n|raw|<div class=\"infobox\"><details class=\"readmore\" open><summary><strong>1 custom rule:</strong></summary> Force Open Team Sheets</details></div>\n|clearpoke\n|poke|p1|Meowscarada, L50, F|\n|poke|p1|Dragapult, L50, M|\n|poke|p1|Rotom-Wash, L50|\n|poke|p1|Corviknight, L50, F|\n|poke|p1|Charizard, L50, F|\n|poke|p1|Sneasler, L50, M|\n|poke|p2|Froslass, L50, F|\n|poke|p2|Sneasler, L50, F|\n|poke|p2|Incineroar, L50, F|\n|poke|p2|Tinkaton, L50, F|\n|poke|p2|Milotic, L50, M|\n|poke|p2|Aerodactyl, L50, M|\n|teampreview|4\n|showteam|p1|Meowscarada||ChoiceScarf|Protean|FlowerTrick,ThroatChop,TripleAxel,ThunderPunch|||F|||50|]Dragapult||FocusSash|ClearBody|PhantomForce,DragonDarts,PsychicFangs,Protect|||M|||50|]Rotom-Wash||SitrusBerry|Levitate|HydroPump,VoltSwitch,Protect,WillOWisp||||||50|]Corviknight||Leftovers|Unnerve|BodyPress,IronHead,IronDefense,Roost|||F|||50|]Charizard||CharizarditeY|SolarPower|HeatWave,WeatherBall,SolarBeam,Protect|||F|||50|]Sneasler||WhiteHerb|Unburden|FakeOut,CloseCombat,DireClaw,RockTomb|||M|||50|\n|showteam|p2|Froslass||Froslassite|CursedBody|AuroraVeil,Blizzard,ShadowBall,Protect|||F|||50|]Sneasler||WhiteHerb|Unburden|Protect,DireClaw,CloseCombat,RockTomb|||F|||50|]Incineroar||ChopleBerry|Intimidate|FakeOut,DarkestLariat,FlareBlitz,PartingShot|||F|||50|]Tinkaton||Leftovers|OwnTempo|GigatonHammer,FakeOut,PlayRough,HelpingHand|||F|||50|]Milotic||SitrusBerry|Competitive|IcyWind,LifeDew,Scald,Protect|||M|||50|]Aerodactyl||FocusSash|Pressure|DualWingbeat,RockSlide,Tailwind,PsychicFangs|||M|||50|\n|inactive|Battle timer is ON: inactive players will automatically lose when time's up. (requested by holdingb)\n|c|\u2606Pickly_pancake|glhf\n|j| Gootrifa\n|j|@Radio Free C-Side\n|c|\u2606holdingb|u2\n|inactive|holdingb has 60 seconds left.\n|inactive|Pickly_pancake has 60 seconds left.\n|\n|t:|1776446582\n|teamsize|p1|4\n|teamsize|p2|4\n|start\n|switch|p1a: Dragapult|Dragapult, L50, M|100/100\n|switch|p1b: Meowscarada|Meowscarada, L50, F|100/100\n|switch|p2a: Tinkaton|Tinkaton, L50, F|100/100\n|switch|p2b: Froslass|Froslass, L50, F|100/100\n|turn|1\n|\n|t:|1776446607\n|switch|p1b: Charizard|Charizard, L50, F|100/100\n|detailschange|p2b: Froslass|Froslass-Mega, L50, F\n|-mega|p2b: Froslass|Froslass|Froslassite\n|-weather|Snowscape|[from] ability: Snow Warning|[of] p2b: Froslass\n|move|p2a: Tinkaton|Fake Out|p1b: Charizard\n|-damage|p1b: Charizard|85/100\n|move|p1a: Dragapult|Phantom Force||[still]\n|-prepare|p1a: Dragapult|Phantom Force\n|move|p2b: Froslass|Blizzard|p1b: Charizard|[spread] p1b\n|-miss|p2b: Froslass|p1a: Dragapult\n|-damage|p1b: Charizard|28/100\n|\n|-weather|Snowscape|[upkeep]\n|upkeep\n|turn|2\n|\n|t:|1776446633\n|switch|p2b: Incineroar|Incineroar, L50, F|100/100\n|-ability|p2b: Incineroar|Intimidate|boost\n|-fail|p1a: Dragapult|unboost|[from] ability: Clear Body|[of] p1a: Dragapult\n|-unboost|p1b: Charizard|atk|1\n|detailschange|p1b: Charizard|Charizard-Mega-Y, L50, F\n|-mega|p1b: Charizard|Charizard|Charizardite Y\n|-weather|SunnyDay|[from] ability: Drought|[of] p1b: Charizard\n|move|p1a: Dragapult|Phantom Force|p2b: Incineroar|[from] lockedmove\n|-resisted|p2b: Incineroar|1\n|-damage|p2b: Incineroar|82/100\n|move|p1b: Charizard|Weather Ball|p2a: Tinkaton\n|-supereffective|p2a: Tinkaton|1\n|-damage|p2a: Tinkaton|0 fnt\n|faint|p2a: Tinkaton\n|\n|-weather|SunnyDay|[upkeep]\n|upkeep\n|\n|t:|1776446647\n|switch|p2a: Froslass|Froslass-Mega, L50, F|100/100\n|-weather|Snowscape|[from] ability: Snow Warning|[of] p2a: Froslass\n|turn|3\n|\n|t:|1776446671\n|switch|p1b: Meowscarada|Meowscarada, L50, F|100/100\n|move|p1a: Dragapult|Phantom Force||[still]\n|-prepare|p1a: Dragapult|Phantom Force\n|move|p2a: Froslass|Aurora Veil|p2a: Froslass\n|-sidestart|p2: Pickly_pancake|move: Aurora Veil\n|move|p2b: Incineroar|Flare Blitz|p1b: Meowscarada\n|-supereffective|p1b: Meowscarada|1\n|-damage|p1b: Meowscarada|0 fnt\n|faint|p1b: Meowscarada\n|-damage|p2b: Incineroar|57/100|[from] Recoil\n|\n|-weather|Snowscape|[upkeep]\n|upkeep\n|\n|t:|1776446680\n|switch|p1b: Charizard|Charizard-Mega-Y, L50, F|28/100\n|-weather|SunnyDay|[from] ability: Drought|[of] p1b: Charizard\n|turn|4\n|\n|t:|1776446687\n|move|p2a: Froslass|Protect|p2a: Froslass\n|-singleturn|p2a: Froslass|Protect\n|move|p1a: Dragapult|Phantom Force|p2a: Froslass|[from] lockedmove\n|-activate|p2a: Froslass|move: Phantom Force|[broken]\n|-supereffective|p2a: Froslass|1\n|-damage|p2a: Froslass|19/100\n|move|p1b: Charizard|Heat Wave|p2a: Froslass|[spread] p2a\n|-miss|p1b: Charizard|p2b: Incineroar\n|-supereffective|p2a: Froslass|1\n|-damage|p2a: Froslass|0 fnt\n|faint|p2a: Froslass\n|move|p2b: Incineroar|Darkest Lariat|p1a: Dragapult\n|-supereffective|p1a: Dragapult|1\n|-crit|p1a: Dragapult\n|-enditem|p1a: Dragapult|Focus Sash\n|-damage|p1a: Dragapult|1/100\n|\n|-weather|SunnyDay|[upkeep]\n|upkeep\n|\n|t:|1776446696\n|switch|p2a: Sneasler|Sneasler, L50, F|100/100\n|turn|5\n|inactive|Pickly_pancake has 30 seconds left.\n|\n|t:|1776446725\n|move|p1a: Dragapult|Protect|p1a: Dragapult\n|-singleturn|p1a: Dragapult|Protect\n|move|p1b: Charizard|Protect|p1b: Charizard\n|-singleturn|p1b: Charizard|Protect\n|move|p2a: Sneasler|Rock Tomb|p1a: Dragapult\n|-activate|p1a: Dragapult|move: Protect\n|move|p2b: Incineroar|Darkest Lariat|p1b: Charizard\n|-activate|p1b: Charizard|move: Protect\n|\n|-weather|SunnyDay|[upkeep]\n|upkeep\n|turn|6\n|\n|t:|1776446743\n|move|p1a: Dragapult|Psychic Fangs|p2a: Sneasler\n|-sideend|p2: Pickly_pancake|move: Aurora Veil\n|-supereffective|p2a: Sneasler|2\n|-damage|p2a: Sneasler|0 fnt\n|faint|p2a: Sneasler\n|move|p1b: Charizard|Weather Ball|p2b: Incineroar\n|-resisted|p2b: Incineroar|1\n|-damage|p2b: Incineroar|16/100\n|move|p2b: Incineroar|Darkest Lariat|p1a: Dragapult\n|-supereffective|p1a: Dragapult|1\n|-damage|p1a: Dragapult|0 fnt\n|faint|p1a: Dragapult\n|\n|-weather|SunnyDay|[upkeep]\n|upkeep\n|\n|t:|1776446745\n|switch|p1a: Corviknight|Corviknight, L50, F|100/100\n|-ability|p1a: Corviknight|Unnerve\n|turn|7\n|\n|t:|1776446750\n|move|p1b: Charizard|Weather Ball|p2b: Incineroar\n|-resisted|p2b: Incineroar|1\n|-damage|p2b: Incineroar|0 fnt\n|faint|p2b: Incineroar\n|\n|win|holdingb\n|n|\u2606holdingb|holdingb\n|n|\u2606Pickly_pancake|picklypancake\n|n| Gootrifa|gootrifa\n|n|+Radio Free C-Side|radiofreecside\n|c|\u2606holdingb|gg\n|c|\u2606Pickly_pancake|gg\n",
  "uploadtime": 1776446755,
  "views": 17,
  "formatid": "gen9championsvgc2026regma",
  "rating": null,
  "private": 0,
  "password": null
}