{
  "id": "gen9championsvgc2026regma-2588662060",
  "format": "[Gen 9 Champions] VGC 2026 Reg M-A",
  "players": [
    "Armstrong 1969",
    "Kenny con perish"
  ],
  "log": "|j|\u2606Armstrong 1969\n|j|\u2606Kenny con perish\n|t:|1776655035\n|gametype|doubles\n|player|p1|Armstrong 1969|steven|1096\n|player|p2|Kenny con perish|170|1138\n|gen|9\n|tier|[Gen 9 Champions] VGC 2026 Reg M-A\n|rated|\n|rule|Species Clause: Limit one of each Pok\u00e9mon\n|rule|Item Clause: Limit 1 of each item\n|clearpoke\n|poke|p1|Garchomp, L50, M|\n|poke|p1|Tyranitar, L50, M|\n|poke|p1|Sinistcha, L50|\n|poke|p1|Talonflame, L50, F|\n|poke|p1|Tauros-Paldea-Aqua, L50, M|\n|poke|p1|Gardevoir, L50, F, shiny|\n|poke|p2|Gengar, L50, F|\n|poke|p2|Incineroar, L50, F|\n|poke|p2|Maushold, L50|\n|poke|p2|Sableye, L50, F|\n|poke|p2|Rotom-Wash, L50|\n|poke|p2|Garchomp, L50, F|\n|teampreview|4\nKenny con perish rejected open team sheets.\n|inactive|Battle timer is ON: inactive players will automatically lose when time's up. (requested by Kenny con perish)\n|inactive|Armstrong 1969 has 60 seconds left.\n|\n|t:|1776655075\n|teamsize|p1|4\n|teamsize|p2|4\n|start\n|switch|p1a: Talonflame|Talonflame, L50, F|100/100\n|switch|p1b: Gardevoir|Gardevoir, L50, F, shiny|100/100\n|switch|p2a: Gengar|Gengar, L50, F|100/100\n|switch|p2b: Rotom|Rotom-Wash, L50|100/100\n|turn|1\n|\n|t:|1776655093\n|detailschange|p2a: Gengar|Gengar-Mega, L50, F\n|-mega|p2a: Gengar|Gengar|Gengarite\n|move|p2a: Gengar|Protect|p2a: Gengar\n|-singleturn|p2a: Gengar|Protect\n|move|p1a: Talonflame|Tailwind|p1a: Talonflame\n|-sidestart|p1: Armstrong 1969|move: Tailwind\n|move|p1b: Gardevoir|Psychic|p2a: Gengar\n|-activate|p2a: Gengar|move: Protect\n|move|p2b: Rotom|Volt Switch|p1a: Talonflame\n|-supereffective|p1a: Talonflame|1\n|-damage|p1a: Talonflame|16/100\n|\n|t:|1776655105\n|switch|p2b: Incineroar|Incineroar, L50, F|100/100|[from] Volt Switch\n|-ability|p2b: Incineroar|Intimidate|boost\n|-unboost|p1a: Talonflame|atk|1\n|-unboost|p1b: Gardevoir|atk|1\n|\n|upkeep\n|turn|2\n|\n|t:|1776655123\n|switch|p2a: Rotom|Rotom-Wash, L50|100/100\n|move|p1a: Talonflame|Protect|p1a: Talonflame\n|-singleturn|p1a: Talonflame|Protect\n|move|p1b: Gardevoir|Protect|p1b: Gardevoir\n|-singleturn|p1b: Gardevoir|Protect\n|move|p2b: Incineroar|Fake Out|p1b: Gardevoir\n|-activate|p1b: Gardevoir|move: Protect\n|\n|upkeep\n|turn|3\n|\n|t:|1776655146\n|switch|p1a: Tyranitar|Tyranitar, L50, M|100/100\n|-weather|Sandstorm|[from] ability: Sand Stream|[of] p1a: Tyranitar\n|move|p1b: Gardevoir|Hyper Voice|p2b: Incineroar|[spread] p2a,p2b\n|-damage|p2a: Rotom|66/100\n|-damage|p2b: Incineroar|77/100\n|move|p2a: Rotom|Volt Switch|p1a: Tyranitar\n|-damage|p1a: Tyranitar|82/100\n|\n|t:|1776655161\n|switch|p2a: Sableye|Sableye, L50, F|100/100|[from] Volt Switch\n|move|p2b: Incineroar|Parting Shot|p1b: Gardevoir\n|-unboost|p1b: Gardevoir|atk|1\n|-unboost|p1b: Gardevoir|spa|1\n|inactive|Kenny con perish has 30 seconds left.\n|\n|t:|1776655191\n|switch|p2b: Rotom|Rotom-Wash, L50|66/100|[from] Parting Shot\n|\n|-weather|Sandstorm|[upkeep]\n|-damage|p1b: Gardevoir|95/100|[from] Sandstorm\n|-damage|p2b: Rotom|60/100|[from] Sandstorm\n|-damage|p2a: Sableye|95/100|[from] Sandstorm\n|upkeep\n|turn|4\n|\n|t:|1776655203\n|move|p1a: Tyranitar|Protect|p1a: Tyranitar\n|-singleturn|p1a: Tyranitar|Protect\n|move|p2a: Sableye|Disable|p1b: Gardevoir\n|-start|p1b: Gardevoir|Disable|Hyper Voice\n|move|p1b: Gardevoir|Psychic|p2b: Rotom\n|-damage|p2b: Rotom|15/100\n|move|p2b: Rotom|Hydro Pump|p1a: Tyranitar\n|-activate|p1a: Tyranitar|move: Protect\n|\n|-weather|Sandstorm|[upkeep]\n|-damage|p1b: Gardevoir|89/100|[from] Sandstorm\n|-damage|p2b: Rotom|9/100|[from] Sandstorm\n|-damage|p2a: Sableye|89/100|[from] Sandstorm\n|-sideend|p1: Armstrong 1969|move: Tailwind\n|upkeep\n|turn|5\n|inactive|Armstrong 1969 has 30 seconds left.\n|inactive|Armstrong 1969 has 20 seconds left.\n|inactive|Kenny con perish has 30 seconds left.\n|inactive|Armstrong 1969 has 15 seconds left.\n|inactive|Armstrong 1969 has 10 seconds left.\n|inactive|Kenny con perish has 20 seconds left.\n|\n|t:|1776655250\n|move|p2a: Sableye|Encore|p1b: Gardevoir\n|-start|p1b: Gardevoir|Encore\n|move|p2b: Rotom|Volt Switch|p1a: Tyranitar\n|-damage|p1a: Tyranitar|63/100\n|\n|t:|1776655254\n|switch|p2b: Incineroar|Incineroar, L50, F|77/100|[from] Volt Switch\n|-ability|p2b: Incineroar|Intimidate|boost\n|-unboost|p1a: Tyranitar|atk|1\n|-unboost|p1b: Gardevoir|atk|1\n|move|p1b: Gardevoir|Psychic|p2b: Incineroar\n|-immune|p2b: Incineroar\n|move|p1a: Tyranitar|Knock Off|p2a: Sableye\n|-damage|p2a: Sableye|44/100\n|-enditem|p2a: Sableye|Mental Herb|[from] move: Knock Off|[of] p1a: Tyranitar\n|\n|-weather|Sandstorm|[upkeep]\n|-damage|p2b: Incineroar|71/100|[from] Sandstorm\n|-damage|p1b: Gardevoir|83/100|[from] Sandstorm\n|-damage|p2a: Sableye|39/100|[from] Sandstorm\n|upkeep\n|turn|6\n|inactive|Armstrong 1969 has 30 seconds left.\n|inactive|Kenny con perish has 30 seconds left.\n|inactive|Armstrong 1969 has 20 seconds left.\n|inactive|Armstrong 1969 has 15 seconds left.\n|inactive|Armstrong 1969 has 10 seconds left.\n|inactive|Kenny con perish has 20 seconds left.\n|inactive|Armstrong 1969 has 5 seconds left.\n|inactive|Kenny con perish has 15 seconds left.\n|inactive|Kenny con perish has 10 seconds left.\n|\n|t:|1776655310\n|switch|p2a: Rotom|Rotom-Wash, L50|9/100\n|move|p2b: Incineroar|Close Combat|p1a: Tyranitar\n|-supereffective|p1a: Tyranitar|2\n|-enditem|p1a: Tyranitar|Chople Berry|[eat]\n|-enditem|p1a: Tyranitar|Chople Berry|[weaken]\n|-damage|p1a: Tyranitar|23/100\n|-unboost|p2b: Incineroar|def|1\n|-unboost|p2b: Incineroar|spd|1\n|-enditem|p2b: Incineroar|White Herb\n|-clearnegativeboost|p2b: Incineroar|[silent]\n|move|p1b: Gardevoir|Psychic|p2a: Rotom\n|-damage|p2a: Rotom|0 fnt\n|faint|p2a: Rotom\n|move|p1a: Tyranitar|Body Press|p2b: Incineroar\n|-supereffective|p2b: Incineroar|1\n|-damage|p2b: Incineroar|21/100\n|\n|-weather|Sandstorm|[upkeep]\n|-damage|p2b: Incineroar|15/100|[from] Sandstorm\n|-damage|p1b: Gardevoir|78/100|[from] Sandstorm\n|upkeep\n|\n|t:|1776655329\n|switch|p2a: Gengar|Gengar-Mega, L50, F|100/100\n|turn|7\n|inactive|Armstrong 1969 has 30 seconds left.\n|inactive|Armstrong 1969 has 20 seconds left.\n|inactive|Armstrong 1969 has 15 seconds left.\n|inactive|Armstrong 1969 has 10 seconds left.\n|inactive|Armstrong 1969 has 5 seconds left.\n|\n|t:|1776655384\n|move|p2a: Gengar|Sludge Bomb|p1b: Gardevoir\n|-supereffective|p1b: Gardevoir|1\n|-crit|p1b: Gardevoir\n|-damage|p1b: Gardevoir|0 fnt\n|faint|p1b: Gardevoir\n|move|p2b: Incineroar|Close Combat|p1a: Tyranitar\n|-supereffective|p1a: Tyranitar|2\n|-damage|p1a: Tyranitar|0 fnt\n|-unboost|p2b: Incineroar|def|1\n|-unboost|p2b: Incineroar|spd|1\n|faint|p1a: Tyranitar\n|\n|-weather|none\n|upkeep\n|inactive|Armstrong 1969 has 30 seconds left.\n|inactive|Armstrong 1969 has 20 seconds left.\n|inactive|Armstrong 1969 has 15 seconds left.\n|inactive|Armstrong 1969 has 10 seconds left.\n|inactive|Armstrong 1969 has 5 seconds left.\n|\n|t:|1776655439\n|switch|p1b: Garchomp|Garchomp, L50, M|100/100\n|switch|p1a: Talonflame|Talonflame, L50, F|16/100\n|turn|8\n|inactive|Armstrong 1969 has 30 seconds left.\n|inactive|Kenny con perish has 30 seconds left.\n|inactive|Armstrong 1969 has 20 seconds left.\n|inactive|Armstrong 1969 has 15 seconds left.\n|inactive|Armstrong 1969 has 10 seconds left.\n|inactive|Armstrong 1969 has 5 seconds left.\n|\n|t:|1776655494\n|move|p1b: Garchomp|Protect|p1b: Garchomp\n|-singleturn|p1b: Garchomp|Protect\n|move|p2a: Gengar|Perish Song|p2a: Gengar\n|-start|p1a: Talonflame|perish3|[silent]\n|-start|p1b: Garchomp|perish3|[silent]\n|-start|p2a: Gengar|perish3|[silent]\n|-start|p2b: Incineroar|perish3|[silent]\n|-fieldactivate|move: Perish Song\n|move|p1a: Talonflame|Tailwind|p1a: Talonflame\n|-sidestart|p1: Armstrong 1969|move: Tailwind\n|move|p2b: Incineroar|Close Combat|p1a: Talonflame\n|-resisted|p1a: Talonflame|1\n|-damage|p1a: Talonflame|0 fnt\n|-unboost|p2b: Incineroar|def|1\n|-unboost|p2b: Incineroar|spd|1\n|faint|p1a: Talonflame\n|\n|-start|p1b: Garchomp|perish3\n|-start|p2a: Gengar|perish3\n|-start|p2b: Incineroar|perish3\n|upkeep\n|turn|9\n|inactive|Armstrong 1969 has 30 seconds left.\n|inactive|Armstrong 1969 has 20 seconds left.\n|inactive|Armstrong 1969 has 15 seconds left.\n|inactive|Armstrong 1969 has 10 seconds left.\n|inactive|Armstrong 1969 has 5 seconds left.\n|\n|t:|1776655549\n|move|p1b: Garchomp|Protect||[still]\n|-fail|p1b: Garchomp\n|move|p2a: Gengar|Protect|p2a: Gengar\n|-singleturn|p2a: Gengar|Protect\n|move|p2b: Incineroar|Parting Shot|p1b: Garchomp\n|-unboost|p1b: Garchomp|atk|1\n|-unboost|p1b: Garchomp|spa|1\n|\n|t:|1776655556\n|switch|p2b: Sableye|Sableye, L50, F|39/100|[from] Parting Shot\n|\n|-start|p1b: Garchomp|perish2\n|-start|p2a: Gengar|perish2\n|upkeep\n|turn|10\n|c|\u2606Kenny con perish|gg\n|inactive|Armstrong 1969 has 30 seconds left.\n|inactive|Armstrong 1969 has 20 seconds left.\n|inactive|Armstrong 1969 has 15 seconds left.\n|inactive|Armstrong 1969 has 10 seconds left.\n|inactive|Armstrong 1969 has 5 seconds left.\n|-message|Armstrong 1969 lost due to inactivity.\n|\n|win|Kenny con perish\n|raw|Armstrong 1969's rating: 1096 &rarr; <strong>1075</strong><br />(-21 for losing)\n|raw|Kenny con perish's rating: 1138 &rarr; <strong>1160</strong><br />(+22 for winning)\n",
  "uploadtime": 1776655612,
  "views": 4,
  "formatid": "gen9championsvgc2026regma",
  "rating": 1075,
  "private": 0,
  "password": null
}