{
  "id": "gen9championsvgc2026regma-2585358597",
  "format": "[Gen 9 Champions] VGC 2026 Reg M-A",
  "players": [
    "Pastor/Sinner",
    "OUt puffer"
  ],
  "log": "|j|\u2606Pastor/Sinner\n|j|\u2606OUt puffer\n|t:|1776341076\n|gametype|doubles\n|player|p1|Pastor/Sinner|265|1129\n|player|p2|OUt puffer|266|1030\n|gen|9\n|tier|[Gen 9 Champions] VGC 2026 Reg M-A\n|rated|\n|rule|Species Clause: Limit one of each Pok\u00e9mon\n|rule|Item Clause: Limit 1 of each item\n|clearpoke\n|poke|p1|Tyranitar, L50, F|\n|poke|p1|Aerodactyl, L50, M|\n|poke|p1|Vanilluxe, L50, F|\n|poke|p1|Milotic, L50, F|\n|poke|p1|Ampharos, L50, F|\n|poke|p1|Hippowdon, L50, F|\n|poke|p2|Charizard, L50, F|\n|poke|p2|Whimsicott, L50, M|\n|poke|p2|Incineroar, L50, F|\n|poke|p2|Garchomp, L50, M|\n|poke|p2|Venusaur, L50, F|\n|poke|p2|Maushold, L50|\n|teampreview|4\n|\n|t:|1776341108\n|teamsize|p1|4\n|teamsize|p2|4\n|start\n|switch|p1a: Aerodactyl|Aerodactyl, L50, M|100/100\n|switch|p1b: Da Mama|Tyranitar, L50, F, shiny|100/100\n|switch|p2a: Charizard|Charizard, L50, F|100/100\n|switch|p2b: Whimsicott|Whimsicott, L50, M|100/100\n|-ability|p1a: Aerodactyl|Unnerve\n|-weather|Sandstorm|[from] ability: Sand Stream|[of] p1b: Da Mama\n|turn|1\n|inactive|Battle timer is ON: inactive players will automatically lose when time's up. (requested by Pastor/Sinner)\n|inactive|OUt puffer also wants the timer to be on.\n|\n|t:|1776341130\n|detailschange|p2a: Charizard|Charizard-Mega-Y, L50, F\n|-mega|p2a: Charizard|Charizard|Charizardite Y\n|-weather|SunnyDay|[from] ability: Drought|[of] p2a: Charizard\n|detailschange|p1b: Da Mama|Tyranitar-Mega, L50, F, shiny\n|-mega|p1b: Da Mama|Tyranitar|Tyranitarite\n|-weather|Sandstorm|[from] ability: Sand Stream|[of] p1b: Da Mama\n|move|p2a: Charizard|Protect|p2a: Charizard\n|-singleturn|p2a: Charizard|Protect\n|move|p1a: Aerodactyl|Dual Wingbeat|p2b: Whimsicott\n|-supereffective|p2b: Whimsicott|1\n|-damage|p2b: Whimsicott|55/100\n|-supereffective|p2b: Whimsicott|1\n|-damage|p2b: Whimsicott|9/100\n|-hitcount|p2b: Whimsicott|2\n|move|p2b: Whimsicott|Moonblast|p1b: Da Mama\n|-supereffective|p1b: Da Mama|1\n|-damage|p1b: Da Mama|74/100\n|move|p1b: Da Mama|Rock Slide|p2a: Charizard|[spread] p2b\n|-activate|p2a: Charizard|move: Protect\n|-damage|p2b: Whimsicott|0 fnt\n|faint|p2b: Whimsicott\n|\n|-weather|Sandstorm|[upkeep]\n|-damage|p2a: Charizard|95/100|[from] Sandstorm\n|upkeep\n|\n|t:|1776341154\n|switch|p2b: Incineroar|Incineroar, L50, F|100/100\n|-ability|p2b: Incineroar|Intimidate|boost\n|-unboost|p1a: Aerodactyl|atk|1\n|-unboost|p1b: Da Mama|atk|1\n|turn|2\n|\n|t:|1776341178\n|switch|p2a: Venusaur|Venusaur, L50, F|100/100\n|move|p2b: Incineroar|Fake Out|p1a: Aerodactyl\n|-resisted|p1a: Aerodactyl|1\n|-damage|p1a: Aerodactyl|91/100\n|cant|p1a: Aerodactyl|flinch\n|move|p1b: Da Mama|Rock Slide|p2b: Incineroar|[spread] p2a\n|-miss|p1b: Da Mama|p2b: Incineroar\n|-damage|p2a: Venusaur|79/100\n|\n|-weather|Sandstorm|[upkeep]\n|-damage|p2b: Incineroar|95/100|[from] Sandstorm\n|-damage|p2a: Venusaur|73/100|[from] Sandstorm\n|upkeep\n|turn|3\n|\n|t:|1776341198\n|switch|p2b: Charizard|Charizard-Mega-Y, L50, F|95/100\n|-weather|SunnyDay|[from] ability: Drought|[of] p2b: Charizard\n|switch|p1b: Hippowdon|Hippowdon, L50, F|100/100\n|-weather|Sandstorm|[from] ability: Sand Stream|[of] p1b: Hippowdon\n|move|p1a: Aerodactyl|Tailwind|p1a: Aerodactyl\n|-sidestart|p1: Pastor/Sinner|move: Tailwind\n|move|p2a: Venusaur|Energy Ball|p1b: Hippowdon\n|-supereffective|p1b: Hippowdon|1\n|-damage|p1b: Hippowdon|34/100\n|\n|-weather|Sandstorm|[upkeep]\n|-damage|p2b: Charizard|89/100|[from] Sandstorm\n|-damage|p2a: Venusaur|68/100|[from] Sandstorm\n|upkeep\n|turn|4\n|\n|t:|1776341217\n|move|p2b: Charizard|Protect|p2b: Charizard\n|-singleturn|p2b: Charizard|Protect\n|move|p1a: Aerodactyl|Rock Slide|p2a: Venusaur|[spread] p2a\n|-activate|p2b: Charizard|move: Protect\n|-crit|p2a: Venusaur\n|-damage|p2a: Venusaur|27/100\n|move|p1b: Hippowdon|Yawn|p2a: Venusaur\n|-start|p2a: Venusaur|move: Yawn|[of] p1b: Hippowdon\n|move|p2a: Venusaur|Energy Ball|p1b: Hippowdon\n|-supereffective|p1b: Hippowdon|1\n|-damage|p1b: Hippowdon|0 fnt\n|faint|p1b: Hippowdon\n|\n|-weather|Sandstorm|[upkeep]\n|-damage|p2b: Charizard|83/100|[from] Sandstorm\n|-damage|p2a: Venusaur|21/100|[from] Sandstorm\n|upkeep\n|\n|t:|1776341236\n|switch|p1b: Ten Twinkies|Milotic, L50, F, shiny|100/100\n|turn|5\n|\n|t:|1776341260\n|move|p1a: Aerodactyl|Rock Slide|p2a: Venusaur|[spread] p2a,p2b\n|-supereffective|p2b: Charizard|2\n|-damage|p2a: Venusaur|6/100\n|-damage|p2b: Charizard|0 fnt\n|faint|p2b: Charizard\n|move|p1b: Ten Twinkies|Muddy Water|p2a: Venusaur\n|-resisted|p2a: Venusaur|1\n|-damage|p2a: Venusaur|0 fnt\n|faint|p2a: Venusaur\n|\n|-weather|Sandstorm|[upkeep]\n|-damage|p1b: Ten Twinkies|94/100|[from] Sandstorm\n|-heal|p1b: Ten Twinkies|100/100|[from] item: Leftovers\n|upkeep\n|-message|OUt puffer forfeited.\n|\n|win|Pastor/Sinner\n|raw|Pastor&#x2f;Sinner's rating: 1129 &rarr; <strong>1147</strong><br />(+18 for winning)\n|raw|OUt puffer's rating: 1030 &rarr; <strong>1020</strong><br />(-10 for losing)\n|l|\u2606OUt puffer\n|player|p2|\n",
  "uploadtime": 1776341279,
  "views": 29,
  "formatid": "gen9championsvgc2026regma",
  "rating": 1020,
  "private": 0,
  "password": null
}