{
  "id": "gen9championsvgc2026regma-2585065365",
  "format": "[Gen 9 Champions] VGC 2026 Reg M-A",
  "players": [
    "Konlan",
    "Elrenlop"
  ],
  "log": "|j|\u2606Konlan\n|j|\u2606Elrenlop\n|t:|1776308217\n|gametype|doubles\n|player|p1|Konlan|rosa|1109\n|player|p2|Elrenlop|tuber|1056\n|gen|9\n|tier|[Gen 9 Champions] VGC 2026 Reg M-A\n|rated|\n|rule|Species Clause: Limit one of each Pok\u00e9mon\n|rule|Item Clause: Limit 1 of each item\n|clearpoke\n|poke|p1|Crabominable, L50, M|\n|poke|p1|Araquanid, L50, M|\n|poke|p1|Incineroar, L50, M|\n|poke|p1|Sinistcha, L50|\n|poke|p1|Vanilluxe, L50, M|\n|poke|p1|Primarina, L50, M|\n|poke|p2|Meganium, L50, F|\n|poke|p2|Kangaskhan, L50, F|\n|poke|p2|Aerodactyl, L50, F|\n|poke|p2|Archaludon, L50, F|\n|poke|p2|Typhlosion-Hisui, L50, F|\n|poke|p2|Tauros-Paldea-Aqua, L50, M|\n|teampreview|4\n|\n|t:|1776308281\n|teamsize|p1|4\n|teamsize|p2|4\n|start\n|switch|p1a: Sinistcha|Sinistcha, L50|100/100\n|switch|p1b: Araquanid|Araquanid, L50, M|100/100\n|switch|p2a: Tauros|Tauros-Paldea-Aqua, L50, M|100/100\n|switch|p2b: Aerodactyl|Aerodactyl, L50, F|100/100\n|-ability|p2b: Aerodactyl|Pressure\n|-ability|p2a: Tauros|Intimidate|boost\n|-unboost|p1a: Sinistcha|atk|1\n|-unboost|p1b: Araquanid|atk|1\n|-enditem|p1b: Araquanid|White Herb\n|-clearnegativeboost|p1b: Araquanid|[silent]\n|turn|1\n|\n|t:|1776308298\n|move|p2a: Tauros|Protect|p2a: Tauros\n|-singleturn|p2a: Tauros|Protect\n|move|p1b: Araquanid|Wide Guard|p1b: Araquanid\n|-singleturn|p1b: Araquanid|Wide Guard\n|move|p2b: Aerodactyl|Dual Wingbeat|p1a: Sinistcha|[miss]\n|-miss|p2b: Aerodactyl|p1a: Sinistcha\n|move|p1a: Sinistcha|Trick Room|p1a: Sinistcha\n|-fieldstart|move: Trick Room|[of] p1a: Sinistcha\n|\n|upkeep\n|turn|2\n|\n|t:|1776308320\n|move|p2a: Tauros|Protect||[still]\n|-fail|p2a: Tauros\n|move|p1b: Araquanid|Entrainment|p1a: Sinistcha\n|-ability|p1a: Sinistcha|Water Bubble|Hospitality|[from] move: Entrainment|[of] p1b: Araquanid\n|move|p1a: Sinistcha|Matcha Gotcha|p2a: Tauros|[spread] p2a,p2b\n|-supereffective|p2a: Tauros|1\n|-damage|p2a: Tauros|20/100\n|-damage|p2b: Aerodactyl|68/100\n|-status|p2a: Tauros|brn\n|move|p2b: Aerodactyl|Dual Wingbeat|p1a: Sinistcha\n|-supereffective|p1a: Sinistcha|1\n|-damage|p1a: Sinistcha|70/100\n|-supereffective|p1a: Sinistcha|1\n|-damage|p1a: Sinistcha|33/100\n|-hitcount|p1a: Sinistcha|2\n|\n|-damage|p2a: Tauros|14/100 brn|[from] brn\n|upkeep\n|turn|3\n|\n|t:|1776308343\n|switch|p2a: Meganium|Meganium, L50, F|100/100\n|move|p1b: Araquanid|Waterfall|p2b: Aerodactyl\n|-supereffective|p2b: Aerodactyl|1\n|-damage|p2b: Aerodactyl|0 fnt\n|faint|p2b: Aerodactyl\n|move|p1a: Sinistcha|Life Dew||[still]|[spread] p1a,p1b\n|-heal|p1a: Sinistcha|57/100\n|-fail|p1b: Araquanid|heal\n|\n|upkeep\n|\n|t:|1776308357\n|switch|p2b: Typhlosion|Typhlosion-Hisui, L50, F|100/100\n|-item|p1a: Sinistcha|Focus Sash|[from] ability: Frisk|[of] p2b: Typhlosion\n|turn|4\n|\n|t:|1776308372\n|detailschange|p2a: Meganium|Meganium-Mega, L50, F\n|-mega|p2a: Meganium|Meganium|Meganiumite\n|move|p1b: Araquanid|Entrainment|p2a: Meganium\n|-ability|p2a: Meganium|Water Bubble|Mega Sol|[from] move: Entrainment|[of] p1b: Araquanid\n|move|p1a: Sinistcha|Shadow Ball|p2b: Typhlosion\n|-supereffective|p2b: Typhlosion|1\n|-damage|p2b: Typhlosion|15/100\n|move|p2a: Meganium|Dazzling Gleam|p1a: Sinistcha|[spread] p1a,p1b\n|-damage|p1a: Sinistcha|22/100\n|-damage|p1b: Araquanid|73/100\n|move|p2b: Typhlosion|Eruption|p1b: Araquanid|[spread] p1a,p1b\n|-supereffective|p1a: Sinistcha|1\n|-damage|p1a: Sinistcha|14/100\n|-damage|p1b: Araquanid|70/100\n|\n|upkeep\n|turn|5\n|-message|Elrenlop forfeited.\n|\n|win|Konlan\n|raw|Konlan's rating: 1109 &rarr; <strong>1130</strong><br />(+21 for winning)\n|raw|Elrenlop's rating: 1056 &rarr; <strong>1040</strong><br />(-16 for losing)\n|l|\u2606Elrenlop\n|player|p2|\n",
  "uploadtime": 1776308391,
  "views": 31,
  "formatid": "gen9championsvgc2026regma",
  "rating": 1040,
  "private": 0,
  "password": null
}