{
  "id": "gen9championsvgc2026regma-2587440665",
  "format": "[Gen 9 Champions] VGC 2026 Reg M-A",
  "players": [
    "adam2300",
    "TREY_NJVGC"
  ],
  "log": "|j|\u2606adam2300\n|j|\u2606TREY_NJVGC\n|t:|1776532021\n|gametype|doubles\n|player|p1|adam2300|1|1039\n|player|p2|TREY_NJVGC|jogger|1063\n|gen|9\n|tier|[Gen 9 Champions] VGC 2026 Reg M-A\n|rated|\n|rule|Species Clause: Limit one of each Pok\u00e9mon\n|rule|Item Clause: Limit 1 of each item\n|clearpoke\n|poke|p1|Runerigus, L50, M|\n|poke|p1|Slowbro, L50, M|\n|poke|p1|Tsareena, L50, F|\n|poke|p1|Noivern, L50, F|\n|poke|p1|Heliolisk, L50, F|\n|poke|p1|Pidgeot, L50, F|\n|poke|p2|Meowscarada, L50, M|\n|poke|p2|Farigiraf, L50, M|\n|poke|p2|Vanilluxe, L50, F|\n|poke|p2|Starmie, L50|\n|poke|p2|Armarouge, L50, F|\n|poke|p2|Aromatisse, L50, F|\n|teampreview|4\n|inactive|Battle timer is ON: inactive players will automatically lose when time's up. (requested by adam2300)\n|inactive|adam2300 has 60 seconds left.\n|inactive|adam2300 has 30 seconds left.\n|inactive|adam2300 has 20 seconds left.\n|inactive|adam2300 has 15 seconds left.\n|inactive|adam2300 has 10 seconds left.\n|inactive|adam2300 has 5 seconds left.\n|\n|t:|1776532107\n|teamsize|p1|4\n|teamsize|p2|4\n|start\n|switch|p1a: Runerigus|Runerigus, L50, M|100/100\n|switch|p1b: Pidgeot|Pidgeot, L50, F|100/100\n|switch|p2a: Farigiraf|Farigiraf, L50, M|100/100\n|switch|p2b: Meowscarada|Meowscarada, L50, M|100/100\n|turn|1\n|\n|t:|1776532122\n|move|p2b: Meowscarada|U-turn|p1b: Pidgeot\n|-start|p2b: Meowscarada|typechange|Bug|[from] ability: Protean\n|-resisted|p1b: Pidgeot|1\n|-damage|p1b: Pidgeot|77/100\n|\n|t:|1776532127\n|switch|p2b: Aromatisse|Aromatisse, L50, F|100/100|[from] U-turn\n|move|p1b: Pidgeot|Tailwind|p1b: Pidgeot\n|-sidestart|p1: adam2300|move: Tailwind\n|move|p1a: Runerigus|Stealth Rock|p2b: Aromatisse\n|-sidestart|p2: TREY_NJVGC|move: Stealth Rock\n|move|p2a: Farigiraf|Trick Room|p2a: Farigiraf\n|-fieldstart|move: Trick Room|[of] p2a: Farigiraf\n|\n|upkeep\n|turn|2\n|\n|t:|1776532148\n|detailschange|p1b: Pidgeot|Pidgeot-Mega, L50, F\n|-mega|p1b: Pidgeot|Pidgeot|Pidgeotite\n|move|p2a: Farigiraf|Ally Switch|p2a: Farigiraf\n|swap|p2a: Farigiraf|1|[from] move: Ally Switch\n|move|p2a: Aromatisse|Nasty Plot|p2a: Aromatisse\n|-boost|p2a: Aromatisse|spa|2\n|move|p1a: Runerigus|Shadow Claw|p2b: Farigiraf\n|-immune|p2b: Farigiraf\n|move|p1b: Pidgeot|Hurricane|p2a: Aromatisse\n|-damage|p2a: Aromatisse|36/100\n|\n|-heal|p2a: Aromatisse|42/100|[from] item: Leftovers\n|upkeep\n|turn|3\n|\n|t:|1776532166\n|move|p2a: Aromatisse|Protect|p2a: Aromatisse\n|-singleturn|p2a: Aromatisse|Protect\n|move|p2b: Farigiraf|Hyper Voice|p1b: Pidgeot|[spread] p1b\n|-immune|p1a: Runerigus\n|-damage|p1b: Pidgeot|31/100\n|move|p1a: Runerigus|Body Press|p2b: Farigiraf\n|-damage|p2b: Farigiraf|69/100\n|move|p1b: Pidgeot|Heat Wave|p2b: Farigiraf|[spread] p2b\n|-activate|p2a: Aromatisse|move: Protect\n|-damage|p2b: Farigiraf|41/100\n|-enditem|p2b: Farigiraf|Sitrus Berry|[eat]\n|-heal|p2b: Farigiraf|66/100|[from] item: Sitrus Berry\n|\n|-heal|p2a: Aromatisse|48/100|[from] item: Leftovers\n|upkeep\n|turn|4\n|\n|t:|1776532188\n|move|p2b: Farigiraf|Ally Switch|p2b: Farigiraf\n|swap|p2b: Farigiraf|0|[from] move: Ally Switch\n|move|p2b: Aromatisse|Moonblast|p1b: Pidgeot\n|-damage|p1b: Pidgeot|0 fnt\n|faint|p1b: Pidgeot\n|move|p1a: Runerigus|Body Press|p2b: Aromatisse\n|-resisted|p2b: Aromatisse|1\n|-damage|p2b: Aromatisse|31/100\n|\n|-heal|p2b: Aromatisse|37/100|[from] item: Leftovers\n|-sideend|p1: adam2300|move: Tailwind\n|upkeep\n|\n|t:|1776532199\n|switch|p1b: Heliolisk|Heliolisk, L50, F|100/100\n|turn|5\n|\n|t:|1776532219\n|switch|p1a: Noivern|Noivern, L50, F|100/100\n|move|p2b: Aromatisse|Moonblast|p1b: Heliolisk\n|-damage|p1b: Heliolisk|0 fnt\n|faint|p1b: Heliolisk\n|move|p2a: Farigiraf|Hyper Voice|p1a: Noivern\n|-damage|p1a: Noivern|45/100\n|\n|-heal|p2b: Aromatisse|43/100|[from] item: Leftovers\n|-fieldend|move: Trick Room\n|upkeep\n|-message|adam2300 forfeited.\n|\n|win|TREY_NJVGC\n|raw|adam2300's rating: 1039 &rarr; <strong>1024</strong><br />(-15 for losing)\n|raw|TREY_NJVGC's rating: 1063 &rarr; <strong>1091</strong><br />(+28 for winning)\n|l|\u2606adam2300\n|player|p1|\n",
  "uploadtime": 1776532233,
  "views": 18,
  "formatid": "gen9championsvgc2026regma",
  "rating": 1024,
  "private": 0,
  "password": null
}