{
  "id": "gen9championsvgc2026regma-2582477104",
  "format": "[Gen 9 Champions] VGC 2026 Reg M-A",
  "players": [
    "BlueMonkey862",
    "ItDemo"
  ],
  "log": "|j|\u2606BlueMonkey862\n|j|\u203dItDemo\n|t:|1776094200\n|gametype|doubles\n|player|p1|BlueMonkey862|brawly|1159\n|player|p2|ItDemo|policeman-gen4|1133\n|gen|9\n|tier|[Gen 9 Champions] VGC 2026 Reg M-A\n|rated|\n|rule|Species Clause: Limit one of each Pok\u00e9mon\n|rule|Item Clause: Limit 1 of each item\n|clearpoke\n|poke|p1|Archaludon, L50, M|\n|poke|p1|Basculegion, L50, M|\n|poke|p1|Pelipper, L50, M|\n|poke|p1|Whimsicott, L50, M|\n|poke|p1|Gengar, L50, M|\n|poke|p1|Venusaur, L50, M|\n|poke|p2|Pelipper, L50, F|\n|poke|p2|Basculegion, L50, M|\n|poke|p2|Meganium, L50, M|\n|poke|p2|Heliolisk, L50, M|\n|poke|p2|Dragonite, L50, M|\n|poke|p2|Archaludon, L50, M|\n|teampreview|4\n|inactive|Battle timer is ON: inactive players will automatically lose when time's up. (requested by ItDemo)\n|inactive|ItDemo has 60 seconds left.\n|\n|t:|1776094238\n|teamsize|p1|4\n|teamsize|p2|4\n|start\n|switch|p1a: Gengar|Gengar, L50, M, shiny|100/100\n|switch|p1b: Whimsicott|Whimsicott, L50, M|100/100\n|switch|p2a: Basculegion|Basculegion, L50, M|100/100\n|switch|p2b: Archaludon|Archaludon, L50, M|100/100\n|turn|1\n|\n|t:|1776094252\n|move|p1a: Gengar|Protect|p1a: Gengar\n|-singleturn|p1a: Gengar|Protect\n|move|p1b: Whimsicott|Tailwind|p1b: Whimsicott\n|-sidestart|p1: BlueMonkey862|move: Tailwind\n|move|p2a: Basculegion|Flip Turn|p1a: Gengar\n|-activate|p1a: Gengar|move: Protect\n|move|p2b: Archaludon|Flash Cannon|p1b: Whimsicott\n|-supereffective|p1b: Whimsicott|1\n|-enditem|p1b: Whimsicott|Focus Sash\n|-damage|p1b: Whimsicott|1/100\n|\n|upkeep\n|turn|2\n|\n|t:|1776094276\n|switch|p1b: Venusaur|Venusaur, L50, M, shiny|100/100\n|detailschange|p1a: Gengar|Gengar-Mega, L50, M, shiny\n|-mega|p1a: Gengar|Gengar|Gengarite\n|move|p1a: Gengar|Shadow Ball|p2a: Basculegion\n|-supereffective|p2a: Basculegion|1\n|-damage|p2a: Basculegion|0 fnt\n|faint|p2a: Basculegion\n|move|p2b: Archaludon|Flash Cannon|p1a: Gengar\n|-damage|p1a: Gengar|48/100\n|\n|upkeep\n|\n|t:|1776094291\n|switch|p2a: Pelipper|Pelipper, L50, F|100/100\n|-weather|RainDance|[from] ability: Drizzle|[of] p2a: Pelipper\n|turn|3\n|\n|t:|1776094303\n|move|p1a: Gengar|Shadow Ball|p2a: Pelipper\n|-damage|p2a: Pelipper|11/100\n|move|p1b: Venusaur|Giga Drain|p2a: Pelipper\n|-damage|p2a: Pelipper|0 fnt\n|faint|p2a: Pelipper\n|move|p2b: Archaludon|Flash Cannon|p1a: Gengar\n|-crit|p1a: Gengar\n|-damage|p1a: Gengar|0 fnt\n|faint|p1a: Gengar\n|\n|-weather|RainDance|[upkeep]\n|upkeep\n|\n|t:|1776094314\n|switch|p1a: Basculegion|Basculegion, L50, M|100/100\n|switch|p2a: Dragonite|Dragonite, L50, M|100/100\n|turn|4\n|\n|t:|1776094326\n|detailschange|p2a: Dragonite|Dragonite-Mega, L50, M\n|-mega|p2a: Dragonite|Dragonite|Dragoninite\n|move|p1a: Basculegion|Head Smash|p2a: Dragonite\n|-supereffective|p2a: Dragonite|1\n|-damage|p2a: Dragonite|51/100\n|-damage|p1a: Basculegion|79/100|[from] Recoil\n|move|p1b: Venusaur|Weather Ball|p2a: Dragonite\n|-resisted|p2a: Dragonite|1\n|-damage|p2a: Dragonite|33/100\n|move|p2a: Dragonite|Hurricane|p1b: Venusaur\n|-supereffective|p1b: Venusaur|1\n|-damage|p1b: Venusaur|0 fnt\n|faint|p1b: Venusaur\n|move|p2b: Archaludon|Electro Shot||[still]\n|-prepare|p2b: Archaludon|Electro Shot\n|-boost|p2b: Archaludon|spa|1\n|-anim|p2b: Archaludon|Electro Shot|p1a: Basculegion\n|-supereffective|p1a: Basculegion|1\n|-damage|p1a: Basculegion|0 fnt\n|faint|p1a: Basculegion\n|\n|-weather|RainDance|[upkeep]\n|-sideend|p1: BlueMonkey862|move: Tailwind\n|upkeep\n|c|\u2606BlueMonkey862|ggs\n|\n|t:|1776094348\n|switch|p1b: Whimsicott|Whimsicott, L50, M|1/100\n|turn|5\n|\n|t:|1776094355\n|move|p1b: Whimsicott|Taunt|p2a: Dragonite\n|-start|p2a: Dragonite|move: Taunt\n|move|p2a: Dragonite|Weather Ball|p1b: Whimsicott\n|-resisted|p1b: Whimsicott|1\n|-damage|p1b: Whimsicott|0 fnt\n|faint|p1b: Whimsicott\n|\n|win|ItDemo\n|raw|BlueMonkey862's rating: 1159 &rarr; <strong>1132</strong><br />(-27 for losing)\n|raw|ItDemo's rating: 1133 &rarr; <strong>1160</strong><br />(+27 for winning)\n|l|\u2606BlueMonkey862\n|player|p1|\n",
  "uploadtime": 1776094397,
  "views": 18,
  "formatid": "gen9championsvgc2026regma",
  "rating": 1132,
  "private": 0,
  "password": null
}