{
  "id": "gen9championsvgc2026regma-2584148714",
  "format": "[Gen 9 Champions] VGC 2026 Reg M-A",
  "players": [
    "Manthis",
    "TehPinguen"
  ],
  "log": "|j|\u2606Manthis\n|j|\u2606TehPinguen\n|t:|1776230864\n|gametype|doubles\n|player|p1|Manthis|102|1116\n|player|p2|TehPinguen|lady|1090\n|gen|9\n|tier|[Gen 9 Champions] VGC 2026 Reg M-A\n|rated|\n|rule|Species Clause: Limit one of each Pok\u00e9mon\n|rule|Item Clause: Limit 1 of each item\n|clearpoke\n|poke|p1|Ninetales-Alola, L50, M|\n|poke|p1|Abomasnow, L50, M|\n|poke|p1|Crabominable, L50, M|\n|poke|p1|Sinistcha, L50|\n|poke|p1|Empoleon, L50, F|\n|poke|p1|Froslass, L50, F|\n|poke|p2|Froslass, L50, F|\n|poke|p2|Ninetales-Alola, L50, F|\n|poke|p2|Conkeldurr, L50, M|\n|poke|p2|Clefable, L50, F|\n|poke|p2|Basculegion, L50, M|\n|poke|p2|Incineroar, L50, M|\n|teampreview|4\n|\n|t:|1776230904\n|teamsize|p1|4\n|teamsize|p2|4\n|start\n|switch|p1a: Crabominable|Crabominable, L50, M|100/100\n|switch|p1b: Empoleon|Empoleon, L50, F|100/100\n|switch|p2a: Ninetales|Ninetales-Alola, L50, F|100/100\n|switch|p2b: Basculegion|Basculegion, L50, M|100/100\n|-weather|Snowscape|[from] ability: Snow Warning|[of] p2a: Ninetales\n|turn|1\n|\n|t:|1776230921\n|detailschange|p1a: Crabominable|Crabominable-Mega, L50, M\n|-mega|p1a: Crabominable|Crabominable|Crabominite\n|move|p2b: Basculegion|Flip Turn|p1a: Crabominable\n|-damage|p1a: Crabominable|78/100\n|\n|t:|1776230927\n|switch|p2b: Incineroar|Incineroar, L50, M|100/100|[from] Flip Turn\n|-ability|p2b: Incineroar|Intimidate|boost\n|-unboost|p1a: Crabominable|atk|1\n|-unboost|p1b: Empoleon|atk|1\n|-ability|p1b: Empoleon|Competitive|boost\n|-boost|p1b: Empoleon|spa|2\n|move|p2a: Ninetales|Aurora Veil|p2a: Ninetales\n|-sidestart|p2: TehPinguen|move: Aurora Veil\n|move|p1b: Empoleon|Flash Cannon|p2a: Ninetales\n|-supereffective|p2a: Ninetales|2\n|-enditem|p2a: Ninetales|Focus Sash\n|-damage|p2a: Ninetales|1/100\n|move|p1a: Crabominable|Thunder Punch|p2b: Incineroar\n|-damage|p2b: Incineroar|86/100\n|-status|p2b: Incineroar|par\n|\n|-weather|Snowscape|[upkeep]\n|upkeep\n|turn|2\n|\n|t:|1776230972\n|move|p2a: Ninetales|Blizzard|p1b: Empoleon|[spread] p1a,p1b\n|-resisted|p1a: Crabominable|1\n|-resisted|p1b: Empoleon|2\n|-damage|p1a: Crabominable|66/100\n|-damage|p1b: Empoleon|93/100\n|move|p1b: Empoleon|Blizzard|p2a: Ninetales|[spread] p2a,p2b\n|-resisted|p2a: Ninetales|1\n|-resisted|p2b: Incineroar|1\n|-damage|p2a: Ninetales|0 fnt\n|-damage|p2b: Incineroar|73/100 par\n|faint|p2a: Ninetales\n|move|p1a: Crabominable|Drain Punch|p2b: Incineroar\n|-supereffective|p2b: Incineroar|1\n|-damage|p2b: Incineroar|25/100 par\n|-heal|p1a: Crabominable|90/100|[from] drain|[of] p2b: Incineroar\n|-enditem|p2b: Incineroar|Sitrus Berry|[eat]\n|-heal|p2b: Incineroar|50/100 par|[from] item: Sitrus Berry\n|move|p2b: Incineroar|Flare Blitz|p1a: Crabominable\n|-supereffective|p1a: Crabominable|1\n|-damage|p1a: Crabominable|45/100\n|-damage|p2b: Incineroar|35/100 par|[from] Recoil\n|\n|-weather|Snowscape|[upkeep]\n|upkeep\n|\n|t:|1776231004\n|switch|p2a: Basculegion|Basculegion, L50, M|100/100\n|turn|3\n|\n|t:|1776231027\n|switch|p1a: Sinistcha|Sinistcha, L50|100/100\n|-heal|p1b: Empoleon|100/100|[from] ability: Hospitality|[of] p1a: Sinistcha\n|move|p2a: Basculegion|Last Respects|p1b: Empoleon\n|-damage|p1b: Empoleon|37/100\n|-enditem|p1b: Empoleon|Sitrus Berry|[eat]\n|-heal|p1b: Empoleon|62/100|[from] item: Sitrus Berry\n|move|p1b: Empoleon|Hydro Pump|p2a: Basculegion\n|-resisted|p2a: Basculegion|1\n|-damage|p2a: Basculegion|54/100\n|move|p2b: Incineroar|Flare Blitz|p1a: Sinistcha\n|-supereffective|p1a: Sinistcha|1\n|-damage|p1a: Sinistcha|11/100\n|-damage|p2b: Incineroar|10/100 par|[from] Recoil\n|\n|-weather|Snowscape|[upkeep]\n|upkeep\n|turn|4\n|\n|t:|1776231077\n|move|p1a: Sinistcha|Rage Powder|p1a: Sinistcha\n|-singleturn|p1a: Sinistcha|move: Rage Powder\n|move|p2a: Basculegion|Last Respects|p1a: Sinistcha\n|-supereffective|p1a: Sinistcha|1\n|-damage|p1a: Sinistcha|0 fnt\n|faint|p1a: Sinistcha\n|move|p1b: Empoleon|Hydro Pump|p2a: Basculegion|[miss]\n|-miss|p1b: Empoleon|p2a: Basculegion\n|move|p2b: Incineroar|Flare Blitz|p1b: Empoleon\n|-damage|p1b: Empoleon|15/100\n|-damage|p2b: Incineroar|0 fnt|[from] Recoil\n|faint|p2b: Incineroar\n|\n|-weather|Snowscape|[upkeep]\n|upkeep\n|\n|t:|1776231097\n|switch|p1a: Crabominable|Crabominable-Mega, L50, M|45/100\n|switch|p2b: Froslass|Froslass, L50, F|100/100\n|turn|5\n|\n|t:|1776231130\n|move|p1a: Crabominable|Protect|p1a: Crabominable\n|-singleturn|p1a: Crabominable|Protect\n|move|p2a: Basculegion|Last Respects|p1a: Crabominable\n|-activate|p1a: Crabominable|move: Protect\n|move|p2b: Froslass|Shadow Ball|p1b: Empoleon\n|-damage|p1b: Empoleon|0 fnt\n|faint|p1b: Empoleon\n|\n|-weather|none\n|-sideend|p2: TehPinguen|move: Aurora Veil\n|upkeep\n|\n|t:|1776231140\n|switch|p1b: Ninetales|Ninetales-Alola, L50, M|100/100\n|-weather|Snowscape|[from] ability: Snow Warning|[of] p1b: Ninetales\n|turn|6\n|\n|t:|1776231156\n|detailschange|p2b: Froslass|Froslass-Mega, L50, F\n|-mega|p2b: Froslass|Froslass|Froslassite\n|move|p2a: Basculegion|Last Respects|p1b: Ninetales\n|-damage|p1b: Ninetales|4/100\n|move|p2b: Froslass|Shadow Ball|p1a: Crabominable\n|-damage|p1a: Crabominable|5/100\n|move|p1b: Ninetales|Aurora Veil|p1b: Ninetales\n|-sidestart|p1: Manthis|move: Aurora Veil\n|move|p1a: Crabominable|Thunder Punch|p2a: Basculegion\n|-supereffective|p2a: Basculegion|1\n|-crit|p2a: Basculegion\n|-damage|p2a: Basculegion|0 fnt\n|faint|p2a: Basculegion\n|\n|-weather|Snowscape|[upkeep]\n|upkeep\n|turn|7\n|l|\u2606TehPinguen\n|player|p2|\n|\n|t:|1776231190\n|move|p2b: Froslass|Blizzard|p1b: Ninetales|[spread] p1a,p1b\n|-resisted|p1a: Crabominable|1\n|-resisted|p1b: Ninetales|1\n|-damage|p1a: Crabominable|0 fnt\n|-damage|p1b: Ninetales|0 fnt\n|faint|p1a: Crabominable\n|faint|p1b: Ninetales\n|\n|win|TehPinguen\n|raw|Manthis's rating: 1116 &rarr; <strong>1089</strong><br />(-27 for losing)\n|raw|TehPinguen's rating: 1090 &rarr; <strong>1118</strong><br />(+28 for winning)\n|j|\u2606TehPinguen\n|player|p2|TehPinguen|lady|\n|l|\u2606Manthis\n|player|p1|\n",
  "uploadtime": 1776231196,
  "views": 19,
  "formatid": "gen9championsvgc2026regma",
  "rating": 1089,
  "private": 0,
  "password": null
}