{
  "id": "gen9championsvgc2026regma-2584463072",
  "format": "[Gen 9 Champions] VGC 2026 Reg M-A",
  "players": [
    "Kaze812",
    "Golurk365"
  ],
  "log": "|j|\u2606Kaze812\n|j|\u2606Golurk365\n|t:|1776262565\n|gametype|doubles\n|player|p1|Kaze812|170|1058\n|player|p2|Golurk365|hugh|1122\n|gen|9\n|tier|[Gen 9 Champions] VGC 2026 Reg M-A\n|rated|\n|rule|Species Clause: Limit one of each Pok\u00e9mon\n|rule|Item Clause: Limit 1 of each item\n|clearpoke\n|poke|p1|Azumarill, L50, M|\n|poke|p1|Incineroar, L50, F|\n|poke|p1|Whimsicott, L50, F|\n|poke|p1|Dragonite, L50, M|\n|poke|p1|Maushold-Four, L50|\n|poke|p1|Charizard, L50, M|\n|poke|p2|Golurk, L50|\n|poke|p2|Whimsicott, L50, F|\n|poke|p2|Basculegion, L50, M|\n|poke|p2|Incineroar, L50, F|\n|poke|p2|Tyranitar, L50, M|\n|poke|p2|Archaludon, L50, F|\n|teampreview|4\n|inactive|Battle timer is ON: inactive players will automatically lose when time's up. (requested by Golurk365)\nKaze812 has agreed to open team sheets.\nGolurk365 has agreed to open team sheets.\n|showteam|p1|Azumarill||SitrusBerry|HugePower|Protect,BellyDrum,AquaJet,PlayRough|||M|||50|]Incineroar||Leftovers|Intimidate|FlareBlitz,DarkestLariat,PartingShot,FakeOut|||F|||50|]Whimsicott||FocusSash|Prankster|Moonblast,Protect,Encore,Tailwind|||F|||50|]Dragonite||Dragoninite|Multiscale|DracoMeteor,FireBlast,IceBeam,ExtremeSpeed|||M|||50|]Maushold-Four||LumBerry|CheekPouch|Protect,SuperFang,BeatUp,FollowMe||||||50|]Charizard||CharizarditeY|Blaze|AirSlash,HeatWave,SolarBeam,Protect|||M|||50|\n|showteam|p2|Golurk||Golurkite|IronFist|HeadlongRush,Protect,DrainPunch,Poltergeist||||||50|]Whimsicott||FocusSash|Prankster|Tailwind,Moonblast,LightScreen,StunSpore|||F|||50|]Basculegion||MysticWater|Adaptability|AquaJet,Liquidation,FlipTurn,LastRespects|||M|||50|]Incineroar||Leftovers|Intimidate|FakeOut,DarkestLariat,PartingShot,WillOWisp|||F|||50|]Tyranitar||ChopleBerry|SandStream|RockSlide,Crunch,HighHorsepower,IcePunch|||M|||50|]Archaludon||WhiteHerb|Sturdy|DragonPulse,FlashCannon,Thunderbolt,DracoMeteor|||F|||50|\n|inactive|Kaze812 has 60 seconds left.\n|\n|t:|1776262603\n|teamsize|p1|4\n|teamsize|p2|4\n|start\n|switch|p1a: Charizard|Charizard, L50, M, shiny|100/100\n|switch|p1b: Whimsicott|Whimsicott, L50, F|100/100\n|switch|p2a: Whimsicott|Whimsicott, L50, F|100/100\n|switch|p2b: Golurk|Golurk, L50|100/100\n|turn|1\n|inactive|Golurk365 has 30 seconds left.\n|inactive|Golurk365 has 20 seconds left.\n|\n|t:|1776262643\n|detailschange|p1a: Charizard|Charizard-Mega-Y, L50, M, shiny\n|-mega|p1a: Charizard|Charizard|Charizardite Y\n|-weather|SunnyDay|[from] ability: Drought|[of] p1a: Charizard\n|move|p2b: Golurk|Protect|p2b: Golurk\n|-singleturn|p2b: Golurk|Protect\n|move|p1b: Whimsicott|Tailwind|p1b: Whimsicott\n|-sidestart|p1: Kaze812|move: Tailwind\n|move|p2a: Whimsicott|Stun Spore|p1a: Charizard\n|-status|p1a: Charizard|par\n|move|p1a: Charizard|Heat Wave|p2a: Whimsicott|[spread] p2a\n|-activate|p2b: Golurk|move: Protect\n|-supereffective|p2a: Whimsicott|1\n|-enditem|p2a: Whimsicott|Focus Sash\n|-damage|p2a: Whimsicott|1/100\n|\n|-weather|SunnyDay|[upkeep]\n|upkeep\n|turn|2\n|inactive|Kaze812 has 30 seconds left.\n|inactive|Kaze812 has 20 seconds left.\n|\n|t:|1776262678\n|switch|p2a: Tyranitar|Tyranitar, L50, M|100/100\n|-weather|Sandstorm|[from] ability: Sand Stream|[of] p2a: Tyranitar\n|detailschange|p2b: Golurk|Golurk-Mega, L50\n|-mega|p2b: Golurk|Golurk|Golurkite\n|move|p1b: Whimsicott|Encore|p2a: Tyranitar\n|-hint|Since gen 7, Dark is immune to Prankster moves.\n|-immune|p2a: Tyranitar\n|cant|p1a: Charizard|par\n|move|p2b: Golurk|Poltergeist|p1b: Whimsicott\n|-activate|p1b: Whimsicott|move: Poltergeist|Focus Sash\n|-enditem|p1b: Whimsicott|Focus Sash\n|-damage|p1b: Whimsicott|1/100\n|\n|-weather|Sandstorm|[upkeep]\n|-damage|p1b: Whimsicott|0 fnt|[from] Sandstorm\n|-damage|p1a: Charizard|95/100 par|[from] Sandstorm\n|faint|p1b: Whimsicott\n|upkeep\n|\n|t:|1776262697\n|switch|p1b: Maushold|Maushold-Four, L50|100/100\n|turn|3\n|inactive|Golurk365 has 30 seconds left.\n|\n|t:|1776262725\n|switch|p2a: Basculegion|Basculegion, L50, M|100/100\n|move|p1b: Maushold|Follow Me|p1b: Maushold\n|-singleturn|p1b: Maushold|move: Follow Me\n|move|p1a: Charizard|Solar Beam||[still]\n|-prepare|p1a: Charizard|Solar Beam\n|move|p2b: Golurk|Drain Punch|p1b: Maushold\n|-supereffective|p1b: Maushold|1\n|-damage|p1b: Maushold|11/100\n|\n|-weather|Sandstorm|[upkeep]\n|-damage|p1b: Maushold|5/100|[from] Sandstorm\n|-damage|p1a: Charizard|89/100 par|[from] Sandstorm\n|-damage|p2a: Basculegion|95/100|[from] Sandstorm\n|upkeep\n|turn|4\n|\n|t:|1776262749\n|move|p1b: Maushold|Follow Me|p1b: Maushold\n|-singleturn|p1b: Maushold|move: Follow Me\n|move|p1a: Charizard|Solar Beam|p2a: Basculegion|[from] lockedmove\n|-supereffective|p2a: Basculegion|1\n|-damage|p2a: Basculegion|36/100\n|move|p2a: Basculegion|Liquidation|p1b: Maushold\n|-damage|p1b: Maushold|0 fnt\n|faint|p1b: Maushold\n|move|p2b: Golurk|Drain Punch|p1a: Charizard\n|-resisted|p1a: Charizard|1\n|-damage|p1a: Charizard|67/100 par\n|\n|-weather|Sandstorm|[upkeep]\n|-damage|p1a: Charizard|61/100 par|[from] Sandstorm\n|-damage|p2a: Basculegion|31/100|[from] Sandstorm\n|-sideend|p1: Kaze812|move: Tailwind\n|upkeep\n|\n|t:|1776262765\n|switch|p1b: Azumarill|Azumarill, L50, M, shiny|100/100\n|turn|5\n|inactive|Golurk365 has 30 seconds left.\n|\n|t:|1776262798\n|move|p1a: Charizard|Protect|p1a: Charizard\n|-singleturn|p1a: Charizard|Protect\n|move|p1b: Azumarill|Aqua Jet|p2b: Golurk\n|-supereffective|p2b: Golurk|1\n|-damage|p2b: Golurk|42/100\n|move|p2a: Basculegion|Liquidation|p1a: Charizard\n|-activate|p1a: Charizard|move: Protect\n|move|p2b: Golurk|Poltergeist|p1b: Azumarill\n|-activate|p1b: Azumarill|move: Poltergeist|Sitrus Berry\n|-damage|p1b: Azumarill|28/100\n|-enditem|p1b: Azumarill|Sitrus Berry|[eat]\n|-heal|p1b: Azumarill|52/100|[from] item: Sitrus Berry\n|\n|-weather|Sandstorm|[upkeep]\n|-damage|p2a: Basculegion|25/100|[from] Sandstorm\n|-damage|p1a: Charizard|55/100 par|[from] Sandstorm\n|-damage|p1b: Azumarill|47/100|[from] Sandstorm\n|upkeep\n|turn|6\n|inactive|Golurk365 has 30 seconds left.\n|\n|t:|1776262824\n|move|p1b: Azumarill|Aqua Jet|p2b: Golurk\n|-supereffective|p2b: Golurk|1\n|-damage|p2b: Golurk|0 fnt\n|faint|p2b: Golurk\n|move|p2a: Basculegion|Liquidation|p1a: Charizard\n|-supereffective|p1a: Charizard|1\n|-damage|p1a: Charizard|0 fnt\n|faint|p1a: Charizard\n|\n|-weather|none\n|upkeep\n|\n|t:|1776262831\n|switch|p2b: Whimsicott|Whimsicott, L50, F|1/100\n|turn|7\n|\n|t:|1776262848\n|move|p2b: Whimsicott|Tailwind|p2b: Whimsicott\n|-sidestart|p2: Golurk365|move: Tailwind\n|move|p2a: Basculegion|Last Respects|p1b: Azumarill\n|-damage|p1b: Azumarill|0 fnt\n|faint|p1b: Azumarill\n|\n|win|Golurk365\n|raw|Kaze812's rating: 1058 &rarr; <strong>1043</strong><br />(-15 for losing)\n|raw|Golurk365's rating: 1122 &rarr; <strong>1142</strong><br />(+20 for winning)\n|l|\u2606Kaze812\n|player|p1|\n|c|\u2606Golurk365|gg\n",
  "uploadtime": 1776262859,
  "views": 19,
  "formatid": "gen9championsvgc2026regma",
  "rating": 1043,
  "private": 0,
  "password": null
}