{
  "id": "gen9championsvgc2026regma-2582322290",
  "format": "[Gen 9 Champions] VGC 2026 Reg M-A",
  "players": [
    "theilldigi",
    "federico segu"
  ],
  "log": "|j|\u2606theilldigi\n|j|\u2606federico segu\n|t:|1776083225\n|gametype|doubles\n|player|p1|theilldigi|101|1132\n|player|p2|federico segu|cameraman|1132\n|gen|9\n|tier|[Gen 9 Champions] VGC 2026 Reg M-A\n|rated|\n|rule|Species Clause: Limit one of each Pok\u00e9mon\n|rule|Item Clause: Limit 1 of each item\n|clearpoke\n|poke|p1|Lopunny, L50, M|\n|poke|p1|Incineroar, L50, M|\n|poke|p1|Primarina, L50, M|\n|poke|p1|Sneasler, L50, F|\n|poke|p1|Typhlosion-Hisui, L50, M|\n|poke|p1|Tsareena, L50, F|\n|poke|p2|Floette-Eternal, L50, F|\n|poke|p2|Incineroar, L50, F|\n|poke|p2|Scizor, L50, F|\n|poke|p2|Sinistcha, L50|\n|poke|p2|Lycanroc-Dusk, L50, F|\n|poke|p2|Whimsicott, L50, F|\n|teampreview|4\n|inactive|Battle timer is ON: inactive players will automatically lose when time's up. (requested by federico segu)\n|inactive|theilldigi has 60 seconds left.\n|\n|t:|1776083280\n|teamsize|p1|4\n|teamsize|p2|4\n|start\n|switch|p1a: Tsareena|Tsareena, L50, F|100/100\n|switch|p1b: Sneasler|Sneasler, L50, F|100/100\n|switch|p2a: Floette|Floette-Eternal, L50, F|100/100\n|switch|p2b: Whimsicott|Whimsicott, L50, F|100/100\n|turn|1\n|\n|t:|1776083303\n|detailschange|p2a: Floette|Floette-Mega, L50, F\n|-mega|p2a: Floette|Floette|Floettite\n|-ability|p2a: Floette|Fairy Aura\n|move|p2a: Floette|Protect|p2a: Floette\n|-singleturn|p2a: Floette|Protect\n|move|p2b: Whimsicott|Tailwind|p2b: Whimsicott\n|-sidestart|p2: federico segu|move: Tailwind\n|move|p1b: Sneasler|Taunt|p2b: Whimsicott\n|-start|p2b: Whimsicott|move: Taunt\n|-enditem|p2b: Whimsicott|Mental Herb\n|-end|p2b: Whimsicott|move: Taunt\n|move|p1a: Tsareena|Trop Kick|p2a: Floette\n|-activate|p2a: Floette|move: Protect\n|\n|upkeep\n|turn|2\n|\n|t:|1776083325\n|move|p2a: Floette|Dazzling Gleam|p1a: Tsareena|[spread] p1a,p1b\n|-damage|p1a: Tsareena|62/100\n|-damage|p1b: Sneasler|41/100\n|move|p2b: Whimsicott|Moonblast|p1b: Sneasler\n|-crit|p1b: Sneasler\n|-damage|p1b: Sneasler|0 fnt\n|faint|p1b: Sneasler\n|move|p1a: Tsareena|Sunny Day|p1a: Tsareena\n|-weather|SunnyDay\n|\n|-weather|SunnyDay|[upkeep]\n|upkeep\n|\n|t:|1776083332\n|switch|p1b: Typhlosion|Typhlosion-Hisui, L50, M|100/100\n|-item|p2a: Floette|Floettite|[from] ability: Frisk|[of] p1b: Typhlosion\n|turn|3\n|\n|t:|1776083344\n|move|p2b: Whimsicott|Light Screen|p2b: Whimsicott\n|-sidestart|p2: federico segu|move: Light Screen\n|move|p2a: Floette|Calm Mind|p2a: Floette\n|-boost|p2a: Floette|spa|1\n|-boost|p2a: Floette|spd|1\n|move|p1b: Typhlosion|Eruption|p2b: Whimsicott|[spread] p2a,p2b\n|-supereffective|p2b: Whimsicott|1\n|-damage|p2a: Floette|63/100\n|-damage|p2b: Whimsicott|0 fnt\n|faint|p2b: Whimsicott\n|move|p1a: Tsareena|Trop Kick|p2a: Floette\n|-damage|p2a: Floette|11/100\n|-unboost|p2a: Floette|atk|1\n|\n|-weather|SunnyDay|[upkeep]\n|upkeep\n|\n|t:|1776083348\n|switch|p2b: Sinistcha|Sinistcha, L50|100/100\n|-heal|p2a: Floette|36/100|[from] ability: Hospitality|[of] p2b: Sinistcha\n|turn|4\n|\n|t:|1776083364\n|switch|p2b: Incineroar|Incineroar, L50, F|100/100\n|-ability|p2b: Incineroar|Intimidate|boost\n|-unboost|p1a: Tsareena|atk|1\n|-unboost|p1b: Typhlosion|atk|1\n|move|p2a: Floette|Protect|p2a: Floette\n|-singleturn|p2a: Floette|Protect\n|move|p1b: Typhlosion|Eruption|p2b: Incineroar|[spread] p2b\n|-activate|p2a: Floette|move: Protect\n|-resisted|p2b: Incineroar|1\n|-damage|p2b: Incineroar|77/100\n|move|p1a: Tsareena|U-turn|p2b: Incineroar\n|-damage|p2b: Incineroar|62/100\n|\n|t:|1776083370\n|switch|p1a: Lopunny|Lopunny, L50, M, shiny|100/100|[from] U-turn\n|\n|-weather|SunnyDay|[upkeep]\n|-heal|p2b: Incineroar|68/100|[from] item: Leftovers\n|-sideend|p2: federico segu|move: Tailwind\n|upkeep\n|turn|5\n|\n|t:|1776083390\n|detailschange|p1a: Lopunny|Lopunny-Mega, L50, M, shiny\n|-mega|p1a: Lopunny|Lopunny|Lopunnite\n|move|p1a: Lopunny|Fake Out|p2b: Incineroar\n|-damage|p2b: Incineroar|49/100\n|cant|p2b: Incineroar|flinch\n|move|p1b: Typhlosion|Eruption|p2b: Incineroar|[spread] p2a,p2b\n|-resisted|p2b: Incineroar|1\n|-damage|p2a: Floette|0 fnt\n|-damage|p2b: Incineroar|24/100\n|faint|p2a: Floette\n|\n|-weather|SunnyDay|[upkeep]\n|-heal|p2b: Incineroar|30/100|[from] item: Leftovers\n|upkeep\n|\n|t:|1776083405\n|switch|p2a: Sinistcha|Sinistcha, L50|100/100\n|-heal|p2b: Incineroar|55/100|[from] ability: Hospitality|[of] p2a: Sinistcha\n|turn|6\n|-message|federico segu forfeited.\n|\n|win|theilldigi\n",
  "uploadtime": 1776083228,
  "views": 11,
  "formatid": "gen9championsvgc2026regma",
  "rating": null,
  "private": 0,
  "password": null
}