{
  "id": "gen9championsvgc2026regma-2587292461",
  "format": "[Gen 9 Champions] VGC 2026 Reg M-A",
  "players": [
    "Lin25",
    "LearningtoLearn"
  ],
  "log": "|j|\u2606Lin25\n|j|\u2606LearningtoLearn\n|t:|1776519024\n|gametype|doubles\n|player|p1|Lin25|ash-kalos|1167\n|player|p2|LearningtoLearn|265|1161\n|gen|9\n|tier|[Gen 9 Champions] VGC 2026 Reg M-A\n|rated|\n|rule|Species Clause: Limit one of each Pok\u00e9mon\n|rule|Item Clause: Limit 1 of each item\n|clearpoke\n|poke|p1|Sneasler, L50, F|\n|poke|p1|Floette-Eternal, L50, F|\n|poke|p1|Basculegion, L50, M|\n|poke|p1|Maushold, L50|\n|poke|p1|Aerodactyl, L50, F|\n|poke|p1|Kingambit, L50, M|\n|poke|p2|Arcanine-Hisui, L50, F|\n|poke|p2|Milotic, L50, F|\n|poke|p2|Meganium, L50, F|\n|poke|p2|Weavile, L50, M|\n|poke|p2|Sneasler, L50, M|\n|poke|p2|Kangaskhan, L50, F|\n|teampreview|4\n|inactive|Battle timer is ON: inactive players will automatically lose when time's up. (requested by LearningtoLearn)\n|inactive|Lin25 has 60 seconds left.\n|\n|t:|1776519068\n|teamsize|p1|4\n|teamsize|p2|4\n|start\n|switch|p1a: Aerodactyl|Aerodactyl, L50, F|100/100\n|switch|p1b: Maushold|Maushold, L50|100/100\n|switch|p2a: Meganium|Meganium, L50, F|100/100\n|switch|p2b: Weavile|Weavile, L50, M|100/100\n|-ability|p1a: Aerodactyl|Unnerve\n|-ability|p2b: Weavile|Pressure\n|turn|1\n|inactive|Lin25 has 30 seconds left.\n|\n|t:|1776519096\n|detailschange|p2a: Meganium|Meganium-Mega, L50, F\n|-mega|p2a: Meganium|Meganium|Meganiumite\n|move|p2b: Weavile|Fake Out|p1a: Aerodactyl\n|-resisted|p1a: Aerodactyl|1\n|-damage|p1a: Aerodactyl|92/100\n|move|p1b: Maushold|Follow Me|p1b: Maushold\n|-singleturn|p1b: Maushold|move: Follow Me\n|cant|p1a: Aerodactyl|flinch\n|move|p2a: Meganium|Dazzling Gleam|p1b: Maushold|[spread] p1a,p1b\n|-damage|p1a: Aerodactyl|53/100\n|-damage|p1b: Maushold|52/100\n|\n|upkeep\n|turn|2\n|\n|t:|1776519115\n|move|p1a: Aerodactyl|Tailwind|p1a: Aerodactyl\n|-sidestart|p1: Lin25|move: Tailwind\n|move|p1b: Maushold|Super Fang|p2a: Meganium\n|-damage|p2a: Meganium|51/100\n|move|p2b: Weavile|Icy Wind|p1b: Maushold|[spread] p1a\n|-miss|p2b: Weavile|p1b: Maushold\n|-supereffective|p1a: Aerodactyl|1\n|-damage|p1a: Aerodactyl|38/100\n|-unboost|p1a: Aerodactyl|spe|1\n|move|p2a: Meganium|Dazzling Gleam|p1a: Aerodactyl|[spread] p1a,p1b\n|-damage|p1a: Aerodactyl|2/100\n|-damage|p1b: Maushold|5/100\n|\n|upkeep\n|turn|3\n|\n|t:|1776519136\n|move|p2a: Meganium|Protect|p2a: Meganium\n|-singleturn|p2a: Meganium|Protect\n|move|p1b: Maushold|Super Fang|p2b: Weavile\n|-damage|p2b: Weavile|51/100\n|move|p1a: Aerodactyl|Dual Wingbeat|p2a: Meganium\n|-activate|p2a: Meganium|move: Protect\n|move|p2b: Weavile|Icy Wind|p1b: Maushold|[spread] p1a,p1b\n|-supereffective|p1a: Aerodactyl|1\n|-crit|p1b: Maushold\n|-damage|p1a: Aerodactyl|0 fnt\n|-damage|p1b: Maushold|0 fnt\n|faint|p1a: Aerodactyl\n|faint|p1b: Maushold\n|\n|upkeep\n|\n|t:|1776519143\n|switch|p1a: Floette|Floette-Eternal, L50, F|100/100\n|switch|p1b: Sneasler|Sneasler, L50, F|100/100\n|turn|4\n|\n|t:|1776519154\n|detailschange|p1a: Floette|Floette-Mega, L50, F\n|-mega|p1a: Floette|Floette|Floettite\n|-ability|p1a: Floette|Fairy Aura\n|move|p1b: Sneasler|Dire Claw|p2a: Meganium\n|-supereffective|p2a: Meganium|2\n|-damage|p2a: Meganium|0 fnt\n|faint|p2a: Meganium\n|move|p1a: Floette|Dazzling Gleam|p2b: Weavile\n|-supereffective|p2b: Weavile|1\n|-damage|p2b: Weavile|0 fnt\n|faint|p2b: Weavile\n|\n|upkeep\n|\n|t:|1776519165\n|switch|p2b: Arcanine|Arcanine-Hisui, L50, F|100/100\n|switch|p2a: Sneasler|Sneasler, L50, M|100/100\n|-ability|p2b: Arcanine|Intimidate|boost\n|-unboost|p1a: Floette|atk|1\n|-unboost|p1b: Sneasler|atk|1\n|-enditem|p1b: Sneasler|White Herb\n|-clearnegativeboost|p1b: Sneasler|[silent]\n|turn|5\n|inactive|Lin25 has 30 seconds left.\n|\n|t:|1776519193\n|move|p1b: Sneasler|Close Combat|p2b: Arcanine\n|-supereffective|p2b: Arcanine|1\n|-damage|p2b: Arcanine|0 fnt\n|-unboost|p1b: Sneasler|def|1\n|-unboost|p1b: Sneasler|spd|1\n|faint|p2b: Arcanine\n|move|p1a: Floette|Dazzling Gleam|p2a: Sneasler\n|-damage|p2a: Sneasler|9/100\n|move|p2a: Sneasler|Coaching|p2: Arcanine|[notarget]\n|-fail|p2a: Sneasler\n|\n|-sideend|p1: Lin25|move: Tailwind\n|upkeep\n|turn|6\n|-message|LearningtoLearn forfeited.\n|\n|win|Lin25\n|raw|Lin25's rating: 1167 &rarr; <strong>1192</strong><br />(+25 for winning)\n|raw|LearningtoLearn's rating: 1161 &rarr; <strong>1136</strong><br />(-25 for losing)\n|l|\u2606LearningtoLearn\n|player|p2|\n",
  "uploadtime": 1776519213,
  "views": 13,
  "formatid": "gen9championsvgc2026regma",
  "rating": 1136,
  "private": 0,
  "password": null
}