{
  "id": "gen9championsvgc2026regma-2585637250",
  "format": "[Gen 9 Champions] VGC 2026 Reg M-A",
  "players": [
    "jacrepid",
    "Lrd&svrgouging"
  ],
  "log": "|j|\u2606jacrepid\n|j|\u2606Lrd&svrgouging\n|t:|1776360441\n|gametype|doubles\n|player|p1|jacrepid|acetrainer-gen4dp|1044\n|player|p2|Lrd&svrgouging|101|1048\n|gen|9\n|tier|[Gen 9 Champions] VGC 2026 Reg M-A\n|rated|\n|rule|Species Clause: Limit one of each Pok\u00e9mon\n|rule|Item Clause: Limit 1 of each item\n|clearpoke\n|poke|p1|Glimmora, L50, F|\n|poke|p1|Charizard, L50, M|\n|poke|p1|Venusaur, L50, F|\n|poke|p1|Incineroar, L50, F|\n|poke|p1|Dragapult, L50, F|\n|poke|p1|Kingambit, L50, M|\n|poke|p2|Farigiraf, L50, M|\n|poke|p2|Crabominable, L50, M|\n|poke|p2|Scovillain, L50, M|\n|poke|p2|Primarina, L50, F|\n|poke|p2|Torkoal, L50, F|\n|poke|p2|Sneasler, L50, M|\n|teampreview|4\n|\n|t:|1776360471\n|teamsize|p1|4\n|teamsize|p2|4\n|start\n|switch|p1a: Charizard|Charizard, L50, M|100/100\n|switch|p1b: Venusaur|Venusaur, L50, F|100/100\n|switch|p2a: Farigiraf|Farigiraf, L50, M, shiny|100/100\n|switch|p2b: Scovillain|Scovillain, L50, M|100/100\n|turn|1\n|\n|t:|1776360493\n|detailschange|p1a: Charizard|Charizard-Mega-Y, L50, M\n|-mega|p1a: Charizard|Charizard|Charizardite Y\n|-weather|SunnyDay|[from] ability: Drought|[of] p1a: Charizard\n|detailschange|p2b: Scovillain|Scovillain-Mega, L50, M\n|-mega|p2b: Scovillain|Scovillain|Scovillainite\n|move|p2a: Farigiraf|Protect|p2a: Farigiraf\n|-singleturn|p2a: Farigiraf|Protect\n|move|p1b: Venusaur|Energy Ball|p2a: Farigiraf\n|-activate|p2a: Farigiraf|move: Protect\n|move|p1a: Charizard|Heat Wave|p2a: Farigiraf|[spread] p2b\n|-activate|p2a: Farigiraf|move: Protect\n|-damage|p2b: Scovillain|21/100\n|-immune|p1a: Charizard\n|move|p2b: Scovillain|Leech Seed|p1a: Charizard\n|-start|p1a: Charizard|move: Leech Seed\n|\n|-weather|SunnyDay|[upkeep]\n|-damage|p1a: Charizard|88/100|[from] Leech Seed|[of] p2b: Scovillain\n|-heal|p2b: Scovillain|32/100|[silent]\n|upkeep\n|turn|2\n|\n|t:|1776360510\n|move|p2b: Scovillain|Protect|p2b: Scovillain\n|-singleturn|p2b: Scovillain|Protect\n|move|p1b: Venusaur|Energy Ball|p2a: Farigiraf\n|-damage|p2a: Farigiraf|63/100\n|move|p1a: Charizard|Heat Wave|p2a: Farigiraf|[spread] p2a\n|-activate|p2b: Scovillain|move: Protect\n|-damage|p2a: Farigiraf|2/100\n|move|p2a: Farigiraf|Trick Room|p2a: Farigiraf\n|-fieldstart|move: Trick Room|[of] p2a: Farigiraf\n|\n|-weather|SunnyDay|[upkeep]\n|-damage|p1a: Charizard|76/100|[from] Leech Seed|[of] p2b: Scovillain\n|-heal|p2b: Scovillain|44/100|[silent]\n|upkeep\n|turn|3\n|\n|t:|1776360528\n|switch|p1a: Incineroar|Incineroar, L50, F|100/100\n|-ability|p1a: Incineroar|Intimidate|boost\n|-unboost|p2a: Farigiraf|atk|1\n|-unboost|p2b: Scovillain|atk|1\n|move|p2a: Farigiraf|Hyper Voice|p1a: Incineroar|[spread] p1a,p1b\n|-damage|p1a: Incineroar|75/100\n|-damage|p1b: Venusaur|69/100\n|move|p2b: Scovillain|Flamethrower|p1b: Venusaur\n|-supereffective|p1b: Venusaur|1\n|-damage|p1b: Venusaur|0 fnt\n|faint|p1b: Venusaur\n|\n|-weather|SunnyDay|[upkeep]\n|upkeep\n|\n|t:|1776360542\n|switch|p1b: Kingambit|Kingambit, L50, M|100/100\n|turn|4\n|\n|t:|1776360552\n|move|p1b: Kingambit|Protect|p1b: Kingambit\n|-singleturn|p1b: Kingambit|Protect\n|move|p2b: Scovillain|Rage Powder|p2b: Scovillain\n|-singleturn|p2b: Scovillain|move: Rage Powder\n|move|p2a: Farigiraf|Hyper Voice|p1b: Kingambit|[spread] p1a\n|-activate|p1b: Kingambit|move: Protect\n|-damage|p1a: Incineroar|51/100\n|move|p1a: Incineroar|Darkest Lariat|p2b: Scovillain\n|-damage|p2b: Scovillain|6/100\n|-immune|p1a: Incineroar\n|\n|-weather|SunnyDay|[upkeep]\n|upkeep\n|turn|5\n|\n|t:|1776360567\n|switch|p1b: Charizard|Charizard-Mega-Y, L50, M|76/100\n|move|p2b: Scovillain|Rage Powder|p2b: Scovillain\n|-singleturn|p2b: Scovillain|move: Rage Powder\n|move|p2a: Farigiraf|Hyper Voice|p1a: Incineroar|[spread] p1a,p1b\n|-crit|p1a: Incineroar\n|-damage|p1a: Incineroar|15/100\n|-damage|p1b: Charizard|46/100\n|-enditem|p1a: Incineroar|Sitrus Berry|[eat]\n|-heal|p1a: Incineroar|40/100|[from] item: Sitrus Berry\n|move|p1a: Incineroar|Darkest Lariat|p2b: Scovillain\n|-damage|p2b: Scovillain|0 fnt\n|-immune|p1a: Incineroar\n|faint|p2b: Scovillain\n|\n|-weather|none\n|upkeep\n|\n|t:|1776360572\n|switch|p2b: Primarina|Primarina, L50, F, shiny|100/100\n|turn|6\n|\n|t:|1776360578\n|switch|p1b: Kingambit|Kingambit, L50, M|100/100\n|move|p2a: Farigiraf|Hyper Voice|p1a: Incineroar|[spread] p1a,p1b\n|-resisted|p1b: Kingambit|1\n|-damage|p1a: Incineroar|16/100\n|-damage|p1b: Kingambit|85/100\n|move|p2b: Primarina|Hyper Voice|p1a: Incineroar|[spread] p1a,p1b\n|-supereffective|p1a: Incineroar|1\n|-damage|p1a: Incineroar|0 fnt\n|-damage|p1b: Kingambit|51/100\n|faint|p1a: Incineroar\n|\n|-fieldend|move: Trick Room\n|upkeep\n|\n|t:|1776360585\n|switch|p1a: Charizard|Charizard-Mega-Y, L50, M|46/100\n|-weather|SunnyDay|[from] ability: Drought|[of] p1a: Charizard\n|turn|7\n|\n|t:|1776360607\n|move|p1a: Charizard|Heat Wave|p2a: Farigiraf|[spread] p2a,p2b\n|-crit|p2a: Farigiraf\n|-resisted|p2b: Primarina|1\n|-damage|p2a: Farigiraf|0 fnt\n|-damage|p2b: Primarina|66/100\n|-status|p2b: Primarina|brn\n|faint|p2a: Farigiraf\n|move|p2b: Primarina|Hyper Voice|p1a: Charizard|[spread] p1a,p1b\n|-supereffective|p1a: Charizard|1\n|-damage|p1a: Charizard|10/100\n|-damage|p1b: Kingambit|34/100\n|move|p1b: Kingambit|Iron Head|p2b: Primarina\n|-damage|p2b: Primarina|11/100 brn\n|\n|-weather|SunnyDay|[upkeep]\n|-heal|p2b: Primarina|17/100 brn|[from] item: Leftovers\n|-damage|p2b: Primarina|11/100 brn|[from] brn\n|upkeep\n|\n|t:|1776360610\n|switch|p2a: Crabominable|Crabominable, L50, M|100/100\n|turn|8\n|\n|t:|1776360623\n|move|p2a: Crabominable|Wide Guard|p2a: Crabominable\n|-singleturn|p2a: Crabominable|Wide Guard\n|move|p1b: Kingambit|Sucker Punch||[still]\n|-fail|p1b: Kingambit\n|move|p1a: Charizard|Heat Wave|p2a: Crabominable|[spread] \n|-activate|p2a: Crabominable|move: Wide Guard\n|-activate|p2b: Primarina|move: Wide Guard\n|move|p2b: Primarina|Hyper Voice|p1b: Kingambit|[spread] p1a,p1b\n|-supereffective|p1a: Charizard|1\n|-damage|p1a: Charizard|0 fnt\n|-damage|p1b: Kingambit|16/100\n|faint|p1a: Charizard\n|\n|-weather|SunnyDay|[upkeep]\n|-heal|p2b: Primarina|17/100 brn|[from] item: Leftovers\n|-damage|p2b: Primarina|11/100 brn|[from] brn\n|upkeep\n|turn|9\n|\n|t:|1776360645\n|move|p1b: Kingambit|Sucker Punch|p2b: Primarina\n|-resisted|p2b: Primarina|1\n|-damage|p2b: Primarina|0 fnt\n|faint|p2b: Primarina\n|move|p2a: Crabominable|Drain Punch|p1b: Kingambit\n|-supereffective|p1b: Kingambit|2\n|-damage|p1b: Kingambit|0 fnt\n|faint|p1b: Kingambit\n|\n|win|Lrd&svrgouging\n|raw|jacrepid's rating: 1044 &rarr; <strong>1028</strong><br />(-16 for losing)\n|raw|Lrd&amp;svrgouging's rating: 1048 &rarr; <strong>1080</strong><br />(+32 for winning)\n",
  "uploadtime": 1776360646,
  "views": 15,
  "formatid": "gen9championsvgc2026regma",
  "rating": 1028,
  "private": 0,
  "password": null
}