{
  "id": "gen9championsvgc2026regma-2584901370",
  "format": "[Gen 9 Champions] VGC 2026 Reg M-A",
  "players": [
    "yetiwaker",
    "Koolwraith"
  ],
  "log": "|j|\u2606yetiwaker\n|j|\u2606Koolwraith\n|t:|1776292895\n|gametype|doubles\n|player|p1|yetiwaker|266|1020\n|player|p2|Koolwraith|smasher|1000\n|gen|9\n|tier|[Gen 9 Champions] VGC 2026 Reg M-A\n|rated|\n|rule|Species Clause: Limit one of each Pok\u00e9mon\n|rule|Item Clause: Limit 1 of each item\n|clearpoke\n|poke|p1|Meganium, L50, M|\n|poke|p1|Archaludon, L50, F|\n|poke|p1|Pelipper, L50, F|\n|poke|p1|Basculegion, L50, M|\n|poke|p1|Incineroar, L50, M|\n|poke|p1|Clefable, L50, F|\n|poke|p2|Meowscarada, L50, F|\n|poke|p2|Gyarados, L50, F|\n|poke|p2|Scovillain, L50, F|\n|poke|p2|Gengar, L50, M|\n|poke|p2|Clefable, L50, F|\n|poke|p2|Sandaconda, L50, F|\n|teampreview|4\n|inactive|Battle timer is ON: inactive players will automatically lose when time's up. (requested by yetiwaker)\n|\n|t:|1776292920\n|teamsize|p1|4\n|teamsize|p2|4\n|start\n|switch|p1a: Pelipper|Pelipper, L50, F|100/100\n|switch|p1b: Meganium|Meganium, L50, M|100/100\n|switch|p2a: Scovillain|Scovillain, L50, F|100/100\n|switch|p2b: Gyarados|Gyarados, L50, F|100/100\n|-ability|p2b: Gyarados|Intimidate|boost\n|-unboost|p1a: Pelipper|atk|1\n|-unboost|p1b: Meganium|atk|1\n|-weather|RainDance|[from] ability: Drizzle|[of] p1a: Pelipper\n|turn|1\n|inactive|yetiwaker has 30 seconds left.\n|\n|t:|1776292948\n|switch|p2b: Clefable|Clefable, L50, F|100/100\n|detailschange|p1b: Meganium|Meganium-Mega, L50, M\n|-mega|p1b: Meganium|Meganium|Meganiumite\n|move|p2a: Scovillain|Protect|p2a: Scovillain\n|-singleturn|p2a: Scovillain|Protect\n|move|p1b: Meganium|Solar Beam||[still]\n|-prepare|p1b: Meganium|Solar Beam\n|-activate|p1b: Meganium|ability: Mega Sol\n|-anim|p1b: Meganium|Solar Beam|p2b: Clefable\n|-damage|p2b: Clefable|54/100\n|move|p1a: Pelipper|Tailwind|p1a: Pelipper\n|-sidestart|p1: yetiwaker|move: Tailwind\n|\n|-weather|RainDance|[upkeep]\n|-heal|p2b: Clefable|60/100|[from] item: Leftovers\n|-ability|p2a: Scovillain|Moody|boost\n|-boost|p2a: Scovillain|spe|2\n|-unboost|p2a: Scovillain|def|1\n|upkeep\n|turn|2\n|inactive|yetiwaker has 30 seconds left.\n|inactive|Koolwraith has 30 seconds left.\n|\n|t:|1776292975\n|switch|p1a: Archaludon|Archaludon, L50, F|100/100\n|move|p2b: Clefable|Follow Me|p2b: Clefable\n|-singleturn|p2b: Clefable|move: Follow Me\n|move|p1b: Meganium|Weather Ball|p2b: Clefable\n|-damage|p2b: Clefable|20/100\n|move|p2a: Scovillain|Giga Drain|p1a: Archaludon\n|-resisted|p1a: Archaludon|2\n|-damage|p1a: Archaludon|87/100\n|\n|-weather|RainDance|[upkeep]\n|-heal|p2b: Clefable|26/100|[from] item: Leftovers\n|-ability|p2a: Scovillain|Moody|boost\n|-boost|p2a: Scovillain|def|2\n|-unboost|p2a: Scovillain|spd|1\n|upkeep\n|turn|3\n|\n|t:|1776292993\n|move|p2a: Scovillain|Protect|p2a: Scovillain\n|-singleturn|p2a: Scovillain|Protect\n|move|p1a: Archaludon|Electro Shot||[still]\n|-prepare|p1a: Archaludon|Electro Shot\n|-boost|p1a: Archaludon|spa|1\n|-anim|p1a: Archaludon|Electro Shot|p2a: Scovillain\n|-activate|p2a: Scovillain|move: Protect\n|move|p1b: Meganium|Weather Ball|p2a: Scovillain\n|-activate|p2a: Scovillain|move: Protect\n|move|p2b: Clefable|Life Dew||[still]|[spread] p2a,p2b\n|-fail|p2a: Scovillain|heal\n|-heal|p2b: Clefable|51/100\n|\n|-weather|RainDance|[upkeep]\n|-heal|p2b: Clefable|57/100|[from] item: Leftovers\n|-ability|p2a: Scovillain|Moody|boost\n|-boost|p2a: Scovillain|spd|2\n|-unboost|p2a: Scovillain|spa|1\n|upkeep\n|turn|4\n|inactive|Koolwraith has 30 seconds left.\n|\n|t:|1776293020\n|move|p2b: Clefable|Follow Me|p2b: Clefable\n|-singleturn|p2b: Clefable|move: Follow Me\n|move|p1a: Archaludon|Electro Shot||[still]\n|-prepare|p1a: Archaludon|Electro Shot\n|-boost|p1a: Archaludon|spa|1\n|-anim|p1a: Archaludon|Electro Shot|p2b: Clefable\n|-damage|p2b: Clefable|0 fnt\n|faint|p2b: Clefable\n|move|p1b: Meganium|Dazzling Gleam|p2a: Scovillain\n|-resisted|p2a: Scovillain|1\n|-damage|p2a: Scovillain|82/100\n|move|p2a: Scovillain|Super Fang|p1b: Meganium\n|-damage|p1b: Meganium|51/100\n|\n|-weather|RainDance|[upkeep]\n|-sideend|p1: yetiwaker|move: Tailwind\n|-ability|p2a: Scovillain|Moody|boost\n|-boost|p2a: Scovillain|def|2\n|-unboost|p2a: Scovillain|spd|1\n|upkeep\n|\n|t:|1776293040\n|switch|p2b: Gengar|Gengar, L50, M|100/100\n|turn|5\n|\n|t:|1776293060\n|move|p2a: Scovillain|Protect|p2a: Scovillain\n|-singleturn|p2a: Scovillain|Protect\n|move|p2b: Gengar|Sludge Bomb|p1b: Meganium\n|-supereffective|p1b: Meganium|2\n|-damage|p1b: Meganium|0 fnt\n|faint|p1b: Meganium\n|move|p1a: Archaludon|Electro Shot||[still]\n|-prepare|p1a: Archaludon|Electro Shot\n|-boost|p1a: Archaludon|spa|1\n|-anim|p1a: Archaludon|Electro Shot|p2b: Gengar\n|-enditem|p2b: Gengar|Focus Sash\n|-damage|p2b: Gengar|1/100\n|\n|-weather|none\n|-ability|p2a: Scovillain|Moody|boost\n|-boost|p2a: Scovillain|spa|2\n|-unboost|p2a: Scovillain|def|1\n|upkeep\n|\n|t:|1776293067\n|switch|p1b: Pelipper|Pelipper, L50, F|100/100\n|-weather|RainDance|[from] ability: Drizzle|[of] p1b: Pelipper\n|turn|6\n|\n|t:|1776293081\n|move|p2a: Scovillain|Giga Drain|p1b: Pelipper\n|-damage|p1b: Pelipper|47/100\n|-heal|p2a: Scovillain|100/100|[from] drain|[of] p1b: Pelipper\n|move|p2b: Gengar|Destiny Bond|p2b: Gengar\n|-singlemove|p2b: Gengar|Destiny Bond\n|move|p1a: Archaludon|Electro Shot||[still]\n|-prepare|p1a: Archaludon|Electro Shot\n|-boost|p1a: Archaludon|spa|1\n|-anim|p1a: Archaludon|Electro Shot|p2b: Gengar\n|-damage|p2b: Gengar|0 fnt\n|faint|p2b: Gengar\n|-activate|p2b: Gengar|move: Destiny Bond\n|faint|p1a: Archaludon\n|move|p1b: Pelipper|Tailwind|p1b: Pelipper\n|-sidestart|p1: yetiwaker|move: Tailwind\n|\n|-weather|RainDance|[upkeep]\n|-ability|p2a: Scovillain|Moody|boost\n|-boost|p2a: Scovillain|atk|2\n|-unboost|p2a: Scovillain|def|1\n|upkeep\n|-message|yetiwaker forfeited.\n|\n|win|Koolwraith\n|raw|yetiwaker's rating: 1020 &rarr; <strong>1006</strong><br />(-14 for losing)\n|raw|Koolwraith's rating: 1000 &rarr; <strong>1042</strong><br />(+42 for winning)\n|l|\u2606yetiwaker\n|player|p1|\n",
  "uploadtime": 1776293114,
  "views": 17,
  "formatid": "gen9championsvgc2026regma",
  "rating": 1006,
  "private": 0,
  "password": null
}