{
  "id": "gen9championsvgc2026regma-2582074226",
  "format": "[Gen 9 Champions] VGC 2026 Reg M-A",
  "players": [
    "It'sJustKen VGC",
    "roherto"
  ],
  "log": "|j|\u2606It'sJustKen VGC\n|j|\u2606roherto\n|t:|1776054663\n|gametype|doubles\n|player|p1|It'sJustKen VGC|265|\n|player|p2|roherto|hilbert|\n|gen|9\n|tier|[Gen 9 Champions] VGC 2026 Reg M-A\n|rated|Tournament battle\n|rule|Species Clause: Limit one of each Pok\u00e9mon\n|rule|Item Clause: Limit 1 of each item\n|clearpoke\n|poke|p1|Kingambit, L50, F|\n|poke|p1|Clefable, L50, F|\n|poke|p1|Chimecho, L50, M|\n|poke|p1|Golurk, L50|\n|poke|p1|Torkoal, L50, M|\n|poke|p1|Hawlucha, L50, F|\n|poke|p2|Venusaur, L50, M|\n|poke|p2|Arcanine, L50, M|\n|poke|p2|Garchomp, L50, M|\n|poke|p2|Rotom-Wash, L50|\n|poke|p2|Aerodactyl, L50, F|\n|poke|p2|Floette-Eternal, L50, F|\n|teampreview|4\n|inactive|Battle timer is ON: inactive players will automatically lose when time's up. (requested by It'sJustKen VGC)\n|inactive|roherto has 60 seconds left.\n|j|@Radio Free C-Side\n|inactive|roherto has 30 seconds left.\n|c|\u2606It'sJustKen VGC|glhf\n|\n|t:|1776054727\n|teamsize|p1|4\n|teamsize|p2|4\n|start\n|switch|p1a: Chimecho|Chimecho, L50, M|100/100\n|switch|p1b: Clefable|Clefable, L50, F|100/100\n|switch|p2a: Garchomp|Garchomp, L50, M|100/100\n|switch|p2b: Rotom|Rotom-Wash, L50|100/100\n|turn|1\n|c|\u2606roherto|glhf\n|inactive|roherto has 30 seconds left.\n|l|@Radio Free C-Side\n|inactive|roherto has 20 seconds left.\n|\n|t:|1776054763\n|detailschange|p1a: Chimecho|Chimecho-Mega, L50, M\n|-mega|p1a: Chimecho|Chimecho|Chimechite\n|move|p2b: Rotom|Trick|p1b: Clefable\n|-activate|p2b: Rotom|move: Trick|[of] p1b: Clefable\n|-item|p1b: Clefable|Choice Scarf|[from] move: Trick\n|-item|p2b: Rotom|Leftovers|[from] move: Trick\n|move|p2a: Garchomp|Earthquake|p1b: Clefable|[spread] p1b\n|-immune|p2b: Rotom|[from] ability: Levitate\n|-immune|p1a: Chimecho|[from] ability: Levitate\n|-damage|p1b: Clefable|68/100\n|move|p1b: Clefable|Moonblast|p2a: Garchomp\n|-supereffective|p2a: Garchomp|1\n|-damage|p2a: Garchomp|31/100\n|move|p1a: Chimecho|Trick Room|p1a: Chimecho\n|-fieldstart|move: Trick Room|[of] p1a: Chimecho\n|\n|upkeep\n|turn|2\n|\n|t:|1776054782\n|switch|p1b: Golurk|Golurk, L50|100/100\n|switch|p2a: Venusaur|Venusaur, L50, M|100/100\n|move|p1a: Chimecho|Skill Swap|p1b: Golurk\n|-activate|p1a: Chimecho|Skill Swap|||[of] p1b: Golurk\n|move|p2b: Rotom|Volt Switch|p1a: Chimecho\n|-damage|p1a: Chimecho|75/100\n|\n|t:|1776054803\n|switch|p2b: Arcanine|Arcanine, L50, M|100/100|[from] Volt Switch\n|-ability|p2b: Arcanine|Intimidate|boost\n|-unboost|p1a: Chimecho|atk|1\n|-unboost|p1b: Golurk|atk|1\n|\n|upkeep\n|turn|3\n|inactive|It'sJustKen VGC has 30 seconds left.\n|\n|t:|1776054830\n|detailschange|p2a: Venusaur|Venusaur-Mega, L50, M\n|-mega|p2a: Venusaur|Venusaur|Venusaurite\n|move|p1b: Golurk|Reflect|p1b: Golurk\n|-sidestart|p1: It'sJustKen VGC|Reflect\n|move|p1a: Chimecho|Hypnosis|p2a: Venusaur\n|-status|p2a: Venusaur|slp|[from] move: Hypnosis\n|cant|p2a: Venusaur|slp\n|move|p2b: Arcanine|Will-O-Wisp|p1b: Golurk|[miss]\n|-miss|p2b: Arcanine|p1b: Golurk\n|\n|upkeep\n|turn|4\n|\n|t:|1776054848\n|move|p1b: Golurk|Curse|p2a: Venusaur\n|-start|p2a: Venusaur|Curse|[of] p1b: Golurk\n|-damage|p1b: Golurk|50/100\n|move|p1a: Chimecho|Hypnosis|p2b: Arcanine\n|-status|p2b: Arcanine|slp|[from] move: Hypnosis\n|cant|p2a: Venusaur|slp\n|cant|p2b: Arcanine|slp\n|\n|-damage|p2a: Venusaur|76/100 slp|[from] Curse\n|upkeep\n|turn|5\n|\n|t:|1776054861\n|move|p1a: Chimecho|Protect|p1a: Chimecho\n|-singleturn|p1a: Chimecho|Protect\n|move|p1b: Golurk|Curse|p2b: Arcanine\n|-start|p2b: Arcanine|Curse|[of] p1b: Golurk\n|-damage|p1b: Golurk|0 fnt\n|faint|p1b: Golurk\n|-curestatus|p2a: Venusaur|slp|[msg]\n|move|p2a: Venusaur|Leech Seed|p1a: Chimecho\n|-activate|p1a: Chimecho|move: Protect\n|cant|p2b: Arcanine|slp\n|\n|-damage|p2a: Venusaur|51/100|[from] Curse\n|-damage|p2b: Arcanine|76/100 slp|[from] Curse\n|-fieldend|move: Trick Room\n|upkeep\n|\n|t:|1776054873\n|switch|p1b: Clefable|Clefable, L50, F|68/100\n|turn|6\n|\n|t:|1776054880\n|move|p1b: Clefable|Follow Me|p1b: Clefable\n|-singleturn|p1b: Clefable|move: Follow Me\n|-curestatus|p2b: Arcanine|slp|[msg]\n|move|p2b: Arcanine|Flamethrower|p1b: Clefable\n|-damage|p1b: Clefable|41/100\n|move|p2a: Venusaur|Sludge Bomb|p1b: Clefable\n|-supereffective|p1b: Clefable|1\n|-damage|p1b: Clefable|0 fnt\n|faint|p1b: Clefable\n|move|p1a: Chimecho|Trick Room|p1a: Chimecho\n|-fieldstart|move: Trick Room|[of] p1a: Chimecho\n|\n|-damage|p2a: Venusaur|27/100|[from] Curse\n|-damage|p2b: Arcanine|51/100|[from] Curse\n|upkeep\n|\n|t:|1776054883\n|switch|p1b: Kingambit|Kingambit, L50, F|100/100\n|turn|7\n|inactive|roherto has 30 seconds left.\n|\n|t:|1776054914\n|move|p1a: Chimecho|Skill Swap|p1b: Kingambit\n|-activate|p1a: Chimecho|Skill Swap|||[of] p1b: Kingambit\n|move|p1b: Kingambit|Guillotine|p2b: Arcanine\n|-damage|p2b: Arcanine|0 fnt\n|faint|p2b: Arcanine\n|-ohko\n|move|p2a: Venusaur|Leech Seed|p1b: Kingambit\n|-start|p1b: Kingambit|move: Leech Seed\n|\n|-damage|p1b: Kingambit|88/100|[from] Leech Seed|[of] p2a: Venusaur\n|-heal|p2a: Venusaur|40/100|[silent]\n|-damage|p2a: Venusaur|15/100|[from] Curse\n|-sideend|p1: It'sJustKen VGC|Reflect\n|upkeep\n|\n|t:|1776054930\n|switch|p2b: Rotom|Rotom-Wash, L50|100/100\n|turn|8\n|\n|t:|1776054945\n|move|p1a: Chimecho|Hypnosis|p2a: Venusaur|[miss]\n|-miss|p1a: Chimecho|p2a: Venusaur\n|move|p1b: Kingambit|Guillotine|p2b: Rotom\n|-damage|p2b: Rotom|0 fnt\n|faint|p2b: Rotom\n|-ohko\n|move|p2a: Venusaur|Leech Seed|p1a: Chimecho\n|-start|p1a: Chimecho|move: Leech Seed\n|\n|-damage|p1a: Chimecho|63/100|[from] Leech Seed|[of] p2a: Venusaur\n|-heal|p2a: Venusaur|27/100|[silent]\n|-damage|p1b: Kingambit|75/100|[from] Leech Seed|[of] p2a: Venusaur\n|-heal|p2a: Venusaur|41/100|[silent]\n|-damage|p2a: Venusaur|16/100|[from] Curse\n|upkeep\n|\n|t:|1776054957\n|switch|p2b: Garchomp|Garchomp, L50, M|31/100\n|turn|9\n|inactive|roherto has 30 seconds left.\n|\n|t:|1776054986\n|move|p2a: Venusaur|Protect|p2a: Venusaur\n|-singleturn|p2a: Venusaur|Protect\n|move|p1a: Chimecho|Hypnosis|p2a: Venusaur\n|-activate|p2a: Venusaur|move: Protect\n|move|p1b: Kingambit|Guillotine|p2b: Garchomp\n|-damage|p2b: Garchomp|0 fnt\n|-damage|p1b: Kingambit|63/100|[from] ability: Rough Skin|[of] p2b: Garchomp\n|faint|p2b: Garchomp\n|-ohko\n|\n|-damage|p1a: Chimecho|51/100|[from] Leech Seed|[of] p2a: Venusaur\n|-heal|p2a: Venusaur|28/100|[silent]\n|-damage|p1b: Kingambit|50/100|[from] Leech Seed|[of] p2a: Venusaur\n|-heal|p2a: Venusaur|41/100|[silent]\n|-damage|p2a: Venusaur|17/100|[from] Curse\n|upkeep\n|-enditem|p1b: Kingambit|Sitrus Berry|[eat]\n|-heal|p1b: Kingambit|75/100|[from] item: Sitrus Berry\n|turn|10\n|inactive|It'sJustKen VGC has 30 seconds left.\n|inactive|It'sJustKen VGC has 20 seconds left.\n|\n|t:|1776055022\n|move|p2a: Venusaur|Protect|p2a: Venusaur\n|-singleturn|p2a: Venusaur|Protect\n|move|p1a: Chimecho|Hypnosis|p2a: Venusaur\n|-activate|p2a: Venusaur|move: Protect\n|move|p1b: Kingambit|Guillotine|p2a: Venusaur\n|-activate|p2a: Venusaur|move: Protect\n|\n|-damage|p1a: Chimecho|39/100|[from] Leech Seed|[of] p2a: Venusaur\n|-heal|p2a: Venusaur|28/100|[silent]\n|-damage|p1b: Kingambit|63/100|[from] Leech Seed|[of] p2a: Venusaur\n|-heal|p2a: Venusaur|42/100|[silent]\n|-damage|p2a: Venusaur|17/100|[from] Curse\n|-fieldend|move: Trick Room\n|upkeep\n|turn|11\n|c|\u2606It'sJustKen VGC|gg wp\n|c|\u2606roherto|gg\n|\n|t:|1776055038\n|move|p2a: Venusaur|Protect||[still]\n|-fail|p2a: Venusaur\n|move|p1b: Kingambit|Guillotine|p2a: Venusaur\n|-damage|p2a: Venusaur|0 fnt\n|faint|p2a: Venusaur\n|-ohko\n|\n|win|It'sJustKen VGC\n|n|\u2606It'sJustKen VGC|itsjustkenvgc\n|n|\u2606roherto|roherto\n|c|\u2606It'sJustKen VGC|4 guillotine ko's\n|c|\u2606It'sJustKen VGC|peak gaminh\n|c|\u2606roherto|Crazy\n|l|\u2606roherto\n|player|p2|\n|j| magicalarcher57\n|c| magicalarcher57|DAMM\n|c|\u2606It'sJustKen VGC|4 OHKO's\n|c|\u2606It'sJustKen VGC|from a couple turns of setup\n|l| magicalarcher57\n|l|\u2606It'sJustKen VGC\n|player|p1|\n|j|\u2606It'sJustKen VGC\n|player|p1|It'sJustKen VGC|265|\n",
  "uploadtime": 1776055055,
  "views": 10,
  "formatid": "gen9championsvgc2026regma",
  "rating": null,
  "private": 0,
  "password": null
}