{
  "id": "gen9championsvgc2026regma-2584926768",
  "format": "[Gen 9 Champions] VGC 2026 Reg M-A",
  "players": [
    "kingflames",
    "hyunbelievable"
  ],
  "log": "|j|\u2606kingflames\n|j|\u2606hyunbelievable\n|t:|1776295222\n|gametype|doubles\n|player|p1|kingflames|101|1187\n|player|p2|hyunbelievable|guzma|1180\n|gen|9\n|tier|[Gen 9 Champions] VGC 2026 Reg M-A\n|rated|\n|rule|Species Clause: Limit one of each Pok\u00e9mon\n|rule|Item Clause: Limit 1 of each item\n|clearpoke\n|poke|p1|Charizard, L50, M|\n|poke|p1|Kingambit, L50, M|\n|poke|p1|Incineroar, L50, M|\n|poke|p1|Floette-Eternal, L50, F|\n|poke|p1|Aerodactyl, L50, F|\n|poke|p1|Sneasler, L50, M|\n|poke|p2|Blastoise, L50, F|\n|poke|p2|Sinistcha, L50|\n|poke|p2|Pelipper, L50, M|\n|poke|p2|Garchomp, L50, M|\n|poke|p2|Sneasler, L50, F|\n|poke|p2|Kingambit, L50, F|\n|teampreview|4\n|\n|t:|1776295257\n|teamsize|p1|4\n|teamsize|p2|4\n|start\n|switch|p1a: Charizard|Charizard, L50, M|100/100\n|switch|p1b: Incineroar|Incineroar, L50, M|100/100\n|switch|p2a: Thragg|Garchomp, L50, M|100/100\n|switch|p2b: Thula|Sneasler, L50, F|100/100\n|-ability|p1b: Incineroar|Intimidate|boost\n|-unboost|p2a: Thragg|atk|1\n|-unboost|p2b: Thula|atk|1\n|-enditem|p2b: Thula|White Herb\n|-clearnegativeboost|p2b: Thula|[silent]\n|turn|1\n|\n|t:|1776295284\n|detailschange|p1a: Charizard|Charizard-Mega-Y, L50, M\n|-mega|p1a: Charizard|Charizard|Charizardite Y\n|-weather|SunnyDay|[from] ability: Drought|[of] p1a: Charizard\n|move|p1a: Charizard|Protect|p1a: Charizard\n|-singleturn|p1a: Charizard|Protect\n|move|p2b: Thula|Fake Out|p1a: Charizard\n|-activate|p1a: Charizard|move: Protect\n|move|p2a: Thragg|Swords Dance|p2a: Thragg\n|-boost|p2a: Thragg|atk|2\n|move|p1b: Incineroar|Parting Shot|p2a: Thragg\n|-unboost|p2a: Thragg|atk|1\n|-unboost|p2a: Thragg|spa|1\n|\n|t:|1776295295\n|switch|p1b: Floette|Floette-Eternal, L50, F|100/100|[from] Parting Shot\n|\n|-weather|SunnyDay|[upkeep]\n|upkeep\n|turn|2\n|\n|t:|1776295302\n|switch|p2b: Kregg|Pelipper, L50, M|100/100\n|-weather|RainDance|[from] ability: Drizzle|[of] p2b: Kregg\n|move|p2a: Thragg|Rock Slide|p1b: Floette|[spread] p1a,p1b\n|-supereffective|p1a: Charizard|2\n|-crit|p1b: Floette\n|-damage|p1a: Charizard|0 fnt\n|-damage|p1b: Floette|54/100\n|faint|p1a: Charizard\n|move|p1b: Floette|Dazzling Gleam|p2b: Kregg|[spread] p2a,p2b\n|-supereffective|p2a: Thragg|1\n|-damage|p2a: Thragg|36/100\n|-damage|p2b: Kregg|50/100\n|\n|-weather|RainDance|[upkeep]\n|upkeep\n|\n|t:|1776295315\n|switch|p1a: Incineroar|Incineroar, L50, M|100/100\n|-ability|p1a: Incineroar|Intimidate|boost\n|-unboost|p2a: Thragg|atk|1\n|-unboost|p2b: Kregg|atk|1\n|turn|3\n|\n|t:|1776295324\n|move|p2b: Kregg|Wide Guard|p2b: Kregg\n|-singleturn|p2b: Kregg|Wide Guard\n|move|p2a: Thragg|Earthquake|p1a: Incineroar|[spread] p1a,p1b\n|-activate|p2b: Kregg|move: Wide Guard\n|-supereffective|p1a: Incineroar|1\n|-enditem|p1a: Incineroar|Shuca Berry|[eat]\n|-enditem|p1a: Incineroar|Shuca Berry|[weaken]\n|-damage|p1a: Incineroar|73/100\n|-damage|p1b: Floette|2/100\n|move|p1b: Floette|Dazzling Gleam|p2a: Thragg|[spread] \n|-activate|p2a: Thragg|move: Wide Guard\n|-activate|p2b: Kregg|move: Wide Guard\n|move|p1a: Incineroar|Throat Chop|p2a: Thragg\n|-crit|p2a: Thragg\n|-damage|p2a: Thragg|0 fnt\n|-damage|p1a: Incineroar|61/100|[from] ability: Rough Skin|[of] p2a: Thragg\n|faint|p2a: Thragg\n|\n|-weather|RainDance|[upkeep]\n|upkeep\n|\n|t:|1776295339\n|switch|p2a: Conquest|Blastoise, L50, F|100/100\n|turn|4\n|\n|t:|1776295362\n|detailschange|p2a: Conquest|Blastoise-Mega, L50, F\n|-mega|p2a: Conquest|Blastoise|Blastoisinite\n|move|p1b: Floette|Dazzling Gleam|p2a: Conquest|[spread] p2a,p2b\n|-damage|p2a: Conquest|75/100\n|-damage|p2b: Kregg|0 fnt\n|faint|p2b: Kregg\n|move|p2a: Conquest|Water Spout|p1b: Floette|[spread] p1a,p1b\n|-supereffective|p1a: Incineroar|1\n|-damage|p1a: Incineroar|0 fnt\n|-damage|p1b: Floette|0 fnt\n|faint|p1a: Incineroar\n|faint|p1b: Floette\n|\n|-weather|RainDance|[upkeep]\n|upkeep\n|\n|t:|1776295369\n|switch|p1b: Sneasler|Sneasler, L50, M|100/100\n|switch|p2b: Thula|Sneasler, L50, F|100/100\n|turn|5\n|\n|t:|1776295375\n|move|p1b: Sneasler|Protect|p1b: Sneasler\n|-singleturn|p1b: Sneasler|Protect\n|move|p2b: Thula|Fake Out|p1b: Sneasler\n|-activate|p1b: Sneasler|move: Protect\n|move|p2a: Conquest|Shell Smash|p2a: Conquest\n|-unboost|p2a: Conquest|def|1\n|-unboost|p2a: Conquest|spd|1\n|-boost|p2a: Conquest|atk|2\n|-boost|p2a: Conquest|spa|2\n|-boost|p2a: Conquest|spe|2\n|\n|-weather|RainDance|[upkeep]\n|upkeep\n|turn|6\n|\n|t:|1776295383\n|move|p2a: Conquest|Water Spout|p1b: Sneasler\n|-damage|p1b: Sneasler|0 fnt\n|faint|p1b: Sneasler\n|\n|win|hyunbelievable\n|raw|kingflames's rating: 1187 &rarr; <strong>1161</strong><br />(-26 for losing)\n|raw|hyunbelievable's rating: 1180 &rarr; <strong>1206</strong><br />(+26 for winning)\n",
  "uploadtime": 1776295386,
  "views": 19,
  "formatid": "gen9championsvgc2026regma",
  "rating": 1161,
  "private": 0,
  "password": null
}