{
  "id": "gen9championsvgc2026regma-2583175366",
  "format": "[Gen 9 Champions] VGC 2026 Reg M-A",
  "players": [
    "FTSPUAMA",
    "Tzucci"
  ],
  "log": "|j|\u2606FTSPUAMA\n|j|\u2606Tzucci\n|t:|1776151145\n|gametype|doubles\n|player|p1|FTSPUAMA|169|1222\n|player|p2|Tzucci|2|1165\n|gen|9\n|tier|[Gen 9 Champions] VGC 2026 Reg M-A\n|rated|\n|rule|Species Clause: Limit one of each Pok\u00e9mon\n|rule|Item Clause: Limit 1 of each item\n|clearpoke\n|poke|p1|Kingambit, L50, F|\n|poke|p1|Sneasler, L50, F|\n|poke|p1|Froslass, L50, F|\n|poke|p1|Aerodactyl, L50, F|\n|poke|p1|Sinistcha, L50|\n|poke|p1|Incineroar, L50, M|\n|poke|p2|Tyranitar, L50, M|\n|poke|p2|Excadrill, L50, F|\n|poke|p2|Incineroar, L50, F|\n|poke|p2|Primarina, L50, F|\n|poke|p2|Farigiraf, L50, M|\n|poke|p2|Sinistcha, L50|\n|teampreview|4\n|l|\u2606Tzucci\n|player|p2|\n|j|\u2606Tzucci\n|player|p2|Tzucci|2|\n|\n|t:|1776151197\n|teamsize|p1|4\n|teamsize|p2|4\n|start\n|switch|p1a: Sinistcha|Sinistcha, L50|100/100\n|switch|p1b: Sneasler|Sneasler, L50, F|100/100\n|switch|p2a: GOJIRA|Tyranitar, L50, M|100/100\n|switch|p2b: SANDMAN|Excadrill, L50, F|100/100\n|-weather|Sandstorm|[from] ability: Sand Stream|[of] p2a: GOJIRA\n|turn|1\n|\n|t:|1776151232\n|switch|p2a: Long Neck|Farigiraf, L50, M|100/100\n|move|p1b: Sneasler|Fake Out||[still]\n|cant|p2a: Long Neck|ability: Armor Tail|Fake Out|[of] p1b: Sneasler\n|move|p2b: SANDMAN|High Horsepower|p1b: Sneasler\n|-supereffective|p1b: Sneasler|1\n|-damage|p1b: Sneasler|0 fnt\n|faint|p1b: Sneasler\n|move|p1a: Sinistcha|Matcha Gotcha|p2a: Long Neck|[spread] p2a,p2b\n|-damage|p2a: Long Neck|78/100\n|-damage|p2b: SANDMAN|68/100\n|\n|-weather|Sandstorm|[upkeep]\n|-damage|p1a: Sinistcha|94/100|[from] Sandstorm\n|-damage|p2a: Long Neck|72/100|[from] Sandstorm\n|upkeep\n|\n|t:|1776151241\n|switch|p1b: Froslass|Froslass, L50, F|100/100\n|turn|2\n|\n|t:|1776151268\n|switch|p2a: GOJIRA|Tyranitar, L50, M|100/100\n|detailschange|p1b: Froslass|Froslass-Mega, L50, F\n|-mega|p1b: Froslass|Froslass|Froslassite\n|-weather|Snowscape|[from] ability: Snow Warning|[of] p1b: Froslass\n|move|p2b: SANDMAN|Protect|p2b: SANDMAN\n|-singleturn|p2b: SANDMAN|Protect\n|move|p1b: Froslass|Aurora Veil|p1b: Froslass\n|-sidestart|p1: FTSPUAMA|move: Aurora Veil\n|move|p1a: Sinistcha|Imprison|p1a: Sinistcha\n|-start|p1a: Sinistcha|move: Imprison\n|\n|-weather|Snowscape|[upkeep]\n|upkeep\n|turn|3\n|\n|t:|1776151306\n|detailschange|p2a: GOJIRA|Tyranitar-Mega, L50, M\n|-mega|p2a: GOJIRA|Tyranitar|Tyranitarite\n|-weather|Sandstorm|[from] ability: Sand Stream|[of] p2a: GOJIRA\n|move|p2b: SANDMAN|Iron Head|p1b: Froslass\n|-supereffective|p1b: Froslass|1\n|-damage|p1b: Froslass|4/100\n|move|p1b: Froslass|Blizzard|p2b: SANDMAN|[spread] p2a\n|-miss|p1b: Froslass|p2b: SANDMAN\n|-damage|p2a: GOJIRA|77/100\n|move|p2a: GOJIRA|Crunch|p1a: Sinistcha\n|-supereffective|p1a: Sinistcha|1\n|-crit|p1a: Sinistcha\n|-damage|p1a: Sinistcha|0 fnt\n|faint|p1a: Sinistcha\n|\n|-weather|Sandstorm|[upkeep]\n|-damage|p1b: Froslass|0 fnt|[from] Sandstorm\n|faint|p1b: Froslass\n|upkeep\n|\n|t:|1776151318\n|switch|p1b: Kingambit|Kingambit, L50, F|100/100\n|turn|4\n|\n|t:|1776151338\n|move|p2b: SANDMAN|High Horsepower|p1b: Kingambit\n|-supereffective|p1b: Kingambit|1\n|-damage|p1b: Kingambit|33/100\n|move|p2a: GOJIRA|Rock Slide|p1b: Kingambit\n|-resisted|p1b: Kingambit|1\n|-damage|p1b: Kingambit|19/100\n|move|p1b: Kingambit|Swords Dance|p1b: Kingambit\n|-boost|p1b: Kingambit|atk|2\n|\n|-weather|Sandstorm|[upkeep]\n|upkeep\n|turn|5\n|inactive|Battle timer is ON: inactive players will automatically lose when time's up. (requested by Tzucci)\n|l|\u2606FTSPUAMA\n|inactive|FTSPUAMA disconnected and has a minute to reconnect!\n|player|p1|\n|inactive|FTSPUAMA has 30 seconds to reconnect!\n|inactive|FTSPUAMA has 20 seconds to reconnect!\n|inactive|FTSPUAMA has 15 seconds to reconnect!\n|inactive|FTSPUAMA has 10 seconds to reconnect!\n|inactive|FTSPUAMA has 5 seconds to reconnect!\n|-message|FTSPUAMA lost due to inactivity.\n|\n|win|Tzucci\n|raw|FTSPUAMA's rating: 1222 &rarr; <strong>1193</strong><br />(-29 for losing)\n|raw|Tzucci's rating: 1165 &rarr; <strong>1194</strong><br />(+29 for winning)\n",
  "uploadtime": 1776151451,
  "views": 27,
  "formatid": "gen9championsvgc2026regma",
  "rating": 1193,
  "private": 0,
  "password": null
}