{
  "id": "gen9championsvgc2026regma-2586667576",
  "format": "[Gen 9 Champions] VGC 2026 Reg M-A",
  "players": [
    "Kyooby",
    "Adroin"
  ],
  "log": "|j|\u2606Kyooby\n|j|\u2606Adroin\n|t:|1776450621\n|gametype|doubles\n|player|p1|Kyooby|volkner|1161\n|player|p2|Adroin|hilbert|1184\n|gen|9\n|tier|[Gen 9 Champions] VGC 2026 Reg M-A\n|rated|\n|rule|Species Clause: Limit one of each Pok\u00e9mon\n|rule|Item Clause: Limit 1 of each item\n|clearpoke\n|poke|p1|Maushold-Four, L50|\n|poke|p1|Floette-Eternal, L50, F|\n|poke|p1|Espathra, L50, M|\n|poke|p1|Kommo-o, L50, M|\n|poke|p1|Kingambit, L50, F|\n|poke|p1|Heliolisk, L50, M|\n|poke|p2|Samurott-Hisui, L50, M|\n|poke|p2|Talonflame, L50, F|\n|poke|p2|Milotic, L50, F|\n|poke|p2|Froslass, L50, F|\n|poke|p2|Arcanine-Hisui, L50, M|\n|poke|p2|Garchomp, L50, F|\n|teampreview|4\n|inactive|Battle timer is ON: inactive players will automatically lose when time's up. (requested by Kyooby)\n|inactive|Kyooby has 60 seconds left.\n|inactive|Adroin has 60 seconds left.\n|\n|t:|1776450667\n|teamsize|p1|4\n|teamsize|p2|4\n|start\n|switch|p1a: Maushold|Maushold-Four, L50|100/100\n|switch|p1b: Floette|Floette-Eternal, L50, F|100/100\n|switch|p2a: Froslass|Froslass, L50, F|100/100\n|switch|p2b: Talonflame|Talonflame, L50, F|100/100\n|turn|1\n|\n|t:|1776450688\n|detailschange|p2a: Froslass|Froslass-Mega, L50, F\n|-mega|p2a: Froslass|Froslass|Froslassite\n|-weather|Snowscape|[from] ability: Snow Warning|[of] p2a: Froslass\n|detailschange|p1b: Floette|Floette-Mega, L50, F\n|-mega|p1b: Floette|Floette|Floettite\n|-ability|p1b: Floette|Fairy Aura\n|move|p2b: Talonflame|Tailwind|p2b: Talonflame\n|-sidestart|p2: Adroin|move: Tailwind\n|move|p2a: Froslass|Blizzard|p1b: Floette|[spread] p1a,p1b\n|-damage|p1a: Maushold|47/100\n|-damage|p1b: Floette|77/100\n|move|p1a: Maushold|Encore|p2b: Talonflame\n|-start|p2b: Talonflame|Encore\n|move|p1b: Floette|Calm Mind|p1b: Floette\n|-boost|p1b: Floette|spa|1\n|-boost|p1b: Floette|spd|1\n|\n|-weather|Snowscape|[upkeep]\n|upkeep\n|turn|2\n|inactive|Kyooby has 30 seconds left.\n|inactive|Adroin has 30 seconds left.\n|inactive|Kyooby has 20 seconds left.\n|inactive|Adroin has 20 seconds left.\n|\n|t:|1776450728\n|move|p2b: Talonflame|Tailwind||[still]\n|-fail|p2b: Talonflame\n|move|p2a: Froslass|Blizzard|p1a: Maushold|[spread] p1a,p1b\n|-damage|p1a: Maushold|0 fnt\n|-damage|p1b: Floette|62/100\n|faint|p1a: Maushold\n|move|p1b: Floette|Dazzling Gleam|p2b: Talonflame|[spread] p2a,p2b\n|-resisted|p2b: Talonflame|1\n|-damage|p2a: Froslass|20/100\n|-damage|p2b: Talonflame|45/100\n|\n|-weather|Snowscape|[upkeep]\n|upkeep\n|\n|t:|1776450738\n|switch|p1a: Kingambit|Kingambit, L50, F|100/100\n|turn|3\n|\n|t:|1776450755\n|switch|p2b: Arcanine|Arcanine-Hisui, L50, M|100/100\n|move|p1a: Kingambit|Sucker Punch||[still]\n|-fail|p1a: Kingambit\n|move|p2a: Froslass|Aurora Veil|p2a: Froslass\n|-sidestart|p2: Adroin|move: Aurora Veil\n|move|p1b: Floette|Dazzling Gleam|p2b: Arcanine|[spread] p2a,p2b\n|-resisted|p2b: Arcanine|1\n|-damage|p2a: Froslass|0 fnt\n|-damage|p2b: Arcanine|74/100\n|faint|p2a: Froslass\n|\n|-weather|Snowscape|[upkeep]\n|upkeep\n|\n|t:|1776450775\n|switch|p2a: Talonflame|Talonflame, L50, F|45/100\n|turn|4\n|inactive|Kyooby has 30 seconds left.\n|inactive|Kyooby has 20 seconds left.\n|\n|t:|1776450810\n|move|p2a: Talonflame|Upper Hand|p1a: Kingambit\n|-supereffective|p1a: Kingambit|2\n|-damage|p1a: Kingambit|54/100\n|cant|p1a: Kingambit|flinch\n|move|p2b: Arcanine|Flare Blitz|p1b: Floette\n|-damage|p1b: Floette|0 fnt\n|faint|p1b: Floette\n|\n|-weather|Snowscape|[upkeep]\n|-sideend|p2: Adroin|move: Tailwind\n|upkeep\n|\n|t:|1776450816\n|switch|p1b: Espathra|Espathra, L50, M|100/100\n|turn|5\n|\n|t:|1776450838\n|move|p2a: Talonflame|Upper Hand|p1a: Kingambit\n|-supereffective|p1a: Kingambit|2\n|-damage|p1a: Kingambit|4/100\n|cant|p1a: Kingambit|flinch\n|move|p2b: Arcanine|Flare Blitz|p1a: Kingambit\n|-supereffective|p1a: Kingambit|1\n|-damage|p1a: Kingambit|0 fnt\n|faint|p1a: Kingambit\n|move|p1b: Espathra|Lumina Crash|p2b: Arcanine\n|-damage|p2b: Arcanine|49/100\n|-unboost|p2b: Arcanine|spd|2\n|\n|-weather|none\n|-ability|p1b: Espathra|Speed Boost|boost\n|-boost|p1b: Espathra|spe|1\n|upkeep\n|turn|6\n|\n|t:|1776450856\n|move|p1b: Espathra|Lumina Crash|p2a: Talonflame\n|-damage|p2a: Talonflame|12/100\n|-unboost|p2a: Talonflame|spd|2\n|move|p2b: Arcanine|Flare Blitz|p1b: Espathra\n|-damage|p1b: Espathra|17/100\n|move|p2a: Talonflame|Tailwind|p2a: Talonflame\n|-sidestart|p2: Adroin|move: Tailwind\n|\n|-ability|p1b: Espathra|Speed Boost|boost\n|-boost|p1b: Espathra|spe|1\n|upkeep\n|turn|7\n|-message|Kyooby forfeited.\n|\n|win|Adroin\n|raw|Kyooby's rating: 1161 &rarr; <strong>1138</strong><br />(-23 for losing)\n|raw|Adroin's rating: 1184 &rarr; <strong>1207</strong><br />(+23 for winning)\n",
  "uploadtime": 1776450863,
  "views": 31,
  "formatid": "gen9championsvgc2026regma",
  "rating": 1138,
  "private": 0,
  "password": null
}