{
  "id": "gen9championsvgc2026regma-2581192535",
  "format": "[Gen 9 Champions] VGC 2026 Reg M-A",
  "players": [
    "syshj",
    "Master600"
  ],
  "log": "|j|\u2606syshj\n|j|\u2606Master600\n|t:|1775969152\n|gametype|doubles\n|player|p1|syshj|dawn|1168\n|player|p2|Master600|red|1200\n|gen|9\n|tier|[Gen 9 Champions] VGC 2026 Reg M-A\n|rated|\n|rule|Species Clause: Limit one of each Pok\u00e9mon\n|rule|Item Clause: Limit 1 of each item\n|clearpoke\n|poke|p1|Delphox, L50, M|\n|poke|p1|Whimsicott, L50, M|\n|poke|p1|Basculegion, L50, M|\n|poke|p1|Garchomp, L50, M|\n|poke|p1|Kingambit, L50, M|\n|poke|p1|Sneasler, L50, F|\n|poke|p2|Gengar, L50, M|\n|poke|p2|Whimsicott, L50, M|\n|poke|p2|Tyranitar, L50, F|\n|poke|p2|Garchomp, L50, F|\n|poke|p2|Milotic, L50, F|\n|poke|p2|Corviknight, L50, M|\n|teampreview|4\n|l|\u2606syshj\n|player|p1|\n|j|\u2606syshj\n|player|p1|syshj|dawn|\n|inactive|Battle timer is ON: inactive players will automatically lose when time's up. (requested by Master600)\n|\n|t:|1775969198\n|teamsize|p1|4\n|teamsize|p2|4\n|start\n|switch|p1a: Basculegion|Basculegion, L50, M|100/100\n|switch|p1b: Garchomp|Garchomp, L50, M|100/100\n|switch|p2a: Lis|Whimsicott, L50, M, shiny|100/100\n|switch|p2b: Ari|Milotic, L50, F, shiny|100/100\n|turn|1\n|\n|t:|1775969221\n|move|p2a: Lis|Tailwind|p2a: Lis\n|-sidestart|p2: Master600|move: Tailwind\n|move|p1a: Basculegion|Flip Turn|p2b: Ari\n|-resisted|p2b: Ari|1\n|-damage|p2b: Ari|83/100\n|\n|t:|1775969226\n|switch|p1a: Whimsicott|Whimsicott, L50, M|100/100|[from] Flip Turn\n|move|p2b: Ari|Ice Beam|p1b: Garchomp\n|-supereffective|p1b: Garchomp|2\n|-damage|p1b: Garchomp|0 fnt\n|faint|p1b: Garchomp\n|\n|upkeep\n|\n|t:|1775969238\n|switch|p1b: Basculegion|Basculegion, L50, M|100/100\n|turn|2\n|\n|t:|1775969245\n|move|p2a: Lis|Moonblast|p1b: Basculegion\n|-damage|p1b: Basculegion|62/100\n|move|p1b: Basculegion|Last Respects|p2b: Ari\n|-damage|p2b: Ari|28/100\n|-enditem|p2b: Ari|Sitrus Berry|[eat]\n|-heal|p2b: Ari|53/100|[from] item: Sitrus Berry\n|move|p2b: Ari|Ice Beam|p1a: Whimsicott\n|-supereffective|p1a: Whimsicott|1\n|-damage|p1a: Whimsicott|31/100\n|-status|p1a: Whimsicott|frz\n|cant|p1a: Whimsicott|frz\n|\n|upkeep\n|turn|3\n|\n|t:|1775969257\n|cant|p1a: Whimsicott|frz\n|move|p2a: Lis|Moonblast|p1b: Basculegion\n|-damage|p1b: Basculegion|21/100\n|move|p1b: Basculegion|Last Respects|p2b: Ari\n|-damage|p2b: Ari|0 fnt\n|faint|p2b: Ari\n|\n|upkeep\n|\n|t:|1775969263\n|switch|p2b: Narty|Garchomp, L50, F, shiny|100/100\n|turn|4\n|\n|t:|1775969272\n|-curestatus|p1a: Whimsicott|frz|[msg]\n|move|p1a: Whimsicott|Tailwind|p1a: Whimsicott\n|-sidestart|p1: syshj|move: Tailwind\n|move|p1b: Basculegion|Last Respects|p2b: Narty\n|-damage|p2b: Narty|36/100\n|move|p2a: Lis|Moonblast|p1b: Basculegion\n|-damage|p1b: Basculegion|0 fnt\n|faint|p1b: Basculegion\n|move|p2b: Narty|Rock Slide|p1a: Whimsicott\n|-damage|p1a: Whimsicott|2/100\n|\n|-sideend|p2: Master600|move: Tailwind\n|upkeep\n|\n|t:|1775969279\n|switch|p1b: Delphox|Delphox, L50, M|100/100\n|turn|5\n|\n|t:|1775969290\n|detailschange|p1b: Delphox|Delphox-Mega, L50, M\n|-mega|p1b: Delphox|Delphox|Delphoxite\n|move|p2b: Narty|Protect|p2b: Narty\n|-singleturn|p2b: Narty|Protect\n|move|p2a: Lis|Encore|p1a: Whimsicott\n|-start|p1a: Whimsicott|Encore\n|move|p1a: Whimsicott|Tailwind||[still]\n|-fail|p1a: Whimsicott\n|move|p1b: Delphox|Heat Wave|p2a: Lis|[spread] p2a\n|-activate|p2b: Narty|move: Protect\n|-supereffective|p2a: Lis|1\n|-enditem|p2a: Lis|Focus Sash\n|-damage|p2a: Lis|1/100\n|\n|upkeep\n|turn|6\n|\n|t:|1775969312\n|move|p1a: Whimsicott|Tailwind||[still]\n|-fail|p1a: Whimsicott\n|move|p2a: Lis|Tailwind|p2a: Lis\n|-sidestart|p2: Master600|move: Tailwind\n|move|p1b: Delphox|Heat Wave|p2b: Narty|[spread] p2a,p2b\n|-supereffective|p2a: Lis|1\n|-resisted|p2b: Narty|1\n|-damage|p2a: Lis|0 fnt\n|-damage|p2b: Narty|17/100\n|faint|p2a: Lis\n|move|p2b: Narty|Rock Slide|p1b: Delphox|[spread] p1a,p1b\n|-supereffective|p1b: Delphox|1\n|-damage|p1a: Whimsicott|0 fnt\n|-damage|p1b: Delphox|55/100\n|faint|p1a: Whimsicott\n|\n|upkeep\n|\n|t:|1775969320\n|switch|p2a: Meta knight|Corviknight, L50, M, shiny|100/100\n|turn|7\n|\n|t:|1775969324\n|move|p2b: Narty|Protect|p2b: Narty\n|-singleturn|p2b: Narty|Protect\n|move|p1b: Delphox|Heat Wave|p2a: Meta knight|[spread] p2a\n|-activate|p2b: Narty|move: Protect\n|-supereffective|p2a: Meta knight|1\n|-damage|p2a: Meta knight|28/100\n|move|p2a: Meta knight|Brave Bird|p1b: Delphox\n|-damage|p1b: Delphox|0 fnt\n|faint|p1b: Delphox\n|-damage|p2a: Meta knight|13/100|[from] Recoil\n|\n|win|Master600\n|raw|syshj's rating: 1168 &rarr; <strong>1145</strong><br />(-23 for losing)\n|raw|Master600's rating: 1200 &rarr; <strong>1223</strong><br />(+23 for winning)\n|l|\u2606syshj\n|player|p1|\n|l|\u2606Master600\n|player|p2|\n|j|\u2606syshj\n|player|p1|syshj|dawn|\n",
  "uploadtime": 1775969345,
  "views": 19,
  "formatid": "gen9championsvgc2026regma",
  "rating": 1145,
  "private": 0,
  "password": null
}