{
  "id": "gen9championsvgc2026regma-2582011246",
  "format": "[Gen 9 Champions] VGC 2026 Reg M-A",
  "players": [
    "uioyhgtz",
    "gabe_itch VCG"
  ],
  "log": "|j|\u2606uioyhgtz\n|j|\u2606gabe_itch VCG\n|t:|1776048149\n|gametype|doubles\n|player|p1|uioyhgtz|hiker-gen4|1268\n|player|p2|gabe_itch VCG|jacinthe|1397\n|gen|9\n|tier|[Gen 9 Champions] VGC 2026 Reg M-A\n|rated|\n|rule|Species Clause: Limit one of each Pok\u00e9mon\n|rule|Item Clause: Limit 1 of each item\n|clearpoke\n|poke|p1|Cofagrigus, L50, F|\n|poke|p1|Scovillain, L50, M|\n|poke|p1|Primarina, L50, M|\n|poke|p1|Kangaskhan, L50, F|\n|poke|p1|Sneasler, L50, F|\n|poke|p1|Aerodactyl, L50, M|\n|poke|p2|Floette-Eternal, L50, F|\n|poke|p2|Garchomp, L50, M|\n|poke|p2|Sneasler, L50, M|\n|poke|p2|Aerodactyl, L50, F|\n|poke|p2|Sinistcha, L50|\n|poke|p2|Milotic, L50, M|\n|teampreview|4\n|c|\u2606uioyhgtz|glhf!\n|inactive|Battle timer is ON: inactive players will automatically lose when time's up. (requested by uioyhgtz)\n|c|\u2606gabe_itch VCG|u2\n|inactive|gabe_itch VCG has 60 seconds left.\n|\n|t:|1776048197\n|teamsize|p1|4\n|teamsize|p2|4\n|start\n|switch|p1a: Cofagrigus|Cofagrigus, L50, F|100/100\n|switch|p1b: Sneasler|Sneasler, L50, F|100/100\n|switch|p2a: Aerodactyl|Aerodactyl, L50, F|100/100\n|switch|p2b: Garchomp|Garchomp, L50, M|100/100\n|-ability|p2a: Aerodactyl|Unnerve\n|turn|1\n|\n|t:|1776048211\n|move|p2a: Aerodactyl|Protect|p2a: Aerodactyl\n|-singleturn|p2a: Aerodactyl|Protect\n|move|p1b: Sneasler|Fake Out|p2b: Garchomp\n|-damage|p2b: Garchomp|85/100\n|-damage|p1b: Sneasler|89/100|[from] ability: Rough Skin|[of] p2b: Garchomp\n|cant|p2b: Garchomp|flinch\n|move|p1a: Cofagrigus|Trick Room|p1a: Cofagrigus\n|-fieldstart|move: Trick Room|[of] p1a: Cofagrigus\n|\n|upkeep\n|turn|2\n|inactive|gabe_itch VCG has 30 seconds left.\n|inactive|gabe_itch VCG has 20 seconds left.\n|\n|t:|1776048247\n|move|p2a: Aerodactyl|Protect||[still]\n|-fail|p2a: Aerodactyl\n|move|p1a: Cofagrigus|Calm Mind|p1a: Cofagrigus\n|-boost|p1a: Cofagrigus|spa|1\n|-boost|p1a: Cofagrigus|spd|1\n|move|p1b: Sneasler|Coaching|p1a: Cofagrigus\n|-boost|p1a: Cofagrigus|atk|1\n|-boost|p1a: Cofagrigus|def|1\n|move|p2b: Garchomp|Earthquake|p1b: Sneasler|[spread] p1a,p1b\n|-immune|p2a: Aerodactyl\n|-supereffective|p1b: Sneasler|1\n|-damage|p1a: Cofagrigus|76/100\n|-damage|p1b: Sneasler|0 fnt\n|faint|p1b: Sneasler\n|\n|-heal|p1a: Cofagrigus|82/100|[from] item: Leftovers\n|upkeep\n|\n|t:|1776048259\n|switch|p1b: Primarina|Primarina, L50, M|100/100\n|turn|3\n|\n|t:|1776048273\n|move|p1a: Cofagrigus|Body Press|p2a: Aerodactyl\n|-damage|p2a: Aerodactyl|43/100\n|move|p1b: Primarina|Moonblast|p2b: Garchomp\n|-supereffective|p2b: Garchomp|1\n|-damage|p2b: Garchomp|0 fnt\n|faint|p2b: Garchomp\n|move|p2a: Aerodactyl|Rock Slide|p1b: Primarina|[spread] p1a\n|-miss|p2a: Aerodactyl|p1b: Primarina\n|-damage|p1a: Cofagrigus|69/100\n|\n|-heal|p1a: Cofagrigus|75/100|[from] item: Leftovers\n|upkeep\n|\n|t:|1776048283\n|switch|p2b: Sneasler|Sneasler, L50, M|100/100\n|turn|4\n|\n|t:|1776048291\n|move|p2a: Aerodactyl|Protect|p2a: Aerodactyl\n|-singleturn|p2a: Aerodactyl|Protect\n|move|p2b: Sneasler|Fake Out|p1b: Primarina\n|-damage|p1b: Primarina|82/100\n|move|p1a: Cofagrigus|Hex|p2b: Sneasler\n|-damage|p2b: Sneasler|50/100\n|cant|p1b: Primarina|flinch\n|\n|-heal|p1a: Cofagrigus|81/100|[from] item: Leftovers\n|upkeep\n|turn|5\n|\n|t:|1776048300\n|move|p2b: Sneasler|Protect|p2b: Sneasler\n|-singleturn|p2b: Sneasler|Protect\n|move|p2a: Aerodactyl|Protect||[still]\n|-fail|p2a: Aerodactyl\n|move|p1a: Cofagrigus|Calm Mind|p1a: Cofagrigus\n|-boost|p1a: Cofagrigus|spa|1\n|-boost|p1a: Cofagrigus|spd|1\n|move|p1b: Primarina|Hyper Voice|p2a: Aerodactyl|[spread] p2a\n|-activate|p2b: Sneasler|move: Protect\n|-supereffective|p2a: Aerodactyl|1\n|-damage|p2a: Aerodactyl|0 fnt\n|faint|p2a: Aerodactyl\n|\n|-heal|p1a: Cofagrigus|87/100|[from] item: Leftovers\n|-fieldend|move: Trick Room\n|upkeep\n|\n|t:|1776048308\n|switch|p2a: Floette|Floette-Eternal, L50, F|100/100\n|turn|6\n|\n|t:|1776048314\n|detailschange|p2a: Floette|Floette-Mega, L50, F\n|-mega|p2a: Floette|Floette|Floettite\n|-ability|p2a: Floette|Fairy Aura\n|move|p1b: Primarina|Protect|p1b: Primarina\n|-singleturn|p1b: Primarina|Protect\n|move|p2b: Sneasler|Dire Claw|p1a: Cofagrigus\n|-resisted|p1a: Cofagrigus|1\n|-damage|p1a: Cofagrigus|74/100\n|-status|p1a: Cofagrigus|par\n|-activate|p1a: Cofagrigus|ability: Mummy|p2b: Sneasler|[ability] Unburden\n|move|p2a: Floette|Moonblast|p1a: Cofagrigus\n|-damage|p1a: Cofagrigus|42/100 par\n|move|p1a: Cofagrigus|Hex|p2b: Sneasler\n|-damage|p2b: Sneasler|0 fnt\n|faint|p2b: Sneasler\n|\n|-heal|p1a: Cofagrigus|49/100 par|[from] item: Leftovers\n|upkeep\n|turn|7\n|-message|gabe_itch VCG forfeited.\n|\n|win|uioyhgtz\n|raw|uioyhgtz's rating: 1268 &rarr; <strong>1302</strong><br />(+34 for winning)\n|raw|gabe_itch VCG's rating: 1397 &rarr; <strong>1370</strong><br />(-27 for losing)\n|l|\u2606gabe_itch VCG\n|player|p2|\n",
  "uploadtime": 1776048444,
  "views": 33,
  "formatid": "gen9championsvgc2026regma",
  "rating": 1302,
  "private": 0,
  "password": null
}