{
  "id": "gen9championsvgc2026regma-2583509951",
  "format": "[Gen 9 Champions] VGC 2026 Reg M-A",
  "players": [
    "taigabani",
    "cantentt"
  ],
  "log": "|j|\u2606taigabani\n|j|\u2606cantentt\n|t:|1776180186\n|gametype|doubles\n|player|p1|taigabani|lucas|1065\n|player|p2|cantentt|265|1000\n|gen|9\n|tier|[Gen 9 Champions] VGC 2026 Reg M-A\n|rated|\n|rule|Species Clause: Limit one of each Pok\u00e9mon\n|rule|Item Clause: Limit 1 of each item\n|clearpoke\n|poke|p1|Lopunny, L50, F|\n|poke|p1|Incineroar, L50, M|\n|poke|p1|Palafin, L50, M|\n|poke|p1|Meowscarada, L50, F|\n|poke|p1|Slowbro-Galar, L50, M|\n|poke|p1|Aerodactyl, L50, F|\n|poke|p2|Crabominable, L50, F|\n|poke|p2|Froslass, L50, F|\n|poke|p2|Clefable, L50, F|\n|poke|p2|Kingambit, L50, F|\n|poke|p2|Mudsdale, L50, M|\n|poke|p2|Scovillain, L50, M|\n|teampreview|4\n|inactive|Battle timer is ON: inactive players will automatically lose when time's up. (requested by cantentt)\n|\n|t:|1776180217\n|teamsize|p1|4\n|teamsize|p2|4\n|start\n|switch|p1a: Lombrado|Slowbro-Galar, L50, M|100/100\n|switch|p1b: Irukaman|Palafin, L50, M|100/100\n|switch|p2a: Froslass|Froslass, L50, F|100/100\n|switch|p2b: Crabominable|Crabominable, L50, F|100/100\n|turn|1\n|-activate|p1a: Lombrado|item: Quick Claw\n|\n|t:|1776180236\n|move|p1a: Lombrado|Flamethrower|p2a: Froslass\n|-supereffective|p2a: Froslass|1\n|-damage|p2a: Froslass|11/100\n|-status|p2a: Froslass|brn\n|-start|p1a: Lombrado|Disable|Flamethrower|[from] ability: Cursed Body|[of] p2a: Froslass\n|move|p2a: Froslass|Frost Breath|p2b: Crabominable\n|-resisted|p2b: Crabominable|1\n|-crit|p2b: Crabominable\n|-damage|p2b: Crabominable|81/100\n|-setboost|p2b: Crabominable|atk|6|[from] ability: Anger Point\n|move|p1b: Irukaman|Flip Turn|p2a: Froslass\n|-damage|p2a: Froslass|0 fnt\n|faint|p2a: Froslass\n|\n|t:|1776180250\n|detailschange|p1b: Irukaman|Palafin-Hero, L50, M\n|switch|p1b: Wolfey|Incineroar, L50, M|100/100|[from] Flip Turn\n|-ability|p1b: Wolfey|Intimidate|boost\n|-unboost|p2b: Crabominable|atk|1\n|move|p2b: Crabominable|Iron Defense|p2b: Crabominable\n|-boost|p2b: Crabominable|def|2\n|\n|upkeep\n|\n|t:|1776180256\n|switch|p2a: Clefable|Clefable, L50, F|100/100\n|turn|2\n|-activate|p1a: Lombrado|ability: Quick Draw\n|\n|t:|1776180275\n|detailschange|p2b: Crabominable|Crabominable-Mega, L50, F\n|-mega|p2b: Crabominable|Crabominable|Crabominite\n|move|p1b: Wolfey|Fake Out|p2b: Crabominable\n|-damage|p2b: Crabominable|77/100\n|move|p2a: Clefable|Follow Me|p2a: Clefable\n|-singleturn|p2a: Clefable|move: Follow Me\n|cant|p2b: Crabominable|flinch\n|move|p1a: Lombrado|Psychic|p2a: Clefable\n|-crit|p2a: Clefable\n|-damage|p2a: Clefable|55/100\n|\n|-heal|p2a: Clefable|61/100|[from] item: Leftovers\n|upkeep\n|turn|3\n|inactive|cantentt has 30 seconds left.\n|inactive|taigabani has 30 seconds left.\n|inactive|cantentt has 20 seconds left.\n|\n|t:|1776180315\n|move|p2a: Clefable|Protect|p2a: Clefable\n|-singleturn|p2a: Clefable|Protect\n|move|p2b: Crabominable|Protect|p2b: Crabominable\n|-singleturn|p2b: Crabominable|Protect\n|move|p1a: Lombrado|Protect|p1a: Lombrado\n|-singleturn|p1a: Lombrado|Protect\n|move|p1b: Wolfey|Parting Shot|p2b: Crabominable\n|-activate|p2b: Crabominable|move: Protect\n|\n|-heal|p2a: Clefable|67/100|[from] item: Leftovers\n|upkeep\n|turn|4\n|\n|t:|1776180334\n|move|p2a: Clefable|Follow Me|p2a: Clefable\n|-singleturn|p2a: Clefable|move: Follow Me\n|move|p2b: Crabominable|Mach Punch|p1b: Wolfey\n|-supereffective|p1b: Wolfey|1\n|-damage|p1b: Wolfey|0 fnt\n|faint|p1b: Wolfey\n|move|p1a: Lombrado|Psychic|p2a: Clefable\n|-damage|p2a: Clefable|40/100\n|\n|-heal|p2a: Clefable|46/100|[from] item: Leftovers\n|-end|p1a: Lombrado|Disable\n|upkeep\n|\n|t:|1776180345\n|switch|p1b: Irukaman|Palafin-Hero, L50, M|100/100\n|-activate|p1b: Irukaman|ability: Zero to Hero\n|turn|5\n|-activate|p1a: Lombrado|item: Quick Claw\n|\n|t:|1776180361\n|move|p2a: Clefable|Protect|p2a: Clefable\n|-singleturn|p2a: Clefable|Protect\n|move|p2b: Crabominable|Protect|p2b: Crabominable\n|-singleturn|p2b: Crabominable|Protect\n|move|p1a: Lombrado|Flamethrower|p2b: Crabominable\n|-activate|p2b: Crabominable|move: Protect\n|move|p1b: Irukaman|Wave Crash|p2b: Crabominable\n|-activate|p2b: Crabominable|move: Protect\n|\n|-heal|p2a: Clefable|52/100|[from] item: Leftovers\n|upkeep\n|turn|6\n|\n|t:|1776180386\n|move|p2a: Clefable|Follow Me|p2a: Clefable\n|-singleturn|p2a: Clefable|move: Follow Me\n|move|p1b: Irukaman|Wave Crash|p2a: Clefable\n|-damage|p2a: Clefable|0 fnt\n|faint|p2a: Clefable\n|-damage|p1b: Irukaman|81/100|[from] Recoil\n|move|p2b: Crabominable|Drain Punch|p1b: Irukaman\n|-damage|p1b: Irukaman|0 fnt\n|-heal|p2b: Crabominable|100/100|[from] drain|[of] p1b: Irukaman\n|faint|p1b: Irukaman\n|move|p1a: Lombrado|Flamethrower|p2b: Crabominable\n|-supereffective|p2b: Crabominable|1\n|-damage|p2b: Crabominable|50/100\n|-status|p2b: Crabominable|brn\n|\n|-damage|p2b: Crabominable|44/100 brn|[from] brn\n|upkeep\n|\n|t:|1776180402\n|switch|p1b: Lola|Lopunny, L50, F, shiny|100/100\n|switch|p2a: Mudsdale|Mudsdale, L50, M, shiny|100/100\n|turn|7\n|-activate|p1a: Lombrado|ability: Quick Draw\n|\n|t:|1776180411\n|detailschange|p1b: Lola|Lopunny-Mega, L50, F, shiny\n|-mega|p1b: Lola|Lopunny|Lopunnite\n|move|p2a: Mudsdale|Protect|p2a: Mudsdale\n|-singleturn|p2a: Mudsdale|Protect\n|move|p2b: Crabominable|Protect|p2b: Crabominable\n|-singleturn|p2b: Crabominable|Protect\n|move|p1b: Lola|Fake Out|p2b: Crabominable\n|-activate|p2b: Crabominable|move: Protect\n|move|p1a: Lombrado|Flamethrower|p2b: Crabominable\n|-activate|p2b: Crabominable|move: Protect\n|\n|-damage|p2b: Crabominable|38/100 brn|[from] brn\n|upkeep\n|turn|8\n|inactive|cantentt has 30 seconds left.\n|\n|t:|1776180445\n|move|p1a: Lombrado|Protect|p1a: Lombrado\n|-singleturn|p1a: Lombrado|Protect\n|move|p2b: Crabominable|Mach Punch|p1a: Lombrado\n|-activate|p1a: Lombrado|move: Protect\n|move|p1b: Lola|Close Combat|p2b: Crabominable\n|-supereffective|p2b: Crabominable|1\n|-damage|p2b: Crabominable|0 fnt\n|-unboost|p1b: Lola|def|1\n|-unboost|p1b: Lola|spd|1\n|faint|p2b: Crabominable\n|move|p2a: Mudsdale|High Horsepower|p1a: Lombrado\n|-activate|p1a: Lombrado|move: Protect\n|\n|upkeep\n|turn|9\n|\n|t:|1776180465\n|move|p1b: Lola|Triple Axel|p2a: Mudsdale\n|-supereffective|p2a: Mudsdale|1\n|-damage|p2a: Mudsdale|91/100\n|-ability|p2a: Mudsdale|Stamina|boost\n|-boost|p2a: Mudsdale|def|1\n|-supereffective|p2a: Mudsdale|1\n|-damage|p2a: Mudsdale|78/100\n|-ability|p2a: Mudsdale|Stamina|boost\n|-boost|p2a: Mudsdale|def|1\n|-supereffective|p2a: Mudsdale|1\n|-damage|p2a: Mudsdale|64/100\n|-ability|p2a: Mudsdale|Stamina|boost\n|-boost|p2a: Mudsdale|def|1\n|-hitcount|p2a: Mudsdale|3\n|move|p2a: Mudsdale|High Horsepower|p1a: Lombrado\n|-supereffective|p1a: Lombrado|1\n|-damage|p1a: Lombrado|26/100\n|move|p1a: Lombrado|Flamethrower|p2a: Mudsdale\n|-damage|p2a: Mudsdale|33/100\n|-ability|p2a: Mudsdale|Stamina|boost\n|-boost|p2a: Mudsdale|def|1\n|-enditem|p2a: Mudsdale|Sitrus Berry|[eat]\n|-heal|p2a: Mudsdale|58/100|[from] item: Sitrus Berry\n|\n|upkeep\n|turn|10\n|c|\u2606cantentt|I threw so hard there\n|inactive|taigabani has 30 seconds left.\n|-activate|p1a: Lombrado|ability: Quick Draw\n|\n|t:|1776180492\n|move|p1a: Lombrado|Flamethrower|p2a: Mudsdale\n|-damage|p2a: Mudsdale|27/100\n|-ability|p2a: Mudsdale|Stamina|boost\n|-boost|p2a: Mudsdale|def|1\n|move|p1b: Lola|Close Combat|p2a: Mudsdale\n|-damage|p2a: Mudsdale|15/100\n|-unboost|p1b: Lola|def|1\n|-unboost|p1b: Lola|spd|1\n|-ability|p2a: Mudsdale|Stamina|boost\n|-boost|p2a: Mudsdale|def|1\n|move|p2a: Mudsdale|High Horsepower|p1a: Lombrado\n|-supereffective|p1a: Lombrado|1\n|-damage|p1a: Lombrado|0 fnt\n|faint|p1a: Lombrado\n|\n|upkeep\n|turn|11\n|\n|t:|1776180512\n|move|p2a: Mudsdale|Protect|p2a: Mudsdale\n|-singleturn|p2a: Mudsdale|Protect\n|move|p1b: Lola|Close Combat|p2a: Mudsdale\n|-activate|p2a: Mudsdale|move: Protect\n|\n|upkeep\n|turn|12\n|\n|t:|1776180524\n|move|p1b: Lola|Close Combat|p2a: Mudsdale\n|-damage|p2a: Mudsdale|4/100\n|-unboost|p1b: Lola|def|1\n|-unboost|p1b: Lola|spd|1\n|move|p2a: Mudsdale|Body Press|p1b: Lola\n|-supereffective|p1b: Lola|1\n|-damage|p1b: Lola|0 fnt\n|faint|p1b: Lola\n|\n|win|cantentt\n|raw|taigabani's rating: 1065 &rarr; <strong>1042</strong><br />(-23 for losing)\n|raw|cantentt's rating: 1000 &rarr; <strong>1047</strong><br />(+47 for winning)\n|c|\u2606taigabani|wp\n|l|\u2606taigabani\n|player|p1|\n",
  "uploadtime": 1776180563,
  "views": 18,
  "formatid": "gen9championsvgc2026regma",
  "rating": 1042,
  "private": 0,
  "password": null
}