{
  "id": "gen9championsvgc2026regma-2581411194",
  "format": "[Gen 9 Champions] VGC 2026 Reg M-A",
  "players": [
    "Jjdnudne",
    "SNlol"
  ],
  "log": "|j|\u2606Jjdnudne\n|j|\u2606SNlol\n|t:|1775997663\n|gametype|doubles\n|player|p1|Jjdnudne|brycenman|1000\n|player|p2|SNlol|2|1040\n|gen|9\n|tier|[Gen 9 Champions] VGC 2026 Reg M-A\n|rated|\n|rule|Species Clause: Limit one of each Pok\u00e9mon\n|rule|Item Clause: Limit 1 of each item\n|clearpoke\n|poke|p1|Whimsicott, L50, M|\n|poke|p1|Abomasnow, L50, F|\n|poke|p1|Froslass, L50, F|\n|poke|p1|Incineroar, L50, F|\n|poke|p1|Rotom-Wash, L50|\n|poke|p1|Sneasler, L50, M|\n|poke|p2|Decidueye-Hisui, L50, M|\n|poke|p2|Incineroar, L50, F|\n|poke|p2|Pelipper, L50, F|\n|poke|p2|Greninja-*, L50, M|\n|teampreview|4\n|\n|t:|1775997687\n|teamsize|p1|4\n|teamsize|p2|4\n|start\n|switch|p1a: Sneasler|Sneasler, L50, M|100/100\n|switch|p1b: Rotom|Rotom-Wash, L50|100/100\n|switch|p2a: Decidueye|Decidueye-Hisui, L50, M|100/100\n|switch|p2b: Incineroar|Incineroar, L50, F, shiny|100/100\n|-ability|p2b: Incineroar|Intimidate|boost\n|-unboost|p1a: Sneasler|atk|1\n|-unboost|p1b: Rotom|atk|1\n|turn|1\n|\n|t:|1775997703\n|move|p1a: Sneasler|Protect|p1a: Sneasler\n|-singleturn|p1a: Sneasler|Protect\n|move|p2a: Decidueye|Protect|p2a: Decidueye\n|-singleturn|p2a: Decidueye|Protect\n|move|p2b: Incineroar|Fake Out|p1a: Sneasler\n|-activate|p1a: Sneasler|move: Protect\n|move|p1b: Rotom|Volt Switch|p2a: Decidueye\n|-activate|p2a: Decidueye|move: Protect\n|\n|upkeep\n|turn|2\n|\n|t:|1775997724\n|switch|p1a: Incineroar|Incineroar, L50, F|100/100\n|-ability|p1a: Incineroar|Intimidate|boost\n|-fail|p2a: Decidueye|unboost|Attack|[from] ability: Scrappy|[of] p2a: Decidueye\n|-unboost|p2b: Incineroar|atk|1\n|move|p1b: Rotom|Volt Switch|p2a: Decidueye\n|-resisted|p2a: Decidueye|1\n|-damage|p2a: Decidueye|83/100\n|\n|t:|1775997736\n|switch|p1b: Froslass|Froslass, L50, F|100/100|[from] Volt Switch\n|move|p2a: Decidueye|Leaf Blade|p1b: Froslass\n|-damage|p1b: Froslass|45/100\n|move|p2b: Incineroar|Flare Blitz|p1a: Incineroar\n|-resisted|p1a: Incineroar|1\n|-damage|p1a: Incineroar|87/100\n|-damage|p2b: Incineroar|96/100|[from] Recoil\n|\n|upkeep\n|turn|3\n|\n|t:|1775997760\n|move|p2a: Decidueye|Protect|p2a: Decidueye\n|-singleturn|p2a: Decidueye|Protect\n|move|p2b: Incineroar|Protect|p2b: Incineroar\n|-singleturn|p2b: Incineroar|Protect\n|move|p1a: Incineroar|Fake Out|p2a: Decidueye\n|-activate|p2a: Decidueye|move: Protect\n|move|p1b: Froslass|Substitute|p1b: Froslass\n|-start|p1b: Froslass|Substitute\n|-damage|p1b: Froslass|20/100\n|\n|upkeep\n|turn|4\n|\n|t:|1775997793\n|detailschange|p1b: Froslass|Froslass-Mega, L50, F\n|-mega|p1b: Froslass|Froslass|Froslassite\n|-weather|Snowscape|[from] ability: Snow Warning|[of] p1b: Froslass\n|move|p1b: Froslass|Blizzard|p2a: Decidueye|[spread] p2a,p2b\n|-supereffective|p2a: Decidueye|1\n|-resisted|p2b: Incineroar|1\n|-damage|p2a: Decidueye|0 fnt\n|-damage|p2b: Incineroar|78/100\n|faint|p2a: Decidueye\n|move|p1a: Incineroar|Parting Shot|p2b: Incineroar\n|-unboost|p2b: Incineroar|atk|1\n|-unboost|p2b: Incineroar|spa|1\n|\n|t:|1775997805\n|switch|p1a: Sneasler|Sneasler, L50, M|100/100|[from] Parting Shot\n|move|p2b: Incineroar|Parting Shot|p1a: Sneasler\n|-unboost|p1a: Sneasler|atk|1\n|-unboost|p1a: Sneasler|spa|1\n|\n|t:|1775997812\n|switch|p2b: Greninja|Greninja, L50, M, shiny|100/100|[from] Parting Shot\n|\n|-weather|Snowscape|[upkeep]\n|upkeep\n|\n|t:|1775997817\n|switch|p2a: Pelipper|Pelipper, L50, F|100/100\n|-weather|RainDance|[from] ability: Drizzle|[of] p2a: Pelipper\n|turn|5\n|\n|t:|1775997827\n|switch|p1b: Incineroar|Incineroar, L50, F|87/100\n|-ability|p1b: Incineroar|Intimidate|boost\n|-unboost|p2a: Pelipper|atk|1\n|-unboost|p2b: Greninja|atk|1\n|move|p2b: Greninja|Protect|p2b: Greninja\n|-start|p2b: Greninja|typechange|Normal|[from] ability: Protean\n|-singleturn|p2b: Greninja|Protect\n|move|p1a: Sneasler|Protect|p1a: Sneasler\n|-singleturn|p1a: Sneasler|Protect\n|move|p2a: Pelipper|Protect||[still]\n|-fail|p2a: Pelipper\n|\n|-weather|RainDance|[upkeep]\n|upkeep\n|turn|6\n|\n|t:|1775997856\n|detailschange|p2b: Greninja|Greninja-Mega, L50, M, shiny\n|-mega|p2b: Greninja|Greninja|Greninjite\n|move|p1b: Incineroar|Fake Out|p2b: Greninja\n|-damage|p2b: Greninja|84/100\n|cant|p2b: Greninja|flinch\n|move|p1a: Sneasler|Close Combat|p2b: Greninja\n|-supereffective|p2b: Greninja|1\n|-damage|p2b: Greninja|0 fnt\n|-unboost|p1a: Sneasler|def|1\n|-unboost|p1a: Sneasler|spd|1\n|faint|p2b: Greninja\n|move|p2a: Pelipper|Hurricane|p1a: Sneasler\n|-supereffective|p1a: Sneasler|1\n|-damage|p1a: Sneasler|0 fnt\n|faint|p1a: Sneasler\n|\n|-weather|RainDance|[upkeep]\n|upkeep\n|\n|t:|1775997875\n|switch|p2b: Incineroar|Incineroar, L50, F, shiny|78/100\n|switch|p1a: Froslass|Froslass-Mega, L50, F|20/100\n|-weather|Snowscape|[from] ability: Snow Warning|[of] p1a: Froslass\n|-ability|p2b: Incineroar|Intimidate|boost\n|-unboost|p1a: Froslass|atk|1\n|-unboost|p1b: Incineroar|atk|1\n|turn|7\n|\n|t:|1775997890\n|move|p2b: Incineroar|Fake Out|p1a: Froslass\n|-immune|p1a: Froslass\n|move|p1a: Froslass|Blizzard|p2b: Incineroar|[spread] p2a,p2b\n|-resisted|p2b: Incineroar|1\n|-damage|p2a: Pelipper|38/100\n|-damage|p2b: Incineroar|60/100\n|-status|p2b: Incineroar|frz\n|move|p2a: Pelipper|Tailwind|p2a: Pelipper\n|-sidestart|p2: SNlol|move: Tailwind\n|move|p1b: Incineroar|Parting Shot|p2b: Incineroar\n|-unboost|p2b: Incineroar|atk|1\n|-unboost|p2b: Incineroar|spa|1\n|\n|t:|1775997904\n|switch|p1b: Rotom|Rotom-Wash, L50|100/100|[from] Parting Shot\n|\n|-weather|Snowscape|[upkeep]\n|upkeep\n|turn|8\n|\n|t:|1775997918\n|move|p2a: Pelipper|Protect|p2a: Pelipper\n|-singleturn|p2a: Pelipper|Protect\n|move|p1a: Froslass|Protect|p1a: Froslass\n|-singleturn|p1a: Froslass|Protect\n|move|p1b: Rotom|Electroweb|p2b: Incineroar|[spread] p2b\n|-activate|p2a: Pelipper|move: Protect\n|-damage|p2b: Incineroar|45/100 frz\n|-unboost|p2b: Incineroar|spe|1\n|-enditem|p2b: Incineroar|Sitrus Berry|[eat]\n|-heal|p2b: Incineroar|70/100 frz|[from] item: Sitrus Berry\n|-curestatus|p2b: Incineroar|frz|[from] move: Flare Blitz\n|move|p2b: Incineroar|Flare Blitz|p1a: Froslass\n|-activate|p1a: Froslass|move: Protect\n|\n|-weather|Snowscape|[upkeep]\n|upkeep\n|turn|9\n|\n|t:|1775997940\n|switch|p1a: Incineroar|Incineroar, L50, F|87/100\n|-ability|p1a: Incineroar|Intimidate|boost\n|-unboost|p2a: Pelipper|atk|1\n|-unboost|p2b: Incineroar|atk|1\n|move|p2a: Pelipper|Hurricane|p1a: Incineroar|[miss]\n|-miss|p2a: Pelipper|p1a: Incineroar\n|move|p1b: Rotom|Electroweb|p2b: Incineroar|[spread] p2a,p2b\n|-supereffective|p2a: Pelipper|2\n|-damage|p2a: Pelipper|0 fnt\n|-damage|p2b: Incineroar|54/100\n|-unboost|p2b: Incineroar|spe|1\n|faint|p2a: Pelipper\n|move|p2b: Incineroar|Flare Blitz|p1b: Rotom\n|-resisted|p1b: Rotom|1\n|-damage|p1b: Rotom|87/100\n|-damage|p2b: Incineroar|51/100|[from] Recoil\n|\n|-weather|Snowscape|[upkeep]\n|upkeep\n|turn|10\n|-message|SNlol forfeited.\n|\n|win|Jjdnudne\n|raw|Jjdnudne's rating: 1000 &rarr; <strong>1045</strong><br />(+45 for winning)\n|raw|SNlol's rating: 1040 &rarr; <strong>1022</strong><br />(-18 for losing)\n|l|\u2606SNlol\n|player|p2|\n",
  "uploadtime": 1775997957,
  "views": 13,
  "formatid": "gen9championsvgc2026regma",
  "rating": 1022,
  "private": 0,
  "password": null
}