{
  "id": "gen9championsvgc2026regma-2584103751",
  "format": "[Gen 9 Champions] VGC 2026 Reg M-A",
  "players": [
    "asemidecentgamer",
    "Sweets4Life"
  ],
  "log": "|j|\u2606asemidecentgamer\n|j|\u2606Sweets4Life\n|t:|1776225506\n|gametype|doubles\n|player|p1|asemidecentgamer|brycenman|1095\n|player|p2|Sweets4Life|266|1143\n|gen|9\n|tier|[Gen 9 Champions] VGC 2026 Reg M-A\n|rated|\n|rule|Species Clause: Limit one of each Pok\u00e9mon\n|rule|Item Clause: Limit 1 of each item\n|clearpoke\n|poke|p1|Golurk, L50|\n|poke|p1|Aggron, L50, M|\n|poke|p1|Mr. Rime, L50, F|\n|poke|p1|Torkoal, L50, F|\n|poke|p1|Kingambit, L50, M|\n|poke|p1|Incineroar, L50, F|\n|poke|p2|Goodra-Hisui, L50, F|\n|poke|p2|Farigiraf, L50, M|\n|poke|p2|Torkoal, L50, M|\n|poke|p2|Tyranitar, L50, F|\n|poke|p2|Chimecho, L50, M|\n|poke|p2|Camerupt, L50, F|\n|teampreview|4\n|c|\u2606Sweets4Life|lol\n|c|\u2606Sweets4Life|trick room?\n|\n|t:|1776225545\n|teamsize|p1|4\n|teamsize|p2|4\n|start\n|switch|p1a: Mr. Rime|Mr. Rime, L50, F, shiny|100/100\n|switch|p1b: Torkoal|Torkoal, L50, F|100/100\n|switch|p2a: Camerupt|Camerupt, L50, F|100/100\n|switch|p2b: Tyranitar|Tyranitar, L50, F|100/100\n|-weather|Sandstorm|[from] ability: Sand Stream|[of] p2b: Tyranitar\n|-weather|SunnyDay|[from] ability: Drought|[of] p1b: Torkoal\n|turn|1\n|inactive|Battle timer is ON: inactive players will automatically lose when time's up. (requested by Sweets4Life)\n|inactive|Sweets4Life has 60 seconds left.\n|\n|t:|1776225594\n|move|p2a: Camerupt|Protect|p2a: Camerupt\n|-singleturn|p2a: Camerupt|Protect\n|move|p2b: Tyranitar|Knock Off|p1a: Mr. Rime\n|-supereffective|p1a: Mr. Rime|1\n|-damage|p1a: Mr. Rime|3/100\n|-enditem|p1a: Mr. Rime|Focus Sash|[from] move: Knock Off|[of] p2b: Tyranitar\n|move|p1b: Torkoal|Heat Wave|p2b: Tyranitar|[spread] \n|-activate|p2a: Camerupt|move: Protect\n|-miss|p1b: Torkoal|p2b: Tyranitar\n|move|p1a: Mr. Rime|Trick Room|p1a: Mr. Rime\n|-fieldstart|move: Trick Room|[of] p1a: Mr. Rime\n|\n|-weather|SunnyDay|[upkeep]\n|upkeep\n|turn|2\n|inactive|Sweets4Life has 30 seconds left.\n|inactive|Sweets4Life has 20 seconds left.\n|\n|t:|1776225632\n|detailschange|p2a: Camerupt|Camerupt-Mega, L50, F\n|-mega|p2a: Camerupt|Camerupt|Cameruptite\n|move|p2a: Camerupt|Earth Power|p1b: Torkoal\n|-supereffective|p1b: Torkoal|1\n|-damage|p1b: Torkoal|0 fnt\n|faint|p1b: Torkoal\n|move|p2b: Tyranitar|Rock Slide|p1a: Mr. Rime\n|-supereffective|p1a: Mr. Rime|1\n|-damage|p1a: Mr. Rime|0 fnt\n|faint|p1a: Mr. Rime\n|\n|-weather|SunnyDay|[upkeep]\n|upkeep\n|\n|t:|1776225647\n|switch|p1b: The big Yahu|Incineroar, L50, F|100/100\n|switch|p1a: Emet|Golurk, L50, shiny|100/100\n|-ability|p1b: The big Yahu|Intimidate|boost\n|-unboost|p2a: Camerupt|atk|1\n|-unboost|p2b: Tyranitar|atk|1\n|turn|3\n|inactive|Sweets4Life has 30 seconds left.\n|inactive|Sweets4Life has 20 seconds left.\n|inactive|Sweets4Life has 15 seconds left.\n|\n|t:|1776225687\n|detailschange|p1a: Emet|Golurk-Mega, L50, shiny\n|-mega|p1a: Emet|Golurk|Golurkite\n|move|p2b: Tyranitar|Protect|p2b: Tyranitar\n|-singleturn|p2b: Tyranitar|Protect\n|move|p2a: Camerupt|Solar Beam||[still]\n|-prepare|p2a: Camerupt|Solar Beam\n|-anim|p2a: Camerupt|Solar Beam|p1a: Emet\n|-supereffective|p1a: Emet|1\n|-damage|p1a: Emet|8/100\n|move|p1b: The big Yahu|Close Combat|p2b: Tyranitar\n|-activate|p2b: Tyranitar|move: Protect\n|move|p1a: Emet|Headlong Rush|p2a: Camerupt\n|-supereffective|p2a: Camerupt|1\n|-damage|p2a: Camerupt|0 fnt\n|-unboost|p1a: Emet|def|1\n|-unboost|p1a: Emet|spd|1\n|faint|p2a: Camerupt\n|\n|-weather|SunnyDay|[upkeep]\n|upkeep\n|\n|t:|1776225705\n|switch|p2a: Torkoal|Torkoal, L50, M|100/100\n|turn|4\n|\n|t:|1776225726\n|switch|p2b: Farigiraf|Farigiraf, L50, M|100/100\n|move|p2a: Torkoal|Heat Wave|p1a: Emet|[spread] p1a\n|-miss|p2a: Torkoal|p1b: The big Yahu\n|-damage|p1a: Emet|0 fnt\n|faint|p1a: Emet\n|move|p1b: The big Yahu|Close Combat|p2b: Farigiraf\n|-damage|p2b: Farigiraf|62/100\n|-unboost|p1b: The big Yahu|def|1\n|-unboost|p1b: The big Yahu|spd|1\n|\n|-weather|SunnyDay|[upkeep]\n|upkeep\n|turn|5\n|-message|asemidecentgamer forfeited.\n|\n|win|Sweets4Life\n|raw|asemidecentgamer's rating: 1095 &rarr; <strong>1074</strong><br />(-21 for losing)\n|raw|Sweets4Life's rating: 1143 &rarr; <strong>1165</strong><br />(+22 for winning)\n|l|\u2606asemidecentgamer\n|player|p1|\n|c|\u2606Sweets4Life|gg\n",
  "uploadtime": 1776225744,
  "views": 26,
  "formatid": "gen9championsvgc2026regma",
  "rating": 1074,
  "private": 0,
  "password": null
}