{
  "id": "gen9championsvgc2026regma-2588498425",
  "format": "[Gen 9 Champions] VGC 2026 Reg M-A",
  "players": [
    "Azuremoon7",
    "f1res"
  ],
  "log": "|j|\u2606Azuremoon7\n|j|\u2606f1res\n|t:|1776639001\n|gametype|doubles\n|player|p1|Azuremoon7|blue|1130\n|player|p2|f1res|firebreather|1057\n|gen|9\n|tier|[Gen 9 Champions] VGC 2026 Reg M-A\n|rated|\n|rule|Species Clause: Limit one of each Pok\u00e9mon\n|rule|Item Clause: Limit 1 of each item\n|clearpoke\n|poke|p1|Crabominable, L50, M, shiny|\n|poke|p1|Aerodactyl, L50, M, shiny|\n|poke|p1|Sinistcha-Masterpiece, L50, shiny|\n|poke|p1|Incineroar, L50, M, shiny|\n|poke|p1|Slowking-Galar, L50, M, shiny|\n|poke|p1|Armarouge, L50, M, shiny|\n|poke|p2|Sneasler, L50, M|\n|poke|p2|Gardevoir, L50, M|\n|poke|p2|Talonflame, L50, M|\n|poke|p2|Kingambit, L50, M|\n|poke|p2|Krookodile, L50, F|\n|poke|p2|Meowscarada, L50, M|\n|teampreview|4\n|\n|t:|1776639046\n|teamsize|p1|4\n|teamsize|p2|4\n|start\n|switch|p1a: Mr. Fist|Crabominable, L50, M, shiny|100/100\n|switch|p1b: Matchapop|Sinistcha-Masterpiece, L50, shiny|100/100\n|switch|p2a: Kingambit|Kingambit, L50, M|100/100\n|switch|p2b: Sneasler|Sneasler, L50, M|100/100\n|turn|1\n|\n|t:|1776639078\n|detailschange|p1a: Mr. Fist|Crabominable-Mega, L50, M, shiny\n|-mega|p1a: Mr. Fist|Crabominable|Crabominite\n|move|p1b: Matchapop|Protect|p1b: Matchapop\n|-singleturn|p1b: Matchapop|Protect\n|move|p1a: Mr. Fist|Protect|p1a: Mr. Fist\n|-singleturn|p1a: Mr. Fist|Protect\n|move|p2b: Sneasler|Close Combat|p1a: Mr. Fist\n|-activate|p1a: Mr. Fist|move: Protect\n|move|p2a: Kingambit|Kowtow Cleave|p1b: Matchapop\n|-activate|p1b: Matchapop|move: Protect\n|\n|upkeep\n|turn|2\n|inactive|Battle timer is ON: inactive players will automatically lose when time's up. (requested by f1res)\n|inactive|Azuremoon7 has 60 seconds left.\n|\n|t:|1776639171\n|move|p2b: Sneasler|Dire Claw|p1b: Matchapop\n|-damage|p1b: Matchapop|57/100\n|-status|p1b: Matchapop|par\n|move|p2a: Kingambit|Kowtow Cleave|p1b: Matchapop\n|-supereffective|p1b: Matchapop|1\n|-enditem|p1b: Matchapop|Colbur Berry|[eat]\n|-enditem|p1b: Matchapop|Colbur Berry|[weaken]\n|-damage|p1b: Matchapop|9/100 par\n|move|p1a: Mr. Fist|Drain Punch|p2a: Kingambit\n|-supereffective|p2a: Kingambit|2\n|-enditem|p2a: Kingambit|Chople Berry|[eat]\n|-enditem|p2a: Kingambit|Chople Berry|[weaken]\n|-damage|p2a: Kingambit|14/100\n|move|p1b: Matchapop|Trick Room|p1b: Matchapop\n|-fieldstart|move: Trick Room|[of] p1b: Matchapop\n|\n|upkeep\n|turn|3\n|\n|t:|1776639188\n|move|p1b: Matchapop|Protect|p1b: Matchapop\n|-singleturn|p1b: Matchapop|Protect\n|move|p1a: Mr. Fist|Ice Hammer|p2b: Sneasler\n|-damage|p2b: Sneasler|0 fnt\n|-unboost|p1a: Mr. Fist|spe|1\n|faint|p2b: Sneasler\n|move|p2a: Kingambit|Kowtow Cleave|p1b: Matchapop\n|-activate|p1b: Matchapop|move: Protect\n|\n|upkeep\n|\n|t:|1776639202\n|switch|p2b: Talonflame|Talonflame, L50, M|100/100\n|turn|4\n|\n|t:|1776639212\n|move|p2a: Kingambit|Protect|p2a: Kingambit\n|-singleturn|p2a: Kingambit|Protect\n|move|p2b: Talonflame|Protect|p2b: Talonflame\n|-singleturn|p2b: Talonflame|Protect\n|move|p1b: Matchapop|Rage Powder|p1b: Matchapop\n|-singleturn|p1b: Matchapop|move: Rage Powder\n|move|p1a: Mr. Fist|Mach Punch|p2b: Talonflame\n|-activate|p2b: Talonflame|move: Protect\n|\n|upkeep\n|turn|5\n|\n|t:|1776639230\n|move|p1b: Matchapop|Rage Powder|p1b: Matchapop\n|-singleturn|p1b: Matchapop|move: Rage Powder\n|move|p1a: Mr. Fist|Mach Punch|p2b: Talonflame\n|-resisted|p2b: Talonflame|1\n|-damage|p2b: Talonflame|77/100\n|move|p2a: Kingambit|Kowtow Cleave|p1b: Matchapop\n|-supereffective|p1b: Matchapop|1\n|-damage|p1b: Matchapop|0 fnt\n|faint|p1b: Matchapop\n|move|p2b: Talonflame|Brave Bird|p1a: Mr. Fist\n|-supereffective|p1a: Mr. Fist|1\n|-damage|p1a: Mr. Fist|25/100\n|-damage|p2b: Talonflame|45/100|[from] Recoil\n|-heal|p2b: Talonflame|57/100|[from] item: Shell Bell|[of] p1a: Mr. Fist\n|\n|upkeep\n|\n|t:|1776639242\n|switch|p1b: Flex Seal|Incineroar, L50, M, shiny|100/100\n|-ability|p1b: Flex Seal|Intimidate|boost\n|-unboost|p2a: Kingambit|atk|1\n|-ability|p2a: Kingambit|Defiant|boost\n|-boost|p2a: Kingambit|atk|2\n|-unboost|p2b: Talonflame|atk|1\n|turn|6\n|\n|t:|1776639249\n|move|p2a: Kingambit|Protect|p2a: Kingambit\n|-singleturn|p2a: Kingambit|Protect\n|move|p2b: Talonflame|Protect|p2b: Talonflame\n|-singleturn|p2b: Talonflame|Protect\n|move|p1b: Flex Seal|Fake Out|p2b: Talonflame\n|-activate|p2b: Talonflame|move: Protect\n|move|p1a: Mr. Fist|Mach Punch|p2a: Kingambit\n|-activate|p2a: Kingambit|move: Protect\n|\n|-fieldend|move: Trick Room\n|upkeep\n|turn|7\n|\n|t:|1776639260\n|move|p1a: Mr. Fist|Protect|p1a: Mr. Fist\n|-singleturn|p1a: Mr. Fist|Protect\n|move|p2a: Kingambit|Sucker Punch||[still]\n|-fail|p2a: Kingambit\n|move|p2b: Talonflame|Tailwind|p2b: Talonflame\n|-sidestart|p2: f1res|move: Tailwind\n|move|p1b: Flex Seal|Flare Blitz|p2b: Talonflame\n|-resisted|p2b: Talonflame|1\n|-damage|p2b: Talonflame|18/100\n|-damage|p1b: Flex Seal|90/100|[from] Recoil\n|\n|upkeep\n|turn|8\n|inactive|Azuremoon7 has 30 seconds left.\n|inactive|Azuremoon7 has 20 seconds left.\n|inactive|Azuremoon7 has 15 seconds left.\n|inactive|Azuremoon7 has 10 seconds left.\n|\n|t:|1776639308\n|switch|p1a: Brian|Slowking-Galar, L50, M, shiny|100/100\n|move|p2a: Kingambit|Sucker Punch|p1b: Flex Seal\n|-resisted|p1b: Flex Seal|1\n|-damage|p1b: Flex Seal|60/100\n|move|p2b: Talonflame|Brave Bird|p1a: Brian\n|-damage|p1a: Brian|73/100\n|-damage|p2b: Talonflame|6/100|[from] Recoil\n|-heal|p2b: Talonflame|10/100|[from] item: Shell Bell|[of] p1a: Brian\n|move|p1b: Flex Seal|Flare Blitz|p2b: Talonflame\n|-resisted|p2b: Talonflame|1\n|-damage|p2b: Talonflame|0 fnt\n|faint|p2b: Talonflame\n|-damage|p1b: Flex Seal|58/100|[from] Recoil\n|\n|-heal|p1a: Brian|79/100|[from] item: Leftovers\n|upkeep\n|c|\u2606f1res|yes mach punch bypasses sucker punch\n|\n|t:|1776639319\n|switch|p2b: Gardevoir|Gardevoir, L50, M|100/100\n|turn|9\n|c|\u2606f1res|new gens bro\n|inactive|f1res has 30 seconds left.\n|\n|t:|1776639352\n|detailschange|p2b: Gardevoir|Gardevoir-Mega, L50, M\n|-mega|p2b: Gardevoir|Gardevoir|Gardevoirite\n|move|p2a: Kingambit|Sucker Punch||[still]\n|-fail|p2a: Kingambit\n|move|p2b: Gardevoir|Moonblast|p1b: Flex Seal\n|-damage|p1b: Flex Seal|12/100\n|-enditem|p1b: Flex Seal|Sitrus Berry|[eat]\n|-heal|p1b: Flex Seal|37/100|[from] item: Sitrus Berry\n|move|p1b: Flex Seal|Throat Chop|p2b: Gardevoir\n|-damage|p2b: Gardevoir|40/100\n|-start|p2b: Gardevoir|Throat Chop|[silent]\n|move|p1a: Brian|Trick Room|p1a: Brian\n|-fieldstart|move: Trick Room|[of] p1a: Brian\n|\n|-heal|p1a: Brian|85/100|[from] item: Leftovers\n|upkeep\n|turn|10\n|\n|t:|1776639372\n|move|p2a: Kingambit|Protect|p2a: Kingambit\n|-singleturn|p2a: Kingambit|Protect\n|move|p1a: Brian|Sludge Bomb|p2b: Gardevoir\n|-supereffective|p2b: Gardevoir|1\n|-damage|p2b: Gardevoir|0 fnt\n|faint|p2b: Gardevoir\n|move|p1b: Flex Seal|Flare Blitz|p2a: Kingambit\n|-activate|p2a: Kingambit|move: Protect\n|\n|-heal|p1a: Brian|91/100|[from] item: Leftovers\n|-sideend|p2: f1res|move: Tailwind\n|upkeep\n|turn|11\n|\n|t:|1776639381\n|move|p2a: Kingambit|Sucker Punch|p1b: Flex Seal\n|-resisted|p1b: Flex Seal|1\n|-damage|p1b: Flex Seal|9/100\n|-prepare|p1a: Brian|Chilly Reception|[premajor]\n|move|p1a: Brian|Chilly Reception|p1a: Brian\n|-weather|Snowscape\n|\n|t:|1776639383\n|switch|p1a: Mr. Fist|Crabominable-Mega, L50, M, shiny|25/100|[from] Chilly Reception\n|move|p1b: Flex Seal|Flare Blitz|p2a: Kingambit\n|-supereffective|p2a: Kingambit|1\n|-damage|p2a: Kingambit|0 fnt\n|faint|p2a: Kingambit\n|-damage|p1b: Flex Seal|4/100|[from] Recoil\n|\n|win|Azuremoon7\n|raw|Azuremoon7's rating: 1130 &rarr; <strong>1150</strong><br />(+20 for winning)\n|raw|f1res's rating: 1057 &rarr; <strong>1042</strong><br />(-15 for losing)\n|l|\u2606f1res\n|player|p2|\n|c|\u2606Azuremoon7|ggs\n|c|\u2606Azuremoon7|Wait hold up I wasn\u2019t confused on that lmao\n",
  "uploadtime": 1776639496,
  "views": 8,
  "formatid": "gen9championsvgc2026regma",
  "rating": 1042,
  "private": 0,
  "password": null
}