{
  "id": "gen9championsvgc2026regma-2580882654",
  "format": "[Gen 9 Champions] VGC 2026 Reg M-A",
  "players": [
    "fimmm",
    "DimensionalFool"
  ],
  "log": "|j|\u2606fimmm\n|j|\u2606DimensionalFool\n|t:|1775940258\n|gametype|doubles\n|player|p1|fimmm|whitney|1251\n|player|p2|DimensionalFool|266|1367\n|gen|9\n|tier|[Gen 9 Champions] VGC 2026 Reg M-A\n|rated|\n|rule|Species Clause: Limit one of each Pok\u00e9mon\n|rule|Item Clause: Limit 1 of each item\n|clearpoke\n|poke|p1|Glaceon, L50, M|\n|poke|p1|Slowking, L50, F|\n|poke|p1|Armarouge, L50, F|\n|poke|p1|Abomasnow, L50, F|\n|poke|p1|Liepard, L50, M|\n|poke|p1|Rhyperior, L50, F|\n|poke|p2|Pelipper, L50, M|\n|poke|p2|Garchomp, L50, M|\n|poke|p2|Corviknight, L50, M|\n|poke|p2|Meganium, L50, F|\n|poke|p2|Sneasler, L50, M|\n|poke|p2|Basculegion, L50, M|\n|teampreview|4\n|inactive|Battle timer is ON: inactive players will automatically lose when time's up. (requested by DimensionalFool)\n|inactive|fimmm also wants the timer to be on.\nDimensionalFool rejected open team sheets.\n|j| BarryTreacy\n|inactive|fimmm has 60 seconds left.\n|inactive|DimensionalFool has 60 seconds left.\n|\n|t:|1775940300\n|teamsize|p1|4\n|teamsize|p2|4\n|start\n|switch|p1a: Slowking|Slowking, L50, F|100/100\n|switch|p1b: Liepard|Liepard, L50, M|100/100\n|switch|p2a: Sneasler|Sneasler, L50, M|100/100\n|switch|p2b: Basculegion|Basculegion, L50, M|100/100\n|turn|1\n|l| BarryTreacy\n|\n|t:|1775940321\n|move|p2a: Sneasler|Fake Out|p1a: Slowking\n|-damage|p1a: Slowking|86/100\n|move|p1b: Liepard|Fake Out|p2a: Sneasler\n|-damage|p2a: Sneasler|86/100\n|move|p2b: Basculegion|Wave Crash|p1b: Liepard\n|-enditem|p1b: Liepard|Focus Sash\n|-damage|p1b: Liepard|1/100\n|-damage|p2b: Basculegion|72/100|[from] Recoil\n|cant|p1a: Slowking|flinch\n|\n|upkeep\n|turn|2\n|\n|t:|1775940343\n|switch|p2b: Meganium|Meganium, L50, F|100/100\n|move|p1b: Liepard|Thunder Wave|p2a: Sneasler\n|-status|p2a: Sneasler|par\n|move|p2a: Sneasler|Dire Claw|p1a: Slowking\n|-damage|p1a: Slowking|41/100\n|move|p1a: Slowking|Trick Room|p1a: Slowking\n|-fieldstart|move: Trick Room|[of] p1a: Slowking\n|\n|upkeep\n|turn|3\n|inactive|DimensionalFool has 30 seconds left.\n|\n|t:|1775940370\n|switch|p2a: Basculegion|Basculegion, L50, M|72/100\n|detailschange|p2b: Meganium|Meganium-Mega, L50, F\n|-mega|p2b: Meganium|Meganium|Meganiumite\n|move|p1b: Liepard|Baton Pass|p1b: Liepard\n|\n|t:|1775940390\n|switch|p1b: Abomasnow|Abomasnow, L50, F|100/100|[from] Baton Pass\n|-weather|Snowscape|[from] ability: Snow Warning|[of] p1b: Abomasnow\n|move|p1a: Slowking|Psychic|p2a: Basculegion\n|-damage|p2a: Basculegion|33/100\n|move|p2b: Meganium|Dazzling Gleam|p1b: Abomasnow|[spread] p1a,p1b\n|-damage|p1a: Slowking|19/100\n|-damage|p1b: Abomasnow|60/100\n|\n|-weather|Snowscape|[upkeep]\n|upkeep\n|turn|4\n|\n|t:|1775940408\n|detailschange|p1b: Abomasnow|Abomasnow-Mega, L50, F\n|-mega|p1b: Abomasnow|Abomasnow|Abomasite\n|move|p2b: Meganium|Protect|p2b: Meganium\n|-singleturn|p2b: Meganium|Protect\n|move|p2a: Basculegion|Protect|p2a: Basculegion\n|-singleturn|p2a: Basculegion|Protect\n|move|p1b: Abomasnow|Blizzard|p2a: Basculegion|[spread] \n|-activate|p2a: Basculegion|move: Protect\n|-activate|p2b: Meganium|move: Protect\n|move|p1a: Slowking|Psychic|p2a: Basculegion\n|-activate|p2a: Basculegion|move: Protect\n|\n|-weather|Snowscape|[upkeep]\n|upkeep\n|turn|5\n|inactive|DimensionalFool has 30 seconds left.\n|\n|t:|1775940439\n|switch|p2a: Pelipper|Pelipper, L50, M|100/100\n|-weather|RainDance|[from] ability: Drizzle|[of] p2a: Pelipper\n|-prepare|p1a: Slowking|Chilly Reception|[premajor]\n|move|p1a: Slowking|Chilly Reception|p1a: Slowking\n|-weather|Snowscape\n|\n|t:|1775940446\n|switch|p1a: Glaceon|Glaceon, L50, M|100/100|[from] Chilly Reception\n|move|p1b: Abomasnow|Blizzard|p2b: Meganium|[spread] p2a,p2b\n|-supereffective|p2b: Meganium|1\n|-damage|p2a: Pelipper|38/100\n|-damage|p2b: Meganium|38/100\n|-status|p2b: Meganium|frz\n|cant|p2b: Meganium|frz\n|\n|-weather|Snowscape|[upkeep]\n|upkeep\n|turn|6\n|\n|t:|1775940466\n|switch|p1b: Slowking|Slowking, L50, F|19/100\n|switch|p2a: Sneasler|Sneasler, L50, M|86/100 par\n|cant|p2b: Meganium|frz\n|move|p1a: Glaceon|Freeze-Dry|p2a: Sneasler\n|-damage|p2a: Sneasler|27/100 par\n|\n|-weather|Snowscape|[upkeep]\n|-fieldend|move: Trick Room\n|upkeep\n|turn|7\n|\n|t:|1775940484\n|-curestatus|p2b: Meganium|frz|[msg]\n|move|p2b: Meganium|Dazzling Gleam|p1b: Slowking|[spread] p1a,p1b\n|-damage|p1a: Glaceon|63/100\n|-damage|p1b: Slowking|0 fnt\n|faint|p1b: Slowking\n|move|p2a: Sneasler|Rock Slide|p1a: Glaceon|[miss]\n|-miss|p2a: Sneasler|p1a: Glaceon\n|move|p1a: Glaceon|Blizzard|p2a: Sneasler|[spread] p2a,p2b\n|-supereffective|p2b: Meganium|1\n|-damage|p2a: Sneasler|0 fnt\n|-damage|p2b: Meganium|0 fnt\n|faint|p2a: Sneasler\n|faint|p2b: Meganium\n|\n|-weather|Snowscape|[upkeep]\n|upkeep\n|\n|t:|1775940497\n|switch|p2a: Pelipper|Pelipper, L50, M|38/100\n|switch|p2b: Basculegion|Basculegion, L50, M|33/100\n|switch|p1b: Liepard|Liepard, L50, M|1/100\n|-weather|RainDance|[from] ability: Drizzle|[of] p2a: Pelipper\n|turn|8\n|inactive|DimensionalFool has 30 seconds left.\n|\n|t:|1775940532\n|switch|p1b: Abomasnow|Abomasnow-Mega, L50, F|60/100\n|-weather|Snowscape|[from] ability: Snow Warning|[of] p1b: Abomasnow\n|move|p2b: Basculegion|Wave Crash|p1a: Glaceon\n|-damage|p1a: Glaceon|14/100\n|-damage|p2b: Basculegion|19/100|[from] Recoil\n|move|p2a: Pelipper|Weather Ball|p1b: Abomasnow\n|-damage|p1b: Abomasnow|34/100\n|move|p1a: Glaceon|Freeze-Dry|p2a: Pelipper\n|-supereffective|p2a: Pelipper|2\n|-damage|p2a: Pelipper|0 fnt\n|faint|p2a: Pelipper\n|\n|-weather|Snowscape|[upkeep]\n|upkeep\n|turn|9\n|-message|DimensionalFool forfeited.\n|\n|win|fimmm\n|raw|fimmm's rating: 1251 &rarr; <strong>1284</strong><br />(+33 for winning)\n|raw|DimensionalFool's rating: 1367 &rarr; <strong>1341</strong><br />(-26 for losing)\n|l|\u2606DimensionalFool\n|player|p2|\n|j|\u2606DimensionalFool\n|player|p2|DimensionalFool|266|\n",
  "uploadtime": 1775940620,
  "views": 25,
  "formatid": "gen9championsvgc2026regma",
  "rating": 1284,
  "private": 0,
  "password": null
}