{
  "id": "gen9championsvgc2026regma-2584879381",
  "format": "[Gen 9 Champions] VGC 2026 Reg M-A",
  "players": [
    "loosemustard",
    "callmehavoc"
  ],
  "log": "|j|\u2606loosemustard\n|j|\u2606callmehavoc\n|t:|1776290986\n|gametype|doubles\n|player|p1|loosemustard|gambler|1066\n|player|p2|callmehavoc|bugcatcher-gen4dp|1083\n|gen|9\n|tier|[Gen 9 Champions] VGC 2026 Reg M-A\n|rated|\n|rule|Species Clause: Limit one of each Pok\u00e9mon\n|rule|Item Clause: Limit 1 of each item\n|clearpoke\n|poke|p1|Aerodactyl, L50, F|\n|poke|p1|Charizard, L50, M|\n|poke|p1|Typhlosion-Hisui, L50, F|\n|poke|p1|Venusaur, L50, F|\n|poke|p1|Incineroar, L50, M|\n|poke|p1|Garchomp, L50, M|\n|poke|p2|Espathra, L50, F|\n|poke|p2|Farigiraf, L50, F|\n|poke|p2|Alakazam, L50, F|\n|poke|p2|Incineroar, L50, M|\n|poke|p2|Aerodactyl, L50, M|\n|poke|p2|Clefable, L50, M|\n|teampreview|4\n|inactive|Battle timer is ON: inactive players will automatically lose when time's up. (requested by loosemustard)\n|inactive|callmehavoc has 60 seconds left.\n|\n|t:|1776291033\n|teamsize|p1|4\n|teamsize|p2|4\n|start\n|switch|p1a: Aerodactyl|Aerodactyl, L50, F|100/100\n|switch|p1b: Typhlosion|Typhlosion-Hisui, L50, F|100/100\n|switch|p2a: Farigiraf|Farigiraf, L50, F|100/100\n|switch|p2b: Espathra|Espathra, L50, F|100/100\n|-ability|p1a: Aerodactyl|Unnerve\n|turn|1\n|\n|t:|1776291054\n|move|p1b: Typhlosion|Protect|p1b: Typhlosion\n|-singleturn|p1b: Typhlosion|Protect\n|move|p2b: Espathra|Protect|p2b: Espathra\n|-singleturn|p2b: Espathra|Protect\n|move|p1a: Aerodactyl|Tailwind|p1a: Aerodactyl\n|-sidestart|p1: loosemustard|move: Tailwind\n|move|p2a: Farigiraf|Psychic Terrain|p2a: Farigiraf\n|-fieldstart|move: Psychic Terrain\n|\n|-ability|p2b: Espathra|Speed Boost|boost\n|-boost|p2b: Espathra|spe|1\n|upkeep\n|turn|2\n|inactive|callmehavoc has 30 seconds left.\n|inactive|callmehavoc has 20 seconds left.\n|\n|t:|1776291094\n|move|p2a: Farigiraf|Helping Hand|p2b: Espathra\n|-singleturn|p2b: Espathra|Helping Hand|[of] p2a: Farigiraf\n|move|p1a: Aerodactyl|Stone Edge|p2b: Espathra\n|-crit|p2b: Espathra\n|-damage|p2b: Espathra|20/100\n|move|p1b: Typhlosion|Eruption|p2a: Farigiraf|[spread] p2a,p2b\n|-damage|p2a: Farigiraf|34/100\n|-damage|p2b: Espathra|0 fnt\n|faint|p2b: Espathra\n|\n|upkeep\n|\n|t:|1776291105\n|switch|p2b: Alakazam|Alakazam, L50, F|100/100\n|turn|3\n|inactive|callmehavoc has 30 seconds left.\n|inactive|callmehavoc has 20 seconds left.\n|inactive|callmehavoc has 15 seconds left.\n|inactive|callmehavoc has 10 seconds left.\n|\n|t:|1776291150\n|detailschange|p2b: Alakazam|Alakazam-Mega, L50, F\n|-mega|p2b: Alakazam|Alakazam|Alakazite\n|-ability|p2b: Alakazam|Unnerve|Trace|[from] ability: Trace|[of] p1a: Aerodactyl\n|-ability|p2b: Alakazam|Unnerve\n|move|p1a: Aerodactyl|Wide Guard|p1a: Aerodactyl\n|-singleturn|p1a: Aerodactyl|Wide Guard\n|move|p1b: Typhlosion|Eruption|p2a: Farigiraf|[spread] p2a,p2b\n|-damage|p2a: Farigiraf|0 fnt\n|-damage|p2b: Alakazam|10/100\n|faint|p2a: Farigiraf\n|move|p2b: Alakazam|Expanding Force|p1b: Typhlosion|[spread] \n|-activate|p1a: Aerodactyl|move: Wide Guard\n|-activate|p1b: Typhlosion|move: Wide Guard\n|\n|upkeep\n|\n|t:|1776291168\n|switch|p2a: Incineroar|Incineroar, L50, M|100/100\n|-ability|p2a: Incineroar|Intimidate|boost\n|-unboost|p1a: Aerodactyl|atk|1\n|-unboost|p1b: Typhlosion|atk|1\n|turn|4\n|\n|t:|1776291175\n|move|p2b: Alakazam|Protect|p2b: Alakazam\n|-singleturn|p2b: Alakazam|Protect\n|move|p1a: Aerodactyl|Wide Guard|p1a: Aerodactyl\n|-singleturn|p1a: Aerodactyl|Wide Guard\n|move|p2a: Incineroar|Fake Out|p1a: Aerodactyl\n|-hint|Psychic Terrain doesn't affect airborne Pok\u00e9mon.\n|-resisted|p1a: Aerodactyl|1\n|-damage|p1a: Aerodactyl|93/100\n|move|p1b: Typhlosion|Eruption|p2b: Alakazam|[spread] p2a\n|-activate|p2b: Alakazam|move: Protect\n|-resisted|p2a: Incineroar|1\n|-crit|p2a: Incineroar\n|-damage|p2a: Incineroar|65/100\n|\n|-sideend|p1: loosemustard|move: Tailwind\n|upkeep\n|turn|5\n|\n|t:|1776291199\n|move|p1b: Typhlosion|Protect|p1b: Typhlosion\n|-singleturn|p1b: Typhlosion|Protect\n|move|p2b: Alakazam|Expanding Force|p1b: Typhlosion|[spread] p1a\n|-activate|p1b: Typhlosion|move: Protect\n|-damage|p1a: Aerodactyl|0 fnt\n|faint|p1a: Aerodactyl\n|move|p2a: Incineroar|Darkest Lariat|p1b: Typhlosion\n|-activate|p1b: Typhlosion|move: Protect\n|\n|-fieldend|move: Psychic Terrain\n|upkeep\n|\n|t:|1776291202\n|switch|p1a: Garchomp|Garchomp, L50, M|100/100\n|turn|6\n|inactive|callmehavoc has 30 seconds left.\n|\n|t:|1776291234\n|switch|p1b: Charizard|Charizard, L50, M|100/100\n|move|p1a: Garchomp|Earthquake|p2b: Alakazam|[spread] p2a,p2b\n|-immune|p1b: Charizard\n|-supereffective|p2a: Incineroar|1\n|-damage|p2a: Incineroar|0 fnt\n|-damage|p2b: Alakazam|0 fnt\n|faint|p2a: Incineroar\n|faint|p2b: Alakazam\n|\n|win|loosemustard\n|raw|loosemustard's rating: 1066 &rarr; <strong>1098</strong><br />(+32 for winning)\n|raw|callmehavoc's rating: 1083 &rarr; <strong>1059</strong><br />(-24 for losing)\n",
  "uploadtime": 1776291234,
  "views": 18,
  "formatid": "gen9championsvgc2026regma",
  "rating": 1059,
  "private": 0,
  "password": null
}