{
  "id": "gen9championsvgc2026regma-2580890919",
  "format": "[Gen 9 Champions] VGC 2026 Reg M-A",
  "players": [
    "Seanketchum",
    "hauntedjacky876"
  ],
  "log": "|j|\u2606Seanketchum\n|j|\u2606hauntedjacky876\n|t:|1775940934\n|gametype|doubles\n|player|p1|Seanketchum|pokefan|1000\n|player|p2|hauntedjacky876|170|1000\n|gen|9\n|tier|[Gen 9 Champions] VGC 2026 Reg M-A\n|rated|\n|rule|Species Clause: Limit one of each Pok\u00e9mon\n|rule|Item Clause: Limit 1 of each item\n|clearpoke\n|poke|p1|Maushold, L50|\n|poke|p1|Raichu-Alola, L50, F|\n|poke|p1|Delphox, L50, M|\n|poke|p1|Sableye, L50, F|\n|poke|p1|Tauros-Paldea-Aqua, L50, M|\n|poke|p1|Kommo-o, L50, F|\n|poke|p2|Ceruledge, L50, M|\n|poke|p2|Charizard, L50, F|\n|poke|p2|Starmie, L50|\n|poke|p2|Toxapex, L50, M|\n|poke|p2|Chesnaught, L50, M|\n|poke|p2|Sinistcha, L50|\n|teampreview|4\n|\n|t:|1775940982\n|teamsize|p1|4\n|teamsize|p2|4\n|start\n|switch|p1a: Raichu|Raichu-Alola, L50, F|100/100\n|switch|p1b: Delphox|Delphox, L50, M|100/100\n|switch|p2a: Charizard|Charizard, L50, F|100/100\n|switch|p2b: Starmie|Starmie, L50|100/100\n|turn|1\n|\n|t:|1775941017\n|switch|p1b: Tauros|Tauros-Paldea-Aqua, L50, M|100/100\n|-ability|p1b: Tauros|Intimidate|boost\n|-unboost|p2a: Charizard|atk|1\n|-unboost|p2b: Starmie|atk|1\n|detailschange|p2a: Charizard|Charizard-Mega-Y, L50, F\n|-mega|p2a: Charizard|Charizard|Charizardite Y\n|-weather|SunnyDay|[from] ability: Drought|[of] p2a: Charizard\n|move|p2a: Charizard|Protect|p2a: Charizard\n|-singleturn|p2a: Charizard|Protect\n|move|p2b: Starmie|Icy Wind|p1a: Raichu|[spread] p1a\n|-miss|p2b: Starmie|p1b: Tauros\n|-damage|p1a: Raichu|87/100\n|-unboost|p1a: Raichu|spe|1\n|move|p1a: Raichu|Volt Switch|p2b: Starmie\n|-supereffective|p2b: Starmie|1\n|-damage|p2b: Starmie|32/100\n|\n|t:|1775941045\n|switch|p1a: Sableye|Sableye, L50, F|100/100|[from] Volt Switch\n|\n|-weather|SunnyDay|[upkeep]\n|upkeep\n|turn|2\n|\n|t:|1775941061\n|move|p1a: Sableye|Fake Out|p2a: Charizard\n|-damage|p2a: Charizard|89/100\n|move|p2b: Starmie|Thunder|p1b: Tauros\n|-supereffective|p1b: Tauros|1\n|-damage|p1b: Tauros|24/100\n|-status|p1b: Tauros|par\n|-enditem|p1b: Tauros|Lum Berry|[eat]\n|-curestatus|p1b: Tauros|par|[msg]\n|cant|p2a: Charizard|flinch\n|move|p1b: Tauros|Trailblaze|p2b: Starmie\n|-supereffective|p2b: Starmie|1\n|-damage|p2b: Starmie|0 fnt\n|-boost|p1b: Tauros|spe|1\n|faint|p2b: Starmie\n|\n|-weather|SunnyDay|[upkeep]\n|upkeep\n|\n|t:|1775941077\n|switch|p2b: Ceruledge|Ceruledge, L50, M|100/100\n|turn|3\n|\n|t:|1775941105\n|move|p1a: Sableye|Encore|p2a: Charizard\n|-start|p2a: Charizard|Encore\n|move|p2a: Charizard|Protect|p2a: Charizard\n|-singleturn|p2a: Charizard|Protect\n|move|p1b: Tauros|Wave Crash|p2b: Ceruledge\n|-supereffective|p2b: Ceruledge|1\n|-damage|p2b: Ceruledge|10/100\n|-ability|p2b: Ceruledge|Weak Armor|boost\n|-unboost|p2b: Ceruledge|def|1\n|-boost|p2b: Ceruledge|spe|2\n|-damage|p1b: Tauros|0 fnt|[from] Recoil\n|faint|p1b: Tauros\n|move|p2b: Ceruledge|Swords Dance|p2b: Ceruledge\n|-boost|p2b: Ceruledge|atk|2\n|\n|-weather|SunnyDay|[upkeep]\n|upkeep\n|\n|t:|1775941121\n|switch|p1b: Raichu|Raichu-Alola, L50, F|87/100\n|turn|4\n|\n|t:|1775941130\n|switch|p2a: Sinistcha|Sinistcha, L50|100/100\n|-heal|p2b: Ceruledge|35/100|[from] ability: Hospitality|[of] p2a: Sinistcha\n|move|p1a: Sableye|Encore|p2b: Ceruledge\n|-start|p2b: Ceruledge|Encore\n|move|p2b: Ceruledge|Swords Dance|p2b: Ceruledge\n|-boost|p2b: Ceruledge|atk|2\n|move|p1b: Raichu|Psychic Terrain|p1b: Raichu\n|-fieldstart|move: Psychic Terrain\n|\n|-weather|SunnyDay|[upkeep]\n|upkeep\n|turn|5\n|\n|t:|1775941164\n|switch|p2a: Charizard|Charizard-Mega-Y, L50, F|89/100\n|move|p1a: Sableye|Recover||[still]\n|-fail|p1a: Sableye|heal\n|move|p2b: Ceruledge|Swords Dance|p2b: Ceruledge\n|-boost|p2b: Ceruledge|atk|2\n|move|p1b: Raichu|Volt Switch|p2b: Ceruledge\n|-damage|p2b: Ceruledge|0 fnt\n|faint|p2b: Ceruledge\n|\n|t:|1775941176\n|switch|p1b: Delphox|Delphox, L50, M|100/100|[from] Volt Switch\n|\n|-weather|none\n|upkeep\n|\n|t:|1775941181\n|switch|p2b: Sinistcha|Sinistcha, L50|100/100\n|-heal|p2a: Charizard|100/100|[from] ability: Hospitality|[of] p2b: Sinistcha\n|turn|6\n|-message|hauntedjacky876 forfeited.\n|\n|win|Seanketchum\n|raw|Seanketchum's rating: 1000 &rarr; <strong>1040</strong><br />(+40 for winning)\n|raw|hauntedjacky876's rating: 1000 &rarr; <strong>1000</strong><br />(+0 for losing)\n|l|\u2606hauntedjacky876\n|player|p2|\n",
  "uploadtime": 1775941205,
  "views": 18,
  "formatid": "gen9championsvgc2026regma",
  "rating": 1000,
  "private": 0,
  "password": null
}