{
  "id": "gen9championsvgc2026regma-2584777486",
  "format": "[Gen 9 Champions] VGC 2026 Reg M-A",
  "players": [
    "Macelo-12",
    "benjiapollo"
  ],
  "log": "|j|\u2606Macelo-12\n|j|\u2606benjiapollo\n|t:|1776282940\n|gametype|doubles\n|player|p1|Macelo-12|hilbert-wonderlauncher|1199\n|player|p2|benjiapollo|giovanni|1113\n|gen|9\n|tier|[Gen 9 Champions] VGC 2026 Reg M-A\n|rated|\n|rule|Species Clause: Limit one of each Pok\u00e9mon\n|rule|Item Clause: Limit 1 of each item\n|clearpoke\n|poke|p1|Typhlosion-Hisui, L50, M|\n|poke|p1|Whimsicott, L50, M|\n|poke|p1|Charizard, L50, M|\n|poke|p1|Zoroark-Hisui, L50, F|\n|poke|p1|Kangaskhan, L50, F|\n|poke|p1|Sinistcha, L50|\n|poke|p2|Basculegion, L50, M|\n|poke|p2|Charizard, L50, F|\n|poke|p2|Kingambit, L50, F|\n|poke|p2|Sneasler, L50, M|\n|poke|p2|Venusaur, L50, F|\n|poke|p2|Talonflame, L50, M|\n|teampreview|4\n|\n|t:|1776282968\n|teamsize|p1|4\n|teamsize|p2|4\n|start\n|switch|p1a: Typhlosion|Typhlosion-Hisui, L50, M|100/100\n|switch|p1b: Kangaskhan|Kangaskhan, L50, F|100/100\n|switch|p2a: Talonflame|Talonflame, L50, M|100/100\n|switch|p2b: Charizard|Charizard, L50, F|100/100\n|turn|1\n|inactive|Battle timer is ON: inactive players will automatically lose when time's up. (requested by benjiapollo)\n|\n|t:|1776282990\n|detailschange|p2b: Charizard|Charizard-Mega-X, L50, F\n|-mega|p2b: Charizard|Charizard|Charizardite X\n|move|p2a: Talonflame|Tailwind|p2a: Talonflame\n|-sidestart|p2: benjiapollo|move: Tailwind\n|move|p2b: Charizard|Flare Blitz|p1b: Kangaskhan\n|-enditem|p1b: Kangaskhan|Focus Sash\n|-damage|p1b: Kangaskhan|1/100\n|replace|p1b: Zoroark|Zoroark-Hisui, L50, F, shiny\n|-end|p1b: Zoroark|Illusion\n|-damage|p2b: Charizard|72/100|[from] Recoil\n|move|p1a: Typhlosion|Eruption|p2b: Charizard|[spread] p2a,p2b\n|-resisted|p2a: Talonflame|1\n|-resisted|p2b: Charizard|2\n|-damage|p2a: Talonflame|60/100\n|-damage|p2b: Charizard|54/100\n|move|p1b: Zoroark|Nasty Plot|p1b: Zoroark\n|-boost|p1b: Zoroark|spa|2\n|\n|upkeep\n|turn|2\n|inactive|benjiapollo has 30 seconds left.\n|\n|t:|1776283019\n|move|p2a: Talonflame|Quick Guard|p2a: Talonflame\n|-singleturn|p2a: Talonflame|Quick Guard\n|move|p2b: Charizard|Dragon Claw|p1b: Zoroark\n|-damage|p1b: Zoroark|0 fnt\n|faint|p1b: Zoroark\n|move|p1a: Typhlosion|Eruption|p2b: Charizard|[spread] p2a,p2b\n|-resisted|p2a: Talonflame|1\n|-resisted|p2b: Charizard|2\n|-damage|p2a: Talonflame|15/100\n|-damage|p2b: Charizard|34/100\n|\n|upkeep\n|\n|t:|1776283039\n|switch|p1b: Kangaskhan|Kangaskhan, L50, F|100/100\n|turn|3\n|\n|t:|1776283050\n|detailschange|p1b: Kangaskhan|Kangaskhan-Mega, L50, F\n|-mega|p1b: Kangaskhan|Kangaskhan|Kangaskhanite\n|move|p2a: Talonflame|Quick Guard|p2a: Talonflame\n|-singleturn|p2a: Talonflame|Quick Guard\n|move|p1b: Kangaskhan|Fake Out|p2b: Charizard\n|-activate|p2b: Charizard|move: Quick Guard\n|move|p2b: Charizard|Flare Blitz|p1b: Kangaskhan\n|-damage|p1b: Kangaskhan|29/100\n|-damage|p2b: Charizard|2/100|[from] Recoil\n|move|p1a: Typhlosion|Eruption|p2b: Charizard|[spread] p2a,p2b\n|-resisted|p2a: Talonflame|1\n|-resisted|p2b: Charizard|2\n|-damage|p2a: Talonflame|0 fnt\n|-damage|p2b: Charizard|0 fnt\n|faint|p2a: Talonflame\n|faint|p2b: Charizard\n|\n|upkeep\n|\n|t:|1776283065\n|switch|p2a: Kingambit|Kingambit, L50, F|100/100\n|switch|p2b: Basculegion|Basculegion, L50, M|100/100\n|turn|4\n|\n|t:|1776283086\n|switch|p1a: Sinistcha|Sinistcha, L50|100/100\n|-heal|p1b: Kangaskhan|54/100|[from] ability: Hospitality|[of] p1a: Sinistcha\n|move|p2b: Basculegion|Wave Crash|p1a: Sinistcha\n|-resisted|p1a: Sinistcha|1\n|-damage|p1a: Sinistcha|71/100\n|-damage|p2b: Basculegion|92/100|[from] Recoil\n|move|p2a: Kingambit|Kowtow Cleave|p1b: Kangaskhan\n|-damage|p1b: Kangaskhan|10/100\n|move|p1b: Kangaskhan|Drain Punch|p2a: Kingambit\n|-supereffective|p2a: Kingambit|2\n|-damage|p2a: Kingambit|14/100\n|-heal|p1b: Kangaskhan|52/100|[from] drain|[of] p2a: Kingambit\n|-supereffective|p2a: Kingambit|2\n|-damage|p2a: Kingambit|0 fnt\n|-heal|p1b: Kangaskhan|59/100|[from] drain|[of] p2a: Kingambit\n|faint|p2a: Kingambit\n|-hitcount|p2: Kingambit|2\n|\n|-sideend|p2: benjiapollo|move: Tailwind\n|upkeep\n|turn|5\n|\n|t:|1776283110\n|move|p1b: Kangaskhan|Sucker Punch|p2b: Basculegion\n|-supereffective|p2b: Basculegion|1\n|-damage|p2b: Basculegion|25/100\n|-supereffective|p2b: Basculegion|1\n|-damage|p2b: Basculegion|10/100\n|-hitcount|p2b: Basculegion|2\n|move|p2b: Basculegion|Wave Crash|p1b: Kangaskhan\n|-damage|p1b: Kangaskhan|0 fnt\n|faint|p1b: Kangaskhan\n|-damage|p2b: Basculegion|0 fnt|[from] Recoil\n|faint|p2b: Basculegion\n|\n|win|Macelo-12\n|raw|Macelo-12's rating: 1199 &rarr; <strong>1218</strong><br />(+19 for winning)\n|raw|benjiapollo's rating: 1113 &rarr; <strong>1094</strong><br />(-19 for losing)\n",
  "uploadtime": 1776283121,
  "views": 26,
  "formatid": "gen9championsvgc2026regma",
  "rating": 1094,
  "private": 0,
  "password": null
}