{
  "id": "gen9championsvgc2026regma-2586115235",
  "format": "[Gen 9 Champions] VGC 2026 Reg M-A",
  "players": [
    "Ianc123",
    "astova"
  ],
  "log": "|j|\u2606Ianc123\n|j|\u2606astova\n|t:|1776400792\n|gametype|doubles\n|player|p1|Ianc123|2|1074\n|player|p2|astova|dawn|1075\n|gen|9\n|tier|[Gen 9 Champions] VGC 2026 Reg M-A\n|rated|\n|rule|Species Clause: Limit one of each Pok\u00e9mon\n|rule|Item Clause: Limit 1 of each item\n|clearpoke\n|poke|p1|Floette-Eternal, L50, F|\n|poke|p1|Archaludon, L50, M|\n|poke|p1|Rampardos, L50, M|\n|poke|p1|Espathra, L50, M|\n|poke|p1|Sinistcha, L50|\n|poke|p1|Aegislash, L50, M|\n|poke|p2|Feraligatr, L50, M|\n|poke|p2|Floette-Eternal, L50, F|\n|poke|p2|Sneasler, L50, M|\n|poke|p2|Sinistcha, L50|\n|poke|p2|Sableye, L50, F|\n|poke|p2|Whimsicott, L50, M|\n|teampreview|4\n|inactive|Battle timer is ON: inactive players will automatically lose when time's up. (requested by Ianc123)\n|inactive|astova has 60 seconds left.\n|\n|t:|1776400836\n|teamsize|p1|4\n|teamsize|p2|4\n|start\n|switch|p1a: Espathra|Espathra, L50, M, shiny|100/100\n|switch|p1b: Rampardos|Rampardos, L50, M|100/100\n|switch|p2a: Sneasler|Sneasler, L50, M|100/100\n|switch|p2b: Whimsicott|Whimsicott, L50, M|100/100\n|turn|1\n|\n|t:|1776400854\n|move|p2b: Whimsicott|Tailwind|p2b: Whimsicott\n|-sidestart|p2: astova|move: Tailwind\n|move|p2a: Sneasler|Throat Chop|p1a: Espathra\n|-supereffective|p1a: Espathra|1\n|-damage|p1a: Espathra|21/100\n|-start|p1a: Espathra|Throat Chop|[silent]\n|move|p1a: Espathra|Calm Mind|p1a: Espathra\n|-boost|p1a: Espathra|spa|1\n|-boost|p1a: Espathra|spd|1\n|move|p1b: Rampardos|Head Smash|p2b: Whimsicott\n|-enditem|p2b: Whimsicott|Focus Sash\n|-damage|p2b: Whimsicott|1/100\n|-damage|p1b: Rampardos|60/100|[from] Recoil\n|\n|-heal|p1a: Espathra|27/100|[from] item: Leftovers\n|-ability|p1a: Espathra|Speed Boost|boost\n|-boost|p1a: Espathra|spe|1\n|upkeep\n|turn|2\n|inactive|Ianc123 has 30 seconds left.\n|inactive|astova has 30 seconds left.\n|\n|t:|1776400885\n|move|p1a: Espathra|Protect|p1a: Espathra\n|-singleturn|p1a: Espathra|Protect\n|move|p2a: Sneasler|Throat Chop|p1a: Espathra\n|-activate|p1a: Espathra|move: Protect\n|move|p2b: Whimsicott|Moonblast|p1b: Rampardos\n|-damage|p1b: Rampardos|11/100\n|move|p1b: Rampardos|Supercell Slam|p2a: Sneasler\n|-damage|p2a: Sneasler|30/100\n|\n|-heal|p1a: Espathra|33/100|[from] item: Leftovers\n|-end|p1a: Espathra|Throat Chop|[silent]\n|-ability|p1a: Espathra|Speed Boost|boost\n|-boost|p1a: Espathra|spe|1\n|upkeep\n|turn|3\n|inactive|astova has 30 seconds left.\n|inactive|astova has 20 seconds left.\n|\n|t:|1776400923\n|move|p1a: Espathra|Protect||[still]\n|-fail|p1a: Espathra\n|move|p2b: Whimsicott|Encore|p1a: Espathra\n|-start|p1a: Espathra|Encore\n|move|p2a: Sneasler|Close Combat|p1b: Rampardos\n|-supereffective|p1b: Rampardos|1\n|-damage|p1b: Rampardos|0 fnt\n|-unboost|p2a: Sneasler|def|1\n|-unboost|p2a: Sneasler|spd|1\n|faint|p1b: Rampardos\n|\n|-heal|p1a: Espathra|39/100|[from] item: Leftovers\n|-ability|p1a: Espathra|Speed Boost|boost\n|-boost|p1a: Espathra|spe|1\n|upkeep\n|\n|t:|1776400937\n|switch|p1b: Sinistcha|Sinistcha, L50|100/100\n|-heal|p1a: Espathra|64/100|[from] ability: Hospitality|[of] p1b: Sinistcha\n|turn|4\n|\n|t:|1776400952\n|move|p1a: Espathra|Protect|p1a: Espathra\n|-singleturn|p1a: Espathra|Protect\n|move|p1b: Sinistcha|Protect|p1b: Sinistcha\n|-singleturn|p1b: Sinistcha|Protect\n|move|p2a: Sneasler|Dire Claw|p1a: Espathra\n|-activate|p1a: Espathra|move: Protect\n|move|p2b: Whimsicott|Moonblast|p1b: Sinistcha\n|-activate|p1b: Sinistcha|move: Protect\n|\n|-heal|p1a: Espathra|70/100|[from] item: Leftovers\n|-sideend|p2: astova|move: Tailwind\n|-ability|p1a: Espathra|Speed Boost|boost\n|-boost|p1a: Espathra|spe|1\n|upkeep\n|turn|5\n|\n|t:|1776400971\n|move|p1a: Espathra|Protect||[still]\n|-fail|p1a: Espathra\n|move|p2b: Whimsicott|Encore|p1b: Sinistcha\n|-start|p1b: Sinistcha|Encore\n|-activate|p1b: Sinistcha|item: Quick Claw\n|move|p1b: Sinistcha|Protect||[still]\n|-fail|p1b: Sinistcha\n|move|p2a: Sneasler|Dire Claw|p1a: Espathra\n|-damage|p1a: Espathra|16/100\n|-status|p1a: Espathra|psn|[from] ability: Poison Touch|[of] p2a: Sneasler\n|\n|-heal|p1a: Espathra|22/100 psn|[from] item: Leftovers\n|-damage|p1a: Espathra|10/100 psn|[from] psn\n|-ability|p1a: Espathra|Speed Boost|boost\n|-boost|p1a: Espathra|spe|1\n|upkeep\n|turn|6\n|inactive|astova has 30 seconds left.\n|inactive|astova has 20 seconds left.\n|inactive|astova has 15 seconds left.\n|\n|t:|1776401014\n|move|p1a: Espathra|Protect|p1a: Espathra\n|-singleturn|p1a: Espathra|Protect\n|move|p1b: Sinistcha|Protect|p1b: Sinistcha\n|-singleturn|p1b: Sinistcha|Protect\n|move|p2b: Whimsicott|Tailwind|p2b: Whimsicott\n|-sidestart|p2: astova|move: Tailwind\n|move|p2a: Sneasler|Dire Claw|p1b: Sinistcha\n|-activate|p1b: Sinistcha|move: Protect\n|\n|-heal|p1a: Espathra|16/100 psn|[from] item: Leftovers\n|-damage|p1a: Espathra|3/100 psn|[from] psn\n|-end|p1a: Espathra|Encore\n|-ability|p1a: Espathra|Speed Boost|boost\n|-boost|p1a: Espathra|spe|1\n|upkeep\n|turn|7\n|\n|t:|1776401035\n|move|p1b: Sinistcha|Protect||[still]\n|-fail|p1b: Sinistcha\n|move|p2b: Whimsicott|Encore|p1a: Espathra\n|-start|p1a: Espathra|Encore\n|move|p1a: Espathra|Protect||[still]\n|-fail|p1a: Espathra\n|move|p2a: Sneasler|Dire Claw|p1b: Sinistcha\n|-damage|p1b: Sinistcha|53/100\n|-status|p1b: Sinistcha|psn|[from] ability: Poison Touch|[of] p2a: Sneasler\n|\n|-heal|p1a: Espathra|9/100 psn|[from] item: Leftovers\n|-damage|p1a: Espathra|0 fnt|[from] psn\n|faint|p1a: Espathra\n|-damage|p1b: Sinistcha|40/100 psn|[from] psn\n|-end|p1b: Sinistcha|Encore\n|upkeep\n|\n|t:|1776401042\n|switch|p1a: Floette|Floette-Eternal, L50, F|100/100\n|turn|8\n|inactive|astova has 30 seconds left.\n|\n|t:|1776401069\n|detailschange|p1a: Floette|Floette-Mega, L50, F\n|-mega|p1a: Floette|Floette|Floettite\n|-ability|p1a: Floette|Fairy Aura\n|move|p2b: Whimsicott|Encore|p1b: Sinistcha\n|-start|p1b: Sinistcha|Encore\n|move|p1b: Sinistcha|Protect|p1b: Sinistcha\n|-singleturn|p1b: Sinistcha|Protect\n|move|p2a: Sneasler|Dire Claw|p1a: Floette\n|-supereffective|p1a: Floette|1\n|-damage|p1a: Floette|9/100\n|move|p1a: Floette|Dazzling Gleam|p2a: Sneasler|[spread] p2a,p2b\n|-damage|p2a: Sneasler|0 fnt\n|-damage|p2b: Whimsicott|0 fnt\n|faint|p2a: Sneasler\n|faint|p2b: Whimsicott\n|\n|-damage|p1b: Sinistcha|28/100 psn|[from] psn\n|upkeep\n|\n|t:|1776401081\n|switch|p2a: Sinistcha|Sinistcha, L50|100/100\n|switch|p2b: Feraligatr|Feraligatr, L50, M|100/100\n|turn|9\n|\n|t:|1776401096\n|detailschange|p2b: Feraligatr|Feraligatr-Mega, L50, M\n|-mega|p2b: Feraligatr|Feraligatr|Feraligite\n|move|p1b: Sinistcha|Protect||[still]\n|-fail|p1b: Sinistcha\n|move|p2b: Feraligatr|Aqua Jet|p1a: Floette\n|-damage|p1a: Floette|0 fnt\n|faint|p1a: Floette\n|move|p2a: Sinistcha|Matcha Gotcha|p1b: Sinistcha\n|-resisted|p1b: Sinistcha|1\n|-damage|p1b: Sinistcha|9/100 psn\n|\n|-damage|p1b: Sinistcha|0 fnt|[from] psn\n|faint|p1b: Sinistcha\n|\n|win|astova\n|raw|Ianc123's rating: 1074 &rarr; <strong>1053</strong><br />(-21 for losing)\n|raw|astova's rating: 1075 &rarr; <strong>1104</strong><br />(+29 for winning)\n|l|\u2606Ianc123\n|player|p1|\n",
  "uploadtime": 1776401110,
  "views": 34,
  "formatid": "gen9championsvgc2026regma",
  "rating": 1053,
  "private": 0,
  "password": null
}