{
  "id": "gen9championsvgc2026regma-2587113890",
  "format": "[Gen 9 Champions] VGC 2026 Reg M-A",
  "players": [
    "DivergenceVGC",
    "John Don Fortnite"
  ],
  "log": "|j|\u2606DivergenceVGC\n|j|\u2606John Don Fortnite\n|t:|1776495338\n|gametype|doubles\n|player|p1|DivergenceVGC|1|1358\n|player|p2|John Don Fortnite|n|1396\n|gen|9\n|tier|[Gen 9 Champions] VGC 2026 Reg M-A\n|rated|\n|rule|Species Clause: Limit one of each Pok\u00e9mon\n|rule|Item Clause: Limit 1 of each item\n|clearpoke\n|poke|p1|Charizard, L50, F|\n|poke|p1|Sneasler, L50, M|\n|poke|p1|Rotom-Wash, L50|\n|poke|p1|Garchomp, L50, M|\n|poke|p1|Incineroar, L50, F|\n|poke|p1|Farigiraf, L50, M|\n|poke|p2|Kangaskhan, L50, F|\n|poke|p2|Aerodactyl, L50, M|\n|poke|p2|Basculegion, L50, M|\n|poke|p2|Armarouge, L50, M|\n|poke|p2|Sneasler, L50, M|\n|poke|p2|Archaludon, L50, F|\n|teampreview|4\n|inactive|Battle timer is ON: inactive players will automatically lose when time's up. (requested by DivergenceVGC)\n|\n|t:|1776495366\n|teamsize|p1|4\n|teamsize|p2|4\n|start\n|switch|p1a: Farigiraf|Farigiraf, L50, M|100/100\n|switch|p1b: Incineroar|Incineroar, L50, F|100/100\n|switch|p2a: Jesse|Kangaskhan, L50, F|100/100\n|switch|p2b: Aerodactyl|Aerodactyl, L50, M|100/100\n|-ability|p2b: Aerodactyl|Unnerve\n|-ability|p1b: Incineroar|Intimidate|boost\n|-fail|p2a: Jesse|unboost|Attack|[from] ability: Scrappy|[of] p2a: Jesse\n|-unboost|p2b: Aerodactyl|atk|1\n|turn|1\n|\n|t:|1776495379\n|detailschange|p2a: Jesse|Kangaskhan-Mega, L50, F\n|-mega|p2a: Jesse|Kangaskhan|Kangaskhanite\n|move|p1b: Incineroar|Fake Out|p2b: Aerodactyl\n|-resisted|p2b: Aerodactyl|1\n|-damage|p2b: Aerodactyl|92/100\n|cant|p2b: Aerodactyl|flinch\n|move|p2a: Jesse|Bite|p1a: Farigiraf\n|-supereffective|p1a: Farigiraf|1\n|-damage|p1a: Farigiraf|73/100\n|-supereffective|p1a: Farigiraf|1\n|-damage|p1a: Farigiraf|67/100\n|-hitcount|p1a: Farigiraf|2\n|move|p1a: Farigiraf|Trick Room|p1a: Farigiraf\n|-fieldstart|move: Trick Room|[of] p1a: Farigiraf\n|\n|-heal|p1a: Farigiraf|73/100|[from] item: Leftovers\n|upkeep\n|turn|2\n|\n|t:|1776495399\n|move|p2b: Aerodactyl|Protect|p2b: Aerodactyl\n|-singleturn|p2b: Aerodactyl|Protect\n|move|p1a: Farigiraf|Nasty Plot|p1a: Farigiraf\n|-boost|p1a: Farigiraf|spa|2\n|move|p1b: Incineroar|Parting Shot|p2a: Jesse\n|-unboost|p2a: Jesse|atk|1\n|-unboost|p2a: Jesse|spa|1\n|\n|t:|1776495409\n|switch|p1b: Rotom|Rotom-Wash, L50|100/100|[from] Parting Shot\n|move|p2a: Jesse|Body Slam|p1b: Rotom\n|-damage|p1b: Rotom|74/100\n|-damage|p1b: Rotom|67/100\n|-hitcount|p1b: Rotom|2\n|\n|-heal|p1a: Farigiraf|79/100|[from] item: Leftovers\n|upkeep\n|turn|3\n|\n|t:|1776495424\n|switch|p2b: Armarouge|Armarouge, L50, M|100/100\n|move|p1a: Farigiraf|Hyper Voice|p2b: Armarouge|[spread] p2a,p2b\n|-damage|p2a: Jesse|52/100\n|-damage|p2b: Armarouge|50/100\n|move|p1b: Rotom|Volt Switch|p2b: Armarouge\n|-damage|p2b: Armarouge|12/100\n|\n|t:|1776495432\n|switch|p1b: Incineroar|Incineroar, L50, F|100/100|[from] Volt Switch\n|-ability|p1b: Incineroar|Intimidate|boost\n|-unboost|p2a: Jesse|atk|1\n|-unboost|p2b: Armarouge|atk|1\n|move|p2a: Jesse|Body Slam|p1a: Farigiraf\n|-damage|p1a: Farigiraf|64/100\n|-damage|p1a: Farigiraf|61/100\n|-hitcount|p1a: Farigiraf|2\n|\n|-heal|p1a: Farigiraf|67/100|[from] item: Leftovers\n|upkeep\n|turn|4\n|\n|t:|1776495451\n|move|p2b: Armarouge|Protect|p2b: Armarouge\n|-singleturn|p2b: Armarouge|Protect\n|move|p1b: Incineroar|Fake Out|p2a: Jesse\n|-damage|p2a: Jesse|41/100\n|move|p1a: Farigiraf|Hyper Voice|p2a: Jesse|[spread] p2a\n|-activate|p2b: Armarouge|move: Protect\n|-damage|p2a: Jesse|0 fnt\n|faint|p2a: Jesse\n|\n|-heal|p1a: Farigiraf|74/100|[from] item: Leftovers\n|upkeep\n|\n|t:|1776495453\n|switch|p2a: Aerodactyl|Aerodactyl, L50, M|92/100\n|-ability|p2a: Aerodactyl|Unnerve\n|turn|5\n|\n|t:|1776495465\n|switch|p1b: Rotom|Rotom-Wash, L50|67/100\n|move|p2b: Armarouge|Wide Guard|p2b: Armarouge\n|-singleturn|p2b: Armarouge|Wide Guard\n|move|p1a: Farigiraf|Hyper Voice|p2a: Aerodactyl|[spread] \n|-activate|p2a: Aerodactyl|move: Wide Guard\n|-activate|p2b: Armarouge|move: Wide Guard\n|move|p2a: Aerodactyl|Rock Slide|p1b: Rotom|[spread] p1b\n|-miss|p2a: Aerodactyl|p1a: Farigiraf\n|-damage|p1b: Rotom|42/100\n|\n|-heal|p1a: Farigiraf|80/100|[from] item: Leftovers\n|-fieldend|move: Trick Room\n|upkeep\n|turn|6\n|\n|t:|1776495487\n|move|p2a: Aerodactyl|Rock Slide|p1b: Rotom|[spread] p1a,p1b\n|-damage|p1a: Farigiraf|61/100\n|-damage|p1b: Rotom|15/100\n|cant|p1b: Rotom|flinch\n|move|p2b: Armarouge|Heat Wave|p1a: Farigiraf|[spread] p1a,p1b\n|-resisted|p1b: Rotom|1\n|-damage|p1a: Farigiraf|19/100\n|-damage|p1b: Rotom|0 fnt\n|faint|p1b: Rotom\n|cant|p1a: Farigiraf|flinch\n|\n|-heal|p1a: Farigiraf|25/100|[from] item: Leftovers\n|upkeep\n|\n|t:|1776495499\n|switch|p1b: Incineroar|Incineroar, L50, F|100/100\n|-ability|p1b: Incineroar|Intimidate|boost\n|-unboost|p2a: Aerodactyl|atk|1\n|-unboost|p2b: Armarouge|atk|1\n|turn|7\n|\n|t:|1776495511\n|move|p1b: Incineroar|Fake Out|p2b: Armarouge\n|-damage|p2b: Armarouge|3/100\n|move|p2a: Aerodactyl|Dual Wingbeat|p1a: Farigiraf\n|-crit|p1a: Farigiraf\n|-damage|p1a: Farigiraf|2/100\n|-damage|p1a: Farigiraf|0 fnt\n|faint|p1a: Farigiraf\n|-hitcount|p1: Farigiraf|2\n|cant|p2b: Armarouge|flinch\n|\n|upkeep\n|\n|t:|1776495522\n|switch|p1a: Charizard|Charizard, L50, F|100/100\n|turn|8\n|\n|t:|1776495530\n|move|p1a: Charizard|Protect|p1a: Charizard\n|-singleturn|p1a: Charizard|Protect\n|move|p2a: Aerodactyl|Rock Slide|p1a: Charizard|[spread] p1b\n|-activate|p1a: Charizard|move: Protect\n|-supereffective|p1b: Incineroar|1\n|-damage|p1b: Incineroar|77/100\n|move|p2b: Armarouge|Heat Wave|p1b: Incineroar|[spread] p1b\n|-activate|p1a: Charizard|move: Protect\n|-resisted|p1b: Incineroar|1\n|-damage|p1b: Incineroar|54/100\n|move|p1b: Incineroar|Snarl|p2a: Aerodactyl|[spread] p2a,p2b\n|-supereffective|p2b: Armarouge|1\n|-damage|p2a: Aerodactyl|77/100\n|-damage|p2b: Armarouge|0 fnt\n|-unboost|p2a: Aerodactyl|spa|1\n|faint|p2b: Armarouge\n|\n|upkeep\n|\n|t:|1776495532\n|switch|p2b: Archaludon|Archaludon, L50, F|100/100\n|turn|9\n|\n|t:|1776495548\n|detailschange|p1a: Charizard|Charizard-Mega-Y, L50, F\n|-mega|p1a: Charizard|Charizard|Charizardite Y\n|-weather|SunnyDay|[from] ability: Drought|[of] p1a: Charizard\n|move|p2b: Archaludon|Draco Meteor|p1b: Incineroar\n|-damage|p1b: Incineroar|0 fnt\n|-unboost|p2b: Archaludon|spa|2\n|faint|p1b: Incineroar\n|move|p2a: Aerodactyl|Rock Slide|p1a: Charizard\n|-supereffective|p1a: Charizard|2\n|-damage|p1a: Charizard|0 fnt\n|faint|p1a: Charizard\n|\n|win|John Don Fortnite\n|raw|DivergenceVGC's rating: 1358 &rarr; <strong>1340</strong><br />(-18 for losing)\n|raw|John Don Fortnite's rating: 1396 &rarr; <strong>1414</strong><br />(+18 for winning)\n|l|\u2606John Don Fortnite\n|player|p2|\n|l|\u2606DivergenceVGC\n|player|p1|\n|j|\u2606John Don Fortnite\n|player|p2|John Don Fortnite|n|\n",
  "uploadtime": 1776495837,
  "views": 41,
  "formatid": "gen9championsvgc2026regma",
  "rating": 1340,
  "private": 0,
  "password": null
}