{
  "id": "gen9championsvgc2026regma-2583903718",
  "format": "[Gen 9 Champions] VGC 2026 Reg M-A",
  "players": [
    "ayetea",
    "Shortslover69"
  ],
  "log": "|j|\u2606ayetea\n|j|\u2606Shortslover69\n|t:|1776206955\n|gametype|doubles\n|player|p1|ayetea|harlequin|1073\n|player|p2|Shortslover69|youngster-gen4dp|1154\n|gen|9\n|tier|[Gen 9 Champions] VGC 2026 Reg M-A\n|rated|\n|rule|Species Clause: Limit one of each Pok\u00e9mon\n|rule|Item Clause: Limit 1 of each item\n|clearpoke\n|poke|p1|Greninja-*, L50, M|\n|poke|p1|Farigiraf, L50, F|\n|poke|p1|Volcarona, L50, M|\n|poke|p1|Kommo-o, L50, F|\n|poke|p1|Sneasler, L50, M|\n|poke|p1|Tinkaton, L50, F|\n|poke|p2|Alakazam, L50, M|\n|poke|p2|Dragapult, L50, M|\n|poke|p2|Zoroark-Hisui, L50, F|\n|poke|p2|Typhlosion-Hisui, L50, F|\n|poke|p2|Aerodactyl, L50, F|\n|poke|p2|Excadrill, L50, F|\n|teampreview|4\n|inactive|Battle timer is ON: inactive players will automatically lose when time's up. (requested by Shortslover69)\n|inactive|ayetea has 60 seconds left.\n|inactive|Shortslover69 has 60 seconds left.\n|\n|t:|1776207002\n|teamsize|p1|4\n|teamsize|p2|4\n|start\n|switch|p1a: Farigiraf|Farigiraf, L50, F|100/100\n|switch|p1b: Greninja|Greninja, L50, M|100/100\n|switch|p2a: Alakazam|Alakazam, L50, M|100/100\n|switch|p2b: Aerodactyl|Aerodactyl, L50, F|100/100\n|-ability|p2b: Aerodactyl|Unnerve\n|turn|1\n|inactive|ayetea has 30 seconds left.\n|inactive|Shortslover69 has 30 seconds left.\n|inactive|ayetea has 20 seconds left.\n|\n|t:|1776207038\n|detailschange|p1b: Greninja|Greninja-Mega, L50, M\n|-mega|p1b: Greninja|Greninja|Greninjite\n|detailschange|p2a: Alakazam|Alakazam-Mega, L50, M\n|-mega|p2a: Alakazam|Alakazam|Alakazite\n|-ability|p2a: Alakazam|Protean|Trace|[from] ability: Trace|[of] p1b: Greninja\n|move|p2a: Alakazam|Protect|p2a: Alakazam\n|-start|p2a: Alakazam|typechange|Normal|[from] ability: Protean\n|-singleturn|p2a: Alakazam|Protect\n|move|p2b: Aerodactyl|Dual Wingbeat|p1b: Greninja\n|-damage|p1b: Greninja|74/100\n|-damage|p1b: Greninja|45/100\n|-hitcount|p1b: Greninja|2\n|move|p1b: Greninja|Night Slash|p2a: Alakazam\n|-start|p1b: Greninja|typechange|Dark|[from] ability: Protean\n|-activate|p2a: Alakazam|move: Protect\n|move|p1a: Farigiraf|Trick Room|p1a: Farigiraf\n|-fieldstart|move: Trick Room|[of] p1a: Farigiraf\n|\n|upkeep\n|turn|2\n|inactive|ayetea has 30 seconds left.\n|inactive|Shortslover69 has 30 seconds left.\n|inactive|ayetea has 20 seconds left.\n|inactive|ayetea has 15 seconds left.\n|\n|t:|1776207080\n|switch|p2a: Excadrill|Excadrill, L50, F|100/100\n|-ability|p2a: Excadrill|Mold Breaker\n|move|p1a: Farigiraf|Psychic|p2b: Aerodactyl\n|-damage|p2b: Aerodactyl|51/100\n|move|p1b: Greninja|Flip Turn|p2b: Aerodactyl\n|-supereffective|p2b: Aerodactyl|1\n|-damage|p2b: Aerodactyl|0 fnt\n|faint|p2b: Aerodactyl\n|\n|t:|1776207099\n|switch|p1b: Volcarona|Volcarona, L50, M|100/100|[from] Flip Turn\n|\n|upkeep\n|inactive|Shortslover69 has 30 seconds left.\n|inactive|Shortslover69 has 20 seconds left.\n|inactive|Shortslover69 has 15 seconds left.\n|inactive|Shortslover69 has 10 seconds left.\n|\n|t:|1776207149\n|switch|p2b: Typhlosion|Typhlosion-Hisui, L50, F|100/100\n|turn|3\n|inactive|ayetea has 30 seconds left.\n|\n|t:|1776207175\n|move|p1a: Farigiraf|Protect|p1a: Farigiraf\n|-singleturn|p1a: Farigiraf|Protect\n|move|p2a: Excadrill|Protect|p2a: Excadrill\n|-singleturn|p2a: Excadrill|Protect\n|move|p1b: Volcarona|Heat Wave|p2a: Excadrill|[spread] p2b\n|-activate|p2a: Excadrill|move: Protect\n|-resisted|p2b: Typhlosion|1\n|-damage|p2b: Typhlosion|72/100\n|move|p2b: Typhlosion|Heat Wave|p1a: Farigiraf|[spread] p1b\n|-activate|p1a: Farigiraf|move: Protect\n|-damage|p1b: Volcarona|68/100\n|\n|upkeep\n|turn|4\n|inactive|ayetea has 30 seconds left.\n|\n|t:|1776207207\n|move|p2b: Typhlosion|Protect|p2b: Typhlosion\n|-singleturn|p2b: Typhlosion|Protect\n|move|p1a: Farigiraf|Psychic|p2a: Excadrill\n|-resisted|p2a: Excadrill|1\n|-damage|p2a: Excadrill|79/100\n|move|p1b: Volcarona|Heat Wave|p2b: Typhlosion|[spread] p2a\n|-activate|p2b: Typhlosion|move: Protect\n|-supereffective|p2a: Excadrill|1\n|-damage|p2a: Excadrill|0 fnt\n|faint|p2a: Excadrill\n|\n|upkeep\n|\n|t:|1776207216\n|switch|p2a: Alakazam|Alakazam-Mega, L50, M|100/100\n|-ability|p2a: Alakazam|Flame Body|Trace|[from] ability: Trace|[of] p1b: Volcarona\n|turn|5\n|inactive|ayetea has 30 seconds left.\n|inactive|Shortslover69 has 30 seconds left.\n|\n|t:|1776207251\n|move|p1a: Farigiraf|Psychic|p2b: Typhlosion\n|-damage|p2b: Typhlosion|24/100\n|move|p1b: Volcarona|Quiver Dance|p1b: Volcarona\n|-boost|p1b: Volcarona|spa|1\n|-boost|p1b: Volcarona|spd|1\n|-boost|p1b: Volcarona|spe|1\n|move|p2b: Typhlosion|Heat Wave|p1a: Farigiraf|[spread] p1a,p1b\n|-damage|p1a: Farigiraf|41/100\n|-damage|p1b: Volcarona|37/100\n|move|p2a: Alakazam|Psychic|p1b: Volcarona\n|-damage|p1b: Volcarona|9/100\n|\n|-heal|p1a: Farigiraf|47/100|[from] item: Leftovers\n|-fieldend|move: Trick Room\n|upkeep\n|turn|6\n|inactive|ayetea has 30 seconds left.\n|inactive|Shortslover69 has 30 seconds left.\n|\n|t:|1776207280\n|move|p2a: Alakazam|Encore|p1b: Volcarona\n|-start|p1b: Volcarona|Encore\n|move|p1b: Volcarona|Quiver Dance|p1b: Volcarona\n|-boost|p1b: Volcarona|spa|1\n|-boost|p1b: Volcarona|spd|1\n|-boost|p1b: Volcarona|spe|1\n|move|p2b: Typhlosion|Heat Wave|p1b: Volcarona|[spread] p1a,p1b\n|-damage|p1a: Farigiraf|0 fnt\n|-damage|p1b: Volcarona|0 fnt\n|faint|p1a: Farigiraf\n|faint|p1b: Volcarona\n|\n|upkeep\n|\n|t:|1776207297\n|switch|p1b: Sneasler|Sneasler, L50, M|100/100\n|switch|p1a: Greninja|Greninja-Mega, L50, M|45/100\n|turn|7\n|inactive|ayetea has 30 seconds left.\n|inactive|ayetea has 20 seconds left.\n|\n|t:|1776207332\n|move|p2a: Alakazam|Protect|p2a: Alakazam\n|-singleturn|p2a: Alakazam|Protect\n|move|p2b: Typhlosion|Protect|p2b: Typhlosion\n|-singleturn|p2b: Typhlosion|Protect\n|move|p1b: Sneasler|Fake Out|p2a: Alakazam\n|-activate|p2a: Alakazam|move: Protect\n|move|p1a: Greninja|Night Slash|p2a: Alakazam\n|-start|p1a: Greninja|typechange|Dark|[from] ability: Protean\n|-activate|p2a: Alakazam|move: Protect\n|\n|upkeep\n|turn|8\n|inactive|ayetea has 30 seconds left.\n|inactive|Shortslover69 has 30 seconds left.\n|inactive|ayetea has 20 seconds left.\n|\n|t:|1776207368\n|move|p2a: Alakazam|Encore|p1b: Sneasler\n|-start|p1b: Sneasler|Encore\n|move|p1b: Sneasler|Fake Out||[still]\n|-hint|Fake Out only works on your first turn out.\n|-fail|p1b: Sneasler\n|move|p1a: Greninja|Night Slash|p2a: Alakazam\n|-supereffective|p2a: Alakazam|1\n|-damage|p2a: Alakazam|9/100\n|move|p2b: Typhlosion|Heat Wave|p1b: Sneasler|[spread] p1a,p1b\n|-damage|p1a: Greninja|0 fnt\n|-damage|p1b: Sneasler|13/100\n|faint|p1a: Greninja\n|\n|upkeep\n|turn|9\n|inactive|Shortslover69 has 30 seconds left.\n|inactive|ayetea has 30 seconds left.\n|inactive|ayetea has 20 seconds left.\n|inactive|ayetea has 15 seconds left.\n|inactive|ayetea has 10 seconds left.\n|inactive|ayetea has 5 seconds left.\n|\n|t:|1776207433\n|move|p2a: Alakazam|Psychic|p1b: Sneasler\n|-supereffective|p1b: Sneasler|2\n|-damage|p1b: Sneasler|0 fnt\n|faint|p1b: Sneasler\n|\n|win|Shortslover69\n|raw|ayetea's rating: 1073 &rarr; <strong>1057</strong><br />(-16 for losing)\n|raw|Shortslover69's rating: 1154 &rarr; <strong>1173</strong><br />(+19 for winning)\n",
  "uploadtime": 1776207439,
  "views": 28,
  "formatid": "gen9championsvgc2026regma",
  "rating": 1057,
  "private": 0,
  "password": null
}