{
  "id": "gen9championsvgc2026regma-2580390101",
  "format": "[Gen 9 Champions] VGC 2026 Reg M-A",
  "players": [
    "Mega Blaziken fan",
    "ssrmyt"
  ],
  "log": "|j|\u2606Mega Blaziken fan\n|j|\u2606ssrmyt\n|t:|1775889321\n|gametype|doubles\n|player|p1|Mega Blaziken fan|lucas|1109\n|player|p2|ssrmyt|169|1156\n|gen|9\n|tier|[Gen 9 Champions] VGC 2026 Reg M-A\n|rated|\n|rule|Species Clause: Limit one of each Pok\u00e9mon\n|rule|Item Clause: Limit 1 of each item\n|clearpoke\n|poke|p1|Typhlosion-Hisui, L50, F|\n|poke|p1|Charizard, L50, M|\n|poke|p1|Venusaur, L50, F|\n|poke|p1|Garchomp, L50, M|\n|poke|p1|Rotom-Heat, L50|\n|poke|p1|Sneasler, L50, F|\n|poke|p2|Delphox, L50, F|\n|poke|p2|Primarina, L50, M|\n|poke|p2|Orthworm, L50, F|\n|poke|p2|Glimmora, L50, F|\n|poke|p2|Incineroar, L50, F|\n|poke|p2|Liepard, L50, F|\n|teampreview|4\n|\n|t:|1775889351\n|teamsize|p1|4\n|teamsize|p2|4\n|start\n|switch|p1a: Sneasler|Sneasler, L50, F|100/100\n|switch|p1b: Rotom|Rotom-Heat, L50|100/100\n|switch|p2a: Liepard|Liepard, L50, F|100/100\n|switch|p2b: Delphox|Delphox, L50, F|100/100\n|turn|1\n|\n|t:|1775889387\n|detailschange|p2b: Delphox|Delphox-Mega, L50, F\n|-mega|p2b: Delphox|Delphox|Delphoxite\n|move|p1a: Sneasler|Fake Out|p2b: Delphox\n|-damage|p2b: Delphox|75/100\n|move|p2a: Liepard|Fake Out|p1b: Rotom\n|-damage|p1b: Rotom|89/100\n|cant|p2b: Delphox|flinch\n|cant|p1b: Rotom|flinch\n|\n|upkeep\n|turn|2\n|inactive|Battle timer is ON: inactive players will automatically lose when time's up. (requested by Mega Blaziken fan)\n|\n|t:|1775889418\n|move|p2a: Liepard|Fake Tears|p1a: Sneasler\n|-unboost|p1a: Sneasler|spd|2\n|-enditem|p1a: Sneasler|White Herb\n|-clearnegativeboost|p1a: Sneasler|[silent]\n|move|p1a: Sneasler|Close Combat|p2a: Liepard\n|-supereffective|p2a: Liepard|1\n|-crit|p2a: Liepard\n|-enditem|p2a: Liepard|Focus Sash\n|-damage|p2a: Liepard|1/100\n|-unboost|p1a: Sneasler|def|1\n|-unboost|p1a: Sneasler|spd|1\n|move|p2b: Delphox|Psychic|p1a: Sneasler\n|-supereffective|p1a: Sneasler|2\n|-damage|p1a: Sneasler|0 fnt\n|faint|p1a: Sneasler\n|move|p1b: Rotom|Discharge|p2a: Liepard|[spread] p2a,p2b\n|-damage|p2a: Liepard|0 fnt\n|-damage|p2b: Delphox|47/100\n|faint|p2a: Liepard\n|\n|upkeep\n|\n|t:|1775889431\n|switch|p1a: Typhlosion|Typhlosion-Hisui, L50, F|100/100\n|switch|p2a: Primarina|Primarina, L50, M|100/100\n|turn|3\n|\n|t:|1775889456\n|move|p2b: Delphox|Protect|p2b: Delphox\n|-singleturn|p2b: Delphox|Protect\n|move|p2a: Primarina|Protect|p2a: Primarina\n|-singleturn|p2a: Primarina|Protect\n|move|p1a: Typhlosion|Shadow Ball|p2b: Delphox\n|-activate|p2b: Delphox|move: Protect\n|move|p1b: Rotom|Volt Switch|p2a: Primarina\n|-activate|p2a: Primarina|move: Protect\n|\n|upkeep\n|turn|4\n|inactive|ssrmyt has 30 seconds left.\n|inactive|ssrmyt has 20 seconds left.\n|\n|t:|1775889493\n|switch|p2b: Orthworm|Orthworm, L50, F|100/100\n|move|p1a: Typhlosion|Shadow Ball|p2b: Orthworm\n|-damage|p2b: Orthworm|59/100\n|move|p1b: Rotom|Discharge|p2b: Orthworm|[spread] p1a,p2a,p2b\n|-supereffective|p2a: Primarina|1\n|-damage|p1a: Typhlosion|62/100\n|-damage|p2a: Primarina|51/100\n|-damage|p2b: Orthworm|30/100\n|-status|p1a: Typhlosion|par\n|-status|p2b: Orthworm|par\n|-enditem|p2b: Orthworm|Sitrus Berry|[eat]\n|-heal|p2b: Orthworm|55/100 par|[from] item: Sitrus Berry\n|move|p2a: Primarina|Hyper Voice|p1b: Rotom|[spread] p1a,p1b\n|-supereffective|p1a: Typhlosion|1\n|-supereffective|p1b: Rotom|1\n|-enditem|p1b: Rotom|Passho Berry|[eat]\n|-enditem|p1b: Rotom|Passho Berry|[weaken]\n|-damage|p1a: Typhlosion|0 fnt\n|-damage|p1b: Rotom|37/100\n|faint|p1a: Typhlosion\n|\n|-heal|p2a: Primarina|57/100|[from] item: Leftovers\n|upkeep\n|\n|t:|1775889507\n|switch|p1a: Charizard|Charizard, L50, M|100/100\n|turn|5\n|\n|t:|1775889531\n|detailschange|p1a: Charizard|Charizard-Mega-Y, L50, M\n|-mega|p1a: Charizard|Charizard|Charizardite Y\n|-weather|SunnyDay|[from] ability: Drought|[of] p1a: Charizard\n|move|p1a: Charizard|Heat Wave|p2a: Primarina|[spread] p2a,p2b\n|-resisted|p2a: Primarina|1\n|-supereffective|p2b: Orthworm|1\n|-damage|p2a: Primarina|33/100\n|-damage|p2b: Orthworm|0 fnt\n|faint|p2b: Orthworm\n|move|p1b: Rotom|Discharge|p2a: Primarina|[spread] p1a,p2a\n|-supereffective|p1a: Charizard|1\n|-supereffective|p2a: Primarina|1\n|-damage|p1a: Charizard|49/100\n|-damage|p2a: Primarina|0 fnt\n|faint|p2a: Primarina\n|\n|-weather|SunnyDay|[upkeep]\n|upkeep\n|-message|ssrmyt forfeited.\n|\n|win|Mega Blaziken fan\n|raw|Mega Blaziken fan's rating: 1109 &rarr; <strong>1137</strong><br />(+28 for winning)\n|raw|ssrmyt's rating: 1156 &rarr; <strong>1128</strong><br />(-28 for losing)\n|l|\u2606ssrmyt\n|player|p2|\n",
  "uploadtime": 1775889543,
  "views": 19,
  "formatid": "gen9championsvgc2026regma",
  "rating": 1128,
  "private": 0,
  "password": null
}