{
  "id": "gen9championsvgc2026regma-2588324421",
  "format": "[Gen 9 Champions] VGC 2026 Reg M-A",
  "players": [
    "DavidTIS",
    "Elnegris22"
  ],
  "log": "|j|\u2606DavidTIS\n|j|\u2606Elnegris22\n|t:|1776624168\n|gametype|doubles\n|player|p1|DavidTIS|1|1122\n|player|p2|Elnegris22|170|1037\n|gen|9\n|tier|[Gen 9 Champions] VGC 2026 Reg M-A\n|rated|\n|rule|Species Clause: Limit one of each Pok\u00e9mon\n|rule|Item Clause: Limit 1 of each item\n|clearpoke\n|poke|p1|Starmie, L50|\n|poke|p1|Lucario, L50, M|\n|poke|p1|Lycanroc-Dusk, L50, F|\n|poke|p1|Hydreigon, L50, M|\n|poke|p1|Gengar, L50, M|\n|poke|p1|Tauros-Paldea-Aqua, L50, M|\n|poke|p2|Meganium, L50, F, shiny|\n|poke|p2|Pelipper, L50, F|\n|poke|p2|Basculegion, L50, M|\n|poke|p2|Goodra-Hisui, L50, F, shiny|\n|poke|p2|Sableye, L50, F|\n|poke|p2|Sneasler, L50, M, shiny|\n|teampreview|4\n|inactive|Battle timer is ON: inactive players will automatically lose when time's up. (requested by DavidTIS)\n|inactive|DavidTIS has 60 seconds left.\n|inactive|DavidTIS has 30 seconds left.\n|\n|t:|1776624235\n|teamsize|p1|4\n|teamsize|p2|4\n|start\n|switch|p1a: Gengar|Gengar, L50, M|100/100\n|switch|p1b: Hydreigon|Hydreigon, L50, M|100/100\n|switch|p2a: Sableye|Sableye, L50, F|100/100\n|switch|p2b: Sneasler|Sneasler, L50, M, shiny|100/100\n|turn|1\n|\n|t:|1776624255\n|detailschange|p1a: Gengar|Gengar-Mega, L50, M\n|-mega|p1a: Gengar|Gengar|Gengarite\n|move|p1b: Hydreigon|Protect|p1b: Hydreigon\n|-singleturn|p1b: Hydreigon|Protect\n|move|p2b: Sneasler|Fake Out|p1b: Hydreigon\n|-activate|p1b: Hydreigon|move: Protect\n|move|p2a: Sableye|Taunt|p1a: Gengar\n|-start|p1a: Gengar|move: Taunt\n|cant|p1a: Gengar|move: Taunt|Taunt\n|\n|upkeep\n|turn|2\n|inactive|DavidTIS has 30 seconds left.\n|inactive|DavidTIS has 20 seconds left.\n|\n|t:|1776624293\n|move|p2a: Sableye|Will-O-Wisp|p1b: Hydreigon\n|-hint|Since gen 7, Dark is immune to Prankster moves.\n|-immune|p1b: Hydreigon\n|move|p2b: Sneasler|Close Combat|p1b: Hydreigon\n|-supereffective|p1b: Hydreigon|1\n|-damage|p1b: Hydreigon|0 fnt\n|-unboost|p2b: Sneasler|def|1\n|-unboost|p2b: Sneasler|spd|1\n|faint|p1b: Hydreigon\n|move|p1a: Gengar|Shadow Ball|p2a: Sableye\n|-damage|p2a: Sableye|0 fnt\n|faint|p2a: Sableye\n|\n|upkeep\n|\n|t:|1776624307\n|switch|p1b: Lycanroc|Lycanroc-Dusk, L50, F|100/100\n|switch|p2a: Pelipper|Pelipper, L50, F|100/100\n|-weather|RainDance|[from] ability: Drizzle|[of] p2a: Pelipper\n|turn|3\n|\n|t:|1776624321\n|move|p2a: Pelipper|Protect|p2a: Pelipper\n|-singleturn|p2a: Pelipper|Protect\n|move|p1b: Lycanroc|Accelerock|p2b: Sneasler\n|-resisted|p2b: Sneasler|1\n|-damage|p2b: Sneasler|66/100\n|move|p2b: Sneasler|Dire Claw|p1a: Gengar\n|-resisted|p1a: Gengar|2\n|-crit|p1a: Gengar\n|-damage|p1a: Gengar|76/100\n|-immune|p1a: Gengar\n|move|p1a: Gengar|Shadow Ball|p2b: Sneasler\n|-damage|p2b: Sneasler|0 fnt\n|faint|p2b: Sneasler\n|\n|-weather|RainDance|[upkeep]\n|-end|p1a: Gengar|move: Taunt\n|upkeep\n|\n|t:|1776624336\n|switch|p2b: Meganium|Meganium, L50, F, shiny|100/100\n|turn|4\n|\n|t:|1776624349\n|detailschange|p2b: Meganium|Meganium-Mega, L50, F, shiny\n|-mega|p2b: Meganium|Meganium|Meganiumite\n|move|p2b: Meganium|Protect|p2b: Meganium\n|-singleturn|p2b: Meganium|Protect\n|move|p1a: Gengar|Sludge Wave|p2b: Meganium|[spread] p1b,p2a\n|-activate|p2b: Meganium|move: Protect\n|-resisted|p1b: Lycanroc|1\n|-damage|p1b: Lycanroc|59/100\n|-damage|p2a: Pelipper|21/100\n|move|p1b: Lycanroc|Rock Slide|p2a: Pelipper|[spread] p2a\n|-activate|p2b: Meganium|move: Protect\n|-supereffective|p2a: Pelipper|1\n|-damage|p2a: Pelipper|0 fnt\n|faint|p2a: Pelipper\n|\n|-weather|RainDance|[upkeep]\n|upkeep\n|turn|5\n|inactive|Elnegris22 has 30 seconds left.\n|inactive|Elnegris22 has 20 seconds left.\n|inactive|Elnegris22 has 15 seconds left.\n|-message|Elnegris22 forfeited.\n|\n|win|DavidTIS\n|raw|DavidTIS's rating: 1122 &rarr; <strong>1141</strong><br />(+19 for winning)\n|raw|Elnegris22's rating: 1037 &rarr; <strong>1025</strong><br />(-12 for losing)\n|l|\u2606Elnegris22\n|player|p2|\n",
  "uploadtime": 1776624395,
  "views": 10,
  "formatid": "gen9championsvgc2026regma",
  "rating": 1025,
  "private": 0,
  "password": null
}