{
  "id": "gen9championsvgc2026regma-2586011858",
  "format": "[Gen 9 Champions] VGC 2026 Reg M-A",
  "players": [
    "lucio m",
    "maryionette"
  ],
  "log": "|j|\u2606lucio m\n|j|\u2606maryionette\n|t:|1776390115\n|gametype|doubles\n|player|p1|lucio m|265|1205\n|player|p2|maryionette|iris-gen5bw2|1107\n|gen|9\n|tier|[Gen 9 Champions] VGC 2026 Reg M-A\n|rated|\n|rule|Species Clause: Limit one of each Pok\u00e9mon\n|rule|Item Clause: Limit 1 of each item\n|clearpoke\n|poke|p1|Charizard, L50, M|\n|poke|p1|Corviknight, L50, F|\n|poke|p1|Gengar, L50, M|\n|poke|p1|Raichu, L50, M|\n|poke|p1|Zoroark-Hisui, L50, M|\n|poke|p1|Feraligatr, L50, F|\n|poke|p2|Delphox, L50, M|\n|poke|p2|Meowscarada, L50, M|\n|poke|p2|Espathra, L50, M|\n|poke|p2|Dragonite, L50, F|\n|poke|p2|Sneasler, L50, M|\n|poke|p2|Milotic, L50, M|\n|teampreview|4\n|inactive|Battle timer is ON: inactive players will automatically lose when time's up. (requested by maryionette)\n|\n|t:|1776390143\n|teamsize|p1|4\n|teamsize|p2|4\n|start\n|switch|p1a: Raichu|Raichu, L50, M|100/100\n|switch|p1b: Gengar|Gengar, L50, M|100/100\n|switch|p2a: Espathra|Espathra, L50, M, shiny|100/100\n|switch|p2b: Sneasler|Sneasler, L50, M, shiny|100/100\n|turn|1\n|\n|t:|1776390159\n|move|p2b: Sneasler|Protect|p2b: Sneasler\n|-singleturn|p2b: Sneasler|Protect\n|move|p2a: Espathra|Protect|p2a: Espathra\n|-singleturn|p2a: Espathra|Protect\n|move|p1a: Raichu|Icy Wind|p2a: Espathra|[spread] \n|-activate|p2a: Espathra|move: Protect\n|-activate|p2b: Sneasler|move: Protect\n|move|p1b: Gengar|Shadow Ball|p2a: Espathra\n|-activate|p2a: Espathra|move: Protect\n|\n|-ability|p2a: Espathra|Speed Boost|boost\n|-boost|p2a: Espathra|spe|1\n|upkeep\n|turn|2\n|\n|t:|1776390185\n|move|p2a: Espathra|Calm Mind|p2a: Espathra\n|-boost|p2a: Espathra|spa|1\n|-boost|p2a: Espathra|spd|1\n|move|p1a: Raichu|Icy Wind|p2a: Espathra|[spread] p2b\n|-miss|p1a: Raichu|p2a: Espathra\n|-damage|p2b: Sneasler|78/100\n|-unboost|p2b: Sneasler|spe|1\n|-enditem|p2b: Sneasler|White Herb\n|-clearnegativeboost|p2b: Sneasler|[silent]\n|move|p2b: Sneasler|Dire Claw|p1b: Gengar\n|-resisted|p1b: Gengar|2\n|-damage|p1b: Gengar|80/100\n|move|p1b: Gengar|Shadow Ball|p2b: Sneasler\n|-damage|p2b: Sneasler|19/100\n|\n|-ability|p2a: Espathra|Speed Boost|boost\n|-boost|p2a: Espathra|spe|1\n|upkeep\n|turn|3\n|\n|t:|1776390207\n|switch|p1a: Raichu|Raichu, L50, M|100/100\n|move|p2b: Sneasler|Protect|p2b: Sneasler\n|-singleturn|p2b: Sneasler|Protect\n|move|p2a: Espathra|Baton Pass|p2a: Espathra\n|\n|t:|1776390213\n|switch|p2a: Delphox|Delphox, L50, M|100/100|[from] Baton Pass\n|move|p1b: Gengar|Trick Room|p1b: Gengar\n|-fieldstart|move: Trick Room|[of] p1b: Gengar\n|\n|upkeep\n|turn|4\n|\n|t:|1776390233\n|move|p2a: Delphox|Protect|p2a: Delphox\n|-singleturn|p2a: Delphox|Protect\n|move|p1a: Raichu|Volt Switch|p2b: Sneasler\n|-damage|p2b: Sneasler|0 fnt\n|faint|p2b: Sneasler\n|\n|t:|1776390241\n|switch|p1a: Feraligatr|Feraligatr, L50, F|100/100|[from] Volt Switch\n|move|p1b: Gengar|Destiny Bond|p1b: Gengar\n|-singlemove|p1b: Gengar|Destiny Bond\n|\n|upkeep\n|\n|t:|1776390244\n|switch|p2b: Meowscarada|Meowscarada, L50, M, shiny|100/100\n|turn|5\n|\n|t:|1776390254\n|detailschange|p1a: Feraligatr|Feraligatr-Mega, L50, F\n|-mega|p1a: Feraligatr|Feraligatr|Feraligite\n|detailschange|p2a: Delphox|Delphox-Mega, L50, M\n|-mega|p2a: Delphox|Delphox|Delphoxite\n|move|p1a: Feraligatr|Liquidation|p2a: Delphox\n|-supereffective|p2a: Delphox|1\n|-damage|p2a: Delphox|0 fnt\n|faint|p2a: Delphox\n|move|p1b: Gengar|Sludge Bomb|p2b: Meowscarada\n|-supereffective|p2b: Meowscarada|1\n|-damage|p2b: Meowscarada|0 fnt\n|faint|p2b: Meowscarada\n|\n|upkeep\n|-message|maryionette forfeited.\n|\n|win|lucio m\n|raw|lucio m's rating: 1205 &rarr; <strong>1223</strong><br />(+18 for winning)\n|raw|maryionette's rating: 1107 &rarr; <strong>1089</strong><br />(-18 for losing)\n|l|\u2606maryionette\n|player|p2|\n",
  "uploadtime": 1776390266,
  "views": 26,
  "formatid": "gen9championsvgc2026regma",
  "rating": 1089,
  "private": 0,
  "password": null
}