{
  "id": "gen9championsvgc2026regma-2587018222",
  "format": "[Gen 9 Champions] VGC 2026 Reg M-A",
  "players": [
    "OuiMus_KXYRIU9",
    "Party gengar"
  ],
  "log": "|j|\u2606OuiMus_KXYRIU9\n|j|\u2606Party gengar\n|t:|1776481747\n|gametype|doubles\n|player|p1|OuiMus_KXYRIU9|102|1167\n|player|p2|Party gengar|maid|1259\n|gen|9\n|tier|[Gen 9 Champions] VGC 2026 Reg M-A\n|rated|\n|rule|Species Clause: Limit one of each Pok\u00e9mon\n|rule|Item Clause: Limit 1 of each item\n|clearpoke\n|poke|p1|Camerupt, L50, M|\n|poke|p1|Incineroar, L50, M|\n|poke|p1|Farigiraf, L50, F|\n|poke|p1|Sneasler, L50, F|\n|poke|p1|Oranguru, L50, M|\n|poke|p1|Torkoal, L50, M|\n|poke|p2|Scovillain, L50, M|\n|poke|p2|Vanilluxe, L50, M|\n|poke|p2|Kingambit, L50, F|\n|poke|p2|Primarina, L50, F|\n|poke|p2|Garganacl, L50, M|\n|poke|p2|Sinistcha, L50|\n|teampreview|4\n|inactive|Battle timer is ON: inactive players will automatically lose when time's up. (requested by OuiMus_KXYRIU9)\n|inactive|Party gengar has 60 seconds left.\n|\n|t:|1776481782\n|teamsize|p1|4\n|teamsize|p2|4\n|start\n|switch|p1a: Incineroar|Incineroar, L50, M|100/100\n|switch|p1b: Oranguru|Oranguru, L50, M|100/100\n|switch|p2a: Lex Luthor|Scovillain, L50, M|100/100\n|switch|p2b: Harley|Primarina, L50, F, shiny|100/100\n|-ability|p1a: Incineroar|Intimidate|boost\n|-unboost|p2a: Lex Luthor|atk|1\n|-unboost|p2b: Harley|atk|1\n|turn|1\n|c|\u2606OuiMus_KXYRIU9|oh\n|c|\u2606Party gengar|hf\n|c|\u2606OuiMus_KXYRIU9|lex luther\n|inactive|OuiMus_KXYRIU9 has 30 seconds left.\n|inactive|OuiMus_KXYRIU9 has 20 seconds left.\n|inactive|OuiMus_KXYRIU9 has 15 seconds left.\n|c|\u2606Party gengar|don't worry about him\n|inactive|OuiMus_KXYRIU9 has 10 seconds left.\n|\n|t:|1776481827\n|move|p1a: Incineroar|Fake Out|p2b: Harley\n|-damage|p2b: Harley|88/100\n|cant|p2b: Harley|flinch\n|move|p2a: Lex Luthor|Leech Seed|p1b: Oranguru\n|-start|p1b: Oranguru|move: Leech Seed\n|move|p1b: Oranguru|Trick Room|p1b: Oranguru\n|-fieldstart|move: Trick Room|[of] p1b: Oranguru\n|\n|-heal|p2b: Harley|94/100|[from] item: Leftovers\n|-damage|p1b: Oranguru|88/100|[from] Leech Seed|[of] p2a: Lex Luthor\n|-ability|p2a: Lex Luthor|Moody|boost\n|-boost|p2a: Lex Luthor|atk|2\n|-unboost|p2a: Lex Luthor|spa|1\n|upkeep\n|turn|2\n|c|\u2606Party gengar|he's harmeless\n|inactive|OuiMus_KXYRIU9 has 30 seconds left.\n|\n|t:|1776481855\n|switch|p1b: Torkoal|Torkoal, L50, M|100/100\n|-weather|SunnyDay|[from] ability: Drought|[of] p1b: Torkoal\n|move|p1a: Incineroar|Parting Shot|p2b: Harley\n|-unboost|p2b: Harley|atk|1\n|-unboost|p2b: Harley|spa|1\n|\n|t:|1776481863\n|switch|p1a: Oranguru|Oranguru, L50, M|88/100|[from] Parting Shot\n|move|p2a: Lex Luthor|Leech Seed|p1b: Torkoal\n|-start|p1b: Torkoal|move: Leech Seed\n|move|p2b: Harley|Calm Mind|p2b: Harley\n|-boost|p2b: Harley|spa|1\n|-boost|p2b: Harley|spd|1\n|\n|-weather|SunnyDay|[upkeep]\n|-heal|p2b: Harley|99/100|[from] item: Leftovers\n|-damage|p1b: Torkoal|88/100|[from] Leech Seed|[of] p2a: Lex Luthor\n|-ability|p2a: Lex Luthor|Moody|boost\n|-boost|p2a: Lex Luthor|def|2\n|-unboost|p2a: Lex Luthor|spe|1\n|upkeep\n|turn|3\n|\n|t:|1776481884\n|move|p2a: Lex Luthor|Protect|p2a: Lex Luthor\n|-singleturn|p2a: Lex Luthor|Protect\n|move|p1b: Torkoal|Eruption|p2b: Harley|[spread] p2b\n|-activate|p2a: Lex Luthor|move: Protect\n|-resisted|p2b: Harley|1\n|-damage|p2b: Harley|78/100\n|move|p1a: Oranguru|Instruct|p1b: Torkoal\n|-singleturn|p1b: Torkoal|move: Instruct|[of] p1a: Oranguru\n|move|p1b: Torkoal|Eruption|p2a: Lex Luthor|[spread] p2b\n|-activate|p2a: Lex Luthor|move: Protect\n|-resisted|p2b: Harley|1\n|-damage|p2b: Harley|57/100\n|move|p2b: Harley|Hyper Voice|p1b: Torkoal|[spread] p1a,p1b\n|-supereffective|p1b: Torkoal|1\n|-damage|p1a: Oranguru|76/100\n|-damage|p1b: Torkoal|50/100\n|\n|-weather|SunnyDay|[upkeep]\n|-heal|p2b: Harley|63/100|[from] item: Leftovers\n|-damage|p1b: Torkoal|37/100|[from] Leech Seed|[of] p2a: Lex Luthor\n|-ability|p2a: Lex Luthor|Moody|boost\n|-boost|p2a: Lex Luthor|atk|2\n|-unboost|p2a: Lex Luthor|spa|1\n|upkeep\n|turn|4\n|inactive|OuiMus_KXYRIU9 has 30 seconds left.\n|inactive|Party gengar has 30 seconds left.\n|\n|t:|1776481915\n|switch|p1b: Camerupt|Camerupt, L50, M|100/100\n|detailschange|p2a: Lex Luthor|Scovillain-Mega, L50, M\n|-mega|p2a: Lex Luthor|Scovillain|Scovillainite\n|move|p2a: Lex Luthor|Leech Seed|p1a: Oranguru\n|-start|p1a: Oranguru|move: Leech Seed\n|move|p1a: Oranguru|Hyper Voice|p2b: Harley|[spread] p2a,p2b\n|-damage|p2a: Lex Luthor|79/100\n|-damage|p2b: Harley|51/100\n|-status|p1a: Oranguru|brn|[from] ability: Spicy Spray|[of] p2a: Lex Luthor\n|move|p2b: Harley|Calm Mind|p2b: Harley\n|-boost|p2b: Harley|spa|1\n|-boost|p2b: Harley|spd|1\n|\n|-weather|SunnyDay|[upkeep]\n|-heal|p2b: Harley|57/100|[from] item: Leftovers\n|-damage|p1a: Oranguru|64/100 brn|[from] Leech Seed|[of] p2a: Lex Luthor\n|-heal|p2a: Lex Luthor|93/100|[silent]\n|-damage|p1a: Oranguru|58/100 brn|[from] brn\n|upkeep\n|turn|5\n|inactive|OuiMus_KXYRIU9 has 30 seconds left.\n|inactive|OuiMus_KXYRIU9 has 20 seconds left.\n|inactive|OuiMus_KXYRIU9 has 15 seconds left.\n|\n|t:|1776481956\n|switch|p1a: Incineroar|Incineroar, L50, M|100/100\n|-ability|p1a: Incineroar|Intimidate|boost\n|-unboost|p2a: Lex Luthor|atk|1\n|-unboost|p2b: Harley|atk|1\n|detailschange|p1b: Camerupt|Camerupt-Mega, L50, M\n|-mega|p1b: Camerupt|Camerupt|Cameruptite\n|move|p2b: Harley|Protect|p2b: Harley\n|-singleturn|p2b: Harley|Protect\n|move|p1b: Camerupt|Earth Power|p2b: Harley\n|-activate|p2b: Harley|move: Protect\n|move|p2a: Lex Luthor|Leech Seed|p1b: Camerupt\n|-start|p1b: Camerupt|move: Leech Seed\n|\n|-weather|SunnyDay|[upkeep]\n|-heal|p2b: Harley|63/100|[from] item: Leftovers\n|-damage|p1b: Camerupt|88/100|[from] Leech Seed|[of] p2a: Lex Luthor\n|-heal|p2a: Lex Luthor|100/100|[silent]\n|-fieldend|move: Trick Room\n|upkeep\n|turn|6\n|inactive|OuiMus_KXYRIU9 has 30 seconds left.\n|inactive|Party gengar has 30 seconds left.\n|\n|t:|1776481997\n|switch|p1b: Oranguru|Oranguru, L50, M|58/100 brn\n|move|p2a: Lex Luthor|Rage Powder|p2a: Lex Luthor\n|-singleturn|p2a: Lex Luthor|move: Rage Powder\n|move|p2b: Harley|Calm Mind|p2b: Harley\n|-boost|p2b: Harley|spa|1\n|-boost|p2b: Harley|spd|1\n|move|p1a: Incineroar|Parting Shot|p2a: Lex Luthor\n|-unboost|p2a: Lex Luthor|atk|1\n|-unboost|p2a: Lex Luthor|spa|1\n|\n|t:|1776482016\n|switch|p1a: Camerupt|Camerupt-Mega, L50, M|88/100|[from] Parting Shot\n|\n|-weather|none\n|-heal|p2b: Harley|69/100|[from] item: Leftovers\n|-damage|p1b: Oranguru|52/100 brn|[from] brn\n|upkeep\n|turn|7\n|\n|t:|1776482030\n|switch|p1a: Torkoal|Torkoal, L50, M|37/100\n|-weather|SunnyDay|[from] ability: Drought|[of] p1a: Torkoal\n|move|p2b: Harley|Hyper Voice|p1b: Oranguru|[spread] p1a,p1b\n|-supereffective|p1a: Torkoal|1\n|-damage|p1a: Torkoal|0 fnt\n|-damage|p1b: Oranguru|27/100 brn\n|faint|p1a: Torkoal\n|move|p2a: Lex Luthor|Flamethrower|p1b: Oranguru\n|-damage|p1b: Oranguru|7/100 brn\n|move|p1b: Oranguru|Trick Room|p1b: Oranguru\n|-fieldstart|move: Trick Room|[of] p1b: Oranguru\n|\n|-weather|SunnyDay|[upkeep]\n|-heal|p2b: Harley|75/100|[from] item: Leftovers\n|-damage|p1b: Oranguru|1/100 brn|[from] brn\n|upkeep\n|\n|t:|1776482046\n|switch|p1a: Camerupt|Camerupt-Mega, L50, M|88/100\n|turn|8\n|\n|t:|1776482066\n|move|p2a: Lex Luthor|Protect|p2a: Lex Luthor\n|-singleturn|p2a: Lex Luthor|Protect\n|move|p1a: Camerupt|Earth Power|p2b: Harley\n|-damage|p2b: Harley|49/100\n|move|p1b: Oranguru|Instruct|p1a: Camerupt\n|-singleturn|p1a: Camerupt|move: Instruct|[of] p1b: Oranguru\n|move|p1a: Camerupt|Earth Power|p2b: Harley\n|-damage|p2b: Harley|27/100\n|move|p2b: Harley|Hyper Voice|p1a: Camerupt|[spread] p1a,p1b\n|-supereffective|p1a: Camerupt|2\n|-damage|p1a: Camerupt|0 fnt\n|-damage|p1b: Oranguru|0 fnt\n|faint|p1a: Camerupt\n|faint|p1b: Oranguru\n|\n|-weather|SunnyDay|[upkeep]\n|-heal|p2b: Harley|33/100|[from] item: Leftovers\n|upkeep\n|-message|OuiMus_KXYRIU9 forfeited.\n|\n|win|Party gengar\n|raw|OuiMus_KXYRIU9's rating: 1167 &rarr; <strong>1148</strong><br />(-19 for losing)\n|raw|Party gengar's rating: 1259 &rarr; <strong>1278</strong><br />(+19 for winning)\n|l|\u2606OuiMus_KXYRIU9\n|player|p1|\n",
  "uploadtime": 1776482093,
  "views": 28,
  "formatid": "gen9championsvgc2026regma",
  "rating": 1148,
  "private": 0,
  "password": null
}