{
  "id": "gen9championsvgc2026regma-2583900379",
  "format": "[Gen 9 Champions] VGC 2026 Reg M-A",
  "players": [
    "sheen5678",
    "NorthsideNateProd"
  ],
  "log": "|j|\u2606sheen5678\n|j|\u2606NorthsideNateProd\n|t:|1776206678\n|gametype|doubles\n|player|p1|sheen5678|266|1227\n|player|p2|NorthsideNateProd|102|1273\n|gen|9\n|tier|[Gen 9 Champions] VGC 2026 Reg M-A\n|rated|\n|rule|Species Clause: Limit one of each Pok\u00e9mon\n|rule|Item Clause: Limit 1 of each item\n|clearpoke\n|poke|p1|Slowbro, L50, F|\n|poke|p1|Sneasler, L50, F|\n|poke|p1|Meganium, L50, F|\n|poke|p1|Archaludon, L50, F|\n|poke|p1|Pelipper, L50, M|\n|poke|p1|Incineroar, L50, M|\n|poke|p2|Glimmora, L50, F|\n|poke|p2|Whimsicott, L50, M|\n|poke|p2|Gallade, L50, M|\n|poke|p2|Talonflame, L50, M|\n|poke|p2|Basculegion, L50, M|\n|poke|p2|Kingambit, L50, F|\n|teampreview|4\n|inactive|Battle timer is ON: inactive players will automatically lose when time's up. (requested by NorthsideNateProd)\n|\n|t:|1776206725\n|teamsize|p1|4\n|teamsize|p2|4\n|start\n|switch|p1a: Meganium|Meganium, L50, F|100/100\n|switch|p1b: Slowbro|Slowbro, L50, F|100/100\n|switch|p2a: Glimmora|Glimmora, L50, F|100/100\n|switch|p2b: Whimsicott|Whimsicott, L50, M|100/100\n|turn|1\n|\n|t:|1776206749\n|switch|p1a: Incineroar|Incineroar, L50, M|100/100\n|-ability|p1a: Incineroar|Intimidate|boost\n|-unboost|p2a: Glimmora|atk|1\n|-unboost|p2b: Whimsicott|atk|1\n|move|p2b: Whimsicott|Beat Up|p2a: Glimmora\n|-damage|p2a: Glimmora|99/100\n|-activate|p2a: Glimmora|ability: Toxic Debris\n|-sidestart|p1: sheen5678|move: Toxic Spikes\n|-damage|p2a: Glimmora|97/100\n|-activate|p2a: Glimmora|ability: Toxic Debris\n|-sidestart|p1: sheen5678|move: Toxic Spikes\n|-damage|p2a: Glimmora|94/100\n|-damage|p2a: Glimmora|92/100\n|-hitcount|p2a: Glimmora|4\n|move|p2a: Glimmora|Sludge Bomb|p1b: Slowbro\n|-damage|p1b: Slowbro|44/100\n|move|p1b: Slowbro|Trick Room|p1b: Slowbro\n|-fieldstart|move: Trick Room|[of] p1b: Slowbro\n|\n|upkeep\n|turn|2\n|inactive|sheen5678 has 30 seconds left.\n|inactive|sheen5678 has 20 seconds left.\n|\n|t:|1776206785\n|move|p2b: Whimsicott|Protect|p2b: Whimsicott\n|-singleturn|p2b: Whimsicott|Protect\n|move|p2a: Glimmora|Protect|p2a: Glimmora\n|-singleturn|p2a: Glimmora|Protect\n|move|p1b: Slowbro|Expanding Force|p2a: Glimmora\n|-activate|p2a: Glimmora|move: Protect\n|move|p1a: Incineroar|Parting Shot|p2a: Glimmora\n|-activate|p2a: Glimmora|move: Protect\n|\n|upkeep\n|turn|3\n|\n|t:|1776206796\n|switch|p2a: Kingambit|Kingambit, L50, F|100/100\n|move|p1b: Slowbro|Expanding Force|p2a: Kingambit\n|-immune|p2a: Kingambit\n|move|p1a: Incineroar|Parting Shot|p2a: Kingambit\n|-unboost|p2a: Kingambit|atk|1\n|-ability|p2a: Kingambit|Defiant|boost\n|-boost|p2a: Kingambit|atk|2\n|-unboost|p2a: Kingambit|spa|1\n|-ability|p2a: Kingambit|Defiant|boost\n|-boost|p2a: Kingambit|atk|2\n|\n|t:|1776206810\n|switch|p1a: Meganium|Meganium, L50, F|100/100|[from] Parting Shot\n|-status|p1a: Meganium|tox\n|move|p2b: Whimsicott|Moonblast|p1b: Slowbro\n|-damage|p1b: Slowbro|0 fnt\n|faint|p1b: Slowbro\n|\n|-damage|p1a: Meganium|95/100 tox|[from] psn\n|upkeep\n|\n|t:|1776206821\n|switch|p1b: Incineroar|Incineroar, L50, M|100/100\n|-status|p1b: Incineroar|tox\n|-ability|p1b: Incineroar|Intimidate|boost\n|-unboost|p2a: Kingambit|atk|1\n|-ability|p2a: Kingambit|Defiant|boost\n|-boost|p2a: Kingambit|atk|2\n|-unboost|p2b: Whimsicott|atk|1\n|turn|4\n|\n|t:|1776206840\n|detailschange|p1a: Meganium|Meganium-Mega, L50, F\n|-mega|p1a: Meganium|Meganium|Meganiumite\n|move|p2b: Whimsicott|Protect|p2b: Whimsicott\n|-singleturn|p2b: Whimsicott|Protect\n|move|p2a: Kingambit|Protect|p2a: Kingambit\n|-singleturn|p2a: Kingambit|Protect\n|move|p1b: Incineroar|Fake Out|p2b: Whimsicott\n|-activate|p2b: Whimsicott|move: Protect\n|move|p1a: Meganium|Weather Ball|p2a: Kingambit\n|-activate|p2a: Kingambit|move: Protect\n|\n|-damage|p1b: Incineroar|95/100 tox|[from] psn\n|-damage|p1a: Meganium|83/100 tox|[from] psn\n|upkeep\n|turn|5\n|\n|t:|1776206858\n|move|p2a: Kingambit|Iron Head|p1a: Meganium\n|-supereffective|p1a: Meganium|1\n|-damage|p1a: Meganium|0 fnt\n|faint|p1a: Meganium\n|move|p1b: Incineroar|Blaze Kick|p2a: Kingambit\n|-supereffective|p2a: Kingambit|1\n|-damage|p2a: Kingambit|34/100\n|move|p2b: Whimsicott|Moonblast|p1b: Incineroar\n|-crit|p1b: Incineroar\n|-damage|p1b: Incineroar|38/100 tox\n|-enditem|p1b: Incineroar|Sitrus Berry|[eat]\n|-heal|p1b: Incineroar|62/100 tox|[from] item: Sitrus Berry\n|\n|-damage|p1b: Incineroar|50/100 tox|[from] psn\n|-fieldend|move: Trick Room\n|upkeep\n|-message|sheen5678 forfeited.\n|\n|win|NorthsideNateProd\n|raw|sheen5678's rating: 1227 &rarr; <strong>1205</strong><br />(-22 for losing)\n|raw|NorthsideNateProd's rating: 1273 &rarr; <strong>1295</strong><br />(+22 for winning)\n|l|\u2606sheen5678\n|player|p1|\n",
  "uploadtime": 1776206869,
  "views": 34,
  "formatid": "gen9championsvgc2026regma",
  "rating": 1205,
  "private": 0,
  "password": null
}