{
  "id": "gen9championsvgc2026regma-2582254042",
  "format": "[Gen 9 Champions] VGC 2026 Reg M-A",
  "players": [
    "miruna11",
    "1#MiraidonHater"
  ],
  "log": "|j|\u203dmiruna11\n|j|\u26061#MiraidonHater\n|t:|1776076546\n|gametype|doubles\n|player|p1|miruna11|1|1191\n|player|p2|1#MiraidonHater|169|1233\n|gen|9\n|tier|[Gen 9 Champions] VGC 2026 Reg M-A\n|rated|\n|rule|Species Clause: Limit one of each Pok\u00e9mon\n|rule|Item Clause: Limit 1 of each item\n|clearpoke\n|poke|p1|Gardevoir, L50, F|\n|poke|p1|Incineroar, L50, M|\n|poke|p1|Sneasler, L50, M|\n|poke|p1|Sinistcha, L50|\n|poke|p1|Basculegion, L50, M|\n|poke|p1|Aerodactyl, L50, F|\n|poke|p2|Kommo-o, L50, F|\n|poke|p2|Glimmora, L50, M|\n|poke|p2|Incineroar, L50, M|\n|poke|p2|Sinistcha, L50|\n|poke|p2|Talonflame, L50, M|\n|poke|p2|Orthworm, L50, M|\n|teampreview|4\n|j| porygon-epilepz\n|\n|t:|1776076562\n|teamsize|p1|4\n|teamsize|p2|4\n|start\n|switch|p1a: Gardevoir|Gardevoir, L50, F, shiny|100/100\n|switch|p1b: Sneasler|Sneasler, L50, M|100/100\n|switch|p2a: Glimmora|Glimmora, L50, M|100/100\n|switch|p2b: Talonflame|Talonflame, L50, M|100/100\n|-ability|p1a: Gardevoir|Toxic Debris|Trace|[from] ability: Trace|[of] p2a: Glimmora\n|turn|1\n|\n|t:|1776076576\n|switch|p1b: Incineroar|Incineroar, L50, M|100/100\n|-ability|p1b: Incineroar|Intimidate|boost\n|-unboost|p2a: Glimmora|atk|1\n|-unboost|p2b: Talonflame|atk|1\n|detailschange|p2a: Glimmora|Glimmora-Mega, L50, M\n|-mega|p2a: Glimmora|Glimmora|Glimmoranite\n|detailschange|p1a: Gardevoir|Gardevoir-Mega, L50, F, shiny\n|-mega|p1a: Gardevoir|Gardevoir|Gardevoirite\n|move|p1a: Gardevoir|Protect|p1a: Gardevoir\n|-singleturn|p1a: Gardevoir|Protect\n|move|p2b: Talonflame|Quick Guard|p2b: Talonflame\n|-singleturn|p2b: Talonflame|Quick Guard\n|move|p2a: Glimmora|Sludge Bomb|p1a: Gardevoir\n|-activate|p1a: Gardevoir|move: Protect\n|\n|upkeep\n|turn|2\n|\n|t:|1776076594\n|move|p2b: Talonflame|Quick Guard|p2b: Talonflame\n|-singleturn|p2b: Talonflame|Quick Guard\n|move|p1b: Incineroar|Fake Out|p2a: Glimmora\n|-activate|p2a: Glimmora|move: Quick Guard\n|move|p2a: Glimmora|Sludge Bomb|p1a: Gardevoir\n|-supereffective|p1a: Gardevoir|1\n|-damage|p1a: Gardevoir|0 fnt\n|faint|p1a: Gardevoir\n|\n|upkeep\n|\n|t:|1776076602\n|switch|p1a: Basculegion|Basculegion, L50, M|100/100\n|turn|3\n|\n|t:|1776076623\n|move|p2a: Glimmora|Spiky Shield|p2a: Glimmora\n|-singleturn|p2a: Glimmora|move: Protect\n|move|p2b: Talonflame|Tailwind|p2b: Talonflame\n|-sidestart|p2: 1#MiraidonHater|move: Tailwind\n|move|p1a: Basculegion|Wave Crash|p2a: Glimmora\n|-activate|p2a: Glimmora|move: Protect\n|-damage|p1a: Basculegion|88/100|[from] Spiky Shield|[of] p2a: Glimmora\n|move|p1b: Incineroar|Parting Shot|p2b: Talonflame\n|-unboost|p2b: Talonflame|atk|1\n|-unboost|p2b: Talonflame|spa|1\n|\n|t:|1776076633\n|switch|p1b: Sneasler|Sneasler, L50, M|100/100|[from] Parting Shot\n|\n|upkeep\n|turn|4\n|\n|t:|1776076641\n|switch|p2a: Sinistcha|Sinistcha, L50|100/100\n|move|p2b: Talonflame|Quick Guard|p2b: Talonflame\n|-singleturn|p2b: Talonflame|Quick Guard\n|move|p1a: Basculegion|Wave Crash|p2a: Sinistcha\n|-resisted|p2a: Sinistcha|1\n|-damage|p2a: Sinistcha|74/100\n|-damage|p1a: Basculegion|80/100|[from] Recoil\n|move|p1b: Sneasler|Dire Claw|p2b: Talonflame\n|-damage|p2b: Talonflame|30/100\n|-status|p2b: Talonflame|psn\n|\n|-damage|p2b: Talonflame|17/100 psn|[from] psn\n|upkeep\n|turn|5\n|\n|t:|1776076662\n|switch|p2b: Kommo-o|Kommo-o, L50, F|100/100\n|switch|p1a: Incineroar|Incineroar, L50, M|100/100\n|-ability|p1a: Incineroar|Intimidate|boost\n|-unboost|p2a: Sinistcha|atk|1\n|-unboost|p2b: Kommo-o|atk|1\n|move|p1b: Sneasler|Dire Claw|p2a: Sinistcha\n|-damage|p2a: Sinistcha|47/100\n|move|p2a: Sinistcha|Matcha Gotcha|p1b: Sneasler|[spread] p1a,p1b\n|-resisted|p1a: Incineroar|1\n|-resisted|p1b: Sneasler|1\n|-damage|p1a: Incineroar|92/100\n|-heal|p2a: Sinistcha|52/100|[from] drain|[of] p1a: Incineroar\n|-damage|p1b: Sneasler|84/100\n|-heal|p2a: Sinistcha|59/100|[from] drain|[of] p1b: Sneasler\n|\n|upkeep\n|turn|6\n|\n|t:|1776076690\n|move|p2b: Kommo-o|Protect|p2b: Kommo-o\n|-singleturn|p2b: Kommo-o|Protect\n|move|p2a: Sinistcha|Protect|p2a: Sinistcha\n|-singleturn|p2a: Sinistcha|Protect\n|move|p1a: Incineroar|Fake Out|p2b: Kommo-o\n|-activate|p2b: Kommo-o|move: Protect\n|move|p1b: Sneasler|Dire Claw|p2a: Sinistcha\n|-activate|p2a: Sinistcha|move: Protect\n|\n|-sideend|p2: 1#MiraidonHater|move: Tailwind\n|upkeep\n|turn|7\n|\n|t:|1776076699\n|switch|p1b: Basculegion|Basculegion, L50, M|80/100\n|move|p2a: Sinistcha|Rage Powder|p2a: Sinistcha\n|-singleturn|p2a: Sinistcha|move: Rage Powder\n|move|p2b: Kommo-o|Clangorous Soul|p2b: Kommo-o\n|-boost|p2b: Kommo-o|atk|1\n|-boost|p2b: Kommo-o|def|1\n|-boost|p2b: Kommo-o|spa|1\n|-boost|p2b: Kommo-o|spd|1\n|-boost|p2b: Kommo-o|spe|1\n|-damage|p2b: Kommo-o|68/100\n|move|p1a: Incineroar|Flare Blitz|p2a: Sinistcha\n|-supereffective|p2a: Sinistcha|1\n|-enditem|p2a: Sinistcha|Occa Berry|[eat]\n|-enditem|p2a: Sinistcha|Occa Berry|[weaken]\n|-damage|p2a: Sinistcha|29/100\n|-damage|p1a: Incineroar|83/100|[from] Recoil\n|\n|-heal|p2b: Kommo-o|74/100|[from] item: Leftovers\n|upkeep\n|turn|8\n|\n|t:|1776076728\n|move|p2a: Sinistcha|Rage Powder|p2a: Sinistcha\n|-singleturn|p2a: Sinistcha|move: Rage Powder\n|move|p2b: Kommo-o|Clangorous Soul|p2b: Kommo-o\n|-boost|p2b: Kommo-o|atk|1\n|-boost|p2b: Kommo-o|def|1\n|-boost|p2b: Kommo-o|spa|1\n|-boost|p2b: Kommo-o|spd|1\n|-boost|p2b: Kommo-o|spe|1\n|-damage|p2b: Kommo-o|41/100\n|move|p1b: Basculegion|Flip Turn|p2a: Sinistcha\n|-resisted|p2a: Sinistcha|1\n|-damage|p2a: Sinistcha|14/100\n|\n|t:|1776076738\n|switch|p1b: Sneasler|Sneasler, L50, M|84/100|[from] Flip Turn\n|move|p1a: Incineroar|Parting Shot|p2a: Sinistcha\n|-unboost|p2a: Sinistcha|atk|1\n|-unboost|p2a: Sinistcha|spa|1\n|\n|t:|1776076740\n|switch|p1a: Basculegion|Basculegion, L50, M|80/100|[from] Parting Shot\n|\n|-heal|p2b: Kommo-o|47/100|[from] item: Leftovers\n|upkeep\n|turn|9\n|\n|t:|1776076750\n|switch|p1b: Incineroar|Incineroar, L50, M|83/100\n|-ability|p1b: Incineroar|Intimidate|boost\n|-unboost|p2a: Sinistcha|atk|1\n|-unboost|p2b: Kommo-o|atk|1\n|switch|p2a: Talonflame|Talonflame, L50, M|17/100 psn\n|move|p2b: Kommo-o|Protect|p2b: Kommo-o\n|-singleturn|p2b: Kommo-o|Protect\n|move|p1a: Basculegion|Last Respects|p2b: Kommo-o\n|-activate|p2b: Kommo-o|move: Protect\n|\n|-heal|p2b: Kommo-o|53/100|[from] item: Leftovers\n|-damage|p2a: Talonflame|5/100 psn|[from] psn\n|upkeep\n|turn|10\n|\n|t:|1776076764\n|move|p2a: Talonflame|Quick Guard|p2a: Talonflame\n|-singleturn|p2a: Talonflame|Quick Guard\n|move|p1b: Incineroar|Fake Out|p2b: Kommo-o\n|-activate|p2b: Kommo-o|move: Quick Guard\n|move|p2b: Kommo-o|Clanging Scales|p1b: Incineroar|[spread] p1a,p1b\n|-damage|p1a: Basculegion|4/100\n|-damage|p1b: Incineroar|27/100\n|-unboost|p2b: Kommo-o|def|1\n|move|p1a: Basculegion|Last Respects|p2b: Kommo-o\n|-damage|p2b: Kommo-o|17/100\n|\n|-heal|p2b: Kommo-o|23/100|[from] item: Leftovers\n|-damage|p2a: Talonflame|0 fnt|[from] psn\n|faint|p2a: Talonflame\n|upkeep\n|\n|t:|1776076778\n|switch|p2a: Sinistcha|Sinistcha, L50|14/100\n|-heal|p2b: Kommo-o|48/100|[from] ability: Hospitality|[of] p2a: Sinistcha\n|turn|11\n|\n|t:|1776076788\n|move|p2b: Kommo-o|Clanging Scales|p1b: Incineroar|[spread] p1a,p1b\n|-damage|p1a: Basculegion|0 fnt\n|-damage|p1b: Incineroar|0 fnt\n|faint|p1a: Basculegion\n|faint|p1b: Incineroar\n|-unboost|p2b: Kommo-o|def|1\n|move|p2a: Sinistcha|Life Dew|p2a: Sinistcha|[spread] p2a,p2b\n|-heal|p2a: Sinistcha|39/100\n|-heal|p2b: Kommo-o|73/100\n|\n|-heal|p2b: Kommo-o|79/100|[from] item: Leftovers\n|upkeep\n|\n|t:|1776076791\n|switch|p1b: Sneasler|Sneasler, L50, M|84/100\n|turn|12\n|-message|miruna11 forfeited.\n|\n|win|1#MiraidonHater\n|raw|miruna11's rating: 1191 &rarr; <strong>1169</strong><br />(-22 for losing)\n|raw|1#MiraidonHater's rating: 1233 &rarr; <strong>1255</strong><br />(+22 for winning)\n|l|\u203dmiruna11\n|player|p1|\n|l| porygon-epilepz\n|l|\u26061#MiraidonHater\n|player|p2|\n|j| porygon-epilepz\n",
  "uploadtime": 1776076554,
  "views": 13,
  "formatid": "gen9championsvgc2026regma",
  "rating": 1169,
  "private": 0,
  "password": null
}