{
  "id": "gen9championsvgc2026regma-2586874949",
  "format": "[Gen 9 Champions] VGC 2026 Reg M-A",
  "players": [
    "mrguy888",
    "spineswiper"
  ],
  "log": "|j|\u2606mrguy888\n|j|\u2606spineswiper\n|t:|1776467489\n|gametype|doubles\n|player|p1|mrguy888|noland-gen3|1333\n|player|p2|spineswiper|2|1325\n|gen|9\n|tier|[Gen 9 Champions] VGC 2026 Reg M-A\n|rated|\n|rule|Species Clause: Limit one of each Pok\u00e9mon\n|rule|Item Clause: Limit 1 of each item\n|clearpoke\n|poke|p1|Floette-Eternal, L50, F|\n|poke|p1|Aerodactyl, L50, M|\n|poke|p1|Tauros-Paldea-Aqua, L50, M|\n|poke|p1|Kangaskhan, L50, F|\n|poke|p1|Rotom-Heat, L50|\n|poke|p1|Aegislash, L50, M|\n|poke|p2|Sneasler, L50, M|\n|poke|p2|Kingambit, L50, M|\n|poke|p2|Clefable, L50, F|\n|poke|p2|Delphox, L50, M|\n|poke|p2|Dragonite, L50, M|\n|poke|p2|Basculegion, L50, M|\n|teampreview|4\n|inactive|Battle timer is ON: inactive players will automatically lose when time's up. (requested by mrguy888)\n|inactive|mrguy888 has 60 seconds left.\n|inactive|spineswiper has 60 seconds left.\n|inactive|spineswiper has 30 seconds left.\n|\n|t:|1776467551\n|teamsize|p1|4\n|teamsize|p2|4\n|start\n|switch|p1a: Aerodactyl|Aerodactyl, L50, M|100/100\n|switch|p1b: Kangaskhan|Kangaskhan, L50, F|100/100\n|switch|p2a: Delphox|Delphox, L50, M|100/100\n|switch|p2b: Basculegion|Basculegion, L50, M|100/100\n|-ability|p1a: Aerodactyl|Unnerve\n|turn|1\n|inactive|spineswiper has 30 seconds left.\n|inactive|spineswiper has 20 seconds left.\n|inactive|spineswiper has 15 seconds left.\n|inactive|spineswiper has 10 seconds left.\n|inactive|spineswiper has 5 seconds left.\n|\n|t:|1776467606\n|detailschange|p2a: Delphox|Delphox-Mega, L50, M\n|-mega|p2a: Delphox|Delphox|Delphoxite\n|move|p1b: Kangaskhan|Fake Out|p2b: Basculegion\n|-crit|p2b: Basculegion\n|-damage|p2b: Basculegion|65/100\n|cant|p2b: Basculegion|flinch\n|move|p2a: Delphox|Heat Wave|p1a: Aerodactyl|[spread] p1a\n|-miss|p2a: Delphox|p1b: Kangaskhan\n|-resisted|p1a: Aerodactyl|1\n|-damage|p1a: Aerodactyl|72/100\n|move|p1a: Aerodactyl|Tailwind|p1a: Aerodactyl\n|-sidestart|p1: mrguy888|move: Tailwind\n|\n|upkeep\n|turn|2\n|inactive|mrguy888 has 30 seconds left.\n|inactive|spineswiper has 30 seconds left.\n|inactive|mrguy888 has 20 seconds left.\n|inactive|spineswiper has 20 seconds left.\n|inactive|mrguy888 has 15 seconds left.\n|\n|t:|1776467646\n|detailschange|p1b: Kangaskhan|Kangaskhan-Mega, L50, F\n|-mega|p1b: Kangaskhan|Kangaskhan|Kangaskhanite\n|move|p1a: Aerodactyl|Rock Slide|p2a: Delphox|[spread] p2a,p2b\n|-supereffective|p2a: Delphox|1\n|-damage|p2a: Delphox|23/100\n|-damage|p2b: Basculegion|35/100\n|move|p1b: Kangaskhan|Double-Edge|p2a: Delphox\n|-damage|p2a: Delphox|0 fnt\n|faint|p2a: Delphox\n|-hitcount|p2: Delphox|1\n|-damage|p1b: Kangaskhan|95/100|[from] Recoil\n|move|p2b: Basculegion|Flip Turn|p1a: Aerodactyl\n|-supereffective|p1a: Aerodactyl|1\n|-damage|p1a: Aerodactyl|0 fnt\n|faint|p1a: Aerodactyl\n|\n|t:|1776467666\n|switch|p2b: Sneasler|Sneasler, L50, M|100/100|[from] Flip Turn\n|\n|upkeep\n|\n|t:|1776467670\n|switch|p2a: Kingambit|Kingambit, L50, M|100/100\n|switch|p1a: Rotom|Rotom-Heat, L50|100/100\n|turn|3\n|inactive|spineswiper has 30 seconds left.\n|\n|t:|1776467695\n|move|p2b: Sneasler|Fake Out|p1b: Kangaskhan\n|-damage|p1b: Kangaskhan|83/100\n|move|p1a: Rotom|Will-O-Wisp|p2a: Kingambit|[miss]\n|-miss|p1a: Rotom|p2a: Kingambit\n|cant|p1b: Kangaskhan|flinch\n|move|p2a: Kingambit|Kowtow Cleave|p1a: Rotom\n|-damage|p1a: Rotom|42/100\n|\n|upkeep\n|turn|4\n|inactive|spineswiper has 30 seconds left.\n|\n|t:|1776467721\n|move|p2b: Sneasler|Protect|p2b: Sneasler\n|-singleturn|p2b: Sneasler|Protect\n|move|p2a: Kingambit|Protect|p2a: Kingambit\n|-singleturn|p2a: Kingambit|Protect\n|move|p1a: Rotom|Will-O-Wisp|p2b: Sneasler\n|-activate|p2b: Sneasler|move: Protect\n|move|p1b: Kangaskhan|Drain Punch|p2a: Kingambit\n|-activate|p2a: Kingambit|move: Protect\n|\n|-sideend|p1: mrguy888|move: Tailwind\n|upkeep\n|turn|5\n|inactive|spineswiper has 30 seconds left.\n|inactive|spineswiper has 20 seconds left.\n|inactive|spineswiper has 15 seconds left.\n|inactive|spineswiper has 10 seconds left.\n|\n|t:|1776467769\n|switch|p1b: Aegislash|Aegislash, L50, M|100/100\n|move|p1a: Rotom|Will-O-Wisp|p2a: Kingambit|[miss]\n|-miss|p1a: Rotom|p2a: Kingambit\n|move|p2b: Sneasler|Close Combat|p1b: Aegislash\n|-immune|p1b: Aegislash\n|move|p2a: Kingambit|Swords Dance|p2a: Kingambit\n|-boost|p2a: Kingambit|atk|2\n|\n|upkeep\n|turn|6\n|inactive|spineswiper has 30 seconds left.\n|inactive|spineswiper has 20 seconds left.\n|inactive|spineswiper has 15 seconds left.\n|inactive|spineswiper has 10 seconds left.\n|\n|t:|1776467816\n|move|p1b: Aegislash|King's Shield|p1b: Aegislash\n|-singleturn|p1b: Aegislash|Protect\n|move|p1a: Rotom|Will-O-Wisp|p2a: Kingambit\n|-status|p2a: Kingambit|brn\n|move|p2b: Sneasler|Close Combat|p1a: Rotom\n|-damage|p1a: Rotom|0 fnt\n|-unboost|p2b: Sneasler|def|1\n|-unboost|p2b: Sneasler|spd|1\n|faint|p1a: Rotom\n|move|p2a: Kingambit|Kowtow Cleave|p1b: Aegislash\n|-activate|p1b: Aegislash|move: Protect\n|-unboost|p2a: Kingambit|atk|1\n|-ability|p2a: Kingambit|Defiant|boost\n|-boost|p2a: Kingambit|atk|2\n|\n|-damage|p2a: Kingambit|94/100 brn|[from] brn\n|upkeep\n|\n|t:|1776467828\n|switch|p1a: Kangaskhan|Kangaskhan-Mega, L50, F|83/100\n|turn|7\n|inactive|mrguy888 has 30 seconds left.\n|inactive|spineswiper has 30 seconds left.\n|inactive|mrguy888 has 20 seconds left.\n|inactive|mrguy888 has 15 seconds left.\n|\n|t:|1776467873\n|move|p2b: Sneasler|Protect|p2b: Sneasler\n|-singleturn|p2b: Sneasler|Protect\n|move|p1a: Kangaskhan|Fake Out|p2b: Sneasler\n|-activate|p2b: Sneasler|move: Protect\n|move|p2a: Kingambit|Kowtow Cleave|p1b: Aegislash\n|-supereffective|p1b: Aegislash|1\n|-damage|p1b: Aegislash|0 fnt\n|faint|p1b: Aegislash\n|\n|-damage|p2a: Kingambit|88/100 brn|[from] brn\n|upkeep\n|turn|8\n|-message|mrguy888 forfeited.\n|\n|win|spineswiper\n|raw|mrguy888's rating: 1333 &rarr; <strong>1313</strong><br />(-20 for losing)\n|raw|spineswiper's rating: 1325 &rarr; <strong>1345</strong><br />(+20 for winning)\n",
  "uploadtime": 1776467884,
  "views": 37,
  "formatid": "gen9championsvgc2026regma",
  "rating": 1313,
  "private": 0,
  "password": null
}