{
  "id": "gen9championsvgc2026regma-2584784020",
  "format": "[Gen 9 Champions] VGC 2026 Reg M-A",
  "players": [
    "lilgoldship",
    "imahuman1"
  ],
  "log": "|j|\u2606lilgoldship\n|j|\u2606imahuman1\n|t:|1776283401\n|gametype|doubles\n|player|p1|lilgoldship|winona-gen6|1142\n|player|p2|imahuman1|266|1074\n|gen|9\n|tier|[Gen 9 Champions] VGC 2026 Reg M-A\n|rated|\n|rule|Species Clause: Limit one of each Pok\u00e9mon\n|rule|Item Clause: Limit 1 of each item\n|clearpoke\n|poke|p1|Reuniclus, L50, F|\n|poke|p1|Aegislash, L50, F|\n|poke|p1|Incineroar, L50, F|\n|poke|p1|Gallade, L50, M|\n|poke|p1|Ampharos, L50, M|\n|poke|p1|Farigiraf, L50, F|\n|poke|p2|Pelipper, L50, F|\n|poke|p2|Starmie, L50|\n|poke|p2|Archaludon, L50, F|\n|poke|p2|Basculegion, L50, M|\n|poke|p2|Incineroar, L50, M|\n|poke|p2|Tinkaton, L50, F|\n|teampreview|4\nlilgoldship rejected open team sheets.\n|inactive|Battle timer is ON: inactive players will automatically lose when time's up. (requested by lilgoldship)\n|\n|t:|1776283424\n|teamsize|p1|4\n|teamsize|p2|4\n|start\n|switch|p1a: nemesis|Gallade, L50, M|100/100\n|switch|p1b: espada|Aegislash, L50, F|100/100\n|switch|p2a: Pelipper|Pelipper, L50, F|100/100\n|switch|p2b: Archaludon|Archaludon, L50, F|100/100\n|-weather|RainDance|[from] ability: Drizzle|[of] p2a: Pelipper\n|turn|1\n|\n|t:|1776283438\n|move|p1b: espada|Wide Guard|p1b: espada\n|-singleturn|p1b: espada|Wide Guard\n|move|p2b: Archaludon|Electro Shot||[still]\n|-prepare|p2b: Archaludon|Electro Shot\n|-boost|p2b: Archaludon|spa|1\n|-anim|p2b: Archaludon|Electro Shot|p1a: nemesis\n|-damage|p1a: nemesis|37/100\n|move|p2a: Pelipper|Tailwind|p2a: Pelipper\n|-sidestart|p2: imahuman1|move: Tailwind\n|move|p1a: nemesis|Trick Room|p1a: nemesis\n|-fieldstart|move: Trick Room|[of] p1a: nemesis\n|\n|-weather|RainDance|[upkeep]\n|upkeep\n|turn|2\n|\n|t:|1776283456\n|-formechange|p1b: espada|Aegislash-Blade|\n|move|p1b: espada|Flash Cannon|p2b: Archaludon\n|-resisted|p2b: Archaludon|1\n|-damage|p2b: Archaludon|63/100\n|move|p1a: nemesis|Sacred Sword|p2b: Archaludon\n|-supereffective|p2b: Archaludon|1\n|-enditem|p2b: Archaludon|Chople Berry|[eat]\n|-enditem|p2b: Archaludon|Chople Berry|[weaken]\n|-damage|p2b: Archaludon|3/100\n|move|p2a: Pelipper|Hurricane|p1a: nemesis\n|-supereffective|p1a: nemesis|1\n|-damage|p1a: nemesis|0 fnt\n|faint|p1a: nemesis\n|move|p2b: Archaludon|Electro Shot||[still]\n|-prepare|p2b: Archaludon|Electro Shot\n|-boost|p2b: Archaludon|spa|1\n|-anim|p2b: Archaludon|Electro Shot|p1b: espada\n|-damage|p1b: espada|0 fnt\n|faint|p1b: espada\n|\n|-weather|RainDance|[upkeep]\n|upkeep\n|\n|t:|1776283461\n|switch|p1b: girafakkkkkkk|Farigiraf, L50, F|100/100\n|switch|p1a: who is this?|Ampharos, L50, M|100/100\n|turn|3\n|\n|t:|1776283482\n|detailschange|p1a: who is this?|Ampharos-Mega, L50, M\n|-mega|p1a: who is this?|Ampharos|Ampharosite\n|-ability|p1a: who is this?|Mold Breaker\n|move|p2a: Pelipper|Protect|p2a: Pelipper\n|-singleturn|p2a: Pelipper|Protect\n|move|p2b: Archaludon|Protect|p2b: Archaludon\n|-singleturn|p2b: Archaludon|Protect\n|move|p1a: who is this?|Dazzling Gleam|p2a: Pelipper|[spread] \n|-activate|p2a: Pelipper|move: Protect\n|-activate|p2b: Archaludon|move: Protect\n|move|p1b: girafakkkkkkk|Psychic|p2a: Pelipper\n|-activate|p2a: Pelipper|move: Protect\n|\n|-weather|RainDance|[upkeep]\n|upkeep\n|turn|4\n|inactive|imahuman1 has 30 seconds left.\n|\n|t:|1776283507\n|move|p1a: who is this?|Dazzling Gleam|p2b: Archaludon|[spread] p2a,p2b\n|-damage|p2a: Pelipper|65/100\n|-damage|p2b: Archaludon|0 fnt\n|faint|p2b: Archaludon\n|move|p1b: girafakkkkkkk|Psychic|p2a: Pelipper\n|-damage|p2a: Pelipper|0 fnt\n|faint|p2a: Pelipper\n|\n|-weather|RainDance|[upkeep]\n|-sideend|p2: imahuman1|move: Tailwind\n|upkeep\n|\n|t:|1776283519\n|switch|p2a: Basculegion|Basculegion, L50, M|100/100\n|switch|p2b: Starmie|Starmie, L50|100/100\n|turn|5\n|\n|t:|1776283532\n|detailschange|p2b: Starmie|Starmie-Mega, L50\n|-mega|p2b: Starmie|Starmie|Starminite\n|move|p2b: Starmie|Protect|p2b: Starmie\n|-singleturn|p2b: Starmie|Protect\n|move|p1a: who is this?|Thunderbolt|p2b: Starmie\n|-activate|p2b: Starmie|move: Protect\n|move|p1b: girafakkkkkkk|Psychic|p2a: Basculegion\n|-damage|p2a: Basculegion|42/100\n|move|p2a: Basculegion|Wave Crash|p1b: girafakkkkkkk\n|-damage|p1b: girafakkkkkkk|0 fnt\n|faint|p1b: girafakkkkkkk\n|-damage|p2a: Basculegion|4/100|[from] Recoil\n|\n|-weather|none\n|-fieldend|move: Trick Room\n|upkeep\n|turn|6\n|\n|t:|1776283560\n|move|p2a: Basculegion|Wave Crash|p1a: who is this?\n|-resisted|p1a: who is this?|1\n|-damage|p1a: who is this?|70/100\n|-damage|p2a: Basculegion|0 fnt|[from] Recoil\n|faint|p2a: Basculegion\n|move|p2b: Starmie|Zen Headbutt|p1a: who is this?\n|-damage|p1a: who is this?|13/100\n|move|p1a: who is this?|Thunderbolt|p2b: Starmie\n|-supereffective|p2b: Starmie|1\n|-damage|p2b: Starmie|0 fnt\n|faint|p2b: Starmie\n|\n|win|lilgoldship\n|raw|lilgoldship's rating: 1142 &rarr; <strong>1162</strong><br />(+20 for winning)\n|raw|imahuman1's rating: 1074 &rarr; <strong>1057</strong><br />(-17 for losing)\n",
  "uploadtime": 1776283566,
  "views": 23,
  "formatid": "gen9championsvgc2026regma",
  "rating": 1057,
  "private": 0,
  "password": null
}