{
  "id": "gen9championsvgc2026regma-2586422106",
  "format": "[Gen 9 Champions] VGC 2026 Reg M-A",
  "players": [
    "PMagnoS",
    "Zartant"
  ],
  "log": "|j|\u2606PMagnoS\n|j|\u2606Zartant\n|t:|1776433565\n|gametype|doubles\n|player|p1|PMagnoS|volkner|1073\n|player|p2|Zartant|169|1063\n|gen|9\n|tier|[Gen 9 Champions] VGC 2026 Reg M-A\n|rated|\n|rule|Species Clause: Limit one of each Pok\u00e9mon\n|rule|Item Clause: Limit 1 of each item\n|clearpoke\n|poke|p1|Charizard, L50, M|\n|poke|p1|Kingambit, L50, M|\n|poke|p1|Incineroar, L50, F|\n|poke|p1|Floette-Eternal, L50, F|\n|poke|p1|Aerodactyl, L50, F|\n|poke|p1|Sneasler, L50, F|\n|poke|p2|Medicham, L50, F|\n|poke|p2|Whimsicott, L50, F|\n|poke|p2|Altaria, L50, F|\n|poke|p2|Sinistcha, L50|\n|poke|p2|Goodra-Hisui, L50, M|\n|poke|p2|Aerodactyl, L50, F|\n|teampreview|4\n|\n|t:|1776433591\n|teamsize|p1|4\n|teamsize|p2|4\n|start\n|switch|p1a: Floette|Floette-Eternal, L50, F|100/100\n|switch|p1b: Aerodactyl|Aerodactyl, L50, F|100/100\n|switch|p2a: Whimsicott|Whimsicott, L50, F|100/100\n|switch|p2b: Aerodactyl|Aerodactyl, L50, F|100/100\n|-ability|p1b: Aerodactyl|Unnerve\n|turn|1\n|\n|t:|1776433626\n|detailschange|p1a: Floette|Floette-Mega, L50, F\n|-mega|p1a: Floette|Floette|Floettite\n|-ability|p1a: Floette|Fairy Aura\n|move|p2a: Whimsicott|Tailwind|p2a: Whimsicott\n|-sidestart|p2: Zartant|move: Tailwind\n|move|p2b: Aerodactyl|Rock Slide|p1a: Floette|[spread] p1a,p1b\n|-supereffective|p1b: Aerodactyl|1\n|-damage|p1a: Floette|68/100\n|-damage|p1b: Aerodactyl|24/100\n|move|p1b: Aerodactyl|Tailwind|p1b: Aerodactyl\n|-sidestart|p1: PMagnoS|move: Tailwind\n|cant|p1a: Floette|flinch\n|\n|upkeep\n|turn|2\n|\n|t:|1776433665\n|switch|p1b: Kingambit|Kingambit, L50, M|100/100\n|move|p1a: Floette|Protect|p1a: Floette\n|-singleturn|p1a: Floette|Protect\n|move|p2a: Whimsicott|Encore|p1b: Kingambit\n|-hint|Since gen 7, Dark is immune to Prankster moves.\n|-immune|p1b: Kingambit\n|move|p2b: Aerodactyl|Iron Head|p1a: Floette\n|-activate|p1a: Floette|move: Protect\n|\n|upkeep\n|turn|3\n|\n|t:|1776433710\n|switch|p1a: Incineroar|Incineroar, L50, F|100/100\n|-ability|p1a: Incineroar|Intimidate|boost\n|-unboost|p2a: Whimsicott|atk|1\n|-unboost|p2b: Aerodactyl|atk|1\n|move|p2b: Aerodactyl|Iron Head|p1a: Incineroar\n|-resisted|p1a: Incineroar|1\n|-crit|p1a: Incineroar\n|-damage|p1a: Incineroar|85/100\n|move|p2a: Whimsicott|Dazzling Gleam|p1b: Kingambit|[spread] p1a,p1b\n|-damage|p1a: Incineroar|65/100\n|-damage|p1b: Kingambit|76/100\n|move|p1b: Kingambit|Iron Head|p2a: Whimsicott\n|-supereffective|p2a: Whimsicott|1\n|-enditem|p2a: Whimsicott|Focus Sash\n|-damage|p2a: Whimsicott|1/100\n|\n|upkeep\n|turn|4\n|\n|t:|1776433770\n|move|p1b: Kingambit|Protect|p1b: Kingambit\n|-singleturn|p1b: Kingambit|Protect\n|move|p1a: Incineroar|Fake Out|p2b: Aerodactyl\n|-resisted|p2b: Aerodactyl|1\n|-damage|p2b: Aerodactyl|90/100\n|move|p2a: Whimsicott|Taunt|p1a: Incineroar\n|-hint|Since gen 7, Dark is immune to Prankster moves.\n|-immune|p1a: Incineroar\n|cant|p2b: Aerodactyl|flinch\n|\n|-sideend|p2: Zartant|move: Tailwind\n|-sideend|p1: PMagnoS|move: Tailwind\n|upkeep\n|turn|5\n|\n|t:|1776433803\n|move|p2a: Whimsicott|Tailwind|p2a: Whimsicott\n|-sidestart|p2: Zartant|move: Tailwind\n|move|p2b: Aerodactyl|Rock Slide|p1a: Incineroar|[spread] p1a,p1b\n|-supereffective|p1a: Incineroar|1\n|-resisted|p1b: Kingambit|1\n|-damage|p1a: Incineroar|35/100\n|-damage|p1b: Kingambit|70/100\n|cant|p1a: Incineroar|flinch\n|cant|p1b: Kingambit|flinch\n|\n|upkeep\n|turn|6\n|\n|t:|1776433839\n|switch|p1a: Floette|Floette-Mega, L50, F|68/100\n|-ability|p1a: Floette|Fairy Aura\n|move|p1b: Kingambit|Sucker Punch|p2a: Whimsicott\n|-resisted|p2a: Whimsicott|1\n|-damage|p2a: Whimsicott|0 fnt\n|faint|p2a: Whimsicott\n|move|p2b: Aerodactyl|Rock Slide|p1b: Kingambit|[spread] p1a,p1b\n|-resisted|p1b: Kingambit|1\n|-crit|p1b: Kingambit\n|-damage|p1a: Floette|47/100\n|-damage|p1b: Kingambit|57/100\n|\n|upkeep\n|\n|t:|1776433850\n|switch|p2a: Goodra|Goodra-Hisui, L50, M|100/100\n|turn|7\n|\n|t:|1776433876\n|move|p1a: Floette|Protect|p1a: Floette\n|-singleturn|p1a: Floette|Protect\n|move|p2b: Aerodactyl|Wide Guard|p2b: Aerodactyl\n|-singleturn|p2b: Aerodactyl|Wide Guard\n|move|p2a: Goodra|Shelter|p2a: Goodra\n|-boost|p2a: Goodra|def|2\n|move|p1b: Kingambit|Iron Head|p2b: Aerodactyl\n|-supereffective|p2b: Aerodactyl|1\n|-damage|p2b: Aerodactyl|0 fnt\n|faint|p2b: Aerodactyl\n|\n|upkeep\n|\n|t:|1776433886\n|switch|p2b: Altaria|Altaria, L50, F|100/100\n|-ability|p2b: Altaria|Cloud Nine\n|turn|8\n|\n|t:|1776433924\n|switch|p1a: Incineroar|Incineroar, L50, F|35/100\n|-ability|p1a: Incineroar|Intimidate|boost\n|-unboost|p2a: Goodra|atk|1\n|-unboost|p2b: Altaria|atk|1\n|move|p2b: Altaria|Will-O-Wisp|p1b: Kingambit\n|-status|p1b: Kingambit|brn\n|move|p2a: Goodra|Shelter|p2a: Goodra\n|-boost|p2a: Goodra|def|2\n|move|p1b: Kingambit|Kowtow Cleave|p2b: Altaria\n|-damage|p2b: Altaria|79/100\n|\n|-heal|p2b: Altaria|85/100|[from] item: Leftovers\n|-damage|p1b: Kingambit|51/100 brn|[from] brn\n|-sideend|p2: Zartant|move: Tailwind\n|upkeep\n|turn|9\n|\n|t:|1776433966\n|switch|p1b: Floette|Floette-Mega, L50, F|47/100\n|-ability|p1b: Floette|Fairy Aura\n|move|p1a: Incineroar|Fake Out|p2b: Altaria\n|-damage|p2b: Altaria|75/100\n|cant|p2b: Altaria|flinch\n|move|p2a: Goodra|Shelter|p2a: Goodra\n|-boost|p2a: Goodra|def|2\n|\n|-heal|p2b: Altaria|81/100|[from] item: Leftovers\n|upkeep\n|turn|10\n|\n|t:|1776434018\n|move|p1b: Floette|Dazzling Gleam|p2b: Altaria|[spread] p2a,p2b\n|-supereffective|p2b: Altaria|1\n|-damage|p2a: Goodra|76/100\n|-damage|p2b: Altaria|0 fnt\n|faint|p2b: Altaria\n|move|p1a: Incineroar|Throat Chop|p2a: Goodra\n|-damage|p2a: Goodra|65/100\n|-start|p2a: Goodra|Throat Chop|[silent]\n|move|p2a: Goodra|Body Press|p1a: Incineroar\n|-supereffective|p1a: Incineroar|1\n|-damage|p1a: Incineroar|0 fnt\n|faint|p1a: Incineroar\n|\n|upkeep\n|\n|t:|1776434040\n|switch|p1a: Aerodactyl|Aerodactyl, L50, F|24/100\n|-ability|p1a: Aerodactyl|Unnerve\n|turn|11\n|\n|t:|1776434080\n|move|p1a: Aerodactyl|Tailwind|p1a: Aerodactyl\n|-sidestart|p1: PMagnoS|move: Tailwind\n|move|p1b: Floette|Moonblast|p2a: Goodra\n|-damage|p2a: Goodra|25/100\n|move|p2a: Goodra|Body Press|p1b: Floette\n|-resisted|p1b: Floette|1\n|-damage|p1b: Floette|0 fnt\n|faint|p1b: Floette\n|\n|-end|p2a: Goodra|Throat Chop|[silent]\n|upkeep\n|\n|t:|1776434091\n|switch|p1b: Kingambit|Kingambit, L50, M|51/100 brn\n|turn|12\n|\n|t:|1776434116\n|move|p1a: Aerodactyl|Rock Slide|p2a: Goodra\n|-resisted|p2a: Goodra|1\n|-damage|p2a: Goodra|20/100\n|move|p1b: Kingambit|Kowtow Cleave|p2a: Goodra\n|-damage|p2a: Goodra|14/100\n|move|p2a: Goodra|Rest|p2a: Goodra\n|-status|p2a: Goodra|slp|[from] move: Rest\n|-heal|p2a: Goodra|100/100 slp|[silent]\n|\n|-damage|p1b: Kingambit|45/100 brn|[from] brn\n|upkeep\n|turn|13\n|\n|t:|1776434154\n|move|p1a: Aerodactyl|Rock Slide|p2a: Goodra\n|-resisted|p2a: Goodra|1\n|-damage|p2a: Goodra|97/100 slp\n|move|p1b: Kingambit|Kowtow Cleave|p2a: Goodra\n|-damage|p2a: Goodra|89/100 slp\n|cant|p2a: Goodra|slp\n|\n|-damage|p1b: Kingambit|40/100 brn|[from] brn\n|upkeep\n|turn|14\n|\n|t:|1776434199\n|move|p1a: Aerodactyl|Dual Wingbeat|p2a: Goodra\n|-resisted|p2a: Goodra|1\n|-damage|p2a: Goodra|87/100 slp\n|-resisted|p2a: Goodra|1\n|-damage|p2a: Goodra|85/100 slp\n|-hitcount|p2a: Goodra|2\n|move|p1b: Kingambit|Kowtow Cleave|p2a: Goodra\n|-damage|p2a: Goodra|78/100 slp\n|cant|p2a: Goodra|slp\n|\n|-damage|p1b: Kingambit|34/100 brn|[from] brn\n|-sideend|p1: PMagnoS|move: Tailwind\n|upkeep\n|turn|15\n|\n|t:|1776434237\n|move|p1a: Aerodactyl|Tailwind|p1a: Aerodactyl\n|-sidestart|p1: PMagnoS|move: Tailwind\n|move|p1b: Kingambit|Kowtow Cleave|p2a: Goodra\n|-damage|p2a: Goodra|71/100 slp\n|-curestatus|p2a: Goodra|slp|[msg]\n|move|p2a: Goodra|Body Press|p1b: Kingambit\n|-supereffective|p1b: Kingambit|2\n|-damage|p1b: Kingambit|0 fnt\n|faint|p1b: Kingambit\n|\n|upkeep\n|turn|16\n|\n|t:|1776434253\n|move|p1a: Aerodactyl|Protect|p1a: Aerodactyl\n|-singleturn|p1a: Aerodactyl|Protect\n|move|p2a: Goodra|Body Press|p1a: Aerodactyl\n|-activate|p1a: Aerodactyl|move: Protect\n|\n|upkeep\n|turn|17\n|\n|t:|1776434261\n|move|p1a: Aerodactyl|Rock Slide|p2a: Goodra\n|-resisted|p2a: Goodra|1\n|-damage|p2a: Goodra|66/100\n|cant|p2a: Goodra|flinch\n|\n|upkeep\n|turn|18\n|\n|t:|1776434268\n|move|p1a: Aerodactyl|Rock Slide|p2a: Goodra|[miss]\n|-miss|p1a: Aerodactyl|p2a: Goodra\n|move|p2a: Goodra|Body Press|p1a: Aerodactyl\n|-damage|p1a: Aerodactyl|0 fnt\n|faint|p1a: Aerodactyl\n|\n|win|Zartant\n|raw|PMagnoS's rating: 1073 &rarr; <strong>1051</strong><br />(-22 for losing)\n|raw|Zartant's rating: 1063 &rarr; <strong>1094</strong><br />(+31 for winning)\n",
  "uploadtime": 1776434289,
  "views": 27,
  "formatid": "gen9championsvgc2026regma",
  "rating": 1051,
  "private": 0,
  "password": null
}