{
  "id": "gen9championsvgc2026regma-2587394148",
  "format": "[Gen 9 Champions] VGC 2026 Reg M-A",
  "players": [
    "Oogan Boogan",
    "8alberto8"
  ],
  "log": "|j|\u2606Oogan Boogan\n|j|\u26068alberto8\n|t:|1776528160\n|gametype|doubles\n|player|p1|Oogan Boogan|juan|1148\n|player|p2|8alberto8|101|1193\n|gen|9\n|tier|[Gen 9 Champions] VGC 2026 Reg M-A\n|rated|\n|rule|Species Clause: Limit one of each Pok\u00e9mon\n|rule|Item Clause: Limit 1 of each item\n|clearpoke\n|poke|p1|Sinistcha, L50|\n|poke|p1|Manectric, L50, F|\n|poke|p1|Archaludon, L50, F|\n|poke|p1|Politoed, L50, F|\n|poke|p1|Scizor, L50, M|\n|poke|p1|Incineroar, L50, F|\n|poke|p2|Vanilluxe, L50, F, shiny|\n|poke|p2|Slowking-Galar, L50, M, shiny|\n|poke|p2|Typhlosion, L50, F, shiny|\n|poke|p2|Crabominable, L50, F, shiny|\n|poke|p2|Oranguru, L50, M, shiny|\n|poke|p2|Golurk, L50, shiny|\n|teampreview|4\n|inactive|Battle timer is ON: inactive players will automatically lose when time's up. (requested by 8alberto8)\n|inactive|Oogan Boogan has 60 seconds left.\n|\n|t:|1776528218\n|teamsize|p1|4\n|teamsize|p2|4\n|start\n|switch|p1a: Manectric|Manectric, L50, F|100/100\n|switch|p1b: Incineroar|Incineroar, L50, F|100/100\n|switch|p2a: Vanilluxe|Vanilluxe, L50, F, shiny|100/100\n|switch|p2b: Slowking|Slowking-Galar, L50, M, shiny|100/100\n|-weather|Snowscape|[from] ability: Snow Warning|[of] p2a: Vanilluxe\n|-ability|p1b: Incineroar|Intimidate|boost\n|-unboost|p2a: Vanilluxe|atk|1\n|-unboost|p2b: Slowking|atk|1\n|-clearboost|p2a: Vanilluxe|[from] ability: Curious Medicine|[of] p2b: Slowking\n|turn|1\n|inactive|8alberto8 has 30 seconds left.\n|\n|t:|1776528249\n|detailschange|p1a: Manectric|Manectric-Mega, L50, F\n|-mega|p1a: Manectric|Manectric|Manectite\n|-ability|p1a: Manectric|Intimidate|boost\n|-unboost|p2a: Vanilluxe|atk|1\n|-unboost|p2b: Slowking|atk|1\n|move|p1a: Manectric|Volt Switch|p2b: Slowking\n|-damage|p2b: Slowking|72/100\n|\n|t:|1776528255\n|switch|p1a: Politoed|Politoed, L50, F|100/100|[from] Volt Switch\n|-weather|RainDance|[from] ability: Drizzle|[of] p1a: Politoed\n|move|p2a: Vanilluxe|Aurora Veil||[still]\n|-fail|p2a: Vanilluxe\n|move|p1b: Incineroar|Darkest Lariat|p2b: Slowking\n|-supereffective|p2b: Slowking|1\n|-damage|p2b: Slowking|6/100\n|move|p2b: Slowking|Psychic|p1a: Politoed\n|-damage|p1a: Politoed|59/100\n|\n|-weather|RainDance|[upkeep]\n|-heal|p2b: Slowking|12/100|[from] item: Leftovers\n|upkeep\n|turn|2\n|\n|t:|1776528278\n|move|p2a: Vanilluxe|Blizzard|p1b: Incineroar|[spread] p1b\n|-miss|p2a: Vanilluxe|p1a: Politoed\n|-resisted|p1b: Incineroar|1\n|-damage|p1b: Incineroar|90/100\n|move|p1a: Politoed|Weather Ball|p2a: Vanilluxe\n|-damage|p2a: Vanilluxe|48/100\n|move|p1b: Incineroar|Parting Shot|p2b: Slowking\n|-unboost|p2b: Slowking|atk|1\n|-unboost|p2b: Slowking|spa|1\n|\n|t:|1776528288\n|switch|p1b: Sinistcha|Sinistcha, L50|100/100|[from] Parting Shot\n|-heal|p1a: Politoed|84/100|[from] ability: Hospitality|[of] p1b: Sinistcha\n|-prepare|p2b: Slowking|Chilly Reception|[premajor]\n|move|p2b: Slowking|Chilly Reception|p2b: Slowking\n|-weather|Snowscape\n|\n|t:|1776528298\n|switch|p2b: Typhlosion|Typhlosion, L50, F, shiny|100/100|[from] Chilly Reception\n|\n|-weather|Snowscape|[upkeep]\n|upkeep\n|turn|3\n|\n|t:|1776528308\n|switch|p1b: Incineroar|Incineroar, L50, F|90/100\n|-ability|p1b: Incineroar|Intimidate|boost\n|-unboost|p2a: Vanilluxe|atk|1\n|-unboost|p2b: Typhlosion|atk|1\n|move|p2b: Typhlosion|Eruption|p1a: Politoed|[spread] p1a,p1b\n|-resisted|p1a: Politoed|1\n|-resisted|p1b: Incineroar|1\n|-damage|p1a: Politoed|60/100\n|-damage|p1b: Incineroar|68/100\n|move|p2a: Vanilluxe|Aurora Veil|p2a: Vanilluxe\n|-sidestart|p2: 8alberto8|move: Aurora Veil\n|move|p1a: Politoed|Rain Dance|p1a: Politoed\n|-weather|RainDance\n|\n|-weather|RainDance|[upkeep]\n|upkeep\n|turn|4\n|\n|t:|1776528328\n|switch|p2b: Slowking|Slowking-Galar, L50, M, shiny|12/100\n|-clearboost|p2a: Vanilluxe|[from] ability: Curious Medicine|[of] p2b: Slowking\n|switch|p2a: Crabominable|Crabominable, L50, F, shiny|100/100\n|move|p1a: Politoed|Weather Ball|p2b: Slowking\n|-damage|p2b: Slowking|0 fnt\n|faint|p2b: Slowking\n|move|p1b: Incineroar|Parting Shot|p2a: Crabominable\n|-unboost|p2a: Crabominable|atk|1\n|-unboost|p2a: Crabominable|spa|1\n|\n|t:|1776528333\n|switch|p1b: Manectric|Manectric-Mega, L50, F|100/100|[from] Parting Shot\n|-ability|p1b: Manectric|Intimidate|boost\n|-unboost|p2a: Crabominable|atk|1\n|\n|-weather|RainDance|[upkeep]\n|upkeep\n|\n|t:|1776528351\n|switch|p2b: Vanilluxe|Vanilluxe, L50, F, shiny|48/100\n|-weather|Snowscape|[from] ability: Snow Warning|[of] p2b: Vanilluxe\n|turn|5\n|\n|t:|1776528368\n|switch|p2b: Typhlosion|Typhlosion, L50, F, shiny|100/100\n|switch|p1a: Incineroar|Incineroar, L50, F|68/100\n|-ability|p1a: Incineroar|Intimidate|boost\n|-unboost|p2a: Crabominable|atk|1\n|-unboost|p2b: Typhlosion|atk|1\n|detailschange|p2a: Crabominable|Crabominable-Mega, L50, F, shiny\n|-mega|p2a: Crabominable|Crabominable|Crabominite\n|move|p1b: Manectric|Volt Switch|p2b: Typhlosion\n|-damage|p2b: Typhlosion|71/100\n|\n|t:|1776528382\n|switch|p1b: Politoed|Politoed, L50, F|60/100|[from] Volt Switch\n|-weather|RainDance|[from] ability: Drizzle|[of] p1b: Politoed\n|move|p2a: Crabominable|Thunder Punch|p1a: Incineroar\n|-damage|p1a: Incineroar|52/100\n|\n|-weather|RainDance|[upkeep]\n|upkeep\n|turn|6\n|\n|t:|1776528396\n|switch|p2a: Vanilluxe|Vanilluxe, L50, F, shiny|48/100\n|-weather|Snowscape|[from] ability: Snow Warning|[of] p2a: Vanilluxe\n|move|p1a: Incineroar|Fake Out|p2a: Vanilluxe\n|-crit|p2a: Vanilluxe\n|-damage|p2a: Vanilluxe|34/100\n|move|p2b: Typhlosion|Scorching Sands|p1a: Incineroar\n|-supereffective|p1a: Incineroar|1\n|-damage|p1a: Incineroar|16/100\n|move|p1b: Politoed|Rain Dance|p1b: Politoed\n|-weather|RainDance\n|\n|-weather|RainDance|[upkeep]\n|upkeep\n|turn|7\n|\n|t:|1776528414\n|switch|p2a: Crabominable|Crabominable-Mega, L50, F, shiny|100/100\n|switch|p1a: Sinistcha|Sinistcha, L50|100/100\n|-heal|p1b: Politoed|85/100|[from] ability: Hospitality|[of] p1a: Sinistcha\n|move|p2b: Typhlosion|Scorching Sands|p1a: Sinistcha\n|-resisted|p1a: Sinistcha|1\n|-damage|p1a: Sinistcha|86/100\n|move|p1b: Politoed|Weather Ball|p2b: Typhlosion\n|-supereffective|p2b: Typhlosion|1\n|-damage|p2b: Typhlosion|0 fnt\n|faint|p2b: Typhlosion\n|\n|-weather|RainDance|[upkeep]\n|-sideend|p2: 8alberto8|move: Aurora Veil\n|upkeep\n|\n|t:|1776528430\n|switch|p2b: Vanilluxe|Vanilluxe, L50, F, shiny|34/100\n|-weather|Snowscape|[from] ability: Snow Warning|[of] p2b: Vanilluxe\n|turn|8\n|\n|t:|1776528449\n|switch|p1b: Manectric|Manectric-Mega, L50, F|100/100\n|-ability|p1b: Manectric|Intimidate|boost\n|-unboost|p2a: Crabominable|atk|1\n|-unboost|p2b: Vanilluxe|atk|1\n|move|p2b: Vanilluxe|Protect|p2b: Vanilluxe\n|-singleturn|p2b: Vanilluxe|Protect\n|move|p1a: Sinistcha|Rage Powder|p1a: Sinistcha\n|-singleturn|p1a: Sinistcha|move: Rage Powder\n|move|p2a: Crabominable|Ice Hammer|p1a: Sinistcha\n|-supereffective|p1a: Sinistcha|1\n|-damage|p1a: Sinistcha|11/100\n|-unboost|p2a: Crabominable|spe|1\n|\n|-weather|Snowscape|[upkeep]\n|upkeep\n|turn|9\n|inactive|8alberto8 has 30 seconds left.\n|inactive|8alberto8 has 20 seconds left.\n|inactive|8alberto8 has 15 seconds left.\n|inactive|8alberto8 has 10 seconds left.\n|inactive|8alberto8 has 5 seconds left.\n|\n|t:|1776528504\n|switch|p1a: Incineroar|Incineroar, L50, F|16/100\n|-ability|p1a: Incineroar|Intimidate|boost\n|-unboost|p2a: Crabominable|atk|1\n|-unboost|p2b: Vanilluxe|atk|1\n|move|p1b: Manectric|Volt Switch|p2b: Vanilluxe\n|-damage|p2b: Vanilluxe|6/100\n|\n|t:|1776528518\n|switch|p1b: Sinistcha|Sinistcha, L50|11/100|[from] Volt Switch\n|-heal|p1a: Incineroar|41/100|[from] ability: Hospitality|[of] p1b: Sinistcha\n|move|p2b: Vanilluxe|Aurora Veil|p2b: Vanilluxe\n|-sidestart|p2: 8alberto8|move: Aurora Veil\n|move|p2a: Crabominable|Thunder Punch|p1a: Incineroar\n|-damage|p1a: Incineroar|23/100\n|\n|-weather|Snowscape|[upkeep]\n|upkeep\n|turn|10\n|inactive|8alberto8 has 30 seconds left.\n|inactive|8alberto8 has 20 seconds left.\n|inactive|8alberto8 has 15 seconds left.\n|inactive|8alberto8 has 10 seconds left.\n|inactive|8alberto8 has 5 seconds left.\n|\n|t:|1776528573\n|switch|p1b: Manectric|Manectric-Mega, L50, F|100/100\n|-ability|p1b: Manectric|Intimidate|boost\n|-unboost|p2a: Crabominable|atk|1\n|-unboost|p2b: Vanilluxe|atk|1\n|move|p1a: Incineroar|Fake Out|p2a: Crabominable\n|-damage|p2a: Crabominable|97/100\n|move|p2b: Vanilluxe|Aurora Veil||[still]\n|-fail|p2b: Vanilluxe\n|cant|p2a: Crabominable|flinch\n|\n|-weather|Snowscape|[upkeep]\n|upkeep\n|turn|11\n|inactive|Oogan Boogan has 30 seconds left.\n|inactive|8alberto8 has 30 seconds left.\n|inactive|8alberto8 has 20 seconds left.\n|inactive|8alberto8 has 15 seconds left.\n|inactive|8alberto8 has 10 seconds left.\n|inactive|8alberto8 has 5 seconds left.\n|\n|t:|1776528628\n|move|p1b: Manectric|Volt Switch|p2b: Vanilluxe\n|-damage|p2b: Vanilluxe|0 fnt\n|faint|p2b: Vanilluxe\n|\n|t:|1776528639\n|switch|p1b: Sinistcha|Sinistcha, L50|11/100|[from] Volt Switch\n|-heal|p1a: Incineroar|48/100|[from] ability: Hospitality|[of] p1b: Sinistcha\n|move|p1a: Incineroar|Will-O-Wisp|p2a: Crabominable\n|-status|p2a: Crabominable|brn\n|move|p2a: Crabominable|Thunder Punch|p1a: Incineroar\n|-damage|p1a: Incineroar|40/100\n|\n|-weather|Snowscape|[upkeep]\n|-damage|p2a: Crabominable|91/100 brn|[from] brn\n|upkeep\n|turn|12\n|inactive|8alberto8 has 30 seconds left.\n|inactive|8alberto8 has 20 seconds left.\n|inactive|8alberto8 has 15 seconds left.\n|inactive|8alberto8 has 10 seconds left.\n|inactive|8alberto8 has 5 seconds left.\n|\n|t:|1776528694\n|move|p1b: Sinistcha|Life Dew|p1b: Sinistcha|[spread] p1a,p1b\n|-heal|p1a: Incineroar|65/100\n|-heal|p1b: Sinistcha|36/100\n|move|p1a: Incineroar|Darkest Lariat|p2a: Crabominable\n|-resisted|p2a: Crabominable|1\n|-damage|p2a: Crabominable|86/100 brn\n|move|p2a: Crabominable|Thunder Punch|p1a: Incineroar\n|-damage|p1a: Incineroar|58/100\n|\n|-weather|none\n|-damage|p2a: Crabominable|80/100 brn|[from] brn\n|upkeep\n|turn|13\n|inactive|8alberto8 has 30 seconds left.\n|inactive|Oogan Boogan has 30 seconds left.\n|inactive|8alberto8 has 20 seconds left.\n|inactive|8alberto8 has 15 seconds left.\n|inactive|Oogan Boogan has 20 seconds left.\n|inactive|8alberto8 has 10 seconds left.\n|inactive|8alberto8 has 5 seconds left.\n|-message|8alberto8 lost due to inactivity.\n|\n|win|Oogan Boogan\n|raw|Oogan Boogan's rating: 1148 &rarr; <strong>1175</strong><br />(+27 for winning)\n|raw|8alberto8's rating: 1172 &rarr; <strong>1145</strong><br />(-27 for losing)\n",
  "uploadtime": 1776528742,
  "views": 22,
  "formatid": "gen9championsvgc2026regma",
  "rating": 1145,
  "private": 0,
  "password": null
}