{
  "id": "gen9championsvgc2026regma-2584808244",
  "format": "[Gen 9 Champions] VGC 2026 Reg M-A",
  "players": [
    "JoshieWoo17",
    "angemorgs"
  ],
  "log": "|j|\u2606JoshieWoo17\n|j|\u2606angemorgs\n|t:|1776285193\n|gametype|doubles\n|player|p1|JoshieWoo17|cynthia-gen4|1016\n|player|p2|angemorgs|backersf|1102\n|gen|9\n|tier|[Gen 9 Champions] VGC 2026 Reg M-A\n|rated|\n|rule|Species Clause: Limit one of each Pok\u00e9mon\n|rule|Item Clause: Limit 1 of each item\n|clearpoke\n|poke|p1|Delphox, L50, M|\n|poke|p1|Garganacl, L50, F|\n|poke|p1|Weavile, L50, F|\n|poke|p1|Maushold, L50|\n|poke|p1|Aegislash, L50, F|\n|poke|p1|Whimsicott, L50, M|\n|poke|p2|Floette-Eternal, L50, F|\n|poke|p2|Garchomp, L50, M|\n|poke|p2|Sneasler, L50, M|\n|poke|p2|Rotom-Wash, L50|\n|poke|p2|Aerodactyl, L50, F|\n|poke|p2|Incineroar, L50, F|\n|teampreview|4\n|c|\u2606JoshieWoo17|glhf\n|c|\u2606angemorgs|glhf\n|\n|t:|1776285240\n|teamsize|p1|4\n|teamsize|p2|4\n|start\n|switch|p1a: Delphox|Delphox, L50, M|100/100\n|switch|p1b: Weavile|Weavile, L50, F|100/100\n|switch|p2a: Sneasler|Sneasler, L50, M|100/100\n|switch|p2b: Incineroar|Incineroar, L50, F|100/100\n|-ability|p2b: Incineroar|Intimidate|boost\n|-unboost|p1a: Delphox|atk|1\n|-unboost|p1b: Weavile|atk|1\n|turn|1\n|\n|t:|1776285285\n|move|p2a: Sneasler|Protect|p2a: Sneasler\n|-singleturn|p2a: Sneasler|Protect\n|move|p1b: Weavile|Fake Out|p2a: Sneasler\n|-activate|p2a: Sneasler|move: Protect\n|move|p1a: Delphox|Substitute|p1a: Delphox\n|-start|p1a: Delphox|Substitute\n|-damage|p1a: Delphox|76/100\n|move|p2b: Incineroar|Throat Chop|p1a: Delphox\n|-supereffective|p1a: Delphox|1\n|-end|p1a: Delphox|Substitute\n|\n|upkeep\n|turn|2\n|\n|t:|1776285313\n|detailschange|p1a: Delphox|Delphox-Mega, L50, M\n|-mega|p1a: Delphox|Delphox|Delphoxite\n|move|p1a: Delphox|Psychic|p2a: Sneasler\n|-supereffective|p2a: Sneasler|2\n|-damage|p2a: Sneasler|0 fnt\n|faint|p2a: Sneasler\n|move|p1b: Weavile|Icicle Crash|p2b: Incineroar\n|-resisted|p2b: Incineroar|1\n|-damage|p2b: Incineroar|91/100\n|cant|p2b: Incineroar|flinch\n|\n|upkeep\n|\n|t:|1776285328\n|switch|p2a: Floette|Floette-Eternal, L50, F|100/100\n|turn|3\n|\n|t:|1776285345\n|detailschange|p2a: Floette|Floette-Mega, L50, F\n|-mega|p2a: Floette|Floette|Floettite\n|-ability|p2a: Floette|Fairy Aura\n|move|p1a: Delphox|Heat Wave|p2a: Floette|[spread] p2b\n|-miss|p1a: Delphox|p2a: Floette\n|-resisted|p2b: Incineroar|1\n|-damage|p2b: Incineroar|70/100\n|move|p1b: Weavile|Icicle Crash|p2a: Floette\n|-crit|p2a: Floette\n|-damage|p2a: Floette|36/100\n|move|p2a: Floette|Dazzling Gleam|p1b: Weavile|[spread] p1a,p1b\n|-resisted|p1a: Delphox|1\n|-supereffective|p1b: Weavile|1\n|-crit|p1b: Weavile\n|-damage|p1a: Delphox|55/100\n|-enditem|p1b: Weavile|Focus Sash\n|-damage|p1b: Weavile|1/100\n|move|p2b: Incineroar|Throat Chop|p1a: Delphox\n|-supereffective|p1a: Delphox|1\n|-damage|p1a: Delphox|0 fnt\n|faint|p1a: Delphox\n|\n|upkeep\n|\n|t:|1776285365\n|switch|p1a: Garganacl|Garganacl, L50, F|100/100\n|turn|4\n|\n|t:|1776285373\n|move|p2a: Floette|Protect|p2a: Floette\n|-singleturn|p2a: Floette|Protect\n|move|p1b: Weavile|Icicle Crash|p2a: Floette\n|-activate|p2a: Floette|move: Protect\n|move|p2b: Incineroar|Throat Chop|p1b: Weavile\n|-resisted|p1b: Weavile|1\n|-damage|p1b: Weavile|0 fnt\n|faint|p1b: Weavile\n|move|p1a: Garganacl|Body Press|p2b: Incineroar\n|-supereffective|p2b: Incineroar|1\n|-damage|p2b: Incineroar|29/100\n|-enditem|p2b: Incineroar|Sitrus Berry|[eat]\n|-heal|p2b: Incineroar|53/100|[from] item: Sitrus Berry\n|\n|upkeep\n|\n|t:|1776285385\n|switch|p1b: Aegislash|Aegislash, L50, F|100/100\n|turn|5\n|\n|t:|1776285396\n|switch|p2a: Garchomp|Garchomp, L50, M|100/100\n|move|p2b: Incineroar|Parting Shot|p1b: Aegislash\n|-unboost|p1b: Aegislash|atk|1\n|-unboost|p1b: Aegislash|spa|1\n|\n|t:|1776285401\n|switch|p2b: Floette|Floette-Mega, L50, F|36/100|[from] Parting Shot\n|-ability|p2b: Floette|Fairy Aura\n|-formechange|p1b: Aegislash|Aegislash-Blade|\n|move|p1b: Aegislash|Iron Head|p2a: Garchomp\n|-damage|p2a: Garchomp|76/100\n|-damage|p1b: Aegislash|89/100|[from] ability: Rough Skin|[of] p2a: Garchomp\n|move|p1a: Garganacl|Salt Cure|p2b: Floette\n|-damage|p2b: Floette|23/100\n|-start|p2b: Floette|Salt Cure\n|\n|-damage|p2b: Floette|17/100|[from] Salt Cure\n|upkeep\n|turn|6\n|\n|t:|1776285424\n|move|p2b: Floette|Protect|p2b: Floette\n|-singleturn|p2b: Floette|Protect\n|-formechange|p1b: Aegislash|Aegislash|\n|move|p1b: Aegislash|King's Shield|p1b: Aegislash\n|-singleturn|p1b: Aegislash|Protect\n|move|p2a: Garchomp|Earthquake|p1a: Garganacl|[spread] p1a\n|-activate|p2b: Floette|move: Protect\n|-activate|p1b: Aegislash|move: Protect\n|-supereffective|p1a: Garganacl|1\n|-damage|p1a: Garganacl|51/100\n|move|p1a: Garganacl|Body Press|p2a: Garchomp\n|-damage|p2a: Garchomp|49/100\n|-damage|p1a: Garganacl|39/100|[from] ability: Rough Skin|[of] p2a: Garchomp\n|\n|-heal|p1a: Garganacl|45/100|[from] item: Leftovers\n|-damage|p2b: Floette|10/100|[from] Salt Cure\n|upkeep\n|turn|7\n|\n|t:|1776285454\n|switch|p2b: Incineroar|Incineroar, L50, F|53/100\n|-ability|p2b: Incineroar|Intimidate|boost\n|-unboost|p1a: Garganacl|atk|1\n|-unboost|p1b: Aegislash|atk|1\n|move|p1a: Garganacl|Protect|p1a: Garganacl\n|-singleturn|p1a: Garganacl|Protect\n|move|p2a: Garchomp|Earthquake|p1b: Aegislash|[spread] p2b,p1b\n|-activate|p1a: Garganacl|move: Protect\n|-supereffective|p2b: Incineroar|1\n|-supereffective|p1b: Aegislash|1\n|-damage|p2b: Incineroar|0 fnt\n|-damage|p1b: Aegislash|13/100\n|faint|p2b: Incineroar\n|-formechange|p1b: Aegislash|Aegislash-Blade|\n|move|p1b: Aegislash|Poltergeist|p2a: Garchomp\n|-activate|p2a: Garchomp|move: Poltergeist|Soft Sand\n|-damage|p2a: Garchomp|15/100\n|\n|-heal|p1a: Garganacl|51/100|[from] item: Leftovers\n|upkeep\n|\n|t:|1776285471\n|switch|p2b: Floette|Floette-Mega, L50, F|10/100\n|-ability|p2b: Floette|Fairy Aura\n|turn|8\n|\n|t:|1776285488\n|move|p1b: Aegislash|Shadow Sneak|p2b: Floette\n|-damage|p2b: Floette|0 fnt\n|faint|p2b: Floette\n|move|p2a: Garchomp|Earthquake|p1b: Aegislash|[spread] p1a,p1b\n|-supereffective|p1a: Garganacl|1\n|-supereffective|p1b: Aegislash|1\n|-damage|p1a: Garganacl|3/100\n|-damage|p1b: Aegislash|0 fnt\n|faint|p1b: Aegislash\n|move|p1a: Garganacl|Salt Cure|p2a: Garchomp\n|-resisted|p2a: Garchomp|1\n|-damage|p2a: Garchomp|10/100\n|-start|p2a: Garchomp|Salt Cure\n|\n|-heal|p1a: Garganacl|9/100|[from] item: Leftovers\n|-damage|p2a: Garchomp|4/100|[from] Salt Cure\n|upkeep\n|turn|9\n|\n|t:|1776285501\n|move|p1a: Garganacl|Protect|p1a: Garganacl\n|-singleturn|p1a: Garganacl|Protect\n|move|p2a: Garchomp|Earthquake|p1a: Garganacl\n|-activate|p1a: Garganacl|move: Protect\n|\n|-heal|p1a: Garganacl|15/100|[from] item: Leftovers\n|-damage|p2a: Garchomp|0 fnt|[from] Salt Cure\n|faint|p2a: Garchomp\n|\n|win|JoshieWoo17\n",
  "uploadtime": 1776285196,
  "views": 19,
  "formatid": "gen9championsvgc2026regma",
  "rating": null,
  "private": 0,
  "password": null
}