{
  "id": "gen9championsvgc2026regma-2586130210",
  "format": "[Gen 9 Champions] VGC 2026 Reg M-A",
  "players": [
    "tronzer",
    "NormalShowdownUser"
  ],
  "log": "|j|\u2606tronzer\n|j|\u2606NormalShowdownUser\n|t:|1776402697\n|gametype|doubles\n|player|p1|tronzer|roark|1271\n|player|p2|NormalShowdownUser|169|1295\n|gen|9\n|tier|[Gen 9 Champions] VGC 2026 Reg M-A\n|rated|\n|rule|Species Clause: Limit one of each Pok\u00e9mon\n|rule|Item Clause: Limit 1 of each item\n|clearpoke\n|poke|p1|Jolteon, L50, F|\n|poke|p1|Excadrill, L50, F|\n|poke|p1|Whimsicott, L50, M|\n|poke|p1|Garchomp, L50, M|\n|poke|p1|Rotom-Heat, L50|\n|poke|p1|Milotic, L50, M|\n|poke|p2|Blastoise, L50, M|\n|poke|p2|Raichu, L50, M|\n|poke|p2|Machamp, L50, M|\n|poke|p2|Pelipper, L50, M|\n|poke|p2|Tsareena, L50, F|\n|poke|p2|Archaludon, L50, M|\n|teampreview|4\n|inactive|Battle timer is ON: inactive players will automatically lose when time's up. (requested by NormalShowdownUser)\n|\n|t:|1776402742\n|teamsize|p1|4\n|teamsize|p2|4\n|start\n|switch|p1a: Whimsicott|Whimsicott, L50, M|100/100\n|switch|p1b: Rotom|Rotom-Heat, L50|100/100\n|switch|p2a: Tsareena|Tsareena, L50, F|100/100\n|switch|p2b: Pelipper|Pelipper, L50, M|100/100\n|-weather|RainDance|[from] ability: Drizzle|[of] p2b: Pelipper\n|turn|1\n|inactive|tronzer has 30 seconds left.\n|inactive|tronzer has 20 seconds left.\n|inactive|tronzer has 15 seconds left.\n|\n|t:|1776402783\n|switch|p2a: Raichu|Raichu, L50, M|100/100\n|move|p1a: Whimsicott|Tailwind|p1a: Whimsicott\n|-sidestart|p1: tronzer|move: Tailwind\n|move|p1b: Rotom|Discharge|p2b: Pelipper|[spread] p1a,p2b\n|-ability|p2a: Raichu|Lightning Rod|boost\n|-boost|p2a: Raichu|spa|1\n|-resisted|p1a: Whimsicott|1\n|-supereffective|p2b: Pelipper|2\n|-damage|p1a: Whimsicott|77/100\n|-enditem|p2b: Pelipper|Focus Sash\n|-damage|p2b: Pelipper|1/100\n|-status|p2b: Pelipper|par\n|move|p2b: Pelipper|Tailwind|p2b: Pelipper\n|-sidestart|p2: NormalShowdownUser|move: Tailwind\n|\n|-weather|RainDance|[upkeep]\n|upkeep\n|turn|2\n|inactive|tronzer has 30 seconds left.\n|inactive|NormalShowdownUser has 30 seconds left.\n|\n|t:|1776402811\n|switch|p1b: Excadrill|Excadrill, L50, F|100/100\n|move|p2b: Pelipper|Protect|p2b: Pelipper\n|-singleturn|p2b: Pelipper|Protect\n|move|p1a: Whimsicott|Moonblast|p2b: Pelipper\n|-activate|p2b: Pelipper|move: Protect\n|move|p2a: Raichu|Alluring Voice|p1a: Whimsicott\n|-damage|p1a: Whimsicott|25/100\n|\n|-weather|RainDance|[upkeep]\n|upkeep\n|turn|3\n|inactive|tronzer has 30 seconds left.\n|\n|t:|1776402837\n|switch|p2b: Blastoise|Blastoise, L50, M|100/100\n|detailschange|p1b: Excadrill|Excadrill-Mega, L50, F\n|-mega|p1b: Excadrill|Excadrill|Excadrite\n|move|p2a: Raichu|Protect|p2a: Raichu\n|-singleturn|p2a: Raichu|Protect\n|move|p1a: Whimsicott|Moonblast|p2b: Blastoise\n|-damage|p2b: Blastoise|67/100\n|move|p1b: Excadrill|High Horsepower|p2a: Raichu\n|-supereffective|p2a: Raichu|1\n|-ability|p1b: Excadrill|Piercing Drill\n|-zbroken|p2a: Raichu\n|-damage|p2a: Raichu|27/100\n|\n|-weather|RainDance|[upkeep]\n|-heal|p2b: Blastoise|73/100|[from] ability: Rain Dish\n|upkeep\n|turn|4\n|\n|t:|1776402859\n|switch|p2a: Tsareena|Tsareena, L50, F|100/100\n|detailschange|p2b: Blastoise|Blastoise-Mega, L50, M\n|-mega|p2b: Blastoise|Blastoise|Blastoisinite\n|move|p1a: Whimsicott|Encore||[still]\n|cant|p2a: Tsareena|ability: Queenly Majesty|Encore|[of] p1a: Whimsicott\n|move|p1b: Excadrill|Rock Slide|p2b: Blastoise|[spread] p2a,p2b\n|-damage|p2a: Tsareena|69/100\n|-damage|p2b: Blastoise|51/100\n|move|p2b: Blastoise|Water Spout|p1a: Whimsicott|[spread] p1a,p1b\n|-resisted|p1a: Whimsicott|1\n|-supereffective|p1b: Excadrill|1\n|-damage|p1a: Whimsicott|0 fnt\n|-damage|p1b: Excadrill|0 fnt\n|faint|p1a: Whimsicott\n|faint|p1b: Excadrill\n|\n|-weather|RainDance|[upkeep]\n|-sideend|p1: tronzer|move: Tailwind\n|-sideend|p2: NormalShowdownUser|move: Tailwind\n|upkeep\n|\n|t:|1776402875\n|switch|p1a: Rotom|Rotom-Heat, L50|100/100\n|switch|p1b: Garchomp|Garchomp, L50, M|100/100\n|turn|5\n|\n|t:|1776402892\n|switch|p2b: Raichu|Raichu, L50, M|27/100\n|move|p1a: Rotom|Discharge|p2a: Tsareena|[spread] p2a\n|-ability|p2b: Raichu|Lightning Rod|boost\n|-boost|p2b: Raichu|spa|1\n|-immune|p1b: Garchomp\n|-resisted|p2a: Tsareena|1\n|-damage|p2a: Tsareena|54/100\n|move|p2a: Tsareena|Triple Axel|p1b: Garchomp|[miss]\n|-miss|p2a: Tsareena|p1b: Garchomp\n|move|p1b: Garchomp|Dragon Claw|p2a: Tsareena\n|-damage|p2a: Tsareena|5/100\n|\n|-weather|none\n|upkeep\n|turn|6\n|\n|t:|1776402914\n|move|p1a: Rotom|Discharge|p2a: Tsareena|[spread] p2a\n|-ability|p2b: Raichu|Lightning Rod|boost\n|-boost|p2b: Raichu|spa|1\n|-immune|p1b: Garchomp\n|-resisted|p2a: Tsareena|1\n|-damage|p2a: Tsareena|0 fnt\n|faint|p2a: Tsareena\n|move|p2b: Raichu|Alluring Voice|p1b: Garchomp\n|-supereffective|p1b: Garchomp|1\n|-damage|p1b: Garchomp|8/100\n|move|p1b: Garchomp|Earthquake|p2b: Raichu|[spread] p2b\n|-immune|p1a: Rotom|[from] ability: Levitate\n|-supereffective|p2b: Raichu|1\n|-damage|p2b: Raichu|0 fnt\n|faint|p2b: Raichu\n|\n|upkeep\n|\n|t:|1776402930\n|switch|p2b: Pelipper|Pelipper, L50, M|1/100 par\n|switch|p2a: Blastoise|Blastoise-Mega, L50, M|51/100\n|-weather|RainDance|[from] ability: Drizzle|[of] p2b: Pelipper\n|turn|7\n|\n|t:|1776402946\n|move|p2a: Blastoise|Fake Out|p1a: Rotom\n|-damage|p1a: Rotom|88/100\n|cant|p1a: Rotom|flinch\n|move|p1b: Garchomp|Rock Slide|p2a: Blastoise|[spread] p2a,p2b\n|-supereffective|p2b: Pelipper|1\n|-damage|p2a: Blastoise|35/100\n|-damage|p2b: Pelipper|0 fnt\n|faint|p2b: Pelipper\n|\n|-weather|RainDance|[upkeep]\n|upkeep\n|turn|8\n|-message|NormalShowdownUser forfeited.\n|\n|win|tronzer\n|raw|tronzer's rating: 1271 &rarr; <strong>1298</strong><br />(+27 for winning)\n|raw|NormalShowdownUser's rating: 1295 &rarr; <strong>1268</strong><br />(-27 for losing)\n|l|\u2606NormalShowdownUser\n|player|p2|\n|c|\u2606tronzer|gg\n",
  "uploadtime": 1776402961,
  "views": 33,
  "formatid": "gen9championsvgc2026regma",
  "rating": 1268,
  "private": 0,
  "password": null
}