{
  "id": "gen9championsvgc2026regma-2582387434",
  "format": "[Gen 9 Champions] VGC 2026 Reg M-A",
  "players": [
    "fragonstick",
    "monsters_mashed"
  ],
  "log": "|j|\u2606fragonstick\n|j|\u2606monsters_mashed\n|t:|1776088295\n|gametype|doubles\n|player|p1|fragonstick|265|1000\n|player|p2|monsters_mashed|backersf|1072\n|gen|9\n|tier|[Gen 9 Champions] VGC 2026 Reg M-A\n|rated|\n|rule|Species Clause: Limit one of each Pok\u00e9mon\n|rule|Item Clause: Limit 1 of each item\n|clearpoke\n|poke|p1|Scovillain, L50, F|\n|poke|p1|Meowstic, L50, M|\n|poke|p1|Armarouge, L50, M|\n|poke|p1|Volcarona, L50, F|\n|poke|p1|Conkeldurr, L50, M|\n|poke|p1|Zoroark, L50, F|\n|poke|p2|Froslass, L50, F|\n|poke|p2|Ninetales-Alola, L50, M|\n|poke|p2|Aerodactyl, L50, M|\n|poke|p2|Sneasler, L50, M|\n|poke|p2|Basculegion, L50, M|\n|poke|p2|Arcanine-Hisui, L50, M|\n|teampreview|4\n|\n|t:|1776088324\n|teamsize|p1|4\n|teamsize|p2|4\n|start\n|switch|p1a: Meowstic|Meowstic, L50, M|100/100\n|switch|p1b: Armarouge|Armarouge, L50, M|100/100\n|switch|p2a: Froslass|Froslass, L50, F|100/100\n|switch|p2b: Aerodactyl|Aerodactyl, L50, M|100/100\n|-ability|p2b: Aerodactyl|Unnerve\n|turn|1\n|inactive|Battle timer is ON: inactive players will automatically lose when time's up. (requested by fragonstick)\n|\n|t:|1776088347\n|detailschange|p2a: Froslass|Froslass-Mega, L50, F\n|-mega|p2a: Froslass|Froslass|Froslassite\n|-weather|Snowscape|[from] ability: Snow Warning|[of] p2a: Froslass\n|move|p1b: Armarouge|Protect|p1b: Armarouge\n|-singleturn|p1b: Armarouge|Protect\n|move|p1a: Meowstic|Reflect|p1a: Meowstic\n|-sidestart|p1: fragonstick|Reflect\n|move|p2a: Froslass|Aurora Veil|p2a: Froslass\n|-sidestart|p2: monsters_mashed|move: Aurora Veil\n|move|p2b: Aerodactyl|Tailwind|p2b: Aerodactyl\n|-sidestart|p2: monsters_mashed|move: Tailwind\n|\n|-weather|Snowscape|[upkeep]\n|upkeep\n|turn|2\n|\n|t:|1776088362\n|move|p1a: Meowstic|Light Screen|p1a: Meowstic\n|-sidestart|p1: fragonstick|move: Light Screen\n|move|p2a: Froslass|Shadow Ball|p1a: Meowstic\n|-supereffective|p1a: Meowstic|1\n|-damage|p1a: Meowstic|40/100\n|move|p2b: Aerodactyl|Rock Slide|p1b: Armarouge|[spread] p1b\n|-miss|p2b: Aerodactyl|p1a: Meowstic\n|-supereffective|p1b: Armarouge|1\n|-damage|p1b: Armarouge|69/100\n|cant|p1b: Armarouge|flinch\n|\n|-weather|Snowscape|[upkeep]\n|upkeep\n|turn|3\n|\n|t:|1776088383\n|move|p1a: Meowstic|Psychic Terrain|p1a: Meowstic\n|-fieldstart|move: Psychic Terrain\n|move|p2a: Froslass|Blizzard|p1a: Meowstic|[spread] p1a,p1b\n|-resisted|p1b: Armarouge|1\n|-damage|p1a: Meowstic|8/100\n|-damage|p1b: Armarouge|52/100\n|move|p2b: Aerodactyl|Rock Slide|p1b: Armarouge|[spread] p1a\n|-miss|p2b: Aerodactyl|p1b: Armarouge\n|-damage|p1a: Meowstic|0 fnt\n|faint|p1a: Meowstic\n|move|p1b: Armarouge|Trick Room|p1b: Armarouge\n|-fieldstart|move: Trick Room|[of] p1b: Armarouge\n|\n|-weather|Snowscape|[upkeep]\n|upkeep\n|\n|t:|1776088396\n|switch|p1a: Conkeldurr|Conkeldurr, L50, M|100/100\n|turn|4\n|\n|t:|1776088407\n|switch|p2b: Basculegion|Basculegion, L50, M|100/100\n|move|p1b: Armarouge|Expanding Force|p2b: Basculegion|[spread] p2a,p2b\n|-damage|p2a: Froslass|35/100\n|-damage|p2b: Basculegion|40/100\n|move|p1a: Conkeldurr|Dark Pulse|p2a: Froslass\n|-supereffective|p2a: Froslass|1\n|-damage|p2a: Froslass|0 fnt\n|faint|p2a: Froslass\n|\n|-weather|Snowscape|[upkeep]\n|-sideend|p2: monsters_mashed|move: Tailwind\n|upkeep\n|\n|t:|1776088418\n|switch|p2a: Ninetales|Ninetales-Alola, L50, M|100/100\n|turn|5\n|-message|monsters_mashed forfeited.\n|\n|win|fragonstick\n|raw|fragonstick's rating: 1000 &rarr; <strong>1048</strong><br />(+48 for winning)\n|raw|monsters_mashed's rating: 1072 &rarr; <strong>1047</strong><br />(-25 for losing)\n|l|\u2606monsters_mashed\n|player|p2|\n",
  "uploadtime": 1776088437,
  "views": 12,
  "formatid": "gen9championsvgc2026regma",
  "rating": 1047,
  "private": 0,
  "password": null
}