{
  "id": "gen9championsvgc2026regma-2584700864",
  "format": "[Gen 9 Champions] VGC 2026 Reg M-A",
  "players": [
    "Murphy's kitchen",
    "Rei Lc1"
  ],
  "log": "|j|\u2606Murphy's kitchen\n|j|\u2606Rei Lc1\n|t:|1776277694\n|gametype|doubles\n|player|p1|Murphy's kitchen|102|1505\n|player|p2|Rei Lc1|ethan|1507\n|gen|9\n|tier|[Gen 9 Champions] VGC 2026 Reg M-A\n|rated|\n|rule|Species Clause: Limit one of each Pok\u00e9mon\n|rule|Item Clause: Limit 1 of each item\n|clearpoke\n|poke|p1|Basculegion, L50, M|\n|poke|p1|Aerodactyl, L50, F|\n|poke|p1|Kommo-o, L50, M|\n|poke|p1|Scovillain, L50, F|\n|poke|p1|Scizor, L50, F|\n|poke|p1|Sneasler, L50, F|\n|poke|p2|Charizard, L50, M|\n|poke|p2|Sneasler, L50, F|\n|poke|p2|Whimsicott, L50, F|\n|poke|p2|Garchomp, L50, M|\n|poke|p2|Rotom-Wash, L50|\n|poke|p2|Kingambit, L50, M|\n|teampreview|4\n|j| r4gn4r96\n|inactive|Battle timer is ON: inactive players will automatically lose when time's up. (requested by Murphy's kitchen)\n|\n|t:|1776277762\n|teamsize|p1|4\n|teamsize|p2|4\n|start\n|switch|p1a: Sneasler|Sneasler, L50, F|100/100\n|switch|p1b: Aerodactyl|Aerodactyl, L50, F|100/100\n|switch|p2a: Rotom|Rotom-Wash, L50, shiny|100/100\n|switch|p2b: Charizard|Charizard, L50, M|100/100\n|-ability|p1b: Aerodactyl|Unnerve\n|turn|1\n|inactive|Rei Lc1 has 30 seconds left.\n|\n|t:|1776277795\n|detailschange|p2b: Charizard|Charizard-Mega-Y, L50, M\n|-mega|p2b: Charizard|Charizard|Charizardite Y\n|-weather|SunnyDay|[from] ability: Drought|[of] p2b: Charizard\n|move|p1a: Sneasler|Fake Out|p2a: Rotom\n|-damage|p2a: Rotom|83/100\n|cant|p2a: Rotom|flinch\n|move|p1b: Aerodactyl|Tailwind|p1b: Aerodactyl\n|-sidestart|p1: Murphy's kitchen|move: Tailwind\n|move|p2b: Charizard|Solar Beam||[still]\n|-prepare|p2b: Charizard|Solar Beam\n|-anim|p2b: Charizard|Solar Beam|p1b: Aerodactyl\n|-damage|p1b: Aerodactyl|25/100\n|\n|-weather|SunnyDay|[upkeep]\n|upkeep\n|turn|2\n|\n|t:|1776277813\n|move|p2b: Charizard|Protect|p2b: Charizard\n|-singleturn|p2b: Charizard|Protect\n|move|p1b: Aerodactyl|Rock Slide|p2b: Charizard|[spread] p2a\n|-activate|p2b: Charizard|move: Protect\n|-damage|p2a: Rotom|52/100\n|move|p1a: Sneasler|Close Combat|p2a: Rotom\n|-damage|p2a: Rotom|0 fnt\n|-unboost|p1a: Sneasler|def|1\n|-unboost|p1a: Sneasler|spd|1\n|faint|p2a: Rotom\n|-enditem|p1a: Sneasler|White Herb\n|-clearnegativeboost|p1a: Sneasler|[silent]\n|\n|-weather|SunnyDay|[upkeep]\n|upkeep\n|\n|t:|1776277833\n|switch|p2a: Sneasler|Sneasler, L50, F|100/100\n|turn|3\n|\n|t:|1776277846\n|switch|p2b: Garchomp|Garchomp, L50, M, shiny|100/100\n|move|p1b: Aerodactyl|Protect|p1b: Aerodactyl\n|-singleturn|p1b: Aerodactyl|Protect\n|move|p2a: Sneasler|Fake Out|p1b: Aerodactyl\n|-activate|p1b: Aerodactyl|move: Protect\n|move|p1a: Sneasler|Dire Claw|p2b: Garchomp\n|-resisted|p2b: Garchomp|1\n|-damage|p2b: Garchomp|79/100\n|-damage|p1a: Sneasler|88/100|[from] ability: Rough Skin|[of] p2b: Garchomp\n|\n|-weather|SunnyDay|[upkeep]\n|upkeep\n|turn|4\n|inactive|Rei Lc1 has 30 seconds left.\n|\n|t:|1776277878\n|move|p2a: Sneasler|Protect|p2a: Sneasler\n|-singleturn|p2a: Sneasler|Protect\n|move|p1a: Sneasler|Close Combat|p2b: Garchomp\n|-damage|p2b: Garchomp|19/100\n|-unboost|p1a: Sneasler|def|1\n|-unboost|p1a: Sneasler|spd|1\n|-damage|p1a: Sneasler|76/100|[from] ability: Rough Skin|[of] p2b: Garchomp\n|move|p1b: Aerodactyl|Dual Wingbeat|p2a: Sneasler\n|-activate|p2a: Sneasler|move: Protect\n|move|p2b: Garchomp|Rock Slide|p1b: Aerodactyl|[spread] p1b\n|-miss|p2b: Garchomp|p1a: Sneasler\n|-supereffective|p1b: Aerodactyl|1\n|-crit|p1b: Aerodactyl\n|-damage|p1b: Aerodactyl|0 fnt\n|faint|p1b: Aerodactyl\n|\n|-weather|SunnyDay|[upkeep]\n|-sideend|p1: Murphy's kitchen|move: Tailwind\n|upkeep\n|inactive|Murphy's kitchen has 30 seconds left.\n|\n|t:|1776277911\n|switch|p1b: Kommo-o|Kommo-o, L50, M|100/100\n|turn|5\n|\n|t:|1776277928\n|move|p2b: Garchomp|Protect|p2b: Garchomp\n|-singleturn|p2b: Garchomp|Protect\n|move|p1a: Sneasler|Close Combat|p2b: Garchomp\n|-activate|p2b: Garchomp|move: Protect\n|move|p2a: Sneasler|Close Combat|p1a: Sneasler\n|-resisted|p1a: Sneasler|1\n|-damage|p1a: Sneasler|0 fnt\n|-unboost|p2a: Sneasler|def|1\n|-unboost|p2a: Sneasler|spd|1\n|faint|p1a: Sneasler\n|-enditem|p2a: Sneasler|White Herb\n|-clearnegativeboost|p2a: Sneasler|[silent]\n|move|p1b: Kommo-o|Clangorous Soul|p1b: Kommo-o\n|-boost|p1b: Kommo-o|atk|1\n|-boost|p1b: Kommo-o|def|1\n|-boost|p1b: Kommo-o|spa|1\n|-boost|p1b: Kommo-o|spd|1\n|-boost|p1b: Kommo-o|spe|1\n|-damage|p1b: Kommo-o|68/100\n|\n|-weather|none\n|-heal|p1b: Kommo-o|74/100|[from] item: Leftovers\n|upkeep\n|\n|t:|1776277950\n|switch|p1a: Scovillain|Scovillain, L50, F|100/100\n|turn|6\n|inactive|Rei Lc1 has 30 seconds left.\n|inactive|Rei Lc1 has 20 seconds left.\n|inactive|Rei Lc1 has 15 seconds left.\n|inactive|Rei Lc1 has 10 seconds left.\n|\n|t:|1776277997\n|switch|p2b: Charizard|Charizard-Mega-Y, L50, M|100/100\n|-weather|SunnyDay|[from] ability: Drought|[of] p2b: Charizard\n|detailschange|p1a: Scovillain|Scovillain-Mega, L50, F\n|-mega|p1a: Scovillain|Scovillain|Scovillainite\n|move|p1a: Scovillain|Protect|p1a: Scovillain\n|-singleturn|p1a: Scovillain|Protect\n|move|p2a: Sneasler|Dire Claw|p1a: Scovillain\n|-activate|p1a: Scovillain|move: Protect\n|move|p1b: Kommo-o|Clanging Scales|p2b: Charizard|[spread] p2a,p2b\n|-damage|p2a: Sneasler|29/100\n|-damage|p2b: Charizard|43/100\n|-unboost|p1b: Kommo-o|def|1\n|\n|-weather|SunnyDay|[upkeep]\n|-heal|p1b: Kommo-o|79/100|[from] item: Leftovers\n|upkeep\n|turn|7\n|inactive|Rei Lc1 has 30 seconds left.\n|\n|t:|1776278026\n|move|p2b: Charizard|Protect|p2b: Charizard\n|-singleturn|p2b: Charizard|Protect\n|move|p1a: Scovillain|Rage Powder|p1a: Scovillain\n|-singleturn|p1a: Scovillain|move: Rage Powder\n|move|p2a: Sneasler|Close Combat|p1a: Scovillain\n|-damage|p1a: Scovillain|41/100\n|-unboost|p2a: Sneasler|def|1\n|-unboost|p2a: Sneasler|spd|1\n|-status|p2a: Sneasler|brn|[from] ability: Spicy Spray|[of] p1a: Scovillain\n|move|p1b: Kommo-o|Clanging Scales|p2b: Charizard|[spread] p2a\n|-activate|p2b: Charizard|move: Protect\n|-damage|p2a: Sneasler|0 fnt\n|faint|p2a: Sneasler\n|-unboost|p1b: Kommo-o|def|1\n|\n|-weather|SunnyDay|[upkeep]\n|-heal|p1b: Kommo-o|85/100|[from] item: Leftovers\n|upkeep\n|\n|t:|1776278035\n|switch|p2a: Garchomp|Garchomp, L50, M, shiny|19/100\n|turn|8\n|\n|t:|1776278049\n|move|p1a: Scovillain|Rage Powder|p1a: Scovillain\n|-singleturn|p1a: Scovillain|move: Rage Powder\n|move|p1b: Kommo-o|Clanging Scales|p2b: Charizard|[spread] p2a,p2b\n|-supereffective|p2a: Garchomp|1\n|-enditem|p2a: Garchomp|Haban Berry|[eat]\n|-enditem|p2a: Garchomp|Haban Berry|[weaken]\n|-damage|p2a: Garchomp|0 fnt\n|-damage|p2b: Charizard|0 fnt\n|faint|p2a: Garchomp\n|faint|p2b: Charizard\n|\n|win|Murphy's kitchen\n|raw|Murphy&apos;s kitchen's rating: 1505 &rarr; <strong>1525</strong><br />(+20 for winning)\n|raw|Rei Lc1's rating: 1507 &rarr; <strong>1487</strong><br />(-20 for losing)\n|l|\u2606Rei Lc1\n|player|p2|\n",
  "uploadtime": 1776278060,
  "views": 46,
  "formatid": "gen9championsvgc2026regma",
  "rating": 1487,
  "private": 0,
  "password": null
}