{
  "id": "gen9championsvgc2026regma-2583958535",
  "format": "[Gen 9 Champions] VGC 2026 Reg M-A",
  "players": [
    "Disasterios",
    "Kirbo5500"
  ],
  "log": "|j|\u2606Disasterios\n|j|\u2606Kirbo5500\n|t:|1776211826\n|gametype|doubles\n|player|p1|Disasterios|169|1031\n|player|p2|Kirbo5500|266|1122\n|gen|9\n|tier|[Gen 9 Champions] VGC 2026 Reg M-A\n|rated|\n|rule|Species Clause: Limit one of each Pok\u00e9mon\n|rule|Item Clause: Limit 1 of each item\n|clearpoke\n|poke|p1|Tyranitar, L50, F|\n|poke|p1|Hippowdon, L50, F|\n|poke|p1|Excadrill, L50, F|\n|poke|p1|Garchomp, L50, M|\n|poke|p1|Corviknight, L50, F|\n|poke|p1|Rotom-Heat, L50|\n|poke|p2|Meganium, L50, F|\n|poke|p2|Primarina, L50, F|\n|poke|p2|Incineroar, L50, M|\n|poke|p2|Hawlucha, L50, M|\n|poke|p2|Garchomp, L50, M|\n|poke|p2|Vivillon-Sun, L50, F|\n|teampreview|4\n|l|\u2606Kirbo5500\n|player|p2|\n|inactive|Battle timer is ON: inactive players will automatically lose when time's up. (requested by Disasterios)\nDisasterios rejected open team sheets.\n|j|\u2606Kirbo5500\n|inactive|Kirbo5500 reconnected and has 80 seconds left.\n|player|p2|Kirbo5500|266|\n|inactive|Kirbo5500 has 60 seconds left.\n|\n|t:|1776211865\n|teamsize|p1|4\n|teamsize|p2|4\n|start\n|switch|p1a: Hippowdon|Hippowdon, L50, F|100/100\n|switch|p1b: Corviknight|Corviknight, L50, F|100/100\n|switch|p2a: Garchomp|Garchomp, L50, M|100/100\n|switch|p2b: Meganium|Meganium, L50, F|100/100\n|-weather|Sandstorm|[from] ability: Sand Stream|[of] p1a: Hippowdon\n|turn|1\n|\n|t:|1776211882\n|detailschange|p2b: Meganium|Meganium-Mega, L50, F\n|-mega|p2b: Meganium|Meganium|Meganiumite\n|move|p2a: Garchomp|Stealth Rock|p1a: Hippowdon\n|-sidestart|p1: Disasterios|move: Stealth Rock\n|move|p2b: Meganium|Solar Beam||[still]\n|-prepare|p2b: Meganium|Solar Beam\n|-activate|p2b: Meganium|ability: Mega Sol\n|-anim|p2b: Meganium|Solar Beam|p1a: Hippowdon\n|-supereffective|p1a: Hippowdon|1\n|-damage|p1a: Hippowdon|0 fnt\n|faint|p1a: Hippowdon\n|move|p1b: Corviknight|Tailwind|p1b: Corviknight\n|-sidestart|p1: Disasterios|move: Tailwind\n|\n|-weather|Sandstorm|[upkeep]\n|-damage|p2b: Meganium|95/100|[from] Sandstorm\n|upkeep\n|\n|t:|1776211890\n|switch|p1a: Garchomp|Garchomp, L50, M|100/100\n|-damage|p1a: Garchomp|94/100|[from] Stealth Rock\n|turn|2\n|inactive|Disasterios has 30 seconds left.\n|inactive|Disasterios has 20 seconds left.\n|inactive|Disasterios has 15 seconds left.\n|inactive|Disasterios has 10 seconds left.\n|\n|t:|1776211939\n|detailschange|p1a: Garchomp|Garchomp-Mega, L50, M\n|-mega|p1a: Garchomp|Garchomp|Garchompite\n|move|p1a: Garchomp|Dragon Claw|p2a: Garchomp\n|-supereffective|p2a: Garchomp|1\n|-damage|p2a: Garchomp|17/100\n|-damage|p1a: Garchomp|82/100|[from] ability: Rough Skin|[of] p2a: Garchomp\n|move|p1b: Corviknight|Taunt|p2a: Garchomp\n|-start|p2a: Garchomp|move: Taunt\n|move|p2a: Garchomp|Breaking Swipe|p1b: Corviknight|[spread] p1a,p1b\n|-supereffective|p1a: Garchomp|1\n|-resisted|p1b: Corviknight|1\n|-damage|p1a: Garchomp|52/100\n|-damage|p1b: Corviknight|93/100\n|-unboost|p1a: Garchomp|atk|1\n|-ability|p1b: Corviknight|Mirror Armor\n|-unboost|p2a: Garchomp|atk|1\n|move|p2b: Meganium|Weather Ball|p1b: Corviknight\n|-supereffective|p1b: Corviknight|1\n|-enditem|p1b: Corviknight|Occa Berry|[eat]\n|-enditem|p1b: Corviknight|Occa Berry|[weaken]\n|-damage|p1b: Corviknight|48/100\n|\n|-weather|Sandstorm|[upkeep]\n|-damage|p2b: Meganium|89/100|[from] Sandstorm\n|upkeep\n|turn|3\n|\n|t:|1776211956\n|move|p1a: Garchomp|Earthquake|p2a: Garchomp|[spread] p2a,p2b\n|-immune|p1b: Corviknight\n|-resisted|p2b: Meganium|1\n|-damage|p2a: Garchomp|0 fnt\n|-damage|p2b: Meganium|67/100\n|faint|p2a: Garchomp\n|move|p1b: Corviknight|Roost|p1b: Corviknight\n|-heal|p1b: Corviknight|98/100\n|-singleturn|p1b: Corviknight|move: Roost\n|move|p2b: Meganium|Weather Ball|p1b: Corviknight\n|-supereffective|p1b: Corviknight|1\n|-damage|p1b: Corviknight|4/100\n|\n|-weather|Sandstorm|[upkeep]\n|-damage|p2b: Meganium|62/100|[from] Sandstorm\n|upkeep\n|\n|t:|1776211961\n|switch|p2a: Incineroar|Incineroar, L50, M|100/100\n|-ability|p2a: Incineroar|Intimidate|boost\n|-unboost|p1a: Garchomp|atk|1\n|-ability|p1b: Corviknight|Mirror Armor\n|-unboost|p2a: Incineroar|atk|1\n|turn|4\n|\n|t:|1776211977\n|move|p2a: Incineroar|Fake Out|p1a: Garchomp\n|-damage|p1a: Garchomp|43/100\n|cant|p1a: Garchomp|flinch\n|move|p1b: Corviknight|Roost|p1b: Corviknight\n|-heal|p1b: Corviknight|55/100\n|-singleturn|p1b: Corviknight|move: Roost\n|move|p2b: Meganium|Weather Ball|p1b: Corviknight\n|-supereffective|p1b: Corviknight|1\n|-damage|p1b: Corviknight|0 fnt\n|faint|p1b: Corviknight\n|\n|-weather|Sandstorm|[upkeep]\n|-damage|p2b: Meganium|56/100|[from] Sandstorm\n|-damage|p2a: Incineroar|95/100|[from] Sandstorm\n|-sideend|p1: Disasterios|move: Tailwind\n|upkeep\n|\n|t:|1776211987\n|switch|p1b: Tyranitar|Tyranitar, L50, F|100/100\n|-damage|p1b: Tyranitar|88/100|[from] Stealth Rock\n|turn|5\n|-message|Disasterios forfeited.\n|\n|win|Kirbo5500\n|raw|Disasterios's rating: 1015 &rarr; <strong>1006</strong><br />(-9 for losing)\n|raw|Kirbo5500's rating: 1122 &rarr; <strong>1140</strong><br />(+18 for winning)\n|l|\u2606Disasterios\n|player|p1|\n",
  "uploadtime": 1776212005,
  "views": 16,
  "formatid": "gen9championsvgc2026regma",
  "rating": 1006,
  "private": 0,
  "password": null
}