{
  "id": "gen9championsvgc2026regma-2586706305",
  "format": "[Gen 9 Champions] VGC 2026 Reg M-A",
  "players": [
    "lol~supler",
    "spectralwater"
  ],
  "log": "|j|\u2606lol~supler\n|j|\u2606spectralwater\n|t:|1776453648\n|gametype|doubles\n|player|p1|lol~supler|170|1029\n|player|p2|spectralwater|hilbert|1000\n|gen|9\n|tier|[Gen 9 Champions] VGC 2026 Reg M-A\n|rated|\n|rule|Species Clause: Limit one of each Pok\u00e9mon\n|rule|Item Clause: Limit 1 of each item\n|clearpoke\n|poke|p1|Drampa, L50, F|\n|poke|p1|Sinistcha, L50|\n|poke|p1|Pelipper, L50, F|\n|poke|p1|Alakazam, L50, M|\n|poke|p1|Scizor, L50, M|\n|poke|p1|Basculegion, L50, M|\n|poke|p2|Incineroar, L50, M|\n|poke|p2|Aegislash, L50, M|\n|poke|p2|Archaludon, L50, M|\n|poke|p2|Whimsicott, L50, F|\n|poke|p2|Audino, L50, F|\n|poke|p2|Greninja-*, L50, M|\n|teampreview|4\n|\n|t:|1776453669\n|teamsize|p1|4\n|teamsize|p2|4\n|start\n|switch|p1a: Drampa|Drampa, L50, F|100/100\n|switch|p1b: Sinistcha|Sinistcha, L50|100/100\n|switch|p2a: Archaludon|Archaludon, L50, M, shiny|100/100\n|switch|p2b: Greninja|Greninja, L50, M, shiny|100/100\n|-ability|p1a: Drampa|Cloud Nine\n|turn|1\n|\n|t:|1776453700\n|move|p2b: Greninja|Sludge Wave|p1b: Sinistcha|[spread] p1a,p1b\n|-start|p2b: Greninja|typechange|Poison|[from] ability: Protean\n|-immune|p2a: Archaludon\n|-damage|p1a: Drampa|61/100\n|-damage|p1b: Sinistcha|67/100\n|move|p2a: Archaludon|Aura Sphere|p1a: Drampa\n|-supereffective|p1a: Drampa|1\n|-damage|p1a: Drampa|0 fnt\n|faint|p1a: Drampa\n|move|p1b: Sinistcha|Trick Room|p1b: Sinistcha\n|-fieldstart|move: Trick Room|[of] p1b: Sinistcha\n|\n|-heal|p1b: Sinistcha|73/100|[from] item: Leftovers\n|upkeep\n|\n|t:|1776453714\n|switch|p1a: Basculegion|Basculegion, L50, M|100/100\n|turn|2\n|\n|t:|1776453725\n|move|p1b: Sinistcha|Matcha Gotcha|p2a: Archaludon|[spread] p2a,p2b\n|-resisted|p2a: Archaludon|2\n|-resisted|p2b: Greninja|1\n|-damage|p2a: Archaludon|95/100\n|-heal|p1b: Sinistcha|77/100|[from] drain|[of] p2a: Archaludon\n|-damage|p2b: Greninja|82/100\n|-heal|p1b: Sinistcha|86/100|[from] drain|[of] p2b: Greninja\n|-status|p2b: Greninja|brn\n|move|p2a: Archaludon|Electro Shot||[still]\n|-prepare|p2a: Archaludon|Electro Shot\n|-boost|p2a: Archaludon|spa|1\n|move|p1a: Basculegion|Wave Crash|p2b: Greninja\n|-damage|p2b: Greninja|0 fnt\n|faint|p2b: Greninja\n|-damage|p1a: Basculegion|80/100|[from] Recoil\n|\n|-heal|p1b: Sinistcha|92/100|[from] item: Leftovers\n|upkeep\n|\n|t:|1776453755\n|switch|p2b: Audino|Audino, L50, F, shiny|100/100\n|turn|3\n|\n|t:|1776453774\n|detailschange|p2b: Audino|Audino-Mega, L50, F, shiny\n|-mega|p2b: Audino|Audino|Audinite\n|move|p2b: Audino|Helping Hand|p2a: Archaludon\n|-singleturn|p2a: Archaludon|Helping Hand|[of] p2b: Audino\n|move|p1a: Basculegion|Protect|p1a: Basculegion\n|-singleturn|p1a: Basculegion|Protect\n|move|p1b: Sinistcha|Matcha Gotcha|p2b: Audino|[spread] p2a,p2b\n|-resisted|p2a: Archaludon|2\n|-damage|p2a: Archaludon|90/100\n|-heal|p1b: Sinistcha|96/100|[from] drain|[of] p2a: Archaludon\n|-damage|p2b: Audino|83/100\n|-heal|p1b: Sinistcha|100/100|[from] drain|[of] p2b: Audino\n|move|p2a: Archaludon|Electro Shot|p1a: Basculegion|[from] lockedmove\n|-activate|p1a: Basculegion|move: Protect\n|\n|upkeep\n|turn|4\n|\n|t:|1776453814\n|move|p1b: Sinistcha|Rage Powder|p1b: Sinistcha\n|-singleturn|p1b: Sinistcha|move: Rage Powder\n|move|p2b: Audino|Entrainment|p1b: Sinistcha\n|-ability|p1b: Sinistcha|Healer|Hospitality|[from] move: Entrainment|[of] p2b: Audino\n|move|p2a: Archaludon|Flash Cannon|p1b: Sinistcha\n|-damage|p1b: Sinistcha|36/100\n|move|p1a: Basculegion|Last Respects|p2a: Archaludon\n|-damage|p2a: Archaludon|54/100\n|\n|-heal|p1b: Sinistcha|42/100|[from] item: Leftovers\n|upkeep\n|turn|5\n|\n|t:|1776453834\n|move|p1b: Sinistcha|Rage Powder|p1b: Sinistcha\n|-singleturn|p1b: Sinistcha|move: Rage Powder\n|move|p2b: Audino|Entrainment||[still]\n|-fail|p2b: Audino\n|move|p2a: Archaludon|Flash Cannon|p1b: Sinistcha\n|-damage|p1b: Sinistcha|0 fnt\n|faint|p1b: Sinistcha\n|move|p1a: Basculegion|Wave Crash|p2b: Audino\n|-damage|p2b: Audino|42/100\n|-damage|p1a: Basculegion|65/100|[from] Recoil\n|\n|-fieldend|move: Trick Room\n|upkeep\n|\n|t:|1776453841\n|switch|p1b: Pelipper|Pelipper, L50, F|100/100\n|-weather|RainDance|[from] ability: Drizzle|[of] p1b: Pelipper\n|turn|6\n|\n|t:|1776453855\n|move|p1a: Basculegion|Protect|p1a: Basculegion\n|-singleturn|p1a: Basculegion|Protect\n|move|p2a: Archaludon|Electro Shot||[still]\n|-prepare|p2a: Archaludon|Electro Shot\n|-boost|p2a: Archaludon|spa|1\n|-anim|p2a: Archaludon|Electro Shot|p1a: Basculegion\n|-activate|p1a: Basculegion|move: Protect\n|move|p1b: Pelipper|Tailwind|p1b: Pelipper\n|-sidestart|p1: lol~supler|move: Tailwind\n|move|p2b: Audino|Heal Pulse|p2a: Archaludon\n|-heal|p2a: Archaludon|100/100\n|\n|-weather|RainDance|[upkeep]\n|upkeep\n|turn|7\n|\n|t:|1776453884\n|move|p1a: Basculegion|Last Respects|p2a: Archaludon\n|-damage|p2a: Archaludon|45/100\n|move|p1b: Pelipper|Weather Ball|p2a: Archaludon\n|-resisted|p2a: Archaludon|1\n|-damage|p2a: Archaludon|21/100\n|move|p2a: Archaludon|Electro Shot||[still]\n|-prepare|p2a: Archaludon|Electro Shot\n|-boost|p2a: Archaludon|spa|1\n|-anim|p2a: Archaludon|Electro Shot|p1a: Basculegion\n|-supereffective|p1a: Basculegion|1\n|-damage|p1a: Basculegion|0 fnt\n|faint|p1a: Basculegion\n|move|p2b: Audino|Hyper Voice|p1b: Pelipper\n|-damage|p1b: Pelipper|72/100\n|\n|-weather|RainDance|[upkeep]\n|upkeep\n|turn|8\n|-message|lol~supler forfeited.\n|\n|win|spectralwater\n|raw|lol~supler's rating: 1029 &rarr; <strong>1013</strong><br />(-16 for losing)\n|raw|spectralwater's rating: 1000 &rarr; <strong>1043</strong><br />(+43 for winning)\n|l|\u2606lol~supler\n|player|p1|\n",
  "uploadtime": 1776453941,
  "views": 26,
  "formatid": "gen9championsvgc2026regma",
  "rating": 1013,
  "private": 0,
  "password": null
}