{
  "id": "gen9championsvgc2026regma-2586474040",
  "format": "[Gen 9 Champions] VGC 2026 Reg M-A",
  "players": [
    "Bearfut",
    "Garbaggi"
  ],
  "log": "|j|\u2606Bearfut\n|j|\u2606Garbaggi\n|t:|1776437157\n|gametype|doubles\n|player|p1|Bearfut|101|1016\n|player|p2|Garbaggi|265|1002\n|gen|9\n|tier|[Gen 9 Champions] VGC 2026 Reg M-A\n|rated|\n|rule|Species Clause: Limit one of each Pok\u00e9mon\n|rule|Item Clause: Limit 1 of each item\n|clearpoke\n|poke|p1|Sneasler, L50, F|\n|poke|p1|Floette-Eternal, L50, F|\n|poke|p1|Aerodactyl, L50, M|\n|poke|p1|Maushold-Four, L50|\n|poke|p1|Kingambit, L50, M|\n|poke|p1|Delphox, L50, M|\n|poke|p2|Espathra, L50, M|\n|poke|p2|Sableye, L50, M|\n|poke|p2|Armarouge, L50, M|\n|poke|p2|Garchomp, L50, F|\n|poke|p2|Milotic, L50, M|\n|poke|p2|Starmie, L50|\n|teampreview|4\n|inactive|Battle timer is ON: inactive players will automatically lose when time's up. (requested by Bearfut)\n|inactive|Bearfut has 60 seconds left.\n|inactive|Garbaggi has 60 seconds left.\n|inactive|Bearfut has 30 seconds left.\n|inactive|Bearfut has 20 seconds left.\n|inactive|Bearfut has 15 seconds left.\n|\n|t:|1776437237\n|teamsize|p1|4\n|teamsize|p2|4\n|start\n|switch|p1a: Floette|Floette-Eternal, L50, F|100/100\n|switch|p1b: Maushold|Maushold-Four, L50|100/100\n|switch|p2a: Milotic|Milotic, L50, M|100/100\n|switch|p2b: Espathra|Espathra, L50, M|100/100\n|turn|1\n|inactive|Garbaggi has 30 seconds left.\n|inactive|Garbaggi has 20 seconds left.\n|\n|t:|1776437276\n|detailschange|p1a: Floette|Floette-Mega, L50, F\n|-mega|p1a: Floette|Floette|Floettite\n|-ability|p1a: Floette|Fairy Aura\n|move|p1b: Maushold|Super Fang|p2b: Espathra\n|-damage|p2b: Espathra|50/100\n|move|p1a: Floette|Calm Mind|p1a: Floette\n|-boost|p1a: Floette|spa|1\n|-boost|p1a: Floette|spd|1\n|move|p2b: Espathra|Psychic Terrain|p2b: Espathra\n|-fieldstart|move: Psychic Terrain\n|move|p2a: Milotic|Icy Wind|p1a: Floette|[spread] p1a,p1b\n|-damage|p1a: Floette|97/100\n|-damage|p1b: Maushold|88/100\n|-unboost|p1a: Floette|spe|1\n|-unboost|p1b: Maushold|spe|1\n|\n|-ability|p2b: Espathra|Speed Boost|boost\n|-boost|p2b: Espathra|spe|1\n|upkeep\n|turn|2\n|inactive|Bearfut has 30 seconds left.\n|inactive|Garbaggi has 30 seconds left.\n|\n|t:|1776437309\n|move|p1b: Maushold|Follow Me|p1b: Maushold\n|-singleturn|p1b: Maushold|move: Follow Me\n|move|p2b: Espathra|Baton Pass|p2b: Espathra\n|\n|t:|1776437314\n|switch|p2b: Armarouge|Armarouge, L50, M|100/100|[from] Baton Pass\n|move|p1a: Floette|Dazzling Gleam|p2a: Milotic|[spread] p2a,p2b\n|-resisted|p2b: Armarouge|1\n|-crit|p2b: Armarouge\n|-damage|p2a: Milotic|45/100\n|-damage|p2b: Armarouge|44/100\n|move|p2a: Milotic|Icy Wind|p1b: Maushold|[spread] p1a,p1b\n|-damage|p1a: Floette|93/100\n|-damage|p1b: Maushold|77/100\n|-unboost|p1a: Floette|spe|1\n|-unboost|p1b: Maushold|spe|1\n|\n|-heal|p2a: Milotic|51/100|[from] item: Leftovers\n|upkeep\n|turn|3\n|inactive|Garbaggi has 30 seconds left.\n|inactive|Garbaggi has 20 seconds left.\n|inactive|Garbaggi has 15 seconds left.\n|\n|t:|1776437356\n|move|p1b: Maushold|Follow Me|p1b: Maushold\n|-singleturn|p1b: Maushold|move: Follow Me\n|move|p2b: Armarouge|Expanding Force|p1b: Maushold|[spread] p1a,p1b\n|-damage|p1a: Floette|69/100\n|-damage|p1b: Maushold|3/100\n|move|p2a: Milotic|Recover|p2a: Milotic\n|-heal|p2a: Milotic|100/100\n|move|p1a: Floette|Dazzling Gleam|p2a: Milotic|[spread] p2a,p2b\n|-resisted|p2b: Armarouge|1\n|-damage|p2a: Milotic|47/100\n|-damage|p2b: Armarouge|4/100\n|\n|-heal|p2a: Milotic|52/100|[from] item: Leftovers\n|upkeep\n|turn|4\n|inactive|Garbaggi has 30 seconds left.\n|\n|t:|1776437387\n|switch|p2a: Sableye|Sableye, L50, M|100/100\n|move|p2b: Armarouge|Protect|p2b: Armarouge\n|-singleturn|p2b: Armarouge|Protect\n|move|p1b: Maushold|Follow Me|p1b: Maushold\n|-singleturn|p1b: Maushold|move: Follow Me\n|move|p1a: Floette|Dazzling Gleam|p2a: Sableye|[spread] p2a\n|-activate|p2b: Armarouge|move: Protect\n|-supereffective|p2a: Sableye|1\n|-damage|p2a: Sableye|0 fnt\n|faint|p2a: Sableye\n|\n|upkeep\n|\n|t:|1776437402\n|switch|p2a: Espathra|Espathra, L50, M|50/100\n|turn|5\n|\n|t:|1776437418\n|move|p1a: Floette|Protect|p1a: Floette\n|-singleturn|p1a: Floette|Protect\n|move|p2b: Armarouge|Expanding Force|p1b: Maushold|[spread] p1b\n|-activate|p1a: Floette|move: Protect\n|-damage|p1b: Maushold|0 fnt\n|faint|p1b: Maushold\n|move|p2a: Espathra|Lumina Crash|p1a: Floette\n|-activate|p1a: Floette|move: Protect\n|\n|-fieldend|move: Psychic Terrain\n|-ability|p2a: Espathra|Speed Boost|boost\n|-boost|p2a: Espathra|spe|1\n|upkeep\n|\n|t:|1776437437\n|switch|p1b: Kingambit|Kingambit, L50, M|100/100\n|turn|6\n|\n|t:|1776437462\n|move|p2b: Armarouge|Protect|p2b: Armarouge\n|-singleturn|p2b: Armarouge|Protect\n|move|p1b: Kingambit|Sucker Punch||[still]\n|-fail|p1b: Kingambit\n|move|p2a: Espathra|Baton Pass|p2a: Espathra\n|\n|t:|1776437468\n|switch|p2a: Milotic|Milotic, L50, M|52/100|[from] Baton Pass\n|move|p1a: Floette|Dazzling Gleam|p2a: Milotic|[spread] p2a\n|-activate|p2b: Armarouge|move: Protect\n|-damage|p2a: Milotic|0 fnt\n|faint|p2a: Milotic\n|\n|upkeep\n|\n|t:|1776437484\n|switch|p2a: Espathra|Espathra, L50, M|50/100\n|turn|7\n|\n|t:|1776437501\n|move|p1b: Kingambit|Sucker Punch|p2b: Armarouge\n|-supereffective|p2b: Armarouge|1\n|-damage|p2b: Armarouge|0 fnt\n|faint|p2b: Armarouge\n|move|p2a: Espathra|Psychic Terrain|p2a: Espathra\n|-fieldstart|move: Psychic Terrain\n|move|p1a: Floette|Dazzling Gleam|p2a: Espathra\n|-damage|p2a: Espathra|0 fnt\n|faint|p2a: Espathra\n|\n|win|Bearfut\n|raw|Bearfut's rating: 1016 &rarr; <strong>1052</strong><br />(+36 for winning)\n|raw|Garbaggi's rating: 1002 &rarr; <strong>1000</strong><br />(-2 for losing)\n|l|\u2606Garbaggi\n|player|p2|\n",
  "uploadtime": 1776437523,
  "views": 25,
  "formatid": "gen9championsvgc2026regma",
  "rating": 1000,
  "private": 0,
  "password": null
}