{
  "id": "gen9championsvgc2026regma-2581192863",
  "format": "[Gen 9 Champions] VGC 2026 Reg M-A",
  "players": [
    "sodarist",
    "ippsy_436"
  ],
  "log": "|j|\u2606sodarist\n|j|\u2606ippsy_436\n|t:|1775969190\n|gametype|doubles\n|player|p1|sodarist|steven|1071\n|player|p2|ippsy_436|bugcatcher-gen4dp|1134\n|gen|9\n|tier|[Gen 9 Champions] VGC 2026 Reg M-A\n|rated|\n|rule|Species Clause: Limit one of each Pok\u00e9mon\n|rule|Item Clause: Limit 1 of each item\n|clearpoke\n|poke|p1|Incineroar, L50, F|\n|poke|p1|Whimsicott, L50, M|\n|poke|p1|Torkoal, L50, F|\n|poke|p1|Venusaur, L50, F|\n|poke|p1|Farigiraf, L50, M|\n|poke|p1|Rotom-Wash, L50|\n|poke|p2|Froslass, L50, F|\n|poke|p2|Garchomp, L50, F|\n|poke|p2|Rotom-Frost, L50|\n|poke|p2|Empoleon, L50, F|\n|poke|p2|Incineroar, L50, F|\n|poke|p2|Kingambit, L50, F|\n|teampreview|4\n|inactive|Battle timer is ON: inactive players will automatically lose when time's up. (requested by ippsy_436)\n|inactive|sodarist has 60 seconds left.\n|inactive|ippsy_436 has 60 seconds left.\n|\n|t:|1775969246\n|teamsize|p1|4\n|teamsize|p2|4\n|start\n|switch|p1a: Farigiraf|Farigiraf, L50, M|100/100\n|switch|p1b: Whimsicott|Whimsicott, L50, M|100/100\n|switch|p2a: Kingambit|Kingambit, L50, F|100/100\n|switch|p2b: Incineroar|Incineroar, L50, F|100/100\n|-ability|p2b: Incineroar|Intimidate|boost\n|-unboost|p1a: Farigiraf|atk|1\n|-unboost|p1b: Whimsicott|atk|1\n|turn|1\n|inactive|sodarist has 30 seconds left.\n|\n|t:|1775969276\n|switch|p1a: Torkoal|Torkoal, L50, F|100/100\n|-weather|SunnyDay|[from] ability: Drought|[of] p1a: Torkoal\n|move|p1b: Whimsicott|Tailwind|p1b: Whimsicott\n|-sidestart|p1: sodarist|move: Tailwind\n|move|p2a: Kingambit|Iron Head|p1a: Torkoal\n|-resisted|p1a: Torkoal|1\n|-damage|p1a: Torkoal|87/100\n|move|p2b: Incineroar|Throat Chop|p1a: Torkoal\n|-damage|p1a: Torkoal|63/100\n|-start|p1a: Torkoal|Throat Chop|[silent]\n|\n|-weather|SunnyDay|[upkeep]\n|-heal|p1a: Torkoal|69/100|[from] item: Leftovers\n|upkeep\n|turn|2\n|\n|t:|1775969297\n|move|p2a: Kingambit|Protect|p2a: Kingambit\n|-singleturn|p2a: Kingambit|Protect\n|move|p1b: Whimsicott|Moonblast|p2b: Incineroar\n|-damage|p2b: Incineroar|67/100\n|move|p2b: Incineroar|Parting Shot|p1a: Torkoal\n|-unboost|p1a: Torkoal|atk|1\n|-unboost|p1a: Torkoal|spa|1\n|\n|t:|1775969306\n|switch|p2b: Garchomp|Garchomp, L50, F|100/100|[from] Parting Shot\n|move|p1a: Torkoal|Eruption|p2a: Kingambit|[spread] p2b\n|-activate|p2a: Kingambit|move: Protect\n|-resisted|p2b: Garchomp|1\n|-damage|p2b: Garchomp|90/100\n|\n|-weather|SunnyDay|[upkeep]\n|-heal|p1a: Torkoal|76/100|[from] item: Leftovers\n|-end|p1a: Torkoal|Throat Chop|[silent]\n|upkeep\n|turn|3\n|\n|t:|1775969331\n|switch|p1a: Venusaur|Venusaur, L50, F|100/100\n|move|p2a: Kingambit|Protect|p2a: Kingambit\n|-singleturn|p2a: Kingambit|Protect\n|move|p1b: Whimsicott|Moonblast|p2b: Garchomp\n|-supereffective|p2b: Garchomp|1\n|-crit|p2b: Garchomp\n|-damage|p2b: Garchomp|0 fnt\n|faint|p2b: Garchomp\n|\n|-weather|SunnyDay|[upkeep]\n|upkeep\n|\n|t:|1775969338\n|switch|p2b: Froslass|Froslass, L50, F|100/100\n|turn|4\n|inactive|sodarist has 30 seconds left.\n|\n|t:|1775969372\n|detailschange|p1a: Venusaur|Venusaur-Mega, L50, F\n|-mega|p1a: Venusaur|Venusaur|Venusaurite\n|move|p1b: Whimsicott|Protect|p1b: Whimsicott\n|-singleturn|p1b: Whimsicott|Protect\n|move|p2b: Froslass|Protect|p2b: Froslass\n|-singleturn|p2b: Froslass|Protect\n|move|p1a: Venusaur|Sleep Powder|p2b: Froslass\n|-activate|p2b: Froslass|move: Protect\n|move|p2a: Kingambit|Iron Head|p1a: Venusaur\n|-damage|p1a: Venusaur|56/100\n|\n|-weather|SunnyDay|[upkeep]\n|-sideend|p1: sodarist|move: Tailwind\n|upkeep\n|turn|5\n|\n|t:|1775969394\n|detailschange|p2b: Froslass|Froslass-Mega, L50, F\n|-mega|p2b: Froslass|Froslass|Froslassite\n|-weather|Snowscape|[from] ability: Snow Warning|[of] p2b: Froslass\n|move|p1b: Whimsicott|Tailwind|p1b: Whimsicott\n|-sidestart|p1: sodarist|move: Tailwind\n|move|p1a: Venusaur|Sleep Powder|p2b: Froslass\n|-status|p2b: Froslass|slp|[from] move: Sleep Powder\n|cant|p2b: Froslass|slp\n|move|p2a: Kingambit|Iron Head|p1b: Whimsicott\n|-supereffective|p1b: Whimsicott|1\n|-damage|p1b: Whimsicott|0 fnt\n|faint|p1b: Whimsicott\n|\n|-weather|Snowscape|[upkeep]\n|upkeep\n|\n|t:|1775969406\n|switch|p1b: Torkoal|Torkoal, L50, F|76/100\n|-weather|SunnyDay|[from] ability: Drought|[of] p1b: Torkoal\n|turn|6\n|\n|t:|1775969423\n|switch|p2b: Incineroar|Incineroar, L50, F|67/100\n|-ability|p2b: Incineroar|Intimidate|boost\n|-unboost|p1a: Venusaur|atk|1\n|-unboost|p1b: Torkoal|atk|1\n|move|p2a: Kingambit|Sucker Punch|p1b: Torkoal\n|-damage|p1b: Torkoal|52/100\n|move|p1a: Venusaur|Sludge Bomb|p2b: Incineroar\n|-damage|p2b: Incineroar|24/100\n|-enditem|p2b: Incineroar|Sitrus Berry|[eat]\n|-heal|p2b: Incineroar|49/100|[from] item: Sitrus Berry\n|move|p1b: Torkoal|Eruption|p2b: Incineroar|[spread] p2a,p2b\n|-supereffective|p2a: Kingambit|1\n|-resisted|p2b: Incineroar|1\n|-damage|p2a: Kingambit|51/100\n|-damage|p2b: Incineroar|39/100\n|\n|-weather|SunnyDay|[upkeep]\n|-heal|p1b: Torkoal|58/100|[from] item: Leftovers\n|upkeep\n|turn|7\n|inactive|sodarist has 30 seconds left.\n|inactive|ippsy_436 has 30 seconds left.\n|\n|t:|1775969456\n|switch|p1a: Farigiraf|Farigiraf, L50, M|100/100\n|move|p1b: Torkoal|Protect|p1b: Torkoal\n|-singleturn|p1b: Torkoal|Protect\n|move|p2b: Incineroar|Fake Out||[still]\n|cant|p1a: Farigiraf|ability: Armor Tail|Fake Out|[of] p2b: Incineroar\n|move|p2a: Kingambit|Iron Head|p1a: Farigiraf\n|-damage|p1a: Farigiraf|52/100\n|\n|-weather|SunnyDay|[upkeep]\n|-heal|p1b: Torkoal|64/100|[from] item: Leftovers\n|upkeep\n|turn|8\n|inactive|ippsy_436 has 30 seconds left.\n|\n|t:|1775969489\n|move|p2a: Kingambit|Protect|p2a: Kingambit\n|-singleturn|p2a: Kingambit|Protect\n|move|p1b: Torkoal|Body Press|p2a: Kingambit\n|-activate|p2a: Kingambit|move: Protect\n|move|p2b: Incineroar|Throat Chop|p1a: Farigiraf\n|-supereffective|p1a: Farigiraf|1\n|-crit|p1a: Farigiraf\n|-damage|p1a: Farigiraf|0 fnt\n|faint|p1a: Farigiraf\n|\n|-weather|SunnyDay|[upkeep]\n|-heal|p1b: Torkoal|71/100|[from] item: Leftovers\n|-sideend|p1: sodarist|move: Tailwind\n|upkeep\n|\n|t:|1775969499\n|switch|p1a: Venusaur|Venusaur-Mega, L50, F|56/100\n|turn|9\n|\n|t:|1775969511\n|move|p1a: Venusaur|Sludge Bomb|p2b: Incineroar\n|-damage|p2b: Incineroar|0 fnt\n|faint|p2b: Incineroar\n|move|p2a: Kingambit|Iron Head|p1b: Torkoal\n|-resisted|p1b: Torkoal|1\n|-damage|p1b: Torkoal|57/100\n|move|p1b: Torkoal|Body Press|p2a: Kingambit\n|-supereffective|p2a: Kingambit|2\n|-damage|p2a: Kingambit|0 fnt\n|faint|p2a: Kingambit\n|\n|-weather|SunnyDay|[upkeep]\n|-heal|p1b: Torkoal|63/100|[from] item: Leftovers\n|upkeep\n|\n|t:|1775969514\n|switch|p2b: Froslass|Froslass-Mega, L50, F|100/100 slp\n|-weather|Snowscape|[from] ability: Snow Warning|[of] p2b: Froslass\n|turn|10\n|\n|t:|1775969534\n|cant|p2b: Froslass|slp\n|move|p1a: Venusaur|Sludge Bomb|p2b: Froslass\n|-resisted|p2b: Froslass|1\n|-damage|p2b: Froslass|74/100 slp\n|move|p1b: Torkoal|Eruption|p2b: Froslass\n|-supereffective|p2b: Froslass|1\n|-damage|p2b: Froslass|7/100 slp\n|\n|-weather|Snowscape|[upkeep]\n|-heal|p1b: Torkoal|69/100|[from] item: Leftovers\n|upkeep\n|turn|11\n|\n|t:|1775969554\n|-curestatus|p2b: Froslass|slp|[msg]\n|move|p2b: Froslass|Blizzard|p1a: Venusaur|[spread] p1a,p1b\n|-supereffective|p1a: Venusaur|1\n|-resisted|p1b: Torkoal|1\n|-damage|p1a: Venusaur|6/100\n|-damage|p1b: Torkoal|38/100\n|-status|p1a: Venusaur|frz\n|cant|p1a: Venusaur|frz\n|move|p1b: Torkoal|Eruption|p2b: Froslass\n|-supereffective|p2b: Froslass|1\n|-damage|p2b: Froslass|0 fnt\n|faint|p2b: Froslass\n|\n|win|sodarist\n|raw|sodarist's rating: 1071 &rarr; <strong>1106</strong><br />(+35 for winning)\n|raw|ippsy_436's rating: 1134 &rarr; <strong>1105</strong><br />(-29 for losing)\n|l|\u2606ippsy_436\n|player|p2|\n",
  "uploadtime": 1775969564,
  "views": 17,
  "formatid": "gen9championsvgc2026regma",
  "rating": 1105,
  "private": 0,
  "password": null
}