{
  "id": "gen9championsvgc2026regma-2583962268",
  "format": "[Gen 9 Champions] VGC 2026 Reg M-A",
  "players": [
    "skeledirgeforpres",
    "Zarato"
  ],
  "log": "|j|\u2606skeledirgeforpres\n|j|\u2606Zarato\n|t:|1776212165\n|gametype|doubles\n|player|p1|skeledirgeforpres|rocketgrunt|1103\n|player|p2|Zarato|n|1191\n|gen|9\n|tier|[Gen 9 Champions] VGC 2026 Reg M-A\n|rated|\n|rule|Species Clause: Limit one of each Pok\u00e9mon\n|rule|Item Clause: Limit 1 of each item\n|clearpoke\n|poke|p1|Lopunny, L50, M|\n|poke|p1|Sinistcha, L50|\n|poke|p1|Sneasler, L50, F|\n|poke|p1|Incineroar, L50, F|\n|poke|p1|Greninja-*, L50, F|\n|poke|p1|Whimsicott, L50, F|\n|poke|p2|Weavile, L50, F|\n|poke|p2|Glaceon, L50, F|\n|poke|p2|Froslass, L50, F|\n|poke|p2|Incineroar, L50, M|\n|poke|p2|Sinistcha, L50|\n|poke|p2|Sneasler, L50, F|\n|teampreview|4\n|inactive|Battle timer is ON: inactive players will automatically lose when time's up. (requested by Zarato)\nZarato has agreed to open team sheets.\n|inactive|skeledirgeforpres has 60 seconds left.\n|\n|t:|1776212198\n|teamsize|p1|4\n|teamsize|p2|4\n|start\n|switch|p1a: Incineroar|Incineroar, L50, F|100/100\n|switch|p1b: Whimsicott|Whimsicott, L50, F|100/100\n|switch|p2a: Weavile|Weavile, L50, F|100/100\n|switch|p2b: Froslass|Froslass, L50, F|100/100\n|-ability|p2a: Weavile|Pressure\n|-ability|p1a: Incineroar|Intimidate|boost\n|-unboost|p2a: Weavile|atk|1\n|-unboost|p2b: Froslass|atk|1\n|turn|1\n|\n|t:|1776212216\n|switch|p2b: Incineroar|Incineroar, L50, M|100/100\n|-ability|p2b: Incineroar|Intimidate|boost\n|-unboost|p1a: Incineroar|atk|1\n|-unboost|p1b: Whimsicott|atk|1\n|move|p1b: Whimsicott|Protect|p1b: Whimsicott\n|-singleturn|p1b: Whimsicott|Protect\n|move|p2a: Weavile|Fake Out|p1b: Whimsicott\n|-activate|p1b: Whimsicott|move: Protect\n|move|p1a: Incineroar|Flare Blitz|p2b: Incineroar\n|-resisted|p2b: Incineroar|1\n|-damage|p2b: Incineroar|83/100\n|-damage|p1a: Incineroar|94/100|[from] Recoil\n|\n|-heal|p1a: Incineroar|99/100|[from] item: Leftovers\n|upkeep\n|turn|2\n|\n|t:|1776212241\n|switch|p1b: Sneasler|Sneasler, L50, F|100/100\n|move|p2b: Incineroar|Fake Out|p1b: Sneasler\n|-damage|p1b: Sneasler|81/100\n|move|p2a: Weavile|Icicle Crash|p1b: Sneasler|[miss]\n|-miss|p2a: Weavile|p1b: Sneasler\n|move|p1a: Incineroar|Flare Blitz|p2a: Weavile\n|-supereffective|p2a: Weavile|1\n|-enditem|p2a: Weavile|Focus Sash\n|-damage|p2a: Weavile|1/100\n|-damage|p1a: Incineroar|74/100|[from] Recoil\n|\n|-heal|p1a: Incineroar|80/100|[from] item: Leftovers\n|upkeep\n|turn|3\n|inactive|Zarato has 30 seconds left.\n|\n|t:|1776212272\n|switch|p1a: Whimsicott|Whimsicott, L50, F|100/100\n|move|p1b: Sneasler|Fake Out|p2a: Weavile\n|-damage|p2a: Weavile|0 fnt\n|faint|p2a: Weavile\n|move|p2b: Incineroar|Flare Blitz|p1b: Sneasler\n|-damage|p1b: Sneasler|4/100\n|-damage|p2b: Incineroar|63/100|[from] Recoil\n|\n|upkeep\n|\n|t:|1776212289\n|switch|p2a: Sneasler|Sneasler, L50, F|100/100\n|turn|4\n|\n|t:|1776212295\n|move|p1a: Whimsicott|Protect|p1a: Whimsicott\n|-singleturn|p1a: Whimsicott|Protect\n|move|p1b: Sneasler|Protect|p1b: Sneasler\n|-singleturn|p1b: Sneasler|Protect\n|move|p2a: Sneasler|Fake Out|p1b: Sneasler\n|-activate|p1b: Sneasler|move: Protect\n|move|p2b: Incineroar|Flare Blitz|p1a: Whimsicott\n|-activate|p1a: Whimsicott|move: Protect\n|\n|upkeep\n|turn|5\n|\n|t:|1776212310\n|move|p1a: Whimsicott|Tailwind|p1a: Whimsicott\n|-sidestart|p1: skeledirgeforpres|move: Tailwind\n|move|p1b: Sneasler|Close Combat|p2b: Incineroar\n|-supereffective|p2b: Incineroar|1\n|-enditem|p2b: Incineroar|Chople Berry|[eat]\n|-enditem|p2b: Incineroar|Chople Berry|[weaken]\n|-damage|p2b: Incineroar|2/100\n|-unboost|p1b: Sneasler|def|1\n|-unboost|p1b: Sneasler|spd|1\n|-enditem|p1b: Sneasler|White Herb\n|-clearnegativeboost|p1b: Sneasler|[silent]\n|move|p2a: Sneasler|Dire Claw|p1b: Sneasler\n|-resisted|p1b: Sneasler|1\n|-damage|p1b: Sneasler|0 fnt\n|faint|p1b: Sneasler\n|move|p2b: Incineroar|Flare Blitz|p1a: Whimsicott\n|-supereffective|p1a: Whimsicott|1\n|-enditem|p1a: Whimsicott|Focus Sash\n|-damage|p1a: Whimsicott|1/100\n|-damage|p2b: Incineroar|0 fnt|[from] Recoil\n|faint|p2b: Incineroar\n|\n|upkeep\n|inactive|Zarato has 30 seconds left.\n|\n|t:|1776212340\n|switch|p1b: Incineroar|Incineroar, L50, F|80/100\n|switch|p2b: Froslass|Froslass, L50, F|100/100\n|-ability|p1b: Incineroar|Intimidate|boost\n|-unboost|p2a: Sneasler|atk|1\n|-unboost|p2b: Froslass|atk|1\n|-enditem|p2a: Sneasler|White Herb\n|-clearnegativeboost|p2a: Sneasler|[silent]\n|turn|6\n|\n|t:|1776212351\n|move|p2b: Froslass|Protect|p2b: Froslass\n|-singleturn|p2b: Froslass|Protect\n|move|p1b: Incineroar|Fake Out|p2a: Sneasler\n|-damage|p2a: Sneasler|81/100\n|cant|p2a: Sneasler|flinch\n|move|p1a: Whimsicott|Moonblast|p2b: Froslass\n|-activate|p2b: Froslass|move: Protect\n|\n|-heal|p1b: Incineroar|86/100|[from] item: Leftovers\n|upkeep\n|turn|7\n|\n|t:|1776212368\n|detailschange|p2b: Froslass|Froslass-Mega, L50, F\n|-mega|p2b: Froslass|Froslass|Froslassite\n|-weather|Snowscape|[from] ability: Snow Warning|[of] p2b: Froslass\n|move|p1a: Whimsicott|Protect|p1a: Whimsicott\n|-singleturn|p1a: Whimsicott|Protect\n|move|p2a: Sneasler|Close Combat|p1b: Incineroar\n|-supereffective|p1b: Incineroar|1\n|-damage|p1b: Incineroar|0 fnt\n|-unboost|p2a: Sneasler|def|1\n|-unboost|p2a: Sneasler|spd|1\n|faint|p1b: Incineroar\n|move|p2b: Froslass|Blizzard|p1a: Whimsicott\n|-activate|p1a: Whimsicott|move: Protect\n|\n|-weather|Snowscape|[upkeep]\n|upkeep\n|\n|t:|1776212379\n|switch|p1b: Lopunny|Lopunny, L50, M|100/100\n|turn|8\n|inactive|skeledirgeforpres has 30 seconds left.\n|\n|t:|1776212411\n|move|p2a: Sneasler|Close Combat|p1b: Lopunny\n|-supereffective|p1b: Lopunny|1\n|-damage|p1b: Lopunny|0 fnt\n|-unboost|p2a: Sneasler|def|1\n|-unboost|p2a: Sneasler|spd|1\n|faint|p1b: Lopunny\n|move|p1a: Whimsicott|Moonblast|p2b: Froslass\n|-damage|p2b: Froslass|54/100\n|move|p2b: Froslass|Blizzard|p1a: Whimsicott\n|-supereffective|p1a: Whimsicott|1\n|-damage|p1a: Whimsicott|0 fnt\n|faint|p1a: Whimsicott\n|\n|win|Zarato\n|raw|skeledirgeforpres's rating: 1103 &rarr; <strong>1084</strong><br />(-19 for losing)\n|raw|Zarato's rating: 1191 &rarr; <strong>1210</strong><br />(+19 for winning)\n|l|\u2606skeledirgeforpres\n|player|p1|\n",
  "uploadtime": 1776212439,
  "views": 20,
  "formatid": "gen9championsvgc2026regma",
  "rating": 1084,
  "private": 0,
  "password": null
}