{
  "id": "gen9championsvgc2026regma-2584966360",
  "format": "[Gen 9 Champions] VGC 2026 Reg M-A",
  "players": [
    "Darklady_Liz",
    "Kirnil"
  ],
  "log": "|j|\u2606Darklady_Liz\n|j|\u2606Kirnil\n|t:|1776298917\n|gametype|doubles\n|player|p1|Darklady_Liz|miku-ghost|1275\n|player|p2|Kirnil|skierf|1327\n|gen|9\n|tier|[Gen 9 Champions] VGC 2026 Reg M-A\n|rated|\n|rule|Species Clause: Limit one of each Pok\u00e9mon\n|rule|Item Clause: Limit 1 of each item\n|clearpoke\n|poke|p1|Gardevoir, L50, F|\n|poke|p1|Sneasler, L50, M|\n|poke|p1|Garchomp, L50, F|\n|poke|p1|Talonflame, L50, M|\n|poke|p1|Kingambit, L50, M|\n|poke|p1|Incineroar, L50, M|\n|poke|p2|Pelipper, L50, M|\n|poke|p2|Heliolisk, L50, M|\n|poke|p2|Basculegion, L50, M|\n|poke|p2|Quaquaval, L50, F|\n|poke|p2|Scizor, L50, F|\n|poke|p2|Raichu, L50, F|\n|teampreview|4\n|inactive|Battle timer is ON: inactive players will automatically lose when time's up. (requested by Kirnil)\n|\n|t:|1776298960\n|teamsize|p1|4\n|teamsize|p2|4\n|start\n|switch|p1a: Talonflame|Talonflame, L50, M|100/100\n|switch|p1b: Garchomp|Garchomp, L50, F|100/100\n|switch|p2a: Pelipper|Pelipper, L50, M|100/100\n|switch|p2b: Basculegion|Basculegion, L50, M|100/100\n|-weather|RainDance|[from] ability: Drizzle|[of] p2a: Pelipper\n|turn|1\n|\n|t:|1776298977\n|move|p1a: Talonflame|Tailwind|p1a: Talonflame\n|-sidestart|p1: Darklady_Liz|move: Tailwind\n|move|p1b: Garchomp|Rock Slide|p2b: Basculegion|[spread] p2a,p2b\n|-supereffective|p2a: Pelipper|1\n|-damage|p2a: Pelipper|56/100\n|-damage|p2b: Basculegion|74/100\n|move|p2b: Basculegion|Flip Turn|p1a: Talonflame\n|-supereffective|p1a: Talonflame|1\n|-enditem|p1a: Talonflame|Focus Sash\n|-damage|p1a: Talonflame|1/100\n|\n|t:|1776298987\n|switch|p2b: Scizor|Scizor, L50, F|100/100|[from] Flip Turn\n|move|p2a: Pelipper|Weather Ball|p1b: Garchomp\n|-damage|p1b: Garchomp|21/100\n|\n|-weather|RainDance|[upkeep]\n|upkeep\n|turn|2\n|\n|t:|1776298998\n|detailschange|p2b: Scizor|Scizor-Mega, L50, F\n|-mega|p2b: Scizor|Scizor|Scizorite\n|move|p2b: Scizor|Bullet Punch|p1a: Talonflame\n|-resisted|p1a: Talonflame|1\n|-damage|p1a: Talonflame|0 fnt\n|faint|p1a: Talonflame\n|move|p1b: Garchomp|Rock Slide|p2b: Scizor|[spread] p2a,p2b\n|-supereffective|p2a: Pelipper|1\n|-crit|p2a: Pelipper\n|-damage|p2a: Pelipper|0 fnt\n|-damage|p2b: Scizor|85/100\n|faint|p2a: Pelipper\n|\n|-weather|RainDance|[upkeep]\n|upkeep\n|\n|t:|1776299012\n|switch|p1a: Incineroar|Incineroar, L50, M|100/100\n|switch|p2a: Quaquaval|Quaquaval, L50, F|100/100\n|-ability|p1a: Incineroar|Intimidate|boost\n|-unboost|p2a: Quaquaval|atk|1\n|-unboost|p2b: Scizor|atk|1\n|turn|3\n|\n|t:|1776299021\n|move|p2a: Quaquaval|Protect|p2a: Quaquaval\n|-singleturn|p2a: Quaquaval|Protect\n|move|p2b: Scizor|Protect|p2b: Scizor\n|-singleturn|p2b: Scizor|Protect\n|move|p1a: Incineroar|Fake Out|p2a: Quaquaval\n|-activate|p2a: Quaquaval|move: Protect\n|move|p1b: Garchomp|Rock Slide|p2b: Scizor|[spread] \n|-activate|p2a: Quaquaval|move: Protect\n|-activate|p2b: Scizor|move: Protect\n|\n|-weather|RainDance|[upkeep]\n|upkeep\n|turn|4\n|\n|t:|1776299037\n|move|p2b: Scizor|Bullet Punch|p1b: Garchomp\n|-damage|p1b: Garchomp|0 fnt\n|-damage|p2b: Scizor|72/100|[from] ability: Rough Skin|[of] p1b: Garchomp\n|faint|p1b: Garchomp\n|move|p1a: Incineroar|Parting Shot|p2b: Scizor\n|-unboost|p2b: Scizor|atk|1\n|-unboost|p2b: Scizor|spa|1\n|\n|t:|1776299044\n|switch|p1a: Gardevoir|Gardevoir, L50, F, shiny|100/100|[from] Parting Shot\n|move|p2a: Quaquaval|Aqua Step|p1a: Gardevoir\n|-damage|p1a: Gardevoir|28/100\n|-boost|p2a: Quaquaval|spe|1\n|\n|-weather|RainDance|[upkeep]\n|-sideend|p1: Darklady_Liz|move: Tailwind\n|upkeep\n|\n|t:|1776299051\n|switch|p1b: Incineroar|Incineroar, L50, M|100/100\n|-ability|p1b: Incineroar|Intimidate|boost\n|-unboost|p2a: Quaquaval|atk|1\n|-unboost|p2b: Scizor|atk|1\n|turn|5\n|\n|t:|1776299063\n|detailschange|p1a: Gardevoir|Gardevoir-Mega, L50, F, shiny\n|-mega|p1a: Gardevoir|Gardevoir|Gardevoirite\n|move|p2a: Quaquaval|Protect|p2a: Quaquaval\n|-singleturn|p2a: Quaquaval|Protect\n|move|p2b: Scizor|Protect|p2b: Scizor\n|-singleturn|p2b: Scizor|Protect\n|move|p1b: Incineroar|Fake Out|p2b: Scizor\n|-activate|p2b: Scizor|move: Protect\n|move|p1a: Gardevoir|Hyper Voice|p2a: Quaquaval|[spread] \n|-activate|p2a: Quaquaval|move: Protect\n|-activate|p2b: Scizor|move: Protect\n|\n|-weather|none\n|upkeep\n|turn|6\n|inactive|Darklady_Liz has 30 seconds left.\n|\n|t:|1776299089\n|move|p1a: Gardevoir|Protect|p1a: Gardevoir\n|-singleturn|p1a: Gardevoir|Protect\n|move|p2b: Scizor|Bullet Punch|p1a: Gardevoir\n|-activate|p1a: Gardevoir|move: Protect\n|move|p2a: Quaquaval|Close Combat|p1b: Incineroar\n|-supereffective|p1b: Incineroar|1\n|-damage|p1b: Incineroar|44/100\n|-unboost|p2a: Quaquaval|def|1\n|-unboost|p2a: Quaquaval|spd|1\n|-enditem|p1b: Incineroar|Sitrus Berry|[eat]\n|-heal|p1b: Incineroar|69/100|[from] item: Sitrus Berry\n|move|p1b: Incineroar|Parting Shot|p2b: Scizor\n|-unboost|p2b: Scizor|atk|1\n|-unboost|p2b: Scizor|spa|1\n|\n|upkeep\n|turn|7\n|\n|t:|1776299114\n|move|p2b: Scizor|Bullet Punch|p1a: Gardevoir\n|-supereffective|p1a: Gardevoir|1\n|-damage|p1a: Gardevoir|0 fnt\n|faint|p1a: Gardevoir\n|move|p2a: Quaquaval|Close Combat|p1b: Incineroar\n|-supereffective|p1b: Incineroar|1\n|-damage|p1b: Incineroar|6/100\n|-unboost|p2a: Quaquaval|def|1\n|-unboost|p2a: Quaquaval|spd|1\n|move|p1b: Incineroar|Darkest Lariat|p2a: Quaquaval\n|-resisted|p2a: Quaquaval|1\n|-damage|p2a: Quaquaval|79/100\n|\n|upkeep\n|turn|8\n|-message|Darklady_Liz forfeited.\n|\n|win|Kirnil\n|raw|Darklady_Liz's rating: 1275 &rarr; <strong>1254</strong><br />(-21 for losing)\n|raw|Kirnil's rating: 1327 &rarr; <strong>1344</strong><br />(+17 for winning)\n|l|\u2606Darklady_Liz\n|player|p1|\n",
  "uploadtime": 1776299139,
  "views": 42,
  "formatid": "gen9championsvgc2026regma",
  "rating": 1254,
  "private": 0,
  "password": null
}