{
  "id": "gen9championsvgc2026regma-2588958306",
  "format": "[Gen 9 Champions] VGC 2026 Reg M-A",
  "players": [
    "melecy",
    "SDLT 2KRL SWM"
  ],
  "log": "|raw|<div class=\"broadcast-blue\"><strong>This battle is required to be public due to a player having a name starting with 'sdlt'.</div>\n|j|\u2606melecy\n|j|\u2606SDLT 2KRL SWM\n|t:|1776689484\n|gametype|doubles\n|player|p1|melecy|lady|1463\n|player|p2|SDLT 2KRL SWM|ryuki|1499\n|gen|9\n|tier|[Gen 9 Champions] VGC 2026 Reg M-A\n|rated|\n|rule|Species Clause: Limit one of each Pok\u00e9mon\n|rule|Item Clause: Limit 1 of each item\n|clearpoke\n|poke|p1|Scovillain, L50, F|\n|poke|p1|Aerodactyl, L50, M|\n|poke|p1|Sylveon, L50, M|\n|poke|p1|Basculegion, L50, M|\n|poke|p1|Kingambit, L50, M|\n|poke|p1|Gengar, L50, F|\n|poke|p2|Pelipper, L50, M|\n|poke|p2|Archaludon, L50, F|\n|poke|p2|Basculegion, L50, M|\n|poke|p2|Floette-Eternal, L50, F|\n|poke|p2|Farigiraf, L50, M|\n|poke|p2|Sneasler, L50, M|\n|teampreview|4\n|\n|t:|1776689521\n|teamsize|p1|4\n|teamsize|p2|4\n|start\n|switch|p1a: Gengar|Gengar, L50, F|100/100\n|switch|p1b: Kingambit|Kingambit, L50, M|100/100\n|switch|p2a: Archaludon|Archaludon, L50, F|100/100\n|switch|p2b: Basculegion|Basculegion, L50, M|100/100\n|turn|1\n|inactive|Battle timer is ON: inactive players will automatically lose when time's up. (requested by melecy)\n|\n|t:|1776689537\n|switch|p2b: Pelipper|Pelipper, L50, M|100/100\n|-weather|RainDance|[from] ability: Drizzle|[of] p2b: Pelipper\n|move|p2a: Archaludon|Electro Shot||[still]\n|-prepare|p2a: Archaludon|Electro Shot\n|-boost|p2a: Archaludon|spa|1\n|-anim|p2a: Archaludon|Electro Shot|p1a: Gengar\n|-enditem|p1a: Gengar|Focus Sash\n|-damage|p1a: Gengar|1/100\n|move|p1a: Gengar|Icy Wind|p2b: Pelipper|[spread] p2a,p2b\n|-damage|p2a: Archaludon|78/100\n|-damage|p2b: Pelipper|76/100\n|-unboost|p2a: Archaludon|spe|1\n|-unboost|p2b: Pelipper|spe|1\n|move|p1b: Kingambit|Assurance|p2a: Archaludon\n|-damage|p2a: Archaludon|2/100\n|\n|-weather|RainDance|[upkeep]\n|upkeep\n|turn|2\n|\n|t:|1776689562\n|switch|p2a: Basculegion|Basculegion, L50, M|100/100\n|move|p2b: Pelipper|Protect|p2b: Pelipper\n|-singleturn|p2b: Pelipper|Protect\n|move|p1a: Gengar|Shadow Ball|p2a: Basculegion\n|-supereffective|p2a: Basculegion|1\n|-damage|p2a: Basculegion|1/100\n|move|p1b: Kingambit|Assurance|p2b: Pelipper\n|-activate|p2b: Pelipper|move: Protect\n|\n|-weather|RainDance|[upkeep]\n|upkeep\n|turn|3\n|inactive|melecy has 30 seconds left.\n|inactive|SDLT 2KRL SWM has 30 seconds left.\n|inactive|melecy has 20 seconds left.\n|inactive|SDLT 2KRL SWM has 20 seconds left.\n|\n|t:|1776689598\n|move|p2a: Basculegion|Aqua Jet|p1a: Gengar\n|-crit|p1a: Gengar\n|-damage|p1a: Gengar|0 fnt\n|faint|p1a: Gengar\n|move|p1b: Kingambit|Sucker Punch||[still]\n|-fail|p1b: Kingambit\n|move|p2b: Pelipper|Tailwind|p2b: Pelipper\n|-sidestart|p2: SDLT 2KRL SWM|move: Tailwind\n|\n|-weather|RainDance|[upkeep]\n|upkeep\n|\n|t:|1776689605\n|switch|p1a: Basculegion|Basculegion, L50, M|100/100\n|turn|4\n|inactive|SDLT 2KRL SWM has 30 seconds left.\n|\n|t:|1776689632\n|move|p2a: Basculegion|Aqua Jet|p1b: Kingambit\n|-damage|p1b: Kingambit|67/100\n|move|p1b: Kingambit|Sucker Punch||[still]\n|-fail|p1b: Kingambit\n|move|p2b: Pelipper|Weather Ball|p1b: Kingambit\n|-damage|p1b: Kingambit|0 fnt\n|faint|p1b: Kingambit\n|move|p1a: Basculegion|Substitute|p1a: Basculegion\n|-start|p1a: Basculegion|Substitute\n|-damage|p1a: Basculegion|76/100\n|\n|-weather|RainDance|[upkeep]\n|upkeep\n|\n|t:|1776689642\n|switch|p1b: Aerodactyl|Aerodactyl, L50, M|100/100\n|-ability|p1b: Aerodactyl|Unnerve\n|turn|5\n|\n|t:|1776689662\n|detailschange|p1b: Aerodactyl|Aerodactyl-Mega, L50, M\n|-mega|p1b: Aerodactyl|Aerodactyl|Aerodactylite\n|move|p2a: Basculegion|Aqua Jet|p1b: Aerodactyl\n|-supereffective|p1b: Aerodactyl|1\n|-damage|p1b: Aerodactyl|0 fnt\n|faint|p1b: Aerodactyl\n|move|p1a: Basculegion|Aqua Jet|p2a: Basculegion\n|-resisted|p2a: Basculegion|1\n|-damage|p2a: Basculegion|0 fnt\n|faint|p2a: Basculegion\n|move|p2b: Pelipper|Weather Ball|p1a: Basculegion\n|-resisted|p1a: Basculegion|1\n|-end|p1a: Basculegion|Substitute\n|\n|-weather|none\n|upkeep\n|-message|melecy forfeited.\n|\n|win|SDLT 2KRL SWM\n|raw|melecy's rating: 1463 &rarr; <strong>1445</strong><br />(-18 for losing)\n|raw|SDLT 2KRL SWM's rating: 1499 &rarr; <strong>1517</strong><br />(+18 for winning)\n",
  "uploadtime": 1776689672,
  "views": 3,
  "formatid": "gen9championsvgc2026regma",
  "rating": 1445,
  "private": 0,
  "password": null
}