{
  "id": "gen9championsvgc2026regma-2589400334",
  "format": "[Gen 9 Champions] VGC 2026 Reg M-A",
  "players": [
    "FreshSurfyOcean",
    "sixthsavior"
  ],
  "log": "|j|\u2606FreshSurfyOcean\n|j|\u2606sixthsavior\n|t:|1776719892\n|gametype|doubles\n|player|p1|FreshSurfyOcean|169|1308\n|player|p2|sixthsavior|102|1342\n|gen|9\n|tier|[Gen 9 Champions] VGC 2026 Reg M-A\n|rated|\n|rule|Species Clause: Limit one of each Pok\u00e9mon\n|rule|Item Clause: Limit 1 of each item\n|clearpoke\n|poke|p1|Slowking-Galar, L50, F|\n|poke|p1|Scizor, L50, M|\n|poke|p1|Chesnaught, L50, F|\n|poke|p1|Goodra, L50, F|\n|poke|p1|Garchomp, L50, M|\n|poke|p1|Bellibolt, L50, M|\n|poke|p2|Charizard, L50, F|\n|poke|p2|Rotom-Wash, L50|\n|poke|p2|Garchomp, L50, F|\n|poke|p2|Talonflame, L50, F|\n|poke|p2|Dragonite, L50, F|\n|poke|p2|Dragapult, L50, M|\n|teampreview|4\n|\n|t:|1776719913\n|teamsize|p1|4\n|teamsize|p2|4\n|start\n|switch|p1a: Bellibolt|Bellibolt, L50, M|100/100\n|switch|p1b: Slowking|Slowking-Galar, L50, F|100/100\n|switch|p2a: Dragonite|Dragonite, L50, F|100/100\n|switch|p2b: Dragapult|Dragapult, L50, M|100/100\n|turn|1\n|\n|t:|1776719940\n|move|p2b: Dragapult|Phantom Force||[still]\n|-prepare|p2b: Dragapult|Phantom Force\n|move|p2a: Dragonite|Outrage|p1b: Slowking\n|-damage|p1b: Slowking|39/100\n|-enditem|p1b: Slowking|Sitrus Berry|[eat]\n|-heal|p1b: Slowking|64/100|[from] item: Sitrus Berry\n|move|p1a: Bellibolt|Thunderbolt|p2a: Dragonite\n|-damage|p2a: Dragonite|63/100\n|move|p1b: Slowking|Trick Room|p1b: Slowking\n|-fieldstart|move: Trick Room|[of] p1b: Slowking\n|\n|upkeep\n|turn|2\n|\n|t:|1776719957\n|switch|p1b: Garchomp|Garchomp, L50, M|100/100\n|move|p1a: Bellibolt|Parabolic Charge|p2b: Dragapult|[spread] p2a\n|-miss|p1a: Bellibolt|p2b: Dragapult\n|-immune|p1b: Garchomp\n|-damage|p2a: Dragonite|41/100\n|move|p2a: Dragonite|Outrage|p1b: Garchomp|[from] lockedmove\n|-supereffective|p1b: Garchomp|1\n|-damage|p1b: Garchomp|0 fnt\n|-damage|p2a: Dragonite|29/100|[from] ability: Rough Skin|[of] p1b: Garchomp\n|faint|p1b: Garchomp\n|-start|p2a: Dragonite|confusion|[fatigue]\n|-enditem|p2a: Dragonite|Lum Berry|[eat]\n|-end|p2a: Dragonite|confusion\n|move|p2b: Dragapult|Phantom Force|p1a: Bellibolt|[from] lockedmove\n|-damage|p1a: Bellibolt|58/100\n|-start|p1a: Bellibolt|Charge|Phantom Force|[from] ability: Electromorphosis\n|\n|-heal|p1a: Bellibolt|64/100|[from] item: Leftovers\n|upkeep\n|\n|t:|1776719977\n|switch|p1b: Goodra|Goodra, L50, F|100/100\n|turn|3\n|\n|t:|1776720002\n|move|p2b: Dragapult|Protect|p2b: Dragapult\n|-singleturn|p2b: Dragapult|Protect\n|move|p2a: Dragonite|Extreme Speed|p1b: Goodra\n|-damage|p1b: Goodra|72/100\n|-ability|p1b: Goodra|Gooey\n|-unboost|p2a: Dragonite|spe|1\n|move|p1a: Bellibolt|Thunderbolt|p2b: Dragapult\n|-activate|p2b: Dragapult|move: Protect\n|-end|p1a: Bellibolt|Charge|[silent]\n|move|p1b: Goodra|Ice Beam|p2a: Dragonite\n|-supereffective|p2a: Dragonite|2\n|-damage|p2a: Dragonite|0 fnt\n|faint|p2a: Dragonite\n|\n|-heal|p1a: Bellibolt|70/100|[from] item: Leftovers\n|upkeep\n|\n|t:|1776720018\n|switch|p2a: Charizard|Charizard, L50, F|100/100\n|turn|4\n|\n|t:|1776720030\n|detailschange|p2a: Charizard|Charizard-Mega-Y, L50, F\n|-mega|p2a: Charizard|Charizard|Charizardite Y\n|-weather|SunnyDay|[from] ability: Drought|[of] p2a: Charizard\n|move|p2a: Charizard|Protect|p2a: Charizard\n|-singleturn|p2a: Charizard|Protect\n|move|p1a: Bellibolt|Thunderbolt|p2a: Charizard\n|-activate|p2a: Charizard|move: Protect\n|move|p1b: Goodra|Ice Beam|p2b: Dragapult\n|-supereffective|p2b: Dragapult|1\n|-damage|p2b: Dragapult|27/100\n|move|p2b: Dragapult|Dragon Darts|p1a: Bellibolt\n|-damage|p1a: Bellibolt|47/100\n|-start|p1a: Bellibolt|Charge|Dragon Darts|[from] ability: Electromorphosis\n|-anim|p2b: Dragapult|Dragon Darts|p1b: Goodra\n|-supereffective|p1b: Goodra|1\n|-damage|p1b: Goodra|15/100\n|\n|-weather|SunnyDay|[upkeep]\n|-heal|p1a: Bellibolt|53/100|[from] item: Leftovers\n|upkeep\n|turn|5\n|\n|t:|1776720055\n|switch|p2a: Garchomp|Garchomp, L50, F|100/100\n|move|p2b: Dragapult|Protect|p2b: Dragapult\n|-singleturn|p2b: Dragapult|Protect\n|move|p1a: Bellibolt|Thunderbolt|p2a: Garchomp\n|-immune|p2a: Garchomp\n|-end|p1a: Bellibolt|Charge|[silent]\n|move|p1b: Goodra|Ice Beam|p2b: Dragapult\n|-activate|p2b: Dragapult|move: Protect\n|\n|-weather|SunnyDay|[upkeep]\n|-heal|p1a: Bellibolt|59/100|[from] item: Leftovers\n|-fieldend|move: Trick Room\n|upkeep\n|turn|6\n|\n|t:|1776720077\n|switch|p2b: Charizard|Charizard-Mega-Y, L50, F|100/100\n|switch|p1b: Slowking|Slowking-Galar, L50, F|97/100\n|move|p2a: Garchomp|Earthquake|p1a: Bellibolt|[spread] p1a,p1b\n|-immune|p2b: Charizard\n|-supereffective|p1a: Bellibolt|1\n|-supereffective|p1b: Slowking|1\n|-damage|p1a: Bellibolt|0 fnt\n|-damage|p1b: Slowking|35/100\n|faint|p1a: Bellibolt\n|\n|-weather|SunnyDay|[upkeep]\n|upkeep\n|-message|FreshSurfyOcean forfeited.\n|\n|win|sixthsavior\n|raw|FreshSurfyOcean's rating: 1308 &rarr; <strong>1290</strong><br />(-18 for losing)\n|raw|sixthsavior's rating: 1342 &rarr; <strong>1360</strong><br />(+18 for winning)\n|l|\u2606FreshSurfyOcean\n|player|p1|\n",
  "uploadtime": 1776720109,
  "views": 10,
  "formatid": "gen9championsvgc2026regma",
  "rating": 1290,
  "private": 0,
  "password": null
}