{
  "id": "gen9championsvgc2026regma-2584815931",
  "format": "[Gen 9 Champions] VGC 2026 Reg M-A",
  "players": [
    "Ivyzinha089",
    "VinihBlaze"
  ],
  "log": "|j|\u2606Ivyzinha089\n|j|\u2606VinihBlaze\n|t:|1776285778\n|gametype|doubles\n|player|p1|Ivyzinha089|dawn|1106\n|player|p2|VinihBlaze|heroine-conquest|1173\n|gen|9\n|tier|[Gen 9 Champions] VGC 2026 Reg M-A\n|rated|\n|rule|Species Clause: Limit one of each Pok\u00e9mon\n|rule|Item Clause: Limit 1 of each item\n|clearpoke\n|poke|p1|Meganium, L50, M|\n|poke|p1|Tyranitar, L50, F|\n|poke|p1|Excadrill, L50, F|\n|poke|p1|Garchomp, L50, F|\n|poke|p1|Rotom-Wash, L50|\n|poke|p1|Sneasler, L50, M|\n|poke|p2|Delphox, L50, F|\n|poke|p2|Clefable, L50, M|\n|poke|p2|Sneasler, L50, F|\n|poke|p2|Kingambit, L50, M|\n|poke|p2|Aerodactyl, L50, F|\n|poke|p2|Dragapult, L50, F|\n|teampreview|4\n|inactive|Battle timer is ON: inactive players will automatically lose when time's up. (requested by Ivyzinha089)\n|inactive|Ivyzinha089 has 60 seconds left.\n|\n|t:|1776285814\n|teamsize|p1|4\n|teamsize|p2|4\n|start\n|switch|p1a: Tyranitar|Tyranitar, L50, F|100/100\n|switch|p1b: Excadrill|Excadrill, L50, F|100/100\n|switch|p2a: Dragapult|Dragapult, L50, F|100/100\n|switch|p2b: Sneasler|Sneasler, L50, F|100/100\n|-weather|Sandstorm|[from] ability: Sand Stream|[of] p1a: Tyranitar\n|turn|1\n|\n|t:|1776285832\n|move|p1b: Excadrill|Protect|p1b: Excadrill\n|-singleturn|p1b: Excadrill|Protect\n|move|p1a: Tyranitar|Protect|p1a: Tyranitar\n|-singleturn|p1a: Tyranitar|Protect\n|move|p2b: Sneasler|Fake Out|p1b: Excadrill\n|-activate|p1b: Excadrill|move: Protect\n|move|p2a: Dragapult|Shadow Ball|p1b: Excadrill\n|-activate|p1b: Excadrill|move: Protect\n|\n|-weather|Sandstorm|[upkeep]\n|-damage|p2a: Dragapult|94/100|[from] Sandstorm\n|-damage|p2b: Sneasler|95/100|[from] Sandstorm\n|upkeep\n|turn|2\n|inactive|Ivyzinha089 has 30 seconds left.\n|inactive|VinihBlaze has 30 seconds left.\n|inactive|Ivyzinha089 has 20 seconds left.\n|\n|t:|1776285867\n|switch|p2b: Aerodactyl|Aerodactyl, L50, F|100/100\n|-ability|p2b: Aerodactyl|Unnerve\n|move|p2a: Dragapult|Shadow Ball|p1b: Excadrill\n|-damage|p1b: Excadrill|50/100\n|move|p1b: Excadrill|Earthquake|p2b: Aerodactyl|[spread] p1a,p2a\n|-immune|p2b: Aerodactyl\n|-supereffective|p1a: Tyranitar|1\n|-damage|p1a: Tyranitar|30/100\n|-damage|p2a: Dragapult|40/100\n|move|p1a: Tyranitar|Knock Off|p2a: Dragapult\n|-supereffective|p2a: Dragapult|1\n|-damage|p2a: Dragapult|0 fnt\n|-enditem|p2a: Dragapult|Choice Scarf|[from] move: Knock Off|[of] p1a: Tyranitar\n|faint|p2a: Dragapult\n|\n|-weather|Sandstorm|[upkeep]\n|upkeep\n|\n|t:|1776285883\n|switch|p2a: Clefable|Clefable, L50, M|100/100\n|turn|3\n|\n|t:|1776285900\n|move|p1b: Excadrill|Protect|p1b: Excadrill\n|-singleturn|p1b: Excadrill|Protect\n|move|p2a: Clefable|Protect|p2a: Clefable\n|-singleturn|p2a: Clefable|Protect\n|move|p2b: Aerodactyl|Iron Head|p1a: Tyranitar\n|-supereffective|p1a: Tyranitar|1\n|-damage|p1a: Tyranitar|0 fnt\n|faint|p1a: Tyranitar\n|\n|-weather|Sandstorm|[upkeep]\n|-damage|p2a: Clefable|95/100|[from] Sandstorm\n|upkeep\n|\n|t:|1776285910\n|switch|p1a: Rotom|Rotom-Wash, L50|100/100\n|turn|4\n|\n|t:|1776285920\n|move|p2a: Clefable|Helping Hand|p2b: Aerodactyl\n|-singleturn|p2b: Aerodactyl|Helping Hand|[of] p2a: Clefable\n|move|p1b: Excadrill|Iron Head|p2b: Aerodactyl\n|-supereffective|p2b: Aerodactyl|1\n|-damage|p2b: Aerodactyl|0 fnt\n|faint|p2b: Aerodactyl\n|move|p1a: Rotom|Thunderbolt|p2a: Clefable\n|-damage|p2a: Clefable|58/100\n|\n|-weather|Sandstorm|[upkeep]\n|-damage|p1a: Rotom|95/100|[from] Sandstorm\n|-damage|p2a: Clefable|52/100|[from] Sandstorm\n|upkeep\n|\n|t:|1776285925\n|switch|p2b: Sneasler|Sneasler, L50, F|95/100\n|turn|5\n|\n|t:|1776285932\n|move|p2a: Clefable|Follow Me|p2a: Clefable\n|-singleturn|p2a: Clefable|move: Follow Me\n|move|p1b: Excadrill|Earthquake|p2b: Sneasler|[spread] p2a,p2b\n|-immune|p1a: Rotom|[from] ability: Levitate\n|-supereffective|p2b: Sneasler|1\n|-damage|p2a: Clefable|16/100\n|-damage|p2b: Sneasler|0 fnt\n|-enditem|p2a: Clefable|Sitrus Berry|[eat]\n|-heal|p2a: Clefable|41/100|[from] item: Sitrus Berry\n|faint|p2b: Sneasler\n|move|p1a: Rotom|Thunderbolt|p2a: Clefable\n|-damage|p2a: Clefable|0 fnt\n|faint|p2a: Clefable\n|\n|win|Ivyzinha089\n|raw|Ivyzinha089's rating: 1106 &rarr; <strong>1136</strong><br />(+30 for winning)\n|raw|VinihBlaze's rating: 1173 &rarr; <strong>1143</strong><br />(-30 for losing)\n|l|\u2606VinihBlaze\n|player|p2|\n",
  "uploadtime": 1776285946,
  "views": 28,
  "formatid": "gen9championsvgc2026regma",
  "rating": 1136,
  "private": 0,
  "password": null
}