{
  "id": "gen9championsvgc2026regma-2580602642",
  "format": "[Gen 9 Champions] VGC 2026 Reg M-A",
  "players": [
    "merijn2018",
    "5wamp"
  ],
  "log": "|j|\u2606merijn2018\n|j|\u26065wamp\n|html|<table width=\"100%\"><tr><td align=\"left\">merijn2018</td><td align=\"right\">5wamp</tr><tr><td align=\"left\"><i class=\"fa fa-circle\"></i> <i class=\"fa fa-circle-o\"></i> </td><td align=\"right\"><i class=\"fa fa-circle-o\"></i> <i class=\"fa fa-circle\"></i> </tr></table>\n|uhtml|bestof|<h2><strong>Game 3</strong> of <a href=\"/game-bestof3-gen9championsvgc2026regma-2580599686\">a best-of-3</a></h2>\n|t:|1775917136\n|gametype|doubles\n|player|p1|merijn2018|silver|\n|player|p2|5wamp|carmine-festival|\n|gen|9\n|tier|[Gen 9 Champions] VGC 2026 Reg M-A\n|rated|Tournament battle\n|rule|Species Clause: Limit one of each Pok\u00e9mon\n|rule|Item Clause: Limit 1 of each item\n|raw|<div class=\"infobox\"><details class=\"readmore\" open><summary><strong>2 custom rules:</strong></summary> Force Open Team Sheets, Best of = 3</details></div>\n|clearpoke\n|poke|p1|Chandelure, L50, F|\n|poke|p1|Hydreigon, L50, F|\n|poke|p1|Milotic, L50, M|\n|poke|p1|Sinistcha, L50|\n|poke|p1|Kingambit, L50, M|\n|poke|p1|Klefki, L50, F|\n|poke|p2|Floette-Eternal, L50, F|\n|poke|p2|Garchomp, L50, M|\n|poke|p2|Aegislash, L50, F|\n|poke|p2|Milotic, L50, F|\n|poke|p2|Sinistcha, L50|\n|poke|p2|Incineroar, L50, M|\n|teampreview|4\n|showteam|p1|Chandelure||Chandelurite|FlashFire|HeatWave,ShadowBall,CalmMind,Protect|||F|||50|]Hydreigon||LumBerry|Levitate|DarkPulse,EarthPower,Tailwind,Protect|||F|||50|]Milotic||Leftovers|Competitive|Scald,IceBeam,LifeDew,Protect|||M|||50|]Sinistcha||SitrusBerry|Hospitality|MatchaGotcha,TrickRoom,LifeDew,RagePowder||||||50|]Kingambit||ChopleBerry|Defiant|IronHead,KowtowCleave,SuckerPunch,Protect|||M|||50|]Klefki||ShucaBerry|Prankster|Psychic,SunnyDay,LightScreen,Reflect|||F|||50|\n|showteam|p2|Floette-Eternal||Floettite|FlowerVeil|Moonblast,DazzlingGleam,CalmMind,Protect|||F|||50|]Garchomp||LumBerry|SandVeil|StompingTantrum,DragonClaw,RockSlide,Protect|||M|||50|]Aegislash||SpellTag|StanceChange|Poltergeist,ShadowSneak,SacredSword,KingsShield|||F|||50|]Milotic||Leftovers|Competitive|Scald,IceBeam,Recover,Protect|||F|||50|]Sinistcha||OccaBerry|Hospitality|MatchaGotcha,StrengthSap,RagePowder,TrickRoom||||||50|]Incineroar||SitrusBerry|Intimidate|FakeOut,FlareBlitz,ThroatChop,PartingShot|||M|||50|\n|inactive|Battle timer is ON: inactive players will automatically lose when time's up. (requested by 5wamp)\n|j| Very Pogger Name\n|j| Zavok65\n|\n|t:|1775917152\n|teamsize|p1|4\n|teamsize|p2|4\n|start\n|switch|p1a: Sinistcha|Sinistcha, L50|100/100\n|switch|p1b: Kingambit|Kingambit, L50, M|100/100\n|switch|p2a: Garchomp|Garchomp, L50, M|100/100\n|switch|p2b: Milotic|Milotic, L50, F|100/100\n|turn|1\n|\n|t:|1775917177\n|switch|p1b: Klefki|Klefki, L50, F|100/100\n|move|p2a: Garchomp|Dragon Claw|p1a: Sinistcha\n|-damage|p1a: Sinistcha|71/100\n|move|p2b: Milotic|Ice Beam|p1a: Sinistcha\n|-supereffective|p1a: Sinistcha|1\n|-damage|p1a: Sinistcha|9/100\n|-enditem|p1a: Sinistcha|Sitrus Berry|[eat]\n|-heal|p1a: Sinistcha|34/100|[from] item: Sitrus Berry\n|move|p1a: Sinistcha|Matcha Gotcha|p2b: Milotic|[spread] p2a,p2b\n|-supereffective|p2b: Milotic|1\n|-damage|p2a: Garchomp|75/100\n|-heal|p1a: Sinistcha|48/100|[from] drain|[of] p2a: Garchomp\n|-damage|p2b: Milotic|64/100\n|-heal|p1a: Sinistcha|68/100|[from] drain|[of] p2b: Milotic\n|\n|-heal|p2b: Milotic|70/100|[from] item: Leftovers\n|upkeep\n|turn|2\n|inactive|5wamp has 30 seconds left.\n|\n|t:|1775917210\n|switch|p2b: Floette|Floette-Eternal, L50, F|100/100\n|move|p1b: Klefki|Light Screen|p1b: Klefki\n|-sidestart|p1: merijn2018|move: Light Screen\n|move|p2a: Garchomp|Stomping Tantrum|p1a: Sinistcha\n|-resisted|p1a: Sinistcha|1\n|-damage|p1a: Sinistcha|53/100\n|move|p1a: Sinistcha|Trick Room|p1a: Sinistcha\n|-fieldstart|move: Trick Room|[of] p1a: Sinistcha\n|\n|upkeep\n|turn|3\n|\n|t:|1775917225\n|switch|p1a: Kingambit|Kingambit, L50, M|100/100\n|detailschange|p2b: Floette|Floette-Mega, L50, F\n|-mega|p2b: Floette|Floette|Floettite\n|-ability|p2b: Floette|Fairy Aura\n|move|p1b: Klefki|Reflect|p1b: Klefki\n|-sidestart|p1: merijn2018|Reflect\n|move|p2b: Floette|Calm Mind|p2b: Floette\n|-boost|p2b: Floette|spa|1\n|-boost|p2b: Floette|spd|1\n|move|p2a: Garchomp|Stomping Tantrum|p1b: Klefki\n|-supereffective|p1b: Klefki|1\n|-enditem|p1b: Klefki|Shuca Berry|[eat]\n|-enditem|p1b: Klefki|Shuca Berry|[weaken]\n|-damage|p1b: Klefki|76/100\n|\n|upkeep\n|turn|4\n|\n|t:|1775917236\n|switch|p2a: Sinistcha|Sinistcha, L50|100/100\n|move|p2b: Floette|Protect|p2b: Floette\n|-singleturn|p2b: Floette|Protect\n|move|p1a: Kingambit|Iron Head|p2b: Floette\n|-activate|p2b: Floette|move: Protect\n|move|p1b: Klefki|Psychic|p2a: Sinistcha\n|-damage|p2a: Sinistcha|84/100\n|\n|upkeep\n|turn|5\n|j| ugcl\n|\n|t:|1775917254\n|move|p2a: Sinistcha|Rage Powder|p2a: Sinistcha\n|-singleturn|p2a: Sinistcha|move: Rage Powder\n|move|p1a: Kingambit|Kowtow Cleave|p2a: Sinistcha\n|-supereffective|p2a: Sinistcha|1\n|-damage|p2a: Sinistcha|0 fnt\n|faint|p2a: Sinistcha\n|move|p1b: Klefki|Psychic|p2b: Floette\n|-damage|p2b: Floette|92/100\n|move|p2b: Floette|Moonblast|p1a: Kingambit\n|-damage|p1a: Kingambit|27/100\n|\n|upkeep\n|\n|t:|1775917264\n|switch|p2a: Garchomp|Garchomp, L50, M|75/100\n|turn|6\n|inactive|merijn2018 has 30 seconds left.\n|\n|t:|1775917292\n|switch|p1a: Sinistcha|Sinistcha, L50|53/100\n|-heal|p1b: Klefki|100/100|[from] ability: Hospitality|[of] p1a: Sinistcha\n|switch|p1b: Chandelure|Chandelure, L50, F|100/100\n|move|p2b: Floette|Protect|p2b: Floette\n|-singleturn|p2b: Floette|Protect\n|move|p2a: Garchomp|Stomping Tantrum|p1a: Sinistcha\n|-resisted|p1a: Sinistcha|1\n|-damage|p1a: Sinistcha|44/100\n|\n|-sideend|p1: merijn2018|move: Light Screen\n|-fieldend|move: Trick Room\n|upkeep\n|turn|7\n|\n|t:|1775917310\n|detailschange|p1b: Chandelure|Chandelure-Mega, L50, F\n|-mega|p1b: Chandelure|Chandelure|Chandelurite\n|move|p2a: Garchomp|Rock Slide|p1a: Sinistcha|[spread] p1a,p1b\n|-supereffective|p1b: Chandelure|1\n|-damage|p1a: Sinistcha|35/100\n|-damage|p1b: Chandelure|76/100\n|move|p2b: Floette|Dazzling Gleam|p1b: Chandelure|[spread] p1a,p1b\n|-resisted|p1b: Chandelure|1\n|-damage|p1a: Sinistcha|0 fnt\n|-damage|p1b: Chandelure|37/100\n|faint|p1a: Sinistcha\n|move|p1b: Chandelure|Shadow Ball|p2a: Garchomp\n|-damage|p2a: Garchomp|13/100\n|-unboost|p2a: Garchomp|spd|1\n|\n|-sideend|p1: merijn2018|Reflect\n|upkeep\n|\n|t:|1775917315\n|switch|p1a: Klefki|Klefki, L50, F|100/100\n|turn|8\n|\n|t:|1775917329\n|move|p1b: Chandelure|Protect|p1b: Chandelure\n|-singleturn|p1b: Chandelure|Protect\n|move|p2a: Garchomp|Stomping Tantrum|p1b: Chandelure\n|-activate|p1b: Chandelure|move: Protect\n|move|p2b: Floette|Calm Mind|p2b: Floette\n|-boost|p2b: Floette|spa|1\n|-boost|p2b: Floette|spd|1\n|move|p1a: Klefki|Psychic|p2a: Garchomp\n|-damage|p2a: Garchomp|0 fnt\n|faint|p2a: Garchomp\n|\n|upkeep\n|\n|t:|1775917331\n|switch|p2a: Milotic|Milotic, L50, F|70/100\n|turn|9\n|\n|t:|1775917338\n|move|p1a: Klefki|Sunny Day|p1a: Klefki\n|-weather|SunnyDay\n|move|p2b: Floette|Dazzling Gleam|p1a: Klefki|[spread] p1a,p1b\n|-resisted|p1a: Klefki|1\n|-resisted|p1b: Chandelure|1\n|-damage|p1a: Klefki|47/100\n|-damage|p1b: Chandelure|0 fnt\n|faint|p1b: Chandelure\n|move|p2a: Milotic|Scald|p1a: Klefki\n|-damage|p1a: Klefki|27/100\n|-status|p1a: Klefki|brn\n|\n|-weather|SunnyDay|[upkeep]\n|-heal|p2a: Milotic|76/100|[from] item: Leftovers\n|-damage|p1a: Klefki|21/100 brn|[from] brn\n|upkeep\n|\n|t:|1775917342\n|switch|p1b: Kingambit|Kingambit, L50, M|27/100\n|turn|10\n|\n|t:|1775917348\n|move|p2b: Floette|Moonblast|p1b: Kingambit\n|-damage|p1b: Kingambit|0 fnt\n|faint|p1b: Kingambit\n|move|p2a: Milotic|Scald|p1a: Klefki\n|-damage|p1a: Klefki|1/100 brn\n|move|p1a: Klefki|Psychic|p2a: Milotic\n|-damage|p2a: Milotic|62/100\n|\n|-weather|SunnyDay|[upkeep]\n|-heal|p2a: Milotic|68/100|[from] item: Leftovers\n|-damage|p1a: Klefki|0 fnt|[from] brn\n|faint|p1a: Klefki\n|\n|win|5wamp\n",
  "uploadtime": 1775917348,
  "views": 9,
  "formatid": "gen9championsvgc2026regma",
  "rating": null,
  "private": 0,
  "password": null
}