{
  "id": "gen9championsvgc2026regma-2582423104",
  "format": "[Gen 9 Champions] VGC 2026 Reg M-A",
  "players": [
    "yin_lite",
    "mukaintshi"
  ],
  "log": "|j|\u2606yin_lite\n|j|\u2606mukaintshi\n|t:|1776090710\n|gametype|doubles\n|player|p1|yin_lite|266|1050\n|player|p2|mukaintshi|ingo|1115\n|gen|9\n|tier|[Gen 9 Champions] VGC 2026 Reg M-A\n|rated|\n|rule|Species Clause: Limit one of each Pok\u00e9mon\n|rule|Item Clause: Limit 1 of each item\n|clearpoke\n|poke|p1|Zoroark-Hisui, L50, M|\n|poke|p1|Incineroar, L50, M|\n|poke|p1|Froslass, L50, F|\n|poke|p1|Goodra-Hisui, L50, F|\n|poke|p1|Sneasler, L50, F|\n|poke|p1|Araquanid, L50, M|\n|poke|p2|Gyarados, L50, M|\n|poke|p2|Sneasler, L50, M|\n|poke|p2|Ninetales-Alola, L50, F|\n|poke|p2|Aegislash, L50, M|\n|poke|p2|Talonflame, L50, F|\n|poke|p2|Sinistcha, L50|\n|teampreview|4\n|inactive|Battle timer is ON: inactive players will automatically lose when time's up. (requested by mukaintshi)\n|inactive|yin_lite has 60 seconds left.\n|\n|t:|1776090767\n|teamsize|p1|4\n|teamsize|p2|4\n|start\n|switch|p1a: Froslass|Froslass, L50, F, shiny|100/100\n|switch|p1b: Sneasler|Sneasler, L50, F|100/100\n|switch|p2a: burnt beaks|Talonflame, L50, F, shiny|100/100\n|switch|p2b: fake out|Sneasler, L50, M, shiny|100/100\n|-ability|p1b: Sneasler|Pressure\n|turn|1\n|\n|t:|1776090782\n|move|p2a: burnt beaks|Protect|p2a: burnt beaks\n|-singleturn|p2a: burnt beaks|Protect\n|move|p1b: Sneasler|Fake Out|p2a: burnt beaks\n|-activate|p2a: burnt beaks|move: Protect\n|move|p2b: fake out|Coaching|p2a: burnt beaks\n|-boost|p2a: burnt beaks|atk|1\n|-boost|p2a: burnt beaks|def|1\n|move|p1a: Froslass|Will-O-Wisp|p2b: fake out\n|-status|p2b: fake out|brn\n|\n|-damage|p2b: fake out|95/100 brn|[from] brn\n|upkeep\n|turn|2\n|inactive|yin_lite has 30 seconds left.\n|\n|t:|1776090810\n|move|p2a: burnt beaks|Dual Wingbeat|p1b: Sneasler\n|-supereffective|p1b: Sneasler|1\n|-enditem|p1b: Sneasler|Focus Sash\n|-damage|p1b: Sneasler|1/100\n|-supereffective|p1b: Sneasler|1\n|-damage|p1b: Sneasler|0 fnt\n|faint|p1b: Sneasler\n|-hitcount|p1: Sneasler|2\n|move|p2b: fake out|Dire Claw|p1a: Froslass\n|-resisted|p1a: Froslass|1\n|-damage|p1a: Froslass|83/100\n|replace|p1a: Zoroark|Zoroark-Hisui, L50, M\n|-end|p1a: Zoroark|Illusion\n|move|p1a: Zoroark|Shadow Ball|p2a: burnt beaks\n|-damage|p2a: burnt beaks|46/100\n|\n|-damage|p2b: fake out|89/100 brn|[from] brn\n|upkeep\n|\n|t:|1776090829\n|switch|p1b: Froslass|Froslass, L50, F, shiny|100/100\n|turn|3\n|inactive|mukaintshi has 30 seconds left.\n|\n|t:|1776090855\n|detailschange|p1b: Froslass|Froslass-Mega, L50, F, shiny\n|-mega|p1b: Froslass|Froslass|Froslassite\n|-weather|Snowscape|[from] ability: Snow Warning|[of] p1b: Froslass\n|move|p2a: burnt beaks|Tailwind|p2a: burnt beaks\n|-sidestart|p2: mukaintshi|move: Tailwind\n|move|p2b: fake out|Dire Claw|p1b: Froslass\n|-resisted|p1b: Froslass|1\n|-damage|p1b: Froslass|92/100\n|move|p1a: Zoroark|Shadow Ball|p2a: burnt beaks\n|-crit|p2a: burnt beaks\n|-damage|p2a: burnt beaks|0 fnt\n|faint|p2a: burnt beaks\n|move|p1b: Froslass|Blizzard|p2b: fake out\n|-damage|p2b: fake out|8/100 brn\n|\n|-weather|Snowscape|[upkeep]\n|-damage|p2b: fake out|2/100 brn|[from] brn\n|upkeep\n|\n|t:|1776090868\n|switch|p2a: fraudengo|Aegislash, L50, M, shiny|100/100\n|turn|4\n|\n|t:|1776090881\n|switch|p1b: Incineroar|Incineroar, L50, M, shiny|100/100\n|-ability|p1b: Incineroar|Intimidate|boost\n|-unboost|p2a: fraudengo|atk|1\n|-unboost|p2b: fake out|atk|1\n|-enditem|p2b: fake out|White Herb\n|-clearnegativeboost|p2b: fake out|[silent]\n|move|p2a: fraudengo|King's Shield|p2a: fraudengo\n|-singleturn|p2a: fraudengo|Protect\n|move|p2b: fake out|Coaching|p2a: fraudengo\n|-boost|p2a: fraudengo|atk|1\n|-boost|p2a: fraudengo|def|1\n|move|p1a: Zoroark|Shadow Ball|p2a: fraudengo\n|-activate|p2a: fraudengo|move: Protect\n|\n|-weather|Snowscape|[upkeep]\n|-damage|p2b: fake out|0 fnt|[from] brn\n|faint|p2b: fake out\n|upkeep\n|\n|t:|1776090886\n|switch|p2b: gay sushi|Gyarados, L50, M, shiny|100/100\n|-ability|p2b: gay sushi|Intimidate|boost\n|-unboost|p1a: Zoroark|atk|1\n|-unboost|p1b: Incineroar|atk|1\n|turn|5\n|\n|t:|1776090910\n|detailschange|p2b: gay sushi|Gyarados-Mega, L50, M, shiny\n|-mega|p2b: gay sushi|Gyarados|Gyaradosite\n|-ability|p2b: gay sushi|Mold Breaker\n|move|p2b: gay sushi|Protect|p2b: gay sushi\n|-singleturn|p2b: gay sushi|Protect\n|move|p1b: Incineroar|Fake Out|p2b: gay sushi\n|-activate|p2b: gay sushi|move: Protect\n|move|p1a: Zoroark|Will-O-Wisp|p2a: fraudengo\n|-status|p2a: fraudengo|brn\n|-formechange|p2a: fraudengo|Aegislash-Blade|\n|move|p2a: fraudengo|Sacred Sword|p1b: Incineroar\n|-supereffective|p1b: Incineroar|1\n|-damage|p1b: Incineroar|80/100\n|\n|-weather|Snowscape|[upkeep]\n|-damage|p2a: fraudengo|95/100 brn|[from] brn\n|upkeep\n|turn|6\n|inactive|yin_lite has 30 seconds left.\n|\n|t:|1776090943\n|-formechange|p2a: fraudengo|Aegislash|\n|move|p2a: fraudengo|King's Shield|p2a: fraudengo\n|-singleturn|p2a: fraudengo|Protect\n|move|p2b: gay sushi|Crunch|p1a: Zoroark\n|-supereffective|p1a: Zoroark|1\n|-enditem|p1a: Zoroark|Colbur Berry|[eat]\n|-enditem|p1a: Zoroark|Colbur Berry|[weaken]\n|-damage|p1a: Zoroark|1/100\n|-unboost|p1a: Zoroark|def|1\n|move|p1a: Zoroark|Will-O-Wisp|p2b: gay sushi\n|-status|p2b: gay sushi|brn\n|move|p1b: Incineroar|Parting Shot|p2b: gay sushi\n|-unboost|p2b: gay sushi|atk|1\n|-unboost|p2b: gay sushi|spa|1\n|\n|t:|1776090958\n|switch|p1b: Froslass|Froslass-Mega, L50, F, shiny|92/100|[from] Parting Shot\n|\n|-weather|Snowscape|[upkeep]\n|-heal|p2a: fraudengo|100/100 brn|[from] item: Leftovers\n|-damage|p2b: gay sushi|95/100 brn|[from] brn\n|-damage|p2a: fraudengo|95/100 brn|[from] brn\n|-sideend|p2: mukaintshi|move: Tailwind\n|upkeep\n|turn|7\n|\n|t:|1776090973\n|switch|p1b: Incineroar|Incineroar, L50, M, shiny|80/100\n|-ability|p1b: Incineroar|Intimidate|boost\n|-unboost|p2a: fraudengo|atk|1\n|-unboost|p2b: gay sushi|atk|1\n|move|p1a: Zoroark|Protect|p1a: Zoroark\n|-singleturn|p1a: Zoroark|Protect\n|move|p2b: gay sushi|Dragon Dance|p2b: gay sushi\n|-boost|p2b: gay sushi|atk|1\n|-boost|p2b: gay sushi|spe|1\n|-formechange|p2a: fraudengo|Aegislash-Blade|\n|move|p2a: fraudengo|Poltergeist|p1b: Incineroar\n|-activate|p1b: Incineroar|move: Poltergeist|Sitrus Berry\n|-resisted|p1b: Incineroar|1\n|-damage|p1b: Incineroar|73/100\n|\n|-weather|none\n|-heal|p2a: fraudengo|100/100 brn|[from] item: Leftovers\n|-damage|p2b: gay sushi|89/100 brn|[from] brn\n|-damage|p2a: fraudengo|95/100 brn|[from] brn\n|upkeep\n|turn|8\n|\n|t:|1776090997\n|-formechange|p2a: fraudengo|Aegislash|\n|move|p2a: fraudengo|King's Shield|p2a: fraudengo\n|-singleturn|p2a: fraudengo|Protect\n|move|p2b: gay sushi|Dragon Dance|p2b: gay sushi\n|-boost|p2b: gay sushi|atk|1\n|-boost|p2b: gay sushi|spe|1\n|move|p1a: Zoroark|Shadow Ball|p2a: fraudengo\n|-activate|p2a: fraudengo|move: Protect\n|move|p1b: Incineroar|Parting Shot|p2b: gay sushi\n|-unboost|p2b: gay sushi|atk|1\n|-unboost|p2b: gay sushi|spa|1\n|\n|t:|1776091009\n|switch|p1b: Froslass|Froslass-Mega, L50, F, shiny|92/100|[from] Parting Shot\n|-weather|Snowscape|[from] ability: Snow Warning|[of] p1b: Froslass\n|\n|-weather|Snowscape|[upkeep]\n|-heal|p2a: fraudengo|100/100 brn|[from] item: Leftovers\n|-damage|p2b: gay sushi|83/100 brn|[from] brn\n|-damage|p2a: fraudengo|95/100 brn|[from] brn\n|upkeep\n|turn|9\n|\n|t:|1776091021\n|move|p2a: fraudengo|Wide Guard|p2a: fraudengo\n|-singleturn|p2a: fraudengo|Wide Guard\n|move|p2b: gay sushi|Earthquake|p1b: Froslass|[spread] p1a,p1b\n|-activate|p2a: fraudengo|move: Wide Guard\n|-damage|p1a: Zoroark|0 fnt\n|-damage|p1b: Froslass|83/100\n|faint|p1a: Zoroark\n|move|p1b: Froslass|Hex|p2a: fraudengo\n|-supereffective|p2a: fraudengo|1\n|-damage|p2a: fraudengo|0 fnt\n|faint|p2a: fraudengo\n|\n|-weather|Snowscape|[upkeep]\n|-damage|p2b: gay sushi|77/100 brn|[from] brn\n|upkeep\n|\n|t:|1776091035\n|switch|p1a: Incineroar|Incineroar, L50, M, shiny|73/100\n|-ability|p1a: Incineroar|Intimidate|boost\n|-unboost|p2b: gay sushi|atk|1\n|turn|10\n|\n|t:|1776091045\n|move|p2b: gay sushi|Protect|p2b: gay sushi\n|-singleturn|p2b: gay sushi|Protect\n|move|p1a: Incineroar|Fake Out|p2b: gay sushi\n|-activate|p2b: gay sushi|move: Protect\n|move|p1b: Froslass|Aurora Veil|p1b: Froslass\n|-sidestart|p1: yin_lite|move: Aurora Veil\n|\n|-weather|Snowscape|[upkeep]\n|-damage|p2b: gay sushi|71/100 brn|[from] brn\n|upkeep\n|turn|11\n|\n|t:|1776091060\n|move|p2b: gay sushi|Crunch|p1b: Froslass\n|-supereffective|p1b: Froslass|1\n|-damage|p1b: Froslass|65/100\n|-unboost|p1b: Froslass|def|1\n|move|p1b: Froslass|Hex|p2b: gay sushi\n|-resisted|p2b: gay sushi|1\n|-damage|p2b: gay sushi|36/100 brn\n|move|p1a: Incineroar|Flare Blitz|p2b: gay sushi\n|-resisted|p2b: gay sushi|1\n|-damage|p2b: gay sushi|11/100 brn\n|-damage|p1a: Incineroar|66/100|[from] Recoil\n|\n|-weather|Snowscape|[upkeep]\n|-damage|p2b: gay sushi|5/100 brn|[from] brn\n|upkeep\n|turn|12\n|\n|t:|1776091079\n|move|p2b: gay sushi|Crunch|p1b: Froslass\n|-supereffective|p1b: Froslass|1\n|-damage|p1b: Froslass|41/100\n|move|p1b: Froslass|Hex|p2b: gay sushi\n|-resisted|p2b: gay sushi|1\n|-damage|p2b: gay sushi|0 fnt\n|faint|p2b: gay sushi\n|\n|win|yin_lite\n|raw|yin_lite's rating: 1050 &rarr; <strong>1089</strong><br />(+39 for winning)\n|raw|mukaintshi's rating: 1115 &rarr; <strong>1085</strong><br />(-30 for losing)\n",
  "uploadtime": 1776091084,
  "views": 26,
  "formatid": "gen9championsvgc2026regma",
  "rating": 1085,
  "private": 0,
  "password": null
}