{
  "id": "gen9championsvgc2026regma-2584556059",
  "format": "[Gen 9 Champions] VGC 2026 Reg M-A",
  "players": [
    "Drcheems19",
    "champion uraven"
  ],
  "log": "|j|\u2606Drcheems19\n|j|\u2606champion uraven\n|t:|1776268516\n|gametype|doubles\n|player|p1|Drcheems19|169|1137\n|player|p2|champion uraven|265|1090\n|gen|9\n|tier|[Gen 9 Champions] VGC 2026 Reg M-A\n|rated|\n|rule|Species Clause: Limit one of each Pok\u00e9mon\n|rule|Item Clause: Limit 1 of each item\n|clearpoke\n|poke|p1|Victreebel, L50, M|\n|poke|p1|Ninetales, L50, M|\n|poke|p1|Maushold-Four, L50|\n|poke|p1|Aegislash, L50, M|\n|poke|p1|Zoroark-Hisui, L50, M|\n|poke|p1|Gyarados, L50, F|\n|poke|p2|Greninja-*, L50, M|\n|poke|p2|Whimsicott, L50, F|\n|poke|p2|Archaludon, L50, F|\n|poke|p2|Sneasler, L50, F|\n|poke|p2|Typhlosion-Hisui, L50, F|\n|poke|p2|Kangaskhan, L50, F|\n|teampreview|4\n|inactive|Battle timer is ON: inactive players will automatically lose when time's up. (requested by champion uraven)\n|inactive|Drcheems19 has 60 seconds left.\n|inactive|champion uraven has 60 seconds left.\n|\n|t:|1776268578\n|teamsize|p1|4\n|teamsize|p2|4\n|start\n|switch|p1a: Gyarados|Gyarados, L50, F|100/100\n|switch|p1b: Maushold|Maushold-Four, L50|100/100\n|switch|p2a: Whimsicott|Whimsicott, L50, F|100/100\n|switch|p2b: Typhlosion|Typhlosion-Hisui, L50, F|100/100\n|-item|p1a: Gyarados|Focus Sash|[from] ability: Frisk|[of] p2b: Typhlosion\n|-item|p1b: Maushold|Sitrus Berry|[from] ability: Frisk|[of] p2b: Typhlosion\n|turn|1\n|inactive|Drcheems19 has 30 seconds left.\n|inactive|Drcheems19 has 20 seconds left.\n|inactive|Drcheems19 has 15 seconds left.\n|inactive|Drcheems19 has 10 seconds left.\n|inactive|Drcheems19 has 5 seconds left.\n|\n|t:|1776268629\n|move|p2a: Whimsicott|Sunny Day|p2a: Whimsicott\n|-weather|SunnyDay\n|move|p2b: Typhlosion|Eruption|p1b: Maushold|[spread] p1a,p1b\n|-enditem|p1a: Gyarados|Focus Sash\n|-damage|p1a: Gyarados|1/100\n|-damage|p1b: Maushold|5/100\n|replace|p1a: Zoroark|Zoroark-Hisui, L50, M\n|-end|p1a: Zoroark|Illusion\n|-enditem|p1b: Maushold|Sitrus Berry|[eat]\n|-heal|p1b: Maushold|29/100|[from] item: Sitrus Berry\n|move|p1a: Zoroark|Bitter Malice|p2b: Typhlosion\n|-supereffective|p2b: Typhlosion|1\n|-damage|p2b: Typhlosion|0 fnt\n|faint|p2b: Typhlosion\n|move|p1b: Maushold|Thunder Wave|p2a: Whimsicott|[miss]\n|-miss|p1b: Maushold|p2a: Whimsicott\n|\n|-weather|SunnyDay|[upkeep]\n|upkeep\n|inactive|champion uraven has 30 seconds left.\n|\n|t:|1776268658\n|switch|p2b: Archaludon|Archaludon, L50, F|100/100\n|turn|2\n|\n|t:|1776268671\n|move|p2a: Whimsicott|Tailwind|p2a: Whimsicott\n|-sidestart|p2: champion uraven|move: Tailwind\n|move|p2b: Archaludon|Flash Cannon|p1a: Zoroark\n|-damage|p1a: Zoroark|0 fnt\n|faint|p1a: Zoroark\n|move|p1b: Maushold|Thunder Wave|p2b: Archaludon\n|-status|p2b: Archaludon|par\n|\n|-weather|SunnyDay|[upkeep]\n|upkeep\n|\n|t:|1776268686\n|switch|p1a: Aegislash|Aegislash, L50, M|100/100\n|turn|3\n|\n|t:|1776268710\n|move|p2a: Whimsicott|Helping Hand|p2b: Archaludon\n|-singleturn|p2b: Archaludon|Helping Hand|[of] p2a: Whimsicott\n|move|p1b: Maushold|Follow Me|p1b: Maushold\n|-singleturn|p1b: Maushold|move: Follow Me\n|cant|p2b: Archaludon|par\n|-formechange|p1a: Aegislash|Aegislash-Blade|\n|move|p1a: Aegislash|Sacred Sword|p2b: Archaludon\n|-supereffective|p2b: Archaludon|1\n|-damage|p2b: Archaludon|46/100 par\n|\n|-weather|SunnyDay|[upkeep]\n|-heal|p2b: Archaludon|52/100 par|[from] item: Leftovers\n|upkeep\n|turn|4\n|\n|t:|1776268728\n|move|p2a: Whimsicott|Helping Hand|p2b: Archaludon\n|-singleturn|p2b: Archaludon|Helping Hand|[of] p2a: Whimsicott\n|move|p1b: Maushold|Follow Me|p1b: Maushold\n|-singleturn|p1b: Maushold|move: Follow Me\n|move|p2b: Archaludon|Thunderbolt|p1b: Maushold\n|-damage|p1b: Maushold|0 fnt\n|faint|p1b: Maushold\n|move|p1a: Aegislash|Sacred Sword|p2b: Archaludon\n|-supereffective|p2b: Archaludon|1\n|-damage|p2b: Archaludon|0 fnt\n|faint|p2b: Archaludon\n|\n|-weather|SunnyDay|[upkeep]\n|upkeep\n|\n|t:|1776268743\n|switch|p2b: Kangaskhan|Kangaskhan, L50, F|100/100\n|switch|p1b: Gyarados|Gyarados, L50, F|100/100\n|-ability|p1b: Gyarados|Intimidate|boost\n|-unboost|p2a: Whimsicott|atk|1\n|-fail|p2b: Kangaskhan|unboost|Attack|[from] ability: Inner Focus|[of] p2b: Kangaskhan\n|turn|5\n|inactive|Drcheems19 has 30 seconds left.\n|inactive|champion uraven has 30 seconds left.\n|\n|t:|1776268770\n|detailschange|p2b: Kangaskhan|Kangaskhan-Mega, L50, F\n|-mega|p2b: Kangaskhan|Kangaskhan|Kangaskhanite\n|detailschange|p1b: Gyarados|Gyarados-Mega, L50, F\n|-mega|p1b: Gyarados|Gyarados|Gyaradosite\n|-ability|p1b: Gyarados|Mold Breaker\n|move|p2a: Whimsicott|Helping Hand|p2b: Kangaskhan\n|-singleturn|p2b: Kangaskhan|Helping Hand|[of] p2a: Whimsicott\n|move|p2b: Kangaskhan|Fake Out|p1b: Gyarados\n|-damage|p1b: Gyarados|69/100\n|-damage|p1b: Gyarados|61/100\n|-hitcount|p1b: Gyarados|2\n|cant|p1b: Gyarados|flinch\n|move|p1a: Aegislash|Sacred Sword|p2b: Kangaskhan\n|-supereffective|p2b: Kangaskhan|1\n|-damage|p2b: Kangaskhan|35/100\n|\n|-weather|none\n|-sideend|p2: champion uraven|move: Tailwind\n|upkeep\n|turn|6\n|inactive|Drcheems19 has 30 seconds left.\n|inactive|champion uraven has 30 seconds left.\n|c|\u2606Drcheems19|Gg?\n|\n|t:|1776268805\n|move|p2a: Whimsicott|Sunny Day|p2a: Whimsicott\n|-weather|SunnyDay\n|move|p2b: Kangaskhan|Drain Punch|p1b: Gyarados\n|-supereffective|p1b: Gyarados|1\n|-damage|p1b: Gyarados|11/100\n|-heal|p2b: Kangaskhan|58/100|[from] drain|[of] p1b: Gyarados\n|-supereffective|p1b: Gyarados|1\n|-damage|p1b: Gyarados|0 fnt\n|-heal|p2b: Kangaskhan|63/100|[from] drain|[of] p1b: Gyarados\n|faint|p1b: Gyarados\n|-hitcount|p1: Gyarados|2\n|move|p1a: Aegislash|Sacred Sword|p2b: Kangaskhan\n|-supereffective|p2b: Kangaskhan|1\n|-damage|p2b: Kangaskhan|2/100\n|\n|-weather|SunnyDay|[upkeep]\n|upkeep\n|turn|7\n|\n|t:|1776268827\n|move|p2b: Kangaskhan|Protect|p2b: Kangaskhan\n|-singleturn|p2b: Kangaskhan|Protect\n|move|p2a: Whimsicott|Moonblast|p1a: Aegislash\n|-resisted|p1a: Aegislash|1\n|-damage|p1a: Aegislash|77/100\n|move|p1a: Aegislash|Sacred Sword|p2b: Kangaskhan\n|-activate|p2b: Kangaskhan|move: Protect\n|\n|-weather|SunnyDay|[upkeep]\n|-heal|p1a: Aegislash|83/100|[from] item: Leftovers\n|upkeep\n|turn|8\n|\n|t:|1776268845\n|move|p2b: Kangaskhan|Protect||[still]\n|-fail|p2b: Kangaskhan\n|move|p2a: Whimsicott|Moonblast|p1a: Aegislash\n|-resisted|p1a: Aegislash|1\n|-damage|p1a: Aegislash|60/100\n|move|p1a: Aegislash|Sacred Sword|p2b: Kangaskhan\n|-supereffective|p2b: Kangaskhan|1\n|-crit|p2b: Kangaskhan\n|-damage|p2b: Kangaskhan|0 fnt\n|faint|p2b: Kangaskhan\n|\n|-weather|SunnyDay|[upkeep]\n|-heal|p1a: Aegislash|66/100|[from] item: Leftovers\n|upkeep\n|turn|9\n|-message|champion uraven forfeited.\n|\n|win|Drcheems19\n|raw|Drcheems19's rating: 1137 &rarr; <strong>1159</strong><br />(+22 for winning)\n|raw|champion uraven's rating: 1090 &rarr; <strong>1070</strong><br />(-20 for losing)\n|l|\u2606champion uraven\n|player|p2|\n",
  "uploadtime": 1776268874,
  "views": 30,
  "formatid": "gen9championsvgc2026regma",
  "rating": 1070,
  "private": 0,
  "password": null
}