{
  "id": "gen9championsvgc2026regma-2588599881",
  "format": "[Gen 9 Champions] VGC 2026 Reg M-A",
  "players": [
    "Luxor_aura",
    "Titonxo_"
  ],
  "log": "|j|\u2606Luxor_aura\n|j|\u2606Titonxo_\n|t:|1776648876\n|gametype|doubles\n|player|p1|Luxor_aura|265|1000\n|player|p2|Titonxo_|roxie|1015\n|gen|9\n|tier|[Gen 9 Champions] VGC 2026 Reg M-A\n|rated|\n|rule|Species Clause: Limit one of each Pok\u00e9mon\n|rule|Item Clause: Limit 1 of each item\n|clearpoke\n|poke|p1|Incineroar, L50, F|\n|poke|p1|Aggron, L50, F, shiny|\n|poke|p1|Tyranitar, L50, M, shiny|\n|poke|p1|Reuniclus, L50, F, shiny|\n|poke|p1|Chandelure, L50, M, shiny|\n|poke|p1|Kingambit, L50, F|\n|poke|p2|Gardevoir, L50, M, shiny|\n|poke|p2|Kingambit, L50, M|\n|poke|p2|Sinistcha, L50|\n|poke|p2|Tauros-Paldea-Aqua, L50, M|\n|poke|p2|Aerodactyl, L50, F|\n|poke|p2|Sneasler, L50, F|\n|teampreview|4\n|\n|t:|1776648914\n|teamsize|p1|4\n|teamsize|p2|4\n|start\n|switch|p1a: Incineroar|Incineroar, L50, F|100/100\n|switch|p1b: Reuniclus|Reuniclus, L50, F, shiny|100/100\n|switch|p2a: Kingambit|Kingambit, L50, M|100/100\n|switch|p2b: Tauros|Tauros-Paldea-Aqua, L50, M|100/100\n|-ability|p2b: Tauros|Intimidate|boost\n|-unboost|p1a: Incineroar|atk|1\n|-unboost|p1b: Reuniclus|atk|1\n|-ability|p1a: Incineroar|Intimidate|boost\n|-unboost|p2a: Kingambit|atk|1\n|-ability|p2a: Kingambit|Defiant|boost\n|-boost|p2a: Kingambit|atk|2\n|-unboost|p2b: Tauros|atk|1\n|turn|1\n|\n|t:|1776648945\n|move|p2a: Kingambit|Protect|p2a: Kingambit\n|-singleturn|p2a: Kingambit|Protect\n|move|p1a: Incineroar|Fake Out|p2a: Kingambit\n|-activate|p2a: Kingambit|move: Protect\n|move|p2b: Tauros|Wave Crash|p1a: Incineroar\n|-supereffective|p1a: Incineroar|1\n|-damage|p1a: Incineroar|32/100\n|-enditem|p1a: Incineroar|Sitrus Berry|[eat]\n|-heal|p1a: Incineroar|57/100|[from] item: Sitrus Berry\n|-damage|p2b: Tauros|70/100|[from] Recoil\n|move|p1b: Reuniclus|Trick Room|p1b: Reuniclus\n|-fieldstart|move: Trick Room|[of] p1b: Reuniclus\n|\n|upkeep\n|turn|2\n|\n|t:|1776648973\n|switch|p1a: Aggron|Aggron, L50, F, shiny|100/100\n|move|p1b: Reuniclus|Protect|p1b: Reuniclus\n|-singleturn|p1b: Reuniclus|Protect\n|move|p2b: Tauros|Protect|p2b: Tauros\n|-singleturn|p2b: Tauros|Protect\n|move|p2a: Kingambit|Sucker Punch||[still]\n|-fail|p2a: Kingambit\n|\n|upkeep\n|turn|3\n|\n|t:|1776648998\n|move|p1b: Reuniclus|Reflect|p1b: Reuniclus\n|-sidestart|p1: Luxor_aura|Reflect\n|move|p1a: Aggron|Body Press|p2a: Kingambit\n|-supereffective|p2a: Kingambit|2\n|-crit|p2a: Kingambit\n|-enditem|p2a: Kingambit|Chople Berry|[eat]\n|-enditem|p2a: Kingambit|Chople Berry|[weaken]\n|-damage|p2a: Kingambit|11/100\n|move|p2a: Kingambit|Low Kick|p1a: Aggron\n|-supereffective|p1a: Aggron|2\n|-damage|p1a: Aggron|0 fnt\n|faint|p1a: Aggron\n|move|p2b: Tauros|Close Combat|p1b: Reuniclus\n|-resisted|p1b: Reuniclus|1\n|-damage|p1b: Reuniclus|88/100\n|-unboost|p2b: Tauros|def|1\n|-unboost|p2b: Tauros|spd|1\n|\n|upkeep\n|inactive|Battle timer is ON: inactive players will automatically lose when time's up. (requested by Titonxo_)\n|\n|t:|1776649021\n|switch|p1a: Kingambit|Kingambit, L50, F|100/100\n|-activate|p1a: Kingambit|ability: Supreme Overlord\n|-start|p1a: Kingambit|fallen1|[silent]\n|turn|4\n|\n|t:|1776649041\n|move|p1b: Reuniclus|Protect|p1b: Reuniclus\n|-singleturn|p1b: Reuniclus|Protect\n|move|p2a: Kingambit|Protect|p2a: Kingambit\n|-singleturn|p2a: Kingambit|Protect\n|move|p1a: Kingambit|Swords Dance|p1a: Kingambit\n|-boost|p1a: Kingambit|atk|2\n|move|p2b: Tauros|Close Combat|p1a: Kingambit\n|-supereffective|p1a: Kingambit|2\n|-damage|p1a: Kingambit|24/100\n|-unboost|p2b: Tauros|def|1\n|-unboost|p2b: Tauros|spd|1\n|\n|upkeep\n|turn|5\n|\n|t:|1776649071\n|move|p1a: Kingambit|Protect|p1a: Kingambit\n|-singleturn|p1a: Kingambit|Protect\n|move|p2a: Kingambit|Sucker Punch||[still]\n|-fail|p2a: Kingambit\n|move|p1b: Reuniclus|Energy Ball|p2b: Tauros\n|-supereffective|p2b: Tauros|1\n|-damage|p2b: Tauros|0 fnt\n|faint|p2b: Tauros\n|\n|-fieldend|move: Trick Room\n|upkeep\n|\n|t:|1776649080\n|switch|p2b: Sneasler|Sneasler, L50, F|100/100\n|turn|6\n|\n|t:|1776649094\n|move|p2b: Sneasler|Fake Out|p1a: Kingambit\n|-resisted|p1a: Kingambit|1\n|-damage|p1a: Kingambit|21/100\n|move|p2a: Kingambit|Iron Head|p1b: Reuniclus\n|-damage|p1b: Reuniclus|43/100\n|cant|p1a: Kingambit|flinch\n|move|p1b: Reuniclus|Energy Ball|p2a: Kingambit\n|-resisted|p2a: Kingambit|1\n|-damage|p2a: Kingambit|0 fnt\n|faint|p2a: Kingambit\n|\n|upkeep\n|\n|t:|1776649105\n|switch|p2a: Aerodactyl|Aerodactyl, L50, F|100/100\n|-ability|p2a: Aerodactyl|Unnerve\n|turn|7\n|\n|t:|1776649121\n|move|p1b: Reuniclus|Protect|p1b: Reuniclus\n|-singleturn|p1b: Reuniclus|Protect\n|move|p2a: Aerodactyl|Rock Slide|p1a: Kingambit|[spread] p1a\n|-activate|p1b: Reuniclus|move: Protect\n|-resisted|p1a: Kingambit|1\n|-damage|p1a: Kingambit|15/100\n|move|p2b: Sneasler|Close Combat|p1a: Kingambit\n|-supereffective|p1a: Kingambit|2\n|-damage|p1a: Kingambit|0 fnt\n|-unboost|p2b: Sneasler|def|1\n|-unboost|p2b: Sneasler|spd|1\n|faint|p1a: Kingambit\n|-end|p1a: Kingambit|fallen1|[silent]\n|\n|-sideend|p1: Luxor_aura|Reflect\n|upkeep\n|\n|t:|1776649137\n|switch|p1a: Incineroar|Incineroar, L50, F|57/100\n|-ability|p1a: Incineroar|Intimidate|boost\n|-unboost|p2a: Aerodactyl|atk|1\n|-unboost|p2b: Sneasler|atk|1\n|turn|8\n|\n|t:|1776649160\n|move|p2b: Sneasler|Protect|p2b: Sneasler\n|-singleturn|p2b: Sneasler|Protect\n|move|p2a: Aerodactyl|Rock Slide|p1a: Incineroar|[spread] p1b\n|-miss|p2a: Aerodactyl|p1a: Incineroar\n|-crit|p1b: Reuniclus\n|-damage|p1b: Reuniclus|4/100\n|move|p1a: Incineroar|Close Combat|p2b: Sneasler\n|-activate|p2b: Sneasler|move: Protect\n|cant|p1b: Reuniclus|flinch\n|\n|upkeep\n|turn|9\n|\n|t:|1776649181\n|move|p2a: Aerodactyl|Rock Slide|p1a: Incineroar|[spread] p1a,p1b\n|-supereffective|p1a: Incineroar|1\n|-damage|p1a: Incineroar|33/100\n|-damage|p1b: Reuniclus|0 fnt\n|faint|p1b: Reuniclus\n|move|p2b: Sneasler|Close Combat|p1a: Incineroar\n|-supereffective|p1a: Incineroar|1\n|-damage|p1a: Incineroar|0 fnt\n|-unboost|p2b: Sneasler|def|1\n|-unboost|p2b: Sneasler|spd|1\n|faint|p1a: Incineroar\n|\n|win|Titonxo_\n|raw|Luxor_aura's rating: 1000 &rarr; <strong>1000</strong><br />(+0 for losing)\n|raw|Titonxo_'s rating: 1015 &rarr; <strong>1051</strong><br />(+36 for winning)\n",
  "uploadtime": 1776649190,
  "views": 5,
  "formatid": "gen9championsvgc2026regma",
  "rating": 1000,
  "private": 0,
  "password": null
}