{
  "id": "gen9championsvgc2026regma-2583079461",
  "format": "[Gen 9 Champions] VGC 2026 Reg M-A",
  "players": [
    "Gobloney",
    "AlphonseHD"
  ],
  "log": "|j|\u2606Gobloney\n|j|\u2606AlphonseHD\n|t:|1776139659\n|gametype|doubles\n|player|p1|Gobloney|pokemaniac-gen3rs|1000\n|player|p2|AlphonseHD|170|1050\n|gen|9\n|tier|[Gen 9 Champions] VGC 2026 Reg M-A\n|rated|\n|rule|Species Clause: Limit one of each Pok\u00e9mon\n|rule|Item Clause: Limit 1 of each item\n|clearpoke\n|poke|p1|Tyranitar, L50, F|\n|poke|p1|Garchomp, L50, F|\n|poke|p1|Starmie, L50|\n|poke|p1|Aegislash, L50, M|\n|poke|p1|Aerodactyl, L50, M|\n|poke|p1|Rotom-Heat, L50|\n|poke|p2|Pelipper, L50, F|\n|poke|p2|Archaludon, L50, F|\n|poke|p2|Meganium, L50, F|\n|poke|p2|Sneasler, L50, F|\n|poke|p2|Milotic, L50, M|\n|poke|p2|Garchomp, L50, M|\n|teampreview|4\n|inactive|Battle timer is ON: inactive players will automatically lose when time's up. (requested by AlphonseHD)\n|inactive|Gobloney has 60 seconds left.\n|\n|t:|1776139716\n|teamsize|p1|4\n|teamsize|p2|4\n|start\n|switch|p1a: Shirahagi|Garchomp, L50, F, shiny|100/100\n|switch|p1b: Conqueror Starro|Starmie, L50, shiny|100/100\n|switch|p2a: Pelipper|Pelipper, L50, F|100/100\n|switch|p2b: Sneasler|Sneasler, L50, F|100/100\n|turn|1\n|\n|t:|1776139732\n|detailschange|p1b: Conqueror Starro|Starmie-Mega, L50, shiny\n|-mega|p1b: Conqueror Starro|Starmie|Starminite\n|move|p1b: Conqueror Starro|Protect|p1b: Conqueror Starro\n|-singleturn|p1b: Conqueror Starro|Protect\n|move|p1a: Shirahagi|Protect|p1a: Shirahagi\n|-singleturn|p1a: Shirahagi|Protect\n|move|p2b: Sneasler|Fake Out|p1a: Shirahagi\n|-activate|p1a: Shirahagi|move: Protect\n|move|p2a: Pelipper|Tailwind|p2a: Pelipper\n|-sidestart|p2: AlphonseHD|move: Tailwind\n|\n|upkeep\n|turn|2\n|inactive|Gobloney has 30 seconds left.\n|inactive|Gobloney has 20 seconds left.\n|\n|t:|1776139767\n|move|p2b: Sneasler|Dire Claw|p1b: Conqueror Starro\n|-damage|p1b: Conqueror Starro|49/100\n|-status|p1b: Conqueror Starro|slp\n|cant|p1b: Conqueror Starro|slp\n|move|p2a: Pelipper|Hydro Pump|p1a: Shirahagi\n|-damage|p1a: Shirahagi|55/100\n|move|p1a: Shirahagi|Dragon Claw|p2b: Sneasler\n|-damage|p2b: Sneasler|28/100\n|\n|upkeep\n|turn|3\n|\n|t:|1776139790\n|cant|p1b: Conqueror Starro|slp\n|move|p1a: Shirahagi|Protect|p1a: Shirahagi\n|-singleturn|p1a: Shirahagi|Protect\n|move|p2b: Sneasler|Dire Claw|p1a: Shirahagi\n|-activate|p1a: Shirahagi|move: Protect\n|move|p2a: Pelipper|Hydro Pump|p1a: Shirahagi\n|-activate|p1a: Shirahagi|move: Protect\n|\n|upkeep\n|turn|4\n|\n|t:|1776139810\n|switch|p1a: Shirafugi|Tyranitar, L50, F, shiny|100/100\n|-weather|Sandstorm|[from] ability: Sand Stream|[of] p1a: Shirafugi\n|move|p2b: Sneasler|Close Combat|p1a: Shirafugi\n|-supereffective|p1a: Shirafugi|2\n|-damage|p1a: Shirafugi|0 fnt\n|-unboost|p2b: Sneasler|def|1\n|-unboost|p2b: Sneasler|spd|1\n|faint|p1a: Shirafugi\n|-curestatus|p1b: Conqueror Starro|slp|[msg]\n|move|p1b: Conqueror Starro|Skill Swap|p1: Shirafugi|[notarget]\n|-fail|p1b: Conqueror Starro\n|move|p2a: Pelipper|Hydro Pump|p1b: Conqueror Starro\n|-resisted|p1b: Conqueror Starro|1\n|-damage|p1b: Conqueror Starro|24/100\n|\n|-weather|Sandstorm|[upkeep]\n|-damage|p2b: Sneasler|22/100|[from] Sandstorm\n|-damage|p1b: Conqueror Starro|18/100|[from] Sandstorm\n|-damage|p2a: Pelipper|95/100|[from] Sandstorm\n|-heal|p2a: Pelipper|100/100|[from] item: Leftovers\n|-sideend|p2: AlphonseHD|move: Tailwind\n|upkeep\n|\n|t:|1776139824\n|switch|p1a: Shirahagi|Garchomp, L50, F, shiny|55/100\n|turn|5\n|\n|t:|1776139841\n|move|p2b: Sneasler|Protect|p2b: Sneasler\n|-singleturn|p2b: Sneasler|Protect\n|move|p2a: Pelipper|Protect|p2a: Pelipper\n|-singleturn|p2a: Pelipper|Protect\n|move|p1b: Conqueror Starro|Liquidation|p2b: Sneasler\n|-activate|p2b: Sneasler|move: Protect\n|move|p1a: Shirahagi|Dragon Claw|p2a: Pelipper\n|-activate|p2a: Pelipper|move: Protect\n|\n|-weather|Sandstorm|[upkeep]\n|-damage|p1b: Conqueror Starro|12/100|[from] Sandstorm\n|-damage|p2b: Sneasler|16/100|[from] Sandstorm\n|-damage|p2a: Pelipper|95/100|[from] Sandstorm\n|-heal|p2a: Pelipper|100/100|[from] item: Leftovers\n|upkeep\n|turn|6\n|\n|t:|1776139858\n|switch|p2b: Garchomp|Garchomp, L50, M|100/100\n|move|p1b: Conqueror Starro|Skill Swap|p1a: Shirahagi\n|-activate|p1b: Conqueror Starro|Skill Swap|||[of] p1a: Shirahagi\n|move|p1a: Shirahagi|Dragon Claw|p2a: Pelipper\n|-damage|p2a: Pelipper|30/100\n|move|p2a: Pelipper|Tailwind|p2a: Pelipper\n|-sidestart|p2: AlphonseHD|move: Tailwind\n|\n|-weather|Sandstorm|[upkeep]\n|-damage|p2a: Pelipper|24/100|[from] Sandstorm\n|-heal|p2a: Pelipper|30/100|[from] item: Leftovers\n|upkeep\n|turn|7\n|inactive|Gobloney has 30 seconds left.\n|\n|t:|1776139886\n|move|p1a: Shirahagi|Protect|p1a: Shirahagi\n|-singleturn|p1a: Shirahagi|Protect\n|move|p2b: Garchomp|Earthquake|p1a: Shirahagi|[spread] p1b\n|-activate|p1a: Shirahagi|move: Protect\n|-immune|p2a: Pelipper\n|-damage|p1b: Conqueror Starro|0 fnt\n|faint|p1b: Conqueror Starro\n|move|p2a: Pelipper|Hydro Pump|p1a: Shirahagi\n|-activate|p1a: Shirahagi|move: Protect\n|\n|-weather|Sandstorm|[upkeep]\n|-damage|p2a: Pelipper|24/100|[from] Sandstorm\n|-heal|p2a: Pelipper|30/100|[from] item: Leftovers\n|upkeep\n|\n|t:|1776139892\n|switch|p1b: One-Armed Wolf|Aegislash, L50, M, shiny|100/100\n|turn|8\n|\n|t:|1776139902\n|move|p1b: One-Armed Wolf|Wide Guard|p1b: One-Armed Wolf\n|-singleturn|p1b: One-Armed Wolf|Wide Guard\n|move|p2b: Garchomp|Earthquake|p1a: Shirahagi|[spread] \n|-activate|p1a: Shirahagi|move: Wide Guard\n|-activate|p1b: One-Armed Wolf|move: Wide Guard\n|-immune|p2a: Pelipper\n|move|p2a: Pelipper|Hydro Pump|p1b: One-Armed Wolf\n|-damage|p1b: One-Armed Wolf|68/100\n|move|p1a: Shirahagi|Dragon Claw|p2b: Garchomp\n|-supereffective|p2b: Garchomp|1\n|-damage|p2b: Garchomp|0 fnt\n|-damage|p1a: Shirahagi|43/100|[from] ability: Rough Skin|[of] p2b: Garchomp\n|faint|p2b: Garchomp\n|\n|-weather|none\n|-heal|p2a: Pelipper|36/100|[from] item: Leftovers\n|-heal|p1b: One-Armed Wolf|74/100|[from] item: Leftovers\n|upkeep\n|\n|t:|1776139918\n|switch|p2b: Sneasler|Sneasler, L50, F|16/100\n|turn|9\n|\n|t:|1776139935\n|move|p1a: Shirahagi|Protect|p1a: Shirahagi\n|-singleturn|p1a: Shirahagi|Protect\n|move|p2b: Sneasler|Close Combat|p1a: Shirahagi\n|-activate|p1a: Shirahagi|move: Protect\n|move|p2a: Pelipper|Hydro Pump|p1b: One-Armed Wolf\n|-damage|p1b: One-Armed Wolf|41/100\n|-formechange|p1b: One-Armed Wolf|Aegislash-Blade|\n|move|p1b: One-Armed Wolf|Shadow Ball|p2b: Sneasler\n|-damage|p2b: Sneasler|0 fnt\n|faint|p2b: Sneasler\n|\n|-heal|p2a: Pelipper|42/100|[from] item: Leftovers\n|-heal|p1b: One-Armed Wolf|47/100|[from] item: Leftovers\n|-sideend|p2: AlphonseHD|move: Tailwind\n|upkeep\n|\n|t:|1776139948\n|switch|p2b: Archaludon|Archaludon, L50, F|100/100\n|turn|10\n|\n|t:|1776139967\n|move|p1b: One-Armed Wolf|Wide Guard|p1b: One-Armed Wolf\n|-singleturn|p1b: One-Armed Wolf|Wide Guard\n|move|p1a: Shirahagi|Earthquake|p2a: Pelipper|[spread] p2b\n|-activate|p1b: One-Armed Wolf|move: Wide Guard\n|-immune|p2a: Pelipper\n|-supereffective|p2b: Archaludon|1\n|-damage|p2b: Archaludon|0 fnt\n|faint|p2b: Archaludon\n|move|p2a: Pelipper|Tailwind|p2a: Pelipper\n|-sidestart|p2: AlphonseHD|move: Tailwind\n|\n|-heal|p2a: Pelipper|48/100|[from] item: Leftovers\n|-heal|p1b: One-Armed Wolf|53/100|[from] item: Leftovers\n|upkeep\n|turn|11\n|\n|t:|1776139986\n|move|p2a: Pelipper|Hydro Pump|p1a: Shirahagi\n|-damage|p1a: Shirahagi|0 fnt\n|faint|p1a: Shirahagi\n|move|p1b: One-Armed Wolf|Shadow Ball|p2a: Pelipper\n|-damage|p2a: Pelipper|0 fnt\n|faint|p2a: Pelipper\n|\n|win|Gobloney\n|raw|Gobloney's rating: 1000 &rarr; <strong>1046</strong><br />(+46 for winning)\n|raw|AlphonseHD's rating: 1050 &rarr; <strong>1030</strong><br />(-20 for losing)\n|c|\u2606Gobloney|GGs\n|l|\u2606AlphonseHD\n|player|p2|\n",
  "uploadtime": 1776140005,
  "views": 27,
  "formatid": "gen9championsvgc2026regma",
  "rating": 1030,
  "private": 0,
  "password": null
}