{
  "id": "gen9championsvgc2026regma-2586547864",
  "format": "[Gen 9 Champions] VGC 2026 Reg M-A",
  "players": [
    "Mannimally",
    "leonellus_117"
  ],
  "log": "|j|\u2606Mannimally\n|j|\u2606leonellus_117\n|t:|1776442215\n|gametype|doubles\n|player|p1|Mannimally|crasherwake|1148\n|player|p2|leonellus_117|erika-gen1rb|1177\n|gen|9\n|tier|[Gen 9 Champions] VGC 2026 Reg M-A\n|rated|\n|rule|Species Clause: Limit one of each Pok\u00e9mon\n|rule|Item Clause: Limit 1 of each item\n|clearpoke\n|poke|p1|Incineroar, L50, M|\n|poke|p1|Glimmora, L50, M|\n|poke|p1|Sinistcha-Masterpiece, L50|\n|poke|p1|Tyranitar, L50, F|\n|poke|p1|Rotom-Wash, L50|\n|poke|p1|Kommo-o, L50, F|\n|poke|p2|Charizard, L50, M|\n|poke|p2|Garchomp, L50, F|\n|poke|p2|Aegislash, L50, M|\n|poke|p2|Milotic, L50, F|\n|poke|p2|Kingambit, L50, M|\n|poke|p2|Basculegion, L50, M|\n|teampreview|4\n|inactive|Battle timer is ON: inactive players will automatically lose when time's up. (requested by leonellus_117)\n|inactive|Mannimally has 60 seconds left.\n|\n|t:|1776442255\n|teamsize|p1|4\n|teamsize|p2|4\n|start\n|switch|p1a: Rotom|Rotom-Wash, L50|100/100\n|switch|p1b: Kommo-o|Kommo-o, L50, F|100/100\n|switch|p2a: Maho|Milotic, L50, F, shiny|100/100\n|switch|p2b: BBC|Charizard, L50, M, shiny|100/100\n|turn|1\n|\n|t:|1776442273\n|move|p2b: BBC|Protect|p2b: BBC\n|-singleturn|p2b: BBC|Protect\n|move|p1a: Rotom|Volt Switch|p2a: Maho\n|-supereffective|p2a: Maho|1\n|-damage|p2a: Maho|50/100\n|\n|t:|1776442279\n|switch|p1a: Glimmora|Glimmora, L50, M|100/100|[from] Volt Switch\n|move|p1b: Kommo-o|Clanging Scales|p2b: BBC|[spread] p2a\n|-activate|p2b: BBC|move: Protect\n|-damage|p2a: Maho|29/100\n|-unboost|p1b: Kommo-o|def|1\n|move|p2a: Maho|Icy Wind|p1b: Kommo-o|[spread] p1a,p1b\n|-supereffective|p1b: Kommo-o|1\n|-damage|p1a: Glimmora|89/100\n|-damage|p1b: Kommo-o|83/100\n|-unboost|p1a: Glimmora|spe|1\n|-unboost|p1b: Kommo-o|spe|1\n|\n|-heal|p2a: Maho|35/100|[from] item: Leftovers\n|-heal|p1b: Kommo-o|89/100|[from] item: Leftovers\n|upkeep\n|turn|2\n|\n|t:|1776442298\n|switch|p2b: En Garde \ud83e\udd3a|Aegislash, L50, M, shiny|100/100\n|switch|p1b: Tyranitar|Tyranitar, L50, F|100/100\n|-weather|Sandstorm|[from] ability: Sand Stream|[of] p1b: Tyranitar\n|detailschange|p1a: Glimmora|Glimmora-Mega, L50, M\n|-mega|p1a: Glimmora|Glimmora|Glimmoranite\n|move|p2a: Maho|Recover|p2a: Maho\n|-heal|p2a: Maho|85/100\n|move|p1a: Glimmora|Power Gem|p2b: En Garde \ud83e\udd3a\n|-resisted|p2b: En Garde \ud83e\udd3a|1\n|-damage|p2b: En Garde \ud83e\udd3a|73/100\n|\n|-weather|Sandstorm|[upkeep]\n|-damage|p2a: Maho|79/100|[from] Sandstorm\n|-heal|p2a: Maho|85/100|[from] item: Leftovers\n|upkeep\n|turn|3\n|j| Don161\n|inactive|Mannimally has 30 seconds left.\n|inactive|leonellus_117 has 30 seconds left.\n|\n|t:|1776442331\n|switch|p1a: Rotom|Rotom-Wash, L50|100/100\n|move|p2b: En Garde \ud83e\udd3a|King's Shield|p2b: En Garde \ud83e\udd3a\n|-singleturn|p2b: En Garde \ud83e\udd3a|Protect\n|move|p1b: Tyranitar|Crunch|p2a: Maho\n|-damage|p2a: Maho|50/100\n|move|p2a: Maho|Icy Wind|p1a: Rotom|[spread] p1a,p1b\n|-resisted|p1a: Rotom|1\n|-crit|p1b: Tyranitar\n|-damage|p1a: Rotom|93/100\n|-damage|p1b: Tyranitar|91/100\n|-unboost|p1a: Rotom|spe|1\n|-unboost|p1b: Tyranitar|spe|1\n|\n|-weather|Sandstorm|[upkeep]\n|-damage|p1a: Rotom|88/100|[from] Sandstorm\n|-damage|p2a: Maho|44/100|[from] Sandstorm\n|-heal|p2a: Maho|50/100|[from] item: Leftovers\n|upkeep\n|turn|4\n|\n|t:|1776442355\n|move|p2a: Maho|Protect|p2a: Maho\n|-singleturn|p2a: Maho|Protect\n|move|p1a: Rotom|Trick|p2a: Maho\n|-activate|p2a: Maho|move: Protect\n|-formechange|p2b: En Garde \ud83e\udd3a|Aegislash-Blade|\n|move|p2b: En Garde \ud83e\udd3a|Close Combat|p1b: Tyranitar\n|-supereffective|p1b: Tyranitar|2\n|-enditem|p1b: Tyranitar|Chople Berry|[eat]\n|-enditem|p1b: Tyranitar|Chople Berry|[weaken]\n|-damage|p1b: Tyranitar|3/100\n|-unboost|p2b: En Garde \ud83e\udd3a|def|1\n|-unboost|p2b: En Garde \ud83e\udd3a|spd|1\n|move|p1b: Tyranitar|Crunch|p2b: En Garde \ud83e\udd3a\n|-supereffective|p2b: En Garde \ud83e\udd3a|1\n|-damage|p2b: En Garde \ud83e\udd3a|0 fnt\n|faint|p2b: En Garde \ud83e\udd3a\n|\n|-weather|Sandstorm|[upkeep]\n|-damage|p1a: Rotom|82/100|[from] Sandstorm\n|-damage|p2a: Maho|44/100|[from] Sandstorm\n|-heal|p2a: Maho|50/100|[from] item: Leftovers\n|upkeep\n|c| Don161|Casi\n|inactive|leonellus_117 has 30 seconds left.\n|\n|t:|1776442382\n|switch|p2b: BBC|Charizard, L50, M, shiny|100/100\n|turn|5\n|\n|t:|1776442405\n|switch|p2a: PRESS \u27a1\ufe0f\ud83c\udd70\ufe0f\u2b05\ufe0f|Basculegion, L50, M, shiny|100/100\n|switch|p1b: Glimmora|Glimmora-Mega, L50, M|89/100\n|detailschange|p2b: BBC|Charizard-Mega-Y, L50, M, shiny\n|-mega|p2b: BBC|Charizard|Charizardite Y\n|-weather|SunnyDay|[from] ability: Drought|[of] p2b: BBC\n|move|p1a: Rotom|Trick|p2a: PRESS \u27a1\ufe0f\ud83c\udd70\ufe0f\u2b05\ufe0f\n|-activate|p1a: Rotom|move: Trick|[of] p2a: PRESS \u27a1\ufe0f\ud83c\udd70\ufe0f\u2b05\ufe0f\n|-item|p2a: PRESS \u27a1\ufe0f\ud83c\udd70\ufe0f\u2b05\ufe0f|Choice Scarf|[from] move: Trick\n|-item|p1a: Rotom|Choice Scarf|[from] move: Trick\n|move|p2b: BBC|Heat Wave|p1a: Rotom|[spread] p1a,p1b\n|-resisted|p1a: Rotom|1\n|-resisted|p1b: Glimmora|1\n|-damage|p1a: Rotom|45/100\n|-damage|p1b: Glimmora|52/100\n|\n|-weather|SunnyDay|[upkeep]\n|upkeep\n|turn|6\n|inactive|leonellus_117 has 30 seconds left.\n|\n|t:|1776442439\n|move|p1b: Glimmora|Spiky Shield|p1b: Glimmora\n|-singleturn|p1b: Glimmora|move: Protect\n|move|p2b: BBC|Protect|p2b: BBC\n|-singleturn|p2b: BBC|Protect\n|move|p2a: PRESS \u27a1\ufe0f\ud83c\udd70\ufe0f\u2b05\ufe0f|Wave Crash|p1b: Glimmora\n|-activate|p1b: Glimmora|move: Protect\n|-damage|p2a: PRESS \u27a1\ufe0f\ud83c\udd70\ufe0f\u2b05\ufe0f|88/100|[from] Spiky Shield|[of] p1b: Glimmora\n|move|p1a: Rotom|Thunderbolt|p2a: PRESS \u27a1\ufe0f\ud83c\udd70\ufe0f\u2b05\ufe0f\n|-supereffective|p2a: PRESS \u27a1\ufe0f\ud83c\udd70\ufe0f\u2b05\ufe0f|1\n|-damage|p2a: PRESS \u27a1\ufe0f\ud83c\udd70\ufe0f\u2b05\ufe0f|0 fnt\n|faint|p2a: PRESS \u27a1\ufe0f\ud83c\udd70\ufe0f\u2b05\ufe0f\n|\n|-weather|SunnyDay|[upkeep]\n|upkeep\n|c| Don161|BBC? \ud83e\udd14\n|c|\u2606leonellus_117|Buen Bicho Cochino\n|inactive|leonellus_117 has 30 seconds left.\n|c| Don161|Claro\n|inactive|leonellus_117 has 20 seconds left.\n|c|\u2606leonellus_117|Me acaba de jugar un turno que no jugue btw\n|inactive|leonellus_117 has 15 seconds left.\n|c|\u2606leonellus_117|Hice flip turn XD\n|inactive|leonellus_117 has 10 seconds left.\n|\n|t:|1776442486\n|switch|p2a: Maho|Milotic, L50, F, shiny|50/100\n|turn|7\n|c| Don161|Te hubiera matado igual\n|\n|t:|1776442508\n|switch|p1b: Tyranitar|Tyranitar, L50, F|3/100\n|-weather|Sandstorm|[from] ability: Sand Stream|[of] p1b: Tyranitar\n|move|p2a: Maho|Protect|p2a: Maho\n|-singleturn|p2a: Maho|Protect\n|move|p1a: Rotom|Thunderbolt|p2a: Maho\n|-activate|p2a: Maho|move: Protect\n|move|p2b: BBC|Solar Beam||[still]\n|-prepare|p2b: BBC|Solar Beam\n|\n|-weather|Sandstorm|[upkeep]\n|-damage|p1a: Rotom|39/100|[from] Sandstorm\n|-damage|p2b: BBC|95/100|[from] Sandstorm\n|-damage|p2a: Maho|44/100|[from] Sandstorm\n|-heal|p2a: Maho|50/100|[from] item: Leftovers\n|upkeep\n|turn|8\n|c|\u2606leonellus_117|Si\n|c|\u2606leonellus_117|Pero era menos trol\n|inactive|leonellus_117 has 30 seconds left.\n|inactive|leonellus_117 has 20 seconds left.\n|\n|t:|1776442544\n|move|p1a: Rotom|Thunderbolt|p2a: Maho\n|-supereffective|p2a: Maho|1\n|-damage|p2a: Maho|0 fnt\n|faint|p2a: Maho\n|move|p2b: BBC|Solar Beam|p1b: Tyranitar|[from] lockedmove\n|-supereffective|p1b: Tyranitar|1\n|-damage|p1b: Tyranitar|0 fnt\n|faint|p1b: Tyranitar\n|\n|-weather|Sandstorm|[upkeep]\n|-damage|p1a: Rotom|34/100|[from] Sandstorm\n|-damage|p2b: BBC|89/100|[from] Sandstorm\n|upkeep\n|\n|t:|1776442550\n|switch|p1b: Glimmora|Glimmora-Mega, L50, M|52/100\n|turn|9\n|c|\u2606leonellus_117|LE PEGUE AL ROTOM\n|c|\u2606leonellus_117|AMIGO\n|-message|leonellus_117 forfeited.\n|\n|win|Mannimally\n",
  "uploadtime": 1776442491,
  "views": 15,
  "formatid": "gen9championsvgc2026regma",
  "rating": null,
  "private": 0,
  "password": null
}