{
  "id": "gen9championsvgc2026regma-2584329678",
  "format": "[Gen 9 Champions] VGC 2026 Reg M-A",
  "players": [
    "Glubbyyank",
    "Lunar_Virtue"
  ],
  "log": "|j|\u2606Glubbyyank\n|j|\u2606Lunar_Virtue\n|t:|1776251870\n|gametype|doubles\n|player|p1|Glubbyyank|1|1087\n|player|p2|Lunar_Virtue|170|1034\n|gen|9\n|tier|[Gen 9 Champions] VGC 2026 Reg M-A\n|rated|\n|rule|Species Clause: Limit one of each Pok\u00e9mon\n|rule|Item Clause: Limit 1 of each item\n|clearpoke\n|poke|p1|Aggron, L50, M|\n|poke|p1|Sneasler, L50, F|\n|poke|p1|Aerodactyl, L50, F|\n|poke|p1|Sinistcha, L50|\n|poke|p1|Tyranitar, L50, F|\n|poke|p1|Hydreigon, L50, F|\n|poke|p2|Froslass, L50, F|\n|poke|p2|Azumarill, L50, M|\n|poke|p2|Whimsicott, L50, M|\n|poke|p2|Sinistcha, L50|\n|poke|p2|Tinkaton, L50, F|\n|poke|p2|Reuniclus, L50, F|\n|teampreview|4\n|inactive|Battle timer is ON: inactive players will automatically lose when time's up. (requested by Lunar_Virtue)\nLunar_Virtue rejected open team sheets.\n|inactive|Glubbyyank has 60 seconds left.\n|\n|t:|1776251964\n|teamsize|p1|4\n|teamsize|p2|4\n|start\n|switch|p1a: Aggron|Aggron, L50, M|100/100\n|switch|p1b: Tyranitar|Tyranitar, L50, F|100/100\n|switch|p2a: Froslass|Froslass, L50, F|100/100\n|switch|p2b: Reuniclus|Reuniclus, L50, F|100/100\n|-weather|Sandstorm|[from] ability: Sand Stream|[of] p1b: Tyranitar\n|turn|1\n|inactive|Glubbyyank has 30 seconds left.\n|inactive|Lunar_Virtue has 30 seconds left.\n|inactive|Glubbyyank has 20 seconds left.\n|inactive|Lunar_Virtue has 20 seconds left.\n|inactive|Lunar_Virtue has 15 seconds left.\n|\n|t:|1776252004\n|switch|p2b: Sinistcha|Sinistcha, L50|100/100\n|detailschange|p2a: Froslass|Froslass-Mega, L50, F\n|-mega|p2a: Froslass|Froslass|Froslassite\n|-weather|Snowscape|[from] ability: Snow Warning|[of] p2a: Froslass\n|detailschange|p1a: Aggron|Aggron-Mega, L50, M\n|-mega|p1a: Aggron|Aggron|Aggronite\n|move|p2a: Froslass|Aurora Veil|p2a: Froslass\n|-sidestart|p2: Lunar_Virtue|move: Aurora Veil\n|move|p1b: Tyranitar|Knock Off|p2b: Sinistcha\n|-supereffective|p2b: Sinistcha|1\n|-damage|p2b: Sinistcha|30/100\n|-enditem|p2b: Sinistcha|Sitrus Berry|[from] move: Knock Off|[of] p1b: Tyranitar\n|move|p1a: Aggron|Heavy Slam|p2a: Froslass\n|-supereffective|p2a: Froslass|1\n|-damage|p2a: Froslass|21/100\n|\n|-weather|Snowscape|[upkeep]\n|upkeep\n|turn|2\n|inactive|Glubbyyank has 30 seconds left.\n|inactive|Glubbyyank has 20 seconds left.\n|\n|t:|1776252043\n|move|p2a: Froslass|Thunderbolt|p1a: Aggron\n|-damage|p1a: Aggron|60/100\n|move|p2b: Sinistcha|Life Dew|p2b: Sinistcha|[spread] p2a,p2b\n|-heal|p2a: Froslass|46/100\n|-heal|p2b: Sinistcha|56/100\n|move|p1b: Tyranitar|Rock Slide|p2a: Froslass|[spread] p2a,p2b\n|-supereffective|p2a: Froslass|1\n|-crit|p2b: Sinistcha\n|-damage|p2a: Froslass|4/100\n|-damage|p2b: Sinistcha|13/100\n|move|p1a: Aggron|Heavy Slam|p2b: Sinistcha\n|-damage|p2b: Sinistcha|0 fnt\n|faint|p2b: Sinistcha\n|\n|-weather|Snowscape|[upkeep]\n|upkeep\n|\n|t:|1776252066\n|switch|p2b: Azumarill|Azumarill, L50, M|100/100\n|turn|3\n|\n|t:|1776252082\n|move|p1a: Aggron|Protect|p1a: Aggron\n|-singleturn|p1a: Aggron|Protect\n|move|p2b: Azumarill|Aqua Jet|p1a: Aggron\n|-activate|p1a: Aggron|move: Protect\n|move|p2a: Froslass|Thunderbolt|p1a: Aggron\n|-activate|p1a: Aggron|move: Protect\n|move|p1b: Tyranitar|Rock Slide|p2b: Azumarill|[spread] p2a,p2b\n|-supereffective|p2a: Froslass|1\n|-damage|p2a: Froslass|0 fnt\n|-damage|p2b: Azumarill|75/100\n|faint|p2a: Froslass\n|\n|-weather|Snowscape|[upkeep]\n|upkeep\n|\n|t:|1776252097\n|switch|p2a: Reuniclus|Reuniclus, L50, F|100/100\n|turn|4\n|inactive|Glubbyyank has 30 seconds left.\n|inactive|Glubbyyank has 20 seconds left.\n|inactive|Glubbyyank has 15 seconds left.\n|inactive|Glubbyyank has 10 seconds left.\n|\n|t:|1776252142\n|switch|p1a: Sneasler|Sneasler, L50, F|100/100\n|move|p2b: Azumarill|Protect|p2b: Azumarill\n|-singleturn|p2b: Azumarill|Protect\n|move|p1b: Tyranitar|Knock Off|p2a: Reuniclus\n|-supereffective|p2a: Reuniclus|1\n|-damage|p2a: Reuniclus|25/100\n|-enditem|p2a: Reuniclus|Mental Herb|[from] move: Knock Off|[of] p1b: Tyranitar\n|move|p2a: Reuniclus|Trick Room|p2a: Reuniclus\n|-fieldstart|move: Trick Room|[of] p2a: Reuniclus\n|\n|-weather|Snowscape|[upkeep]\n|upkeep\n|turn|5\n|inactive|Glubbyyank has 30 seconds left.\n|inactive|Glubbyyank has 20 seconds left.\n|\n|t:|1776252179\n|move|p1b: Tyranitar|Protect|p1b: Tyranitar\n|-singleturn|p1b: Tyranitar|Protect\n|move|p2a: Reuniclus|Psychic Noise|p1a: Sneasler\n|-supereffective|p1a: Sneasler|2\n|-crit|p1a: Sneasler\n|-damage|p1a: Sneasler|0 fnt\n|faint|p1a: Sneasler\n|move|p2b: Azumarill|Belly Drum|p2b: Azumarill\n|-damage|p2b: Azumarill|26/100\n|-setboost|p2b: Azumarill|atk|6|[from] move: Belly Drum\n|\n|-weather|none\n|-sideend|p2: Lunar_Virtue|move: Aurora Veil\n|upkeep\n|\n|t:|1776252193\n|switch|p1a: Aggron|Aggron-Mega, L50, M|60/100\n|turn|6\n|\n|t:|1776252211\n|move|p2b: Azumarill|Aqua Jet|p1b: Tyranitar\n|-supereffective|p1b: Tyranitar|1\n|-enditem|p1b: Tyranitar|Focus Sash\n|-damage|p1b: Tyranitar|1/100\n|-heal|p2b: Azumarill|36/100|[from] item: Shell Bell|[of] p1b: Tyranitar\n|move|p2a: Reuniclus|Recover|p2a: Reuniclus\n|-heal|p2a: Reuniclus|75/100\n|move|p1a: Aggron|Heavy Slam|p2b: Azumarill\n|-damage|p2b: Azumarill|0 fnt\n|faint|p2b: Azumarill\n|move|p1b: Tyranitar|Knock Off|p2a: Reuniclus\n|-supereffective|p2a: Reuniclus|1\n|-damage|p2a: Reuniclus|0 fnt\n|faint|p2a: Reuniclus\n|\n|win|Glubbyyank\n|raw|Glubbyyank's rating: 1087 &rarr; <strong>1110</strong><br />(+23 for winning)\n|raw|Lunar_Virtue's rating: 1034 &rarr; <strong>1021</strong><br />(-13 for losing)\n|l|\u2606Lunar_Virtue\n|player|p2|\n",
  "uploadtime": 1776252229,
  "views": 28,
  "formatid": "gen9championsvgc2026regma",
  "rating": 1021,
  "private": 0,
  "password": null
}