{
  "id": "gen9championsvgc2026regma-2588808305",
  "format": "[Gen 9 Champions] VGC 2026 Reg M-A",
  "players": [
    "SDLT 2KRL March",
    "BundleMySon"
  ],
  "log": "|raw|<div class=\"broadcast-blue\"><strong>This battle is required to be public due to a player having a name starting with 'sdlt'.</div>\n|j|\u2606SDLT 2KRL March\n|j|\u2606BundleMySon\n|t:|1776673412\n|gametype|doubles\n|player|p1|SDLT 2KRL March|valerie|1410\n|player|p2|BundleMySon|266|1450\n|gen|9\n|tier|[Gen 9 Champions] VGC 2026 Reg M-A\n|rated|\n|rule|Species Clause: Limit one of each Pok\u00e9mon\n|rule|Item Clause: Limit 1 of each item\n|clearpoke\n|poke|p1|Kangaskhan, L50, F, shiny|\n|poke|p1|Farigiraf, L50, M, shiny|\n|poke|p1|Basculegion, L50, M, shiny|\n|poke|p1|Talonflame, L50, F, shiny|\n|poke|p1|Sneasler, L50, F|\n|poke|p1|Floette-Eternal, L50, F|\n|poke|p2|Floette-Eternal, L50, F|\n|poke|p2|Garchomp, L50, M|\n|poke|p2|Maushold, L50|\n|poke|p2|Aerodactyl, L50, F|\n|poke|p2|Glimmora, L50, M|\n|poke|p2|Orthworm, L50, M|\n|teampreview|4\n|inactive|Battle timer is ON: inactive players will automatically lose when time's up. (requested by BundleMySon)\n|\n|t:|1776673430\n|teamsize|p1|4\n|teamsize|p2|4\n|start\n|switch|p1a: Farigiraf|Farigiraf, L50, M, shiny|100/100\n|switch|p1b: Kangaskhan|Kangaskhan, L50, F, shiny|100/100\n|switch|p2a: Garchomp|Garchomp, L50, M|100/100\n|switch|p2b: Orthworm|Orthworm, L50, M|100/100\n|turn|1\n|l|\u2606SDLT 2KRL March\n|inactive|SDLT 2KRL March disconnected and has a minute to reconnect!\n|player|p1|\n|j|\u2606SDLT 2KRL March\n|inactive|SDLT 2KRL March reconnected and has 40 seconds left.\n|player|p1|SDLT 2KRL March|valerie|\n|\n|t:|1776673451\n|detailschange|p1b: Kangaskhan|Kangaskhan-Mega, L50, F, shiny\n|-mega|p1b: Kangaskhan|Kangaskhan|Kangaskhanite\n|move|p2a: Garchomp|Earthquake|p1b: Kangaskhan|[spread] p1a,p1b\n|-immune|p2b: Orthworm|[from] ability: Earth Eater\n|-damage|p1a: Farigiraf|59/100\n|-damage|p1b: Kangaskhan|67/100\n|move|p1b: Kangaskhan|Hammer Arm|p2b: Orthworm\n|-supereffective|p2b: Orthworm|1\n|-damage|p2b: Orthworm|55/100\n|-unboost|p1b: Kangaskhan|spe|1\n|-supereffective|p2b: Orthworm|1\n|-damage|p2b: Orthworm|44/100\n|-unboost|p1b: Kangaskhan|spe|1\n|-hitcount|p2b: Orthworm|2\n|move|p2b: Orthworm|Shed Tail|p2b: Orthworm\n|-fail|p2b: Orthworm|move: Shed Tail|[weak]\n|move|p1a: Farigiraf|Trick Room|p1a: Farigiraf\n|-fieldstart|move: Trick Room|[of] p1a: Farigiraf\n|\n|-heal|p2b: Orthworm|50/100|[from] item: Leftovers\n|upkeep\n|turn|2\n|inactive|BundleMySon has 30 seconds left.\n|\n|t:|1776673480\n|move|p1b: Kangaskhan|Double-Edge|p2a: Garchomp\n|-damage|p2a: Garchomp|47/100\n|-damage|p1b: Kangaskhan|54/100|[from] ability: Rough Skin|[of] p2a: Garchomp\n|-enditem|p2a: Garchomp|Sitrus Berry|[eat]\n|-heal|p2a: Garchomp|72/100|[from] item: Sitrus Berry\n|-damage|p2a: Garchomp|57/100\n|-damage|p1b: Kangaskhan|42/100|[from] ability: Rough Skin|[of] p2a: Garchomp\n|-hitcount|p2a: Garchomp|2\n|-damage|p1b: Kangaskhan|20/100|[from] Recoil\n|move|p1a: Farigiraf|Hyper Voice|p2a: Garchomp|[spread] p2a,p2b\n|-resisted|p2b: Orthworm|1\n|-damage|p2a: Garchomp|23/100\n|-damage|p2b: Orthworm|30/100\n|move|p2b: Orthworm|Body Press|p1b: Kangaskhan\n|-supereffective|p1b: Kangaskhan|1\n|-damage|p1b: Kangaskhan|0 fnt\n|faint|p1b: Kangaskhan\n|move|p2a: Garchomp|Earthquake|p1a: Farigiraf|[spread] p1a\n|-heal|p2b: Orthworm|55/100|[from] ability: Earth Eater|[of] p2a: Garchomp\n|-damage|p1a: Farigiraf|18/100\n|\n|-heal|p2b: Orthworm|62/100|[from] item: Leftovers\n|upkeep\n|\n|t:|1776673493\n|switch|p1b: Basculegion|Basculegion, L50, M, shiny|100/100\n|turn|3\n|\n|t:|1776673502\n|move|p1a: Farigiraf|Hyper Voice|p2a: Garchomp|[spread] p2a,p2b\n|-resisted|p2b: Orthworm|1\n|-crit|p2b: Orthworm\n|-damage|p2a: Garchomp|0 fnt\n|-damage|p2b: Orthworm|33/100\n|faint|p2a: Garchomp\n|move|p2b: Orthworm|Heavy Slam|p1b: Basculegion\n|-resisted|p1b: Basculegion|1\n|-damage|p1b: Basculegion|93/100\n|move|p1b: Basculegion|Last Respects|p2b: Orthworm\n|-damage|p2b: Orthworm|0 fnt\n|faint|p2b: Orthworm\n|\n|upkeep\n|\n|t:|1776673507\n|switch|p2b: Maushold|Maushold, L50|100/100\n|switch|p2a: Floette|Floette-Eternal, L50, F|100/100\n|turn|4\n|\n|t:|1776673512\n|detailschange|p2a: Floette|Floette-Mega, L50, F\n|-mega|p2a: Floette|Floette|Floettite\n|-ability|p2a: Floette|Fairy Aura\n|move|p2b: Maushold|Follow Me|p2b: Maushold\n|-singleturn|p2b: Maushold|move: Follow Me\n|move|p1a: Farigiraf|Hyper Voice|p2b: Maushold|[spread] p2a,p2b\n|-damage|p2a: Floette|80/100\n|-damage|p2b: Maushold|62/100\n|move|p1b: Basculegion|Wave Crash|p2b: Maushold\n|-damage|p2b: Maushold|0 fnt\n|faint|p2b: Maushold\n|-damage|p1b: Basculegion|76/100|[from] Recoil\n|move|p2a: Floette|Dazzling Gleam|p1b: Basculegion|[spread] p1a,p1b\n|-damage|p1a: Farigiraf|0 fnt\n|-damage|p1b: Basculegion|25/100\n|faint|p1a: Farigiraf\n|\n|upkeep\n|\n|t:|1776673514\n|switch|p1a: Sneasler|Sneasler, L50, F|100/100\n|turn|5\n|\n|t:|1776673526\n|move|p1a: Sneasler|Fake Out|p2a: Floette\n|-damage|p2a: Floette|61/100\n|move|p1b: Basculegion|Last Respects|p2a: Floette\n|-damage|p2a: Floette|0 fnt\n|faint|p2a: Floette\n|\n|win|SDLT 2KRL March\n|raw|SDLT 2KRL March's rating: 1410 &rarr; <strong>1432</strong><br />(+22 for winning)\n|raw|BundleMySon's rating: 1450 &rarr; <strong>1428</strong><br />(-22 for losing)\n|l|\u2606BundleMySon\n|player|p2|\n|l|\u2606SDLT 2KRL March\n|player|p1|\n|j| chl0es!\n",
  "uploadtime": 1776674011,
  "views": 14,
  "formatid": "gen9championsvgc2026regma",
  "rating": 1428,
  "private": 0,
  "password": null
}