{
  "id": "gen9championsvgc2026regma-2586099639",
  "format": "[Gen 9 Champions] VGC 2026 Reg M-A",
  "players": [
    "CBNUN003",
    "ilikepie9182"
  ],
  "log": "|j|\u2606CBNUN003\n|j|\u2606ilikepie9182\n|t:|1776398952\n|gametype|doubles\n|player|p1|CBNUN003|266|1102\n|player|p2|ilikepie9182|1|1098\n|gen|9\n|tier|[Gen 9 Champions] VGC 2026 Reg M-A\n|rated|\n|rule|Species Clause: Limit one of each Pok\u00e9mon\n|rule|Item Clause: Limit 1 of each item\n|clearpoke\n|poke|p1|Tyranitar, L50, M|\n|poke|p1|Gliscor, L50, M|\n|poke|p1|Aggron, L50, M|\n|poke|p1|Sableye, L50, F|\n|poke|p1|Sinistcha, L50|\n|poke|p1|Rotom-Wash, L50|\n|poke|p2|Rotom-Wash, L50|\n|poke|p2|Incineroar, L50, F|\n|poke|p2|Sinistcha, L50|\n|poke|p2|Corviknight, L50, M|\n|poke|p2|Sneasler, L50, M|\n|poke|p2|Aerodactyl, L50, M|\n|teampreview|4\n|\n|t:|1776399004\n|teamsize|p1|4\n|teamsize|p2|4\n|start\n|switch|p1a: Rotom|Rotom-Wash, L50|100/100\n|switch|p1b: Sinistcha|Sinistcha, L50|100/100\n|switch|p2a: Sneasler|Sneasler, L50, M|100/100\n|switch|p2b: Aerodactyl|Aerodactyl, L50, M|100/100\n|turn|1\n|\n|t:|1776399034\n|detailschange|p2b: Aerodactyl|Aerodactyl-Mega, L50, M\n|-mega|p2b: Aerodactyl|Aerodactyl|Aerodactylite\n|move|p2a: Sneasler|Fake Out|p1a: Rotom\n|-damage|p1a: Rotom|85/100\n|cant|p1a: Rotom|flinch\n|move|p2b: Aerodactyl|Dual Wingbeat|p1b: Sinistcha\n|-supereffective|p1b: Sinistcha|1\n|-damage|p1b: Sinistcha|39/100\n|-supereffective|p1b: Sinistcha|1\n|-damage|p1b: Sinistcha|0 fnt\n|faint|p1b: Sinistcha\n|-hitcount|p1: Sinistcha|2\n|\n|upkeep\n|\n|t:|1776399048\n|switch|p1b: Sableye|Sableye, L50, F|100/100\n|turn|2\n|\n|t:|1776399074\n|switch|p2b: Sinistcha|Sinistcha, L50|100/100\n|move|p1b: Sableye|Fake Out|p2a: Sneasler\n|-damage|p2a: Sneasler|88/100\n|move|p1a: Rotom|Thunderbolt|p2b: Sinistcha\n|-resisted|p2b: Sinistcha|1\n|-damage|p2b: Sinistcha|82/100\n|cant|p2a: Sneasler|flinch\n|\n|-heal|p2b: Sinistcha|88/100|[from] item: Leftovers\n|upkeep\n|turn|3\n|\n|t:|1776399110\n|switch|p1a: Aggron|Aggron, L50, M|100/100\n|move|p1b: Sableye|Wonder Room|p1b: Sableye\n|-fieldstart|move: Wonder Room|[of] p1b: Sableye\n|move|p2a: Sneasler|Close Combat|p1a: Aggron\n|-supereffective|p1a: Aggron|2\n|-ability|p1a: Aggron|Sturdy\n|-damage|p1a: Aggron|1/100\n|-unboost|p2a: Sneasler|def|1\n|-unboost|p2a: Sneasler|spd|1\n|move|p2b: Sinistcha|Matcha Gotcha|p1b: Sableye|[spread] p1a,p1b\n|-damage|p1a: Aggron|0 fnt\n|-heal|p2b: Sinistcha|89/100|[from] drain|[of] p1a: Aggron\n|-damage|p1b: Sableye|67/100\n|-heal|p2b: Sinistcha|100/100|[from] drain|[of] p1b: Sableye\n|faint|p1a: Aggron\n|\n|upkeep\n|\n|t:|1776399130\n|switch|p1a: Rotom|Rotom-Wash, L50|85/100\n|turn|4\n|\n|t:|1776399141\n|move|p1b: Sableye|Quash|p2b: Sinistcha\n|-activate|p2b: Sinistcha|move: Quash\n|move|p1a: Rotom|Thunderbolt|p2a: Sneasler\n|-damage|p2a: Sneasler|3/100\n|move|p2a: Sneasler|Dire Claw|p1a: Rotom\n|-damage|p1a: Rotom|37/100\n|move|p2b: Sinistcha|Matcha Gotcha|p1b: Sableye|[spread] p1a,p1b\n|-supereffective|p1a: Rotom|1\n|-crit|p1b: Sableye\n|-damage|p1a: Rotom|0 fnt\n|-damage|p1b: Sableye|16/100\n|-enditem|p1b: Sableye|Sitrus Berry|[eat]\n|-heal|p1b: Sableye|41/100|[from] item: Sitrus Berry\n|faint|p1a: Rotom\n|\n|upkeep\n|turn|5\n|\n|t:|1776399163\n|move|p1b: Sableye|Encore|p2a: Sneasler\n|-start|p2a: Sneasler|Encore\n|move|p2a: Sneasler|Dire Claw|p1b: Sableye\n|-resisted|p1b: Sableye|1\n|-damage|p1b: Sableye|19/100\n|-status|p1b: Sableye|par\n|move|p2b: Sinistcha|Matcha Gotcha|p1b: Sableye\n|-damage|p1b: Sableye|0 fnt\n|faint|p1b: Sableye\n|\n|win|ilikepie9182\n|raw|CBNUN003's rating: 1102 &rarr; <strong>1077</strong><br />(-25 for losing)\n|raw|ilikepie9182's rating: 1098 &rarr; <strong>1124</strong><br />(+26 for winning)\n|l|\u2606ilikepie9182\n|player|p2|\n",
  "uploadtime": 1776399177,
  "views": 17,
  "formatid": "gen9championsvgc2026regma",
  "rating": 1077,
  "private": 0,
  "password": null
}