{
  "id": "gen9championsvgc2026regma-2585438197",
  "format": "[Gen 9 Champions] VGC 2026 Reg M-A",
  "players": [
    "PokeGlezpez",
    "NegaiFreak"
  ],
  "log": "|j|\u2606PokeGlezpez\n|j|\u2606NegaiFreak\n|t:|1776347304\n|gametype|doubles\n|player|p1|PokeGlezpez|harlequin|1314\n|player|p2|NegaiFreak|265|1386\n|gen|9\n|tier|[Gen 9 Champions] VGC 2026 Reg M-A\n|rated|\n|rule|Species Clause: Limit one of each Pok\u00e9mon\n|rule|Item Clause: Limit 1 of each item\n|clearpoke\n|poke|p1|Tyranitar, L50, F|\n|poke|p1|Excadrill, L50, M|\n|poke|p1|Milotic, L50, M|\n|poke|p1|Aegislash, L50, M|\n|poke|p1|Rotom-Mow, L50|\n|poke|p1|Talonflame, L50, M|\n|poke|p2|Archaludon, L50, F|\n|poke|p2|Pelipper, L50, F|\n|poke|p2|Basculegion, L50, M|\n|poke|p2|Meganium, L50, M|\n|poke|p2|Maushold-Four, L50|\n|poke|p2|Farigiraf, L50, M|\n|teampreview|4\n|inactive|Battle timer is ON: inactive players will automatically lose when time's up. (requested by NegaiFreak)\n|inactive|PokeGlezpez has 60 seconds left.\n|\n|t:|1776347355\n|teamsize|p1|4\n|teamsize|p2|4\n|start\n|switch|p1a: Tyranitar|Tyranitar, L50, F|100/100\n|switch|p1b: Rotom|Rotom-Mow, L50|100/100\n|switch|p2a: Meganium|Meganium, L50, M|100/100\n|switch|p2b: Archaludon|Archaludon, L50, F|100/100\n|-weather|Sandstorm|[from] ability: Sand Stream|[of] p1a: Tyranitar\n|turn|1\n|c|\u2606NegaiFreak|GLHF\n|c|\u2606PokeGlezpez|:)\n|inactive|PokeGlezpez has 30 seconds left.\n|inactive|PokeGlezpez has 20 seconds left.\n|\n|t:|1776347392\n|detailschange|p2a: Meganium|Meganium-Mega, L50, M\n|-mega|p2a: Meganium|Meganium|Meganiumite\n|move|p1a: Tyranitar|Protect|p1a: Tyranitar\n|-singleturn|p1a: Tyranitar|Protect\n|move|p1b: Rotom|Volt Switch|p2a: Meganium\n|-resisted|p2a: Meganium|1\n|-damage|p2a: Meganium|88/100\n|\n|t:|1776347399\n|switch|p1b: Excadrill|Excadrill, L50, M|100/100|[from] Volt Switch\n|move|p2b: Archaludon|Dragon Pulse|p1b: Excadrill\n|-resisted|p1b: Excadrill|1\n|-crit|p1b: Excadrill\n|-damage|p1b: Excadrill|52/100\n|move|p2a: Meganium|Solar Beam||[still]\n|-prepare|p2a: Meganium|Solar Beam\n|-activate|p2a: Meganium|ability: Mega Sol\n|-anim|p2a: Meganium|Solar Beam|p1a: Tyranitar\n|-activate|p1a: Tyranitar|move: Protect\n|\n|-weather|Sandstorm|[upkeep]\n|-damage|p2a: Meganium|82/100|[from] Sandstorm\n|upkeep\n|turn|2\n|inactive|PokeGlezpez has 30 seconds left.\n|inactive|PokeGlezpez has 20 seconds left.\n|inactive|PokeGlezpez has 15 seconds left.\n|\n|t:|1776347442\n|move|p2b: Archaludon|Protect|p2b: Archaludon\n|-singleturn|p2b: Archaludon|Protect\n|move|p2a: Meganium|Protect|p2a: Meganium\n|-singleturn|p2a: Meganium|Protect\n|move|p1b: Excadrill|Iron Head|p2a: Meganium\n|-activate|p2a: Meganium|move: Protect\n|move|p1a: Tyranitar|Knock Off|p2a: Meganium\n|-activate|p2a: Meganium|move: Protect\n|\n|-weather|Sandstorm|[upkeep]\n|-damage|p2a: Meganium|76/100|[from] Sandstorm\n|upkeep\n|turn|3\n|inactive|NegaiFreak has 30 seconds left.\n|\n|t:|1776347473\n|switch|p2a: Farigiraf|Farigiraf, L50, M|100/100\n|move|p1b: Excadrill|Iron Head|p2a: Farigiraf\n|-damage|p2a: Farigiraf|62/100\n|move|p2b: Archaludon|Flash Cannon|p1a: Tyranitar\n|-supereffective|p1a: Tyranitar|1\n|-damage|p1a: Tyranitar|45/100\n|move|p1a: Tyranitar|Knock Off|p2a: Farigiraf\n|-supereffective|p2a: Farigiraf|1\n|-damage|p2a: Farigiraf|0 fnt\n|-enditem|p2a: Farigiraf|Mental Herb|[from] move: Knock Off|[of] p1a: Tyranitar\n|faint|p2a: Farigiraf\n|\n|-weather|Sandstorm|[upkeep]\n|upkeep\n|\n|t:|1776347495\n|switch|p2a: Pelipper|Pelipper, L50, F|100/100\n|-weather|RainDance|[from] ability: Drizzle|[of] p2a: Pelipper\n|turn|4\n|inactive|PokeGlezpez has 30 seconds left.\n|inactive|PokeGlezpez has 20 seconds left.\n|\n|t:|1776347531\n|switch|p1b: Milotic|Milotic, L50, M|100/100\n|detailschange|p1a: Tyranitar|Tyranitar-Mega, L50, F\n|-mega|p1a: Tyranitar|Tyranitar|Tyranitarite\n|-weather|Sandstorm|[from] ability: Sand Stream|[of] p1a: Tyranitar\n|move|p2b: Archaludon|Flash Cannon|p1a: Tyranitar\n|-supereffective|p1a: Tyranitar|1\n|-damage|p1a: Tyranitar|0 fnt\n|faint|p1a: Tyranitar\n|move|p2a: Pelipper|Tailwind|p2a: Pelipper\n|-sidestart|p2: NegaiFreak|move: Tailwind\n|\n|-weather|Sandstorm|[upkeep]\n|-damage|p2a: Pelipper|95/100|[from] Sandstorm\n|-damage|p1b: Milotic|95/100|[from] Sandstorm\n|-heal|p1b: Milotic|100/100|[from] item: Leftovers\n|upkeep\n|\n|t:|1776347544\n|switch|p1a: Rotom|Rotom-Mow, L50|100/100\n|turn|5\n|\n|t:|1776347566\n|switch|p2a: Meganium|Meganium-Mega, L50, M|76/100\n|move|p2b: Archaludon|Dragon Pulse|p1a: Rotom\n|-damage|p1a: Rotom|37/100\n|move|p1a: Rotom|Volt Switch|p2a: Meganium\n|-resisted|p2a: Meganium|1\n|-damage|p2a: Meganium|62/100\n|\n|t:|1776347581\n|switch|p1a: Excadrill|Excadrill, L50, M|52/100|[from] Volt Switch\n|move|p1b: Milotic|Scald|p2b: Archaludon\n|-resisted|p2b: Archaludon|1\n|-damage|p2b: Archaludon|79/100\n|\n|-weather|Sandstorm|[upkeep]\n|-damage|p2a: Meganium|56/100|[from] Sandstorm\n|-damage|p1b: Milotic|95/100|[from] Sandstorm\n|-heal|p1b: Milotic|100/100|[from] item: Leftovers\n|upkeep\n|turn|6\n|\n|t:|1776347603\n|switch|p2a: Pelipper|Pelipper, L50, F|95/100\n|-weather|RainDance|[from] ability: Drizzle|[of] p2a: Pelipper\n|move|p1b: Milotic|Protect|p1b: Milotic\n|-singleturn|p1b: Milotic|Protect\n|move|p2b: Archaludon|Electro Shot||[still]\n|-prepare|p2b: Archaludon|Electro Shot\n|-boost|p2b: Archaludon|spa|1\n|-anim|p2b: Archaludon|Electro Shot|p1b: Milotic\n|-activate|p1b: Milotic|move: Protect\n|move|p1a: Excadrill|Earthquake|p2b: Archaludon|[spread] p2b\n|-activate|p1b: Milotic|move: Protect\n|-immune|p2a: Pelipper\n|-supereffective|p2b: Archaludon|1\n|-damage|p2b: Archaludon|3/100\n|\n|-weather|RainDance|[upkeep]\n|upkeep\n|turn|7\n|\n|t:|1776347625\n|switch|p1b: Rotom|Rotom-Mow, L50|37/100\n|move|p1a: Excadrill|Protect|p1a: Excadrill\n|-singleturn|p1a: Excadrill|Protect\n|move|p2b: Archaludon|Electro Shot||[still]\n|-prepare|p2b: Archaludon|Electro Shot\n|-boost|p2b: Archaludon|spa|1\n|-anim|p2b: Archaludon|Electro Shot|p1b: Rotom\n|-resisted|p1b: Rotom|2\n|-crit|p1b: Rotom\n|-damage|p1b: Rotom|0 fnt\n|faint|p1b: Rotom\n|move|p2a: Pelipper|Weather Ball|p1a: Excadrill\n|-activate|p1a: Excadrill|move: Protect\n|\n|-weather|RainDance|[upkeep]\n|-sideend|p2: NegaiFreak|move: Tailwind\n|upkeep\n|\n|t:|1776347640\n|switch|p1b: Milotic|Milotic, L50, M|100/100\n|turn|8\n|\n|t:|1776347655\n|move|p2b: Archaludon|Protect|p2b: Archaludon\n|-singleturn|p2b: Archaludon|Protect\n|move|p1a: Excadrill|Iron Head|p2a: Pelipper\n|-resisted|p2a: Pelipper|1\n|-damage|p2a: Pelipper|66/100\n|move|p2a: Pelipper|Tailwind|p2a: Pelipper\n|-sidestart|p2: NegaiFreak|move: Tailwind\n|move|p1b: Milotic|Ice Beam|p2b: Archaludon\n|-activate|p2b: Archaludon|move: Protect\n|\n|-weather|RainDance|[upkeep]\n|upkeep\n|turn|9\n|\n|t:|1776347674\n|move|p1b: Milotic|Protect|p1b: Milotic\n|-singleturn|p1b: Milotic|Protect\n|move|p2b: Archaludon|Electro Shot||[still]\n|-prepare|p2b: Archaludon|Electro Shot\n|-boost|p2b: Archaludon|spa|1\n|-anim|p2b: Archaludon|Electro Shot|p1b: Milotic\n|-activate|p1b: Milotic|move: Protect\n|move|p2a: Pelipper|Weather Ball|p1a: Excadrill\n|-supereffective|p1a: Excadrill|1\n|-damage|p1a: Excadrill|0 fnt\n|faint|p1a: Excadrill\n|\n|-weather|RainDance|[upkeep]\n|upkeep\n|turn|10\n|\n|t:|1776347693\n|move|p2b: Archaludon|Electro Shot||[still]\n|-prepare|p2b: Archaludon|Electro Shot\n|-boost|p2b: Archaludon|spa|1\n|-anim|p2b: Archaludon|Electro Shot|p1b: Milotic\n|-supereffective|p1b: Milotic|1\n|-damage|p1b: Milotic|0 fnt\n|faint|p1b: Milotic\n|\n|win|NegaiFreak\n|raw|PokeGlezpez's rating: 1314 &rarr; <strong>1298</strong><br />(-16 for losing)\n|raw|NegaiFreak's rating: 1386 &rarr; <strong>1402</strong><br />(+16 for winning)\n|l|\u2606PokeGlezpez\n|player|p1|\n|c|\u2606NegaiFreak|GG, WP\n",
  "uploadtime": 1776347709,
  "views": 31,
  "formatid": "gen9championsvgc2026regma",
  "rating": 1298,
  "private": 0,
  "password": null
}