{
  "id": "gen9championsvgc2026regma-2582636929",
  "format": "[Gen 9 Champions] VGC 2026 Reg M-A",
  "players": [
    "Twistz034",
    "yamzinyobooty"
  ],
  "log": "|j|\u2606Twistz034\n|j|\u2606yamzinyobooty\n|t:|1776104128\n|gametype|doubles\n|player|p1|Twistz034|2|1056\n|player|p2|yamzinyobooty|170|1094\n|gen|9\n|tier|[Gen 9 Champions] VGC 2026 Reg M-A\n|rated|\n|rule|Species Clause: Limit one of each Pok\u00e9mon\n|rule|Item Clause: Limit 1 of each item\n|clearpoke\n|poke|p1|Excadrill, L50, F|\n|poke|p1|Talonflame, L50, M|\n|poke|p1|Politoed, L50, F|\n|poke|p1|Gyarados, L50, F|\n|poke|p1|Chesnaught, L50, F|\n|poke|p1|Raichu, L50, M|\n|poke|p2|Delphox, L50, M|\n|poke|p2|Basculegion, L50, M|\n|poke|p2|Clefable, L50, F|\n|poke|p2|Kingambit, L50, M|\n|poke|p2|Sneasler, L50, M|\n|poke|p2|Dragonite, L50, F|\n|teampreview|4\n|inactive|Battle timer is ON: inactive players will automatically lose when time's up. (requested by yamzinyobooty)\n|\n|t:|1776104207\n|teamsize|p1|4\n|teamsize|p2|4\n|start\n|switch|p1a: Talonflame|Talonflame, L50, M, shiny|100/100\n|switch|p1b: Raichu|Raichu, L50, M, shiny|100/100\n|switch|p2a: Basculegion|Basculegion, L50, M|100/100\n|switch|p2b: Sneasler|Sneasler, L50, M, shiny|100/100\n|turn|1\n|inactive|yamzinyobooty has 30 seconds left.\n|inactive|yamzinyobooty has 20 seconds left.\n|inactive|yamzinyobooty has 15 seconds left.\n|inactive|yamzinyobooty has 10 seconds left.\n|\n|t:|1776104254\n|move|p1b: Raichu|Fake Out|p2b: Sneasler\n|-damage|p2b: Sneasler|85/100\n|move|p1a: Talonflame|Tailwind|p1a: Talonflame\n|-sidestart|p1: Twistz034|move: Tailwind\n|move|p2a: Basculegion|Wave Crash|p1b: Raichu\n|-enditem|p1b: Raichu|Focus Sash\n|-damage|p1b: Raichu|1/100\n|-damage|p2a: Basculegion|75/100|[from] Recoil\n|cant|p2b: Sneasler|flinch\n|\n|upkeep\n|turn|2\n|inactive|yamzinyobooty has 30 seconds left.\n|\n|t:|1776104286\n|switch|p2b: Kingambit|Kingambit, L50, M, shiny|100/100\n|move|p1a: Talonflame|Brave Bird|p2b: Kingambit\n|-resisted|p2b: Kingambit|1\n|-damage|p2b: Kingambit|81/100\n|-damage|p1a: Talonflame|91/100|[from] Recoil\n|move|p1b: Raichu|Volt Switch|p2a: Basculegion\n|-supereffective|p2a: Basculegion|1\n|-damage|p2a: Basculegion|25/100\n|inactive|Twistz034 has 30 seconds left.\n|\n|t:|1776104315\n|switch|p1b: Gyarados|Gyarados, L50, F|100/100|[from] Volt Switch\n|-ability|p1b: Gyarados|Intimidate|boost\n|-unboost|p2a: Basculegion|atk|1\n|-unboost|p2b: Kingambit|atk|1\n|-ability|p2b: Kingambit|Defiant|boost\n|-boost|p2b: Kingambit|atk|2\n|move|p2a: Basculegion|Wave Crash|p1a: Talonflame\n|-supereffective|p1a: Talonflame|1\n|-damage|p1a: Talonflame|0 fnt\n|faint|p1a: Talonflame\n|-damage|p2a: Basculegion|2/100|[from] Recoil\n|\n|upkeep\n|\n|t:|1776104332\n|switch|p1a: Politoed|Politoed, L50, F|100/100\n|-weather|RainDance|[from] ability: Drizzle|[of] p1a: Politoed\n|turn|3\n|\n|t:|1776104356\n|move|p1b: Gyarados|Earthquake|p2a: Basculegion|[spread] p1a,p2a,p2b\n|-supereffective|p2b: Kingambit|1\n|-damage|p1a: Politoed|70/100\n|-damage|p2a: Basculegion|0 fnt\n|-damage|p2b: Kingambit|44/100\n|faint|p2a: Basculegion\n|move|p1a: Politoed|Encore||[still]\n|-fail|p1a: Politoed\n|move|p2b: Kingambit|Kowtow Cleave|p1b: Gyarados\n|-damage|p1b: Gyarados|0 fnt\n|faint|p1b: Gyarados\n|\n|-weather|RainDance|[upkeep]\n|-heal|p1a: Politoed|76/100|[from] item: Leftovers\n|upkeep\n|\n|t:|1776104370\n|switch|p1b: Raichu|Raichu, L50, M, shiny|1/100\n|switch|p2a: Sneasler|Sneasler, L50, M, shiny|85/100\n|turn|4\n|\n|t:|1776104389\n|move|p2a: Sneasler|Protect|p2a: Sneasler\n|-singleturn|p2a: Sneasler|Protect\n|move|p2b: Kingambit|Protect|p2b: Kingambit\n|-singleturn|p2b: Kingambit|Protect\n|move|p1b: Raichu|Fake Out|p2a: Sneasler\n|-activate|p2a: Sneasler|move: Protect\n|move|p1a: Politoed|Weather Ball|p2b: Kingambit\n|-activate|p2b: Kingambit|move: Protect\n|\n|-weather|RainDance|[upkeep]\n|-heal|p1a: Politoed|82/100|[from] item: Leftovers\n|-sideend|p1: Twistz034|move: Tailwind\n|upkeep\n|turn|5\n|\n|t:|1776104408\n|move|p2a: Sneasler|Dire Claw|p1a: Politoed\n|-damage|p1a: Politoed|31/100\n|move|p1b: Raichu|Thunder|p2b: Kingambit\n|-damage|p2b: Kingambit|9/100\n|move|p1a: Politoed|Weather Ball|p2a: Sneasler\n|-damage|p2a: Sneasler|0 fnt\n|faint|p2a: Sneasler\n|move|p2b: Kingambit|Kowtow Cleave|p1a: Politoed\n|-crit|p1a: Politoed\n|-damage|p1a: Politoed|0 fnt\n|faint|p1a: Politoed\n|\n|-weather|RainDance|[upkeep]\n|upkeep\n|\n|t:|1776104417\n|switch|p2a: Delphox|Delphox, L50, M, shiny|100/100\n|turn|6\n|-message|Twistz034 forfeited.\n|\n|win|yamzinyobooty\n|raw|Twistz034's rating: 1056 &rarr; <strong>1040</strong><br />(-16 for losing)\n|raw|yamzinyobooty's rating: 1094 &rarr; <strong>1117</strong><br />(+23 for winning)\n",
  "uploadtime": 1776104428,
  "views": 19,
  "formatid": "gen9championsvgc2026regma",
  "rating": 1040,
  "private": 0,
  "password": null
}