{
  "id": "gen9championsvgc2026regma-2583563679",
  "format": "[Gen 9 Champions] VGC 2026 Reg M-A",
  "players": [
    "MrGreenHoodie",
    "propertyofcynthia"
  ],
  "log": "|j|\u2606MrGreenHoodie\n|j|\u203dpropertyofcynthia\n|t:|1776183550\n|gametype|doubles\n|player|p1|MrGreenHoodie|red|1129\n|player|p2|propertyofcynthia|cynthia|1151\n|gen|9\n|tier|[Gen 9 Champions] VGC 2026 Reg M-A\n|rated|\n|rule|Species Clause: Limit one of each Pok\u00e9mon\n|rule|Item Clause: Limit 1 of each item\n|clearpoke\n|poke|p1|Gengar, L50, F|\n|poke|p1|Kommo-o, L50, M|\n|poke|p1|Incineroar, L50, F|\n|poke|p1|Sinistcha, L50|\n|poke|p1|Tyranitar, L50, F|\n|poke|p1|Aegislash, L50, F|\n|poke|p2|Whimsicott, L50, F|\n|poke|p2|Chandelure, L50, M|\n|poke|p2|Tyranitar, L50, M|\n|poke|p2|Clefable, L50, F|\n|poke|p2|Pelipper, L50, F|\n|poke|p2|Archaludon, L50, F|\n|teampreview|4\n|inactive|Battle timer is ON: inactive players will automatically lose when time's up. (requested by propertyofcynthia)\n|\n|t:|1776183580\n|teamsize|p1|4\n|teamsize|p2|4\n|start\n|switch|p1a: Gengar|Gengar, L50, F|100/100\n|switch|p1b: Incineroar|Incineroar, L50, F|100/100\n|switch|p2a: Pelipper|Pelipper, L50, F|100/100\n|switch|p2b: Archaludon|Archaludon, L50, F|100/100\n|-weather|RainDance|[from] ability: Drizzle|[of] p2a: Pelipper\n|-ability|p1b: Incineroar|Intimidate|boost\n|-unboost|p2a: Pelipper|atk|1\n|-unboost|p2b: Archaludon|atk|1\n|turn|1\n|c|\u2606MrGreenHoodie|glhf\n|inactive|MrGreenHoodie has 30 seconds left.\n|inactive|MrGreenHoodie has 20 seconds left.\n|inactive|MrGreenHoodie has 15 seconds left.\n|inactive|MrGreenHoodie has 10 seconds left.\n|\n|t:|1776183629\n|switch|p1b: Tyranitar|Tyranitar, L50, F|100/100\n|-weather|Sandstorm|[from] ability: Sand Stream|[of] p1b: Tyranitar\n|detailschange|p1a: Gengar|Gengar-Mega, L50, F\n|-mega|p1a: Gengar|Gengar|Gengarite\n|move|p1a: Gengar|Protect|p1a: Gengar\n|-singleturn|p1a: Gengar|Protect\n|move|p2a: Pelipper|Tailwind|p2a: Pelipper\n|-sidestart|p2: propertyofcynthia|move: Tailwind\n|move|p2b: Archaludon|Electro Shot||[still]\n|-prepare|p2b: Archaludon|Electro Shot\n|-boost|p2b: Archaludon|spa|1\n|\n|-weather|Sandstorm|[upkeep]\n|-damage|p2a: Pelipper|95/100|[from] Sandstorm\n|-damage|p1a: Gengar|95/100|[from] Sandstorm\n|upkeep\n|turn|2\n|inactive|MrGreenHoodie has 30 seconds left.\n|inactive|MrGreenHoodie has 20 seconds left.\n|inactive|MrGreenHoodie has 15 seconds left.\n|inactive|MrGreenHoodie has 10 seconds left.\n|\n|t:|1776183674\n|switch|p1b: Incineroar|Incineroar, L50, F|100/100\n|-ability|p1b: Incineroar|Intimidate|boost\n|-unboost|p2a: Pelipper|atk|1\n|-unboost|p2b: Archaludon|atk|1\n|switch|p1a: Sinistcha|Sinistcha, L50|100/100\n|move|p2a: Pelipper|Tailwind||[still]\n|-fail|p2a: Pelipper\n|move|p2b: Archaludon|Electro Shot|p1b: Incineroar|[from] lockedmove\n|-damage|p1b: Incineroar|42/100\n|\n|-weather|Sandstorm|[upkeep]\n|-damage|p2a: Pelipper|89/100|[from] Sandstorm\n|-damage|p1a: Sinistcha|94/100|[from] Sandstorm\n|-damage|p1b: Incineroar|36/100|[from] Sandstorm\n|upkeep\n|turn|3\n|\n|t:|1776183695\n|switch|p2a: Whimsicott|Whimsicott, L50, F|100/100\n|move|p2b: Archaludon|Protect|p2b: Archaludon\n|-singleturn|p2b: Archaludon|Protect\n|move|p1b: Incineroar|Protect|p1b: Incineroar\n|-singleturn|p1b: Incineroar|Protect\n|move|p1a: Sinistcha|Life Dew|p1a: Sinistcha|[spread] p1a,p1b\n|-heal|p1a: Sinistcha|100/100\n|-heal|p1b: Incineroar|61/100\n|\n|-weather|Sandstorm|[upkeep]\n|-damage|p2a: Whimsicott|95/100|[from] Sandstorm\n|-damage|p1a: Sinistcha|94/100|[from] Sandstorm\n|-damage|p1b: Incineroar|55/100|[from] Sandstorm\n|upkeep\n|turn|4\n|inactive|propertyofcynthia has 30 seconds left.\n|inactive|propertyofcynthia has 20 seconds left.\n|\n|t:|1776183737\n|switch|p2a: Pelipper|Pelipper, L50, F|89/100\n|-weather|RainDance|[from] ability: Drizzle|[of] p2a: Pelipper\n|switch|p1b: Tyranitar|Tyranitar, L50, F|100/100\n|-weather|Sandstorm|[from] ability: Sand Stream|[of] p1b: Tyranitar\n|move|p2b: Archaludon|Electro Shot||[still]\n|-prepare|p2b: Archaludon|Electro Shot\n|-boost|p2b: Archaludon|spa|1\n|move|p1a: Sinistcha|Matcha Gotcha|p2a: Pelipper|[spread] p2a,p2b\n|-resisted|p2b: Archaludon|2\n|-damage|p2a: Pelipper|46/100\n|-heal|p1a: Sinistcha|100/100|[from] drain|[of] p2a: Pelipper\n|-damage|p2b: Archaludon|91/100\n|-status|p2a: Pelipper|brn\n|-status|p2b: Archaludon|brn\n|\n|-weather|Sandstorm|[upkeep]\n|-damage|p2a: Pelipper|40/100 brn|[from] Sandstorm\n|-damage|p1a: Sinistcha|94/100|[from] Sandstorm\n|-damage|p2a: Pelipper|35/100 brn|[from] brn\n|-damage|p2b: Archaludon|85/100 brn|[from] brn\n|-sideend|p2: propertyofcynthia|move: Tailwind\n|upkeep\n|turn|5\n|c|\u2606MrGreenHoodie|that's crazy, what are the odds for double burn. sorry lol\n|inactive|MrGreenHoodie has 30 seconds left.\n|\n|t:|1776183768\n|move|p1a: Sinistcha|Rage Powder|p1a: Sinistcha\n|-singleturn|p1a: Sinistcha|move: Rage Powder\n|move|p2a: Pelipper|Hurricane|p1a: Sinistcha|[miss]\n|-miss|p2a: Pelipper|p1a: Sinistcha\n|move|p1b: Tyranitar|Rock Slide|p2a: Pelipper|[spread] p2a,p2b\n|-supereffective|p2a: Pelipper|1\n|-crit|p2a: Pelipper\n|-resisted|p2b: Archaludon|1\n|-damage|p2a: Pelipper|0 fnt\n|-damage|p2b: Archaludon|74/100 brn\n|faint|p2a: Pelipper\n|cant|p2b: Archaludon|flinch\n|\n|-weather|Sandstorm|[upkeep]\n|-damage|p1a: Sinistcha|88/100|[from] Sandstorm\n|-damage|p2b: Archaludon|68/100 brn|[from] brn\n|upkeep\n|\n|t:|1776183778\n|switch|p2a: Whimsicott|Whimsicott, L50, F|95/100\n|turn|6\n|\n|t:|1776183789\n|switch|p1b: Incineroar|Incineroar, L50, F|55/100\n|-ability|p1b: Incineroar|Intimidate|boost\n|-unboost|p2a: Whimsicott|atk|1\n|-unboost|p2b: Archaludon|atk|1\n|move|p1a: Sinistcha|Protect|p1a: Sinistcha\n|-singleturn|p1a: Sinistcha|Protect\n|move|p2a: Whimsicott|Tailwind|p2a: Whimsicott\n|-sidestart|p2: propertyofcynthia|move: Tailwind\n|move|p2b: Archaludon|Flash Cannon|p1b: Incineroar\n|-resisted|p1b: Incineroar|1\n|-damage|p1b: Incineroar|25/100\n|\n|-weather|Sandstorm|[upkeep]\n|-damage|p2a: Whimsicott|89/100|[from] Sandstorm\n|-damage|p1a: Sinistcha|82/100|[from] Sandstorm\n|-damage|p1b: Incineroar|19/100|[from] Sandstorm\n|-damage|p2b: Archaludon|62/100 brn|[from] brn\n|upkeep\n|turn|7\n|\n|t:|1776183805\n|switch|p1a: Gengar|Gengar-Mega, L50, F|95/100\n|move|p1b: Incineroar|Fake Out|p2a: Whimsicott\n|-damage|p2a: Whimsicott|73/100\n|cant|p2a: Whimsicott|flinch\n|move|p2b: Archaludon|Dragon Pulse|p1a: Gengar\n|-damage|p1a: Gengar|1/100\n|\n|-weather|Sandstorm|[upkeep]\n|-damage|p2a: Whimsicott|67/100|[from] Sandstorm\n|-damage|p1a: Gengar|0 fnt|[from] Sandstorm\n|-damage|p1b: Incineroar|13/100|[from] Sandstorm\n|faint|p1a: Gengar\n|-damage|p2b: Archaludon|56/100 brn|[from] brn\n|upkeep\n|\n|t:|1776183815\n|switch|p1a: Sinistcha|Sinistcha, L50|82/100\n|-heal|p1b: Incineroar|38/100|[from] ability: Hospitality|[of] p1a: Sinistcha\n|turn|8\n|c|\u2606MrGreenHoodie|aah fair, ggs. Thought arch was scarfed\n|-message|MrGreenHoodie forfeited.\n|\n|win|propertyofcynthia\n|raw|MrGreenHoodie's rating: 1129 &rarr; <strong>1106</strong><br />(-23 for losing)\n|raw|propertyofcynthia's rating: 1151 &rarr; <strong>1174</strong><br />(+23 for winning)\n|l|\u2606MrGreenHoodie\n|player|p1|\n",
  "uploadtime": 1776183840,
  "views": 19,
  "formatid": "gen9championsvgc2026regma",
  "rating": 1106,
  "private": 0,
  "password": null
}