{
  "id": "gen9championsvgc2026regma-2582508678",
  "format": "[Gen 9 Champions] VGC 2026 Reg M-A",
  "players": [
    "Kaazuma",
    "cabrino"
  ],
  "log": "|j|\u2606Kaazuma\n|j|\u2606cabrino\n|t:|1776096190\n|gametype|doubles\n|player|p1|Kaazuma|red|1398\n|player|p2|cabrino|depotagent|1470\n|gen|9\n|tier|[Gen 9 Champions] VGC 2026 Reg M-A\n|rated|\n|rule|Species Clause: Limit one of each Pok\u00e9mon\n|rule|Item Clause: Limit 1 of each item\n|clearpoke\n|poke|p1|Charizard, L50, M|\n|poke|p1|Whimsicott, L50, F|\n|poke|p1|Farigiraf, L50, M|\n|poke|p1|Sneasler, L50, F|\n|poke|p1|Garchomp, L50, M|\n|poke|p1|Kingambit, L50, M|\n|poke|p2|Sneasler, L50, M|\n|poke|p2|Charizard, L50, M|\n|poke|p2|Aerodactyl, L50, F|\n|poke|p2|Farigiraf, L50, M|\n|poke|p2|Garchomp, L50, M|\n|poke|p2|Kingambit, L50, M|\n|teampreview|4\n|inactive|Battle timer is ON: inactive players will automatically lose when time's up. (requested by Kaazuma)\n|l|\u2606cabrino\n|inactive|cabrino disconnected and has a minute to reconnect!\n|player|p2|\n|j|\u2606cabrino\n|inactive|cabrino reconnected and has 80 seconds left.\n|player|p2|cabrino|depotagent|\n|inactive|Kaazuma has 60 seconds left.\n|inactive|Kaazuma has 30 seconds left.\n|c|\u2606cabrino|Good team bro\n|inactive|Kaazuma has 20 seconds left.\n|inactive|Kaazuma has 15 seconds left.\n|inactive|Kaazuma has 10 seconds left.\n|inactive|Kaazuma has 5 seconds left.\n|\n|t:|1776096276\n|teamsize|p1|4\n|teamsize|p2|4\n|start\n|switch|p1a: Sneasler|Sneasler, L50, F|100/100\n|switch|p1b: Kingambit|Kingambit, L50, M|100/100\n|switch|p2a: AeroNarfi|Aerodactyl, L50, F, shiny|100/100\n|switch|p2b: Pugsy Hunter|Sneasler, L50, M, shiny|100/100\n|-ability|p2a: AeroNarfi|Unnerve\n|turn|1\n|j| maliciousdeez\n|c|\u2606Kaazuma|thank you!\n|l| maliciousdeez\n|\n|t:|1776096295\n|move|p2b: Pugsy Hunter|Fake Out|p1a: Sneasler\n|-damage|p1a: Sneasler|77/100\n|cant|p1a: Sneasler|flinch\n|move|p2a: AeroNarfi|Tailwind|p2a: AeroNarfi\n|-sidestart|p2: cabrino|move: Tailwind\n|move|p1b: Kingambit|Swords Dance|p1b: Kingambit\n|-boost|p1b: Kingambit|atk|2\n|\n|upkeep\n|turn|2\n|\n|t:|1776096314\n|move|p1b: Kingambit|Protect|p1b: Kingambit\n|-singleturn|p1b: Kingambit|Protect\n|move|p2a: AeroNarfi|Dual Wingbeat|p1a: Sneasler\n|-supereffective|p1a: Sneasler|1\n|-damage|p1a: Sneasler|20/100\n|-supereffective|p1a: Sneasler|1\n|-damage|p1a: Sneasler|0 fnt\n|faint|p1a: Sneasler\n|-hitcount|p1: Sneasler|2\n|move|p2b: Pugsy Hunter|Close Combat|p1b: Kingambit\n|-activate|p1b: Kingambit|move: Protect\n|\n|upkeep\n|\n|t:|1776096320\n|switch|p1a: Farigiraf|Farigiraf, L50, M|100/100\n|turn|3\n|\n|t:|1776096327\n|move|p1a: Farigiraf|Helping Hand|p1b: Kingambit\n|-singleturn|p1b: Kingambit|Helping Hand|[of] p1a: Farigiraf\n|move|p1b: Kingambit|Sucker Punch|p2b: Pugsy Hunter\n|-resisted|p2b: Pugsy Hunter|1\n|-damage|p2b: Pugsy Hunter|0 fnt\n|faint|p2b: Pugsy Hunter\n|move|p2a: AeroNarfi|Rock Slide|p1b: Kingambit|[spread] p1a,p1b\n|-resisted|p1b: Kingambit|1\n|-crit|p1b: Kingambit\n|-damage|p1a: Farigiraf|77/100\n|-damage|p1b: Kingambit|86/100\n|\n|upkeep\n|\n|t:|1776096343\n|switch|p2b: Cabrizard|Charizard, L50, M, shiny|100/100\n|turn|4\n|\n|t:|1776096358\n|move|p1a: Farigiraf|Helping Hand|p1b: Kingambit\n|-singleturn|p1b: Kingambit|Helping Hand|[of] p1a: Farigiraf\n|move|p2b: Cabrizard|Protect|p2b: Cabrizard\n|-singleturn|p2b: Cabrizard|Protect\n|move|p1b: Kingambit|Sucker Punch||[still]\n|-fail|p1b: Kingambit\n|move|p2a: AeroNarfi|Rock Slide|p1b: Kingambit|[spread] p1a,p1b\n|-crit|p1a: Farigiraf\n|-resisted|p1b: Kingambit|1\n|-damage|p1a: Farigiraf|45/100\n|-damage|p1b: Kingambit|76/100\n|\n|-sideend|p2: cabrino|move: Tailwind\n|upkeep\n|turn|5\n|\n|t:|1776096377\n|detailschange|p2b: Cabrizard|Charizard-Mega-Y, L50, M, shiny\n|-mega|p2b: Cabrizard|Charizard|Charizardite Y\n|-weather|SunnyDay|[from] ability: Drought|[of] p2b: Cabrizard\n|move|p1a: Farigiraf|Helping Hand|p1b: Kingambit\n|-singleturn|p1b: Kingambit|Helping Hand|[of] p1a: Farigiraf\n|move|p1b: Kingambit|Sucker Punch|p2b: Cabrizard\n|-damage|p2b: Cabrizard|0 fnt\n|faint|p2b: Cabrizard\n|move|p2a: AeroNarfi|Rock Slide|p1b: Kingambit|[spread] p1a,p1b\n|-resisted|p1b: Kingambit|1\n|-damage|p1a: Farigiraf|23/100\n|-damage|p1b: Kingambit|66/100\n|\n|-weather|SunnyDay|[upkeep]\n|upkeep\n|\n|t:|1776096385\n|switch|p2b: Garchalipe|Garchomp, L50, M|100/100\n|turn|6\n|\n|t:|1776096397\n|move|p1b: Kingambit|Protect|p1b: Kingambit\n|-singleturn|p1b: Kingambit|Protect\n|move|p2a: AeroNarfi|Rock Slide|p1a: Farigiraf|[spread] p1a\n|-activate|p1b: Kingambit|move: Protect\n|-damage|p1a: Farigiraf|2/100\n|move|p2b: Garchalipe|Earthquake|p1a: Farigiraf|[spread] p1a\n|-activate|p1b: Kingambit|move: Protect\n|-immune|p2a: AeroNarfi\n|-damage|p1a: Farigiraf|0 fnt\n|faint|p1a: Farigiraf\n|\n|-weather|SunnyDay|[upkeep]\n|upkeep\n|\n|t:|1776096403\n|switch|p1a: Charizard|Charizard, L50, M|100/100\n|turn|7\n|\n|t:|1776096411\n|detailschange|p1a: Charizard|Charizard-Mega-Y, L50, M\n|-mega|p1a: Charizard|Charizard|Charizardite Y\n|move|p1b: Kingambit|Sucker Punch|p2b: Garchalipe\n|-damage|p2b: Garchalipe|7/100\n|-damage|p1b: Kingambit|54/100|[from] ability: Rough Skin|[of] p2b: Garchalipe\n|move|p2a: AeroNarfi|Rock Slide|p1b: Kingambit|[spread] p1a,p1b\n|-supereffective|p1a: Charizard|2\n|-resisted|p1b: Kingambit|1\n|-damage|p1a: Charizard|0 fnt\n|-damage|p1b: Kingambit|44/100\n|faint|p1a: Charizard\n|move|p2b: Garchalipe|Earthquake|p1b: Kingambit|[spread] p1b\n|-immune|p2a: AeroNarfi\n|-supereffective|p1b: Kingambit|1\n|-damage|p1b: Kingambit|0 fnt\n|faint|p1b: Kingambit\n|\n|win|cabrino\n|raw|Kaazuma's rating: 1398 &rarr; <strong>1382</strong><br />(-16 for losing)\n|raw|cabrino's rating: 1470 &rarr; <strong>1486</strong><br />(+16 for winning)\n|c|\u2606Kaazuma|gg\n|l|\u2606Kaazuma\n|player|p1|\n",
  "uploadtime": 1776096437,
  "views": 46,
  "formatid": "gen9championsvgc2026regma",
  "rating": 1382,
  "private": 0,
  "password": null
}