{
  "id": "gen9championsvgc2026regma-2587289598",
  "format": "[Gen 9 Champions] VGC 2026 Reg M-A",
  "players": [
    "Elnok",
    "FightingForNuggets"
  ],
  "log": "|j|\u2606Elnok\n|j|\u2606FightingForNuggets\n|t:|1776518740\n|gametype|doubles\n|player|p1|Elnok|170|1020\n|player|p2|FightingForNuggets|102|1000\n|gen|9\n|tier|[Gen 9 Champions] VGC 2026 Reg M-A\n|rated|\n|rule|Species Clause: Limit one of each Pok\u00e9mon\n|rule|Item Clause: Limit 1 of each item\n|clearpoke\n|poke|p1|Scovillain, L50, F|\n|poke|p1|Dragapult, L50, F|\n|poke|p1|Basculegion, L50, M|\n|poke|p1|Luxray, L50, F|\n|poke|p1|Aegislash, L50, M|\n|poke|p1|Castform, L50, M, shiny|\n|poke|p2|Aerodactyl, L50, F|\n|poke|p2|Sableye, L50, F|\n|poke|p2|Volcarona, L50, M|\n|poke|p2|Ninetales-Alola, L50, M|\n|poke|p2|Absol, L50, M|\n|poke|p2|Venusaur, L50, M|\n|teampreview|4\n|inactive|Battle timer is ON: inactive players will automatically lose when time's up. (requested by Elnok)\n|inactive|FightingForNuggets has 60 seconds left.\n|\n|t:|1776518781\n|teamsize|p1|4\n|teamsize|p2|4\n|start\n|switch|p1a: Scovillain|Scovillain, L50, F|100/100\n|switch|p1b: Dragapult|Dragapult, L50, F|100/100\n|switch|p2a: Ninetales|Ninetales-Alola, L50, M|100/100\n|switch|p2b: Volcarona|Volcarona, L50, M|100/100\n|-weather|Snowscape|[from] ability: Snow Warning|[of] p2a: Ninetales\n|turn|1\n|\n|t:|1776518805\n|move|p1a: Scovillain|Protect|p1a: Scovillain\n|-singleturn|p1a: Scovillain|Protect\n|move|p1b: Dragapult|Light Screen|p1b: Dragapult\n|-sidestart|p1: Elnok|move: Light Screen\n|move|p2a: Ninetales|Blizzard|p1a: Scovillain|[spread] p1b\n|-activate|p1a: Scovillain|move: Protect\n|-supereffective|p1b: Dragapult|1\n|-damage|p1b: Dragapult|33/100\n|move|p2b: Volcarona|Tailwind|p2b: Volcarona\n|-sidestart|p2: FightingForNuggets|move: Tailwind\n|\n|-weather|Snowscape|[upkeep]\n|-ability|p1a: Scovillain|Moody|boost\n|-boost|p1a: Scovillain|def|2\n|-unboost|p1a: Scovillain|spa|1\n|upkeep\n|turn|2\n|inactive|FightingForNuggets has 30 seconds left.\n|inactive|FightingForNuggets has 20 seconds left.\n|\n|t:|1776518842\n|switch|p2b: Absol|Absol, L50, M|100/100\n|detailschange|p1a: Scovillain|Scovillain-Mega, L50, F\n|-mega|p1a: Scovillain|Scovillain|Scovillainite\n|move|p2a: Ninetales|Aurora Veil|p2a: Ninetales\n|-sidestart|p2: FightingForNuggets|move: Aurora Veil\n|move|p1b: Dragapult|Reflect|p1b: Dragapult\n|-sidestart|p1: Elnok|Reflect\n|move|p1a: Scovillain|Leech Seed|p2a: Ninetales\n|-start|p2a: Ninetales|move: Leech Seed\n|\n|-weather|Snowscape|[upkeep]\n|-damage|p2a: Ninetales|88/100|[from] Leech Seed|[of] p1a: Scovillain\n|upkeep\n|turn|3\n|\n|t:|1776518861\n|switch|p1b: Luxray|Luxray, L50, F|100/100\n|detailschange|p2b: Absol|Absol-Mega, L50, M\n|-mega|p2b: Absol|Absol|Absolite\n|move|p2a: Ninetales|Blizzard|p1a: Scovillain|[spread] p1a,p1b\n|-damage|p1a: Scovillain|80/100\n|-damage|p1b: Luxray|66/100\n|-status|p2a: Ninetales|brn|[from] ability: Spicy Spray|[of] p1a: Scovillain\n|move|p2b: Absol|Swords Dance|p2b: Absol\n|-boost|p2b: Absol|atk|2\n|move|p1a: Scovillain|Leech Seed|p2b: Absol\n|move|p2b: Absol|Leech Seed|p1a: Scovillain|[from] ability: Magic Bounce\n|-immune|p1a: Scovillain\n|\n|-weather|Snowscape|[upkeep]\n|-damage|p2a: Ninetales|76/100 brn|[from] Leech Seed|[of] p1a: Scovillain\n|-heal|p1a: Scovillain|90/100|[silent]\n|-damage|p2a: Ninetales|70/100 brn|[from] brn\n|upkeep\n|turn|4\n|inactive|FightingForNuggets has 30 seconds left.\n|inactive|FightingForNuggets has 20 seconds left.\n|\n|t:|1776518897\n|move|p1a: Scovillain|Rage Powder|p1a: Scovillain\n|-singleturn|p1a: Scovillain|move: Rage Powder\n|move|p2a: Ninetales|Blizzard|p1b: Luxray|[spread] p1a,p1b\n|-damage|p1a: Scovillain|69/100\n|-damage|p1b: Luxray|36/100\n|move|p2b: Absol|Close Combat|p1a: Scovillain\n|-damage|p1a: Scovillain|36/100\n|-unboost|p2b: Absol|def|1\n|-unboost|p2b: Absol|spd|1\n|-status|p2b: Absol|brn|[from] ability: Spicy Spray|[of] p1a: Scovillain\n|move|p1b: Luxray|Discharge|p2a: Ninetales|[spread] p1a,p2a,p2b\n|-resisted|p1a: Scovillain|1\n|-damage|p1a: Scovillain|30/100\n|-damage|p2a: Ninetales|55/100 brn\n|-damage|p2b: Absol|72/100 brn\n|-status|p1b: Luxray|brn|[from] ability: Spicy Spray|[of] p1a: Scovillain\n|\n|-weather|Snowscape|[upkeep]\n|-damage|p2a: Ninetales|43/100 brn|[from] Leech Seed|[of] p1a: Scovillain\n|-heal|p1a: Scovillain|41/100|[silent]\n|-damage|p2a: Ninetales|37/100 brn|[from] brn\n|-damage|p2b: Absol|66/100 brn|[from] brn\n|-damage|p1b: Luxray|30/100 brn|[from] brn\n|-sideend|p2: FightingForNuggets|move: Tailwind\n|upkeep\n|turn|5\n|inactive|Elnok has 30 seconds left.\n|inactive|FightingForNuggets has 30 seconds left.\n|\n|t:|1776518930\n|switch|p2a: Sableye|Sableye, L50, F|100/100\n|move|p2b: Absol|Swords Dance|p2b: Absol\n|-boost|p2b: Absol|atk|2\n|move|p1b: Luxray|Facade|p2a: Sableye\n|-immune|p2a: Sableye\n|move|p1a: Scovillain|Leech Seed|p2b: Absol\n|move|p2b: Absol|Leech Seed|p1a: Scovillain|[from] ability: Magic Bounce\n|-immune|p1a: Scovillain\n|\n|-weather|none\n|-damage|p2b: Absol|60/100 brn|[from] brn\n|-damage|p1b: Luxray|24/100 brn|[from] brn\n|-sideend|p1: Elnok|move: Light Screen\n|upkeep\n|turn|6\n|inactive|FightingForNuggets has 30 seconds left.\n|\n|t:|1776518960\n|move|p1a: Scovillain|Rage Powder|p1a: Scovillain\n|-singleturn|p1a: Scovillain|move: Rage Powder\n|move|p2a: Sableye|Encore|p1a: Scovillain\n|-start|p1a: Scovillain|Encore\n|move|p2b: Absol|Iron Tail|p1a: Scovillain\n|-resisted|p1a: Scovillain|1\n|-damage|p1a: Scovillain|30/100\n|move|p1b: Luxray|Facade|p2b: Absol\n|-damage|p2b: Absol|0 fnt\n|faint|p2b: Absol\n|\n|-damage|p1b: Luxray|18/100 brn|[from] brn\n|-sideend|p1: Elnok|Reflect\n|-sideend|p2: FightingForNuggets|move: Aurora Veil\n|upkeep\n|\n|t:|1776518975\n|switch|p2b: Volcarona|Volcarona, L50, M|100/100\n|turn|7\n|\n|t:|1776518999\n|switch|p2a: Ninetales|Ninetales-Alola, L50, M|37/100 brn\n|-weather|Snowscape|[from] ability: Snow Warning|[of] p2a: Ninetales\n|move|p1a: Scovillain|Rage Powder|p1a: Scovillain\n|-singleturn|p1a: Scovillain|move: Rage Powder\n|move|p1b: Luxray|Facade|p2b: Volcarona\n|-damage|p2b: Volcarona|24/100\n|move|p2b: Volcarona|Heat Wave|p1b: Luxray|[spread] p1a,p1b\n|-damage|p1a: Scovillain|0 fnt\n|-damage|p1b: Luxray|0 fnt\n|-immune|p2b: Volcarona\n|faint|p1a: Scovillain\n|faint|p1b: Luxray\n|\n|-weather|Snowscape|[upkeep]\n|-damage|p2a: Ninetales|31/100 brn|[from] brn\n|upkeep\n|\n|t:|1776519012\n|switch|p1b: Dragapult|Dragapult, L50, F|33/100\n|switch|p1a: Basculegion|Basculegion, L50, M|100/100\n|turn|8\n|\n|t:|1776519024\n|switch|p2a: Sableye|Sableye, L50, F|100/100\n|move|p1a: Basculegion|Last Respects|p2a: Sableye\n|-damage|p2a: Sableye|14/100\n|move|p1b: Dragapult|Dragon Darts|p2b: Volcarona\n|-damage|p2b: Volcarona|4/100\n|-anim|p1b: Dragapult|Dragon Darts|p2a: Sableye\n|-damage|p2a: Sableye|0 fnt\n|faint|p2a: Sableye\n|move|p2b: Volcarona|Tailwind|p2b: Volcarona\n|-sidestart|p2: FightingForNuggets|move: Tailwind\n|\n|-weather|Snowscape|[upkeep]\n|upkeep\n|\n|t:|1776519036\n|switch|p2a: Ninetales|Ninetales-Alola, L50, M|31/100 brn\n|turn|9\n|\n|t:|1776519054\n|move|p2a: Ninetales|Freeze-Dry|p1a: Basculegion\n|-supereffective|p1a: Basculegion|1\n|-damage|p1a: Basculegion|39/100\n|move|p2b: Volcarona|Psychic|p1b: Dragapult\n|-damage|p1b: Dragapult|0 fnt\n|-start|p2b: Volcarona|Disable|Psychic|[from] ability: Cursed Body|[of] p1b: Dragapult\n|faint|p1b: Dragapult\n|move|p1a: Basculegion|Last Respects|p2a: Ninetales\n|-damage|p2a: Ninetales|0 fnt\n|faint|p2a: Ninetales\n|\n|-weather|Snowscape|[upkeep]\n|upkeep\n|turn|10\n|\n|t:|1776519068\n|move|p2b: Volcarona|Heat Wave|p1a: Basculegion\n|-resisted|p1a: Basculegion|1\n|-damage|p1a: Basculegion|14/100\n|-status|p1a: Basculegion|brn\n|move|p1a: Basculegion|Last Respects|p2b: Volcarona\n|-damage|p2b: Volcarona|0 fnt\n|faint|p2b: Volcarona\n|\n|win|Elnok\n|raw|Elnok's rating: 1020 &rarr; <strong>1055</strong><br />(+35 for winning)\n|raw|FightingForNuggets's rating: 1000 &rarr; <strong>1000</strong><br />(+0 for losing)\n|c|\u2606FightingForNuggets|gg\n|c|\u2606Elnok|GG\n|l|\u2606FightingForNuggets\n|player|p2|\n",
  "uploadtime": 1776519094,
  "views": 16,
  "formatid": "gen9championsvgc2026regma",
  "rating": 1000,
  "private": 0,
  "password": null
}