{
  "id": "gen9championsvgc2026regma-2581794843",
  "format": "[Gen 9 Champions] VGC 2026 Reg M-A",
  "players": [
    "Champions-Mega",
    "toasterovens123"
  ],
  "log": "|j|\u2606Champions-Mega\n|j|\u2606toasterovens123\n|t:|1776028985\n|gametype|doubles\n|player|p1|Champions-Mega|265|1050\n|player|p2|toasterovens123|170|1014\n|gen|9\n|tier|[Gen 9 Champions] VGC 2026 Reg M-A\n|rated|\n|rule|Species Clause: Limit one of each Pok\u00e9mon\n|rule|Item Clause: Limit 1 of each item\n|clearpoke\n|poke|p1|Gengar, L50, F|\n|poke|p1|Arcanine-Hisui, L50, F|\n|poke|p1|Hydrapple, L50, F|\n|poke|p1|Floette-Eternal, L50, F|\n|poke|p1|Maushold-Four, L50|\n|poke|p1|Samurott-Hisui, L50, M|\n|poke|p2|Charizard, L50, F|\n|poke|p2|Venusaur, L50, F|\n|poke|p2|Aerodactyl, L50, F|\n|poke|p2|Rotom-Wash, L50|\n|poke|p2|Whimsicott, L50, M|\n|poke|p2|Garchomp, L50, M|\n|teampreview|4\n|inactive|Battle timer is ON: inactive players will automatically lose when time's up. (requested by Champions-Mega)\n|inactive|toasterovens123 has 60 seconds left.\n|\n|t:|1776029034\n|teamsize|p1|4\n|teamsize|p2|4\n|start\n|switch|p1a: Gengar|Gengar, L50, F, shiny|100/100\n|switch|p1b: Arcanine|Arcanine-Hisui, L50, F, shiny|100/100\n|switch|p2a: Whimsicott|Whimsicott, L50, M|100/100\n|switch|p2b: Venusaur|Venusaur, L50, F|100/100\n|-ability|p1b: Arcanine|Intimidate|boost\n|-unboost|p2a: Whimsicott|atk|1\n|-unboost|p2b: Venusaur|atk|1\n|turn|1\n|inactive|toasterovens123 has 30 seconds left.\n|\n|t:|1776029066\n|switch|p2b: Rotom|Rotom-Wash, L50|100/100\n|move|p2a: Whimsicott|Protect|p2a: Whimsicott\n|-singleturn|p2a: Whimsicott|Protect\n|move|p1a: Gengar|Icy Wind|p2a: Whimsicott|[spread] \n|-activate|p2a: Whimsicott|move: Protect\n|-miss|p1a: Gengar|p2b: Rotom\n|move|p1b: Arcanine|Rock Slide|p2a: Whimsicott|[spread] p2b\n|-activate|p2a: Whimsicott|move: Protect\n|-damage|p2b: Rotom|60/100\n|\n|upkeep\n|turn|2\n|inactive|Champions-Mega has 30 seconds left.\n|\n|t:|1776029097\n|switch|p1b: Floette|Floette-Eternal, L50, F|100/100\n|move|p2a: Whimsicott|Tailwind|p2a: Whimsicott\n|-sidestart|p2: toasterovens123|move: Tailwind\n|move|p2b: Rotom|Hydro Pump|p1b: Floette\n|-damage|p1b: Floette|46/100\n|move|p1a: Gengar|Icy Wind|p2a: Whimsicott|[spread] p2a,p2b\n|-supereffective|p2a: Whimsicott|1\n|-resisted|p2b: Rotom|1\n|-damage|p2a: Whimsicott|66/100\n|-damage|p2b: Rotom|50/100\n|-unboost|p2a: Whimsicott|spe|1\n|-unboost|p2b: Rotom|spe|1\n|\n|upkeep\n|turn|3\n|inactive|toasterovens123 has 30 seconds left.\n|inactive|toasterovens123 has 20 seconds left.\n|\n|t:|1776029134\n|move|p2a: Whimsicott|Protect|p2a: Whimsicott\n|-singleturn|p2a: Whimsicott|Protect\n|move|p1b: Floette|Protect|p1b: Floette\n|-singleturn|p1b: Floette|Protect\n|move|p2b: Rotom|Hydro Pump|p1b: Floette\n|-activate|p1b: Floette|move: Protect\n|move|p1a: Gengar|Icy Wind|p2a: Whimsicott|[spread] p2b\n|-activate|p2a: Whimsicott|move: Protect\n|-resisted|p2b: Rotom|1\n|-damage|p2b: Rotom|41/100\n|-unboost|p2b: Rotom|spe|1\n|\n|upkeep\n|turn|4\n|\n|t:|1776029158\n|switch|p2a: Venusaur|Venusaur, L50, F|100/100\n|detailschange|p1b: Floette|Floette-Mega, L50, F\n|-mega|p1b: Floette|Floette|Floettite\n|-ability|p1b: Floette|Fairy Aura\n|move|p1a: Gengar|Icy Wind|p2a: Venusaur|[spread] p2b\n|-miss|p1a: Gengar|p2a: Venusaur\n|-resisted|p2b: Rotom|1\n|-damage|p2b: Rotom|31/100\n|-unboost|p2b: Rotom|spe|1\n|move|p1b: Floette|Draining Kiss|p2b: Rotom\n|-damage|p2b: Rotom|0 fnt\n|-heal|p1b: Floette|65/100|[from] drain|[of] p2b: Rotom\n|faint|p2b: Rotom\n|\n|upkeep\n|\n|t:|1776029172\n|switch|p2b: Charizard|Charizard, L50, F|100/100\n|turn|5\n|\n|t:|1776029190\n|detailschange|p2b: Charizard|Charizard-Mega-Y, L50, F\n|-mega|p2b: Charizard|Charizard|Charizardite Y\n|-weather|SunnyDay|[from] ability: Drought|[of] p2b: Charizard\n|move|p2a: Venusaur|Sludge Bomb|p1b: Floette\n|-supereffective|p1b: Floette|1\n|-damage|p1b: Floette|0 fnt\n|faint|p1b: Floette\n|move|p2b: Charizard|Heat Wave|p1a: Gengar\n|-damage|p1a: Gengar|0 fnt\n|faint|p1a: Gengar\n|\n|-weather|SunnyDay|[upkeep]\n|-sideend|p2: toasterovens123|move: Tailwind\n|upkeep\n|\n|t:|1776029201\n|switch|p1a: Hydrapple|Hydrapple, L50, F|100/100\n|switch|p1b: Arcanine|Arcanine-Hisui, L50, F, shiny|100/100\n|-ability|p1b: Arcanine|Intimidate|boost\n|-unboost|p2a: Venusaur|atk|1\n|-unboost|p2b: Charizard|atk|1\n|-ability|p1a: Hydrapple|Supersweet Syrup\n|-unboost|p2a: Venusaur|evasion|1\n|-unboost|p2b: Charizard|evasion|1\n|turn|6\n|inactive|toasterovens123 has 30 seconds left.\n|inactive|toasterovens123 has 20 seconds left.\n|inactive|toasterovens123 has 15 seconds left.\n|inactive|toasterovens123 has 10 seconds left.\n|\n|t:|1776029247\n|move|p2a: Venusaur|Giga Drain|p1b: Arcanine\n|-damage|p1b: Arcanine|57/100\n|move|p2b: Charizard|Heat Wave|p1a: Hydrapple|[spread] p1a,p1b\n|-resisted|p1b: Arcanine|2\n|-damage|p1a: Hydrapple|22/100\n|-damage|p1b: Arcanine|37/100\n|move|p1b: Arcanine|Rock Slide|p2a: Venusaur|[spread] p2a,p2b\n|-supereffective|p2b: Charizard|2\n|-damage|p2a: Venusaur|62/100\n|-damage|p2b: Charizard|0 fnt\n|faint|p2b: Charizard\n|move|p1a: Hydrapple|Fickle Beam|p2a: Venusaur\n|-damage|p2a: Venusaur|11/100\n|-enditem|p2a: Venusaur|Sitrus Berry|[eat]\n|-heal|p2a: Venusaur|35/100|[from] item: Sitrus Berry\n|\n|-weather|SunnyDay|[upkeep]\n|upkeep\n|\n|t:|1776029261\n|switch|p2b: Whimsicott|Whimsicott, L50, M|66/100\n|turn|7\n|\n|t:|1776029279\n|move|p1b: Arcanine|Extreme Speed|p2a: Venusaur\n|-damage|p2a: Venusaur|0 fnt\n|faint|p2a: Venusaur\n|move|p2b: Whimsicott|Moonblast|p1a: Hydrapple\n|-supereffective|p1a: Hydrapple|1\n|-damage|p1a: Hydrapple|0 fnt\n|faint|p1a: Hydrapple\n|\n|-weather|SunnyDay|[upkeep]\n|upkeep\n|turn|8\n|inactive|toasterovens123 has 30 seconds left.\n|\n|t:|1776029311\n|move|p2b: Whimsicott|Moonblast|p1b: Arcanine\n|-resisted|p1b: Arcanine|1\n|-damage|p1b: Arcanine|22/100\n|move|p1b: Arcanine|Flare Blitz|p2b: Whimsicott\n|-supereffective|p2b: Whimsicott|1\n|-damage|p2b: Whimsicott|0 fnt\n|faint|p2b: Whimsicott\n|-damage|p1b: Arcanine|5/100|[from] Recoil\n|\n|win|Champions-Mega\n|raw|Champions-Mega's rating: 1050 &rarr; <strong>1079</strong><br />(+29 for winning)\n|raw|toasterovens123's rating: 1014 &rarr; <strong>1003</strong><br />(-11 for losing)\n",
  "uploadtime": 1776029321,
  "views": 19,
  "formatid": "gen9championsvgc2026regma",
  "rating": 1003,
  "private": 0,
  "password": null
}