{
  "id": "gen9championsvgc2026regma-2587635047",
  "format": "[Gen 9 Champions] VGC 2026 Reg M-A",
  "players": [
    "FernandaXP",
    "prawnwizard"
  ],
  "log": "|j|\u2606FernandaXP\n|j|\u2606prawnwizard\n|t:|1776548988\n|gametype|doubles\n|player|p1|FernandaXP|boarder|1426\n|player|p2|prawnwizard|harlequin|1404\n|gen|9\n|tier|[Gen 9 Champions] VGC 2026 Reg M-A\n|rated|\n|rule|Species Clause: Limit one of each Pok\u00e9mon\n|rule|Item Clause: Limit 1 of each item\n|clearpoke\n|poke|p1|Froslass, L50, F|\n|poke|p1|Orthworm, L50, F|\n|poke|p1|Garchomp, L50, M|\n|poke|p1|Basculegion, L50, M|\n|poke|p1|Incineroar, L50, F|\n|poke|p1|Rotom-Frost, L50|\n|poke|p2|Floette-Eternal, L50, F|\n|poke|p2|Dragapult, L50, M|\n|poke|p2|Rotom-Wash, L50|\n|poke|p2|Arcanine-Hisui, L50, F|\n|poke|p2|Sneasler, L50, M|\n|poke|p2|Kingambit, L50, M|\n|teampreview|4\n|inactive|Battle timer is ON: inactive players will automatically lose when time's up. (requested by prawnwizard)\n|inactive|FernandaXP has 60 seconds left.\n|inactive|prawnwizard has 60 seconds left.\n|\n|t:|1776549047\n|teamsize|p1|4\n|teamsize|p2|4\n|start\n|switch|p1a: Froslass|Froslass, L50, F|100/100\n|switch|p1b: Garchomp|Garchomp, L50, M|100/100\n|switch|p2a: Arcanine|Arcanine-Hisui, L50, F|100/100\n|switch|p2b: Dragapult|Dragapult, L50, M|100/100\n|turn|1\n|\n|t:|1776549073\n|switch|p2a: Rotom|Rotom-Wash, L50|100/100\n|switch|p1b: Incineroar|Incineroar, L50, F|100/100\n|-ability|p1b: Incineroar|Intimidate|boost\n|-unboost|p2a: Rotom|atk|1\n|-unboost|p2b: Dragapult|atk|1\n|move|p1a: Froslass|Protect|p1a: Froslass\n|-singleturn|p1a: Froslass|Protect\n|move|p2b: Dragapult|Will-O-Wisp|p1b: Incineroar\n|-immune|p1b: Incineroar\n|\n|upkeep\n|turn|2\n|inactive|FernandaXP has 30 seconds left.\n|inactive|FernandaXP has 20 seconds left.\n|\n|t:|1776549112\n|detailschange|p1a: Froslass|Froslass-Mega, L50, F\n|-mega|p1a: Froslass|Froslass|Froslassite\n|-weather|Snowscape|[from] ability: Snow Warning|[of] p1a: Froslass\n|move|p1b: Incineroar|Fake Out|p2a: Rotom\n|-damage|p2a: Rotom|88/100\n|move|p2b: Dragapult|Thunder Wave|p1a: Froslass\n|-status|p1a: Froslass|par\n|cant|p2a: Rotom|flinch\n|move|p1a: Froslass|Shadow Ball|p2b: Dragapult\n|-supereffective|p2b: Dragapult|1\n|-enditem|p2b: Dragapult|Focus Sash\n|-damage|p2b: Dragapult|1/100\n|-start|p1a: Froslass|Disable|Shadow Ball|[from] ability: Cursed Body|[of] p2b: Dragapult\n|\n|-weather|Snowscape|[upkeep]\n|-heal|p2a: Rotom|93/100|[from] item: Leftovers\n|upkeep\n|turn|3\n|inactive|FernandaXP has 30 seconds left.\n|inactive|FernandaXP has 20 seconds left.\n|\n|t:|1776549149\n|move|p1a: Froslass|Protect|p1a: Froslass\n|-singleturn|p1a: Froslass|Protect\n|move|p2b: Dragapult|Hex|p1a: Froslass\n|-activate|p1a: Froslass|move: Protect\n|move|p2a: Rotom|Hydro Pump|p1b: Incineroar\n|-supereffective|p1b: Incineroar|1\n|-damage|p1b: Incineroar|23/100\n|move|p1b: Incineroar|Darkest Lariat|p2b: Dragapult\n|-supereffective|p2b: Dragapult|1\n|-damage|p2b: Dragapult|0 fnt\n|faint|p2b: Dragapult\n|\n|-weather|Snowscape|[upkeep]\n|-heal|p2a: Rotom|99/100|[from] item: Leftovers\n|upkeep\n|\n|t:|1776549156\n|switch|p2b: Arcanine|Arcanine-Hisui, L50, F|100/100\n|turn|4\n|\n|t:|1776549171\n|switch|p1a: Garchomp|Garchomp, L50, M|100/100\n|move|p2b: Arcanine|Flare Blitz|p1a: Garchomp\n|-resisted|p1a: Garchomp|1\n|-damage|p1a: Garchomp|69/100\n|-damage|p2b: Arcanine|88/100|[from] ability: Rough Skin|[of] p1a: Garchomp\n|move|p2a: Rotom|Hydro Pump|p1b: Incineroar\n|-supereffective|p1b: Incineroar|1\n|-damage|p1b: Incineroar|0 fnt\n|faint|p1b: Incineroar\n|\n|-weather|Snowscape|[upkeep]\n|-heal|p2a: Rotom|100/100|[from] item: Leftovers\n|upkeep\n|\n|t:|1776549188\n|switch|p1b: Basculegion|Basculegion, L50, M|100/100\n|turn|5\n|\n|t:|1776549205\n|move|p1b: Basculegion|Wave Crash|p2b: Arcanine\n|-supereffective|p2b: Arcanine|2\n|-crit|p2b: Arcanine\n|-damage|p2b: Arcanine|0 fnt\n|faint|p2b: Arcanine\n|-damage|p1b: Basculegion|76/100|[from] Recoil\n|move|p1a: Garchomp|Dragon Claw|p2a: Rotom\n|-crit|p2a: Rotom\n|-damage|p2a: Rotom|36/100\n|move|p2a: Rotom|Thunderbolt|p1b: Basculegion\n|-supereffective|p1b: Basculegion|1\n|-crit|p1b: Basculegion\n|-damage|p1b: Basculegion|0 fnt\n|faint|p1b: Basculegion\n|\n|-weather|Snowscape|[upkeep]\n|-heal|p2a: Rotom|41/100|[from] item: Leftovers\n|upkeep\n|\n|t:|1776549221\n|switch|p1b: Froslass|Froslass-Mega, L50, F|100/100 par\n|switch|p2b: Floette|Floette-Eternal, L50, F|100/100\n|turn|6\n|\n|t:|1776549240\n|detailschange|p2b: Floette|Floette-Mega, L50, F\n|-mega|p2b: Floette|Floette|Floettite\n|-ability|p2b: Floette|Fairy Aura\n|move|p2a: Rotom|Protect|p2a: Rotom\n|-singleturn|p2a: Rotom|Protect\n|move|p1a: Garchomp|Rock Slide|p2b: Floette|[spread] p2b\n|-activate|p2a: Rotom|move: Protect\n|-damage|p2b: Floette|81/100\n|move|p2b: Floette|Dazzling Gleam|p1a: Garchomp|[spread] p1a,p1b\n|-supereffective|p1a: Garchomp|1\n|-damage|p1a: Garchomp|0 fnt\n|-damage|p1b: Froslass|36/100 par\n|faint|p1a: Garchomp\n|move|p1b: Froslass|Blizzard|p2b: Floette|[spread] p2b\n|-activate|p2a: Rotom|move: Protect\n|-damage|p2b: Floette|46/100\n|-status|p2b: Floette|frz\n|\n|-weather|none\n|-heal|p2a: Rotom|47/100|[from] item: Leftovers\n|upkeep\n|turn|7\n|\n|t:|1776549263\n|cant|p2b: Floette|frz\n|move|p2a: Rotom|Thunderbolt|p1b: Froslass\n|-damage|p1b: Froslass|0 fnt\n|faint|p1b: Froslass\n|\n|win|prawnwizard\n|raw|FernandaXP's rating: 1426 &rarr; <strong>1405</strong><br />(-21 for losing)\n|raw|prawnwizard's rating: 1404 &rarr; <strong>1425</strong><br />(+21 for winning)\n|l|\u2606prawnwizard\n|player|p2|\n|l|\u2606FernandaXP\n|player|p1|\n",
  "uploadtime": 1776549348,
  "views": 17,
  "formatid": "gen9championsvgc2026regma",
  "rating": 1405,
  "private": 0,
  "password": null
}