{
  "id": "gen9championsvgc2026regma-2588499676",
  "format": "[Gen 9 Champions] VGC 2026 Reg M-A",
  "players": [
    "jijijiji69696969",
    "Pixu_2809"
  ],
  "log": "|j|\u2606jijijiji69696969\n|j|\u2606Pixu_2809\n|t:|1776639120\n|gametype|doubles\n|player|p1|jijijiji69696969|blaine|1151\n|player|p2|Pixu_2809|265|1111\n|gen|9\n|tier|[Gen 9 Champions] VGC 2026 Reg M-A\n|rated|\n|rule|Species Clause: Limit one of each Pok\u00e9mon\n|rule|Item Clause: Limit 1 of each item\n|clearpoke\n|poke|p1|Meganium, L50, F|\n|poke|p1|Archaludon, L50, M|\n|poke|p1|Incineroar, L50, F|\n|poke|p1|Politoed, L50, F|\n|poke|p1|Whimsicott, L50, F|\n|poke|p1|Beedrill, L50, F|\n|poke|p2|Pelipper, L50, F|\n|poke|p2|Archaludon, L50, M|\n|poke|p2|Incineroar, L50, M|\n|poke|p2|Rotom-Wash, L50|\n|poke|p2|Meganium, L50, F|\n|poke|p2|Sneasler, L50, M|\n|teampreview|4\n|\n|t:|1776639164\n|teamsize|p1|4\n|teamsize|p2|4\n|start\n|switch|p1a: Archaludon|Archaludon, L50, M|100/100\n|switch|p1b: Politoed|Politoed, L50, F|100/100\n|switch|p2a: Incineroar|Incineroar, L50, M|100/100\n|switch|p2b: Sneasler|Sneasler, L50, M|100/100\n|-weather|RainDance|[from] ability: Drizzle|[of] p1b: Politoed\n|-ability|p2a: Incineroar|Intimidate|boost\n|-unboost|p1a: Archaludon|atk|1\n|-unboost|p1b: Politoed|atk|1\n|turn|1\n|\n|t:|1776639179\n|move|p1b: Politoed|Protect|p1b: Politoed\n|-singleturn|p1b: Politoed|Protect\n|move|p1a: Archaludon|Protect|p1a: Archaludon\n|-singleturn|p1a: Archaludon|Protect\n|move|p2b: Sneasler|Fake Out|p1b: Politoed\n|-activate|p1b: Politoed|move: Protect\n|move|p2a: Incineroar|Fake Out|p1a: Archaludon\n|-activate|p1a: Archaludon|move: Protect\n|\n|-weather|RainDance|[upkeep]\n|upkeep\n|turn|2\n|\n|t:|1776639205\n|switch|p1a: Whimsicott|Whimsicott, L50, F|100/100\n|move|p2b: Sneasler|Close Combat|p1a: Whimsicott\n|-resisted|p1a: Whimsicott|1\n|-damage|p1a: Whimsicott|50/100\n|-unboost|p2b: Sneasler|def|1\n|-unboost|p2b: Sneasler|spd|1\n|-enditem|p2b: Sneasler|White Herb\n|-clearnegativeboost|p2b: Sneasler|[silent]\n|move|p1b: Politoed|Weather Ball|p2b: Sneasler\n|-damage|p2b: Sneasler|0 fnt\n|faint|p2b: Sneasler\n|move|p2a: Incineroar|Darkest Lariat|p1a: Whimsicott\n|-resisted|p1a: Whimsicott|1\n|-damage|p1a: Whimsicott|18/100\n|\n|-weather|RainDance|[upkeep]\n|upkeep\n|\n|t:|1776639223\n|switch|p2b: Rotom|Rotom-Wash, L50|100/100\n|turn|3\n|\n|t:|1776639229\n|move|p1a: Whimsicott|Tailwind|p1a: Whimsicott\n|-sidestart|p1: jijijiji69696969|move: Tailwind\n|move|p1b: Politoed|Weather Ball|p2a: Incineroar\n|-supereffective|p2a: Incineroar|1\n|-damage|p2a: Incineroar|0 fnt\n|faint|p2a: Incineroar\n|move|p2b: Rotom|Thunder|p1b: Politoed\n|-supereffective|p1b: Politoed|1\n|-damage|p1b: Politoed|0 fnt\n|faint|p1b: Politoed\n|\n|-weather|RainDance|[upkeep]\n|upkeep\n|\n|t:|1776639242\n|switch|p1b: Beedrill|Beedrill, L50, F|100/100\n|switch|p2a: Pelipper|Pelipper, L50, F|100/100\n|turn|4\n|\n|t:|1776639259\n|detailschange|p1b: Beedrill|Beedrill-Mega, L50, F\n|-mega|p1b: Beedrill|Beedrill|Beedrillite\n|move|p1b: Beedrill|Poison Jab|p2a: Pelipper\n|-damage|p2a: Pelipper|20/100\n|move|p1a: Whimsicott|Moonblast|p2a: Pelipper\n|-damage|p2a: Pelipper|0 fnt\n|faint|p2a: Pelipper\n|move|p2b: Rotom|Thunder|p1b: Beedrill\n|-damage|p1b: Beedrill|24/100\n|-status|p1b: Beedrill|par\n|\n|-weather|RainDance|[upkeep]\n|upkeep\n|turn|5\n|\n|t:|1776639279\n|move|p1a: Whimsicott|Moonblast|p2b: Rotom\n|-crit|p2b: Rotom\n|-damage|p2b: Rotom|24/100\n|-unboost|p2b: Rotom|spa|1\n|move|p1b: Beedrill|Poison Jab|p2b: Rotom\n|-damage|p2b: Rotom|0 fnt\n|faint|p2b: Rotom\n|\n|win|jijijiji69696969\n|raw|jijijiji69696969's rating: 1151 &rarr; <strong>1173</strong><br />(+22 for winning)\n|raw|Pixu_2809's rating: 1111 &rarr; <strong>1089</strong><br />(-22 for losing)\n|l|\u2606Pixu_2809\n|player|p2|\n",
  "uploadtime": 1776639352,
  "views": 7,
  "formatid": "gen9championsvgc2026regma",
  "rating": 1089,
  "private": 0,
  "password": null
}