{
  "id": "gen9championsvgc2026regma-2582959404",
  "format": "[Gen 9 Champions] VGC 2026 Reg M-A",
  "players": [
    "Playinhdisgaem4fun",
    "fashoooo"
  ],
  "log": "|j|\u2606Playinhdisgaem4fun\n|j|\u2606fashoooo\n|t:|1776128553\n|gametype|doubles\n|player|p1|Playinhdisgaem4fun|maid-gen6|1000\n|player|p2|fashoooo|calaba|1098\n|gen|9\n|tier|[Gen 9 Champions] VGC 2026 Reg M-A\n|rated|\n|rule|Species Clause: Limit one of each Pok\u00e9mon\n|rule|Item Clause: Limit 1 of each item\n|clearpoke\n|poke|p1|Pelipper, L50, F|\n|poke|p1|Basculegion, L50, M|\n|poke|p1|Incineroar, L50, F|\n|poke|p1|Sneasler, L50, F|\n|poke|p2|Charizard, L50, M|\n|poke|p2|Whimsicott, L50, F|\n|poke|p2|Garchomp, L50, M|\n|poke|p2|Incineroar, L50, F|\n|poke|p2|Venusaur, L50, M|\n|poke|p2|Sneasler, L50, M|\n|teampreview|4\n|inactive|Battle timer is ON: inactive players will automatically lose when time's up. (requested by Playinhdisgaem4fun)\nPlayinhdisgaem4fun rejected open team sheets.\n|inactive|fashoooo has 60 seconds left.\n|\n|t:|1776128588\n|teamsize|p1|4\n|teamsize|p2|4\n|start\n|switch|p1a: Incineroar|Incineroar, L50, F|100/100\n|switch|p1b: Basculegion|Basculegion, L50, M|100/100\n|switch|p2a: Charizard|Charizard, L50, M, shiny|100/100\n|switch|p2b: Venusaur|Venusaur, L50, M, shiny|100/100\n|-ability|p1a: Incineroar|Intimidate|boost\n|-unboost|p2a: Charizard|atk|1\n|-unboost|p2b: Venusaur|atk|1\n|turn|1\n|\n|t:|1776128606\n|switch|p2a: Incineroar|Incineroar, L50, F|100/100\n|-ability|p2a: Incineroar|Intimidate|boost\n|-unboost|p1a: Incineroar|atk|1\n|-unboost|p1b: Basculegion|atk|1\n|move|p1a: Incineroar|Fake Out|p2a: Incineroar\n|-damage|p2a: Incineroar|95/100\n|move|p1b: Basculegion|Wave Crash|p2a: Incineroar\n|-supereffective|p2a: Incineroar|1\n|-damage|p2a: Incineroar|20/100\n|-enditem|p2a: Incineroar|Sitrus Berry|[eat]\n|-heal|p2a: Incineroar|45/100|[from] item: Sitrus Berry\n|-damage|p1b: Basculegion|75/100|[from] Recoil\n|move|p2b: Venusaur|Earth Power|p1a: Incineroar\n|-supereffective|p1a: Incineroar|1\n|-damage|p1a: Incineroar|61/100\n|\n|upkeep\n|turn|2\n|\n|t:|1776128629\n|switch|p1b: Pelipper|Pelipper, L50, F|100/100\n|-weather|RainDance|[from] ability: Drizzle|[of] p1b: Pelipper\n|switch|p2a: Whimsicott|Whimsicott, L50, F, shiny|100/100\n|move|p2b: Venusaur|Leaf Storm|p1b: Pelipper\n|-crit|p1b: Pelipper\n|-enditem|p1b: Pelipper|Focus Sash\n|-damage|p1b: Pelipper|1/100\n|-unboost|p2b: Venusaur|spa|2\n|move|p1a: Incineroar|Parting Shot|p2b: Venusaur\n|-unboost|p2b: Venusaur|atk|1\n|-unboost|p2b: Venusaur|spa|1\n|\n|t:|1776128639\n|switch|p1a: Basculegion|Basculegion, L50, M|75/100|[from] Parting Shot\n|\n|-weather|RainDance|[upkeep]\n|upkeep\n|turn|3\n|inactive|Playinhdisgaem4fun has 30 seconds left.\n|inactive|Playinhdisgaem4fun has 20 seconds left.\n|\n|t:|1776128674\n|switch|p2b: Incineroar|Incineroar, L50, F|45/100\n|-ability|p2b: Incineroar|Intimidate|boost\n|-unboost|p1a: Basculegion|atk|1\n|-unboost|p1b: Pelipper|atk|1\n|move|p1b: Pelipper|Protect|p1b: Pelipper\n|-singleturn|p1b: Pelipper|Protect\n|move|p2a: Whimsicott|Tailwind|p2a: Whimsicott\n|-sidestart|p2: fashoooo|move: Tailwind\n|move|p1a: Basculegion|Psychic Fangs|p2b: Incineroar\n|-immune|p2b: Incineroar\n|\n|-weather|RainDance|[upkeep]\n|upkeep\n|turn|4\n|inactive|fashoooo has 30 seconds left.\n|\n|t:|1776128704\n|switch|p1a: Incineroar|Incineroar, L50, F|61/100\n|-ability|p1a: Incineroar|Intimidate|boost\n|-unboost|p2a: Whimsicott|atk|1\n|-unboost|p2b: Incineroar|atk|1\n|switch|p1b: Sneasler|Sneasler, L50, F|100/100\n|move|p2a: Whimsicott|Moonblast|p1b: Sneasler\n|-damage|p1b: Sneasler|63/100\n|-unboost|p1b: Sneasler|spa|1\n|-enditem|p1b: Sneasler|White Herb\n|-clearnegativeboost|p1b: Sneasler|[silent]\n|move|p2b: Incineroar|Throat Chop|p1a: Incineroar\n|-resisted|p1a: Incineroar|1\n|-damage|p1a: Incineroar|50/100\n|-start|p1a: Incineroar|Throat Chop|[silent]\n|-enditem|p1a: Incineroar|Sitrus Berry|[eat]\n|-heal|p1a: Incineroar|75/100|[from] item: Sitrus Berry\n|\n|-weather|RainDance|[upkeep]\n|upkeep\n|turn|5\n|inactive|fashoooo has 30 seconds left.\n|inactive|fashoooo has 20 seconds left.\n|inactive|fashoooo has 15 seconds left.\n|\n|t:|1776128744\n|switch|p2a: Charizard|Charizard, L50, M, shiny|100/100\n|switch|p2b: Venusaur|Venusaur, L50, M, shiny|100/100\n|move|p1a: Incineroar|Fake Out|p2b: Venusaur\n|-crit|p2b: Venusaur\n|-damage|p2b: Venusaur|77/100\n|move|p1b: Sneasler|Dire Claw|p2a: Charizard\n|-damage|p2a: Charizard|32/100\n|\n|-weather|RainDance|[upkeep]\n|-end|p1a: Incineroar|Throat Chop|[silent]\n|upkeep\n|turn|6\n|inactive|Playinhdisgaem4fun has 30 seconds left.\n|inactive|Playinhdisgaem4fun has 20 seconds left.\n|\n|t:|1776128782\n|detailschange|p2a: Charizard|Charizard-Mega-Y, L50, M, shiny\n|-mega|p2a: Charizard|Charizard|Charizardite Y\n|-weather|SunnyDay|[from] ability: Drought|[of] p2a: Charizard\n|move|p2b: Venusaur|Earth Power|p1a: Incineroar\n|-supereffective|p1a: Incineroar|1\n|-damage|p1a: Incineroar|33/100\n|move|p1b: Sneasler|Acrobatics|p2a: Charizard\n|-damage|p2a: Charizard|0 fnt\n|faint|p2a: Charizard\n|move|p1a: Incineroar|Parting Shot|p2b: Venusaur\n|-unboost|p2b: Venusaur|atk|1\n|-unboost|p2b: Venusaur|spa|1\n|\n|t:|1776128793\n|switch|p1a: Pelipper|Pelipper, L50, F|1/100|[from] Parting Shot\n|-weather|RainDance|[from] ability: Drizzle|[of] p1a: Pelipper\n|\n|-weather|RainDance|[upkeep]\n|-sideend|p2: fashoooo|move: Tailwind\n|upkeep\n|\n|t:|1776128800\n|switch|p2a: Incineroar|Incineroar, L50, F|45/100\n|-ability|p2a: Incineroar|Intimidate|boost\n|-unboost|p1a: Pelipper|atk|1\n|-unboost|p1b: Sneasler|atk|1\n|turn|7\n|\n|t:|1776128821\n|move|p1a: Pelipper|Protect|p1a: Pelipper\n|-singleturn|p1a: Pelipper|Protect\n|move|p2a: Incineroar|Fake Out|p1b: Sneasler\n|-damage|p1b: Sneasler|46/100\n|cant|p1b: Sneasler|flinch\n|move|p2b: Venusaur|Sludge Bomb|p1a: Pelipper\n|-activate|p1a: Pelipper|move: Protect\n|\n|-weather|RainDance|[upkeep]\n|upkeep\n|turn|8\n|inactive|fashoooo has 30 seconds left.\n|inactive|fashoooo has 20 seconds left.\n|inactive|Playinhdisgaem4fun has 30 seconds left.\n|inactive|fashoooo has 15 seconds left.\n|\n|t:|1776128871\n|switch|p1a: Incineroar|Incineroar, L50, F|33/100\n|-ability|p1a: Incineroar|Intimidate|boost\n|-unboost|p2a: Incineroar|atk|1\n|-unboost|p2b: Venusaur|atk|1\n|switch|p2a: Whimsicott|Whimsicott, L50, F, shiny|100/100\n|move|p1b: Sneasler|Acrobatics|p2b: Venusaur\n|-supereffective|p2b: Venusaur|1\n|-damage|p2b: Venusaur|8/100\n|move|p2b: Venusaur|Sludge Bomb|p1a: Incineroar\n|-damage|p1a: Incineroar|10/100\n|\n|-weather|RainDance|[upkeep]\n|upkeep\n|turn|9\n|\n|t:|1776128890\n|switch|p2b: Incineroar|Incineroar, L50, F|45/100\n|-ability|p2b: Incineroar|Intimidate|boost\n|-unboost|p1a: Incineroar|atk|1\n|-unboost|p1b: Sneasler|atk|1\n|move|p2a: Whimsicott|Protect|p2a: Whimsicott\n|-singleturn|p2a: Whimsicott|Protect\n|move|p1a: Incineroar|Fake Out|p2b: Incineroar\n|-damage|p2b: Incineroar|39/100\n|move|p1b: Sneasler|Dire Claw|p2a: Whimsicott\n|-activate|p2a: Whimsicott|move: Protect\n|\n|-weather|RainDance|[upkeep]\n|upkeep\n|turn|10\n|inactive|Playinhdisgaem4fun has 30 seconds left.\n|\n|t:|1776128916\n|move|p2a: Whimsicott|Tailwind|p2a: Whimsicott\n|-sidestart|p2: fashoooo|move: Tailwind\n|move|p1b: Sneasler|Dire Claw|p2a: Whimsicott\n|-supereffective|p2a: Whimsicott|2\n|-damage|p2a: Whimsicott|0 fnt\n|faint|p2a: Whimsicott\n|move|p2b: Incineroar|Throat Chop|p1b: Sneasler\n|-resisted|p1b: Sneasler|1\n|-damage|p1b: Sneasler|20/100\n|-start|p1b: Sneasler|Throat Chop|[silent]\n|move|p1a: Incineroar|Parting Shot|p2b: Incineroar\n|-unboost|p2b: Incineroar|atk|1\n|-unboost|p2b: Incineroar|spa|1\n|\n|t:|1776128926\n|switch|p1a: Basculegion|Basculegion, L50, M|75/100|[from] Parting Shot\n|\n|-weather|none\n|upkeep\n|\n|t:|1776128940\n|switch|p2a: Venusaur|Venusaur, L50, M, shiny|8/100\n|turn|11\n|-message|fashoooo forfeited.\n|\n|win|Playinhdisgaem4fun\n|raw|Playinhdisgaem4fun's rating: 1000 &rarr; <strong>1051</strong><br />(+51 for winning)\n|raw|fashoooo's rating: 1098 &rarr; <strong>1067</strong><br />(-31 for losing)\n|l|\u2606fashoooo\n|player|p2|\n|c|\u2606Playinhdisgaem4fun|ggwp\n",
  "uploadtime": 1776129766,
  "views": 10,
  "formatid": "gen9championsvgc2026regma",
  "rating": 1051,
  "private": 0,
  "password": null
}