{
  "id": "gen9championsvgc2026regma-2581150762",
  "format": "[Gen 9 Champions] VGC 2026 Reg M-A",
  "players": [
    "MathiLLT",
    "Fabtax"
  ],
  "log": "|j|\u2606MathiLLT\n|j|\u2606Fabtax\n|t:|1775964776\n|gametype|doubles\n|player|p1|MathiLLT|266|1032\n|player|p2|Fabtax|burgh|1023\n|gen|9\n|tier|[Gen 9 Champions] VGC 2026 Reg M-A\n|rated|\n|rule|Species Clause: Limit one of each Pok\u00e9mon\n|rule|Item Clause: Limit 1 of each item\n|clearpoke\n|poke|p1|Feraligatr, L50, M|\n|poke|p1|Whimsicott, L50, F|\n|poke|p1|Sneasler, L50, F|\n|poke|p1|Aerodactyl, L50, F|\n|poke|p1|Sinistcha, L50|\n|poke|p1|Incineroar, L50, M|\n|poke|p2|Gengar, L50, M|\n|poke|p2|Politoed, L50, M|\n|poke|p2|Primarina, L50, F|\n|poke|p2|Incineroar, L50, M|\n|poke|p2|Charizard, L50, F|\n|poke|p2|Sinistcha, L50|\n|teampreview|4\nFabtax has agreed to open team sheets.\n|inactive|Battle timer is ON: inactive players will automatically lose when time's up. (requested by MathiLLT)\n|\n|t:|1775964818\n|teamsize|p1|4\n|teamsize|p2|4\n|start\n|switch|p1a: Feraligatr|Feraligatr, L50, M, shiny|100/100\n|switch|p1b: Whimsicott|Whimsicott, L50, F|100/100\n|switch|p2a: Politoed|Politoed, L50, M|100/100\n|switch|p2b: Incineroar|Incineroar, L50, M|100/100\n|-weather|RainDance|[from] ability: Drizzle|[of] p2a: Politoed\n|-ability|p2b: Incineroar|Intimidate|boost\n|-unboost|p1a: Feraligatr|atk|1\n|-unboost|p1b: Whimsicott|atk|1\n|turn|1\n|inactive|Fabtax has 30 seconds left.\n|\n|t:|1775964843\n|switch|p2b: Sinistcha|Sinistcha, L50|100/100\n|detailschange|p1a: Feraligatr|Feraligatr-Mega, L50, M, shiny\n|-mega|p1a: Feraligatr|Feraligatr|Feraligite\n|move|p1a: Feraligatr|Protect|p1a: Feraligatr\n|-singleturn|p1a: Feraligatr|Protect\n|move|p1b: Whimsicott|Tailwind|p1b: Whimsicott\n|-sidestart|p1: MathiLLT|move: Tailwind\n|move|p2a: Politoed|Weather Ball|p1b: Whimsicott\n|-resisted|p1b: Whimsicott|1\n|-damage|p1b: Whimsicott|72/100\n|\n|-weather|RainDance|[upkeep]\n|-heal|p1b: Whimsicott|78/100|[from] item: Leftovers\n|upkeep\n|turn|2\n|\n|t:|1775964860\n|switch|p2a: Incineroar|Incineroar, L50, M|100/100\n|-ability|p2a: Incineroar|Intimidate|boost\n|-unboost|p1a: Feraligatr|atk|1\n|-unboost|p1b: Whimsicott|atk|1\n|move|p1b: Whimsicott|Helping Hand|p1a: Feraligatr\n|-singleturn|p1a: Feraligatr|Helping Hand|[of] p1b: Whimsicott\n|move|p1a: Feraligatr|Double-Edge|p2b: Sinistcha\n|-damage|p2b: Sinistcha|36/100\n|-damage|p1a: Feraligatr|79/100|[from] Recoil\n|move|p2b: Sinistcha|Strength Sap|p1a: Feraligatr\n|-unboost|p1a: Feraligatr|atk|1\n|-heal|p2b: Sinistcha|100/100\n|\n|-weather|RainDance|[upkeep]\n|-heal|p1b: Whimsicott|84/100|[from] item: Leftovers\n|upkeep\n|turn|3\n|\n|t:|1775964878\n|switch|p1a: Aerodactyl|Aerodactyl, L50, F|100/100\n|-ability|p1a: Aerodactyl|Unnerve\n|move|p2a: Incineroar|Fake Out|p1a: Aerodactyl\n|-resisted|p1a: Aerodactyl|1\n|-damage|p1a: Aerodactyl|92/100\n|move|p1b: Whimsicott|Light Screen|p1b: Whimsicott\n|-sidestart|p1: MathiLLT|move: Light Screen\n|move|p2b: Sinistcha|Matcha Gotcha|p1b: Whimsicott|[spread] p1a\n|-miss|p2b: Sinistcha|p1b: Whimsicott\n|-damage|p1a: Aerodactyl|66/100\n|\n|-weather|RainDance|[upkeep]\n|-heal|p1b: Whimsicott|90/100|[from] item: Leftovers\n|upkeep\n|turn|4\n|\n|t:|1775964895\n|move|p2b: Sinistcha|Protect|p2b: Sinistcha\n|-singleturn|p2b: Sinistcha|Protect\n|move|p1b: Whimsicott|Encore|p2a: Incineroar\n|-hint|Since gen 7, Dark is immune to Prankster moves.\n|-immune|p2a: Incineroar\n|move|p1a: Aerodactyl|Rock Slide|p2b: Sinistcha|[spread] p2a\n|-activate|p2b: Sinistcha|move: Protect\n|-supereffective|p2a: Incineroar|1\n|-damage|p2a: Incineroar|61/100\n|move|p2a: Incineroar|Parting Shot|p1a: Aerodactyl\n|-unboost|p1a: Aerodactyl|atk|1\n|-unboost|p1a: Aerodactyl|spa|1\n|\n|t:|1775964908\n|switch|p2a: Politoed|Politoed, L50, M|100/100|[from] Parting Shot\n|\n|-weather|RainDance|[upkeep]\n|-heal|p1b: Whimsicott|95/100|[from] item: Leftovers\n|-sideend|p1: MathiLLT|move: Tailwind\n|upkeep\n|turn|5\n|\n|t:|1775964917\n|move|p1b: Whimsicott|Helping Hand|p1a: Aerodactyl\n|-singleturn|p1a: Aerodactyl|Helping Hand|[of] p1b: Whimsicott\n|move|p1a: Aerodactyl|Rock Slide|p2b: Sinistcha|[spread] p2b\n|-miss|p1a: Aerodactyl|p2a: Politoed\n|-damage|p2b: Sinistcha|75/100\n|move|p2a: Politoed|Weather Ball|p1a: Aerodactyl\n|-supereffective|p1a: Aerodactyl|1\n|-damage|p1a: Aerodactyl|0 fnt\n|faint|p1a: Aerodactyl\n|cant|p2b: Sinistcha|flinch\n|\n|-weather|none\n|-heal|p1b: Whimsicott|100/100|[from] item: Leftovers\n|-heal|p2b: Sinistcha|82/100|[from] item: Leftovers\n|upkeep\n|\n|t:|1775964934\n|switch|p1a: Feraligatr|Feraligatr-Mega, L50, M, shiny|79/100\n|turn|6\n|\n|t:|1775964947\n|switch|p2a: Incineroar|Incineroar, L50, M|61/100\n|-ability|p2a: Incineroar|Intimidate|boost\n|-unboost|p1a: Feraligatr|atk|1\n|-unboost|p1b: Whimsicott|atk|1\n|move|p1b: Whimsicott|Helping Hand|p1a: Feraligatr\n|-singleturn|p1a: Feraligatr|Helping Hand|[of] p1b: Whimsicott\n|move|p1a: Feraligatr|Double-Edge|p2b: Sinistcha\n|-damage|p2b: Sinistcha|10/100\n|-damage|p1a: Feraligatr|55/100|[from] Recoil\n|move|p2b: Sinistcha|Strength Sap|p1a: Feraligatr\n|-unboost|p1a: Feraligatr|atk|1\n|-heal|p2b: Sinistcha|98/100\n|\n|-heal|p2b: Sinistcha|100/100|[from] item: Leftovers\n|upkeep\n|turn|7\n|-message|MathiLLT forfeited.\n|\n|win|Fabtax\n|raw|MathiLLT's rating: 1032 &rarr; <strong>1017</strong><br />(-15 for losing)\n|raw|Fabtax's rating: 1023 &rarr; <strong>1060</strong><br />(+37 for winning)\n|l|\u2606MathiLLT\n|player|p1|\n",
  "uploadtime": 1775964967,
  "views": 13,
  "formatid": "gen9championsvgc2026regma",
  "rating": 1017,
  "private": 0,
  "password": null
}