{
  "id": "gen9championsvgc2026regma-2582263789",
  "format": "[Gen 9 Champions] VGC 2026 Reg M-A",
  "players": [
    "yeahowuoaw",
    "stinkyracc00n"
  ],
  "log": "|j|\u2606yeahowuoaw\n|j|\u2606stinkyracc00n\n|t:|1776077585\n|gametype|doubles\n|player|p1|yeahowuoaw|169|1050\n|player|p2|stinkyracc00n|170|1000\n|gen|9\n|tier|[Gen 9 Champions] VGC 2026 Reg M-A\n|rated|\n|rule|Species Clause: Limit one of each Pok\u00e9mon\n|rule|Item Clause: Limit 1 of each item\n|clearpoke\n|poke|p1|Garchomp, L50, F|\n|poke|p1|Incineroar, L50, M|\n|poke|p1|Floette-Eternal, L50, F|\n|poke|p1|Azumarill, L50, F|\n|poke|p1|Raichu, L50, F|\n|poke|p1|Talonflame, L50, F|\n|poke|p2|Greninja-*, L50, M|\n|poke|p2|Aerodactyl, L50, F|\n|poke|p2|Incineroar, L50, M|\n|poke|p2|Garchomp, L50, F|\n|poke|p2|Sinistcha, L50|\n|poke|p2|Sneasler, L50, M|\n|teampreview|4\n|inactive|Battle timer is ON: inactive players will automatically lose when time's up. (requested by yeahowuoaw)\n|\n|t:|1776077603\n|teamsize|p1|4\n|teamsize|p2|4\n|start\n|switch|p1a: Azumarill|Azumarill, L50, F|100/100\n|switch|p1b: Incineroar|Incineroar, L50, M|100/100\n|switch|p2a: Sinistcha|Sinistcha, L50|100/100\n|switch|p2b: Greninja|Greninja, L50, M|100/100\n|-ability|p1b: Incineroar|Intimidate|boost\n|-unboost|p2a: Sinistcha|atk|1\n|-unboost|p2b: Greninja|atk|1\n|turn|1\n|\n|t:|1776077624\n|switch|p2b: Aerodactyl|Aerodactyl, L50, F|100/100\n|-ability|p2b: Aerodactyl|Unnerve\n|move|p1b: Incineroar|Fake Out|p2b: Aerodactyl\n|-resisted|p2b: Aerodactyl|1\n|-damage|p2b: Aerodactyl|92/100\n|move|p2a: Sinistcha|Rage Powder|p2a: Sinistcha\n|-singleturn|p2a: Sinistcha|move: Rage Powder\n|move|p1a: Azumarill|Whirlpool|p2a: Sinistcha|[miss]\n|-miss|p1a: Azumarill|p2a: Sinistcha\n|\n|upkeep\n|turn|2\n|\n|t:|1776077644\n|move|p2a: Sinistcha|Rage Powder|p2a: Sinistcha\n|-singleturn|p2a: Sinistcha|move: Rage Powder\n|move|p2b: Aerodactyl|Tailwind|p2b: Aerodactyl\n|-sidestart|p2: stinkyracc00n|move: Tailwind\n|move|p1b: Incineroar|Fire Spin|p2a: Sinistcha|[miss]\n|-miss|p1b: Incineroar|p2a: Sinistcha\n|move|p1a: Azumarill|Whirlpool|p2a: Sinistcha\n|-resisted|p2a: Sinistcha|1\n|-damage|p2a: Sinistcha|96/100\n|-activate|p2a: Sinistcha|move: Whirlpool|[of] p1a: Azumarill\n|\n|-heal|p2a: Sinistcha|100/100|[from] item: Leftovers\n|-damage|p2a: Sinistcha|88/100|[from] move: Whirlpool|[partiallytrapped]\n|upkeep\n|turn|3\n|inactive|yeahowuoaw has 30 seconds left.\n|\n|t:|1776077670\n|move|p2b: Aerodactyl|Rock Slide|p1b: Incineroar|[spread] p1a,p1b\n|-supereffective|p1b: Incineroar|1\n|-damage|p1a: Azumarill|77/100\n|-damage|p1b: Incineroar|56/100\n|move|p2a: Sinistcha|Matcha Gotcha|p1a: Azumarill|[spread] p1b\n|-ability|p1a: Azumarill|Sap Sipper|boost\n|-boost|p1a: Azumarill|atk|1\n|-resisted|p1b: Incineroar|1\n|-damage|p1b: Incineroar|48/100\n|-heal|p2a: Sinistcha|93/100|[from] drain|[of] p1b: Incineroar\n|cant|p1b: Incineroar|flinch\n|move|p1a: Azumarill|Perish Song|p1a: Azumarill\n|-start|p1a: Azumarill|perish3|[silent]\n|-start|p1b: Incineroar|perish3|[silent]\n|-start|p2a: Sinistcha|perish3|[silent]\n|-start|p2b: Aerodactyl|perish3|[silent]\n|-fieldactivate|move: Perish Song\n|\n|-heal|p2a: Sinistcha|99/100|[from] item: Leftovers\n|-damage|p2a: Sinistcha|86/100|[from] move: Whirlpool|[partiallytrapped]\n|-start|p2b: Aerodactyl|perish3\n|-start|p2a: Sinistcha|perish3\n|-start|p1b: Incineroar|perish3\n|-start|p1a: Azumarill|perish3\n|upkeep\n|turn|4\n|inactive|stinkyracc00n has 30 seconds left.\n|\n|t:|1776077698\n|move|p1b: Incineroar|Protect|p1b: Incineroar\n|-singleturn|p1b: Incineroar|Protect\n|move|p2a: Sinistcha|Rage Powder|p2a: Sinistcha\n|-singleturn|p2a: Sinistcha|move: Rage Powder\n|move|p2b: Aerodactyl|Rock Slide|p1a: Azumarill|[spread] p1a\n|-activate|p1b: Incineroar|move: Protect\n|-damage|p1a: Azumarill|54/100\n|move|p1a: Azumarill|Whirlpool|p2a: Sinistcha\n|-resisted|p2a: Sinistcha|1\n|-damage|p2a: Sinistcha|83/100\n|\n|-heal|p2a: Sinistcha|89/100|[from] item: Leftovers\n|-damage|p2a: Sinistcha|76/100|[from] move: Whirlpool|[partiallytrapped]\n|-start|p2b: Aerodactyl|perish2\n|-start|p2a: Sinistcha|perish2\n|-start|p1b: Incineroar|perish2\n|-start|p1a: Azumarill|perish2\n|upkeep\n|turn|5\n|inactive|stinkyracc00n has 30 seconds left.\n|\n|t:|1776077723\n|switch|p2a: Garchomp|Garchomp, L50, F|100/100\n|move|p2b: Aerodactyl|Rock Slide|p1b: Incineroar|[spread] p1a,p1b\n|-supereffective|p1b: Incineroar|1\n|-damage|p1a: Azumarill|32/100\n|-damage|p1b: Incineroar|2/100\n|move|p1b: Incineroar|Parting Shot|p2b: Aerodactyl\n|-unboost|p2b: Aerodactyl|atk|1\n|-unboost|p2b: Aerodactyl|spa|1\n|\n|t:|1776077732\n|switch|p1b: Floette|Floette-Eternal, L50, F|100/100|[from] Parting Shot\n|cant|p1a: Azumarill|flinch\n|\n|-start|p2b: Aerodactyl|perish1\n|-start|p1a: Azumarill|perish1\n|-sideend|p2: stinkyracc00n|move: Tailwind\n|upkeep\n|turn|6\n|\n|t:|1776077745\n|switch|p2b: Sinistcha|Sinistcha, L50|76/100\n|-enditem|p1a: Azumarill|Sitrus Berry|[eat]\n|-heal|p1a: Azumarill|57/100|[from] item: Sitrus Berry\n|switch|p1a: Incineroar|Incineroar, L50, M|2/100\n|-ability|p1a: Incineroar|Intimidate|boost\n|-unboost|p2a: Garchomp|atk|1\n|-unboost|p2b: Sinistcha|atk|1\n|detailschange|p1b: Floette|Floette-Mega, L50, F\n|-mega|p1b: Floette|Floette|Floettite\n|-ability|p1b: Floette|Fairy Aura\n|move|p2a: Garchomp|Earthquake|p1b: Floette|[spread] p2b,p1a,p1b\n|-resisted|p2b: Sinistcha|1\n|-supereffective|p1a: Incineroar|1\n|-damage|p2b: Sinistcha|64/100\n|-damage|p1a: Incineroar|0 fnt\n|-damage|p1b: Floette|62/100\n|faint|p1a: Incineroar\n|move|p1b: Floette|Calm Mind|p1b: Floette\n|-boost|p1b: Floette|spa|1\n|-boost|p1b: Floette|spd|1\n|\n|-heal|p2b: Sinistcha|70/100|[from] item: Leftovers\n|upkeep\n|\n|t:|1776077765\n|switch|p1a: Azumarill|Azumarill, L50, F|57/100\n|turn|7\n|\n|t:|1776077782\n|switch|p2b: Aerodactyl|Aerodactyl, L50, F|92/100\n|-ability|p2b: Aerodactyl|Unnerve\n|move|p1a: Azumarill|Protect|p1a: Azumarill\n|-singleturn|p1a: Azumarill|Protect\n|move|p2a: Garchomp|Earthquake|p1a: Azumarill|[spread] p1b\n|-activate|p1a: Azumarill|move: Protect\n|-immune|p2b: Aerodactyl\n|-damage|p1b: Floette|22/100\n|move|p1b: Floette|Dazzling Gleam|p2b: Aerodactyl|[spread] p2a,p2b\n|-supereffective|p2a: Garchomp|1\n|-damage|p2a: Garchomp|0 fnt\n|-damage|p2b: Aerodactyl|0 fnt\n|faint|p2a: Garchomp\n|faint|p2b: Aerodactyl\n|\n|upkeep\n|\n|t:|1776077800\n|switch|p2b: Greninja|Greninja, L50, M|100/100\n|switch|p2a: Sinistcha|Sinistcha, L50|70/100\n|turn|8\n|\n|t:|1776077810\n|detailschange|p2b: Greninja|Greninja-Mega, L50, M\n|-mega|p2b: Greninja|Greninja|Greninjite\n|move|p1b: Floette|Protect|p1b: Floette\n|-singleturn|p1b: Floette|Protect\n|move|p2a: Sinistcha|Rage Powder|p2a: Sinistcha\n|-singleturn|p2a: Sinistcha|move: Rage Powder\n|move|p2b: Greninja|Liquidation|p1b: Floette\n|-start|p2b: Greninja|typechange|Water|[from] ability: Protean\n|-activate|p1b: Floette|move: Protect\n|move|p1a: Azumarill|Perish Song|p1a: Azumarill\n|-start|p1a: Azumarill|perish3|[silent]\n|-start|p1b: Floette|perish3|[silent]\n|-start|p2a: Sinistcha|perish3|[silent]\n|-start|p2b: Greninja|perish3|[silent]\n|-fieldactivate|move: Perish Song\n|\n|-heal|p2a: Sinistcha|76/100|[from] item: Leftovers\n|-start|p2b: Greninja|perish3\n|-start|p1b: Floette|perish3\n|-start|p2a: Sinistcha|perish3\n|-start|p1a: Azumarill|perish3\n|upkeep\n|turn|9\n|inactive|yeahowuoaw has 30 seconds left.\n|inactive|yeahowuoaw has 20 seconds left.\n|\n|t:|1776077848\n|move|p1a: Azumarill|Protect|p1a: Azumarill\n|-singleturn|p1a: Azumarill|Protect\n|move|p2b: Greninja|Liquidation|p1b: Floette\n|-damage|p1b: Floette|0 fnt\n|faint|p1b: Floette\n|move|p2a: Sinistcha|Life Dew||[still]|[spread] p2a,p2b\n|-heal|p2a: Sinistcha|100/100\n|-fail|p2b: Greninja|heal\n|\n|-start|p2b: Greninja|perish2\n|-start|p2a: Sinistcha|perish2\n|-start|p1a: Azumarill|perish2\n|upkeep\n|\n|t:|1776077860\n|switch|p1b: Talonflame|Talonflame, L50, F|100/100\n|turn|10\n|\n|t:|1776077884\n|move|p2a: Sinistcha|Rage Powder|p2a: Sinistcha\n|-singleturn|p2a: Sinistcha|move: Rage Powder\n|move|p2b: Greninja|Liquidation|p1b: Talonflame\n|-supereffective|p1b: Talonflame|1\n|-damage|p1b: Talonflame|11/100\n|move|p1b: Talonflame|Taunt|p2a: Sinistcha\n|-start|p2a: Sinistcha|move: Taunt\n|move|p1a: Azumarill|Encore|p2a: Sinistcha\n|-start|p2a: Sinistcha|Encore\n|\n|-start|p2b: Greninja|perish1\n|-start|p2a: Sinistcha|perish1\n|-start|p1a: Azumarill|perish1\n|upkeep\n|turn|11\n|inactive|yeahowuoaw has 30 seconds left.\n|inactive|stinkyracc00n has 30 seconds left.\n|inactive|yeahowuoaw has 20 seconds left.\n|inactive|yeahowuoaw has 15 seconds left.\n|inactive|yeahowuoaw has 10 seconds left.\n|inactive|yeahowuoaw has 5 seconds left.\n|\n|t:|1776077940\n|move|p2b: Greninja|Rock Slide|p1b: Talonflame|[spread] p1a,p1b\n|-supereffective|p1b: Talonflame|2\n|-enditem|p1b: Talonflame|Charti Berry|[eat]\n|-enditem|p1b: Talonflame|Charti Berry|[weaken]\n|-damage|p1a: Azumarill|39/100\n|-damage|p1b: Talonflame|0 fnt\n|faint|p1b: Talonflame\n|-activate|p2a: Sinistcha|move: Struggle\n|move|p2a: Sinistcha|Struggle|p1a: Azumarill\n|-damage|p1a: Azumarill|32/100\n|-damage|p2a: Sinistcha|75/100|[from] recoil\n|move|p1a: Azumarill|Whirlpool|p2b: Greninja\n|-resisted|p2b: Greninja|1\n|-damage|p2b: Greninja|94/100\n|-activate|p2b: Greninja|move: Whirlpool|[of] p1a: Azumarill\n|\n|-heal|p2a: Sinistcha|81/100|[from] item: Leftovers\n|-damage|p2b: Greninja|82/100|[from] move: Whirlpool|[partiallytrapped]\n|-start|p2b: Greninja|perish0\n|-start|p2a: Sinistcha|perish0\n|-start|p1a: Azumarill|perish0\n|upkeep\n|faint|p2b: Greninja\n|faint|p2a: Sinistcha\n|faint|p1a: Azumarill\n|\n|win|yeahowuoaw\n|raw|yeahowuoaw's rating: 1050 &rarr; <strong>1078</strong><br />(+28 for winning)\n|raw|stinkyracc00n's rating: 1000 &rarr; <strong>1000</strong><br />(+0 for losing)\n",
  "uploadtime": 1776077949,
  "views": 17,
  "formatid": "gen9championsvgc2026regma",
  "rating": 1000,
  "private": 0,
  "password": null
}