{
  "id": "gen9championsvgc2026regma-2580822506",
  "format": "[Gen 9 Champions] VGC 2026 Reg M-A",
  "players": [
    "Luigi Magnezone",
    "gggo"
  ],
  "log": "|j|\u2606Luigi Magnezone\n|j|\u2606gggo\n|t:|1775935313\n|gametype|doubles\n|player|p1|Luigi Magnezone|giovanni|1089\n|player|p2|gggo|101|1076\n|gen|9\n|tier|[Gen 9 Champions] VGC 2026 Reg M-A\n|rated|\n|rule|Species Clause: Limit one of each Pok\u00e9mon\n|rule|Item Clause: Limit 1 of each item\n|clearpoke\n|poke|p1|Delphox, L50, M|\n|poke|p1|Incineroar, L50, F|\n|poke|p1|Sinistcha-Masterpiece, L50|\n|poke|p1|Garchomp, L50, F|\n|poke|p1|Aerodactyl, L50, M|\n|poke|p1|Primarina, L50, F|\n|poke|p2|Skarmory, L50, F|\n|poke|p2|Pelipper, L50, M|\n|poke|p2|Clefable, L50, F|\n|poke|p2|Basculegion, L50, M|\n|poke|p2|Incineroar, L50, M|\n|poke|p2|Garchomp, L50, M|\n|teampreview|4\n|inactive|Battle timer is ON: inactive players will automatically lose when time's up. (requested by Luigi Magnezone)\n|inactive|Luigi Magnezone has 60 seconds left.\n|\n|t:|1775935356\n|teamsize|p1|4\n|teamsize|p2|4\n|start\n|switch|p1a: Delphox|Delphox, L50, M|100/100\n|switch|p1b: Sinistcha|Sinistcha-Masterpiece, L50|100/100\n|switch|p2a: Basculegion|Basculegion, L50, M|100/100\n|switch|p2b: Pelipper|Pelipper, L50, M|100/100\n|-weather|RainDance|[from] ability: Drizzle|[of] p2b: Pelipper\n|turn|1\n|\n|t:|1775935381\n|switch|p1a: Primarina|Primarina, L50, F|100/100\n|move|p2a: Basculegion|Flip Turn|p1a: Primarina\n|-resisted|p1a: Primarina|1\n|-damage|p1a: Primarina|68/100\n|\n|t:|1775935392\n|switch|p2a: Incineroar|Incineroar, L50, M|100/100|[from] Flip Turn\n|-ability|p2a: Incineroar|Intimidate|boost\n|-unboost|p1a: Primarina|atk|1\n|-unboost|p1b: Sinistcha|atk|1\n|move|p1b: Sinistcha|Matcha Gotcha|p2b: Pelipper|[spread] p2a,p2b\n|-resisted|p2a: Incineroar|1\n|-crit|p2a: Incineroar\n|-damage|p2a: Incineroar|84/100\n|-damage|p2b: Pelipper|68/100\n|-status|p2b: Pelipper|brn\n|move|p2b: Pelipper|Tailwind|p2b: Pelipper\n|-sidestart|p2: gggo|move: Tailwind\n|\n|-weather|RainDance|[upkeep]\n|-heal|p2b: Pelipper|74/100 brn|[from] item: Leftovers\n|-heal|p1a: Primarina|74/100|[from] item: Leftovers\n|-damage|p2b: Pelipper|68/100 brn|[from] brn\n|upkeep\n|turn|2\n|\n|t:|1775935401\n|switch|p1b: Incineroar|Incineroar, L50, F|100/100\n|-ability|p1b: Incineroar|Intimidate|boost\n|-unboost|p2a: Incineroar|atk|1\n|-unboost|p2b: Pelipper|atk|1\n|move|p2a: Incineroar|Fake Out|p1a: Primarina\n|-damage|p1a: Primarina|65/100\n|move|p2b: Pelipper|Hurricane|p1b: Incineroar\n|-damage|p1b: Incineroar|70/100\n|-start|p1b: Incineroar|confusion\n|cant|p1a: Primarina|flinch\n|\n|-weather|RainDance|[upkeep]\n|-heal|p2b: Pelipper|74/100 brn|[from] item: Leftovers\n|-heal|p1a: Primarina|71/100|[from] item: Leftovers\n|-damage|p2b: Pelipper|68/100 brn|[from] brn\n|upkeep\n|turn|3\n|\n|t:|1775935417\n|-activate|p1b: Incineroar|confusion\n|-damage|p1b: Incineroar|59/100|[from] confusion\n|move|p2b: Pelipper|Hurricane|p1a: Primarina\n|-damage|p1a: Primarina|41/100\n|-start|p1a: Primarina|confusion\n|move|p2a: Incineroar|Parting Shot|p1a: Primarina\n|-unboost|p1a: Primarina|atk|1\n|-unboost|p1a: Primarina|spa|1\n|\n|t:|1775935426\n|switch|p2a: Basculegion|Basculegion, L50, M|100/100|[from] Parting Shot\n|-activate|p1a: Primarina|confusion\n|-damage|p1a: Primarina|36/100|[from] confusion\n|\n|-weather|RainDance|[upkeep]\n|-heal|p2b: Pelipper|74/100 brn|[from] item: Leftovers\n|-heal|p1a: Primarina|42/100|[from] item: Leftovers\n|-damage|p2b: Pelipper|68/100 brn|[from] brn\n|upkeep\n|turn|4\n|\n|t:|1775935435\n|switch|p1b: Sinistcha|Sinistcha-Masterpiece, L50|100/100\n|-heal|p1a: Primarina|67/100|[from] ability: Hospitality|[of] p1b: Sinistcha\n|-activate|p1a: Primarina|confusion\n|move|p1a: Primarina|Protect|p1a: Primarina\n|-singleturn|p1a: Primarina|Protect\n|move|p2a: Basculegion|Wave Crash|p1a: Primarina\n|-activate|p1a: Primarina|move: Protect\n|move|p2b: Pelipper|Hurricane|p1a: Primarina\n|-activate|p1a: Primarina|move: Protect\n|\n|-weather|RainDance|[upkeep]\n|-heal|p2b: Pelipper|74/100 brn|[from] item: Leftovers\n|-heal|p1a: Primarina|73/100|[from] item: Leftovers\n|-damage|p2b: Pelipper|68/100 brn|[from] brn\n|-sideend|p2: gggo|move: Tailwind\n|upkeep\n|turn|5\n|\n|t:|1775935454\n|move|p2a: Basculegion|Wave Crash|p1a: Primarina\n|-resisted|p1a: Primarina|1\n|-damage|p1a: Primarina|2/100\n|-damage|p2a: Basculegion|78/100|[from] Recoil\n|move|p1b: Sinistcha|Shadow Ball|p2a: Basculegion\n|-supereffective|p2a: Basculegion|1\n|-damage|p2a: Basculegion|10/100\n|move|p2b: Pelipper|Hurricane|p1b: Sinistcha\n|-supereffective|p1b: Sinistcha|1\n|-damage|p1b: Sinistcha|25/100\n|-activate|p1a: Primarina|confusion\n|move|p1a: Primarina|Icy Wind|p2a: Basculegion|[spread] p2a,p2b\n|-resisted|p2a: Basculegion|1\n|-damage|p2a: Basculegion|5/100\n|-damage|p2b: Pelipper|55/100 brn\n|-unboost|p2a: Basculegion|spe|1\n|-unboost|p2b: Pelipper|spe|1\n|\n|-weather|none\n|-heal|p1a: Primarina|8/100|[from] item: Leftovers\n|-heal|p2b: Pelipper|61/100 brn|[from] item: Leftovers\n|-damage|p2b: Pelipper|55/100 brn|[from] brn\n|upkeep\n|turn|6\n|\n|t:|1775935477\n|move|p1b: Sinistcha|Matcha Gotcha|p2b: Pelipper|[spread] p2a\n|-miss|p1b: Sinistcha|p2b: Pelipper\n|-supereffective|p2a: Basculegion|1\n|-damage|p2a: Basculegion|0 fnt\n|-heal|p1b: Sinistcha|27/100|[from] drain|[of] p2a: Basculegion\n|faint|p2a: Basculegion\n|-end|p1a: Primarina|confusion\n|move|p1a: Primarina|Moonblast|p2b: Pelipper\n|-damage|p2b: Pelipper|11/100 brn\n|move|p2b: Pelipper|Tailwind|p2b: Pelipper\n|-sidestart|p2: gggo|move: Tailwind\n|\n|-heal|p2b: Pelipper|17/100 brn|[from] item: Leftovers\n|-heal|p1a: Primarina|14/100|[from] item: Leftovers\n|-damage|p2b: Pelipper|11/100 brn|[from] brn\n|upkeep\n|\n|t:|1775935480\n|switch|p2a: Skarmory|Skarmory, L50, F|100/100\n|turn|7\n|\n|t:|1775935504\n|switch|p1a: Incineroar|Incineroar, L50, F|59/100\n|-ability|p1a: Incineroar|Intimidate|boost\n|-unboost|p2a: Skarmory|atk|1\n|-unboost|p2b: Pelipper|atk|1\n|move|p2a: Skarmory|Swords Dance|p2a: Skarmory\n|-boost|p2a: Skarmory|atk|2\n|move|p2b: Pelipper|Hurricane|p1a: Incineroar|[miss]\n|-miss|p2b: Pelipper|p1a: Incineroar\n|move|p1b: Sinistcha|Shadow Ball|p2a: Skarmory\n|-damage|p2a: Skarmory|48/100\n|\n|-heal|p2b: Pelipper|17/100 brn|[from] item: Leftovers\n|-damage|p2b: Pelipper|11/100 brn|[from] brn\n|upkeep\n|turn|8\n|inactive|Luigi Magnezone has 30 seconds left.\n|\n|t:|1775935532\n|move|p1a: Incineroar|Fake Out|p2b: Pelipper\n|-damage|p2b: Pelipper|1/100 brn\n|move|p1b: Sinistcha|Rage Powder|p1b: Sinistcha\n|-singleturn|p1b: Sinistcha|move: Rage Powder\n|move|p2a: Skarmory|Roost|p2a: Skarmory\n|-heal|p2a: Skarmory|98/100\n|-singleturn|p2a: Skarmory|move: Roost\n|cant|p2b: Pelipper|flinch\n|\n|-heal|p2b: Pelipper|7/100 brn|[from] item: Leftovers\n|-damage|p2b: Pelipper|1/100 brn|[from] brn\n|upkeep\n|turn|9\n|inactive|Luigi Magnezone has 30 seconds left.\n|\n|t:|1775935571\n|switch|p2b: Incineroar|Incineroar, L50, M|84/100\n|-ability|p2b: Incineroar|Intimidate|boost\n|-unboost|p1a: Incineroar|atk|1\n|-unboost|p1b: Sinistcha|atk|1\n|move|p2a: Skarmory|Protect|p2a: Skarmory\n|-singleturn|p2a: Skarmory|Protect\n|move|p1b: Sinistcha|Protect|p1b: Sinistcha\n|-singleturn|p1b: Sinistcha|Protect\n|move|p1a: Incineroar|Protect||[still]\n|-fail|p1a: Incineroar\n|\n|-sideend|p2: gggo|move: Tailwind\n|upkeep\n|turn|10\n|\n|t:|1775935586\n|switch|p1b: Primarina|Primarina, L50, F|14/100\n|switch|p2b: Pelipper|Pelipper, L50, M|1/100 brn\n|-weather|RainDance|[from] ability: Drizzle|[of] p2b: Pelipper\n|move|p2a: Skarmory|Brave Bird|p1b: Primarina\n|-damage|p1b: Primarina|0 fnt\n|faint|p1b: Primarina\n|-damage|p2a: Skarmory|92/100|[from] Recoil\n|move|p1a: Incineroar|Parting Shot|p2a: Skarmory\n|-unboost|p2a: Skarmory|atk|1\n|-unboost|p2a: Skarmory|spa|1\n|\n|t:|1775935597\n|switch|p1a: Delphox|Delphox, L50, M|100/100|[from] Parting Shot\n|\n|-weather|RainDance|[upkeep]\n|-heal|p2b: Pelipper|7/100 brn|[from] item: Leftovers\n|-damage|p2b: Pelipper|1/100 brn|[from] brn\n|upkeep\n|\n|t:|1775935599\n|switch|p1b: Incineroar|Incineroar, L50, F|59/100\n|-ability|p1b: Incineroar|Intimidate|boost\n|-unboost|p2a: Skarmory|atk|1\n|-unboost|p2b: Pelipper|atk|1\n|turn|11\n|\n|t:|1775935623\n|switch|p2a: Incineroar|Incineroar, L50, M|84/100\n|-ability|p2a: Incineroar|Intimidate|boost\n|-unboost|p1a: Delphox|atk|1\n|-unboost|p1b: Incineroar|atk|1\n|detailschange|p1a: Delphox|Delphox-Mega, L50, M\n|-mega|p1a: Delphox|Delphox|Delphoxite\n|move|p1b: Incineroar|Fake Out|p2a: Incineroar\n|-damage|p2a: Incineroar|77/100\n|move|p1a: Delphox|Nasty Plot|p1a: Delphox\n|-boost|p1a: Delphox|spa|2\n|move|p2b: Pelipper|Tailwind|p2b: Pelipper\n|-sidestart|p2: gggo|move: Tailwind\n|\n|-weather|RainDance|[upkeep]\n|-heal|p2b: Pelipper|7/100 brn|[from] item: Leftovers\n|-damage|p2b: Pelipper|1/100 brn|[from] brn\n|upkeep\n|turn|12\n|\n|t:|1775935639\n|move|p1a: Delphox|Protect|p1a: Delphox\n|-singleturn|p1a: Delphox|Protect\n|move|p1b: Incineroar|Protect|p1b: Incineroar\n|-singleturn|p1b: Incineroar|Protect\n|move|p2a: Incineroar|Fake Out|p1a: Delphox\n|-activate|p1a: Delphox|move: Protect\n|move|p2b: Pelipper|Muddy Water|p1b: Incineroar|[spread] \n|-activate|p1a: Delphox|move: Protect\n|-activate|p1b: Incineroar|move: Protect\n|\n|-weather|RainDance|[upkeep]\n|-heal|p2b: Pelipper|7/100 brn|[from] item: Leftovers\n|-damage|p2b: Pelipper|1/100 brn|[from] brn\n|upkeep\n|turn|13\n|inactive|Luigi Magnezone has 30 seconds left.\n|\n|t:|1775935665\n|switch|p1a: Sinistcha|Sinistcha-Masterpiece, L50|27/100\n|-heal|p1b: Incineroar|84/100|[from] ability: Hospitality|[of] p1a: Sinistcha\n|move|p2b: Pelipper|Muddy Water|p1b: Incineroar|[spread] p1a,p1b\n|-resisted|p1a: Sinistcha|1\n|-supereffective|p1b: Incineroar|1\n|-damage|p1a: Sinistcha|11/100\n|-damage|p1b: Incineroar|26/100\n|-unboost|p1b: Incineroar|accuracy|1\n|-enditem|p1b: Incineroar|Sitrus Berry|[eat]\n|-heal|p1b: Incineroar|51/100|[from] item: Sitrus Berry\n|move|p2a: Incineroar|Snarl|p1a: Sinistcha|[spread] p1a,p1b\n|-supereffective|p1a: Sinistcha|1\n|-resisted|p1b: Incineroar|1\n|-damage|p1a: Sinistcha|0 fnt\n|-damage|p1b: Incineroar|47/100\n|-unboost|p1b: Incineroar|spa|1\n|faint|p1a: Sinistcha\n|move|p1b: Incineroar|Darkest Lariat|p2b: Pelipper\n|-damage|p2b: Pelipper|0 fnt\n|faint|p2b: Pelipper\n|\n|-weather|RainDance|[upkeep]\n|upkeep\n|\n|t:|1775935682\n|switch|p1a: Delphox|Delphox-Mega, L50, M|100/100\n|switch|p2b: Skarmory|Skarmory, L50, F|92/100\n|turn|14\n|\n|t:|1775935693\n|detailschange|p2b: Skarmory|Skarmory-Mega, L50, F\n|-mega|p2b: Skarmory|Skarmory|Skarmorite\n|move|p1a: Delphox|Protect|p1a: Delphox\n|-singleturn|p1a: Delphox|Protect\n|move|p1b: Incineroar|Protect|p1b: Incineroar\n|-singleturn|p1b: Incineroar|Protect\n|move|p2b: Skarmory|Brave Bird|p1b: Incineroar\n|-activate|p1b: Incineroar|move: Protect\n|move|p2a: Incineroar|Snarl|p1b: Incineroar|[spread] \n|-activate|p1a: Delphox|move: Protect\n|-activate|p1b: Incineroar|move: Protect\n|\n|-weather|none\n|-sideend|p2: gggo|move: Tailwind\n|upkeep\n|turn|15\n|inactive|Luigi Magnezone has 30 seconds left.\n|inactive|Luigi Magnezone has 20 seconds left.\n|\n|t:|1775935731\n|move|p1a: Delphox|Nasty Plot|p1a: Delphox\n|-boost|p1a: Delphox|spa|2\n|move|p2b: Skarmory|Brave Bird|p1a: Delphox\n|-damage|p1a: Delphox|0 fnt\n|faint|p1a: Delphox\n|-damage|p2b: Skarmory|57/100|[from] Recoil\n|move|p1b: Incineroar|Darkest Lariat|p2b: Skarmory\n|-damage|p2b: Skarmory|31/100\n|move|p2a: Incineroar|Flare Blitz|p1b: Incineroar\n|-resisted|p1b: Incineroar|1\n|-damage|p1b: Incineroar|25/100\n|-damage|p2a: Incineroar|70/100|[from] Recoil\n|\n|upkeep\n|turn|16\n|-message|Luigi Magnezone forfeited.\n|\n|win|gggo\n|raw|Luigi Magnezone's rating: 1089 &rarr; <strong>1065</strong><br />(-24 for losing)\n|raw|gggo's rating: 1076 &rarr; <strong>1106</strong><br />(+30 for winning)\n|l|\u2606Luigi Magnezone\n|player|p1|\n",
  "uploadtime": 1775935759,
  "views": 19,
  "formatid": "gen9championsvgc2026regma",
  "rating": 1065,
  "private": 0,
  "password": null
}