{
  "id": "gen9championsvgc2026regma-2588183048",
  "format": "[Gen 9 Champions] VGC 2026 Reg M-A",
  "players": [
    "magato123",
    "Giggster"
  ],
  "log": "|j|\u2606magato123\n|j|\u2606Giggster\n|t:|1776612279\n|gametype|doubles\n|player|p1|magato123|turo-ai|1008\n|player|p2|Giggster|steven|1081\n|gen|9\n|tier|[Gen 9 Champions] VGC 2026 Reg M-A\n|rated|\n|rule|Species Clause: Limit one of each Pok\u00e9mon\n|rule|Item Clause: Limit 1 of each item\n|clearpoke\n|poke|p1|Gengar, L50, F|\n|poke|p1|Garchomp, L50, M|\n|poke|p1|Basculegion, L50, M|\n|poke|p1|Clefable, L50, M|\n|poke|p1|Sneasler, L50, M|\n|poke|p1|Sableye, L50, M|\n|poke|p2|Gengar, L50, F|\n|poke|p2|Sinistcha, L50|\n|poke|p2|Clefable, L50, M|\n|poke|p2|Sneasler, L50, M|\n|poke|p2|Aerodactyl, L50, F|\n|poke|p2|Alakazam, L50, F|\n|teampreview|4\n|inactive|Battle timer is ON: inactive players will automatically lose when time's up. (requested by magato123)\nmagato123 rejected open team sheets.\n|\n|t:|1776612296\n|teamsize|p1|4\n|teamsize|p2|4\n|start\n|switch|p1a: Clefable|Clefable, L50, M|100/100\n|switch|p1b: Sneasler|Sneasler, L50, M|100/100\n|switch|p2a: Sneasler|Sneasler, L50, M|100/100\n|switch|p2b: Aerodactyl|Aerodactyl, L50, F|100/100\n|turn|1\n|\n|t:|1776612305\n|move|p2b: Aerodactyl|Protect|p2b: Aerodactyl\n|-singleturn|p2b: Aerodactyl|Protect\n|move|p1b: Sneasler|Gunk Shot|p2a: Sneasler\n|-resisted|p2a: Sneasler|1\n|-damage|p2a: Sneasler|47/100\n|move|p2a: Sneasler|Dire Claw|p1a: Clefable\n|-supereffective|p1a: Clefable|1\n|-damage|p1a: Clefable|13/100\n|move|p1a: Clefable|Icy Wind|p2b: Aerodactyl|[spread] p2a\n|-activate|p2b: Aerodactyl|move: Protect\n|-damage|p2a: Sneasler|35/100\n|-unboost|p2a: Sneasler|spe|1\n|-enditem|p2a: Sneasler|White Herb\n|-clearnegativeboost|p2a: Sneasler|[silent]\n|\n|-heal|p1a: Clefable|19/100|[from] item: Leftovers\n|upkeep\n|turn|2\n|\n|t:|1776612323\n|switch|p2a: Gengar|Gengar, L50, F|100/100\n|move|p2b: Aerodactyl|Dual Wingbeat|p1b: Sneasler\n|-supereffective|p1b: Sneasler|1\n|-damage|p1b: Sneasler|46/100\n|-supereffective|p1b: Sneasler|1\n|-damage|p1b: Sneasler|0 fnt\n|faint|p1b: Sneasler\n|-hitcount|p1: Sneasler|2\n|move|p1a: Clefable|Reflect|p1a: Clefable\n|-sidestart|p1: magato123|Reflect\n|\n|-heal|p1a: Clefable|25/100|[from] item: Leftovers\n|upkeep\n|\n|t:|1776612324\n|switch|p1b: Garchomp|Garchomp, L50, M|100/100\n|turn|3\n|\n|t:|1776612346\n|detailschange|p1b: Garchomp|Garchomp-Mega, L50, M\n|-mega|p1b: Garchomp|Garchomp|Garchompite\n|move|p2a: Gengar|Protect|p2a: Gengar\n|-singleturn|p2a: Gengar|Protect\n|move|p2b: Aerodactyl|Tailwind|p2b: Aerodactyl\n|-sidestart|p2: Giggster|move: Tailwind\n|move|p1b: Garchomp|Rock Slide|p2b: Aerodactyl|[spread] \n|-activate|p2a: Gengar|move: Protect\n|-miss|p1b: Garchomp|p2b: Aerodactyl\n|move|p1a: Clefable|Icy Wind|p2b: Aerodactyl|[spread] p2b\n|-activate|p2a: Gengar|move: Protect\n|-supereffective|p2b: Aerodactyl|1\n|-damage|p2b: Aerodactyl|73/100\n|-unboost|p2b: Aerodactyl|spe|1\n|\n|-heal|p1a: Clefable|31/100|[from] item: Leftovers\n|upkeep\n|turn|4\n|inactive|Giggster has 30 seconds left.\n|\n|t:|1776612371\n|detailschange|p2a: Gengar|Gengar-Mega, L50, F\n|-mega|p2a: Gengar|Gengar|Gengarite\n|move|p2a: Gengar|Sludge Bomb|p1a: Clefable\n|-supereffective|p1a: Clefable|1\n|-damage|p1a: Clefable|0 fnt\n|faint|p1a: Clefable\n|move|p2b: Aerodactyl|Rock Slide|p1b: Garchomp\n|-resisted|p1b: Garchomp|1\n|-damage|p1b: Garchomp|90/100\n|cant|p1b: Garchomp|flinch\n|\n|upkeep\n|\n|t:|1776612371\n|switch|p1a: Basculegion|Basculegion, L50, M|100/100\n|turn|5\n|\n|t:|1776612394\n|move|p2a: Gengar|Protect|p2a: Gengar\n|-singleturn|p2a: Gengar|Protect\n|move|p2b: Aerodactyl|Dual Wingbeat|p1b: Garchomp|[miss]\n|-miss|p2b: Aerodactyl|p1b: Garchomp\n|move|p1a: Basculegion|Last Respects|p2b: Aerodactyl\n|-damage|p2b: Aerodactyl|0 fnt\n|faint|p2b: Aerodactyl\n|move|p1b: Garchomp|Earthquake|p2a: Gengar|[spread] p1a\n|-activate|p2a: Gengar|move: Protect\n|-damage|p1a: Basculegion|56/100\n|\n|upkeep\n|\n|t:|1776612402\n|switch|p2b: Alakazam|Alakazam, L50, F|100/100\n|turn|6\n|\n|t:|1776612408\n|move|p2b: Alakazam|Ally Switch|p2b: Alakazam\n|swap|p2b: Alakazam|0|[from] move: Ally Switch\n|move|p2b: Gengar|Perish Song|p2b: Gengar\n|-start|p1a: Basculegion|perish3|[silent]\n|-start|p1b: Garchomp|perish3|[silent]\n|-start|p2a: Alakazam|perish3|[silent]\n|-start|p2b: Gengar|perish3|[silent]\n|-fieldactivate|move: Perish Song\n|move|p1a: Basculegion|Last Respects|p2a: Alakazam\n|-supereffective|p2a: Alakazam|1\n|-enditem|p2a: Alakazam|Focus Sash\n|-damage|p2a: Alakazam|1/100\n|move|p1b: Garchomp|Dragon Rush|p2a: Alakazam|[miss]\n|-miss|p1b: Garchomp|p2a: Alakazam\n|\n|-start|p2b: Gengar|perish3\n|-start|p2a: Alakazam|perish3\n|-start|p1a: Basculegion|perish3\n|-start|p1b: Garchomp|perish3\n|-sideend|p1: magato123|Reflect\n|-sideend|p2: Giggster|move: Tailwind\n|upkeep\n|turn|7\n|\n|t:|1776612419\n|move|p2b: Gengar|Protect|p2b: Gengar\n|-singleturn|p2b: Gengar|Protect\n|move|p2a: Alakazam|Protect|p2a: Alakazam\n|-singleturn|p2a: Alakazam|Protect\n|move|p1a: Basculegion|Last Respects|p2b: Gengar\n|-activate|p2b: Gengar|move: Protect\n|move|p1b: Garchomp|Rock Slide|p2b: Gengar|[spread] \n|-activate|p2a: Alakazam|move: Protect\n|-activate|p2b: Gengar|move: Protect\n|\n|-start|p2b: Gengar|perish2\n|-start|p1a: Basculegion|perish2\n|-start|p2a: Alakazam|perish2\n|-start|p1b: Garchomp|perish2\n|upkeep\n|turn|8\n|\n|t:|1776612443\n|switch|p2b: Sneasler|Sneasler, L50, M|35/100\n|move|p2a: Alakazam|Ally Switch|p2a: Alakazam\n|swap|p2a: Alakazam|1|[from] move: Ally Switch\n|move|p1a: Basculegion|Last Respects|p2a: Sneasler\n|-damage|p2a: Sneasler|0 fnt\n|faint|p2a: Sneasler\n|move|p1b: Garchomp|Rock Slide|p2b: Alakazam\n|-damage|p2b: Alakazam|0 fnt\n|faint|p2b: Alakazam\n|\n|-start|p1a: Basculegion|perish1\n|-start|p1b: Garchomp|perish1\n|upkeep\n|\n|t:|1776612456\n|switch|p2b: Gengar|Gengar-Mega, L50, F|100/100\n|turn|9\n|\n|t:|1776612457\n|move|p2b: Gengar|Protect|p2b: Gengar\n|-singleturn|p2b: Gengar|Protect\n|move|p1a: Basculegion|Last Respects|p2b: Gengar\n|-activate|p2b: Gengar|move: Protect\n|move|p1b: Garchomp|Iron Tail|p2b: Gengar\n|-activate|p2b: Gengar|move: Protect\n|\n|-start|p1a: Basculegion|perish0\n|-start|p1b: Garchomp|perish0\n|faint|p1a: Basculegion\n|faint|p1b: Garchomp\n|\n|win|Giggster\n|raw|magato123's rating: 1050 &rarr; <strong>1034</strong><br />(-16 for losing)\n|raw|Giggster's rating: 1081 &rarr; <strong>1106</strong><br />(+25 for winning)\n|l|\u2606magato123\n|player|p1|\n",
  "uploadtime": 1776612482,
  "views": 7,
  "formatid": "gen9championsvgc2026regma",
  "rating": 1034,
  "private": 0,
  "password": null
}