{
  "id": "gen9championsvgc2026regma-2586942177",
  "format": "[Gen 9 Champions] VGC 2026 Reg M-A",
  "players": [
    "treegirl22",
    "Wo-Chien<3"
  ],
  "log": "|j|\u2606treegirl22\n|j|\u2606Wo-Chien<3\n|t:|1776474028\n|gametype|doubles\n|player|p1|treegirl22|guitarist|1241\n|player|p2|Wo-Chien<3|miku-ground|1320\n|gen|9\n|tier|[Gen 9 Champions] VGC 2026 Reg M-A\n|rated|\n|rule|Species Clause: Limit one of each Pok\u00e9mon\n|rule|Item Clause: Limit 1 of each item\n|clearpoke\n|poke|p1|Garchomp, L50, F|\n|poke|p1|Rotom-Wash, L50|\n|poke|p1|Whimsicott, L50, F|\n|poke|p1|Incineroar, L50, F|\n|poke|p1|Charizard, L50, F|\n|poke|p1|Sneasler, L50, F|\n|poke|p2|Froslass, L50, F|\n|poke|p2|Rotom-Frost, L50|\n|poke|p2|Sneasler, L50, M|\n|poke|p2|Kingambit, L50, M|\n|poke|p2|Garchomp, L50, F|\n|poke|p2|Aerodactyl, L50, F|\n|teampreview|4\n|inactive|Battle timer is ON: inactive players will automatically lose when time's up. (requested by treegirl22)\n|inactive|Wo-Chien<3 has 60 seconds left.\n|inactive|treegirl22 has 60 seconds left.\n|\n|t:|1776474071\n|teamsize|p1|4\n|teamsize|p2|4\n|start\n|switch|p1a: Sneasler|Sneasler, L50, F|100/100\n|switch|p1b: Garchomp|Garchomp, L50, F|100/100\n|switch|p2a: Aerodactyl|Aerodactyl, L50, F|100/100\n|switch|p2b: Froslass|Froslass, L50, F|100/100\n|-ability|p2a: Aerodactyl|Unnerve\n|turn|1\n|\n|t:|1776474081\n|detailschange|p2b: Froslass|Froslass-Mega, L50, F\n|-mega|p2b: Froslass|Froslass|Froslassite\n|-weather|Snowscape|[from] ability: Snow Warning|[of] p2b: Froslass\n|move|p1a: Sneasler|Fake Out|p2a: Aerodactyl\n|-resisted|p2a: Aerodactyl|1\n|-damage|p2a: Aerodactyl|89/100\n|cant|p2a: Aerodactyl|flinch\n|move|p2b: Froslass|Blizzard|p1b: Garchomp|[spread] p1a,p1b\n|-supereffective|p1b: Garchomp|2\n|-damage|p1a: Sneasler|37/100\n|-damage|p1b: Garchomp|0 fnt\n|faint|p1b: Garchomp\n|\n|-weather|Snowscape|[upkeep]\n|upkeep\n|inactive|treegirl22 has 30 seconds left.\n|\n|t:|1776474110\n|switch|p1b: Whimsicott|Whimsicott, L50, F|100/100\n|turn|2\n|\n|t:|1776474118\n|move|p1b: Whimsicott|Tailwind|p1b: Whimsicott\n|-sidestart|p1: treegirl22|move: Tailwind\n|move|p1a: Sneasler|Close Combat|p2a: Aerodactyl\n|-damage|p2a: Aerodactyl|0 fnt\n|-unboost|p1a: Sneasler|def|1\n|-unboost|p1a: Sneasler|spd|1\n|faint|p2a: Aerodactyl\n|-enditem|p1a: Sneasler|White Herb\n|-clearnegativeboost|p1a: Sneasler|[silent]\n|move|p2b: Froslass|Blizzard|p1b: Whimsicott|[spread] p1a,p1b\n|-supereffective|p1b: Whimsicott|1\n|-damage|p1a: Sneasler|0 fnt\n|-enditem|p1b: Whimsicott|Focus Sash\n|-damage|p1b: Whimsicott|1/100\n|faint|p1a: Sneasler\n|\n|-weather|Snowscape|[upkeep]\n|upkeep\n|\n|t:|1776474137\n|switch|p2a: Sneasler|Sneasler, L50, M|100/100\n|switch|p1a: Charizard|Charizard, L50, F|100/100\n|turn|3\n|\n|t:|1776474153\n|detailschange|p1a: Charizard|Charizard-Mega-Y, L50, F\n|-mega|p1a: Charizard|Charizard|Charizardite Y\n|-weather|SunnyDay|[from] ability: Drought|[of] p1a: Charizard\n|move|p1b: Whimsicott|Protect|p1b: Whimsicott\n|-singleturn|p1b: Whimsicott|Protect\n|move|p1a: Charizard|Protect|p1a: Charizard\n|-singleturn|p1a: Charizard|Protect\n|move|p2a: Sneasler|Rock Tomb|p1a: Charizard\n|-activate|p1a: Charizard|move: Protect\n|move|p2b: Froslass|Blizzard|p1a: Charizard|[spread] \n|-activate|p1a: Charizard|move: Protect\n|-activate|p1b: Whimsicott|move: Protect\n|\n|-weather|SunnyDay|[upkeep]\n|upkeep\n|turn|4\n|inactive|Wo-Chien<3 has 30 seconds left.\n|inactive|Wo-Chien<3 has 20 seconds left.\n|\n|t:|1776474191\n|move|p2b: Froslass|Protect|p2b: Froslass\n|-singleturn|p2b: Froslass|Protect\n|move|p1b: Whimsicott|Moonblast|p2a: Sneasler\n|-damage|p2a: Sneasler|54/100\n|move|p1a: Charizard|Heat Wave|p2a: Sneasler|[spread] p2a\n|-activate|p2b: Froslass|move: Protect\n|-damage|p2a: Sneasler|0 fnt\n|faint|p2a: Sneasler\n|\n|-weather|SunnyDay|[upkeep]\n|upkeep\n|\n|t:|1776474197\n|switch|p2a: Rotom|Rotom-Frost, L50|100/100\n|turn|5\n|\n|t:|1776474211\n|move|p1b: Whimsicott|Protect|p1b: Whimsicott\n|-singleturn|p1b: Whimsicott|Protect\n|move|p1a: Charizard|Heat Wave|p2b: Froslass|[spread] p2a\n|-miss|p1a: Charizard|p2b: Froslass\n|-supereffective|p2a: Rotom|1\n|-damage|p2a: Rotom|0 fnt\n|faint|p2a: Rotom\n|move|p2b: Froslass|Blizzard|p1b: Whimsicott|[spread] p1a\n|-activate|p1b: Whimsicott|move: Protect\n|-damage|p1a: Charizard|53/100\n|\n|-weather|SunnyDay|[upkeep]\n|-sideend|p1: treegirl22|move: Tailwind\n|upkeep\n|turn|6\n|\n|t:|1776474231\n|move|p1b: Whimsicott|Tailwind|p1b: Whimsicott\n|-sidestart|p1: treegirl22|move: Tailwind\n|move|p1a: Charizard|Flamethrower|p2b: Froslass\n|-supereffective|p2b: Froslass|1\n|-damage|p2b: Froslass|0 fnt\n|faint|p2b: Froslass\n|\n|win|treegirl22\n|raw|treegirl22's rating: 1241 &rarr; <strong>1272</strong><br />(+31 for winning)\n|raw|Wo-Chien&lt;3's rating: 1320 &rarr; <strong>1296</strong><br />(-24 for losing)\n",
  "uploadtime": 1776474233,
  "views": 25,
  "formatid": "gen9championsvgc2026regma",
  "rating": 1272,
  "private": 0,
  "password": null
}