{
  "id": "gen9championsvgc2026regma-2580388362",
  "format": "[Gen 9 Champions] VGC 2026 Reg M-A",
  "players": [
    "Jamie Boyt Alt",
    "roherto"
  ],
  "log": "|j|\u2606Jamie Boyt Alt\n|j|\u2606roherto\n|t:|1775889072\n|gametype|doubles\n|player|p1|Jamie Boyt Alt|ghetsis|\n|player|p2|roherto|hilbert|\n|gen|9\n|tier|[Gen 9 Champions] VGC 2026 Reg M-A\n|rated|Tournament battle\n|rule|Species Clause: Limit one of each Pok\u00e9mon\n|rule|Item Clause: Limit 1 of each item\n|clearpoke\n|poke|p1|Gengar, L50, F|\n|poke|p1|Ninetales-Alola, L50, M|\n|poke|p1|Forretress, L50, M|\n|poke|p1|Rotom-Wash, L50|\n|poke|p1|Incineroar, L50, M|\n|poke|p1|Garchomp, L50, M|\n|poke|p2|Venusaur, L50, M|\n|poke|p2|Charizard, L50, M|\n|poke|p2|Whimsicott, L50, M|\n|poke|p2|Farigiraf, L50, M|\n|poke|p2|Kingambit, L50, M|\n|poke|p2|Rotom-Wash, L50|\n|teampreview|4\n|inactive|Battle timer is ON: inactive players will automatically lose when time's up. (requested by Jamie Boyt Alt)\n|inactive|Jamie Boyt Alt has 60 seconds left.\n|inactive|roherto has 60 seconds left.\n|\n|t:|1775889118\n|teamsize|p1|4\n|teamsize|p2|4\n|start\n|switch|p1a: Incineroar|Incineroar, L50, M|100/100\n|switch|p1b: Gengar|Gengar, L50, F|100/100\n|switch|p2a: Kingambit|Kingambit, L50, M|100/100\n|switch|p2b: Rotom|Rotom-Wash, L50|100/100\n|-ability|p1a: Incineroar|Intimidate|boost\n|-unboost|p2a: Kingambit|atk|1\n|-ability|p2a: Kingambit|Defiant|boost\n|-boost|p2a: Kingambit|atk|2\n|-unboost|p2b: Rotom|atk|1\n|turn|1\n|inactive|Jamie Boyt Alt has 30 seconds left.\n|inactive|roherto has 30 seconds left.\n|\n|t:|1775889150\n|detailschange|p1b: Gengar|Gengar-Mega, L50, F\n|-mega|p1b: Gengar|Gengar|Gengarite\n|move|p1b: Gengar|Protect|p1b: Gengar\n|-singleturn|p1b: Gengar|Protect\n|move|p2b: Rotom|Trick|p1a: Incineroar\n|-activate|p2b: Rotom|move: Trick|[of] p1a: Incineroar\n|-item|p1a: Incineroar|Choice Scarf|[from] move: Trick\n|-item|p2b: Rotom|Shuca Berry|[from] move: Trick\n|move|p1a: Incineroar|Parting Shot|p2b: Rotom\n|-unboost|p2b: Rotom|atk|1\n|-unboost|p2b: Rotom|spa|1\n|\n|t:|1775889160\n|switch|p1a: Garchomp|Garchomp, L50, M, shiny|100/100|[from] Parting Shot\n|move|p2a: Kingambit|Swords Dance|p2a: Kingambit\n|-boost|p2a: Kingambit|atk|2\n|\n|upkeep\n|turn|2\n|inactive|Jamie Boyt Alt has 30 seconds left.\n|inactive|roherto has 30 seconds left.\n|inactive|roherto has 20 seconds left.\n|\n|t:|1775889196\n|switch|p1a: Rotom|Rotom-Wash, L50|100/100\n|move|p2a: Kingambit|Sucker Punch||[still]\n|-fail|p2a: Kingambit\n|move|p1b: Gengar|Perish Song|p1b: Gengar\n|-start|p1a: Rotom|perish3|[silent]\n|-start|p1b: Gengar|perish3|[silent]\n|-start|p2a: Kingambit|perish3|[silent]\n|-start|p2b: Rotom|perish3|[silent]\n|-fieldactivate|move: Perish Song\n|move|p2b: Rotom|Hydro Pump|p1a: Rotom\n|-resisted|p1a: Rotom|1\n|-damage|p1a: Rotom|80/100\n|\n|-start|p1b: Gengar|perish3\n|-start|p2b: Rotom|perish3\n|-start|p1a: Rotom|perish3\n|-start|p2a: Kingambit|perish3\n|upkeep\n|turn|3\n|\n|t:|1775889216\n|move|p1b: Gengar|Protect|p1b: Gengar\n|-singleturn|p1b: Gengar|Protect\n|move|p2b: Rotom|Volt Switch|p1a: Rotom\n|-damage|p1a: Rotom|57/100\n|\n|t:|1775889229\n|switch|p2b: Charizard|Charizard, L50, M|100/100|[from] Volt Switch\n|move|p1a: Rotom|Will-O-Wisp|p2a: Kingambit\n|-status|p2a: Kingambit|brn\n|move|p2a: Kingambit|Kowtow Cleave|p1b: Gengar\n|-activate|p1b: Gengar|move: Protect\n|\n|-damage|p2a: Kingambit|95/100 brn|[from] brn\n|-start|p1b: Gengar|perish2\n|-start|p1a: Rotom|perish2\n|-start|p2a: Kingambit|perish2\n|upkeep\n|turn|4\n|\n|t:|1775889240\n|switch|p1a: Incineroar|Incineroar, L50, M|100/100\n|-ability|p1a: Incineroar|Intimidate|boost\n|-unboost|p2a: Kingambit|atk|1\n|-ability|p2a: Kingambit|Defiant|boost\n|-boost|p2a: Kingambit|atk|2\n|-unboost|p2b: Charizard|atk|1\n|detailschange|p2b: Charizard|Charizard-Mega-X, L50, M\n|-mega|p2b: Charizard|Charizard|Charizardite X\n|move|p1b: Gengar|Disable|p2a: Kingambit\n|-start|p2a: Kingambit|Disable|Kowtow Cleave\n|move|p2b: Charizard|Dragon Claw|p1a: Incineroar\n|-damage|p1a: Incineroar|62/100\n|cant|p2a: Kingambit|Disable|Kowtow Cleave\n|\n|-damage|p2a: Kingambit|89/100 brn|[from] brn\n|-start|p1b: Gengar|perish1\n|-start|p2a: Kingambit|perish1\n|upkeep\n|turn|5\n|inactive|roherto has 30 seconds left.\n|inactive|roherto has 20 seconds left.\n|\n|t:|1775889277\n|switch|p1b: Rotom|Rotom-Wash, L50|57/100\n|move|p2a: Kingambit|Sucker Punch||[still]\n|-fail|p2a: Kingambit\n|move|p2b: Charizard|Flare Blitz|p1b: Rotom\n|-resisted|p1b: Rotom|1\n|-damage|p1b: Rotom|27/100\n|-enditem|p1b: Rotom|Sitrus Berry|[eat]\n|-heal|p1b: Rotom|51/100|[from] item: Sitrus Berry\n|-damage|p2b: Charizard|91/100|[from] Recoil\n|move|p1a: Incineroar|Parting Shot|p2b: Charizard\n|-unboost|p2b: Charizard|atk|1\n|-unboost|p2b: Charizard|spa|1\n|j| washedpower\n|\n|t:|1775889296\n|switch|p1a: Garchomp|Garchomp, L50, M, shiny|100/100|[from] Parting Shot\n|\n|-damage|p2a: Kingambit|83/100 brn|[from] brn\n|-start|p2a: Kingambit|perish0\n|upkeep\n|faint|p2a: Kingambit\n|\n|t:|1775889301\n|switch|p2a: Whimsicott|Whimsicott, L50, M|100/100\n|turn|6\n|inactive|Jamie Boyt Alt has 30 seconds left.\n|\n|t:|1775889335\n|switch|p1a: Incineroar|Incineroar, L50, M|62/100\n|-ability|p1a: Incineroar|Intimidate|boost\n|-unboost|p2a: Whimsicott|atk|1\n|-unboost|p2b: Charizard|atk|1\n|switch|p2b: Rotom|Rotom-Wash, L50|100/100\n|move|p2a: Whimsicott|Tailwind|p2a: Whimsicott\n|-sidestart|p2: roherto|move: Tailwind\n|move|p1b: Rotom|Eerie Impulse|p2a: Whimsicott\n|-unboost|p2a: Whimsicott|spa|2\n|\n|upkeep\n|turn|7\n|inactive|Jamie Boyt Alt has 30 seconds left.\n|\n|t:|1775889369\n|move|p1a: Incineroar|Fake Out|p2b: Rotom\n|-damage|p2b: Rotom|85/100\n|move|p2a: Whimsicott|Moonblast|p1b: Rotom\n|-damage|p1b: Rotom|36/100\n|cant|p2b: Rotom|flinch\n|move|p1b: Rotom|Eerie Impulse|p2b: Rotom\n|-unboost|p2b: Rotom|spa|2\n|\n|upkeep\n|turn|8\n|\n|t:|1775889385\n|switch|p1a: Gengar|Gengar-Mega, L50, F|100/100\n|move|p2a: Whimsicott|Encore||[still]\n|-fail|p2a: Whimsicott\n|move|p2b: Rotom|Volt Switch|p1a: Gengar\n|-damage|p1a: Gengar|79/100\n|\n|t:|1775889391\n|switch|p2b: Charizard|Charizard-Mega-X, L50, M|91/100|[from] Volt Switch\n|move|p1b: Rotom|Thunderbolt|p2b: Charizard\n|-resisted|p2b: Charizard|1\n|-damage|p2b: Charizard|69/100\n|\n|upkeep\n|turn|9\n|\n|t:|1775889406\n|switch|p1a: Incineroar|Incineroar, L50, M|62/100\n|-ability|p1a: Incineroar|Intimidate|boost\n|-unboost|p2a: Whimsicott|atk|1\n|-unboost|p2b: Charizard|atk|1\n|move|p2a: Whimsicott|Moonblast|p1b: Rotom\n|-damage|p1b: Rotom|22/100\n|move|p2b: Charizard|Flare Blitz|p1a: Incineroar\n|-resisted|p1a: Incineroar|1\n|-crit|p1a: Incineroar\n|-damage|p1a: Incineroar|0 fnt\n|faint|p1a: Incineroar\n|-damage|p2b: Charizard|44/100|[from] Recoil\n|move|p1b: Rotom|Hydro Pump|p2b: Charizard\n|-damage|p2b: Charizard|0 fnt\n|faint|p2b: Charizard\n|\n|-sideend|p2: roherto|move: Tailwind\n|upkeep\n|\n|t:|1775889423\n|switch|p2b: Rotom|Rotom-Wash, L50|85/100\n|switch|p1a: Gengar|Gengar-Mega, L50, F|79/100\n|turn|10\n|inactive|Jamie Boyt Alt has 30 seconds left.\n|inactive|Jamie Boyt Alt has 20 seconds left.\n|inactive|Jamie Boyt Alt has 15 seconds left.\n|\n|t:|1775889465\n|move|p2a: Whimsicott|Tailwind|p2a: Whimsicott\n|-sidestart|p2: roherto|move: Tailwind\n|move|p2b: Rotom|Hydro Pump|p1a: Gengar\n|-damage|p1a: Gengar|15/100\n|move|p1a: Gengar|Shadow Ball|p2b: Rotom\n|-damage|p2b: Rotom|23/100\n|move|p1b: Rotom|Thunderbolt|p2b: Rotom\n|-damage|p2b: Rotom|0 fnt\n|faint|p2b: Rotom\n|\n|upkeep\n|turn|11\n|\n|t:|1775889486\n|move|p1a: Gengar|Protect|p1a: Gengar\n|-singleturn|p1a: Gengar|Protect\n|move|p2a: Whimsicott|Moonblast|p1a: Gengar\n|-activate|p1a: Gengar|move: Protect\n|move|p1b: Rotom|Thunderbolt|p2a: Whimsicott\n|-resisted|p2a: Whimsicott|1\n|-damage|p2a: Whimsicott|75/100\n|\n|upkeep\n|turn|12\n|\n|t:|1775889497\n|switch|p1a: Garchomp|Garchomp, L50, M, shiny|100/100\n|move|p2a: Whimsicott|Moonblast|p1a: Garchomp\n|-supereffective|p1a: Garchomp|1\n|-damage|p1a: Garchomp|71/100\n|move|p1b: Rotom|Thunderbolt|p2a: Whimsicott\n|-resisted|p2a: Whimsicott|1\n|-damage|p2a: Whimsicott|48/100\n|-status|p2a: Whimsicott|par\n|\n|upkeep\n|turn|13\n|c|\u2606Jamie Boyt Alt|gg\n|\n|t:|1775889508\n|move|p1a: Garchomp|Stomping Tantrum|p2a: Whimsicott\n|-resisted|p2a: Whimsicott|1\n|-damage|p2a: Whimsicott|27/100 par\n|move|p2a: Whimsicott|Moonblast|p1a: Garchomp\n|-supereffective|p1a: Garchomp|1\n|-damage|p1a: Garchomp|42/100\n|move|p1b: Rotom|Thunderbolt|p2a: Whimsicott\n|-resisted|p2a: Whimsicott|1\n|-damage|p2a: Whimsicott|0 fnt\n|faint|p2a: Whimsicott\n|\n|win|Jamie Boyt Alt\n|n|\u2606Jamie Boyt Alt|jamieboytalt\n|n|\u2606roherto|roherto\n|n| washedpower|washedpower\n",
  "uploadtime": 1775889512,
  "views": 18,
  "formatid": "gen9championsvgc2026regma",
  "rating": null,
  "private": 0,
  "password": null
}