{
  "id": "gen9championsvgc2026regma-2585698895",
  "format": "[Gen 9 Champions] VGC 2026 Reg M-A",
  "players": [
    "CBNUN003",
    "Doubles Pleb"
  ],
  "log": "|j|\u2606CBNUN003\n|j|\u2606Doubles Pleb\n|t:|1776364531\n|gametype|doubles\n|player|p1|CBNUN003|102|1047\n|player|p2|Doubles Pleb|170|1000\n|gen|9\n|tier|[Gen 9 Champions] VGC 2026 Reg M-A\n|rated|\n|rule|Species Clause: Limit one of each Pok\u00e9mon\n|rule|Item Clause: Limit 1 of each item\n|clearpoke\n|poke|p1|Tyranitar, L50, M|\n|poke|p1|Gliscor, L50, M|\n|poke|p1|Aggron, L50, F|\n|poke|p1|Sableye, L50, M|\n|poke|p1|Sinistcha, L50|\n|poke|p1|Rotom-Wash, L50|\n|poke|p2|Raichu-Alola, L50, F|\n|poke|p2|Pelipper, L50, F|\n|poke|p2|Incineroar, L50, M|\n|poke|p2|Dragonite, L50, M|\n|poke|p2|Basculegion, L50, M|\n|poke|p2|Garchomp, L50, F|\n|teampreview|4\n|\n|t:|1776364569\n|teamsize|p1|4\n|teamsize|p2|4\n|start\n|switch|p1a: Rotom|Rotom-Wash, L50|100/100\n|switch|p1b: Sableye|Sableye, L50, M|100/100\n|switch|p2a: Incineroar|Incineroar, L50, M|100/100\n|switch|p2b: Basculegion|Basculegion, L50, M|100/100\n|-ability|p2a: Incineroar|Intimidate|boost\n|-unboost|p1a: Rotom|atk|1\n|-unboost|p1b: Sableye|atk|1\n|turn|1\n|\n|t:|1776364603\n|move|p2a: Incineroar|Fake Out|p1a: Rotom\n|-damage|p1a: Rotom|86/100\n|move|p1b: Sableye|Fake Out|p2a: Incineroar\n|-damage|p2a: Incineroar|95/100\n|move|p2b: Basculegion|Flip Turn|p1b: Sableye\n|-damage|p1b: Sableye|44/100\n|-enditem|p1b: Sableye|Sitrus Berry|[eat]\n|-heal|p1b: Sableye|69/100|[from] item: Sitrus Berry\n|\n|t:|1776364613\n|switch|p2b: Raichu|Raichu-Alola, L50, F|100/100|[from] Flip Turn\n|cant|p1a: Rotom|flinch\n|\n|upkeep\n|turn|2\n|\n|t:|1776364638\n|move|p1b: Sableye|Quash|p2b: Raichu\n|-activate|p2b: Raichu|move: Quash\n|move|p1a: Rotom|Thunderbolt|p2a: Incineroar\n|-damage|p2a: Incineroar|63/100\n|move|p2a: Incineroar|Parting Shot|p1a: Rotom\n|-unboost|p1a: Rotom|atk|1\n|-unboost|p1a: Rotom|spa|1\n|\n|t:|1776364647\n|switch|p2a: Dragonite|Dragonite, L50, M|100/100|[from] Parting Shot\n|move|p2b: Raichu|Electric Terrain|p2b: Raichu\n|-fieldstart|move: Electric Terrain\n|\n|upkeep\n|turn|3\n|\n|t:|1776364663\n|detailschange|p2a: Dragonite|Dragonite-Mega, L50, M\n|-mega|p2a: Dragonite|Dragonite|Dragoninite\n|move|p1b: Sableye|Encore|p2b: Raichu\n|-start|p2b: Raichu|Encore\n|move|p2b: Raichu|Electric Terrain||[still]\n|-fail|p2b: Raichu\n|move|p1a: Rotom|Thunderbolt|p2a: Dragonite\n|-damage|p2a: Dragonite|89/100\n|move|p2a: Dragonite|Thunder|p1b: Sableye\n|-damage|p1b: Sableye|18/100\n|-status|p1b: Sableye|par\n|\n|upkeep\n|turn|4\n|\n|t:|1776364689\n|switch|p2b: Incineroar|Incineroar, L50, M|63/100\n|-ability|p2b: Incineroar|Intimidate|boost\n|-unboost|p1a: Rotom|atk|1\n|-unboost|p1b: Sableye|atk|1\n|switch|p1a: Sinistcha|Sinistcha, L50|100/100\n|-heal|p1b: Sableye|43/100 par|[from] ability: Hospitality|[of] p1a: Sinistcha\n|move|p1b: Sableye|Wonder Room|p1b: Sableye\n|-fieldstart|move: Wonder Room|[of] p1b: Sableye\n|move|p2a: Dragonite|Thunder|p1b: Sableye|[miss]\n|-miss|p2a: Dragonite|p1b: Sableye\n|\n|upkeep\n|turn|5\n|\n|t:|1776364736\n|switch|p1b: Rotom|Rotom-Wash, L50|86/100\n|move|p2a: Dragonite|Hurricane|p1a: Sinistcha|[miss]\n|-miss|p2a: Dragonite|p1a: Sinistcha\n|move|p2b: Incineroar|Throat Chop|p1b: Rotom\n|-damage|p1b: Rotom|43/100\n|-start|p1b: Rotom|Throat Chop|[silent]\n|move|p1a: Sinistcha|Trick Room|p1a: Sinistcha\n|-fieldstart|move: Trick Room|[of] p1a: Sinistcha\n|\n|upkeep\n|turn|6\n|\n|t:|1776364765\n|move|p2b: Incineroar|Parting Shot|p1b: Rotom\n|-unboost|p1b: Rotom|atk|1\n|-unboost|p1b: Rotom|spa|1\n|\n|t:|1776364770\n|switch|p2b: Raichu|Raichu-Alola, L50, F|100/100|[from] Parting Shot\n|move|p1a: Sinistcha|Matcha Gotcha|p2b: Raichu|[spread] p2a,p2b\n|-resisted|p2a: Dragonite|2\n|-damage|p2a: Dragonite|83/100\n|-damage|p2b: Raichu|36/100\n|-status|p2a: Dragonite|brn\n|move|p2a: Dragonite|Hurricane|p1a: Sinistcha\n|-supereffective|p1a: Sinistcha|1\n|-damage|p1a: Sinistcha|0 fnt\n|faint|p1a: Sinistcha\n|move|p1b: Rotom|Volt Switch|p2b: Raichu\n|-resisted|p2b: Raichu|1\n|-damage|p2b: Raichu|14/100\n|\n|t:|1776364788\n|switch|p1b: Aggron|Aggron, L50, F|100/100|[from] Volt Switch\n|\n|-damage|p2a: Dragonite|77/100 brn|[from] brn\n|-fieldend|move: Electric Terrain\n|upkeep\n|\n|t:|1776364795\n|switch|p1a: Sableye|Sableye, L50, M|43/100 par\n|turn|7\n|\n|t:|1776364809\n|switch|p2b: Incineroar|Incineroar, L50, M|63/100\n|-ability|p2b: Incineroar|Intimidate|boost\n|-unboost|p1a: Sableye|atk|1\n|-unboost|p1b: Aggron|atk|1\n|detailschange|p1b: Aggron|Aggron-Mega, L50, F\n|-mega|p1b: Aggron|Aggron|Aggronite\n|move|p2a: Dragonite|Protect|p2a: Dragonite\n|-singleturn|p2a: Dragonite|Protect\n|move|p1a: Sableye|Fake Out|p2b: Incineroar\n|-damage|p2b: Incineroar|60/100\n|move|p1b: Aggron|Iron Defense|p1b: Aggron\n|-boost|p1b: Aggron|def|2\n|\n|-damage|p2a: Dragonite|71/100 brn|[from] brn\n|upkeep\n|turn|8\n|\n|t:|1776364828\n|switch|p2a: Basculegion|Basculegion, L50, M|100/100\n|move|p1a: Sableye|Encore||[still]\n|-fail|p1a: Sableye\n|-hint|Body Press uses Def boosts when Wonder Room is active.\n|move|p1b: Aggron|Body Press|p2b: Incineroar\n|-supereffective|p2b: Incineroar|1\n|-damage|p2b: Incineroar|0 fnt\n|faint|p2b: Incineroar\n|\n|-fieldend|move: Wonder Room\n|upkeep\n|\n|t:|1776364839\n|switch|p2b: Dragonite|Dragonite-Mega, L50, M|71/100 brn\n|turn|9\n|\n|t:|1776364856\n|move|p1a: Sableye|Wonder Room|p1a: Sableye\n|-fieldstart|move: Wonder Room|[of] p1a: Sableye\n|move|p1b: Aggron|Heavy Slam|p2a: Basculegion\n|-resisted|p2a: Basculegion|1\n|-damage|p2a: Basculegion|80/100\n|move|p2b: Dragonite|Thunder|p1b: Aggron|[miss]\n|-miss|p2b: Dragonite|p1b: Aggron\n|move|p2a: Basculegion|Last Respects|p1a: Sableye\n|-damage|p1a: Sableye|0 fnt\n|faint|p1a: Sableye\n|\n|-damage|p2b: Dragonite|65/100 brn|[from] brn\n|-fieldend|move: Trick Room\n|upkeep\n|\n|t:|1776364872\n|switch|p1a: Rotom|Rotom-Wash, L50|43/100\n|turn|10\n|\n|t:|1776364886\n|move|p2a: Basculegion|Last Respects|p1a: Rotom\n|-damage|p1a: Rotom|0 fnt\n|faint|p1a: Rotom\n|move|p2b: Dragonite|Thunder|p1b: Aggron|[miss]\n|-miss|p2b: Dragonite|p1b: Aggron\n|move|p1b: Aggron|Heavy Slam|p2b: Dragonite\n|-damage|p2b: Dragonite|52/100 brn\n|\n|-damage|p2b: Dragonite|46/100 brn|[from] brn\n|upkeep\n|turn|11\n|\n|t:|1776364905\n|move|p2a: Basculegion|Last Respects|p1b: Aggron\n|-damage|p1b: Aggron|53/100\n|move|p2b: Dragonite|Thunder|p1b: Aggron\n|-damage|p1b: Aggron|28/100\n|-hint|Body Press uses Def boosts when Wonder Room is active.\n|move|p1b: Aggron|Body Press|p2b: Dragonite\n|-resisted|p2b: Dragonite|1\n|-damage|p2b: Dragonite|26/100 brn\n|\n|-damage|p2b: Dragonite|20/100 brn|[from] brn\n|upkeep\n|turn|12\n|\n|t:|1776364921\n|move|p2a: Basculegion|Last Respects|p1b: Aggron\n|-damage|p1b: Aggron|0 fnt\n|faint|p1b: Aggron\n|\n|win|Doubles Pleb\n|raw|CBNUN003's rating: 1047 &rarr; <strong>1028</strong><br />(-19 for losing)\n|raw|Doubles Pleb's rating: 1000 &rarr; <strong>1045</strong><br />(+45 for winning)\n|l|\u2606Doubles Pleb\n|player|p2|\n",
  "uploadtime": 1776365187,
  "views": 19,
  "formatid": "gen9championsvgc2026regma",
  "rating": 1028,
  "private": 0,
  "password": null
}