{
  "id": "gen9championsvgc2026regma-2588498820",
  "format": "[Gen 9 Champions] VGC 2026 Reg M-A",
  "players": [
    "sdlt 2krl coolguy",
    "SmoothSmooth"
  ],
  "log": "|raw|<div class=\"broadcast-blue\"><strong>This battle is required to be public due to a player having a name starting with 'sdlt'.</div>\n|j|\u2606sdlt 2krl coolguy\n|j|\u2606SmoothSmooth\n|t:|1776639038\n|gametype|doubles\n|player|p1|sdlt 2krl coolguy|leon-masters2|1237\n|player|p2|SmoothSmooth|dana|1143\n|gen|9\n|tier|[Gen 9 Champions] VGC 2026 Reg M-A\n|rated|\n|rule|Species Clause: Limit one of each Pok\u00e9mon\n|rule|Item Clause: Limit 1 of each item\n|clearpoke\n|poke|p1|Incineroar, L50, M|\n|poke|p1|Hatterene, L50, F, shiny|\n|poke|p1|Farigiraf, L50, M|\n|poke|p1|Torkoal, L50, F, shiny|\n|poke|p1|Kingambit, L50, M|\n|poke|p1|Charizard, L50, M|\n|poke|p2|Delphox, L50, M|\n|poke|p2|Heliolisk, L50, M|\n|poke|p2|Garganacl, L50, M|\n|poke|p2|Milotic, L50, F|\n|poke|p2|Garchomp, L50, M|\n|poke|p2|Meowscarada, L50, F|\n|teampreview|4\n|inactive|Battle timer is ON: inactive players will automatically lose when time's up. (requested by sdlt 2krl coolguy)\n|\n|t:|1776639062\n|teamsize|p1|4\n|teamsize|p2|4\n|start\n|switch|p1a: Incineroar|Incineroar, L50, M|100/100\n|switch|p1b: Farigiraf|Farigiraf, L50, M|100/100\n|switch|p2a: Delphox|Delphox, L50, M|100/100\n|switch|p2b: Milotic|Milotic, L50, F|100/100\n|-ability|p1a: Incineroar|Intimidate|boost\n|-unboost|p2a: Delphox|atk|1\n|-unboost|p2b: Milotic|atk|1\n|-ability|p2b: Milotic|Competitive|boost\n|-boost|p2b: Milotic|spa|2\n|turn|1\n|\n|t:|1776639080\n|detailschange|p2a: Delphox|Delphox-Mega, L50, M\n|-mega|p2a: Delphox|Delphox|Delphoxite\n|move|p2a: Delphox|Protect|p2a: Delphox\n|-singleturn|p2a: Delphox|Protect\n|move|p1a: Incineroar|Fake Out|p2b: Milotic\n|-damage|p2b: Milotic|91/100\n|cant|p2b: Milotic|flinch\n|move|p1b: Farigiraf|Trick Room|p1b: Farigiraf\n|-fieldstart|move: Trick Room|[of] p1b: Farigiraf\n|\n|upkeep\n|turn|2\n|\n|t:|1776639093\n|move|p1a: Incineroar|Darkest Lariat|p2b: Milotic\n|-damage|p2b: Milotic|60/100\n|move|p1b: Farigiraf|Hyper Voice|p2b: Milotic|[spread] p2a,p2b\n|-damage|p2a: Delphox|72/100\n|-damage|p2b: Milotic|39/100\n|-enditem|p2b: Milotic|Sitrus Berry|[eat]\n|-heal|p2b: Milotic|64/100|[from] item: Sitrus Berry\n|move|p2b: Milotic|Scald|p1a: Incineroar\n|-supereffective|p1a: Incineroar|1\n|-damage|p1a: Incineroar|7/100\n|move|p2a: Delphox|Trick Room|p2a: Delphox\n|-fieldend|move: Trick Room\n|\n|upkeep\n|turn|3\n|inactive|sdlt 2krl coolguy has 30 seconds left.\n|\n|t:|1776639119\n|move|p1b: Farigiraf|Protect|p1b: Farigiraf\n|-singleturn|p1b: Farigiraf|Protect\n|move|p2a: Delphox|Heat Wave|p1b: Farigiraf|[spread] p1a\n|-activate|p1b: Farigiraf|move: Protect\n|-resisted|p1a: Incineroar|1\n|-damage|p1a: Incineroar|0 fnt\n|faint|p1a: Incineroar\n|move|p2b: Milotic|Scald|p1b: Farigiraf\n|-activate|p1b: Farigiraf|move: Protect\n|\n|upkeep\n|\n|t:|1776639125\n|switch|p1a: Torkoal|Torkoal, L50, F, shiny|100/100\n|-weather|SunnyDay|[from] ability: Drought|[of] p1a: Torkoal\n|turn|4\n|\n|t:|1776639138\n|move|p1a: Torkoal|Protect|p1a: Torkoal\n|-singleturn|p1a: Torkoal|Protect\n|move|p2a: Delphox|Heat Wave|p1b: Farigiraf|[spread] p1b\n|-activate|p1a: Torkoal|move: Protect\n|-damage|p1b: Farigiraf|44/100\n|-enditem|p1b: Farigiraf|Sitrus Berry|[eat]\n|-heal|p1b: Farigiraf|69/100|[from] item: Sitrus Berry\n|move|p2b: Milotic|Scald|p1b: Farigiraf\n|-damage|p1b: Farigiraf|44/100\n|move|p1b: Farigiraf|Trick Room|p1b: Farigiraf\n|-fieldstart|move: Trick Room|[of] p1b: Farigiraf\n|\n|-weather|SunnyDay|[upkeep]\n|upkeep\n|turn|5\n|inactive|sdlt 2krl coolguy has 30 seconds left.\n|\n|t:|1776639165\n|move|p1a: Torkoal|Eruption|p2a: Delphox|[spread] p2a,p2b\n|-resisted|p2a: Delphox|1\n|-resisted|p2b: Milotic|1\n|-damage|p2a: Delphox|28/100\n|-damage|p2b: Milotic|31/100\n|move|p1b: Farigiraf|Hyper Voice|p2b: Milotic|[spread] p2a,p2b\n|-crit|p2b: Milotic\n|-damage|p2a: Delphox|0 fnt\n|-damage|p2b: Milotic|0 fnt\n|faint|p2a: Delphox\n|faint|p2b: Milotic\n|\n|-weather|SunnyDay|[upkeep]\n|upkeep\n|\n|t:|1776639175\n|switch|p2b: Heliolisk|Heliolisk, L50, M|100/100\n|switch|p2a: Garganacl|Garganacl, L50, M|100/100\n|turn|6\n|\n|t:|1776639182\n|move|p2a: Garganacl|Wide Guard|p2a: Garganacl\n|-singleturn|p2a: Garganacl|Wide Guard\n|move|p1a: Torkoal|Weather Ball|p2b: Heliolisk\n|-enditem|p2b: Heliolisk|Focus Sash\n|-damage|p2b: Heliolisk|1/100\n|move|p1b: Farigiraf|Imprison|p1b: Farigiraf\n|-start|p1b: Farigiraf|move: Imprison\n|move|p2b: Heliolisk|Thunderbolt|p1a: Torkoal\n|-damage|p1a: Torkoal|42/100\n|\n|-weather|SunnyDay|[upkeep]\n|-damage|p2b: Heliolisk|0 fnt|[from] ability: Dry Skin|[of] p2b: Heliolisk\n|faint|p2b: Heliolisk\n|upkeep\n|turn|7\n|\n|t:|1776639201\n|move|p1a: Torkoal|Earth Power|p2a: Garganacl\n|-supereffective|p2a: Garganacl|1\n|-damage|p2a: Garganacl|64/100\n|move|p2a: Garganacl|Salt Cure|p1a: Torkoal\n|-supereffective|p1a: Torkoal|1\n|-damage|p1a: Torkoal|21/100\n|-start|p1a: Torkoal|Salt Cure\n|move|p1b: Farigiraf|Hyper Voice|p2a: Garganacl\n|-resisted|p2a: Garganacl|1\n|-damage|p2a: Garganacl|51/100\n|\n|-weather|SunnyDay|[upkeep]\n|-heal|p2a: Garganacl|57/100|[from] item: Leftovers\n|-damage|p1a: Torkoal|15/100|[from] Salt Cure\n|upkeep\n|turn|8\n|\n|t:|1776639212\n|move|p1a: Torkoal|Earth Power|p2a: Garganacl\n|-supereffective|p2a: Garganacl|1\n|-damage|p2a: Garganacl|22/100\n|-unboost|p2a: Garganacl|spd|1\n|move|p2a: Garganacl|Recover|p2a: Garganacl\n|-heal|p2a: Garganacl|72/100\n|move|p1b: Farigiraf|Hyper Voice|p2a: Garganacl\n|-resisted|p2a: Garganacl|1\n|-damage|p2a: Garganacl|54/100\n|\n|-weather|none\n|-heal|p2a: Garganacl|59/100|[from] item: Leftovers\n|-damage|p1a: Torkoal|8/100|[from] Salt Cure\n|-fieldend|move: Trick Room\n|upkeep\n|turn|9\n|\n|t:|1776639221\n|move|p1b: Farigiraf|Hyper Voice|p2a: Garganacl\n|-resisted|p2a: Garganacl|1\n|-damage|p2a: Garganacl|38/100\n|move|p2a: Garganacl|Recover|p2a: Garganacl\n|-heal|p2a: Garganacl|88/100\n|move|p1a: Torkoal|Earth Power|p2a: Garganacl\n|-supereffective|p2a: Garganacl|1\n|-damage|p2a: Garganacl|38/100\n|\n|-heal|p2a: Garganacl|43/100|[from] item: Leftovers\n|-damage|p1a: Torkoal|2/100|[from] Salt Cure\n|upkeep\n|turn|10\n|\n|t:|1776639225\n|move|p1b: Farigiraf|Hyper Voice|p2a: Garganacl\n|-resisted|p2a: Garganacl|1\n|-damage|p2a: Garganacl|23/100\n|move|p2a: Garganacl|Recover|p2a: Garganacl\n|-heal|p2a: Garganacl|73/100\n|move|p1a: Torkoal|Earth Power|p2a: Garganacl\n|-supereffective|p2a: Garganacl|1\n|-damage|p2a: Garganacl|22/100\n|\n|-heal|p2a: Garganacl|28/100|[from] item: Leftovers\n|-damage|p1a: Torkoal|0 fnt|[from] Salt Cure\n|faint|p1a: Torkoal\n|upkeep\n|\n|t:|1776639227\n|switch|p1a: Kingambit|Kingambit, L50, M|100/100\n|turn|11\n|\n|t:|1776639230\n|move|p1b: Farigiraf|Hyper Voice|p2a: Garganacl\n|-resisted|p2a: Garganacl|1\n|-damage|p2a: Garganacl|8/100\n|move|p1a: Kingambit|Iron Head|p2a: Garganacl\n|-supereffective|p2a: Garganacl|1\n|-damage|p2a: Garganacl|0 fnt\n|faint|p2a: Garganacl\n|\n|win|sdlt 2krl coolguy\n|raw|sdlt 2krl coolguy's rating: 1237 &rarr; <strong>1255</strong><br />(+18 for winning)\n|raw|SmoothSmooth's rating: 1143 &rarr; <strong>1125</strong><br />(-18 for losing)\n",
  "uploadtime": 1776639231,
  "views": 6,
  "formatid": "gen9championsvgc2026regma",
  "rating": 1125,
  "private": 0,
  "password": null
}