{
  "id": "gen9championsvgc2026regma-2583409634",
  "format": "[Gen 9 Champions] VGC 2026 Reg M-A",
  "players": [
    "Gengarhaterrr",
    "hfjolffckudbl"
  ],
  "log": "|j|\u2606Gengarhaterrr\n|j|\u2606hfjolffckudbl\n|t:|1776173743\n|gametype|doubles\n|player|p1|Gengarhaterrr|dragontamer|1136\n|player|p2|hfjolffckudbl|jasmine|1233\n|gen|9\n|tier|[Gen 9 Champions] VGC 2026 Reg M-A\n|rated|\n|rule|Species Clause: Limit one of each Pok\u00e9mon\n|rule|Item Clause: Limit 1 of each item\n|clearpoke\n|poke|p1|Venusaur, L50, M|\n|poke|p1|Sinistcha-Masterpiece, L50|\n|poke|p1|Clefable, L50, M|\n|poke|p1|Incineroar, L50, F|\n|poke|p1|Charizard, L50, F|\n|poke|p1|Sneasler, L50, F|\n|poke|p2|Ampharos, L50, F|\n|poke|p2|Farigiraf, L50, M|\n|poke|p2|Araquanid, L50, F|\n|poke|p2|Rhyperior, L50, M|\n|poke|p2|Ninetales-Alola, L50, F|\n|poke|p2|Corviknight, L50, F|\n|teampreview|4\n|inactive|Battle timer is ON: inactive players will automatically lose when time's up. (requested by Gengarhaterrr)\n|inactive|Gengarhaterrr has 60 seconds left.\n|\n|t:|1776173783\n|teamsize|p1|4\n|teamsize|p2|4\n|start\n|switch|p1a: Incineroar|Incineroar, L50, F, shiny|100/100\n|switch|p1b: Venusaur|Venusaur, L50, M, shiny|100/100\n|switch|p2a: Araquanid|Araquanid, L50, F|100/100\n|switch|p2b: Farigiraf|Farigiraf, L50, M|100/100\n|-ability|p1a: Incineroar|Intimidate|boost\n|-unboost|p2a: Araquanid|atk|1\n|-unboost|p2b: Farigiraf|atk|1\n|turn|1\n|\n|t:|1776173800\n|detailschange|p1b: Venusaur|Venusaur-Mega, L50, M, shiny\n|-mega|p1b: Venusaur|Venusaur|Venusaurite\n|move|p1b: Venusaur|Leech Seed|p2a: Araquanid\n|-start|p2a: Araquanid|move: Leech Seed\n|move|p1a: Incineroar|Parting Shot|p2b: Farigiraf\n|-unboost|p2b: Farigiraf|atk|1\n|-unboost|p2b: Farigiraf|spa|1\n|\n|t:|1776173806\n|switch|p1a: Clefable|Clefable, L50, M, shiny|100/100|[from] Parting Shot\n|move|p2a: Araquanid|Liquidation|p1a: Clefable\n|-damage|p1a: Clefable|22/100\n|move|p2b: Farigiraf|Trick Room|p2b: Farigiraf\n|-fieldstart|move: Trick Room|[of] p2b: Farigiraf\n|\n|-heal|p1a: Clefable|28/100|[from] item: Leftovers\n|-damage|p2a: Araquanid|88/100|[from] Leech Seed|[of] p1b: Venusaur\n|upkeep\n|turn|2\n|inactive|Gengarhaterrr has 30 seconds left.\n|\n|t:|1776173838\n|move|p1a: Clefable|Protect|p1a: Clefable\n|-singleturn|p1a: Clefable|Protect\n|move|p2a: Araquanid|Liquidation|p1a: Clefable\n|-activate|p1a: Clefable|move: Protect\n|move|p2b: Farigiraf|Psychic|p1b: Venusaur\n|-supereffective|p1b: Venusaur|1\n|-damage|p1b: Venusaur|55/100\n|move|p1b: Venusaur|Leech Seed|p2b: Farigiraf\n|-start|p2b: Farigiraf|move: Leech Seed\n|\n|-heal|p1a: Clefable|34/100|[from] item: Leftovers\n|-damage|p2a: Araquanid|76/100|[from] Leech Seed|[of] p1b: Venusaur\n|-heal|p1b: Venusaur|67/100|[silent]\n|-damage|p2b: Farigiraf|88/100|[from] Leech Seed|[of] p1b: Venusaur\n|-heal|p1b: Venusaur|82/100|[silent]\n|upkeep\n|turn|3\n|\n|t:|1776173860\n|switch|p2b: Ampharos|Ampharos, L50, F|100/100\n|switch|p1a: Sinistcha|Sinistcha-Masterpiece, L50, shiny|100/100\n|-heal|p1b: Venusaur|100/100|[from] ability: Hospitality|[of] p1a: Sinistcha\n|move|p2a: Araquanid|Liquidation|p1a: Sinistcha\n|-resisted|p1a: Sinistcha|1\n|-damage|p1a: Sinistcha|80/100\n|move|p1b: Venusaur|Giga Drain|p2a: Araquanid\n|-damage|p2a: Araquanid|51/100\n|\n|-damage|p2a: Araquanid|39/100|[from] Leech Seed|[of] p1b: Venusaur\n|upkeep\n|turn|4\n|\n|t:|1776173880\n|switch|p2a: Farigiraf|Farigiraf, L50, M|88/100\n|detailschange|p2b: Ampharos|Ampharos-Mega, L50, F\n|-mega|p2b: Ampharos|Ampharos|Ampharosite\n|-ability|p2b: Ampharos|Mold Breaker\n|move|p2b: Ampharos|Dragon Pulse|p1a: Sinistcha\n|-damage|p1a: Sinistcha|19/100\n|-enditem|p1a: Sinistcha|Sitrus Berry|[eat]\n|-heal|p1a: Sinistcha|44/100|[from] item: Sitrus Berry\n|move|p1a: Sinistcha|Life Dew||[still]|[spread] p1a,p1b\n|-heal|p1a: Sinistcha|69/100\n|-fail|p1b: Venusaur|heal\n|move|p1b: Venusaur|Leech Seed|p2b: Ampharos\n|-start|p2b: Ampharos|move: Leech Seed\n|\n|-damage|p2b: Ampharos|88/100|[from] Leech Seed|[of] p1b: Venusaur\n|upkeep\n|turn|5\n|\n|t:|1776173903\n|switch|p1a: Clefable|Clefable, L50, M, shiny|34/100\n|move|p1b: Venusaur|Protect|p1b: Venusaur\n|-singleturn|p1b: Venusaur|Protect\n|move|p2b: Ampharos|Dragon Pulse|p1a: Clefable\n|-immune|p1a: Clefable\n|move|p2a: Farigiraf|Psychic|p1a: Clefable\n|-damage|p1a: Clefable|1/100\n|\n|-heal|p1a: Clefable|7/100|[from] item: Leftovers\n|-damage|p2b: Ampharos|76/100|[from] Leech Seed|[of] p1b: Venusaur\n|-fieldend|move: Trick Room\n|upkeep\n|turn|6\n|\n|t:|1776173924\n|move|p2b: Ampharos|Protect|p2b: Ampharos\n|-singleturn|p2b: Ampharos|Protect\n|move|p1a: Clefable|Follow Me|p1a: Clefable\n|-singleturn|p1a: Clefable|move: Follow Me\n|move|p1b: Venusaur|Leech Seed|p2a: Farigiraf\n|-start|p2a: Farigiraf|move: Leech Seed\n|move|p2a: Farigiraf|Hyper Voice|p1b: Venusaur|[spread] p1a,p1b\n|-damage|p1a: Clefable|0 fnt\n|-damage|p1b: Venusaur|77/100\n|faint|p1a: Clefable\n|\n|-damage|p2a: Farigiraf|76/100|[from] Leech Seed|[of] p1b: Venusaur\n|-heal|p1b: Venusaur|92/100|[silent]\n|-damage|p2b: Ampharos|64/100|[from] Leech Seed|[of] p1b: Venusaur\n|-heal|p1b: Venusaur|100/100|[silent]\n|upkeep\n|\n|t:|1776173933\n|switch|p1a: Incineroar|Incineroar, L50, F, shiny|100/100\n|-ability|p1a: Incineroar|Intimidate|boost\n|-unboost|p2a: Farigiraf|atk|1\n|-unboost|p2b: Ampharos|atk|1\n|turn|7\n|\n|t:|1776173950\n|switch|p2a: Araquanid|Araquanid, L50, F|39/100\n|move|p1b: Venusaur|Sludge Bomb|p2b: Ampharos\n|-damage|p2b: Ampharos|33/100\n|-status|p2b: Ampharos|psn\n|move|p1a: Incineroar|Throat Chop|p2a: Araquanid\n|-damage|p2a: Araquanid|2/100\n|-start|p2a: Araquanid|Throat Chop|[silent]\n|move|p2b: Ampharos|Thunderbolt|p1a: Incineroar\n|-crit|p1a: Incineroar\n|-damage|p1a: Incineroar|28/100\n|\n|-damage|p2b: Ampharos|21/100 psn|[from] Leech Seed|[of] p1b: Venusaur\n|-damage|p2b: Ampharos|9/100 psn|[from] psn\n|upkeep\n|turn|8\n|inactive|Gengarhaterrr has 30 seconds left.\n|\n|t:|1776173977\n|move|p1b: Venusaur|Giga Drain|p2a: Araquanid\n|-damage|p2a: Araquanid|0 fnt\n|faint|p2a: Araquanid\n|move|p1a: Incineroar|Throat Chop|p2b: Ampharos\n|-damage|p2b: Ampharos|0 fnt\n|faint|p2b: Ampharos\n|\n|upkeep\n|\n|t:|1776173983\n|switch|p2b: Farigiraf|Farigiraf, L50, M|76/100\n|switch|p2a: Rhyperior|Rhyperior, L50, M|100/100\n|turn|9\n|\n|t:|1776173992\n|move|p2a: Rhyperior|Protect|p2a: Rhyperior\n|-singleturn|p2a: Rhyperior|Protect\n|move|p1b: Venusaur|Leech Seed|p2b: Farigiraf\n|-start|p2b: Farigiraf|move: Leech Seed\n|move|p1a: Incineroar|Throat Chop|p2b: Farigiraf\n|-supereffective|p2b: Farigiraf|1\n|-damage|p2b: Farigiraf|17/100\n|-start|p2b: Farigiraf|Throat Chop|[silent]\n|-enditem|p2b: Farigiraf|Sitrus Berry|[eat]\n|-heal|p2b: Farigiraf|41/100|[from] item: Sitrus Berry\n|move|p2b: Farigiraf|Trick Room|p2b: Farigiraf\n|-fieldstart|move: Trick Room|[of] p2b: Farigiraf\n|\n|-damage|p2b: Farigiraf|29/100|[from] Leech Seed|[of] p1b: Venusaur\n|upkeep\n|turn|10\n|\n|t:|1776174007\n|move|p2a: Rhyperior|Rock Slide|p1a: Incineroar|[spread] p1a,p1b\n|-supereffective|p1a: Incineroar|1\n|-damage|p1a: Incineroar|0 fnt\n|-damage|p1b: Venusaur|76/100\n|faint|p1a: Incineroar\n|move|p2b: Farigiraf|Psychic|p1b: Venusaur\n|-supereffective|p1b: Venusaur|1\n|-damage|p1b: Venusaur|12/100\n|cant|p1b: Venusaur|flinch\n|\n|-damage|p2b: Farigiraf|17/100|[from] Leech Seed|[of] p1b: Venusaur\n|-heal|p1b: Venusaur|27/100|[silent]\n|-end|p2b: Farigiraf|Throat Chop|[silent]\n|upkeep\n|\n|t:|1776174011\n|switch|p1a: Sinistcha|Sinistcha-Masterpiece, L50, shiny|69/100\n|-heal|p1b: Venusaur|52/100|[from] ability: Hospitality|[of] p1a: Sinistcha\n|turn|11\n|\n|t:|1776174018\n|move|p1b: Venusaur|Protect|p1b: Venusaur\n|-singleturn|p1b: Venusaur|Protect\n|move|p2a: Rhyperior|Rock Slide|p1b: Venusaur|[spread] p1a\n|-activate|p1b: Venusaur|move: Protect\n|-damage|p1a: Sinistcha|44/100\n|move|p2b: Farigiraf|Psychic|p1b: Venusaur\n|-activate|p1b: Venusaur|move: Protect\n|cant|p1a: Sinistcha|flinch\n|\n|-damage|p2b: Farigiraf|4/100|[from] Leech Seed|[of] p1b: Venusaur\n|-heal|p1b: Venusaur|67/100|[silent]\n|upkeep\n|turn|12\n|c|\u2606Gengarhaterrr|Breh\n|c|\u2606Gengarhaterrr|serves me right ig\n|\n|t:|1776174041\n|move|p1a: Sinistcha|Rage Powder|p1a: Sinistcha\n|-singleturn|p1a: Sinistcha|move: Rage Powder\n|move|p2a: Rhyperior|Rock Slide|p1b: Venusaur|[spread] p1b\n|-miss|p2a: Rhyperior|p1a: Sinistcha\n|-damage|p1b: Venusaur|41/100\n|move|p2b: Farigiraf|Psychic|p1a: Sinistcha\n|-damage|p1a: Sinistcha|0 fnt\n|faint|p1a: Sinistcha\n|move|p1b: Venusaur|Giga Drain|p2a: Rhyperior\n|-supereffective|p2a: Rhyperior|2\n|-damage|p2a: Rhyperior|0 fnt\n|-heal|p1b: Venusaur|100/100|[from] drain|[of] p2a: Rhyperior\n|faint|p2a: Rhyperior\n|\n|-damage|p2b: Farigiraf|0 fnt|[from] Leech Seed|[of] p1b: Venusaur\n|faint|p2b: Farigiraf\n|\n|win|Gengarhaterrr\n|raw|Gengarhaterrr's rating: 1136 &rarr; <strong>1168</strong><br />(+32 for winning)\n|raw|hfjolffckudbl's rating: 1233 &rarr; <strong>1201</strong><br />(-32 for losing)\n|c|\u2606Gengarhaterrr|Ggs\n",
  "uploadtime": 1776174058,
  "views": 13,
  "formatid": "gen9championsvgc2026regma",
  "rating": 1168,
  "private": 0,
  "password": null
}