{
  "id": "gen9championsvgc2026regma-2586931080",
  "format": "[Gen 9 Champions] VGC 2026 Reg M-A",
  "players": [
    "LeviDelta2024",
    "Nekracha"
  ],
  "log": "|j|\u2606LeviDelta2024\n|j|\u2606Nekracha\n|t:|1776472954\n|gametype|doubles\n|player|p1|LeviDelta2024|riley|1103\n|player|p2|Nekracha|hilda|1041\n|gen|9\n|tier|[Gen 9 Champions] VGC 2026 Reg M-A\n|rated|\n|rule|Species Clause: Limit one of each Pok\u00e9mon\n|rule|Item Clause: Limit 1 of each item\n|clearpoke\n|poke|p1|Lucario, L50, M|\n|poke|p1|Starmie, L50|\n|poke|p1|Incineroar, L50, M|\n|poke|p1|Raichu, L50, M|\n|poke|p1|Whimsicott, L50, F|\n|poke|p1|Mimikyu, L50, M|\n|poke|p2|Garchomp, L50, M|\n|poke|p2|Tyranitar, L50, F|\n|poke|p2|Gengar, L50, M|\n|poke|p2|Whimsicott, L50, M|\n|poke|p2|Rotom-Wash, L50|\n|poke|p2|Sneasler, L50, M|\n|teampreview|4\n|inactive|Battle timer is ON: inactive players will automatically lose when time's up. (requested by LeviDelta2024)\n|inactive|Nekracha has 60 seconds left.\n|\n|t:|1776473023\n|teamsize|p1|4\n|teamsize|p2|4\n|start\n|switch|p1a: Incineroar|Incineroar, L50, M|100/100\n|switch|p1b: Mimikyu|Mimikyu, L50, M|100/100\n|switch|p2a: Whimsicott|Whimsicott, L50, M, shiny|100/100\n|switch|p2b: Tyranitar|Tyranitar, L50, F|100/100\n|-weather|Sandstorm|[from] ability: Sand Stream|[of] p2b: Tyranitar\n|-ability|p1a: Incineroar|Intimidate|boost\n|-unboost|p2a: Whimsicott|atk|1\n|-unboost|p2b: Tyranitar|atk|1\n|turn|1\n|\n|t:|1776473047\n|move|p2a: Whimsicott|Protect|p2a: Whimsicott\n|-singleturn|p2a: Whimsicott|Protect\n|move|p1b: Mimikyu|Play Rough|p2b: Tyranitar\n|-supereffective|p2b: Tyranitar|1\n|-damage|p2b: Tyranitar|33/100\n|move|p2b: Tyranitar|Rock Slide|p1b: Mimikyu|[spread] p1a,p1b\n|-supereffective|p1a: Incineroar|1\n|-damage|p1a: Incineroar|62/100\n|-activate|p1b: Mimikyu|ability: Disguise\n|-damage|p1b: Mimikyu|100/100\n|detailschange|p1b: Mimikyu|Mimikyu-Busted, L50, M\n|-damage|p1b: Mimikyu|88/100|[from] pokemon: Mimikyu-Busted\n|cant|p1a: Incineroar|flinch\n|\n|-weather|Sandstorm|[upkeep]\n|-damage|p1b: Mimikyu|82/100|[from] Sandstorm\n|-damage|p2a: Whimsicott|95/100|[from] Sandstorm\n|-damage|p1a: Incineroar|56/100|[from] Sandstorm\n|upkeep\n|turn|2\n|inactive|LeviDelta2024 has 30 seconds left.\n|inactive|Nekracha has 30 seconds left.\n|\n|t:|1776473077\n|move|p2a: Whimsicott|Tailwind|p2a: Whimsicott\n|-sidestart|p2: Nekracha|move: Tailwind\n|move|p2b: Tyranitar|Rock Slide|p1b: Mimikyu|[spread] p1a,p1b\n|-supereffective|p1a: Incineroar|1\n|-damage|p1a: Incineroar|19/100\n|-damage|p1b: Mimikyu|47/100\n|-enditem|p1a: Incineroar|Sitrus Berry|[eat]\n|-heal|p1a: Incineroar|44/100|[from] item: Sitrus Berry\n|move|p1a: Incineroar|Flare Blitz|p2a: Whimsicott\n|-supereffective|p2a: Whimsicott|1\n|-damage|p2a: Whimsicott|3/100\n|-damage|p1a: Incineroar|18/100|[from] Recoil\n|move|p1b: Mimikyu|Trick Room|p1b: Mimikyu\n|-fieldstart|move: Trick Room|[of] p1b: Mimikyu\n|\n|-weather|Sandstorm|[upkeep]\n|-damage|p1a: Incineroar|12/100|[from] Sandstorm\n|-damage|p1b: Mimikyu|40/100|[from] Sandstorm\n|-damage|p2a: Whimsicott|0 fnt|[from] Sandstorm\n|faint|p2a: Whimsicott\n|upkeep\n|\n|t:|1776473094\n|switch|p2a: Sneasler|Sneasler, L50, M|100/100\n|turn|3\n|-activate|p1b: Mimikyu|item: Quick Claw\n|\n|t:|1776473104\n|move|p2b: Tyranitar|Protect|p2b: Tyranitar\n|-singleturn|p2b: Tyranitar|Protect\n|move|p2a: Sneasler|Fake Out|p1a: Incineroar\n|-damage|p1a: Incineroar|0 fnt\n|faint|p1a: Incineroar\n|move|p1b: Mimikyu|Play Rough|p2b: Tyranitar\n|-activate|p2b: Tyranitar|move: Protect\n|\n|-weather|Sandstorm|[upkeep]\n|-damage|p1b: Mimikyu|34/100|[from] Sandstorm\n|-damage|p2a: Sneasler|95/100|[from] Sandstorm\n|upkeep\n|\n|t:|1776473117\n|switch|p1a: Starmie|Starmie, L50|100/100\n|turn|4\n|\n|t:|1776473125\n|switch|p2a: Garchomp|Garchomp, L50, M, shiny|100/100\n|detailschange|p1a: Starmie|Starmie-Mega, L50\n|-mega|p1a: Starmie|Starmie|Starminite\n|move|p2b: Tyranitar|Protect||[still]\n|-fail|p2b: Tyranitar\n|move|p1b: Mimikyu|Play Rough|p2b: Tyranitar\n|-supereffective|p2b: Tyranitar|1\n|-crit|p2b: Tyranitar\n|-damage|p2b: Tyranitar|0 fnt\n|faint|p2b: Tyranitar\n|move|p1a: Starmie|Psycho Cut|p2a: Garchomp|[miss]\n|-miss|p1a: Starmie|p2a: Garchomp\n|\n|-weather|Sandstorm|[upkeep]\n|-damage|p1b: Mimikyu|28/100|[from] Sandstorm\n|-damage|p1a: Starmie|94/100|[from] Sandstorm\n|upkeep\n|\n|t:|1776473127\n|switch|p2b: Sneasler|Sneasler, L50, M|95/100\n|turn|5\n|inactive|Nekracha has 30 seconds left.\n|inactive|Nekracha has 20 seconds left.\n|inactive|Nekracha has 15 seconds left.\n|\n|t:|1776473167\n|move|p1a: Starmie|Protect|p1a: Starmie\n|-singleturn|p1a: Starmie|Protect\n|move|p2b: Sneasler|Fake Out|p1a: Starmie\n|-activate|p1a: Starmie|move: Protect\n|move|p1b: Mimikyu|Will-O-Wisp|p2a: Garchomp\n|-status|p2a: Garchomp|brn\n|move|p2a: Garchomp|Rock Slide|p1b: Mimikyu|[spread] p1b\n|-activate|p1a: Starmie|move: Protect\n|-damage|p1b: Mimikyu|13/100\n|\n|-weather|none\n|-damage|p2a: Garchomp|95/100 brn|[from] brn\n|-sideend|p2: Nekracha|move: Tailwind\n|upkeep\n|turn|6\n|\n|t:|1776473187\n|move|p2a: Garchomp|Protect|p2a: Garchomp\n|-singleturn|p2a: Garchomp|Protect\n|move|p2b: Sneasler|Protect|p2b: Sneasler\n|-singleturn|p2b: Sneasler|Protect\n|move|p1b: Mimikyu|Play Rough|p2a: Garchomp\n|-activate|p2a: Garchomp|move: Protect\n|move|p1a: Starmie|Psycho Cut|p2b: Sneasler\n|-activate|p2b: Sneasler|move: Protect\n|\n|-damage|p2a: Garchomp|89/100 brn|[from] brn\n|-fieldend|move: Trick Room\n|upkeep\n|turn|7\n|\n|t:|1776473210\n|move|p1a: Starmie|Psycho Cut|p2b: Sneasler\n|-supereffective|p2b: Sneasler|2\n|-damage|p2b: Sneasler|0 fnt\n|faint|p2b: Sneasler\n|move|p2a: Garchomp|Rock Slide|p1b: Mimikyu|[spread] p1a,p1b\n|-damage|p1a: Starmie|84/100\n|-damage|p1b: Mimikyu|0 fnt\n|faint|p1b: Mimikyu\n|\n|-damage|p2a: Garchomp|83/100 brn|[from] brn\n|upkeep\n|-message|Nekracha forfeited.\n|\n|win|LeviDelta2024\n|raw|LeviDelta2024's rating: 1103 &rarr; <strong>1124</strong><br />(+21 for winning)\n|raw|Nekracha's rating: 1041 &rarr; <strong>1028</strong><br />(-13 for losing)\n|l|\u2606Nekracha\n|player|p2|\n|l|\u2606LeviDelta2024\n|player|p1|\n|j|\u2606LeviDelta2024\n|player|p1|LeviDelta2024|riley|\n|l|\u2606LeviDelta2024\n|player|p1|\n|j|\u2606LeviDelta2024\n|player|p1|LeviDelta2024|riley|\n",
  "uploadtime": 1776473373,
  "views": 23,
  "formatid": "gen9championsvgc2026regma",
  "rating": 1028,
  "private": 0,
  "password": null
}