{
  "id": "gen9championsvgc2026regma-2582442541",
  "format": "[Gen 9 Champions] VGC 2026 Reg M-A",
  "players": [
    "Zapdos79",
    "Nexxus3000"
  ],
  "log": "|j|\u2606Zapdos79\n|j|\u2606Nexxus3000\n|t:|1776091972\n|gametype|doubles\n|player|p1|Zapdos79|flannery|1031\n|player|p2|Nexxus3000|265|1084\n|gen|9\n|tier|[Gen 9 Champions] VGC 2026 Reg M-A\n|rated|\n|rule|Species Clause: Limit one of each Pok\u00e9mon\n|rule|Item Clause: Limit 1 of each item\n|clearpoke\n|poke|p1|Tyranitar, L50, F|\n|poke|p1|Talonflame, L50, F|\n|poke|p1|Excadrill, L50, F|\n|poke|p1|Meganium, L50, F|\n|poke|p1|Farigiraf, L50, M|\n|poke|p1|Incineroar, L50, F|\n|poke|p2|Altaria, L50, M|\n|poke|p2|Incineroar, L50, M|\n|poke|p2|Maushold-Four, L50|\n|poke|p2|Kingambit, L50, F|\n|poke|p2|Victreebel, L50, M|\n|poke|p2|Rotom-Wash, L50|\n|teampreview|4\n|\n|t:|1776092049\n|teamsize|p1|4\n|teamsize|p2|4\n|start\n|switch|p1a: Farigiraf|Farigiraf, L50, M|100/100\n|switch|p1b: Tyranitar|Tyranitar, L50, F|100/100\n|switch|p2a: Altaria|Altaria, L50, M|100/100\n|switch|p2b: Rotom|Rotom-Wash, L50|100/100\n|-weather|Sandstorm|[from] ability: Sand Stream|[of] p1b: Tyranitar\n|-ability|p2a: Altaria|Cloud Nine\n|turn|1\n|\n|t:|1776092059\n|move|p1b: Tyranitar|Protect|p1b: Tyranitar\n|-singleturn|p1b: Tyranitar|Protect\n|move|p2b: Rotom|Hydro Pump|p1b: Tyranitar\n|-activate|p1b: Tyranitar|move: Protect\n|move|p2a: Altaria|Will-O-Wisp|p1b: Tyranitar\n|-activate|p1b: Tyranitar|move: Protect\n|move|p1a: Farigiraf|Thunder Wave|p2a: Altaria\n|-status|p2a: Altaria|par\n|\n|-weather|Sandstorm|[upkeep]\n|upkeep\n|turn|2\n|\n|t:|1776092073\n|move|p2a: Altaria|Protect|p2a: Altaria\n|-singleturn|p2a: Altaria|Protect\n|move|p1a: Farigiraf|Ally Switch|p1a: Farigiraf\n|swap|p1a: Farigiraf|1|[from] move: Ally Switch\n|move|p1a: Tyranitar|Rock Slide|p2b: Rotom|[spread] \n|-activate|p2a: Altaria|move: Protect\n|-miss|p1a: Tyranitar|p2b: Rotom\n|move|p2b: Rotom|Will-O-Wisp|p1b: Farigiraf\n|-status|p1b: Farigiraf|brn\n|\n|-weather|Sandstorm|[upkeep]\n|-damage|p1b: Farigiraf|94/100 brn|[from] brn\n|upkeep\n|turn|3\n|\n|t:|1776092089\n|switch|p1a: Incineroar|Incineroar, L50, F|100/100\n|-ability|p1a: Incineroar|Intimidate|boost\n|-unboost|p2a: Altaria|atk|1\n|-unboost|p2b: Rotom|atk|1\n|switch|p2a: Incineroar|Incineroar, L50, M|100/100\n|-ability|p2a: Incineroar|Intimidate|boost\n|-unboost|p1a: Incineroar|atk|1\n|-unboost|p1b: Farigiraf|atk|1\n|move|p2b: Rotom|Volt Switch|p1b: Farigiraf\n|-damage|p1b: Farigiraf|75/100 brn\n|\n|t:|1776092102\n|switch|p2b: Kingambit|Kingambit, L50, F|100/100|[from] Volt Switch\n|move|p1b: Farigiraf|Psychic|p2b: Kingambit\n|-immune|p2b: Kingambit\n|\n|-weather|Sandstorm|[upkeep]\n|-damage|p1a: Incineroar|95/100|[from] Sandstorm\n|-damage|p1b: Farigiraf|69/100 brn|[from] Sandstorm\n|-damage|p2a: Incineroar|95/100|[from] Sandstorm\n|-damage|p1b: Farigiraf|63/100 brn|[from] brn\n|upkeep\n|turn|4\n|\n|t:|1776092121\n|move|p1a: Incineroar|Fake Out|p2b: Kingambit\n|-resisted|p2b: Kingambit|1\n|-damage|p2b: Kingambit|97/100\n|move|p1b: Farigiraf|Ally Switch|p1b: Farigiraf\n|swap|p1b: Farigiraf|0|[from] move: Ally Switch\n|move|p2a: Incineroar|Throat Chop|p1b: Incineroar\n|-resisted|p1b: Incineroar|1\n|-damage|p1b: Incineroar|79/100\n|-start|p1b: Incineroar|Throat Chop|[silent]\n|cant|p2b: Kingambit|flinch\n|\n|-weather|Sandstorm|[upkeep]\n|-damage|p1b: Incineroar|73/100|[from] Sandstorm\n|-damage|p1a: Farigiraf|57/100 brn|[from] Sandstorm\n|-damage|p2a: Incineroar|89/100|[from] Sandstorm\n|-damage|p1a: Farigiraf|51/100 brn|[from] brn\n|upkeep\n|turn|5\n|\n|t:|1776092135\n|move|p1a: Farigiraf|Protect|p1a: Farigiraf\n|-singleturn|p1a: Farigiraf|Protect\n|move|p2a: Incineroar|Throat Chop|p1a: Farigiraf\n|-activate|p1a: Farigiraf|move: Protect\n|move|p1b: Incineroar|Flare Blitz|p2b: Kingambit\n|-supereffective|p2b: Kingambit|1\n|-damage|p2b: Kingambit|35/100\n|-damage|p1b: Incineroar|52/100|[from] Recoil\n|move|p2b: Kingambit|Kowtow Cleave|p1b: Incineroar\n|-resisted|p1b: Incineroar|1\n|-damage|p1b: Incineroar|24/100\n|-enditem|p1b: Incineroar|Sitrus Berry|[eat]\n|-heal|p1b: Incineroar|49/100|[from] item: Sitrus Berry\n|\n|-weather|none\n|-damage|p1a: Farigiraf|45/100 brn|[from] brn\n|-end|p1b: Incineroar|Throat Chop|[silent]\n|upkeep\n|turn|6\n|\n|t:|1776092167\n|switch|p1a: Tyranitar|Tyranitar, L50, F|100/100\n|-weather|Sandstorm|[from] ability: Sand Stream|[of] p1a: Tyranitar\n|switch|p2b: Rotom|Rotom-Wash, L50|100/100\n|move|p2a: Incineroar|Parting Shot|p1b: Incineroar\n|-unboost|p1b: Incineroar|atk|1\n|-unboost|p1b: Incineroar|spa|1\n|\n|t:|1776092177\n|switch|p2a: Altaria|Altaria, L50, M|100/100 par|[from] Parting Shot\n|-ability|p2a: Altaria|Cloud Nine\n|move|p1b: Incineroar|Parting Shot|p2b: Rotom\n|-unboost|p2b: Rotom|atk|1\n|-unboost|p2b: Rotom|spa|1\n|\n|t:|1776092187\n|switch|p1b: Farigiraf|Farigiraf, L50, M|45/100 brn|[from] Parting Shot\n|\n|-weather|Sandstorm|[upkeep]\n|-damage|p1b: Farigiraf|38/100 brn|[from] brn\n|upkeep\n|turn|7\n|\n|t:|1776092195\n|move|p1a: Tyranitar|Rock Slide|p2a: Altaria|[spread] p2a,p2b\n|-supereffective|p2a: Altaria|1\n|-damage|p2a: Altaria|35/100 par\n|-damage|p2b: Rotom|74/100\n|move|p2b: Rotom|Will-O-Wisp|p1a: Tyranitar\n|-status|p1a: Tyranitar|brn\n|move|p1b: Farigiraf|Psychic|p2b: Rotom\n|-damage|p2b: Rotom|35/100\n|cant|p2a: Altaria|flinch\n|\n|-weather|Sandstorm|[upkeep]\n|-damage|p1a: Tyranitar|95/100 brn|[from] brn\n|-damage|p1b: Farigiraf|32/100 brn|[from] brn\n|upkeep\n|turn|8\n|\n|t:|1776092214\n|cant|p2a: Altaria|par\n|move|p1b: Farigiraf|Ally Switch|p1b: Farigiraf\n|swap|p1b: Farigiraf|0|[from] move: Ally Switch\n|move|p1b: Tyranitar|Rock Slide|p2a: Altaria|[spread] p2a,p2b\n|-supereffective|p2a: Altaria|1\n|-crit|p2b: Rotom\n|-damage|p2a: Altaria|0 fnt\n|-damage|p2b: Rotom|14/100\n|faint|p2a: Altaria\n|move|p2b: Rotom|Hydro Pump|p1a: Farigiraf\n|-damage|p1a: Farigiraf|12/100 brn\n|\n|-weather|Sandstorm|[upkeep]\n|-damage|p2b: Rotom|8/100|[from] Sandstorm\n|-damage|p1a: Farigiraf|6/100 brn|[from] Sandstorm\n|-damage|p1b: Tyranitar|89/100 brn|[from] brn\n|-damage|p1a: Farigiraf|0 fnt|[from] brn\n|faint|p1a: Farigiraf\n|upkeep\n|\n|t:|1776092224\n|switch|p2a: Incineroar|Incineroar, L50, M|89/100\n|switch|p1a: Excadrill|Excadrill, L50, F|100/100\n|-ability|p2a: Incineroar|Intimidate|boost\n|-unboost|p1a: Excadrill|atk|1\n|-unboost|p1b: Tyranitar|atk|1\n|-enditem|p1a: Excadrill|White Herb\n|-clearnegativeboost|p1a: Excadrill|[silent]\n|turn|9\n|\n|t:|1776092245\n|move|p1a: Excadrill|Protect|p1a: Excadrill\n|-singleturn|p1a: Excadrill|Protect\n|move|p2a: Incineroar|Fake Out|p1a: Excadrill\n|-activate|p1a: Excadrill|move: Protect\n|move|p1b: Tyranitar|Rock Slide|p2b: Rotom|[spread] p2a,p2b\n|-supereffective|p2a: Incineroar|1\n|-damage|p2a: Incineroar|74/100\n|-damage|p2b: Rotom|0 fnt\n|faint|p2b: Rotom\n|\n|-weather|Sandstorm|[upkeep]\n|-damage|p2a: Incineroar|68/100|[from] Sandstorm\n|-damage|p1b: Tyranitar|83/100 brn|[from] brn\n|upkeep\n|\n|t:|1776092247\n|switch|p2b: Kingambit|Kingambit, L50, F|35/100\n|turn|10\n|\n|t:|1776092264\n|move|p2b: Kingambit|Sucker Punch|p1a: Excadrill\n|-damage|p1a: Excadrill|36/100\n|move|p1a: Excadrill|High Horsepower|p2b: Kingambit\n|-supereffective|p2b: Kingambit|1\n|-damage|p2b: Kingambit|0 fnt\n|faint|p2b: Kingambit\n|move|p1b: Tyranitar|Breaking Swipe|p2a: Incineroar\n|-damage|p2a: Incineroar|62/100\n|-unboost|p2a: Incineroar|atk|1\n|move|p2a: Incineroar|Flare Blitz|p1a: Excadrill\n|-supereffective|p1a: Excadrill|1\n|-damage|p1a: Excadrill|0 fnt\n|faint|p1a: Excadrill\n|-damage|p2a: Incineroar|51/100|[from] Recoil\n|\n|-weather|none\n|-damage|p1b: Tyranitar|78/100 brn|[from] brn\n|upkeep\n|\n|t:|1776092275\n|switch|p1a: Incineroar|Incineroar, L50, F|49/100\n|-ability|p1a: Incineroar|Intimidate|boost\n|-unboost|p2a: Incineroar|atk|1\n|turn|11\n|\n|t:|1776092280\n|move|p1a: Incineroar|Fake Out|p2a: Incineroar\n|-damage|p2a: Incineroar|41/100\n|-enditem|p2a: Incineroar|Sitrus Berry|[eat]\n|-heal|p2a: Incineroar|65/100|[from] item: Sitrus Berry\n|move|p1b: Tyranitar|Rock Slide|p2a: Incineroar\n|-supereffective|p2a: Incineroar|1\n|-damage|p2a: Incineroar|46/100\n|cant|p2a: Incineroar|flinch\n|\n|-damage|p1b: Tyranitar|72/100 brn|[from] brn\n|upkeep\n|turn|12\n|\n|t:|1776092290\n|move|p1a: Incineroar|Protect|p1a: Incineroar\n|-singleturn|p1a: Incineroar|Protect\n|move|p1b: Tyranitar|Breaking Swipe|p2a: Incineroar\n|-damage|p2a: Incineroar|40/100\n|-unboost|p2a: Incineroar|atk|1\n|move|p2a: Incineroar|Throat Chop|p1a: Incineroar\n|-activate|p1a: Incineroar|move: Protect\n|\n|-damage|p1b: Tyranitar|66/100 brn|[from] brn\n|upkeep\n|turn|13\n|\n|t:|1776092305\n|move|p1b: Tyranitar|Rock Slide|p2a: Incineroar|[miss]\n|-miss|p1b: Tyranitar|p2a: Incineroar\n|move|p1a: Incineroar|Flare Blitz|p2a: Incineroar\n|-resisted|p2a: Incineroar|1\n|-damage|p2a: Incineroar|18/100\n|-damage|p1a: Incineroar|42/100|[from] Recoil\n|move|p2a: Incineroar|Throat Chop|p1a: Incineroar\n|-resisted|p1a: Incineroar|1\n|-damage|p1a: Incineroar|36/100\n|-start|p1a: Incineroar|Throat Chop|[silent]\n|\n|-damage|p1b: Tyranitar|60/100 brn|[from] brn\n|upkeep\n|turn|14\n|-message|Nexxus3000 forfeited.\n|\n|win|Zapdos79\n|raw|Zapdos79's rating: 1031 &rarr; <strong>1072</strong><br />(+41 for winning)\n|raw|Nexxus3000's rating: 1084 &rarr; <strong>1058</strong><br />(-26 for losing)\n|l|\u2606Nexxus3000\n|player|p2|\n",
  "uploadtime": 1776092321,
  "views": 23,
  "formatid": "gen9championsvgc2026regma",
  "rating": 1058,
  "private": 0,
  "password": null
}