{
  "id": "gen9championsvgc2026regma-2588367993",
  "format": "[Gen 9 Champions] VGC 2026 Reg M-A",
  "players": [
    "Kojiiii",
    "BitterMelon1"
  ],
  "log": "|j|\u2606Kojiiii\n|j|\u2606BitterMelon1\n|t:|1776627687\n|gametype|doubles\n|player|p1|Kojiiii|2|1244\n|player|p2|BitterMelon1|170|1316\n|gen|9\n|tier|[Gen 9 Champions] VGC 2026 Reg M-A\n|rated|\n|rule|Species Clause: Limit one of each Pok\u00e9mon\n|rule|Item Clause: Limit 1 of each item\n|clearpoke\n|poke|p1|Pelipper, L50, F|\n|poke|p1|Basculegion, L50, M|\n|poke|p1|Sinistcha, L50|\n|poke|p1|Kangaskhan, L50, F|\n|poke|p1|Sneasler, L50, M|\n|poke|p1|Aegislash, L50, M|\n|poke|p2|Farigiraf, L50, F|\n|poke|p2|Incineroar, L50, M|\n|poke|p2|Basculegion, L50, M|\n|poke|p2|Pelipper, L50, F|\n|poke|p2|Tyranitar, L50, M|\n|poke|p2|Gardevoir, L50, F|\n|teampreview|4\n|\n|t:|1776627732\n|teamsize|p1|4\n|teamsize|p2|4\n|start\n|switch|p1a: Basculegion|Basculegion, L50, M|100/100\n|switch|p1b: Aegislash|Aegislash, L50, M|100/100\n|switch|p2a: Farigiraf|Farigiraf, L50, F|100/100\n|switch|p2b: Incineroar|Incineroar, L50, M|100/100\n|-ability|p2b: Incineroar|Intimidate|boost\n|-unboost|p1a: Basculegion|atk|1\n|-unboost|p1b: Aegislash|atk|1\n|turn|1\n|inactive|Battle timer is ON: inactive players will automatically lose when time's up. (requested by BitterMelon1)\n|\n|t:|1776627755\n|move|p1a: Basculegion|Flip Turn|p2b: Incineroar\n|-supereffective|p2b: Incineroar|1\n|-damage|p2b: Incineroar|43/100\n|\n|t:|1776627765\n|switch|p1a: Kangaskhan|Kangaskhan, L50, F|100/100|[from] Flip Turn\n|move|p2b: Incineroar|Darkest Lariat|p1a: Kangaskhan\n|-damage|p1a: Kangaskhan|48/100\n|-formechange|p1b: Aegislash|Aegislash-Blade|\n|move|p1b: Aegislash|Sacred Sword|p2b: Incineroar\n|-supereffective|p2b: Incineroar|1\n|-damage|p2b: Incineroar|0 fnt\n|faint|p2b: Incineroar\n|move|p2a: Farigiraf|Trick Room|p2a: Farigiraf\n|-fieldstart|move: Trick Room|[of] p2a: Farigiraf\n|\n|upkeep\n|inactive|BitterMelon1 has 30 seconds left.\n|\n|t:|1776627791\n|switch|p2b: Basculegion|Basculegion, L50, M|100/100\n|turn|2\n|inactive|Kojiiii has 30 seconds left.\n|inactive|Kojiiii has 20 seconds left.\n|inactive|Kojiiii has 15 seconds left.\n|\n|t:|1776627835\n|detailschange|p1a: Kangaskhan|Kangaskhan-Mega, L50, F\n|-mega|p1a: Kangaskhan|Kangaskhan|Kangaskhanite\n|move|p1b: Aegislash|Iron Head|p2a: Farigiraf\n|-damage|p2a: Farigiraf|66/100\n|cant|p2a: Farigiraf|flinch\n|move|p2b: Basculegion|Last Respects|p1b: Aegislash\n|-supereffective|p1b: Aegislash|1\n|-damage|p1b: Aegislash|0 fnt\n|faint|p1b: Aegislash\n|move|p1a: Kangaskhan|Drain Punch|p2a: Farigiraf\n|-damage|p2a: Farigiraf|38/100\n|-heal|p1a: Kangaskhan|63/100|[from] drain|[of] p2a: Farigiraf\n|-enditem|p2a: Farigiraf|Sitrus Berry|[eat]\n|-heal|p2a: Farigiraf|63/100|[from] item: Sitrus Berry\n|-damage|p2a: Farigiraf|55/100\n|-heal|p1a: Kangaskhan|67/100|[from] drain|[of] p2a: Farigiraf\n|-hitcount|p2a: Farigiraf|2\n|\n|upkeep\n|\n|t:|1776627854\n|switch|p1b: Pelipper|Pelipper, L50, F|100/100\n|-weather|RainDance|[from] ability: Drizzle|[of] p1b: Pelipper\n|turn|3\n|inactive|BitterMelon1 has 30 seconds left.\n|\n|t:|1776627883\n|switch|p1a: Basculegion|Basculegion, L50, M|100/100\n|move|p2a: Farigiraf|Hyper Voice|p1b: Pelipper|[spread] p1b\n|-immune|p1a: Basculegion\n|-damage|p1b: Pelipper|39/100\n|move|p2b: Basculegion|Liquidation|p1a: Basculegion\n|-resisted|p1a: Basculegion|1\n|-damage|p1a: Basculegion|36/100\n|move|p1b: Pelipper|Weather Ball|p2a: Farigiraf\n|-damage|p2a: Farigiraf|0 fnt\n|faint|p2a: Farigiraf\n|\n|-weather|RainDance|[upkeep]\n|upkeep\n|\n|t:|1776627900\n|switch|p2a: Gardevoir|Gardevoir, L50, F|100/100\n|turn|4\n|\n|t:|1776627926\n|detailschange|p2a: Gardevoir|Gardevoir-Mega, L50, F\n|-mega|p2a: Gardevoir|Gardevoir|Gardevoirite\n|move|p1b: Pelipper|Protect|p1b: Pelipper\n|-singleturn|p1b: Pelipper|Protect\n|move|p2b: Basculegion|Aqua Jet|p1a: Basculegion\n|-resisted|p1a: Basculegion|1\n|-damage|p1a: Basculegion|5/100\n|move|p1a: Basculegion|Aqua Jet|p2a: Gardevoir\n|-damage|p2a: Gardevoir|43/100\n|move|p2a: Gardevoir|Psychic|p1b: Pelipper\n|-activate|p1b: Pelipper|move: Protect\n|\n|-weather|RainDance|[upkeep]\n|upkeep\n|turn|5\n|inactive|Kojiiii has 30 seconds left.\n|\n|t:|1776627956\n|move|p2b: Basculegion|Aqua Jet|p1a: Basculegion\n|-resisted|p1a: Basculegion|1\n|-damage|p1a: Basculegion|0 fnt\n|faint|p1a: Basculegion\n|move|p1b: Pelipper|Weather Ball|p2a: Gardevoir\n|-damage|p2a: Gardevoir|0 fnt\n|faint|p2a: Gardevoir\n|\n|-weather|RainDance|[upkeep]\n|-fieldend|move: Trick Room\n|upkeep\n|\n|t:|1776627966\n|switch|p1a: Kangaskhan|Kangaskhan-Mega, L50, F|67/100\n|turn|6\n|\n|t:|1776627976\n|move|p1a: Kangaskhan|Sucker Punch|p2b: Basculegion\n|-supereffective|p2b: Basculegion|1\n|-damage|p2b: Basculegion|48/100\n|-supereffective|p2b: Basculegion|1\n|-damage|p2b: Basculegion|34/100\n|-hitcount|p2b: Basculegion|2\n|move|p1b: Pelipper|Hurricane|p2b: Basculegion\n|-damage|p2b: Basculegion|0 fnt\n|faint|p2b: Basculegion\n|\n|win|Kojiiii\n|raw|Kojiiii's rating: 1244 &rarr; <strong>1274</strong><br />(+30 for winning)\n|raw|BitterMelon1's rating: 1316 &rarr; <strong>1292</strong><br />(-24 for losing)\n|l|\u2606BitterMelon1\n|player|p2|\n",
  "uploadtime": 1776627991,
  "views": 13,
  "formatid": "gen9championsvgc2026regma",
  "rating": 1274,
  "private": 0,
  "password": null
}