{
  "id": "gen9championsvgc2026regma-2582656311",
  "format": "[Gen 9 Champions] VGC 2026 Reg M-A",
  "players": [
    "Prohxy",
    "FxckingNoobie"
  ],
  "log": "|j|\u2606Prohxy\n|j|\u2606FxckingNoobie\n|t:|1776105334\n|gametype|doubles\n|player|p1|Prohxy|lorelei-lgpe|1000\n|player|p2|FxckingNoobie|265|1049\n|gen|9\n|tier|[Gen 9 Champions] VGC 2026 Reg M-A\n|rated|\n|rule|Species Clause: Limit one of each Pok\u00e9mon\n|rule|Item Clause: Limit 1 of each item\n|clearpoke\n|poke|p1|Drampa, L50, M|\n|poke|p1|Mimikyu, L50, F|\n|poke|p1|Basculegion, L50, M|\n|poke|p1|Oranguru, L50, M|\n|poke|p1|Sinistcha, L50|\n|poke|p1|Camerupt, L50, F|\n|poke|p2|Palafin, L50, M|\n|poke|p2|Pelipper, L50, M|\n|poke|p2|Raichu, L50, M|\n|poke|p2|Kingambit, L50, M|\n|poke|p2|Dragonite, L50, F|\n|poke|p2|Sinistcha, L50|\n|teampreview|4\n|inactive|Battle timer is ON: inactive players will automatically lose when time's up. (requested by FxckingNoobie)\n|\n|t:|1776105367\n|teamsize|p1|4\n|teamsize|p2|4\n|start\n|switch|p1a: Mimikyu|Mimikyu, L50, F, shiny|100/100\n|switch|p1b: Basculegion|Basculegion, L50, M, shiny|100/100\n|switch|p2a: Palafin|Palafin, L50, M|100/100\n|switch|p2b: Raichu|Raichu, L50, M|100/100\n|turn|1\n|\n|t:|1776105392\n|switch|p1b: Drampa|Drampa, L50, M|100/100\n|move|p2a: Palafin|Flip Turn|p1a: Mimikyu\n|-activate|p1a: Mimikyu|ability: Disguise\n|-damage|p1a: Mimikyu|100/100\n|detailschange|p1a: Mimikyu|Mimikyu-Busted, L50, F, shiny\n|-damage|p1a: Mimikyu|88/100|[from] pokemon: Mimikyu-Busted\n|\n|t:|1776105401\n|detailschange|p2a: Palafin|Palafin-Hero, L50, M\n|switch|p2a: Pelipper|Pelipper, L50, M|100/100|[from] Flip Turn\n|-weather|RainDance|[from] ability: Drizzle|[of] p2a: Pelipper\n|move|p2b: Raichu|Volt Switch|p1b: Drampa\n|-resisted|p1b: Drampa|1\n|-damage|p1b: Drampa|84/100\n|\n|t:|1776105420\n|switch|p2b: Dragonite|Dragonite, L50, F|100/100|[from] Volt Switch\n|move|p1a: Mimikyu|Trick Room|p1a: Mimikyu\n|-fieldstart|move: Trick Room|[of] p1a: Mimikyu\n|\n|-weather|RainDance|[upkeep]\n|upkeep\n|turn|2\n|\n|t:|1776105445\n|detailschange|p1b: Drampa|Drampa-Mega, L50, M\n|-mega|p1b: Drampa|Drampa|Drampanite\n|detailschange|p2b: Dragonite|Dragonite-Mega, L50, F\n|-mega|p2b: Dragonite|Dragonite|Dragoninite\n|move|p2b: Dragonite|Protect|p2b: Dragonite\n|-singleturn|p2b: Dragonite|Protect\n|move|p1b: Drampa|Dragon Pulse|p2a: Pelipper\n|-damage|p2a: Pelipper|11/100\n|-enditem|p2a: Pelipper|Sitrus Berry|[eat]\n|-heal|p2a: Pelipper|36/100|[from] item: Sitrus Berry\n|move|p2a: Pelipper|Hurricane|p1b: Drampa\n|-crit|p1b: Drampa\n|-damage|p1b: Drampa|31/100\n|-ability|p1b: Drampa|Berserk|boost\n|-boost|p1b: Drampa|spa|1\n|move|p1a: Mimikyu|Play Rough|p2b: Dragonite\n|-activate|p2b: Dragonite|move: Protect\n|\n|-weather|RainDance|[upkeep]\n|upkeep\n|turn|3\n|inactive|FxckingNoobie has 30 seconds left.\n|\n|t:|1776105472\n|switch|p2b: Raichu|Raichu, L50, M|100/100\n|move|p2a: Pelipper|Protect|p2a: Pelipper\n|-singleturn|p2a: Pelipper|Protect\n|move|p1b: Drampa|Dragon Pulse|p2b: Raichu\n|-enditem|p2b: Raichu|Focus Sash\n|-damage|p2b: Raichu|1/100\n|move|p1a: Mimikyu|Night Slash|p2a: Pelipper\n|-activate|p2a: Pelipper|move: Protect\n|\n|-weather|RainDance|[upkeep]\n|upkeep\n|turn|4\n|\n|t:|1776105496\n|switch|p1a: Sinistcha|Sinistcha, L50, shiny|100/100\n|-heal|p1b: Drampa|56/100|[from] ability: Hospitality|[of] p1a: Sinistcha\n|move|p1b: Drampa|Protect|p1b: Drampa\n|-singleturn|p1b: Drampa|Protect\n|move|p2b: Raichu|Fake Out|p1b: Drampa\n|-activate|p1b: Drampa|move: Protect\n|move|p2a: Pelipper|Hurricane|p1b: Drampa\n|-activate|p1b: Drampa|move: Protect\n|\n|-weather|RainDance|[upkeep]\n|upkeep\n|turn|5\n|inactive|FxckingNoobie has 30 seconds left.\n|\n|t:|1776105524\n|move|p1b: Drampa|Dragon Pulse|p2a: Pelipper\n|-damage|p2a: Pelipper|0 fnt\n|faint|p2a: Pelipper\n|move|p1a: Sinistcha|Matcha Gotcha|p2b: Raichu\n|-damage|p2b: Raichu|0 fnt\n|faint|p2b: Raichu\n|\n|-weather|none\n|-fieldend|move: Trick Room\n|upkeep\n|\n|t:|1776105533\n|switch|p2b: Dragonite|Dragonite-Mega, L50, F|100/100\n|switch|p2a: Palafin|Palafin-Hero, L50, M|100/100\n|-activate|p2a: Palafin|ability: Zero to Hero\n|turn|6\n|inactive|FxckingNoobie has 30 seconds left.\n|\n|t:|1776105560\n|move|p1b: Drampa|Protect|p1b: Drampa\n|-singleturn|p1b: Drampa|Protect\n|move|p2a: Palafin|Close Combat|p1b: Drampa\n|-activate|p1b: Drampa|move: Protect\n|move|p2b: Dragonite|Ice Beam|p1a: Sinistcha\n|-supereffective|p1a: Sinistcha|1\n|-damage|p1a: Sinistcha|13/100\n|move|p1a: Sinistcha|Trick Room|p1a: Sinistcha\n|-fieldstart|move: Trick Room|[of] p1a: Sinistcha\n|\n|upkeep\n|turn|7\n|inactive|Prohxy has 30 seconds left.\n|inactive|Prohxy has 20 seconds left.\n|\n|t:|1776105596\n|move|p2b: Dragonite|Protect|p2b: Dragonite\n|-singleturn|p2b: Dragonite|Protect\n|move|p1b: Drampa|Dragon Pulse|p2a: Palafin\n|-damage|p2a: Palafin|0 fnt\n|faint|p2a: Palafin\n|move|p1a: Sinistcha|Matcha Gotcha|p2b: Dragonite\n|-activate|p2b: Dragonite|move: Protect\n|\n|upkeep\n|turn|8\n|\n|t:|1776105609\n|move|p1b: Drampa|Dragon Pulse|p2b: Dragonite\n|-supereffective|p2b: Dragonite|1\n|-damage|p2b: Dragonite|37/100\n|move|p1a: Sinistcha|Matcha Gotcha|p2b: Dragonite\n|-resisted|p2b: Dragonite|2\n|-damage|p2b: Dragonite|29/100\n|-heal|p1a: Sinistcha|18/100|[from] drain|[of] p2b: Dragonite\n|move|p2b: Dragonite|Ice Beam|p1a: Sinistcha\n|-supereffective|p1a: Sinistcha|1\n|-damage|p1a: Sinistcha|0 fnt\n|faint|p1a: Sinistcha\n|\n|upkeep\n|\n|t:|1776105624\n|switch|p1a: Basculegion|Basculegion, L50, M, shiny|100/100\n|turn|9\n|\n|t:|1776105644\n|move|p1b: Drampa|Protect|p1b: Drampa\n|-singleturn|p1b: Drampa|Protect\n|move|p1a: Basculegion|Psychic Fangs|p2b: Dragonite\n|-damage|p2b: Dragonite|4/100\n|move|p2b: Dragonite|Ice Beam|p1b: Drampa\n|-activate|p1b: Drampa|move: Protect\n|\n|upkeep\n|turn|10\n|\n|t:|1776105656\n|move|p1a: Basculegion|Aqua Jet|p2b: Dragonite\n|-resisted|p2b: Dragonite|1\n|-damage|p2b: Dragonite|0 fnt\n|faint|p2b: Dragonite\n|\n|win|Prohxy\n|raw|Prohxy's rating: 1000 &rarr; <strong>1046</strong><br />(+46 for winning)\n|raw|FxckingNoobie's rating: 1049 &rarr; <strong>1029</strong><br />(-20 for losing)\n|l|\u2606FxckingNoobie\n|player|p2|\n",
  "uploadtime": 1776105662,
  "views": 18,
  "formatid": "gen9championsvgc2026regma",
  "rating": 1029,
  "private": 0,
  "password": null
}