{
  "id": "gen9championsvgc2026regma-2583449369",
  "format": "[Gen 9 Champions] VGC 2026 Reg M-A",
  "players": [
    "MoNo_T0NaL",
    "randbatsacc123"
  ],
  "log": "|j|\u2606MoNo_T0NaL\n|j|\u2606randbatsacc123\n|t:|1776176386\n|gametype|doubles\n|player|p1|MoNo_T0NaL|n|1067\n|player|p2|randbatsacc123|cynthia|1030\n|gen|9\n|tier|[Gen 9 Champions] VGC 2026 Reg M-A\n|rated|\n|rule|Species Clause: Limit one of each Pok\u00e9mon\n|rule|Item Clause: Limit 1 of each item\n|clearpoke\n|poke|p1|Gengar, L50, F|\n|poke|p1|Whimsicott, L50, M|\n|poke|p1|Arcanine-Hisui, L50, M|\n|poke|p1|Sneasler, L50, F|\n|poke|p1|Meowscarada, L50, F|\n|poke|p1|Maushold, L50|\n|poke|p2|Incineroar, L50, F|\n|poke|p2|Sinistcha, L50|\n|poke|p2|Sneasler, L50, F|\n|poke|p2|Kingambit, L50, M|\n|poke|p2|Floette-Eternal, L50, F|\n|poke|p2|Rotom-Wash, L50|\n|teampreview|4\n|inactive|Battle timer is ON: inactive players will automatically lose when time's up. (requested by randbatsacc123)\nrandbatsacc123 has agreed to open team sheets.\n|\n|t:|1776176409\n|teamsize|p1|4\n|teamsize|p2|4\n|start\n|switch|p1a: Sneasler|Sneasler, L50, F, shiny|100/100\n|switch|p1b: Whimsicott|Whimsicott, L50, M|100/100\n|switch|p2a: Rotom|Rotom-Wash, L50|100/100\n|switch|p2b: Floette|Floette-Eternal, L50, F|100/100\n|turn|1\n|\n|t:|1776176423\n|switch|p2b: Incineroar|Incineroar, L50, F, shiny|100/100\n|-ability|p2b: Incineroar|Intimidate|boost\n|-unboost|p1a: Sneasler|atk|1\n|-unboost|p1b: Whimsicott|atk|1\n|-enditem|p1a: Sneasler|White Herb\n|-clearnegativeboost|p1a: Sneasler|[silent]\n|move|p1a: Sneasler|Fake Out|p2b: Incineroar\n|-damage|p2b: Incineroar|88/100\n|move|p1b: Whimsicott|Tailwind|p1b: Whimsicott\n|-sidestart|p1: MoNo_T0NaL|move: Tailwind\n|move|p2a: Rotom|Trick|p1b: Whimsicott\n|-activate|p2a: Rotom|move: Trick|[of] p1b: Whimsicott\n|-item|p1b: Whimsicott|Choice Scarf|[from] move: Trick\n|-item|p2a: Rotom|Focus Sash|[from] move: Trick\n|\n|upkeep\n|turn|2\n|inactive|MoNo_T0NaL has 30 seconds left.\n|\n|t:|1776176453\n|move|p1b: Whimsicott|Encore|p2a: Rotom\n|-start|p2a: Rotom|Encore\n|move|p1a: Sneasler|Close Combat|p2b: Incineroar\n|-supereffective|p2b: Incineroar|1\n|-enditem|p2b: Incineroar|Chople Berry|[eat]\n|-enditem|p2b: Incineroar|Chople Berry|[weaken]\n|-damage|p2b: Incineroar|35/100\n|-unboost|p1a: Sneasler|def|1\n|-unboost|p1a: Sneasler|spd|1\n|move|p2a: Rotom|Trick|p1b: Whimsicott\n|-activate|p2a: Rotom|move: Trick|[of] p1b: Whimsicott\n|-item|p1b: Whimsicott|Focus Sash|[from] move: Trick\n|-item|p2a: Rotom|Choice Scarf|[from] move: Trick\n|move|p2b: Incineroar|Parting Shot|p1a: Sneasler\n|-unboost|p1a: Sneasler|atk|1\n|-unboost|p1a: Sneasler|spa|1\n|\n|t:|1776176469\n|switch|p2b: Floette|Floette-Eternal, L50, F|100/100|[from] Parting Shot\n|\n|upkeep\n|turn|3\n|\n|t:|1776176488\n|switch|p1b: Violet|Gengar, L50, F, shiny|100/100\n|switch|p2a: Incineroar|Incineroar, L50, F, shiny|35/100\n|-ability|p2a: Incineroar|Intimidate|boost\n|-unboost|p1a: Sneasler|atk|1\n|-unboost|p1b: Violet|atk|1\n|detailschange|p2b: Floette|Floette-Mega, L50, F\n|-mega|p2b: Floette|Floette|Floettite\n|-ability|p2b: Floette|Fairy Aura\n|move|p1a: Sneasler|Dire Claw|p2b: Floette\n|-supereffective|p2b: Floette|1\n|-damage|p2b: Floette|40/100\n|move|p2b: Floette|Moonblast|p1a: Sneasler\n|-damage|p1a: Sneasler|0 fnt\n|faint|p1a: Sneasler\n|\n|upkeep\n|\n|t:|1776176510\n|switch|p1a: Whimsicott|Whimsicott, L50, M|100/100\n|turn|4\n|\n|t:|1776176533\n|switch|p2b: Rotom|Rotom-Wash, L50|100/100\n|detailschange|p1b: Violet|Gengar-Mega, L50, F, shiny\n|-mega|p1b: Violet|Gengar|Gengarite\n|move|p1a: Whimsicott|Protect|p1a: Whimsicott\n|-singleturn|p1a: Whimsicott|Protect\n|move|p1b: Violet|Protect|p1b: Violet\n|-singleturn|p1b: Violet|Protect\n|move|p2a: Incineroar|Parting Shot|p1b: Violet\n|-activate|p1b: Violet|move: Protect\n|\n|-sideend|p1: MoNo_T0NaL|move: Tailwind\n|upkeep\n|turn|5\n|inactive|MoNo_T0NaL has 30 seconds left.\n|\n|t:|1776176561\n|move|p2b: Rotom|Thunderbolt|p1b: Violet\n|-damage|p1b: Violet|56/100\n|move|p1b: Violet|Sludge Bomb|p2a: Incineroar\n|-damage|p2a: Incineroar|0 fnt\n|faint|p2a: Incineroar\n|move|p1a: Whimsicott|Moonblast|p2b: Rotom\n|-damage|p2b: Rotom|72/100\n|\n|upkeep\n|\n|t:|1776176571\n|switch|p2a: Sinistcha|Sinistcha, L50|100/100\n|-heal|p2b: Rotom|97/100|[from] ability: Hospitality|[of] p2a: Sinistcha\n|turn|6\n|inactive|randbatsacc123 has 30 seconds left.\n|\n|t:|1776176601\n|switch|p1b: Meowscarada|Meowscarada, L50, F|100/100\n|move|p1a: Whimsicott|Tailwind|p1a: Whimsicott\n|-sidestart|p1: MoNo_T0NaL|move: Tailwind\n|move|p2b: Rotom|Thunderbolt|p1b: Meowscarada\n|-resisted|p1b: Meowscarada|1\n|-damage|p1b: Meowscarada|77/100\n|move|p2a: Sinistcha|Trick Room|p2a: Sinistcha\n|-fieldstart|move: Trick Room|[of] p2a: Sinistcha\n|\n|upkeep\n|turn|7\n|\n|t:|1776176622\n|switch|p2b: Floette|Floette-Mega, L50, F|40/100\n|-ability|p2b: Floette|Fairy Aura\n|move|p2a: Sinistcha|Rage Powder|p2a: Sinistcha\n|-singleturn|p2a: Sinistcha|move: Rage Powder\n|move|p1a: Whimsicott|Encore|p2a: Sinistcha\n|-start|p2a: Sinistcha|Encore\n|move|p1b: Meowscarada|Flower Trick|p2b: Floette\n|-start|p1b: Meowscarada|typechange|Grass|[from] ability: Protean\n|-crit|p2b: Floette\n|-damage|p2b: Floette|0 fnt\n|faint|p2b: Floette\n|\n|upkeep\n|-message|randbatsacc123 forfeited.\n|\n|win|MoNo_T0NaL\n|raw|MoNo_T0NaL's rating: 1067 &rarr; <strong>1094</strong><br />(+27 for winning)\n|raw|randbatsacc123's rating: 1030 &rarr; <strong>1017</strong><br />(-13 for losing)\n|l|\u2606randbatsacc123\n|player|p2|\n",
  "uploadtime": 1776176643,
  "views": 24,
  "formatid": "gen9championsvgc2026regma",
  "rating": 1017,
  "private": 0,
  "password": null
}