{
  "id": "gen9championsvgc2026regma-2586228511",
  "format": "[Gen 9 Champions] VGC 2026 Reg M-A",
  "players": [
    "theboyofthegame",
    "pepedanuts"
  ],
  "log": "|j|\u2606theboyofthegame\n|j|\u2606pepedanuts\n|t:|1776414899\n|gametype|doubles\n|player|p1|theboyofthegame|zinnia|1058\n|player|p2|pepedanuts|benga|1145\n|gen|9\n|tier|[Gen 9 Champions] VGC 2026 Reg M-A\n|rated|\n|rule|Species Clause: Limit one of each Pok\u00e9mon\n|rule|Item Clause: Limit 1 of each item\n|clearpoke\n|poke|p1|Aerodactyl, L50, M|\n|poke|p1|Feraligatr, L50, F|\n|poke|p1|Gengar, L50, F|\n|poke|p1|Arcanine-Hisui, L50, M|\n|poke|p1|Sinistcha, L50|\n|poke|p1|Incineroar, L50, F|\n|poke|p2|Tyranitar, L50, M|\n|poke|p2|Sinistcha-Masterpiece, L50|\n|poke|p2|Excadrill, L50, M|\n|poke|p2|Whimsicott, L50, M|\n|poke|p2|Milotic, L50, F|\n|poke|p2|Incineroar, L50, F|\n|teampreview|4\n|inactive|Battle timer is ON: inactive players will automatically lose when time's up. (requested by theboyofthegame)\n|inactive|pepedanuts has 60 seconds left.\n|\n|t:|1776414953\n|teamsize|p1|4\n|teamsize|p2|4\n|start\n|switch|p1a: Aerodactyl|Aerodactyl, L50, M, shiny|100/100\n|switch|p1b: Feraligatr|Feraligatr, L50, F, shiny|100/100\n|switch|p2a: Tyranitar|Tyranitar, L50, M|100/100\n|switch|p2b: Excadrill|Excadrill, L50, M|100/100\n|-ability|p1a: Aerodactyl|Unnerve\n|-weather|Sandstorm|[from] ability: Sand Stream|[of] p2a: Tyranitar\n|turn|1\n|inactive|pepedanuts has 30 seconds left.\n|\n|t:|1776414983\n|switch|p2a: Sinistcha|Sinistcha-Masterpiece, L50|100/100\n|detailschange|p1b: Feraligatr|Feraligatr-Mega, L50, F, shiny\n|-mega|p1b: Feraligatr|Feraligatr|Feraligite\n|move|p1b: Feraligatr|Protect|p1b: Feraligatr\n|-singleturn|p1b: Feraligatr|Protect\n|move|p2b: Excadrill|Rock Slide|p1b: Feraligatr|[spread] p1a\n|-activate|p1b: Feraligatr|move: Protect\n|-supereffective|p1a: Aerodactyl|1\n|-damage|p1a: Aerodactyl|28/100\n|move|p1a: Aerodactyl|Tailwind|p1a: Aerodactyl\n|-sidestart|p1: theboyofthegame|move: Tailwind\n|\n|-weather|Sandstorm|[upkeep]\n|-damage|p1b: Feraligatr|94/100|[from] Sandstorm\n|-damage|p2a: Sinistcha|94/100|[from] Sandstorm\n|-heal|p2a: Sinistcha|100/100|[from] item: Leftovers\n|upkeep\n|turn|2\n|inactive|pepedanuts has 30 seconds left.\n|\n|t:|1776415010\n|move|p2b: Excadrill|Protect|p2b: Excadrill\n|-singleturn|p2b: Excadrill|Protect\n|move|p1a: Aerodactyl|Rock Slide|p2b: Excadrill|[spread] p2a\n|-activate|p2b: Excadrill|move: Protect\n|-damage|p2a: Sinistcha|79/100\n|move|p1b: Feraligatr|Liquidation|p2b: Excadrill\n|-activate|p2b: Excadrill|move: Protect\n|move|p2a: Sinistcha|Matcha Gotcha|p1a: Aerodactyl|[spread] p1b\n|-miss|p2a: Sinistcha|p1a: Aerodactyl\n|-damage|p1b: Feraligatr|68/100\n|-heal|p2a: Sinistcha|90/100|[from] drain|[of] p1b: Feraligatr\n|\n|-weather|Sandstorm|[upkeep]\n|-damage|p1b: Feraligatr|62/100|[from] Sandstorm\n|-damage|p2a: Sinistcha|84/100|[from] Sandstorm\n|-heal|p2a: Sinistcha|90/100|[from] item: Leftovers\n|upkeep\n|turn|3\n|inactive|pepedanuts has 30 seconds left.\n|inactive|pepedanuts has 20 seconds left.\n|\n|t:|1776415048\n|move|p2a: Sinistcha|Rage Powder|p2a: Sinistcha\n|-singleturn|p2a: Sinistcha|move: Rage Powder\n|move|p1a: Aerodactyl|Rock Slide|p2b: Excadrill|[spread] p2a,p2b\n|-resisted|p2b: Excadrill|2\n|-damage|p2a: Sinistcha|70/100\n|-damage|p2b: Excadrill|91/100\n|move|p2b: Excadrill|Rock Slide|p1b: Feraligatr|[spread] p1a,p1b\n|-supereffective|p1a: Aerodactyl|1\n|-damage|p1a: Aerodactyl|0 fnt\n|-damage|p1b: Feraligatr|42/100\n|faint|p1a: Aerodactyl\n|cant|p1b: Feraligatr|flinch\n|\n|-weather|Sandstorm|[upkeep]\n|-damage|p1b: Feraligatr|35/100|[from] Sandstorm\n|-damage|p2a: Sinistcha|64/100|[from] Sandstorm\n|-heal|p2a: Sinistcha|70/100|[from] item: Leftovers\n|upkeep\n|\n|t:|1776415061\n|switch|p1a: Incineroar|Incineroar, L50, F|100/100\n|-ability|p1a: Incineroar|Intimidate|boost\n|-unboost|p2a: Sinistcha|atk|1\n|-unboost|p2b: Excadrill|atk|1\n|turn|4\n|\n|t:|1776415080\n|switch|p2b: Milotic|Milotic, L50, F|100/100\n|move|p1a: Incineroar|Fake Out|p2b: Milotic\n|-damage|p2b: Milotic|89/100\n|move|p1b: Feraligatr|Double-Edge|p2a: Sinistcha\n|-damage|p2a: Sinistcha|0 fnt\n|faint|p2a: Sinistcha\n|-damage|p1b: Feraligatr|10/100|[from] Recoil\n|\n|-weather|Sandstorm|[upkeep]\n|-damage|p1b: Feraligatr|4/100|[from] Sandstorm\n|-damage|p1a: Incineroar|95/100|[from] Sandstorm\n|-damage|p2b: Milotic|82/100|[from] Sandstorm\n|-heal|p1a: Incineroar|100/100|[from] item: Leftovers\n|-sideend|p1: theboyofthegame|move: Tailwind\n|upkeep\n|\n|t:|1776415098\n|switch|p2a: Excadrill|Excadrill, L50, M|91/100\n|turn|5\n|-activate|p2b: Milotic|item: Quick Claw\n|\n|t:|1776415119\n|switch|p1b: Arcanine|Arcanine-Hisui, L50, M|100/100\n|move|p2a: Excadrill|Protect|p2a: Excadrill\n|-singleturn|p2a: Excadrill|Protect\n|move|p2b: Milotic|Scald|p1b: Arcanine\n|-supereffective|p1b: Arcanine|2\n|-damage|p1b: Arcanine|0 fnt\n|faint|p1b: Arcanine\n|move|p1a: Incineroar|Flare Blitz|p2a: Excadrill\n|-activate|p2a: Excadrill|move: Protect\n|\n|-weather|none\n|upkeep\n|\n|t:|1776415128\n|switch|p1b: Feraligatr|Feraligatr-Mega, L50, F, shiny|4/100\n|turn|6\n|-activate|p2b: Milotic|item: Quick Claw\n|\n|t:|1776415151\n|move|p2b: Milotic|Scald|p1a: Incineroar\n|-supereffective|p1a: Incineroar|1\n|-damage|p1a: Incineroar|23/100\n|move|p2a: Excadrill|Rock Slide|p1b: Feraligatr|[spread] p1a,p1b\n|-supereffective|p1a: Incineroar|1\n|-damage|p1a: Incineroar|0 fnt\n|-damage|p1b: Feraligatr|0 fnt\n|faint|p1a: Incineroar\n|faint|p1b: Feraligatr\n|\n|win|pepedanuts\n|raw|theboyofthegame's rating: 1058 &rarr; <strong>1044</strong><br />(-14 for losing)\n|raw|pepedanuts's rating: 1145 &rarr; <strong>1164</strong><br />(+19 for winning)\n",
  "uploadtime": 1776415177,
  "views": 28,
  "formatid": "gen9championsvgc2026regma",
  "rating": 1044,
  "private": 0,
  "password": null
}