{
  "id": "gen9championsvgc2026regma-2587516534",
  "format": "[Gen 9 Champions] VGC 2026 Reg M-A",
  "players": [
    "The Jagged Queen",
    "big froggy"
  ],
  "log": "|j|\u203dThe Jagged Queen\n|j|\u2606big froggy\n|t:|1776538511\n|gametype|doubles\n|player|p1|The Jagged Queen|caitlin|1100\n|player|p2|big froggy|fisherman-gen4|1100\n|gen|9\n|tier|[Gen 9 Champions] VGC 2026 Reg M-A\n|rated|\n|rule|Species Clause: Limit one of each Pok\u00e9mon\n|rule|Item Clause: Limit 1 of each item\n|clearpoke\n|poke|p1|Pelipper, L50, M|\n|poke|p1|Meganium, L50, F|\n|poke|p1|Incineroar, L50, M|\n|poke|p1|Archaludon, L50, F|\n|poke|p1|Basculegion, L50, M|\n|poke|p1|Sneasler, L50, F|\n|poke|p2|Starmie, L50|\n|poke|p2|Dragonite, L50, M|\n|poke|p2|Pelipper, L50, M|\n|poke|p2|Sinistcha, L50|\n|poke|p2|Kingambit, L50, M|\n|poke|p2|Sneasler, L50, M|\n|teampreview|4\n|\n|t:|1776538550\n|teamsize|p1|4\n|teamsize|p2|4\n|start\n|switch|p1a: Incineroar|Incineroar, L50, M|100/100\n|switch|p1b: Sneasler|Sneasler, L50, F|100/100\n|switch|p2a: Starmie|Starmie, L50|100/100\n|switch|p2b: Sneasler|Sneasler, L50, M|100/100\n|-ability|p1a: Incineroar|Intimidate|boost\n|-unboost|p2a: Starmie|atk|1\n|-unboost|p2b: Sneasler|atk|1\n|turn|1\n|\n|t:|1776538581\n|switch|p2a: Pelipper|Pelipper, L50, M|100/100\n|-weather|RainDance|[from] ability: Drizzle|[of] p2a: Pelipper\n|switch|p1a: Basculegion|Basculegion, L50, M|100/100\n|move|p2b: Sneasler|Fake Out|p1b: Sneasler\n|-damage|p1b: Sneasler|85/100\n|cant|p1b: Sneasler|flinch\n|\n|-weather|RainDance|[upkeep]\n|upkeep\n|turn|2\n|\n|t:|1776538612\n|move|p1a: Basculegion|Wave Crash|p2b: Sneasler\n|-enditem|p2b: Sneasler|Focus Sash\n|-damage|p2b: Sneasler|1/100\n|-damage|p1a: Basculegion|75/100|[from] Recoil\n|move|p2b: Sneasler|Dire Claw|p1a: Basculegion\n|-resisted|p1a: Basculegion|1\n|-damage|p1a: Basculegion|56/100\n|move|p2a: Pelipper|Hurricane|p1b: Sneasler\n|-supereffective|p1b: Sneasler|1\n|-damage|p1b: Sneasler|0 fnt\n|faint|p1b: Sneasler\n|\n|-weather|RainDance|[upkeep]\n|upkeep\n|\n|t:|1776538630\n|switch|p1b: Incineroar|Incineroar, L50, M|100/100\n|-ability|p1b: Incineroar|Intimidate|boost\n|-unboost|p2a: Pelipper|atk|1\n|-unboost|p2b: Sneasler|atk|1\n|turn|3\n|\n|t:|1776538644\n|move|p1b: Incineroar|Fake Out|p2b: Sneasler\n|-damage|p2b: Sneasler|0 fnt\n|faint|p2b: Sneasler\n|move|p1a: Basculegion|Last Respects|p2a: Pelipper\n|-damage|p2a: Pelipper|41/100\n|move|p2a: Pelipper|Hurricane|p1b: Incineroar\n|-damage|p1b: Incineroar|62/100\n|-start|p1b: Incineroar|confusion\n|\n|-weather|RainDance|[upkeep]\n|upkeep\n|\n|t:|1776538653\n|switch|p2b: Sinistcha|Sinistcha, L50|100/100\n|-heal|p2a: Pelipper|66/100|[from] ability: Hospitality|[of] p2b: Sinistcha\n|turn|4\n|\n|t:|1776538667\n|move|p1a: Basculegion|Last Respects|p2b: Sinistcha\n|-supereffective|p2b: Sinistcha|1\n|-damage|p2b: Sinistcha|26/100\n|-enditem|p2b: Sinistcha|Sitrus Berry|[eat]\n|-heal|p2b: Sinistcha|51/100|[from] item: Sitrus Berry\n|move|p2a: Pelipper|Hurricane|p1a: Basculegion\n|-damage|p1a: Basculegion|8/100\n|move|p2b: Sinistcha|Matcha Gotcha|p1b: Incineroar|[spread] p1a,p1b\n|-supereffective|p1a: Basculegion|1\n|-resisted|p1b: Incineroar|1\n|-crit|p1b: Incineroar\n|-damage|p1a: Basculegion|0 fnt\n|-heal|p2b: Sinistcha|55/100|[from] drain|[of] p1a: Basculegion\n|-damage|p1b: Incineroar|47/100\n|-heal|p2b: Sinistcha|63/100|[from] drain|[of] p1b: Incineroar\n|-enditem|p1b: Incineroar|Sitrus Berry|[eat]\n|-heal|p1b: Incineroar|72/100|[from] item: Sitrus Berry\n|faint|p1a: Basculegion\n|-activate|p1b: Incineroar|confusion\n|move|p1b: Incineroar|Parting Shot|p2a: Pelipper\n|-unboost|p2a: Pelipper|atk|1\n|-unboost|p2a: Pelipper|spa|1\n|\n|t:|1776538677\n|switch|p1b: Meganium|Meganium, L50, F|100/100|[from] Parting Shot\n|\n|-weather|RainDance|[upkeep]\n|upkeep\n|\n|t:|1776538678\n|switch|p1a: Incineroar|Incineroar, L50, M|72/100\n|-ability|p1a: Incineroar|Intimidate|boost\n|-unboost|p2a: Pelipper|atk|1\n|-unboost|p2b: Sinistcha|atk|1\n|turn|5\n|\n|t:|1776538699\n|detailschange|p1b: Meganium|Meganium-Mega, L50, F\n|-mega|p1b: Meganium|Meganium|Meganiumite\n|move|p1a: Incineroar|Fake Out|p2a: Pelipper\n|-damage|p2a: Pelipper|53/100\n|move|p2b: Sinistcha|Rage Powder|p2b: Sinistcha\n|-singleturn|p2b: Sinistcha|move: Rage Powder\n|cant|p2a: Pelipper|flinch\n|move|p1b: Meganium|Solar Beam||[still]\n|-prepare|p1b: Meganium|Solar Beam\n|-activate|p1b: Meganium|ability: Mega Sol\n|-anim|p1b: Meganium|Solar Beam|p2a: Pelipper\n|-damage|p2a: Pelipper|0 fnt\n|faint|p2a: Pelipper\n|\n|-weather|none\n|upkeep\n|\n|t:|1776538708\n|switch|p2a: Starmie|Starmie, L50|100/100\n|turn|6\n|\n|t:|1776538725\n|detailschange|p2a: Starmie|Starmie-Mega, L50\n|-mega|p2a: Starmie|Starmie|Starminite\n|move|p2a: Starmie|Psycho Cut|p1b: Meganium\n|-damage|p1b: Meganium|52/100\n|move|p1b: Meganium|Weather Ball|p2b: Sinistcha\n|-supereffective|p2b: Sinistcha|1\n|-damage|p2b: Sinistcha|0 fnt\n|faint|p2b: Sinistcha\n|move|p1a: Incineroar|Darkest Lariat|p2a: Starmie\n|-supereffective|p2a: Starmie|1\n|-damage|p2a: Starmie|11/100\n|\n|upkeep\n|turn|7\n|\n|t:|1776538740\n|move|p2a: Starmie|Aqua Jet|p1a: Incineroar\n|-supereffective|p1a: Incineroar|1\n|-damage|p1a: Incineroar|13/100\n|move|p1b: Meganium|Solar Beam||[still]\n|-prepare|p1b: Meganium|Solar Beam\n|-activate|p1b: Meganium|ability: Mega Sol\n|-anim|p1b: Meganium|Solar Beam|p2a: Starmie\n|-supereffective|p2a: Starmie|1\n|-damage|p2a: Starmie|0 fnt\n|faint|p2a: Starmie\n|\n|win|The Jagged Queen\n|raw|The Jagged Queen's rating: 1100 &rarr; <strong>1125</strong><br />(+25 for winning)\n|raw|big froggy's rating: 1100 &rarr; <strong>1075</strong><br />(-25 for losing)\n|l|\u2606big froggy\n|player|p2|\n",
  "uploadtime": 1776538751,
  "views": 16,
  "formatid": "gen9championsvgc2026regma",
  "rating": 1075,
  "private": 0,
  "password": null
}