{
  "id": "gen9championsvgc2026regma-2585783670",
  "format": "[Gen 9 Champions] VGC 2026 Reg M-A",
  "players": [
    "JustJakeyVGC",
    "Valloo MLA"
  ],
  "log": "|j|\u2606JustJakeyVGC\n|j|\u2606Valloo MLA\n|t:|1776370353\n|gametype|doubles\n|player|p1|JustJakeyVGC|102|1394\n|player|p2|Valloo MLA|265|1412\n|gen|9\n|tier|[Gen 9 Champions] VGC 2026 Reg M-A\n|rated|\n|rule|Species Clause: Limit one of each Pok\u00e9mon\n|rule|Item Clause: Limit 1 of each item\n|clearpoke\n|poke|p1|Charizard, L50, M|\n|poke|p1|Venusaur, L50, M|\n|poke|p1|Incineroar, L50, F|\n|poke|p1|Basculegion, L50, M|\n|poke|p1|Farigiraf, L50, F|\n|poke|p1|Torkoal, L50, F|\n|poke|p2|Incineroar, L50, F|\n|poke|p2|Politoed, L50, M|\n|poke|p2|Sinistcha, L50|\n|poke|p2|Aggron, L50, F|\n|poke|p2|Gardevoir, L50, M|\n|poke|p2|Basculegion, L50, M|\n|teampreview|4\n|inactive|Battle timer is ON: inactive players will automatically lose when time's up. (requested by Valloo MLA)\n|\n|t:|1776370390\n|teamsize|p1|4\n|teamsize|p2|4\n|start\n|switch|p1a: Charizard|Charizard, L50, M|100/100\n|switch|p1b: Venusaur|Venusaur, L50, M|100/100\n|switch|p2a: Incineroar|Incineroar, L50, F|100/100\n|switch|p2b: Gardevoir|Gardevoir, L50, M|100/100\n|-ability|p2a: Incineroar|Intimidate|boost\n|-unboost|p1a: Charizard|atk|1\n|-unboost|p1b: Venusaur|atk|1\n|turn|1\n|\n|t:|1776370415\n|detailschange|p2b: Gardevoir|Gardevoir-Mega, L50, M\n|-mega|p2b: Gardevoir|Gardevoir|Gardevoirite\n|move|p1a: Charizard|Protect|p1a: Charizard\n|-singleturn|p1a: Charizard|Protect\n|move|p1b: Venusaur|Protect|p1b: Venusaur\n|-singleturn|p1b: Venusaur|Protect\n|move|p2a: Incineroar|Fake Out|p1b: Venusaur\n|-activate|p1b: Venusaur|move: Protect\n|move|p2b: Gardevoir|Calm Mind|p2b: Gardevoir\n|-boost|p2b: Gardevoir|spa|1\n|-boost|p2b: Gardevoir|spd|1\n|\n|upkeep\n|turn|2\n|\n|t:|1776370429\n|detailschange|p1a: Charizard|Charizard-Mega-Y, L50, M\n|-mega|p1a: Charizard|Charizard|Charizardite Y\n|-weather|SunnyDay|[from] ability: Drought|[of] p1a: Charizard\n|move|p2b: Gardevoir|Protect|p2b: Gardevoir\n|-singleturn|p2b: Gardevoir|Protect\n|move|p1b: Venusaur|Sleep Powder|p2b: Gardevoir\n|-activate|p2b: Gardevoir|move: Protect\n|move|p1a: Charizard|Heat Wave|p2b: Gardevoir|[spread] p2a\n|-activate|p2b: Gardevoir|move: Protect\n|-resisted|p2a: Incineroar|1\n|-damage|p2a: Incineroar|72/100\n|move|p2a: Incineroar|Parting Shot|p1a: Charizard\n|-unboost|p1a: Charizard|atk|1\n|-unboost|p1a: Charizard|spa|1\n|\n|t:|1776370443\n|switch|p2a: Politoed|Politoed, L50, M|100/100|[from] Parting Shot\n|-weather|RainDance|[from] ability: Drizzle|[of] p2a: Politoed\n|\n|-weather|RainDance|[upkeep]\n|upkeep\n|turn|3\n|\n|t:|1776370452\n|switch|p1a: Torkoal|Torkoal, L50, F|100/100\n|-weather|SunnyDay|[from] ability: Drought|[of] p1a: Torkoal\n|switch|p2a: Incineroar|Incineroar, L50, F|72/100\n|-ability|p2a: Incineroar|Intimidate|boost\n|-unboost|p1a: Torkoal|atk|1\n|-unboost|p1b: Venusaur|atk|1\n|move|p1b: Venusaur|Sleep Powder|p2b: Gardevoir\n|-status|p2b: Gardevoir|slp|[from] move: Sleep Powder\n|cant|p2b: Gardevoir|slp\n|\n|-weather|SunnyDay|[upkeep]\n|upkeep\n|turn|4\n|inactive|JustJakeyVGC has 30 seconds left.\n|inactive|JustJakeyVGC has 20 seconds left.\n|inactive|JustJakeyVGC has 15 seconds left.\n|\n|t:|1776370497\n|move|p2a: Incineroar|Fake Out|p1a: Torkoal\n|-damage|p1a: Torkoal|90/100\n|move|p1b: Venusaur|Earth Power|p2a: Incineroar\n|-supereffective|p2a: Incineroar|1\n|-damage|p2a: Incineroar|25/100\n|-enditem|p2a: Incineroar|Sitrus Berry|[eat]\n|-heal|p2a: Incineroar|50/100|[from] item: Sitrus Berry\n|cant|p2b: Gardevoir|slp\n|cant|p1a: Torkoal|flinch\n|\n|-weather|SunnyDay|[upkeep]\n|upkeep\n|turn|5\n|\n|t:|1776370521\n|switch|p2a: Politoed|Politoed, L50, M|100/100\n|-weather|RainDance|[from] ability: Drizzle|[of] p2a: Politoed\n|-curestatus|p2b: Gardevoir|slp|[msg]\n|move|p2b: Gardevoir|Psychic|p1b: Venusaur\n|-supereffective|p1b: Venusaur|1\n|-damage|p1b: Venusaur|0 fnt\n|faint|p1b: Venusaur\n|move|p1a: Torkoal|Eruption|p2b: Gardevoir|[spread] p2a,p2b\n|-resisted|p2a: Politoed|1\n|-damage|p2a: Politoed|91/100\n|-damage|p2b: Gardevoir|87/100\n|\n|-weather|RainDance|[upkeep]\n|-heal|p2a: Politoed|97/100|[from] item: Leftovers\n|upkeep\n|\n|t:|1776370528\n|switch|p1b: Basculegion|Basculegion, L50, M|100/100\n|turn|6\n|\n|t:|1776370541\n|switch|p2a: Incineroar|Incineroar, L50, F|50/100\n|-ability|p2a: Incineroar|Intimidate|boost\n|-unboost|p1a: Torkoal|atk|1\n|-unboost|p1b: Basculegion|atk|1\n|move|p2b: Gardevoir|Protect|p2b: Gardevoir\n|-singleturn|p2b: Gardevoir|Protect\n|move|p1a: Torkoal|Protect|p1a: Torkoal\n|-singleturn|p1a: Torkoal|Protect\n|move|p1b: Basculegion|Wave Crash|p2b: Gardevoir\n|-activate|p2b: Gardevoir|move: Protect\n|\n|-weather|RainDance|[upkeep]\n|upkeep\n|turn|7\n|\n|t:|1776370564\n|switch|p2b: Politoed|Politoed, L50, M|97/100\n|move|p1b: Basculegion|Wave Crash|p2b: Politoed\n|-resisted|p2b: Politoed|1\n|-damage|p2b: Politoed|67/100\n|-damage|p1b: Basculegion|91/100|[from] Recoil\n|move|p2a: Incineroar|Throat Chop|p1b: Basculegion\n|-supereffective|p1b: Basculegion|1\n|-damage|p1b: Basculegion|15/100\n|-start|p1b: Basculegion|Throat Chop|[silent]\n|move|p1a: Torkoal|Weather Ball|p2a: Incineroar\n|-supereffective|p2a: Incineroar|1\n|-damage|p2a: Incineroar|0 fnt\n|faint|p2a: Incineroar\n|\n|-weather|RainDance|[upkeep]\n|-heal|p2b: Politoed|73/100|[from] item: Leftovers\n|upkeep\n|\n|t:|1776370568\n|switch|p2a: Basculegion|Basculegion, L50, M|100/100\n|turn|8\n|inactive|JustJakeyVGC has 30 seconds left.\n|\n|t:|1776370594\n|switch|p1b: Charizard|Charizard-Mega-Y, L50, M|100/100\n|-weather|SunnyDay|[from] ability: Drought|[of] p1b: Charizard\n|move|p2a: Basculegion|Aqua Jet|p1b: Charizard\n|-supereffective|p1b: Charizard|1\n|-damage|p1b: Charizard|73/100\n|move|p2b: Politoed|Weather Ball|p1a: Torkoal\n|-resisted|p1a: Torkoal|1\n|-damage|p1a: Torkoal|72/100\n|move|p1a: Torkoal|Eruption|p2b: Politoed|[spread] p2a,p2b\n|-resisted|p2a: Basculegion|1\n|-resisted|p2b: Politoed|1\n|-damage|p2a: Basculegion|64/100\n|-damage|p2b: Politoed|50/100\n|\n|-weather|SunnyDay|[upkeep]\n|-heal|p2b: Politoed|56/100|[from] item: Leftovers\n|upkeep\n|turn|9\n|inactive|JustJakeyVGC has 30 seconds left.\n|inactive|Valloo MLA has 30 seconds left.\n|inactive|Valloo MLA has 20 seconds left.\n|\n|t:|1776370639\n|switch|p2a: Gardevoir|Gardevoir-Mega, L50, M|87/100\n|switch|p1a: Basculegion|Basculegion, L50, M|15/100\n|move|p1b: Charizard|Heat Wave|p2b: Politoed|[spread] p2a,p2b\n|-resisted|p2b: Politoed|1\n|-damage|p2a: Gardevoir|30/100\n|-damage|p2b: Politoed|28/100\n|move|p2b: Politoed|Perish Song|p2b: Politoed\n|-start|p1a: Basculegion|perish3|[silent]\n|-start|p1b: Charizard|perish3|[silent]\n|-start|p2a: Gardevoir|perish3|[silent]\n|-start|p2b: Politoed|perish3|[silent]\n|-fieldactivate|move: Perish Song\n|\n|-weather|SunnyDay|[upkeep]\n|-heal|p2b: Politoed|35/100|[from] item: Leftovers\n|-start|p1a: Basculegion|perish3\n|-start|p2a: Gardevoir|perish3\n|-start|p1b: Charizard|perish3\n|-start|p2b: Politoed|perish3\n|upkeep\n|turn|10\n|\n|t:|1776370661\n|move|p2a: Gardevoir|Protect|p2a: Gardevoir\n|-singleturn|p2a: Gardevoir|Protect\n|move|p2b: Politoed|Protect|p2b: Politoed\n|-singleturn|p2b: Politoed|Protect\n|move|p1a: Basculegion|Last Respects|p2a: Gardevoir\n|-activate|p2a: Gardevoir|move: Protect\n|move|p1b: Charizard|Air Slash|p2b: Politoed\n|-activate|p2b: Politoed|move: Protect\n|\n|-weather|SunnyDay|[upkeep]\n|-heal|p2b: Politoed|41/100|[from] item: Leftovers\n|-start|p1a: Basculegion|perish2\n|-start|p2a: Gardevoir|perish2\n|-start|p1b: Charizard|perish2\n|-start|p2b: Politoed|perish2\n|upkeep\n|turn|11\n|\n|t:|1776370676\n|switch|p2b: Basculegion|Basculegion, L50, M|64/100\n|move|p2a: Gardevoir|Protect|p2a: Gardevoir\n|-singleturn|p2a: Gardevoir|Protect\n|move|p1a: Basculegion|Last Respects|p2a: Gardevoir\n|-activate|p2a: Gardevoir|move: Protect\n|move|p1b: Charizard|Air Slash|p2b: Basculegion|[miss]\n|-miss|p1b: Charizard|p2b: Basculegion\n|\n|-weather|SunnyDay|[upkeep]\n|-start|p1a: Basculegion|perish1\n|-start|p2a: Gardevoir|perish1\n|-start|p1b: Charizard|perish1\n|upkeep\n|turn|12\n|inactive|JustJakeyVGC has 30 seconds left.\n|\n|t:|1776370702\n|switch|p2a: Politoed|Politoed, L50, M|41/100\n|-weather|RainDance|[from] ability: Drizzle|[of] p2a: Politoed\n|switch|p1b: Torkoal|Torkoal, L50, F|72/100\n|-weather|SunnyDay|[from] ability: Drought|[of] p1b: Torkoal\n|move|p2b: Basculegion|Last Respects|p1a: Basculegion\n|-supereffective|p1a: Basculegion|1\n|-damage|p1a: Basculegion|0 fnt\n|faint|p1a: Basculegion\n|\n|-weather|SunnyDay|[upkeep]\n|-heal|p2a: Politoed|47/100|[from] item: Leftovers\n|upkeep\n|\n|t:|1776370711\n|switch|p1a: Charizard|Charizard-Mega-Y, L50, M|73/100\n|turn|13\n|\n|t:|1776370722\n|switch|p2a: Gardevoir|Gardevoir-Mega, L50, M|30/100\n|move|p2b: Basculegion|Last Respects|p1a: Charizard\n|-damage|p1a: Charizard|1/100\n|move|p1a: Charizard|Air Slash|p2b: Basculegion\n|-damage|p2b: Basculegion|10/100\n|move|p1b: Torkoal|Eruption|p2b: Basculegion|[spread] p2a,p2b\n|-resisted|p2b: Basculegion|1\n|-damage|p2a: Gardevoir|0 fnt\n|-damage|p2b: Basculegion|0 fnt\n|faint|p2a: Gardevoir\n|faint|p2b: Basculegion\n|\n|-weather|SunnyDay|[upkeep]\n|upkeep\n|\n|t:|1776370724\n|switch|p2b: Politoed|Politoed, L50, M|47/100\n|-weather|RainDance|[from] ability: Drizzle|[of] p2b: Politoed\n|turn|14\n|inactive|JustJakeyVGC has 30 seconds left.\n|inactive|JustJakeyVGC has 20 seconds left.\n|\n|t:|1776370763\n|move|p1a: Charizard|Air Slash|p2b: Politoed\n|-damage|p2b: Politoed|6/100\n|move|p2b: Politoed|Weather Ball|p1a: Charizard\n|-supereffective|p1a: Charizard|1\n|-damage|p1a: Charizard|0 fnt\n|faint|p1a: Charizard\n|move|p1b: Torkoal|Earth Power|p2b: Politoed\n|-damage|p2b: Politoed|0 fnt\n|faint|p2b: Politoed\n|\n|win|JustJakeyVGC\n|raw|JustJakeyVGC's rating: 1394 &rarr; <strong>1415</strong><br />(+21 for winning)\n|raw|Valloo MLA's rating: 1412 &rarr; <strong>1391</strong><br />(-21 for losing)\n",
  "uploadtime": 1776370775,
  "views": 38,
  "formatid": "gen9championsvgc2026regma",
  "rating": 1391,
  "private": 0,
  "password": null
}