{
  "id": "gen9championsvgc2026regma-2584247994",
  "format": "[Gen 9 Champions] VGC 2026 Reg M-A",
  "players": [
    "colfox",
    "Lyph88"
  ],
  "log": "|j|\u203dcolfox\n|j|\u2606Lyph88\n|t:|1776242947\n|gametype|doubles\n|player|p1|colfox|2|1217\n|player|p2|Lyph88|lucas-gen4pt|1235\n|gen|9\n|tier|[Gen 9 Champions] VGC 2026 Reg M-A\n|rated|\n|rule|Species Clause: Limit one of each Pok\u00e9mon\n|rule|Item Clause: Limit 1 of each item\n|clearpoke\n|poke|p1|Sylveon, L50, M|\n|poke|p1|Garchomp, L50, F|\n|poke|p1|Milotic, L50, F|\n|poke|p1|Ninetales, L50, M|\n|poke|p1|Raichu, L50, M|\n|poke|p1|Scizor, L50, M|\n|poke|p2|Tyranitar, L50, M|\n|poke|p2|Rotom-Wash, L50|\n|poke|p2|Garchomp, L50, M|\n|poke|p2|Sinistcha, L50|\n|poke|p2|Sneasler, L50, F|\n|poke|p2|Talonflame, L50, M|\n|teampreview|4\n|\n|t:|1776242987\n|teamsize|p1|4\n|teamsize|p2|4\n|start\n|switch|p1a: Raichu|Raichu, L50, M|100/100\n|switch|p1b: Sylveon|Sylveon, L50, M|100/100\n|switch|p2a: Tyranitar|Tyranitar, L50, M|100/100\n|switch|p2b: Sneasler|Sneasler, L50, F|100/100\n|-weather|Sandstorm|[from] ability: Sand Stream|[of] p2a: Tyranitar\n|turn|1\n|\n|t:|1776243015\n|switch|p1b: Garchomp|Garchomp, L50, F|100/100\n|move|p1a: Raichu|Protect|p1a: Raichu\n|-singleturn|p1a: Raichu|Protect\n|move|p2b: Sneasler|Protect|p2b: Sneasler\n|-singleturn|p2b: Sneasler|Protect\n|move|p2a: Tyranitar|Protect||[still]\n|-fail|p2a: Tyranitar\n|\n|-weather|Sandstorm|[upkeep]\n|-damage|p1a: Raichu|95/100|[from] Sandstorm\n|-damage|p2b: Sneasler|94/100|[from] Sandstorm\n|upkeep\n|turn|2\n|\n|t:|1776243039\n|switch|p2b: Talonflame|Talonflame, L50, M|100/100\n|detailschange|p2a: Tyranitar|Tyranitar-Mega, L50, M\n|-mega|p2a: Tyranitar|Tyranitar|Tyranitarite\n|move|p1a: Raichu|Volt Switch|p2b: Talonflame\n|-supereffective|p2b: Talonflame|1\n|-enditem|p2b: Talonflame|Focus Sash\n|-damage|p2b: Talonflame|1/100\n|\n|t:|1776243052\n|switch|p1a: Scizor|Scizor, L50, M|100/100|[from] Volt Switch\n|move|p1b: Garchomp|Rock Slide|p2a: Tyranitar|[spread] p2a,p2b\n|-supereffective|p2b: Talonflame|2\n|-damage|p2a: Tyranitar|88/100\n|-damage|p2b: Talonflame|0 fnt\n|faint|p2b: Talonflame\n|move|p2a: Tyranitar|Ice Punch|p1b: Garchomp\n|-supereffective|p1b: Garchomp|2\n|-damage|p1b: Garchomp|0 fnt\n|-damage|p2a: Tyranitar|76/100|[from] ability: Rough Skin|[of] p1b: Garchomp\n|faint|p1b: Garchomp\n|\n|-weather|Sandstorm|[upkeep]\n|upkeep\n|\n|t:|1776243069\n|switch|p1b: Raichu|Raichu, L50, M|95/100\n|switch|p2b: Sneasler|Sneasler, L50, F|94/100\n|turn|3\n|\n|t:|1776243085\n|switch|p2b: Sinistcha|Sinistcha, L50|100/100\n|-heal|p2a: Tyranitar|100/100|[from] ability: Hospitality|[of] p2b: Sinistcha\n|detailschange|p1a: Scizor|Scizor-Mega, L50, M\n|-mega|p1a: Scizor|Scizor|Scizorite\n|move|p2a: Tyranitar|Protect|p2a: Tyranitar\n|-singleturn|p2a: Tyranitar|Protect\n|move|p1b: Raichu|Fake Out|p2a: Tyranitar\n|-activate|p2a: Tyranitar|move: Protect\n|move|p1a: Scizor|Swords Dance|p1a: Scizor\n|-boost|p1a: Scizor|atk|2\n|\n|-weather|Sandstorm|[upkeep]\n|-damage|p1b: Raichu|89/100|[from] Sandstorm\n|-damage|p2b: Sinistcha|94/100|[from] Sandstorm\n|-heal|p2b: Sinistcha|100/100|[from] item: Leftovers\n|upkeep\n|turn|4\n|\n|t:|1776243113\n|switch|p2a: Sneasler|Sneasler, L50, F|94/100\n|move|p1b: Raichu|Electroweb|p2a: Sneasler|[spread] p2a,p2b\n|-resisted|p2b: Sinistcha|1\n|-damage|p2a: Sneasler|67/100\n|-damage|p2b: Sinistcha|93/100\n|-unboost|p2a: Sneasler|spe|1\n|-unboost|p2b: Sinistcha|spe|1\n|-enditem|p2a: Sneasler|White Herb\n|-clearnegativeboost|p2a: Sneasler|[silent]\n|move|p1a: Scizor|Bug Bite|p2a: Sneasler\n|-resisted|p2a: Sneasler|2\n|-damage|p2a: Sneasler|18/100\n|move|p2b: Sinistcha|Strength Sap|p1a: Scizor\n|-unboost|p1a: Scizor|atk|1\n|-heal|p2b: Sinistcha|100/100\n|\n|-weather|Sandstorm|[upkeep]\n|-damage|p2a: Sneasler|12/100|[from] Sandstorm\n|-damage|p1b: Raichu|83/100|[from] Sandstorm\n|-damage|p2b: Sinistcha|94/100|[from] Sandstorm\n|-heal|p2b: Sinistcha|100/100|[from] item: Leftovers\n|upkeep\n|turn|5\n|\n|t:|1776243140\n|move|p2a: Sneasler|Protect|p2a: Sneasler\n|-singleturn|p2a: Sneasler|Protect\n|move|p1a: Scizor|Bullet Punch|p2a: Sneasler\n|-activate|p2a: Sneasler|move: Protect\n|move|p1b: Raichu|Electroweb|p2a: Sneasler|[spread] p2b\n|-activate|p2a: Sneasler|move: Protect\n|-resisted|p2b: Sinistcha|1\n|-damage|p2b: Sinistcha|92/100\n|-unboost|p2b: Sinistcha|spe|1\n|move|p2b: Sinistcha|Life Dew|p2b: Sinistcha|[spread] p2a,p2b\n|-heal|p2a: Sneasler|37/100\n|-heal|p2b: Sinistcha|100/100\n|\n|-weather|none\n|upkeep\n|turn|6\n|\n|t:|1776243167\n|move|p2b: Sinistcha|Rage Powder|p2b: Sinistcha\n|-singleturn|p2b: Sinistcha|move: Rage Powder\n|move|p1a: Scizor|Bullet Punch|p2b: Sinistcha\n|-damage|p2b: Sinistcha|46/100\n|move|p2a: Sneasler|Close Combat|p1a: Scizor\n|-damage|p1a: Scizor|52/100\n|-unboost|p2a: Sneasler|def|1\n|-unboost|p2a: Sneasler|spd|1\n|move|p1b: Raichu|Volt Switch|p2b: Sinistcha\n|-resisted|p2b: Sinistcha|1\n|-damage|p2b: Sinistcha|31/100\n|\n|t:|1776243179\n|switch|p1b: Sylveon|Sylveon, L50, M|100/100|[from] Volt Switch\n|\n|-heal|p2b: Sinistcha|37/100|[from] item: Leftovers\n|upkeep\n|turn|7\n|\n|t:|1776243196\n|move|p1b: Sylveon|Protect|p1b: Sylveon\n|-singleturn|p1b: Sylveon|Protect\n|move|p2b: Sinistcha|Rage Powder|p2b: Sinistcha\n|-singleturn|p2b: Sinistcha|move: Rage Powder\n|move|p1a: Scizor|Bullet Punch|p2b: Sinistcha\n|-damage|p2b: Sinistcha|0 fnt\n|faint|p2b: Sinistcha\n|move|p2a: Sneasler|Dire Claw|p1b: Sylveon\n|-activate|p1b: Sylveon|move: Protect\n|\n|upkeep\n|\n|t:|1776243198\n|switch|p2b: Tyranitar|Tyranitar-Mega, L50, M|100/100\n|-weather|Sandstorm|[from] ability: Sand Stream|[of] p2b: Tyranitar\n|turn|8\n|\n|t:|1776243218\n|move|p2a: Sneasler|Protect|p2a: Sneasler\n|-singleturn|p2a: Sneasler|Protect\n|move|p1a: Scizor|Bullet Punch|p2b: Tyranitar\n|-supereffective|p2b: Tyranitar|1\n|-damage|p2b: Tyranitar|34/100\n|move|p2b: Tyranitar|Rock Slide|p1a: Scizor|[spread] p1a,p1b\n|-damage|p1a: Scizor|25/100\n|-damage|p1b: Sylveon|51/100\n|move|p1b: Sylveon|Hyper Voice|p2a: Sneasler|[spread] p2b\n|-activate|p2a: Sneasler|move: Protect\n|-supereffective|p2b: Tyranitar|1\n|-damage|p2b: Tyranitar|0 fnt\n|faint|p2b: Tyranitar\n|\n|-weather|Sandstorm|[upkeep]\n|-damage|p2a: Sneasler|31/100|[from] Sandstorm\n|-damage|p1b: Sylveon|46/100|[from] Sandstorm\n|upkeep\n|turn|9\n|-message|Lyph88 forfeited.\n|\n|win|colfox\n|raw|colfox's rating: 1217 &rarr; <strong>1243</strong><br />(+26 for winning)\n|raw|Lyph88's rating: 1235 &rarr; <strong>1209</strong><br />(-26 for losing)\n|l|\u2606Lyph88\n|player|p2|\n",
  "uploadtime": 1776243238,
  "views": 58,
  "formatid": "gen9championsvgc2026regma",
  "rating": 1209,
  "private": 0,
  "password": null
}