{
  "id": "gen9championsvgc2026regma-2588009428",
  "format": "[Gen 9 Champions] VGC 2026 Reg M-A",
  "players": [
    "TR Zeu$",
    "funmer"
  ],
  "log": "|j|\u2606TR Zeu$\n|j|\u2606funmer\n|t:|1776592357\n|gametype|doubles\n|player|p1|TR Zeu$|bugcatcher-gen4dp|1168\n|player|p2|funmer|265|1266\n|gen|9\n|tier|[Gen 9 Champions] VGC 2026 Reg M-A\n|rated|\n|rule|Species Clause: Limit one of each Pok\u00e9mon\n|rule|Item Clause: Limit 1 of each item\n|clearpoke\n|poke|p1|Aerodactyl, L50, F|\n|poke|p1|Sneasler, L50, M|\n|poke|p1|Kingambit, L50, M|\n|poke|p1|Sinistcha, L50|\n|poke|p1|Primarina, L50, F|\n|poke|p1|Zoroark-Hisui, L50, F|\n|poke|p2|Froslass, L50, F|\n|poke|p2|Garchomp, L50, M|\n|poke|p2|Incineroar, L50, F|\n|poke|p2|Sneasler, L50, M|\n|poke|p2|Aerodactyl, L50, M, shiny|\n|poke|p2|Kingambit, L50, F|\n|teampreview|4\n|inactive|Battle timer is ON: inactive players will automatically lose when time's up. (requested by TR Zeu$)\n|\n|t:|1776592381\n|teamsize|p1|4\n|teamsize|p2|4\n|start\n|switch|p1a: Primarina|Primarina, L50, F|100/100\n|switch|p1b: Sneasler|Sneasler, L50, M|100/100\n|switch|p2a: Incineroar|Incineroar, L50, F|100/100\n|switch|p2b: Aerodactyl|Aerodactyl, L50, M, shiny|100/100\n|-ability|p2b: Aerodactyl|Unnerve\n|-ability|p2a: Incineroar|Intimidate|boost\n|-unboost|p1a: Primarina|atk|1\n|-unboost|p1b: Sneasler|atk|1\n|-enditem|p1b: Sneasler|White Herb\n|-clearnegativeboost|p1b: Sneasler|[silent]\n|turn|1\n|inactive|TR Zeu$ has 30 seconds left.\n|\n|t:|1776592409\n|move|p1b: Sneasler|Fake Out|p2a: Incineroar\n|-damage|p2a: Incineroar|87/100\n|cant|p2a: Incineroar|flinch\n|move|p1a: Primarina|Shadow Ball|p2b: Aerodactyl\n|-damage|p2b: Aerodactyl|37/100\n|move|p2b: Aerodactyl|Dual Wingbeat|p1b: Sneasler\n|-supereffective|p1b: Sneasler|1\n|-damage|p1b: Sneasler|43/100\n|-supereffective|p1b: Sneasler|1\n|-damage|p1b: Sneasler|0 fnt\n|faint|p1b: Sneasler\n|-hitcount|p1: Sneasler|2\n|\n|upkeep\n|\n|t:|1776592429\n|switch|p1b: Primarina|Primarina, L50, F|100/100\n|turn|2\n|inactive|funmer has 30 seconds left.\n|\n|t:|1776592458\n|move|p1a: Primarina|Shadow Ball|p2b: Aerodactyl\n|-damage|p2b: Aerodactyl|0 fnt\n|faint|p2b: Aerodactyl\n|move|p2a: Incineroar|Throat Chop|p1b: Primarina\n|-resisted|p1b: Primarina|1\n|-damage|p1b: Primarina|81/100\n|-start|p1b: Primarina|Throat Chop|[silent]\n|cant|p1b: Primarina|move: Throat Chop\n|\n|upkeep\n|\n|t:|1776592480\n|switch|p2b: Kingambit|Kingambit, L50, F|100/100\n|turn|3\n|\n|t:|1776592505\n|switch|p1a: Aerodactyl|Aerodactyl, L50, F|100/100\n|-ability|p1a: Aerodactyl|Unnerve\n|move|p2a: Incineroar|Throat Chop|p1a: Aerodactyl\n|-damage|p1a: Aerodactyl|54/100\n|-start|p1a: Aerodactyl|Throat Chop|[silent]\n|move|p2b: Kingambit|Kowtow Cleave|p1a: Aerodactyl\n|-damage|p1a: Aerodactyl|0 fnt\n|faint|p1a: Aerodactyl\n|move|p1b: Primarina|Moonblast|p2b: Kingambit\n|-damage|p2b: Kingambit|45/100\n|\n|-end|p1b: Primarina|Throat Chop|[silent]\n|upkeep\n|\n|t:|1776592512\n|switch|p1a: Primarina|Primarina, L50, F|100/100\n|turn|4\n|\n|t:|1776592534\n|move|p2b: Kingambit|Sucker Punch|p1a: Primarina\n|-supereffective|p1a: Primarina|1\n|-damage|p1a: Primarina|0 fnt\n|replace|p1a: Zoroark|Zoroark-Hisui, L50, F\n|-end|p1a: Zoroark|Illusion\n|faint|p1a: Zoroark\n|move|p2a: Incineroar|Throat Chop|p1b: Primarina\n|-resisted|p1b: Primarina|1\n|-damage|p1b: Primarina|62/100\n|-start|p1b: Primarina|Throat Chop|[silent]\n|cant|p1b: Primarina|move: Throat Chop\n|\n|upkeep\n|turn|5\n|-message|TR Zeu$ forfeited.\n|\n|win|funmer\n|raw|TR Zeu$'s rating: 1168 &rarr; <strong>1150</strong><br />(-18 for losing)\n|raw|funmer's rating: 1266 &rarr; <strong>1284</strong><br />(+18 for winning)\n|l|\u2606TR Zeu$\n|player|p1|\n|c|\u2606funmer|gg\n",
  "uploadtime": 1776592555,
  "views": 13,
  "formatid": "gen9championsvgc2026regma",
  "rating": 1150,
  "private": 0,
  "password": null
}