{
  "id": "gen9championsvgc2026regma-2587881867",
  "format": "[Gen 9 Champions] VGC 2026 Reg M-A",
  "players": [
    "abacusdestroyer",
    "Bman311"
  ],
  "log": "|j|\u2606abacusdestroyer\n|j|\u2606Bman311\n|t:|1776574148\n|gametype|doubles\n|player|p1|abacusdestroyer|benga|1498\n|player|p2|Bman311|101|1495\n|gen|9\n|tier|[Gen 9 Champions] VGC 2026 Reg M-A\n|rated|\n|rule|Species Clause: Limit one of each Pok\u00e9mon\n|rule|Item Clause: Limit 1 of each item\n|clearpoke\n|poke|p1|Hawlucha, L50, F|\n|poke|p1|Empoleon, L50, M|\n|poke|p1|Gengar, L50, F|\n|poke|p1|Hydreigon, L50, F|\n|poke|p1|Sableye, L50, M|\n|poke|p1|Kingambit, L50, M|\n|poke|p2|Floette-Eternal, L50, F|\n|poke|p2|Aerodactyl, L50, F|\n|poke|p2|Sneasler, L50, F|\n|poke|p2|Incineroar, L50, M|\n|poke|p2|Sinistcha, L50|\n|poke|p2|Basculegion, L50, M|\n|teampreview|4\n|inactive|Battle timer is ON: inactive players will automatically lose when time's up. (requested by Bman311)\nBman311 has agreed to open team sheets.\n|\n|t:|1776574167\n|teamsize|p1|4\n|teamsize|p2|4\n|start\n|switch|p1a: Gengar|Gengar, L50, F|100/100\n|switch|p1b: Sableye|Sableye, L50, M|100/100\n|switch|p2a: Aerodactyl|Aerodactyl, L50, F|100/100\n|switch|p2b: Floette|Floette-Eternal, L50, F|100/100\n|-ability|p2a: Aerodactyl|Unnerve\n|turn|1\n|\n|t:|1776574183\n|detailschange|p1a: Gengar|Gengar-Mega, L50, F\n|-mega|p1a: Gengar|Gengar|Gengarite\n|detailschange|p2b: Floette|Floette-Mega, L50, F\n|-mega|p2b: Floette|Floette|Floettite\n|-ability|p2b: Floette|Fairy Aura\n|move|p1b: Sableye|Fake Out|p2b: Floette\n|-damage|p2b: Floette|92/100\n|move|p1a: Gengar|Sludge Bomb|p2b: Floette\n|-supereffective|p2b: Floette|1\n|-damage|p2b: Floette|8/100\n|-status|p2b: Floette|psn\n|move|p2a: Aerodactyl|Tailwind|p2a: Aerodactyl\n|-sidestart|p2: Bman311|move: Tailwind\n|cant|p2b: Floette|flinch\n|\n|-damage|p2b: Floette|0 fnt|[from] psn\n|faint|p2b: Floette\n|upkeep\n|\n|t:|1776574203\n|switch|p2b: Basculegion|Basculegion, L50, M|100/100\n|turn|2\n|\n|t:|1776574214\n|move|p1a: Gengar|Protect|p1a: Gengar\n|-singleturn|p1a: Gengar|Protect\n|move|p1b: Sableye|Encore|p2a: Aerodactyl\n|-start|p2a: Aerodactyl|Encore\n|move|p2b: Basculegion|Last Respects|p1a: Gengar\n|-activate|p1a: Gengar|move: Protect\n|move|p2a: Aerodactyl|Tailwind||[still]\n|-fail|p2a: Aerodactyl\n|\n|upkeep\n|turn|3\n|\n|t:|1776574228\n|switch|p2b: Sneasler|Sneasler, L50, F|100/100\n|move|p1b: Sableye|Disable||[still]\n|-fail|p1b: Sableye\n|move|p2a: Aerodactyl|Tailwind||[still]\n|-fail|p2a: Aerodactyl\n|move|p1a: Gengar|Shadow Ball|p2b: Sneasler\n|-damage|p2b: Sneasler|36/100\n|-unboost|p2b: Sneasler|spd|1\n|-enditem|p2b: Sneasler|White Herb\n|-clearnegativeboost|p2b: Sneasler|[silent]\n|\n|upkeep\n|turn|4\n|\n|t:|1776574248\n|move|p1b: Sableye|Disable|p2a: Aerodactyl\n|-start|p2a: Aerodactyl|Disable|Tailwind\n|move|p2b: Sneasler|Dire Claw|p1b: Sableye\n|-resisted|p1b: Sableye|1\n|-damage|p1b: Sableye|74/100\n|cant|p2a: Aerodactyl|Disable|Tailwind\n|move|p1a: Gengar|Shadow Ball|p2b: Sneasler\n|-damage|p2b: Sneasler|0 fnt\n|faint|p2b: Sneasler\n|\n|-end|p2a: Aerodactyl|Encore\n|-sideend|p2: Bman311|move: Tailwind\n|upkeep\n|\n|t:|1776574255\n|switch|p2b: Basculegion|Basculegion, L50, M|100/100\n|turn|5\n|\n|t:|1776574274\n|move|p1b: Sableye|Protect|p1b: Sableye\n|-singleturn|p1b: Sableye|Protect\n|move|p1a: Gengar|Protect|p1a: Gengar\n|-singleturn|p1a: Gengar|Protect\n|move|p2b: Basculegion|Last Respects|p1b: Sableye\n|-activate|p1b: Sableye|move: Protect\n|move|p2a: Aerodactyl|Rock Slide|p1a: Gengar|[spread] \n|-activate|p1a: Gengar|move: Protect\n|-activate|p1b: Sableye|move: Protect\n|\n|upkeep\n|turn|6\n|inactive|abacusdestroyer has 30 seconds left.\n|\n|t:|1776574301\n|move|p1b: Sableye|Disable|p2b: Basculegion\n|-start|p2b: Basculegion|Disable|Last Respects\n|cant|p2b: Basculegion|Disable|Last Respects\n|move|p1a: Gengar|Shadow Ball|p2b: Basculegion\n|-supereffective|p2b: Basculegion|1\n|-damage|p2b: Basculegion|0 fnt\n|faint|p2b: Basculegion\n|move|p2a: Aerodactyl|Rock Slide|p1b: Sableye|[spread] p1a,p1b\n|-damage|p1a: Gengar|59/100\n|-damage|p1b: Sableye|49/100\n|\n|upkeep\n|turn|7\n|-message|Bman311 forfeited.\n|\n|win|abacusdestroyer\n|raw|abacusdestroyer's rating: 1498 &rarr; <strong>1518</strong><br />(+20 for winning)\n|raw|Bman311's rating: 1495 &rarr; <strong>1475</strong><br />(-20 for losing)\n|l|\u2606Bman311\n|player|p2|\n",
  "uploadtime": 1776574318,
  "views": 15,
  "formatid": "gen9championsvgc2026regma",
  "rating": 1475,
  "private": 0,
  "password": null
}