{
  "id": "gen9championsvgc2026regma-2583522120",
  "format": "[Gen 9 Champions] VGC 2026 Reg M-A",
  "players": [
    "pepitoito",
    "tenyaku"
  ],
  "log": "|j|\u2606pepitoito\n|j|\u2606tenyaku\n|t:|1776180959\n|gametype|doubles\n|player|p1|pepitoito|miku-ghost|1100\n|player|p2|tenyaku|wally|1142\n|gen|9\n|tier|[Gen 9 Champions] VGC 2026 Reg M-A\n|rated|\n|rule|Species Clause: Limit one of each Pok\u00e9mon\n|rule|Item Clause: Limit 1 of each item\n|clearpoke\n|poke|p1|Delphox, L50, F|\n|poke|p1|Mamoswine, L50, M|\n|poke|p1|Rotom-Wash, L50|\n|poke|p1|Sinistcha, L50|\n|poke|p1|Sneasler, L50, M|\n|poke|p1|Kingambit, L50, F|\n|poke|p2|Scizor, L50, F|\n|poke|p2|Sinistcha-Masterpiece, L50|\n|poke|p2|Golurk, L50|\n|poke|p2|Gallade, L50, M|\n|poke|p2|Incineroar, L50, F|\n|poke|p2|Farigiraf, L50, F|\n|teampreview|4\n|inactive|Battle timer is ON: inactive players will automatically lose when time's up. (requested by tenyaku)\n|inactive|pepitoito has 60 seconds left.\n|inactive|tenyaku has 60 seconds left.\n|\n|t:|1776180999\n|teamsize|p1|4\n|teamsize|p2|4\n|start\n|switch|p1a: Sinistcha|Sinistcha, L50|100/100\n|switch|p1b: Kingambit|Kingambit, L50, F|100/100\n|switch|p2a: Najarala|Farigiraf, L50, F, shiny|100/100\n|switch|p2b: Boltreaver Astalos|Gallade, L50, M, shiny|100/100\n|turn|1\n|inactive|tenyaku has 30 seconds left.\n|\n|t:|1776181033\n|move|p1b: Kingambit|Protect|p1b: Kingambit\n|-singleturn|p1b: Kingambit|Protect\n|move|p1a: Sinistcha|Imprison|p1a: Sinistcha\n|-start|p1a: Sinistcha|move: Imprison\n|move|p2b: Boltreaver Astalos|Psycho Cut|p1a: Sinistcha\n|-crit|p1a: Sinistcha\n|-damage|p1a: Sinistcha|39/100\n|cant|p2a: Najarala|move: Imprison|Trick Room\n|\n|upkeep\n|turn|2\n|inactive|pepitoito has 30 seconds left.\n|inactive|pepitoito has 20 seconds left.\n|\n|t:|1776181070\n|switch|p2b: Deviljho|Golurk, L50, shiny|100/100\n|move|p1a: Sinistcha|Matcha Gotcha|p2a: Najarala|[spread] p2b\n|-miss|p1a: Sinistcha|p2a: Najarala\n|-supereffective|p2b: Deviljho|1\n|-damage|p2b: Deviljho|44/100\n|-heal|p1a: Sinistcha|70/100|[from] drain|[of] p2b: Deviljho\n|move|p2a: Najarala|Psychic|p1a: Sinistcha\n|-damage|p1a: Sinistcha|28/100\n|move|p1b: Kingambit|Swords Dance|p1b: Kingambit\n|-boost|p1b: Kingambit|atk|2\n|\n|upkeep\n|turn|3\n|inactive|pepitoito has 30 seconds left.\n|inactive|tenyaku has 30 seconds left.\n|\n|t:|1776181103\n|detailschange|p2b: Deviljho|Golurk-Mega, L50, shiny\n|-mega|p2b: Deviljho|Golurk|Golurkite\n|move|p1a: Sinistcha|Matcha Gotcha|p2a: Najarala|[spread] p2a,p2b\n|-supereffective|p2b: Deviljho|1\n|-damage|p2a: Najarala|78/100\n|-heal|p1a: Sinistcha|43/100|[from] drain|[of] p2a: Najarala\n|-damage|p2b: Deviljho|4/100\n|-heal|p1a: Sinistcha|65/100|[from] drain|[of] p2b: Deviljho\n|-status|p2a: Najarala|brn\n|move|p2a: Najarala|Psychic|p1a: Sinistcha\n|-damage|p1a: Sinistcha|22/100\n|move|p1b: Kingambit|Kowtow Cleave|p2a: Najarala\n|-supereffective|p2a: Najarala|1\n|-damage|p2a: Najarala|0 fnt\n|faint|p2a: Najarala\n|move|p2b: Deviljho|Headlong Rush|p1b: Kingambit\n|-supereffective|p1b: Kingambit|1\n|-damage|p1b: Kingambit|0 fnt\n|-unboost|p2b: Deviljho|def|1\n|-unboost|p2b: Deviljho|spd|1\n|faint|p1b: Kingambit\n|\n|upkeep\n|\n|t:|1776181127\n|switch|p2a: Espinas|Sinistcha-Masterpiece, L50, shiny|100/100\n|switch|p1b: Delphox|Delphox, L50, F|100/100\n|-heal|p2b: Deviljho|29/100|[from] ability: Hospitality|[of] p2a: Espinas\n|turn|4\n|\n|t:|1776181144\n|detailschange|p1b: Delphox|Delphox-Mega, L50, F\n|-mega|p1b: Delphox|Delphox|Delphoxite\n|move|p2b: Deviljho|Protect|p2b: Deviljho\n|-singleturn|p2b: Deviljho|Protect\n|move|p1a: Sinistcha|Rage Powder|p1a: Sinistcha\n|-singleturn|p1a: Sinistcha|move: Rage Powder\n|move|p1b: Delphox|Heat Wave|p2b: Deviljho|[spread] p2a\n|-activate|p2b: Deviljho|move: Protect\n|-supereffective|p2a: Espinas|1\n|-enditem|p2a: Espinas|Occa Berry|[eat]\n|-enditem|p2a: Espinas|Occa Berry|[weaken]\n|-damage|p2a: Espinas|60/100\n|move|p2a: Espinas|Life Dew|p2a: Espinas|[spread] p2a,p2b\n|-heal|p2a: Espinas|85/100\n|-heal|p2b: Deviljho|54/100\n|\n|upkeep\n|turn|5\n|inactive|tenyaku has 30 seconds left.\n|\n|t:|1776181170\n|switch|p2a: Boltreaver Astalos|Gallade, L50, M, shiny|100/100\n|move|p1a: Sinistcha|Rage Powder|p1a: Sinistcha\n|-singleturn|p1a: Sinistcha|move: Rage Powder\n|move|p1b: Delphox|Nasty Plot|p1b: Delphox\n|-boost|p1b: Delphox|spa|2\n|move|p2b: Deviljho|Poltergeist|p1a: Sinistcha|[miss]\n|-miss|p2b: Deviljho|p1a: Sinistcha\n|\n|upkeep\n|turn|6\n|inactive|pepitoito has 30 seconds left.\n|\n|t:|1776181201\n|move|p2a: Boltreaver Astalos|Wide Guard|p2a: Boltreaver Astalos\n|-singleturn|p2a: Boltreaver Astalos|Wide Guard\n|move|p1b: Delphox|Psychic|p2b: Deviljho\n|-damage|p2b: Deviljho|0 fnt\n|faint|p2b: Deviljho\n|move|p1a: Sinistcha|Matcha Gotcha|p2a: Boltreaver Astalos\n|-activate|p2a: Boltreaver Astalos|move: Wide Guard\n|\n|upkeep\n|\n|t:|1776181211\n|switch|p2b: Espinas|Sinistcha-Masterpiece, L50, shiny|85/100\n|turn|7\n|inactive|tenyaku has 30 seconds left.\n|inactive|tenyaku has 20 seconds left.\n|\n|t:|1776181251\n|move|p1b: Delphox|Psychic|p2a: Boltreaver Astalos\n|-damage|p2a: Boltreaver Astalos|6/100\n|move|p2a: Boltreaver Astalos|Psycho Cut|p1a: Sinistcha\n|-damage|p1a: Sinistcha|0 fnt\n|faint|p1a: Sinistcha\n|move|p2b: Espinas|Life Dew|p2b: Espinas|[spread] p2a,p2b\n|-heal|p2a: Boltreaver Astalos|31/100\n|-heal|p2b: Espinas|100/100\n|\n|upkeep\n|\n|t:|1776181262\n|switch|p1a: Sneasler|Sneasler, L50, M|100/100\n|turn|8\n|inactive|tenyaku has 30 seconds left.\n|c|\u2606tenyaku|that poltergeist miss fucked me\n|inactive|tenyaku has 20 seconds left.\n|\n|t:|1776181299\n|move|p1a: Sneasler|Fake Out|p2a: Boltreaver Astalos\n|-damage|p2a: Boltreaver Astalos|10/100\n|cant|p2a: Boltreaver Astalos|flinch\n|move|p1b: Delphox|Heat Wave|p2b: Espinas|[spread] p2a,p2b\n|-supereffective|p2b: Espinas|1\n|-damage|p2a: Boltreaver Astalos|0 fnt\n|-damage|p2b: Espinas|0 fnt\n|faint|p2a: Boltreaver Astalos\n|faint|p2b: Espinas\n|\n|win|pepitoito\n|raw|pepitoito's rating: 1100 &rarr; <strong>1128</strong><br />(+28 for winning)\n|raw|tenyaku's rating: 1142 &rarr; <strong>1114</strong><br />(-28 for losing)\n|c|\u2606tenyaku|gg\n",
  "uploadtime": 1776181313,
  "views": 35,
  "formatid": "gen9championsvgc2026regma",
  "rating": 1114,
  "private": 0,
  "password": null
}