{
  "id": "gen9championsvgc2026regma-2584918221",
  "format": "[Gen 9 Champions] VGC 2026 Reg M-A",
  "players": [
    "filipelima0617",
    "zCesarsub"
  ],
  "log": "|j|\u2606filipelima0617\n|j|\u2606zCesarsub\n|t:|1776294420\n|gametype|doubles\n|player|p1|filipelima0617|skier|\n|player|p2|zCesarsub|iris-gen5bw2|\n|gen|9\n|tier|[Gen 9 Champions] VGC 2026 Reg M-A\n|rule|Species Clause: Limit one of each Pok\u00e9mon\n|rule|Item Clause: Limit 1 of each item\n|clearpoke\n|poke|p1|Gardevoir, L50, F|\n|poke|p1|Rotom-Heat, L50|\n|poke|p1|Toxapex, L50, M|\n|poke|p1|Mamoswine, L50, M|\n|poke|p1|Tyranitar, L50, F|\n|poke|p1|Jolteon, L50, M|\n|poke|p2|Politoed, L50, M|\n|poke|p2|Basculegion, L50, M|\n|poke|p2|Sinistcha, L50|\n|poke|p2|Incineroar, L50, M|\n|poke|p2|Jolteon, L50, F|\n|poke|p2|Scizor, L50, M|\n|teampreview|4\n|j| Jeanmixed\n|\n|t:|1776294508\n|teamsize|p1|4\n|teamsize|p2|4\n|start\n|switch|p1a: Tyranitar|Tyranitar, L50, F|100/100\n|switch|p1b: Jolteon|Jolteon, L50, M|100/100\n|switch|p2a: Scizor|Scizor, L50, M, shiny|100/100\n|switch|p2b: Sinistcha|Sinistcha, L50|100/100\n|-weather|Sandstorm|[from] ability: Sand Stream|[of] p1a: Tyranitar\n|turn|1\n|\n|t:|1776294531\n|switch|p1a: Rotom|Rotom-Heat, L50|100/100\n|move|p2a: Scizor|Bullet Punch|p1a: Rotom\n|-resisted|p1a: Rotom|2\n|-damage|p1a: Rotom|93/100\n|move|p1b: Jolteon|Shadow Ball|p2b: Sinistcha\n|-supereffective|p2b: Sinistcha|1\n|-damage|p2b: Sinistcha|50/100\n|-unboost|p2b: Sinistcha|spd|1\n|move|p2b: Sinistcha|Matcha Gotcha|p1a: Rotom|[spread] p1a,p1b\n|-resisted|p1a: Rotom|1\n|-damage|p1a: Rotom|82/100\n|-heal|p2b: Sinistcha|56/100|[from] drain|[of] p1a: Rotom\n|-damage|p1b: Jolteon|68/100\n|-heal|p2b: Sinistcha|69/100|[from] drain|[of] p1b: Jolteon\n|-status|p1b: Jolteon|brn\n|\n|-weather|Sandstorm|[upkeep]\n|-damage|p1b: Jolteon|62/100 brn|[from] Sandstorm\n|-damage|p1a: Rotom|76/100|[from] Sandstorm\n|-damage|p2b: Sinistcha|63/100|[from] Sandstorm\n|-heal|p2b: Sinistcha|69/100|[from] item: Leftovers\n|-damage|p1b: Jolteon|57/100 brn|[from] brn\n|upkeep\n|turn|2\n|\n|t:|1776294571\n|switch|p1b: Toxapex|Toxapex, L50, M|100/100\n|switch|p2a: Politoed|Politoed, L50, M|100/100\n|-weather|RainDance|[from] ability: Drizzle|[of] p2a: Politoed\n|move|p2b: Sinistcha|Protect|p2b: Sinistcha\n|-singleturn|p2b: Sinistcha|Protect\n|move|p1a: Rotom|Overheat|p2a: Politoed\n|-resisted|p2a: Politoed|1\n|-damage|p2a: Politoed|93/100\n|-unboost|p1a: Rotom|spa|2\n|\n|-weather|RainDance|[upkeep]\n|-heal|p2b: Sinistcha|75/100|[from] item: Leftovers\n|upkeep\n|turn|3\n|\n|t:|1776294625\n|switch|p1a: Tyranitar|Tyranitar, L50, F|100/100\n|-weather|Sandstorm|[from] ability: Sand Stream|[of] p1a: Tyranitar\n|switch|p2b: Basculegion|Basculegion, L50, M, shiny|100/100\n|move|p2a: Politoed|Surf|p1a: Tyranitar|[spread] p2b,p1a,p1b\n|-resisted|p2b: Basculegion|1\n|-supereffective|p1a: Tyranitar|1\n|-resisted|p1b: Toxapex|1\n|-damage|p2b: Basculegion|90/100\n|-damage|p1a: Tyranitar|76/100\n|-damage|p1b: Toxapex|92/100\n|move|p1b: Toxapex|Toxic|p2a: Politoed\n|-status|p2a: Politoed|tox\n|\n|-weather|Sandstorm|[upkeep]\n|-damage|p2b: Basculegion|84/100|[from] Sandstorm\n|-damage|p2a: Politoed|87/100 tox|[from] Sandstorm\n|-damage|p1b: Toxapex|86/100|[from] Sandstorm\n|-heal|p1b: Toxapex|92/100|[from] item: Leftovers\n|-damage|p2a: Politoed|81/100 tox|[from] psn\n|upkeep\n|turn|4\n|\n|t:|1776294663\n|switch|p2b: Scizor|Scizor, L50, M, shiny|100/100\n|move|p2a: Politoed|Helping Hand|p2b: Scizor\n|-singleturn|p2b: Scizor|Helping Hand|[of] p2a: Politoed\n|move|p1a: Tyranitar|Crunch|p2b: Scizor\n|-damage|p2b: Scizor|57/100\n|-unboost|p2b: Scizor|def|1\n|move|p1b: Toxapex|Toxic|p2b: Scizor\n|-immune|p2b: Scizor\n|\n|-weather|Sandstorm|[upkeep]\n|-damage|p2a: Politoed|75/100 tox|[from] Sandstorm\n|-damage|p1b: Toxapex|86/100|[from] Sandstorm\n|-heal|p1b: Toxapex|92/100|[from] item: Leftovers\n|-damage|p2a: Politoed|64/100 tox|[from] psn\n|upkeep\n|turn|5\n|\n|t:|1776294703\n|switch|p1a: Rotom|Rotom-Heat, L50|76/100\n|move|p2a: Politoed|Helping Hand|p2b: Scizor\n|-singleturn|p2b: Scizor|Helping Hand|[of] p2a: Politoed\n|move|p1b: Toxapex|Baneful Bunker|p1b: Toxapex\n|-singleturn|p1b: Toxapex|move: Protect\n|move|p2b: Scizor|Bullet Punch|p1b: Toxapex\n|-activate|p1b: Toxapex|move: Protect\n|\n|-weather|Sandstorm|[upkeep]\n|-damage|p1a: Rotom|71/100|[from] Sandstorm\n|-damage|p2a: Politoed|58/100 tox|[from] Sandstorm\n|-damage|p1b: Toxapex|86/100|[from] Sandstorm\n|-heal|p1b: Toxapex|92/100|[from] item: Leftovers\n|-damage|p2a: Politoed|41/100 tox|[from] psn\n|upkeep\n|turn|6\n|\n|t:|1776294750\n|switch|p2a: Basculegion|Basculegion, L50, M, shiny|84/100\n|switch|p1b: Jolteon|Jolteon, L50, M|57/100 brn\n|move|p2b: Scizor|Protect|p2b: Scizor\n|-singleturn|p2b: Scizor|Protect\n|move|p1a: Rotom|Will-O-Wisp|p2b: Scizor\n|-activate|p2b: Scizor|move: Protect\n|\n|-weather|Sandstorm|[upkeep]\n|-damage|p1b: Jolteon|51/100 brn|[from] Sandstorm\n|-damage|p2a: Basculegion|78/100|[from] Sandstorm\n|-damage|p1a: Rotom|65/100|[from] Sandstorm\n|-damage|p1b: Jolteon|46/100 brn|[from] brn\n|upkeep\n|turn|7\n|\n|t:|1776294796\n|switch|p1b: Toxapex|Toxapex, L50, M|100/100\n|move|p1a: Rotom|Protect|p1a: Rotom\n|-singleturn|p1a: Rotom|Protect\n|move|p2b: Scizor|Bullet Punch|p1b: Toxapex\n|-resisted|p1b: Toxapex|1\n|-damage|p1b: Toxapex|91/100\n|move|p2a: Basculegion|Wave Crash|p1a: Rotom\n|-activate|p1a: Rotom|move: Protect\n|\n|-weather|none\n|-heal|p1b: Toxapex|97/100|[from] item: Leftovers\n|upkeep\n|turn|8\n|\n|t:|1776294841\n|switch|p2b: Politoed|Politoed, L50, M|41/100 tox\n|-weather|RainDance|[from] ability: Drizzle|[of] p2b: Politoed\n|move|p2a: Basculegion|Wave Crash|p1a: Rotom\n|-supereffective|p1a: Rotom|1\n|-damage|p1a: Rotom|0 fnt\n|faint|p1a: Rotom\n|-damage|p2a: Basculegion|63/100|[from] Recoil\n|move|p1b: Toxapex|Toxic|p2a: Basculegion\n|-status|p2a: Basculegion|tox\n|\n|-weather|RainDance|[upkeep]\n|-heal|p1b: Toxapex|100/100|[from] item: Leftovers\n|-damage|p2a: Basculegion|57/100 tox|[from] psn\n|-damage|p2b: Politoed|35/100 tox|[from] psn\n|upkeep\n|\n|t:|1776294860\n|switch|p1a: Tyranitar|Tyranitar, L50, F|76/100\n|-weather|Sandstorm|[from] ability: Sand Stream|[of] p1a: Tyranitar\n|turn|9\n|\n|t:|1776294896\n|switch|p2b: Scizor|Scizor, L50, M, shiny|57/100\n|move|p2a: Basculegion|Protect|p2a: Basculegion\n|-singleturn|p2a: Basculegion|Protect\n|move|p1a: Tyranitar|Protect|p1a: Tyranitar\n|-singleturn|p1a: Tyranitar|Protect\n|move|p1b: Toxapex|Baneful Bunker||[still]\n|-fail|p1b: Toxapex\n|\n|-weather|Sandstorm|[upkeep]\n|-damage|p2a: Basculegion|51/100 tox|[from] Sandstorm\n|-damage|p1b: Toxapex|95/100|[from] Sandstorm\n|-heal|p1b: Toxapex|100/100|[from] item: Leftovers\n|-damage|p2a: Basculegion|39/100 tox|[from] psn\n|upkeep\n|turn|10\n|\n|t:|1776294968\n|switch|p2a: Politoed|Politoed, L50, M|35/100 tox\n|-weather|RainDance|[from] ability: Drizzle|[of] p2a: Politoed\n|switch|p1a: Jolteon|Jolteon, L50, M|46/100 brn\n|move|p2b: Scizor|Close Combat|p1a: Jolteon\n|-damage|p1a: Jolteon|0 fnt\n|-unboost|p2b: Scizor|def|1\n|-unboost|p2b: Scizor|spd|1\n|faint|p1a: Jolteon\n|move|p1b: Toxapex|Surf|p2a: Politoed|[spread] p2a,p2b\n|-resisted|p2a: Politoed|1\n|-damage|p2a: Politoed|28/100 tox\n|-damage|p2b: Scizor|19/100\n|\n|-weather|RainDance|[upkeep]\n|-damage|p2a: Politoed|22/100 tox|[from] psn\n|upkeep\n|\n|t:|1776294986\n|switch|p1a: Tyranitar|Tyranitar, L50, F|76/100\n|-weather|Sandstorm|[from] ability: Sand Stream|[of] p1a: Tyranitar\n|turn|11\n|\n|t:|1776295065\n|switch|p2b: Sinistcha|Sinistcha, L50|75/100\n|-heal|p2a: Politoed|47/100 tox|[from] ability: Hospitality|[of] p2b: Sinistcha\n|move|p2a: Politoed|Protect|p2a: Politoed\n|-singleturn|p2a: Politoed|Protect\n|move|p1a: Tyranitar|Protect|p1a: Tyranitar\n|-singleturn|p1a: Tyranitar|Protect\n|move|p1b: Toxapex|Surf|p2b: Sinistcha|[spread] p2b\n|-activate|p1a: Tyranitar|move: Protect\n|-activate|p2a: Politoed|move: Protect\n|-resisted|p2b: Sinistcha|1\n|-damage|p2b: Sinistcha|68/100\n|\n|-weather|Sandstorm|[upkeep]\n|-damage|p2a: Politoed|41/100 tox|[from] Sandstorm\n|-damage|p2b: Sinistcha|62/100|[from] Sandstorm\n|-damage|p1b: Toxapex|95/100|[from] Sandstorm\n|-heal|p2b: Sinistcha|68/100|[from] item: Leftovers\n|-heal|p1b: Toxapex|100/100|[from] item: Leftovers\n|-damage|p2a: Politoed|29/100 tox|[from] psn\n|upkeep\n|turn|12\n|\n|t:|1776295112\n|move|p1b: Toxapex|Baneful Bunker|p1b: Toxapex\n|-singleturn|p1b: Toxapex|move: Protect\n|move|p2a: Politoed|Surf|p1b: Toxapex|[spread] p2b,p1a\n|-activate|p1b: Toxapex|move: Protect\n|-resisted|p2b: Sinistcha|1\n|-supereffective|p1a: Tyranitar|1\n|-damage|p2b: Sinistcha|59/100\n|-damage|p1a: Tyranitar|50/100\n|move|p2b: Sinistcha|Matcha Gotcha|p1a: Tyranitar|[spread] p1a\n|-activate|p1b: Toxapex|move: Protect\n|-supereffective|p1a: Tyranitar|1\n|-damage|p1a: Tyranitar|21/100\n|-heal|p2b: Sinistcha|76/100|[from] drain|[of] p1a: Tyranitar\n|move|p1a: Tyranitar|Crunch|p2b: Sinistcha\n|-supereffective|p2b: Sinistcha|1\n|-crit|p2b: Sinistcha\n|-damage|p2b: Sinistcha|0 fnt\n|faint|p2b: Sinistcha\n|\n|-weather|Sandstorm|[upkeep]\n|-damage|p2a: Politoed|24/100 tox|[from] Sandstorm\n|-damage|p1b: Toxapex|95/100|[from] Sandstorm\n|-heal|p1b: Toxapex|100/100|[from] item: Leftovers\n|-damage|p2a: Politoed|6/100 tox|[from] psn\n|upkeep\n|\n|t:|1776295136\n|switch|p2b: Scizor|Scizor, L50, M, shiny|19/100\n|turn|13\n|\n|t:|1776295150\n|switch|p2a: Basculegion|Basculegion, L50, M, shiny|39/100 tox\n|move|p1a: Tyranitar|Protect|p1a: Tyranitar\n|-singleturn|p1a: Tyranitar|Protect\n|move|p2b: Scizor|Bullet Punch|p1a: Tyranitar\n|-activate|p1a: Tyranitar|move: Protect\n|move|p1b: Toxapex|Surf|p2b: Scizor|[spread] p2a,p2b\n|-activate|p1a: Tyranitar|move: Protect\n|-resisted|p2a: Basculegion|1\n|-damage|p2a: Basculegion|32/100 tox\n|-damage|p2b: Scizor|0 fnt\n|faint|p2b: Scizor\n|\n|-weather|Sandstorm|[upkeep]\n|-damage|p2a: Basculegion|26/100 tox|[from] Sandstorm\n|-damage|p1b: Toxapex|95/100|[from] Sandstorm\n|-heal|p1b: Toxapex|100/100|[from] item: Leftovers\n|-damage|p2a: Basculegion|20/100 tox|[from] psn\n|upkeep\n|\n|t:|1776295166\n|switch|p2b: Politoed|Politoed, L50, M|6/100 tox\n|-weather|RainDance|[from] ability: Drizzle|[of] p2b: Politoed\n|turn|14\n|\n|t:|1776295194\n|move|p1b: Toxapex|Baneful Bunker|p1b: Toxapex\n|-singleturn|p1b: Toxapex|move: Protect\n|move|p2a: Basculegion|Last Respects|p1b: Toxapex\n|-activate|p1b: Toxapex|move: Protect\n|move|p2b: Politoed|Blizzard|p1a: Tyranitar|[spread] \n|-activate|p1b: Toxapex|move: Protect\n|-miss|p2b: Politoed|p1a: Tyranitar\n|move|p1a: Tyranitar|Rock Slide|p2b: Politoed|[spread] p2a,p2b\n|-damage|p2a: Basculegion|0 fnt\n|-damage|p2b: Politoed|0 fnt\n|faint|p2a: Basculegion\n|faint|p2b: Politoed\n|\n|win|filipelima0617\n",
  "uploadtime": 1776295211,
  "views": 20,
  "formatid": "gen9championsvgc2026regma",
  "rating": null,
  "private": 0,
  "password": null
}