{
  "id": "gen9championsvgc2026regma-2587824123",
  "format": "[Gen 9 Champions] VGC 2026 Reg M-A",
  "players": [
    "wartortcorp",
    "zhz2021"
  ],
  "log": "|j|\u2606wartortcorp\n|j|\u2606zhz2021\n|t:|1776567737\n|gametype|doubles\n|player|p1|wartortcorp|169|1372\n|player|p2|zhz2021|marley|1534\n|gen|9\n|tier|[Gen 9 Champions] VGC 2026 Reg M-A\n|rated|\n|rule|Species Clause: Limit one of each Pok\u00e9mon\n|rule|Item Clause: Limit 1 of each item\n|clearpoke\n|poke|p1|Sinistcha-Masterpiece, L50|\n|poke|p1|Garchomp, L50, F|\n|poke|p1|Tyranitar, L50, M|\n|poke|p1|Skarmory, L50, F|\n|poke|p1|Rotom-Heat, L50|\n|poke|p1|Milotic, L50, M, shiny|\n|poke|p2|Sableye, L50, F|\n|poke|p2|Archaludon, L50, F|\n|poke|p2|Scovillain, L50, M, shiny|\n|poke|p2|Basculegion-F, L50, F, shiny|\n|poke|p2|Pelipper, L50, M|\n|poke|p2|Mamoswine, L50, M|\n|teampreview|4\n|inactive|Battle timer is ON: inactive players will automatically lose when time's up. (requested by zhz2021)\n|\n|t:|1776567785\n|teamsize|p1|4\n|teamsize|p2|4\n|start\n|switch|p1a: Skarmory|Skarmory, L50, F|100/100\n|switch|p1b: Garchomp|Garchomp, L50, F|100/100\n|switch|p2a: Sableye|Sableye, L50, F|100/100\n|switch|p2b: Basculegion|Basculegion-F, L50, F, shiny|100/100\n|turn|1\n|\n|t:|1776567808\n|detailschange|p1a: Skarmory|Skarmory-Mega, L50, F\n|-mega|p1a: Skarmory|Skarmory|Skarmorite\n|move|p2a: Sableye|Rain Dance|p2a: Sableye\n|-weather|RainDance\n|move|p2b: Basculegion|Icy Wind|p1b: Garchomp|[spread] p1a,p1b\n|-supereffective|p1b: Garchomp|2\n|-damage|p1a: Skarmory|87/100\n|-damage|p1b: Garchomp|48/100\n|-unboost|p1a: Skarmory|spe|1\n|-unboost|p1b: Garchomp|spe|1\n|move|p1a: Skarmory|Brave Bird|p2a: Sableye\n|-damage|p2a: Sableye|20/100\n|-damage|p1a: Skarmory|62/100|[from] Recoil\n|move|p1b: Garchomp|Earthquake|p2a: Sableye|[spread] p2a,p2b\n|-immune|p1a: Skarmory\n|-damage|p2a: Sableye|0 fnt\n|-damage|p2b: Basculegion|56/100\n|faint|p2a: Sableye\n|\n|-weather|RainDance|[upkeep]\n|upkeep\n|\n|t:|1776567823\n|switch|p2a: Mamoswine|Mamoswine, L50, M|100/100\n|turn|2\n|\n|t:|1776567836\n|switch|p1a: Sinistcha|Sinistcha-Masterpiece, L50|100/100\n|-heal|p1b: Garchomp|73/100|[from] ability: Hospitality|[of] p1a: Sinistcha\n|switch|p1b: Tyranitar|Tyranitar, L50, M|100/100\n|-weather|Sandstorm|[from] ability: Sand Stream|[of] p1b: Tyranitar\n|move|p2a: Mamoswine|Icicle Crash|p1a: Sinistcha\n|-supereffective|p1a: Sinistcha|1\n|-damage|p1a: Sinistcha|16/100\n|move|p2b: Basculegion|Muddy Water|p1b: Tyranitar|[spread] p1a,p1b\n|-resisted|p1a: Sinistcha|1\n|-supereffective|p1b: Tyranitar|1\n|-damage|p1a: Sinistcha|0 fnt\n|-damage|p1b: Tyranitar|68/100\n|faint|p1a: Sinistcha\n|\n|-weather|Sandstorm|[upkeep]\n|-damage|p2b: Basculegion|50/100|[from] Sandstorm\n|upkeep\n|\n|t:|1776567848\n|switch|p1a: Skarmory|Skarmory-Mega, L50, F|62/100\n|turn|3\n|inactive|wartortcorp has 30 seconds left.\n|inactive|wartortcorp has 20 seconds left.\n|\n|t:|1776567887\n|move|p2b: Basculegion|Protect|p2b: Basculegion\n|-singleturn|p2b: Basculegion|Protect\n|move|p2a: Mamoswine|Icicle Crash|p1a: Skarmory\n|-damage|p1a: Skarmory|16/100\n|move|p1a: Skarmory|Iron Head|p2a: Mamoswine\n|-supereffective|p2a: Mamoswine|1\n|-damage|p2a: Mamoswine|0 fnt\n|faint|p2a: Mamoswine\n|move|p1b: Tyranitar|Rock Slide|p2b: Basculegion\n|-activate|p2b: Basculegion|move: Protect\n|\n|-weather|Sandstorm|[upkeep]\n|-damage|p2b: Basculegion|44/100|[from] Sandstorm\n|upkeep\n|\n|t:|1776567895\n|switch|p2a: Scovillain|Scovillain, L50, M, shiny|100/100\n|turn|4\n|\n|t:|1776567908\n|detailschange|p2a: Scovillain|Scovillain-Mega, L50, M, shiny\n|-mega|p2a: Scovillain|Scovillain|Scovillainite\n|move|p2a: Scovillain|Rage Powder|p2a: Scovillain\n|-singleturn|p2a: Scovillain|move: Rage Powder\n|move|p1a: Skarmory|Brave Bird|p2b: Basculegion\n|-damage|p2b: Basculegion|0 fnt\n|faint|p2b: Basculegion\n|-damage|p1a: Skarmory|0 fnt|[from] Recoil\n|faint|p1a: Skarmory\n|move|p1b: Tyranitar|Rock Slide|p2a: Scovillain\n|-supereffective|p2a: Scovillain|1\n|-damage|p2a: Scovillain|23/100\n|-status|p1b: Tyranitar|brn|[from] ability: Spicy Spray|[of] p2a: Scovillain\n|\n|-weather|Sandstorm|[upkeep]\n|-damage|p2a: Scovillain|17/100|[from] Sandstorm\n|-damage|p1b: Tyranitar|62/100 brn|[from] brn\n|upkeep\n|\n|t:|1776567913\n|switch|p1a: Garchomp|Garchomp, L50, F|73/100\n|turn|5\n|-message|zhz2021 forfeited.\n|\n|win|wartortcorp\n|raw|wartortcorp's rating: 1372 &rarr; <strong>1401</strong><br />(+29 for winning)\n|raw|zhz2021's rating: 1550 &rarr; <strong>1521</strong><br />(-29 for losing)\n|l|\u2606zhz2021\n|player|p2|\n",
  "uploadtime": 1776567920,
  "views": 14,
  "formatid": "gen9championsvgc2026regma",
  "rating": 1401,
  "private": 0,
  "password": null
}