{
  "id": "gen9championsvgc2026regma-2589553244",
  "format": "[Gen 9 Champions] VGC 2026 Reg M-A",
  "players": [
    "OyamaLama",
    "benjiapollo"
  ],
  "log": "|j|\u2606OyamaLama\n|j|\u2606benjiapollo\n|t:|1776733537\n|gametype|doubles\n|player|p1|OyamaLama|266|1365\n|player|p2|benjiapollo|giovanni|1407\n|gen|9\n|tier|[Gen 9 Champions] VGC 2026 Reg M-A\n|rated|\n|rule|Species Clause: Limit one of each Pok\u00e9mon\n|rule|Item Clause: Limit 1 of each item\n|clearpoke\n|poke|p1|Floette-Eternal, L50, F|\n|poke|p1|Corviknight, L50, M|\n|poke|p1|Basculegion, L50, M|\n|poke|p1|Kingambit, L50, M|\n|poke|p1|Sinistcha-Masterpiece, L50|\n|poke|p1|Incineroar, L50, M|\n|poke|p2|Basculegion, L50, M|\n|poke|p2|Charizard, L50, M|\n|poke|p2|Kingambit, L50, F|\n|poke|p2|Sneasler, L50, M|\n|poke|p2|Venusaur, L50, F|\n|poke|p2|Talonflame, L50, F|\n|teampreview|4\n|inactive|Battle timer is ON: inactive players will automatically lose when time's up. (requested by benjiapollo)\n|inactive|OyamaLama has 60 seconds left.\n|inactive|OyamaLama has 30 seconds left.\n|inactive|OyamaLama has 20 seconds left.\n|inactive|OyamaLama has 15 seconds left.\n|inactive|OyamaLama has 10 seconds left.\n|\n|t:|1776733637\n|teamsize|p1|4\n|teamsize|p2|4\n|start\n|switch|p1a: Basculegion|Basculegion, L50, M|100/100\n|switch|p1b: Kingambit|Kingambit, L50, M|100/100\n|switch|p2a: Talonflame|Talonflame, L50, F|100/100\n|switch|p2b: Charizard|Charizard, L50, M|100/100\n|turn|1\n|inactive|OyamaLama has 30 seconds left.\n|\n|t:|1776733666\n|detailschange|p2b: Charizard|Charizard-Mega-X, L50, M\n|-mega|p2b: Charizard|Charizard|Charizardite X\n|move|p2a: Talonflame|Tailwind|p2a: Talonflame\n|-sidestart|p2: benjiapollo|move: Tailwind\n|move|p1b: Kingambit|Sucker Punch|p2b: Charizard\n|-damage|p2b: Charizard|45/100\n|move|p2b: Charizard|Brick Break|p1b: Kingambit\n|-supereffective|p1b: Kingambit|2\n|-damage|p1b: Kingambit|0 fnt\n|faint|p1b: Kingambit\n|move|p1a: Basculegion|Wave Crash|p2b: Charizard\n|-damage|p2b: Charizard|0 fnt\n|faint|p2b: Charizard\n|-damage|p1a: Basculegion|89/100|[from] Recoil\n|\n|upkeep\n|\n|t:|1776733679\n|switch|p2b: Kingambit|Kingambit, L50, F|100/100\n|switch|p1b: Corviknight|Corviknight, L50, M|100/100\n|turn|2\n|\n|t:|1776733690\n|switch|p1a: Floette|Floette-Eternal, L50, F|100/100\n|move|p2a: Talonflame|Flare Blitz|p1b: Corviknight\n|-supereffective|p1b: Corviknight|1\n|-damage|p1b: Corviknight|39/100\n|-damage|p2a: Talonflame|73/100|[from] Recoil\n|move|p2b: Kingambit|Kowtow Cleave|p1a: Floette\n|-resisted|p1a: Floette|1\n|-damage|p1a: Floette|56/100\n|move|p1b: Corviknight|Body Press|p2b: Kingambit\n|-supereffective|p2b: Kingambit|2\n|-damage|p2b: Kingambit|27/100\n|\n|-heal|p1b: Corviknight|45/100|[from] item: Leftovers\n|upkeep\n|turn|3\n|\n|t:|1776733715\n|detailschange|p1a: Floette|Floette-Mega, L50, F\n|-mega|p1a: Floette|Floette|Floettite\n|-ability|p1a: Floette|Fairy Aura\n|move|p2b: Kingambit|Protect|p2b: Kingambit\n|-singleturn|p2b: Kingambit|Protect\n|move|p2a: Talonflame|Flare Blitz|p1b: Corviknight\n|-supereffective|p1b: Corviknight|1\n|-damage|p1b: Corviknight|0 fnt\n|faint|p1b: Corviknight\n|-damage|p2a: Talonflame|54/100|[from] Recoil\n|move|p1a: Floette|Dazzling Gleam|p2a: Talonflame|[spread] p2a\n|-activate|p2b: Kingambit|move: Protect\n|-resisted|p2a: Talonflame|1\n|-crit|p2a: Talonflame\n|-damage|p2a: Talonflame|0 fnt\n|faint|p2a: Talonflame\n|\n|upkeep\n|\n|t:|1776733729\n|switch|p2a: Sneasler|Sneasler, L50, M|100/100\n|switch|p1b: Basculegion|Basculegion, L50, M|89/100\n|turn|4\n|inactive|OyamaLama has 30 seconds left.\n|inactive|OyamaLama has 20 seconds left.\n|inactive|benjiapollo has 30 seconds left.\n|inactive|OyamaLama has 15 seconds left.\n|\n|t:|1776733774\n|move|p1a: Floette|Protect|p1a: Floette\n|-singleturn|p1a: Floette|Protect\n|move|p2a: Sneasler|Dire Claw|p1a: Floette\n|-activate|p1a: Floette|move: Protect\n|move|p1b: Basculegion|Wave Crash|p2a: Sneasler\n|-damage|p2a: Sneasler|0 fnt\n|faint|p2a: Sneasler\n|-damage|p1b: Basculegion|63/100|[from] Recoil\n|move|p2b: Kingambit|Kowtow Cleave|p1b: Basculegion\n|-supereffective|p1b: Basculegion|1\n|-damage|p1b: Basculegion|0 fnt\n|faint|p1b: Basculegion\n|\n|-sideend|p2: benjiapollo|move: Tailwind\n|upkeep\n|turn|5\n|\n|t:|1776733792\n|move|p1a: Floette|Moonblast|p2b: Kingambit\n|-damage|p2b: Kingambit|0 fnt\n|faint|p2b: Kingambit\n|\n|win|OyamaLama\n|raw|OyamaLama's rating: 1365 &rarr; <strong>1387</strong><br />(+22 for winning)\n|raw|benjiapollo's rating: 1407 &rarr; <strong>1385</strong><br />(-22 for losing)\n|l|\u2606OyamaLama\n|player|p1|\n",
  "uploadtime": 1776733802,
  "views": 5,
  "formatid": "gen9championsvgc2026regma",
  "rating": 1385,
  "private": 0,
  "password": null
}