{
  "id": "gen9championsvgc2026regma-2581506088",
  "format": "[Gen 9 Champions] VGC 2026 Reg M-A",
  "players": [
    "monkeychese",
    "s!dd_1"
  ],
  "log": "|j|\u2606monkeychese\n|j|\u2606s!dd_1\n|t:|1776006613\n|gametype|doubles\n|player|p1|monkeychese|nate|1081\n|player|p2|s!dd_1|cynthia-gen4|1182\n|gen|9\n|tier|[Gen 9 Champions] VGC 2026 Reg M-A\n|rated|\n|rule|Species Clause: Limit one of each Pok\u00e9mon\n|rule|Item Clause: Limit 1 of each item\n|clearpoke\n|poke|p1|Lycanroc, L50, F|\n|poke|p1|Tyranitar, L50, M|\n|poke|p1|Gardevoir, L50, F|\n|poke|p1|Incineroar, L50, F|\n|poke|p1|Sinistcha, L50|\n|poke|p1|Palafin, L50, M|\n|poke|p2|Sharpedo, L50, F|\n|poke|p2|Arcanine-Hisui, L50, F|\n|poke|p2|Sneasler, L50, F|\n|poke|p2|Whimsicott, L50, F|\n|poke|p2|Corviknight, L50, M|\n|poke|p2|Gallade, L50, M|\n|teampreview|4\n|inactive|Battle timer is ON: inactive players will automatically lose when time's up. (requested by s!dd_1)\n|inactive|s!dd_1 has 60 seconds left.\n|\n|t:|1776006672\n|teamsize|p1|4\n|teamsize|p2|4\n|start\n|switch|p1a: Palafin|Palafin, L50, M|100/100\n|switch|p1b: Gardevoir|Gardevoir, L50, F|100/100\n|switch|p2a: Sharpedo|Sharpedo, L50, F|100/100\n|switch|p2b: Gallade|Gallade, L50, M|100/100\n|turn|1\n|inactive|s!dd_1 has 30 seconds left.\n|inactive|s!dd_1 has 20 seconds left.\n|inactive|s!dd_1 has 15 seconds left.\n|inactive|s!dd_1 has 10 seconds left.\n|\n|t:|1776006718\n|detailschange|p1a: Palafin|Palafin-Hero, L50, M\n|switch|p1a: Incineroar|Incineroar, L50, F|100/100\n|-ability|p1a: Incineroar|Intimidate|boost\n|-unboost|p2a: Sharpedo|atk|1\n|-unboost|p2b: Gallade|atk|1\n|detailschange|p1b: Gardevoir|Gardevoir-Mega, L50, F\n|-mega|p1b: Gardevoir|Gardevoir|Gardevoirite\n|move|p2a: Sharpedo|Protect|p2a: Sharpedo\n|-singleturn|p2a: Sharpedo|Protect\n|move|p2b: Gallade|Coaching|p2a: Sharpedo\n|-boost|p2a: Sharpedo|atk|1\n|-boost|p2a: Sharpedo|def|1\n|move|p1b: Gardevoir|Hyper Voice|p2b: Gallade|[spread] p2b\n|-activate|p2a: Sharpedo|move: Protect\n|-supereffective|p2b: Gallade|1\n|-enditem|p2b: Gallade|Focus Sash\n|-damage|p2b: Gallade|1/100\n|\n|-ability|p2a: Sharpedo|Speed Boost|boost\n|-boost|p2a: Sharpedo|spe|1\n|upkeep\n|turn|2\n|inactive|s!dd_1 has 30 seconds left.\n|inactive|s!dd_1 has 20 seconds left.\n|inactive|s!dd_1 has 15 seconds left.\n|inactive|s!dd_1 has 10 seconds left.\n|\n|t:|1776006764\n|detailschange|p2a: Sharpedo|Sharpedo-Mega, L50, F\n|-mega|p2a: Sharpedo|Sharpedo|Sharpedonite\n|move|p1a: Incineroar|Fake Out|p2a: Sharpedo\n|-damage|p2a: Sharpedo|86/100\n|cant|p2a: Sharpedo|flinch\n|move|p2b: Gallade|Sacred Sword|p1a: Incineroar\n|-supereffective|p1a: Incineroar|1\n|-damage|p1a: Incineroar|4/100\n|move|p1b: Gardevoir|Trick Room|p1b: Gardevoir\n|-fieldstart|move: Trick Room|[of] p1b: Gardevoir\n|\n|upkeep\n|turn|3\n|\n|t:|1776006781\n|switch|p2b: Corviknight|Corviknight, L50, M|100/100\n|move|p2a: Sharpedo|Protect|p2a: Sharpedo\n|-singleturn|p2a: Sharpedo|Protect\n|move|p1a: Incineroar|Parting Shot|p2b: Corviknight\n|-ability|p2b: Corviknight|Mirror Armor\n|-unboost|p1a: Incineroar|atk|1\n|-ability|p2b: Corviknight|Mirror Armor\n|-unboost|p1a: Incineroar|spa|1\n|\n|t:|1776006788\n|switch|p1a: Sinistcha|Sinistcha, L50|100/100|[from] Parting Shot\n|move|p1b: Gardevoir|Hyper Voice|p2a: Sharpedo|[spread] p2b\n|-activate|p2a: Sharpedo|move: Protect\n|-resisted|p2b: Corviknight|1\n|-damage|p2b: Corviknight|77/100\n|\n|-heal|p2b: Corviknight|83/100|[from] item: Leftovers\n|upkeep\n|turn|4\n|inactive|s!dd_1 has 30 seconds left.\n|\n|t:|1776006820\n|switch|p2a: Gallade|Gallade, L50, M|1/100\n|move|p1a: Sinistcha|Rage Powder|p1a: Sinistcha\n|-singleturn|p1a: Sinistcha|move: Rage Powder\n|move|p2b: Corviknight|Iron Head|p1a: Sinistcha\n|-crit|p1a: Sinistcha\n|-damage|p1a: Sinistcha|70/100\n|move|p1b: Gardevoir|Hyper Voice|p2b: Corviknight|[spread] p2a,p2b\n|-supereffective|p2a: Gallade|1\n|-resisted|p2b: Corviknight|1\n|-damage|p2a: Gallade|0 fnt\n|-damage|p2b: Corviknight|60/100\n|faint|p2a: Gallade\n|\n|-heal|p2b: Corviknight|65/100|[from] item: Leftovers\n|upkeep\n|\n|t:|1776006832\n|switch|p2a: Sneasler|Sneasler, L50, F|100/100\n|turn|5\n|\n|t:|1776006848\n|switch|p1b: Incineroar|Incineroar, L50, F|4/100\n|-ability|p1b: Incineroar|Intimidate|boost\n|-unboost|p2a: Sneasler|atk|1\n|-ability|p2b: Corviknight|Mirror Armor\n|-unboost|p1b: Incineroar|atk|1\n|-enditem|p2a: Sneasler|White Herb\n|-clearnegativeboost|p2a: Sneasler|[silent]\n|move|p2a: Sneasler|Fake Out|p1b: Incineroar\n|-damage|p1b: Incineroar|0 fnt\n|faint|p1b: Incineroar\n|move|p1a: Sinistcha|Matcha Gotcha|p2a: Sneasler|[spread] p2a\n|-miss|p1a: Sinistcha|p2b: Corviknight\n|-resisted|p2a: Sneasler|1\n|-damage|p2a: Sneasler|85/100\n|-heal|p1a: Sinistcha|76/100|[from] drain|[of] p2a: Sneasler\n|move|p2b: Corviknight|Iron Head|p1a: Sinistcha\n|-damage|p1a: Sinistcha|56/100\n|\n|-heal|p2b: Corviknight|71/100|[from] item: Leftovers\n|upkeep\n|inactive|monkeychese has 30 seconds left.\n|\n|t:|1776006880\n|switch|p1b: Gardevoir|Gardevoir-Mega, L50, F|100/100\n|turn|6\n|\n|t:|1776006886\n|move|p2b: Corviknight|Protect|p2b: Corviknight\n|-singleturn|p2b: Corviknight|Protect\n|move|p2a: Sneasler|Protect|p2a: Sneasler\n|-singleturn|p2a: Sneasler|Protect\n|move|p1a: Sinistcha|Rage Powder|p1a: Sinistcha\n|-singleturn|p1a: Sinistcha|move: Rage Powder\n|move|p1b: Gardevoir|Psychic|p2a: Sneasler\n|-activate|p2a: Sneasler|move: Protect\n|\n|-heal|p2b: Corviknight|77/100|[from] item: Leftovers\n|-fieldend|move: Trick Room\n|upkeep\n|turn|7\n|\n|t:|1776006905\n|switch|p2a: Sharpedo|Sharpedo-Mega, L50, F|86/100\n|move|p1b: Gardevoir|Protect|p1b: Gardevoir\n|-singleturn|p1b: Gardevoir|Protect\n|move|p2b: Corviknight|Iron Head|p1b: Gardevoir\n|-activate|p1b: Gardevoir|move: Protect\n|move|p1a: Sinistcha|Trick Room|p1a: Sinistcha\n|-fieldstart|move: Trick Room|[of] p1a: Sinistcha\n|\n|-heal|p2b: Corviknight|83/100|[from] item: Leftovers\n|upkeep\n|turn|8\n|-message|s!dd_1 forfeited.\n|\n|win|monkeychese\n|raw|monkeychese's rating: 1081 &rarr; <strong>1117</strong><br />(+36 for winning)\n|raw|s!dd_1's rating: 1182 &rarr; <strong>1150</strong><br />(-32 for losing)\n|l|\u2606s!dd_1\n|player|p2|\n",
  "uploadtime": 1776006919,
  "views": 18,
  "formatid": "gen9championsvgc2026regma",
  "rating": 1117,
  "private": 0,
  "password": null
}