{
  "id": "gen9championsvgc2026regma-2581647056",
  "format": "[Gen 9 Champions] VGC 2026 Reg M-A",
  "players": [
    "gallium1005",
    "throh it baxc"
  ],
  "log": "|j|\u2606gallium1005\n|j|\u2606throh it baxc\n|t:|1776017708\n|gametype|doubles\n|player|p1|gallium1005|hilbert|1098\n|player|p2|throh it baxc|ltsurge|1094\n|gen|9\n|tier|[Gen 9 Champions] VGC 2026 Reg M-A\n|rated|\n|rule|Species Clause: Limit one of each Pok\u00e9mon\n|rule|Item Clause: Limit 1 of each item\n|clearpoke\n|poke|p1|Sneasler, L50, F|\n|poke|p1|Delphox, L50, F|\n|poke|p1|Garchomp, L50, M|\n|poke|p1|Whimsicott, L50, M|\n|poke|p1|Rotom-Wash, L50|\n|poke|p1|Corviknight, L50, M|\n|poke|p2|Arcanine-Hisui, L50, F|\n|poke|p2|Tinkaton, L50, F|\n|poke|p2|Rotom-Wash, L50|\n|poke|p2|Sneasler, L50, F|\n|poke|p2|Gyarados, L50, M|\n|poke|p2|Whimsicott, L50, F|\n|teampreview|4\n|j| magdalium\n|\n|t:|1776017757\n|teamsize|p1|4\n|teamsize|p2|4\n|start\n|switch|p1a: Sneasler|Sneasler, L50, F|100/100\n|switch|p1b: Rotom|Rotom-Wash, L50|100/100\n|switch|p2a: Tinkaton|Tinkaton, L50, F|100/100\n|switch|p2b: Sneasler|Sneasler, L50, F|100/100\n|-ability|p2a: Tinkaton|Mold Breaker\n|turn|1\n|\n|t:|1776017802\n|move|p2b: Sneasler|Fake Out|p1a: Sneasler\n|-damage|p1a: Sneasler|78/100\n|cant|p1a: Sneasler|flinch\n|move|p2a: Tinkaton|Fake Out|p1b: Rotom\n|-damage|p1b: Rotom|89/100\n|cant|p1b: Rotom|flinch\n|\n|upkeep\n|turn|2\n|\n|t:|1776017820\n|move|p2a: Tinkaton|Helping Hand|p2b: Sneasler\n|-singleturn|p2b: Sneasler|Helping Hand|[of] p2a: Tinkaton\n|move|p1b: Rotom|Volt Switch|p2b: Sneasler\n|-damage|p2b: Sneasler|57/100\n|\n|t:|1776017825\n|switch|p1b: Corviknight|Corviknight, L50, M|100/100|[from] Volt Switch\n|move|p2b: Sneasler|Close Combat|p1a: Sneasler\n|-resisted|p1a: Sneasler|1\n|-damage|p1a: Sneasler|0 fnt\n|-unboost|p2b: Sneasler|def|1\n|-unboost|p2b: Sneasler|spd|1\n|faint|p1a: Sneasler\n|\n|upkeep\n|\n|t:|1776017833\n|switch|p1a: Garchomp|Garchomp, L50, M|100/100\n|turn|3\n|\n|t:|1776017858\n|switch|p2b: Rotom|Rotom-Wash, L50|100/100\n|switch|p2a: Gyarados|Gyarados, L50, M|100/100\n|-ability|p2a: Gyarados|Intimidate|boost\n|-unboost|p1a: Garchomp|atk|1\n|-ability|p1b: Corviknight|Mirror Armor\n|-unboost|p2a: Gyarados|atk|1\n|move|p1a: Garchomp|Earthquake|p2b: Rotom|[spread] \n|-immune|p1b: Corviknight\n|-immune|p2a: Gyarados\n|-immune|p2b: Rotom|[from] ability: Levitate\n|move|p1b: Corviknight|Tailwind|p1b: Corviknight\n|-sidestart|p1: gallium1005|move: Tailwind\n|\n|upkeep\n|turn|4\n|\n|t:|1776017888\n|move|p1a: Garchomp|Rock Slide|p2a: Gyarados|[spread] p2a,p2b\n|-supereffective|p2a: Gyarados|1\n|-crit|p2a: Gyarados\n|-damage|p2a: Gyarados|23/100\n|-damage|p2b: Rotom|90/100\n|move|p1b: Corviknight|Brave Bird|p2a: Gyarados\n|-damage|p2a: Gyarados|0 fnt\n|faint|p2a: Gyarados\n|-damage|p1b: Corviknight|94/100|[from] Recoil\n|move|p2b: Rotom|Hydro Pump|p1a: Garchomp\n|-damage|p1a: Garchomp|64/100\n|\n|-heal|p1a: Garchomp|70/100|[from] item: Leftovers\n|upkeep\n|\n|t:|1776017911\n|switch|p2a: Sneasler|Sneasler, L50, F|57/100\n|turn|5\n|\n|t:|1776017930\n|switch|p1a: Rotom|Rotom-Wash, L50|89/100\n|move|p1b: Corviknight|Protect|p1b: Corviknight\n|-singleturn|p1b: Corviknight|Protect\n|move|p2a: Sneasler|Dire Claw|p1a: Rotom\n|-damage|p1a: Rotom|38/100\n|-status|p1a: Rotom|psn|[from] ability: Poison Touch|[of] p2a: Sneasler\n|move|p2b: Rotom|Volt Switch|p1b: Corviknight\n|-activate|p1b: Corviknight|move: Protect\n|\n|-damage|p1a: Rotom|25/100 psn|[from] psn\n|upkeep\n|turn|6\n|\n|t:|1776017965\n|move|p1a: Rotom|Thunderbolt|p2b: Rotom\n|-damage|p2b: Rotom|53/100\n|move|p2a: Sneasler|Close Combat|p1b: Corviknight\n|-damage|p1b: Corviknight|46/100\n|-unboost|p2a: Sneasler|def|1\n|-unboost|p2a: Sneasler|spd|1\n|-enditem|p1b: Corviknight|Sitrus Berry|[eat]\n|-heal|p1b: Corviknight|71/100|[from] item: Sitrus Berry\n|move|p1b: Corviknight|Brave Bird|p2a: Sneasler\n|-supereffective|p2a: Sneasler|1\n|-damage|p2a: Sneasler|0 fnt\n|faint|p2a: Sneasler\n|-damage|p1b: Corviknight|57/100|[from] Recoil\n|move|p2b: Rotom|Volt Switch|p1a: Rotom\n|-damage|p1a: Rotom|0 fnt\n|faint|p1a: Rotom\n|\n|t:|1776017968\n|switch|p2b: Tinkaton|Tinkaton, L50, F|100/100|[from] Volt Switch\n|-ability|p2b: Tinkaton|Mold Breaker\n|\n|-sideend|p1: gallium1005|move: Tailwind\n|upkeep\n|\n|t:|1776017985\n|switch|p2a: Rotom|Rotom-Wash, L50|53/100\n|switch|p1a: Garchomp|Garchomp, L50, M|70/100\n|turn|7\n|\n|t:|1776018003\n|move|p1a: Garchomp|Protect|p1a: Garchomp\n|-singleturn|p1a: Garchomp|Protect\n|move|p1b: Corviknight|Protect|p1b: Corviknight\n|-singleturn|p1b: Corviknight|Protect\n|move|p2b: Tinkaton|Fake Out|p1a: Garchomp\n|-activate|p1a: Garchomp|move: Protect\n|move|p2a: Rotom|Hydro Pump|p1a: Garchomp\n|-activate|p1a: Garchomp|move: Protect\n|\n|-heal|p1a: Garchomp|76/100|[from] item: Leftovers\n|upkeep\n|turn|8\n|\n|t:|1776018049\n|move|p2b: Tinkaton|Protect|p2b: Tinkaton\n|-singleturn|p2b: Tinkaton|Protect\n|move|p1a: Garchomp|Earthquake|p2b: Tinkaton|[spread] \n|-activate|p2b: Tinkaton|move: Protect\n|-immune|p1b: Corviknight\n|-immune|p2a: Rotom|[from] ability: Levitate\n|move|p2a: Rotom|Hydro Pump|p1a: Garchomp|[miss]\n|-miss|p2a: Rotom|p1a: Garchomp\n|move|p1b: Corviknight|Tailwind|p1b: Corviknight\n|-sidestart|p1: gallium1005|move: Tailwind\n|\n|-heal|p1a: Garchomp|82/100|[from] item: Leftovers\n|upkeep\n|turn|9\n|\n|t:|1776018067\n|move|p2b: Tinkaton|Helping Hand|p2a: Rotom\n|-singleturn|p2a: Rotom|Helping Hand|[of] p2b: Tinkaton\n|move|p1a: Garchomp|Earthquake|p2b: Tinkaton|[spread] p2b\n|-immune|p1b: Corviknight\n|-immune|p2a: Rotom|[from] ability: Levitate\n|-supereffective|p2b: Tinkaton|1\n|-damage|p2b: Tinkaton|10/100\n|move|p1b: Corviknight|Iron Head|p2b: Tinkaton\n|-damage|p2b: Tinkaton|0 fnt\n|faint|p2b: Tinkaton\n|move|p2a: Rotom|Volt Switch|p1b: Corviknight\n|-supereffective|p1b: Corviknight|1\n|-damage|p1b: Corviknight|0 fnt\n|faint|p1b: Corviknight\n|\n|-heal|p1a: Garchomp|88/100|[from] item: Leftovers\n|upkeep\n|turn|10\n|\n|t:|1776018083\n|move|p1a: Garchomp|Dragon Claw|p2a: Rotom\n|-damage|p2a: Rotom|16/100\n|-enditem|p2a: Rotom|Sitrus Berry|[eat]\n|-heal|p2a: Rotom|41/100|[from] item: Sitrus Berry\n|move|p2a: Rotom|Hydro Pump|p1a: Garchomp\n|-damage|p1a: Garchomp|51/100\n|\n|-heal|p1a: Garchomp|57/100|[from] item: Leftovers\n|upkeep\n|turn|11\n|\n|t:|1776018093\n|move|p1a: Garchomp|Dragon Claw|p2a: Rotom\n|-damage|p2a: Rotom|6/100\n|move|p2a: Rotom|Hydro Pump|p1a: Garchomp\n|-damage|p1a: Garchomp|22/100\n|\n|-heal|p1a: Garchomp|28/100|[from] item: Leftovers\n|-sideend|p1: gallium1005|move: Tailwind\n|upkeep\n|turn|12\n|\n|t:|1776018097\n|move|p1a: Garchomp|Dragon Claw|p2a: Rotom\n|-damage|p2a: Rotom|0 fnt\n|faint|p2a: Rotom\n|\n|win|gallium1005\n|raw|gallium1005's rating: 1098 &rarr; <strong>1123</strong><br />(+25 for winning)\n|raw|throh it baxc's rating: 1094 &rarr; <strong>1070</strong><br />(-24 for losing)\n|l|\u2606throh it baxc\n|player|p2|\n|c|\u2606gallium1005|gg\n",
  "uploadtime": 1776018105,
  "views": 19,
  "formatid": "gen9championsvgc2026regma",
  "rating": 1070,
  "private": 0,
  "password": null
}