{
  "id": "gen9championsvgc2026regma-2584359438",
  "format": "[Gen 9 Champions] VGC 2026 Reg M-A",
  "players": [
    "Corbinc",
    "DougCaro"
  ],
  "log": "|j|\u2606Corbinc\n|j|\u2606DougCaro\n|t:|1776254707\n|gametype|doubles\n|player|p1|Corbinc|ghetsis-gen5bw|1026\n|player|p2|DougCaro|brock|1043\n|gen|9\n|tier|[Gen 9 Champions] VGC 2026 Reg M-A\n|rated|\n|rule|Species Clause: Limit one of each Pok\u00e9mon\n|rule|Item Clause: Limit 1 of each item\n|clearpoke\n|poke|p1|Crabominable, L50, F|\n|poke|p1|Abomasnow, L50, M|\n|poke|p1|Sableye, L50, M|\n|poke|p1|Golurk, L50|\n|poke|p1|Farigiraf, L50, F|\n|poke|p1|Ninetales-Alola, L50, F|\n|poke|p2|Charizard, L50, F|\n|poke|p2|Gengar, L50, M|\n|poke|p2|Dragonite, L50, M|\n|poke|p2|Incineroar, L50, M|\n|poke|p2|Whimsicott, L50, M|\n|poke|p2|Sneasler, L50, M|\n|teampreview|4\n|inactive|Battle timer is ON: inactive players will automatically lose when time's up. (requested by DougCaro)\n|inactive|Corbinc also wants the timer to be on.\n|\n|t:|1776254730\n|teamsize|p1|4\n|teamsize|p2|4\n|start\n|switch|p1a: Farigiraf|Farigiraf, L50, F|100/100\n|switch|p1b: Sableye|Sableye, L50, M|100/100\n|switch|p2a: Charizard|Charizard, L50, F|100/100\n|switch|p2b: Whimsicott|Whimsicott, L50, M|100/100\n|turn|1\n|\n|t:|1776254751\n|move|p1b: Sableye|Fake Out|p2b: Whimsicott\n|-damage|p2b: Whimsicott|86/100\n|cant|p2b: Whimsicott|flinch\n|move|p2a: Charizard|Heat Wave|p1a: Farigiraf|[spread] p1a\n|-miss|p2a: Charizard|p1b: Sableye\n|-damage|p1a: Farigiraf|65/100\n|move|p1a: Farigiraf|Trick Room|p1a: Farigiraf\n|-fieldstart|move: Trick Room|[of] p1a: Farigiraf\n|\n|upkeep\n|turn|2\n|inactive|Corbinc has 30 seconds left.\n|inactive|Corbinc has 20 seconds left.\n|inactive|Corbinc has 15 seconds left.\n|inactive|DougCaro has 30 seconds left.\n|\n|t:|1776254795\n|switch|p1b: Abomasnow|Abomasnow, L50, M|100/100\n|-weather|Snowscape|[from] ability: Snow Warning|[of] p1b: Abomasnow\n|switch|p2a: Incineroar|Incineroar, L50, M|100/100\n|-ability|p2a: Incineroar|Intimidate|boost\n|-unboost|p1a: Farigiraf|atk|1\n|-unboost|p1b: Abomasnow|atk|1\n|move|p2b: Whimsicott|Encore||[still]\n|cant|p1a: Farigiraf|ability: Armor Tail|Encore|[of] p2b: Whimsicott\n|move|p1a: Farigiraf|Gravity|p1a: Farigiraf\n|-fieldstart|move: Gravity\n|\n|-weather|Snowscape|[upkeep]\n|upkeep\n|turn|3\n|\n|t:|1776254817\n|move|p2b: Whimsicott|Light Screen|p2b: Whimsicott\n|-sidestart|p2: DougCaro|move: Light Screen\n|move|p1a: Farigiraf|Baton Pass|p1a: Farigiraf\n|\n|t:|1776254821\n|switch|p1a: Crabominable|Crabominable, L50, F|100/100|[from] Baton Pass\n|move|p2a: Incineroar|Flare Blitz|p1b: Abomasnow\n|-supereffective|p1b: Abomasnow|2\n|-damage|p1b: Abomasnow|3/100\n|-damage|p2a: Incineroar|69/100|[from] Recoil\n|move|p1b: Abomasnow|Frost Breath|p1a: Crabominable\n|-resisted|p1a: Crabominable|1\n|-crit|p1a: Crabominable\n|-damage|p1a: Crabominable|90/100\n|-setboost|p1a: Crabominable|atk|6|[from] ability: Anger Point\n|\n|-weather|Snowscape|[upkeep]\n|upkeep\n|turn|4\n|inactive|Corbinc has 30 seconds left.\n|inactive|DougCaro has 30 seconds left.\n|\n|t:|1776254847\n|detailschange|p1a: Crabominable|Crabominable-Mega, L50, F\n|-mega|p1a: Crabominable|Crabominable|Crabominite\n|move|p1a: Crabominable|Amnesia|p1a: Crabominable\n|-boost|p1a: Crabominable|spd|2\n|move|p2a: Incineroar|Parting Shot|p1a: Crabominable\n|-unboost|p1a: Crabominable|atk|1\n|-unboost|p1a: Crabominable|spa|1\n|\n|t:|1776254857\n|switch|p2a: Gengar|Gengar, L50, M|100/100|[from] Parting Shot\n|move|p1b: Abomasnow|Aurora Veil|p1b: Abomasnow\n|-sidestart|p1: Corbinc|move: Aurora Veil\n|move|p2b: Whimsicott|Moonblast|p1b: Abomasnow\n|-damage|p1b: Abomasnow|0 fnt\n|faint|p1b: Abomasnow\n|\n|-weather|Snowscape|[upkeep]\n|upkeep\n|\n|t:|1776254873\n|switch|p1b: Sableye|Sableye, L50, M|100/100\n|turn|5\n|\n|t:|1776254885\n|switch|p2b: Incineroar|Incineroar, L50, M|69/100\n|-ability|p2b: Incineroar|Intimidate|boost\n|-unboost|p1a: Crabominable|atk|1\n|-unboost|p1b: Sableye|atk|1\n|move|p1b: Sableye|Fake Out|p2b: Incineroar\n|-damage|p2b: Incineroar|64/100\n|move|p1a: Crabominable|Earthquake|p2a: Gengar|[spread] p1b,p2a,p2b\n|-supereffective|p2a: Gengar|1\n|-supereffective|p2b: Incineroar|1\n|-damage|p1b: Sableye|21/100\n|-damage|p2a: Gengar|0 fnt\n|-damage|p2b: Incineroar|0 fnt\n|faint|p2a: Gengar\n|faint|p2b: Incineroar\n|\n|-weather|Snowscape|[upkeep]\n|-fieldend|move: Trick Room\n|upkeep\n|\n|t:|1776254900\n|switch|p2a: Charizard|Charizard, L50, F|100/100\n|switch|p2b: Whimsicott|Whimsicott, L50, M|86/100\n|turn|6\n|\n|t:|1776254923\n|detailschange|p2a: Charizard|Charizard-Mega-Y, L50, F\n|-mega|p2a: Charizard|Charizard|Charizardite Y\n|-weather|SunnyDay|[from] ability: Drought|[of] p2a: Charizard\n|move|p1b: Sableye|Shadow Sneak|p2b: Whimsicott\n|-damage|p2b: Whimsicott|73/100\n|move|p2a: Charizard|Heat Wave|p1a: Crabominable|[spread] p1a,p1b\n|-supereffective|p1a: Crabominable|1\n|-damage|p1a: Crabominable|60/100\n|-damage|p1b: Sableye|0 fnt\n|faint|p1b: Sableye\n|move|p2b: Whimsicott|Moonblast|p1a: Crabominable\n|-supereffective|p1a: Crabominable|1\n|-damage|p1a: Crabominable|46/100\n|-unboost|p1a: Crabominable|spa|1\n|move|p1a: Crabominable|Earthquake|p2b: Whimsicott|[spread] p2a,p2b\n|-supereffective|p2a: Charizard|1\n|-resisted|p2b: Whimsicott|1\n|-damage|p2a: Charizard|0 fnt\n|-damage|p2b: Whimsicott|23/100\n|faint|p2a: Charizard\n|\n|-weather|SunnyDay|[upkeep]\n|-fieldend|move: Gravity\n|upkeep\n|\n|t:|1776254940\n|switch|p1b: Farigiraf|Farigiraf, L50, F|65/100\n|turn|7\n|-message|DougCaro forfeited.\n|\n|win|Corbinc\n|raw|Corbinc's rating: 1026 &rarr; <strong>1064</strong><br />(+38 for winning)\n|raw|DougCaro's rating: 1043 &rarr; <strong>1026</strong><br />(-17 for losing)\n|l|\u2606DougCaro\n|player|p2|\n",
  "uploadtime": 1776254950,
  "views": 29,
  "formatid": "gen9championsvgc2026regma",
  "rating": 1026,
  "private": 0,
  "password": null
}