{
  "id": "gen9championsvgc2026regma-2584497243",
  "format": "[Gen 9 Champions] VGC 2026 Reg M-A",
  "players": [
    "Dog313",
    "katysub"
  ],
  "log": "|j|\u2606Dog313\n|j|\u2606katysub\n|t:|1776264761\n|gametype|doubles\n|player|p1|Dog313|169|1108\n|player|p2|katysub|lass-gen4|1085\n|gen|9\n|tier|[Gen 9 Champions] VGC 2026 Reg M-A\n|rated|\n|rule|Species Clause: Limit one of each Pok\u00e9mon\n|rule|Item Clause: Limit 1 of each item\n|clearpoke\n|poke|p1|Garchomp, L50, F|\n|poke|p1|Scizor, L50, M|\n|poke|p1|Aerodactyl, L50, M|\n|poke|p1|Rotom-Wash, L50|\n|poke|p1|Sylveon, L50, M|\n|poke|p1|Tauros-Paldea-Blaze, L50, M|\n|poke|p2|Gardevoir, L50, F|\n|poke|p2|Aerodactyl, L50, F|\n|poke|p2|Incineroar, L50, M|\n|poke|p2|Rotom-Wash, L50|\n|poke|p2|Sinistcha, L50|\n|poke|p2|Garchomp, L50, F|\n|teampreview|4\n|\n|t:|1776264831\n|teamsize|p1|4\n|teamsize|p2|4\n|start\n|switch|p1a: Aerodactyl|Aerodactyl, L50, M|100/100\n|switch|p1b: Rotom|Rotom-Wash, L50|100/100\n|switch|p2a: Incineroar|Incineroar, L50, M|100/100\n|switch|p2b: Aerodactyl|Aerodactyl, L50, F|100/100\n|-ability|p1a: Aerodactyl|Unnerve\n|-ability|p2b: Aerodactyl|Unnerve\n|-ability|p2a: Incineroar|Intimidate|boost\n|-unboost|p1a: Aerodactyl|atk|1\n|-unboost|p1b: Rotom|atk|1\n|turn|1\n|\n|t:|1776264853\n|move|p2a: Incineroar|Fake Out|p1b: Rotom\n|-damage|p1b: Rotom|88/100\n|move|p2b: Aerodactyl|Tailwind|p2b: Aerodactyl\n|-sidestart|p2: katysub|move: Tailwind\n|move|p1a: Aerodactyl|Tailwind|p1a: Aerodactyl\n|-sidestart|p1: Dog313|move: Tailwind\n|cant|p1b: Rotom|flinch\n|\n|upkeep\n|turn|2\n|\n|t:|1776264891\n|move|p2b: Aerodactyl|Protect|p2b: Aerodactyl\n|-singleturn|p2b: Aerodactyl|Protect\n|move|p1a: Aerodactyl|Rock Slide|p2b: Aerodactyl|[spread] p2a\n|-activate|p2b: Aerodactyl|move: Protect\n|-supereffective|p2a: Incineroar|1\n|-damage|p2a: Incineroar|74/100\n|move|p1b: Rotom|Hydro Pump|p2a: Incineroar\n|-supereffective|p2a: Incineroar|1\n|-damage|p2a: Incineroar|0 fnt\n|faint|p2a: Incineroar\n|\n|upkeep\n|\n|t:|1776264902\n|switch|p2a: Gardevoir|Gardevoir, L50, F|100/100\n|-ability|p2a: Gardevoir|Unnerve|Trace|[from] ability: Trace|[of] p1a: Aerodactyl\n|-ability|p2a: Gardevoir|Unnerve\n|turn|3\n|\n|t:|1776264920\n|detailschange|p1a: Aerodactyl|Aerodactyl-Mega, L50, M\n|-mega|p1a: Aerodactyl|Aerodactyl|Aerodactylite\n|detailschange|p2a: Gardevoir|Gardevoir-Mega, L50, F\n|-mega|p2a: Gardevoir|Gardevoir|Gardevoirite\n|move|p1a: Aerodactyl|Rock Slide|p2b: Aerodactyl|[spread] p2a,p2b\n|-supereffective|p2b: Aerodactyl|1\n|-damage|p2a: Gardevoir|72/100\n|-damage|p2b: Aerodactyl|39/100\n|move|p2b: Aerodactyl|Rock Slide|p1a: Aerodactyl|[spread] p1a,p1b\n|-supereffective|p1a: Aerodactyl|1\n|-damage|p1a: Aerodactyl|36/100\n|-damage|p1b: Rotom|61/100\n|move|p2a: Gardevoir|Hyper Voice|p1a: Aerodactyl|[spread] p1a,p1b\n|-damage|p1a: Aerodactyl|0 fnt\n|-damage|p1b: Rotom|2/100\n|faint|p1a: Aerodactyl\n|move|p1b: Rotom|Thunderbolt|p2b: Aerodactyl\n|-supereffective|p2b: Aerodactyl|1\n|-damage|p2b: Aerodactyl|0 fnt\n|faint|p2b: Aerodactyl\n|\n|upkeep\n|\n|t:|1776264940\n|switch|p1a: Scizor|Scizor, L50, M, shiny|100/100\n|switch|p2b: Sinistcha|Sinistcha, L50|100/100\n|-heal|p2a: Gardevoir|97/100|[from] ability: Hospitality|[of] p2b: Sinistcha\n|turn|4\n|\n|t:|1776264950\n|move|p1b: Rotom|Helping Hand|p1a: Scizor\n|-singleturn|p1a: Scizor|Helping Hand|[of] p1b: Rotom\n|move|p2b: Sinistcha|Rage Powder|p2b: Sinistcha\n|-singleturn|p2b: Sinistcha|move: Rage Powder\n|move|p1a: Scizor|Dual Wingbeat|p2b: Sinistcha\n|-supereffective|p2b: Sinistcha|1\n|-damage|p2b: Sinistcha|52/100\n|-supereffective|p2b: Sinistcha|1\n|-damage|p2b: Sinistcha|3/100\n|-hitcount|p2b: Sinistcha|2\n|move|p2a: Gardevoir|Hyper Voice|p1b: Rotom|[spread] p1a,p1b\n|-resisted|p1a: Scizor|1\n|-damage|p1a: Scizor|58/100\n|-damage|p1b: Rotom|0 fnt\n|faint|p1b: Rotom\n|\n|-heal|p2b: Sinistcha|9/100|[from] item: Leftovers\n|-sideend|p1: Dog313|move: Tailwind\n|-sideend|p2: katysub|move: Tailwind\n|upkeep\n|\n|t:|1776264967\n|switch|p1b: Sylveon|Sylveon, L50, M|100/100\n|turn|5\n|\n|t:|1776264985\n|move|p2a: Gardevoir|Protect|p2a: Gardevoir\n|-singleturn|p2a: Gardevoir|Protect\n|move|p1a: Scizor|Dual Wingbeat|p2b: Sinistcha|[miss]\n|-miss|p1a: Scizor|p2b: Sinistcha\n|move|p2b: Sinistcha|Matcha Gotcha|p1a: Scizor|[spread] p1a,p1b\n|-resisted|p1a: Scizor|2\n|-damage|p1a: Scizor|49/100\n|-heal|p2b: Sinistcha|12/100|[from] drain|[of] p1a: Scizor\n|-damage|p1b: Sylveon|84/100\n|-heal|p2b: Sinistcha|22/100|[from] drain|[of] p1b: Sylveon\n|move|p1b: Sylveon|Yawn|p2a: Gardevoir\n|-activate|p2a: Gardevoir|move: Protect\n|\n|-heal|p2b: Sinistcha|28/100|[from] item: Leftovers\n|-heal|p1b: Sylveon|90/100|[from] item: Leftovers\n|upkeep\n|turn|6\n|\n|t:|1776265007\n|move|p2b: Sinistcha|Rage Powder|p2b: Sinistcha\n|-singleturn|p2b: Sinistcha|move: Rage Powder\n|move|p1a: Scizor|Dual Wingbeat|p2b: Sinistcha\n|-supereffective|p2b: Sinistcha|1\n|-damage|p2b: Sinistcha|0 fnt\n|faint|p2b: Sinistcha\n|-hitcount|p2: Sinistcha|1\n|move|p2a: Gardevoir|Psychic|p1a: Scizor\n|-resisted|p1a: Scizor|1\n|-damage|p1a: Scizor|8/100\n|move|p1b: Sylveon|Hyper Voice|p2a: Gardevoir\n|-damage|p2a: Gardevoir|52/100\n|\n|-heal|p1b: Sylveon|96/100|[from] item: Leftovers\n|upkeep\n|turn|7\n|\n|t:|1776265029\n|move|p1a: Scizor|Dual Wingbeat|p2a: Gardevoir\n|-damage|p2a: Gardevoir|24/100\n|-damage|p2a: Gardevoir|0 fnt\n|faint|p2a: Gardevoir\n|-hitcount|p2: Gardevoir|2\n|\n|win|Dog313\n|raw|Dog313's rating: 1108 &rarr; <strong>1131</strong><br />(+23 for winning)\n|raw|katysub's rating: 1085 &rarr; <strong>1064</strong><br />(-21 for losing)\n",
  "uploadtime": 1776265032,
  "views": 20,
  "formatid": "gen9championsvgc2026regma",
  "rating": 1064,
  "private": 0,
  "password": null
}