{
  "id": "gen9championsvgc2026regma-2580592130",
  "format": "[Gen 9 Champions] VGC 2026 Reg M-A",
  "players": [
    "Novicebest",
    "mayomamainsk"
  ],
  "log": "|j|\u2606Novicebest\n|j|\u2606mayomamainsk\n|t:|1775916135\n|gametype|doubles\n|player|p1|Novicebest|dawn|1162\n|player|p2|mayomamainsk|roxie|1088\n|gen|9\n|tier|[Gen 9 Champions] VGC 2026 Reg M-A\n|rated|\n|rule|Species Clause: Limit one of each Pok\u00e9mon\n|rule|Item Clause: Limit 1 of each item\n|clearpoke\n|poke|p1|Charizard, L50, M|\n|poke|p1|Whimsicott, L50, F|\n|poke|p1|Farigiraf, L50, M|\n|poke|p1|Sneasler, L50, M|\n|poke|p1|Rotom-Wash, L50|\n|poke|p1|Incineroar, L50, M|\n|poke|p2|Beartic, L50, F|\n|poke|p2|Abomasnow, L50, F|\n|poke|p2|Liepard, L50, F|\n|poke|p2|Cofagrigus, L50, M|\n|poke|p2|Camerupt, L50, M|\n|poke|p2|Rotom-Wash, L50|\n|teampreview|4\n|inactive|Battle timer is ON: inactive players will automatically lose when time's up. (requested by Novicebest)\n|\n|t:|1775916155\n|teamsize|p1|4\n|teamsize|p2|4\n|start\n|switch|p1a: Rotom|Rotom-Wash, L50|100/100\n|switch|p1b: Farigiraf|Farigiraf, L50, M|100/100\n|switch|p2a: Camerupt|Camerupt, L50, M|100/100\n|switch|p2b: Cofagrigus|Cofagrigus, L50, M|100/100\n|turn|1\n|\n|t:|1775916167\n|detailschange|p2a: Camerupt|Camerupt-Mega, L50, M\n|-mega|p2a: Camerupt|Camerupt|Cameruptite\n|move|p2a: Camerupt|Protect|p2a: Camerupt\n|-singleturn|p2a: Camerupt|Protect\n|move|p1a: Rotom|Nasty Plot|p1a: Rotom\n|-boost|p1a: Rotom|spa|2\n|move|p1b: Farigiraf|Imprison|p1b: Farigiraf\n|-start|p1b: Farigiraf|move: Imprison\n|cant|p2b: Cofagrigus|move: Imprison|Trick Room\n|\n|upkeep\n|turn|2\n|inactive|mayomamainsk has 30 seconds left.\n|\n|t:|1775916198\n|switch|p2a: Rotom|Rotom-Wash, L50|100/100\n|move|p1a: Rotom|Hydro Pump|p2a: Rotom\n|-resisted|p2a: Rotom|1\n|-damage|p2a: Rotom|36/100\n|move|p1b: Farigiraf|Hyper Voice|p2b: Cofagrigus|[spread] p2a\n|-immune|p2b: Cofagrigus\n|-damage|p2a: Rotom|0 fnt\n|faint|p2a: Rotom\n|move|p2b: Cofagrigus|Body Press|p1a: Rotom\n|-damage|p1a: Rotom|65/100\n|\n|-heal|p1a: Rotom|71/100|[from] item: Leftovers\n|upkeep\n|\n|t:|1775916214\n|switch|p2a: Liepard|Liepard, L50, F|100/100\n|turn|3\n|\n|t:|1775916231\n|move|p2a: Liepard|Fake Out||[still]\n|cant|p1b: Farigiraf|ability: Armor Tail|Fake Out|[of] p2a: Liepard\n|move|p1a: Rotom|Hydro Pump|p2b: Cofagrigus\n|-damage|p2b: Cofagrigus|10/100\n|move|p1b: Farigiraf|Hyper Voice|p2a: Liepard|[spread] p2a\n|-immune|p2b: Cofagrigus\n|-damage|p2a: Liepard|41/100\n|move|p2b: Cofagrigus|Body Press|p1a: Rotom\n|-damage|p1a: Rotom|37/100\n|\n|-heal|p1a: Rotom|43/100|[from] item: Leftovers\n|upkeep\n|turn|4\n|\n|t:|1775916248\n|switch|p2b: Camerupt|Camerupt-Mega, L50, M|100/100\n|move|p2a: Liepard|Throat Chop|p1a: Rotom\n|-damage|p1a: Rotom|18/100\n|-start|p1a: Rotom|Throat Chop|[silent]\n|move|p1a: Rotom|Thunderbolt|p2b: Camerupt\n|-immune|p2b: Camerupt\n|move|p1b: Farigiraf|Hyper Voice|p2b: Camerupt|[spread] p2a,p2b\n|-damage|p2a: Liepard|0 fnt\n|-damage|p2b: Camerupt|70/100\n|faint|p2a: Liepard\n|\n|-heal|p1a: Rotom|23/100|[from] item: Leftovers\n|upkeep\n|\n|t:|1775916259\n|switch|p2a: Cofagrigus|Cofagrigus, L50, M|10/100\n|turn|5\n|\n|t:|1775916270\n|move|p1a: Rotom|Hydro Pump|p2b: Camerupt|[miss]\n|-miss|p1a: Rotom|p2b: Camerupt\n|move|p1b: Farigiraf|Psychic|p2a: Cofagrigus\n|-damage|p2a: Cofagrigus|0 fnt\n|faint|p2a: Cofagrigus\n|move|p2b: Camerupt|Heat Wave|p1b: Farigiraf|[spread] p1a,p1b\n|-resisted|p1a: Rotom|1\n|-damage|p1a: Rotom|0 fnt\n|-damage|p1b: Farigiraf|44/100\n|faint|p1a: Rotom\n|\n|upkeep\n|\n|t:|1775916284\n|switch|p1a: Charizard|Charizard, L50, M|100/100\n|turn|6\n|\n|t:|1775916303\n|detailschange|p1a: Charizard|Charizard-Mega-Y, L50, M\n|-mega|p1a: Charizard|Charizard|Charizardite Y\n|-weather|SunnyDay|[from] ability: Drought|[of] p1a: Charizard\n|move|p1a: Charizard|Weather Ball|p2b: Camerupt\n|-resisted|p2b: Camerupt|1\n|-damage|p2b: Camerupt|30/100\n|move|p1b: Farigiraf|Psychic|p2b: Camerupt\n|-damage|p2b: Camerupt|0 fnt\n|faint|p2b: Camerupt\n|\n|win|Novicebest\n|raw|Novicebest's rating: 1162 &rarr; <strong>1182</strong><br />(+20 for winning)\n|raw|mayomamainsk's rating: 1088 &rarr; <strong>1070</strong><br />(-18 for losing)\n|l|\u2606mayomamainsk\n|player|p2|\n",
  "uploadtime": 1775916315,
  "views": 10,
  "formatid": "gen9championsvgc2026regma",
  "rating": 1070,
  "private": 0,
  "password": null
}