{
  "id": "gen9championsvgc2026regma-2588089213",
  "format": "[Gen 9 Champions] VGC 2026 Reg M-A",
  "players": [
    "yuriimon",
    "CosmicTroy"
  ],
  "log": "|j|\u2606yuriimon\n|j|\u2606CosmicTroy\n|t:|1776603018\n|gametype|doubles\n|player|p1|yuriimon|waitress-gen4|1164\n|player|p2|CosmicTroy|169|1141\n|gen|9\n|tier|[Gen 9 Champions] VGC 2026 Reg M-A\n|rated|\n|rule|Species Clause: Limit one of each Pok\u00e9mon\n|rule|Item Clause: Limit 1 of each item\n|clearpoke\n|poke|p1|Glimmora, L50, F|\n|poke|p1|Incineroar, L50, M|\n|poke|p1|Politoed, L50, M|\n|poke|p1|Basculegion, L50, M|\n|poke|p1|Chesnaught, L50, F|\n|poke|p1|Dragapult, L50, F|\n|poke|p2|Orthworm, L50, F|\n|poke|p2|Garchomp, L50, F|\n|poke|p2|Rotom-Wash, L50|\n|poke|p2|Delphox, L50, M|\n|poke|p2|Whimsicott, L50, F|\n|poke|p2|Glimmora, L50, M|\n|teampreview|4\n|inactive|Battle timer is ON: inactive players will automatically lose when time's up. (requested by yuriimon)\n|inactive|yuriimon has 60 seconds left.\n|inactive|CosmicTroy has 60 seconds left.\n|inactive|CosmicTroy has 30 seconds left.\n|\n|t:|1776603082\n|teamsize|p1|4\n|teamsize|p2|4\n|start\n|switch|p1a: Chesnaught|Chesnaught, L50, F|100/100\n|switch|p1b: Incineroar|Incineroar, L50, M|100/100\n|switch|p2a: Glimmora|Glimmora, L50, M|100/100\n|switch|p2b: Whimsicott|Whimsicott, L50, F|100/100\n|-ability|p1b: Incineroar|Intimidate|boost\n|-unboost|p2a: Glimmora|atk|1\n|-unboost|p2b: Whimsicott|atk|1\n|turn|1\n|inactive|yuriimon has 30 seconds left.\n|\n|t:|1776603113\n|detailschange|p1a: Chesnaught|Chesnaught-Mega, L50, F\n|-mega|p1a: Chesnaught|Chesnaught|Chesnaughtite\n|move|p2a: Glimmora|Protect|p2a: Glimmora\n|-singleturn|p2a: Glimmora|Protect\n|move|p1b: Incineroar|Fake Out|p2b: Whimsicott\n|-damage|p2b: Whimsicott|83/100\n|cant|p2b: Whimsicott|flinch\n|move|p1a: Chesnaught|Iron Defense|p1a: Chesnaught\n|-boost|p1a: Chesnaught|def|2\n|\n|upkeep\n|turn|2\n|inactive|yuriimon has 30 seconds left.\n|\n|t:|1776603145\n|detailschange|p2a: Glimmora|Glimmora-Mega, L50, M\n|-mega|p2a: Glimmora|Glimmora|Glimmoranite\n|move|p1a: Chesnaught|Protect|p1a: Chesnaught\n|-singleturn|p1a: Chesnaught|Protect\n|move|p2b: Whimsicott|Fake Tears|p1a: Chesnaught\n|-activate|p1a: Chesnaught|move: Protect\n|move|p2a: Glimmora|Sludge Bomb|p1a: Chesnaught\n|-activate|p1a: Chesnaught|move: Protect\n|move|p1b: Incineroar|Flare Blitz|p2b: Whimsicott\n|-supereffective|p2b: Whimsicott|1\n|-damage|p2b: Whimsicott|0 fnt\n|faint|p2b: Whimsicott\n|-damage|p1b: Incineroar|82/100|[from] Recoil\n|\n|upkeep\n|\n|t:|1776603154\n|switch|p2b: Delphox|Delphox, L50, M|100/100\n|turn|3\n|inactive|yuriimon has 30 seconds left.\n|\n|t:|1776603181\n|move|p2a: Glimmora|Sludge Bomb|p1a: Chesnaught\n|-immune|p1a: Chesnaught|[from] ability: Bulletproof\n|move|p2b: Delphox|Nasty Plot|p2b: Delphox\n|-boost|p2b: Delphox|spa|2\n|move|p1b: Incineroar|Darkest Lariat|p2b: Delphox\n|-supereffective|p2b: Delphox|1\n|-damage|p2b: Delphox|4/100\n|move|p1a: Chesnaught|Body Press|p2b: Delphox\n|-resisted|p2b: Delphox|1\n|-damage|p2b: Delphox|0 fnt\n|faint|p2b: Delphox\n|\n|upkeep\n|c|\u2606CosmicTroy|Oh that's how that works\n|\n|t:|1776603202\n|switch|p2b: Rotom|Rotom-Wash, L50|100/100\n|turn|4\n|c|\u2606yuriimon|very good against gengars\n|inactive|yuriimon has 30 seconds left.\n|\n|t:|1776603235\n|switch|p1b: Politoed|Politoed, L50, M|100/100\n|-weather|RainDance|[from] ability: Drizzle|[of] p1b: Politoed\n|move|p1a: Chesnaught|Protect|p1a: Chesnaught\n|-singleturn|p1a: Chesnaught|Protect\n|move|p2b: Rotom|Hydro Pump|p1b: Politoed\n|-resisted|p1b: Politoed|1\n|-damage|p1b: Politoed|68/100\n|move|p2a: Glimmora|Power Gem|p1b: Politoed\n|-damage|p1b: Politoed|19/100\n|\n|-weather|RainDance|[upkeep]\n|upkeep\n|turn|5\n|\n|t:|1776603256\n|move|p1b: Politoed|Protect|p1b: Politoed\n|-singleturn|p1b: Politoed|Protect\n|move|p2b: Rotom|Hydro Pump|p1b: Politoed\n|-activate|p1b: Politoed|move: Protect\n|move|p2a: Glimmora|Power Gem|p1b: Politoed\n|-activate|p1b: Politoed|move: Protect\n|move|p1a: Chesnaught|Iron Defense|p1a: Chesnaught\n|-boost|p1a: Chesnaught|def|2\n|\n|-weather|RainDance|[upkeep]\n|upkeep\n|turn|6\n|\n|t:|1776603270\n|move|p1b: Politoed|Helping Hand|p1a: Chesnaught\n|-singleturn|p1a: Chesnaught|Helping Hand|[of] p1b: Politoed\n|move|p2b: Rotom|Hydro Pump|p1b: Politoed\n|-resisted|p1b: Politoed|1\n|-crit|p1b: Politoed\n|-damage|p1b: Politoed|0 fnt\n|faint|p1b: Politoed\n|move|p2a: Glimmora|Power Gem|p1a: Chesnaught\n|-resisted|p1a: Chesnaught|1\n|-damage|p1a: Chesnaught|76/100\n|move|p1a: Chesnaught|Body Press|p2b: Rotom\n|-damage|p2b: Rotom|0 fnt\n|faint|p2b: Rotom\n|\n|-weather|RainDance|[upkeep]\n|upkeep\n|\n|t:|1776603284\n|switch|p1b: Basculegion|Basculegion, L50, M|100/100\n|turn|7\n|\n|t:|1776603291\n|move|p1b: Basculegion|Wave Crash|p2a: Glimmora\n|-supereffective|p2a: Glimmora|1\n|-crit|p2a: Glimmora\n|-damage|p2a: Glimmora|0 fnt\n|faint|p2a: Glimmora\n|-damage|p1b: Basculegion|73/100|[from] Recoil\n|\n|win|yuriimon\n|raw|yuriimon's rating: 1164 &rarr; <strong>1187</strong><br />(+23 for winning)\n|raw|CosmicTroy's rating: 1141 &rarr; <strong>1118</strong><br />(-23 for losing)\n|c|\u2606yuriimon|gg\n|c|\u2606CosmicTroy|Gg\n|l|\u2606CosmicTroy\n|player|p2|\n",
  "uploadtime": 1776603299,
  "views": 8,
  "formatid": "gen9championsvgc2026regma",
  "rating": 1118,
  "private": 0,
  "password": null
}