{
  "id": "gen9championsvgc2026regma-2581808127",
  "format": "[Gen 9 Champions] VGC 2026 Reg M-A",
  "players": [
    "waez97",
    "DavidTIS"
  ],
  "log": "|j|\u2606waez97\n|j|\u2606DavidTIS\n|t:|1776030074\n|gametype|doubles\n|player|p1|waez97|101|1117\n|player|p2|DavidTIS|265|1134\n|gen|9\n|tier|[Gen 9 Champions] VGC 2026 Reg M-A\n|rated|\n|rule|Species Clause: Limit one of each Pok\u00e9mon\n|rule|Item Clause: Limit 1 of each item\n|clearpoke\n|poke|p1|Altaria, L50, F|\n|poke|p1|Salazzle, L50, F|\n|poke|p1|Farigiraf, L50, M|\n|poke|p1|Basculegion-F, L50, F|\n|poke|p1|Luxray, L50, F|\n|poke|p1|Meganium, L50, F|\n|poke|p2|Garganacl, L50, M|\n|poke|p2|Mimikyu, L50, M|\n|poke|p2|Chimecho, L50, F|\n|poke|p2|Slowbro, L50, M|\n|poke|p2|Lucario, L50, F|\n|poke|p2|Drampa, L50, F|\n|teampreview|4\n|inactive|Battle timer is ON: inactive players will automatically lose when time's up. (requested by DavidTIS)\n|inactive|waez97 has 60 seconds left.\n|inactive|DavidTIS has 60 seconds left.\n|inactive|DavidTIS has 30 seconds left.\n|\n|t:|1776030135\n|teamsize|p1|4\n|teamsize|p2|4\n|start\n|switch|p1a: Salazzle|Salazzle, L50, F|100/100\n|switch|p1b: Luxray|Luxray, L50, F|100/100\n|switch|p2a: Mimikyu|Mimikyu, L50, M|100/100\n|switch|p2b: Lucario|Lucario, L50, F|100/100\n|-ability|p1b: Luxray|Intimidate|boost\n|-unboost|p2a: Mimikyu|atk|1\n|-fail|p2b: Lucario|unboost|Attack|[from] ability: Inner Focus|[of] p2b: Lucario\n|turn|1\n|inactive|waez97 has 30 seconds left.\n|inactive|DavidTIS has 30 seconds left.\n|\n|t:|1776030164\n|move|p1a: Salazzle|Toxic|p2b: Lucario\n|-status|p2b: Lucario|tox\n|move|p2b: Lucario|Aura Sphere|p1b: Luxray\n|-damage|p1b: Luxray|63/100\n|move|p1b: Luxray|Snarl|p2a: Mimikyu|[spread] p2a,p2b\n|-resisted|p2b: Lucario|1\n|-activate|p2a: Mimikyu|ability: Disguise\n|-damage|p2a: Mimikyu|100/100\n|-damage|p2b: Lucario|92/100 tox\n|-unboost|p2a: Mimikyu|spa|1\n|-unboost|p2b: Lucario|spa|1\n|detailschange|p2a: Mimikyu|Mimikyu-Busted, L50, M\n|-damage|p2a: Mimikyu|88/100|[from] pokemon: Mimikyu-Busted\n|move|p2a: Mimikyu|Trick Room|p2a: Mimikyu\n|-fieldstart|move: Trick Room|[of] p2a: Mimikyu\n|\n|-damage|p2b: Lucario|86/100 tox|[from] psn\n|upkeep\n|turn|2\n|inactive|DavidTIS has 30 seconds left.\n|\n|t:|1776030191\n|switch|p2b: Chimecho|Chimecho, L50, F|100/100\n|move|p1a: Salazzle|Protect|p1a: Salazzle\n|-singleturn|p1a: Salazzle|Protect\n|move|p1b: Luxray|Volt Switch|p2a: Mimikyu\n|-damage|p2a: Mimikyu|63/100\n|\n|t:|1776030205\n|switch|p1b: Meganium|Meganium, L50, F|100/100|[from] Volt Switch\n|move|p2a: Mimikyu|Shadow Claw|p1a: Salazzle\n|-activate|p1a: Salazzle|move: Protect\n|\n|upkeep\n|turn|3\n|inactive|waez97 has 30 seconds left.\n|inactive|waez97 has 20 seconds left.\n|\n|t:|1776030245\n|switch|p2a: Drampa|Drampa, L50, F|100/100\n|-ability|p2a: Drampa|Cloud Nine\n|switch|p1a: Luxray|Luxray, L50, F|63/100\n|-ability|p1a: Luxray|Intimidate|boost\n|-unboost|p2a: Drampa|atk|1\n|-unboost|p2b: Chimecho|atk|1\n|-enditem|p2a: Drampa|White Herb\n|-clearnegativeboost|p2a: Drampa|[silent]\n|detailschange|p2b: Chimecho|Chimecho-Mega, L50, F\n|-mega|p2b: Chimecho|Chimecho|Chimechite\n|move|p2b: Chimecho|Psychic|p1a: Luxray\n|-damage|p1a: Luxray|15/100\n|-unboost|p1a: Luxray|spd|1\n|-enditem|p1a: Luxray|Sitrus Berry|[eat]\n|-heal|p1a: Luxray|39/100|[from] item: Sitrus Berry\n|move|p1b: Meganium|Dazzling Gleam|p2b: Chimecho|[spread] p2a,p2b\n|-supereffective|p2a: Drampa|1\n|-resisted|p2b: Chimecho|1\n|-damage|p2a: Drampa|73/100\n|-damage|p2b: Chimecho|94/100\n|\n|upkeep\n|turn|4\n|inactive|waez97 has 30 seconds left.\n|inactive|DavidTIS has 30 seconds left.\n|inactive|waez97 has 20 seconds left.\n|inactive|waez97 has 15 seconds left.\n|\n|t:|1776030287\n|detailschange|p1b: Meganium|Meganium-Mega, L50, F\n|-mega|p1b: Meganium|Meganium|Meganiumite\n|move|p2a: Drampa|Flamethrower|p1b: Meganium\n|-supereffective|p1b: Meganium|1\n|-damage|p1b: Meganium|44/100\n|move|p2b: Chimecho|Flash Cannon|p1b: Meganium\n|-supereffective|p1b: Meganium|1\n|-damage|p1b: Meganium|0 fnt\n|faint|p1b: Meganium\n|move|p1a: Luxray|Snarl|p2b: Chimecho|[spread] p2a,p2b\n|-supereffective|p2b: Chimecho|1\n|-damage|p2a: Drampa|64/100\n|-damage|p2b: Chimecho|76/100\n|-unboost|p2a: Drampa|spa|1\n|-unboost|p2b: Chimecho|spa|1\n|\n|upkeep\n|\n|t:|1776030299\n|switch|p1b: Salazzle|Salazzle, L50, F|100/100\n|turn|5\n|\n|t:|1776030307\n|switch|p1a: Basculegion|Basculegion-F, L50, F|100/100\n|move|p1b: Salazzle|Protect|p1b: Salazzle\n|-singleturn|p1b: Salazzle|Protect\n|move|p2a: Drampa|Hyper Voice|p1b: Salazzle|[spread] \n|-activate|p1b: Salazzle|move: Protect\n|-immune|p1a: Basculegion\n|move|p2b: Chimecho|Psychic|p1b: Salazzle\n|-activate|p1b: Salazzle|move: Protect\n|\n|-fieldend|move: Trick Room\n|upkeep\n|turn|6\n|inactive|waez97 has 30 seconds left.\n|inactive|DavidTIS has 30 seconds left.\n|inactive|waez97 has 20 seconds left.\n|inactive|waez97 has 15 seconds left.\n|inactive|waez97 has 10 seconds left.\n|\n|t:|1776030357\n|switch|p2a: Mimikyu|Mimikyu-Busted, L50, M|63/100\n|move|p1a: Basculegion|Flip Turn|p2a: Mimikyu\n|-damage|p2a: Mimikyu|22/100\n|-enditem|p2a: Mimikyu|Sitrus Berry|[eat]\n|-heal|p2a: Mimikyu|47/100|[from] item: Sitrus Berry\n|c|\u2606DavidTIS|it's a nice team what you have\n|c|\u2606DavidTIS|I like it\n|\n|t:|1776030366\n|switch|p1a: Luxray|Luxray, L50, F|39/100|[from] Flip Turn\n|-ability|p1a: Luxray|Intimidate|boost\n|-unboost|p2a: Mimikyu|atk|1\n|-unboost|p2b: Chimecho|atk|1\n|move|p1b: Salazzle|Overheat|p2b: Chimecho|[miss]\n|-miss|p1b: Salazzle|p2b: Chimecho\n|move|p2b: Chimecho|Psychic|p1b: Salazzle\n|-supereffective|p1b: Salazzle|1\n|-enditem|p1b: Salazzle|Focus Sash\n|-damage|p1b: Salazzle|1/100\n|\n|upkeep\n|turn|7\n|c|\u2606waez97|Yours too!\n|inactive|DavidTIS has 30 seconds left.\n|\n|t:|1776030391\n|move|p1b: Salazzle|Protect|p1b: Salazzle\n|-singleturn|p1b: Salazzle|Protect\n|move|p2a: Mimikyu|Shadow Sneak|p1b: Salazzle\n|-activate|p1b: Salazzle|move: Protect\n|move|p1a: Luxray|Snarl|p2a: Mimikyu|[spread] p2a,p2b\n|-supereffective|p2b: Chimecho|1\n|-damage|p2a: Mimikyu|37/100\n|-damage|p2b: Chimecho|60/100\n|-unboost|p2a: Mimikyu|spa|1\n|-unboost|p2b: Chimecho|spa|1\n|move|p2b: Chimecho|Psychic|p1a: Luxray\n|-damage|p1a: Luxray|13/100\n|\n|upkeep\n|turn|8\n|\n|t:|1776030413\n|switch|p1b: Basculegion|Basculegion-F, L50, F|100/100\n|switch|p2b: Lucario|Lucario, L50, F|86/100 tox\n|move|p2a: Mimikyu|Shadow Sneak|p1b: Basculegion\n|-supereffective|p1b: Basculegion|1\n|-damage|p1b: Basculegion|64/100\n|move|p1a: Luxray|Volt Switch|p2a: Mimikyu\n|-damage|p2a: Mimikyu|11/100\n|\n|t:|1776030422\n|switch|p1a: Salazzle|Salazzle, L50, F|1/100|[from] Volt Switch\n|\n|-damage|p2b: Lucario|80/100 tox|[from] psn\n|upkeep\n|turn|9\n|c|\u2606DavidTIS|thanks! It's nice to see people trying to fight the meta hahaha\n|c|\u2606waez97|yeah lol the chimecho is cool\n|inactive|DavidTIS has 30 seconds left.\n|\n|t:|1776030453\n|move|p1a: Salazzle|Protect|p1a: Salazzle\n|-singleturn|p1a: Salazzle|Protect\n|move|p2b: Lucario|Bullet Punch|p1a: Salazzle\n|-activate|p1a: Salazzle|move: Protect\n|move|p2a: Mimikyu|Shadow Sneak|p1b: Basculegion\n|-supereffective|p1b: Basculegion|1\n|-damage|p1b: Basculegion|30/100\n|move|p1b: Basculegion|Muddy Water|p2b: Lucario|[spread] p2a\n|-miss|p1b: Basculegion|p2b: Lucario\n|-damage|p2a: Mimikyu|0 fnt\n|faint|p2a: Mimikyu\n|\n|-damage|p2b: Lucario|68/100 tox|[from] psn\n|upkeep\n|\n|t:|1776030468\n|switch|p2a: Chimecho|Chimecho-Mega, L50, F|60/100\n|turn|10\n|c|\u2606DavidTIS|hahaha yeah a lot of utility but pretty slow\n|inactive|waez97 has 30 seconds left.\n|inactive|waez97 has 20 seconds left.\n|inactive|waez97 has 15 seconds left.\n|\n|t:|1776030513\n|switch|p1a: Luxray|Luxray, L50, F|13/100\n|-ability|p1a: Luxray|Intimidate|boost\n|-unboost|p2a: Chimecho|atk|1\n|-fail|p2b: Lucario|unboost|Attack|[from] ability: Inner Focus|[of] p2b: Lucario\n|move|p2b: Lucario|Bullet Punch|p1a: Luxray\n|-resisted|p1a: Luxray|1\n|-damage|p1a: Luxray|6/100\n|move|p1b: Basculegion|Muddy Water|p2a: Chimecho|[spread] p2a,p2b\n|-damage|p2a: Chimecho|23/100\n|-damage|p2b: Lucario|0 fnt\n|faint|p2b: Lucario\n|move|p2a: Chimecho|Psychic|p1b: Basculegion\n|-damage|p1b: Basculegion|0 fnt\n|faint|p1b: Basculegion\n|\n|upkeep\n|inactive|waez97 has 30 seconds left.\n|\n|t:|1776030546\n|switch|p2b: Drampa|Drampa, L50, F|64/100\n|switch|p1b: Salazzle|Salazzle, L50, F|1/100\n|-ability|p2b: Drampa|Cloud Nine\n|turn|11\n|\n|t:|1776030570\n|move|p1b: Salazzle|Overheat|p2a: Chimecho|[miss]\n|-miss|p1b: Salazzle|p2a: Chimecho\n|move|p1a: Luxray|Snarl|p2a: Chimecho|[spread] p2a,p2b\n|-supereffective|p2a: Chimecho|1\n|-damage|p2a: Chimecho|6/100\n|-damage|p2b: Drampa|54/100\n|-unboost|p2a: Chimecho|spa|1\n|-unboost|p2b: Drampa|spa|1\n|move|p2a: Chimecho|Recover|p2a: Chimecho\n|-heal|p2a: Chimecho|56/100\n|move|p2b: Drampa|Hyper Voice|p1b: Salazzle|[spread] p1a,p1b\n|-damage|p1a: Luxray|0 fnt\n|-damage|p1b: Salazzle|0 fnt\n|faint|p1a: Luxray\n|faint|p1b: Salazzle\n|\n|win|DavidTIS\n|raw|waez97's rating: 1117 &rarr; <strong>1093</strong><br />(-24 for losing)\n|raw|DavidTIS's rating: 1134 &rarr; <strong>1158</strong><br />(+24 for winning)\n|c|\u2606waez97|noo\n|c|\u2606waez97|overheat missed twice\n|c|\u2606DavidTIS|yeah, you missed important hits\n|l|\u2606waez97\n|player|p1|\n|c|\u2606DavidTIS|also muddy water\n",
  "uploadtime": 1776030597,
  "views": 20,
  "formatid": "gen9championsvgc2026regma",
  "rating": 1093,
  "private": 0,
  "password": null
}