{
  "id": "gen9championsvgc2026regma-2585113268",
  "format": "[Gen 9 Champions] VGC 2026 Reg M-A",
  "players": [
    "fimmm",
    "bro is not washed"
  ],
  "log": "|j|\u2606fimmm\n|j|\u2606bro is not washed\n|t:|1776313265\n|gametype|doubles\n|player|p1|fimmm|whitney|1284\n|player|p2|bro is not washed|giovanni|1324\n|gen|9\n|tier|[Gen 9 Champions] VGC 2026 Reg M-A\n|rated|\n|rule|Species Clause: Limit one of each Pok\u00e9mon\n|rule|Item Clause: Limit 1 of each item\n|clearpoke\n|poke|p1|Pelipper, L50, F|\n|poke|p1|Palafin, L50, M|\n|poke|p1|Ampharos, L50, M|\n|poke|p1|Whimsicott, L50, F|\n|poke|p1|Mamoswine, L50, F|\n|poke|p1|Sinistcha, L50|\n|poke|p2|Garchomp, L50, F|\n|poke|p2|Sneasler, L50, M|\n|poke|p2|Delphox, L50, F|\n|poke|p2|Orthworm, L50, M|\n|poke|p2|Tyranitar, L50, F|\n|poke|p2|Rotom-Wash, L50|\n|teampreview|4\n|inactive|Battle timer is ON: inactive players will automatically lose when time's up. (requested by bro is not washed)\n|inactive|fimmm also wants the timer to be on.\n|inactive|fimmm has 60 seconds left.\n|inactive|bro is not washed has 60 seconds left.\n|\n|t:|1776313318\n|teamsize|p1|4\n|teamsize|p2|4\n|start\n|switch|p1a: Palafin|Palafin, L50, M|100/100\n|switch|p1b: Mamoswine|Mamoswine, L50, F|100/100\n|switch|p2a: Orthworm|Orthworm, L50, M|100/100\n|switch|p2b: Garchomp|Garchomp, L50, F|100/100\n|turn|1\n|\n|t:|1776313336\n|detailschange|p1a: Palafin|Palafin-Hero, L50, M\n|switch|p1a: Pelipper|Pelipper, L50, F|100/100\n|-weather|RainDance|[from] ability: Drizzle|[of] p1a: Pelipper\n|move|p2b: Garchomp|Rock Slide|p1a: Pelipper|[spread] p1a,p1b\n|-supereffective|p1a: Pelipper|1\n|-enditem|p1a: Pelipper|Charti Berry|[eat]\n|-enditem|p1a: Pelipper|Charti Berry|[weaken]\n|-damage|p1a: Pelipper|84/100\n|-damage|p1b: Mamoswine|73/100\n|cant|p1b: Mamoswine|flinch\n|move|p2a: Orthworm|Shed Tail|p2a: Orthworm\n|-start|p2a: Orthworm|Substitute|[from] move: Shed Tail\n|-damage|p2a: Orthworm|50/100\n|-enditem|p2a: Orthworm|Sitrus Berry|[eat]\n|-heal|p2a: Orthworm|75/100|[from] item: Sitrus Berry\n|\n|t:|1776313350\n|switch|p2a: Delphox|Delphox, L50, F|100/100|[from] Shed Tail\n|\n|-weather|RainDance|[upkeep]\n|upkeep\n|turn|2\n|inactive|fimmm has 30 seconds left.\n|\n|t:|1776313379\n|switch|p2b: Tyranitar|Tyranitar, L50, F|100/100\n|-weather|Sandstorm|[from] ability: Sand Stream|[of] p2b: Tyranitar\n|detailschange|p2a: Delphox|Delphox-Mega, L50, F\n|-mega|p2a: Delphox|Delphox|Delphoxite\n|move|p1a: Pelipper|Wide Guard|p1a: Pelipper\n|-singleturn|p1a: Pelipper|Wide Guard\n|move|p1b: Mamoswine|Icicle Crash|p2b: Tyranitar\n|-damage|p2b: Tyranitar|66/100\n|move|p2a: Delphox|Heat Wave|p1a: Pelipper|[spread] \n|-activate|p1a: Pelipper|move: Wide Guard\n|-activate|p1b: Mamoswine|move: Wide Guard\n|\n|-weather|Sandstorm|[upkeep]\n|-damage|p2a: Delphox|95/100|[from] Sandstorm\n|-damage|p1a: Pelipper|78/100|[from] Sandstorm\n|upkeep\n|turn|3\n|inactive|fimmm has 30 seconds left.\n|\n|t:|1776313405\n|move|p1b: Mamoswine|Icicle Crash|p2b: Tyranitar\n|-damage|p2b: Tyranitar|31/100\n|move|p2a: Delphox|Psychic|p1a: Pelipper\n|-damage|p1a: Pelipper|0 fnt\n|faint|p1a: Pelipper\n|cant|p2b: Tyranitar|flinch\n|\n|-weather|Sandstorm|[upkeep]\n|-damage|p2a: Delphox|89/100|[from] Sandstorm\n|upkeep\n|\n|t:|1776313414\n|switch|p1a: Sinistcha|Sinistcha, L50|100/100\n|-heal|p1b: Mamoswine|98/100|[from] ability: Hospitality|[of] p1a: Sinistcha\n|turn|4\n|\n|t:|1776313437\n|switch|p2b: Orthworm|Orthworm, L50, M|75/100\n|move|p1a: Sinistcha|Protect|p1a: Sinistcha\n|-singleturn|p1a: Sinistcha|Protect\n|move|p1b: Mamoswine|Icicle Crash|p2a: Delphox\n|-resisted|p2a: Delphox|1\n|-end|p2a: Delphox|Substitute\n|move|p2a: Delphox|Heat Wave|p1b: Mamoswine|[spread] p1b\n|-activate|p1a: Sinistcha|move: Protect\n|-supereffective|p1b: Mamoswine|1\n|-damage|p1b: Mamoswine|0 fnt\n|faint|p1b: Mamoswine\n|\n|-weather|Sandstorm|[upkeep]\n|-damage|p2a: Delphox|83/100|[from] Sandstorm\n|-damage|p1a: Sinistcha|94/100|[from] Sandstorm\n|upkeep\n|\n|t:|1776313440\n|switch|p1b: Palafin|Palafin-Hero, L50, M|100/100\n|-activate|p1b: Palafin|ability: Zero to Hero\n|turn|5\n|\n|t:|1776313458\n|switch|p2a: Tyranitar|Tyranitar, L50, F|31/100\n|move|p1b: Palafin|Bulk Up|p1b: Palafin\n|-boost|p1b: Palafin|atk|1\n|-boost|p1b: Palafin|def|1\n|move|p2b: Orthworm|Shed Tail|p2b: Orthworm\n|-start|p2b: Orthworm|Substitute|[from] move: Shed Tail\n|-damage|p2b: Orthworm|25/100\n|\n|t:|1776313467\n|switch|p2b: Delphox|Delphox-Mega, L50, F|83/100|[from] Shed Tail\n|move|p1a: Sinistcha|Trick Room|p1a: Sinistcha\n|-fieldstart|move: Trick Room|[of] p1a: Sinistcha\n|\n|-weather|Sandstorm|[upkeep]\n|-damage|p1a: Sinistcha|88/100|[from] Sandstorm\n|-damage|p1b: Palafin|94/100|[from] Sandstorm\n|-damage|p2b: Delphox|77/100|[from] Sandstorm\n|-heal|p1b: Palafin|100/100|[from] item: Leftovers\n|upkeep\n|turn|6\n|inactive|bro is not washed has 30 seconds left.\n|\n|t:|1776313494\n|switch|p2a: Orthworm|Orthworm, L50, M|25/100\n|move|p1a: Sinistcha|Protect|p1a: Sinistcha\n|-singleturn|p1a: Sinistcha|Protect\n|move|p1b: Palafin|Jet Punch|p2b: Delphox\n|-supereffective|p2b: Delphox|1\n|-end|p2b: Delphox|Substitute\n|move|p2b: Delphox|Heat Wave|p1a: Sinistcha|[spread] p1b\n|-activate|p1a: Sinistcha|move: Protect\n|-resisted|p1b: Palafin|1\n|-crit|p1b: Palafin\n|-damage|p1b: Palafin|69/100\n|\n|-weather|none\n|-heal|p1b: Palafin|75/100|[from] item: Leftovers\n|upkeep\n|turn|7\n|inactive|fimmm has 30 seconds left.\n|inactive|fimmm has 20 seconds left.\n|\n|t:|1776313530\n|move|p2b: Delphox|Protect|p2b: Delphox\n|-singleturn|p2b: Delphox|Protect\n|move|p1b: Palafin|Jet Punch|p2b: Delphox\n|-activate|p2b: Delphox|move: Protect\n|move|p1a: Sinistcha|Matcha Gotcha|p2b: Delphox|[spread] p2a\n|-activate|p2b: Delphox|move: Protect\n|-resisted|p2a: Orthworm|1\n|-damage|p2a: Orthworm|12/100\n|-heal|p1a: Sinistcha|95/100|[from] drain|[of] p2a: Orthworm\n|move|p2a: Orthworm|Iron Defense|p2a: Orthworm\n|-boost|p2a: Orthworm|def|2\n|\n|-heal|p1b: Palafin|81/100|[from] item: Leftovers\n|upkeep\n|turn|8\n|\n|t:|1776313550\n|switch|p2b: Tyranitar|Tyranitar, L50, F|31/100\n|-weather|Sandstorm|[from] ability: Sand Stream|[of] p2b: Tyranitar\n|move|p1a: Sinistcha|Matcha Gotcha|p2a: Orthworm|[spread] p2a,p2b\n|-resisted|p2a: Orthworm|1\n|-supereffective|p2b: Tyranitar|1\n|-damage|p2a: Orthworm|0 fnt\n|-heal|p1a: Sinistcha|100/100|[from] drain|[of] p2a: Orthworm\n|-damage|p2b: Tyranitar|4/100\n|faint|p2a: Orthworm\n|move|p1b: Palafin|Bulk Up|p1b: Palafin\n|-boost|p1b: Palafin|atk|1\n|-boost|p1b: Palafin|def|1\n|\n|-weather|Sandstorm|[upkeep]\n|-damage|p1a: Sinistcha|94/100|[from] Sandstorm\n|-damage|p1b: Palafin|75/100|[from] Sandstorm\n|-heal|p1b: Palafin|81/100|[from] item: Leftovers\n|upkeep\n|\n|t:|1776313562\n|switch|p2a: Delphox|Delphox-Mega, L50, F|77/100\n|turn|9\n|\n|t:|1776313567\n|move|p2b: Tyranitar|Protect|p2b: Tyranitar\n|-singleturn|p2b: Tyranitar|Protect\n|move|p2a: Delphox|Protect|p2a: Delphox\n|-singleturn|p2a: Delphox|Protect\n|move|p1b: Palafin|Jet Punch|p2a: Delphox\n|-activate|p2a: Delphox|move: Protect\n|move|p1a: Sinistcha|Matcha Gotcha|p2a: Delphox|[spread] \n|-activate|p2a: Delphox|move: Protect\n|-activate|p2b: Tyranitar|move: Protect\n|\n|-weather|Sandstorm|[upkeep]\n|-damage|p1a: Sinistcha|88/100|[from] Sandstorm\n|-damage|p1b: Palafin|75/100|[from] Sandstorm\n|-damage|p2a: Delphox|71/100|[from] Sandstorm\n|-heal|p1b: Palafin|81/100|[from] item: Leftovers\n|-fieldend|move: Trick Room\n|upkeep\n|turn|10\n|\n|t:|1776313578\n|switch|p2b: Garchomp|Garchomp, L50, F|100/100\n|move|p2a: Delphox|Protect|p2a: Delphox\n|-singleturn|p2a: Delphox|Protect\n|move|p1a: Sinistcha|Protect|p1a: Sinistcha\n|-singleturn|p1a: Sinistcha|Protect\n|move|p1b: Palafin|Jet Punch|p2b: Garchomp\n|-damage|p2b: Garchomp|26/100\n|\n|-weather|Sandstorm|[upkeep]\n|-damage|p2a: Delphox|65/100|[from] Sandstorm\n|-damage|p1b: Palafin|75/100|[from] Sandstorm\n|-damage|p1a: Sinistcha|82/100|[from] Sandstorm\n|-heal|p1b: Palafin|81/100|[from] item: Leftovers\n|upkeep\n|turn|11\n|\n|t:|1776313590\n|switch|p2a: Tyranitar|Tyranitar, L50, F|4/100\n|move|p1b: Palafin|Jet Punch|p2a: Tyranitar\n|-supereffective|p2a: Tyranitar|1\n|-damage|p2a: Tyranitar|0 fnt\n|faint|p2a: Tyranitar\n|move|p2b: Garchomp|Earthquake|p1a: Sinistcha|[spread] p1a,p1b\n|-resisted|p1a: Sinistcha|1\n|-damage|p1a: Sinistcha|66/100\n|-damage|p1b: Palafin|60/100\n|move|p1a: Sinistcha|Matcha Gotcha|p2b: Garchomp\n|-damage|p2b: Garchomp|0 fnt\n|-heal|p1a: Sinistcha|80/100|[from] drain|[of] p2b: Garchomp\n|faint|p2b: Garchomp\n|\n|-weather|Sandstorm|[upkeep]\n|-damage|p1b: Palafin|54/100|[from] Sandstorm\n|-damage|p1a: Sinistcha|74/100|[from] Sandstorm\n|-heal|p1b: Palafin|60/100|[from] item: Leftovers\n|upkeep\n|-message|bro is not washed forfeited.\n|\n|win|fimmm\n|raw|fimmm's rating: 1284 &rarr; <strong>1312</strong><br />(+28 for winning)\n|raw|bro is not washed's rating: 1324 &rarr; <strong>1302</strong><br />(-22 for losing)\n|l|\u2606bro is not washed\n|player|p2|\n",
  "uploadtime": 1776313603,
  "views": 46,
  "formatid": "gen9championsvgc2026regma",
  "rating": 1302,
  "private": 0,
  "password": null
}