{
  "id": "gen9championsvgc2026regma-2582591315",
  "format": "[Gen 9 Champions] VGC 2026 Reg M-A",
  "players": [
    "gimwepaw",
    "Jackalope11"
  ],
  "log": "|j|\u2606gimwepaw\n|j|\u2606Jackalope11\n|html|<table width=\"100%\"><tr><td align=\"left\">gimwepaw</td><td align=\"right\">Jackalope11</tr><tr><td align=\"left\"><i class=\"fa fa-circle\"></i> <i class=\"fa fa-circle-o\"></i> </td><td align=\"right\"><i class=\"fa fa-circle-o\"></i> <i class=\"fa fa-circle-o\"></i> </tr></table>\n|uhtml|bestof|<h2><strong>Game 2</strong> of <a href=\"/game-bestof3-gen9championsvgc2026regma-2582586033\">a best-of-3</a></h2>\n|t:|1776101319\n|gametype|doubles\n|player|p1|gimwepaw|2|\n|player|p2|Jackalope11|1|\n|gen|9\n|tier|[Gen 9 Champions] VGC 2026 Reg M-A\n|rule|Species Clause: Limit one of each Pok\u00e9mon\n|rule|Item Clause: Limit 1 of each item\n|raw|<div class=\"infobox\"><details class=\"readmore\" open><summary><strong>1 custom rule:</strong></summary> Best of = 3</details></div>\n|clearpoke\n|poke|p1|Venusaur, L50, F|\n|poke|p1|Arcanine, L50, F|\n|poke|p1|Rotom-Wash, L50|\n|poke|p1|Garchomp, L50, F|\n|poke|p1|Corviknight, L50, M|\n|poke|p1|Sneasler, L50, M|\n|poke|p2|Garchomp, L50, F|\n|poke|p2|Rotom-Wash, L50|\n|poke|p2|Talonflame, L50, M|\n|poke|p2|Sinistcha, L50|\n|poke|p2|Tyranitar, L50, M|\n|poke|p2|Aegislash, L50, M|\n|teampreview|4\n|inactive|Battle timer is ON: inactive players will automatically lose when time's up. (requested by gimwepaw)\n|\n|t:|1776101372\n|teamsize|p1|4\n|teamsize|p2|4\n|start\n|switch|p1a: Sneasler|Sneasler, L50, M|100/100\n|switch|p1b: Corviknight|Corviknight, L50, M|100/100\n|switch|p2a: Rotom|Rotom-Wash, L50|100/100\n|switch|p2b: Garchomp|Garchomp, L50, F|100/100\n|turn|1\n|inactive|gimwepaw has 30 seconds left.\n|\n|t:|1776101403\n|move|p1a: Sneasler|Fake Out|p2a: Rotom\n|-damage|p2a: Rotom|84/100\n|-status|p2a: Rotom|psn|[from] ability: Poison Touch|[of] p1a: Sneasler\n|cant|p2a: Rotom|flinch\n|move|p2b: Garchomp|Earthquake|p1a: Sneasler|[spread] p1a\n|-immune|p2a: Rotom|[from] ability: Levitate\n|-immune|p1b: Corviknight\n|-supereffective|p1a: Sneasler|1\n|-enditem|p1a: Sneasler|Focus Sash\n|-damage|p1a: Sneasler|1/100\n|move|p1b: Corviknight|Tailwind|p1b: Corviknight\n|-sidestart|p1: gimwepaw|move: Tailwind\n|\n|-damage|p2a: Rotom|72/100 psn|[from] psn\n|upkeep\n|turn|2\n|inactive|gimwepaw has 30 seconds left.\n|inactive|Jackalope11 has 30 seconds left.\n|inactive|gimwepaw has 20 seconds left.\n|inactive|gimwepaw has 15 seconds left.\n|inactive|gimwepaw has 10 seconds left.\n|\n|t:|1776101450\n|move|p1b: Corviknight|Protect|p1b: Corviknight\n|-singleturn|p1b: Corviknight|Protect\n|move|p1a: Sneasler|Close Combat|p2a: Rotom\n|-damage|p2a: Rotom|0 fnt\n|-unboost|p1a: Sneasler|def|1\n|-unboost|p1a: Sneasler|spd|1\n|faint|p2a: Rotom\n|move|p2b: Garchomp|Rock Slide|p1a: Sneasler|[spread] p1a\n|-activate|p1b: Corviknight|move: Protect\n|-resisted|p1a: Sneasler|1\n|-damage|p1a: Sneasler|0 fnt\n|faint|p1a: Sneasler\n|\n|upkeep\n|\n|t:|1776101464\n|switch|p1a: Arcanine|Arcanine, L50, F|100/100\n|switch|p2a: Tyranitar|Tyranitar, L50, M|100/100\n|-ability|p1a: Arcanine|Intimidate|boost\n|-unboost|p2a: Tyranitar|atk|1\n|-unboost|p2b: Garchomp|atk|1\n|-weather|Sandstorm|[from] ability: Sand Stream|[of] p2a: Tyranitar\n|turn|3\n|\n|t:|1776101485\n|move|p2a: Tyranitar|Protect|p2a: Tyranitar\n|-singleturn|p2a: Tyranitar|Protect\n|move|p1a: Arcanine|Will-O-Wisp|p2b: Garchomp\n|-status|p2b: Garchomp|brn\n|move|p1b: Corviknight|Iron Head|p2a: Tyranitar\n|-activate|p2a: Tyranitar|move: Protect\n|move|p2b: Garchomp|Rock Slide|p1b: Corviknight|[spread] p1a,p1b\n|-supereffective|p1a: Arcanine|1\n|-damage|p1a: Arcanine|85/100\n|-damage|p1b: Corviknight|95/100\n|\n|-weather|Sandstorm|[upkeep]\n|-damage|p1a: Arcanine|79/100|[from] Sandstorm\n|-heal|p1b: Corviknight|100/100|[from] item: Leftovers\n|-damage|p2b: Garchomp|95/100 brn|[from] brn\n|upkeep\n|turn|4\n|\n|t:|1776101505\n|detailschange|p2a: Tyranitar|Tyranitar-Mega, L50, M\n|-mega|p2a: Tyranitar|Tyranitar|Tyranitarite\n|move|p1a: Arcanine|Will-O-Wisp|p2a: Tyranitar\n|-status|p2a: Tyranitar|brn\n|move|p1b: Corviknight|Iron Head|p2a: Tyranitar\n|-supereffective|p2a: Tyranitar|1\n|-damage|p2a: Tyranitar|64/100 brn\n|move|p2b: Garchomp|Rock Slide|p1a: Arcanine|[spread] p1a,p1b\n|-supereffective|p1a: Arcanine|1\n|-damage|p1a: Arcanine|63/100\n|-damage|p1b: Corviknight|95/100\n|cant|p2a: Tyranitar|flinch\n|\n|-weather|Sandstorm|[upkeep]\n|-damage|p1a: Arcanine|57/100|[from] Sandstorm\n|-heal|p1b: Corviknight|100/100|[from] item: Leftovers\n|-damage|p2b: Garchomp|89/100 brn|[from] brn\n|-damage|p2a: Tyranitar|58/100 brn|[from] brn\n|-sideend|p1: gimwepaw|move: Tailwind\n|upkeep\n|turn|5\n|\n|t:|1776101525\n|switch|p1a: Venusaur|Venusaur, L50, F|100/100\n|move|p2b: Garchomp|Dragon Claw|p1b: Corviknight\n|-resisted|p1b: Corviknight|1\n|-damage|p1b: Corviknight|94/100\n|move|p1b: Corviknight|Tailwind|p1b: Corviknight\n|-sidestart|p1: gimwepaw|move: Tailwind\n|move|p2a: Tyranitar|Knock Off|p1a: Venusaur\n|-damage|p1a: Venusaur|84/100\n|\n|-weather|Sandstorm|[upkeep]\n|-damage|p1a: Venusaur|79/100|[from] Sandstorm\n|-heal|p1b: Corviknight|99/100|[from] item: Leftovers\n|-damage|p2b: Garchomp|83/100 brn|[from] brn\n|-damage|p2a: Tyranitar|52/100 brn|[from] brn\n|upkeep\n|turn|6\n|inactive|Jackalope11 has 30 seconds left.\n|inactive|Jackalope11 has 20 seconds left.\n|inactive|Jackalope11 has 15 seconds left.\n|\n|t:|1776101567\n|detailschange|p1a: Venusaur|Venusaur-Mega, L50, F\n|-mega|p1a: Venusaur|Venusaur|Venusaurite\n|move|p1a: Venusaur|Giga Drain|p2b: Garchomp\n|-damage|p2b: Garchomp|48/100 brn\n|-heal|p1a: Venusaur|98/100|[from] drain|[of] p2b: Garchomp\n|move|p1b: Corviknight|Iron Head|p2a: Tyranitar\n|-supereffective|p2a: Tyranitar|1\n|-damage|p2a: Tyranitar|14/100 brn\n|move|p2b: Garchomp|Rock Slide|p1b: Corviknight|[spread] p1a,p1b\n|-damage|p1a: Venusaur|92/100\n|-damage|p1b: Corviknight|94/100\n|move|p2a: Tyranitar|Knock Off|p1b: Corviknight\n|-damage|p1b: Corviknight|77/100\n|-enditem|p1b: Corviknight|Leftovers|[from] move: Knock Off|[of] p2a: Tyranitar\n|\n|-weather|Sandstorm|[upkeep]\n|-damage|p1a: Venusaur|86/100|[from] Sandstorm\n|-damage|p2b: Garchomp|42/100 brn|[from] brn\n|-damage|p2a: Tyranitar|8/100 brn|[from] brn\n|upkeep\n|turn|7\n|inactive|Jackalope11 has 30 seconds left.\n|\n|t:|1776101600\n|move|p1a: Venusaur|Giga Drain|p2b: Garchomp|[miss]\n|-miss|p1a: Venusaur|p2b: Garchomp\n|move|p1b: Corviknight|Iron Head|p2b: Garchomp\n|-damage|p2b: Garchomp|12/100 brn\n|move|p2b: Garchomp|Rock Slide|p1b: Corviknight|[spread] p1a,p1b\n|-damage|p1a: Venusaur|81/100\n|-damage|p1b: Corviknight|71/100\n|move|p2a: Tyranitar|Rock Slide|p1a: Venusaur|[spread] p1b\n|-miss|p2a: Tyranitar|p1a: Venusaur\n|-damage|p1b: Corviknight|60/100\n|\n|-weather|none\n|-damage|p2b: Garchomp|6/100 brn|[from] brn\n|-damage|p2a: Tyranitar|2/100 brn|[from] brn\n|upkeep\n|turn|8\n|\n|t:|1776101622\n|switch|p2b: Sinistcha|Sinistcha, L50|100/100\n|-heal|p2a: Tyranitar|27/100 brn|[from] ability: Hospitality|[of] p2b: Sinistcha\n|move|p1a: Venusaur|Giga Drain|p2b: Sinistcha\n|-resisted|p2b: Sinistcha|1\n|-damage|p2b: Sinistcha|84/100\n|-heal|p1a: Venusaur|89/100|[from] drain|[of] p2b: Sinistcha\n|move|p1b: Corviknight|Iron Head|p2a: Tyranitar\n|-supereffective|p2a: Tyranitar|1\n|-damage|p2a: Tyranitar|0 fnt\n|faint|p2a: Tyranitar\n|\n|-sideend|p1: gimwepaw|move: Tailwind\n|upkeep\n|\n|t:|1776101632\n|switch|p2a: Garchomp|Garchomp, L50, F|6/100 brn\n|turn|9\n|\n|t:|1776101639\n|move|p2a: Garchomp|Rock Slide|p1b: Corviknight|[spread] p1a,p1b\n|-damage|p1a: Venusaur|81/100\n|-damage|p1b: Corviknight|50/100\n|cant|p1a: Venusaur|flinch\n|move|p1b: Corviknight|Brave Bird|p2b: Sinistcha\n|-supereffective|p2b: Sinistcha|1\n|-damage|p2b: Sinistcha|0 fnt\n|faint|p2b: Sinistcha\n|-damage|p1b: Corviknight|26/100|[from] Recoil\n|\n|-damage|p2a: Garchomp|0 fnt|[from] brn\n|faint|p2a: Garchomp\n|\n|win|gimwepaw\n|l|\u2606Jackalope11\n|player|p2|\n",
  "uploadtime": 1776101676,
  "views": 12,
  "formatid": "gen9championsvgc2026regma",
  "rating": null,
  "private": 0,
  "password": null
}