{
  "id": "gen9championsvgc2026regma-2582911820",
  "format": "[Gen 9 Champions] VGC 2026 Reg M-A",
  "players": [
    "Kciree",
    "mattm.vgc"
  ],
  "log": "|j|\u2606Kciree\n|j|\u2606mattm.vgc\n|t:|1776124316\n|gametype|doubles\n|player|p1|Kciree|265|1000\n|player|p2|mattm.vgc|169|1000\n|gen|9\n|tier|[Gen 9 Champions] VGC 2026 Reg M-A\n|rated|\n|rule|Species Clause: Limit one of each Pok\u00e9mon\n|rule|Item Clause: Limit 1 of each item\n|clearpoke\n|poke|p1|Floette-Eternal, L50, F|\n|poke|p1|Incineroar, L50, F|\n|poke|p1|Sinistcha, L50|\n|poke|p1|Basculegion, L50, M|\n|poke|p1|Archaludon, L50, M|\n|poke|p1|Pelipper, L50, M|\n|poke|p2|Manectric, L50, M|\n|poke|p2|Archaludon, L50, F|\n|poke|p2|Floette-Eternal, L50, F|\n|poke|p2|Hippowdon, L50, M|\n|poke|p2|Excadrill, L50, M|\n|poke|p2|Whimsicott, L50, F|\n|teampreview|4\n|inactive|Battle timer is ON: inactive players will automatically lose when time's up. (requested by mattm.vgc)\n|\n|t:|1776124363\n|teamsize|p1|4\n|teamsize|p2|4\n|start\n|switch|p1a: Pelipper|Pelipper, L50, M|100/100\n|switch|p1b: Incineroar|Incineroar, L50, F|100/100\n|switch|p2a: Manectric|Manectric, L50, M|100/100\n|switch|p2b: Hippowdon|Hippowdon, L50, M|100/100\n|-weather|RainDance|[from] ability: Drizzle|[of] p1a: Pelipper\n|-ability|p1b: Incineroar|Intimidate|boost\n|-unboost|p2a: Manectric|atk|1\n|-unboost|p2b: Hippowdon|atk|1\n|-weather|Sandstorm|[from] ability: Sand Stream|[of] p2b: Hippowdon\n|turn|1\n|inactive|Kciree has 30 seconds left.\n|\n|t:|1776124397\n|move|p2a: Manectric|Protect|p2a: Manectric\n|-singleturn|p2a: Manectric|Protect\n|move|p1a: Pelipper|Protect|p1a: Pelipper\n|-singleturn|p1a: Pelipper|Protect\n|move|p2b: Hippowdon|Protect|p2b: Hippowdon\n|-singleturn|p2b: Hippowdon|Protect\n|move|p1b: Incineroar|Parting Shot|p2b: Hippowdon\n|-activate|p2b: Hippowdon|move: Protect\n|\n|-weather|Sandstorm|[upkeep]\n|-damage|p2a: Manectric|94/100|[from] Sandstorm\n|-damage|p1a: Pelipper|95/100|[from] Sandstorm\n|-damage|p1b: Incineroar|95/100|[from] Sandstorm\n|upkeep\n|turn|2\n|inactive|Kciree has 30 seconds left.\n|\n|t:|1776124432\n|switch|p1a: Archaludon|Archaludon, L50, M|100/100\n|detailschange|p2a: Manectric|Manectric-Mega, L50, M\n|-mega|p2a: Manectric|Manectric|Manectite\n|-ability|p2a: Manectric|Intimidate|boost\n|-unboost|p1a: Archaludon|atk|1\n|-unboost|p1b: Incineroar|atk|1\n|move|p2b: Hippowdon|Helping Hand|p2a: Manectric\n|-singleturn|p2a: Manectric|Helping Hand|[of] p2b: Hippowdon\n|move|p2a: Manectric|Discharge|p1b: Incineroar|[spread] p1a,p1b\n|-immune|p2b: Hippowdon\n|-resisted|p1a: Archaludon|1\n|-damage|p1a: Archaludon|75/100\n|-damage|p1b: Incineroar|51/100\n|-status|p1a: Archaludon|par\n|-status|p1b: Incineroar|par\n|-ability|p1a: Archaludon|Stamina|boost\n|-boost|p1a: Archaludon|def|1\n|cant|p1b: Incineroar|par\n|\n|-weather|Sandstorm|[upkeep]\n|-damage|p2a: Manectric|88/100|[from] Sandstorm\n|-damage|p1b: Incineroar|46/100 par|[from] Sandstorm\n|-enditem|p1b: Incineroar|Sitrus Berry|[eat]\n|-heal|p1b: Incineroar|70/100 par|[from] item: Sitrus Berry\n|upkeep\n|turn|3\n|c|\u2606mattm.vgc|my bad g\n|inactive|Kciree has 30 seconds left.\n|inactive|Kciree has 20 seconds left.\n|inactive|Kciree has 15 seconds left.\n|\n|t:|1776124472\n|move|p1a: Archaludon|Protect|p1a: Archaludon\n|-singleturn|p1a: Archaludon|Protect\n|move|p2a: Manectric|Discharge|p1b: Incineroar|[spread] p1b\n|-activate|p1a: Archaludon|move: Protect\n|-immune|p2b: Hippowdon\n|-damage|p1b: Incineroar|42/100 par\n|move|p2b: Hippowdon|Fissure|p1a: Archaludon\n|-activate|p1a: Archaludon|move: Protect\n|move|p1b: Incineroar|Flare Blitz|p2a: Manectric\n|-damage|p2a: Manectric|37/100\n|-damage|p1b: Incineroar|29/100 par|[from] Recoil\n|\n|-weather|Sandstorm|[upkeep]\n|-damage|p2a: Manectric|31/100|[from] Sandstorm\n|-damage|p1b: Incineroar|23/100 par|[from] Sandstorm\n|upkeep\n|turn|4\n|inactive|Kciree has 30 seconds left.\n|\n|t:|1776124504\n|move|p2a: Manectric|Discharge|p1b: Incineroar|[spread] p1a,p1b\n|-immune|p2b: Hippowdon\n|-resisted|p1a: Archaludon|1\n|-damage|p1a: Archaludon|56/100 par\n|-damage|p1b: Incineroar|0 fnt\n|-ability|p1a: Archaludon|Stamina|boost\n|-boost|p1a: Archaludon|def|1\n|faint|p1b: Incineroar\n|move|p2b: Hippowdon|Fissure|p1a: Archaludon\n|-damage|p1a: Archaludon|0 fnt\n|faint|p1a: Archaludon\n|-ohko\n|\n|-weather|Sandstorm|[upkeep]\n|-damage|p2a: Manectric|25/100|[from] Sandstorm\n|upkeep\n|c|\u2606mattm.vgc|my bad g\n|\n|t:|1776124522\n|switch|p1a: Pelipper|Pelipper, L50, M|95/100\n|switch|p1b: Basculegion|Basculegion, L50, M|100/100\n|-weather|RainDance|[from] ability: Drizzle|[of] p1a: Pelipper\n|turn|5\n|inactive|Kciree has 30 seconds left.\n|\n|t:|1776124551\n|switch|p2a: Archaludon|Archaludon, L50, F|100/100\n|switch|p2b: Whimsicott|Whimsicott, L50, F|100/100\n|move|p1b: Basculegion|Wave Crash|p2a: Archaludon\n|-resisted|p2a: Archaludon|1\n|-damage|p2a: Archaludon|56/100\n|-ability|p2a: Archaludon|Stamina|boost\n|-boost|p2a: Archaludon|def|1\n|-damage|p1b: Basculegion|86/100|[from] Recoil\n|move|p1a: Pelipper|Weather Ball|p2b: Whimsicott\n|-resisted|p2b: Whimsicott|1\n|-damage|p2b: Whimsicott|72/100\n|\n|-weather|RainDance|[upkeep]\n|upkeep\n|turn|6\n|inactive|Kciree has 30 seconds left.\n|inactive|mattm.vgc has 30 seconds left.\n|inactive|mattm.vgc has 20 seconds left.\n|\n|t:|1776124593\n|move|p2b: Whimsicott|Taunt|p1a: Pelipper\n|-start|p1a: Pelipper|move: Taunt\n|move|p1b: Basculegion|Wave Crash|p2a: Archaludon\n|-resisted|p2a: Archaludon|1\n|-damage|p2a: Archaludon|26/100\n|-ability|p2a: Archaludon|Stamina|boost\n|-boost|p2a: Archaludon|def|1\n|-damage|p1b: Basculegion|76/100|[from] Recoil\n|move|p1a: Pelipper|Weather Ball|p2a: Archaludon\n|-resisted|p2a: Archaludon|1\n|-damage|p2a: Archaludon|6/100\n|-ability|p2a: Archaludon|Stamina|boost\n|-boost|p2a: Archaludon|def|1\n|move|p2a: Archaludon|Dragon Pulse|p1b: Basculegion\n|-damage|p1b: Basculegion|33/100\n|\n|-weather|RainDance|[upkeep]\n|upkeep\n|turn|7\n|inactive|mattm.vgc has 30 seconds left.\n|\n|t:|1776124622\n|switch|p2b: Hippowdon|Hippowdon, L50, M|100/100\n|-weather|Sandstorm|[from] ability: Sand Stream|[of] p2b: Hippowdon\n|move|p1b: Basculegion|Wave Crash|p2a: Archaludon\n|-resisted|p2a: Archaludon|1\n|-damage|p2a: Archaludon|0 fnt\n|faint|p2a: Archaludon\n|-damage|p1b: Basculegion|31/100|[from] Recoil\n|move|p1a: Pelipper|Hurricane|p2b: Hippowdon|[miss]\n|-miss|p1a: Pelipper|p2b: Hippowdon\n|\n|-weather|Sandstorm|[upkeep]\n|-damage|p1b: Basculegion|25/100|[from] Sandstorm\n|-damage|p1a: Pelipper|89/100|[from] Sandstorm\n|upkeep\n|\n|t:|1776124632\n|switch|p2a: Manectric|Manectric-Mega, L50, M|25/100\n|-ability|p2a: Manectric|Intimidate|boost\n|-unboost|p1a: Pelipper|atk|1\n|-unboost|p1b: Basculegion|atk|1\n|turn|8\n|\n|t:|1776124655\n|move|p2b: Hippowdon|Helping Hand|p2a: Manectric\n|-singleturn|p2a: Manectric|Helping Hand|[of] p2b: Hippowdon\n|move|p2a: Manectric|Discharge|p1a: Pelipper|[spread] p1a,p1b\n|-immune|p2b: Hippowdon\n|-supereffective|p1a: Pelipper|2\n|-supereffective|p1b: Basculegion|1\n|-damage|p1a: Pelipper|0 fnt\n|-damage|p1b: Basculegion|0 fnt\n|faint|p1a: Pelipper\n|faint|p1b: Basculegion\n|\n|win|mattm.vgc\n|raw|Kciree's rating: 1000 &rarr; <strong>1000</strong><br />(+0 for losing)\n|raw|mattm.vgc's rating: 1000 &rarr; <strong>1040</strong><br />(+40 for winning)\n",
  "uploadtime": 1776124663,
  "views": 17,
  "formatid": "gen9championsvgc2026regma",
  "rating": 1000,
  "private": 0,
  "password": null
}