{
  "id": "gen9championsvgc2026regma-2587326626",
  "format": "[Gen 9 Champions] VGC 2026 Reg M-A",
  "players": [
    "ItzXeroo",
    "hide on whimscott"
  ],
  "log": "|j|\u2606ItzXeroo\n|j|\u2606hide on whimscott\n|t:|1776522284\n|gametype|doubles\n|player|p1|ItzXeroo|n|1353\n|player|p2|hide on whimscott|artist-gen4|1456\n|gen|9\n|tier|[Gen 9 Champions] VGC 2026 Reg M-A\n|rated|\n|rule|Species Clause: Limit one of each Pok\u00e9mon\n|rule|Item Clause: Limit 1 of each item\n|clearpoke\n|poke|p1|Aegislash, L50, M, shiny|\n|poke|p1|Rotom-Wash, L50, shiny|\n|poke|p1|Floette-Eternal, L50, F|\n|poke|p1|Garchomp, L50, M|\n|poke|p1|Incineroar, L50, F|\n|poke|p1|Talonflame, L50, F|\n|poke|p2|Venusaur, L50, M|\n|poke|p2|Sneasler, L50, F|\n|poke|p2|Kingambit, L50, M|\n|poke|p2|Incineroar, L50, F|\n|poke|p2|Basculegion, L50, M|\n|poke|p2|Rotom-Wash, L50|\n|teampreview|4\n|\n|t:|1776522358\n|teamsize|p1|4\n|teamsize|p2|4\n|start\n|switch|p1a: Talonflame|Talonflame, L50, F|100/100\n|switch|p1b: Garchomp|Garchomp, L50, M|100/100\n|switch|p2a: Incineroar|Incineroar, L50, F|100/100\n|switch|p2b: Venusaur|Venusaur, L50, M|100/100\n|-ability|p2a: Incineroar|Intimidate|boost\n|-unboost|p1a: Talonflame|atk|1\n|-unboost|p1b: Garchomp|atk|1\n|-enditem|p1b: Garchomp|White Herb\n|-clearnegativeboost|p1b: Garchomp|[silent]\n|turn|1\n|\n|t:|1776522379\n|detailschange|p2b: Venusaur|Venusaur-Mega, L50, M\n|-mega|p2b: Venusaur|Venusaur|Venusaurite\n|move|p1a: Talonflame|Protect|p1a: Talonflame\n|-singleturn|p1a: Talonflame|Protect\n|move|p1b: Garchomp|Protect|p1b: Garchomp\n|-singleturn|p1b: Garchomp|Protect\n|move|p2a: Incineroar|Fake Out|p1a: Talonflame\n|-activate|p1a: Talonflame|move: Protect\n|move|p2b: Venusaur|Leech Seed|p1b: Garchomp\n|-activate|p1b: Garchomp|move: Protect\n|\n|upkeep\n|turn|2\n|\n|t:|1776522393\n|switch|p2a: Basculegion|Basculegion, L50, M|100/100\n|move|p2b: Venusaur|Protect|p2b: Venusaur\n|-singleturn|p2b: Venusaur|Protect\n|move|p1a: Talonflame|Acrobatics|p2b: Venusaur\n|-activate|p2b: Venusaur|move: Protect\n|move|p1b: Garchomp|Earthquake|p2a: Basculegion|[spread] p2a\n|-activate|p2b: Venusaur|move: Protect\n|-immune|p1a: Talonflame\n|-damage|p2a: Basculegion|45/100\n|\n|upkeep\n|turn|3\n|\n|t:|1776522425\n|switch|p2a: Incineroar|Incineroar, L50, F|100/100\n|-ability|p2a: Incineroar|Intimidate|boost\n|-unboost|p1a: Talonflame|atk|1\n|-unboost|p1b: Garchomp|atk|1\n|move|p1a: Talonflame|Tailwind|p1a: Talonflame\n|-sidestart|p1: ItzXeroo|move: Tailwind\n|move|p1b: Garchomp|Earthquake|p2a: Incineroar|[spread] p2a,p2b\n|-immune|p1a: Talonflame\n|-supereffective|p2a: Incineroar|1\n|-damage|p2a: Incineroar|58/100\n|-damage|p2b: Venusaur|80/100\n|move|p2b: Venusaur|Leech Seed|p1b: Garchomp\n|-start|p1b: Garchomp|move: Leech Seed\n|\n|-damage|p1b: Garchomp|88/100|[from] Leech Seed|[of] p2b: Venusaur\n|-heal|p2b: Venusaur|92/100|[silent]\n|upkeep\n|turn|4\n|\n|t:|1776522466\n|switch|p1b: Floette|Floette-Eternal, L50, F|100/100\n|move|p1a: Talonflame|Acrobatics|p2b: Venusaur\n|-supereffective|p2b: Venusaur|1\n|-damage|p2b: Venusaur|63/100\n|move|p2b: Venusaur|Sludge Bomb|p1b: Floette\n|-supereffective|p1b: Floette|1\n|-damage|p1b: Floette|42/100\n|-status|p1b: Floette|psn\n|move|p2a: Incineroar|Parting Shot|p1a: Talonflame\n|-unboost|p1a: Talonflame|atk|1\n|-unboost|p1a: Talonflame|spa|1\n|\n|t:|1776522479\n|switch|p2a: Kingambit|Kingambit, L50, M|100/100|[from] Parting Shot\n|\n|-damage|p1b: Floette|30/100 psn|[from] psn\n|upkeep\n|turn|5\n|\n|t:|1776522494\n|move|p1b: Floette|Protect|p1b: Floette\n|-singleturn|p1b: Floette|Protect\n|move|p1a: Talonflame|Flare Blitz|p2a: Kingambit\n|-supereffective|p2a: Kingambit|1\n|-damage|p2a: Kingambit|73/100\n|-damage|p1a: Talonflame|89/100|[from] Recoil\n|move|p2b: Venusaur|Leech Seed|p1b: Floette\n|-activate|p1b: Floette|move: Protect\n|move|p2a: Kingambit|Kowtow Cleave|p1a: Talonflame\n|-damage|p1a: Talonflame|22/100\n|\n|-damage|p1b: Floette|18/100 psn|[from] psn\n|upkeep\n|turn|6\n|\n|t:|1776522525\n|move|p1b: Floette|Protect|p1b: Floette\n|-singleturn|p1b: Floette|Protect\n|move|p2a: Kingambit|Sucker Punch||[still]\n|-fail|p2a: Kingambit\n|move|p1a: Talonflame|Flare Blitz|p2a: Kingambit\n|-supereffective|p2a: Kingambit|1\n|-damage|p2a: Kingambit|47/100\n|-damage|p1a: Talonflame|10/100|[from] Recoil\n|move|p2b: Venusaur|Sludge Bomb|p1b: Floette\n|-activate|p1b: Floette|move: Protect\n|\n|-damage|p1b: Floette|6/100 psn|[from] psn\n|-sideend|p1: ItzXeroo|move: Tailwind\n|upkeep\n|turn|7\n|\n|t:|1776522542\n|detailschange|p1b: Floette|Floette-Mega, L50, F\n|-mega|p1b: Floette|Floette|Floettite\n|-ability|p1b: Floette|Fairy Aura\n|move|p2a: Kingambit|Sucker Punch|p1b: Floette\n|-resisted|p1b: Floette|1\n|-damage|p1b: Floette|0 fnt\n|faint|p1b: Floette\n|move|p1a: Talonflame|Flare Blitz|p2a: Kingambit\n|-supereffective|p2a: Kingambit|1\n|-damage|p2a: Kingambit|18/100\n|-damage|p1a: Talonflame|0 fnt|[from] Recoil\n|faint|p1a: Talonflame\n|move|p2b: Venusaur|Leech Seed|p1: Talonflame|[notarget]\n|-fail|p2b: Venusaur\n|\n|upkeep\n|\n|t:|1776522549\n|switch|p1a: Garchomp|Garchomp, L50, M|88/100\n|switch|p1b: Rotom|Rotom-Wash, L50, shiny|100/100\n|turn|8\n|\n|t:|1776522576\n|move|p2b: Venusaur|Protect|p2b: Venusaur\n|-singleturn|p2b: Venusaur|Protect\n|move|p2a: Kingambit|Sucker Punch|p1a: Garchomp\n|-damage|p1a: Garchomp|52/100\n|-damage|p2a: Kingambit|6/100|[from] ability: Rough Skin|[of] p1a: Garchomp\n|move|p1a: Garchomp|Earthquake|p2a: Kingambit|[spread] p2a\n|-activate|p2b: Venusaur|move: Protect\n|-immune|p1b: Rotom|[from] ability: Levitate\n|-supereffective|p2a: Kingambit|1\n|-damage|p2a: Kingambit|0 fnt\n|faint|p2a: Kingambit\n|move|p1b: Rotom|Thunderbolt|p2b: Venusaur\n|-activate|p2b: Venusaur|move: Protect\n|\n|upkeep\n|\n|t:|1776522594\n|switch|p2a: Incineroar|Incineroar, L50, F|58/100\n|-ability|p2a: Incineroar|Intimidate|boost\n|-unboost|p1a: Garchomp|atk|1\n|-unboost|p1b: Rotom|atk|1\n|turn|9\n|-message|ItzXeroo forfeited.\n|\n|win|hide on whimscott\n|raw|ItzXeroo's rating: 1353 &rarr; <strong>1339</strong><br />(-14 for losing)\n|raw|hide on whimscott's rating: 1456 &rarr; <strong>1470</strong><br />(+14 for winning)\n",
  "uploadtime": 1776522602,
  "views": 27,
  "formatid": "gen9championsvgc2026regma",
  "rating": 1339,
  "private": 0,
  "password": null
}