{
  "id": "gen9championsvgc2026regma-2587274144",
  "format": "[Gen 9 Champions] VGC 2026 Reg M-A",
  "players": [
    "Kingtu",
    "NathanaelW19"
  ],
  "log": "|j|\u2606Kingtu\n|j|\u2606NathanaelW19\n|t:|1776517145\n|gametype|doubles\n|player|p1|Kingtu|1|1192\n|player|p2|NathanaelW19|dragontamer|1091\n|gen|9\n|tier|[Gen 9 Champions] VGC 2026 Reg M-A\n|rated|\n|rule|Species Clause: Limit one of each Pok\u00e9mon\n|rule|Item Clause: Limit 1 of each item\n|clearpoke\n|poke|p1|Serperior, L50, M, shiny|\n|poke|p1|Froslass, L50, F, shiny|\n|poke|p1|Empoleon, L50, M, shiny|\n|poke|p1|Sinistcha, L50, shiny|\n|poke|p1|Aerodactyl, L50, M, shiny|\n|poke|p1|Rotom-Frost, L50, shiny|\n|poke|p2|Glalie, L50, F, shiny|\n|poke|p2|Talonflame, L50, F|\n|poke|p2|Garchomp, L50, F, shiny|\n|poke|p2|Rotom-Heat, L50|\n|poke|p2|Farigiraf, L50, F, shiny|\n|poke|p2|Kingambit, L50, F|\n|teampreview|4\n|inactive|Battle timer is ON: inactive players will automatically lose when time's up. (requested by NathanaelW19)\n|inactive|Kingtu has 60 seconds left.\n|\n|t:|1776517182\n|teamsize|p1|4\n|teamsize|p2|4\n|start\n|switch|p1a: Aerodactyl|Aerodactyl, L50, M, shiny|100/100\n|switch|p1b: Froslass|Froslass, L50, F, shiny|100/100\n|switch|p2a: Glalie|Glalie, L50, F, shiny|100/100\n|switch|p2b: Talonflame|Talonflame, L50, F|100/100\n|-ability|p1a: Aerodactyl|Unnerve\n|turn|1\n|\n|t:|1776517195\n|detailschange|p1b: Froslass|Froslass-Mega, L50, F, shiny\n|-mega|p1b: Froslass|Froslass|Froslassite\n|-weather|Snowscape|[from] ability: Snow Warning|[of] p1b: Froslass\n|detailschange|p2a: Glalie|Glalie-Mega, L50, F, shiny\n|-mega|p2a: Glalie|Glalie|Glalitite\n|move|p2b: Talonflame|Tailwind|p2b: Talonflame\n|-sidestart|p2: NathanaelW19|move: Tailwind\n|move|p2a: Glalie|Explosion|p1a: Aerodactyl|[spread] p2b,p1a,p1b\n|-supereffective|p1a: Aerodactyl|1\n|-resisted|p1b: Froslass|1\n|-enditem|p2b: Talonflame|Focus Sash\n|-damage|p2b: Talonflame|1/100\n|-enditem|p1a: Aerodactyl|Focus Sash\n|-damage|p1a: Aerodactyl|1/100\n|-damage|p1b: Froslass|35/100\n|faint|p2a: Glalie\n|move|p1a: Aerodactyl|Rock Slide|p2b: Talonflame\n|-supereffective|p2b: Talonflame|2\n|-damage|p2b: Talonflame|0 fnt\n|faint|p2b: Talonflame\n|move|p1b: Froslass|Blizzard|p2: Glalie|[notarget]\n|-fail|p1b: Froslass\n|\n|-weather|Snowscape|[upkeep]\n|upkeep\n|\n|t:|1776517206\n|switch|p2b: Rotom|Rotom-Heat, L50|100/100\n|switch|p2a: Kingambit|Kingambit, L50, F|100/100\n|turn|2\n|\n|t:|1776517227\n|move|p2b: Rotom|Thunderbolt|p1a: Aerodactyl\n|-supereffective|p1a: Aerodactyl|1\n|-damage|p1a: Aerodactyl|0 fnt\n|faint|p1a: Aerodactyl\n|move|p1b: Froslass|Destiny Bond|p1b: Froslass\n|-singlemove|p1b: Froslass|Destiny Bond\n|move|p2a: Kingambit|Kowtow Cleave|p1b: Froslass\n|-supereffective|p1b: Froslass|1\n|-damage|p1b: Froslass|0 fnt\n|faint|p1b: Froslass\n|-activate|p1b: Froslass|move: Destiny Bond\n|faint|p2a: Kingambit\n|\n|-weather|Snowscape|[upkeep]\n|upkeep\n|\n|t:|1776517236\n|switch|p1a: Serperior|Serperior, L50, M, shiny|100/100\n|switch|p1b: Rotom|Rotom-Frost, L50, shiny|100/100\n|turn|3\n|\n|t:|1776517247\n|move|p2b: Rotom|Overheat|p1a: Serperior\n|-supereffective|p1a: Serperior|1\n|-damage|p1a: Serperior|0 fnt\n|-unboost|p2b: Rotom|spa|2\n|faint|p1a: Serperior\n|move|p1b: Rotom|Blizzard|p2b: Rotom\n|-resisted|p2b: Rotom|1\n|-damage|p2b: Rotom|67/100\n|\n|-weather|Snowscape|[upkeep]\n|upkeep\n|turn|4\n|\n|t:|1776517256\n|move|p2b: Rotom|Overheat|p1b: Rotom\n|-supereffective|p1b: Rotom|1\n|-damage|p1b: Rotom|15/100\n|-unboost|p2b: Rotom|spa|2\n|move|p1b: Rotom|Blizzard|p2b: Rotom\n|-resisted|p2b: Rotom|1\n|-damage|p2b: Rotom|36/100\n|\n|-weather|Snowscape|[upkeep]\n|-sideend|p2: NathanaelW19|move: Tailwind\n|upkeep\n|turn|5\n|\n|t:|1776517267\n|move|p1b: Rotom|Blizzard|p2b: Rotom\n|-resisted|p2b: Rotom|1\n|-damage|p2b: Rotom|3/100\n|move|p2b: Rotom|Overheat|p1b: Rotom\n|-supereffective|p1b: Rotom|1\n|-damage|p1b: Rotom|0 fnt\n|-unboost|p2b: Rotom|spa|2\n|faint|p1b: Rotom\n|\n|win|NathanaelW19\n|raw|Kingtu's rating: 1174 &rarr; <strong>1143</strong><br />(-31 for losing)\n|raw|NathanaelW19's rating: 1091 &rarr; <strong>1124</strong><br />(+33 for winning)\n|l|\u2606Kingtu\n|player|p1|\n",
  "uploadtime": 1776517274,
  "views": 18,
  "formatid": "gen9championsvgc2026regma",
  "rating": 1124,
  "private": 0,
  "password": null
}