{
  "id": "gen9championsvgc2026regma-2582633239",
  "format": "[Gen 9 Champions] VGC 2026 Reg M-A",
  "players": [
    "Jaywal",
    "OneRandomMawile"
  ],
  "log": "|j|\u2606Jaywal\n|j|\u2606OneRandomMawile\n|t:|1776103902\n|gametype|doubles\n|player|p1|Jaywal|plasmagrunt|\n|player|p2|OneRandomMawile|miku-water|\n|gen|9\n|tier|[Gen 9 Champions] VGC 2026 Reg M-A\n|rule|Species Clause: Limit one of each Pok\u00e9mon\n|rule|Item Clause: Limit 1 of each item\n|clearpoke\n|poke|p1|Liepard, L50, M|\n|poke|p1|Zoroark-Hisui, L50, M|\n|poke|p1|Sylveon, L50, M|\n|poke|p1|Meowscarada, L50, M|\n|poke|p1|Lucario, L50, F|\n|poke|p1|Rotom-Wash, L50|\n|poke|p2|Garchomp, L50, F|\n|poke|p2|Tyranitar, L50, M|\n|poke|p2|Skarmory, L50, F|\n|poke|p2|Farigiraf, L50, M|\n|poke|p2|Incineroar, L50, F|\n|poke|p2|Rotom-Wash, L50|\n|teampreview|4\n|\n|t:|1776104019\n|teamsize|p1|4\n|teamsize|p2|4\n|start\n|switch|p1a: Pilfur|Liepard, L50, M|100/100\n|switch|p1b: Steele|Lucario, L50, F|100/100\n|switch|p2a: Big Man Tar|Tyranitar, L50, M|100/100\n|switch|p2b: Survivor|Incineroar, L50, F|100/100\n|-weather|Sandstorm|[from] ability: Sand Stream|[of] p2a: Big Man Tar\n|-ability|p2b: Survivor|Intimidate|boost\n|-unboost|p1a: Pilfur|atk|1\n|-unboost|p1b: Steele|atk|1\n|turn|1\n|\n|t:|1776104053\n|detailschange|p1b: Steele|Lucario-Mega, L50, F\n|-mega|p1b: Steele|Lucario|Lucarionite\n|move|p1a: Pilfur|Fake Out|p2b: Survivor\n|-damage|p2b: Survivor|95/100\n|cant|p2b: Survivor|flinch\n|move|p2a: Big Man Tar|High Horsepower|p1b: Steele\n|-supereffective|p1b: Steele|1\n|-damage|p1b: Steele|15/100\n|move|p1b: Steele|Aura Sphere|p2a: Big Man Tar\n|-supereffective|p2a: Big Man Tar|2\n|-damage|p2a: Big Man Tar|0 fnt\n|faint|p2a: Big Man Tar\n|\n|-weather|Sandstorm|[upkeep]\n|-damage|p1a: Pilfur|95/100|[from] Sandstorm\n|-damage|p2b: Survivor|89/100|[from] Sandstorm\n|-heal|p2b: Survivor|95/100|[from] item: Leftovers\n|upkeep\n|\n|t:|1776104066\n|switch|p2a: DAMN!!!|Skarmory, L50, F, shiny|100/100\n|turn|2\n|\n|t:|1776104124\n|detailschange|p2a: DAMN!!!|Skarmory-Mega, L50, F, shiny\n|-mega|p2a: DAMN!!!|Skarmory|Skarmorite\n|move|p2b: Survivor|Protect|p2b: Survivor\n|-singleturn|p2b: Survivor|Protect\n|move|p1a: Pilfur|Copycat||[still]\n|-fail|p1a: Pilfur\n|move|p1b: Steele|Aura Sphere|p2a: DAMN!!!\n|-damage|p2a: DAMN!!!|31/100\n|move|p2a: DAMN!!!|Tailwind|p2a: DAMN!!!\n|-sidestart|p2: OneRandomMawile|move: Tailwind\n|\n|-weather|Sandstorm|[upkeep]\n|-damage|p1a: Pilfur|89/100|[from] Sandstorm\n|-damage|p2b: Survivor|89/100|[from] Sandstorm\n|-heal|p2b: Survivor|95/100|[from] item: Leftovers\n|upkeep\n|turn|3\n|\n|t:|1776104159\n|switch|p1b: Dyson|Rotom-Wash, L50|100/100\n|move|p2a: DAMN!!!|Protect|p2a: DAMN!!!\n|-singleturn|p2a: DAMN!!!|Protect\n|move|p1a: Pilfur|Copycat||[still]\n|-fail|p1a: Pilfur\n|move|p2b: Survivor|Flare Blitz|p1b: Dyson\n|-resisted|p1b: Dyson|1\n|-damage|p1b: Dyson|77/100\n|-damage|p2b: Survivor|89/100|[from] Recoil\n|\n|-weather|Sandstorm|[upkeep]\n|-damage|p1a: Pilfur|83/100|[from] Sandstorm\n|-damage|p2b: Survivor|83/100|[from] Sandstorm\n|-damage|p1b: Dyson|71/100|[from] Sandstorm\n|-heal|p2b: Survivor|89/100|[from] item: Leftovers\n|-heal|p1b: Dyson|77/100|[from] item: Leftovers\n|upkeep\n|turn|4\n|\n|t:|1776104182\n|switch|p2a: Magnifier|Rotom-Wash, L50|100/100\n|move|p1a: Pilfur|Copycat|p1a: Pilfur\n|move|p1a: Pilfur|Flare Blitz|p2a: Magnifier|[from] move: Copycat\n|-resisted|p2a: Magnifier|1\n|-damage|p2a: Magnifier|91/100\n|-status|p2a: Magnifier|brn\n|-damage|p1a: Pilfur|80/100|[from] Recoil\n|move|p2b: Survivor|Parting Shot|p1b: Dyson\n|-unboost|p1b: Dyson|atk|1\n|-unboost|p1b: Dyson|spa|1\n|\n|t:|1776104193\n|switch|p2b: DAMN!!!|Skarmory-Mega, L50, F, shiny|31/100|[from] Parting Shot\n|move|p1b: Dyson|Hydro Pump|p2b: DAMN!!!\n|-damage|p2b: DAMN!!!|0 fnt\n|faint|p2b: DAMN!!!\n|\n|-weather|Sandstorm|[upkeep]\n|-damage|p2a: Magnifier|85/100 brn|[from] Sandstorm\n|-damage|p1a: Pilfur|74/100|[from] Sandstorm\n|-damage|p1b: Dyson|71/100|[from] Sandstorm\n|-heal|p1b: Dyson|77/100|[from] item: Leftovers\n|-damage|p2a: Magnifier|79/100 brn|[from] brn\n|upkeep\n|\n|t:|1776104198\n|switch|p2b: Survivor|Incineroar, L50, F|89/100\n|-ability|p2b: Survivor|Intimidate|boost\n|-unboost|p1a: Pilfur|atk|1\n|-unboost|p1b: Dyson|atk|1\n|turn|5\n|\n|t:|1776104268\n|move|p2b: Survivor|Fake Out|p1b: Dyson\n|-damage|p1b: Dyson|65/100\n|move|p1a: Pilfur|Taunt|p2a: Magnifier\n|-start|p2a: Magnifier|move: Taunt\n|move|p2a: Magnifier|Thunderbolt|p1b: Dyson\n|-damage|p1b: Dyson|23/100\n|cant|p1b: Dyson|flinch\n|\n|-weather|none\n|-heal|p2b: Survivor|95/100|[from] item: Leftovers\n|-heal|p1b: Dyson|29/100|[from] item: Leftovers\n|-damage|p2a: Magnifier|74/100 brn|[from] brn\n|-sideend|p2: OneRandomMawile|move: Tailwind\n|upkeep\n|turn|6\n|\n|t:|1776104303\n|switch|p1a: Infih|Sylveon, L50, M|100/100\n|move|p2a: Magnifier|Thunderbolt|p1b: Dyson\n|-damage|p1b: Dyson|0 fnt\n|faint|p1b: Dyson\n|move|p2b: Survivor|Flare Blitz|p1a: Infih\n|-damage|p1a: Infih|33/100\n|-enditem|p1a: Infih|Sitrus Berry|[eat]\n|-heal|p1a: Infih|58/100|[from] item: Sitrus Berry\n|-damage|p2b: Survivor|73/100|[from] Recoil\n|\n|-heal|p2b: Survivor|79/100|[from] item: Leftovers\n|-damage|p2a: Magnifier|68/100 brn|[from] brn\n|upkeep\n|\n|t:|1776104317\n|switch|p1b: Pilfur|Liepard, L50, M|74/100\n|turn|7\n|\n|t:|1776104342\n|move|p1b: Pilfur|Fake Out|p2b: Survivor\n|-crit|p2b: Survivor\n|-damage|p2b: Survivor|67/100\n|move|p2a: Magnifier|Thunderbolt|p1a: Infih\n|-damage|p1a: Infih|29/100\n|move|p1a: Infih|Hyper Voice|p2b: Survivor|[spread] p2a,p2b\n|-crit|p2b: Survivor\n|-damage|p2a: Magnifier|29/100 brn\n|-damage|p2b: Survivor|22/100\n|-enditem|p2a: Magnifier|Sitrus Berry|[eat]\n|-heal|p2a: Magnifier|54/100 brn|[from] item: Sitrus Berry\n|cant|p2b: Survivor|flinch\n|\n|-heal|p2b: Survivor|28/100|[from] item: Leftovers\n|-damage|p2a: Magnifier|48/100 brn|[from] brn\n|-end|p2a: Magnifier|move: Taunt\n|upkeep\n|turn|8\n|\n|t:|1776104401\n|move|p1a: Infih|Protect|p1a: Infih\n|-singleturn|p1a: Infih|Protect\n|move|p2b: Survivor|Protect|p2b: Survivor\n|-singleturn|p2b: Survivor|Protect\n|move|p1b: Pilfur|Knock Off|p2a: Magnifier\n|-damage|p2a: Magnifier|27/100 brn\n|move|p2a: Magnifier|Thunderbolt|p1a: Infih\n|-activate|p1a: Infih|move: Protect\n|\n|-heal|p2b: Survivor|34/100|[from] item: Leftovers\n|-damage|p2a: Magnifier|22/100 brn|[from] brn\n|upkeep\n|turn|9\n|\n|t:|1776104464\n|move|p1b: Pilfur|Taunt|p2b: Survivor\n|-hint|Since gen 7, Dark is immune to Prankster moves.\n|-immune|p2b: Survivor\n|move|p2a: Magnifier|Thunderbolt|p1a: Infih\n|-damage|p1a: Infih|1/100\n|move|p1a: Infih|Hyper Voice|p2b: Survivor|[spread] p2a,p2b\n|-damage|p2a: Magnifier|0 fnt\n|-damage|p2b: Survivor|0 fnt\n|faint|p2a: Magnifier\n|faint|p2b: Survivor\n|\n|win|Jaywal\n|l|\u2606OneRandomMawile\n|player|p2|\n|l|\u2606Jaywal\n|player|p1|\n|j|\u2606Jaywal\n|player|p1|Jaywal|plasmagrunt|\n",
  "uploadtime": 1776104574,
  "views": 19,
  "formatid": "gen9championsvgc2026regma",
  "rating": null,
  "private": 0,
  "password": null
}