{
  "id": "gen9championsvgc2026regma-2581787236",
  "format": "[Gen 9 Champions] VGC 2026 Reg M-A",
  "players": [
    "iAmGross",
    "hunterdrago"
  ],
  "log": "|j|\u2606iAmGross\n|j|\u2606hunterdrago\n|html|<table width=\"100%\"><tr><td align=\"left\">iAmGross</td><td align=\"right\">hunterdrago</tr><tr><td align=\"left\"><i class=\"fa fa-circle\"></i> <i class=\"fa fa-circle-o\"></i> </td><td align=\"right\"><i class=\"fa fa-circle-o\"></i> <i class=\"fa fa-circle-o\"></i> </tr></table>\n|uhtml|bestof|<h2><strong>Game 2</strong> of <a href=\"/game-bestof3-gen9championsvgc2026regma-2581782867\">a best-of-3</a></h2>\n|t:|1776028377\n|gametype|doubles\n|player|p1|iAmGross|101|\n|player|p2|hunterdrago|rosa|\n|gen|9\n|tier|[Gen 9 Champions] VGC 2026 Reg M-A\n|rule|Species Clause: Limit one of each Pok\u00e9mon\n|rule|Item Clause: Limit 1 of each item\n|raw|<div class=\"infobox\"><details class=\"readmore\" open><summary><strong>1 custom rule:</strong></summary> Best of = 3</details></div>\n|clearpoke\n|poke|p1|Tyranitar, L50, F|\n|poke|p1|Clefable, L50, M|\n|poke|p1|Excadrill, L50, F|\n|poke|p1|Wyrdeer, L50, M|\n|poke|p1|Rotom-Heat, L50|\n|poke|p1|Gyarados, L50, F|\n|poke|p2|Lopunny, L50, M|\n|poke|p2|Whimsicott, L50, M|\n|poke|p2|Torkoal, L50, F|\n|poke|p2|Typhlosion-Hisui, L50, M|\n|poke|p2|Oranguru, L50, M|\n|poke|p2|Tauros-Paldea-Aqua, L50, M|\n|teampreview|4\n|c|\u2606iAmGross|glhf\n|c|\u2606hunterdrago|yessir\n|\n|t:|1776028418\n|teamsize|p1|4\n|teamsize|p2|4\n|start\n|switch|p1a: Wyrdeer|Wyrdeer, L50, M|100/100\n|switch|p1b: Gyarados|Gyarados, L50, F|100/100\n|switch|p2a: Whimsicott|Whimsicott, L50, M|100/100\n|switch|p2b: Typhlosion|Typhlosion-Hisui, L50, M|100/100\n|-item|p1a: Wyrdeer|Mental Herb|[from] ability: Frisk|[of] p2b: Typhlosion\n|-item|p1b: Gyarados|Sitrus Berry|[from] ability: Frisk|[of] p2b: Typhlosion\n|-ability|p1b: Gyarados|Intimidate|boost\n|-unboost|p2a: Whimsicott|atk|1\n|-unboost|p2b: Typhlosion|atk|1\n|-ability|p1a: Wyrdeer|Intimidate|boost\n|-unboost|p2a: Whimsicott|atk|1\n|-unboost|p2b: Typhlosion|atk|1\n|turn|1\n|\n|t:|1776028447\n|switch|p1a: Tyranitar|Tyranitar, L50, F|100/100\n|-weather|Sandstorm|[from] ability: Sand Stream|[of] p1a: Tyranitar\n|move|p2a: Whimsicott|Sunny Day|p2a: Whimsicott\n|-weather|SunnyDay\n|move|p2b: Typhlosion|Eruption|p1b: Gyarados|[spread] p1a,p1b\n|-resisted|p1a: Tyranitar|1\n|-resisted|p1b: Gyarados|1\n|-damage|p1a: Tyranitar|58/100\n|-damage|p1b: Gyarados|61/100\n|move|p1b: Gyarados|Waterfall|p2b: Typhlosion\n|-supereffective|p2b: Typhlosion|1\n|-damage|p2b: Typhlosion|37/100\n|\n|-weather|SunnyDay|[upkeep]\n|upkeep\n|turn|2\n|\n|t:|1776028465\n|move|p1a: Tyranitar|Protect|p1a: Tyranitar\n|-singleturn|p1a: Tyranitar|Protect\n|move|p2a: Whimsicott|Tailwind|p2a: Whimsicott\n|-sidestart|p2: hunterdrago|move: Tailwind\n|move|p2b: Typhlosion|Eruption|p1a: Tyranitar|[spread] p1b\n|-activate|p1a: Tyranitar|move: Protect\n|-resisted|p1b: Gyarados|1\n|-damage|p1b: Gyarados|47/100\n|-enditem|p1b: Gyarados|Sitrus Berry|[eat]\n|-heal|p1b: Gyarados|71/100|[from] item: Sitrus Berry\n|move|p1b: Gyarados|Waterfall|p2b: Typhlosion\n|-supereffective|p2b: Typhlosion|1\n|-damage|p2b: Typhlosion|0 fnt\n|faint|p2b: Typhlosion\n|\n|-weather|SunnyDay|[upkeep]\n|upkeep\n|j| Nightfront\n|\n|t:|1776028483\n|switch|p2b: Torkoal|Torkoal, L50, F|100/100\n|turn|3\n|\n|t:|1776028505\n|switch|p1a: Wyrdeer|Wyrdeer, L50, M|100/100\n|-ability|p1a: Wyrdeer|Intimidate|boost\n|-unboost|p2a: Whimsicott|atk|1\n|-unboost|p2b: Torkoal|atk|1\n|move|p2a: Whimsicott|Moonblast|p1a: Wyrdeer\n|-damage|p1a: Wyrdeer|60/100\n|move|p2b: Torkoal|Eruption|p1a: Wyrdeer|[spread] p1a,p1b\n|-resisted|p1b: Gyarados|1\n|-damage|p1a: Wyrdeer|0 fnt\n|-damage|p1b: Gyarados|35/100\n|faint|p1a: Wyrdeer\n|move|p1b: Gyarados|Waterfall|p2b: Torkoal\n|-supereffective|p2b: Torkoal|1\n|-damage|p2b: Torkoal|67/100\n|\n|-weather|SunnyDay|[upkeep]\n|upkeep\n|\n|t:|1776028522\n|switch|p1a: Clefable|Clefable, L50, M|100/100\n|turn|4\n|\n|t:|1776028562\n|detailschange|p1a: Clefable|Clefable-Mega, L50, M\n|-mega|p1a: Clefable|Clefable|Clefablite\n|move|p2a: Whimsicott|Moonblast|p1b: Gyarados\n|-damage|p1b: Gyarados|0 fnt\n|faint|p1b: Gyarados\n|move|p1a: Clefable|Air Slash|p2a: Whimsicott\n|-supereffective|p2a: Whimsicott|1\n|-damage|p2a: Whimsicott|8/100\n|move|p2b: Torkoal|Weather Ball|p1a: Clefable\n|-damage|p1a: Clefable|41/100\n|\n|-weather|SunnyDay|[upkeep]\n|upkeep\n|\n|t:|1776028571\n|switch|p1b: Tyranitar|Tyranitar, L50, F|58/100\n|-weather|Sandstorm|[from] ability: Sand Stream|[of] p1b: Tyranitar\n|turn|5\n|\n|t:|1776028586\n|move|p1a: Clefable|Protect|p1a: Clefable\n|-singleturn|p1a: Clefable|Protect\n|move|p2a: Whimsicott|Sunny Day|p2a: Whimsicott\n|-weather|SunnyDay\n|move|p2b: Torkoal|Eruption|p1a: Clefable|[spread] p1b\n|-activate|p1a: Clefable|move: Protect\n|-resisted|p1b: Tyranitar|1\n|-damage|p1b: Tyranitar|35/100\n|move|p1b: Tyranitar|Rock Slide|p2a: Whimsicott|[spread] p2a,p2b\n|-supereffective|p2b: Torkoal|1\n|-damage|p2a: Whimsicott|0 fnt\n|-damage|p2b: Torkoal|11/100\n|faint|p2a: Whimsicott\n|\n|-weather|SunnyDay|[upkeep]\n|-sideend|p2: hunterdrago|move: Tailwind\n|upkeep\n|\n|t:|1776028592\n|switch|p2a: Lopunny|Lopunny, L50, M|100/100\n|turn|6\n|\n|t:|1776028628\n|detailschange|p2a: Lopunny|Lopunny-Mega, L50, M\n|-mega|p2a: Lopunny|Lopunny|Lopunnite\n|move|p1b: Tyranitar|Protect|p1b: Tyranitar\n|-singleturn|p1b: Tyranitar|Protect\n|move|p2a: Lopunny|Fake Out|p1b: Tyranitar\n|-activate|p1b: Tyranitar|move: Protect\n|move|p1a: Clefable|Air Slash|p2b: Torkoal\n|-damage|p2b: Torkoal|0 fnt\n|faint|p2b: Torkoal\n|\n|-weather|SunnyDay|[upkeep]\n|upkeep\n|turn|7\n|\n|t:|1776028643\n|move|p1a: Clefable|Follow Me|p1a: Clefable\n|-singleturn|p1a: Clefable|move: Follow Me\n|move|p2a: Lopunny|Play Rough|p1a: Clefable\n|-damage|p1a: Clefable|12/100\n|move|p1b: Tyranitar|Superpower|p2a: Lopunny\n|-supereffective|p2a: Lopunny|1\n|-damage|p2a: Lopunny|0 fnt\n|-unboost|p1b: Tyranitar|atk|1\n|-unboost|p1b: Tyranitar|def|1\n|faint|p2a: Lopunny\n|\n|win|iAmGross\n|c|\u2606hunterdrago|GGS\n|c|\u2606iAmGross|gg!\n|l|\u2606hunterdrago\n|player|p2|\n|l| Nightfront\n",
  "uploadtime": 1776028681,
  "views": 20,
  "formatid": "gen9championsvgc2026regma",
  "rating": null,
  "private": 0,
  "password": null
}