{
  "id": "gen9championsvgc2026regma-2585589268",
  "format": "[Gen 9 Champions] VGC 2026 Reg M-A",
  "players": [
    "Filipe sexo",
    "Snarkyshane"
  ],
  "log": "|j|\u2606Filipe sexo\n|j|\u2606Snarkyshane\n|t:|1776357398\n|gametype|doubles\n|player|p1|Filipe sexo|flannery|1244\n|player|p2|Snarkyshane|gambler|1298\n|gen|9\n|tier|[Gen 9 Champions] VGC 2026 Reg M-A\n|rated|\n|rule|Species Clause: Limit one of each Pok\u00e9mon\n|rule|Item Clause: Limit 1 of each item\n|clearpoke\n|poke|p1|Banette, L50, F|\n|poke|p1|Tyranitar, L50, M|\n|poke|p1|Milotic, L50, M|\n|poke|p1|Incineroar, L50, F|\n|poke|p1|Sinistcha, L50|\n|poke|p1|Clefable, L50, M|\n|poke|p2|Kommo-o, L50, F|\n|poke|p2|Incineroar, L50, F|\n|poke|p2|Rotom-Wash, L50|\n|poke|p2|Talonflame, L50, M|\n|poke|p2|Scizor, L50, F|\n|poke|p2|Maushold-Four, L50|\n|teampreview|4\n|inactive|Battle timer is ON: inactive players will automatically lose when time's up. (requested by Snarkyshane)\n|inactive|Filipe sexo has 60 seconds left.\n|inactive|Snarkyshane has 60 seconds left.\n|\n|t:|1776357441\n|teamsize|p1|4\n|teamsize|p2|4\n|start\n|switch|p1a: Banette|Banette, L50, F|100/100\n|switch|p1b: Incineroar|Incineroar, L50, F|100/100\n|switch|p2a: Kommo-o|Kommo-o, L50, F|100/100\n|switch|p2b: Rotom|Rotom-Wash, L50|100/100\n|-ability|p1b: Incineroar|Intimidate|boost\n|-unboost|p2a: Kommo-o|atk|1\n|-unboost|p2b: Rotom|atk|1\n|turn|1\n|\n|t:|1776357462\n|detailschange|p1a: Banette|Banette-Mega, L50, F\n|-mega|p1a: Banette|Banette|Banettite\n|move|p2a: Kommo-o|Clangorous Soul|p2a: Kommo-o\n|-boost|p2a: Kommo-o|atk|1\n|-boost|p2a: Kommo-o|def|1\n|-boost|p2a: Kommo-o|spa|1\n|-boost|p2a: Kommo-o|spd|1\n|-boost|p2a: Kommo-o|spe|1\n|-damage|p2a: Kommo-o|68/100\n|move|p2b: Rotom|Will-O-Wisp|p1a: Banette\n|-status|p1a: Banette|brn\n|move|p1b: Incineroar|Parting Shot|p2a: Kommo-o\n|-immune|p2a: Kommo-o|[from] ability: Soundproof\n|move|p1a: Banette|Trick Room|p1a: Banette\n|-fieldstart|move: Trick Room|[of] p1a: Banette\n|\n|-damage|p1a: Banette|95/100 brn|[from] brn\n|upkeep\n|turn|2\n|inactive|Filipe sexo has 30 seconds left.\n|inactive|Snarkyshane has 30 seconds left.\n|\n|t:|1776357494\n|switch|p2b: Incineroar|Incineroar, L50, F|100/100\n|-ability|p2b: Incineroar|Intimidate|boost\n|-unboost|p1a: Banette|atk|1\n|-unboost|p1b: Incineroar|atk|1\n|move|p1b: Incineroar|Protect|p1b: Incineroar\n|-singleturn|p1b: Incineroar|Protect\n|move|p1a: Banette|Will-O-Wisp|p2a: Kommo-o\n|-status|p2a: Kommo-o|brn\n|move|p2a: Kommo-o|Clanging Scales|p1b: Incineroar|[spread] p1a\n|-activate|p1b: Incineroar|move: Protect\n|-damage|p1a: Banette|27/100 brn\n|-unboost|p2a: Kommo-o|def|1\n|\n|-damage|p1a: Banette|22/100 brn|[from] brn\n|-damage|p2a: Kommo-o|62/100 brn|[from] brn\n|upkeep\n|turn|3\n|\n|t:|1776357516\n|move|p1b: Incineroar|Parting Shot|p2b: Incineroar\n|-unboost|p2b: Incineroar|atk|1\n|-unboost|p2b: Incineroar|spa|1\n|\n|t:|1776357521\n|switch|p1b: Milotic|Milotic, L50, M|100/100|[from] Parting Shot\n|move|p2b: Incineroar|Parting Shot|p1a: Banette\n|-unboost|p1a: Banette|atk|1\n|-unboost|p1a: Banette|spa|1\n|\n|t:|1776357529\n|switch|p2b: Rotom|Rotom-Wash, L50|100/100|[from] Parting Shot\n|move|p1a: Banette|Poltergeist|p2a: Kommo-o\n|-activate|p2a: Kommo-o|move: Poltergeist|Dragon Fang\n|-damage|p2a: Kommo-o|47/100 brn\n|move|p2a: Kommo-o|Aura Sphere|p1b: Milotic\n|-damage|p1b: Milotic|58/100\n|\n|-heal|p1b: Milotic|64/100|[from] item: Leftovers\n|-damage|p1a: Banette|16/100 brn|[from] brn\n|-damage|p2a: Kommo-o|41/100 brn|[from] brn\n|upkeep\n|turn|4\n|inactive|Snarkyshane has 30 seconds left.\n|\n|t:|1776357557\n|switch|p2b: Incineroar|Incineroar, L50, F|100/100\n|-ability|p2b: Incineroar|Intimidate|boost\n|-unboost|p1a: Banette|atk|1\n|-unboost|p1b: Milotic|atk|1\n|-ability|p1b: Milotic|Competitive|boost\n|-boost|p1b: Milotic|spa|2\n|move|p2a: Kommo-o|Protect|p2a: Kommo-o\n|-singleturn|p2a: Kommo-o|Protect\n|move|p1a: Banette|Poltergeist|p2b: Incineroar\n|-activate|p2b: Incineroar|move: Poltergeist|Chople Berry\n|-resisted|p2b: Incineroar|1\n|-damage|p2b: Incineroar|96/100\n|move|p1b: Milotic|Ice Beam|p2a: Kommo-o\n|-activate|p2a: Kommo-o|move: Protect\n|\n|-heal|p1b: Milotic|70/100|[from] item: Leftovers\n|-damage|p1a: Banette|10/100 brn|[from] brn\n|-damage|p2a: Kommo-o|35/100 brn|[from] brn\n|upkeep\n|turn|5\n|inactive|Filipe sexo has 30 seconds left.\n|\n|t:|1776357585\n|move|p2b: Incineroar|Fake Out|p1b: Milotic\n|-damage|p1b: Milotic|61/100\n|move|p1a: Banette|Poltergeist|p2a: Kommo-o\n|-activate|p2a: Kommo-o|move: Poltergeist|Dragon Fang\n|-damage|p2a: Kommo-o|24/100 brn\n|cant|p1b: Milotic|flinch\n|move|p2a: Kommo-o|Clanging Scales|p1a: Banette|[spread] p1a,p1b\n|-crit|p1b: Milotic\n|-damage|p1a: Banette|0 fnt\n|-damage|p1b: Milotic|0 fnt\n|faint|p1a: Banette\n|faint|p1b: Milotic\n|-unboost|p2a: Kommo-o|def|1\n|\n|-damage|p2a: Kommo-o|18/100 brn|[from] brn\n|-fieldend|move: Trick Room\n|upkeep\n|\n|t:|1776357600\n|switch|p1b: Incineroar|Incineroar, L50, F|100/100\n|switch|p1a: Tyranitar|Tyranitar, L50, M|100/100\n|-ability|p1b: Incineroar|Intimidate|boost\n|-unboost|p2a: Kommo-o|atk|1\n|-unboost|p2b: Incineroar|atk|1\n|-weather|Sandstorm|[from] ability: Sand Stream|[of] p1a: Tyranitar\n|turn|6\n|\n|t:|1776357611\n|switch|p2b: Rotom|Rotom-Wash, L50|100/100\n|move|p2a: Kommo-o|Protect|p2a: Kommo-o\n|-singleturn|p2a: Kommo-o|Protect\n|move|p1a: Tyranitar|Protect|p1a: Tyranitar\n|-singleturn|p1a: Tyranitar|Protect\n|move|p1b: Incineroar|Fake Out|p2b: Rotom\n|-damage|p2b: Rotom|91/100\n|\n|-weather|Sandstorm|[upkeep]\n|-damage|p2a: Kommo-o|12/100 brn|[from] Sandstorm\n|-damage|p2b: Rotom|85/100|[from] Sandstorm\n|-damage|p1b: Incineroar|95/100|[from] Sandstorm\n|-damage|p2a: Kommo-o|6/100 brn|[from] brn\n|upkeep\n|turn|7\n|\n|t:|1776357631\n|move|p2a: Kommo-o|Aura Sphere|p1a: Tyranitar\n|-supereffective|p1a: Tyranitar|2\n|-damage|p1a: Tyranitar|0 fnt\n|faint|p1a: Tyranitar\n|move|p2b: Rotom|Hydro Pump|p1b: Incineroar\n|-supereffective|p1b: Incineroar|1\n|-damage|p1b: Incineroar|35/100\n|-enditem|p1b: Incineroar|Sitrus Berry|[eat]\n|-heal|p1b: Incineroar|60/100|[from] item: Sitrus Berry\n|move|p1b: Incineroar|Parting Shot|p2b: Rotom\n|-unboost|p2b: Rotom|atk|1\n|-unboost|p2b: Rotom|spa|1\n|\n|-weather|Sandstorm|[upkeep]\n|-damage|p2a: Kommo-o|0 fnt|[from] Sandstorm\n|-damage|p2b: Rotom|79/100|[from] Sandstorm\n|-damage|p1b: Incineroar|54/100|[from] Sandstorm\n|faint|p2a: Kommo-o\n|upkeep\n|-message|Filipe sexo forfeited.\n|l|\u2606Filipe sexo\n|inactive|Filipe sexo disconnected and has a minute to reconnect!\n|player|p1|\n|\n|win|Snarkyshane\n|raw|Filipe sexo's rating: 1244 &rarr; <strong>1223</strong><br />(-21 for losing)\n|raw|Snarkyshane's rating: 1298 &rarr; <strong>1319</strong><br />(+21 for winning)\n",
  "uploadtime": 1776357649,
  "views": 32,
  "formatid": "gen9championsvgc2026regma",
  "rating": 1223,
  "private": 0,
  "password": null
}