{
  "id": "gen9championsvgc2026regma-2587654953",
  "format": "[Gen 9 Champions] VGC 2026 Reg M-A",
  "players": [
    "El Gingero",
    "KGMT"
  ],
  "log": "|j|\u2606El Gingero\n|j|\u2606KGMT\n|t:|1776550831\n|gametype|doubles\n|player|p1|El Gingero|gentleman-gen4|1017\n|player|p2|KGMT|265|1022\n|gen|9\n|tier|[Gen 9 Champions] VGC 2026 Reg M-A\n|rated|\n|rule|Species Clause: Limit one of each Pok\u00e9mon\n|rule|Item Clause: Limit 1 of each item\n|clearpoke\n|poke|p1|Charizard, L50, M|\n|poke|p1|Heliolisk, L50, F|\n|poke|p1|Golurk, L50, shiny|\n|poke|p1|Whimsicott, L50, M|\n|poke|p1|Empoleon, L50, M|\n|poke|p1|Farigiraf, L50, F|\n|poke|p2|Froslass, L50, F|\n|poke|p2|Incineroar, L50, F, shiny|\n|poke|p2|Orthworm, L50, F|\n|poke|p2|Garchomp, L50, M|\n|poke|p2|Rotom-Frost, L50, shiny|\n|poke|p2|Basculegion, L50, M, shiny|\n|teampreview|4\n|\n|t:|1776550864\n|teamsize|p1|4\n|teamsize|p2|4\n|start\n|switch|p1a: Empoleon|Empoleon, L50, M|100/100\n|switch|p1b: Whimsicott|Whimsicott, L50, M|100/100\n|switch|p2a: WolfyVGC|Incineroar, L50, F, shiny|100/100\n|switch|p2b: Fridge|Rotom-Frost, L50, shiny|100/100\n|-ability|p2a: WolfyVGC|Intimidate|boost\n|-unboost|p1a: Empoleon|atk|1\n|-ability|p1a: Empoleon|Competitive|boost\n|-boost|p1a: Empoleon|spa|2\n|-unboost|p1b: Whimsicott|atk|1\n|turn|1\n|\n|t:|1776550888\n|move|p2a: WolfyVGC|Fake Out|p1a: Empoleon\n|-resisted|p1a: Empoleon|1\n|-damage|p1a: Empoleon|93/100\n|move|p1b: Whimsicott|Tailwind|p1b: Whimsicott\n|-sidestart|p1: El Gingero|move: Tailwind\n|cant|p1a: Empoleon|flinch\n|move|p2b: Fridge|Thunderbolt|p1a: Empoleon\n|-supereffective|p1a: Empoleon|1\n|-damage|p1a: Empoleon|17/100\n|\n|upkeep\n|turn|2\n|\n|t:|1776550908\n|switch|p2a: worm|Orthworm, L50, F|100/100\n|move|p1b: Whimsicott|Encore||[still]\n|-fail|p1b: Whimsicott\n|move|p1a: Empoleon|Flash Cannon|p2b: Fridge\n|-crit|p2b: Fridge\n|-damage|p2b: Fridge|0 fnt\n|faint|p2b: Fridge\n|\n|upkeep\n|\n|t:|1776550916\n|switch|p2b: WolfyVGC|Incineroar, L50, F, shiny|100/100\n|-ability|p2b: WolfyVGC|Intimidate|boost\n|-unboost|p1a: Empoleon|atk|1\n|-ability|p1a: Empoleon|Competitive|boost\n|-boost|p1a: Empoleon|spa|2\n|-unboost|p1b: Whimsicott|atk|1\n|turn|3\n|\n|t:|1776550935\n|move|p1b: Whimsicott|Protect|p1b: Whimsicott\n|-singleturn|p1b: Whimsicott|Protect\n|move|p1a: Empoleon|Protect|p1a: Empoleon\n|-singleturn|p1a: Empoleon|Protect\n|move|p2b: WolfyVGC|Fake Out|p1a: Empoleon\n|-activate|p1a: Empoleon|move: Protect\n|move|p2a: worm|Body Press|p1a: Empoleon\n|-activate|p1a: Empoleon|move: Protect\n|\n|upkeep\n|turn|4\n|\n|t:|1776550968\n|move|p1b: Whimsicott|Moonblast|p2b: WolfyVGC\n|-damage|p2b: WolfyVGC|59/100\n|move|p1a: Empoleon|Hydro Pump|p2a: worm\n|-damage|p2a: worm|0 fnt\n|faint|p2a: worm\n|move|p2b: WolfyVGC|Flare Blitz|p1b: Whimsicott\n|-supereffective|p1b: Whimsicott|1\n|-enditem|p1b: Whimsicott|Focus Sash\n|-damage|p1b: Whimsicott|1/100\n|-damage|p2b: WolfyVGC|34/100|[from] Recoil\n|\n|-sideend|p1: El Gingero|move: Tailwind\n|upkeep\n|\n|t:|1776550980\n|switch|p2a: Ruki|Froslass, L50, F|100/100\n|turn|5\n|\n|t:|1776550994\n|move|p2a: Ruki|Protect|p2a: Ruki\n|-singleturn|p2a: Ruki|Protect\n|move|p1b: Whimsicott|Tailwind|p1b: Whimsicott\n|-sidestart|p1: El Gingero|move: Tailwind\n|move|p1a: Empoleon|Flash Cannon|p2a: Ruki\n|-activate|p2a: Ruki|move: Protect\n|move|p2b: WolfyVGC|Flare Blitz|p1a: Empoleon\n|-damage|p1a: Empoleon|0 fnt\n|faint|p1a: Empoleon\n|-damage|p2b: WolfyVGC|28/100|[from] Recoil\n|\n|upkeep\n|\n|t:|1776551001\n|switch|p1a: Heliolisk|Heliolisk, L50, F|100/100\n|turn|6\n|inactive|Battle timer is ON: inactive players will automatically lose when time's up. (requested by El Gingero)\n|\n|t:|1776551028\n|move|p1b: Whimsicott|Encore|p2a: Ruki\n|-start|p2a: Ruki|Encore\n|move|p2a: Ruki|Protect||[still]\n|-fail|p2a: Ruki\n|move|p1a: Heliolisk|Discharge|p2b: WolfyVGC|[spread] p1b,p2a,p2b\n|-resisted|p1b: Whimsicott|1\n|-damage|p1b: Whimsicott|0 fnt\n|-damage|p2a: Ruki|54/100\n|-damage|p2b: WolfyVGC|0 fnt\n|faint|p1b: Whimsicott\n|faint|p2b: WolfyVGC\n|\n|upkeep\n|\n|t:|1776551037\n|switch|p1b: Charizard|Charizard, L50, M|100/100\n|turn|7\n|-message|KGMT forfeited.\n|\n|win|El Gingero\n|raw|El Gingero's rating: 1017 &rarr; <strong>1055</strong><br />(+38 for winning)\n|raw|KGMT's rating: 1022 &rarr; <strong>1009</strong><br />(-13 for losing)\n|l|\u2606KGMT\n|player|p2|\n",
  "uploadtime": 1776551045,
  "views": 12,
  "formatid": "gen9championsvgc2026regma",
  "rating": 1009,
  "private": 0,
  "password": null
}