{
  "id": "gen9championsvgc2026regma-2588709694",
  "format": "[Gen 9 Champions] VGC 2026 Reg M-A",
  "players": [
    "GrandMasterGreg",
    "raigonjoy"
  ],
  "log": "|j|\u2606GrandMasterGreg\n|j|\u2606raigonjoy\n|t:|1776660456\n|gametype|doubles\n|player|p1|GrandMasterGreg|hilbert|1109\n|player|p2|raigonjoy|1|1114\n|gen|9\n|tier|[Gen 9 Champions] VGC 2026 Reg M-A\n|rated|\n|rule|Species Clause: Limit one of each Pok\u00e9mon\n|rule|Item Clause: Limit 1 of each item\n|clearpoke\n|poke|p1|Feraligatr, L50, F, shiny|\n|poke|p1|Liepard, L50, F, shiny|\n|poke|p1|Farigiraf, L50, F|\n|poke|p1|Aerodactyl, L50, M|\n|poke|p1|Chandelure, L50, M, shiny|\n|poke|p1|Gallade, L50, M, shiny|\n|poke|p2|Gengar, L50, M|\n|poke|p2|Zoroark-Hisui, L50, F|\n|poke|p2|Basculegion, L50, M|\n|poke|p2|Kingambit, L50, M|\n|poke|p2|Sneasler, L50, F|\n|poke|p2|Sableye, L50, F|\n|teampreview|4\n|inactive|Battle timer is ON: inactive players will automatically lose when time's up. (requested by raigonjoy)\n|inactive|GrandMasterGreg has 60 seconds left.\n|inactive|raigonjoy has 60 seconds left.\n|\n|t:|1776660494\n|teamsize|p1|4\n|teamsize|p2|4\n|start\n|switch|p1a: Farigiraf|Farigiraf, L50, F|100/100\n|switch|p1b: Feraligatr|Feraligatr, L50, F, shiny|100/100\n|switch|p2a: Kingambit|Kingambit, L50, M|100/100\n|switch|p2b: Sableye|Sableye, L50, F|100/100\n|turn|1\n|inactive|raigonjoy has 30 seconds left.\n|\n|t:|1776660527\n|switch|p2b: Sneasler|Sneasler, L50, F|100/100\n|detailschange|p1b: Feraligatr|Feraligatr-Mega, L50, F, shiny\n|-mega|p1b: Feraligatr|Feraligatr|Feraligite\n|move|p1b: Feraligatr|Liquidation|p2a: Kingambit\n|-damage|p2a: Kingambit|57/100\n|move|p2a: Kingambit|Kowtow Cleave|p1a: Farigiraf\n|-supereffective|p1a: Farigiraf|1\n|-damage|p1a: Farigiraf|7/100\n|move|p1a: Farigiraf|Trick Room|p1a: Farigiraf\n|-fieldstart|move: Trick Room|[of] p1a: Farigiraf\n|\n|-heal|p1a: Farigiraf|13/100|[from] item: Leftovers\n|upkeep\n|turn|2\n|inactive|GrandMasterGreg has 30 seconds left.\n|inactive|raigonjoy has 30 seconds left.\n|inactive|raigonjoy has 20 seconds left.\n|\n|t:|1776660564\n|switch|p2b: Sableye|Sableye, L50, F|100/100\n|move|p2a: Kingambit|Protect|p2a: Kingambit\n|-singleturn|p2a: Kingambit|Protect\n|move|p1a: Farigiraf|Thunder Wave|p2b: Sableye\n|-status|p2b: Sableye|par\n|move|p1b: Feraligatr|Liquidation|p2a: Kingambit\n|-activate|p2a: Kingambit|move: Protect\n|\n|-heal|p1a: Farigiraf|19/100|[from] item: Leftovers\n|upkeep\n|turn|3\n|inactive|raigonjoy has 30 seconds left.\n|\n|t:|1776660592\n|switch|p2b: Sneasler|Sneasler, L50, F|100/100\n|move|p1a: Farigiraf|Protect|p1a: Farigiraf\n|-singleturn|p1a: Farigiraf|Protect\n|move|p2a: Kingambit|Kowtow Cleave|p1a: Farigiraf\n|-activate|p1a: Farigiraf|move: Protect\n|move|p1b: Feraligatr|Liquidation|p2a: Kingambit\n|-damage|p2a: Kingambit|15/100\n|\n|-heal|p1a: Farigiraf|26/100|[from] item: Leftovers\n|upkeep\n|turn|4\n|\n|t:|1776660612\n|move|p2b: Sneasler|Protect|p2b: Sneasler\n|-singleturn|p2b: Sneasler|Protect\n|move|p2a: Kingambit|Kowtow Cleave|p1a: Farigiraf\n|-supereffective|p1a: Farigiraf|1\n|-damage|p1a: Farigiraf|0 fnt\n|faint|p1a: Farigiraf\n|move|p1b: Feraligatr|Liquidation|p2a: Kingambit\n|-damage|p2a: Kingambit|0 fnt\n|faint|p2a: Kingambit\n|\n|upkeep\n|\n|t:|1776660624\n|switch|p2a: Sableye|Sableye, L50, F|100/100 par\n|switch|p1a: Chandelure|Chandelure, L50, M, shiny|100/100\n|turn|5\n|\n|t:|1776660639\n|switch|p1a: Liepard|Liepard, L50, F, shiny|100/100\n|move|p2b: Sneasler|Fake Out||[still]\n|-hint|Fake Out only works on your first turn out.\n|-fail|p2b: Sneasler\n|move|p2a: Sableye|Rain Dance|p2a: Sableye\n|-weather|RainDance\n|move|p1b: Feraligatr|Body Slam|p2a: Sableye\n|-crit|p2a: Sableye\n|-damage|p2a: Sableye|0 fnt\n|faint|p2a: Sableye\n|\n|-weather|RainDance|[upkeep]\n|-fieldend|move: Trick Room\n|upkeep\n|\n|t:|1776660653\n|switch|p2a: Basculegion|Basculegion, L50, M|100/100\n|turn|6\n|\n|t:|1776660664\n|move|p1a: Liepard|Fake Out|p2b: Sneasler\n|-damage|p2b: Sneasler|87/100\n|move|p2a: Basculegion|Last Respects|p1b: Feraligatr\n|-damage|p1b: Feraligatr|30/100\n|cant|p2b: Sneasler|flinch\n|move|p1b: Feraligatr|Body Slam|p2a: Basculegion\n|-damage|p2a: Basculegion|12/100\n|\n|-weather|RainDance|[upkeep]\n|upkeep\n|turn|7\n|\n|t:|1776660681\n|move|p2a: Basculegion|Last Respects|p1b: Feraligatr\n|-damage|p1b: Feraligatr|0 fnt\n|faint|p1b: Feraligatr\n|move|p2b: Sneasler|Close Combat|p1a: Liepard\n|-supereffective|p1a: Liepard|1\n|-enditem|p1a: Liepard|Focus Sash\n|-damage|p1a: Liepard|1/100\n|-unboost|p2b: Sneasler|def|1\n|-unboost|p2b: Sneasler|spd|1\n|-enditem|p2b: Sneasler|White Herb\n|-clearnegativeboost|p2b: Sneasler|[silent]\n|move|p1a: Liepard|Snarl|p2a: Basculegion|[spread] p2a,p2b\n|-supereffective|p2a: Basculegion|1\n|-resisted|p2b: Sneasler|1\n|-damage|p2a: Basculegion|0 fnt\n|-damage|p2b: Sneasler|78/100\n|-unboost|p2b: Sneasler|spa|1\n|faint|p2a: Basculegion\n|\n|-weather|RainDance|[upkeep]\n|upkeep\n|\n|t:|1776660697\n|switch|p1b: Chandelure|Chandelure, L50, M, shiny|100/100\n|turn|8\n|-message|raigonjoy forfeited.\n|\n|win|GrandMasterGreg\n|raw|GrandMasterGreg's rating: 1109 &rarr; <strong>1134</strong><br />(+25 for winning)\n|raw|raigonjoy's rating: 1114 &rarr; <strong>1089</strong><br />(-25 for losing)\n|l|\u2606raigonjoy\n|player|p2|\n|j|\u2606raigonjoy\n|player|p2|raigonjoy|1|\n",
  "uploadtime": 1776660731,
  "views": 5,
  "formatid": "gen9championsvgc2026regma",
  "rating": 1089,
  "private": 0,
  "password": null
}