{
  "id": "gen9championsvgc2026regma-2585740524",
  "format": "[Gen 9 Champions] VGC 2026 Reg M-A",
  "players": [
    "MegaPoblano",
    "teeheelove"
  ],
  "log": "|j|\u203dMegaPoblano\n|j|\u2606teeheelove\n|t:|1776367332\n|gametype|doubles\n|player|p1|MegaPoblano|red|1334\n|player|p2|teeheelove|2|1308\n|gen|9\n|tier|[Gen 9 Champions] VGC 2026 Reg M-A\n|rated|\n|rule|Species Clause: Limit one of each Pok\u00e9mon\n|rule|Item Clause: Limit 1 of each item\n|clearpoke\n|poke|p1|Scovillain, L50, F|\n|poke|p1|Aerodactyl, L50, M|\n|poke|p1|Garchomp, L50, F|\n|poke|p1|Sneasler, L50, F|\n|poke|p1|Sinistcha, L50|\n|poke|p1|Primarina, L50, M|\n|poke|p2|Floette-Eternal, L50, F|\n|poke|p2|Rotom-Heat, L50|\n|poke|p2|Garchomp, L50, M|\n|poke|p2|Gyarados, L50, M|\n|poke|p2|Whimsicott, L50, F|\n|poke|p2|Incineroar, L50, F|\n|teampreview|4\n|inactive|Battle timer is ON: inactive players will automatically lose when time's up. (requested by teeheelove)\n|inactive|MegaPoblano has 60 seconds left.\n|inactive|teeheelove has 60 seconds left.\nteeheelove has agreed to open team sheets.\n|\n|t:|1776367394\n|teamsize|p1|4\n|teamsize|p2|4\n|start\n|switch|p1a: Scovillain|Scovillain, L50, F|100/100\n|switch|p1b: Primarina|Primarina, L50, M|100/100\n|switch|p2a: Rotom|Rotom-Heat, L50|100/100\n|switch|p2b: Garchomp|Garchomp, L50, M|100/100\n|turn|1\n|inactive|teeheelove has 30 seconds left.\n|\n|t:|1776367422\n|switch|p2b: Gyarados|Gyarados, L50, M|100/100\n|-ability|p2b: Gyarados|Intimidate|boost\n|-unboost|p1a: Scovillain|atk|1\n|-unboost|p1b: Primarina|atk|1\n|move|p1b: Primarina|Protect|p1b: Primarina\n|-singleturn|p1b: Primarina|Protect\n|move|p1a: Scovillain|Protect|p1a: Scovillain\n|-singleturn|p1a: Scovillain|Protect\n|move|p2a: Rotom|Volt Switch|p1b: Primarina\n|-activate|p1b: Primarina|move: Protect\n|\n|-ability|p1a: Scovillain|Moody|boost\n|-boost|p1a: Scovillain|def|2\n|-unboost|p1a: Scovillain|spe|1\n|upkeep\n|turn|2\n|\n|t:|1776367439\n|detailschange|p1a: Scovillain|Scovillain-Mega, L50, F\n|-mega|p1a: Scovillain|Scovillain|Scovillainite\n|move|p1a: Scovillain|Rage Powder|p1a: Scovillain\n|-singleturn|p1a: Scovillain|move: Rage Powder\n|move|p2a: Rotom|Volt Switch|p1a: Scovillain\n|-resisted|p1a: Scovillain|1\n|-damage|p1a: Scovillain|85/100\n|-immune|p2a: Rotom\n|\n|t:|1776367445\n|switch|p2a: Floette|Floette-Eternal, L50, F|100/100|[from] Volt Switch\n|move|p2b: Gyarados|Taunt|p1a: Scovillain\n|-start|p1a: Scovillain|move: Taunt\n|move|p1b: Primarina|Calm Mind|p1b: Primarina\n|-boost|p1b: Primarina|spa|1\n|-boost|p1b: Primarina|spd|1\n|\n|upkeep\n|turn|3\n|\n|t:|1776367462\n|detailschange|p2a: Floette|Floette-Mega, L50, F\n|-mega|p2a: Floette|Floette|Floettite\n|-ability|p2a: Floette|Fairy Aura\n|move|p2a: Floette|Calm Mind|p2a: Floette\n|-boost|p2a: Floette|spa|1\n|-boost|p2a: Floette|spd|1\n|move|p2b: Gyarados|Taunt|p1b: Primarina\n|-start|p1b: Primarina|move: Taunt\n|move|p1b: Primarina|Moonblast|p2a: Floette\n|-damage|p2a: Floette|52/100\n|move|p1a: Scovillain|Flamethrower|p2a: Floette\n|-damage|p2a: Floette|31/100\n|\n|upkeep\n|turn|4\n|inactive|teeheelove has 30 seconds left.\n|inactive|teeheelove has 20 seconds left.\n|\n|t:|1776367501\n|move|p2a: Floette|Dazzling Gleam|p1a: Scovillain|[spread] p1a,p1b\n|-resisted|p1a: Scovillain|1\n|-damage|p1a: Scovillain|43/100\n|-damage|p1b: Primarina|50/100\n|-status|p2a: Floette|brn|[from] ability: Spicy Spray|[of] p1a: Scovillain\n|move|p2b: Gyarados|Thunder Wave|p1b: Primarina\n|-status|p1b: Primarina|par\n|move|p1a: Scovillain|Flamethrower|p2a: Floette\n|-damage|p2a: Floette|12/100 brn\n|move|p1b: Primarina|Hyper Voice|p2a: Floette|[spread] p2a,p2b\n|-resisted|p2b: Gyarados|1\n|-crit|p2b: Gyarados\n|-damage|p2a: Floette|0 fnt\n|-damage|p2b: Gyarados|67/100\n|faint|p2a: Floette\n|\n|-heal|p1b: Primarina|57/100 par|[from] item: Leftovers\n|upkeep\n|\n|t:|1776367509\n|switch|p2a: Rotom|Rotom-Heat, L50|100/100\n|turn|5\n|\n|t:|1776367520\n|switch|p1a: Sinistcha|Sinistcha, L50|100/100\n|-heal|p1b: Primarina|82/100 par|[from] ability: Hospitality|[of] p1a: Sinistcha\n|move|p2a: Rotom|Electroweb|p1a: Sinistcha|[spread] p1a,p1b\n|-resisted|p1a: Sinistcha|1\n|-crit|p1a: Sinistcha\n|-supereffective|p1b: Primarina|1\n|-damage|p1a: Sinistcha|89/100\n|-damage|p1b: Primarina|60/100 par\n|-unboost|p1a: Sinistcha|spe|1\n|-unboost|p1b: Primarina|spe|1\n|move|p2b: Gyarados|Waterfall|p1b: Primarina\n|-resisted|p1b: Primarina|1\n|-damage|p1b: Primarina|36/100 par\n|cant|p1b: Primarina|flinch\n|\n|-heal|p1b: Primarina|42/100 par|[from] item: Leftovers\n|-end|p1b: Primarina|move: Taunt\n|upkeep\n|turn|6\n|\n|t:|1776367540\n|switch|p1a: Scovillain|Scovillain-Mega, L50, F|43/100\n|move|p1b: Primarina|Protect|p1b: Primarina\n|-singleturn|p1b: Primarina|Protect\n|move|p2a: Rotom|Electroweb|p1b: Primarina|[spread] p1a\n|-activate|p1b: Primarina|move: Protect\n|-resisted|p1a: Scovillain|1\n|-damage|p1a: Scovillain|32/100\n|-unboost|p1a: Scovillain|spe|1\n|-immune|p2a: Rotom\n|move|p2b: Gyarados|Taunt|p1a: Scovillain\n|-start|p1a: Scovillain|move: Taunt\n|\n|-heal|p1b: Primarina|48/100 par|[from] item: Leftovers\n|upkeep\n|turn|7\n|\n|t:|1776367550\n|switch|p1a: Sinistcha|Sinistcha, L50|89/100\n|-heal|p1b: Primarina|73/100 par|[from] ability: Hospitality|[of] p1a: Sinistcha\n|move|p2a: Rotom|Electroweb|p1b: Primarina|[spread] p1a,p1b\n|-resisted|p1a: Sinistcha|1\n|-supereffective|p1b: Primarina|1\n|-damage|p1a: Sinistcha|82/100\n|-damage|p1b: Primarina|52/100 par\n|-unboost|p1a: Sinistcha|spe|1\n|-unboost|p1b: Primarina|spe|1\n|move|p2b: Gyarados|Thunder Wave|p1a: Sinistcha\n|-status|p1a: Sinistcha|par\n|move|p1b: Primarina|Hyper Voice|p2b: Gyarados|[spread] p2a,p2b\n|-supereffective|p2a: Rotom|1\n|-resisted|p2b: Gyarados|1\n|-damage|p2a: Rotom|0 fnt\n|-damage|p2b: Gyarados|47/100\n|faint|p2a: Rotom\n|\n|-heal|p1b: Primarina|58/100 par|[from] item: Leftovers\n|upkeep\n|\n|t:|1776367553\n|switch|p2a: Garchomp|Garchomp, L50, M|100/100\n|turn|8\n|\n|t:|1776367580\n|switch|p1a: Scovillain|Scovillain-Mega, L50, F|32/100\n|move|p2a: Garchomp|Protect|p2a: Garchomp\n|-singleturn|p2a: Garchomp|Protect\n|move|p1b: Primarina|Protect|p1b: Primarina\n|-singleturn|p1b: Primarina|Protect\n|move|p2b: Gyarados|Taunt|p1b: Primarina\n|-activate|p1b: Primarina|move: Protect\n|\n|-heal|p1b: Primarina|64/100 par|[from] item: Leftovers\n|upkeep\n|turn|9\n|\n|t:|1776367592\n|switch|p1a: Sinistcha|Sinistcha, L50|82/100 par\n|-heal|p1b: Primarina|89/100 par|[from] ability: Hospitality|[of] p1a: Sinistcha\n|move|p2a: Garchomp|Earthquake|p1a: Sinistcha|[spread] p1a,p1b\n|-immune|p2b: Gyarados\n|-resisted|p1a: Sinistcha|1\n|-damage|p1a: Sinistcha|65/100 par\n|-damage|p1b: Primarina|39/100 par\n|move|p2b: Gyarados|Taunt|p1b: Primarina\n|-start|p1b: Primarina|move: Taunt\n|move|p1b: Primarina|Moonblast|p2a: Garchomp\n|-supereffective|p2a: Garchomp|1\n|-damage|p2a: Garchomp|0 fnt\n|faint|p2a: Garchomp\n|\n|-heal|p1b: Primarina|45/100 par|[from] item: Leftovers\n|upkeep\n|turn|10\n|-message|teeheelove forfeited.\n|\n|win|MegaPoblano\n|raw|MegaPoblano's rating: 1334 &rarr; <strong>1353</strong><br />(+19 for winning)\n|raw|teeheelove's rating: 1308 &rarr; <strong>1289</strong><br />(-19 for losing)\n|l|\u2606teeheelove\n|player|p2|\n",
  "uploadtime": 1776367603,
  "views": 25,
  "formatid": "gen9championsvgc2026regma",
  "rating": 1289,
  "private": 0,
  "password": null
}