{
  "id": "gen9championsvgc2026regma-2583503194",
  "format": "[Gen 9 Champions] VGC 2026 Reg M-A",
  "players": [
    "yredjack",
    "1#miraidonhater"
  ],
  "log": "|j|\u2606yredjack\n|j|\u26061#miraidonhater\n|t:|1776179769\n|gametype|doubles\n|player|p1|yredjack|265|1065\n|player|p2|1#miraidonhater|n|1140\n|gen|9\n|tier|[Gen 9 Champions] VGC 2026 Reg M-A\n|rated|\n|rule|Species Clause: Limit one of each Pok\u00e9mon\n|rule|Item Clause: Limit 1 of each item\n|clearpoke\n|poke|p1|Froslass, L50, F|\n|poke|p1|Garchomp, L50, M|\n|poke|p1|Kingambit, L50, M|\n|poke|p1|Sneasler, L50, M|\n|poke|p1|Aerodactyl, L50, F|\n|poke|p1|Rotom-Wash, L50|\n|poke|p2|Aggron, L50, F|\n|poke|p2|Sinistcha, L50|\n|poke|p2|Tyranitar, L50, M|\n|poke|p2|Reuniclus, L50, M|\n|teampreview|4\n|j| porygon-epilepz\n|\n|t:|1776179806\n|teamsize|p1|4\n|teamsize|p2|4\n|start\n|switch|p1a: Kingambit|Kingambit, L50, M|100/100\n|switch|p1b: Sneasler|Sneasler, L50, M|100/100\n|switch|p2a: Aggron|Aggron, L50, F|100/100\n|switch|p2b: Reuniclus|Reuniclus, L50, M|100/100\n|turn|1\n|\n|t:|1776179831\n|detailschange|p2a: Aggron|Aggron-Mega, L50, F\n|-mega|p2a: Aggron|Aggron|Aggronite\n|move|p2b: Reuniclus|Protect|p2b: Reuniclus\n|-singleturn|p2b: Reuniclus|Protect\n|move|p1b: Sneasler|Fake Out|p2a: Aggron\n|-resisted|p2a: Aggron|1\n|-damage|p2a: Aggron|97/100\n|move|p1a: Kingambit|Kowtow Cleave|p2b: Reuniclus\n|-activate|p2b: Reuniclus|move: Protect\n|cant|p2a: Aggron|flinch\n|\n|upkeep\n|turn|2\n|\n|t:|1776179855\n|switch|p2b: Tyranitar|Tyranitar, L50, M|100/100\n|-weather|Sandstorm|[from] ability: Sand Stream|[of] p2b: Tyranitar\n|move|p1b: Sneasler|Close Combat|p2a: Aggron\n|-supereffective|p2a: Aggron|1\n|-damage|p2a: Aggron|46/100\n|-unboost|p1b: Sneasler|def|1\n|-unboost|p1b: Sneasler|spd|1\n|-enditem|p1b: Sneasler|White Herb\n|-clearnegativeboost|p1b: Sneasler|[silent]\n|move|p1a: Kingambit|Kowtow Cleave|p2b: Tyranitar\n|-resisted|p2b: Tyranitar|1\n|-damage|p2b: Tyranitar|77/100\n|move|p2a: Aggron|Iron Defense|p2a: Aggron\n|-boost|p2a: Aggron|def|2\n|\n|-weather|Sandstorm|[upkeep]\n|-damage|p1b: Sneasler|95/100|[from] Sandstorm\n|upkeep\n|turn|3\n|\n|t:|1776179889\n|switch|p1b: Froslass|Froslass, L50, F, shiny|100/100\n|switch|p2b: Sinistcha|Sinistcha, L50|100/100\n|-heal|p2a: Aggron|71/100|[from] ability: Hospitality|[of] p2b: Sinistcha\n|move|p1a: Kingambit|Protect|p1a: Kingambit\n|-singleturn|p1a: Kingambit|Protect\n|move|p2a: Aggron|Iron Defense|p2a: Aggron\n|-boost|p2a: Aggron|def|2\n|\n|-weather|Sandstorm|[upkeep]\n|-damage|p1b: Froslass|94/100|[from] Sandstorm\n|-damage|p2b: Sinistcha|94/100|[from] Sandstorm\n|upkeep\n|turn|4\n|\n|t:|1776179923\n|switch|p2b: Tyranitar|Tyranitar, L50, M|77/100\n|detailschange|p1b: Froslass|Froslass-Mega, L50, F, shiny\n|-mega|p1b: Froslass|Froslass|Froslassite\n|-weather|Snowscape|[from] ability: Snow Warning|[of] p1b: Froslass\n|move|p1b: Froslass|Blizzard|p2b: Tyranitar|[spread] p2a,p2b\n|-resisted|p2a: Aggron|1\n|-damage|p2a: Aggron|54/100\n|-damage|p2b: Tyranitar|36/100\n|move|p1a: Kingambit|Kowtow Cleave|p2b: Tyranitar\n|-resisted|p2b: Tyranitar|1\n|-damage|p2b: Tyranitar|11/100\n|move|p2a: Aggron|Heavy Slam|p1b: Froslass\n|-supereffective|p1b: Froslass|1\n|-damage|p1b: Froslass|0 fnt\n|faint|p1b: Froslass\n|\n|-weather|Snowscape|[upkeep]\n|upkeep\n|\n|t:|1776179940\n|switch|p1b: Sneasler|Sneasler, L50, M|95/100\n|turn|5\n|\n|t:|1776179956\n|move|p2b: Tyranitar|Protect|p2b: Tyranitar\n|-singleturn|p2b: Tyranitar|Protect\n|move|p1b: Sneasler|Fake Out|p2b: Tyranitar\n|-activate|p2b: Tyranitar|move: Protect\n|move|p1a: Kingambit|Sucker Punch|p2a: Aggron\n|-damage|p2a: Aggron|45/100\n|move|p2a: Aggron|Body Press|p1a: Kingambit\n|-supereffective|p1a: Kingambit|2\n|-damage|p1a: Kingambit|0 fnt\n|faint|p1a: Kingambit\n|\n|-weather|Snowscape|[upkeep]\n|upkeep\n|\n|t:|1776179967\n|switch|p1a: Aerodactyl|Aerodactyl, L50, F|100/100\n|-ability|p1a: Aerodactyl|Unnerve\n|turn|6\n|\n|t:|1776179982\n|switch|p2b: Sinistcha|Sinistcha, L50|94/100\n|-heal|p2a: Aggron|70/100|[from] ability: Hospitality|[of] p2b: Sinistcha\n|move|p1b: Sneasler|Protect|p1b: Sneasler\n|-singleturn|p1b: Sneasler|Protect\n|move|p1a: Aerodactyl|Rock Slide|p2b: Sinistcha|[spread] p2a,p2b\n|-resisted|p2a: Aggron|1\n|-damage|p2a: Aggron|68/100\n|-damage|p2b: Sinistcha|76/100\n|move|p2a: Aggron|Heavy Slam|p1a: Aerodactyl\n|-supereffective|p1a: Aerodactyl|1\n|-enditem|p1a: Aerodactyl|Focus Sash\n|-damage|p1a: Aerodactyl|1/100\n|\n|-weather|Snowscape|[upkeep]\n|upkeep\n|turn|7\n|-message|yredjack forfeited.\n|\n|win|1#miraidonhater\n|raw|yredjack's rating: 1065 &rarr; <strong>1049</strong><br />(-16 for losing)\n|raw|1#miraidonhater's rating: 1140 &rarr; <strong>1160</strong><br />(+20 for winning)\n|l|\u2606yredjack\n|player|p1|\n|l|\u26061#miraidonhater\n|player|p2|\n|j|\u26061#miraidonhater\n|player|p2|1#miraidonhater|n|\n|l|\u26061#miraidonhater\n|player|p2|\n|j|\u26061#miraidonhater\n|player|p2|1#miraidonhater|n|\n|l|\u26061#miraidonhater\n|player|p2|\n",
  "uploadtime": 1776179771,
  "views": 54,
  "formatid": "gen9championsvgc2026regma",
  "rating": 1049,
  "private": 0,
  "password": null
}