{
  "id": "gen9championsvgc2026regma-2583945325",
  "format": "[Gen 9 Champions] VGC 2026 Reg M-A",
  "players": [
    "Mikeyd01",
    "Kirnil"
  ],
  "log": "|j|\u2606Mikeyd01\n|j|\u2606Kirnil\n|t:|1776210613\n|gametype|doubles\n|player|p1|Mikeyd01|170|1185\n|player|p2|Kirnil|skierf|1230\n|gen|9\n|tier|[Gen 9 Champions] VGC 2026 Reg M-A\n|rated|\n|rule|Species Clause: Limit one of each Pok\u00e9mon\n|rule|Item Clause: Limit 1 of each item\n|clearpoke\n|poke|p1|Meganium, L50, M|\n|poke|p1|Archaludon, L50, M|\n|poke|p1|Pelipper, L50, M|\n|poke|p1|Talonflame, L50, F|\n|poke|p1|Excadrill, L50, M|\n|poke|p1|Incineroar, L50, F|\n|poke|p2|Pelipper, L50, F|\n|poke|p2|Heliolisk, L50, M|\n|poke|p2|Basculegion, L50, M|\n|poke|p2|Quaquaval, L50, M|\n|poke|p2|Scizor, L50, M|\n|poke|p2|Klefki, L50, M|\n|teampreview|4\n|j| darksunn66\n|inactive|Battle timer is ON: inactive players will automatically lose when time's up. (requested by Kirnil)\n|\n|t:|1776210651\n|teamsize|p1|4\n|teamsize|p2|4\n|start\n|switch|p1a: Meganium|Meganium, L50, M|100/100\n|switch|p1b: Archaludon|Archaludon, L50, M|100/100\n|switch|p2a: Pelipper|Pelipper, L50, F|100/100\n|switch|p2b: Quaquaval|Quaquaval, L50, M|100/100\n|-weather|RainDance|[from] ability: Drizzle|[of] p2a: Pelipper\n|turn|1\n|inactive|Kirnil has 30 seconds left.\n|\n|t:|1776210681\n|switch|p1b: Incineroar|Incineroar, L50, F|100/100\n|-ability|p1b: Incineroar|Intimidate|boost\n|-unboost|p2a: Pelipper|atk|1\n|-unboost|p2b: Quaquaval|atk|1\n|detailschange|p1a: Meganium|Meganium-Mega, L50, M\n|-mega|p1a: Meganium|Meganium|Meganiumite\n|move|p2b: Quaquaval|Close Combat|p1b: Incineroar\n|-supereffective|p1b: Incineroar|1\n|-enditem|p1b: Incineroar|Chople Berry|[eat]\n|-enditem|p1b: Incineroar|Chople Berry|[weaken]\n|-damage|p1b: Incineroar|58/100\n|-unboost|p2b: Quaquaval|def|1\n|-unboost|p2b: Quaquaval|spd|1\n|move|p1a: Meganium|Dazzling Gleam|p2b: Quaquaval|[spread] p2a,p2b\n|-supereffective|p2b: Quaquaval|1\n|-damage|p2a: Pelipper|45/100\n|-enditem|p2b: Quaquaval|Focus Sash\n|-damage|p2b: Quaquaval|1/100\n|move|p2a: Pelipper|Hurricane|p1a: Meganium\n|-supereffective|p1a: Meganium|1\n|-damage|p1a: Meganium|24/100\n|\n|-weather|RainDance|[upkeep]\n|upkeep\n|turn|2\n|\n|t:|1776210705\n|move|p2b: Quaquaval|Protect|p2b: Quaquaval\n|-singleturn|p2b: Quaquaval|Protect\n|move|p2a: Pelipper|Protect|p2a: Pelipper\n|-singleturn|p2a: Pelipper|Protect\n|move|p1b: Incineroar|Fake Out|p2b: Quaquaval\n|-activate|p2b: Quaquaval|move: Protect\n|move|p1a: Meganium|Dazzling Gleam|p2a: Pelipper|[spread] \n|-activate|p2a: Pelipper|move: Protect\n|-activate|p2b: Quaquaval|move: Protect\n|\n|-weather|RainDance|[upkeep]\n|upkeep\n|turn|3\n|inactive|Mikeyd01 has 30 seconds left.\n|inactive|Mikeyd01 has 20 seconds left.\n|\n|t:|1776210741\n|switch|p2a: Scizor|Scizor, L50, M|100/100\n|move|p2b: Quaquaval|Aqua Step|p1b: Incineroar\n|-supereffective|p1b: Incineroar|1\n|-damage|p1b: Incineroar|0 fnt\n|-boost|p2b: Quaquaval|spe|1\n|faint|p1b: Incineroar\n|-ability|p2b: Quaquaval|Moxie|boost\n|-boost|p2b: Quaquaval|atk|1\n|move|p1a: Meganium|Dazzling Gleam|p2a: Scizor|[spread] p2a,p2b\n|-resisted|p2a: Scizor|1\n|-supereffective|p2b: Quaquaval|1\n|-damage|p2a: Scizor|81/100\n|-damage|p2b: Quaquaval|0 fnt\n|faint|p2b: Quaquaval\n|\n|-weather|RainDance|[upkeep]\n|upkeep\n|\n|t:|1776210759\n|switch|p2b: Basculegion|Basculegion, L50, M|100/100\n|switch|p1b: Talonflame|Talonflame, L50, F|100/100\n|turn|4\n|inactive|Kirnil has 30 seconds left.\n|\n|t:|1776210788\n|detailschange|p2a: Scizor|Scizor-Mega, L50, M\n|-mega|p2a: Scizor|Scizor|Scizorite\n|move|p1b: Talonflame|Upper Hand|p2a: Scizor\n|-damage|p2a: Scizor|67/100\n|move|p2b: Basculegion|Aqua Jet|p1b: Talonflame\n|-supereffective|p1b: Talonflame|1\n|-damage|p1b: Talonflame|0 fnt\n|faint|p1b: Talonflame\n|cant|p2a: Scizor|flinch\n|move|p1a: Meganium|Solar Beam||[still]\n|-prepare|p1a: Meganium|Solar Beam\n|-activate|p1a: Meganium|ability: Mega Sol\n|-anim|p1a: Meganium|Solar Beam|p2b: Basculegion\n|-supereffective|p2b: Basculegion|1\n|-damage|p2b: Basculegion|0 fnt\n|faint|p2b: Basculegion\n|\n|-weather|RainDance|[upkeep]\n|upkeep\n|\n|t:|1776210803\n|switch|p1b: Archaludon|Archaludon, L50, M|100/100\n|switch|p2b: Pelipper|Pelipper, L50, F|45/100\n|turn|5\n|\n|t:|1776210823\n|move|p1a: Meganium|Dazzling Gleam|p2b: Pelipper|[spread] p2a,p2b\n|-resisted|p2a: Scizor|1\n|-damage|p2a: Scizor|49/100\n|-damage|p2b: Pelipper|0 fnt\n|faint|p2b: Pelipper\n|move|p2a: Scizor|Close Combat|p1b: Archaludon\n|-supereffective|p1b: Archaludon|1\n|-damage|p1b: Archaludon|17/100\n|-unboost|p2a: Scizor|def|1\n|-unboost|p2a: Scizor|spd|1\n|-ability|p1b: Archaludon|Stamina|boost\n|-boost|p1b: Archaludon|def|1\n|-enditem|p1b: Archaludon|Sitrus Berry|[eat]\n|-heal|p1b: Archaludon|42/100|[from] item: Sitrus Berry\n|move|p1b: Archaludon|Electro Shot||[still]\n|-prepare|p1b: Archaludon|Electro Shot\n|-boost|p1b: Archaludon|spa|1\n|-anim|p1b: Archaludon|Electro Shot|p2a: Scizor\n|-damage|p2a: Scizor|0 fnt\n|faint|p2a: Scizor\n|\n|win|Mikeyd01\n|raw|Mikeyd01's rating: 1185 &rarr; <strong>1213</strong><br />(+28 for winning)\n|raw|Kirnil's rating: 1230 &rarr; <strong>1202</strong><br />(-28 for losing)\n|l|\u2606Kirnil\n|player|p2|\n|l|\u2606Mikeyd01\n|player|p1|\n|j|\u2606Mikeyd01\n|player|p1|Mikeyd01|170|\n",
  "uploadtime": 1776210889,
  "views": 38,
  "formatid": "gen9championsvgc2026regma",
  "rating": 1202,
  "private": 0,
  "password": null
}