{
  "id": "gen9championsvgc2026regma-2588787025",
  "format": "[Gen 9 Champions] VGC 2026 Reg M-A",
  "players": [
    "Jimmy_flcone",
    "ppyyy-inertia"
  ],
  "log": "|j|\u2606Jimmy_flcone\n|j|\u2606ppyyy-inertia\n|t:|1776670726\n|gametype|doubles\n|player|p1|Jimmy_flcone|ethan|1265\n|player|p2|ppyyy-inertia|1|1354\n|gen|9\n|tier|[Gen 9 Champions] VGC 2026 Reg M-A\n|rated|\n|rule|Species Clause: Limit one of each Pok\u00e9mon\n|rule|Item Clause: Limit 1 of each item\n|clearpoke\n|poke|p1|Gengar, L50, M|\n|poke|p1|Incineroar, L50, F|\n|poke|p1|Kommo-o, L50, F|\n|poke|p1|Sinistcha, L50|\n|poke|p1|Kingambit, L50, M|\n|poke|p1|Tyranitar, L50, F|\n|poke|p2|Incineroar, L50, M|\n|poke|p2|Floette-Eternal, L50, F, shiny|\n|poke|p2|Zoroark-Hisui, L50, M, shiny|\n|poke|p2|Tinkaton, L50, F, shiny|\n|poke|p2|Dragonite, L50, M, shiny|\n|poke|p2|Torterra, L50, F|\n|teampreview|4\n|\n|t:|1776670755\n|teamsize|p1|4\n|teamsize|p2|4\n|start\n|switch|p1a: Gengar|Gengar, L50, M|100/100\n|switch|p1b: Kommo-o|Kommo-o, L50, F|100/100\n|switch|p2a: Incineroar|Incineroar, L50, M|100/100\n|switch|p2b: Tinkaton|Tinkaton, L50, F, shiny|100/100\n|turn|1\n|\n|t:|1776670802\n|switch|p1b: Incineroar|Incineroar, L50, F|100/100\n|-ability|p1b: Incineroar|Intimidate|boost\n|-unboost|p2a: Incineroar|atk|1\n|-fail|p2b: Tinkaton|unboost|Attack|[from] ability: Own Tempo|[of] p2b: Tinkaton\n|detailschange|p1a: Gengar|Gengar-Mega, L50, M\n|-mega|p1a: Gengar|Gengar|Gengarite\n|move|p1a: Gengar|Protect|p1a: Gengar\n|-singleturn|p1a: Gengar|Protect\n|move|p2b: Tinkaton|Feint|p1b: Incineroar\n|-damage|p1b: Incineroar|93/100\n|move|p2a: Incineroar|Icy Wind|p1a: Gengar|[spread] p1b\n|-activate|p1a: Gengar|move: Protect\n|-resisted|p1b: Incineroar|1\n|-damage|p1b: Incineroar|88/100\n|-unboost|p1b: Incineroar|spe|1\n|\n|upkeep\n|turn|2\n|\n|t:|1776670832\n|move|p1a: Gengar|Perish Song|p1a: Gengar\n|-start|p1a: Gengar|perish3|[silent]\n|-start|p1b: Incineroar|perish3|[silent]\n|-start|p2a: Incineroar|perish3|[silent]\n|-start|p2b: Tinkaton|perish3|[silent]\n|-fieldactivate|move: Perish Song\n|move|p2a: Incineroar|Shadow Ball|p1a: Gengar\n|-supereffective|p1a: Gengar|1\n|-damage|p1a: Gengar|0 fnt\n|faint|p1a: Gengar\n|move|p2b: Tinkaton|Gigaton Hammer|p1b: Incineroar\n|-resisted|p1b: Incineroar|1\n|-damage|p1b: Incineroar|62/100\n|move|p1b: Incineroar|Throat Chop|p2a: Incineroar\n|-supereffective|p2a: Incineroar|1\n|-enditem|p2a: Incineroar|Focus Sash\n|-damage|p2a: Incineroar|1/100\n|-start|p2a: Incineroar|Throat Chop|[silent]\n|replace|p2a: Zoroark|Zoroark-Hisui, L50, M, shiny\n|-end|p2a: Zoroark|Illusion\n|\n|-start|p2a: Zoroark|perish3\n|-start|p2b: Tinkaton|perish3\n|-start|p1b: Incineroar|perish3\n|upkeep\n|\n|t:|1776670852\n|switch|p1a: Kommo-o|Kommo-o, L50, F|100/100\n|turn|3\n|\n|t:|1776670868\n|switch|p2b: Incineroar|Incineroar, L50, M|100/100\n|-ability|p2b: Incineroar|Intimidate|boost\n|-unboost|p1a: Kommo-o|atk|1\n|-unboost|p1b: Incineroar|atk|1\n|move|p2a: Zoroark|Icy Wind|p1a: Kommo-o|[spread] p1a,p1b\n|-supereffective|p1a: Kommo-o|1\n|-resisted|p1b: Incineroar|1\n|-crit|p1b: Incineroar\n|-damage|p1a: Kommo-o|69/100\n|-damage|p1b: Incineroar|54/100\n|-unboost|p1a: Kommo-o|spe|1\n|-unboost|p1b: Incineroar|spe|1\n|move|p1a: Kommo-o|Clangorous Soul|p1a: Kommo-o\n|-boost|p1a: Kommo-o|atk|1\n|-boost|p1a: Kommo-o|def|1\n|-boost|p1a: Kommo-o|spa|1\n|-boost|p1a: Kommo-o|spd|1\n|-boost|p1a: Kommo-o|spe|1\n|-damage|p1a: Kommo-o|36/100\n|move|p1b: Incineroar|Parting Shot|p2b: Incineroar\n|-unboost|p2b: Incineroar|atk|1\n|-unboost|p2b: Incineroar|spa|1\n|\n|t:|1776670886\n|switch|p1b: Sinistcha|Sinistcha, L50|100/100|[from] Parting Shot\n|-heal|p1a: Kommo-o|61/100|[from] ability: Hospitality|[of] p1b: Sinistcha\n|\n|-heal|p1a: Kommo-o|67/100|[from] item: Leftovers\n|-end|p2a: Zoroark|Throat Chop|[silent]\n|-start|p2a: Zoroark|perish2\n|upkeep\n|turn|4\n|\n|t:|1776670928\n|move|p1a: Kommo-o|Protect|p1a: Kommo-o\n|-singleturn|p1a: Kommo-o|Protect\n|move|p2b: Incineroar|Fake Out|p1a: Kommo-o\n|-activate|p1a: Kommo-o|move: Protect\n|move|p2a: Zoroark|Shadow Ball|p1b: Sinistcha\n|-supereffective|p1b: Sinistcha|1\n|-damage|p1b: Sinistcha|30/100\n|-enditem|p1b: Sinistcha|Sitrus Berry|[eat]\n|-heal|p1b: Sinistcha|54/100|[from] item: Sitrus Berry\n|move|p1b: Sinistcha|Matcha Gotcha|p2b: Incineroar|[spread] p2a,p2b\n|-crit|p2a: Zoroark\n|-resisted|p2b: Incineroar|1\n|-crit|p2b: Incineroar\n|-damage|p2a: Zoroark|0 fnt\n|-heal|p1b: Sinistcha|55/100|[from] drain|[of] p2a: Zoroark\n|-damage|p2b: Incineroar|82/100\n|-heal|p1b: Sinistcha|66/100|[from] drain|[of] p2b: Incineroar\n|faint|p2a: Zoroark\n|\n|-heal|p1a: Kommo-o|73/100|[from] item: Leftovers\n|upkeep\n|\n|t:|1776670934\n|switch|p2a: Floette|Floette-Eternal, L50, F, shiny|100/100\n|turn|5\n|-message|Jimmy_flcone forfeited.\n|\n|win|ppyyy-inertia\n|raw|Jimmy_flcone's rating: 1265 &rarr; <strong>1246</strong><br />(-19 for losing)\n|raw|ppyyy-inertia's rating: 1354 &rarr; <strong>1369</strong><br />(+15 for winning)\n|l|\u2606Jimmy_flcone\n|player|p1|\n",
  "uploadtime": 1776670972,
  "views": 8,
  "formatid": "gen9championsvgc2026regma",
  "rating": 1246,
  "private": 0,
  "password": null
}