{
  "id": "gen9championsvgc2026regma-2585245665",
  "format": "[Gen 9 Champions] VGC 2026 Reg M-A",
  "players": [
    "CBKreme",
    "melt112(green)"
  ],
  "log": "|j|\u2606CBKreme\n|j|\u2606melt112(green)\n|t:|1776329430\n|gametype|doubles\n|player|p1|CBKreme|interviewers|1045\n|player|p2|melt112(green)|pokemaniac|1000\n|gen|9\n|tier|[Gen 9 Champions] VGC 2026 Reg M-A\n|rated|\n|rule|Species Clause: Limit one of each Pok\u00e9mon\n|rule|Item Clause: Limit 1 of each item\n|clearpoke\n|poke|p1|Gardevoir, L50, F|\n|poke|p1|Ninetales-Alola, L50, F|\n|poke|p1|Froslass, L50, F|\n|poke|p1|Hatterene, L50, F|\n|poke|p1|Flapple, L50, F|\n|poke|p1|Gyarados, L50, M|\n|poke|p2|Hawlucha, L50, F|\n|poke|p2|Maushold-Four, L50|\n|poke|p2|Whimsicott, L50, M|\n|poke|p2|Sharpedo, L50, F|\n|poke|p2|Ceruledge, L50, F|\n|poke|p2|Chandelure, L50, M|\n|teampreview|4\n|inactive|Battle timer is ON: inactive players will automatically lose when time's up. (requested by CBKreme)\n|inactive|melt112(green) also wants the timer to be on.\n|j| majayong03\n|l| majayong03\n|\n|t:|1776329453\n|teamsize|p1|4\n|teamsize|p2|4\n|start\n|switch|p1a: Hatterene|Hatterene, L50, F|100/100\n|switch|p1b: Flapple|Flapple, L50, F, shiny|100/100\n|switch|p2a: Whimsicott|Whimsicott, L50, M|100/100\n|switch|p2b: Sharpedo|Sharpedo, L50, F, shiny|100/100\n|turn|1\n|\n|t:|1776329471\n|move|p2b: Sharpedo|Protect|p2b: Sharpedo\n|-singleturn|p2b: Sharpedo|Protect\n|move|p2a: Whimsicott|Leech Seed|p1a: Hatterene\n|move|p1a: Hatterene|Leech Seed|p2a: Whimsicott|[from] ability: Magic Bounce\n|-immune|p2a: Whimsicott\n|move|p1b: Flapple|Grav Apple|p2b: Sharpedo\n|-activate|p2b: Sharpedo|move: Protect\n|move|p1a: Hatterene|Trick Room|p1a: Hatterene\n|-fieldstart|move: Trick Room|[of] p1a: Hatterene\n|\n|-ability|p2b: Sharpedo|Speed Boost|boost\n|-boost|p2b: Sharpedo|spe|1\n|upkeep\n|turn|2\n|inactive|melt112(green) has 30 seconds left.\n|inactive|melt112(green) has 20 seconds left.\n|\n|t:|1776329509\n|move|p2a: Whimsicott|Leech Seed|p1b: Flapple\n|-immune|p1b: Flapple\n|move|p1a: Hatterene|Calm Mind|p1a: Hatterene\n|-boost|p1a: Hatterene|spa|1\n|-boost|p1a: Hatterene|spd|1\n|move|p1b: Flapple|Grav Apple|p2b: Sharpedo|[miss]\n|-miss|p1b: Flapple|p2b: Sharpedo\n|move|p2b: Sharpedo|Crunch|p1a: Hatterene\n|-damage|p1a: Hatterene|67/100\n|\n|-ability|p2b: Sharpedo|Speed Boost|boost\n|-boost|p2b: Sharpedo|spe|1\n|upkeep\n|turn|3\n|\n|t:|1776329528\n|move|p2a: Whimsicott|Protect|p2a: Whimsicott\n|-singleturn|p2a: Whimsicott|Protect\n|move|p1a: Hatterene|Mystical Fire|p2a: Whimsicott\n|-activate|p2a: Whimsicott|move: Protect\n|move|p1b: Flapple|Grav Apple|p2b: Sharpedo\n|-supereffective|p2b: Sharpedo|1\n|-damage|p2b: Sharpedo|0 fnt\n|faint|p2b: Sharpedo\n|\n|upkeep\n|\n|t:|1776329546\n|switch|p2b: Maushold|Maushold-Four, L50|100/100\n|turn|4\n|\n|t:|1776329568\n|move|p1a: Hatterene|Mystical Fire|p2a: Whimsicott\n|-supereffective|p2a: Whimsicott|1\n|-damage|p2a: Whimsicott|29/100\n|-unboost|p2a: Whimsicott|spa|1\n|move|p1b: Flapple|Grav Apple|p2b: Maushold\n|-damage|p2b: Maushold|8/100\n|-unboost|p2b: Maushold|def|1\n|move|p2a: Whimsicott|Grassy Glide|p1a: Hatterene\n|-damage|p1a: Hatterene|56/100\n|move|p2b: Maushold|Population Bomb|p1a: Hatterene\n|-damage|p1a: Hatterene|47/100\n|-damage|p1a: Hatterene|37/100\n|-damage|p1a: Hatterene|27/100\n|-damage|p1a: Hatterene|18/100\n|-damage|p1a: Hatterene|8/100\n|-damage|p1a: Hatterene|0 fnt\n|faint|p1a: Hatterene\n|-hitcount|p1: Hatterene|6\n|\n|upkeep\n|\n|t:|1776329591\n|switch|p1a: Gardevoir|Gardevoir, L50, F, shiny|100/100\n|-ability|p1a: Gardevoir|Prankster|Trace|[from] ability: Trace|[of] p2a: Whimsicott\n|turn|5\n|inactive|CBKreme has 30 seconds left.\n|\n|t:|1776329624\n|detailschange|p1a: Gardevoir|Gardevoir-Mega, L50, F, shiny\n|-mega|p1a: Gardevoir|Gardevoir|Gardevoirite\n|move|p2b: Maushold|Protect|p2b: Maushold\n|-singleturn|p2b: Maushold|Protect\n|move|p2a: Whimsicott|Leech Seed|p1a: Gardevoir\n|-start|p1a: Gardevoir|move: Leech Seed\n|move|p1b: Flapple|Acrobatics|p2a: Whimsicott|[miss]\n|-miss|p1b: Flapple|p2a: Whimsicott\n|move|p1a: Gardevoir|Hyper Voice|p2a: Whimsicott|[spread] p2a\n|-activate|p2b: Maushold|move: Protect\n|-damage|p2a: Whimsicott|0 fnt\n|faint|p2a: Whimsicott\n|\n|-fieldend|move: Trick Room\n|upkeep\n|\n|t:|1776329636\n|switch|p2a: Hawlucha|Hawlucha, L50, F, shiny|100/100\n|turn|6\n|inactive|melt112(green) has 30 seconds left.\n|inactive|melt112(green) has 20 seconds left.\n|\n|t:|1776329674\n|detailschange|p2a: Hawlucha|Hawlucha-Mega, L50, F, shiny\n|-mega|p2a: Hawlucha|Hawlucha|Hawluchanite\n|move|p2a: Hawlucha|Brave Bird|p1b: Flapple\n|-supereffective|p1b: Flapple|1\n|-damage|p1b: Flapple|0 fnt\n|faint|p1b: Flapple\n|-damage|p2a: Hawlucha|70/100|[from] Recoil\n|move|p1a: Gardevoir|Hyper Voice|p2b: Maushold|[spread] p2a,p2b\n|-supereffective|p2a: Hawlucha|1\n|-damage|p2a: Hawlucha|0 fnt\n|-damage|p2b: Maushold|0 fnt\n|faint|p2a: Hawlucha\n|faint|p2b: Maushold\n|\n|win|CBKreme\n|raw|CBKreme's rating: 1045 &rarr; <strong>1074</strong><br />(+29 for winning)\n|raw|melt112(green)'s rating: 1000 &rarr; <strong>1000</strong><br />(+0 for losing)\n|l|\u2606melt112(green)\n|player|p2|\n",
  "uploadtime": 1776329685,
  "views": 17,
  "formatid": "gen9championsvgc2026regma",
  "rating": 1000,
  "private": 0,
  "password": null
}