{
  "id": "gen9championsvgc2026regma-2583079504",
  "format": "[Gen 9 Champions] VGC 2026 Reg M-A",
  "players": [
    "OxMaster7492",
    "alt3rs0ul"
  ],
  "log": "|j|\u2606OxMaster7492\n|j|\u2606alt3rs0ul\n|t:|1776139664\n|gametype|doubles\n|player|p1|OxMaster7492|2|1055\n|player|p2|alt3rs0ul|gambler|1000\n|gen|9\n|tier|[Gen 9 Champions] VGC 2026 Reg M-A\n|rated|\n|rule|Species Clause: Limit one of each Pok\u00e9mon\n|rule|Item Clause: Limit 1 of each item\n|clearpoke\n|poke|p1|Tauros-Paldea-Blaze, L50, M|\n|poke|p1|Hydrapple, L50, F|\n|poke|p1|Sneasler, L50, F|\n|poke|p1|Kingambit, L50, M|\n|poke|p1|Farigiraf, L50, M|\n|poke|p1|Gengar, L50, F|\n|poke|p2|Chesnaught, L50, M|\n|poke|p2|Golurk, L50|\n|poke|p2|Sinistcha, L50|\n|poke|p2|Farigiraf, L50, M|\n|poke|p2|Ninetales-Alola, L50, F|\n|poke|p2|Maushold-Four, L50|\n|teampreview|4\nalt3rs0ul has agreed to open team sheets.\n|\n|t:|1776139707\n|teamsize|p1|4\n|teamsize|p2|4\n|start\n|switch|p1a: Gengar|Gengar, L50, F|100/100\n|switch|p1b: Kingambit|Kingambit, L50, M|100/100\n|switch|p2a: Maushold|Maushold-Four, L50|100/100\n|switch|p2b: Farigiraf|Farigiraf, L50, M|100/100\n|turn|1\n|\n|t:|1776139734\n|detailschange|p1a: Gengar|Gengar-Mega, L50, F\n|-mega|p1a: Gengar|Gengar|Gengarite\n|move|p2a: Maushold|Follow Me|p2a: Maushold\n|-singleturn|p2a: Maushold|move: Follow Me\n|move|p1a: Gengar|Perish Song|p1a: Gengar\n|-start|p1a: Gengar|perish3|[silent]\n|-start|p1b: Kingambit|perish3|[silent]\n|-start|p2a: Maushold|perish3|[silent]\n|-start|p2b: Farigiraf|perish3|[silent]\n|-fieldactivate|move: Perish Song\n|move|p1b: Kingambit|Kowtow Cleave|p2a: Maushold\n|-damage|p2a: Maushold|25/100\n|move|p2b: Farigiraf|Trick Room|p2b: Farigiraf\n|-fieldstart|move: Trick Room|[of] p2b: Farigiraf\n|\n|-start|p1b: Kingambit|perish3\n|-start|p2b: Farigiraf|perish3\n|-start|p2a: Maushold|perish3\n|-start|p1a: Gengar|perish3\n|upkeep\n|turn|2\n|\n|t:|1776139762\n|move|p1a: Gengar|Protect|p1a: Gengar\n|-singleturn|p1a: Gengar|Protect\n|move|p1b: Kingambit|Kowtow Cleave|p2b: Farigiraf\n|-supereffective|p2b: Farigiraf|1\n|-damage|p2b: Farigiraf|13/100\n|move|p2b: Farigiraf|Psychic|p1a: Gengar\n|-activate|p1a: Gengar|move: Protect\n|move|p2a: Maushold|Encore|p1a: Gengar\n|-activate|p1a: Gengar|move: Protect\n|\n|-start|p1b: Kingambit|perish2\n|-start|p2b: Farigiraf|perish2\n|-start|p2a: Maushold|perish2\n|-start|p1a: Gengar|perish2\n|upkeep\n|turn|3\n|\n|t:|1776139793\n|move|p2a: Maushold|Follow Me|p2a: Maushold\n|-singleturn|p2a: Maushold|move: Follow Me\n|move|p1b: Kingambit|Sucker Punch||[still]\n|cant|p2b: Farigiraf|ability: Armor Tail|Sucker Punch|[of] p1b: Kingambit\n|move|p2b: Farigiraf|Psychic|p1a: Gengar\n|-supereffective|p1a: Gengar|1\n|-damage|p1a: Gengar|0 fnt\n|faint|p1a: Gengar\n|\n|-start|p1b: Kingambit|perish1\n|-start|p2b: Farigiraf|perish1\n|-start|p2a: Maushold|perish1\n|upkeep\n|\n|t:|1776139812\n|switch|p1a: Tauros|Tauros-Paldea-Blaze, L50, M|100/100\n|-ability|p1a: Tauros|Intimidate|boost\n|-unboost|p2a: Maushold|atk|1\n|-unboost|p2b: Farigiraf|atk|1\n|turn|4\n|\n|t:|1776139838\n|switch|p1b: Sneasler|Sneasler, L50, F|100/100\n|switch|p2b: Chesnaught|Chesnaught, L50, M, shiny|100/100\n|switch|p2a: Sinistcha|Sinistcha, L50|100/100\n|move|p1a: Tauros|Raging Bull|p2a: Sinistcha\n|-supereffective|p2a: Sinistcha|1\n|-damage|p2a: Sinistcha|39/100\n|\n|-heal|p2a: Sinistcha|45/100|[from] item: Leftovers\n|upkeep\n|turn|5\n|\n|t:|1776139865\n|detailschange|p2b: Chesnaught|Chesnaught-Mega, L50, M, shiny\n|-mega|p2b: Chesnaught|Chesnaught|Chesnaughtite\n|move|p2a: Sinistcha|Protect|p2a: Sinistcha\n|-singleturn|p2a: Sinistcha|Protect\n|move|p1a: Tauros|Protect|p1a: Tauros\n|-singleturn|p1a: Tauros|Protect\n|move|p1b: Sneasler|Protect|p1b: Sneasler\n|-singleturn|p1b: Sneasler|Protect\n|move|p2b: Chesnaught|Earthquake|p1a: Tauros|[spread] \n|-activate|p2a: Sinistcha|move: Protect\n|-activate|p1a: Tauros|move: Protect\n|-activate|p1b: Sneasler|move: Protect\n|\n|-heal|p2a: Sinistcha|51/100|[from] item: Leftovers\n|-fieldend|move: Trick Room\n|upkeep\n|turn|6\n|\n|t:|1776139888\n|move|p2b: Chesnaught|Spiky Shield|p2b: Chesnaught\n|-singleturn|p2b: Chesnaught|move: Protect\n|move|p1b: Sneasler|Dire Claw|p2b: Chesnaught\n|-activate|p2b: Chesnaught|move: Protect\n|-damage|p1b: Sneasler|88/100|[from] Spiky Shield|[of] p2b: Chesnaught\n|move|p1a: Tauros|Will-O-Wisp|p2b: Chesnaught\n|-activate|p2b: Chesnaught|move: Protect\n|move|p2a: Sinistcha|Trick Room|p2a: Sinistcha\n|-fieldstart|move: Trick Room|[of] p2a: Sinistcha\n|\n|-heal|p2a: Sinistcha|57/100|[from] item: Leftovers\n|upkeep\n|turn|7\n|\n|t:|1776139928\n|move|p2a: Sinistcha|Protect|p2a: Sinistcha\n|-singleturn|p2a: Sinistcha|Protect\n|move|p2b: Chesnaught|Earthquake|p1a: Tauros|[spread] p1a,p1b\n|-activate|p2a: Sinistcha|move: Protect\n|-supereffective|p1a: Tauros|1\n|-crit|p1a: Tauros\n|-supereffective|p1b: Sneasler|1\n|-damage|p1a: Tauros|0 fnt\n|-damage|p1b: Sneasler|0 fnt\n|faint|p1a: Tauros\n|faint|p1b: Sneasler\n|\n|-heal|p2a: Sinistcha|63/100|[from] item: Leftovers\n|upkeep\n|\n|t:|1776139947\n|switch|p1b: Kingambit|Kingambit, L50, M|100/100\n|turn|8\n|\n|t:|1776139956\n|move|p2a: Sinistcha|Rage Powder|p2a: Sinistcha\n|-singleturn|p2a: Sinistcha|move: Rage Powder\n|move|p2b: Chesnaught|Body Press|p1b: Kingambit\n|-supereffective|p1b: Kingambit|2\n|-damage|p1b: Kingambit|0 fnt\n|faint|p1b: Kingambit\n|\n|win|alt3rs0ul\n|raw|OxMaster7492's rating: 1055 &rarr; <strong>1034</strong><br />(-21 for losing)\n|raw|alt3rs0ul's rating: 1000 &rarr; <strong>1046</strong><br />(+46 for winning)\n|l|\u2606OxMaster7492\n|player|p1|\n",
  "uploadtime": 1776139963,
  "views": 20,
  "formatid": "gen9championsvgc2026regma",
  "rating": 1034,
  "private": 0,
  "password": null
}