{
  "id": "gen9championsvgc2026regma-2585271613",
  "format": "[Gen 9 Champions] VGC 2026 Reg M-A",
  "players": [
    "Nait02",
    "0427am"
  ],
  "log": "|j|\u203dNait02\n|j|\u26060427am\n|t:|1776332333\n|gametype|doubles\n|player|p1|Nait02|hilda-masters2|1087\n|player|p2|0427am|erika|1061\n|gen|9\n|tier|[Gen 9 Champions] VGC 2026 Reg M-A\n|rated|\n|rule|Species Clause: Limit one of each Pok\u00e9mon\n|rule|Item Clause: Limit 1 of each item\n|clearpoke\n|poke|p1|Gengar, L50, F|\n|poke|p1|Blastoise, L50, F|\n|poke|p1|Altaria, L50, F|\n|poke|p1|Kommo-o, L50, F|\n|poke|p1|Incineroar, L50, M|\n|poke|p1|Maushold-Four, L50|\n|poke|p2|Venusaur, L50, F|\n|poke|p2|Incineroar, L50, M|\n|poke|p2|Garchomp, L50, M|\n|poke|p2|Corviknight, L50, M|\n|poke|p2|Basculegion, L50, M|\n|poke|p2|Ninetales-Alola, L50, F|\n|teampreview|4\n|inactive|Battle timer is ON: inactive players will automatically lose when time's up. (requested by Nait02)\n|inactive|Nait02 has 60 seconds left.\n|inactive|0427am has 60 seconds left.\n|inactive|0427am has 30 seconds left.\n|inactive|0427am has 20 seconds left.\n|\n|t:|1776332407\n|teamsize|p1|4\n|teamsize|p2|4\n|start\n|switch|p1a: Gengar|Gengar, L50, F|100/100\n|switch|p1b: Incineroar|Incineroar, L50, M|100/100\n|switch|p2a: Basculegion|Basculegion, L50, M|100/100\n|switch|p2b: Venusaur|Venusaur, L50, F|100/100\n|-ability|p1b: Incineroar|Intimidate|boost\n|-unboost|p2a: Basculegion|atk|1\n|-unboost|p2b: Venusaur|atk|1\n|turn|1\n|\n|t:|1776332429\n|detailschange|p1a: Gengar|Gengar-Mega, L50, F\n|-mega|p1a: Gengar|Gengar|Gengarite\n|detailschange|p2b: Venusaur|Venusaur-Mega, L50, F\n|-mega|p2b: Venusaur|Venusaur|Venusaurite\n|move|p1b: Incineroar|Fake Out|p2b: Venusaur\n|-damage|p2b: Venusaur|92/100\n|move|p2a: Basculegion|Flip Turn|p1b: Incineroar\n|-supereffective|p1b: Incineroar|1\n|-damage|p1b: Incineroar|51/100\n|\n|t:|1776332440\n|switch|p2a: Incineroar|Incineroar, L50, M|100/100|[from] Flip Turn\n|-ability|p2a: Incineroar|Intimidate|boost\n|-unboost|p1a: Gengar|atk|1\n|-unboost|p1b: Incineroar|atk|1\n|move|p1a: Gengar|Shadow Ball|p2a: Incineroar\n|-resisted|p2a: Incineroar|1\n|-damage|p2a: Incineroar|86/100\n|cant|p2b: Venusaur|flinch\n|\n|upkeep\n|turn|2\n|inactive|0427am has 30 seconds left.\n|inactive|0427am has 20 seconds left.\n|inactive|0427am has 15 seconds left.\n|\n|t:|1776332484\n|move|p1a: Gengar|Perish Song|p1a: Gengar\n|-start|p1a: Gengar|perish3|[silent]\n|-start|p1b: Incineroar|perish3|[silent]\n|-start|p2a: Incineroar|perish3|[silent]\n|-start|p2b: Venusaur|perish3|[silent]\n|-fieldactivate|move: Perish Song\n|move|p2b: Venusaur|Earth Power|p1b: Incineroar\n|-supereffective|p1b: Incineroar|1\n|-damage|p1b: Incineroar|15/100\n|-enditem|p1b: Incineroar|Sitrus Berry|[eat]\n|-heal|p1b: Incineroar|40/100|[from] item: Sitrus Berry\n|move|p2a: Incineroar|Parting Shot|p1a: Gengar\n|-unboost|p1a: Gengar|atk|1\n|-unboost|p1a: Gengar|spa|1\n|\n|t:|1776332498\n|switch|p2a: Basculegion|Basculegion, L50, M|100/100|[from] Parting Shot\n|move|p1b: Incineroar|Parting Shot|p2b: Venusaur\n|-unboost|p2b: Venusaur|atk|1\n|-unboost|p2b: Venusaur|spa|1\n|\n|t:|1776332505\n|switch|p1b: Maushold|Maushold-Four, L50|100/100|[from] Parting Shot\n|\n|-start|p1a: Gengar|perish3\n|-start|p2b: Venusaur|perish3\n|upkeep\n|turn|3\n|\n|t:|1776332526\n|move|p1a: Gengar|Protect|p1a: Gengar\n|-singleturn|p1a: Gengar|Protect\n|move|p1b: Maushold|Protect|p1b: Maushold\n|-singleturn|p1b: Maushold|Protect\n|move|p2a: Basculegion|Flip Turn|p1a: Gengar\n|-activate|p1a: Gengar|move: Protect\n|move|p2b: Venusaur|Sludge Bomb|p1b: Maushold\n|-activate|p1b: Maushold|move: Protect\n|\n|-start|p1a: Gengar|perish2\n|-start|p2b: Venusaur|perish2\n|upkeep\n|turn|4\n|inactive|Nait02 has 30 seconds left.\n|inactive|Nait02 has 20 seconds left.\n|inactive|Nait02 has 15 seconds left.\n|inactive|Nait02 has 10 seconds left.\n|inactive|Nait02 has 5 seconds left.\n|\n|t:|1776332581\n|switch|p1a: Altaria|Altaria, L50, F|100/100\n|-ability|p1a: Altaria|Cloud Nine\n|move|p2a: Basculegion|Flip Turn|p1b: Maushold\n|-damage|p1b: Maushold|50/100\n|\n|t:|1776332590\n|switch|p2a: Incineroar|Incineroar, L50, M|86/100|[from] Flip Turn\n|-ability|p2a: Incineroar|Intimidate|boost\n|-unboost|p1a: Altaria|atk|1\n|-unboost|p1b: Maushold|atk|1\n|move|p1b: Maushold|U-turn|p2b: Venusaur\n|-damage|p2b: Venusaur|85/100\n|\n|t:|1776332594\n|switch|p1b: Gengar|Gengar-Mega, L50, F|100/100|[from] U-turn\n|move|p2b: Venusaur|Sludge Bomb|p1b: Gengar\n|-resisted|p1b: Gengar|2\n|-damage|p1b: Gengar|94/100\n|\n|-start|p2b: Venusaur|perish1\n|upkeep\n|turn|5\n|inactive|0427am has 30 seconds left.\n|\n|t:|1776332620\n|move|p1b: Gengar|Substitute|p1b: Gengar\n|-start|p1b: Gengar|Substitute\n|-damage|p1b: Gengar|69/100\n|move|p2b: Venusaur|Sludge Bomb|p1a: Altaria\n|-damage|p1a: Altaria|82/100\n|move|p1a: Altaria|Draco Meteor|p2a: Incineroar\n|-damage|p2a: Incineroar|63/100\n|-unboost|p1a: Altaria|spa|2\n|move|p2a: Incineroar|Parting Shot|p2b: Venusaur\n|-unboost|p2b: Venusaur|atk|1\n|-unboost|p2b: Venusaur|spa|1\n|\n|t:|1776332635\n|switch|p2a: Basculegion|Basculegion, L50, M|100/100|[from] Parting Shot\n|\n|-heal|p1a: Altaria|88/100|[from] item: Leftovers\n|-start|p2b: Venusaur|perish0\n|upkeep\n|faint|p2b: Venusaur\n|\n|t:|1776332641\n|switch|p2b: Incineroar|Incineroar, L50, M|63/100\n|-ability|p2b: Incineroar|Intimidate|boost\n|-unboost|p1a: Altaria|atk|1\n|-immune|p1b: Gengar\n|turn|6\n|\n|t:|1776332666\n|move|p2b: Incineroar|Fake Out|p1a: Altaria\n|-damage|p1a: Altaria|76/100\n|move|p2a: Basculegion|Flip Turn|p1b: Gengar\n|-end|p1b: Gengar|Substitute\n|\n|t:|1776332671\n|switch|p2a: Garchomp|Garchomp, L50, M|100/100|[from] Flip Turn\n|move|p1b: Gengar|Shadow Ball|p2a: Garchomp\n|-damage|p2a: Garchomp|49/100\n|cant|p1a: Altaria|flinch\n|\n|-heal|p1a: Altaria|82/100|[from] item: Leftovers\n|upkeep\n|turn|7\n|\n|t:|1776332691\n|move|p1a: Altaria|Protect|p1a: Altaria\n|-singleturn|p1a: Altaria|Protect\n|move|p1b: Gengar|Shadow Ball|p2a: Garchomp\n|-damage|p2a: Garchomp|1/100\n|move|p2a: Garchomp|Rock Slide|p1a: Altaria|[spread] p1b\n|-activate|p1a: Altaria|move: Protect\n|-damage|p1b: Gengar|44/100\n|move|p2b: Incineroar|Throat Chop|p1b: Gengar\n|-supereffective|p1b: Gengar|1\n|-damage|p1b: Gengar|0 fnt\n|faint|p1b: Gengar\n|\n|-heal|p1a: Altaria|88/100|[from] item: Leftovers\n|upkeep\n|\n|t:|1776332698\n|switch|p1b: Incineroar|Incineroar, L50, M|40/100\n|-ability|p1b: Incineroar|Intimidate|boost\n|-unboost|p2a: Garchomp|atk|1\n|-unboost|p2b: Incineroar|atk|1\n|turn|8\n|\n|t:|1776332716\n|switch|p2a: Basculegion|Basculegion, L50, M|100/100\n|move|p1b: Incineroar|Fake Out|p2a: Basculegion\n|-immune|p2a: Basculegion\n|move|p1a: Altaria|Roost|p1a: Altaria\n|-heal|p1a: Altaria|100/100\n|-singleturn|p1a: Altaria|move: Roost\n|move|p2b: Incineroar|Parting Shot|p1a: Altaria\n|-unboost|p1a: Altaria|atk|1\n|-unboost|p1a: Altaria|spa|1\n|\n|t:|1776332722\n|switch|p2b: Garchomp|Garchomp, L50, M|1/100|[from] Parting Shot\n|\n|upkeep\n|turn|9\n|\n|t:|1776332733\n|switch|p1a: Maushold|Maushold-Four, L50|50/100\n|move|p2a: Basculegion|Flip Turn|p1b: Incineroar\n|-supereffective|p1b: Incineroar|1\n|-damage|p1b: Incineroar|0 fnt\n|faint|p1b: Incineroar\n|\n|t:|1776332740\n|switch|p2a: Incineroar|Incineroar, L50, M|63/100|[from] Flip Turn\n|-ability|p2a: Incineroar|Intimidate|boost\n|-unboost|p1a: Maushold|atk|1\n|move|p2b: Garchomp|Dragon Claw|p1a: Maushold\n|-damage|p1a: Maushold|0 fnt\n|faint|p1a: Maushold\n|\n|upkeep\n|-message|Nait02 forfeited.\n|\n|win|0427am\n|raw|Nait02's rating: 1087 &rarr; <strong>1062</strong><br />(-25 for losing)\n|raw|0427am's rating: 1061 &rarr; <strong>1094</strong><br />(+33 for winning)\n",
  "uploadtime": 1776332741,
  "views": 16,
  "formatid": "gen9championsvgc2026regma",
  "rating": 1062,
  "private": 0,
  "password": null
}