{
  "id": "gen9championsvgc2026regma-2580786300",
  "format": "[Gen 9 Champions] VGC 2026 Reg M-A",
  "players": [
    "LamestAmos",
    "fangyusuhe"
  ],
  "log": "|j|\u2606LamestAmos\n|j|\u2606fangyusuhe\n|t:|1775932376\n|gametype|doubles\n|player|p1|LamestAmos|veteran|\n|player|p2|fangyusuhe|dawn|\n|gen|9\n|tier|[Gen 9 Champions] VGC 2026 Reg M-A\n|rated|Tournament battle\n|rule|Species Clause: Limit one of each Pok\u00e9mon\n|rule|Item Clause: Limit 1 of each item\n|clearpoke\n|poke|p1|Aggron, L50, F|\n|poke|p1|Sinistcha-Masterpiece, L50|\n|poke|p1|Incineroar, L50, F|\n|poke|p1|Sneasler, L50, F|\n|poke|p1|Politoed, L50, M|\n|poke|p1|Garchomp, L50, F|\n|poke|p2|Charizard, L50, F|\n|poke|p2|Sneasler, L50, F|\n|poke|p2|Basculegion, L50, M|\n|poke|p2|Garchomp, L50, F|\n|poke|p2|Incineroar, L50, F|\n|poke|p2|Venusaur, L50, F|\n|teampreview|4\n|c|\u2606LamestAmos|glhf\n|inactive|Battle timer is ON: inactive players will automatically lose when time's up. (requested by fangyusuhe)\n|inactive|LamestAmos has 60 seconds left.\n|inactive|LamestAmos has 30 seconds left.\n|\n|t:|1775932485\n|teamsize|p1|4\n|teamsize|p2|4\n|start\n|switch|p1a: The Wall|Aggron, L50, F|100/100\n|switch|p1b: Incineroar|Incineroar, L50, F|100/100\n|switch|p2a: Sneasler|Sneasler, L50, F|100/100\n|switch|p2b: Basculegion|Basculegion, L50, M|100/100\n|-ability|p1b: Incineroar|Intimidate|boost\n|-unboost|p2a: Sneasler|atk|1\n|-unboost|p2b: Basculegion|atk|1\n|-enditem|p2a: Sneasler|White Herb\n|-clearnegativeboost|p2a: Sneasler|[silent]\n|turn|1\n|inactive|LamestAmos has 30 seconds left.\n|\n|t:|1775932519\n|detailschange|p1a: The Wall|Aggron-Mega, L50, F\n|-mega|p1a: The Wall|Aggron|Aggronite\n|move|p2a: Sneasler|Close Combat|p1a: The Wall\n|-supereffective|p1a: The Wall|1\n|-damage|p1a: The Wall|54/100\n|-unboost|p2a: Sneasler|def|1\n|-unboost|p2a: Sneasler|spd|1\n|move|p2b: Basculegion|Flip Turn|p1a: The Wall\n|-damage|p1a: The Wall|42/100\n|\n|t:|1775932525\n|switch|p2b: Venusaur|Venusaur, L50, F|100/100|[from] Flip Turn\n|move|p1b: Incineroar|Parting Shot|p2a: Sneasler\n|-unboost|p2a: Sneasler|atk|1\n|-unboost|p2a: Sneasler|spa|1\n|\n|t:|1775932534\n|switch|p1b: Sinistcha|Sinistcha-Masterpiece, L50|100/100|[from] Parting Shot\n|-heal|p1a: The Wall|67/100|[from] ability: Hospitality|[of] p1b: Sinistcha\n|move|p1a: The Wall|Iron Defense|p1a: The Wall\n|-boost|p1a: The Wall|def|2\n|\n|upkeep\n|turn|2\n|\n|t:|1775932544\n|move|p1a: The Wall|Protect|p1a: The Wall\n|-singleturn|p1a: The Wall|Protect\n|move|p2a: Sneasler|Dire Claw|p1b: Sinistcha\n|-damage|p1b: Sinistcha|72/100\n|-status|p1b: Sinistcha|slp\n|move|p2b: Venusaur|Sleep Powder|p1a: The Wall\n|-activate|p1a: The Wall|move: Protect\n|cant|p1b: Sinistcha|slp\n|\n|upkeep\n|turn|3\n|inactive|LamestAmos has 30 seconds left.\n|\n|t:|1775932577\n|move|p2a: Sneasler|Close Combat|p1a: The Wall\n|-supereffective|p1a: The Wall|1\n|-damage|p1a: The Wall|51/100\n|-unboost|p2a: Sneasler|def|1\n|-unboost|p2a: Sneasler|spd|1\n|move|p2b: Venusaur|Energy Ball|p1a: The Wall\n|-resisted|p1a: The Wall|1\n|-damage|p1a: The Wall|32/100\n|move|p1a: The Wall|Heavy Slam|p2a: Sneasler\n|-crit|p2a: Sneasler\n|-damage|p2a: Sneasler|0 fnt\n|faint|p2a: Sneasler\n|cant|p1b: Sinistcha|slp\n|\n|upkeep\n|\n|t:|1775932585\n|switch|p2a: Basculegion|Basculegion, L50, M|100/100\n|turn|4\n|\n|t:|1775932602\n|switch|p1b: Incineroar|Incineroar, L50, F|100/100\n|-ability|p1b: Incineroar|Intimidate|boost\n|-unboost|p2a: Basculegion|atk|1\n|-unboost|p2b: Venusaur|atk|1\n|move|p1a: The Wall|Protect|p1a: The Wall\n|-singleturn|p1a: The Wall|Protect\n|move|p2a: Basculegion|Wave Crash|p1a: The Wall\n|-activate|p1a: The Wall|move: Protect\n|move|p2b: Venusaur|Sludge Bomb|p1b: Incineroar\n|-damage|p1b: Incineroar|61/100\n|\n|upkeep\n|turn|5\n|inactive|LamestAmos has 30 seconds left.\n|\n|t:|1775932629\n|switch|p2a: Charizard|Charizard, L50, F|100/100\n|move|p2b: Venusaur|Protect|p2b: Venusaur\n|-singleturn|p2b: Venusaur|Protect\n|move|p1b: Incineroar|Fake Out|p2b: Venusaur\n|-activate|p2b: Venusaur|move: Protect\n|move|p1a: The Wall|Heavy Slam|p2b: Venusaur\n|-activate|p2b: Venusaur|move: Protect\n|\n|upkeep\n|turn|6\n|\n|t:|1775932644\n|move|p1a: The Wall|Protect|p1a: The Wall\n|-singleturn|p1a: The Wall|Protect\n|move|p2a: Charizard|Heat Wave|p1b: Incineroar|[spread] \n|-activate|p1a: The Wall|move: Protect\n|-miss|p2a: Charizard|p1b: Incineroar\n|move|p2b: Venusaur|Sleep Powder|p1b: Incineroar\n|-status|p1b: Incineroar|slp|[from] move: Sleep Powder\n|cant|p1b: Incineroar|slp\n|\n|upkeep\n|turn|7\n|\n|t:|1775932664\n|switch|p1a: Sinistcha|Sinistcha-Masterpiece, L50|72/100 slp\n|-heal|p1b: Incineroar|86/100 slp|[from] ability: Hospitality|[of] p1a: Sinistcha\n|move|p2a: Charizard|Heat Wave|p1a: Sinistcha|[spread] p1a,p1b\n|-supereffective|p1a: Sinistcha|1\n|-resisted|p1b: Incineroar|1\n|-damage|p1a: Sinistcha|4/100 slp\n|-damage|p1b: Incineroar|70/100 slp\n|move|p2b: Venusaur|Sludge Bomb|p1b: Incineroar\n|-damage|p1b: Incineroar|35/100 slp\n|-enditem|p1b: Incineroar|Sitrus Berry|[eat]\n|-heal|p1b: Incineroar|60/100 slp|[from] item: Sitrus Berry\n|cant|p1b: Incineroar|slp\n|\n|upkeep\n|turn|8\n|\n|t:|1775932682\n|move|p2a: Charizard|Air Slash|p1b: Incineroar\n|-damage|p1b: Incineroar|27/100 slp\n|move|p2b: Venusaur|Sludge Bomb|p1a: Sinistcha\n|-damage|p1a: Sinistcha|0 fnt\n|faint|p1a: Sinistcha\n|-curestatus|p1b: Incineroar|slp|[msg]\n|move|p1b: Incineroar|Parting Shot|p2a: Charizard\n|-unboost|p2a: Charizard|atk|1\n|-unboost|p2a: Charizard|spa|1\n|\n|t:|1775932693\n|switch|p1b: The Wall|Aggron-Mega, L50, F|32/100|[from] Parting Shot\n|\n|upkeep\n|\n|t:|1775932697\n|switch|p1a: Incineroar|Incineroar, L50, F|27/100\n|-ability|p1a: Incineroar|Intimidate|boost\n|-unboost|p2a: Charizard|atk|1\n|-unboost|p2b: Venusaur|atk|1\n|turn|9\n|\n|t:|1775932707\n|switch|p2a: Basculegion|Basculegion, L50, M|100/100\n|move|p1a: Incineroar|Fake Out|p2a: Basculegion\n|-immune|p2a: Basculegion\n|move|p2b: Venusaur|Sleep Powder|p1b: The Wall|[miss]\n|-miss|p2b: Venusaur|p1b: The Wall\n|move|p1b: The Wall|Heavy Slam|p2b: Venusaur\n|-damage|p2b: Venusaur|51/100\n|\n|upkeep\n|turn|10\n|\n|t:|1775932725\n|move|p2a: Basculegion|Flip Turn|p1a: Incineroar\n|-supereffective|p1a: Incineroar|1\n|-damage|p1a: Incineroar|0 fnt\n|faint|p1a: Incineroar\n|\n|t:|1775932727\n|switch|p2a: Charizard|Charizard, L50, F|100/100|[from] Flip Turn\n|move|p2b: Venusaur|Sleep Powder|p1b: The Wall|[miss]\n|-miss|p2b: Venusaur|p1b: The Wall\n|move|p1b: The Wall|Heavy Slam|p2b: Venusaur\n|-damage|p2b: Venusaur|2/100\n|\n|upkeep\n|\n|t:|1775932738\n|switch|p1a: Politoed|Politoed, L50, M|100/100\n|-weather|RainDance|[from] ability: Drizzle|[of] p1a: Politoed\n|turn|11\n|\n|t:|1775932748\n|detailschange|p2a: Charizard|Charizard-Mega-Y, L50, F\n|-mega|p2a: Charizard|Charizard|Charizardite Y\n|-weather|SunnyDay|[from] ability: Drought|[of] p2a: Charizard\n|move|p2b: Venusaur|Energy Ball|p1a: Politoed\n|-supereffective|p1a: Politoed|1\n|-damage|p1a: Politoed|36/100\n|move|p2a: Charizard|Heat Wave|p1b: The Wall|[spread] p1a,p1b\n|-resisted|p1a: Politoed|1\n|-supereffective|p1b: The Wall|1\n|-damage|p1a: Politoed|9/100\n|-damage|p1b: The Wall|0 fnt\n|faint|p1b: The Wall\n|move|p1a: Politoed|Muddy Water|p2b: Venusaur|[spread] p2a,p2b\n|-supereffective|p2a: Charizard|1\n|-resisted|p2b: Venusaur|1\n|-damage|p2a: Charizard|78/100\n|-damage|p2b: Venusaur|0 fnt\n|faint|p2b: Venusaur\n|\n|-weather|SunnyDay|[upkeep]\n|-heal|p1a: Politoed|15/100|[from] item: Leftovers\n|upkeep\n|c|\u2606LamestAmos|gg wp\n|\n|t:|1775932757\n|switch|p2b: Basculegion|Basculegion, L50, M|100/100\n|turn|12\n|\n|t:|1775932768\n|move|p2b: Basculegion|Wave Crash|p1a: Politoed\n|-resisted|p1a: Politoed|1\n|-crit|p1a: Politoed\n|-damage|p1a: Politoed|0 fnt\n|faint|p1a: Politoed\n|-damage|p2b: Basculegion|95/100|[from] Recoil\n|\n|win|fangyusuhe\n|n|\u2606LamestAmos|lamestamos\n|n|\u2606fangyusuhe|fangyusuhe\n",
  "uploadtime": 1775932776,
  "views": 11,
  "formatid": "gen9championsvgc2026regma",
  "rating": null,
  "private": 0,
  "password": null
}