{
  "id": "gen9championsvgc2026regma-2586094249",
  "format": "[Gen 9 Champions] VGC 2026 Reg M-A",
  "players": [
    "jhonny2307",
    "shuutoo90"
  ],
  "log": "|j|\u203djhonny2307\n|j|\u2606shuutoo90\n|t:|1776398330\n|gametype|doubles\n|player|p1|jhonny2307|266|1078\n|player|p2|shuutoo90|169|1000\n|gen|9\n|tier|[Gen 9 Champions] VGC 2026 Reg M-A\n|rated|\n|rule|Species Clause: Limit one of each Pok\u00e9mon\n|rule|Item Clause: Limit 1 of each item\n|clearpoke\n|poke|p1|Gengar, L50, M|\n|poke|p1|Maushold, L50|\n|poke|p1|Basculegion, L50, M|\n|poke|p1|Archaludon, L50, F|\n|poke|p1|Incineroar, L50, F|\n|poke|p1|Pelipper, L50, M|\n|poke|p2|Archaludon, L50, M|\n|poke|p2|Basculegion, L50, M|\n|poke|p2|Sylveon, L50, F|\n|poke|p2|Pelipper, L50, M|\n|poke|p2|Dragonite, L50, F|\n|poke|p2|Incineroar, L50, F|\n|teampreview|4\n|\n|t:|1776398375\n|teamsize|p1|4\n|teamsize|p2|4\n|start\n|switch|p1a: Gengar|Gengar, L50, M|100/100\n|switch|p1b: Maushold|Maushold, L50|100/100\n|switch|p2a: Dragonite|Dragonite, L50, F|100/100\n|switch|p2b: Basculegion|Basculegion, L50, M, shiny|100/100\n|turn|1\n|\n|t:|1776398410\n|detailschange|p1a: Gengar|Gengar-Mega, L50, M\n|-mega|p1a: Gengar|Gengar|Gengarite\n|detailschange|p2a: Dragonite|Dragonite-Mega, L50, F\n|-mega|p2a: Dragonite|Dragonite|Dragoninite\n|move|p1b: Maushold|Follow Me|p1b: Maushold\n|-singleturn|p1b: Maushold|move: Follow Me\n|move|p2b: Basculegion|Last Respects|p1b: Maushold\n|-immune|p1b: Maushold\n|move|p1a: Gengar|Perish Song|p1a: Gengar\n|-start|p1a: Gengar|perish3|[silent]\n|-start|p1b: Maushold|perish3|[silent]\n|-start|p2a: Dragonite|perish3|[silent]\n|-start|p2b: Basculegion|perish3|[silent]\n|-fieldactivate|move: Perish Song\n|move|p2a: Dragonite|Dragon Pulse|p1b: Maushold\n|-damage|p1b: Maushold|30/100\n|\n|-start|p2b: Basculegion|perish3\n|-start|p1a: Gengar|perish3\n|-start|p1b: Maushold|perish3\n|-start|p2a: Dragonite|perish3\n|upkeep\n|turn|2\n|\n|t:|1776398462\n|switch|p2b: Incineroar|Incineroar, L50, F|100/100\n|-ability|p2b: Incineroar|Intimidate|boost\n|-unboost|p1a: Gengar|atk|1\n|-unboost|p1b: Maushold|atk|1\n|switch|p1b: Incineroar|Incineroar, L50, F|100/100\n|-ability|p1b: Incineroar|Intimidate|boost\n|-unboost|p2a: Dragonite|atk|1\n|-unboost|p2b: Incineroar|atk|1\n|move|p1a: Gengar|Protect|p1a: Gengar\n|-singleturn|p1a: Gengar|Protect\n|move|p2a: Dragonite|Dragon Pulse|p1b: Incineroar\n|-damage|p1b: Incineroar|50/100\n|-enditem|p1b: Incineroar|Sitrus Berry|[eat]\n|-heal|p1b: Incineroar|74/100|[from] item: Sitrus Berry\n|\n|-start|p1a: Gengar|perish2\n|-start|p2a: Dragonite|perish2\n|upkeep\n|turn|3\n|\n|t:|1776398503\n|switch|p1b: Maushold|Maushold, L50|30/100\n|move|p2a: Dragonite|Protect|p2a: Dragonite\n|-singleturn|p2a: Dragonite|Protect\n|move|p1a: Gengar|Sludge Bomb|p2b: Incineroar\n|-damage|p2b: Incineroar|56/100\n|move|p2b: Incineroar|Throat Chop|p1a: Gengar\n|-supereffective|p1a: Gengar|1\n|-damage|p1a: Gengar|60/100\n|-start|p1a: Gengar|Throat Chop|[silent]\n|\n|-start|p1a: Gengar|perish1\n|-start|p2a: Dragonite|perish1\n|upkeep\n|turn|4\n|\n|t:|1776398558\n|switch|p1a: Incineroar|Incineroar, L50, F|74/100\n|-ability|p1a: Incineroar|Intimidate|boost\n|-unboost|p2a: Dragonite|atk|1\n|-unboost|p2b: Incineroar|atk|1\n|move|p1b: Maushold|Protect|p1b: Maushold\n|-singleturn|p1b: Maushold|Protect\n|move|p2a: Dragonite|Dragon Pulse|p1b: Maushold\n|-activate|p1b: Maushold|move: Protect\n|move|p2b: Incineroar|Parting Shot|p1a: Incineroar\n|-unboost|p1a: Incineroar|atk|1\n|-unboost|p1a: Incineroar|spa|1\n|\n|t:|1776398571\n|switch|p2b: Basculegion|Basculegion, L50, M, shiny|100/100|[from] Parting Shot\n|\n|-start|p2a: Dragonite|perish0\n|faint|p2a: Dragonite\n|upkeep\n|\n|t:|1776398582\n|switch|p2a: Sylveon|Sylveon, L50, F|100/100\n|turn|5\n|\n|t:|1776398610\n|move|p1b: Maushold|Follow Me|p1b: Maushold\n|-singleturn|p1b: Maushold|move: Follow Me\n|move|p2b: Basculegion|Flip Turn|p1b: Maushold\n|-damage|p1b: Maushold|0 fnt\n|faint|p1b: Maushold\n|\n|t:|1776398620\n|switch|p2b: Incineroar|Incineroar, L50, F|56/100|[from] Flip Turn\n|-ability|p2b: Incineroar|Intimidate|boost\n|-unboost|p1a: Incineroar|atk|1\n|move|p1a: Incineroar|Parting Shot|p2b: Incineroar\n|-unboost|p2b: Incineroar|atk|1\n|-unboost|p2b: Incineroar|spa|1\n|\n|t:|1776398633\n|switch|p1a: Basculegion|Basculegion, L50, M|100/100|[from] Parting Shot\n|move|p2a: Sylveon|Hyper Voice|p1a: Basculegion\n|-damage|p1a: Basculegion|33/100\n|\n|upkeep\n|\n|t:|1776398641\n|switch|p1b: Gengar|Gengar-Mega, L50, M|60/100\n|turn|6\n|\n|t:|1776398656\n|move|p2a: Sylveon|Protect|p2a: Sylveon\n|-singleturn|p2a: Sylveon|Protect\n|move|p1b: Gengar|Sludge Bomb|p2a: Sylveon\n|-activate|p2a: Sylveon|move: Protect\n|move|p1a: Basculegion|Wave Crash|p2b: Incineroar\n|-supereffective|p2b: Incineroar|1\n|-damage|p2b: Incineroar|0 fnt\n|faint|p2b: Incineroar\n|-damage|p1a: Basculegion|15/100|[from] Recoil\n|\n|upkeep\n|\n|t:|1776398668\n|switch|p2b: Basculegion|Basculegion, L50, M, shiny|100/100\n|turn|7\n|\n|t:|1776398684\n|switch|p1a: Incineroar|Incineroar, L50, F|74/100\n|-ability|p1a: Incineroar|Intimidate|boost\n|-unboost|p2a: Sylveon|atk|1\n|-unboost|p2b: Basculegion|atk|1\n|move|p1b: Gengar|Shadow Ball|p2b: Basculegion\n|-supereffective|p2b: Basculegion|1\n|-damage|p2b: Basculegion|0 fnt\n|faint|p2b: Basculegion\n|move|p2a: Sylveon|Hyper Voice|p1a: Incineroar|[spread] p1a,p1b\n|-resisted|p1b: Gengar|1\n|-damage|p1a: Incineroar|37/100\n|-damage|p1b: Gengar|32/100\n|\n|upkeep\n|turn|8\n|\n|t:|1776398699\n|move|p1a: Incineroar|Fake Out|p2a: Sylveon\n|-damage|p2a: Sylveon|91/100\n|move|p1b: Gengar|Sludge Bomb|p2a: Sylveon\n|-supereffective|p2a: Sylveon|1\n|-damage|p2a: Sylveon|6/100\n|cant|p2a: Sylveon|flinch\n|\n|upkeep\n|turn|9\n|\n|t:|1776398710\n|move|p1b: Gengar|Sludge Bomb|p2a: Sylveon\n|-supereffective|p2a: Sylveon|1\n|-damage|p2a: Sylveon|0 fnt\n|faint|p2a: Sylveon\n|\n|win|jhonny2307\n|raw|jhonny2307's rating: 1078 &rarr; <strong>1100</strong><br />(+22 for winning)\n|raw|shuutoo90's rating: 1000 &rarr; <strong>1000</strong><br />(+0 for losing)\n|l|\u2606shuutoo90\n|player|p2|\n",
  "uploadtime": 1776398758,
  "views": 22,
  "formatid": "gen9championsvgc2026regma",
  "rating": 1000,
  "private": 0,
  "password": null
}