{
  "id": "gen9championsvgc2026regma-2583248363",
  "format": "[Gen 9 Champions] VGC 2026 Reg M-A",
  "players": [
    "MDoomHound",
    "sodarist"
  ],
  "log": "|j|\u2606MDoomHound\n|j|\u2606sodarist\n|t:|1776159305\n|gametype|doubles\n|player|p1|MDoomHound|biker|1002\n|player|p2|sodarist|steven|1051\n|gen|9\n|tier|[Gen 9 Champions] VGC 2026 Reg M-A\n|rated|\n|rule|Species Clause: Limit one of each Pok\u00e9mon\n|rule|Item Clause: Limit 1 of each item\n|clearpoke\n|poke|p1|Houndoom, L50, F|\n|poke|p1|Hatterene, L50, F|\n|poke|p1|Aerodactyl, L50, F|\n|poke|p1|Feraligatr, L50, M|\n|poke|p1|Furfrou, L50, M|\n|poke|p1|Primarina, L50, M|\n|poke|p2|Incineroar, L50, F|\n|poke|p2|Sneasler, L50, M|\n|poke|p2|Whimsicott, L50, F|\n|poke|p2|Meowscarada, L50, M|\n|poke|p2|Rotom-Wash, L50|\n|poke|p2|Garchomp, L50, M|\n|teampreview|4\n|\n|t:|1776159348\n|teamsize|p1|4\n|teamsize|p2|4\n|start\n|switch|p1a: Aerodactyl|Aerodactyl, L50, F|100/100\n|switch|p1b: Hatterene|Hatterene, L50, F|100/100\n|switch|p2a: Whimsicott|Whimsicott, L50, F|100/100\n|switch|p2b: Sneasler|Sneasler, L50, M|100/100\n|-ability|p1a: Aerodactyl|Unnerve\n|turn|1\n|inactive|Battle timer is ON: inactive players will automatically lose when time's up. (requested by sodarist)\n|\n|t:|1776159401\n|move|p1a: Aerodactyl|Protect|p1a: Aerodactyl\n|-singleturn|p1a: Aerodactyl|Protect\n|move|p2b: Sneasler|Fake Out|p1b: Hatterene\n|-damage|p1b: Hatterene|84/100\n|move|p2a: Whimsicott|Taunt|p1a: Aerodactyl\n|-activate|p1a: Aerodactyl|move: Protect\n|cant|p1b: Hatterene|flinch\n|\n|-heal|p1b: Hatterene|90/100|[from] item: Leftovers\n|upkeep\n|turn|2\n|inactive|sodarist has 30 seconds left.\n|\n|t:|1776159429\n|move|p2a: Whimsicott|Taunt|p1a: Aerodactyl\n|-start|p1a: Aerodactyl|move: Taunt\n|move|p1a: Aerodactyl|Dual Wingbeat|p2b: Sneasler|[miss]\n|-miss|p1a: Aerodactyl|p2b: Sneasler\n|move|p2b: Sneasler|Dire Claw|p1b: Hatterene\n|-supereffective|p1b: Hatterene|1\n|-damage|p1b: Hatterene|0 fnt\n|faint|p1b: Hatterene\n|\n|upkeep\n|c|\u2606MDoomHound|bright powder?!\n|c|\u2606sodarist|no\n|c|\u2606sodarist|i dont\n|inactive|MDoomHound has 30 seconds left.\n|\n|t:|1776159456\n|switch|p1b: Primarina|Primarina, L50, M|100/100\n|turn|3\n|c|\u2606MDoomHound|iam dumb\n|c|\u2606MDoomHound|damn\n|inactive|MDoomHound has 30 seconds left.\n|\n|t:|1776159481\n|move|p2a: Whimsicott|Tailwind|p2a: Whimsicott\n|-sidestart|p2: sodarist|move: Tailwind\n|move|p2b: Sneasler|Dire Claw|p1b: Primarina\n|-supereffective|p1b: Primarina|1\n|-damage|p1b: Primarina|6/100\n|-status|p1b: Primarina|slp\n|move|p1a: Aerodactyl|Dual Wingbeat|p2b: Sneasler\n|-supereffective|p2b: Sneasler|1\n|-damage|p2b: Sneasler|36/100\n|-supereffective|p2b: Sneasler|1\n|-damage|p2b: Sneasler|0 fnt\n|faint|p2b: Sneasler\n|-hitcount|p2: Sneasler|2\n|cant|p1b: Primarina|slp\n|\n|upkeep\n|\n|t:|1776159502\n|switch|p2b: Meowscarada|Meowscarada, L50, M|100/100\n|turn|4\n|\n|t:|1776159525\n|move|p2b: Meowscarada|Triple Axel|p1a: Aerodactyl|[miss]\n|-start|p2b: Meowscarada|typechange|Ice|[from] ability: Protean\n|-miss|p2b: Meowscarada|p1a: Aerodactyl\n|move|p2a: Whimsicott|Moonblast|p1b: Primarina\n|-damage|p1b: Primarina|0 fnt\n|faint|p1b: Primarina\n|move|p1a: Aerodactyl|Dual Wingbeat|p2a: Whimsicott\n|-supereffective|p2a: Whimsicott|1\n|-damage|p2a: Whimsicott|57/100\n|-supereffective|p2a: Whimsicott|1\n|-damage|p2a: Whimsicott|14/100\n|-hitcount|p2a: Whimsicott|2\n|\n|-end|p1a: Aerodactyl|move: Taunt\n|upkeep\n|\n|t:|1776159539\n|switch|p1b: Houndoom|Houndoom, L50, F|100/100\n|turn|5\n|inactive|sodarist has 30 seconds left.\n|inactive|sodarist has 20 seconds left.\n|inactive|sodarist has 15 seconds left.\n|\n|t:|1776159581\n|switch|p2b: Rotom|Rotom-Wash, L50|100/100\n|detailschange|p1b: Houndoom|Houndoom-Mega, L50, F\n|-mega|p1b: Houndoom|Houndoom|Houndoominite\n|move|p2a: Whimsicott|Protect|p2a: Whimsicott\n|-singleturn|p2a: Whimsicott|Protect\n|move|p1a: Aerodactyl|Protect|p1a: Aerodactyl\n|-singleturn|p1a: Aerodactyl|Protect\n|move|p1b: Houndoom|Heat Wave|p2b: Rotom|[spread] p2b\n|-activate|p2a: Whimsicott|move: Protect\n|-resisted|p2b: Rotom|1\n|-damage|p2b: Rotom|81/100\n|\n|-heal|p2b: Rotom|86/100|[from] item: Leftovers\n|upkeep\n|turn|6\n|inactive|MDoomHound has 30 seconds left.\n|inactive|sodarist has 30 seconds left.\n|\n|t:|1776159616\n|move|p2a: Whimsicott|Moonblast|p1a: Aerodactyl\n|-damage|p1a: Aerodactyl|48/100\n|-unboost|p1a: Aerodactyl|spa|1\n|move|p2b: Rotom|Thunderbolt|p1a: Aerodactyl\n|-supereffective|p1a: Aerodactyl|1\n|-damage|p1a: Aerodactyl|0 fnt\n|faint|p1a: Aerodactyl\n|move|p1b: Houndoom|Dark Pulse|p2b: Rotom\n|-damage|p2b: Rotom|36/100\n|\n|-heal|p2b: Rotom|42/100|[from] item: Leftovers\n|-sideend|p2: sodarist|move: Tailwind\n|upkeep\n|turn|7\n|c|\u2606MDoomHound|ggs\n|\n|t:|1776159639\n|move|p2a: Whimsicott|Tailwind|p2a: Whimsicott\n|-sidestart|p2: sodarist|move: Tailwind\n|move|p2b: Rotom|Light Screen|p2b: Rotom\n|-sidestart|p2: sodarist|move: Light Screen\n|move|p1b: Houndoom|Dark Pulse|p2b: Rotom\n|-damage|p2b: Rotom|11/100\n|\n|-heal|p2b: Rotom|17/100|[from] item: Leftovers\n|upkeep\n|turn|8\n|\n|t:|1776159649\n|move|p2a: Whimsicott|Tailwind||[still]\n|-fail|p2a: Whimsicott\n|move|p2b: Rotom|Thunderbolt|p1b: Houndoom\n|-damage|p1b: Houndoom|46/100\n|move|p1b: Houndoom|Heat Wave|p2b: Rotom|[spread] \n|-miss|p1b: Houndoom|p2a: Whimsicott\n|-miss|p1b: Houndoom|p2b: Rotom\n|\n|-heal|p2b: Rotom|23/100|[from] item: Leftovers\n|upkeep\n|turn|9\n|c|\u2606MDoomHound|hahahahhaha\n|c|\u2606sodarist|lol\n|c|\u2606sodarist|i dont even use powder bro\n|c|\u2606MDoomHound|no i know\n|inactive|sodarist has 30 seconds left.\n|\n|t:|1776159675\n|move|p2a: Whimsicott|Moonblast|p1b: Houndoom\n|-damage|p1b: Houndoom|0 fnt\n|faint|p1b: Houndoom\n|\n|win|sodarist\n|raw|MDoomHound's rating: 1002 &rarr; <strong>1000</strong><br />(-2 for losing)\n|raw|sodarist's rating: 1051 &rarr; <strong>1079</strong><br />(+28 for winning)\n|c|\u2606sodarist|ggs\n|c|\u2606MDoomHound|Iam just dumb\n|c|\u2606MDoomHound|ggs\n|l|\u2606MDoomHound\n|player|p1|\n",
  "uploadtime": 1776159750,
  "views": 14,
  "formatid": "gen9championsvgc2026regma",
  "rating": 1000,
  "private": 0,
  "password": null
}