{
  "id": "gen9championsvgc2026regma-2581124226",
  "format": "[Gen 9 Champions] VGC 2026 Reg M-A",
  "players": [
    "Casual1465",
    "BryJin"
  ],
  "log": "|j|\u2606Casual1465\n|j|\u203dBryJin\n|t:|1775962195\n|gametype|doubles\n|player|p1|Casual1465|giovanni|1005\n|player|p2|BryJin|265|1079\n|gen|9\n|tier|[Gen 9 Champions] VGC 2026 Reg M-A\n|rated|\n|rule|Species Clause: Limit one of each Pok\u00e9mon\n|rule|Item Clause: Limit 1 of each item\n|clearpoke\n|poke|p1|Torkoal, L50, F|\n|poke|p1|Alakazam, L50, F|\n|poke|p1|Leafeon, L50, M|\n|poke|p1|Glimmora, L50, F|\n|poke|p2|Froslass, L50, F|\n|poke|p2|Tauros-Paldea-Aqua, L50, M|\n|poke|p2|Kingambit, L50, M|\n|poke|p2|Glimmora, L50, M|\n|poke|p2|Sinistcha, L50|\n|poke|p2|Sneasler, L50, M|\n|teampreview|4\n|inactive|Battle timer is ON: inactive players will automatically lose when time's up. (requested by BryJin)\n|\n|t:|1775962219\n|teamsize|p1|4\n|teamsize|p2|4\n|start\n|switch|p1a: Alakazam|Alakazam, L50, F|100/100\n|switch|p1b: Torkoal|Torkoal, L50, F|100/100\n|switch|p2a: Froslass|Froslass, L50, F|100/100\n|switch|p2b: Tauros|Tauros-Paldea-Aqua, L50, M|100/100\n|-ability|p2b: Tauros|Intimidate|boost\n|-fail|p1a: Alakazam|unboost|Attack|[from] ability: Inner Focus|[of] p1a: Alakazam\n|-unboost|p1b: Torkoal|atk|1\n|-weather|SunnyDay|[from] ability: Drought|[of] p1b: Torkoal\n|turn|1\n|\n|t:|1775962243\n|switch|p1a: Leafeon|Leafeon, L50, M|100/100\n|switch|p1b: Glimmora|Glimmora, L50, F|100/100\n|detailschange|p2a: Froslass|Froslass-Mega, L50, F\n|-mega|p2a: Froslass|Froslass|Froslassite\n|-weather|Snowscape|[from] ability: Snow Warning|[of] p2a: Froslass\n|move|p2a: Froslass|Hex|p1a: Leafeon\n|-damage|p1a: Leafeon|44/100\n|move|p2b: Tauros|Wave Crash|p1b: Glimmora\n|-supereffective|p1b: Glimmora|1\n|-damage|p1b: Glimmora|0 fnt\n|-activate|p1b: Glimmora|ability: Toxic Debris\n|-sidestart|p2: BryJin|move: Toxic Spikes\n|faint|p1b: Glimmora\n|-damage|p2b: Tauros|65/100|[from] Recoil\n|\n|-weather|Snowscape|[upkeep]\n|upkeep\n|\n|t:|1775962260\n|switch|p1b: Alakazam|Alakazam, L50, F|100/100\n|turn|2\n|\n|t:|1775962281\n|switch|p2b: Kingambit|Kingambit, L50, M|100/100\n|switch|p1a: Torkoal|Torkoal, L50, F|100/100\n|-weather|SunnyDay|[from] ability: Drought|[of] p1a: Torkoal\n|move|p1b: Alakazam|Speed Swap|p1a: Torkoal\n|-activate|p1b: Alakazam|move: Speed Swap|[of] p1a: Torkoal\n|move|p2a: Froslass|Blizzard|p1a: Torkoal|[spread] \n|-miss|p2a: Froslass|p1a: Torkoal\n|-miss|p2a: Froslass|p1b: Alakazam\n|\n|-weather|SunnyDay|[upkeep]\n|upkeep\n|turn|3\n|\n|t:|1775962300\n|switch|p2b: Glimmora|Glimmora, L50, M|100/100\n|-sideend|p2: BryJin|move: Toxic Spikes|[of] p2b: Glimmora\n|switch|p1b: Leafeon|Leafeon, L50, M|44/100\n|move|p2a: Froslass|Protect|p2a: Froslass\n|-singleturn|p2a: Froslass|Protect\n|move|p1a: Torkoal|Eruption|p2a: Froslass|[spread] p2b\n|-activate|p2a: Froslass|move: Protect\n|-resisted|p2b: Glimmora|1\n|-damage|p2b: Glimmora|53/100\n|\n|-weather|SunnyDay|[upkeep]\n|upkeep\n|turn|4\n|\n|t:|1775962318\n|switch|p2a: Tauros|Tauros-Paldea-Aqua, L50, M|65/100\n|-ability|p2a: Tauros|Intimidate|boost\n|-unboost|p1a: Torkoal|atk|1\n|-unboost|p1b: Leafeon|atk|1\n|move|p1b: Leafeon|Solar Blade||[still]\n|-prepare|p1b: Leafeon|Solar Blade\n|-anim|p1b: Leafeon|Solar Blade|p2b: Glimmora\n|-damage|p2b: Glimmora|10/100\n|-activate|p2b: Glimmora|ability: Toxic Debris\n|-sidestart|p1: Casual1465|move: Toxic Spikes\n|move|p1a: Torkoal|Eruption|p2b: Glimmora|[spread] p2a,p2b\n|-resisted|p2a: Tauros|1\n|-resisted|p2b: Glimmora|1\n|-damage|p2a: Tauros|1/100\n|-damage|p2b: Glimmora|0 fnt\n|faint|p2b: Glimmora\n|\n|-weather|SunnyDay|[upkeep]\n|upkeep\n|\n|t:|1775962335\n|switch|p2b: Froslass|Froslass-Mega, L50, F|100/100\n|-weather|Snowscape|[from] ability: Snow Warning|[of] p2b: Froslass\n|turn|5\n|inactive|Casual1465 has 30 seconds left.\n|\n|t:|1775962366\n|switch|p1a: Alakazam|Alakazam, L50, F|100/100\n|-status|p1a: Alakazam|psn\n|move|p1b: Leafeon|Quick Attack|p2a: Tauros\n|-damage|p2a: Tauros|0 fnt\n|faint|p2a: Tauros\n|move|p2b: Froslass|Blizzard|p1a: Alakazam|[spread] p1a,p1b\n|-crit|p1a: Alakazam\n|-supereffective|p1b: Leafeon|1\n|-damage|p1a: Alakazam|28/100 psn\n|-damage|p1b: Leafeon|0 fnt\n|faint|p1b: Leafeon\n|\n|-weather|Snowscape|[upkeep]\n|-damage|p1a: Alakazam|16/100 psn|[from] psn\n|upkeep\n|\n|t:|1775962381\n|switch|p2a: Kingambit|Kingambit, L50, M|100/100\n|switch|p1b: Torkoal|Torkoal, L50, F|100/100\n|-status|p1b: Torkoal|psn\n|-weather|SunnyDay|[from] ability: Drought|[of] p1b: Torkoal\n|turn|6\n|\n|t:|1775962392\n|move|p2a: Kingambit|Sucker Punch||[still]\n|-fail|p2a: Kingambit\n|move|p1a: Alakazam|Speed Swap|p1b: Torkoal\n|-activate|p1a: Alakazam|move: Speed Swap|[of] p1b: Torkoal\n|move|p1b: Torkoal|Eruption|p2a: Kingambit|[spread] p2a,p2b\n|-supereffective|p2a: Kingambit|1\n|-supereffective|p2b: Froslass|1\n|-damage|p2a: Kingambit|0 fnt\n|-damage|p2b: Froslass|0 fnt\n|faint|p2a: Kingambit\n|faint|p2b: Froslass\n|\n|win|Casual1465\n|raw|Casual1465's rating: 1005 &rarr; <strong>1052</strong><br />(+47 for winning)\n|raw|BryJin's rating: 1079 &rarr; <strong>1053</strong><br />(-26 for losing)\n",
  "uploadtime": 1775962398,
  "views": 14,
  "formatid": "gen9championsvgc2026regma",
  "rating": 1052,
  "private": 0,
  "password": null
}