{
  "id": "gen9championsvgc2026regma-2586808465",
  "format": "[Gen 9 Champions] VGC 2026 Reg M-A",
  "players": [
    "abidan40",
    "idunnoagoodnam"
  ],
  "log": "|j|\u2606abidan40\n|j|\u2606idunnoagoodnam\n|t:|1776461609\n|gametype|doubles\n|player|p1|abidan40|169|1230\n|player|p2|idunnoagoodnam|265|1193\n|gen|9\n|tier|[Gen 9 Champions] VGC 2026 Reg M-A\n|rated|\n|rule|Species Clause: Limit one of each Pok\u00e9mon\n|rule|Item Clause: Limit 1 of each item\n|clearpoke\n|poke|p1|Banette, L50, F|\n|poke|p1|Weavile, L50, M|\n|poke|p1|Charizard, L50, F|\n|poke|p1|Heliolisk, L50, F|\n|poke|p1|Venusaur, L50, F|\n|poke|p1|Araquanid, L50, F|\n|poke|p2|Gardevoir, L50, F|\n|poke|p2|Milotic, L50, F|\n|poke|p2|Excadrill, L50, M|\n|poke|p2|Aerodactyl, L50, M|\n|poke|p2|Sneasler, L50, F|\n|poke|p2|Sinistcha-Masterpiece, L50|\n|teampreview|4\n|inactive|Battle timer is ON: inactive players will automatically lose when time's up. (requested by abidan40)\n|\n|t:|1776461644\n|teamsize|p1|4\n|teamsize|p2|4\n|start\n|switch|p1a: Weavile|Weavile, L50, M|100/100\n|switch|p1b: Banette|Banette, L50, F|100/100\n|switch|p2a: Aerodactyl|Aerodactyl, L50, M|100/100\n|switch|p2b: Excadrill|Excadrill, L50, M|100/100\n|-ability|p2a: Aerodactyl|Unnerve\n|-ability|p2b: Excadrill|Mold Breaker\n|-item|p2a: Aerodactyl|Focus Sash|[from] ability: Frisk|[of] p1b: Banette\n|-item|p2b: Excadrill|Excadrite|[from] ability: Frisk|[of] p1b: Banette\n|turn|1\n|\n|t:|1776461663\n|detailschange|p1b: Banette|Banette-Mega, L50, F\n|-mega|p1b: Banette|Banette|Banettite\n|move|p2a: Aerodactyl|Protect|p2a: Aerodactyl\n|-singleturn|p2a: Aerodactyl|Protect\n|move|p2b: Excadrill|Protect|p2b: Excadrill\n|-singleturn|p2b: Excadrill|Protect\n|move|p1a: Weavile|Fake Out|p2a: Aerodactyl\n|-activate|p2a: Aerodactyl|move: Protect\n|move|p1b: Banette|Will-O-Wisp|p2b: Excadrill\n|-activate|p2b: Excadrill|move: Protect\n|\n|upkeep\n|turn|2\n|\n|t:|1776461680\n|switch|p2b: Milotic|Milotic, L50, F|100/100\n|move|p1b: Banette|Will-O-Wisp|p2b: Milotic\n|-status|p2b: Milotic|brn\n|move|p1a: Weavile|Knock Off|p2a: Aerodactyl\n|-damage|p2a: Aerodactyl|29/100\n|-enditem|p2a: Aerodactyl|Focus Sash|[from] move: Knock Off|[of] p1a: Weavile\n|move|p2a: Aerodactyl|Rock Slide|p1a: Weavile|[spread] p1a,p1b\n|-supereffective|p1a: Weavile|1\n|-damage|p1a: Weavile|11/100\n|-damage|p1b: Banette|56/100\n|\n|-damage|p2b: Milotic|95/100 brn|[from] brn\n|upkeep\n|turn|3\n|\n|t:|1776461696\n|move|p2a: Aerodactyl|Protect|p2a: Aerodactyl\n|-singleturn|p2a: Aerodactyl|Protect\n|move|p1a: Weavile|Ice Shard|p2a: Aerodactyl\n|-activate|p2a: Aerodactyl|move: Protect\n|move|p1b: Banette|Sunny Day|p1b: Banette\n|-weather|SunnyDay\n|move|p2b: Milotic|Icy Wind|p1b: Banette|[spread] p1a,p1b\n|-resisted|p1a: Weavile|1\n|-damage|p1a: Weavile|4/100\n|-damage|p1b: Banette|46/100\n|-unboost|p1a: Weavile|spe|1\n|-unboost|p1b: Banette|spe|1\n|\n|-weather|SunnyDay|[upkeep]\n|-heal|p2b: Milotic|100/100 brn|[from] item: Leftovers\n|-damage|p2b: Milotic|95/100 brn|[from] brn\n|upkeep\n|turn|4\n|\n|t:|1776461721\n|switch|p2a: Sneasler|Sneasler, L50, F|100/100\n|move|p1a: Weavile|Ice Shard|p2a: Sneasler\n|-damage|p2a: Sneasler|68/100\n|move|p1b: Banette|Destiny Bond|p1b: Banette\n|-singlemove|p1b: Banette|Destiny Bond\n|move|p2b: Milotic|Icy Wind|p1a: Weavile|[spread] p1a,p1b\n|-resisted|p1a: Weavile|1\n|-damage|p1a: Weavile|0 fnt\n|-damage|p1b: Banette|35/100\n|-unboost|p1b: Banette|spe|1\n|faint|p1a: Weavile\n|\n|-weather|SunnyDay|[upkeep]\n|-heal|p2b: Milotic|100/100 brn|[from] item: Leftovers\n|-damage|p2b: Milotic|95/100 brn|[from] brn\n|upkeep\n|\n|t:|1776461727\n|switch|p1a: Heliolisk|Heliolisk, L50, F|100/100\n|turn|5\n|\n|t:|1776461745\n|move|p1a: Heliolisk|Volt Switch|p2a: Sneasler\n|-crit|p2a: Sneasler\n|-damage|p2a: Sneasler|0 fnt\n|faint|p2a: Sneasler\n|\n|t:|1776461749\n|switch|p1a: Araquanid|Araquanid, L50, F|100/100|[from] Volt Switch\n|move|p2b: Milotic|Icy Wind|p1a: Araquanid|[spread] p1a,p1b\n|-resisted|p1a: Araquanid|1\n|-damage|p1a: Araquanid|97/100\n|-damage|p1b: Banette|25/100\n|-unboost|p1a: Araquanid|spe|1\n|-unboost|p1b: Banette|spe|1\n|move|p1b: Banette|Poltergeist|p2b: Milotic\n|-activate|p2b: Milotic|move: Poltergeist|Leftovers\n|-damage|p2b: Milotic|20/100 brn\n|\n|-weather|SunnyDay|[upkeep]\n|-heal|p2b: Milotic|26/100 brn|[from] item: Leftovers\n|-damage|p2b: Milotic|20/100 brn|[from] brn\n|upkeep\n|\n|t:|1776461757\n|switch|p2a: Excadrill|Excadrill, L50, M|100/100\n|-ability|p2a: Excadrill|Mold Breaker\n|turn|6\n|inactive|abidan40 has 30 seconds left.\n|inactive|abidan40 has 20 seconds left.\n|inactive|abidan40 has 15 seconds left.\n|inactive|abidan40 has 10 seconds left.\n|\n|t:|1776461805\n|detailschange|p2a: Excadrill|Excadrill-Mega, L50, M\n|-mega|p2a: Excadrill|Excadrill|Excadrite\n|move|p2a: Excadrill|Protect|p2a: Excadrill\n|-singleturn|p2a: Excadrill|Protect\n|move|p1b: Banette|Destiny Bond|p1b: Banette\n|-singlemove|p1b: Banette|Destiny Bond\n|move|p2b: Milotic|Scald|p1b: Banette\n|-damage|p1b: Banette|10/100\n|move|p1a: Araquanid|Leech Life|p2b: Milotic\n|-damage|p2b: Milotic|0 fnt\n|-heal|p1a: Araquanid|100/100|[from] drain|[of] p2b: Milotic\n|faint|p2b: Milotic\n|\n|-weather|SunnyDay|[upkeep]\n|upkeep\n|\n|t:|1776461814\n|switch|p2b: Aerodactyl|Aerodactyl, L50, M|29/100\n|-ability|p2b: Aerodactyl|Unnerve\n|turn|7\n|\n|t:|1776461836\n|switch|p1b: Heliolisk|Heliolisk, L50, F|100/100\n|move|p1a: Araquanid|Wide Guard|p1a: Araquanid\n|-singleturn|p1a: Araquanid|Wide Guard\n|move|p2b: Aerodactyl|Rock Slide|p1b: Heliolisk|[spread] \n|-activate|p1a: Araquanid|move: Wide Guard\n|-activate|p1b: Heliolisk|move: Wide Guard\n|move|p2a: Excadrill|Iron Head|p1a: Araquanid\n|-resisted|p1a: Araquanid|1\n|-damage|p1a: Araquanid|74/100\n|\n|-weather|none\n|upkeep\n|turn|8\n|inactive|abidan40 has 30 seconds left.\n|inactive|abidan40 has 20 seconds left.\n|inactive|idunnoagoodnam has 30 seconds left.\n|\n|t:|1776461881\n|move|p2b: Aerodactyl|Protect|p2b: Aerodactyl\n|-singleturn|p2b: Aerodactyl|Protect\n|move|p1b: Heliolisk|Dark Pulse|p2a: Excadrill\n|-damage|p2a: Excadrill|68/100\n|move|p2a: Excadrill|High Horsepower|p1b: Heliolisk\n|-supereffective|p1b: Heliolisk|1\n|-damage|p1b: Heliolisk|0 fnt\n|faint|p1b: Heliolisk\n|move|p1a: Araquanid|Waterfall|p2b: Aerodactyl\n|-activate|p2b: Aerodactyl|move: Protect\n|\n|upkeep\n|\n|t:|1776461888\n|switch|p1b: Banette|Banette-Mega, L50, F|10/100\n|turn|9\n|\n|t:|1776461908\n|move|p1b: Banette|Destiny Bond|p1b: Banette\n|-singlemove|p1b: Banette|Destiny Bond\n|move|p2b: Aerodactyl|Dual Wingbeat|p1a: Araquanid\n|-supereffective|p1a: Araquanid|1\n|-damage|p1a: Araquanid|36/100\n|-supereffective|p1a: Araquanid|1\n|-damage|p1a: Araquanid|0 fnt\n|faint|p1a: Araquanid\n|-hitcount|p1: Araquanid|2\n|move|p2a: Excadrill|Iron Head|p1b: Banette\n|-damage|p1b: Banette|0 fnt\n|faint|p1b: Banette\n|-activate|p1b: Banette|move: Destiny Bond\n|faint|p2a: Excadrill\n|\n|win|idunnoagoodnam\n|raw|abidan40's rating: 1230 &rarr; <strong>1202</strong><br />(-28 for losing)\n|raw|idunnoagoodnam's rating: 1193 &rarr; <strong>1221</strong><br />(+28 for winning)\n",
  "uploadtime": 1776461919,
  "views": 32,
  "formatid": "gen9championsvgc2026regma",
  "rating": 1202,
  "private": 0,
  "password": null
}