{
  "id": "gen9championsvgc2026regma-2589533624",
  "format": "[Gen 9 Champions] VGC 2026 Reg M-A",
  "players": [
    "IDK_LIZORD",
    "scolipede44"
  ],
  "log": "|j|\u2606IDK_LIZORD\n|j|\u2606scolipede44\n|t:|1776731694\n|gametype|doubles\n|player|p1|IDK_LIZORD|pokemonrangerf|1134\n|player|p2|scolipede44|marshal|1077\n|gen|9\n|tier|[Gen 9 Champions] VGC 2026 Reg M-A\n|rated|\n|rule|Species Clause: Limit one of each Pok\u00e9mon\n|rule|Item Clause: Limit 1 of each item\n|clearpoke\n|poke|p1|Feraligatr, L50, F|\n|poke|p1|Talonflame, L50, F|\n|poke|p1|Sinistcha-Masterpiece, L50|\n|poke|p1|Pelipper, L50, F|\n|poke|p1|Aggron, L50, M|\n|poke|p1|Sneasler, L50, F|\n|poke|p2|Noivern, L50, M|\n|poke|p2|Dragapult, L50, F|\n|poke|p2|Incineroar, L50, F|\n|poke|p2|Lucario, L50, F|\n|poke|p2|Sinistcha, L50|\n|poke|p2|Milotic, L50, M|\n|teampreview|4\nIDK_LIZORD has agreed to open team sheets.\n|inactive|Battle timer is ON: inactive players will automatically lose when time's up. (requested by scolipede44)\n|inactive|IDK_LIZORD has 60 seconds left.\n|\n|t:|1776731740\n|teamsize|p1|4\n|teamsize|p2|4\n|start\n|switch|p1a: poopooshitfart2|Feraligatr, L50, F|100/100\n|switch|p1b: im sorry.|Sneasler, L50, F|100/100\n|switch|p2a: Noivern|Noivern, L50, M|100/100\n|switch|p2b: Dragapult|Dragapult, L50, F|100/100\n|-item|p1a: poopooshitfart2|Feraligite|[from] ability: Frisk|[of] p2a: Noivern\n|-item|p1b: im sorry.|White Herb|[from] ability: Frisk|[of] p2a: Noivern\n|turn|1\n|inactive|IDK_LIZORD has 30 seconds left.\n|\n|t:|1776731772\n|move|p2b: Dragapult|Protect|p2b: Dragapult\n|-singleturn|p2b: Dragapult|Protect\n|move|p1b: im sorry.|Fake Out|p2a: Noivern\n|-damage|p2a: Noivern|80/100\n|cant|p2a: Noivern|flinch\n|move|p1a: poopooshitfart2|Dragon Dance|p1a: poopooshitfart2\n|-boost|p1a: poopooshitfart2|atk|1\n|-boost|p1a: poopooshitfart2|spe|1\n|\n|upkeep\n|turn|2\n|inactive|IDK_LIZORD has 30 seconds left.\n|inactive|IDK_LIZORD has 20 seconds left.\n|inactive|IDK_LIZORD has 15 seconds left.\n|\n|t:|1776731815\n|switch|p1b: poopooshitfart|Pelipper, L50, F|100/100\n|-weather|RainDance|[from] ability: Drizzle|[of] p1b: poopooshitfart\n|detailschange|p1a: poopooshitfart2|Feraligatr-Mega, L50, F\n|-mega|p1a: poopooshitfart2|Feraligatr|Feraligite\n|move|p2b: Dragapult|Draco Meteor|p1a: poopooshitfart2\n|-supereffective|p1a: poopooshitfart2|1\n|-damage|p1a: poopooshitfart2|0 fnt\n|-unboost|p2b: Dragapult|spa|2\n|faint|p1a: poopooshitfart2\n|move|p2a: Noivern|Tailwind|p2a: Noivern\n|-sidestart|p2: scolipede44|move: Tailwind\n|\n|-weather|RainDance|[upkeep]\n|upkeep\n|\n|t:|1776731833\n|switch|p1a: im sorry.|Sneasler, L50, F|100/100\n|turn|3\n|\n|t:|1776731847\n|move|p1a: im sorry.|Fake Out|p2a: Noivern\n|-damage|p2a: Noivern|60/100\n|move|p2b: Dragapult|Thunderbolt|p1b: poopooshitfart\n|-supereffective|p1b: poopooshitfart|2\n|-damage|p1b: poopooshitfart|4/100\n|cant|p2a: Noivern|flinch\n|move|p1b: poopooshitfart|Hurricane|p2b: Dragapult\n|-damage|p2b: Dragapult|42/100\n|\n|-weather|RainDance|[upkeep]\n|upkeep\n|turn|4\n|\n|t:|1776731870\n|move|p2b: Dragapult|Shadow Ball|p1a: im sorry.\n|-crit|p1a: im sorry.\n|-damage|p1a: im sorry.|23/100\n|-unboost|p1a: im sorry.|spd|1\n|-enditem|p1a: im sorry.|White Herb\n|-clearnegativeboost|p1a: im sorry.|[silent]\n|move|p2a: Noivern|Boomburst|p1b: poopooshitfart|[spread] p1a,p1b\n|-immune|p2b: Dragapult\n|-damage|p1a: im sorry.|0 fnt\n|-damage|p1b: poopooshitfart|0 fnt\n|faint|p1a: im sorry.\n|faint|p1b: poopooshitfart\n|\n|-weather|RainDance|[upkeep]\n|upkeep\n|\n|t:|1776731892\n|switch|p1b: birb|Talonflame, L50, F|100/100\n|turn|5\n|\n|t:|1776731900\n|move|p1b: birb|Dual Wingbeat|p2a: Noivern\n|-damage|p2a: Noivern|38/100\n|-crit|p2a: Noivern\n|-damage|p2a: Noivern|6/100\n|-hitcount|p2a: Noivern|2\n|move|p2b: Dragapult|Thunderbolt|p1b: birb\n|-supereffective|p1b: birb|1\n|-damage|p1b: birb|57/100\n|move|p2a: Noivern|Draco Meteor|p1b: birb\n|-damage|p1b: birb|0 fnt\n|-unboost|p2a: Noivern|spa|2\n|faint|p1b: birb\n|\n|win|scolipede44\n|raw|IDK_LIZORD's rating: 1134 &rarr; <strong>1105</strong><br />(-29 for losing)\n|raw|scolipede44's rating: 1077 &rarr; <strong>1110</strong><br />(+33 for winning)\n|l|\u2606IDK_LIZORD\n|player|p1|\n|c|\u2606scolipede44|gg\n",
  "uploadtime": 1776731913,
  "views": 5,
  "formatid": "gen9championsvgc2026regma",
  "rating": 1105,
  "private": 0,
  "password": null
}