{
  "id": "gen9championsvgc2026regma-2582214797",
  "format": "[Gen 9 Champions] VGC 2026 Reg M-A",
  "players": [
    "JBlerF",
    "JasmineThia"
  ],
  "log": "|j|\u2606JBlerF\n|j|\u2606JasmineThia\n|t:|1776072197\n|gametype|doubles\n|player|p1|JBlerF|1|1209\n|player|p2|JasmineThia|selene-masters2|1200\n|gen|9\n|tier|[Gen 9 Champions] VGC 2026 Reg M-A\n|rated|\n|rule|Species Clause: Limit one of each Pok\u00e9mon\n|rule|Item Clause: Limit 1 of each item\n|clearpoke\n|poke|p1|Starmie, L50|\n|poke|p1|Pelipper, L50, M|\n|poke|p1|Ceruledge, L50, F|\n|poke|p1|Incineroar, L50, F|\n|poke|p1|Lucario, L50, F|\n|poke|p1|Kingambit, L50, F|\n|poke|p2|Meowscarada, L50, F|\n|poke|p2|Kommo-o, L50, F|\n|poke|p2|Rotom-Wash, L50|\n|poke|p2|Gengar, L50, F|\n|poke|p2|Whimsicott, L50, M|\n|poke|p2|Arcanine-Hisui, L50, F|\n|teampreview|4\n|inactive|Battle timer is ON: inactive players will automatically lose when time's up. (requested by JasmineThia)\n|l|\u2606JasmineThia\n|inactive|JasmineThia disconnected and has a minute to reconnect!\n|player|p2|\n|j|\u2606JasmineThia\n|inactive|JasmineThia reconnected.\n|player|p2|JasmineThia|selene-masters2|\n|inactive|JBlerF has 60 seconds left.\n|\n|t:|1776072235\n|teamsize|p1|4\n|teamsize|p2|4\n|start\n|switch|p1a: Starmie|Starmie, L50|100/100\n|switch|p1b: Ceruledge|Ceruledge, L50, F|100/100\n|switch|p2a: Whimsicott|Whimsicott, L50, M|100/100\n|switch|p2b: Meowscarada|Meowscarada, L50, F|100/100\n|turn|1\n|\n|t:|1776072255\n|move|p1a: Starmie|Protect|p1a: Starmie\n|-singleturn|p1a: Starmie|Protect\n|move|p2a: Whimsicott|Tailwind|p2a: Whimsicott\n|-sidestart|p2: JasmineThia|move: Tailwind\n|move|p2b: Meowscarada|Flower Trick|p1a: Starmie\n|-activate|p1a: Starmie|move: Protect\n|move|p1b: Ceruledge|Bitter Blade|p2b: Meowscarada\n|-supereffective|p2b: Meowscarada|1\n|-enditem|p2b: Meowscarada|Focus Sash\n|-damage|p2b: Meowscarada|1/100\n|\n|upkeep\n|turn|2\n|inactive|JBlerF has 30 seconds left.\n|\n|t:|1776072281\n|detailschange|p1a: Starmie|Starmie-Mega, L50\n|-mega|p1a: Starmie|Starmie|Starminite\n|move|p2a: Whimsicott|Encore|p1b: Ceruledge\n|-start|p1b: Ceruledge|Encore\n|move|p2b: Meowscarada|Flower Trick|p1a: Starmie\n|-supereffective|p1a: Starmie|1\n|-crit|p1a: Starmie\n|-damage|p1a: Starmie|0 fnt\n|faint|p1a: Starmie\n|move|p1b: Ceruledge|Bitter Blade|p2b: Meowscarada\n|-supereffective|p2b: Meowscarada|1\n|-damage|p2b: Meowscarada|0 fnt\n|faint|p2b: Meowscarada\n|\n|upkeep\n|\n|t:|1776072291\n|switch|p2b: Rotom|Rotom-Wash, L50|100/100\n|switch|p1a: Incineroar|Incineroar, L50, F|100/100\n|-ability|p1a: Incineroar|Intimidate|boost\n|-unboost|p2a: Whimsicott|atk|1\n|-unboost|p2b: Rotom|atk|1\n|turn|3\n|\n|t:|1776072304\n|switch|p2a: Kommo-o|Kommo-o, L50, F|100/100\n|move|p1a: Incineroar|Fake Out|p2b: Rotom\n|-damage|p2b: Rotom|90/100\n|cant|p2b: Rotom|flinch\n|move|p1b: Ceruledge|Bitter Blade|p2a: Kommo-o\n|-resisted|p2a: Kommo-o|1\n|-damage|p2a: Kommo-o|83/100\n|\n|-heal|p2a: Kommo-o|89/100|[from] item: Leftovers\n|upkeep\n|turn|4\n|\n|t:|1776072328\n|switch|p1b: Lucario|Lucario, L50, F|100/100\n|move|p2a: Kommo-o|Iron Defense|p2a: Kommo-o\n|-boost|p2a: Kommo-o|def|2\n|move|p2b: Rotom|Hydro Pump|p1b: Lucario\n|-damage|p1b: Lucario|32/100\n|move|p1a: Incineroar|Parting Shot|p2a: Kommo-o\n|-immune|p2a: Kommo-o|[from] ability: Soundproof\n|\n|-heal|p2a: Kommo-o|95/100|[from] item: Leftovers\n|-sideend|p2: JasmineThia|move: Tailwind\n|upkeep\n|turn|5\n|\n|t:|1776072350\n|move|p2b: Rotom|Protect|p2b: Rotom\n|-singleturn|p2b: Rotom|Protect\n|move|p1b: Lucario|Ice Punch|p2a: Kommo-o\n|-supereffective|p2a: Kommo-o|1\n|-damage|p2a: Kommo-o|75/100\n|move|p2a: Kommo-o|Body Press|p1b: Lucario\n|-supereffective|p1b: Lucario|1\n|-damage|p1b: Lucario|0 fnt\n|faint|p1b: Lucario\n|move|p1a: Incineroar|Darkest Lariat|p2b: Rotom\n|-activate|p2b: Rotom|move: Protect\n|\n|-heal|p2a: Kommo-o|81/100|[from] item: Leftovers\n|upkeep\n|\n|t:|1776072352\n|switch|p1b: Ceruledge|Ceruledge, L50, F|100/100\n|turn|6\n|\n|t:|1776072363\n|switch|p2b: Whimsicott|Whimsicott, L50, M|100/100\n|move|p2a: Kommo-o|Body Press|p1a: Incineroar\n|-supereffective|p1a: Incineroar|1\n|-damage|p1a: Incineroar|0 fnt\n|faint|p1a: Incineroar\n|move|p1b: Ceruledge|Close Combat|p2b: Whimsicott\n|-resisted|p2b: Whimsicott|1\n|-damage|p2b: Whimsicott|68/100\n|-unboost|p1b: Ceruledge|def|1\n|-unboost|p1b: Ceruledge|spd|1\n|-enditem|p1b: Ceruledge|White Herb\n|-clearnegativeboost|p1b: Ceruledge|[silent]\n|\n|-heal|p2a: Kommo-o|88/100|[from] item: Leftovers\n|upkeep\n|turn|7\n|\n|t:|1776072371\n|move|p2b: Whimsicott|Encore|p1b: Ceruledge\n|-start|p1b: Ceruledge|Encore\n|move|p2a: Kommo-o|Iron Defense|p2a: Kommo-o\n|-boost|p2a: Kommo-o|def|2\n|move|p1b: Ceruledge|Close Combat|p2a: Kommo-o\n|-damage|p2a: Kommo-o|77/100\n|-unboost|p1b: Ceruledge|def|1\n|-unboost|p1b: Ceruledge|spd|1\n|\n|-heal|p2a: Kommo-o|83/100|[from] item: Leftovers\n|upkeep\n|turn|8\n|-message|JBlerF forfeited.\n|\n|win|JasmineThia\n|raw|JBlerF's rating: 1209 &rarr; <strong>1183</strong><br />(-26 for losing)\n|raw|JasmineThia's rating: 1200 &rarr; <strong>1226</strong><br />(+26 for winning)\n|l|\u2606JBlerF\n|player|p1|\n|l|\u2606JasmineThia\n|player|p2|\n|j|\u2606JasmineThia\n|player|p2|JasmineThia|selene-masters2|\n",
  "uploadtime": 1776072389,
  "views": 12,
  "formatid": "gen9championsvgc2026regma",
  "rating": 1183,
  "private": 0,
  "password": null
}