{
  "id": "gen9championsvgc2026regma-2584690722",
  "format": "[Gen 9 Champions] VGC 2026 Reg M-A",
  "players": [
    "Eclipseical",
    "bambuverde"
  ],
  "log": "|j|\u2606Eclipseical\n|j|\u2606bambuverde\n|t:|1776277042\n|gametype|doubles\n|player|p1|Eclipseical|101|1116\n|player|p2|bambuverde|101|1065\n|gen|9\n|tier|[Gen 9 Champions] VGC 2026 Reg M-A\n|rated|\n|rule|Species Clause: Limit one of each Pok\u00e9mon\n|rule|Item Clause: Limit 1 of each item\n|clearpoke\n|poke|p1|Incineroar, L50, F|\n|poke|p1|Klefki, L50, F|\n|poke|p1|Pelipper, L50, M|\n|poke|p1|Dragonite, L50, M|\n|poke|p1|Palafin, L50, F|\n|poke|p1|Absol, L50, M|\n|poke|p2|Tyranitar, L50, F|\n|poke|p2|Excadrill, L50, M|\n|poke|p2|Corviknight, L50, M|\n|poke|p2|Gallade, L50, M|\n|poke|p2|Sinistcha-Masterpiece, L50|\n|poke|p2|Gyarados, L50, F|\n|teampreview|4\n|\n|t:|1776277078\n|teamsize|p1|4\n|teamsize|p2|4\n|start\n|switch|p1a: Absol|Absol, L50, M|100/100\n|switch|p1b: Klefki|Klefki, L50, F|100/100\n|switch|p2a: Corviknight|Corviknight, L50, M|100/100\n|switch|p2b: Sinistcha|Sinistcha-Masterpiece, L50|100/100\n|turn|1\n|\n|t:|1776277102\n|detailschange|p1a: Absol|Absol-Mega, L50, M\n|-mega|p1a: Absol|Absol|Absolite\n|move|p2b: Sinistcha|Protect|p2b: Sinistcha\n|-singleturn|p2b: Sinistcha|Protect\n|move|p1a: Absol|Sucker Punch||[still]\n|-fail|p1a: Absol\n|move|p1b: Klefki|Reflect|p1b: Klefki\n|-sidestart|p1: Eclipseical|Reflect\n|move|p2a: Corviknight|Brave Bird|p1a: Absol\n|-damage|p1a: Absol|53/100\n|-damage|p2a: Corviknight|88/100|[from] Recoil\n|\n|upkeep\n|turn|2\n|\n|t:|1776277124\n|switch|p2b: Tyranitar|Tyranitar, L50, F|100/100\n|-weather|Sandstorm|[from] ability: Sand Stream|[of] p2b: Tyranitar\n|move|p1a: Absol|Sucker Punch||[still]\n|-fail|p1a: Absol\n|move|p1b: Klefki|Thunder Wave|p2a: Corviknight\n|-status|p2a: Corviknight|par\n|move|p2a: Corviknight|Tailwind|p2a: Corviknight\n|-sidestart|p2: bambuverde|move: Tailwind\n|\n|-weather|Sandstorm|[upkeep]\n|-damage|p1a: Absol|47/100|[from] Sandstorm\n|upkeep\n|turn|3\n|\n|t:|1776277161\n|move|p2b: Tyranitar|Protect|p2b: Tyranitar\n|-singleturn|p2b: Tyranitar|Protect\n|move|p1a: Absol|Protect|p1a: Absol\n|-singleturn|p1a: Absol|Protect\n|move|p2a: Corviknight|Brave Bird|p1a: Absol\n|-activate|p1a: Absol|move: Protect\n|move|p1b: Klefki|Dazzling Gleam|p2b: Tyranitar|[spread] p2a\n|-activate|p2b: Tyranitar|move: Protect\n|-resisted|p2a: Corviknight|1\n|-damage|p2a: Corviknight|78/100 par\n|\n|-weather|Sandstorm|[upkeep]\n|-damage|p1a: Absol|40/100|[from] Sandstorm\n|upkeep\n|turn|4\n|\n|t:|1776277187\n|move|p2b: Tyranitar|Knock Off|p1b: Klefki\n|-resisted|p1b: Klefki|1\n|-damage|p1b: Klefki|77/100\n|-enditem|p1b: Klefki|Mental Herb|[from] move: Knock Off|[of] p2b: Tyranitar\n|move|p1a: Absol|Shadow Claw|p2a: Corviknight\n|-damage|p2a: Corviknight|51/100 par\n|move|p2a: Corviknight|Brave Bird|p1a: Absol\n|-damage|p1a: Absol|0 fnt\n|faint|p1a: Absol\n|-damage|p2a: Corviknight|41/100 par|[from] Recoil\n|move|p1b: Klefki|Dazzling Gleam|p2a: Corviknight|[spread] p2a,p2b\n|-resisted|p2a: Corviknight|1\n|-supereffective|p2b: Tyranitar|1\n|-damage|p2a: Corviknight|31/100 par\n|-damage|p2b: Tyranitar|74/100\n|\n|-weather|Sandstorm|[upkeep]\n|upkeep\n|\n|t:|1776277204\n|switch|p1a: Pelipper|Pelipper, L50, M|100/100\n|-weather|RainDance|[from] ability: Drizzle|[of] p1a: Pelipper\n|turn|5\n|\n|t:|1776277221\n|switch|p1b: Palafin|Palafin, L50, F, shiny|100/100\n|detailschange|p2b: Tyranitar|Tyranitar-Mega, L50, F\n|-mega|p2b: Tyranitar|Tyranitar|Tyranitarite\n|-weather|Sandstorm|[from] ability: Sand Stream|[of] p2b: Tyranitar\n|move|p2b: Tyranitar|Protect|p2b: Tyranitar\n|-singleturn|p2b: Tyranitar|Protect\n|move|p2a: Corviknight|Roost|p2a: Corviknight\n|-heal|p2a: Corviknight|81/100 par\n|-singleturn|p2a: Corviknight|move: Roost\n|move|p1a: Pelipper|Weather Ball|p2b: Tyranitar\n|-activate|p2b: Tyranitar|move: Protect\n|\n|-weather|Sandstorm|[upkeep]\n|-damage|p1b: Palafin|95/100|[from] Sandstorm\n|-damage|p1a: Pelipper|95/100|[from] Sandstorm\n|-sideend|p1: Eclipseical|Reflect\n|-sideend|p2: bambuverde|move: Tailwind\n|upkeep\n|turn|6\n|\n|t:|1776277243\n|switch|p1a: Klefki|Klefki, L50, F|77/100\n|move|p1b: Palafin|Flip Turn|p2b: Tyranitar\n|-supereffective|p2b: Tyranitar|1\n|-damage|p2b: Tyranitar|37/100\n|\n|t:|1776277252\n|detailschange|p1b: Palafin|Palafin-Hero, L50, F, shiny\n|switch|p1b: Pelipper|Pelipper, L50, M|95/100|[from] Flip Turn\n|-weather|RainDance|[from] ability: Drizzle|[of] p1b: Pelipper\n|move|p2b: Tyranitar|Thunder Punch|p1a: Klefki\n|-damage|p1a: Klefki|37/100\n|move|p2a: Corviknight|Tailwind|p2a: Corviknight\n|-sidestart|p2: bambuverde|move: Tailwind\n|\n|-weather|RainDance|[upkeep]\n|upkeep\n|turn|7\n|\n|t:|1776277282\n|switch|p2b: Gyarados|Gyarados, L50, F|100/100\n|-ability|p2b: Gyarados|Intimidate|boost\n|-unboost|p1a: Klefki|atk|1\n|-unboost|p1b: Pelipper|atk|1\n|move|p1a: Klefki|Reflect|p1a: Klefki\n|-sidestart|p1: Eclipseical|Reflect\n|move|p2a: Corviknight|Brave Bird|p1a: Klefki\n|-resisted|p1a: Klefki|1\n|-damage|p1a: Klefki|19/100\n|-damage|p2a: Corviknight|76/100 par|[from] Recoil\n|move|p1b: Pelipper|Tailwind|p1b: Pelipper\n|-sidestart|p1: Eclipseical|move: Tailwind\n|\n|-weather|RainDance|[upkeep]\n|upkeep\n|turn|8\n|\n|t:|1776277306\n|switch|p1b: Palafin|Palafin-Hero, L50, F, shiny|95/100\n|-activate|p1b: Palafin|ability: Zero to Hero\n|move|p1a: Klefki|Thunder Wave|p2b: Gyarados\n|-status|p2b: Gyarados|par\n|move|p2b: Gyarados|Waterfall|p1a: Klefki\n|-damage|p1a: Klefki|0 fnt\n|faint|p1a: Klefki\n|move|p2a: Corviknight|U-turn|p1b: Palafin\n|-damage|p1b: Palafin|83/100\n|\n|t:|1776277317\n|switch|p2a: Tyranitar|Tyranitar-Mega, L50, F|37/100|[from] U-turn\n|-weather|Sandstorm|[from] ability: Sand Stream|[of] p2a: Tyranitar\n|\n|-weather|Sandstorm|[upkeep]\n|-damage|p1b: Palafin|77/100|[from] Sandstorm\n|-damage|p2b: Gyarados|95/100 par|[from] Sandstorm\n|upkeep\n|\n|t:|1776277324\n|switch|p1a: Pelipper|Pelipper, L50, M|95/100\n|-weather|RainDance|[from] ability: Drizzle|[of] p1a: Pelipper\n|turn|9\n|\n|t:|1776277335\n|switch|p2a: Sinistcha|Sinistcha-Masterpiece, L50|100/100\n|move|p1b: Palafin|Protect|p1b: Palafin\n|-singleturn|p1b: Palafin|Protect\n|move|p1a: Pelipper|Hurricane|p2b: Gyarados\n|-damage|p2b: Gyarados|64/100 par\n|move|p2b: Gyarados|Thunder Wave|p1b: Palafin\n|-activate|p1b: Palafin|move: Protect\n|\n|-weather|RainDance|[upkeep]\n|-sideend|p2: bambuverde|move: Tailwind\n|upkeep\n|turn|10\n|\n|t:|1776277359\n|switch|p2a: Tyranitar|Tyranitar-Mega, L50, F|37/100\n|-weather|Sandstorm|[from] ability: Sand Stream|[of] p2a: Tyranitar\n|move|p1b: Palafin|Wave Crash|p2a: Tyranitar\n|-supereffective|p2a: Tyranitar|1\n|-damage|p2a: Tyranitar|0 fnt\n|faint|p2a: Tyranitar\n|-damage|p1b: Palafin|65/100|[from] Recoil\n|move|p1a: Pelipper|Hurricane|p2b: Gyarados\n|-damage|p2b: Gyarados|32/100 par\n|move|p2b: Gyarados|Thunder Wave|p1b: Palafin\n|-status|p1b: Palafin|par\n|\n|-weather|Sandstorm|[upkeep]\n|-damage|p1a: Pelipper|89/100|[from] Sandstorm\n|-damage|p1b: Palafin|59/100 par|[from] Sandstorm\n|-damage|p2b: Gyarados|26/100 par|[from] Sandstorm\n|-sideend|p1: Eclipseical|move: Tailwind\n|upkeep\n|\n|t:|1776277366\n|switch|p2a: Sinistcha|Sinistcha-Masterpiece, L50|100/100\n|turn|11\n|\n|t:|1776277383\n|move|p1b: Palafin|Protect|p1b: Palafin\n|-singleturn|p1b: Palafin|Protect\n|move|p2a: Sinistcha|Matcha Gotcha|p1a: Pelipper|[spread] p1a\n|-activate|p1b: Palafin|move: Protect\n|-damage|p1a: Pelipper|60/100\n|move|p1a: Pelipper|Weather Ball|p2b: Gyarados\n|-supereffective|p2b: Gyarados|1\n|-damage|p2b: Gyarados|0 fnt\n|faint|p2b: Gyarados\n|\n|-weather|Sandstorm|[upkeep]\n|-damage|p2a: Sinistcha|94/100|[from] Sandstorm\n|-damage|p1a: Pelipper|54/100|[from] Sandstorm\n|-damage|p1b: Palafin|54/100 par|[from] Sandstorm\n|-heal|p2a: Sinistcha|100/100|[from] item: Leftovers\n|-sideend|p1: Eclipseical|Reflect\n|upkeep\n|\n|t:|1776277393\n|switch|p2b: Corviknight|Corviknight, L50, M|76/100 par\n|turn|12\n|\n|t:|1776277416\n|move|p1b: Palafin|Jet Punch|p2b: Corviknight\n|-damage|p2b: Corviknight|40/100 par\n|move|p2a: Sinistcha|Matcha Gotcha|p1b: Palafin|[spread] p1a,p1b\n|-supereffective|p1b: Palafin|1\n|-damage|p1a: Pelipper|23/100\n|-damage|p1b: Palafin|3/100 par\n|-status|p1a: Pelipper|brn\n|move|p1a: Pelipper|Hurricane|p2a: Sinistcha\n|-supereffective|p2a: Sinistcha|1\n|-damage|p2a: Sinistcha|18/100\n|-start|p2a: Sinistcha|confusion\n|move|p2b: Corviknight|Brave Bird|p1b: Palafin\n|-damage|p1b: Palafin|0 fnt\n|faint|p1b: Palafin\n|-damage|p2b: Corviknight|40/100 par|[from] Recoil\n|\n|-weather|Sandstorm|[upkeep]\n|-damage|p2a: Sinistcha|12/100|[from] Sandstorm\n|-damage|p1a: Pelipper|17/100 brn|[from] Sandstorm\n|-heal|p2a: Sinistcha|18/100|[from] item: Leftovers\n|-damage|p1a: Pelipper|11/100 brn|[from] brn\n|upkeep\n|turn|13\n|\n|t:|1776277441\n|-activate|p2a: Sinistcha|confusion\n|move|p2a: Sinistcha|Protect|p2a: Sinistcha\n|-singleturn|p2a: Sinistcha|Protect\n|move|p1a: Pelipper|Hurricane|p2a: Sinistcha\n|-activate|p2a: Sinistcha|move: Protect\n|move|p2b: Corviknight|Roost|p2b: Corviknight\n|-heal|p2b: Corviknight|90/100 par\n|-singleturn|p2b: Corviknight|move: Roost\n|\n|-weather|Sandstorm|[upkeep]\n|-damage|p2a: Sinistcha|12/100|[from] Sandstorm\n|-damage|p1a: Pelipper|5/100 brn|[from] Sandstorm\n|-heal|p2a: Sinistcha|18/100|[from] item: Leftovers\n|-damage|p1a: Pelipper|0 fnt|[from] brn\n|faint|p1a: Pelipper\n|\n|win|bambuverde\n|raw|Eclipseical's rating: 1116 &rarr; <strong>1087</strong><br />(-29 for losing)\n|raw|bambuverde's rating: 1065 &rarr; <strong>1100</strong><br />(+35 for winning)\n|l|\u2606Eclipseical\n|player|p1|\n",
  "uploadtime": 1776277462,
  "views": 29,
  "formatid": "gen9championsvgc2026regma",
  "rating": 1087,
  "private": 0,
  "password": null
}