{
  "id": "gen9championsvgc2026regma-2580886767",
  "format": "[Gen 9 Champions] VGC 2026 Reg M-A",
  "players": [
    "Despairing Sadness",
    "xjpsuperfan"
  ],
  "log": "|j|\u203dDespairing Sadness\n|j|\u2606xjpsuperfan\n|t:|1775940593\n|gametype|doubles\n|player|p1|Despairing Sadness|skier|1181\n|player|p2|xjpsuperfan|102|1152\n|gen|9\n|tier|[Gen 9 Champions] VGC 2026 Reg M-A\n|rated|\n|rule|Species Clause: Limit one of each Pok\u00e9mon\n|rule|Item Clause: Limit 1 of each item\n|clearpoke\n|poke|p1|Gyarados, L50, F|\n|poke|p1|Tyranitar, L50, F|\n|poke|p1|Garchomp, L50, M|\n|poke|p1|Farigiraf, L50, F|\n|poke|p1|Aegislash, L50, F|\n|poke|p1|Kangaskhan, L50, F|\n|poke|p2|Meganium, L50, F|\n|poke|p2|Dragonite, L50, F|\n|poke|p2|Pelipper, L50, M|\n|poke|p2|Palafin, L50, F|\n|poke|p2|Sneasler, L50, M|\n|poke|p2|Incineroar, L50, M|\n|teampreview|4\n|\n|t:|1775940626\n|teamsize|p1|4\n|teamsize|p2|4\n|start\n|switch|p1a: Gyarados|Gyarados, L50, F|100/100\n|switch|p1b: Kangaskhan|Kangaskhan, L50, F|100/100\n|switch|p2a: Palafin|Palafin, L50, F|100/100\n|switch|p2b: Dragonite|Dragonite, L50, F|100/100\n|-ability|p1a: Gyarados|Intimidate|boost\n|-unboost|p2a: Palafin|atk|1\n|-unboost|p2b: Dragonite|atk|1\n|turn|1\n|\n|t:|1775940662\n|detailschange|p2a: Palafin|Palafin-Hero, L50, F\n|switch|p2a: Pelipper|Pelipper, L50, M|100/100\n|-weather|RainDance|[from] ability: Drizzle|[of] p2a: Pelipper\n|detailschange|p2b: Dragonite|Dragonite-Mega, L50, F\n|-mega|p2b: Dragonite|Dragonite|Dragoninite\n|detailschange|p1b: Kangaskhan|Kangaskhan-Mega, L50, F\n|-mega|p1b: Kangaskhan|Kangaskhan|Kangaskhanite\n|move|p1b: Kangaskhan|Fake Out|p2a: Pelipper\n|-damage|p2a: Pelipper|81/100\n|-damage|p2a: Pelipper|75/100\n|-hitcount|p2a: Pelipper|2\n|move|p2b: Dragonite|Hurricane|p1b: Kangaskhan\n|-damage|p1b: Kangaskhan|32/100\n|move|p1a: Gyarados|Thunder Wave|p2b: Dragonite\n|-status|p2b: Dragonite|par\n|\n|-weather|RainDance|[upkeep]\n|upkeep\n|turn|2\n|\n|t:|1775940690\n|switch|p2b: Incineroar|Incineroar, L50, M|100/100\n|-ability|p2b: Incineroar|Intimidate|boost\n|-unboost|p1a: Gyarados|atk|1\n|-unboost|p1b: Kangaskhan|atk|1\n|move|p1b: Kangaskhan|Double-Edge|p2a: Pelipper\n|-damage|p2a: Pelipper|34/100\n|-crit|p2a: Pelipper\n|-damage|p2a: Pelipper|14/100\n|-hitcount|p2a: Pelipper|2\n|-damage|p1b: Kangaskhan|15/100|[from] Recoil\n|move|p1a: Gyarados|Waterfall|p2b: Incineroar\n|-supereffective|p2b: Incineroar|1\n|-damage|p2b: Incineroar|49/100\n|-enditem|p2b: Incineroar|Sitrus Berry|[eat]\n|-heal|p2b: Incineroar|74/100|[from] item: Sitrus Berry\n|move|p2a: Pelipper|Tailwind|p2a: Pelipper\n|-sidestart|p2: xjpsuperfan|move: Tailwind\n|\n|-weather|RainDance|[upkeep]\n|upkeep\n|turn|3\n|\n|t:|1775940708\n|move|p1b: Kangaskhan|Protect|p1b: Kangaskhan\n|-singleturn|p1b: Kangaskhan|Protect\n|move|p2b: Incineroar|Fake Out|p1b: Kangaskhan\n|-activate|p1b: Kangaskhan|move: Protect\n|move|p2a: Pelipper|Hurricane|p1a: Gyarados\n|-damage|p1a: Gyarados|71/100\n|move|p1a: Gyarados|Thunder Wave|p2a: Pelipper\n|-status|p2a: Pelipper|par\n|\n|-weather|RainDance|[upkeep]\n|upkeep\n|turn|4\n|\n|t:|1775940725\n|switch|p1b: Tyranitar|Tyranitar, L50, F|100/100\n|-weather|Sandstorm|[from] ability: Sand Stream|[of] p1b: Tyranitar\n|move|p2b: Incineroar|Will-O-Wisp|p1b: Tyranitar\n|-status|p1b: Tyranitar|brn\n|move|p1a: Gyarados|Thunder Wave|p2b: Incineroar\n|-status|p2b: Incineroar|par\n|move|p2a: Pelipper|Hurricane|p1a: Gyarados\n|-damage|p1a: Gyarados|46/100\n|-enditem|p1a: Gyarados|Sitrus Berry|[eat]\n|-heal|p1a: Gyarados|71/100|[from] item: Sitrus Berry\n|\n|-weather|Sandstorm|[upkeep]\n|-damage|p1a: Gyarados|65/100|[from] Sandstorm\n|-damage|p2a: Pelipper|8/100 par|[from] Sandstorm\n|-damage|p2b: Incineroar|68/100 par|[from] Sandstorm\n|-damage|p1b: Tyranitar|95/100 brn|[from] brn\n|upkeep\n|turn|5\n|\n|t:|1775940741\n|switch|p1a: Garchomp|Garchomp, L50, M|100/100\n|switch|p2a: Palafin|Palafin-Hero, L50, F|100/100\n|-activate|p2a: Palafin|ability: Zero to Hero\n|move|p1b: Tyranitar|Rock Slide|p2a: Palafin|[spread] p2a,p2b\n|-supereffective|p2b: Incineroar|1\n|-crit|p2b: Incineroar\n|-damage|p2a: Palafin|87/100\n|-damage|p2b: Incineroar|29/100 par\n|move|p2b: Incineroar|Parting Shot|p1b: Tyranitar\n|-unboost|p1b: Tyranitar|atk|1\n|-unboost|p1b: Tyranitar|spa|1\n|\n|t:|1775940750\n|switch|p2b: Pelipper|Pelipper, L50, M|8/100 par|[from] Parting Shot\n|-weather|RainDance|[from] ability: Drizzle|[of] p2b: Pelipper\n|\n|-weather|RainDance|[upkeep]\n|-heal|p2a: Palafin|93/100|[from] item: Leftovers\n|-damage|p1b: Tyranitar|89/100 brn|[from] brn\n|-sideend|p2: xjpsuperfan|move: Tailwind\n|upkeep\n|turn|6\n|\n|t:|1775940765\n|switch|p1b: Gyarados|Gyarados, L50, F|65/100\n|-ability|p1b: Gyarados|Intimidate|boost\n|-unboost|p2a: Palafin|atk|1\n|-unboost|p2b: Pelipper|atk|1\n|move|p1a: Garchomp|Protect|p1a: Garchomp\n|-singleturn|p1a: Garchomp|Protect\n|move|p2a: Palafin|Bulk Up|p2a: Palafin\n|-boost|p2a: Palafin|atk|1\n|-boost|p2a: Palafin|def|1\n|move|p2b: Pelipper|Tailwind|p2b: Pelipper\n|-sidestart|p2: xjpsuperfan|move: Tailwind\n|\n|-weather|RainDance|[upkeep]\n|-heal|p2a: Palafin|99/100|[from] item: Leftovers\n|upkeep\n|turn|7\n|\n|t:|1775940781\n|switch|p2b: Incineroar|Incineroar, L50, M|29/100 par\n|-ability|p2b: Incineroar|Intimidate|boost\n|-unboost|p1a: Garchomp|atk|1\n|-unboost|p1b: Gyarados|atk|1\n|move|p2a: Palafin|Bulk Up|p2a: Palafin\n|-boost|p2a: Palafin|atk|1\n|-boost|p2a: Palafin|def|1\n|move|p1a: Garchomp|Swords Dance|p1a: Garchomp\n|-boost|p1a: Garchomp|atk|2\n|move|p1b: Gyarados|Thunder Wave|p2a: Palafin\n|-status|p2a: Palafin|par\n|\n|-weather|RainDance|[upkeep]\n|-heal|p2a: Palafin|100/100 par|[from] item: Leftovers\n|upkeep\n|turn|8\n|\n|t:|1775940801\n|move|p1a: Garchomp|Stomping Tantrum|p2a: Palafin\n|-damage|p2a: Palafin|74/100 par\n|move|p2a: Palafin|Bulk Up|p2a: Palafin\n|-boost|p2a: Palafin|atk|1\n|-boost|p2a: Palafin|def|1\n|move|p1b: Gyarados|Waterfall|p2b: Incineroar\n|-supereffective|p2b: Incineroar|1\n|-damage|p2b: Incineroar|0 fnt\n|faint|p2b: Incineroar\n|\n|-weather|RainDance|[upkeep]\n|-heal|p2a: Palafin|80/100 par|[from] item: Leftovers\n|upkeep\n|\n|t:|1775940810\n|switch|p2b: Dragonite|Dragonite-Mega, L50, F|100/100 par\n|turn|9\n|\n|t:|1775940826\n|move|p1a: Garchomp|Stomping Tantrum|p2a: Palafin\n|-damage|p2a: Palafin|58/100 par\n|move|p2b: Dragonite|Draco Meteor|p1a: Garchomp\n|-supereffective|p1a: Garchomp|1\n|-damage|p1a: Garchomp|0 fnt\n|-unboost|p2b: Dragonite|spa|2\n|faint|p1a: Garchomp\n|move|p2a: Palafin|Drain Punch|p1b: Gyarados\n|-resisted|p1b: Gyarados|1\n|-damage|p1b: Gyarados|40/100\n|-heal|p2a: Palafin|70/100 par|[from] drain|[of] p1b: Gyarados\n|move|p1b: Gyarados|Waterfall|p2b: Dragonite\n|-resisted|p2b: Dragonite|1\n|-damage|p2b: Dragonite|92/100 par\n|\n|-weather|none\n|-heal|p2a: Palafin|75/100 par|[from] item: Leftovers\n|-sideend|p2: xjpsuperfan|move: Tailwind\n|upkeep\n|\n|t:|1775940831\n|switch|p1a: Tyranitar|Tyranitar, L50, F|89/100 brn\n|-weather|Sandstorm|[from] ability: Sand Stream|[of] p1a: Tyranitar\n|turn|10\n|\n|t:|1775940846\n|switch|p2b: Pelipper|Pelipper, L50, M|8/100 par\n|-weather|RainDance|[from] ability: Drizzle|[of] p2b: Pelipper\n|move|p1a: Tyranitar|Rock Slide|p2a: Palafin|[spread] p2a\n|-miss|p1a: Tyranitar|p2b: Pelipper\n|-damage|p2a: Palafin|70/100 par\n|move|p1b: Gyarados|Waterfall|p2a: Palafin\n|-resisted|p2a: Palafin|1\n|-damage|p2a: Palafin|64/100 par\n|cant|p2a: Palafin|flinch\n|\n|-weather|RainDance|[upkeep]\n|-heal|p2a: Palafin|70/100 par|[from] item: Leftovers\n|-damage|p1a: Tyranitar|83/100 brn|[from] brn\n|upkeep\n|turn|11\n|\n|t:|1775940859\n|move|p1a: Tyranitar|Rock Slide|p2b: Pelipper|[spread] p2a,p2b\n|-supereffective|p2b: Pelipper|1\n|-damage|p2a: Palafin|65/100 par\n|-damage|p2b: Pelipper|0 fnt\n|faint|p2b: Pelipper\n|move|p1b: Gyarados|Waterfall|p2a: Palafin\n|-resisted|p2a: Palafin|1\n|-damage|p2a: Palafin|59/100 par\n|move|p2a: Palafin|Drain Punch|p1a: Tyranitar\n|-supereffective|p1a: Tyranitar|2\n|-damage|p1a: Tyranitar|0 fnt\n|-heal|p2a: Palafin|94/100 par|[from] drain|[of] p1a: Tyranitar\n|faint|p1a: Tyranitar\n|\n|-weather|RainDance|[upkeep]\n|-heal|p2a: Palafin|99/100 par|[from] item: Leftovers\n|upkeep\n|\n|t:|1775940870\n|switch|p1a: Kangaskhan|Kangaskhan-Mega, L50, F|15/100\n|switch|p2b: Dragonite|Dragonite-Mega, L50, F|92/100 par\n|turn|12\n|-message|Despairing Sadness forfeited.\n|\n|win|xjpsuperfan\n|raw|Despairing Sadness's rating: 1181 &rarr; <strong>1154</strong><br />(-27 for losing)\n|raw|xjpsuperfan's rating: 1152 &rarr; <strong>1179</strong><br />(+27 for winning)\n|l|\u203dDespairing Sadness\n|player|p1|\n|l|\u2606xjpsuperfan\n|player|p2|\n|j|\u2606xjpsuperfan\n|player|p2|xjpsuperfan|102|\n",
  "uploadtime": 1775940958,
  "views": 25,
  "formatid": "gen9championsvgc2026regma",
  "rating": 1154,
  "private": 0,
  "password": null
}