{
  "id": "gen9championsvgc2026regma-2584841267",
  "format": "[Gen 9 Champions] VGC 2026 Reg M-A",
  "players": [
    "cashmxney",
    "lets buy packs"
  ],
  "log": "|j|\u2606cashmxney\n|j|\u2606lets buy packs\n|t:|1776287822\n|gametype|doubles\n|player|p1|cashmxney|101|1160\n|player|p2|lets buy packs|red-masters3|1160\n|gen|9\n|tier|[Gen 9 Champions] VGC 2026 Reg M-A\n|rated|\n|rule|Species Clause: Limit one of each Pok\u00e9mon\n|rule|Item Clause: Limit 1 of each item\n|clearpoke\n|poke|p1|Oranguru, L50, M|\n|poke|p1|Drampa, L50, F|\n|poke|p1|Torkoal, L50, M|\n|poke|p1|Incineroar, L50, F|\n|poke|p1|Sneasler, L50, F|\n|poke|p1|Sinistcha, L50|\n|poke|p2|Espathra, L50, F|\n|poke|p2|Glimmora, L50, F|\n|poke|p2|Incineroar, L50, F|\n|poke|p2|Maushold-Four, L50|\n|poke|p2|Froslass, L50, F|\n|poke|p2|Sneasler, L50, F|\n|teampreview|4\n|inactive|Battle timer is ON: inactive players will automatically lose when time's up. (requested by lets buy packs)\n|inactive|cashmxney has 60 seconds left.\n|\n|t:|1776287870\n|teamsize|p1|4\n|teamsize|p2|4\n|start\n|switch|p1a: Oranguru|Oranguru, L50, M|100/100\n|switch|p1b: Torkoal|Torkoal, L50, M|100/100\n|switch|p2a: Froslass|Froslass, L50, F|100/100\n|switch|p2b: Glimmora|Glimmora, L50, F, shiny|100/100\n|-weather|SunnyDay|[from] ability: Drought|[of] p1b: Torkoal\n|turn|1\n|\n|t:|1776287895\n|detailschange|p2a: Froslass|Froslass-Mega, L50, F\n|-mega|p2a: Froslass|Froslass|Froslassite\n|-weather|Snowscape|[from] ability: Snow Warning|[of] p2a: Froslass\n|move|p2a: Froslass|Aurora Veil|p2a: Froslass\n|-sidestart|p2: lets buy packs|move: Aurora Veil\n|move|p2b: Glimmora|Power Gem|p1b: Torkoal\n|-supereffective|p1b: Torkoal|1\n|-damage|p1b: Torkoal|0 fnt\n|faint|p1b: Torkoal\n|move|p1a: Oranguru|Trick Room|p1a: Oranguru\n|-fieldstart|move: Trick Room|[of] p1a: Oranguru\n|\n|-weather|Snowscape|[upkeep]\n|upkeep\n|\n|t:|1776287906\n|switch|p1b: Drampa|Drampa, L50, F|100/100\n|-ability|p1b: Drampa|Cloud Nine\n|turn|2\n|\n|t:|1776287923\n|detailschange|p1b: Drampa|Drampa-Mega, L50, F\n|-mega|p1b: Drampa|Drampa|Drampanite\n|move|p2b: Glimmora|Spiky Shield|p2b: Glimmora\n|-singleturn|p2b: Glimmora|move: Protect\n|move|p2a: Froslass|Protect|p2a: Froslass\n|-singleturn|p2a: Froslass|Protect\n|move|p1b: Drampa|Calm Mind|p1b: Drampa\n|-boost|p1b: Drampa|spa|1\n|-boost|p1b: Drampa|spd|1\n|move|p1a: Oranguru|Instruct|p1b: Drampa\n|-singleturn|p1b: Drampa|move: Instruct|[of] p1a: Oranguru\n|move|p1b: Drampa|Calm Mind|p1b: Drampa\n|-boost|p1b: Drampa|spa|1\n|-boost|p1b: Drampa|spd|1\n|\n|-weather|Snowscape|[upkeep]\n|upkeep\n|turn|3\n|inactive|cashmxney has 30 seconds left.\n|\n|t:|1776287949\n|switch|p2b: Maushold|Maushold-Four, L50|100/100\n|move|p1b: Drampa|Dragon Pulse|p2a: Froslass\n|-damage|p2a: Froslass|39/100\n|move|p1a: Oranguru|Instruct|p1b: Drampa\n|-singleturn|p1b: Drampa|move: Instruct|[of] p1a: Oranguru\n|move|p1b: Drampa|Dragon Pulse|p2a: Froslass\n|-damage|p2a: Froslass|0 fnt\n|faint|p2a: Froslass\n|\n|-weather|Snowscape|[upkeep]\n|upkeep\n|\n|t:|1776287957\n|switch|p2a: Glimmora|Glimmora, L50, F, shiny|100/100\n|turn|4\n|\n|t:|1776287964\n|move|p2b: Maushold|Follow Me|p2b: Maushold\n|-singleturn|p2b: Maushold|move: Follow Me\n|move|p1b: Drampa|Hyper Voice|p2b: Maushold|[spread] p2a,p2b\n|-resisted|p2a: Glimmora|1\n|-damage|p2a: Glimmora|71/100\n|-damage|p2b: Maushold|21/100\n|-enditem|p2b: Maushold|Sitrus Berry|[eat]\n|-heal|p2b: Maushold|46/100|[from] item: Sitrus Berry\n|move|p1a: Oranguru|Instruct|p2b: Maushold\n|-singleturn|p2b: Maushold|move: Instruct|[of] p1a: Oranguru\n|move|p2b: Maushold|Follow Me||[still]\n|-fail|p2b: Maushold\n|move|p2a: Glimmora|Power Gem|p1b: Drampa\n|-damage|p1b: Drampa|81/100\n|\n|-weather|Snowscape|[upkeep]\n|upkeep\n|turn|5\n|-message|lets buy packs forfeited.\n|\n|win|cashmxney\n|raw|cashmxney's rating: 1160 &rarr; <strong>1185</strong><br />(+25 for winning)\n|raw|lets buy packs's rating: 1160 &rarr; <strong>1135</strong><br />(-25 for losing)\n",
  "uploadtime": 1776287973,
  "views": 21,
  "formatid": "gen9championsvgc2026regma",
  "rating": 1135,
  "private": 0,
  "password": null
}