{
  "id": "gen9championsvgc2026regma-2580672823",
  "format": "[Gen 9 Champions] VGC 2026 Reg M-A",
  "players": [
    "RazzvyBerry",
    "daniel.verdejo"
  ],
  "log": "|j|\u2606RazzvyBerry\n|j|\u2606daniel.verdejo\n|t:|1775923145\n|gametype|doubles\n|player|p1|RazzvyBerry|harlequin|1138\n|player|p2|daniel.verdejo|1|1172\n|gen|9\n|tier|[Gen 9 Champions] VGC 2026 Reg M-A\n|rated|\n|rule|Species Clause: Limit one of each Pok\u00e9mon\n|rule|Item Clause: Limit 1 of each item\n|clearpoke\n|poke|p1|Azumarill, L50, F|\n|poke|p1|Froslass, L50, F|\n|poke|p1|Sinistcha, L50|\n|poke|p1|Incineroar, L50, M|\n|poke|p1|Sneasler, L50, M|\n|poke|p1|Maushold, L50|\n|poke|p2|Tyranitar, L50, F|\n|poke|p2|Milotic, L50, M|\n|poke|p2|Incineroar, L50, F|\n|poke|p2|Sneasler, L50, M|\n|poke|p2|Aerodactyl, L50, F|\n|poke|p2|Sinistcha, L50|\n|teampreview|4\n|inactive|Battle timer is ON: inactive players will automatically lose when time's up. (requested by RazzvyBerry)\n|\n|t:|1775923202\n|teamsize|p1|4\n|teamsize|p2|4\n|start\n|switch|p1a: Azumarill|Azumarill, L50, F|100/100\n|switch|p1b: Sinistcha|Sinistcha, L50|100/100\n|switch|p2a: Aerodactyl|Aerodactyl, L50, F|100/100\n|switch|p2b: Milotic|Milotic, L50, M|100/100\n|-ability|p2a: Aerodactyl|Unnerve\n|turn|1\n|\n|t:|1775923222\n|move|p2a: Aerodactyl|Protect|p2a: Aerodactyl\n|-singleturn|p2a: Aerodactyl|Protect\n|move|p1a: Azumarill|Protect|p1a: Azumarill\n|-singleturn|p1a: Azumarill|Protect\n|move|p2b: Milotic|Ice Beam|p1b: Sinistcha\n|-supereffective|p1b: Sinistcha|1\n|-damage|p1b: Sinistcha|25/100\n|move|p1b: Sinistcha|Trick Room|p1b: Sinistcha\n|-fieldstart|move: Trick Room|[of] p1b: Sinistcha\n|\n|upkeep\n|turn|2\n|inactive|RazzvyBerry has 30 seconds left.\n|inactive|daniel.verdejo has 30 seconds left.\n|inactive|daniel.verdejo has 20 seconds left.\n|\n|t:|1775923260\n|switch|p2a: Incineroar|Incineroar, L50, F|100/100\n|-ability|p2a: Incineroar|Intimidate|boost\n|-unboost|p1a: Azumarill|atk|1\n|-unboost|p1b: Sinistcha|atk|1\n|move|p1a: Azumarill|Aqua Jet|p2a: Incineroar\n|-supereffective|p2a: Incineroar|1\n|-damage|p2a: Incineroar|67/100\n|move|p2b: Milotic|Scald|p1a: Azumarill\n|-resisted|p1a: Azumarill|1\n|-damage|p1a: Azumarill|84/100\n|move|p1b: Sinistcha|Matcha Gotcha|p2a: Incineroar|[spread] p2a,p2b\n|-resisted|p2a: Incineroar|1\n|-supereffective|p2b: Milotic|1\n|-damage|p2a: Incineroar|54/100\n|-heal|p1b: Sinistcha|34/100|[from] drain|[of] p2a: Incineroar\n|-damage|p2b: Milotic|53/100\n|-heal|p1b: Sinistcha|66/100|[from] drain|[of] p2b: Milotic\n|\n|-heal|p2b: Milotic|59/100|[from] item: Leftovers\n|upkeep\n|turn|3\n|\n|t:|1775923284\n|move|p1a: Azumarill|Protect|p1a: Azumarill\n|-singleturn|p1a: Azumarill|Protect\n|move|p2a: Incineroar|Fake Out|p1a: Azumarill\n|-activate|p1a: Azumarill|move: Protect\n|move|p2b: Milotic|Ice Beam|p1b: Sinistcha\n|-supereffective|p1b: Sinistcha|1\n|-damage|p1b: Sinistcha|0 fnt\n|faint|p1b: Sinistcha\n|\n|-heal|p2b: Milotic|65/100|[from] item: Leftovers\n|upkeep\n|\n|t:|1775923298\n|switch|p1b: Sneasler|Sneasler, L50, M|100/100\n|turn|4\n|inactive|RazzvyBerry has 30 seconds left.\n|inactive|daniel.verdejo has 30 seconds left.\n|inactive|RazzvyBerry has 20 seconds left.\n|\n|t:|1775923338\n|move|p1b: Sneasler|Fake Out|p2b: Milotic\n|-damage|p2b: Milotic|53/100\n|move|p1a: Azumarill|Belly Drum|p1a: Azumarill\n|-damage|p1a: Azumarill|34/100\n|-setboost|p1a: Azumarill|atk|6|[from] move: Belly Drum\n|-enditem|p1a: Azumarill|Sitrus Berry|[eat]\n|-heal|p1a: Azumarill|59/100|[from] item: Sitrus Berry\n|move|p2a: Incineroar|Flare Blitz|p1b: Sneasler\n|-damage|p1b: Sneasler|16/100\n|-damage|p2a: Incineroar|33/100|[from] Recoil\n|-enditem|p2a: Incineroar|Sitrus Berry|[eat]\n|-heal|p2a: Incineroar|57/100|[from] item: Sitrus Berry\n|cant|p2b: Milotic|flinch\n|\n|-heal|p2b: Milotic|59/100|[from] item: Leftovers\n|upkeep\n|turn|5\n|inactive|daniel.verdejo has 30 seconds left.\n|inactive|daniel.verdejo has 20 seconds left.\n|inactive|daniel.verdejo has 15 seconds left.\n|\n|t:|1775923383\n|move|p2b: Milotic|Protect|p2b: Milotic\n|-singleturn|p2b: Milotic|Protect\n|move|p1b: Sneasler|Protect|p1b: Sneasler\n|-singleturn|p1b: Sneasler|Protect\n|move|p1a: Azumarill|Play Rough|p2b: Milotic\n|-activate|p2b: Milotic|move: Protect\n|move|p2a: Incineroar|Flare Blitz|p1b: Sneasler\n|-activate|p1b: Sneasler|move: Protect\n|\n|-heal|p2b: Milotic|65/100|[from] item: Leftovers\n|-fieldend|move: Trick Room\n|upkeep\n|turn|6\n|inactive|daniel.verdejo has 30 seconds left.\n|\n|t:|1775923408\n|move|p1a: Azumarill|Aqua Jet|p2a: Incineroar\n|-supereffective|p2a: Incineroar|1\n|-damage|p2a: Incineroar|0 fnt\n|faint|p2a: Incineroar\n|move|p1b: Sneasler|Close Combat|p2b: Milotic\n|-damage|p2b: Milotic|17/100\n|-unboost|p1b: Sneasler|def|1\n|-unboost|p1b: Sneasler|spd|1\n|-enditem|p1b: Sneasler|White Herb\n|-clearnegativeboost|p1b: Sneasler|[silent]\n|move|p2b: Milotic|Scald|p1b: Sneasler\n|-damage|p1b: Sneasler|0 fnt\n|faint|p1b: Sneasler\n|\n|-heal|p2b: Milotic|23/100|[from] item: Leftovers\n|upkeep\n|\n|t:|1775923427\n|switch|p1b: Froslass|Froslass, L50, F|100/100\n|switch|p2a: Aerodactyl|Aerodactyl, L50, F|100/100\n|-ability|p2a: Aerodactyl|Unnerve\n|turn|7\n|inactive|RazzvyBerry has 30 seconds left.\n|inactive|RazzvyBerry has 20 seconds left.\n|inactive|RazzvyBerry has 15 seconds left.\n|inactive|daniel.verdejo has 30 seconds left.\n|inactive|daniel.verdejo has 20 seconds left.\n|inactive|daniel.verdejo has 15 seconds left.\n|\n|t:|1775923489\n|detailschange|p2a: Aerodactyl|Aerodactyl-Mega, L50, F\n|-mega|p2a: Aerodactyl|Aerodactyl|Aerodactylite\n|detailschange|p1b: Froslass|Froslass-Mega, L50, F\n|-mega|p1b: Froslass|Froslass|Froslassite\n|-weather|Snowscape|[from] ability: Snow Warning|[of] p1b: Froslass\n|move|p1a: Azumarill|Aqua Jet|p2a: Aerodactyl\n|-supereffective|p2a: Aerodactyl|1\n|-damage|p2a: Aerodactyl|0 fnt\n|faint|p2a: Aerodactyl\n|move|p1b: Froslass|Blizzard|p2b: Milotic\n|-resisted|p2b: Milotic|1\n|-damage|p2b: Milotic|0 fnt\n|faint|p2b: Milotic\n|\n|-weather|Snowscape|[upkeep]\n|upkeep\n|\n|t:|1775923501\n|switch|p2b: Tyranitar|Tyranitar, L50, F|100/100\n|-weather|Sandstorm|[from] ability: Sand Stream|[of] p2b: Tyranitar\n|turn|8\n|\n|t:|1775923512\n|move|p1a: Azumarill|Aqua Jet|p2b: Tyranitar\n|-supereffective|p2b: Tyranitar|1\n|-damage|p2b: Tyranitar|0 fnt\n|faint|p2b: Tyranitar\n|\n|win|RazzvyBerry\n|raw|RazzvyBerry's rating: 1138 &rarr; <strong>1165</strong><br />(+27 for winning)\n|raw|daniel.verdejo's rating: 1172 &rarr; <strong>1145</strong><br />(-27 for losing)\n",
  "uploadtime": 1775923520,
  "views": 22,
  "formatid": "gen9championsvgc2026regma",
  "rating": 1145,
  "private": 0,
  "password": null
}