{
  "id": "gen9championsvgc2026regma-2586105893",
  "format": "[Gen 9 Champions] VGC 2026 Reg M-A",
  "players": [
    "snodlop",
    "AlePesce"
  ],
  "log": "|j|\u2606snodlop\n|j|\u2606AlePesce\n|t:|1776399669\n|gametype|doubles\n|player|p1|snodlop|lady|1135\n|player|p2|AlePesce|1|1135\n|gen|9\n|tier|[Gen 9 Champions] VGC 2026 Reg M-A\n|rated|\n|rule|Species Clause: Limit one of each Pok\u00e9mon\n|rule|Item Clause: Limit 1 of each item\n|clearpoke\n|poke|p1|Pelipper, L50, M|\n|poke|p1|Palafin, L50, F|\n|poke|p1|Basculegion, L50, M|\n|poke|p1|Manectric, L50, M|\n|poke|p1|Dragonite, L50, F|\n|poke|p1|Kingambit, L50, F|\n|poke|p2|Primarina, L50, M|\n|poke|p2|Aggron, L50, F|\n|poke|p2|Camerupt, L50, F|\n|poke|p2|Slowking, L50, F|\n|poke|p2|Incineroar, L50, M|\n|poke|p2|Tsareena, L50, F|\n|teampreview|4\n|\n|t:|1776399694\n|teamsize|p1|4\n|teamsize|p2|4\n|start\n|switch|p1a: Pelipper|Pelipper, L50, M|100/100\n|switch|p1b: Kingambit|Kingambit, L50, F|100/100\n|switch|p2a: Slowking|Slowking, L50, F|100/100\n|switch|p2b: Tsareena|Tsareena, L50, F|100/100\n|-weather|RainDance|[from] ability: Drizzle|[of] p1a: Pelipper\n|turn|1\n|\n|t:|1776399715\n|switch|p2a: Primarina|Primarina, L50, M|100/100\n|move|p1a: Pelipper|Hurricane|p2b: Tsareena\n|-supereffective|p2b: Tsareena|1\n|-damage|p2b: Tsareena|2/100\n|move|p2b: Tsareena|Power Whip|p1a: Pelipper\n|-damage|p1a: Pelipper|19/100\n|move|p1b: Kingambit|Swords Dance|p1b: Kingambit\n|-boost|p1b: Kingambit|atk|2\n|\n|-weather|RainDance|[upkeep]\n|upkeep\n|turn|2\n|-activate|p2b: Tsareena|item: Quick Claw\n|\n|t:|1776399739\n|move|p2b: Tsareena|Protect|p2b: Tsareena\n|-singleturn|p2b: Tsareena|Protect\n|move|p1a: Pelipper|Wide Guard|p1a: Pelipper\n|-singleturn|p1a: Pelipper|Wide Guard\n|move|p2a: Primarina|Moonblast|p1b: Kingambit\n|-crit|p1b: Kingambit\n|-damage|p1b: Kingambit|26/100\n|move|p1b: Kingambit|Iron Head|p2b: Tsareena\n|-activate|p2b: Tsareena|move: Protect\n|\n|-weather|RainDance|[upkeep]\n|-heal|p1b: Kingambit|32/100|[from] item: Leftovers\n|upkeep\n|turn|3\n|\n|t:|1776399764\n|switch|p2b: Slowking|Slowking, L50, F|100/100\n|move|p1a: Pelipper|Hurricane|p2b: Slowking\n|-damage|p2b: Slowking|61/100\n|-start|p2b: Slowking|confusion\n|move|p1b: Kingambit|Iron Head|p2a: Primarina\n|-damage|p2a: Primarina|0 fnt\n|faint|p2a: Primarina\n|\n|-weather|RainDance|[upkeep]\n|-heal|p1b: Kingambit|38/100|[from] item: Leftovers\n|-heal|p2b: Slowking|67/100|[from] item: Leftovers\n|upkeep\n|\n|t:|1776399779\n|switch|p2a: Aggron|Aggron, L50, F|100/100\n|turn|4\n|\n|t:|1776399792\n|detailschange|p2a: Aggron|Aggron-Mega, L50, F\n|-mega|p2a: Aggron|Aggron|Aggronite\n|move|p1a: Pelipper|Weather Ball|p2a: Aggron\n|-damage|p2a: Aggron|25/100\n|move|p1b: Kingambit|Brick Break|p2a: Aggron\n|-supereffective|p2a: Aggron|1\n|-crit|p2a: Aggron\n|-damage|p2a: Aggron|0 fnt\n|faint|p2a: Aggron\n|-activate|p2b: Slowking|confusion\n|move|p2b: Slowking|Trick Room|p2b: Slowking\n|-fieldstart|move: Trick Room|[of] p2b: Slowking\n|\n|-weather|RainDance|[upkeep]\n|-heal|p2b: Slowking|73/100|[from] item: Leftovers\n|-heal|p1b: Kingambit|43/100|[from] item: Leftovers\n|upkeep\n|\n|t:|1776399805\n|switch|p2a: Tsareena|Tsareena, L50, F|2/100\n|turn|5\n|\n|t:|1776399821\n|move|p1a: Pelipper|Wide Guard|p1a: Pelipper\n|-singleturn|p1a: Pelipper|Wide Guard\n|-activate|p2b: Slowking|confusion\n|-damage|p2b: Slowking|67/100|[from] confusion\n|move|p1b: Kingambit|Iron Head|p2a: Tsareena\n|-damage|p2a: Tsareena|0 fnt\n|faint|p2a: Tsareena\n|\n|-weather|none\n|-heal|p2b: Slowking|73/100|[from] item: Leftovers\n|-heal|p1b: Kingambit|49/100|[from] item: Leftovers\n|upkeep\n|turn|6\n|\n|t:|1776399838\n|switch|p1a: Dragonite|Dragonite, L50, F|100/100\n|move|p1b: Kingambit|Sucker Punch|p2b: Slowking\n|-supereffective|p2b: Slowking|1\n|-crit|p2b: Slowking\n|-damage|p2b: Slowking|0 fnt\n|faint|p2b: Slowking\n|\n|win|snodlop\n|raw|snodlop's rating: 1135 &rarr; <strong>1160</strong><br />(+25 for winning)\n|raw|AlePesce's rating: 1135 &rarr; <strong>1110</strong><br />(-25 for losing)\n|l|\u2606AlePesce\n|player|p2|\n",
  "uploadtime": 1776399876,
  "views": 19,
  "formatid": "gen9championsvgc2026regma",
  "rating": 1110,
  "private": 0,
  "password": null
}