{
  "id": "gen9championsvgc2026regma-2588734572",
  "format": "[Gen 9 Champions] VGC 2026 Reg M-A",
  "players": [
    "xiaoyu1103142",
    "fot fred avui"
  ],
  "log": "|j|\u2606xiaoyu1103142\n|j|\u2606fot fred avui\n|t:|1776663670\n|gametype|doubles\n|player|p1|xiaoyu1103142|265|1028\n|player|p2|fot fred avui|sisandbro|1000\n|gen|9\n|tier|[Gen 9 Champions] VGC 2026 Reg M-A\n|rated|\n|rule|Species Clause: Limit one of each Pok\u00e9mon\n|rule|Item Clause: Limit 1 of each item\n|clearpoke\n|poke|p1|Froslass, L50, F|\n|poke|p1|Rotom-Frost, L50|\n|poke|p1|Incineroar, L50, F|\n|poke|p1|Kingambit, L50, M|\n|poke|p1|Garchomp, L50, F|\n|poke|p1|Primarina, L50, F|\n|poke|p2|Aerodactyl, L50, F|\n|poke|p2|Dragapult, L50, M|\n|poke|p2|Primarina, L50, M|\n|poke|p2|Scizor, L50, F|\n|poke|p2|Scovillain, L50, M|\n|poke|p2|Sneasler, L50, M|\n|teampreview|4\n|\n|t:|1776663706\n|teamsize|p1|4\n|teamsize|p2|4\n|start\n|switch|p1a: Incineroar|Incineroar, L50, F|100/100\n|switch|p1b: Froslass|Froslass, L50, F|100/100\n|switch|p2a: Scovillain|Scovillain, L50, M|100/100\n|switch|p2b: Sneasler|Sneasler, L50, M|100/100\n|-ability|p1a: Incineroar|Intimidate|boost\n|-unboost|p2a: Scovillain|atk|1\n|-unboost|p2b: Sneasler|atk|1\n|-enditem|p2b: Sneasler|White Herb\n|-clearnegativeboost|p2b: Sneasler|[silent]\n|turn|1\n|\n|t:|1776663739\n|detailschange|p1b: Froslass|Froslass-Mega, L50, F\n|-mega|p1b: Froslass|Froslass|Froslassite\n|-weather|Snowscape|[from] ability: Snow Warning|[of] p1b: Froslass\n|move|p2b: Sneasler|Protect|p2b: Sneasler\n|-singleturn|p2b: Sneasler|Protect\n|move|p1b: Froslass|Protect|p1b: Froslass\n|-singleturn|p1b: Froslass|Protect\n|move|p2a: Scovillain|Protect|p2a: Scovillain\n|-singleturn|p2a: Scovillain|Protect\n|move|p1a: Incineroar|Parting Shot|p2b: Sneasler\n|-activate|p2b: Sneasler|move: Protect\n|\n|-weather|Snowscape|[upkeep]\n|-ability|p2a: Scovillain|Moody|boost\n|-boost|p2a: Scovillain|spe|2\n|-unboost|p2a: Scovillain|def|1\n|upkeep\n|turn|2\n|\n|t:|1776663777\n|switch|p1b: Primarina|Primarina, L50, F|100/100\n|detailschange|p2a: Scovillain|Scovillain-Mega, L50, M\n|-mega|p2a: Scovillain|Scovillain|Scovillainite\n|move|p2b: Sneasler|Close Combat|p1a: Incineroar\n|-supereffective|p1a: Incineroar|1\n|-crit|p1a: Incineroar\n|-enditem|p1a: Incineroar|Chople Berry|[eat]\n|-enditem|p1a: Incineroar|Chople Berry|[weaken]\n|-damage|p1a: Incineroar|19/100\n|-unboost|p2b: Sneasler|def|1\n|-unboost|p2b: Sneasler|spd|1\n|move|p2a: Scovillain|Flamethrower|p1b: Primarina\n|-resisted|p1b: Primarina|1\n|-damage|p1b: Primarina|84/100\n|move|p1a: Incineroar|Parting Shot|p2b: Sneasler\n|-unboost|p2b: Sneasler|atk|1\n|-unboost|p2b: Sneasler|spa|1\n|\n|t:|1776663798\n|switch|p1a: Froslass|Froslass-Mega, L50, F|100/100|[from] Parting Shot\n|\n|-weather|Snowscape|[upkeep]\n|-heal|p1b: Primarina|90/100|[from] item: Leftovers\n|upkeep\n|turn|3\n|\n|t:|1776663823\n|move|p2b: Sneasler|Dire Claw|p1b: Primarina\n|-supereffective|p1b: Primarina|1\n|-damage|p1b: Primarina|20/100\n|move|p2a: Scovillain|Leaf Storm|p1b: Primarina\n|-supereffective|p1b: Primarina|1\n|-damage|p1b: Primarina|0 fnt\n|-unboost|p2a: Scovillain|spa|2\n|faint|p1b: Primarina\n|move|p1a: Froslass|Aurora Veil|p1a: Froslass\n|-sidestart|p1: xiaoyu1103142|move: Aurora Veil\n|\n|-weather|Snowscape|[upkeep]\n|upkeep\n|\n|t:|1776663835\n|switch|p1b: Rotom|Rotom-Frost, L50|100/100\n|turn|4\n|\n|t:|1776663847\n|move|p2b: Sneasler|Dire Claw|p1a: Froslass\n|-resisted|p1a: Froslass|1\n|-damage|p1a: Froslass|92/100\n|-status|p1a: Froslass|psn\n|move|p1b: Rotom|Blizzard|p2b: Sneasler|[spread] p2a,p2b\n|-damage|p2a: Scovillain|60/100\n|-damage|p2b: Sneasler|22/100\n|-status|p1b: Rotom|brn|[from] ability: Spicy Spray|[of] p2a: Scovillain\n|move|p2a: Scovillain|Flamethrower|p1b: Rotom\n|-supereffective|p1b: Rotom|1\n|-damage|p1b: Rotom|63/100 brn\n|move|p1a: Froslass|Blizzard|p2b: Sneasler|[spread] p2a,p2b\n|-crit|p2a: Scovillain\n|-damage|p2a: Scovillain|0 fnt\n|-damage|p2b: Sneasler|0 fnt\n|faint|p2a: Scovillain\n|faint|p2b: Sneasler\n|\n|-weather|Snowscape|[upkeep]\n|-damage|p1a: Froslass|80/100 psn|[from] psn\n|-damage|p1b: Rotom|57/100 brn|[from] brn\n|upkeep\n|\n|t:|1776663863\n|switch|p2b: Primarina|Primarina, L50, M|100/100\n|switch|p2a: Dragapult|Dragapult, L50, M|100/100\n|turn|5\n|\n|t:|1776663887\n|switch|p1b: Incineroar|Incineroar, L50, F|19/100\n|-ability|p1b: Incineroar|Intimidate|boost\n|-fail|p2a: Dragapult|unboost|[from] ability: Clear Body|[of] p2a: Dragapult\n|-unboost|p2b: Primarina|atk|1\n|move|p2a: Dragapult|Protect|p2a: Dragapult\n|-singleturn|p2a: Dragapult|Protect\n|move|p1a: Froslass|Shadow Ball|p2a: Dragapult\n|-activate|p2a: Dragapult|move: Protect\n|move|p2b: Primarina|Calm Mind|p2b: Primarina\n|-boost|p2b: Primarina|spa|1\n|-boost|p2b: Primarina|spd|1\n|\n|-weather|none\n|-damage|p1a: Froslass|67/100 psn|[from] psn\n|upkeep\n|turn|6\n|\n|t:|1776663919\n|move|p1b: Incineroar|Fake Out|p2b: Primarina\n|-damage|p2b: Primarina|89/100\n|move|p2a: Dragapult|Hex|p1a: Froslass\n|-supereffective|p1a: Froslass|1\n|-damage|p1a: Froslass|0 fnt\n|faint|p1a: Froslass\n|cant|p2b: Primarina|flinch\n|\n|-heal|p2b: Primarina|95/100|[from] item: Leftovers\n|upkeep\n|\n|t:|1776663931\n|switch|p1a: Rotom|Rotom-Frost, L50|57/100 brn\n|turn|7\n|\n|t:|1776663940\n|move|p1a: Rotom|Thunderbolt|p2b: Primarina\n|-supereffective|p2b: Primarina|1\n|-damage|p2b: Primarina|41/100\n|move|p2a: Dragapult|Hex|p1a: Rotom\n|-damage|p1a: Rotom|0 fnt\n|faint|p1a: Rotom\n|move|p2b: Primarina|Hyper Voice|p1b: Incineroar\n|-supereffective|p1b: Incineroar|1\n|-damage|p1b: Incineroar|0 fnt\n|faint|p1b: Incineroar\n|\n|win|fot fred avui\n|raw|xiaoyu1103142's rating: 1028 &rarr; <strong>1013</strong><br />(-15 for losing)\n|raw|fot fred avui's rating: 1000 &rarr; <strong>1043</strong><br />(+43 for winning)\n|l|\u2606xiaoyu1103142\n|player|p1|\n",
  "uploadtime": 1776663985,
  "views": 11,
  "formatid": "gen9championsvgc2026regma",
  "rating": 1013,
  "private": 0,
  "password": null
}