{
  "id": "gen9championsvgc2026regma-2589478877",
  "format": "[Gen 9 Champions] VGC 2026 Reg M-A",
  "players": [
    "zdekurom",
    "Maritorito1"
  ],
  "log": "|j|\u203dzdekurom\n|j|\u2606Maritorito1\n|t:|1776726634\n|gametype|doubles\n|player|p1|zdekurom|unknown|1246\n|player|p2|Maritorito1|102|1299\n|gen|9\n|tier|[Gen 9 Champions] VGC 2026 Reg M-A\n|rated|\n|rule|Species Clause: Limit one of each Pok\u00e9mon\n|rule|Item Clause: Limit 1 of each item\n|clearpoke\n|poke|p1|Empoleon, L50, M|\n|poke|p1|Cofagrigus, L50, F|\n|poke|p1|Farigiraf, L50, M|\n|poke|p1|Kommo-o, L50, M|\n|poke|p1|Weavile, L50, M|\n|poke|p1|Scovillain, L50, M|\n|poke|p2|Floette-Eternal, L50, F|\n|poke|p2|Incineroar, L50, M|\n|poke|p2|Kommo-o, L50, M|\n|poke|p2|Aegislash, L50, F|\n|poke|p2|Rotom-Wash, L50|\n|poke|p2|Sneasler, L50, F|\n|teampreview|4\n|inactive|Battle timer is ON: inactive players will automatically lose when time's up. (requested by Maritorito1)\n|\n|t:|1776726683\n|teamsize|p1|4\n|teamsize|p2|4\n|start\n|switch|p1a: Empoleon|Empoleon, L50, M|100/100\n|switch|p1b: Farigiraf|Farigiraf, L50, M|100/100\n|switch|p2a: Floette|Floette-Eternal, L50, F|100/100\n|switch|p2b: Rotom|Rotom-Wash, L50|100/100\n|turn|1\n|\n|t:|1776726706\n|switch|p1a: Scovillain|Scovillain, L50, M|100/100\n|detailschange|p2a: Floette|Floette-Mega, L50, F\n|-mega|p2a: Floette|Floette|Floettite\n|-ability|p2a: Floette|Fairy Aura\n|move|p2b: Rotom|Thunderbolt|p1a: Scovillain\n|-resisted|p1a: Scovillain|1\n|-damage|p1a: Scovillain|78/100\n|move|p2a: Floette|Moonblast|p1b: Farigiraf\n|-damage|p1b: Farigiraf|31/100\n|-unboost|p1b: Farigiraf|spa|1\n|-enditem|p1b: Farigiraf|Sitrus Berry|[eat]\n|-heal|p1b: Farigiraf|56/100|[from] item: Sitrus Berry\n|move|p1b: Farigiraf|Twin Beam|p2a: Floette\n|-damage|p2a: Floette|92/100\n|-damage|p2a: Floette|84/100\n|-hitcount|p2a: Floette|2\n|\n|-ability|p1a: Scovillain|Moody|boost\n|-boost|p1a: Scovillain|def|2\n|-unboost|p1a: Scovillain|spa|1\n|upkeep\n|turn|2\n|inactive|zdekurom has 30 seconds left.\n|inactive|Maritorito1 has 30 seconds left.\n|\n|t:|1776726739\n|switch|p1b: Empoleon|Empoleon, L50, M|100/100\n|detailschange|p1a: Scovillain|Scovillain-Mega, L50, M\n|-mega|p1a: Scovillain|Scovillain|Scovillainite\n|move|p2b: Rotom|Thunderbolt|p1b: Empoleon\n|-supereffective|p1b: Empoleon|1\n|-damage|p1b: Empoleon|25/100\n|move|p2a: Floette|Moonblast|p1b: Empoleon\n|-resisted|p1b: Empoleon|1\n|-damage|p1b: Empoleon|0 fnt\n|faint|p1b: Empoleon\n|move|p1a: Scovillain|Energy Ball|p2b: Rotom\n|-supereffective|p2b: Rotom|1\n|-damage|p2b: Rotom|34/100\n|\n|upkeep\n|\n|t:|1776726756\n|switch|p1b: Weavile|Weavile, L50, M|100/100\n|-ability|p1b: Weavile|Pressure\n|turn|3\n|\n|t:|1776726765\n|move|p2a: Floette|Protect|p2a: Floette\n|-singleturn|p2a: Floette|Protect\n|move|p1a: Scovillain|Rage Powder|p1a: Scovillain\n|-singleturn|p1a: Scovillain|move: Rage Powder\n|move|p2b: Rotom|Thunderbolt|p1a: Scovillain\n|-resisted|p1a: Scovillain|1\n|-damage|p1a: Scovillain|58/100\n|-status|p2b: Rotom|brn|[from] ability: Spicy Spray|[of] p1a: Scovillain\n|move|p1b: Weavile|Triple Axel|p2a: Floette\n|-activate|p2a: Floette|move: Protect\n|\n|-damage|p2b: Rotom|28/100 brn|[from] brn\n|upkeep\n|turn|4\n|\n|t:|1776726778\n|move|p1a: Scovillain|Rage Powder|p1a: Scovillain\n|-singleturn|p1a: Scovillain|move: Rage Powder\n|move|p2b: Rotom|Thunderbolt|p1a: Scovillain\n|-resisted|p1a: Scovillain|1\n|-damage|p1a: Scovillain|38/100\n|move|p1b: Weavile|Triple Axel|p2a: Floette\n|-damage|p2a: Floette|72/100\n|-damage|p2a: Floette|49/100\n|-damage|p2a: Floette|13/100\n|-hitcount|p2a: Floette|3\n|move|p2a: Floette|Dazzling Gleam|p1a: Scovillain|[spread] p1a,p1b\n|-resisted|p1a: Scovillain|1\n|-supereffective|p1b: Weavile|1\n|-damage|p1a: Scovillain|13/100\n|-enditem|p1b: Weavile|Focus Sash\n|-damage|p1b: Weavile|1/100\n|-status|p2a: Floette|brn|[from] ability: Spicy Spray|[of] p1a: Scovillain\n|\n|-damage|p2b: Rotom|22/100 brn|[from] brn\n|-damage|p2a: Floette|7/100 brn|[from] brn\n|upkeep\n|turn|5\n|\n|t:|1776726794\n|move|p1b: Weavile|Protect|p1b: Weavile\n|-singleturn|p1b: Weavile|Protect\n|move|p1a: Scovillain|Protect|p1a: Scovillain\n|-singleturn|p1a: Scovillain|Protect\n|move|p2b: Rotom|Thunderbolt|p1a: Scovillain\n|-activate|p1a: Scovillain|move: Protect\n|move|p2a: Floette|Dazzling Gleam|p1a: Scovillain|[spread] \n|-activate|p1a: Scovillain|move: Protect\n|-activate|p1b: Weavile|move: Protect\n|\n|-damage|p2b: Rotom|16/100 brn|[from] brn\n|-damage|p2a: Floette|1/100 brn|[from] brn\n|upkeep\n|turn|6\n|\n|t:|1776726809\n|move|p1a: Scovillain|Rage Powder|p1a: Scovillain\n|-singleturn|p1a: Scovillain|move: Rage Powder\n|move|p2b: Rotom|Thunderbolt|p1a: Scovillain\n|-resisted|p1a: Scovillain|1\n|-damage|p1a: Scovillain|0 fnt\n|faint|p1a: Scovillain\n|move|p1b: Weavile|Knock Off|p2a: Floette\n|-resisted|p2a: Floette|1\n|-damage|p2a: Floette|0 fnt\n|faint|p2a: Floette\n|\n|-damage|p2b: Rotom|10/100 brn|[from] brn\n|upkeep\n|\n|t:|1776726820\n|switch|p2a: Aegislash|Aegislash, L50, F|100/100\n|switch|p1a: Farigiraf|Farigiraf, L50, M|56/100\n|turn|7\n|\n|t:|1776726832\n|move|p1b: Weavile|Protect|p1b: Weavile\n|-singleturn|p1b: Weavile|Protect\n|move|p2a: Aegislash|King's Shield|p2a: Aegislash\n|-singleturn|p2a: Aegislash|Protect\n|move|p2b: Rotom|Thunderbolt|p1a: Farigiraf\n|-damage|p1a: Farigiraf|15/100\n|move|p1a: Farigiraf|Twin Beam|p2b: Rotom\n|-damage|p2b: Rotom|0 fnt\n|faint|p2b: Rotom\n|-hitcount|p2: Rotom|1\n|\n|upkeep\n|\n|t:|1776726839\n|switch|p2b: Kommo-o|Kommo-o, L50, M|100/100\n|turn|8\n|\n|t:|1776726846\n|-formechange|p2a: Aegislash|Aegislash-Blade|\n|move|p2a: Aegislash|Shadow Sneak||[still]\n|cant|p1a: Farigiraf|ability: Armor Tail|Shadow Sneak|[of] p2a: Aegislash\n|move|p1b: Weavile|Knock Off|p2a: Aegislash\n|-supereffective|p2a: Aegislash|1\n|-damage|p2a: Aegislash|0 fnt\n|-enditem|p2a: Aegislash|Spell Tag|[from] move: Knock Off|[of] p1b: Weavile\n|faint|p2a: Aegislash\n|move|p2b: Kommo-o|Aura Sphere|p1a: Farigiraf\n|-damage|p1a: Farigiraf|0 fnt\n|faint|p1a: Farigiraf\n|\n|upkeep\n|turn|9\n|\n|t:|1776726861\n|move|p2b: Kommo-o|Protect|p2b: Kommo-o\n|-singleturn|p2b: Kommo-o|Protect\n|move|p1b: Weavile|Triple Axel|p2b: Kommo-o\n|-activate|p2b: Kommo-o|move: Protect\n|\n|upkeep\n|turn|10\n|\n|t:|1776726866\n|move|p1b: Weavile|Triple Axel|p2b: Kommo-o\n|-supereffective|p2b: Kommo-o|1\n|-damage|p2b: Kommo-o|81/100\n|-supereffective|p2b: Kommo-o|1\n|-damage|p2b: Kommo-o|45/100\n|-supereffective|p2b: Kommo-o|1\n|-damage|p2b: Kommo-o|0 fnt\n|faint|p2b: Kommo-o\n|-hitcount|p2: Kommo-o|3\n|\n|win|zdekurom\n|raw|zdekurom's rating: 1246 &rarr; <strong>1275</strong><br />(+29 for winning)\n|raw|Maritorito1's rating: 1299 &rarr; <strong>1270</strong><br />(-29 for losing)\n|c|\u2606Maritorito1|gg\n|c|\u2606Maritorito1|what a clutch\n|l|\u203dzdekurom\n|player|p1|\n|l|\u2606Maritorito1\n|player|p2|\n|j|\u203dzdekurom\n|player|p1|zdekurom|unknown|\n|n|\u203dzdekurom|zdekurom\n",
  "uploadtime": 1776726898,
  "views": 6,
  "formatid": "gen9championsvgc2026regma",
  "rating": 1270,
  "private": 0,
  "password": null
}