{
  "id": "gen9championsvgc2026regma-2581847764",
  "format": "[Gen 9 Champions] VGC 2026 Reg M-A",
  "players": [
    "OJ32",
    "Petino03"
  ],
  "log": "|j|\u2606OJ32\n|j|\u2606Petino03\n|t:|1776033372\n|gametype|doubles\n|player|p1|OJ32|1|1040\n|player|p2|Petino03|266|1035\n|gen|9\n|tier|[Gen 9 Champions] VGC 2026 Reg M-A\n|rated|\n|rule|Species Clause: Limit one of each Pok\u00e9mon\n|rule|Item Clause: Limit 1 of each item\n|clearpoke\n|poke|p1|Politoed, L50, M|\n|poke|p1|Gengar, L50, M|\n|poke|p1|Raichu, L50, F|\n|poke|p1|Dragonite, L50, F|\n|poke|p1|Sneasler, L50, F|\n|poke|p1|Palafin, L50, M|\n|poke|p2|Pelipper, L50, F|\n|poke|p2|Mimikyu, L50, M|\n|poke|p2|Archaludon, L50, M|\n|poke|p2|Incineroar, L50, M|\n|poke|p2|Ampharos, L50, F|\n|poke|p2|Aegislash, L50, F|\n|teampreview|4\n|inactive|Battle timer is ON: inactive players will automatically lose when time's up. (requested by OJ32)\n|inactive|OJ32 has 60 seconds left.\n|\n|t:|1776033413\n|teamsize|p1|4\n|teamsize|p2|4\n|start\n|switch|p1a: Raichu|Raichu, L50, F|100/100\n|switch|p1b: Sneasler|Sneasler, L50, F|100/100\n|switch|p2a: Pelipper|Pelipper, L50, F|100/100\n|switch|p2b: Mimikyu|Mimikyu, L50, M|100/100\n|-weather|RainDance|[from] ability: Drizzle|[of] p2a: Pelipper\n|turn|1\n|\n|t:|1776033430\n|move|p2a: Pelipper|Protect|p2a: Pelipper\n|-singleturn|p2a: Pelipper|Protect\n|move|p1a: Raichu|Fake Out|p2a: Pelipper\n|-activate|p2a: Pelipper|move: Protect\n|move|p1b: Sneasler|Dire Claw|p2b: Mimikyu\n|-activate|p2b: Mimikyu|ability: Disguise\n|-damage|p2b: Mimikyu|100/100\n|-status|p2b: Mimikyu|psn\n|detailschange|p2b: Mimikyu|Mimikyu-Busted, L50, M\n|-damage|p2b: Mimikyu|88/100 psn|[from] pokemon: Mimikyu-Busted\n|move|p2b: Mimikyu|Trick Room|p2b: Mimikyu\n|-fieldstart|move: Trick Room|[of] p2b: Mimikyu\n|\n|-weather|RainDance|[upkeep]\n|-damage|p2b: Mimikyu|76/100 psn|[from] psn\n|upkeep\n|turn|2\n|inactive|Petino03 has 30 seconds left.\n|\n|t:|1776033455\n|switch|p2b: Ampharos|Ampharos, L50, F|100/100\n|move|p2a: Pelipper|Hurricane|p1b: Sneasler\n|-supereffective|p1b: Sneasler|1\n|-damage|p1b: Sneasler|0 fnt\n|faint|p1b: Sneasler\n|move|p1a: Raichu|Thunder|p2a: Pelipper\n|-supereffective|p2a: Pelipper|2\n|-enditem|p2a: Pelipper|Focus Sash\n|-damage|p2a: Pelipper|1/100\n|\n|-weather|RainDance|[upkeep]\n|upkeep\n|\n|t:|1776033464\n|switch|p1b: Dragonite|Dragonite, L50, F|100/100\n|turn|3\n|inactive|Petino03 has 30 seconds left.\n|\n|t:|1776033497\n|detailschange|p2b: Ampharos|Ampharos-Mega, L50, F\n|-mega|p2b: Ampharos|Ampharos|Ampharosite\n|-ability|p2b: Ampharos|Mold Breaker\n|detailschange|p1b: Dragonite|Dragonite-Mega, L50, F\n|-mega|p1b: Dragonite|Dragonite|Dragoninite\n|move|p2b: Ampharos|Dragon Pulse|p1b: Dragonite\n|-supereffective|p1b: Dragonite|1\n|-damage|p1b: Dragonite|0 fnt\n|faint|p1b: Dragonite\n|move|p2a: Pelipper|Ice Beam|p1a: Raichu\n|-damage|p1a: Raichu|71/100\n|move|p1a: Raichu|Thunder|p2a: Pelipper\n|-supereffective|p2a: Pelipper|2\n|-damage|p2a: Pelipper|0 fnt\n|faint|p2a: Pelipper\n|\n|-weather|RainDance|[upkeep]\n|upkeep\n|\n|t:|1776033520\n|switch|p2a: Mimikyu|Mimikyu-Busted, L50, M|76/100 psn\n|switch|p1b: Politoed|Politoed, L50, M|100/100\n|turn|4\n|inactive|OJ32 has 30 seconds left.\n|inactive|OJ32 has 20 seconds left.\n|\n|t:|1776033555\n|move|p2b: Ampharos|Dragon Pulse|p1a: Raichu\n|-damage|p1a: Raichu|0 fnt\n|faint|p1a: Raichu\n|move|p1b: Politoed|Icy Wind|p2a: Mimikyu|[spread] p2a,p2b\n|-supereffective|p2b: Ampharos|1\n|-damage|p2a: Mimikyu|67/100 psn\n|-damage|p2b: Ampharos|86/100\n|-unboost|p2a: Mimikyu|spe|1\n|-unboost|p2b: Ampharos|spe|1\n|move|p2a: Mimikyu|Play Rough|p1b: Politoed\n|-damage|p1b: Politoed|52/100\n|\n|-weather|RainDance|[upkeep]\n|-heal|p1b: Politoed|58/100|[from] item: Leftovers\n|-damage|p2a: Mimikyu|55/100 psn|[from] psn\n|upkeep\n|turn|5\n|\n|t:|1776033573\n|move|p1b: Politoed|Protect|p1b: Politoed\n|-singleturn|p1b: Politoed|Protect\n|move|p2b: Ampharos|Thunder|p1b: Politoed\n|-activate|p1b: Politoed|move: Protect\n|move|p2a: Mimikyu|Play Rough|p1b: Politoed\n|-activate|p1b: Politoed|move: Protect\n|\n|-weather|none\n|-heal|p1b: Politoed|64/100|[from] item: Leftovers\n|-damage|p2a: Mimikyu|42/100 psn|[from] psn\n|-fieldend|move: Trick Room\n|upkeep\n|turn|6\n|\n|t:|1776033592\n|move|p1b: Politoed|Icy Wind|p2b: Ampharos|[spread] p2a,p2b\n|-supereffective|p2b: Ampharos|1\n|-damage|p2a: Mimikyu|34/100 psn\n|-damage|p2b: Ampharos|72/100\n|-unboost|p2a: Mimikyu|spe|1\n|-unboost|p2b: Ampharos|spe|1\n|move|p2a: Mimikyu|Play Rough|p1b: Politoed\n|-damage|p1b: Politoed|18/100\n|move|p2b: Ampharos|Dragon Pulse|p1b: Politoed\n|-damage|p1b: Politoed|0 fnt\n|faint|p1b: Politoed\n|\n|win|Petino03\n|raw|OJ32's rating: 1040 &rarr; <strong>1024</strong><br />(-16 for losing)\n|raw|Petino03's rating: 1035 &rarr; <strong>1070</strong><br />(+35 for winning)\n",
  "uploadtime": 1776033592,
  "views": 10,
  "formatid": "gen9championsvgc2026regma",
  "rating": 1024,
  "private": 0,
  "password": null
}