{
  "id": "gen9championsvgc2026regma-2583707392",
  "format": "[Gen 9 Champions] VGC 2026 Reg M-A",
  "players": [
    "spartanbee",
    "Hedgehogwarrior"
  ],
  "log": "|j|\u2606spartanbee\n|j|\u2606Hedgehogwarrior\n|t:|1776192305\n|gametype|doubles\n|player|p1|spartanbee|1|1079\n|player|p2|Hedgehogwarrior|101|1021\n|gen|9\n|tier|[Gen 9 Champions] VGC 2026 Reg M-A\n|rated|\n|rule|Species Clause: Limit one of each Pok\u00e9mon\n|rule|Item Clause: Limit 1 of each item\n|clearpoke\n|poke|p1|Gengar, L50, M|\n|poke|p1|Sableye, L50, F|\n|poke|p1|Incineroar, L50, M|\n|poke|p1|Clefable, L50, M|\n|poke|p1|Primarina, L50, F|\n|poke|p2|Charizard, L50, F|\n|poke|p2|Whimsicott, L50, F|\n|poke|p2|Crabominable, L50, F|\n|poke|p2|Steelix, L50, F|\n|poke|p2|Sinistcha, L50|\n|poke|p2|Incineroar, L50, F|\n|teampreview|4\n|inactive|Battle timer is ON: inactive players will automatically lose when time's up. (requested by spartanbee)\n|\n|t:|1776192347\n|teamsize|p1|4\n|teamsize|p2|4\n|start\n|switch|p1a: Gengar|Gengar, L50, M, shiny|100/100\n|switch|p1b: Incineroar|Incineroar, L50, M|100/100\n|switch|p2a: Whimsicott|Whimsicott, L50, F|100/100\n|switch|p2b: Charizard|Charizard, L50, F|100/100\n|-ability|p1b: Incineroar|Intimidate|boost\n|-unboost|p2a: Whimsicott|atk|1\n|-unboost|p2b: Charizard|atk|1\n|turn|1\n|inactive|spartanbee has 30 seconds left.\n|\n|t:|1776192373\n|detailschange|p1a: Gengar|Gengar-Mega, L50, M, shiny\n|-mega|p1a: Gengar|Gengar|Gengarite\n|move|p2b: Charizard|Protect|p2b: Charizard\n|-singleturn|p2b: Charizard|Protect\n|move|p1b: Incineroar|Fake Out|p2b: Charizard\n|-activate|p2b: Charizard|move: Protect\n|move|p2a: Whimsicott|Tailwind|p2a: Whimsicott\n|-sidestart|p2: Hedgehogwarrior|move: Tailwind\n|move|p1a: Gengar|Shadow Ball|p2b: Charizard\n|-activate|p2b: Charizard|move: Protect\n|\n|upkeep\n|turn|2\n|\n|t:|1776192394\n|detailschange|p2b: Charizard|Charizard-Mega-Y, L50, F\n|-mega|p2b: Charizard|Charizard|Charizardite Y\n|-weather|SunnyDay|[from] ability: Drought|[of] p2b: Charizard\n|move|p1a: Gengar|Protect|p1a: Gengar\n|-singleturn|p1a: Gengar|Protect\n|move|p2a: Whimsicott|Taunt|p1a: Gengar\n|-activate|p1a: Gengar|move: Protect\n|move|p2b: Charizard|Heat Wave|p1b: Incineroar|[spread] p1b\n|-activate|p1a: Gengar|move: Protect\n|-resisted|p1b: Incineroar|1\n|-damage|p1b: Incineroar|75/100\n|move|p1b: Incineroar|Parting Shot|p2b: Charizard\n|-unboost|p2b: Charizard|atk|1\n|-unboost|p2b: Charizard|spa|1\n|\n|t:|1776192411\n|switch|p1b: Sableye|Sableye, L50, F|100/100|[from] Parting Shot\n|\n|-weather|SunnyDay|[upkeep]\n|upkeep\n|turn|3\n|\n|t:|1776192434\n|switch|p1a: Incineroar|Incineroar, L50, M|75/100\n|-ability|p1a: Incineroar|Intimidate|boost\n|-unboost|p2a: Whimsicott|atk|1\n|-unboost|p2b: Charizard|atk|1\n|move|p1b: Sableye|Encore|p2a: Whimsicott\n|-start|p2a: Whimsicott|Encore\n|move|p2a: Whimsicott|Taunt|p1b: Sableye\n|-hint|Since gen 7, Dark is immune to Prankster moves.\n|-immune|p1b: Sableye\n|move|p2b: Charizard|Air Slash|p1a: Incineroar\n|-damage|p1a: Incineroar|50/100\n|-enditem|p1a: Incineroar|Sitrus Berry|[eat]\n|-heal|p1a: Incineroar|75/100|[from] item: Sitrus Berry\n|\n|-weather|SunnyDay|[upkeep]\n|upkeep\n|turn|4\n|inactive|spartanbee has 30 seconds left.\n|inactive|spartanbee has 20 seconds left.\n|inactive|spartanbee has 15 seconds left.\n|\n|t:|1776192475\n|switch|p2a: Sinistcha|Sinistcha, L50|100/100\n|move|p2b: Charizard|Protect|p2b: Charizard\n|-singleturn|p2b: Charizard|Protect\n|move|p1b: Sableye|Encore|p2b: Charizard\n|-activate|p2b: Charizard|move: Protect\n|move|p1a: Incineroar|Darkest Lariat|p2a: Sinistcha\n|-supereffective|p2a: Sinistcha|1\n|-damage|p2a: Sinistcha|39/100\n|-enditem|p2a: Sinistcha|Sitrus Berry|[eat]\n|-heal|p2a: Sinistcha|63/100|[from] item: Sitrus Berry\n|\n|-weather|SunnyDay|[upkeep]\n|-sideend|p2: Hedgehogwarrior|move: Tailwind\n|upkeep\n|turn|5\n|\n|t:|1776192499\n|switch|p2b: Whimsicott|Whimsicott, L50, F|100/100\n|switch|p2a: Steelix|Steelix, L50, F|100/100\n|move|p1b: Sableye|Encore||[still]\n|-fail|p1b: Sableye\n|move|p1a: Incineroar|Darkest Lariat|p2a: Steelix\n|-damage|p2a: Steelix|82/100\n|\n|-weather|SunnyDay|[upkeep]\n|-heal|p2a: Steelix|88/100|[from] item: Leftovers\n|upkeep\n|turn|6\n|\n|t:|1776192523\n|move|p1b: Sableye|Detect|p1b: Sableye\n|-singleturn|p1b: Sableye|Protect\n|move|p2b: Whimsicott|Moonblast|p1b: Sableye\n|-activate|p1b: Sableye|move: Protect\n|move|p1a: Incineroar|Parting Shot|p2b: Whimsicott\n|-unboost|p2b: Whimsicott|atk|1\n|-unboost|p2b: Whimsicott|spa|1\n|\n|t:|1776192534\n|switch|p1a: Gengar|Gengar-Mega, L50, M, shiny|100/100|[from] Parting Shot\n|move|p2a: Steelix|Stealth Rock|p1a: Gengar\n|-sidestart|p1: spartanbee|move: Stealth Rock\n|\n|-weather|none\n|-heal|p2a: Steelix|94/100|[from] item: Leftovers\n|upkeep\n|turn|7\n|\n|t:|1776192551\n|move|p1b: Sableye|Encore|p2a: Steelix\n|-start|p2a: Steelix|Encore\n|move|p1a: Gengar|Perish Song|p1a: Gengar\n|-start|p1a: Gengar|perish3|[silent]\n|-start|p1b: Sableye|perish3|[silent]\n|-start|p2a: Steelix|perish3|[silent]\n|-start|p2b: Whimsicott|perish3|[silent]\n|-fieldactivate|move: Perish Song\n|move|p2b: Whimsicott|Moonblast|p1b: Sableye\n|-supereffective|p1b: Sableye|1\n|-damage|p1b: Sableye|42/100\n|move|p2a: Steelix|Stealth Rock||[still]\n|-fail|p2a: Steelix\n|\n|-heal|p2a: Steelix|100/100|[from] item: Leftovers\n|-start|p1a: Gengar|perish3\n|-start|p2b: Whimsicott|perish3\n|-start|p1b: Sableye|perish3\n|-start|p2a: Steelix|perish3\n|upkeep\n|turn|8\n|\n|t:|1776192572\n|move|p2b: Whimsicott|Taunt|p1a: Gengar\n|-start|p1a: Gengar|move: Taunt\n|move|p1b: Sableye|Encore|p2b: Whimsicott\n|-start|p2b: Whimsicott|Encore\n|cant|p1a: Gengar|move: Taunt|Disable\n|move|p2a: Steelix|Stealth Rock||[still]\n|-fail|p2a: Steelix\n|\n|-start|p1a: Gengar|perish2\n|-start|p2b: Whimsicott|perish2\n|-start|p1b: Sableye|perish2\n|-start|p2a: Steelix|perish2\n|upkeep\n|turn|9\n|\n|t:|1776192597\n|switch|p1b: Incineroar|Incineroar, L50, M|75/100\n|-damage|p1b: Incineroar|50/100|[from] Stealth Rock\n|-ability|p1b: Incineroar|Intimidate|boost\n|-unboost|p2a: Steelix|atk|1\n|-unboost|p2b: Whimsicott|atk|1\n|move|p2b: Whimsicott|Taunt||[still]\n|-fail|p2b: Whimsicott\n|move|p1a: Gengar|Shadow Ball|p2b: Whimsicott\n|-damage|p2b: Whimsicott|24/100\n|move|p2a: Steelix|Stealth Rock||[still]\n|-fail|p2a: Steelix\n|\n|-end|p2a: Steelix|Encore\n|-start|p1a: Gengar|perish1\n|-start|p2b: Whimsicott|perish1\n|-start|p2a: Steelix|perish1\n|upkeep\n|turn|10\n|inactive|spartanbee has 30 seconds left.\n|\n|t:|1776192628\n|switch|p1a: Clefable|Clefable, L50, M|100/100\n|-damage|p1a: Clefable|88/100|[from] Stealth Rock\n|switch|p1b: Sableye|Sableye, L50, F|42/100\n|-damage|p1b: Sableye|30/100|[from] Stealth Rock\n|move|p2b: Whimsicott|Taunt|p1a: Clefable\n|-start|p1a: Clefable|move: Taunt\n|move|p2a: Steelix|Head Smash|p1b: Sableye|[miss]\n|-miss|p2a: Steelix|p1b: Sableye\n|\n|-heal|p1a: Clefable|94/100|[from] item: Leftovers\n|-start|p2b: Whimsicott|perish0\n|-start|p2a: Steelix|perish0\n|upkeep\n|faint|p2b: Whimsicott\n|faint|p2a: Steelix\n|\n|t:|1776192645\n|switch|p2b: Sinistcha|Sinistcha, L50|63/100\n|switch|p2a: Charizard|Charizard-Mega-Y, L50, F|100/100\n|-weather|SunnyDay|[from] ability: Drought|[of] p2a: Charizard\n|turn|11\n|inactive|spartanbee has 30 seconds left.\n|\n|t:|1776192675\n|move|p1b: Sableye|Detect|p1b: Sableye\n|-singleturn|p1b: Sableye|Protect\n|move|p2b: Sinistcha|Rage Powder|p2b: Sinistcha\n|-singleturn|p2b: Sinistcha|move: Rage Powder\n|move|p2a: Charizard|Heat Wave|p1a: Clefable|[spread] p1a\n|-activate|p1b: Sableye|move: Protect\n|-damage|p1a: Clefable|42/100\n|move|p1a: Clefable|Knock Off|p2b: Sinistcha\n|-supereffective|p2b: Sinistcha|1\n|-damage|p2b: Sinistcha|40/100\n|\n|-weather|SunnyDay|[upkeep]\n|-heal|p1a: Clefable|48/100|[from] item: Leftovers\n|upkeep\n|turn|12\n|\n|t:|1776192700\n|move|p1b: Sableye|Disable|p2b: Sinistcha\n|-start|p2b: Sinistcha|Disable|Rage Powder\n|move|p2a: Charizard|Heat Wave|p1b: Sableye|[spread] p1a,p1b\n|-damage|p1a: Clefable|1/100\n|-damage|p1b: Sableye|0 fnt\n|faint|p1b: Sableye\n|move|p2b: Sinistcha|Matcha Gotcha|p1a: Clefable\n|-damage|p1a: Clefable|0 fnt\n|-heal|p2b: Sinistcha|40/100|[from] drain|[of] p1a: Clefable\n|faint|p1a: Clefable\n|\n|-weather|SunnyDay|[upkeep]\n|upkeep\n|\n|t:|1776192716\n|switch|p1a: Gengar|Gengar-Mega, L50, M, shiny|100/100\n|switch|p1b: Incineroar|Incineroar, L50, M|50/100\n|-damage|p1a: Gengar|89/100|[from] Stealth Rock\n|-damage|p1b: Incineroar|25/100|[from] Stealth Rock\n|-ability|p1b: Incineroar|Intimidate|boost\n|-unboost|p2a: Charizard|atk|1\n|-unboost|p2b: Sinistcha|atk|1\n|turn|13\n|\n|t:|1776192740\n|move|p2a: Charizard|Protect|p2a: Charizard\n|-singleturn|p2a: Charizard|Protect\n|move|p1b: Incineroar|Fake Out|p2a: Charizard\n|-activate|p2a: Charizard|move: Protect\n|move|p1a: Gengar|Shadow Ball|p2a: Charizard\n|-activate|p2a: Charizard|move: Protect\n|move|p2b: Sinistcha|Matcha Gotcha|p1b: Incineroar|[spread] p1a,p1b\n|-resisted|p1a: Gengar|1\n|-resisted|p1b: Incineroar|1\n|-crit|p1b: Incineroar\n|-damage|p1a: Gengar|72/100\n|-heal|p2b: Sinistcha|47/100|[from] drain|[of] p1a: Gengar\n|-damage|p1b: Incineroar|10/100\n|-heal|p2b: Sinistcha|55/100|[from] drain|[of] p1b: Incineroar\n|\n|-weather|SunnyDay|[upkeep]\n|upkeep\n|turn|14\n|inactive|spartanbee has 30 seconds left.\n|\n|t:|1776192766\n|move|p1a: Gengar|Protect|p1a: Gengar\n|-singleturn|p1a: Gengar|Protect\n|move|p2a: Charizard|Heat Wave|p1b: Incineroar|[spread] p1b\n|-activate|p1a: Gengar|move: Protect\n|-resisted|p1b: Incineroar|1\n|-damage|p1b: Incineroar|0 fnt\n|faint|p1b: Incineroar\n|move|p2b: Sinistcha|Matcha Gotcha|p1a: Gengar\n|-activate|p1a: Gengar|move: Protect\n|\n|-weather|SunnyDay|[upkeep]\n|upkeep\n|turn|15\n|\n|t:|1776192782\n|move|p1a: Gengar|Disable|p2a: Charizard\n|-start|p2a: Charizard|Disable|Heat Wave\n|move|p2a: Charizard|Flamethrower|p1a: Gengar\n|-damage|p1a: Gengar|0 fnt\n|faint|p1a: Gengar\n|\n|win|Hedgehogwarrior\n|raw|spartanbee's rating: 1079 &rarr; <strong>1054</strong><br />(-25 for losing)\n|raw|Hedgehogwarrior's rating: 1021 &rarr; <strong>1064</strong><br />(+43 for winning)\n|l|\u2606spartanbee\n|player|p1|\n",
  "uploadtime": 1776192792,
  "views": 17,
  "formatid": "gen9championsvgc2026regma",
  "rating": 1054,
  "private": 0,
  "password": null
}