{
  "id": "gen9championsvgc2026regma-2584032109",
  "format": "[Gen 9 Champions] VGC 2026 Reg M-A",
  "players": [
    "freythedemon",
    "Yardstick"
  ],
  "log": "|j|\u2606freythedemon\n|j|\u2606Yardstick\n|t:|1776218500\n|gametype|doubles\n|player|p1|freythedemon|265|1061\n|player|p2|Yardstick|101|1031\n|gen|9\n|tier|[Gen 9 Champions] VGC 2026 Reg M-A\n|rated|\n|rule|Species Clause: Limit one of each Pok\u00e9mon\n|rule|Item Clause: Limit 1 of each item\n|clearpoke\n|poke|p1|Meganium, L50, F|\n|poke|p1|Aerodactyl, L50, M|\n|poke|p1|Typhlosion-Hisui, L50, F|\n|poke|p1|Archaludon, L50, M|\n|poke|p1|Tauros-Paldea-Aqua, L50, M|\n|poke|p1|Kangaskhan, L50, F|\n|poke|p2|Tyranitar, L50, M|\n|poke|p2|Excadrill, L50, M|\n|poke|p2|Incineroar, L50, M|\n|poke|p2|Sinistcha-Masterpiece, L50|\n|poke|p2|Corviknight, L50, M|\n|poke|p2|Milotic, L50, M|\n|teampreview|4\n|j| franciscocarrizo\n|c| franciscocarrizo|The metagame is garbage, and Incineroar and Snearsler are garbage, and besides, they aren't even their favorites, and the competitive scene is garbage.\n|c| franciscocarrizo|The metagame is garbage, and Incineroar and Snearsler are garbage, and besides, they aren't even their favorites, and the competitive scene is garbage.\n|c| franciscocarrizo|The metagame is garbage, and Incineroar and Snearsler are garbage, and besides, they aren't even their favorites, and the competitive scene is garbage.\n|c| franciscocarrizo|The metagame is garbage, and Incineroar and Snearsler are garbage, and besides, they aren't even their favorites, and the competitive scene is garbage.\n|c|\u2606Yardstick|dude are you good\n|c|\u2606freythedemon|lol who is that\n|c|\u2606Yardstick|no idea\n|c|\u2606freythedemon|weird\n|c|\u2606freythedemon|glhf\n|c|\u2606Yardstick|lw\n|c| franciscocarrizo|The equipment they use is repetitive.\n|c|\u2606Yardstick|dude go outside\n|c| franciscocarrizo|no\n|c|\u2606freythedemon|lmaooo\n|c|\u2606Yardstick|neither of us know you\n|\n|t:|1776218620\n|teamsize|p1|4\n|teamsize|p2|4\n|start\n|switch|p1a: Meganium|Meganium, L50, F|100/100\n|switch|p1b: Aerodactyl|Aerodactyl, L50, M|100/100\n|switch|p2a: Tyranitar|Tyranitar, L50, M, shiny|100/100\n|switch|p2b: Excadrill|Excadrill, L50, M, shiny|100/100\n|-ability|p1b: Aerodactyl|Unnerve\n|-weather|Sandstorm|[from] ability: Sand Stream|[of] p2a: Tyranitar\n|turn|1\n|c| franciscocarrizo|and that competitive Pok\u00e9mon is boring\n|c| franciscocarrizo|Neither incinerate nor Sneasler are losers\n|c|\u2606Yardstick|okay go play Call of duty piss ops 3 then\n|c|\u2606freythedemon|why are you on a competitive pokemon website\n|c|\u2606freythedemon|who cares\n|c| franciscocarrizo|Yes, yes, and? Who plays that?\n|inactive|Battle timer is ON: inactive players will automatically lose when time's up. (requested by freythedemon)\n|\n|t:|1776218711\n|switch|p2a: Incineroar|Incineroar, L50, M, shiny|100/100\n|-ability|p2a: Incineroar|Intimidate|boost\n|-unboost|p1a: Meganium|atk|1\n|-unboost|p1b: Aerodactyl|atk|1\n|detailschange|p1a: Meganium|Meganium-Mega, L50, F\n|-mega|p1a: Meganium|Meganium|Meganiumite\n|move|p2b: Excadrill|Iron Head|p1b: Aerodactyl\n|-supereffective|p1b: Aerodactyl|1\n|-enditem|p1b: Aerodactyl|Focus Sash\n|-damage|p1b: Aerodactyl|1/100\n|move|p1b: Aerodactyl|Tailwind|p1b: Aerodactyl\n|-sidestart|p1: freythedemon|move: Tailwind\n|move|p1a: Meganium|Solar Beam||[still]\n|-prepare|p1a: Meganium|Solar Beam\n|-activate|p1a: Meganium|ability: Mega Sol\n|-anim|p1a: Meganium|Solar Beam|p2a: Incineroar\n|-resisted|p2a: Incineroar|1\n|-damage|p2a: Incineroar|66/100\n|\n|-weather|Sandstorm|[upkeep]\n|-damage|p1a: Meganium|95/100|[from] Sandstorm\n|-damage|p2a: Incineroar|60/100|[from] Sandstorm\n|upkeep\n|turn|2\n|c| franciscocarrizo|Competitive Pokemon is dead\n|c|\u2606Yardstick|why you still here then\n|inactive|freythedemon has 30 seconds left.\n|inactive|Yardstick has 30 seconds left.\n|inactive|freythedemon has 20 seconds left.\n|inactive|Yardstick has 20 seconds left.\n|inactive|freythedemon has 15 seconds left.\n|c| franciscocarrizo|boring boring boring boring !!!!!!!!!!!!!\n|inactive|freythedemon has 10 seconds left.\n|\n|t:|1776218760\n|move|p2a: Incineroar|Fake Out|p1a: Meganium\n|-damage|p1a: Meganium|83/100\n|move|p1b: Aerodactyl|Rock Slide|p2a: Incineroar|[spread] p2a,p2b\n|-supereffective|p2a: Incineroar|1\n|-resisted|p2b: Excadrill|2\n|-damage|p2a: Incineroar|30/100\n|-damage|p2b: Excadrill|94/100\n|cant|p2b: Excadrill|flinch\n|cant|p1a: Meganium|flinch\n|\n|-weather|Sandstorm|[upkeep]\n|-damage|p1a: Meganium|78/100|[from] Sandstorm\n|-damage|p2a: Incineroar|24/100|[from] Sandstorm\n|upkeep\n|turn|3\n|c| franciscocarrizo|Why diverse games, unlike you?\n|inactive|Yardstick has 30 seconds left.\n|inactive|Yardstick has 20 seconds left.\n|inactive|Yardstick has 15 seconds left.\n|\n|t:|1776218803\n|switch|p2a: Milotic|Milotic, L50, M|100/100\n|move|p1b: Aerodactyl|Rock Slide|p2a: Milotic|[spread] p2a,p2b\n|-resisted|p2b: Excadrill|2\n|-damage|p2a: Milotic|83/100\n|-damage|p2b: Excadrill|89/100\n|move|p2b: Excadrill|Rock Slide|p1b: Aerodactyl|[spread] p1a,p1b\n|-supereffective|p1b: Aerodactyl|1\n|-damage|p1a: Meganium|59/100\n|-damage|p1b: Aerodactyl|0 fnt\n|faint|p1b: Aerodactyl\n|move|p1a: Meganium|Weather Ball|p2b: Excadrill\n|-supereffective|p2b: Excadrill|1\n|-damage|p2b: Excadrill|0 fnt\n|faint|p2b: Excadrill\n|\n|-weather|Sandstorm|[upkeep]\n|-damage|p1a: Meganium|53/100|[from] Sandstorm\n|-damage|p2a: Milotic|77/100|[from] Sandstorm\n|upkeep\n|\n|t:|1776218823\n|switch|p1b: Archaludon|Archaludon, L50, M|100/100\n|switch|p2b: Incineroar|Incineroar, L50, M, shiny|24/100\n|-enditem|p2b: Incineroar|Sitrus Berry|[eat]\n|-heal|p2b: Incineroar|49/100|[from] item: Sitrus Berry\n|-ability|p2b: Incineroar|Intimidate|boost\n|-unboost|p1a: Meganium|atk|1\n|-unboost|p1b: Archaludon|atk|1\n|turn|4\n|c| franciscocarrizo|Not like you guys, always using the same old Pok\u00e9mon. Come on, use others, it's not that hard.\n|inactive|Yardstick has 30 seconds left.\n|inactive|Yardstick has 20 seconds left.\n|\n|t:|1776218858\n|move|p1b: Archaludon|Thunderbolt|p2a: Milotic\n|-supereffective|p2a: Milotic|1\n|-enditem|p2a: Milotic|Wacan Berry|[eat]\n|-enditem|p2a: Milotic|Wacan Berry|[weaken]\n|-damage|p2a: Milotic|55/100\n|move|p1a: Meganium|Dazzling Gleam|p2b: Incineroar|[spread] p2a,p2b\n|-damage|p2a: Milotic|30/100\n|-damage|p2b: Incineroar|17/100\n|move|p2a: Milotic|Ice Beam|p1a: Meganium\n|-supereffective|p1a: Meganium|1\n|-damage|p1a: Meganium|6/100\n|move|p2b: Incineroar|Flare Blitz|p1a: Meganium\n|-supereffective|p1a: Meganium|1\n|-damage|p1a: Meganium|0 fnt\n|faint|p1a: Meganium\n|-damage|p2b: Incineroar|15/100|[from] Recoil\n|\n|-weather|Sandstorm|[upkeep]\n|-damage|p2a: Milotic|24/100|[from] Sandstorm\n|-damage|p2b: Incineroar|9/100|[from] Sandstorm\n|-sideend|p1: freythedemon|move: Tailwind\n|upkeep\n|c| franciscocarrizo|Competitive gaming is so boring\n|\n|t:|1776218871\n|switch|p1a: Typhlosion|Typhlosion-Hisui, L50, F|100/100\n|turn|5\n|c| franciscocarrizo|competitive Pok\u00e9mon is so boring\n|inactive|Yardstick has 30 seconds left.\n|c|\u2606freythedemon|keep tellin yourself that buddy\n|inactive|Yardstick has 20 seconds left.\n|inactive|Yardstick has 15 seconds left.\n|\n|t:|1776218914\n|switch|p2a: Tyranitar|Tyranitar, L50, M, shiny|100/100\n|move|p1a: Typhlosion|Eruption|p2b: Incineroar|[spread] p2a,p2b\n|-resisted|p2a: Tyranitar|1\n|-resisted|p2b: Incineroar|1\n|-damage|p2a: Tyranitar|85/100\n|-damage|p2b: Incineroar|0 fnt\n|faint|p2b: Incineroar\n|move|p1b: Archaludon|Thunderbolt|p2a: Tyranitar\n|-damage|p2a: Tyranitar|68/100\n|\n|-weather|none\n|upkeep\n|\n|t:|1776218935\n|switch|p2b: Milotic|Milotic, L50, M|24/100\n|turn|6\n|inactive|Yardstick has 30 seconds left.\n|\n|t:|1776218961\n|detailschange|p2a: Tyranitar|Tyranitar-Mega, L50, M, shiny\n|-mega|p2a: Tyranitar|Tyranitar|Tyranitarite\n|-weather|Sandstorm|[from] ability: Sand Stream|[of] p2a: Tyranitar\n|move|p2b: Milotic|Protect|p2b: Milotic\n|-singleturn|p2b: Milotic|Protect\n|move|p1a: Typhlosion|Eruption|p2b: Milotic|[spread] p2a\n|-activate|p2b: Milotic|move: Protect\n|-resisted|p2a: Tyranitar|1\n|-damage|p2a: Tyranitar|54/100\n|move|p1b: Archaludon|Flash Cannon|p2a: Tyranitar\n|-supereffective|p2a: Tyranitar|1\n|-damage|p2a: Tyranitar|10/100\n|-unboost|p2a: Tyranitar|spd|1\n|move|p2a: Tyranitar|Low Kick|p1b: Archaludon\n|-supereffective|p1b: Archaludon|1\n|-damage|p1b: Archaludon|54/100\n|-ability|p1b: Archaludon|Stamina|boost\n|-boost|p1b: Archaludon|def|1\n|\n|-weather|Sandstorm|[upkeep]\n|-damage|p1a: Typhlosion|94/100|[from] Sandstorm\n|-damage|p2b: Milotic|18/100|[from] Sandstorm\n|-heal|p1b: Archaludon|60/100|[from] item: Leftovers\n|upkeep\n|turn|7\n|inactive|freythedemon has 30 seconds left.\n|inactive|Yardstick has 30 seconds left.\n|\n|t:|1776218988\n|move|p2b: Milotic|Protect|p2b: Milotic\n|-singleturn|p2b: Milotic|Protect\n|move|p1a: Typhlosion|Eruption|p2a: Tyranitar|[spread] p2a\n|-activate|p2b: Milotic|move: Protect\n|-resisted|p2a: Tyranitar|1\n|-damage|p2a: Tyranitar|0 fnt\n|faint|p2a: Tyranitar\n|move|p1b: Archaludon|Thunderbolt|p2b: Milotic\n|-activate|p2b: Milotic|move: Protect\n|\n|-weather|Sandstorm|[upkeep]\n|-damage|p1a: Typhlosion|88/100|[from] Sandstorm\n|-damage|p2b: Milotic|12/100|[from] Sandstorm\n|-heal|p1b: Archaludon|66/100|[from] item: Leftovers\n|upkeep\n|turn|8\n|c| franciscocarrizo|But if it's true, competitive battling is boring, the Pok\u00e9mon are repetitive, the move sets are the same, and more.\n|c|\u2606freythedemon|gg\n|\n|t:|1776219009\n|move|p1a: Typhlosion|Eruption|p2b: Milotic\n|-resisted|p2b: Milotic|1\n|-damage|p2b: Milotic|0 fnt\n|faint|p2b: Milotic\n|\n|win|freythedemon\n",
  "uploadtime": 1776218932,
  "views": 19,
  "formatid": "gen9championsvgc2026regma",
  "rating": null,
  "private": 0,
  "password": null
}