{
  "id": "gen9championsvgc2026regma-2585342107",
  "format": "[Gen 9 Champions] VGC 2026 Reg M-A",
  "players": [
    "odd stuff",
    "Markiito18"
  ],
  "log": "|j|\u2606odd stuff\n|j|\u2606Markiito18\n|t:|1776339584\n|gametype|doubles\n|player|p1|odd stuff|1|1193\n|player|p2|Markiito18|rood|1230\n|gen|9\n|tier|[Gen 9 Champions] VGC 2026 Reg M-A\n|rated|\n|rule|Species Clause: Limit one of each Pok\u00e9mon\n|rule|Item Clause: Limit 1 of each item\n|clearpoke\n|poke|p1|Floette-Eternal, L50, F|\n|poke|p1|Sinistcha, L50|\n|poke|p1|Sneasler, L50, F|\n|poke|p1|Incineroar, L50, F|\n|poke|p1|Aerodactyl, L50, F|\n|poke|p1|Garchomp, L50, F|\n|poke|p2|Aegislash, L50, F|\n|poke|p2|Hydreigon, L50, M|\n|poke|p2|Farigiraf, L50, M|\n|poke|p2|Sylveon, L50, F|\n|poke|p2|Talonflame, L50, F|\n|poke|p2|Aggron, L50, F|\n|teampreview|4\n|c|\u2606odd stuff|gl\n|c|\u2606odd stuff|hf\n|inactive|Battle timer is ON: inactive players will automatically lose when time's up. (requested by odd stuff)\n|\n|t:|1776339657\n|teamsize|p1|4\n|teamsize|p2|4\n|start\n|switch|p1a: Incineroar|Incineroar, L50, F|100/100\n|switch|p1b: Sneasler|Sneasler, L50, F|100/100\n|switch|p2a: Aggron|Aggron, L50, F, shiny|100/100\n|switch|p2b: Talonflame|Talonflame, L50, F, shiny|100/100\n|-ability|p1a: Incineroar|Intimidate|boost\n|-unboost|p2a: Aggron|atk|1\n|-unboost|p2b: Talonflame|atk|1\n|turn|1\n|\n|t:|1776339676\n|detailschange|p2a: Aggron|Aggron-Mega, L50, F, shiny\n|-mega|p2a: Aggron|Aggron|Aggronite\n|move|p2b: Talonflame|Protect|p2b: Talonflame\n|-singleturn|p2b: Talonflame|Protect\n|move|p2a: Aggron|Protect|p2a: Aggron\n|-singleturn|p2a: Aggron|Protect\n|move|p1b: Sneasler|Close Combat|p2a: Aggron\n|-activate|p2a: Aggron|move: Protect\n|move|p1a: Incineroar|Flare Blitz|p2a: Aggron\n|-activate|p2a: Aggron|move: Protect\n|\n|upkeep\n|turn|2\n|inactive|Markiito18 has 30 seconds left.\n|inactive|Markiito18 has 20 seconds left.\n|inactive|Markiito18 has 15 seconds left.\n|inactive|Markiito18 has 10 seconds left.\n|inactive|Markiito18 has 5 seconds left.\n|\n|t:|1776339727\n|switch|p1b: Garchomp|Garchomp, L50, F|100/100\n|move|p2b: Talonflame|Tailwind|p2b: Talonflame\n|-sidestart|p2: Markiito18|move: Tailwind\n|move|p2a: Aggron|Iron Defense|p2a: Aggron\n|-boost|p2a: Aggron|def|2\n|move|p1a: Incineroar|Flare Blitz|p2a: Aggron\n|-supereffective|p2a: Aggron|1\n|-damage|p2a: Aggron|85/100\n|-damage|p1a: Incineroar|96/100|[from] Recoil\n|\n|upkeep\n|turn|3\n|\n|t:|1776339744\n|switch|p2b: Sylveon|Sylveon, L50, F, shiny|100/100\n|move|p1b: Garchomp|Stomping Tantrum|p2a: Aggron\n|-supereffective|p2a: Aggron|1\n|-damage|p2a: Aggron|69/100\n|move|p2a: Aggron|Iron Defense|p2a: Aggron\n|-boost|p2a: Aggron|def|2\n|move|p1a: Incineroar|Parting Shot|p2a: Aggron\n|-unboost|p2a: Aggron|atk|1\n|-unboost|p2a: Aggron|spa|1\n|\n|t:|1776339757\n|switch|p1a: Floette|Floette-Eternal, L50, F|100/100|[from] Parting Shot\n|\n|upkeep\n|turn|4\n|\n|t:|1776339776\n|switch|p1b: Incineroar|Incineroar, L50, F|96/100\n|-ability|p1b: Incineroar|Intimidate|boost\n|-unboost|p2a: Aggron|atk|1\n|-unboost|p2b: Sylveon|atk|1\n|detailschange|p1a: Floette|Floette-Mega, L50, F\n|-mega|p1a: Floette|Floette|Floettite\n|-ability|p1a: Floette|Fairy Aura\n|move|p2b: Sylveon|Hyper Voice|p1b: Incineroar|[spread] p1a,p1b\n|-damage|p1a: Floette|55/100\n|-damage|p1b: Incineroar|44/100\n|-enditem|p1b: Incineroar|Sitrus Berry|[eat]\n|-heal|p1b: Incineroar|69/100|[from] item: Sitrus Berry\n|move|p2a: Aggron|Heavy Slam|p1a: Floette\n|-supereffective|p1a: Floette|1\n|-damage|p1a: Floette|22/100\n|move|p1a: Floette|Moonblast|p2a: Aggron\n|-resisted|p2a: Aggron|1\n|-damage|p2a: Aggron|30/100\n|\n|upkeep\n|turn|5\n|inactive|odd stuff has 30 seconds left.\n|\n|t:|1776339801\n|move|p2a: Aggron|Protect|p2a: Aggron\n|-singleturn|p2a: Aggron|Protect\n|move|p1a: Floette|Protect|p1a: Floette\n|-singleturn|p1a: Floette|Protect\n|move|p1b: Incineroar|Fake Out|p2a: Aggron\n|-activate|p2a: Aggron|move: Protect\n|move|p2b: Sylveon|Hyper Voice|p1a: Floette|[spread] p1b\n|-activate|p1a: Floette|move: Protect\n|-damage|p1b: Incineroar|21/100\n|\n|-sideend|p2: Markiito18|move: Tailwind\n|upkeep\n|turn|6\n|\n|t:|1776339820\n|switch|p2a: Aegislash|Aegislash, L50, F|100/100\n|move|p1a: Floette|Moonblast|p2a: Aegislash\n|-resisted|p2a: Aegislash|1\n|-damage|p2a: Aegislash|70/100\n|move|p2b: Sylveon|Hyper Voice|p1a: Floette|[spread] p1a,p1b\n|-damage|p1a: Floette|0 fnt\n|-damage|p1b: Incineroar|0 fnt\n|faint|p1a: Floette\n|faint|p1b: Incineroar\n|\n|-heal|p2a: Aegislash|76/100|[from] item: Leftovers\n|upkeep\n|\n|t:|1776339828\n|switch|p1a: Garchomp|Garchomp, L50, F|100/100\n|switch|p1b: Sneasler|Sneasler, L50, F|100/100\n|turn|7\n|\n|t:|1776339842\n|move|p1b: Sneasler|Protect|p1b: Sneasler\n|-singleturn|p1b: Sneasler|Protect\n|move|p2b: Sylveon|Protect|p2b: Sylveon\n|-singleturn|p2b: Sylveon|Protect\n|move|p2a: Aegislash|King's Shield|p2a: Aegislash\n|-singleturn|p2a: Aegislash|Protect\n|move|p1a: Garchomp|Earthquake|p2b: Sylveon|[spread] \n|-activate|p1b: Sneasler|move: Protect\n|-activate|p2a: Aegislash|move: Protect\n|-activate|p2b: Sylveon|move: Protect\n|\n|-heal|p2a: Aegislash|82/100|[from] item: Leftovers\n|upkeep\n|turn|8\n|inactive|Markiito18 has 30 seconds left.\n|inactive|Markiito18 has 20 seconds left.\n|inactive|Markiito18 has 15 seconds left.\n|inactive|Markiito18 has 10 seconds left.\n|inactive|Markiito18 has 5 seconds left.\n|\n|t:|1776339894\n|move|p2a: Aegislash|Wide Guard|p2a: Aegislash\n|-singleturn|p2a: Aegislash|Wide Guard\n|move|p1b: Sneasler|Dire Claw|p2b: Sylveon\n|-supereffective|p2b: Sylveon|1\n|-crit|p2b: Sylveon\n|-damage|p2b: Sylveon|0 fnt\n|faint|p2b: Sylveon\n|move|p1a: Garchomp|Stomping Tantrum|p2a: Aegislash\n|-supereffective|p2a: Aegislash|1\n|-damage|p2a: Aegislash|14/100\n|\n|-heal|p2a: Aegislash|20/100|[from] item: Leftovers\n|upkeep\n|\n|t:|1776339904\n|switch|p2b: Talonflame|Talonflame, L50, F, shiny|100/100\n|turn|9\n|\n|t:|1776339922\n|move|p2a: Aegislash|King's Shield||[still]\n|-fail|p2a: Aegislash\n|move|p2b: Talonflame|Dual Wingbeat|p1b: Sneasler\n|-supereffective|p1b: Sneasler|1\n|-damage|p1b: Sneasler|33/100\n|-supereffective|p1b: Sneasler|1\n|-damage|p1b: Sneasler|0 fnt\n|faint|p1b: Sneasler\n|-hitcount|p1: Sneasler|2\n|move|p1a: Garchomp|Dragon Claw|p2b: Talonflame\n|-damage|p2b: Talonflame|44/100\n|\n|-heal|p2a: Aegislash|26/100|[from] item: Leftovers\n|upkeep\n|turn|10\n|inactive|Markiito18 has 30 seconds left.\n|\n|t:|1776339957\n|move|p2a: Aegislash|King's Shield|p2a: Aegislash\n|-singleturn|p2a: Aegislash|Protect\n|move|p2b: Talonflame|Dual Wingbeat|p1a: Garchomp\n|-damage|p1a: Garchomp|81/100\n|-damage|p2b: Talonflame|31/100|[from] ability: Rough Skin|[of] p1a: Garchomp\n|-damage|p1a: Garchomp|61/100\n|-damage|p2b: Talonflame|19/100|[from] ability: Rough Skin|[of] p1a: Garchomp\n|-hitcount|p1a: Garchomp|2\n|move|p1a: Garchomp|Earthquake|p2a: Aegislash|[spread] \n|-activate|p2a: Aegislash|move: Protect\n|-immune|p2b: Talonflame\n|\n|-heal|p2a: Aegislash|32/100|[from] item: Leftovers\n|upkeep\n|turn|11\n|inactive|Markiito18 has 30 seconds left.\n|\n|t:|1776339990\n|move|p2a: Aegislash|Wide Guard|p2a: Aegislash\n|-singleturn|p2a: Aegislash|Wide Guard\n|move|p2b: Talonflame|Dual Wingbeat|p1a: Garchomp\n|-crit|p1a: Garchomp\n|-damage|p1a: Garchomp|29/100\n|-damage|p2b: Talonflame|6/100|[from] ability: Rough Skin|[of] p1a: Garchomp\n|-damage|p1a: Garchomp|11/100\n|-damage|p2b: Talonflame|0 fnt|[from] ability: Rough Skin|[of] p1a: Garchomp\n|faint|p2b: Talonflame\n|-hitcount|p1a: Garchomp|2\n|move|p1a: Garchomp|Earthquake|p2a: Aegislash\n|-activate|p2a: Aegislash|move: Wide Guard\n|\n|-heal|p2a: Aegislash|39/100|[from] item: Leftovers\n|upkeep\n|\n|t:|1776340002\n|switch|p2b: Aggron|Aggron-Mega, L50, F, shiny|30/100\n|turn|12\n|\n|t:|1776340021\n|move|p1a: Garchomp|Stomping Tantrum|p2b: Aggron\n|-supereffective|p2b: Aggron|1\n|-damage|p2b: Aggron|2/100\n|-formechange|p2a: Aegislash|Aegislash-Blade|\n|move|p2a: Aegislash|Shadow Ball|p1a: Garchomp\n|-damage|p1a: Garchomp|0 fnt\n|faint|p1a: Garchomp\n|\n|win|Markiito18\n|raw|odd stuff's rating: 1193 &rarr; <strong>1171</strong><br />(-22 for losing)\n|raw|Markiito18's rating: 1230 &rarr; <strong>1252</strong><br />(+22 for winning)\n|l|\u2606odd stuff\n|player|p1|\n",
  "uploadtime": 1776340039,
  "views": 19,
  "formatid": "gen9championsvgc2026regma",
  "rating": 1171,
  "private": 0,
  "password": null
}