{
  "id": "gen9championsvgc2026regma-2589522215",
  "format": "[Gen 9 Champions] VGC 2026 Reg M-A",
  "players": [
    "iAmGross",
    "freshveggies2"
  ],
  "log": "|j|\u2606iAmGross\n|j|\u2606freshveggies2\n|html|<table width=\"100%\"><tr><td align=\"left\">iAmGross</td><td align=\"right\">freshveggies2</tr><tr><td align=\"left\"><i class=\"fa fa-circle-o\"></i> <i class=\"fa fa-circle-o\"></i> </td><td align=\"right\"><i class=\"fa fa-circle-o\"></i> <i class=\"fa fa-circle\"></i> </tr></table>\n|uhtml|bestof|<h2><strong>Game 2</strong> of <a href=\"/game-bestof3-gen9championsvgc2026regma-2589517671\">a best-of-3</a></h2>\n|t:|1776730636\n|gametype|doubles\n|player|p1|iAmGross|170|\n|player|p2|freshveggies2|101|\n|gen|9\n|tier|[Gen 9 Champions] VGC 2026 Reg M-A\n|rule|Species Clause: Limit one of each Pok\u00e9mon\n|rule|Item Clause: Limit 1 of each item\n|raw|<div class=\"infobox\"><details class=\"readmore\" open><summary><strong>1 custom rule:</strong></summary> Best of = 3</details></div>\n|clearpoke\n|poke|p1|Tyranitar, L50, F|\n|poke|p1|Clefable, L50, M|\n|poke|p1|Wyrdeer, L50, M|\n|poke|p1|Dragapult, L50, M|\n|poke|p1|Rotom-Heat, L50|\n|poke|p1|Gyarados, L50, F|\n|poke|p2|Aerodactyl, L50, F|\n|poke|p2|Charizard, L50, M|\n|poke|p2|Basculegion-F, L50, F|\n|poke|p2|Tinkaton, L50, F|\n|poke|p2|Garchomp, L50, M|\n|poke|p2|Clefable, L50, M|\n|teampreview|4\n|\n|t:|1776730717\n|teamsize|p1|4\n|teamsize|p2|4\n|start\n|switch|p1a: Dragapult|Dragapult, L50, M|100/100\n|switch|p1b: Gyarados|Gyarados, L50, F|100/100\n|switch|p2a: Charizard|Charizard, L50, M|100/100\n|switch|p2b: Basculegion|Basculegion-F, L50, F|100/100\n|-ability|p1b: Gyarados|Intimidate|boost\n|-unboost|p2a: Charizard|atk|1\n|-unboost|p2b: Basculegion|atk|1\n|-enditem|p2b: Basculegion|White Herb\n|-clearnegativeboost|p2b: Basculegion|[silent]\n|turn|1\n|\n|t:|1776730769\n|switch|p2b: Tinkaton|Tinkaton, L50, F|100/100\n|move|p2a: Charizard|Protect|p2a: Charizard\n|-singleturn|p2a: Charizard|Protect\n|move|p1a: Dragapult|Dragon Darts|p2a: Charizard\n|-immune|p2b: Tinkaton\n|move|p1b: Gyarados|Crunch|p2b: Tinkaton\n|-resisted|p2b: Tinkaton|1\n|-damage|p2b: Tinkaton|84/100\n|\n|upkeep\n|turn|2\n|\n|t:|1776730814\n|switch|p1b: Clefable|Clefable, L50, M|100/100\n|detailschange|p2a: Charizard|Charizard-Mega-Y, L50, M\n|-mega|p2a: Charizard|Charizard|Charizardite Y\n|-weather|SunnyDay|[from] ability: Drought|[of] p2a: Charizard\n|move|p1a: Dragapult|U-turn|p2b: Tinkaton\n|-resisted|p2b: Tinkaton|2\n|-damage|p2b: Tinkaton|77/100\n|\n|t:|1776730821\n|switch|p1a: Rotom|Rotom-Heat, L50|100/100|[from] U-turn\n|move|p2a: Charizard|Heat Wave|p1b: Clefable|[spread] p1a\n|-miss|p2a: Charizard|p1b: Clefable\n|-resisted|p1a: Rotom|1\n|-damage|p1a: Rotom|64/100\n|move|p2b: Tinkaton|Play Rough|p1a: Rotom\n|-resisted|p1a: Rotom|1\n|-damage|p1a: Rotom|46/100\n|\n|-weather|SunnyDay|[upkeep]\n|upkeep\n|turn|3\n|\n|t:|1776730875\n|switch|p2b: Clefable|Clefable, L50, M|100/100\n|move|p1b: Clefable|Protect|p1b: Clefable\n|-singleturn|p1b: Clefable|Protect\n|move|p2a: Charizard|Weather Ball|p1a: Rotom\n|-resisted|p1a: Rotom|1\n|-damage|p1a: Rotom|0 fnt\n|faint|p1a: Rotom\n|\n|-weather|SunnyDay|[upkeep]\n|upkeep\n|\n|t:|1776730889\n|switch|p1a: Dragapult|Dragapult, L50, M|100/100\n|turn|4\n|\n|t:|1776730910\n|detailschange|p1b: Clefable|Clefable-Mega, L50, M\n|-mega|p1b: Clefable|Clefable|Clefablite\n|move|p2b: Clefable|Follow Me|p2b: Clefable\n|-singleturn|p2b: Clefable|move: Follow Me\n|move|p1a: Dragapult|Shadow Ball|p2b: Clefable\n|-damage|p2b: Clefable|74/100\n|move|p2a: Charizard|Weather Ball|p1b: Clefable\n|-damage|p1b: Clefable|20/100\n|move|p1b: Clefable|Thunderbolt|p2b: Clefable\n|-damage|p2b: Clefable|47/100\n|-enditem|p2b: Clefable|Sitrus Berry|[eat]\n|-heal|p2b: Clefable|71/100|[from] item: Sitrus Berry\n|\n|-weather|SunnyDay|[upkeep]\n|upkeep\n|turn|5\n|\n|t:|1776730942\n|move|p1b: Clefable|Protect|p1b: Clefable\n|-singleturn|p1b: Clefable|Protect\n|move|p1a: Dragapult|Shadow Ball|p2a: Charizard\n|-damage|p2a: Charizard|72/100\n|-unboost|p2a: Charizard|spd|1\n|move|p2a: Charizard|Weather Ball|p1b: Clefable\n|-activate|p1b: Clefable|move: Protect\n|move|p2b: Clefable|Moonblast|p1a: Dragapult\n|-supereffective|p1a: Dragapult|1\n|-enditem|p1a: Dragapult|Focus Sash\n|-damage|p1a: Dragapult|1/100\n|\n|-weather|SunnyDay|[upkeep]\n|upkeep\n|turn|6\n|\n|t:|1776730972\n|move|p1a: Dragapult|Shadow Ball|p2a: Charizard\n|-damage|p2a: Charizard|30/100\n|move|p2a: Charizard|Weather Ball|p1b: Clefable\n|-damage|p1b: Clefable|0 fnt\n|faint|p1b: Clefable\n|move|p2b: Clefable|Moonblast|p1a: Dragapult\n|-supereffective|p1a: Dragapult|1\n|-damage|p1a: Dragapult|0 fnt\n|faint|p1a: Dragapult\n|\n|-weather|none\n|upkeep\n|\n|t:|1776730980\n|switch|p1b: Gyarados|Gyarados, L50, F|100/100\n|-ability|p1b: Gyarados|Intimidate|boost\n|-unboost|p2a: Charizard|atk|1\n|-unboost|p2b: Clefable|atk|1\n|turn|7\n|c|\u2606iAmGross|gg\n|c|\u2606freshveggies2|gg\n|\n|t:|1776730987\n|switch|p2a: Tinkaton|Tinkaton, L50, F|77/100\n|move|p1b: Gyarados|Waterfall|p2a: Tinkaton\n|-damage|p2a: Tinkaton|26/100\n|move|p2b: Clefable|Thunderbolt|p1b: Gyarados\n|-supereffective|p1b: Gyarados|2\n|-damage|p1b: Gyarados|25/100\n|\n|upkeep\n|turn|8\n|\n|t:|1776730994\n|move|p2a: Tinkaton|Fake Out|p1b: Gyarados\n|-damage|p1b: Gyarados|13/100\n|cant|p1b: Gyarados|flinch\n|move|p2b: Clefable|Thunderbolt|p1b: Gyarados\n|-supereffective|p1b: Gyarados|2\n|-damage|p1b: Gyarados|0 fnt\n|faint|p1b: Gyarados\n|\n|win|freshveggies2\n|l|\u2606iAmGross\n|player|p1|\n",
  "uploadtime": 1776731038,
  "views": 4,
  "formatid": "gen9championsvgc2026regma",
  "rating": null,
  "private": 0,
  "password": null
}