{
  "id": "gen9championsvgc2026regma-2580926296",
  "format": "[Gen 9 Champions] VGC 2026 Reg M-A",
  "players": [
    "Mudkip_137",
    "ElPato_C"
  ],
  "log": "|j|\u2606Mudkip_137\n|j|\u2606ElPato_C\n|t:|1775943931\n|gametype|doubles\n|player|p1|Mudkip_137|jasmine|1139\n|player|p2|ElPato_C|169|1086\n|gen|9\n|tier|[Gen 9 Champions] VGC 2026 Reg M-A\n|rated|\n|rule|Species Clause: Limit one of each Pok\u00e9mon\n|rule|Item Clause: Limit 1 of each item\n|clearpoke\n|poke|p1|Gengar, L50, F|\n|poke|p1|Aegislash, L50, M|\n|poke|p1|Talonflame, L50, F|\n|poke|p1|Greninja-*, L50, M|\n|poke|p1|Garchomp, L50, M|\n|poke|p1|Venusaur, L50, F|\n|poke|p2|Incineroar, L50, M|\n|poke|p2|Whimsicott, L50, M|\n|poke|p2|Pelipper, L50, M|\n|poke|p2|Archaludon, L50, M|\n|poke|p2|Hawlucha, L50, F|\n|poke|p2|Gengar, L50, F|\n|teampreview|4\n|inactive|Battle timer is ON: inactive players will automatically lose when time's up. (requested by Mudkip_137)\n|\n|t:|1775943985\n|teamsize|p1|4\n|teamsize|p2|4\n|start\n|switch|p1a: Gengar|Gengar, L50, F|100/100\n|switch|p1b: Greninja|Greninja, L50, M|100/100\n|switch|p2a: Incineroar|Incineroar, L50, M|100/100\n|switch|p2b: Gengar|Gengar, L50, F, shiny|100/100\n|-ability|p2a: Incineroar|Intimidate|boost\n|-unboost|p1a: Gengar|atk|1\n|-unboost|p1b: Greninja|atk|1\n|turn|1\n|inactive|ElPato_C has 30 seconds left.\n|\n|t:|1775944014\n|switch|p1b: Garchomp|Garchomp, L50, M|100/100\n|detailschange|p2b: Gengar|Gengar-Mega, L50, F, shiny\n|-mega|p2b: Gengar|Gengar|Gengarite\n|detailschange|p1a: Gengar|Gengar-Mega, L50, F\n|-mega|p1a: Gengar|Gengar|Gengarite\n|move|p1a: Gengar|Protect|p1a: Gengar\n|-singleturn|p1a: Gengar|Protect\n|move|p2a: Incineroar|Fake Out|p1b: Garchomp\n|-damage|p1b: Garchomp|89/100\n|-damage|p2a: Incineroar|88/100|[from] ability: Rough Skin|[of] p1b: Garchomp\n|move|p2b: Gengar|Shadow Ball|p1a: Gengar\n|-activate|p1a: Gengar|move: Protect\n|\n|upkeep\n|turn|2\n|inactive|Mudkip_137 has 30 seconds left.\n|\n|t:|1775944041\n|move|p2b: Gengar|Protect|p2b: Gengar\n|-singleturn|p2b: Gengar|Protect\n|move|p1b: Garchomp|Stomping Tantrum|p2b: Gengar\n|-activate|p2b: Gengar|move: Protect\n|move|p1a: Gengar|Focus Blast|p2a: Incineroar|[miss]\n|-miss|p1a: Gengar|p2a: Incineroar\n|move|p2a: Incineroar|Parting Shot|p1b: Garchomp\n|-unboost|p1b: Garchomp|atk|1\n|-unboost|p1b: Garchomp|spa|1\n|\n|t:|1775944053\n|switch|p2a: Pelipper|Pelipper, L50, M|100/100|[from] Parting Shot\n|-weather|RainDance|[from] ability: Drizzle|[of] p2a: Pelipper\n|\n|-weather|RainDance|[upkeep]\n|upkeep\n|turn|3\n|\n|t:|1775944074\n|move|p1b: Garchomp|Stomping Tantrum|p2b: Gengar\n|-supereffective|p2b: Gengar|1\n|-damage|p2b: Gengar|17/100\n|move|p2b: Gengar|Shadow Ball|p1a: Gengar\n|-supereffective|p1a: Gengar|1\n|-damage|p1a: Gengar|0 fnt\n|faint|p1a: Gengar\n|move|p2a: Pelipper|Weather Ball|p1b: Garchomp\n|-damage|p1b: Garchomp|24/100\n|\n|-weather|RainDance|[upkeep]\n|upkeep\n|\n|t:|1775944087\n|switch|p1a: Aegislash|Aegislash, L50, M|100/100\n|turn|4\n|\n|t:|1775944107\n|move|p2b: Gengar|Protect|p2b: Gengar\n|-singleturn|p2b: Gengar|Protect\n|move|p1a: Aegislash|King's Shield|p1a: Aegislash\n|-singleturn|p1a: Aegislash|Protect\n|move|p1b: Garchomp|Stomping Tantrum|p2b: Gengar\n|-activate|p2b: Gengar|move: Protect\n|move|p2a: Pelipper|Weather Ball|p1b: Garchomp\n|-damage|p1b: Garchomp|0 fnt\n|faint|p1b: Garchomp\n|\n|-weather|RainDance|[upkeep]\n|upkeep\n|\n|t:|1775944116\n|switch|p1b: Greninja|Greninja, L50, M|100/100\n|turn|5\n|\n|t:|1775944129\n|switch|p2b: Incineroar|Incineroar, L50, M|88/100\n|-ability|p2b: Incineroar|Intimidate|boost\n|-unboost|p1a: Aegislash|atk|1\n|-unboost|p1b: Greninja|atk|1\n|-formechange|p1a: Aegislash|Aegislash-Blade|\n|move|p1a: Aegislash|Shadow Sneak|p2b: Incineroar\n|-resisted|p2b: Incineroar|1\n|-damage|p2b: Incineroar|80/100\n|move|p1b: Greninja|Hydro Pump|p2a: Pelipper\n|-start|p1b: Greninja|typechange|Water|[from] ability: Protean\n|-resisted|p2a: Pelipper|1\n|-damage|p2a: Pelipper|46/100\n|move|p2a: Pelipper|Hurricane|p1b: Greninja\n|-damage|p1b: Greninja|39/100\n|\n|-weather|RainDance|[upkeep]\n|upkeep\n|turn|6\n|\n|t:|1775944154\n|move|p1b: Greninja|Hydro Pump|p2b: Incineroar\n|-supereffective|p2b: Incineroar|1\n|-damage|p2b: Incineroar|0 fnt\n|faint|p2b: Incineroar\n|move|p2a: Pelipper|Hurricane|p1b: Greninja\n|-damage|p1b: Greninja|0 fnt\n|faint|p1b: Greninja\n|move|p1a: Aegislash|Poltergeist|p2a: Pelipper\n|-activate|p2a: Pelipper|move: Poltergeist|Mystic Water\n|-damage|p2a: Pelipper|0 fnt\n|faint|p2a: Pelipper\n|\n|-weather|none\n|upkeep\n|\n|t:|1775944167\n|switch|p2a: Hawlucha|Hawlucha, L50, F|100/100\n|switch|p2b: Gengar|Gengar-Mega, L50, F, shiny|17/100\n|-ability|p2a: Hawlucha|Mold Breaker\n|turn|7\n|\n|t:|1775944191\n|move|p2b: Gengar|Protect|p2b: Gengar\n|-singleturn|p2b: Gengar|Protect\n|-formechange|p1a: Aegislash|Aegislash|\n|move|p1a: Aegislash|King's Shield|p1a: Aegislash\n|-singleturn|p1a: Aegislash|Protect\n|move|p2a: Hawlucha|Dual Wingbeat|p1a: Aegislash\n|-activate|p1a: Aegislash|move: Protect\n|-unboost|p2a: Hawlucha|atk|1\n|\n|upkeep\n|turn|8\n|\n|t:|1775944206\n|-formechange|p1a: Aegislash|Aegislash-Blade|\n|move|p1a: Aegislash|Shadow Sneak|p2b: Gengar\n|-supereffective|p2b: Gengar|1\n|-damage|p2b: Gengar|0 fnt\n|faint|p2b: Gengar\n|move|p2a: Hawlucha|Rock Slide|p1a: Aegislash\n|-resisted|p1a: Aegislash|1\n|-damage|p1a: Aegislash|87/100\n|\n|upkeep\n|turn|9\n|\n|t:|1775944214\n|-formechange|p1a: Aegislash|Aegislash|\n|move|p1a: Aegislash|King's Shield|p1a: Aegislash\n|-singleturn|p1a: Aegislash|Protect\n|move|p2a: Hawlucha|Dual Wingbeat|p1a: Aegislash\n|-activate|p1a: Aegislash|move: Protect\n|-unboost|p2a: Hawlucha|atk|1\n|\n|upkeep\n|turn|10\n|\n|t:|1775944223\n|move|p2a: Hawlucha|Dual Wingbeat|p1a: Aegislash\n|-resisted|p1a: Aegislash|1\n|-damage|p1a: Aegislash|83/100\n|-resisted|p1a: Aegislash|1\n|-damage|p1a: Aegislash|80/100\n|-hitcount|p1a: Aegislash|2\n|-formechange|p1a: Aegislash|Aegislash-Blade|\n|move|p1a: Aegislash|Poltergeist|p2a: Hawlucha|[miss]\n|-miss|p1a: Aegislash|p2a: Hawlucha\n|\n|upkeep\n|turn|11\n|\n|t:|1775944244\n|-formechange|p1a: Aegislash|Aegislash|\n|move|p1a: Aegislash|King's Shield|p1a: Aegislash\n|-singleturn|p1a: Aegislash|Protect\n|move|p2a: Hawlucha|Dual Wingbeat|p1a: Aegislash\n|-activate|p1a: Aegislash|move: Protect\n|-unboost|p2a: Hawlucha|atk|1\n|\n|upkeep\n|turn|12\n|\n|t:|1775944248\n|move|p2a: Hawlucha|Dual Wingbeat|p1a: Aegislash\n|-resisted|p1a: Aegislash|1\n|-damage|p1a: Aegislash|77/100\n|-resisted|p1a: Aegislash|1\n|-damage|p1a: Aegislash|74/100\n|-hitcount|p1a: Aegislash|2\n|-formechange|p1a: Aegislash|Aegislash-Blade|\n|move|p1a: Aegislash|Poltergeist|p2a: Hawlucha\n|-activate|p2a: Hawlucha|move: Poltergeist|Hawluchanite\n|-damage|p2a: Hawlucha|29/100\n|\n|upkeep\n|turn|13\n|-message|ElPato_C forfeited.\n|\n|win|Mudkip_137\n|raw|Mudkip_137's rating: 1139 &rarr; <strong>1160</strong><br />(+21 for winning)\n|raw|ElPato_C's rating: 1086 &rarr; <strong>1067</strong><br />(-19 for losing)\n|l|\u2606ElPato_C\n|player|p2|\n",
  "uploadtime": 1775944265,
  "views": 17,
  "formatid": "gen9championsvgc2026regma",
  "rating": 1067,
  "private": 0,
  "password": null
}