{
  "id": "gen9championsvgc2026regma-2587450086",
  "format": "[Gen 9 Champions] VGC 2026 Reg M-A",
  "players": [
    "Gdcc468",
    "Alltret"
  ],
  "log": "|j|\u2606Gdcc468\n|j|\u2606Alltret\n|t:|1776532822\n|gametype|doubles\n|player|p1|Gdcc468|266|1000\n|player|p2|Alltret|dragontamer|1045\n|gen|9\n|tier|[Gen 9 Champions] VGC 2026 Reg M-A\n|rated|\n|rule|Species Clause: Limit one of each Pok\u00e9mon\n|rule|Item Clause: Limit 1 of each item\n|clearpoke\n|poke|p1|Drampa, L50, F|\n|poke|p1|Oranguru, L50, M|\n|poke|p1|Sylveon, L50, F|\n|poke|p1|Sinistcha, L50|\n|poke|p1|Basculegion, L50, M|\n|poke|p1|Crabominable, L50, F|\n|poke|p2|Meganium, L50, F|\n|poke|p2|Pelipper, L50, F|\n|poke|p2|Archaludon, L50, M|\n|poke|p2|Heliolisk, L50, F|\n|poke|p2|Tauros-Paldea-Aqua, L50, M|\n|poke|p2|Kangaskhan, L50, F|\n|teampreview|4\n|\n|t:|1776532851\n|teamsize|p1|4\n|teamsize|p2|4\n|start\n|switch|p1a: Drampa|Drampa, L50, F|100/100\n|switch|p1b: Oranguru|Oranguru, L50, M|100/100\n|switch|p2a: Pelipper|Pelipper, L50, F|100/100\n|switch|p2b: Archaludon|Archaludon, L50, M|100/100\n|-weather|RainDance|[from] ability: Drizzle|[of] p2a: Pelipper\n|-ability|p1a: Drampa|Cloud Nine\n|turn|1\n|\n|t:|1776532882\n|move|p1a: Drampa|Protect|p1a: Drampa\n|-singleturn|p1a: Drampa|Protect\n|move|p2b: Archaludon|Flash Cannon|p1b: Oranguru\n|-damage|p1b: Oranguru|73/100\n|move|p2a: Pelipper|Hurricane|p1b: Oranguru\n|-damage|p1b: Oranguru|45/100\n|move|p1b: Oranguru|Trick Room|p1b: Oranguru\n|-fieldstart|move: Trick Room|[of] p1b: Oranguru\n|\n|-weather|RainDance|[upkeep]\n|upkeep\n|turn|2\n|\n|t:|1776532915\n|detailschange|p1a: Drampa|Drampa-Mega, L50, F\n|-mega|p1a: Drampa|Drampa|Drampanite\n|move|p1a: Drampa|Calm Mind|p1a: Drampa\n|-boost|p1a: Drampa|spa|1\n|-boost|p1a: Drampa|spd|1\n|move|p1b: Oranguru|Instruct|p1a: Drampa\n|-singleturn|p1a: Drampa|move: Instruct|[of] p1b: Oranguru\n|move|p1a: Drampa|Calm Mind|p1a: Drampa\n|-boost|p1a: Drampa|spa|1\n|-boost|p1a: Drampa|spd|1\n|move|p2a: Pelipper|Hurricane|p1b: Oranguru\n|-damage|p1b: Oranguru|19/100\n|move|p2b: Archaludon|Draco Meteor|p1a: Drampa\n|-supereffective|p1a: Drampa|1\n|-damage|p1a: Drampa|42/100\n|-unboost|p2b: Archaludon|spa|2\n|-ability|p1a: Drampa|Berserk|boost\n|-boost|p1a: Drampa|spa|1\n|-enditem|p2b: Archaludon|White Herb\n|-clearnegativeboost|p2b: Archaludon|[silent]\n|\n|-weather|RainDance|[upkeep]\n|upkeep\n|turn|3\n|\n|t:|1776532947\n|switch|p1b: Sinistcha|Sinistcha, L50|100/100\n|-heal|p1a: Drampa|67/100|[from] ability: Hospitality|[of] p1b: Sinistcha\n|move|p2b: Archaludon|Protect|p2b: Archaludon\n|-singleturn|p2b: Archaludon|Protect\n|move|p1a: Drampa|Hyper Voice|p2b: Archaludon|[spread] p2a\n|-activate|p2b: Archaludon|move: Protect\n|-enditem|p2a: Pelipper|Focus Sash\n|-damage|p2a: Pelipper|1/100\n|move|p2a: Pelipper|Hurricane|p1b: Sinistcha\n|-supereffective|p1b: Sinistcha|1\n|-crit|p1b: Sinistcha\n|-enditem|p1b: Sinistcha|Focus Sash\n|-damage|p1b: Sinistcha|1/100\n|\n|-weather|RainDance|[upkeep]\n|upkeep\n|turn|4\n|\n|t:|1776532987\n|move|p1a: Drampa|Hyper Voice|p2a: Pelipper|[spread] p2a,p2b\n|-resisted|p2b: Archaludon|1\n|-damage|p2a: Pelipper|0 fnt\n|-damage|p2b: Archaludon|17/100\n|faint|p2a: Pelipper\n|move|p1b: Sinistcha|Grassy Terrain|p1b: Sinistcha\n|-fieldstart|move: Grassy Terrain\n|move|p2b: Archaludon|Draco Meteor|p1a: Drampa\n|-supereffective|p1a: Drampa|1\n|-damage|p1a: Drampa|14/100\n|-unboost|p2b: Archaludon|spa|2\n|-ability|p1a: Drampa|Berserk|boost\n|-boost|p1a: Drampa|spa|1\n|\n|-weather|RainDance|[upkeep]\n|-heal|p1a: Drampa|20/100|[from] Grassy Terrain\n|-heal|p1b: Sinistcha|7/100|[from] Grassy Terrain\n|-heal|p2b: Archaludon|24/100|[from] Grassy Terrain\n|upkeep\n|\n|t:|1776532994\n|switch|p2a: Meganium|Meganium, L50, F|100/100\n|turn|5\n|\n|t:|1776533004\n|move|p2a: Meganium|Protect|p2a: Meganium\n|-singleturn|p2a: Meganium|Protect\n|move|p2b: Archaludon|Protect|p2b: Archaludon\n|-singleturn|p2b: Archaludon|Protect\n|move|p1a: Drampa|Hyper Voice|p2a: Meganium|[spread] \n|-activate|p2a: Meganium|move: Protect\n|-activate|p2b: Archaludon|move: Protect\n|move|p1b: Sinistcha|Life Dew|p1b: Sinistcha|[spread] p1a,p1b\n|-heal|p1a: Drampa|45/100\n|-heal|p1b: Sinistcha|33/100\n|\n|-weather|none\n|-heal|p1a: Drampa|51/100|[from] Grassy Terrain\n|-heal|p1b: Sinistcha|39/100|[from] Grassy Terrain\n|-heal|p2b: Archaludon|30/100|[from] Grassy Terrain\n|-fieldend|move: Trick Room\n|upkeep\n|turn|6\n|\n|t:|1776533026\n|detailschange|p2a: Meganium|Meganium-Mega, L50, F\n|-mega|p2a: Meganium|Meganium|Meganiumite\n|move|p1b: Sinistcha|Rage Powder|p1b: Sinistcha\n|-singleturn|p1b: Sinistcha|move: Rage Powder\n|move|p2b: Archaludon|Draco Meteor|p1b: Sinistcha\n|-damage|p1b: Sinistcha|0 fnt\n|-unboost|p2b: Archaludon|spa|2\n|faint|p1b: Sinistcha\n|move|p2a: Meganium|Weather Ball|p1a: Drampa\n|-resisted|p1a: Drampa|1\n|-damage|p1a: Drampa|37/100\n|-ability|p1a: Drampa|Berserk|boost\n|-boost|p1a: Drampa|spa|1\n|move|p1a: Drampa|Hyper Voice|p2b: Archaludon|[spread] p2a,p2b\n|-resisted|p2b: Archaludon|1\n|-damage|p2a: Meganium|0 fnt\n|-damage|p2b: Archaludon|0 fnt\n|faint|p2a: Meganium\n|faint|p2b: Archaludon\n|\n|-heal|p1a: Drampa|43/100|[from] Grassy Terrain\n|upkeep\n|\n|t:|1776533044\n|switch|p1b: Oranguru|Oranguru, L50, M|19/100\n|switch|p2a: Tauros|Tauros-Paldea-Aqua, L50, M|100/100\n|-ability|p2a: Tauros|Intimidate|boost\n|-unboost|p1a: Drampa|atk|1\n|-fail|p1b: Oranguru|unboost|Attack|[from] ability: Inner Focus|[of] p1b: Oranguru\n|turn|7\n|\n|t:|1776533060\n|move|p1a: Drampa|Protect|p1a: Drampa\n|-singleturn|p1a: Drampa|Protect\n|move|p2a: Tauros|Wave Crash|p1b: Oranguru\n|-crit|p1b: Oranguru\n|-damage|p1b: Oranguru|0 fnt\n|faint|p1b: Oranguru\n|-damage|p2a: Tauros|92/100|[from] Recoil\n|\n|-heal|p2a: Tauros|98/100|[from] Grassy Terrain\n|-heal|p1a: Drampa|49/100|[from] Grassy Terrain\n|upkeep\n|\n|t:|1776533070\n|switch|p1b: Basculegion|Basculegion, L50, M|100/100\n|turn|8\n|\n|t:|1776533085\n|move|p1b: Basculegion|Last Respects|p2a: Tauros\n|-damage|p2a: Tauros|0 fnt\n|faint|p2a: Tauros\n|\n|win|Gdcc468\n|raw|Gdcc468's rating: 1000 &rarr; <strong>1045</strong><br />(+45 for winning)\n|raw|Alltret's rating: 1045 &rarr; <strong>1026</strong><br />(-19 for losing)\n|c|\u2606Alltret|gg\n",
  "uploadtime": 1776533092,
  "views": 11,
  "formatid": "gen9championsvgc2026regma",
  "rating": 1026,
  "private": 0,
  "password": null
}