{
  "id": "gen9championsvgc2026regma-2583655153",
  "format": "[Gen 9 Champions] VGC 2026 Reg M-A",
  "players": [
    "The CGA",
    "babonicplague"
  ],
  "log": "|j|\u2606The CGA\n|j|\u2606babonicplague\n|t:|1776189071\n|gametype|doubles\n|player|p1|The CGA|clerk-boss|1119\n|player|p2|babonicplague|n|1168\n|gen|9\n|tier|[Gen 9 Champions] VGC 2026 Reg M-A\n|rated|\n|rule|Species Clause: Limit one of each Pok\u00e9mon\n|rule|Item Clause: Limit 1 of each item\n|clearpoke\n|poke|p1|Politoed, L50, F|\n|poke|p1|Heliolisk, L50, F|\n|poke|p1|Blastoise, L50, F|\n|poke|p1|Archaludon, L50, M|\n|poke|p1|Gyarados, L50, F|\n|poke|p1|Clefable, L50, M|\n|poke|p2|Starmie, L50|\n|poke|p2|Pelipper, L50, M|\n|poke|p2|Sneasler, L50, M|\n|poke|p2|Archaludon, L50, M|\n|poke|p2|Sinistcha, L50|\n|poke|p2|Incineroar, L50, M|\n|teampreview|4\n|c|\u2606babonicplague|glhf\nThe CGA rejected open team sheets.\n|inactive|Battle timer is ON: inactive players will automatically lose when time's up. (requested by The CGA)\n|c|\u2606The CGA|indeed\n|c|\u2606The CGA|however\n|c|\u2606The CGA|gaybois use sneasler\n|inactive|The CGA has 60 seconds left.\n|inactive|babonicplague has 60 seconds left.\n|\n|t:|1776189130\n|teamsize|p1|4\n|teamsize|p2|4\n|start\n|switch|p1a: Heliolisk|Heliolisk, L50, F|100/100\n|switch|p1b: Gyarados|Gyarados, L50, F|100/100\n|switch|p2a: Archaludon|Archaludon, L50, M|100/100\n|switch|p2b: Incineroar|Incineroar, L50, M|100/100\n|-ability|p1b: Gyarados|Intimidate|boost\n|-unboost|p2a: Archaludon|atk|1\n|-unboost|p2b: Incineroar|atk|1\n|-ability|p2b: Incineroar|Intimidate|boost\n|-unboost|p1a: Heliolisk|atk|1\n|-unboost|p1b: Gyarados|atk|1\n|turn|1\n|c|\u2606babonicplague|thats actually so fair\n|c|\u2606babonicplague|but its more managable after the nerf\n|inactive|babonicplague has 30 seconds left.\n|c|\u2606The CGA|lol what nerf?\n|inactive|babonicplague has 20 seconds left.\n|inactive|babonicplague has 15 seconds left.\n|inactive|babonicplague has 10 seconds left.\n|\n|t:|1776189178\n|move|p2b: Incineroar|Fake Out|p1a: Heliolisk\n|-damage|p1a: Heliolisk|87/100\n|move|p2a: Archaludon|Electro Shot||[still]\n|-prepare|p2a: Archaludon|Electro Shot\n|-boost|p2a: Archaludon|spa|1\n|cant|p1a: Heliolisk|flinch\n|move|p1b: Gyarados|Dragon Dance|p1b: Gyarados\n|-boost|p1b: Gyarados|atk|1\n|-boost|p1b: Gyarados|spe|1\n|\n|upkeep\n|turn|2\n|c|\u2606The CGA|the dude is still faster than speedy gonzales on crack\n|c|\u2606babonicplague|dire claw status went form 50% to 30%\n|inactive|The CGA has 30 seconds left.\n|inactive|babonicplague has 30 seconds left.\n|inactive|The CGA has 20 seconds left.\n|inactive|The CGA has 15 seconds left.\n|inactive|The CGA has 10 seconds left.\n|\n|t:|1776189228\n|detailschange|p1b: Gyarados|Gyarados-Mega, L50, F\n|-mega|p1b: Gyarados|Gyarados|Gyaradosite\n|-ability|p1b: Gyarados|Mold Breaker\n|move|p2a: Archaludon|Electro Shot|p1b: Gyarados|[from] lockedmove\n|-supereffective|p1b: Gyarados|1\n|-crit|p1b: Gyarados\n|-damage|p1b: Gyarados|0 fnt\n|faint|p1b: Gyarados\n|move|p1a: Heliolisk|Substitute|p1a: Heliolisk\n|-start|p1a: Heliolisk|Substitute\n|-damage|p1a: Heliolisk|62/100\n|move|p2b: Incineroar|Parting Shot|p1a: Heliolisk\n|-unboost|p1a: Heliolisk|atk|1\n|-unboost|p1a: Heliolisk|spa|1\n|c|\u2606babonicplague|lol\n|c|\u2606The CGA|of course a crit\n|c|\u2606The CGA|why not\n|\n|t:|1776189247\n|switch|p2b: Sinistcha|Sinistcha, L50|100/100|[from] Parting Shot\n|\n|upkeep\n|c|\u2606babonicplague|no crit needed i promise\n|\n|t:|1776189255\n|switch|p1b: Blastoise|Blastoise, L50, F|100/100\n|turn|3\n|c|\u2606babonicplague|unless u max bulk\n|inactive|babonicplague has 30 seconds left.\n|c|\u2606The CGA|whatever\n|\n|t:|1776189288\n|switch|p2a: Incineroar|Incineroar, L50, M|100/100\n|-ability|p2a: Incineroar|Intimidate|boost\n|-immune|p1a: Heliolisk\n|-unboost|p1b: Blastoise|atk|1\n|move|p1a: Heliolisk|Volt Switch|p2a: Incineroar\n|-damage|p2a: Incineroar|78/100\n|c|\u2606The CGA|why'd you switch\n|c|\u2606The CGA|op dragon/bridge sweeps\n|\n|t:|1776189306\n|switch|p1a: Clefable|Clefable, L50, M|100/100|[from] Volt Switch\n|move|p1b: Blastoise|Shell Smash|p1b: Blastoise\n|-unboost|p1b: Blastoise|def|1\n|-unboost|p1b: Blastoise|spd|1\n|-boost|p1b: Blastoise|atk|2\n|-boost|p1b: Blastoise|spa|2\n|-boost|p1b: Blastoise|spe|2\n|move|p2b: Sinistcha|Matcha Gotcha|p1a: Clefable|[spread] p1a,p1b\n|-supereffective|p1b: Blastoise|1\n|-crit|p1b: Blastoise\n|-damage|p1a: Clefable|77/100\n|-damage|p1b: Blastoise|0 fnt\n|faint|p1b: Blastoise\n|\n|-heal|p1a: Clefable|83/100|[from] item: Leftovers\n|upkeep\n|c|\u2606babonicplague|to win lol\n|inactive|The CGA has 30 seconds left.\n|c|\u2606The CGA|dude did you max sp atk on sinistcha?\n|inactive|The CGA has 20 seconds left.\n|c|\u2606babonicplague|no youre just bad\n|inactive|The CGA has 15 seconds left.\n|c|\u2606The CGA|first of all\n|n|!The CGA|thecga\n|inactive|The CGA has 10 seconds left.\n|inactive|The CGA has 5 seconds left.\n|c|\u2606babonicplague|u need white herb if u wanna survie anuthing after def drops\n|\n|t:|1776189357\n|switch|p1b: Heliolisk|Heliolisk, L50, F|62/100\n|turn|4\n|\n|t:|1776189371\n|move|p2a: Incineroar|Fake Out|p1a: Clefable\n|-damage|p1a: Clefable|72/100\n|move|p1b: Heliolisk|Substitute|p1b: Heliolisk\n|-start|p1b: Heliolisk|Substitute\n|-damage|p1b: Heliolisk|37/100\n|move|p2b: Sinistcha|Matcha Gotcha|p1a: Clefable|[spread] p1a,p1b\n|-end|p1b: Heliolisk|Substitute\n|-damage|p1a: Clefable|45/100\n|cant|p1a: Clefable|flinch\n|\n|-heal|p1a: Clefable|50/100|[from] item: Leftovers\n|upkeep\n|turn|5\n|c|\u2606babonicplague|gg\n|\n|t:|1776189389\n|move|p1b: Heliolisk|Dark Pulse|p2b: Sinistcha\n|-supereffective|p2b: Sinistcha|1\n|-damage|p2b: Sinistcha|44/100\n|move|p2b: Sinistcha|Matcha Gotcha|p1a: Clefable|[spread] p1a,p1b\n|-damage|p1a: Clefable|24/100\n|-heal|p2b: Sinistcha|57/100|[from] drain|[of] p1a: Clefable\n|-damage|p1b: Heliolisk|5/100\n|-heal|p2b: Sinistcha|73/100|[from] drain|[of] p1b: Heliolisk\n|move|p1a: Clefable|Life Dew|p1a: Clefable|[spread] p1a\n|-heal|p1b: Heliolisk|29/100|[from] ability: Dry Skin|[of] p1a: Clefable\n|-heal|p1a: Clefable|49/100\n|move|p2a: Incineroar|Parting Shot|p1b: Heliolisk\n|-unboost|p1b: Heliolisk|atk|1\n|-unboost|p1b: Heliolisk|spa|1\n|-message|The CGA forfeited.\n|\n|win|babonicplague\n",
  "uploadtime": 1776189350,
  "views": 12,
  "formatid": "gen9championsvgc2026regma",
  "rating": null,
  "private": 0,
  "password": null
}