{
  "id": "gen9championsvgc2026regma-2586752926",
  "format": "[Gen 9 Champions] VGC 2026 Reg M-A",
  "players": [
    "mamaneedscoffee",
    "frozensolidvgc"
  ],
  "log": "|j|\u2606mamaneedscoffee\n|j|\u2606frozensolidvgc\n|t:|1776457168\n|gametype|doubles\n|player|p1|mamaneedscoffee|2|1078\n|player|p2|frozensolidvgc|102|1106\n|gen|9\n|tier|[Gen 9 Champions] VGC 2026 Reg M-A\n|rated|\n|rule|Species Clause: Limit one of each Pok\u00e9mon\n|rule|Item Clause: Limit 1 of each item\n|clearpoke\n|poke|p1|Slowking-Galar, L50, M|\n|poke|p1|Politoed, L50, M|\n|poke|p1|Charizard, L50, M|\n|poke|p1|Archaludon, L50, M|\n|poke|p1|Whimsicott, L50, F|\n|poke|p1|Froslass, L50, F|\n|poke|p2|Sylveon, L50, F|\n|poke|p2|Farigiraf, L50, F|\n|poke|p2|Aegislash, L50, M|\n|poke|p2|Palafin, L50, M|\n|poke|p2|Politoed, L50, F|\n|poke|p2|Dragonite, L50, F|\n|teampreview|4\n|inactive|Battle timer is ON: inactive players will automatically lose when time's up. (requested by mamaneedscoffee)\n|inactive|frozensolidvgc has 60 seconds left.\n|\n|t:|1776457229\n|teamsize|p1|4\n|teamsize|p2|4\n|start\n|switch|p1a: Slowking|Slowking-Galar, L50, M|100/100\n|switch|p1b: Whimsicott|Whimsicott, L50, F|100/100\n|switch|p2a: Farigiraf|Farigiraf, L50, F|100/100\n|switch|p2b: Sylveon|Sylveon, L50, F|100/100\n|-clearboost|p1b: Whimsicott|[from] ability: Curious Medicine|[of] p1a: Slowking\n|turn|1\n|inactive|mamaneedscoffee has 30 seconds left.\n|\n|t:|1776457260\n|move|p2a: Farigiraf|Helping Hand|p2b: Sylveon\n|-singleturn|p2b: Sylveon|Helping Hand|[of] p2a: Farigiraf\n|move|p1b: Whimsicott|Tailwind|p1b: Whimsicott\n|-sidestart|p1: mamaneedscoffee|move: Tailwind\n|-prepare|p1a: Slowking|Chilly Reception|[premajor]\n|move|p1a: Slowking|Chilly Reception|p1a: Slowking\n|-weather|Snowscape\n|\n|t:|1776457268\n|switch|p1a: Froslass|Froslass, L50, F|100/100|[from] Chilly Reception\n|move|p2b: Sylveon|Hyper Voice|p1a: Froslass|[spread] p1a,p1b\n|-damage|p1a: Froslass|0 fnt\n|-damage|p1b: Whimsicott|30/100\n|faint|p1a: Froslass\n|\n|-weather|Snowscape|[upkeep]\n|upkeep\n|\n|t:|1776457281\n|switch|p1a: Charizard|Charizard, L50, M|100/100\n|turn|2\n|inactive|mamaneedscoffee has 30 seconds left.\n|\n|t:|1776457310\n|detailschange|p1a: Charizard|Charizard-Mega-Y, L50, M\n|-mega|p1a: Charizard|Charizard|Charizardite Y\n|-weather|SunnyDay|[from] ability: Drought|[of] p1a: Charizard\n|move|p2b: Sylveon|Protect|p2b: Sylveon\n|-singleturn|p2b: Sylveon|Protect\n|move|p1a: Charizard|Weather Ball|p2b: Sylveon\n|-activate|p2b: Sylveon|move: Protect\n|move|p1b: Whimsicott|U-turn|p2a: Farigiraf\n|-supereffective|p2a: Farigiraf|1\n|-damage|p2a: Farigiraf|83/100\n|\n|t:|1776457321\n|switch|p1b: Slowking|Slowking-Galar, L50, M|100/100|[from] U-turn\n|-clearboost|p1a: Charizard|[from] ability: Curious Medicine|[of] p1b: Slowking\n|move|p2a: Farigiraf|Trick Room|p2a: Farigiraf\n|-fieldstart|move: Trick Room|[of] p2a: Farigiraf\n|\n|-weather|SunnyDay|[upkeep]\n|upkeep\n|turn|3\n|\n|t:|1776457338\n|switch|p2a: Politoed|Politoed, L50, F|100/100\n|-weather|RainDance|[from] ability: Drizzle|[of] p2a: Politoed\n|move|p1a: Charizard|Protect|p1a: Charizard\n|-singleturn|p1a: Charizard|Protect\n|move|p2b: Sylveon|Hyper Voice|p1a: Charizard|[spread] p1b\n|-activate|p1a: Charizard|move: Protect\n|-resisted|p1b: Slowking|1\n|-damage|p1b: Slowking|82/100\n|move|p1b: Slowking|Sludge Bomb|p2b: Sylveon\n|-supereffective|p2b: Sylveon|1\n|-damage|p2b: Sylveon|35/100\n|\n|-weather|RainDance|[upkeep]\n|upkeep\n|turn|4\n|inactive|mamaneedscoffee has 30 seconds left.\n|inactive|frozensolidvgc has 30 seconds left.\n|inactive|mamaneedscoffee has 20 seconds left.\n|\n|t:|1776457377\n|switch|p2b: Palafin|Palafin, L50, M|100/100\n|switch|p1a: Whimsicott|Whimsicott, L50, F|30/100\n|move|p2a: Politoed|Weather Ball|p1a: Whimsicott\n|-resisted|p1a: Whimsicott|1\n|-damage|p1a: Whimsicott|2/100\n|-prepare|p1b: Slowking|Chilly Reception|[premajor]\n|move|p1b: Slowking|Chilly Reception|p1b: Slowking\n|-weather|Snowscape\n|\n|t:|1776457389\n|switch|p1b: Charizard|Charizard-Mega-Y, L50, M|100/100|[from] Chilly Reception\n|-weather|SunnyDay|[from] ability: Drought|[of] p1b: Charizard\n|\n|-weather|SunnyDay|[upkeep]\n|-sideend|p1: mamaneedscoffee|move: Tailwind\n|upkeep\n|turn|5\n|inactive|mamaneedscoffee has 30 seconds left.\n|inactive|frozensolidvgc has 30 seconds left.\n|\n|t:|1776457421\n|switch|p2a: Farigiraf|Farigiraf, L50, F|83/100\n|switch|p1b: Slowking|Slowking-Galar, L50, M|82/100\n|-clearboost|p1a: Whimsicott|[from] ability: Curious Medicine|[of] p1b: Slowking\n|move|p2b: Palafin|Jet Punch|p1a: Whimsicott\n|-resisted|p1a: Whimsicott|1\n|-damage|p1a: Whimsicott|0 fnt\n|faint|p1a: Whimsicott\n|\n|-weather|SunnyDay|[upkeep]\n|upkeep\n|\n|t:|1776457433\n|switch|p1a: Charizard|Charizard-Mega-Y, L50, M|100/100\n|turn|6\n|\n|t:|1776457453\n|switch|p2a: Politoed|Politoed, L50, F|100/100\n|-weather|RainDance|[from] ability: Drizzle|[of] p2a: Politoed\n|move|p1a: Charizard|Protect|p1a: Charizard\n|-singleturn|p1a: Charizard|Protect\n|move|p1b: Slowking|Weather Ball|p2a: Politoed\n|-resisted|p2a: Politoed|1\n|-damage|p2a: Politoed|78/100\n|move|p2b: Palafin|Wave Crash|p1a: Charizard\n|-activate|p1a: Charizard|move: Protect\n|\n|-weather|RainDance|[upkeep]\n|-heal|p2a: Politoed|84/100|[from] item: Leftovers\n|-fieldend|move: Trick Room\n|upkeep\n|turn|7\n|inactive|mamaneedscoffee has 30 seconds left.\n|inactive|mamaneedscoffee has 20 seconds left.\n|inactive|mamaneedscoffee has 15 seconds left.\n|\n|t:|1776457499\n|detailschange|p2b: Palafin|Palafin-Hero, L50, M\n|switch|p2b: Farigiraf|Farigiraf, L50, F|83/100\n|move|p1a: Charizard|Dragon Pulse|p2b: Farigiraf\n|-damage|p2b: Farigiraf|50/100\n|-enditem|p2b: Farigiraf|Sitrus Berry|[eat]\n|-heal|p2b: Farigiraf|75/100|[from] item: Sitrus Berry\n|move|p2a: Politoed|Weather Ball|p1a: Charizard\n|-supereffective|p1a: Charizard|1\n|-damage|p1a: Charizard|0 fnt\n|faint|p1a: Charizard\n|move|p1b: Slowking|Sludge Bomb|p2b: Farigiraf\n|-damage|p2b: Farigiraf|32/100\n|\n|-weather|RainDance|[upkeep]\n|-heal|p2a: Politoed|90/100|[from] item: Leftovers\n|upkeep\n|turn|8\n|-message|mamaneedscoffee forfeited.\n|\n|win|frozensolidvgc\n|raw|mamaneedscoffee's rating: 1078 &rarr; <strong>1058</strong><br />(-20 for losing)\n|raw|frozensolidvgc's rating: 1106 &rarr; <strong>1129</strong><br />(+23 for winning)\n|l|\u2606mamaneedscoffee\n|player|p1|\n",
  "uploadtime": 1776457515,
  "views": 38,
  "formatid": "gen9championsvgc2026regma",
  "rating": 1058,
  "private": 0,
  "password": null
}