{
  "id": "gen9championsvgc2026regma-2581646618",
  "format": "[Gen 9 Champions] VGC 2026 Reg M-A",
  "players": [
    "SilverMagicianVGC",
    "erboston"
  ],
  "log": "|j|\u2606SilverMagicianVGC\n|j|\u2606erboston\n|t:|1776017677\n|gametype|doubles\n|player|p1|SilverMagicianVGC|silver|1360\n|player|p2|erboston|101|1450\n|gen|9\n|tier|[Gen 9 Champions] VGC 2026 Reg M-A\n|rated|\n|rule|Species Clause: Limit one of each Pok\u00e9mon\n|rule|Item Clause: Limit 1 of each item\n|clearpoke\n|poke|p1|Floette-Eternal, L50, F|\n|poke|p1|Garchomp, L50, F|\n|poke|p1|Sneasler, L50, F|\n|poke|p1|Incineroar, L50, M|\n|poke|p1|Rotom-Heat, L50|\n|poke|p1|Sinistcha, L50|\n|poke|p2|Politoed, L50, M|\n|poke|p2|Incineroar, L50, M|\n|poke|p2|Gengar, L50, M|\n|poke|p2|Corviknight, L50, F|\n|poke|p2|Maushold, L50|\n|poke|p2|Sneasler, L50, M|\n|teampreview|4\n|inactive|Battle timer is ON: inactive players will automatically lose when time's up. (requested by erboston)\n|j| Fubblybubbly\n|j| zane121\n|inactive|SilverMagicianVGC has 60 seconds left.\n|j| gE1xjZRtuhW2DdT0AK\n|\n|t:|1776017719\n|teamsize|p1|4\n|teamsize|p2|4\n|start\n|switch|p1a: Sneasler|Sneasler, L50, F|100/100\n|switch|p1b: Rotom|Rotom-Heat, L50|100/100\n|switch|p2a: Gengar|Gengar, L50, M|100/100\n|switch|p2b: Incineroar|Incineroar, L50, M|100/100\n|-ability|p2b: Incineroar|Intimidate|boost\n|-unboost|p1a: Sneasler|atk|1\n|-unboost|p1b: Rotom|atk|1\n|-enditem|p1a: Sneasler|White Herb\n|-clearnegativeboost|p1a: Sneasler|[silent]\n|turn|1\n|inactive|SilverMagicianVGC has 30 seconds left.\n|\n|t:|1776017746\n|detailschange|p2a: Gengar|Gengar-Mega, L50, M\n|-mega|p2a: Gengar|Gengar|Gengarite\n|move|p1a: Sneasler|Fake Out|p2b: Incineroar\n|-damage|p2b: Incineroar|88/100\n|cant|p2b: Incineroar|flinch\n|move|p2a: Gengar|Perish Song|p2a: Gengar\n|-start|p1a: Sneasler|perish3|[silent]\n|-start|p1b: Rotom|perish3|[silent]\n|-start|p2a: Gengar|perish3|[silent]\n|-start|p2b: Incineroar|perish3|[silent]\n|-fieldactivate|move: Perish Song\n|move|p1b: Rotom|Thunderbolt|p2a: Gengar\n|-damage|p2a: Gengar|54/100\n|\n|-start|p1a: Sneasler|perish3\n|-start|p2a: Gengar|perish3\n|-start|p1b: Rotom|perish3\n|-start|p2b: Incineroar|perish3\n|upkeep\n|turn|2\n|l| Fubblybubbly\n|\n|t:|1776017767\n|move|p2a: Gengar|Protect|p2a: Gengar\n|-singleturn|p2a: Gengar|Protect\n|move|p1a: Sneasler|Close Combat|p2b: Incineroar\n|-supereffective|p2b: Incineroar|1\n|-damage|p2b: Incineroar|0 fnt\n|-unboost|p1a: Sneasler|def|1\n|-unboost|p1a: Sneasler|spd|1\n|faint|p2b: Incineroar\n|move|p1b: Rotom|Volt Switch|p2a: Gengar\n|-activate|p2a: Gengar|move: Protect\n|\n|-start|p1a: Sneasler|perish2\n|-start|p2a: Gengar|perish2\n|-start|p1b: Rotom|perish2\n|upkeep\n|\n|t:|1776017778\n|switch|p2b: Sneasler|Sneasler, L50, M|100/100\n|turn|3\n|\n|t:|1776017801\n|move|p1b: Rotom|Protect|p1b: Rotom\n|-singleturn|p1b: Rotom|Protect\n|move|p2b: Sneasler|Fake Out|p1a: Sneasler\n|-damage|p1a: Sneasler|57/100\n|cant|p1a: Sneasler|flinch\n|move|p2a: Gengar|Disable|p1b: Rotom\n|-activate|p1b: Rotom|move: Protect\n|\n|-start|p1a: Sneasler|perish1\n|-start|p2a: Gengar|perish1\n|-start|p1b: Rotom|perish1\n|upkeep\n|turn|4\n|\n|t:|1776017822\n|switch|p2a: Politoed|Politoed, L50, M|100/100\n|-weather|RainDance|[from] ability: Drizzle|[of] p2a: Politoed\n|move|p1a: Sneasler|Close Combat|p2a: Politoed\n|-damage|p2a: Politoed|45/100\n|-unboost|p1a: Sneasler|def|1\n|-unboost|p1a: Sneasler|spd|1\n|move|p2b: Sneasler|Close Combat|p1b: Rotom\n|-damage|p1b: Rotom|17/100\n|-unboost|p2b: Sneasler|def|1\n|-unboost|p2b: Sneasler|spd|1\n|-enditem|p2b: Sneasler|White Herb\n|-clearnegativeboost|p2b: Sneasler|[silent]\n|move|p1b: Rotom|Volt Switch|p2a: Politoed\n|-supereffective|p2a: Politoed|1\n|-damage|p2a: Politoed|0 fnt\n|faint|p2a: Politoed\n|\n|t:|1776017845\n|switch|p1b: Garchomp|Garchomp, L50, F|100/100|[from] Volt Switch\n|\n|-weather|RainDance|[upkeep]\n|-start|p1a: Sneasler|perish0\n|upkeep\n|faint|p1a: Sneasler\n|\n|t:|1776017851\n|switch|p1a: Rotom|Rotom-Heat, L50|17/100\n|switch|p2a: Gengar|Gengar-Mega, L50, M|54/100\n|turn|5\n|\n|t:|1776017874\n|move|p2a: Gengar|Protect|p2a: Gengar\n|-singleturn|p2a: Gengar|Protect\n|move|p1a: Rotom|Protect|p1a: Rotom\n|-singleturn|p1a: Rotom|Protect\n|move|p2b: Sneasler|Close Combat|p1a: Rotom\n|-activate|p1a: Rotom|move: Protect\n|move|p1b: Garchomp|Earthquake|p2a: Gengar|[spread] p2b\n|-activate|p1a: Rotom|move: Protect\n|-activate|p2a: Gengar|move: Protect\n|-supereffective|p2b: Sneasler|1\n|-damage|p2b: Sneasler|0 fnt\n|faint|p2b: Sneasler\n|\n|-weather|RainDance|[upkeep]\n|upkeep\n|turn|6\n|l| zane121\n|\n|t:|1776017898\n|move|p1b: Garchomp|Earthquake|p2a: Gengar|[spread] p2a\n|-immune|p1a: Rotom|[from] ability: Levitate\n|-supereffective|p2a: Gengar|1\n|-damage|p2a: Gengar|0 fnt\n|faint|p2a: Gengar\n|\n|win|SilverMagicianVGC\n|raw|SilverMagicianVGC's rating: 1360 &rarr; <strong>1385</strong><br />(+25 for winning)\n|raw|erboston's rating: 1450 &rarr; <strong>1425</strong><br />(-25 for losing)\n|l|\u2606SilverMagicianVGC\n|player|p1|\n",
  "uploadtime": 1776017963,
  "views": 61,
  "formatid": "gen9championsvgc2026regma",
  "rating": 1385,
  "private": 0,
  "password": null
}