{
  "id": "gen9championsvgc2026regma-2581268525",
  "format": "[Gen 9 Champions] VGC 2026 Reg M-A",
  "players": [
    "mandeep390",
    "uyguydtys"
  ],
  "log": "|j|\u2606mandeep390\n|j|\u203duyguydtys\n|t:|1775978918\n|gametype|doubles\n|player|p1|mandeep390|102|1047\n|player|p2|uyguydtys|102|1118\n|gen|9\n|tier|[Gen 9 Champions] VGC 2026 Reg M-A\n|rated|\n|rule|Species Clause: Limit one of each Pok\u00e9mon\n|rule|Item Clause: Limit 1 of each item\n|clearpoke\n|poke|p1|Charizard, L50, F|\n|poke|p1|Incineroar, L50, M|\n|poke|p1|Venusaur, L50, M|\n|poke|p1|Maushold-Four, L50|\n|poke|p1|Sylveon, L50, M|\n|poke|p1|Medicham, L50, M|\n|poke|p2|Abomasnow, L50, M|\n|poke|p2|Oranguru, L50, F|\n|poke|p2|Maushold, L50|\n|poke|p2|Primarina, L50, M|\n|poke|p2|Torkoal, L50, M|\n|teampreview|4\n|inactive|Battle timer is ON: inactive players will automatically lose when time's up. (requested by uyguydtys)\n|\n|t:|1775978937\n|teamsize|p1|4\n|teamsize|p2|4\n|start\n|switch|p1a: Incineroar|Incineroar, L50, M, shiny|100/100\n|switch|p1b: Venusaur|Venusaur, L50, M, shiny|100/100\n|switch|p2a: Oranguru|Oranguru, L50, F|100/100\n|switch|p2b: Maushold|Maushold, L50|100/100\n|-ability|p1a: Incineroar|Intimidate|boost\n|-fail|p2a: Oranguru|unboost|Attack|[from] ability: Inner Focus|[of] p2a: Oranguru\n|-unboost|p2b: Maushold|atk|1\n|turn|1\n|inactive|mandeep390 has 30 seconds left.\n|inactive|uyguydtys has 30 seconds left.\n|\n|t:|1775978966\n|move|p1a: Incineroar|Fake Out|p2b: Maushold\n|-damage|p2b: Maushold|86/100\n|cant|p2b: Maushold|flinch\n|move|p1b: Venusaur|Sleep Powder|p2a: Oranguru\n|-status|p2a: Oranguru|slp|[from] move: Sleep Powder\n|cant|p2a: Oranguru|slp\n|\n|upkeep\n|turn|2\n|\n|t:|1775978983\n|move|p2b: Maushold|Taunt|p1b: Venusaur\n|-start|p1b: Venusaur|move: Taunt\n|cant|p1b: Venusaur|move: Taunt|Sleep Powder\n|move|p1a: Incineroar|Darkest Lariat|p2a: Oranguru\n|-supereffective|p2a: Oranguru|1\n|-crit|p2a: Oranguru\n|-damage|p2a: Oranguru|41/100 slp\n|-curestatus|p2a: Oranguru|slp|[msg]\n|move|p2a: Oranguru|Trick Room|p2a: Oranguru\n|-fieldstart|move: Trick Room|[of] p2a: Oranguru\n|\n|upkeep\n|turn|3\n|inactive|mandeep390 has 30 seconds left.\n|inactive|mandeep390 has 20 seconds left.\n|\n|t:|1775979021\n|move|p2a: Oranguru|Imprison|p2a: Oranguru\n|-start|p2a: Oranguru|move: Imprison\n|move|p1a: Incineroar|Darkest Lariat|p2a: Oranguru\n|-supereffective|p2a: Oranguru|1\n|-crit|p2a: Oranguru\n|-damage|p2a: Oranguru|0 fnt\n|faint|p2a: Oranguru\n|move|p1b: Venusaur|Sludge Bomb|p2b: Maushold\n|-damage|p2b: Maushold|30/100\n|move|p2b: Maushold|U-turn|p1a: Incineroar\n|-damage|p1a: Incineroar|92/100\n|\n|t:|1775979031\n|switch|p2b: Torkoal|Torkoal, L50, M|100/100|[from] U-turn\n|-weather|SunnyDay|[from] ability: Drought|[of] p2b: Torkoal\n|\n|-weather|SunnyDay|[upkeep]\n|upkeep\n|\n|t:|1775979041\n|switch|p2a: Maushold|Maushold, L50|30/100\n|turn|4\n|\n|t:|1775979064\n|move|p2a: Maushold|Follow Me|p2a: Maushold\n|-singleturn|p2a: Maushold|move: Follow Me\n|move|p2b: Torkoal|Eruption|p1a: Incineroar|[spread] p1a,p1b\n|-resisted|p1a: Incineroar|1\n|-supereffective|p1b: Venusaur|1\n|-damage|p1a: Incineroar|63/100\n|-damage|p1b: Venusaur|0 fnt\n|faint|p1b: Venusaur\n|move|p1a: Incineroar|Flare Blitz|p2a: Maushold\n|-damage|p2a: Maushold|0 fnt\n|faint|p2a: Maushold\n|-damage|p1a: Incineroar|54/100|[from] Recoil\n|\n|-weather|SunnyDay|[upkeep]\n|upkeep\n|inactive|uyguydtys has 30 seconds left.\n|inactive|uyguydtys has 20 seconds left.\n|c|\u2606mandeep390|play fast\n|c|\u2606mandeep390|mf\n|inactive|uyguydtys has 15 seconds left.\n|\n|t:|1775979105\n|switch|p1b: Medicham|Medicham, L50, M, shiny|100/100\n|switch|p2a: Primarina|Primarina, L50, M|100/100\n|turn|5\n|inactive|uyguydtys has 30 seconds left.\n|inactive|uyguydtys has 20 seconds left.\n|inactive|mandeep390 has 30 seconds left.\n|inactive|uyguydtys has 15 seconds left.\n|inactive|uyguydtys has 10 seconds left.\n|\n|t:|1775979154\n|move|p1b: Medicham|Bullet Punch|p2a: Primarina\n|-damage|p2a: Primarina|83/100\n|move|p2b: Torkoal|Eruption|p1a: Incineroar|[spread] p1a,p1b\n|-resisted|p1a: Incineroar|1\n|-damage|p1a: Incineroar|26/100\n|-damage|p1b: Medicham|9/100\n|-enditem|p1a: Incineroar|Sitrus Berry|[eat]\n|-heal|p1a: Incineroar|51/100|[from] item: Sitrus Berry\n|move|p2a: Primarina|Dazzling Gleam|p1b: Medicham|[spread] p1a,p1b\n|-supereffective|p1b: Medicham|1\n|-damage|p1a: Incineroar|29/100\n|-damage|p1b: Medicham|0 fnt\n|faint|p1b: Medicham\n|move|p1a: Incineroar|Parting Shot|p2b: Torkoal\n|-unboost|p2b: Torkoal|atk|1\n|-unboost|p2b: Torkoal|spa|1\n|c|\u2606mandeep390|play fast mf\n|\n|t:|1775979172\n|switch|p1a: Charizard|Charizard, L50, F, shiny|100/100|[from] Parting Shot\n|\n|-weather|SunnyDay|[upkeep]\n|upkeep\n|\n|t:|1775979177\n|switch|p1b: Incineroar|Incineroar, L50, M, shiny|29/100\n|-ability|p1b: Incineroar|Intimidate|boost\n|-unboost|p2a: Primarina|atk|1\n|-unboost|p2b: Torkoal|atk|1\n|turn|6\n|inactive|uyguydtys has 30 seconds left.\n|c|\u2606mandeep390|oo\n|c|\u2606mandeep390|muji\n|\n|t:|1775979211\n|detailschange|p1a: Charizard|Charizard-Mega-Y, L50, F, shiny\n|-mega|p1a: Charizard|Charizard|Charizardite Y\n|move|p1b: Incineroar|Fake Out|p2a: Primarina\n|-damage|p2a: Primarina|71/100\n|move|p2b: Torkoal|Eruption|p1a: Charizard|[spread] p1a,p1b\n|-resisted|p1a: Charizard|1\n|-crit|p1a: Charizard\n|-resisted|p1b: Incineroar|1\n|-damage|p1a: Charizard|36/100\n|-damage|p1b: Incineroar|11/100\n|cant|p2a: Primarina|flinch\n|move|p1a: Charizard|Solar Beam||[still]\n|-prepare|p1a: Charizard|Solar Beam\n|-anim|p1a: Charizard|Solar Beam|p2a: Primarina\n|-supereffective|p2a: Primarina|1\n|-crit|p2a: Primarina\n|-damage|p2a: Primarina|0 fnt\n|faint|p2a: Primarina\n|\n|-weather|SunnyDay|[upkeep]\n|-fieldend|move: Trick Room\n|upkeep\n|turn|7\n|c|\u2606mandeep390|xito khel\n|inactive|mandeep390 has 30 seconds left.\n|inactive|uyguydtys has 30 seconds left.\n|inactive|uyguydtys has 20 seconds left.\n|inactive|uyguydtys has 15 seconds left.\n|c|\u2606mandeep390|play fast\n|inactive|uyguydtys has 10 seconds left.\n|inactive|uyguydtys has 5 seconds left.\n|\n|t:|1775979272\n|move|p1a: Charizard|Weather Ball|p2b: Torkoal\n|-resisted|p2b: Torkoal|1\n|-damage|p2b: Torkoal|29/100\n|move|p1b: Incineroar|Darkest Lariat|p2b: Torkoal\n|-damage|p2b: Torkoal|2/100\n|move|p2b: Torkoal|Heat Wave|p1a: Charizard|[spread] p1a,p1b\n|-resisted|p1a: Charizard|1\n|-resisted|p1b: Incineroar|1\n|-damage|p1a: Charizard|16/100\n|-damage|p1b: Incineroar|0 fnt\n|faint|p1b: Incineroar\n|\n|-weather|none\n|upkeep\n|turn|8\n|c|\u2606mandeep390|muji\n|inactive|uyguydtys has 30 seconds left.\n|inactive|uyguydtys has 20 seconds left.\n|c|\u2606mandeep390|randi ko ban\n|inactive|uyguydtys has 15 seconds left.\n|c|\u2606mandeep390|tero ama ko puti\n|inactive|uyguydtys has 10 seconds left.\n|inactive|uyguydtys has 5 seconds left.\n|c|\u2606mandeep390|kheyl muji\n|\n|t:|1775979337\n|move|p1a: Charizard|Weather Ball|p2b: Torkoal\n|-damage|p2b: Torkoal|0 fnt\n|faint|p2b: Torkoal\n|\n|win|mandeep390\n",
  "uploadtime": 1775979320,
  "views": 10,
  "formatid": "gen9championsvgc2026regma",
  "rating": null,
  "private": 0,
  "password": null
}