{
  "id": "gen9championsvgc2026regma-2582914760",
  "format": "[Gen 9 Champions] VGC 2026 Reg M-A",
  "players": [
    "f1ish",
    "silvermagicianvgc"
  ],
  "log": "|badge|p1|bronze|gen9randombattle|100-9\n|uhtml|medal-msg|<div class=\"broadcast-blue\">Curious what those medals under the avatar are? PS now has Ladder Seasons! For more information, check out the <a href=\"https://www.smogon.com/forums/threads/3740067/\">thread on Smogon.</a></div>\n|j|\u203df1ish\n|j|\u2606silvermagicianvgc\n|t:|1776124581\n|gametype|doubles\n|player|p1|f1ish|266|1361\n|player|p2|silvermagicianvgc|silver|1460\n|gen|9\n|tier|[Gen 9 Champions] VGC 2026 Reg M-A\n|rated|\n|rule|Species Clause: Limit one of each Pok\u00e9mon\n|rule|Item Clause: Limit 1 of each item\n|clearpoke\n|poke|p1|Politoed, L50, F|\n|poke|p1|Primarina, L50, M|\n|poke|p1|Basculegion, L50, M|\n|poke|p1|Incineroar, L50, M|\n|poke|p1|Sinistcha, L50|\n|poke|p1|Gengar, L50, F|\n|poke|p2|Floette-Eternal, L50, F|\n|poke|p2|Garchomp, L50, F|\n|poke|p2|Charizard, L50, M|\n|poke|p2|Incineroar, L50, M|\n|poke|p2|Sneasler, L50, F|\n|poke|p2|Sinistcha, L50|\n|teampreview|4\n|inactive|Battle timer is ON: inactive players will automatically lose when time's up. (requested by f1ish)\n|j| tsetse\n|inactive|f1ish has 60 seconds left.\n|inactive|silvermagicianvgc has 60 seconds left.\n|\n|t:|1776124622\n|teamsize|p1|4\n|teamsize|p2|4\n|start\n|switch|p1a: Gengar|Gengar, L50, F|100/100\n|switch|p1b: Politoed|Politoed, L50, F|100/100\n|switch|p2a: Incineroar|Incineroar, L50, M|100/100\n|switch|p2b: Charizard|Charizard, L50, M|100/100\n|-weather|RainDance|[from] ability: Drizzle|[of] p1b: Politoed\n|-ability|p2a: Incineroar|Intimidate|boost\n|-unboost|p1a: Gengar|atk|1\n|-unboost|p1b: Politoed|atk|1\n|turn|1\n|\n|t:|1776124646\n|switch|p1b: Incineroar|Incineroar, L50, M|100/100\n|-ability|p1b: Incineroar|Intimidate|boost\n|-unboost|p2a: Incineroar|atk|1\n|-unboost|p2b: Charizard|atk|1\n|detailschange|p1a: Gengar|Gengar-Mega, L50, F\n|-mega|p1a: Gengar|Gengar|Gengarite\n|detailschange|p2b: Charizard|Charizard-Mega-Y, L50, M\n|-mega|p2b: Charizard|Charizard|Charizardite Y\n|-weather|SunnyDay|[from] ability: Drought|[of] p2b: Charizard\n|move|p1a: Gengar|Protect|p1a: Gengar\n|-singleturn|p1a: Gengar|Protect\n|move|p2a: Incineroar|Fake Out|p1b: Incineroar\n|-damage|p1b: Incineroar|92/100\n|move|p2b: Charizard|Heat Wave|p1a: Gengar|[spread] p1b\n|-activate|p1a: Gengar|move: Protect\n|-resisted|p1b: Incineroar|1\n|-damage|p1b: Incineroar|65/100\n|\n|-weather|SunnyDay|[upkeep]\n|upkeep\n|turn|2\n|inactive|f1ish has 30 seconds left.\n|inactive|f1ish has 20 seconds left.\n|inactive|f1ish has 15 seconds left.\n|inactive|f1ish has 10 seconds left.\n|\n|t:|1776124693\n|switch|p1a: Politoed|Politoed, L50, F|100/100\n|-weather|RainDance|[from] ability: Drizzle|[of] p1a: Politoed\n|move|p2b: Charizard|Weather Ball|p1a: Politoed\n|-resisted|p1a: Politoed|1\n|-damage|p1a: Politoed|74/100\n|move|p2a: Incineroar|Throat Chop|p1a: Politoed\n|-damage|p1a: Politoed|49/100\n|-start|p1a: Politoed|Throat Chop|[silent]\n|move|p1b: Incineroar|Parting Shot|p2b: Charizard\n|-unboost|p2b: Charizard|atk|1\n|-unboost|p2b: Charizard|spa|1\n|\n|t:|1776124713\n|switch|p1b: Gengar|Gengar-Mega, L50, F|100/100|[from] Parting Shot\n|\n|-weather|RainDance|[upkeep]\n|upkeep\n|turn|3\n|\n|t:|1776124731\n|switch|p1b: Sinistcha|Sinistcha, L50|100/100\n|-heal|p1a: Politoed|74/100|[from] ability: Hospitality|[of] p1b: Sinistcha\n|move|p2b: Charizard|Protect|p2b: Charizard\n|-singleturn|p2b: Charizard|Protect\n|move|p1a: Politoed|Protect|p1a: Politoed\n|-singleturn|p1a: Politoed|Protect\n|move|p2a: Incineroar|Parting Shot|p1a: Politoed\n|-activate|p1a: Politoed|move: Protect\n|\n|-weather|RainDance|[upkeep]\n|-end|p1a: Politoed|Throat Chop|[silent]\n|upkeep\n|turn|4\n|inactive|silvermagicianvgc has 30 seconds left.\n|inactive|f1ish has 30 seconds left.\n|inactive|silvermagicianvgc has 20 seconds left.\n|\n|t:|1776124771\n|switch|p2b: Sinistcha|Sinistcha, L50|100/100\n|move|p1a: Politoed|Perish Song|p1a: Politoed\n|-start|p1a: Politoed|perish3|[silent]\n|-start|p1b: Sinistcha|perish3|[silent]\n|-start|p2a: Incineroar|perish3|[silent]\n|-start|p2b: Sinistcha|perish3|[silent]\n|-fieldactivate|move: Perish Song\n|move|p1b: Sinistcha|Life Dew||[still]|[spread] p1a,p1b\n|-heal|p1a: Politoed|99/100\n|-fail|p1b: Sinistcha|heal\n|move|p2a: Incineroar|Throat Chop|p1b: Sinistcha\n|-supereffective|p1b: Sinistcha|1\n|-enditem|p1b: Sinistcha|Colbur Berry|[eat]\n|-enditem|p1b: Sinistcha|Colbur Berry|[weaken]\n|-damage|p1b: Sinistcha|80/100\n|-start|p1b: Sinistcha|Throat Chop|[silent]\n|\n|-weather|RainDance|[upkeep]\n|-start|p1a: Politoed|perish3\n|-start|p2b: Sinistcha|perish3\n|-start|p1b: Sinistcha|perish3\n|-start|p2a: Incineroar|perish3\n|upkeep\n|turn|5\n|inactive|silvermagicianvgc has 30 seconds left.\n|j| ashujd\n|\n|t:|1776124802\n|switch|p1b: Gengar|Gengar-Mega, L50, F|100/100\n|move|p1a: Politoed|Encore|p2a: Incineroar\n|-start|p2a: Incineroar|Encore\n|move|p2b: Sinistcha|Matcha Gotcha|p1a: Politoed|[spread] p1a,p1b\n|-supereffective|p1a: Politoed|1\n|-resisted|p1b: Gengar|1\n|-damage|p1a: Politoed|62/100\n|-damage|p1b: Gengar|86/100\n|move|p2a: Incineroar|Throat Chop|p1a: Politoed\n|-damage|p1a: Politoed|38/100\n|-start|p1a: Politoed|Throat Chop|[silent]\n|\n|-weather|RainDance|[upkeep]\n|-start|p1a: Politoed|perish2\n|-start|p2b: Sinistcha|perish2\n|-start|p2a: Incineroar|perish2\n|upkeep\n|turn|6\n|inactive|f1ish has 30 seconds left.\n|inactive|silvermagicianvgc has 30 seconds left.\n|\n|t:|1776124834\n|switch|p2b: Charizard|Charizard-Mega-Y, L50, M|100/100\n|-weather|SunnyDay|[from] ability: Drought|[of] p2b: Charizard\n|move|p1a: Politoed|Protect|p1a: Politoed\n|-singleturn|p1a: Politoed|Protect\n|move|p1b: Gengar|Disable|p2a: Incineroar\n|-start|p2a: Incineroar|Disable|Throat Chop\n|cant|p2a: Incineroar|Disable|Throat Chop\n|\n|-weather|SunnyDay|[upkeep]\n|-end|p1a: Politoed|Throat Chop|[silent]\n|-start|p1a: Politoed|perish1\n|-start|p2a: Incineroar|perish1\n|upkeep\n|turn|7\n|\n|t:|1776124856\n|switch|p1a: Incineroar|Incineroar, L50, M|65/100\n|-ability|p1a: Incineroar|Intimidate|boost\n|-unboost|p2a: Incineroar|atk|1\n|-unboost|p2b: Charizard|atk|1\n|move|p1b: Gengar|Protect|p1b: Gengar\n|-singleturn|p1b: Gengar|Protect\n|move|p2b: Charizard|Heat Wave|p1b: Gengar|[spread] p1a\n|-activate|p1b: Gengar|move: Protect\n|-resisted|p1a: Incineroar|1\n|-damage|p1a: Incineroar|43/100\n|-enditem|p1a: Incineroar|Sitrus Berry|[eat]\n|-heal|p1a: Incineroar|68/100|[from] item: Sitrus Berry\n|-activate|p2a: Incineroar|move: Struggle\n|move|p2a: Incineroar|Struggle|p1a: Incineroar\n|-damage|p1a: Incineroar|60/100\n|-damage|p2a: Incineroar|75/100|[from] recoil\n|\n|-weather|SunnyDay|[upkeep]\n|-end|p2a: Incineroar|Encore\n|-start|p2a: Incineroar|perish0\n|faint|p2a: Incineroar\n|upkeep\n|\n|t:|1776124874\n|switch|p2a: Garchomp|Garchomp, L50, F|100/100\n|turn|8\n|inactive|f1ish has 30 seconds left.\n|inactive|silvermagicianvgc has 30 seconds left.\n|inactive|f1ish has 20 seconds left.\n|inactive|f1ish has 15 seconds left.\n|\n|t:|1776124918\n|switch|p1b: Sinistcha|Sinistcha, L50|80/100\n|-heal|p1a: Incineroar|85/100|[from] ability: Hospitality|[of] p1b: Sinistcha\n|switch|p1a: Politoed|Politoed, L50, F|38/100\n|-weather|RainDance|[from] ability: Drizzle|[of] p1a: Politoed\n|move|p2a: Garchomp|Earthquake|p1b: Sinistcha|[spread] p1a,p1b\n|-immune|p2b: Charizard\n|-resisted|p1b: Sinistcha|1\n|-damage|p1a: Politoed|0 fnt\n|-damage|p1b: Sinistcha|63/100\n|faint|p1a: Politoed\n|move|p2b: Charizard|Weather Ball|p1b: Sinistcha\n|-resisted|p1b: Sinistcha|1\n|-damage|p1b: Sinistcha|34/100\n|\n|-weather|RainDance|[upkeep]\n|upkeep\n|\n|t:|1776124921\n|switch|p1a: Incineroar|Incineroar, L50, M|85/100\n|-ability|p1a: Incineroar|Intimidate|boost\n|-unboost|p2a: Garchomp|atk|1\n|-unboost|p2b: Charizard|atk|1\n|turn|9\n|inactive|silvermagicianvgc has 30 seconds left.\n|\n|t:|1776124953\n|switch|p2b: Sinistcha|Sinistcha, L50|100/100\n|move|p1a: Incineroar|Fake Out|p2a: Garchomp\n|-damage|p2a: Garchomp|91/100\n|-damage|p1a: Incineroar|73/100|[from] ability: Rough Skin|[of] p2a: Garchomp\n|cant|p2a: Garchomp|flinch\n|move|p1b: Sinistcha|Life Dew|p1b: Sinistcha|[spread] p1a,p1b\n|-heal|p1a: Incineroar|98/100\n|-heal|p1b: Sinistcha|59/100\n|\n|-weather|RainDance|[upkeep]\n|upkeep\n|turn|10\n|\n|t:|1776124973\n|switch|p2a: Charizard|Charizard-Mega-Y, L50, M|100/100\n|-weather|SunnyDay|[from] ability: Drought|[of] p2a: Charizard\n|move|p1a: Incineroar|Protect|p1a: Incineroar\n|-singleturn|p1a: Incineroar|Protect\n|move|p2b: Sinistcha|Rage Powder|p2b: Sinistcha\n|-singleturn|p2b: Sinistcha|move: Rage Powder\n|move|p1b: Sinistcha|Strength Sap|p2a: Charizard\n|-unboost|p2a: Charizard|atk|1\n|-heal|p1b: Sinistcha|100/100\n|\n|-weather|SunnyDay|[upkeep]\n|upkeep\n|turn|11\n|\n|t:|1776124995\n|move|p1b: Sinistcha|Protect|p1b: Sinistcha\n|-singleturn|p1b: Sinistcha|Protect\n|move|p2b: Sinistcha|Rage Powder|p2b: Sinistcha\n|-singleturn|p2b: Sinistcha|move: Rage Powder\n|move|p2a: Charizard|Heat Wave|p1b: Sinistcha|[spread] p1a\n|-activate|p1b: Sinistcha|move: Protect\n|-resisted|p1a: Incineroar|1\n|-damage|p1a: Incineroar|74/100\n|move|p1a: Incineroar|Snarl|p2b: Sinistcha|[spread] p2a,p2b\n|-supereffective|p2b: Sinistcha|1\n|-damage|p2a: Charizard|87/100\n|-damage|p2b: Sinistcha|79/100\n|-unboost|p2a: Charizard|spa|1\n|-unboost|p2b: Sinistcha|spa|1\n|\n|-weather|SunnyDay|[upkeep]\n|-heal|p2b: Sinistcha|85/100|[from] item: Leftovers\n|upkeep\n|turn|12\n|\n|t:|1776125017\n|switch|p2b: Garchomp|Garchomp, L50, F|91/100\n|move|p2a: Charizard|Heat Wave|p1a: Incineroar|[spread] p1a,p1b\n|-resisted|p1a: Incineroar|1\n|-supereffective|p1b: Sinistcha|1\n|-damage|p1a: Incineroar|59/100\n|-damage|p1b: Sinistcha|9/100\n|-status|p1b: Sinistcha|brn\n|move|p1b: Sinistcha|Life Dew|p1b: Sinistcha|[spread] p1a,p1b\n|-heal|p1a: Incineroar|84/100\n|-heal|p1b: Sinistcha|35/100 brn\n|move|p1a: Incineroar|Snarl|p2b: Garchomp|[spread] p2a,p2b\n|-damage|p2a: Charizard|73/100\n|-damage|p2b: Garchomp|78/100\n|-unboost|p2a: Charizard|spa|1\n|-unboost|p2b: Garchomp|spa|1\n|\n|-weather|SunnyDay|[upkeep]\n|-damage|p1b: Sinistcha|29/100 brn|[from] brn\n|upkeep\n|turn|13\n|\n|t:|1776125042\n|switch|p2a: Sinistcha|Sinistcha, L50|85/100\n|-heal|p2b: Garchomp|100/100|[from] ability: Hospitality|[of] p2a: Sinistcha\n|move|p2b: Garchomp|Stomping Tantrum|p1a: Incineroar\n|-supereffective|p1a: Incineroar|1\n|-damage|p1a: Incineroar|0 fnt\n|faint|p1a: Incineroar\n|move|p1b: Sinistcha|Strength Sap|p2b: Garchomp\n|-unboost|p2b: Garchomp|atk|1\n|-heal|p1b: Sinistcha|100/100 brn\n|\n|-weather|SunnyDay|[upkeep]\n|-heal|p2a: Sinistcha|91/100|[from] item: Leftovers\n|-damage|p1b: Sinistcha|94/100 brn|[from] brn\n|upkeep\n|\n|t:|1776125047\n|switch|p1a: Gengar|Gengar-Mega, L50, F|86/100\n|turn|14\n|\n|t:|1776125067\n|move|p1b: Sinistcha|Rage Powder|p1b: Sinistcha\n|-singleturn|p1b: Sinistcha|move: Rage Powder\n|move|p2b: Garchomp|Stomping Tantrum|p1b: Sinistcha\n|-resisted|p1b: Sinistcha|1\n|-damage|p1b: Sinistcha|83/100 brn\n|move|p1a: Gengar|Disable|p2b: Garchomp\n|-start|p2b: Garchomp|Disable|Stomping Tantrum\n|move|p2a: Sinistcha|Matcha Gotcha|p1a: Gengar|[spread] p1a,p1b\n|-resisted|p1a: Gengar|1\n|-resisted|p1b: Sinistcha|1\n|-damage|p1a: Gengar|74/100\n|-heal|p2a: Sinistcha|98/100|[from] drain|[of] p1a: Gengar\n|-damage|p1b: Sinistcha|71/100 brn\n|-heal|p2a: Sinistcha|100/100|[from] drain|[of] p1b: Sinistcha\n|\n|-weather|none\n|-damage|p1b: Sinistcha|65/100 brn|[from] brn\n|upkeep\n|turn|15\n|inactive|f1ish has 30 seconds left.\n|inactive|silvermagicianvgc has 30 seconds left.\n|inactive|f1ish has 20 seconds left.\n|inactive|f1ish has 15 seconds left.\n|inactive|silvermagicianvgc has 20 seconds left.\n|\n|t:|1776125116\n|switch|p2a: Charizard|Charizard-Mega-Y, L50, M|73/100\n|-weather|SunnyDay|[from] ability: Drought|[of] p2a: Charizard\n|-activate|p2b: Garchomp|move: Struggle\n|move|p2b: Garchomp|Struggle|p1b: Sinistcha\n|-damage|p1b: Sinistcha|54/100 brn\n|-damage|p2b: Garchomp|76/100|[from] recoil\n|move|p1a: Gengar|Shadow Ball|p2a: Charizard\n|-damage|p2a: Charizard|27/100\n|move|p1b: Sinistcha|Life Dew|p1b: Sinistcha|[spread] p1a,p1b\n|-heal|p1a: Gengar|99/100\n|-heal|p1b: Sinistcha|80/100 brn\n|\n|-weather|SunnyDay|[upkeep]\n|-damage|p1b: Sinistcha|74/100 brn|[from] brn\n|upkeep\n|turn|16\n|inactive|silvermagicianvgc has 30 seconds left.\n|inactive|silvermagicianvgc has 20 seconds left.\n|\n|t:|1776125150\n|move|p2a: Charizard|Protect|p2a: Charizard\n|-singleturn|p2a: Charizard|Protect\n|-activate|p2b: Garchomp|move: Struggle\n|move|p2b: Garchomp|Struggle|p1a: Gengar\n|-damage|p1a: Gengar|81/100\n|-damage|p2b: Garchomp|51/100|[from] recoil\n|move|p1a: Gengar|Shadow Ball|p2a: Charizard\n|-activate|p2a: Charizard|move: Protect\n|move|p1b: Sinistcha|Life Dew|p1b: Sinistcha|[spread] p1a,p1b\n|-heal|p1a: Gengar|100/100\n|-heal|p1b: Sinistcha|99/100 brn\n|\n|-weather|SunnyDay|[upkeep]\n|-damage|p1b: Sinistcha|93/100 brn|[from] brn\n|upkeep\n|turn|17\n|inactive|silvermagicianvgc has 20 seconds left this turn.\n|inactive|silvermagicianvgc has 15 seconds left.\n|inactive|silvermagicianvgc has 10 seconds left.\n|inactive|silvermagicianvgc has 5 seconds left.\n|\n|t:|1776125172\n|-activate|p2b: Garchomp|move: Struggle\n|move|p2b: Garchomp|Struggle|p1a: Gengar\n|-damage|p1a: Gengar|83/100\n|-damage|p2b: Garchomp|26/100|[from] recoil\n|move|p1a: Gengar|Shadow Ball|p2a: Charizard\n|-damage|p2a: Charizard|0 fnt\n|faint|p2a: Charizard\n|move|p1b: Sinistcha|Strength Sap|p2b: Garchomp\n|-unboost|p2b: Garchomp|atk|1\n|-heal|p1b: Sinistcha|100/100 brn\n|\n|-weather|SunnyDay|[upkeep]\n|-damage|p1b: Sinistcha|94/100 brn|[from] brn\n|upkeep\n|inactive|silvermagicianvgc has 5 seconds left this turn.\n|-message|silvermagicianvgc lost due to inactivity.\n|\n|win|f1ish\n|raw|f1ish's rating: 1361 &rarr; <strong>1387</strong><br />(+26 for winning)\n|raw|silvermagicianvgc's rating: 1460 &rarr; <strong>1434</strong><br />(-26 for losing)\n|l|\u2606silvermagicianvgc\n|player|p2|\n|l|\u203df1ish\n|player|p1|\n",
  "uploadtime": 1776125202,
  "views": 26,
  "formatid": "gen9championsvgc2026regma",
  "rating": 1387,
  "private": 0,
  "password": null
}