{
  "id": "gen9championsvgc2026regma-2582831299",
  "format": "[Gen 9 Champions] VGC 2026 Reg M-A",
  "players": [
    "Szilvercoco1",
    "DavidTIS"
  ],
  "log": "|j|\u2606Szilvercoco1\n|j|\u2606DavidTIS\n|t:|1776117457\n|gametype|doubles\n|player|p1|Szilvercoco1|170|1115\n|player|p2|DavidTIS|265|1101\n|gen|9\n|tier|[Gen 9 Champions] VGC 2026 Reg M-A\n|rated|\n|rule|Species Clause: Limit one of each Pok\u00e9mon\n|rule|Item Clause: Limit 1 of each item\n|clearpoke\n|poke|p1|Pelipper, L50, M|\n|poke|p1|Starmie, L50|\n|poke|p1|Archaludon, L50, F|\n|poke|p1|Sinistcha, L50|\n|poke|p1|Sneasler, L50, M|\n|poke|p1|Aerodactyl, L50, F|\n|poke|p2|Starmie, L50|\n|poke|p2|Lucario, L50, F|\n|poke|p2|Lycanroc-Dusk, L50, F|\n|poke|p2|Hydreigon, L50, F|\n|poke|p2|Slowbro-Galar, L50, M|\n|poke|p2|Charizard, L50, M|\n|teampreview|4\n|inactive|Battle timer is ON: inactive players will automatically lose when time's up. (requested by DavidTIS)\n|\n|t:|1776117548\n|teamsize|p1|4\n|teamsize|p2|4\n|start\n|switch|p1a: Sneasler|Sneasler, L50, M|100/100\n|switch|p1b: Aerodactyl|Aerodactyl, L50, F|100/100\n|switch|p2a: Starmie|Starmie, L50|100/100\n|switch|p2b: Hydreigon|Hydreigon, L50, F|100/100\n|turn|1\n|inactive|Szilvercoco1 has 30 seconds left.\n|\n|t:|1776117576\n|detailschange|p1b: Aerodactyl|Aerodactyl-Mega, L50, F\n|-mega|p1b: Aerodactyl|Aerodactyl|Aerodactylite\n|move|p2a: Starmie|Protect|p2a: Starmie\n|-singleturn|p2a: Starmie|Protect\n|move|p1a: Sneasler|Fake Out|p2a: Starmie\n|-activate|p2a: Starmie|move: Protect\n|move|p1b: Aerodactyl|Rock Slide|p2b: Hydreigon|[spread] p2b\n|-activate|p2a: Starmie|move: Protect\n|-damage|p2b: Hydreigon|66/100\n|cant|p2b: Hydreigon|flinch\n|\n|upkeep\n|turn|2\n|\n|t:|1776117600\n|switch|p1b: Archaludon|Archaludon, L50, F|100/100\n|detailschange|p2a: Starmie|Starmie-Mega, L50\n|-mega|p2a: Starmie|Starmie|Starminite\n|move|p1a: Sneasler|Close Combat|p2b: Hydreigon\n|-supereffective|p2b: Hydreigon|1\n|-damage|p2b: Hydreigon|0 fnt\n|-unboost|p1a: Sneasler|def|1\n|-unboost|p1a: Sneasler|spd|1\n|faint|p2b: Hydreigon\n|-enditem|p1a: Sneasler|White Herb\n|-clearnegativeboost|p1a: Sneasler|[silent]\n|move|p2a: Starmie|Liquidation|p1b: Archaludon\n|-resisted|p1b: Archaludon|1\n|-damage|p1b: Archaludon|75/100\n|-ability|p1b: Archaludon|Stamina|boost\n|-boost|p1b: Archaludon|def|1\n|\n|upkeep\n|\n|t:|1776117609\n|switch|p2b: Lucario|Lucario, L50, F|100/100\n|turn|3\n|inactive|Szilvercoco1 has 30 seconds left.\n|\n|t:|1776117640\n|move|p1b: Archaludon|Protect|p1b: Archaludon\n|-singleturn|p1b: Archaludon|Protect\n|move|p1a: Sneasler|Close Combat|p2b: Lucario\n|-supereffective|p2b: Lucario|1\n|-damage|p2b: Lucario|0 fnt\n|-unboost|p1a: Sneasler|def|1\n|-unboost|p1a: Sneasler|spd|1\n|faint|p2b: Lucario\n|move|p2a: Starmie|Psycho Cut|p1a: Sneasler\n|-supereffective|p1a: Sneasler|2\n|-damage|p1a: Sneasler|0 fnt\n|faint|p1a: Sneasler\n|\n|upkeep\n|\n|t:|1776117652\n|switch|p1a: Aerodactyl|Aerodactyl-Mega, L50, F|100/100\n|switch|p2b: Lycanroc|Lycanroc-Dusk, L50, F|100/100\n|turn|4\n|\n|t:|1776117674\n|move|p1a: Aerodactyl|Dual Wingbeat|p2a: Starmie\n|-damage|p2a: Starmie|60/100\n|-damage|p2a: Starmie|14/100\n|-hitcount|p2a: Starmie|2\n|move|p2a: Starmie|Liquidation|p1a: Aerodactyl\n|-supereffective|p1a: Aerodactyl|1\n|-damage|p1a: Aerodactyl|0 fnt\n|faint|p1a: Aerodactyl\n|move|p2b: Lycanroc|Close Combat|p1b: Archaludon\n|-supereffective|p1b: Archaludon|1\n|-enditem|p1b: Archaludon|Chople Berry|[eat]\n|-enditem|p1b: Archaludon|Chople Berry|[weaken]\n|-damage|p1b: Archaludon|48/100\n|-unboost|p2b: Lycanroc|def|1\n|-unboost|p2b: Lycanroc|spd|1\n|-ability|p1b: Archaludon|Stamina|boost\n|-boost|p1b: Archaludon|def|1\n|move|p1b: Archaludon|Flash Cannon|p2b: Lycanroc\n|-supereffective|p2b: Lycanroc|1\n|-enditem|p2b: Lycanroc|Focus Sash\n|-damage|p2b: Lycanroc|1/100\n|\n|upkeep\n|\n|t:|1776117678\n|switch|p1a: Pelipper|Pelipper, L50, M|100/100\n|-weather|RainDance|[from] ability: Drizzle|[of] p1a: Pelipper\n|turn|5\n|\n|t:|1776117698\n|move|p1b: Archaludon|Protect|p1b: Archaludon\n|-singleturn|p1b: Archaludon|Protect\n|move|p1a: Pelipper|Icy Wind|p2b: Lycanroc|[spread] p2a,p2b\n|-resisted|p2a: Starmie|1\n|-damage|p2a: Starmie|8/100\n|-damage|p2b: Lycanroc|0 fnt\n|-unboost|p2a: Starmie|spe|1\n|faint|p2b: Lycanroc\n|move|p2a: Starmie|Ice Spinner|p1a: Pelipper\n|-damage|p1a: Pelipper|47/100\n|\n|-weather|RainDance|[upkeep]\n|upkeep\n|turn|6\n|\n|t:|1776117712\n|move|p1a: Pelipper|Icy Wind|p2a: Starmie\n|-resisted|p2a: Starmie|1\n|-damage|p2a: Starmie|0 fnt\n|faint|p2a: Starmie\n|\n|win|Szilvercoco1\n|raw|Szilvercoco1's rating: 1115 &rarr; <strong>1139</strong><br />(+24 for winning)\n|raw|DavidTIS's rating: 1101 &rarr; <strong>1077</strong><br />(-24 for losing)\n",
  "uploadtime": 1776117716,
  "views": 38,
  "formatid": "gen9championsvgc2026regma",
  "rating": 1077,
  "private": 0,
  "password": null
}