{
  "id": "gen9championsvgc2026regma-2584530060",
  "format": "[Gen 9 Champions] VGC 2026 Reg M-A",
  "players": [
    "oxPAX0300",
    "Izumi Rio"
  ],
  "log": "|j|\u2606oxPAX0300\n|j|\u2606Izumi Rio\n|t:|1776266875\n|gametype|doubles\n|player|p1|oxPAX0300|medium|1003\n|player|p2|Izumi Rio|dawn|1063\n|gen|9\n|tier|[Gen 9 Champions] VGC 2026 Reg M-A\n|rated|\n|rule|Species Clause: Limit one of each Pok\u00e9mon\n|rule|Item Clause: Limit 1 of each item\n|clearpoke\n|poke|p1|Rotom-Heat, L50|\n|poke|p1|Talonflame, L50, M|\n|poke|p1|Milotic, L50, F|\n|poke|p1|Trevenant, L50, M|\n|poke|p1|Hydreigon, L50, M|\n|poke|p1|Glimmora, L50, F|\n|poke|p2|Pelipper, L50, F|\n|poke|p2|Garchomp, L50, M|\n|poke|p2|Archaludon, L50, F|\n|poke|p2|Sneasler, L50, M|\n|poke|p2|Meganium, L50, M|\n|poke|p2|Kingambit, L50, M|\n|teampreview|4\n|\n|t:|1776266909\n|teamsize|p1|4\n|teamsize|p2|4\n|start\n|switch|p1a: Hydreigon|Hydreigon, L50, M|100/100\n|switch|p1b: Rotom|Rotom-Heat, L50|100/100\n|switch|p2a: Pelipper|Pelipper, L50, F|100/100\n|switch|p2b: Garchomp|Garchomp, L50, M|100/100\n|-weather|RainDance|[from] ability: Drizzle|[of] p2a: Pelipper\n|turn|1\n|\n|t:|1776266933\n|switch|p1a: Milotic|Milotic, L50, F|100/100\n|move|p2b: Garchomp|Dragon Claw|p1a: Milotic\n|-damage|p1a: Milotic|70/100\n|move|p1b: Rotom|Will-O-Wisp|p2b: Garchomp\n|-status|p2b: Garchomp|brn\n|move|p2a: Pelipper|Weather Ball|p1b: Rotom\n|-supereffective|p1b: Rotom|1\n|-enditem|p1b: Rotom|Focus Sash\n|-damage|p1b: Rotom|1/100\n|\n|-weather|RainDance|[upkeep]\n|-damage|p2b: Garchomp|95/100 brn|[from] brn\n|upkeep\n|turn|2\n|\n|t:|1776266954\n|move|p1b: Rotom|Protect|p1b: Rotom\n|-singleturn|p1b: Rotom|Protect\n|move|p2b: Garchomp|Rock Slide|p1b: Rotom|[spread] p1a\n|-activate|p1b: Rotom|move: Protect\n|-damage|p1a: Milotic|63/100\n|move|p2a: Pelipper|Tailwind|p2a: Pelipper\n|-sidestart|p2: Izumi Rio|move: Tailwind\n|cant|p1a: Milotic|flinch\n|\n|-weather|RainDance|[upkeep]\n|-damage|p2b: Garchomp|89/100 brn|[from] brn\n|upkeep\n|turn|3\n|\n|t:|1776266975\n|switch|p1b: Hydreigon|Hydreigon, L50, M|100/100\n|move|p2b: Garchomp|Rock Slide|p1b: Hydreigon|[spread] p1a,p1b\n|-damage|p1a: Milotic|56/100\n|-damage|p1b: Hydreigon|90/100\n|move|p2a: Pelipper|Hurricane|p1a: Milotic\n|-damage|p1a: Milotic|21/100\n|-start|p1a: Milotic|confusion\n|-activate|p1a: Milotic|confusion\n|move|p1a: Milotic|Ice Beam|p2b: Garchomp\n|-supereffective|p2b: Garchomp|2\n|-enditem|p2b: Garchomp|Yache Berry|[eat]\n|-enditem|p2b: Garchomp|Yache Berry|[weaken]\n|-damage|p2b: Garchomp|44/100 brn\n|\n|-weather|RainDance|[upkeep]\n|-heal|p1b: Hydreigon|96/100|[from] item: Leftovers\n|-damage|p2b: Garchomp|38/100 brn|[from] brn\n|upkeep\n|turn|4\n|\n|t:|1776267011\n|switch|p1a: Glimmora|Glimmora, L50, F|100/100\n|move|p2b: Garchomp|Dragon Claw|p1b: Hydreigon\n|-supereffective|p1b: Hydreigon|1\n|-damage|p1b: Hydreigon|51/100\n|move|p2a: Pelipper|Hurricane|p1a: Glimmora\n|-resisted|p1a: Glimmora|1\n|-damage|p1a: Glimmora|75/100\n|move|p1b: Hydreigon|Tailwind|p1b: Hydreigon\n|-sidestart|p1: oxPAX0300|move: Tailwind\n|\n|-weather|RainDance|[upkeep]\n|-heal|p1b: Hydreigon|57/100|[from] item: Leftovers\n|-damage|p2b: Garchomp|32/100 brn|[from] brn\n|upkeep\n|turn|5\n|\n|t:|1776267044\n|move|p1a: Glimmora|Spiky Shield|p1a: Glimmora\n|-singleturn|p1a: Glimmora|move: Protect\n|move|p2b: Garchomp|Earthquake|p1a: Glimmora|[spread] \n|-activate|p1a: Glimmora|move: Protect\n|-immune|p2a: Pelipper\n|-immune|p1b: Hydreigon|[from] ability: Levitate\n|move|p1b: Hydreigon|Draco Meteor|p2a: Pelipper\n|-enditem|p2a: Pelipper|Focus Sash\n|-damage|p2a: Pelipper|1/100\n|-unboost|p1b: Hydreigon|spa|2\n|move|p2a: Pelipper|Weather Ball|p1a: Glimmora\n|-activate|p1a: Glimmora|move: Protect\n|\n|-weather|none\n|-heal|p1b: Hydreigon|63/100|[from] item: Leftovers\n|-damage|p2b: Garchomp|26/100 brn|[from] brn\n|-sideend|p2: Izumi Rio|move: Tailwind\n|upkeep\n|turn|6\n|\n|t:|1776267098\n|detailschange|p1a: Glimmora|Glimmora-Mega, L50, F\n|-mega|p1a: Glimmora|Glimmora|Glimmoranite\n|move|p2a: Pelipper|Wide Guard|p2a: Pelipper\n|-singleturn|p2a: Pelipper|Wide Guard\n|move|p1a: Glimmora|Dazzling Gleam|p2b: Garchomp|[spread] \n|-activate|p2a: Pelipper|move: Wide Guard\n|-activate|p2b: Garchomp|move: Wide Guard\n|move|p1b: Hydreigon|Nasty Plot|p1b: Hydreigon\n|-boost|p1b: Hydreigon|spa|2\n|move|p2b: Garchomp|Dragon Claw|p1b: Hydreigon\n|-supereffective|p1b: Hydreigon|1\n|-damage|p1b: Hydreigon|10/100\n|\n|-heal|p1b: Hydreigon|16/100|[from] item: Leftovers\n|-damage|p2b: Garchomp|20/100 brn|[from] brn\n|upkeep\n|turn|7\n|\n|t:|1776267120\n|move|p1a: Glimmora|Spiky Shield|p1a: Glimmora\n|-singleturn|p1a: Glimmora|move: Protect\n|move|p2a: Pelipper|Wide Guard|p2a: Pelipper\n|-singleturn|p2a: Pelipper|Wide Guard\n|move|p1b: Hydreigon|Dark Pulse|p2a: Pelipper\n|-damage|p2a: Pelipper|0 fnt\n|faint|p2a: Pelipper\n|move|p2b: Garchomp|Dragon Claw|p1b: Hydreigon\n|-supereffective|p1b: Hydreigon|1\n|-damage|p1b: Hydreigon|0 fnt\n|faint|p1b: Hydreigon\n|\n|-damage|p2b: Garchomp|15/100 brn|[from] brn\n|-sideend|p1: oxPAX0300|move: Tailwind\n|upkeep\n|\n|t:|1776267135\n|switch|p1b: Rotom|Rotom-Heat, L50|1/100\n|switch|p2a: Kingambit|Kingambit, L50, M|100/100\n|-activate|p2a: Kingambit|ability: Supreme Overlord\n|-start|p2a: Kingambit|fallen1|[silent]\n|turn|8\n|\n|t:|1776267157\n|move|p1b: Rotom|Protect|p1b: Rotom\n|-singleturn|p1b: Rotom|Protect\n|move|p2a: Kingambit|Sucker Punch|p1a: Glimmora\n|-damage|p1a: Glimmora|33/100\n|move|p2b: Garchomp|Rock Slide|p1a: Glimmora|[spread] p1a\n|-activate|p1b: Rotom|move: Protect\n|-damage|p1a: Glimmora|24/100\n|move|p1a: Glimmora|Dazzling Gleam|p2a: Kingambit|[spread] p2a,p2b\n|-supereffective|p2b: Garchomp|1\n|-damage|p2a: Kingambit|82/100\n|-damage|p2b: Garchomp|0 fnt\n|faint|p2b: Garchomp\n|\n|upkeep\n|\n|t:|1776267170\n|switch|p2b: Meganium|Meganium, L50, M|100/100\n|turn|9\n|\n|t:|1776267180\n|detailschange|p2b: Meganium|Meganium-Mega, L50, M\n|-mega|p2b: Meganium|Meganium|Meganiumite\n|move|p2a: Kingambit|Sucker Punch|p1b: Rotom\n|-damage|p1b: Rotom|0 fnt\n|faint|p1b: Rotom\n|move|p1a: Glimmora|Sludge Bomb|p2b: Meganium\n|-supereffective|p2b: Meganium|2\n|-damage|p2b: Meganium|0 fnt\n|faint|p2b: Meganium\n|\n|upkeep\n|\n|t:|1776267187\n|switch|p1b: Milotic|Milotic, L50, F|21/100\n|turn|10\n|\n|t:|1776267196\n|move|p1a: Glimmora|Spiky Shield|p1a: Glimmora\n|-singleturn|p1a: Glimmora|move: Protect\n|move|p1b: Milotic|Scald|p2a: Kingambit\n|-damage|p2a: Kingambit|57/100\n|move|p2a: Kingambit|Iron Head|p1a: Glimmora\n|-activate|p1a: Glimmora|move: Protect\n|-damage|p2a: Kingambit|45/100|[from] Spiky Shield|[of] p1a: Glimmora\n|\n|upkeep\n|turn|11\n|\n|t:|1776267228\n|move|p2a: Kingambit|Sucker Punch|p1a: Glimmora\n|-damage|p1a: Glimmora|0 fnt\n|faint|p1a: Glimmora\n|move|p1b: Milotic|Scald|p2a: Kingambit\n|-damage|p2a: Kingambit|19/100\n|-status|p2a: Kingambit|brn\n|-enditem|p2a: Kingambit|Lum Berry|[eat]\n|-curestatus|p2a: Kingambit|brn|[msg]\n|\n|upkeep\n|turn|12\n|\n|t:|1776267242\n|move|p2a: Kingambit|Sucker Punch|p1b: Milotic\n|-damage|p1b: Milotic|0 fnt\n|faint|p1b: Milotic\n|\n|win|Izumi Rio\n|raw|oxPAX0300's rating: 1003 &rarr; <strong>1000</strong><br />(-3 for losing)\n|raw|Izumi Rio's rating: 1063 &rarr; <strong>1088</strong><br />(+25 for winning)\n|l|\u2606oxPAX0300\n|player|p1|\n|l|\u2606Izumi Rio\n|player|p2|\n|j|\u2606Izumi Rio\n|player|p2|Izumi Rio|dawn|\n",
  "uploadtime": 1776267284,
  "views": 61,
  "formatid": "gen9championsvgc2026regma",
  "rating": 1000,
  "private": 0,
  "password": null
}