{
  "id": "gen9championsvgc2026regma-2588177332",
  "format": "[Gen 9 Champions] VGC 2026 Reg M-A",
  "players": [
    "TimeforCHILLI",
    "Giggster"
  ],
  "log": "|j|\u2606TimeforCHILLI\n|j|\u2606Giggster\n|t:|1776611773\n|gametype|doubles\n|player|p1|TimeforCHILLI|caitlin|1092\n|player|p2|Giggster|steven|1061\n|gen|9\n|tier|[Gen 9 Champions] VGC 2026 Reg M-A\n|rated|\n|rule|Species Clause: Limit one of each Pok\u00e9mon\n|rule|Item Clause: Limit 1 of each item\n|clearpoke\n|poke|p1|Toxapex, L50, M|\n|poke|p1|Clefable, L50, M|\n|poke|p1|Scovillain, L50, F|\n|poke|p1|Glimmora, L50, F|\n|poke|p1|Mimikyu, L50, F|\n|poke|p1|Kingambit, L50, M|\n|poke|p2|Gengar, L50, M|\n|poke|p2|Sinistcha, L50|\n|poke|p2|Clefable, L50, F|\n|poke|p2|Sneasler, L50, F|\n|poke|p2|Aerodactyl, L50, M|\n|poke|p2|Alakazam, L50, M|\n|teampreview|4\nGiggster has agreed to open team sheets.\n|inactive|Battle timer is ON: inactive players will automatically lose when time's up. (requested by Giggster)\n|\n|t:|1776611826\n|teamsize|p1|4\n|teamsize|p2|4\n|start\n|switch|p1a: Glimmora|Glimmora, L50, F|100/100\n|switch|p1b: Anonymous M|Mimikyu, L50, F|100/100\n|switch|p2a: Alakazam|Alakazam, L50, M|100/100\n|switch|p2b: Gengar|Gengar, L50, M|100/100\n|turn|1\n|\n|t:|1776611844\n|detailschange|p2b: Gengar|Gengar-Mega, L50, M\n|-mega|p2b: Gengar|Gengar|Gengarite\n|move|p1a: Glimmora|Spiky Shield|p1a: Glimmora\n|-singleturn|p1a: Glimmora|move: Protect\n|move|p2a: Alakazam|Ally Switch|p2a: Alakazam\n|swap|p2a: Alakazam|1|[from] move: Ally Switch\n|move|p2a: Gengar|Perish Song|p2a: Gengar\n|-start|p1a: Glimmora|perish3|[silent]\n|-start|p1b: Anonymous M|perish3|[silent]\n|-start|p2a: Gengar|perish3|[silent]\n|-start|p2b: Alakazam|perish3|[silent]\n|-fieldactivate|move: Perish Song\n|move|p1b: Anonymous M|Trick Room|p1b: Anonymous M\n|-fieldstart|move: Trick Room|[of] p1b: Anonymous M\n|\n|-start|p1b: Anonymous M|perish3\n|-start|p1a: Glimmora|perish3\n|-start|p2b: Alakazam|perish3\n|-start|p2a: Gengar|perish3\n|upkeep\n|turn|2\n|inactive|TimeforCHILLI has 30 seconds left.\n|\n|t:|1776611877\n|move|p2b: Alakazam|Protect|p2b: Alakazam\n|-singleturn|p2b: Alakazam|Protect\n|move|p2a: Gengar|Protect|p2a: Gengar\n|-singleturn|p2a: Gengar|Protect\n|move|p1b: Anonymous M|Swords Dance|p1b: Anonymous M\n|-boost|p1b: Anonymous M|atk|2\n|move|p1a: Glimmora|Mortal Spin|p2a: Gengar|[spread] \n|-activate|p2a: Gengar|move: Protect\n|-activate|p2b: Alakazam|move: Protect\n|\n|-start|p1b: Anonymous M|perish2\n|-start|p1a: Glimmora|perish2\n|-start|p2b: Alakazam|perish2\n|-start|p2a: Gengar|perish2\n|upkeep\n|turn|3\n|\n|t:|1776611901\n|move|p2b: Alakazam|Ally Switch|p2b: Alakazam\n|swap|p2b: Alakazam|0|[from] move: Ally Switch\n|move|p1b: Anonymous M|Shadow Sneak|p2a: Alakazam\n|-supereffective|p2a: Alakazam|1\n|-enditem|p2a: Alakazam|Focus Sash\n|-damage|p2a: Alakazam|1/100\n|move|p1a: Glimmora|Mortal Spin|p2b: Gengar|[spread] p2a,p2b\n|-resisted|p2b: Gengar|2\n|-damage|p2a: Alakazam|0 fnt\n|-damage|p2b: Gengar|99/100\n|faint|p2a: Alakazam\n|move|p2b: Gengar|Shadow Ball|p1b: Anonymous M\n|-activate|p1b: Anonymous M|ability: Disguise\n|-damage|p1b: Anonymous M|100/100\n|-unboost|p1b: Anonymous M|spd|1\n|detailschange|p1b: Anonymous M|Mimikyu-Busted, L50, F\n|-damage|p1b: Anonymous M|88/100|[from] pokemon: Mimikyu-Busted\n|\n|-start|p1b: Anonymous M|perish1\n|-start|p1a: Glimmora|perish1\n|-start|p2b: Gengar|perish1\n|upkeep\n|\n|t:|1776611920\n|switch|p2a: Aerodactyl|Aerodactyl, L50, M|100/100\n|turn|4\n|\n|t:|1776611932\n|switch|p1b: Scovillain|Scovillain, L50, F|100/100\n|move|p2a: Aerodactyl|Protect|p2a: Aerodactyl\n|-singleturn|p2a: Aerodactyl|Protect\n|move|p2b: Gengar|Protect|p2b: Gengar\n|-singleturn|p2b: Gengar|Protect\n|move|p1a: Glimmora|Power Gem|p2a: Aerodactyl\n|-activate|p2a: Aerodactyl|move: Protect\n|\n|-start|p1a: Glimmora|perish0\n|-start|p2b: Gengar|perish0\n|faint|p1a: Glimmora\n|faint|p2b: Gengar\n|-ability|p1b: Scovillain|Moody|boost\n|-boost|p1b: Scovillain|def|2\n|-unboost|p1b: Scovillain|atk|1\n|upkeep\n|\n|t:|1776611957\n|switch|p1a: Toxapex|Toxapex, L50, M|100/100\n|switch|p2b: Sneasler|Sneasler, L50, F|100/100\n|turn|5\n|\n|t:|1776611973\n|detailschange|p1b: Scovillain|Scovillain-Mega, L50, F\n|-mega|p1b: Scovillain|Scovillain|Scovillainite\n|move|p2b: Sneasler|Fake Out|p1a: Toxapex\n|-damage|p1a: Toxapex|88/100\n|move|p1b: Scovillain|Rage Powder|p1b: Scovillain\n|-singleturn|p1b: Scovillain|move: Rage Powder\n|cant|p1a: Toxapex|flinch\n|move|p2a: Aerodactyl|Rock Slide|p1a: Toxapex|[spread] p1a,p1b\n|-supereffective|p1b: Scovillain|1\n|-damage|p1a: Toxapex|67/100\n|-damage|p1b: Scovillain|73/100\n|-status|p2a: Aerodactyl|brn|[from] ability: Spicy Spray|[of] p1b: Scovillain\n|\n|-heal|p1a: Toxapex|73/100|[from] item: Leftovers\n|-damage|p2a: Aerodactyl|95/100 brn|[from] brn\n|-fieldend|move: Trick Room\n|upkeep\n|turn|6\n|inactive|TimeforCHILLI has 30 seconds left.\n|\n|t:|1776612001\n|move|p1a: Toxapex|Baneful Bunker|p1a: Toxapex\n|-singleturn|p1a: Toxapex|move: Protect\n|move|p2a: Aerodactyl|Tailwind|p2a: Aerodactyl\n|-sidestart|p2: Giggster|move: Tailwind\n|move|p2b: Sneasler|Dire Claw|p1b: Scovillain\n|-supereffective|p1b: Scovillain|1\n|-damage|p1b: Scovillain|23/100\n|-status|p2b: Sneasler|brn|[from] ability: Spicy Spray|[of] p1b: Scovillain\n|move|p1b: Scovillain|Leech Seed|p2b: Sneasler\n|-start|p2b: Sneasler|move: Leech Seed\n|\n|-heal|p1a: Toxapex|79/100|[from] item: Leftovers\n|-damage|p2b: Sneasler|88/100 brn|[from] Leech Seed|[of] p1b: Scovillain\n|-heal|p1b: Scovillain|34/100|[silent]\n|-damage|p2a: Aerodactyl|89/100 brn|[from] brn\n|-damage|p2b: Sneasler|82/100 brn|[from] brn\n|upkeep\n|turn|7\n|inactive|TimeforCHILLI has 30 seconds left.\n|\n|t:|1776612027\n|move|p1b: Scovillain|Protect|p1b: Scovillain\n|-singleturn|p1b: Scovillain|Protect\n|move|p2a: Aerodactyl|Dual Wingbeat|p1b: Scovillain\n|-activate|p1b: Scovillain|move: Protect\n|move|p2b: Sneasler|Rock Slide|p1a: Toxapex|[spread] p1a\n|-activate|p1b: Scovillain|move: Protect\n|-damage|p1a: Toxapex|70/100\n|move|p1a: Toxapex|Liquidation|p2a: Aerodactyl\n|-supereffective|p2a: Aerodactyl|1\n|-damage|p2a: Aerodactyl|18/100 brn\n|\n|-heal|p1a: Toxapex|76/100|[from] item: Leftovers\n|-damage|p2b: Sneasler|70/100 brn|[from] Leech Seed|[of] p1b: Scovillain\n|-heal|p1b: Scovillain|45/100|[silent]\n|-damage|p2a: Aerodactyl|12/100 brn|[from] brn\n|-damage|p2b: Sneasler|64/100 brn|[from] brn\n|upkeep\n|turn|8\n|inactive|TimeforCHILLI has 30 seconds left.\n|inactive|TimeforCHILLI has 20 seconds left.\n|inactive|TimeforCHILLI has 15 seconds left.\n|\n|t:|1776612071\n|move|p2a: Aerodactyl|Rock Slide|p1a: Toxapex|[spread] p1a,p1b\n|-crit|p1a: Toxapex\n|-supereffective|p1b: Scovillain|1\n|-damage|p1a: Toxapex|60/100\n|-damage|p1b: Scovillain|29/100\n|move|p2b: Sneasler|Dire Claw|p1b: Scovillain\n|-supereffective|p1b: Scovillain|1\n|-damage|p1b: Scovillain|4/100\n|move|p1b: Scovillain|Flamethrower|p2a: Aerodactyl\n|-resisted|p2a: Aerodactyl|1\n|-damage|p2a: Aerodactyl|0 fnt\n|faint|p2a: Aerodactyl\n|cant|p1a: Toxapex|flinch\n|\n|-heal|p1a: Toxapex|65/100|[from] item: Leftovers\n|-damage|p2b: Sneasler|52/100 brn|[from] Leech Seed|[of] p1b: Scovillain\n|-heal|p1b: Scovillain|15/100|[silent]\n|-damage|p2b: Sneasler|46/100 brn|[from] brn\n|upkeep\n|turn|9\n|-message|Giggster forfeited.\n|\n|win|TimeforCHILLI\n|raw|TimeforCHILLI's rating: 1092 &rarr; <strong>1116</strong><br />(+24 for winning)\n|raw|Giggster's rating: 1061 &rarr; <strong>1044</strong><br />(-17 for losing)\n|l|\u2606Giggster\n|player|p2|\n",
  "uploadtime": 1776612112,
  "views": 8,
  "formatid": "gen9championsvgc2026regma",
  "rating": 1044,
  "private": 0,
  "password": null
}