{
  "id": "gen9championsvgc2026regma-2584687419",
  "format": "[Gen 9 Champions] VGC 2026 Reg M-A",
  "players": [
    "Who Decided This",
    "Yegorushhka"
  ],
  "log": "|j|\u2606Who Decided This\n|j|\u2606Yegorushhka\n|t:|1776276828\n|gametype|doubles\n|player|p1|Who Decided This|pokekid|\n|player|p2|Yegorushhka|may-masters2|\n|gen|9\n|tier|[Gen 9 Champions] VGC 2026 Reg M-A\n|rated|Tournament battle\n|rule|Species Clause: Limit one of each Pok\u00e9mon\n|rule|Item Clause: Limit 1 of each item\n|raw|<div class=\"infobox\"><details class=\"readmore\" open><summary><strong>1 custom rule:</strong></summary> Force Open Team Sheets</details></div>\n|clearpoke\n|poke|p1|Floette-Eternal, L50, F|\n|poke|p1|Whimsicott, L50, M|\n|poke|p1|Garchomp, L50, F|\n|poke|p1|Oranguru, L50, F|\n|poke|p1|Rotom-Wash, L50|\n|poke|p1|Conkeldurr, L50, F|\n|poke|p2|Zoroark-Hisui, L50, F|\n|poke|p2|Floette-Eternal, L50, F|\n|poke|p2|Maushold-Four, L50|\n|poke|p2|Incineroar, L50, M|\n|poke|p2|Kommo-o, L50, M|\n|poke|p2|Mimikyu, L50, F|\n|teampreview|4\n|showteam|p1|Floette-Eternal||Floettite|FlowerVeil|Protect,CalmMind,DazzlingGleam,LightofRuin|||F|||50|]Whimsicott||FocusSash|Prankster|Protect,Encore,Moonblast,Tailwind|||M|||50|]Garchomp||SoftSand|RoughSkin|Protect,DragonClaw,Earthquake,StompingTantrum|||F|||50|]Oranguru||MentalHerb|Telepathy|Protect,TrickRoom,Instruct,Psychic|||F|||50|]Rotom-Wash||ChoiceScarf|Levitate|Thunderbolt,HydroPump,ThunderWave,VoltSwitch||||||50|]Conkeldurr||RoseliBerry|IronFist|WideGuard,IcePunch,PoisonJab,DrainPunch|||F|||50|\n|showteam|p2|Zoroark-Hisui||FocusSash|Illusion|BitterMalice,WillOWisp,IcyWind,FakeTears|||F|||50|]Floette-Eternal||Floettite|FlowerVeil|Moonblast,DazzlingGleam,CalmMind,Protect|||F|||50|]Maushold-Four||LumBerry|FriendGuard|SuperFang,Encore,FollowMe,Protect||||||50|]Incineroar||SitrusBerry|Intimidate|FakeOut,FlareBlitz,ThroatChop,PartingShot|||M|||50|]Kommo-o||Leftovers|Soundproof|ClangingScales,AuraSphere,ClangorousSoul,Protect|||M|||50|]Mimikyu||MentalHerb|Disguise|TrickRoom,ShadowSneak,PlayRough,WillOWisp|||F|||50|\n|inactive|Battle timer is ON: inactive players will automatically lose when time's up. (requested by Yegorushhka)\n|c|\u2606Yegorushhka|gl hf\n|c|\u2606Who Decided This|I seriously don't see how I win this\n|c|\u2606Yegorushhka|horrorarc\n|inactive|Who Decided This has 60 seconds left.\n|inactive|Yegorushhka has 60 seconds left.\n|inactive|Yegorushhka has 30 seconds left.\n|\n|t:|1776276890\n|teamsize|p1|4\n|teamsize|p2|4\n|start\n|switch|p1a: Floette|Floette-Eternal, L50, F|100/100\n|switch|p1b: Rotom|Rotom-Wash, L50|100/100\n|switch|p2a: Floette|Floette-Eternal, L50, F|100/100\n|switch|p2b: Mimikyu|Mimikyu, L50, F|100/100\n|turn|1\n|inactive|Yegorushhka has 30 seconds left.\n|inactive|Who Decided This has 30 seconds left.\n|inactive|Yegorushhka has 20 seconds left.\n|\n|t:|1776276929\n|detailschange|p2a: Floette|Floette-Mega, L50, F\n|-mega|p2a: Floette|Floette|Floettite\n|-ability|p2a: Floette|Fairy Aura\n|detailschange|p1a: Floette|Floette-Mega, L50, F\n|-mega|p1a: Floette|Floette|Floettite\n|-ability|p1a: Floette|Fairy Aura\n|move|p1b: Rotom|Thunderbolt|p2a: Floette\n|-damage|p2a: Floette|70/100\n|move|p2a: Floette|Moonblast|p1a: Floette\n|-damage|p1a: Floette|52/100\n|move|p1a: Floette|Calm Mind|p1a: Floette\n|-boost|p1a: Floette|spa|1\n|-boost|p1a: Floette|spd|1\n|move|p2b: Mimikyu|Play Rough|p1a: Floette|[miss]\n|-miss|p2b: Mimikyu|p1a: Floette\n|\n|upkeep\n|turn|2\n|j| mynamegrassgreen\n|c|\u2606Who Decided This|I'm so lucky\n|j| OnToTheOther\n|inactive|Yegorushhka has 30 seconds left.\n|\n|t:|1776276959\n|move|p1a: Floette|Protect|p1a: Floette\n|-singleturn|p1a: Floette|Protect\n|move|p1b: Rotom|Thunderbolt|p2a: Floette\n|-crit|p2a: Floette\n|-damage|p2a: Floette|23/100\n|move|p2a: Floette|Moonblast|p1b: Rotom\n|-damage|p1b: Rotom|6/100\n|move|p2b: Mimikyu|Play Rough|p1b: Rotom|[miss]\n|-miss|p2b: Mimikyu|p1b: Rotom\n|\n|upkeep\n|turn|3\n|c|\u2606Yegorushhka|omg\n|c|\u2606Who Decided This|I DO NOT DESERVE THIS\n|\n|t:|1776276982\n|move|p2a: Floette|Protect|p2a: Floette\n|-singleturn|p2a: Floette|Protect\n|move|p2b: Mimikyu|Shadow Sneak|p1b: Rotom\n|-damage|p1b: Rotom|0 fnt\n|faint|p1b: Rotom\n|move|p1a: Floette|Dazzling Gleam|p2b: Mimikyu|[spread] p2b\n|-activate|p2a: Floette|move: Protect\n|-activate|p2b: Mimikyu|ability: Disguise\n|-damage|p2b: Mimikyu|100/100\n|detailschange|p2b: Mimikyu|Mimikyu-Busted, L50, F\n|-damage|p2b: Mimikyu|88/100|[from] pokemon: Mimikyu-Busted\n|\n|upkeep\n|\n|t:|1776276988\n|switch|p1b: Whimsicott|Whimsicott, L50, M|100/100\n|turn|4\n|\n|t:|1776277003\n|move|p1b: Whimsicott|Encore|p2b: Mimikyu\n|-start|p2b: Mimikyu|Encore\n|-enditem|p2b: Mimikyu|Mental Herb\n|-end|p2b: Mimikyu|Encore\n|move|p2a: Floette|Moonblast|p1a: Floette\n|-damage|p1a: Floette|14/100\n|-unboost|p1a: Floette|spa|1\n|move|p1a: Floette|Dazzling Gleam|p2a: Floette|[spread] p2a,p2b\n|-damage|p2a: Floette|0 fnt\n|-damage|p2b: Mimikyu|43/100\n|faint|p2a: Floette\n|move|p2b: Mimikyu|Trick Room|p2b: Mimikyu\n|-fieldstart|move: Trick Room|[of] p2b: Mimikyu\n|\n|upkeep\n|\n|t:|1776277009\n|switch|p2a: Incineroar|Incineroar, L50, M|100/100\n|-ability|p2a: Incineroar|Intimidate|boost\n|-unboost|p1a: Floette|atk|1\n|-unboost|p1b: Whimsicott|atk|1\n|turn|5\n|inactive|Yegorushhka has 30 seconds left.\n|\n|t:|1776277037\n|switch|p1a: Garchomp|Garchomp, L50, F|100/100\n|move|p2a: Incineroar|Fake Out|p1b: Whimsicott\n|-damage|p1b: Whimsicott|83/100\n|cant|p1b: Whimsicott|flinch\n|move|p2b: Mimikyu|Play Rough|p1b: Whimsicott\n|-damage|p1b: Whimsicott|30/100\n|\n|upkeep\n|turn|6\n|\n|t:|1776277053\n|move|p1b: Whimsicott|Protect|p1b: Whimsicott\n|-singleturn|p1b: Whimsicott|Protect\n|move|p2a: Incineroar|Flare Blitz|p1b: Whimsicott\n|-activate|p1b: Whimsicott|move: Protect\n|move|p2b: Mimikyu|Play Rough|p1a: Garchomp\n|-supereffective|p1a: Garchomp|1\n|-damage|p1a: Garchomp|33/100\n|-damage|p2b: Mimikyu|31/100|[from] ability: Rough Skin|[of] p1a: Garchomp\n|move|p1a: Garchomp|Earthquake|p2a: Incineroar|[spread] p2a,p2b\n|-activate|p1b: Whimsicott|move: Protect\n|-supereffective|p2a: Incineroar|1\n|-crit|p2b: Mimikyu\n|-damage|p2a: Incineroar|8/100\n|-damage|p2b: Mimikyu|0 fnt\n|-enditem|p2a: Incineroar|Sitrus Berry|[eat]\n|-heal|p2a: Incineroar|33/100|[from] item: Sitrus Berry\n|faint|p2b: Mimikyu\n|\n|upkeep\n|\n|t:|1776277058\n|switch|p2b: Kommo-o|Kommo-o, L50, M|100/100\n|turn|7\n|j| ahdsfaiosfoid\n|l| ahdsfaiosfoid\n|\n|t:|1776277073\n|move|p1b: Whimsicott|Encore|p2a: Incineroar\n|-hint|Since gen 7, Dark is immune to Prankster moves.\n|-immune|p2a: Incineroar\n|move|p2a: Incineroar|Flare Blitz|p1b: Whimsicott\n|-supereffective|p1b: Whimsicott|1\n|-damage|p1b: Whimsicott|0 fnt\n|faint|p1b: Whimsicott\n|-damage|p2a: Incineroar|27/100|[from] Recoil\n|move|p1a: Garchomp|Dragon Claw|p2b: Kommo-o\n|-supereffective|p2b: Kommo-o|1\n|-damage|p2b: Kommo-o|22/100\n|move|p2b: Kommo-o|Clanging Scales|p1a: Garchomp\n|-supereffective|p1a: Garchomp|1\n|-damage|p1a: Garchomp|0 fnt\n|faint|p1a: Garchomp\n|-unboost|p2b: Kommo-o|def|1\n|\n|-heal|p2b: Kommo-o|28/100|[from] item: Leftovers\n|upkeep\n|\n|t:|1776277077\n|switch|p1b: Floette|Floette-Mega, L50, F|14/100\n|-ability|p1b: Floette|Fairy Aura\n|turn|8\n|\n|t:|1776277087\n|move|p1b: Floette|Protect|p1b: Floette\n|-singleturn|p1b: Floette|Protect\n|move|p2a: Incineroar|Flare Blitz|p1b: Floette\n|-activate|p1b: Floette|move: Protect\n|move|p2b: Kommo-o|Clangorous Soul||[still]\n|-fail|p2b: Kommo-o\n|\n|-heal|p2b: Kommo-o|35/100|[from] item: Leftovers\n|-fieldend|move: Trick Room\n|upkeep\n|turn|9\n|c|\u2606Yegorushhka|gg\n|c|\u2606Who Decided This|gg\n|c|\u2606Who Decided This|its over this turn regardless of how\n|inactive|Yegorushhka has 30 seconds left.\n|c|\u2606Yegorushhka|wait i didnt realise\n|c|\u2606Yegorushhka|lamo\n|inactive|Yegorushhka has 20 seconds left.\n|c|\u2606Yegorushhka|lmao\n|inactive|Yegorushhka has 15 seconds left.\n|\n|t:|1776277130\n|move|p2b: Kommo-o|Aura Sphere|p1b: Floette\n|-resisted|p1b: Floette|1\n|-damage|p1b: Floette|3/100\n|move|p1b: Floette|Dazzling Gleam|p2a: Incineroar|[spread] p2a,p2b\n|-supereffective|p2b: Kommo-o|2\n|-damage|p2a: Incineroar|0 fnt\n|-damage|p2b: Kommo-o|0 fnt\n|faint|p2a: Incineroar\n|faint|p2b: Kommo-o\n|\n|win|Who Decided This\n|n|\u2606Who Decided This|whodecidedthis\n|n|\u2606Yegorushhka|yegorushhka\n|n| mynamegrassgreen|mynamegrassgreen\n|n| OnToTheOther|ontotheother\n|c|\u2606Who Decided This|HOW-\n|c|\u2606Yegorushhka|ok no\n|c|\u2606Yegorushhka|gg\n|c|\u2606Who Decided This|gg\n|c|\u2606Who Decided This|I was so expecting to die to that\n|c|\u2606Yegorushhka|the play rough miss just lost me thi\n|c|\u2606Yegorushhka|s\n|c|\u2606Who Decided This|true\n|c|\u2606Who Decided This|i did NOT deserve that\n|c|\u2606Who Decided This|...welp this is going in the \"what the heck is wrong with this game\" moments box\n",
  "uploadtime": 1776277193,
  "views": 16,
  "formatid": "gen9championsvgc2026regma",
  "rating": null,
  "private": 0,
  "password": null
}