{
  "id": "gen9championsvgc2026regma-2584086779",
  "format": "[Gen 9 Champions] VGC 2026 Reg M-A",
  "players": [
    "Boorsie",
    "diaspirateza"
  ],
  "log": "|j|\u2606Boorsie\n|j|\u2606diaspirateza\n|t:|1776223738\n|gametype|doubles\n|player|p1|Boorsie|1|1208\n|player|p2|diaspirateza|preschoolerf|1146\n|gen|9\n|tier|[Gen 9 Champions] VGC 2026 Reg M-A\n|rated|\n|rule|Species Clause: Limit one of each Pok\u00e9mon\n|rule|Item Clause: Limit 1 of each item\n|clearpoke\n|poke|p1|Skarmory, L50, F|\n|poke|p1|Garchomp, L50, F|\n|poke|p1|Tyranitar, L50, F|\n|poke|p1|Rotom-Wash, L50|\n|poke|p1|Delphox, L50, F|\n|poke|p1|Whimsicott, L50, M|\n|poke|p2|Kingambit, L50, F|\n|poke|p2|Sneasler, L50, F|\n|poke|p2|Talonflame, L50, M|\n|poke|p2|Garchomp, L50, M|\n|poke|p2|Froslass, L50, F|\n|poke|p2|Milotic, L50, M|\n|teampreview|4\n|inactive|Battle timer is ON: inactive players will automatically lose when time's up. (requested by Boorsie)\n|\n|t:|1776223797\n|teamsize|p1|4\n|teamsize|p2|4\n|start\n|switch|p1a: Whimsicott|Whimsicott, L50, M|100/100\n|switch|p1b: Tyranitar|Tyranitar, L50, F|100/100\n|switch|p2a: Talonflame|Talonflame, L50, M|100/100\n|switch|p2b: Sneasler|Sneasler, L50, F|100/100\n|-weather|Sandstorm|[from] ability: Sand Stream|[of] p1b: Tyranitar\n|turn|1\n|inactive|Boorsie has 30 seconds left.\n|inactive|Boorsie has 20 seconds left.\n|\n|t:|1776223833\n|move|p1b: Tyranitar|Protect|p1b: Tyranitar\n|-singleturn|p1b: Tyranitar|Protect\n|move|p2a: Talonflame|Tailwind|p2a: Talonflame\n|-sidestart|p2: diaspirateza|move: Tailwind\n|move|p1a: Whimsicott|Taunt|p2a: Talonflame\n|-start|p2a: Talonflame|move: Taunt\n|move|p2b: Sneasler|Close Combat|p1b: Tyranitar\n|-activate|p1b: Tyranitar|move: Protect\n|\n|-weather|Sandstorm|[upkeep]\n|-damage|p2a: Talonflame|95/100|[from] Sandstorm\n|-damage|p2b: Sneasler|95/100|[from] Sandstorm\n|-damage|p1a: Whimsicott|95/100|[from] Sandstorm\n|upkeep\n|turn|2\n|inactive|Boorsie has 30 seconds left.\n|\n|t:|1776223861\n|move|p1a: Whimsicott|Tailwind|p1a: Whimsicott\n|-sidestart|p1: Boorsie|move: Tailwind\n|move|p2a: Talonflame|Brave Bird|p1a: Whimsicott\n|-supereffective|p1a: Whimsicott|1\n|-damage|p1a: Whimsicott|0 fnt\n|faint|p1a: Whimsicott\n|-damage|p2a: Talonflame|61/100|[from] Recoil\n|move|p2b: Sneasler|Close Combat|p1b: Tyranitar\n|-supereffective|p1b: Tyranitar|2\n|-enditem|p1b: Tyranitar|Chople Berry|[eat]\n|-enditem|p1b: Tyranitar|Chople Berry|[weaken]\n|-damage|p1b: Tyranitar|1/100\n|-unboost|p2b: Sneasler|def|1\n|-unboost|p2b: Sneasler|spd|1\n|move|p1b: Tyranitar|Rock Slide|p2a: Talonflame|[spread] p2a,p2b\n|-supereffective|p2a: Talonflame|2\n|-crit|p2a: Talonflame\n|-resisted|p2b: Sneasler|1\n|-damage|p2a: Talonflame|0 fnt\n|-damage|p2b: Sneasler|56/100\n|faint|p2a: Talonflame\n|\n|-weather|Sandstorm|[upkeep]\n|-damage|p2b: Sneasler|50/100|[from] Sandstorm\n|upkeep\n|\n|t:|1776223883\n|switch|p2a: Garchomp|Garchomp, L50, M|100/100\n|switch|p1a: Garchomp|Garchomp, L50, F|100/100\n|turn|3\n|inactive|diaspirateza has 30 seconds left.\n|\n|t:|1776223915\n|move|p1b: Tyranitar|Protect|p1b: Tyranitar\n|-singleturn|p1b: Tyranitar|Protect\n|move|p1a: Garchomp|Earthquake|p2b: Sneasler|[spread] p2a,p2b\n|-activate|p1b: Tyranitar|move: Protect\n|-supereffective|p2b: Sneasler|1\n|-damage|p2a: Garchomp|61/100\n|-damage|p2b: Sneasler|0 fnt\n|faint|p2b: Sneasler\n|move|p2a: Garchomp|Rock Slide|p1a: Garchomp|[spread] p1a\n|-activate|p1b: Tyranitar|move: Protect\n|-resisted|p1a: Garchomp|1\n|-damage|p1a: Garchomp|90/100\n|\n|-weather|Sandstorm|[upkeep]\n|upkeep\n|\n|t:|1776223926\n|switch|p2b: Froslass|Froslass, L50, F|100/100\n|turn|4\n|\n|t:|1776223946\n|detailschange|p2b: Froslass|Froslass-Mega, L50, F\n|-mega|p2b: Froslass|Froslass|Froslassite\n|-weather|Snowscape|[from] ability: Snow Warning|[of] p2b: Froslass\n|move|p2b: Froslass|Protect|p2b: Froslass\n|-singleturn|p2b: Froslass|Protect\n|move|p1a: Garchomp|Earthquake|p2a: Garchomp|[spread] p1b,p2a\n|-activate|p2b: Froslass|move: Protect\n|-supereffective|p1b: Tyranitar|1\n|-damage|p1b: Tyranitar|0 fnt\n|-damage|p2a: Garchomp|23/100\n|faint|p1b: Tyranitar\n|move|p2a: Garchomp|Earthquake|p1a: Garchomp|[spread] p1a\n|-activate|p2b: Froslass|move: Protect\n|-damage|p1a: Garchomp|41/100\n|\n|-weather|Snowscape|[upkeep]\n|-sideend|p2: diaspirateza|move: Tailwind\n|upkeep\n|\n|t:|1776223959\n|switch|p1b: Delphox|Delphox, L50, F|100/100\n|turn|5\n|inactive|diaspirateza has 30 seconds left.\n|inactive|diaspirateza has 20 seconds left.\n|inactive|diaspirateza has 15 seconds left.\n|inactive|diaspirateza has 10 seconds left.\n|\n|t:|1776224007\n|detailschange|p1b: Delphox|Delphox-Mega, L50, F\n|-mega|p1b: Delphox|Delphox|Delphoxite\n|move|p2a: Garchomp|Protect|p2a: Garchomp\n|-singleturn|p2a: Garchomp|Protect\n|move|p1a: Garchomp|Earthquake|p2a: Garchomp|[spread] p2b\n|-activate|p2a: Garchomp|move: Protect\n|-immune|p1b: Delphox|[from] ability: Levitate\n|-damage|p2b: Froslass|59/100\n|move|p1b: Delphox|Psychic|p2b: Froslass\n|-damage|p2b: Froslass|0 fnt\n|faint|p2b: Froslass\n|\n|-weather|Snowscape|[upkeep]\n|-sideend|p1: Boorsie|move: Tailwind\n|upkeep\n|turn|6\n|\n|t:|1776224024\n|move|p1a: Garchomp|Earthquake|p2a: Garchomp|[spread] p2a\n|-immune|p1b: Delphox|[from] ability: Levitate\n|-damage|p2a: Garchomp|0 fnt\n|faint|p2a: Garchomp\n|\n|win|Boorsie\n|raw|Boorsie's rating: 1208 &rarr; <strong>1229</strong><br />(+21 for winning)\n|raw|diaspirateza's rating: 1146 &rarr; <strong>1125</strong><br />(-21 for losing)\n",
  "uploadtime": 1776224030,
  "views": 20,
  "formatid": "gen9championsvgc2026regma",
  "rating": 1125,
  "private": 0,
  "password": null
}