{
  "id": "gen9championsvgc2026regma-2586859735",
  "format": "[Gen 9 Champions] VGC 2026 Reg M-A",
  "players": [
    "toyrieso",
    "megakingmathias"
  ],
  "log": "|j|\u2606toyrieso\n|j|\u2606megakingmathias\n|t:|1776466069\n|gametype|doubles\n|player|p1|toyrieso|101|1243\n|player|p2|megakingmathias|ethan|1156\n|gen|9\n|tier|[Gen 9 Champions] VGC 2026 Reg M-A\n|rated|\n|rule|Species Clause: Limit one of each Pok\u00e9mon\n|rule|Item Clause: Limit 1 of each item\n|clearpoke\n|poke|p1|Skarmory, L50, F|\n|poke|p1|Incineroar, L50, M|\n|poke|p1|Tyranitar, L50, F|\n|poke|p1|Volcarona, L50, M|\n|poke|p1|Rotom-Wash, L50|\n|poke|p1|Kommo-o, L50, M|\n|poke|p2|Feraligatr, L50, M|\n|poke|p2|Sinistcha, L50|\n|poke|p2|Oranguru, L50, F|\n|poke|p2|Incineroar, L50, M|\n|poke|p2|Kingambit, L50, F|\n|poke|p2|Typhlosion-Hisui, L50, M|\n|teampreview|4\n|inactive|Battle timer is ON: inactive players will automatically lose when time's up. (requested by toyrieso)\n|inactive|toyrieso has 60 seconds left.\n|\n|t:|1776466169\n|teamsize|p1|4\n|teamsize|p2|4\n|start\n|switch|p1a: Volcarona|Volcarona, L50, M|100/100\n|switch|p1b: Incineroar|Incineroar, L50, M|100/100\n|switch|p2a: Oranguru|Oranguru, L50, F|100/100\n|switch|p2b: Feraligatr|Feraligatr, L50, M, shiny|100/100\n|-ability|p1b: Incineroar|Intimidate|boost\n|-fail|p2a: Oranguru|unboost|Attack|[from] ability: Inner Focus|[of] p2a: Oranguru\n|-unboost|p2b: Feraligatr|atk|1\n|turn|1\n|\n|t:|1776466183\n|detailschange|p2b: Feraligatr|Feraligatr-Mega, L50, M, shiny\n|-mega|p2b: Feraligatr|Feraligatr|Feraligite\n|move|p1a: Volcarona|Rage Powder|p1a: Volcarona\n|-singleturn|p1a: Volcarona|move: Rage Powder\n|move|p2b: Feraligatr|Curse|p2b: Feraligatr\n|-unboost|p2b: Feraligatr|spe|1\n|-boost|p2b: Feraligatr|atk|1\n|-boost|p2b: Feraligatr|def|1\n|move|p1b: Incineroar|Throat Chop|p2a: Oranguru\n|-supereffective|p2a: Oranguru|1\n|-enditem|p2a: Oranguru|Colbur Berry|[eat]\n|-enditem|p2a: Oranguru|Colbur Berry|[weaken]\n|-damage|p2a: Oranguru|65/100\n|-start|p2a: Oranguru|Throat Chop|[silent]\n|move|p2a: Oranguru|Trick Room|p2a: Oranguru\n|-fieldstart|move: Trick Room|[of] p2a: Oranguru\n|\n|upkeep\n|turn|2\n|\n|t:|1776466208\n|move|p1a: Volcarona|Rage Powder|p1a: Volcarona\n|-singleturn|p1a: Volcarona|move: Rage Powder\n|move|p2b: Feraligatr|Liquidation|p1a: Volcarona\n|-supereffective|p1a: Volcarona|1\n|-damage|p1a: Volcarona|0 fnt\n|-status|p2b: Feraligatr|brn|[from] ability: Flame Body|[of] p1a: Volcarona\n|faint|p1a: Volcarona\n|move|p2a: Oranguru|Instruct|p2b: Feraligatr\n|-singleturn|p2b: Feraligatr|move: Instruct|[of] p2a: Oranguru\n|move|p2b: Feraligatr|Liquidation|p1b: Incineroar\n|-supereffective|p1b: Incineroar|1\n|-damage|p1b: Incineroar|47/100\n|move|p1b: Incineroar|Throat Chop|p2a: Oranguru\n|-supereffective|p2a: Oranguru|1\n|-damage|p2a: Oranguru|0 fnt\n|faint|p2a: Oranguru\n|\n|-damage|p2b: Feraligatr|95/100 brn|[from] brn\n|upkeep\n|\n|t:|1776466229\n|switch|p2a: Kingambit|Kingambit, L50, F|100/100\n|switch|p1a: Tyranitar|Tyranitar, L50, F|100/100\n|-weather|Sandstorm|[from] ability: Sand Stream|[of] p1a: Tyranitar\n|turn|3\n|\n|t:|1776466244\n|move|p1a: Tyranitar|Protect|p1a: Tyranitar\n|-singleturn|p1a: Tyranitar|Protect\n|move|p2b: Feraligatr|Liquidation|p1b: Incineroar\n|-supereffective|p1b: Incineroar|1\n|-damage|p1b: Incineroar|0 fnt\n|faint|p1b: Incineroar\n|move|p2a: Kingambit|Low Kick|p1a: Tyranitar\n|-activate|p1a: Tyranitar|move: Protect\n|\n|-weather|Sandstorm|[upkeep]\n|-damage|p2b: Feraligatr|89/100 brn|[from] Sandstorm\n|-damage|p2b: Feraligatr|83/100 brn|[from] brn\n|upkeep\n|\n|t:|1776466252\n|switch|p1b: Kommo-o|Kommo-o, L50, M|100/100\n|turn|4\n|\n|t:|1776466260\n|detailschange|p1a: Tyranitar|Tyranitar-Mega, L50, F\n|-mega|p1a: Tyranitar|Tyranitar|Tyranitarite\n|move|p1a: Tyranitar|Protect|p1a: Tyranitar\n|-singleturn|p1a: Tyranitar|Protect\n|move|p2b: Feraligatr|Double-Edge|p1b: Kommo-o\n|-supereffective|p1b: Kommo-o|1\n|-damage|p1b: Kommo-o|22/100\n|-damage|p2b: Feraligatr|58/100 brn|[from] Recoil\n|move|p2a: Kingambit|Low Kick|p1a: Tyranitar\n|-activate|p1a: Tyranitar|move: Protect\n|move|p1b: Kommo-o|Aura Sphere|p2a: Kingambit\n|-supereffective|p2a: Kingambit|2\n|-enditem|p2a: Kingambit|Chople Berry|[eat]\n|-enditem|p2a: Kingambit|Chople Berry|[weaken]\n|-damage|p2a: Kingambit|45/100\n|\n|-weather|Sandstorm|[upkeep]\n|-damage|p2b: Feraligatr|52/100 brn|[from] Sandstorm\n|-damage|p1b: Kommo-o|16/100|[from] Sandstorm\n|-heal|p1b: Kommo-o|22/100|[from] item: Leftovers\n|-damage|p2b: Feraligatr|46/100 brn|[from] brn\n|upkeep\n|turn|5\n|\n|t:|1776466279\n|move|p1b: Kommo-o|Protect|p1b: Kommo-o\n|-singleturn|p1b: Kommo-o|Protect\n|move|p2b: Feraligatr|Double-Edge|p1b: Kommo-o\n|-activate|p1b: Kommo-o|move: Protect\n|move|p2a: Kingambit|Low Kick|p1a: Tyranitar\n|-supereffective|p1a: Tyranitar|2\n|-damage|p1a: Tyranitar|0 fnt\n|faint|p1a: Tyranitar\n|\n|-weather|Sandstorm|[upkeep]\n|-damage|p2b: Feraligatr|41/100 brn|[from] Sandstorm\n|-damage|p1b: Kommo-o|16/100|[from] Sandstorm\n|-heal|p1b: Kommo-o|22/100|[from] item: Leftovers\n|-damage|p2b: Feraligatr|35/100 brn|[from] brn\n|-fieldend|move: Trick Room\n|upkeep\n|turn|6\n|\n|t:|1776466294\n|move|p1b: Kommo-o|Clanging Scales|p2b: Feraligatr|[spread] p2a,p2b\n|-resisted|p2a: Kingambit|1\n|-supereffective|p2b: Feraligatr|1\n|-damage|p2a: Kingambit|29/100\n|-damage|p2b: Feraligatr|0 fnt\n|faint|p2b: Feraligatr\n|-unboost|p1b: Kommo-o|def|1\n|move|p2a: Kingambit|Iron Head|p1b: Kommo-o\n|-damage|p1b: Kommo-o|0 fnt\n|faint|p1b: Kommo-o\n|\n|win|megakingmathias\n|raw|toyrieso's rating: 1243 &rarr; <strong>1212</strong><br />(-31 for losing)\n|raw|megakingmathias's rating: 1156 &rarr; <strong>1187</strong><br />(+31 for winning)\n|l|\u2606toyrieso\n|player|p1|\n",
  "uploadtime": 1776466308,
  "views": 36,
  "formatid": "gen9championsvgc2026regma",
  "rating": 1187,
  "private": 0,
  "password": null
}