{
  "id": "gen9championsvgc2026regma-2586670255",
  "format": "[Gen 9 Champions] VGC 2026 Reg M-A",
  "players": [
    "Laddie mckalister",
    "puukeko"
  ],
  "log": "|j|\u2606Laddie mckalister\n|j|\u2606puukeko\n|t:|1776450808\n|gametype|doubles\n|player|p1|Laddie mckalister|265|1113\n|player|p2|puukeko|emmet|1165\n|gen|9\n|tier|[Gen 9 Champions] VGC 2026 Reg M-A\n|rated|\n|rule|Species Clause: Limit one of each Pok\u00e9mon\n|rule|Item Clause: Limit 1 of each item\n|clearpoke\n|poke|p1|Corviknight, L50, M|\n|poke|p1|Pelipper, L50, F|\n|poke|p1|Basculegion, L50, M|\n|poke|p1|Maushold-Four, L50|\n|poke|p1|Rotom-Wash, L50|\n|poke|p1|Blastoise, L50, M|\n|poke|p2|Scovillain, L50, F|\n|poke|p2|Palafin, L50, F|\n|poke|p2|Kingambit, L50, M|\n|poke|p2|Garchomp, L50, M|\n|poke|p2|Pelipper, L50, F|\n|poke|p2|Sneasler, L50, M|\n|teampreview|4\nLaddie mckalister rejected open team sheets.\n|inactive|Battle timer is ON: inactive players will automatically lose when time's up. (requested by Laddie mckalister)\n|\n|t:|1776450847\n|teamsize|p1|4\n|teamsize|p2|4\n|start\n|switch|p1a: Maushold|Maushold-Four, L50|100/100\n|switch|p1b: Rotom|Rotom-Wash, L50|100/100\n|switch|p2a: Sneasler|Sneasler, L50, M|100/100\n|switch|p2b: Palafin|Palafin, L50, F|100/100\n|turn|1\n|inactive|Laddie mckalister has 30 seconds left.\n|inactive|puukeko has 30 seconds left.\n|\n|t:|1776450879\n|detailschange|p2b: Palafin|Palafin-Hero, L50, F\n|switch|p2b: Garchomp|Garchomp, L50, M, shiny|100/100\n|move|p2a: Sneasler|Fake Out|p1a: Maushold\n|-damage|p1a: Maushold|80/100\n|move|p1b: Rotom|Volt Switch|p2b: Garchomp\n|-immune|p2b: Garchomp\n|cant|p1a: Maushold|flinch\n|\n|upkeep\n|turn|2\n|\n|t:|1776450897\n|switch|p1b: Basculegion|Basculegion, L50, M|100/100\n|move|p2b: Garchomp|Rock Slide|p1b: Basculegion|[spread] p1b\n|-miss|p2b: Garchomp|p1a: Maushold\n|-damage|p1b: Basculegion|86/100\n|move|p1a: Maushold|Encore|p2a: Sneasler\n|-start|p2a: Sneasler|Encore\n|move|p2a: Sneasler|Fake Out||[still]\n|-hint|Fake Out only works on your first turn out.\n|-fail|p2a: Sneasler\n|\n|upkeep\n|turn|3\n|inactive|Laddie mckalister has 30 seconds left.\n|inactive|Laddie mckalister has 20 seconds left.\n|inactive|Laddie mckalister has 15 seconds left.\n|inactive|Laddie mckalister has 10 seconds left.\n|inactive|Laddie mckalister has 5 seconds left.\n|\n|t:|1776450949\n|switch|p2a: Palafin|Palafin-Hero, L50, F|100/100\n|-activate|p2a: Palafin|ability: Zero to Hero\n|move|p2b: Garchomp|Rock Slide|p1a: Maushold|[spread] p1a,p1b\n|-crit|p1a: Maushold\n|-damage|p1a: Maushold|46/100\n|-damage|p1b: Basculegion|70/100\n|move|p1a: Maushold|Thunder Wave|p2a: Palafin\n|-status|p2a: Palafin|par\n|move|p1b: Basculegion|Flip Turn|p2b: Garchomp\n|-damage|p2b: Garchomp|66/100\n|-damage|p1b: Basculegion|57/100|[from] ability: Rough Skin|[of] p2b: Garchomp\n|\n|t:|1776450967\n|switch|p1b: Rotom|Rotom-Wash, L50|100/100|[from] Flip Turn\n|\n|upkeep\n|turn|4\n|inactive|Laddie mckalister has 30 seconds left.\n|inactive|Laddie mckalister has 20 seconds left.\n|inactive|Laddie mckalister has 15 seconds left.\n|\n|t:|1776451010\n|switch|p2b: Sneasler|Sneasler, L50, M|100/100\n|move|p1a: Maushold|Follow Me|p1a: Maushold\n|-singleturn|p1a: Maushold|move: Follow Me\n|move|p2a: Palafin|Jet Punch|p1a: Maushold\n|-damage|p1a: Maushold|0 fnt\n|faint|p1a: Maushold\n|move|p1b: Rotom|Hydro Pump|p2b: Sneasler\n|-damage|p2b: Sneasler|31/100\n|\n|upkeep\n|\n|t:|1776451029\n|switch|p1a: Blastoise|Blastoise, L50, M|100/100\n|turn|5\n|\n|t:|1776451043\n|move|p1a: Blastoise|Protect|p1a: Blastoise\n|-singleturn|p1a: Blastoise|Protect\n|move|p1b: Rotom|Hydro Pump|p2b: Sneasler\n|-damage|p2b: Sneasler|0 fnt\n|faint|p2b: Sneasler\n|move|p2a: Palafin|Close Combat|p1a: Blastoise\n|-activate|p1a: Blastoise|move: Protect\n|\n|upkeep\n|\n|t:|1776451047\n|switch|p2b: Scovillain|Scovillain, L50, F|100/100\n|turn|6\n|inactive|Laddie mckalister has 30 seconds left.\n|inactive|Laddie mckalister has 20 seconds left.\n|inactive|Laddie mckalister has 15 seconds left.\n|inactive|Laddie mckalister has 10 seconds left.\n|inactive|puukeko has 30 seconds left.\n|\n|t:|1776451102\n|detailschange|p1a: Blastoise|Blastoise-Mega, L50, M\n|-mega|p1a: Blastoise|Blastoise|Blastoisinite\n|detailschange|p2b: Scovillain|Scovillain-Mega, L50, F\n|-mega|p2b: Scovillain|Scovillain|Scovillainite\n|move|p1b: Rotom|Hydro Pump|p2b: Scovillain|[miss]\n|-miss|p1b: Rotom|p2b: Scovillain\n|move|p1a: Blastoise|Dark Pulse|p2a: Palafin\n|-damage|p2a: Palafin|51/100 par\n|move|p2b: Scovillain|Giga Drain|p1a: Blastoise\n|-supereffective|p1a: Blastoise|1\n|-damage|p1a: Blastoise|24/100\n|move|p2a: Palafin|Close Combat|p1a: Blastoise\n|-damage|p1a: Blastoise|0 fnt\n|-unboost|p2a: Palafin|def|1\n|-unboost|p2a: Palafin|spd|1\n|faint|p1a: Blastoise\n|\n|upkeep\n|\n|t:|1776451115\n|switch|p1a: Basculegion|Basculegion, L50, M|57/100\n|turn|7\n|\n|t:|1776451128\n|switch|p2a: Garchomp|Garchomp, L50, M, shiny|66/100\n|move|p1b: Rotom|Hydro Pump|p2b: Scovillain\n|-damage|p2b: Scovillain|43/100\n|-status|p1b: Rotom|brn|[from] ability: Spicy Spray|[of] p2b: Scovillain\n|move|p1a: Basculegion|Last Respects|p2b: Scovillain\n|-damage|p2b: Scovillain|0 fnt\n|-status|p1a: Basculegion|brn|[from] ability: Spicy Spray|[of] p2b: Scovillain\n|faint|p2b: Scovillain\n|\n|-damage|p1b: Rotom|95/100 brn|[from] brn\n|-damage|p1a: Basculegion|51/100 brn|[from] brn\n|upkeep\n|\n|t:|1776451134\n|switch|p2b: Palafin|Palafin-Hero, L50, F|51/100 par\n|turn|8\n|inactive|puukeko has 30 seconds left.\n|\n|t:|1776451161\n|move|p2a: Garchomp|Rock Slide|p1b: Rotom|[spread] p1a,p1b\n|-damage|p1a: Basculegion|30/100 brn\n|-damage|p1b: Rotom|68/100 brn\n|move|p1b: Rotom|Hydro Pump|p2a: Garchomp\n|-damage|p2a: Garchomp|16/100\n|move|p1a: Basculegion|Last Respects|p2b: Palafin\n|-damage|p2b: Palafin|17/100 par\n|move|p2b: Palafin|Close Combat|p1b: Rotom\n|-damage|p1b: Rotom|0 fnt\n|-unboost|p2b: Palafin|def|1\n|-unboost|p2b: Palafin|spd|1\n|faint|p1b: Rotom\n|\n|-damage|p1a: Basculegion|23/100 brn|[from] brn\n|upkeep\n|turn|9\n|\n|t:|1776451176\n|move|p2b: Palafin|Jet Punch|p1a: Basculegion\n|-resisted|p1a: Basculegion|1\n|-damage|p1a: Basculegion|0 fnt\n|faint|p1a: Basculegion\n|\n|win|puukeko\n|raw|Laddie mckalister's rating: 1113 &rarr; <strong>1092</strong><br />(-21 for losing)\n|raw|puukeko's rating: 1165 &rarr; <strong>1186</strong><br />(+21 for winning)\n|l|\u2606Laddie mckalister\n|player|p1|\n",
  "uploadtime": 1776451191,
  "views": 34,
  "formatid": "gen9championsvgc2026regma",
  "rating": 1092,
  "private": 0,
  "password": null
}