{
  "id": "gen9championsvgc2026regma-2580948871",
  "format": "[Gen 9 Champions] VGC 2026 Reg M-A",
  "players": [
    "amongdripgoku",
    "TankBud"
  ],
  "log": "|j|\u2606amongdripgoku\n|j|\u2606TankBud\n|t:|1775945875\n|gametype|doubles\n|player|p1|amongdripgoku|1|1008\n|player|p2|TankBud|2|1031\n|gen|9\n|tier|[Gen 9 Champions] VGC 2026 Reg M-A\n|rated|\n|rule|Species Clause: Limit one of each Pok\u00e9mon\n|rule|Item Clause: Limit 1 of each item\n|clearpoke\n|poke|p1|Pelipper, L50, M|\n|poke|p1|Gengar, L50, M|\n|poke|p1|Greninja-*, L50, F|\n|poke|p1|Basculegion, L50, M|\n|poke|p1|Archaludon, L50, F|\n|poke|p1|Whimsicott, L50, M|\n|poke|p2|Chandelure, L50, M|\n|poke|p2|Torkoal, L50, F|\n|poke|p2|Aegislash, L50, F|\n|poke|p2|Palafin, L50, F|\n|poke|p2|Clefable, L50, M|\n|poke|p2|Dragonite, L50, M|\n|teampreview|4\n|inactive|Battle timer is ON: inactive players will automatically lose when time's up. (requested by amongdripgoku)\n|inactive|amongdripgoku has 60 seconds left.\n|inactive|TankBud has 60 seconds left.\n|\n|t:|1775945937\n|teamsize|p1|4\n|teamsize|p2|4\n|start\n|switch|p1a: Gengar|Gengar, L50, M|100/100\n|switch|p1b: Archaludon|Archaludon, L50, F|100/100\n|switch|p2a: Palafin|Palafin, L50, F|100/100\n|switch|p2b: Clefable|Clefable, L50, M|100/100\n|turn|1\n|\n|t:|1775945961\n|switch|p1a: Pelipper|Pelipper, L50, M|100/100\n|-weather|RainDance|[from] ability: Drizzle|[of] p1a: Pelipper\n|move|p2b: Clefable|Protect|p2b: Clefable\n|-singleturn|p2b: Clefable|Protect\n|move|p2a: Palafin|Flip Turn|p1a: Pelipper\n|-resisted|p1a: Pelipper|1\n|-damage|p1a: Pelipper|84/100\n|\n|t:|1775945970\n|detailschange|p2a: Palafin|Palafin-Hero, L50, F\n|switch|p2a: Torkoal|Torkoal, L50, F|100/100|[from] Flip Turn\n|-weather|SunnyDay|[from] ability: Drought|[of] p2a: Torkoal\n|move|p1b: Archaludon|Electro Shot||[still]\n|-prepare|p1b: Archaludon|Electro Shot\n|-boost|p1b: Archaludon|spa|1\n|\n|-weather|SunnyDay|[upkeep]\n|-heal|p1a: Pelipper|90/100|[from] item: Leftovers\n|upkeep\n|turn|2\n|\n|t:|1775945990\n|move|p2b: Clefable|Follow Me|p2b: Clefable\n|-singleturn|p2b: Clefable|move: Follow Me\n|move|p1b: Archaludon|Electro Shot|p2a: Torkoal|[from] lockedmove\n|-damage|p2a: Torkoal|10/100\n|move|p1a: Pelipper|Weather Ball|p2b: Clefable\n|-damage|p2b: Clefable|79/100\n|move|p2a: Torkoal|Earth Power|p1b: Archaludon\n|-supereffective|p1b: Archaludon|1\n|-damage|p1b: Archaludon|40/100\n|-enditem|p1b: Archaludon|Sitrus Berry|[eat]\n|-heal|p1b: Archaludon|65/100|[from] item: Sitrus Berry\n|\n|-weather|SunnyDay|[upkeep]\n|-heal|p1a: Pelipper|96/100|[from] item: Leftovers\n|upkeep\n|turn|3\n|inactive|amongdripgoku has 30 seconds left.\n|inactive|TankBud has 30 seconds left.\n|\n|t:|1775946025\n|switch|p1a: Gengar|Gengar, L50, M|100/100\n|move|p2b: Clefable|Follow Me|p2b: Clefable\n|-singleturn|p2b: Clefable|move: Follow Me\n|move|p1b: Archaludon|Flash Cannon|p2b: Clefable\n|-supereffective|p2b: Clefable|1\n|-damage|p2b: Clefable|18/100\n|move|p2a: Torkoal|Earth Power|p1b: Archaludon\n|-supereffective|p1b: Archaludon|1\n|-damage|p1b: Archaludon|9/100\n|-unboost|p1b: Archaludon|spd|1\n|\n|-weather|SunnyDay|[upkeep]\n|upkeep\n|turn|4\n|\n|t:|1775946043\n|move|p2a: Torkoal|Protect|p2a: Torkoal\n|-singleturn|p2a: Torkoal|Protect\n|move|p1a: Gengar|Sludge Bomb|p2b: Clefable\n|-supereffective|p2b: Clefable|1\n|-damage|p2b: Clefable|0 fnt\n|faint|p2b: Clefable\n|move|p1b: Archaludon|Flash Cannon|p2a: Torkoal\n|-activate|p2a: Torkoal|move: Protect\n|\n|-weather|SunnyDay|[upkeep]\n|upkeep\n|\n|t:|1775946051\n|switch|p2b: Palafin|Palafin-Hero, L50, F|100/100\n|-activate|p2b: Palafin|ability: Zero to Hero\n|turn|5\n|inactive|amongdripgoku has 30 seconds left.\n|\n|t:|1775946077\n|switch|p2a: Dragonite|Dragonite, L50, M|100/100\n|detailschange|p1a: Gengar|Gengar-Mega, L50, M\n|-mega|p1a: Gengar|Gengar|Gengarite\n|move|p1b: Archaludon|Protect|p1b: Archaludon\n|-singleturn|p1b: Archaludon|Protect\n|move|p2b: Palafin|Jet Punch|p1b: Archaludon\n|-activate|p1b: Archaludon|move: Protect\n|move|p1a: Gengar|Sludge Bomb|p2b: Palafin\n|-damage|p2b: Palafin|30/100\n|\n|-weather|none\n|upkeep\n|turn|6\n|inactive|amongdripgoku has 30 seconds left.\n|\n|t:|1775946107\n|move|p2a: Dragonite|Extreme Speed|p1b: Archaludon\n|-resisted|p1b: Archaludon|1\n|-damage|p1b: Archaludon|0 fnt\n|faint|p1b: Archaludon\n|move|p2b: Palafin|Jet Punch|p1a: Gengar\n|-damage|p1a: Gengar|47/100\n|move|p1a: Gengar|Sludge Bomb|p2b: Palafin\n|-crit|p2b: Palafin\n|-damage|p2b: Palafin|0 fnt\n|faint|p2b: Palafin\n|\n|upkeep\n|\n|t:|1775946118\n|switch|p2b: Torkoal|Torkoal, L50, F|10/100\n|switch|p1b: Greninja|Greninja, L50, F|100/100\n|-weather|SunnyDay|[from] ability: Drought|[of] p2b: Torkoal\n|turn|7\n|\n|t:|1775946131\n|move|p2b: Torkoal|Protect|p2b: Torkoal\n|-singleturn|p2b: Torkoal|Protect\n|move|p1a: Gengar|Icy Wind|p2b: Torkoal|[spread] p2a\n|-activate|p2b: Torkoal|move: Protect\n|-supereffective|p2a: Dragonite|2\n|-damage|p2a: Dragonite|26/100\n|-unboost|p2a: Dragonite|spe|1\n|move|p1b: Greninja|Ice Beam|p2a: Dragonite\n|-start|p1b: Greninja|typechange|Ice|[from] ability: Protean\n|-supereffective|p2a: Dragonite|2\n|-crit|p2a: Dragonite\n|-damage|p2a: Dragonite|0 fnt\n|faint|p2a: Dragonite\n|\n|-weather|SunnyDay|[upkeep]\n|upkeep\n|turn|8\n|\n|t:|1775946146\n|move|p1b: Greninja|Water Shuriken|p2b: Torkoal\n|-supereffective|p2b: Torkoal|1\n|-damage|p2b: Torkoal|4/100\n|-supereffective|p2b: Torkoal|1\n|-damage|p2b: Torkoal|0 fnt\n|faint|p2b: Torkoal\n|-hitcount|p2: Torkoal|2\n|\n|win|amongdripgoku\n|raw|amongdripgoku's rating: 1008 &rarr; <strong>1049</strong><br />(+41 for winning)\n|raw|TankBud's rating: 1031 &rarr; <strong>1015</strong><br />(-16 for losing)\n",
  "uploadtime": 1775946147,
  "views": 11,
  "formatid": "gen9championsvgc2026regma",
  "rating": 1015,
  "private": 0,
  "password": null
}