{
  "id": "gen9championsvgc2026regma-2584155797",
  "format": "[Gen 9 Champions] VGC 2026 Reg M-A",
  "players": [
    "Swapnil50",
    "Rockletz"
  ],
  "log": "|j|\u2606Swapnil50\n|j|\u2606Rockletz\n|t:|1776231806\n|gametype|doubles\n|player|p1|Swapnil50|1|1083\n|player|p2|Rockletz|hilda-wonderlauncher|1151\n|gen|9\n|tier|[Gen 9 Champions] VGC 2026 Reg M-A\n|rated|\n|rule|Species Clause: Limit one of each Pok\u00e9mon\n|rule|Item Clause: Limit 1 of each item\n|clearpoke\n|poke|p1|Charizard, L50, F|\n|poke|p1|Venusaur, L50, F|\n|poke|p1|Incineroar, L50, M|\n|poke|p1|Aerodactyl, L50, M|\n|poke|p1|Toxapex, L50, M|\n|poke|p1|Oranguru, L50, F|\n|poke|p2|Gengar, L50, M|\n|poke|p2|Politoed, L50, F|\n|poke|p2|Sinistcha, L50|\n|poke|p2|Basculegion, L50, M|\n|poke|p2|Archaludon, L50, F|\n|poke|p2|Incineroar, L50, F|\n|teampreview|4\nSwapnil50 rejected open team sheets.\n|inactive|Battle timer is ON: inactive players will automatically lose when time's up. (requested by Swapnil50)\n|\n|t:|1776231850\n|teamsize|p1|4\n|teamsize|p2|4\n|start\n|switch|p1a: Toxapex|Toxapex, L50, M|100/100\n|switch|p1b: Incineroar|Incineroar, L50, M|100/100\n|switch|p2a: Gengar|Gengar, L50, M|100/100\n|switch|p2b: Incineroar|Incineroar, L50, F|100/100\n|-ability|p2b: Incineroar|Intimidate|boost\n|-unboost|p1a: Toxapex|atk|1\n|-unboost|p1b: Incineroar|atk|1\n|-ability|p1b: Incineroar|Intimidate|boost\n|-unboost|p2a: Gengar|atk|1\n|-unboost|p2b: Incineroar|atk|1\n|turn|1\n|\n|t:|1776231870\n|detailschange|p2a: Gengar|Gengar-Mega, L50, M\n|-mega|p2a: Gengar|Gengar|Gengarite\n|move|p2b: Incineroar|Fake Out|p1b: Incineroar\n|-damage|p1b: Incineroar|92/100\n|move|p2a: Gengar|Perish Song|p2a: Gengar\n|-start|p1a: Toxapex|perish3|[silent]\n|-start|p1b: Incineroar|perish3|[silent]\n|-start|p2a: Gengar|perish3|[silent]\n|-start|p2b: Incineroar|perish3|[silent]\n|-fieldactivate|move: Perish Song\n|cant|p1b: Incineroar|flinch\n|move|p1a: Toxapex|Toxic|p2b: Incineroar\n|-status|p2b: Incineroar|tox\n|\n|-damage|p2b: Incineroar|95/100 tox|[from] psn\n|-start|p2a: Gengar|perish3\n|-start|p2b: Incineroar|perish3\n|-start|p1b: Incineroar|perish3\n|-start|p1a: Toxapex|perish3\n|upkeep\n|turn|2\n|inactive|Swapnil50 has 30 seconds left.\n|inactive|Rockletz has 30 seconds left.\n|\n|t:|1776231900\n|move|p2a: Gengar|Protect|p2a: Gengar\n|-singleturn|p2a: Gengar|Protect\n|move|p2b: Incineroar|Parting Shot|p1b: Incineroar\n|-unboost|p1b: Incineroar|atk|1\n|-unboost|p1b: Incineroar|spa|1\n|\n|t:|1776231906\n|switch|p2b: Sinistcha|Sinistcha, L50|100/100|[from] Parting Shot\n|move|p1b: Incineroar|Parting Shot|p2a: Gengar\n|-activate|p2a: Gengar|move: Protect\n|move|p1a: Toxapex|Chilling Water|p2b: Sinistcha\n|-resisted|p2b: Sinistcha|1\n|-damage|p2b: Sinistcha|94/100\n|-unboost|p2b: Sinistcha|atk|1\n|\n|-start|p2a: Gengar|perish2\n|-start|p1b: Incineroar|perish2\n|-start|p1a: Toxapex|perish2\n|upkeep\n|turn|3\n|inactive|Rockletz has 30 seconds left.\n|inactive|Rockletz has 20 seconds left.\n|\n|t:|1776231945\n|move|p2a: Gengar|Protect||[still]\n|-fail|p2a: Gengar\n|move|p2b: Sinistcha|Rage Powder|p2b: Sinistcha\n|-singleturn|p2b: Sinistcha|move: Rage Powder\n|move|p1b: Incineroar|Parting Shot|p2b: Sinistcha\n|-unboost|p2b: Sinistcha|atk|1\n|-unboost|p2b: Sinistcha|spa|1\n|\n|t:|1776231951\n|switch|p1b: Charizard|Charizard, L50, F|100/100|[from] Parting Shot\n|move|p1a: Toxapex|Toxic|p2b: Sinistcha\n|-status|p2b: Sinistcha|tox\n|\n|-damage|p2b: Sinistcha|88/100 tox|[from] psn\n|-start|p2a: Gengar|perish1\n|-start|p1a: Toxapex|perish1\n|upkeep\n|turn|4\n|inactive|Swapnil50 has 30 seconds left.\n|\n|t:|1776231978\n|switch|p2a: Incineroar|Incineroar, L50, F|95/100 tox\n|-ability|p2a: Incineroar|Intimidate|boost\n|-unboost|p1a: Toxapex|atk|1\n|-unboost|p1b: Charizard|atk|1\n|detailschange|p1b: Charizard|Charizard-Mega-Y, L50, F\n|-mega|p1b: Charizard|Charizard|Charizardite Y\n|-weather|SunnyDay|[from] ability: Drought|[of] p1b: Charizard\n|move|p1b: Charizard|Heat Wave|p2b: Sinistcha|[spread] p2a,p2b\n|-resisted|p2a: Incineroar|1\n|-supereffective|p2b: Sinistcha|1\n|-damage|p2a: Incineroar|59/100 tox\n|-damage|p2b: Sinistcha|0 fnt\n|faint|p2b: Sinistcha\n|move|p1a: Toxapex|Chilling Water|p2a: Incineroar\n|-supereffective|p2a: Incineroar|1\n|-damage|p2a: Incineroar|49/100 tox\n|-unboost|p2a: Incineroar|atk|1\n|\n|-weather|SunnyDay|[upkeep]\n|-damage|p2a: Incineroar|43/100 tox|[from] psn\n|-start|p1a: Toxapex|perish0\n|upkeep\n|faint|p1a: Toxapex\n|inactive|Swapnil50 has 30 seconds left.\n|inactive|Swapnil50 has 20 seconds left.\n|inactive|Swapnil50 has 15 seconds left.\n|inactive|Swapnil50 has 10 seconds left.\n|\n|t:|1776232026\n|switch|p2b: Politoed|Politoed, L50, F|100/100\n|switch|p1a: Incineroar|Incineroar, L50, M|92/100\n|-weather|RainDance|[from] ability: Drizzle|[of] p2b: Politoed\n|-ability|p1a: Incineroar|Intimidate|boost\n|-unboost|p2a: Incineroar|atk|1\n|-unboost|p2b: Politoed|atk|1\n|turn|5\n|\n|t:|1776232044\n|switch|p1b: Venusaur|Venusaur, L50, F|100/100\n|switch|p2a: Gengar|Gengar-Mega, L50, M|100/100\n|move|p1a: Incineroar|Fake Out|p2b: Politoed\n|-damage|p2b: Politoed|86/100\n|cant|p2b: Politoed|flinch\n|\n|-weather|RainDance|[upkeep]\n|upkeep\n|turn|6\n|inactive|Swapnil50 has 30 seconds left.\n|inactive|Swapnil50 has 20 seconds left.\n|inactive|Swapnil50 has 15 seconds left.\n|\n|t:|1776232088\n|move|p2a: Gengar|Protect|p2a: Gengar\n|-singleturn|p2a: Gengar|Protect\n|move|p1b: Venusaur|Protect|p1b: Venusaur\n|-singleturn|p1b: Venusaur|Protect\n|move|p2b: Politoed|Encore|p1a: Incineroar\n|-start|p1a: Incineroar|Encore\n|move|p1a: Incineroar|Fake Out||[still]\n|-hint|Fake Out only works on your first turn out.\n|-fail|p1a: Incineroar\n|\n|-weather|RainDance|[upkeep]\n|upkeep\n|turn|7\n|c|\u2606Swapnil50|man fk\n|inactive|Swapnil50 has 30 seconds left.\n|c|\u2606Swapnil50|thats very irritating\n|inactive|Swapnil50 has 20 seconds left.\n|\n|t:|1776232126\n|switch|p2b: Incineroar|Incineroar, L50, F|43/100 tox\n|-ability|p2b: Incineroar|Intimidate|boost\n|-unboost|p1a: Incineroar|atk|1\n|-unboost|p1b: Venusaur|atk|1\n|move|p2a: Gengar|Perish Song|p2a: Gengar\n|-start|p1a: Incineroar|perish3|[silent]\n|-start|p1b: Venusaur|perish3|[silent]\n|-start|p2a: Gengar|perish3|[silent]\n|-start|p2b: Incineroar|perish3|[silent]\n|-fieldactivate|move: Perish Song\n|move|p1b: Venusaur|Sludge Bomb|p2b: Incineroar\n|-damage|p2b: Incineroar|0 fnt\n|faint|p2b: Incineroar\n|-activate|p1a: Incineroar|move: Struggle\n|move|p1a: Incineroar|Struggle|p2a: Gengar\n|-damage|p2a: Gengar|87/100\n|-damage|p1a: Incineroar|67/100|[from] recoil\n|\n|-weather|RainDance|[upkeep]\n|-start|p2a: Gengar|perish3\n|-start|p1b: Venusaur|perish3\n|-start|p1a: Incineroar|perish3\n|upkeep\n|\n|t:|1776232137\n|switch|p2b: Politoed|Politoed, L50, F|86/100\n|turn|8\n|\n|t:|1776232156\n|move|p2a: Gengar|Shadow Ball|p1b: Venusaur\n|-damage|p1b: Venusaur|48/100\n|-unboost|p1b: Venusaur|spd|1\n|move|p2b: Politoed|Weather Ball|p1a: Incineroar\n|-supereffective|p1a: Incineroar|1\n|-damage|p1a: Incineroar|0 fnt\n|faint|p1a: Incineroar\n|move|p1b: Venusaur|Giga Drain|p2b: Politoed\n|-supereffective|p2b: Politoed|1\n|-damage|p2b: Politoed|10/100\n|-heal|p1b: Venusaur|81/100|[from] drain|[of] p2b: Politoed\n|-enditem|p2b: Politoed|Sitrus Berry|[eat]\n|-heal|p2b: Politoed|34/100|[from] item: Sitrus Berry\n|\n|-weather|RainDance|[upkeep]\n|-start|p2a: Gengar|perish2\n|-start|p1b: Venusaur|perish2\n|upkeep\n|\n|t:|1776232173\n|switch|p1a: Charizard|Charizard-Mega-Y, L50, F|100/100\n|-weather|SunnyDay|[from] ability: Drought|[of] p1a: Charizard\n|turn|9\n|\n|t:|1776232191\n|move|p2b: Politoed|Protect|p2b: Politoed\n|-singleturn|p2b: Politoed|Protect\n|move|p1b: Venusaur|Giga Drain|p2b: Politoed\n|-activate|p2b: Politoed|move: Protect\n|move|p2a: Gengar|Shadow Ball|p1a: Charizard\n|-damage|p1a: Charizard|48/100\n|-unboost|p1a: Charizard|spd|1\n|move|p1a: Charizard|Heat Wave|p2a: Gengar|[spread] p2a\n|-activate|p2b: Politoed|move: Protect\n|-damage|p2a: Gengar|1/100\n|\n|-weather|SunnyDay|[upkeep]\n|-start|p2a: Gengar|perish1\n|-start|p1b: Venusaur|perish1\n|upkeep\n|turn|10\n|inactive|Swapnil50 has 30 seconds left.\n|\n|t:|1776232226\n|move|p2b: Politoed|Protect||[still]\n|-fail|p2b: Politoed\n|move|p1b: Venusaur|Giga Drain|p2b: Politoed\n|-supereffective|p2b: Politoed|1\n|-damage|p2b: Politoed|0 fnt\n|-heal|p1b: Venusaur|96/100|[from] drain|[of] p2b: Politoed\n|faint|p2b: Politoed\n|move|p2a: Gengar|Shadow Ball|p1a: Charizard\n|-damage|p1a: Charizard|0 fnt\n|faint|p1a: Charizard\n|\n|-weather|SunnyDay|[upkeep]\n|-start|p2a: Gengar|perish0\n|-start|p1b: Venusaur|perish0\n|upkeep\n|faint|p2a: Gengar\n|faint|p1b: Venusaur\n|\n|win|Swapnil50\n|raw|Swapnil50's rating: 1083 &rarr; <strong>1116</strong><br />(+33 for winning)\n|raw|Rockletz's rating: 1151 &rarr; <strong>1121</strong><br />(-30 for losing)\n|l|\u2606Rockletz\n|player|p2|\n|j| ArKaneVGC\n|j| nonchalant eboy\n|j| shocccco<3\n|j| Jamstiffer\n|j| EnesBatur\n|l| EnesBatur\n|j| holdingb\n|l| nonchalant eboy\n|l|\u2606Swapnil50\n|player|p1|\n|j| hydreigonguy\n|l| Jamstiffer\n|j| Jamstiffer\n|l| hydreigonguy\n|l| Jamstiffer\n|j| Jamstiffer\n",
  "uploadtime": 1776232268,
  "views": 23,
  "formatid": "gen9championsvgc2026regma",
  "rating": 1116,
  "private": 0,
  "password": null
}