{
  "id": "gen9championsvgc2026regma-2581811763",
  "format": "[Gen 9 Champions] VGC 2026 Reg M-A",
  "players": [
    "touch my ting lu",
    "Pokeventurer"
  ],
  "log": "|j|\u2606touch my ting lu\n|j|\u2606Pokeventurer\n|t:|1776030365\n|gametype|doubles\n|player|p1|touch my ting lu|265|\n|player|p2|Pokeventurer|265|\n|gen|9\n|tier|[Gen 9 Champions] VGC 2026 Reg M-A\n|rated|Tournament battle\n|rule|Species Clause: Limit one of each Pok\u00e9mon\n|rule|Item Clause: Limit 1 of each item\n|raw|<div class=\"infobox\"><details class=\"readmore\" open><summary><strong>1 custom rule:</strong></summary> Force Open Team Sheets</details></div>\n|clearpoke\n|poke|p1|Aerodactyl, L50, F|\n|poke|p1|Sylveon, L50, M|\n|poke|p1|Incineroar, L50, M|\n|poke|p1|Meganium, L50, F|\n|poke|p1|Rotom-Wash, L50|\n|poke|p1|Garchomp, L50, M|\n|poke|p2|Pelipper, L50, M|\n|poke|p2|Basculegion, L50, M|\n|poke|p2|Archaludon, L50, M|\n|poke|p2|Incineroar, L50, F|\n|poke|p2|Gengar, L50, M|\n|poke|p2|Sinistcha, L50|\n|teampreview|4\n|showteam|p1|Aerodactyl||FocusSash|Unnerve|RockSlide,Taunt,Tailwind,Protect|||F|||50|]Sylveon||FairyFeather|Pixilate|HyperVoice,QuickAttack,Protect,Substitute|||M|||50|]Incineroar||ChopleBerry|Intimidate|FakeOut,FlareBlitz,PartingShot,DarkestLariat|||M|||50|]Meganium||Meganiumite|LeafGuard|SolarBeam,DazzlingGleam,WeatherBall,Protect|||F|||50|]Rotom-Wash||SitrusBerry|Levitate|Thunderbolt,HydroPump,WillOWisp,LightScreen||||||50|]Garchomp||SoftSand|RoughSkin|DragonClaw,StompingTantrum,Earthquake,Protect|||M|||50|\n|showteam|p2|Pelipper||FocusSash|Drizzle|WeatherBall,Hurricane,Tailwind,Protect|||M|||50|]Basculegion||MysticWater|SwiftSwim|WaveCrash,LastRespects,AquaJet,Protect|||M|||50|]Archaludon||ShucaBerry|Stamina|ElectroShot,FlashCannon,AuraSphere,Protect|||M|||50|]Incineroar||ChopleBerry|Intimidate|FakeOut,FlareBlitz,PartingShot,CloseCombat|||F|||50|]Gengar||Gengarite|CursedBody|ShadowBall,SludgeBomb,PerishSong,Protect|||M|||50|]Sinistcha||SitrusBerry|Hospitality|MatchaGotcha,RagePowder,TrickRoom,LifeDew||||||50|\n|inactive|Battle timer is ON: inactive players will automatically lose when time's up. (requested by Pokeventurer)\n|\n|t:|1776030390\n|teamsize|p1|4\n|teamsize|p2|4\n|start\n|switch|p1a: Rotom|Rotom-Wash, L50|100/100\n|switch|p1b: Aerodactyl|Aerodactyl, L50, F, shiny|100/100\n|switch|p2a: Gengar|Gengar, L50, M|100/100\n|switch|p2b: Incineroar|Incineroar, L50, F|100/100\n|-ability|p1b: Aerodactyl|Unnerve\n|-ability|p2b: Incineroar|Intimidate|boost\n|-unboost|p1a: Rotom|atk|1\n|-unboost|p1b: Aerodactyl|atk|1\n|turn|1\n|\n|t:|1776030404\n|switch|p1b: Incineroar|Incineroar, L50, M|100/100\n|-ability|p1b: Incineroar|Intimidate|boost\n|-unboost|p2a: Gengar|atk|1\n|-unboost|p2b: Incineroar|atk|1\n|detailschange|p2a: Gengar|Gengar-Mega, L50, M\n|-mega|p2a: Gengar|Gengar|Gengarite\n|move|p2b: Incineroar|Fake Out|p1b: Incineroar\n|-damage|p1b: Incineroar|91/100\n|move|p2a: Gengar|Perish Song|p2a: Gengar\n|-start|p1a: Rotom|perish3|[silent]\n|-start|p1b: Incineroar|perish3|[silent]\n|-start|p2a: Gengar|perish3|[silent]\n|-start|p2b: Incineroar|perish3|[silent]\n|-fieldactivate|move: Perish Song\n|move|p1a: Rotom|Hydro Pump|p2b: Incineroar\n|-supereffective|p2b: Incineroar|1\n|-damage|p2b: Incineroar|1/100\n|\n|-start|p2a: Gengar|perish3\n|-start|p1a: Rotom|perish3\n|-start|p1b: Incineroar|perish3\n|-start|p2b: Incineroar|perish3\n|upkeep\n|turn|2\n|\n|t:|1776030421\n|switch|p2b: Basculegion|Basculegion, L50, M|100/100\n|move|p2a: Gengar|Protect|p2a: Gengar\n|-singleturn|p2a: Gengar|Protect\n|move|p1a: Rotom|Light Screen|p1a: Rotom\n|-sidestart|p1: touch my ting lu|move: Light Screen\n|move|p1b: Incineroar|Parting Shot|p2b: Basculegion\n|-unboost|p2b: Basculegion|atk|1\n|-unboost|p2b: Basculegion|spa|1\n|\n|t:|1776030427\n|switch|p1b: Aerodactyl|Aerodactyl, L50, F, shiny|100/100|[from] Parting Shot\n|-ability|p1b: Aerodactyl|Unnerve\n|\n|-start|p2a: Gengar|perish2\n|-start|p1a: Rotom|perish2\n|upkeep\n|turn|3\n|\n|t:|1776030437\n|move|p1b: Aerodactyl|Rock Slide|p2a: Gengar|[spread] p2a,p2b\n|-damage|p2a: Gengar|65/100\n|-damage|p2b: Basculegion|67/100\n|move|p2a: Gengar|Shadow Ball|p1b: Aerodactyl\n|-damage|p1b: Aerodactyl|47/100\n|-unboost|p1b: Aerodactyl|spd|1\n|move|p2b: Basculegion|Wave Crash|p1b: Aerodactyl\n|-supereffective|p1b: Aerodactyl|1\n|-damage|p1b: Aerodactyl|0 fnt\n|faint|p1b: Aerodactyl\n|-damage|p2b: Basculegion|55/100|[from] Recoil\n|move|p1a: Rotom|Hydro Pump|p2a: Gengar\n|-damage|p2a: Gengar|5/100\n|\n|-start|p2a: Gengar|perish1\n|-start|p1a: Rotom|perish1\n|upkeep\n|\n|t:|1776030458\n|switch|p1b: Incineroar|Incineroar, L50, M|91/100\n|-ability|p1b: Incineroar|Intimidate|boost\n|-unboost|p2a: Gengar|atk|1\n|-unboost|p2b: Basculegion|atk|1\n|turn|4\n|\n|t:|1776030465\n|switch|p2a: Incineroar|Incineroar, L50, F|1/100\n|-ability|p2a: Incineroar|Intimidate|boost\n|-unboost|p1a: Rotom|atk|1\n|-unboost|p1b: Incineroar|atk|1\n|switch|p2b: Pelipper|Pelipper, L50, M|100/100\n|-weather|RainDance|[from] ability: Drizzle|[of] p2b: Pelipper\n|move|p1a: Rotom|Thunderbolt|p2b: Pelipper\n|-supereffective|p2b: Pelipper|2\n|-enditem|p2b: Pelipper|Focus Sash\n|-damage|p2b: Pelipper|1/100\n|move|p1b: Incineroar|Darkest Lariat|p2b: Pelipper\n|-damage|p2b: Pelipper|0 fnt\n|faint|p2b: Pelipper\n|\n|-weather|RainDance|[upkeep]\n|-start|p1a: Rotom|perish0\n|faint|p1a: Rotom\n|upkeep\n|\n|t:|1776030485\n|switch|p2b: Gengar|Gengar-Mega, L50, M|5/100\n|switch|p1a: Meganium|Meganium, L50, F|100/100\n|turn|5\n|\n|t:|1776030498\n|move|p2a: Incineroar|Fake Out|p1b: Incineroar\n|-damage|p1b: Incineroar|78/100\n|move|p2b: Gengar|Sludge Bomb|p1a: Meganium\n|-supereffective|p1a: Meganium|1\n|-damage|p1a: Meganium|13/100\n|-status|p1a: Meganium|psn\n|move|p1a: Meganium|Dazzling Gleam|p2a: Incineroar|[spread] p2a,p2b\n|-resisted|p2b: Gengar|1\n|-damage|p2a: Incineroar|0 fnt\n|-damage|p2b: Gengar|0 fnt\n|faint|p2a: Incineroar\n|faint|p2b: Gengar\n|cant|p1b: Incineroar|flinch\n|\n|-weather|RainDance|[upkeep]\n|-damage|p1a: Meganium|1/100 psn|[from] psn\n|upkeep\n|c|\u2606Pokeventurer|gg\n|\n|t:|1776030504\n|switch|p2b: Basculegion|Basculegion, L50, M|55/100\n|turn|6\n|\n|t:|1776030509\n|move|p2b: Basculegion|Protect|p2b: Basculegion\n|-singleturn|p2b: Basculegion|Protect\n|move|p1a: Meganium|Dazzling Gleam|p2b: Basculegion\n|-activate|p2b: Basculegion|move: Protect\n|move|p1b: Incineroar|Darkest Lariat|p2b: Basculegion\n|-activate|p2b: Basculegion|move: Protect\n|\n|-weather|RainDance|[upkeep]\n|-damage|p1a: Meganium|0 fnt|[from] psn\n|faint|p1a: Meganium\n|-sideend|p1: touch my ting lu|move: Light Screen\n|upkeep\n|turn|7\n|\n|t:|1776030514\n|move|p2b: Basculegion|Wave Crash|p1b: Incineroar\n|-supereffective|p1b: Incineroar|1\n|-damage|p1b: Incineroar|0 fnt\n|faint|p1b: Incineroar\n|-damage|p2b: Basculegion|29/100|[from] Recoil\n|\n|win|Pokeventurer\n|n|\u2606touch my ting lu|touchmytinglu\n|n|\u2606Pokeventurer|pokeventurer\n|l|\u2606touch my ting lu\n|player|p1|\n",
  "uploadtime": 1776030517,
  "views": 17,
  "formatid": "gen9championsvgc2026regma",
  "rating": null,
  "private": 0,
  "password": null
}