{
  "id": "gen9championsvgc2026regma-2582559198",
  "format": "[Gen 9 Champions] VGC 2026 Reg M-A",
  "players": [
    "rajyesh1",
    "mort980"
  ],
  "log": "|j|\u2606rajyesh1\n|j|\u2606mort980\n|t:|1776099333\n|gametype|doubles\n|player|p1|rajyesh1|lucas|1060\n|player|p2|mort980|wattson|1000\n|gen|9\n|tier|[Gen 9 Champions] VGC 2026 Reg M-A\n|rated|\n|rule|Species Clause: Limit one of each Pok\u00e9mon\n|rule|Item Clause: Limit 1 of each item\n|clearpoke\n|poke|p1|Charizard, L50, F|\n|poke|p1|Venusaur, L50, F|\n|poke|p1|Garchomp, L50, M|\n|poke|p1|Rotom-Wash, L50|\n|poke|p1|Sneasler, L50, M|\n|poke|p1|Incineroar, L50, M|\n|poke|p2|Whimsicott, L50, F|\n|poke|p2|Charizard, L50, F|\n|poke|p2|Venusaur, L50, F|\n|poke|p2|Incineroar, L50, M|\n|teampreview|4\n|inactive|Battle timer is ON: inactive players will automatically lose when time's up. (requested by rajyesh1)\nmort980 has agreed to open team sheets.\n|inactive|rajyesh1 has 60 seconds left.\n|inactive|rajyesh1 has 30 seconds left.\n|inactive|rajyesh1 has 20 seconds left.\n|\n|t:|1776099403\n|teamsize|p1|4\n|teamsize|p2|4\n|start\n|switch|p1a: Sneasler|Sneasler, L50, M|100/100\n|switch|p1b: Rotom|Rotom-Wash, L50|100/100\n|switch|p2a: Whimsicott|Whimsicott, L50, F, shiny|100/100\n|switch|p2b: Charizard|Charizard, L50, F, shiny|100/100\n|turn|1\n|inactive|rajyesh1 has 30 seconds left.\n|inactive|mort980 has 30 seconds left.\n|\n|t:|1776099433\n|detailschange|p2b: Charizard|Charizard-Mega-Y, L50, F, shiny\n|-mega|p2b: Charizard|Charizard|Charizardite Y\n|-weather|SunnyDay|[from] ability: Drought|[of] p2b: Charizard\n|move|p2a: Whimsicott|Tailwind|p2a: Whimsicott\n|-sidestart|p2: mort980|move: Tailwind\n|move|p2b: Charizard|Solar Beam||[still]\n|-prepare|p2b: Charizard|Solar Beam\n|-anim|p2b: Charizard|Solar Beam|p1b: Rotom\n|-supereffective|p1b: Rotom|1\n|-damage|p1b: Rotom|0 fnt\n|faint|p1b: Rotom\n|move|p1a: Sneasler|Dire Claw|p2a: Whimsicott\n|-supereffective|p2a: Whimsicott|2\n|-enditem|p2a: Whimsicott|Focus Sash\n|-damage|p2a: Whimsicott|1/100\n|\n|-weather|SunnyDay|[upkeep]\n|upkeep\n|\n|t:|1776099453\n|switch|p1b: Garchomp|Garchomp, L50, M|100/100\n|turn|2\n|inactive|mort980 has 30 seconds left.\n|\n|t:|1776099481\n|move|p2a: Whimsicott|Moonblast|p1b: Garchomp\n|-supereffective|p1b: Garchomp|1\n|-damage|p1b: Garchomp|37/100\n|move|p2b: Charizard|Scorching Sands|p1a: Sneasler\n|-supereffective|p1a: Sneasler|1\n|-damage|p1a: Sneasler|18/100\n|-status|p1a: Sneasler|brn\n|move|p1b: Garchomp|Rock Slide|p2a: Whimsicott|[spread] p2a,p2b\n|-supereffective|p2b: Charizard|2\n|-damage|p2a: Whimsicott|0 fnt\n|-damage|p2b: Charizard|0 fnt\n|faint|p2a: Whimsicott\n|faint|p2b: Charizard\n|move|p1a: Sneasler|Rock Tomb|p2: Whimsicott|[notarget]\n|-fail|p1a: Sneasler\n|\n|-weather|SunnyDay|[upkeep]\n|-damage|p1a: Sneasler|12/100 brn|[from] brn\n|upkeep\n|\n|t:|1776099496\n|switch|p2a: Venusaur|Venusaur, L50, F|100/100\n|switch|p2b: Incineroar|Incineroar, L50, M|100/100\n|-ability|p2b: Incineroar|Intimidate|boost\n|-unboost|p1a: Sneasler|atk|1\n|-unboost|p1b: Garchomp|atk|1\n|-enditem|p1a: Sneasler|White Herb\n|-clearnegativeboost|p1a: Sneasler|[silent]\n|turn|3\n|\n|t:|1776099515\n|move|p2b: Incineroar|Fake Out|p1a: Sneasler\n|-damage|p1a: Sneasler|0 fnt\n|faint|p1a: Sneasler\n|move|p2a: Venusaur|Solar Beam||[still]\n|-prepare|p2a: Venusaur|Solar Beam\n|-anim|p2a: Venusaur|Solar Beam|p1b: Garchomp\n|-damage|p1b: Garchomp|0 fnt\n|faint|p1b: Garchomp\n|\n|-weather|SunnyDay|[upkeep]\n|upkeep\n|\n|t:|1776099523\n|switch|p1b: Charizard|Charizard, L50, F|100/100\n|turn|4\n|\n|t:|1776099535\n|detailschange|p1b: Charizard|Charizard-Mega-Y, L50, F\n|-mega|p1b: Charizard|Charizard|Charizardite Y\n|move|p1b: Charizard|Protect|p1b: Charizard\n|-singleturn|p1b: Charizard|Protect\n|move|p2a: Venusaur|Sleep Powder|p1b: Charizard\n|-activate|p1b: Charizard|move: Protect\n|move|p2b: Incineroar|Darkest Lariat|p1b: Charizard\n|-activate|p1b: Charizard|move: Protect\n|\n|-weather|SunnyDay|[upkeep]\n|-sideend|p2: mort980|move: Tailwind\n|upkeep\n|turn|5\n|\n|t:|1776099555\n|move|p2a: Venusaur|Sleep Powder|p1b: Charizard|[miss]\n|-miss|p2a: Venusaur|p1b: Charizard\n|move|p1b: Charizard|Heat Wave|p2a: Venusaur|[spread] p2a,p2b\n|-supereffective|p2a: Venusaur|1\n|-resisted|p2b: Incineroar|1\n|-damage|p2a: Venusaur|0 fnt\n|-damage|p2b: Incineroar|77/100\n|faint|p2a: Venusaur\n|move|p2b: Incineroar|Parting Shot|p1b: Charizard\n|-unboost|p1b: Charizard|atk|1\n|-unboost|p1b: Charizard|spa|1\n|\n|-weather|none\n|upkeep\n|turn|6\n|\n|t:|1776099569\n|move|p1b: Charizard|Weather Ball|p2b: Incineroar\n|-damage|p2b: Incineroar|66/100\n|move|p2b: Incineroar|Darkest Lariat|p1b: Charizard\n|-damage|p1b: Charizard|47/100\n|\n|upkeep\n|turn|7\n|-message|rajyesh1 forfeited.\n|\n|win|mort980\n|raw|rajyesh1's rating: 1060 &rarr; <strong>1038</strong><br />(-22 for losing)\n|raw|mort980's rating: 1000 &rarr; <strong>1047</strong><br />(+47 for winning)\n",
  "uploadtime": 1776099579,
  "views": 10,
  "formatid": "gen9championsvgc2026regma",
  "rating": 1038,
  "private": 0,
  "password": null
}