{
  "id": "gen9championsvgc2026regma-2581029998",
  "format": "[Gen 9 Champions] VGC 2026 Reg M-A",
  "players": [
    "caramelpainn",
    "Zilluhh"
  ],
  "log": "|j|\u2606caramelpainn\n|j|\u2606Zilluhh\n|t:|1775953288\n|gametype|doubles\n|player|p1|caramelpainn|cynthia-masters|1002\n|player|p2|Zilluhh|101|1057\n|gen|9\n|tier|[Gen 9 Champions] VGC 2026 Reg M-A\n|rated|\n|rule|Species Clause: Limit one of each Pok\u00e9mon\n|rule|Item Clause: Limit 1 of each item\n|clearpoke\n|poke|p1|Aerodactyl, L50, F|\n|poke|p1|Incineroar, L50, F|\n|poke|p1|Primarina, L50, F|\n|poke|p1|Volcarona, L50, M|\n|poke|p1|Scovillain, L50, M|\n|poke|p1|Kingambit, L50, F|\n|poke|p2|Lopunny, L50, F|\n|poke|p2|Venusaur, L50, M|\n|poke|p2|Rotom-Wash, L50|\n|poke|p2|Aegislash, L50, M|\n|poke|p2|Garchomp, L50, M|\n|poke|p2|Incineroar, L50, M|\n|teampreview|4\n|inactive|Battle timer is ON: inactive players will automatically lose when time's up. (requested by caramelpainn)\n|inactive|Zilluhh has 60 seconds left.\n|inactive|Zilluhh has 30 seconds left.\n|inactive|Zilluhh has 20 seconds left.\n|\n|t:|1775953379\n|teamsize|p1|4\n|teamsize|p2|4\n|start\n|switch|p1a: Scovillain|Scovillain, L50, M|100/100\n|switch|p1b: Radiance|Volcarona, L50, M, shiny|100/100\n|switch|p2a: Lopunny|Lopunny, L50, F|100/100\n|switch|p2b: Rotom|Rotom-Wash, L50|100/100\n|turn|1\n|\n|t:|1775953403\n|detailschange|p2a: Lopunny|Lopunny-Mega, L50, F\n|-mega|p2a: Lopunny|Lopunny|Lopunnite\n|detailschange|p1a: Scovillain|Scovillain-Mega, L50, M\n|-mega|p1a: Scovillain|Scovillain|Scovillainite\n|move|p2a: Lopunny|Fake Out|p1a: Scovillain\n|-damage|p1a: Scovillain|79/100\n|-status|p2a: Lopunny|brn|[from] ability: Spicy Spray|[of] p1a: Scovillain\n|cant|p1a: Scovillain|flinch\n|move|p1b: Radiance|Quiver Dance|p1b: Radiance\n|-boost|p1b: Radiance|spa|1\n|-boost|p1b: Radiance|spd|1\n|-boost|p1b: Radiance|spe|1\n|move|p2b: Rotom|Hydro Pump|p1b: Radiance\n|-supereffective|p1b: Radiance|1\n|-damage|p1b: Radiance|26/100\n|\n|-damage|p2a: Lopunny|94/100 brn|[from] brn\n|upkeep\n|turn|2\n|inactive|Zilluhh has 30 seconds left.\n|\n|t:|1775953430\n|move|p1b: Radiance|Protect|p1b: Radiance\n|-singleturn|p1b: Radiance|Protect\n|move|p2a: Lopunny|Encore|p1b: Radiance\n|-activate|p1b: Radiance|move: Protect\n|move|p2b: Rotom|Hydro Pump|p1a: Scovillain\n|-damage|p1a: Scovillain|32/100\n|-status|p2b: Rotom|brn|[from] ability: Spicy Spray|[of] p1a: Scovillain\n|move|p1a: Scovillain|Leech Seed|p2b: Rotom\n|-start|p2b: Rotom|move: Leech Seed\n|\n|-damage|p2b: Rotom|88/100 brn|[from] Leech Seed|[of] p1a: Scovillain\n|-heal|p1a: Scovillain|43/100|[silent]\n|-damage|p2a: Lopunny|88/100 brn|[from] brn\n|-damage|p2b: Rotom|83/100 brn|[from] brn\n|upkeep\n|turn|3\n|inactive|caramelpainn has 30 seconds left.\n|\n|t:|1775953457\n|move|p1a: Scovillain|Rage Powder|p1a: Scovillain\n|-singleturn|p1a: Scovillain|move: Rage Powder\n|move|p2a: Lopunny|Encore|p1a: Scovillain\n|-start|p1a: Scovillain|Encore\n|move|p1b: Radiance|Giga Drain|p2b: Rotom\n|-supereffective|p2b: Rotom|1\n|-damage|p2b: Rotom|2/100 brn\n|-heal|p1b: Radiance|63/100|[from] drain|[of] p2b: Rotom\n|-enditem|p2b: Rotom|Sitrus Berry|[eat]\n|-heal|p2b: Rotom|27/100 brn|[from] item: Sitrus Berry\n|move|p2b: Rotom|Hydro Pump|p1a: Scovillain\n|-damage|p1a: Scovillain|3/100\n|\n|-damage|p2b: Rotom|15/100 brn|[from] Leech Seed|[of] p1a: Scovillain\n|-heal|p1a: Scovillain|14/100|[silent]\n|-damage|p2a: Lopunny|82/100 brn|[from] brn\n|-damage|p2b: Rotom|9/100 brn|[from] brn\n|upkeep\n|turn|4\n|inactive|Zilluhh has 30 seconds left.\n|\n|t:|1775953486\n|switch|p2b: Aegislash|Aegislash, L50, M, shiny|100/100\n|move|p1a: Scovillain|Rage Powder|p1a: Scovillain\n|-singleturn|p1a: Scovillain|move: Rage Powder\n|move|p2a: Lopunny|High Jump Kick|p1a: Scovillain\n|-damage|p1a: Scovillain|0 fnt\n|faint|p1a: Scovillain\n|move|p1b: Radiance|Quiver Dance|p1b: Radiance\n|-boost|p1b: Radiance|spa|1\n|-boost|p1b: Radiance|spd|1\n|-boost|p1b: Radiance|spe|1\n|\n|-damage|p2a: Lopunny|76/100 brn|[from] brn\n|upkeep\n|\n|t:|1775953492\n|switch|p1a: Incineroar|Incineroar, L50, F|100/100\n|-ability|p1a: Incineroar|Intimidate|boost\n|-fail|p2a: Lopunny|unboost|Attack|[from] ability: Scrappy|[of] p2a: Lopunny\n|-unboost|p2b: Aegislash|atk|1\n|turn|5\n|inactive|Zilluhh has 30 seconds left.\n|inactive|Zilluhh has 20 seconds left.\n|\n|t:|1775953528\n|move|p1b: Radiance|Giga Drain|p2a: Lopunny\n|-damage|p2a: Lopunny|15/100 brn\n|-heal|p1b: Radiance|89/100|[from] drain|[of] p2a: Lopunny\n|move|p2a: Lopunny|Encore|p1b: Radiance\n|-start|p1b: Radiance|Encore\n|-enditem|p1b: Radiance|Mental Herb\n|-end|p1b: Radiance|Encore\n|-formechange|p2b: Aegislash|Aegislash-Blade|\n|move|p2b: Aegislash|Shadow Ball|p1b: Radiance\n|-damage|p1b: Radiance|68/100\n|move|p1a: Incineroar|Parting Shot|p2b: Aegislash\n|-unboost|p2b: Aegislash|atk|1\n|-unboost|p2b: Aegislash|spa|1\n|\n|t:|1775953533\n|switch|p1a: Aerodactyl|Aerodactyl, L50, F|100/100|[from] Parting Shot\n|-ability|p1a: Aerodactyl|Unnerve\n|\n|-damage|p2a: Lopunny|9/100 brn|[from] brn\n|upkeep\n|turn|6\n|\n|t:|1775953555\n|switch|p2a: Rotom|Rotom-Wash, L50|9/100 brn\n|move|p2b: Aegislash|Wide Guard|p2b: Aegislash\n|-singleturn|p2b: Aegislash|Wide Guard\n|move|p1b: Radiance|Heat Wave|p2a: Rotom|[spread] \n|-activate|p2a: Rotom|move: Wide Guard\n|-activate|p2b: Aegislash|move: Wide Guard\n|move|p1a: Aerodactyl|Tailwind|p1a: Aerodactyl\n|-sidestart|p1: caramelpainn|move: Tailwind\n|\n|-damage|p2a: Rotom|3/100 brn|[from] brn\n|upkeep\n|turn|7\n|inactive|Zilluhh has 30 seconds left.\n|\n|t:|1775953591\n|switch|p1a: Incineroar|Incineroar, L50, F|100/100\n|-ability|p1a: Incineroar|Intimidate|boost\n|-unboost|p2a: Rotom|atk|1\n|-unboost|p2b: Aegislash|atk|1\n|move|p2a: Rotom|Protect|p2a: Rotom\n|-singleturn|p2a: Rotom|Protect\n|move|p2b: Aegislash|Wide Guard|p2b: Aegislash\n|-singleturn|p2b: Aegislash|Wide Guard\n|move|p1b: Radiance|Giga Drain|p2a: Rotom\n|-activate|p2a: Rotom|move: Protect\n|\n|-damage|p2a: Rotom|0 fnt|[from] brn\n|faint|p2a: Rotom\n|upkeep\n|\n|t:|1775953609\n|switch|p2a: Venusaur|Venusaur, L50, M|100/100\n|turn|8\n|\n|t:|1775953624\n|move|p2a: Venusaur|Protect|p2a: Venusaur\n|-singleturn|p2a: Venusaur|Protect\n|move|p1b: Radiance|Giga Drain|p2a: Venusaur\n|-activate|p2a: Venusaur|move: Protect\n|move|p1a: Incineroar|Flare Blitz|p2b: Aegislash\n|-supereffective|p2b: Aegislash|1\n|-damage|p2b: Aegislash|0 fnt\n|faint|p2b: Aegislash\n|-damage|p1a: Incineroar|73/100|[from] Recoil\n|\n|upkeep\n|\n|t:|1775953627\n|switch|p2b: Lopunny|Lopunny-Mega, L50, F|9/100 brn\n|turn|9\n|inactive|Zilluhh has 30 seconds left.\n|-message|Zilluhh forfeited.\n|\n|win|caramelpainn\n|raw|caramelpainn's rating: 1002 &rarr; <strong>1048</strong><br />(+46 for winning)\n|raw|Zilluhh's rating: 1057 &rarr; <strong>1036</strong><br />(-21 for losing)\n|l|\u2606Zilluhh\n|player|p2|\n",
  "uploadtime": 1775953656,
  "views": 15,
  "formatid": "gen9championsvgc2026regma",
  "rating": 1036,
  "private": 0,
  "password": null
}