{
  "id": "gen9championsvgc2026regma-2588322546",
  "format": "[Gen 9 Champions] VGC 2026 Reg M-A",
  "players": [
    "yuriimon",
    "Filipe 5x"
  ],
  "log": "|j|\u2606yuriimon\n|j|\u2606Filipe 5x\n|t:|1776624016\n|gametype|doubles\n|player|p1|yuriimon|waitress-gen4|1048\n|player|p2|Filipe 5x|veteran|1062\n|gen|9\n|tier|[Gen 9 Champions] VGC 2026 Reg M-A\n|rated|\n|rule|Species Clause: Limit one of each Pok\u00e9mon\n|rule|Item Clause: Limit 1 of each item\n|clearpoke\n|poke|p1|Glimmora, L50, F|\n|poke|p1|Archaludon, L50, F|\n|poke|p1|Politoed, L50, M|\n|poke|p1|Chesnaught, L50, F|\n|poke|p1|Incineroar, L50, M|\n|poke|p1|Garchomp, L50, F|\n|poke|p2|Tyrantrum, L50, M|\n|poke|p2|Tyranitar, L50, M|\n|poke|p2|Whimsicott, L50, F|\n|poke|p2|Arcanine, L50, M|\n|poke|p2|Rotom-Wash, L50|\n|poke|p2|Corviknight, L50, M|\n|teampreview|4\n|inactive|Battle timer is ON: inactive players will automatically lose when time's up. (requested by yuriimon)\n|\n|t:|1776624045\n|teamsize|p1|4\n|teamsize|p2|4\n|start\n|switch|p1a: Garchomp|Garchomp, L50, F|100/100\n|switch|p1b: Incineroar|Incineroar, L50, M|100/100\n|switch|p2a: Whimsicott|Whimsicott, L50, F|100/100\n|switch|p2b: Rotom|Rotom-Wash, L50|100/100\n|-ability|p1b: Incineroar|Intimidate|boost\n|-unboost|p2a: Whimsicott|atk|1\n|-unboost|p2b: Rotom|atk|1\n|turn|1\n|\n|t:|1776624057\n|move|p1b: Incineroar|Fake Out|p2a: Whimsicott\n|-damage|p2a: Whimsicott|85/100\n|cant|p2a: Whimsicott|flinch\n|move|p1a: Garchomp|Rock Slide|p2a: Whimsicott|[spread] p2a,p2b\n|-damage|p2a: Whimsicott|53/100\n|-damage|p2b: Rotom|73/100\n|cant|p2b: Rotom|flinch\n|\n|-heal|p2b: Rotom|79/100|[from] item: Leftovers\n|upkeep\n|turn|2\n|\n|t:|1776624078\n|switch|p1b: Archaludon|Archaludon, L50, F|100/100\n|move|p2a: Whimsicott|Tailwind|p2a: Whimsicott\n|-sidestart|p2: Filipe 5x|move: Tailwind\n|move|p2b: Rotom|Will-O-Wisp|p1a: Garchomp|[miss]\n|-miss|p2b: Rotom|p1a: Garchomp\n|move|p1a: Garchomp|Rock Slide|p2a: Whimsicott|[spread] p2a\n|-miss|p1a: Garchomp|p2b: Rotom\n|-damage|p2a: Whimsicott|22/100\n|\n|-heal|p2b: Rotom|85/100|[from] item: Leftovers\n|upkeep\n|turn|3\n|\n|t:|1776624102\n|switch|p1a: Politoed|Politoed, L50, M|100/100\n|-weather|RainDance|[from] ability: Drizzle|[of] p1a: Politoed\n|move|p2a: Whimsicott|Moonblast|p1a: Politoed\n|-damage|p1a: Politoed|69/100\n|move|p2b: Rotom|Hydro Pump|p1a: Politoed\n|-resisted|p1a: Politoed|1\n|-damage|p1a: Politoed|31/100\n|move|p1b: Archaludon|Electro Shot||[still]\n|-prepare|p1b: Archaludon|Electro Shot\n|-boost|p1b: Archaludon|spa|1\n|-anim|p1b: Archaludon|Electro Shot|p2b: Rotom\n|-damage|p2b: Rotom|5/100\n|\n|-weather|RainDance|[upkeep]\n|-heal|p2b: Rotom|10/100|[from] item: Leftovers\n|upkeep\n|turn|4\n|inactive|Filipe 5x has 30 seconds left.\n|\n|t:|1776624132\n|switch|p2a: Tyranitar|Tyranitar, L50, M|100/100\n|-weather|Sandstorm|[from] ability: Sand Stream|[of] p2a: Tyranitar\n|move|p1a: Politoed|Protect|p1a: Politoed\n|-singleturn|p1a: Politoed|Protect\n|move|p2b: Rotom|Hydro Pump|p1a: Politoed\n|-activate|p1a: Politoed|move: Protect\n|move|p1b: Archaludon|Electro Shot||[still]\n|-prepare|p1b: Archaludon|Electro Shot\n|-boost|p1b: Archaludon|spa|1\n|\n|-weather|Sandstorm|[upkeep]\n|-damage|p2b: Rotom|5/100|[from] Sandstorm\n|-damage|p1a: Politoed|25/100|[from] Sandstorm\n|-heal|p2b: Rotom|10/100|[from] item: Leftovers\n|upkeep\n|turn|5\n|\n|t:|1776624145\n|switch|p1a: Garchomp|Garchomp, L50, F|100/100\n|move|p2a: Tyranitar|Protect|p2a: Tyranitar\n|-singleturn|p2a: Tyranitar|Protect\n|move|p2b: Rotom|Will-O-Wisp|p1b: Archaludon\n|-status|p1b: Archaludon|brn\n|move|p1b: Archaludon|Electro Shot|p2b: Rotom|[from] lockedmove\n|-damage|p2b: Rotom|0 fnt\n|faint|p2b: Rotom\n|\n|-weather|Sandstorm|[upkeep]\n|-damage|p1b: Archaludon|94/100 brn|[from] brn\n|-sideend|p2: Filipe 5x|move: Tailwind\n|upkeep\n|\n|t:|1776624155\n|switch|p2b: Whimsicott|Whimsicott, L50, F|22/100\n|turn|6\n|\n|t:|1776624176\n|move|p1b: Archaludon|Protect|p1b: Archaludon\n|-singleturn|p1b: Archaludon|Protect\n|move|p1a: Garchomp|Earthquake|p2a: Tyranitar|[spread] p2a,p2b\n|-activate|p1b: Archaludon|move: Protect\n|-supereffective|p2a: Tyranitar|1\n|-resisted|p2b: Whimsicott|1\n|-damage|p2a: Tyranitar|40/100\n|-damage|p2b: Whimsicott|0 fnt\n|faint|p2b: Whimsicott\n|move|p2a: Tyranitar|Earthquake|p1b: Archaludon|[spread] p1a\n|-activate|p1b: Archaludon|move: Protect\n|-damage|p1a: Garchomp|71/100\n|\n|-weather|Sandstorm|[upkeep]\n|-damage|p1b: Archaludon|88/100 brn|[from] brn\n|upkeep\n|\n|t:|1776624182\n|switch|p2b: Tyrantrum|Tyrantrum, L50, M|100/100\n|turn|7\n|\n|t:|1776624205\n|switch|p1b: Politoed|Politoed, L50, M|25/100\n|-weather|RainDance|[from] ability: Drizzle|[of] p1b: Politoed\n|move|p2a: Tyranitar|Protect|p2a: Tyranitar\n|-singleturn|p2a: Tyranitar|Protect\n|move|p1a: Garchomp|Earthquake|p2a: Tyranitar|[spread] p1b,p2b\n|-activate|p2a: Tyranitar|move: Protect\n|-supereffective|p2b: Tyrantrum|1\n|-damage|p1b: Politoed|0 fnt\n|-damage|p2b: Tyrantrum|22/100\n|faint|p1b: Politoed\n|move|p2b: Tyrantrum|Ice Fang|p1a: Garchomp\n|-supereffective|p1a: Garchomp|2\n|-damage|p1a: Garchomp|0 fnt\n|-damage|p2b: Tyrantrum|9/100|[from] ability: Rough Skin|[of] p1a: Garchomp\n|faint|p1a: Garchomp\n|\n|-weather|RainDance|[upkeep]\n|upkeep\n|\n|t:|1776624218\n|switch|p1a: Archaludon|Archaludon, L50, F|88/100 brn\n|switch|p1b: Incineroar|Incineroar, L50, M|100/100\n|-ability|p1b: Incineroar|Intimidate|boost\n|-unboost|p2a: Tyranitar|atk|1\n|-unboost|p2b: Tyrantrum|atk|1\n|turn|8\n|\n|t:|1776624237\n|detailschange|p2a: Tyranitar|Tyranitar-Mega, L50, M\n|-mega|p2a: Tyranitar|Tyranitar|Tyranitarite\n|-weather|Sandstorm|[from] ability: Sand Stream|[of] p2a: Tyranitar\n|move|p1b: Incineroar|Fake Out|p2b: Tyrantrum\n|-resisted|p2b: Tyrantrum|1\n|-damage|p2b: Tyrantrum|4/100\n|cant|p2b: Tyrantrum|flinch\n|move|p1a: Archaludon|Electro Shot||[still]\n|-prepare|p1a: Archaludon|Electro Shot\n|-boost|p1a: Archaludon|spa|1\n|move|p2a: Tyranitar|Earthquake|p1b: Incineroar|[spread] p2b,p1a,p1b\n|-supereffective|p2b: Tyrantrum|1\n|-crit|p2b: Tyrantrum\n|-supereffective|p1a: Archaludon|1\n|-supereffective|p1b: Incineroar|1\n|-damage|p2b: Tyrantrum|0 fnt\n|-damage|p1a: Archaludon|50/100 brn\n|-damage|p1b: Incineroar|68/100\n|faint|p2b: Tyrantrum\n|\n|-weather|Sandstorm|[upkeep]\n|-damage|p1b: Incineroar|62/100|[from] Sandstorm\n|-damage|p1a: Archaludon|44/100 brn|[from] brn\n|upkeep\n|turn|9\n|inactive|yuriimon has 30 seconds left.\n|\n|t:|1776624264\n|move|p2a: Tyranitar|Protect|p2a: Tyranitar\n|-singleturn|p2a: Tyranitar|Protect\n|move|p1a: Archaludon|Electro Shot|p2a: Tyranitar|[from] lockedmove\n|-activate|p2a: Tyranitar|move: Protect\n|move|p1b: Incineroar|Parting Shot|p2a: Tyranitar\n|-activate|p2a: Tyranitar|move: Protect\n|\n|-weather|Sandstorm|[upkeep]\n|-damage|p1b: Incineroar|56/100|[from] Sandstorm\n|-damage|p1a: Archaludon|37/100 brn|[from] brn\n|upkeep\n|turn|10\n|\n|t:|1776624284\n|move|p1a: Archaludon|Flash Cannon|p2a: Tyranitar\n|-supereffective|p2a: Tyranitar|1\n|-damage|p2a: Tyranitar|0 fnt\n|faint|p2a: Tyranitar\n|\n|win|yuriimon\n|raw|yuriimon's rating: 1048 &rarr; <strong>1082</strong><br />(+34 for winning)\n|raw|Filipe 5x's rating: 1062 &rarr; <strong>1042</strong><br />(-20 for losing)\n|l|\u2606Filipe 5x\n|player|p2|\n|c|\u2606yuriimon|gg\n",
  "uploadtime": 1776624292,
  "views": 8,
  "formatid": "gen9championsvgc2026regma",
  "rating": 1042,
  "private": 0,
  "password": null
}