{
  "id": "gen9championsvgc2026regma-2586390728",
  "format": "[Gen 9 Champions] VGC 2026 Reg M-A",
  "players": [
    "Alaskka01",
    "Lclown"
  ],
  "log": "|j|\u2606Alaskka01\n|j|\u2606Lclown\n|t:|1776431240\n|gametype|doubles\n|player|p1|Alaskka01|psychic|1099\n|player|p2|Lclown|2|1123\n|gen|9\n|tier|[Gen 9 Champions] VGC 2026 Reg M-A\n|rated|\n|rule|Species Clause: Limit one of each Pok\u00e9mon\n|rule|Item Clause: Limit 1 of each item\n|clearpoke\n|poke|p1|Incineroar, L50, F|\n|poke|p1|Whimsicott, L50, M|\n|poke|p1|Charizard, L50, F|\n|poke|p1|Gengar, L50, F|\n|poke|p1|Milotic, L50, M|\n|poke|p1|Typhlosion-Hisui, L50, M|\n|poke|p2|Starmie, L50|\n|poke|p2|Maushold-Four, L50|\n|poke|p2|Vanilluxe, L50, M|\n|poke|p2|Froslass, L50, F|\n|poke|p2|Aerodactyl, L50, M|\n|poke|p2|Whimsicott, L50, F|\n|teampreview|4\n|inactive|Battle timer is ON: inactive players will automatically lose when time's up. (requested by Lclown)\n|inactive|Alaskka01 has 60 seconds left.\n|\n|t:|1776431287\n|teamsize|p1|4\n|teamsize|p2|4\n|start\n|switch|p1a: Charizard|Charizard, L50, F|100/100\n|switch|p1b: Whimsicott|Whimsicott, L50, M|100/100\n|switch|p2a: Vanilluxe|Vanilluxe, L50, M|100/100\n|switch|p2b: Froslass|Froslass, L50, F|100/100\n|turn|1\n|\n|t:|1776431304\n|detailschange|p2b: Froslass|Froslass-Mega, L50, F\n|-mega|p2b: Froslass|Froslass|Froslassite\n|-weather|Snowscape|[from] ability: Snow Warning|[of] p2b: Froslass\n|move|p2a: Vanilluxe|Ally Switch|p2a: Vanilluxe\n|swap|p2a: Vanilluxe|1|[from] move: Ally Switch\n|move|p1b: Whimsicott|Tailwind|p1b: Whimsicott\n|-sidestart|p1: Alaskka01|move: Tailwind\n|move|p1a: Charizard|Heat Wave|p2b: Vanilluxe|[spread] p2a,p2b\n|-supereffective|p2a: Froslass|1\n|-supereffective|p2b: Vanilluxe|1\n|-damage|p2a: Froslass|19/100\n|-damage|p2b: Vanilluxe|21/100\n|-status|p2a: Froslass|brn\n|move|p2a: Froslass|Blizzard|p1a: Charizard|[spread] p1a,p1b\n|-supereffective|p1b: Whimsicott|1\n|-damage|p1a: Charizard|43/100\n|-enditem|p1b: Whimsicott|Focus Sash\n|-damage|p1b: Whimsicott|1/100\n|\n|-weather|Snowscape|[upkeep]\n|-damage|p2a: Froslass|13/100 brn|[from] brn\n|upkeep\n|turn|2\n|\n|t:|1776431324\n|switch|p1b: Incineroar|Incineroar, L50, F|100/100\n|-ability|p1b: Incineroar|Intimidate|boost\n|-unboost|p2a: Froslass|atk|1\n|-unboost|p2b: Vanilluxe|atk|1\n|detailschange|p1a: Charizard|Charizard-Mega-Y, L50, F\n|-mega|p1a: Charizard|Charizard|Charizardite Y\n|-weather|SunnyDay|[from] ability: Drought|[of] p1a: Charizard\n|move|p1a: Charizard|Heat Wave|p2a: Froslass|[spread] p2b\n|-miss|p1a: Charizard|p2a: Froslass\n|-supereffective|p2b: Vanilluxe|1\n|-damage|p2b: Vanilluxe|0 fnt\n|faint|p2b: Vanilluxe\n|move|p2a: Froslass|Blizzard|p1a: Charizard|[spread] p1b\n|-miss|p2a: Froslass|p1a: Charizard\n|-resisted|p1b: Incineroar|1\n|-damage|p1b: Incineroar|78/100\n|\n|-weather|SunnyDay|[upkeep]\n|-damage|p2a: Froslass|7/100 brn|[from] brn\n|upkeep\n|\n|t:|1776431331\n|switch|p2b: Aerodactyl|Aerodactyl, L50, M|100/100\n|-ability|p2b: Aerodactyl|Unnerve\n|turn|3\n|\n|t:|1776431354\n|move|p2b: Aerodactyl|Protect|p2b: Aerodactyl\n|-singleturn|p2b: Aerodactyl|Protect\n|move|p1b: Incineroar|Fake Out|p2b: Aerodactyl\n|-activate|p2b: Aerodactyl|move: Protect\n|move|p1a: Charizard|Solar Beam||[still]\n|-prepare|p1a: Charizard|Solar Beam\n|-anim|p1a: Charizard|Solar Beam|p2b: Aerodactyl\n|-activate|p2b: Aerodactyl|move: Protect\n|move|p2a: Froslass|Blizzard|p1b: Incineroar|[spread] p1a,p1b\n|-resisted|p1b: Incineroar|1\n|-damage|p1a: Charizard|0 fnt\n|-damage|p1b: Incineroar|55/100\n|faint|p1a: Charizard\n|\n|-weather|SunnyDay|[upkeep]\n|-damage|p2a: Froslass|0 fnt|[from] brn\n|faint|p2a: Froslass\n|upkeep\n|\n|t:|1776431370\n|switch|p2a: Maushold|Maushold-Four, L50|100/100\n|switch|p1a: Typhlosion|Typhlosion-Hisui, L50, M|100/100\n|-item|p2a: Maushold|Sitrus Berry|[from] ability: Frisk|[of] p1a: Typhlosion\n|-item|p2b: Aerodactyl|King's Rock|[from] ability: Frisk|[of] p1a: Typhlosion\n|turn|4\n|\n|t:|1776431387\n|move|p2a: Maushold|Follow Me|p2a: Maushold\n|-singleturn|p2a: Maushold|move: Follow Me\n|move|p1a: Typhlosion|Eruption|p2b: Aerodactyl|[spread] p2a,p2b\n|-resisted|p2b: Aerodactyl|1\n|-damage|p2a: Maushold|0 fnt\n|-damage|p2b: Aerodactyl|55/100\n|faint|p2a: Maushold\n|move|p2b: Aerodactyl|Rock Slide|p1a: Typhlosion|[spread] p1a,p1b\n|-supereffective|p1a: Typhlosion|1\n|-supereffective|p1b: Incineroar|1\n|-crit|p1b: Incineroar\n|-damage|p1a: Typhlosion|32/100\n|-damage|p1b: Incineroar|0 fnt\n|faint|p1b: Incineroar\n|\n|-weather|SunnyDay|[upkeep]\n|-sideend|p1: Alaskka01|move: Tailwind\n|upkeep\n|\n|t:|1776431401\n|switch|p1b: Whimsicott|Whimsicott, L50, M|1/100\n|turn|5\n|\n|t:|1776431410\n|move|p1a: Typhlosion|Eruption|p2b: Aerodactyl\n|-resisted|p2b: Aerodactyl|1\n|-damage|p2b: Aerodactyl|27/100\n|move|p2b: Aerodactyl|Rock Slide|p1b: Whimsicott|[spread] p1a,p1b\n|-supereffective|p1a: Typhlosion|1\n|-damage|p1a: Typhlosion|0 fnt\n|-damage|p1b: Whimsicott|0 fnt\n|faint|p1a: Typhlosion\n|faint|p1b: Whimsicott\n|\n|win|Lclown\n|raw|Alaskka01's rating: 1099 &rarr; <strong>1076</strong><br />(-23 for losing)\n|raw|Lclown's rating: 1123 &rarr; <strong>1146</strong><br />(+23 for winning)\n",
  "uploadtime": 1776431420,
  "views": 30,
  "formatid": "gen9championsvgc2026regma",
  "rating": 1076,
  "private": 0,
  "password": null
}