{
  "id": "gen9championsvgc2026regma-2583455491",
  "format": "[Gen 9 Champions] VGC 2026 Reg M-A",
  "players": [
    "joe19394",
    "Qwertyyy123"
  ],
  "log": "|j|\u2606joe19394\n|j|\u2606Qwertyyy123\n|t:|1776176775\n|gametype|doubles\n|player|p1|joe19394|266|1344\n|player|p2|Qwertyyy123|morty|1365\n|gen|9\n|tier|[Gen 9 Champions] VGC 2026 Reg M-A\n|rated|\n|rule|Species Clause: Limit one of each Pok\u00e9mon\n|rule|Item Clause: Limit 1 of each item\n|clearpoke\n|poke|p1|Pelipper, L50, M|\n|poke|p1|Toxicroak, L50, F|\n|poke|p1|Meganium, L50, M|\n|poke|p1|Incineroar, L50, M|\n|poke|p1|Greninja-*, L50, M|\n|poke|p1|Archaludon, L50, F|\n|poke|p2|Glimmora, L50, M|\n|poke|p2|Kangaskhan, L50, F|\n|poke|p2|Sinistcha, L50|\n|poke|p2|Dragapult, L50, F|\n|poke|p2|Hawlucha, L50, F|\n|poke|p2|Aerodactyl, L50, M|\n|teampreview|4\n|inactive|Battle timer is ON: inactive players will automatically lose when time's up. (requested by joe19394)\n|inactive|joe19394 has 60 seconds left.\n|inactive|Qwertyyy123 has 60 seconds left.\n|inactive|Qwertyyy123 has 30 seconds left.\n|inactive|Qwertyyy123 has 20 seconds left.\n|inactive|Qwertyyy123 has 15 seconds left.\n|inactive|Qwertyyy123 has 10 seconds left.\n|inactive|Qwertyyy123 has 5 seconds left.\n|\n|t:|1776176865\n|teamsize|p1|4\n|teamsize|p2|4\n|start\n|switch|p1a: Greninja|Greninja, L50, M|100/100\n|switch|p1b: Toxicroak|Toxicroak, L50, F|100/100\n|switch|p2a: Kangaskhan|Kangaskhan, L50, F|100/100\n|switch|p2b: Hawlucha|Hawlucha, L50, F|100/100\n|-ability|p2b: Hawlucha|Mold Breaker\n|turn|1\n|inactive|joe19394 has 30 seconds left.\n|inactive|joe19394 has 20 seconds left.\n|\n|t:|1776176901\n|detailschange|p2b: Hawlucha|Hawlucha-Mega, L50, F\n|-mega|p2b: Hawlucha|Hawlucha|Hawluchanite\n|move|p1a: Greninja|Protect|p1a: Greninja\n|-singleturn|p1a: Greninja|Protect\n|move|p2a: Kangaskhan|Fake Out|p1a: Greninja\n|-activate|p1a: Greninja|move: Protect\n|move|p1b: Toxicroak|Fake Out|p2b: Hawlucha\n|-damage|p2b: Hawlucha|91/100\n|cant|p2b: Hawlucha|flinch\n|\n|upkeep\n|turn|2\n|\n|t:|1776176917\n|detailschange|p1a: Greninja|Greninja-Mega, L50, M\n|-mega|p1a: Greninja|Greninja|Greninjite\n|move|p1a: Greninja|Extrasensory|p2b: Hawlucha\n|-start|p1a: Greninja|typechange|Psychic|[from] ability: Protean\n|-supereffective|p2b: Hawlucha|1\n|-damage|p2b: Hawlucha|2/100\n|move|p2b: Hawlucha|Dual Wingbeat|p1b: Toxicroak\n|-supereffective|p1b: Toxicroak|1\n|-damage|p1b: Toxicroak|44/100\n|-enditem|p1b: Toxicroak|Sitrus Berry|[eat]\n|-heal|p1b: Toxicroak|68/100|[from] item: Sitrus Berry\n|-supereffective|p1b: Toxicroak|1\n|-damage|p1b: Toxicroak|14/100\n|-hitcount|p1b: Toxicroak|2\n|move|p2a: Kangaskhan|Low Kick|p1a: Greninja\n|-resisted|p1a: Greninja|1\n|-crit|p1a: Greninja\n|-damage|p1a: Greninja|76/100\n|move|p1b: Toxicroak|Drain Punch|p2a: Kangaskhan\n|-supereffective|p2a: Kangaskhan|1\n|-enditem|p2a: Kangaskhan|Chople Berry|[eat]\n|-enditem|p2a: Kangaskhan|Chople Berry|[weaken]\n|-damage|p2a: Kangaskhan|70/100\n|-heal|p1b: Toxicroak|29/100|[from] drain|[of] p2a: Kangaskhan\n|\n|upkeep\n|turn|3\n|inactive|joe19394 has 30 seconds left.\n|inactive|Qwertyyy123 has 30 seconds left.\n|\n|t:|1776176951\n|move|p1a: Greninja|Surf|p2b: Hawlucha|[spread] p2a,p2b\n|-heal|p1b: Toxicroak|54/100|[from] ability: Dry Skin|[of] p1a: Greninja\n|-damage|p2a: Kangaskhan|41/100\n|-damage|p2b: Hawlucha|0 fnt\n|faint|p2b: Hawlucha\n|move|p2a: Kangaskhan|Double-Edge|p1a: Greninja\n|-damage|p1a: Greninja|0 fnt\n|faint|p1a: Greninja\n|-damage|p2a: Kangaskhan|22/100|[from] Recoil\n|move|p1b: Toxicroak|Drain Punch|p2a: Kangaskhan\n|-supereffective|p2a: Kangaskhan|1\n|-damage|p2a: Kangaskhan|0 fnt\n|-heal|p1b: Toxicroak|65/100|[from] drain|[of] p2a: Kangaskhan\n|faint|p2a: Kangaskhan\n|\n|upkeep\n|\n|t:|1776176974\n|switch|p1a: Pelipper|Pelipper, L50, M|100/100\n|switch|p2b: Aerodactyl|Aerodactyl, L50, M|100/100\n|switch|p2a: Sinistcha|Sinistcha, L50|100/100\n|-ability|p2b: Aerodactyl|Unnerve\n|-weather|RainDance|[from] ability: Drizzle|[of] p1a: Pelipper\n|turn|4\n|inactive|Qwertyyy123 has 30 seconds left.\n|inactive|Qwertyyy123 has 20 seconds left.\n|\n|t:|1776177009\n|move|p2b: Aerodactyl|Rock Slide|p1a: Pelipper|[spread] p1a,p1b\n|-supereffective|p1a: Pelipper|1\n|-resisted|p1b: Toxicroak|1\n|-damage|p1a: Pelipper|61/100\n|-damage|p1b: Toxicroak|47/100\n|cant|p1b: Toxicroak|flinch\n|cant|p1a: Pelipper|flinch\n|move|p2a: Sinistcha|Shadow Ball|p1a: Pelipper\n|-damage|p1a: Pelipper|9/100\n|\n|-weather|RainDance|[upkeep]\n|-heal|p1b: Toxicroak|59/100|[from] ability: Dry Skin\n|upkeep\n|turn|5\n|\n|t:|1776177031\n|move|p1a: Pelipper|Protect|p1a: Pelipper\n|-singleturn|p1a: Pelipper|Protect\n|move|p2b: Aerodactyl|Rock Slide|p1a: Pelipper|[spread] p1b\n|-activate|p1a: Pelipper|move: Protect\n|-resisted|p1b: Toxicroak|1\n|-damage|p1b: Toxicroak|44/100\n|cant|p1b: Toxicroak|flinch\n|move|p2a: Sinistcha|Shadow Ball|p1b: Toxicroak\n|-damage|p1b: Toxicroak|15/100\n|\n|-weather|RainDance|[upkeep]\n|-heal|p1b: Toxicroak|27/100|[from] ability: Dry Skin\n|upkeep\n|turn|6\n|\n|t:|1776177050\n|move|p2b: Aerodactyl|Rock Slide|p1a: Pelipper|[spread] p1a,p1b\n|-supereffective|p1a: Pelipper|1\n|-resisted|p1b: Toxicroak|1\n|-damage|p1a: Pelipper|0 fnt\n|-damage|p1b: Toxicroak|12/100\n|faint|p1a: Pelipper\n|cant|p1b: Toxicroak|flinch\n|move|p2a: Sinistcha|Shadow Ball|p1b: Toxicroak\n|-damage|p1b: Toxicroak|0 fnt\n|faint|p1b: Toxicroak\n|\n|-weather|RainDance|[upkeep]\n|upkeep\n|\n|t:|1776177062\n|switch|p1a: Archaludon|Archaludon, L50, F|100/100\n|turn|7\n|\n|t:|1776177069\n|move|p2b: Aerodactyl|Protect|p2b: Aerodactyl\n|-singleturn|p2b: Aerodactyl|Protect\n|move|p2a: Sinistcha|Protect|p2a: Sinistcha\n|-singleturn|p2a: Sinistcha|Protect\n|move|p1a: Archaludon|Electro Shot||[still]\n|-prepare|p1a: Archaludon|Electro Shot\n|-boost|p1a: Archaludon|spa|1\n|-anim|p1a: Archaludon|Electro Shot|p2b: Aerodactyl\n|-activate|p2b: Aerodactyl|move: Protect\n|\n|-weather|RainDance|[upkeep]\n|upkeep\n|turn|8\n|\n|t:|1776177084\n|move|p2b: Aerodactyl|Tailwind|p2b: Aerodactyl\n|-sidestart|p2: Qwertyyy123|move: Tailwind\n|move|p2a: Sinistcha|Shadow Ball|p1a: Archaludon\n|-damage|p1a: Archaludon|73/100\n|-ability|p1a: Archaludon|Stamina|boost\n|-boost|p1a: Archaludon|def|1\n|move|p1a: Archaludon|Electro Shot||[still]\n|-prepare|p1a: Archaludon|Electro Shot\n|-boost|p1a: Archaludon|spa|1\n|-anim|p1a: Archaludon|Electro Shot|p2b: Aerodactyl\n|-supereffective|p2b: Aerodactyl|1\n|-enditem|p2b: Aerodactyl|Focus Sash\n|-damage|p2b: Aerodactyl|1/100\n|\n|-weather|none\n|-heal|p1a: Archaludon|79/100|[from] item: Leftovers\n|upkeep\n|turn|9\n|\n|t:|1776177102\n|move|p1a: Archaludon|Protect|p1a: Archaludon\n|-singleturn|p1a: Archaludon|Protect\n|move|p2b: Aerodactyl|Rock Slide|p1a: Archaludon\n|-activate|p1a: Archaludon|move: Protect\n|move|p2a: Sinistcha|Shadow Ball|p1a: Archaludon\n|-activate|p1a: Archaludon|move: Protect\n|\n|-heal|p1a: Archaludon|85/100|[from] item: Leftovers\n|upkeep\n|turn|10\n|\n|t:|1776177118\n|move|p2b: Aerodactyl|Rock Slide|p1a: Archaludon\n|-resisted|p1a: Archaludon|1\n|-damage|p1a: Archaludon|76/100\n|-ability|p1a: Archaludon|Stamina|boost\n|-boost|p1a: Archaludon|def|1\n|move|p2a: Sinistcha|Shadow Ball|p1a: Archaludon\n|-crit|p1a: Archaludon\n|-damage|p1a: Archaludon|27/100\n|-ability|p1a: Archaludon|Stamina|boost\n|-boost|p1a: Archaludon|def|1\n|move|p1a: Archaludon|Dragon Pulse|p2b: Aerodactyl\n|-damage|p2b: Aerodactyl|0 fnt\n|faint|p2b: Aerodactyl\n|\n|-heal|p1a: Archaludon|33/100|[from] item: Leftovers\n|upkeep\n|turn|11\n|\n|t:|1776177139\n|move|p1a: Archaludon|Protect|p1a: Archaludon\n|-singleturn|p1a: Archaludon|Protect\n|move|p2a: Sinistcha|Trick Room|p2a: Sinistcha\n|-fieldstart|move: Trick Room|[of] p2a: Sinistcha\n|\n|-heal|p1a: Archaludon|40/100|[from] item: Leftovers\n|-sideend|p2: Qwertyyy123|move: Tailwind\n|upkeep\n|turn|12\n|\n|t:|1776177153\n|move|p2a: Sinistcha|Shadow Ball|p1a: Archaludon\n|-damage|p1a: Archaludon|9/100\n|-ability|p1a: Archaludon|Stamina|boost\n|-boost|p1a: Archaludon|def|1\n|move|p1a: Archaludon|Dragon Pulse|p2a: Sinistcha\n|-damage|p2a: Sinistcha|36/100\n|\n|-heal|p1a: Archaludon|15/100|[from] item: Leftovers\n|upkeep\n|turn|13\n|\n|t:|1776177164\n|move|p1a: Archaludon|Protect|p1a: Archaludon\n|-singleturn|p1a: Archaludon|Protect\n|move|p2a: Sinistcha|Shadow Ball|p1a: Archaludon\n|-activate|p1a: Archaludon|move: Protect\n|\n|-heal|p1a: Archaludon|21/100|[from] item: Leftovers\n|upkeep\n|turn|14\n|\n|t:|1776177176\n|move|p1a: Archaludon|Protect||[still]\n|-fail|p1a: Archaludon\n|move|p2a: Sinistcha|Shadow Ball|p1a: Archaludon\n|-damage|p1a: Archaludon|0 fnt\n|faint|p1a: Archaludon\n|\n|win|Qwertyyy123\n|raw|joe19394's rating: 1344 &rarr; <strong>1325</strong><br />(-19 for losing)\n|raw|Qwertyyy123's rating: 1365 &rarr; <strong>1384</strong><br />(+19 for winning)\n|l|\u2606Qwertyyy123\n|player|p2|\n",
  "uploadtime": 1776177192,
  "views": 23,
  "formatid": "gen9championsvgc2026regma",
  "rating": 1325,
  "private": 0,
  "password": null
}