{
  "id": "gen9championsvgc2026regma-2583997184",
  "format": "[Gen 9 Champions] VGC 2026 Reg M-A",
  "players": [
    "Cecila3",
    "Cinder D Ace"
  ],
  "log": "|j|\u2606Cecila3\n|j|\u2606Cinder D Ace\n|t:|1776215300\n|gametype|doubles\n|player|p1|Cecila3|1|1086\n|player|p2|Cinder D Ace|miku-fire|1163\n|gen|9\n|tier|[Gen 9 Champions] VGC 2026 Reg M-A\n|rated|\n|rule|Species Clause: Limit one of each Pok\u00e9mon\n|rule|Item Clause: Limit 1 of each item\n|clearpoke\n|poke|p1|Maushold-Four, L50|\n|poke|p1|Incineroar, L50, F|\n|poke|p1|Gengar, L50, M|\n|poke|p1|Sinistcha, L50|\n|poke|p1|Rotom-Wash, L50|\n|poke|p1|Sylveon, L50, M|\n|poke|p2|Tyranitar, L50, M|\n|poke|p2|Scizor, L50, F|\n|poke|p2|Excadrill, L50, M|\n|poke|p2|Sinistcha, L50|\n|poke|p2|Primarina, L50, F|\n|poke|p2|Incineroar, L50, M|\n|teampreview|4\n|inactive|Battle timer is ON: inactive players will automatically lose when time's up. (requested by Cecila3)\n|\n|t:|1776215324\n|teamsize|p1|4\n|teamsize|p2|4\n|start\n|switch|p1a: Gengar|Gengar, L50, M|100/100\n|switch|p1b: Maushold|Maushold-Four, L50|100/100\n|switch|p2a: Incineroar|Incineroar, L50, M|100/100\n|switch|p2b: Tyranitar|Tyranitar, L50, M|100/100\n|-weather|Sandstorm|[from] ability: Sand Stream|[of] p2b: Tyranitar\n|-ability|p2a: Incineroar|Intimidate|boost\n|-unboost|p1a: Gengar|atk|1\n|-unboost|p1b: Maushold|atk|1\n|turn|1\n|inactive|Cecila3 has 30 seconds left.\n|\n|t:|1776215351\n|switch|p1a: Incineroar|Incineroar, L50, F|100/100\n|-ability|p1a: Incineroar|Intimidate|boost\n|-unboost|p2a: Incineroar|atk|1\n|-unboost|p2b: Tyranitar|atk|1\n|move|p2a: Incineroar|Fake Out|p1b: Maushold\n|-damage|p1b: Maushold|92/100\n|cant|p1b: Maushold|flinch\n|move|p2b: Tyranitar|Rock Slide|p1a: Incineroar|[spread] p1a,p1b\n|-supereffective|p1a: Incineroar|1\n|-damage|p1a: Incineroar|76/100\n|-damage|p1b: Maushold|70/100\n|\n|-weather|Sandstorm|[upkeep]\n|-damage|p1b: Maushold|64/100|[from] Sandstorm\n|-damage|p2a: Incineroar|95/100|[from] Sandstorm\n|-damage|p1a: Incineroar|70/100|[from] Sandstorm\n|upkeep\n|turn|2\n|inactive|Cinder D Ace has 30 seconds left.\n|\n|t:|1776215376\n|switch|p2b: Primarina|Primarina, L50, F|100/100\n|move|p1b: Maushold|Population Bomb|p2a: Incineroar\n|-damage|p2a: Incineroar|91/100\n|-damage|p2a: Incineroar|88/100\n|-damage|p2a: Incineroar|84/100\n|-damage|p2a: Incineroar|81/100\n|-damage|p2a: Incineroar|77/100\n|-damage|p2a: Incineroar|74/100\n|-damage|p2a: Incineroar|70/100\n|-damage|p2a: Incineroar|67/100\n|-damage|p2a: Incineroar|63/100\n|-damage|p2a: Incineroar|60/100\n|-hitcount|p2a: Incineroar|10\n|cant|p2a: Incineroar|flinch\n|move|p1a: Incineroar|Parting Shot|p2b: Primarina\n|-unboost|p2b: Primarina|atk|1\n|-unboost|p2b: Primarina|spa|1\n|\n|t:|1776215398\n|switch|p1a: Rotom|Rotom-Wash, L50|100/100|[from] Parting Shot\n|\n|-weather|Sandstorm|[upkeep]\n|-damage|p1b: Maushold|58/100|[from] Sandstorm\n|-damage|p1a: Rotom|95/100|[from] Sandstorm\n|-damage|p2b: Primarina|94/100|[from] Sandstorm\n|-damage|p2a: Incineroar|54/100|[from] Sandstorm\n|-heal|p2b: Primarina|100/100|[from] item: Leftovers\n|upkeep\n|turn|3\n|\n|t:|1776215416\n|switch|p2a: Tyranitar|Tyranitar, L50, M|100/100\n|move|p1b: Maushold|Population Bomb|p2a: Tyranitar\n|-resisted|p2a: Tyranitar|1\n|-crit|p2a: Tyranitar\n|-damage|p2a: Tyranitar|97/100\n|-resisted|p2a: Tyranitar|1\n|-damage|p2a: Tyranitar|96/100\n|-resisted|p2a: Tyranitar|1\n|-damage|p2a: Tyranitar|94/100\n|-hitcount|p2a: Tyranitar|3\n|move|p1a: Rotom|Volt Switch|p2b: Primarina\n|-supereffective|p2b: Primarina|1\n|-damage|p2b: Primarina|53/100\n|\n|t:|1776215429\n|switch|p1a: Incineroar|Incineroar, L50, F|70/100|[from] Volt Switch\n|-ability|p1a: Incineroar|Intimidate|boost\n|-unboost|p2a: Tyranitar|atk|1\n|-unboost|p2b: Primarina|atk|1\n|move|p2b: Primarina|Moonblast|p1b: Maushold\n|-damage|p1b: Maushold|16/100\n|\n|-weather|Sandstorm|[upkeep]\n|-damage|p1b: Maushold|10/100|[from] Sandstorm\n|-damage|p2b: Primarina|47/100|[from] Sandstorm\n|-damage|p1a: Incineroar|64/100|[from] Sandstorm\n|-heal|p2b: Primarina|53/100|[from] item: Leftovers\n|upkeep\n|turn|4\n|\n|t:|1776215447\n|switch|p1b: Gengar|Gengar, L50, M|100/100\n|move|p2b: Primarina|Protect|p2b: Primarina\n|-singleturn|p2b: Primarina|Protect\n|move|p2a: Tyranitar|Protect|p2a: Tyranitar\n|-singleturn|p2a: Tyranitar|Protect\n|move|p1a: Incineroar|Parting Shot|p2a: Tyranitar\n|-activate|p2a: Tyranitar|move: Protect\n|\n|-weather|Sandstorm|[upkeep]\n|-damage|p1b: Gengar|94/100|[from] Sandstorm\n|-damage|p2b: Primarina|47/100|[from] Sandstorm\n|-damage|p1a: Incineroar|58/100|[from] Sandstorm\n|-heal|p2b: Primarina|53/100|[from] item: Leftovers\n|upkeep\n|turn|5\n|inactive|Cinder D Ace has 30 seconds left.\n|\n|t:|1776215472\n|switch|p2b: Incineroar|Incineroar, L50, M|54/100\n|-ability|p2b: Incineroar|Intimidate|boost\n|-unboost|p1a: Incineroar|atk|1\n|-unboost|p1b: Gengar|atk|1\n|detailschange|p1b: Gengar|Gengar-Mega, L50, M\n|-mega|p1b: Gengar|Gengar|Gengarite\n|move|p1b: Gengar|Perish Song|p1b: Gengar\n|-start|p1a: Incineroar|perish3|[silent]\n|-start|p1b: Gengar|perish3|[silent]\n|-start|p2a: Tyranitar|perish3|[silent]\n|-start|p2b: Incineroar|perish3|[silent]\n|-fieldactivate|move: Perish Song\n|move|p2a: Tyranitar|Knock Off|p1b: Gengar\n|-supereffective|p1b: Gengar|1\n|-damage|p1b: Gengar|45/100\n|move|p1a: Incineroar|Parting Shot|p2a: Tyranitar\n|-unboost|p2a: Tyranitar|atk|1\n|-unboost|p2a: Tyranitar|spa|1\n|\n|t:|1776215487\n|switch|p1a: Rotom|Rotom-Wash, L50|95/100|[from] Parting Shot\n|\n|-weather|none\n|-start|p1b: Gengar|perish3\n|-start|p2b: Incineroar|perish3\n|-start|p2a: Tyranitar|perish3\n|upkeep\n|turn|6\n|\n|t:|1776215509\n|detailschange|p2a: Tyranitar|Tyranitar-Mega, L50, M\n|-mega|p2a: Tyranitar|Tyranitar|Tyranitarite\n|-weather|Sandstorm|[from] ability: Sand Stream|[of] p2a: Tyranitar\n|move|p1b: Gengar|Protect|p1b: Gengar\n|-singleturn|p1b: Gengar|Protect\n|move|p2b: Incineroar|Fake Out|p1a: Rotom\n|-damage|p1a: Rotom|83/100\n|cant|p1a: Rotom|flinch\n|move|p2a: Tyranitar|Rock Slide|p1a: Rotom|[spread] p1a\n|-activate|p1b: Gengar|move: Protect\n|-damage|p1a: Rotom|67/100\n|\n|-weather|Sandstorm|[upkeep]\n|-damage|p1b: Gengar|39/100|[from] Sandstorm\n|-damage|p1a: Rotom|62/100|[from] Sandstorm\n|-damage|p2b: Incineroar|48/100|[from] Sandstorm\n|-start|p1b: Gengar|perish2\n|-start|p2a: Tyranitar|perish2\n|-start|p2b: Incineroar|perish2\n|upkeep\n|turn|7\n|inactive|Cinder D Ace has 30 seconds left.\n|inactive|Cecila3 has 30 seconds left.\n|\n|t:|1776215541\n|switch|p1b: Incineroar|Incineroar, L50, F|58/100\n|-ability|p1b: Incineroar|Intimidate|boost\n|-unboost|p2a: Tyranitar|atk|1\n|-unboost|p2b: Incineroar|atk|1\n|move|p1a: Rotom|Volt Switch|p2b: Incineroar\n|-damage|p2b: Incineroar|29/100\n|\n|t:|1776215548\n|switch|p1a: Gengar|Gengar-Mega, L50, M|39/100|[from] Volt Switch\n|move|p2a: Tyranitar|Knock Off|p1b: Incineroar\n|-resisted|p1b: Incineroar|1\n|-damage|p1b: Incineroar|49/100\n|-enditem|p1b: Incineroar|Sitrus Berry|[from] move: Knock Off|[of] p2a: Tyranitar\n|move|p2b: Incineroar|Throat Chop|p1b: Incineroar\n|-resisted|p1b: Incineroar|1\n|-damage|p1b: Incineroar|38/100\n|-start|p1b: Incineroar|Throat Chop|[silent]\n|\n|-weather|Sandstorm|[upkeep]\n|-damage|p1a: Gengar|33/100|[from] Sandstorm\n|-damage|p2b: Incineroar|23/100|[from] Sandstorm\n|-damage|p1b: Incineroar|32/100|[from] Sandstorm\n|-start|p2a: Tyranitar|perish1\n|-start|p2b: Incineroar|perish1\n|upkeep\n|turn|8\n|\n|t:|1776215563\n|move|p1a: Gengar|Protect|p1a: Gengar\n|-singleturn|p1a: Gengar|Protect\n|move|p1b: Incineroar|Protect|p1b: Incineroar\n|-singleturn|p1b: Incineroar|Protect\n|move|p2a: Tyranitar|Rock Slide|p1b: Incineroar|[spread] \n|-activate|p1a: Gengar|move: Protect\n|-activate|p1b: Incineroar|move: Protect\n|move|p2b: Incineroar|Parting Shot|p1b: Incineroar\n|-activate|p1b: Incineroar|move: Protect\n|\n|-weather|Sandstorm|[upkeep]\n|-damage|p1a: Gengar|27/100|[from] Sandstorm\n|-damage|p2b: Incineroar|17/100|[from] Sandstorm\n|-damage|p1b: Incineroar|26/100|[from] Sandstorm\n|-end|p1b: Incineroar|Throat Chop|[silent]\n|-start|p2a: Tyranitar|perish0\n|-start|p2b: Incineroar|perish0\n|faint|p2a: Tyranitar\n|faint|p2b: Incineroar\n|upkeep\n|\n|t:|1776215568\n|switch|p2a: Primarina|Primarina, L50, F|53/100\n|switch|p2b: Scizor|Scizor, L50, F|100/100\n|turn|9\n|\n|t:|1776215588\n|switch|p1a: Maushold|Maushold-Four, L50|10/100\n|switch|p1b: Rotom|Rotom-Wash, L50|62/100\n|move|p2b: Scizor|Bullet Punch|p1a: Maushold\n|-damage|p1a: Maushold|0 fnt\n|faint|p1a: Maushold\n|move|p2a: Primarina|Hyper Voice|p1b: Rotom\n|-resisted|p1b: Rotom|1\n|-damage|p1b: Rotom|37/100\n|\n|-weather|Sandstorm|[upkeep]\n|-damage|p1b: Rotom|32/100|[from] Sandstorm\n|-damage|p2a: Primarina|47/100|[from] Sandstorm\n|-heal|p2a: Primarina|53/100|[from] item: Leftovers\n|upkeep\n|\n|t:|1776215599\n|switch|p1a: Gengar|Gengar-Mega, L50, M|27/100\n|turn|10\n|\n|t:|1776215608\n|move|p2a: Primarina|Protect|p2a: Primarina\n|-singleturn|p2a: Primarina|Protect\n|move|p1a: Gengar|Perish Song|p1a: Gengar\n|-start|p1a: Gengar|perish3|[silent]\n|-start|p1b: Rotom|perish3|[silent]\n|-start|p2a: Primarina|perish3|[silent]\n|-start|p2b: Scizor|perish3|[silent]\n|-fieldactivate|move: Perish Song\n|move|p1b: Rotom|Volt Switch|p2a: Primarina\n|-activate|p2a: Primarina|move: Protect\n|move|p2b: Scizor|Close Combat|p1b: Rotom\n|-damage|p1b: Rotom|0 fnt\n|-unboost|p2b: Scizor|def|1\n|-unboost|p2b: Scizor|spd|1\n|faint|p1b: Rotom\n|\n|-weather|none\n|-heal|p2a: Primarina|59/100|[from] item: Leftovers\n|-start|p1a: Gengar|perish3\n|-start|p2b: Scizor|perish3\n|-start|p2a: Primarina|perish3\n|upkeep\n|\n|t:|1776215611\n|switch|p1b: Incineroar|Incineroar, L50, F|26/100\n|-ability|p1b: Incineroar|Intimidate|boost\n|-unboost|p2a: Primarina|atk|1\n|-unboost|p2b: Scizor|atk|1\n|turn|11\n|\n|t:|1776215629\n|move|p1b: Incineroar|Fake Out|p2b: Scizor\n|-resisted|p2b: Scizor|1\n|-damage|p2b: Scizor|91/100\n|move|p1a: Gengar|Sludge Bomb|p2a: Primarina\n|-supereffective|p2a: Primarina|1\n|-damage|p2a: Primarina|0 fnt\n|faint|p2a: Primarina\n|cant|p2b: Scizor|flinch\n|\n|-start|p1a: Gengar|perish2\n|-start|p2b: Scizor|perish2\n|upkeep\n|turn|12\n|\n|t:|1776215648\n|move|p1a: Gengar|Protect|p1a: Gengar\n|-singleturn|p1a: Gengar|Protect\n|move|p2b: Scizor|Bullet Punch|p1a: Gengar\n|-activate|p1a: Gengar|move: Protect\n|move|p1b: Incineroar|Flare Blitz|p2b: Scizor\n|-supereffective|p2b: Scizor|2\n|-damage|p2b: Scizor|0 fnt\n|faint|p2b: Scizor\n|-damage|p1b: Incineroar|1/100|[from] Recoil\n|\n|win|Cecila3\n|raw|Cecila3's rating: 1086 &rarr; <strong>1119</strong><br />(+33 for winning)\n|raw|Cinder D Ace's rating: 1163 &rarr; <strong>1133</strong><br />(-30 for losing)\n|l|\u2606Cinder D Ace\n|player|p2|\n",
  "uploadtime": 1776215667,
  "views": 33,
  "formatid": "gen9championsvgc2026regma",
  "rating": 1119,
  "private": 0,
  "password": null
}