{
  "id": "gen9championsvgc2026regma-2580695311",
  "format": "[Gen 9 Champions] VGC 2026 Reg M-A",
  "players": [
    "shigeshigetokugawa",
    "SerAndre"
  ],
  "log": "|j|\u2606shigeshigetokugawa\n|j|\u2606SerAndre\n|t:|1775924952\n|gametype|doubles\n|player|p1|shigeshigetokugawa|ghetsis-gen5bw|1247\n|player|p2|SerAndre|cynthia-gen4|1278\n|gen|9\n|tier|[Gen 9 Champions] VGC 2026 Reg M-A\n|rated|\n|rule|Species Clause: Limit one of each Pok\u00e9mon\n|rule|Item Clause: Limit 1 of each item\n|clearpoke\n|poke|p1|Floette-Eternal, L50, F|\n|poke|p1|Garchomp, L50, F|\n|poke|p1|Rotom-Wash, L50|\n|poke|p1|Talonflame, L50, M|\n|poke|p1|Aegislash, L50, M|\n|poke|p1|Maushold-Four, L50|\n|poke|p2|Serperior, L50, F|\n|poke|p2|Excadrill, L50, M|\n|poke|p2|Incineroar, L50, M|\n|poke|p2|Basculegion, L50, M|\n|poke|p2|Whimsicott, L50, M|\n|poke|p2|Sneasler, L50, M|\n|teampreview|4\n|j| gE1xjZRtuhW2DdT0AK\n|\n|t:|1775925018\n|teamsize|p1|4\n|teamsize|p2|4\n|start\n|switch|p1a: Rotom|Rotom-Wash, L50|100/100\n|switch|p1b: Garchomp|Garchomp, L50, F|100/100\n|switch|p2a: Basculegion|Basculegion, L50, M|100/100\n|switch|p2b: Whimsicott|Whimsicott, L50, M|100/100\n|turn|1\n|\n|t:|1775925040\n|move|p2b: Whimsicott|Tailwind|p2b: Whimsicott\n|-sidestart|p2: SerAndre|move: Tailwind\n|move|p2a: Basculegion|Ice Fang|p1b: Garchomp\n|-supereffective|p1b: Garchomp|2\n|-damage|p1b: Garchomp|16/100\n|-damage|p2a: Basculegion|88/100|[from] ability: Rough Skin|[of] p1b: Garchomp\n|move|p1b: Garchomp|Earthquake|p2a: Basculegion|[spread] p2a,p2b\n|-immune|p1a: Rotom|[from] ability: Levitate\n|-resisted|p2b: Whimsicott|1\n|-damage|p2a: Basculegion|29/100\n|-damage|p2b: Whimsicott|68/100\n|move|p1a: Rotom|Volt Switch|p2a: Basculegion\n|-supereffective|p2a: Basculegion|1\n|-damage|p2a: Basculegion|0 fnt\n|faint|p2a: Basculegion\n|\n|t:|1775925058\n|switch|p1a: Talonflame|Talonflame, L50, M|100/100|[from] Volt Switch\n|\n|upkeep\n|\n|t:|1775925063\n|switch|p2a: Incineroar|Incineroar, L50, M|100/100\n|-ability|p2a: Incineroar|Intimidate|boost\n|-unboost|p1a: Talonflame|atk|1\n|-unboost|p1b: Garchomp|atk|1\n|turn|2\n|\n|t:|1775925070\n|switch|p1b: Rotom|Rotom-Wash, L50|100/100\n|move|p1a: Talonflame|Protect|p1a: Talonflame\n|-singleturn|p1a: Talonflame|Protect\n|move|p2a: Incineroar|Fake Out|p1a: Talonflame\n|-activate|p1a: Talonflame|move: Protect\n|move|p2b: Whimsicott|Moonblast|p1b: Rotom\n|-damage|p1b: Rotom|60/100\n|\n|upkeep\n|turn|3\n|\n|t:|1775925082\n|move|p2b: Whimsicott|Taunt|p1a: Talonflame\n|-start|p1a: Talonflame|move: Taunt\n|move|p1a: Talonflame|Acrobatics|p2b: Whimsicott\n|-supereffective|p2b: Whimsicott|1\n|-damage|p2b: Whimsicott|0 fnt\n|faint|p2b: Whimsicott\n|move|p2a: Incineroar|Parting Shot|p1b: Rotom\n|-unboost|p1b: Rotom|atk|1\n|-unboost|p1b: Rotom|spa|1\n|\n|t:|1775925089\n|switch|p2a: Excadrill|Excadrill, L50, M|100/100|[from] Parting Shot\n|-ability|p2a: Excadrill|Mold Breaker\n|move|p1b: Rotom|Hydro Pump|p2a: Excadrill\n|-supereffective|p2a: Excadrill|1\n|-damage|p2a: Excadrill|1/100\n|\n|upkeep\n|\n|t:|1775925091\n|switch|p2b: Incineroar|Incineroar, L50, M|100/100\n|-ability|p2b: Incineroar|Intimidate|boost\n|-unboost|p1a: Talonflame|atk|1\n|-unboost|p1b: Rotom|atk|1\n|turn|4\n|\n|t:|1775925106\n|detailschange|p2a: Excadrill|Excadrill-Mega, L50, M\n|-mega|p2a: Excadrill|Excadrill|Excadrite\n|move|p2b: Incineroar|Fake Out|p1b: Rotom\n|-damage|p1b: Rotom|48/100\n|-enditem|p1b: Rotom|Sitrus Berry|[eat]\n|-heal|p1b: Rotom|73/100|[from] item: Sitrus Berry\n|move|p1a: Talonflame|Acrobatics|p2a: Excadrill\n|-resisted|p2a: Excadrill|1\n|-damage|p2a: Excadrill|0 fnt\n|faint|p2a: Excadrill\n|cant|p1b: Rotom|flinch\n|\n|-sideend|p2: SerAndre|move: Tailwind\n|upkeep\n|turn|5\n|\n|t:|1775925123\n|move|p1a: Talonflame|Acrobatics|p2b: Incineroar\n|-damage|p2b: Incineroar|83/100\n|move|p1b: Rotom|Volt Switch|p2b: Incineroar\n|-damage|p2b: Incineroar|65/100\n|-message|SerAndre forfeited.\n|\n|win|shigeshigetokugawa\n|raw|shigeshigetokugawa's rating: 1247 &rarr; <strong>1274</strong><br />(+27 for winning)\n|raw|SerAndre's rating: 1278 &rarr; <strong>1251</strong><br />(-27 for losing)\n|l|\u2606SerAndre\n|player|p2|\n",
  "uploadtime": 1775925132,
  "views": 67,
  "formatid": "gen9championsvgc2026regma",
  "rating": 1251,
  "private": 0,
  "password": null
}