{
  "id": "gen9championsvgc2026regma-2584624610",
  "format": "[Gen 9 Champions] VGC 2026 Reg M-A",
  "players": [
    "Arcato",
    "Javitoxxx"
  ],
  "log": "|j|\u2606Arcato\n|j|\u2606Javitoxxx\n|t:|1776272855\n|gametype|doubles\n|player|p1|Arcato|1|1186\n|player|p2|Javitoxxx|170|1236\n|gen|9\n|tier|[Gen 9 Champions] VGC 2026 Reg M-A\n|rated|\n|rule|Species Clause: Limit one of each Pok\u00e9mon\n|rule|Item Clause: Limit 1 of each item\n|clearpoke\n|poke|p1|Clawitzer, L50, F|\n|poke|p1|Farigiraf, L50, F|\n|poke|p1|Drampa, L50, F|\n|poke|p1|Incineroar, L50, F|\n|poke|p1|Aegislash, L50, F|\n|poke|p1|Lopunny, L50, F|\n|poke|p2|Froslass, L50, F|\n|poke|p2|Sneasler, L50, F|\n|poke|p2|Rotom-Wash, L50|\n|poke|p2|Glimmora, L50, F|\n|poke|p2|Whimsicott, L50, F|\n|poke|p2|Milotic, L50, M|\n|teampreview|4\n|c|\u2606Arcato|GLHF\n|inactive|Battle timer is ON: inactive players will automatically lose when time's up. (requested by Javitoxxx)\n|inactive|Arcato has 60 seconds left.\n|inactive|Javitoxxx has 60 seconds left.\n|\n|t:|1776272921\n|teamsize|p1|4\n|teamsize|p2|4\n|start\n|switch|p1a: Lopunny|Lopunny, L50, F|100/100\n|switch|p1b: Aegislash|Aegislash, L50, F|100/100\n|switch|p2a: Whimsicott|Whimsicott, L50, F, shiny|100/100\n|switch|p2b: Glimmora|Glimmora, L50, F, shiny|100/100\n|turn|1\n|inactive|Javitoxxx has 30 seconds left.\n|inactive|Javitoxxx has 20 seconds left.\n|\n|t:|1776272958\n|detailschange|p1a: Lopunny|Lopunny-Mega, L50, F\n|-mega|p1a: Lopunny|Lopunny|Lopunnite\n|move|p1a: Lopunny|Fake Out|p2a: Whimsicott\n|-damage|p2a: Whimsicott|74/100\n|cant|p2a: Whimsicott|flinch\n|move|p2b: Glimmora|Earth Power|p1b: Aegislash\n|-supereffective|p1b: Aegislash|1\n|-damage|p1b: Aegislash|43/100\n|-formechange|p1b: Aegislash|Aegislash-Blade|\n|move|p1b: Aegislash|Iron Head|p2a: Whimsicott\n|-supereffective|p2a: Whimsicott|1\n|-damage|p2a: Whimsicott|0 fnt\n|faint|p2a: Whimsicott\n|\n|-heal|p1b: Aegislash|49/100|[from] item: Leftovers\n|upkeep\n|\n|t:|1776272977\n|switch|p2a: Froslass|Froslass, L50, F, shiny|100/100\n|turn|2\n|inactive|Arcato has 30 seconds left.\n|\n|t:|1776273003\n|detailschange|p2a: Froslass|Froslass-Mega, L50, F, shiny\n|-mega|p2a: Froslass|Froslass|Froslassite\n|-weather|Snowscape|[from] ability: Snow Warning|[of] p2a: Froslass\n|move|p2b: Glimmora|Earth Power|p1b: Aegislash\n|-supereffective|p1b: Aegislash|1\n|-damage|p1b: Aegislash|0 fnt\n|faint|p1b: Aegislash\n|move|p1a: Lopunny|Close Combat|p2a: Froslass\n|-supereffective|p2a: Froslass|1\n|-crit|p2a: Froslass\n|-damage|p2a: Froslass|0 fnt\n|-unboost|p1a: Lopunny|def|1\n|-unboost|p1a: Lopunny|spd|1\n|faint|p2a: Froslass\n|\n|-weather|Snowscape|[upkeep]\n|upkeep\n|\n|t:|1776273019\n|switch|p2a: Milotic|Milotic, L50, M, shiny|100/100\n|switch|p1b: Clawitzer|Clawitzer, L50, F|100/100\n|turn|3\n|\n|t:|1776273034\n|switch|p1a: Drampa|Drampa, L50, F|100/100\n|move|p2b: Glimmora|Earth Power|p1a: Drampa\n|-damage|p1a: Drampa|62/100\n|move|p2a: Milotic|Blizzard|p1a: Drampa|[spread] p1a,p1b\n|-supereffective|p1a: Drampa|1\n|-resisted|p1b: Clawitzer|1\n|-crit|p1b: Clawitzer\n|-damage|p1a: Drampa|6/100\n|-damage|p1b: Clawitzer|80/100\n|-ability|p1a: Drampa|Berserk|boost\n|-boost|p1a: Drampa|spa|1\n|move|p1b: Clawitzer|Muddy Water|p2a: Milotic|[spread] p2a,p2b\n|-resisted|p2a: Milotic|1\n|-supereffective|p2b: Glimmora|1\n|-damage|p2a: Milotic|86/100\n|-damage|p2b: Glimmora|0 fnt\n|faint|p2b: Glimmora\n|\n|-weather|Snowscape|[upkeep]\n|-heal|p2a: Milotic|92/100|[from] item: Leftovers\n|upkeep\n|turn|4\n|\n|t:|1776273058\n|switch|p1a: Lopunny|Lopunny-Mega, L50, F|100/100\n|move|p2a: Milotic|Blizzard|p1a: Lopunny|[spread] p1a,p1b\n|-resisted|p1b: Clawitzer|1\n|-damage|p1a: Lopunny|65/100\n|-damage|p1b: Clawitzer|65/100\n|move|p1b: Clawitzer|Heal Pulse|p1a: Lopunny\n|-heal|p1a: Lopunny|100/100\n|\n|-weather|Snowscape|[upkeep]\n|-heal|p2a: Milotic|98/100|[from] item: Leftovers\n|upkeep\n|turn|5\n|-message|Javitoxxx forfeited.\n|\n|win|Arcato\n|raw|Arcato's rating: 1186 &rarr; <strong>1215</strong><br />(+29 for winning)\n|raw|Javitoxxx's rating: 1236 &rarr; <strong>1207</strong><br />(-29 for losing)\n|l|\u2606Javitoxxx\n|player|p2|\n",
  "uploadtime": 1776273076,
  "views": 28,
  "formatid": "gen9championsvgc2026regma",
  "rating": 1207,
  "private": 0,
  "password": null
}