{
  "id": "gen9championsvgc2026regma-2588537980",
  "format": "[Gen 9 Champions] VGC 2026 Reg M-A",
  "players": [
    "Un Aweonao",
    "Pever3ll"
  ],
  "log": "|j|\u2606Un Aweonao\n|j|\u2606Pever3ll\n|t:|1776642835\n|gametype|doubles\n|player|p1|Un Aweonao|hoopster|\n|player|p2|Pever3ll|miku-flying|\n|gen|9\n|tier|[Gen 9 Champions] VGC 2026 Reg M-A\n|rated|Tournament battle\n|rule|Species Clause: Limit one of each Pok\u00e9mon\n|rule|Item Clause: Limit 1 of each item\n|raw|<div class=\"infobox\"><details class=\"readmore\" open><summary><strong>1 custom rule:</strong></summary> Force Open Team Sheets</details></div>\n|clearpoke\n|poke|p1|Garchomp, L50, F|\n|poke|p1|Aerodactyl, L50, M|\n|poke|p1|Venusaur, L50, M|\n|poke|p1|Torkoal, L50, M|\n|poke|p1|Kingambit, L50, F|\n|poke|p1|Basculegion-F, L50, F|\n|poke|p2|Zoroark-Hisui, L50, F|\n|poke|p2|Whimsicott, L50, M|\n|poke|p2|Chandelure, L50, F|\n|poke|p2|Floette-Eternal, L50, F|\n|poke|p2|Basculegion, L50, M|\n|poke|p2|Kingambit, L50, M|\n|teampreview|4\n|showteam|p1|Garchomp||HabanBerry|RoughSkin|DragonClaw,Earthquake,RockSlide,Protect|||F|||50|]Aerodactyl||FocusSash|Unnerve|RockSlide,DualWingbeat,Tailwind,Protect|||M|||50|]Venusaur||Venusaurite|Chlorophyll|EnergyBall,SludgeBomb,SleepPowder,Protect|||M|||50|]Torkoal||SitrusBerry|Drought|Eruption,HeatWave,EarthPower,Protect|||M|||50|]Kingambit||ChopleBerry|Defiant|KowtowCleave,SuckerPunch,IronHead,LowKick|||F|||50|]Basculegion-F||ChoiceScarf|Adaptability|ShadowBall,MuddyWater,HydroPump,IceBeam|||F|||50|\n|showteam|p2|Zoroark-Hisui||FocusSash|Illusion|BitterMalice,IcyWind,Protect,HyperVoice|||F|||50|]Whimsicott||MentalHerb|Prankster|FakeTears,Tailwind,Moonblast,Encore|||M|||50|]Chandelure||Chandelurite|FlashFire|ShadowBall,HeatWave,Protect,Substitute|||F|||50|]Floette-Eternal||Floettite|FlowerVeil|Protect,DazzlingGleam,LightofRuin,SunnyDay|||F|||50|]Basculegion||ChoiceScarf|Adaptability|FlipTurn,AquaJet,LastRespects,WaveCrash|||M|||50|]Kingambit||ChopleBerry|Defiant|KowtowCleave,SuckerPunch,LowKick,Protect|||M|||50|\n|inactive|Battle timer is ON: inactive players will automatically lose when time's up. (requested by Un Aweonao)\n|j| luffy_5086\n|inactive|Un Aweonao has 60 seconds left.\n|inactive|Pever3ll has 60 seconds left.\nPever3ll has agreed to open team sheets.\n|inactive|Pever3ll has 30 seconds left.\n|\n|t:|1776642900\n|teamsize|p1|4\n|teamsize|p2|4\n|start\n|switch|p1a: Aerodactyl|Aerodactyl, L50, M|100/100\n|switch|p1b: Kingambit|Kingambit, L50, F|100/100\n|switch|p2a: Basculegion|Basculegion, L50, M|100/100\n|switch|p2b: Chandelure|Chandelure, L50, F|100/100\n|-ability|p1a: Aerodactyl|Unnerve\n|turn|1\n|inactive|Pever3ll has 30 seconds left.\n|inactive|Un Aweonao has 30 seconds left.\n|inactive|Un Aweonao has 20 seconds left.\n|\n|t:|1776642944\n|move|p2b: Chandelure|Protect|p2b: Chandelure\n|-singleturn|p2b: Chandelure|Protect\n|move|p1a: Aerodactyl|Tailwind|p1a: Aerodactyl\n|-sidestart|p1: Un Aweonao|move: Tailwind\n|move|p2a: Basculegion|Flip Turn|p1a: Aerodactyl\n|-supereffective|p1a: Aerodactyl|1\n|-enditem|p1a: Aerodactyl|Focus Sash\n|-damage|p1a: Aerodactyl|1/100\n|\n|t:|1776642951\n|switch|p2a: Whimsicott|Whimsicott, L50, M|100/100|[from] Flip Turn\n|move|p1b: Kingambit|Kowtow Cleave|p2b: Chandelure\n|-activate|p2b: Chandelure|move: Protect\n|\n|upkeep\n|turn|2\n|\n|t:|1776642971\n|move|p1a: Aerodactyl|Protect|p1a: Aerodactyl\n|-singleturn|p1a: Aerodactyl|Protect\n|move|p2a: Whimsicott|Tailwind|p2a: Whimsicott\n|-sidestart|p2: Pever3ll|move: Tailwind\n|move|p2b: Chandelure|Hyper Voice|p1b: Kingambit|[spread] p1b\n|-activate|p1a: Aerodactyl|move: Protect\n|-resisted|p1b: Kingambit|1\n|-damage|p1b: Kingambit|85/100\n|move|p1b: Kingambit|Iron Head|p2a: Whimsicott\n|-supereffective|p2a: Whimsicott|1\n|-damage|p2a: Whimsicott|0 fnt\n|faint|p2a: Whimsicott\n|\n|upkeep\n|\n|t:|1776642980\n|switch|p2a: Basculegion|Basculegion, L50, M|100/100\n|turn|3\n|\n|t:|1776642990\n|move|p1b: Kingambit|Sucker Punch|p2a: Basculegion\n|-supereffective|p2a: Basculegion|1\n|-damage|p2a: Basculegion|10/100\n|move|p1a: Aerodactyl|Rock Slide|p2b: Chandelure|[spread] p2a,p2b\n|-damage|p2a: Basculegion|0 fnt\n|-damage|p2b: Chandelure|50/100\n|replace|p2b: Zoroark|Zoroark-Hisui, L50, F\n|-end|p2b: Zoroark|Illusion\n|faint|p2a: Basculegion\n|move|p2b: Zoroark|Hyper Voice|p1a: Aerodactyl|[spread] p1a,p1b\n|-resisted|p1a: Aerodactyl|1\n|-resisted|p1b: Kingambit|1\n|-damage|p1a: Aerodactyl|0 fnt\n|-damage|p1b: Kingambit|68/100\n|faint|p1a: Aerodactyl\n|\n|upkeep\n|\n|t:|1776643005\n|switch|p1a: Torkoal|Torkoal, L50, M|100/100\n|switch|p2a: Chandelure|Chandelure, L50, F|100/100\n|-weather|SunnyDay|[from] ability: Drought|[of] p1a: Torkoal\n|turn|4\n|\n|t:|1776643012\n|move|p2b: Zoroark|Protect|p2b: Zoroark\n|-singleturn|p2b: Zoroark|Protect\n|move|p1b: Kingambit|Sucker Punch||[still]\n|-fail|p1b: Kingambit\n|move|p2a: Chandelure|Substitute|p2a: Chandelure\n|-start|p2a: Chandelure|Substitute\n|-damage|p2a: Chandelure|76/100\n|move|p1a: Torkoal|Earth Power|p2a: Chandelure\n|-supereffective|p2a: Chandelure|1\n|-end|p2a: Chandelure|Substitute\n|\n|-weather|SunnyDay|[upkeep]\n|-sideend|p1: Un Aweonao|move: Tailwind\n|upkeep\n|turn|5\n|\n|t:|1776643032\n|detailschange|p2a: Chandelure|Chandelure-Mega, L50, F\n|-mega|p2a: Chandelure|Chandelure|Chandelurite\n|move|p1b: Kingambit|Sucker Punch|p2b: Zoroark\n|-supereffective|p2b: Zoroark|1\n|-damage|p2b: Zoroark|0 fnt\n|faint|p2b: Zoroark\n|move|p2a: Chandelure|Heat Wave|p1b: Kingambit|[spread] p1a,p1b\n|-resisted|p1a: Torkoal|1\n|-supereffective|p1b: Kingambit|1\n|-damage|p1a: Torkoal|52/100\n|-damage|p1b: Kingambit|0 fnt\n|faint|p1b: Kingambit\n|move|p1a: Torkoal|Earth Power|p2a: Chandelure\n|-supereffective|p2a: Chandelure|1\n|-damage|p2a: Chandelure|14/100\n|\n|-weather|SunnyDay|[upkeep]\n|-sideend|p2: Pever3ll|move: Tailwind\n|upkeep\n|\n|t:|1776643039\n|switch|p1b: Venusaur|Venusaur, L50, M|100/100\n|turn|6\n|\n|t:|1776643045\n|move|p1b: Venusaur|Sludge Bomb|p2a: Chandelure\n|-resisted|p2a: Chandelure|1\n|-damage|p2a: Chandelure|0 fnt\n|faint|p2a: Chandelure\n|\n|win|Un Aweonao\n|n|\u2606Un Aweonao|unaweonao\n|n|\u2606Pever3ll|pever3ll\n|n| luffy_5086|luffy5086\n|l|\u2606Pever3ll\n|player|p2|\n",
  "uploadtime": 1776643066,
  "views": 12,
  "formatid": "gen9championsvgc2026regma",
  "rating": null,
  "private": 0,
  "password": null
}