{
  "id": "gen9championsvgc2026regma-2584031900",
  "format": "[Gen 9 Champions] VGC 2026 Reg M-A",
  "players": [
    "deeejaayyyy24",
    "Cahna"
  ],
  "log": "|j|\u2606deeejaayyyy24\n|j|\u2606Cahna\n|t:|1776218480\n|gametype|doubles\n|player|p1|deeejaayyyy24|benga|1000\n|player|p2|Cahna|265|1040\n|gen|9\n|tier|[Gen 9 Champions] VGC 2026 Reg M-A\n|rated|\n|rule|Species Clause: Limit one of each Pok\u00e9mon\n|rule|Item Clause: Limit 1 of each item\n|clearpoke\n|poke|p1|Floette-Eternal, L50, F|\n|poke|p1|Incineroar, L50, M|\n|poke|p1|Clefable, L50, F|\n|poke|p1|Garchomp, L50, M|\n|poke|p1|Corviknight, L50, M|\n|poke|p1|Archaludon, L50, F|\n|poke|p2|Chimecho, L50, M|\n|poke|p2|Basculegion, L50, M|\n|poke|p2|Kingambit, L50, F|\n|poke|p2|Farigiraf, L50, F|\n|poke|p2|Torkoal, L50, F|\n|poke|p2|Mudsdale, L50, F|\n|teampreview|4\ndeeejaayyyy24 has agreed to open team sheets.\n|inactive|Battle timer is ON: inactive players will automatically lose when time's up. (requested by deeejaayyyy24)\n|inactive|Cahna has 60 seconds left.\n|\n|t:|1776218528\n|teamsize|p1|4\n|teamsize|p2|4\n|start\n|switch|p1a: Garchomp|Garchomp, L50, M|100/100\n|switch|p1b: Incineroar|Incineroar, L50, M|100/100\n|switch|p2a: Chimecho|Chimecho, L50, M|100/100\n|switch|p2b: Basculegion|Basculegion, L50, M|100/100\n|-ability|p1b: Incineroar|Intimidate|boost\n|-unboost|p2a: Chimecho|atk|1\n|-unboost|p2b: Basculegion|atk|1\n|turn|1\n|\n|t:|1776218548\n|detailschange|p2a: Chimecho|Chimecho-Mega, L50, M\n|-mega|p2a: Chimecho|Chimecho|Chimechite\n|move|p1a: Garchomp|Stealth Rock|p2b: Basculegion\n|-sidestart|p2: Cahna|move: Stealth Rock\n|move|p2b: Basculegion|Wave Crash|p1b: Incineroar\n|-supereffective|p1b: Incineroar|1\n|-damage|p1b: Incineroar|17/100\n|-damage|p2b: Basculegion|73/100|[from] Recoil\n|move|p1b: Incineroar|Will-O-Wisp|p2b: Basculegion\n|-status|p2b: Basculegion|brn\n|move|p2a: Chimecho|Trick Room|p2a: Chimecho\n|-fieldstart|move: Trick Room|[of] p2a: Chimecho\n|\n|-heal|p1b: Incineroar|23/100|[from] item: Leftovers\n|-damage|p2b: Basculegion|66/100 brn|[from] brn\n|upkeep\n|turn|2\n|inactive|deeejaayyyy24 has 30 seconds left.\n|\n|t:|1776218577\n|move|p1b: Incineroar|Protect|p1b: Incineroar\n|-singleturn|p1b: Incineroar|Protect\n|move|p1a: Garchomp|Protect|p1a: Garchomp\n|-singleturn|p1a: Garchomp|Protect\n|move|p2a: Chimecho|Dazzling Gleam|p1a: Garchomp|[spread] \n|-activate|p1a: Garchomp|move: Protect\n|-activate|p1b: Incineroar|move: Protect\n|move|p2b: Basculegion|Wave Crash|p1a: Garchomp\n|-activate|p1a: Garchomp|move: Protect\n|\n|-heal|p1b: Incineroar|29/100|[from] item: Leftovers\n|-damage|p2b: Basculegion|60/100 brn|[from] brn\n|upkeep\n|turn|3\n|inactive|deeejaayyyy24 has 30 seconds left.\n|\n|t:|1776218604\n|switch|p1b: Archaludon|Archaludon, L50, F|100/100\n|move|p2b: Basculegion|Aqua Jet|p1b: Archaludon\n|-resisted|p1b: Archaludon|1\n|-damage|p1b: Archaludon|96/100\n|-ability|p1b: Archaludon|Stamina|boost\n|-boost|p1b: Archaludon|def|1\n|move|p2a: Chimecho|Dazzling Gleam|p1a: Garchomp|[spread] p1a,p1b\n|-supereffective|p1a: Garchomp|1\n|-damage|p1a: Garchomp|49/100\n|-damage|p1b: Archaludon|76/100\n|-ability|p1b: Archaludon|Stamina|boost\n|-boost|p1b: Archaludon|def|1\n|move|p1a: Garchomp|Dragon Claw|p2b: Basculegion\n|-damage|p2b: Basculegion|10/100 brn\n|\n|-damage|p2b: Basculegion|4/100 brn|[from] brn\n|upkeep\n|turn|4\n|inactive|deeejaayyyy24 has 30 seconds left.\n|\n|t:|1776218631\n|switch|p2b: Mudsdale|Mudsdale, L50, F|100/100\n|-damage|p2b: Mudsdale|95/100|[from] Stealth Rock\n|move|p1a: Garchomp|Protect|p1a: Garchomp\n|-singleturn|p1a: Garchomp|Protect\n|move|p2a: Chimecho|Dazzling Gleam|p1a: Garchomp|[spread] p1b\n|-activate|p1a: Garchomp|move: Protect\n|-damage|p1b: Archaludon|55/100\n|-ability|p1b: Archaludon|Stamina|boost\n|-boost|p1b: Archaludon|def|1\n|move|p1b: Archaludon|Substitute|p1b: Archaludon\n|-start|p1b: Archaludon|Substitute\n|-damage|p1b: Archaludon|30/100\n|\n|upkeep\n|turn|5\n|inactive|deeejaayyyy24 has 30 seconds left.\n|\n|t:|1776218656\n|move|p2b: Mudsdale|Earthquake|p1a: Garchomp|[spread] p1a,p1b\n|-immune|p2a: Chimecho|[from] ability: Levitate\n|-supereffective|p1b: Archaludon|1\n|-end|p1b: Archaludon|Substitute\n|-damage|p1a: Garchomp|2/100\n|move|p2a: Chimecho|Dazzling Gleam|p1b: Archaludon|[spread] p1a,p1b\n|-supereffective|p1a: Garchomp|1\n|-damage|p1a: Garchomp|0 fnt\n|-damage|p1b: Archaludon|10/100\n|-ability|p1b: Archaludon|Stamina|boost\n|-boost|p1b: Archaludon|def|1\n|faint|p1a: Garchomp\n|move|p1b: Archaludon|Dragon Pulse|p2b: Mudsdale\n|-damage|p2b: Mudsdale|55/100\n|\n|-fieldend|move: Trick Room\n|upkeep\n|\n|t:|1776218668\n|switch|p1a: Floette|Floette-Eternal, L50, F|100/100\n|turn|6\n|\n|t:|1776218682\n|detailschange|p1a: Floette|Floette-Mega, L50, F\n|-mega|p1a: Floette|Floette|Floettite\n|-ability|p1a: Floette|Fairy Aura\n|move|p2b: Mudsdale|Protect|p2b: Mudsdale\n|-singleturn|p2b: Mudsdale|Protect\n|move|p1a: Floette|Calm Mind|p1a: Floette\n|-boost|p1a: Floette|spa|1\n|-boost|p1a: Floette|spd|1\n|move|p1b: Archaludon|Steel Beam|p2b: Mudsdale\n|-activate|p2b: Mudsdale|move: Protect\n|-damage|p1b: Archaludon|0 fnt|[from] steelbeam\n|faint|p1b: Archaludon\n|move|p2a: Chimecho|Trick Room|p2a: Chimecho\n|-fieldstart|move: Trick Room|[of] p2a: Chimecho\n|\n|upkeep\n|\n|t:|1776218692\n|switch|p1b: Incineroar|Incineroar, L50, M|29/100\n|-ability|p1b: Incineroar|Intimidate|boost\n|-unboost|p2a: Chimecho|atk|1\n|-fail|p2b: Mudsdale|unboost|Attack|[from] ability: Inner Focus|[of] p2b: Mudsdale\n|turn|7\n|\n|t:|1776218704\n|move|p1a: Floette|Protect|p1a: Floette\n|-singleturn|p1a: Floette|Protect\n|move|p1b: Incineroar|Fake Out|p2b: Mudsdale\n|-damage|p2b: Mudsdale|46/100\n|move|p2b: Mudsdale|Earthquake|p1b: Incineroar|[spread] p1b\n|-activate|p1a: Floette|move: Protect\n|-immune|p2a: Chimecho|[from] ability: Levitate\n|-supereffective|p1b: Incineroar|1\n|-damage|p1b: Incineroar|0 fnt\n|faint|p1b: Incineroar\n|move|p2a: Chimecho|Dazzling Gleam|p1a: Floette\n|-activate|p1a: Floette|move: Protect\n|\n|upkeep\n|turn|8\n|\n|t:|1776218715\n|move|p2a: Chimecho|Helping Hand|p2b: Mudsdale\n|-singleturn|p2b: Mudsdale|Helping Hand|[of] p2a: Chimecho\n|move|p2b: Mudsdale|Earthquake|p1a: Floette|[spread] p1a\n|-immune|p2a: Chimecho|[from] ability: Levitate\n|-damage|p1a: Floette|0 fnt\n|faint|p1a: Floette\n|\n|win|Cahna\n|raw|deeejaayyyy24's rating: 1000 &rarr; <strong>1000</strong><br />(+0 for losing)\n|raw|Cahna's rating: 1040 &rarr; <strong>1070</strong><br />(+30 for winning)\n|l|\u2606deeejaayyyy24\n|player|p1|\n",
  "uploadtime": 1776218725,
  "views": 14,
  "formatid": "gen9championsvgc2026regma",
  "rating": 1000,
  "private": 0,
  "password": null
}