{
  "id": "gen9championsvgc2026regma-2584143198",
  "format": "[Gen 9 Champions] VGC 2026 Reg M-A",
  "players": [
    "Zardx42",
    "massan2580"
  ],
  "log": "|j|\u2606Zardx42\n|j|\u2606massan2580\n|t:|1776230135\n|gametype|doubles\n|player|p1|Zardx42|102|1446\n|player|p2|massan2580|169|1513\n|gen|9\n|tier|[Gen 9 Champions] VGC 2026 Reg M-A\n|rated|\n|rule|Species Clause: Limit one of each Pok\u00e9mon\n|rule|Item Clause: Limit 1 of each item\n|clearpoke\n|poke|p1|Aggron, L50, M|\n|poke|p1|Sneasler, L50, M|\n|poke|p1|Tyranitar, L50, F|\n|poke|p1|Sinistcha, L50|\n|poke|p1|Aerodactyl, L50, F|\n|poke|p1|Hydreigon, L50, F|\n|poke|p2|Floette-Eternal, L50, F|\n|poke|p2|Sneasler, L50, M|\n|poke|p2|Basculegion, L50, M|\n|poke|p2|Sylveon, L50, M|\n|poke|p2|Hydreigon, L50, F|\n|poke|p2|Talonflame, L50, M|\n|teampreview|4\n|inactive|Battle timer is ON: inactive players will automatically lose when time's up. (requested by Zardx42)\n|\n|t:|1776230175\n|teamsize|p1|4\n|teamsize|p2|4\n|start\n|switch|p1a: Aggron|Aggron, L50, M|100/100\n|switch|p1b: Sneasler|Sneasler, L50, M|100/100\n|switch|p2a: Talonflame|Talonflame, L50, M|100/100\n|switch|p2b: Hydreigon|Hydreigon, L50, F|100/100\n|turn|1\n|\n|t:|1776230192\n|detailschange|p1a: Aggron|Aggron-Mega, L50, M\n|-mega|p1a: Aggron|Aggron|Aggronite\n|move|p2a: Talonflame|Protect|p2a: Talonflame\n|-singleturn|p2a: Talonflame|Protect\n|move|p1b: Sneasler|Fake Out|p2a: Talonflame\n|-activate|p2a: Talonflame|move: Protect\n|move|p2b: Hydreigon|Dark Pulse|p1a: Aggron\n|-damage|p1a: Aggron|62/100\n|move|p1a: Aggron|Body Press|p2b: Hydreigon\n|-supereffective|p2b: Hydreigon|1\n|-enditem|p2b: Hydreigon|Chople Berry|[eat]\n|-enditem|p2b: Hydreigon|Chople Berry|[weaken]\n|-damage|p2b: Hydreigon|65/100\n|\n|upkeep\n|turn|2\n|\n|t:|1776230216\n|switch|p1b: Tyranitar|Tyranitar, L50, F|100/100\n|-weather|Sandstorm|[from] ability: Sand Stream|[of] p1b: Tyranitar\n|move|p1a: Aggron|Protect|p1a: Aggron\n|-singleturn|p1a: Aggron|Protect\n|move|p2a: Talonflame|Tailwind|p2a: Talonflame\n|-sidestart|p2: massan2580|move: Tailwind\n|move|p2b: Hydreigon|Draco Meteor|p1b: Tyranitar\n|-damage|p1b: Tyranitar|60/100\n|-unboost|p2b: Hydreigon|spa|2\n|\n|-weather|Sandstorm|[upkeep]\n|-damage|p2a: Talonflame|95/100|[from] Sandstorm\n|-damage|p2b: Hydreigon|59/100|[from] Sandstorm\n|upkeep\n|turn|3\n|inactive|massan2580 has 30 seconds left.\n|\n|t:|1776230243\n|switch|p1a: Sinistcha|Sinistcha, L50|100/100\n|-heal|p1b: Tyranitar|85/100|[from] ability: Hospitality|[of] p1a: Sinistcha\n|move|p2a: Talonflame|Dual Wingbeat|p1b: Tyranitar\n|-resisted|p1b: Tyranitar|1\n|-damage|p1b: Tyranitar|79/100\n|-resisted|p1b: Tyranitar|1\n|-damage|p1b: Tyranitar|73/100\n|-hitcount|p1b: Tyranitar|2\n|move|p2b: Hydreigon|Dark Pulse|p1a: Sinistcha\n|-supereffective|p1a: Sinistcha|1\n|-damage|p1a: Sinistcha|57/100\n|move|p1b: Tyranitar|Rock Slide|p2a: Talonflame|[spread] p2a,p2b\n|-supereffective|p2a: Talonflame|2\n|-damage|p2a: Talonflame|0 fnt\n|-damage|p2b: Hydreigon|29/100\n|faint|p2a: Talonflame\n|\n|-weather|Sandstorm|[upkeep]\n|-damage|p2b: Hydreigon|23/100|[from] Sandstorm\n|-damage|p1a: Sinistcha|51/100|[from] Sandstorm\n|upkeep\n|j| Winieska Rambulera\n|\n|t:|1776230256\n|switch|p2a: Floette|Floette-Eternal, L50, F|100/100\n|turn|4\n|inactive|Zardx42 has 30 seconds left.\n|inactive|Zardx42 has 20 seconds left.\n|inactive|Zardx42 has 15 seconds left.\n|j| suibiandajiba\n|inactive|Zardx42 has 10 seconds left.\n|inactive|Zardx42 has 5 seconds left.\n|\n|t:|1776230308\n|switch|p1b: Aggron|Aggron-Mega, L50, M|62/100\n|detailschange|p2a: Floette|Floette-Mega, L50, F\n|-mega|p2a: Floette|Floette|Floettite\n|-ability|p2a: Floette|Fairy Aura\n|move|p2a: Floette|Moonblast|p1a: Sinistcha\n|-damage|p1a: Sinistcha|0 fnt\n|faint|p1a: Sinistcha\n|move|p2b: Hydreigon|Dark Pulse|p1b: Aggron\n|-damage|p1b: Aggron|40/100\n|\n|-weather|Sandstorm|[upkeep]\n|-damage|p2a: Floette|94/100|[from] Sandstorm\n|-damage|p2b: Hydreigon|17/100|[from] Sandstorm\n|upkeep\n|j| trisew\n|\n|t:|1776230319\n|switch|p1a: Sneasler|Sneasler, L50, M|100/100\n|turn|5\n|inactive|Zardx42 has 30 seconds left.\n|\n|t:|1776230354\n|move|p2a: Floette|Protect|p2a: Floette\n|-singleturn|p2a: Floette|Protect\n|move|p1b: Aggron|Protect|p1b: Aggron\n|-singleturn|p1b: Aggron|Protect\n|move|p1a: Sneasler|Fake Out|p2a: Floette\n|-activate|p2a: Floette|move: Protect\n|move|p2b: Hydreigon|Draco Meteor|p1a: Sneasler\n|-damage|p1a: Sneasler|48/100\n|-unboost|p2b: Hydreigon|spa|2\n|\n|-weather|Sandstorm|[upkeep]\n|-damage|p2a: Floette|88/100|[from] Sandstorm\n|-damage|p2b: Hydreigon|11/100|[from] Sandstorm\n|-damage|p1a: Sneasler|42/100|[from] Sandstorm\n|-sideend|p2: massan2580|move: Tailwind\n|upkeep\n|turn|6\n|l| suibiandajiba\n|inactive|massan2580 has 30 seconds left.\n|inactive|massan2580 has 20 seconds left.\n|l| trisew\n|inactive|massan2580 has 15 seconds left.\n|inactive|massan2580 has 10 seconds left.\n|\n|t:|1776230402\n|switch|p2a: Basculegion|Basculegion, L50, M|100/100\n|move|p1a: Sneasler|Dire Claw|p2a: Basculegion\n|-resisted|p2a: Basculegion|1\n|-damage|p2a: Basculegion|75/100\n|move|p2b: Hydreigon|Heat Wave|p1a: Sneasler|[spread] p1a,p1b\n|-supereffective|p1b: Aggron|1\n|-damage|p1a: Sneasler|30/100\n|-damage|p1b: Aggron|28/100\n|move|p1b: Aggron|Body Press|p2b: Hydreigon\n|-supereffective|p2b: Hydreigon|1\n|-crit|p2b: Hydreigon\n|-damage|p2b: Hydreigon|0 fnt\n|faint|p2b: Hydreigon\n|\n|-weather|none\n|upkeep\n|j| method tester\n|\n|t:|1776230414\n|switch|p2b: Floette|Floette-Mega, L50, F|88/100\n|-ability|p2b: Floette|Fairy Aura\n|turn|7\n|inactive|Zardx42 has 30 seconds left.\n|inactive|Zardx42 has 20 seconds left.\n|inactive|Zardx42 has 15 seconds left.\n|inactive|Zardx42 has 10 seconds left.\n|inactive|Zardx42 has 5 seconds left.\n|\n|t:|1776230469\n|move|p2a: Basculegion|Wave Crash|p1a: Sneasler\n|-damage|p1a: Sneasler|0 fnt\n|faint|p1a: Sneasler\n|-damage|p2a: Basculegion|68/100|[from] Recoil\n|move|p2b: Floette|Moonblast|p1b: Aggron\n|-resisted|p1b: Aggron|1\n|-crit|p1b: Aggron\n|-damage|p1b: Aggron|0 fnt\n|faint|p1b: Aggron\n|\n|upkeep\n|-message|Zardx42 forfeited.\n|\n|win|massan2580\n|raw|Zardx42's rating: 1446 &rarr; <strong>1430</strong><br />(-16 for losing)\n|raw|massan2580's rating: 1513 &rarr; <strong>1529</strong><br />(+16 for winning)\n|l|\u2606Zardx42\n|player|p1|\n|l| method tester\n",
  "uploadtime": 1776230527,
  "views": 36,
  "formatid": "gen9championsvgc2026regma",
  "rating": 1430,
  "private": 0,
  "password": null
}