{
  "id": "gen9championsvgc2026regma-2581464444",
  "format": "[Gen 9 Champions] VGC 2026 Reg M-A",
  "players": [
    "Montztar",
    "josta joseph"
  ],
  "log": "|j|\u2606Montztar\n|j|\u2606josta joseph\n|t:|1776002954\n|gametype|doubles\n|player|p1|Montztar|265|1135\n|player|p2|josta joseph|2|1057\n|gen|9\n|tier|[Gen 9 Champions] VGC 2026 Reg M-A\n|rated|\n|rule|Species Clause: Limit one of each Pok\u00e9mon\n|rule|Item Clause: Limit 1 of each item\n|clearpoke\n|poke|p1|Froslass, L50, F|\n|poke|p1|Incineroar, L50, M|\n|poke|p1|Garchomp, L50, M|\n|poke|p1|Orthworm, L50, F|\n|poke|p1|Basculegion, L50, M|\n|poke|p1|Rotom-Frost, L50|\n|poke|p2|Garchomp, L50, M|\n|poke|p2|Whimsicott, L50, F|\n|poke|p2|Hawlucha, L50, M|\n|poke|p2|Rotom-Wash, L50|\n|poke|p2|Dragonite, L50, F|\n|poke|p2|Gyarados, L50, M|\n|teampreview|4\n|\n|t:|1776003006\n|teamsize|p1|4\n|teamsize|p2|4\n|start\n|switch|p1a: Orthworm|Orthworm, L50, F|100/100\n|switch|p1b: Incineroar|Incineroar, L50, M, shiny|100/100\n|switch|p2a: Gyarados|Gyarados, L50, M|100/100\n|switch|p2b: Hawlucha|Hawlucha, L50, M|100/100\n|-ability|p2a: Gyarados|Intimidate|boost\n|-unboost|p1a: Orthworm|atk|1\n|-unboost|p1b: Incineroar|atk|1\n|-ability|p1b: Incineroar|Intimidate|boost\n|-unboost|p2a: Gyarados|atk|1\n|-unboost|p2b: Hawlucha|atk|1\n|-enditem|p2b: Hawlucha|White Herb\n|-clearnegativeboost|p2b: Hawlucha|[silent]\n|turn|1\n|\n|t:|1776003046\n|move|p1b: Incineroar|Fake Out|p2b: Hawlucha\n|-damage|p2b: Hawlucha|91/100\n|cant|p2b: Hawlucha|flinch\n|move|p2a: Gyarados|Taunt|p1a: Orthworm\n|-start|p1a: Orthworm|move: Taunt\n|cant|p1a: Orthworm|move: Taunt|Shed Tail\n|\n|upkeep\n|turn|2\n|inactive|Battle timer is ON: inactive players will automatically lose when time's up. (requested by josta joseph)\n|\n|t:|1776003082\n|switch|p1a: Rotom|Rotom-Frost, L50|100/100\n|move|p2b: Hawlucha|Close Combat|p1b: Incineroar\n|-supereffective|p1b: Incineroar|1\n|-crit|p1b: Incineroar\n|-damage|p1b: Incineroar|0 fnt\n|-unboost|p2b: Hawlucha|def|1\n|-unboost|p2b: Hawlucha|spd|1\n|faint|p1b: Incineroar\n|move|p2a: Gyarados|Waterfall|p1a: Rotom\n|-damage|p1a: Rotom|69/100\n|\n|upkeep\n|\n|t:|1776003092\n|switch|p1b: Froslass|Froslass, L50, F|100/100\n|turn|3\n|\n|t:|1776003104\n|detailschange|p1b: Froslass|Froslass-Mega, L50, F\n|-mega|p1b: Froslass|Froslass|Froslassite\n|-weather|Snowscape|[from] ability: Snow Warning|[of] p1b: Froslass\n|move|p2b: Hawlucha|Detect|p2b: Hawlucha\n|-singleturn|p2b: Hawlucha|Protect\n|move|p1b: Froslass|Blizzard|p2a: Gyarados|[spread] p2a\n|-activate|p2b: Hawlucha|move: Protect\n|-damage|p2a: Gyarados|64/100\n|-status|p2a: Gyarados|frz\n|move|p1a: Rotom|Blizzard|p2b: Hawlucha|[spread] p2a\n|-activate|p2b: Hawlucha|move: Protect\n|-damage|p2a: Gyarados|28/100 frz\n|cant|p2a: Gyarados|frz\n|\n|-weather|Snowscape|[upkeep]\n|upkeep\n|turn|4\n|\n|t:|1776003128\n|cant|p2a: Gyarados|frz\n|move|p2b: Hawlucha|Close Combat|p1a: Rotom\n|-supereffective|p1a: Rotom|1\n|-damage|p1a: Rotom|0 fnt\n|-unboost|p2b: Hawlucha|def|1\n|-unboost|p2b: Hawlucha|spd|1\n|faint|p1a: Rotom\n|move|p1b: Froslass|Blizzard|p2b: Hawlucha|[spread] p2a,p2b\n|-supereffective|p2b: Hawlucha|1\n|-damage|p2a: Gyarados|0 fnt\n|-damage|p2b: Hawlucha|0 fnt\n|faint|p2a: Gyarados\n|faint|p2b: Hawlucha\n|\n|-weather|Snowscape|[upkeep]\n|upkeep\n|\n|t:|1776003141\n|switch|p2b: Whimsicott|Whimsicott, L50, F|100/100\n|switch|p1a: Orthworm|Orthworm, L50, F|100/100\n|switch|p2a: Rotom|Rotom-Wash, L50|100/100\n|turn|5\n|inactive|Montztar has 30 seconds left.\n|inactive|josta joseph has 30 seconds left.\n|\n|t:|1776003174\n|move|p2b: Whimsicott|Protect|p2b: Whimsicott\n|-singleturn|p2b: Whimsicott|Protect\n|move|p2a: Rotom|Thunderbolt|p1b: Froslass\n|-damage|p1b: Froslass|54/100\n|move|p1b: Froslass|Blizzard|p2b: Whimsicott|[spread] p2a\n|-activate|p2b: Whimsicott|move: Protect\n|-resisted|p2a: Rotom|1\n|-damage|p2a: Rotom|70/100\n|move|p1a: Orthworm|Heavy Slam|p2a: Rotom\n|-resisted|p2a: Rotom|2\n|-damage|p2a: Rotom|57/100\n|\n|-weather|Snowscape|[upkeep]\n|upkeep\n|turn|6\n|inactive|josta joseph has 30 seconds left.\n|inactive|josta joseph has 20 seconds left.\n|\n|t:|1776003210\n|move|p2b: Whimsicott|Protect||[still]\n|-fail|p2b: Whimsicott\n|move|p1b: Froslass|Protect|p1b: Froslass\n|-singleturn|p1b: Froslass|Protect\n|move|p2a: Rotom|Thunderbolt|p1b: Froslass\n|-activate|p1b: Froslass|move: Protect\n|move|p1a: Orthworm|Heavy Slam|p2b: Whimsicott\n|-supereffective|p2b: Whimsicott|1\n|-enditem|p2b: Whimsicott|Focus Sash\n|-damage|p2b: Whimsicott|1/100\n|\n|-weather|Snowscape|[upkeep]\n|upkeep\n|turn|7\n|\n|t:|1776003235\n|move|p2b: Whimsicott|Encore|p1b: Froslass\n|-start|p1b: Froslass|Encore\n|move|p1b: Froslass|Protect||[still]\n|-fail|p1b: Froslass\n|move|p2a: Rotom|Thunderbolt|p1a: Orthworm\n|-damage|p1a: Orthworm|52/100\n|move|p1a: Orthworm|Heavy Slam|p2b: Whimsicott\n|-supereffective|p2b: Whimsicott|1\n|-damage|p2b: Whimsicott|0 fnt\n|faint|p2b: Whimsicott\n|\n|-weather|none\n|upkeep\n|turn|8\n|\n|t:|1776003257\n|move|p1b: Froslass|Protect|p1b: Froslass\n|-singleturn|p1b: Froslass|Protect\n|move|p2a: Rotom|Thunderbolt|p1a: Orthworm\n|-damage|p1a: Orthworm|4/100\n|-enditem|p1a: Orthworm|Sitrus Berry|[eat]\n|-heal|p1a: Orthworm|29/100|[from] item: Sitrus Berry\n|move|p1a: Orthworm|Body Press|p2a: Rotom\n|-damage|p2a: Rotom|21/100\n|\n|upkeep\n|turn|9\n|\n|t:|1776003270\n|move|p1b: Froslass|Protect||[still]\n|-fail|p1b: Froslass\n|move|p2a: Rotom|Thunderbolt|p1a: Orthworm\n|-damage|p1a: Orthworm|0 fnt\n|faint|p1a: Orthworm\n|\n|-end|p1b: Froslass|Encore\n|upkeep\n|turn|10\n|\n|t:|1776003278\n|move|p2a: Rotom|Thunderbolt|p1b: Froslass\n|-damage|p1b: Froslass|2/100\n|move|p1b: Froslass|Shadow Ball|p2a: Rotom\n|-damage|p2a: Rotom|0 fnt\n|faint|p2a: Rotom\n|\n|win|Montztar\n|raw|Montztar's rating: 1135 &rarr; <strong>1154</strong><br />(+19 for winning)\n|raw|josta joseph's rating: 1057 &rarr; <strong>1043</strong><br />(-14 for losing)\n",
  "uploadtime": 1776003287,
  "views": 20,
  "formatid": "gen9championsvgc2026regma",
  "rating": 1043,
  "private": 0,
  "password": null
}