{
  "id": "gen9championsvgc2026regma-2589427578",
  "format": "[Gen 9 Champions] VGC 2026 Reg M-A",
  "players": [
    "benjiapollo",
    "Mrmcfrontdoor"
  ],
  "log": "|j|\u2606benjiapollo\n|j|\u2606Mrmcfrontdoor\n|t:|1776722067\n|gametype|doubles\n|player|p1|benjiapollo|giovanni|1380\n|player|p2|Mrmcfrontdoor|interviewers|1289\n|gen|9\n|tier|[Gen 9 Champions] VGC 2026 Reg M-A\n|rated|\n|rule|Species Clause: Limit one of each Pok\u00e9mon\n|rule|Item Clause: Limit 1 of each item\n|clearpoke\n|poke|p1|Basculegion, L50, M|\n|poke|p1|Charizard, L50, M|\n|poke|p1|Kingambit, L50, M|\n|poke|p1|Sneasler, L50, F|\n|poke|p1|Venusaur, L50, F|\n|poke|p1|Talonflame, L50, F|\n|poke|p2|Rotom-Wash, L50|\n|poke|p2|Tyranitar, L50, F|\n|poke|p2|Sneasler, L50, M|\n|poke|p2|Delphox, L50, M|\n|poke|p2|Garchomp, L50, F|\n|poke|p2|Kingambit, L50, M|\n|teampreview|4\n|inactive|Battle timer is ON: inactive players will automatically lose when time's up. (requested by Mrmcfrontdoor)\n|\n|t:|1776722092\n|teamsize|p1|4\n|teamsize|p2|4\n|start\n|switch|p1a: Talonflame|Talonflame, L50, F|100/100\n|switch|p1b: Charizard|Charizard, L50, M|100/100\n|switch|p2a: Delphox|Delphox, L50, M|100/100\n|switch|p2b: Kingambit|Kingambit, L50, M|100/100\n|turn|1\n|\n|t:|1776722108\n|detailschange|p2a: Delphox|Delphox-Mega, L50, M\n|-mega|p2a: Delphox|Delphox|Delphoxite\n|detailschange|p1b: Charizard|Charizard-Mega-X, L50, M\n|-mega|p1b: Charizard|Charizard|Charizardite X\n|move|p2b: Kingambit|Protect|p2b: Kingambit\n|-singleturn|p2b: Kingambit|Protect\n|move|p1a: Talonflame|Tailwind|p1a: Talonflame\n|-sidestart|p1: benjiapollo|move: Tailwind\n|move|p1b: Charizard|Flare Blitz|p2b: Kingambit\n|-activate|p2b: Kingambit|move: Protect\n|move|p2a: Delphox|Heat Wave|p1b: Charizard|[spread] p1b\n|-miss|p2a: Delphox|p1a: Talonflame\n|-resisted|p1b: Charizard|2\n|-damage|p1b: Charizard|87/100\n|\n|upkeep\n|turn|2\n|inactive|Mrmcfrontdoor has 30 seconds left.\n|\n|t:|1776722138\n|switch|p2b: Tyranitar|Tyranitar, L50, F|100/100\n|-weather|Sandstorm|[from] ability: Sand Stream|[of] p2b: Tyranitar\n|move|p1a: Talonflame|Brave Bird|p2a: Delphox\n|-damage|p2a: Delphox|27/100\n|-damage|p1a: Talonflame|76/100|[from] Recoil\n|move|p1b: Charizard|Flare Blitz|p2b: Tyranitar\n|-resisted|p2b: Tyranitar|1\n|-damage|p2b: Tyranitar|71/100\n|-status|p2b: Tyranitar|brn\n|-damage|p1b: Charizard|74/100|[from] Recoil\n|move|p2a: Delphox|Psychic|p1b: Charizard\n|-damage|p1b: Charizard|8/100\n|\n|-weather|Sandstorm|[upkeep]\n|-damage|p1a: Talonflame|70/100|[from] Sandstorm\n|-damage|p1b: Charizard|2/100|[from] Sandstorm\n|-damage|p2a: Delphox|21/100|[from] Sandstorm\n|-damage|p2b: Tyranitar|65/100 brn|[from] brn\n|upkeep\n|turn|3\n|\n|t:|1776722161\n|switch|p1b: Kingambit|Kingambit, L50, M|100/100\n|switch|p2a: Kingambit|Kingambit, L50, M|100/100\n|move|p1a: Talonflame|Brave Bird|p2a: Kingambit\n|-resisted|p2a: Kingambit|1\n|-damage|p2a: Kingambit|84/100\n|-damage|p1a: Talonflame|63/100|[from] Recoil\n|move|p2b: Tyranitar|Rock Slide|p1a: Talonflame|[spread] p1a,p1b\n|-supereffective|p1a: Talonflame|2\n|-resisted|p1b: Kingambit|1\n|-damage|p1a: Talonflame|0 fnt\n|-damage|p1b: Kingambit|94/100\n|faint|p1a: Talonflame\n|\n|-weather|Sandstorm|[upkeep]\n|-damage|p2b: Tyranitar|59/100 brn|[from] brn\n|upkeep\n|\n|t:|1776722178\n|switch|p1a: Sneasler|Sneasler, L50, F|100/100\n|turn|4\n|\n|t:|1776722188\n|move|p2b: Tyranitar|Protect|p2b: Tyranitar\n|-singleturn|p2b: Tyranitar|Protect\n|move|p2a: Kingambit|Protect|p2a: Kingambit\n|-singleturn|p2a: Kingambit|Protect\n|move|p1a: Sneasler|Close Combat|p2a: Kingambit\n|-activate|p2a: Kingambit|move: Protect\n|move|p1b: Kingambit|Iron Head|p2b: Tyranitar\n|-activate|p2b: Tyranitar|move: Protect\n|\n|-weather|Sandstorm|[upkeep]\n|-damage|p1a: Sneasler|95/100|[from] Sandstorm\n|-damage|p2b: Tyranitar|53/100 brn|[from] brn\n|-sideend|p1: benjiapollo|move: Tailwind\n|upkeep\n|turn|5\n|\n|t:|1776722204\n|switch|p2a: Garchomp|Garchomp, L50, F|100/100\n|move|p1a: Sneasler|Close Combat|p2a: Garchomp\n|-damage|p2a: Garchomp|40/100\n|-unboost|p1a: Sneasler|def|1\n|-unboost|p1a: Sneasler|spd|1\n|-damage|p1a: Sneasler|82/100|[from] ability: Rough Skin|[of] p2a: Garchomp\n|-enditem|p1a: Sneasler|White Herb\n|-clearnegativeboost|p1a: Sneasler|[silent]\n|move|p2b: Tyranitar|Low Kick|p1b: Kingambit\n|-supereffective|p1b: Kingambit|2\n|-damage|p1b: Kingambit|40/100\n|move|p1b: Kingambit|Iron Head|p2b: Tyranitar\n|-supereffective|p2b: Tyranitar|1\n|-damage|p2b: Tyranitar|0 fnt\n|faint|p2b: Tyranitar\n|\n|-weather|Sandstorm|[upkeep]\n|-damage|p1a: Sneasler|77/100|[from] Sandstorm\n|upkeep\n|\n|t:|1776722226\n|switch|p2b: Kingambit|Kingambit, L50, M|84/100\n|turn|6\n|\n|t:|1776722245\n|move|p1a: Sneasler|Protect|p1a: Sneasler\n|-singleturn|p1a: Sneasler|Protect\n|move|p2b: Kingambit|Sucker Punch||[still]\n|-fail|p2b: Kingambit\n|move|p2a: Garchomp|Earthquake|p1a: Sneasler|[spread] p2b,p1b\n|-activate|p1a: Sneasler|move: Protect\n|-supereffective|p2b: Kingambit|1\n|-supereffective|p1b: Kingambit|1\n|-damage|p2b: Kingambit|26/100\n|-damage|p1b: Kingambit|0 fnt\n|faint|p1b: Kingambit\n|\n|-weather|none\n|upkeep\n|\n|t:|1776722255\n|switch|p1b: Charizard|Charizard-Mega-X, L50, M|2/100\n|turn|7\n|\n|t:|1776722264\n|move|p1b: Charizard|Protect|p1b: Charizard\n|-singleturn|p1b: Charizard|Protect\n|move|p2b: Kingambit|Sucker Punch|p1a: Sneasler\n|-resisted|p1a: Sneasler|1\n|-damage|p1a: Sneasler|33/100\n|move|p1a: Sneasler|Close Combat|p2a: Garchomp\n|-damage|p2a: Garchomp|0 fnt\n|-unboost|p1a: Sneasler|def|1\n|-unboost|p1a: Sneasler|spd|1\n|-damage|p1a: Sneasler|20/100|[from] ability: Rough Skin|[of] p2a: Garchomp\n|faint|p2a: Garchomp\n|\n|upkeep\n|\n|t:|1776722267\n|switch|p2a: Delphox|Delphox-Mega, L50, M|21/100\n|turn|8\n|\n|t:|1776722279\n|move|p1a: Sneasler|Protect|p1a: Sneasler\n|-singleturn|p1a: Sneasler|Protect\n|move|p2b: Kingambit|Sucker Punch||[still]\n|-fail|p2b: Kingambit\n|move|p2a: Delphox|Psychic|p1b: Charizard\n|-damage|p1b: Charizard|0 fnt\n|faint|p1b: Charizard\n|\n|upkeep\n|turn|9\n|-message|benjiapollo forfeited.\n|\n|win|Mrmcfrontdoor\n|raw|benjiapollo's rating: 1380 &rarr; <strong>1355</strong><br />(-25 for losing)\n|raw|Mrmcfrontdoor's rating: 1289 &rarr; <strong>1320</strong><br />(+31 for winning)\n",
  "uploadtime": 1776722289,
  "views": 7,
  "formatid": "gen9championsvgc2026regma",
  "rating": 1320,
  "private": 0,
  "password": null
}