{
  "id": "gen9championsvgc2026regma-2585377219",
  "format": "[Gen 9 Champions] VGC 2026 Reg M-A",
  "players": [
    "notthea",
    "Vinket747"
  ],
  "log": "|j|\u2606notthea\n|j|\u2606Vinket747\n|t:|1776342674\n|gametype|doubles\n|player|p1|notthea|102|1076\n|player|p2|Vinket747|lucas|1054\n|gen|9\n|tier|[Gen 9 Champions] VGC 2026 Reg M-A\n|rated|\n|rule|Species Clause: Limit one of each Pok\u00e9mon\n|rule|Item Clause: Limit 1 of each item\n|clearpoke\n|poke|p1|Archaludon, L50, M|\n|poke|p1|Sylveon, L50, F|\n|poke|p1|Aerodactyl, L50, F|\n|poke|p1|Froslass, L50, F|\n|poke|p1|Typhlosion-Hisui, L50, F|\n|poke|p1|Hawlucha, L50, F|\n|poke|p2|Lucario, L50, F|\n|poke|p2|Garchomp, L50, F|\n|poke|p2|Talonflame, L50, F|\n|poke|p2|Gyarados, L50, F|\n|poke|p2|Klefki, L50, M|\n|poke|p2|Sinistcha, L50|\n|teampreview|4\n|\n|t:|1776342700\n|teamsize|p1|4\n|teamsize|p2|4\n|start\n|switch|p1a: Aerodactyl|Aerodactyl, L50, F|100/100\n|switch|p1b: Typhlosion|Typhlosion-Hisui, L50, F|100/100\n|switch|p2a: Talonflame|Talonflame, L50, F, shiny|100/100\n|switch|p2b: Gyarados|Gyarados, L50, F, shiny|100/100\n|-ability|p1a: Aerodactyl|Unnerve\n|-item|p2a: Talonflame|Leftovers|[from] ability: Frisk|[of] p1b: Typhlosion\n|-item|p2b: Gyarados|Mystic Water|[from] ability: Frisk|[of] p1b: Typhlosion\n|-ability|p2b: Gyarados|Intimidate|boost\n|-unboost|p1a: Aerodactyl|atk|1\n|-unboost|p1b: Typhlosion|atk|1\n|turn|1\n|\n|t:|1776342731\n|move|p2a: Talonflame|Tailwind|p2a: Talonflame\n|-sidestart|p2: Vinket747|move: Tailwind\n|move|p2b: Gyarados|Waterfall|p1b: Typhlosion\n|-supereffective|p1b: Typhlosion|1\n|-damage|p1b: Typhlosion|0 fnt\n|faint|p1b: Typhlosion\n|move|p1a: Aerodactyl|Tailwind|p1a: Aerodactyl\n|-sidestart|p1: notthea|move: Tailwind\n|\n|upkeep\n|\n|t:|1776342743\n|switch|p1b: Hawlucha|Hawlucha, L50, F|100/100\n|turn|2\n|\n|t:|1776342754\n|move|p2a: Talonflame|Protect|p2a: Talonflame\n|-singleturn|p2a: Talonflame|Protect\n|move|p1a: Aerodactyl|Rock Slide|p2b: Gyarados|[spread] p2b\n|-activate|p2a: Talonflame|move: Protect\n|-supereffective|p2b: Gyarados|1\n|-damage|p2b: Gyarados|62/100\n|move|p1b: Hawlucha|Close Combat|p2b: Gyarados\n|-resisted|p2b: Gyarados|1\n|-damage|p2b: Gyarados|35/100\n|-unboost|p1b: Hawlucha|def|1\n|-unboost|p1b: Hawlucha|spd|1\n|-enditem|p1b: Hawlucha|White Herb\n|-clearnegativeboost|p1b: Hawlucha|[silent]\n|move|p2b: Gyarados|Waterfall|p1a: Aerodactyl\n|-supereffective|p1a: Aerodactyl|1\n|-enditem|p1a: Aerodactyl|Focus Sash\n|-damage|p1a: Aerodactyl|1/100\n|\n|upkeep\n|turn|3\n|\n|t:|1776342790\n|move|p2b: Gyarados|Protect|p2b: Gyarados\n|-singleturn|p2b: Gyarados|Protect\n|move|p2a: Talonflame|Brave Bird|p1b: Hawlucha\n|-supereffective|p1b: Hawlucha|1\n|-damage|p1b: Hawlucha|0 fnt\n|faint|p1b: Hawlucha\n|-damage|p2a: Talonflame|65/100|[from] Recoil\n|move|p1a: Aerodactyl|Rock Slide|p2b: Gyarados|[spread] p2a\n|-activate|p2b: Gyarados|move: Protect\n|-supereffective|p2a: Talonflame|2\n|-damage|p2a: Talonflame|0 fnt\n|faint|p2a: Talonflame\n|\n|upkeep\n|\n|t:|1776342807\n|switch|p2a: Lucario|Lucario, L50, F|100/100\n|switch|p1b: Froslass|Froslass, L50, F|100/100\n|turn|4\n|\n|t:|1776342836\n|detailschange|p1b: Froslass|Froslass-Mega, L50, F\n|-mega|p1b: Froslass|Froslass|Froslassite\n|-weather|Snowscape|[from] ability: Snow Warning|[of] p1b: Froslass\n|detailschange|p2a: Lucario|Lucario-Mega, L50, F\n|-mega|p2a: Lucario|Lucario|Lucarionite\n|move|p2a: Lucario|Vacuum Wave|p1a: Aerodactyl\n|-damage|p1a: Aerodactyl|0 fnt\n|faint|p1a: Aerodactyl\n|move|p1b: Froslass|Blizzard|p2a: Lucario|[spread] p2a,p2b\n|-resisted|p2a: Lucario|1\n|-damage|p2a: Lucario|62/100\n|-damage|p2b: Gyarados|0 fnt\n|faint|p2b: Gyarados\n|\n|-weather|Snowscape|[upkeep]\n|-sideend|p2: Vinket747|move: Tailwind\n|-sideend|p1: notthea|move: Tailwind\n|upkeep\n|\n|t:|1776342852\n|switch|p2b: Garchomp|Garchomp, L50, F|100/100\n|turn|5\n|\n|t:|1776342864\n|move|p2b: Garchomp|Stomping Tantrum|p1b: Froslass\n|-damage|p1b: Froslass|56/100\n|move|p1b: Froslass|Shadow Ball|p2a: Lucario\n|-damage|p2a: Lucario|0 fnt\n|faint|p2a: Lucario\n|\n|-weather|Snowscape|[upkeep]\n|upkeep\n|turn|6\n|\n|t:|1776342876\n|move|p2b: Garchomp|Stomping Tantrum|p1b: Froslass\n|-damage|p1b: Froslass|12/100\n|move|p1b: Froslass|Blizzard|p2b: Garchomp\n|-supereffective|p2b: Garchomp|2\n|-damage|p2b: Garchomp|0 fnt\n|faint|p2b: Garchomp\n|\n|win|notthea\n|raw|notthea's rating: 1076 &rarr; <strong>1103</strong><br />(+27 for winning)\n|raw|Vinket747's rating: 1054 &rarr; <strong>1037</strong><br />(-17 for losing)\n|l|\u2606Vinket747\n|player|p2|\n",
  "uploadtime": 1776342886,
  "views": 22,
  "formatid": "gen9championsvgc2026regma",
  "rating": 1037,
  "private": 0,
  "password": null
}