{
  "id": "gen9championsvgc2026regma-2586649915",
  "format": "[Gen 9 Champions] VGC 2026 Reg M-A",
  "players": [
    "AshKetchum680",
    "thatsaltyguy"
  ],
  "log": "|j|\u2606AshKetchum680\n|j|\u2606thatsaltyguy\n|t:|1776449400\n|gametype|doubles\n|player|p1|AshKetchum680|lucas|1208\n|player|p2|thatsaltyguy|2|1259\n|gen|9\n|tier|[Gen 9 Champions] VGC 2026 Reg M-A\n|rated|\n|rule|Species Clause: Limit one of each Pok\u00e9mon\n|rule|Item Clause: Limit 1 of each item\n|clearpoke\n|poke|p1|Sneasler, L50, F|\n|poke|p1|Klefki, L50, M|\n|poke|p1|Dragapult, L50, M|\n|poke|p1|Starmie, L50|\n|poke|p1|Whimsicott, L50, F|\n|poke|p1|Zoroark-Hisui, L50, M|\n|poke|p2|Crabominable, L50, F|\n|poke|p2|Torkoal, L50, F|\n|poke|p2|Rhyperior, L50, M|\n|poke|p2|Farigiraf, L50, M|\n|poke|p2|Incineroar, L50, F|\n|poke|p2|Sinistcha, L50|\n|teampreview|4\nAshKetchum680 rejected open team sheets.\n|c|\u2606thatsaltyguy|rejected\n|c|\u2606AshKetchum680|lol\n|inactive|Battle timer is ON: inactive players will automatically lose when time's up. (requested by thatsaltyguy)\n|\n|t:|1776449470\n|teamsize|p1|4\n|teamsize|p2|4\n|start\n|switch|p1a: lesbian|Sneasler, L50, F, shiny|100/100\n|switch|p1b: I am speed|Dragapult, L50, M, shiny|100/100\n|switch|p2a: Farigiraf|Farigiraf, L50, M, shiny|100/100\n|switch|p2b: Incineroar|Incineroar, L50, F, shiny|100/100\n|-ability|p2b: Incineroar|Intimidate|boost\n|-unboost|p1a: lesbian|atk|1\n|-fail|p1b: I am speed|unboost|[from] ability: Clear Body|[of] p1b: I am speed\n|-enditem|p1a: lesbian|White Herb\n|-clearnegativeboost|p1a: lesbian|[silent]\n|turn|1\n|inactive|AshKetchum680 has 30 seconds left.\n|inactive|thatsaltyguy has 30 seconds left.\n|inactive|AshKetchum680 has 20 seconds left.\n|\n|t:|1776449508\n|move|p2b: Incineroar|Fake Out|p1a: lesbian\n|-damage|p1a: lesbian|82/100\n|cant|p1a: lesbian|flinch\n|move|p1b: I am speed|Dragon Darts|p2a: Farigiraf\n|-damage|p2a: Farigiraf|81/100\n|-anim|p1b: I am speed|Dragon Darts|p2b: Incineroar\n|-damage|p2b: Incineroar|73/100\n|move|p2a: Farigiraf|Trick Room|p2a: Farigiraf\n|-fieldstart|move: Trick Room|[of] p2a: Farigiraf\n|\n|upkeep\n|turn|2\n|\n|t:|1776449526\n|switch|p1a: jingle keys|Klefki, L50, M, shiny|100/100\n|move|p1b: I am speed|Protect|p1b: I am speed\n|-singleturn|p1b: I am speed|Protect\n|move|p2a: Farigiraf|Psychic|p1a: jingle keys\n|-resisted|p1a: jingle keys|1\n|-damage|p1a: jingle keys|82/100\n|move|p2b: Incineroar|Throat Chop|p1b: I am speed\n|-activate|p1b: I am speed|move: Protect\n|\n|-heal|p1a: jingle keys|88/100|[from] item: Leftovers\n|upkeep\n|turn|3\n|\n|t:|1776449545\n|switch|p1b: lesbian|Sneasler, L50, F, shiny|82/100\n|move|p1a: jingle keys|Reflect|p1a: jingle keys\n|-sidestart|p1: AshKetchum680|Reflect\n|move|p2b: Incineroar|Parting Shot|p1a: jingle keys\n|-unboost|p1a: jingle keys|atk|1\n|-unboost|p1a: jingle keys|spa|1\n|\n|t:|1776449553\n|switch|p2b: Torkoal|Torkoal, L50, F, shiny|100/100|[from] Parting Shot\n|-weather|SunnyDay|[from] ability: Drought|[of] p2b: Torkoal\n|move|p2a: Farigiraf|Psychic|p1b: lesbian\n|-supereffective|p1b: lesbian|2\n|-damage|p1b: lesbian|0 fnt\n|faint|p1b: lesbian\n|\n|-weather|SunnyDay|[upkeep]\n|-heal|p1a: jingle keys|94/100|[from] item: Leftovers\n|upkeep\n|\n|t:|1776449560\n|switch|p1b: mother 3|Starmie, L50, shiny|100/100\n|turn|4\n|\n|t:|1776449579\n|detailschange|p1b: mother 3|Starmie-Mega, L50, shiny\n|-mega|p1b: mother 3|Starmie|Starminite\n|move|p2a: Farigiraf|Helping Hand|p2b: Torkoal\n|-singleturn|p2b: Torkoal|Helping Hand|[of] p2a: Farigiraf\n|move|p1a: jingle keys|Light Screen|p1a: jingle keys\n|-sidestart|p1: AshKetchum680|move: Light Screen\n|move|p2b: Torkoal|Eruption|p1b: mother 3|[spread] p1a,p1b\n|-supereffective|p1a: jingle keys|1\n|-resisted|p1b: mother 3|1\n|-damage|p1a: jingle keys|0 fnt\n|-damage|p1b: mother 3|52/100\n|faint|p1a: jingle keys\n|move|p1b: mother 3|Zen Headbutt|p2b: Torkoal\n|-damage|p2b: Torkoal|38/100\n|\n|-weather|SunnyDay|[upkeep]\n|upkeep\n|\n|t:|1776449592\n|switch|p1a: I am speed|Dragapult, L50, M, shiny|100/100\n|turn|5\n|\n|t:|1776449606\n|move|p2a: Farigiraf|Helping Hand|p2b: Torkoal\n|-singleturn|p2b: Torkoal|Helping Hand|[of] p2a: Farigiraf\n|move|p1b: mother 3|Protect|p1b: mother 3\n|-singleturn|p1b: mother 3|Protect\n|move|p1a: I am speed|Protect|p1a: I am speed\n|-singleturn|p1a: I am speed|Protect\n|move|p2b: Torkoal|Weather Ball|p1b: mother 3\n|-activate|p1b: mother 3|move: Protect\n|\n|-weather|SunnyDay|[upkeep]\n|-fieldend|move: Trick Room\n|upkeep\n|turn|6\n|inactive|AshKetchum680 has 30 seconds left.\n|inactive|AshKetchum680 has 20 seconds left.\n|\n|t:|1776449646\n|switch|p2b: Incineroar|Incineroar, L50, F, shiny|73/100\n|-ability|p2b: Incineroar|Intimidate|boost\n|-fail|p1a: I am speed|unboost|[from] ability: Clear Body|[of] p1a: I am speed\n|-unboost|p1b: mother 3|atk|1\n|move|p1a: I am speed|Dragon Darts|p2a: Farigiraf\n|-damage|p2a: Farigiraf|62/100\n|-anim|p1a: I am speed|Dragon Darts|p2b: Incineroar\n|-damage|p2b: Incineroar|48/100\n|move|p1b: mother 3|Liquidation|p2a: Farigiraf\n|-damage|p2a: Farigiraf|45/100\n|-enditem|p2a: Farigiraf|Sitrus Berry|[eat]\n|-heal|p2a: Farigiraf|70/100|[from] item: Sitrus Berry\n|move|p2a: Farigiraf|Trick Room|p2a: Farigiraf\n|-fieldstart|move: Trick Room|[of] p2a: Farigiraf\n|\n|-weather|SunnyDay|[upkeep]\n|upkeep\n|turn|7\n|inactive|thatsaltyguy has 30 seconds left.\n|\n|t:|1776449681\n|move|p2a: Farigiraf|Helping Hand|p2b: Incineroar\n|-singleturn|p2b: Incineroar|Helping Hand|[of] p2a: Farigiraf\n|move|p1a: I am speed|Protect|p1a: I am speed\n|-singleturn|p1a: I am speed|Protect\n|move|p2b: Incineroar|Throat Chop|p1a: I am speed\n|-activate|p1a: I am speed|move: Protect\n|move|p1b: mother 3|Self-Destruct|p2b: Incineroar|[spread] p2a,p2b\n|-activate|p1a: I am speed|move: Protect\n|-damage|p2a: Farigiraf|22/100\n|-damage|p2b: Incineroar|0 fnt\n|faint|p1b: mother 3\n|faint|p2b: Incineroar\n|\n|-weather|none\n|-sideend|p1: AshKetchum680|Reflect\n|upkeep\n|\n|t:|1776449686\n|switch|p2b: Crabominable|Crabominable, L50, F, shiny|100/100\n|turn|8\n|inactive|AshKetchum680 has 30 seconds left.\n|inactive|AshKetchum680 has 20 seconds left.\n|inactive|AshKetchum680 has 15 seconds left.\n|inactive|AshKetchum680 has 10 seconds left.\n|inactive|AshKetchum680 has 5 seconds left.\n|\n|t:|1776449738\n|detailschange|p2b: Crabominable|Crabominable-Mega, L50, F, shiny\n|-mega|p2b: Crabominable|Crabominable|Crabominite\n|move|p2a: Farigiraf|Helping Hand|p2b: Crabominable\n|-singleturn|p2b: Crabominable|Helping Hand|[of] p2a: Farigiraf\n|move|p1a: I am speed|Protect|p1a: I am speed\n|-singleturn|p1a: I am speed|Protect\n|move|p2b: Crabominable|Ice Hammer|p1a: I am speed\n|-activate|p1a: I am speed|move: Protect\n|\n|-sideend|p1: AshKetchum680|move: Light Screen\n|upkeep\n|turn|9\n|\n|t:|1776449752\n|move|p2b: Crabominable|Ice Hammer|p1a: I am speed\n|-supereffective|p1a: I am speed|1\n|-damage|p1a: I am speed|0 fnt\n|-unboost|p2b: Crabominable|spe|1\n|faint|p1a: I am speed\n|\n|win|thatsaltyguy\n|raw|AshKetchum680's rating: 1208 &rarr; <strong>1187</strong><br />(-21 for losing)\n|raw|thatsaltyguy's rating: 1259 &rarr; <strong>1280</strong><br />(+21 for winning)\n",
  "uploadtime": 1776449760,
  "views": 41,
  "formatid": "gen9championsvgc2026regma",
  "rating": 1187,
  "private": 0,
  "password": null
}