{
  "id": "gen9championsvgc2026regma-2583273884",
  "format": "[Gen 9 Champions] VGC 2026 Reg M-A",
  "players": [
    "Zapdos79",
    "cnorg"
  ],
  "log": "|j|\u2606Zapdos79\n|j|\u2606cnorg\n|t:|1776162000\n|gametype|doubles\n|player|p1|Zapdos79|flannery|1203\n|player|p2|cnorg|dawn|1110\n|gen|9\n|tier|[Gen 9 Champions] VGC 2026 Reg M-A\n|rated|\n|rule|Species Clause: Limit one of each Pok\u00e9mon\n|rule|Item Clause: Limit 1 of each item\n|clearpoke\n|poke|p1|Tyranitar, L50, M|\n|poke|p1|Basculegion, L50, M|\n|poke|p1|Excadrill, L50, M|\n|poke|p1|Meganium, L50, M|\n|poke|p1|Farigiraf, L50, M|\n|poke|p1|Incineroar, L50, F|\n|poke|p2|Alakazam, L50, M|\n|poke|p2|Meowstic, L50, M|\n|poke|p2|Sneasler, L50, F|\n|poke|p2|Sinistcha-Masterpiece, L50|\n|poke|p2|Kommo-o, L50, M|\n|poke|p2|Blastoise, L50, M|\n|teampreview|4\n|inactive|Battle timer is ON: inactive players will automatically lose when time's up. (requested by cnorg)\n|\n|t:|1776162046\n|teamsize|p1|4\n|teamsize|p2|4\n|start\n|switch|p1a: Meganium|Meganium, L50, M|100/100\n|switch|p1b: Incineroar|Incineroar, L50, F|100/100\n|switch|p2a: Sneasler|Sneasler, L50, F|100/100\n|switch|p2b: Meowstic|Meowstic, L50, M|100/100\n|-ability|p1b: Incineroar|Intimidate|boost\n|-unboost|p2a: Sneasler|atk|1\n|-unboost|p2b: Meowstic|atk|1\n|-enditem|p2a: Sneasler|White Herb\n|-clearnegativeboost|p2a: Sneasler|[silent]\n|turn|1\n|\n|t:|1776162067\n|switch|p1a: Farigiraf|Farigiraf, L50, M|100/100\n|move|p2a: Sneasler|Fake Out||[still]\n|cant|p1a: Farigiraf|ability: Armor Tail|Fake Out|[of] p2a: Sneasler\n|move|p2b: Meowstic|Fake Out||[still]\n|cant|p1a: Farigiraf|ability: Armor Tail|Fake Out|[of] p2b: Meowstic\n|move|p1b: Incineroar|Fake Out|p2a: Sneasler\n|-damage|p2a: Sneasler|74/100\n|\n|upkeep\n|turn|2\n|\n|t:|1776162083\n|move|p2b: Meowstic|Psychic Terrain|p2b: Meowstic\n|-fieldstart|move: Psychic Terrain\n|move|p2a: Sneasler|Close Combat|p1b: Incineroar\n|-supereffective|p1b: Incineroar|1\n|-damage|p1b: Incineroar|0 fnt\n|-unboost|p2a: Sneasler|def|1\n|-unboost|p2a: Sneasler|spd|1\n|faint|p1b: Incineroar\n|move|p1a: Farigiraf|Thunder Wave|p2b: Meowstic\n|-status|p2b: Meowstic|par\n|\n|upkeep\n|\n|t:|1776162096\n|switch|p1b: Basculegion|Basculegion, L50, M|100/100\n|turn|3\n|\n|t:|1776162110\n|switch|p2a: Kommo-o|Kommo-o, L50, M|100/100\n|move|p1b: Basculegion|Last Respects|p2a: Kommo-o\n|-damage|p2a: Kommo-o|44/100\n|move|p1a: Farigiraf|Psychic|p2b: Meowstic\n|-resisted|p2b: Meowstic|1\n|-damage|p2b: Meowstic|76/100 par\n|move|p2b: Meowstic|Expanding Force|p1b: Basculegion|[spread] p1a,p1b\n|-resisted|p1a: Farigiraf|1\n|-damage|p1a: Farigiraf|89/100\n|-damage|p1b: Basculegion|59/100\n|\n|-heal|p2a: Kommo-o|50/100|[from] item: Leftovers\n|upkeep\n|turn|4\n|\n|t:|1776162130\n|move|p1b: Basculegion|Last Respects|p2a: Kommo-o\n|-damage|p2a: Kommo-o|0 fnt\n|faint|p2a: Kommo-o\n|move|p1a: Farigiraf|Psychic|p2b: Meowstic\n|-resisted|p2b: Meowstic|1\n|-damage|p2b: Meowstic|49/100 par\n|move|p2b: Meowstic|Expanding Force|p1b: Basculegion|[spread] p1a,p1b\n|-resisted|p1a: Farigiraf|1\n|-damage|p1a: Farigiraf|78/100\n|-damage|p1b: Basculegion|21/100\n|\n|upkeep\n|\n|t:|1776162132\n|switch|p2a: Alakazam|Alakazam, L50, M|100/100\n|turn|5\n|inactive|Zapdos79 has 30 seconds left.\n|\n|t:|1776162158\n|detailschange|p2a: Alakazam|Alakazam-Mega, L50, M\n|-mega|p2a: Alakazam|Alakazam|Alakazite\n|-ability|p2a: Alakazam|Adaptability|Trace|[from] ability: Trace|[of] p1b: Basculegion\n|move|p2a: Alakazam|Protect|p2a: Alakazam\n|-singleturn|p2a: Alakazam|Protect\n|move|p1a: Farigiraf|Ally Switch|p1a: Farigiraf\n|swap|p1a: Farigiraf|1|[from] move: Ally Switch\n|move|p1a: Basculegion|Last Respects|p2a: Alakazam\n|-activate|p2a: Alakazam|move: Protect\n|move|p2b: Meowstic|Expanding Force|p1b: Farigiraf|[spread] p1a,p1b\n|-resisted|p1b: Farigiraf|1\n|-damage|p1a: Basculegion|0 fnt\n|-damage|p1b: Farigiraf|67/100\n|faint|p1a: Basculegion\n|\n|upkeep\n|\n|t:|1776162166\n|switch|p1a: Meganium|Meganium, L50, M|100/100\n|turn|6\n|\n|t:|1776162189\n|detailschange|p1a: Meganium|Meganium-Mega, L50, M\n|-mega|p1a: Meganium|Meganium|Meganiumite\n|move|p2a: Alakazam|Expanding Force|p1b: Farigiraf|[spread] p1a,p1b\n|-resisted|p1b: Farigiraf|1\n|-damage|p1a: Meganium|0 fnt\n|-damage|p1b: Farigiraf|26/100\n|faint|p1a: Meganium\n|move|p1b: Farigiraf|Thunder Wave|p2a: Alakazam\n|-status|p2a: Alakazam|par\n|move|p2b: Meowstic|Expanding Force|p1b: Farigiraf\n|-resisted|p1b: Farigiraf|1\n|-damage|p1b: Farigiraf|8/100\n|\n|-fieldend|move: Psychic Terrain\n|upkeep\n|turn|7\n|\n|t:|1776162203\n|move|p2b: Meowstic|Psychic Terrain|p2b: Meowstic\n|-fieldstart|move: Psychic Terrain\n|move|p2a: Alakazam|Expanding Force|p1b: Farigiraf\n|-resisted|p1b: Farigiraf|1\n|-damage|p1b: Farigiraf|0 fnt\n|faint|p1b: Farigiraf\n|\n|win|cnorg\n|raw|Zapdos79's rating: 1203 &rarr; <strong>1171</strong><br />(-32 for losing)\n|raw|cnorg's rating: 1110 &rarr; <strong>1142</strong><br />(+32 for winning)\n|c|\u2606Zapdos79|gg\n|l|\u2606cnorg\n|player|p2|\n",
  "uploadtime": 1776162211,
  "views": 14,
  "formatid": "gen9championsvgc2026regma",
  "rating": 1142,
  "private": 0,
  "password": null
}