{
  "id": "gen9championsvgc2026regma-2582754067",
  "format": "[Gen 9 Champions] VGC 2026 Reg M-A",
  "players": [
    "CopiumBathTub",
    "IanIsBored"
  ],
  "log": "|j|\u2606CopiumBathTub\n|j|\u2606IanIsBored\n|t:|1776111763\n|gametype|doubles\n|player|p1|CopiumBathTub|psychic-gen4|1106\n|player|p2|IanIsBored|ethan|1078\n|gen|9\n|tier|[Gen 9 Champions] VGC 2026 Reg M-A\n|rated|\n|rule|Species Clause: Limit one of each Pok\u00e9mon\n|rule|Item Clause: Limit 1 of each item\n|clearpoke\n|poke|p1|Drampa, L50, M|\n|poke|p1|Gengar, L50, F|\n|poke|p1|Sinistcha, L50|\n|poke|p1|Politoed, L50, M|\n|poke|p1|Farigiraf, L50, F|\n|poke|p1|Araquanid, L50, M|\n|poke|p2|Farigiraf, L50, M|\n|poke|p2|Kingambit, L50, M|\n|poke|p2|Hatterene, L50, F|\n|poke|p2|Sinistcha, L50|\n|poke|p2|Incineroar, L50, F|\n|poke|p2|Golurk, L50|\n|teampreview|4\n|inactive|Battle timer is ON: inactive players will automatically lose when time's up. (requested by IanIsBored)\n|\n|t:|1776111787\n|teamsize|p1|4\n|teamsize|p2|4\n|start\n|switch|p1a: Araquanid|Araquanid, L50, M|100/100\n|switch|p1b: Politoed|Politoed, L50, M|100/100\n|switch|p2a: Long Boi Slim|Farigiraf, L50, M|100/100\n|switch|p2b: Greeny :D|Sinistcha, L50|100/100\n|-weather|RainDance|[from] ability: Drizzle|[of] p1b: Politoed\n|turn|1\n|\n|t:|1776111808\n|move|p2b: Greeny :D|Rage Powder|p2b: Greeny :D\n|-singleturn|p2b: Greeny :D|move: Rage Powder\n|move|p1b: Politoed|Weather Ball|p2b: Greeny :D\n|-resisted|p2b: Greeny :D|1\n|-damage|p2b: Greeny :D|74/100\n|move|p1a: Araquanid|Liquidation|p2b: Greeny :D\n|-resisted|p2b: Greeny :D|1\n|-damage|p2b: Greeny :D|27/100\n|move|p2a: Long Boi Slim|Trick Room|p2a: Long Boi Slim\n|-fieldstart|move: Trick Room|[of] p2a: Long Boi Slim\n|\n|-weather|RainDance|[upkeep]\n|-heal|p2b: Greeny :D|33/100|[from] item: Leftovers\n|upkeep\n|turn|2\n|\n|t:|1776111822\n|move|p1a: Araquanid|Surf|p2a: Long Boi Slim|[spread] p1b,p2a,p2b\n|-resisted|p1b: Politoed|1\n|-crit|p1b: Politoed\n|-resisted|p2b: Greeny :D|1\n|-damage|p1b: Politoed|68/100\n|-damage|p2a: Long Boi Slim|29/100\n|-damage|p2b: Greeny :D|0 fnt\n|faint|p2b: Greeny :D\n|move|p2a: Long Boi Slim|Hyper Voice|p1b: Politoed|[spread] p1a,p1b\n|-damage|p1a: Araquanid|58/100\n|-damage|p1b: Politoed|40/100\n|move|p1b: Politoed|Encore|p2a: Long Boi Slim\n|-start|p2a: Long Boi Slim|Encore\n|\n|-weather|RainDance|[upkeep]\n|upkeep\n|\n|t:|1776111830\n|switch|p2b: The Emperor|Kingambit, L50, M|100/100\n|turn|3\n|\n|t:|1776111838\n|move|p1b: Politoed|Protect|p1b: Politoed\n|-singleturn|p1b: Politoed|Protect\n|move|p2b: The Emperor|Sucker Punch|p1a: Araquanid\n|-damage|p1a: Araquanid|0 fnt\n|faint|p1a: Araquanid\n|move|p2a: Long Boi Slim|Hyper Voice|p1b: Politoed\n|-activate|p1b: Politoed|move: Protect\n|\n|-weather|RainDance|[upkeep]\n|upkeep\n|\n|t:|1776111844\n|switch|p1a: Sinistcha|Sinistcha, L50|100/100\n|-heal|p1b: Politoed|64/100|[from] ability: Hospitality|[of] p1a: Sinistcha\n|turn|4\n|\n|t:|1776111850\n|move|p1a: Sinistcha|Rage Powder|p1a: Sinistcha\n|-singleturn|p1a: Sinistcha|move: Rage Powder\n|move|p2b: The Emperor|Sucker Punch||[still]\n|-fail|p2b: The Emperor\n|move|p2a: Long Boi Slim|Hyper Voice|p1a: Sinistcha|[spread] p1b\n|-immune|p1a: Sinistcha\n|-damage|p1b: Politoed|37/100\n|move|p1b: Politoed|Weather Ball|p2a: Long Boi Slim\n|-damage|p2a: Long Boi Slim|0 fnt\n|faint|p2a: Long Boi Slim\n|\n|-weather|RainDance|[upkeep]\n|upkeep\n|\n|t:|1776111858\n|switch|p2a: Superman|Golurk, L50|100/100\n|turn|5\n|\n|t:|1776111871\n|detailschange|p2a: Superman|Golurk-Mega, L50\n|-mega|p2a: Superman|Golurk|Golurkite\n|move|p1b: Politoed|Protect|p1b: Politoed\n|-singleturn|p1b: Politoed|Protect\n|move|p2b: The Emperor|Kowtow Cleave|p1a: Sinistcha\n|-supereffective|p1a: Sinistcha|1\n|-damage|p1a: Sinistcha|11/100\n|move|p2a: Superman|Thunder Punch|p1b: Politoed\n|-supereffective|p1b: Politoed|1\n|-ability|p2a: Superman|Unseen Fist\n|-zbroken|p1b: Politoed\n|-damage|p1b: Politoed|19/100\n|move|p1a: Sinistcha|Life Dew|p1a: Sinistcha|[spread] p1a,p1b\n|-heal|p1a: Sinistcha|36/100\n|-heal|p1b: Politoed|44/100\n|\n|-weather|none\n|-fieldend|move: Trick Room\n|upkeep\n|turn|6\n|\n|t:|1776111894\n|move|p1a: Sinistcha|Matcha Gotcha|p2b: The Emperor|[spread] p2a\n|-miss|p1a: Sinistcha|p2b: The Emperor\n|-supereffective|p2a: Superman|1\n|-damage|p2a: Superman|60/100\n|-heal|p1a: Sinistcha|60/100|[from] drain|[of] p2a: Superman\n|move|p1b: Politoed|Perish Song|p1b: Politoed\n|-start|p1a: Sinistcha|perish3|[silent]\n|-start|p1b: Politoed|perish3|[silent]\n|-start|p2a: Superman|perish3|[silent]\n|-start|p2b: The Emperor|perish3|[silent]\n|-fieldactivate|move: Perish Song\n|move|p2a: Superman|Thunder Punch|p1b: Politoed\n|-supereffective|p1b: Politoed|1\n|-damage|p1b: Politoed|0 fnt\n|faint|p1b: Politoed\n|move|p2b: The Emperor|Kowtow Cleave|p1a: Sinistcha\n|-supereffective|p1a: Sinistcha|1\n|-damage|p1a: Sinistcha|0 fnt\n|faint|p1a: Sinistcha\n|\n|-start|p2a: Superman|perish3\n|-start|p2b: The Emperor|perish3\n|upkeep\n|\n|t:|1776111903\n|switch|p1b: Gengar|Gengar, L50, F|100/100\n|turn|7\n|\n|t:|1776111911\n|detailschange|p1b: Gengar|Gengar-Mega, L50, F\n|-mega|p1b: Gengar|Gengar|Gengarite\n|move|p1b: Gengar|Protect|p1b: Gengar\n|-singleturn|p1b: Gengar|Protect\n|move|p2b: The Emperor|Sucker Punch||[still]\n|-fail|p2b: The Emperor\n|move|p2a: Superman|Headlong Rush|p1b: Gengar\n|-supereffective|p1b: Gengar|1\n|-ability|p2a: Superman|Unseen Fist\n|-zbroken|p1b: Gengar\n|-damage|p1b: Gengar|47/100\n|-unboost|p2a: Superman|def|1\n|-unboost|p2a: Superman|spd|1\n|\n|-start|p2a: Superman|perish2\n|-start|p2b: The Emperor|perish2\n|upkeep\n|turn|8\n|\n|t:|1776111921\n|move|p1b: Gengar|Will-O-Wisp|p2b: The Emperor\n|-status|p2b: The Emperor|brn\n|move|p2a: Superman|Headlong Rush|p1b: Gengar\n|-supereffective|p1b: Gengar|1\n|-damage|p1b: Gengar|0 fnt\n|-unboost|p2a: Superman|def|1\n|-unboost|p2a: Superman|spd|1\n|faint|p1b: Gengar\n|\n|win|IanIsBored\n|raw|CopiumBathTub's rating: 1106 &rarr; <strong>1079</strong><br />(-27 for losing)\n|raw|IanIsBored's rating: 1078 &rarr; <strong>1109</strong><br />(+31 for winning)\n|l|\u2606CopiumBathTub\n|player|p1|\n",
  "uploadtime": 1776112138,
  "views": 11,
  "formatid": "gen9championsvgc2026regma",
  "rating": 1079,
  "private": 0,
  "password": null
}