{
  "id": "gen9championsvgc2026regma-2585131041",
  "format": "[Gen 9 Champions] VGC 2026 Reg M-A",
  "players": [
    "sabmann",
    "kjdfffh"
  ],
  "log": "|j|\u2606sabmann\n|j|\u2606kjdfffh\n|t:|1776315463\n|gametype|doubles\n|player|p1|sabmann|102|1000\n|player|p2|kjdfffh|170|1000\n|gen|9\n|tier|[Gen 9 Champions] VGC 2026 Reg M-A\n|rated|\n|rule|Species Clause: Limit one of each Pok\u00e9mon\n|rule|Item Clause: Limit 1 of each item\n|clearpoke\n|poke|p1|Glimmora, L50, F|\n|poke|p1|Primarina, L50, M|\n|poke|p1|Meowscarada, L50, F|\n|poke|p1|Rotom-Heat, L50|\n|poke|p1|Aerodactyl, L50, F|\n|poke|p1|Lucario, L50, F|\n|poke|p2|Meganium, L50, M|\n|poke|p2|Pelipper, L50, F|\n|poke|p2|Sinistcha-Masterpiece, L50|\n|poke|p2|Sneasler, L50, F|\n|poke|p2|Milotic, L50, F|\n|poke|p2|Basculegion, L50, M|\n|teampreview|4\n|\n|t:|1776315486\n|teamsize|p1|4\n|teamsize|p2|4\n|start\n|switch|p1a: Rotom|Rotom-Heat, L50|100/100\n|switch|p1b: Aerodactyl|Aerodactyl, L50, F|100/100\n|switch|p2a: Meganium|Meganium, L50, M|100/100\n|switch|p2b: Pelipper|Pelipper, L50, F|100/100\n|-ability|p1b: Aerodactyl|Unnerve\n|-weather|RainDance|[from] ability: Drizzle|[of] p2b: Pelipper\n|turn|1\n|\n|t:|1776315518\n|switch|p2a: Sneasler|Sneasler, L50, F, shiny|100/100\n|move|p1b: Aerodactyl|Tailwind|p1b: Aerodactyl\n|-sidestart|p1: sabmann|move: Tailwind\n|move|p1a: Rotom|Thunderbolt|p2b: Pelipper\n|-supereffective|p2b: Pelipper|2\n|-enditem|p2b: Pelipper|Focus Sash\n|-damage|p2b: Pelipper|1/100\n|-status|p2b: Pelipper|par\n|cant|p2b: Pelipper|par\n|\n|-weather|RainDance|[upkeep]\n|upkeep\n|turn|2\n|\n|t:|1776315538\n|move|p2b: Pelipper|Protect|p2b: Pelipper\n|-singleturn|p2b: Pelipper|Protect\n|move|p1b: Aerodactyl|Dual Wingbeat|p2a: Sneasler\n|-supereffective|p2a: Sneasler|1\n|-damage|p2a: Sneasler|36/100\n|-supereffective|p2a: Sneasler|1\n|-damage|p2a: Sneasler|0 fnt\n|faint|p2a: Sneasler\n|-hitcount|p2: Sneasler|2\n|move|p1a: Rotom|Shadow Ball|p2b: Pelipper\n|-activate|p2b: Pelipper|move: Protect\n|\n|-weather|RainDance|[upkeep]\n|upkeep\n|\n|t:|1776315550\n|switch|p2a: Meganium|Meganium, L50, M|100/100\n|turn|3\n|\n|t:|1776315559\n|detailschange|p2a: Meganium|Meganium-Mega, L50, M\n|-mega|p2a: Meganium|Meganium|Meganiumite\n|move|p1b: Aerodactyl|Dual Wingbeat|p2a: Meganium\n|-supereffective|p2a: Meganium|1\n|-damage|p2a: Meganium|62/100\n|-supereffective|p2a: Meganium|1\n|-damage|p2a: Meganium|28/100\n|-hitcount|p2a: Meganium|2\n|move|p1a: Rotom|Overheat|p2a: Meganium\n|-supereffective|p2a: Meganium|1\n|-damage|p2a: Meganium|0 fnt\n|-unboost|p1a: Rotom|spa|2\n|faint|p2a: Meganium\n|move|p2b: Pelipper|Weather Ball|p1a: Rotom\n|-supereffective|p1a: Rotom|1\n|-damage|p1a: Rotom|0 fnt\n|faint|p1a: Rotom\n|\n|-weather|RainDance|[upkeep]\n|upkeep\n|\n|t:|1776315576\n|switch|p1a: Meowscarada|Meowscarada, L50, F|100/100\n|switch|p2a: Sinistcha|Sinistcha-Masterpiece, L50|100/100\n|-heal|p2b: Pelipper|26/100 par|[from] ability: Hospitality|[of] p2a: Sinistcha\n|turn|4\n|\n|t:|1776315598\n|move|p2b: Pelipper|Protect|p2b: Pelipper\n|-singleturn|p2b: Pelipper|Protect\n|move|p1a: Meowscarada|U-turn|p2b: Pelipper\n|-start|p1a: Meowscarada|typechange|Bug|[from] ability: Protean\n|-activate|p2b: Pelipper|move: Protect\n|move|p1b: Aerodactyl|Dual Wingbeat|p2a: Sinistcha\n|-supereffective|p2a: Sinistcha|1\n|-damage|p2a: Sinistcha|72/100\n|-supereffective|p2a: Sinistcha|1\n|-damage|p2a: Sinistcha|49/100\n|-hitcount|p2a: Sinistcha|2\n|move|p2a: Sinistcha|Trick Room|p2a: Sinistcha\n|-fieldstart|move: Trick Room|[of] p2a: Sinistcha\n|\n|-weather|RainDance|[upkeep]\n|-sideend|p1: sabmann|move: Tailwind\n|upkeep\n|turn|5\n|\n|t:|1776315621\n|move|p2b: Pelipper|Hurricane|p1a: Meowscarada\n|-supereffective|p1a: Meowscarada|1\n|-damage|p1a: Meowscarada|0 fnt\n|faint|p1a: Meowscarada\n|move|p2a: Sinistcha|Matcha Gotcha|p1b: Aerodactyl\n|-damage|p1b: Aerodactyl|50/100\n|-heal|p2a: Sinistcha|71/100|[from] drain|[of] p1b: Aerodactyl\n|-status|p1b: Aerodactyl|brn\n|move|p1b: Aerodactyl|Dual Wingbeat|p2a: Sinistcha\n|-supereffective|p2a: Sinistcha|1\n|-damage|p2a: Sinistcha|59/100\n|-supereffective|p2a: Sinistcha|1\n|-damage|p2a: Sinistcha|45/100\n|-hitcount|p2a: Sinistcha|2\n|\n|-weather|none\n|-damage|p1b: Aerodactyl|44/100 brn|[from] brn\n|upkeep\n|\n|t:|1776315636\n|switch|p1a: Lucario|Lucario, L50, F|100/100\n|turn|6\n|\n|t:|1776315650\n|detailschange|p1a: Lucario|Lucario-Mega, L50, F\n|-mega|p1a: Lucario|Lucario|Lucarionite\n|move|p1a: Lucario|Protect|p1a: Lucario\n|-singleturn|p1a: Lucario|Protect\n|move|p1b: Aerodactyl|Protect|p1b: Aerodactyl\n|-singleturn|p1b: Aerodactyl|Protect\n|move|p2b: Pelipper|Hurricane|p1a: Lucario\n|-activate|p1a: Lucario|move: Protect\n|move|p2a: Sinistcha|Matcha Gotcha|p1a: Lucario|[spread] \n|-activate|p1a: Lucario|move: Protect\n|-activate|p1b: Aerodactyl|move: Protect\n|\n|-damage|p1b: Aerodactyl|39/100 brn|[from] brn\n|upkeep\n|turn|7\n|\n|t:|1776315681\n|move|p1a: Lucario|Bullet Punch|p2a: Sinistcha\n|-damage|p2a: Sinistcha|22/100\n|move|p2b: Pelipper|Hurricane|p1a: Lucario\n|-damage|p1a: Lucario|37/100\n|move|p2a: Sinistcha|Matcha Gotcha|p1a: Lucario|[spread] p1a,p1b\n|-resisted|p1a: Lucario|1\n|-damage|p1a: Lucario|18/100\n|-heal|p2a: Sinistcha|30/100|[from] drain|[of] p1a: Lucario\n|-damage|p1b: Aerodactyl|5/100 brn\n|-heal|p2a: Sinistcha|44/100|[from] drain|[of] p1b: Aerodactyl\n|move|p1b: Aerodactyl|Dual Wingbeat|p2a: Sinistcha|[miss]\n|-miss|p1b: Aerodactyl|p2a: Sinistcha\n|\n|-damage|p1b: Aerodactyl|0 fnt|[from] brn\n|faint|p1b: Aerodactyl\n|upkeep\n|turn|8\n|\n|t:|1776315706\n|cant|p2b: Pelipper|par\n|move|p1a: Lucario|Protect|p1a: Lucario\n|-singleturn|p1a: Lucario|Protect\n|move|p2a: Sinistcha|Trick Room|p2a: Sinistcha\n|-fieldend|move: Trick Room\n|\n|upkeep\n|turn|9\n|\n|t:|1776315731\n|move|p1a: Lucario|Bullet Punch|p2a: Sinistcha\n|-damage|p2a: Sinistcha|22/100\n|move|p2a: Sinistcha|Matcha Gotcha|p1a: Lucario\n|-resisted|p1a: Lucario|1\n|-damage|p1a: Lucario|0 fnt\n|-heal|p2a: Sinistcha|29/100|[from] drain|[of] p1a: Lucario\n|faint|p1a: Lucario\n|\n|win|kjdfffh\n|raw|sabmann's rating: 1000 &rarr; <strong>1000</strong><br />(+0 for losing)\n|raw|kjdfffh's rating: 1000 &rarr; <strong>1040</strong><br />(+40 for winning)\n|c|\u2606sabmann|gg\n|l|\u2606sabmann\n|player|p1|\n",
  "uploadtime": 1776315760,
  "views": 30,
  "formatid": "gen9championsvgc2026regma",
  "rating": 1000,
  "private": 0,
  "password": null
}