{
  "id": "gen9championsvgc2026regma-2583652846",
  "format": "[Gen 9 Champions] VGC 2026 Reg M-A",
  "players": [
    "me llamo es brian",
    "bobthemango141"
  ],
  "log": "|j|\u203dme llamo es brian\n|j|\u2606bobthemango141\n|t:|1776188925\n|gametype|doubles\n|player|p1|me llamo es brian|2|1103\n|player|p2|bobthemango141|barry|1192\n|gen|9\n|tier|[Gen 9 Champions] VGC 2026 Reg M-A\n|rated|\n|rule|Species Clause: Limit one of each Pok\u00e9mon\n|rule|Item Clause: Limit 1 of each item\n|clearpoke\n|poke|p1|Dragapult, L50, M|\n|poke|p1|Sinistcha, L50|\n|poke|p1|Milotic, L50, M|\n|poke|p1|Pelipper, L50, F|\n|poke|p1|Aerodactyl, L50, F|\n|poke|p1|Floette-Eternal, L50, F|\n|poke|p2|Vaporeon, L50, F|\n|poke|p2|Jolteon, L50, F|\n|poke|p2|Flareon, L50, F|\n|poke|p2|Espeon, L50, M|\n|poke|p2|Umbreon, L50, M|\n|poke|p2|Sylveon, L50, F|\n|teampreview|4\n|\n|t:|1776188941\n|teamsize|p1|4\n|teamsize|p2|4\n|start\n|switch|p1a: Aerodactyl|Aerodactyl, L50, F|100/100\n|switch|p1b: Floette|Floette-Eternal, L50, F|100/100\n|switch|p2a: Espeon|Espeon, L50, M|100/100\n|switch|p2b: Sylveon|Sylveon, L50, F|100/100\n|-ability|p1a: Aerodactyl|Unnerve\n|turn|1\n|\n|t:|1776188948\n|move|p1a: Aerodactyl|Tailwind|p1a: Aerodactyl\n|-sidestart|p1: me llamo es brian|move: Tailwind\n|move|p1b: Floette|Calm Mind|p1b: Floette\n|-boost|p1b: Floette|spa|1\n|-boost|p1b: Floette|spd|1\n|move|p2b: Sylveon|Hyper Voice|p1a: Aerodactyl|[spread] p1a,p1b\n|-damage|p1a: Aerodactyl|30/100\n|-damage|p1b: Floette|74/100\n|move|p2a: Espeon|Trick Room|p2a: Espeon\n|-fieldstart|move: Trick Room|[of] p2a: Espeon\n|\n|upkeep\n|turn|2\n|\n|t:|1776188964\n|detailschange|p1b: Floette|Floette-Mega, L50, F\n|-mega|p1b: Floette|Floette|Floettite\n|-ability|p1b: Floette|Fairy Aura\n|move|p1a: Aerodactyl|Protect|p1a: Aerodactyl\n|-singleturn|p1a: Aerodactyl|Protect\n|move|p2b: Sylveon|Hyper Voice|p1b: Floette|[spread] p1b\n|-activate|p1a: Aerodactyl|move: Protect\n|-damage|p1b: Floette|47/100\n|move|p2a: Espeon|Psyshock|p1b: Floette\n|-damage|p1b: Floette|7/100\n|move|p1b: Floette|Draining Kiss|p2a: Espeon\n|-damage|p2a: Espeon|37/100\n|-heal|p1b: Floette|52/100|[from] drain|[of] p2a: Espeon\n|\n|upkeep\n|turn|3\n|\n|t:|1776188981\n|move|p1b: Floette|Protect|p1b: Floette\n|-singleturn|p1b: Floette|Protect\n|move|p2b: Sylveon|Hyper Voice|p1b: Floette|[spread] p1a\n|-activate|p1b: Floette|move: Protect\n|-damage|p1a: Aerodactyl|0 fnt\n|faint|p1a: Aerodactyl\n|move|p2a: Espeon|Psyshock|p1b: Floette\n|-activate|p1b: Floette|move: Protect\n|\n|upkeep\n|\n|t:|1776188988\n|switch|p1a: Milotic|Milotic, L50, M|100/100\n|turn|4\n|\n|t:|1776188996\n|move|p2a: Espeon|Helping Hand|p2b: Sylveon\n|-singleturn|p2b: Sylveon|Helping Hand|[of] p2a: Espeon\n|move|p1a: Milotic|Protect|p1a: Milotic\n|-singleturn|p1a: Milotic|Protect\n|move|p1b: Floette|Protect||[still]\n|-fail|p1b: Floette\n|move|p2b: Sylveon|Hyper Voice|p1b: Floette|[spread] p1b\n|-activate|p1a: Milotic|move: Protect\n|-damage|p1b: Floette|10/100\n|\n|-sideend|p1: me llamo es brian|move: Tailwind\n|upkeep\n|turn|5\n|\n|t:|1776189018\n|move|p2a: Espeon|Helping Hand|p2b: Sylveon\n|-singleturn|p2b: Sylveon|Helping Hand|[of] p2a: Espeon\n|move|p2b: Sylveon|Hyper Voice|p1a: Milotic|[spread] p1a,p1b\n|-damage|p1a: Milotic|45/100\n|-damage|p1b: Floette|0 fnt\n|faint|p1b: Floette\n|move|p1a: Milotic|Scald|p2b: Sylveon\n|-damage|p2b: Sylveon|80/100\n|\n|-heal|p1a: Milotic|51/100|[from] item: Leftovers\n|-fieldend|move: Trick Room\n|upkeep\n|-message|me llamo es brian forfeited.\n|\n|t:|1776189029\n|switch|p1b: Dragapult|Dragapult, L50, M|100/100\n|turn|6\n|\n|win|bobthemango141\n|raw|me llamo es brian's rating: 1103 &rarr; <strong>1084</strong><br />(-19 for losing)\n|raw|bobthemango141's rating: 1192 &rarr; <strong>1211</strong><br />(+19 for winning)\n|l|\u203dme llamo es brian\n|player|p1|\n",
  "uploadtime": 1776189035,
  "views": 15,
  "formatid": "gen9championsvgc2026regma",
  "rating": 1084,
  "private": 0,
  "password": null
}