{
  "id": "gen9championsvgc2026regma-2587599635",
  "format": "[Gen 9 Champions] VGC 2026 Reg M-A",
  "players": [
    "disciple of blahaj",
    "dominguezz"
  ],
  "log": "|j|\u2606disciple of blahaj\n|j|\u2606dominguezz\n|t:|1776545785\n|gametype|doubles\n|player|p1|disciple of blahaj|jacinthe|1337\n|player|p2|dominguezz|266|1274\n|gen|9\n|tier|[Gen 9 Champions] VGC 2026 Reg M-A\n|rated|\n|rule|Species Clause: Limit one of each Pok\u00e9mon\n|rule|Item Clause: Limit 1 of each item\n|clearpoke\n|poke|p1|Lopunny, L50, F, shiny|\n|poke|p1|Basculegion, L50, M|\n|poke|p1|Klefki, L50, M, shiny|\n|poke|p1|Pelipper, L50, M|\n|poke|p1|Garchomp, L50, F|\n|poke|p1|Aegislash, L50, M|\n|poke|p2|Arcanine, L50, F|\n|poke|p2|Rotom-Wash, L50|\n|poke|p2|Garchomp, L50, M|\n|poke|p2|Venusaur, L50, M|\n|poke|p2|Corviknight, L50, F|\n|poke|p2|Sneasler, L50, F|\n|teampreview|4\n|inactive|Battle timer is ON: inactive players will automatically lose when time's up. (requested by dominguezz)\n|inactive|dominguezz has 60 seconds left.\n|inactive|disciple of blahaj has 60 seconds left.\n|\n|t:|1776545829\n|teamsize|p1|4\n|teamsize|p2|4\n|start\n|switch|p1a: Lopunny|Lopunny, L50, F, shiny|100/100\n|switch|p1b: Basculegion|Basculegion, L50, M|100/100\n|switch|p2a: Arcanine|Arcanine, L50, F|100/100\n|switch|p2b: Venusaur|Venusaur, L50, M|100/100\n|-ability|p2a: Arcanine|Intimidate|boost\n|-unboost|p1a: Lopunny|atk|1\n|-unboost|p1b: Basculegion|atk|1\n|turn|1\n|inactive|dominguezz has 30 seconds left.\n|\n|t:|1776545855\n|switch|p1a: Pelipper|Pelipper, L50, M|100/100\n|-weather|RainDance|[from] ability: Drizzle|[of] p1a: Pelipper\n|switch|p2a: Rotom|Rotom-Wash, L50|100/100\n|detailschange|p2b: Venusaur|Venusaur-Mega, L50, M\n|-mega|p2b: Venusaur|Venusaur|Venusaurite\n|move|p1b: Basculegion|Flip Turn|p2a: Rotom\n|-resisted|p2a: Rotom|1\n|-damage|p2a: Rotom|71/100\n|\n|t:|1776545870\n|switch|p1b: Klefki|Klefki, L50, M, shiny|100/100|[from] Flip Turn\n|move|p2b: Venusaur|Giga Drain|p1b: Klefki\n|-resisted|p1b: Klefki|1\n|-damage|p1b: Klefki|78/100\n|\n|-weather|RainDance|[upkeep]\n|upkeep\n|turn|2\n|inactive|dominguezz has 30 seconds left.\n|inactive|dominguezz has 20 seconds left.\n|\n|t:|1776545905\n|move|p1a: Pelipper|Protect|p1a: Pelipper\n|-singleturn|p1a: Pelipper|Protect\n|move|p1b: Klefki|Torment|p2a: Rotom\n|-start|p2a: Rotom|Torment\n|move|p2a: Rotom|Discharge|p1a: Pelipper|[spread] p2b,p1b\n|-activate|p1a: Pelipper|move: Protect\n|-resisted|p2b: Venusaur|1\n|-damage|p2b: Venusaur|90/100\n|-damage|p1b: Klefki|43/100\n|-status|p2b: Venusaur|par\n|-status|p1b: Klefki|par\n|move|p2b: Venusaur|Giga Drain|p1a: Pelipper\n|-activate|p1a: Pelipper|move: Protect\n|\n|-weather|RainDance|[upkeep]\n|upkeep\n|turn|3\n|inactive|dominguezz has 30 seconds left.\n|\n|t:|1776545935\n|switch|p2a: Sneasler|Sneasler, L50, F|100/100\n|move|p1b: Klefki|Substitute|p1b: Klefki\n|-start|p1b: Klefki|Substitute\n|-damage|p1b: Klefki|18/100 par\n|move|p1a: Pelipper|Hurricane|p2b: Venusaur\n|-supereffective|p2b: Venusaur|1\n|-crit|p2b: Venusaur\n|-damage|p2b: Venusaur|0 fnt\n|faint|p2b: Venusaur\n|\n|-weather|RainDance|[upkeep]\n|upkeep\n|\n|t:|1776545947\n|switch|p2b: Rotom|Rotom-Wash, L50|71/100\n|turn|4\n|\n|t:|1776545963\n|move|p1a: Pelipper|Protect|p1a: Pelipper\n|-singleturn|p1a: Pelipper|Protect\n|move|p2a: Sneasler|Fake Out|p1a: Pelipper\n|-activate|p1a: Pelipper|move: Protect\n|move|p1b: Klefki|Torment|p2b: Rotom\n|-start|p2b: Rotom|Torment\n|move|p2b: Rotom|Thunderbolt|p1b: Klefki\n|-end|p1b: Klefki|Substitute\n|\n|-weather|RainDance|[upkeep]\n|upkeep\n|turn|5\n|inactive|dominguezz has 30 seconds left.\n|\n|t:|1776545997\n|switch|p2b: Arcanine|Arcanine, L50, F|100/100\n|-ability|p2b: Arcanine|Intimidate|boost\n|-unboost|p1a: Pelipper|atk|1\n|-unboost|p1b: Klefki|atk|1\n|move|p1b: Klefki|Thunder Wave|p2a: Sneasler\n|-status|p2a: Sneasler|par\n|move|p2a: Sneasler|Dire Claw|p1a: Pelipper\n|-damage|p1a: Pelipper|52/100\n|-status|p1a: Pelipper|slp\n|cant|p1a: Pelipper|slp\n|\n|-weather|none\n|upkeep\n|turn|6\n|inactive|dominguezz has 30 seconds left.\n|inactive|dominguezz has 20 seconds left.\n|\n|t:|1776546032\n|switch|p2b: Rotom|Rotom-Wash, L50|71/100\n|switch|p1a: Basculegion|Basculegion, L50, M|100/100\n|move|p1b: Klefki|Thunder Wave|p2b: Rotom\n|-immune|p2b: Rotom\n|move|p2a: Sneasler|Close Combat|p1b: Klefki\n|-damage|p1b: Klefki|0 fnt\n|-unboost|p2a: Sneasler|def|1\n|-unboost|p2a: Sneasler|spd|1\n|faint|p1b: Klefki\n|\n|upkeep\n|\n|t:|1776546043\n|switch|p1b: Lopunny|Lopunny, L50, F, shiny|100/100\n|turn|7\n|inactive|dominguezz has 30 seconds left.\n|inactive|dominguezz has 20 seconds left.\n|\n|t:|1776546078\n|switch|p2a: Arcanine|Arcanine, L50, F|100/100\n|-ability|p2a: Arcanine|Intimidate|boost\n|-unboost|p1a: Basculegion|atk|1\n|-unboost|p1b: Lopunny|atk|1\n|detailschange|p1b: Lopunny|Lopunny-Mega, L50, F, shiny\n|-mega|p1b: Lopunny|Lopunny|Lopunnite\n|move|p1b: Lopunny|Fake Out|p2b: Rotom\n|-damage|p2b: Rotom|49/100\n|cant|p2b: Rotom|flinch\n|move|p1a: Basculegion|Last Respects|p2b: Rotom\n|-damage|p2b: Rotom|0 fnt\n|faint|p2b: Rotom\n|\n|upkeep\n|\n|t:|1776546091\n|switch|p2b: Sneasler|Sneasler, L50, F|100/100 par\n|turn|8\n|\n|t:|1776546111\n|switch|p1a: Pelipper|Pelipper, L50, M|52/100 slp\n|-weather|RainDance|[from] ability: Drizzle|[of] p1a: Pelipper\n|move|p2b: Sneasler|Fake Out|p1b: Lopunny\n|-damage|p1b: Lopunny|81/100\n|cant|p1b: Lopunny|flinch\n|move|p2a: Arcanine|Will-O-Wisp||[still]\n|-fail|p2a: Arcanine\n|\n|-weather|RainDance|[upkeep]\n|upkeep\n|turn|9\n|inactive|dominguezz has 30 seconds left.\n|inactive|dominguezz has 20 seconds left.\n|\n|t:|1776546149\n|move|p1b: Lopunny|Encore|p2b: Sneasler\n|-start|p2b: Sneasler|Encore\n|move|p2b: Sneasler|Fake Out||[still]\n|-hint|Fake Out only works on your first turn out.\n|-fail|p2b: Sneasler\n|move|p2a: Arcanine|Will-O-Wisp|p1b: Lopunny\n|-status|p1b: Lopunny|brn\n|-curestatus|p1a: Pelipper|slp|[msg]\n|move|p1a: Pelipper|Weather Ball|p2a: Arcanine\n|-supereffective|p2a: Arcanine|1\n|-damage|p2a: Arcanine|0 fnt\n|faint|p2a: Arcanine\n|\n|-weather|RainDance|[upkeep]\n|-damage|p1b: Lopunny|75/100 brn|[from] brn\n|upkeep\n|turn|10\n|-message|dominguezz forfeited.\n|\n|win|disciple of blahaj\n|raw|disciple of blahaj's rating: 1337 &rarr; <strong>1353</strong><br />(+16 for winning)\n|raw|dominguezz's rating: 1274 &rarr; <strong>1253</strong><br />(-21 for losing)\n|l|\u2606dominguezz\n|player|p2|\n",
  "uploadtime": 1776546170,
  "views": 16,
  "formatid": "gen9championsvgc2026regma",
  "rating": 1253,
  "private": 0,
  "password": null
}