{
  "id": "gen9championsvgc2026regma-2581515323",
  "format": "[Gen 9 Champions] VGC 2026 Reg M-A",
  "players": [
    "Kebap32",
    "Toby25"
  ],
  "log": "|j|\u2606Kebap32\n|j|\u2606Toby25\n|t:|1776007369\n|gametype|doubles\n|player|p1|Kebap32|skyla|1085\n|player|p2|Toby25|1|1000\n|gen|9\n|tier|[Gen 9 Champions] VGC 2026 Reg M-A\n|rated|\n|rule|Species Clause: Limit one of each Pok\u00e9mon\n|rule|Item Clause: Limit 1 of each item\n|clearpoke\n|poke|p1|Crabominable, L50, M|\n|poke|p1|Mimikyu, L50, M|\n|poke|p1|Hatterene, L50, F|\n|poke|p1|Araquanid, L50, F|\n|poke|p1|Hydrapple, L50, M|\n|poke|p1|Sinistcha, L50|\n|poke|p2|Scizor, L50, F|\n|poke|p2|Maushold, L50|\n|poke|p2|Kingambit, L50, M|\n|poke|p2|Incineroar, L50, M|\n|poke|p2|Dragapult, L50, M|\n|poke|p2|Heliolisk, L50, M|\n|teampreview|4\nToby25 has agreed to open team sheets.\n|l|\u2606Kebap32\n|player|p1|\n|j|\u2606Kebap32\n|player|p1|Kebap32|skyla|\n|\n|t:|1776007406\n|teamsize|p1|4\n|teamsize|p2|4\n|start\n|switch|p1a: Mimikyu|Mimikyu, L50, M|100/100\n|switch|p1b: Araquanid|Araquanid, L50, F|100/100\n|switch|p2a: Dragapult|Dragapult, L50, M|100/100\n|switch|p2b: Heliolisk|Heliolisk, L50, M|100/100\n|turn|1\n|\n|t:|1776007432\n|move|p1b: Araquanid|Wide Guard|p1b: Araquanid\n|-singleturn|p1b: Araquanid|Wide Guard\n|move|p2a: Dragapult|U-turn|p1a: Mimikyu\n|-activate|p1a: Mimikyu|ability: Disguise\n|-damage|p1a: Mimikyu|100/100\n|detailschange|p1a: Mimikyu|Mimikyu-Busted, L50, M\n|-damage|p1a: Mimikyu|88/100|[from] pokemon: Mimikyu-Busted\n|\n|t:|1776007440\n|switch|p2a: Maushold|Maushold, L50|100/100|[from] U-turn\n|move|p2b: Heliolisk|Thunderbolt|p1b: Araquanid\n|-supereffective|p1b: Araquanid|1\n|-damage|p1b: Araquanid|38/100\n|move|p1a: Mimikyu|Trick Room|p1a: Mimikyu\n|-fieldstart|move: Trick Room|[of] p1a: Mimikyu\n|\n|-heal|p1b: Araquanid|43/100|[from] item: Leftovers\n|upkeep\n|turn|2\n|\n|t:|1776007462\n|switch|p1a: Hatterene|Hatterene, L50, F|100/100\n|move|p1b: Araquanid|Reflect|p1b: Araquanid\n|-sidestart|p1: Kebap32|Reflect\n|move|p2b: Heliolisk|Grass Knot|p1b: Araquanid\n|-damage|p1b: Araquanid|27/100\n|move|p2a: Maushold|Crunch|p1b: Araquanid\n|-damage|p1b: Araquanid|18/100\n|-unboost|p1b: Araquanid|def|1\n|\n|-heal|p1b: Araquanid|23/100|[from] item: Leftovers\n|upkeep\n|turn|3\n|\n|t:|1776007479\n|move|p2a: Maushold|Follow Me|p2a: Maushold\n|-singleturn|p2a: Maushold|move: Follow Me\n|move|p1a: Hatterene|Calm Mind|p1a: Hatterene\n|-boost|p1a: Hatterene|spa|1\n|-boost|p1a: Hatterene|spd|1\n|move|p1b: Araquanid|Liquidation|p2a: Maushold\n|-damage|p2a: Maushold|49/100\n|move|p2b: Heliolisk|Volt Switch|p1b: Araquanid\n|-supereffective|p1b: Araquanid|1\n|-damage|p1b: Araquanid|0 fnt\n|faint|p1b: Araquanid\n|\n|t:|1776007490\n|switch|p2b: Scizor|Scizor, L50, F|100/100|[from] Volt Switch\n|\n|upkeep\n|\n|t:|1776007497\n|switch|p1b: Crabominable|Crabominable, L50, M|100/100\n|turn|4\n|\n|t:|1776007514\n|detailschange|p1b: Crabominable|Crabominable-Mega, L50, M\n|-mega|p1b: Crabominable|Crabominable|Crabominite\n|move|p2a: Maushold|Follow Me|p2a: Maushold\n|-singleturn|p2a: Maushold|move: Follow Me\n|move|p1a: Hatterene|Dazzling Gleam|p2b: Scizor|[spread] p2a,p2b\n|-resisted|p2b: Scizor|1\n|-damage|p2a: Maushold|0 fnt\n|-damage|p2b: Scizor|72/100\n|faint|p2a: Maushold\n|move|p1b: Crabominable|Drain Punch|p2b: Scizor\n|-damage|p2b: Scizor|11/100\n|move|p2b: Scizor|Swords Dance|p2b: Scizor\n|-boost|p2b: Scizor|atk|2\n|\n|upkeep\n|\n|t:|1776007527\n|switch|p2a: Heliolisk|Heliolisk, L50, M|100/100\n|turn|5\n|\n|t:|1776007540\n|move|p2b: Scizor|Protect|p2b: Scizor\n|-singleturn|p2b: Scizor|Protect\n|move|p1b: Crabominable|Mach Punch|p2b: Scizor\n|-activate|p2b: Scizor|move: Protect\n|move|p1a: Hatterene|Dazzling Gleam|p2b: Scizor|[spread] p2a\n|-activate|p2b: Scizor|move: Protect\n|-damage|p2a: Heliolisk|8/100\n|move|p2a: Heliolisk|Grass Knot|p1b: Crabominable\n|-damage|p1b: Crabominable|73/100\n|\n|-fieldend|move: Trick Room\n|upkeep\n|turn|6\n|\n|t:|1776007561\n|detailschange|p2b: Scizor|Scizor-Mega, L50, F\n|-mega|p2b: Scizor|Scizor|Scizorite\n|move|p2b: Scizor|Bullet Punch|p1b: Crabominable\n|-supereffective|p1b: Crabominable|1\n|-damage|p1b: Crabominable|0 fnt\n|faint|p1b: Crabominable\n|move|p2a: Heliolisk|Thunderbolt|p1a: Hatterene\n|-damage|p1a: Hatterene|65/100\n|move|p1a: Hatterene|Trick Room|p1a: Hatterene\n|-fieldstart|move: Trick Room|[of] p1a: Hatterene\n|\n|-sideend|p1: Kebap32|Reflect\n|upkeep\n|\n|t:|1776007572\n|switch|p1b: Mimikyu|Mimikyu-Busted, L50, M|88/100\n|turn|7\n|\n|t:|1776007588\n|move|p2b: Scizor|Protect|p2b: Scizor\n|-singleturn|p2b: Scizor|Protect\n|move|p1a: Hatterene|Dazzling Gleam|p2a: Heliolisk|[spread] p2a\n|-activate|p2b: Scizor|move: Protect\n|-damage|p2a: Heliolisk|0 fnt\n|faint|p2a: Heliolisk\n|move|p1b: Mimikyu|Shadow Claw|p2b: Scizor\n|-activate|p2b: Scizor|move: Protect\n|\n|upkeep\n|\n|t:|1776007592\n|switch|p2a: Dragapult|Dragapult, L50, M|100/100\n|turn|8\n|\n|t:|1776007610\n|move|p2b: Scizor|Bullet Punch|p1a: Hatterene\n|-supereffective|p1a: Hatterene|1\n|-damage|p1a: Hatterene|0 fnt\n|faint|p1a: Hatterene\n|move|p1b: Mimikyu|Shadow Claw|p2b: Scizor\n|-damage|p2b: Scizor|0 fnt\n|faint|p2b: Scizor\n|move|p2a: Dragapult|Thunderbolt|p1b: Mimikyu\n|-damage|p1b: Mimikyu|66/100\n|\n|upkeep\n|turn|9\n|\n|t:|1776007623\n|move|p1b: Mimikyu|Shadow Claw|p2a: Dragapult\n|-supereffective|p2a: Dragapult|1\n|-crit|p2a: Dragapult\n|-damage|p2a: Dragapult|0 fnt\n|faint|p2a: Dragapult\n|\n|win|Kebap32\n|raw|Kebap32's rating: 1085 &rarr; <strong>1106</strong><br />(+21 for winning)\n|raw|Toby25's rating: 1000 &rarr; <strong>1000</strong><br />(+0 for losing)\n|l|\u2606Kebap32\n|player|p1|\n",
  "uploadtime": 1776007630,
  "views": 23,
  "formatid": "gen9championsvgc2026regma",
  "rating": 1000,
  "private": 0,
  "password": null
}