{
  "id": "gen9championsvgc2026regma-2587603245",
  "format": "[Gen 9 Champions] VGC 2026 Reg M-A",
  "players": [
    "shangenb4",
    "Mikemyfatone"
  ],
  "log": "|j|\u2606shangenb4\n|j|\u2606Mikemyfatone\n|t:|1776546107\n|gametype|doubles\n|player|p1|shangenb4|sisandbro|1136\n|player|p2|Mikemyfatone|2|1052\n|gen|9\n|tier|[Gen 9 Champions] VGC 2026 Reg M-A\n|rated|\n|rule|Species Clause: Limit one of each Pok\u00e9mon\n|rule|Item Clause: Limit 1 of each item\n|clearpoke\n|poke|p1|Floette-Eternal, L50, F|\n|poke|p1|Garchomp, L50, M|\n|poke|p1|Sneasler, L50, M|\n|poke|p1|Basculegion-F, L50, F|\n|poke|p1|Aerodactyl, L50, F|\n|poke|p1|Incineroar, L50, F|\n|poke|p2|Houndoom, L50, F|\n|poke|p2|Ninetales, L50, M|\n|poke|p2|Charizard, L50, M|\n|poke|p2|Venusaur, L50, M|\n|poke|p2|Gardevoir, L50, F|\n|poke|p2|Whimsicott, L50, M|\n|teampreview|4\n|inactive|Battle timer is ON: inactive players will automatically lose when time's up. (requested by Mikemyfatone)\n|\n|t:|1776546147\n|teamsize|p1|4\n|teamsize|p2|4\n|start\n|switch|p1a: Sneasler|Sneasler, L50, M|100/100\n|switch|p1b: Floette|Floette-Eternal, L50, F|100/100\n|switch|p2a: Ninetales|Ninetales, L50, M|100/100\n|switch|p2b: Whimsicott|Whimsicott, L50, M|100/100\n|-weather|SunnyDay|[from] ability: Drought|[of] p2a: Ninetales\n|turn|1\n|\n|t:|1776546162\n|detailschange|p1b: Floette|Floette-Mega, L50, F\n|-mega|p1b: Floette|Floette|Floettite\n|-ability|p1b: Floette|Fairy Aura\n|move|p2b: Whimsicott|Protect|p2b: Whimsicott\n|-singleturn|p2b: Whimsicott|Protect\n|move|p1a: Sneasler|Dire Claw|p2b: Whimsicott\n|-activate|p2b: Whimsicott|move: Protect\n|move|p2a: Ninetales|Overheat|p1b: Floette\n|-crit|p1b: Floette\n|-damage|p1b: Floette|0 fnt\n|-unboost|p2a: Ninetales|spa|2\n|faint|p1b: Floette\n|\n|-weather|SunnyDay|[upkeep]\n|upkeep\n|\n|t:|1776546179\n|switch|p1b: Aerodactyl|Aerodactyl, L50, F|100/100\n|-ability|p1b: Aerodactyl|Unnerve\n|turn|2\n|\n|t:|1776546186\n|move|p2b: Whimsicott|Tailwind|p2b: Whimsicott\n|-sidestart|p2: Mikemyfatone|move: Tailwind\n|move|p2a: Ninetales|Overheat|p1a: Sneasler\n|-damage|p1a: Sneasler|35/100\n|-unboost|p2a: Ninetales|spa|2\n|move|p1b: Aerodactyl|Tailwind|p1b: Aerodactyl\n|-sidestart|p1: shangenb4|move: Tailwind\n|move|p1a: Sneasler|Dire Claw|p2b: Whimsicott\n|-supereffective|p2b: Whimsicott|2\n|-damage|p2b: Whimsicott|0 fnt\n|faint|p2b: Whimsicott\n|\n|-weather|SunnyDay|[upkeep]\n|upkeep\n|\n|t:|1776546207\n|switch|p2b: Venusaur|Venusaur, L50, M|100/100\n|turn|3\n|\n|t:|1776546213\n|switch|p2a: Houndoom|Houndoom, L50, F|100/100\n|move|p2b: Venusaur|Sleep Powder|p1b: Aerodactyl|[miss]\n|-miss|p2b: Venusaur|p1b: Aerodactyl\n|move|p1b: Aerodactyl|Dual Wingbeat|p2b: Venusaur\n|-supereffective|p2b: Venusaur|1\n|-damage|p2b: Venusaur|51/100\n|-supereffective|p2b: Venusaur|1\n|-damage|p2b: Venusaur|1/100\n|-hitcount|p2b: Venusaur|2\n|move|p1a: Sneasler|Dire Claw|p2b: Venusaur\n|-crit|p2b: Venusaur\n|-damage|p2b: Venusaur|0 fnt\n|faint|p2b: Venusaur\n|\n|-weather|SunnyDay|[upkeep]\n|upkeep\n|\n|t:|1776546230\n|switch|p2b: Ninetales|Ninetales, L50, M|100/100\n|turn|4\n|\n|t:|1776546237\n|move|p2a: Houndoom|Protect|p2a: Houndoom\n|-singleturn|p2a: Houndoom|Protect\n|move|p1b: Aerodactyl|Rock Slide|p2b: Ninetales|[spread] \n|-activate|p2a: Houndoom|move: Protect\n|-miss|p1b: Aerodactyl|p2b: Ninetales\n|move|p1a: Sneasler|Close Combat|p2a: Houndoom\n|-activate|p2a: Houndoom|move: Protect\n|move|p2b: Ninetales|Heat Wave|p1a: Sneasler|[spread] p1a,p1b\n|-resisted|p1b: Aerodactyl|1\n|-damage|p1a: Sneasler|0 fnt\n|-damage|p1b: Aerodactyl|60/100\n|faint|p1a: Sneasler\n|\n|-weather|SunnyDay|[upkeep]\n|upkeep\n|\n|t:|1776546251\n|switch|p1a: Garchomp|Garchomp, L50, M|100/100\n|turn|5\n|\n|t:|1776546264\n|detailschange|p2a: Houndoom|Houndoom-Mega, L50, F\n|-mega|p2a: Houndoom|Houndoom|Houndoominite\n|move|p1b: Aerodactyl|Protect|p1b: Aerodactyl\n|-singleturn|p1b: Aerodactyl|Protect\n|move|p1a: Garchomp|Protect|p1a: Garchomp\n|-singleturn|p1a: Garchomp|Protect\n|move|p2a: Houndoom|Dark Pulse|p1a: Garchomp\n|-activate|p1a: Garchomp|move: Protect\n|move|p2b: Ninetales|Heat Wave|p1b: Aerodactyl|[spread] \n|-activate|p1a: Garchomp|move: Protect\n|-activate|p1b: Aerodactyl|move: Protect\n|\n|-weather|none\n|-sideend|p2: Mikemyfatone|move: Tailwind\n|-sideend|p1: shangenb4|move: Tailwind\n|upkeep\n|turn|6\n|\n|t:|1776546285\n|move|p1b: Aerodactyl|Tailwind|p1b: Aerodactyl\n|-sidestart|p1: shangenb4|move: Tailwind\n|move|p1a: Garchomp|Earthquake|p2a: Houndoom|[spread] p2a,p2b\n|-immune|p1b: Aerodactyl\n|-supereffective|p2a: Houndoom|1\n|-supereffective|p2b: Ninetales|1\n|-damage|p2a: Houndoom|0 fnt\n|-damage|p2b: Ninetales|0 fnt\n|faint|p2a: Houndoom\n|faint|p2b: Ninetales\n|\n|win|shangenb4\n|raw|shangenb4's rating: 1136 &rarr; <strong>1155</strong><br />(+19 for winning)\n|raw|Mikemyfatone's rating: 1052 &rarr; <strong>1038</strong><br />(-14 for losing)\n",
  "uploadtime": 1776546293,
  "views": 11,
  "formatid": "gen9championsvgc2026regma",
  "rating": 1038,
  "private": 0,
  "password": null
}