{
  "id": "gen9championsvgc2026regma-2582752285",
  "format": "[Gen 9 Champions] VGC 2026 Reg M-A",
  "players": [
    "junishibashi",
    "GTBstoner"
  ],
  "log": "|j|\u2606junishibashi\n|j|\u2606GTBstoner\n|t:|1776111646\n|gametype|doubles\n|player|p1|junishibashi|101|1045\n|player|p2|GTBstoner|n|1000\n|gen|9\n|tier|[Gen 9 Champions] VGC 2026 Reg M-A\n|rated|\n|rule|Species Clause: Limit one of each Pok\u00e9mon\n|rule|Item Clause: Limit 1 of each item\n|clearpoke\n|poke|p1|Clefable, L50, F|\n|poke|p1|Lucario, L50, M|\n|poke|p1|Greninja-*, L50, F|\n|poke|p1|Orthworm, L50, M|\n|poke|p1|Sinistcha, L50|\n|poke|p1|Pikachu, L50, F|\n|poke|p2|Sableye, L50, M|\n|poke|p2|Flapple, L50, M|\n|poke|p2|Excadrill, L50, F|\n|poke|p2|Golurk, L50|\n|poke|p2|Tyranitar, L50, M|\n|poke|p2|Hatterene, L50, F|\n|teampreview|4\n|\n|t:|1776111689\n|teamsize|p1|4\n|teamsize|p2|4\n|start\n|switch|p1a: Orthworm|Orthworm, L50, M|100/100\n|switch|p1b: Greninja|Greninja, L50, F|100/100\n|switch|p2a: Sableye|Sableye, L50, M, shiny|100/100\n|switch|p2b: Hatterene|Hatterene, L50, F|100/100\n|turn|1\n|inactive|Battle timer is ON: inactive players will automatically lose when time's up. (requested by GTBstoner)\n|inactive|junishibashi has 60 seconds left.\n|\n|t:|1776111739\n|move|p2a: Sableye|Fake Out|p1a: Orthworm\n|-resisted|p1a: Orthworm|1\n|-damage|p1a: Orthworm|98/100\n|move|p1b: Greninja|Dark Pulse|p2a: Sableye\n|-start|p1b: Greninja|typechange|Dark|[from] ability: Protean\n|-damage|p2a: Sableye|55/100\n|cant|p1a: Orthworm|flinch\n|move|p2b: Hatterene|Trick Room|p2b: Hatterene\n|-fieldstart|move: Trick Room|[of] p2b: Hatterene\n|\n|-heal|p1a: Orthworm|100/100|[from] item: Leftovers\n|upkeep\n|turn|2\n|\n|t:|1776111760\n|switch|p2b: Golurk|Golurk, L50, shiny|100/100\n|move|p2a: Sableye|Gravity|p2a: Sableye\n|-fieldstart|move: Gravity\n|move|p1a: Orthworm|Iron Head|p2b: Golurk\n|-damage|p2b: Golurk|72/100\n|move|p1b: Greninja|Dark Pulse|p2a: Sableye\n|-damage|p2a: Sableye|12/100\n|\n|upkeep\n|turn|3\n|inactive|junishibashi has 30 seconds left.\n|inactive|GTBstoner has 30 seconds left.\n|\n|t:|1776111789\n|detailschange|p2b: Golurk|Golurk-Mega, L50, shiny\n|-mega|p2b: Golurk|Golurk|Golurkite\n|move|p2a: Sableye|Disable|p1a: Orthworm\n|-start|p1a: Orthworm|Disable|Iron Head\n|move|p1b: Greninja|Water Shuriken|p2a: Sableye\n|-damage|p2a: Sableye|7/100\n|-damage|p2a: Sableye|2/100\n|-damage|p2a: Sableye|0 fnt\n|faint|p2a: Sableye\n|-hitcount|p2: Sableye|3\n|move|p2b: Golurk|Headlong Rush|p1b: Greninja\n|-enditem|p1b: Greninja|Focus Sash\n|-damage|p1b: Greninja|1/100\n|-unboost|p2b: Golurk|def|1\n|-unboost|p2b: Golurk|spd|1\n|cant|p1a: Orthworm|Disable|Iron Head\n|\n|upkeep\n|\n|t:|1776111798\n|switch|p2a: Hatterene|Hatterene, L50, F|100/100\n|turn|4\n|\n|t:|1776111822\n|move|p2b: Golurk|Protect|p2b: Golurk\n|-singleturn|p2b: Golurk|Protect\n|move|p1b: Greninja|Water Shuriken|p2b: Golurk\n|-activate|p2b: Golurk|move: Protect\n|move|p2a: Hatterene|Dazzling Gleam|p1b: Greninja|[spread] p1a,p1b\n|-resisted|p1a: Orthworm|1\n|-supereffective|p1b: Greninja|1\n|-damage|p1a: Orthworm|72/100\n|-damage|p1b: Greninja|0 fnt\n|faint|p1b: Greninja\n|move|p1a: Orthworm|Body Slam|p2a: Hatterene\n|-damage|p2a: Hatterene|80/100\n|-status|p2a: Hatterene|par\n|\n|-heal|p2a: Hatterene|86/100 par|[from] item: Leftovers\n|-heal|p1a: Orthworm|78/100|[from] item: Leftovers\n|upkeep\n|\n|t:|1776111837\n|switch|p1b: Sinistcha|Sinistcha, L50|100/100\n|-heal|p1a: Orthworm|100/100|[from] ability: Hospitality|[of] p1b: Sinistcha\n|turn|5\n|\n|t:|1776111855\n|switch|p2a: Flapple|Flapple, L50, M|100/100\n|move|p2b: Golurk|Poltergeist|p1b: Sinistcha\n|-activate|p1b: Sinistcha|move: Poltergeist|Sitrus Berry\n|-supereffective|p1b: Sinistcha|1\n|-damage|p1b: Sinistcha|0 fnt\n|faint|p1b: Sinistcha\n|move|p1a: Orthworm|Shed Tail|p1a: Orthworm\n|-start|p1a: Orthworm|Substitute|[from] move: Shed Tail\n|-damage|p1a: Orthworm|50/100\n|\n|t:|1776111864\n|switch|p1a: Clefable|Clefable, L50, F|100/100|[from] Shed Tail\n|\n|-fieldend|move: Trick Room\n|upkeep\n|\n|t:|1776111868\n|switch|p1b: Orthworm|Orthworm, L50, M|50/100\n|turn|6\n|inactive|junishibashi has 30 seconds left.\n|\n|t:|1776111896\n|switch|p2b: Hatterene|Hatterene, L50, F|86/100 par\n|detailschange|p1a: Clefable|Clefable-Mega, L50, F\n|-mega|p1a: Clefable|Clefable|Clefablite\n|move|p1b: Orthworm|Protect|p1b: Orthworm\n|-singleturn|p1b: Orthworm|Protect\n|move|p2a: Flapple|Grav Apple|p1b: Orthworm\n|-activate|p1b: Orthworm|move: Protect\n|move|p1a: Clefable|Moonblast|p2a: Flapple\n|-supereffective|p2a: Flapple|1\n|-damage|p2a: Flapple|0 fnt\n|faint|p2a: Flapple\n|\n|-heal|p1b: Orthworm|56/100|[from] item: Leftovers\n|-heal|p2b: Hatterene|93/100 par|[from] item: Leftovers\n|-fieldend|move: Gravity\n|upkeep\n|\n|t:|1776111903\n|switch|p2a: Golurk|Golurk-Mega, L50, shiny|72/100\n|turn|7\n|\n|t:|1776111924\n|move|p1a: Clefable|Moonblast|p2a: Golurk\n|-damage|p2a: Golurk|31/100\n|move|p1b: Orthworm|Iron Head|p2b: Hatterene\n|-supereffective|p2b: Hatterene|1\n|-damage|p2b: Hatterene|38/100 par\n|move|p2a: Golurk|Poltergeist|p1b: Orthworm\n|-activate|p1b: Orthworm|move: Poltergeist|Leftovers\n|-damage|p1b: Orthworm|13/100\n|move|p2b: Hatterene|Trick Room|p2b: Hatterene\n|-fieldstart|move: Trick Room|[of] p2b: Hatterene\n|\n|-heal|p2b: Hatterene|44/100 par|[from] item: Leftovers\n|-heal|p1b: Orthworm|20/100|[from] item: Leftovers\n|upkeep\n|turn|8\n|inactive|junishibashi has 30 seconds left.\n|\n|t:|1776111950\n|move|p1b: Orthworm|Protect|p1b: Orthworm\n|-singleturn|p1b: Orthworm|Protect\n|move|p2b: Hatterene|Heal Pulse|p2a: Golurk\n|-heal|p2a: Golurk|81/100\n|move|p2a: Golurk|Poltergeist|p1b: Orthworm\n|-activate|p1b: Orthworm|move: Protect\n|move|p1a: Clefable|Moonblast|p2b: Hatterene\n|-damage|p2b: Hatterene|0 fnt\n|faint|p2b: Hatterene\n|\n|-heal|p1b: Orthworm|26/100|[from] item: Leftovers\n|upkeep\n|turn|9\n|inactive|GTBstoner has 30 seconds left.\n|inactive|GTBstoner has 20 seconds left.\n|inactive|GTBstoner has 15 seconds left.\n|inactive|GTBstoner has 10 seconds left.\n|inactive|GTBstoner has 5 seconds left.\n|\n|t:|1776112003\n|move|p2a: Golurk|Poltergeist|p1b: Orthworm\n|-activate|p1b: Orthworm|move: Poltergeist|Leftovers\n|-damage|p1b: Orthworm|0 fnt\n|faint|p1b: Orthworm\n|move|p1a: Clefable|Moonblast|p2a: Golurk\n|-crit|p2a: Golurk\n|-damage|p2a: Golurk|13/100\n|\n|upkeep\n|turn|10\n|inactive|junishibashi has 30 seconds left.\n|inactive|junishibashi has 20 seconds left.\n|\n|t:|1776112043\n|move|p2a: Golurk|Poltergeist|p1a: Clefable\n|-activate|p1a: Clefable|move: Poltergeist|Clefablite\n|-end|p1a: Clefable|Substitute\n|move|p1a: Clefable|Moonblast|p2a: Golurk\n|-damage|p2a: Golurk|0 fnt\n|faint|p2a: Golurk\n|\n|win|junishibashi\n|raw|junishibashi's rating: 1045 &rarr; <strong>1074</strong><br />(+29 for winning)\n|raw|GTBstoner's rating: 1000 &rarr; <strong>1000</strong><br />(+0 for losing)\n|l|\u2606junishibashi\n|player|p1|\n",
  "uploadtime": 1776112056,
  "views": 70,
  "formatid": "gen9championsvgc2026regma",
  "rating": 1000,
  "private": 0,
  "password": null
}