{
  "id": "gen9championsvgc2026regma-2580860046",
  "format": "[Gen 9 Champions] VGC 2026 Reg M-A",
  "players": [
    "leader-starmie",
    "AppleWalrus1"
  ],
  "log": "|j|\u2606leader-starmie\n|j|\u2606AppleWalrus1\n|t:|1775938411\n|gametype|doubles\n|player|p1|leader-starmie|lida|1233\n|player|p2|AppleWalrus1|caitlin|1208\n|gen|9\n|tier|[Gen 9 Champions] VGC 2026 Reg M-A\n|rated|\n|rule|Species Clause: Limit one of each Pok\u00e9mon\n|rule|Item Clause: Limit 1 of each item\n|clearpoke\n|poke|p1|Lucario, L50, F|\n|poke|p1|Milotic, L50, F|\n|poke|p1|Talonflame, L50, F|\n|poke|p1|Aegislash, L50, M|\n|poke|p1|Clefable, L50, F|\n|poke|p1|Garchomp, L50, M|\n|poke|p2|Aerodactyl, L50, M|\n|poke|p2|Incineroar, L50, F|\n|poke|p2|Floette-Eternal, L50, F|\n|poke|p2|Basculegion, L50, M|\n|poke|p2|Garchomp, L50, M|\n|poke|p2|Sneasler, L50, F|\n|teampreview|4\n|inactive|Battle timer is ON: inactive players will automatically lose when time's up. (requested by AppleWalrus1)\n|inactive|leader-starmie has 60 seconds left.\n|inactive|AppleWalrus1 has 60 seconds left.\n|\n|t:|1775938444\n|teamsize|p1|4\n|teamsize|p2|4\n|start\n|switch|p1a: Talonflame|Talonflame, L50, F|100/100\n|switch|p1b: Lucario|Lucario, L50, F|100/100\n|switch|p2a: Aerodactyl|Aerodactyl, L50, M|100/100\n|switch|p2b: Garchomp|Garchomp, L50, M|100/100\n|-ability|p2a: Aerodactyl|Unnerve\n|turn|1\n|\n|t:|1775938455\n|detailschange|p1b: Lucario|Lucario-Mega, L50, F\n|-mega|p1b: Lucario|Lucario|Lucarionite\n|move|p1a: Talonflame|Tailwind|p1a: Talonflame\n|-sidestart|p1: leader-starmie|move: Tailwind\n|move|p1b: Lucario|Steel Beam|p2b: Garchomp\n|-damage|p2b: Garchomp|0 fnt\n|-damage|p1b: Lucario|50/100|[from] steelbeam\n|faint|p2b: Garchomp\n|move|p2a: Aerodactyl|Tailwind|p2a: Aerodactyl\n|-sidestart|p2: AppleWalrus1|move: Tailwind\n|\n|upkeep\n|\n|t:|1775938468\n|switch|p2b: Sneasler|Sneasler, L50, F|100/100\n|turn|2\n|\n|t:|1775938481\n|move|p1a: Talonflame|Upper Hand||[still]\n|-fail|p1a: Talonflame\n|move|p1b: Lucario|Vacuum Wave|p2a: Aerodactyl\n|-damage|p2a: Aerodactyl|59/100\n|move|p2a: Aerodactyl|Rock Slide|p1a: Talonflame|[spread] p1a,p1b\n|-supereffective|p1a: Talonflame|2\n|-resisted|p1b: Lucario|2\n|-enditem|p1a: Talonflame|Focus Sash\n|-damage|p1a: Talonflame|1/100\n|-damage|p1b: Lucario|42/100\n|move|p2b: Sneasler|Close Combat|p1b: Lucario\n|-supereffective|p1b: Lucario|1\n|-damage|p1b: Lucario|0 fnt\n|-unboost|p2b: Sneasler|def|1\n|-unboost|p2b: Sneasler|spd|1\n|faint|p1b: Lucario\n|-enditem|p2b: Sneasler|White Herb\n|-clearnegativeboost|p2b: Sneasler|[silent]\n|\n|upkeep\n|\n|t:|1775938498\n|switch|p1b: Garchomp|Garchomp, L50, M|100/100\n|turn|3\n|\n|t:|1775938516\n|move|p2a: Aerodactyl|Protect|p2a: Aerodactyl\n|-singleturn|p2a: Aerodactyl|Protect\n|move|p2b: Sneasler|Dire Claw|p1a: Talonflame\n|-damage|p1a: Talonflame|0 fnt\n|faint|p1a: Talonflame\n|move|p1b: Garchomp|Rock Slide|p2a: Aerodactyl|[spread] p2b\n|-activate|p2a: Aerodactyl|move: Protect\n|-resisted|p2b: Sneasler|1\n|-damage|p2b: Sneasler|84/100\n|\n|upkeep\n|\n|t:|1775938526\n|switch|p1a: Milotic|Milotic, L50, F|100/100\n|turn|4\n|\n|t:|1775938549\n|switch|p2a: Floette|Floette-Eternal, L50, F|100/100\n|move|p2b: Sneasler|Close Combat|p1a: Milotic\n|-damage|p1a: Milotic|38/100\n|-unboost|p2b: Sneasler|def|1\n|-unboost|p2b: Sneasler|spd|1\n|move|p1b: Garchomp|Stomping Tantrum|p2b: Sneasler\n|-supereffective|p2b: Sneasler|1\n|-damage|p2b: Sneasler|0 fnt\n|faint|p2b: Sneasler\n|move|p1a: Milotic|Muddy Water|p2a: Floette\n|-damage|p2a: Floette|61/100\n|-unboost|p2a: Floette|accuracy|1\n|\n|-heal|p1a: Milotic|45/100|[from] item: Leftovers\n|-sideend|p1: leader-starmie|move: Tailwind\n|-sideend|p2: AppleWalrus1|move: Tailwind\n|upkeep\n|\n|t:|1775938565\n|switch|p2b: Aerodactyl|Aerodactyl, L50, M|59/100\n|-ability|p2b: Aerodactyl|Unnerve\n|turn|5\n|\n|t:|1775938589\n|detailschange|p2a: Floette|Floette-Mega, L50, F\n|-mega|p2a: Floette|Floette|Floettite\n|-ability|p2a: Floette|Fairy Aura\n|move|p2b: Aerodactyl|Tailwind|p2b: Aerodactyl\n|-sidestart|p2: AppleWalrus1|move: Tailwind\n|move|p2a: Floette|Moonblast|p1a: Milotic|[miss]\n|-miss|p2a: Floette|p1a: Milotic\n|move|p1b: Garchomp|Rock Slide|p2a: Floette|[spread] p2a,p2b\n|-supereffective|p2b: Aerodactyl|1\n|-damage|p2a: Floette|34/100\n|-damage|p2b: Aerodactyl|0 fnt\n|faint|p2b: Aerodactyl\n|move|p1a: Milotic|Muddy Water|p2a: Floette\n|-damage|p2a: Floette|4/100\n|-unboost|p2a: Floette|accuracy|1\n|\n|-heal|p1a: Milotic|51/100|[from] item: Leftovers\n|upkeep\n|turn|6\n|l|\u2606leader-starmie\n|inactive|leader-starmie disconnected and has a minute to reconnect!\n|player|p1|\n|inactive|leader-starmie has 30 seconds left.\n|inactive|leader-starmie has 20 seconds left.\n|inactive|leader-starmie has 15 seconds left.\n|inactive|leader-starmie has 10 seconds left.\n|inactive|leader-starmie has 5 seconds left.\n|-message|leader-starmie lost due to inactivity.\n|\n|win|AppleWalrus1\n|raw|leader-starmie's rating: 1233 &rarr; <strong>1206</strong><br />(-27 for losing)\n|raw|AppleWalrus1's rating: 1208 &rarr; <strong>1235</strong><br />(+27 for winning)\n|l|\u2606AppleWalrus1\n|player|p2|\n|j|\u2606leader-starmie\n|player|p1|leader-starmie|lida|\n",
  "uploadtime": 1775938750,
  "views": 37,
  "formatid": "gen9championsvgc2026regma",
  "rating": 1206,
  "private": 0,
  "password": null
}