{
  "id": "gen9championsvgc2026regma-2589428909",
  "format": "[Gen 9 Champions] VGC 2026 Reg M-A",
  "players": [
    "SDLT LucaIaria63",
    "Monkey D ruuluu"
  ],
  "log": "|raw|<div class=\"broadcast-blue\"><strong>This battle is required to be public due to a player having a name starting with 'sdlt'.</div>\n|j|\u2606SDLT LucaIaria63\n|j|\u2606Monkey D ruuluu\n|t:|1776722179\n|gametype|doubles\n|player|p1|SDLT LucaIaria63|colress|1164\n|player|p2|Monkey D ruuluu|102|1263\n|gen|9\n|tier|[Gen 9 Champions] VGC 2026 Reg M-A\n|rated|\n|rule|Species Clause: Limit one of each Pok\u00e9mon\n|rule|Item Clause: Limit 1 of each item\n|clearpoke\n|poke|p1|Gardevoir, L50, F|\n|poke|p1|Sinistcha, L50|\n|poke|p1|Politoed, L50, F|\n|poke|p1|Noivern, L50, F|\n|poke|p1|Garchomp, L50, F|\n|poke|p1|Rotom-Wash, L50|\n|poke|p2|Greninja, L50, M|\n|poke|p2|Sinistcha, L50|\n|poke|p2|Arcanine, L50, M|\n|poke|p2|Corviknight, L50, F|\n|poke|p2|Garchomp, L50, M|\n|poke|p2|Sneasler, L50, M|\n|teampreview|4\n|\n|t:|1776722208\n|teamsize|p1|4\n|teamsize|p2|4\n|start\n|switch|p1a: Noivern|Noivern, L50, F|100/100\n|switch|p1b: Garchomp|Garchomp, L50, F|100/100\n|switch|p2a: Greninja|Greninja, L50, M|100/100\n|switch|p2b: Sneasler|Sneasler, L50, M|100/100\n|-item|p2a: Greninja|Greninjite|[from] ability: Frisk|[of] p1a: Noivern\n|-item|p2b: Sneasler|White Herb|[from] ability: Frisk|[of] p1a: Noivern\n|turn|1\n|\n|t:|1776722223\n|detailschange|p2a: Greninja|Greninja-Mega, L50, M\n|-mega|p2a: Greninja|Greninja|Greninjite\n|move|p1a: Noivern|Protect|p1a: Noivern\n|-singleturn|p1a: Noivern|Protect\n|move|p1b: Garchomp|Protect|p1b: Garchomp\n|-singleturn|p1b: Garchomp|Protect\n|move|p2b: Sneasler|Fake Out|p1a: Noivern\n|-activate|p1a: Noivern|move: Protect\n|move|p2a: Greninja|Dark Pulse|p1a: Noivern\n|-start|p2a: Greninja|typechange|Dark|[from] ability: Protean\n|-activate|p1a: Noivern|move: Protect\n|\n|upkeep\n|turn|2\n|\n|t:|1776722236\n|move|p2a: Greninja|Dark Pulse|p1a: Noivern\n|-damage|p1a: Noivern|43/100\n|move|p1a: Noivern|Tailwind|p1a: Noivern\n|-sidestart|p1: SDLT LucaIaria63|move: Tailwind\n|move|p1b: Garchomp|Earthquake|p2a: Greninja|[spread] p2a,p2b\n|-immune|p1a: Noivern\n|-supereffective|p2b: Sneasler|1\n|-damage|p2a: Greninja|33/100\n|-damage|p2b: Sneasler|0 fnt\n|faint|p2b: Sneasler\n|\n|upkeep\n|\n|t:|1776722246\n|switch|p2b: Sinistcha|Sinistcha, L50|100/100\n|-heal|p2a: Greninja|58/100|[from] ability: Hospitality|[of] p2b: Sinistcha\n|turn|3\n|\n|t:|1776722259\n|switch|p2a: Garchomp|Garchomp, L50, M|100/100\n|move|p2b: Sinistcha|Protect|p2b: Sinistcha\n|-singleturn|p2b: Sinistcha|Protect\n|move|p1a: Noivern|Heat Wave|p2b: Sinistcha|[spread] p2a\n|-activate|p2b: Sinistcha|move: Protect\n|-resisted|p2a: Garchomp|1\n|-damage|p2a: Garchomp|90/100\n|move|p1b: Garchomp|Earthquake|p2a: Garchomp|[spread] p2a\n|-activate|p2b: Sinistcha|move: Protect\n|-immune|p1a: Noivern\n|-damage|p2a: Garchomp|49/100\n|\n|upkeep\n|turn|4\n|\n|t:|1776722276\n|move|p2a: Garchomp|Protect|p2a: Garchomp\n|-singleturn|p2a: Garchomp|Protect\n|move|p1a: Noivern|Heat Wave|p2b: Sinistcha|[spread] p2b\n|-activate|p2a: Garchomp|move: Protect\n|-supereffective|p2b: Sinistcha|1\n|-damage|p2b: Sinistcha|59/100\n|move|p1b: Garchomp|Earthquake|p2b: Sinistcha|[spread] p2b\n|-activate|p2a: Garchomp|move: Protect\n|-immune|p1a: Noivern\n|-resisted|p2b: Sinistcha|1\n|-crit|p2b: Sinistcha\n|-damage|p2b: Sinistcha|35/100\n|-enditem|p2b: Sinistcha|Sitrus Berry|[eat]\n|-heal|p2b: Sinistcha|60/100|[from] item: Sitrus Berry\n|move|p2b: Sinistcha|Shadow Ball|p1a: Noivern\n|-damage|p1a: Noivern|4/100\n|\n|upkeep\n|turn|5\n|\n|t:|1776722293\n|move|p2b: Sinistcha|Protect|p2b: Sinistcha\n|-singleturn|p2b: Sinistcha|Protect\n|move|p1a: Noivern|Heat Wave|p2a: Garchomp|[spread] p2a\n|-activate|p2b: Sinistcha|move: Protect\n|-resisted|p2a: Garchomp|1\n|-damage|p2a: Garchomp|39/100\n|move|p1b: Garchomp|Earthquake|p2b: Sinistcha|[spread] p2a\n|-activate|p2b: Sinistcha|move: Protect\n|-immune|p1a: Noivern\n|-damage|p2a: Garchomp|0 fnt\n|faint|p2a: Garchomp\n|\n|-sideend|p1: SDLT LucaIaria63|move: Tailwind\n|upkeep\n|\n|t:|1776722304\n|switch|p2a: Greninja|Greninja-Mega, L50, M|58/100\n|turn|6\n|\n|t:|1776722313\n|move|p2a: Greninja|Dark Pulse|p1a: Noivern\n|-start|p2a: Greninja|typechange|Dark|[from] ability: Protean\n|-damage|p1a: Noivern|0 fnt\n|faint|p1a: Noivern\n|move|p1b: Garchomp|Earthquake|p2a: Greninja|[spread] p2a,p2b\n|-resisted|p2b: Sinistcha|1\n|-crit|p2b: Sinistcha\n|-damage|p2a: Greninja|0 fnt\n|-damage|p2b: Sinistcha|37/100\n|faint|p2a: Greninja\n|move|p2b: Sinistcha|Matcha Gotcha|p1b: Garchomp\n|-damage|p1b: Garchomp|71/100\n|-heal|p2b: Sinistcha|55/100|[from] drain|[of] p1b: Garchomp\n|\n|upkeep\n|-message|Monkey D ruuluu forfeited.\n|\n|win|SDLT LucaIaria63\n|raw|SDLT LucaIaria63's rating: 1164 &rarr; <strong>1196</strong><br />(+32 for winning)\n|raw|Monkey D ruuluu's rating: 1263 &rarr; <strong>1231</strong><br />(-32 for losing)\n|l|\u2606Monkey D ruuluu\n|player|p2|\n",
  "uploadtime": 1776722320,
  "views": 3,
  "formatid": "gen9championsvgc2026regma",
  "rating": 1196,
  "private": 0,
  "password": null
}