{
  "id": "gen9championsvgc2026regma-2581130486",
  "format": "[Gen 9 Champions] VGC 2026 Reg M-A",
  "players": [
    "Smile expression",
    "airi love"
  ],
  "log": "|j|\u2606Smile expression\n|j|\u2606airi love\n|t:|1775962800\n|gametype|doubles\n|player|p1|Smile expression|lucas|1211\n|player|p2|airi love|lyra|1298\n|gen|9\n|tier|[Gen 9 Champions] VGC 2026 Reg M-A\n|rated|\n|rule|Species Clause: Limit one of each Pok\u00e9mon\n|rule|Item Clause: Limit 1 of each item\n|clearpoke\n|poke|p1|Charizard, L50, F|\n|poke|p1|Incineroar, L50, M|\n|poke|p1|Whimsicott, L50, F|\n|poke|p1|Garchomp, L50, F|\n|poke|p1|Rotom-Wash, L50|\n|poke|p1|Sneasler, L50, M|\n|poke|p2|Reuniclus, L50, M|\n|poke|p2|Kangaskhan, L50, F|\n|poke|p2|Incineroar, L50, F|\n|poke|p2|Sylveon, L50, M|\n|poke|p2|Torkoal, L50, F|\n|poke|p2|Milotic, L50, F|\n|teampreview|4\n|inactive|Battle timer is ON: inactive players will automatically lose when time's up. (requested by airi love)\n|inactive|Smile expression has 60 seconds left.\n|inactive|airi love has 60 seconds left.\n|inactive|Smile expression has 30 seconds left.\n|inactive|Smile expression has 20 seconds left.\n|inactive|Smile expression has 15 seconds left.\n|\n|t:|1775962880\n|teamsize|p1|4\n|teamsize|p2|4\n|start\n|switch|p1a: Garchomp|Garchomp, L50, F|100/100\n|switch|p1b: Sneasler|Sneasler, L50, M, shiny|100/100\n|switch|p2a: Reuniclus|Reuniclus, L50, M|100/100\n|switch|p2b: Kangaskhan|Kangaskhan, L50, F|100/100\n|turn|1\n|inactive|Smile expression has 30 seconds left.\n|\n|t:|1775962906\n|switch|p2b: Incineroar|Incineroar, L50, F|100/100\n|-ability|p2b: Incineroar|Intimidate|boost\n|-unboost|p1a: Garchomp|atk|1\n|-unboost|p1b: Sneasler|atk|1\n|-enditem|p1b: Sneasler|White Herb\n|-clearnegativeboost|p1b: Sneasler|[silent]\n|move|p2a: Reuniclus|Protect|p2a: Reuniclus\n|-singleturn|p2a: Reuniclus|Protect\n|move|p1b: Sneasler|Fake Out|p2a: Reuniclus\n|-activate|p2a: Reuniclus|move: Protect\n|move|p1a: Garchomp|Rock Slide|p2b: Incineroar|[spread] \n|-activate|p2a: Reuniclus|move: Protect\n|-miss|p1a: Garchomp|p2b: Incineroar\n|\n|upkeep\n|turn|2\n|inactive|Smile expression has 30 seconds left.\n|inactive|airi love has 30 seconds left.\n|inactive|Smile expression has 20 seconds left.\n|inactive|Smile expression has 15 seconds left.\n|\n|t:|1775962946\n|move|p1b: Sneasler|Close Combat|p2b: Incineroar\n|-supereffective|p2b: Incineroar|1\n|-enditem|p2b: Incineroar|Chople Berry|[eat]\n|-enditem|p2b: Incineroar|Chople Berry|[weaken]\n|-damage|p2b: Incineroar|47/100\n|-unboost|p1b: Sneasler|def|1\n|-unboost|p1b: Sneasler|spd|1\n|move|p1a: Garchomp|Rock Slide|p2b: Incineroar|[spread] p2a,p2b\n|-supereffective|p2b: Incineroar|1\n|-damage|p2a: Reuniclus|87/100\n|-damage|p2b: Incineroar|20/100\n|move|p2b: Incineroar|Parting Shot|p1a: Garchomp\n|-unboost|p1a: Garchomp|atk|1\n|-unboost|p1a: Garchomp|spa|1\n|\n|t:|1775962961\n|switch|p2b: Sylveon|Sylveon, L50, M|100/100|[from] Parting Shot\n|cant|p2a: Reuniclus|flinch\n|\n|upkeep\n|turn|3\n|inactive|Smile expression has 30 seconds left.\n|\n|t:|1775962986\n|move|p2b: Sylveon|Protect|p2b: Sylveon\n|-singleturn|p2b: Sylveon|Protect\n|move|p1b: Sneasler|Dire Claw|p2b: Sylveon\n|-activate|p2b: Sylveon|move: Protect\n|move|p1a: Garchomp|Rock Slide|p2b: Sylveon|[spread] p2a\n|-activate|p2b: Sylveon|move: Protect\n|-damage|p2a: Reuniclus|76/100\n|move|p2a: Reuniclus|Trick Room|p2a: Reuniclus\n|-fieldstart|move: Trick Room|[of] p2a: Reuniclus\n|\n|upkeep\n|turn|4\n|\n|t:|1775963006\n|switch|p1a: Incineroar|Incineroar, L50, M, shiny|100/100\n|-ability|p1a: Incineroar|Intimidate|boost\n|-unboost|p2a: Reuniclus|atk|1\n|-unboost|p2b: Sylveon|atk|1\n|move|p1b: Sneasler|Protect|p1b: Sneasler\n|-singleturn|p1b: Sneasler|Protect\n|move|p2a: Reuniclus|Psychic|p1b: Sneasler\n|-activate|p1b: Sneasler|move: Protect\n|move|p2b: Sylveon|Hyper Voice|p1b: Sneasler|[spread] p1a\n|-activate|p1b: Sneasler|move: Protect\n|-damage|p1a: Incineroar|48/100\n|-enditem|p1a: Incineroar|Sitrus Berry|[eat]\n|-heal|p1a: Incineroar|73/100|[from] item: Sitrus Berry\n|\n|upkeep\n|turn|5\n|\n|t:|1775963025\n|move|p1a: Incineroar|Fake Out|p2a: Reuniclus\n|-damage|p2a: Reuniclus|65/100\n|cant|p2a: Reuniclus|flinch\n|move|p2b: Sylveon|Hyper Beam|p1b: Sneasler\n|-damage|p1b: Sneasler|0 fnt\n|-mustrecharge|p2b: Sylveon\n|faint|p1b: Sneasler\n|\n|upkeep\n|\n|t:|1775963038\n|switch|p1b: Charizard|Charizard, L50, F, shiny|100/100\n|turn|6\n|\n|t:|1775963048\n|switch|p2a: Incineroar|Incineroar, L50, F|20/100\n|-ability|p2a: Incineroar|Intimidate|boost\n|-unboost|p1a: Incineroar|atk|1\n|-unboost|p1b: Charizard|atk|1\n|detailschange|p1b: Charizard|Charizard-Mega-Y, L50, F, shiny\n|-mega|p1b: Charizard|Charizard|Charizardite Y\n|-weather|SunnyDay|[from] ability: Drought|[of] p1b: Charizard\n|move|p1b: Charizard|Protect|p1b: Charizard\n|-singleturn|p1b: Charizard|Protect\n|cant|p2b: Sylveon|recharge\n|move|p1a: Incineroar|Snarl|p2a: Incineroar|[spread] p2a,p2b\n|-resisted|p2a: Incineroar|1\n|-crit|p2a: Incineroar\n|-resisted|p2b: Sylveon|1\n|-damage|p2a: Incineroar|14/100\n|-damage|p2b: Sylveon|96/100\n|-unboost|p2a: Incineroar|spa|1\n|-unboost|p2b: Sylveon|spa|1\n|\n|-weather|SunnyDay|[upkeep]\n|upkeep\n|turn|7\n|inactive|airi love has 30 seconds left.\n|\n|t:|1775963079\n|move|p2a: Incineroar|Parting Shot|p1b: Charizard\n|-unboost|p1b: Charizard|atk|1\n|-unboost|p1b: Charizard|spa|1\n|\n|t:|1775963083\n|switch|p2a: Kangaskhan|Kangaskhan, L50, F|100/100|[from] Parting Shot\n|move|p2b: Sylveon|Mystical Fire|p1b: Charizard\n|-resisted|p1b: Charizard|1\n|-damage|p1b: Charizard|90/100\n|-unboost|p1b: Charizard|spa|1\n|move|p1a: Incineroar|Snarl|p2a: Kangaskhan|[spread] p2a,p2b\n|-resisted|p2b: Sylveon|1\n|-damage|p2a: Kangaskhan|90/100\n|-damage|p2b: Sylveon|93/100\n|-unboost|p2a: Kangaskhan|spa|1\n|-unboost|p2b: Sylveon|spa|1\n|move|p1b: Charizard|Heat Wave|p2a: Kangaskhan|[spread] p2a,p2b\n|-crit|p2a: Kangaskhan\n|-damage|p2a: Kangaskhan|0 fnt\n|-damage|p2b: Sylveon|71/100\n|faint|p2a: Kangaskhan\n|\n|-weather|SunnyDay|[upkeep]\n|-fieldend|move: Trick Room\n|upkeep\n|\n|t:|1775963103\n|switch|p2a: Reuniclus|Reuniclus, L50, M|98/100\n|turn|8\n|\n|t:|1775963120\n|switch|p1b: Garchomp|Garchomp, L50, F|100/100\n|move|p1a: Incineroar|Snarl|p2b: Sylveon|[spread] p2a,p2b\n|-supereffective|p2a: Reuniclus|1\n|-resisted|p2b: Sylveon|1\n|-damage|p2a: Reuniclus|78/100\n|-damage|p2b: Sylveon|68/100\n|-unboost|p2a: Reuniclus|spa|1\n|-unboost|p2b: Sylveon|spa|1\n|move|p2b: Sylveon|Hyper Voice|p1a: Incineroar|[spread] p1a,p1b\n|-supereffective|p1b: Garchomp|1\n|-damage|p1a: Incineroar|52/100\n|-damage|p1b: Garchomp|58/100\n|move|p2a: Reuniclus|Trick Room|p2a: Reuniclus\n|-fieldstart|move: Trick Room|[of] p2a: Reuniclus\n|\n|-weather|SunnyDay|[upkeep]\n|upkeep\n|turn|9\n|inactive|airi love has 30 seconds left.\n|\n|t:|1775963151\n|switch|p2a: Incineroar|Incineroar, L50, F|14/100\n|-ability|p2a: Incineroar|Intimidate|boost\n|-unboost|p1a: Incineroar|atk|1\n|-unboost|p1b: Garchomp|atk|1\n|move|p2b: Sylveon|Hyper Voice|p1b: Garchomp|[spread] p1a,p1b\n|-supereffective|p1b: Garchomp|1\n|-damage|p1a: Incineroar|32/100\n|-damage|p1b: Garchomp|15/100\n|move|p1a: Incineroar|Snarl|p2a: Incineroar|[spread] p2a,p2b\n|-resisted|p2a: Incineroar|1\n|-resisted|p2b: Sylveon|1\n|-damage|p2a: Incineroar|9/100\n|-damage|p2b: Sylveon|64/100\n|-unboost|p2a: Incineroar|spa|1\n|-unboost|p2b: Sylveon|spa|1\n|move|p1b: Garchomp|Rock Slide|p2b: Sylveon|[spread] p2a,p2b\n|-supereffective|p2a: Incineroar|1\n|-damage|p2a: Incineroar|0 fnt\n|-damage|p2b: Sylveon|46/100\n|faint|p2a: Incineroar\n|\n|-weather|SunnyDay|[upkeep]\n|upkeep\n|\n|t:|1775963159\n|switch|p2a: Reuniclus|Reuniclus, L50, M|100/100\n|turn|10\n|\n|t:|1775963177\n|move|p2a: Reuniclus|Focus Blast|p1a: Incineroar\n|-supereffective|p1a: Incineroar|1\n|-damage|p1a: Incineroar|0 fnt\n|faint|p1a: Incineroar\n|move|p2b: Sylveon|Hyper Voice|p1b: Garchomp\n|-supereffective|p1b: Garchomp|1\n|-damage|p1b: Garchomp|0 fnt\n|faint|p1b: Garchomp\n|\n|-weather|none\n|upkeep\n|\n|t:|1775963188\n|switch|p1a: Charizard|Charizard-Mega-Y, L50, F, shiny|90/100\n|-weather|SunnyDay|[from] ability: Drought|[of] p1a: Charizard\n|turn|11\n|\n|t:|1775963207\n|move|p2a: Reuniclus|Psychic|p1a: Charizard\n|-damage|p1a: Charizard|47/100\n|move|p2b: Sylveon|Mystical Fire|p1a: Charizard\n|-resisted|p1a: Charizard|1\n|-damage|p1a: Charizard|40/100\n|-unboost|p1a: Charizard|spa|1\n|move|p1a: Charizard|Heat Wave|p2b: Sylveon|[spread] p2b\n|-miss|p1a: Charizard|p2a: Reuniclus\n|-damage|p2b: Sylveon|15/100\n|\n|-weather|SunnyDay|[upkeep]\n|upkeep\n|turn|12\n|-message|Smile expression forfeited.\n|\n|win|airi love\n|raw|Smile expression's rating: 1211 &rarr; <strong>1192</strong><br />(-19 for losing)\n|raw|airi love's rating: 1298 &rarr; <strong>1317</strong><br />(+19 for winning)\n|l|\u2606Smile expression\n|player|p1|\n",
  "uploadtime": 1775963227,
  "views": 18,
  "formatid": "gen9championsvgc2026regma",
  "rating": 1192,
  "private": 0,
  "password": null
}