{
  "id": "gen9championsvgc2026regma-2585689278",
  "format": "[Gen 9 Champions] VGC 2026 Reg M-A",
  "players": [
    "Jeanmixed",
    "isabellissima"
  ],
  "log": "|j|\u2606Jeanmixed\n|j|\u2606isabellissima\n|t:|1776363905\n|gametype|doubles\n|player|p1|Jeanmixed|biker|1172\n|player|p2|isabellissima|2|1133\n|gen|9\n|tier|[Gen 9 Champions] VGC 2026 Reg M-A\n|rated|\n|rule|Species Clause: Limit one of each Pok\u00e9mon\n|rule|Item Clause: Limit 1 of each item\n|clearpoke\n|poke|p1|Venusaur, L50, F|\n|poke|p1|Incineroar, L50, F|\n|poke|p1|Milotic, L50, F|\n|poke|p1|Tyranitar, L50, M|\n|poke|p1|Lycanroc-Dusk, L50, M|\n|poke|p1|Scizor, L50, M|\n|poke|p2|Incineroar, L50, F|\n|poke|p2|Gengar, L50, M|\n|poke|p2|Sneasler, L50, F|\n|poke|p2|Maushold-Four, L50|\n|poke|p2|Kommo-o, L50, F|\n|poke|p2|Politoed, L50, M|\n|teampreview|4\n|inactive|Battle timer is ON: inactive players will automatically lose when time's up. (requested by isabellissima)\n|inactive|isabellissima has 60 seconds left.\n|\n|t:|1776363962\n|teamsize|p1|4\n|teamsize|p2|4\n|start\n|switch|p1a: Milotic|Milotic, L50, F|100/100\n|switch|p1b: Venusaur|Venusaur, L50, F, shiny|100/100\n|switch|p2a: Incineroar|Incineroar, L50, F, shiny|100/100\n|switch|p2b: Gengar|Gengar, L50, M, shiny|100/100\n|-ability|p2a: Incineroar|Intimidate|boost\n|-unboost|p1a: Milotic|atk|1\n|-ability|p1a: Milotic|Competitive|boost\n|-boost|p1a: Milotic|spa|2\n|-unboost|p1b: Venusaur|atk|1\n|turn|1\n|\n|t:|1776363979\n|detailschange|p2b: Gengar|Gengar-Mega, L50, M, shiny\n|-mega|p2b: Gengar|Gengar|Gengarite\n|detailschange|p1b: Venusaur|Venusaur-Mega, L50, F, shiny\n|-mega|p1b: Venusaur|Venusaur|Venusaurite\n|move|p2a: Incineroar|Fake Out|p1a: Milotic\n|-damage|p1a: Milotic|89/100\n|move|p2b: Gengar|Perish Song|p2b: Gengar\n|-start|p1a: Milotic|perish3|[silent]\n|-start|p1b: Venusaur|perish3|[silent]\n|-start|p2a: Incineroar|perish3|[silent]\n|-start|p2b: Gengar|perish3|[silent]\n|-fieldactivate|move: Perish Song\n|cant|p1a: Milotic|flinch\n|move|p1b: Venusaur|Earth Power|p2b: Gengar\n|-supereffective|p2b: Gengar|1\n|-damage|p2b: Gengar|33/100\n|\n|-heal|p1a: Milotic|95/100|[from] item: Leftovers\n|-start|p2b: Gengar|perish3\n|-start|p1a: Milotic|perish3\n|-start|p1b: Venusaur|perish3\n|-start|p2a: Incineroar|perish3\n|upkeep\n|turn|2\n|inactive|Jeanmixed has 30 seconds left.\n|\n|t:|1776364011\n|move|p2b: Gengar|Protect|p2b: Gengar\n|-singleturn|p2b: Gengar|Protect\n|move|p2a: Incineroar|Protect|p2a: Incineroar\n|-singleturn|p2a: Incineroar|Protect\n|move|p1a: Milotic|Scald|p2a: Incineroar\n|-activate|p2a: Incineroar|move: Protect\n|move|p1b: Venusaur|Earth Power|p2a: Incineroar\n|-activate|p2a: Incineroar|move: Protect\n|\n|-heal|p1a: Milotic|100/100|[from] item: Leftovers\n|-start|p2b: Gengar|perish2\n|-start|p1a: Milotic|perish2\n|-start|p1b: Venusaur|perish2\n|-start|p2a: Incineroar|perish2\n|upkeep\n|turn|3\n|inactive|Jeanmixed has 30 seconds left.\n|\n|t:|1776364040\n|switch|p2b: Politoed|Politoed, L50, M, shiny|100/100\n|-weather|RainDance|[from] ability: Drizzle|[of] p2b: Politoed\n|move|p1a: Milotic|Scald|p2a: Incineroar\n|-supereffective|p2a: Incineroar|1\n|-damage|p2a: Incineroar|0 fnt\n|faint|p2a: Incineroar\n|move|p1b: Venusaur|Earth Power|p2b: Politoed\n|-damage|p2b: Politoed|76/100\n|\n|-weather|RainDance|[upkeep]\n|-heal|p2b: Politoed|82/100|[from] item: Leftovers\n|-start|p1a: Milotic|perish1\n|-start|p1b: Venusaur|perish1\n|upkeep\n|\n|t:|1776364053\n|switch|p2a: Gengar|Gengar-Mega, L50, M, shiny|33/100\n|turn|4\n|\n|t:|1776364070\n|move|p2a: Gengar|Protect|p2a: Gengar\n|-singleturn|p2a: Gengar|Protect\n|move|p2b: Politoed|Protect|p2b: Politoed\n|-singleturn|p2b: Politoed|Protect\n|move|p1a: Milotic|Ice Beam|p2a: Gengar\n|-activate|p2a: Gengar|move: Protect\n|move|p1b: Venusaur|Giga Drain|p2b: Politoed\n|-activate|p2b: Politoed|move: Protect\n|\n|-weather|RainDance|[upkeep]\n|-heal|p2b: Politoed|88/100|[from] item: Leftovers\n|-start|p1a: Milotic|perish0\n|-start|p1b: Venusaur|perish0\n|faint|p1a: Milotic\n|faint|p1b: Venusaur\n|upkeep\n|\n|t:|1776364089\n|switch|p1a: Tyranitar|Tyranitar, L50, M|100/100\n|switch|p1b: Lycanroc|Lycanroc-Dusk, L50, M|100/100\n|-weather|Sandstorm|[from] ability: Sand Stream|[of] p1a: Tyranitar\n|turn|5\n|\n|t:|1776364108\n|switch|p2b: Sneasler|Sneasler, L50, F|100/100\n|move|p1b: Lycanroc|Psychic Fangs|p2a: Gengar\n|-supereffective|p2a: Gengar|1\n|-damage|p2a: Gengar|0 fnt\n|faint|p2a: Gengar\n|move|p1a: Tyranitar|Knock Off|p2b: Sneasler\n|-resisted|p2b: Sneasler|1\n|-damage|p2b: Sneasler|56/100\n|-enditem|p2b: Sneasler|White Herb|[from] move: Knock Off|[of] p1a: Tyranitar\n|\n|-weather|Sandstorm|[upkeep]\n|-damage|p2b: Sneasler|50/100|[from] Sandstorm\n|upkeep\n|\n|t:|1776364119\n|switch|p2a: Politoed|Politoed, L50, M, shiny|88/100\n|-weather|RainDance|[from] ability: Drizzle|[of] p2a: Politoed\n|turn|6\n|\n|t:|1776364126\n|move|p1b: Lycanroc|Protect|p1b: Lycanroc\n|-singleturn|p1b: Lycanroc|Protect\n|move|p1a: Tyranitar|Protect|p1a: Tyranitar\n|-singleturn|p1a: Tyranitar|Protect\n|move|p2b: Sneasler|Close Combat|p1a: Tyranitar\n|-activate|p1a: Tyranitar|move: Protect\n|move|p2a: Politoed|Weather Ball|p1a: Tyranitar\n|-activate|p1a: Tyranitar|move: Protect\n|\n|-weather|RainDance|[upkeep]\n|-heal|p2a: Politoed|94/100|[from] item: Leftovers\n|upkeep\n|turn|7\n|\n|t:|1776364151\n|move|p2b: Sneasler|Close Combat|p1a: Tyranitar\n|-supereffective|p1a: Tyranitar|2\n|-damage|p1a: Tyranitar|0 fnt\n|-unboost|p2b: Sneasler|def|1\n|-unboost|p2b: Sneasler|spd|1\n|faint|p1a: Tyranitar\n|move|p1b: Lycanroc|Psychic Fangs|p2b: Sneasler\n|-supereffective|p2b: Sneasler|2\n|-damage|p2b: Sneasler|0 fnt\n|faint|p2b: Sneasler\n|move|p2a: Politoed|Weather Ball|p1b: Lycanroc\n|-supereffective|p1b: Lycanroc|1\n|-enditem|p1b: Lycanroc|Focus Sash\n|-damage|p1b: Lycanroc|1/100\n|\n|-weather|RainDance|[upkeep]\n|-heal|p2a: Politoed|99/100|[from] item: Leftovers\n|upkeep\n|turn|8\n|\n|t:|1776364172\n|move|p2a: Politoed|Protect|p2a: Politoed\n|-singleturn|p2a: Politoed|Protect\n|move|p1b: Lycanroc|Rock Slide|p2a: Politoed\n|-activate|p2a: Politoed|move: Protect\n|\n|-weather|RainDance|[upkeep]\n|-heal|p2a: Politoed|100/100|[from] item: Leftovers\n|upkeep\n|turn|9\n|\n|t:|1776364179\n|move|p1b: Lycanroc|Rock Slide|p2a: Politoed\n|-damage|p2a: Politoed|72/100\n|move|p2a: Politoed|Weather Ball|p1b: Lycanroc\n|-supereffective|p1b: Lycanroc|1\n|-damage|p1b: Lycanroc|0 fnt\n|faint|p1b: Lycanroc\n|\n|win|isabellissima\n|raw|Jeanmixed's rating: 1172 &rarr; <strong>1144</strong><br />(-28 for losing)\n|raw|isabellissima's rating: 1133 &rarr; <strong>1161</strong><br />(+28 for winning)\n",
  "uploadtime": 1776364182,
  "views": 43,
  "formatid": "gen9championsvgc2026regma",
  "rating": 1144,
  "private": 0,
  "password": null
}