{
  "id": "gen9championsvgc2026regma-2585644862",
  "format": "[Gen 9 Champions] VGC 2026 Reg M-A",
  "players": [
    "jacrepid",
    "qwersedtfyui"
  ],
  "log": "|j|\u2606jacrepid\n|j|\u2606qwersedtfyui\n|t:|1776360921\n|gametype|doubles\n|player|p1|jacrepid|acetrainer-gen4dp|1100\n|player|p2|qwersedtfyui|169|1028\n|gen|9\n|tier|[Gen 9 Champions] VGC 2026 Reg M-A\n|rated|\n|rule|Species Clause: Limit one of each Pok\u00e9mon\n|rule|Item Clause: Limit 1 of each item\n|clearpoke\n|poke|p1|Floette-Eternal, L50, F|\n|poke|p1|Garchomp, L50, F|\n|poke|p1|Charizard, L50, F|\n|poke|p1|Sneasler, L50, F|\n|poke|p1|Whimsicott, L50, M|\n|poke|p1|Incineroar, L50, F|\n|poke|p2|Froslass, L50, F|\n|poke|p2|Sneasler, L50, M|\n|poke|p2|Clefable, L50, F|\n|poke|p2|Talonflame, L50, F|\n|poke|p2|Tyranitar, L50, F|\n|poke|p2|Excadrill, L50, F|\n|teampreview|4\n|\n|t:|1776360971\n|teamsize|p1|4\n|teamsize|p2|4\n|start\n|switch|p1a: Garchomp|Garchomp, L50, F|100/100\n|switch|p1b: Sneasler|Sneasler, L50, F|100/100\n|switch|p2a: Excadrill|Excadrill, L50, F|100/100\n|switch|p2b: Sneasler|Sneasler, L50, M|100/100\n|turn|1\n|\n|t:|1776360999\n|move|p1b: Sneasler|Protect|p1b: Sneasler\n|-singleturn|p1b: Sneasler|Protect\n|move|p2a: Excadrill|Protect|p2a: Excadrill\n|-singleturn|p2a: Excadrill|Protect\n|move|p2b: Sneasler|Fake Out|p1b: Sneasler\n|-activate|p1b: Sneasler|move: Protect\n|move|p1a: Garchomp|Earthquake|p2a: Excadrill|[spread] p2b\n|-activate|p1b: Sneasler|move: Protect\n|-activate|p2a: Excadrill|move: Protect\n|-supereffective|p2b: Sneasler|1\n|-damage|p2b: Sneasler|0 fnt\n|faint|p2b: Sneasler\n|\n|upkeep\n|\n|t:|1776361015\n|switch|p2b: Clefable|Clefable, L50, F|100/100\n|turn|2\n|\n|t:|1776361027\n|detailschange|p2a: Excadrill|Excadrill-Mega, L50, F\n|-mega|p2a: Excadrill|Excadrill|Excadrite\n|move|p2b: Clefable|Helping Hand|p2a: Excadrill\n|-singleturn|p2a: Excadrill|Helping Hand|[of] p2b: Clefable\n|move|p1a: Garchomp|Earthquake|p2a: Excadrill|[spread] p1b,p2a,p2b\n|-supereffective|p1b: Sneasler|1\n|-supereffective|p2a: Excadrill|1\n|-damage|p1b: Sneasler|0 fnt\n|-damage|p2a: Excadrill|23/100\n|-damage|p2b: Clefable|66/100\n|faint|p1b: Sneasler\n|move|p2a: Excadrill|Earthquake|p1a: Garchomp|[spread] p2b,p1a\n|-crit|p1a: Garchomp\n|-damage|p2b: Clefable|10/100\n|-damage|p1a: Garchomp|0 fnt\n|-enditem|p2b: Clefable|Sitrus Berry|[eat]\n|-heal|p2b: Clefable|35/100|[from] item: Sitrus Berry\n|faint|p1a: Garchomp\n|\n|upkeep\n|\n|t:|1776361037\n|switch|p1b: Whimsicott|Whimsicott, L50, M|100/100\n|switch|p1a: Charizard|Charizard, L50, F|100/100\n|turn|3\n|\n|t:|1776361055\n|switch|p2a: Tyranitar|Tyranitar, L50, F|100/100\n|-weather|Sandstorm|[from] ability: Sand Stream|[of] p2a: Tyranitar\n|detailschange|p1a: Charizard|Charizard-Mega-Y, L50, F\n|-mega|p1a: Charizard|Charizard|Charizardite Y\n|-weather|SunnyDay|[from] ability: Drought|[of] p1a: Charizard\n|move|p1b: Whimsicott|Encore|p2a: Tyranitar\n|-hint|Since gen 7, Dark is immune to Prankster moves.\n|-immune|p2a: Tyranitar\n|move|p1a: Charizard|Heat Wave|p2b: Clefable|[spread] p2a,p2b\n|-resisted|p2a: Tyranitar|1\n|-damage|p2a: Tyranitar|73/100\n|-damage|p2b: Clefable|0 fnt\n|faint|p2b: Clefable\n|\n|-weather|SunnyDay|[upkeep]\n|-heal|p2a: Tyranitar|79/100|[from] item: Leftovers\n|upkeep\n|\n|t:|1776361069\n|switch|p2b: Excadrill|Excadrill-Mega, L50, F|23/100\n|turn|4\n|\n|t:|1776361075\n|move|p1b: Whimsicott|Tailwind|p1b: Whimsicott\n|-sidestart|p1: jacrepid|move: Tailwind\n|move|p1a: Charizard|Heat Wave|p2a: Tyranitar|[spread] p2a,p2b\n|-resisted|p2a: Tyranitar|1\n|-supereffective|p2b: Excadrill|1\n|-damage|p2a: Tyranitar|53/100\n|-damage|p2b: Excadrill|0 fnt\n|faint|p2b: Excadrill\n|move|p2a: Tyranitar|Rock Slide|p1a: Charizard|[spread] p1a,p1b\n|-supereffective|p1a: Charizard|2\n|-crit|p1a: Charizard\n|-damage|p1a: Charizard|0 fnt\n|-damage|p1b: Whimsicott|61/100\n|faint|p1a: Charizard\n|\n|-weather|SunnyDay|[upkeep]\n|-heal|p2a: Tyranitar|59/100|[from] item: Leftovers\n|upkeep\n|turn|5\n|\n|t:|1776361096\n|move|p1b: Whimsicott|Moonblast|p2a: Tyranitar\n|-supereffective|p2a: Tyranitar|1\n|-damage|p2a: Tyranitar|8/100\n|-unboost|p2a: Tyranitar|spa|1\n|move|p2a: Tyranitar|Rock Slide|p1b: Whimsicott\n|-damage|p1b: Whimsicott|10/100\n|\n|-weather|SunnyDay|[upkeep]\n|-heal|p2a: Tyranitar|14/100|[from] item: Leftovers\n|upkeep\n|turn|6\n|\n|t:|1776361105\n|move|p1b: Whimsicott|Moonblast|p2a: Tyranitar\n|-supereffective|p2a: Tyranitar|1\n|-damage|p2a: Tyranitar|0 fnt\n|faint|p2a: Tyranitar\n|\n|win|jacrepid\n|raw|jacrepid's rating: 1100 &rarr; <strong>1120</strong><br />(+20 for winning)\n|raw|qwersedtfyui's rating: 1028 &rarr; <strong>1017</strong><br />(-11 for losing)\n",
  "uploadtime": 1776361105,
  "views": 14,
  "formatid": "gen9championsvgc2026regma",
  "rating": 1017,
  "private": 0,
  "password": null
}