{
  "id": "gen9championsvgc2026regma-2587211525",
  "format": "[Gen 9 Champions] VGC 2026 Reg M-A",
  "players": [
    "EpicPedros",
    "Laroo"
  ],
  "log": "|j|\u2606EpicPedros\n|j|\u2606Laroo\n|t:|1776509540\n|gametype|doubles\n|player|p1|EpicPedros|steven|1020\n|player|p2|Laroo|102|1085\n|gen|9\n|tier|[Gen 9 Champions] VGC 2026 Reg M-A\n|rated|\n|rule|Species Clause: Limit one of each Pok\u00e9mon\n|rule|Item Clause: Limit 1 of each item\n|clearpoke\n|poke|p1|Arcanine, L50, M|\n|poke|p1|Maushold-Four, L50|\n|poke|p1|Froslass, L50, F|\n|poke|p1|Crabominable, L50, M|\n|poke|p1|Whimsicott, L50, F|\n|poke|p1|Gallade, L50, M|\n|poke|p2|Oranguru, L50, M|\n|poke|p2|Avalugg-Hisui, L50, F|\n|poke|p2|Slowking-Galar, L50, M|\n|poke|p2|Crabominable, L50, M|\n|poke|p2|Sneasler, L50, F|\n|poke|p2|Heliolisk, L50, M|\n|teampreview|4\n|inactive|Battle timer is ON: inactive players will automatically lose when time's up. (requested by EpicPedros)\n|\n|t:|1776509591\n|teamsize|p1|4\n|teamsize|p2|4\n|start\n|switch|p1a: Maushold|Maushold-Four, L50|100/100\n|switch|p1b: Arcanine|Arcanine, L50, M|100/100\n|switch|p2a: Sneasler|Sneasler, L50, F|100/100\n|switch|p2b: Oranguru|Oranguru, L50, M|100/100\n|turn|1\n|inactive|Laroo has 30 seconds left.\n|inactive|Laroo has 20 seconds left.\n|inactive|EpicPedros has 30 seconds left.\n|inactive|Laroo has 15 seconds left.\n|inactive|Laroo has 10 seconds left.\n|inactive|Laroo has 5 seconds left.\n|\n|t:|1776509643\n|move|p2a: Sneasler|Close Combat|p1a: Maushold\n|-supereffective|p1a: Maushold|1\n|-enditem|p1a: Maushold|Chople Berry|[eat]\n|-enditem|p1a: Maushold|Chople Berry|[weaken]\n|-damage|p1a: Maushold|22/100\n|-unboost|p2a: Sneasler|def|1\n|-unboost|p2a: Sneasler|spd|1\n|-enditem|p2a: Sneasler|White Herb\n|-clearnegativeboost|p2a: Sneasler|[silent]\n|move|p1a: Maushold|Encore|p2a: Sneasler\n|-start|p2a: Sneasler|Encore\n|move|p1b: Arcanine|Crunch|p2b: Oranguru\n|-supereffective|p2b: Oranguru|1\n|-damage|p2b: Oranguru|52/100\n|move|p2b: Oranguru|Trick Room|p2b: Oranguru\n|-fieldstart|move: Trick Room|[of] p2b: Oranguru\n|\n|upkeep\n|turn|2\n|inactive|Laroo has 30 seconds left.\n|\n|t:|1776509676\n|switch|p2a: Crabominable|Crabominable, L50, M|100/100\n|move|p2b: Oranguru|Psychic Noise|p1a: Maushold\n|-damage|p1a: Maushold|0 fnt\n|faint|p1a: Maushold\n|move|p1b: Arcanine|Crunch|p2b: Oranguru\n|-supereffective|p2b: Oranguru|1\n|-damage|p2b: Oranguru|0 fnt\n|faint|p2b: Oranguru\n|\n|upkeep\n|\n|t:|1776509688\n|switch|p2b: Slowking|Slowking-Galar, L50, M|100/100\n|switch|p1a: Gallade|Gallade, L50, M|100/100\n|turn|3\n|\n|t:|1776509705\n|detailschange|p2a: Crabominable|Crabominable-Mega, L50, M\n|-mega|p2a: Crabominable|Crabominable|Crabominite\n|detailschange|p1a: Gallade|Gallade-Mega, L50, M\n|-mega|p1a: Gallade|Gallade|Galladite\n|move|p2b: Slowking|Sludge Bomb|p1b: Arcanine\n|-damage|p1b: Arcanine|50/100\n|-enditem|p1b: Arcanine|Sitrus Berry|[eat]\n|-heal|p1b: Arcanine|75/100|[from] item: Sitrus Berry\n|move|p2a: Crabominable|Ice Hammer|p1a: Gallade\n|-damage|p1a: Gallade|4/100\n|-unboost|p2a: Crabominable|spe|1\n|move|p1b: Arcanine|Crunch|p2b: Slowking\n|-supereffective|p2b: Slowking|1\n|-enditem|p2b: Slowking|Colbur Berry|[eat]\n|-enditem|p2b: Slowking|Colbur Berry|[weaken]\n|-damage|p2b: Slowking|70/100\n|-unboost|p2b: Slowking|def|1\n|move|p1a: Gallade|Drain Punch|p2a: Crabominable\n|-supereffective|p2a: Crabominable|1\n|-damage|p2a: Crabominable|33/100\n|-heal|p1a: Gallade|52/100|[from] drain|[of] p2a: Crabominable\n|\n|upkeep\n|turn|4\n|inactive|EpicPedros has 30 seconds left.\n|inactive|Laroo has 30 seconds left.\n|\n|t:|1776509738\n|move|p1b: Arcanine|Extreme Speed|p2a: Crabominable\n|-damage|p2a: Crabominable|14/100\n|move|p2a: Crabominable|Ice Hammer|p1a: Gallade\n|-damage|p1a: Gallade|0 fnt\n|-unboost|p2a: Crabominable|spe|1\n|faint|p1a: Gallade\n|move|p2b: Slowking|Sludge Bomb|p1b: Arcanine\n|-damage|p1b: Arcanine|15/100\n|\n|upkeep\n|\n|t:|1776509744\n|switch|p1a: Whimsicott|Whimsicott, L50, F|100/100\n|turn|5\n|inactive|Laroo has 30 seconds left.\n|inactive|Laroo has 20 seconds left.\n|\n|t:|1776509780\n|move|p2a: Crabominable|Protect|p2a: Crabominable\n|-singleturn|p2a: Crabominable|Protect\n|move|p2b: Slowking|Sludge Bomb|p1a: Whimsicott|[miss]\n|-miss|p2b: Slowking|p1a: Whimsicott\n|move|p1a: Whimsicott|Dazzling Gleam|p2b: Slowking|[spread] p2b\n|-activate|p2a: Crabominable|move: Protect\n|-resisted|p2b: Slowking|1\n|-damage|p2b: Slowking|63/100\n|move|p1b: Arcanine|Crunch|p2b: Slowking\n|-supereffective|p2b: Slowking|1\n|-damage|p2b: Slowking|0 fnt\n|faint|p2b: Slowking\n|\n|-fieldend|move: Trick Room\n|upkeep\n|\n|t:|1776509792\n|switch|p2b: Sneasler|Sneasler, L50, F|100/100\n|turn|6\n|\n|t:|1776509807\n|move|p2b: Sneasler|Fake Out|p1b: Arcanine\n|-damage|p1b: Arcanine|0 fnt\n|faint|p1b: Arcanine\n|move|p1a: Whimsicott|Dazzling Gleam|p2a: Crabominable|[spread] p2a,p2b\n|-supereffective|p2a: Crabominable|1\n|-damage|p2a: Crabominable|0 fnt\n|-damage|p2b: Sneasler|71/100\n|faint|p2a: Crabominable\n|\n|upkeep\n|turn|7\n|\n|t:|1776509816\n|move|p1a: Whimsicott|Encore|p2b: Sneasler\n|-start|p2b: Sneasler|Encore\n|move|p2b: Sneasler|Fake Out||[still]\n|-hint|Fake Out only works on your first turn out.\n|-fail|p2b: Sneasler\n|\n|upkeep\n|turn|8\n|\n|t:|1776509821\n|-activate|p2b: Sneasler|move: Struggle\n|move|p2b: Sneasler|Struggle|p1a: Whimsicott\n|-damage|p1a: Whimsicott|78/100\n|-damage|p2b: Sneasler|46/100|[from] recoil\n|move|p1a: Whimsicott|Dazzling Gleam|p2b: Sneasler\n|-damage|p2b: Sneasler|1/100\n|\n|upkeep\n|turn|9\n|\n|t:|1776509828\n|-activate|p2b: Sneasler|move: Struggle\n|move|p2b: Sneasler|Struggle|p1a: Whimsicott\n|-damage|p1a: Whimsicott|58/100\n|-damage|p2b: Sneasler|0 fnt|[from] recoil\n|faint|p2b: Sneasler\n|\n|win|EpicPedros\n|raw|EpicPedros's rating: 1020 &rarr; <strong>1064</strong><br />(+44 for winning)\n|raw|Laroo's rating: 1085 &rarr; <strong>1058</strong><br />(-27 for losing)\n",
  "uploadtime": 1776509833,
  "views": 20,
  "formatid": "gen9championsvgc2026regma",
  "rating": 1058,
  "private": 0,
  "password": null
}