{
  "id": "gen9championsvgc2026regma-2582606104",
  "format": "[Gen 9 Champions] VGC 2026 Reg M-A",
  "players": [
    "magicalarcher57",
    "comfy n ez 2 wear"
  ],
  "log": "|j|\u2606magicalarcher57\n|j|\u2606comfy n ez 2 wear\n|t:|1776102222\n|gametype|doubles\n|player|p1|magicalarcher57|cynthia-masters4|\n|player|p2|comfy n ez 2 wear|2|\n|gen|9\n|tier|[Gen 9 Champions] VGC 2026 Reg M-A\n|rated|Tournament battle\n|rule|Species Clause: Limit one of each Pok\u00e9mon\n|rule|Item Clause: Limit 1 of each item\n|raw|<div class=\"infobox\"><details class=\"readmore\" open><summary><strong>1 custom rule:</strong></summary> Force Open Team Sheets</details></div>\n|clearpoke\n|poke|p1|Kangaskhan, L50, F|\n|poke|p1|Farigiraf, L50, F|\n|poke|p1|Basculegion, L50, M|\n|poke|p1|Talonflame, L50, F|\n|poke|p1|Sneasler, L50, M|\n|poke|p1|Charizard, L50, F|\n|poke|p2|Corviknight, L50, M|\n|poke|p2|Tyranitar, L50, M|\n|poke|p2|Volcarona, L50, F|\n|poke|p2|Garchomp, L50, F|\n|poke|p2|Clefable, L50, M|\n|poke|p2|Sneasler, L50, F|\n|teampreview|4\n|showteam|p1|Kangaskhan||Kangaskhanite|Scrappy|FakeOut,HammerArm,DoubleEdge,Crunch|||F|||50|]Farigiraf||ColburBerry|ArmorTail|ShadowBall,HyperVoice,TrickRoom,Psychic|||F|||50|]Basculegion||MysticWater|Adaptability|WaveCrash,LastRespects,AquaJet,Protect|||M|||50|]Talonflame||SharpBeak|GaleWings|Tailwind,Taunt,BraveBird,FlareBlitz|||F|||50|]Sneasler||FocusSash|Unburden|FakeOut,CloseCombat,DireClaw,Protect|||M|||50|]Charizard||CharizarditeY|SolarPower|HeatWave,Protect,SolarBeam,Overheat|||F|||50|\n|showteam|p2|Corviknight||Leftovers|MirrorArmor|BraveBird,BodyPress,Tailwind,Roost|||M|||50|]Tyranitar||Tyranitarite|SandStream|RockSlide,KnockOff,Substitute,Protect|||M|||50|]Volcarona||PasshoBerry|FlameBody|HeatWave,GigaDrain,QuiverDance,Protect|||F|||50|]Garchomp||SoftSand|RoughSkin|Earthquake,DragonClaw,StompingTantrum,Protect|||F|||50|]Clefable||Clefablite|Unaware|Moonblast,FollowMe,IcyWind,Protect|||M|||50|]Sneasler||WhiteHerb|Unburden|CloseCombat,DireClaw,Coaching,FakeOut|||F|||50|\n|j| Im_Neutro\n|j| mynamegrassgreen\n|j| DEAD_BURG\n|j| Gootrifa\n|c|\u2606magicalarcher57|glhf!\n|j| idiot2000\n|c|\u2606comfy n ez 2 wear|u2\n|j| Lolitcher\n|\n|t:|1776102281\n|teamsize|p1|4\n|teamsize|p2|4\n|start\n|switch|p1a: Ryoiki Tenkai|Farigiraf, L50, F, shiny|100/100\n|switch|p1b: Kangaskhan|Kangaskhan, L50, F, shiny|100/100\n|switch|p2a: Volcarona|Volcarona, L50, F|100/100\n|switch|p2b: Clefable|Clefable, L50, M|100/100\n|turn|1\n|c| Im_Neutro|b2b finalist\n|\n|t:|1776102305\n|detailschange|p1b: Kangaskhan|Kangaskhan-Mega, L50, F, shiny\n|-mega|p1b: Kangaskhan|Kangaskhan|Kangaskhanite\n|move|p2b: Clefable|Follow Me|p2b: Clefable\n|-singleturn|p2b: Clefable|move: Follow Me\n|move|p2a: Volcarona|Quiver Dance|p2a: Volcarona\n|-boost|p2a: Volcarona|spa|1\n|-boost|p2a: Volcarona|spd|1\n|-boost|p2a: Volcarona|spe|1\n|move|p1b: Kangaskhan|Double-Edge|p2b: Clefable\n|-damage|p2b: Clefable|37/100\n|-damage|p2b: Clefable|24/100\n|-hitcount|p2b: Clefable|2\n|-damage|p1b: Kangaskhan|77/100|[from] Recoil\n|move|p1a: Ryoiki Tenkai|Trick Room|p1a: Ryoiki Tenkai\n|-fieldstart|move: Trick Room|[of] p1a: Ryoiki Tenkai\n|\n|upkeep\n|turn|2\n|c|\u2606magicalarcher57|neutro fr\n|\n|t:|1776102320\n|move|p2b: Clefable|Protect|p2b: Clefable\n|-singleturn|p2b: Clefable|Protect\n|move|p2a: Volcarona|Protect|p2a: Volcarona\n|-singleturn|p2a: Volcarona|Protect\n|move|p1a: Ryoiki Tenkai|Hyper Voice|p2a: Volcarona|[spread] \n|-activate|p2a: Volcarona|move: Protect\n|-activate|p2b: Clefable|move: Protect\n|move|p1b: Kangaskhan|Double-Edge|p2a: Volcarona\n|-activate|p2a: Volcarona|move: Protect\n|\n|upkeep\n|turn|3\n|\n|t:|1776102340\n|move|p2b: Clefable|Follow Me|p2b: Clefable\n|-singleturn|p2b: Clefable|move: Follow Me\n|move|p1a: Ryoiki Tenkai|Hyper Voice|p2b: Clefable|[spread] p2a,p2b\n|-damage|p2a: Volcarona|78/100\n|-damage|p2b: Clefable|0 fnt\n|faint|p2b: Clefable\n|move|p1b: Kangaskhan|Double-Edge|p2a: Volcarona\n|-damage|p2a: Volcarona|0 fnt\n|faint|p2a: Volcarona\n|-hitcount|p2: Volcarona|1\n|-damage|p1b: Kangaskhan|56/100|[from] Recoil\n|\n|upkeep\n|j| Music_Man3\n|\n|t:|1776102347\n|switch|p2b: Garchomp|Garchomp, L50, F|100/100\n|switch|p2a: Tyranitar|Tyranitar, L50, M|100/100\n|-weather|Sandstorm|[from] ability: Sand Stream|[of] p2a: Tyranitar\n|turn|4\n|\n|t:|1776102364\n|move|p1a: Ryoiki Tenkai|Hyper Voice|p2a: Tyranitar|[spread] p2a,p2b\n|-resisted|p2a: Tyranitar|1\n|-damage|p2a: Tyranitar|89/100\n|-damage|p2b: Garchomp|61/100\n|move|p1b: Kangaskhan|Double-Edge|p2b: Garchomp\n|-damage|p2b: Garchomp|0 fnt\n|-damage|p1b: Kangaskhan|44/100|[from] ability: Rough Skin|[of] p2b: Garchomp\n|faint|p2b: Garchomp\n|-hitcount|p2: Garchomp|1\n|-damage|p1b: Kangaskhan|26/100|[from] Recoil\n|move|p2a: Tyranitar|Knock Off|p1a: Ryoiki Tenkai\n|-supereffective|p1a: Ryoiki Tenkai|1\n|-enditem|p1a: Ryoiki Tenkai|Colbur Berry|[eat]\n|-enditem|p1a: Ryoiki Tenkai|Colbur Berry|[weaken]\n|-damage|p1a: Ryoiki Tenkai|53/100\n|\n|-weather|Sandstorm|[upkeep]\n|-damage|p1a: Ryoiki Tenkai|48/100|[from] Sandstorm\n|-damage|p1b: Kangaskhan|20/100|[from] Sandstorm\n|upkeep\n|turn|5\n|j| chicagolocaltop16\n|j| mysticmarshtomp\n|\n|t:|1776102384\n|switch|p1a: Sneasler|Sneasler, L50, M, shiny|100/100\n|move|p2a: Tyranitar|Protect|p2a: Tyranitar\n|-singleturn|p2a: Tyranitar|Protect\n|move|p1b: Kangaskhan|Hammer Arm|p2a: Tyranitar\n|-activate|p2a: Tyranitar|move: Protect\n|\n|-weather|Sandstorm|[upkeep]\n|-damage|p1b: Kangaskhan|14/100|[from] Sandstorm\n|-damage|p1a: Sneasler|95/100|[from] Sandstorm\n|-fieldend|move: Trick Room\n|upkeep\n|turn|6\n|\n|t:|1776102387\n|move|p1a: Sneasler|Close Combat|p2a: Tyranitar\n|-supereffective|p2a: Tyranitar|2\n|-damage|p2a: Tyranitar|0 fnt\n|-unboost|p1a: Sneasler|def|1\n|-unboost|p1a: Sneasler|spd|1\n|faint|p2a: Tyranitar\n|\n|win|magicalarcher57\n|n|\u2606magicalarcher57|magicalarcher57\n|n|\u2606comfy n ez 2 wear|comfynez2wear\n|n| Im_Neutro|imneutro\n|n| mynamegrassgreen|mynamegrassgreen\n|n| DEAD_BURG|deadburg\n|n| Gootrifa|gootrifa\n|n| idiot2000|idiot2000\n|n| Lolitcher|lolitcher\n|n| Music_Man3|musicman3\n|n| chicagolocaltop16|chicagolocaltop16\n|n| mysticmarshtomp|mysticmarshtomp\n",
  "uploadtime": 1776102387,
  "views": 16,
  "formatid": "gen9championsvgc2026regma",
  "rating": null,
  "private": 0,
  "password": null
}