{
  "id": "gen9championsvgc2026regma-2584038520",
  "format": "[Gen 9 Champions] VGC 2026 Reg M-A",
  "players": [
    "jiuvfcdxdx",
    "FDEsl"
  ],
  "log": "|j|\u203djiuvfcdxdx\n|j|\u2606FDEsl\n|t:|1776219094\n|gametype|doubles\n|player|p1|jiuvfcdxdx|266|1000\n|player|p2|FDEsl|265|1079\n|gen|9\n|tier|[Gen 9 Champions] VGC 2026 Reg M-A\n|rated|\n|rule|Species Clause: Limit one of each Pok\u00e9mon\n|rule|Item Clause: Limit 1 of each item\n|clearpoke\n|poke|p1|Aegislash, L50, F|\n|poke|p1|Farigiraf, L50, M|\n|poke|p1|Sinistcha, L50|\n|poke|p1|Torkoal, L50, F|\n|poke|p1|Aggron, L50, M|\n|poke|p1|Arcanine, L50, M|\n|poke|p2|Froslass, L50, F|\n|poke|p2|Garchomp, L50, F|\n|poke|p2|Orthworm, L50, F|\n|poke|p2|Incineroar, L50, M|\n|poke|p2|Rotom-Frost, L50|\n|poke|p2|Basculegion, L50, M|\n|teampreview|4\n|inactive|Battle timer is ON: inactive players will automatically lose when time's up. (requested by FDEsl)\nFDEsl has agreed to open team sheets.\n|\n|t:|1776219121\n|teamsize|p1|4\n|teamsize|p2|4\n|start\n|switch|p1a: Aegislash|Aegislash, L50, F|100/100\n|switch|p1b: Farigiraf|Farigiraf, L50, M|100/100\n|switch|p2a: Incineroar|Incineroar, L50, M|100/100\n|switch|p2b: Froslass|Froslass, L50, F|100/100\n|-ability|p2a: Incineroar|Intimidate|boost\n|-unboost|p1a: Aegislash|atk|1\n|-unboost|p1b: Farigiraf|atk|1\n|turn|1\n|inactive|jiuvfcdxdx has 30 seconds left.\n|\n|t:|1776219154\n|detailschange|p2b: Froslass|Froslass-Mega, L50, F\n|-mega|p2b: Froslass|Froslass|Froslassite\n|-weather|Snowscape|[from] ability: Snow Warning|[of] p2b: Froslass\n|move|p1b: Farigiraf|Helping Hand|p1a: Aegislash\n|-singleturn|p1a: Aegislash|Helping Hand|[of] p1b: Farigiraf\n|move|p2a: Incineroar|Fake Out||[still]\n|cant|p1b: Farigiraf|ability: Armor Tail|Fake Out|[of] p2a: Incineroar\n|move|p2b: Froslass|Shadow Ball|p1a: Aegislash\n|-supereffective|p1a: Aegislash|1\n|-damage|p1a: Aegislash|27/100\n|move|p1a: Aegislash|Swords Dance|p1a: Aegislash\n|-boost|p1a: Aegislash|atk|2\n|\n|-weather|Snowscape|[upkeep]\n|upkeep\n|turn|2\n|\n|t:|1776219176\n|move|p1a: Aegislash|King's Shield|p1a: Aegislash\n|-singleturn|p1a: Aegislash|Protect\n|move|p2b: Froslass|Shadow Ball|p1a: Aegislash\n|-activate|p1a: Aegislash|move: Protect\n|move|p2a: Incineroar|Darkest Lariat|p1b: Farigiraf\n|-supereffective|p1b: Farigiraf|1\n|-damage|p1b: Farigiraf|41/100\n|move|p1b: Farigiraf|Trick Room|p1b: Farigiraf\n|-fieldstart|move: Trick Room|[of] p1b: Farigiraf\n|\n|-weather|Snowscape|[upkeep]\n|upkeep\n|turn|3\n|inactive|jiuvfcdxdx has 30 seconds left.\n|inactive|jiuvfcdxdx has 20 seconds left.\n|\n|t:|1776219212\n|move|p1b: Farigiraf|Helping Hand|p1a: Aegislash\n|-singleturn|p1a: Aegislash|Helping Hand|[of] p1b: Farigiraf\n|move|p2b: Froslass|Protect|p2b: Froslass\n|-singleturn|p2b: Froslass|Protect\n|-formechange|p1a: Aegislash|Aegislash-Blade|\n|move|p1a: Aegislash|Rock Slide|p2a: Incineroar|[spread] \n|-activate|p2b: Froslass|move: Protect\n|-miss|p1a: Aegislash|p2a: Incineroar\n|move|p2a: Incineroar|Flare Blitz|p1a: Aegislash\n|-supereffective|p1a: Aegislash|1\n|-damage|p1a: Aegislash|0 fnt\n|faint|p1a: Aegislash\n|-damage|p2a: Incineroar|92/100|[from] Recoil\n|\n|-weather|Snowscape|[upkeep]\n|upkeep\n|\n|t:|1776219227\n|switch|p1a: Aggron|Aggron, L50, M|100/100\n|turn|4\n|\n|t:|1776219244\n|switch|p2b: Garchomp|Garchomp, L50, F|100/100\n|detailschange|p1a: Aggron|Aggron-Mega, L50, M\n|-mega|p1a: Aggron|Aggron|Aggronite\n|move|p1b: Farigiraf|Helping Hand|p1a: Aggron\n|-singleturn|p1a: Aggron|Helping Hand|[of] p1b: Farigiraf\n|move|p1a: Aggron|Rock Slide|p2a: Incineroar|[spread] p2b\n|-miss|p1a: Aggron|p2a: Incineroar\n|-resisted|p2b: Garchomp|1\n|-damage|p2b: Garchomp|83/100\n|move|p2a: Incineroar|Darkest Lariat|p1b: Farigiraf\n|-supereffective|p1b: Farigiraf|1\n|-damage|p1b: Farigiraf|0 fnt\n|faint|p1b: Farigiraf\n|\n|-weather|Snowscape|[upkeep]\n|upkeep\n|\n|t:|1776219261\n|switch|p1b: Torkoal|Torkoal, L50, F|100/100\n|-weather|SunnyDay|[from] ability: Drought|[of] p1b: Torkoal\n|turn|5\n|\n|t:|1776219278\n|switch|p2a: Orthworm|Orthworm, L50, F|100/100\n|move|p1b: Torkoal|Eruption|p2a: Orthworm|[spread] p2a,p2b\n|-supereffective|p2a: Orthworm|1\n|-resisted|p2b: Garchomp|1\n|-damage|p2a: Orthworm|0 fnt\n|-damage|p2b: Garchomp|39/100\n|faint|p2a: Orthworm\n|move|p1a: Aggron|Rock Slide|p2b: Garchomp|[miss]\n|-miss|p1a: Aggron|p2b: Garchomp\n|move|p2b: Garchomp|Earthquake|p1a: Aggron|[spread] p1a,p1b\n|-supereffective|p1a: Aggron|1\n|-supereffective|p1b: Torkoal|1\n|-damage|p1a: Aggron|73/100\n|-damage|p1b: Torkoal|42/100\n|\n|-weather|SunnyDay|[upkeep]\n|upkeep\n|\n|t:|1776219291\n|switch|p2a: Froslass|Froslass-Mega, L50, F|100/100\n|-weather|Snowscape|[from] ability: Snow Warning|[of] p2a: Froslass\n|turn|6\n|\n|t:|1776219303\n|move|p2b: Garchomp|Protect|p2b: Garchomp\n|-singleturn|p2b: Garchomp|Protect\n|move|p2a: Froslass|Protect|p2a: Froslass\n|-singleturn|p2a: Froslass|Protect\n|move|p1b: Torkoal|Heat Wave|p2a: Froslass|[spread] \n|-activate|p2a: Froslass|move: Protect\n|-activate|p2b: Garchomp|move: Protect\n|move|p1a: Aggron|Rock Slide|p2b: Garchomp|[spread] \n|-activate|p2a: Froslass|move: Protect\n|-activate|p2b: Garchomp|move: Protect\n|\n|-weather|Snowscape|[upkeep]\n|-fieldend|move: Trick Room\n|upkeep\n|turn|7\n|inactive|FDEsl has 30 seconds left.\n|\n|t:|1776219329\n|move|p2a: Froslass|Shadow Ball|p1a: Aggron\n|-damage|p1a: Aggron|19/100\n|move|p2b: Garchomp|Earthquake|p1a: Aggron|[spread] p2a,p1a,p1b\n|-supereffective|p1a: Aggron|1\n|-supereffective|p1b: Torkoal|1\n|-damage|p2a: Froslass|63/100\n|-damage|p1a: Aggron|0 fnt\n|-damage|p1b: Torkoal|0 fnt\n|faint|p1a: Aggron\n|faint|p1b: Torkoal\n|\n|win|FDEsl\n|raw|jiuvfcdxdx's rating: 1000 &rarr; <strong>1000</strong><br />(+0 for losing)\n|raw|FDEsl's rating: 1079 &rarr; <strong>1101</strong><br />(+22 for winning)\n|c|\u2606FDEsl|gg\n|l|\u203djiuvfcdxdx\n|player|p1|\n",
  "uploadtime": 1776219353,
  "views": 27,
  "formatid": "gen9championsvgc2026regma",
  "rating": 1000,
  "private": 0,
  "password": null
}