{
  "id": "gen9championsvgc2026regma-2582502654",
  "format": "[Gen 9 Champions] VGC 2026 Reg M-A",
  "players": [
    "Kayagara",
    "AdriaSegui"
  ],
  "log": "|j|\u2606Kayagara\n|j|\u2606AdriaSegui\n|t:|1776095803\n|gametype|doubles\n|player|p1|Kayagara|brycenman|1000\n|player|p2|AdriaSegui|170|1046\n|gen|9\n|tier|[Gen 9 Champions] VGC 2026 Reg M-A\n|rated|\n|rule|Species Clause: Limit one of each Pok\u00e9mon\n|rule|Item Clause: Limit 1 of each item\n|clearpoke\n|poke|p1|Charizard, L50, M|\n|poke|p1|Venusaur, L50, M|\n|poke|p1|Garchomp, L50, F|\n|poke|p1|Rotom-Wash, L50|\n|poke|p1|Sneasler, L50, F|\n|poke|p1|Incineroar, L50, M|\n|poke|p2|Talonflame, L50, F|\n|poke|p2|Gallade, L50, M|\n|poke|p2|Gengar, L50, F|\n|poke|p2|Sneasler, L50, F|\n|poke|p2|Archaludon, L50, M|\n|poke|p2|Dragonite, L50, F|\n|teampreview|4\n|\n|t:|1776095838\n|teamsize|p1|4\n|teamsize|p2|4\n|start\n|switch|p1a: Charizard|Charizard, L50, M|100/100\n|switch|p1b: Venusaur|Venusaur, L50, M|100/100\n|switch|p2a: Talonflame|Talonflame, L50, F|100/100\n|switch|p2b: Archaludon|Archaludon, L50, M|100/100\n|turn|1\n|\n|t:|1776095878\n|detailschange|p1a: Charizard|Charizard-Mega-Y, L50, M\n|-mega|p1a: Charizard|Charizard|Charizardite Y\n|-weather|SunnyDay|[from] ability: Drought|[of] p1a: Charizard\n|move|p2a: Talonflame|Tailwind|p2a: Talonflame\n|-sidestart|p2: AdriaSegui|move: Tailwind\n|move|p2b: Archaludon|Dragon Pulse|p1a: Charizard\n|-damage|p1a: Charizard|55/100\n|move|p1b: Venusaur|Sleep Powder|p2b: Archaludon|[miss]\n|-miss|p1b: Venusaur|p2b: Archaludon\n|move|p1a: Charizard|Heat Wave|p2a: Talonflame|[spread] p2a,p2b\n|-resisted|p2a: Talonflame|1\n|-damage|p2a: Talonflame|49/100\n|-damage|p2b: Archaludon|35/100\n|-ability|p2b: Archaludon|Stamina|boost\n|-boost|p2b: Archaludon|def|1\n|\n|-weather|SunnyDay|[upkeep]\n|upkeep\n|turn|2\n|\n|t:|1776095913\n|move|p1a: Charizard|Protect|p1a: Charizard\n|-singleturn|p1a: Charizard|Protect\n|move|p2a: Talonflame|Flare Blitz|p1b: Venusaur\n|-supereffective|p1b: Venusaur|1\n|-enditem|p1b: Venusaur|Focus Sash\n|-damage|p1b: Venusaur|1/100\n|-damage|p2a: Talonflame|16/100|[from] Recoil\n|move|p2b: Archaludon|Dragon Pulse|p1a: Charizard\n|-activate|p1a: Charizard|move: Protect\n|move|p1b: Venusaur|Sleep Powder|p2a: Talonflame|[miss]\n|-miss|p1b: Venusaur|p2a: Talonflame\n|\n|-weather|SunnyDay|[upkeep]\n|upkeep\n|turn|3\n|\n|t:|1776095940\n|move|p1b: Venusaur|Protect|p1b: Venusaur\n|-singleturn|p1b: Venusaur|Protect\n|move|p2a: Talonflame|Brave Bird|p1b: Venusaur\n|-activate|p1b: Venusaur|move: Protect\n|move|p2b: Archaludon|Dragon Pulse|p1a: Charizard\n|-damage|p1a: Charizard|8/100\n|move|p1a: Charizard|Heat Wave|p2b: Archaludon|[spread] p2a,p2b\n|-resisted|p2a: Talonflame|1\n|-damage|p2a: Talonflame|0 fnt\n|-damage|p2b: Archaludon|0 fnt\n|faint|p2a: Talonflame\n|faint|p2b: Archaludon\n|\n|-weather|SunnyDay|[upkeep]\n|upkeep\n|\n|t:|1776095967\n|switch|p2a: Dragonite|Dragonite, L50, F|100/100\n|switch|p2b: Gallade|Gallade, L50, M|100/100\n|turn|4\n|\n|t:|1776095995\n|detailschange|p2b: Gallade|Gallade-Mega, L50, M\n|-mega|p2b: Gallade|Gallade|Galladite\n|move|p1a: Charizard|Protect|p1a: Charizard\n|-singleturn|p1a: Charizard|Protect\n|move|p2a: Dragonite|Extreme Speed|p1a: Charizard\n|-activate|p1a: Charizard|move: Protect\n|move|p2b: Gallade|Night Slash|p1b: Venusaur\n|-damage|p1b: Venusaur|0 fnt\n|faint|p1b: Venusaur\n|\n|-weather|SunnyDay|[upkeep]\n|-sideend|p2: AdriaSegui|move: Tailwind\n|upkeep\n|\n|t:|1776096011\n|switch|p1b: Incineroar|Incineroar, L50, M|100/100\n|-ability|p1b: Incineroar|Intimidate|boost\n|-unboost|p2a: Dragonite|atk|1\n|-fail|p2b: Gallade|unboost|Attack|[from] ability: Inner Focus|[of] p2b: Gallade\n|turn|5\n|\n|t:|1776096034\n|move|p1b: Incineroar|Fake Out|p2a: Dragonite\n|-damage|p2a: Dragonite|92/100\n|cant|p2a: Dragonite|flinch\n|move|p2b: Gallade|Sacred Sword|p1b: Incineroar\n|-supereffective|p1b: Incineroar|1\n|-damage|p1b: Incineroar|0 fnt\n|faint|p1b: Incineroar\n|move|p1a: Charizard|Heat Wave|p2b: Gallade|[spread] p2a,p2b\n|-resisted|p2a: Dragonite|1\n|-damage|p2a: Dragonite|60/100\n|-damage|p2b: Gallade|25/100\n|\n|-weather|none\n|upkeep\n|\n|t:|1776096045\n|switch|p1b: Garchomp|Garchomp, L50, F|100/100\n|turn|6\n|\n|t:|1776096060\n|move|p2a: Dragonite|Extreme Speed|p1a: Charizard\n|-crit|p1a: Charizard\n|-damage|p1a: Charizard|0 fnt\n|faint|p1a: Charizard\n|move|p1b: Garchomp|Rock Slide|p2a: Dragonite|[spread] p2a\n|-miss|p1b: Garchomp|p2b: Gallade\n|-supereffective|p2a: Dragonite|1\n|-damage|p2a: Dragonite|8/100\n|-enditem|p2a: Dragonite|Oran Berry|[eat]\n|-heal|p2a: Dragonite|14/100|[from] item: Oran Berry\n|move|p2b: Gallade|Zen Headbutt|p1b: Garchomp|[miss]\n|-miss|p2b: Gallade|p1b: Garchomp\n|\n|upkeep\n|turn|7\n|\n|t:|1776096080\n|move|p1b: Garchomp|Rock Slide|p2a: Dragonite|[spread] p2a,p2b\n|-supereffective|p2a: Dragonite|1\n|-resisted|p2b: Gallade|1\n|-damage|p2a: Dragonite|0 fnt\n|-damage|p2b: Gallade|11/100\n|faint|p2a: Dragonite\n|move|p2b: Gallade|Night Slash|p1b: Garchomp\n|-damage|p1b: Garchomp|69/100\n|-damage|p2b: Gallade|0 fnt|[from] ability: Rough Skin|[of] p1b: Garchomp\n|faint|p2b: Gallade\n|\n|win|Kayagara\n|raw|Kayagara's rating: 1000 &rarr; <strong>1045</strong><br />(+45 for winning)\n|raw|AdriaSegui's rating: 1046 &rarr; <strong>1027</strong><br />(-19 for losing)\n|l|\u2606AdriaSegui\n|player|p2|\n",
  "uploadtime": 1776096503,
  "views": 8,
  "formatid": "gen9championsvgc2026regma",
  "rating": 1027,
  "private": 0,
  "password": null
}