{
  "id": "gen9championsvgc2026regma-2584538717",
  "format": "[Gen 9 Champions] VGC 2026 Reg M-A",
  "players": [
    "genesectzdb",
    "Tophat Hare"
  ],
  "log": "|j|\u2606genesectzdb\n|j|\u2606Tophat Hare\n|t:|1776267423\n|gametype|doubles\n|player|p1|genesectzdb|102|1049\n|player|p2|Tophat Hare|ansha|1151\n|gen|9\n|tier|[Gen 9 Champions] VGC 2026 Reg M-A\n|rated|\n|rule|Species Clause: Limit one of each Pok\u00e9mon\n|rule|Item Clause: Limit 1 of each item\n|clearpoke\n|poke|p1|Aegislash, L50, F|\n|poke|p1|Sneasler, L50, F|\n|poke|p1|Floette-Eternal, L50, F|\n|poke|p1|Milotic, L50, F|\n|poke|p1|Incineroar, L50, F|\n|poke|p1|Whimsicott, L50, F|\n|poke|p2|Kangaskhan, L50, F|\n|poke|p2|Incineroar, L50, M|\n|poke|p2|Sinistcha, L50|\n|poke|p2|Volcarona, L50, F|\n|poke|p2|Kommo-o, L50, M|\n|poke|p2|Milotic, L50, M|\n|teampreview|4\n|inactive|Battle timer is ON: inactive players will automatically lose when time's up. (requested by genesectzdb)\n|inactive|genesectzdb has 60 seconds left.\n|inactive|genesectzdb has 30 seconds left.\n|\n|t:|1776267524\n|teamsize|p1|4\n|teamsize|p2|4\n|start\n|switch|p1a: Sneasler|Sneasler, L50, F|100/100\n|switch|p1b: Floette|Floette-Eternal, L50, F|100/100\n|switch|p2a: Kangaskhan|Kangaskhan, L50, F|100/100\n|switch|p2b: Volcarona|Volcarona, L50, F|100/100\n|turn|1\n|inactive|genesectzdb has 30 seconds left.\n|inactive|Tophat Hare has 30 seconds left.\n|inactive|genesectzdb has 20 seconds left.\n|\n|t:|1776267564\n|detailschange|p1b: Floette|Floette-Mega, L50, F\n|-mega|p1b: Floette|Floette|Floettite\n|-ability|p1b: Floette|Fairy Aura\n|detailschange|p2a: Kangaskhan|Kangaskhan-Mega, L50, F\n|-mega|p2a: Kangaskhan|Kangaskhan|Kangaskhanite\n|move|p1a: Sneasler|Protect|p1a: Sneasler\n|-singleturn|p1a: Sneasler|Protect\n|move|p2a: Kangaskhan|Fake Out|p1b: Floette\n|-damage|p1b: Floette|72/100\n|-damage|p1b: Floette|65/100\n|-hitcount|p1b: Floette|2\n|cant|p1b: Floette|flinch\n|move|p2b: Volcarona|Tailwind|p2b: Volcarona\n|-sidestart|p2: Tophat Hare|move: Tailwind\n|\n|upkeep\n|turn|2\n|inactive|genesectzdb has 30 seconds left.\n|inactive|Tophat Hare has 30 seconds left.\n|\n|t:|1776267596\n|switch|p2a: Incineroar|Incineroar, L50, M|100/100\n|-ability|p2a: Incineroar|Intimidate|boost\n|-unboost|p1a: Sneasler|atk|1\n|-unboost|p1b: Floette|atk|1\n|-enditem|p1a: Sneasler|White Herb\n|-clearnegativeboost|p1a: Sneasler|[silent]\n|move|p1a: Sneasler|Close Combat|p2a: Incineroar\n|-supereffective|p2a: Incineroar|1\n|-enditem|p2a: Incineroar|Chople Berry|[eat]\n|-enditem|p2a: Incineroar|Chople Berry|[weaken]\n|-damage|p2a: Incineroar|44/100\n|-unboost|p1a: Sneasler|def|1\n|-unboost|p1a: Sneasler|spd|1\n|move|p2b: Volcarona|Struggle Bug|p1a: Sneasler|[spread] p1a,p1b\n|-resisted|p1a: Sneasler|2\n|-resisted|p1b: Floette|1\n|-damage|p1a: Sneasler|92/100\n|-damage|p1b: Floette|59/100\n|-unboost|p1a: Sneasler|spa|1\n|-unboost|p1b: Floette|spa|1\n|move|p1b: Floette|Draining Kiss|p2a: Incineroar\n|-damage|p2a: Incineroar|18/100\n|-heal|p1b: Floette|85/100|[from] drain|[of] p2a: Incineroar\n|\n|upkeep\n|turn|3\n|inactive|genesectzdb has 30 seconds left.\n|inactive|Tophat Hare has 30 seconds left.\n|inactive|genesectzdb has 20 seconds left.\n|inactive|Tophat Hare has 20 seconds left.\n|inactive|Tophat Hare has 15 seconds left.\n|inactive|Tophat Hare has 10 seconds left.\n|\n|t:|1776267642\n|switch|p2b: Kangaskhan|Kangaskhan-Mega, L50, F|100/100\n|move|p1a: Sneasler|Protect|p1a: Sneasler\n|-singleturn|p1a: Sneasler|Protect\n|move|p1b: Floette|Protect|p1b: Floette\n|-singleturn|p1b: Floette|Protect\n|move|p2a: Incineroar|Fake Out|p1a: Sneasler\n|-activate|p1a: Sneasler|move: Protect\n|\n|upkeep\n|turn|4\n|inactive|genesectzdb has 30 seconds left.\n|\n|t:|1776267674\n|move|p2b: Kangaskhan|Fake Out|p1a: Sneasler\n|-damage|p1a: Sneasler|29/100\n|-damage|p1a: Sneasler|17/100\n|-hitcount|p1a: Sneasler|2\n|cant|p1a: Sneasler|flinch\n|move|p2a: Incineroar|Parting Shot|p1b: Floette\n|-unboost|p1b: Floette|atk|1\n|-unboost|p1b: Floette|spa|1\n|\n|t:|1776267689\n|switch|p2a: Volcarona|Volcarona, L50, F|100/100|[from] Parting Shot\n|move|p1b: Floette|Moonblast|p2b: Kangaskhan\n|-damage|p2b: Kangaskhan|64/100\n|\n|-sideend|p2: Tophat Hare|move: Tailwind\n|upkeep\n|turn|5\n|\n|t:|1776267711\n|switch|p1b: Milotic|Milotic, L50, F|100/100\n|move|p2b: Kangaskhan|Sucker Punch|p1a: Sneasler\n|-resisted|p1a: Sneasler|1\n|-damage|p1a: Sneasler|0 fnt\n|faint|p1a: Sneasler\n|-hitcount|p1: Sneasler|1\n|move|p2a: Volcarona|Tailwind|p2a: Volcarona\n|-sidestart|p2: Tophat Hare|move: Tailwind\n|\n|upkeep\n|\n|t:|1776267721\n|switch|p1a: Whimsicott|Whimsicott, L50, F|100/100\n|turn|6\n|\n|t:|1776267745\n|switch|p2a: Sinistcha|Sinistcha, L50|100/100\n|-heal|p2b: Kangaskhan|89/100|[from] ability: Hospitality|[of] p2a: Sinistcha\n|move|p1a: Whimsicott|Encore|p2b: Kangaskhan\n|-start|p2b: Kangaskhan|Encore\n|move|p2b: Kangaskhan|Sucker Punch||[still]\n|-fail|p2b: Kangaskhan\n|move|p1b: Milotic|Scald|p2a: Sinistcha\n|-resisted|p2a: Sinistcha|1\n|-damage|p2a: Sinistcha|89/100\n|\n|upkeep\n|turn|7\n|inactive|Tophat Hare has 30 seconds left.\n|\n|t:|1776267776\n|switch|p2b: Incineroar|Incineroar, L50, M|18/100\n|-ability|p2b: Incineroar|Intimidate|boost\n|-unboost|p1a: Whimsicott|atk|1\n|-unboost|p1b: Milotic|atk|1\n|-ability|p1b: Milotic|Competitive|boost\n|-boost|p1b: Milotic|spa|2\n|move|p1a: Whimsicott|Fake Tears|p2a: Sinistcha\n|-unboost|p2a: Sinistcha|spd|2\n|move|p2a: Sinistcha|Matcha Gotcha|p1a: Whimsicott|[spread] p1a,p1b\n|-resisted|p1a: Whimsicott|1\n|-crit|p1a: Whimsicott\n|-supereffective|p1b: Milotic|1\n|-damage|p1a: Whimsicott|74/100\n|-heal|p2a: Sinistcha|100/100|[from] drain|[of] p1a: Whimsicott\n|-damage|p1b: Milotic|64/100\n|-status|p1b: Milotic|brn\n|move|p1b: Milotic|Ice Beam|p2a: Sinistcha\n|-supereffective|p2a: Sinistcha|1\n|-damage|p2a: Sinistcha|0 fnt\n|faint|p2a: Sinistcha\n|\n|-heal|p1b: Milotic|70/100 brn|[from] item: Leftovers\n|-damage|p1b: Milotic|64/100 brn|[from] brn\n|upkeep\n|\n|t:|1776267796\n|switch|p2a: Kangaskhan|Kangaskhan-Mega, L50, F|89/100\n|turn|8\n|inactive|genesectzdb has 30 seconds left.\n|inactive|genesectzdb has 20 seconds left.\n|inactive|genesectzdb has 15 seconds left.\n|\n|t:|1776267840\n|move|p2a: Kangaskhan|Fake Out|p1a: Whimsicott\n|-damage|p1a: Whimsicott|50/100\n|-damage|p1a: Whimsicott|44/100\n|-hitcount|p1a: Whimsicott|2\n|cant|p1a: Whimsicott|flinch\n|move|p2b: Incineroar|Flare Blitz|p1a: Whimsicott\n|-supereffective|p1a: Whimsicott|1\n|-enditem|p1a: Whimsicott|Occa Berry|[eat]\n|-enditem|p1a: Whimsicott|Occa Berry|[weaken]\n|-damage|p1a: Whimsicott|0 fnt\n|faint|p1a: Whimsicott\n|-damage|p2b: Incineroar|6/100|[from] Recoil\n|move|p1b: Milotic|Ice Beam|p2a: Kangaskhan\n|-damage|p2a: Kangaskhan|46/100\n|\n|-heal|p1b: Milotic|70/100 brn|[from] item: Leftovers\n|-damage|p1b: Milotic|64/100 brn|[from] brn\n|-sideend|p2: Tophat Hare|move: Tailwind\n|upkeep\n|\n|t:|1776267856\n|switch|p1a: Floette|Floette-Mega, L50, F|85/100\n|-ability|p1a: Floette|Fairy Aura\n|turn|9\n|inactive|Tophat Hare has 30 seconds left.\n|inactive|Tophat Hare has 20 seconds left.\n|inactive|Tophat Hare has 15 seconds left.\n|inactive|Tophat Hare has 10 seconds left.\n|\n|t:|1776267903\n|switch|p2a: Volcarona|Volcarona, L50, F|100/100\n|move|p1a: Floette|Moonblast|p2a: Volcarona\n|-resisted|p2a: Volcarona|1\n|-damage|p2a: Volcarona|70/100\n|move|p1b: Milotic|Scald|p2b: Incineroar\n|-supereffective|p2b: Incineroar|1\n|-damage|p2b: Incineroar|0 fnt\n|faint|p2b: Incineroar\n|\n|-heal|p1b: Milotic|70/100 brn|[from] item: Leftovers\n|-damage|p1b: Milotic|64/100 brn|[from] brn\n|upkeep\n|\n|t:|1776267913\n|switch|p2b: Kangaskhan|Kangaskhan-Mega, L50, F|46/100\n|turn|10\n|\n|t:|1776267930\n|move|p1a: Floette|Protect|p1a: Floette\n|-singleturn|p1a: Floette|Protect\n|move|p1b: Milotic|Protect|p1b: Milotic\n|-singleturn|p1b: Milotic|Protect\n|move|p2b: Kangaskhan|Fake Out|p1b: Milotic\n|-activate|p1b: Milotic|move: Protect\n|move|p2a: Volcarona|Tailwind|p2a: Volcarona\n|-sidestart|p2: Tophat Hare|move: Tailwind\n|\n|-heal|p1b: Milotic|70/100 brn|[from] item: Leftovers\n|-damage|p1b: Milotic|64/100 brn|[from] brn\n|upkeep\n|turn|11\n|\n|t:|1776267954\n|move|p2a: Volcarona|Rage Powder|p2a: Volcarona\n|-singleturn|p2a: Volcarona|move: Rage Powder\n|move|p2b: Kangaskhan|Double-Edge|p1a: Floette\n|-damage|p1a: Floette|0 fnt\n|faint|p1a: Floette\n|-hitcount|p1: Floette|1\n|-damage|p2b: Kangaskhan|23/100|[from] Recoil\n|move|p1b: Milotic|Scald|p2a: Volcarona\n|-supereffective|p2a: Volcarona|1\n|-damage|p2a: Volcarona|0 fnt\n|faint|p2a: Volcarona\n|\n|-heal|p1b: Milotic|70/100 brn|[from] item: Leftovers\n|-damage|p1b: Milotic|64/100 brn|[from] brn\n|upkeep\n|turn|12\n|\n|t:|1776267965\n|move|p1b: Milotic|Protect|p1b: Milotic\n|-singleturn|p1b: Milotic|Protect\n|move|p2b: Kangaskhan|Double-Edge|p1b: Milotic\n|-activate|p1b: Milotic|move: Protect\n|\n|-heal|p1b: Milotic|70/100 brn|[from] item: Leftovers\n|-damage|p1b: Milotic|64/100 brn|[from] brn\n|upkeep\n|turn|13\n|\n|t:|1776267973\n|move|p2b: Kangaskhan|Double-Edge|p1b: Milotic\n|-damage|p1b: Milotic|14/100 brn\n|-damage|p1b: Milotic|3/100 brn\n|-hitcount|p1b: Milotic|2\n|-damage|p2b: Kangaskhan|1/100|[from] Recoil\n|move|p1b: Milotic|Scald|p2b: Kangaskhan\n|-damage|p2b: Kangaskhan|0 fnt\n|faint|p2b: Kangaskhan\n|\n|win|genesectzdb\n|raw|genesectzdb's rating: 1049 &rarr; <strong>1091</strong><br />(+42 for winning)\n|raw|Tophat Hare's rating: 1151 &rarr; <strong>1119</strong><br />(-32 for losing)\n|c|\u2606Tophat Hare|Aww shit\n|c|\u2606Tophat Hare|Ggs\n|c|\u2606genesectzdb|gg\n|l|\u2606genesectzdb\n|player|p1|\n|l|\u2606Tophat Hare\n|player|p2|\n|j|\u2606Tophat Hare\n|player|p2|Tophat Hare|ansha|\n",
  "uploadtime": 1776268109,
  "views": 23,
  "formatid": "gen9championsvgc2026regma",
  "rating": 1091,
  "private": 0,
  "password": null
}