{
  "id": "gen9championsvgc2026regma-2585447950",
  "format": "[Gen 9 Champions] VGC 2026 Reg M-A",
  "players": [
    "KogaAF1219",
    "breloomb01"
  ],
  "log": "|j|\u2606KogaAF1219\n|j|\u2606breloomb01\n|t:|1776347963\n|gametype|doubles\n|player|p1|KogaAF1219|koga|1296\n|player|p2|breloomb01|roughneck|1355\n|gen|9\n|tier|[Gen 9 Champions] VGC 2026 Reg M-A\n|rated|\n|rule|Species Clause: Limit one of each Pok\u00e9mon\n|rule|Item Clause: Limit 1 of each item\n|clearpoke\n|poke|p1|Torkoal, L50, F|\n|poke|p1|Venusaur, L50, M|\n|poke|p1|Incineroar, L50, M|\n|poke|p1|Farigiraf, L50, M|\n|poke|p1|Rotom-Fan, L50|\n|poke|p1|Excadrill, L50, M|\n|poke|p2|Sinistcha, L50|\n|poke|p2|Aerodactyl, L50, M|\n|poke|p2|Rotom-Wash, L50|\n|poke|p2|Garchomp, L50, F|\n|poke|p2|Sneasler, L50, M|\n|poke|p2|Delphox, L50, M|\n|teampreview|4\n|\n|t:|1776347987\n|teamsize|p1|4\n|teamsize|p2|4\n|start\n|switch|p1a: Farigiraf|Farigiraf, L50, M|100/100\n|switch|p1b: Incineroar|Incineroar, L50, M|100/100\n|switch|p2a: Delphox|Delphox, L50, M|100/100\n|switch|p2b: Garchomp|Garchomp, L50, F|100/100\n|-ability|p1b: Incineroar|Intimidate|boost\n|-unboost|p2a: Delphox|atk|1\n|-unboost|p2b: Garchomp|atk|1\n|turn|1\n|\n|t:|1776347996\n|detailschange|p2a: Delphox|Delphox-Mega, L50, M\n|-mega|p2a: Delphox|Delphox|Delphoxite\n|move|p1b: Incineroar|Fake Out|p2b: Garchomp\n|-damage|p2b: Garchomp|88/100\n|-damage|p1b: Incineroar|88/100|[from] ability: Rough Skin|[of] p2b: Garchomp\n|move|p2a: Delphox|Heat Wave|p1b: Incineroar|[spread] p1b\n|-miss|p2a: Delphox|p1a: Farigiraf\n|-resisted|p1b: Incineroar|1\n|-damage|p1b: Incineroar|69/100\n|cant|p2b: Garchomp|flinch\n|move|p1a: Farigiraf|Trick Room|p1a: Farigiraf\n|-fieldstart|move: Trick Room|[of] p1a: Farigiraf\n|\n|upkeep\n|turn|2\n|\n|t:|1776348008\n|move|p1a: Farigiraf|Dazzling Gleam|p2a: Delphox|[spread] p2a,p2b\n|-resisted|p2a: Delphox|1\n|-supereffective|p2b: Garchomp|1\n|-damage|p2a: Delphox|92/100\n|-damage|p2b: Garchomp|42/100\n|move|p1b: Incineroar|Close Combat|p2b: Garchomp\n|-damage|p2b: Garchomp|6/100\n|-unboost|p1b: Incineroar|def|1\n|-unboost|p1b: Incineroar|spd|1\n|-damage|p1b: Incineroar|56/100|[from] ability: Rough Skin|[of] p2b: Garchomp\n|move|p2b: Garchomp|Earthquake|p1a: Farigiraf|[spread] p1a,p1b\n|-immune|p2a: Delphox|[from] ability: Levitate\n|-supereffective|p1b: Incineroar|1\n|-damage|p1a: Farigiraf|69/100\n|-damage|p1b: Incineroar|0 fnt\n|faint|p1b: Incineroar\n|move|p2a: Delphox|Substitute|p2a: Delphox\n|-start|p2a: Delphox|Substitute\n|-damage|p2a: Delphox|67/100\n|\n|upkeep\n|\n|t:|1776348015\n|switch|p1b: Excadrill|Excadrill, L50, M|100/100\n|-ability|p1b: Excadrill|Mold Breaker\n|turn|3\n|\n|t:|1776348021\n|switch|p2b: Sinistcha|Sinistcha, L50|100/100\n|-heal|p2a: Delphox|92/100|[from] ability: Hospitality|[of] p2b: Sinistcha\n|move|p1b: Excadrill|Protect|p1b: Excadrill\n|-singleturn|p1b: Excadrill|Protect\n|move|p1a: Farigiraf|Dazzling Gleam|p2a: Delphox|[spread] p2a,p2b\n|-resisted|p2a: Delphox|1\n|-activate|p2a: Delphox|move: Substitute|[damage]\n|-crit|p2b: Sinistcha\n|-damage|p2b: Sinistcha|76/100\n|move|p2a: Delphox|Heat Wave|p1a: Farigiraf|[spread] p1a\n|-activate|p1b: Excadrill|move: Protect\n|-damage|p1a: Farigiraf|25/100\n|\n|upkeep\n|turn|4\n|\n|t:|1776348032\n|move|p1a: Farigiraf|Dazzling Gleam|p2b: Sinistcha|[spread] p2a,p2b\n|-resisted|p2a: Delphox|1\n|-activate|p2a: Delphox|move: Substitute|[damage]\n|-damage|p2b: Sinistcha|59/100\n|move|p1b: Excadrill|Earthquake|p2a: Delphox|[spread] p1a,p2a,p2b\n|-supereffective|p2a: Delphox|1\n|-end|p2a: Delphox|Substitute\n|-resisted|p2b: Sinistcha|1\n|-damage|p1a: Farigiraf|0 fnt\n|-damage|p2b: Sinistcha|42/100\n|faint|p1a: Farigiraf\n|move|p2a: Delphox|Heat Wave|p1b: Excadrill|[miss]\n|-miss|p2a: Delphox|p1b: Excadrill\n|move|p2b: Sinistcha|Trick Room|p2b: Sinistcha\n|-fieldend|move: Trick Room\n|\n|upkeep\n|\n|t:|1776348042\n|switch|p1a: Torkoal|Torkoal, L50, F|100/100\n|-weather|SunnyDay|[from] ability: Drought|[of] p1a: Torkoal\n|turn|5\n|\n|t:|1776348053\n|switch|p2b: Rotom|Rotom-Wash, L50|100/100\n|move|p2a: Delphox|Heat Wave|p1b: Excadrill|[spread] p1a,p1b\n|-resisted|p1a: Torkoal|1\n|-supereffective|p1b: Excadrill|1\n|-damage|p1a: Torkoal|62/100\n|-enditem|p1b: Excadrill|Focus Sash\n|-damage|p1b: Excadrill|1/100\n|move|p1b: Excadrill|Rock Slide|p2b: Rotom|[spread] p2a,p2b\n|-supereffective|p2a: Delphox|1\n|-damage|p2a: Delphox|26/100\n|-damage|p2b: Rotom|77/100\n|move|p1a: Torkoal|Heat Wave|p2b: Rotom|[spread] p2a,p2b\n|-resisted|p2a: Delphox|1\n|-resisted|p2b: Rotom|1\n|-damage|p2a: Delphox|0 fnt\n|-damage|p2b: Rotom|42/100\n|faint|p2a: Delphox\n|\n|-weather|SunnyDay|[upkeep]\n|upkeep\n|\n|t:|1776348059\n|switch|p2a: Garchomp|Garchomp, L50, F|6/100\n|turn|6\n|\n|t:|1776348070\n|move|p2b: Rotom|Thunderbolt|p1a: Torkoal\n|-damage|p1a: Torkoal|9/100\n|move|p2a: Garchomp|Earthquake|p1b: Excadrill|[spread] p1a,p1b\n|-immune|p2b: Rotom|[from] ability: Levitate\n|-supereffective|p1a: Torkoal|1\n|-supereffective|p1b: Excadrill|1\n|-damage|p1a: Torkoal|0 fnt\n|-damage|p1b: Excadrill|0 fnt\n|faint|p1a: Torkoal\n|faint|p1b: Excadrill\n|\n|win|breloomb01\n|raw|KogaAF1219's rating: 1296 &rarr; <strong>1275</strong><br />(-21 for losing)\n|raw|breloomb01's rating: 1355 &rarr; <strong>1372</strong><br />(+17 for winning)\n|l|\u2606KogaAF1219\n|player|p1|\n",
  "uploadtime": 1776348085,
  "views": 52,
  "formatid": "gen9championsvgc2026regma",
  "rating": 1275,
  "private": 0,
  "password": null
}