{
  "id": "gen9championsvgc2026regma-2587504925",
  "format": "[Gen 9 Champions] VGC 2026 Reg M-A",
  "players": [
    "Haechu",
    "NotPector"
  ],
  "log": "|j|\u2606Haechu\n|j|\u2606NotPector\n|t:|1776537499\n|gametype|doubles\n|player|p1|Haechu|169|1241\n|player|p2|NotPector|grimsley|1235\n|gen|9\n|tier|[Gen 9 Champions] VGC 2026 Reg M-A\n|rated|\n|rule|Species Clause: Limit one of each Pok\u00e9mon\n|rule|Item Clause: Limit 1 of each item\n|clearpoke\n|poke|p1|Maushold-Four, L50|\n|poke|p1|Archaludon, L50, M|\n|poke|p1|Meganium, L50, F|\n|poke|p1|Incineroar, L50, M|\n|poke|p1|Basculegion, L50, M|\n|poke|p1|Pelipper, L50, F|\n|poke|p2|Gengar, L50, F|\n|poke|p2|Tyranitar, L50, F|\n|poke|p2|Excadrill, L50, M|\n|poke|p2|Gyarados, L50, M|\n|poke|p2|Corviknight, L50, F|\n|poke|p2|Rotom-Heat, L50|\n|teampreview|4\n|inactive|Battle timer is ON: inactive players will automatically lose when time's up. (requested by NotPector)\n|\n|t:|1776537544\n|teamsize|p1|4\n|teamsize|p2|4\n|start\n|switch|p1a: Incineroar|Incineroar, L50, M|100/100\n|switch|p1b: Basculegion|Basculegion, L50, M|100/100\n|switch|p2a: Gyarados|Gyarados, L50, M|100/100\n|switch|p2b: Rotom|Rotom-Heat, L50|100/100\n|-ability|p2a: Gyarados|Intimidate|boost\n|-unboost|p1a: Incineroar|atk|1\n|-unboost|p1b: Basculegion|atk|1\n|-ability|p1a: Incineroar|Intimidate|boost\n|-unboost|p2a: Gyarados|atk|1\n|-unboost|p2b: Rotom|atk|1\n|turn|1\n|inactive|Haechu has 30 seconds left.\n|\n|t:|1776537569\n|move|p2b: Rotom|Protect|p2b: Rotom\n|-singleturn|p2b: Rotom|Protect\n|move|p1a: Incineroar|Fake Out|p2b: Rotom\n|-activate|p2b: Rotom|move: Protect\n|move|p1b: Basculegion|Wave Crash|p2b: Rotom\n|-activate|p2b: Rotom|move: Protect\n|move|p2a: Gyarados|Thunder Wave|p1b: Basculegion|[miss]\n|-miss|p2a: Gyarados|p1b: Basculegion\n|\n|upkeep\n|turn|2\n|inactive|NotPector has 30 seconds left.\n|\n|t:|1776537595\n|switch|p1a: Pelipper|Pelipper, L50, F|100/100\n|-weather|RainDance|[from] ability: Drizzle|[of] p1a: Pelipper\n|move|p1b: Basculegion|Wave Crash|p2b: Rotom\n|-supereffective|p2b: Rotom|1\n|-damage|p2b: Rotom|0 fnt\n|faint|p2b: Rotom\n|-damage|p1b: Basculegion|74/100|[from] Recoil\n|move|p2a: Gyarados|Thunder Wave|p1b: Basculegion\n|-status|p1b: Basculegion|par\n|\n|-weather|RainDance|[upkeep]\n|upkeep\n|\n|t:|1776537610\n|switch|p2b: Tyranitar|Tyranitar, L50, F|100/100\n|-weather|Sandstorm|[from] ability: Sand Stream|[of] p2b: Tyranitar\n|turn|3\n|\n|t:|1776537623\n|switch|p1a: Incineroar|Incineroar, L50, M|100/100\n|-ability|p1a: Incineroar|Intimidate|boost\n|-unboost|p2a: Gyarados|atk|1\n|-unboost|p2b: Tyranitar|atk|1\n|move|p1b: Basculegion|Protect|p1b: Basculegion\n|-singleturn|p1b: Basculegion|Protect\n|move|p2a: Gyarados|Taunt|p1a: Incineroar\n|-start|p1a: Incineroar|move: Taunt\n|move|p2b: Tyranitar|Rock Slide|p1a: Incineroar|[spread] p1a\n|-activate|p1b: Basculegion|move: Protect\n|-supereffective|p1a: Incineroar|1\n|-damage|p1a: Incineroar|64/100\n|\n|-weather|Sandstorm|[upkeep]\n|-damage|p2a: Gyarados|95/100|[from] Sandstorm\n|-damage|p1a: Incineroar|58/100|[from] Sandstorm\n|-damage|p1b: Basculegion|68/100 par|[from] Sandstorm\n|upkeep\n|turn|4\n|inactive|NotPector has 30 seconds left.\n|\n|t:|1776537650\n|move|p2b: Tyranitar|Protect|p2b: Tyranitar\n|-singleturn|p2b: Tyranitar|Protect\n|move|p1a: Incineroar|Fake Out|p2b: Tyranitar\n|-activate|p2b: Tyranitar|move: Protect\n|move|p2a: Gyarados|Thunder Wave|p1a: Incineroar\n|-status|p1a: Incineroar|par\n|move|p1b: Basculegion|Wave Crash|p2b: Tyranitar\n|-activate|p2b: Tyranitar|move: Protect\n|\n|-weather|Sandstorm|[upkeep]\n|-damage|p2a: Gyarados|89/100|[from] Sandstorm\n|-damage|p1b: Basculegion|62/100 par|[from] Sandstorm\n|-damage|p1a: Incineroar|52/100 par|[from] Sandstorm\n|upkeep\n|turn|5\n|\n|t:|1776537667\n|switch|p2a: Excadrill|Excadrill, L50, M|100/100\n|switch|p1b: Pelipper|Pelipper, L50, F|100/100\n|-weather|RainDance|[from] ability: Drizzle|[of] p1b: Pelipper\n|switch|p1a: Archaludon|Archaludon, L50, M|100/100\n|move|p2b: Tyranitar|Rock Slide|p1a: Archaludon|[spread] p1a,p1b\n|-resisted|p1a: Archaludon|1\n|-supereffective|p1b: Pelipper|1\n|-damage|p1a: Archaludon|93/100\n|-damage|p1b: Pelipper|52/100\n|-ability|p1a: Archaludon|Stamina|boost\n|-boost|p1a: Archaludon|def|1\n|\n|-weather|RainDance|[upkeep]\n|upkeep\n|turn|6\n|inactive|NotPector has 30 seconds left.\n|\n|t:|1776537695\n|switch|p1b: Incineroar|Incineroar, L50, M|52/100 par\n|-ability|p1b: Incineroar|Intimidate|boost\n|-unboost|p2a: Excadrill|atk|1\n|-unboost|p2b: Tyranitar|atk|1\n|switch|p2b: Gyarados|Gyarados, L50, M|89/100\n|-ability|p2b: Gyarados|Intimidate|boost\n|-unboost|p1a: Archaludon|atk|1\n|-unboost|p1b: Incineroar|atk|1\n|move|p2a: Excadrill|Protect|p2a: Excadrill\n|-singleturn|p2a: Excadrill|Protect\n|move|p1a: Archaludon|Snarl|p2b: Gyarados|[spread] p2b\n|-activate|p2a: Excadrill|move: Protect\n|-damage|p2b: Gyarados|78/100\n|-unboost|p2b: Gyarados|spa|1\n|\n|-weather|RainDance|[upkeep]\n|upkeep\n|turn|7\n|\n|t:|1776537718\n|switch|p2a: Tyranitar|Tyranitar, L50, F|100/100\n|-weather|Sandstorm|[from] ability: Sand Stream|[of] p2a: Tyranitar\n|move|p1b: Incineroar|Fake Out|p2a: Tyranitar\n|-resisted|p2a: Tyranitar|1\n|-damage|p2a: Tyranitar|98/100\n|move|p2b: Gyarados|Waterfall|p1b: Incineroar\n|-supereffective|p1b: Incineroar|1\n|-damage|p1b: Incineroar|0 fnt\n|faint|p1b: Incineroar\n|move|p1a: Archaludon|Flash Cannon|p2b: Gyarados\n|-resisted|p2b: Gyarados|1\n|-damage|p2b: Gyarados|61/100\n|\n|-weather|Sandstorm|[upkeep]\n|-damage|p2b: Gyarados|55/100|[from] Sandstorm\n|upkeep\n|inactive|Haechu has 30 seconds left.\n|\n|t:|1776537746\n|switch|p1b: Pelipper|Pelipper, L50, F|52/100\n|-weather|RainDance|[from] ability: Drizzle|[of] p1b: Pelipper\n|turn|8\n|\n|t:|1776537758\n|switch|p2a: Excadrill|Excadrill, L50, M|100/100\n|move|p1b: Pelipper|Tailwind|p1b: Pelipper\n|-sidestart|p1: Haechu|move: Tailwind\n|move|p1a: Archaludon|Electro Shot||[still]\n|-prepare|p1a: Archaludon|Electro Shot\n|-boost|p1a: Archaludon|spa|1\n|-anim|p1a: Archaludon|Electro Shot|p2b: Gyarados\n|-supereffective|p2b: Gyarados|2\n|-damage|p2b: Gyarados|0 fnt\n|faint|p2b: Gyarados\n|\n|-weather|RainDance|[upkeep]\n|upkeep\n|\n|t:|1776537766\n|switch|p2b: Tyranitar|Tyranitar, L50, F|98/100\n|-weather|Sandstorm|[from] ability: Sand Stream|[of] p2b: Tyranitar\n|turn|9\n|inactive|Haechu has 30 seconds left.\n|\n|t:|1776537794\n|switch|p1b: Basculegion|Basculegion, L50, M|62/100 par\n|move|p2a: Excadrill|Earthquake|p1a: Archaludon|[spread] p2b,p1a,p1b\n|-supereffective|p2b: Tyranitar|1\n|-enditem|p2b: Tyranitar|Shuca Berry|[eat]\n|-enditem|p2b: Tyranitar|Shuca Berry|[weaken]\n|-supereffective|p1a: Archaludon|1\n|-damage|p2b: Tyranitar|64/100\n|-damage|p1a: Archaludon|50/100\n|-damage|p1b: Basculegion|10/100 par\n|-ability|p1a: Archaludon|Stamina|boost\n|-boost|p1a: Archaludon|def|1\n|move|p1a: Archaludon|Flash Cannon|p2b: Tyranitar\n|-supereffective|p2b: Tyranitar|1\n|-damage|p2b: Tyranitar|0 fnt\n|faint|p2b: Tyranitar\n|\n|-weather|Sandstorm|[upkeep]\n|-damage|p1b: Basculegion|4/100 par|[from] Sandstorm\n|upkeep\n|turn|10\n|\n|t:|1776537815\n|move|p2a: Excadrill|Protect|p2a: Excadrill\n|-singleturn|p2a: Excadrill|Protect\n|move|p1b: Basculegion|Aqua Jet|p2a: Excadrill\n|-activate|p2a: Excadrill|move: Protect\n|move|p1a: Archaludon|Snarl|p2a: Excadrill\n|-activate|p2a: Excadrill|move: Protect\n|\n|-weather|Sandstorm|[upkeep]\n|-damage|p1b: Basculegion|0 fnt|[from] Sandstorm\n|faint|p1b: Basculegion\n|upkeep\n|\n|t:|1776537817\n|switch|p1b: Pelipper|Pelipper, L50, F|52/100\n|-weather|RainDance|[from] ability: Drizzle|[of] p1b: Pelipper\n|turn|11\n|inactive|Haechu has 30 seconds left.\n|\n|t:|1776537843\n|move|p1b: Pelipper|Weather Ball|p2a: Excadrill\n|-supereffective|p2a: Excadrill|1\n|-enditem|p2a: Excadrill|Focus Sash\n|-damage|p2a: Excadrill|1/100\n|move|p1a: Archaludon|Dragon Pulse|p2a: Excadrill\n|-resisted|p2a: Excadrill|1\n|-damage|p2a: Excadrill|0 fnt\n|faint|p2a: Excadrill\n|\n|win|Haechu\n|raw|Haechu's rating: 1241 &rarr; <strong>1266</strong><br />(+25 for winning)\n|raw|NotPector's rating: 1235 &rarr; <strong>1210</strong><br />(-25 for losing)\n|c|\u2606Haechu|GG WP\n|l|\u2606NotPector\n|player|p2|\n",
  "uploadtime": 1776537934,
  "views": 21,
  "formatid": "gen9championsvgc2026regma",
  "rating": 1210,
  "private": 0,
  "password": null
}