{
  "id": "gen9championsvgc2026regma-2582319334",
  "format": "[Gen 9 Champions] VGC 2026 Reg M-A",
  "players": [
    "DittoDitto14",
    "squirethe2nd"
  ],
  "log": "|j|\u2606DittoDitto14\n|j|\u2606squirethe2nd\n|t:|1776082974\n|gametype|doubles\n|player|p1|DittoDitto14|169|1190\n|player|p2|squirethe2nd|steven|1145\n|gen|9\n|tier|[Gen 9 Champions] VGC 2026 Reg M-A\n|rated|\n|rule|Species Clause: Limit one of each Pok\u00e9mon\n|rule|Item Clause: Limit 1 of each item\n|clearpoke\n|poke|p1|Charizard, L50, F|\n|poke|p1|Sneasler, L50, F|\n|poke|p1|Garchomp, L50, F|\n|poke|p1|Incineroar, L50, F|\n|poke|p1|Whimsicott, L50, F|\n|poke|p1|Rotom-Wash, L50|\n|poke|p2|Charizard, L50, M|\n|poke|p2|Sneasler, L50, M|\n|poke|p2|Incineroar, L50, M|\n|poke|p2|Whimsicott, L50, F|\n|poke|p2|Rotom-Wash, L50|\n|poke|p2|Garchomp, L50, F|\n|teampreview|4\n|inactive|Battle timer is ON: inactive players will automatically lose when time's up. (requested by squirethe2nd)\n|inactive|DittoDitto14 also wants the timer to be on.\n|c|\u2606squirethe2nd|ah\n|c|\u2606squirethe2nd|dittoditto\n|c|\u2606squirethe2nd|same team\n|c|\u2606squirethe2nd|thats weird\nDittoDitto14 has agreed to open team sheets.\n|c|\u2606DittoDitto14|ya lol\nsquirethe2nd has agreed to open team sheets.\n|showteam|p1|Charizard||CharizarditeY|SolarPower|Protect,SolarBeam,HeatWave,WeatherBall|||F|||50|]Sneasler||WhiteHerb|Unburden|Protect,DireClaw,CloseCombat,FakeOut|||F|||50|]Garchomp||ChoiceScarf|RoughSkin|RockSlide,DragonClaw,Earthquake,StompingTantrum|||F|||50|]Incineroar||ChopleBerry|Intimidate|ThroatChop,FakeOut,FlareBlitz,PartingShot|||F|||50|]Whimsicott||FocusSash|Prankster|Tailwind,Moonblast,Protect,Encore|||F|||50|]Rotom-Wash||SitrusBerry|Levitate|VoltSwitch,HydroPump,Thunderbolt,Protect||||||50|\n|showteam|p2|Charizard||CharizarditeY|Blaze|AirSlash,Flamethrower,HeatWave,Protect|||M|||50|]Sneasler||WhiteHerb|Unburden|Uturn,CloseCombat,DireClaw,FakeOut|||M|||50|]Incineroar||SitrusBerry|Intimidate|FakeOut,FlareBlitz,PartingShot,DarkestLariat|||M|||50|]Whimsicott||FocusSash|Prankster|DazzlingGleam,Tailwind,Protect,SunnyDay|||F|||50|]Rotom-Wash||Leftovers|Levitate|Thunderbolt,VoltSwitch,HydroPump,Protect||||||50|]Garchomp||ChoiceScarf|RoughSkin|RockSlide,Earthquake,DragonClaw,Crunch|||F|||50|\n|inactive|squirethe2nd has 60 seconds left.\n|c|\u2606DittoDitto14|you checking online too\n|inactive|squirethe2nd has 30 seconds left.\n|c|\u2606squirethe2nd|nope made this myself tbh\n|inactive|squirethe2nd has 20 seconds left.\n|\n|t:|1776083045\n|teamsize|p1|4\n|teamsize|p2|4\n|start\n|switch|p1a: Rotom|Rotom-Wash, L50|100/100\n|switch|p1b: Whimsicott|Whimsicott, L50, F|100/100\n|switch|p2a: Garchomp|Garchomp, L50, F|100/100\n|switch|p2b: Sneasler|Sneasler, L50, M|100/100\n|turn|1\n|c|\u2606DittoDitto14|that's crazy\n|c|\u2606squirethe2nd|was running glimmora mega instead of sneasler like 30 mins ago tho\n|inactive|squirethe2nd has 30 seconds left.\n|\n|t:|1776083077\n|move|p1a: Rotom|Protect|p1a: Rotom\n|-singleturn|p1a: Rotom|Protect\n|move|p2b: Sneasler|Fake Out|p1b: Whimsicott\n|-damage|p1b: Whimsicott|76/100\n|cant|p1b: Whimsicott|flinch\n|move|p2a: Garchomp|Rock Slide|p1a: Rotom|[spread] p1b\n|-activate|p1a: Rotom|move: Protect\n|-damage|p1b: Whimsicott|48/100\n|\n|upkeep\n|turn|2\n|c|\u2606DittoDitto14|i've through about slow mega venusaur for anti trick room\n|inactive|DittoDitto14 has 30 seconds left.\n|\n|t:|1776083104\n|switch|p2a: Incineroar|Incineroar, L50, M|100/100\n|-ability|p2a: Incineroar|Intimidate|boost\n|-unboost|p1a: Rotom|atk|1\n|-unboost|p1b: Whimsicott|atk|1\n|move|p1b: Whimsicott|Tailwind|p1b: Whimsicott\n|-sidestart|p1: DittoDitto14|move: Tailwind\n|move|p1a: Rotom|Volt Switch|p2b: Sneasler\n|-damage|p2b: Sneasler|64/100\n|\n|t:|1776083114\n|switch|p1a: Incineroar|Incineroar, L50, F|100/100|[from] Volt Switch\n|-ability|p1a: Incineroar|Intimidate|boost\n|-unboost|p2a: Incineroar|atk|1\n|-unboost|p2b: Sneasler|atk|1\n|-enditem|p2b: Sneasler|White Herb\n|-clearnegativeboost|p2b: Sneasler|[silent]\n|move|p2b: Sneasler|Dire Claw|p1b: Whimsicott\n|-supereffective|p1b: Whimsicott|2\n|-damage|p1b: Whimsicott|0 fnt\n|faint|p1b: Whimsicott\n|\n|upkeep\n|c|\u2606squirethe2nd|could work Im just extra worried bout floette\n|\n|t:|1776083129\n|switch|p1b: Sneasler|Sneasler, L50, F|100/100\n|turn|3\n|inactive|squirethe2nd has 30 seconds left.\n|\n|t:|1776083159\n|move|p1a: Incineroar|Fake Out|p2a: Incineroar\n|-damage|p2a: Incineroar|88/100\n|move|p2b: Sneasler|Close Combat|p1a: Incineroar\n|-supereffective|p1a: Incineroar|1\n|-enditem|p1a: Incineroar|Chople Berry|[eat]\n|-enditem|p1a: Incineroar|Chople Berry|[weaken]\n|-damage|p1a: Incineroar|40/100\n|-unboost|p2b: Sneasler|def|1\n|-unboost|p2b: Sneasler|spd|1\n|move|p1b: Sneasler|Dire Claw|p2b: Sneasler\n|-resisted|p2b: Sneasler|1\n|-damage|p2b: Sneasler|6/100\n|cant|p2a: Incineroar|flinch\n|\n|upkeep\n|turn|4\n|\n|t:|1776083180\n|move|p1b: Sneasler|Protect|p1b: Sneasler\n|-singleturn|p1b: Sneasler|Protect\n|move|p2b: Sneasler|Close Combat|p1a: Incineroar\n|-supereffective|p1a: Incineroar|1\n|-crit|p1a: Incineroar\n|-damage|p1a: Incineroar|0 fnt\n|-unboost|p2b: Sneasler|def|1\n|-unboost|p2b: Sneasler|spd|1\n|faint|p1a: Incineroar\n|move|p2a: Incineroar|Flare Blitz|p1b: Sneasler\n|-activate|p1b: Sneasler|move: Protect\n|\n|upkeep\n|c|\u2606DittoDitto14|feels fine to me if you can position incin next to zard\n|\n|t:|1776083190\n|switch|p1a: Rotom|Rotom-Wash, L50|100/100\n|turn|5\n|c|\u2606squirethe2nd|yeah but thats harder than it seems from my testing\n|inactive|squirethe2nd has 30 seconds left.\n|inactive|squirethe2nd has 20 seconds left.\n|\n|t:|1776083229\n|switch|p2a: Rotom|Rotom-Wash, L50|100/100\n|move|p1a: Rotom|Protect|p1a: Rotom\n|-singleturn|p1a: Rotom|Protect\n|move|p2b: Sneasler|Close Combat|p1a: Rotom\n|-activate|p1a: Rotom|move: Protect\n|move|p1b: Sneasler|Close Combat|p2a: Rotom\n|-damage|p2a: Rotom|28/100\n|-unboost|p1b: Sneasler|def|1\n|-unboost|p1b: Sneasler|spd|1\n|-enditem|p1b: Sneasler|White Herb\n|-clearnegativeboost|p1b: Sneasler|[silent]\n|\n|-heal|p2a: Rotom|34/100|[from] item: Leftovers\n|-sideend|p1: DittoDitto14|move: Tailwind\n|upkeep\n|turn|6\n|c|\u2606DittoDitto14|honestly why i have volt switch\n|inactive|DittoDitto14 has 30 seconds left.\n|\n|t:|1776083255\n|move|p2b: Sneasler|Close Combat|p1a: Rotom\n|-damage|p1a: Rotom|24/100\n|-unboost|p2b: Sneasler|def|1\n|-unboost|p2b: Sneasler|spd|1\n|-enditem|p1a: Rotom|Sitrus Berry|[eat]\n|-heal|p1a: Rotom|49/100|[from] item: Sitrus Berry\n|move|p1b: Sneasler|Dire Claw|p2b: Sneasler\n|-resisted|p2b: Sneasler|1\n|-damage|p2b: Sneasler|0 fnt\n|faint|p2b: Sneasler\n|move|p2a: Rotom|Hydro Pump|p1b: Sneasler\n|-damage|p1b: Sneasler|29/100\n|move|p1a: Rotom|Thunderbolt|p2a: Rotom\n|-damage|p2a: Rotom|0 fnt\n|faint|p2a: Rotom\n|\n|upkeep\n|\n|t:|1776083268\n|switch|p2b: Incineroar|Incineroar, L50, M|88/100\n|switch|p2a: Garchomp|Garchomp, L50, F|100/100\n|-ability|p2b: Incineroar|Intimidate|boost\n|-unboost|p1a: Rotom|atk|1\n|-unboost|p1b: Sneasler|atk|1\n|turn|7\n|\n|t:|1776083292\n|move|p1b: Sneasler|Protect|p1b: Sneasler\n|-singleturn|p1b: Sneasler|Protect\n|move|p2b: Incineroar|Fake Out|p1b: Sneasler\n|-activate|p1b: Sneasler|move: Protect\n|move|p2a: Garchomp|Dragon Claw|p1b: Sneasler\n|-activate|p1b: Sneasler|move: Protect\n|move|p1a: Rotom|Hydro Pump|p2a: Garchomp\n|-damage|p2a: Garchomp|55/100\n|\n|upkeep\n|turn|8\n|\n|t:|1776083307\n|move|p1b: Sneasler|Close Combat|p2a: Garchomp\n|-damage|p2a: Garchomp|13/100\n|-unboost|p1b: Sneasler|def|1\n|-unboost|p1b: Sneasler|spd|1\n|-damage|p1b: Sneasler|17/100|[from] ability: Rough Skin|[of] p2a: Garchomp\n|move|p2a: Garchomp|Dragon Claw|p1b: Sneasler\n|-damage|p1b: Sneasler|0 fnt\n|faint|p1b: Sneasler\n|move|p1a: Rotom|Hydro Pump|p2b: Incineroar|[miss]\n|-miss|p1a: Rotom|p2b: Incineroar\n|move|p2b: Incineroar|Darkest Lariat|p1a: Rotom\n|-damage|p1a: Rotom|4/100\n|\n|upkeep\n|turn|9\n|\n|t:|1776083328\n|move|p2a: Garchomp|Dragon Claw|p1a: Rotom\n|-damage|p1a: Rotom|0 fnt\n|faint|p1a: Rotom\n|\n|win|squirethe2nd\n|raw|DittoDitto14's rating: 1190 &rarr; <strong>1162</strong><br />(-28 for losing)\n|raw|squirethe2nd's rating: 1145 &rarr; <strong>1173</strong><br />(+28 for winning)\n|c|\u2606DittoDitto14|gg, fun ditto\n|c|\u2606squirethe2nd|gg\n|c|\u2606squirethe2nd|wp\n|l|\u2606DittoDitto14\n|player|p1|\n",
  "uploadtime": 1776083337,
  "views": 18,
  "formatid": "gen9championsvgc2026regma",
  "rating": 1162,
  "private": 0,
  "password": null
}