{
  "id": "gen9championsvgc2026regma-2587446285",
  "format": "[Gen 9 Champions] VGC 2026 Reg M-A",
  "players": [
    "PM77Switch",
    "gahtut"
  ],
  "log": "|j|\u2606PM77Switch\n|j|\u2606gahtut\n|t:|1776532497\n|gametype|doubles\n|player|p1|PM77Switch|may-masters3|1155\n|player|p2|gahtut|266|1116\n|gen|9\n|tier|[Gen 9 Champions] VGC 2026 Reg M-A\n|rated|\n|rule|Species Clause: Limit one of each Pok\u00e9mon\n|rule|Item Clause: Limit 1 of each item\n|clearpoke\n|poke|p1|Blastoise, L50, M|\n|poke|p1|Kingambit, L50, F|\n|poke|p1|Sneasler, L50, M|\n|poke|p1|Aerodactyl, L50, F|\n|poke|p1|Sinistcha, L50|\n|poke|p1|Incineroar, L50, F|\n|poke|p2|Gengar, L50, F, shiny|\n|poke|p2|Sableye, L50, F, shiny|\n|poke|p2|Basculegion, L50, M, shiny|\n|poke|p2|Pelipper, L50, F, shiny|\n|poke|p2|Sneasler, L50, F, shiny|\n|poke|p2|Corviknight, L50, F, shiny|\n|teampreview|4\n|\n|t:|1776532535\n|teamsize|p1|4\n|teamsize|p2|4\n|start\n|switch|p1a: Aerodactyl|Aerodactyl, L50, F|100/100\n|switch|p1b: Kingambit|Kingambit, L50, F|100/100\n|switch|p2a: Gengar|Gengar, L50, F, shiny|100/100\n|switch|p2b: Sableye|Sableye, L50, F, shiny|100/100\n|-ability|p1a: Aerodactyl|Unnerve\n|turn|1\n|\n|t:|1776532557\n|detailschange|p2a: Gengar|Gengar-Mega, L50, F, shiny\n|-mega|p2a: Gengar|Gengar|Gengarite\n|move|p2b: Sableye|Gravity|p2b: Sableye\n|-fieldstart|move: Gravity\n|move|p2a: Gengar|Hypnosis|p1b: Kingambit\n|-status|p1b: Kingambit|slp|[from] move: Hypnosis\n|move|p1a: Aerodactyl|Tailwind|p1a: Aerodactyl\n|-sidestart|p1: PM77Switch|move: Tailwind\n|cant|p1b: Kingambit|slp\n|\n|upkeep\n|turn|2\n|\n|t:|1776532582\n|switch|p2a: Sneasler|Sneasler, L50, F, shiny|100/100\n|move|p2b: Sableye|Encore|p1a: Aerodactyl\n|-start|p1a: Aerodactyl|Encore\n|move|p1a: Aerodactyl|Tailwind||[still]\n|-fail|p1a: Aerodactyl\n|cant|p1b: Kingambit|slp\n|\n|upkeep\n|turn|3\n|\n|t:|1776532603\n|switch|p1a: Blastoise|Blastoise, L50, M|100/100\n|switch|p1b: Sinistcha|Sinistcha, L50|100/100\n|move|p2b: Sableye|Disable||[still]\n|-fail|p2b: Sableye\n|move|p2a: Sneasler|Close Combat|p1b: Sinistcha\n|-immune|p1b: Sinistcha\n|\n|upkeep\n|turn|4\n|\n|t:|1776532633\n|detailschange|p1a: Blastoise|Blastoise-Mega, L50, M\n|-mega|p1a: Blastoise|Blastoise|Blastoisinite\n|move|p2b: Sableye|Protect|p2b: Sableye\n|-singleturn|p2b: Sableye|Protect\n|move|p1a: Blastoise|Water Spout|p2b: Sableye|[spread] p2a\n|-activate|p2b: Sableye|move: Protect\n|-damage|p2a: Sneasler|13/100\n|move|p2a: Sneasler|Dire Claw|p1b: Sinistcha\n|-damage|p1b: Sinistcha|58/100\n|move|p1b: Sinistcha|Trick Room|p1b: Sinistcha\n|-fieldstart|move: Trick Room|[of] p1b: Sinistcha\n|\n|-sideend|p1: PM77Switch|move: Tailwind\n|upkeep\n|turn|5\n|\n|t:|1776532653\n|switch|p1b: Kingambit|Kingambit, L50, F|100/100 slp\n|move|p2a: Sneasler|Protect|p2a: Sneasler\n|-singleturn|p2a: Sneasler|Protect\n|move|p2b: Sableye|Disable|p1a: Blastoise\n|-start|p1a: Blastoise|Disable|Water Spout\n|cant|p1a: Blastoise|Disable|Water Spout\n|\n|-fieldend|move: Gravity\n|upkeep\n|turn|6\n|\n|t:|1776532673\n|switch|p1a: Sinistcha|Sinistcha, L50|58/100\n|move|p2b: Sableye|Encore||[still]\n|-fail|p2b: Sableye\n|-curestatus|p1b: Kingambit|slp|[msg]\n|move|p1b: Kingambit|Kowtow Cleave|p2a: Sneasler\n|-resisted|p2a: Sneasler|1\n|-damage|p2a: Sneasler|0 fnt\n|faint|p2a: Sneasler\n|\n|upkeep\n|\n|t:|1776532687\n|switch|p2a: Gengar|Gengar-Mega, L50, F, shiny|100/100\n|turn|7\n|\n|t:|1776532701\n|move|p2a: Gengar|Protect|p2a: Gengar\n|-singleturn|p2a: Gengar|Protect\n|move|p2b: Sableye|Gravity|p2b: Sableye\n|-fieldstart|move: Gravity\n|move|p1b: Kingambit|Kowtow Cleave|p2a: Gengar\n|-activate|p2a: Gengar|move: Protect\n|move|p1a: Sinistcha|Matcha Gotcha|p2a: Gengar|[spread] p2b\n|-activate|p2a: Gengar|move: Protect\n|-damage|p2b: Sableye|69/100\n|-heal|p1a: Sinistcha|72/100|[from] drain|[of] p2b: Sableye\n|\n|upkeep\n|turn|8\n|\n|t:|1776532726\n|switch|p2a: Basculegion|Basculegion, L50, M, shiny|100/100\n|move|p1a: Sinistcha|Rage Powder|p1a: Sinistcha\n|-singleturn|p1a: Sinistcha|move: Rage Powder\n|move|p2b: Sableye|Disable|p1a: Sinistcha\n|-start|p1a: Sinistcha|Disable|Rage Powder\n|move|p1b: Kingambit|Kowtow Cleave|p2a: Basculegion\n|-supereffective|p2a: Basculegion|1\n|-damage|p2a: Basculegion|0 fnt\n|faint|p2a: Basculegion\n|\n|-fieldend|move: Trick Room\n|upkeep\n|\n|t:|1776532735\n|switch|p2a: Gengar|Gengar-Mega, L50, F, shiny|100/100\n|turn|9\n|\n|t:|1776532745\n|move|p2b: Sableye|Encore|p1a: Sinistcha\n|-start|p1a: Sinistcha|Encore\n|cant|p1a: Sinistcha|Disable|Rage Powder\n|move|p2a: Gengar|Hypnosis|p1b: Kingambit\n|-status|p1b: Kingambit|slp|[from] move: Hypnosis\n|cant|p1b: Kingambit|slp\n|\n|upkeep\n|turn|10\n|\n|t:|1776532760\n|switch|p1a: Aerodactyl|Aerodactyl, L50, F|100/100\n|-ability|p1a: Aerodactyl|Unnerve\n|move|p2b: Sableye|Protect|p2b: Sableye\n|-singleturn|p2b: Sableye|Protect\n|move|p2a: Gengar|Sludge Wave|p1a: Aerodactyl|[spread] p1a\n|-activate|p2b: Sableye|move: Protect\n|-immune|p1b: Kingambit\n|-resisted|p1a: Aerodactyl|1\n|-damage|p1a: Aerodactyl|71/100\n|-curestatus|p1b: Kingambit|slp|[msg]\n|move|p1b: Kingambit|Kowtow Cleave|p2a: Gengar\n|-supereffective|p2a: Gengar|1\n|-damage|p2a: Gengar|0 fnt\n|faint|p2a: Gengar\n|\n|upkeep\n|turn|11\n|-message|gahtut forfeited.\n|\n|win|PM77Switch\n|raw|PM77Switch's rating: 1155 &rarr; <strong>1177</strong><br />(+22 for winning)\n|raw|gahtut's rating: 1116 &rarr; <strong>1094</strong><br />(-22 for losing)\n|l|\u2606gahtut\n|player|p2|\n",
  "uploadtime": 1776532778,
  "views": 13,
  "formatid": "gen9championsvgc2026regma",
  "rating": 1094,
  "private": 0,
  "password": null
}