{
  "id": "gen9championsvgc2026regma-2582440611",
  "format": "[Gen 9 Champions] VGC 2026 Reg M-A",
  "players": [
    "fragonstick",
    "shin-tv07"
  ],
  "log": "|j|\u2606fragonstick\n|j|\u2606shin-tv07\n|t:|1776091848\n|gametype|doubles\n|player|p1|fragonstick|265|1075\n|player|p2|shin-tv07|twins-gen4dp|1043\n|gen|9\n|tier|[Gen 9 Champions] VGC 2026 Reg M-A\n|rated|\n|rule|Species Clause: Limit one of each Pok\u00e9mon\n|rule|Item Clause: Limit 1 of each item\n|clearpoke\n|poke|p1|Scovillain, L50, F|\n|poke|p1|Meowstic, L50, M|\n|poke|p1|Armarouge, L50, M|\n|poke|p1|Volcarona, L50, M|\n|poke|p1|Conkeldurr, L50, F|\n|poke|p1|Zoroark, L50, M|\n|poke|p2|Sneasler, L50, M|\n|poke|p2|Kingambit, L50, M|\n|poke|p2|Clefable, L50, F|\n|poke|p2|Delphox, L50, M|\n|poke|p2|Dragonite, L50, M|\n|poke|p2|Basculegion, L50, M|\n|teampreview|4\n|\n|t:|1776091888\n|teamsize|p1|4\n|teamsize|p2|4\n|start\n|switch|p1a: Meowstic|Meowstic, L50, M|100/100\n|switch|p1b: Armarouge|Armarouge, L50, M|100/100\n|switch|p2a: Kingambit|Kingambit, L50, M|100/100\n|switch|p2b: Clefable|Clefable, L50, F|100/100\n|turn|1\n|\n|t:|1776091909\n|move|p2b: Clefable|Follow Me|p2b: Clefable\n|-singleturn|p2b: Clefable|move: Follow Me\n|move|p1a: Meowstic|Reflect|p1a: Meowstic\n|-sidestart|p1: fragonstick|Reflect\n|move|p2a: Kingambit|Kowtow Cleave|p1a: Meowstic\n|-supereffective|p1a: Meowstic|1\n|-damage|p1a: Meowstic|29/100\n|move|p1b: Armarouge|Trick Room|p1b: Armarouge\n|-fieldstart|move: Trick Room|[of] p1b: Armarouge\n|\n|upkeep\n|turn|2\n|\n|t:|1776091942\n|move|p2b: Clefable|Helping Hand|p2a: Kingambit\n|-singleturn|p2a: Kingambit|Helping Hand|[of] p2b: Clefable\n|move|p2a: Kingambit|Sucker Punch|p1b: Armarouge\n|-supereffective|p1b: Armarouge|1\n|-damage|p1b: Armarouge|13/100\n|move|p1a: Meowstic|Psychic Terrain|p1a: Meowstic\n|-fieldstart|move: Psychic Terrain\n|move|p1b: Armarouge|Expanding Force|p2b: Clefable|[spread] p2b\n|-immune|p2a: Kingambit\n|-damage|p2b: Clefable|26/100\n|-enditem|p2b: Clefable|Sitrus Berry|[eat]\n|-heal|p2b: Clefable|51/100|[from] item: Sitrus Berry\n|\n|upkeep\n|turn|3\n|\n|t:|1776091976\n|move|p1b: Armarouge|Protect|p1b: Armarouge\n|-singleturn|p1b: Armarouge|Protect\n|move|p2b: Clefable|Follow Me|p2b: Clefable\n|-singleturn|p2b: Clefable|move: Follow Me\n|move|p2a: Kingambit|Kowtow Cleave|p1b: Armarouge\n|-activate|p1b: Armarouge|move: Protect\n|move|p1a: Meowstic|Expanding Force|p2a: Kingambit|[spread] p2b\n|-immune|p2a: Kingambit\n|-damage|p2b: Clefable|20/100\n|\n|upkeep\n|turn|4\n|\n|t:|1776092000\n|detailschange|p1a: Meowstic|Meowstic-M-Mega, L50, M\n|-mega|p1a: Meowstic|Meowstic|Meowsticite\n|-ability|p1a: Meowstic|Unaware|Trace|[from] ability: Trace|[of] p2b: Clefable\n|move|p1b: Armarouge|Protect|p1b: Armarouge\n|-singleturn|p1b: Armarouge|Protect\n|move|p2b: Clefable|Follow Me|p2b: Clefable\n|-singleturn|p2b: Clefable|move: Follow Me\n|move|p2a: Kingambit|Kowtow Cleave|p1b: Armarouge\n|-activate|p1b: Armarouge|move: Protect\n|move|p1a: Meowstic|Expanding Force|p2a: Kingambit|[spread] p2b\n|-immune|p2a: Kingambit\n|-damage|p2b: Clefable|0 fnt\n|faint|p2b: Clefable\n|\n|upkeep\n|\n|t:|1776092035\n|switch|p2b: Delphox|Delphox, L50, M|100/100\n|turn|5\n|\n|t:|1776092063\n|switch|p1b: Volcarona|Volcarona, L50, M|100/100\n|detailschange|p2b: Delphox|Delphox-Mega, L50, M\n|-mega|p2b: Delphox|Delphox|Delphoxite\n|move|p2a: Kingambit|Protect|p2a: Kingambit\n|-singleturn|p2a: Kingambit|Protect\n|move|p1a: Meowstic|Light Screen|p1a: Meowstic\n|-sidestart|p1: fragonstick|move: Light Screen\n|move|p2b: Delphox|Heat Wave|p1b: Volcarona|[spread] p1a,p1b\n|-damage|p1a: Meowstic|1/100\n|-damage|p1b: Volcarona|44/100\n|replace|p1b: Zoroark|Zoroark, L50, M\n|-end|p1b: Zoroark|Illusion\n|\n|-sideend|p1: fragonstick|Reflect\n|-fieldend|move: Trick Room\n|upkeep\n|turn|6\n|c|\u2606shin-tv07|you no longer have prankster to set up trickr oom\n|\n|t:|1776092096\n|move|p2b: Delphox|Heat Wave|p1b: Zoroark|[spread] p1a\n|-miss|p2b: Delphox|p1b: Zoroark\n|-damage|p1a: Meowstic|0 fnt\n|faint|p1a: Meowstic\n|move|p1b: Zoroark|U-turn|p2a: Kingambit\n|-damage|p2a: Kingambit|87/100\n|\n|t:|1776092102\n|switch|p1b: Volcarona|Volcarona, L50, M|100/100|[from] U-turn\n|move|p2a: Kingambit|Kowtow Cleave|p1b: Volcarona\n|-damage|p1b: Volcarona|36/100\n|\n|-heal|p1b: Volcarona|42/100|[from] item: Leftovers\n|-fieldend|move: Psychic Terrain\n|upkeep\n|c|\u2606shin-tv07|nvm u didnt need it\n|c|\u2606shin-tv07|unlucky miss for you\n|\n|t:|1776092129\n|switch|p1a: Armarouge|Armarouge, L50, M|44/100\n|turn|7\n|\n|t:|1776092145\n|move|p2a: Kingambit|Sucker Punch|p1a: Armarouge\n|-resisted|p1a: Armarouge|1\n|-damage|p1a: Armarouge|0 fnt\n|replace|p1a: Zoroark|Zoroark, L50, M\n|-end|p1a: Zoroark|Illusion\n|faint|p1a: Zoroark\n|move|p2b: Delphox|Psychic|p1b: Volcarona\n|-crit|p1b: Volcarona\n|-damage|p1b: Volcarona|0 fnt\n|faint|p1b: Volcarona\n|\n|upkeep\n|c|\u2606shin-tv07|good boy\n|\n|t:|1776092158\n|switch|p1b: Armarouge|Armarouge, L50, M|13/100\n|turn|8\n|c|\u2606shin-tv07|gg\n|c|\u2606fragonstick|gg\n|-message|fragonstick forfeited.\n|\n|win|shin-tv07\n|raw|fragonstick's rating: 1075 &rarr; <strong>1052</strong><br />(-23 for losing)\n|raw|shin-tv07's rating: 1043 &rarr; <strong>1080</strong><br />(+37 for winning)\n|l|\u2606fragonstick\n|player|p1|\n",
  "uploadtime": 1776092175,
  "views": 8,
  "formatid": "gen9championsvgc2026regma",
  "rating": 1052,
  "private": 0,
  "password": null
}