{
  "id": "gen9championsvgc2026regma-2588015965",
  "format": "[Gen 9 Champions] VGC 2026 Reg M-A",
  "players": [
    "Weredude08",
    "RonyyZ"
  ],
  "log": "|j|\u2606Weredude08\n|j|\u2606RonyyZ\n|t:|1776593300\n|gametype|doubles\n|player|p1|Weredude08|steven|1189\n|player|p2|RonyyZ|dancer|1144\n|gen|9\n|tier|[Gen 9 Champions] VGC 2026 Reg M-A\n|rated|\n|rule|Species Clause: Limit one of each Pok\u00e9mon\n|rule|Item Clause: Limit 1 of each item\n|clearpoke\n|poke|p1|Floette-Eternal, L50, F|\n|poke|p1|Arcanine-Hisui, L50, F|\n|poke|p1|Whimsicott, L50, F|\n|poke|p1|Kingambit, L50, M|\n|poke|p1|Sinistcha, L50|\n|poke|p1|Palafin, L50, F|\n|poke|p2|Gardevoir, L50, M|\n|poke|p2|Aegislash, L50, F|\n|poke|p2|Rotom-Heat, L50|\n|poke|p2|Aerodactyl, L50, F|\n|poke|p2|Hydreigon, L50, F|\n|poke|p2|Tauros-Paldea-Aqua, L50, M|\n|teampreview|4\n|\n|t:|1776593329\n|teamsize|p1|4\n|teamsize|p2|4\n|start\n|switch|p1a: Whimsicott|Whimsicott, L50, F|100/100\n|switch|p1b: Kingambit|Kingambit, L50, M|100/100\n|switch|p2a: Aegislash|Aegislash, L50, F|100/100\n|switch|p2b: Rotom|Rotom-Heat, L50|100/100\n|turn|1\n|\n|t:|1776593362\n|move|p1b: Kingambit|Protect|p1b: Kingambit\n|-singleturn|p1b: Kingambit|Protect\n|move|p1a: Whimsicott|Tailwind|p1a: Whimsicott\n|-sidestart|p1: Weredude08|move: Tailwind\n|move|p2b: Rotom|Overheat|p1b: Kingambit\n|-activate|p1b: Kingambit|move: Protect\n|-formechange|p2a: Aegislash|Aegislash-Blade|\n|move|p2a: Aegislash|Iron Head|p1a: Whimsicott\n|-supereffective|p1a: Whimsicott|1\n|-enditem|p1a: Whimsicott|Focus Sash\n|-damage|p1a: Whimsicott|1/100\n|\n|upkeep\n|turn|2\n|inactive|Battle timer is ON: inactive players will automatically lose when time's up. (requested by RonyyZ)\n|\n|t:|1776593431\n|-formechange|p2a: Aegislash|Aegislash|\n|move|p2a: Aegislash|King's Shield|p2a: Aegislash\n|-singleturn|p2a: Aegislash|Protect\n|move|p1a: Whimsicott|Moonblast|p2b: Rotom\n|-resisted|p2b: Rotom|1\n|-damage|p2b: Rotom|81/100\n|move|p2b: Rotom|Overheat|p1b: Kingambit\n|-supereffective|p1b: Kingambit|1\n|-damage|p1b: Kingambit|0 fnt\n|-unboost|p2b: Rotom|spa|2\n|faint|p1b: Kingambit\n|\n|upkeep\n|\n|t:|1776593436\n|switch|p1b: Floette|Floette-Eternal, L50, F|100/100\n|turn|3\n|\n|t:|1776593454\n|detailschange|p1b: Floette|Floette-Mega, L50, F\n|-mega|p1b: Floette|Floette|Floettite\n|-ability|p1b: Floette|Fairy Aura\n|move|p1a: Whimsicott|Encore|p2a: Aegislash\n|-start|p2a: Aegislash|Encore\n|move|p2a: Aegislash|King's Shield||[still]\n|-fail|p2a: Aegislash\n|move|p1b: Floette|Calm Mind|p1b: Floette\n|-boost|p1b: Floette|spa|1\n|-boost|p1b: Floette|spd|1\n|move|p2b: Rotom|Overheat|p1a: Whimsicott\n|-supereffective|p1a: Whimsicott|1\n|-damage|p1a: Whimsicott|0 fnt\n|-unboost|p2b: Rotom|spa|2\n|faint|p1a: Whimsicott\n|\n|upkeep\n|\n|t:|1776593462\n|switch|p1a: Sinistcha|Sinistcha, L50|100/100\n|turn|4\n|inactive|RonyyZ has 30 seconds left.\n|inactive|RonyyZ has 20 seconds left.\n|\n|t:|1776593501\n|switch|p2b: Gardevoir|Gardevoir, L50, M|100/100\n|-ability|p2b: Gardevoir|Fairy Aura|Trace|[from] ability: Trace|[of] p1b: Floette\n|-ability|p2b: Gardevoir|Fairy Aura\n|move|p2a: Aegislash|King's Shield|p2a: Aegislash\n|-singleturn|p2a: Aegislash|Protect\n|move|p1b: Floette|Calm Mind|p1b: Floette\n|-boost|p1b: Floette|spa|1\n|-boost|p1b: Floette|spd|1\n|move|p1a: Sinistcha|Shadow Ball|p2a: Aegislash\n|-activate|p2a: Aegislash|move: Protect\n|\n|-sideend|p1: Weredude08|move: Tailwind\n|upkeep\n|turn|5\n|inactive|Weredude08 has 30 seconds left.\n|inactive|RonyyZ has 30 seconds left.\n|inactive|RonyyZ has 20 seconds left.\n|inactive|RonyyZ has 15 seconds left.\n|\n|t:|1776593544\n|detailschange|p2b: Gardevoir|Gardevoir-Mega, L50, M\n|-mega|p2b: Gardevoir|Gardevoir|Gardevoirite\n|move|p2a: Aegislash|King's Shield||[still]\n|-fail|p2a: Aegislash\n|move|p1b: Floette|Moonblast|p2b: Gardevoir\n|-damage|p2b: Gardevoir|0 fnt\n|faint|p2b: Gardevoir\n|move|p1a: Sinistcha|Shadow Ball|p2a: Aegislash\n|-supereffective|p2a: Aegislash|1\n|-damage|p2a: Aegislash|47/100\n|-unboost|p2a: Aegislash|spd|1\n|\n|-end|p2a: Aegislash|Encore\n|upkeep\n|\n|t:|1776593559\n|switch|p2b: Rotom|Rotom-Heat, L50|81/100\n|turn|6\n|\n|t:|1776593580\n|move|p2b: Rotom|Overheat|p1a: Sinistcha\n|-supereffective|p1a: Sinistcha|1\n|-damage|p1a: Sinistcha|0 fnt\n|-unboost|p2b: Rotom|spa|2\n|faint|p1a: Sinistcha\n|move|p1b: Floette|Moonblast|p2a: Aegislash\n|-resisted|p2a: Aegislash|1\n|-damage|p2a: Aegislash|0 fnt\n|faint|p2a: Aegislash\n|\n|upkeep\n|\n|t:|1776593592\n|switch|p2a: Tauros|Tauros-Paldea-Aqua, L50, M|100/100\n|-ability|p2a: Tauros|Intimidate|boost\n|-unboost|p1b: Floette|atk|1\n|turn|7\n|\n|t:|1776593601\n|move|p2a: Tauros|Protect|p2a: Tauros\n|-singleturn|p2a: Tauros|Protect\n|move|p2b: Rotom|Overheat|p1b: Floette|[miss]\n|-miss|p2b: Rotom|p1b: Floette\n|move|p1b: Floette|Dazzling Gleam|p2a: Tauros|[spread] p2b\n|-activate|p2a: Tauros|move: Protect\n|-resisted|p2b: Rotom|1\n|-damage|p2b: Rotom|27/100\n|\n|upkeep\n|turn|8\n|c|\u2606Weredude08|gg\n|\n|t:|1776593614\n|move|p2b: Rotom|Overheat|p1b: Floette\n|-damage|p1b: Floette|89/100\n|-unboost|p2b: Rotom|spa|2\n|move|p1b: Floette|Dazzling Gleam|p2b: Rotom|[spread] p2a,p2b\n|-supereffective|p2a: Tauros|1\n|-resisted|p2b: Rotom|1\n|-damage|p2a: Tauros|0 fnt\n|-damage|p2b: Rotom|0 fnt\n|faint|p2a: Tauros\n|faint|p2b: Rotom\n|\n|win|Weredude08\n|raw|Weredude08's rating: 1189 &rarr; <strong>1211</strong><br />(+22 for winning)\n|raw|RonyyZ's rating: 1144 &rarr; <strong>1122</strong><br />(-22 for losing)\n|l|\u2606RonyyZ\n|player|p2|\n",
  "uploadtime": 1776593628,
  "views": 13,
  "formatid": "gen9championsvgc2026regma",
  "rating": 1122,
  "private": 0,
  "password": null
}