{
  "id": "gen9championsvgc2026regma-2585389328",
  "format": "[Gen 9 Champions] VGC 2026 Reg M-A",
  "players": [
    "notthea",
    "Xtreme diarheaa"
  ],
  "log": "|j|\u2606notthea\n|j|\u2606Xtreme diarheaa\n|t:|1776343659\n|gametype|doubles\n|player|p1|notthea|102|1088\n|player|p2|Xtreme diarheaa|shadowtriad|1067\n|gen|9\n|tier|[Gen 9 Champions] VGC 2026 Reg M-A\n|rated|\n|rule|Species Clause: Limit one of each Pok\u00e9mon\n|rule|Item Clause: Limit 1 of each item\n|clearpoke\n|poke|p1|Archaludon, L50, M|\n|poke|p1|Sylveon, L50, M|\n|poke|p1|Aerodactyl, L50, F|\n|poke|p1|Froslass, L50, F|\n|poke|p1|Typhlosion-Hisui, L50, M|\n|poke|p1|Hawlucha, L50, M|\n|poke|p2|Spiritomb, L50, M|\n|poke|p2|Sableye, L50, M|\n|poke|p2|Tyranitar, L50, F|\n|poke|p2|Incineroar, L50, M|\n|poke|p2|Umbreon, L50, F|\n|poke|p2|Kingambit, L50, M|\n|teampreview|4\n|\n|t:|1776343707\n|teamsize|p1|4\n|teamsize|p2|4\n|start\n|switch|p1a: Aerodactyl|Aerodactyl, L50, F|100/100\n|switch|p1b: Sylveon|Sylveon, L50, M|100/100\n|switch|p2a: Spiritomb|Spiritomb, L50, M|100/100\n|switch|p2b: Tyranitar|Tyranitar, L50, F|100/100\n|-ability|p1a: Aerodactyl|Unnerve\n|-weather|Sandstorm|[from] ability: Sand Stream|[of] p2b: Tyranitar\n|turn|1\n|\n|t:|1776343715\n|detailschange|p2b: Tyranitar|Tyranitar-Mega, L50, F\n|-mega|p2b: Tyranitar|Tyranitar|Tyranitarite\n|move|p1a: Aerodactyl|Tailwind|p1a: Aerodactyl\n|-sidestart|p1: notthea|move: Tailwind\n|move|p1b: Sylveon|Hyper Voice|p2b: Tyranitar|[spread] p2a,p2b\n|-supereffective|p2a: Spiritomb|1\n|-crit|p2a: Spiritomb\n|-supereffective|p2b: Tyranitar|1\n|-damage|p2a: Spiritomb|4/100\n|-damage|p2b: Tyranitar|63/100\n|move|p2b: Tyranitar|Rock Slide|p1b: Sylveon|[spread] p1a,p1b\n|-supereffective|p1a: Aerodactyl|1\n|-enditem|p1a: Aerodactyl|Focus Sash\n|-damage|p1a: Aerodactyl|1/100\n|-damage|p1b: Sylveon|65/100\n|move|p2a: Spiritomb|Trick Room|p2a: Spiritomb\n|-fieldstart|move: Trick Room|[of] p2a: Spiritomb\n|\n|-weather|Sandstorm|[upkeep]\n|-damage|p2a: Spiritomb|0 fnt|[from] Sandstorm\n|-damage|p1b: Sylveon|59/100|[from] Sandstorm\n|faint|p2a: Spiritomb\n|upkeep\n|\n|t:|1776343734\n|switch|p2a: Incineroar|Incineroar, L50, M|100/100\n|-ability|p2a: Incineroar|Intimidate|boost\n|-unboost|p1a: Aerodactyl|atk|1\n|-unboost|p1b: Sylveon|atk|1\n|turn|2\n|\n|t:|1776343776\n|move|p1a: Aerodactyl|Protect|p1a: Aerodactyl\n|-singleturn|p1a: Aerodactyl|Protect\n|move|p2a: Incineroar|Throat Chop|p1b: Sylveon\n|-resisted|p1b: Sylveon|1\n|-damage|p1b: Sylveon|38/100\n|-start|p1b: Sylveon|Throat Chop|[silent]\n|move|p2b: Tyranitar|Rock Slide|p1a: Aerodactyl|[spread] p1b\n|-activate|p1a: Aerodactyl|move: Protect\n|-damage|p1b: Sylveon|5/100\n|cant|p1b: Sylveon|flinch\n|\n|-weather|Sandstorm|[upkeep]\n|-damage|p2a: Incineroar|95/100|[from] Sandstorm\n|-damage|p1b: Sylveon|0 fnt|[from] Sandstorm\n|faint|p1b: Sylveon\n|upkeep\n|\n|t:|1776343794\n|switch|p1b: Archaludon|Archaludon, L50, M|100/100\n|turn|3\n|\n|t:|1776343804\n|move|p2a: Incineroar|Flare Blitz|p1b: Archaludon\n|-damage|p1b: Archaludon|56/100\n|-ability|p1b: Archaludon|Stamina|boost\n|-boost|p1b: Archaludon|def|1\n|-damage|p2a: Incineroar|80/100|[from] Recoil\n|move|p2b: Tyranitar|Earthquake|p1a: Aerodactyl|[spread] p2a,p1b\n|-immune|p1a: Aerodactyl\n|-supereffective|p2a: Incineroar|1\n|-supereffective|p1b: Archaludon|1\n|-damage|p2a: Incineroar|21/100\n|-damage|p1b: Archaludon|24/100\n|-ability|p1b: Archaludon|Stamina|boost\n|-boost|p1b: Archaludon|def|1\n|move|p1b: Archaludon|Flash Cannon|p2b: Tyranitar\n|-supereffective|p2b: Tyranitar|1\n|-damage|p2b: Tyranitar|24/100\n|-unboost|p2b: Tyranitar|spd|1\n|move|p1a: Aerodactyl|Rock Slide|p2b: Tyranitar|[spread] p2a,p2b\n|-supereffective|p2a: Incineroar|1\n|-damage|p2a: Incineroar|0 fnt\n|-damage|p2b: Tyranitar|12/100\n|faint|p2a: Incineroar\n|\n|-weather|Sandstorm|[upkeep]\n|-heal|p1b: Archaludon|30/100|[from] item: Leftovers\n|upkeep\n|\n|t:|1776343815\n|switch|p2a: Sableye|Sableye, L50, M|100/100\n|turn|4\n|\n|t:|1776343830\n|move|p2a: Sableye|Will-O-Wisp|p1a: Aerodactyl|[miss]\n|-miss|p2a: Sableye|p1a: Aerodactyl\n|move|p2b: Tyranitar|Rock Slide|p1a: Aerodactyl|[spread] p1a,p1b\n|-supereffective|p1a: Aerodactyl|1\n|-resisted|p1b: Archaludon|1\n|-damage|p1a: Aerodactyl|0 fnt\n|-damage|p1b: Archaludon|23/100\n|-ability|p1b: Archaludon|Stamina|boost\n|-boost|p1b: Archaludon|def|1\n|faint|p1a: Aerodactyl\n|move|p1b: Archaludon|Dragon Pulse|p2a: Sableye\n|-damage|p2a: Sableye|47/100\n|\n|-weather|Sandstorm|[upkeep]\n|-damage|p2a: Sableye|41/100|[from] Sandstorm\n|-heal|p1b: Archaludon|29/100|[from] item: Leftovers\n|-sideend|p1: notthea|move: Tailwind\n|upkeep\n|\n|t:|1776343837\n|switch|p1a: Hawlucha|Hawlucha, L50, M|100/100\n|turn|5\n|\n|t:|1776343848\n|move|p1b: Archaludon|Protect|p1b: Archaludon\n|-singleturn|p1b: Archaludon|Protect\n|move|p1a: Hawlucha|Protect|p1a: Hawlucha\n|-singleturn|p1a: Hawlucha|Protect\n|move|p2a: Sableye|Will-O-Wisp|p1a: Hawlucha\n|-activate|p1a: Hawlucha|move: Protect\n|move|p2b: Tyranitar|Rock Slide|p1a: Hawlucha|[spread] \n|-activate|p1a: Hawlucha|move: Protect\n|-activate|p1b: Archaludon|move: Protect\n|\n|-weather|none\n|-heal|p1b: Archaludon|36/100|[from] item: Leftovers\n|-fieldend|move: Trick Room\n|upkeep\n|turn|6\n|\n|t:|1776343860\n|move|p2a: Sableye|Will-O-Wisp|p1a: Hawlucha\n|-status|p1a: Hawlucha|brn\n|move|p1a: Hawlucha|Close Combat|p2b: Tyranitar\n|-supereffective|p2b: Tyranitar|2\n|-damage|p2b: Tyranitar|0 fnt\n|-unboost|p1a: Hawlucha|def|1\n|-unboost|p1a: Hawlucha|spd|1\n|faint|p2b: Tyranitar\n|-enditem|p1a: Hawlucha|White Herb\n|-clearnegativeboost|p1a: Hawlucha|[silent]\n|move|p1b: Archaludon|Flash Cannon|p2a: Sableye\n|-damage|p2a: Sableye|0 fnt\n|faint|p2a: Sableye\n|\n|win|notthea\n|raw|notthea's rating: 1088 &rarr; <strong>1113</strong><br />(+25 for winning)\n|raw|Xtreme diarheaa's rating: 1067 &rarr; <strong>1048</strong><br />(-19 for losing)\n",
  "uploadtime": 1776343864,
  "views": 24,
  "formatid": "gen9championsvgc2026regma",
  "rating": 1048,
  "private": 0,
  "password": null
}