{
  "id": "gen9championsvgc2026regma-2586277009",
  "format": "[Gen 9 Champions] VGC 2026 Reg M-A",
  "players": [
    "edo ghira",
    "Ruehin"
  ],
  "log": "|j|\u2606edo ghira\n|j|\u2606Ruehin\n|t:|1776420392\n|gametype|doubles\n|player|p1|edo ghira|lance|1194\n|player|p2|Ruehin|harlequin|1179\n|gen|9\n|tier|[Gen 9 Champions] VGC 2026 Reg M-A\n|rated|\n|rule|Species Clause: Limit one of each Pok\u00e9mon\n|rule|Item Clause: Limit 1 of each item\n|clearpoke\n|poke|p1|Cofagrigus, L50, F|\n|poke|p1|Aggron, L50, M|\n|poke|p1|Sinistcha-Masterpiece, L50|\n|poke|p1|Pelipper, L50, M|\n|poke|p1|Sneasler, L50, F|\n|poke|p1|Mamoswine, L50, M|\n|poke|p2|Charizard, L50, F|\n|poke|p2|Garchomp, L50, F|\n|poke|p2|Incineroar, L50, M|\n|poke|p2|Venusaur, L50, F|\n|poke|p2|Rotom-Wash, L50|\n|poke|p2|Sneasler, L50, F|\n|teampreview|4\n|\n|t:|1776420439\n|teamsize|p1|4\n|teamsize|p2|4\n|start\n|switch|p1a: Cofagrigus|Cofagrigus, L50, F|100/100\n|switch|p1b: Aggron|Aggron, L50, M|100/100\n|switch|p2a: Charizard|Charizard, L50, F|100/100\n|switch|p2b: Garchomp|Garchomp, L50, F|100/100\n|turn|1\n|\n|t:|1776420456\n|detailschange|p2a: Charizard|Charizard-Mega-Y, L50, F\n|-mega|p2a: Charizard|Charizard|Charizardite Y\n|-weather|SunnyDay|[from] ability: Drought|[of] p2a: Charizard\n|move|p1b: Aggron|Protect|p1b: Aggron\n|-singleturn|p1b: Aggron|Protect\n|move|p2b: Garchomp|Earthquake|p1b: Aggron|[spread] p1a\n|-activate|p1b: Aggron|move: Protect\n|-immune|p2a: Charizard\n|-damage|p1a: Cofagrigus|66/100\n|move|p2a: Charizard|Heat Wave|p1b: Aggron|[spread] p1a\n|-activate|p1b: Aggron|move: Protect\n|-damage|p1a: Cofagrigus|17/100\n|move|p1a: Cofagrigus|Trick Room|p1a: Cofagrigus\n|-fieldstart|move: Trick Room|[of] p1a: Cofagrigus\n|\n|-weather|SunnyDay|[upkeep]\n|upkeep\n|turn|2\n|\n|t:|1776420473\n|switch|p1b: Pelipper|Pelipper, L50, M|100/100\n|-weather|RainDance|[from] ability: Drizzle|[of] p1b: Pelipper\n|move|p2a: Charizard|Protect|p2a: Charizard\n|-singleturn|p2a: Charizard|Protect\n|move|p1a: Cofagrigus|Will-O-Wisp|p2b: Garchomp\n|-status|p2b: Garchomp|brn\n|move|p2b: Garchomp|Earthquake|p1b: Pelipper|[spread] p1a\n|-activate|p2a: Charizard|move: Protect\n|-immune|p1b: Pelipper\n|-damage|p1a: Cofagrigus|2/100\n|\n|-weather|RainDance|[upkeep]\n|-damage|p2b: Garchomp|95/100 brn|[from] brn\n|upkeep\n|turn|3\n|\n|t:|1776420505\n|switch|p2a: Incineroar|Incineroar, L50, M|100/100\n|-ability|p2a: Incineroar|Intimidate|boost\n|-unboost|p1a: Cofagrigus|atk|1\n|-unboost|p1b: Pelipper|atk|1\n|switch|p2b: Rotom|Rotom-Wash, L50|100/100\n|move|p1a: Cofagrigus|Shadow Ball|p2b: Rotom\n|-damage|p2b: Rotom|74/100\n|move|p1b: Pelipper|Weather Ball|p2a: Incineroar\n|-supereffective|p2a: Incineroar|1\n|-damage|p2a: Incineroar|0 fnt\n|faint|p2a: Incineroar\n|\n|-weather|RainDance|[upkeep]\n|-heal|p2b: Rotom|79/100|[from] item: Leftovers\n|upkeep\n|\n|t:|1776420520\n|switch|p2a: Charizard|Charizard-Mega-Y, L50, F|100/100\n|-weather|SunnyDay|[from] ability: Drought|[of] p2a: Charizard\n|turn|4\n|\n|t:|1776420536\n|move|p1a: Cofagrigus|Skill Swap|p1b: Pelipper\n|-activate|p1a: Cofagrigus|Skill Swap|||[of] p1b: Pelipper\n|-weather|RainDance|[from] ability: Drizzle|[of] p1a: Cofagrigus\n|move|p2b: Rotom|Will-O-Wisp|p1b: Pelipper\n|-status|p1b: Pelipper|brn\n|move|p1b: Pelipper|Weather Ball|p2a: Charizard\n|-supereffective|p2a: Charizard|1\n|-damage|p2a: Charizard|0 fnt\n|faint|p2a: Charizard\n|\n|-weather|RainDance|[upkeep]\n|-heal|p2b: Rotom|85/100|[from] item: Leftovers\n|-damage|p1b: Pelipper|95/100 brn|[from] brn\n|upkeep\n|\n|t:|1776420549\n|switch|p2a: Garchomp|Garchomp, L50, F|95/100 brn\n|turn|5\n|\n|t:|1776420563\n|move|p2b: Rotom|Protect|p2b: Rotom\n|-singleturn|p2b: Rotom|Protect\n|move|p1a: Cofagrigus|Shadow Ball|p2b: Rotom\n|-activate|p2b: Rotom|move: Protect\n|move|p1b: Pelipper|Weather Ball|p2a: Garchomp\n|-damage|p2a: Garchomp|29/100 brn\n|move|p2a: Garchomp|Rock Slide|p1b: Pelipper|[spread] p1a,p1b\n|-supereffective|p1b: Pelipper|1\n|-damage|p1a: Cofagrigus|0 fnt\n|-damage|p1b: Pelipper|67/100 brn\n|faint|p1a: Cofagrigus\n|\n|-weather|RainDance|[upkeep]\n|-heal|p2b: Rotom|91/100|[from] item: Leftovers\n|-damage|p1b: Pelipper|61/100 brn|[from] brn\n|-damage|p2a: Garchomp|23/100 brn|[from] brn\n|-fieldend|move: Trick Room\n|upkeep\n|\n|t:|1776420574\n|switch|p1a: Sinistcha|Sinistcha-Masterpiece, L50|100/100\n|-heal|p1b: Pelipper|86/100 brn|[from] ability: Hospitality|[of] p1a: Sinistcha\n|turn|6\n|\n|t:|1776420587\n|move|p1b: Pelipper|Protect|p1b: Pelipper\n|-singleturn|p1b: Pelipper|Protect\n|move|p2a: Garchomp|Rock Slide|p1b: Pelipper|[spread] p1a\n|-activate|p1b: Pelipper|move: Protect\n|-damage|p1a: Sinistcha|92/100\n|move|p2b: Rotom|Thunderbolt|p1b: Pelipper\n|-activate|p1b: Pelipper|move: Protect\n|move|p1a: Sinistcha|Trick Room|p1a: Sinistcha\n|-fieldstart|move: Trick Room|[of] p1a: Sinistcha\n|\n|-weather|RainDance|[upkeep]\n|-heal|p2b: Rotom|97/100|[from] item: Leftovers\n|-damage|p1b: Pelipper|80/100 brn|[from] brn\n|-damage|p2a: Garchomp|17/100 brn|[from] brn\n|upkeep\n|turn|7\n|-message|Ruehin forfeited.\n|\n|win|edo ghira\n|raw|edo ghira's rating: 1194 &rarr; <strong>1218</strong><br />(+24 for winning)\n|raw|Ruehin's rating: 1179 &rarr; <strong>1155</strong><br />(-24 for losing)\n|l|\u2606Ruehin\n|player|p2|\n",
  "uploadtime": 1776420604,
  "views": 26,
  "formatid": "gen9championsvgc2026regma",
  "rating": 1155,
  "private": 0,
  "password": null
}