{
  "id": "gen9championsvgc2026regma-2581074849",
  "format": "[Gen 9 Champions] VGC 2026 Reg M-A",
  "players": [
    "RadiantBlue4552",
    "yungburntdonut"
  ],
  "log": "|j|\u203dRadiantBlue4552\n|j|\u2606yungburntdonut\n|t:|1775957471\n|gametype|doubles\n|player|p1|RadiantBlue4552|266|1053\n|player|p2|yungburntdonut|102|1000\n|gen|9\n|tier|[Gen 9 Champions] VGC 2026 Reg M-A\n|rated|\n|rule|Species Clause: Limit one of each Pok\u00e9mon\n|rule|Item Clause: Limit 1 of each item\n|clearpoke\n|poke|p1|Snorlax, L50, F|\n|poke|p1|Sableye, L50, F|\n|poke|p1|Farigiraf, L50, F|\n|poke|p1|Maushold-Four, L50|\n|poke|p1|Gengar, L50, F|\n|poke|p1|Pelipper, L50, M|\n|poke|p2|Gengar, L50, F|\n|poke|p2|Rhyperior, L50, M|\n|poke|p2|Charizard, L50, M|\n|poke|p2|Incineroar, L50, F|\n|poke|p2|Farigiraf, L50, M|\n|poke|p2|Garchomp, L50, M|\n|teampreview|4\nRadiantBlue4552 rejected open team sheets.\n|inactive|Battle timer is ON: inactive players will automatically lose when time's up. (requested by RadiantBlue4552)\n|\n|t:|1775957502\n|teamsize|p1|4\n|teamsize|p2|4\n|start\n|switch|p1a: Snorlax|Snorlax, L50, F|100/100\n|switch|p1b: Sableye|Sableye, L50, F|100/100\n|switch|p2a: Gengar|Gengar, L50, F|100/100\n|switch|p2b: Charizard|Charizard, L50, M, shiny|100/100\n|turn|1\n|\n|t:|1775957519\n|detailschange|p2b: Charizard|Charizard-Mega-Y, L50, M, shiny\n|-mega|p2b: Charizard|Charizard|Charizardite Y\n|-weather|SunnyDay|[from] ability: Drought|[of] p2b: Charizard\n|move|p1b: Sableye|Skill Swap|p1a: Snorlax\n|-activate|p1b: Sableye|Skill Swap|||[of] p1a: Snorlax\n|move|p1a: Snorlax|Amnesia|p1a: Snorlax\n|-boost|p1a: Snorlax|spd|2\n|move|p2a: Gengar|Shadow Ball|p1b: Sableye\n|-damage|p1b: Sableye|39/100\n|-enditem|p1b: Sableye|Sitrus Berry|[eat]\n|-heal|p1b: Sableye|64/100|[from] item: Sitrus Berry\n|move|p2b: Charizard|Heat Wave|p1b: Sableye|[spread] p1a,p1b\n|-damage|p1a: Snorlax|81/100\n|-damage|p1b: Sableye|0 fnt\n|faint|p1b: Sableye\n|\n|-weather|SunnyDay|[upkeep]\n|upkeep\n|\n|t:|1775957535\n|switch|p1b: Maushold|Maushold-Four, L50|100/100\n|turn|2\n|\n|t:|1775957545\n|move|p1b: Maushold|Protect|p1b: Maushold\n|-singleturn|p1b: Maushold|Protect\n|move|p1a: Snorlax|Amnesia|p1a: Snorlax\n|-boost|p1a: Snorlax|spd|2\n|move|p2a: Gengar|Icy Wind|p1b: Maushold|[spread] p1a\n|-activate|p1b: Maushold|move: Protect\n|-damage|p1a: Snorlax|79/100\n|-unboost|p1a: Snorlax|spe|1\n|move|p2b: Charizard|Heat Wave|p1a: Snorlax|[spread] p1a\n|-activate|p1b: Maushold|move: Protect\n|-damage|p1a: Snorlax|68/100\n|\n|-weather|SunnyDay|[upkeep]\n|upkeep\n|turn|3\n|inactive|RadiantBlue4552 has 30 seconds left.\n|\n|t:|1775957571\n|move|p1a: Snorlax|Amnesia|p1a: Snorlax\n|-boost|p1a: Snorlax|spd|2\n|move|p2a: Gengar|Icy Wind|p1b: Maushold|[spread] p1a\n|-miss|p2a: Gengar|p1b: Maushold\n|-damage|p1a: Snorlax|67/100\n|-unboost|p1a: Snorlax|spe|1\n|move|p2b: Charizard|Heat Wave|p1a: Snorlax|[spread] p1a,p1b\n|-damage|p1a: Snorlax|60/100\n|-damage|p1b: Maushold|34/100\n|move|p1b: Maushold|Super Fang|p2b: Charizard\n|-damage|p2b: Charizard|51/100\n|\n|-weather|SunnyDay|[upkeep]\n|upkeep\n|turn|4\n|\n|t:|1775957590\n|move|p1b: Maushold|Protect|p1b: Maushold\n|-singleturn|p1b: Maushold|Protect\n|move|p1a: Snorlax|Curse|p1a: Snorlax\n|-unboost|p1a: Snorlax|spe|1\n|-boost|p1a: Snorlax|atk|1\n|-boost|p1a: Snorlax|def|1\n|move|p2a: Gengar|Sludge Bomb|p1a: Snorlax\n|-damage|p1a: Snorlax|55/100\n|move|p2b: Charizard|Heat Wave|p1a: Snorlax|[spread] p1a\n|-activate|p1b: Maushold|move: Protect\n|-damage|p1a: Snorlax|48/100\n|\n|-weather|SunnyDay|[upkeep]\n|upkeep\n|turn|5\n|\n|t:|1775957614\n|switch|p2a: Garchomp|Garchomp, L50, M|100/100\n|move|p1a: Snorlax|Curse|p1a: Snorlax\n|-unboost|p1a: Snorlax|spe|1\n|-boost|p1a: Snorlax|atk|1\n|-boost|p1a: Snorlax|def|1\n|move|p2b: Charizard|Heat Wave|p1b: Maushold|[spread] p1a,p1b\n|-damage|p1a: Snorlax|41/100\n|-damage|p1b: Maushold|0 fnt\n|faint|p1b: Maushold\n|\n|-weather|none\n|upkeep\n|\n|t:|1775957625\n|switch|p1b: Farigiraf|Farigiraf, L50, F|100/100\n|turn|6\n|\n|t:|1775957639\n|move|p1a: Snorlax|Curse|p1a: Snorlax\n|-unboost|p1a: Snorlax|spe|1\n|-boost|p1a: Snorlax|atk|1\n|-boost|p1a: Snorlax|def|1\n|move|p2a: Garchomp|Stomping Tantrum|p1b: Farigiraf\n|-damage|p1b: Farigiraf|61/100\n|move|p2b: Charizard|Overheat|p1b: Farigiraf|[miss]\n|-miss|p2b: Charizard|p1b: Farigiraf\n|move|p1b: Farigiraf|Psych Up|p1a: Snorlax\n|-copyboost|p1b: Farigiraf|p1a: Snorlax|[from] move: Psych Up\n|\n|-heal|p1b: Farigiraf|67/100|[from] item: Leftovers\n|upkeep\n|turn|7\n|-message|yungburntdonut forfeited.\n|\n|win|RadiantBlue4552\n|raw|RadiantBlue4552's rating: 1053 &rarr; <strong>1080</strong><br />(+27 for winning)\n|raw|yungburntdonut's rating: 1000 &rarr; <strong>1000</strong><br />(+0 for losing)\n|l|\u2606yungburntdonut\n|player|p2|\n",
  "uploadtime": 1775957654,
  "views": 12,
  "formatid": "gen9championsvgc2026regma",
  "rating": 1000,
  "private": 0,
  "password": null
}