{
  "id": "gen9championsvgc2026regma-2582286045",
  "format": "[Gen 9 Champions] VGC 2026 Reg M-A",
  "players": [
    "TrivagoGuy",
    "sdfdasdf"
  ],
  "log": "|j|\u2606TrivagoGuy\n|j|\u2606sdfdasdf\n|t:|1776079868\n|gametype|doubles\n|player|p1|TrivagoGuy|ruinmaniac|1093\n|player|p2|sdfdasdf|102|1196\n|gen|9\n|tier|[Gen 9 Champions] VGC 2026 Reg M-A\n|rated|\n|rule|Species Clause: Limit one of each Pok\u00e9mon\n|rule|Item Clause: Limit 1 of each item\n|clearpoke\n|poke|p1|Volcarona, L50, F|\n|poke|p1|Skarmory, L50, F|\n|poke|p1|Rotom-Wash, L50|\n|poke|p1|Arcanine-Hisui, L50, F|\n|poke|p1|Torkoal, L50, F|\n|poke|p1|Ninetales-Alola, L50, F|\n|poke|p2|Basculegion, L50, M|\n|poke|p2|Clefable, L50, F|\n|poke|p2|Kingambit, L50, M|\n|poke|p2|Dragonite, L50, M|\n|poke|p2|Lopunny, L50, M|\n|poke|p2|Arcanine-Hisui, L50, F|\n|teampreview|4\n|inactive|Battle timer is ON: inactive players will automatically lose when time's up. (requested by sdfdasdf)\n|\n|t:|1776079912\n|teamsize|p1|4\n|teamsize|p2|4\n|start\n|switch|p1a: Arcanine|Arcanine-Hisui, L50, F|100/100\n|switch|p1b: Rotom|Rotom-Wash, L50|100/100\n|switch|p2a: Lopunny|Lopunny, L50, M|100/100\n|switch|p2b: Arcanine|Arcanine-Hisui, L50, F|100/100\n|-ability|p2b: Arcanine|Intimidate|boost\n|-unboost|p1a: Arcanine|atk|1\n|-unboost|p1b: Rotom|atk|1\n|turn|1\n|inactive|TrivagoGuy has 30 seconds left.\n|inactive|sdfdasdf has 30 seconds left.\n|\n|t:|1776079940\n|detailschange|p2a: Lopunny|Lopunny-Mega, L50, M\n|-mega|p2a: Lopunny|Lopunny|Lopunnite\n|move|p2a: Lopunny|Fake Out|p1a: Arcanine\n|-resisted|p1a: Arcanine|1\n|-damage|p1a: Arcanine|87/100\n|cant|p1a: Arcanine|flinch\n|move|p2b: Arcanine|Rock Slide|p1a: Arcanine|[spread] p1a,p1b\n|-supereffective|p1a: Arcanine|1\n|-damage|p1a: Arcanine|7/100\n|-damage|p1b: Rotom|72/100\n|cant|p1b: Rotom|flinch\n|\n|-heal|p1b: Rotom|78/100|[from] item: Leftovers\n|upkeep\n|turn|2\n|inactive|sdfdasdf has 30 seconds left.\n|\n|t:|1776079969\n|switch|p2a: Clefable|Clefable, L50, F|100/100\n|move|p2b: Arcanine|Protect|p2b: Arcanine\n|-singleturn|p2b: Arcanine|Protect\n|move|p1a: Arcanine|Extreme Speed|p2a: Clefable\n|-damage|p2a: Clefable|82/100\n|move|p1b: Rotom|Thunder Wave|p2b: Arcanine\n|-activate|p2b: Arcanine|move: Protect\n|\n|-heal|p1b: Rotom|83/100|[from] item: Leftovers\n|upkeep\n|turn|3\n|\n|t:|1776079983\n|move|p2a: Clefable|Follow Me|p2a: Clefable\n|-singleturn|p2a: Clefable|move: Follow Me\n|move|p1a: Arcanine|Head Smash|p2a: Clefable|[miss]\n|-miss|p1a: Arcanine|p2a: Clefable\n|move|p2b: Arcanine|Rock Slide|p1a: Arcanine|[spread] p1a,p1b\n|-supereffective|p1a: Arcanine|1\n|-damage|p1a: Arcanine|0 fnt\n|-damage|p1b: Rotom|52/100\n|faint|p1a: Arcanine\n|move|p1b: Rotom|Thunder Wave|p2a: Clefable\n|-status|p2a: Clefable|par\n|\n|-heal|p1b: Rotom|58/100|[from] item: Leftovers\n|upkeep\n|\n|t:|1776079993\n|switch|p1a: Ninetales|Ninetales-Alola, L50, F|100/100\n|turn|4\n|\n|t:|1776080001\n|move|p2a: Clefable|Helping Hand|p2b: Arcanine\n|-singleturn|p2b: Arcanine|Helping Hand|[of] p2a: Clefable\n|move|p1b: Rotom|Protect|p1b: Rotom\n|-singleturn|p1b: Rotom|Protect\n|move|p1a: Ninetales|Encore|p2a: Clefable\n|-start|p2a: Clefable|Encore\n|move|p2b: Arcanine|Rock Slide|p1a: Ninetales|[spread] p1a\n|-activate|p1b: Rotom|move: Protect\n|-supereffective|p1a: Ninetales|1\n|-damage|p1a: Ninetales|0 fnt\n|faint|p1a: Ninetales\n|\n|-heal|p1b: Rotom|64/100|[from] item: Leftovers\n|upkeep\n|\n|t:|1776080011\n|switch|p1a: Torkoal|Torkoal, L50, F|100/100\n|-weather|SunnyDay|[from] ability: Drought|[of] p1a: Torkoal\n|turn|5\n|\n|t:|1776080018\n|move|p2a: Clefable|Helping Hand|p2b: Arcanine\n|-singleturn|p2b: Arcanine|Helping Hand|[of] p2a: Clefable\n|move|p2b: Arcanine|Rock Slide|p1b: Rotom|[spread] p1a,p1b\n|-supereffective|p1a: Torkoal|1\n|-damage|p1a: Torkoal|50/100\n|-damage|p1b: Rotom|20/100\n|move|p1b: Rotom|Thunder Wave|p2b: Arcanine\n|-status|p2b: Arcanine|par\n|move|p1a: Torkoal|Earthquake|p2b: Arcanine|[spread] p2a,p2b\n|-immune|p1b: Rotom|[from] ability: Levitate\n|-supereffective|p2b: Arcanine|2\n|-damage|p2a: Clefable|71/100 par\n|-damage|p2b: Arcanine|28/100 par\n|\n|-weather|SunnyDay|[upkeep]\n|-heal|p1b: Rotom|25/100|[from] item: Leftovers\n|upkeep\n|turn|6\n|\n|t:|1776080033\n|move|p2a: Clefable|Helping Hand|p2b: Arcanine\n|-singleturn|p2b: Arcanine|Helping Hand|[of] p2a: Clefable\n|move|p1a: Torkoal|Protect|p1a: Torkoal\n|-singleturn|p1a: Torkoal|Protect\n|move|p2b: Arcanine|Extreme Speed|p1b: Rotom\n|-damage|p1b: Rotom|0 fnt\n|faint|p1b: Rotom\n|\n|-weather|SunnyDay|[upkeep]\n|upkeep\n|turn|7\n|\n|t:|1776080043\n|move|p2a: Clefable|Helping Hand|p2b: Arcanine\n|-singleturn|p2b: Arcanine|Helping Hand|[of] p2a: Clefable\n|move|p2b: Arcanine|Extreme Speed|p1a: Torkoal\n|-damage|p1a: Torkoal|22/100\n|move|p1a: Torkoal|Yawn||[still]\n|-fail|p1a: Torkoal\n|\n|-weather|SunnyDay|[upkeep]\n|-end|p2a: Clefable|Encore\n|upkeep\n|turn|8\n|\n|t:|1776080051\n|move|p2a: Clefable|Helping Hand|p2b: Arcanine\n|-singleturn|p2b: Arcanine|Helping Hand|[of] p2a: Clefable\n|move|p2b: Arcanine|Extreme Speed|p1a: Torkoal\n|-damage|p1a: Torkoal|0 fnt\n|faint|p1a: Torkoal\n|\n|win|sdfdasdf\n|raw|TrivagoGuy's rating: 1093 &rarr; <strong>1076</strong><br />(-17 for losing)\n|raw|sdfdasdf's rating: 1196 &rarr; <strong>1214</strong><br />(+18 for winning)\n|l|\u2606TrivagoGuy\n|player|p1|\n",
  "uploadtime": 1776080056,
  "views": 15,
  "formatid": "gen9championsvgc2026regma",
  "rating": 1076,
  "private": 0,
  "password": null
}