{
  "id": "gen9championsvgc2026regma-2583972705",
  "format": "[Gen 9 Champions] VGC 2026 Reg M-A",
  "players": [
    "kipzx",
    "CommunistGuy293"
  ],
  "log": "|j|\u2606kipzx\n|j|\u2606CommunistGuy293\n|t:|1776213113\n|gametype|doubles\n|player|p1|kipzx|265|1000\n|player|p2|CommunistGuy293|artist|1000\n|gen|9\n|tier|[Gen 9 Champions] VGC 2026 Reg M-A\n|rated|\n|rule|Species Clause: Limit one of each Pok\u00e9mon\n|rule|Item Clause: Limit 1 of each item\n|clearpoke\n|poke|p1|Froslass, L50, F|\n|poke|p1|Weavile, L50, M|\n|poke|p1|Ninetales-Alola, L50, F|\n|poke|p1|Zoroark-Hisui, L50, M|\n|poke|p1|Corviknight, L50, M|\n|poke|p1|Beartic, L50, M|\n|poke|p2|Heliolisk, L50, F|\n|poke|p2|Starmie, L50|\n|poke|p2|Sinistcha, L50|\n|poke|p2|Garchomp, L50, F|\n|poke|p2|Froslass, L50, F|\n|poke|p2|Rotom-Heat, L50|\n|teampreview|4\n|inactive|Battle timer is ON: inactive players will automatically lose when time's up. (requested by CommunistGuy293)\nCommunistGuy293 has agreed to open team sheets.\n|inactive|kipzx has 60 seconds left.\n|inactive|CommunistGuy293 has 60 seconds left.\n|inactive|CommunistGuy293 has 30 seconds left.\n|inactive|kipzx has 30 seconds left.\n|inactive|CommunistGuy293 has 20 seconds left.\n|inactive|CommunistGuy293 has 15 seconds left.\n|\n|t:|1776213193\n|teamsize|p1|4\n|teamsize|p2|4\n|start\n|switch|p1a: 75$|Froslass, L50, F|100/100\n|switch|p1b: Ninetales|Ninetales-Alola, L50, F|100/100\n|switch|p2a: Heliolisk|Heliolisk, L50, F|100/100\n|switch|p2b: Froslass|Froslass, L50, F|100/100\n|turn|1\n|inactive|kipzx has 30 seconds left.\n|inactive|CommunistGuy293 has 30 seconds left.\n|inactive|kipzx has 20 seconds left.\n|inactive|kipzx has 15 seconds left.\n|\n|t:|1776213236\n|detailschange|p2b: Froslass|Froslass-Mega, L50, F\n|-mega|p2b: Froslass|Froslass|Froslassite\n|-weather|Snowscape|[from] ability: Snow Warning|[of] p2b: Froslass\n|detailschange|p1a: 75$|Froslass-Mega, L50, F\n|-mega|p1a: 75$|Froslass|Froslassite\n|move|p1a: 75$|Shadow Ball|p2b: Froslass\n|-supereffective|p2b: Froslass|1\n|-crit|p2b: Froslass\n|-damage|p2b: Froslass|0 fnt\n|faint|p2b: Froslass\n|move|p2a: Heliolisk|Rain Dance|p2a: Heliolisk\n|-weather|RainDance\n|move|p1b: Ninetales|Aurora Veil||[still]\n|-fail|p1b: Ninetales\n|\n|-weather|RainDance|[upkeep]\n|upkeep\n|inactive|CommunistGuy293 has 30 seconds left.\n|\n|t:|1776213266\n|switch|p2b: Rotom|Rotom-Heat, L50|100/100\n|turn|2\n|inactive|kipzx has 30 seconds left.\n|inactive|kipzx has 20 seconds left.\n|inactive|kipzx has 15 seconds left.\n|\n|t:|1776213306\n|move|p2a: Heliolisk|Protect|p2a: Heliolisk\n|-singleturn|p2a: Heliolisk|Protect\n|move|p1b: Ninetales|Protect|p1b: Ninetales\n|-singleturn|p1b: Ninetales|Protect\n|move|p1a: 75$|Shadow Ball|p2b: Rotom\n|-damage|p2b: Rotom|58/100\n|move|p2b: Rotom|Electric Terrain|p2b: Rotom\n|-fieldstart|move: Electric Terrain\n|\n|-weather|RainDance|[upkeep]\n|upkeep\n|turn|3\n|inactive|kipzx has 30 seconds left.\n|inactive|kipzx has 20 seconds left.\n|inactive|kipzx has 15 seconds left.\n|inactive|kipzx has 10 seconds left.\n|\n|t:|1776213355\n|move|p2b: Rotom|Helping Hand|p2a: Heliolisk\n|-singleturn|p2a: Heliolisk|Helping Hand|[of] p2b: Rotom\n|move|p1a: 75$|Taunt|p2a: Heliolisk\n|-start|p2a: Heliolisk|move: Taunt\n|move|p1b: Ninetales|Moonblast|p2a: Heliolisk\n|-crit|p2a: Heliolisk\n|-damage|p2a: Heliolisk|29/100\n|move|p2a: Heliolisk|Discharge|p1a: 75$|[spread] p2b,p1a,p1b\n|-resisted|p2b: Rotom|1\n|-damage|p2b: Rotom|28/100\n|-damage|p1a: 75$|30/100\n|-damage|p1b: Ninetales|39/100\n|-status|p1a: 75$|par\n|-enditem|p2b: Rotom|Sitrus Berry|[eat]\n|-heal|p2b: Rotom|53/100|[from] item: Sitrus Berry\n|\n|-weather|RainDance|[upkeep]\n|-heal|p2a: Heliolisk|42/100|[from] ability: Dry Skin\n|upkeep\n|turn|4\n|inactive|kipzx has 30 seconds left.\n|inactive|CommunistGuy293 has 30 seconds left.\n|\n|t:|1776213385\n|switch|p2b: Garchomp|Garchomp, L50, F|100/100\n|move|p2a: Heliolisk|Discharge|p1a: 75$|[spread] p1a,p1b\n|-immune|p2b: Garchomp\n|-damage|p1a: 75$|0 fnt\n|-damage|p1b: Ninetales|0 fnt\n|faint|p1a: 75$\n|faint|p1b: Ninetales\n|\n|-weather|RainDance|[upkeep]\n|-heal|p2a: Heliolisk|54/100|[from] ability: Dry Skin\n|upkeep\n|\n|t:|1776213399\n|switch|p1a: Weavile|Weavile, L50, M|100/100\n|switch|p1b: Zoroark|Zoroark-Hisui, L50, M, shiny|100/100\n|-ability|p1a: Weavile|Pressure\n|turn|5\n|inactive|CommunistGuy293 has 30 seconds left.\n|inactive|CommunistGuy293 has 20 seconds left.\n|\n|t:|1776213435\n|switch|p2b: Rotom|Rotom-Heat, L50|53/100\n|move|p1a: Weavile|Fake Out|p2a: Heliolisk\n|-damage|p2a: Heliolisk|23/100\n|move|p1b: Zoroark|Icy Wind|p2a: Heliolisk|[spread] p2a\n|-miss|p1b: Zoroark|p2b: Rotom\n|-damage|p2a: Heliolisk|4/100\n|-unboost|p2a: Heliolisk|spe|1\n|cant|p2a: Heliolisk|flinch\n|\n|-weather|none\n|-end|p2a: Heliolisk|move: Taunt\n|upkeep\n|turn|6\n|inactive|kipzx has 30 seconds left.\n|inactive|CommunistGuy293 has 30 seconds left.\n|inactive|kipzx has 20 seconds left.\n|inactive|kipzx has 15 seconds left.\n|inactive|kipzx has 10 seconds left.\n|\n|t:|1776213485\n|move|p1a: Weavile|Knock Off|p2b: Rotom\n|-damage|p2b: Rotom|18/100\n|move|p1b: Zoroark|Hyper Voice|p2a: Heliolisk|[spread] p2a,p2b\n|-damage|p2a: Heliolisk|0 fnt\n|-damage|p2b: Rotom|0 fnt\n|faint|p2a: Heliolisk\n|faint|p2b: Rotom\n|\n|-fieldend|move: Electric Terrain\n|upkeep\n|-message|CommunistGuy293 forfeited.\n|\n|win|kipzx\n|raw|kipzx's rating: 1000 &rarr; <strong>1040</strong><br />(+40 for winning)\n|raw|CommunistGuy293's rating: 1000 &rarr; <strong>1000</strong><br />(+0 for losing)\n",
  "uploadtime": 1776213494,
  "views": 16,
  "formatid": "gen9championsvgc2026regma",
  "rating": 1000,
  "private": 0,
  "password": null
}