{
  "id": "gen9championsvgc2026regma-2587021839",
  "format": "[Gen 9 Champions] VGC 2026 Reg M-A",
  "players": [
    "Matutinha",
    "thebatcaves"
  ],
  "log": "|j|\u2606Matutinha\n|j|\u2606thebatcaves\n|t:|1776482129\n|gametype|doubles\n|player|p1|Matutinha|169|1357\n|player|p2|thebatcaves|blue|1347\n|gen|9\n|tier|[Gen 9 Champions] VGC 2026 Reg M-A\n|rated|\n|rule|Species Clause: Limit one of each Pok\u00e9mon\n|rule|Item Clause: Limit 1 of each item\n|clearpoke\n|poke|p1|Meowstic, L50, M|\n|poke|p1|Alakazam, L50, M|\n|poke|p1|Whimsicott, L50, M|\n|poke|p1|Blastoise, L50, M|\n|poke|p1|Garchomp, L50, M|\n|poke|p1|Milotic, L50, F|\n|poke|p2|Meganium, L50, F|\n|poke|p2|Farigiraf, L50, F|\n|poke|p2|Scizor, L50, F|\n|poke|p2|Pelipper, L50, F|\n|poke|p2|Tyranitar, L50, M|\n|poke|p2|Excadrill, L50, F|\n|teampreview|4\n|\n|t:|1776482168\n|teamsize|p1|4\n|teamsize|p2|4\n|start\n|switch|p1a: Meowstic|Meowstic, L50, M|100/100\n|switch|p1b: Milotic|Milotic, L50, F|100/100\n|switch|p2a: Farigiraf|Farigiraf, L50, F|100/100\n|switch|p2b: Tyranitar|Tyranitar, L50, M|100/100\n|-weather|Sandstorm|[from] ability: Sand Stream|[of] p2b: Tyranitar\n|turn|1\n|\n|t:|1776482199\n|move|p1a: Meowstic|Gravity|p1a: Meowstic\n|-fieldstart|move: Gravity\n|move|p1b: Milotic|Hypnosis|p2a: Farigiraf\n|-status|p2a: Farigiraf|slp|[from] move: Hypnosis\n|move|p2b: Tyranitar|Knock Off|p1b: Milotic\n|-damage|p1b: Milotic|32/100\n|-enditem|p1b: Milotic|Leftovers|[from] move: Knock Off|[of] p2b: Tyranitar\n|cant|p2a: Farigiraf|slp\n|\n|-weather|Sandstorm|[upkeep]\n|-damage|p1a: Meowstic|94/100|[from] Sandstorm\n|-damage|p1b: Milotic|26/100|[from] Sandstorm\n|-damage|p2a: Farigiraf|94/100 slp|[from] Sandstorm\n|upkeep\n|turn|2\n|\n|t:|1776482246\n|switch|p1a: Garchomp|Garchomp, L50, M|100/100\n|move|p1b: Milotic|Hypnosis|p2b: Tyranitar\n|-status|p2b: Tyranitar|slp|[from] move: Hypnosis\n|cant|p2a: Farigiraf|slp\n|cant|p2b: Tyranitar|slp\n|\n|-weather|Sandstorm|[upkeep]\n|-damage|p1b: Milotic|20/100|[from] Sandstorm\n|-damage|p2a: Farigiraf|88/100 slp|[from] Sandstorm\n|upkeep\n|turn|3\n|\n|t:|1776482269\n|switch|p2b: Meganium|Meganium, L50, F|100/100\n|detailschange|p1a: Garchomp|Garchomp-Mega, L50, M\n|-mega|p1a: Garchomp|Garchomp|Garchompite\n|move|p1b: Milotic|Protect|p1b: Milotic\n|-singleturn|p1b: Milotic|Protect\n|move|p1a: Garchomp|Earthquake|p2a: Farigiraf|[spread] p2a,p2b\n|-activate|p1b: Milotic|move: Protect\n|-resisted|p2b: Meganium|1\n|-damage|p2a: Farigiraf|29/100 slp\n|-damage|p2b: Meganium|69/100\n|-enditem|p2a: Farigiraf|Sitrus Berry|[eat]\n|-heal|p2a: Farigiraf|53/100 slp|[from] item: Sitrus Berry\n|-curestatus|p2a: Farigiraf|slp|[msg]\n|move|p2a: Farigiraf|Trick Room|p2a: Farigiraf\n|-fieldstart|move: Trick Room|[of] p2a: Farigiraf\n|\n|-weather|Sandstorm|[upkeep]\n|-damage|p2a: Farigiraf|47/100|[from] Sandstorm\n|-damage|p2b: Meganium|64/100|[from] Sandstorm\n|-damage|p1b: Milotic|13/100|[from] Sandstorm\n|upkeep\n|turn|4\n|\n|t:|1776482289\n|detailschange|p2b: Meganium|Meganium-Mega, L50, F\n|-mega|p2b: Meganium|Meganium|Meganiumite\n|move|p1a: Garchomp|Protect|p1a: Garchomp\n|-singleturn|p1a: Garchomp|Protect\n|move|p2a: Farigiraf|Hyper Voice|p1b: Milotic|[spread] p1b\n|-activate|p1a: Garchomp|move: Protect\n|-damage|p1b: Milotic|0 fnt\n|faint|p1b: Milotic\n|move|p2b: Meganium|Dazzling Gleam|p1a: Garchomp\n|-activate|p1a: Garchomp|move: Protect\n|\n|-weather|Sandstorm|[upkeep]\n|-damage|p2a: Farigiraf|41/100|[from] Sandstorm\n|-damage|p2b: Meganium|58/100|[from] Sandstorm\n|upkeep\n|\n|t:|1776482311\n|switch|p1b: Whimsicott|Whimsicott, L50, M|100/100\n|turn|5\n|\n|t:|1776482320\n|move|p1b: Whimsicott|Helping Hand|p1a: Garchomp\n|-singleturn|p1a: Garchomp|Helping Hand|[of] p1b: Whimsicott\n|move|p2a: Farigiraf|Hyper Voice|p1b: Whimsicott|[spread] p1a,p1b\n|-damage|p1a: Garchomp|63/100\n|-damage|p1b: Whimsicott|41/100\n|move|p2b: Meganium|Dazzling Gleam|p1a: Garchomp|[spread] p1a,p1b\n|-supereffective|p1a: Garchomp|1\n|-damage|p1a: Garchomp|0 fnt\n|-damage|p1b: Whimsicott|0 fnt\n|faint|p1a: Garchomp\n|faint|p1b: Whimsicott\n|\n|-weather|none\n|-fieldend|move: Gravity\n|upkeep\n|-message|Matutinha forfeited.\n|\n|win|thebatcaves\n|raw|Matutinha's rating: 1357 &rarr; <strong>1336</strong><br />(-21 for losing)\n|raw|thebatcaves's rating: 1347 &rarr; <strong>1368</strong><br />(+21 for winning)\n|l|\u2606Matutinha\n|player|p1|\n",
  "uploadtime": 1776482337,
  "views": 26,
  "formatid": "gen9championsvgc2026regma",
  "rating": 1336,
  "private": 0,
  "password": null
}