{
  "id": "gen9championsvgc2026regma-2587301418",
  "format": "[Gen 9 Champions] VGC 2026 Reg M-A",
  "players": [
    "plixim",
    "bigdiddyrizz"
  ],
  "log": "|j|\u2606plixim\n|j|\u2606bigdiddyrizz\n|t:|1776519907\n|gametype|doubles\n|player|p1|plixim|265|1078\n|player|p2|bigdiddyrizz|2|1070\n|gen|9\n|tier|[Gen 9 Champions] VGC 2026 Reg M-A\n|rated|\n|rule|Species Clause: Limit one of each Pok\u00e9mon\n|rule|Item Clause: Limit 1 of each item\n|clearpoke\n|poke|p1|Maushold, L50|\n|poke|p1|Zoroark-Hisui, L50, F|\n|poke|p1|Glalie, L50, M, shiny|\n|poke|p1|Froslass, L50, F|\n|poke|p1|Diggersby, L50, M|\n|poke|p1|Kingambit, L50, F|\n|poke|p2|Kangaskhan, L50, F|\n|poke|p2|Sinistcha, L50|\n|poke|p2|Incineroar, L50, M|\n|poke|p2|Pelipper, L50, F|\n|poke|p2|Basculegion, L50, M|\n|poke|p2|Dragonite, L50, F|\n|teampreview|4\n|inactive|Battle timer is ON: inactive players will automatically lose when time's up. (requested by plixim)\n|\n|t:|1776519953\n|teamsize|p1|4\n|teamsize|p2|4\n|start\n|switch|p1a: Wonel|Glalie, L50, M, shiny|100/100\n|switch|p1b: Froslass|Froslass, L50, F|100/100\n|switch|p2a: Kangaskhan|Kangaskhan, L50, F|100/100\n|switch|p2b: Basculegion|Basculegion, L50, M|100/100\n|turn|1\n|inactive|bigdiddyrizz has 30 seconds left.\n|\n|t:|1776519982\n|detailschange|p1b: Froslass|Froslass-Mega, L50, F\n|-mega|p1b: Froslass|Froslass|Froslassite\n|-weather|Snowscape|[from] ability: Snow Warning|[of] p1b: Froslass\n|move|p2a: Kangaskhan|Fake Out|p1b: Froslass\n|-damage|p1b: Froslass|85/100\n|move|p2b: Basculegion|Wave Crash|p1b: Froslass\n|-damage|p1b: Froslass|15/100\n|-damage|p2b: Basculegion|80/100|[from] Recoil\n|cant|p1b: Froslass|flinch\n|move|p1a: Wonel|Will-O-Wisp|p2a: Kangaskhan\n|-status|p2a: Kangaskhan|brn\n|\n|-weather|Snowscape|[upkeep]\n|-damage|p2a: Kangaskhan|94/100 brn|[from] brn\n|upkeep\n|turn|2\n|\n|t:|1776520005\n|switch|p1b: Wonel|Glalie, L50, M, shiny|100/100\n|detailschange|p2a: Kangaskhan|Kangaskhan-Mega, L50, F\n|-mega|p2a: Kangaskhan|Kangaskhan|Kangaskhanite\n|move|p2b: Basculegion|Wave Crash|p1b: Wonel\n|-damage|p1b: Wonel|56/100\n|-damage|p2b: Basculegion|66/100|[from] Recoil\n|move|p1a: Wonel|Knock Off|p2b: Basculegion\n|-supereffective|p2b: Basculegion|1\n|-damage|p2b: Basculegion|0 fnt\n|-enditem|p2b: Basculegion|Choice Scarf|[from] move: Knock Off|[of] p1a: Wonel\n|faint|p2b: Basculegion\n|move|p2a: Kangaskhan|Drain Punch|p1a: Wonel\n|-immune|p1a: Wonel\n|\n|-weather|Snowscape|[upkeep]\n|-heal|p1b: Wonel|63/100|[from] item: Leftovers\n|-damage|p2a: Kangaskhan|88/100 brn|[from] brn\n|-ability|p1b: Wonel|Moody|boost\n|-boost|p1b: Wonel|spd|2\n|-unboost|p1b: Wonel|spa|1\n|upkeep\n|\n|t:|1776520019\n|switch|p2b: Pelipper|Pelipper, L50, F|100/100\n|-weather|RainDance|[from] ability: Drizzle|[of] p2b: Pelipper\n|turn|3\n|\n|t:|1776520035\n|switch|p2b: Sinistcha|Sinistcha, L50|100/100\n|-heal|p2a: Kangaskhan|100/100 brn|[from] ability: Hospitality|[of] p2b: Sinistcha\n|move|p1a: Wonel|Giga Impact|p2b: Sinistcha\n|-immune|p2b: Sinistcha\n|move|p2a: Kangaskhan|Double-Edge|p1b: Wonel\n|-damage|p1b: Wonel|33/100\n|-damage|p1b: Wonel|26/100\n|-hitcount|p1b: Wonel|2\n|-damage|p2a: Kangaskhan|89/100 brn|[from] Recoil\n|move|p1b: Wonel|Substitute|p1b: Wonel\n|-start|p1b: Wonel|Substitute\n|-damage|p1b: Wonel|1/100\n|\n|-weather|RainDance|[upkeep]\n|-heal|p1b: Wonel|7/100|[from] item: Leftovers\n|-damage|p2a: Kangaskhan|83/100 brn|[from] brn\n|-ability|p1b: Wonel|Moody|boost\n|-boost|p1b: Wonel|spe|2\n|-unboost|p1b: Wonel|def|1\n|upkeep\n|turn|4\n|inactive|bigdiddyrizz has 30 seconds left.\n|\n|t:|1776520064\n|move|p2a: Kangaskhan|Sucker Punch|p1a: Wonel\n|-supereffective|p1a: Wonel|1\n|-damage|p1a: Wonel|43/100\n|replace|p1a: Zoroark|Zoroark-Hisui, L50, F\n|-end|p1a: Zoroark|Illusion\n|-supereffective|p1a: Zoroark|1\n|-damage|p1a: Zoroark|29/100\n|-hitcount|p1a: Zoroark|2\n|move|p1b: Wonel|Double Team|p1b: Wonel\n|-boost|p1b: Wonel|evasion|1\n|move|p1a: Zoroark|Knock Off|p2b: Sinistcha\n|-supereffective|p2b: Sinistcha|1\n|-damage|p2b: Sinistcha|49/100\n|-enditem|p2b: Sinistcha|Sitrus Berry|[from] move: Knock Off|[of] p1a: Zoroark\n|move|p2b: Sinistcha|Matcha Gotcha|p1a: Zoroark|[spread] p1a,p1b\n|-activate|p1b: Wonel|move: Substitute|[damage]\n|-heal|p2b: Sinistcha|55/100|[from] drain|[of] p1b: Wonel\n|-damage|p1a: Zoroark|0 fnt\n|-heal|p2b: Sinistcha|66/100|[from] drain|[of] p1a: Zoroark\n|faint|p1a: Zoroark\n|\n|-weather|RainDance|[upkeep]\n|-heal|p1b: Wonel|13/100|[from] item: Leftovers\n|-damage|p2a: Kangaskhan|77/100 brn|[from] brn\n|-ability|p1b: Wonel|Moody|boost\n|-boost|p1b: Wonel|spe|2\n|-unboost|p1b: Wonel|spd|1\n|upkeep\n|\n|t:|1776520085\n|switch|p1a: Froslass|Froslass-Mega, L50, F|15/100\n|-weather|Snowscape|[from] ability: Snow Warning|[of] p1a: Froslass\n|turn|5\n|\n|t:|1776520104\n|switch|p2b: Pelipper|Pelipper, L50, F|100/100\n|-weather|RainDance|[from] ability: Drizzle|[of] p2b: Pelipper\n|move|p1b: Wonel|Bite|p2b: Pelipper\n|-damage|p2b: Pelipper|87/100\n|move|p1a: Froslass|Aurora Veil||[still]\n|-fail|p1a: Froslass\n|move|p2a: Kangaskhan|Drain Punch|p1b: Wonel\n|-supereffective|p1b: Wonel|1\n|-end|p1b: Wonel|Substitute\n|-heal|p2a: Kangaskhan|84/100 brn|[from] drain|[of] p1b: Wonel\n|-supereffective|p1b: Wonel|1\n|-damage|p1b: Wonel|4/100\n|-heal|p2a: Kangaskhan|88/100 brn|[from] drain|[of] p1b: Wonel\n|-hitcount|p1b: Wonel|2\n|\n|-weather|RainDance|[upkeep]\n|-heal|p1b: Wonel|11/100|[from] item: Leftovers\n|-damage|p2a: Kangaskhan|82/100 brn|[from] brn\n|-ability|p1b: Wonel|Moody|boost\n|-boost|p1b: Wonel|spd|2\n|-unboost|p1b: Wonel|def|1\n|upkeep\n|turn|6\n|inactive|bigdiddyrizz has 30 seconds left.\n|\n|t:|1776520134\n|switch|p1a: Maushold|Maushold, L50|100/100\n|move|p1b: Wonel|Double Team|p1b: Wonel\n|-boost|p1b: Wonel|evasion|1\n|move|p2a: Kangaskhan|Drain Punch|p1b: Wonel|[miss]\n|-miss|p2a: Kangaskhan|p1b: Wonel\n|move|p2b: Pelipper|Weather Ball|p1b: Wonel|[miss]\n|-miss|p2b: Pelipper|p1b: Wonel\n|\n|-weather|RainDance|[upkeep]\n|-heal|p1b: Wonel|17/100|[from] item: Leftovers\n|-damage|p2a: Kangaskhan|76/100 brn|[from] brn\n|-ability|p1b: Wonel|Moody|boost\n|-boost|p1b: Wonel|spe|2\n|-unboost|p1b: Wonel|atk|1\n|upkeep\n|turn|7\n|inactive|bigdiddyrizz has 30 seconds left.\n|\n|t:|1776520163\n|move|p1a: Maushold|Follow Me|p1a: Maushold\n|-singleturn|p1a: Maushold|move: Follow Me\n|move|p1b: Wonel|Double Team|p1b: Wonel\n|-boost|p1b: Wonel|evasion|1\n|move|p2a: Kangaskhan|Drain Punch|p1a: Maushold\n|-supereffective|p1a: Maushold|1\n|-damage|p1a: Maushold|76/100\n|-heal|p2a: Kangaskhan|88/100 brn|[from] drain|[of] p1a: Maushold\n|-supereffective|p1a: Maushold|1\n|-damage|p1a: Maushold|70/100\n|-heal|p2a: Kangaskhan|91/100 brn|[from] drain|[of] p1a: Maushold\n|-hitcount|p1a: Maushold|2\n|move|p2b: Pelipper|Hurricane|p1a: Maushold\n|-damage|p1a: Maushold|10/100\n|-start|p1a: Maushold|confusion\n|\n|-weather|RainDance|[upkeep]\n|-heal|p1b: Wonel|23/100|[from] item: Leftovers\n|-damage|p2a: Kangaskhan|85/100 brn|[from] brn\n|-ability|p1b: Wonel|Moody|boost\n|-boost|p1b: Wonel|def|2\n|-unboost|p1b: Wonel|spe|1\n|upkeep\n|turn|8\n|inactive|plixim has 30 seconds left.\n|\n|t:|1776520198\n|switch|p2b: Sinistcha|Sinistcha, L50|66/100\n|-heal|p2a: Kangaskhan|100/100 brn|[from] ability: Hospitality|[of] p2b: Sinistcha\n|move|p1b: Wonel|Bite|p2b: Sinistcha\n|-supereffective|p2b: Sinistcha|1\n|-damage|p2b: Sinistcha|53/100\n|move|p2a: Kangaskhan|Drain Punch|p1a: Maushold\n|-supereffective|p1a: Maushold|1\n|-damage|p1a: Maushold|0 fnt\n|faint|p1a: Maushold\n|-hitcount|p1: Maushold|1\n|\n|-weather|RainDance|[upkeep]\n|-heal|p1b: Wonel|29/100|[from] item: Leftovers\n|-damage|p2a: Kangaskhan|94/100 brn|[from] brn\n|-ability|p1b: Wonel|Moody|boost\n|-boost|p1b: Wonel|spa|2\n|-unboost|p1b: Wonel|atk|1\n|upkeep\n|\n|t:|1776520207\n|switch|p1a: Froslass|Froslass-Mega, L50, F|15/100\n|-weather|Snowscape|[from] ability: Snow Warning|[of] p1a: Froslass\n|turn|9\n|\n|t:|1776520225\n|switch|p2b: Pelipper|Pelipper, L50, F|87/100\n|-weather|RainDance|[from] ability: Drizzle|[of] p2b: Pelipper\n|move|p1b: Wonel|Substitute|p1b: Wonel\n|-start|p1b: Wonel|Substitute\n|-damage|p1b: Wonel|4/100\n|move|p1a: Froslass|Thunderbolt|p2b: Pelipper\n|-supereffective|p2b: Pelipper|2\n|-damage|p2b: Pelipper|0 fnt\n|faint|p2b: Pelipper\n|move|p2a: Kangaskhan|Double-Edge|p1b: Wonel|[miss]\n|-miss|p2a: Kangaskhan|p1b: Wonel\n|\n|-weather|RainDance|[upkeep]\n|-heal|p1b: Wonel|11/100|[from] item: Leftovers\n|-damage|p2a: Kangaskhan|88/100 brn|[from] brn\n|-ability|p1b: Wonel|Moody|boost\n|-boost|p1b: Wonel|spe|1\n|-unboost|p1b: Wonel|def|1\n|upkeep\n|\n|t:|1776520242\n|switch|p2b: Sinistcha|Sinistcha, L50|53/100\n|-heal|p2a: Kangaskhan|100/100 brn|[from] ability: Hospitality|[of] p2b: Sinistcha\n|turn|10\n|\n|t:|1776520254\n|move|p2a: Kangaskhan|Sucker Punch|p1a: Froslass\n|-supereffective|p1a: Froslass|1\n|-damage|p1a: Froslass|0 fnt\n|faint|p1a: Froslass\n|-hitcount|p1: Froslass|1\n|move|p1b: Wonel|Double Team|p1b: Wonel\n|-boost|p1b: Wonel|evasion|1\n|move|p2b: Sinistcha|Matcha Gotcha|p1b: Wonel\n|-activate|p1b: Wonel|move: Substitute|[damage]\n|-heal|p2b: Sinistcha|60/100|[from] drain|[of] p1b: Wonel\n|\n|-weather|RainDance|[upkeep]\n|-heal|p1b: Wonel|17/100|[from] item: Leftovers\n|-damage|p2a: Kangaskhan|94/100 brn|[from] brn\n|-ability|p1b: Wonel|Moody|boost\n|-boost|p1b: Wonel|atk|2\n|-unboost|p1b: Wonel|spe|1\n|upkeep\n|turn|11\n|\n|t:|1776520273\n|move|p1b: Wonel|Frost Breath|p2b: Sinistcha|[miss]\n|-miss|p1b: Wonel|p2b: Sinistcha\n|move|p2a: Kangaskhan|Double-Edge|p1b: Wonel\n|-end|p1b: Wonel|Substitute\n|-damage|p2a: Kangaskhan|91/100 brn|[from] Recoil|[of] p1b: Wonel\n|-damage|p1b: Wonel|7/100\n|-hitcount|p1b: Wonel|2\n|-damage|p2a: Kangaskhan|87/100 brn|[from] Recoil\n|move|p2b: Sinistcha|Life Dew|p2b: Sinistcha|[spread] p2a,p2b\n|-heal|p2a: Kangaskhan|100/100 brn\n|-heal|p2b: Sinistcha|85/100\n|\n|-weather|RainDance|[upkeep]\n|-heal|p1b: Wonel|13/100|[from] item: Leftovers\n|-damage|p2a: Kangaskhan|94/100 brn|[from] brn\n|-ability|p1b: Wonel|Moody|boost\n|-boost|p1b: Wonel|spd|2\n|-unboost|p1b: Wonel|spe|1\n|upkeep\n|turn|12\n|\n|t:|1776520293\n|move|p1b: Wonel|Double Team|p1b: Wonel\n|-boost|p1b: Wonel|evasion|1\n|move|p2a: Kangaskhan|Double-Edge|p1b: Wonel|[miss]\n|-miss|p2a: Kangaskhan|p1b: Wonel\n|move|p2b: Sinistcha|Matcha Gotcha|p1b: Wonel|[miss]\n|-miss|p2b: Sinistcha|p1b: Wonel\n|\n|-weather|RainDance|[upkeep]\n|-heal|p1b: Wonel|19/100|[from] item: Leftovers\n|-damage|p2a: Kangaskhan|88/100 brn|[from] brn\n|-ability|p1b: Wonel|Moody|boost\n|-boost|p1b: Wonel|spa|2\n|-unboost|p1b: Wonel|def|1\n|upkeep\n|turn|13\n|\n|t:|1776520316\n|move|p1b: Wonel|Double Team|p1b: Wonel\n|-boost|p1b: Wonel|evasion|1\n|move|p2a: Kangaskhan|Double-Edge|p1b: Wonel|[miss]\n|-miss|p2a: Kangaskhan|p1b: Wonel\n|move|p2b: Sinistcha|Matcha Gotcha|p1b: Wonel\n|-damage|p1b: Wonel|9/100\n|-heal|p2b: Sinistcha|90/100|[from] drain|[of] p1b: Wonel\n|\n|-weather|none\n|-heal|p1b: Wonel|15/100|[from] item: Leftovers\n|-damage|p2a: Kangaskhan|82/100 brn|[from] brn\n|-ability|p1b: Wonel|Moody|boost\n|-boost|p1b: Wonel|atk|2\n|-unboost|p1b: Wonel|def|1\n|upkeep\n|turn|14\n|\n|t:|1776520332\n|move|p2b: Sinistcha|Rage Powder|p2b: Sinistcha\n|-singleturn|p2b: Sinistcha|move: Rage Powder\n|move|p1b: Wonel|Bite|p2b: Sinistcha\n|-supereffective|p2b: Sinistcha|1\n|-damage|p2b: Sinistcha|52/100\n|move|p2a: Kangaskhan|Double-Edge|p1b: Wonel|[miss]\n|-miss|p2a: Kangaskhan|p1b: Wonel\n|\n|-heal|p1b: Wonel|21/100|[from] item: Leftovers\n|-damage|p2a: Kangaskhan|76/100 brn|[from] brn\n|-ability|p1b: Wonel|Moody|boost\n|-boost|p1b: Wonel|def|2\n|-unboost|p1b: Wonel|spa|1\n|upkeep\n|turn|15\n|\n|t:|1776520347\n|move|p1b: Wonel|Bite|p2a: Kangaskhan\n|-damage|p2a: Kangaskhan|56/100 brn\n|move|p2a: Kangaskhan|Double-Edge|p1b: Wonel|[miss]\n|-miss|p2a: Kangaskhan|p1b: Wonel\n|move|p2b: Sinistcha|Life Dew|p2b: Sinistcha|[spread] p2a,p2b\n|-heal|p2a: Kangaskhan|81/100 brn\n|-heal|p2b: Sinistcha|77/100\n|\n|-heal|p1b: Wonel|28/100|[from] item: Leftovers\n|-damage|p2a: Kangaskhan|75/100 brn|[from] brn\n|-ability|p1b: Wonel|Moody|boost\n|-boost|p1b: Wonel|spe|2\n|-unboost|p1b: Wonel|def|1\n|upkeep\n|turn|16\n|\n|t:|1776520366\n|move|p1b: Wonel|Substitute|p1b: Wonel\n|-start|p1b: Wonel|Substitute\n|-damage|p1b: Wonel|3/100\n|move|p2a: Kangaskhan|Double-Edge|p1b: Wonel|[miss]\n|-miss|p2a: Kangaskhan|p1b: Wonel\n|move|p2b: Sinistcha|Matcha Gotcha|p1b: Wonel\n|-activate|p1b: Wonel|move: Substitute|[damage]\n|-heal|p2b: Sinistcha|82/100|[from] drain|[of] p1b: Wonel\n|\n|-heal|p1b: Wonel|9/100|[from] item: Leftovers\n|-damage|p2a: Kangaskhan|69/100 brn|[from] brn\n|-ability|p1b: Wonel|Moody|boost\n|-boost|p1b: Wonel|spd|1\n|-unboost|p1b: Wonel|atk|1\n|upkeep\n|turn|17\n|\n|t:|1776520385\n|move|p1b: Wonel|Frost Breath|p2b: Sinistcha\n|-supereffective|p2b: Sinistcha|1\n|-crit|p2b: Sinistcha\n|-damage|p2b: Sinistcha|0 fnt\n|faint|p2b: Sinistcha\n|move|p2a: Kangaskhan|Double-Edge|p1b: Wonel|[miss]\n|-miss|p2a: Kangaskhan|p1b: Wonel\n|\n|-heal|p1b: Wonel|15/100|[from] item: Leftovers\n|-damage|p2a: Kangaskhan|63/100 brn|[from] brn\n|-ability|p1b: Wonel|Moody|boost\n|-boost|p1b: Wonel|spa|2\n|-unboost|p1b: Wonel|spd|1\n|upkeep\n|turn|18\n|\n|t:|1776520402\n|move|p1b: Wonel|Frost Breath|p2a: Kangaskhan\n|-crit|p2a: Kangaskhan\n|-damage|p2a: Kangaskhan|0 fnt\n|faint|p2a: Kangaskhan\n|\n|win|plixim\n|raw|plixim's rating: 1078 &rarr; <strong>1106</strong><br />(+28 for winning)\n|raw|bigdiddyrizz's rating: 1070 &rarr; <strong>1050</strong><br />(-20 for losing)\n|l|\u2606bigdiddyrizz\n|player|p2|\n",
  "uploadtime": 1776520407,
  "views": 17,
  "formatid": "gen9championsvgc2026regma",
  "rating": 1050,
  "private": 0,
  "password": null
}