{
  "id": "gen9championsvgc2026regma-2585305713",
  "format": "[Gen 9 Champions] VGC 2026 Reg M-A",
  "players": [
    "TheWonderfulGirl",
    "tangorella"
  ],
  "log": "|j|\u2606TheWonderfulGirl\n|j|\u2606tangorella\n|t:|1776335967\n|gametype|doubles\n|player|p1|TheWonderfulGirl|pokekid|1106\n|player|p2|tangorella|ingo|1197\n|gen|9\n|tier|[Gen 9 Champions] VGC 2026 Reg M-A\n|rated|\n|rule|Species Clause: Limit one of each Pok\u00e9mon\n|rule|Item Clause: Limit 1 of each item\n|clearpoke\n|poke|p1|Froslass, L50, F|\n|poke|p1|Garchomp, L50, F|\n|poke|p1|Rotom-Frost, L50|\n|poke|p1|Empoleon, L50, F|\n|poke|p1|Incineroar, L50, F|\n|poke|p1|Kingambit, L50, F|\n|poke|p2|Espathra, L50, F|\n|poke|p2|Sneasler, L50, F|\n|poke|p2|Incineroar, L50, M|\n|poke|p2|Milotic, L50, M|\n|poke|p2|Dragonite, L50, M|\n|poke|p2|Venusaur, L50, M|\n|teampreview|4\n|inactive|Battle timer is ON: inactive players will automatically lose when time's up. (requested by tangorella)\n|inactive|TheWonderfulGirl also wants the timer to be on.\n|inactive|TheWonderfulGirl has 60 seconds left.\n|inactive|tangorella has 60 seconds left.\n|\n|t:|1776336002\n|teamsize|p1|4\n|teamsize|p2|4\n|start\n|switch|p1a: Froslass|Froslass, L50, F|100/100\n|switch|p1b: Rotom|Rotom-Frost, L50|100/100\n|switch|p2a: Espathra|Espathra, L50, F|100/100\n|switch|p2b: Sneasler|Sneasler, L50, F|100/100\n|turn|1\n|inactive|TheWonderfulGirl has 30 seconds left.\n|\n|t:|1776336037\n|switch|p1b: Garchomp|Garchomp, L50, F|100/100\n|detailschange|p1a: Froslass|Froslass-Mega, L50, F\n|-mega|p1a: Froslass|Froslass|Froslassite\n|-weather|Snowscape|[from] ability: Snow Warning|[of] p1a: Froslass\n|move|p2b: Sneasler|Fake Out|p1b: Garchomp\n|-damage|p1b: Garchomp|84/100\n|-damage|p2b: Sneasler|88/100|[from] ability: Rough Skin|[of] p1b: Garchomp\n|move|p1a: Froslass|Shadow Ball|p2a: Espathra\n|-supereffective|p2a: Espathra|1\n|-enditem|p2a: Espathra|Focus Sash\n|-damage|p2a: Espathra|1/100\n|-unboost|p2a: Espathra|spd|1\n|move|p2a: Espathra|Calm Mind|p2a: Espathra\n|-boost|p2a: Espathra|spa|1\n|-boost|p2a: Espathra|spd|1\n|\n|-weather|Snowscape|[upkeep]\n|-ability|p2a: Espathra|Speed Boost|boost\n|-boost|p2a: Espathra|spe|1\n|upkeep\n|turn|2\n|inactive|TheWonderfulGirl has 30 seconds left.\n|inactive|tangorella has 30 seconds left.\n|inactive|tangorella has 20 seconds left.\n|inactive|tangorella has 15 seconds left.\n|\n|t:|1776336078\n|switch|p1a: Rotom|Rotom-Frost, L50|100/100\n|move|p2a: Espathra|Baton Pass|p2a: Espathra\n|\n|t:|1776336084\n|switch|p2a: Dragonite|Dragonite, L50, M|100/100|[from] Baton Pass\n|move|p2b: Sneasler|Close Combat|p1b: Garchomp\n|-damage|p1b: Garchomp|18/100\n|-unboost|p2b: Sneasler|def|1\n|-unboost|p2b: Sneasler|spd|1\n|-damage|p2b: Sneasler|76/100|[from] ability: Rough Skin|[of] p1b: Garchomp\n|-enditem|p2b: Sneasler|White Herb\n|-clearnegativeboost|p2b: Sneasler|[silent]\n|move|p1b: Garchomp|Earthquake|p2b: Sneasler|[spread] p2b\n|-immune|p1a: Rotom|[from] ability: Levitate\n|-immune|p2a: Dragonite\n|-supereffective|p2b: Sneasler|1\n|-crit|p2b: Sneasler\n|-damage|p2b: Sneasler|0 fnt\n|faint|p2b: Sneasler\n|\n|-weather|Snowscape|[upkeep]\n|upkeep\n|inactive|tangorella has 30 seconds left.\n|\n|t:|1776336112\n|switch|p2b: Milotic|Milotic, L50, M|100/100\n|turn|3\n|\n|t:|1776336136\n|detailschange|p2a: Dragonite|Dragonite-Mega, L50, M\n|-mega|p2a: Dragonite|Dragonite|Dragoninite\n|move|p1a: Rotom|Electroweb|p2a: Dragonite|[spread] p2a,p2b\n|-supereffective|p2b: Milotic|1\n|-damage|p2a: Dragonite|93/100\n|-damage|p2b: Milotic|71/100\n|-unboost|p2a: Dragonite|spe|1\n|-unboost|p2b: Milotic|spe|1\n|-ability|p2b: Milotic|Competitive|boost\n|-boost|p2b: Milotic|spa|2\n|move|p1b: Garchomp|Dragon Claw|p2a: Dragonite\n|-supereffective|p2a: Dragonite|1\n|-damage|p2a: Dragonite|29/100\n|move|p2a: Dragonite|Heat Wave|p1a: Rotom|[spread] p1b\n|-miss|p2a: Dragonite|p1a: Rotom\n|-resisted|p1b: Garchomp|1\n|-damage|p1b: Garchomp|0 fnt\n|faint|p1b: Garchomp\n|move|p2b: Milotic|Icy Wind|p1a: Rotom\n|-resisted|p1a: Rotom|1\n|-damage|p1a: Rotom|78/100\n|-unboost|p1a: Rotom|spe|1\n|\n|-weather|Snowscape|[upkeep]\n|-heal|p2b: Milotic|77/100|[from] item: Leftovers\n|upkeep\n|inactive|TheWonderfulGirl has 30 seconds left.\n|\n|t:|1776336168\n|switch|p1b: Incineroar|Incineroar, L50, F|100/100\n|-ability|p1b: Incineroar|Intimidate|boost\n|-unboost|p2a: Dragonite|atk|1\n|-unboost|p2b: Milotic|atk|1\n|-ability|p2b: Milotic|Competitive|boost\n|-boost|p2b: Milotic|spa|2\n|turn|4\n|inactive|tangorella has 30 seconds left.\n|\n|t:|1776336196\n|switch|p1a: Froslass|Froslass-Mega, L50, F|100/100\n|move|p1b: Incineroar|Fake Out|p2b: Milotic\n|-damage|p2b: Milotic|61/100\n|move|p2a: Dragonite|Roost|p2a: Dragonite\n|-heal|p2a: Dragonite|79/100\n|-singleturn|p2a: Dragonite|move: Roost\n|cant|p2b: Milotic|flinch\n|\n|-weather|Snowscape|[upkeep]\n|-heal|p2b: Milotic|67/100|[from] item: Leftovers\n|upkeep\n|turn|5\n|inactive|TheWonderfulGirl has 30 seconds left.\n|\n|t:|1776336229\n|move|p1a: Froslass|Blizzard|p2b: Milotic|[spread] p2a,p2b\n|-supereffective|p2a: Dragonite|2\n|-resisted|p2b: Milotic|1\n|-damage|p2a: Dragonite|0 fnt\n|-damage|p2b: Milotic|48/100\n|faint|p2a: Dragonite\n|move|p1b: Incineroar|Darkest Lariat|p2b: Milotic\n|-damage|p2b: Milotic|5/100\n|move|p2b: Milotic|Scald|p1b: Incineroar\n|-supereffective|p1b: Incineroar|1\n|-damage|p1b: Incineroar|0 fnt\n|faint|p1b: Incineroar\n|\n|-weather|none\n|-heal|p2b: Milotic|11/100|[from] item: Leftovers\n|upkeep\n|\n|t:|1776336241\n|switch|p2a: Espathra|Espathra, L50, F|1/100\n|switch|p1b: Rotom|Rotom-Frost, L50|78/100\n|turn|6\n|\n|t:|1776336254\n|move|p1b: Rotom|Electroweb|p2a: Espathra|[spread] p2a,p2b\n|-supereffective|p2b: Milotic|1\n|-damage|p2a: Espathra|0 fnt\n|-damage|p2b: Milotic|0 fnt\n|faint|p2a: Espathra\n|faint|p2b: Milotic\n|\n|win|TheWonderfulGirl\n|raw|TheWonderfulGirl's rating: 1106 &rarr; <strong>1137</strong><br />(+31 for winning)\n|raw|tangorella's rating: 1197 &rarr; <strong>1166</strong><br />(-31 for losing)\n",
  "uploadtime": 1776336257,
  "views": 20,
  "formatid": "gen9championsvgc2026regma",
  "rating": 1137,
  "private": 0,
  "password": null
}