{
  "id": "gen9championsvgc2026regma-2587951219",
  "format": "[Gen 9 Champions] VGC 2026 Reg M-A",
  "players": [
    "arrascaxeira",
    "mastomoth"
  ],
  "log": "|j|\u2606arrascaxeira\n|j|\u2606mastomoth\n|t:|1776583748\n|gametype|doubles\n|player|p1|arrascaxeira|1|1132\n|player|p2|mastomoth|dawn|1168\n|gen|9\n|tier|[Gen 9 Champions] VGC 2026 Reg M-A\n|rated|\n|rule|Species Clause: Limit one of each Pok\u00e9mon\n|rule|Item Clause: Limit 1 of each item\n|clearpoke\n|poke|p1|Kommo-o, L50, F|\n|poke|p1|Basculegion, L50, M|\n|poke|p1|Chandelure, L50, F|\n|poke|p1|Whimsicott, L50, F|\n|poke|p1|Sneasler, L50, F|\n|poke|p1|Aerodactyl, L50, F|\n|poke|p2|Aurorus, L50, M|\n|poke|p2|Incineroar, L50, F|\n|poke|p2|Slowbro, L50, M|\n|poke|p2|Sinistcha, L50|\n|poke|p2|Primarina, L50, M|\n|poke|p2|Kingambit, L50, F|\n|teampreview|4\n|inactive|Battle timer is ON: inactive players will automatically lose when time's up. (requested by arrascaxeira)\n|inactive|arrascaxeira has 60 seconds left.\n|\n|t:|1776583797\n|teamsize|p1|4\n|teamsize|p2|4\n|start\n|switch|p1a: Sneasler|Sneasler, L50, F|100/100\n|switch|p1b: Whimsicott|Whimsicott, L50, F|100/100\n|switch|p2a: Incineroar|Incineroar, L50, F|100/100\n|switch|p2b: Slowbro|Slowbro, L50, M|100/100\n|-ability|p2a: Incineroar|Intimidate|boost\n|-unboost|p1a: Sneasler|atk|1\n|-unboost|p1b: Whimsicott|atk|1\n|-enditem|p1a: Sneasler|White Herb\n|-clearnegativeboost|p1a: Sneasler|[silent]\n|turn|1\n|\n|t:|1776583811\n|switch|p1b: Kommo-o|Kommo-o, L50, F|100/100\n|detailschange|p2b: Slowbro|Slowbro-Mega, L50, M\n|-mega|p2b: Slowbro|Slowbro|Slowbronite\n|move|p1a: Sneasler|Fake Out|p2b: Slowbro\n|-damage|p2b: Slowbro|93/100\n|move|p2a: Incineroar|Fake Out|p1b: Kommo-o\n|-damage|p1b: Kommo-o|90/100\n|cant|p2b: Slowbro|flinch\n|\n|-heal|p1b: Kommo-o|96/100|[from] item: Leftovers\n|upkeep\n|turn|2\n|\n|t:|1776583824\n|switch|p1b: Whimsicott|Whimsicott, L50, F|100/100\n|move|p1a: Sneasler|Close Combat|p2a: Incineroar\n|-supereffective|p2a: Incineroar|1\n|-damage|p2a: Incineroar|0 fnt\n|-unboost|p1a: Sneasler|def|1\n|-unboost|p1a: Sneasler|spd|1\n|faint|p2a: Incineroar\n|move|p2b: Slowbro|Trick Room|p2b: Slowbro\n|-fieldstart|move: Trick Room|[of] p2b: Slowbro\n|\n|upkeep\n|\n|t:|1776583833\n|switch|p2a: Aurorus|Aurorus, L50, M|100/100\n|turn|3\n|\n|t:|1776583839\n|move|p1a: Sneasler|Protect|p1a: Sneasler\n|-singleturn|p1a: Sneasler|Protect\n|move|p1b: Whimsicott|Encore|p2b: Slowbro\n|-start|p2b: Slowbro|Encore\n|move|p2a: Aurorus|Hyper Voice|p1a: Sneasler|[spread] p1b\n|-activate|p1a: Sneasler|move: Protect\n|-supereffective|p1b: Whimsicott|1\n|-damage|p1b: Whimsicott|21/100\n|-enditem|p1b: Whimsicott|Sitrus Berry|[eat]\n|-heal|p1b: Whimsicott|46/100|[from] item: Sitrus Berry\n|move|p2b: Slowbro|Trick Room|p2b: Slowbro\n|-fieldend|move: Trick Room\n|\n|upkeep\n|turn|4\n|\n|t:|1776583856\n|move|p1b: Whimsicott|Light Screen|p1b: Whimsicott\n|-sidestart|p1: arrascaxeira|move: Light Screen\n|move|p1a: Sneasler|Close Combat|p2a: Aurorus\n|-supereffective|p2a: Aurorus|2\n|-damage|p2a: Aurorus|0 fnt\n|-unboost|p1a: Sneasler|def|1\n|-unboost|p1a: Sneasler|spd|1\n|faint|p2a: Aurorus\n|move|p2b: Slowbro|Trick Room|p2b: Slowbro\n|-fieldstart|move: Trick Room|[of] p2b: Slowbro\n|\n|upkeep\n|\n|t:|1776583863\n|switch|p2a: Primarina|Primarina, L50, M|100/100\n|turn|5\n|\n|t:|1776583870\n|move|p1a: Sneasler|Protect|p1a: Sneasler\n|-singleturn|p1a: Sneasler|Protect\n|move|p2a: Primarina|Hyper Voice|p1a: Sneasler|[spread] p1b\n|-activate|p1a: Sneasler|move: Protect\n|-resisted|p1b: Whimsicott|1\n|-damage|p1b: Whimsicott|32/100\n|move|p1b: Whimsicott|Moonblast|p2a: Primarina\n|-crit|p2a: Primarina\n|-damage|p2a: Primarina|70/100\n|move|p2b: Slowbro|Trick Room|p2b: Slowbro\n|-fieldend|move: Trick Room\n|\n|-end|p2b: Slowbro|Encore\n|upkeep\n|turn|6\n|-message|mastomoth forfeited.\n|\n|win|arrascaxeira\n|raw|arrascaxeira's rating: 1132 &rarr; <strong>1160</strong><br />(+28 for winning)\n|raw|mastomoth's rating: 1168 &rarr; <strong>1140</strong><br />(-28 for losing)\n|l|\u2606mastomoth\n|player|p2|\n",
  "uploadtime": 1776583883,
  "views": 8,
  "formatid": "gen9championsvgc2026regma",
  "rating": 1140,
  "private": 0,
  "password": null
}