{
  "id": "gen9championsvgc2026regma-2585515036",
  "format": "[Gen 9 Champions] VGC 2026 Reg M-A",
  "players": [
    "jaisha4",
    "O1AM1DE"
  ],
  "log": "|j|\u2606jaisha4\n|j|\u2606O1AM1DE\n|t:|1776352685\n|gametype|doubles\n|player|p1|jaisha4|ghetsis-gen5bw|\n|player|p2|O1AM1DE|cynthia-gen4|\n|gen|9\n|tier|[Gen 9 Champions] VGC 2026 Reg M-A\n|rule|Species Clause: Limit one of each Pok\u00e9mon\n|rule|Item Clause: Limit 1 of each item\n|clearpoke\n|poke|p1|Sneasler, L50, F|\n|poke|p1|Chandelure, L50, M|\n|poke|p1|Talonflame, L50, F|\n|poke|p1|Starmie, L50|\n|poke|p1|Garchomp, L50, F|\n|poke|p1|Ninetales-Alola, L50, M|\n|poke|p2|Venusaur, L50, F|\n|poke|p2|Incineroar, L50, M|\n|poke|p2|Basculegion, L50, M|\n|poke|p2|Garchomp, L50, M|\n|poke|p2|Sneasler, L50, M|\n|poke|p2|Aerodactyl, L50, F|\n|teampreview|4\n|\n|t:|1776352697\n|teamsize|p1|4\n|teamsize|p2|4\n|start\n|switch|p1a: Ninetales|Ninetales-Alola, L50, M|100/100\n|switch|p1b: Garchomp|Garchomp, L50, F|100/100\n|switch|p2a: Venusaur|Venusaur, L50, F|100/100\n|switch|p2b: Incineroar|Incineroar, L50, M|100/100\n|-weather|Snowscape|[from] ability: Snow Warning|[of] p1a: Ninetales\n|-ability|p2b: Incineroar|Intimidate|boost\n|-unboost|p1a: Ninetales|atk|1\n|-unboost|p1b: Garchomp|atk|1\n|turn|1\n|\n|t:|1776352725\n|move|p2b: Incineroar|Fake Out|p1a: Ninetales\n|-damage|p1a: Ninetales|86/100\n|cant|p1a: Ninetales|flinch\n|move|p1b: Garchomp|Earthquake|p2a: Venusaur|[spread] p1a,p2a,p2b\n|-supereffective|p2b: Incineroar|1\n|-damage|p1a: Ninetales|61/100\n|-damage|p2a: Venusaur|73/100\n|-damage|p2b: Incineroar|40/100\n|move|p2a: Venusaur|Synthesis|p2a: Venusaur\n|-heal|p2a: Venusaur|98/100\n|\n|-weather|Snowscape|[upkeep]\n|upkeep\n|turn|2\n|l|\u2606O1AM1DE\n|player|p2|\n|j|\u2606O1AM1DE\n|player|p2|O1AM1DE|cynthia-gen4|\n|\n|t:|1776352761\n|move|p1a: Ninetales|Aurora Veil|p1a: Ninetales\n|-sidestart|p1: jaisha4|move: Aurora Veil\n|move|p1b: Garchomp|Dragon Rush|p2b: Incineroar\n|-damage|p2b: Incineroar|0 fnt\n|faint|p2b: Incineroar\n|move|p2a: Venusaur|Giga Drain|p1b: Garchomp\n|-damage|p1b: Garchomp|79/100\n|-heal|p2a: Venusaur|100/100|[from] drain|[of] p1b: Garchomp\n|\n|-weather|Snowscape|[upkeep]\n|upkeep\n|\n|t:|1776352770\n|switch|p2b: Aerodactyl|Aerodactyl, L50, F|100/100\n|turn|3\n|l|\u2606O1AM1DE\n|player|p2|\n|j|\u2606O1AM1DE\n|player|p2|O1AM1DE|cynthia-gen4|\n|\n|t:|1776352808\n|detailschange|p2b: Aerodactyl|Aerodactyl-Mega, L50, F\n|-mega|p2b: Aerodactyl|Aerodactyl|Aerodactylite\n|move|p2b: Aerodactyl|Ice Fang|p1b: Garchomp\n|-supereffective|p1b: Garchomp|2\n|-enditem|p1b: Garchomp|Yache Berry|[eat]\n|-enditem|p1b: Garchomp|Yache Berry|[weaken]\n|-damage|p1b: Garchomp|36/100\n|-damage|p2b: Aerodactyl|88/100|[from] ability: Rough Skin|[of] p1b: Garchomp\n|move|p1a: Ninetales|Blizzard|p2b: Aerodactyl|[spread] p2a,p2b\n|-supereffective|p2a: Venusaur|1\n|-supereffective|p2b: Aerodactyl|1\n|-damage|p2a: Venusaur|48/100\n|-damage|p2b: Aerodactyl|0 fnt\n|faint|p2b: Aerodactyl\n|move|p1b: Garchomp|Dragon Rush|p2a: Venusaur|[miss]\n|-miss|p1b: Garchomp|p2a: Venusaur\n|move|p2a: Venusaur|Leech Seed|p1b: Garchomp\n|-start|p1b: Garchomp|move: Leech Seed\n|\n|-weather|Snowscape|[upkeep]\n|-damage|p1b: Garchomp|24/100|[from] Leech Seed|[of] p2a: Venusaur\n|-heal|p2a: Venusaur|60/100|[silent]\n|upkeep\n|\n|t:|1776352828\n|switch|p2b: Garchomp|Garchomp, L50, M|100/100\n|turn|4\n|\n|t:|1776352836\n|move|p1a: Ninetales|Blizzard|p2b: Garchomp|[spread] p2a,p2b\n|-supereffective|p2a: Venusaur|1\n|-supereffective|p2b: Garchomp|2\n|-damage|p2a: Venusaur|12/100\n|-enditem|p2b: Garchomp|Focus Sash\n|-damage|p2b: Garchomp|1/100\n|-status|p2a: Venusaur|frz\n|move|p2b: Garchomp|Rock Slide|p1a: Ninetales|[spread] p1a,p1b\n|-supereffective|p1a: Ninetales|1\n|-resisted|p1b: Garchomp|1\n|-damage|p1a: Ninetales|36/100\n|-damage|p1b: Garchomp|17/100\n|move|p1b: Garchomp|Stomping Tantrum|p2a: Venusaur\n|-damage|p2a: Venusaur|0 fnt\n|faint|p2a: Venusaur\n|\n|-weather|Snowscape|[upkeep]\n|upkeep\n|turn|5\n|-message|O1AM1DE forfeited.\n|\n|win|jaisha4\n|l|\u2606O1AM1DE\n|player|p2|\n",
  "uploadtime": 1776352854,
  "views": 17,
  "formatid": "gen9championsvgc2026regma",
  "rating": null,
  "private": 0,
  "password": null
}