{
  "id": "gen9championsvgc2026regma-2587202329",
  "format": "[Gen 9 Champions] VGC 2026 Reg M-A",
  "players": [
    "nipter",
    "soulo333"
  ],
  "log": "|j|\u203dnipter\n|j|\u2606soulo333\n|t:|1776508282\n|gametype|doubles\n|player|p1|nipter|az|1330\n|player|p2|soulo333|102|1254\n|gen|9\n|tier|[Gen 9 Champions] VGC 2026 Reg M-A\n|rated|\n|rule|Species Clause: Limit one of each Pok\u00e9mon\n|rule|Item Clause: Limit 1 of each item\n|clearpoke\n|poke|p1|Greninja, L50, F, shiny|\n|poke|p1|Politoed, L50, F, shiny|\n|poke|p1|Incineroar, L50, F, shiny|\n|poke|p1|Basculegion-F, L50, F|\n|poke|p1|Garchomp, L50, F, shiny|\n|poke|p1|Archaludon, L50, F|\n|poke|p2|Charizard, L50, M|\n|poke|p2|Sneasler, L50, F|\n|poke|p2|Sinistcha, L50|\n|poke|p2|Incineroar, L50, M|\n|poke|p2|Milotic, L50, M|\n|poke|p2|Tyranitar, L50, F|\n|teampreview|4\nnipter has agreed to open team sheets.\n|\n|t:|1776508303\n|teamsize|p1|4\n|teamsize|p2|4\n|start\n|switch|p1a: Greninja|Greninja, L50, F, shiny|100/100\n|switch|p1b: Politoed|Politoed, L50, F, shiny|100/100\n|switch|p2a: Sinistcha|Sinistcha, L50|100/100\n|switch|p2b: Milotic|Milotic, L50, M|100/100\n|-weather|RainDance|[from] ability: Drizzle|[of] p1b: Politoed\n|turn|1\n|\n|t:|1776508323\n|switch|p2a: Tyranitar|Tyranitar, L50, F|100/100\n|-weather|Sandstorm|[from] ability: Sand Stream|[of] p2a: Tyranitar\n|detailschange|p1a: Greninja|Greninja-Mega, L50, F, shiny\n|-mega|p1a: Greninja|Greninja|Greninjite\n|move|p1a: Greninja|Icy Wind|p2b: Milotic|[spread] p2a,p2b\n|-start|p1a: Greninja|typechange|Ice|[from] ability: Protean\n|-resisted|p2b: Milotic|1\n|-damage|p2a: Tyranitar|89/100\n|-damage|p2b: Milotic|94/100\n|-unboost|p2a: Tyranitar|spe|1\n|-unboost|p2b: Milotic|spe|1\n|-ability|p2b: Milotic|Competitive|boost\n|-boost|p2b: Milotic|spa|2\n|move|p1b: Politoed|Ice Beam|p2a: Tyranitar\n|-damage|p2a: Tyranitar|74/100\n|-status|p2a: Tyranitar|frz\n|move|p2b: Milotic|Icy Wind|p1b: Politoed|[spread] p1a,p1b\n|-resisted|p1a: Greninja|1\n|-resisted|p1b: Politoed|1\n|-damage|p1a: Greninja|86/100\n|-damage|p1b: Politoed|92/100\n|-unboost|p1a: Greninja|spe|1\n|-unboost|p1b: Politoed|spe|1\n|\n|-weather|Sandstorm|[upkeep]\n|-damage|p1a: Greninja|80/100|[from] Sandstorm\n|-damage|p2b: Milotic|88/100|[from] Sandstorm\n|-damage|p1b: Politoed|86/100|[from] Sandstorm\n|-heal|p2b: Milotic|94/100|[from] item: Leftovers\n|upkeep\n|turn|2\n|\n|t:|1776508381\n|switch|p1b: Archaludon|Archaludon, L50, F|100/100\n|move|p1a: Greninja|Sludge Wave|p2b: Milotic|[spread] p2a,p2b\n|-immune|p1b: Archaludon\n|-resisted|p2a: Tyranitar|1\n|-damage|p2a: Tyranitar|67/100 frz\n|-damage|p2b: Milotic|79/100\n|move|p2b: Milotic|Icy Wind|p1a: Greninja|[spread] p1a,p1b\n|-resisted|p1a: Greninja|1\n|-damage|p1a: Greninja|66/100\n|-damage|p1b: Archaludon|76/100\n|-unboost|p1a: Greninja|spe|1\n|-unboost|p1b: Archaludon|spe|1\n|-ability|p1b: Archaludon|Stamina|boost\n|-boost|p1b: Archaludon|def|1\n|-curestatus|p2a: Tyranitar|frz|[msg]\n|move|p2a: Tyranitar|Rock Slide|p1a: Greninja|[spread] p1a,p1b\n|-supereffective|p1a: Greninja|1\n|-resisted|p1b: Archaludon|1\n|-damage|p1a: Greninja|0 fnt\n|-damage|p1b: Archaludon|68/100\n|-ability|p1b: Archaludon|Stamina|boost\n|-boost|p1b: Archaludon|def|1\n|faint|p1a: Greninja\n|\n|-weather|Sandstorm|[upkeep]\n|-damage|p2b: Milotic|73/100|[from] Sandstorm\n|-heal|p2b: Milotic|79/100|[from] item: Leftovers\n|-heal|p1b: Archaludon|74/100|[from] item: Leftovers\n|upkeep\n|inactive|Battle timer is ON: inactive players will automatically lose when time's up. (requested by soulo333)\n|\n|t:|1776508461\n|switch|p1a: Politoed|Politoed, L50, F, shiny|86/100\n|-weather|RainDance|[from] ability: Drizzle|[of] p1a: Politoed\n|turn|3\n|\n|t:|1776508473\n|detailschange|p2a: Tyranitar|Tyranitar-Mega, L50, F\n|-mega|p2a: Tyranitar|Tyranitar|Tyranitarite\n|-weather|Sandstorm|[from] ability: Sand Stream|[of] p2a: Tyranitar\n|move|p1a: Politoed|Weather Ball|p2a: Tyranitar\n|-damage|p2a: Tyranitar|53/100\n|move|p2b: Milotic|Scald|p1a: Politoed\n|-resisted|p1a: Politoed|1\n|-crit|p1a: Politoed\n|-damage|p1a: Politoed|50/100\n|-status|p1a: Politoed|brn\n|move|p1b: Archaludon|Electro Shot||[still]\n|-prepare|p1b: Archaludon|Electro Shot\n|-boost|p1b: Archaludon|spa|1\n|move|p2a: Tyranitar|High Horsepower|p1b: Archaludon\n|-supereffective|p1b: Archaludon|1\n|-damage|p1b: Archaludon|43/100\n|-ability|p1b: Archaludon|Stamina|boost\n|-boost|p1b: Archaludon|def|1\n|\n|-weather|Sandstorm|[upkeep]\n|-damage|p1a: Politoed|44/100 brn|[from] Sandstorm\n|-damage|p2b: Milotic|73/100|[from] Sandstorm\n|-heal|p2b: Milotic|79/100|[from] item: Leftovers\n|-heal|p1b: Archaludon|49/100|[from] item: Leftovers\n|-damage|p1a: Politoed|38/100 brn|[from] brn\n|upkeep\n|turn|4\n|inactive|nipter has 30 seconds left.\n|inactive|nipter has 20 seconds left.\n|inactive|nipter has 15 seconds left.\n|\n|t:|1776508515\n|switch|p1a: Basculegion|Basculegion-F, L50, F|100/100\n|move|p2b: Milotic|Protect|p2b: Milotic\n|-singleturn|p2b: Milotic|Protect\n|move|p1b: Archaludon|Electro Shot|p2b: Milotic|[from] lockedmove\n|-activate|p2b: Milotic|move: Protect\n|move|p2a: Tyranitar|Knock Off|p1a: Basculegion\n|-supereffective|p1a: Basculegion|1\n|-enditem|p1a: Basculegion|Focus Sash\n|-damage|p1a: Basculegion|1/100\n|\n|-weather|Sandstorm|[upkeep]\n|-damage|p1a: Basculegion|0 fnt|[from] Sandstorm\n|-damage|p2b: Milotic|73/100|[from] Sandstorm\n|faint|p1a: Basculegion\n|-heal|p2b: Milotic|79/100|[from] item: Leftovers\n|-heal|p1b: Archaludon|55/100|[from] item: Leftovers\n|upkeep\n|inactive|nipter has 30 seconds left.\n|\n|t:|1776508548\n|switch|p1a: Politoed|Politoed, L50, F, shiny|38/100 brn\n|-weather|RainDance|[from] ability: Drizzle|[of] p1a: Politoed\n|turn|5\n|\n|t:|1776508556\n|switch|p2a: Sinistcha|Sinistcha, L50|100/100\n|-heal|p2b: Milotic|100/100|[from] ability: Hospitality|[of] p2a: Sinistcha\n|move|p1a: Politoed|Weather Ball|p2a: Sinistcha\n|-resisted|p2a: Sinistcha|1\n|-damage|p2a: Sinistcha|55/100\n|move|p2b: Milotic|Scald|p1b: Archaludon\n|-resisted|p1b: Archaludon|1\n|-damage|p1b: Archaludon|0 fnt\n|faint|p1b: Archaludon\n|\n|-weather|RainDance|[upkeep]\n|-damage|p1a: Politoed|31/100 brn|[from] brn\n|upkeep\n|turn|6\n|-message|nipter forfeited.\n|\n|win|soulo333\n|raw|nipter's rating: 1330 &rarr; <strong>1306</strong><br />(-24 for losing)\n|raw|soulo333's rating: 1254 &rarr; <strong>1284</strong><br />(+30 for winning)\n",
  "uploadtime": 1776508572,
  "views": 21,
  "formatid": "gen9championsvgc2026regma",
  "rating": 1284,
  "private": 0,
  "password": null
}