{
  "id": "gen9championsvgc2026regma-2586584809",
  "format": "[Gen 9 Champions] VGC 2026 Reg M-A",
  "players": [
    "mrsteelixyourgirl",
    "like a dragonite"
  ],
  "log": "|j|\u2606mrsteelixyourgirl\n|j|\u2606like a dragonite\n|t:|1776444881\n|gametype|doubles\n|player|p1|mrsteelixyourgirl|steven|1171\n|player|p2|like a dragonite|red-gen7|1135\n|gen|9\n|tier|[Gen 9 Champions] VGC 2026 Reg M-A\n|rated|\n|rule|Species Clause: Limit one of each Pok\u00e9mon\n|rule|Item Clause: Limit 1 of each item\n|clearpoke\n|poke|p1|Froslass, L50, F|\n|poke|p1|Kingambit, L50, F|\n|poke|p1|Aerodactyl, L50, F|\n|poke|p1|Rotom-Frost, L50|\n|poke|p1|Sneasler, L50, M|\n|poke|p1|Milotic, L50, F|\n|poke|p2|Lucario, L50, M|\n|poke|p2|Pelipper, L50, F|\n|poke|p2|Basculegion, L50, M|\n|poke|p2|Venusaur, L50, M|\n|poke|p2|Garchomp, L50, M|\n|poke|p2|Tinkaton, L50, F|\n|teampreview|4\n|inactive|Battle timer is ON: inactive players will automatically lose when time's up. (requested by like a dragonite)\n|j| VioletInDreamland\n|c| VioletInDreamland|you guys have funny usernames\n|\n|t:|1776444911\n|teamsize|p1|4\n|teamsize|p2|4\n|start\n|switch|p1a: Froslass|Froslass, L50, F|100/100\n|switch|p1b: Aerodactyl|Aerodactyl, L50, F|100/100\n|switch|p2a: Tinkaton|Tinkaton, L50, F|100/100\n|switch|p2b: Basculegion|Basculegion, L50, M|100/100\n|-ability|p1b: Aerodactyl|Unnerve\n|-ability|p2a: Tinkaton|Mold Breaker\n|turn|1\n|c|\u2606mrsteelixyourgirl|lol\n|c|\u2606mrsteelixyourgirl|check out my YT\n|c|\u2606like a dragonite|Your name is awesome\n|\n|t:|1776444932\n|move|p1b: Aerodactyl|Protect|p1b: Aerodactyl\n|-singleturn|p1b: Aerodactyl|Protect\n|move|p1a: Froslass|Protect|p1a: Froslass\n|-singleturn|p1a: Froslass|Protect\n|move|p2a: Tinkaton|Fake Out|p1b: Aerodactyl\n|-activate|p1b: Aerodactyl|move: Protect\n|move|p2b: Basculegion|Flip Turn|p1b: Aerodactyl\n|-activate|p1b: Aerodactyl|move: Protect\n|\n|upkeep\n|turn|2\n|\n|t:|1776444950\n|switch|p1a: Milotic|Milotic, L50, F|100/100\n|move|p1b: Aerodactyl|Tailwind|p1b: Aerodactyl\n|-sidestart|p1: mrsteelixyourgirl|move: Tailwind\n|move|p2b: Basculegion|Flip Turn|p1b: Aerodactyl\n|-supereffective|p1b: Aerodactyl|1\n|-enditem|p1b: Aerodactyl|Focus Sash\n|-damage|p1b: Aerodactyl|1/100\n|\n|t:|1776444963\n|switch|p2b: Pelipper|Pelipper, L50, F|100/100|[from] Flip Turn\n|-weather|RainDance|[from] ability: Drizzle|[of] p2b: Pelipper\n|move|p2a: Tinkaton|Gigaton Hammer|p1a: Milotic\n|-resisted|p1a: Milotic|1\n|-damage|p1a: Milotic|75/100\n|\n|-weather|RainDance|[upkeep]\n|-heal|p1a: Milotic|81/100|[from] item: Leftovers\n|upkeep\n|turn|3\n|\n|t:|1776444973\n|move|p1b: Aerodactyl|Rock Slide|p2b: Pelipper|[spread] p2a\n|-miss|p1b: Aerodactyl|p2b: Pelipper\n|-resisted|p2a: Tinkaton|1\n|-damage|p2a: Tinkaton|91/100\n|move|p1a: Milotic|Scald|p2a: Tinkaton\n|-damage|p2a: Tinkaton|36/100\n|move|p2b: Pelipper|Tailwind|p2b: Pelipper\n|-sidestart|p2: like a dragonite|move: Tailwind\n|move|p2a: Tinkaton|Play Rough|p1b: Aerodactyl\n|-damage|p1b: Aerodactyl|0 fnt\n|faint|p1b: Aerodactyl\n|\n|-weather|RainDance|[upkeep]\n|-heal|p2a: Tinkaton|43/100|[from] item: Leftovers\n|-heal|p1a: Milotic|87/100|[from] item: Leftovers\n|upkeep\n|\n|t:|1776444978\n|switch|p1b: Froslass|Froslass, L50, F|100/100\n|turn|4\n|\n|t:|1776445000\n|switch|p2b: Basculegion|Basculegion, L50, M|100/100\n|move|p1b: Froslass|Protect|p1b: Froslass\n|-singleturn|p1b: Froslass|Protect\n|move|p2a: Tinkaton|Protect|p2a: Tinkaton\n|-singleturn|p2a: Tinkaton|Protect\n|move|p1a: Milotic|Icy Wind|p2a: Tinkaton|[spread] p2b\n|-activate|p2a: Tinkaton|move: Protect\n|-resisted|p2b: Basculegion|1\n|-damage|p2b: Basculegion|93/100\n|-unboost|p2b: Basculegion|spe|1\n|\n|-weather|RainDance|[upkeep]\n|-heal|p2a: Tinkaton|49/100|[from] item: Leftovers\n|-heal|p1a: Milotic|93/100|[from] item: Leftovers\n|upkeep\n|turn|5\n|inactive|mrsteelixyourgirl has 30 seconds left.\n|inactive|mrsteelixyourgirl has 20 seconds left.\n|inactive|mrsteelixyourgirl has 15 seconds left.\n|inactive|mrsteelixyourgirl has 10 seconds left.\n|\n|t:|1776445047\n|switch|p1b: Sneasler|Sneasler, L50, M|100/100\n|move|p2b: Basculegion|Wave Crash|p1b: Sneasler\n|-damage|p1b: Sneasler|0 fnt\n|faint|p1b: Sneasler\n|-damage|p2b: Basculegion|66/100|[from] Recoil\n|move|p2a: Tinkaton|Gigaton Hammer|p1a: Milotic\n|-resisted|p1a: Milotic|1\n|-damage|p1a: Milotic|68/100\n|move|p1a: Milotic|Scald|p2a: Tinkaton\n|-damage|p2a: Tinkaton|0 fnt\n|faint|p2a: Tinkaton\n|\n|-weather|RainDance|[upkeep]\n|-heal|p1a: Milotic|74/100|[from] item: Leftovers\n|-sideend|p1: mrsteelixyourgirl|move: Tailwind\n|upkeep\n|\n|t:|1776445059\n|switch|p1b: Froslass|Froslass, L50, F|100/100\n|switch|p2a: Lucario|Lucario, L50, M|100/100\n|turn|6\n|\n|t:|1776445073\n|detailschange|p2a: Lucario|Lucario-Mega, L50, M\n|-mega|p2a: Lucario|Lucario|Lucarionite\n|move|p1b: Froslass|Protect|p1b: Froslass\n|-singleturn|p1b: Froslass|Protect\n|move|p2a: Lucario|Meteor Mash|p1b: Froslass\n|-activate|p1b: Froslass|move: Protect\n|move|p2b: Basculegion|Flip Turn|p1a: Milotic\n|-resisted|p1a: Milotic|1\n|-damage|p1a: Milotic|43/100\n|\n|t:|1776445080\n|switch|p2b: Pelipper|Pelipper, L50, F|100/100|[from] Flip Turn\n|move|p1a: Milotic|Icy Wind|p2a: Lucario|[spread] p2a,p2b\n|-resisted|p2a: Lucario|1\n|-damage|p2a: Lucario|90/100\n|-damage|p2b: Pelipper|77/100\n|-unboost|p2a: Lucario|spe|1\n|-unboost|p2b: Pelipper|spe|1\n|\n|-weather|none\n|-heal|p1a: Milotic|49/100|[from] item: Leftovers\n|-sideend|p2: like a dragonite|move: Tailwind\n|upkeep\n|turn|7\n|\n|t:|1776445096\n|detailschange|p1b: Froslass|Froslass-Mega, L50, F\n|-mega|p1b: Froslass|Froslass|Froslassite\n|-weather|Snowscape|[from] ability: Snow Warning|[of] p1b: Froslass\n|move|p2a: Lucario|Protect|p2a: Lucario\n|-singleturn|p2a: Lucario|Protect\n|move|p1b: Froslass|Shadow Ball|p2a: Lucario\n|-activate|p2a: Lucario|move: Protect\n|move|p1a: Milotic|Scald|p2a: Lucario\n|-activate|p2a: Lucario|move: Protect\n|move|p2b: Pelipper|Tailwind|p2b: Pelipper\n|-sidestart|p2: like a dragonite|move: Tailwind\n|\n|-weather|Snowscape|[upkeep]\n|-heal|p1a: Milotic|55/100|[from] item: Leftovers\n|upkeep\n|turn|8\n|\n|t:|1776445113\n|switch|p2b: Basculegion|Basculegion, L50, M|66/100\n|move|p1b: Froslass|Protect|p1b: Froslass\n|-singleturn|p1b: Froslass|Protect\n|move|p2a: Lucario|Close Combat|p1a: Milotic\n|-damage|p1a: Milotic|0 fnt\n|-unboost|p2a: Lucario|def|1\n|-unboost|p2a: Lucario|spd|1\n|faint|p1a: Milotic\n|\n|-weather|Snowscape|[upkeep]\n|upkeep\n|turn|9\n|\n|t:|1776445123\n|move|p2b: Basculegion|Wave Crash|p1b: Froslass\n|-damage|p1b: Froslass|23/100\n|-damage|p2b: Basculegion|46/100|[from] Recoil\n|move|p2a: Lucario|Meteor Mash|p1b: Froslass\n|-supereffective|p1b: Froslass|1\n|-damage|p1b: Froslass|0 fnt\n|faint|p1b: Froslass\n|\n|win|like a dragonite\n|raw|mrsteelixyourgirl's rating: 1171 &rarr; <strong>1143</strong><br />(-28 for losing)\n|raw|like a dragonite's rating: 1135 &rarr; <strong>1163</strong><br />(+28 for winning)\n|c|\u2606like a dragonite|gg\n|c|\u2606mrsteelixyourgirl|gg missing that rockslide hurt\n|l|\u2606mrsteelixyourgirl\n|player|p1|\n|c|\u2606like a dragonite|Too much froslass protecting\n",
  "uploadtime": 1776445149,
  "views": 25,
  "formatid": "gen9championsvgc2026regma",
  "rating": 1143,
  "private": 0,
  "password": null
}