{
  "id": "gen9championsvgc2026regma-2585912760",
  "format": "[Gen 9 Champions] VGC 2026 Reg M-A",
  "players": [
    "gteqwgtads",
    "OutbreakCR"
  ],
  "log": "|j|\u2606gteqwgtads\n|j|\u2606OutbreakCR\n|t:|1776380854\n|gametype|doubles\n|player|p1|gteqwgtads|hilbert-wonderlauncher|1126\n|player|p2|OutbreakCR|clown|1105\n|gen|9\n|tier|[Gen 9 Champions] VGC 2026 Reg M-A\n|rated|\n|rule|Species Clause: Limit one of each Pok\u00e9mon\n|rule|Item Clause: Limit 1 of each item\n|clearpoke\n|poke|p1|Tyranitar, L50, M|\n|poke|p1|Garchomp, L50, M|\n|poke|p1|Sinistcha, L50|\n|poke|p1|Incineroar, L50, M|\n|poke|p1|Corviknight, L50, F|\n|poke|p1|Greninja-*, L50, F|\n|poke|p2|Froslass, L50, F|\n|poke|p2|Incineroar, L50, M|\n|poke|p2|Sinistcha, L50|\n|poke|p2|Sneasler, L50, F|\n|poke|p2|Aerodactyl, L50, M|\n|poke|p2|Kangaskhan, L50, F|\n|teampreview|4\ngteqwgtads has agreed to open team sheets.\n|\n|t:|1776380872\n|teamsize|p1|4\n|teamsize|p2|4\n|start\n|switch|p1a: Incineroar|Incineroar, L50, M|100/100\n|switch|p1b: Tyranitar|Tyranitar, L50, M|100/100\n|switch|p2a: Froslass|Froslass, L50, F, shiny|100/100\n|switch|p2b: Incineroar|Incineroar, L50, M|100/100\n|-weather|Sandstorm|[from] ability: Sand Stream|[of] p1b: Tyranitar\n|-ability|p2b: Incineroar|Intimidate|boost\n|-unboost|p1a: Incineroar|atk|1\n|-unboost|p1b: Tyranitar|atk|1\n|-ability|p1a: Incineroar|Intimidate|boost\n|-unboost|p2a: Froslass|atk|1\n|-unboost|p2b: Incineroar|atk|1\n|turn|1\n|\n|t:|1776380891\n|switch|p2a: Sneasler|Sneasler, L50, F, shiny|100/100\n|move|p2b: Incineroar|Fake Out|p1b: Tyranitar\n|-resisted|p1b: Tyranitar|1\n|-damage|p1b: Tyranitar|98/100\n|cant|p1b: Tyranitar|flinch\n|move|p1a: Incineroar|Darkest Lariat|p2a: Sneasler\n|-resisted|p2a: Sneasler|1\n|-damage|p2a: Sneasler|75/100\n|\n|-weather|Sandstorm|[upkeep]\n|-damage|p2a: Sneasler|69/100|[from] Sandstorm\n|-damage|p2b: Incineroar|95/100|[from] Sandstorm\n|-damage|p1a: Incineroar|95/100|[from] Sandstorm\n|upkeep\n|turn|2\n|\n|t:|1776380912\n|move|p1b: Tyranitar|Protect|p1b: Tyranitar\n|-singleturn|p1b: Tyranitar|Protect\n|move|p2a: Sneasler|Close Combat|p1b: Tyranitar\n|-activate|p1b: Tyranitar|move: Protect\n|move|p2b: Incineroar|Parting Shot|p1a: Incineroar\n|-unboost|p1a: Incineroar|atk|1\n|-unboost|p1a: Incineroar|spa|1\n|\n|t:|1776380923\n|switch|p2b: Froslass|Froslass, L50, F, shiny|100/100|[from] Parting Shot\n|move|p1a: Incineroar|Parting Shot|p2a: Sneasler\n|-unboost|p2a: Sneasler|atk|1\n|-unboost|p2a: Sneasler|spa|1\n|\n|t:|1776380930\n|switch|p1a: Garchomp|Garchomp, L50, M|100/100|[from] Parting Shot\n|\n|-weather|Sandstorm|[upkeep]\n|-damage|p2b: Froslass|94/100|[from] Sandstorm\n|-damage|p2a: Sneasler|64/100|[from] Sandstorm\n|upkeep\n|turn|3\n|\n|t:|1776380944\n|switch|p2a: Incineroar|Incineroar, L50, M|95/100\n|-ability|p2a: Incineroar|Intimidate|boost\n|-unboost|p1a: Garchomp|atk|1\n|-unboost|p1b: Tyranitar|atk|1\n|switch|p1b: Corviknight|Corviknight, L50, F|100/100\n|-ability|p1b: Corviknight|Pressure\n|detailschange|p2b: Froslass|Froslass-Mega, L50, F, shiny\n|-mega|p2b: Froslass|Froslass|Froslassite\n|-weather|Snowscape|[from] ability: Snow Warning|[of] p2b: Froslass\n|move|p1a: Garchomp|Protect|p1a: Garchomp\n|-singleturn|p1a: Garchomp|Protect\n|move|p2b: Froslass|Aurora Veil|p2b: Froslass\n|-sidestart|p2: OutbreakCR|move: Aurora Veil\n|\n|-weather|Snowscape|[upkeep]\n|upkeep\n|turn|4\n|\n|t:|1776380970\n|switch|p1a: Incineroar|Incineroar, L50, M|95/100\n|-ability|p1a: Incineroar|Intimidate|boost\n|-unboost|p2a: Incineroar|atk|1\n|-unboost|p2b: Froslass|atk|1\n|move|p2a: Incineroar|Fake Out|p1b: Corviknight\n|-resisted|p1b: Corviknight|1\n|-damage|p1b: Corviknight|98/100\n|move|p2b: Froslass|Blizzard|p1a: Incineroar|[spread] p1a,p1b\n|-resisted|p1a: Incineroar|1\n|-damage|p1a: Incineroar|73/100\n|-damage|p1b: Corviknight|47/100\n|cant|p1b: Corviknight|flinch\n|\n|-weather|Snowscape|[upkeep]\n|upkeep\n|turn|5\n|\n|t:|1776380987\n|switch|p2b: Sinistcha|Sinistcha, L50|100/100\n|-heal|p2a: Incineroar|100/100|[from] ability: Hospitality|[of] p2b: Sinistcha\n|move|p1a: Incineroar|Fake Out|p2a: Incineroar\n|-damage|p2a: Incineroar|94/100\n|move|p1b: Corviknight|Tailwind|p1b: Corviknight\n|-sidestart|p1: gteqwgtads|move: Tailwind\n|cant|p2a: Incineroar|flinch\n|\n|-weather|Snowscape|[upkeep]\n|upkeep\n|turn|6\n|\n|t:|1776381008\n|move|p1b: Corviknight|Roost|p1b: Corviknight\n|-heal|p1b: Corviknight|98/100\n|-singleturn|p1b: Corviknight|move: Roost\n|move|p1a: Incineroar|Flare Blitz|p2b: Sinistcha\n|-supereffective|p2b: Sinistcha|1\n|-damage|p2b: Sinistcha|37/100\n|-damage|p1a: Incineroar|53/100|[from] Recoil\n|move|p2b: Sinistcha|Strength Sap|p1a: Incineroar\n|-unboost|p1a: Incineroar|atk|1\n|-heal|p2b: Sinistcha|100/100\n|move|p2a: Incineroar|Flare Blitz|p1b: Corviknight\n|-supereffective|p1b: Corviknight|1\n|-damage|p1b: Corviknight|48/100\n|-damage|p2a: Incineroar|79/100|[from] Recoil\n|\n|-weather|Snowscape|[upkeep]\n|upkeep\n|turn|7\n|\n|t:|1776381049\n|switch|p2a: Sneasler|Sneasler, L50, F, shiny|64/100\n|move|p1b: Corviknight|U-turn|p2b: Sinistcha\n|-crit|p2b: Sinistcha\n|-damage|p2b: Sinistcha|78/100\n|\n|t:|1776381055\n|switch|p1b: Garchomp|Garchomp, L50, M|100/100|[from] U-turn\n|move|p1a: Incineroar|Parting Shot|p2b: Sinistcha\n|-unboost|p2b: Sinistcha|atk|1\n|-unboost|p2b: Sinistcha|spa|1\n|\n|t:|1776381059\n|switch|p1a: Corviknight|Corviknight, L50, F|48/100|[from] Parting Shot\n|-ability|p1a: Corviknight|Pressure\n|move|p2b: Sinistcha|Life Dew|p2b: Sinistcha|[spread] p2a,p2b\n|-heal|p2a: Sneasler|88/100\n|-heal|p2b: Sinistcha|100/100\n|\n|-weather|none\n|-sideend|p2: OutbreakCR|move: Aurora Veil\n|upkeep\n|turn|8\n|\n|t:|1776381093\n|switch|p1a: Incineroar|Incineroar, L50, M|53/100\n|-ability|p1a: Incineroar|Intimidate|boost\n|-unboost|p2a: Sneasler|atk|1\n|-unboost|p2b: Sinistcha|atk|1\n|move|p2a: Sneasler|Fake Out|p1b: Garchomp\n|-damage|p1b: Garchomp|89/100\n|cant|p1b: Garchomp|flinch\n|move|p2b: Sinistcha|Matcha Gotcha|p1a: Incineroar|[spread] p1b\n|-miss|p2b: Sinistcha|p1a: Incineroar\n|-damage|p1b: Garchomp|71/100\n|\n|-sideend|p1: gteqwgtads|move: Tailwind\n|upkeep\n|turn|9\n|\n|t:|1776381128\n|move|p2a: Sneasler|Protect|p2a: Sneasler\n|-singleturn|p2a: Sneasler|Protect\n|move|p1b: Garchomp|Rock Slide|p2b: Sinistcha|[spread] p2b\n|-activate|p2a: Sneasler|move: Protect\n|-damage|p2b: Sinistcha|86/100\n|move|p2b: Sinistcha|Strength Sap|p1b: Garchomp\n|-unboost|p1b: Garchomp|atk|1\n|-heal|p2b: Sinistcha|100/100\n|move|p1a: Incineroar|Darkest Lariat|p2b: Sinistcha\n|-supereffective|p2b: Sinistcha|1\n|-damage|p2b: Sinistcha|42/100\n|\n|-heal|p2b: Sinistcha|48/100|[from] item: Leftovers\n|upkeep\n|turn|10\n|\n|t:|1776381159\n|move|p2a: Sneasler|Close Combat|p1a: Incineroar\n|-supereffective|p1a: Incineroar|1\n|-damage|p1a: Incineroar|0 fnt\n|-unboost|p2a: Sneasler|def|1\n|-unboost|p2a: Sneasler|spd|1\n|faint|p1a: Incineroar\n|move|p1b: Garchomp|Earthquake|p2b: Sinistcha|[spread] p2a,p2b\n|-supereffective|p2a: Sneasler|1\n|-resisted|p2b: Sinistcha|1\n|-damage|p2a: Sneasler|0 fnt\n|-damage|p2b: Sinistcha|38/100\n|faint|p2a: Sneasler\n|move|p2b: Sinistcha|Life Dew|p2b: Sinistcha\n|-heal|p2b: Sinistcha|63/100\n|\n|-heal|p2b: Sinistcha|69/100|[from] item: Leftovers\n|upkeep\n|\n|t:|1776381173\n|switch|p2a: Incineroar|Incineroar, L50, M|79/100\n|switch|p1a: Corviknight|Corviknight, L50, F|48/100\n|-ability|p1a: Corviknight|Pressure\n|-ability|p2a: Incineroar|Intimidate|boost\n|-unboost|p1a: Corviknight|atk|1\n|-unboost|p1b: Garchomp|atk|1\n|turn|11\n|\n|t:|1776381189\n|switch|p1b: Tyranitar|Tyranitar, L50, M|98/100\n|-weather|Sandstorm|[from] ability: Sand Stream|[of] p1b: Tyranitar\n|move|p2a: Incineroar|Fake Out|p1b: Tyranitar\n|-resisted|p1b: Tyranitar|1\n|-damage|p1b: Tyranitar|93/100\n|move|p1a: Corviknight|Tailwind|p1a: Corviknight\n|-sidestart|p1: gteqwgtads|move: Tailwind\n|move|p2b: Sinistcha|Matcha Gotcha|p1b: Tyranitar|[spread] p1a,p1b\n|-resisted|p1a: Corviknight|2\n|-supereffective|p1b: Tyranitar|1\n|-damage|p1a: Corviknight|44/100\n|-heal|p2b: Sinistcha|71/100|[from] drain|[of] p1a: Corviknight\n|-damage|p1b: Tyranitar|69/100\n|-heal|p2b: Sinistcha|83/100|[from] drain|[of] p1b: Tyranitar\n|\n|-weather|Sandstorm|[upkeep]\n|-damage|p2b: Sinistcha|77/100|[from] Sandstorm\n|-damage|p2a: Incineroar|74/100|[from] Sandstorm\n|-heal|p2b: Sinistcha|83/100|[from] item: Leftovers\n|upkeep\n|turn|12\n|\n|t:|1776381211\n|move|p2b: Sinistcha|Rage Powder|p2b: Sinistcha\n|-singleturn|p2b: Sinistcha|move: Rage Powder\n|move|p1a: Corviknight|U-turn|p2b: Sinistcha\n|-damage|p2b: Sinistcha|73/100\n|\n|t:|1776381216\n|switch|p1a: Garchomp|Garchomp, L50, M|71/100|[from] U-turn\n|move|p1b: Tyranitar|Knock Off|p2b: Sinistcha\n|-supereffective|p2b: Sinistcha|1\n|-damage|p2b: Sinistcha|0 fnt\n|-enditem|p2b: Sinistcha|Leftovers|[from] move: Knock Off|[of] p1b: Tyranitar\n|faint|p2b: Sinistcha\n|move|p2a: Incineroar|Flare Blitz|p1a: Garchomp\n|-resisted|p1a: Garchomp|1\n|-damage|p1a: Garchomp|50/100\n|-damage|p2a: Incineroar|67/100|[from] Recoil\n|\n|-weather|Sandstorm|[upkeep]\n|-damage|p2a: Incineroar|61/100|[from] Sandstorm\n|upkeep\n|\n|t:|1776381229\n|switch|p2b: Froslass|Froslass-Mega, L50, F, shiny|94/100\n|-weather|Snowscape|[from] ability: Snow Warning|[of] p2b: Froslass\n|turn|13\n|\n|t:|1776381239\n|detailschange|p1b: Tyranitar|Tyranitar-Mega, L50, M\n|-mega|p1b: Tyranitar|Tyranitar|Tyranitarite\n|-weather|Sandstorm|[from] ability: Sand Stream|[of] p1b: Tyranitar\n|move|p1a: Garchomp|Rock Slide|p2b: Froslass|[spread] p2a,p2b\n|-supereffective|p2a: Incineroar|1\n|-supereffective|p2b: Froslass|1\n|-damage|p2a: Incineroar|28/100\n|-damage|p2b: Froslass|30/100\n|-enditem|p2a: Incineroar|Sitrus Berry|[eat]\n|-heal|p2a: Incineroar|53/100|[from] item: Sitrus Berry\n|move|p1b: Tyranitar|Rock Slide|p2b: Froslass|[spread] p2a,p2b\n|-supereffective|p2a: Incineroar|1\n|-supereffective|p2b: Froslass|1\n|-damage|p2a: Incineroar|0 fnt\n|-damage|p2b: Froslass|0 fnt\n|faint|p2a: Incineroar\n|faint|p2b: Froslass\n|\n|win|gteqwgtads\n|raw|gteqwgtads's rating: 1126 &rarr; <strong>1149</strong><br />(+23 for winning)\n|raw|OutbreakCR's rating: 1105 &rarr; <strong>1082</strong><br />(-23 for losing)\n|c|\u2606gteqwgtads|gg\n|l|\u2606OutbreakCR\n|player|p2|\n",
  "uploadtime": 1776381253,
  "views": 20,
  "formatid": "gen9championsvgc2026regma",
  "rating": 1082,
  "private": 0,
  "password": null
}