{
  "id": "gen9championsvgc2026regma-2581666500",
  "format": "[Gen 9 Champions] VGC 2026 Reg M-A",
  "players": [
    "floydzera",
    "Crafter568"
  ],
  "log": "|j|\u2606floydzera\n|j|\u2606Crafter568\n|t:|1776019175\n|gametype|doubles\n|player|p1|floydzera|volkner|1060\n|player|p2|Crafter568|hilbert-wonderlauncher|1000\n|gen|9\n|tier|[Gen 9 Champions] VGC 2026 Reg M-A\n|rated|\n|rule|Species Clause: Limit one of each Pok\u00e9mon\n|rule|Item Clause: Limit 1 of each item\n|clearpoke\n|poke|p1|Froslass, L50, F|\n|poke|p1|Incineroar, L50, M|\n|poke|p1|Rotom-Frost, L50|\n|poke|p1|Garchomp, L50, F|\n|poke|p1|Basculegion, L50, M|\n|poke|p1|Kingambit, L50, F|\n|poke|p2|Pelipper, L50, F|\n|poke|p2|Blastoise, L50, M|\n|poke|p2|Maushold, L50|\n|poke|p2|Archaludon, L50, F|\n|poke|p2|Floette-Eternal, L50, F|\n|poke|p2|Sinistcha, L50|\n|teampreview|4\n|\n|t:|1776019200\n|teamsize|p1|4\n|teamsize|p2|4\n|start\n|switch|p1a: Rotom|Rotom-Frost, L50|100/100\n|switch|p1b: Garchomp|Garchomp, L50, F|100/100\n|switch|p2a: Blastoise|Blastoise, L50, M|100/100\n|switch|p2b: Maushold|Maushold, L50|100/100\n|turn|1\n|\n|t:|1776019226\n|switch|p2b: Pelipper|Pelipper, L50, F|100/100\n|-weather|RainDance|[from] ability: Drizzle|[of] p2b: Pelipper\n|move|p2a: Blastoise|Protect|p2a: Blastoise\n|-singleturn|p2a: Blastoise|Protect\n|move|p1b: Garchomp|Earthquake|p2b: Pelipper|[spread] \n|-activate|p2a: Blastoise|move: Protect\n|-immune|p1a: Rotom|[from] ability: Levitate\n|-immune|p2b: Pelipper\n|move|p1a: Rotom|Thunderbolt|p2a: Blastoise\n|-activate|p2a: Blastoise|move: Protect\n|\n|-weather|RainDance|[upkeep]\n|upkeep\n|turn|2\n|\n|t:|1776019264\n|switch|p1b: Froslass|Froslass, L50, F|100/100\n|detailschange|p2a: Blastoise|Blastoise-Mega, L50, M\n|-mega|p2a: Blastoise|Blastoise|Blastoisinite\n|move|p2b: Pelipper|Tailwind|p2b: Pelipper\n|-sidestart|p2: Crafter568|move: Tailwind\n|move|p2a: Blastoise|Aura Sphere|p1a: Rotom\n|-supereffective|p1a: Rotom|1\n|-damage|p1a: Rotom|0 fnt\n|faint|p1a: Rotom\n|\n|-weather|RainDance|[upkeep]\n|upkeep\n|\n|t:|1776019278\n|switch|p1a: Basculegion|Basculegion, L50, M|100/100\n|turn|3\n|\n|t:|1776019292\n|switch|p2b: Maushold|Maushold, L50|100/100\n|detailschange|p1b: Froslass|Froslass-Mega, L50, F\n|-mega|p1b: Froslass|Froslass|Froslassite\n|-weather|Snowscape|[from] ability: Snow Warning|[of] p1b: Froslass\n|move|p2a: Blastoise|Protect|p2a: Blastoise\n|-singleturn|p2a: Blastoise|Protect\n|move|p1a: Basculegion|Last Respects|p2b: Maushold\n|-immune|p2b: Maushold\n|move|p1b: Froslass|Blizzard|p2a: Blastoise|[spread] p2b\n|-activate|p2a: Blastoise|move: Protect\n|-damage|p2b: Maushold|25/100\n|\n|-weather|Snowscape|[upkeep]\n|upkeep\n|turn|4\n|\n|t:|1776019323\n|switch|p2b: Pelipper|Pelipper, L50, F|100/100\n|-weather|RainDance|[from] ability: Drizzle|[of] p2b: Pelipper\n|move|p1b: Froslass|Protect|p1b: Froslass\n|-singleturn|p1b: Froslass|Protect\n|move|p2a: Blastoise|Water Spout|p1b: Froslass|[spread] p1a\n|-activate|p1b: Froslass|move: Protect\n|-resisted|p1a: Basculegion|1\n|-damage|p1a: Basculegion|41/100\n|move|p1a: Basculegion|Last Respects|p2a: Blastoise\n|-damage|p2a: Blastoise|43/100\n|\n|-weather|RainDance|[upkeep]\n|upkeep\n|turn|5\n|\n|t:|1776019351\n|switch|p2b: Sinistcha|Sinistcha, L50|100/100\n|-heal|p2a: Blastoise|68/100|[from] ability: Hospitality|[of] p2b: Sinistcha\n|switch|p1a: Garchomp|Garchomp, L50, F|100/100\n|move|p2a: Blastoise|Water Spout|p1a: Garchomp|[spread] p1a,p1b\n|-damage|p1a: Garchomp|24/100\n|-damage|p1b: Froslass|19/100\n|move|p1b: Froslass|Blizzard|p2a: Blastoise|[spread] p2a\n|-miss|p1b: Froslass|p2b: Sinistcha\n|-resisted|p2a: Blastoise|1\n|-damage|p2a: Blastoise|45/100\n|\n|-weather|RainDance|[upkeep]\n|-sideend|p2: Crafter568|move: Tailwind\n|upkeep\n|turn|6\n|\n|t:|1776019386\n|switch|p2b: Pelipper|Pelipper, L50, F|100/100\n|move|p2a: Blastoise|Protect|p2a: Blastoise\n|-singleturn|p2a: Blastoise|Protect\n|move|p1b: Froslass|Shadow Ball|p2b: Pelipper\n|-damage|p2b: Pelipper|24/100\n|-unboost|p2b: Pelipper|spd|1\n|move|p1a: Garchomp|Dragon Claw|p2a: Blastoise\n|-activate|p2a: Blastoise|move: Protect\n|\n|-weather|RainDance|[upkeep]\n|upkeep\n|turn|7\n|\n|t:|1776019408\n|switch|p1b: Basculegion|Basculegion, L50, M|41/100\n|switch|p2a: Maushold|Maushold, L50|25/100\n|move|p2b: Pelipper|Tailwind|p2b: Pelipper\n|-sidestart|p2: Crafter568|move: Tailwind\n|move|p1a: Garchomp|Rock Slide|p2a: Maushold|[spread] p2a\n|-miss|p1a: Garchomp|p2b: Pelipper\n|-damage|p2a: Maushold|0 fnt\n|faint|p2a: Maushold\n|\n|-weather|RainDance|[upkeep]\n|upkeep\n|\n|t:|1776019421\n|switch|p2a: Blastoise|Blastoise-Mega, L50, M|45/100\n|turn|8\n|\n|t:|1776019431\n|switch|p2b: Sinistcha|Sinistcha, L50|100/100\n|-heal|p2a: Blastoise|70/100|[from] ability: Hospitality|[of] p2b: Sinistcha\n|move|p2a: Blastoise|Water Spout|p1a: Garchomp|[spread] p1a,p1b\n|-resisted|p1b: Basculegion|1\n|-damage|p1a: Garchomp|0 fnt\n|-damage|p1b: Basculegion|2/100\n|faint|p1a: Garchomp\n|move|p1b: Basculegion|Last Respects|p2a: Blastoise\n|-damage|p2a: Blastoise|0 fnt\n|faint|p2a: Blastoise\n|\n|-weather|none\n|upkeep\n|\n|t:|1776019443\n|switch|p1a: Froslass|Froslass-Mega, L50, F|19/100\n|switch|p2a: Pelipper|Pelipper, L50, F|24/100\n|-weather|RainDance|[from] ability: Drizzle|[of] p2a: Pelipper\n|-weather|Snowscape|[from] ability: Snow Warning|[of] p1a: Froslass\n|turn|9\n|\n|t:|1776019470\n|move|p1a: Froslass|Protect|p1a: Froslass\n|-singleturn|p1a: Froslass|Protect\n|move|p2a: Pelipper|Weather Ball|p1a: Froslass\n|-activate|p1a: Froslass|move: Protect\n|move|p1b: Basculegion|Last Respects|p2b: Sinistcha\n|-supereffective|p2b: Sinistcha|1\n|-damage|p2b: Sinistcha|0 fnt\n|faint|p2b: Sinistcha\n|\n|-weather|Snowscape|[upkeep]\n|upkeep\n|turn|10\n|\n|t:|1776019486\n|move|p2a: Pelipper|Weather Ball|p1a: Froslass\n|-resisted|p1a: Froslass|1\n|-damage|p1a: Froslass|3/100\n|move|p1b: Basculegion|Last Respects|p2a: Pelipper\n|-damage|p2a: Pelipper|0 fnt\n|faint|p2a: Pelipper\n|\n|win|floydzera\n|raw|floydzera's rating: 1060 &rarr; <strong>1086</strong><br />(+26 for winning)\n|raw|Crafter568's rating: 1000 &rarr; <strong>1000</strong><br />(+0 for losing)\n",
  "uploadtime": 1776019495,
  "views": 19,
  "formatid": "gen9championsvgc2026regma",
  "rating": 1000,
  "private": 0,
  "password": null
}