{
  "id": "gen9championsvgc2026regma-2589455257",
  "format": "[Gen 9 Champions] VGC 2026 Reg M-A",
  "players": [
    "Altarium",
    "Radagui95"
  ],
  "log": "|j|\u2606Altarium\n|j|\u2606Radagui95\n|t:|1776724466\n|gametype|doubles\n|player|p1|Altarium|winona|1040\n|player|p2|Radagui95|170|1063\n|gen|9\n|tier|[Gen 9 Champions] VGC 2026 Reg M-A\n|rated|\n|rule|Species Clause: Limit one of each Pok\u00e9mon\n|rule|Item Clause: Limit 1 of each item\n|clearpoke\n|poke|p1|Dragonite, L50, M, shiny|\n|poke|p1|Espathra, L50, F|\n|poke|p1|Milotic, L50, F, shiny|\n|poke|p1|Sneasler, L50, F|\n|poke|p1|Venusaur, L50, F|\n|poke|p1|Incineroar, L50, M|\n|poke|p2|Trevenant, L50, F, shiny|\n|poke|p2|Aerodactyl, L50, M|\n|poke|p2|Charizard, L50, M, shiny|\n|poke|p2|Sneasler, L50, M|\n|poke|p2|Archaludon, L50, M, shiny|\n|poke|p2|Basculegion, L50, M|\n|teampreview|4\n|inactive|Battle timer is ON: inactive players will automatically lose when time's up. (requested by Altarium)\nAltarium rejected open team sheets.\n|\n|t:|1776724511\n|teamsize|p1|4\n|teamsize|p2|4\n|start\n|switch|p1a: Espathra|Espathra, L50, F|100/100\n|switch|p1b: Incineroar|Incineroar, L50, M|100/100\n|switch|p2a: Sneasler|Sneasler, L50, M|100/100\n|switch|p2b: Aerodactyl|Aerodactyl, L50, M|100/100\n|-ability|p1b: Incineroar|Intimidate|boost\n|-unboost|p2a: Sneasler|atk|1\n|-unboost|p2b: Aerodactyl|atk|1\n|-enditem|p2a: Sneasler|White Herb\n|-clearnegativeboost|p2a: Sneasler|[silent]\n|turn|1\n|inactive|Altarium has 30 seconds left.\n|inactive|Altarium has 20 seconds left.\n|\n|t:|1776724549\n|switch|p1b: Milotic|Milotic, L50, F, shiny|100/100\n|move|p1a: Espathra|Protect|p1a: Espathra\n|-singleturn|p1a: Espathra|Protect\n|move|p2a: Sneasler|Fake Out|p1a: Espathra\n|-activate|p1a: Espathra|move: Protect\n|move|p2b: Aerodactyl|Dual Wingbeat|p1a: Espathra\n|-activate|p1a: Espathra|move: Protect\n|\n|-ability|p1a: Espathra|Speed Boost|boost\n|-boost|p1a: Espathra|spe|1\n|upkeep\n|turn|2\n|\n|t:|1776724565\n|switch|p2a: Archaludon|Archaludon, L50, M, shiny|100/100\n|move|p1a: Espathra|Lumina Crash|p2a: Archaludon\n|-resisted|p2a: Archaludon|1\n|-damage|p2a: Archaludon|80/100\n|-unboost|p2a: Archaludon|spd|2\n|-ability|p2a: Archaludon|Stamina|boost\n|-boost|p2a: Archaludon|def|1\n|move|p2b: Aerodactyl|Tailwind|p2b: Aerodactyl\n|-sidestart|p2: Radagui95|move: Tailwind\n|move|p1b: Milotic|Icy Wind|p2a: Archaludon|[spread] p2a,p2b\n|-supereffective|p2b: Aerodactyl|1\n|-damage|p2a: Archaludon|54/100\n|-damage|p2b: Aerodactyl|77/100\n|-unboost|p2a: Archaludon|spe|1\n|-unboost|p2b: Aerodactyl|spe|1\n|-ability|p2a: Archaludon|Stamina|boost\n|-boost|p2a: Archaludon|def|1\n|\n|-heal|p2a: Archaludon|60/100|[from] item: Leftovers\n|-ability|p1a: Espathra|Speed Boost|boost\n|-boost|p1a: Espathra|spe|1\n|upkeep\n|turn|3\n|inactive|Altarium has 30 seconds left.\n|inactive|Radagui95 has 30 seconds left.\n|\n|t:|1776724598\n|switch|p2b: Basculegion|Basculegion, L50, M|100/100\n|move|p1a: Espathra|Lumina Crash|p2a: Archaludon\n|-resisted|p2a: Archaludon|1\n|-damage|p2a: Archaludon|20/100\n|-unboost|p2a: Archaludon|spd|2\n|-ability|p2a: Archaludon|Stamina|boost\n|-boost|p2a: Archaludon|def|1\n|move|p2a: Archaludon|Thunderbolt|p1b: Milotic\n|-supereffective|p1b: Milotic|1\n|-damage|p1b: Milotic|42/100\n|move|p1b: Milotic|Scald|p2b: Basculegion\n|-resisted|p2b: Basculegion|1\n|-damage|p2b: Basculegion|84/100\n|-status|p2b: Basculegion|brn\n|\n|-heal|p2a: Archaludon|26/100|[from] item: Leftovers\n|-heal|p1b: Milotic|48/100|[from] item: Leftovers\n|-damage|p2b: Basculegion|78/100 brn|[from] brn\n|-ability|p1a: Espathra|Speed Boost|boost\n|-boost|p1a: Espathra|spe|1\n|upkeep\n|turn|4\n|inactive|Altarium has 30 seconds left.\n|inactive|Radagui95 has 30 seconds left.\n|\n|t:|1776724626\n|switch|p1b: Incineroar|Incineroar, L50, M|100/100\n|-ability|p1b: Incineroar|Intimidate|boost\n|-unboost|p2a: Archaludon|atk|1\n|-unboost|p2b: Basculegion|atk|1\n|move|p1a: Espathra|Protect|p1a: Espathra\n|-singleturn|p1a: Espathra|Protect\n|move|p2a: Archaludon|Protect|p2a: Archaludon\n|-singleturn|p2a: Archaludon|Protect\n|move|p2b: Basculegion|Last Respects|p1a: Espathra\n|-activate|p1a: Espathra|move: Protect\n|\n|-heal|p2a: Archaludon|32/100|[from] item: Leftovers\n|-damage|p2b: Basculegion|72/100 brn|[from] brn\n|-ability|p1a: Espathra|Speed Boost|boost\n|-boost|p1a: Espathra|spe|1\n|upkeep\n|turn|5\n|inactive|Altarium has 30 seconds left.\n|\n|t:|1776724653\n|switch|p2a: Aerodactyl|Aerodactyl, L50, M|77/100\n|move|p1a: Espathra|Lumina Crash|p2b: Basculegion\n|-damage|p2b: Basculegion|38/100 brn\n|-unboost|p2b: Basculegion|spd|2\n|move|p2b: Basculegion|Last Respects|p1a: Espathra\n|-supereffective|p1a: Espathra|1\n|-damage|p1a: Espathra|63/100\n|move|p1b: Incineroar|Flare Blitz|p2a: Aerodactyl\n|-resisted|p2a: Aerodactyl|1\n|-damage|p2a: Aerodactyl|44/100\n|-damage|p1b: Incineroar|89/100|[from] Recoil\n|\n|-damage|p2b: Basculegion|32/100 brn|[from] brn\n|-sideend|p2: Radagui95|move: Tailwind\n|-ability|p1a: Espathra|Speed Boost|boost\n|-boost|p1a: Espathra|spe|1\n|upkeep\n|turn|6\n|\n|t:|1776724677\n|switch|p2b: Sneasler|Sneasler, L50, M|100/100\n|move|p1a: Espathra|Baton Pass|p1a: Espathra\n|\n|t:|1776724681\n|switch|p1a: Dragonite|Dragonite, L50, M, shiny|100/100|[from] Baton Pass\n|move|p2a: Aerodactyl|Rock Slide|p1a: Dragonite|[spread] p1a,p1b\n|-supereffective|p1a: Dragonite|1\n|-crit|p1a: Dragonite\n|-supereffective|p1b: Incineroar|1\n|-damage|p1a: Dragonite|64/100\n|-damage|p1b: Incineroar|47/100\n|-enditem|p1b: Incineroar|Sitrus Berry|[eat]\n|-heal|p1b: Incineroar|72/100|[from] item: Sitrus Berry\n|cant|p1b: Incineroar|flinch\n|\n|upkeep\n|turn|7\n|\n|t:|1776724706\n|detailschange|p1a: Dragonite|Dragonite-Mega, L50, M, shiny\n|-mega|p1a: Dragonite|Dragonite|Dragoninite\n|move|p1a: Dragonite|Protect|p1a: Dragonite\n|-singleturn|p1a: Dragonite|Protect\n|move|p2b: Sneasler|Fake Out|p1a: Dragonite\n|-activate|p1a: Dragonite|move: Protect\n|move|p2a: Aerodactyl|Rock Slide|p1b: Incineroar|[spread] p1b\n|-activate|p1a: Dragonite|move: Protect\n|-supereffective|p1b: Incineroar|1\n|-damage|p1b: Incineroar|35/100\n|move|p1b: Incineroar|Parting Shot|p2a: Aerodactyl\n|-unboost|p2a: Aerodactyl|atk|1\n|-unboost|p2a: Aerodactyl|spa|1\n|\n|t:|1776724718\n|switch|p1b: Milotic|Milotic, L50, F, shiny|48/100|[from] Parting Shot\n|\n|-heal|p1b: Milotic|53/100|[from] item: Leftovers\n|upkeep\n|turn|8\n|\n|t:|1776724729\n|move|p1a: Dragonite|Dragon Pulse|p2b: Sneasler\n|-damage|p2b: Sneasler|36/100\n|move|p2a: Aerodactyl|Rock Slide|p1b: Milotic|[spread] p1a,p1b\n|-supereffective|p1a: Dragonite|1\n|-damage|p1a: Dragonite|34/100\n|-damage|p1b: Milotic|39/100\n|move|p2b: Sneasler|Dire Claw|p1a: Dragonite\n|-damage|p1a: Dragonite|0 fnt\n|faint|p1a: Dragonite\n|move|p1b: Milotic|Icy Wind|p2b: Sneasler|[spread] p2a,p2b\n|-supereffective|p2a: Aerodactyl|1\n|-damage|p2a: Aerodactyl|20/100\n|-damage|p2b: Sneasler|23/100\n|-unboost|p2a: Aerodactyl|spe|1\n|-unboost|p2b: Sneasler|spe|1\n|\n|-heal|p1b: Milotic|45/100|[from] item: Leftovers\n|upkeep\n|\n|t:|1776724744\n|switch|p1a: Incineroar|Incineroar, L50, M|35/100\n|-ability|p1a: Incineroar|Intimidate|boost\n|-unboost|p2a: Aerodactyl|atk|1\n|-unboost|p2b: Sneasler|atk|1\n|turn|9\n|\n|t:|1776724756\n|switch|p2b: Basculegion|Basculegion, L50, M|32/100 brn\n|move|p2a: Aerodactyl|Rock Slide|p1b: Milotic|[spread] p1a,p1b\n|-supereffective|p1a: Incineroar|1\n|-damage|p1a: Incineroar|13/100\n|-damage|p1b: Milotic|35/100\n|move|p1b: Milotic|Recover|p1b: Milotic\n|-heal|p1b: Milotic|85/100\n|move|p1a: Incineroar|Throat Chop|p2b: Basculegion\n|-supereffective|p2b: Basculegion|1\n|-damage|p2b: Basculegion|0 fnt\n|faint|p2b: Basculegion\n|\n|-heal|p1b: Milotic|90/100|[from] item: Leftovers\n|upkeep\n|\n|t:|1776724767\n|switch|p2b: Archaludon|Archaludon, L50, M, shiny|32/100\n|turn|10\n|inactive|Altarium has 30 seconds left.\n|\n|t:|1776724792\n|switch|p1a: Espathra|Espathra, L50, F|63/100\n|move|p2a: Aerodactyl|Rock Slide|p1b: Milotic|[spread] p1b\n|-miss|p2a: Aerodactyl|p1a: Espathra\n|-damage|p1b: Milotic|79/100\n|move|p2b: Archaludon|Thunderbolt|p1b: Milotic\n|-supereffective|p1b: Milotic|1\n|-damage|p1b: Milotic|22/100\n|move|p1b: Milotic|Scald|p2b: Archaludon\n|-resisted|p2b: Archaludon|1\n|-damage|p2b: Archaludon|16/100\n|-ability|p2b: Archaludon|Stamina|boost\n|-boost|p2b: Archaludon|def|1\n|\n|-heal|p2b: Archaludon|22/100|[from] item: Leftovers\n|-heal|p1b: Milotic|28/100|[from] item: Leftovers\n|upkeep\n|turn|11\n|inactive|Radagui95 has 30 seconds left.\n|\n|t:|1776724818\n|move|p1a: Espathra|Protect|p1a: Espathra\n|-singleturn|p1a: Espathra|Protect\n|move|p1b: Milotic|Protect|p1b: Milotic\n|-singleturn|p1b: Milotic|Protect\n|move|p2a: Aerodactyl|Dual Wingbeat|p1a: Espathra\n|-activate|p1a: Espathra|move: Protect\n|move|p2b: Archaludon|Draco Meteor|p1a: Espathra\n|-activate|p1a: Espathra|move: Protect\n|\n|-heal|p2b: Archaludon|28/100|[from] item: Leftovers\n|-heal|p1b: Milotic|33/100|[from] item: Leftovers\n|-ability|p1a: Espathra|Speed Boost|boost\n|-boost|p1a: Espathra|spe|1\n|upkeep\n|turn|12\n|\n|t:|1776724841\n|move|p1a: Espathra|Lumina Crash|p2b: Archaludon\n|-resisted|p2b: Archaludon|1\n|-damage|p2b: Archaludon|7/100\n|-unboost|p2b: Archaludon|spd|2\n|-ability|p2b: Archaludon|Stamina|boost\n|-boost|p2b: Archaludon|def|1\n|move|p2a: Aerodactyl|Dual Wingbeat|p1a: Espathra\n|-damage|p1a: Espathra|50/100\n|-damage|p1a: Espathra|37/100\n|-hitcount|p1a: Espathra|2\n|move|p2b: Archaludon|Draco Meteor|p1a: Espathra\n|-damage|p1a: Espathra|0 fnt\n|-unboost|p2b: Archaludon|spa|2\n|faint|p1a: Espathra\n|move|p1b: Milotic|Recover|p1b: Milotic\n|-heal|p1b: Milotic|83/100\n|\n|-heal|p2b: Archaludon|13/100|[from] item: Leftovers\n|-heal|p1b: Milotic|89/100|[from] item: Leftovers\n|upkeep\n|\n|t:|1776724858\n|switch|p1a: Incineroar|Incineroar, L50, M|13/100\n|-ability|p1a: Incineroar|Intimidate|boost\n|-unboost|p2a: Aerodactyl|atk|1\n|-unboost|p2b: Archaludon|atk|1\n|turn|13\n|\n|t:|1776724866\n|move|p1a: Incineroar|Fake Out|p2a: Aerodactyl\n|-resisted|p2a: Aerodactyl|1\n|-damage|p2a: Aerodactyl|13/100\n|cant|p2a: Aerodactyl|flinch\n|move|p2b: Archaludon|Thunderbolt|p1b: Milotic\n|-supereffective|p1b: Milotic|1\n|-damage|p1b: Milotic|58/100\n|move|p1b: Milotic|Icy Wind|p2b: Archaludon|[spread] p2a,p2b\n|-supereffective|p2a: Aerodactyl|1\n|-damage|p2a: Aerodactyl|0 fnt\n|-damage|p2b: Archaludon|0 fnt\n|faint|p2a: Aerodactyl\n|faint|p2b: Archaludon\n|\n|-heal|p1b: Milotic|63/100|[from] item: Leftovers\n|upkeep\n|\n|t:|1776724877\n|switch|p2b: Sneasler|Sneasler, L50, M|23/100\n|turn|14\n|\n|t:|1776724891\n|move|p2b: Sneasler|Dire Claw|p1a: Incineroar\n|-damage|p1a: Incineroar|0 fnt\n|faint|p1a: Incineroar\n|move|p1b: Milotic|Scald|p2b: Sneasler\n|-damage|p2b: Sneasler|0 fnt\n|faint|p2b: Sneasler\n|\n|win|Altarium\n|raw|Altarium's rating: 1040 &rarr; <strong>1076</strong><br />(+36 for winning)\n|raw|Radagui95's rating: 1063 &rarr; <strong>1042</strong><br />(-21 for losing)\n",
  "uploadtime": 1776724898,
  "views": 4,
  "formatid": "gen9championsvgc2026regma",
  "rating": 1042,
  "private": 0,
  "password": null
}