{
  "id": "gen9championsvgc2026regma-2586236683",
  "format": "[Gen 9 Champions] VGC 2026 Reg M-A",
  "players": [
    "sheepish1eeeeee",
    "Comtiemv2"
  ],
  "log": "|j|\u2606sheepish1eeeeee\n|j|\u2606Comtiemv2\n|t:|1776415801\n|gametype|doubles\n|player|p1|sheepish1eeeeee|lucas-gen4pt|1110\n|player|p2|Comtiemv2|101|1114\n|gen|9\n|tier|[Gen 9 Champions] VGC 2026 Reg M-A\n|rated|\n|rule|Species Clause: Limit one of each Pok\u00e9mon\n|rule|Item Clause: Limit 1 of each item\n|clearpoke\n|poke|p1|Pelipper, L50, M|\n|poke|p1|Palafin, L50, F|\n|poke|p1|Archaludon, L50, M|\n|poke|p1|Meganium, L50, M|\n|poke|p1|Farigiraf, L50, F|\n|poke|p1|Glimmora, L50, M|\n|poke|p2|Floette-Eternal, L50, F|\n|poke|p2|Aerodactyl, L50, M|\n|poke|p2|Garchomp, L50, M|\n|poke|p2|Incineroar, L50, F|\n|poke|p2|Kingambit, L50, M|\n|poke|p2|Rotom-Wash, L50|\n|teampreview|4\n|inactive|Battle timer is ON: inactive players will automatically lose when time's up. (requested by sheepish1eeeeee)\n|inactive|sheepish1eeeeee has 60 seconds left.\n|\n|t:|1776415834\n|teamsize|p1|4\n|teamsize|p2|4\n|start\n|switch|p1a: Farigiraf|Farigiraf, L50, F|100/100\n|switch|p1b: Glimmora|Glimmora, L50, M|100/100\n|switch|p2a: Aerodactyl|Aerodactyl, L50, M|100/100\n|switch|p2b: Garchomp|Garchomp, L50, M|100/100\n|-ability|p2a: Aerodactyl|Unnerve\n|turn|1\n|\n|t:|1776415850\n|move|p2a: Aerodactyl|Rock Slide|p1b: Glimmora|[spread] p1a,p1b\n|-damage|p1a: Farigiraf|77/100\n|-damage|p1b: Glimmora|76/100\n|-activate|p1b: Glimmora|ability: Toxic Debris\n|-sidestart|p2: Comtiemv2|move: Toxic Spikes\n|move|p2b: Garchomp|Earthquake|p1b: Glimmora|[spread] p1a,p1b\n|-immune|p2a: Aerodactyl\n|-supereffective|p1b: Glimmora|2\n|-crit|p1b: Glimmora\n|-damage|p1a: Farigiraf|40/100\n|-damage|p1b: Glimmora|0 fnt\n|-activate|p1b: Glimmora|ability: Toxic Debris\n|-sidestart|p2: Comtiemv2|move: Toxic Spikes\n|faint|p1b: Glimmora\n|cant|p1a: Farigiraf|flinch\n|\n|upkeep\n|\n|t:|1776415864\n|switch|p1b: Pelipper|Pelipper, L50, M|100/100\n|-weather|RainDance|[from] ability: Drizzle|[of] p1b: Pelipper\n|turn|2\n|\n|t:|1776415876\n|move|p2a: Aerodactyl|Rock Slide|p1b: Pelipper|[spread] p1a,p1b\n|-supereffective|p1b: Pelipper|1\n|-damage|p1a: Farigiraf|15/100\n|-damage|p1b: Pelipper|37/100\n|move|p2b: Garchomp|Rock Slide|p1a: Farigiraf|[spread] p1a,p1b\n|-supereffective|p1b: Pelipper|1\n|-damage|p1a: Farigiraf|0 fnt\n|-damage|p1b: Pelipper|0 fnt\n|faint|p1a: Farigiraf\n|faint|p1b: Pelipper\n|\n|-weather|RainDance|[upkeep]\n|upkeep\n|\n|t:|1776415884\n|switch|p1b: Archaludon|Archaludon, L50, M|100/100\n|turn|3\n|\n|t:|1776415890\n|move|p2a: Aerodactyl|Rock Slide|p1b: Archaludon\n|-resisted|p1b: Archaludon|1\n|-damage|p1b: Archaludon|88/100\n|-ability|p1b: Archaludon|Stamina|boost\n|-boost|p1b: Archaludon|def|1\n|move|p2b: Garchomp|Earthquake|p1b: Archaludon|[spread] p1b\n|-immune|p2a: Aerodactyl\n|-supereffective|p1b: Archaludon|1\n|-damage|p1b: Archaludon|44/100\n|-ability|p1b: Archaludon|Stamina|boost\n|-boost|p1b: Archaludon|def|1\n|move|p1b: Archaludon|Electro Shot||[still]\n|-prepare|p1b: Archaludon|Electro Shot\n|-boost|p1b: Archaludon|spa|1\n|-anim|p1b: Archaludon|Electro Shot|p2a: Aerodactyl\n|-supereffective|p2a: Aerodactyl|1\n|-enditem|p2a: Aerodactyl|Focus Sash\n|-damage|p2a: Aerodactyl|1/100\n|\n|-weather|RainDance|[upkeep]\n|-heal|p1b: Archaludon|50/100|[from] item: Leftovers\n|upkeep\n|turn|4\n|c|\u2606sheepish1eeeeee|Subhuman chud\n|\n|t:|1776415912\n|move|p1b: Archaludon|Protect|p1b: Archaludon\n|-singleturn|p1b: Archaludon|Protect\n|move|p2a: Aerodactyl|Rock Slide|p1b: Archaludon\n|-activate|p1b: Archaludon|move: Protect\n|move|p2b: Garchomp|Earthquake|p1b: Archaludon|[spread] \n|-activate|p1b: Archaludon|move: Protect\n|-immune|p2a: Aerodactyl\n|\n|-weather|RainDance|[upkeep]\n|-heal|p1b: Archaludon|56/100|[from] item: Leftovers\n|upkeep\n|turn|5\n|\n|t:|1776415924\n|move|p2a: Aerodactyl|Rock Slide|p1b: Archaludon\n|-resisted|p1b: Archaludon|1\n|-damage|p1b: Archaludon|49/100\n|-ability|p1b: Archaludon|Stamina|boost\n|-boost|p1b: Archaludon|def|1\n|move|p2b: Garchomp|Earthquake|p1b: Archaludon|[spread] p1b\n|-immune|p2a: Aerodactyl\n|-supereffective|p1b: Archaludon|1\n|-damage|p1b: Archaludon|22/100\n|-ability|p1b: Archaludon|Stamina|boost\n|-boost|p1b: Archaludon|def|1\n|move|p1b: Archaludon|Electro Shot||[still]\n|-prepare|p1b: Archaludon|Electro Shot\n|-boost|p1b: Archaludon|spa|1\n|-anim|p1b: Archaludon|Electro Shot|p2a: Aerodactyl\n|-supereffective|p2a: Aerodactyl|1\n|-damage|p2a: Aerodactyl|0 fnt\n|faint|p2a: Aerodactyl\n|\n|-weather|RainDance|[upkeep]\n|-heal|p1b: Archaludon|28/100|[from] item: Leftovers\n|upkeep\n|\n|t:|1776415934\n|switch|p2a: Floette|Floette-Eternal, L50, F|100/100\n|-status|p2a: Floette|tox\n|turn|6\n|\n|t:|1776415942\n|detailschange|p2a: Floette|Floette-Mega, L50, F\n|-mega|p2a: Floette|Floette|Floettite\n|-ability|p2a: Floette|Fairy Aura\n|move|p1b: Archaludon|Protect|p1b: Archaludon\n|-singleturn|p1b: Archaludon|Protect\n|move|p2a: Floette|Moonblast|p1b: Archaludon\n|-activate|p1b: Archaludon|move: Protect\n|move|p2b: Garchomp|Earthquake|p1b: Archaludon|[spread] p2a\n|-activate|p1b: Archaludon|move: Protect\n|-damage|p2a: Floette|40/100 tox\n|\n|-weather|none\n|-heal|p1b: Archaludon|34/100|[from] item: Leftovers\n|-damage|p2a: Floette|34/100 tox|[from] psn\n|upkeep\n|turn|7\n|\n|t:|1776415963\n|move|p2a: Floette|Protect|p2a: Floette\n|-singleturn|p2a: Floette|Protect\n|move|p1b: Archaludon|Protect|p1b: Archaludon\n|-singleturn|p1b: Archaludon|Protect\n|move|p2b: Garchomp|Earthquake|p1b: Archaludon|[spread] \n|-activate|p2a: Floette|move: Protect\n|-activate|p1b: Archaludon|move: Protect\n|\n|-heal|p1b: Archaludon|40/100|[from] item: Leftovers\n|-damage|p2a: Floette|22/100 tox|[from] psn\n|upkeep\n|turn|8\n|\n|t:|1776415975\n|move|p2a: Floette|Light of Ruin|p1b: Archaludon\n|-damage|p1b: Archaludon|0 fnt\n|faint|p1b: Archaludon\n|-damage|p2a: Floette|0 fnt|[from] Recoil\n|faint|p2a: Floette\n|\n|win|Comtiemv2\n",
  "uploadtime": 1776415897,
  "views": 15,
  "formatid": "gen9championsvgc2026regma",
  "rating": null,
  "private": 0,
  "password": null
}