{
  "id": "gen9championsvgc2026regma-2584778711",
  "format": "[Gen 9 Champions] VGC 2026 Reg M-A",
  "players": [
    "Squidface87",
    "jomf"
  ],
  "log": "|j|\u2606Squidface87\n|j|\u2606jomf\n|t:|1776283025\n|gametype|doubles\n|player|p1|Squidface87|169|1158\n|player|p2|jomf|guitarist-gen4|1196\n|gen|9\n|tier|[Gen 9 Champions] VGC 2026 Reg M-A\n|rated|\n|rule|Species Clause: Limit one of each Pok\u00e9mon\n|rule|Item Clause: Limit 1 of each item\n|clearpoke\n|poke|p1|Meganium, L50, F|\n|poke|p1|Aerodactyl, L50, F|\n|poke|p1|Tauros-Paldea-Aqua, L50, M|\n|poke|p1|Typhlosion-Hisui, L50, M|\n|poke|p1|Kangaskhan, L50, F|\n|poke|p1|Aegislash, L50, M|\n|poke|p2|Gardevoir, L50, F|\n|poke|p2|Aerodactyl, L50, M|\n|poke|p2|Farigiraf, L50, F|\n|poke|p2|Aggron, L50, M|\n|poke|p2|Incineroar, L50, M|\n|poke|p2|Basculegion, L50, M|\n|teampreview|4\n|inactive|Battle timer is ON: inactive players will automatically lose when time's up. (requested by jomf)\n|inactive|Squidface87 also wants the timer to be on.\n|inactive|jomf has 60 seconds left.\n|\n|t:|1776283064\n|teamsize|p1|4\n|teamsize|p2|4\n|start\n|switch|p1a: Aerodactyl|Aerodactyl, L50, F|100/100\n|switch|p1b: Kangaskhan|Kangaskhan, L50, F|100/100\n|switch|p2a: Incineroar|Incineroar, L50, M|100/100\n|switch|p2b: Aerodactyl|Aerodactyl, L50, M|100/100\n|-ability|p1a: Aerodactyl|Unnerve\n|-ability|p2b: Aerodactyl|Unnerve\n|-ability|p2a: Incineroar|Intimidate|boost\n|-unboost|p1a: Aerodactyl|atk|1\n|-fail|p1b: Kangaskhan|unboost|Attack|[from] ability: Scrappy|[of] p1b: Kangaskhan\n|turn|1\n|inactive|Squidface87 has 30 seconds left.\n|\n|t:|1776283094\n|detailschange|p1b: Kangaskhan|Kangaskhan-Mega, L50, F\n|-mega|p1b: Kangaskhan|Kangaskhan|Kangaskhanite\n|move|p1b: Kangaskhan|Fake Out|p2a: Incineroar\n|-damage|p2a: Incineroar|82/100\n|-damage|p2a: Incineroar|78/100\n|-hitcount|p2a: Incineroar|2\n|cant|p2a: Incineroar|flinch\n|move|p1a: Aerodactyl|Tailwind|p1a: Aerodactyl\n|-sidestart|p1: Squidface87|move: Tailwind\n|move|p2b: Aerodactyl|Taunt|p1a: Aerodactyl\n|-start|p1a: Aerodactyl|move: Taunt\n|\n|upkeep\n|turn|2\n|\n|t:|1776283114\n|move|p1a: Aerodactyl|Rock Slide|p2b: Aerodactyl|[spread] p2a,p2b\n|-supereffective|p2a: Incineroar|1\n|-supereffective|p2b: Aerodactyl|1\n|-damage|p2a: Incineroar|51/100\n|-damage|p2b: Aerodactyl|47/100\n|move|p1b: Kangaskhan|Drain Punch|p2a: Incineroar\n|-supereffective|p2a: Incineroar|1\n|-damage|p2a: Incineroar|6/100\n|-supereffective|p2a: Incineroar|1\n|-damage|p2a: Incineroar|0 fnt\n|faint|p2a: Incineroar\n|-hitcount|p2: Incineroar|2\n|move|p2b: Aerodactyl|Tailwind|p2b: Aerodactyl\n|-sidestart|p2: jomf|move: Tailwind\n|\n|upkeep\n|\n|t:|1776283118\n|switch|p2a: Aggron|Aggron, L50, M|100/100\n|turn|3\n|\n|t:|1776283135\n|detailschange|p2a: Aggron|Aggron-Mega, L50, M\n|-mega|p2a: Aggron|Aggron|Aggronite\n|move|p2b: Aerodactyl|Wide Guard|p2b: Aerodactyl\n|-singleturn|p2b: Aerodactyl|Wide Guard\n|move|p1a: Aerodactyl|Rock Slide|p2b: Aerodactyl|[spread] \n|-activate|p2a: Aggron|move: Wide Guard\n|-activate|p2b: Aerodactyl|move: Wide Guard\n|move|p1b: Kangaskhan|Drain Punch|p2a: Aggron\n|-supereffective|p2a: Aggron|1\n|-damage|p2a: Aggron|80/100\n|-supereffective|p2a: Aggron|1\n|-damage|p2a: Aggron|75/100\n|-hitcount|p2a: Aggron|2\n|move|p2a: Aggron|Body Press|p1b: Kangaskhan\n|-supereffective|p1b: Kangaskhan|1\n|-crit|p1b: Kangaskhan\n|-damage|p1b: Kangaskhan|0 fnt\n|faint|p1b: Kangaskhan\n|\n|upkeep\n|\n|t:|1776283156\n|switch|p1b: Tauros|Tauros-Paldea-Aqua, L50, M|100/100\n|-ability|p1b: Tauros|Intimidate|boost\n|-unboost|p2a: Aggron|atk|1\n|-unboost|p2b: Aerodactyl|atk|1\n|turn|4\n|\n|t:|1776283164\n|move|p1a: Aerodactyl|Rock Slide|p2b: Aerodactyl|[spread] p2a,p2b\n|-resisted|p2a: Aggron|1\n|-supereffective|p2b: Aerodactyl|1\n|-damage|p2a: Aggron|71/100\n|-damage|p2b: Aerodactyl|0 fnt\n|faint|p2b: Aerodactyl\n|move|p1b: Tauros|Close Combat|p2a: Aggron\n|-supereffective|p2a: Aggron|1\n|-damage|p2a: Aggron|28/100\n|-unboost|p1b: Tauros|def|1\n|-unboost|p1b: Tauros|spd|1\n|-enditem|p1b: Tauros|White Herb\n|-clearnegativeboost|p1b: Tauros|[silent]\n|cant|p2a: Aggron|flinch\n|\n|-end|p1a: Aerodactyl|move: Taunt\n|-sideend|p1: Squidface87|move: Tailwind\n|upkeep\n|n|!jomf|jomf\n|\n|t:|1776283183\n|switch|p2b: Basculegion|Basculegion, L50, M|100/100\n|turn|5\n|\n|t:|1776283198\n|move|p1a: Aerodactyl|Protect|p1a: Aerodactyl\n|-singleturn|p1a: Aerodactyl|Protect\n|move|p1b: Tauros|Protect|p1b: Tauros\n|-singleturn|p1b: Tauros|Protect\n|move|p2b: Basculegion|Last Respects|p1a: Aerodactyl\n|-activate|p1a: Aerodactyl|move: Protect\n|move|p2a: Aggron|Body Press|p1b: Tauros\n|-activate|p1b: Tauros|move: Protect\n|\n|-sideend|p2: jomf|move: Tailwind\n|upkeep\n|turn|6\n|inactive|jomf has 30 seconds left.\n|\n|t:|1776283227\n|move|p2b: Basculegion|Last Respects|p1a: Aerodactyl\n|-enditem|p1a: Aerodactyl|Focus Sash\n|-damage|p1a: Aerodactyl|1/100\n|move|p1a: Aerodactyl|Tailwind|p1a: Aerodactyl\n|-sidestart|p1: Squidface87|move: Tailwind\n|move|p1b: Tauros|Close Combat|p2a: Aggron\n|-supereffective|p2a: Aggron|1\n|-damage|p2a: Aggron|0 fnt\n|-unboost|p1b: Tauros|def|1\n|-unboost|p1b: Tauros|spd|1\n|faint|p2a: Aggron\n|\n|upkeep\n|turn|7\n|inactive|Squidface87 has 30 seconds left.\n|\n|t:|1776283256\n|move|p1a: Aerodactyl|Protect|p1a: Aerodactyl\n|-singleturn|p1a: Aerodactyl|Protect\n|move|p1b: Tauros|Wave Crash|p2b: Basculegion\n|-resisted|p2b: Basculegion|1\n|-crit|p2b: Basculegion\n|-damage|p2b: Basculegion|43/100\n|-damage|p1b: Tauros|75/100|[from] Recoil\n|move|p2b: Basculegion|Last Respects|p1b: Tauros\n|-damage|p1b: Tauros|0 fnt\n|faint|p1b: Tauros\n|\n|upkeep\n|\n|t:|1776283269\n|switch|p1b: Aegislash|Aegislash, L50, M|100/100\n|turn|8\n|\n|t:|1776283288\n|move|p1a: Aerodactyl|Rock Slide|p2b: Basculegion\n|-damage|p2b: Basculegion|17/100\n|cant|p2b: Basculegion|flinch\n|move|p1b: Aegislash|Substitute|p1b: Aegislash\n|-start|p1b: Aegislash|Substitute\n|-damage|p1b: Aegislash|76/100\n|\n|-heal|p1b: Aegislash|82/100|[from] item: Leftovers\n|upkeep\n|turn|9\n|\n|t:|1776283306\n|move|p1a: Aerodactyl|Protect|p1a: Aerodactyl\n|-singleturn|p1a: Aerodactyl|Protect\n|move|p2b: Basculegion|Last Respects|p1b: Aegislash\n|-supereffective|p1b: Aegislash|1\n|-end|p1b: Aegislash|Substitute\n|-formechange|p1b: Aegislash|Aegislash-Blade|\n|move|p1b: Aegislash|Shadow Ball|p2b: Basculegion\n|-supereffective|p2b: Basculegion|1\n|-crit|p2b: Basculegion\n|-damage|p2b: Basculegion|0 fnt\n|faint|p2b: Basculegion\n|\n|win|Squidface87\n",
  "uploadtime": 1776283179,
  "views": 19,
  "formatid": "gen9championsvgc2026regma",
  "rating": null,
  "private": 0,
  "password": null
}