{
  "id": "gen9championsvgc2026regma-2586761000",
  "format": "[Gen 9 Champions] VGC 2026 Reg M-A",
  "players": [
    "CodeAlpaca Tester",
    "scrambledegg6"
  ],
  "log": "|j|\u2606CodeAlpaca Tester\n|j|\u2606scrambledegg6\n|t:|1776457806\n|gametype|doubles\n|player|p1|CodeAlpaca Tester|265|1055\n|player|p2|scrambledegg6|lance|1107\n|gen|9\n|tier|[Gen 9 Champions] VGC 2026 Reg M-A\n|rated|\n|rule|Species Clause: Limit one of each Pok\u00e9mon\n|rule|Item Clause: Limit 1 of each item\n|clearpoke\n|poke|p1|Hawlucha, L50, M|\n|poke|p1|Mr. Rime, L50, F|\n|poke|p1|Meowstic, L50, M|\n|poke|p1|Basculegion, L50, M|\n|poke|p1|Starmie, L50|\n|poke|p1|Sneasler, L50, F|\n|poke|p2|Sneasler, L50, M|\n|poke|p2|Aerodactyl, L50, F|\n|poke|p2|Floette-Eternal, L50, F|\n|poke|p2|Kingambit, L50, M|\n|poke|p2|Basculegion, L50, M|\n|poke|p2|Incineroar, L50, M|\n|teampreview|4\n|inactive|Battle timer is ON: inactive players will automatically lose when time's up. (requested by scrambledegg6)\nscrambledegg6 has agreed to open team sheets.\n|inactive|CodeAlpaca Tester has 60 seconds left.\n|inactive|scrambledegg6 has 60 seconds left.\n|\n|t:|1776457853\n|teamsize|p1|4\n|teamsize|p2|4\n|start\n|switch|p1a: Starmie|Starmie, L50|100/100\n|switch|p1b: Sneasler|Sneasler, L50, F|100/100\n|switch|p2a: Sneasler|Sneasler, L50, M|100/100\n|switch|p2b: Aerodactyl|Aerodactyl, L50, F, shiny|100/100\n|-ability|p2b: Aerodactyl|Unnerve\n|turn|1\n|\n|t:|1776457865\n|detailschange|p1a: Starmie|Starmie-Mega, L50\n|-mega|p1a: Starmie|Starmie|Starminite\n|move|p2a: Sneasler|Fake Out|p1b: Sneasler\n|-damage|p1b: Sneasler|76/100\n|cant|p1b: Sneasler|flinch\n|move|p2b: Aerodactyl|Dual Wingbeat|p1b: Sneasler\n|-supereffective|p1b: Sneasler|1\n|-damage|p1b: Sneasler|19/100\n|-supereffective|p1b: Sneasler|1\n|-damage|p1b: Sneasler|0 fnt\n|faint|p1b: Sneasler\n|-hitcount|p1: Sneasler|2\n|move|p1a: Starmie|Liquidation|p2b: Aerodactyl\n|-supereffective|p2b: Aerodactyl|1\n|-enditem|p2b: Aerodactyl|Focus Sash\n|-damage|p2b: Aerodactyl|1/100\n|\n|upkeep\n|inactive|CodeAlpaca Tester has 30 seconds left.\n|inactive|CodeAlpaca Tester has 20 seconds left.\n|inactive|CodeAlpaca Tester has 15 seconds left.\n|inactive|CodeAlpaca Tester has 10 seconds left.\n|\n|t:|1776457913\n|switch|p1b: Meowstic|Meowstic, L50, M|100/100\n|turn|2\n|\n|t:|1776457928\n|switch|p2a: Basculegion|Basculegion, L50, M, shiny|100/100\n|move|p1b: Meowstic|Fake Out|p2b: Aerodactyl\n|-resisted|p2b: Aerodactyl|1\n|-damage|p2b: Aerodactyl|0 fnt\n|faint|p2b: Aerodactyl\n|move|p1a: Starmie|Liquidation|p2a: Basculegion\n|-resisted|p2a: Basculegion|1\n|-damage|p2a: Basculegion|55/100\n|\n|upkeep\n|\n|t:|1776457937\n|switch|p2b: Sneasler|Sneasler, L50, M|100/100\n|turn|3\n|inactive|CodeAlpaca Tester has 30 seconds left.\n|\n|t:|1776457972\n|move|p1a: Starmie|Protect|p1a: Starmie\n|-singleturn|p1a: Starmie|Protect\n|move|p2b: Sneasler|Fake Out|p1b: Meowstic\n|-damage|p1b: Meowstic|82/100\n|cant|p1b: Meowstic|flinch\n|move|p2a: Basculegion|Last Respects|p1a: Starmie\n|-activate|p1a: Starmie|move: Protect\n|\n|upkeep\n|turn|4\n|\n|t:|1776457984\n|move|p2b: Sneasler|Protect|p2b: Sneasler\n|-singleturn|p2b: Sneasler|Protect\n|move|p1b: Meowstic|Tickle|p2a: Basculegion\n|-unboost|p2a: Basculegion|atk|1\n|-unboost|p2a: Basculegion|def|1\n|move|p2a: Basculegion|Last Respects|p1a: Starmie\n|-supereffective|p1a: Starmie|1\n|-damage|p1a: Starmie|0 fnt\n|faint|p1a: Starmie\n|\n|upkeep\n|\n|t:|1776457996\n|switch|p1a: Basculegion|Basculegion, L50, M|100/100\n|turn|5\n|\n|t:|1776458016\n|move|p1b: Meowstic|Rain Dance|p1b: Meowstic\n|-weather|RainDance\n|move|p1a: Basculegion|Last Respects|p2a: Basculegion\n|-supereffective|p2a: Basculegion|1\n|-damage|p2a: Basculegion|0 fnt\n|faint|p2a: Basculegion\n|move|p2b: Sneasler|Dire Claw|p1a: Basculegion\n|-resisted|p1a: Basculegion|1\n|-damage|p1a: Basculegion|75/100\n|-status|p1a: Basculegion|slp\n|\n|-weather|RainDance|[upkeep]\n|upkeep\n|\n|t:|1776458023\n|switch|p2a: Floette|Floette-Eternal, L50, F|100/100\n|turn|6\n|inactive|CodeAlpaca Tester has 30 seconds left.\n|inactive|CodeAlpaca Tester has 20 seconds left.\n|\n|t:|1776458062\n|detailschange|p2a: Floette|Floette-Mega, L50, F\n|-mega|p2a: Floette|Floette|Floettite\n|-ability|p2a: Floette|Fairy Aura\n|move|p1b: Meowstic|Tickle|p2b: Sneasler\n|-unboost|p2b: Sneasler|atk|1\n|-unboost|p2b: Sneasler|def|1\n|-enditem|p2b: Sneasler|White Herb\n|-clearnegativeboost|p2b: Sneasler|[silent]\n|move|p2b: Sneasler|Dire Claw|p1a: Basculegion\n|-resisted|p1a: Basculegion|1\n|-damage|p1a: Basculegion|48/100 slp\n|cant|p1a: Basculegion|slp\n|move|p2a: Floette|Moonblast|p1a: Basculegion\n|-damage|p1a: Basculegion|0 fnt\n|faint|p1a: Basculegion\n|\n|-weather|RainDance|[upkeep]\n|upkeep\n|turn|7\n|-message|CodeAlpaca Tester forfeited.\n|\n|win|scrambledegg6\n|raw|CodeAlpaca Tester's rating: 1055 &rarr; <strong>1039</strong><br />(-16 for losing)\n|raw|scrambledegg6's rating: 1107 &rarr; <strong>1128</strong><br />(+21 for winning)\n",
  "uploadtime": 1776458078,
  "views": 30,
  "formatid": "gen9championsvgc2026regma",
  "rating": 1039,
  "private": 0,
  "password": null
}