{
  "id": "gen9championsvgc2026regma-2581427415",
  "format": "[Gen 9 Champions] VGC 2026 Reg M-A",
  "players": [
    "Linux6969",
    "itastelikeiron"
  ],
  "log": "|j|\u2606Linux6969\n|j|\u2606itastelikeiron\n|t:|1775999334\n|gametype|doubles\n|player|p1|Linux6969|169|1163\n|player|p2|itastelikeiron|infielder|1251\n|gen|9\n|tier|[Gen 9 Champions] VGC 2026 Reg M-A\n|rated|\n|rule|Species Clause: Limit one of each Pok\u00e9mon\n|rule|Item Clause: Limit 1 of each item\n|clearpoke\n|poke|p1|Gengar, L50, F|\n|poke|p1|Incineroar, L50, F|\n|poke|p1|Primarina, L50, F|\n|poke|p1|Dragapult, L50, M|\n|poke|p1|Blastoise, L50, M|\n|poke|p1|Altaria, L50, M|\n|poke|p2|Glimmora, L50, M|\n|poke|p2|Basculegion, L50, M|\n|poke|p2|Whimsicott, L50, M|\n|poke|p2|Incineroar, L50, M|\n|poke|p2|Corviknight, L50, F|\n|poke|p2|Ninetales-Alola, L50, F|\n|teampreview|4\n|\n|t:|1775999369\n|teamsize|p1|4\n|teamsize|p2|4\n|start\n|switch|p1a: Gengar|Gengar, L50, F|100/100\n|switch|p1b: Incineroar|Incineroar, L50, F|100/100\n|switch|p2a: Glimmora|Glimmora, L50, M|100/100\n|switch|p2b: Basculegion|Basculegion, L50, M|100/100\n|-ability|p1b: Incineroar|Intimidate|boost\n|-unboost|p2a: Glimmora|atk|1\n|-unboost|p2b: Basculegion|atk|1\n|turn|1\n|\n|t:|1775999383\n|detailschange|p1a: Gengar|Gengar-Mega, L50, F\n|-mega|p1a: Gengar|Gengar|Gengarite\n|move|p1a: Gengar|Protect|p1a: Gengar\n|-singleturn|p1a: Gengar|Protect\n|move|p2b: Basculegion|Flip Turn|p1b: Incineroar\n|-supereffective|p1b: Incineroar|1\n|-enditem|p1b: Incineroar|Passho Berry|[eat]\n|-enditem|p1b: Incineroar|Passho Berry|[weaken]\n|-damage|p1b: Incineroar|77/100\n|\n|t:|1775999391\n|switch|p2b: Whimsicott|Whimsicott, L50, M|100/100|[from] Flip Turn\n|move|p2a: Glimmora|Earth Power|p1a: Gengar\n|-activate|p1a: Gengar|move: Protect\n|move|p1b: Incineroar|Darkest Lariat|p2b: Whimsicott\n|-resisted|p2b: Whimsicott|1\n|-damage|p2b: Whimsicott|84/100\n|\n|upkeep\n|turn|2\n|\n|t:|1775999408\n|switch|p1a: Primarina|Primarina, L50, F|100/100\n|detailschange|p2a: Glimmora|Glimmora-Mega, L50, M\n|-mega|p2a: Glimmora|Glimmora|Glimmoranite\n|move|p2b: Whimsicott|Encore||[still]\n|-fail|p2b: Whimsicott\n|move|p2a: Glimmora|Power Gem|p1b: Incineroar\n|-supereffective|p1b: Incineroar|1\n|-damage|p1b: Incineroar|0 fnt\n|faint|p1b: Incineroar\n|\n|upkeep\n|\n|t:|1775999415\n|switch|p1b: Gengar|Gengar-Mega, L50, F|100/100\n|turn|3\n|\n|t:|1775999423\n|move|p2b: Whimsicott|Tailwind|p2b: Whimsicott\n|-sidestart|p2: itastelikeiron|move: Tailwind\n|move|p2a: Glimmora|Sludge Bomb|p1a: Primarina\n|-supereffective|p1a: Primarina|1\n|-damage|p1a: Primarina|2/100\n|move|p1b: Gengar|Substitute|p1b: Gengar\n|-start|p1b: Gengar|Substitute\n|-damage|p1b: Gengar|75/100\n|move|p1a: Primarina|Perish Song|p1a: Primarina\n|-start|p1a: Primarina|perish3|[silent]\n|-start|p1b: Gengar|perish3|[silent]\n|-start|p2a: Glimmora|perish3|[silent]\n|-start|p2b: Whimsicott|perish3|[silent]\n|-fieldactivate|move: Perish Song\n|\n|-start|p2a: Glimmora|perish3\n|-start|p2b: Whimsicott|perish3\n|-start|p1b: Gengar|perish3\n|-start|p1a: Primarina|perish3\n|upkeep\n|turn|4\n|\n|t:|1775999435\n|move|p1b: Gengar|Protect|p1b: Gengar\n|-singleturn|p1b: Gengar|Protect\n|move|p1a: Primarina|Protect|p1a: Primarina\n|-singleturn|p1a: Primarina|Protect\n|move|p2b: Whimsicott|Encore|p1b: Gengar\n|-activate|p1b: Gengar|move: Protect\n|move|p2a: Glimmora|Earth Power|p1a: Primarina\n|-activate|p1a: Primarina|move: Protect\n|\n|-start|p2a: Glimmora|perish2\n|-start|p2b: Whimsicott|perish2\n|-start|p1b: Gengar|perish2\n|-start|p1a: Primarina|perish2\n|upkeep\n|turn|5\n|\n|t:|1775999449\n|switch|p1b: Blastoise|Blastoise, L50, M|100/100\n|move|p2b: Whimsicott|Encore||[still]\n|-fail|p2b: Whimsicott\n|move|p2a: Glimmora|Power Gem|p1a: Primarina\n|-damage|p1a: Primarina|0 fnt\n|faint|p1a: Primarina\n|\n|-start|p2a: Glimmora|perish1\n|-start|p2b: Whimsicott|perish1\n|upkeep\n|\n|t:|1775999455\n|switch|p1a: Gengar|Gengar-Mega, L50, F|75/100\n|turn|6\n|\n|t:|1775999463\n|move|p1a: Gengar|Protect|p1a: Gengar\n|-singleturn|p1a: Gengar|Protect\n|move|p1b: Blastoise|Protect|p1b: Blastoise\n|-singleturn|p1b: Blastoise|Protect\n|move|p2b: Whimsicott|Light Screen|p2b: Whimsicott\n|-sidestart|p2: itastelikeiron|move: Light Screen\n|move|p2a: Glimmora|Sludge Bomb|p1b: Blastoise\n|-activate|p1b: Blastoise|move: Protect\n|\n|-start|p2a: Glimmora|perish0\n|-start|p2b: Whimsicott|perish0\n|faint|p2a: Glimmora\n|faint|p2b: Whimsicott\n|-sideend|p2: itastelikeiron|move: Tailwind\n|upkeep\n|\n|t:|1775999466\n|switch|p2a: Ninetales|Ninetales-Alola, L50, F|100/100\n|switch|p2b: Basculegion|Basculegion, L50, M|100/100\n|-weather|Snowscape|[from] ability: Snow Warning|[of] p2a: Ninetales\n|turn|7\n|\n|t:|1775999486\n|move|p1a: Gengar|Shadow Ball|p2b: Basculegion\n|-supereffective|p2b: Basculegion|1\n|-damage|p2b: Basculegion|35/100\n|move|p2b: Basculegion|Last Respects|p1a: Gengar\n|-supereffective|p1a: Gengar|1\n|-damage|p1a: Gengar|0 fnt\n|faint|p1a: Gengar\n|move|p2a: Ninetales|Encore|p1b: Blastoise\n|-start|p1b: Blastoise|Encore\n|move|p1b: Blastoise|Protect||[still]\n|-fail|p1b: Blastoise\n|\n|-weather|Snowscape|[upkeep]\n|upkeep\n|turn|8\n|-message|Linux6969 forfeited.\n|\n|win|itastelikeiron\n|raw|Linux6969's rating: 1163 &rarr; <strong>1144</strong><br />(-19 for losing)\n|raw|itastelikeiron's rating: 1251 &rarr; <strong>1270</strong><br />(+19 for winning)\n|l|\u2606Linux6969\n|player|p1|\n",
  "uploadtime": 1775999497,
  "views": 27,
  "formatid": "gen9championsvgc2026regma",
  "rating": 1144,
  "private": 0,
  "password": null
}