{
  "id": "gen9championsvgc2026regma-2585401528",
  "format": "[Gen 9 Champions] VGC 2026 Reg M-A",
  "players": [
    "Azure Resolution",
    "yashyz"
  ],
  "log": "|j|\u2606Azure Resolution\n|j|\u203dyashyz\n|t:|1776344640\n|gametype|doubles\n|player|p1|Azure Resolution|gentleman-gen4dp|1104\n|player|p2|yashyz|nate|1055\n|gen|9\n|tier|[Gen 9 Champions] VGC 2026 Reg M-A\n|rated|\n|rule|Species Clause: Limit one of each Pok\u00e9mon\n|rule|Item Clause: Limit 1 of each item\n|clearpoke\n|poke|p1|Altaria, L50, F|\n|poke|p1|Delphox, L50, M|\n|poke|p1|Kingambit, L50, M|\n|poke|p1|Basculegion, L50, M|\n|poke|p1|Rotom-Wash, L50|\n|poke|p1|Sableye, L50, F|\n|poke|p2|Garchomp, L50, F|\n|poke|p2|Sneasler, L50, M|\n|poke|p2|Rotom-Wash, L50|\n|poke|p2|Chandelure, L50, M|\n|poke|p2|Whimsicott, L50, F|\n|poke|p2|Kingambit, L50, M|\n|teampreview|4\n|\n|t:|1776344684\n|teamsize|p1|4\n|teamsize|p2|4\n|start\n|switch|p1a: Sableye|Sableye, L50, F|100/100\n|switch|p1b: Rotom|Rotom-Wash, L50|100/100\n|switch|p2a: Kingambit|Kingambit, L50, M|100/100\n|switch|p2b: Rotom|Rotom-Wash, L50|100/100\n|turn|1\n|\n|t:|1776344730\n|move|p1a: Sableye|Fake Out|p2a: Kingambit\n|-resisted|p2a: Kingambit|1\n|-damage|p2a: Kingambit|98/100\n|move|p1b: Rotom|Volt Switch|p2b: Rotom\n|-damage|p2b: Rotom|68/100\n|\n|t:|1776344743\n|switch|p1b: Basculegion|Basculegion, L50, M|100/100|[from] Volt Switch\n|move|p2b: Rotom|Electroweb|p1b: Basculegion|[spread] p1a,p1b\n|-supereffective|p1b: Basculegion|1\n|-damage|p1a: Sableye|79/100\n|-damage|p1b: Basculegion|54/100\n|-unboost|p1a: Sableye|spe|1\n|-unboost|p1b: Basculegion|spe|1\n|cant|p2a: Kingambit|flinch\n|\n|-heal|p2b: Rotom|74/100|[from] item: Leftovers\n|upkeep\n|turn|2\n|\n|t:|1776344777\n|move|p1b: Basculegion|Flip Turn|p2a: Kingambit\n|-damage|p2a: Kingambit|69/100\n|\n|t:|1776344781\n|switch|p1b: Rotom|Rotom-Wash, L50|100/100|[from] Flip Turn\n|move|p2b: Rotom|Volt Switch|p1b: Rotom\n|-damage|p1b: Rotom|64/100\n|\n|t:|1776344793\n|switch|p2b: Whimsicott|Whimsicott, L50, F|100/100|[from] Volt Switch\n|move|p2a: Kingambit|Kowtow Cleave|p1a: Sableye\n|-damage|p1a: Sableye|6/100\n|move|p1a: Sableye|Foul Play|p2a: Kingambit\n|-resisted|p2a: Kingambit|1\n|-damage|p2a: Kingambit|49/100\n|\n|-heal|p1b: Rotom|70/100|[from] item: Leftovers\n|upkeep\n|turn|3\n|\n|t:|1776344822\n|move|p2b: Whimsicott|Tailwind|p2b: Whimsicott\n|-sidestart|p2: yashyz|move: Tailwind\n|move|p2a: Kingambit|Sucker Punch|p1b: Rotom\n|-damage|p1b: Rotom|28/100\n|move|p1a: Sableye|Encore|p2b: Whimsicott\n|-start|p2b: Whimsicott|Encore\n|move|p1b: Rotom|Hydro Pump|p2a: Kingambit\n|-damage|p2a: Kingambit|0 fnt\n|faint|p2a: Kingambit\n|-end|p2a: Kingambit|fallenundefined|[silent]\n|\n|-heal|p1b: Rotom|34/100|[from] item: Leftovers\n|upkeep\n|\n|t:|1776344837\n|switch|p2a: Chandelure|Chandelure, L50, M|100/100\n|turn|4\n|\n|t:|1776344867\n|switch|p2b: Rotom|Rotom-Wash, L50|74/100\n|detailschange|p2a: Chandelure|Chandelure-Mega, L50, M\n|-mega|p2a: Chandelure|Chandelure|Chandelurite\n|move|p1a: Sableye|Quash|p2a: Chandelure\n|-activate|p2a: Chandelure|move: Quash\n|move|p1b: Rotom|Hydro Pump|p2a: Chandelure\n|-supereffective|p2a: Chandelure|1\n|-damage|p2a: Chandelure|11/100\n|move|p2a: Chandelure|Heat Wave|p1b: Rotom|[spread] p1a,p1b\n|-resisted|p1b: Rotom|1\n|-damage|p1a: Sableye|0 fnt\n|-damage|p1b: Rotom|4/100\n|faint|p1a: Sableye\n|\n|-heal|p2b: Rotom|80/100|[from] item: Leftovers\n|-heal|p1b: Rotom|10/100|[from] item: Leftovers\n|upkeep\n|\n|t:|1776344888\n|switch|p1a: Basculegion|Basculegion, L50, M|54/100\n|turn|5\n|\n|t:|1776344909\n|move|p2a: Chandelure|Protect|p2a: Chandelure\n|-singleturn|p2a: Chandelure|Protect\n|move|p1a: Basculegion|Aqua Jet|p2a: Chandelure\n|-activate|p2a: Chandelure|move: Protect\n|move|p2b: Rotom|Electroweb|p1a: Basculegion|[spread] p1a,p1b\n|-supereffective|p1a: Basculegion|1\n|-damage|p1a: Basculegion|8/100\n|-damage|p1b: Rotom|0 fnt\n|-unboost|p1a: Basculegion|spe|1\n|faint|p1b: Rotom\n|\n|-heal|p2b: Rotom|85/100|[from] item: Leftovers\n|upkeep\n|\n|t:|1776344921\n|switch|p1b: Delphox|Delphox, L50, M|100/100\n|turn|6\n|\n|t:|1776344944\n|switch|p2a: Whimsicott|Whimsicott, L50, F|100/100\n|detailschange|p1b: Delphox|Delphox-Mega, L50, M\n|-mega|p1b: Delphox|Delphox|Delphoxite\n|move|p1a: Basculegion|Aqua Jet|p2a: Whimsicott\n|-resisted|p2a: Whimsicott|1\n|-damage|p2a: Whimsicott|82/100\n|move|p2b: Rotom|Electroweb|p1b: Delphox|[spread] p1a,p1b\n|-supereffective|p1a: Basculegion|1\n|-damage|p1a: Basculegion|0 fnt\n|-damage|p1b: Delphox|82/100\n|-unboost|p1b: Delphox|spe|1\n|faint|p1a: Basculegion\n|move|p1b: Delphox|Substitute|p1b: Delphox\n|-start|p1b: Delphox|Substitute\n|-damage|p1b: Delphox|57/100\n|\n|-heal|p2b: Rotom|91/100|[from] item: Leftovers\n|-sideend|p2: yashyz|move: Tailwind\n|upkeep\n|turn|7\n|\n|t:|1776344966\n|move|p2a: Whimsicott|Tailwind|p2a: Whimsicott\n|-sidestart|p2: yashyz|move: Tailwind\n|move|p2b: Rotom|Volt Switch|p1b: Delphox\n|-end|p1b: Delphox|Substitute\n|\n|t:|1776344973\n|switch|p2b: Chandelure|Chandelure-Mega, L50, M|11/100|[from] Volt Switch\n|move|p1b: Delphox|Heat Wave|p2b: Chandelure|[spread] p2a,p2b\n|-supereffective|p2a: Whimsicott|1\n|-resisted|p2b: Chandelure|1\n|-damage|p2a: Whimsicott|0 fnt\n|-damage|p2b: Chandelure|0 fnt\n|faint|p2a: Whimsicott\n|faint|p2b: Chandelure\n|\n|upkeep\n|\n|t:|1776344984\n|switch|p2b: Rotom|Rotom-Wash, L50|91/100\n|turn|8\n|\n|t:|1776345010\n|move|p1b: Delphox|Protect|p1b: Delphox\n|-singleturn|p1b: Delphox|Protect\n|move|p2b: Rotom|Hydro Pump|p1b: Delphox\n|-activate|p1b: Delphox|move: Protect\n|\n|-heal|p2b: Rotom|96/100|[from] item: Leftovers\n|upkeep\n|turn|9\n|\n|t:|1776345046\n|move|p2b: Rotom|Hydro Pump|p1b: Delphox\n|-supereffective|p1b: Delphox|1\n|-damage|p1b: Delphox|0 fnt\n|faint|p1b: Delphox\n|\n|win|yashyz\n|raw|Azure Resolution's rating: 1104 &rarr; <strong>1075</strong><br />(-29 for losing)\n|raw|yashyz's rating: 1055 &rarr; <strong>1091</strong><br />(+36 for winning)\n|l|\u203dyashyz\n|player|p2|\n",
  "uploadtime": 1776345080,
  "views": 29,
  "formatid": "gen9championsvgc2026regma",
  "rating": 1075,
  "private": 0,
  "password": null
}