{
  "id": "gen9championsvgc2026regma-2582532375",
  "format": "[Gen 9 Champions] VGC 2026 Reg M-A",
  "players": [
    "RaSaTan",
    "kris7443"
  ],
  "log": "|j|\u2606RaSaTan\n|j|\u2606kris7443\n|t:|1776097680\n|gametype|doubles\n|player|p1|RaSaTan|265|1106\n|player|p2|kris7443|teamrocket|1174\n|gen|9\n|tier|[Gen 9 Champions] VGC 2026 Reg M-A\n|rated|\n|rule|Species Clause: Limit one of each Pok\u00e9mon\n|rule|Item Clause: Limit 1 of each item\n|clearpoke\n|poke|p1|Gengar, L50, M|\n|poke|p1|Incineroar, L50, M|\n|poke|p1|Politoed, L50, M|\n|poke|p1|Maushold-Four, L50|\n|poke|p1|Tyranitar, L50, F|\n|poke|p1|Sinistcha, L50|\n|poke|p2|Glimmora, L50, M|\n|poke|p2|Talonflame, L50, F|\n|poke|p2|Garchomp, L50, M|\n|poke|p2|Corviknight, L50, M|\n|poke|p2|Bellibolt, L50, M|\n|poke|p2|Araquanid, L50, M|\n|teampreview|4\n|inactive|Battle timer is ON: inactive players will automatically lose when time's up. (requested by kris7443)\n|inactive|kris7443 has 60 seconds left.\n|\n|t:|1776097749\n|teamsize|p1|4\n|teamsize|p2|4\n|start\n|switch|p1a: Gengar|Gengar, L50, M|100/100\n|switch|p1b: Incineroar|Incineroar, L50, M|100/100\n|switch|p2a: Glimmora|Glimmora, L50, M, shiny|100/100\n|switch|p2b: Corviknight|Corviknight, L50, M|100/100\n|-ability|p1b: Incineroar|Intimidate|boost\n|-unboost|p2a: Glimmora|atk|1\n|-ability|p2b: Corviknight|Mirror Armor\n|-unboost|p1b: Incineroar|atk|1\n|turn|1\n|inactive|kris7443 has 30 seconds left.\n|inactive|kris7443 has 20 seconds left.\n|\n|t:|1776097788\n|detailschange|p1a: Gengar|Gengar-Mega, L50, M\n|-mega|p1a: Gengar|Gengar|Gengarite\n|move|p2a: Glimmora|Spiky Shield|p2a: Glimmora\n|-singleturn|p2a: Glimmora|move: Protect\n|move|p1b: Incineroar|Fake Out|p2a: Glimmora\n|-activate|p2a: Glimmora|move: Protect\n|-damage|p1b: Incineroar|88/100|[from] Spiky Shield|[of] p2a: Glimmora\n|move|p1a: Gengar|Perish Song|p1a: Gengar\n|-start|p1a: Gengar|perish3|[silent]\n|-start|p1b: Incineroar|perish3|[silent]\n|-start|p2a: Glimmora|perish3|[silent]\n|-start|p2b: Corviknight|perish3|[silent]\n|-fieldactivate|move: Perish Song\n|move|p2b: Corviknight|Tailwind|p2b: Corviknight\n|-sidestart|p2: kris7443|move: Tailwind\n|\n|-start|p2a: Glimmora|perish3\n|-start|p1a: Gengar|perish3\n|-start|p2b: Corviknight|perish3\n|-start|p1b: Incineroar|perish3\n|upkeep\n|turn|2\n|inactive|kris7443 has 30 seconds left.\n|inactive|kris7443 has 20 seconds left.\n|inactive|kris7443 has 15 seconds left.\n|\n|t:|1776097831\n|move|p1a: Gengar|Protect|p1a: Gengar\n|-singleturn|p1a: Gengar|Protect\n|move|p2a: Glimmora|Earth Power|p1a: Gengar\n|-activate|p1a: Gengar|move: Protect\n|move|p2b: Corviknight|Iron Defense|p2b: Corviknight\n|-boost|p2b: Corviknight|def|2\n|move|p1b: Incineroar|Parting Shot|p2a: Glimmora\n|-unboost|p2a: Glimmora|atk|1\n|-unboost|p2a: Glimmora|spa|1\n|\n|t:|1776097844\n|switch|p1b: Maushold|Maushold-Four, L50|100/100|[from] Parting Shot\n|\n|-start|p2a: Glimmora|perish2\n|-start|p1a: Gengar|perish2\n|-start|p2b: Corviknight|perish2\n|upkeep\n|turn|3\n|inactive|RaSaTan has 30 seconds left.\n|\n|t:|1776097873\n|move|p1a: Gengar|Protect|p1a: Gengar\n|-singleturn|p1a: Gengar|Protect\n|move|p1b: Maushold|Follow Me|p1b: Maushold\n|-singleturn|p1b: Maushold|move: Follow Me\n|move|p2a: Glimmora|Earth Power|p1b: Maushold\n|-damage|p1b: Maushold|75/100\n|move|p2b: Corviknight|Body Press|p1b: Maushold\n|-supereffective|p1b: Maushold|1\n|-damage|p1b: Maushold|0 fnt\n|faint|p1b: Maushold\n|\n|-start|p2a: Glimmora|perish1\n|-start|p1a: Gengar|perish1\n|-start|p2b: Corviknight|perish1\n|upkeep\n|\n|t:|1776097885\n|switch|p1b: Politoed|Politoed, L50, M|100/100\n|-weather|RainDance|[from] ability: Drizzle|[of] p1b: Politoed\n|turn|4\n|\n|t:|1776097894\n|switch|p1a: Incineroar|Incineroar, L50, M|88/100\n|-ability|p1a: Incineroar|Intimidate|boost\n|-unboost|p2a: Glimmora|atk|1\n|-ability|p2b: Corviknight|Mirror Armor\n|-unboost|p1a: Incineroar|atk|1\n|move|p1b: Politoed|Protect|p1b: Politoed\n|-singleturn|p1b: Politoed|Protect\n|move|p2a: Glimmora|Earth Power|p1a: Incineroar\n|-supereffective|p1a: Incineroar|1\n|-enditem|p1a: Incineroar|Shuca Berry|[eat]\n|-enditem|p1a: Incineroar|Shuca Berry|[weaken]\n|-damage|p1a: Incineroar|69/100\n|-unboost|p1a: Incineroar|spd|1\n|move|p2b: Corviknight|Body Press|p1a: Incineroar\n|-supereffective|p1a: Incineroar|1\n|-damage|p1a: Incineroar|1/100\n|\n|-weather|RainDance|[upkeep]\n|-start|p2a: Glimmora|perish0\n|-start|p2b: Corviknight|perish0\n|-sideend|p2: kris7443|move: Tailwind\n|faint|p2a: Glimmora\n|faint|p2b: Corviknight\n|upkeep\n|\n|t:|1776097913\n|switch|p2a: Garchomp|Garchomp, L50, M|100/100\n|switch|p2b: Araquanid|Araquanid, L50, M|100/100\n|turn|5\n|\n|t:|1776097923\n|move|p2a: Garchomp|Protect|p2a: Garchomp\n|-singleturn|p2a: Garchomp|Protect\n|move|p1a: Incineroar|Fake Out|p2a: Garchomp\n|-activate|p2a: Garchomp|move: Protect\n|move|p1b: Politoed|Perish Song|p1b: Politoed\n|-start|p1a: Incineroar|perish3|[silent]\n|-start|p1b: Politoed|perish3|[silent]\n|-start|p2a: Garchomp|perish3|[silent]\n|-start|p2b: Araquanid|perish3|[silent]\n|-fieldactivate|move: Perish Song\n|move|p2b: Araquanid|Liquidation|p1b: Politoed\n|-resisted|p1b: Politoed|1\n|-damage|p1b: Politoed|59/100\n|-unboost|p1b: Politoed|def|1\n|\n|-weather|RainDance|[upkeep]\n|-start|p2a: Garchomp|perish3\n|-start|p1b: Politoed|perish3\n|-start|p1a: Incineroar|perish3\n|-start|p2b: Araquanid|perish3\n|upkeep\n|turn|6\n|inactive|kris7443 has 30 seconds left.\n|\n|t:|1776097951\n|detailschange|p2a: Garchomp|Garchomp-Mega, L50, M\n|-mega|p2a: Garchomp|Garchomp|Garchompite\n|move|p1b: Politoed|Protect|p1b: Politoed\n|-singleturn|p1b: Politoed|Protect\n|move|p1a: Incineroar|Protect|p1a: Incineroar\n|-singleturn|p1a: Incineroar|Protect\n|move|p2a: Garchomp|Earthquake|p1b: Politoed|[spread] p2b\n|-activate|p1a: Incineroar|move: Protect\n|-activate|p1b: Politoed|move: Protect\n|-resisted|p2b: Araquanid|1\n|-damage|p2b: Araquanid|76/100\n|move|p2b: Araquanid|Lunge|p1b: Politoed\n|-activate|p1b: Politoed|move: Protect\n|\n|-weather|RainDance|[upkeep]\n|-start|p2a: Garchomp|perish2\n|-start|p1b: Politoed|perish2\n|-start|p1a: Incineroar|perish2\n|-start|p2b: Araquanid|perish2\n|upkeep\n|turn|7\n|\n|t:|1776097975\n|move|p1b: Politoed|Protect||[still]\n|-fail|p1b: Politoed\n|move|p1a: Incineroar|Protect|p1a: Incineroar\n|-singleturn|p1a: Incineroar|Protect\n|move|p2a: Garchomp|Earthquake|p1b: Politoed|[spread] p2b,p1b\n|-activate|p1a: Incineroar|move: Protect\n|-resisted|p2b: Araquanid|1\n|-damage|p2b: Araquanid|54/100\n|-damage|p1b: Politoed|0 fnt\n|faint|p1b: Politoed\n|move|p2b: Araquanid|Liquidation|p1a: Incineroar\n|-activate|p1a: Incineroar|move: Protect\n|\n|-weather|RainDance|[upkeep]\n|-start|p2a: Garchomp|perish1\n|-start|p1a: Incineroar|perish1\n|-start|p2b: Araquanid|perish1\n|upkeep\n|\n|t:|1776097984\n|switch|p1b: Gengar|Gengar-Mega, L50, M|100/100\n|turn|8\n|\n|t:|1776097993\n|move|p1b: Gengar|Protect|p1b: Gengar\n|-singleturn|p1b: Gengar|Protect\n|move|p1a: Incineroar|Protect||[still]\n|-fail|p1a: Incineroar\n|move|p2b: Araquanid|Wide Guard|p2b: Araquanid\n|-singleturn|p2b: Araquanid|Wide Guard\n|move|p2a: Garchomp|Earthquake|p1a: Incineroar|[spread] p1a\n|-activate|p2b: Araquanid|move: Wide Guard\n|-activate|p1b: Gengar|move: Protect\n|-supereffective|p1a: Incineroar|1\n|-damage|p1a: Incineroar|0 fnt\n|faint|p1a: Incineroar\n|\n|-weather|none\n|-start|p2a: Garchomp|perish0\n|-start|p2b: Araquanid|perish0\n|faint|p2a: Garchomp\n|faint|p2b: Araquanid\n|\n|win|RaSaTan\n|raw|RaSaTan's rating: 1106 &rarr; <strong>1136</strong><br />(+30 for winning)\n|raw|kris7443's rating: 1174 &rarr; <strong>1144</strong><br />(-30 for losing)\n|c|\u2606kris7443|gg\n",
  "uploadtime": 1776098011,
  "views": 18,
  "formatid": "gen9championsvgc2026regma",
  "rating": 1136,
  "private": 0,
  "password": null
}