{
  "id": "gen9championsvgc2026regma-2586696584",
  "format": "[Gen 9 Champions] VGC 2026 Reg M-A",
  "players": [
    "lambisbola",
    "RNG can't stop me"
  ],
  "log": "|j|\u2606lambisbola\n|j|\u2606RNG can't stop me\n|t:|1776452916\n|gametype|doubles\n|player|p1|lambisbola|infielder|1134\n|player|p2|RNG can't stop me|n|1118\n|gen|9\n|tier|[Gen 9 Champions] VGC 2026 Reg M-A\n|rated|\n|rule|Species Clause: Limit one of each Pok\u00e9mon\n|rule|Item Clause: Limit 1 of each item\n|clearpoke\n|poke|p1|Blastoise, L50, M|\n|poke|p1|Pelipper, L50, M|\n|poke|p1|Sinistcha, L50|\n|poke|p1|Sneasler, L50, F|\n|poke|p1|Garchomp, L50, F|\n|poke|p1|Kingambit, L50, F|\n|poke|p2|Excadrill, L50, F|\n|poke|p2|Sneasler, L50, F|\n|poke|p2|Sinistcha, L50|\n|poke|p2|Milotic, L50, M|\n|poke|p2|Aerodactyl, L50, F|\n|poke|p2|Incineroar, L50, M|\n|teampreview|4\n|c|\u2606RNG can't stop me|gl hf\n|\n|t:|1776452971\n|teamsize|p1|4\n|teamsize|p2|4\n|start\n|switch|p1a: Sneasler|Sneasler, L50, F|100/100\n|switch|p1b: Kingambit|Kingambit, L50, F|100/100\n|switch|p2a: Sinistcha|Sinistcha, L50|100/100\n|switch|p2b: Milotic|Milotic, L50, M|100/100\n|turn|1\n|\n|t:|1776452990\n|switch|p2a: Sneasler|Sneasler, L50, F|100/100\n|move|p1a: Sneasler|Fake Out|p2b: Milotic\n|-damage|p2b: Milotic|90/100\n|-status|p2b: Milotic|psn|[from] ability: Poison Touch|[of] p1a: Sneasler\n|cant|p2b: Milotic|flinch\n|move|p1b: Kingambit|Kowtow Cleave|p2a: Sneasler\n|-resisted|p2a: Sneasler|1\n|-damage|p2a: Sneasler|48/100\n|\n|-heal|p2b: Milotic|96/100 psn|[from] item: Leftovers\n|-damage|p2b: Milotic|84/100 psn|[from] psn\n|upkeep\n|turn|2\n|\n|t:|1776453013\n|switch|p2b: Sinistcha|Sinistcha, L50|100/100\n|-heal|p2a: Sneasler|73/100|[from] ability: Hospitality|[of] p2b: Sinistcha\n|move|p1b: Kingambit|Sucker Punch|p2a: Sneasler\n|-resisted|p2a: Sneasler|1\n|-damage|p2a: Sneasler|27/100\n|move|p1a: Sneasler|Close Combat|p2b: Sinistcha\n|-immune|p2b: Sinistcha\n|move|p2a: Sneasler|Close Combat|p1b: Kingambit\n|-supereffective|p1b: Kingambit|2\n|-damage|p1b: Kingambit|0 fnt\n|-unboost|p2a: Sneasler|def|1\n|-unboost|p2a: Sneasler|spd|1\n|faint|p1b: Kingambit\n|-enditem|p2a: Sneasler|White Herb\n|-clearnegativeboost|p2a: Sneasler|[silent]\n|\n|upkeep\n|\n|t:|1776453030\n|switch|p1b: Blastoise|Blastoise, L50, M|100/100\n|turn|3\n|\n|t:|1776453048\n|detailschange|p1b: Blastoise|Blastoise-Mega, L50, M\n|-mega|p1b: Blastoise|Blastoise|Blastoisinite\n|move|p2a: Sneasler|Dire Claw|p1b: Blastoise\n|-damage|p1b: Blastoise|54/100\n|move|p1a: Sneasler|Dire Claw|p2a: Sneasler\n|-resisted|p2a: Sneasler|1\n|-damage|p2a: Sneasler|0 fnt\n|faint|p2a: Sneasler\n|move|p1b: Blastoise|Dragon Pulse|p2b: Sinistcha\n|-damage|p2b: Sinistcha|49/100\n|-enditem|p2b: Sinistcha|Sitrus Berry|[eat]\n|-heal|p2b: Sinistcha|74/100|[from] item: Sitrus Berry\n|move|p2b: Sinistcha|Matcha Gotcha|p1b: Blastoise|[spread] p1a,p1b\n|-resisted|p1a: Sneasler|1\n|-supereffective|p1b: Blastoise|1\n|-damage|p1a: Sneasler|85/100\n|-heal|p2b: Sinistcha|81/100|[from] drain|[of] p1a: Sneasler\n|-damage|p1b: Blastoise|0 fnt\n|-heal|p2b: Sinistcha|100/100|[from] drain|[of] p1b: Blastoise\n|faint|p1b: Blastoise\n|\n|upkeep\n|\n|t:|1776453068\n|switch|p2a: Aerodactyl|Aerodactyl, L50, F|100/100\n|switch|p1b: Garchomp|Garchomp, L50, F|100/100\n|-ability|p2a: Aerodactyl|Unnerve\n|turn|4\n|\n|t:|1776453105\n|move|p2a: Aerodactyl|Dual Wingbeat|p1a: Sneasler\n|-supereffective|p1a: Sneasler|1\n|-damage|p1a: Sneasler|18/100\n|-supereffective|p1a: Sneasler|1\n|-crit|p1a: Sneasler\n|-damage|p1a: Sneasler|0 fnt\n|faint|p1a: Sneasler\n|-hitcount|p1: Sneasler|2\n|move|p1b: Garchomp|Rock Slide|p2a: Aerodactyl|[spread] p2b\n|-miss|p1b: Garchomp|p2a: Aerodactyl\n|-damage|p2b: Sinistcha|87/100\n|cant|p2b: Sinistcha|flinch\n|\n|upkeep\n|turn|5\n|c|\u2606lambisbola|GG\n|c|\u2606RNG can't stop me|gg\n|\n|t:|1776453128\n|move|p2a: Aerodactyl|Dual Wingbeat|p1b: Garchomp\n|-damage|p1b: Garchomp|81/100\n|-damage|p2a: Aerodactyl|88/100|[from] ability: Rough Skin|[of] p1b: Garchomp\n|-damage|p1b: Garchomp|63/100\n|-damage|p2a: Aerodactyl|76/100|[from] ability: Rough Skin|[of] p1b: Garchomp\n|-hitcount|p1b: Garchomp|2\n|move|p1b: Garchomp|Rock Slide|p2a: Aerodactyl|[spread] p2a,p2b\n|-supereffective|p2a: Aerodactyl|1\n|-damage|p2a: Aerodactyl|10/100\n|-damage|p2b: Sinistcha|72/100\n|move|p2b: Sinistcha|Matcha Gotcha|p1b: Garchomp\n|-damage|p1b: Garchomp|26/100\n|-heal|p2b: Sinistcha|91/100|[from] drain|[of] p1b: Garchomp\n|\n|upkeep\n|turn|6\n|\n|t:|1776453144\n|move|p2a: Aerodactyl|Dual Wingbeat|p1b: Garchomp\n|-damage|p1b: Garchomp|8/100\n|-damage|p2a: Aerodactyl|0 fnt|[from] ability: Rough Skin|[of] p1b: Garchomp\n|faint|p2a: Aerodactyl\n|-hitcount|p1b: Garchomp|1\n|move|p1b: Garchomp|Rock Slide|p2b: Sinistcha\n|-damage|p2b: Sinistcha|73/100\n|move|p2b: Sinistcha|Trick Room|p2b: Sinistcha\n|-fieldstart|move: Trick Room|[of] p2b: Sinistcha\n|\n|upkeep\n|\n|t:|1776453148\n|switch|p2a: Milotic|Milotic, L50, M|84/100 psn\n|turn|7\n|-message|lambisbola forfeited.\n|\n|win|RNG can't stop me\n|raw|lambisbola's rating: 1134 &rarr; <strong>1108</strong><br />(-26 for losing)\n|raw|RNG can&apos;t stop me's rating: 1118 &rarr; <strong>1144</strong><br />(+26 for winning)\n|l|\u2606lambisbola\n|player|p1|\n",
  "uploadtime": 1776453161,
  "views": 42,
  "formatid": "gen9championsvgc2026regma",
  "rating": 1108,
  "private": 0,
  "password": null
}