{
  "id": "gen9championsvgc2026regma-2586016771",
  "format": "[Gen 9 Champions] VGC 2026 Reg M-A",
  "players": [
    "vitinRTX",
    "Gobloney"
  ],
  "log": "|j|\u2606vitinRTX\n|j|\u2606Gobloney\n|t:|1776390588\n|gametype|doubles\n|player|p1|vitinRTX|265|1068\n|player|p2|Gobloney|pokemaniac-gen3rs|1146\n|gen|9\n|tier|[Gen 9 Champions] VGC 2026 Reg M-A\n|rated|\n|rule|Species Clause: Limit one of each Pok\u00e9mon\n|rule|Item Clause: Limit 1 of each item\n|clearpoke\n|poke|p1|Charizard, L50, M|\n|poke|p1|Venusaur, L50, M|\n|poke|p1|Garchomp, L50, M|\n|poke|p1|Rotom-Wash, L50|\n|poke|p1|Incineroar, L50, F|\n|poke|p1|Milotic, L50, F|\n|poke|p2|Tyranitar, L50, F|\n|poke|p2|Garchomp, L50, F|\n|poke|p2|Starmie, L50|\n|poke|p2|Aegislash, L50, M|\n|poke|p2|Aerodactyl, L50, M|\n|poke|p2|Rotom-Heat, L50|\n|teampreview|4\n|\n|t:|1776390646\n|teamsize|p1|4\n|teamsize|p2|4\n|start\n|switch|p1a: Zard|Charizard, L50, M, shiny|100/100\n|switch|p1b: Venenosauro|Venusaur, L50, M|100/100\n|switch|p2a: Mog Champ|Aerodactyl, L50, M, shiny|100/100\n|switch|p2b: Macro Wave|Rotom-Heat, L50, shiny|100/100\n|-ability|p2a: Mog Champ|Unnerve\n|turn|1\n|\n|t:|1776390692\n|detailschange|p1a: Zard|Charizard-Mega-Y, L50, M, shiny\n|-mega|p1a: Zard|Charizard|Charizardite Y\n|-weather|SunnyDay|[from] ability: Drought|[of] p1a: Zard\n|move|p1a: Zard|Protect|p1a: Zard\n|-singleturn|p1a: Zard|Protect\n|move|p1b: Venenosauro|Sleep Powder|p2a: Mog Champ\n|-status|p2a: Mog Champ|slp|[from] move: Sleep Powder\n|cant|p2a: Mog Champ|slp\n|move|p2b: Macro Wave|Thunderbolt|p1a: Zard\n|-activate|p1a: Zard|move: Protect\n|\n|-weather|SunnyDay|[upkeep]\n|upkeep\n|turn|2\n|j| wisper09\n|c| wisper09|dont fumble\n|c|\u2606Gobloney|I will 100%\n|\n|t:|1776390719\n|switch|p1a: Rotom|Rotom-Wash, L50|100/100\n|move|p2b: Macro Wave|Protect|p2b: Macro Wave\n|-singleturn|p2b: Macro Wave|Protect\n|move|p1b: Venenosauro|Sludge Bomb|p2b: Macro Wave\n|-activate|p2b: Macro Wave|move: Protect\n|cant|p2a: Mog Champ|slp\n|\n|-weather|SunnyDay|[upkeep]\n|upkeep\n|turn|3\n|\n|t:|1776390749\n|switch|p2b: Shirafugi|Tyranitar, L50, F, shiny|100/100\n|-weather|Sandstorm|[from] ability: Sand Stream|[of] p2b: Shirafugi\n|move|p1b: Venenosauro|Protect|p1b: Venenosauro\n|-singleturn|p1b: Venenosauro|Protect\n|-curestatus|p2a: Mog Champ|slp|[msg]\n|move|p2a: Mog Champ|Tailwind|p2a: Mog Champ\n|-sidestart|p2: Gobloney|move: Tailwind\n|move|p1a: Rotom|Hydro Pump|p2a: Mog Champ|[miss]\n|-miss|p1a: Rotom|p2a: Mog Champ\n|\n|-weather|Sandstorm|[upkeep]\n|-damage|p1b: Venenosauro|94/100|[from] Sandstorm\n|-damage|p1a: Rotom|94/100|[from] Sandstorm\n|upkeep\n|turn|4\n|c|\u2606Gobloney|Huge turn\n|c| wisper09|indeed\n|\n|t:|1776390774\n|switch|p1b: Milotic|Milotic, L50, F, shiny|100/100\n|move|p2a: Mog Champ|Dual Wingbeat|p1b: Milotic\n|-damage|p1b: Milotic|79/100\n|-damage|p1b: Milotic|59/100\n|-hitcount|p1b: Milotic|2\n|move|p2b: Shirafugi|Rock Slide|p1a: Rotom|[spread] p1a,p1b\n|-damage|p1a: Rotom|64/100\n|-damage|p1b: Milotic|25/100\n|cant|p1a: Rotom|flinch\n|\n|-weather|Sandstorm|[upkeep]\n|-damage|p1a: Rotom|58/100|[from] Sandstorm\n|-damage|p1b: Milotic|19/100|[from] Sandstorm\n|upkeep\n|turn|5\n|c|\u2606Gobloney|OH HE'S CRAZY WITH IT\n|c| wisper09|w flinch\n|\n|t:|1776390804\n|move|p2a: Mog Champ|Rock Slide|p1a: Rotom|[spread] p1a,p1b\n|-damage|p1a: Rotom|34/100\n|-damage|p1b: Milotic|0 fnt\n|faint|p1b: Milotic\n|move|p2b: Shirafugi|Rock Slide|p1a: Rotom\n|-damage|p1a: Rotom|0 fnt\n|faint|p1a: Rotom\n|\n|-weather|Sandstorm|[upkeep]\n|upkeep\n|\n|t:|1776390812\n|switch|p1a: Zard|Charizard-Mega-Y, L50, M, shiny|100/100\n|switch|p1b: Venenosauro|Venusaur, L50, M|94/100\n|-weather|SunnyDay|[from] ability: Drought|[of] p1a: Zard\n|turn|6\n|-message|vitinRTX forfeited.\n|\n|win|Gobloney\n|raw|vitinRTX's rating: 1068 &rarr; <strong>1052</strong><br />(-16 for losing)\n|raw|Gobloney's rating: 1146 &rarr; <strong>1165</strong><br />(+19 for winning)\n|l|\u2606vitinRTX\n|player|p1|\n|c|\u2606Gobloney|Noice\n|c| wisper09|ez win\n|l| wisper09\n|c|\u2606Gobloney|He honestly could have clutched\n",
  "uploadtime": 1776390842,
  "views": 36,
  "formatid": "gen9championsvgc2026regma",
  "rating": 1052,
  "private": 0,
  "password": null
}