{
  "id": "gen9championsvgc2026regma-2582380336",
  "format": "[Gen 9 Champions] VGC 2026 Reg M-A",
  "players": [
    "londi g",
    "jasonrfry"
  ],
  "log": "|j|\u2606londi g\n|j|\u2606jasonrfry\n|t:|1776087799\n|gametype|doubles\n|player|p1|londi g|colress|1184\n|player|p2|jasonrfry|169|1183\n|gen|9\n|tier|[Gen 9 Champions] VGC 2026 Reg M-A\n|rated|\n|rule|Species Clause: Limit one of each Pok\u00e9mon\n|rule|Item Clause: Limit 1 of each item\n|clearpoke\n|poke|p1|Delphox, L50, F|\n|poke|p1|Garchomp, L50, F|\n|poke|p1|Orthworm, L50, M|\n|poke|p1|Incineroar, L50, M|\n|poke|p1|Sinistcha-Masterpiece, L50|\n|poke|p1|Aerodactyl, L50, F|\n|poke|p2|Mimikyu, L50, M|\n|poke|p2|Meganium, L50, M|\n|poke|p2|Primarina, L50, M|\n|poke|p2|Sneasler, L50, M|\n|poke|p2|Torkoal, L50, F|\n|poke|p2|Kingambit, L50, M|\n|teampreview|4\n|c|\u2606londi g|gl\n|c|\u2606jasonrfry|gl\n|inactive|Battle timer is ON: inactive players will automatically lose when time's up. (requested by jasonrfry)\n|\n|t:|1776087862\n|teamsize|p1|4\n|teamsize|p2|4\n|start\n|switch|p1a: Aerodactyl|Aerodactyl, L50, F|100/100\n|switch|p1b: Orthworm|Orthworm, L50, M|100/100\n|switch|p2a: Mimikyu|Mimikyu, L50, M, shiny|100/100\n|switch|p2b: Sneasler|Sneasler, L50, M|100/100\n|-ability|p1a: Aerodactyl|Unnerve\n|turn|1\n|inactive|jasonrfry has 30 seconds left.\n|inactive|jasonrfry has 20 seconds left.\n|inactive|jasonrfry has 15 seconds left.\n|\n|t:|1776087903\n|move|p2b: Sneasler|Fake Out|p1a: Aerodactyl\n|-resisted|p1a: Aerodactyl|1\n|-damage|p1a: Aerodactyl|90/100\n|cant|p1a: Aerodactyl|flinch\n|move|p1b: Orthworm|Shed Tail|p1b: Orthworm\n|-start|p1b: Orthworm|Substitute|[from] move: Shed Tail\n|-damage|p1b: Orthworm|50/100\n|-enditem|p1b: Orthworm|Sitrus Berry|[eat]\n|-heal|p1b: Orthworm|75/100|[from] item: Sitrus Berry\n|\n|t:|1776087911\n|switch|p1b: Delphox|Delphox, L50, F|100/100|[from] Shed Tail\n|move|p2a: Mimikyu|Trick Room|p2a: Mimikyu\n|-fieldstart|move: Trick Room|[of] p2a: Mimikyu\n|\n|upkeep\n|turn|2\n|inactive|londi g has 30 seconds left.\n|\n|t:|1776087937\n|detailschange|p1b: Delphox|Delphox-Mega, L50, F\n|-mega|p1b: Delphox|Delphox|Delphoxite\n|move|p1b: Delphox|Protect|p1b: Delphox\n|-singleturn|p1b: Delphox|Protect\n|move|p2a: Mimikyu|Curse|p1b: Delphox\n|-start|p1b: Delphox|Curse|[of] p2a: Mimikyu\n|-damage|p2a: Mimikyu|50/100\n|move|p2b: Sneasler|Close Combat|p1a: Aerodactyl\n|-damage|p1a: Aerodactyl|0 fnt\n|-unboost|p2b: Sneasler|def|1\n|-unboost|p2b: Sneasler|spd|1\n|faint|p1a: Aerodactyl\n|-enditem|p2b: Sneasler|White Herb\n|-clearnegativeboost|p2b: Sneasler|[silent]\n|\n|-damage|p1b: Delphox|76/100|[from] Curse\n|upkeep\n|\n|t:|1776087950\n|switch|p1a: Incineroar|Incineroar, L50, M|100/100\n|-ability|p1a: Incineroar|Intimidate|boost\n|-unboost|p2a: Mimikyu|atk|1\n|-unboost|p2b: Sneasler|atk|1\n|turn|3\n|\n|t:|1776087962\n|move|p1a: Incineroar|Fake Out|p2b: Sneasler\n|-damage|p2b: Sneasler|84/100\n|move|p2a: Mimikyu|Curse|p1a: Incineroar\n|-start|p1a: Incineroar|Curse|[of] p2a: Mimikyu\n|-damage|p2a: Mimikyu|0 fnt\n|faint|p2a: Mimikyu\n|cant|p2b: Sneasler|flinch\n|move|p1b: Delphox|Heat Wave|p2b: Sneasler\n|-damage|p2b: Sneasler|0 fnt\n|faint|p2b: Sneasler\n|\n|-damage|p1a: Incineroar|76/100|[from] Curse\n|-damage|p1b: Delphox|51/100|[from] Curse\n|upkeep\n|\n|t:|1776087967\n|switch|p2a: Primarina|Primarina, L50, M, shiny|100/100\n|switch|p2b: Meganium|Meganium, L50, M|100/100\n|turn|4\n|inactive|londi g has 30 seconds left.\n|inactive|jasonrfry has 30 seconds left.\n|inactive|jasonrfry has 20 seconds left.\n|\n|t:|1776088003\n|switch|p1b: Orthworm|Orthworm, L50, M|75/100\n|detailschange|p2b: Meganium|Meganium-Mega, L50, M\n|-mega|p2b: Meganium|Meganium|Meganiumite\n|move|p2a: Primarina|Hyper Voice|p1b: Orthworm|[spread] p1a,p1b\n|-supereffective|p1a: Incineroar|1\n|-damage|p1a: Incineroar|25/100\n|-damage|p1b: Orthworm|15/100\n|move|p1a: Incineroar|Parting Shot|p2a: Primarina\n|-unboost|p2a: Primarina|atk|1\n|-unboost|p2a: Primarina|spa|1\n|\n|t:|1776088012\n|switch|p1a: Delphox|Delphox-Mega, L50, F|51/100|[from] Parting Shot\n|move|p2b: Meganium|Weather Ball|p1b: Orthworm\n|-supereffective|p1b: Orthworm|1\n|-damage|p1b: Orthworm|0 fnt\n|faint|p1b: Orthworm\n|\n|upkeep\n|\n|t:|1776088019\n|switch|p1b: Incineroar|Incineroar, L50, M|25/100\n|-ability|p1b: Incineroar|Intimidate|boost\n|-unboost|p2a: Primarina|atk|1\n|-unboost|p2b: Meganium|atk|1\n|turn|5\n|inactive|jasonrfry has 30 seconds left.\n|\n|t:|1776088044\n|move|p1b: Incineroar|Fake Out|p2a: Primarina\n|-damage|p2a: Primarina|88/100\n|cant|p2a: Primarina|flinch\n|move|p2b: Meganium|Earth Power|p1b: Incineroar\n|-supereffective|p1b: Incineroar|1\n|-damage|p1b: Incineroar|0 fnt\n|faint|p1b: Incineroar\n|move|p1a: Delphox|Heat Wave|p2a: Primarina|[spread] p2a\n|-miss|p1a: Delphox|p2b: Meganium\n|-resisted|p2a: Primarina|1\n|-crit|p2a: Primarina\n|-damage|p2a: Primarina|60/100\n|\n|-fieldend|move: Trick Room\n|upkeep\n|turn|6\n|\n|t:|1776088057\n|move|p1a: Delphox|Heat Wave|p2a: Primarina|[spread] p2a,p2b\n|-resisted|p2a: Primarina|1\n|-supereffective|p2b: Meganium|1\n|-damage|p2a: Primarina|43/100\n|-damage|p2b: Meganium|22/100\n|move|p2b: Meganium|Weather Ball|p1a: Delphox\n|-resisted|p1a: Delphox|1\n|-damage|p1a: Delphox|20/100\n|move|p2a: Primarina|Hyper Voice|p1a: Delphox\n|-supereffective|p1a: Delphox|1\n|-damage|p1a: Delphox|0 fnt\n|faint|p1a: Delphox\n|\n|win|jasonrfry\n|raw|londi g's rating: 1184 &rarr; <strong>1159</strong><br />(-25 for losing)\n|raw|jasonrfry's rating: 1183 &rarr; <strong>1208</strong><br />(+25 for winning)\n|l|\u2606londi g\n|player|p1|\n",
  "uploadtime": 1776088071,
  "views": 10,
  "formatid": "gen9championsvgc2026regma",
  "rating": 1159,
  "private": 0,
  "password": null
}