{
  "id": "gen9championsvgc2026regma-2587502057",
  "format": "[Gen 9 Champions] VGC 2026 Reg M-A",
  "players": [
    "Limix Yamal",
    "penledzuu"
  ],
  "log": "|j|\u2606Limix Yamal\n|j|\u2606penledzuu\n|t:|1776537249\n|gametype|doubles\n|player|p1|Limix Yamal|n|1144\n|player|p2|penledzuu|ninjaboy|1162\n|gen|9\n|tier|[Gen 9 Champions] VGC 2026 Reg M-A\n|rated|\n|rule|Species Clause: Limit one of each Pok\u00e9mon\n|rule|Item Clause: Limit 1 of each item\n|clearpoke\n|poke|p1|Floette-Eternal, L50, F|\n|poke|p1|Garchomp, L50, F|\n|poke|p1|Kingambit, L50, F|\n|poke|p1|Sneasler, L50, M|\n|poke|p1|Aerodactyl, L50, F, shiny|\n|poke|p1|Froslass, L50, F|\n|poke|p2|Gengar, L50, M, shiny|\n|poke|p2|Gardevoir, L50, M|\n|poke|p2|Arcanine-Hisui, L50, M|\n|poke|p2|Charizard, L50, M, shiny|\n|poke|p2|Machamp, L50, M|\n|poke|p2|Sneasler, L50, F|\n|teampreview|4\n|inactive|Battle timer is ON: inactive players will automatically lose when time's up. (requested by penledzuu)\n|inactive|Limix Yamal has 60 seconds left.\n|\n|t:|1776537305\n|teamsize|p1|4\n|teamsize|p2|4\n|start\n|switch|p1a: Kingambit|Kingambit, L50, F|100/100\n|switch|p1b: Sneasler|Sneasler, L50, M|100/100\n|switch|p2a: Gengar|Gengar, L50, M, shiny|100/100\n|switch|p2b: Sneasler|Sneasler, L50, F|100/100\n|turn|1\n|\n|t:|1776537324\n|move|p2b: Sneasler|Fake Out|p1a: Kingambit\n|-resisted|p1a: Kingambit|1\n|-damage|p1a: Kingambit|95/100\n|move|p1b: Sneasler|Fake Out|p2b: Sneasler\n|-damage|p2b: Sneasler|71/100\n|-immune|p2b: Sneasler\n|move|p2a: Gengar|Shadow Ball|p1b: Sneasler\n|-damage|p1b: Sneasler|35/100\n|-unboost|p1b: Sneasler|spd|1\n|-enditem|p1b: Sneasler|White Herb\n|-clearnegativeboost|p1b: Sneasler|[silent]\n|cant|p1a: Kingambit|flinch\n|\n|upkeep\n|turn|2\n|\n|t:|1776537346\n|switch|p1b: Floette|Floette-Eternal, L50, F|100/100\n|move|p2b: Sneasler|Close Combat|p1a: Kingambit\n|-supereffective|p1a: Kingambit|2\n|-enditem|p1a: Kingambit|Chople Berry|[eat]\n|-enditem|p1a: Kingambit|Chople Berry|[weaken]\n|-damage|p1a: Kingambit|0 fnt\n|-unboost|p2b: Sneasler|def|1\n|-unboost|p2b: Sneasler|spd|1\n|faint|p1a: Kingambit\n|-enditem|p2b: Sneasler|White Herb\n|-clearnegativeboost|p2b: Sneasler|[silent]\n|move|p2a: Gengar|Shadow Ball|p1b: Floette\n|-damage|p1b: Floette|56/100\n|\n|upkeep\n|\n|t:|1776537360\n|switch|p1a: Sneasler|Sneasler, L50, M|35/100\n|turn|3\n|\n|t:|1776537370\n|detailschange|p1b: Floette|Floette-Mega, L50, F\n|-mega|p1b: Floette|Floette|Floettite\n|-ability|p1b: Floette|Fairy Aura\n|move|p1a: Sneasler|Fake Out|p2b: Sneasler\n|-damage|p2b: Sneasler|43/100\n|cant|p2b: Sneasler|flinch\n|move|p2a: Gengar|Icy Wind|p1a: Sneasler|[spread] p1a,p1b\n|-damage|p1a: Sneasler|13/100\n|-damage|p1b: Floette|43/100\n|-unboost|p1a: Sneasler|spe|1\n|-unboost|p1b: Floette|spe|1\n|move|p1b: Floette|Dazzling Gleam|p2a: Gengar|[spread] p2a,p2b\n|-resisted|p2a: Gengar|1\n|-crit|p2b: Sneasler\n|-damage|p2a: Gengar|63/100\n|-damage|p2b: Sneasler|0 fnt\n|faint|p2b: Sneasler\n|\n|upkeep\n|\n|t:|1776537394\n|switch|p2b: Gardevoir|Gardevoir, L50, M|100/100\n|-ability|p2b: Gardevoir|Fairy Aura|Trace|[from] ability: Trace|[of] p1b: Floette\n|-ability|p2b: Gardevoir|Fairy Aura\n|turn|4\n|\n|t:|1776537407\n|move|p1b: Floette|Protect|p1b: Floette\n|-singleturn|p1b: Floette|Protect\n|move|p2a: Gengar|Shadow Ball|p1a: Sneasler\n|-damage|p1a: Sneasler|0 fnt\n|faint|p1a: Sneasler\n|move|p2b: Gardevoir|Moonblast|p1b: Floette\n|-activate|p1b: Floette|move: Protect\n|\n|upkeep\n|\n|t:|1776537416\n|switch|p1a: Garchomp|Garchomp, L50, F|100/100\n|turn|5\n|\n|t:|1776537427\n|move|p1b: Floette|Protect||[still]\n|-fail|p1b: Floette\n|move|p1a: Garchomp|Earthquake|p2b: Gardevoir|[spread] p1b,p2a,p2b\n|-supereffective|p2a: Gengar|1\n|-damage|p1b: Floette|0 fnt\n|-damage|p2a: Gengar|0 fnt\n|-damage|p2b: Gardevoir|32/100\n|-start|p1a: Garchomp|Disable|Earthquake|[from] ability: Cursed Body|[of] p2a: Gengar\n|-enditem|p2b: Gardevoir|Sitrus Berry|[eat]\n|-heal|p2b: Gardevoir|57/100|[from] item: Sitrus Berry\n|faint|p1b: Floette\n|faint|p2a: Gengar\n|move|p2b: Gardevoir|Moonblast|p1a: Garchomp\n|-supereffective|p1a: Garchomp|1\n|-damage|p1a: Garchomp|0 fnt\n|faint|p1a: Garchomp\n|\n|win|penledzuu\n|raw|Limix Yamal's rating: 1144 &rarr; <strong>1120</strong><br />(-24 for losing)\n|raw|penledzuu's rating: 1162 &rarr; <strong>1186</strong><br />(+24 for winning)\n|l|\u2606Limix Yamal\n|player|p1|\n",
  "uploadtime": 1776537440,
  "views": 10,
  "formatid": "gen9championsvgc2026regma",
  "rating": 1120,
  "private": 0,
  "password": null
}