{
  "id": "gen9championsvgc2026regma-2582062875",
  "format": "[Gen 9 Champions] VGC 2026 Reg M-A",
  "players": [
    "jukasinjakudo",
    "starstorm295"
  ],
  "log": "|j|\u2606jukasinjakudo\n|j|\u2606starstorm295\n|t:|1776053370\n|gametype|doubles\n|player|p1|jukasinjakudo|n|1202\n|player|p2|starstorm295|102|1260\n|gen|9\n|tier|[Gen 9 Champions] VGC 2026 Reg M-A\n|rated|\n|rule|Species Clause: Limit one of each Pok\u00e9mon\n|rule|Item Clause: Limit 1 of each item\n|clearpoke\n|poke|p1|Pelipper, L50, F|\n|poke|p1|Basculegion, L50, M|\n|poke|p1|Archaludon, L50, M|\n|poke|p1|Kingambit, L50, M|\n|poke|p1|Incineroar, L50, M|\n|poke|p1|Talonflame, L50, M|\n|poke|p2|Basculegion, L50, M|\n|poke|p2|Lopunny, L50, F|\n|poke|p2|Volcarona, L50, F|\n|poke|p2|Sinistcha, L50|\n|poke|p2|Kingambit, L50, M|\n|poke|p2|Ninetales-Alola, L50, F|\n|teampreview|4\n|\n|t:|1776053426\n|teamsize|p1|4\n|teamsize|p2|4\n|start\n|switch|p1a: Talonflame|Talonflame, L50, M|100/100\n|switch|p1b: Basculegion|Basculegion, L50, M|100/100\n|switch|p2a: Kingambit|Kingambit, L50, M|100/100\n|switch|p2b: Volcarona|Volcarona, L50, F|100/100\n|turn|1\n|\n|t:|1776053440\n|move|p1b: Basculegion|Protect|p1b: Basculegion\n|-singleturn|p1b: Basculegion|Protect\n|move|p2a: Kingambit|Sucker Punch||[still]\n|-fail|p2a: Kingambit\n|move|p1a: Talonflame|Rain Dance|p1a: Talonflame\n|-weather|RainDance\n|move|p2b: Volcarona|Tailwind|p2b: Volcarona\n|-sidestart|p2: starstorm295|move: Tailwind\n|\n|-weather|RainDance|[upkeep]\n|upkeep\n|turn|2\n|\n|t:|1776053460\n|move|p1a: Talonflame|Quick Guard|p1a: Talonflame\n|-singleturn|p1a: Talonflame|Quick Guard\n|move|p2b: Volcarona|Rage Powder|p2b: Volcarona\n|-singleturn|p2b: Volcarona|move: Rage Powder\n|move|p2a: Kingambit|Sucker Punch|p1b: Basculegion\n|-activate|p1b: Basculegion|move: Quick Guard\n|move|p1b: Basculegion|Wave Crash|p2b: Volcarona\n|-supereffective|p2b: Volcarona|1\n|-damage|p2b: Volcarona|0 fnt\n|-status|p1b: Basculegion|brn|[from] ability: Flame Body|[of] p2b: Volcarona\n|faint|p2b: Volcarona\n|-damage|p1b: Basculegion|69/100 brn|[from] Recoil\n|\n|-weather|RainDance|[upkeep]\n|-damage|p1b: Basculegion|62/100 brn|[from] brn\n|upkeep\n|\n|t:|1776053469\n|switch|p2b: Hilda|Lopunny, L50, F, shiny|100/100\n|turn|3\n|\n|t:|1776053482\n|detailschange|p2b: Hilda|Lopunny-Mega, L50, F, shiny\n|-mega|p2b: Hilda|Lopunny|Lopunnite\n|move|p1a: Talonflame|Quick Guard|p1a: Talonflame\n|-singleturn|p1a: Talonflame|Quick Guard\n|move|p2b: Hilda|Triple Axel|p1a: Talonflame|[miss]\n|-miss|p2b: Hilda|p1a: Talonflame\n|move|p1b: Basculegion|Wave Crash|p2a: Kingambit\n|-damage|p2a: Kingambit|56/100\n|-damage|p1b: Basculegion|47/100 brn|[from] Recoil\n|move|p2a: Kingambit|Kowtow Cleave|p1b: Basculegion\n|-supereffective|p1b: Basculegion|1\n|-damage|p1b: Basculegion|0 fnt\n|faint|p1b: Basculegion\n|\n|-weather|RainDance|[upkeep]\n|upkeep\n|\n|t:|1776053500\n|switch|p1b: Pelipper|Pelipper, L50, F|100/100\n|turn|4\n|\n|t:|1776053525\n|switch|p2b: Sinistcha|Sinistcha, L50|100/100\n|-heal|p2a: Kingambit|80/100|[from] ability: Hospitality|[of] p2b: Sinistcha\n|move|p1a: Talonflame|Tailwind|p1a: Talonflame\n|-sidestart|p1: jukasinjakudo|move: Tailwind\n|move|p2a: Kingambit|Sucker Punch||[still]\n|-fail|p2a: Kingambit\n|move|p1b: Pelipper|Hurricane|p2b: Sinistcha\n|-supereffective|p2b: Sinistcha|1\n|-damage|p2b: Sinistcha|3/100\n|-enditem|p2b: Sinistcha|Sitrus Berry|[eat]\n|-heal|p2b: Sinistcha|27/100|[from] item: Sitrus Berry\n|\n|-weather|RainDance|[upkeep]\n|-sideend|p2: starstorm295|move: Tailwind\n|upkeep\n|turn|5\n|\n|t:|1776053554\n|move|p1a: Talonflame|Quick Guard|p1a: Talonflame\n|-singleturn|p1a: Talonflame|Quick Guard\n|move|p2b: Sinistcha|Rage Powder|p2b: Sinistcha\n|-singleturn|p2b: Sinistcha|move: Rage Powder\n|move|p1b: Pelipper|Hurricane|p2b: Sinistcha\n|-supereffective|p2b: Sinistcha|1\n|-damage|p2b: Sinistcha|0 fnt\n|faint|p2b: Sinistcha\n|move|p2a: Kingambit|Kowtow Cleave|p1a: Talonflame\n|-damage|p1a: Talonflame|4/100\n|\n|-weather|none\n|upkeep\n|\n|t:|1776053565\n|switch|p2b: Hilda|Lopunny-Mega, L50, F, shiny|100/100\n|turn|6\n|\n|t:|1776053592\n|move|p1a: Talonflame|Quick Guard|p1a: Talonflame\n|-singleturn|p1a: Talonflame|Quick Guard\n|move|p1b: Pelipper|Hurricane|p2b: Hilda\n|-supereffective|p2b: Hilda|1\n|-damage|p2b: Hilda|0 fnt\n|faint|p2b: Hilda\n|move|p2a: Kingambit|Kowtow Cleave|p1b: Pelipper\n|-damage|p1b: Pelipper|18/100\n|\n|upkeep\n|turn|7\n|-message|starstorm295 forfeited.\n|\n|win|jukasinjakudo\n|raw|jukasinjakudo's rating: 1202 &rarr; <strong>1231</strong><br />(+29 for winning)\n|raw|starstorm295's rating: 1260 &rarr; <strong>1231</strong><br />(-29 for losing)\n|l|\u2606starstorm295\n|player|p2|\n",
  "uploadtime": 1776053609,
  "views": 37,
  "formatid": "gen9championsvgc2026regma",
  "rating": 1231,
  "private": 0,
  "password": null
}