{
  "id": "gen9championsvgc2026regma-2587190475",
  "format": "[Gen 9 Champions] VGC 2026 Reg M-A",
  "players": [
    "3mms",
    "Master M-rada"
  ],
  "log": "|j|\u26063mms\n|j|\u2606Master M-rada\n|t:|1776506615\n|gametype|doubles\n|player|p1|3mms|n|1533\n|player|p2|Master M-rada|blue|1497\n|gen|9\n|tier|[Gen 9 Champions] VGC 2026 Reg M-A\n|rated|\n|rule|Species Clause: Limit one of each Pok\u00e9mon\n|rule|Item Clause: Limit 1 of each item\n|clearpoke\n|poke|p1|Rotom-Wash, L50|\n|poke|p1|Talonflame, L50, F|\n|poke|p1|Garchomp, L50, F|\n|poke|p1|Incineroar, L50, M|\n|poke|p1|Floette-Eternal, L50, F|\n|poke|p1|Aegislash, L50, F|\n|poke|p2|Glimmora, L50, F, shiny|\n|poke|p2|Aerodactyl, L50, F|\n|poke|p2|Milotic, L50, M|\n|poke|p2|Basculegion, L50, M|\n|poke|p2|Sinistcha-Masterpiece, L50, shiny|\n|poke|p2|Sneasler, L50, F|\n|teampreview|4\n|inactive|Battle timer is ON: inactive players will automatically lose when time's up. (requested by Master M-rada)\n|inactive|3mms also wants the timer to be on.\n|inactive|3mms has 60 seconds left.\n|\n|t:|1776506656\n|teamsize|p1|4\n|teamsize|p2|4\n|start\n|switch|p1a: Rotom|Rotom-Wash, L50|100/100\n|switch|p1b: Garchomp|Garchomp, L50, F|100/100\n|switch|p2a: Milotic|Milotic, L50, M|100/100\n|switch|p2b: Dinner|Aerodactyl, L50, F|100/100\n|-ability|p2b: Dinner|Unnerve\n|turn|1\n|inactive|Master M-rada has 30 seconds left.\n|inactive|Master M-rada has 20 seconds left.\n|inactive|Master M-rada has 15 seconds left.\n|\n|t:|1776506703\n|move|p2b: Dinner|Tailwind|p2b: Dinner\n|-sidestart|p2: Master M-rada|move: Tailwind\n|move|p2a: Milotic|Ice Beam|p1b: Garchomp\n|-supereffective|p1b: Garchomp|2\n|-damage|p1b: Garchomp|0 fnt\n|faint|p1b: Garchomp\n|move|p1a: Rotom|Thunderbolt|p2b: Dinner\n|-supereffective|p2b: Dinner|1\n|-enditem|p2b: Dinner|Focus Sash\n|-damage|p2b: Dinner|1/100\n|\n|upkeep\n|\n|t:|1776506708\n|switch|p1b: Incineroar|Incineroar, L50, M|100/100\n|-ability|p1b: Incineroar|Intimidate|boost\n|-unboost|p2a: Milotic|atk|1\n|-ability|p2a: Milotic|Competitive|boost\n|-boost|p2a: Milotic|spa|2\n|-unboost|p2b: Dinner|atk|1\n|turn|2\n|j| grapplebeam\n|j| fulimba\n|\n|t:|1776506727\n|switch|p2b: Glimmora|Glimmora, L50, F, shiny|100/100\n|move|p2a: Milotic|Protect|p2a: Milotic\n|-singleturn|p2a: Milotic|Protect\n|move|p1b: Incineroar|Fake Out|p2a: Milotic\n|-activate|p2a: Milotic|move: Protect\n|move|p1a: Rotom|Thunderbolt|p2a: Milotic\n|-activate|p2a: Milotic|move: Protect\n|\n|upkeep\n|turn|3\n|j| jasonrfry\n|\n|t:|1776506742\n|detailschange|p2b: Glimmora|Glimmora-Mega, L50, F, shiny\n|-mega|p2b: Glimmora|Glimmora|Glimmoranite\n|move|p1a: Rotom|Protect|p1a: Rotom\n|-singleturn|p1a: Rotom|Protect\n|move|p2b: Glimmora|Sludge Bomb|p1a: Rotom\n|-activate|p1a: Rotom|move: Protect\n|move|p2a: Milotic|Scald|p1b: Incineroar\n|-supereffective|p1b: Incineroar|1\n|-damage|p1b: Incineroar|0 fnt\n|faint|p1b: Incineroar\n|\n|upkeep\n|\n|t:|1776506750\n|switch|p1b: Aegislash|Aegislash, L50, F|100/100\n|turn|4\n|\n|t:|1776506762\n|move|p2b: Glimmora|Sludge Bomb|p1a: Rotom\n|-damage|p1a: Rotom|16/100\n|-status|p1a: Rotom|psn\n|-enditem|p1a: Rotom|Sitrus Berry|[eat]\n|-heal|p1a: Rotom|41/100 psn|[from] item: Sitrus Berry\n|move|p2a: Milotic|Scald|p1a: Rotom\n|-resisted|p1a: Rotom|1\n|-damage|p1a: Rotom|3/100 psn\n|move|p1a: Rotom|Thunderbolt|p2a: Milotic\n|-supereffective|p2a: Milotic|1\n|-damage|p2a: Milotic|42/100\n|-formechange|p1b: Aegislash|Aegislash-Blade|\n|move|p1b: Aegislash|Iron Head|p2b: Glimmora\n|-supereffective|p2b: Glimmora|1\n|-damage|p2b: Glimmora|0 fnt\n|faint|p2b: Glimmora\n|\n|-damage|p1a: Rotom|0 fnt|[from] psn\n|faint|p1a: Rotom\n|-sideend|p2: Master M-rada|move: Tailwind\n|upkeep\n|\n|t:|1776506783\n|switch|p2b: Basculegend|Basculegion, L50, M|100/100\n|turn|5\n|\n|t:|1776506791\n|-formechange|p1b: Aegislash|Aegislash|\n|move|p1b: Aegislash|King's Shield|p1b: Aegislash\n|-singleturn|p1b: Aegislash|Protect\n|move|p2b: Basculegend|Last Respects|p1b: Aegislash\n|-activate|p1b: Aegislash|move: Protect\n|move|p2a: Milotic|Recover|p2a: Milotic\n|-heal|p2a: Milotic|92/100\n|\n|upkeep\n|turn|6\n|l| jasonrfry\n|\n|t:|1776506802\n|-formechange|p1b: Aegislash|Aegislash-Blade|\n|move|p1b: Aegislash|Shadow Sneak|p2b: Basculegend\n|-supereffective|p2b: Basculegend|1\n|-damage|p2b: Basculegend|24/100\n|move|p2b: Basculegend|Last Respects|p1b: Aegislash\n|-supereffective|p1b: Aegislash|1\n|-damage|p1b: Aegislash|0 fnt\n|faint|p1b: Aegislash\n|\n|win|Master M-rada\n|raw|3mms's rating: 1533 &rarr; <strong>1511</strong><br />(-22 for losing)\n|raw|Master M-rada's rating: 1497 &rarr; <strong>1519</strong><br />(+22 for winning)\n|l|\u26063mms\n|player|p1|\n",
  "uploadtime": 1776506817,
  "views": 54,
  "formatid": "gen9championsvgc2026regma",
  "rating": 1511,
  "private": 0,
  "password": null
}