{
  "id": "gen9championsvgc2026regma-2580862420",
  "format": "[Gen 9 Champions] VGC 2026 Reg M-A",
  "players": [
    "Jah_08",
    "hectorretaaa81"
  ],
  "log": "|j|\u2606Jah_08\n|j|\u2606hectorretaaa81\n|t:|1775938604\n|gametype|doubles\n|player|p1|Jah_08|2|1025\n|player|p2|hectorretaaa81|2|1108\n|gen|9\n|tier|[Gen 9 Champions] VGC 2026 Reg M-A\n|rated|\n|rule|Species Clause: Limit one of each Pok\u00e9mon\n|rule|Item Clause: Limit 1 of each item\n|clearpoke\n|poke|p1|Vanilluxe, L50, M|\n|poke|p1|Krookodile, L50, F|\n|poke|p1|Chandelure, L50, F|\n|poke|p1|Whimsicott, L50, M|\n|poke|p1|Conkeldurr, L50, M|\n|poke|p1|Zoroark-Hisui, L50, M|\n|poke|p2|Gardevoir, L50, M|\n|poke|p2|Charizard, L50, M|\n|poke|p2|Venusaur, L50, M|\n|poke|p2|Garchomp, L50, M|\n|poke|p2|Milotic, L50, M|\n|poke|p2|Incineroar, L50, F|\n|teampreview|4\n|\n|t:|1775938652\n|teamsize|p1|4\n|teamsize|p2|4\n|start\n|switch|p1a: Krookodile|Krookodile, L50, F|100/100\n|switch|p1b: Chandelure|Chandelure, L50, F|100/100\n|switch|p2a: Incineroar|Incineroar, L50, F|100/100\n|switch|p2b: Milotic|Milotic, L50, M|100/100\n|-ability|p2a: Incineroar|Intimidate|boost\n|-unboost|p1a: Krookodile|atk|1\n|-unboost|p1b: Chandelure|atk|1\n|turn|1\n|\n|t:|1775938678\n|move|p2a: Incineroar|Fake Out|p1a: Krookodile\n|-immune|p1a: Krookodile\n|move|p1b: Chandelure|Energy Ball|p2b: Milotic\n|-supereffective|p2b: Milotic|1\n|-damage|p2b: Milotic|48/100\n|-unboost|p2b: Milotic|spd|1\n|-ability|p2b: Milotic|Competitive|boost\n|-boost|p2b: Milotic|spa|2\n|move|p1a: Krookodile|Sludge Bomb|p2b: Milotic\n|-damage|p2b: Milotic|15/100\n|-status|p2b: Milotic|psn\n|move|p2b: Milotic|Scald|p1b: Chandelure\n|-supereffective|p1b: Chandelure|1\n|-damage|p1b: Chandelure|0 fnt\n|faint|p1b: Chandelure\n|\n|-heal|p2b: Milotic|21/100 psn|[from] item: Leftovers\n|-damage|p2b: Milotic|9/100 psn|[from] psn\n|upkeep\n|\n|t:|1775938719\n|switch|p1b: Conkeldurr|Conkeldurr, L50, M|100/100\n|turn|2\n|\n|t:|1775938734\n|move|p2b: Milotic|Protect|p2b: Milotic\n|-singleturn|p2b: Milotic|Protect\n|move|p1a: Krookodile|Sludge Bomb|p2b: Milotic\n|-activate|p2b: Milotic|move: Protect\n|move|p2a: Incineroar|Parting Shot|p1b: Conkeldurr\n|-unboost|p1b: Conkeldurr|atk|1\n|-unboost|p1b: Conkeldurr|spa|1\n|\n|t:|1775938740\n|switch|p2a: Charizard|Charizard, L50, M|100/100|[from] Parting Shot\n|move|p1b: Conkeldurr|Drain Punch|p2a: Charizard\n|-resisted|p2a: Charizard|1\n|-damage|p2a: Charizard|78/100\n|\n|-heal|p2b: Milotic|15/100 psn|[from] item: Leftovers\n|-damage|p2b: Milotic|2/100 psn|[from] psn\n|upkeep\n|turn|3\n|\n|t:|1775938759\n|move|p2a: Charizard|Protect|p2a: Charizard\n|-singleturn|p2a: Charizard|Protect\n|move|p1a: Krookodile|Icy Wind|p2a: Charizard|[spread] p2b\n|-activate|p2a: Charizard|move: Protect\n|-resisted|p2b: Milotic|1\n|-damage|p2b: Milotic|0 fnt\n|faint|p2b: Milotic\n|move|p1b: Conkeldurr|Thunder Punch|p2a: Charizard\n|-activate|p2a: Charizard|move: Protect\n|\n|upkeep\n|\n|t:|1775938768\n|switch|p2b: Venusaur|Venusaur, L50, M|100/100\n|turn|4\n|\n|t:|1775938782\n|detailschange|p2a: Charizard|Charizard-Mega-Y, L50, M\n|-mega|p2a: Charizard|Charizard|Charizardite Y\n|-weather|SunnyDay|[from] ability: Drought|[of] p2a: Charizard\n|move|p2b: Venusaur|Leaf Storm|p1a: Krookodile\n|-crit|p1a: Krookodile\n|-enditem|p1a: Krookodile|Focus Sash\n|-damage|p1a: Krookodile|1/100\n|-unboost|p2b: Venusaur|spa|2\n|replace|p1a: Zoroark|Zoroark-Hisui, L50, M\n|-end|p1a: Zoroark|Illusion\n|move|p1a: Zoroark|Icy Wind|p2a: Charizard|[spread] p2a,p2b\n|-supereffective|p2b: Venusaur|1\n|-damage|p2a: Charizard|62/100\n|-damage|p2b: Venusaur|65/100\n|-unboost|p2a: Charizard|spe|1\n|-unboost|p2b: Venusaur|spe|1\n|move|p2a: Charizard|Heat Wave|p1a: Zoroark|[spread] p1a,p1b\n|-crit|p1a: Zoroark\n|-damage|p1a: Zoroark|0 fnt\n|-damage|p1b: Conkeldurr|24/100\n|faint|p1a: Zoroark\n|move|p1b: Conkeldurr|Thunder Punch|p2a: Charizard\n|-supereffective|p2a: Charizard|1\n|-damage|p2a: Charizard|0 fnt\n|faint|p2a: Charizard\n|\n|-weather|SunnyDay|[upkeep]\n|upkeep\n|\n|t:|1775938807\n|switch|p1a: Krookodile|Krookodile, L50, F|100/100\n|switch|p2a: Incineroar|Incineroar, L50, F|100/100\n|-ability|p1a: Krookodile|Intimidate|boost\n|-unboost|p2a: Incineroar|atk|1\n|-unboost|p2b: Venusaur|atk|1\n|-ability|p2a: Incineroar|Intimidate|boost\n|-unboost|p1a: Krookodile|atk|1\n|-unboost|p1b: Conkeldurr|atk|1\n|-enditem|p1a: Krookodile|White Herb\n|-clearnegativeboost|p1a: Krookodile|[silent]\n|turn|5\n|\n|t:|1775938832\n|move|p1a: Krookodile|Protect|p1a: Krookodile\n|-singleturn|p1a: Krookodile|Protect\n|move|p2a: Incineroar|Fake Out|p1a: Krookodile\n|-activate|p1a: Krookodile|move: Protect\n|move|p2b: Venusaur|Sludge Bomb|p1b: Conkeldurr\n|-damage|p1b: Conkeldurr|3/100\n|-status|p1b: Conkeldurr|psn\n|-enditem|p1b: Conkeldurr|Lum Berry|[eat]\n|-curestatus|p1b: Conkeldurr|psn|[msg]\n|move|p1b: Conkeldurr|Drain Punch|p2a: Incineroar\n|-supereffective|p2a: Incineroar|1\n|-damage|p2a: Incineroar|46/100\n|-heal|p1b: Conkeldurr|29/100|[from] drain|[of] p2a: Incineroar\n|-enditem|p2a: Incineroar|Sitrus Berry|[eat]\n|-heal|p2a: Incineroar|71/100|[from] item: Sitrus Berry\n|\n|-weather|SunnyDay|[upkeep]\n|upkeep\n|turn|6\n|\n|t:|1775938861\n|move|p2b: Venusaur|Sleep Powder|p1a: Krookodile|[miss]\n|-miss|p2b: Venusaur|p1a: Krookodile\n|move|p1a: Krookodile|Earthquake|p2b: Venusaur|[spread] p1b,p2a,p2b\n|-crit|p1b: Conkeldurr\n|-supereffective|p2a: Incineroar|1\n|-damage|p1b: Conkeldurr|0 fnt\n|-damage|p2a: Incineroar|0 fnt\n|-damage|p2b: Venusaur|13/100\n|faint|p1b: Conkeldurr\n|faint|p2a: Incineroar\n|\n|-weather|SunnyDay|[upkeep]\n|upkeep\n|turn|7\n|\n|t:|1775938875\n|move|p1a: Krookodile|Protect|p1a: Krookodile\n|-singleturn|p1a: Krookodile|Protect\n|move|p2b: Venusaur|Leaf Storm|p1a: Krookodile\n|-activate|p1a: Krookodile|move: Protect\n|\n|-weather|SunnyDay|[upkeep]\n|upkeep\n|turn|8\n|\n|t:|1775938884\n|move|p2b: Venusaur|Leaf Storm|p1a: Krookodile\n|-supereffective|p1a: Krookodile|1\n|-damage|p1a: Krookodile|15/100\n|-unboost|p2b: Venusaur|spa|2\n|move|p1a: Krookodile|Earthquake|p2b: Venusaur\n|-damage|p2b: Venusaur|0 fnt\n|faint|p2b: Venusaur\n|\n|win|Jah_08\n|raw|Jah_08's rating: 1025 &rarr; <strong>1070</strong><br />(+45 for winning)\n|raw|hectorretaaa81's rating: 1108 &rarr; <strong>1077</strong><br />(-31 for losing)\n|l|\u2606hectorretaaa81\n|player|p2|\n",
  "uploadtime": 1775938894,
  "views": 19,
  "formatid": "gen9championsvgc2026regma",
  "rating": 1070,
  "private": 0,
  "password": null
}