{
  "id": "gen9championsvgc2026regma-2583948175",
  "format": "[Gen 9 Champions] VGC 2026 Reg M-A",
  "players": [
    "mayomamainsk",
    "SimMikaze"
  ],
  "log": "|j|\u2606mayomamainsk\n|j|\u2606SimMikaze\n|t:|1776210866\n|gametype|doubles\n|player|p1|mayomamainsk|roxie|1285\n|player|p2|SimMikaze|miku-ghost|1245\n|gen|9\n|tier|[Gen 9 Champions] VGC 2026 Reg M-A\n|rated|\n|rule|Species Clause: Limit one of each Pok\u00e9mon\n|rule|Item Clause: Limit 1 of each item\n|clearpoke\n|poke|p1|Lucario, L50, F|\n|poke|p1|Tsareena, L50, F|\n|poke|p1|Raichu-Alola, L50, F|\n|poke|p1|Chimecho, L50, M|\n|poke|p1|Pelipper, L50, F|\n|poke|p1|Basculegion, L50, M|\n|poke|p2|Gengar, L50, M|\n|poke|p2|Incineroar, L50, M|\n|poke|p2|Maushold, L50|\n|poke|p2|Sinistcha, L50|\n|poke|p2|Whimsicott, L50, M|\n|poke|p2|Kommo-o, L50, F|\n|teampreview|4\n|inactive|Battle timer is ON: inactive players will automatically lose when time's up. (requested by mayomamainsk)\n|inactive|mayomamainsk has 60 seconds left.\n|\n|t:|1776210913\n|teamsize|p1|4\n|teamsize|p2|4\n|start\n|switch|p1a: Chimecho|Chimecho, L50, M|100/100\n|switch|p1b: Pelipper|Pelipper, L50, F|100/100\n|switch|p2a: Gengar|Gengar, L50, M, shiny|100/100\n|switch|p2b: Maushold|Maushold, L50|100/100\n|-weather|RainDance|[from] ability: Drizzle|[of] p1b: Pelipper\n|turn|1\n|\n|t:|1776210938\n|detailschange|p2a: Gengar|Gengar-Mega, L50, M, shiny\n|-mega|p2a: Gengar|Gengar|Gengarite\n|detailschange|p1a: Chimecho|Chimecho-Mega, L50, M\n|-mega|p1a: Chimecho|Chimecho|Chimechite\n|move|p2b: Maushold|Follow Me|p2b: Maushold\n|-singleturn|p2b: Maushold|move: Follow Me\n|move|p2a: Gengar|Perish Song|p2a: Gengar\n|-start|p1a: Chimecho|perish3|[silent]\n|-start|p1b: Pelipper|perish3|[silent]\n|-start|p2a: Gengar|perish3|[silent]\n|-start|p2b: Maushold|perish3|[silent]\n|-fieldactivate|move: Perish Song\n|move|p1b: Pelipper|Tailwind|p1b: Pelipper\n|-sidestart|p1: mayomamainsk|move: Tailwind\n|move|p1a: Chimecho|Psyshock|p2b: Maushold\n|-damage|p2b: Maushold|55/100\n|\n|-weather|RainDance|[upkeep]\n|-start|p2a: Gengar|perish3\n|-start|p1b: Pelipper|perish3\n|-start|p2b: Maushold|perish3\n|-start|p1a: Chimecho|perish3\n|upkeep\n|turn|2\n|\n|t:|1776210958\n|move|p2a: Gengar|Protect|p2a: Gengar\n|-singleturn|p2a: Gengar|Protect\n|move|p2b: Maushold|Protect|p2b: Maushold\n|-singleturn|p2b: Maushold|Protect\n|move|p1b: Pelipper|Hurricane|p2b: Maushold\n|-activate|p2b: Maushold|move: Protect\n|move|p1a: Chimecho|Psyshock|p2b: Maushold\n|-activate|p2b: Maushold|move: Protect\n|\n|-weather|RainDance|[upkeep]\n|-start|p2a: Gengar|perish2\n|-start|p1b: Pelipper|perish2\n|-start|p2b: Maushold|perish2\n|-start|p1a: Chimecho|perish2\n|upkeep\n|turn|3\n|\n|t:|1776210969\n|move|p2b: Maushold|Follow Me|p2b: Maushold\n|-singleturn|p2b: Maushold|move: Follow Me\n|move|p2a: Gengar|Substitute|p2a: Gengar\n|-start|p2a: Gengar|Substitute\n|-damage|p2a: Gengar|76/100\n|move|p1b: Pelipper|Hurricane|p2b: Maushold\n|-damage|p2b: Maushold|0 fnt\n|faint|p2b: Maushold\n|move|p1a: Chimecho|Psyshock|p2a: Gengar\n|-supereffective|p2a: Gengar|1\n|-crit|p2a: Gengar\n|-end|p2a: Gengar|Substitute\n|\n|-weather|RainDance|[upkeep]\n|-start|p2a: Gengar|perish1\n|-start|p1b: Pelipper|perish1\n|-start|p1a: Chimecho|perish1\n|upkeep\n|\n|t:|1776210984\n|switch|p2b: Sinistcha|Sinistcha, L50, shiny|100/100\n|-heal|p2a: Gengar|100/100|[from] ability: Hospitality|[of] p2b: Sinistcha\n|turn|4\n|inactive|mayomamainsk has 30 seconds left.\n|\n|t:|1776211011\n|switch|p2a: Whimsicott|Whimsicott, L50, M|100/100\n|move|p2b: Sinistcha|Protect|p2b: Sinistcha\n|-singleturn|p2b: Sinistcha|Protect\n|move|p1b: Pelipper|Hurricane|p2b: Sinistcha\n|-activate|p2b: Sinistcha|move: Protect\n|move|p1a: Chimecho|Trick Room|p1a: Chimecho\n|-fieldstart|move: Trick Room|[of] p1a: Chimecho\n|\n|-weather|RainDance|[upkeep]\n|-start|p1a: Chimecho|perish0\n|-start|p1b: Pelipper|perish0\n|-sideend|p1: mayomamainsk|move: Tailwind\n|faint|p1a: Chimecho\n|faint|p1b: Pelipper\n|upkeep\n|\n|t:|1776211017\n|switch|p1a: Basculegion|Basculegion, L50, M|100/100\n|switch|p1b: Tsareena|Tsareena, L50, F|100/100\n|turn|5\n|\n|t:|1776211034\n|move|p2a: Whimsicott|Fake Tears||[still]\n|cant|p1b: Tsareena|ability: Queenly Majesty|Fake Tears|[of] p2a: Whimsicott\n|move|p2b: Sinistcha|Matcha Gotcha|p1b: Tsareena|[spread] p1a,p1b\n|-supereffective|p1a: Basculegion|1\n|-resisted|p1b: Tsareena|1\n|-damage|p1a: Basculegion|42/100\n|-damage|p1b: Tsareena|87/100\n|move|p1b: Tsareena|Triple Axel|p2a: Whimsicott\n|-supereffective|p2a: Whimsicott|1\n|-damage|p2a: Whimsicott|87/100\n|-supereffective|p2a: Whimsicott|1\n|-damage|p2a: Whimsicott|62/100\n|-supereffective|p2a: Whimsicott|1\n|-damage|p2a: Whimsicott|24/100\n|-hitcount|p2a: Whimsicott|3\n|move|p1a: Basculegion|Last Respects|p2b: Sinistcha\n|-supereffective|p2b: Sinistcha|1\n|-damage|p2b: Sinistcha|0 fnt\n|faint|p2b: Sinistcha\n|\n|-weather|none\n|upkeep\n|\n|t:|1776211037\n|switch|p2b: Gengar|Gengar-Mega, L50, M, shiny|100/100\n|turn|6\n|inactive|SimMikaze has 30 seconds left.\n|\n|t:|1776211067\n|move|p2a: Whimsicott|Protect|p2a: Whimsicott\n|-singleturn|p2a: Whimsicott|Protect\n|move|p1a: Basculegion|Aqua Jet|p2a: Whimsicott\n|-activate|p2a: Whimsicott|move: Protect\n|move|p1b: Tsareena|Zen Headbutt|p2b: Gengar\n|-supereffective|p2b: Gengar|1\n|-damage|p2b: Gengar|24/100\n|move|p2b: Gengar|Shadow Ball|p1a: Basculegion\n|-supereffective|p1a: Basculegion|1\n|-damage|p1a: Basculegion|0 fnt\n|faint|p1a: Basculegion\n|\n|upkeep\n|turn|7\n|inactive|SimMikaze has 30 seconds left.\n|\n|t:|1776211098\n|move|p2a: Whimsicott|Protect||[still]\n|-fail|p2a: Whimsicott\n|move|p2b: Gengar|Protect|p2b: Gengar\n|-singleturn|p2b: Gengar|Protect\n|move|p1b: Tsareena|Zen Headbutt|p2b: Gengar\n|-activate|p2b: Gengar|move: Protect\n|\n|upkeep\n|turn|8\n|\n|t:|1776211116\n|move|p2a: Whimsicott|Protect|p2a: Whimsicott\n|-singleturn|p2a: Whimsicott|Protect\n|move|p2b: Gengar|Protect||[still]\n|-fail|p2b: Gengar\n|move|p1b: Tsareena|Zen Headbutt|p2b: Gengar\n|-supereffective|p2b: Gengar|1\n|-damage|p2b: Gengar|0 fnt\n|faint|p2b: Gengar\n|\n|-fieldend|move: Trick Room\n|upkeep\n|turn|9\n|-message|SimMikaze forfeited.\n|\n|win|mayomamainsk\n|raw|mayomamainsk's rating: 1285 &rarr; <strong>1307</strong><br />(+22 for winning)\n|raw|SimMikaze's rating: 1245 &rarr; <strong>1223</strong><br />(-22 for losing)\n",
  "uploadtime": 1776211128,
  "views": 32,
  "formatid": "gen9championsvgc2026regma",
  "rating": 1223,
  "private": 0,
  "password": null
}