{
  "id": "gen9championsvgc2026regma-2581471461",
  "format": "[Gen 9 Champions] VGC 2026 Reg M-A",
  "players": [
    "Braute",
    "dripinspector"
  ],
  "log": "|j|\u2606Braute\n|j|\u2606dripinspector\n|t:|1776003606\n|gametype|doubles\n|player|p1|Braute|miku-fire|1116\n|player|p2|dripinspector|miku-grass|1080\n|gen|9\n|tier|[Gen 9 Champions] VGC 2026 Reg M-A\n|rated|\n|rule|Species Clause: Limit one of each Pok\u00e9mon\n|rule|Item Clause: Limit 1 of each item\n|clearpoke\n|poke|p1|Beedrill, L50, F|\n|poke|p1|Incineroar, L50, M|\n|poke|p1|Talonflame, L50, M|\n|poke|p1|Kingambit, L50, F|\n|poke|p1|Tyranitar, L50, M|\n|poke|p1|Excadrill, L50, M|\n|poke|p2|Meganium, L50, F|\n|poke|p2|Pelipper, L50, M|\n|poke|p2|Archaludon, L50, M|\n|poke|p2|Orthworm, L50, F|\n|poke|p2|Incineroar, L50, M|\n|poke|p2|Rotom-Wash, L50|\n|teampreview|4\n|inactive|Battle timer is ON: inactive players will automatically lose when time's up. (requested by dripinspector)\n|inactive|Braute also wants the timer to be on.\n|\n|t:|1776003629\n|teamsize|p1|4\n|teamsize|p2|4\n|start\n|switch|p1a: Tyranitar|Tyranitar, L50, M|100/100\n|switch|p1b: Excadrill|Excadrill, L50, M|100/100\n|switch|p2a: Meganium|Meganium, L50, F|100/100\n|switch|p2b: Pelipper|Pelipper, L50, M|100/100\n|-weather|Sandstorm|[from] ability: Sand Stream|[of] p1a: Tyranitar\n|-weather|RainDance|[from] ability: Drizzle|[of] p2b: Pelipper\n|turn|1\n|inactive|dripinspector has 30 seconds left.\n|inactive|dripinspector has 20 seconds left.\n|\n|t:|1776003666\n|detailschange|p2a: Meganium|Meganium-Mega, L50, F\n|-mega|p2a: Meganium|Meganium|Meganiumite\n|detailschange|p1a: Tyranitar|Tyranitar-Mega, L50, M\n|-mega|p1a: Tyranitar|Tyranitar|Tyranitarite\n|-weather|Sandstorm|[from] ability: Sand Stream|[of] p1a: Tyranitar\n|move|p1b: Excadrill|Iron Head|p2a: Meganium\n|-supereffective|p2a: Meganium|1\n|-damage|p2a: Meganium|8/100\n|move|p2a: Meganium|Weather Ball|p1b: Excadrill\n|-supereffective|p1b: Excadrill|1\n|-enditem|p1b: Excadrill|Focus Sash\n|-damage|p1b: Excadrill|1/100\n|move|p1a: Tyranitar|Rock Slide|p2b: Pelipper|[spread] p2a,p2b\n|-supereffective|p2b: Pelipper|1\n|-damage|p2a: Meganium|0 fnt\n|-damage|p2b: Pelipper|42/100\n|faint|p2a: Meganium\n|move|p2b: Pelipper|Tailwind|p2b: Pelipper\n|-sidestart|p2: dripinspector|move: Tailwind\n|\n|-weather|Sandstorm|[upkeep]\n|-damage|p2b: Pelipper|36/100|[from] Sandstorm\n|upkeep\n|\n|t:|1776003670\n|switch|p2a: Rotom|Rotom-Wash, L50|100/100\n|turn|2\n|inactive|Braute has 30 seconds left.\n|inactive|dripinspector has 30 seconds left.\n|inactive|dripinspector has 20 seconds left.\n|inactive|dripinspector has 15 seconds left.\n|inactive|dripinspector has 10 seconds left.\n|\n|t:|1776003720\n|move|p2a: Rotom|Dark Pulse|p1b: Excadrill\n|-damage|p1b: Excadrill|0 fnt\n|faint|p1b: Excadrill\n|move|p2b: Pelipper|Weather Ball|p1a: Tyranitar\n|-damage|p1a: Tyranitar|87/100\n|move|p1a: Tyranitar|Knock Off|p2a: Rotom\n|-damage|p2a: Rotom|18/100\n|-enditem|p2a: Rotom|Choice Scarf|[from] move: Knock Off|[of] p1a: Tyranitar\n|\n|-weather|Sandstorm|[upkeep]\n|-damage|p2a: Rotom|12/100|[from] Sandstorm\n|-damage|p2b: Pelipper|30/100|[from] Sandstorm\n|upkeep\n|\n|t:|1776003736\n|switch|p1b: Talonflame|Talonflame, L50, M|100/100\n|turn|3\n|\n|t:|1776003743\n|move|p1b: Talonflame|Tailwind|p1b: Talonflame\n|-sidestart|p1: Braute|move: Tailwind\n|move|p2a: Rotom|Thunderbolt|p1b: Talonflame\n|-supereffective|p1b: Talonflame|1\n|-damage|p1b: Talonflame|0 fnt\n|faint|p1b: Talonflame\n|move|p1a: Tyranitar|Rock Slide|p2b: Pelipper|[spread] p2b\n|-miss|p1a: Tyranitar|p2a: Rotom\n|-supereffective|p2b: Pelipper|1\n|-damage|p2b: Pelipper|0 fnt\n|faint|p2b: Pelipper\n|\n|-weather|Sandstorm|[upkeep]\n|-damage|p2a: Rotom|7/100|[from] Sandstorm\n|upkeep\n|\n|t:|1776003751\n|switch|p1b: Kingambit|Kingambit, L50, F, shiny|100/100\n|switch|p2b: Incineroar|Incineroar, L50, M|100/100\n|-ability|p2b: Incineroar|Intimidate|boost\n|-unboost|p1a: Tyranitar|atk|1\n|-unboost|p1b: Kingambit|atk|1\n|-ability|p1b: Kingambit|Defiant|boost\n|-boost|p1b: Kingambit|atk|2\n|turn|4\n|\n|t:|1776003771\n|move|p1a: Tyranitar|Protect|p1a: Tyranitar\n|-singleturn|p1a: Tyranitar|Protect\n|move|p1b: Kingambit|Protect|p1b: Kingambit\n|-singleturn|p1b: Kingambit|Protect\n|move|p2b: Incineroar|Fake Out|p1a: Tyranitar\n|-activate|p1a: Tyranitar|move: Protect\n|move|p2a: Rotom|Thunderbolt|p1a: Tyranitar\n|-activate|p1a: Tyranitar|move: Protect\n|\n|-weather|Sandstorm|[upkeep]\n|-damage|p2a: Rotom|1/100|[from] Sandstorm\n|-damage|p2b: Incineroar|95/100|[from] Sandstorm\n|-sideend|p2: dripinspector|move: Tailwind\n|upkeep\n|turn|5\n|\n|t:|1776003785\n|move|p1a: Tyranitar|Knock Off|p2a: Rotom\n|-damage|p2a: Rotom|0 fnt\n|faint|p2a: Rotom\n|move|p1b: Kingambit|Low Kick|p2b: Incineroar\n|-supereffective|p2b: Incineroar|1\n|-damage|p2b: Incineroar|0 fnt\n|faint|p2b: Incineroar\n|\n|win|Braute\n|raw|Braute's rating: 1116 &rarr; <strong>1138</strong><br />(+22 for winning)\n|raw|dripinspector's rating: 1080 &rarr; <strong>1060</strong><br />(-20 for losing)\n",
  "uploadtime": 1776003785,
  "views": 38,
  "formatid": "gen9championsvgc2026regma",
  "rating": 1060,
  "private": 0,
  "password": null
}