{
  "id": "gen9championsvgc2026regma-2588471789",
  "format": "[Gen 9 Champions] VGC 2026 Reg M-A",
  "players": [
    "jonathan53332",
    "iamjalenhh"
  ],
  "log": "|j|\u2606jonathan53332\n|j|\u2606iamjalenhh\n|html|<table width=\"100%\"><tr><td align=\"left\">jonathan53332</td><td align=\"right\">iamjalenhh</tr><tr><td align=\"left\"><i class=\"fa fa-circle-o\"></i> <i class=\"fa fa-circle-o\"></i> </td><td align=\"right\"><i class=\"fa fa-circle-o\"></i> <i class=\"fa fa-circle-o\"></i> </tr></table>\n|uhtml|bestof|<h2><strong>Game 1</strong> of <a href=\"/game-bestof3-gen9championsvgc2026regma-2588471788\">a best-of-3</a></h2>\n|t:|1776636520\n|gametype|doubles\n|player|p1|jonathan53332|102|\n|player|p2|iamjalenhh|1|\n|gen|9\n|tier|[Gen 9 Champions] VGC 2026 Reg M-A\n|rule|Species Clause: Limit one of each Pok\u00e9mon\n|rule|Item Clause: Limit 1 of each item\n|raw|<div class=\"infobox\"><details class=\"readmore\" open><summary><strong>1 custom rule:</strong></summary> Best of = 3</details></div>\n|clearpoke\n|poke|p1|Meganium, L50, M, shiny|\n|poke|p1|Pelipper, L50, M|\n|poke|p1|Primarina, L50, F|\n|poke|p1|Sinistcha-Masterpiece, L50, shiny|\n|poke|p1|Archaludon, L50, M, shiny|\n|poke|p1|Empoleon, L50, M|\n|poke|p2|Incineroar, L50, F, shiny|\n|poke|p2|Scovillain, L50, F, shiny|\n|poke|p2|Meganium, L50, M, shiny|\n|poke|p2|Torkoal, L50, F, shiny|\n|poke|p2|Armarouge, L50, M, shiny|\n|poke|p2|Maushold-Four, L50, shiny|\n|teampreview|4\n|l|\u2606jonathan53332\n|player|p1|\n|j|\u2606jonathan53332\n|player|p1|jonathan53332|102|\n|\n|t:|1776636579\n|teamsize|p1|4\n|teamsize|p2|4\n|start\n|switch|p1a: Primarina|Primarina, L50, F|100/100\n|switch|p1b: Empoleon|Empoleon, L50, M|100/100\n|switch|p2a: Incineroar|Incineroar, L50, F, shiny|100/100\n|switch|p2b: Maushold|Maushold-Four, L50, shiny|100/100\n|-ability|p2a: Incineroar|Intimidate|boost\n|-unboost|p1a: Primarina|atk|1\n|-unboost|p1b: Empoleon|atk|1\n|-ability|p1b: Empoleon|Competitive|boost\n|-boost|p1b: Empoleon|spa|2\n|turn|1\n|\n|t:|1776636633\n|switch|p1a: Pelipper|Pelipper, L50, M|100/100\n|-weather|RainDance|[from] ability: Drizzle|[of] p1a: Pelipper\n|move|p1b: Empoleon|Vacuum Wave|p2b: Maushold\n|-supereffective|p2b: Maushold|1\n|-damage|p2b: Maushold|12/100\n|move|p2b: Maushold|Population Bomb|p1b: Empoleon\n|-resisted|p1b: Empoleon|1\n|-damage|p1b: Empoleon|94/100\n|-resisted|p1b: Empoleon|1\n|-damage|p1b: Empoleon|88/100\n|-resisted|p1b: Empoleon|1\n|-damage|p1b: Empoleon|81/100\n|-resisted|p1b: Empoleon|1\n|-damage|p1b: Empoleon|75/100\n|-resisted|p1b: Empoleon|1\n|-damage|p1b: Empoleon|69/100\n|-resisted|p1b: Empoleon|1\n|-damage|p1b: Empoleon|63/100\n|-resisted|p1b: Empoleon|1\n|-damage|p1b: Empoleon|57/100\n|-resisted|p1b: Empoleon|1\n|-damage|p1b: Empoleon|51/100\n|-resisted|p1b: Empoleon|1\n|-damage|p1b: Empoleon|44/100\n|-hitcount|p1b: Empoleon|9\n|move|p2a: Incineroar|Flare Blitz|p1b: Empoleon\n|-damage|p1b: Empoleon|21/100\n|-damage|p2a: Incineroar|92/100|[from] Recoil\n|\n|-weather|RainDance|[upkeep]\n|upkeep\n|turn|2\n|\n|t:|1776636682\n|switch|p2b: Meganium|Meganium, L50, M, shiny|100/100\n|move|p2a: Incineroar|Protect|p2a: Incineroar\n|-singleturn|p2a: Incineroar|Protect\n|move|p1b: Empoleon|Vacuum Wave|p2b: Meganium\n|-damage|p2b: Meganium|77/100\n|move|p1a: Pelipper|Tailwind|p1a: Pelipper\n|-sidestart|p1: jonathan53332|move: Tailwind\n|\n|-weather|RainDance|[upkeep]\n|upkeep\n|turn|3\n|\n|t:|1776636706\n|detailschange|p2b: Meganium|Meganium-Mega, L50, M, shiny\n|-mega|p2b: Meganium|Meganium|Meganiumite\n|move|p2a: Incineroar|Helping Hand|p2b: Meganium\n|-singleturn|p2b: Meganium|Helping Hand|[of] p2a: Incineroar\n|move|p1b: Empoleon|Vacuum Wave|p2a: Incineroar\n|-supereffective|p2a: Incineroar|1\n|-damage|p2a: Incineroar|38/100\n|-enditem|p2a: Incineroar|Sitrus Berry|[eat]\n|-heal|p2a: Incineroar|63/100|[from] item: Sitrus Berry\n|move|p1a: Pelipper|Icy Wind|p2a: Incineroar|[spread] p2a,p2b\n|-resisted|p2a: Incineroar|1\n|-supereffective|p2b: Meganium|1\n|-damage|p2a: Incineroar|57/100\n|-damage|p2b: Meganium|55/100\n|-unboost|p2a: Incineroar|spe|1\n|-unboost|p2b: Meganium|spe|1\n|move|p2b: Meganium|Dazzling Gleam|p1b: Empoleon|[spread] p1a,p1b\n|-resisted|p1b: Empoleon|1\n|-damage|p1a: Pelipper|20/100\n|-damage|p1b: Empoleon|0 fnt\n|faint|p1b: Empoleon\n|\n|-weather|RainDance|[upkeep]\n|upkeep\n|\n|t:|1776636723\n|switch|p1b: Meganium|Meganium, L50, M, shiny|100/100\n|turn|4\n|\n|t:|1776636735\n|move|p2a: Incineroar|Helping Hand|p2b: Meganium\n|-singleturn|p2b: Meganium|Helping Hand|[of] p2a: Incineroar\n|move|p1b: Meganium|Weather Ball|p2a: Incineroar\n|-supereffective|p2a: Incineroar|1\n|-damage|p2a: Incineroar|0 fnt\n|faint|p2a: Incineroar\n|move|p1a: Pelipper|Hurricane|p2b: Meganium\n|-supereffective|p2b: Meganium|1\n|-damage|p2b: Meganium|0 fnt\n|faint|p2b: Meganium\n|\n|-weather|RainDance|[upkeep]\n|upkeep\n|\n|t:|1776636746\n|switch|p2b: Armarouge|Armarouge, L50, M, shiny|100/100\n|switch|p2a: Maushold|Maushold-Four, L50, shiny|12/100\n|turn|5\n|\n|t:|1776636760\n|move|p1b: Meganium|Weather Ball|p2b: Armarouge\n|-supereffective|p2b: Armarouge|1\n|-damage|p2b: Armarouge|0 fnt\n|faint|p2b: Armarouge\n|move|p1a: Pelipper|Icy Wind|p2a: Maushold\n|-damage|p2a: Maushold|0 fnt\n|faint|p2a: Maushold\n|\n|win|jonathan53332\n",
  "uploadtime": 1776636764,
  "views": 6,
  "formatid": "gen9championsvgc2026regma",
  "rating": null,
  "private": 0,
  "password": null
}