{
  "id": "gen9championsvgc2026regma-2582077368",
  "format": "[Gen 9 Champions] VGC 2026 Reg M-A",
  "players": [
    "clammer9",
    "brunoeuw"
  ],
  "log": "|j|\u2606clammer9\n|j|\u2606brunoeuw\n|t:|1776055033\n|gametype|doubles\n|player|p1|clammer9|101|1035\n|player|p2|brunoeuw|1|1077\n|gen|9\n|tier|[Gen 9 Champions] VGC 2026 Reg M-A\n|rated|\n|rule|Species Clause: Limit one of each Pok\u00e9mon\n|rule|Item Clause: Limit 1 of each item\n|clearpoke\n|poke|p1|Lucario, L50, F|\n|poke|p1|Incineroar, L50, M|\n|poke|p1|Dragapult, L50, M|\n|poke|p1|Goodra, L50, F|\n|poke|p1|Araquanid, L50, M|\n|poke|p1|Medicham, L50, M|\n|poke|p2|Dragonite, L50, M|\n|poke|p2|Pelipper, L50, F|\n|poke|p2|Archaludon, L50, M|\n|poke|p2|Basculegion, L50, M|\n|poke|p2|Sinistcha, L50|\n|poke|p2|Incineroar, L50, F|\n|teampreview|4\nclammer9 has agreed to open team sheets.\n|\n|t:|1776055063\n|teamsize|p1|4\n|teamsize|p2|4\n|start\n|switch|p1a: Medicham|Medicham, L50, M|100/100\n|switch|p1b: Goodra|Goodra, L50, F|100/100\n|switch|p2a: Pelipper|Pelipper, L50, F|100/100\n|switch|p2b: Archaludon|Archaludon, L50, M|100/100\n|-weather|RainDance|[from] ability: Drizzle|[of] p2a: Pelipper\n|turn|1\n|\n|t:|1776055092\n|move|p2b: Archaludon|Protect|p2b: Archaludon\n|-singleturn|p2b: Archaludon|Protect\n|move|p1a: Medicham|Thunder Punch|p2a: Pelipper\n|-supereffective|p2a: Pelipper|2\n|-damage|p2a: Pelipper|3/100\n|move|p1b: Goodra|Sunny Day|p1b: Goodra\n|-weather|SunnyDay\n|move|p2a: Pelipper|Hurricane|p1a: Medicham\n|-supereffective|p1a: Medicham|1\n|-damage|p1a: Medicham|0 fnt\n|faint|p1a: Medicham\n|\n|-weather|SunnyDay|[upkeep]\n|upkeep\n|c|\u2606clammer9|aww\n|\n|t:|1776055107\n|switch|p1a: Dragapult|Dragapult, L50, M|100/100\n|turn|2\n|\n|t:|1776055111\n|switch|p2b: Sinistcha|Sinistcha, L50|100/100\n|-heal|p2a: Pelipper|28/100|[from] ability: Hospitality|[of] p2b: Sinistcha\n|move|p2a: Pelipper|Protect|p2a: Pelipper\n|-singleturn|p2a: Pelipper|Protect\n|move|p1a: Dragapult|Dragon Darts|p2b: Sinistcha\n|-damage|p2b: Sinistcha|80/100\n|-anim|p1a: Dragapult|Dragon Darts|p2b: Sinistcha\n|-damage|p2b: Sinistcha|61/100\n|move|p1b: Goodra|Flamethrower|p2b: Sinistcha\n|-supereffective|p2b: Sinistcha|1\n|-damage|p2b: Sinistcha|0 fnt\n|faint|p2b: Sinistcha\n|\n|-weather|SunnyDay|[upkeep]\n|upkeep\n|\n|t:|1776055127\n|switch|p2b: Dragonite|Dragonite, L50, M|100/100\n|turn|3\n|\n|t:|1776055147\n|switch|p2a: Archaludon|Archaludon, L50, M|100/100\n|move|p1a: Dragapult|Dragon Darts|p2b: Dragonite\n|-supereffective|p2b: Dragonite|1\n|-damage|p2b: Dragonite|75/100\n|-anim|p1a: Dragapult|Dragon Darts|p2a: Archaludon\n|-damage|p2a: Archaludon|82/100\n|-ability|p2a: Archaludon|Stamina|boost\n|-boost|p2a: Archaludon|def|1\n|move|p2b: Dragonite|Draco Meteor|p1a: Dragapult\n|-supereffective|p1a: Dragapult|1\n|-damage|p1a: Dragapult|0 fnt\n|-unboost|p2b: Dragonite|spa|2\n|faint|p1a: Dragapult\n|move|p1b: Goodra|Flamethrower|p2b: Dragonite\n|-resisted|p2b: Dragonite|1\n|-damage|p2b: Dragonite|55/100\n|\n|-weather|SunnyDay|[upkeep]\n|-heal|p2a: Archaludon|88/100|[from] item: Leftovers\n|upkeep\n|\n|t:|1776055164\n|switch|p1a: Araquanid|Araquanid, L50, M|100/100\n|turn|4\n|\n|t:|1776055190\n|detailschange|p2b: Dragonite|Dragonite-Mega, L50, M\n|-mega|p2b: Dragonite|Dragonite|Dragoninite\n|move|p1a: Araquanid|Wide Guard|p1a: Araquanid\n|-singleturn|p1a: Araquanid|Wide Guard\n|move|p2b: Dragonite|Draco Meteor|p1b: Goodra\n|-supereffective|p1b: Goodra|1\n|-damage|p1b: Goodra|57/100\n|-unboost|p2b: Dragonite|spa|2\n|move|p2a: Archaludon|Electro Shot||[still]\n|-prepare|p2a: Archaludon|Electro Shot\n|-boost|p2a: Archaludon|spa|1\n|move|p1b: Goodra|Flamethrower|p2a: Archaludon\n|-damage|p2a: Archaludon|54/100\n|-ability|p2a: Archaludon|Stamina|boost\n|-boost|p2a: Archaludon|def|1\n|\n|-weather|SunnyDay|[upkeep]\n|-heal|p2a: Archaludon|60/100|[from] item: Leftovers\n|upkeep\n|turn|5\n|\n|t:|1776055211\n|move|p1a: Araquanid|Protect||[still]\n|-fail|p1a: Araquanid\n|move|p2b: Dragonite|Draco Meteor|p1b: Goodra\n|-supereffective|p1b: Goodra|1\n|-damage|p1b: Goodra|26/100\n|-unboost|p2b: Dragonite|spa|2\n|move|p2a: Archaludon|Electro Shot|p1a: Araquanid|[from] lockedmove\n|-supereffective|p1a: Araquanid|1\n|-damage|p1a: Araquanid|17/100\n|move|p1b: Goodra|Flamethrower|p2a: Archaludon\n|-damage|p2a: Archaludon|22/100\n|-ability|p2a: Archaludon|Stamina|boost\n|-boost|p2a: Archaludon|def|1\n|\n|-weather|none\n|-heal|p2a: Archaludon|28/100|[from] item: Leftovers\n|upkeep\n|turn|6\n|\n|t:|1776055235\n|move|p2b: Dragonite|Hurricane|p1a: Araquanid\n|-supereffective|p1a: Araquanid|1\n|-damage|p1a: Araquanid|0 fnt\n|faint|p1a: Araquanid\n|move|p2a: Archaludon|Draco Meteor|p1b: Goodra\n|-supereffective|p1b: Goodra|1\n|-damage|p1b: Goodra|0 fnt\n|-unboost|p2a: Archaludon|spa|2\n|faint|p1b: Goodra\n|\n|win|brunoeuw\n|raw|clammer9's rating: 1035 &rarr; <strong>1022</strong><br />(-13 for losing)\n|raw|brunoeuw's rating: 1077 &rarr; <strong>1102</strong><br />(+25 for winning)\n|c|\u2606clammer9|gg\n",
  "uploadtime": 1776055245,
  "views": 9,
  "formatid": "gen9championsvgc2026regma",
  "rating": 1022,
  "private": 0,
  "password": null
}