{
  "id": "gen9championsvgc2026regma-2584822224",
  "format": "[Gen 9 Champions] VGC 2026 Reg M-A",
  "players": [
    "pshawnparks",
    "Hydro Misses"
  ],
  "log": "|j|\u2606pshawnparks\n|j|\u2606Hydro Misses\n|t:|1776286280\n|gametype|doubles\n|player|p1|pshawnparks|170|1235\n|player|p2|Hydro Misses|266|1219\n|gen|9\n|tier|[Gen 9 Champions] VGC 2026 Reg M-A\n|rated|\n|rule|Species Clause: Limit one of each Pok\u00e9mon\n|rule|Item Clause: Limit 1 of each item\n|clearpoke\n|poke|p1|Milotic, L50, F|\n|poke|p1|Kingambit, L50, M|\n|poke|p1|Pelipper, L50, M|\n|poke|p1|Basculegion, L50, M|\n|poke|p1|Starmie, L50|\n|poke|p1|Farigiraf, L50, M|\n|poke|p2|Alcremie, L50, F|\n|poke|p2|Sinistcha, L50|\n|poke|p2|Golurk, L50|\n|poke|p2|Kingambit, L50, M|\n|poke|p2|Floette-Eternal, L50, F|\n|poke|p2|Greninja-*, L50, M|\n|teampreview|4\n|inactive|Battle timer is ON: inactive players will automatically lose when time's up. (requested by Hydro Misses)\n|\n|t:|1776286321\n|teamsize|p1|4\n|teamsize|p2|4\n|start\n|switch|p1a: Pelipper|Pelipper, L50, M, shiny|100/100\n|switch|p1b: Basculegion|Basculegion, L50, M, shiny|100/100\n|switch|p2a: Floette|Floette-Eternal, L50, F|100/100\n|switch|p2b: Greninja|Greninja, L50, M|100/100\n|-weather|RainDance|[from] ability: Drizzle|[of] p1a: Pelipper\n|turn|1\n|\n|t:|1776286337\n|detailschange|p2a: Floette|Floette-Mega, L50, F\n|-mega|p2a: Floette|Floette|Floettite\n|-ability|p2a: Floette|Fairy Aura\n|move|p2b: Greninja|Icy Wind|p1b: Basculegion|[spread] p1a,p1b\n|-start|p2b: Greninja|typechange|Ice|[from] ability: Protean\n|-resisted|p1b: Basculegion|1\n|-damage|p1a: Pelipper|77/100\n|-damage|p1b: Basculegion|91/100\n|-unboost|p1a: Pelipper|spe|1\n|-unboost|p1b: Basculegion|spe|1\n|move|p2a: Floette|Dazzling Gleam|p1b: Basculegion|[spread] p1a,p1b\n|-damage|p1a: Pelipper|9/100\n|-damage|p1b: Basculegion|27/100\n|move|p1b: Basculegion|Flip Turn|p2a: Floette\n|-damage|p2a: Floette|32/100\n|\n|t:|1776286353\n|switch|p1b: Starmie|Starmie, L50|100/100|[from] Flip Turn\n|move|p1a: Pelipper|Tailwind|p1a: Pelipper\n|-sidestart|p1: pshawnparks|move: Tailwind\n|\n|-weather|RainDance|[upkeep]\n|upkeep\n|turn|2\n|\n|t:|1776286367\n|switch|p2a: Kingambit|Kingambit, L50, M|100/100\n|detailschange|p1b: Starmie|Starmie-Mega, L50\n|-mega|p1b: Starmie|Starmie|Starminite\n|move|p1a: Pelipper|Wide Guard|p1a: Pelipper\n|-singleturn|p1a: Pelipper|Wide Guard\n|move|p1b: Starmie|Liquidation|p2a: Kingambit\n|-damage|p2a: Kingambit|14/100\n|move|p2b: Greninja|Icy Wind|p1a: Pelipper|[spread] \n|-activate|p1a: Pelipper|move: Wide Guard\n|-activate|p1b: Starmie|move: Wide Guard\n|\n|-weather|RainDance|[upkeep]\n|upkeep\n|turn|3\n|inactive|pshawnparks has 30 seconds left.\n|inactive|pshawnparks has 20 seconds left.\n|inactive|pshawnparks has 15 seconds left.\n|inactive|pshawnparks has 10 seconds left.\n|\n|t:|1776286412\n|switch|p2b: Sinistcha|Sinistcha, L50|100/100\n|-heal|p2a: Kingambit|39/100|[from] ability: Hospitality|[of] p2b: Sinistcha\n|move|p1a: Pelipper|Wide Guard|p1a: Pelipper\n|-singleturn|p1a: Pelipper|Wide Guard\n|move|p1b: Starmie|Aqua Jet|p2a: Kingambit\n|-damage|p2a: Kingambit|0 fnt\n|faint|p2a: Kingambit\n|\n|-weather|RainDance|[upkeep]\n|upkeep\n|\n|t:|1776286424\n|switch|p2a: Floette|Floette-Mega, L50, F|32/100\n|-ability|p2a: Floette|Fairy Aura\n|turn|4\n|\n|t:|1776286441\n|move|p1a: Pelipper|Wide Guard|p1a: Pelipper\n|-singleturn|p1a: Pelipper|Wide Guard\n|move|p2b: Sinistcha|Rage Powder|p2b: Sinistcha\n|-singleturn|p2b: Sinistcha|move: Rage Powder\n|move|p1b: Starmie|Psycho Cut|p2b: Sinistcha\n|-damage|p2b: Sinistcha|50/100\n|move|p2a: Floette|Moonblast|p1b: Starmie\n|-damage|p1b: Starmie|0 fnt\n|faint|p1b: Starmie\n|\n|-weather|RainDance|[upkeep]\n|-heal|p2b: Sinistcha|56/100|[from] item: Leftovers\n|-sideend|p1: pshawnparks|move: Tailwind\n|upkeep\n|\n|t:|1776286456\n|switch|p1b: Basculegion|Basculegion, L50, M, shiny|27/100\n|turn|5\n|inactive|Hydro Misses has 30 seconds left.\n|\n|t:|1776286483\n|switch|p2b: Greninja|Greninja, L50, M|100/100\n|move|p2a: Floette|Protect|p2a: Floette\n|-singleturn|p2a: Floette|Protect\n|move|p1a: Pelipper|Wide Guard|p1a: Pelipper\n|-singleturn|p1a: Pelipper|Wide Guard\n|move|p1b: Basculegion|Last Respects|p2a: Floette\n|-activate|p2a: Floette|move: Protect\n|\n|-weather|none\n|upkeep\n|turn|6\n|\n|t:|1776286498\n|switch|p2a: Sinistcha|Sinistcha, L50|56/100\n|move|p1a: Pelipper|Wide Guard|p1a: Pelipper\n|-singleturn|p1a: Pelipper|Wide Guard\n|move|p2b: Greninja|Dark Pulse|p1b: Basculegion\n|-start|p2b: Greninja|typechange|Dark|[from] ability: Protean\n|-supereffective|p1b: Basculegion|1\n|-damage|p1b: Basculegion|0 fnt\n|faint|p1b: Basculegion\n|\n|-heal|p2a: Sinistcha|62/100|[from] item: Leftovers\n|upkeep\n|\n|t:|1776286513\n|switch|p1b: Kingambit|Kingambit, L50, M, shiny|100/100\n|turn|7\n|\n|t:|1776286520\n|move|p2b: Greninja|Dark Pulse|p1a: Pelipper\n|-damage|p1a: Pelipper|0 fnt\n|faint|p1a: Pelipper\n|move|p2a: Sinistcha|Matcha Gotcha|p1b: Kingambit\n|-resisted|p1b: Kingambit|1\n|-damage|p1b: Kingambit|84/100\n|-heal|p2a: Sinistcha|72/100|[from] drain|[of] p1b: Kingambit\n|move|p1b: Kingambit|Swords Dance|p1b: Kingambit\n|-boost|p1b: Kingambit|atk|2\n|\n|-heal|p2a: Sinistcha|79/100|[from] item: Leftovers\n|upkeep\n|turn|8\n|\n|t:|1776286538\n|move|p2b: Greninja|Dark Pulse|p1b: Kingambit\n|-resisted|p1b: Kingambit|1\n|-damage|p1b: Kingambit|68/100\n|move|p2a: Sinistcha|Matcha Gotcha|p1b: Kingambit\n|-resisted|p1b: Kingambit|1\n|-damage|p1b: Kingambit|53/100\n|-heal|p2a: Sinistcha|87/100|[from] drain|[of] p1b: Kingambit\n|move|p1b: Kingambit|Kowtow Cleave|p2a: Sinistcha\n|-supereffective|p2a: Sinistcha|1\n|-damage|p2a: Sinistcha|0 fnt\n|faint|p2a: Sinistcha\n|\n|upkeep\n|\n|t:|1776286546\n|switch|p2a: Floette|Floette-Mega, L50, F|32/100\n|-ability|p2a: Floette|Fairy Aura\n|turn|9\n|\n|t:|1776286565\n|move|p2a: Floette|Protect|p2a: Floette\n|-singleturn|p2a: Floette|Protect\n|move|p1b: Kingambit|Sucker Punch||[still]\n|-fail|p1b: Kingambit\n|move|p2b: Greninja|Dark Pulse|p1b: Kingambit\n|-resisted|p1b: Kingambit|1\n|-damage|p1b: Kingambit|34/100\n|\n|upkeep\n|turn|10\n|\n|t:|1776286574\n|move|p2a: Floette|Protect||[still]\n|-fail|p2a: Floette\n|move|p1b: Kingambit|Sucker Punch||[still]\n|-fail|p1b: Kingambit\n|move|p2b: Greninja|Dark Pulse|p1b: Kingambit\n|-resisted|p1b: Kingambit|1\n|-damage|p1b: Kingambit|16/100\n|\n|upkeep\n|turn|11\n|\n|t:|1776286586\n|move|p1b: Kingambit|Sucker Punch|p2b: Greninja\n|-resisted|p2b: Greninja|1\n|-damage|p2b: Greninja|24/100\n|move|p2b: Greninja|Dark Pulse|p1b: Kingambit\n|-resisted|p1b: Kingambit|1\n|-damage|p1b: Kingambit|0 fnt\n|faint|p1b: Kingambit\n|\n|win|Hydro Misses\n|raw|pshawnparks's rating: 1235 &rarr; <strong>1209</strong><br />(-26 for losing)\n|raw|Hydro Misses's rating: 1219 &rarr; <strong>1245</strong><br />(+26 for winning)\n|c|\u2606Hydro Misses|gg\n|l|\u2606pshawnparks\n|player|p1|\n",
  "uploadtime": 1776286597,
  "views": 43,
  "formatid": "gen9championsvgc2026regma",
  "rating": 1209,
  "private": 0,
  "password": null
}