{
  "id": "gen9championsvgc2026regma-2582740161",
  "format": "[Gen 9 Champions] VGC 2026 Reg M-A",
  "players": [
    "Krishy2007",
    "Orheomonster"
  ],
  "log": "|j|\u2606Krishy2007\n|j|\u2606Orheomonster\n|t:|1776110819\n|gametype|doubles\n|player|p1|Krishy2007|266|1000\n|player|p2|Orheomonster|hilbert|1014\n|gen|9\n|tier|[Gen 9 Champions] VGC 2026 Reg M-A\n|rated|\n|rule|Species Clause: Limit one of each Pok\u00e9mon\n|rule|Item Clause: Limit 1 of each item\n|clearpoke\n|poke|p1|Froslass, L50, F|\n|poke|p1|Sneasler, L50, F|\n|poke|p1|Primarina, L50, M|\n|poke|p1|Garchomp, L50, M|\n|poke|p1|Whimsicott, L50, F|\n|poke|p1|Incineroar, L50, F|\n|poke|p2|Sinistcha, L50|\n|poke|p2|Alakazam, L50, F|\n|poke|p2|Espathra, L50, M|\n|poke|p2|Arcanine, L50, F|\n|poke|p2|Delphox, L50, M|\n|poke|p2|Torkoal, L50, M|\n|teampreview|4\nKrishy2007 rejected open team sheets.\n|\n|t:|1776110863\n|teamsize|p1|4\n|teamsize|p2|4\n|start\n|switch|p1a: Garchomp|Garchomp, L50, M|100/100\n|switch|p1b: Incineroar|Incineroar, L50, F|100/100\n|switch|p2a: Espathra|Espathra, L50, M|100/100\n|switch|p2b: Alakazam|Alakazam, L50, F|100/100\n|-ability|p1b: Incineroar|Intimidate|boost\n|-unboost|p2a: Espathra|atk|1\n|-fail|p2b: Alakazam|unboost|Attack|[from] ability: Inner Focus|[of] p2b: Alakazam\n|turn|1\n|\n|t:|1776110887\n|move|p1a: Garchomp|Protect|p1a: Garchomp\n|-singleturn|p1a: Garchomp|Protect\n|move|p1b: Incineroar|Fake Out|p2a: Espathra\n|-damage|p2a: Espathra|84/100\n|move|p2b: Alakazam|Psychic Terrain|p2b: Alakazam\n|-fieldstart|move: Psychic Terrain\n|cant|p2a: Espathra|flinch\n|\n|-ability|p2a: Espathra|Speed Boost|boost\n|-boost|p2a: Espathra|spe|1\n|upkeep\n|turn|2\n|\n|t:|1776110911\n|move|p2a: Espathra|Lumina Crash|p1a: Garchomp\n|-damage|p1a: Garchomp|47/100\n|-unboost|p1a: Garchomp|spd|2\n|move|p2b: Alakazam|Expanding Force|p1b: Incineroar|[spread] p1a\n|-immune|p1b: Incineroar\n|-damage|p1a: Garchomp|0 fnt\n|faint|p1a: Garchomp\n|move|p1b: Incineroar|Darkest Lariat|p2b: Alakazam\n|-supereffective|p2b: Alakazam|1\n|-damage|p2b: Alakazam|0 fnt\n|faint|p2b: Alakazam\n|\n|-ability|p2a: Espathra|Speed Boost|boost\n|-boost|p2a: Espathra|spe|1\n|upkeep\n|\n|t:|1776110934\n|switch|p2b: Delphox|Delphox, L50, M|100/100\n|switch|p1a: Primarina|Primarina, L50, M|100/100\n|turn|3\n|\n|t:|1776110943\n|detailschange|p2b: Delphox|Delphox-Mega, L50, M\n|-mega|p2b: Delphox|Delphox|Delphoxite\n|move|p2a: Espathra|Lumina Crash|p1a: Primarina\n|-damage|p1a: Primarina|57/100\n|-unboost|p1a: Primarina|spd|2\n|move|p2b: Delphox|Grass Knot|p1a: Primarina\n|-supereffective|p1a: Primarina|1\n|-damage|p1a: Primarina|0 fnt\n|faint|p1a: Primarina\n|move|p1b: Incineroar|Darkest Lariat|p2a: Espathra\n|-supereffective|p2a: Espathra|1\n|-damage|p2a: Espathra|0 fnt\n|faint|p2a: Espathra\n|\n|upkeep\n|\n|t:|1776110954\n|switch|p2a: Sinistcha|Sinistcha, L50|100/100\n|switch|p1a: Sneasler|Sneasler, L50, F|100/100\n|turn|4\n|\n|t:|1776110965\n|move|p1a: Sneasler|Fake Out|p2b: Delphox\n|-hint|Psychic Terrain doesn't affect airborne Pok\u00e9mon.\n|-crit|p2b: Delphox\n|-damage|p2b: Delphox|65/100\n|move|p2a: Sinistcha|Rage Powder|p2a: Sinistcha\n|-singleturn|p2a: Sinistcha|move: Rage Powder\n|cant|p2b: Delphox|flinch\n|move|p1b: Incineroar|Flare Blitz|p2a: Sinistcha\n|-supereffective|p2a: Sinistcha|1\n|-damage|p2a: Sinistcha|29/100\n|-damage|p1b: Incineroar|80/100|[from] Recoil\n|\n|upkeep\n|turn|5\n|\n|t:|1776111004\n|move|p2a: Sinistcha|Rage Powder|p2a: Sinistcha\n|-singleturn|p2a: Sinistcha|move: Rage Powder\n|move|p2b: Delphox|Psychic|p1a: Sneasler\n|-supereffective|p1a: Sneasler|2\n|-enditem|p1a: Sneasler|Focus Sash\n|-damage|p1a: Sneasler|1/100\n|move|p1a: Sneasler|Dire Claw|p2a: Sinistcha\n|-damage|p2a: Sinistcha|0 fnt\n|faint|p2a: Sinistcha\n|move|p1b: Incineroar|Darkest Lariat|p2b: Delphox\n|-supereffective|p2b: Delphox|1\n|-damage|p2b: Delphox|0 fnt\n|faint|p2b: Delphox\n|\n|win|Krishy2007\n|raw|Krishy2007's rating: 1000 &rarr; <strong>1042</strong><br />(+42 for winning)\n|raw|Orheomonster's rating: 1014 &rarr; <strong>1001</strong><br />(-13 for losing)\n|l|\u2606Orheomonster\n|player|p2|\n|c|\u2606Krishy2007|gg\n",
  "uploadtime": 1776111021,
  "views": 14,
  "formatid": "gen9championsvgc2026regma",
  "rating": 1001,
  "private": 0,
  "password": null
}