{
  "id": "gen9championsvgc2026regma-2585828732",
  "format": "[Gen 9 Champions] VGC 2026 Reg M-A",
  "players": [
    "Veridis Quo Zurau",
    "Alvaroxya"
  ],
  "log": "|j|\u2606Veridis Quo Zurau\n|j|\u2606Alvaroxya\n|t:|1776373704\n|gametype|doubles\n|player|p1|Veridis Quo Zurau|bellelba|1215\n|player|p2|Alvaroxya|nate|1193\n|gen|9\n|tier|[Gen 9 Champions] VGC 2026 Reg M-A\n|rated|\n|rule|Species Clause: Limit one of each Pok\u00e9mon\n|rule|Item Clause: Limit 1 of each item\n|clearpoke\n|poke|p1|Gardevoir, L50, F|\n|poke|p1|Typhlosion-Hisui, L50, F|\n|poke|p1|Espathra, L50, F|\n|poke|p1|Aegislash, L50, F|\n|poke|p1|Incineroar, L50, F|\n|poke|p1|Milotic, L50, F|\n|poke|p2|Glimmora, L50, M|\n|poke|p2|Weavile, L50, M|\n|poke|p2|Sinistcha, L50|\n|poke|p2|Garchomp, L50, F|\n|poke|p2|Palafin, L50, M|\n|poke|p2|Roserade, L50, M|\n|teampreview|4\n|inactive|Battle timer is ON: inactive players will automatically lose when time's up. (requested by Veridis Quo Zurau)\n|\n|t:|1776373730\n|teamsize|p1|4\n|teamsize|p2|4\n|start\n|switch|p1a: Espathra|Espathra, L50, F|100/100\n|switch|p1b: Typhlosion|Typhlosion-Hisui, L50, F|100/100\n|switch|p2a: Glimmora|Glimmora, L50, M, shiny|100/100\n|switch|p2b: Palafin|Palafin, L50, M|100/100\n|-item|p2a: Glimmora|Glimmoranite|[from] ability: Frisk|[of] p1b: Typhlosion\n|-item|p2b: Palafin|Mystic Water|[from] ability: Frisk|[of] p1b: Typhlosion\n|turn|1\n|\n|t:|1776373749\n|switch|p1b: Milotic|Milotic, L50, F|100/100\n|detailschange|p2a: Glimmora|Glimmora-Mega, L50, M, shiny\n|-mega|p2a: Glimmora|Glimmora|Glimmoranite\n|move|p1a: Espathra|Protect|p1a: Espathra\n|-singleturn|p1a: Espathra|Protect\n|move|p2a: Glimmora|Mortal Spin|p1a: Espathra|[spread] p1b\n|-activate|p1a: Espathra|move: Protect\n|-damage|p1b: Milotic|94/100\n|-status|p1b: Milotic|psn\n|move|p2b: Palafin|Flip Turn|p1a: Espathra\n|-activate|p1a: Espathra|move: Protect\n|\n|-heal|p1b: Milotic|99/100 psn|[from] item: Leftovers\n|-damage|p1b: Milotic|87/100 psn|[from] psn\n|-ability|p1a: Espathra|Speed Boost|boost\n|-boost|p1a: Espathra|spe|1\n|upkeep\n|turn|2\n|inactive|Veridis Quo Zurau has 30 seconds left.\n|inactive|Veridis Quo Zurau has 20 seconds left.\n|inactive|Veridis Quo Zurau has 15 seconds left.\n|\n|t:|1776373791\n|move|p2a: Glimmora|Spiky Shield|p2a: Glimmora\n|-singleturn|p2a: Glimmora|move: Protect\n|move|p1a: Espathra|Calm Mind|p1a: Espathra\n|-boost|p1a: Espathra|spa|1\n|-boost|p1a: Espathra|spd|1\n|move|p2b: Palafin|Flip Turn|p1a: Espathra\n|-crit|p1a: Espathra\n|-damage|p1a: Espathra|57/100\n|\n|t:|1776373801\n|detailschange|p2b: Palafin|Palafin-Hero, L50, M\n|switch|p2b: Garchomp|Garchomp, L50, F|100/100|[from] Flip Turn\n|move|p1b: Milotic|Icy Wind|p2b: Garchomp|[spread] p2b\n|-activate|p2a: Glimmora|move: Protect\n|-supereffective|p2b: Garchomp|2\n|-damage|p2b: Garchomp|55/100\n|-unboost|p2b: Garchomp|spe|1\n|\n|-heal|p1b: Milotic|93/100 psn|[from] item: Leftovers\n|-damage|p1b: Milotic|81/100 psn|[from] psn\n|-ability|p1a: Espathra|Speed Boost|boost\n|-boost|p1a: Espathra|spe|1\n|upkeep\n|turn|3\n|\n|t:|1776373825\n|switch|p2a: Roserade|Roserade, L50, M, shiny|100/100\n|move|p1a: Espathra|Baton Pass|p1a: Espathra\n|\n|t:|1776373830\n|switch|p1a: Gardevoir|Gardevoir, L50, F|100/100|[from] Baton Pass\n|-ability|p1a: Gardevoir|Natural Cure|Trace|[from] ability: Trace|[of] p2a: Roserade\n|move|p2b: Garchomp|Earthquake|p1b: Milotic|[spread] p2a,p1a,p1b\n|-damage|p2a: Roserade|46/100\n|-damage|p1a: Gardevoir|32/100\n|-damage|p1b: Milotic|49/100 psn\n|-enditem|p2a: Roserade|Sitrus Berry|[eat]\n|-heal|p2a: Roserade|71/100|[from] item: Sitrus Berry\n|move|p1b: Milotic|Icy Wind|p2b: Garchomp|[spread] p2a,p2b\n|-supereffective|p2a: Roserade|1\n|-supereffective|p2b: Garchomp|2\n|-damage|p2a: Roserade|51/100\n|-damage|p2b: Garchomp|11/100\n|-unboost|p2a: Roserade|spe|1\n|-unboost|p2b: Garchomp|spe|1\n|\n|-heal|p1b: Milotic|55/100 psn|[from] item: Leftovers\n|-damage|p1b: Milotic|43/100 psn|[from] psn\n|upkeep\n|turn|4\n|\n|t:|1776373851\n|switch|p2b: Palafin|Palafin-Hero, L50, M|100/100\n|-activate|p2b: Palafin|ability: Zero to Hero\n|detailschange|p1a: Gardevoir|Gardevoir-Mega, L50, F\n|-mega|p1a: Gardevoir|Gardevoir|Gardevoirite\n|move|p2a: Roserade|Protect|p2a: Roserade\n|-singleturn|p2a: Roserade|Protect\n|move|p1a: Gardevoir|Hyper Voice|p2a: Roserade|[spread] p2b\n|-activate|p2a: Roserade|move: Protect\n|-damage|p2b: Palafin|10/100\n|move|p1b: Milotic|Recover|p1b: Milotic\n|-heal|p1b: Milotic|93/100 psn\n|\n|-heal|p1b: Milotic|99/100 psn|[from] item: Leftovers\n|-damage|p1b: Milotic|86/100 psn|[from] psn\n|upkeep\n|turn|5\n|\n|t:|1776373872\n|move|p1a: Gardevoir|Protect|p1a: Gardevoir\n|-singleturn|p1a: Gardevoir|Protect\n|move|p2b: Palafin|Wave Crash|p1a: Gardevoir\n|-activate|p1a: Gardevoir|move: Protect\n|move|p2a: Roserade|Leech Seed|p1b: Milotic\n|-start|p1b: Milotic|move: Leech Seed\n|move|p1b: Milotic|Scald|p2b: Palafin\n|-resisted|p2b: Palafin|1\n|-damage|p2b: Palafin|0 fnt\n|faint|p2b: Palafin\n|\n|-heal|p1b: Milotic|92/100 psn|[from] item: Leftovers\n|-damage|p1b: Milotic|80/100 psn|[from] Leech Seed|[of] p2a: Roserade\n|-heal|p2a: Roserade|66/100|[silent]\n|-damage|p1b: Milotic|67/100 psn|[from] psn\n|upkeep\n|inactive|Alvaroxya has 30 seconds left.\n|\n|t:|1776373898\n|switch|p2b: Glimmora|Glimmora-Mega, L50, M, shiny|100/100\n|turn|6\n|\n|t:|1776373911\n|move|p1a: Gardevoir|Psychic|p2b: Glimmora\n|-supereffective|p2b: Glimmora|1\n|-damage|p2b: Glimmora|0 fnt\n|faint|p2b: Glimmora\n|move|p2a: Roserade|Life Dew|p2a: Roserade\n|-heal|p2a: Roserade|92/100\n|move|p1b: Milotic|Icy Wind|p2a: Roserade\n|-supereffective|p2a: Roserade|1\n|-damage|p2a: Roserade|64/100\n|-unboost|p2a: Roserade|spe|1\n|\n|-heal|p1b: Milotic|73/100 psn|[from] item: Leftovers\n|-damage|p1b: Milotic|61/100 psn|[from] Leech Seed|[of] p2a: Roserade\n|-heal|p2a: Roserade|79/100|[silent]\n|-damage|p1b: Milotic|49/100 psn|[from] psn\n|upkeep\n|\n|t:|1776373924\n|switch|p2b: Garchomp|Garchomp, L50, F|11/100\n|turn|7\n|\n|t:|1776373936\n|move|p2b: Garchomp|Protect|p2b: Garchomp\n|-singleturn|p2b: Garchomp|Protect\n|move|p1a: Gardevoir|Hyper Voice|p2a: Roserade|[spread] p2a\n|-activate|p2b: Garchomp|move: Protect\n|-resisted|p2a: Roserade|1\n|-damage|p2a: Roserade|40/100\n|move|p1b: Milotic|Recover|p1b: Milotic\n|-heal|p1b: Milotic|99/100 psn\n|move|p2a: Roserade|Leech Seed|p1a: Gardevoir\n|-start|p1a: Gardevoir|move: Leech Seed\n|\n|-heal|p1b: Milotic|100/100 psn|[from] item: Leftovers\n|-damage|p1a: Gardevoir|20/100|[from] Leech Seed|[of] p2a: Roserade\n|-heal|p2a: Roserade|51/100|[silent]\n|-damage|p1b: Milotic|88/100 psn|[from] Leech Seed|[of] p2a: Roserade\n|-heal|p2a: Roserade|66/100|[silent]\n|-damage|p1b: Milotic|76/100 psn|[from] psn\n|upkeep\n|turn|8\n|\n|t:|1776373958\n|move|p1a: Gardevoir|Hyper Voice|p2a: Roserade|[spread] p2a,p2b\n|-resisted|p2a: Roserade|1\n|-supereffective|p2b: Garchomp|1\n|-damage|p2a: Roserade|25/100\n|-damage|p2b: Garchomp|0 fnt\n|faint|p2b: Garchomp\n|move|p1b: Milotic|Scald|p2a: Roserade\n|-resisted|p2a: Roserade|1\n|-damage|p2a: Roserade|12/100\n|move|p2a: Roserade|Life Dew|p2a: Roserade\n|-heal|p2a: Roserade|37/100\n|\n|-heal|p1b: Milotic|82/100 psn|[from] item: Leftovers\n|-damage|p1a: Gardevoir|8/100|[from] Leech Seed|[of] p2a: Roserade\n|-heal|p2a: Roserade|48/100|[silent]\n|-damage|p1b: Milotic|69/100 psn|[from] Leech Seed|[of] p2a: Roserade\n|-heal|p2a: Roserade|63/100|[silent]\n|-damage|p1b: Milotic|57/100 psn|[from] psn\n|upkeep\n|turn|9\n|inactive|Veridis Quo Zurau has 30 seconds left.\n|\n|t:|1776373986\n|move|p2a: Roserade|Protect|p2a: Roserade\n|-singleturn|p2a: Roserade|Protect\n|move|p1a: Gardevoir|Psychic|p2a: Roserade\n|-activate|p2a: Roserade|move: Protect\n|move|p1b: Milotic|Recover|p1b: Milotic\n|-heal|p1b: Milotic|100/100 psn\n|\n|-damage|p1a: Gardevoir|0 fnt|[from] Leech Seed|[of] p2a: Roserade\n|-heal|p2a: Roserade|71/100|[silent]\n|faint|p1a: Gardevoir\n|-damage|p1b: Milotic|88/100 psn|[from] Leech Seed|[of] p2a: Roserade\n|-heal|p2a: Roserade|86/100|[silent]\n|-damage|p1b: Milotic|76/100 psn|[from] psn\n|upkeep\n|\n|t:|1776373989\n|switch|p1a: Typhlosion|Typhlosion-Hisui, L50, F|100/100\n|turn|10\n|\n|t:|1776374001\n|switch|p1b: Espathra|Espathra, L50, F|57/100\n|move|p1a: Typhlosion|Eruption|p2a: Roserade\n|-supereffective|p2a: Roserade|1\n|-damage|p2a: Roserade|0 fnt\n|faint|p2a: Roserade\n|\n|win|Veridis Quo Zurau\n|raw|Veridis Quo Zurau's rating: 1215 &rarr; <strong>1238</strong><br />(+23 for winning)\n|raw|Alvaroxya's rating: 1193 &rarr; <strong>1170</strong><br />(-23 for losing)\n|l|\u2606Alvaroxya\n|player|p2|\n",
  "uploadtime": 1776374015,
  "views": 21,
  "formatid": "gen9championsvgc2026regma",
  "rating": 1170,
  "private": 0,
  "password": null
}