{
  "id": "gen9championsvgc2026regma-2584217531",
  "format": "[Gen 9 Champions] VGC 2026 Reg M-A",
  "players": [
    "dewottiscool1",
    "defiantvgc"
  ],
  "log": "|j|\u2606dewottiscool1\n|j|\u2606defiantvgc\n|t:|1776239451\n|gametype|doubles\n|player|p1|dewottiscool1|hoopster|\n|player|p2|defiantvgc|spark-casual|\n|gen|9\n|tier|[Gen 9 Champions] VGC 2026 Reg M-A\n|rated|Tournament battle\n|rule|Species Clause: Limit one of each Pok\u00e9mon\n|rule|Item Clause: Limit 1 of each item\n|raw|<div class=\"infobox\"><details class=\"readmore\" open><summary><strong>1 custom rule:</strong></summary> Force Open Team Sheets</details></div>\n|clearpoke\n|poke|p1|Glimmora, L50, F|\n|poke|p1|Ninetales-Alola, L50, M|\n|poke|p1|Rotom-Wash, L50|\n|poke|p1|Corviknight, L50, M|\n|poke|p1|Sinistcha, L50|\n|poke|p1|Incineroar, L50, M|\n|poke|p2|Floette-Eternal, L50, F|\n|poke|p2|Kingambit, L50, M|\n|poke|p2|Delphox, L50, F|\n|poke|p2|Incineroar, L50, M|\n|poke|p2|Sneasler, L50, M|\n|poke|p2|Garchomp, L50, F|\n|teampreview|4\n|showteam|p1|Glimmora||Glimmoranite|ToxicDebris|PowerGem,SludgeBomb,EarthPower,SpikyShield|||F|||50|]Ninetales-Alola||FocusSash|SnowWarning|Blizzard,IcyWind,AuroraVeil,Protect|||M|||50|]Rotom-Wash||Leftovers|Levitate|HydroPump,Thunderbolt,VoltSwitch,Protect||||||50|]Corviknight||QuickClaw|MirrorArmor|BraveBird,Roost,Tailwind,Protect|||M|||50|]Sinistcha||SitrusBerry|Hospitality|MatchaGotcha,Imprison,RagePowder,Protect||||||50|]Incineroar||ChopleBerry|Intimidate|FakeOut,DarkestLariat,FlareBlitz,PartingShot|||M|||50|\n|showteam|p2|Floette-Eternal||Floettite|FlowerVeil|Protect,DrainingKiss,DazzlingGleam,CalmMind|||F|||50|]Kingambit||ChopleBerry|Defiant|SuckerPunch,LowKick,IronHead,Protect|||M|||50|]Delphox||Delphoxite|Blaze|Encore,Psychic,HeatWave,Protect|||F|||50|]Incineroar||Leftovers|Intimidate|FlareBlitz,ThroatChop,PartingShot,FakeOut|||M|||50|]Sneasler||WhiteHerb|Unburden|Protect,DireClaw,CloseCombat,FakeOut|||M|||50|]Garchomp||SitrusBerry|RoughSkin|Protect,Earthquake,RockSlide,DragonClaw|||F|||50|\n|inactive|Battle timer is ON: inactive players will automatically lose when time's up. (requested by dewottiscool1)\n|inactive|dewottiscool1 has 60 seconds left.\n|inactive|defiantvgc has 60 seconds left.\n|\n|t:|1776239481\n|teamsize|p1|4\n|teamsize|p2|4\n|start\n|switch|p1a: Glimmora|Glimmora, L50, F, shiny|100/100\n|switch|p1b: Ninetales|Ninetales-Alola, L50, M|100/100\n|switch|p2a: Delphox|Delphox, L50, F|100/100\n|switch|p2b: Kingambit|Kingambit, L50, M|100/100\n|-weather|Snowscape|[from] ability: Snow Warning|[of] p1b: Ninetales\n|turn|1\n|\n|t:|1776239504\n|detailschange|p2a: Delphox|Delphox-Mega, L50, F\n|-mega|p2a: Delphox|Delphox|Delphoxite\n|move|p2a: Delphox|Protect|p2a: Delphox\n|-singleturn|p2a: Delphox|Protect\n|move|p1a: Glimmora|Spiky Shield|p1a: Glimmora\n|-singleturn|p1a: Glimmora|move: Protect\n|move|p1b: Ninetales|Aurora Veil|p1b: Ninetales\n|-sidestart|p1: dewottiscool1|move: Aurora Veil\n|move|p2b: Kingambit|Iron Head|p1a: Glimmora\n|-activate|p1a: Glimmora|move: Protect\n|-damage|p2b: Kingambit|88/100|[from] Spiky Shield|[of] p1a: Glimmora\n|\n|-weather|Snowscape|[upkeep]\n|upkeep\n|turn|2\n|inactive|dewottiscool1 has 30 seconds left.\n|j| migueltroll22\n|\n|t:|1776239536\n|switch|p2a: Garchomp|Garchomp, L50, F|100/100\n|switch|p1b: Corviknight|Corviknight, L50, M, shiny|100/100\n|detailschange|p1a: Glimmora|Glimmora-Mega, L50, F, shiny\n|-mega|p1a: Glimmora|Glimmora|Glimmoranite\n|move|p1a: Glimmora|Power Gem|p2a: Garchomp\n|-resisted|p2a: Garchomp|1\n|-damage|p2a: Garchomp|67/100\n|move|p2b: Kingambit|Iron Head|p1a: Glimmora\n|-supereffective|p1a: Glimmora|1\n|-damage|p1a: Glimmora|45/100\n|\n|-weather|Snowscape|[upkeep]\n|upkeep\n|turn|3\n|inactive|dewottiscool1 has 30 seconds left.\n|\n|t:|1776239575\n|switch|p1a: Rotom|Rotom-Wash, L50|100/100\n|move|p2a: Garchomp|Protect|p2a: Garchomp\n|-singleturn|p2a: Garchomp|Protect\n|move|p1b: Corviknight|Brave Bird|p2a: Garchomp\n|-activate|p2a: Garchomp|move: Protect\n|move|p2b: Kingambit|Iron Head|p1b: Corviknight\n|-resisted|p1b: Corviknight|1\n|-damage|p1b: Corviknight|91/100\n|\n|-weather|Snowscape|[upkeep]\n|upkeep\n|turn|4\n|inactive|defiantvgc has 30 seconds left.\n|\n|t:|1776239601\n|move|p2a: Garchomp|Rock Slide|p1a: Rotom|[spread] p1a,p1b\n|-damage|p1a: Rotom|87/100\n|-damage|p1b: Corviknight|82/100\n|cant|p1a: Rotom|flinch\n|move|p1b: Corviknight|Brave Bird|p2a: Garchomp\n|-damage|p2a: Garchomp|37/100\n|-damage|p1b: Corviknight|70/100|[from] ability: Rough Skin|[of] p2a: Garchomp\n|-enditem|p2a: Garchomp|Sitrus Berry|[eat]\n|-heal|p2a: Garchomp|61/100|[from] item: Sitrus Berry\n|-damage|p1b: Corviknight|60/100|[from] Recoil\n|move|p2b: Kingambit|Iron Head|p1a: Rotom\n|-resisted|p1a: Rotom|2\n|-damage|p1a: Rotom|79/100\n|\n|-weather|Snowscape|[upkeep]\n|-heal|p1a: Rotom|85/100|[from] item: Leftovers\n|upkeep\n|turn|5\n|j| felipesol2\n|l| felipesol2\n|inactive|dewottiscool1 has 30 seconds left.\n|\n|t:|1776239630\n|move|p2b: Kingambit|Protect|p2b: Kingambit\n|-singleturn|p2b: Kingambit|Protect\n|move|p2a: Garchomp|Rock Slide|p1b: Corviknight|[spread] p1a\n|-miss|p2a: Garchomp|p1b: Corviknight\n|-damage|p1a: Rotom|71/100\n|move|p1a: Rotom|Hydro Pump|p2b: Kingambit\n|-activate|p2b: Kingambit|move: Protect\n|move|p1b: Corviknight|Tailwind|p1b: Corviknight\n|-sidestart|p1: dewottiscool1|move: Tailwind\n|\n|-weather|none\n|-heal|p1a: Rotom|76/100|[from] item: Leftovers\n|-sideend|p1: dewottiscool1|move: Aurora Veil\n|upkeep\n|turn|6\n|\n|t:|1776239654\n|switch|p2b: Sneasler|Sneasler, L50, M|100/100\n|move|p1a: Rotom|Hydro Pump|p2a: Garchomp\n|-damage|p2a: Garchomp|14/100\n|move|p1b: Corviknight|Roost|p1b: Corviknight\n|-heal|p1b: Corviknight|100/100\n|-singleturn|p1b: Corviknight|move: Roost\n|move|p2a: Garchomp|Dragon Claw|p1a: Rotom\n|-damage|p1a: Rotom|32/100\n|\n|-heal|p1a: Rotom|38/100|[from] item: Leftovers\n|upkeep\n|turn|7\n|inactive|dewottiscool1 has 30 seconds left.\n|\n|t:|1776239680\n|switch|p1a: Ninetales|Ninetales-Alola, L50, M|100/100\n|-weather|Snowscape|[from] ability: Snow Warning|[of] p1a: Ninetales\n|move|p1b: Corviknight|Protect|p1b: Corviknight\n|-singleturn|p1b: Corviknight|Protect\n|move|p2b: Sneasler|Close Combat|p2a: Garchomp\n|-damage|p2a: Garchomp|0 fnt\n|-unboost|p2b: Sneasler|def|1\n|-unboost|p2b: Sneasler|spd|1\n|-damage|p2b: Sneasler|88/100|[from] ability: Rough Skin|[of] p2a: Garchomp\n|faint|p2a: Garchomp\n|-enditem|p2b: Sneasler|White Herb\n|-clearnegativeboost|p2b: Sneasler|[silent]\n|\n|-weather|Snowscape|[upkeep]\n|upkeep\n|\n|t:|1776239690\n|switch|p2a: Kingambit|Kingambit, L50, M|88/100\n|turn|8\n|inactive|defiantvgc has 30 seconds left.\n|\n|t:|1776239729\n|move|p1a: Ninetales|Protect|p1a: Ninetales\n|-singleturn|p1a: Ninetales|Protect\n|move|p2b: Sneasler|Dire Claw|p1a: Ninetales\n|-activate|p1a: Ninetales|move: Protect\n|move|p1b: Corviknight|Brave Bird|p2b: Sneasler\n|-supereffective|p2b: Sneasler|1\n|-damage|p2b: Sneasler|0 fnt\n|faint|p2b: Sneasler\n|-damage|p1b: Corviknight|78/100|[from] Recoil\n|move|p2a: Kingambit|Low Kick|p1b: Corviknight\n|-damage|p1b: Corviknight|58/100\n|\n|-weather|Snowscape|[upkeep]\n|-sideend|p1: dewottiscool1|move: Tailwind\n|upkeep\n|\n|t:|1776239733\n|switch|p2b: Delphox|Delphox-Mega, L50, F|100/100\n|turn|9\n|-activate|p1b: Corviknight|item: Quick Claw\n|\n|t:|1776239752\n|move|p1b: Corviknight|Tailwind|p1b: Corviknight\n|-sidestart|p1: dewottiscool1|move: Tailwind\n|move|p1a: Ninetales|Aurora Veil|p1a: Ninetales\n|-sidestart|p1: dewottiscool1|move: Aurora Veil\n|move|p2b: Delphox|Heat Wave|p1a: Ninetales|[spread] p1a,p1b\n|-supereffective|p1a: Ninetales|1\n|-supereffective|p1b: Corviknight|1\n|-damage|p1a: Ninetales|39/100\n|-damage|p1b: Corviknight|3/100\n|move|p2a: Kingambit|Iron Head|p1a: Ninetales\n|-supereffective|p1a: Ninetales|2\n|-damage|p1a: Ninetales|0 fnt\n|faint|p1a: Ninetales\n|\n|-weather|Snowscape|[upkeep]\n|upkeep\n|c|\u2606defiantvgc|ok yeah thats how I lose sick\n|\n|t:|1776239767\n|switch|p1a: Glimmora|Glimmora-Mega, L50, F, shiny|45/100\n|turn|10\n|inactive|dewottiscool1 has 30 seconds left.\n|\n|t:|1776239794\n|move|p2b: Delphox|Protect|p2b: Delphox\n|-singleturn|p2b: Delphox|Protect\n|move|p1b: Corviknight|Protect|p1b: Corviknight\n|-singleturn|p1b: Corviknight|Protect\n|move|p1a: Glimmora|Earth Power|p2a: Kingambit\n|-supereffective|p2a: Kingambit|1\n|-damage|p2a: Kingambit|11/100\n|move|p2a: Kingambit|Iron Head|p1a: Glimmora\n|-supereffective|p1a: Glimmora|1\n|-damage|p1a: Glimmora|0 fnt\n|faint|p1a: Glimmora\n|\n|-weather|Snowscape|[upkeep]\n|upkeep\n|\n|t:|1776239805\n|switch|p1a: Rotom|Rotom-Wash, L50|38/100\n|turn|11\n|\n|t:|1776239812\n|move|p2a: Kingambit|Sucker Punch||[still]\n|-fail|p2a: Kingambit\n|move|p1a: Rotom|Hydro Pump|p2b: Delphox|[miss]\n|-miss|p1a: Rotom|p2b: Delphox\n|move|p2b: Delphox|Psychic|p1a: Rotom\n|-damage|p1a: Rotom|4/100\n|move|p1b: Corviknight|Roost|p1b: Corviknight\n|-heal|p1b: Corviknight|54/100\n|-singleturn|p1b: Corviknight|move: Roost\n|\n|-weather|none\n|-heal|p1a: Rotom|10/100|[from] item: Leftovers\n|upkeep\n|turn|12\n|inactive|dewottiscool1 has 30 seconds left.\n|inactive|dewottiscool1 has 20 seconds left.\n|\n|t:|1776239851\n|move|p1a: Rotom|Protect|p1a: Rotom\n|-singleturn|p1a: Rotom|Protect\n|move|p2a: Kingambit|Protect|p2a: Kingambit\n|-singleturn|p2a: Kingambit|Protect\n|move|p2b: Delphox|Heat Wave|p1a: Rotom|[spread] p1b\n|-activate|p1a: Rotom|move: Protect\n|-supereffective|p1b: Corviknight|1\n|-damage|p1b: Corviknight|0 fnt\n|faint|p1b: Corviknight\n|\n|-heal|p1a: Rotom|16/100|[from] item: Leftovers\n|-sideend|p1: dewottiscool1|move: Tailwind\n|upkeep\n|turn|13\n|\n|t:|1776239868\n|move|p2a: Kingambit|Sucker Punch|p1a: Rotom\n|-damage|p1a: Rotom|0 fnt\n|faint|p1a: Rotom\n|\n|win|defiantvgc\n|n|\u2606dewottiscool1|dewottiscool1\n|n|\u2606defiantvgc|defiantvgc\n|n| migueltroll22|migueltroll22\n",
  "uploadtime": 1776239877,
  "views": 20,
  "formatid": "gen9championsvgc2026regma",
  "rating": null,
  "private": 0,
  "password": null
}