{
  "id": "gen9championsvgc2026regma-2582125997",
  "format": "[Gen 9 Champions] VGC 2026 Reg M-A",
  "players": [
    "HeZaR",
    "Inheart"
  ],
  "log": "|j|\u2606HeZaR\n|j|\u2606Inheart\n|t:|1776061301\n|gametype|doubles\n|player|p1|HeZaR|harlequin|1121\n|player|p2|Inheart|266|1120\n|gen|9\n|tier|[Gen 9 Champions] VGC 2026 Reg M-A\n|rated|\n|rule|Species Clause: Limit one of each Pok\u00e9mon\n|rule|Item Clause: Limit 1 of each item\n|clearpoke\n|poke|p1|Hawlucha, L50, M|\n|poke|p1|Sableye, L50, M|\n|poke|p1|Snorlax, L50, M|\n|poke|p1|Krookodile, L50, F|\n|poke|p1|Maushold-Four, L50|\n|poke|p1|Vivillon, L50, M|\n|poke|p2|Garchomp, L50, M|\n|poke|p2|Klefki, L50, F|\n|poke|p2|Incineroar, L50, F|\n|poke|p2|Kingambit, L50, F|\n|poke|p2|Sneasler, L50, M|\n|poke|p2|Basculegion, L50, M|\n|teampreview|4\n|inactive|Battle timer is ON: inactive players will automatically lose when time's up. (requested by HeZaR)\n|\n|t:|1776061332\n|teamsize|p1|4\n|teamsize|p2|4\n|start\n|switch|p1a: Hawlucha|Hawlucha, L50, M, shiny|100/100\n|switch|p1b: Krookodile|Krookodile, L50, F|100/100\n|switch|p2a: Garchomp|Garchomp, L50, M, shiny|100/100\n|switch|p2b: Klefki|Klefki, L50, F|100/100\n|-ability|p1b: Krookodile|Intimidate|boost\n|-unboost|p2a: Garchomp|atk|1\n|-unboost|p2b: Klefki|atk|1\n|turn|1\n|\n|t:|1776061354\n|switch|p2a: Incineroar|Incineroar, L50, F|100/100\n|-ability|p2a: Incineroar|Intimidate|boost\n|-unboost|p1a: Hawlucha|atk|1\n|-unboost|p1b: Krookodile|atk|1\n|move|p2b: Klefki|Reflect|p2b: Klefki\n|-sidestart|p2: Inheart|Reflect\n|move|p1a: Hawlucha|Entrainment|p1b: Krookodile\n|-ability|p1b: Krookodile|Limber|Intimidate|[from] move: Entrainment|[of] p1a: Hawlucha\n|move|p1b: Krookodile|Fissure|p2a: Incineroar\n|-damage|p2a: Incineroar|0 fnt\n|faint|p2a: Incineroar\n|-ohko\n|\n|upkeep\n|\n|t:|1776061371\n|switch|p2a: Garchomp|Garchomp, L50, M, shiny|100/100\n|turn|2\n|\n|t:|1776061381\n|detailschange|p1a: Hawlucha|Hawlucha-Mega, L50, M, shiny\n|-mega|p1a: Hawlucha|Hawlucha|Hawluchanite\n|detailschange|p2a: Garchomp|Garchomp-Mega, L50, M, shiny\n|-mega|p2a: Garchomp|Garchomp|Garchompite\n|move|p2b: Klefki|Sandstorm|p2b: Klefki\n|-weather|Sandstorm\n|move|p1a: Hawlucha|Entrainment|p1b: Krookodile\n|-ability|p1b: Krookodile|No Guard|Limber|[from] move: Entrainment|[of] p1a: Hawlucha\n|move|p1b: Krookodile|Fissure|p2a: Garchomp\n|-damage|p2a: Garchomp|0 fnt\n|faint|p2a: Garchomp\n|-ohko\n|\n|-weather|Sandstorm|[upkeep]\n|-damage|p1a: Hawlucha|95/100|[from] Sandstorm\n|upkeep\n|\n|t:|1776061392\n|switch|p2a: Sneasler|Sneasler, L50, M, shiny|100/100\n|turn|3\n|\n|t:|1776061404\n|switch|p1a: Sableye|Sableye, L50, M|100/100\n|move|p1b: Krookodile|Protect|p1b: Krookodile\n|-singleturn|p1b: Krookodile|Protect\n|move|p2b: Klefki|Thunder Wave|p1a: Sableye\n|-hint|Since gen 7, Dark is immune to Prankster moves.\n|-immune|p1a: Sableye\n|move|p2a: Sneasler|Close Combat|p1b: Krookodile\n|-activate|p1b: Krookodile|move: Protect\n|\n|-weather|Sandstorm|[upkeep]\n|-damage|p2a: Sneasler|95/100|[from] Sandstorm\n|-damage|p1a: Sableye|94/100|[from] Sandstorm\n|upkeep\n|turn|4\n|inactive|Inheart has 30 seconds left.\n|\n|t:|1776061430\n|move|p1a: Sableye|Fake Out|p2a: Sneasler\n|-crit|p2a: Sneasler\n|-damage|p2a: Sneasler|75/100\n|move|p2b: Klefki|Sandstorm||[still]\n|-fail|p2b: Klefki\n|cant|p2a: Sneasler|flinch\n|move|p1b: Krookodile|Fissure|p2b: Klefki\n|-damage|p2b: Klefki|0 fnt\n|faint|p2b: Klefki\n|-ohko\n|\n|-weather|Sandstorm|[upkeep]\n|-damage|p2a: Sneasler|69/100|[from] Sandstorm\n|-damage|p1a: Sableye|88/100|[from] Sandstorm\n|upkeep\n|turn|5\n|\n|t:|1776061445\n|move|p1a: Sableye|Disable|p2a: Sneasler\n|-start|p2a: Sneasler|Disable|Close Combat\n|cant|p2a: Sneasler|Disable|Close Combat\n|move|p1b: Krookodile|Fissure|p2a: Sneasler\n|-damage|p2a: Sneasler|0 fnt\n|faint|p2a: Sneasler\n|-ohko\n|\n|win|HeZaR\n|raw|HeZaR's rating: 1121 &rarr; <strong>1146</strong><br />(+25 for winning)\n|raw|Inheart's rating: 1120 &rarr; <strong>1095</strong><br />(-25 for losing)\n|l|\u2606Inheart\n|player|p2|\n",
  "uploadtime": 1776061454,
  "views": 15,
  "formatid": "gen9championsvgc2026regma",
  "rating": 1095,
  "private": 0,
  "password": null
}