{
  "id": "gen9championsvgc2026regma-2588625034",
  "format": "[Gen 9 Champions] VGC 2026 Reg M-A",
  "players": [
    "navinsachump",
    "Daleg"
  ],
  "log": "|j|\u2606navinsachump\n|j|\u2606Daleg\n|t:|1776651299\n|gametype|doubles\n|player|p1|navinsachump|smasher|1607\n|player|p2|Daleg|266|1633\n|gen|9\n|tier|[Gen 9 Champions] VGC 2026 Reg M-A\n|rated|\n|rule|Species Clause: Limit one of each Pok\u00e9mon\n|rule|Item Clause: Limit 1 of each item\n|clearpoke\n|poke|p1|Charizard, L50, F|\n|poke|p1|Sneasler, L50, F|\n|poke|p1|Basculegion, L50, M|\n|poke|p1|Garchomp, L50, M|\n|poke|p1|Incineroar, L50, F|\n|poke|p1|Venusaur, L50, M|\n|poke|p2|Archaludon, L50, F|\n|poke|p2|Basculegion, L50, M|\n|poke|p2|Pelipper, L50, F|\n|poke|p2|Gengar, L50, M|\n|poke|p2|Corviknight, L50, M|\n|poke|p2|Scovillain, L50, M|\n|teampreview|4\n|j| araquanid1027\n|inactive|Battle timer is ON: inactive players will automatically lose when time's up. (requested by navinsachump)\n|\n|t:|1776651355\n|teamsize|p1|4\n|teamsize|p2|4\n|start\n|switch|p1a: Basculegion|Basculegion, L50, M|100/100\n|switch|p1b: Sneasler|Sneasler, L50, F|100/100\n|switch|p2a: Basculegion|Basculegion, L50, M|100/100\n|switch|p2b: Archaludon|Archaludon, L50, F|100/100\n|turn|1\n|j| Timid Zacian\n|\n|t:|1776651375\n|move|p1a: Basculegion|Flip Turn|p2a: Basculegion\n|-resisted|p2a: Basculegion|1\n|-damage|p2a: Basculegion|77/100\n|\n|t:|1776651379\n|switch|p1a: Venusaur|Venusaur, L50, M|100/100|[from] Flip Turn\n|move|p2a: Basculegion|Flip Turn|p1b: Sneasler\n|-crit|p1b: Sneasler\n|-damage|p1b: Sneasler|0 fnt\n|faint|p1b: Sneasler\n|\n|t:|1776651388\n|switch|p2a: Pelipper|Pelipper, L50, F|100/100|[from] Flip Turn\n|-weather|RainDance|[from] ability: Drizzle|[of] p2a: Pelipper\n|move|p2b: Archaludon|Electro Shot||[still]\n|-prepare|p2b: Archaludon|Electro Shot\n|-boost|p2b: Archaludon|spa|1\n|-anim|p2b: Archaludon|Electro Shot|p1a: Venusaur\n|-resisted|p1a: Venusaur|1\n|-damage|p1a: Venusaur|58/100\n|\n|-weather|RainDance|[upkeep]\n|upkeep\n|\n|t:|1776651392\n|switch|p1b: Charizard|Charizard, L50, F|100/100\n|turn|2\n|l| Timid Zacian\n|\n|t:|1776651407\n|switch|p2a: Basculegion|Basculegion, L50, M|77/100\n|detailschange|p1b: Charizard|Charizard-Mega-Y, L50, F\n|-mega|p1b: Charizard|Charizard|Charizardite Y\n|-weather|SunnyDay|[from] ability: Drought|[of] p1b: Charizard\n|move|p2b: Archaludon|Protect|p2b: Archaludon\n|-singleturn|p2b: Archaludon|Protect\n|move|p1a: Venusaur|Sludge Bomb|p2a: Basculegion\n|-resisted|p2a: Basculegion|1\n|-crit|p2a: Basculegion\n|-damage|p2a: Basculegion|39/100\n|-status|p2a: Basculegion|psn\n|move|p1b: Charizard|Heat Wave|p2a: Basculegion|[spread] p2a\n|-activate|p2b: Archaludon|move: Protect\n|-resisted|p2a: Basculegion|1\n|-damage|p2a: Basculegion|2/100 psn\n|\n|-weather|SunnyDay|[upkeep]\n|-damage|p2a: Basculegion|0 fnt|[from] psn\n|faint|p2a: Basculegion\n|upkeep\n|\n|t:|1776651427\n|switch|p2a: Pelipper|Pelipper, L50, F|100/100\n|-weather|RainDance|[from] ability: Drizzle|[of] p2a: Pelipper\n|turn|3\n|\n|t:|1776651439\n|move|p1b: Charizard|Protect|p1b: Charizard\n|-singleturn|p1b: Charizard|Protect\n|move|p1a: Venusaur|Earth Power|p2b: Archaludon\n|-supereffective|p2b: Archaludon|1\n|-damage|p2b: Archaludon|27/100\n|-ability|p2b: Archaludon|Stamina|boost\n|-boost|p2b: Archaludon|def|1\n|move|p2b: Archaludon|Dragon Pulse|p1a: Venusaur\n|-damage|p1a: Venusaur|0 fnt\n|faint|p1a: Venusaur\n|move|p2a: Pelipper|Tailwind|p2a: Pelipper\n|-sidestart|p2: Daleg|move: Tailwind\n|\n|-weather|RainDance|[upkeep]\n|-heal|p2b: Archaludon|33/100|[from] item: Leftovers\n|upkeep\n|\n|t:|1776651446\n|switch|p1a: Basculegion|Basculegion, L50, M|100/100\n|turn|4\n|\n|t:|1776651458\n|move|p2b: Archaludon|Electro Shot||[still]\n|-prepare|p2b: Archaludon|Electro Shot\n|-boost|p2b: Archaludon|spa|1\n|-anim|p2b: Archaludon|Electro Shot|p1a: Basculegion\n|-supereffective|p1a: Basculegion|1\n|-damage|p1a: Basculegion|0 fnt\n|faint|p1a: Basculegion\n|move|p2a: Pelipper|Muddy Water|p1b: Charizard\n|-supereffective|p1b: Charizard|1\n|-damage|p1b: Charizard|1/100\n|move|p1b: Charizard|Air Slash|p2a: Pelipper\n|-damage|p2a: Pelipper|36/100\n|-enditem|p2a: Pelipper|Sitrus Berry|[eat]\n|-heal|p2a: Pelipper|60/100|[from] item: Sitrus Berry\n|\n|-weather|RainDance|[upkeep]\n|-heal|p2b: Archaludon|40/100|[from] item: Leftovers\n|upkeep\n|turn|5\n|-message|navinsachump forfeited.\n|\n|win|Daleg\n|raw|navinsachump's rating: 1607 &rarr; <strong>1588</strong><br />(-19 for losing)\n|raw|Daleg's rating: 1633 &rarr; <strong>1652</strong><br />(+19 for winning)\n|l|\u2606navinsachump\n|player|p1|\n|l| araquanid1027\n|l|\u2606Daleg\n|player|p2|\n",
  "uploadtime": 1776651504,
  "views": 5,
  "formatid": "gen9championsvgc2026regma",
  "rating": 1588,
  "private": 0,
  "password": null
}