{
  "id": "gen9championsvgc2026regma-2589557328",
  "format": "[Gen 9 Champions] VGC 2026 Reg M-A",
  "players": [
    "konvux84",
    "drumer sama"
  ],
  "log": "|j|\u2606konvux84\n|j|\u2606drumer sama\n|t:|1776733916\n|gametype|doubles\n|player|p1|konvux84|lance|1192\n|player|p2|drumer sama|veteran|1164\n|gen|9\n|tier|[Gen 9 Champions] VGC 2026 Reg M-A\n|rated|\n|rule|Species Clause: Limit one of each Pok\u00e9mon\n|rule|Item Clause: Limit 1 of each item\n|clearpoke\n|poke|p1|Meganium, L50, M|\n|poke|p1|Aerodactyl, L50, F|\n|poke|p1|Incineroar, L50, M|\n|poke|p1|Archaludon, L50, F|\n|poke|p1|Typhlosion-Hisui, L50, F|\n|poke|p1|Kangaskhan, L50, F|\n|poke|p2|Empoleon, L50, F|\n|poke|p2|Farigiraf, L50, F|\n|poke|p2|Oranguru, L50, F|\n|poke|p2|Incineroar, L50, F|\n|poke|p2|Sinistcha, L50|\n|poke|p2|Garchomp, L50, F|\n|teampreview|4\n|inactive|Battle timer is ON: inactive players will automatically lose when time's up. (requested by drumer sama)\n|\n|t:|1776733983\n|teamsize|p1|4\n|teamsize|p2|4\n|start\n|switch|p1a: Incineroar|Incineroar, L50, M|100/100\n|switch|p1b: Typhlosion|Typhlosion-Hisui, L50, F|100/100\n|switch|p2a: Farigiraf|Farigiraf, L50, F|100/100\n|switch|p2b: Incineroar|Incineroar, L50, F|100/100\n|-item|p2a: Farigiraf|Sitrus Berry|[from] ability: Frisk|[of] p1b: Typhlosion\n|-item|p2b: Incineroar|Chople Berry|[from] ability: Frisk|[of] p1b: Typhlosion\n|-ability|p1a: Incineroar|Intimidate|boost\n|-unboost|p2a: Farigiraf|atk|1\n|-unboost|p2b: Incineroar|atk|1\n|-ability|p2b: Incineroar|Intimidate|boost\n|-unboost|p1a: Incineroar|atk|1\n|-unboost|p1b: Typhlosion|atk|1\n|turn|1\n|inactive|konvux84 has 30 seconds left.\n|inactive|drumer sama has 30 seconds left.\n|\n|t:|1776734017\n|switch|p1a: Aerodactyl|Aerodactyl, L50, F|100/100\n|-ability|p1a: Aerodactyl|Unnerve\n|move|p2b: Incineroar|Fake Out|p1a: Aerodactyl\n|-resisted|p1a: Aerodactyl|1\n|-crit|p1a: Aerodactyl\n|-damage|p1a: Aerodactyl|88/100\n|move|p1b: Typhlosion|Eruption|p2b: Incineroar|[spread] p2a,p2b\n|-resisted|p2b: Incineroar|1\n|-damage|p2a: Farigiraf|42/100\n|-damage|p2b: Incineroar|75/100\n|move|p2a: Farigiraf|Trick Room|p2a: Farigiraf\n|-fieldstart|move: Trick Room|[of] p2a: Farigiraf\n|\n|upkeep\n|turn|2\n|\n|t:|1776734041\n|move|p2a: Farigiraf|Protect|p2a: Farigiraf\n|-singleturn|p2a: Farigiraf|Protect\n|move|p1a: Aerodactyl|Protect|p1a: Aerodactyl\n|-singleturn|p1a: Aerodactyl|Protect\n|move|p2b: Incineroar|Throat Chop|p1b: Typhlosion\n|-supereffective|p1b: Typhlosion|1\n|-damage|p1b: Typhlosion|40/100\n|-start|p1b: Typhlosion|Throat Chop|[silent]\n|move|p1b: Typhlosion|Lava Plume|p2b: Incineroar|[spread] p2b\n|-activate|p1a: Aerodactyl|move: Protect\n|-activate|p2a: Farigiraf|move: Protect\n|-resisted|p2b: Incineroar|1\n|-damage|p2b: Incineroar|61/100\n|\n|upkeep\n|turn|3\n|\n|t:|1776734065\n|move|p2b: Incineroar|Throat Chop|p1b: Typhlosion\n|-supereffective|p1b: Typhlosion|1\n|-damage|p1b: Typhlosion|0 fnt\n|faint|p1b: Typhlosion\n|move|p2a: Farigiraf|Hyper Voice|p1a: Aerodactyl\n|-resisted|p1a: Aerodactyl|1\n|-damage|p1a: Aerodactyl|55/100\n|move|p1a: Aerodactyl|Rock Slide|p2a: Farigiraf|[spread] p2a,p2b\n|-supereffective|p2b: Incineroar|1\n|-crit|p2b: Incineroar\n|-damage|p2a: Farigiraf|16/100\n|-damage|p2b: Incineroar|4/100\n|\n|upkeep\n|\n|t:|1776734085\n|switch|p1b: Incineroar|Incineroar, L50, M|100/100\n|-ability|p1b: Incineroar|Intimidate|boost\n|-unboost|p2a: Farigiraf|atk|1\n|-unboost|p2b: Incineroar|atk|1\n|turn|4\n|\n|t:|1776734110\n|move|p2a: Farigiraf|Protect|p2a: Farigiraf\n|-singleturn|p2a: Farigiraf|Protect\n|move|p2b: Incineroar|Parting Shot|p1a: Aerodactyl\n|-unboost|p1a: Aerodactyl|atk|1\n|-unboost|p1a: Aerodactyl|spa|1\n|\n|t:|1776734120\n|switch|p2b: Oscar|Empoleon, L50, F|100/100|[from] Parting Shot\n|move|p1b: Incineroar|Darkest Lariat|p2a: Farigiraf\n|-activate|p2a: Farigiraf|move: Protect\n|move|p1a: Aerodactyl|Rock Slide|p2b: Oscar|[spread] p2b\n|-activate|p2a: Farigiraf|move: Protect\n|-resisted|p2b: Oscar|1\n|-damage|p2b: Oscar|92/100\n|\n|upkeep\n|turn|5\n|\n|t:|1776734144\n|move|p2a: Farigiraf|Helping Hand|p2b: Oscar\n|-singleturn|p2b: Oscar|Helping Hand|[of] p2a: Farigiraf\n|move|p1b: Incineroar|Protect|p1b: Incineroar\n|-singleturn|p1b: Incineroar|Protect\n|move|p1a: Aerodactyl|Protect|p1a: Aerodactyl\n|-singleturn|p1a: Aerodactyl|Protect\n|move|p2b: Oscar|Surf|p1b: Incineroar|[spread] p2a\n|-activate|p1a: Aerodactyl|move: Protect\n|-activate|p1b: Incineroar|move: Protect\n|-damage|p2a: Farigiraf|0 fnt\n|faint|p2a: Farigiraf\n|\n|-fieldend|move: Trick Room\n|upkeep\n|\n|t:|1776734163\n|switch|p2a: Oranguru|Oranguru, L50, F|100/100\n|turn|6\n|inactive|konvux84 has 30 seconds left.\n|\n|t:|1776734188\n|switch|p1a: Meganium|Meganium, L50, M|100/100\n|move|p1b: Incineroar|Darkest Lariat|p2a: Oranguru\n|-supereffective|p2a: Oranguru|1\n|-damage|p2a: Oranguru|12/100\n|move|p2b: Oscar|Surf|p1b: Incineroar|[spread] p1a,p1b\n|-activate|p2a: Oranguru|ability: Telepathy\n|-resisted|p1a: Meganium|1\n|-supereffective|p1b: Incineroar|1\n|-damage|p1a: Meganium|76/100\n|-damage|p1b: Incineroar|30/100\n|-enditem|p1b: Incineroar|Sitrus Berry|[eat]\n|-heal|p1b: Incineroar|55/100|[from] item: Sitrus Berry\n|move|p2a: Oranguru|Trick Room|p2a: Oranguru\n|-fieldstart|move: Trick Room|[of] p2a: Oranguru\n|\n|upkeep\n|turn|7\n|\n|t:|1776734210\n|detailschange|p1a: Meganium|Meganium-Mega, L50, M\n|-mega|p1a: Meganium|Meganium|Meganiumite\n|move|p1b: Incineroar|Protect|p1b: Incineroar\n|-singleturn|p1b: Incineroar|Protect\n|move|p2b: Oscar|Ice Beam|p1a: Meganium\n|-supereffective|p1a: Meganium|1\n|-damage|p1a: Meganium|12/100\n|-status|p1a: Meganium|frz\n|move|p2a: Oranguru|Instruct|p2b: Oscar\n|-singleturn|p2b: Oscar|move: Instruct|[of] p2a: Oranguru\n|move|p2b: Oscar|Ice Beam|p1a: Meganium\n|-supereffective|p1a: Meganium|1\n|-damage|p1a: Meganium|0 fnt\n|faint|p1a: Meganium\n|\n|upkeep\n|\n|t:|1776734224\n|switch|p1a: Aerodactyl|Aerodactyl, L50, F|55/100\n|-ability|p1a: Aerodactyl|Unnerve\n|turn|8\n|\n|t:|1776734245\n|move|p1a: Aerodactyl|Protect|p1a: Aerodactyl\n|-singleturn|p1a: Aerodactyl|Protect\n|move|p2b: Oscar|Surf|p1a: Aerodactyl|[spread] p1b\n|-activate|p1a: Aerodactyl|move: Protect\n|-activate|p2a: Oranguru|ability: Telepathy\n|-supereffective|p1b: Incineroar|1\n|-damage|p1b: Incineroar|0 fnt\n|faint|p1b: Incineroar\n|move|p2a: Oranguru|Instruct|p2b: Oscar\n|-singleturn|p2b: Oscar|move: Instruct|[of] p2a: Oranguru\n|move|p2b: Oscar|Surf|p1a: Aerodactyl|[spread] \n|-activate|p1a: Aerodactyl|move: Protect\n|-activate|p2a: Oranguru|ability: Telepathy\n|\n|upkeep\n|turn|9\n|\n|t:|1776734263\n|move|p1a: Aerodactyl|Protect||[still]\n|-fail|p1a: Aerodactyl\n|move|p2b: Oscar|Surf|p1a: Aerodactyl|[spread] p1a\n|-activate|p2a: Oranguru|ability: Telepathy\n|-supereffective|p1a: Aerodactyl|1\n|-damage|p1a: Aerodactyl|0 fnt\n|faint|p1a: Aerodactyl\n|\n|win|drumer sama\n|raw|konvux84's rating: 1192 &rarr; <strong>1165</strong><br />(-27 for losing)\n|raw|drumer sama's rating: 1164 &rarr; <strong>1191</strong><br />(+27 for winning)\n|l|\u2606konvux84\n|player|p1|\n",
  "uploadtime": 1776734270,
  "views": 4,
  "formatid": "gen9championsvgc2026regma",
  "rating": 1165,
  "private": 0,
  "password": null
}