{
  "id": "gen9championsvgc2026regma-2581579733",
  "format": "[Gen 9 Champions] VGC 2026 Reg M-A",
  "players": [
    "Not_A_Plant_Okay?",
    "Braute"
  ],
  "log": "|j|\u2606Not_A_Plant_Okay?\n|j|\u2606Braute\n|t:|1776012529\n|gametype|doubles\n|player|p1|Not_A_Plant_Okay?|cheryl|1123\n|player|p2|Braute|miku-fire|1205\n|gen|9\n|tier|[Gen 9 Champions] VGC 2026 Reg M-A\n|rated|\n|rule|Species Clause: Limit one of each Pok\u00e9mon\n|rule|Item Clause: Limit 1 of each item\n|clearpoke\n|poke|p1|Milotic, L50, M|\n|poke|p1|Meowstic, L50, M|\n|poke|p1|Greninja-*, L50, F|\n|poke|p1|Dragonite, L50, M|\n|poke|p1|Gardevoir, L50, F|\n|poke|p1|Rotom-Heat, L50|\n|poke|p2|Beedrill, L50, M|\n|poke|p2|Incineroar, L50, M|\n|poke|p2|Talonflame, L50, M|\n|poke|p2|Kingambit, L50, F|\n|poke|p2|Tyranitar, L50, F|\n|poke|p2|Excadrill, L50, M|\n|teampreview|4\n|inactive|Battle timer is ON: inactive players will automatically lose when time's up. (requested by Braute)\n|inactive|Not_A_Plant_Okay? has 60 seconds left.\n|inactive|Braute has 60 seconds left.\n|\n|t:|1776012579\n|teamsize|p1|4\n|teamsize|p2|4\n|start\n|switch|p1a: Meowstic|Meowstic, L50, M, shiny|100/100\n|switch|p1b: Greninja|Greninja, L50, F, shiny|100/100\n|switch|p2a: Beedrill|Beedrill, L50, M, shiny|100/100\n|switch|p2b: Incineroar|Incineroar, L50, M, shiny|100/100\n|-ability|p2b: Incineroar|Intimidate|boost\n|-unboost|p1a: Meowstic|atk|1\n|-unboost|p1b: Greninja|atk|1\n|turn|1\n|\n|t:|1776012597\n|detailschange|p1b: Greninja|Greninja-Mega, L50, F, shiny\n|-mega|p1b: Greninja|Greninja|Greninjite\n|detailschange|p2a: Beedrill|Beedrill-Mega, L50, M, shiny\n|-mega|p2a: Beedrill|Beedrill|Beedrillite\n|move|p1a: Meowstic|Fake Out|p2b: Incineroar\n|-damage|p2b: Incineroar|97/100\n|cant|p2b: Incineroar|flinch\n|move|p2a: Beedrill|Lunge|p1a: Meowstic\n|-supereffective|p1a: Meowstic|1\n|-enditem|p1a: Meowstic|Focus Sash\n|-damage|p1a: Meowstic|1/100\n|-unboost|p1a: Meowstic|atk|1\n|move|p1b: Greninja|Flip Turn|p2b: Incineroar\n|-start|p1b: Greninja|typechange|Water|[from] ability: Protean\n|-supereffective|p2b: Incineroar|1\n|-damage|p2b: Incineroar|54/100\n|\n|t:|1776012617\n|switch|p1b: Dragonite|Dragonite, L50, M, shiny|100/100|[from] Flip Turn\n|\n|upkeep\n|turn|2\n|\n|t:|1776012630\n|move|p1a: Meowstic|Rain Dance|p1a: Meowstic\n|-weather|RainDance\n|move|p2a: Beedrill|U-turn|p1b: Dragonite\n|-resisted|p1b: Dragonite|1\n|-damage|p1b: Dragonite|87/100\n|\n|t:|1776012634\n|switch|p2a: Tyranitar|Tyranitar, L50, F|100/100|[from] U-turn\n|-weather|Sandstorm|[from] ability: Sand Stream|[of] p2a: Tyranitar\n|move|p1b: Dragonite|Tailwind|p1b: Dragonite\n|-sidestart|p1: Not_A_Plant_Okay?|move: Tailwind\n|move|p2b: Incineroar|Parting Shot|p1b: Dragonite\n|-unboost|p1b: Dragonite|atk|1\n|-unboost|p1b: Dragonite|spa|1\n|inactive|Braute has 30 seconds left.\n|\n|t:|1776012660\n|switch|p2b: Excadrill|Excadrill, L50, M|100/100|[from] Parting Shot\n|\n|-weather|Sandstorm|[upkeep]\n|-damage|p1a: Meowstic|0 fnt|[from] Sandstorm\n|-damage|p1b: Dragonite|81/100|[from] Sandstorm\n|faint|p1a: Meowstic\n|upkeep\n|inactive|Not_A_Plant_Okay? has 30 seconds left.\n|\n|t:|1776012690\n|switch|p1a: Greninja|Greninja-Mega, L50, F, shiny|100/100\n|turn|3\n|\n|t:|1776012710\n|switch|p2b: Incineroar|Incineroar, L50, M, shiny|54/100\n|-ability|p2b: Incineroar|Intimidate|boost\n|-unboost|p1a: Greninja|atk|1\n|-unboost|p1b: Dragonite|atk|1\n|move|p1a: Greninja|Liquidation|p2b: Incineroar\n|-start|p1a: Greninja|typechange|Water|[from] ability: Protean\n|-supereffective|p2b: Incineroar|1\n|-damage|p2b: Incineroar|0 fnt\n|faint|p2b: Incineroar\n|move|p1b: Dragonite|Hurricane|p2a: Tyranitar|[miss]\n|-miss|p1b: Dragonite|p2a: Tyranitar\n|move|p2a: Tyranitar|Rock Slide|p1b: Dragonite|[spread] p1b\n|-miss|p2a: Tyranitar|p1a: Greninja\n|-supereffective|p1b: Dragonite|1\n|-damage|p1b: Dragonite|22/100\n|-enditem|p1b: Dragonite|Sitrus Berry|[eat]\n|-heal|p1b: Dragonite|47/100|[from] item: Sitrus Berry\n|\n|-weather|Sandstorm|[upkeep]\n|-damage|p1a: Greninja|94/100|[from] Sandstorm\n|-damage|p1b: Dragonite|41/100|[from] Sandstorm\n|upkeep\n|\n|t:|1776012725\n|switch|p2b: Excadrill|Excadrill, L50, M|100/100\n|turn|4\n|\n|t:|1776012738\n|move|p1a: Greninja|Liquidation|p2b: Excadrill\n|-supereffective|p2b: Excadrill|1\n|-damage|p2b: Excadrill|5/100\n|-unboost|p2b: Excadrill|def|1\n|move|p2b: Excadrill|High Horsepower|p1a: Greninja\n|-damage|p1a: Greninja|14/100\n|move|p1b: Dragonite|Roost|p1b: Dragonite\n|-heal|p1b: Dragonite|91/100\n|-singleturn|p1b: Dragonite|move: Roost\n|move|p2a: Tyranitar|Rock Slide|p1a: Greninja|[spread] p1a,p1b\n|-damage|p1a: Greninja|0 fnt\n|-damage|p1b: Dragonite|61/100\n|faint|p1a: Greninja\n|\n|-weather|Sandstorm|[upkeep]\n|-damage|p1b: Dragonite|55/100|[from] Sandstorm\n|upkeep\n|\n|t:|1776012750\n|switch|p1a: Milotic|Milotic, L50, M, shiny|100/100\n|turn|5\n|\n|t:|1776012758\n|move|p1b: Dragonite|Protect|p1b: Dragonite\n|-singleturn|p1b: Dragonite|Protect\n|move|p2a: Tyranitar|Protect|p2a: Tyranitar\n|-singleturn|p2a: Tyranitar|Protect\n|move|p2b: Excadrill|Rock Slide|p1a: Milotic|[spread] p1a\n|-activate|p1b: Dragonite|move: Protect\n|-damage|p1a: Milotic|71/100\n|cant|p1a: Milotic|flinch\n|\n|-weather|Sandstorm|[upkeep]\n|-damage|p1b: Dragonite|48/100|[from] Sandstorm\n|-damage|p1a: Milotic|65/100|[from] Sandstorm\n|-heal|p1a: Milotic|71/100|[from] item: Leftovers\n|-sideend|p1: Not_A_Plant_Okay?|move: Tailwind\n|upkeep\n|turn|6\n|\n|t:|1776012775\n|move|p1b: Dragonite|Protect||[still]\n|-fail|p1b: Dragonite\n|move|p2b: Excadrill|Rock Slide|p1b: Dragonite|[spread] p1a,p1b\n|-supereffective|p1b: Dragonite|1\n|-damage|p1a: Milotic|45/100\n|-damage|p1b: Dragonite|5/100\n|cant|p1a: Milotic|flinch\n|move|p2a: Tyranitar|Rock Slide|p1b: Dragonite|[spread] p1a,p1b\n|-supereffective|p1b: Dragonite|1\n|-damage|p1a: Milotic|6/100\n|-damage|p1b: Dragonite|0 fnt\n|faint|p1b: Dragonite\n|\n|-weather|none\n|-heal|p1a: Milotic|12/100|[from] item: Leftovers\n|upkeep\n|turn|7\n|-message|Not_A_Plant_Okay? forfeited.\n|\n|win|Braute\n|raw|Not_A_Plant_Okay?'s rating: 1123 &rarr; <strong>1104</strong><br />(-19 for losing)\n|raw|Braute's rating: 1205 &rarr; <strong>1224</strong><br />(+19 for winning)\n",
  "uploadtime": 1776012783,
  "views": 39,
  "formatid": "gen9championsvgc2026regma",
  "rating": 1104,
  "private": 0,
  "password": null
}