{
  "id": "gen9championsvgc2026regma-2582353337",
  "format": "[Gen 9 Champions] VGC 2026 Reg M-A",
  "players": [
    "Cemaik289",
    "migglol"
  ],
  "log": "|j|\u2606Cemaik289\n|j|\u2606migglol\n|t:|1776085792\n|gametype|doubles\n|player|p1|Cemaik289|2|1077\n|player|p2|migglol|policeman-gen4|1000\n|gen|9\n|tier|[Gen 9 Champions] VGC 2026 Reg M-A\n|rated|\n|rule|Species Clause: Limit one of each Pok\u00e9mon\n|rule|Item Clause: Limit 1 of each item\n|clearpoke\n|poke|p1|Floette-Eternal, L50, F|\n|poke|p1|Garchomp, L50, M|\n|poke|p1|Milotic, L50, F|\n|poke|p1|Incineroar, L50, M|\n|poke|p1|Charizard, L50, M|\n|poke|p1|Venusaur, L50, M|\n|poke|p2|Rotom-Wash, L50|\n|poke|p2|Ninetales-Alola, L50, F|\n|poke|p2|Whimsicott, L50, M|\n|poke|p2|Goodra-Hisui, L50, F|\n|poke|p2|Lucario, L50, M|\n|poke|p2|Glimmora, L50, F|\n|teampreview|4\n|\n|t:|1776085837\n|teamsize|p1|4\n|teamsize|p2|4\n|start\n|switch|p1a: Charizard|Charizard, L50, M, shiny|100/100\n|switch|p1b: Incineroar|Incineroar, L50, M|100/100\n|switch|p2a: Pointy|Glimmora, L50, F|100/100\n|switch|p2b: Frosted|Ninetales-Alola, L50, F|100/100\n|-weather|Snowscape|[from] ability: Snow Warning|[of] p2b: Frosted\n|-ability|p1b: Incineroar|Intimidate|boost\n|-unboost|p2a: Pointy|atk|1\n|-unboost|p2b: Frosted|atk|1\n|turn|1\n|\n|t:|1776085863\n|detailschange|p2a: Pointy|Glimmora-Mega, L50, F\n|-mega|p2a: Pointy|Glimmora|Glimmoranite\n|detailschange|p1a: Charizard|Charizard-Mega-Y, L50, M, shiny\n|-mega|p1a: Charizard|Charizard|Charizardite Y\n|-weather|SunnyDay|[from] ability: Drought|[of] p1a: Charizard\n|move|p1b: Incineroar|Fake Out|p2b: Frosted\n|-damage|p2b: Frosted|84/100\n|cant|p2b: Frosted|flinch\n|move|p2a: Pointy|Power Gem|p1a: Charizard\n|-supereffective|p1a: Charizard|2\n|-damage|p1a: Charizard|0 fnt\n|faint|p1a: Charizard\n|\n|-weather|SunnyDay|[upkeep]\n|upkeep\n|\n|t:|1776085882\n|switch|p1a: Venusaur|Venusaur, L50, M|100/100\n|turn|2\n|\n|t:|1776085905\n|switch|p2b: Goop|Goodra-Hisui, L50, F|100/100\n|move|p2a: Pointy|Spiky Shield|p2a: Pointy\n|-singleturn|p2a: Pointy|move: Protect\n|move|p1a: Venusaur|Energy Ball|p2a: Pointy\n|-activate|p2a: Pointy|move: Protect\n|move|p1b: Incineroar|Flare Blitz|p2b: Goop\n|-damage|p2b: Goop|56/100\n|-damage|p1b: Incineroar|84/100|[from] Recoil\n|\n|-weather|SunnyDay|[upkeep]\n|-heal|p2b: Goop|61/100|[from] item: Leftovers\n|upkeep\n|turn|3\n|\n|t:|1776085942\n|switch|p2a: Fists|Lucario, L50, M|100/100\n|move|p1a: Venusaur|Energy Ball|p2a: Fists\n|-resisted|p2a: Fists|1\n|-damage|p2a: Fists|78/100\n|move|p1b: Incineroar|Flare Blitz|p2b: Goop\n|-damage|p2b: Goop|10/100\n|-damage|p1b: Incineroar|65/100|[from] Recoil\n|move|p2b: Goop|Shelter|p2b: Goop\n|-boost|p2b: Goop|def|2\n|\n|-weather|SunnyDay|[upkeep]\n|-heal|p2b: Goop|16/100|[from] item: Leftovers\n|upkeep\n|turn|4\n|\n|t:|1776085976\n|move|p1a: Venusaur|Sleep Powder|p2a: Fists\n|-status|p2a: Fists|slp|[from] move: Sleep Powder\n|cant|p2a: Fists|slp\n|move|p2b: Goop|Rest|p2b: Goop\n|-status|p2b: Goop|slp|[from] move: Rest\n|-heal|p2b: Goop|100/100 slp|[silent]\n|move|p1b: Incineroar|Flare Blitz|p2b: Goop\n|-damage|p2b: Goop|76/100 slp\n|-damage|p1b: Incineroar|57/100|[from] Recoil\n|\n|-weather|SunnyDay|[upkeep]\n|-heal|p2b: Goop|82/100 slp|[from] item: Leftovers\n|upkeep\n|turn|5\n|\n|t:|1776086001\n|move|p1a: Venusaur|Energy Ball|p2b: Goop\n|-resisted|p2b: Goop|2\n|-damage|p2b: Goop|77/100 slp\n|cant|p2a: Fists|slp\n|move|p1b: Incineroar|Flare Blitz|p2b: Goop\n|-damage|p2b: Goop|52/100 slp\n|-damage|p1b: Incineroar|48/100|[from] Recoil\n|-enditem|p1b: Incineroar|Sitrus Berry|[eat]\n|-heal|p1b: Incineroar|72/100|[from] item: Sitrus Berry\n|cant|p2b: Goop|slp\n|move|p2b: Goop|Sleep Talk|p2b: Goop\n|move|p2b: Goop|Rest||[from] move: Sleep Talk|[still]\n|-fail|p2b: Goop\n|\n|-weather|none\n|-heal|p2b: Goop|58/100 slp|[from] item: Leftovers\n|upkeep\n|turn|6\n|\n|t:|1776086025\n|switch|p1b: Garchomp|Garchomp, L50, M, shiny|100/100\n|-curestatus|p2a: Fists|slp|[msg]\n|move|p2a: Fists|Aura Sphere|p1b: Garchomp\n|-damage|p1b: Garchomp|56/100\n|move|p1a: Venusaur|Energy Ball|p2a: Fists\n|-resisted|p2a: Fists|1\n|-damage|p2a: Fists|52/100\n|cant|p2b: Goop|slp\n|move|p2b: Goop|Sleep Talk|p2b: Goop\n|move|p2b: Goop|Body Press|p1b: Garchomp|[from] move: Sleep Talk\n|-damage|p1b: Garchomp|8/100\n|-damage|p2b: Goop|46/100 slp|[from] ability: Rough Skin|[of] p1b: Garchomp\n|\n|-heal|p2b: Goop|52/100 slp|[from] item: Leftovers\n|upkeep\n|turn|7\n|\n|t:|1776086056\n|move|p1b: Garchomp|Stomping Tantrum|p2a: Fists\n|-supereffective|p2a: Fists|1\n|-damage|p2a: Fists|0 fnt\n|faint|p2a: Fists\n|move|p1a: Venusaur|Energy Ball|p2b: Goop\n|-resisted|p2b: Goop|2\n|-damage|p2b: Goop|47/100 slp\n|-curestatus|p2b: Goop|slp|[msg]\n|move|p2b: Goop|Rest|p2b: Goop\n|-status|p2b: Goop|slp|[from] move: Rest\n|-heal|p2b: Goop|100/100 slp|[silent]\n|\n|upkeep\n|\n|t:|1776086071\n|switch|p2a: Frosted|Ninetales-Alola, L50, F|84/100\n|-weather|Snowscape|[from] ability: Snow Warning|[of] p2a: Frosted\n|turn|8\n|\n|t:|1776086082\n|move|p1b: Garchomp|Stomping Tantrum|p2a: Frosted\n|-damage|p2a: Frosted|47/100\n|move|p2a: Frosted|Blizzard|p1a: Venusaur|[spread] p1a,p1b\n|-supereffective|p1a: Venusaur|1\n|-supereffective|p1b: Garchomp|2\n|-damage|p1a: Venusaur|26/100\n|-damage|p1b: Garchomp|0 fnt\n|faint|p1b: Garchomp\n|move|p1a: Venusaur|Sludge Bomb|p2a: Frosted\n|-supereffective|p2a: Frosted|1\n|-damage|p2a: Frosted|0 fnt\n|faint|p2a: Frosted\n|cant|p2b: Goop|slp\n|move|p2b: Goop|Sleep Talk|p2b: Goop\n|move|p2b: Goop|Shelter|p2b: Goop|[from] move: Sleep Talk\n|-boost|p2b: Goop|def|2\n|\n|-weather|Snowscape|[upkeep]\n|upkeep\n|\n|t:|1776086101\n|switch|p2a: Pointy|Glimmora-Mega, L50, F|100/100\n|switch|p1b: Incineroar|Incineroar, L50, M|72/100\n|-ability|p1b: Incineroar|Intimidate|boost\n|-unboost|p2a: Pointy|atk|1\n|-unboost|p2b: Goop|atk|1\n|turn|9\n|\n|t:|1776086115\n|move|p2a: Pointy|Spiky Shield|p2a: Pointy\n|-singleturn|p2a: Pointy|move: Protect\n|move|p1b: Incineroar|Fake Out|p2a: Pointy\n|-activate|p2a: Pointy|move: Protect\n|-damage|p1b: Incineroar|60/100|[from] Spiky Shield|[of] p2a: Pointy\n|move|p1a: Venusaur|Energy Ball|p2a: Pointy\n|-activate|p2a: Pointy|move: Protect\n|cant|p2b: Goop|slp\n|move|p2b: Goop|Sleep Talk|p2b: Goop\n|move|p2b: Goop|Shelter|p2b: Goop|[from] move: Sleep Talk\n|-boost|p2b: Goop|def|2\n|\n|-weather|Snowscape|[upkeep]\n|upkeep\n|turn|10\n|\n|t:|1776086146\n|move|p2a: Pointy|Sludge Bomb|p1a: Venusaur\n|-damage|p1a: Venusaur|0 fnt\n|faint|p1a: Venusaur\n|-curestatus|p2b: Goop|slp|[msg]\n|move|p2b: Goop|Body Press|p1b: Incineroar\n|-supereffective|p1b: Incineroar|1\n|-damage|p1b: Incineroar|0 fnt\n|faint|p1b: Incineroar\n|\n|win|migglol\n|raw|Cemaik289's rating: 1077 &rarr; <strong>1051</strong><br />(-26 for losing)\n|raw|migglol's rating: 1000 &rarr; <strong>1049</strong><br />(+49 for winning)\n|l|\u2606Cemaik289\n|player|p1|\n",
  "uploadtime": 1776086158,
  "views": 18,
  "formatid": "gen9championsvgc2026regma",
  "rating": 1049,
  "private": 0,
  "password": null
}