{
  "id": "gen9championsvgc2026regma-2581296396",
  "format": "[Gen 9 Champions] VGC 2026 Reg M-A",
  "players": [
    "dasabe\u76d6\u6b27\u5361\u4fa0",
    "terence99"
  ],
  "log": "|j|\u2606dasabe\u76d6\u6b27\u5361\u4fa0\n|j|\u2606terence99\n|t:|1775982885\n|gametype|doubles\n|player|p1|dasabe\u76d6\u6b27\u5361\u4fa0|may-masters4|1276\n|player|p2|terence99|1|1177\n|gen|9\n|tier|[Gen 9 Champions] VGC 2026 Reg M-A\n|rated|\n|rule|Species Clause: Limit one of each Pok\u00e9mon\n|rule|Item Clause: Limit 1 of each item\n|clearpoke\n|poke|p1|Gengar, L50, M|\n|poke|p1|Incineroar, L50, M|\n|poke|p1|Whimsicott, L50, F|\n|poke|p1|Garchomp, L50, F|\n|poke|p1|Sneasler, L50, F|\n|poke|p1|Primarina, L50, F|\n|poke|p2|Drampa, L50, M|\n|poke|p2|Alakazam, L50, F|\n|poke|p2|Sinistcha, L50|\n|poke|p2|Scizor, L50, F|\n|poke|p2|Pelipper, L50, F|\n|poke|p2|Basculegion, L50, M|\n|teampreview|4\n|\n|t:|1775982933\n|teamsize|p1|4\n|teamsize|p2|4\n|start\n|switch|p1a: \u5996\u820d\u7cbe\u5566|Whimsicott, L50, F, shiny|100/100\n|switch|p1b: \u9b3c\u5934|Gengar, L50, M, shiny|100/100\n|switch|p2a: Scizor|Scizor, L50, F|100/100\n|switch|p2b: Sinistcha|Sinistcha, L50|100/100\n|turn|1\n|\n|t:|1775982945\n|detailschange|p1b: \u9b3c\u5934|Gengar-Mega, L50, M, shiny\n|-mega|p1b: \u9b3c\u5934|Gengar|Gengarite\n|move|p1a: \u5996\u820d\u7cbe\u5566|Fake Tears|p2b: Sinistcha\n|-unboost|p2b: Sinistcha|spd|2\n|move|p1b: \u9b3c\u5934|Shadow Ball|p2b: Sinistcha\n|-supereffective|p2b: Sinistcha|1\n|-damage|p2b: Sinistcha|0 fnt\n|faint|p2b: Sinistcha\n|move|p2a: Scizor|Swords Dance|p2a: Scizor\n|-boost|p2a: Scizor|atk|2\n|\n|upkeep\n|\n|t:|1775982969\n|switch|p2b: Pelipper|Pelipper, L50, F|100/100\n|-weather|RainDance|[from] ability: Drizzle|[of] p2b: Pelipper\n|turn|2\n|\n|t:|1775982994\n|move|p2a: Scizor|Protect|p2a: Scizor\n|-singleturn|p2a: Scizor|Protect\n|move|p1a: \u5996\u820d\u7cbe\u5566|Encore|p2a: Scizor\n|-activate|p2a: Scizor|move: Protect\n|move|p1b: \u9b3c\u5934|Perish Song|p1b: \u9b3c\u5934\n|-start|p1a: \u5996\u820d\u7cbe\u5566|perish3|[silent]\n|-start|p1b: \u9b3c\u5934|perish3|[silent]\n|-start|p2a: Scizor|perish3|[silent]\n|-start|p2b: Pelipper|perish3|[silent]\n|-fieldactivate|move: Perish Song\n|move|p2b: Pelipper|Weather Ball|p1b: \u9b3c\u5934\n|-damage|p1b: \u9b3c\u5934|32/100\n|\n|-weather|RainDance|[upkeep]\n|-start|p1b: \u9b3c\u5934|perish3\n|-start|p1a: \u5996\u820d\u7cbe\u5566|perish3\n|-start|p2b: Pelipper|perish3\n|-start|p2a: Scizor|perish3\n|upkeep\n|turn|3\n|\n|t:|1775983021\n|detailschange|p2a: Scizor|Scizor-Mega, L50, F\n|-mega|p2a: Scizor|Scizor|Scizorite\n|move|p1b: \u9b3c\u5934|Protect|p1b: \u9b3c\u5934\n|-singleturn|p1b: \u9b3c\u5934|Protect\n|move|p1a: \u5996\u820d\u7cbe\u5566|Encore|p2a: Scizor\n|-start|p2a: Scizor|Encore\n|move|p2a: Scizor|Protect|p2a: Scizor\n|-singleturn|p2a: Scizor|Protect\n|move|p2b: Pelipper|Hurricane|p1b: \u9b3c\u5934\n|-activate|p1b: \u9b3c\u5934|move: Protect\n|\n|-weather|RainDance|[upkeep]\n|-start|p1b: \u9b3c\u5934|perish2\n|-start|p1a: \u5996\u820d\u7cbe\u5566|perish2\n|-start|p2b: Pelipper|perish2\n|-start|p2a: Scizor|perish2\n|upkeep\n|turn|4\n|\n|t:|1775983035\n|move|p2a: Scizor|Protect||[still]\n|-fail|p2a: Scizor\n|move|p1b: \u9b3c\u5934|Sludge Bomb|p2b: Pelipper\n|-damage|p2b: Pelipper|15/100\n|-status|p2b: Pelipper|psn\n|move|p1a: \u5996\u820d\u7cbe\u5566|Moonblast|p2b: Pelipper\n|-damage|p2b: Pelipper|0 fnt\n|faint|p2b: Pelipper\n|\n|-weather|RainDance|[upkeep]\n|-start|p1b: \u9b3c\u5934|perish1\n|-start|p1a: \u5996\u820d\u7cbe\u5566|perish1\n|-start|p2a: Scizor|perish1\n|upkeep\n|\n|t:|1775983040\n|switch|p2b: Basculegion|Basculegion, L50, M|100/100\n|turn|5\n|\n|t:|1775983051\n|switch|p1b: \u629b\u5f00\u864e\u54e5\u54ee\u7a74|Incineroar, L50, M, shiny|100/100\n|-ability|p1b: \u629b\u5f00\u864e\u54e5\u54ee\u7a74|Intimidate|boost\n|-unboost|p2a: Scizor|atk|1\n|-unboost|p2b: Basculegion|atk|1\n|switch|p1a: \u62c9\u6016\u6016|Sneasler, L50, F, shiny|100/100\n|move|p2a: Scizor|Protect|p2a: Scizor\n|-singleturn|p2a: Scizor|Protect\n|move|p2b: Basculegion|Wave Crash|p1b: \u629b\u5f00\u864e\u54e5\u54ee\u7a74\n|-supereffective|p1b: \u629b\u5f00\u864e\u54e5\u54ee\u7a74|1\n|-damage|p1b: \u629b\u5f00\u864e\u54e5\u54ee\u7a74|0 fnt\n|faint|p1b: \u629b\u5f00\u864e\u54e5\u54ee\u7a74\n|-damage|p2b: Basculegion|66/100|[from] Recoil\n|\n|-weather|RainDance|[upkeep]\n|-end|p2a: Scizor|Encore\n|-start|p2a: Scizor|perish0\n|faint|p2a: Scizor\n|upkeep\n|\n|t:|1775983057\n|switch|p1b: \u5996\u820d\u7cbe\u5566|Whimsicott, L50, F, shiny|100/100\n|turn|6\n|-message|terence99 forfeited.\n|\n|win|dasabe\u76d6\u6b27\u5361\u4fa0\n|raw|dasabe\u76d6\u6b27\u5361\u4fa0's rating: 1276 &rarr; <strong>1294</strong><br />(+18 for winning)\n|raw|terence99's rating: 1177 &rarr; <strong>1159</strong><br />(-18 for losing)\n|l|\u2606terence99\n|player|p2|\n",
  "uploadtime": 1775983069,
  "views": 15,
  "formatid": "gen9championsvgc2026regma",
  "rating": 1159,
  "private": 0,
  "password": null
}