{
  "id": "gen9championsvgc2026regma-2587503040",
  "format": "[Gen 9 Champions] VGC 2026 Reg M-A",
  "players": [
    "henitusec",
    "busterbunner"
  ],
  "log": "|j|\u2606henitusec\n|j|\u2606busterbunner\n|t:|1776537334\n|gametype|doubles\n|player|p1|henitusec|steven-masters|1177\n|player|p2|busterbunner|grimsley|1075\n|gen|9\n|tier|[Gen 9 Champions] VGC 2026 Reg M-A\n|rated|\n|rule|Species Clause: Limit one of each Pok\u00e9mon\n|rule|Item Clause: Limit 1 of each item\n|clearpoke\n|poke|p1|Froslass, L50, F|\n|poke|p1|Garchomp, L50, F|\n|poke|p1|Rotom-Frost, L50|\n|poke|p1|Empoleon, L50, F|\n|poke|p1|Incineroar, L50, M|\n|poke|p1|Kingambit, L50, F|\n|poke|p2|Lucario, L50, M|\n|poke|p2|Glimmora, L50, F|\n|poke|p2|Whimsicott, L50, F|\n|poke|p2|Gyarados, L50, M, shiny|\n|poke|p2|Politoed, L50, M, shiny|\n|poke|p2|Garchomp, L50, F|\n|teampreview|4\n|inactive|Battle timer is ON: inactive players will automatically lose when time's up. (requested by henitusec)\n|inactive|busterbunner also wants the timer to be on.\n|inactive|busterbunner has 60 seconds left.\n|\n|t:|1776537366\n|teamsize|p1|4\n|teamsize|p2|4\n|start\n|switch|p1a: Froslass|Froslass, L50, F|100/100\n|switch|p1b: Empoleon|Empoleon, L50, F|100/100\n|switch|p2a: Whimsicott|Whimsicott, L50, F|100/100\n|switch|p2b: Lucario|Lucario, L50, M|100/100\n|turn|1\n|inactive|henitusec has 30 seconds left.\n|\n|t:|1776537391\n|detailschange|p1a: Froslass|Froslass-Mega, L50, F\n|-mega|p1a: Froslass|Froslass|Froslassite\n|-weather|Snowscape|[from] ability: Snow Warning|[of] p1a: Froslass\n|move|p2a: Whimsicott|Tailwind|p2a: Whimsicott\n|-sidestart|p2: busterbunner|move: Tailwind\n|move|p2b: Lucario|Final Gambit|p1b: Empoleon\n|-damage|p1b: Empoleon|8/100\n|faint|p2b: Lucario\n|move|p1a: Froslass|Blizzard|p2a: Whimsicott\n|-supereffective|p2a: Whimsicott|1\n|-enditem|p2a: Whimsicott|Focus Sash\n|-damage|p2a: Whimsicott|1/100\n|move|p1b: Empoleon|Blizzard|p2a: Whimsicott\n|-supereffective|p2a: Whimsicott|1\n|-damage|p2a: Whimsicott|0 fnt\n|faint|p2a: Whimsicott\n|\n|-weather|Snowscape|[upkeep]\n|-heal|p1b: Empoleon|14/100|[from] item: Leftovers\n|upkeep\n|\n|t:|1776537401\n|switch|p2a: Gyarados|Gyarados, L50, M, shiny|100/100\n|switch|p2b: Politoed|Politoed, L50, M, shiny|100/100\n|-ability|p2a: Gyarados|Intimidate|boost\n|-unboost|p1a: Froslass|atk|1\n|-unboost|p1b: Empoleon|atk|1\n|-ability|p1b: Empoleon|Competitive|boost\n|-boost|p1b: Empoleon|spa|2\n|-weather|RainDance|[from] ability: Drizzle|[of] p2b: Politoed\n|turn|2\n|\n|t:|1776537422\n|switch|p1a: Garchomp|Garchomp, L50, F|100/100\n|detailschange|p2a: Gyarados|Gyarados-Mega, L50, M, shiny\n|-mega|p2a: Gyarados|Gyarados|Gyaradosite\n|-ability|p2a: Gyarados|Mold Breaker\n|move|p2a: Gyarados|Crunch|p1a: Garchomp\n|-damage|p1a: Garchomp|56/100\n|-damage|p2a: Gyarados|88/100|[from] ability: Rough Skin|[of] p1a: Garchomp\n|move|p2b: Politoed|Muddy Water|p1a: Garchomp|[spread] \n|-miss|p2b: Politoed|p1a: Garchomp\n|-miss|p2b: Politoed|p1b: Empoleon\n|move|p1b: Empoleon|Blizzard|p2a: Gyarados|[spread] \n|-miss|p1b: Empoleon|p2a: Gyarados\n|-miss|p1b: Empoleon|p2b: Politoed\n|\n|-weather|RainDance|[upkeep]\n|-heal|p1b: Empoleon|19/100|[from] item: Leftovers\n|upkeep\n|turn|3\n|\n|t:|1776537441\n|move|p1a: Garchomp|Protect|p1a: Garchomp\n|-singleturn|p1a: Garchomp|Protect\n|move|p1b: Empoleon|Protect|p1b: Empoleon\n|-singleturn|p1b: Empoleon|Protect\n|move|p2a: Gyarados|Waterfall|p1a: Garchomp\n|-activate|p1a: Garchomp|move: Protect\n|move|p2b: Politoed|Muddy Water|p1a: Garchomp|[spread] \n|-activate|p1a: Garchomp|move: Protect\n|-activate|p1b: Empoleon|move: Protect\n|\n|-weather|RainDance|[upkeep]\n|-heal|p1b: Empoleon|25/100|[from] item: Leftovers\n|upkeep\n|turn|4\n|\n|t:|1776537457\n|switch|p1a: Rotom|Rotom-Frost, L50|100/100\n|move|p2a: Gyarados|Crunch|p1b: Empoleon\n|-damage|p1b: Empoleon|0 fnt\n|faint|p1b: Empoleon\n|move|p2b: Politoed|Ice Beam|p1a: Rotom\n|-resisted|p1a: Rotom|1\n|-damage|p1a: Rotom|86/100\n|\n|-weather|RainDance|[upkeep]\n|-sideend|p2: busterbunner|move: Tailwind\n|upkeep\n|\n|t:|1776537469\n|switch|p1b: Froslass|Froslass-Mega, L50, F|100/100\n|-weather|Snowscape|[from] ability: Snow Warning|[of] p1b: Froslass\n|turn|5\n|\n|t:|1776537482\n|move|p2b: Politoed|Protect|p2b: Politoed\n|-singleturn|p2b: Politoed|Protect\n|move|p1a: Rotom|Electroweb|p2a: Gyarados|[spread] p2a\n|-activate|p2b: Politoed|move: Protect\n|-supereffective|p2a: Gyarados|1\n|-damage|p2a: Gyarados|59/100\n|-unboost|p2a: Gyarados|spe|1\n|move|p1b: Froslass|Blizzard|p2b: Politoed|[spread] p2a\n|-activate|p2b: Politoed|move: Protect\n|-resisted|p2a: Gyarados|1\n|-damage|p2a: Gyarados|40/100\n|move|p2a: Gyarados|Dragon Dance|p2a: Gyarados\n|-boost|p2a: Gyarados|atk|1\n|-boost|p2a: Gyarados|spe|1\n|\n|-weather|Snowscape|[upkeep]\n|upkeep\n|turn|6\n|\n|t:|1776537499\n|move|p1a: Rotom|Electroweb|p2a: Gyarados|[spread] p2a,p2b\n|-supereffective|p2a: Gyarados|1\n|-supereffective|p2b: Politoed|1\n|-damage|p2a: Gyarados|11/100\n|-damage|p2b: Politoed|66/100\n|-unboost|p2a: Gyarados|spe|1\n|-unboost|p2b: Politoed|spe|1\n|move|p1b: Froslass|Shadow Ball|p2a: Gyarados\n|-resisted|p2a: Gyarados|1\n|-damage|p2a: Gyarados|0 fnt\n|faint|p2a: Gyarados\n|move|p2b: Politoed|Muddy Water|p1b: Froslass|[spread] p1a,p1b\n|-damage|p1a: Rotom|54/100\n|-damage|p1b: Froslass|73/100\n|-unboost|p1a: Rotom|accuracy|1\n|\n|-weather|Snowscape|[upkeep]\n|-heal|p2b: Politoed|72/100|[from] item: Leftovers\n|upkeep\n|turn|7\n|\n|t:|1776537515\n|move|p1a: Rotom|Electroweb|p2b: Politoed|[miss]\n|-miss|p1a: Rotom|p2b: Politoed\n|move|p1b: Froslass|Shadow Ball|p2b: Politoed\n|-damage|p2b: Politoed|31/100\n|move|p2b: Politoed|Muddy Water|p1a: Rotom|[spread] p1a\n|-miss|p2b: Politoed|p1b: Froslass\n|-damage|p1a: Rotom|20/100\n|\n|-weather|Snowscape|[upkeep]\n|-heal|p2b: Politoed|38/100|[from] item: Leftovers\n|upkeep\n|turn|8\n|\n|t:|1776537525\n|move|p1a: Rotom|Electroweb|p2b: Politoed\n|-supereffective|p2b: Politoed|1\n|-damage|p2b: Politoed|0 fnt\n|faint|p2b: Politoed\n|\n|win|henitusec\n|raw|henitusec's rating: 1177 &rarr; <strong>1195</strong><br />(+18 for winning)\n|raw|busterbunner's rating: 1075 &rarr; <strong>1060</strong><br />(-15 for losing)\n",
  "uploadtime": 1776537528,
  "views": 11,
  "formatid": "gen9championsvgc2026regma",
  "rating": 1060,
  "private": 0,
  "password": null
}