{
  "id": "gen9championsvgc2026regma-2588212816",
  "format": "[Gen 9 Champions] VGC 2026 Reg M-A",
  "players": [
    "restingiko",
    "Johten"
  ],
  "log": "|j|\u2606restingiko\n|j|\u2606Johten\n|t:|1776614909\n|gametype|doubles\n|player|p1|restingiko|pokemaniac|1186\n|player|p2|Johten|169|1137\n|gen|9\n|tier|[Gen 9 Champions] VGC 2026 Reg M-A\n|rated|\n|rule|Species Clause: Limit one of each Pok\u00e9mon\n|rule|Item Clause: Limit 1 of each item\n|clearpoke\n|poke|p1|Gengar, L50, M|\n|poke|p1|Primarina, L50, M|\n|poke|p1|Garchomp, L50, F|\n|poke|p1|Incineroar, L50, F|\n|poke|p1|Whimsicott, L50, M|\n|poke|p1|Sneasler, L50, F|\n|poke|p2|Raichu, L50, F|\n|poke|p2|Farigiraf, L50, F|\n|poke|p2|Sinistcha, L50|\n|poke|p2|Aggron, L50, F|\n|poke|p2|Gallade, L50, M|\n|poke|p2|Rotom-Heat, L50|\n|teampreview|4\n|inactive|Battle timer is ON: inactive players will automatically lose when time's up. (requested by Johten)\n|inactive|restingiko also wants the timer to be on.\n|inactive|Johten has 60 seconds left.\n|\n|t:|1776614940\n|teamsize|p1|4\n|teamsize|p2|4\n|start\n|switch|p1a: Primarina|Primarina, L50, M|100/100\n|switch|p1b: Sneasler|Sneasler, L50, F|100/100\n|switch|p2a: Raichu|Raichu, L50, F|100/100\n|switch|p2b: Farigiraf|Farigiraf, L50, F|100/100\n|turn|1\n|inactive|restingiko has 30 seconds left.\n|inactive|restingiko has 20 seconds left.\n|\n|t:|1776614977\n|switch|p1a: Garchomp|Garchomp, L50, F|100/100\n|move|p2a: Raichu|Fake Out|p1a: Garchomp\n|-damage|p1a: Garchomp|93/100\n|-damage|p2a: Raichu|89/100|[from] ability: Rough Skin|[of] p1a: Garchomp\n|move|p1b: Sneasler|Close Combat|p2b: Farigiraf\n|-damage|p2b: Farigiraf|45/100\n|-unboost|p1b: Sneasler|def|1\n|-unboost|p1b: Sneasler|spd|1\n|-enditem|p2b: Farigiraf|Sitrus Berry|[eat]\n|-heal|p2b: Farigiraf|69/100|[from] item: Sitrus Berry\n|-enditem|p1b: Sneasler|White Herb\n|-clearnegativeboost|p1b: Sneasler|[silent]\n|move|p2b: Farigiraf|Twin Beam|p1b: Sneasler\n|-supereffective|p1b: Sneasler|2\n|-damage|p1b: Sneasler|16/100\n|-supereffective|p1b: Sneasler|2\n|-damage|p1b: Sneasler|0 fnt\n|faint|p1b: Sneasler\n|-hitcount|p1: Sneasler|2\n|\n|upkeep\n|inactive|restingiko has 30 seconds left.\n|\n|t:|1776615002\n|switch|p1b: Gengar|Gengar, L50, M|100/100\n|turn|2\n|\n|t:|1776615024\n|detailschange|p1b: Gengar|Gengar-Mega, L50, M\n|-mega|p1b: Gengar|Gengar|Gengarite\n|move|p1b: Gengar|Protect|p1b: Gengar\n|-singleturn|p1b: Gengar|Protect\n|move|p1a: Garchomp|Earthquake|p2b: Farigiraf|[spread] p2a,p2b\n|-activate|p1b: Gengar|move: Protect\n|-supereffective|p2a: Raichu|1\n|-enditem|p2a: Raichu|Shuca Berry|[eat]\n|-enditem|p2a: Raichu|Shuca Berry|[weaken]\n|-damage|p2a: Raichu|20/100\n|-damage|p2b: Farigiraf|36/100\n|move|p2a: Raichu|Volt Switch|p1b: Gengar\n|-activate|p1b: Gengar|move: Protect\n|move|p2b: Farigiraf|Beat Up|p2a: Raichu\n|-damage|p2a: Raichu|15/100\n|-damage|p2a: Raichu|10/100\n|-damage|p2a: Raichu|5/100\n|-damage|p2a: Raichu|1/100\n|-hitcount|p2a: Raichu|4\n|\n|upkeep\n|turn|3\n|inactive|restingiko has 30 seconds left.\n|inactive|Johten has 30 seconds left.\n|inactive|Johten has 20 seconds left.\n|inactive|Johten has 15 seconds left.\n|\n|t:|1776615067\n|switch|p1a: Primarina|Primarina, L50, M|100/100\n|move|p2b: Farigiraf|Protect|p2b: Farigiraf\n|-singleturn|p2b: Farigiraf|Protect\n|move|p1b: Gengar|Sludge Bomb|p2b: Farigiraf\n|-activate|p2b: Farigiraf|move: Protect\n|move|p2a: Raichu|Volt Switch|p1b: Gengar\n|-damage|p1b: Gengar|70/100\n|\n|t:|1776615079\n|switch|p2a: Rotom|Rotom-Heat, L50|100/100|[from] Volt Switch\n|\n|upkeep\n|turn|4\n|inactive|restingiko has 30 seconds left.\n|\n|t:|1776615104\n|move|p2a: Rotom|Volt Switch|p1a: Primarina\n|-supereffective|p1a: Primarina|1\n|-damage|p1a: Primarina|46/100\n|\n|t:|1776615114\n|switch|p2a: Raichu|Raichu, L50, F|1/100|[from] Volt Switch\n|move|p1b: Gengar|Sludge Bomb|p2a: Raichu\n|-crit|p2a: Raichu\n|-damage|p2a: Raichu|0 fnt\n|faint|p2a: Raichu\n|move|p1a: Primarina|Hyper Voice|p2b: Farigiraf\n|-damage|p2b: Farigiraf|0 fnt\n|faint|p2b: Farigiraf\n|\n|-heal|p1a: Primarina|52/100|[from] item: Leftovers\n|upkeep\n|\n|t:|1776615125\n|switch|p2a: Gallade|Gallade, L50, M|100/100\n|switch|p2b: Rotom|Rotom-Heat, L50|100/100\n|turn|5\n|inactive|restingiko has 30 seconds left.\n|\n|t:|1776615159\n|move|p2a: Gallade|Protect|p2a: Gallade\n|-singleturn|p2a: Gallade|Protect\n|move|p1a: Primarina|Protect|p1a: Primarina\n|-singleturn|p1a: Primarina|Protect\n|move|p2b: Rotom|Trick|p1a: Primarina\n|-activate|p1a: Primarina|move: Protect\n|move|p1b: Gengar|Sludge Bomb|p2a: Gallade\n|-activate|p2a: Gallade|move: Protect\n|\n|-heal|p1a: Primarina|58/100|[from] item: Leftovers\n|upkeep\n|turn|6\n|inactive|restingiko has 30 seconds left.\n|\n|t:|1776615186\n|switch|p1a: Garchomp|Garchomp, L50, F|93/100\n|detailschange|p2a: Gallade|Gallade-Mega, L50, M\n|-mega|p2a: Gallade|Gallade|Galladite\n|move|p2b: Rotom|Trick|p1a: Garchomp\n|-activate|p2b: Rotom|move: Trick|[of] p1a: Garchomp\n|-item|p1a: Garchomp|Choice Scarf|[from] move: Trick\n|-item|p2b: Rotom|Choice Scarf|[from] move: Trick\n|move|p1b: Gengar|Perish Song|p1b: Gengar\n|-start|p1a: Garchomp|perish3|[silent]\n|-start|p1b: Gengar|perish3|[silent]\n|-start|p2a: Gallade|perish3|[silent]\n|-start|p2b: Rotom|perish3|[silent]\n|-fieldactivate|move: Perish Song\n|move|p2a: Gallade|Ice Punch|p1a: Garchomp\n|-supereffective|p1a: Garchomp|2\n|-damage|p1a: Garchomp|0 fnt\n|-damage|p2a: Gallade|88/100|[from] ability: Rough Skin|[of] p1a: Garchomp\n|faint|p1a: Garchomp\n|\n|-start|p2b: Rotom|perish3\n|-start|p1b: Gengar|perish3\n|-start|p2a: Gallade|perish3\n|upkeep\n|\n|t:|1776615203\n|switch|p1a: Primarina|Primarina, L50, M|58/100\n|turn|7\n|inactive|restingiko has 30 seconds left.\n|\n|t:|1776615231\n|move|p1a: Primarina|Protect|p1a: Primarina\n|-singleturn|p1a: Primarina|Protect\n|move|p2b: Rotom|Trick||[still]\n|-fail|p2b: Rotom\n|move|p1b: Gengar|Sludge Bomb|p2a: Gallade\n|-damage|p2a: Gallade|32/100\n|move|p2a: Gallade|Psycho Cut|p1b: Gengar\n|-supereffective|p1b: Gengar|1\n|-damage|p1b: Gengar|0 fnt\n|faint|p1b: Gengar\n|\n|-heal|p1a: Primarina|64/100|[from] item: Leftovers\n|-start|p2b: Rotom|perish2\n|-start|p2a: Gallade|perish2\n|upkeep\n|turn|8\n|inactive|restingiko has 30 seconds left.\n|\n|t:|1776615257\n|move|p2b: Rotom|Trick|p1a: Primarina\n|-activate|p2b: Rotom|move: Trick|[of] p1a: Primarina\n|-item|p1a: Primarina|Choice Scarf|[from] move: Trick\n|-item|p2b: Rotom|Leftovers|[from] move: Trick\n|move|p2a: Gallade|Psycho Cut|p1a: Primarina\n|-damage|p1a: Primarina|22/100\n|move|p1a: Primarina|Moonblast|p2a: Gallade\n|-supereffective|p2a: Gallade|1\n|-damage|p2a: Gallade|0 fnt\n|faint|p2a: Gallade\n|\n|-start|p2b: Rotom|perish1\n|upkeep\n|turn|9\n|\n|t:|1776615279\n|move|p2b: Rotom|Volt Switch|p1a: Primarina\n|-supereffective|p1a: Primarina|1\n|-damage|p1a: Primarina|0 fnt\n|faint|p1a: Primarina\n|\n|win|Johten\n|raw|restingiko's rating: 1186 &rarr; <strong>1157</strong><br />(-29 for losing)\n|raw|Johten's rating: 1137 &rarr; <strong>1166</strong><br />(+29 for winning)\n|l|\u2606restingiko\n|player|p1|\n",
  "uploadtime": 1776615289,
  "views": 15,
  "formatid": "gen9championsvgc2026regma",
  "rating": 1157,
  "private": 0,
  "password": null
}