{
  "id": "gen9championsvgc2026regma-2587720913",
  "format": "[Gen 9 Champions] VGC 2026 Reg M-A",
  "players": [
    "mrthesmileperson",
    "yrfjngdfhsf"
  ],
  "log": "|j|\u203dmrthesmileperson\n|j|\u2606yrfjngdfhsf\n|t:|1776557281\n|gametype|doubles\n|player|p1|mrthesmileperson|102|1127\n|player|p2|yrfjngdfhsf|hilbert-wonderlauncher|1036\n|gen|9\n|tier|[Gen 9 Champions] VGC 2026 Reg M-A\n|rated|\n|rule|Species Clause: Limit one of each Pok\u00e9mon\n|rule|Item Clause: Limit 1 of each item\n|clearpoke\n|poke|p1|Beedrill, L50, F|\n|poke|p1|Incineroar, L50, F|\n|poke|p1|Clefable, L50, M|\n|poke|p1|Jolteon, L50, M|\n|poke|p1|Pelipper, L50, F|\n|poke|p1|Meganium, L50, M|\n|poke|p2|Garchomp, L50, M, shiny|\n|poke|p2|Gengar, L50, M|\n|poke|p2|Incineroar, L50, F|\n|poke|p2|Sneasler, L50, M|\n|poke|p2|Froslass, L50, F|\n|poke|p2|Whimsicott, L50, F|\n|teampreview|4\nyrfjngdfhsf has agreed to open team sheets.\n|\n|t:|1776557311\n|teamsize|p1|4\n|teamsize|p2|4\n|start\n|switch|p1a: Beedrill|Beedrill, L50, F|100/100\n|switch|p1b: Clefable|Clefable, L50, M|100/100\n|switch|p2a: Froslass|Froslass, L50, F|100/100\n|switch|p2b: Incineroar|Incineroar, L50, F|100/100\n|-ability|p2b: Incineroar|Intimidate|boost\n|-unboost|p1a: Beedrill|atk|1\n|-unboost|p1b: Clefable|atk|1\n|turn|1\n|\n|t:|1776557358\n|detailschange|p1a: Beedrill|Beedrill-Mega, L50, F\n|-mega|p1a: Beedrill|Beedrill|Beedrillite\n|move|p1b: Clefable|Protect|p1b: Clefable\n|-singleturn|p1b: Clefable|Protect\n|move|p2b: Incineroar|Fake Out|p1b: Clefable\n|-activate|p1b: Clefable|move: Protect\n|move|p1a: Beedrill|U-turn|p2a: Froslass\n|-resisted|p2a: Froslass|1\n|-damage|p2a: Froslass|67/100\n|\n|t:|1776557369\n|switch|p1a: Jolteon|Jolteon, L50, M|100/100|[from] U-turn\n|move|p2a: Froslass|Icy Wind|p1a: Jolteon|[spread] p1a\n|-activate|p1b: Clefable|move: Protect\n|-damage|p1a: Jolteon|75/100\n|-unboost|p1a: Jolteon|spe|1\n|\n|upkeep\n|turn|2\n|\n|t:|1776557390\n|switch|p2a: Garchomp|Garchomp, L50, M, shiny|100/100\n|move|p1a: Jolteon|Electroweb|p2b: Incineroar|[spread] p2b\n|-immune|p2a: Garchomp\n|-damage|p2b: Incineroar|81/100\n|-unboost|p2b: Incineroar|spe|1\n|move|p1b: Clefable|Encore||[still]\n|-fail|p1b: Clefable\n|move|p2b: Incineroar|Flare Blitz|p1a: Jolteon\n|-damage|p1a: Jolteon|0 fnt\n|faint|p1a: Jolteon\n|-damage|p2b: Incineroar|63/100|[from] Recoil\n|\n|upkeep\n|\n|t:|1776557404\n|switch|p1a: Pelipper|Pelipper, L50, F|100/100\n|-weather|RainDance|[from] ability: Drizzle|[of] p1a: Pelipper\n|turn|3\n|\n|t:|1776557415\n|move|p2a: Garchomp|Protect|p2a: Garchomp\n|-singleturn|p2a: Garchomp|Protect\n|move|p1a: Pelipper|Tailwind|p1a: Pelipper\n|-sidestart|p1: mrthesmileperson|move: Tailwind\n|move|p1b: Clefable|Ice Beam|p2a: Garchomp\n|-activate|p2a: Garchomp|move: Protect\n|move|p2b: Incineroar|Parting Shot|p1a: Pelipper\n|-unboost|p1a: Pelipper|atk|1\n|-unboost|p1a: Pelipper|spa|1\n|\n|t:|1776557431\n|switch|p2b: Froslass|Froslass, L50, F|67/100|[from] Parting Shot\n|\n|-weather|RainDance|[upkeep]\n|upkeep\n|turn|4\n|\n|t:|1776557446\n|switch|p2a: Incineroar|Incineroar, L50, F|63/100\n|-ability|p2a: Incineroar|Intimidate|boost\n|-unboost|p1a: Pelipper|atk|1\n|-unboost|p1b: Clefable|atk|1\n|detailschange|p2b: Froslass|Froslass-Mega, L50, F\n|-mega|p2b: Froslass|Froslass|Froslassite\n|-weather|Snowscape|[from] ability: Snow Warning|[of] p2b: Froslass\n|move|p1a: Pelipper|Wide Guard|p1a: Pelipper\n|-singleturn|p1a: Pelipper|Wide Guard\n|move|p2b: Froslass|Aurora Veil|p2b: Froslass\n|-sidestart|p2: yrfjngdfhsf|move: Aurora Veil\n|move|p1b: Clefable|Ice Beam|p2a: Incineroar\n|-resisted|p2a: Incineroar|1\n|-damage|p2a: Incineroar|56/100\n|\n|-weather|Snowscape|[upkeep]\n|upkeep\n|turn|5\n|\n|t:|1776557482\n|switch|p1a: Beedrill|Beedrill-Mega, L50, F|100/100\n|move|p2b: Froslass|Blizzard|p1a: Beedrill|[spread] p1a,p1b\n|-damage|p1a: Beedrill|18/100\n|-damage|p1b: Clefable|52/100\n|move|p1b: Clefable|Encore|p2b: Froslass\n|-start|p2b: Froslass|Encore\n|move|p2a: Incineroar|Flare Blitz|p1b: Clefable\n|-damage|p1b: Clefable|1/100\n|-damage|p2a: Incineroar|37/100|[from] Recoil\n|-enditem|p2a: Incineroar|Sitrus Berry|[eat]\n|-heal|p2a: Incineroar|62/100|[from] item: Sitrus Berry\n|\n|-weather|Snowscape|[upkeep]\n|-heal|p1b: Clefable|7/100|[from] item: Leftovers\n|upkeep\n|turn|6\n|\n|t:|1776557512\n|move|p1b: Clefable|Protect|p1b: Clefable\n|-singleturn|p1b: Clefable|Protect\n|move|p1a: Beedrill|Drill Run|p2b: Froslass\n|-damage|p2b: Froslass|44/100\n|move|p2b: Froslass|Blizzard|p1b: Clefable|[spread] p1a\n|-activate|p1b: Clefable|move: Protect\n|-damage|p1a: Beedrill|0 fnt\n|faint|p1a: Beedrill\n|move|p2a: Incineroar|Parting Shot|p1b: Clefable\n|-activate|p1b: Clefable|move: Protect\n|\n|-weather|Snowscape|[upkeep]\n|-heal|p1b: Clefable|13/100|[from] item: Leftovers\n|-sideend|p1: mrthesmileperson|move: Tailwind\n|upkeep\n|\n|t:|1776557528\n|switch|p1a: Pelipper|Pelipper, L50, F|100/100\n|-weather|RainDance|[from] ability: Drizzle|[of] p1a: Pelipper\n|turn|7\n|\n|t:|1776557540\n|switch|p2b: Garchomp|Garchomp, L50, M, shiny|100/100\n|move|p1b: Clefable|Follow Me|p1b: Clefable\n|-singleturn|p1b: Clefable|move: Follow Me\n|move|p1a: Pelipper|Weather Ball|p2a: Incineroar\n|-supereffective|p2a: Incineroar|1\n|-damage|p2a: Incineroar|0 fnt\n|faint|p2a: Incineroar\n|\n|-weather|RainDance|[upkeep]\n|-heal|p1b: Clefable|19/100|[from] item: Leftovers\n|upkeep\n|\n|t:|1776557550\n|switch|p2a: Sneasler|Sneasler, L50, M|100/100\n|turn|8\n|-message|mrthesmileperson forfeited.\n|\n|win|yrfjngdfhsf\n|raw|mrthesmileperson's rating: 1127 &rarr; <strong>1096</strong><br />(-31 for losing)\n|raw|yrfjngdfhsf's rating: 1036 &rarr; <strong>1079</strong><br />(+43 for winning)\n|l|\u203dmrthesmileperson\n|player|p1|\n",
  "uploadtime": 1776557566,
  "views": 14,
  "formatid": "gen9championsvgc2026regma",
  "rating": 1079,
  "private": 0,
  "password": null
}