{
  "id": "gen9championsvgc2026regma-2588689391",
  "format": "[Gen 9 Champions] VGC 2026 Reg M-A",
  "players": [
    "Lolowtf09",
    "MarsisOurs"
  ],
  "log": "|j|\u2606Lolowtf09\n|j|\u2606MarsisOurs\n|t:|1776658024\n|gametype|doubles\n|player|p1|Lolowtf09|266|1080\n|player|p2|MarsisOurs|170|1170\n|gen|9\n|tier|[Gen 9 Champions] VGC 2026 Reg M-A\n|rated|\n|rule|Species Clause: Limit one of each Pok\u00e9mon\n|rule|Item Clause: Limit 1 of each item\n|clearpoke\n|poke|p1|Meowstic-F, L50, F, shiny|\n|poke|p1|Slowbro-Galar, L50, F|\n|poke|p1|Sneasler, L50, F|\n|poke|p1|Sinistcha, L50|\n|poke|p1|Politoed, L50, F, shiny|\n|poke|p1|Incineroar, L50, F|\n|poke|p2|Charizard, L50, M|\n|poke|p2|Whimsicott, L50, M|\n|poke|p2|Incineroar, L50, F|\n|poke|p2|Heliolisk, L50, M|\n|poke|p2|Kingambit, L50, F|\n|poke|p2|Venusaur, L50, F|\n|teampreview|4\nMarsisOurs has agreed to open team sheets.\n|\n|t:|1776658043\n|teamsize|p1|4\n|teamsize|p2|4\n|start\n|switch|p1a: Meowstic|Meowstic-F, L50, F, shiny|100/100\n|switch|p1b: Slowbro|Slowbro-Galar, L50, F|100/100\n|switch|p2a: Charizard|Charizard, L50, M|100/100\n|switch|p2b: Whimsicott|Whimsicott, L50, M|100/100\n|turn|1\n|-activate|p1b: Slowbro|item: Quick Claw\n|\n|t:|1776658055\n|detailschange|p1a: Meowstic|Meowstic-F-Mega, L50, F, shiny\n|-mega|p1a: Meowstic|Meowstic|Meowsticite\n|-ability|p1a: Meowstic|Prankster|Trace|[from] ability: Trace|[of] p2b: Whimsicott\n|detailschange|p2a: Charizard|Charizard-Mega-Y, L50, M\n|-mega|p2a: Charizard|Charizard|Charizardite Y\n|-weather|SunnyDay|[from] ability: Drought|[of] p2a: Charizard\n|move|p1a: Meowstic|Calm Mind|p1a: Meowstic\n|-boost|p1a: Meowstic|spa|1\n|-boost|p1a: Meowstic|spd|1\n|move|p2b: Whimsicott|Tailwind|p2b: Whimsicott\n|-sidestart|p2: MarsisOurs|move: Tailwind\n|move|p1b: Slowbro|Psychic Terrain|p1b: Slowbro\n|-fieldstart|move: Psychic Terrain\n|move|p2a: Charizard|Heat Wave|p1a: Meowstic|[spread] p1a,p1b\n|-damage|p1a: Meowstic|41/100\n|-damage|p1b: Slowbro|26/100\n|\n|-weather|SunnyDay|[upkeep]\n|upkeep\n|turn|2\n|\n|t:|1776658085\n|switch|p1b: Politoed|Politoed, L50, F, shiny|100/100\n|-weather|RainDance|[from] ability: Drizzle|[of] p1b: Politoed\n|move|p2b: Whimsicott|Helping Hand|p2a: Charizard\n|-singleturn|p2a: Charizard|Helping Hand|[of] p2b: Whimsicott\n|move|p2a: Charizard|Heat Wave|p1a: Meowstic|[spread] p1a,p1b\n|-resisted|p1b: Politoed|1\n|-damage|p1a: Meowstic|12/100\n|-damage|p1b: Politoed|88/100\n|move|p1a: Meowstic|Thunderbolt|p2a: Charizard\n|-supereffective|p2a: Charizard|1\n|-damage|p2a: Charizard|0 fnt\n|faint|p2a: Charizard\n|\n|-weather|RainDance|[upkeep]\n|-heal|p1b: Politoed|94/100|[from] item: Leftovers\n|upkeep\n|\n|t:|1776658102\n|switch|p2a: Venusaur|Venusaur, L50, F|100/100\n|turn|3\n|\n|t:|1776658112\n|move|p2b: Whimsicott|Sunny Day|p2b: Whimsicott\n|-weather|SunnyDay\n|move|p2a: Venusaur|Solar Beam||[still]\n|-prepare|p2a: Venusaur|Solar Beam\n|-anim|p2a: Venusaur|Solar Beam|p1b: Politoed\n|-supereffective|p1b: Politoed|1\n|-damage|p1b: Politoed|11/100\n|move|p1a: Meowstic|Expanding Force|p2a: Venusaur|[spread] p2a,p2b\n|-supereffective|p2a: Venusaur|1\n|-enditem|p2a: Venusaur|Focus Sash\n|-damage|p2a: Venusaur|1/100\n|-damage|p2b: Whimsicott|0 fnt\n|faint|p2b: Whimsicott\n|move|p1b: Politoed|Ice Beam|p2a: Venusaur\n|-supereffective|p2a: Venusaur|1\n|-damage|p2a: Venusaur|0 fnt\n|faint|p2a: Venusaur\n|\n|-weather|SunnyDay|[upkeep]\n|-heal|p1b: Politoed|17/100|[from] item: Leftovers\n|upkeep\n|\n|t:|1776658125\n|switch|p2b: Heliolisk|Heliolisk, L50, M|100/100\n|turn|4\n|\n|t:|1776658133\n|move|p2b: Heliolisk|Thunderbolt|p1a: Meowstic\n|-damage|p1a: Meowstic|0 fnt\n|faint|p1a: Meowstic\n|move|p1b: Politoed|Weather Ball|p2b: Heliolisk\n|-crit|p2b: Heliolisk\n|-damage|p2b: Heliolisk|24/100\n|\n|-weather|SunnyDay|[upkeep]\n|-damage|p2b: Heliolisk|12/100|[from] ability: Solar Power|[of] p2b: Heliolisk\n|-heal|p1b: Politoed|23/100|[from] item: Leftovers\n|-sideend|p2: MarsisOurs|move: Tailwind\n|upkeep\n|\n|t:|1776658137\n|switch|p1a: Sneasler|Sneasler, L50, F|100/100\n|turn|5\n|\n|t:|1776658144\n|move|p2b: Heliolisk|Thunderbolt|p1b: Politoed\n|-supereffective|p1b: Politoed|1\n|-damage|p1b: Politoed|0 fnt\n|faint|p1b: Politoed\n|move|p1a: Sneasler|Close Combat|p2b: Heliolisk\n|-supereffective|p2b: Heliolisk|1\n|-damage|p2b: Heliolisk|0 fnt\n|-unboost|p1a: Sneasler|def|1\n|-unboost|p1a: Sneasler|spd|1\n|faint|p2b: Heliolisk\n|\n|win|Lolowtf09\n|raw|Lolowtf09's rating: 1080 &rarr; <strong>1115</strong><br />(+35 for winning)\n|raw|MarsisOurs's rating: 1170 &rarr; <strong>1139</strong><br />(-31 for losing)\n",
  "uploadtime": 1776658157,
  "views": 7,
  "formatid": "gen9championsvgc2026regma",
  "rating": 1115,
  "private": 0,
  "password": null
}