{
  "id": "gen9championsvgc2026regma-2581315816",
  "format": "[Gen 9 Champions] VGC 2026 Reg M-A",
  "players": [
    "Jamyrok",
    "Qwertyyy123"
  ],
  "log": "|j|\u2606Jamyrok\n|j|\u2606Qwertyyy123\n|t:|1775985578\n|gametype|doubles\n|player|p1|Jamyrok|101|1263\n|player|p2|Qwertyyy123|morty|1268\n|gen|9\n|tier|[Gen 9 Champions] VGC 2026 Reg M-A\n|rated|\n|rule|Species Clause: Limit one of each Pok\u00e9mon\n|rule|Item Clause: Limit 1 of each item\n|clearpoke\n|poke|p1|Mamoswine, L50, F|\n|poke|p1|Abomasnow, L50, F|\n|poke|p1|Froslass, L50, F|\n|poke|p1|Kingambit, L50, M|\n|poke|p1|Armarouge, L50, M|\n|poke|p1|Rotom-Wash, L50|\n|poke|p2|Dragapult, L50, F|\n|poke|p2|Weavile, L50, F|\n|poke|p2|Gardevoir, L50, F|\n|poke|p2|Conkeldurr, L50, M|\n|poke|p2|Sneasler, L50, M|\n|poke|p2|Sinistcha, L50|\n|teampreview|4\n|j| gE1xjZRtuhW2DdT0AK\n|\n|t:|1775985618\n|teamsize|p1|4\n|teamsize|p2|4\n|start\n|switch|p1a: Armarouge|Armarouge, L50, M|100/100\n|switch|p1b: Froslass|Froslass, L50, F|100/100\n|switch|p2a: Dragapult|Dragapult, L50, F|100/100\n|switch|p2b: Weavile|Weavile, L50, F|100/100\n|-ability|p2b: Weavile|Pressure\n|turn|1\n|\n|t:|1775985653\n|switch|p1a: Kingambit|Kingambit, L50, M|100/100\n|move|p1b: Froslass|Protect|p1b: Froslass\n|-singleturn|p1b: Froslass|Protect\n|move|p2b: Weavile|Fake Out|p1a: Kingambit\n|-resisted|p1a: Kingambit|1\n|-damage|p1a: Kingambit|96/100\n|move|p2a: Dragapult|Phantom Force||[still]\n|-prepare|p2a: Dragapult|Phantom Force\n|\n|upkeep\n|turn|2\n|\n|t:|1775985672\n|switch|p2b: Sneasler|Sneasler, L50, M|100/100\n|switch|p1b: Mamoswine|Mamoswine, L50, F|100/100\n|move|p2a: Dragapult|Phantom Force|p1b: Mamoswine|[from] lockedmove\n|-damage|p1b: Mamoswine|56/100\n|move|p1a: Kingambit|Kowtow Cleave|p2a: Dragapult\n|-supereffective|p2a: Dragapult|1\n|-damage|p2a: Dragapult|0 fnt\n|faint|p2a: Dragapult\n|\n|upkeep\n|\n|t:|1775985686\n|switch|p2a: Weavile|Weavile, L50, F|100/100\n|-ability|p2a: Weavile|Pressure\n|turn|3\n|\n|t:|1775985696\n|move|p1b: Mamoswine|Protect|p1b: Mamoswine\n|-singleturn|p1b: Mamoswine|Protect\n|move|p1a: Kingambit|Protect|p1a: Kingambit\n|-singleturn|p1a: Kingambit|Protect\n|move|p2a: Weavile|Triple Axel|p1b: Mamoswine\n|-activate|p1b: Mamoswine|move: Protect\n|move|p2b: Sneasler|Close Combat|p1a: Kingambit\n|-activate|p1a: Kingambit|move: Protect\n|\n|upkeep\n|turn|4\n|\n|t:|1775985733\n|switch|p1a: Armarouge|Armarouge, L50, M|100/100\n|move|p2a: Weavile|Triple Axel|p1b: Mamoswine\n|-damage|p1b: Mamoswine|46/100\n|-damage|p1b: Mamoswine|25/100\n|-damage|p1b: Mamoswine|0 fnt\n|faint|p1b: Mamoswine\n|-hitcount|p1: Mamoswine|3\n|move|p2b: Sneasler|Close Combat|p1a: Armarouge\n|-resisted|p1a: Armarouge|1\n|-damage|p1a: Armarouge|67/100\n|-unboost|p2b: Sneasler|def|1\n|-unboost|p2b: Sneasler|spd|1\n|\n|upkeep\n|\n|t:|1775985756\n|switch|p1b: Froslass|Froslass, L50, F|100/100\n|turn|5\n|\n|t:|1775985777\n|detailschange|p1b: Froslass|Froslass-Mega, L50, F\n|-mega|p1b: Froslass|Froslass|Froslassite\n|-weather|Snowscape|[from] ability: Snow Warning|[of] p1b: Froslass\n|move|p1a: Armarouge|Heat Wave|p2a: Weavile|[spread] p2b\n|-miss|p1a: Armarouge|p2a: Weavile\n|-damage|p2b: Sneasler|47/100\n|move|p2a: Weavile|Triple Axel|p1a: Armarouge\n|-resisted|p1a: Armarouge|1\n|-damage|p1a: Armarouge|62/100\n|-resisted|p1a: Armarouge|1\n|-damage|p1a: Armarouge|50/100\n|-resisted|p1a: Armarouge|1\n|-damage|p1a: Armarouge|33/100\n|-hitcount|p1a: Armarouge|3\n|move|p1b: Froslass|Shadow Ball|p2a: Weavile\n|-resisted|p2a: Weavile|1\n|-damage|p2a: Weavile|68/100\n|move|p2b: Sneasler|Rock Slide|p1a: Armarouge|[spread] p1a,p1b\n|-supereffective|p1a: Armarouge|1\n|-supereffective|p1b: Froslass|1\n|-damage|p1a: Armarouge|0 fnt\n|-damage|p1b: Froslass|57/100\n|faint|p1a: Armarouge\n|\n|-weather|Snowscape|[upkeep]\n|upkeep\n|\n|t:|1775985797\n|switch|p1a: Kingambit|Kingambit, L50, M|96/100\n|turn|6\n|\n|t:|1775985817\n|switch|p2b: Gardevoir|Gardevoir, L50, F|100/100\n|-ability|p2b: Gardevoir|Defiant|Trace|[from] ability: Trace|[of] p1a: Kingambit\n|move|p2a: Weavile|Protect|p2a: Weavile\n|-singleturn|p2a: Weavile|Protect\n|move|p1a: Kingambit|Sucker Punch||[still]\n|-fail|p1a: Kingambit\n|move|p1b: Froslass|Blizzard|p2b: Gardevoir|[spread] p2b\n|-activate|p2a: Weavile|move: Protect\n|-damage|p2b: Gardevoir|55/100\n|\n|-weather|Snowscape|[upkeep]\n|upkeep\n|turn|7\n|\n|t:|1775985836\n|move|p2b: Gardevoir|Protect|p2b: Gardevoir\n|-singleturn|p2b: Gardevoir|Protect\n|move|p2a: Weavile|Triple Axel|p1b: Froslass|[miss]\n|-miss|p2a: Weavile|p1b: Froslass\n|move|p1b: Froslass|Shadow Ball|p2b: Gardevoir\n|-activate|p2b: Gardevoir|move: Protect\n|move|p1a: Kingambit|Iron Head|p2a: Weavile\n|-supereffective|p2a: Weavile|1\n|-damage|p2a: Weavile|0 fnt\n|faint|p2a: Weavile\n|\n|-weather|Snowscape|[upkeep]\n|upkeep\n|\n|t:|1775985850\n|switch|p2a: Sneasler|Sneasler, L50, M|47/100\n|turn|8\n|\n|t:|1775985870\n|detailschange|p2b: Gardevoir|Gardevoir-Mega, L50, F\n|-mega|p2b: Gardevoir|Gardevoir|Gardevoirite\n|move|p2a: Sneasler|Fake Out|p1a: Kingambit\n|-resisted|p1a: Kingambit|1\n|-damage|p1a: Kingambit|90/100\n|cant|p1a: Kingambit|flinch\n|move|p1b: Froslass|Shadow Ball|p2b: Gardevoir\n|-supereffective|p2b: Gardevoir|1\n|-damage|p2b: Gardevoir|0 fnt\n|faint|p2b: Gardevoir\n|\n|-weather|Snowscape|[upkeep]\n|upkeep\n|turn|9\n|j| kyon233\n|-message|Qwertyyy123 forfeited.\n|\n|win|Jamyrok\n|raw|Jamyrok's rating: 1263 &rarr; <strong>1288</strong><br />(+25 for winning)\n|raw|Qwertyyy123's rating: 1268 &rarr; <strong>1243</strong><br />(-25 for losing)\n|l|\u2606Qwertyyy123\n|player|p2|\n|l|\u2606Jamyrok\n|player|p1|\n",
  "uploadtime": 1775985947,
  "views": 25,
  "formatid": "gen9championsvgc2026regma",
  "rating": 1243,
  "private": 0,
  "password": null
}