{
  "id": "gen9championsvgc2026regma-2584907121",
  "format": "[Gen 9 Champions] VGC 2026 Reg M-A",
  "players": [
    "manofcreamtesting",
    "Jedi0160"
  ],
  "log": "|j|\u2606manofcreamtesting\n|j|\u2606Jedi0160\n|t:|1776293405\n|gametype|doubles\n|player|p1|manofcreamtesting|swimmer-masters|1314\n|player|p2|Jedi0160|lucas|1364\n|gen|9\n|tier|[Gen 9 Champions] VGC 2026 Reg M-A\n|rated|\n|rule|Species Clause: Limit one of each Pok\u00e9mon\n|rule|Item Clause: Limit 1 of each item\n|clearpoke\n|poke|p1|Kangaskhan, L50, F|\n|poke|p1|Rotom-Heat, L50|\n|poke|p1|Vivillon, L50, M|\n|poke|p1|Basculegion, L50, M|\n|poke|p1|Garchomp, L50, F|\n|poke|p1|Floette-Eternal, L50, F|\n|poke|p2|Garchomp, L50, F|\n|poke|p2|Whimsicott, L50, M|\n|poke|p2|Incineroar, L50, F|\n|poke|p2|Gengar, L50, M|\n|poke|p2|Rotom-Wash, L50|\n|poke|p2|Farigiraf, L50, F|\n|teampreview|4\n|inactive|Battle timer is ON: inactive players will automatically lose when time's up. (requested by Jedi0160)\n|inactive|Jedi0160 has 60 seconds left.\n|\n|t:|1776293442\n|teamsize|p1|4\n|teamsize|p2|4\n|start\n|switch|p1a: Vivillon|Vivillon, L50, M|100/100\n|switch|p1b: Basculegion|Basculegion, L50, M|100/100\n|switch|p2a: Rotom|Rotom-Wash, L50|100/100\n|switch|p2b: Incineroar|Incineroar, L50, F|100/100\n|-ability|p2b: Incineroar|Intimidate|boost\n|-unboost|p1a: Vivillon|atk|1\n|-unboost|p1b: Basculegion|atk|1\n|turn|1\n|inactive|Jedi0160 has 30 seconds left.\n|\n|t:|1776293474\n|switch|p1b: Garchomp|Garchomp, L50, F|100/100\n|move|p1a: Vivillon|Protect|p1a: Vivillon\n|-singleturn|p1a: Vivillon|Protect\n|move|p2a: Rotom|Thunderbolt|p1b: Garchomp\n|-immune|p1b: Garchomp\n|move|p2b: Incineroar|Parting Shot|p1b: Garchomp\n|-unboost|p1b: Garchomp|atk|1\n|-unboost|p1b: Garchomp|spa|1\n|\n|t:|1776293481\n|switch|p2b: Gengar|Gengar, L50, M|100/100|[from] Parting Shot\n|\n|upkeep\n|turn|2\n|\n|t:|1776293496\n|switch|p2a: Incineroar|Incineroar, L50, F|100/100\n|-ability|p2a: Incineroar|Intimidate|boost\n|-unboost|p1a: Vivillon|atk|1\n|-unboost|p1b: Garchomp|atk|1\n|detailschange|p2b: Gengar|Gengar-Mega, L50, M\n|-mega|p2b: Gengar|Gengar|Gengarite\n|move|p2b: Gengar|Shadow Ball|p1a: Vivillon\n|-damage|p1a: Vivillon|6/100\n|-unboost|p1a: Vivillon|spd|1\n|move|p1b: Garchomp|Swords Dance|p1b: Garchomp\n|-boost|p1b: Garchomp|atk|2\n|move|p1a: Vivillon|Sleep Powder|p2b: Gengar\n|-status|p2b: Gengar|slp|[from] move: Sleep Powder\n|\n|upkeep\n|turn|3\n|inactive|Jedi0160 has 30 seconds left.\n|\n|t:|1776293523\n|switch|p2b: Rotom|Rotom-Wash, L50|100/100\n|move|p2a: Incineroar|Fake Out|p1b: Garchomp\n|-damage|p1b: Garchomp|90/100\n|-damage|p2a: Incineroar|88/100|[from] ability: Rough Skin|[of] p1b: Garchomp\n|cant|p1b: Garchomp|flinch\n|move|p1a: Vivillon|Tailwind|p1a: Vivillon\n|-sidestart|p1: manofcreamtesting|move: Tailwind\n|\n|upkeep\n|turn|4\n|inactive|Jedi0160 has 30 seconds left.\n|\n|t:|1776293556\n|move|p1b: Garchomp|Swords Dance|p1b: Garchomp\n|-boost|p1b: Garchomp|atk|2\n|move|p1a: Vivillon|Sleep Powder|p2b: Rotom\n|-status|p2b: Rotom|slp|[from] move: Sleep Powder\n|cant|p2b: Rotom|slp\n|move|p2a: Incineroar|Parting Shot|p1b: Garchomp\n|-unboost|p1b: Garchomp|atk|1\n|-unboost|p1b: Garchomp|spa|1\n|\n|t:|1776293561\n|switch|p2a: Garchomp|Garchomp, L50, F|100/100|[from] Parting Shot\n|\n|upkeep\n|turn|5\n|\n|t:|1776293582\n|move|p2a: Garchomp|Protect|p2a: Garchomp\n|-singleturn|p2a: Garchomp|Protect\n|move|p1b: Garchomp|Earthquake|p2a: Garchomp|[spread] \n|-activate|p2a: Garchomp|move: Protect\n|-immune|p1a: Vivillon\n|-immune|p2b: Rotom|[from] ability: Levitate\n|move|p1a: Vivillon|Sleep Powder|p2a: Garchomp\n|-activate|p2a: Garchomp|move: Protect\n|cant|p2b: Rotom|slp\n|\n|upkeep\n|turn|6\n|\n|t:|1776293609\n|switch|p2a: Gengar|Gengar-Mega, L50, M|100/100 slp\n|move|p1b: Garchomp|Earthquake|p2a: Gengar|[spread] p2a\n|-immune|p1a: Vivillon\n|-immune|p2b: Rotom|[from] ability: Levitate\n|-supereffective|p2a: Gengar|1\n|-damage|p2a: Gengar|0 fnt\n|faint|p2a: Gengar\n|move|p1a: Vivillon|Sleep Powder|p2b: Rotom\n|-fail|p2b: Rotom|slp\n|-curestatus|p2b: Rotom|slp|[msg]\n|move|p2b: Rotom|Thunderbolt|p1a: Vivillon\n|-supereffective|p1a: Vivillon|1\n|-damage|p1a: Vivillon|0 fnt\n|faint|p1a: Vivillon\n|\n|-sideend|p1: manofcreamtesting|move: Tailwind\n|upkeep\n|\n|t:|1776293626\n|switch|p2a: Incineroar|Incineroar, L50, F|88/100\n|switch|p1a: Floette|Floette-Eternal, L50, F|100/100\n|-ability|p2a: Incineroar|Intimidate|boost\n|-unboost|p1a: Floette|atk|1\n|-unboost|p1b: Garchomp|atk|1\n|turn|7\n|inactive|Jedi0160 has 30 seconds left.\n|inactive|Jedi0160 has 20 seconds left.\n|inactive|Jedi0160 has 15 seconds left.\n|inactive|Jedi0160 has 10 seconds left.\n|\n|t:|1776293675\n|detailschange|p1a: Floette|Floette-Mega, L50, F\n|-mega|p1a: Floette|Floette|Floettite\n|-ability|p1a: Floette|Fairy Aura\n|move|p1b: Garchomp|Swords Dance|p1b: Garchomp\n|-boost|p1b: Garchomp|atk|2\n|move|p1a: Floette|Dazzling Gleam|p2a: Incineroar|[spread] p2a,p2b\n|-damage|p2a: Incineroar|51/100\n|-damage|p2b: Rotom|62/100\n|move|p2b: Rotom|Hydro Pump|p1b: Garchomp\n|-damage|p1b: Garchomp|42/100\n|move|p2a: Incineroar|Parting Shot|p1b: Garchomp\n|-unboost|p1b: Garchomp|atk|1\n|-unboost|p1b: Garchomp|spa|1\n|\n|t:|1776293681\n|switch|p2a: Garchomp|Garchomp, L50, F|100/100|[from] Parting Shot\n|\n|upkeep\n|turn|8\n|inactive|manofcreamtesting has 30 seconds left.\n|inactive|Jedi0160 has 30 seconds left.\n|\n|t:|1776293714\n|move|p2b: Rotom|Helping Hand|p2a: Garchomp\n|-singleturn|p2a: Garchomp|Helping Hand|[of] p2b: Rotom\n|move|p1b: Garchomp|Dragon Claw|p2b: Rotom\n|-damage|p2b: Rotom|0 fnt\n|faint|p2b: Rotom\n|move|p1a: Floette|Dazzling Gleam|p2a: Garchomp\n|-supereffective|p2a: Garchomp|1\n|-damage|p2a: Garchomp|0 fnt\n|faint|p2a: Garchomp\n|\n|upkeep\n|c|\u2606manofcreamtesting|how slow is your chomp what\n|inactive|Jedi0160 has 30 seconds left.\n|-message|Jedi0160 forfeited.\n|\n|win|manofcreamtesting\n|raw|manofcreamtesting's rating: 1314 &rarr; <strong>1337</strong><br />(+23 for winning)\n|raw|Jedi0160's rating: 1364 &rarr; <strong>1341</strong><br />(-23 for losing)\n|l|\u2606Jedi0160\n|player|p2|\n",
  "uploadtime": 1776293746,
  "views": 48,
  "formatid": "gen9championsvgc2026regma",
  "rating": 1337,
  "private": 0,
  "password": null
}