{
  "id": "gen9championsvgc2026regma-2582887216",
  "format": "[Gen 9 Champions] VGC 2026 Reg M-A",
  "players": [
    "jubbcicle",
    "moggyoh"
  ],
  "log": "|j|\u2606jubbcicle\n|j|\u2606moggyoh\n|t:|1776122155\n|gametype|doubles\n|player|p1|jubbcicle|2|1213\n|player|p2|moggyoh|ethan|1130\n|gen|9\n|tier|[Gen 9 Champions] VGC 2026 Reg M-A\n|rated|\n|rule|Species Clause: Limit one of each Pok\u00e9mon\n|rule|Item Clause: Limit 1 of each item\n|clearpoke\n|poke|p1|Aggron, L50, M|\n|poke|p1|Pelipper, L50, M|\n|poke|p1|Arbok, L50, M|\n|poke|p1|Archaludon, L50, M|\n|poke|p1|Incineroar, L50, M|\n|poke|p1|Sinistcha, L50|\n|poke|p2|Meganium, L50, M|\n|poke|p2|Tyranitar, L50, M|\n|poke|p2|Excadrill, L50, M|\n|poke|p2|Gyarados, L50, F|\n|poke|p2|Rotom-Heat, L50|\n|poke|p2|Corviknight, L50, M|\n|teampreview|4\n|\n|t:|1776122176\n|teamsize|p1|4\n|teamsize|p2|4\n|start\n|switch|p1a: Aggron|Aggron, L50, M|100/100\n|switch|p1b: Incineroar|Incineroar, L50, M|100/100\n|switch|p2a: Gyarados|Gyarados, L50, F, shiny|100/100\n|switch|p2b: Rotom|Rotom-Heat, L50, shiny|100/100\n|-ability|p2a: Gyarados|Intimidate|boost\n|-unboost|p1a: Aggron|atk|1\n|-unboost|p1b: Incineroar|atk|1\n|-ability|p1b: Incineroar|Intimidate|boost\n|-unboost|p2a: Gyarados|atk|1\n|-unboost|p2b: Rotom|atk|1\n|turn|1\n|\n|t:|1776122227\n|detailschange|p1a: Aggron|Aggron-Mega, L50, M\n|-mega|p1a: Aggron|Aggron|Aggronite\n|move|p2a: Gyarados|Protect|p2a: Gyarados\n|-singleturn|p2a: Gyarados|Protect\n|move|p1b: Incineroar|Fake Out|p2b: Rotom\n|-damage|p2b: Rotom|92/100\n|cant|p2b: Rotom|flinch\n|move|p1a: Aggron|Iron Defense|p1a: Aggron\n|-boost|p1a: Aggron|def|2\n|\n|upkeep\n|turn|2\n|\n|t:|1776122257\n|move|p2b: Rotom|Overheat|p1a: Aggron\n|-supereffective|p1a: Aggron|1\n|-damage|p1a: Aggron|20/100\n|-unboost|p2b: Rotom|spa|2\n|move|p2a: Gyarados|Taunt|p1a: Aggron\n|-start|p1a: Aggron|move: Taunt\n|move|p1b: Incineroar|Parting Shot|p2b: Rotom\n|-unboost|p2b: Rotom|atk|1\n|-unboost|p2b: Rotom|spa|1\n|\n|t:|1776122267\n|switch|p1b: Sinistcha|Sinistcha, L50|100/100|[from] Parting Shot\n|-heal|p1a: Aggron|45/100|[from] ability: Hospitality|[of] p1b: Sinistcha\n|move|p1a: Aggron|Body Press|p2b: Rotom\n|-damage|p2b: Rotom|7/100\n|\n|upkeep\n|turn|3\n|\n|t:|1776122290\n|switch|p2b: Tyranitar|Tyranitar, L50, M, shiny|100/100\n|-weather|Sandstorm|[from] ability: Sand Stream|[of] p2b: Tyranitar\n|move|p2a: Gyarados|Taunt|p1b: Sinistcha\n|-start|p1b: Sinistcha|move: Taunt\n|cant|p1b: Sinistcha|move: Taunt|Life Dew\n|move|p1a: Aggron|Body Press|p2a: Gyarados\n|-resisted|p2a: Gyarados|1\n|-damage|p2a: Gyarados|62/100\n|\n|-weather|Sandstorm|[upkeep]\n|-damage|p2a: Gyarados|56/100|[from] Sandstorm\n|-damage|p1b: Sinistcha|94/100|[from] Sandstorm\n|upkeep\n|turn|4\n|\n|t:|1776122311\n|switch|p1b: Incineroar|Incineroar, L50, M|100/100\n|-ability|p1b: Incineroar|Intimidate|boost\n|-unboost|p2a: Gyarados|atk|1\n|-unboost|p2b: Tyranitar|atk|1\n|detailschange|p2b: Tyranitar|Tyranitar-Mega, L50, M, shiny\n|-mega|p2b: Tyranitar|Tyranitar|Tyranitarite\n|move|p2a: Gyarados|Waterfall|p1a: Aggron\n|-crit|p1a: Aggron\n|-damage|p1a: Aggron|15/100\n|move|p2b: Tyranitar|Knock Off|p1b: Incineroar\n|-resisted|p1b: Incineroar|1\n|-damage|p1b: Incineroar|82/100\n|-enditem|p1b: Incineroar|Chople Berry|[from] move: Knock Off|[of] p2b: Tyranitar\n|cant|p1a: Aggron|flinch\n|\n|-weather|Sandstorm|[upkeep]\n|-damage|p2a: Gyarados|50/100|[from] Sandstorm\n|-damage|p1b: Incineroar|76/100|[from] Sandstorm\n|-enditem|p2a: Gyarados|Sitrus Berry|[eat]\n|-heal|p2a: Gyarados|75/100|[from] item: Sitrus Berry\n|-end|p1a: Aggron|move: Taunt\n|upkeep\n|turn|5\n|c|\u2606jubbcicle|crit and flinch in one turn is nuts\n|\n|t:|1776122349\n|move|p1b: Incineroar|Fake Out|p2b: Tyranitar\n|-resisted|p2b: Tyranitar|1\n|-damage|p2b: Tyranitar|97/100\n|move|p2a: Gyarados|Waterfall|p1a: Aggron\n|-damage|p1a: Aggron|9/100\n|cant|p2b: Tyranitar|flinch\n|move|p1a: Aggron|Iron Defense|p1a: Aggron\n|-boost|p1a: Aggron|def|2\n|\n|-weather|Sandstorm|[upkeep]\n|-damage|p2a: Gyarados|69/100|[from] Sandstorm\n|-damage|p1b: Incineroar|70/100|[from] Sandstorm\n|upkeep\n|turn|6\n|\n|t:|1776122378\n|switch|p1b: Sinistcha|Sinistcha, L50|94/100\n|-heal|p1a: Aggron|34/100|[from] ability: Hospitality|[of] p1b: Sinistcha\n|move|p1a: Aggron|Protect|p1a: Aggron\n|-singleturn|p1a: Aggron|Protect\n|move|p2a: Gyarados|Waterfall|p1a: Aggron\n|-activate|p1a: Aggron|move: Protect\n|move|p2b: Tyranitar|Knock Off|p1a: Aggron\n|-activate|p1a: Aggron|move: Protect\n|\n|-weather|Sandstorm|[upkeep]\n|-damage|p2a: Gyarados|62/100|[from] Sandstorm\n|-damage|p1b: Sinistcha|88/100|[from] Sandstorm\n|upkeep\n|turn|7\n|\n|t:|1776122395\n|move|p2b: Tyranitar|Protect|p2b: Tyranitar\n|-singleturn|p2b: Tyranitar|Protect\n|move|p2a: Gyarados|Taunt|p1b: Sinistcha\n|-start|p1b: Sinistcha|move: Taunt\n|cant|p1b: Sinistcha|move: Taunt|Life Dew\n|move|p1a: Aggron|Body Press|p2b: Tyranitar\n|-activate|p2b: Tyranitar|move: Protect\n|\n|-weather|none\n|upkeep\n|turn|8\n|\n|t:|1776122419\n|switch|p1b: Arbok|Arbok, L50, M|100/100\n|-ability|p1b: Arbok|Intimidate|boost\n|-unboost|p2a: Gyarados|atk|1\n|-unboost|p2b: Tyranitar|atk|1\n|move|p2a: Gyarados|Waterfall|p1b: Arbok\n|-damage|p1b: Arbok|84/100\n|move|p2b: Tyranitar|Rock Slide|p1b: Arbok|[spread] p1a\n|-miss|p2b: Tyranitar|p1b: Arbok\n|-resisted|p1a: Aggron|1\n|-damage|p1a: Aggron|32/100\n|cant|p1a: Aggron|flinch\n|\n|-heal|p1b: Arbok|90/100|[from] item: Leftovers\n|upkeep\n|turn|9\n|\n|t:|1776122438\n|switch|p1b: Sinistcha|Sinistcha, L50|88/100\n|-heal|p1a: Aggron|57/100|[from] ability: Hospitality|[of] p1b: Sinistcha\n|move|p2a: Gyarados|Taunt|p1a: Aggron\n|-start|p1a: Aggron|move: Taunt\n|move|p2b: Tyranitar|Knock Off|p1b: Sinistcha\n|-supereffective|p1b: Sinistcha|1\n|-damage|p1b: Sinistcha|30/100\n|-enditem|p1b: Sinistcha|Sitrus Berry|[from] move: Knock Off|[of] p2b: Tyranitar\n|move|p1a: Aggron|Body Press|p2b: Tyranitar\n|-supereffective|p2b: Tyranitar|2\n|-damage|p2b: Tyranitar|0 fnt\n|faint|p2b: Tyranitar\n|\n|upkeep\n|\n|t:|1776122459\n|switch|p2b: Excadrill|Excadrill, L50, M, shiny|100/100\n|turn|10\n|\n|t:|1776122471\n|switch|p2a: Rotom|Rotom-Heat, L50, shiny|7/100\n|switch|p1b: Arbok|Arbok, L50, M|90/100\n|-ability|p1b: Arbok|Intimidate|boost\n|-unboost|p2a: Rotom|atk|1\n|-unboost|p2b: Excadrill|atk|1\n|move|p2b: Excadrill|Earthquake|p1b: Arbok|[spread] p1a,p1b\n|-immune|p2a: Rotom|[from] ability: Levitate\n|-supereffective|p1a: Aggron|1\n|-crit|p1a: Aggron\n|-supereffective|p1b: Arbok|1\n|-damage|p1a: Aggron|1/100\n|-damage|p1b: Arbok|29/100\n|move|p1a: Aggron|Body Press|p2b: Excadrill\n|-supereffective|p2b: Excadrill|1\n|-enditem|p2b: Excadrill|Focus Sash\n|-damage|p2b: Excadrill|1/100\n|\n|-heal|p1b: Arbok|35/100|[from] item: Leftovers\n|upkeep\n|turn|11\n|\n|t:|1776122504\n|switch|p1b: Sinistcha|Sinistcha, L50|30/100\n|-heal|p1a: Aggron|26/100|[from] ability: Hospitality|[of] p1b: Sinistcha\n|move|p2a: Rotom|Electroweb|p1b: Sinistcha|[spread] p1a,p1b\n|-crit|p1a: Aggron\n|-resisted|p1b: Sinistcha|1\n|-damage|p1a: Aggron|1/100\n|-damage|p1b: Sinistcha|23/100\n|-unboost|p1a: Aggron|spe|1\n|-unboost|p1b: Sinistcha|spe|1\n|move|p2b: Excadrill|Earthquake|p1a: Aggron|[spread] p1a,p1b\n|-immune|p2a: Rotom|[from] ability: Levitate\n|-supereffective|p1a: Aggron|1\n|-resisted|p1b: Sinistcha|1\n|-damage|p1a: Aggron|0 fnt\n|-damage|p1b: Sinistcha|10/100\n|faint|p1a: Aggron\n|\n|upkeep\n|c|\u2606jubbcicle|bruh ur fucked with these crits\n|\n|t:|1776122525\n|switch|p1a: Incineroar|Incineroar, L50, M|70/100\n|-ability|p1a: Incineroar|Intimidate|boost\n|-unboost|p2a: Rotom|atk|1\n|-unboost|p2b: Excadrill|atk|1\n|turn|12\n|\n|t:|1776122531\n|switch|p2a: Gyarados|Gyarados, L50, F, shiny|62/100\n|-ability|p2a: Gyarados|Intimidate|boost\n|-unboost|p1a: Incineroar|atk|1\n|-unboost|p1b: Sinistcha|atk|1\n|move|p2b: Excadrill|Protect|p2b: Excadrill\n|-singleturn|p2b: Excadrill|Protect\n|move|p1a: Incineroar|Fake Out|p2a: Gyarados\n|-damage|p2a: Gyarados|54/100\n|move|p1b: Sinistcha|Life Dew|p1b: Sinistcha|[spread] p1a,p1b\n|-heal|p1a: Incineroar|95/100\n|-heal|p1b: Sinistcha|35/100\n|\n|upkeep\n|turn|13\n|\n|t:|1776122552\n|switch|p1b: Arbok|Arbok, L50, M|35/100\n|-ability|p1b: Arbok|Intimidate|boost\n|-unboost|p2a: Gyarados|atk|1\n|-unboost|p2b: Excadrill|atk|1\n|move|p2b: Excadrill|Iron Head|p1b: Arbok\n|-damage|p1b: Arbok|16/100\n|move|p2a: Gyarados|Waterfall|p1a: Incineroar\n|-supereffective|p1a: Incineroar|1\n|-damage|p1a: Incineroar|48/100\n|move|p1a: Incineroar|Parting Shot|p2a: Gyarados\n|-unboost|p2a: Gyarados|atk|1\n|-unboost|p2a: Gyarados|spa|1\n|\n|t:|1776122561\n|switch|p1a: Sinistcha|Sinistcha, L50|35/100|[from] Parting Shot\n|-heal|p1b: Arbok|41/100|[from] ability: Hospitality|[of] p1a: Sinistcha\n|\n|-heal|p1b: Arbok|47/100|[from] item: Leftovers\n|upkeep\n|turn|14\n|\n|t:|1776122579\n|move|p2b: Excadrill|Earthquake|p1a: Sinistcha|[spread] p1a,p1b\n|-immune|p2a: Gyarados\n|-resisted|p1a: Sinistcha|1\n|-supereffective|p1b: Arbok|1\n|-damage|p1a: Sinistcha|28/100\n|-damage|p1b: Arbok|13/100\n|move|p2a: Gyarados|Waterfall|p1b: Arbok\n|-damage|p1b: Arbok|0 fnt\n|faint|p1b: Arbok\n|move|p1a: Sinistcha|Life Dew|p1a: Sinistcha\n|-heal|p1a: Sinistcha|53/100\n|\n|upkeep\n|\n|t:|1776122587\n|switch|p1b: Incineroar|Incineroar, L50, M|48/100\n|-ability|p1b: Incineroar|Intimidate|boost\n|-unboost|p2a: Gyarados|atk|1\n|-unboost|p2b: Excadrill|atk|1\n|turn|15\n|\n|t:|1776122596\n|move|p2b: Excadrill|Protect|p2b: Excadrill\n|-singleturn|p2b: Excadrill|Protect\n|move|p2a: Gyarados|Protect|p2a: Gyarados\n|-singleturn|p2a: Gyarados|Protect\n|move|p1b: Incineroar|Fake Out|p2a: Gyarados\n|-activate|p2a: Gyarados|move: Protect\n|move|p1a: Sinistcha|Matcha Gotcha|p2a: Gyarados|[spread] \n|-activate|p2a: Gyarados|move: Protect\n|-activate|p2b: Excadrill|move: Protect\n|\n|upkeep\n|turn|16\n|\n|t:|1776122613\n|move|p2b: Excadrill|Earthquake|p1a: Sinistcha|[spread] p1a,p1b\n|-immune|p2a: Gyarados\n|-resisted|p1a: Sinistcha|1\n|-supereffective|p1b: Incineroar|1\n|-damage|p1a: Sinistcha|47/100\n|-damage|p1b: Incineroar|23/100\n|move|p2a: Gyarados|Waterfall|p1b: Incineroar\n|-supereffective|p1b: Incineroar|1\n|-damage|p1b: Incineroar|0 fnt\n|faint|p1b: Incineroar\n|move|p1a: Sinistcha|Life Dew|p1a: Sinistcha\n|-heal|p1a: Sinistcha|72/100\n|\n|upkeep\n|turn|17\n|\n|t:|1776122627\n|move|p2b: Excadrill|Protect|p2b: Excadrill\n|-singleturn|p2b: Excadrill|Protect\n|move|p2a: Gyarados|Taunt|p1a: Sinistcha\n|-start|p1a: Sinistcha|move: Taunt\n|move|p1a: Sinistcha|Matcha Gotcha|p2a: Gyarados|[spread] p2a\n|-activate|p2b: Excadrill|move: Protect\n|-damage|p2a: Gyarados|30/100\n|-heal|p1a: Sinistcha|86/100|[from] drain|[of] p2a: Gyarados\n|\n|upkeep\n|turn|18\n|\n|t:|1776122647\n|move|p2a: Gyarados|Protect|p2a: Gyarados\n|-singleturn|p2a: Gyarados|Protect\n|move|p2b: Excadrill|Iron Head|p1a: Sinistcha\n|-damage|p1a: Sinistcha|71/100\n|move|p1a: Sinistcha|Matcha Gotcha|p2a: Gyarados|[spread] \n|-activate|p2a: Gyarados|move: Protect\n|-miss|p1a: Sinistcha|p2b: Excadrill\n|\n|upkeep\n|turn|19\n|\n|t:|1776122661\n|move|p2b: Excadrill|Iron Head|p1a: Sinistcha\n|-damage|p1a: Sinistcha|56/100\n|move|p2a: Gyarados|Waterfall|p1a: Sinistcha\n|-resisted|p1a: Sinistcha|1\n|-damage|p1a: Sinistcha|49/100\n|cant|p1a: Sinistcha|flinch\n|\n|-end|p1a: Sinistcha|move: Taunt\n|upkeep\n|turn|20\n|c|\u2606jubbcicle|this gotta be the unluckiest game ive ever played\n|\n|t:|1776122674\n|move|p2b: Excadrill|Protect|p2b: Excadrill\n|-singleturn|p2b: Excadrill|Protect\n|move|p2a: Gyarados|Taunt|p1a: Sinistcha\n|-start|p1a: Sinistcha|move: Taunt\n|move|p1a: Sinistcha|Matcha Gotcha|p2b: Excadrill|[spread] p2a\n|-activate|p2b: Excadrill|move: Protect\n|-damage|p2a: Gyarados|6/100\n|-heal|p1a: Sinistcha|62/100|[from] drain|[of] p2a: Gyarados\n|\n|upkeep\n|turn|21\n|\n|t:|1776122695\n|move|p2b: Excadrill|Iron Head|p1a: Sinistcha\n|-damage|p1a: Sinistcha|47/100\n|move|p2a: Gyarados|Waterfall|p1a: Sinistcha\n|-resisted|p1a: Sinistcha|1\n|-damage|p1a: Sinistcha|40/100\n|move|p1a: Sinistcha|Matcha Gotcha|p2a: Gyarados|[spread] p2a,p2b\n|-damage|p2a: Gyarados|0 fnt\n|-heal|p1a: Sinistcha|43/100|[from] drain|[of] p2a: Gyarados\n|-damage|p2b: Excadrill|0 fnt\n|-heal|p1a: Sinistcha|44/100|[from] drain|[of] p2b: Excadrill\n|faint|p2a: Gyarados\n|faint|p2b: Excadrill\n|\n|upkeep\n|\n|t:|1776122711\n|switch|p2b: Rotom|Rotom-Heat, L50, shiny|7/100\n|turn|22\n|\n|t:|1776122715\n|move|p2b: Rotom|Overheat|p1a: Sinistcha\n|-supereffective|p1a: Sinistcha|1\n|-damage|p1a: Sinistcha|0 fnt\n|-unboost|p2b: Rotom|spa|2\n|faint|p1a: Sinistcha\n|\n|win|moggyoh\n|raw|jubbcicle's rating: 1213 &rarr; <strong>1182</strong><br />(-31 for losing)\n|raw|moggyoh's rating: 1130 &rarr; <strong>1161</strong><br />(+31 for winning)\n|l|\u2606jubbcicle\n|player|p1|\n",
  "uploadtime": 1776122740,
  "views": 71,
  "formatid": "gen9championsvgc2026regma",
  "rating": 1161,
  "private": 0,
  "password": null
}