{
  "id": "gen9championsvgc2026regma-2586817150",
  "format": "[Gen 9 Champions] VGC 2026 Reg M-A",
  "players": [
    "Charizard1199",
    "FellowFrog"
  ],
  "log": "|j|\u2606Charizard1199\n|j|\u2606FellowFrog\n|t:|1776462333\n|gametype|doubles\n|player|p1|Charizard1199|linebacker|1044\n|player|p2|FellowFrog|101|1000\n|gen|9\n|tier|[Gen 9 Champions] VGC 2026 Reg M-A\n|rated|\n|rule|Species Clause: Limit one of each Pok\u00e9mon\n|rule|Item Clause: Limit 1 of each item\n|clearpoke\n|poke|p1|Garchomp, L50, M|\n|poke|p1|Empoleon, L50, F|\n|poke|p1|Archaludon, L50, M|\n|poke|p1|Pelipper, L50, F|\n|poke|p1|Aggron, L50, M|\n|poke|p1|Dragonite, L50, M|\n|poke|p2|Glimmora, L50, F|\n|poke|p2|Tyranitar, L50, F|\n|poke|p2|Garchomp, L50, F|\n|poke|p2|Sinistcha, L50|\n|poke|p2|Rotom-Wash, L50|\n|poke|p2|Incineroar, L50, F|\n|teampreview|4\n|\n|t:|1776462369\n|teamsize|p1|4\n|teamsize|p2|4\n|start\n|switch|p1a: Empoleon|Empoleon, L50, F|100/100\n|switch|p1b: Pelipper|Pelipper, L50, F|100/100\n|switch|p2a: Tyranitar|Tyranitar, L50, F|100/100\n|switch|p2b: Rotom|Rotom-Wash, L50|100/100\n|-weather|RainDance|[from] ability: Drizzle|[of] p1b: Pelipper\n|-weather|Sandstorm|[from] ability: Sand Stream|[of] p2a: Tyranitar\n|turn|1\n|\n|t:|1776462423\n|detailschange|p2a: Tyranitar|Tyranitar-Mega, L50, F\n|-mega|p2a: Tyranitar|Tyranitar|Tyranitarite\n|move|p2b: Rotom|Volt Switch|p1b: Pelipper\n|-supereffective|p1b: Pelipper|2\n|-enditem|p1b: Pelipper|Focus Sash\n|-damage|p1b: Pelipper|1/100\n|\n|t:|1776462432\n|switch|p2b: Garchomp|Garchomp, L50, F|100/100|[from] Volt Switch\n|move|p1b: Pelipper|U-turn|p2a: Tyranitar\n|-supereffective|p2a: Tyranitar|1\n|-damage|p2a: Tyranitar|90/100\n|\n|t:|1776462442\n|switch|p1b: Dragonite|Dragonite, L50, M, shiny|100/100|[from] U-turn\n|move|p1a: Empoleon|Hydro Pump|p2a: Tyranitar\n|-supereffective|p2a: Tyranitar|1\n|-damage|p2a: Tyranitar|35/100\n|move|p2a: Tyranitar|Knock Off|p1b: Dragonite\n|-damage|p1b: Dragonite|81/100\n|\n|-weather|Sandstorm|[upkeep]\n|-damage|p1b: Dragonite|75/100|[from] Sandstorm\n|upkeep\n|turn|2\n|\n|t:|1776462492\n|switch|p1a: Pelipper|Pelipper, L50, F|1/100\n|-weather|RainDance|[from] ability: Drizzle|[of] p1a: Pelipper\n|detailschange|p1b: Dragonite|Dragonite-Mega, L50, M, shiny\n|-mega|p1b: Dragonite|Dragonite|Dragoninite\n|move|p2a: Tyranitar|Protect|p2a: Tyranitar\n|-singleturn|p2a: Tyranitar|Protect\n|move|p2b: Garchomp|Dragon Claw|p1b: Dragonite\n|-supereffective|p1b: Dragonite|1\n|-damage|p1b: Dragonite|4/100\n|move|p1b: Dragonite|Draco Meteor|p2b: Garchomp|[miss]\n|-miss|p1b: Dragonite|p2b: Garchomp\n|\n|-weather|RainDance|[upkeep]\n|upkeep\n|turn|3\n|\n|t:|1776462539\n|move|p2b: Garchomp|Swords Dance|p2b: Garchomp\n|-boost|p2b: Garchomp|atk|2\n|move|p1b: Dragonite|Tailwind|p1b: Dragonite\n|-sidestart|p1: Charizard1199|move: Tailwind\n|move|p1a: Pelipper|Tailwind||[still]\n|-fail|p1a: Pelipper\n|move|p2a: Tyranitar|Rock Slide|p1b: Dragonite|[spread] p1a,p1b\n|-supereffective|p1a: Pelipper|1\n|-supereffective|p1b: Dragonite|1\n|-damage|p1a: Pelipper|0 fnt\n|-damage|p1b: Dragonite|0 fnt\n|faint|p1a: Pelipper\n|faint|p1b: Dragonite\n|\n|-weather|RainDance|[upkeep]\n|upkeep\n|\n|t:|1776462553\n|switch|p1b: Garchomp|Garchomp, L50, M|100/100\n|switch|p1a: Empoleon|Empoleon, L50, F|100/100\n|turn|4\n|\n|t:|1776462591\n|switch|p2a: Sinistcha|Sinistcha, L50|100/100\n|move|p1a: Empoleon|Protect|p1a: Empoleon\n|-singleturn|p1a: Empoleon|Protect\n|move|p2b: Garchomp|Protect|p2b: Garchomp\n|-singleturn|p2b: Garchomp|Protect\n|move|p1b: Garchomp|Earthquake|p2b: Garchomp|[spread] p2a\n|-activate|p1a: Empoleon|move: Protect\n|-activate|p2b: Garchomp|move: Protect\n|-resisted|p2a: Sinistcha|1\n|-damage|p2a: Sinistcha|83/100\n|\n|-weather|RainDance|[upkeep]\n|upkeep\n|turn|5\n|\n|t:|1776462620\n|move|p2a: Sinistcha|Rage Powder|p2a: Sinistcha\n|-singleturn|p2a: Sinistcha|move: Rage Powder\n|move|p1b: Garchomp|Swords Dance|p1b: Garchomp\n|-boost|p1b: Garchomp|atk|2\n|move|p1a: Empoleon|Ice Beam|p2a: Sinistcha\n|-supereffective|p2a: Sinistcha|1\n|-damage|p2a: Sinistcha|22/100\n|-enditem|p2a: Sinistcha|Sitrus Berry|[eat]\n|-heal|p2a: Sinistcha|47/100|[from] item: Sitrus Berry\n|move|p2b: Garchomp|Dragon Claw|p1b: Garchomp\n|-supereffective|p1b: Garchomp|1\n|-damage|p1b: Garchomp|0 fnt\n|-damage|p2b: Garchomp|88/100|[from] ability: Rough Skin|[of] p1b: Garchomp\n|faint|p1b: Garchomp\n|\n|-weather|RainDance|[upkeep]\n|-heal|p2b: Garchomp|94/100|[from] item: Leftovers\n|upkeep\n|turn|6\n|-message|Charizard1199 forfeited.\n|\n|win|FellowFrog\n|raw|Charizard1199's rating: 1044 &rarr; <strong>1025</strong><br />(-19 for losing)\n|raw|FellowFrog's rating: 1000 &rarr; <strong>1045</strong><br />(+45 for winning)\n|l|\u2606Charizard1199\n|player|p1|\n",
  "uploadtime": 1776462692,
  "views": 23,
  "formatid": "gen9championsvgc2026regma",
  "rating": 1025,
  "private": 0,
  "password": null
}