{
  "id": "gen9championsvgc2026regma-2585137516",
  "format": "[Gen 9 Champions] VGC 2026 Reg M-A",
  "players": [
    "big body merc",
    "FadedMT"
  ],
  "log": "|j|\u2606big body merc\n|j|\u2606FadedMT\n|t:|1776316289\n|gametype|doubles\n|player|p1|big body merc|266|1046\n|player|p2|FadedMT|wattson|1002\n|gen|9\n|tier|[Gen 9 Champions] VGC 2026 Reg M-A\n|rated|\n|rule|Species Clause: Limit one of each Pok\u00e9mon\n|rule|Item Clause: Limit 1 of each item\n|clearpoke\n|poke|p1|Clefable, L50, F|\n|poke|p1|Kingambit, L50, F|\n|poke|p1|Sneasler, L50, F|\n|poke|p1|Dragonite, L50, F|\n|poke|p1|Delphox, L50, F|\n|poke|p1|Basculegion, L50, M|\n|poke|p2|Pelipper, L50, F|\n|poke|p2|Archaludon, L50, M|\n|poke|p2|Dragonite, L50, F|\n|poke|p2|Mamoswine, L50, F|\n|poke|p2|Basculegion, L50, M|\n|poke|p2|Farigiraf, L50, F|\n|teampreview|4\n|inactive|Battle timer is ON: inactive players will automatically lose when time's up. (requested by big body merc)\n|inactive|big body merc has 60 seconds left.\n|\n|t:|1776316331\n|teamsize|p1|4\n|teamsize|p2|4\n|start\n|switch|p1a: Sneasler|Sneasler, L50, F|100/100\n|switch|p1b: Kingambit|Kingambit, L50, F|100/100\n|switch|p2a: Pelipper|Pelipper, L50, F|100/100\n|switch|p2b: Archaludon|Archaludon, L50, M|100/100\n|-weather|RainDance|[from] ability: Drizzle|[of] p2a: Pelipper\n|turn|1\n|inactive|big body merc has 30 seconds left.\n|\n|t:|1776316358\n|switch|p2b: Mamoswine|Mamoswine, L50, F|100/100\n|move|p1a: Sneasler|Fake Out|p2b: Mamoswine\n|-damage|p2b: Mamoswine|86/100\n|move|p2a: Pelipper|Tailwind|p2a: Pelipper\n|-sidestart|p2: FadedMT|move: Tailwind\n|move|p1b: Kingambit|Swords Dance|p1b: Kingambit\n|-boost|p1b: Kingambit|atk|2\n|\n|-weather|RainDance|[upkeep]\n|upkeep\n|turn|2\n|\n|t:|1776316383\n|move|p1b: Kingambit|Sucker Punch|p2b: Mamoswine\n|-damage|p2b: Mamoswine|0 fnt\n|faint|p2b: Mamoswine\n|move|p1a: Sneasler|Dire Claw|p2a: Pelipper\n|-damage|p2a: Pelipper|59/100\n|move|p2a: Pelipper|Hurricane|p1a: Sneasler\n|-supereffective|p1a: Sneasler|1\n|-damage|p1a: Sneasler|6/100\n|\n|-weather|RainDance|[upkeep]\n|upkeep\n|\n|t:|1776316396\n|switch|p2b: Basculegion|Basculegion, L50, M|100/100\n|turn|3\n|\n|t:|1776316405\n|move|p2b: Basculegion|Protect|p2b: Basculegion\n|-singleturn|p2b: Basculegion|Protect\n|move|p1b: Kingambit|Sucker Punch||[still]\n|-fail|p1b: Kingambit\n|move|p1a: Sneasler|Dire Claw|p2a: Pelipper\n|-damage|p2a: Pelipper|16/100\n|move|p2a: Pelipper|Hurricane|p1a: Sneasler\n|-supereffective|p1a: Sneasler|1\n|-damage|p1a: Sneasler|0 fnt\n|faint|p1a: Sneasler\n|\n|-weather|RainDance|[upkeep]\n|upkeep\n|\n|t:|1776316415\n|switch|p1a: Dragonite|Dragonite, L50, F|100/100\n|turn|4\n|\n|t:|1776316428\n|switch|p2a: Archaludon|Archaludon, L50, M|100/100\n|move|p1a: Dragonite|Extreme Speed|p2a: Archaludon\n|-resisted|p2a: Archaludon|1\n|-damage|p2a: Archaludon|90/100\n|-ability|p2a: Archaludon|Stamina|boost\n|-boost|p2a: Archaludon|def|1\n|move|p1b: Kingambit|Sucker Punch|p2b: Basculegion\n|-supereffective|p2b: Basculegion|1\n|-damage|p2b: Basculegion|0 fnt\n|faint|p2b: Basculegion\n|\n|-weather|RainDance|[upkeep]\n|-sideend|p2: FadedMT|move: Tailwind\n|upkeep\n|\n|t:|1776316440\n|switch|p2b: Pelipper|Pelipper, L50, F|16/100\n|turn|5\n|\n|t:|1776316458\n|move|p2b: Pelipper|Protect|p2b: Pelipper\n|-singleturn|p2b: Pelipper|Protect\n|move|p1a: Dragonite|Extreme Speed|p2b: Pelipper\n|-activate|p2b: Pelipper|move: Protect\n|move|p2a: Archaludon|Dragon Pulse|p1a: Dragonite\n|-supereffective|p1a: Dragonite|1\n|-damage|p1a: Dragonite|48/100\n|move|p1b: Kingambit|Swords Dance|p1b: Kingambit\n|-boost|p1b: Kingambit|atk|2\n|\n|-weather|none\n|upkeep\n|turn|6\n|\n|t:|1776316473\n|move|p1a: Dragonite|Extreme Speed|p2b: Pelipper\n|-damage|p2b: Pelipper|0 fnt\n|faint|p2b: Pelipper\n|move|p2a: Archaludon|Dragon Pulse|p1a: Dragonite\n|-supereffective|p1a: Dragonite|1\n|-damage|p1a: Dragonite|0 fnt\n|faint|p1a: Dragonite\n|move|p1b: Kingambit|Kowtow Cleave|p2a: Archaludon\n|-damage|p2a: Archaludon|9/100\n|-ability|p2a: Archaludon|Stamina|boost\n|-boost|p2a: Archaludon|def|1\n|\n|upkeep\n|\n|t:|1776316484\n|switch|p1a: Delphox|Delphox, L50, F|100/100\n|turn|7\n|\n|t:|1776316489\n|move|p2a: Archaludon|Protect|p2a: Archaludon\n|-singleturn|p2a: Archaludon|Protect\n|move|p1b: Kingambit|Sucker Punch||[still]\n|-fail|p1b: Kingambit\n|move|p1a: Delphox|Heat Wave|p2a: Archaludon\n|-activate|p2a: Archaludon|move: Protect\n|\n|upkeep\n|turn|8\n|\n|t:|1776316503\n|move|p1b: Kingambit|Sucker Punch|p2a: Archaludon\n|-damage|p2a: Archaludon|0 fnt\n|faint|p2a: Archaludon\n|\n|win|big body merc\n|raw|big body merc's rating: 1046 &rarr; <strong>1075</strong><br />(+29 for winning)\n|raw|FadedMT's rating: 1002 &rarr; <strong>1000</strong><br />(-2 for losing)\n|l|\u2606FadedMT\n|player|p2|\n",
  "uploadtime": 1776316507,
  "views": 19,
  "formatid": "gen9championsvgc2026regma",
  "rating": 1000,
  "private": 0,
  "password": null
}