{
  "id": "gen9championsvgc2026regma-2581135242",
  "format": "[Gen 9 Champions] VGC 2026 Reg M-A",
  "players": [
    "NekoyamaShion",
    "Kongojongo"
  ],
  "log": "|j|\u2606NekoyamaShion\n|j|\u2606Kongojongo\n|t:|1775963258\n|gametype|doubles\n|player|p1|NekoyamaShion|swimmerf-gen4dp|1085\n|player|p2|Kongojongo|harlequin|1029\n|gen|9\n|tier|[Gen 9 Champions] VGC 2026 Reg M-A\n|rated|\n|rule|Species Clause: Limit one of each Pok\u00e9mon\n|rule|Item Clause: Limit 1 of each item\n|clearpoke\n|poke|p1|Charizard, L50, M|\n|poke|p1|Whimsicott, L50, F|\n|poke|p1|Sneasler, L50, F|\n|poke|p1|Incineroar, L50, M|\n|poke|p1|Sinistcha-Masterpiece, L50|\n|poke|p1|Floette-Eternal, L50, F|\n|poke|p2|Golurk, L50|\n|poke|p2|Tyranitar, L50, F|\n|poke|p2|Cofagrigus, L50, M|\n|poke|p2|Incineroar, L50, M|\n|poke|p2|Aegislash, L50, F|\n|poke|p2|Basculegion, L50, M|\n|teampreview|4\n|\n|t:|1775963292\n|teamsize|p1|4\n|teamsize|p2|4\n|start\n|switch|p1a: Incineroar|Incineroar, L50, M|100/100\n|switch|p1b: Sneasler|Sneasler, L50, F|100/100\n|switch|p2a: Mum|Cofagrigus, L50, M|100/100\n|switch|p2b: Shin|Tyranitar, L50, F|100/100\n|-ability|p1a: Incineroar|Intimidate|boost\n|-unboost|p2a: Mum|atk|1\n|-unboost|p2b: Shin|atk|1\n|-weather|Sandstorm|[from] ability: Sand Stream|[of] p2b: Shin\n|turn|1\n|\n|t:|1775963317\n|move|p2b: Shin|Protect|p2b: Shin\n|-singleturn|p2b: Shin|Protect\n|move|p1b: Sneasler|U-turn|p2a: Mum\n|-resisted|p2a: Mum|1\n|-crit|p2a: Mum\n|-damage|p2a: Mum|82/100\n|-activate|p2a: Mum|ability: Mummy|p1b: Sneasler|[ability] Poison Touch\n|-status|p2a: Mum|psn|[from] ability: Poison Touch|[of] p1b: Sneasler\n|\n|t:|1775963330\n|switch|p1b: Sinistcha|Sinistcha-Masterpiece, L50|100/100|[from] U-turn\n|move|p1a: Incineroar|Taunt|p2a: Mum\n|-start|p2a: Mum|move: Taunt\n|cant|p2a: Mum|move: Taunt|Trick Room\n|\n|-weather|Sandstorm|[upkeep]\n|-damage|p1b: Sinistcha|94/100|[from] Sandstorm\n|-damage|p1a: Incineroar|95/100|[from] Sandstorm\n|-damage|p2a: Mum|76/100 psn|[from] Sandstorm\n|-heal|p1b: Sinistcha|100/100|[from] item: Leftovers\n|-heal|p2a: Mum|82/100 psn|[from] item: Leftovers\n|-damage|p2a: Mum|70/100 psn|[from] psn\n|upkeep\n|turn|2\n|\n|t:|1775963357\n|switch|p2b: El Tigre|Incineroar, L50, M|100/100\n|-ability|p2b: El Tigre|Intimidate|boost\n|-unboost|p1a: Incineroar|atk|1\n|-unboost|p1b: Sinistcha|atk|1\n|move|p1b: Sinistcha|Strength Sap|p2b: El Tigre\n|-unboost|p2b: El Tigre|atk|1\n|move|p1a: Incineroar|Will-O-Wisp|p2b: El Tigre\n|-immune|p2b: El Tigre\n|move|p2a: Mum|Shadow Ball|p1b: Sinistcha\n|-supereffective|p1b: Sinistcha|1\n|-damage|p1b: Sinistcha|30/100\n|\n|-weather|Sandstorm|[upkeep]\n|-damage|p1b: Sinistcha|24/100|[from] Sandstorm\n|-damage|p1a: Incineroar|89/100|[from] Sandstorm\n|-damage|p2b: El Tigre|95/100|[from] Sandstorm\n|-damage|p2a: Mum|64/100 psn|[from] Sandstorm\n|-heal|p1b: Sinistcha|30/100|[from] item: Leftovers\n|-heal|p2a: Mum|70/100 psn|[from] item: Leftovers\n|-damage|p2a: Mum|58/100 psn|[from] psn\n|upkeep\n|turn|3\n|\n|t:|1775963397\n|move|p1b: Sinistcha|Shadow Ball|p2a: Mum\n|-supereffective|p2a: Mum|1\n|-damage|p2a: Mum|0 fnt\n|faint|p2a: Mum\n|move|p1a: Incineroar|Will-O-Wisp|p2b: El Tigre\n|-immune|p2b: El Tigre\n|move|p2b: El Tigre|Close Combat|p1a: Incineroar\n|-supereffective|p1a: Incineroar|1\n|-damage|p1a: Incineroar|47/100\n|-unboost|p2b: El Tigre|def|1\n|-unboost|p2b: El Tigre|spd|1\n|-enditem|p1a: Incineroar|Sitrus Berry|[eat]\n|-heal|p1a: Incineroar|72/100|[from] item: Sitrus Berry\n|\n|-weather|Sandstorm|[upkeep]\n|-damage|p1b: Sinistcha|24/100|[from] Sandstorm\n|-damage|p1a: Incineroar|66/100|[from] Sandstorm\n|-damage|p2b: El Tigre|89/100|[from] Sandstorm\n|-heal|p1b: Sinistcha|30/100|[from] item: Leftovers\n|upkeep\n|\n|t:|1775963416\n|switch|p2a: Shin|Tyranitar, L50, F|100/100\n|turn|4\n|\n|t:|1775963432\n|move|p2a: Shin|Protect|p2a: Shin\n|-singleturn|p2a: Shin|Protect\n|move|p1b: Sinistcha|Strength Sap|p2a: Shin\n|-activate|p2a: Shin|move: Protect\n|move|p1a: Incineroar|Will-O-Wisp|p2a: Shin\n|-activate|p2a: Shin|move: Protect\n|move|p2b: El Tigre|Parting Shot|p1a: Incineroar\n|-unboost|p1a: Incineroar|atk|1\n|-unboost|p1a: Incineroar|spa|1\n|\n|t:|1775963441\n|switch|p2b: Tampon Fish|Basculegion, L50, M|100/100|[from] Parting Shot\n|\n|-weather|Sandstorm|[upkeep]\n|-damage|p2b: Tampon Fish|94/100|[from] Sandstorm\n|-damage|p1b: Sinistcha|24/100|[from] Sandstorm\n|-damage|p1a: Incineroar|60/100|[from] Sandstorm\n|-heal|p1b: Sinistcha|30/100|[from] item: Leftovers\n|upkeep\n|turn|5\n|\n|t:|1775963470\n|switch|p2a: El Tigre|Incineroar, L50, M|89/100\n|-ability|p2a: El Tigre|Intimidate|boost\n|-unboost|p1a: Incineroar|atk|1\n|-unboost|p1b: Sinistcha|atk|1\n|move|p2b: Tampon Fish|Ice Fang|p1b: Sinistcha\n|-supereffective|p1b: Sinistcha|1\n|-damage|p1b: Sinistcha|0 fnt\n|faint|p1b: Sinistcha\n|move|p1a: Incineroar|Will-O-Wisp|p2b: Tampon Fish\n|-status|p2b: Tampon Fish|brn\n|\n|-weather|none\n|-damage|p2b: Tampon Fish|88/100 brn|[from] brn\n|upkeep\n|\n|t:|1775963488\n|switch|p1b: Sneasler|Sneasler, L50, F|100/100\n|turn|6\n|inactive|Battle timer is ON: inactive players will automatically lose when time's up. (requested by NekoyamaShion)\n|inactive|NekoyamaShion has 60 seconds left.\n|\n|t:|1775963554\n|move|p2a: El Tigre|Fake Out|p1b: Sneasler\n|-damage|p1b: Sneasler|80/100\n|cant|p1b: Sneasler|flinch\n|move|p2b: Tampon Fish|Wave Crash|p1a: Incineroar\n|-supereffective|p1a: Incineroar|1\n|-damage|p1a: Incineroar|1/100\n|-damage|p2b: Tampon Fish|68/100 brn|[from] Recoil\n|move|p1a: Incineroar|Parting Shot|p2a: El Tigre\n|-unboost|p2a: El Tigre|atk|1\n|-unboost|p2a: El Tigre|spa|1\n|\n|t:|1775963567\n|switch|p1a: Charizard|Charizard, L50, M|100/100|[from] Parting Shot\n|\n|-damage|p2b: Tampon Fish|62/100 brn|[from] brn\n|upkeep\n|turn|7\n|\n|t:|1775963588\n|detailschange|p1a: Charizard|Charizard-Mega-Y, L50, M\n|-mega|p1a: Charizard|Charizard|Charizardite Y\n|-weather|SunnyDay|[from] ability: Drought|[of] p1a: Charizard\n|move|p1b: Sneasler|Dire Claw|p2b: Tampon Fish\n|-resisted|p2b: Tampon Fish|1\n|-damage|p2b: Tampon Fish|35/100 brn\n|-enditem|p2b: Tampon Fish|Sitrus Berry|[eat]\n|-heal|p2b: Tampon Fish|60/100 brn|[from] item: Sitrus Berry\n|move|p2b: Tampon Fish|Flip Turn|p1a: Charizard\n|-supereffective|p1a: Charizard|1\n|-damage|p1a: Charizard|82/100\n|\n|t:|1775963598\n|switch|p2b: Shin|Tyranitar, L50, F|100/100|[from] Flip Turn\n|-weather|Sandstorm|[from] ability: Sand Stream|[of] p2b: Shin\n|move|p1a: Charizard|Heat Wave|p2b: Shin|[spread] p2a,p2b\n|-resisted|p2a: El Tigre|1\n|-resisted|p2b: Shin|1\n|-damage|p2a: El Tigre|67/100\n|-damage|p2b: Shin|88/100\n|move|p2a: El Tigre|Parting Shot|p1b: Sneasler\n|-unboost|p1b: Sneasler|atk|1\n|-unboost|p1b: Sneasler|spa|1\n|\n|t:|1775963608\n|switch|p2a: Tampon Fish|Basculegion, L50, M|60/100 brn|[from] Parting Shot\n|\n|-weather|Sandstorm|[upkeep]\n|-damage|p1b: Sneasler|74/100|[from] Sandstorm\n|-damage|p2a: Tampon Fish|54/100 brn|[from] Sandstorm\n|-damage|p1a: Charizard|76/100|[from] Sandstorm\n|-damage|p2a: Tampon Fish|48/100 brn|[from] brn\n|upkeep\n|turn|8\n|inactive|Kongojongo has 30 seconds left.\n|\n|t:|1775963637\n|move|p1a: Charizard|Protect|p1a: Charizard\n|-singleturn|p1a: Charizard|Protect\n|move|p2b: Shin|Protect|p2b: Shin\n|-singleturn|p2b: Shin|Protect\n|move|p1b: Sneasler|Close Combat|p2b: Shin\n|-activate|p2b: Shin|move: Protect\n|move|p2a: Tampon Fish|Wave Crash|p1b: Sneasler\n|-damage|p1b: Sneasler|6/100\n|-damage|p2a: Tampon Fish|29/100 brn|[from] Recoil\n|\n|-weather|Sandstorm|[upkeep]\n|-damage|p1b: Sneasler|0 fnt|[from] Sandstorm\n|-damage|p2a: Tampon Fish|23/100 brn|[from] Sandstorm\n|-damage|p1a: Charizard|70/100|[from] Sandstorm\n|faint|p1b: Sneasler\n|-damage|p2a: Tampon Fish|17/100 brn|[from] brn\n|upkeep\n|\n|t:|1775963655\n|switch|p1b: Incineroar|Incineroar, L50, M|1/100\n|-ability|p1b: Incineroar|Intimidate|boost\n|-unboost|p2a: Tampon Fish|atk|1\n|-unboost|p2b: Shin|atk|1\n|turn|9\n|\n|t:|1775963674\n|switch|p2b: El Tigre|Incineroar, L50, M|67/100\n|-ability|p2b: El Tigre|Intimidate|boost\n|-unboost|p1a: Charizard|atk|1\n|-unboost|p1b: Incineroar|atk|1\n|move|p2a: Tampon Fish|Flip Turn|p1a: Charizard\n|-supereffective|p1a: Charizard|1\n|-damage|p1a: Charizard|45/100\n|\n|t:|1775963680\n|switch|p2a: Shin|Tyranitar, L50, F|88/100|[from] Flip Turn\n|move|p1a: Charizard|Overheat|p2b: El Tigre\n|-resisted|p2b: El Tigre|1\n|-damage|p2b: El Tigre|29/100\n|-unboost|p1a: Charizard|spa|2\n|move|p1b: Incineroar|Will-O-Wisp|p2b: El Tigre\n|-immune|p2b: El Tigre\n|\n|-weather|Sandstorm|[upkeep]\n|-damage|p1a: Charizard|39/100|[from] Sandstorm\n|-damage|p1b: Incineroar|0 fnt|[from] Sandstorm\n|-damage|p2b: El Tigre|23/100|[from] Sandstorm\n|faint|p1b: Incineroar\n|upkeep\n|turn|10\n|\n|t:|1775963700\n|detailschange|p2a: Shin|Tyranitar-Mega, L50, F\n|-mega|p2a: Shin|Tyranitar|Tyranitarite\n|move|p2b: El Tigre|Fake Out|p1a: Charizard\n|-damage|p1a: Charizard|25/100\n|cant|p1a: Charizard|flinch\n|move|p2a: Shin|Rock Slide|p1a: Charizard\n|-supereffective|p1a: Charizard|2\n|-damage|p1a: Charizard|0 fnt\n|faint|p1a: Charizard\n|\n|win|Kongojongo\n|raw|NekoyamaShion's rating: 1085 &rarr; <strong>1059</strong><br />(-26 for losing)\n|raw|Kongojongo's rating: 1029 &rarr; <strong>1070</strong><br />(+41 for winning)\n",
  "uploadtime": 1775963711,
  "views": 12,
  "formatid": "gen9championsvgc2026regma",
  "rating": 1059,
  "private": 0,
  "password": null
}