{
  "id": "gen9championsvgc2026regma-2581627056",
  "format": "[Gen 9 Champions] VGC 2026 Reg M-A",
  "players": [
    "Casual1465",
    "DRX34"
  ],
  "log": "|j|\u2606Casual1465\n|j|\u2606DRX34\n|t:|1776016213\n|gametype|doubles\n|player|p1|Casual1465|2|1039\n|player|p2|DRX34|ruinmaniac|1040\n|gen|9\n|tier|[Gen 9 Champions] VGC 2026 Reg M-A\n|rated|\n|rule|Species Clause: Limit one of each Pok\u00e9mon\n|rule|Item Clause: Limit 1 of each item\n|clearpoke\n|poke|p1|Heliolisk, L50, F|\n|poke|p1|Charizard, L50, F|\n|poke|p1|Weavile, L50, M|\n|poke|p1|Whimsicott, L50, F|\n|poke|p2|Scovillain, L50, F|\n|poke|p2|Goodra-Hisui, L50, F|\n|poke|p2|Rotom-Frost, L50|\n|poke|p2|Talonflame, L50, F|\n|poke|p2|Alcremie-Ruby-Swirl, L50, F|\n|poke|p2|Toxicroak, L50, F|\n|teampreview|4\nDRX34 has agreed to open team sheets.\nCasual1465 rejected open team sheets.\n|inactive|Battle timer is ON: inactive players will automatically lose when time's up. (requested by DRX34)\n|\n|t:|1776016261\n|teamsize|p1|4\n|teamsize|p2|4\n|start\n|switch|p1a: Whimsicott|Whimsicott, L50, F|100/100\n|switch|p1b: Weavile|Weavile, L50, M|100/100\n|switch|p2a: Scovillain|Scovillain, L50, F|100/100\n|switch|p2b: Talonflame|Talonflame, L50, F|100/100\n|-ability|p1b: Weavile|Pressure\n|turn|1\n|inactive|DRX34 has 30 seconds left.\n|inactive|DRX34 has 20 seconds left.\n|\n|t:|1776016298\n|detailschange|p2a: Scovillain|Scovillain-Mega, L50, F\n|-mega|p2a: Scovillain|Scovillain|Scovillainite\n|move|p1a: Whimsicott|Tailwind|p1a: Whimsicott\n|-sidestart|p1: Casual1465|move: Tailwind\n|move|p1b: Weavile|Triple Axel|p2b: Talonflame\n|-damage|p2b: Talonflame|86/100\n|-damage|p2b: Talonflame|52/100\n|-damage|p2b: Talonflame|9/100\n|-status|p1b: Weavile|brn|[from] ability: Flame Body|[of] p2b: Talonflame\n|-hitcount|p2b: Talonflame|3\n|move|p2b: Talonflame|Tailwind|p2b: Talonflame\n|-sidestart|p2: DRX34|move: Tailwind\n|move|p2a: Scovillain|Flamethrower|p1b: Weavile\n|-supereffective|p1b: Weavile|1\n|-damage|p1b: Weavile|0 fnt\n|faint|p1b: Weavile\n|\n|upkeep\n|inactive|Casual1465 has 30 seconds left.\n|\n|t:|1776016323\n|switch|p1b: Heliolisk|Heliolisk, L50, F|100/100\n|turn|2\n|\n|t:|1776016346\n|move|p1b: Heliolisk|Protect|p1b: Heliolisk\n|-singleturn|p1b: Heliolisk|Protect\n|move|p2a: Scovillain|Rage Powder|p2a: Scovillain\n|-singleturn|p2a: Scovillain|move: Rage Powder\n|move|p1a: Whimsicott|Sunny Day|p1a: Whimsicott\n|-weather|SunnyDay\n|move|p2b: Talonflame|U-turn|p1a: Whimsicott\n|-damage|p1a: Whimsicott|75/100\n|\n|t:|1776016353\n|switch|p2b: Toxicroak|Toxicroak, L50, F|100/100|[from] U-turn\n|\n|-weather|SunnyDay|[upkeep]\n|-damage|p1b: Heliolisk|88/100|[from] ability: Solar Power|[of] p1b: Heliolisk\n|upkeep\n|turn|3\n|\n|t:|1776016369\n|move|p2a: Scovillain|Rage Powder|p2a: Scovillain\n|-singleturn|p2a: Scovillain|move: Rage Powder\n|move|p1a: Whimsicott|Moonblast|p2b: Toxicroak\n|-damage|p2b: Toxicroak|41/100\n|move|p1b: Heliolisk|Hyper Voice|p2b: Toxicroak|[spread] p2a,p2b\n|-damage|p2a: Scovillain|39/100\n|-damage|p2b: Toxicroak|0 fnt\n|-status|p1b: Heliolisk|brn|[from] ability: Spicy Spray|[of] p2a: Scovillain\n|faint|p2b: Toxicroak\n|\n|-weather|SunnyDay|[upkeep]\n|-damage|p1b: Heliolisk|76/100 brn|[from] ability: Solar Power|[of] p1b: Heliolisk\n|-damage|p1b: Heliolisk|70/100 brn|[from] brn\n|upkeep\n|\n|t:|1776016383\n|switch|p2b: Talonflame|Talonflame, L50, F|9/100\n|turn|4\n|\n|t:|1776016391\n|move|p2a: Scovillain|Protect|p2a: Scovillain\n|-singleturn|p2a: Scovillain|Protect\n|move|p2b: Talonflame|U-turn|p1a: Whimsicott\n|-crit|p1a: Whimsicott\n|-damage|p1a: Whimsicott|38/100\n|\n|t:|1776016396\n|switch|p2b: Alcremie|Alcremie-Ruby-Swirl, L50, F|100/100|[from] U-turn\n|move|p1a: Whimsicott|Moonblast|p2b: Alcremie\n|-damage|p2b: Alcremie|65/100\n|move|p1b: Heliolisk|Hyper Voice|p2b: Alcremie|[spread] p2b\n|-activate|p2a: Scovillain|move: Protect\n|-damage|p2b: Alcremie|0 fnt\n|faint|p2b: Alcremie\n|\n|-weather|SunnyDay|[upkeep]\n|-damage|p1b: Heliolisk|57/100 brn|[from] ability: Solar Power|[of] p1b: Heliolisk\n|-damage|p1b: Heliolisk|52/100 brn|[from] brn\n|-sideend|p2: DRX34|move: Tailwind\n|-sideend|p1: Casual1465|move: Tailwind\n|upkeep\n|\n|t:|1776016410\n|switch|p2b: Talonflame|Talonflame, L50, F|9/100\n|turn|5\n|\n|t:|1776016419\n|move|p1a: Whimsicott|Tailwind|p1a: Whimsicott\n|-sidestart|p1: Casual1465|move: Tailwind\n|move|p1b: Heliolisk|Hyper Voice|p2a: Scovillain|[spread] p2a,p2b\n|-damage|p2a: Scovillain|0 fnt\n|-damage|p2b: Talonflame|0 fnt\n|faint|p2a: Scovillain\n|faint|p2b: Talonflame\n|\n|win|Casual1465\n|raw|Casual1465's rating: 1039 &rarr; <strong>1073</strong><br />(+34 for winning)\n|raw|DRX34's rating: 1040 &rarr; <strong>1024</strong><br />(-16 for losing)\n",
  "uploadtime": 1776016429,
  "views": 14,
  "formatid": "gen9championsvgc2026regma",
  "rating": 1024,
  "private": 0,
  "password": null
}