{
  "id": "gen9championsvgc2026regma-2588345371",
  "format": "[Gen 9 Champions] VGC 2026 Reg M-A",
  "players": [
    "pikafenn",
    "The Red Lynx"
  ],
  "log": "|j|\u2606pikafenn\n|j|\u2606The Red Lynx\n|t:|1776625879\n|gametype|doubles\n|player|p1|pikafenn|265|1214\n|player|p2|The Red Lynx|n|1179\n|gen|9\n|tier|[Gen 9 Champions] VGC 2026 Reg M-A\n|rated|\n|rule|Species Clause: Limit one of each Pok\u00e9mon\n|rule|Item Clause: Limit 1 of each item\n|clearpoke\n|poke|p1|Chesnaught, L50, M|\n|poke|p1|Slowking, L50, F|\n|poke|p1|Tyranitar, L50, F|\n|poke|p1|Sinistcha, L50|\n|poke|p1|Excadrill, L50, M|\n|poke|p1|Rotom-Heat, L50|\n|poke|p2|Charizard, L50, M|\n|poke|p2|Whimsicott, L50, F|\n|poke|p2|Venusaur, L50, M|\n|poke|p2|Incineroar, L50, M|\n|poke|p2|Torkoal, L50, M|\n|poke|p2|Sneasler, L50, F|\n|teampreview|4\n|inactive|Battle timer is ON: inactive players will automatically lose when time's up. (requested by pikafenn)\npikafenn rejected open team sheets.\n|inactive|The Red Lynx has 60 seconds left.\n|\n|t:|1776625919\n|teamsize|p1|4\n|teamsize|p2|4\n|start\n|switch|p1a: Tyranitar|Tyranitar, L50, F|100/100\n|switch|p1b: Excadrill|Excadrill, L50, M|100/100\n|switch|p2a: Incineroar|Incineroar, L50, M|100/100\n|switch|p2b: Whimsicott|Whimsicott, L50, F|100/100\n|-ability|p2a: Incineroar|Intimidate|boost\n|-unboost|p1a: Tyranitar|atk|1\n|-unboost|p1b: Excadrill|atk|1\n|-weather|Sandstorm|[from] ability: Sand Stream|[of] p1a: Tyranitar\n|turn|1\n|inactive|pikafenn has 30 seconds left.\n|\n|t:|1776625946\n|move|p1b: Excadrill|Protect|p1b: Excadrill\n|-singleturn|p1b: Excadrill|Protect\n|move|p2a: Incineroar|Fake Out|p1b: Excadrill\n|-activate|p1b: Excadrill|move: Protect\n|move|p2b: Whimsicott|Tailwind|p2b: Whimsicott\n|-sidestart|p2: The Red Lynx|move: Tailwind\n|move|p1a: Tyranitar|Rock Slide|p2b: Whimsicott|[spread] p2a,p2b\n|-supereffective|p2a: Incineroar|1\n|-damage|p2a: Incineroar|57/100\n|-damage|p2b: Whimsicott|66/100\n|\n|-weather|Sandstorm|[upkeep]\n|-damage|p2b: Whimsicott|60/100|[from] Sandstorm\n|-damage|p2a: Incineroar|51/100|[from] Sandstorm\n|upkeep\n|turn|2\n|inactive|pikafenn has 30 seconds left.\n|inactive|pikafenn has 20 seconds left.\n|inactive|pikafenn has 15 seconds left.\n|inactive|pikafenn has 10 seconds left.\n|\n|t:|1776625994\n|switch|p1b: Rotom|Rotom-Heat, L50|100/100\n|switch|p1a: Sinistcha|Sinistcha, L50|100/100\n|move|p2b: Whimsicott|Encore||[still]\n|-fail|p2b: Whimsicott\n|move|p2a: Incineroar|Flare Blitz|p1b: Rotom\n|-resisted|p1b: Rotom|1\n|-damage|p1b: Rotom|69/100\n|-damage|p2a: Incineroar|42/100|[from] Recoil\n|-enditem|p2a: Incineroar|Sitrus Berry|[eat]\n|-heal|p2a: Incineroar|67/100|[from] item: Sitrus Berry\n|\n|-weather|Sandstorm|[upkeep]\n|-damage|p2b: Whimsicott|55/100|[from] Sandstorm\n|-damage|p2a: Incineroar|61/100|[from] Sandstorm\n|-damage|p1b: Rotom|64/100|[from] Sandstorm\n|-damage|p1a: Sinistcha|94/100|[from] Sandstorm\n|upkeep\n|turn|3\n|inactive|pikafenn has 30 seconds left.\n|\n|t:|1776626026\n|move|p1a: Sinistcha|Protect|p1a: Sinistcha\n|-singleturn|p1a: Sinistcha|Protect\n|move|p2b: Whimsicott|Light Screen|p2b: Whimsicott\n|-sidestart|p2: The Red Lynx|move: Light Screen\n|move|p2a: Incineroar|Darkest Lariat|p1a: Sinistcha\n|-activate|p1a: Sinistcha|move: Protect\n|move|p1b: Rotom|Volt Switch|p2b: Whimsicott\n|-resisted|p2b: Whimsicott|1\n|-damage|p2b: Whimsicott|35/100\n|\n|t:|1776626034\n|switch|p1b: Excadrill|Excadrill, L50, M|100/100|[from] Volt Switch\n|\n|-weather|Sandstorm|[upkeep]\n|-damage|p2b: Whimsicott|29/100|[from] Sandstorm\n|-damage|p2a: Incineroar|55/100|[from] Sandstorm\n|-damage|p1a: Sinistcha|88/100|[from] Sandstorm\n|upkeep\n|turn|4\n|\n|t:|1776626048\n|move|p1a: Sinistcha|Rage Powder|p1a: Sinistcha\n|-singleturn|p1a: Sinistcha|move: Rage Powder\n|move|p2b: Whimsicott|Endeavor|p1b: Excadrill\n|-damage|p1b: Excadrill|21/100\n|move|p1b: Excadrill|Rock Slide|p2b: Whimsicott|[spread] p2a,p2b\n|-supereffective|p2a: Incineroar|1\n|-damage|p2a: Incineroar|10/100\n|-damage|p2b: Whimsicott|0 fnt\n|faint|p2b: Whimsicott\n|cant|p2a: Incineroar|flinch\n|\n|-weather|Sandstorm|[upkeep]\n|-damage|p2a: Incineroar|4/100|[from] Sandstorm\n|-damage|p1a: Sinistcha|82/100|[from] Sandstorm\n|-sideend|p2: The Red Lynx|move: Tailwind\n|upkeep\n|\n|t:|1776626065\n|switch|p2b: Charizard|Charizard, L50, M|100/100\n|turn|5\n|inactive|pikafenn has 30 seconds left.\n|\n|t:|1776626096\n|switch|p1a: Rotom|Rotom-Heat, L50|64/100\n|detailschange|p2b: Charizard|Charizard-Mega-Y, L50, M\n|-mega|p2b: Charizard|Charizard|Charizardite Y\n|-weather|SunnyDay|[from] ability: Drought|[of] p2b: Charizard\n|move|p1b: Excadrill|Protect|p1b: Excadrill\n|-singleturn|p1b: Excadrill|Protect\n|move|p2b: Charizard|Heat Wave|p1b: Excadrill|[spread] p1a\n|-activate|p1b: Excadrill|move: Protect\n|-resisted|p1a: Rotom|1\n|-damage|p1a: Rotom|23/100\n|move|p2a: Incineroar|Darkest Lariat|p1a: Rotom\n|-damage|p1a: Rotom|0 fnt\n|faint|p1a: Rotom\n|\n|-weather|SunnyDay|[upkeep]\n|upkeep\n|\n|t:|1776626109\n|switch|p1a: Tyranitar|Tyranitar, L50, F|100/100\n|-weather|Sandstorm|[from] ability: Sand Stream|[of] p1a: Tyranitar\n|turn|6\n|\n|t:|1776626128\n|switch|p2b: Venusaur|Venusaur, L50, M|100/100\n|move|p1b: Excadrill|Rock Slide|p2b: Venusaur|[spread] p2a,p2b\n|-supereffective|p2a: Incineroar|1\n|-damage|p2a: Incineroar|0 fnt\n|-damage|p2b: Venusaur|78/100\n|faint|p2a: Incineroar\n|move|p1a: Tyranitar|Rock Slide|p2b: Venusaur\n|-damage|p2b: Venusaur|26/100\n|\n|-weather|Sandstorm|[upkeep]\n|-damage|p2b: Venusaur|20/100|[from] Sandstorm\n|-heal|p2b: Venusaur|26/100|[from] item: Leftovers\n|upkeep\n|\n|t:|1776626137\n|switch|p2a: Charizard|Charizard-Mega-Y, L50, M|100/100\n|-weather|SunnyDay|[from] ability: Drought|[of] p2a: Charizard\n|turn|7\n|inactive|The Red Lynx has 30 seconds left.\n|inactive|The Red Lynx has 20 seconds left.\n|\n|t:|1776626176\n|detailschange|p1a: Tyranitar|Tyranitar-Mega, L50, F\n|-mega|p1a: Tyranitar|Tyranitar|Tyranitarite\n|-weather|Sandstorm|[from] ability: Sand Stream|[of] p1a: Tyranitar\n|move|p1b: Excadrill|Rock Slide|p2a: Charizard|[spread] p2a,p2b\n|-supereffective|p2a: Charizard|2\n|-damage|p2a: Charizard|0 fnt\n|-damage|p2b: Venusaur|0 fnt\n|faint|p2a: Charizard\n|faint|p2b: Venusaur\n|\n|win|pikafenn\n|raw|pikafenn's rating: 1214 &rarr; <strong>1236</strong><br />(+22 for winning)\n|raw|The Red Lynx's rating: 1179 &rarr; <strong>1157</strong><br />(-22 for losing)\n|l|\u2606The Red Lynx\n|player|p2|\n",
  "uploadtime": 1776626186,
  "views": 9,
  "formatid": "gen9championsvgc2026regma",
  "rating": 1157,
  "private": 0,
  "password": null
}