{
  "id": "gen9championsvgc2026regma-2584786242",
  "format": "[Gen 9 Champions] VGC 2026 Reg M-A",
  "players": [
    "jyotsha",
    "hehe moon"
  ],
  "log": "|j|\u2606jyotsha\n|j|\u2606hehe moon\n|t:|1776283559\n|gametype|doubles\n|player|p1|jyotsha|101|1302\n|player|p2|hehe moon|cheryl|1236\n|gen|9\n|tier|[Gen 9 Champions] VGC 2026 Reg M-A\n|rated|\n|rule|Species Clause: Limit one of each Pok\u00e9mon\n|rule|Item Clause: Limit 1 of each item\n|clearpoke\n|poke|p1|Floette-Eternal, L50, F|\n|poke|p1|Sinistcha, L50|\n|poke|p1|Sableye, L50, M|\n|poke|p1|Aegislash, L50, M|\n|poke|p1|Charizard, L50, M|\n|poke|p1|Incineroar, L50, F|\n|poke|p2|Delphox, L50, M|\n|poke|p2|Whimsicott, L50, F|\n|poke|p2|Sneasler, L50, M|\n|poke|p2|Garchomp, L50, M|\n|poke|p2|Rotom-Wash, L50|\n|poke|p2|Orthworm, L50, M|\n|teampreview|4\n|inactive|Battle timer is ON: inactive players will automatically lose when time's up. (requested by hehe moon)\n|inactive|jyotsha has 60 seconds left.\n|\n|t:|1776283595\n|teamsize|p1|4\n|teamsize|p2|4\n|start\n|switch|p1a: Sableye|Sableye, L50, M|100/100\n|switch|p1b: Incineroar|Incineroar, L50, F|100/100\n|switch|p2a: Garchomp|Garchomp, L50, M|100/100\n|switch|p2b: Orthworm|Orthworm, L50, M|100/100\n|-ability|p1b: Incineroar|Intimidate|boost\n|-unboost|p2a: Garchomp|atk|1\n|-unboost|p2b: Orthworm|atk|1\n|turn|1\n|\n|t:|1776283609\n|switch|p2a: Whimsicott|Whimsicott, L50, F|100/100\n|move|p1b: Incineroar|Fake Out|p2b: Orthworm\n|-resisted|p2b: Orthworm|1\n|-damage|p2b: Orthworm|95/100\n|move|p1a: Sableye|Will-O-Wisp|p2a: Whimsicott\n|-status|p2a: Whimsicott|brn\n|cant|p2b: Orthworm|flinch\n|\n|-heal|p2b: Orthworm|100/100|[from] item: Leftovers\n|-damage|p2a: Whimsicott|95/100 brn|[from] brn\n|upkeep\n|turn|2\n|inactive|jyotsha has 30 seconds left.\n|\n|t:|1776283644\n|move|p1a: Sableye|Light Screen|p1a: Sableye\n|-sidestart|p1: jyotsha|move: Light Screen\n|move|p2a: Whimsicott|Moonblast|p1a: Sableye\n|-supereffective|p1a: Sableye|1\n|-damage|p1a: Sableye|39/100\n|move|p2b: Orthworm|Shed Tail|p2b: Orthworm\n|-start|p2b: Orthworm|Substitute|[from] move: Shed Tail\n|-damage|p2b: Orthworm|50/100\n|\n|t:|1776283652\n|switch|p2b: Garchomp|Garchomp, L50, M|100/100|[from] Shed Tail\n|move|p1b: Incineroar|Parting Shot|p2a: Whimsicott\n|-unboost|p2a: Whimsicott|atk|1\n|-unboost|p2a: Whimsicott|spa|1\n|\n|t:|1776283665\n|switch|p1b: Sinistcha|Sinistcha, L50|100/100|[from] Parting Shot\n|-heal|p1a: Sableye|64/100|[from] ability: Hospitality|[of] p1b: Sinistcha\n|\n|-damage|p2a: Whimsicott|89/100 brn|[from] brn\n|upkeep\n|turn|3\n|\n|t:|1776283685\n|switch|p1a: Incineroar|Incineroar, L50, F|100/100\n|-ability|p1a: Incineroar|Intimidate|boost\n|-unboost|p2a: Whimsicott|atk|1\n|-immune|p2b: Garchomp\n|move|p2b: Garchomp|Earthquake|p1a: Incineroar|[spread] p2a,p1a,p1b\n|-resisted|p2a: Whimsicott|1\n|-supereffective|p1a: Incineroar|1\n|-resisted|p1b: Sinistcha|1\n|-damage|p2a: Whimsicott|56/100 brn\n|-damage|p1a: Incineroar|22/100\n|-damage|p1b: Sinistcha|82/100\n|move|p2a: Whimsicott|Moonblast|p1b: Sinistcha\n|-damage|p1b: Sinistcha|68/100\n|move|p1b: Sinistcha|Matcha Gotcha|p2a: Whimsicott|[spread] p2a,p2b\n|-end|p2b: Garchomp|Substitute\n|-heal|p1b: Sinistcha|80/100|[from] drain|[of] p2b: Garchomp\n|-resisted|p2a: Whimsicott|1\n|-damage|p2a: Whimsicott|35/100 brn\n|-heal|p1b: Sinistcha|88/100|[from] drain|[of] p2a: Whimsicott\n|\n|-damage|p2a: Whimsicott|29/100 brn|[from] brn\n|upkeep\n|turn|4\n|inactive|jyotsha has 30 seconds left.\n|inactive|jyotsha has 20 seconds left.\n|\n|t:|1776283725\n|switch|p2a: Orthworm|Orthworm, L50, M|50/100\n|move|p1a: Incineroar|Fake Out|p2a: Orthworm\n|-resisted|p2a: Orthworm|1\n|-damage|p2a: Orthworm|46/100\n|move|p2b: Garchomp|Earthquake|p1b: Sinistcha|[spread] p1a,p1b\n|-heal|p2a: Orthworm|71/100|[from] ability: Earth Eater|[of] p2b: Garchomp\n|-supereffective|p1a: Incineroar|1\n|-resisted|p1b: Sinistcha|1\n|-damage|p1a: Incineroar|0 fnt\n|-damage|p1b: Sinistcha|67/100\n|faint|p1a: Incineroar\n|move|p1b: Sinistcha|Trick Room|p1b: Sinistcha\n|-fieldstart|move: Trick Room|[of] p1b: Sinistcha\n|\n|-heal|p2a: Orthworm|77/100|[from] item: Leftovers\n|upkeep\n|\n|t:|1776283733\n|switch|p1a: Floette|Floette-Eternal, L50, F|100/100\n|turn|5\n|\n|t:|1776283753\n|switch|p2b: Whimsicott|Whimsicott, L50, F|29/100 brn\n|detailschange|p1a: Floette|Floette-Mega, L50, F\n|-mega|p1a: Floette|Floette|Floettite\n|-ability|p1a: Floette|Fairy Aura\n|move|p1b: Sinistcha|Rage Powder|p1b: Sinistcha\n|-singleturn|p1b: Sinistcha|move: Rage Powder\n|move|p2a: Orthworm|Heavy Slam|p1b: Sinistcha\n|-damage|p1b: Sinistcha|33/100\n|-enditem|p1b: Sinistcha|Sitrus Berry|[eat]\n|-heal|p1b: Sinistcha|58/100|[from] item: Sitrus Berry\n|move|p1a: Floette|Calm Mind|p1a: Floette\n|-boost|p1a: Floette|spa|1\n|-boost|p1a: Floette|spd|1\n|\n|-heal|p2a: Orthworm|83/100|[from] item: Leftovers\n|-damage|p2b: Whimsicott|23/100 brn|[from] brn\n|upkeep\n|turn|6\n|\n|t:|1776283777\n|move|p1b: Sinistcha|Rage Powder|p1b: Sinistcha\n|-singleturn|p1b: Sinistcha|move: Rage Powder\n|move|p2b: Whimsicott|Encore|p1a: Floette\n|-start|p1a: Floette|Encore\n|move|p2a: Orthworm|Heavy Slam|p1b: Sinistcha\n|-damage|p1b: Sinistcha|24/100\n|move|p1a: Floette|Calm Mind|p1a: Floette\n|-boost|p1a: Floette|spa|1\n|-boost|p1a: Floette|spd|1\n|\n|-heal|p2a: Orthworm|90/100|[from] item: Leftovers\n|-damage|p2b: Whimsicott|17/100 brn|[from] brn\n|-sideend|p1: jyotsha|move: Light Screen\n|upkeep\n|turn|7\n|\n|t:|1776283795\n|switch|p2b: Delphox|Delphox, L50, M|100/100\n|move|p1b: Sinistcha|Life Dew||[still]|[spread] p1a,p1b\n|-fail|p1a: Floette|heal\n|-heal|p1b: Sinistcha|49/100\n|move|p2a: Orthworm|Heavy Slam|p1b: Sinistcha\n|-damage|p1b: Sinistcha|12/100\n|move|p1a: Floette|Calm Mind|p1a: Floette\n|-boost|p1a: Floette|spa|1\n|-boost|p1a: Floette|spd|1\n|\n|-heal|p2a: Orthworm|96/100|[from] item: Leftovers\n|upkeep\n|turn|8\n|\n|t:|1776283813\n|detailschange|p2b: Delphox|Delphox-Mega, L50, M\n|-mega|p2b: Delphox|Delphox|Delphoxite\n|move|p1b: Sinistcha|Rage Powder|p1b: Sinistcha\n|-singleturn|p1b: Sinistcha|move: Rage Powder\n|move|p2a: Orthworm|Shed Tail|p2a: Orthworm\n|-start|p2a: Orthworm|Substitute|[from] move: Shed Tail\n|-damage|p2a: Orthworm|46/100\n|\n|t:|1776283819\n|switch|p2a: Garchomp|Garchomp, L50, M|100/100|[from] Shed Tail\n|move|p1a: Floette|Calm Mind|p1a: Floette\n|-boost|p1a: Floette|spa|1\n|-boost|p1a: Floette|spd|1\n|move|p2b: Delphox|Heat Wave|p1a: Floette|[spread] p1a,p1b\n|-supereffective|p1b: Sinistcha|1\n|-damage|p1a: Floette|91/100\n|-damage|p1b: Sinistcha|0 fnt\n|faint|p1b: Sinistcha\n|\n|-end|p1a: Floette|Encore\n|-fieldend|move: Trick Room\n|upkeep\n|\n|t:|1776283827\n|switch|p1b: Sableye|Sableye, L50, M|64/100\n|turn|9\n|\n|t:|1776283838\n|move|p1b: Sableye|Fake Out|p2b: Delphox\n|-damage|p2b: Delphox|91/100\n|move|p2a: Garchomp|Earthquake|p1b: Sableye|[spread] p1a,p1b\n|-immune|p2b: Delphox|[from] ability: Levitate\n|-crit|p1a: Floette\n|-damage|p1a: Floette|39/100\n|-damage|p1b: Sableye|6/100\n|cant|p2b: Delphox|flinch\n|move|p1a: Floette|Dazzling Gleam|p2b: Delphox|[spread] p2a,p2b\n|-supereffective|p2a: Garchomp|1\n|-end|p2a: Garchomp|Substitute\n|-resisted|p2b: Delphox|1\n|-damage|p2b: Delphox|31/100\n|\n|upkeep\n|turn|10\n|\n|t:|1776283862\n|switch|p2a: Whimsicott|Whimsicott, L50, F|17/100 brn\n|move|p1b: Sableye|Will-O-Wisp|p2a: Whimsicott\n|-fail|p2a: Whimsicott|brn\n|move|p2b: Delphox|Dazzling Gleam|p1b: Sableye|[spread] p1a,p1b\n|-supereffective|p1b: Sableye|1\n|-damage|p1a: Floette|30/100\n|-damage|p1b: Sableye|0 fnt\n|faint|p1b: Sableye\n|move|p1a: Floette|Dazzling Gleam|p2a: Whimsicott|[spread] p2a,p2b\n|-resisted|p2b: Delphox|1\n|-damage|p2a: Whimsicott|0 fnt\n|-damage|p2b: Delphox|0 fnt\n|faint|p2a: Whimsicott\n|faint|p2b: Delphox\n|\n|upkeep\n|\n|t:|1776283869\n|switch|p2b: Garchomp|Garchomp, L50, M|100/100\n|switch|p2a: Orthworm|Orthworm, L50, M|46/100\n|turn|11\n|\n|t:|1776283873\n|move|p2b: Garchomp|Earthquake|p1a: Floette|[spread] p1a\n|-heal|p2a: Orthworm|71/100|[from] ability: Earth Eater|[of] p2b: Garchomp\n|-damage|p1a: Floette|0 fnt\n|faint|p1a: Floette\n|\n|win|hehe moon\n|raw|jyotsha's rating: 1302 &rarr; <strong>1278</strong><br />(-24 for losing)\n|raw|hehe moon's rating: 1236 &rarr; <strong>1266</strong><br />(+30 for winning)\n",
  "uploadtime": 1776283873,
  "views": 23,
  "formatid": "gen9championsvgc2026regma",
  "rating": 1266,
  "private": 0,
  "password": null
}