{
  "id": "gen9championsvgc2026regma-2584561516",
  "format": "[Gen 9 Champions] VGC 2026 Reg M-A",
  "players": [
    "Sewedi Mibalzoff",
    "terratron"
  ],
  "log": "|j|\u2606Sewedi Mibalzoff\n|j|\u2606terratron\n|t:|1776268868\n|gametype|doubles\n|player|p1|Sewedi Mibalzoff|ghetsis|1184\n|player|p2|terratron|bruno|1271\n|gen|9\n|tier|[Gen 9 Champions] VGC 2026 Reg M-A\n|rated|\n|rule|Species Clause: Limit one of each Pok\u00e9mon\n|rule|Item Clause: Limit 1 of each item\n|clearpoke\n|poke|p1|Meganium, L50, F|\n|poke|p1|Pelipper, L50, F|\n|poke|p1|Basculegion, L50, M|\n|poke|p1|Charizard, L50, M|\n|poke|p1|Garchomp, L50, M|\n|poke|p1|Incineroar, L50, F|\n|poke|p2|Gengar, L50, F|\n|poke|p2|Incineroar, L50, F|\n|poke|p2|Farigiraf, L50, F|\n|poke|p2|Corviknight, L50, F|\n|poke|p2|Tyranitar, L50, F|\n|poke|p2|Excadrill, L50, F|\n|teampreview|4\n|inactive|Battle timer is ON: inactive players will automatically lose when time's up. (requested by Sewedi Mibalzoff)\n|inactive|terratron also wants the timer to be on.\n|c|\u2606terratron|Bro what's your team\n|c|\u2606terratron|Little bit of everything\n|\n|t:|1776268899\n|teamsize|p1|4\n|teamsize|p2|4\n|start\n|switch|p1a: Meliodas|Garchomp, L50, M|100/100\n|switch|p1b: H.O.M.L.|Incineroar, L50, F, shiny|100/100\n|switch|p2a: Tyranitar|Tyranitar, L50, F|100/100\n|switch|p2b: Excadrill|Excadrill, L50, F|100/100\n|-weather|Sandstorm|[from] ability: Sand Stream|[of] p2a: Tyranitar\n|-ability|p1b: H.O.M.L.|Intimidate|boost\n|-unboost|p2a: Tyranitar|atk|1\n|-unboost|p2b: Excadrill|atk|1\n|turn|1\n|\n|t:|1776268915\n|switch|p2a: Farigiraf|Farigiraf, L50, F|100/100\n|move|p1b: H.O.M.L.|Fake Out||[still]\n|cant|p2a: Farigiraf|ability: Armor Tail|Fake Out|[of] p1b: H.O.M.L.\n|move|p2b: Excadrill|Swords Dance|p2b: Excadrill\n|-boost|p2b: Excadrill|atk|2\n|move|p1a: Meliodas|Stomping Tantrum|p2b: Excadrill\n|-supereffective|p2b: Excadrill|1\n|-enditem|p2b: Excadrill|Focus Sash\n|-damage|p2b: Excadrill|1/100\n|\n|-weather|Sandstorm|[upkeep]\n|-damage|p1b: H.O.M.L.|95/100|[from] Sandstorm\n|-damage|p2a: Farigiraf|94/100|[from] Sandstorm\n|upkeep\n|turn|2\n|inactive|Sewedi Mibalzoff has 30 seconds left.\n|\n|t:|1776268949\n|switch|p1b: Mailman|Pelipper, L50, F|100/100\n|-weather|RainDance|[from] ability: Drizzle|[of] p1b: Mailman\n|move|p2a: Farigiraf|Ally Switch|p2a: Farigiraf\n|swap|p2a: Farigiraf|1|[from] move: Ally Switch\n|move|p1a: Meliodas|Dragon Claw|p2b: Farigiraf\n|-damage|p2b: Farigiraf|58/100\n|move|p2a: Excadrill|High Horsepower|p1a: Meliodas\n|-damage|p1a: Meliodas|10/100\n|-damage|p2a: Excadrill|0 fnt|[from] ability: Rough Skin|[of] p1a: Meliodas\n|faint|p2a: Excadrill\n|\n|-weather|RainDance|[upkeep]\n|upkeep\n|\n|t:|1776268959\n|switch|p2a: Tyranitar|Tyranitar, L50, F|100/100\n|-weather|Sandstorm|[from] ability: Sand Stream|[of] p2a: Tyranitar\n|turn|3\n|\n|t:|1776268977\n|move|p1b: Mailman|Wide Guard|p1b: Mailman\n|-singleturn|p1b: Mailman|Wide Guard\n|move|p1a: Meliodas|Stomping Tantrum|p2a: Tyranitar\n|-supereffective|p2a: Tyranitar|1\n|-damage|p2a: Tyranitar|33/100\n|move|p2a: Tyranitar|Knock Off|p1a: Meliodas\n|-damage|p1a: Meliodas|0 fnt\n|-damage|p2a: Tyranitar|21/100|[from] ability: Rough Skin|[of] p1a: Meliodas\n|-enditem|p1a: Meliodas|White Herb|[from] move: Knock Off|[of] p2a: Tyranitar\n|faint|p1a: Meliodas\n|move|p2b: Farigiraf|Trick Room|p2b: Farigiraf\n|-fieldstart|move: Trick Room|[of] p2b: Farigiraf\n|\n|-weather|Sandstorm|[upkeep]\n|-damage|p2b: Farigiraf|52/100|[from] Sandstorm\n|-damage|p1b: Mailman|95/100|[from] Sandstorm\n|upkeep\n|\n|t:|1776268992\n|switch|p1a: H.O.M.L.|Incineroar, L50, F, shiny|95/100\n|-ability|p1a: H.O.M.L.|Intimidate|boost\n|-unboost|p2a: Tyranitar|atk|1\n|-unboost|p2b: Farigiraf|atk|1\n|turn|4\n|\n|t:|1776269008\n|switch|p2a: Corviknight|Corviknight, L50, F|100/100\n|move|p2b: Farigiraf|Protect|p2b: Farigiraf\n|-singleturn|p2b: Farigiraf|Protect\n|move|p1b: Mailman|Protect||[still]\n|-fail|p1b: Mailman\n|move|p1a: H.O.M.L.|Darkest Lariat|p2b: Farigiraf\n|-activate|p2b: Farigiraf|move: Protect\n|\n|-weather|Sandstorm|[upkeep]\n|-damage|p2b: Farigiraf|46/100|[from] Sandstorm\n|-damage|p1a: H.O.M.L.|89/100|[from] Sandstorm\n|-damage|p1b: Mailman|89/100|[from] Sandstorm\n|-enditem|p2b: Farigiraf|Sitrus Berry|[eat]\n|-heal|p2b: Farigiraf|71/100|[from] item: Sitrus Berry\n|upkeep\n|turn|5\n|\n|t:|1776269030\n|move|p2b: Farigiraf|Ally Switch|p2b: Farigiraf\n|swap|p2b: Farigiraf|0|[from] move: Ally Switch\n|move|p1a: H.O.M.L.|Darkest Lariat|p2b: Corviknight\n|-damage|p2b: Corviknight|77/100\n|move|p2b: Corviknight|Iron Defense|p2b: Corviknight\n|-boost|p2b: Corviknight|def|2\n|move|p1b: Mailman|Hydro Pump|p2b: Corviknight\n|-damage|p2b: Corviknight|33/100\n|\n|-weather|Sandstorm|[upkeep]\n|-damage|p2a: Farigiraf|64/100|[from] Sandstorm\n|-damage|p1a: H.O.M.L.|83/100|[from] Sandstorm\n|-damage|p1b: Mailman|83/100|[from] Sandstorm\n|-heal|p2b: Corviknight|39/100|[from] item: Leftovers\n|upkeep\n|turn|6\n|inactive|Sewedi Mibalzoff has 30 seconds left.\n|\n|t:|1776269062\n|switch|p1b: Smokin'|Meganium, L50, F|100/100\n|move|p2a: Farigiraf|Hyper Voice|p1a: H.O.M.L.|[spread] p1a,p1b\n|-damage|p1a: H.O.M.L.|60/100\n|-damage|p1b: Smokin'|71/100\n|move|p1a: H.O.M.L.|Flare Blitz|p2b: Corviknight\n|-supereffective|p2b: Corviknight|1\n|-damage|p2b: Corviknight|7/100\n|-status|p2b: Corviknight|brn\n|-damage|p1a: H.O.M.L.|49/100|[from] Recoil\n|-enditem|p1a: H.O.M.L.|Sitrus Berry|[eat]\n|-heal|p1a: H.O.M.L.|74/100|[from] item: Sitrus Berry\n|move|p2b: Corviknight|Body Press|p1a: H.O.M.L.\n|-supereffective|p1a: H.O.M.L.|1\n|-damage|p1a: H.O.M.L.|20/100\n|\n|-weather|Sandstorm|[upkeep]\n|-damage|p2a: Farigiraf|58/100|[from] Sandstorm\n|-damage|p1a: H.O.M.L.|14/100|[from] Sandstorm\n|-damage|p1b: Smokin'|65/100|[from] Sandstorm\n|-heal|p2b: Corviknight|13/100 brn|[from] item: Leftovers\n|-damage|p2b: Corviknight|7/100 brn|[from] brn\n|upkeep\n|turn|7\n|inactive|Sewedi Mibalzoff has 30 seconds left.\n|inactive|Sewedi Mibalzoff has 20 seconds left.\n|inactive|Sewedi Mibalzoff has 15 seconds left.\n|\n|t:|1776269105\n|detailschange|p1b: Smokin'|Meganium-Mega, L50, F\n|-mega|p1b: Smokin'|Meganium|Meganiumite\n|move|p1b: Smokin'|Protect|p1b: Smokin'\n|-singleturn|p1b: Smokin'|Protect\n|move|p2a: Farigiraf|Hyper Voice|p1b: Smokin'|[spread] p1a\n|-activate|p1b: Smokin'|move: Protect\n|-damage|p1a: H.O.M.L.|0 fnt\n|faint|p1a: H.O.M.L.\n|move|p2b: Corviknight|Brave Bird|p1b: Smokin'\n|-activate|p1b: Smokin'|move: Protect\n|\n|-weather|none\n|-heal|p2b: Corviknight|13/100 brn|[from] item: Leftovers\n|-damage|p2b: Corviknight|7/100 brn|[from] brn\n|-fieldend|move: Trick Room\n|upkeep\n|\n|t:|1776269113\n|switch|p1a: Mailman|Pelipper, L50, F|83/100\n|-weather|RainDance|[from] ability: Drizzle|[of] p1a: Mailman\n|turn|8\n|\n|t:|1776269125\n|move|p2a: Farigiraf|Protect|p2a: Farigiraf\n|-singleturn|p2a: Farigiraf|Protect\n|move|p1b: Smokin'|Solar Beam||[still]\n|-prepare|p1b: Smokin'|Solar Beam\n|-activate|p1b: Smokin'|ability: Mega Sol\n|-anim|p1b: Smokin'|Solar Beam|p2a: Farigiraf\n|-activate|p2a: Farigiraf|move: Protect\n|move|p1a: Mailman|Hurricane|p2b: Corviknight\n|-resisted|p2b: Corviknight|1\n|-damage|p2b: Corviknight|0 fnt\n|faint|p2b: Corviknight\n|\n|-weather|RainDance|[upkeep]\n|upkeep\n|\n|t:|1776269136\n|switch|p2b: Tyranitar|Tyranitar, L50, F|21/100\n|-weather|Sandstorm|[from] ability: Sand Stream|[of] p2b: Tyranitar\n|turn|9\n|\n|t:|1776269151\n|detailschange|p2b: Tyranitar|Tyranitar-Mega, L50, F\n|-mega|p2b: Tyranitar|Tyranitar|Tyranitarite\n|move|p1a: Mailman|Wide Guard|p1a: Mailman\n|-singleturn|p1a: Mailman|Wide Guard\n|move|p2a: Farigiraf|Ally Switch|p2a: Farigiraf\n|swap|p2a: Farigiraf|1|[from] move: Ally Switch\n|move|p1b: Smokin'|Solar Beam||[still]\n|-prepare|p1b: Smokin'|Solar Beam\n|-activate|p1b: Smokin'|ability: Mega Sol\n|-anim|p1b: Smokin'|Solar Beam|p2b: Farigiraf\n|-damage|p2b: Farigiraf|10/100\n|move|p2a: Tyranitar|Knock Off|p1b: Smokin'\n|-resisted|p1b: Smokin'|1\n|-damage|p1b: Smokin'|40/100\n|\n|-weather|Sandstorm|[upkeep]\n|-damage|p1b: Smokin'|34/100|[from] Sandstorm\n|-damage|p1a: Mailman|77/100|[from] Sandstorm\n|-damage|p2b: Farigiraf|4/100|[from] Sandstorm\n|upkeep\n|turn|10\n|inactive|terratron has 30 seconds left.\n|\n|t:|1776269176\n|move|p1b: Smokin'|Dazzling Gleam|p2b: Farigiraf|[spread] p2a,p2b\n|-supereffective|p2a: Tyranitar|1\n|-damage|p2a: Tyranitar|0 fnt\n|-damage|p2b: Farigiraf|0 fnt\n|faint|p2a: Tyranitar\n|faint|p2b: Farigiraf\n|\n|win|Sewedi Mibalzoff\n|raw|Sewedi Mibalzoff's rating: 1184 &rarr; <strong>1215</strong><br />(+31 for winning)\n|raw|terratron's rating: 1271 &rarr; <strong>1240</strong><br />(-31 for losing)\n|l|\u2606terratron\n|player|p2|\n",
  "uploadtime": 1776269188,
  "views": 34,
  "formatid": "gen9championsvgc2026regma",
  "rating": 1215,
  "private": 0,
  "password": null
}