{
  "id": "gen9championsvgc2026regma-2583128281",
  "format": "[Gen 9 Champions] VGC 2026 Reg M-A",
  "players": [
    "OJ32",
    "cereak"
  ],
  "log": "|j|\u2606OJ32\n|j|\u2606cereak\n|t:|1776145399\n|gametype|doubles\n|player|p1|OJ32|102|1114\n|player|p2|cereak|102|1175\n|gen|9\n|tier|[Gen 9 Champions] VGC 2026 Reg M-A\n|rated|\n|rule|Species Clause: Limit one of each Pok\u00e9mon\n|rule|Item Clause: Limit 1 of each item\n|clearpoke\n|poke|p1|Sneasler, L50, M|\n|poke|p1|Froslass, L50, F|\n|poke|p1|Incineroar, L50, F|\n|poke|p1|Garchomp, L50, F|\n|poke|p1|Sinistcha, L50|\n|poke|p1|Archaludon, L50, F|\n|poke|p2|Tyranitar, L50, M|\n|poke|p2|Excadrill, L50, F|\n|poke|p2|Dragapult, L50, M|\n|poke|p2|Sneasler, L50, M|\n|poke|p2|Rotom-Wash, L50|\n|poke|p2|Meganium, L50, F|\n|teampreview|4\n|inactive|Battle timer is ON: inactive players will automatically lose when time's up. (requested by OJ32)\n|inactive|cereak has 60 seconds left.\n|\n|t:|1776145434\n|teamsize|p1|4\n|teamsize|p2|4\n|start\n|switch|p1a: Sneasler|Sneasler, L50, M|100/100\n|switch|p1b: Garchomp|Garchomp, L50, F|100/100\n|switch|p2a: Sneasler|Sneasler, L50, M|100/100\n|switch|p2b: Tyranitar|Tyranitar, L50, M|100/100\n|-weather|Sandstorm|[from] ability: Sand Stream|[of] p2b: Tyranitar\n|turn|1\n|inactive|cereak has 30 seconds left.\n|\n|t:|1776145466\n|move|p1a: Sneasler|Fake Out|p2b: Tyranitar\n|-resisted|p2b: Tyranitar|1\n|-damage|p2b: Tyranitar|95/100\n|move|p2a: Sneasler|Fake Out|p1b: Garchomp\n|-damage|p1b: Garchomp|85/100\n|-damage|p2a: Sneasler|88/100|[from] ability: Rough Skin|[of] p1b: Garchomp\n|cant|p1b: Garchomp|flinch\n|cant|p2b: Tyranitar|flinch\n|\n|-weather|Sandstorm|[upkeep]\n|-damage|p1a: Sneasler|95/100|[from] Sandstorm\n|-damage|p2a: Sneasler|83/100|[from] Sandstorm\n|upkeep\n|turn|2\n|\n|t:|1776145485\n|move|p2a: Sneasler|Protect|p2a: Sneasler\n|-singleturn|p2a: Sneasler|Protect\n|move|p1b: Garchomp|Stomping Tantrum|p2a: Sneasler\n|-activate|p2a: Sneasler|move: Protect\n|move|p1a: Sneasler|Close Combat|p2b: Tyranitar\n|-supereffective|p2b: Tyranitar|2\n|-enditem|p2b: Tyranitar|Chople Berry|[eat]\n|-enditem|p2b: Tyranitar|Chople Berry|[weaken]\n|-damage|p2b: Tyranitar|6/100\n|-unboost|p1a: Sneasler|def|1\n|-unboost|p1a: Sneasler|spd|1\n|-enditem|p1a: Sneasler|White Herb\n|-clearnegativeboost|p1a: Sneasler|[silent]\n|move|p2b: Tyranitar|Ice Punch|p1b: Garchomp\n|-supereffective|p1b: Garchomp|2\n|-damage|p1b: Garchomp|0 fnt\n|-damage|p2b: Tyranitar|0 fnt|[from] ability: Rough Skin|[of] p1b: Garchomp\n|faint|p1b: Garchomp\n|faint|p2b: Tyranitar\n|\n|-weather|Sandstorm|[upkeep]\n|-damage|p1a: Sneasler|89/100|[from] Sandstorm\n|-damage|p2a: Sneasler|77/100|[from] Sandstorm\n|upkeep\n|inactive|cereak has 30 seconds left.\n|\n|t:|1776145511\n|switch|p1b: Froslass|Froslass, L50, F|100/100\n|switch|p2b: Dragapult|Dragapult, L50, M|100/100\n|turn|3\n|\n|t:|1776145535\n|detailschange|p1b: Froslass|Froslass-Mega, L50, F\n|-mega|p1b: Froslass|Froslass|Froslassite\n|-weather|Snowscape|[from] ability: Snow Warning|[of] p1b: Froslass\n|move|p1b: Froslass|Protect|p1b: Froslass\n|-singleturn|p1b: Froslass|Protect\n|move|p1a: Sneasler|Throat Chop|p2b: Dragapult\n|-supereffective|p2b: Dragapult|1\n|-enditem|p2b: Dragapult|Colbur Berry|[eat]\n|-enditem|p2b: Dragapult|Colbur Berry|[weaken]\n|-damage|p2b: Dragapult|71/100\n|-start|p2b: Dragapult|Throat Chop|[silent]\n|move|p2b: Dragapult|Phantom Force||[still]\n|-prepare|p2b: Dragapult|Phantom Force\n|move|p2a: Sneasler|Close Combat|p1a: Sneasler\n|-resisted|p1a: Sneasler|1\n|-damage|p1a: Sneasler|28/100\n|-unboost|p2a: Sneasler|def|1\n|-unboost|p2a: Sneasler|spd|1\n|-enditem|p2a: Sneasler|White Herb\n|-clearnegativeboost|p2a: Sneasler|[silent]\n|\n|-weather|Snowscape|[upkeep]\n|upkeep\n|turn|4\n|inactive|OJ32 has 30 seconds left.\n|inactive|cereak has 30 seconds left.\n|\n|t:|1776145564\n|switch|p1b: Sinistcha|Sinistcha, L50|100/100\n|-heal|p1a: Sneasler|53/100|[from] ability: Hospitality|[of] p1b: Sinistcha\n|move|p1a: Sneasler|Close Combat|p2a: Sneasler\n|-resisted|p2a: Sneasler|1\n|-damage|p2a: Sneasler|21/100\n|-unboost|p1a: Sneasler|def|1\n|-unboost|p1a: Sneasler|spd|1\n|move|p2a: Sneasler|Dire Claw|p1a: Sneasler\n|-resisted|p1a: Sneasler|1\n|-damage|p1a: Sneasler|0 fnt\n|faint|p1a: Sneasler\n|move|p2b: Dragapult|Phantom Force|p1b: Sinistcha|[from] lockedmove\n|-supereffective|p1b: Sinistcha|1\n|-damage|p1b: Sinistcha|36/100\n|\n|-weather|Snowscape|[upkeep]\n|-heal|p1b: Sinistcha|43/100|[from] item: Leftovers\n|-end|p2b: Dragapult|Throat Chop|[silent]\n|upkeep\n|\n|t:|1776145571\n|switch|p1a: Froslass|Froslass-Mega, L50, F|100/100\n|turn|5\n|inactive|cereak has 30 seconds left.\n|\n|t:|1776145599\n|move|p2a: Sneasler|Protect|p2a: Sneasler\n|-singleturn|p2a: Sneasler|Protect\n|move|p1b: Sinistcha|Protect|p1b: Sinistcha\n|-singleturn|p1b: Sinistcha|Protect\n|move|p2b: Dragapult|Phantom Force||[still]\n|-prepare|p2b: Dragapult|Phantom Force\n|move|p1a: Froslass|Blizzard|p2b: Dragapult|[spread] \n|-miss|p1a: Froslass|p2b: Dragapult\n|-activate|p2a: Sneasler|move: Protect\n|\n|-weather|Snowscape|[upkeep]\n|-heal|p1b: Sinistcha|49/100|[from] item: Leftovers\n|upkeep\n|turn|6\n|inactive|cereak has 30 seconds left.\n|\n|t:|1776145625\n|move|p1b: Sinistcha|Rage Powder|p1b: Sinistcha\n|-singleturn|p1b: Sinistcha|move: Rage Powder\n|move|p2a: Sneasler|Dire Claw|p1b: Sinistcha\n|-damage|p1b: Sinistcha|9/100\n|-status|p1b: Sinistcha|psn\n|move|p2b: Dragapult|Phantom Force|p1b: Sinistcha|[from] lockedmove\n|-supereffective|p1b: Sinistcha|1\n|-damage|p1b: Sinistcha|0 fnt\n|faint|p1b: Sinistcha\n|move|p1a: Froslass|Blizzard|p2a: Sneasler|[spread] p2a,p2b\n|-crit|p2a: Sneasler\n|-supereffective|p2b: Dragapult|1\n|-damage|p2a: Sneasler|0 fnt\n|-damage|p2b: Dragapult|0 fnt\n|faint|p2a: Sneasler\n|faint|p2b: Dragapult\n|\n|-weather|Snowscape|[upkeep]\n|upkeep\n|\n|t:|1776145643\n|switch|p2a: Meganium|Meganium, L50, F|100/100\n|turn|7\n|\n|t:|1776145652\n|detailschange|p2a: Meganium|Meganium-Mega, L50, F\n|-mega|p2a: Meganium|Meganium|Meganiumite\n|move|p2a: Meganium|Protect|p2a: Meganium\n|-singleturn|p2a: Meganium|Protect\n|move|p1a: Froslass|Blizzard|p2a: Meganium\n|-activate|p2a: Meganium|move: Protect\n|\n|-weather|none\n|upkeep\n|turn|8\n|\n|t:|1776145664\n|move|p1a: Froslass|Protect|p1a: Froslass\n|-singleturn|p1a: Froslass|Protect\n|move|p2a: Meganium|Weather Ball|p1a: Froslass\n|-activate|p1a: Froslass|move: Protect\n|\n|upkeep\n|turn|9\n|\n|t:|1776145671\n|move|p1a: Froslass|Blizzard|p2a: Meganium|[miss]\n|-miss|p1a: Froslass|p2a: Meganium\n|move|p2a: Meganium|Weather Ball|p1a: Froslass\n|-supereffective|p1a: Froslass|1\n|-damage|p1a: Froslass|0 fnt\n|faint|p1a: Froslass\n|\n|win|cereak\n|raw|OJ32's rating: 1114 &rarr; <strong>1093</strong><br />(-21 for losing)\n|raw|cereak's rating: 1175 &rarr; <strong>1196</strong><br />(+21 for winning)\n",
  "uploadtime": 1776145672,
  "views": 18,
  "formatid": "gen9championsvgc2026regma",
  "rating": 1093,
  "private": 0,
  "password": null
}