{
  "id": "gen9championsvgc2026regma-2587097360",
  "format": "[Gen 9 Champions] VGC 2026 Reg M-A",
  "players": [
    "Loudflamingo",
    "Capocardozo2"
  ],
  "log": "|j|\u2606Loudflamingo\n|j|\u2606Capocardozo2\n|t:|1776492981\n|gametype|doubles\n|player|p1|Loudflamingo|1|1209\n|player|p2|Capocardozo2|266|1183\n|gen|9\n|tier|[Gen 9 Champions] VGC 2026 Reg M-A\n|rated|\n|rule|Species Clause: Limit one of each Pok\u00e9mon\n|rule|Item Clause: Limit 1 of each item\n|clearpoke\n|poke|p1|Sableye, L50, M|\n|poke|p1|Espathra, L50, F|\n|poke|p1|Milotic, L50, F|\n|poke|p1|Mimikyu, L50, M|\n|poke|p1|Garchomp, L50, F|\n|poke|p1|Maushold-Four, L50|\n|poke|p2|Charizard, L50, F, shiny|\n|poke|p2|Incineroar, L50, M|\n|poke|p2|Garchomp, L50, M, shiny|\n|poke|p2|Milotic, L50, F|\n|poke|p2|Gardevoir, L50, F|\n|poke|p2|Venusaur, L50, M|\n|teampreview|4\n|\n|t:|1776493016\n|teamsize|p1|4\n|teamsize|p2|4\n|start\n|switch|p1a: Sableye|Sableye, L50, M|100/100\n|switch|p1b: Milotic|Milotic, L50, F|100/100\n|switch|p2a: Charizard|Charizard, L50, F, shiny|100/100\n|switch|p2b: Venusaur|Venusaur, L50, M|100/100\n|turn|1\n|\n|t:|1776493063\n|switch|p2b: Gardevoir|Gardevoir, L50, F|100/100\n|detailschange|p2a: Charizard|Charizard-Mega-Y, L50, F, shiny\n|-mega|p2a: Charizard|Charizard|Charizardite Y\n|-weather|SunnyDay|[from] ability: Drought|[of] p2a: Charizard\n|move|p1a: Sableye|Gravity|p1a: Sableye\n|-fieldstart|move: Gravity\n|move|p2a: Charizard|Solar Beam||[still]\n|-prepare|p2a: Charizard|Solar Beam\n|-anim|p2a: Charizard|Solar Beam|p1b: Milotic\n|-supereffective|p1b: Milotic|1\n|-damage|p1b: Milotic|47/100\n|move|p1b: Milotic|Hydro Pump|p2a: Charizard\n|-supereffective|p2a: Charizard|1\n|-damage|p2a: Charizard|66/100\n|\n|-weather|SunnyDay|[upkeep]\n|-heal|p1b: Milotic|53/100|[from] item: Leftovers\n|upkeep\n|turn|2\n|inactive|Battle timer is ON: inactive players will automatically lose when time's up. (requested by Capocardozo2)\n|\n|t:|1776493110\n|move|p2b: Gardevoir|Dazzling Gleam|p1a: Sableye|[spread] p1a,p1b\n|-supereffective|p1a: Sableye|1\n|-crit|p1b: Milotic\n|-damage|p1a: Sableye|4/100\n|-damage|p1b: Milotic|26/100\n|move|p2a: Charizard|Heat Wave|p1a: Sableye|[spread] p1a,p1b\n|-crit|p1a: Sableye\n|-resisted|p1b: Milotic|1\n|-damage|p1a: Sableye|0 fnt\n|-damage|p1b: Milotic|8/100\n|faint|p1a: Sableye\n|move|p1b: Milotic|Hypnosis|p2a: Charizard\n|-status|p2a: Charizard|slp|[from] move: Hypnosis\n|\n|-weather|SunnyDay|[upkeep]\n|-heal|p1b: Milotic|14/100|[from] item: Leftovers\n|upkeep\n|\n|t:|1776493129\n|switch|p1a: Espathra|Espathra, L50, F|100/100\n|turn|3\n|\n|t:|1776493140\n|move|p2b: Gardevoir|Dazzling Gleam|p1a: Espathra|[spread] p1a,p1b\n|-damage|p1a: Espathra|67/100\n|-damage|p1b: Milotic|0 fnt\n|faint|p1b: Milotic\n|cant|p2a: Charizard|slp\n|move|p1a: Espathra|Hypnosis|p2b: Gardevoir\n|-status|p2b: Gardevoir|slp|[from] move: Hypnosis\n|\n|-weather|SunnyDay|[upkeep]\n|-ability|p1a: Espathra|Speed Boost|boost\n|-boost|p1a: Espathra|spe|1\n|upkeep\n|\n|t:|1776493151\n|switch|p1b: Garchomp|Garchomp, L50, F|100/100\n|turn|4\n|\n|t:|1776493167\n|cant|p2b: Gardevoir|slp\n|move|p1a: Espathra|Lumina Crash|p2a: Charizard\n|-damage|p2a: Charizard|39/100 slp\n|-unboost|p2a: Charizard|spd|2\n|move|p1b: Garchomp|Stomping Tantrum|p2a: Charizard\n|-supereffective|p2a: Charizard|1\n|-crit|p2a: Charizard\n|-damage|p2a: Charizard|0 fnt\n|faint|p2a: Charizard\n|\n|-weather|SunnyDay|[upkeep]\n|-ability|p1a: Espathra|Speed Boost|boost\n|-boost|p1a: Espathra|spe|1\n|upkeep\n|\n|t:|1776493180\n|switch|p2a: Venusaur|Venusaur, L50, M|100/100\n|turn|5\n|\n|t:|1776493197\n|switch|p2b: Garchomp|Garchomp, L50, M, shiny|100/100\n|move|p2a: Venusaur|Leaf Storm|p1a: Espathra\n|-damage|p1a: Espathra|3/100\n|-unboost|p2a: Venusaur|spa|2\n|move|p1a: Espathra|Hypnosis|p2a: Venusaur\n|-status|p2a: Venusaur|slp|[from] move: Hypnosis\n|move|p1b: Garchomp|Stomping Tantrum|p2b: Garchomp\n|-damage|p2b: Garchomp|60/100\n|-damage|p1b: Garchomp|88/100|[from] ability: Rough Skin|[of] p2b: Garchomp\n|\n|-weather|none\n|-fieldend|move: Gravity\n|-ability|p1a: Espathra|Speed Boost|boost\n|-boost|p1a: Espathra|spe|1\n|upkeep\n|turn|6\n|\n|t:|1776493218\n|move|p1a: Espathra|Hypnosis|p2b: Garchomp\n|-status|p2b: Garchomp|slp|[from] move: Hypnosis\n|move|p1b: Garchomp|Scale Shot|p2b: Garchomp\n|-supereffective|p2b: Garchomp|1\n|-crit|p2b: Garchomp\n|-damage|p2b: Garchomp|9/100 slp\n|-supereffective|p2b: Garchomp|1\n|-damage|p2b: Garchomp|0 fnt\n|faint|p2b: Garchomp\n|-hitcount|p2: Garchomp|2\n|-unboost|p1b: Garchomp|def|1\n|-boost|p1b: Garchomp|spe|1\n|cant|p2a: Venusaur|slp\n|\n|-ability|p1a: Espathra|Speed Boost|boost\n|-boost|p1a: Espathra|spe|1\n|upkeep\n|\n|t:|1776493232\n|switch|p2b: Gardevoir|Gardevoir, L50, F|100/100 slp\n|turn|7\n|\n|t:|1776493250\n|move|p1a: Espathra|Lumina Crash|p2a: Venusaur\n|-supereffective|p2a: Venusaur|1\n|-damage|p2a: Venusaur|38/100 slp\n|-unboost|p2a: Venusaur|spd|2\n|move|p1b: Garchomp|Stomping Tantrum|p2b: Gardevoir\n|-damage|p2b: Gardevoir|32/100 slp\n|cant|p2b: Gardevoir|slp\n|-curestatus|p2a: Venusaur|slp|[msg]\n|move|p2a: Venusaur|Sleep Powder|p1b: Garchomp|[miss]\n|-miss|p2a: Venusaur|p1b: Garchomp\n|\n|-ability|p1a: Espathra|Speed Boost|boost\n|-boost|p1a: Espathra|spe|1\n|upkeep\n|turn|8\n|inactive|Capocardozo2 has 30 seconds left.\n|\n|t:|1776493279\n|move|p1a: Espathra|Lumina Crash|p2a: Venusaur\n|-supereffective|p2a: Venusaur|1\n|-damage|p2a: Venusaur|0 fnt\n|faint|p2a: Venusaur\n|move|p1b: Garchomp|Earthquake|p2b: Gardevoir|[spread] p1a,p2b\n|-damage|p1a: Espathra|0 fnt\n|-damage|p2b: Gardevoir|0 fnt\n|faint|p1a: Espathra\n|faint|p2b: Gardevoir\n|\n|win|Loudflamingo\n|raw|Loudflamingo's rating: 1209 &rarr; <strong>1232</strong><br />(+23 for winning)\n|raw|Capocardozo2's rating: 1183 &rarr; <strong>1160</strong><br />(-23 for losing)\n|l|\u2606Capocardozo2\n|player|p2|\n",
  "uploadtime": 1776493352,
  "views": 40,
  "formatid": "gen9championsvgc2026regma",
  "rating": 1160,
  "private": 0,
  "password": null
}