{
  "id": "gen9championsvgc2026regma-2581160752",
  "format": "[Gen 9 Champions] VGC 2026 Reg M-A",
  "players": [
    "nakoharuno",
    "ryangamerplay"
  ],
  "log": "|j|\u2606nakoharuno\n|j|\u2606ryangamerplay\n|t:|1775965771\n|gametype|doubles\n|player|p1|nakoharuno|dawn|1034\n|player|p2|ryangamerplay|hiker-gen4|1000\n|gen|9\n|tier|[Gen 9 Champions] VGC 2026 Reg M-A\n|rated|\n|rule|Species Clause: Limit one of each Pok\u00e9mon\n|rule|Item Clause: Limit 1 of each item\n|clearpoke\n|poke|p1|Feraligatr, L50, M|\n|poke|p1|Pelipper, L50, M|\n|poke|p1|Charizard, L50, M|\n|poke|p1|Typhlosion-Hisui, L50, M|\n|poke|p1|Sinistcha, L50|\n|poke|p1|Scizor, L50, F|\n|poke|p2|Pelipper, L50, F|\n|poke|p2|Dragonite, L50, F|\n|poke|p2|Archaludon, L50, M|\n|poke|p2|Basculegion, L50, M|\n|poke|p2|Sneasler, L50, F|\n|poke|p2|Incineroar, L50, F|\n|teampreview|4\n|j| halopalo\n|\n|t:|1775965791\n|teamsize|p1|4\n|teamsize|p2|4\n|start\n|switch|p1a: Jacar\u00e9 v\u00e1 pra casa|Feraligatr, L50, M|100/100\n|switch|p1b: Pelipper|Pelipper, L50, M|100/100\n|switch|p2a: Dragonite|Dragonite, L50, F|100/100\n|switch|p2b: Incineroar|Incineroar, L50, F|100/100\n|-weather|RainDance|[from] ability: Drizzle|[of] p1b: Pelipper\n|-ability|p2b: Incineroar|Intimidate|boost\n|-unboost|p1a: Jacar\u00e9 v\u00e1 pra casa|atk|1\n|-unboost|p1b: Pelipper|atk|1\n|turn|1\n|inactive|Battle timer is ON: inactive players will automatically lose when time's up. (requested by ryangamerplay)\n|\n|t:|1775965817\n|switch|p1b: Sinistcha|Sinistcha, L50|100/100\n|detailschange|p2a: Dragonite|Dragonite-Mega, L50, F\n|-mega|p2a: Dragonite|Dragonite|Dragoninite\n|detailschange|p1a: Jacar\u00e9 v\u00e1 pra casa|Feraligatr-Mega, L50, M\n|-mega|p1a: Jacar\u00e9 v\u00e1 pra casa|Feraligatr|Feraligite\n|move|p2b: Incineroar|Fake Out|p1b: Sinistcha\n|-immune|p1b: Sinistcha\n|move|p2a: Dragonite|Dragon Pulse|p1b: Sinistcha\n|-damage|p1b: Sinistcha|47/100\n|-enditem|p1b: Sinistcha|Sitrus Berry|[eat]\n|-heal|p1b: Sinistcha|72/100|[from] item: Sitrus Berry\n|move|p1a: Jacar\u00e9 v\u00e1 pra casa|Dragon Dance|p1a: Jacar\u00e9 v\u00e1 pra casa\n|-boost|p1a: Jacar\u00e9 v\u00e1 pra casa|atk|1\n|-boost|p1a: Jacar\u00e9 v\u00e1 pra casa|spe|1\n|\n|-weather|RainDance|[upkeep]\n|upkeep\n|turn|2\n|inactive|nakoharuno has 30 seconds left.\n|\n|t:|1775965847\n|switch|p1b: Pelipper|Pelipper, L50, M|100/100\n|move|p1a: Jacar\u00e9 v\u00e1 pra casa|Double-Edge|p2a: Dragonite\n|-supereffective|p2a: Dragonite|1\n|-crit|p2a: Dragonite\n|-damage|p2a: Dragonite|0 fnt\n|faint|p2a: Dragonite\n|-damage|p1a: Jacar\u00e9 v\u00e1 pra casa|67/100|[from] Recoil\n|move|p2b: Incineroar|Parting Shot|p1b: Pelipper\n|-unboost|p1b: Pelipper|atk|1\n|-unboost|p1b: Pelipper|spa|1\n|\n|t:|1775965855\n|switch|p2b: Basculegion|Basculegion, L50, M|100/100|[from] Parting Shot\n|\n|-weather|RainDance|[upkeep]\n|upkeep\n|\n|t:|1775965858\n|switch|p2a: Incineroar|Incineroar, L50, F|100/100\n|-ability|p2a: Incineroar|Intimidate|boost\n|-unboost|p1a: Jacar\u00e9 v\u00e1 pra casa|atk|1\n|-unboost|p1b: Pelipper|atk|1\n|turn|3\n|\n|t:|1775965877\n|switch|p1a: Sinistcha|Sinistcha, L50|72/100\n|move|p2a: Incineroar|Fake Out|p1a: Sinistcha\n|-immune|p1a: Sinistcha\n|move|p2b: Basculegion|Last Respects|p1a: Sinistcha\n|-supereffective|p1a: Sinistcha|1\n|-crit|p1a: Sinistcha\n|-damage|p1a: Sinistcha|0 fnt\n|faint|p1a: Sinistcha\n|move|p1b: Pelipper|Tailwind|p1b: Pelipper\n|-sidestart|p1: nakoharuno|move: Tailwind\n|\n|-weather|RainDance|[upkeep]\n|upkeep\n|\n|t:|1775965892\n|switch|p1a: Jacar\u00e9 v\u00e1 pra casa|Feraligatr-Mega, L50, M|67/100\n|turn|4\n|\n|t:|1775965913\n|switch|p2a: Pelipper|Pelipper, L50, F|100/100\n|move|p1a: Jacar\u00e9 v\u00e1 pra casa|Double-Edge|p2b: Basculegion\n|-damage|p2b: Basculegion|0 fnt\n|faint|p2b: Basculegion\n|-damage|p1a: Jacar\u00e9 v\u00e1 pra casa|26/100|[from] Recoil\n|move|p1b: Pelipper|Weather Ball|p2a: Pelipper\n|-resisted|p2a: Pelipper|1\n|-damage|p2a: Pelipper|72/100\n|\n|-weather|RainDance|[upkeep]\n|upkeep\n|\n|t:|1775965918\n|switch|p2b: Incineroar|Incineroar, L50, F|100/100\n|-ability|p2b: Incineroar|Intimidate|boost\n|-unboost|p1a: Jacar\u00e9 v\u00e1 pra casa|atk|1\n|-unboost|p1b: Pelipper|atk|1\n|turn|5\n|\n|t:|1775965938\n|move|p1a: Jacar\u00e9 v\u00e1 pra casa|Protect|p1a: Jacar\u00e9 v\u00e1 pra casa\n|-singleturn|p1a: Jacar\u00e9 v\u00e1 pra casa|Protect\n|move|p2b: Incineroar|Fake Out|p1a: Jacar\u00e9 v\u00e1 pra casa\n|-activate|p1a: Jacar\u00e9 v\u00e1 pra casa|move: Protect\n|move|p2a: Pelipper|Hurricane|p1a: Jacar\u00e9 v\u00e1 pra casa\n|-activate|p1a: Jacar\u00e9 v\u00e1 pra casa|move: Protect\n|move|p1b: Pelipper|Weather Ball|p2b: Incineroar\n|-supereffective|p2b: Incineroar|1\n|-damage|p2b: Incineroar|40/100\n|-enditem|p2b: Incineroar|Sitrus Berry|[eat]\n|-heal|p2b: Incineroar|65/100|[from] item: Sitrus Berry\n|\n|-weather|none\n|upkeep\n|turn|6\n|\n|t:|1775965958\n|switch|p1b: Scizor|Scizor, L50, F|100/100\n|move|p1a: Jacar\u00e9 v\u00e1 pra casa|Liquidation|p2b: Incineroar\n|-supereffective|p2b: Incineroar|1\n|-damage|p2b: Incineroar|0 fnt\n|faint|p2b: Incineroar\n|move|p2a: Pelipper|Hurricane|p1a: Jacar\u00e9 v\u00e1 pra casa|[miss]\n|-miss|p2a: Pelipper|p1a: Jacar\u00e9 v\u00e1 pra casa\n|\n|-sideend|p1: nakoharuno|move: Tailwind\n|upkeep\n|turn|7\n|-message|ryangamerplay forfeited.\n|\n|win|nakoharuno\n|raw|nakoharuno's rating: 1034 &rarr; <strong>1065</strong><br />(+31 for winning)\n|raw|ryangamerplay's rating: 1000 &rarr; <strong>1000</strong><br />(+0 for losing)\n|l|\u2606ryangamerplay\n|player|p2|\n|c|\u2606nakoharuno|GG\n",
  "uploadtime": 1775965979,
  "views": 26,
  "formatid": "gen9championsvgc2026regma",
  "rating": 1000,
  "private": 0,
  "password": null
}