{
  "id": "gen9championsvgc2026regma-2584571012",
  "format": "[Gen 9 Champions] VGC 2026 Reg M-A",
  "players": [
    "KennarDH",
    "RealKungullu"
  ],
  "log": "|j|\u2606KennarDH\n|j|\u2606RealKungullu\n|t:|1776269480\n|gametype|doubles\n|player|p1|KennarDH|rocketgruntf|1052\n|player|p2|RealKungullu|harlequin|1081\n|gen|9\n|tier|[Gen 9 Champions] VGC 2026 Reg M-A\n|rated|\n|rule|Species Clause: Limit one of each Pok\u00e9mon\n|rule|Item Clause: Limit 1 of each item\n|clearpoke\n|poke|p1|Charizard, L50, M|\n|poke|p1|Milotic, L50, F|\n|poke|p1|Maushold-Four, L50|\n|poke|p1|Hawlucha, L50, F|\n|poke|p1|Vanilluxe, L50, M|\n|poke|p1|Hydrapple, L50, F|\n|poke|p2|Basculegion, L50, M|\n|poke|p2|Gallade, L50, M|\n|poke|p2|Kingambit, L50, F|\n|poke|p2|Mamoswine, L50, F|\n|poke|p2|Gardevoir, L50, M|\n|poke|p2|Araquanid, L50, M|\n|teampreview|4\n|inactive|Battle timer is ON: inactive players will automatically lose when time's up. (requested by RealKungullu)\n|\n|t:|1776269518\n|teamsize|p1|4\n|teamsize|p2|4\n|start\n|switch|p1a: Charizard|Charizard, L50, M|100/100\n|switch|p1b: Maushold|Maushold-Four, L50|100/100\n|switch|p2a: Gallade|Gallade, L50, M|100/100\n|switch|p2b: Basculegion|Basculegion, L50, M|100/100\n|turn|1\n|inactive|KennarDH has 30 seconds left.\n|\n|t:|1776269552\n|switch|p1b: Milotic|Milotic, L50, F|100/100\n|detailschange|p1a: Charizard|Charizard-Mega-X, L50, M\n|-mega|p1a: Charizard|Charizard|Charizardite X\n|move|p2b: Basculegion|Wave Crash|p1a: Charizard\n|-damage|p1a: Charizard|24/100\n|-damage|p2b: Basculegion|78/100|[from] Recoil\n|move|p1a: Charizard|Dragon Dance|p1a: Charizard\n|-boost|p1a: Charizard|atk|1\n|-boost|p1a: Charizard|spe|1\n|move|p2a: Gallade|Sacred Sword|p1b: Milotic\n|-damage|p1b: Milotic|35/100\n|\n|-heal|p1b: Milotic|41/100|[from] item: Leftovers\n|upkeep\n|turn|2\n|inactive|KennarDH has 30 seconds left.\n|\n|t:|1776269578\n|move|p1a: Charizard|Protect|p1a: Charizard\n|-singleturn|p1a: Charizard|Protect\n|move|p2b: Basculegion|Wave Crash|p1a: Charizard\n|-activate|p1a: Charizard|move: Protect\n|move|p1b: Milotic|Draining Kiss|p2a: Gallade\n|-supereffective|p2a: Gallade|1\n|-damage|p2a: Gallade|75/100\n|-heal|p1b: Milotic|57/100|[from] drain|[of] p2a: Gallade\n|move|p2a: Gallade|Trick Room|p2a: Gallade\n|-fieldstart|move: Trick Room|[of] p2a: Gallade\n|\n|-heal|p1b: Milotic|63/100|[from] item: Leftovers\n|upkeep\n|turn|3\n|\n|t:|1776269597\n|switch|p1a: Hydrapple|Hydrapple, L50, F|100/100\n|-ability|p1a: Hydrapple|Supersweet Syrup\n|-unboost|p2a: Gallade|evasion|1\n|-unboost|p2b: Basculegion|evasion|1\n|move|p2a: Gallade|Sacred Sword|p1b: Milotic\n|-damage|p1b: Milotic|0 fnt\n|faint|p1b: Milotic\n|move|p2b: Basculegion|Wave Crash|p1a: Hydrapple\n|-resisted|p1a: Hydrapple|2\n|-damage|p1a: Hydrapple|87/100\n|-damage|p2b: Basculegion|74/100|[from] Recoil\n|\n|upkeep\n|\n|t:|1776269610\n|switch|p1b: Maushold|Maushold-Four, L50|100/100\n|turn|4\n|\n|t:|1776269634\n|move|p1b: Maushold|Protect|p1b: Maushold\n|-singleturn|p1b: Maushold|Protect\n|move|p1a: Hydrapple|Fickle Beam|p2a: Gallade\n|-damage|p2a: Gallade|42/100\n|-enditem|p2a: Gallade|Sitrus Berry|[eat]\n|-heal|p2a: Gallade|67/100|[from] item: Sitrus Berry\n|move|p2a: Gallade|Psycho Cut|p1a: Hydrapple\n|-damage|p1a: Hydrapple|41/100\n|-enditem|p1a: Hydrapple|Sitrus Berry|[eat]\n|-heal|p1a: Hydrapple|66/100|[from] item: Sitrus Berry\n|move|p2b: Basculegion|Wave Crash|p1b: Maushold\n|-activate|p1b: Maushold|move: Protect\n|\n|upkeep\n|turn|5\n|\n|t:|1776269658\n|move|p1a: Hydrapple|Breaking Swipe|p2a: Gallade|[spread] p2a,p2b\n|-damage|p2a: Gallade|50/100\n|-damage|p2b: Basculegion|55/100\n|-unboost|p2a: Gallade|atk|1\n|-unboost|p2b: Basculegion|atk|1\n|move|p2a: Gallade|Psycho Cut|p1a: Hydrapple\n|-damage|p1a: Hydrapple|37/100\n|move|p1b: Maushold|Crunch|p2b: Basculegion\n|-supereffective|p2b: Basculegion|1\n|-crit|p2b: Basculegion\n|-damage|p2b: Basculegion|0 fnt\n|faint|p2b: Basculegion\n|\n|upkeep\n|\n|t:|1776269663\n|switch|p2b: Gardevoir|Gardevoir, L50, M|100/100\n|-ability|p2b: Gardevoir|Supersweet Syrup|Trace|[from] ability: Trace|[of] p1a: Hydrapple\n|-ability|p2b: Gardevoir|Supersweet Syrup\n|-unboost|p1a: Hydrapple|evasion|1\n|-unboost|p1b: Maushold|evasion|1\n|turn|6\n|\n|t:|1776269681\n|switch|p2a: Kingambit|Kingambit, L50, F|100/100\n|detailschange|p2b: Gardevoir|Gardevoir-Mega, L50, M\n|-mega|p2b: Gardevoir|Gardevoir|Gardevoirite\n|move|p1b: Maushold|Protect|p1b: Maushold\n|-singleturn|p1b: Maushold|Protect\n|move|p1a: Hydrapple|Giga Drain|p2a: Kingambit\n|-resisted|p2a: Kingambit|1\n|-damage|p2a: Kingambit|85/100\n|-heal|p1a: Hydrapple|44/100|[from] drain|[of] p2a: Kingambit\n|move|p2b: Gardevoir|Hyper Voice|p1b: Maushold|[spread] p1a\n|-activate|p1b: Maushold|move: Protect\n|-supereffective|p1a: Hydrapple|1\n|-damage|p1a: Hydrapple|0 fnt\n|faint|p1a: Hydrapple\n|\n|-fieldend|move: Trick Room\n|upkeep\n|\n|t:|1776269696\n|switch|p1a: Charizard|Charizard-Mega-X, L50, M|24/100\n|turn|7\n|\n|t:|1776269704\n|move|p1a: Charizard|Protect|p1a: Charizard\n|-singleturn|p1a: Charizard|Protect\n|move|p2a: Kingambit|Sucker Punch||[still]\n|-fail|p2a: Kingambit\n|move|p1b: Maushold|Population Bomb|p2b: Gardevoir\n|-damage|p2b: Gardevoir|81/100\n|-damage|p2b: Gardevoir|63/100\n|-damage|p2b: Gardevoir|46/100\n|-damage|p2b: Gardevoir|28/100\n|-damage|p2b: Gardevoir|10/100\n|-damage|p2b: Gardevoir|0 fnt\n|faint|p2b: Gardevoir\n|-hitcount|p2: Gardevoir|6\n|\n|upkeep\n|\n|t:|1776269707\n|switch|p2b: Gallade|Gallade, L50, M|50/100\n|turn|8\n|inactive|KennarDH has 30 seconds left.\n|\n|t:|1776269733\n|move|p2a: Kingambit|Sucker Punch||[still]\n|-fail|p2a: Kingambit\n|move|p1b: Maushold|Population Bomb|p2b: Gallade\n|-damage|p2b: Gallade|31/100\n|-damage|p2b: Gallade|10/100\n|-crit|p2b: Gallade\n|-damage|p2b: Gallade|0 fnt\n|faint|p2b: Gallade\n|-hitcount|p2: Gallade|3\n|move|p1a: Charizard|Dragon Dance|p1a: Charizard\n|-boost|p1a: Charizard|atk|1\n|-boost|p1a: Charizard|spe|1\n|\n|upkeep\n|turn|9\n|\n|t:|1776269747\n|move|p2a: Kingambit|Protect|p2a: Kingambit\n|-singleturn|p2a: Kingambit|Protect\n|move|p1b: Maushold|Follow Me|p1b: Maushold\n|-singleturn|p1b: Maushold|move: Follow Me\n|move|p1a: Charizard|Flare Blitz|p2a: Kingambit\n|-activate|p2a: Kingambit|move: Protect\n|\n|upkeep\n|turn|10\n|\n|t:|1776269757\n|move|p1b: Maushold|Follow Me|p1b: Maushold\n|-singleturn|p1b: Maushold|move: Follow Me\n|move|p1a: Charizard|Flare Blitz|p2a: Kingambit\n|-supereffective|p2a: Kingambit|1\n|-damage|p2a: Kingambit|0 fnt\n|faint|p2a: Kingambit\n|-damage|p1a: Charizard|0 fnt|[from] Recoil\n|faint|p1a: Charizard\n|\n|win|KennarDH\n|raw|KennarDH's rating: 1052 &rarr; <strong>1087</strong><br />(+35 for winning)\n|raw|RealKungullu's rating: 1081 &rarr; <strong>1057</strong><br />(-24 for losing)\n|l|\u2606RealKungullu\n|player|p2|\n",
  "uploadtime": 1776269766,
  "views": 27,
  "formatid": "gen9championsvgc2026regma",
  "rating": 1057,
  "private": 0,
  "password": null
}