{
  "id": "gen9championsvgc2026regma-2583115629",
  "format": "[Gen 9 Champions] VGC 2026 Reg M-A",
  "players": [
    "06Thomas",
    "Dogemaser"
  ],
  "log": "|j|\u260606Thomas\n|j|\u2606Dogemaser\n|t:|1776143830\n|gametype|doubles\n|player|p1|06Thomas|2|1131\n|player|p2|Dogemaser|hiker-gen4|1050\n|gen|9\n|tier|[Gen 9 Champions] VGC 2026 Reg M-A\n|rated|\n|rule|Species Clause: Limit one of each Pok\u00e9mon\n|rule|Item Clause: Limit 1 of each item\n|clearpoke\n|poke|p1|Talonflame, L50, M|\n|poke|p1|Feraligatr, L50, M|\n|poke|p1|Sinistcha, L50|\n|poke|p1|Sneasler, L50, F|\n|poke|p1|Empoleon, L50, M|\n|poke|p1|Wyrdeer, L50, F|\n|poke|p2|Froslass, L50, F|\n|poke|p2|Orthworm, L50, M|\n|poke|p2|Basculegion, L50, M|\n|poke|p2|Incineroar, L50, M|\n|poke|p2|Rotom-Frost, L50|\n|poke|p2|Garchomp, L50, M|\n|teampreview|4\nDogemaser has agreed to open team sheets.\n|\n|t:|1776143869\n|teamsize|p1|4\n|teamsize|p2|4\n|start\n|switch|p1a: Wyrdeer|Wyrdeer, L50, F|100/100\n|switch|p1b: Empoleon|Empoleon, L50, M|100/100\n|switch|p2a: Rotom|Rotom-Frost, L50|100/100\n|switch|p2b: Incineroar|Incineroar, L50, M|100/100\n|-ability|p1a: Wyrdeer|Intimidate|boost\n|-unboost|p2a: Rotom|atk|1\n|-unboost|p2b: Incineroar|atk|1\n|-ability|p2b: Incineroar|Intimidate|boost\n|-unboost|p1a: Wyrdeer|atk|1\n|-unboost|p1b: Empoleon|atk|1\n|-ability|p1b: Empoleon|Competitive|boost\n|-boost|p1b: Empoleon|spa|2\n|turn|1\n|\n|t:|1776143897\n|switch|p1a: Sneasler|Sneasler, L50, F|100/100\n|move|p1b: Empoleon|Protect|p1b: Empoleon\n|-singleturn|p1b: Empoleon|Protect\n|move|p2b: Incineroar|Fake Out|p1b: Empoleon\n|-activate|p1b: Empoleon|move: Protect\n|move|p2a: Rotom|Thunderbolt|p1b: Empoleon\n|-activate|p1b: Empoleon|move: Protect\n|\n|upkeep\n|turn|2\n|inactive|Battle timer is ON: inactive players will automatically lose when time's up. (requested by 06Thomas)\n|\n|t:|1776143957\n|move|p1a: Sneasler|Fake Out|p2a: Rotom\n|-damage|p2a: Rotom|84/100\n|cant|p2a: Rotom|flinch\n|move|p1b: Empoleon|Hydro Pump|p2b: Incineroar|[miss]\n|-miss|p1b: Empoleon|p2b: Incineroar\n|move|p2b: Incineroar|Flare Blitz|p1a: Sneasler\n|-damage|p1a: Sneasler|34/100\n|-damage|p2b: Incineroar|84/100|[from] Recoil\n|\n|-heal|p2a: Rotom|90/100|[from] item: Leftovers\n|upkeep\n|turn|3\n|\n|t:|1776143982\n|move|p1a: Sneasler|Close Combat|p2a: Rotom\n|-supereffective|p2a: Rotom|1\n|-damage|p2a: Rotom|0 fnt\n|-unboost|p1a: Sneasler|def|1\n|-unboost|p1a: Sneasler|spd|1\n|faint|p2a: Rotom\n|move|p1b: Empoleon|Hydro Pump|p2b: Incineroar\n|-supereffective|p2b: Incineroar|1\n|-damage|p2b: Incineroar|0 fnt\n|faint|p2b: Incineroar\n|\n|upkeep\n|\n|t:|1776143991\n|switch|p2a: Orthworm|Orthworm, L50, M|100/100\n|switch|p2b: Froslass|Froslass, L50, F|100/100\n|turn|4\n|\n|t:|1776144005\n|detailschange|p2b: Froslass|Froslass-Mega, L50, F\n|-mega|p2b: Froslass|Froslass|Froslassite\n|-weather|Snowscape|[from] ability: Snow Warning|[of] p2b: Froslass\n|move|p2b: Froslass|Protect|p2b: Froslass\n|-singleturn|p2b: Froslass|Protect\n|move|p1a: Sneasler|Dire Claw|p2b: Froslass\n|-activate|p2b: Froslass|move: Protect\n|move|p1b: Empoleon|Hydro Pump|p2a: Orthworm|[miss]\n|-miss|p1b: Empoleon|p2a: Orthworm\n|move|p2a: Orthworm|Body Press|p1b: Empoleon\n|-supereffective|p1b: Empoleon|1\n|-enditem|p1b: Empoleon|Chople Berry|[eat]\n|-enditem|p1b: Empoleon|Chople Berry|[weaken]\n|-damage|p1b: Empoleon|67/100\n|\n|-weather|Snowscape|[upkeep]\n|upkeep\n|turn|5\n|inactive|06Thomas has 30 seconds left.\n|inactive|Dogemaser has 30 seconds left.\n|inactive|06Thomas has 20 seconds left.\n|\n|t:|1776144045\n|move|p2b: Froslass|Shadow Ball|p1a: Sneasler\n|-damage|p1a: Sneasler|0 fnt\n|faint|p1a: Sneasler\n|move|p1b: Empoleon|Hydro Pump|p2a: Orthworm\n|-damage|p2a: Orthworm|0 fnt\n|faint|p2a: Orthworm\n|\n|-weather|Snowscape|[upkeep]\n|upkeep\n|\n|t:|1776144058\n|switch|p1a: Wyrdeer|Wyrdeer, L50, F|100/100\n|-ability|p1a: Wyrdeer|Intimidate|boost\n|-unboost|p2b: Froslass|atk|1\n|turn|6\n|\n|t:|1776144066\n|move|p1a: Wyrdeer|Helping Hand|p1b: Empoleon\n|-singleturn|p1b: Empoleon|Helping Hand|[of] p1a: Wyrdeer\n|move|p2b: Froslass|Blizzard|p1b: Empoleon|[spread] p1a,p1b\n|-resisted|p1b: Empoleon|2\n|-crit|p1b: Empoleon\n|-damage|p1a: Wyrdeer|50/100\n|-damage|p1b: Empoleon|50/100\n|-status|p1a: Wyrdeer|frz\n|move|p1b: Empoleon|Flash Cannon|p2b: Froslass\n|-supereffective|p2b: Froslass|1\n|-damage|p2b: Froslass|0 fnt\n|faint|p2b: Froslass\n|\n|win|06Thomas\n|raw|06Thomas's rating: 1131 &rarr; <strong>1150</strong><br />(+19 for winning)\n|raw|Dogemaser's rating: 1050 &rarr; <strong>1037</strong><br />(-13 for losing)\n|l|\u2606Dogemaser\n|player|p2|\n",
  "uploadtime": 1776144089,
  "views": 28,
  "formatid": "gen9championsvgc2026regma",
  "rating": 1037,
  "private": 0,
  "password": null
}