{
  "id": "gen9championsvgc2026regma-2581928734",
  "format": "[Gen 9 Champions] VGC 2026 Reg M-A",
  "players": [
    "Jejunewman",
    "tztok-slade"
  ],
  "log": "|j|\u2606Jejunewman\n|j|\u2606tztok-slade\n|t:|1776040598\n|gametype|doubles\n|player|p1|Jejunewman|170|1090\n|player|p2|tztok-slade|265|1099\n|gen|9\n|tier|[Gen 9 Champions] VGC 2026 Reg M-A\n|rated|\n|rule|Species Clause: Limit one of each Pok\u00e9mon\n|rule|Item Clause: Limit 1 of each item\n|clearpoke\n|poke|p1|Charizard, L50, F|\n|poke|p1|Floette-Eternal, L50, F|\n|poke|p1|Whimsicott, L50, F|\n|poke|p1|Incineroar, L50, M|\n|poke|p1|Aegislash, L50, M|\n|poke|p1|Aerodactyl, L50, M|\n|poke|p2|Ninetales-Alola, L50, F|\n|poke|p2|Froslass, L50, F|\n|poke|p2|Corviknight, L50, F|\n|poke|p2|Dragapult, L50, F|\n|poke|p2|Kingambit, L50, F|\n|poke|p2|Arcanine-Hisui, L50, F|\n|teampreview|4\n|inactive|Battle timer is ON: inactive players will automatically lose when time's up. (requested by tztok-slade)\n|inactive|Jejunewman has 60 seconds left.\n|inactive|tztok-slade has 60 seconds left.\nJejunewman has agreed to open team sheets.\ntztok-slade rejected open team sheets.\n|inactive|tztok-slade has 30 seconds left.\n|\n|t:|1776040663\n|teamsize|p1|4\n|teamsize|p2|4\n|start\n|switch|p1a: Judite|Charizard, L50, F, shiny|100/100\n|switch|p1b: Floette|Floette-Eternal, L50, F|100/100\n|switch|p2a: Arcanine|Arcanine-Hisui, L50, F|100/100\n|switch|p2b: Dragapult|Dragapult, L50, F|100/100\n|turn|1\n|inactive|tztok-slade has 30 seconds left.\n|\n|t:|1776040689\n|switch|p1a: Incineroar|Incineroar, L50, M|100/100\n|-ability|p1a: Incineroar|Intimidate|boost\n|-unboost|p2a: Arcanine|atk|1\n|-fail|p2b: Dragapult|unboost|[from] ability: Clear Body|[of] p2b: Dragapult\n|detailschange|p1b: Floette|Floette-Mega, L50, F\n|-mega|p1b: Floette|Floette|Floettite\n|-ability|p1b: Floette|Fairy Aura\n|move|p2b: Dragapult|Protect|p2b: Dragapult\n|-singleturn|p2b: Dragapult|Protect\n|move|p1b: Floette|Dazzling Gleam|p2a: Arcanine|[spread] p2a\n|-activate|p2b: Dragapult|move: Protect\n|-resisted|p2a: Arcanine|1\n|-damage|p2a: Arcanine|73/100\n|move|p2a: Arcanine|Head Smash|p1a: Incineroar\n|-supereffective|p1a: Incineroar|1\n|-damage|p1a: Incineroar|2/100\n|\n|-heal|p1a: Incineroar|8/100|[from] item: Leftovers\n|upkeep\n|turn|2\n|\n|t:|1776040713\n|switch|p2b: Corviknight|Corviknight, L50, F|100/100\n|move|p1a: Incineroar|Fake Out|p2a: Arcanine\n|-resisted|p2a: Arcanine|1\n|-crit|p2a: Arcanine\n|-damage|p2a: Arcanine|63/100\n|cant|p2a: Arcanine|flinch\n|move|p1b: Floette|Dazzling Gleam|p2a: Arcanine|[spread] p2a,p2b\n|-resisted|p2a: Arcanine|1\n|-resisted|p2b: Corviknight|1\n|-damage|p2a: Arcanine|33/100\n|-damage|p2b: Corviknight|83/100\n|-enditem|p2a: Arcanine|Sitrus Berry|[eat]\n|-heal|p2a: Arcanine|58/100|[from] item: Sitrus Berry\n|\n|-heal|p2b: Corviknight|89/100|[from] item: Leftovers\n|-heal|p1a: Incineroar|14/100|[from] item: Leftovers\n|upkeep\n|turn|3\n|inactive|tztok-slade has 30 seconds left.\n|\n|t:|1776040747\n|move|p1b: Floette|Protect|p1b: Floette\n|-singleturn|p1b: Floette|Protect\n|move|p2a: Arcanine|Head Smash|p1a: Incineroar\n|-supereffective|p1a: Incineroar|1\n|-damage|p1a: Incineroar|0 fnt\n|faint|p1a: Incineroar\n|move|p2b: Corviknight|Iron Head|p1b: Floette\n|-activate|p1b: Floette|move: Protect\n|\n|-heal|p2b: Corviknight|95/100|[from] item: Leftovers\n|upkeep\n|\n|t:|1776040760\n|switch|p1a: Whimsicott|Whimsicott, L50, F, shiny|100/100\n|turn|4\n|\n|t:|1776040779\n|switch|p1b: Judite|Charizard, L50, F, shiny|100/100\n|move|p1a: Whimsicott|Tailwind|p1a: Whimsicott\n|-sidestart|p1: Jejunewman|move: Tailwind\n|move|p2a: Arcanine|Flare Blitz|p1a: Whimsicott\n|-supereffective|p1a: Whimsicott|1\n|-enditem|p1a: Whimsicott|Focus Sash\n|-damage|p1a: Whimsicott|1/100\n|move|p2b: Corviknight|Iron Head|p1a: Whimsicott\n|-supereffective|p1a: Whimsicott|1\n|-damage|p1a: Whimsicott|0 fnt\n|faint|p1a: Whimsicott\n|\n|-heal|p2b: Corviknight|100/100|[from] item: Leftovers\n|upkeep\n|\n|t:|1776040792\n|switch|p1a: Floette|Floette-Mega, L50, F|100/100\n|-ability|p1a: Floette|Fairy Aura\n|turn|5\n|inactive|tztok-slade has 30 seconds left.\n|\n|t:|1776040822\n|switch|p2b: Ninetales|Ninetales-Alola, L50, F|100/100\n|-weather|Snowscape|[from] ability: Snow Warning|[of] p2b: Ninetales\n|move|p1a: Floette|Sunny Day|p1a: Floette\n|-weather|SunnyDay\n|move|p1b: Judite|Solar Beam||[still]\n|-prepare|p1b: Judite|Solar Beam\n|-anim|p1b: Judite|Solar Beam|p2a: Arcanine\n|-damage|p2a: Arcanine|0 fnt\n|faint|p2a: Arcanine\n|\n|-weather|SunnyDay|[upkeep]\n|-damage|p1b: Judite|88/100|[from] ability: Solar Power|[of] p1b: Judite\n|upkeep\n|\n|t:|1776040837\n|switch|p2a: Dragapult|Dragapult, L50, F|100/100\n|turn|6\n|inactive|tztok-slade has 30 seconds left.\n|\n|t:|1776040865\n|move|p1a: Floette|Dazzling Gleam|p2b: Ninetales|[spread] p2a,p2b\n|-supereffective|p2a: Dragapult|1\n|-damage|p2a: Dragapult|0 fnt\n|-damage|p2b: Ninetales|70/100\n|faint|p2a: Dragapult\n|move|p1b: Judite|Heat Wave|p2b: Ninetales\n|-supereffective|p2b: Ninetales|1\n|-damage|p2b: Ninetales|0 fnt\n|faint|p2b: Ninetales\n|\n|-weather|SunnyDay|[upkeep]\n|-damage|p1b: Judite|76/100|[from] ability: Solar Power|[of] p1b: Judite\n|upkeep\n|\n|t:|1776040880\n|switch|p2b: Corviknight|Corviknight, L50, F|100/100\n|turn|7\n|\n|t:|1776040888\n|move|p1a: Floette|Dazzling Gleam|p2b: Corviknight\n|-resisted|p2b: Corviknight|1\n|-damage|p2b: Corviknight|77/100\n|move|p1b: Judite|Weather Ball|p2b: Corviknight\n|-supereffective|p2b: Corviknight|1\n|-damage|p2b: Corviknight|0 fnt\n|faint|p2b: Corviknight\n|\n|win|Jejunewman\n|raw|Jejunewman's rating: 1090 &rarr; <strong>1117</strong><br />(+27 for winning)\n|raw|tztok-slade's rating: 1099 &rarr; <strong>1074</strong><br />(-25 for losing)\n|l|\u2606tztok-slade\n|player|p2|\n",
  "uploadtime": 1776040898,
  "views": 12,
  "formatid": "gen9championsvgc2026regma",
  "rating": 1074,
  "private": 0,
  "password": null
}