{
  "id": "gen9championsvgc2026regma-2588358212",
  "format": "[Gen 9 Champions] VGC 2026 Reg M-A",
  "players": [
    "oMarquin",
    "johandk"
  ],
  "log": "|j|\u2606oMarquin\n|j|\u2606johandk\n|t:|1776626905\n|gametype|doubles\n|player|p1|oMarquin|266|1173\n|player|p2|johandk|nate|1264\n|gen|9\n|tier|[Gen 9 Champions] VGC 2026 Reg M-A\n|rated|\n|rule|Species Clause: Limit one of each Pok\u00e9mon\n|rule|Item Clause: Limit 1 of each item\n|clearpoke\n|poke|p1|Ampharos, L50, M|\n|poke|p1|Weavile, L50, M|\n|poke|p1|Primarina, L50, M|\n|poke|p1|Sinistcha, L50|\n|poke|p1|Krookodile, L50, F|\n|poke|p1|Scizor, L50, M|\n|poke|p2|Meganium, L50, M|\n|poke|p2|Tyranitar, L50, M|\n|poke|p2|Garchomp, L50, F|\n|poke|p2|Aegislash, L50, M|\n|poke|p2|Milotic, L50, F|\n|poke|p2|Aerodactyl, L50, F|\n|teampreview|4\n|inactive|Battle timer is ON: inactive players will automatically lose when time's up. (requested by oMarquin)\n|\n|t:|1776626946\n|teamsize|p1|4\n|teamsize|p2|4\n|start\n|switch|p1a: Ampharos|Ampharos, L50, M|100/100\n|switch|p1b: Weavile|Weavile, L50, M|100/100\n|switch|p2a: Aegislash|Aegislash, L50, M|100/100\n|switch|p2b: Aerodactyl|Aerodactyl, L50, F|100/100\n|-ability|p2b: Aerodactyl|Unnerve\n|turn|1\n|\n|t:|1776626967\n|detailschange|p1a: Ampharos|Ampharos-Mega, L50, M\n|-mega|p1a: Ampharos|Ampharos|Ampharosite\n|-ability|p1a: Ampharos|Mold Breaker\n|move|p2b: Aerodactyl|Rock Slide|p1b: Weavile|[spread] p1a\n|-miss|p2b: Aerodactyl|p1b: Weavile\n|-damage|p1a: Ampharos|77/100\n|move|p1b: Weavile|Knock Off|p2a: Aegislash\n|-supereffective|p2a: Aegislash|1\n|-damage|p2a: Aegislash|24/100\n|-enditem|p2a: Aegislash|Spell Tag|[from] move: Knock Off|[of] p1b: Weavile\n|-formechange|p2a: Aegislash|Aegislash-Blade|\n|move|p2a: Aegislash|Iron Head|p1b: Weavile\n|-supereffective|p1b: Weavile|1\n|-enditem|p1b: Weavile|Focus Sash\n|-damage|p1b: Weavile|1/100\n|move|p1a: Ampharos|Electroweb|p2b: Aerodactyl|[spread] p2a,p2b\n|-supereffective|p2b: Aerodactyl|1\n|-damage|p2a: Aegislash|0 fnt\n|-damage|p2b: Aerodactyl|41/100\n|-unboost|p2b: Aerodactyl|spe|1\n|faint|p2a: Aegislash\n|\n|upkeep\n|\n|t:|1776626991\n|switch|p2a: Milotic|Milotic, L50, F|100/100\n|turn|2\n|\n|t:|1776627009\n|switch|p2b: Meganium|Meganium, L50, M|100/100\n|move|p1b: Weavile|Ice Spinner|p2b: Meganium\n|-supereffective|p2b: Meganium|1\n|-damage|p2b: Meganium|16/100\n|move|p2a: Milotic|Icy Wind|p1a: Ampharos|[spread] p1a\n|-miss|p2a: Milotic|p1b: Weavile\n|-supereffective|p1a: Ampharos|1\n|-damage|p1a: Ampharos|62/100\n|-unboost|p1a: Ampharos|spe|1\n|move|p1a: Ampharos|Volt Switch|p2a: Milotic\n|-supereffective|p2a: Milotic|1\n|-damage|p2a: Milotic|41/100\n|c|\u2606johandk|Mmmm\n|\n|t:|1776627028\n|switch|p1a: Sinistcha|Sinistcha, L50|100/100|[from] Volt Switch\n|-heal|p1b: Weavile|26/100|[from] ability: Hospitality|[of] p1a: Sinistcha\n|\n|-heal|p2a: Milotic|47/100|[from] item: Leftovers\n|upkeep\n|turn|3\n|\n|t:|1776627044\n|detailschange|p2b: Meganium|Meganium-Mega, L50, M\n|-mega|p2b: Meganium|Meganium|Meganiumite\n|move|p2b: Meganium|Protect|p2b: Meganium\n|-singleturn|p2b: Meganium|Protect\n|move|p1b: Weavile|Knock Off|p2a: Milotic\n|-damage|p2a: Milotic|5/100\n|-enditem|p2a: Milotic|Leftovers|[from] move: Knock Off|[of] p1b: Weavile\n|move|p2a: Milotic|Scald|p1b: Weavile\n|-damage|p1b: Weavile|0 fnt\n|faint|p1b: Weavile\n|move|p1a: Sinistcha|Life Dew||[still]\n|-fail|p1a: Sinistcha|heal\n|\n|upkeep\n|\n|t:|1776627058\n|switch|p1b: Ampharos|Ampharos-Mega, L50, M|62/100\n|-ability|p1b: Ampharos|Mold Breaker\n|turn|4\n|\n|t:|1776627069\n|move|p1b: Ampharos|Protect|p1b: Ampharos\n|-singleturn|p1b: Ampharos|Protect\n|move|p2b: Meganium|Weather Ball|p1a: Sinistcha\n|-supereffective|p1a: Sinistcha|1\n|-damage|p1a: Sinistcha|0 fnt\n|faint|p1a: Sinistcha\n|move|p2a: Milotic|Ice Beam|p1b: Ampharos\n|-activate|p1b: Ampharos|move: Protect\n|\n|upkeep\n|\n|t:|1776627078\n|switch|p1a: Primarina|Primarina, L50, M|100/100\n|turn|5\n|\n|t:|1776627087\n|move|p2b: Meganium|Protect|p2b: Meganium\n|-singleturn|p2b: Meganium|Protect\n|move|p2a: Milotic|Icy Wind|p1a: Primarina|[spread] p1a,p1b\n|-resisted|p1a: Primarina|1\n|-supereffective|p1b: Ampharos|1\n|-damage|p1a: Primarina|96/100\n|-damage|p1b: Ampharos|48/100\n|-unboost|p1a: Primarina|spe|1\n|-unboost|p1b: Ampharos|spe|1\n|move|p1a: Primarina|Hyper Voice|p2a: Milotic|[spread] p2a\n|-activate|p2b: Meganium|move: Protect\n|-resisted|p2a: Milotic|1\n|-damage|p2a: Milotic|0 fnt\n|faint|p2a: Milotic\n|move|p1b: Ampharos|Electroweb|p2b: Meganium\n|-activate|p2b: Meganium|move: Protect\n|\n|-heal|p1a: Primarina|100/100|[from] item: Leftovers\n|upkeep\n|\n|t:|1776627105\n|switch|p2a: Aerodactyl|Aerodactyl, L50, F|41/100\n|-ability|p2a: Aerodactyl|Unnerve\n|turn|6\n|\n|t:|1776627116\n|move|p2a: Aerodactyl|Rock Slide|p1a: Primarina|[spread] p1a,p1b\n|-damage|p1a: Primarina|73/100\n|-damage|p1b: Ampharos|24/100\n|move|p2b: Meganium|Solar Beam||[still]\n|-prepare|p2b: Meganium|Solar Beam\n|-activate|p2b: Meganium|ability: Mega Sol\n|-anim|p2b: Meganium|Solar Beam|p1a: Primarina\n|-supereffective|p1a: Primarina|1\n|-damage|p1a: Primarina|0 fnt\n|faint|p1a: Primarina\n|move|p1b: Ampharos|Electroweb|p2b: Meganium|[spread] p2a,p2b\n|-supereffective|p2a: Aerodactyl|1\n|-resisted|p2b: Meganium|1\n|-damage|p2a: Aerodactyl|0 fnt\n|-damage|p2b: Meganium|5/100\n|-unboost|p2b: Meganium|spe|1\n|faint|p2a: Aerodactyl\n|\n|upkeep\n|turn|7\n|\n|t:|1776627133\n|move|p2b: Meganium|Dazzling Gleam|p1b: Ampharos\n|-supereffective|p1b: Ampharos|1\n|-damage|p1b: Ampharos|0 fnt\n|faint|p1b: Ampharos\n|\n|win|johandk\n|raw|oMarquin's rating: 1173 &rarr; <strong>1154</strong><br />(-19 for losing)\n|raw|johandk's rating: 1264 &rarr; <strong>1283</strong><br />(+19 for winning)\n",
  "uploadtime": 1776627141,
  "views": 10,
  "formatid": "gen9championsvgc2026regma",
  "rating": 1154,
  "private": 0,
  "password": null
}