{
  "id": "gen9championsvgc2026regma-2580295041",
  "format": "[Gen 9 Champions] VGC 2026 Reg M-A",
  "players": [
    "CoachingLance",
    "zpookydumb"
  ],
  "log": "|j|\u2606CoachingLance\n|j|\u2606zpookydumb\n|t:|1775877029\n|gametype|doubles\n|player|p1|CoachingLance|plasmagrunt|1000\n|player|p2|zpookydumb|bianca|1000\n|gen|9\n|tier|[Gen 9 Champions] VGC 2026 Reg M-A\n|rated|\n|rule|Species Clause: Limit one of each Pok\u00e9mon\n|rule|Item Clause: Limit 1 of each item\n|clearpoke\n|poke|p1|Incineroar, L50, F|\n|poke|p1|Floette-Eternal, L50, F|\n|poke|p1|Sneasler, L50, F|\n|poke|p1|Aerodactyl, L50, M|\n|poke|p1|Garchomp, L50, M|\n|poke|p1|Sinistcha, L50|\n|poke|p2|Pelipper, L50, M|\n|poke|p2|Blastoise, L50, M|\n|poke|p2|Garchomp, L50, F|\n|poke|p2|Incineroar, L50, F|\n|poke|p2|Clefable, L50, F|\n|poke|p2|Orthworm, L50, M|\n|teampreview|4\n|inactive|Battle timer is ON: inactive players will automatically lose when time's up. (requested by CoachingLance)\n|inactive|CoachingLance has 60 seconds left.\n|\n|t:|1775877078\n|teamsize|p1|4\n|teamsize|p2|4\n|start\n|switch|p1a: Floette|Floette-Eternal, L50, F|100/100\n|switch|p1b: Sneasler|Sneasler, L50, F|100/100\n|switch|p2a: Pelipper|Pelipper, L50, M|100/100\n|switch|p2b: Orthworm|Orthworm, L50, M|100/100\n|-weather|RainDance|[from] ability: Drizzle|[of] p2a: Pelipper\n|turn|1\n|\n|t:|1775877102\n|detailschange|p1a: Floette|Floette-Mega, L50, F\n|-mega|p1a: Floette|Floette|Floettite\n|-ability|p1a: Floette|Fairy Aura\n|move|p1b: Sneasler|Fake Out|p2b: Orthworm\n|-resisted|p2b: Orthworm|1\n|-damage|p2b: Orthworm|96/100\n|move|p1a: Floette|Calm Mind|p1a: Floette\n|-boost|p1a: Floette|spa|1\n|-boost|p1a: Floette|spd|1\n|cant|p2b: Orthworm|flinch\n|move|p2a: Pelipper|Hurricane|p1b: Sneasler\n|-supereffective|p1b: Sneasler|1\n|-damage|p1b: Sneasler|0 fnt\n|faint|p1b: Sneasler\n|\n|-weather|RainDance|[upkeep]\n|-heal|p2b: Orthworm|100/100|[from] item: Leftovers\n|upkeep\n|\n|t:|1775877116\n|switch|p1b: Incineroar|Incineroar, L50, F|100/100\n|-ability|p1b: Incineroar|Intimidate|boost\n|-unboost|p2a: Pelipper|atk|1\n|-unboost|p2b: Orthworm|atk|1\n|turn|2\n|\n|t:|1775877125\n|move|p2a: Pelipper|Protect|p2a: Pelipper\n|-singleturn|p2a: Pelipper|Protect\n|move|p1b: Incineroar|Fake Out|p2b: Orthworm\n|-resisted|p2b: Orthworm|1\n|-damage|p2b: Orthworm|97/100\n|move|p1a: Floette|Moonblast|p2a: Pelipper\n|-activate|p2a: Pelipper|move: Protect\n|cant|p2b: Orthworm|flinch\n|\n|-weather|RainDance|[upkeep]\n|-heal|p2b: Orthworm|100/100|[from] item: Leftovers\n|upkeep\n|turn|3\n|\n|t:|1775877148\n|move|p1a: Floette|Protect|p1a: Floette\n|-singleturn|p1a: Floette|Protect\n|move|p1b: Incineroar|Parting Shot|p2b: Orthworm\n|-unboost|p2b: Orthworm|atk|1\n|-unboost|p2b: Orthworm|spa|1\n|\n|t:|1775877152\n|switch|p1b: Sinistcha|Sinistcha, L50|100/100|[from] Parting Shot\n|move|p2b: Orthworm|Rock Slide|p1b: Sinistcha|[spread] p1b\n|-activate|p1a: Floette|move: Protect\n|-damage|p1b: Sinistcha|97/100\n|move|p2a: Pelipper|Weather Ball|p1b: Sinistcha\n|-resisted|p1b: Sinistcha|1\n|-damage|p1b: Sinistcha|58/100\n|\n|-weather|RainDance|[upkeep]\n|upkeep\n|turn|4\n|\n|t:|1775877171\n|switch|p2b: Incineroar|Incineroar, L50, F|100/100\n|-ability|p2b: Incineroar|Intimidate|boost\n|-unboost|p1a: Floette|atk|1\n|-unboost|p1b: Sinistcha|atk|1\n|move|p1a: Floette|Moonblast|p2a: Pelipper\n|-enditem|p2a: Pelipper|Focus Sash\n|-damage|p2a: Pelipper|1/100\n|move|p1b: Sinistcha|Strength Sap|p2b: Incineroar\n|-unboost|p2b: Incineroar|atk|1\n|-heal|p1b: Sinistcha|100/100\n|move|p2a: Pelipper|Hurricane|p1b: Sinistcha\n|-supereffective|p1b: Sinistcha|1\n|-damage|p1b: Sinistcha|0 fnt\n|faint|p1b: Sinistcha\n|\n|-weather|RainDance|[upkeep]\n|upkeep\n|\n|t:|1775877178\n|switch|p1b: Incineroar|Incineroar, L50, F|100/100\n|-ability|p1b: Incineroar|Intimidate|boost\n|-unboost|p2a: Pelipper|atk|1\n|-unboost|p2b: Incineroar|atk|1\n|turn|5\n|\n|t:|1775877193\n|move|p2a: Pelipper|Protect|p2a: Pelipper\n|-singleturn|p2a: Pelipper|Protect\n|move|p1b: Incineroar|Fake Out|p2b: Incineroar\n|-damage|p2b: Incineroar|93/100\n|cant|p2b: Incineroar|flinch\n|move|p1a: Floette|Moonblast|p2a: Pelipper\n|-activate|p2a: Pelipper|move: Protect\n|\n|-weather|none\n|upkeep\n|turn|6\n|\n|t:|1775877214\n|switch|p2a: Orthworm|Orthworm, L50, M|100/100\n|move|p1a: Floette|Moonblast|p2b: Incineroar\n|-damage|p2b: Incineroar|0 fnt\n|faint|p2b: Incineroar\n|move|p1b: Incineroar|Flare Blitz|p2a: Orthworm\n|-supereffective|p2a: Orthworm|1\n|-damage|p2a: Orthworm|43/100\n|-damage|p1b: Incineroar|84/100|[from] Recoil\n|\n|-heal|p2a: Orthworm|49/100|[from] item: Leftovers\n|upkeep\n|\n|t:|1775877223\n|switch|p2b: Pelipper|Pelipper, L50, M|1/100\n|-weather|RainDance|[from] ability: Drizzle|[of] p2b: Pelipper\n|turn|7\n|inactive|zpookydumb has 30 seconds left.\n|\n|t:|1775877248\n|move|p2b: Pelipper|Protect|p2b: Pelipper\n|-singleturn|p2b: Pelipper|Protect\n|move|p1a: Floette|Light of Ruin|p2a: Orthworm\n|-resisted|p2a: Orthworm|1\n|-damage|p2a: Orthworm|0 fnt\n|faint|p2a: Orthworm\n|-damage|p1a: Floette|72/100|[from] Recoil\n|move|p1b: Incineroar|Throat Chop|p2b: Pelipper\n|-activate|p2b: Pelipper|move: Protect\n|\n|-weather|RainDance|[upkeep]\n|upkeep\n|\n|t:|1775877254\n|switch|p2a: Blastoise|Blastoise, L50, M|100/100\n|turn|8\n|\n|t:|1775877270\n|detailschange|p2a: Blastoise|Blastoise-Mega, L50, M\n|-mega|p2a: Blastoise|Blastoise|Blastoisinite\n|move|p1a: Floette|Moonblast|p2a: Blastoise\n|-damage|p2a: Blastoise|0 fnt\n|faint|p2a: Blastoise\n|move|p1b: Incineroar|Throat Chop|p2b: Pelipper\n|-damage|p2b: Pelipper|0 fnt\n|faint|p2b: Pelipper\n|\n|win|CoachingLance\n|raw|CoachingLance's rating: 1000 &rarr; <strong>1040</strong><br />(+40 for winning)\n|raw|zpookydumb's rating: 1000 &rarr; <strong>1000</strong><br />(+0 for losing)\n|l|\u2606zpookydumb\n|player|p2|\n",
  "uploadtime": 1775877270,
  "views": 46,
  "formatid": "gen9championsvgc2026regma",
  "rating": 1000,
  "private": 0,
  "password": null
}