{
  "id": "gen9championsvgc2026regma-2586605133",
  "format": "[Gen 9 Champions] VGC 2026 Reg M-A",
  "players": [
    "firjiwater",
    "your ol' chum wads"
  ],
  "log": "|j|\u2606firjiwater\n|j|\u2606your ol' chum wads\n|t:|1776446263\n|gametype|doubles\n|player|p1|firjiwater|cheryl|1072\n|player|p2|your ol' chum wads|170|1000\n|gen|9\n|tier|[Gen 9 Champions] VGC 2026 Reg M-A\n|rated|\n|rule|Species Clause: Limit one of each Pok\u00e9mon\n|rule|Item Clause: Limit 1 of each item\n|clearpoke\n|poke|p1|Primarina, L50, M|\n|poke|p1|Garchomp, L50, F|\n|poke|p1|Talonflame, L50, F|\n|poke|p1|Rotom-Wash, L50|\n|poke|p1|Incineroar, L50, F|\n|poke|p1|Sinistcha, L50|\n|poke|p2|Alcremie, L50, F|\n|poke|p2|Charizard, L50, F|\n|poke|p2|Venusaur, L50, F|\n|poke|p2|Sneasler, L50, F|\n|poke|p2|Dragonite, L50, M|\n|poke|p2|Lycanroc-Dusk, L50, M|\n|teampreview|4\n|\n|t:|1776446284\n|teamsize|p1|4\n|teamsize|p2|4\n|start\n|switch|p1a: Earth Nation|Garchomp, L50, F|100/100\n|switch|p1b: Katara|Rotom-Wash, L50|100/100\n|switch|p2a: Alcremie|Alcremie, L50, F|100/100\n|switch|p2b: Dragonite|Dragonite, L50, M|100/100\n|turn|1\n|\n|t:|1776446303\n|move|p1a: Earth Nation|Rock Slide|p2b: Dragonite|[spread] p2a,p2b\n|-supereffective|p2b: Dragonite|1\n|-damage|p2a: Alcremie|76/100\n|-damage|p2b: Dragonite|79/100\n|move|p1b: Katara|Hydro Pump|p2a: Alcremie\n|-damage|p2a: Alcremie|36/100\n|move|p2b: Dragonite|Tailwind|p2b: Dragonite\n|-sidestart|p2: your ol' chum wads|move: Tailwind\n|move|p2a: Alcremie|Decorate|p2b: Dragonite\n|-boost|p2b: Dragonite|atk|2\n|-boost|p2b: Dragonite|spa|2\n|\n|-heal|p2b: Dragonite|85/100|[from] item: Leftovers\n|upkeep\n|turn|2\n|\n|t:|1776446333\n|switch|p2a: Venusaur|Venusaur, L50, F|100/100\n|move|p2b: Dragonite|Ice Punch|p1a: Earth Nation\n|-supereffective|p1a: Earth Nation|2\n|-damage|p1a: Earth Nation|0 fnt\n|-damage|p2b: Dragonite|73/100|[from] ability: Rough Skin|[of] p1a: Earth Nation\n|faint|p1a: Earth Nation\n|move|p1b: Katara|Volt Switch|p2b: Dragonite\n|-damage|p2b: Dragonite|47/100\n|\n|t:|1776446346\n|switch|p1b: Fire Nation|Incineroar, L50, F|100/100|[from] Volt Switch\n|-ability|p1b: Fire Nation|Intimidate|boost\n|-unboost|p2a: Venusaur|atk|1\n|-unboost|p2b: Dragonite|atk|1\n|\n|-heal|p2b: Dragonite|54/100|[from] item: Leftovers\n|upkeep\n|\n|t:|1776446361\n|switch|p1a: Katara|Rotom-Wash, L50|100/100\n|turn|3\n|\n|t:|1776446376\n|move|p2a: Venusaur|Protect|p2a: Venusaur\n|-singleturn|p2a: Venusaur|Protect\n|move|p2b: Dragonite|Sunny Day|p2b: Dragonite\n|-weather|SunnyDay\n|move|p1a: Katara|Hydro Pump|p2b: Dragonite|[miss]\n|-miss|p1a: Katara|p2b: Dragonite\n|move|p1b: Fire Nation|Darkest Lariat|p2b: Dragonite\n|-damage|p2b: Dragonite|0 fnt\n|faint|p2b: Dragonite\n|\n|-weather|SunnyDay|[upkeep]\n|upkeep\n|\n|t:|1776446390\n|switch|p2b: Alcremie|Alcremie, L50, F|36/100\n|turn|4\n|\n|t:|1776446405\n|move|p2a: Venusaur|Earth Power|p1b: Fire Nation\n|-supereffective|p1b: Fire Nation|1\n|-damage|p1b: Fire Nation|48/100\n|move|p2b: Alcremie|Decorate|p2a: Venusaur\n|-boost|p2a: Venusaur|atk|2\n|-boost|p2a: Venusaur|spa|2\n|move|p1a: Katara|Hydro Pump|p2b: Alcremie|[miss]\n|-miss|p1a: Katara|p2b: Alcremie\n|move|p1b: Fire Nation|Flare Blitz|p2a: Venusaur\n|-supereffective|p2a: Venusaur|1\n|-damage|p2a: Venusaur|0 fnt\n|faint|p2a: Venusaur\n|-damage|p1b: Fire Nation|23/100|[from] Recoil\n|\n|-weather|SunnyDay|[upkeep]\n|-sideend|p2: your ol' chum wads|move: Tailwind\n|upkeep\n|\n|t:|1776446423\n|switch|p2a: Charizard|Charizard, L50, F|100/100\n|turn|5\n|\n|t:|1776446439\n|detailschange|p2a: Charizard|Charizard-Mega-Y, L50, F\n|-mega|p2a: Charizard|Charizard|Charizardite Y\n|move|p2a: Charizard|Protect|p2a: Charizard\n|-singleturn|p2a: Charizard|Protect\n|move|p1a: Katara|Volt Switch|p2a: Charizard\n|-activate|p2a: Charizard|move: Protect\n|move|p2b: Alcremie|Decorate|p2a: Charizard\n|-boost|p2a: Charizard|atk|2\n|-boost|p2a: Charizard|spa|2\n|move|p1b: Fire Nation|Parting Shot|p2a: Charizard\n|-activate|p2a: Charizard|move: Protect\n|\n|-weather|SunnyDay|[upkeep]\n|upkeep\n|turn|6\n|\n|t:|1776446462\n|move|p2a: Charizard|Heat Wave|p1a: Katara|[spread] p1a\n|-miss|p2a: Charizard|p1b: Fire Nation\n|-resisted|p1a: Katara|1\n|-damage|p1a: Katara|34/100\n|-status|p1a: Katara|brn\n|move|p1a: Katara|Volt Switch|p2a: Charizard\n|-supereffective|p2a: Charizard|1\n|-damage|p2a: Charizard|49/100\n|\n|t:|1776446470\n|switch|p1a: Water Nation|Primarina, L50, M|100/100|[from] Volt Switch\n|move|p2b: Alcremie|Decorate|p2a: Charizard\n|-boost|p2a: Charizard|atk|2\n|-boost|p2a: Charizard|spa|2\n|move|p1b: Fire Nation|Parting Shot|p2a: Charizard\n|-unboost|p2a: Charizard|atk|1\n|-unboost|p2a: Charizard|spa|1\n|\n|t:|1776446481\n|switch|p1b: Katara|Rotom-Wash, L50|34/100 brn|[from] Parting Shot\n|\n|-weather|SunnyDay|[upkeep]\n|-heal|p1b: Katara|40/100 brn|[from] item: Leftovers\n|-damage|p1b: Katara|34/100 brn|[from] brn\n|upkeep\n|turn|7\n|\n|t:|1776446502\n|switch|p1b: Fire Nation|Incineroar, L50, F|23/100\n|-ability|p1b: Fire Nation|Intimidate|boost\n|-unboost|p2a: Charizard|atk|1\n|-unboost|p2b: Alcremie|atk|1\n|move|p1a: Water Nation|Protect|p1a: Water Nation\n|-singleturn|p1a: Water Nation|Protect\n|move|p2a: Charizard|Heat Wave|p1a: Water Nation|[spread] p1b\n|-activate|p1a: Water Nation|move: Protect\n|-resisted|p1b: Fire Nation|1\n|-damage|p1b: Fire Nation|0 fnt\n|faint|p1b: Fire Nation\n|move|p2b: Alcremie|Solar Beam||[still]\n|-prepare|p2b: Alcremie|Solar Beam\n|-anim|p2b: Alcremie|Solar Beam|p1a: Water Nation\n|-activate|p1a: Water Nation|move: Protect\n|\n|-weather|none\n|upkeep\n|\n|t:|1776446516\n|switch|p1b: Katara|Rotom-Wash, L50|34/100 brn\n|turn|8\n|\n|t:|1776446534\n|move|p2a: Charizard|Heat Wave|p1b: Katara|[spread] p1a,p1b\n|-resisted|p1a: Water Nation|1\n|-resisted|p1b: Katara|1\n|-damage|p1a: Water Nation|51/100\n|-damage|p1b: Katara|0 fnt\n|faint|p1b: Katara\n|move|p2b: Alcremie|Decorate|p2a: Charizard\n|-boost|p2a: Charizard|atk|2\n|-boost|p2a: Charizard|spa|2\n|move|p1a: Water Nation|Hyper Voice|p2b: Alcremie|[spread] p2a,p2b\n|-supereffective|p2a: Charizard|1\n|-damage|p2a: Charizard|0 fnt\n|-damage|p2b: Alcremie|0 fnt\n|faint|p2a: Charizard\n|faint|p2b: Alcremie\n|\n|win|firjiwater\n|raw|firjiwater's rating: 1072 &rarr; <strong>1095</strong><br />(+23 for winning)\n|raw|your ol&apos; chum wads's rating: 1000 &rarr; <strong>1000</strong><br />(+0 for losing)\n|l|\u2606your ol' chum wads\n|player|p2|\n",
  "uploadtime": 1776446554,
  "views": 36,
  "formatid": "gen9championsvgc2026regma",
  "rating": 1000,
  "private": 0,
  "password": null
}