{
  "id": "gen9championsvgc2026regma-2585002453",
  "format": "[Gen 9 Champions] VGC 2026 Reg M-A",
  "players": [
    "Missed Ledgedash",
    "acorder21"
  ],
  "log": "|j|\u2606Missed Ledgedash\n|j|\u2606acorder21\n|t:|1776302317\n|gametype|doubles\n|player|p1|Missed Ledgedash|juan-gen3|1258\n|player|p2|acorder21|veteran|1335\n|gen|9\n|tier|[Gen 9 Champions] VGC 2026 Reg M-A\n|rated|\n|rule|Species Clause: Limit one of each Pok\u00e9mon\n|rule|Item Clause: Limit 1 of each item\n|clearpoke\n|poke|p1|Incineroar, L50, M|\n|poke|p1|Gengar, L50, F|\n|poke|p1|Gyarados, L50, F|\n|poke|p1|Tyranitar, L50, F|\n|poke|p1|Sneasler, L50, M|\n|poke|p1|Excadrill, L50, F|\n|poke|p2|Charizard, L50, M|\n|poke|p2|Sneasler, L50, M|\n|poke|p2|Venusaur, L50, F|\n|poke|p2|Whimsicott, L50, F|\n|poke|p2|Kingambit, L50, F|\n|poke|p2|Weavile, L50, F|\n|teampreview|4\nacorder21 rejected open team sheets.\n|inactive|Battle timer is ON: inactive players will automatically lose when time's up. (requested by acorder21)\n|\n|t:|1776302395\n|teamsize|p1|4\n|teamsize|p2|4\n|start\n|switch|p1a: Gyarados|Gyarados, L50, F|100/100\n|switch|p1b: Tyranitar|Tyranitar, L50, F|100/100\n|switch|p2a: Weavile|Weavile, L50, F|100/100\n|switch|p2b: Sneasler|Sneasler, L50, M|100/100\n|-ability|p2a: Weavile|Pressure\n|-ability|p1a: Gyarados|Intimidate|boost\n|-unboost|p2a: Weavile|atk|1\n|-unboost|p2b: Sneasler|atk|1\n|-weather|Sandstorm|[from] ability: Sand Stream|[of] p1b: Tyranitar\n|-enditem|p2b: Sneasler|White Herb\n|-clearnegativeboost|p2b: Sneasler|[silent]\n|turn|1\n|inactive|acorder21 has 30 seconds left.\n|\n|t:|1776302423\n|move|p1b: Tyranitar|Protect|p1b: Tyranitar\n|-singleturn|p1b: Tyranitar|Protect\n|move|p2a: Weavile|Fake Out|p1a: Gyarados\n|-damage|p1a: Gyarados|90/100\n|move|p2b: Sneasler|Close Combat|p1b: Tyranitar\n|-activate|p1b: Tyranitar|move: Protect\n|cant|p1a: Gyarados|flinch\n|\n|-weather|Sandstorm|[upkeep]\n|-damage|p2b: Sneasler|95/100|[from] Sandstorm\n|-damage|p2a: Weavile|94/100|[from] Sandstorm\n|-damage|p1a: Gyarados|84/100|[from] Sandstorm\n|upkeep\n|turn|2\n|inactive|Missed Ledgedash has 30 seconds left.\n|\n|t:|1776302458\n|switch|p1b: Sneasler|Sneasler, L50, M|100/100\n|move|p2b: Sneasler|Close Combat|p1b: Sneasler\n|-resisted|p1b: Sneasler|1\n|-damage|p1b: Sneasler|46/100\n|-unboost|p2b: Sneasler|def|1\n|-unboost|p2b: Sneasler|spd|1\n|move|p2a: Weavile|Triple Axel|p1a: Gyarados|[miss]\n|-miss|p2a: Weavile|p1a: Gyarados\n|move|p1a: Gyarados|Thunder Wave|p2b: Sneasler\n|-status|p2b: Sneasler|par\n|\n|-weather|Sandstorm|[upkeep]\n|-damage|p1b: Sneasler|40/100|[from] Sandstorm\n|-damage|p2a: Weavile|88/100|[from] Sandstorm\n|-damage|p2b: Sneasler|89/100 par|[from] Sandstorm\n|-damage|p1a: Gyarados|78/100|[from] Sandstorm\n|upkeep\n|turn|3\n|inactive|acorder21 has 30 seconds left.\n|inactive|acorder21 has 20 seconds left.\n|inactive|acorder21 has 15 seconds left.\n|\n|t:|1776302498\n|switch|p2a: Venusaur|Venusaur, L50, F|100/100\n|switch|p2b: Charizard|Charizard, L50, M, shiny|100/100\n|move|p1b: Sneasler|Close Combat|p2a: Venusaur\n|-resisted|p2a: Venusaur|1\n|-damage|p2a: Venusaur|58/100\n|-unboost|p1b: Sneasler|def|1\n|-unboost|p1b: Sneasler|spd|1\n|-enditem|p1b: Sneasler|White Herb\n|-clearnegativeboost|p1b: Sneasler|[silent]\n|move|p1a: Gyarados|Waterfall|p2b: Charizard\n|-supereffective|p2b: Charizard|1\n|-damage|p2b: Charizard|10/100\n|\n|-weather|Sandstorm|[upkeep]\n|-damage|p1b: Sneasler|34/100|[from] Sandstorm\n|-damage|p1a: Gyarados|72/100|[from] Sandstorm\n|-damage|p2a: Venusaur|52/100|[from] Sandstorm\n|-damage|p2b: Charizard|4/100|[from] Sandstorm\n|-heal|p2a: Venusaur|58/100|[from] item: Leftovers\n|upkeep\n|turn|4\n|inactive|Missed Ledgedash has 30 seconds left.\n|inactive|acorder21 has 30 seconds left.\n|inactive|acorder21 has 20 seconds left.\n|inactive|acorder21 has 15 seconds left.\n|inactive|acorder21 has 10 seconds left.\n|\n|t:|1776302548\n|detailschange|p2b: Charizard|Charizard-Mega-Y, L50, M, shiny\n|-mega|p2b: Charizard|Charizard|Charizardite Y\n|-weather|SunnyDay|[from] ability: Drought|[of] p2b: Charizard\n|move|p1b: Sneasler|Dire Claw|p2b: Charizard\n|-damage|p2b: Charizard|0 fnt\n|faint|p2b: Charizard\n|move|p2a: Venusaur|Earth Power|p1b: Sneasler\n|-supereffective|p1b: Sneasler|1\n|-damage|p1b: Sneasler|0 fnt\n|faint|p1b: Sneasler\n|move|p1a: Gyarados|Taunt|p2a: Venusaur\n|-start|p2a: Venusaur|move: Taunt\n|\n|-weather|SunnyDay|[upkeep]\n|-heal|p2a: Venusaur|64/100|[from] item: Leftovers\n|upkeep\n|\n|t:|1776302570\n|switch|p1b: Tyranitar|Tyranitar, L50, F|100/100\n|switch|p2b: Sneasler|Sneasler, L50, M|89/100 par\n|-weather|Sandstorm|[from] ability: Sand Stream|[of] p1b: Tyranitar\n|turn|5\n|\n|t:|1776302583\n|move|p1a: Gyarados|Protect|p1a: Gyarados\n|-singleturn|p1a: Gyarados|Protect\n|move|p1b: Tyranitar|Protect|p1b: Tyranitar\n|-singleturn|p1b: Tyranitar|Protect\n|move|p2a: Venusaur|Earth Power|p1b: Tyranitar\n|-activate|p1b: Tyranitar|move: Protect\n|move|p2b: Sneasler|Rock Slide|p1a: Gyarados|[spread] \n|-activate|p1a: Gyarados|move: Protect\n|-activate|p1b: Tyranitar|move: Protect\n|\n|-weather|Sandstorm|[upkeep]\n|-damage|p1a: Gyarados|66/100|[from] Sandstorm\n|-damage|p2a: Venusaur|58/100|[from] Sandstorm\n|-damage|p2b: Sneasler|83/100 par|[from] Sandstorm\n|-heal|p2a: Venusaur|64/100|[from] item: Leftovers\n|upkeep\n|turn|6\n|\n|t:|1776302605\n|detailschange|p1b: Tyranitar|Tyranitar-Mega, L50, F\n|-mega|p1b: Tyranitar|Tyranitar|Tyranitarite\n|move|p1a: Gyarados|Waterfall|p2b: Sneasler\n|-damage|p2b: Sneasler|22/100 par\n|move|p2a: Venusaur|Sludge Bomb|p1a: Gyarados\n|-damage|p1a: Gyarados|30/100\n|-status|p1a: Gyarados|psn\n|-enditem|p1a: Gyarados|Sitrus Berry|[eat]\n|-heal|p1a: Gyarados|55/100 psn|[from] item: Sitrus Berry\n|move|p1b: Tyranitar|Rock Slide|p2b: Sneasler|[spread] p2a,p2b\n|-resisted|p2b: Sneasler|1\n|-damage|p2a: Venusaur|11/100\n|-damage|p2b: Sneasler|0 fnt\n|faint|p2b: Sneasler\n|\n|-weather|Sandstorm|[upkeep]\n|-damage|p1a: Gyarados|49/100 psn|[from] Sandstorm\n|-damage|p2a: Venusaur|6/100|[from] Sandstorm\n|-heal|p2a: Venusaur|11/100|[from] item: Leftovers\n|-damage|p1a: Gyarados|37/100 psn|[from] psn\n|upkeep\n|\n|t:|1776302622\n|switch|p2b: Weavile|Weavile, L50, F|88/100\n|-ability|p2b: Weavile|Pressure\n|turn|7\n|\n|t:|1776302635\n|move|p1b: Tyranitar|Protect|p1b: Tyranitar\n|-singleturn|p1b: Tyranitar|Protect\n|move|p2b: Weavile|Fake Out|p1b: Tyranitar\n|-activate|p1b: Tyranitar|move: Protect\n|move|p1a: Gyarados|Thunder Wave|p2b: Weavile\n|-status|p2b: Weavile|par\n|move|p2a: Venusaur|Sludge Bomb|p1a: Gyarados\n|-damage|p1a: Gyarados|0 fnt\n|faint|p1a: Gyarados\n|\n|-weather|Sandstorm|[upkeep]\n|-damage|p2a: Venusaur|6/100|[from] Sandstorm\n|-damage|p2b: Weavile|82/100 par|[from] Sandstorm\n|-heal|p2a: Venusaur|11/100|[from] item: Leftovers\n|-end|p2a: Venusaur|move: Taunt\n|upkeep\n|\n|t:|1776302644\n|switch|p1a: Excadrill|Excadrill, L50, F|100/100\n|turn|8\n|inactive|acorder21 has 30 seconds left.\n|\n|t:|1776302669\n|move|p1a: Excadrill|Iron Head|p2b: Weavile\n|-supereffective|p2b: Weavile|1\n|-damage|p2b: Weavile|0 fnt\n|faint|p2b: Weavile\n|move|p2a: Venusaur|Earth Power|p1b: Tyranitar\n|-supereffective|p1b: Tyranitar|1\n|-damage|p1b: Tyranitar|73/100\n|move|p1b: Tyranitar|Rock Slide|p2a: Venusaur\n|-damage|p2a: Venusaur|0 fnt\n|faint|p2a: Venusaur\n|\n|win|Missed Ledgedash\n|raw|Missed Ledgedash's rating: 1258 &rarr; <strong>1288</strong><br />(+30 for winning)\n|raw|acorder21's rating: 1335 &rarr; <strong>1311</strong><br />(-24 for losing)\n",
  "uploadtime": 1776302670,
  "views": 26,
  "formatid": "gen9championsvgc2026regma",
  "rating": 1288,
  "private": 0,
  "password": null
}