{
  "id": "gen9championsvgc2026regma-2580806442",
  "format": "[Gen 9 Champions] VGC 2026 Reg M-A",
  "players": [
    "1%ofGamblers",
    "Gilgamon"
  ],
  "log": "|j|\u26061%ofGamblers\n|j|\u2606Gilgamon\n|t:|1775934003\n|gametype|doubles\n|player|p1|1%ofGamblers|2|1102\n|player|p2|Gilgamon|psychic-gen4|1042\n|gen|9\n|tier|[Gen 9 Champions] VGC 2026 Reg M-A\n|rated|\n|rule|Species Clause: Limit one of each Pok\u00e9mon\n|rule|Item Clause: Limit 1 of each item\n|clearpoke\n|poke|p1|Talonflame, L50, M|\n|poke|p1|Glimmora, L50, F|\n|poke|p1|Chesnaught, L50, F|\n|poke|p1|Kingambit, L50, M|\n|poke|p1|Tyranitar, L50, M|\n|poke|p1|Incineroar, L50, M|\n|poke|p2|Alakazam, L50, M|\n|poke|p2|Meowstic, L50, M|\n|poke|p2|Tyranitar, L50, F|\n|poke|p2|Feraligatr, L50, F|\n|poke|p2|Aggron, L50, F|\n|poke|p2|Empoleon, L50, M|\n|teampreview|4\n|\n|t:|1775934067\n|teamsize|p1|4\n|teamsize|p2|4\n|start\n|switch|p1a: Chesnaught|Chesnaught, L50, F|100/100\n|switch|p1b: Tyranitar|Tyranitar, L50, M|100/100\n|switch|p2a: Empoleon|Empoleon, L50, M|100/100\n|switch|p2b: Meowstic|Meowstic, L50, M|100/100\n|-weather|Sandstorm|[from] ability: Sand Stream|[of] p1b: Tyranitar\n|turn|1\n|\n|t:|1775934100\n|detailschange|p1b: Tyranitar|Tyranitar-Mega, L50, M\n|-mega|p1b: Tyranitar|Tyranitar|Tyranitarite\n|move|p1a: Chesnaught|Spiky Shield|p1a: Chesnaught\n|-singleturn|p1a: Chesnaught|move: Protect\n|move|p2b: Meowstic|Fake Out|p1a: Chesnaught\n|-activate|p1a: Chesnaught|move: Protect\n|-damage|p2b: Meowstic|89/100|[from] Spiky Shield|[of] p1a: Chesnaught\n|move|p2a: Empoleon|Vacuum Wave|p1b: Tyranitar\n|-supereffective|p1b: Tyranitar|2\n|-damage|p1b: Tyranitar|75/100\n|move|p1b: Tyranitar|Knock Off|p2b: Meowstic\n|-supereffective|p2b: Meowstic|1\n|-damage|p2b: Meowstic|0 fnt\n|-enditem|p2b: Meowstic|Mental Herb|[from] move: Knock Off|[of] p1b: Tyranitar\n|faint|p2b: Meowstic\n|\n|-weather|Sandstorm|[upkeep]\n|-damage|p1a: Chesnaught|94/100|[from] Sandstorm\n|-heal|p1a: Chesnaught|100/100|[from] item: Leftovers\n|upkeep\n|\n|t:|1775934135\n|switch|p2b: Aggron|Aggron, L50, F|100/100\n|turn|2\n|\n|t:|1775934157\n|detailschange|p2b: Aggron|Aggron-Mega, L50, F\n|-mega|p2b: Aggron|Aggron|Aggronite\n|move|p1b: Tyranitar|Protect|p1b: Tyranitar\n|-singleturn|p1b: Tyranitar|Protect\n|move|p2a: Empoleon|Vacuum Wave|p1b: Tyranitar\n|-activate|p1b: Tyranitar|move: Protect\n|move|p1a: Chesnaught|Leech Seed|p2b: Aggron\n|-start|p2b: Aggron|move: Leech Seed\n|move|p2b: Aggron|Iron Defense|p2b: Aggron\n|-boost|p2b: Aggron|def|2\n|\n|-weather|Sandstorm|[upkeep]\n|-damage|p1a: Chesnaught|94/100|[from] Sandstorm\n|-heal|p1a: Chesnaught|100/100|[from] item: Leftovers\n|-damage|p2b: Aggron|88/100|[from] Leech Seed|[of] p1a: Chesnaught\n|upkeep\n|turn|3\n|\n|t:|1775934179\n|switch|p1b: Incineroar|Incineroar, L50, M|100/100\n|-ability|p1b: Incineroar|Intimidate|boost\n|-unboost|p2a: Empoleon|atk|1\n|-ability|p2a: Empoleon|Competitive|boost\n|-boost|p2a: Empoleon|spa|2\n|-unboost|p2b: Aggron|atk|1\n|move|p1a: Chesnaught|Body Press|p2a: Empoleon\n|-supereffective|p2a: Empoleon|1\n|-damage|p2a: Empoleon|32/100\n|move|p2a: Empoleon|Flash Cannon|p1a: Chesnaught\n|-damage|p1a: Chesnaught|34/100\n|move|p2b: Aggron|Body Press|p1b: Incineroar\n|-supereffective|p1b: Incineroar|1\n|-damage|p1b: Incineroar|0 fnt\n|faint|p1b: Incineroar\n|\n|-weather|Sandstorm|[upkeep]\n|-damage|p1a: Chesnaught|28/100|[from] Sandstorm\n|-heal|p1a: Chesnaught|34/100|[from] item: Leftovers\n|-damage|p2b: Aggron|76/100|[from] Leech Seed|[of] p1a: Chesnaught\n|-heal|p1a: Chesnaught|43/100|[silent]\n|upkeep\n|\n|t:|1775934204\n|switch|p1b: Glimmora|Glimmora, L50, F|100/100\n|turn|4\n|\n|t:|1775934247\n|move|p1b: Glimmora|Earth Power|p2b: Aggron\n|-supereffective|p2b: Aggron|1\n|-damage|p2b: Aggron|27/100\n|move|p1a: Chesnaught|Body Press|p2b: Aggron\n|-supereffective|p2b: Aggron|1\n|-damage|p2b: Aggron|14/100\n|move|p2a: Empoleon|Roost|p2a: Empoleon\n|-heal|p2a: Empoleon|82/100\n|-singleturn|p2a: Empoleon|move: Roost\n|move|p2b: Aggron|Iron Head|p1a: Chesnaught\n|-damage|p1a: Chesnaught|26/100\n|\n|-weather|Sandstorm|[upkeep]\n|-damage|p1a: Chesnaught|19/100|[from] Sandstorm\n|-heal|p1a: Chesnaught|26/100|[from] item: Leftovers\n|-damage|p2b: Aggron|2/100|[from] Leech Seed|[of] p1a: Chesnaught\n|-heal|p1a: Chesnaught|35/100|[silent]\n|upkeep\n|turn|5\n|\n|t:|1775934282\n|move|p1b: Glimmora|Earth Power|p2a: Empoleon\n|-supereffective|p2a: Empoleon|1\n|-enditem|p2a: Empoleon|Shuca Berry|[eat]\n|-enditem|p2a: Empoleon|Shuca Berry|[weaken]\n|-damage|p2a: Empoleon|45/100\n|move|p1a: Chesnaught|Body Press|p2b: Aggron\n|-supereffective|p2b: Aggron|1\n|-damage|p2b: Aggron|0 fnt\n|faint|p2b: Aggron\n|move|p2a: Empoleon|Flash Cannon|p1b: Glimmora\n|-supereffective|p1b: Glimmora|1\n|-damage|p1b: Glimmora|0 fnt\n|faint|p1b: Glimmora\n|\n|-weather|none\n|-heal|p1a: Chesnaught|41/100|[from] item: Leftovers\n|upkeep\n|\n|t:|1775934297\n|switch|p1b: Tyranitar|Tyranitar-Mega, L50, M|75/100\n|switch|p2b: Tyranitar|Tyranitar, L50, F|100/100\n|-weather|Sandstorm|[from] ability: Sand Stream|[of] p2b: Tyranitar\n|turn|6\n|\n|t:|1775934353\n|move|p2b: Tyranitar|Protect|p2b: Tyranitar\n|-singleturn|p2b: Tyranitar|Protect\n|move|p1a: Chesnaught|Spiky Shield|p1a: Chesnaught\n|-singleturn|p1a: Chesnaught|move: Protect\n|move|p1b: Tyranitar|Low Kick|p2a: Empoleon\n|-supereffective|p2a: Empoleon|1\n|-crit|p2a: Empoleon\n|-damage|p2a: Empoleon|0 fnt\n|faint|p2a: Empoleon\n|\n|-weather|Sandstorm|[upkeep]\n|-damage|p1a: Chesnaught|35/100|[from] Sandstorm\n|-heal|p1a: Chesnaught|41/100|[from] item: Leftovers\n|upkeep\n|turn|7\n|\n|t:|1775934367\n|move|p2b: Tyranitar|Earthquake|p1a: Chesnaught|[spread] p1a,p1b\n|-resisted|p1a: Chesnaught|1\n|-supereffective|p1b: Tyranitar|1\n|-damage|p1a: Chesnaught|30/100\n|-damage|p1b: Tyranitar|37/100\n|move|p1b: Tyranitar|Low Kick|p2b: Tyranitar\n|-supereffective|p2b: Tyranitar|2\n|-enditem|p2b: Tyranitar|Chople Berry|[eat]\n|-enditem|p2b: Tyranitar|Chople Berry|[weaken]\n|-damage|p2b: Tyranitar|10/100\n|move|p1a: Chesnaught|Body Press|p2b: Tyranitar\n|-supereffective|p2b: Tyranitar|2\n|-damage|p2b: Tyranitar|0 fnt\n|faint|p2b: Tyranitar\n|\n|win|1%ofGamblers\n|raw|1%ofGamblers's rating: 1102 &rarr; <strong>1123</strong><br />(+21 for winning)\n|raw|Gilgamon's rating: 1042 &rarr; <strong>1028</strong><br />(-14 for losing)\n",
  "uploadtime": 1775934379,
  "views": 12,
  "formatid": "gen9championsvgc2026regma",
  "rating": 1028,
  "private": 0,
  "password": null
}