{
  "id": "gen9championsvgc2026regma-2587955665",
  "format": "[Gen 9 Champions] VGC 2026 Reg M-A",
  "players": [
    "DrDauntless",
    "UltiProfRy"
  ],
  "log": "|j|\u2606DrDauntless\n|j|\u2606UltiProfRy\n|t:|1776584419\n|gametype|doubles\n|player|p1|DrDauntless|pokemonbreeder-gen4|\n|player|p2|UltiProfRy|depotagent|\n|gen|9\n|tier|[Gen 9 Champions] VGC 2026 Reg M-A\n|rule|Species Clause: Limit one of each Pok\u00e9mon\n|rule|Item Clause: Limit 1 of each item\n|clearpoke\n|poke|p1|Aggron, L50, F|\n|poke|p1|Alakazam, L50, F|\n|poke|p1|Golurk, L50, shiny|\n|poke|p1|Incineroar, L50, M|\n|poke|p1|Espathra, L50, M, shiny|\n|poke|p1|Sinistcha-Masterpiece, L50|\n|poke|p2|Pelipper, L50, F|\n|poke|p2|Feraligatr, L50, M|\n|poke|p2|Sneasler, L50, M|\n|poke|p2|Archaludon, L50, F|\n|poke|p2|Sinistcha, L50|\n|poke|p2|Volcarona, L50, F|\n|teampreview|4\nUltiProfRy has agreed to open team sheets.\nDrDauntless has agreed to open team sheets.\n|showteam|p1|Aggron||Aggronite|Sturdy|BodyPress,HeavySlam,RockSlide,Protect|||F|||50|]Alakazam||FocusSash|InnerFocus|SpeedSwap,Protect,Psychic,LightScreen|||F|||50|]Golurk||Golurkite|IronFist|Earthquake,DrainPunch,ShadowPunch,Protect||||||50|]Incineroar||SitrusBerry|Intimidate|PartingShot,FakeOut,BrickBreak,Protect|||M|||50|]Espathra||MentalHerb|SpeedBoost|BatonPass,SkillSwap,Substitute,Psychic|||M|||50|]Sinistcha-Masterpiece||Leftovers|Hospitality|Protect,MatchaGotcha,StrengthSap,RagePowder||||||50|\n|showteam|p2|Pelipper||MentalHerb|Drizzle|Roost,Tailwind,Uturn,KnockOff|||F|||50|]Feraligatr||Feraligite|Torrent|Liquidation,DragonDance,DoubleEdge,ChillingWater|||M|||50|]Sneasler||ChoiceScarf|PoisonTouch|DireClaw,CloseCombat,ThroatChop,RockSlide|||M|||50|]Archaludon||Magnet|Stalwart|DracoMeteor,ElectroShot,FlashCannon,AuraSphere|||F|||50|]Sinistcha||FocusSash|Hospitality|StrengthSap,MatchaGotcha,Hex,Scald||||||50|]Volcarona||SharpBeak|FlameBody|Tailwind,QuiverDance,RagePowder,Hurricane|||F|||50|\n|\n|t:|1776584491\n|teamsize|p1|4\n|teamsize|p2|4\n|start\n|switch|p1a: Golurk|Golurk, L50, shiny|100/100\n|switch|p1b: Espathra|Espathra, L50, M, shiny|100/100\n|switch|p2a: Pelipper|Pelipper, L50, F|100/100\n|switch|p2b: Sneasler|Sneasler, L50, M|100/100\n|-weather|RainDance|[from] ability: Drizzle|[of] p2a: Pelipper\n|turn|1\n|\n|t:|1776584507\n|switch|p2b: Sinistcha|Sinistcha, L50|100/100\n|move|p1a: Golurk|Protect|p1a: Golurk\n|-singleturn|p1a: Golurk|Protect\n|move|p1b: Espathra|Substitute|p1b: Espathra\n|-start|p1b: Espathra|Substitute\n|-damage|p1b: Espathra|76/100\n|move|p2a: Pelipper|Knock Off|p1b: Espathra\n|-supereffective|p1b: Espathra|1\n|-end|p1b: Espathra|Substitute\n|\n|-weather|RainDance|[upkeep]\n|-ability|p1b: Espathra|Speed Boost|boost\n|-boost|p1b: Espathra|spe|1\n|upkeep\n|turn|2\n|\n|t:|1776584531\n|move|p1b: Espathra|Psychic|p2a: Pelipper\n|-damage|p2a: Pelipper|57/100\n|move|p2a: Pelipper|Tailwind|p2a: Pelipper\n|-sidestart|p2: UltiProfRy|move: Tailwind\n|move|p2b: Sinistcha|Matcha Gotcha|p1b: Espathra|[spread] p1a,p1b\n|-supereffective|p1a: Golurk|1\n|-damage|p1a: Golurk|38/100\n|-damage|p1b: Espathra|37/100\n|move|p1a: Golurk|Shadow Punch|p2b: Sinistcha\n|-supereffective|p2b: Sinistcha|1\n|-damage|p2b: Sinistcha|29/100\n|\n|-weather|RainDance|[upkeep]\n|-ability|p1b: Espathra|Speed Boost|boost\n|-boost|p1b: Espathra|spe|1\n|upkeep\n|turn|3\n|\n|t:|1776584556\n|move|p1a: Golurk|Protect|p1a: Golurk\n|-singleturn|p1a: Golurk|Protect\n|move|p1b: Espathra|Baton Pass|p1b: Espathra\n|\n|t:|1776584560\n|switch|p1b: Aggron|Aggron, L50, F|100/100|[from] Baton Pass\n|move|p2a: Pelipper|Roost|p2a: Pelipper\n|-heal|p2a: Pelipper|100/100\n|-singleturn|p2a: Pelipper|move: Roost\n|move|p2b: Sinistcha|Strength Sap|p1a: Golurk\n|-activate|p1a: Golurk|move: Protect\n|\n|-weather|RainDance|[upkeep]\n|upkeep\n|turn|4\n|\n|t:|1776584590\n|switch|p1a: Alakazam|Alakazam, L50, F|100/100\n|detailschange|p1b: Aggron|Aggron-Mega, L50, F\n|-mega|p1b: Aggron|Aggron|Aggronite\n|move|p2a: Pelipper|U-turn|p1b: Aggron\n|-resisted|p1b: Aggron|1\n|-damage|p1b: Aggron|98/100\n|\n|t:|1776584603\n|switch|p2a: Sneasler|Sneasler, L50, M|100/100|[from] U-turn\n|move|p2b: Sinistcha|Strength Sap|p1a: Alakazam\n|-unboost|p1a: Alakazam|atk|1\n|-heal|p2b: Sinistcha|64/100\n|move|p1b: Aggron|Rock Slide|p2a: Sneasler|[spread] p2a\n|-miss|p1b: Aggron|p2b: Sinistcha\n|-resisted|p2a: Sneasler|1\n|-damage|p2a: Sneasler|83/100\n|\n|-weather|RainDance|[upkeep]\n|upkeep\n|turn|5\n|\n|t:|1776584628\n|switch|p2a: Pelipper|Pelipper, L50, F|100/100\n|move|p2b: Sinistcha|Matcha Gotcha|p1a: Alakazam|[spread] p1a,p1b\n|-resisted|p1b: Aggron|1\n|-damage|p1a: Alakazam|63/100\n|-heal|p2b: Sinistcha|78/100|[from] drain|[of] p1a: Alakazam\n|-damage|p1b: Aggron|84/100\n|-heal|p2b: Sinistcha|84/100|[from] drain|[of] p1b: Aggron\n|move|p1a: Alakazam|Speed Swap|p1b: Aggron\n|-activate|p1a: Alakazam|move: Speed Swap|[of] p1b: Aggron\n|move|p1b: Aggron|Heavy Slam|p2a: Pelipper\n|-resisted|p2a: Pelipper|1\n|-damage|p2a: Pelipper|68/100\n|\n|-weather|none\n|-sideend|p2: UltiProfRy|move: Tailwind\n|upkeep\n|turn|6\n|\n|t:|1776584656\n|switch|p1a: Espathra|Espathra, L50, M, shiny|37/100\n|move|p1b: Aggron|Rock Slide|p2b: Sinistcha|[spread] p2a,p2b\n|-supereffective|p2a: Pelipper|1\n|-damage|p2a: Pelipper|30/100\n|-damage|p2b: Sinistcha|64/100\n|move|p2a: Pelipper|Tailwind|p2a: Pelipper\n|-sidestart|p2: UltiProfRy|move: Tailwind\n|cant|p2b: Sinistcha|flinch\n|\n|upkeep\n|turn|7\n|\n|t:|1776584676\n|move|p1b: Aggron|Rock Slide|p2a: Pelipper|[spread] p2a,p2b\n|-supereffective|p2a: Pelipper|1\n|-damage|p2a: Pelipper|0 fnt\n|-damage|p2b: Sinistcha|45/100\n|faint|p2a: Pelipper\n|move|p2b: Sinistcha|Matcha Gotcha|p1a: Espathra|[spread] p1a,p1b\n|-resisted|p1b: Aggron|1\n|-damage|p1a: Espathra|0 fnt\n|-heal|p2b: Sinistcha|66/100|[from] drain|[of] p1a: Espathra\n|-damage|p1b: Aggron|69/100\n|-heal|p2b: Sinistcha|72/100|[from] drain|[of] p1b: Aggron\n|faint|p1a: Espathra\n|\n|upkeep\n|\n|t:|1776584693\n|switch|p1a: Alakazam|Alakazam, L50, F|63/100\n|switch|p2a: Sneasler|Sneasler, L50, M|83/100\n|turn|8\n|\n|t:|1776584712\n|move|p1b: Aggron|Protect|p1b: Aggron\n|-singleturn|p1b: Aggron|Protect\n|move|p1a: Alakazam|Protect|p1a: Alakazam\n|-singleturn|p1a: Alakazam|Protect\n|move|p2a: Sneasler|Throat Chop|p1a: Alakazam\n|-activate|p1a: Alakazam|move: Protect\n|move|p2b: Sinistcha|Scald|p1b: Aggron\n|-activate|p1b: Aggron|move: Protect\n|\n|upkeep\n|turn|9\n|\n|t:|1776584754\n|move|p2a: Sneasler|Throat Chop|p1a: Alakazam\n|-supereffective|p1a: Alakazam|1\n|-damage|p1a: Alakazam|0 fnt\n|faint|p1a: Alakazam\n|move|p1b: Aggron|Heavy Slam|p2a: Sneasler\n|-damage|p2a: Sneasler|0 fnt\n|faint|p2a: Sneasler\n|move|p2b: Sinistcha|Matcha Gotcha|p1b: Aggron\n|-resisted|p1b: Aggron|1\n|-damage|p1b: Aggron|47/100\n|-heal|p2b: Sinistcha|81/100|[from] drain|[of] p1b: Aggron\n|\n|-sideend|p2: UltiProfRy|move: Tailwind\n|upkeep\n|\n|t:|1776584770\n|switch|p1a: Golurk|Golurk, L50, shiny|38/100\n|switch|p2a: Archaludon|Archaludon, L50, F|100/100\n|turn|10\n|\n|t:|1776584790\n|move|p1b: Aggron|Body Press|p2a: Archaludon\n|-supereffective|p2a: Archaludon|1\n|-damage|p2a: Archaludon|39/100\n|move|p2b: Sinistcha|Matcha Gotcha|p1a: Golurk|[spread] p1a,p1b\n|-supereffective|p1a: Golurk|1\n|-resisted|p1b: Aggron|1\n|-damage|p1a: Golurk|0 fnt\n|-heal|p2b: Sinistcha|100/100|[from] drain|[of] p1a: Golurk\n|-damage|p1b: Aggron|32/100\n|faint|p1a: Golurk\n|move|p2a: Archaludon|Aura Sphere|p1b: Aggron\n|-supereffective|p1b: Aggron|1\n|-damage|p1b: Aggron|0 fnt\n|faint|p1b: Aggron\n|\n|win|UltiProfRy\n|l|\u2606DrDauntless\n|player|p1|\n",
  "uploadtime": 1776584835,
  "views": 9,
  "formatid": "gen9championsvgc2026regma",
  "rating": null,
  "private": 0,
  "password": null
}