{
  "id": "gen9championsvgc2026regma-2588777877",
  "format": "[Gen 9 Champions] VGC 2026 Reg M-A",
  "players": [
    "VenVGC",
    "25th_mang"
  ],
  "log": "|j|\u2606VenVGC\n|j|\u260625th_mang\n|t:|1776669540\n|gametype|doubles\n|player|p1|VenVGC|265|1224\n|player|p2|25th_mang|ballguy|1321\n|gen|9\n|tier|[Gen 9 Champions] VGC 2026 Reg M-A\n|rated|\n|rule|Species Clause: Limit one of each Pok\u00e9mon\n|rule|Item Clause: Limit 1 of each item\n|clearpoke\n|poke|p1|Froslass, L50, F|\n|poke|p1|Milotic, L50, M|\n|poke|p1|Aerodactyl, L50, F|\n|poke|p1|Sinistcha, L50|\n|poke|p1|Incineroar, L50, F|\n|poke|p1|Sableye, L50, M|\n|poke|p2|Crabominable, L50, M|\n|poke|p2|Farigiraf, L50, F|\n|poke|p2|Incineroar, L50, M|\n|poke|p2|Archaludon, L50, M|\n|poke|p2|Pelipper, L50, F|\n|poke|p2|Sinistcha, L50|\n|teampreview|4\n|inactive|Battle timer is ON: inactive players will automatically lose when time's up. (requested by 25th_mang)\n|inactive|VenVGC has 60 seconds left.\n|\n|t:|1776669593\n|teamsize|p1|4\n|teamsize|p2|4\n|start\n|switch|p1a: Milotic|Milotic, L50, M|100/100\n|switch|p1b: Froslass|Froslass, L50, F|100/100\n|switch|p2a: Flip|Farigiraf, L50, F|100/100\n|switch|p2b: Hockey Reference|Crabominable, L50, M|100/100\n|turn|1\n|\n|t:|1776669612\n|detailschange|p1b: Froslass|Froslass-Mega, L50, F\n|-mega|p1b: Froslass|Froslass|Froslassite\n|-weather|Snowscape|[from] ability: Snow Warning|[of] p1b: Froslass\n|detailschange|p2b: Hockey Reference|Crabominable-Mega, L50, M\n|-mega|p2b: Hockey Reference|Crabominable|Crabominite\n|move|p1b: Froslass|Aurora Veil|p1b: Froslass\n|-sidestart|p1: VenVGC|move: Aurora Veil\n|move|p1a: Milotic|Coil|p1a: Milotic\n|-boost|p1a: Milotic|atk|1\n|-boost|p1a: Milotic|def|1\n|-boost|p1a: Milotic|accuracy|1\n|move|p2b: Hockey Reference|Thunder Punch|p1a: Milotic\n|-supereffective|p1a: Milotic|1\n|-damage|p1a: Milotic|67/100\n|-status|p1a: Milotic|par\n|move|p2a: Flip|Trick Room|p2a: Flip\n|-fieldstart|move: Trick Room|[of] p2a: Flip\n|\n|-weather|Snowscape|[upkeep]\n|upkeep\n|turn|2\n|inactive|25th_mang has 30 seconds left.\n|\n|t:|1776669642\n|switch|p1b: Sinistcha|Sinistcha, L50|100/100\n|-heal|p1a: Milotic|91/100 par|[from] ability: Hospitality|[of] p1b: Sinistcha\n|move|p2a: Flip|Helping Hand|p2b: Hockey Reference\n|-singleturn|p2b: Hockey Reference|Helping Hand|[of] p2a: Flip\n|move|p2b: Hockey Reference|Thunder Punch|p1a: Milotic\n|-supereffective|p1a: Milotic|1\n|-damage|p1a: Milotic|38/100 par\n|move|p1a: Milotic|Hypnosis|p2b: Hockey Reference\n|-status|p2b: Hockey Reference|slp|[from] move: Hypnosis\n|\n|-weather|Snowscape|[upkeep]\n|upkeep\n|turn|3\n|\n|t:|1776669666\n|move|p2a: Flip|Helping Hand|p2b: Hockey Reference\n|-singleturn|p2b: Hockey Reference|Helping Hand|[of] p2a: Flip\n|cant|p2b: Hockey Reference|slp\n|move|p1a: Milotic|Coil|p1a: Milotic\n|-boost|p1a: Milotic|atk|1\n|-boost|p1a: Milotic|def|1\n|-boost|p1a: Milotic|accuracy|1\n|move|p1b: Sinistcha|Life Dew||[still]|[spread] p1a,p1b\n|-heal|p1a: Milotic|63/100 par\n|-fail|p1b: Sinistcha|heal\n|\n|-weather|Snowscape|[upkeep]\n|upkeep\n|turn|4\n|\n|t:|1776669687\n|move|p2a: Flip|Helping Hand|p2b: Hockey Reference\n|-singleturn|p2b: Hockey Reference|Helping Hand|[of] p2a: Flip\n|-curestatus|p2b: Hockey Reference|slp|[msg]\n|move|p2b: Hockey Reference|Ice Hammer|p1b: Sinistcha\n|-supereffective|p1b: Sinistcha|1\n|-damage|p1b: Sinistcha|0 fnt\n|-unboost|p2b: Hockey Reference|spe|1\n|faint|p1b: Sinistcha\n|move|p1a: Milotic|Scald|p2b: Hockey Reference\n|-damage|p2b: Hockey Reference|78/100\n|\n|-weather|Snowscape|[upkeep]\n|upkeep\n|\n|t:|1776669702\n|switch|p1b: Aerodactyl|Aerodactyl, L50, F|100/100\n|-ability|p1b: Aerodactyl|Unnerve\n|turn|5\n|inactive|25th_mang has 30 seconds left.\n|\n|t:|1776669734\n|move|p2b: Hockey Reference|Ice Hammer|p1b: Aerodactyl\n|-supereffective|p1b: Aerodactyl|1\n|-damage|p1b: Aerodactyl|0 fnt\n|-unboost|p2b: Hockey Reference|spe|1\n|faint|p1b: Aerodactyl\n|cant|p1a: Milotic|par\n|move|p2a: Flip|Hyper Voice|p1a: Milotic\n|-damage|p1a: Milotic|47/100 par\n|\n|-weather|none\n|-sideend|p1: VenVGC|move: Aurora Veil\n|-fieldend|move: Trick Room\n|upkeep\n|\n|t:|1776669753\n|switch|p1b: Froslass|Froslass-Mega, L50, F|100/100\n|-weather|Snowscape|[from] ability: Snow Warning|[of] p1b: Froslass\n|turn|6\n|\n|t:|1776669765\n|move|p2b: Hockey Reference|Protect|p2b: Hockey Reference\n|-singleturn|p2b: Hockey Reference|Protect\n|move|p1b: Froslass|Aurora Veil|p1b: Froslass\n|-sidestart|p1: VenVGC|move: Aurora Veil\n|cant|p1a: Milotic|par\n|move|p2a: Flip|Trick Room|p2a: Flip\n|-fieldstart|move: Trick Room|[of] p2a: Flip\n|\n|-weather|Snowscape|[upkeep]\n|upkeep\n|turn|7\n|\n|t:|1776669786\n|move|p2a: Flip|Helping Hand|p2b: Hockey Reference\n|-singleturn|p2b: Hockey Reference|Helping Hand|[of] p2a: Flip\n|move|p2b: Hockey Reference|Thunder Punch|p1a: Milotic\n|-supereffective|p1a: Milotic|1\n|-damage|p1a: Milotic|8/100 par\n|move|p1a: Milotic|Life Dew||[still]|[spread] p1a,p1b\n|-heal|p1a: Milotic|34/100 par\n|-fail|p1b: Froslass|heal\n|move|p1b: Froslass|Shadow Ball|p2b: Hockey Reference\n|-damage|p2b: Hockey Reference|42/100\n|\n|-weather|Snowscape|[upkeep]\n|upkeep\n|turn|8\n|\n|t:|1776669806\n|move|p2a: Flip|Helping Hand|p2b: Hockey Reference\n|-singleturn|p2b: Hockey Reference|Helping Hand|[of] p2a: Flip\n|move|p2b: Hockey Reference|Thunder Punch|p1a: Milotic\n|-supereffective|p1a: Milotic|1\n|-damage|p1a: Milotic|0 fnt\n|faint|p1a: Milotic\n|move|p1b: Froslass|Disable|p2b: Hockey Reference\n|-start|p2b: Hockey Reference|Disable|Thunder Punch\n|\n|-weather|Snowscape|[upkeep]\n|upkeep\n|turn|9\n|\n|t:|1776669823\n|move|p2a: Flip|Helping Hand|p2b: Hockey Reference\n|-singleturn|p2b: Hockey Reference|Helping Hand|[of] p2a: Flip\n|move|p2b: Hockey Reference|Ice Hammer|p1b: Froslass\n|-resisted|p1b: Froslass|1\n|-damage|p1b: Froslass|65/100\n|-unboost|p2b: Hockey Reference|spe|1\n|move|p1b: Froslass|Shadow Ball|p2b: Hockey Reference\n|-damage|p2b: Hockey Reference|3/100\n|\n|-weather|Snowscape|[upkeep]\n|upkeep\n|turn|10\n|\n|t:|1776669835\n|move|p2b: Hockey Reference|Ice Hammer|p1b: Froslass\n|-resisted|p1b: Froslass|1\n|-damage|p1b: Froslass|38/100\n|-unboost|p2b: Hockey Reference|spe|1\n|move|p2a: Flip|Psychic|p1b: Froslass\n|-damage|p1b: Froslass|12/100\n|move|p1b: Froslass|Blizzard|p2a: Flip|[spread] p2a,p2b\n|-resisted|p2b: Hockey Reference|1\n|-damage|p2a: Flip|57/100\n|-damage|p2b: Hockey Reference|0 fnt\n|faint|p2b: Hockey Reference\n|\n|-weather|none\n|-sideend|p1: VenVGC|move: Aurora Veil\n|-fieldend|move: Trick Room\n|upkeep\n|\n|t:|1776669850\n|switch|p2b: Roar|Incineroar, L50, M|100/100\n|-ability|p2b: Roar|Intimidate|boost\n|-unboost|p1b: Froslass|atk|1\n|turn|11\n|\n|t:|1776669862\n|move|p1b: Froslass|Blizzard|p2b: Roar|[spread] p2a\n|-miss|p1b: Froslass|p2b: Roar\n|-damage|p2a: Flip|13/100\n|move|p2b: Roar|Flare Blitz|p1b: Froslass\n|-supereffective|p1b: Froslass|1\n|-damage|p1b: Froslass|0 fnt\n|faint|p1b: Froslass\n|-damage|p2b: Roar|97/100|[from] Recoil\n|\n|win|25th_mang\n|raw|VenVGC's rating: 1224 &rarr; <strong>1206</strong><br />(-18 for losing)\n|raw|25th_mang's rating: 1321 &rarr; <strong>1336</strong><br />(+15 for winning)\n|l|\u2606VenVGC\n|player|p1|\n",
  "uploadtime": 1776669914,
  "views": 11,
  "formatid": "gen9championsvgc2026regma",
  "rating": 1206,
  "private": 0,
  "password": null
}