{
  "id": "gen9championsvgc2026regma-2588140130",
  "format": "[Gen 9 Champions] VGC 2026 Reg M-A",
  "players": [
    "TheBallistic1",
    "Wolfey Glaks"
  ],
  "log": "|j|\u2606TheBallistic1\n|j|\u2606Wolfey Glaks\n|t:|1776608396\n|gametype|doubles\n|player|p1|TheBallistic1|colress|1060\n|player|p2|Wolfey Glaks|101|1000\n|gen|9\n|tier|[Gen 9 Champions] VGC 2026 Reg M-A\n|rated|\n|rule|Species Clause: Limit one of each Pok\u00e9mon\n|rule|Item Clause: Limit 1 of each item\n|clearpoke\n|poke|p1|Floette-Eternal, L50, F|\n|poke|p1|Charizard, L50, F|\n|poke|p1|Sneasler, L50, M|\n|poke|p1|Milotic, L50, F|\n|poke|p1|Incineroar, L50, M|\n|poke|p1|Sinistcha, L50|\n|poke|p2|Froslass, L50, F|\n|poke|p2|Basculegion, L50, M|\n|poke|p2|Incineroar, L50, F, shiny|\n|poke|p2|Whimsicott, L50, M, shiny|\n|poke|p2|Sneasler, L50, F|\n|poke|p2|Milotic, L50, M|\n|teampreview|4\n|inactive|Battle timer is ON: inactive players will automatically lose when time's up. (requested by TheBallistic1)\n|inactive|Wolfey Glaks has 60 seconds left.\n|\n|t:|1776608475\n|teamsize|p1|4\n|teamsize|p2|4\n|start\n|switch|p1a: Charizard|Charizard, L50, F|100/100\n|switch|p1b: Sneasler|Sneasler, L50, M|100/100\n|switch|p2a: Froslass|Froslass, L50, F|100/100\n|switch|p2b: Basculegion|Basculegion, L50, M|100/100\n|turn|1\n|inactive|Wolfey Glaks has 30 seconds left.\n|inactive|Wolfey Glaks has 20 seconds left.\n|inactive|Wolfey Glaks has 15 seconds left.\n|inactive|Wolfey Glaks has 10 seconds left.\n|\n|t:|1776608525\n|detailschange|p2a: Froslass|Froslass-Mega, L50, F\n|-mega|p2a: Froslass|Froslass|Froslassite\n|-weather|Snowscape|[from] ability: Snow Warning|[of] p2a: Froslass\n|move|p1a: Charizard|Protect|p1a: Charizard\n|-singleturn|p1a: Charizard|Protect\n|move|p2b: Basculegion|Flip Turn|p1b: Sneasler\n|-damage|p1b: Sneasler|57/100\n|\n|t:|1776608545\n|switch|p2b: Whimsicott|Whimsicott, L50, M, shiny|100/100|[from] Flip Turn\n|move|p1b: Sneasler|Dire Claw|p2a: Froslass\n|-resisted|p2a: Froslass|1\n|-damage|p2a: Froslass|77/100\n|move|p2a: Froslass|Blizzard|p1b: Sneasler|[spread] p1b\n|-activate|p1a: Charizard|move: Protect\n|-damage|p1b: Sneasler|0 fnt\n|faint|p1b: Sneasler\n|\n|-weather|Snowscape|[upkeep]\n|upkeep\n|\n|t:|1776608554\n|switch|p1b: Milotic|Milotic, L50, F|100/100\n|turn|2\n|inactive|Wolfey Glaks has 30 seconds left.\n|\n|t:|1776608588\n|detailschange|p1a: Charizard|Charizard-Mega-Y, L50, F\n|-mega|p1a: Charizard|Charizard|Charizardite Y\n|-weather|SunnyDay|[from] ability: Drought|[of] p1a: Charizard\n|move|p2b: Whimsicott|Encore|p1a: Charizard\n|-start|p1a: Charizard|Encore\n|move|p1a: Charizard|Protect||[still]\n|-fail|p1a: Charizard\n|move|p2a: Froslass|Blizzard|p1a: Charizard|[spread] p1a,p1b\n|-resisted|p1b: Milotic|1\n|-damage|p1a: Charizard|53/100\n|-damage|p1b: Milotic|81/100\n|move|p1b: Milotic|Scald|p2a: Froslass\n|-damage|p2a: Froslass|55/100\n|-status|p2a: Froslass|brn\n|\n|-weather|SunnyDay|[upkeep]\n|-heal|p1b: Milotic|87/100|[from] item: Leftovers\n|-damage|p2a: Froslass|49/100 brn|[from] brn\n|upkeep\n|turn|3\n|inactive|Wolfey Glaks has 30 seconds left.\n|inactive|TheBallistic1 has 30 seconds left.\n|\n|t:|1776608621\n|switch|p2a: Basculegion|Basculegion, L50, M|100/100\n|switch|p1a: Sinistcha|Sinistcha, L50|100/100\n|-heal|p1b: Milotic|100/100|[from] ability: Hospitality|[of] p1a: Sinistcha\n|switch|p2b: Sneasler|Sneasler, L50, F|100/100\n|move|p1b: Milotic|Scald|p2a: Basculegion\n|-resisted|p2a: Basculegion|1\n|-damage|p2a: Basculegion|90/100\n|\n|-weather|SunnyDay|[upkeep]\n|upkeep\n|turn|4\n|inactive|Wolfey Glaks has 30 seconds left.\n|\n|t:|1776608651\n|move|p2a: Basculegion|Last Respects|p1a: Sinistcha\n|-supereffective|p1a: Sinistcha|1\n|-damage|p1a: Sinistcha|62/100\n|move|p2b: Sneasler|Dire Claw|p1a: Sinistcha\n|-damage|p1a: Sinistcha|27/100\n|move|p1b: Milotic|Scald|p2b: Sneasler\n|-damage|p2b: Sneasler|75/100\n|move|p1a: Sinistcha|Matcha Gotcha|p2a: Basculegion|[spread] p2a,p2b\n|-supereffective|p2a: Basculegion|1\n|-resisted|p2b: Sneasler|1\n|-damage|p2a: Basculegion|33/100\n|-heal|p1a: Sinistcha|64/100|[from] drain|[of] p2a: Basculegion\n|-damage|p2b: Sneasler|60/100\n|-heal|p1a: Sinistcha|72/100|[from] drain|[of] p2b: Sneasler\n|-status|p2a: Basculegion|brn\n|-status|p2b: Sneasler|brn\n|\n|-weather|SunnyDay|[upkeep]\n|-damage|p2a: Basculegion|27/100 brn|[from] brn\n|-damage|p2b: Sneasler|54/100 brn|[from] brn\n|upkeep\n|turn|5\n|-message|Wolfey Glaks forfeited.\n|\n|win|TheBallistic1\n|raw|TheBallistic1's rating: 1060 &rarr; <strong>1086</strong><br />(+26 for winning)\n|raw|Wolfey Glaks's rating: 1000 &rarr; <strong>1000</strong><br />(+0 for losing)\n|l|\u2606Wolfey Glaks\n|player|p2|\n",
  "uploadtime": 1776608702,
  "views": 10,
  "formatid": "gen9championsvgc2026regma",
  "rating": 1000,
  "private": 0,
  "password": null
}