{
  "id": "gen9championsvgc2026regma-2582897410",
  "format": "[Gen 9 Champions] VGC 2026 Reg M-A",
  "players": [
    "It'sJustKen VGC",
    "chefshimi"
  ],
  "log": "|j|\u2606It'sJustKen VGC\n|j|\u2606chefshimi\n|t:|1776123047\n|gametype|doubles\n|player|p1|It'sJustKen VGC|169|1056\n|player|p2|chefshimi|2|1144\n|gen|9\n|tier|[Gen 9 Champions] VGC 2026 Reg M-A\n|rated|\n|rule|Species Clause: Limit one of each Pok\u00e9mon\n|rule|Item Clause: Limit 1 of each item\n|clearpoke\n|poke|p1|Kingambit, L50, F|\n|poke|p1|Clefable, L50, F|\n|poke|p1|Chimecho, L50, F|\n|poke|p1|Golurk, L50|\n|poke|p1|Rotom-Wash, L50|\n|poke|p1|Hawlucha, L50, F|\n|poke|p2|Delphox, L50, M|\n|poke|p2|Clefable, L50, F|\n|poke|p2|Aegislash, L50, M|\n|poke|p2|Rotom-Wash, L50|\n|poke|p2|Garchomp, L50, M|\n|poke|p2|Sneasler, L50, F|\n|teampreview|4\n|inactive|Battle timer is ON: inactive players will automatically lose when time's up. (requested by chefshimi)\n|inactive|It'sJustKen VGC also wants the timer to be on.\nchefshimi has agreed to open team sheets.\n|\n|t:|1776123076\n|teamsize|p1|4\n|teamsize|p2|4\n|start\n|switch|p1a: Supportive Friend|Hawlucha, L50, F|100/100\n|switch|p1b: Pet|Rotom-Wash, L50|100/100\n|switch|p2a: Rotom|Rotom-Wash, L50|100/100\n|switch|p2b: Garchomp|Garchomp, L50, M|100/100\n|-ability|p1a: Supportive Friend|Mold Breaker\n|turn|1\n|\n|t:|1776123096\n|detailschange|p1a: Supportive Friend|Hawlucha-Mega, L50, F\n|-mega|p1a: Supportive Friend|Hawlucha|Hawluchanite\n|move|p1b: Pet|Volt Switch|p2a: Rotom\n|-damage|p2a: Rotom|66/100\n|inactive|It'sJustKen VGC has 30 seconds left.\n|\n|t:|1776123125\n|switch|p1b: The Final Boss|Kingambit, L50, F|100/100|[from] Volt Switch\n|move|p2a: Rotom|Electroweb|p1a: Supportive Friend|[spread] p1a,p1b\n|-supereffective|p1a: Supportive Friend|1\n|-damage|p1a: Supportive Friend|62/100\n|-damage|p1b: The Final Boss|88/100\n|-unboost|p1a: Supportive Friend|spe|1\n|-unboost|p1b: The Final Boss|spe|1\n|-ability|p1b: The Final Boss|Defiant|boost\n|-boost|p1b: The Final Boss|atk|2\n|move|p2b: Garchomp|Dragon Claw|p1a: Supportive Friend\n|-damage|p1a: Supportive Friend|17/100\n|move|p1a: Supportive Friend|Entrainment|p1b: The Final Boss\n|-ability|p1b: The Final Boss|No Guard|Defiant|[from] move: Entrainment|[of] p1a: Supportive Friend\n|\n|upkeep\n|turn|2\n|\n|t:|1776123144\n|switch|p1a: Important Object|Chimecho, L50, F|100/100\n|move|p1b: The Final Boss|Protect|p1b: The Final Boss\n|-singleturn|p1b: The Final Boss|Protect\n|move|p2a: Rotom|Electroweb|p1a: Important Object|[spread] p1a\n|-activate|p1b: The Final Boss|move: Protect\n|-damage|p1a: Important Object|85/100\n|-unboost|p1a: Important Object|spe|1\n|move|p2b: Garchomp|Earthquake|p1a: Important Object|[spread] \n|-activate|p1b: The Final Boss|move: Protect\n|-immune|p2a: Rotom|[from] ability: Levitate\n|-immune|p1a: Important Object|[from] ability: Levitate\n|\n|upkeep\n|turn|3\n|\n|t:|1776123153\n|move|p2a: Rotom|Electroweb|p1a: Important Object|[spread] p1a,p1b\n|-damage|p1a: Important Object|71/100\n|-damage|p1b: The Final Boss|74/100\n|-unboost|p1a: Important Object|spe|1\n|-unboost|p1b: The Final Boss|spe|1\n|move|p2b: Garchomp|Earthquake|p1b: The Final Boss|[spread] p1b\n|-immune|p2a: Rotom|[from] ability: Levitate\n|-immune|p1a: Important Object|[from] ability: Levitate\n|-supereffective|p1b: The Final Boss|1\n|-damage|p1b: The Final Boss|13/100\n|-enditem|p1b: The Final Boss|Sitrus Berry|[eat]\n|-heal|p1b: The Final Boss|38/100|[from] item: Sitrus Berry\n|move|p1b: The Final Boss|Guillotine|p2b: Garchomp\n|-damage|p2b: Garchomp|0 fnt\n|-damage|p1b: The Final Boss|26/100|[from] ability: Rough Skin|[of] p2b: Garchomp\n|faint|p2b: Garchomp\n|-ohko\n|move|p1a: Important Object|Trick Room|p1a: Important Object\n|-fieldstart|move: Trick Room|[of] p1a: Important Object\n|\n|upkeep\n|\n|t:|1776123162\n|switch|p2b: Sneasler|Sneasler, L50, F|100/100\n|turn|4\n|\n|t:|1776123175\n|switch|p2a: Delphox|Delphox, L50, M|100/100\n|move|p1b: The Final Boss|Protect|p1b: The Final Boss\n|-singleturn|p1b: The Final Boss|Protect\n|move|p2b: Sneasler|Fake Out|p1a: Important Object\n|-damage|p1a: Important Object|58/100\n|cant|p1a: Important Object|flinch\n|\n|upkeep\n|turn|5\n|inactive|It'sJustKen VGC has 30 seconds left.\n|\n|t:|1776123200\n|detailschange|p2a: Delphox|Delphox-Mega, L50, M\n|-mega|p2a: Delphox|Delphox|Delphoxite\n|move|p2b: Sneasler|Protect|p2b: Sneasler\n|-singleturn|p2b: Sneasler|Protect\n|move|p2a: Delphox|Protect|p2a: Delphox\n|-singleturn|p2a: Delphox|Protect\n|move|p1a: Important Object|Hypnosis|p2a: Delphox\n|-activate|p2a: Delphox|move: Protect\n|move|p1b: The Final Boss|Guillotine|p2b: Sneasler\n|-activate|p2b: Sneasler|move: Protect\n|\n|upkeep\n|turn|6\n|\n|t:|1776123214\n|move|p1b: The Final Boss|Guillotine|p2a: Delphox\n|-damage|p2a: Delphox|0 fnt\n|faint|p2a: Delphox\n|-ohko\n|move|p1a: Important Object|Hypnosis|p2b: Sneasler|[miss]\n|-miss|p1a: Important Object|p2b: Sneasler\n|move|p2b: Sneasler|Close Combat|p1b: The Final Boss\n|-supereffective|p1b: The Final Boss|2\n|-damage|p1b: The Final Boss|0 fnt\n|-unboost|p2b: Sneasler|def|1\n|-unboost|p2b: Sneasler|spd|1\n|faint|p1b: The Final Boss\n|\n|upkeep\n|\n|t:|1776123233\n|switch|p1b: Pet|Rotom-Wash, L50|100/100\n|switch|p2a: Rotom|Rotom-Wash, L50|66/100\n|turn|7\n|\n|t:|1776123245\n|move|p1a: Important Object|Hypnosis|p2b: Sneasler\n|-status|p2b: Sneasler|slp|[from] move: Hypnosis\n|cant|p2b: Sneasler|slp\n|move|p2a: Rotom|Thunderbolt|p1b: Pet\n|-damage|p1b: Pet|57/100\n|move|p1b: Pet|Thunderbolt|p2a: Rotom\n|-damage|p2a: Rotom|25/100\n|\n|-fieldend|move: Trick Room\n|upkeep\n|turn|8\n|-message|chefshimi forfeited.\n|\n|win|It'sJustKen VGC\n|raw|It&apos;sJustKen VGC's rating: 1091 &rarr; <strong>1121</strong><br />(+30 for winning)\n|raw|chefshimi's rating: 1144 &rarr; <strong>1115</strong><br />(-29 for losing)\n|l|\u2606chefshimi\n|player|p2|\n",
  "uploadtime": 1776123253,
  "views": 14,
  "formatid": "gen9championsvgc2026regma",
  "rating": 1115,
  "private": 0,
  "password": null
}