{
  "id": "gen9championsvgc2026regma-2585594185",
  "format": "[Gen 9 Champions] VGC 2026 Reg M-A",
  "players": [
    "Darpydragoon",
    "uhhhh lets go?"
  ],
  "log": "|j|\u2606Darpydragoon\n|j|\u2606uhhhh lets go?\n|t:|1776357711\n|gametype|doubles\n|player|p1|Darpydragoon|266|1040\n|player|p2|uhhhh lets go?|102|1044\n|gen|9\n|tier|[Gen 9 Champions] VGC 2026 Reg M-A\n|rated|\n|rule|Species Clause: Limit one of each Pok\u00e9mon\n|rule|Item Clause: Limit 1 of each item\n|clearpoke\n|poke|p1|Garganacl, L50, F|\n|poke|p1|Azumarill, L50, F|\n|poke|p1|Incineroar, L50, F|\n|poke|p1|Sneasler, L50, M|\n|poke|p1|Froslass, L50, F|\n|poke|p1|Polteageist, L50|\n|poke|p2|Froslass, L50, F|\n|poke|p2|Rotom-Wash, L50|\n|poke|p2|Incineroar, L50, F|\n|poke|p2|Sneasler, L50, F|\n|poke|p2|Maushold, L50|\n|poke|p2|Aerodactyl, L50, F|\n|teampreview|4\nuhhhh lets go? rejected open team sheets.\n|\n|t:|1776357738\n|teamsize|p1|4\n|teamsize|p2|4\n|start\n|switch|p1a: Garganacl|Garganacl, L50, F|100/100\n|switch|p1b: Polteageist|Polteageist, L50|100/100\n|switch|p2a: Sneasler|Sneasler, L50, F|100/100\n|switch|p2b: Incineroar|Incineroar, L50, F|100/100\n|-ability|p2b: Incineroar|Intimidate|boost\n|-unboost|p1a: Garganacl|atk|1\n|-unboost|p1b: Polteageist|atk|1\n|-enditem|p1b: Polteageist|White Herb\n|-clearnegativeboost|p1b: Polteageist|[silent]\n|turn|1\n|inactive|Battle timer is ON: inactive players will automatically lose when time's up. (requested by Darpydragoon)\n|\n|t:|1776357772\n|move|p2b: Incineroar|Fake Out|p1a: Garganacl\n|-resisted|p1a: Garganacl|1\n|-crit|p1a: Garganacl\n|-damage|p1a: Garganacl|96/100\n|move|p2a: Sneasler|Close Combat|p1a: Garganacl\n|-supereffective|p1a: Garganacl|1\n|-damage|p1a: Garganacl|15/100\n|-unboost|p2a: Sneasler|def|1\n|-unboost|p2a: Sneasler|spd|1\n|-enditem|p2a: Sneasler|White Herb\n|-clearnegativeboost|p2a: Sneasler|[silent]\n|move|p1b: Polteageist|Shell Smash|p1b: Polteageist\n|-unboost|p1b: Polteageist|def|1\n|-unboost|p1b: Polteageist|spd|1\n|-boost|p1b: Polteageist|atk|2\n|-boost|p1b: Polteageist|spa|2\n|-boost|p1b: Polteageist|spe|2\n|cant|p1a: Garganacl|flinch\n|\n|-heal|p1a: Garganacl|21/100|[from] item: Leftovers\n|upkeep\n|turn|2\n|\n|t:|1776357793\n|move|p2a: Sneasler|Close Combat|p1a: Garganacl\n|-supereffective|p1a: Garganacl|1\n|-damage|p1a: Garganacl|0 fnt\n|-unboost|p2a: Sneasler|def|1\n|-unboost|p2a: Sneasler|spd|1\n|faint|p1a: Garganacl\n|move|p1b: Polteageist|Stored Power|p2a: Sneasler\n|-supereffective|p2a: Sneasler|2\n|-damage|p2a: Sneasler|0 fnt\n|faint|p2a: Sneasler\n|move|p2b: Incineroar|Darkest Lariat|p1b: Polteageist\n|-supereffective|p1b: Polteageist|1\n|-damage|p1b: Polteageist|0 fnt\n|faint|p1b: Polteageist\n|\n|upkeep\n|\n|t:|1776357807\n|switch|p2a: Froslass|Froslass, L50, F|100/100\n|switch|p1b: Froslass|Froslass, L50, F|100/100\n|switch|p1a: Sneasler|Sneasler, L50, M|100/100\n|turn|3\n|\n|t:|1776357826\n|detailschange|p1b: Froslass|Froslass-Mega, L50, F\n|-mega|p1b: Froslass|Froslass|Froslassite\n|-weather|Snowscape|[from] ability: Snow Warning|[of] p1b: Froslass\n|move|p2a: Froslass|Protect|p2a: Froslass\n|-singleturn|p2a: Froslass|Protect\n|move|p1a: Sneasler|Fake Out|p2b: Incineroar\n|-damage|p2b: Incineroar|87/100\n|move|p1b: Froslass|Shadow Ball|p2a: Froslass\n|-activate|p2a: Froslass|move: Protect\n|cant|p2b: Incineroar|flinch\n|\n|-weather|Snowscape|[upkeep]\n|-heal|p2b: Incineroar|93/100|[from] item: Leftovers\n|upkeep\n|turn|4\n|\n|t:|1776357846\n|switch|p2a: Maushold|Maushold, L50|100/100\n|move|p1b: Froslass|Shadow Ball|p2a: Maushold\n|-immune|p2a: Maushold\n|move|p1a: Sneasler|Close Combat|p2b: Incineroar\n|-supereffective|p2b: Incineroar|1\n|-damage|p2b: Incineroar|0 fnt\n|-unboost|p1a: Sneasler|def|1\n|-unboost|p1a: Sneasler|spd|1\n|faint|p2b: Incineroar\n|\n|-weather|Snowscape|[upkeep]\n|upkeep\n|\n|t:|1776357857\n|switch|p2b: Froslass|Froslass, L50, F|100/100\n|turn|5\n|\n|t:|1776357872\n|detailschange|p2b: Froslass|Froslass-Mega, L50, F\n|-mega|p2b: Froslass|Froslass|Froslassite\n|move|p2a: Maushold|Follow Me|p2a: Maushold\n|-singleturn|p2a: Maushold|move: Follow Me\n|move|p2b: Froslass|Blizzard|p1b: Froslass|[spread] p1a,p1b\n|-resisted|p1b: Froslass|1\n|-damage|p1a: Sneasler|9/100\n|-damage|p1b: Froslass|71/100\n|move|p1b: Froslass|Aurora Veil|p1b: Froslass\n|-sidestart|p1: Darpydragoon|move: Aurora Veil\n|move|p1a: Sneasler|Close Combat|p2a: Maushold\n|-supereffective|p2a: Maushold|1\n|-damage|p2a: Maushold|0 fnt\n|-unboost|p1a: Sneasler|def|1\n|-unboost|p1a: Sneasler|spd|1\n|faint|p2a: Maushold\n|\n|-weather|Snowscape|[upkeep]\n|upkeep\n|turn|6\n|\n|t:|1776357891\n|move|p1b: Froslass|Shadow Ball|p2b: Froslass\n|-supereffective|p2b: Froslass|1\n|-damage|p2b: Froslass|0 fnt\n|faint|p2b: Froslass\n|\n|win|Darpydragoon\n|raw|Darpydragoon's rating: 1040 &rarr; <strong>1074</strong><br />(+34 for winning)\n|raw|uhhhh lets go?'s rating: 1044 &rarr; <strong>1027</strong><br />(-17 for losing)\n|l|\u2606uhhhh lets go?\n|player|p2|\n",
  "uploadtime": 1776357899,
  "views": 19,
  "formatid": "gen9championsvgc2026regma",
  "rating": 1027,
  "private": 0,
  "password": null
}