{
  "id": "gen9championsvgc2026regma-2585418518",
  "format": "[Gen 9 Champions] VGC 2026 Reg M-A",
  "players": [
    "perferw",
    "LovelyLizardLad"
  ],
  "log": "|j|\u2606perferw\n|j|\u203dLovelyLizardLad\n|t:|1776345920\n|gametype|doubles\n|player|p1|perferw|2|1385\n|player|p2|LovelyLizardLad|red|1401\n|gen|9\n|tier|[Gen 9 Champions] VGC 2026 Reg M-A\n|rated|\n|rule|Species Clause: Limit one of each Pok\u00e9mon\n|rule|Item Clause: Limit 1 of each item\n|clearpoke\n|poke|p1|Milotic, L50, F|\n|poke|p1|Pelipper, L50, M|\n|poke|p1|Sneasler, L50, M|\n|poke|p1|Kingambit, L50, M|\n|poke|p1|Garchomp, L50, F|\n|poke|p1|Meganium, L50, M|\n|poke|p2|Noivern, L50, F|\n|poke|p2|Glimmora, L50, F|\n|poke|p2|Kingambit, L50, M|\n|poke|p2|Garchomp, L50, M|\n|poke|p2|Basculegion, L50, M|\n|poke|p2|Gardevoir, L50, M|\n|teampreview|4\n|inactive|Battle timer is ON: inactive players will automatically lose when time's up. (requested by perferw)\n|\n|t:|1776345948\n|teamsize|p1|4\n|teamsize|p2|4\n|start\n|switch|p1a: Meganium|Meganium, L50, M|100/100\n|switch|p1b: Milotic|Milotic, L50, F|100/100\n|switch|p2a: Noivern|Noivern, L50, F|100/100\n|switch|p2b: Garchomp|Garchomp, L50, M|100/100\n|turn|1\n|\n|t:|1776345958\n|detailschange|p1a: Meganium|Meganium-Mega, L50, M\n|-mega|p1a: Meganium|Meganium|Meganiumite\n|move|p2a: Noivern|Protect|p2a: Noivern\n|-singleturn|p2a: Noivern|Protect\n|move|p2b: Garchomp|Protect|p2b: Garchomp\n|-singleturn|p2b: Garchomp|Protect\n|move|p1a: Meganium|Dazzling Gleam|p2b: Garchomp|[spread] \n|-activate|p2a: Noivern|move: Protect\n|-activate|p2b: Garchomp|move: Protect\n|move|p1b: Milotic|Scald|p2a: Noivern\n|-activate|p2a: Noivern|move: Protect\n|\n|upkeep\n|turn|2\n|\n|t:|1776345972\n|move|p2a: Noivern|Super Fang|p1b: Milotic\n|-damage|p1b: Milotic|50/100\n|move|p2b: Garchomp|Earthquake|p1b: Milotic|[spread] p1a,p1b\n|-activate|p2a: Noivern|ability: Telepathy\n|-resisted|p1a: Meganium|1\n|-crit|p1a: Meganium\n|-damage|p1a: Meganium|70/100\n|-damage|p1b: Milotic|8/100\n|move|p1a: Meganium|Dazzling Gleam|p2a: Noivern|[spread] p2a,p2b\n|-supereffective|p2a: Noivern|1\n|-supereffective|p2b: Garchomp|1\n|-damage|p2a: Noivern|25/100\n|-damage|p2b: Garchomp|25/100\n|-enditem|p2a: Noivern|Sitrus Berry|[eat]\n|-heal|p2a: Noivern|49/100|[from] item: Sitrus Berry\n|move|p1b: Milotic|Icy Wind|p2b: Garchomp|[spread] p2a,p2b\n|-supereffective|p2a: Noivern|2\n|-supereffective|p2b: Garchomp|2\n|-damage|p2a: Noivern|0 fnt\n|-damage|p2b: Garchomp|0 fnt\n|faint|p2a: Noivern\n|faint|p2b: Garchomp\n|\n|-heal|p1b: Milotic|14/100|[from] item: Leftovers\n|upkeep\n|\n|t:|1776345981\n|switch|p2a: Basculegion|Basculegion, L50, M|100/100\n|switch|p2b: Glimmora|Glimmora, L50, F|100/100\n|turn|3\n|\n|t:|1776345987\n|detailschange|p2b: Glimmora|Glimmora-Mega, L50, F\n|-mega|p2b: Glimmora|Glimmora|Glimmoranite\n|move|p2a: Basculegion|Protect|p2a: Basculegion\n|-singleturn|p2a: Basculegion|Protect\n|move|p1a: Meganium|Protect|p1a: Meganium\n|-singleturn|p1a: Meganium|Protect\n|move|p2b: Glimmora|Sludge Wave|p1b: Milotic|[spread] p1b\n|-activate|p2a: Basculegion|move: Protect\n|-activate|p1a: Meganium|move: Protect\n|-damage|p1b: Milotic|0 fnt\n|faint|p1b: Milotic\n|\n|upkeep\n|\n|t:|1776345992\n|switch|p1b: Garchomp|Garchomp, L50, F|100/100\n|turn|4\n|\n|t:|1776345998\n|move|p2b: Glimmora|Spiky Shield|p2b: Glimmora\n|-singleturn|p2b: Glimmora|move: Protect\n|move|p1b: Garchomp|Stomping Tantrum|p2b: Glimmora\n|-activate|p2b: Glimmora|move: Protect\n|-damage|p1b: Garchomp|88/100|[from] Spiky Shield|[of] p2b: Glimmora\n|move|p2a: Basculegion|Last Respects|p1b: Garchomp\n|-damage|p1b: Garchomp|0 fnt\n|faint|p1b: Garchomp\n|move|p1a: Meganium|Solar Beam||[still]\n|-prepare|p1a: Meganium|Solar Beam\n|-activate|p1a: Meganium|ability: Mega Sol\n|-anim|p1a: Meganium|Solar Beam|p2a: Basculegion\n|-supereffective|p2a: Basculegion|1\n|-enditem|p2a: Basculegion|Focus Sash\n|-damage|p2a: Basculegion|1/100\n|\n|upkeep\n|\n|t:|1776346002\n|switch|p1b: Kingambit|Kingambit, L50, M|100/100\n|turn|5\n|\n|t:|1776346022\n|move|p2a: Basculegion|Protect|p2a: Basculegion\n|-singleturn|p2a: Basculegion|Protect\n|move|p2b: Glimmora|Sludge Wave|p1b: Kingambit|[spread] p1a\n|-activate|p2a: Basculegion|move: Protect\n|-immune|p1b: Kingambit\n|-supereffective|p1a: Meganium|2\n|-damage|p1a: Meganium|0 fnt\n|faint|p1a: Meganium\n|move|p1b: Kingambit|Iron Head|p2b: Glimmora\n|-supereffective|p2b: Glimmora|1\n|-damage|p2b: Glimmora|7/100\n|\n|upkeep\n|turn|6\n|\n|t:|1776346035\n|move|p2a: Basculegion|Aqua Jet|p1b: Kingambit\n|-damage|p1b: Kingambit|81/100\n|move|p1b: Kingambit|Sucker Punch||[still]\n|-fail|p1b: Kingambit\n|move|p2b: Glimmora|Power Gem|p1b: Kingambit\n|-resisted|p1b: Kingambit|1\n|-damage|p1b: Kingambit|47/100\n|\n|upkeep\n|turn|7\n|\n|t:|1776346050\n|move|p1b: Kingambit|Sucker Punch|p2a: Basculegion\n|-supereffective|p2a: Basculegion|1\n|-damage|p2a: Basculegion|0 fnt\n|faint|p2a: Basculegion\n|move|p2b: Glimmora|Power Gem|p1b: Kingambit\n|-resisted|p1b: Kingambit|1\n|-damage|p1b: Kingambit|11/100\n|\n|upkeep\n|turn|8\n|\n|t:|1776346053\n|move|p2b: Glimmora|Spiky Shield|p2b: Glimmora\n|-singleturn|p2b: Glimmora|move: Protect\n|move|p1b: Kingambit|Sucker Punch||[still]\n|-fail|p1b: Kingambit\n|\n|upkeep\n|turn|9\n|\n|t:|1776346058\n|move|p2b: Glimmora|Spiky Shield||[still]\n|-fail|p2b: Glimmora\n|move|p1b: Kingambit|Sucker Punch||[still]\n|-fail|p1b: Kingambit\n|\n|upkeep\n|turn|10\n|\n|t:|1776346062\n|move|p2b: Glimmora|Spiky Shield|p2b: Glimmora\n|-singleturn|p2b: Glimmora|move: Protect\n|move|p1b: Kingambit|Sucker Punch||[still]\n|-fail|p1b: Kingambit\n|\n|upkeep\n|turn|11\n|\n|t:|1776346067\n|move|p2b: Glimmora|Power Gem|p1b: Kingambit\n|-resisted|p1b: Kingambit|1\n|-damage|p1b: Kingambit|0 fnt\n|faint|p1b: Kingambit\n|\n|win|LovelyLizardLad\n|raw|perferw's rating: 1385 &rarr; <strong>1366</strong><br />(-19 for losing)\n|raw|LovelyLizardLad's rating: 1401 &rarr; <strong>1420</strong><br />(+19 for winning)\n|l|\u2606perferw\n|player|p1|\n",
  "uploadtime": 1776346069,
  "views": 31,
  "formatid": "gen9championsvgc2026regma",
  "rating": 1366,
  "private": 0,
  "password": null
}