{
  "id": "gen9championsvgc2026regma-2588539150",
  "format": "[Gen 9 Champions] VGC 2026 Reg M-A",
  "players": [
    "CARTAXINHO1996",
    "ArepadeChorizard"
  ],
  "log": "|j|\u2606CARTAXINHO1996\n|j|\u2606ArepadeChorizard\n|t:|1776642950\n|gametype|doubles\n|player|p1|CARTAXINHO1996|giovanni|1165\n|player|p2|ArepadeChorizard|allister-unmasked|1083\n|gen|9\n|tier|[Gen 9 Champions] VGC 2026 Reg M-A\n|rated|\n|rule|Species Clause: Limit one of each Pok\u00e9mon\n|rule|Item Clause: Limit 1 of each item\n|clearpoke\n|poke|p1|Cofagrigus, L50, F|\n|poke|p1|Abomasnow, L50, M, shiny|\n|poke|p1|Incineroar, L50, F|\n|poke|p1|Kingambit, L50, F|\n|poke|p1|Milotic, L50, M|\n|poke|p1|Drampa, L50, M|\n|poke|p2|Dragonite, L50, F, shiny|\n|poke|p2|Sinistcha-Masterpiece, L50, shiny|\n|poke|p2|Pelipper, L50, M, shiny|\n|poke|p2|Drampa, L50, F, shiny|\n|poke|p2|Klefki, L50, F, shiny|\n|poke|p2|Conkeldurr, L50, F, shiny|\n|teampreview|4\n|inactive|Battle timer is ON: inactive players will automatically lose when time's up. (requested by ArepadeChorizard)\nArepadeChorizard rejected open team sheets.\n|\n|t:|1776642978\n|teamsize|p1|4\n|teamsize|p2|4\n|start\n|switch|p1a: Cofagrigus|Cofagrigus, L50, F|100/100\n|switch|p1b: Incineroar|Incineroar, L50, F|100/100\n|switch|p2a: Drampa|Drampa, L50, F, shiny|100/100\n|switch|p2b: Klefki|Klefki, L50, F, shiny|100/100\n|-ability|p1b: Incineroar|Intimidate|boost\n|-unboost|p2a: Drampa|atk|1\n|-unboost|p2b: Klefki|atk|1\n|turn|1\n|inactive|CARTAXINHO1996 has 30 seconds left.\n|\n|t:|1776643008\n|detailschange|p2a: Drampa|Drampa-Mega, L50, F, shiny\n|-mega|p2a: Drampa|Drampa|Drampanite\n|move|p2b: Klefki|Protect|p2b: Klefki\n|-singleturn|p2b: Klefki|Protect\n|move|p1b: Incineroar|Flare Blitz|p2b: Klefki\n|-activate|p2b: Klefki|move: Protect\n|move|p2a: Drampa|Draco Meteor|p1b: Incineroar\n|-damage|p1b: Incineroar|20/100\n|-unboost|p2a: Drampa|spa|2\n|move|p1a: Cofagrigus|Trick Room|p1a: Cofagrigus\n|-fieldstart|move: Trick Room|[of] p1a: Cofagrigus\n|\n|-heal|p1b: Incineroar|26/100|[from] item: Leftovers\n|upkeep\n|turn|2\n|\n|t:|1776643029\n|switch|p2b: Conkeldurr|Conkeldurr, L50, F, shiny|100/100\n|move|p1a: Cofagrigus|Shadow Ball|p2b: Conkeldurr\n|-damage|p2b: Conkeldurr|73/100\n|move|p2a: Drampa|Draco Meteor|p1b: Incineroar\n|-damage|p1b: Incineroar|0 fnt\n|-unboost|p2a: Drampa|spa|2\n|faint|p1b: Incineroar\n|\n|upkeep\n|\n|t:|1776643039\n|switch|p1b: Milotic|Milotic, L50, M|100/100\n|turn|3\n|\n|t:|1776643050\n|switch|p2a: Sinistcha|Sinistcha-Masterpiece, L50, shiny|100/100\n|-heal|p2b: Conkeldurr|98/100|[from] ability: Hospitality|[of] p2a: Sinistcha\n|move|p1a: Cofagrigus|Shadow Ball|p2b: Conkeldurr\n|-damage|p2b: Conkeldurr|71/100\n|move|p2b: Conkeldurr|Drain Punch|p1b: Milotic\n|-damage|p1b: Milotic|40/100\n|-heal|p2b: Conkeldurr|100/100|[from] drain|[of] p1b: Milotic\n|-enditem|p1b: Milotic|Sitrus Berry|[eat]\n|-heal|p1b: Milotic|64/100|[from] item: Sitrus Berry\n|move|p1b: Milotic|Ice Beam|p2a: Sinistcha\n|-supereffective|p2a: Sinistcha|1\n|-damage|p2a: Sinistcha|50/100\n|\n|upkeep\n|turn|4\n|\n|t:|1776643069\n|move|p1a: Cofagrigus|Will-O-Wisp|p2b: Conkeldurr\n|-status|p2b: Conkeldurr|brn\n|move|p2b: Conkeldurr|Drain Punch|p1b: Milotic\n|-damage|p1b: Milotic|32/100\n|move|p1b: Milotic|Ice Beam|p2a: Sinistcha\n|-supereffective|p2a: Sinistcha|1\n|-damage|p2a: Sinistcha|0 fnt\n|faint|p2a: Sinistcha\n|\n|-damage|p2b: Conkeldurr|95/100 brn|[from] brn\n|upkeep\n|\n|t:|1776643080\n|switch|p2a: Drampa|Drampa-Mega, L50, F, shiny|100/100\n|turn|5\n|\n|t:|1776643092\n|move|p1a: Cofagrigus|Destiny Bond|p1a: Cofagrigus\n|-singlemove|p1a: Cofagrigus|Destiny Bond\n|move|p2a: Drampa|Dragon Pulse|p1b: Milotic\n|-damage|p1b: Milotic|0 fnt\n|faint|p1b: Milotic\n|move|p2b: Conkeldurr|Rock Slide|p1a: Cofagrigus\n|-damage|p1a: Cofagrigus|89/100\n|\n|-damage|p2b: Conkeldurr|89/100 brn|[from] brn\n|-fieldend|move: Trick Room\n|upkeep\n|\n|t:|1776643097\n|switch|p1b: Kingambit|Kingambit, L50, F|100/100\n|turn|6\n|\n|t:|1776643110\n|move|p1b: Kingambit|Kowtow Cleave|p2a: Drampa\n|-damage|p2a: Drampa|57/100\n|move|p2b: Conkeldurr|Drain Punch|p1b: Kingambit\n|-supereffective|p1b: Kingambit|2\n|-enditem|p1b: Kingambit|Focus Sash\n|-damage|p1b: Kingambit|1/100\n|-heal|p2b: Conkeldurr|100/100 brn|[from] drain|[of] p1b: Kingambit\n|move|p2a: Drampa|Dragon Pulse|p1a: Cofagrigus\n|-damage|p1a: Cofagrigus|43/100\n|move|p1a: Cofagrigus|Shadow Ball|p2b: Conkeldurr\n|-damage|p2b: Conkeldurr|69/100 brn\n|\n|-damage|p2b: Conkeldurr|63/100 brn|[from] brn\n|upkeep\n|turn|7\n|-message|CARTAXINHO1996 forfeited.\n|\n|win|ArepadeChorizard\n|raw|CARTAXINHO1996's rating: 1165 &rarr; <strong>1134</strong><br />(-31 for losing)\n|raw|ArepadeChorizard's rating: 1083 &rarr; <strong>1117</strong><br />(+34 for winning)\n|l|\u2606CARTAXINHO1996\n|player|p1|\n",
  "uploadtime": 1776643129,
  "views": 12,
  "formatid": "gen9championsvgc2026regma",
  "rating": 1117,
  "private": 0,
  "password": null
}