{
  "id": "gen9championsvgc2026regma-2583776192",
  "format": "[Gen 9 Champions] VGC 2026 Reg M-A",
  "players": [
    "Laroo",
    "9u8g09gh90"
  ],
  "log": "|j|\u2606Laroo\n|j|\u26069u8g09gh90\n|t:|1776196916\n|gametype|doubles\n|player|p1|Laroo|volkner|1061\n|player|p2|9u8g09gh90|101|1105\n|gen|9\n|tier|[Gen 9 Champions] VGC 2026 Reg M-A\n|rated|\n|rule|Species Clause: Limit one of each Pok\u00e9mon\n|rule|Item Clause: Limit 1 of each item\n|clearpoke\n|poke|p1|Oranguru, L50, F|\n|poke|p1|Avalugg-Hisui, L50, F|\n|poke|p1|Empoleon, L50, F|\n|poke|p1|Sinistcha, L50|\n|poke|p1|Delphox, L50, F|\n|poke|p1|Sneasler, L50, M|\n|poke|p2|Sableye, L50, F|\n|poke|p2|Sinistcha, L50|\n|poke|p2|Primarina, L50, M|\n|poke|p2|Tyranitar, L50, F|\n|poke|p2|Slowking-Galar, L50, F|\n|poke|p2|Corviknight, L50, F|\n|teampreview|4\n|inactive|Battle timer is ON: inactive players will automatically lose when time's up. (requested by 9u8g09gh90)\n9u8g09gh90 rejected open team sheets.\n|inactive|Laroo has 60 seconds left.\n|inactive|Laroo has 30 seconds left.\n|\n|t:|1776197032\n|teamsize|p1|4\n|teamsize|p2|4\n|start\n|switch|p1a: Shaman|Oranguru, L50, F, shiny|100/100\n|switch|p1b: Empoleon|Empoleon, L50, F|100/100\n|switch|p2a: Sinistcha|Sinistcha, L50|100/100\n|switch|p2b: Sableye|Sableye, L50, F|100/100\n|turn|1\n|inactive|Laroo has 30 seconds left.\n|inactive|Laroo has 20 seconds left.\n|inactive|Laroo has 15 seconds left.\n|inactive|Laroo has 10 seconds left.\n|\n|t:|1776197079\n|move|p2b: Sableye|Substitute|p2b: Sableye\n|-start|p2b: Sableye|Substitute\n|-damage|p2b: Sableye|76/100\n|move|p2a: Sinistcha|Matcha Gotcha|p1b: Empoleon|[spread] p1a,p1b\n|-damage|p1a: Shaman|85/100\n|-damage|p1b: Empoleon|79/100\n|move|p1a: Shaman|Chilling Water|p1b: Empoleon\n|-resisted|p1b: Empoleon|1\n|-damage|p1b: Empoleon|74/100\n|-unboost|p1b: Empoleon|atk|1\n|move|p1b: Empoleon|Steel Beam|p2a: Sinistcha\n|-damage|p2a: Sinistcha|11/100\n|-damage|p1b: Empoleon|24/100|[from] steelbeam\n|\n|-heal|p2b: Sableye|81/100|[from] item: Leftovers\n|upkeep\n|turn|2\n|inactive|Laroo has 30 seconds left.\n|inactive|Laroo has 20 seconds left.\n|inactive|9u8g09gh90 has 30 seconds left.\n|inactive|Laroo has 15 seconds left.\n|\n|t:|1776197124\n|move|p2b: Sableye|Encore|p1a: Shaman\n|-start|p1a: Shaman|Encore\n|move|p2a: Sinistcha|Matcha Gotcha|p1b: Empoleon|[spread] p1a,p1b\n|-damage|p1a: Shaman|70/100\n|-heal|p2a: Sinistcha|20/100|[from] drain|[of] p1a: Shaman\n|-damage|p1b: Empoleon|3/100\n|-heal|p2a: Sinistcha|31/100|[from] drain|[of] p1b: Empoleon\n|move|p1b: Empoleon|Surf|p2b: Sableye|[spread] p2a,p2b\n|-activate|p1a: Shaman|ability: Telepathy\n|-end|p2b: Sableye|Substitute\n|-resisted|p2a: Sinistcha|1\n|-damage|p2a: Sinistcha|11/100\n|move|p1a: Shaman|Chilling Water|p2b: Sableye\n|-damage|p2b: Sableye|65/100\n|-unboost|p2b: Sableye|atk|1\n|\n|-heal|p2b: Sableye|71/100|[from] item: Leftovers\n|upkeep\n|turn|3\n|inactive|Laroo has 30 seconds left.\n|\n|t:|1776197154\n|switch|p1a: Sneasler|Sneasler, L50, M|100/100\n|move|p1b: Empoleon|Protect|p1b: Empoleon\n|-singleturn|p1b: Empoleon|Protect\n|move|p2b: Sableye|Substitute|p2b: Sableye\n|-start|p2b: Sableye|Substitute\n|-damage|p2b: Sableye|46/100\n|move|p2a: Sinistcha|Matcha Gotcha|p1b: Empoleon|[spread] p1a\n|-activate|p1b: Empoleon|move: Protect\n|-resisted|p1a: Sneasler|1\n|-crit|p1a: Sneasler\n|-damage|p1a: Sneasler|75/100\n|-heal|p2a: Sinistcha|22/100|[from] drain|[of] p1a: Sneasler\n|\n|-heal|p2b: Sableye|52/100|[from] item: Leftovers\n|upkeep\n|turn|4\n|\n|t:|1776197173\n|switch|p1b: Shaman|Oranguru, L50, F, shiny|70/100\n|move|p2a: Sinistcha|Rage Powder|p2a: Sinistcha\n|-singleturn|p2a: Sinistcha|move: Rage Powder\n|move|p2b: Sableye|Will-O-Wisp|p1a: Sneasler\n|-status|p1a: Sneasler|brn\n|move|p1a: Sneasler|Throat Chop|p2a: Sinistcha\n|-supereffective|p2a: Sinistcha|1\n|-crit|p2a: Sinistcha\n|-damage|p2a: Sinistcha|0 fnt\n|faint|p2a: Sinistcha\n|\n|-heal|p2b: Sableye|58/100|[from] item: Leftovers\n|-damage|p1a: Sneasler|70/100 brn|[from] brn\n|upkeep\n|\n|t:|1776197187\n|switch|p2a: Slowking|Slowking-Galar, L50, F|100/100\n|-clearboost|p2b: Sableye|[from] ability: Curious Medicine|[of] p2a: Slowking\n|turn|5\n|\n|t:|1776197205\n|move|p2b: Sableye|Disable|p1a: Sneasler\n|-start|p1a: Sneasler|Disable|Throat Chop\n|cant|p1a: Sneasler|Disable|Throat Chop\n|move|p1b: Shaman|Trick Room|p1b: Shaman\n|-fieldstart|move: Trick Room|[of] p1b: Shaman\n|move|p2a: Slowking|Trick Room|p2a: Slowking\n|-fieldend|move: Trick Room\n|\n|-heal|p2b: Sableye|64/100|[from] item: Leftovers\n|-damage|p1a: Sneasler|64/100 brn|[from] brn\n|upkeep\n|turn|6\n|inactive|Laroo has 30 seconds left.\n|\n|t:|1776197235\n|switch|p1a: Empoleon|Empoleon, L50, F|3/100\n|move|p2b: Sableye|Encore||[still]\n|-fail|p2b: Sableye\n|move|p2a: Slowking|Psyshock|p1a: Empoleon\n|-resisted|p1a: Empoleon|1\n|-damage|p1a: Empoleon|0 fnt\n|faint|p1a: Empoleon\n|move|p1b: Shaman|Trick Room|p1b: Shaman\n|-fieldstart|move: Trick Room|[of] p1b: Shaman\n|\n|-heal|p2b: Sableye|69/100|[from] item: Leftovers\n|upkeep\n|\n|t:|1776197244\n|switch|p1a: Avalugg|Avalugg-Hisui, L50, F|100/100\n|turn|7\n|\n|t:|1776197261\n|move|p2b: Sableye|Will-O-Wisp|p1a: Avalugg\n|-status|p1a: Avalugg|brn\n|move|p2a: Slowking|Flamethrower|p1a: Avalugg\n|-damage|p1a: Avalugg|51/100 brn\n|move|p1a: Avalugg|Rock Slide|p2b: Sableye|[spread] p2a,p2b\n|-activate|p2b: Sableye|move: Substitute|[damage]\n|-damage|p2a: Slowking|80/100\n|move|p1b: Shaman|Instruct|p1a: Avalugg\n|-singleturn|p1a: Avalugg|move: Instruct|[of] p1b: Shaman\n|move|p1a: Avalugg|Rock Slide|p2b: Sableye|[spread] p2a,p2b\n|-end|p2b: Sableye|Substitute\n|-damage|p2a: Slowking|58/100\n|\n|-heal|p2b: Sableye|75/100|[from] item: Leftovers\n|-damage|p1a: Avalugg|45/100 brn|[from] brn\n|upkeep\n|turn|8\n|inactive|Laroo has 30 seconds left.\n|inactive|Laroo has 20 seconds left.\n|\n|t:|1776197300\n|switch|p2b: Corviknight|Corviknight, L50, F|100/100\n|move|p2a: Slowking|Sludge Wave|p1b: Shaman|[spread] p1a,p1b\n|-immune|p2b: Corviknight\n|-resisted|p1a: Avalugg|1\n|-damage|p1a: Avalugg|17/100 brn\n|-damage|p1b: Shaman|53/100\n|move|p1a: Avalugg|Rock Slide|p2a: Slowking|[spread] p2a,p2b\n|-crit|p2a: Slowking\n|-damage|p2a: Slowking|30/100\n|-damage|p2b: Corviknight|85/100\n|-enditem|p2a: Slowking|Sitrus Berry|[eat]\n|-heal|p2a: Slowking|54/100|[from] item: Sitrus Berry\n|move|p1b: Shaman|Instruct|p1a: Avalugg\n|-singleturn|p1a: Avalugg|move: Instruct|[of] p1b: Shaman\n|move|p1a: Avalugg|Rock Slide|p2b: Corviknight|[spread] p2a,p2b\n|-damage|p2a: Slowking|36/100\n|-damage|p2b: Corviknight|69/100\n|\n|-damage|p1a: Avalugg|12/100 brn|[from] brn\n|upkeep\n|turn|9\n|\n|t:|1776197321\n|move|p1a: Avalugg|Protect|p1a: Avalugg\n|-singleturn|p1a: Avalugg|Protect\n|move|p2a: Slowking|Sludge Wave|p1a: Avalugg|[spread] p1b\n|-activate|p1a: Avalugg|move: Protect\n|-immune|p2b: Corviknight\n|-damage|p1b: Shaman|36/100\n|-enditem|p1b: Shaman|Sitrus Berry|[eat]\n|-heal|p1b: Shaman|61/100|[from] item: Sitrus Berry\n|move|p1b: Shaman|Hyper Voice|p2a: Slowking|[spread] p2a,p2b\n|-resisted|p2b: Corviknight|1\n|-damage|p2a: Slowking|22/100\n|-damage|p2b: Corviknight|62/100\n|move|p2b: Corviknight|Bulk Up|p2b: Corviknight\n|-boost|p2b: Corviknight|atk|1\n|-boost|p2b: Corviknight|def|1\n|\n|-damage|p1a: Avalugg|6/100 brn|[from] brn\n|upkeep\n|turn|10\n|\n|t:|1776197341\n|move|p2a: Slowking|Sludge Wave|p1a: Avalugg|[spread] p1a,p1b\n|-immune|p2b: Corviknight\n|-resisted|p1a: Avalugg|1\n|-damage|p1a: Avalugg|0 fnt\n|-damage|p1b: Shaman|45/100\n|-status|p1b: Shaman|psn\n|faint|p1a: Avalugg\n|move|p1b: Shaman|Instruct|p1: Avalugg|[notarget]\n|-fail|p1b: Shaman\n|move|p2b: Corviknight|Roost|p2b: Corviknight\n|-heal|p2b: Corviknight|100/100\n|-singleturn|p2b: Corviknight|move: Roost\n|\n|-damage|p1b: Shaman|33/100 psn|[from] psn\n|-fieldend|move: Trick Room\n|upkeep\n|\n|t:|1776197344\n|switch|p1a: Sneasler|Sneasler, L50, M|64/100 brn\n|turn|11\n|c|\u2606Laroo|fuxk you\n|-message|Laroo forfeited.\n|\n|win|9u8g09gh90\n",
  "uploadtime": 1776197348,
  "views": 15,
  "formatid": "gen9championsvgc2026regma",
  "rating": null,
  "private": 0,
  "password": null
}