{
  "id": "gen9championsvgc2026regma-2586347820",
  "format": "[Gen 9 Champions] VGC 2026 Reg M-A",
  "players": [
    "LewisCarroll",
    "raditz ursagod"
  ],
  "log": "|j|\u2606LewisCarroll\n|j|\u2606raditz ursagod\n|t:|1776427574\n|gametype|doubles\n|player|p1|LewisCarroll|lucas|1093\n|player|p2|raditz ursagod|170|1052\n|gen|9\n|tier|[Gen 9 Champions] VGC 2026 Reg M-A\n|rated|\n|rule|Species Clause: Limit one of each Pok\u00e9mon\n|rule|Item Clause: Limit 1 of each item\n|clearpoke\n|poke|p1|Pelipper, L50, F|\n|poke|p1|Maushold, L50|\n|poke|p1|Azumarill, L50, M|\n|poke|p1|Dragonite, L50, F|\n|poke|p1|Archaludon, L50, F|\n|poke|p1|Sneasler, L50, F|\n|poke|p2|Charizard, L50, M|\n|poke|p2|Sinistcha-Masterpiece, L50|\n|poke|p2|Incineroar, L50, M|\n|poke|p2|Hydreigon, L50, M|\n|poke|p2|Sneasler, L50, M|\n|poke|p2|Milotic, L50, M|\n|teampreview|4\n|inactive|Battle timer is ON: inactive players will automatically lose when time's up. (requested by raditz ursagod)\n|\n|t:|1776427601\n|teamsize|p1|4\n|teamsize|p2|4\n|start\n|switch|p1a: Azumarill|Azumarill, L50, M|100/100\n|switch|p1b: Sneasler|Sneasler, L50, F|100/100\n|switch|p2a: Sneasler|Sneasler, L50, M, shiny|100/100\n|switch|p2b: Charizard|Charizard, L50, M, shiny|100/100\n|turn|1\n|inactive|raditz ursagod has 30 seconds left.\n|\n|t:|1776427632\n|move|p2b: Charizard|Protect|p2b: Charizard\n|-singleturn|p2b: Charizard|Protect\n|move|p1b: Sneasler|Fake Out|p2a: Sneasler\n|-damage|p2a: Sneasler|75/100\n|cant|p2a: Sneasler|flinch\n|move|p1a: Azumarill|Belly Drum|p1a: Azumarill\n|-damage|p1a: Azumarill|50/100\n|-setboost|p1a: Azumarill|atk|6|[from] move: Belly Drum\n|-enditem|p1a: Azumarill|Sitrus Berry|[eat]\n|-heal|p1a: Azumarill|75/100|[from] item: Sitrus Berry\n|\n|upkeep\n|turn|2\n|\n|t:|1776427653\n|switch|p2a: Hydreigon|Hydreigon, L50, M|100/100\n|switch|p1b: Maushold|Maushold, L50|100/100\n|detailschange|p2b: Charizard|Charizard-Mega-X, L50, M, shiny\n|-mega|p2b: Charizard|Charizard|Charizardite X\n|move|p1a: Azumarill|Protect|p1a: Azumarill\n|-singleturn|p1a: Azumarill|Protect\n|move|p2b: Charizard|Flare Blitz|p1b: Maushold\n|-crit|p1b: Maushold\n|-damage|p1b: Maushold|0 fnt\n|faint|p1b: Maushold\n|-damage|p2b: Charizard|61/100|[from] Recoil\n|\n|upkeep\n|\n|t:|1776427668\n|switch|p1b: Sneasler|Sneasler, L50, F|100/100\n|turn|3\n|\n|t:|1776427681\n|move|p2b: Charizard|Protect|p2b: Charizard\n|-singleturn|p2b: Charizard|Protect\n|move|p2a: Hydreigon|Protect|p2a: Hydreigon\n|-singleturn|p2a: Hydreigon|Protect\n|move|p1b: Sneasler|Fake Out|p2a: Hydreigon\n|-activate|p2a: Hydreigon|move: Protect\n|move|p1a: Azumarill|Aqua Jet|p2b: Charizard\n|-activate|p2b: Charizard|move: Protect\n|\n|upkeep\n|turn|4\n|\n|t:|1776427700\n|switch|p2a: Sinistcha|Sinistcha-Masterpiece, L50|100/100\n|-heal|p2b: Charizard|86/100|[from] ability: Hospitality|[of] p2a: Sinistcha\n|move|p1a: Azumarill|Aqua Jet|p2b: Charizard\n|-damage|p2b: Charizard|0 fnt\n|faint|p2b: Charizard\n|move|p1b: Sneasler|Close Combat|p2a: Sinistcha\n|-immune|p2a: Sinistcha\n|\n|upkeep\n|\n|t:|1776427707\n|switch|p2b: Sneasler|Sneasler, L50, M, shiny|75/100\n|turn|5\n|\n|t:|1776427732\n|switch|p1b: Pelipper|Pelipper, L50, F|100/100\n|-weather|RainDance|[from] ability: Drizzle|[of] p1b: Pelipper\n|move|p1a: Azumarill|Protect|p1a: Azumarill\n|-singleturn|p1a: Azumarill|Protect\n|move|p2a: Sinistcha|Rage Powder|p2a: Sinistcha\n|-singleturn|p2a: Sinistcha|move: Rage Powder\n|move|p2b: Sneasler|Close Combat|p1b: Pelipper\n|-resisted|p1b: Pelipper|1\n|-damage|p1b: Pelipper|62/100\n|-unboost|p2b: Sneasler|def|1\n|-unboost|p2b: Sneasler|spd|1\n|-enditem|p2b: Sneasler|White Herb\n|-clearnegativeboost|p2b: Sneasler|[silent]\n|\n|-weather|RainDance|[upkeep]\n|upkeep\n|turn|6\n|inactive|LewisCarroll has 30 seconds left.\n|inactive|raditz ursagod has 30 seconds left.\n|\n|t:|1776427774\n|move|p1a: Azumarill|Aqua Jet|p2b: Sneasler\n|-damage|p2b: Sneasler|0 fnt\n|faint|p2b: Sneasler\n|move|p1b: Pelipper|Hurricane|p2a: Sinistcha\n|-supereffective|p2a: Sinistcha|1\n|-enditem|p2a: Sinistcha|Coba Berry|[eat]\n|-enditem|p2a: Sinistcha|Coba Berry|[weaken]\n|-damage|p2a: Sinistcha|60/100\n|move|p2a: Sinistcha|Matcha Gotcha|p1a: Azumarill|[spread] p1a,p1b\n|-supereffective|p1a: Azumarill|1\n|-damage|p1a: Azumarill|14/100\n|-heal|p2a: Sinistcha|90/100|[from] drain|[of] p1a: Azumarill\n|-damage|p1b: Pelipper|30/100\n|-heal|p2a: Sinistcha|100/100|[from] drain|[of] p1b: Pelipper\n|-status|p1a: Azumarill|brn\n|\n|-weather|RainDance|[upkeep]\n|-damage|p1a: Azumarill|8/100 brn|[from] brn\n|upkeep\n|\n|t:|1776427790\n|switch|p2b: Hydreigon|Hydreigon, L50, M|100/100\n|turn|7\n|\n|t:|1776427798\n|move|p2a: Sinistcha|Rage Powder|p2a: Sinistcha\n|-singleturn|p2a: Sinistcha|move: Rage Powder\n|move|p1a: Azumarill|Aqua Jet|p2a: Sinistcha\n|-resisted|p2a: Sinistcha|1\n|-damage|p2a: Sinistcha|65/100\n|move|p2b: Hydreigon|Focus Energy|p2b: Hydreigon\n|-start|p2b: Hydreigon|move: Focus Energy\n|move|p1b: Pelipper|Tailwind|p1b: Pelipper\n|-sidestart|p1: LewisCarroll|move: Tailwind\n|\n|-weather|RainDance|[upkeep]\n|-damage|p1a: Azumarill|2/100 brn|[from] brn\n|upkeep\n|turn|8\n|\n|t:|1776427818\n|move|p2b: Hydreigon|Protect|p2b: Hydreigon\n|-singleturn|p2b: Hydreigon|Protect\n|move|p1a: Azumarill|Play Rough|p2b: Hydreigon\n|-activate|p2b: Hydreigon|move: Protect\n|move|p1b: Pelipper|Hurricane|p2a: Sinistcha\n|-supereffective|p2a: Sinistcha|1\n|-damage|p2a: Sinistcha|0 fnt\n|faint|p2a: Sinistcha\n|\n|-weather|RainDance|[upkeep]\n|-damage|p1a: Azumarill|0 fnt|[from] brn\n|faint|p1a: Azumarill\n|upkeep\n|\n|t:|1776427829\n|switch|p1a: Sneasler|Sneasler, L50, F|100/100\n|turn|9\n|\n|t:|1776427839\n|move|p1a: Sneasler|Close Combat|p2b: Hydreigon\n|-supereffective|p2b: Hydreigon|1\n|-damage|p2b: Hydreigon|0 fnt\n|-unboost|p1a: Sneasler|def|1\n|-unboost|p1a: Sneasler|spd|1\n|faint|p2b: Hydreigon\n|\n|win|LewisCarroll\n|raw|LewisCarroll's rating: 1093 &rarr; <strong>1116</strong><br />(+23 for winning)\n|raw|raditz ursagod's rating: 1052 &rarr; <strong>1036</strong><br />(-16 for losing)\n|c|\u2606raditz ursagod|Gg\n",
  "uploadtime": 1776427847,
  "views": 38,
  "formatid": "gen9championsvgc2026regma",
  "rating": 1036,
  "private": 0,
  "password": null
}