{
  "id": "gen9championsvgc2026regma-2589403643",
  "format": "[Gen 9 Champions] VGC 2026 Reg M-A",
  "players": [
    "underlinegui",
    "swarm"
  ],
  "log": "|j|\u2606underlinegui\n|j|\u2606swarm\n|t:|1776720142\n|gametype|doubles\n|player|p1|underlinegui|2|1439\n|player|p2|swarm|102|1483\n|gen|9\n|tier|[Gen 9 Champions] VGC 2026 Reg M-A\n|rated|\n|rule|Species Clause: Limit one of each Pok\u00e9mon\n|rule|Item Clause: Limit 1 of each item\n|clearpoke\n|poke|p1|Meganium, L50, F, shiny|\n|poke|p1|Sableye, L50, F, shiny|\n|poke|p1|Archaludon, L50, M|\n|poke|p1|Basculegion, L50, M|\n|poke|p1|Pelipper, L50, M|\n|poke|p1|Sneasler, L50, F|\n|poke|p2|Venusaur, L50, M|\n|poke|p2|Talonflame, L50, F|\n|poke|p2|Garchomp, L50, M|\n|poke|p2|Basculegion, L50, M|\n|poke|p2|Incineroar, L50, F|\n|poke|p2|Tsareena, L50, F|\n|teampreview|4\n|inactive|Battle timer is ON: inactive players will automatically lose when time's up. (requested by underlinegui)\n|inactive|underlinegui has 60 seconds left.\n|inactive|swarm has 60 seconds left.\n|inactive|underlinegui has 30 seconds left.\n|\n|t:|1776720206\n|teamsize|p1|4\n|teamsize|p2|4\n|start\n|switch|p1a: Basculegion|Basculegion, L50, M|100/100\n|switch|p1b: Sneasler|Sneasler, L50, F|100/100\n|switch|p2a: Talonflame|Talonflame, L50, F|100/100\n|switch|p2b: Garchomp|Garchomp, L50, M|100/100\n|turn|1\n|inactive|underlinegui has 30 seconds left.\n|inactive|underlinegui has 20 seconds left.\n|inactive|underlinegui has 15 seconds left.\n|inactive|underlinegui has 10 seconds left.\n|inactive|underlinegui has 5 seconds left.\n|\n|t:|1776720258\n|move|p2a: Talonflame|Protect|p2a: Talonflame\n|-singleturn|p2a: Talonflame|Protect\n|move|p1b: Sneasler|Fake Out|p2b: Garchomp\n|-damage|p2b: Garchomp|85/100\n|-damage|p1b: Sneasler|88/100|[from] ability: Rough Skin|[of] p2b: Garchomp\n|cant|p2b: Garchomp|flinch\n|move|p1a: Basculegion|Flip Turn|p2a: Talonflame\n|-activate|p2a: Talonflame|move: Protect\n|\n|upkeep\n|turn|2\n|\n|t:|1776720282\n|move|p1b: Sneasler|Protect|p1b: Sneasler\n|-singleturn|p1b: Sneasler|Protect\n|move|p2a: Talonflame|Acrobatics|p1a: Basculegion\n|-crit|p1a: Basculegion\n|-damage|p1a: Basculegion|24/100\n|move|p2b: Garchomp|Earthquake|p1b: Sneasler|[spread] p1a\n|-activate|p1b: Sneasler|move: Protect\n|-immune|p2a: Talonflame\n|-damage|p1a: Basculegion|0 fnt\n|faint|p1a: Basculegion\n|\n|upkeep\n|\n|t:|1776720293\n|switch|p1a: Pelipper|Pelipper, L50, M|100/100\n|-weather|RainDance|[from] ability: Drizzle|[of] p1a: Pelipper\n|turn|3\n|inactive|underlinegui has 30 seconds left.\n|inactive|underlinegui has 20 seconds left.\n|inactive|underlinegui has 15 seconds left.\n|\n|t:|1776720334\n|switch|p2b: Basculegion|Basculegion, L50, M|100/100\n|switch|p1a: Archaludon|Archaludon, L50, M|100/100\n|move|p1b: Sneasler|Protect|p1b: Sneasler\n|-singleturn|p1b: Sneasler|Protect\n|move|p2a: Talonflame|Acrobatics|p1b: Sneasler\n|-activate|p1b: Sneasler|move: Protect\n|\n|-weather|RainDance|[upkeep]\n|upkeep\n|turn|4\n|inactive|underlinegui has 30 seconds left.\n|inactive|swarm has 30 seconds left.\n|inactive|underlinegui has 20 seconds left.\n|inactive|underlinegui has 15 seconds left.\n|\n|t:|1776720378\n|switch|p2b: Venusaur|Venusaur, L50, M|100/100\n|move|p2a: Talonflame|Protect|p2a: Talonflame\n|-singleturn|p2a: Talonflame|Protect\n|move|p1b: Sneasler|Dire Claw|p2b: Venusaur\n|-damage|p2b: Venusaur|49/100\n|move|p1a: Archaludon|Electro Shot||[still]\n|-prepare|p1a: Archaludon|Electro Shot\n|-boost|p1a: Archaludon|spa|1\n|-anim|p1a: Archaludon|Electro Shot|p2a: Talonflame\n|-activate|p2a: Talonflame|move: Protect\n|\n|-weather|RainDance|[upkeep]\n|upkeep\n|turn|5\n|inactive|underlinegui has 30 seconds left.\n|\n|t:|1776720409\n|detailschange|p2b: Venusaur|Venusaur-Mega, L50, M\n|-mega|p2b: Venusaur|Venusaur|Venusaurite\n|move|p2a: Talonflame|Tailwind|p2a: Talonflame\n|-sidestart|p2: swarm|move: Tailwind\n|move|p2b: Venusaur|Earth Power|p1b: Sneasler\n|-supereffective|p1b: Sneasler|1\n|-damage|p1b: Sneasler|11/100\n|move|p1b: Sneasler|Dire Claw|p2b: Venusaur\n|-damage|p2b: Venusaur|12/100\n|move|p1a: Archaludon|Electro Shot||[still]\n|-prepare|p1a: Archaludon|Electro Shot\n|-boost|p1a: Archaludon|spa|1\n|-anim|p1a: Archaludon|Electro Shot|p2a: Talonflame\n|-supereffective|p2a: Talonflame|1\n|-damage|p2a: Talonflame|0 fnt\n|faint|p2a: Talonflame\n|\n|-weather|RainDance|[upkeep]\n|upkeep\n|\n|t:|1776720419\n|switch|p2a: Garchomp|Garchomp, L50, M|85/100\n|turn|6\n|\n|t:|1776720442\n|move|p1b: Sneasler|Protect|p1b: Sneasler\n|-singleturn|p1b: Sneasler|Protect\n|move|p1a: Archaludon|Protect|p1a: Archaludon\n|-singleturn|p1a: Archaludon|Protect\n|move|p2a: Garchomp|Stomping Tantrum|p1a: Archaludon\n|-activate|p1a: Archaludon|move: Protect\n|move|p2b: Venusaur|Earth Power|p1a: Archaludon\n|-activate|p1a: Archaludon|move: Protect\n|\n|-weather|RainDance|[upkeep]\n|upkeep\n|turn|7\n|inactive|underlinegui has 30 seconds left.\n|inactive|underlinegui has 20 seconds left.\n|inactive|underlinegui has 15 seconds left.\n|inactive|underlinegui has 10 seconds left.\n|\n|t:|1776720492\n|switch|p1a: Pelipper|Pelipper, L50, M|100/100\n|move|p2a: Garchomp|Stomping Tantrum|p1a: Pelipper\n|-immune|p1a: Pelipper\n|move|p2b: Venusaur|Earth Power|p1b: Sneasler\n|-supereffective|p1b: Sneasler|1\n|-damage|p1b: Sneasler|0 fnt\n|faint|p1b: Sneasler\n|\n|-weather|none\n|upkeep\n|\n|t:|1776720502\n|switch|p1b: Archaludon|Archaludon, L50, M|100/100\n|turn|8\n|\n|t:|1776720521\n|move|p1b: Archaludon|Protect|p1b: Archaludon\n|-singleturn|p1b: Archaludon|Protect\n|move|p2a: Garchomp|Stomping Tantrum|p1b: Archaludon\n|-activate|p1b: Archaludon|move: Protect\n|move|p2b: Venusaur|Giga Drain|p1a: Pelipper\n|-damage|p1a: Pelipper|30/100\n|-heal|p2b: Venusaur|38/100|[from] drain|[of] p1a: Pelipper\n|move|p1a: Pelipper|Tailwind|p1a: Pelipper\n|-sidestart|p1: underlinegui|move: Tailwind\n|\n|-sideend|p2: swarm|move: Tailwind\n|upkeep\n|turn|9\n|\n|t:|1776720541\n|move|p1a: Pelipper|Hurricane|p2b: Venusaur|[miss]\n|-miss|p1a: Pelipper|p2b: Venusaur\n|move|p2a: Garchomp|Stomping Tantrum|p1b: Archaludon\n|-supereffective|p1b: Archaludon|1\n|-damage|p1b: Archaludon|41/100\n|-ability|p1b: Archaludon|Stamina|boost\n|-boost|p1b: Archaludon|def|1\n|-enditem|p1b: Archaludon|Sitrus Berry|[eat]\n|-heal|p1b: Archaludon|66/100|[from] item: Sitrus Berry\n|move|p1b: Archaludon|Draco Meteor|p2a: Garchomp\n|-supereffective|p2a: Garchomp|1\n|-damage|p2a: Garchomp|0 fnt\n|-unboost|p1b: Archaludon|spa|2\n|faint|p2a: Garchomp\n|move|p2b: Venusaur|Giga Drain|p1a: Pelipper\n|-damage|p1a: Pelipper|0 fnt\n|-heal|p2b: Venusaur|49/100|[from] drain|[of] p1a: Pelipper\n|faint|p1a: Pelipper\n|\n|upkeep\n|\n|t:|1776720548\n|switch|p2a: Basculegion|Basculegion, L50, M|100/100\n|turn|10\n|\n|t:|1776720565\n|move|p1b: Archaludon|Electro Shot||[still]\n|-prepare|p1b: Archaludon|Electro Shot\n|-boost|p1b: Archaludon|spa|1\n|move|p2a: Basculegion|Last Respects|p1b: Archaludon\n|-damage|p1b: Archaludon|25/100\n|-ability|p1b: Archaludon|Stamina|boost\n|-boost|p1b: Archaludon|def|1\n|move|p2b: Venusaur|Earth Power|p1b: Archaludon\n|-supereffective|p1b: Archaludon|1\n|-damage|p1b: Archaludon|0 fnt\n|faint|p1b: Archaludon\n|\n|win|swarm\n|raw|underlinegui's rating: 1439 &rarr; <strong>1422</strong><br />(-17 for losing)\n|raw|swarm's rating: 1483 &rarr; <strong>1500</strong><br />(+17 for winning)\n|l|\u2606swarm\n|player|p2|\n",
  "uploadtime": 1776723235,
  "views": 11,
  "formatid": "gen9championsvgc2026regma",
  "rating": 1422,
  "private": 0,
  "password": null
}