{
  "id": "gen9championsvgc2026regma-2581623908",
  "format": "[Gen 9 Champions] VGC 2026 Reg M-A",
  "players": [
    "xjpsuperfan",
    "Furka58yy"
  ],
  "log": "|j|\u2606xjpsuperfan\n|j|\u2606Furka58yy\n|t:|1776015975\n|gametype|doubles\n|player|p1|xjpsuperfan|169|1287\n|player|p2|Furka58yy|102|1391\n|gen|9\n|tier|[Gen 9 Champions] VGC 2026 Reg M-A\n|rated|\n|rule|Species Clause: Limit one of each Pok\u00e9mon\n|rule|Item Clause: Limit 1 of each item\n|clearpoke\n|poke|p1|Sinistcha, L50|\n|poke|p1|Dragonite, L50, M|\n|poke|p1|Pelipper, L50, M|\n|poke|p1|Palafin, L50, M|\n|poke|p1|Sneasler, L50, F|\n|poke|p1|Incineroar, L50, F|\n|poke|p2|Kingambit, L50, M|\n|poke|p2|Charizard, L50, F|\n|poke|p2|Venusaur, L50, M|\n|poke|p2|Garchomp, L50, M|\n|poke|p2|Sneasler, L50, M|\n|poke|p2|Aerodactyl, L50, F|\n|teampreview|4\n|\n|t:|1776016034\n|teamsize|p1|4\n|teamsize|p2|4\n|start\n|switch|p1a: Dragonite|Dragonite, L50, M|100/100\n|switch|p1b: Palafin|Palafin, L50, M|100/100\n|switch|p2a: Charizard|Charizard, L50, F|100/100\n|switch|p2b: Venusaur|Venusaur, L50, M|100/100\n|turn|1\n|inactive|Battle timer is ON: inactive players will automatically lose when time's up. (requested by Furka58yy)\n|inactive|Furka58yy has 60 seconds left.\n|\n|t:|1776016071\n|detailschange|p2a: Charizard|Charizard-Mega-Y, L50, F\n|-mega|p2a: Charizard|Charizard|Charizardite Y\n|-weather|SunnyDay|[from] ability: Drought|[of] p2a: Charizard\n|move|p1a: Dragonite|Protect|p1a: Dragonite\n|-singleturn|p1a: Dragonite|Protect\n|move|p1b: Palafin|Protect|p1b: Palafin\n|-singleturn|p1b: Palafin|Protect\n|move|p2b: Venusaur|Leaf Storm|p1b: Palafin\n|-activate|p1b: Palafin|move: Protect\n|move|p2a: Charizard|Air Slash|p1a: Dragonite\n|-activate|p1a: Dragonite|move: Protect\n|\n|-weather|SunnyDay|[upkeep]\n|upkeep\n|turn|2\n|inactive|xjpsuperfan has 30 seconds left.\n|inactive|Furka58yy has 30 seconds left.\n|\n|t:|1776016102\n|switch|p2a: Garchomp|Garchomp, L50, M|100/100\n|detailschange|p1b: Palafin|Palafin-Hero, L50, M\n|switch|p1b: Pelipper|Pelipper, L50, M|100/100\n|-weather|RainDance|[from] ability: Drizzle|[of] p1b: Pelipper\n|detailschange|p1a: Dragonite|Dragonite-Mega, L50, M\n|-mega|p1a: Dragonite|Dragonite|Dragoninite\n|move|p1a: Dragonite|Hurricane|p2b: Venusaur\n|-supereffective|p2b: Venusaur|1\n|-crit|p2b: Venusaur\n|-damage|p2b: Venusaur|0 fnt\n|faint|p2b: Venusaur\n|\n|-weather|RainDance|[upkeep]\n|upkeep\n|\n|t:|1776016115\n|switch|p2b: Charizard|Charizard-Mega-Y, L50, F|100/100\n|-weather|SunnyDay|[from] ability: Drought|[of] p2b: Charizard\n|turn|3\n|\n|t:|1776016136\n|move|p1a: Dragonite|Protect|p1a: Dragonite\n|-singleturn|p1a: Dragonite|Protect\n|move|p2a: Garchomp|Rock Slide|p1a: Dragonite|[spread] p1b\n|-activate|p1a: Dragonite|move: Protect\n|-supereffective|p1b: Pelipper|1\n|-damage|p1b: Pelipper|66/100\n|move|p2b: Charizard|Heat Wave|p1a: Dragonite|[spread] \n|-activate|p1a: Dragonite|move: Protect\n|-miss|p2b: Charizard|p1b: Pelipper\n|move|p1b: Pelipper|Tailwind|p1b: Pelipper\n|-sidestart|p1: xjpsuperfan|move: Tailwind\n|\n|-weather|SunnyDay|[upkeep]\n|upkeep\n|turn|4\n|inactive|xjpsuperfan has 30 seconds left.\n|\n|t:|1776016163\n|move|p2a: Garchomp|Protect|p2a: Garchomp\n|-singleturn|p2a: Garchomp|Protect\n|move|p1a: Dragonite|Draco Meteor|p2b: Charizard\n|-damage|p2b: Charizard|35/100\n|-unboost|p1a: Dragonite|spa|2\n|move|p1b: Pelipper|Weather Ball|p2b: Charizard\n|-resisted|p2b: Charizard|1\n|-damage|p2b: Charizard|20/100\n|move|p2b: Charizard|Heat Wave|p1a: Dragonite|[spread] p1a,p1b\n|-resisted|p1a: Dragonite|1\n|-resisted|p1b: Pelipper|1\n|-damage|p1a: Dragonite|86/100\n|-damage|p1b: Pelipper|28/100\n|\n|-weather|SunnyDay|[upkeep]\n|upkeep\n|turn|5\n|\n|t:|1776016180\n|switch|p1b: Sinistcha|Sinistcha, L50|100/100\n|-heal|p1a: Dragonite|100/100|[from] ability: Hospitality|[of] p1b: Sinistcha\n|switch|p2b: Sneasler|Sneasler, L50, M|100/100\n|move|p1a: Dragonite|Draco Meteor|p2b: Sneasler|[miss]\n|-miss|p1a: Dragonite|p2b: Sneasler\n|move|p2a: Garchomp|Rock Slide|p1a: Dragonite|[spread] p1b\n|-miss|p2a: Garchomp|p1a: Dragonite\n|-damage|p1b: Sinistcha|83/100\n|\n|-weather|SunnyDay|[upkeep]\n|upkeep\n|turn|6\n|inactive|xjpsuperfan has 30 seconds left.\n|\n|t:|1776016207\n|switch|p1a: Pelipper|Pelipper, L50, M|28/100\n|-weather|RainDance|[from] ability: Drizzle|[of] p1a: Pelipper\n|move|p2a: Garchomp|Protect|p2a: Garchomp\n|-singleturn|p2a: Garchomp|Protect\n|move|p2b: Sneasler|Fake Out|p1a: Pelipper\n|-damage|p1a: Pelipper|17/100\n|move|p1b: Sinistcha|Matcha Gotcha|p2a: Garchomp|[spread] p2b\n|-activate|p2a: Garchomp|move: Protect\n|-resisted|p2b: Sneasler|1\n|-damage|p2b: Sneasler|85/100\n|-heal|p1b: Sinistcha|90/100|[from] drain|[of] p2b: Sneasler\n|\n|-weather|RainDance|[upkeep]\n|-sideend|p1: xjpsuperfan|move: Tailwind\n|upkeep\n|turn|7\n|\n|t:|1776016227\n|switch|p1a: Dragonite|Dragonite-Mega, L50, M|100/100\n|move|p2b: Sneasler|Throat Chop|p1b: Sinistcha\n|-supereffective|p1b: Sinistcha|1\n|-damage|p1b: Sinistcha|40/100\n|-start|p1b: Sinistcha|Throat Chop|[silent]\n|move|p2a: Garchomp|Rock Slide|p1a: Dragonite|[spread] p1b\n|-miss|p2a: Garchomp|p1a: Dragonite\n|-damage|p1b: Sinistcha|25/100\n|move|p1b: Sinistcha|Trick Room|p1b: Sinistcha\n|-fieldstart|move: Trick Room|[of] p1b: Sinistcha\n|\n|-weather|RainDance|[upkeep]\n|upkeep\n|turn|8\n|\n|t:|1776016246\n|switch|p1b: Palafin|Palafin-Hero, L50, M|100/100\n|-activate|p1b: Palafin|ability: Zero to Hero\n|move|p2a: Garchomp|Protect|p2a: Garchomp\n|-singleturn|p2a: Garchomp|Protect\n|move|p1a: Dragonite|Hurricane|p2b: Sneasler\n|-supereffective|p2b: Sneasler|1\n|-damage|p2b: Sneasler|0 fnt\n|faint|p2b: Sneasler\n|\n|-weather|RainDance|[upkeep]\n|upkeep\n|\n|t:|1776016256\n|switch|p2b: Charizard|Charizard-Mega-Y, L50, F|20/100\n|-weather|SunnyDay|[from] ability: Drought|[of] p2b: Charizard\n|turn|9\n|\n|t:|1776016265\n|move|p1b: Palafin|Jet Punch|p2b: Charizard\n|-supereffective|p2b: Charizard|1\n|-damage|p2b: Charizard|0 fnt\n|faint|p2b: Charizard\n|move|p1a: Dragonite|Draco Meteor|p2a: Garchomp|[miss]\n|-miss|p1a: Dragonite|p2a: Garchomp\n|move|p2a: Garchomp|Dragon Claw|p1a: Dragonite\n|-supereffective|p1a: Dragonite|1\n|-damage|p1a: Dragonite|58/100\n|\n|-weather|SunnyDay|[upkeep]\n|upkeep\n|turn|10\n|c|\u2606xjpsuperfan|Damn\n|\n|t:|1776016277\n|switch|p1b: Sinistcha|Sinistcha, L50|25/100\n|-heal|p1a: Dragonite|82/100|[from] ability: Hospitality|[of] p1b: Sinistcha\n|move|p2a: Garchomp|Protect|p2a: Garchomp\n|-singleturn|p2a: Garchomp|Protect\n|move|p1a: Dragonite|Draco Meteor|p2a: Garchomp\n|-activate|p2a: Garchomp|move: Protect\n|\n|-weather|SunnyDay|[upkeep]\n|upkeep\n|turn|11\n|\n|t:|1776016286\n|switch|p1b: Palafin|Palafin-Hero, L50, M|100/100\n|move|p1a: Dragonite|Draco Meteor|p2a: Garchomp\n|-supereffective|p2a: Garchomp|1\n|-damage|p2a: Garchomp|0 fnt\n|-unboost|p1a: Dragonite|spa|2\n|faint|p2a: Garchomp\n|\n|win|xjpsuperfan\n|raw|xjpsuperfan's rating: 1287 &rarr; <strong>1319</strong><br />(+32 for winning)\n|raw|Furka58yy's rating: 1391 &rarr; <strong>1365</strong><br />(-26 for losing)\n",
  "uploadtime": 1776016297,
  "views": 39,
  "formatid": "gen9championsvgc2026regma",
  "rating": 1319,
  "private": 0,
  "password": null
}