{
  "id": "gen9championsvgc2026regma-2583399463",
  "format": "[Gen 9 Champions] VGC 2026 Reg M-A",
  "players": [
    "aviatorturtle",
    "CoolTrainerBu"
  ],
  "log": "|j|\u2606aviatorturtle\n|j|\u2606CoolTrainerBu\n|t:|1776173018\n|gametype|doubles\n|player|p1|aviatorturtle|doubleteam|1163\n|player|p2|CoolTrainerBu|101|1176\n|gen|9\n|tier|[Gen 9 Champions] VGC 2026 Reg M-A\n|rated|\n|rule|Species Clause: Limit one of each Pok\u00e9mon\n|rule|Item Clause: Limit 1 of each item\n|clearpoke\n|poke|p1|Garchomp, L50, M|\n|poke|p1|Kingambit, L50, M|\n|poke|p1|Rotom-Wash, L50|\n|poke|p1|Venusaur, L50, F|\n|poke|p1|Incineroar, L50, M|\n|poke|p1|Charizard, L50, F|\n|poke|p2|Charizard, L50, M|\n|poke|p2|Whimsicott, L50, M|\n|poke|p2|Garchomp, L50, M|\n|poke|p2|Sneasler, L50, M|\n|poke|p2|Maushold, L50|\n|poke|p2|Incineroar, L50, M|\n|teampreview|4\n|inactive|Battle timer is ON: inactive players will automatically lose when time's up. (requested by aviatorturtle)\n|\n|t:|1776173067\n|teamsize|p1|4\n|teamsize|p2|4\n|start\n|switch|p1a: Garchomp|Garchomp, L50, M|100/100\n|switch|p1b: Kingambit|Kingambit, L50, M|100/100\n|switch|p2a: Incineroar|Incineroar, L50, M|100/100\n|switch|p2b: Garchomp|Garchomp, L50, M|100/100\n|-ability|p2a: Incineroar|Intimidate|boost\n|-unboost|p1a: Garchomp|atk|1\n|-unboost|p1b: Kingambit|atk|1\n|-ability|p1b: Kingambit|Defiant|boost\n|-boost|p1b: Kingambit|atk|2\n|turn|1\n|inactive|CoolTrainerBu has 30 seconds left.\n|inactive|aviatorturtle has 30 seconds left.\n|\n|t:|1776173105\n|switch|p2b: Charizard|Charizard, L50, M|100/100\n|move|p1b: Kingambit|Protect|p1b: Kingambit\n|-singleturn|p1b: Kingambit|Protect\n|move|p2a: Incineroar|Fake Out|p1b: Kingambit\n|-activate|p1b: Kingambit|move: Protect\n|move|p1a: Garchomp|Dragon Claw|p2b: Charizard\n|-damage|p2b: Charizard|69/100\n|\n|upkeep\n|turn|2\n|\n|t:|1776173125\n|switch|p1b: Charizard|Charizard, L50, F|100/100\n|detailschange|p2b: Charizard|Charizard-Mega-Y, L50, M\n|-mega|p2b: Charizard|Charizard|Charizardite Y\n|-weather|SunnyDay|[from] ability: Drought|[of] p2b: Charizard\n|move|p1a: Garchomp|Rock Slide|p2a: Incineroar|[spread] p2a,p2b\n|-supereffective|p2a: Incineroar|1\n|-supereffective|p2b: Charizard|2\n|-damage|p2a: Incineroar|76/100\n|-damage|p2b: Charizard|14/100\n|cant|p2b: Charizard|flinch\n|cant|p2a: Incineroar|flinch\n|\n|-weather|SunnyDay|[upkeep]\n|upkeep\n|turn|3\n|inactive|aviatorturtle has 30 seconds left.\n|\n|t:|1776173150\n|switch|p2b: Garchomp|Garchomp, L50, M|100/100\n|detailschange|p1b: Charizard|Charizard-Mega-Y, L50, F\n|-mega|p1b: Charizard|Charizard|Charizardite Y\n|move|p1a: Garchomp|Rock Slide|p2b: Garchomp|[spread] p2a,p2b\n|-supereffective|p2a: Incineroar|1\n|-resisted|p2b: Garchomp|1\n|-damage|p2a: Incineroar|52/100\n|-damage|p2b: Garchomp|94/100\n|move|p1b: Charizard|Weather Ball|p2a: Incineroar\n|-resisted|p2a: Incineroar|1\n|-damage|p2a: Incineroar|6/100\n|cant|p2a: Incineroar|flinch\n|\n|-weather|SunnyDay|[upkeep]\n|upkeep\n|turn|4\n|\n|t:|1776173174\n|switch|p1a: Venusaur|Venusaur, L50, F|100/100\n|move|p1b: Charizard|Protect|p1b: Charizard\n|-singleturn|p1b: Charizard|Protect\n|move|p2b: Garchomp|Rock Slide|p1b: Charizard|[spread] p1a\n|-activate|p1b: Charizard|move: Protect\n|-damage|p1a: Venusaur|73/100\n|move|p2a: Incineroar|Parting Shot|p1a: Venusaur\n|-unboost|p1a: Venusaur|atk|1\n|-unboost|p1a: Venusaur|spa|1\n|\n|t:|1776173188\n|switch|p2a: Whimsicott|Whimsicott, L50, M|100/100|[from] Parting Shot\n|\n|-weather|SunnyDay|[upkeep]\n|upkeep\n|turn|5\n|inactive|aviatorturtle has 30 seconds left.\n|\n|t:|1776173219\n|move|p2a: Whimsicott|Tailwind|p2a: Whimsicott\n|-sidestart|p2: CoolTrainerBu|move: Tailwind\n|move|p2b: Garchomp|Rock Slide|p1b: Charizard|[spread] p1a,p1b\n|-supereffective|p1b: Charizard|2\n|-damage|p1a: Venusaur|46/100\n|-damage|p1b: Charizard|0 fnt\n|faint|p1b: Charizard\n|cant|p1a: Venusaur|flinch\n|\n|-weather|SunnyDay|[upkeep]\n|upkeep\n|-message|aviatorturtle forfeited.\n|\n|win|CoolTrainerBu\n|raw|aviatorturtle's rating: 1163 &rarr; <strong>1139</strong><br />(-24 for losing)\n|raw|CoolTrainerBu's rating: 1176 &rarr; <strong>1200</strong><br />(+24 for winning)\n|l|\u2606aviatorturtle\n|player|p1|\n",
  "uploadtime": 1776173247,
  "views": 13,
  "formatid": "gen9championsvgc2026regma",
  "rating": 1139,
  "private": 0,
  "password": null
}