{
  "id": "gen9championsvgc2026regma-2581322576",
  "format": "[Gen 9 Champions] VGC 2026 Reg M-A",
  "players": [
    "Brasegalishiny",
    "zeranogamer147"
  ],
  "log": "|j|\u2606Brasegalishiny\n|j|\u2606zeranogamer147\n|t:|1775986516\n|gametype|doubles\n|player|p1|Brasegalishiny|1|1304\n|player|p2|zeranogamer147|2|1347\n|gen|9\n|tier|[Gen 9 Champions] VGC 2026 Reg M-A\n|rated|\n|rule|Species Clause: Limit one of each Pok\u00e9mon\n|rule|Item Clause: Limit 1 of each item\n|clearpoke\n|poke|p1|Sneasler, L50, F|\n|poke|p1|Beedrill, L50, F|\n|poke|p1|Basculegion, L50, M|\n|poke|p1|Froslass, L50, F|\n|poke|p1|Garchomp, L50, F|\n|poke|p1|Talonflame, L50, F|\n|poke|p2|Charizard, L50, F|\n|poke|p2|Venusaur, L50, F|\n|poke|p2|Garchomp, L50, F|\n|poke|p2|Gardevoir, L50, F|\n|poke|p2|Milotic, L50, M|\n|poke|p2|Incineroar, L50, F|\n|teampreview|4\n|inactive|Battle timer is ON: inactive players will automatically lose when time's up. (requested by Brasegalishiny)\n|j| gE1xjZRtuhW2DdT0AK\n|inactive|Brasegalishiny has 60 seconds left.\n|inactive|zeranogamer147 has 60 seconds left.\n|\n|t:|1775986565\n|teamsize|p1|4\n|teamsize|p2|4\n|start\n|switch|p1a: Sneasler|Sneasler, L50, F, shiny|100/100\n|switch|p1b: Basculegion|Basculegion, L50, M|100/100\n|switch|p2a: Charizard|Charizard, L50, F|100/100\n|switch|p2b: Gardevoir|Gardevoir, L50, F|100/100\n|-ability|p2b: Gardevoir|Adaptability|Trace|[from] ability: Trace|[of] p1b: Basculegion\n|turn|1\n|\n|t:|1775986576\n|detailschange|p2a: Charizard|Charizard-Mega-Y, L50, F\n|-mega|p2a: Charizard|Charizard|Charizardite Y\n|-weather|SunnyDay|[from] ability: Drought|[of] p2a: Charizard\n|move|p2b: Gardevoir|Psyshock|p1a: Sneasler\n|-supereffective|p1a: Sneasler|2\n|-damage|p1a: Sneasler|0 fnt\n|faint|p1a: Sneasler\n|move|p1b: Basculegion|Flip Turn|p2a: Charizard\n|-supereffective|p2a: Charizard|1\n|-damage|p2a: Charizard|49/100\n|\n|t:|1775986585\n|switch|p1b: Garchomp|Garchomp, L50, F, shiny|100/100|[from] Flip Turn\n|move|p2a: Charizard|Solar Beam||[still]\n|-prepare|p2a: Charizard|Solar Beam\n|-anim|p2a: Charizard|Solar Beam|p1b: Garchomp\n|-crit|p1b: Garchomp\n|-damage|p1b: Garchomp|23/100\n|\n|-weather|SunnyDay|[upkeep]\n|upkeep\n|\n|t:|1775986588\n|switch|p1a: Basculegion|Basculegion, L50, M|100/100\n|turn|2\n|\n|t:|1775986610\n|move|p1b: Garchomp|Protect|p1b: Garchomp\n|-singleturn|p1b: Garchomp|Protect\n|move|p2b: Gardevoir|Psyshock|p1b: Garchomp\n|-activate|p1b: Garchomp|move: Protect\n|move|p1a: Basculegion|Last Respects|p2b: Gardevoir\n|-supereffective|p2b: Gardevoir|1\n|-damage|p2b: Gardevoir|0 fnt\n|faint|p2b: Gardevoir\n|move|p2a: Charizard|Solar Beam||[still]\n|-prepare|p2a: Charizard|Solar Beam\n|-anim|p2a: Charizard|Solar Beam|p1a: Basculegion\n|-supereffective|p1a: Basculegion|1\n|-damage|p1a: Basculegion|0 fnt\n|faint|p1a: Basculegion\n|\n|-weather|SunnyDay|[upkeep]\n|upkeep\n|\n|t:|1775986617\n|switch|p2b: Venusaur|Venusaur, L50, F|100/100\n|switch|p1a: Froslass|Froslass, L50, F, shiny|100/100\n|turn|3\n|inactive|Brasegalishiny has 30 seconds left.\n|\n|t:|1775986646\n|switch|p2a: Incineroar|Incineroar, L50, F|100/100\n|-ability|p2a: Incineroar|Intimidate|boost\n|-unboost|p1a: Froslass|atk|1\n|-unboost|p1b: Garchomp|atk|1\n|move|p2b: Venusaur|Protect|p2b: Venusaur\n|-singleturn|p2b: Venusaur|Protect\n|move|p1a: Froslass|Protect|p1a: Froslass\n|-singleturn|p1a: Froslass|Protect\n|move|p1b: Garchomp|Rock Slide|p2b: Venusaur|[spread] p2a\n|-activate|p2b: Venusaur|move: Protect\n|-supereffective|p2a: Incineroar|1\n|-damage|p2a: Incineroar|72/100\n|\n|-weather|SunnyDay|[upkeep]\n|upkeep\n|turn|4\n|\n|t:|1775986665\n|detailschange|p1a: Froslass|Froslass-Mega, L50, F, shiny\n|-mega|p1a: Froslass|Froslass|Froslassite\n|-weather|Snowscape|[from] ability: Snow Warning|[of] p1a: Froslass\n|move|p1b: Garchomp|Protect|p1b: Garchomp\n|-singleturn|p1b: Garchomp|Protect\n|move|p2a: Incineroar|Fake Out|p1b: Garchomp\n|-activate|p1b: Garchomp|move: Protect\n|move|p1a: Froslass|Blizzard|p2a: Incineroar|[spread] p2a,p2b\n|-resisted|p2a: Incineroar|1\n|-supereffective|p2b: Venusaur|1\n|-damage|p2a: Incineroar|51/100\n|-damage|p2b: Venusaur|3/100\n|move|p2b: Venusaur|Sleep Powder|p1a: Froslass\n|-status|p1a: Froslass|slp|[from] move: Sleep Powder\n|\n|-weather|Snowscape|[upkeep]\n|upkeep\n|turn|5\n|\n|t:|1775986687\n|switch|p2a: Charizard|Charizard-Mega-Y, L50, F|49/100\n|-weather|SunnyDay|[from] ability: Drought|[of] p2a: Charizard\n|move|p2b: Venusaur|Leaf Storm|p1b: Garchomp\n|-damage|p1b: Garchomp|0 fnt\n|-unboost|p2b: Venusaur|spa|2\n|faint|p1b: Garchomp\n|cant|p1a: Froslass|slp\n|\n|-weather|SunnyDay|[upkeep]\n|upkeep\n|turn|6\n|\n|t:|1775986700\n|cant|p1a: Froslass|slp\n|move|p2b: Venusaur|Sludge Bomb|p1a: Froslass\n|-resisted|p1a: Froslass|1\n|-damage|p1a: Froslass|91/100 slp\n|move|p2a: Charizard|Overheat|p1a: Froslass\n|-supereffective|p1a: Froslass|1\n|-damage|p1a: Froslass|0 fnt\n|-unboost|p2a: Charizard|spa|2\n|faint|p1a: Froslass\n|\n|win|zeranogamer147\n|raw|Brasegalishiny's rating: 1304 &rarr; <strong>1286</strong><br />(-18 for losing)\n|raw|zeranogamer147's rating: 1347 &rarr; <strong>1365</strong><br />(+18 for winning)\n|l|\u2606Brasegalishiny\n|player|p1|\n|l|\u2606zeranogamer147\n|player|p2|\n|j| whitetimeshadow\n|l| whitetimeshadow\n",
  "uploadtime": 1775986769,
  "views": 24,
  "formatid": "gen9championsvgc2026regma",
  "rating": 1286,
  "private": 0,
  "password": null
}