{
  "id": "gen9championsvgc2026regma-2584076720",
  "format": "[Gen 9 Champions] VGC 2026 Reg M-A",
  "players": [
    "zac5224666",
    "LaserDedenee"
  ],
  "log": "|j|\u2606zac5224666\n|j|\u2606LaserDedenee\n|t:|1776222758\n|gametype|doubles\n|player|p1|zac5224666|265|1242\n|player|p2|LaserDedenee|266|1260\n|gen|9\n|tier|[Gen 9 Champions] VGC 2026 Reg M-A\n|rated|\n|rule|Species Clause: Limit one of each Pok\u00e9mon\n|rule|Item Clause: Limit 1 of each item\n|clearpoke\n|poke|p1|Froslass, L50, F|\n|poke|p1|Sneasler, L50, M|\n|poke|p1|Rotom-Frost, L50|\n|poke|p1|Garchomp, L50, F|\n|poke|p1|Aerodactyl, L50, M|\n|poke|p1|Kingambit, L50, M|\n|poke|p2|Glimmora, L50, F|\n|poke|p2|Corviknight, L50, F|\n|poke|p2|Incineroar, L50, M|\n|poke|p2|Ninetales-Alola, L50, F|\n|poke|p2|Kommo-o, L50, M|\n|poke|p2|Rotom-Wash, L50|\n|teampreview|4\n|inactive|Battle timer is ON: inactive players will automatically lose when time's up. (requested by LaserDedenee)\n|inactive|zac5224666 has 60 seconds left.\n|inactive|LaserDedenee has 60 seconds left.\nLaserDedenee rejected open team sheets.\n|inactive|zac5224666 has 30 seconds left.\n|\n|t:|1776222826\n|teamsize|p1|4\n|teamsize|p2|4\n|start\n|switch|p1a: Aerodactyl|Aerodactyl, L50, M, shiny|100/100\n|switch|p1b: Froslass|Froslass, L50, F, shiny|100/100\n|switch|p2a: Rotom|Rotom-Wash, L50|100/100\n|switch|p2b: Glimmora|Glimmora, L50, F|100/100\n|-ability|p1a: Aerodactyl|Unnerve\n|turn|1\n|\n|t:|1776222850\n|detailschange|p1b: Froslass|Froslass-Mega, L50, F, shiny\n|-mega|p1b: Froslass|Froslass|Froslassite\n|-weather|Snowscape|[from] ability: Snow Warning|[of] p1b: Froslass\n|detailschange|p2b: Glimmora|Glimmora-Mega, L50, F\n|-mega|p2b: Glimmora|Glimmora|Glimmoranite\n|move|p2a: Rotom|Electroweb|p1a: Aerodactyl|[spread] p1a,p1b\n|-supereffective|p1a: Aerodactyl|1\n|-damage|p1a: Aerodactyl|51/100\n|-damage|p1b: Froslass|83/100\n|-unboost|p1a: Aerodactyl|spe|1\n|-unboost|p1b: Froslass|spe|1\n|move|p2b: Glimmora|Power Gem|p1a: Aerodactyl\n|-supereffective|p1a: Aerodactyl|1\n|-damage|p1a: Aerodactyl|0 fnt\n|faint|p1a: Aerodactyl\n|move|p1b: Froslass|Aurora Veil|p1b: Froslass\n|-sidestart|p1: zac5224666|move: Aurora Veil\n|\n|-weather|Snowscape|[upkeep]\n|upkeep\n|\n|t:|1776222865\n|switch|p1a: Garchomp|Garchomp, L50, F, shiny|100/100\n|turn|2\n|\n|t:|1776222876\n|switch|p2a: Incineroar|Incineroar, L50, M|100/100\n|-ability|p2a: Incineroar|Intimidate|boost\n|-unboost|p1a: Garchomp|atk|1\n|-unboost|p1b: Froslass|atk|1\n|switch|p1b: Rotom|Rotom-Frost, L50, shiny|100/100\n|move|p2b: Glimmora|Spiky Shield|p2b: Glimmora\n|-singleturn|p2b: Glimmora|move: Protect\n|move|p1a: Garchomp|Earthquake|p2a: Incineroar|[spread] p2a\n|-activate|p2b: Glimmora|move: Protect\n|-immune|p1b: Rotom|[from] ability: Levitate\n|-supereffective|p2a: Incineroar|1\n|-enditem|p2a: Incineroar|Shuca Berry|[eat]\n|-enditem|p2a: Incineroar|Shuca Berry|[weaken]\n|-damage|p2a: Incineroar|74/100\n|\n|-weather|Snowscape|[upkeep]\n|upkeep\n|turn|3\n|inactive|zac5224666 has 30 seconds left.\n|inactive|LaserDedenee has 30 seconds left.\n|inactive|zac5224666 has 20 seconds left.\n|inactive|LaserDedenee has 20 seconds left.\n|inactive|zac5224666 has 15 seconds left.\n|inactive|LaserDedenee has 15 seconds left.\n|inactive|LaserDedenee has 10 seconds left.\n|\n|t:|1776222924\n|switch|p2b: Corviknight|Corviknight, L50, F|100/100\n|switch|p1a: Froslass|Froslass-Mega, L50, F, shiny|83/100\n|switch|p2a: Rotom|Rotom-Wash, L50|100/100\n|move|p1b: Rotom|Blizzard|p2a: Rotom|[spread] p2a,p2b\n|-resisted|p2a: Rotom|1\n|-damage|p2a: Rotom|70/100\n|-damage|p2b: Corviknight|60/100\n|\n|-weather|Snowscape|[upkeep]\n|upkeep\n|turn|4\n|\n|t:|1776222946\n|move|p2a: Rotom|Electroweb|p1a: Froslass|[spread] p1b\n|-miss|p2a: Rotom|p1a: Froslass\n|-resisted|p1b: Rotom|1\n|-damage|p1b: Rotom|93/100\n|-unboost|p1b: Rotom|spe|1\n|move|p1a: Froslass|Blizzard|p2a: Rotom|[spread] p2a,p2b\n|-resisted|p2a: Rotom|1\n|-crit|p2a: Rotom\n|-damage|p2a: Rotom|34/100\n|-damage|p2b: Corviknight|29/100\n|-enditem|p2b: Corviknight|Sitrus Berry|[eat]\n|-heal|p2b: Corviknight|54/100|[from] item: Sitrus Berry\n|move|p2b: Corviknight|Roost|p2b: Corviknight\n|-heal|p2b: Corviknight|100/100\n|-singleturn|p2b: Corviknight|move: Roost\n|move|p1b: Rotom|Blizzard|p2a: Rotom|[spread] p2a,p2b\n|-resisted|p2a: Rotom|1\n|-crit|p2a: Rotom\n|-resisted|p2b: Corviknight|1\n|-damage|p2a: Rotom|0 fnt\n|-damage|p2b: Corviknight|83/100\n|faint|p2a: Rotom\n|\n|-weather|Snowscape|[upkeep]\n|upkeep\n|\n|t:|1776222970\n|switch|p2a: Glimmora|Glimmora-Mega, L50, F|100/100\n|turn|5\n|\n|t:|1776222983\n|switch|p1b: Garchomp|Garchomp, L50, F, shiny|100/100\n|move|p1a: Froslass|Protect|p1a: Froslass\n|-singleturn|p1a: Froslass|Protect\n|move|p2a: Glimmora|Power Gem|p1a: Froslass\n|-activate|p1a: Froslass|move: Protect\n|move|p2b: Corviknight|Body Press|p1b: Garchomp\n|-damage|p1b: Garchomp|87/100\n|-damage|p2b: Corviknight|71/100|[from] ability: Rough Skin|[of] p1b: Garchomp\n|\n|-weather|none\n|-sideend|p1: zac5224666|move: Aurora Veil\n|upkeep\n|turn|6\n|\n|t:|1776223008\n|switch|p1a: Rotom|Rotom-Frost, L50, shiny|93/100\n|switch|p2a: Incineroar|Incineroar, L50, M|74/100\n|-ability|p2a: Incineroar|Intimidate|boost\n|-unboost|p1a: Rotom|atk|1\n|-unboost|p1b: Garchomp|atk|1\n|move|p1b: Garchomp|Earthquake|p2b: Corviknight|[spread] p2a\n|-immune|p1a: Rotom|[from] ability: Levitate\n|-immune|p2b: Corviknight\n|-supereffective|p2a: Incineroar|1\n|-damage|p2a: Incineroar|19/100\n|move|p2b: Corviknight|Bulk Up|p2b: Corviknight\n|-boost|p2b: Corviknight|atk|1\n|-boost|p2b: Corviknight|def|1\n|\n|upkeep\n|turn|7\n|inactive|LaserDedenee has 30 seconds left.\n|inactive|LaserDedenee has 20 seconds left.\n|\n|t:|1776223046\n|switch|p1b: Froslass|Froslass-Mega, L50, F, shiny|83/100\n|-weather|Snowscape|[from] ability: Snow Warning|[of] p1b: Froslass\n|move|p2a: Incineroar|Fake Out|p1a: Rotom\n|-damage|p1a: Rotom|85/100\n|cant|p1a: Rotom|flinch\n|move|p2b: Corviknight|Body Press|p1a: Rotom\n|-supereffective|p1a: Rotom|1\n|-damage|p1a: Rotom|42/100\n|\n|-weather|Snowscape|[upkeep]\n|upkeep\n|turn|8\n|\n|t:|1776223071\n|switch|p2a: Glimmora|Glimmora-Mega, L50, F|100/100\n|move|p1b: Froslass|Blizzard|p2b: Corviknight|[spread] p2a,p2b\n|-damage|p2a: Glimmora|55/100\n|-damage|p2b: Corviknight|40/100\n|move|p1a: Rotom|Thunderbolt|p2b: Corviknight\n|-supereffective|p2b: Corviknight|1\n|-damage|p2b: Corviknight|0 fnt\n|faint|p2b: Corviknight\n|\n|-weather|Snowscape|[upkeep]\n|upkeep\n|\n|t:|1776223079\n|switch|p2b: Incineroar|Incineroar, L50, M|19/100\n|-ability|p2b: Incineroar|Intimidate|boost\n|-unboost|p1a: Rotom|atk|1\n|-unboost|p1b: Froslass|atk|1\n|turn|9\n|inactive|LaserDedenee has 30 seconds left.\n|\n|t:|1776223124\n|switch|p1a: Garchomp|Garchomp, L50, F, shiny|87/100\n|move|p2b: Incineroar|Fake Out|p1a: Garchomp\n|-damage|p1a: Garchomp|77/100\n|-damage|p2b: Incineroar|7/100|[from] ability: Rough Skin|[of] p1a: Garchomp\n|move|p1b: Froslass|Blizzard|p2b: Incineroar|[spread] p2a,p2b\n|-resisted|p2b: Incineroar|1\n|-damage|p2a: Glimmora|13/100\n|-damage|p2b: Incineroar|0 fnt\n|faint|p2b: Incineroar\n|move|p2a: Glimmora|Power Gem|p1a: Garchomp\n|-resisted|p1a: Garchomp|1\n|-damage|p1a: Garchomp|45/100\n|-enditem|p1a: Garchomp|Sitrus Berry|[eat]\n|-heal|p1a: Garchomp|70/100|[from] item: Sitrus Berry\n|\n|-weather|Snowscape|[upkeep]\n|upkeep\n|turn|10\n|-message|LaserDedenee forfeited.\n|\n|win|zac5224666\n|raw|zac5224666's rating: 1242 &rarr; <strong>1268</strong><br />(+26 for winning)\n|raw|LaserDedenee's rating: 1260 &rarr; <strong>1234</strong><br />(-26 for losing)\n",
  "uploadtime": 1776223132,
  "views": 56,
  "formatid": "gen9championsvgc2026regma",
  "rating": 1234,
  "private": 0,
  "password": null
}