{
  "id": "gen9championsvgc2026regma-2586879306",
  "format": "[Gen 9 Champions] VGC 2026 Reg M-A",
  "players": [
    "mrguy888",
    "Sfayne"
  ],
  "log": "|j|\u2606mrguy888\n|j|\u2606Sfayne\n|t:|1776467902\n|gametype|doubles\n|player|p1|mrguy888|noland-gen3|1313\n|player|p2|Sfayne|2|1377\n|gen|9\n|tier|[Gen 9 Champions] VGC 2026 Reg M-A\n|rated|\n|rule|Species Clause: Limit one of each Pok\u00e9mon\n|rule|Item Clause: Limit 1 of each item\n|clearpoke\n|poke|p1|Floette-Eternal, L50, F|\n|poke|p1|Aerodactyl, L50, F|\n|poke|p1|Tauros-Paldea-Aqua, L50, M|\n|poke|p1|Kangaskhan, L50, F|\n|poke|p1|Rotom-Heat, L50|\n|poke|p1|Aegislash, L50, M|\n|poke|p2|Kingambit, L50, M|\n|poke|p2|Basculegion, L50, M|\n|poke|p2|Floette-Eternal, L50, F|\n|poke|p2|Arcanine-Hisui, L50, M|\n|poke|p2|Aerodactyl, L50, F|\n|poke|p2|Rotom-Wash, L50|\n|teampreview|4\n|inactive|Battle timer is ON: inactive players will automatically lose when time's up. (requested by Sfayne)\n|inactive|mrguy888 also wants the timer to be on.\n|inactive|mrguy888 has 60 seconds left.\n|inactive|Sfayne has 60 seconds left.\n|\n|t:|1776467947\n|teamsize|p1|4\n|teamsize|p2|4\n|start\n|switch|p1a: Rotom|Rotom-Heat, L50|100/100\n|switch|p1b: Aerodactyl|Aerodactyl, L50, F|100/100\n|switch|p2a: Aerodactyl|Aerodactyl, L50, F|100/100\n|switch|p2b: Floette|Floette-Eternal, L50, F|100/100\n|-ability|p1b: Aerodactyl|Unnerve\n|-ability|p2a: Aerodactyl|Unnerve\n|turn|1\n|\n|t:|1776467963\n|detailschange|p2b: Floette|Floette-Mega, L50, F\n|-mega|p2b: Floette|Floette|Floettite\n|-ability|p2b: Floette|Fairy Aura\n|move|p1a: Rotom|Electroweb|p2b: Floette|[spread] p2a,p2b\n|-supereffective|p2a: Aerodactyl|1\n|-damage|p2a: Aerodactyl|58/100\n|-damage|p2b: Floette|90/100\n|-unboost|p2a: Aerodactyl|spe|1\n|-unboost|p2b: Floette|spe|1\n|move|p1b: Aerodactyl|Rock Slide|p2b: Floette|[spread] p2a,p2b\n|-supereffective|p2a: Aerodactyl|1\n|-damage|p2a: Aerodactyl|0 fnt\n|-damage|p2b: Floette|65/100\n|faint|p2a: Aerodactyl\n|move|p2b: Floette|Calm Mind|p2b: Floette\n|-boost|p2b: Floette|spa|1\n|-boost|p2b: Floette|spd|1\n|\n|upkeep\n|\n|t:|1776467985\n|switch|p2a: Arcanine|Arcanine-Hisui, L50, M|100/100\n|turn|2\n|\n|t:|1776468000\n|move|p1a: Rotom|Electroweb|p2b: Floette|[spread] p2a,p2b\n|-damage|p2a: Arcanine|81/100\n|-damage|p2b: Floette|58/100\n|-unboost|p2a: Arcanine|spe|1\n|-unboost|p2b: Floette|spe|1\n|move|p1b: Aerodactyl|Tailwind|p1b: Aerodactyl\n|-sidestart|p1: mrguy888|move: Tailwind\n|move|p2a: Arcanine|Head Smash|p1a: Rotom\n|-supereffective|p1a: Rotom|1\n|-damage|p1a: Rotom|0 fnt\n|faint|p1a: Rotom\n|move|p2b: Floette|Draining Kiss|p1b: Aerodactyl\n|-damage|p1b: Aerodactyl|11/100\n|-heal|p2b: Floette|100/100|[from] drain|[of] p1b: Aerodactyl\n|\n|upkeep\n|\n|t:|1776468013\n|switch|p1a: Floette|Floette-Eternal, L50, F|100/100\n|turn|3\n|\n|t:|1776468027\n|detailschange|p1a: Floette|Floette-Mega, L50, F\n|-mega|p1a: Floette|Floette|Floettite\n|-ability|p1a: Floette|Fairy Aura\n|move|p1a: Floette|Protect|p1a: Floette\n|-singleturn|p1a: Floette|Protect\n|move|p2a: Arcanine|Extreme Speed|p1b: Aerodactyl\n|-resisted|p1b: Aerodactyl|1\n|-damage|p1b: Aerodactyl|0 fnt\n|faint|p1b: Aerodactyl\n|move|p2b: Floette|Calm Mind|p2b: Floette\n|-boost|p2b: Floette|spa|1\n|-boost|p2b: Floette|spd|1\n|\n|upkeep\n|\n|t:|1776468034\n|switch|p1b: Tauros|Tauros-Paldea-Aqua, L50, M|100/100\n|-ability|p1b: Tauros|Intimidate|boost\n|-unboost|p2a: Arcanine|atk|1\n|-unboost|p2b: Floette|atk|1\n|turn|4\n|\n|t:|1776468047\n|switch|p2a: Basculegion|Basculegion, L50, M|100/100\n|move|p1b: Tauros|Wave Crash|p2b: Floette\n|-damage|p2b: Floette|39/100\n|-damage|p1b: Tauros|76/100|[from] Recoil\n|move|p1a: Floette|Moonblast|p2b: Floette\n|-damage|p2b: Floette|10/100\n|move|p2b: Floette|Dazzling Gleam|p1b: Tauros|[spread] p1a,p1b\n|-supereffective|p1b: Tauros|1\n|-damage|p1a: Floette|38/100\n|-damage|p1b: Tauros|0 fnt\n|faint|p1b: Tauros\n|\n|upkeep\n|turn|5\n|\n|t:|1776468063\n|move|p2b: Floette|Protect|p2b: Floette\n|-singleturn|p2b: Floette|Protect\n|move|p1a: Floette|Dazzling Gleam|p2b: Floette|[spread] p2a\n|-activate|p2b: Floette|move: Protect\n|-damage|p2a: Basculegion|47/100\n|move|p2a: Basculegion|Last Respects|p1a: Floette\n|-damage|p1a: Floette|0 fnt\n|faint|p1a: Floette\n|\n|win|Sfayne\n|raw|mrguy888's rating: 1313 &rarr; <strong>1297</strong><br />(-16 for losing)\n|raw|Sfayne's rating: 1377 &rarr; <strong>1393</strong><br />(+16 for winning)\n|l|\u2606Sfayne\n|player|p2|\n",
  "uploadtime": 1776468159,
  "views": 36,
  "formatid": "gen9championsvgc2026regma",
  "rating": 1297,
  "private": 0,
  "password": null
}