{
  "id": "gen9championsvgc2026regma-2583853659",
  "format": "[Gen 9 Champions] VGC 2026 Reg M-A",
  "players": [
    "noodles080",
    "TimLikesTrains"
  ],
  "log": "|j|\u2606noodles080\n|j|\u2606TimLikesTrains\n|t:|1776202857\n|gametype|doubles\n|player|p1|noodles080|266|\n|player|p2|TimLikesTrains|2|\n|gen|9\n|tier|[Gen 9 Champions] VGC 2026 Reg M-A\n|rule|Species Clause: Limit one of each Pok\u00e9mon\n|rule|Item Clause: Limit 1 of each item\n|clearpoke\n|poke|p1|Meganium, L50, M|\n|poke|p1|Kingambit, L50, M|\n|poke|p1|Sneasler, L50, F|\n|poke|p1|Rotom-Heat, L50|\n|poke|p1|Garganacl, L50, F|\n|poke|p1|Hydreigon, L50, F|\n|poke|p2|Floette-Eternal, L50, F|\n|poke|p2|Tyranitar, L50, M|\n|poke|p2|Excadrill, L50, F|\n|poke|p2|Farigiraf, L50, M|\n|poke|p2|Slowbro-Galar, L50, M|\n|poke|p2|Araquanid, L50, F|\n|teampreview|4\nTimLikesTrains rejected open team sheets.\n|j| DannyMelon\n|c|\u2606noodles080|hi gamers\n|j| RyanMelon\n|j| Solarose\n|c|\u2606noodles080|theres no timer right\n|c| Solarose|hiii\n|c|\u2606noodles080|im not cooking by waiting for peeps to join\n|c| Solarose|glhf\n|c| RyanMelon|I WANT A CLEAN MATCH\n|c| Solarose|no hac\n|c| Solarose|Haz\n|c| Solarose|hax\n|l| Solarose\n|c| RyanMelon|Nothin below the belt!\n|c|\u2606noodles080|me when i hax\n|j| Solarose\n|c|\u2606TimLikesTrains|idc about timer I got nothing going on\n|c|\u2606TimLikesTrains|just dont take a year\n|c|\u2606noodles080|should i click my mons or do we wait\n|c|\u2606noodles080|idk who else wants to join\n|c|\u2606noodles080|we alr got 5 peeps i htink\n|\n|t:|1776203012\n|teamsize|p1|4\n|teamsize|p2|4\n|start\n|switch|p1a: Garganacl|Garganacl, L50, F|100/100\n|switch|p1b: Sneasler|Sneasler, L50, F|100/100\n|switch|p2a: Slowbro|Slowbro-Galar, L50, M|100/100\n|switch|p2b: Tyranitar|Tyranitar, L50, M|100/100\n|-weather|Sandstorm|[from] ability: Sand Stream|[of] p2b: Tyranitar\n|turn|1\n|c| DannyMelon|that tyranitar is tera fly, guaranteed\n|c|\u2606noodles080|^^^\n|c|\u2606TimLikesTrains|ghost actually\n|\n|t:|1776203149\n|move|p2b: Tyranitar|Protect|p2b: Tyranitar\n|-singleturn|p2b: Tyranitar|Protect\n|move|p1b: Sneasler|Close Combat|p2b: Tyranitar\n|-activate|p2b: Tyranitar|move: Protect\n|move|p1a: Garganacl|Salt Cure|p2a: Slowbro\n|-damage|p2a: Slowbro|93/100\n|-start|p2a: Slowbro|Salt Cure\n|move|p2a: Slowbro|Trick Room|p2a: Slowbro\n|-fieldstart|move: Trick Room|[of] p2a: Slowbro\n|\n|-weather|Sandstorm|[upkeep]\n|-damage|p2a: Slowbro|87/100|[from] Sandstorm\n|-damage|p1b: Sneasler|95/100|[from] Sandstorm\n|-damage|p2a: Slowbro|81/100|[from] Salt Cure\n|upkeep\n|turn|2\n|\n|t:|1776203201\n|move|p1b: Sneasler|Protect|p1b: Sneasler\n|-singleturn|p1b: Sneasler|Protect\n|move|p2a: Slowbro|Psyshock|p1b: Sneasler\n|-activate|p1b: Sneasler|move: Protect\n|move|p1a: Garganacl|Salt Cure|p2b: Tyranitar\n|-damage|p2b: Tyranitar|91/100\n|-start|p2b: Tyranitar|Salt Cure\n|move|p2b: Tyranitar|Low Kick|p1a: Garganacl\n|-supereffective|p1a: Garganacl|1\n|-damage|p1a: Garganacl|47/100\n|\n|-weather|Sandstorm|[upkeep]\n|-damage|p2a: Slowbro|75/100|[from] Sandstorm\n|-damage|p1b: Sneasler|89/100|[from] Sandstorm\n|-heal|p1a: Garganacl|53/100|[from] item: Leftovers\n|-damage|p2a: Slowbro|69/100|[from] Salt Cure\n|-damage|p2b: Tyranitar|86/100|[from] Salt Cure\n|upkeep\n|turn|3\n|c| RyanMelon|Tim salty\n|\n|t:|1776203269\n|switch|p1b: Kingambit|Kingambit, L50, M|100/100\n|move|p2a: Slowbro|Psyshock|p1b: Kingambit\n|-immune|p1b: Kingambit\n|move|p1a: Garganacl|Recover|p1a: Garganacl\n|-heal|p1a: Garganacl|100/100\n|move|p2b: Tyranitar|Curse|p2b: Tyranitar\n|-unboost|p2b: Tyranitar|spe|1\n|-boost|p2b: Tyranitar|atk|1\n|-boost|p2b: Tyranitar|def|1\n|\n|-weather|Sandstorm|[upkeep]\n|-damage|p2a: Slowbro|63/100|[from] Sandstorm\n|-damage|p2a: Slowbro|57/100|[from] Salt Cure\n|-damage|p2b: Tyranitar|80/100|[from] Salt Cure\n|upkeep\n|turn|4\n|c| Solarose|ooo\n|\n|t:|1776203339\n|move|p1a: Garganacl|Protect|p1a: Garganacl\n|-singleturn|p1a: Garganacl|Protect\n|move|p1b: Kingambit|Protect|p1b: Kingambit\n|-singleturn|p1b: Kingambit|Protect\n|move|p2a: Slowbro|Slack Off|p2a: Slowbro\n|-heal|p2a: Slowbro|100/100\n|move|p2b: Tyranitar|Low Kick|p1b: Kingambit\n|-activate|p1b: Kingambit|move: Protect\n|\n|-weather|Sandstorm|[upkeep]\n|-damage|p2a: Slowbro|95/100|[from] Sandstorm\n|-damage|p2a: Slowbro|89/100|[from] Salt Cure\n|-damage|p2b: Tyranitar|74/100|[from] Salt Cure\n|upkeep\n|turn|5\n|\n|t:|1776203401\n|move|p1a: Garganacl|Wide Guard|p1a: Garganacl\n|-singleturn|p1a: Garganacl|Wide Guard\n|move|p1b: Kingambit|Sucker Punch|p2b: Tyranitar\n|-resisted|p2b: Tyranitar|1\n|-damage|p2b: Tyranitar|64/100\n|move|p2a: Slowbro|Slack Off|p2a: Slowbro\n|-heal|p2a: Slowbro|100/100\n|move|p2b: Tyranitar|Low Kick|p1b: Kingambit\n|-supereffective|p1b: Kingambit|2\n|-enditem|p1b: Kingambit|Focus Sash\n|-damage|p1b: Kingambit|1/100\n|\n|-weather|none\n|-damage|p2a: Slowbro|95/100|[from] Salt Cure\n|-damage|p2b: Tyranitar|58/100|[from] Salt Cure\n|-fieldend|move: Trick Room\n|upkeep\n|turn|6\n|\n|t:|1776203444\n|move|p1b: Kingambit|Protect|p1b: Kingambit\n|-singleturn|p1b: Kingambit|Protect\n|move|p1a: Garganacl|Salt Cure|p2a: Slowbro\n|-damage|p2a: Slowbro|86/100\n|move|p2b: Tyranitar|Low Kick|p1b: Kingambit\n|-activate|p1b: Kingambit|move: Protect\n|move|p2a: Slowbro|Trick Room|p2a: Slowbro\n|-fieldstart|move: Trick Room|[of] p2a: Slowbro\n|\n|-damage|p2a: Slowbro|80/100|[from] Salt Cure\n|-damage|p2b: Tyranitar|52/100|[from] Salt Cure\n|upkeep\n|turn|7\n|c|\u2606TimLikesTrains|brother is protecting\n|\n|t:|1776203487\n|-end|p1b: Kingambit|fallenundefined|[silent]\n|switch|p1b: Meganium|Meganium, L50, M|100/100\n|move|p2a: Slowbro|Psyshock|p1a: Garganacl\n|-damage|p1a: Garganacl|86/100\n|move|p2b: Tyranitar|Low Kick|p1b: Meganium\n|-damage|p1b: Meganium|45/100\n|move|p1a: Garganacl|Salt Cure|p2a: Slowbro\n|-damage|p2a: Slowbro|71/100\n|\n|-heal|p1a: Garganacl|92/100|[from] item: Leftovers\n|-damage|p2a: Slowbro|65/100|[from] Salt Cure\n|-damage|p2b: Tyranitar|46/100|[from] Salt Cure\n|upkeep\n|turn|8\n|\n|t:|1776203523\n|move|p1b: Meganium|Protect|p1b: Meganium\n|-singleturn|p1b: Meganium|Protect\n|move|p2a: Slowbro|Sludge Wave|p1b: Meganium|[spread] p2b,p1a\n|-activate|p1b: Meganium|move: Protect\n|-resisted|p2b: Tyranitar|1\n|-resisted|p1a: Garganacl|1\n|-damage|p2b: Tyranitar|35/100\n|-damage|p1a: Garganacl|81/100\n|move|p2b: Tyranitar|Low Kick|p1a: Garganacl\n|-supereffective|p1a: Garganacl|1\n|-damage|p1a: Garganacl|5/100\n|move|p1a: Garganacl|Salt Cure|p2a: Slowbro\n|-damage|p2a: Slowbro|56/100\n|\n|-heal|p1a: Garganacl|11/100|[from] item: Leftovers\n|-damage|p2a: Slowbro|50/100|[from] Salt Cure\n|-damage|p2b: Tyranitar|29/100|[from] Salt Cure\n|upkeep\n|turn|9\n|c| RyanMelon|Bro is salted\n|\n|t:|1776203564\n|detailschange|p1b: Meganium|Meganium-Mega, L50, M\n|-mega|p1b: Meganium|Meganium|Meganiumite\n|move|p1a: Garganacl|Protect|p1a: Garganacl\n|-singleturn|p1a: Garganacl|Protect\n|move|p2a: Slowbro|Slack Off|p2a: Slowbro\n|-heal|p2a: Slowbro|99/100\n|move|p2b: Tyranitar|Low Kick|p1a: Garganacl\n|-activate|p1a: Garganacl|move: Protect\n|move|p1b: Meganium|Dazzling Gleam|p2b: Tyranitar|[spread] p2a,p2b\n|-resisted|p2a: Slowbro|1\n|-supereffective|p2b: Tyranitar|1\n|-damage|p2a: Slowbro|79/100\n|-damage|p2b: Tyranitar|0 fnt\n|faint|p2b: Tyranitar\n|\n|-heal|p1a: Garganacl|17/100|[from] item: Leftovers\n|-damage|p2a: Slowbro|73/100|[from] Salt Cure\n|upkeep\n|\n|t:|1776203589\n|switch|p2b: Araquanid|Araquanid, L50, F|100/100\n|turn|10\n|\n|t:|1776203623\n|move|p1b: Meganium|Protect|p1b: Meganium\n|-singleturn|p1b: Meganium|Protect\n|move|p1a: Garganacl|Wide Guard|p1a: Garganacl\n|-singleturn|p1a: Garganacl|Wide Guard\n|move|p2a: Slowbro|Sludge Wave|p1b: Meganium|[spread] p2b\n|-activate|p1a: Garganacl|move: Wide Guard\n|-activate|p1b: Meganium|move: Wide Guard\n|-damage|p2b: Araquanid|76/100\n|move|p2b: Araquanid|Reflect|p2b: Araquanid\n|-sidestart|p2: TimLikesTrains|Reflect\n|\n|-heal|p1a: Garganacl|23/100|[from] item: Leftovers\n|-heal|p2b: Araquanid|82/100|[from] item: Leftovers\n|-damage|p2a: Slowbro|67/100|[from] Salt Cure\n|-fieldend|move: Trick Room\n|upkeep\n|turn|11\n|\n|t:|1776203650\n|move|p1b: Meganium|Weather Ball|p2a: Slowbro\n|-damage|p2a: Slowbro|0 fnt\n|faint|p2a: Slowbro\n|move|p2b: Araquanid|Poison Jab|p1b: Meganium\n|-supereffective|p1b: Meganium|2\n|-damage|p1b: Meganium|0 fnt\n|faint|p1b: Meganium\n|move|p1a: Garganacl|Recover|p1a: Garganacl\n|-heal|p1a: Garganacl|73/100\n|\n|-heal|p2b: Araquanid|88/100|[from] item: Leftovers\n|-heal|p1a: Garganacl|79/100|[from] item: Leftovers\n|upkeep\n|\n|t:|1776203666\n|switch|p1b: Sneasler|Sneasler, L50, F|89/100\n|switch|p2a: Floette|Floette-Eternal, L50, F|100/100\n|turn|12\n|\n|t:|1776203695\n|detailschange|p2a: Floette|Floette-Mega, L50, F\n|-mega|p2a: Floette|Floette|Floettite\n|-ability|p2a: Floette|Fairy Aura\n|move|p2a: Floette|Protect|p2a: Floette\n|-singleturn|p2a: Floette|Protect\n|move|p1b: Sneasler|Dire Claw|p2a: Floette\n|-activate|p2a: Floette|move: Protect\n|move|p2b: Araquanid|Lunge|p1b: Sneasler\n|-resisted|p1b: Sneasler|2\n|-damage|p1b: Sneasler|79/100\n|-unboost|p1b: Sneasler|atk|1\n|-enditem|p1b: Sneasler|White Herb\n|-clearnegativeboost|p1b: Sneasler|[silent]\n|move|p1a: Garganacl|Salt Cure|p2a: Floette\n|-activate|p2a: Floette|move: Protect\n|\n|-heal|p2b: Araquanid|94/100|[from] item: Leftovers\n|-heal|p1a: Garganacl|85/100|[from] item: Leftovers\n|upkeep\n|turn|13\n|\n|t:|1776203718\n|move|p1b: Sneasler|Dire Claw|p2a: Floette\n|-supereffective|p2a: Floette|1\n|-damage|p2a: Floette|42/100\n|move|p2a: Floette|Moonblast|p1b: Sneasler\n|-damage|p1b: Sneasler|0 fnt\n|faint|p1b: Sneasler\n|move|p2b: Araquanid|Liquidation|p1a: Garganacl\n|-supereffective|p1a: Garganacl|1\n|-damage|p1a: Garganacl|14/100\n|move|p1a: Garganacl|Salt Cure|p2a: Floette\n|-damage|p2a: Floette|34/100\n|-start|p2a: Floette|Salt Cure\n|\n|-heal|p2b: Araquanid|100/100|[from] item: Leftovers\n|-heal|p1a: Garganacl|20/100|[from] item: Leftovers\n|-damage|p2a: Floette|28/100|[from] Salt Cure\n|upkeep\n|\n|t:|1776203734\n|switch|p1b: Kingambit|Kingambit, L50, M|1/100\n|-activate|p1b: Kingambit|ability: Supreme Overlord\n|-start|p1b: Kingambit|fallen2|[silent]\n|turn|14\n|\n|t:|1776203776\n|move|p1a: Garganacl|Wide Guard|p1a: Garganacl\n|-singleturn|p1a: Garganacl|Wide Guard\n|move|p1b: Kingambit|Sucker Punch|p2b: Araquanid\n|-damage|p2b: Araquanid|67/100\n|move|p2a: Floette|Moonblast|p1b: Kingambit\n|-damage|p1b: Kingambit|0 fnt\n|faint|p1b: Kingambit\n|-end|p1b: Kingambit|fallen2|[silent]\n|move|p2b: Araquanid|Liquidation|p1a: Garganacl\n|-supereffective|p1a: Garganacl|1\n|-damage|p1a: Garganacl|0 fnt\n|faint|p1a: Garganacl\n|\n|win|TimLikesTrains\n|c| RyanMelon|Gg\n|c| DannyMelon|that was a good battle\n|c|\u2606noodles080|fuk\n|c| DannyMelon|bo3 time baby run it back\n|l|\u2606TimLikesTrains\n|player|p2|\n|l|\u2606noodles080\n|player|p1|\n",
  "uploadtime": 1776203798,
  "views": 78,
  "formatid": "gen9championsvgc2026regma",
  "rating": null,
  "private": 0,
  "password": null
}