{
  "id": "gen9championsvgc2026regma-2583811050",
  "format": "[Gen 9 Champions] VGC 2026 Reg M-A",
  "players": [
    "Xytrel72",
    "Buske"
  ],
  "log": "|j|\u2606Xytrel72\n|j|\u2606Buske\n|t:|1776199481\n|gametype|doubles\n|player|p1|Xytrel72|riley|1115\n|player|p2|Buske|169|1040\n|gen|9\n|tier|[Gen 9 Champions] VGC 2026 Reg M-A\n|rated|\n|rule|Species Clause: Limit one of each Pok\u00e9mon\n|rule|Item Clause: Limit 1 of each item\n|clearpoke\n|poke|p1|Lopunny, L50, M|\n|poke|p1|Scizor, L50, M|\n|poke|p1|Incineroar, L50, M|\n|poke|p1|Milotic, L50, M|\n|poke|p1|Raichu, L50, M|\n|poke|p1|Ninetales-Alola, L50, F|\n|poke|p2|Gengar, L50, F|\n|poke|p2|Politoed, L50, M|\n|poke|p2|Archaludon, L50, M|\n|poke|p2|Feraligatr, L50, F|\n|poke|p2|Corviknight, L50, M|\n|poke|p2|Incineroar, L50, M|\n|teampreview|4\n|inactive|Battle timer is ON: inactive players will automatically lose when time's up. (requested by Xytrel72)\n|inactive|Xytrel72 has 60 seconds left.\n|\n|t:|1776199521\n|teamsize|p1|4\n|teamsize|p2|4\n|start\n|switch|p1a: Lopunny|Lopunny, L50, M, shiny|100/100\n|switch|p1b: Incineroar|Incineroar, L50, M, shiny|100/100\n|switch|p2a: Corviknight|Corviknight, L50, M|100/100\n|switch|p2b: Archaludon|Archaludon, L50, M|100/100\n|-ability|p1b: Incineroar|Intimidate|boost\n|-ability|p2a: Corviknight|Mirror Armor\n|-unboost|p1b: Incineroar|atk|1\n|-unboost|p2b: Archaludon|atk|1\n|turn|1\n|inactive|Buske has 30 seconds left.\n|inactive|Buske has 20 seconds left.\n|inactive|Buske has 15 seconds left.\n|\n|t:|1776199563\n|move|p1a: Lopunny|Fake Out|p2b: Archaludon\n|-resisted|p2b: Archaludon|1\n|-damage|p2b: Archaludon|94/100\n|-ability|p2b: Archaludon|Stamina|boost\n|-boost|p2b: Archaludon|def|1\n|cant|p2b: Archaludon|flinch\n|move|p2a: Corviknight|U-turn|p1a: Lopunny\n|-damage|p1a: Lopunny|76/100\n|\n|t:|1776199571\n|switch|p2a: Politoed|Politoed, L50, M|100/100|[from] U-turn\n|-weather|RainDance|[from] ability: Drizzle|[of] p2a: Politoed\n|move|p1b: Incineroar|Parting Shot|p2b: Archaludon\n|-unboost|p2b: Archaludon|atk|1\n|-unboost|p2b: Archaludon|spa|1\n|\n|t:|1776199579\n|switch|p1b: Ninetales|Ninetales-Alola, L50, F, shiny|100/100|[from] Parting Shot\n|-weather|Snowscape|[from] ability: Snow Warning|[of] p1b: Ninetales\n|\n|-weather|Snowscape|[upkeep]\n|-heal|p2b: Archaludon|100/100|[from] item: Leftovers\n|upkeep\n|turn|2\n|inactive|Buske has 30 seconds left.\n|\n|t:|1776199605\n|switch|p2a: Corviknight|Corviknight, L50, M|100/100\n|move|p1b: Ninetales|Aurora Veil|p1b: Ninetales\n|-sidestart|p1: Xytrel72|move: Aurora Veil\n|move|p1a: Lopunny|Close Combat|p2b: Archaludon\n|-supereffective|p2b: Archaludon|1\n|-damage|p2b: Archaludon|67/100\n|-unboost|p1a: Lopunny|def|1\n|-unboost|p1a: Lopunny|spd|1\n|-ability|p2b: Archaludon|Stamina|boost\n|-boost|p2b: Archaludon|def|1\n|move|p2b: Archaludon|Flash Cannon|p1b: Ninetales\n|-supereffective|p1b: Ninetales|2\n|-damage|p1b: Ninetales|20/100\n|\n|-weather|Snowscape|[upkeep]\n|-heal|p2b: Archaludon|73/100|[from] item: Leftovers\n|upkeep\n|turn|3\n|inactive|Xytrel72 has 30 seconds left.\n|inactive|Buske has 30 seconds left.\n|\n|t:|1776199644\n|move|p1b: Ninetales|Protect|p1b: Ninetales\n|-singleturn|p1b: Ninetales|Protect\n|move|p1a: Lopunny|Triple Axel|p2a: Corviknight|[miss]\n|-miss|p1a: Lopunny|p2a: Corviknight\n|move|p2b: Archaludon|Flash Cannon|p1a: Lopunny\n|-damage|p1a: Lopunny|40/100\n|move|p2a: Corviknight|Bulk Up|p2a: Corviknight\n|-boost|p2a: Corviknight|atk|1\n|-boost|p2a: Corviknight|def|1\n|\n|-weather|Snowscape|[upkeep]\n|-heal|p2b: Archaludon|79/100|[from] item: Leftovers\n|upkeep\n|turn|4\n|inactive|Xytrel72 has 30 seconds left.\n|\n|t:|1776199672\n|switch|p1b: Incineroar|Incineroar, L50, M, shiny|100/100\n|-ability|p1b: Incineroar|Intimidate|boost\n|-ability|p2a: Corviknight|Mirror Armor\n|-unboost|p1b: Incineroar|atk|1\n|-unboost|p2b: Archaludon|atk|1\n|detailschange|p1a: Lopunny|Lopunny-Mega, L50, M, shiny\n|-mega|p1a: Lopunny|Lopunny|Lopunnite\n|move|p1a: Lopunny|Triple Axel|p2a: Corviknight\n|-damage|p2a: Corviknight|96/100\n|-damage|p2a: Corviknight|87/100\n|-damage|p2a: Corviknight|76/100\n|-hitcount|p2a: Corviknight|3\n|move|p2b: Archaludon|Flash Cannon|p1b: Incineroar\n|-resisted|p1b: Incineroar|1\n|-damage|p1b: Incineroar|93/100\n|move|p2a: Corviknight|Body Press|p1a: Lopunny\n|-supereffective|p1a: Lopunny|1\n|-damage|p1a: Lopunny|0 fnt\n|faint|p1a: Lopunny\n|\n|-weather|Snowscape|[upkeep]\n|-heal|p2b: Archaludon|85/100|[from] item: Leftovers\n|upkeep\n|\n|t:|1776199695\n|switch|p1a: Raichu|Raichu, L50, M|100/100\n|turn|5\n|\n|t:|1776199710\n|move|p2b: Archaludon|Protect|p2b: Archaludon\n|-singleturn|p2b: Archaludon|Protect\n|move|p1b: Incineroar|Fake Out|p2b: Archaludon\n|-activate|p2b: Archaludon|move: Protect\n|move|p1a: Raichu|Thunderbolt|p2a: Corviknight\n|-supereffective|p2a: Corviknight|1\n|-damage|p2a: Corviknight|17/100\n|-enditem|p2a: Corviknight|Sitrus Berry|[eat]\n|-heal|p2a: Corviknight|42/100|[from] item: Sitrus Berry\n|move|p2a: Corviknight|U-turn|p1b: Incineroar\n|-damage|p1b: Incineroar|78/100\n|\n|t:|1776199721\n|switch|p2a: Politoed|Politoed, L50, M|100/100|[from] U-turn\n|-weather|RainDance|[from] ability: Drizzle|[of] p2a: Politoed\n|\n|-weather|RainDance|[upkeep]\n|-heal|p2b: Archaludon|91/100|[from] item: Leftovers\n|upkeep\n|turn|6\n|\n|t:|1776199743\n|switch|p2b: Gengar|Gengar, L50, F|100/100\n|move|p2a: Politoed|Protect|p2a: Politoed\n|-singleturn|p2a: Politoed|Protect\n|move|p1a: Raichu|Thunderbolt|p2a: Politoed\n|-activate|p2a: Politoed|move: Protect\n|move|p1b: Incineroar|Parting Shot|p2b: Gengar\n|-unboost|p2b: Gengar|atk|1\n|-unboost|p2b: Gengar|spa|1\n|\n|t:|1776199753\n|switch|p1b: Ninetales|Ninetales-Alola, L50, F, shiny|20/100|[from] Parting Shot\n|-weather|Snowscape|[from] ability: Snow Warning|[of] p1b: Ninetales\n|\n|-weather|Snowscape|[upkeep]\n|-sideend|p1: Xytrel72|move: Aurora Veil\n|upkeep\n|turn|7\n|\n|t:|1776199774\n|detailschange|p2b: Gengar|Gengar-Mega, L50, F\n|-mega|p2b: Gengar|Gengar|Gengarite\n|move|p2b: Gengar|Protect|p2b: Gengar\n|-singleturn|p2b: Gengar|Protect\n|move|p1b: Ninetales|Protect|p1b: Ninetales\n|-singleturn|p1b: Ninetales|Protect\n|move|p1a: Raichu|Thunderbolt|p2a: Politoed\n|-supereffective|p2a: Politoed|1\n|-damage|p2a: Politoed|24/100\n|move|p2a: Politoed|Perish Song|p2a: Politoed\n|-start|p1a: Raichu|perish3|[silent]\n|-start|p1b: Ninetales|perish3|[silent]\n|-start|p2a: Politoed|perish3|[silent]\n|-start|p2b: Gengar|perish3|[silent]\n|-fieldactivate|move: Perish Song\n|\n|-weather|Snowscape|[upkeep]\n|-start|p2b: Gengar|perish3\n|-start|p1a: Raichu|perish3\n|-start|p1b: Ninetales|perish3\n|-start|p2a: Politoed|perish3\n|upkeep\n|turn|8\n|inactive|Xytrel72 has 30 seconds left.\n|\n|t:|1776199800\n|switch|p2a: Archaludon|Archaludon, L50, M|91/100\n|move|p2b: Gengar|Shadow Ball|p1a: Raichu\n|-damage|p1a: Raichu|40/100\n|move|p1a: Raichu|Volt Switch|p2a: Archaludon\n|-resisted|p2a: Archaludon|1\n|-damage|p2a: Archaludon|67/100\n|-ability|p2a: Archaludon|Stamina|boost\n|-boost|p2a: Archaludon|def|1\n|\n|t:|1776199812\n|switch|p1a: Incineroar|Incineroar, L50, M, shiny|78/100|[from] Volt Switch\n|-ability|p1a: Incineroar|Intimidate|boost\n|-unboost|p2a: Archaludon|atk|1\n|-unboost|p2b: Gengar|atk|1\n|move|p1b: Ninetales|Aurora Veil|p1b: Ninetales\n|-sidestart|p1: Xytrel72|move: Aurora Veil\n|\n|-weather|Snowscape|[upkeep]\n|-heal|p2a: Archaludon|73/100|[from] item: Leftovers\n|-start|p2b: Gengar|perish2\n|-start|p1b: Ninetales|perish2\n|upkeep\n|turn|9\n|inactive|Buske has 30 seconds left.\n|\n|t:|1776199838\n|switch|p2b: Corviknight|Corviknight, L50, M|42/100\n|move|p2a: Archaludon|Protect|p2a: Archaludon\n|-singleturn|p2a: Archaludon|Protect\n|move|p1a: Incineroar|Fake Out|p2a: Archaludon\n|-activate|p2a: Archaludon|move: Protect\n|move|p1b: Ninetales|Blizzard|p2b: Corviknight|[spread] p2b\n|-activate|p2a: Archaludon|move: Protect\n|-damage|p2b: Corviknight|5/100\n|-status|p2b: Corviknight|frz\n|\n|-weather|Snowscape|[upkeep]\n|-heal|p2a: Archaludon|79/100|[from] item: Leftovers\n|-start|p1b: Ninetales|perish1\n|upkeep\n|turn|10\n|inactive|Xytrel72 has 30 seconds left.\n|inactive|Buske has 30 seconds left.\n|inactive|Buske has 20 seconds left.\n|\n|t:|1776199874\n|switch|p1b: Raichu|Raichu, L50, M|40/100\n|move|p2a: Archaludon|Draco Meteor|p1b: Raichu|[miss]\n|-miss|p2a: Archaludon|p1b: Raichu\n|-curestatus|p2b: Corviknight|frz|[msg]\n|move|p2b: Corviknight|U-turn|p1a: Incineroar\n|-damage|p1a: Incineroar|68/100\n|\n|t:|1776199883\n|switch|p2b: Gengar|Gengar-Mega, L50, F|100/100|[from] U-turn\n|move|p1a: Incineroar|Parting Shot|p2a: Archaludon\n|-unboost|p2a: Archaludon|atk|1\n|-unboost|p2a: Archaludon|spa|1\n|\n|t:|1776199890\n|switch|p1a: Ninetales|Ninetales-Alola, L50, F, shiny|20/100|[from] Parting Shot\n|\n|-weather|none\n|-heal|p2a: Archaludon|85/100|[from] item: Leftovers\n|upkeep\n|turn|11\n|\n|t:|1776199915\n|switch|p2b: Corviknight|Corviknight, L50, M|5/100\n|move|p1a: Ninetales|Protect|p1a: Ninetales\n|-singleturn|p1a: Ninetales|Protect\n|move|p1b: Raichu|Thunderbolt|p2b: Corviknight\n|-supereffective|p2b: Corviknight|1\n|-damage|p2b: Corviknight|0 fnt\n|faint|p2b: Corviknight\n|move|p2a: Archaludon|Draco Meteor|p1b: Raichu\n|-damage|p1b: Raichu|0 fnt\n|-unboost|p2a: Archaludon|spa|2\n|faint|p1b: Raichu\n|\n|-heal|p2a: Archaludon|91/100|[from] item: Leftovers\n|upkeep\n|\n|t:|1776199932\n|switch|p1b: Incineroar|Incineroar, L50, M, shiny|68/100\n|switch|p2b: Gengar|Gengar-Mega, L50, F|100/100\n|-ability|p1b: Incineroar|Intimidate|boost\n|-unboost|p2a: Archaludon|atk|1\n|-unboost|p2b: Gengar|atk|1\n|turn|12\n|\n|t:|1776199944\n|move|p2a: Archaludon|Protect|p2a: Archaludon\n|-singleturn|p2a: Archaludon|Protect\n|move|p2b: Gengar|Perish Song|p2b: Gengar\n|-start|p1a: Ninetales|perish3|[silent]\n|-start|p1b: Incineroar|perish3|[silent]\n|-start|p2a: Archaludon|perish3|[silent]\n|-start|p2b: Gengar|perish3|[silent]\n|-fieldactivate|move: Perish Song\n|move|p1a: Ninetales|Blizzard|p2a: Archaludon|[spread] p2b\n|-activate|p2a: Archaludon|move: Protect\n|-damage|p2b: Gengar|47/100\n|move|p1b: Incineroar|Darkest Lariat|p2b: Gengar\n|-supereffective|p2b: Gengar|1\n|-damage|p2b: Gengar|0 fnt\n|faint|p2b: Gengar\n|\n|-heal|p2a: Archaludon|97/100|[from] item: Leftovers\n|-start|p1a: Ninetales|perish3\n|-start|p2a: Archaludon|perish3\n|-start|p1b: Incineroar|perish3\n|-sideend|p1: Xytrel72|move: Aurora Veil\n|upkeep\n|\n|t:|1776199960\n|switch|p2b: Politoed|Politoed, L50, M|24/100\n|-weather|RainDance|[from] ability: Drizzle|[of] p2b: Politoed\n|turn|13\n|\n|t:|1776199974\n|move|p1a: Ninetales|Protect|p1a: Ninetales\n|-singleturn|p1a: Ninetales|Protect\n|move|p2b: Politoed|Protect|p2b: Politoed\n|-singleturn|p2b: Politoed|Protect\n|move|p2a: Archaludon|Electro Shot||[still]\n|-prepare|p2a: Archaludon|Electro Shot\n|-boost|p2a: Archaludon|spa|1\n|-anim|p2a: Archaludon|Electro Shot|p1b: Incineroar\n|-damage|p1b: Incineroar|46/100\n|-enditem|p1b: Incineroar|Sitrus Berry|[eat]\n|-heal|p1b: Incineroar|71/100|[from] item: Sitrus Berry\n|move|p1b: Incineroar|Flare Blitz|p2a: Archaludon\n|-damage|p2a: Archaludon|80/100\n|-ability|p2a: Archaludon|Stamina|boost\n|-boost|p2a: Archaludon|def|1\n|-damage|p1b: Incineroar|66/100|[from] Recoil\n|\n|-weather|RainDance|[upkeep]\n|-heal|p2a: Archaludon|87/100|[from] item: Leftovers\n|-start|p1a: Ninetales|perish2\n|-start|p2a: Archaludon|perish2\n|-start|p1b: Incineroar|perish2\n|upkeep\n|turn|14\n|inactive|Xytrel72 has 30 seconds left.\n|inactive|Buske has 30 seconds left.\n|inactive|Buske has 20 seconds left.\n|\n|t:|1776200012\n|move|p2b: Politoed|Protect|p2b: Politoed\n|-singleturn|p2b: Politoed|Protect\n|move|p1a: Ninetales|Freeze-Dry|p2b: Politoed\n|-activate|p2b: Politoed|move: Protect\n|move|p2a: Archaludon|Electro Shot||[still]\n|-prepare|p2a: Archaludon|Electro Shot\n|-boost|p2a: Archaludon|spa|1\n|-anim|p2a: Archaludon|Electro Shot|p1b: Incineroar\n|-damage|p1b: Incineroar|38/100\n|move|p1b: Incineroar|Parting Shot|p2a: Archaludon\n|-unboost|p2a: Archaludon|atk|1\n|-unboost|p2a: Archaludon|spa|1\n|\n|-weather|RainDance|[upkeep]\n|-heal|p2a: Archaludon|93/100|[from] item: Leftovers\n|-start|p1a: Ninetales|perish1\n|-start|p2a: Archaludon|perish1\n|-start|p1b: Incineroar|perish1\n|upkeep\n|turn|15\n|inactive|Xytrel72 has 30 seconds left.\n|\n|t:|1776200042\n|move|p2a: Archaludon|Protect|p2a: Archaludon\n|-singleturn|p2a: Archaludon|Protect\n|move|p2b: Politoed|Protect||[still]\n|-fail|p2b: Politoed\n|move|p1a: Ninetales|Freeze-Dry|p2b: Politoed\n|-supereffective|p2b: Politoed|1\n|-damage|p2b: Politoed|0 fnt\n|faint|p2b: Politoed\n|move|p1b: Incineroar|Flare Blitz|p2a: Archaludon\n|-activate|p2a: Archaludon|move: Protect\n|\n|-weather|RainDance|[upkeep]\n|-heal|p2a: Archaludon|99/100|[from] item: Leftovers\n|-start|p1a: Ninetales|perish0\n|-start|p2a: Archaludon|perish0\n|-start|p1b: Incineroar|perish0\n|faint|p1a: Ninetales\n|faint|p2a: Archaludon\n|faint|p1b: Incineroar\n|\n|win|Xytrel72\n|raw|Xytrel72's rating: 1115 &rarr; <strong>1135</strong><br />(+20 for winning)\n|raw|Buske's rating: 1040 &rarr; <strong>1027</strong><br />(-13 for losing)\n|c|\u2606Xytrel72|gg\n|l|\u2606Buske\n|player|p2|\n",
  "uploadtime": 1776200088,
  "views": 17,
  "formatid": "gen9championsvgc2026regma",
  "rating": 1027,
  "private": 0,
  "password": null
}