{
  "id": "gen9championsvgc2026regma-2583230674",
  "format": "[Gen 9 Champions] VGC 2026 Reg M-A",
  "players": [
    "cleonlh",
    "AlexDaDuck"
  ],
  "log": "|j|\u2606cleonlh\n|j|\u2606AlexDaDuck\n|t:|1776157361\n|gametype|doubles\n|player|p1|cleonlh|2|1062\n|player|p2|AlexDaDuck|wattson|1000\n|gen|9\n|tier|[Gen 9 Champions] VGC 2026 Reg M-A\n|rated|\n|rule|Species Clause: Limit one of each Pok\u00e9mon\n|rule|Item Clause: Limit 1 of each item\n|clearpoke\n|poke|p1|Skarmory, L50, M|\n|poke|p1|Incineroar, L50, F|\n|poke|p1|Whimsicott, L50, M|\n|poke|p1|Primarina, L50, M|\n|poke|p1|Lucario, L50, F|\n|poke|p1|Tyranitar, L50, F|\n|poke|p2|Incineroar, L50, M|\n|poke|p2|Sinistcha, L50|\n|poke|p2|Aerodactyl, L50, F|\n|poke|p2|Gengar, L50, M|\n|poke|p2|Kingambit, L50, F|\n|poke|p2|Ninetales-Alola, L50, M|\n|teampreview|4\n|inactive|Battle timer is ON: inactive players will automatically lose when time's up. (requested by cleonlh)\n|\n|t:|1776157448\n|teamsize|p1|4\n|teamsize|p2|4\n|start\n|switch|p1a: Tyranitar|Tyranitar, L50, F|100/100\n|switch|p1b: Skarmory|Skarmory, L50, M|100/100\n|switch|p2a: Incineroar|Incineroar, L50, M|100/100\n|switch|p2b: Gengar|Gengar, L50, M|100/100\n|-weather|Sandstorm|[from] ability: Sand Stream|[of] p1a: Tyranitar\n|-ability|p2a: Incineroar|Intimidate|boost\n|-unboost|p1a: Tyranitar|atk|1\n|-unboost|p1b: Skarmory|atk|1\n|turn|1\n|\n|t:|1776157473\n|detailschange|p2b: Gengar|Gengar-Mega, L50, M\n|-mega|p2b: Gengar|Gengar|Gengarite\n|move|p2a: Incineroar|Fake Out|p1a: Tyranitar\n|-resisted|p1a: Tyranitar|1\n|-damage|p1a: Tyranitar|96/100\n|move|p2b: Gengar|Shadow Ball|p1b: Skarmory\n|-damage|p1b: Skarmory|21/100\n|move|p1b: Skarmory|Swords Dance|p1b: Skarmory\n|-boost|p1b: Skarmory|atk|2\n|cant|p1a: Tyranitar|flinch\n|\n|-weather|Sandstorm|[upkeep]\n|-damage|p2b: Gengar|95/100|[from] Sandstorm\n|-damage|p2a: Incineroar|95/100|[from] Sandstorm\n|upkeep\n|turn|2\n|inactive|AlexDaDuck has 30 seconds left.\n|\n|t:|1776157502\n|move|p2b: Gengar|Protect|p2b: Gengar\n|-singleturn|p2b: Gengar|Protect\n|move|p1b: Skarmory|Protect|p1b: Skarmory\n|-singleturn|p1b: Skarmory|Protect\n|move|p1a: Tyranitar|Knock Off|p2b: Gengar\n|-activate|p2b: Gengar|move: Protect\n|move|p2a: Incineroar|Parting Shot|p1a: Tyranitar\n|-unboost|p1a: Tyranitar|atk|1\n|-unboost|p1a: Tyranitar|spa|1\n|\n|t:|1776157517\n|switch|p2a: Ninetales|Ninetales-Alola, L50, M|100/100|[from] Parting Shot\n|-weather|Snowscape|[from] ability: Snow Warning|[of] p2a: Ninetales\n|\n|-weather|Snowscape|[upkeep]\n|upkeep\n|turn|3\n|inactive|AlexDaDuck has 30 seconds left.\n|\n|t:|1776157551\n|detailschange|p1b: Skarmory|Skarmory-Mega, L50, M\n|-mega|p1b: Skarmory|Skarmory|Skarmorite\n|move|p2b: Gengar|Disable|p1a: Tyranitar\n|-start|p1a: Tyranitar|Disable|Knock Off\n|move|p2a: Ninetales|Encore|p1b: Skarmory\n|-start|p1b: Skarmory|Encore\n|move|p1b: Skarmory|Protect||[still]\n|-fail|p1b: Skarmory\n|cant|p1a: Tyranitar|Disable|Knock Off\n|\n|-weather|Snowscape|[upkeep]\n|upkeep\n|turn|4\n|inactive|AlexDaDuck has 30 seconds left.\n|\n|t:|1776157581\n|move|p1b: Skarmory|Protect|p1b: Skarmory\n|-singleturn|p1b: Skarmory|Protect\n|move|p2b: Gengar|Disable|p1b: Skarmory\n|-activate|p1b: Skarmory|move: Protect\n|move|p2a: Ninetales|Encore|p1a: Tyranitar\n|-start|p1a: Tyranitar|Encore\n|cant|p1a: Tyranitar|Disable|Knock Off\n|\n|-weather|Snowscape|[upkeep]\n|upkeep\n|turn|5\n|\n|t:|1776157599\n|move|p1b: Skarmory|Protect|p1b: Skarmory\n|-singleturn|p1b: Skarmory|Protect\n|move|p2b: Gengar|Shadow Ball|p1b: Skarmory\n|-activate|p1b: Skarmory|move: Protect\n|move|p2a: Ninetales|Blizzard|p1a: Tyranitar|[spread] p1a\n|-activate|p1b: Skarmory|move: Protect\n|-damage|p1a: Tyranitar|71/100\n|-status|p1a: Tyranitar|frz\n|cant|p1a: Tyranitar|frz\n|\n|-weather|Snowscape|[upkeep]\n|-end|p1b: Skarmory|Encore\n|upkeep\n|turn|6\n|inactive|cleonlh has 30 seconds left.\n|inactive|AlexDaDuck has 30 seconds left.\n|\n|t:|1776157634\n|move|p2b: Gengar|Shadow Ball|p1b: Skarmory\n|-damage|p1b: Skarmory|0 fnt\n|faint|p1b: Skarmory\n|move|p2a: Ninetales|Blizzard|p1a: Tyranitar\n|-damage|p1a: Tyranitar|35/100 frz\n|-enditem|p1a: Tyranitar|Sitrus Berry|[eat]\n|-heal|p1a: Tyranitar|60/100 frz|[from] item: Sitrus Berry\n|-curestatus|p1a: Tyranitar|frz|[msg]\n|-activate|p1a: Tyranitar|move: Struggle\n|move|p1a: Tyranitar|Struggle|p2a: Ninetales\n|-damage|p2a: Ninetales|90/100\n|-damage|p1a: Tyranitar|35/100|[from] recoil\n|\n|-weather|none\n|-end|p1a: Tyranitar|Encore\n|-end|p1a: Tyranitar|Disable\n|upkeep\n|\n|t:|1776157645\n|switch|p1b: Primarina|Primarina, L50, M, shiny|100/100\n|turn|7\n|\n|t:|1776157662\n|move|p2b: Gengar|Protect|p2b: Gengar\n|-singleturn|p2b: Gengar|Protect\n|move|p2a: Ninetales|Protect|p2a: Ninetales\n|-singleturn|p2a: Ninetales|Protect\n|move|p1a: Tyranitar|Knock Off|p2b: Gengar\n|-activate|p2b: Gengar|move: Protect\n|move|p1b: Primarina|Hydro Pump|p2a: Ninetales\n|-activate|p2a: Ninetales|move: Protect\n|\n|upkeep\n|turn|8\n|\n|t:|1776157672\n|move|p2b: Gengar|Disable|p1a: Tyranitar\n|-start|p1a: Tyranitar|Disable|Knock Off\n|move|p2a: Ninetales|Encore|p1a: Tyranitar\n|-start|p1a: Tyranitar|Encore\n|cant|p1a: Tyranitar|Disable|Knock Off\n|move|p1b: Primarina|Hydro Pump|p2a: Ninetales\n|-damage|p2a: Ninetales|35/100\n|\n|upkeep\n|turn|9\n|\n|t:|1776157688\n|move|p2b: Gengar|Disable|p1b: Primarina\n|-start|p1b: Primarina|Disable|Hydro Pump\n|move|p2a: Ninetales|Encore|p1b: Primarina\n|-start|p1b: Primarina|Encore\n|-activate|p1a: Tyranitar|move: Struggle\n|move|p1a: Tyranitar|Struggle|p2a: Ninetales\n|-damage|p2a: Ninetales|20/100\n|-damage|p1a: Tyranitar|10/100|[from] recoil\n|cant|p1b: Primarina|Disable|Hydro Pump\n|\n|upkeep\n|turn|10\n|inactive|cleonlh has 30 seconds left.\n|\n|t:|1776157718\n|switch|p2a: Incineroar|Incineroar, L50, M|95/100\n|-ability|p2a: Incineroar|Intimidate|boost\n|-unboost|p1a: Tyranitar|atk|1\n|-unboost|p1b: Primarina|atk|1\n|move|p2b: Gengar|Sludge Bomb|p1b: Primarina\n|-supereffective|p1b: Primarina|1\n|-damage|p1b: Primarina|0 fnt\n|faint|p1b: Primarina\n|-activate|p1a: Tyranitar|move: Struggle\n|move|p1a: Tyranitar|Struggle|p2b: Gengar\n|-damage|p2b: Gengar|83/100\n|-damage|p1a: Tyranitar|0 fnt|[from] recoil\n|faint|p1a: Tyranitar\n|\n|upkeep\n|-message|cleonlh forfeited.\n|\n|win|AlexDaDuck\n|raw|cleonlh's rating: 1062 &rarr; <strong>1039</strong><br />(-23 for losing)\n|raw|AlexDaDuck's rating: 1000 &rarr; <strong>1047</strong><br />(+47 for winning)\n|l|\u2606cleonlh\n|player|p1|\n",
  "uploadtime": 1776157732,
  "views": 17,
  "formatid": "gen9championsvgc2026regma",
  "rating": 1039,
  "private": 0,
  "password": null
}