{
  "id": "gen9championsvgc2026regma-2585836429",
  "format": "[Gen 9 Champions] VGC 2026 Reg M-A",
  "players": [
    "chatonbrutal",
    "KUTF1"
  ],
  "log": "|j|\u2606chatonbrutal\n|j|\u2606KUTF1\n|t:|1776374318\n|gametype|doubles\n|player|p1|chatonbrutal|colress|1435\n|player|p2|KUTF1|harlequin|1404\n|gen|9\n|tier|[Gen 9 Champions] VGC 2026 Reg M-A\n|rated|\n|rule|Species Clause: Limit one of each Pok\u00e9mon\n|rule|Item Clause: Limit 1 of each item\n|clearpoke\n|poke|p1|Aegislash, L50, M|\n|poke|p1|Pelipper, L50, M|\n|poke|p1|Basculegion, L50, M|\n|poke|p1|Floette-Eternal, L50, F|\n|poke|p1|Whimsicott, L50, F|\n|poke|p1|Farigiraf, L50, M|\n|poke|p2|Drampa, L50, F|\n|poke|p2|Emboar, L50, M|\n|poke|p2|Decidueye-Hisui, L50, F|\n|poke|p2|Kingambit, L50, F|\n|poke|p2|Farigiraf, L50, F|\n|poke|p2|Incineroar, L50, M|\n|teampreview|4\n|inactive|Battle timer is ON: inactive players will automatically lose when time's up. (requested by KUTF1)\n|inactive|chatonbrutal has 60 seconds left.\n|\n|t:|1776374353\n|teamsize|p1|4\n|teamsize|p2|4\n|start\n|switch|p1a: Farigiraf|Farigiraf, L50, M|100/100\n|switch|p1b: Floette|Floette-Eternal, L50, F|100/100\n|switch|p2a: Yoo Mira|Farigiraf, L50, F|100/100\n|switch|p2b: The Gourd|Incineroar, L50, M|100/100\n|-ability|p2b: The Gourd|Intimidate|boost\n|-unboost|p1a: Farigiraf|atk|1\n|-unboost|p1b: Floette|atk|1\n|turn|1\n|\n|t:|1776374371\n|detailschange|p1b: Floette|Floette-Mega, L50, F\n|-mega|p1b: Floette|Floette|Floettite\n|-ability|p1b: Floette|Fairy Aura\n|move|p1b: Floette|Dazzling Gleam|p2b: The Gourd|[spread] p2a,p2b\n|-crit|p2a: Yoo Mira\n|-damage|p2a: Yoo Mira|45/100\n|-damage|p2b: The Gourd|59/100\n|move|p2b: The Gourd|Parting Shot|p1b: Floette\n|-unboost|p1b: Floette|atk|1\n|-unboost|p1b: Floette|spa|1\n|\n|t:|1776374377\n|switch|p2b: Han Daewi|Kingambit, L50, F|100/100|[from] Parting Shot\n|move|p2a: Yoo Mira|Hyper Voice|p1b: Floette|[spread] p1a,p1b\n|-damage|p1a: Farigiraf|74/100\n|-damage|p1b: Floette|81/100\n|move|p1a: Farigiraf|Trick Room|p1a: Farigiraf\n|-fieldstart|move: Trick Room|[of] p1a: Farigiraf\n|\n|upkeep\n|turn|2\n|j| L0g3rs\n|\n|t:|1776374397\n|move|p1b: Floette|Protect|p1b: Floette\n|-singleturn|p1b: Floette|Protect\n|move|p2b: Han Daewi|Kowtow Cleave|p1a: Farigiraf\n|-supereffective|p1a: Farigiraf|1\n|-damage|p1a: Farigiraf|0 fnt\n|faint|p1a: Farigiraf\n|move|p2a: Yoo Mira|Psychic|p1b: Floette\n|-activate|p1b: Floette|move: Protect\n|\n|upkeep\n|\n|t:|1776374415\n|switch|p1a: Whimsicott|Whimsicott, L50, F|100/100\n|turn|3\n|\n|t:|1776374427\n|switch|p1b: Pelipper|Pelipper, L50, M|100/100\n|-weather|RainDance|[from] ability: Drizzle|[of] p1b: Pelipper\n|move|p2b: Han Daewi|Iron Head|p1b: Pelipper\n|-resisted|p1b: Pelipper|1\n|-damage|p1b: Pelipper|68/100\n|move|p2a: Yoo Mira|Hyper Voice|p1a: Whimsicott|[spread] p1a,p1b\n|-damage|p1a: Whimsicott|68/100\n|-damage|p1b: Pelipper|26/100\n|move|p1a: Whimsicott|Moonblast|p2b: Han Daewi\n|-damage|p2b: Han Daewi|73/100\n|\n|-weather|RainDance|[upkeep]\n|upkeep\n|turn|4\n|\n|t:|1776374446\n|move|p1b: Pelipper|Protect|p1b: Pelipper\n|-singleturn|p1b: Pelipper|Protect\n|move|p2b: Han Daewi|Iron Head|p1a: Whimsicott\n|-supereffective|p1a: Whimsicott|1\n|-damage|p1a: Whimsicott|0 fnt\n|faint|p1a: Whimsicott\n|move|p2a: Yoo Mira|Hyper Voice|p1b: Pelipper\n|-activate|p1b: Pelipper|move: Protect\n|\n|-weather|RainDance|[upkeep]\n|upkeep\n|\n|t:|1776374454\n|switch|p1a: Floette|Floette-Mega, L50, F|81/100\n|-ability|p1a: Floette|Fairy Aura\n|turn|5\n|\n|t:|1776374469\n|move|p1a: Floette|Protect|p1a: Floette\n|-singleturn|p1a: Floette|Protect\n|move|p2b: Han Daewi|Iron Head|p1a: Floette\n|-activate|p1a: Floette|move: Protect\n|move|p2a: Yoo Mira|Hyper Voice|p1a: Floette|[spread] p1b\n|-activate|p1a: Floette|move: Protect\n|-crit|p1b: Pelipper\n|-damage|p1b: Pelipper|0 fnt\n|faint|p1b: Pelipper\n|\n|-weather|RainDance|[upkeep]\n|-fieldend|move: Trick Room\n|upkeep\n|turn|6\n|\n|t:|1776374480\n|move|p1a: Floette|Dazzling Gleam|p2b: Han Daewi|[spread] p2a,p2b\n|-damage|p2a: Yoo Mira|10/100\n|-damage|p2b: Han Daewi|34/100\n|move|p2a: Yoo Mira|Psychic|p1a: Floette\n|-damage|p1a: Floette|55/100\n|-unboost|p1a: Floette|spd|1\n|move|p2b: Han Daewi|Iron Head|p1a: Floette\n|-supereffective|p1a: Floette|1\n|-damage|p1a: Floette|0 fnt\n|faint|p1a: Floette\n|\n|win|KUTF1\n|raw|chatonbrutal's rating: 1435 &rarr; <strong>1413</strong><br />(-22 for losing)\n|raw|KUTF1's rating: 1404 &rarr; <strong>1426</strong><br />(+22 for winning)\n|l|\u2606chatonbrutal\n|player|p1|\n",
  "uploadtime": 1776374484,
  "views": 41,
  "formatid": "gen9championsvgc2026regma",
  "rating": 1413,
  "private": 0,
  "password": null
}