{
  "id": "gen9championsvgc2026regma-2587756774",
  "format": "[Gen 9 Champions] VGC 2026 Reg M-A",
  "players": [
    "Rotten_Jack_676",
    "Mascara257"
  ],
  "log": "|j|\u2606Rotten_Jack_676\n|j|\u2606Mascara257\n|t:|1776560885\n|gametype|doubles\n|player|p1|Rotten_Jack_676|n-masters|\n|player|p2|Mascara257|red|\n|gen|9\n|tier|[Gen 9 Champions] VGC 2026 Reg M-A\n|rule|Species Clause: Limit one of each Pok\u00e9mon\n|rule|Item Clause: Limit 1 of each item\n|clearpoke\n|poke|p1|Gengar, L50, M, shiny|\n|poke|p1|Zoroark-Hisui, L50, M, shiny|\n|poke|p1|Garchomp, L50, M|\n|poke|p1|Charizard, L50, M, shiny|\n|poke|p1|Milotic, L50, F, shiny|\n|poke|p1|Meowscarada, L50, M, shiny|\n|poke|p2|Floette-Eternal, L50, F|\n|poke|p2|Tyranitar, L50, M, shiny|\n|poke|p2|Tyrantrum, L50, M|\n|poke|p2|Maushold, L50, shiny|\n|poke|p2|Armarouge, L50, M|\n|poke|p2|Greninja, L50, M, shiny|\n|teampreview|4\n|\n|t:|1776560925\n|teamsize|p1|4\n|teamsize|p2|4\n|start\n|switch|p1a: Gengar|Gengar, L50, M, shiny|100/100\n|switch|p1b: Milotic|Milotic, L50, F, shiny|100/100\n|switch|p2a: Floette|Floette-Eternal, L50, F|100/100\n|switch|p2b: Mascaritos|Maushold, L50, shiny|100/100\n|turn|1\n|-activate|p1b: Milotic|item: Quick Claw\n|\n|t:|1776560974\n|detailschange|p1a: Gengar|Gengar-Mega, L50, M, shiny\n|-mega|p1a: Gengar|Gengar|Gengarite\n|move|p2b: Mascaritos|Protect|p2b: Mascaritos\n|-singleturn|p2b: Mascaritos|Protect\n|move|p2a: Floette|Protect|p2a: Floette\n|-singleturn|p2a: Floette|Protect\n|move|p1b: Milotic|Hyper Voice|p2b: Mascaritos|[spread] \n|-activate|p2a: Floette|move: Protect\n|-activate|p2b: Mascaritos|move: Protect\n|move|p1a: Gengar|Sludge Bomb|p2b: Mascaritos\n|-activate|p2b: Mascaritos|move: Protect\n|\n|upkeep\n|turn|2\n|\n|t:|1776560996\n|detailschange|p2a: Floette|Floette-Mega, L50, F\n|-mega|p2a: Floette|Floette|Floettite\n|-ability|p2a: Floette|Fairy Aura\n|move|p2b: Mascaritos|Follow Me|p2b: Mascaritos\n|-singleturn|p2b: Mascaritos|move: Follow Me\n|move|p1a: Gengar|Sludge Bomb|p2b: Mascaritos\n|-damage|p2b: Mascaritos|35/100\n|-status|p2b: Mascaritos|psn\n|move|p1b: Milotic|Hyper Voice|p2b: Mascaritos|[spread] p2a,p2b\n|-damage|p2a: Floette|82/100\n|-damage|p2b: Mascaritos|0 fnt\n|faint|p2b: Mascaritos\n|move|p2a: Floette|Dazzling Gleam|p1b: Milotic|[spread] p1a,p1b\n|-resisted|p1a: Gengar|1\n|-damage|p1a: Gengar|63/100\n|-damage|p1b: Milotic|0 fnt\n|replace|p1b: Zoroark|Zoroark-Hisui, L50, M, shiny\n|-end|p1b: Zoroark|Illusion\n|faint|p1b: Zoroark\n|\n|upkeep\n|\n|t:|1776561030\n|switch|p2b: Tyranitar|Tyranitar, L50, M, shiny|100/100\n|switch|p1b: Milotic|Milotic, L50, F, shiny|100/100\n|-weather|Sandstorm|[from] ability: Sand Stream|[of] p2b: Tyranitar\n|turn|3\n|\n|t:|1776561057\n|move|p1a: Gengar|Protect|p1a: Gengar\n|-singleturn|p1a: Gengar|Protect\n|move|p2a: Floette|Protect|p2a: Floette\n|-singleturn|p2a: Floette|Protect\n|move|p2b: Tyranitar|Knock Off|p1a: Gengar\n|-activate|p1a: Gengar|move: Protect\n|move|p1b: Milotic|Icy Wind|p2b: Tyranitar|[spread] p2b\n|-activate|p2a: Floette|move: Protect\n|-damage|p2b: Tyranitar|92/100\n|-unboost|p2b: Tyranitar|spe|1\n|\n|-weather|Sandstorm|[upkeep]\n|-damage|p1a: Gengar|57/100|[from] Sandstorm\n|-damage|p2a: Floette|76/100|[from] Sandstorm\n|-damage|p1b: Milotic|95/100|[from] Sandstorm\n|-heal|p2b: Tyranitar|98/100|[from] item: Leftovers\n|upkeep\n|turn|4\n|\n|t:|1776561097\n|move|p1a: Gengar|Disable|p2b: Tyranitar\n|-start|p2b: Tyranitar|Disable|Knock Off\n|move|p2a: Floette|Calm Mind|p2a: Floette\n|-boost|p2a: Floette|spa|1\n|-boost|p2a: Floette|spd|1\n|move|p1b: Milotic|Scald|p2a: Floette\n|-damage|p2a: Floette|60/100\n|-status|p2a: Floette|brn\n|move|p2b: Tyranitar|Rock Slide|p1a: Gengar|[spread] p1a,p1b\n|-damage|p1a: Gengar|6/100\n|-damage|p1b: Milotic|57/100\n|\n|-weather|Sandstorm|[upkeep]\n|-damage|p1a: Gengar|0 fnt|[from] Sandstorm\n|-damage|p2a: Floette|54/100 brn|[from] Sandstorm\n|-damage|p1b: Milotic|51/100|[from] Sandstorm\n|faint|p1a: Gengar\n|-heal|p2b: Tyranitar|100/100|[from] item: Leftovers\n|-damage|p2a: Floette|48/100 brn|[from] brn\n|upkeep\n|\n|t:|1776561115\n|switch|p1a: Garchomp|Garchomp, L50, M|100/100\n|turn|5\n|\n|t:|1776561143\n|switch|p2a: Tyrantrum|Tyrantrum, L50, M|100/100\n|move|p2b: Tyranitar|Protect|p2b: Tyranitar\n|-singleturn|p2b: Tyranitar|Protect\n|move|p1a: Garchomp|Stomping Tantrum|p2a: Tyrantrum\n|-supereffective|p2a: Tyrantrum|1\n|-damage|p2a: Tyrantrum|18/100\n|move|p1b: Milotic|Recover|p1b: Milotic\n|-heal|p1b: Milotic|100/100\n|\n|-weather|Sandstorm|[upkeep]\n|-damage|p1b: Milotic|95/100|[from] Sandstorm\n|upkeep\n|turn|6\n|\n|t:|1776561185\n|move|p1a: Garchomp|Stomping Tantrum|p2a: Tyrantrum\n|-supereffective|p2a: Tyrantrum|1\n|-crit|p2a: Tyrantrum\n|-damage|p2a: Tyrantrum|0 fnt\n|faint|p2a: Tyrantrum\n|move|p1b: Milotic|Scald|p2b: Tyranitar\n|-supereffective|p2b: Tyranitar|1\n|-damage|p2b: Tyranitar|49/100\n|move|p2b: Tyranitar|Low Kick|p1a: Garchomp\n|-damage|p1a: Garchomp|72/100\n|-damage|p2b: Tyranitar|36/100|[from] ability: Rough Skin|[of] p1a: Garchomp\n|\n|-weather|Sandstorm|[upkeep]\n|-damage|p1b: Milotic|89/100|[from] Sandstorm\n|-heal|p2b: Tyranitar|42/100|[from] item: Leftovers\n|upkeep\n|\n|t:|1776561201\n|switch|p2a: Floette|Floette-Mega, L50, F|48/100 brn\n|-ability|p2a: Floette|Fairy Aura\n|turn|7\n|\n|t:|1776561225\n|move|p2a: Floette|Protect|p2a: Floette\n|-singleturn|p2a: Floette|Protect\n|move|p2b: Tyranitar|Protect|p2b: Tyranitar\n|-singleturn|p2b: Tyranitar|Protect\n|move|p1a: Garchomp|Stomping Tantrum|p2b: Tyranitar\n|-activate|p2b: Tyranitar|move: Protect\n|move|p1b: Milotic|Scald|p2a: Floette\n|-activate|p2a: Floette|move: Protect\n|\n|-weather|none\n|-heal|p2b: Tyranitar|49/100|[from] item: Leftovers\n|-damage|p2a: Floette|42/100 brn|[from] brn\n|-end|p2b: Tyranitar|Disable\n|upkeep\n|turn|8\n|\n|t:|1776561249\n|move|p1a: Garchomp|Stomping Tantrum|p2a: Floette\n|-damage|p2a: Floette|0 fnt\n|faint|p2a: Floette\n|move|p1b: Milotic|Scald|p2b: Tyranitar\n|-supereffective|p2b: Tyranitar|1\n|-damage|p2b: Tyranitar|0 fnt\n|faint|p2b: Tyranitar\n|\n|win|Rotten_Jack_676\n",
  "uploadtime": 1776561263,
  "views": 13,
  "formatid": "gen9championsvgc2026regma",
  "rating": null,
  "private": 0,
  "password": null
}