{
  "id": "gen9championsvgc2026regma-2583820793",
  "format": "[Gen 9 Champions] VGC 2026 Reg M-A",
  "players": [
    "pkmnboo",
    "Mashndrow"
  ],
  "log": "|j|\u2606pkmnboo\n|j|\u2606Mashndrow\n|t:|1776200298\n|gametype|doubles\n|player|p1|pkmnboo|1|1113\n|player|p2|Mashndrow|bugcatcher-gen4dp|1110\n|gen|9\n|tier|[Gen 9 Champions] VGC 2026 Reg M-A\n|rated|\n|rule|Species Clause: Limit one of each Pok\u00e9mon\n|rule|Item Clause: Limit 1 of each item\n|clearpoke\n|poke|p1|Charizard, L50, F|\n|poke|p1|Venusaur, L50, F|\n|poke|p1|Garchomp, L50, F|\n|poke|p1|Rotom-Wash, L50|\n|poke|p1|Sneasler, L50, F|\n|poke|p1|Incineroar, L50, M|\n|poke|p2|Arcanine-Hisui, L50, F|\n|poke|p2|Serperior, L50, F|\n|poke|p2|Clefable, L50, F|\n|poke|p2|Sneasler, L50, M|\n|poke|p2|Aegislash, L50, M|\n|poke|p2|Dragonite, L50, F|\n|teampreview|4\n|inactive|Battle timer is ON: inactive players will automatically lose when time's up. (requested by Mashndrow)\n|inactive|pkmnboo also wants the timer to be on.\n|inactive|pkmnboo has 60 seconds left.\n|inactive|Mashndrow has 60 seconds left.\n|\n|t:|1776200355\n|teamsize|p1|4\n|teamsize|p2|4\n|start\n|switch|p1a: Rotom|Rotom-Wash, L50|100/100\n|switch|p1b: Incineroar|Incineroar, L50, M|100/100\n|switch|p2a: Arcanine|Arcanine-Hisui, L50, F|100/100\n|switch|p2b: Serperior|Serperior, L50, F|100/100\n|-ability|p2a: Arcanine|Intimidate|boost\n|-unboost|p1a: Rotom|atk|1\n|-unboost|p1b: Incineroar|atk|1\n|-ability|p1b: Incineroar|Intimidate|boost\n|-unboost|p2a: Arcanine|atk|1\n|-boost|p2b: Serperior|atk|1\n|turn|1\n|\n|t:|1776200378\n|move|p2b: Serperior|Protect|p2b: Serperior\n|-singleturn|p2b: Serperior|Protect\n|move|p2a: Arcanine|Protect|p2a: Arcanine\n|-singleturn|p2a: Arcanine|Protect\n|move|p1b: Incineroar|Fake Out|p2b: Serperior\n|-activate|p2b: Serperior|move: Protect\n|move|p1a: Rotom|Hydro Pump|p2a: Arcanine\n|-activate|p2a: Arcanine|move: Protect\n|\n|upkeep\n|turn|2\n|inactive|Mashndrow has 30 seconds left.\n|\n|t:|1776200407\n|move|p1a: Rotom|Protect|p1a: Rotom\n|-singleturn|p1a: Rotom|Protect\n|move|p2b: Serperior|Leaf Storm|p1a: Rotom\n|-activate|p1a: Rotom|move: Protect\n|move|p2a: Arcanine|Rock Slide|p1a: Rotom|[spread] p1b\n|-activate|p1a: Rotom|move: Protect\n|-supereffective|p1b: Incineroar|1\n|-damage|p1b: Incineroar|64/100\n|move|p1b: Incineroar|Parting Shot|p2a: Arcanine\n|-unboost|p2a: Arcanine|atk|1\n|-unboost|p2a: Arcanine|spa|1\n|\n|t:|1776200424\n|switch|p1b: Sneasler|Sneasler, L50, F|100/100|[from] Parting Shot\n|\n|upkeep\n|turn|3\n|inactive|Mashndrow has 30 seconds left.\n|\n|t:|1776200450\n|switch|p2a: Dragonite|Dragonite, L50, F|100/100\n|switch|p1a: Incineroar|Incineroar, L50, M|64/100\n|-ability|p1a: Incineroar|Intimidate|boost\n|-fail|p2a: Dragonite|unboost|Attack|[from] ability: Inner Focus|[of] p2a: Dragonite\n|-boost|p2b: Serperior|atk|1\n|move|p1b: Sneasler|Dire Claw|p2b: Serperior\n|-supereffective|p2b: Serperior|1\n|-enditem|p2b: Serperior|Kebia Berry|[eat]\n|-enditem|p2b: Serperior|Kebia Berry|[weaken]\n|-damage|p2b: Serperior|51/100\n|move|p2b: Serperior|Glare|p1b: Sneasler\n|-status|p1b: Sneasler|par\n|\n|upkeep\n|turn|4\n|inactive|pkmnboo has 30 seconds left.\n|inactive|Mashndrow has 30 seconds left.\n|inactive|pkmnboo has 20 seconds left.\n|inactive|Mashndrow has 20 seconds left.\n|inactive|pkmnboo has 15 seconds left.\n|inactive|Mashndrow has 15 seconds left.\n|inactive|Mashndrow has 10 seconds left.\n|inactive|pkmnboo has 10 seconds left.\n|inactive|Mashndrow has 5 seconds left.\n|\n|t:|1776200504\n|move|p2b: Serperior|Protect|p2b: Serperior\n|-singleturn|p2b: Serperior|Protect\n|move|p2a: Dragonite|Protect|p2a: Dragonite\n|-singleturn|p2a: Dragonite|Protect\n|move|p1b: Sneasler|Close Combat|p2b: Serperior\n|-activate|p2b: Serperior|move: Protect\n|move|p1a: Incineroar|Parting Shot|p2a: Dragonite\n|-activate|p2a: Dragonite|move: Protect\n|\n|upkeep\n|turn|5\n|inactive|Mashndrow has 30 seconds left.\n|\n|t:|1776200536\n|switch|p2b: Clefable|Clefable, L50, F|100/100\n|switch|p1a: Rotom|Rotom-Wash, L50|100/100\n|move|p2a: Dragonite|Tailwind|p2a: Dragonite\n|-sidestart|p2: Mashndrow|move: Tailwind\n|move|p1b: Sneasler|Dire Claw|p2b: Clefable\n|-supereffective|p2b: Clefable|1\n|-damage|p2b: Clefable|32/100\n|-status|p2b: Clefable|par\n|\n|-heal|p2b: Clefable|38/100 par|[from] item: Leftovers\n|upkeep\n|turn|6\n|inactive|Mashndrow has 30 seconds left.\n|inactive|Mashndrow has 20 seconds left.\n|\n|t:|1776200574\n|detailschange|p2a: Dragonite|Dragonite-Mega, L50, F\n|-mega|p2a: Dragonite|Dragonite|Dragoninite\n|move|p2b: Clefable|Follow Me|p2b: Clefable\n|-singleturn|p2b: Clefable|move: Follow Me\n|move|p2a: Dragonite|Draco Meteor|p1b: Sneasler\n|-damage|p1b: Sneasler|0 fnt\n|-unboost|p2a: Dragonite|spa|2\n|faint|p1b: Sneasler\n|move|p1a: Rotom|Thunderbolt|p2b: Clefable\n|-damage|p2b: Clefable|5/100 par\n|\n|-heal|p2b: Clefable|11/100 par|[from] item: Leftovers\n|upkeep\n|\n|t:|1776200594\n|switch|p1b: Incineroar|Incineroar, L50, M|64/100\n|-ability|p1b: Incineroar|Intimidate|boost\n|-unboost|p2a: Dragonite|atk|1\n|-unboost|p2b: Clefable|atk|1\n|turn|7\n|\n|t:|1776200617\n|move|p2a: Dragonite|Protect|p2a: Dragonite\n|-singleturn|p2a: Dragonite|Protect\n|move|p1a: Rotom|Thunderbolt|p2b: Clefable\n|-damage|p2b: Clefable|0 fnt\n|faint|p2b: Clefable\n|move|p1b: Incineroar|Flare Blitz|p2a: Dragonite\n|-activate|p2a: Dragonite|move: Protect\n|\n|upkeep\n|\n|t:|1776200636\n|switch|p2b: Serperior|Serperior, L50, F|51/100\n|turn|8\n|\n|t:|1776200649\n|switch|p2a: Arcanine|Arcanine-Hisui, L50, F|100/100\n|-ability|p2a: Arcanine|Intimidate|boost\n|-unboost|p1a: Rotom|atk|1\n|-unboost|p1b: Incineroar|atk|1\n|move|p2b: Serperior|Leaf Storm|p1a: Rotom\n|-supereffective|p1a: Rotom|1\n|-damage|p1a: Rotom|0 fnt\n|-boost|p2b: Serperior|spa|2\n|faint|p1a: Rotom\n|move|p1b: Incineroar|Parting Shot|p2a: Arcanine\n|-unboost|p2a: Arcanine|atk|1\n|-unboost|p2a: Arcanine|spa|1\n|\n|t:|1776200658\n|switch|p1b: Charizard|Charizard, L50, F|100/100|[from] Parting Shot\n|\n|-sideend|p2: Mashndrow|move: Tailwind\n|upkeep\n|\n|t:|1776200660\n|switch|p1a: Incineroar|Incineroar, L50, M|64/100\n|-ability|p1a: Incineroar|Intimidate|boost\n|-unboost|p2a: Arcanine|atk|1\n|-boost|p2b: Serperior|atk|1\n|turn|9\n|\n|t:|1776200684\n|detailschange|p1b: Charizard|Charizard-Mega-Y, L50, F\n|-mega|p1b: Charizard|Charizard|Charizardite Y\n|-weather|SunnyDay|[from] ability: Drought|[of] p1b: Charizard\n|move|p2b: Serperior|Protect|p2b: Serperior\n|-singleturn|p2b: Serperior|Protect\n|move|p2a: Arcanine|Protect|p2a: Arcanine\n|-singleturn|p2a: Arcanine|Protect\n|move|p1a: Incineroar|Fake Out|p2a: Arcanine\n|-activate|p2a: Arcanine|move: Protect\n|move|p1b: Charizard|Heat Wave|p2b: Serperior|[spread] \n|-activate|p2a: Arcanine|move: Protect\n|-activate|p2b: Serperior|move: Protect\n|\n|-weather|SunnyDay|[upkeep]\n|upkeep\n|turn|10\n|\n|t:|1776200698\n|switch|p2a: Dragonite|Dragonite-Mega, L50, F|100/100\n|move|p1b: Charizard|Protect|p1b: Charizard\n|-singleturn|p1b: Charizard|Protect\n|move|p2b: Serperior|Glare|p1b: Charizard\n|-activate|p1b: Charizard|move: Protect\n|move|p1a: Incineroar|Darkest Lariat|p2a: Dragonite\n|-damage|p2a: Dragonite|80/100\n|\n|-weather|SunnyDay|[upkeep]\n|upkeep\n|turn|11\n|\n|t:|1776200719\n|move|p1b: Charizard|Protect||[still]\n|-fail|p1b: Charizard\n|move|p2b: Serperior|Glare|p1b: Charizard\n|-status|p1b: Charizard|par\n|move|p2a: Dragonite|Draco Meteor|p1a: Incineroar\n|-damage|p1a: Incineroar|0 fnt\n|-unboost|p2a: Dragonite|spa|2\n|faint|p1a: Incineroar\n|\n|-weather|SunnyDay|[upkeep]\n|upkeep\n|turn|12\n|\n|t:|1776200730\n|move|p2b: Serperior|Dragon Pulse|p1b: Charizard\n|-damage|p1b: Charizard|61/100 par\n|move|p2a: Dragonite|Draco Meteor|p1b: Charizard\n|-damage|p1b: Charizard|24/100 par\n|-unboost|p2a: Dragonite|spa|2\n|move|p1b: Charizard|Heat Wave|p2b: Serperior|[spread] p2a,p2b\n|-resisted|p2a: Dragonite|1\n|-supereffective|p2b: Serperior|1\n|-damage|p2a: Dragonite|54/100\n|-damage|p2b: Serperior|0 fnt\n|faint|p2b: Serperior\n|\n|-weather|SunnyDay|[upkeep]\n|upkeep\n|-message|pkmnboo forfeited.\n|\n|win|Mashndrow\n|raw|pkmnboo's rating: 1113 &rarr; <strong>1088</strong><br />(-25 for losing)\n|raw|Mashndrow's rating: 1110 &rarr; <strong>1135</strong><br />(+25 for winning)\n|l|\u2606pkmnboo\n|player|p1|\n",
  "uploadtime": 1776200739,
  "views": 18,
  "formatid": "gen9championsvgc2026regma",
  "rating": 1088,
  "private": 0,
  "password": null
}