{
  "id": "gen9championsvgc2026regma-2588203719",
  "format": "[Gen 9 Champions] VGC 2026 Reg M-A",
  "players": [
    "chromevoid_",
    "wompwomp lillbroo"
  ],
  "log": "|j|\u2606chromevoid_\n|j|\u2606wompwomp lillbroo\n|t:|1776614118\n|gametype|doubles\n|player|p1|chromevoid_|cynthia|1019\n|player|p2|wompwomp lillbroo|169|1000\n|gen|9\n|tier|[Gen 9 Champions] VGC 2026 Reg M-A\n|rated|\n|rule|Species Clause: Limit one of each Pok\u00e9mon\n|rule|Item Clause: Limit 1 of each item\n|clearpoke\n|poke|p1|Greninja, L50, M, shiny|\n|poke|p1|Zoroark-Hisui, L50, M|\n|poke|p1|Ninetales-Alola, L50, M|\n|poke|p1|Sinistcha, L50|\n|poke|p1|Sneasler, L50, F|\n|poke|p1|Garchomp, L50, M|\n|poke|p2|Crabominable, L50, M, shiny|\n|poke|p2|Slowking-Galar, L50, M, shiny|\n|poke|p2|Incineroar, L50, M, shiny|\n|poke|p2|Azumarill, L50, F|\n|poke|p2|Sinistcha-Masterpiece, L50, shiny|\n|poke|p2|Empoleon, L50, F|\n|teampreview|4\n|inactive|Battle timer is ON: inactive players will automatically lose when time's up. (requested by chromevoid_)\n|inactive|chromevoid_ has 60 seconds left.\n|inactive|wompwomp lillbroo has 60 seconds left.\n|inactive|chromevoid_ has 30 seconds left.\n|\n|t:|1776614188\n|teamsize|p1|4\n|teamsize|p2|4\n|start\n|switch|p1a: Sneasler|Sneasler, L50, F|100/100\n|switch|p1b: Ninetales|Ninetales-Alola, L50, M|100/100\n|switch|p2a: Slowking|Slowking-Galar, L50, M, shiny|100/100\n|switch|p2b: Incineroar|Incineroar, L50, M, shiny|100/100\n|-weather|Snowscape|[from] ability: Snow Warning|[of] p1b: Ninetales\n|-ability|p2b: Incineroar|Intimidate|boost\n|-unboost|p1a: Sneasler|atk|1\n|-unboost|p1b: Ninetales|atk|1\n|-enditem|p1a: Sneasler|White Herb\n|-clearnegativeboost|p1a: Sneasler|[silent]\n|turn|1\n|inactive|chromevoid_ has 30 seconds left.\n|\n|t:|1776614213\n|move|p1a: Sneasler|Fake Out|p2b: Incineroar\n|-damage|p2b: Incineroar|85/100\n|cant|p2b: Incineroar|flinch\n|move|p1b: Ninetales|Aurora Veil|p1b: Ninetales\n|-sidestart|p1: chromevoid_|move: Aurora Veil\n|move|p2a: Slowking|Psychic|p1a: Sneasler\n|-supereffective|p1a: Sneasler|2\n|-damage|p1a: Sneasler|0 fnt\n|faint|p1a: Sneasler\n|\n|-weather|Snowscape|[upkeep]\n|upkeep\n|\n|t:|1776614228\n|switch|p1a: Garchomp|Garchomp, L50, M|100/100\n|turn|2\n|\n|t:|1776614240\n|switch|p2a: Azumarill|Azumarill, L50, F|100/100\n|move|p1b: Ninetales|Protect|p1b: Ninetales\n|-singleturn|p1b: Ninetales|Protect\n|move|p1a: Garchomp|Earthquake|p2b: Incineroar|[spread] p2a,p2b\n|-activate|p1b: Ninetales|move: Protect\n|-supereffective|p2b: Incineroar|1\n|-damage|p2a: Azumarill|60/100\n|-damage|p2b: Incineroar|8/100\n|-enditem|p2b: Incineroar|Sitrus Berry|[eat]\n|-heal|p2b: Incineroar|33/100|[from] item: Sitrus Berry\n|move|p2b: Incineroar|Flare Blitz|p1b: Ninetales\n|-activate|p1b: Ninetales|move: Protect\n|\n|-weather|Snowscape|[upkeep]\n|upkeep\n|turn|3\n|inactive|chromevoid_ has 30 seconds left.\n|\n|t:|1776614266\n|switch|p2b: Slowking|Slowking-Galar, L50, M, shiny|100/100\n|move|p1b: Ninetales|Freeze-Dry|p2a: Azumarill\n|-supereffective|p2a: Azumarill|1\n|-damage|p2a: Azumarill|19/100\n|move|p1a: Garchomp|Earthquake|p2b: Slowking|[spread] p1b,p2a,p2b\n|-supereffective|p2b: Slowking|1\n|-damage|p1b: Ninetales|79/100\n|-damage|p2a: Azumarill|0 fnt\n|-damage|p2b: Slowking|19/100\n|faint|p2a: Azumarill\n|\n|-weather|Snowscape|[upkeep]\n|-heal|p2b: Slowking|25/100|[from] item: Leftovers\n|upkeep\n|\n|t:|1776614275\n|switch|p2a: Incineroar|Incineroar, L50, M, shiny|33/100\n|-ability|p2a: Incineroar|Intimidate|boost\n|-unboost|p1a: Garchomp|atk|1\n|-unboost|p1b: Ninetales|atk|1\n|turn|4\n|\n|t:|1776614284\n|move|p1b: Ninetales|Protect|p1b: Ninetales\n|-singleturn|p1b: Ninetales|Protect\n|move|p2a: Incineroar|Fake Out|p1a: Garchomp\n|-damage|p1a: Garchomp|91/100\n|-damage|p2a: Incineroar|20/100|[from] ability: Rough Skin|[of] p1a: Garchomp\n|cant|p1a: Garchomp|flinch\n|move|p2b: Slowking|Trick Room|p2b: Slowking\n|-fieldstart|move: Trick Room|[of] p2b: Slowking\n|\n|-weather|Snowscape|[upkeep]\n|-heal|p2b: Slowking|31/100|[from] item: Leftovers\n|upkeep\n|turn|5\n|inactive|chromevoid_ has 30 seconds left.\n|\n|t:|1776614319\n|switch|p2b: Crabominable|Crabominable, L50, M, shiny|100/100\n|move|p1b: Ninetales|Protect||[still]\n|-fail|p1b: Ninetales\n|move|p2a: Incineroar|Parting Shot|p1a: Garchomp\n|-unboost|p1a: Garchomp|atk|1\n|-unboost|p1a: Garchomp|spa|1\n|\n|t:|1776614328\n|switch|p2a: Slowking|Slowking-Galar, L50, M, shiny|64/100|[from] Parting Shot\n|move|p1a: Garchomp|Earthquake|p2a: Slowking|[spread] p1b,p2a,p2b\n|-supereffective|p2a: Slowking|1\n|-damage|p1b: Ninetales|68/100\n|-damage|p2a: Slowking|25/100\n|-damage|p2b: Crabominable|85/100\n|\n|-weather|none\n|-heal|p2a: Slowking|31/100|[from] item: Leftovers\n|-sideend|p1: chromevoid_|move: Aurora Veil\n|upkeep\n|turn|6\n|inactive|chromevoid_ has 30 seconds left.\n|\n|t:|1776614357\n|switch|p2a: Incineroar|Incineroar, L50, M, shiny|20/100\n|-ability|p2a: Incineroar|Intimidate|boost\n|-unboost|p1a: Garchomp|atk|1\n|-unboost|p1b: Ninetales|atk|1\n|detailschange|p2b: Crabominable|Crabominable-Mega, L50, M, shiny\n|-mega|p2b: Crabominable|Crabominable|Crabominite\n|move|p1a: Garchomp|Protect|p1a: Garchomp\n|-singleturn|p1a: Garchomp|Protect\n|move|p1b: Ninetales|Protect|p1b: Ninetales\n|-singleturn|p1b: Ninetales|Protect\n|move|p2b: Crabominable|Ice Hammer|p1a: Garchomp\n|-activate|p1a: Garchomp|move: Protect\n|\n|upkeep\n|turn|7\n|\n|t:|1776614380\n|move|p2a: Incineroar|Fake Out|p1a: Garchomp\n|-damage|p1a: Garchomp|78/100\n|-damage|p2a: Incineroar|8/100|[from] ability: Rough Skin|[of] p1a: Garchomp\n|move|p2b: Crabominable|Crabhammer|p1b: Ninetales\n|-damage|p1b: Ninetales|15/100\n|cant|p1a: Garchomp|flinch\n|move|p1b: Ninetales|Aurora Veil||[still]\n|-fail|p1b: Ninetales\n|\n|upkeep\n|turn|8\n|\n|t:|1776614394\n|switch|p2a: Slowking|Slowking-Galar, L50, M, shiny|64/100\n|move|p1a: Garchomp|Protect|p1a: Garchomp\n|-singleturn|p1a: Garchomp|Protect\n|move|p1b: Ninetales|Protect|p1b: Ninetales\n|-singleturn|p1b: Ninetales|Protect\n|move|p2b: Crabominable|Ice Hammer|p1a: Garchomp\n|-activate|p1a: Garchomp|move: Protect\n|\n|-heal|p2a: Slowking|70/100|[from] item: Leftovers\n|-fieldend|move: Trick Room\n|upkeep\n|turn|9\n|inactive|chromevoid_ has 30 seconds left.\n|\n|t:|1776614420\n|switch|p2a: Incineroar|Incineroar, L50, M, shiny|8/100\n|-ability|p2a: Incineroar|Intimidate|boost\n|-unboost|p1a: Garchomp|atk|1\n|-unboost|p1b: Ninetales|atk|1\n|move|p1b: Ninetales|Freeze-Dry|p2b: Crabominable\n|-resisted|p2b: Crabominable|1\n|-damage|p2b: Crabominable|76/100\n|move|p1a: Garchomp|Rock Slide|p2b: Crabominable|[spread] p2a\n|-miss|p1a: Garchomp|p2b: Crabominable\n|-supereffective|p2a: Incineroar|1\n|-damage|p2a: Incineroar|0 fnt\n|faint|p2a: Incineroar\n|move|p2b: Crabominable|Ice Hammer|p1a: Garchomp\n|-supereffective|p1a: Garchomp|2\n|-damage|p1a: Garchomp|0 fnt\n|-unboost|p2b: Crabominable|spe|1\n|-damage|p2b: Crabominable|64/100|[from] ability: Rough Skin|[of] p1a: Garchomp\n|faint|p1a: Garchomp\n|\n|upkeep\n|\n|t:|1776614441\n|switch|p1a: Sinistcha|Sinistcha, L50|100/100\n|switch|p2a: Slowking|Slowking-Galar, L50, M, shiny|100/100\n|-heal|p1b: Ninetales|39/100|[from] ability: Hospitality|[of] p1a: Sinistcha\n|turn|10\n|\n|t:|1776614462\n|move|p2b: Crabominable|Protect|p2b: Crabominable\n|-singleturn|p2b: Crabominable|Protect\n|move|p1b: Ninetales|Freeze-Dry|p2b: Crabominable\n|-activate|p2b: Crabominable|move: Protect\n|move|p1a: Sinistcha|Matcha Gotcha|p2b: Crabominable|[spread] p2a\n|-activate|p2b: Crabominable|move: Protect\n|-resisted|p2a: Slowking|1\n|-damage|p2a: Slowking|92/100\n|move|p2a: Slowking|Toxic|p1a: Sinistcha\n|-status|p1a: Sinistcha|tox\n|\n|-heal|p2a: Slowking|98/100|[from] item: Leftovers\n|-damage|p1a: Sinistcha|95/100 tox|[from] psn\n|upkeep\n|turn|11\n|l|\u2606chromevoid_\n|inactive|chromevoid_ disconnected and has a minute to reconnect!\n|player|p1|\n|inactive|chromevoid_ has 30 seconds left.\n|inactive|chromevoid_ has 20 seconds left.\n|inactive|chromevoid_ has 15 seconds left.\n|inactive|chromevoid_ has 10 seconds left.\n|inactive|chromevoid_ has 5 seconds left.\n|-message|chromevoid_ lost due to inactivity.\n|\n|win|wompwomp lillbroo\n|raw|chromevoid_'s rating: 1019 &rarr; <strong>1005</strong><br />(-14 for losing)\n|raw|wompwomp lillbroo's rating: 1000 &rarr; <strong>1042</strong><br />(+42 for winning)\n",
  "uploadtime": 1776614524,
  "views": 7,
  "formatid": "gen9championsvgc2026regma",
  "rating": 1005,
  "private": 0,
  "password": null
}