{
  "id": "gen9championsvgc2026regma-2585663000",
  "format": "[Gen 9 Champions] VGC 2026 Reg M-A",
  "players": [
    "Bagel Hugger",
    "Poke Unc"
  ],
  "log": "|j|\u2606Bagel Hugger\n|j|\u2606Poke Unc\n|t:|1776362075\n|gametype|doubles\n|player|p1|Bagel Hugger|101|1127\n|player|p2|Poke Unc|palmer|1125\n|gen|9\n|tier|[Gen 9 Champions] VGC 2026 Reg M-A\n|rated|\n|rule|Species Clause: Limit one of each Pok\u00e9mon\n|rule|Item Clause: Limit 1 of each item\n|clearpoke\n|poke|p1|Clefable, L50, F|\n|poke|p1|Chimecho, L50, F|\n|poke|p1|Incineroar, L50, F|\n|poke|p1|Sinistcha-Masterpiece, L50|\n|poke|p1|Quaquaval, L50, F|\n|poke|p1|Meowstic, L50, M|\n|poke|p2|Meowstic, L50, M|\n|poke|p2|Farigiraf, L50, F|\n|poke|p2|Sneasler, L50, F|\n|poke|p2|Tyranitar, L50, M|\n|poke|p2|Excadrill, L50, M|\n|poke|p2|Corviknight, L50, M|\n|teampreview|4\n|inactive|Battle timer is ON: inactive players will automatically lose when time's up. (requested by Bagel Hugger)\n|\n|t:|1776362122\n|teamsize|p1|4\n|teamsize|p2|4\n|start\n|switch|p1a: Chimecho|Chimecho, L50, F|100/100\n|switch|p1b: Incineroar|Incineroar, L50, F|100/100\n|switch|p2a: Sneasler|Sneasler, L50, F|100/100\n|switch|p2b: Tyranitar|Tyranitar, L50, M|100/100\n|-weather|Sandstorm|[from] ability: Sand Stream|[of] p2b: Tyranitar\n|-ability|p1b: Incineroar|Intimidate|boost\n|-unboost|p2a: Sneasler|atk|1\n|-unboost|p2b: Tyranitar|atk|1\n|turn|1\n|inactive|Poke Unc has 30 seconds left.\n|inactive|Poke Unc has 20 seconds left.\n|\n|t:|1776362159\n|detailschange|p1a: Chimecho|Chimecho-Mega, L50, F\n|-mega|p1a: Chimecho|Chimecho|Chimechite\n|move|p2a: Sneasler|Fake Out|p1b: Incineroar\n|-damage|p1b: Incineroar|90/100\n|cant|p1b: Incineroar|flinch\n|move|p2b: Tyranitar|Knock Off|p1a: Chimecho\n|-supereffective|p1a: Chimecho|1\n|-crit|p1a: Chimecho\n|-damage|p1a: Chimecho|14/100\n|move|p1a: Chimecho|Cosmic Power|p1a: Chimecho\n|-boost|p1a: Chimecho|def|1\n|-boost|p1a: Chimecho|spd|1\n|\n|-weather|Sandstorm|[upkeep]\n|-damage|p2a: Sneasler|95/100|[from] Sandstorm\n|-damage|p1b: Incineroar|84/100|[from] Sandstorm\n|upkeep\n|turn|2\n|\n|t:|1776362184\n|move|p1a: Chimecho|Protect|p1a: Chimecho\n|-singleturn|p1a: Chimecho|Protect\n|move|p2a: Sneasler|Taunt|p1a: Chimecho\n|-activate|p1a: Chimecho|move: Protect\n|move|p2b: Tyranitar|Rock Slide|p1b: Incineroar|[spread] p1b\n|-activate|p1a: Chimecho|move: Protect\n|-supereffective|p1b: Incineroar|1\n|-damage|p1b: Incineroar|46/100\n|move|p1b: Incineroar|Parting Shot|p2b: Tyranitar\n|-unboost|p2b: Tyranitar|atk|1\n|-unboost|p2b: Tyranitar|spa|1\n|\n|t:|1776362202\n|switch|p1b: Sinistcha|Sinistcha-Masterpiece, L50|100/100|[from] Parting Shot\n|-heal|p1a: Chimecho|38/100|[from] ability: Hospitality|[of] p1b: Sinistcha\n|\n|-weather|Sandstorm|[upkeep]\n|-damage|p2a: Sneasler|89/100|[from] Sandstorm\n|-damage|p1b: Sinistcha|95/100|[from] Sandstorm\n|upkeep\n|turn|3\n|\n|t:|1776362219\n|switch|p2b: Farigiraf|Farigiraf, L50, F|100/100\n|move|p2a: Sneasler|Taunt|p1b: Sinistcha\n|-start|p1b: Sinistcha|move: Taunt\n|-enditem|p1b: Sinistcha|Mental Herb\n|-end|p1b: Sinistcha|move: Taunt\n|move|p1b: Sinistcha|Life Dew|p1b: Sinistcha|[spread] p1a,p1b\n|-heal|p1a: Chimecho|64/100\n|-heal|p1b: Sinistcha|100/100\n|move|p1a: Chimecho|Stored Power|p2a: Sneasler\n|-supereffective|p2a: Sneasler|2\n|-damage|p2a: Sneasler|0 fnt\n|faint|p2a: Sneasler\n|\n|-weather|Sandstorm|[upkeep]\n|-damage|p1b: Sinistcha|95/100|[from] Sandstorm\n|-damage|p2b: Farigiraf|94/100|[from] Sandstorm\n|upkeep\n|\n|t:|1776362243\n|switch|p2a: Tyranitar|Tyranitar, L50, M|100/100\n|turn|4\n|\n|t:|1776362256\n|switch|p1b: Incineroar|Incineroar, L50, F|46/100\n|-ability|p1b: Incineroar|Intimidate|boost\n|-unboost|p2a: Tyranitar|atk|1\n|-unboost|p2b: Farigiraf|atk|1\n|move|p2b: Farigiraf|Helping Hand|p2a: Tyranitar\n|-singleturn|p2a: Tyranitar|Helping Hand|[of] p2b: Farigiraf\n|move|p2a: Tyranitar|Knock Off|p1a: Chimecho\n|-supereffective|p1a: Chimecho|1\n|-damage|p1a: Chimecho|26/100\n|move|p1a: Chimecho|Cosmic Power|p1a: Chimecho\n|-boost|p1a: Chimecho|def|1\n|-boost|p1a: Chimecho|spd|1\n|\n|-weather|Sandstorm|[upkeep]\n|-damage|p2b: Farigiraf|88/100|[from] Sandstorm\n|-damage|p1b: Incineroar|40/100|[from] Sandstorm\n|upkeep\n|turn|5\n|inactive|Bagel Hugger has 30 seconds left.\n|inactive|Poke Unc has 30 seconds left.\n|\n|t:|1776362288\n|move|p2b: Farigiraf|Helping Hand|p2a: Tyranitar\n|-singleturn|p2a: Tyranitar|Helping Hand|[of] p2b: Farigiraf\n|move|p1a: Chimecho|Protect|p1a: Chimecho\n|-singleturn|p1a: Chimecho|Protect\n|move|p2a: Tyranitar|Rock Slide|p1b: Incineroar|[spread] p1b\n|-activate|p1a: Chimecho|move: Protect\n|-supereffective|p1b: Incineroar|1\n|-damage|p1b: Incineroar|0 fnt\n|faint|p1b: Incineroar\n|\n|-weather|none\n|upkeep\n|\n|t:|1776362306\n|switch|p1b: Sinistcha|Sinistcha-Masterpiece, L50|95/100\n|-heal|p1a: Chimecho|51/100|[from] ability: Hospitality|[of] p1b: Sinistcha\n|turn|6\n|\n|t:|1776362317\n|switch|p2a: Meowstic|Meowstic, L50, M|100/100\n|move|p1b: Sinistcha|Matcha Gotcha|p2b: Farigiraf|[spread] p2a\n|-miss|p1b: Sinistcha|p2b: Farigiraf\n|-damage|p2a: Meowstic|54/100\n|-heal|p1b: Sinistcha|100/100|[from] drain|[of] p2a: Meowstic\n|move|p1a: Chimecho|Flash Cannon|p2a: Meowstic\n|-damage|p2a: Meowstic|0 fnt\n|faint|p2a: Meowstic\n|move|p2b: Farigiraf|Psychic Terrain|p2b: Farigiraf\n|-fieldstart|move: Psychic Terrain\n|\n|upkeep\n|\n|t:|1776362322\n|switch|p2a: Tyranitar|Tyranitar, L50, M|100/100\n|-weather|Sandstorm|[from] ability: Sand Stream|[of] p2a: Tyranitar\n|turn|7\n|inactive|Bagel Hugger has 30 seconds left.\n|\n|t:|1776362348\n|detailschange|p2a: Tyranitar|Tyranitar-Mega, L50, M\n|-mega|p2a: Tyranitar|Tyranitar|Tyranitarite\n|move|p2b: Farigiraf|Helping Hand|p2a: Tyranitar\n|-singleturn|p2a: Tyranitar|Helping Hand|[of] p2b: Farigiraf\n|move|p1a: Chimecho|Protect|p1a: Chimecho\n|-singleturn|p1a: Chimecho|Protect\n|move|p2a: Tyranitar|Knock Off|p1b: Sinistcha\n|-supereffective|p1b: Sinistcha|1\n|-damage|p1b: Sinistcha|5/100\n|move|p1b: Sinistcha|Life Dew|p1b: Sinistcha|[spread] p1a,p1b\n|-heal|p1a: Chimecho|76/100\n|-heal|p1b: Sinistcha|30/100\n|\n|-weather|Sandstorm|[upkeep]\n|-damage|p1b: Sinistcha|25/100|[from] Sandstorm\n|-damage|p2b: Farigiraf|82/100|[from] Sandstorm\n|upkeep\n|turn|8\n|\n|t:|1776362366\n|move|p2b: Farigiraf|Helping Hand|p2a: Tyranitar\n|-singleturn|p2a: Tyranitar|Helping Hand|[of] p2b: Farigiraf\n|move|p2a: Tyranitar|Knock Off|p1a: Chimecho\n|-supereffective|p1a: Chimecho|1\n|-damage|p1a: Chimecho|30/100\n|move|p1b: Sinistcha|Matcha Gotcha|p2a: Tyranitar|[spread] p2a,p2b\n|-supereffective|p2a: Tyranitar|1\n|-damage|p2a: Tyranitar|65/100\n|-heal|p1b: Sinistcha|43/100|[from] drain|[of] p2a: Tyranitar\n|-damage|p2b: Farigiraf|58/100\n|-heal|p1b: Sinistcha|59/100|[from] drain|[of] p2b: Farigiraf\n|move|p1a: Chimecho|Flash Cannon|p2a: Tyranitar\n|-supereffective|p2a: Tyranitar|1\n|-damage|p2a: Tyranitar|20/100\n|\n|-weather|Sandstorm|[upkeep]\n|-damage|p1b: Sinistcha|53/100|[from] Sandstorm\n|-damage|p2b: Farigiraf|52/100|[from] Sandstorm\n|upkeep\n|turn|9\n|inactive|Bagel Hugger has 30 seconds left.\n|inactive|Poke Unc has 30 seconds left.\n|\n|t:|1776362396\n|move|p2b: Farigiraf|Helping Hand|p2a: Tyranitar\n|-singleturn|p2a: Tyranitar|Helping Hand|[of] p2b: Farigiraf\n|move|p1a: Chimecho|Protect|p1a: Chimecho\n|-singleturn|p1a: Chimecho|Protect\n|move|p2a: Tyranitar|Knock Off|p1b: Sinistcha\n|-supereffective|p1b: Sinistcha|1\n|-damage|p1b: Sinistcha|0 fnt\n|faint|p1b: Sinistcha\n|\n|-weather|Sandstorm|[upkeep]\n|-damage|p2b: Farigiraf|45/100|[from] Sandstorm\n|upkeep\n|\n|t:|1776362403\n|switch|p1b: Quaquaval|Quaquaval, L50, F|100/100\n|turn|10\n|\n|t:|1776362414\n|move|p2a: Tyranitar|Protect|p2a: Tyranitar\n|-singleturn|p2a: Tyranitar|Protect\n|move|p1b: Quaquaval|Aqua Step|p2a: Tyranitar\n|-activate|p2a: Tyranitar|move: Protect\n|move|p1a: Chimecho|Flash Cannon|p2b: Farigiraf\n|-damage|p2b: Farigiraf|12/100\n|-unboost|p2b: Farigiraf|spd|1\n|move|p2b: Farigiraf|Twin Beam|p1b: Quaquaval\n|-supereffective|p1b: Quaquaval|1\n|-damage|p1b: Quaquaval|40/100\n|-supereffective|p1b: Quaquaval|1\n|-damage|p1b: Quaquaval|0 fnt\n|faint|p1b: Quaquaval\n|-hitcount|p1: Quaquaval|2\n|\n|-weather|Sandstorm|[upkeep]\n|-damage|p2b: Farigiraf|6/100|[from] Sandstorm\n|-fieldend|move: Psychic Terrain\n|upkeep\n|turn|11\n|\n|t:|1776362434\n|move|p2b: Farigiraf|Helping Hand|p2a: Tyranitar\n|-singleturn|p2a: Tyranitar|Helping Hand|[of] p2b: Farigiraf\n|move|p1a: Chimecho|Protect|p1a: Chimecho\n|-singleturn|p1a: Chimecho|Protect\n|move|p2a: Tyranitar|Knock Off|p1a: Chimecho\n|-activate|p1a: Chimecho|move: Protect\n|\n|-weather|none\n|upkeep\n|turn|12\n|\n|t:|1776362450\n|move|p2b: Farigiraf|Helping Hand|p2a: Tyranitar\n|-singleturn|p2a: Tyranitar|Helping Hand|[of] p2b: Farigiraf\n|move|p2a: Tyranitar|Knock Off|p1a: Chimecho\n|-supereffective|p1a: Chimecho|1\n|-damage|p1a: Chimecho|0 fnt\n|faint|p1a: Chimecho\n|\n|win|Poke Unc\n|raw|Bagel Hugger's rating: 1127 &rarr; <strong>1102</strong><br />(-25 for losing)\n|raw|Poke Unc's rating: 1125 &rarr; <strong>1150</strong><br />(+25 for winning)\n|l|\u2606Bagel Hugger\n|player|p1|\n",
  "uploadtime": 1776362621,
  "views": 28,
  "formatid": "gen9championsvgc2026regma",
  "rating": 1102,
  "private": 0,
  "password": null
}