{
  "id": "gen9championsvgc2026regma-2587380282",
  "format": "[Gen 9 Champions] VGC 2026 Reg M-A",
  "players": [
    "tacazmacaz",
    "magicalarcher57"
  ],
  "log": "|j|\u2606tacazmacaz\n|j|\u2606magicalarcher57\n|html|<table width=\"100%\"><tr><td align=\"left\">tacazmacaz</td><td align=\"right\">magicalarcher57</tr><tr><td align=\"left\"><i class=\"fa fa-circle\"></i> <i class=\"fa fa-circle-o\"></i> </td><td align=\"right\"><i class=\"fa fa-circle-o\"></i> <i class=\"fa fa-circle\"></i> </tr></table>\n|uhtml|bestof|<h2><strong>Game 3</strong> of <a href=\"/game-bestof3-gen9championsvgc2026regma-2587376846\">a best-of-3</a></h2>\n|t:|1776526972\n|gametype|doubles\n|player|p1|tacazmacaz|steven|\n|player|p2|magicalarcher57|valerie|\n|gen|9\n|tier|[Gen 9 Champions] VGC 2026 Reg M-A\n|rated|Tournament battle\n|rule|Species Clause: Limit one of each Pok\u00e9mon\n|rule|Item Clause: Limit 1 of each item\n|raw|<div class=\"infobox\"><details class=\"readmore\" open><summary><strong>2 custom rules:</strong></summary> Force Open Team Sheets, Best of = 3</details></div>\n|clearpoke\n|poke|p1|Charizard, L50, F|\n|poke|p1|Garchomp, L50, M|\n|poke|p1|Tyranitar, L50, F|\n|poke|p1|Torkoal, L50, F|\n|poke|p1|Corviknight, L50, M|\n|poke|p1|Primarina, L50, M|\n|poke|p2|Kangaskhan, L50, F, shiny|\n|poke|p2|Farigiraf, L50, M, shiny|\n|poke|p2|Talonflame, L50, M, shiny|\n|poke|p2|Floette-Eternal, L50, F|\n|poke|p2|Sneasler, L50, M, shiny|\n|poke|p2|Basculegion, L50, M, shiny|\n|teampreview|4\n|showteam|p1|Charizard||CharizarditeY|Blaze|HeatWave,SolarBeam,WeatherBall,Protect|||F|||50|]Garchomp||ChoiceScarf|RoughSkin|DragonClaw,Earthquake,StompingTantrum,RockSlide|||M|||50|]Tyranitar||FocusSash|SandStream|RockSlide,Earthquake,KnockOff,Protect|||F|||50|]Torkoal||Charcoal|Drought|Eruption,GyroBall,Flamethrower,SolarBeam|||F|||50|]Corviknight||SitrusBerry|MirrorArmor|Tailwind,IronHead,Taunt,BraveBird|||M|||50|]Primarina||FairyFeather|LiquidVoice|Moonblast,Haze,IceBeam,HyperVoice|||M|||50|\n|showteam|p2|Kangaskhan||Kangaskhanite|Scrappy|FakeOut,HammerArm,DoubleEdge,Crunch|||F|||50|]Farigiraf||ColburBerry|ArmorTail|ShadowBall,HyperVoice,TrickRoom,Psychic|||M|||50|]Talonflame||SharpBeak|GaleWings|Tailwind,Taunt,Protect,BraveBird|||M|||50|]Floette-Eternal||Floettite|FlowerVeil|Moonblast,LightofRuin,DazzlingGleam,Protect|||F|||50|]Sneasler||FocusSash|Unburden|FakeOut,CloseCombat,DireClaw,Protect|||M|||50|]Basculegion||MysticWater|Adaptability|WaveCrash,LastRespects,AquaJet,Protect|||M|||50|\n|inactive|Battle timer is ON: inactive players will automatically lose when time's up. (requested by tacazmacaz)\n|inactive|magicalarcher57 has 60 seconds left.\n|\n|t:|1776527012\n|teamsize|p1|4\n|teamsize|p2|4\n|start\n|switch|p1a: Charizard|Charizard, L50, F|100/100\n|switch|p1b: Corviknight|Corviknight, L50, M|100/100\n|switch|p2a: Athena|Talonflame, L50, M, shiny|100/100\n|switch|p2b: Floette|Floette-Eternal, L50, F|100/100\n|turn|1\n|inactive|magicalarcher57 has 30 seconds left.\n|\n|t:|1776527046\n|detailschange|p1a: Charizard|Charizard-Mega-Y, L50, F\n|-mega|p1a: Charizard|Charizard|Charizardite Y\n|-weather|SunnyDay|[from] ability: Drought|[of] p1a: Charizard\n|detailschange|p2b: Floette|Floette-Mega, L50, F\n|-mega|p2b: Floette|Floette|Floettite\n|-ability|p2b: Floette|Fairy Aura\n|move|p2a: Athena|Tailwind|p2a: Athena\n|-sidestart|p2: magicalarcher57|move: Tailwind\n|move|p2b: Floette|Dazzling Gleam|p1a: Charizard|[spread] p1a,p1b\n|-resisted|p1a: Charizard|1\n|-resisted|p1b: Corviknight|1\n|-damage|p1a: Charizard|75/100\n|-damage|p1b: Corviknight|76/100\n|move|p1a: Charizard|Heat Wave|p2b: Floette|[spread] p2a,p2b\n|-resisted|p2a: Athena|1\n|-damage|p2a: Athena|50/100\n|-damage|p2b: Floette|44/100\n|move|p1b: Corviknight|Tailwind|p1b: Corviknight\n|-sidestart|p1: tacazmacaz|move: Tailwind\n|\n|-weather|SunnyDay|[upkeep]\n|upkeep\n|turn|2\n|inactive|tacazmacaz has 30 seconds left.\n|inactive|magicalarcher57 has 30 seconds left.\n|inactive|magicalarcher57 has 20 seconds left.\n|inactive|magicalarcher57 has 15 seconds left.\n|inactive|magicalarcher57 has 10 seconds left.\n|inactive|magicalarcher57 has 5 seconds left.\n|\n|t:|1776527101\n|switch|p1b: Primarina|Primarina, L50, M|100/100\n|move|p2a: Athena|Tailwind||[still]\n|-fail|p2a: Athena\n|move|p2b: Floette|Moonblast|p1a: Charizard\n|-resisted|p1a: Charizard|1\n|-damage|p1a: Charizard|35/100\n|move|p1a: Charizard|Heat Wave|p2a: Athena|[spread] p2a\n|-miss|p1a: Charizard|p2b: Floette\n|-resisted|p2a: Athena|1\n|-damage|p2a: Athena|0 fnt\n|faint|p2a: Athena\n|\n|-weather|SunnyDay|[upkeep]\n|upkeep\n|\n|t:|1776527102\n|switch|p2a: Sneasler|Sneasler, L50, M, shiny|100/100\n|turn|3\n|\n|t:|1776527125\n|move|p1a: Charizard|Protect|p1a: Charizard\n|-singleturn|p1a: Charizard|Protect\n|move|p2a: Sneasler|Dire Claw|p1b: Primarina\n|-supereffective|p1b: Primarina|1\n|-damage|p1b: Primarina|0 fnt\n|faint|p1b: Primarina\n|move|p2b: Floette|Moonblast|p1a: Charizard\n|-activate|p1a: Charizard|move: Protect\n|\n|-weather|SunnyDay|[upkeep]\n|upkeep\n|j| reanschawrzer\n|\n|t:|1776527137\n|switch|p1b: Corviknight|Corviknight, L50, M|76/100\n|turn|4\n|\n|t:|1776527147\n|move|p2a: Sneasler|Close Combat|p1b: Corviknight\n|-damage|p1b: Corviknight|14/100\n|-unboost|p2a: Sneasler|def|1\n|-unboost|p2a: Sneasler|spd|1\n|-enditem|p1b: Corviknight|Sitrus Berry|[eat]\n|-heal|p1b: Corviknight|39/100|[from] item: Sitrus Berry\n|move|p2b: Floette|Light of Ruin|p1b: Corviknight\n|-resisted|p1b: Corviknight|1\n|-damage|p1b: Corviknight|0 fnt\n|faint|p1b: Corviknight\n|-damage|p2b: Floette|18/100|[from] Recoil\n|move|p1a: Charizard|Heat Wave|p2b: Floette|[spread] p2b\n|-miss|p1a: Charizard|p2a: Sneasler\n|-damage|p2b: Floette|0 fnt\n|faint|p2b: Floette\n|\n|-weather|SunnyDay|[upkeep]\n|-sideend|p1: tacazmacaz|move: Tailwind\n|-sideend|p2: magicalarcher57|move: Tailwind\n|upkeep\n|\n|t:|1776527168\n|switch|p2b: Basculegion|Basculegion, L50, M, shiny|100/100\n|switch|p1b: Garchomp|Garchomp, L50, M|100/100\n|turn|5\n|inactive|magicalarcher57 has 30 seconds left.\n|inactive|magicalarcher57 has 20 seconds left.\n|inactive|magicalarcher57 has 15 seconds left.\n|inactive|magicalarcher57 has 10 seconds left.\n|inactive|magicalarcher57 has 5 seconds left.\n|\n|t:|1776527219\n|move|p2a: Sneasler|Protect|p2a: Sneasler\n|-singleturn|p2a: Sneasler|Protect\n|move|p2b: Basculegion|Protect|p2b: Basculegion\n|-singleturn|p2b: Basculegion|Protect\n|move|p1b: Garchomp|Earthquake|p2b: Basculegion|[spread] \n|-activate|p2a: Sneasler|move: Protect\n|-activate|p2b: Basculegion|move: Protect\n|-immune|p1a: Charizard\n|move|p1a: Charizard|Solar Beam||[still]\n|-prepare|p1a: Charizard|Solar Beam\n|-anim|p1a: Charizard|Solar Beam|p2b: Basculegion\n|-activate|p2b: Basculegion|move: Protect\n|\n|-weather|none\n|upkeep\n|turn|6\n|\n|t:|1776527236\n|move|p1a: Charizard|Protect|p1a: Charizard\n|-singleturn|p1a: Charizard|Protect\n|move|p2b: Basculegion|Aqua Jet|p1a: Charizard\n|-activate|p1a: Charizard|move: Protect\n|move|p1b: Garchomp|Earthquake|p2a: Sneasler|[spread] p2a,p2b\n|-activate|p1a: Charizard|move: Protect\n|-supereffective|p2a: Sneasler|1\n|-enditem|p2a: Sneasler|Focus Sash\n|-damage|p2a: Sneasler|1/100\n|-damage|p2b: Basculegion|58/100\n|move|p2a: Sneasler|Close Combat|p1b: Garchomp\n|-damage|p1b: Garchomp|42/100\n|-unboost|p2a: Sneasler|def|1\n|-unboost|p2a: Sneasler|spd|1\n|-damage|p2a: Sneasler|0 fnt|[from] ability: Rough Skin|[of] p1b: Garchomp\n|faint|p2a: Sneasler\n|\n|upkeep\n|turn|7\n|inactive|magicalarcher57 has 30 seconds left.\n|inactive|magicalarcher57 has 20 seconds left.\n|inactive|magicalarcher57 has 15 seconds left.\n|inactive|magicalarcher57 has 10 seconds left.\n|\n|t:|1776527287\n|move|p2b: Basculegion|Aqua Jet|p1a: Charizard\n|-supereffective|p1a: Charizard|1\n|-damage|p1a: Charizard|0 fnt\n|faint|p1a: Charizard\n|move|p1b: Garchomp|Earthquake|p2b: Basculegion\n|-damage|p2b: Basculegion|0 fnt\n|faint|p2b: Basculegion\n|\n|win|tacazmacaz\n",
  "uploadtime": 1776527287,
  "views": 19,
  "formatid": "gen9championsvgc2026regma",
  "rating": null,
  "private": 0,
  "password": null
}