{
  "id": "gen9championsvgc2026regma-2582355375",
  "format": "[Gen 9 Champions] VGC 2026 Reg M-A",
  "players": [
    "Liljsn",
    "anez0410"
  ],
  "log": "|j|\u2606Liljsn\n|j|\u2606anez0410\n|t:|1776085947\n|gametype|doubles\n|player|p1|Liljsn|170|1061\n|player|p2|anez0410|pokemaniac|1064\n|gen|9\n|tier|[Gen 9 Champions] VGC 2026 Reg M-A\n|rated|\n|rule|Species Clause: Limit one of each Pok\u00e9mon\n|rule|Item Clause: Limit 1 of each item\n|clearpoke\n|poke|p1|Scizor, L50, F|\n|poke|p1|Whimsicott, L50, F|\n|poke|p1|Maushold, L50|\n|poke|p1|Arcanine-Hisui, L50, F|\n|poke|p1|Rotom-Wash, L50|\n|poke|p1|Froslass, L50, F|\n|poke|p2|Scizor, L50, F|\n|poke|p2|Politoed, L50, F|\n|poke|p2|Incineroar, L50, F|\n|poke|p2|Basculegion, L50, M|\n|poke|p2|Kommo-o, L50, F|\n|poke|p2|Sinistcha, L50|\n|teampreview|4\n|c|\u2606Liljsn|scizor supermercy\n|c|\u2606anez0410|scizor goated\n|\n|t:|1776085982\n|teamsize|p1|4\n|teamsize|p2|4\n|start\n|switch|p1a: Maushold|Maushold, L50|100/100\n|switch|p1b: Froslass|Froslass, L50, F|100/100\n|switch|p2a: Politoed|Politoed, L50, F|100/100\n|switch|p2b: Scizor|Scizor, L50, F|100/100\n|-weather|RainDance|[from] ability: Drizzle|[of] p2a: Politoed\n|turn|1\n|\n|t:|1776086017\n|detailschange|p1b: Froslass|Froslass-Mega, L50, F\n|-mega|p1b: Froslass|Froslass|Froslassite\n|-weather|Snowscape|[from] ability: Snow Warning|[of] p1b: Froslass\n|detailschange|p2b: Scizor|Scizor-Mega, L50, F\n|-mega|p2b: Scizor|Scizor|Scizorite\n|move|p1b: Froslass|Protect|p1b: Froslass\n|-singleturn|p1b: Froslass|Protect\n|move|p2a: Politoed|Protect|p2a: Politoed\n|-singleturn|p2a: Politoed|Protect\n|move|p1a: Maushold|Super Fang|p2b: Scizor|[miss]\n|-miss|p1a: Maushold|p2b: Scizor\n|move|p2b: Scizor|Swords Dance|p2b: Scizor\n|-boost|p2b: Scizor|atk|2\n|\n|-weather|Snowscape|[upkeep]\n|upkeep\n|turn|2\n|c|\u2606Liljsn|:(\n|\n|t:|1776086050\n|switch|p1b: Arcanine|Arcanine-Hisui, L50, F, shiny|100/100\n|-ability|p1b: Arcanine|Intimidate|boost\n|-unboost|p2a: Politoed|atk|1\n|-unboost|p2b: Scizor|atk|1\n|move|p2a: Politoed|Helping Hand|p2b: Scizor\n|-singleturn|p2b: Scizor|Helping Hand|[of] p2a: Politoed\n|move|p2b: Scizor|Bullet Punch|p1b: Arcanine\n|-damage|p1b: Arcanine|30/100\n|move|p1a: Maushold|Super Fang|p2b: Scizor\n|-damage|p2b: Scizor|51/100\n|\n|-weather|Snowscape|[upkeep]\n|upkeep\n|turn|3\n|c|\u2606anez0410|hey it hit that time\n|\n|t:|1776086091\n|switch|p2b: Basculegion|Basculegion, L50, M|100/100\n|move|p2a: Politoed|Protect|p2a: Politoed\n|-singleturn|p2a: Politoed|Protect\n|move|p1b: Arcanine|Extreme Speed|p2a: Politoed\n|-activate|p2a: Politoed|move: Protect\n|move|p1a: Maushold|Super Fang|p2a: Politoed\n|-activate|p2a: Politoed|move: Protect\n|\n|-weather|Snowscape|[upkeep]\n|upkeep\n|turn|4\n|\n|t:|1776086107\n|switch|p1b: Rotom|Rotom-Wash, L50|100/100\n|switch|p2a: Incineroar|Incineroar, L50, F|100/100\n|-ability|p2a: Incineroar|Intimidate|boost\n|-unboost|p1a: Maushold|atk|1\n|-unboost|p1b: Rotom|atk|1\n|move|p1a: Maushold|Protect|p1a: Maushold\n|-singleturn|p1a: Maushold|Protect\n|move|p2b: Basculegion|Flip Turn|p1a: Maushold\n|-activate|p1a: Maushold|move: Protect\n|\n|-weather|Snowscape|[upkeep]\n|upkeep\n|turn|5\n|\n|t:|1776086125\n|move|p2a: Incineroar|Fake Out|p1a: Maushold\n|-damage|p1a: Maushold|86/100\n|move|p2b: Basculegion|Flip Turn|p1a: Maushold\n|-damage|p1a: Maushold|36/100\n|\n|t:|1776086137\n|switch|p2b: Scizor|Scizor-Mega, L50, F|51/100|[from] Flip Turn\n|cant|p1a: Maushold|flinch\n|move|p1b: Rotom|Volt Switch|p2b: Scizor\n|-crit|p2b: Scizor\n|-damage|p2b: Scizor|0 fnt\n|faint|p2b: Scizor\n|\n|t:|1776086150\n|switch|p1b: Froslass|Froslass-Mega, L50, F|100/100|[from] Volt Switch\n|\n|-weather|none\n|upkeep\n|\n|t:|1776086154\n|switch|p2b: Politoed|Politoed, L50, F|100/100\n|-weather|RainDance|[from] ability: Drizzle|[of] p2b: Politoed\n|turn|6\n|\n|t:|1776086178\n|switch|p1b: Rotom|Rotom-Wash, L50|100/100\n|move|p2b: Politoed|Helping Hand|p2a: Incineroar\n|-singleturn|p2a: Incineroar|Helping Hand|[of] p2b: Politoed\n|move|p1a: Maushold|Super Fang|p2a: Incineroar\n|-damage|p2a: Incineroar|50/100\n|move|p2a: Incineroar|Darkest Lariat|p1a: Maushold\n|-damage|p1a: Maushold|0 fnt\n|faint|p1a: Maushold\n|\n|-weather|RainDance|[upkeep]\n|upkeep\n|c|\u2606anez0410|u didnt bring ur scizor :(\n|\n|t:|1776086195\n|switch|p1a: Arcanine|Arcanine-Hisui, L50, F, shiny|30/100\n|-ability|p1a: Arcanine|Intimidate|boost\n|-unboost|p2a: Incineroar|atk|1\n|-unboost|p2b: Politoed|atk|1\n|turn|7\n|\n|t:|1776086209\n|switch|p2b: Basculegion|Basculegion, L50, M|100/100\n|move|p1a: Arcanine|Wild Charge|p2b: Basculegion\n|-supereffective|p2b: Basculegion|1\n|-damage|p2b: Basculegion|24/100\n|-damage|p1a: Arcanine|10/100|[from] Recoil\n|move|p1b: Rotom|Thunderbolt|p2a: Incineroar\n|-damage|p2a: Incineroar|13/100\n|move|p2a: Incineroar|Parting Shot|p1a: Arcanine\n|-unboost|p1a: Arcanine|atk|1\n|-unboost|p1a: Arcanine|spa|1\n|\n|t:|1776086221\n|switch|p2a: Politoed|Politoed, L50, F|100/100|[from] Parting Shot\n|\n|-weather|RainDance|[upkeep]\n|upkeep\n|turn|8\n|c|\u2606Liljsn|weird matchup for him im sorry\n|\n|t:|1776086233\n|move|p2b: Basculegion|Flip Turn|p1b: Rotom\n|-resisted|p1b: Rotom|1\n|-damage|p1b: Rotom|67/100\n|\n|t:|1776086237\n|switch|p2b: Incineroar|Incineroar, L50, F|13/100|[from] Flip Turn\n|-ability|p2b: Incineroar|Intimidate|boost\n|-unboost|p1a: Arcanine|atk|1\n|-unboost|p1b: Rotom|atk|1\n|move|p1a: Arcanine|Wild Charge|p2a: Politoed\n|-supereffective|p2a: Politoed|1\n|-damage|p2a: Politoed|68/100\n|-damage|p1a: Arcanine|2/100|[from] Recoil\n|move|p1b: Rotom|Volt Switch|p2b: Incineroar\n|-damage|p2b: Incineroar|0 fnt\n|faint|p2b: Incineroar\n|\n|t:|1776086249\n|switch|p1b: Froslass|Froslass-Mega, L50, F|100/100|[from] Volt Switch\n|-weather|Snowscape|[from] ability: Snow Warning|[of] p1b: Froslass\n|move|p2a: Politoed|Weather Ball|p1a: Arcanine\n|-resisted|p1a: Arcanine|1\n|-damage|p1a: Arcanine|0 fnt\n|faint|p1a: Arcanine\n|\n|-weather|Snowscape|[upkeep]\n|-heal|p2a: Politoed|74/100|[from] item: Leftovers\n|upkeep\n|\n|t:|1776086260\n|switch|p1a: Rotom|Rotom-Wash, L50|67/100\n|switch|p2b: Basculegion|Basculegion, L50, M|24/100\n|turn|9\n|\n|t:|1776086292\n|move|p1b: Froslass|Protect|p1b: Froslass\n|-singleturn|p1b: Froslass|Protect\n|move|p2a: Politoed|Protect|p2a: Politoed\n|-singleturn|p2a: Politoed|Protect\n|move|p2b: Basculegion|Last Respects|p1a: Rotom\n|-damage|p1a: Rotom|0 fnt\n|faint|p1a: Rotom\n|\n|-weather|Snowscape|[upkeep]\n|-heal|p2a: Politoed|80/100|[from] item: Leftovers\n|upkeep\n|turn|10\n|\n|t:|1776086306\n|move|p2a: Politoed|Helping Hand|p2b: Basculegion\n|-singleturn|p2b: Basculegion|Helping Hand|[of] p2a: Politoed\n|move|p2b: Basculegion|Last Respects|p1b: Froslass\n|-supereffective|p1b: Froslass|1\n|-damage|p1b: Froslass|0 fnt\n|faint|p1b: Froslass\n|\n|win|anez0410\n|raw|Liljsn's rating: 1061 &rarr; <strong>1042</strong><br />(-19 for losing)\n|raw|anez0410's rating: 1064 &rarr; <strong>1094</strong><br />(+30 for winning)\n|c|\u2606Liljsn|gg\n|c|\u2606anez0410|gg fello scizor lover\n|c|\u2606Liljsn|<3\n|c|\u2606anez0410|<3\n|l|\u2606Liljsn\n|player|p1|\n",
  "uploadtime": 1776086325,
  "views": 33,
  "formatid": "gen9championsvgc2026regma",
  "rating": 1042,
  "private": 0,
  "password": null
}