{
  "id": "gen9championsvgc2026regma-2587674532",
  "format": "[Gen 9 Champions] VGC 2026 Reg M-A",
  "players": [
    "Boomboompow202",
    "segretari4"
  ],
  "log": "|j|\u2606Boomboompow202\n|j|\u2606segretari4\n|t:|1776552675\n|gametype|doubles\n|player|p1|Boomboompow202|265|1112\n|player|p2|segretari4|clerkf|1195\n|gen|9\n|tier|[Gen 9 Champions] VGC 2026 Reg M-A\n|rated|\n|rule|Species Clause: Limit one of each Pok\u00e9mon\n|rule|Item Clause: Limit 1 of each item\n|clearpoke\n|poke|p1|Slowbro, L50, M|\n|poke|p1|Sinistcha, L50|\n|poke|p1|Incineroar, L50, M|\n|poke|p1|Ninetales-Alola, L50, M|\n|poke|p1|Kingambit, L50, F|\n|poke|p1|Primarina, L50, F|\n|poke|p2|Pelipper, L50, F|\n|poke|p2|Manectric, L50, M|\n|poke|p2|Basculegion, L50, M|\n|poke|p2|Sinistcha, L50|\n|poke|p2|Meowscarada, L50, M|\n|poke|p2|Incineroar, L50, F|\n|teampreview|4\n|inactive|Battle timer is ON: inactive players will automatically lose when time's up. (requested by Boomboompow202)\nsegretari4 has agreed to open team sheets.\n|inactive|segretari4 has 60 seconds left.\n|\n|t:|1776552741\n|teamsize|p1|4\n|teamsize|p2|4\n|start\n|switch|p1a: Slowbro|Slowbro, L50, M|100/100\n|switch|p1b: Kingambit|Kingambit, L50, F|100/100\n|switch|p2a: Basculegion|Basculegion, L50, M|100/100\n|switch|p2b: Pelipper|Pelipper, L50, F|100/100\n|-weather|RainDance|[from] ability: Drizzle|[of] p2b: Pelipper\n|turn|1\n|\n|t:|1776552755\n|detailschange|p1a: Slowbro|Slowbro-Mega, L50, M\n|-mega|p1a: Slowbro|Slowbro|Slowbronite\n|move|p1b: Kingambit|Sucker Punch||[still]\n|-fail|p1b: Kingambit\n|move|p2a: Basculegion|Substitute|p2a: Basculegion\n|-start|p2a: Basculegion|Substitute\n|-damage|p2a: Basculegion|75/100\n|move|p2b: Pelipper|U-turn|p1a: Slowbro\n|-supereffective|p1a: Slowbro|1\n|-damage|p1a: Slowbro|91/100\n|\n|t:|1776552765\n|switch|p2b: Sinistcha|Sinistcha, L50|100/100|[from] U-turn\n|-heal|p2a: Basculegion|100/100|[from] ability: Hospitality|[of] p2b: Sinistcha\n|move|p1a: Slowbro|Trick Room|p1a: Slowbro\n|-fieldstart|move: Trick Room|[of] p1a: Slowbro\n|\n|-weather|RainDance|[upkeep]\n|upkeep\n|turn|2\n|\n|t:|1776552778\n|switch|p1a: Ninetales|Ninetales-Alola, L50, M|100/100\n|-weather|Snowscape|[from] ability: Snow Warning|[of] p1a: Ninetales\n|move|p2b: Sinistcha|Protect|p2b: Sinistcha\n|-singleturn|p2b: Sinistcha|Protect\n|move|p1b: Kingambit|Kowtow Cleave|p2a: Basculegion\n|-supereffective|p2a: Basculegion|1\n|-end|p2a: Basculegion|Substitute\n|move|p2a: Basculegion|Soak|p1b: Kingambit\n|-start|p1b: Kingambit|typechange|Water\n|\n|-weather|Snowscape|[upkeep]\n|upkeep\n|turn|3\n|inactive|segretari4 has 30 seconds left.\n|inactive|segretari4 has 20 seconds left.\n|inactive|segretari4 has 15 seconds left.\n|inactive|segretari4 has 10 seconds left.\n|\n|t:|1776552826\n|switch|p2a: Pelipper|Pelipper, L50, F|100/100\n|-weather|RainDance|[from] ability: Drizzle|[of] p2a: Pelipper\n|move|p1b: Kingambit|Kowtow Cleave|p2b: Sinistcha\n|-supereffective|p2b: Sinistcha|1\n|-damage|p2b: Sinistcha|38/100\n|-enditem|p2b: Sinistcha|Sitrus Berry|[eat]\n|-heal|p2b: Sinistcha|62/100|[from] item: Sitrus Berry\n|move|p2b: Sinistcha|Matcha Gotcha|p1a: Ninetales|[spread] p1a,p1b\n|-supereffective|p1b: Kingambit|1\n|-damage|p1a: Ninetales|75/100\n|-heal|p2b: Sinistcha|73/100|[from] drain|[of] p1a: Ninetales\n|-damage|p1b: Kingambit|52/100\n|-heal|p2b: Sinistcha|98/100|[from] drain|[of] p1b: Kingambit\n|move|p1a: Ninetales|Encore||[still]\n|-fail|p1a: Ninetales\n|\n|-weather|RainDance|[upkeep]\n|upkeep\n|turn|4\n|\n|t:|1776552849\n|switch|p1b: Sinistcha|Sinistcha, L50|100/100\n|-heal|p1a: Ninetales|100/100|[from] ability: Hospitality|[of] p1b: Sinistcha\n|move|p1a: Ninetales|Protect|p1a: Ninetales\n|-singleturn|p1a: Ninetales|Protect\n|move|p2a: Pelipper|Weather Ball|p1b: Sinistcha\n|-resisted|p1b: Sinistcha|1\n|-damage|p1b: Sinistcha|56/100\n|move|p2b: Sinistcha|Trick Room|p2b: Sinistcha\n|-fieldend|move: Trick Room\n|\n|-weather|RainDance|[upkeep]\n|upkeep\n|turn|5\n|inactive|segretari4 has 30 seconds left.\n|\n|t:|1776552875\n|switch|p2b: Basculegion|Basculegion, L50, M|100/100\n|switch|p1b: Slowbro|Slowbro-Mega, L50, M|91/100\n|move|p1a: Ninetales|Encore||[still]\n|-fail|p1a: Ninetales\n|move|p2a: Pelipper|Hurricane|p1b: Slowbro\n|-damage|p1b: Slowbro|30/100\n|\n|-weather|RainDance|[upkeep]\n|upkeep\n|turn|6\n|\n|t:|1776552895\n|switch|p1a: Kingambit|Kingambit, L50, F|52/100\n|switch|p1b: Sinistcha|Sinistcha, L50|56/100\n|-heal|p1a: Kingambit|77/100|[from] ability: Hospitality|[of] p1b: Sinistcha\n|move|p2b: Basculegion|Wave Crash|p1a: Kingambit\n|-damage|p1a: Kingambit|0 fnt\n|faint|p1a: Kingambit\n|-damage|p2b: Basculegion|78/100|[from] Recoil\n|move|p2a: Pelipper|U-turn|p1b: Sinistcha\n|-damage|p1b: Sinistcha|49/100\n|\n|t:|1776552910\n|switch|p2a: Meowscarada|Meowscarada, L50, M|100/100|[from] U-turn\n|\n|-weather|RainDance|[upkeep]\n|-heal|p2b: Basculegion|84/100|[from] item: Leftovers\n|upkeep\n|\n|t:|1776552915\n|switch|p1a: Slowbro|Slowbro-Mega, L50, M|30/100\n|turn|7\n|\n|t:|1776552937\n|switch|p1a: Ninetales|Ninetales-Alola, L50, M|100/100\n|-weather|Snowscape|[from] ability: Snow Warning|[of] p1a: Ninetales\n|move|p2a: Meowscarada|Knock Off|p1a: Ninetales\n|-start|p2a: Meowscarada|typechange|Dark|[from] ability: Protean\n|-resisted|p1a: Ninetales|1\n|-damage|p1a: Ninetales|86/100\n|-enditem|p1a: Ninetales|Focus Sash|[from] move: Knock Off|[of] p2a: Meowscarada\n|move|p2b: Basculegion|Substitute|p2b: Basculegion\n|-start|p2b: Basculegion|Substitute\n|-damage|p2b: Basculegion|59/100\n|move|p1b: Sinistcha|Trick Room|p1b: Sinistcha\n|-fieldstart|move: Trick Room|[of] p1b: Sinistcha\n|\n|-weather|Snowscape|[upkeep]\n|-heal|p2b: Basculegion|65/100|[from] item: Leftovers\n|upkeep\n|turn|8\n|inactive|segretari4 has 30 seconds left.\n|inactive|segretari4 has 20 seconds left.\n|inactive|segretari4 has 15 seconds left.\n|inactive|segretari4 has 10 seconds left.\n|\n|t:|1776552983\n|switch|p1b: Slowbro|Slowbro-Mega, L50, M|30/100\n|move|p2a: Meowscarada|Protect|p2a: Meowscarada\n|-singleturn|p2a: Meowscarada|Protect\n|move|p2b: Basculegion|Wave Crash|p1a: Ninetales\n|-damage|p1a: Ninetales|44/100\n|-damage|p2b: Basculegion|55/100|[from] Recoil\n|move|p1a: Ninetales|Encore|p2b: Basculegion\n|-start|p2b: Basculegion|Encore\n|\n|-weather|Snowscape|[upkeep]\n|-heal|p2b: Basculegion|62/100|[from] item: Leftovers\n|upkeep\n|turn|9\n|inactive|Boomboompow202 has 30 seconds left.\n|inactive|segretari4 has 30 seconds left.\n|\n|t:|1776553019\n|switch|p1a: Sinistcha|Sinistcha, L50|49/100\n|-heal|p1b: Slowbro|55/100|[from] ability: Hospitality|[of] p1a: Sinistcha\n|switch|p2a: Pelipper|Pelipper, L50, F|100/100\n|-weather|RainDance|[from] ability: Drizzle|[of] p2a: Pelipper\n|move|p1b: Slowbro|Scald|p2a: Pelipper\n|-resisted|p2a: Pelipper|1\n|-damage|p2a: Pelipper|47/100\n|move|p2b: Basculegion|Wave Crash|p1a: Sinistcha\n|-resisted|p1a: Sinistcha|1\n|-damage|p1a: Sinistcha|8/100\n|-damage|p2b: Basculegion|52/100|[from] Recoil\n|\n|-weather|RainDance|[upkeep]\n|-heal|p2b: Basculegion|58/100|[from] item: Leftovers\n|upkeep\n|turn|10\n|inactive|Boomboompow202 has 30 seconds left.\n|inactive|segretari4 has 30 seconds left.\n|\n|t:|1776553048\n|switch|p2a: Sinistcha|Sinistcha, L50|98/100\n|-heal|p2b: Basculegion|83/100|[from] ability: Hospitality|[of] p2a: Sinistcha\n|move|p1a: Sinistcha|Rage Powder|p1a: Sinistcha\n|-singleturn|p1a: Sinistcha|move: Rage Powder\n|move|p1b: Slowbro|Scald|p2a: Sinistcha\n|-resisted|p2a: Sinistcha|1\n|-damage|p2a: Sinistcha|70/100\n|move|p2b: Basculegion|Wave Crash|p1a: Sinistcha\n|-resisted|p1a: Sinistcha|1\n|-damage|p1a: Sinistcha|0 fnt\n|faint|p1a: Sinistcha\n|-damage|p2b: Basculegion|81/100|[from] Recoil\n|\n|-weather|RainDance|[upkeep]\n|-heal|p2b: Basculegion|88/100|[from] item: Leftovers\n|upkeep\n|-message|Boomboompow202 forfeited.\n|\n|win|segretari4\n|raw|Boomboompow202's rating: 1112 &rarr; <strong>1093</strong><br />(-19 for losing)\n|raw|segretari4's rating: 1195 &rarr; <strong>1214</strong><br />(+19 for winning)\n|l|\u2606Boomboompow202\n|player|p1|\n",
  "uploadtime": 1776553076,
  "views": 10,
  "formatid": "gen9championsvgc2026regma",
  "rating": 1093,
  "private": 0,
  "password": null
}