{
  "id": "gen9championsvgc2026regma-2585092530",
  "format": "[Gen 9 Champions] VGC 2026 Reg M-A",
  "players": [
    "chatonbrutal",
    "KilamanolaVGC"
  ],
  "log": "|j|\u2606chatonbrutal\n|j|\u203dKilamanolaVGC\n|t:|1776310934\n|gametype|doubles\n|player|p1|chatonbrutal|colress|1356\n|player|p2|KilamanolaVGC|benga|1369\n|gen|9\n|tier|[Gen 9 Champions] VGC 2026 Reg M-A\n|rated|\n|rule|Species Clause: Limit one of each Pok\u00e9mon\n|rule|Item Clause: Limit 1 of each item\n|clearpoke\n|poke|p1|Aegislash, L50, M|\n|poke|p1|Pelipper, L50, M|\n|poke|p1|Basculegion, L50, M|\n|poke|p1|Floette-Eternal, L50, F|\n|poke|p1|Whimsicott, L50, M|\n|poke|p1|Kingambit, L50, F|\n|poke|p2|Floette-Eternal, L50, F|\n|poke|p2|Garchomp, L50, M|\n|poke|p2|Aerodactyl, L50, M|\n|poke|p2|Incineroar, L50, M|\n|poke|p2|Basculegion, L50, M|\n|poke|p2|Sneasler, L50, M|\n|teampreview|4\n|inactive|Battle timer is ON: inactive players will automatically lose when time's up. (requested by KilamanolaVGC)\nKilamanolaVGC has agreed to open team sheets.\n|inactive|chatonbrutal has 60 seconds left.\n|inactive|KilamanolaVGC has 60 seconds left.\n|j| CARtu348rjf90\n|inactive|KilamanolaVGC has 30 seconds left.\n|\n|t:|1776311002\n|teamsize|p1|4\n|teamsize|p2|4\n|start\n|switch|p1a: Whimsicott|Whimsicott, L50, M|100/100\n|switch|p1b: Basculegion|Basculegion, L50, M|100/100\n|switch|p2a: Garchomp|Garchomp, L50, M, shiny|100/100\n|switch|p2b: Aerodactyl|Aerodactyl, L50, M|100/100\n|-ability|p2b: Aerodactyl|Unnerve\n|turn|1\n|inactive|chatonbrutal has 30 seconds left.\n|inactive|chatonbrutal has 20 seconds left.\n|inactive|chatonbrutal has 15 seconds left.\n|inactive|chatonbrutal has 10 seconds left.\n|\n|t:|1776311048\n|move|p1b: Basculegion|Icy Wind|p2b: Aerodactyl|[spread] p2a,p2b\n|-supereffective|p2a: Garchomp|2\n|-supereffective|p2b: Aerodactyl|1\n|-damage|p2a: Garchomp|70/100\n|-damage|p2b: Aerodactyl|79/100\n|-unboost|p2a: Garchomp|spe|1\n|-unboost|p2b: Aerodactyl|spe|1\n|move|p1a: Whimsicott|Moonblast|p2a: Garchomp\n|-supereffective|p2a: Garchomp|1\n|-damage|p2a: Garchomp|7/100\n|move|p2b: Aerodactyl|Rock Slide|p1a: Whimsicott|[spread] p1a,p1b\n|-damage|p1a: Whimsicott|69/100\n|-damage|p1b: Basculegion|68/100\n|move|p2a: Garchomp|Dragon Claw|p1b: Basculegion\n|-damage|p1b: Basculegion|16/100\n|\n|upkeep\n|turn|2\n|inactive|chatonbrutal has 30 seconds left.\n|inactive|KilamanolaVGC has 30 seconds left.\n|\n|t:|1776311080\n|move|p2a: Garchomp|Protect|p2a: Garchomp\n|-singleturn|p2a: Garchomp|Protect\n|move|p1a: Whimsicott|Tailwind|p1a: Whimsicott\n|-sidestart|p1: chatonbrutal|move: Tailwind\n|move|p1b: Basculegion|Icy Wind|p2b: Aerodactyl|[spread] p2b\n|-activate|p2a: Garchomp|move: Protect\n|-supereffective|p2b: Aerodactyl|1\n|-crit|p2b: Aerodactyl\n|-damage|p2b: Aerodactyl|49/100\n|-unboost|p2b: Aerodactyl|spe|1\n|move|p2b: Aerodactyl|Dual Wingbeat|p1a: Whimsicott\n|-supereffective|p1a: Whimsicott|1\n|-damage|p1a: Whimsicott|23/100\n|-supereffective|p1a: Whimsicott|1\n|-damage|p1a: Whimsicott|0 fnt\n|faint|p1a: Whimsicott\n|-hitcount|p1: Whimsicott|2\n|\n|upkeep\n|\n|t:|1776311095\n|switch|p1a: Floette|Floette-Eternal, L50, F|100/100\n|turn|3\n|inactive|KilamanolaVGC has 30 seconds left.\n|inactive|KilamanolaVGC has 20 seconds left.\n|inactive|KilamanolaVGC has 15 seconds left.\n|inactive|KilamanolaVGC has 10 seconds left.\n|\n|t:|1776311143\n|switch|p1b: Aegislash|Aegislash, L50, M|100/100\n|detailschange|p1a: Floette|Floette-Mega, L50, F\n|-mega|p1a: Floette|Floette|Floettite\n|-ability|p1a: Floette|Fairy Aura\n|move|p1a: Floette|Dazzling Gleam|p2b: Aerodactyl|[spread] p2a,p2b\n|-supereffective|p2a: Garchomp|1\n|-damage|p2a: Garchomp|0 fnt\n|-damage|p2b: Aerodactyl|0 fnt\n|faint|p2a: Garchomp\n|faint|p2b: Aerodactyl\n|\n|upkeep\n|\n|t:|1776311152\n|switch|p2b: Floette|Floette-Eternal, L50, F|100/100\n|switch|p2a: Basculegion|Basculegion, L50, M|100/100\n|turn|4\n|\n|t:|1776311172\n|move|p2b: Floette|Protect|p2b: Floette\n|-singleturn|p2b: Floette|Protect\n|move|p1a: Floette|Moonblast|p2a: Basculegion\n|-damage|p2a: Basculegion|6/100\n|move|p2a: Basculegion|Last Respects|p1b: Aegislash\n|-supereffective|p1b: Aegislash|1\n|-damage|p1b: Aegislash|0 fnt\n|faint|p1b: Aegislash\n|\n|upkeep\n|\n|t:|1776311181\n|switch|p1b: Basculegion|Basculegion, L50, M|16/100\n|turn|5\n|\n|t:|1776311188\n|detailschange|p2b: Floette|Floette-Mega, L50, F\n|-mega|p2b: Floette|Floette|Floettite\n|-ability|p2b: Floette|Fairy Aura\n|move|p1b: Basculegion|Last Respects|p2b: Floette\n|-damage|p2b: Floette|0 fnt\n|faint|p2b: Floette\n|move|p1a: Floette|Dazzling Gleam|p2a: Basculegion\n|-damage|p2a: Basculegion|0 fnt\n|faint|p2a: Basculegion\n|\n|win|chatonbrutal\n|raw|chatonbrutal's rating: 1356 &rarr; <strong>1377</strong><br />(+21 for winning)\n|raw|KilamanolaVGC's rating: 1369 &rarr; <strong>1348</strong><br />(-21 for losing)\n|l|\u203dKilamanolaVGC\n|player|p2|\n|l|\u2606chatonbrutal\n|player|p1|\n",
  "uploadtime": 1776311201,
  "views": 38,
  "formatid": "gen9championsvgc2026regma",
  "rating": 1348,
  "private": 0,
  "password": null
}