{
  "id": "gen9championsvgc2026regma-2586693530",
  "format": "[Gen 9 Champions] VGC 2026 Reg M-A",
  "players": [
    "Magikarps FTW",
    "Law_NBD"
  ],
  "log": "|j|\u2606Magikarps FTW\n|j|\u2606Law_NBD\n|t:|1776452687\n|gametype|doubles\n|player|p1|Magikarps FTW|102|1179\n|player|p2|Law_NBD|170|1198\n|gen|9\n|tier|[Gen 9 Champions] VGC 2026 Reg M-A\n|rated|\n|rule|Species Clause: Limit one of each Pok\u00e9mon\n|rule|Item Clause: Limit 1 of each item\n|clearpoke\n|poke|p1|Torkoal, L50, M|\n|poke|p1|Oranguru, L50, M|\n|poke|p1|Lopunny, L50, M|\n|poke|p1|Typhlosion-Hisui, L50, M|\n|poke|p1|Whimsicott, L50, F|\n|poke|p1|Armarouge, L50, M|\n|poke|p2|Clefable, L50, M|\n|poke|p2|Milotic, L50, F|\n|poke|p2|Espathra, L50, F|\n|poke|p2|Sinistcha, L50|\n|poke|p2|Incineroar, L50, M|\n|poke|p2|Sableye, L50, M|\n|teampreview|4\n|inactive|Battle timer is ON: inactive players will automatically lose when time's up. (requested by Law_NBD)\n|\n|t:|1776452710\n|teamsize|p1|4\n|teamsize|p2|4\n|start\n|switch|p1a: Typhlosion|Typhlosion-Hisui, L50, M|100/100\n|switch|p1b: Lopunny|Lopunny, L50, M|100/100\n|switch|p2a: Incineroar|Incineroar, L50, M|100/100\n|switch|p2b: Espathra|Espathra, L50, F|100/100\n|-item|p2a: Incineroar|Sitrus Berry|[from] ability: Frisk|[of] p1a: Typhlosion\n|-item|p2b: Espathra|Colbur Berry|[from] ability: Frisk|[of] p1a: Typhlosion\n|-ability|p2a: Incineroar|Intimidate|boost\n|-unboost|p1a: Typhlosion|atk|1\n|-unboost|p1b: Lopunny|atk|1\n|turn|1\n|\n|t:|1776452726\n|detailschange|p1b: Lopunny|Lopunny-Mega, L50, M\n|-mega|p1b: Lopunny|Lopunny|Lopunnite\n|move|p2b: Espathra|Protect|p2b: Espathra\n|-singleturn|p2b: Espathra|Protect\n|move|p1b: Lopunny|Fake Out|p2a: Incineroar\n|-damage|p2a: Incineroar|87/100\n|move|p1a: Typhlosion|Eruption|p2b: Espathra|[spread] p2a\n|-activate|p2b: Espathra|move: Protect\n|-resisted|p2a: Incineroar|1\n|-crit|p2a: Incineroar\n|-damage|p2a: Incineroar|45/100\n|-enditem|p2a: Incineroar|Sitrus Berry|[eat]\n|-heal|p2a: Incineroar|69/100|[from] item: Sitrus Berry\n|cant|p2a: Incineroar|flinch\n|\n|-ability|p2b: Espathra|Speed Boost|boost\n|-boost|p2b: Espathra|spe|1\n|upkeep\n|turn|2\n|inactive|Magikarps FTW has 30 seconds left.\n|inactive|Magikarps FTW has 20 seconds left.\n|inactive|Magikarps FTW has 15 seconds left.\n|\n|t:|1776452769\n|move|p1a: Typhlosion|Eruption|p2b: Espathra|[spread] p2a,p2b\n|-resisted|p2a: Incineroar|1\n|-damage|p2a: Incineroar|40/100\n|-damage|p2b: Espathra|38/100\n|move|p1b: Lopunny|Close Combat|p2a: Incineroar\n|-supereffective|p2a: Incineroar|1\n|-damage|p2a: Incineroar|0 fnt\n|-unboost|p1b: Lopunny|def|1\n|-unboost|p1b: Lopunny|spd|1\n|faint|p2a: Incineroar\n|move|p2b: Espathra|Calm Mind|p2b: Espathra\n|-boost|p2b: Espathra|spa|1\n|-boost|p2b: Espathra|spd|1\n|\n|-ability|p2b: Espathra|Speed Boost|boost\n|-boost|p2b: Espathra|spe|1\n|upkeep\n|\n|t:|1776452776\n|switch|p2a: Sableye|Sableye, L50, M|100/100\n|turn|3\n|\n|t:|1776452795\n|move|p2b: Espathra|Protect|p2b: Espathra\n|-singleturn|p2b: Espathra|Protect\n|move|p2a: Sableye|Fake Out|p1b: Lopunny\n|-damage|p1b: Lopunny|84/100\n|move|p1a: Typhlosion|Eruption|p2b: Espathra|[spread] p2a\n|-activate|p2b: Espathra|move: Protect\n|-damage|p2a: Sableye|33/100\n|cant|p1b: Lopunny|flinch\n|\n|-ability|p2b: Espathra|Speed Boost|boost\n|-boost|p2b: Espathra|spe|1\n|upkeep\n|turn|4\n|\n|t:|1776452816\n|move|p2a: Sableye|Will-O-Wisp|p1b: Lopunny\n|-status|p1b: Lopunny|brn\n|move|p2b: Espathra|Baton Pass|p2b: Espathra\n|\n|t:|1776452821\n|switch|p2b: Clefable|Clefable, L50, M|100/100|[from] Baton Pass\n|move|p1a: Typhlosion|Eruption|p2b: Clefable|[spread] p2a,p2b\n|-damage|p2a: Sableye|0 fnt\n|-damage|p2b: Clefable|60/100\n|faint|p2a: Sableye\n|move|p1b: Lopunny|Close Combat|p2b: Clefable\n|-resisted|p2b: Clefable|1\n|-damage|p2b: Clefable|47/100\n|-unboost|p1b: Lopunny|def|1\n|-unboost|p1b: Lopunny|spd|1\n|\n|-damage|p1b: Lopunny|79/100 brn|[from] brn\n|upkeep\n|\n|t:|1776452832\n|switch|p2a: Espathra|Espathra, L50, F|38/100\n|turn|5\n|\n|t:|1776452848\n|detailschange|p2b: Clefable|Clefable-Mega, L50, M\n|-mega|p2b: Clefable|Clefable|Clefablite\n|move|p2a: Espathra|Protect|p2a: Espathra\n|-singleturn|p2a: Espathra|Protect\n|move|p2b: Clefable|Draining Kiss|p1a: Typhlosion\n|-resisted|p1a: Typhlosion|1\n|-damage|p1a: Typhlosion|69/100\n|-heal|p2b: Clefable|65/100|[from] drain|[of] p1a: Typhlosion\n|move|p1a: Typhlosion|Eruption|p2b: Clefable|[spread] p2b\n|-activate|p2a: Espathra|move: Protect\n|-damage|p2b: Clefable|44/100\n|move|p1b: Lopunny|Close Combat|p2b: Clefable\n|-resisted|p2b: Clefable|2\n|-damage|p2b: Clefable|40/100\n|-unboost|p1b: Lopunny|def|1\n|-unboost|p1b: Lopunny|spd|1\n|\n|-damage|p1b: Lopunny|73/100 brn|[from] brn\n|-ability|p2a: Espathra|Speed Boost|boost\n|-boost|p2a: Espathra|spe|1\n|upkeep\n|turn|6\n|inactive|Law_NBD has 30 seconds left.\n|\n|t:|1776452876\n|switch|p1b: Torkoal|Torkoal, L50, M|100/100\n|-weather|SunnyDay|[from] ability: Drought|[of] p1b: Torkoal\n|move|p2b: Clefable|Draining Kiss|p1a: Typhlosion\n|-resisted|p1a: Typhlosion|1\n|-damage|p1a: Typhlosion|39/100\n|-heal|p2b: Clefable|57/100|[from] drain|[of] p1a: Typhlosion\n|move|p1a: Typhlosion|Eruption|p2a: Espathra|[spread] p2a,p2b\n|-damage|p2a: Espathra|3/100\n|-damage|p2b: Clefable|37/100\n|move|p2a: Espathra|Lumina Crash|p1b: Torkoal\n|-damage|p1b: Torkoal|60/100\n|-unboost|p1b: Torkoal|spd|2\n|\n|-weather|SunnyDay|[upkeep]\n|-ability|p2a: Espathra|Speed Boost|boost\n|-boost|p2a: Espathra|spe|1\n|upkeep\n|turn|7\n|inactive|Law_NBD has 30 seconds left.\n|inactive|Magikarps FTW has 30 seconds left.\n|inactive|Law_NBD has 20 seconds left.\n|\n|t:|1776452913\n|move|p2a: Espathra|Lumina Crash|p1a: Typhlosion\n|-damage|p1a: Typhlosion|0 fnt\n|faint|p1a: Typhlosion\n|move|p2b: Clefable|Draining Kiss|p1b: Torkoal\n|-resisted|p1b: Torkoal|1\n|-damage|p1b: Torkoal|3/100\n|-heal|p2b: Clefable|74/100|[from] drain|[of] p1b: Torkoal\n|move|p1b: Torkoal|Heat Wave|p2b: Clefable|[spread] p2a,p2b\n|-damage|p2a: Espathra|0 fnt\n|-damage|p2b: Clefable|48/100\n|-status|p2b: Clefable|brn\n|faint|p2a: Espathra\n|\n|-weather|SunnyDay|[upkeep]\n|-damage|p2b: Clefable|42/100 brn|[from] brn\n|upkeep\n|\n|t:|1776452917\n|switch|p1a: Lopunny|Lopunny-Mega, L50, M|73/100 brn\n|turn|8\n|\n|t:|1776452930\n|move|p2b: Clefable|Protect|p2b: Clefable\n|-singleturn|p2b: Clefable|Protect\n|move|p1a: Lopunny|Fake Out|p2b: Clefable\n|-activate|p2b: Clefable|move: Protect\n|move|p1b: Torkoal|Heat Wave|p2b: Clefable\n|-activate|p2b: Clefable|move: Protect\n|\n|-weather|SunnyDay|[upkeep]\n|-damage|p2b: Clefable|36/100 brn|[from] brn\n|-damage|p1a: Lopunny|67/100 brn|[from] brn\n|upkeep\n|turn|9\n|inactive|Magikarps FTW has 30 seconds left.\n|\n|t:|1776452958\n|move|p2b: Clefable|Draining Kiss|p1a: Lopunny\n|-supereffective|p1a: Lopunny|1\n|-damage|p1a: Lopunny|0 fnt\n|-heal|p2b: Clefable|71/100 brn|[from] drain|[of] p1a: Lopunny\n|faint|p1a: Lopunny\n|move|p1b: Torkoal|Heat Wave|p2b: Clefable|[miss]\n|-miss|p1b: Torkoal|p2b: Clefable\n|\n|-weather|SunnyDay|[upkeep]\n|-damage|p2b: Clefable|65/100 brn|[from] brn\n|upkeep\n|\n|t:|1776452973\n|switch|p1a: Oranguru|Oranguru, L50, M|100/100\n|turn|10\n|\n|t:|1776452982\n|move|p1b: Torkoal|Protect|p1b: Torkoal\n|-singleturn|p1b: Torkoal|Protect\n|move|p2b: Clefable|Draining Kiss|p1a: Oranguru\n|-damage|p1a: Oranguru|72/100\n|-heal|p2b: Clefable|86/100 brn|[from] drain|[of] p1a: Oranguru\n|move|p1a: Oranguru|Trick Room|p1a: Oranguru\n|-fieldstart|move: Trick Room|[of] p1a: Oranguru\n|\n|-weather|none\n|-damage|p2b: Clefable|80/100 brn|[from] brn\n|upkeep\n|turn|11\n|\n|t:|1776452997\n|move|p1b: Torkoal|Heat Wave|p2b: Clefable\n|-damage|p2b: Clefable|53/100 brn\n|move|p1a: Oranguru|Instruct|p1b: Torkoal\n|-singleturn|p1b: Torkoal|move: Instruct|[of] p1a: Oranguru\n|move|p1b: Torkoal|Heat Wave|p2b: Clefable\n|-damage|p2b: Clefable|31/100 brn\n|move|p2b: Clefable|Dazzling Gleam|p1a: Oranguru|[spread] p1a,p1b\n|-resisted|p1b: Torkoal|1\n|-damage|p1a: Oranguru|39/100\n|-damage|p1b: Torkoal|0 fnt\n|faint|p1b: Torkoal\n|\n|-damage|p2b: Clefable|25/100 brn|[from] brn\n|upkeep\n|turn|12\n|\n|t:|1776453013\n|move|p1a: Oranguru|Protect|p1a: Oranguru\n|-singleturn|p1a: Oranguru|Protect\n|move|p2b: Clefable|Draining Kiss|p1a: Oranguru\n|-activate|p1a: Oranguru|move: Protect\n|\n|-damage|p2b: Clefable|19/100 brn|[from] brn\n|upkeep\n|turn|13\n|\n|t:|1776453018\n|move|p1a: Oranguru|Psychic|p2b: Clefable\n|-damage|p2b: Clefable|2/100 brn\n|move|p2b: Clefable|Draining Kiss|p1a: Oranguru\n|-damage|p1a: Oranguru|13/100\n|-heal|p2b: Clefable|21/100 brn|[from] drain|[of] p1a: Oranguru\n|\n|-damage|p2b: Clefable|15/100 brn|[from] brn\n|upkeep\n|turn|14\n|\n|t:|1776453028\n|move|p2b: Clefable|Protect|p2b: Clefable\n|-singleturn|p2b: Clefable|Protect\n|move|p1a: Oranguru|Psychic|p2b: Clefable\n|-activate|p2b: Clefable|move: Protect\n|\n|-damage|p2b: Clefable|9/100 brn|[from] brn\n|-fieldend|move: Trick Room\n|upkeep\n|turn|15\n|\n|t:|1776453037\n|move|p1a: Oranguru|Protect|p1a: Oranguru\n|-singleturn|p1a: Oranguru|Protect\n|move|p2b: Clefable|Draining Kiss|p1a: Oranguru\n|-activate|p1a: Oranguru|move: Protect\n|\n|-damage|p2b: Clefable|3/100 brn|[from] brn\n|upkeep\n|turn|16\n|\n|t:|1776453040\n|move|p1a: Oranguru|Protect||[still]\n|-fail|p1a: Oranguru\n|move|p2b: Clefable|Draining Kiss|p1a: Oranguru\n|-crit|p1a: Oranguru\n|-damage|p1a: Oranguru|0 fnt\n|-heal|p2b: Clefable|12/100 brn|[from] drain|[of] p1a: Oranguru\n|faint|p1a: Oranguru\n|\n|win|Law_NBD\n|raw|Magikarps FTW's rating: 1179 &rarr; <strong>1155</strong><br />(-24 for losing)\n|raw|Law_NBD's rating: 1198 &rarr; <strong>1222</strong><br />(+24 for winning)\n|l|\u2606Magikarps FTW\n|player|p1|\n",
  "uploadtime": 1776453049,
  "views": 54,
  "formatid": "gen9championsvgc2026regma",
  "rating": 1155,
  "private": 0,
  "password": null
}