{
  "id": "gen9championsvgc2026regma-2586078229",
  "format": "[Gen 9 Champions] VGC 2026 Reg M-A",
  "players": [
    "LeoFall2296",
    "dijdffvef"
  ],
  "log": "|j|\u2606LeoFall2296\n|j|\u203ddijdffvef\n|t:|1776396626\n|gametype|doubles\n|player|p1|LeoFall2296|170|1050\n|player|p2|dijdffvef|1|1095\n|gen|9\n|tier|[Gen 9 Champions] VGC 2026 Reg M-A\n|rated|\n|rule|Species Clause: Limit one of each Pok\u00e9mon\n|rule|Item Clause: Limit 1 of each item\n|clearpoke\n|poke|p1|Floette-Eternal, L50, F|\n|poke|p1|Alakazam, L50, F|\n|poke|p1|Reuniclus, L50, M|\n|poke|p1|Clefable, L50, F|\n|poke|p1|Oranguru, L50, M|\n|poke|p1|Hatterene, L50, F|\n|poke|p2|Floette-Eternal, L50, F|\n|poke|p2|Aegislash, L50, F|\n|poke|p2|Sinistcha, L50|\n|poke|p2|Talonflame, L50, F|\n|poke|p2|Archaludon, L50, M|\n|poke|p2|Incineroar, L50, M|\n|teampreview|4\n|inactive|Battle timer is ON: inactive players will automatically lose when time's up. (requested by dijdffvef)\n|\n|t:|1776396640\n|teamsize|p1|4\n|teamsize|p2|4\n|start\n|switch|p1a: Alakazam|Alakazam, L50, F|100/100\n|switch|p1b: Floette|Floette-Eternal, L50, F|100/100\n|switch|p2a: Talonflame|Talonflame, L50, F|100/100\n|switch|p2b: Archaludon|Archaludon, L50, M|100/100\n|turn|1\n|inactive|LeoFall2296 has 30 seconds left.\n|\n|t:|1776396671\n|detailschange|p1b: Floette|Floette-Mega, L50, F\n|-mega|p1b: Floette|Floette|Floettite\n|-ability|p1b: Floette|Fairy Aura\n|move|p1b: Floette|Protect|p1b: Floette\n|-singleturn|p1b: Floette|Protect\n|move|p2a: Talonflame|Tailwind|p2a: Talonflame\n|-sidestart|p2: dijdffvef|move: Tailwind\n|move|p2b: Archaludon|Draco Meteor|p1a: Alakazam\n|-damage|p1a: Alakazam|27/100\n|-unboost|p2b: Archaludon|spa|2\n|move|p1a: Alakazam|Expanding Force|p2a: Talonflame\n|-damage|p2a: Talonflame|36/100\n|\n|upkeep\n|turn|2\n|inactive|dijdffvef has 30 seconds left.\n|\n|t:|1776396704\n|switch|p1b: Oranguru|Oranguru, L50, M|100/100\n|move|p2a: Talonflame|Acrobatics|p1a: Alakazam\n|-damage|p1a: Alakazam|0 fnt\n|faint|p1a: Alakazam\n|move|p2b: Archaludon|Flash Cannon|p1b: Oranguru\n|-damage|p1b: Oranguru|88/100\n|-unboost|p1b: Oranguru|spd|1\n|\n|upkeep\n|\n|t:|1776396718\n|switch|p1a: Floette|Floette-Mega, L50, F|100/100\n|-ability|p1a: Floette|Fairy Aura\n|turn|3\n|\n|t:|1776396725\n|move|p1a: Floette|Protect|p1a: Floette\n|-singleturn|p1a: Floette|Protect\n|move|p2a: Talonflame|Rain Dance|p2a: Talonflame\n|-weather|RainDance\n|move|p2b: Archaludon|Electro Shot||[still]\n|-prepare|p2b: Archaludon|Electro Shot\n|-boost|p2b: Archaludon|spa|1\n|-anim|p2b: Archaludon|Electro Shot|p1b: Oranguru\n|-damage|p1b: Oranguru|62/100\n|move|p1b: Oranguru|Trick Room|p1b: Oranguru\n|-fieldstart|move: Trick Room|[of] p1b: Oranguru\n|\n|-weather|RainDance|[upkeep]\n|upkeep\n|turn|4\n|\n|t:|1776396747\n|switch|p1b: Clefable|Clefable, L50, F|100/100\n|move|p1a: Floette|Protect||[still]\n|-fail|p1a: Floette\n|move|p2b: Archaludon|Protect|p2b: Archaludon\n|-singleturn|p2b: Archaludon|Protect\n|move|p2a: Talonflame|Acrobatics|p1b: Clefable\n|-damage|p1b: Clefable|63/100\n|\n|-weather|RainDance|[upkeep]\n|-sideend|p2: dijdffvef|move: Tailwind\n|upkeep\n|turn|5\n|\n|t:|1776396766\n|move|p1b: Clefable|Skill Swap|p1a: Floette\n|-activate|p1b: Clefable|Skill Swap|||[of] p1a: Floette\n|-ability|p1b: Clefable|Fairy Aura\n|move|p2b: Archaludon|Flash Cannon|p1a: Floette\n|-supereffective|p1a: Floette|1\n|-damage|p1a: Floette|70/100\n|move|p1a: Floette|Light of Ruin|p2b: Archaludon\n|-damage|p2b: Archaludon|0 fnt\n|faint|p2b: Archaludon\n|move|p2a: Talonflame|Acrobatics|p1b: Clefable\n|-damage|p1b: Clefable|30/100\n|\n|-weather|RainDance|[upkeep]\n|upkeep\n|\n|t:|1776396780\n|switch|p2b: Aegislash|Aegislash, L50, F|100/100\n|turn|6\n|\n|t:|1776396791\n|move|p2b: Aegislash|King's Shield|p2b: Aegislash\n|-singleturn|p2b: Aegislash|Protect\n|move|p1b: Clefable|Healing Wish|p1b: Clefable\n|faint|p1b: Clefable\n|move|p1a: Floette|Light of Ruin|p2a: Talonflame\n|-resisted|p2a: Talonflame|1\n|-damage|p2a: Talonflame|0 fnt\n|faint|p2a: Talonflame\n|\n|-weather|RainDance|[upkeep]\n|upkeep\n|\n|t:|1776396802\n|switch|p1b: Oranguru|Oranguru, L50, M|62/100\n|switch|p2a: Floette|Floette-Eternal, L50, F|100/100\n|-heal|p1b: Oranguru|100/100|[from] move: Healing Wish\n|turn|7\n|\n|t:|1776396818\n|move|p2a: Floette|Protect|p2a: Floette\n|-singleturn|p2a: Floette|Protect\n|-formechange|p2b: Aegislash|Aegislash-Blade|\n|move|p2b: Aegislash|Poltergeist|p1a: Floette|[miss]\n|-miss|p2b: Aegislash|p1a: Floette\n|move|p1b: Oranguru|Instruct|p1a: Floette\n|-singleturn|p1a: Floette|move: Instruct|[of] p1b: Oranguru\n|move|p1a: Floette|Light of Ruin|p2a: Floette\n|-activate|p2a: Floette|move: Protect\n|move|p1a: Floette|Light of Ruin|p2a: Floette\n|-activate|p2a: Floette|move: Protect\n|\n|-weather|none\n|-fieldend|move: Trick Room\n|upkeep\n|turn|8\n|inactive|dijdffvef has 30 seconds left.\n|\n|t:|1776396845\n|detailschange|p2a: Floette|Floette-Mega, L50, F\n|-mega|p2a: Floette|Floette|Floettite\n|-ability|p2a: Floette|Fairy Aura\n|move|p1a: Floette|Protect|p1a: Floette\n|-singleturn|p1a: Floette|Protect\n|-formechange|p2b: Aegislash|Aegislash|\n|move|p2b: Aegislash|King's Shield|p2b: Aegislash\n|-singleturn|p2b: Aegislash|Protect\n|move|p2a: Floette|Moonblast|p1a: Floette\n|-activate|p1a: Floette|move: Protect\n|move|p1b: Oranguru|Trick Room|p1b: Oranguru\n|-fieldstart|move: Trick Room|[of] p1b: Oranguru\n|\n|upkeep\n|turn|9\n|inactive|LeoFall2296 has 30 seconds left.\n|\n|t:|1776396870\n|-formechange|p2b: Aegislash|Aegislash-Blade|\n|move|p2b: Aegislash|Poltergeist|p1a: Floette\n|-activate|p1a: Floette|move: Poltergeist|Floettite\n|-damage|p1a: Floette|0 fnt\n|faint|p1a: Floette\n|move|p1b: Oranguru|Instruct|p1: Floette|[notarget]\n|-fail|p1b: Oranguru\n|move|p2a: Floette|Moonblast|p1b: Oranguru\n|-damage|p1b: Oranguru|39/100\n|-enditem|p1b: Oranguru|Sitrus Berry|[eat]\n|-heal|p1b: Oranguru|64/100|[from] item: Sitrus Berry\n|\n|upkeep\n|turn|10\n|\n|t:|1776396887\n|move|p2b: Aegislash|Close Combat|p1b: Oranguru\n|-damage|p1b: Oranguru|20/100\n|-unboost|p2b: Aegislash|def|1\n|-unboost|p2b: Aegislash|spd|1\n|move|p1b: Oranguru|Expanding Force|p2a: Floette\n|-damage|p2a: Floette|79/100\n|move|p2a: Floette|Moonblast|p1b: Oranguru\n|-damage|p1b: Oranguru|0 fnt\n|faint|p1b: Oranguru\n|\n|win|dijdffvef\n|raw|LeoFall2296's rating: 1032 &rarr; <strong>1020</strong><br />(-12 for losing)\n|raw|dijdffvef's rating: 1095 &rarr; <strong>1116</strong><br />(+21 for winning)\n",
  "uploadtime": 1776396900,
  "views": 28,
  "formatid": "gen9championsvgc2026regma",
  "rating": 1020,
  "private": 0,
  "password": null
}