{
  "id": "gen9championsvgc2026regma-2583157465",
  "format": "[Gen 9 Champions] VGC 2026 Reg M-A",
  "players": [
    "redx50",
    "Cobalt6767"
  ],
  "log": "|j|\u2606redx50\n|j|\u2606Cobalt6767\n|t:|1776149008\n|gametype|doubles\n|player|p1|redx50|red|1065\n|player|p2|Cobalt6767|101|1121\n|gen|9\n|tier|[Gen 9 Champions] VGC 2026 Reg M-A\n|rated|\n|rule|Species Clause: Limit one of each Pok\u00e9mon\n|rule|Item Clause: Limit 1 of each item\n|clearpoke\n|poke|p1|Flapple, L50, M|\n|poke|p1|Espathra, L50, F|\n|poke|p1|Wyrdeer, L50, F|\n|poke|p1|Sableye, L50, F|\n|poke|p1|Greninja-*, L50, M|\n|poke|p1|Skeledirge, L50, F|\n|poke|p2|Golurk, L50|\n|poke|p2|Runerigus, L50, F|\n|poke|p2|Reuniclus, L50, M|\n|poke|p2|Froslass, L50, F|\n|poke|p2|Rotom-Wash, L50|\n|poke|p2|Whimsicott, L50, F|\n|teampreview|4\n|inactive|Battle timer is ON: inactive players will automatically lose when time's up. (requested by redx50)\n|inactive|Cobalt6767 has 60 seconds left.\n|\n|t:|1776149069\n|teamsize|p1|4\n|teamsize|p2|4\n|start\n|switch|p1a: Flapple|Flapple, L50, M|100/100\n|switch|p1b: Sableye|Sableye, L50, F|100/100\n|switch|p2a: Reuniclus|Reuniclus, L50, M, shiny|100/100\n|switch|p2b: Rotom|Rotom-Wash, L50, shiny|100/100\n|turn|1\n|inactive|redx50 has 30 seconds left.\n|\n|t:|1776149100\n|move|p1b: Sableye|Gravity|p1b: Sableye\n|-fieldstart|move: Gravity\n|move|p2b: Rotom|Will-O-Wisp|p1a: Flapple\n|-status|p1a: Flapple|brn\n|move|p1a: Flapple|Grav Apple|p2a: Reuniclus\n|-damage|p2a: Reuniclus|46/100\n|-unboost|p2a: Reuniclus|def|1\n|move|p2a: Reuniclus|Skill Swap|p1b: Sableye\n|-activate|p2a: Reuniclus|Skill Swap|Prankster|Overcoat|[of] p1b: Sableye\n|\n|-damage|p1a: Flapple|94/100 brn|[from] brn\n|upkeep\n|turn|2\n|inactive|Cobalt6767 has 30 seconds left.\n|\n|t:|1776149131\n|switch|p1b: Greninja|Greninja, L50, M|100/100\n|move|p2b: Rotom|Hydro Pump|p1b: Greninja\n|-resisted|p1b: Greninja|1\n|-damage|p1b: Greninja|62/100\n|move|p1a: Flapple|Grav Apple|p2a: Reuniclus\n|-damage|p2a: Reuniclus|0 fnt\n|faint|p2a: Reuniclus\n|\n|-damage|p1a: Flapple|88/100 brn|[from] brn\n|upkeep\n|\n|t:|1776149153\n|switch|p2a: Golurk|Golurk, L50, shiny|100/100\n|turn|3\n|\n|t:|1776149169\n|detailschange|p1b: Greninja|Greninja-Mega, L50, M\n|-mega|p1b: Greninja|Greninja|Greninjite\n|detailschange|p2a: Golurk|Golurk-Mega, L50, shiny\n|-mega|p2a: Golurk|Golurk|Golurkite\n|move|p1b: Greninja|Ice Beam|p2a: Golurk\n|-start|p1b: Greninja|typechange|Ice|[from] ability: Protean\n|-supereffective|p2a: Golurk|1\n|-damage|p2a: Golurk|16/100\n|move|p2b: Rotom|Volt Switch|p1b: Greninja\n|-damage|p1b: Greninja|19/100\n|\n|t:|1776149178\n|switch|p2b: Runerigus|Runerigus, L50, F, shiny|100/100|[from] Volt Switch\n|move|p1a: Flapple|Grav Apple|p2a: Golurk\n|-supereffective|p2a: Golurk|1\n|-damage|p2a: Golurk|0 fnt\n|faint|p2a: Golurk\n|\n|-damage|p1a: Flapple|82/100 brn|[from] brn\n|upkeep\n|\n|t:|1776149187\n|switch|p2a: Rotom|Rotom-Wash, L50, shiny|100/100\n|turn|4\n|\n|t:|1776149203\n|move|p2b: Runerigus|Ally Switch|p2b: Runerigus\n|swap|p2b: Runerigus|0|[from] move: Ally Switch\n|move|p1b: Greninja|Ice Beam|p2b: Rotom\n|-resisted|p2b: Rotom|1\n|-damage|p2b: Rotom|77/100\n|move|p2b: Rotom|Volt Switch|p1b: Greninja\n|-damage|p1b: Greninja|0 fnt\n|faint|p1b: Greninja\n|move|p1a: Flapple|Grav Apple|p2b: Rotom\n|-supereffective|p2b: Rotom|1\n|-damage|p2b: Rotom|0 fnt\n|faint|p2b: Rotom\n|\n|-damage|p1a: Flapple|76/100 brn|[from] brn\n|upkeep\n|\n|t:|1776149217\n|switch|p1b: Sableye|Sableye, L50, F|100/100\n|turn|5\n|-message|Cobalt6767 forfeited.\n|\n|win|redx50\n|raw|redx50's rating: 1065 &rarr; <strong>1100</strong><br />(+35 for winning)\n|raw|Cobalt6767's rating: 1121 &rarr; <strong>1092</strong><br />(-29 for losing)\n|l|\u2606Cobalt6767\n|player|p2|\n",
  "uploadtime": 1776149246,
  "views": 29,
  "formatid": "gen9championsvgc2026regma",
  "rating": 1092,
  "private": 0,
  "password": null
}