{
  "id": "gen9championsvgc2026regma-2588890178",
  "format": "[Gen 9 Champions] VGC 2026 Reg M-A",
  "players": [
    "fittepiss",
    "kevingaborsuperfa2"
  ],
  "log": "|j|\u2606fittepiss\n|j|\u2606kevingaborsuperfa2\n|t:|1776682882\n|gametype|doubles\n|player|p1|fittepiss|pokemaniac|1048\n|player|p2|kevingaborsuperfa2|101|1050\n|gen|9\n|tier|[Gen 9 Champions] VGC 2026 Reg M-A\n|rated|\n|rule|Species Clause: Limit one of each Pok\u00e9mon\n|rule|Item Clause: Limit 1 of each item\n|clearpoke\n|poke|p1|Drampa, L50, M|\n|poke|p1|Sinistcha, L50|\n|poke|p1|Alakazam, L50, F|\n|poke|p1|Sneasler, L50, M|\n|poke|p1|Palafin, L50, F|\n|poke|p1|Kangaskhan, L50, F|\n|poke|p2|Tinkaton, L50, F|\n|poke|p2|Rotom-Wash, L50|\n|poke|p2|Kingambit, L50, M|\n|poke|p2|Dragapult, L50, M, shiny|\n|poke|p2|Corviknight, L50, M, shiny|\n|poke|p2|Clefable, L50, M|\n|teampreview|4\n|\n|t:|1776682914\n|teamsize|p1|4\n|teamsize|p2|4\n|start\n|switch|p1a: Drampa|Drampa, L50, M|100/100\n|switch|p1b: Alakazam|Alakazam, L50, F|100/100\n|switch|p2a: Draga-damadanoite|Dragapult, L50, M, shiny|100/100\n|switch|p2b: Clefable|Clefable, L50, M|100/100\n|turn|1\n|\n|t:|1776682934\n|detailschange|p2b: Clefable|Clefable-Mega, L50, M\n|-mega|p2b: Clefable|Clefable|Clefablite\n|detailschange|p1a: Drampa|Drampa-Mega, L50, M\n|-mega|p1a: Drampa|Drampa|Drampanite\n|move|p2a: Draga-damadanoite|Phantom Force||[still]\n|-prepare|p2a: Draga-damadanoite|Phantom Force\n|move|p1b: Alakazam|Light Screen|p1b: Alakazam\n|-sidestart|p1: fittepiss|move: Light Screen\n|move|p2b: Clefable|Substitute|p2b: Clefable\n|-start|p2b: Clefable|Substitute\n|-damage|p2b: Clefable|76/100\n|move|p1a: Drampa|Calm Mind|p1a: Drampa\n|-boost|p1a: Drampa|spa|1\n|-boost|p1a: Drampa|spd|1\n|\n|upkeep\n|turn|2\n|\n|t:|1776682960\n|move|p2b: Clefable|Helping Hand|p2a: Draga-damadanoite\n|-singleturn|p2a: Draga-damadanoite|Helping Hand|[of] p2b: Clefable\n|move|p2a: Draga-damadanoite|Phantom Force|p1b: Alakazam|[from] lockedmove\n|-supereffective|p1b: Alakazam|1\n|-enditem|p1b: Alakazam|Focus Sash\n|-damage|p1b: Alakazam|1/100\n|move|p1b: Alakazam|Speed Swap|p1a: Drampa\n|-activate|p1b: Alakazam|move: Speed Swap|[of] p1a: Drampa\n|move|p1a: Drampa|Calm Mind|p1a: Drampa\n|-boost|p1a: Drampa|spa|1\n|-boost|p1a: Drampa|spd|1\n|\n|upkeep\n|turn|3\n|\n|t:|1776682981\n|move|p2b: Clefable|Helping Hand|p2a: Draga-damadanoite\n|-singleturn|p2a: Draga-damadanoite|Helping Hand|[of] p2b: Clefable\n|move|p1b: Alakazam|Protect|p1b: Alakazam\n|-singleturn|p1b: Alakazam|Protect\n|move|p2a: Draga-damadanoite|Dragon Darts|p1a: Drampa\n|-supereffective|p1a: Drampa|1\n|-damage|p1a: Drampa|51/100\n|-anim|p2a: Draga-damadanoite|Dragon Darts|p1a: Drampa\n|-supereffective|p1a: Drampa|1\n|-damage|p1a: Drampa|4/100\n|-ability|p1a: Drampa|Berserk|boost\n|-boost|p1a: Drampa|spa|1\n|move|p1a: Drampa|Hyper Voice|p2a: Draga-damadanoite|[spread] p2b\n|-immune|p2a: Draga-damadanoite\n|-damage|p2b: Clefable|5/100\n|\n|upkeep\n|turn|4\n|\n|t:|1776683010\n|switch|p1b: Sinistcha|Sinistcha, L50|100/100\n|-heal|p1a: Drampa|29/100|[from] ability: Hospitality|[of] p1b: Sinistcha\n|move|p1a: Drampa|Protect|p1a: Drampa\n|-singleturn|p1a: Drampa|Protect\n|move|p2b: Clefable|Follow Me|p2b: Clefable\n|-singleturn|p2b: Clefable|move: Follow Me\n|move|p2a: Draga-damadanoite|Dragon Darts|p1b: Sinistcha\n|-damage|p1b: Sinistcha|85/100\n|-anim|p2a: Draga-damadanoite|Dragon Darts|p1b: Sinistcha\n|-damage|p1b: Sinistcha|71/100\n|\n|upkeep\n|turn|5\n|\n|t:|1776683040\n|move|p2b: Clefable|Helping Hand|p2a: Draga-damadanoite\n|-singleturn|p2a: Draga-damadanoite|Helping Hand|[of] p2b: Clefable\n|move|p2a: Draga-damadanoite|Dragon Darts|p1a: Drampa\n|-supereffective|p1a: Drampa|1\n|-damage|p1a: Drampa|0 fnt\n|-anim|p2a: Draga-damadanoite|Dragon Darts|p1b: Sinistcha\n|-damage|p1b: Sinistcha|47/100\n|-enditem|p1b: Sinistcha|Sitrus Berry|[eat]\n|-heal|p1b: Sinistcha|72/100|[from] item: Sitrus Berry\n|faint|p1a: Drampa\n|move|p1b: Sinistcha|Life Dew|p1b: Sinistcha\n|-heal|p1b: Sinistcha|97/100\n|\n|-sideend|p1: fittepiss|move: Light Screen\n|upkeep\n|-message|fittepiss forfeited.\n|\n|win|kevingaborsuperfa2\n|raw|fittepiss's rating: 1048 &rarr; <strong>1031</strong><br />(-17 for losing)\n|raw|kevingaborsuperfa2's rating: 1050 &rarr; <strong>1082</strong><br />(+32 for winning)\n|l|\u2606fittepiss\n|player|p1|\n",
  "uploadtime": 1776683064,
  "views": 18,
  "formatid": "gen9championsvgc2026regma",
  "rating": 1031,
  "private": 0,
  "password": null
}