{
  "id": "gen9championsvgc2026regma-2583170846",
  "format": "[Gen 9 Champions] VGC 2026 Reg M-A",
  "players": [
    "xm3u4tp6",
    "puriness"
  ],
  "log": "|j|\u2606xm3u4tp6\n|j|\u2606puriness\n|t:|1776150622\n|gametype|doubles\n|player|p1|xm3u4tp6|miku-ghost|1165\n|player|p2|puriness|unknown|1203\n|gen|9\n|tier|[Gen 9 Champions] VGC 2026 Reg M-A\n|rated|\n|rule|Species Clause: Limit one of each Pok\u00e9mon\n|rule|Item Clause: Limit 1 of each item\n|clearpoke\n|poke|p1|Gengar, L50, F|\n|poke|p1|Incineroar, L50, F|\n|poke|p1|Kingambit, L50, F|\n|poke|p1|Tyranitar, L50, F|\n|poke|p1|Sinistcha, L50|\n|poke|p1|Kommo-o, L50, M|\n|poke|p2|Charizard, L50, F|\n|poke|p2|Garchomp, L50, F|\n|poke|p2|Sneasler, L50, M|\n|poke|p2|Whimsicott, L50, M|\n|poke|p2|Gyarados, L50, F|\n|poke|p2|Gardevoir, L50, F|\n|teampreview|4\n|inactive|Battle timer is ON: inactive players will automatically lose when time's up. (requested by puriness)\n|\n|t:|1776150650\n|teamsize|p1|4\n|teamsize|p2|4\n|start\n|switch|p1a: Gengar|Gengar, L50, F|100/100\n|switch|p1b: Incineroar|Incineroar, L50, F|100/100\n|switch|p2a: Sneasler|Sneasler, L50, M|100/100\n|switch|p2b: Gardevoir|Gardevoir, L50, F|100/100\n|-ability|p2b: Gardevoir|Intimidate|Trace|[from] ability: Trace|[of] p1b: Incineroar\n|-ability|p2b: Gardevoir|Intimidate|boost\n|-unboost|p1a: Gengar|atk|1\n|-unboost|p1b: Incineroar|atk|1\n|-ability|p1b: Incineroar|Intimidate|boost\n|-unboost|p2a: Sneasler|atk|1\n|-unboost|p2b: Gardevoir|atk|1\n|turn|1\n|inactive|xm3u4tp6 has 30 seconds left.\n|inactive|puriness has 30 seconds left.\n|\n|t:|1776150680\n|detailschange|p1a: Gengar|Gengar-Mega, L50, F\n|-mega|p1a: Gengar|Gengar|Gengarite\n|move|p2b: Gardevoir|Protect|p2b: Gardevoir\n|-singleturn|p2b: Gardevoir|Protect\n|move|p1b: Incineroar|Fake Out|p2b: Gardevoir\n|-activate|p2b: Gardevoir|move: Protect\n|move|p1a: Gengar|Shadow Ball|p2b: Gardevoir\n|-activate|p2b: Gardevoir|move: Protect\n|move|p2a: Sneasler|Close Combat|p1b: Incineroar\n|-supereffective|p1b: Incineroar|1\n|-damage|p1b: Incineroar|20/100\n|-unboost|p2a: Sneasler|def|1\n|-unboost|p2a: Sneasler|spd|1\n|\n|upkeep\n|turn|2\n|inactive|puriness has 30 seconds left.\n|inactive|puriness has 20 seconds left.\n|\n|t:|1776150717\n|switch|p1b: Sinistcha|Sinistcha, L50|100/100\n|detailschange|p2b: Gardevoir|Gardevoir-Mega, L50, F\n|-mega|p2b: Gardevoir|Gardevoir|Gardevoirite\n|move|p1a: Gengar|Substitute|p1a: Gengar\n|-start|p1a: Gengar|Substitute\n|-damage|p1a: Gengar|76/100\n|move|p2a: Sneasler|Dire Claw|p1a: Gengar\n|-resisted|p1a: Gengar|2\n|-activate|p1a: Gengar|move: Substitute|[damage]\n|move|p2b: Gardevoir|Psychic|p1a: Gengar\n|-supereffective|p1a: Gengar|1\n|-end|p1a: Gengar|Substitute\n|\n|upkeep\n|turn|3\n|inactive|puriness has 30 seconds left.\n|\n|t:|1776150746\n|switch|p1a: Incineroar|Incineroar, L50, F|20/100\n|-ability|p1a: Incineroar|Intimidate|boost\n|-unboost|p2a: Sneasler|atk|1\n|-unboost|p2b: Gardevoir|atk|1\n|move|p2a: Sneasler|Dire Claw|p1b: Sinistcha\n|-damage|p1b: Sinistcha|80/100\n|-status|p1b: Sinistcha|psn\n|move|p2b: Gardevoir|Psychic|p1a: Incineroar\n|-immune|p1a: Incineroar\n|move|p1b: Sinistcha|Foul Play|p2b: Gardevoir\n|-crit|p2b: Gardevoir\n|-damage|p2b: Gardevoir|58/100\n|\n|-damage|p1b: Sinistcha|67/100 psn|[from] psn\n|upkeep\n|turn|4\n|\n|t:|1776150769\n|switch|p2a: Whimsicott|Whimsicott, L50, M|100/100\n|switch|p2b: Garchomp|Garchomp, L50, F|100/100\n|move|p1a: Incineroar|Fake Out|p2a: Whimsicott\n|-damage|p2a: Whimsicott|86/100\n|move|p1b: Sinistcha|Life Dew|p1b: Sinistcha|[spread] p1a,p1b\n|-heal|p1a: Incineroar|46/100\n|-heal|p1b: Sinistcha|93/100 psn\n|\n|-damage|p1b: Sinistcha|80/100 psn|[from] psn\n|upkeep\n|turn|5\n|inactive|puriness has 30 seconds left.\n|\n|t:|1776150802\n|move|p2a: Whimsicott|Tailwind|p2a: Whimsicott\n|-sidestart|p2: puriness|move: Tailwind\n|move|p2b: Garchomp|Stomping Tantrum|p1a: Incineroar\n|-supereffective|p1a: Incineroar|1\n|-enditem|p1a: Incineroar|Shuca Berry|[eat]\n|-enditem|p1a: Incineroar|Shuca Berry|[weaken]\n|-damage|p1a: Incineroar|14/100\n|move|p1b: Sinistcha|Life Dew|p1b: Sinistcha|[spread] p1a,p1b\n|-heal|p1a: Incineroar|39/100\n|-heal|p1b: Sinistcha|100/100 psn\n|move|p1a: Incineroar|Parting Shot|p2b: Garchomp\n|-unboost|p2b: Garchomp|atk|1\n|-unboost|p2b: Garchomp|spa|1\n|\n|t:|1776150814\n|switch|p1a: Gengar|Gengar-Mega, L50, F|76/100|[from] Parting Shot\n|\n|-damage|p1b: Sinistcha|88/100 psn|[from] psn\n|upkeep\n|turn|6\n|\n|t:|1776150828\n|move|p1b: Sinistcha|Rage Powder|p1b: Sinistcha\n|-singleturn|p1b: Sinistcha|move: Rage Powder\n|move|p2b: Garchomp|Stomping Tantrum|p1b: Sinistcha\n|-resisted|p1b: Sinistcha|1\n|-damage|p1b: Sinistcha|76/100 psn\n|move|p2a: Whimsicott|Moonblast|p1a: Gengar\n|-resisted|p1a: Gengar|1\n|-damage|p1a: Gengar|56/100\n|move|p1a: Gengar|Perish Song|p1a: Gengar\n|-start|p1a: Gengar|perish3|[silent]\n|-start|p1b: Sinistcha|perish3|[silent]\n|-start|p2a: Whimsicott|perish3|[silent]\n|-start|p2b: Garchomp|perish3|[silent]\n|-fieldactivate|move: Perish Song\n|\n|-damage|p1b: Sinistcha|64/100 psn|[from] psn\n|-start|p2b: Garchomp|perish3\n|-start|p2a: Whimsicott|perish3\n|-start|p1a: Gengar|perish3\n|-start|p1b: Sinistcha|perish3\n|upkeep\n|turn|7\n|inactive|puriness has 30 seconds left.\n|\n|t:|1776150860\n|move|p1a: Gengar|Protect|p1a: Gengar\n|-singleturn|p1a: Gengar|Protect\n|move|p2b: Garchomp|Stomping Tantrum|p1a: Gengar\n|-activate|p1a: Gengar|move: Protect\n|move|p2a: Whimsicott|Moonblast|p1a: Gengar\n|-activate|p1a: Gengar|move: Protect\n|move|p1b: Sinistcha|Life Dew|p1b: Sinistcha|[spread] p1a,p1b\n|-heal|p1a: Gengar|81/100\n|-heal|p1b: Sinistcha|89/100 psn\n|\n|-damage|p1b: Sinistcha|77/100 psn|[from] psn\n|-start|p2b: Garchomp|perish2\n|-start|p2a: Whimsicott|perish2\n|-start|p1a: Gengar|perish2\n|-start|p1b: Sinistcha|perish2\n|upkeep\n|turn|8\n|inactive|xm3u4tp6 has 30 seconds left.\n|inactive|puriness has 30 seconds left.\n|\n|t:|1776150892\n|move|p1a: Gengar|Protect|p1a: Gengar\n|-singleturn|p1a: Gengar|Protect\n|move|p1b: Sinistcha|Rage Powder|p1b: Sinistcha\n|-singleturn|p1b: Sinistcha|move: Rage Powder\n|move|p2a: Whimsicott|Encore|p1a: Gengar\n|-activate|p1a: Gengar|move: Protect\n|move|p2b: Garchomp|Stomping Tantrum|p1b: Sinistcha\n|-resisted|p1b: Sinistcha|1\n|-damage|p1b: Sinistcha|65/100 psn\n|\n|-damage|p1b: Sinistcha|52/100 psn|[from] psn\n|-start|p2b: Garchomp|perish1\n|-start|p2a: Whimsicott|perish1\n|-start|p1a: Gengar|perish1\n|-start|p1b: Sinistcha|perish1\n|-sideend|p2: puriness|move: Tailwind\n|upkeep\n|turn|9\n|\n|t:|1776150915\n|switch|p1a: Incineroar|Incineroar, L50, F|39/100\n|-ability|p1a: Incineroar|Intimidate|boost\n|-unboost|p2a: Whimsicott|atk|1\n|-unboost|p2b: Garchomp|atk|1\n|switch|p1b: Kingambit|Kingambit, L50, F|100/100\n|move|p2a: Whimsicott|Tailwind|p2a: Whimsicott\n|-sidestart|p2: puriness|move: Tailwind\n|move|p2b: Garchomp|Stomping Tantrum|p1a: Incineroar\n|-supereffective|p1a: Incineroar|1\n|-damage|p1a: Incineroar|2/100\n|\n|-start|p2b: Garchomp|perish0\n|-start|p2a: Whimsicott|perish0\n|faint|p2b: Garchomp\n|faint|p2a: Whimsicott\n|upkeep\n|\n|t:|1776150929\n|switch|p2a: Sneasler|Sneasler, L50, M|100/100\n|switch|p2b: Gardevoir|Gardevoir-Mega, L50, F|58/100\n|turn|10\n|\n|t:|1776150949\n|switch|p1b: Sinistcha|Sinistcha, L50|52/100 psn\n|-heal|p1a: Incineroar|27/100|[from] ability: Hospitality|[of] p1b: Sinistcha\n|move|p1a: Incineroar|Protect|p1a: Incineroar\n|-singleturn|p1a: Incineroar|Protect\n|move|p2a: Sneasler|Fake Out|p1a: Incineroar\n|-activate|p1a: Incineroar|move: Protect\n|move|p2b: Gardevoir|Hyper Voice|p1b: Sinistcha|[spread] p1b\n|-activate|p1a: Incineroar|move: Protect\n|-damage|p1b: Sinistcha|4/100 psn\n|-enditem|p1b: Sinistcha|Sitrus Berry|[eat]\n|-heal|p1b: Sinistcha|29/100 psn|[from] item: Sitrus Berry\n|\n|-damage|p1b: Sinistcha|17/100 psn|[from] psn\n|upkeep\n|turn|11\n|inactive|puriness has 30 seconds left.\n|inactive|xm3u4tp6 has 30 seconds left.\n|\n|t:|1776150984\n|switch|p1a: Kingambit|Kingambit, L50, F|100/100\n|move|p2b: Gardevoir|Protect|p2b: Gardevoir\n|-singleturn|p2b: Gardevoir|Protect\n|move|p1b: Sinistcha|Rage Powder|p1b: Sinistcha\n|-singleturn|p1b: Sinistcha|move: Rage Powder\n|move|p2a: Sneasler|Close Combat|p1b: Sinistcha\n|-immune|p1b: Sinistcha\n|\n|-damage|p1b: Sinistcha|4/100 psn|[from] psn\n|upkeep\n|turn|12\n|inactive|puriness has 30 seconds left.\n|\n|t:|1776151015\n|move|p1b: Sinistcha|Rage Powder|p1b: Sinistcha\n|-singleturn|p1b: Sinistcha|move: Rage Powder\n|move|p2a: Sneasler|Close Combat|p1b: Sinistcha\n|-immune|p1b: Sinistcha\n|move|p2b: Gardevoir|Calm Mind|p2b: Gardevoir\n|-boost|p2b: Gardevoir|spa|1\n|-boost|p2b: Gardevoir|spd|1\n|move|p1a: Kingambit|Kowtow Cleave|p2b: Gardevoir\n|-damage|p2b: Gardevoir|0 fnt\n|faint|p2b: Gardevoir\n|\n|-damage|p1b: Sinistcha|0 fnt|[from] psn\n|faint|p1b: Sinistcha\n|-sideend|p2: puriness|move: Tailwind\n|upkeep\n|-message|puriness forfeited.\n|\n|win|xm3u4tp6\n|raw|xm3u4tp6's rating: 1165 &rarr; <strong>1193</strong><br />(+28 for winning)\n|raw|puriness's rating: 1203 &rarr; <strong>1175</strong><br />(-28 for losing)\n|l|\u2606puriness\n|player|p2|\n",
  "uploadtime": 1776151049,
  "views": 18,
  "formatid": "gen9championsvgc2026regma",
  "rating": 1175,
  "private": 0,
  "password": null
}