{
  "id": "gen9championsvgc2026regma-2588159255",
  "format": "[Gen 9 Champions] VGC 2026 Reg M-A",
  "players": [
    "treeshhhh",
    "frankino98"
  ],
  "log": "|j|\u2606treeshhhh\n|j|\u2606frankino98\n|t:|1776610164\n|gametype|doubles\n|player|p1|treeshhhh|101|1364\n|player|p2|frankino98|266|1281\n|gen|9\n|tier|[Gen 9 Champions] VGC 2026 Reg M-A\n|rated|\n|rule|Species Clause: Limit one of each Pok\u00e9mon\n|rule|Item Clause: Limit 1 of each item\n|clearpoke\n|poke|p1|Lucario, L50, M, shiny|\n|poke|p1|Dragonite, L50, M, shiny|\n|poke|p1|Archaludon, L50, M, shiny|\n|poke|p1|Kingambit, L50, M, shiny|\n|poke|p1|Basculegion, L50, M, shiny|\n|poke|p1|Pelipper, L50, F, shiny|\n|poke|p2|Farigiraf, L50, F|\n|poke|p2|Kingambit, L50, F|\n|poke|p2|Pelipper, L50, M|\n|poke|p2|Crabominable, L50, F|\n|poke|p2|Maushold, L50|\n|poke|p2|Hatterene, L50, F|\n|teampreview|4\n|inactive|Battle timer is ON: inactive players will automatically lose when time's up. (requested by frankino98)\n|inactive|treeshhhh has 60 seconds left.\n|\n|t:|1776610222\n|teamsize|p1|4\n|teamsize|p2|4\n|start\n|switch|p1a: Lucario|Lucario, L50, M, shiny|100/100\n|switch|p1b: Archaludon|Archaludon, L50, M, shiny|100/100\n|switch|p2a: Maushold|Maushold, L50|100/100\n|switch|p2b: Hatterene|Hatterene, L50, F|100/100\n|turn|1\n|\n|t:|1776610245\n|detailschange|p1a: Lucario|Lucario-Mega, L50, M, shiny\n|-mega|p1a: Lucario|Lucario|Lucarionite\n|move|p2a: Maushold|Follow Me|p2a: Maushold\n|-singleturn|p2a: Maushold|move: Follow Me\n|move|p1a: Lucario|Close Combat|p2a: Maushold\n|-supereffective|p2a: Maushold|1\n|-damage|p2a: Maushold|0 fnt\n|-unboost|p1a: Lucario|def|1\n|-unboost|p1a: Lucario|spd|1\n|faint|p2a: Maushold\n|move|p1b: Archaludon|Electro Shot||[still]\n|-prepare|p1b: Archaludon|Electro Shot\n|-boost|p1b: Archaludon|spa|1\n|move|p2b: Hatterene|Trick Room|p2b: Hatterene\n|-fieldstart|move: Trick Room|[of] p2b: Hatterene\n|\n|upkeep\n|inactive|frankino98 has 30 seconds left.\n|\n|t:|1776610272\n|switch|p2a: Crabominable|Crabominable, L50, F|100/100\n|turn|2\n|inactive|treeshhhh has 30 seconds left.\n|inactive|treeshhhh has 20 seconds left.\n|inactive|treeshhhh has 15 seconds left.\n|inactive|treeshhhh has 10 seconds left.\n|\n|t:|1776610321\n|detailschange|p2a: Crabominable|Crabominable-Mega, L50, F\n|-mega|p2a: Crabominable|Crabominable|Crabominite\n|move|p1a: Lucario|Protect|p1a: Lucario\n|-singleturn|p1a: Lucario|Protect\n|move|p2b: Hatterene|Dazzling Gleam|p1a: Lucario|[spread] p1b\n|-activate|p1a: Lucario|move: Protect\n|-damage|p1b: Archaludon|60/100\n|-ability|p1b: Archaludon|Stamina|boost\n|-boost|p1b: Archaludon|def|1\n|move|p2a: Crabominable|Close Combat|p1b: Archaludon\n|-supereffective|p1b: Archaludon|1\n|-damage|p1b: Archaludon|0 fnt\n|-unboost|p2a: Crabominable|def|1\n|-unboost|p2a: Crabominable|spd|1\n|faint|p1b: Archaludon\n|\n|upkeep\n|\n|t:|1776610337\n|switch|p1b: Pelipper|Pelipper, L50, F, shiny|100/100\n|-weather|RainDance|[from] ability: Drizzle|[of] p1b: Pelipper\n|turn|3\n|\n|t:|1776610352\n|move|p1a: Lucario|Bullet Punch|p2a: Crabominable\n|-supereffective|p2a: Crabominable|1\n|-damage|p2a: Crabominable|30/100\n|move|p2b: Hatterene|Psychic|p1a: Lucario\n|-damage|p1a: Lucario|0 fnt\n|faint|p1a: Lucario\n|move|p2a: Crabominable|Ice Hammer|p1b: Pelipper\n|-damage|p1b: Pelipper|4/100\n|-unboost|p2a: Crabominable|spe|1\n|move|p1b: Pelipper|Hurricane|p2a: Crabominable\n|-supereffective|p2a: Crabominable|1\n|-damage|p2a: Crabominable|0 fnt\n|faint|p2a: Crabominable\n|\n|-weather|RainDance|[upkeep]\n|upkeep\n|\n|t:|1776610366\n|switch|p2a: Kingambit|Kingambit, L50, F|100/100\n|switch|p1a: Kingambit|Kingambit, L50, M, shiny|100/100\n|turn|4\n|\n|t:|1776610379\n|move|p2b: Hatterene|Dazzling Gleam|p1a: Kingambit|[spread] p1a,p1b\n|-damage|p1a: Kingambit|61/100\n|-damage|p1b: Pelipper|0 fnt\n|faint|p1b: Pelipper\n|move|p2a: Kingambit|Swords Dance|p2a: Kingambit\n|-boost|p2a: Kingambit|atk|2\n|move|p1a: Kingambit|Low Kick|p2a: Kingambit\n|-supereffective|p2a: Kingambit|2\n|-damage|p2a: Kingambit|0 fnt\n|faint|p2a: Kingambit\n|\n|-weather|RainDance|[upkeep]\n|upkeep\n|turn|5\n|\n|t:|1776610395\n|move|p1a: Kingambit|Protect|p1a: Kingambit\n|-singleturn|p1a: Kingambit|Protect\n|move|p2b: Hatterene|Dazzling Gleam|p1a: Kingambit\n|-activate|p1a: Kingambit|move: Protect\n|\n|-weather|RainDance|[upkeep]\n|-fieldend|move: Trick Room\n|upkeep\n|turn|6\n|\n|t:|1776610401\n|move|p1a: Kingambit|Iron Head|p2b: Hatterene\n|-supereffective|p2b: Hatterene|1\n|-damage|p2b: Hatterene|0 fnt\n|faint|p2b: Hatterene\n|\n|win|treeshhhh\n|raw|treeshhhh's rating: 1364 &rarr; <strong>1379</strong><br />(+15 for winning)\n|raw|frankino98's rating: 1281 &rarr; <strong>1262</strong><br />(-19 for losing)\n|l|\u2606frankino98\n|player|p2|\n",
  "uploadtime": 1776610405,
  "views": 12,
  "formatid": "gen9championsvgc2026regma",
  "rating": 1262,
  "private": 0,
  "password": null
}