{
  "id": "gen9championsvgc2026regma-2587805389",
  "format": "[Gen 9 Champions] VGC 2026 Reg M-A",
  "players": [
    "bailey's buttocks",
    "squ1dvg"
  ],
  "log": "|j|\u2606bailey's buttocks\n|j|\u2606squ1dvg\n|t:|1776565800\n|gametype|doubles\n|player|p1|bailey's buttocks|veteranf|1226\n|player|p2|squ1dvg|170|1317\n|gen|9\n|tier|[Gen 9 Champions] VGC 2026 Reg M-A\n|rated|\n|rule|Species Clause: Limit one of each Pok\u00e9mon\n|rule|Item Clause: Limit 1 of each item\n|clearpoke\n|poke|p1|Victreebel, L50, M|\n|poke|p1|Ninetales-Alola, L50, M|\n|poke|p1|Sneasler, L50, F|\n|poke|p1|Garchomp, L50, M|\n|poke|p1|Incineroar, L50, M|\n|poke|p1|Milotic, L50, F|\n|poke|p2|Charizard, L50, M|\n|poke|p2|Whimsicott, L50, M|\n|poke|p2|Basculegion, L50, M|\n|poke|p2|Farigiraf, L50, F|\n|poke|p2|Kangaskhan, L50, F|\n|poke|p2|Sneasler, L50, F|\n|teampreview|4\n|inactive|Battle timer is ON: inactive players will automatically lose when time's up. (requested by squ1dvg)\n|\n|t:|1776565840\n|teamsize|p1|4\n|teamsize|p2|4\n|start\n|switch|p1a: Sneasler|Sneasler, L50, F|100/100\n|switch|p1b: Victreebel|Victreebel, L50, M|100/100\n|switch|p2a: Kangaskhan|Kangaskhan, L50, F|100/100\n|switch|p2b: Whimsicott|Whimsicott, L50, M|100/100\n|turn|1\n|inactive|squ1dvg has 30 seconds left.\n|inactive|squ1dvg has 20 seconds left.\n|inactive|squ1dvg has 15 seconds left.\n|inactive|squ1dvg has 10 seconds left.\n|\n|t:|1776565889\n|detailschange|p1b: Victreebel|Victreebel-Mega, L50, M\n|-mega|p1b: Victreebel|Victreebel|Victreebelite\n|move|p1a: Sneasler|Fake Out|p2b: Whimsicott\n|-damage|p2b: Whimsicott|76/100\n|move|p2a: Kangaskhan|Fake Out|p1a: Sneasler\n|-damage|p1a: Sneasler|67/100\n|cant|p2b: Whimsicott|flinch\n|move|p1b: Victreebel|Strength Sap|p2a: Kangaskhan\n|-unboost|p2a: Kangaskhan|atk|1\n|\n|upkeep\n|turn|2\n|inactive|squ1dvg has 30 seconds left.\n|\n|t:|1776565923\n|move|p2b: Whimsicott|Tailwind|p2b: Whimsicott\n|-sidestart|p2: squ1dvg|move: Tailwind\n|move|p2a: Kangaskhan|Bite|p1b: Victreebel\n|-damage|p1b: Victreebel|86/100\n|move|p1a: Sneasler|Dire Claw|p2b: Whimsicott\n|-supereffective|p2b: Whimsicott|2\n|-damage|p2b: Whimsicott|0 fnt\n|faint|p2b: Whimsicott\n|move|p1b: Victreebel|Acid Spray|p2a: Kangaskhan\n|-damage|p2a: Kangaskhan|72/100\n|-unboost|p2a: Kangaskhan|spd|2\n|\n|upkeep\n|\n|t:|1776565937\n|switch|p2b: Charizard|Charizard, L50, M|100/100\n|turn|3\n|inactive|bailey's buttocks has 30 seconds left.\n|inactive|bailey's buttocks has 20 seconds left.\n|\n|t:|1776565976\n|detailschange|p2b: Charizard|Charizard-Mega-Y, L50, M\n|-mega|p2b: Charizard|Charizard|Charizardite Y\n|-weather|SunnyDay|[from] ability: Drought|[of] p2b: Charizard\n|move|p1a: Sneasler|Protect|p1a: Sneasler\n|-singleturn|p1a: Sneasler|Protect\n|move|p1b: Victreebel|Protect|p1b: Victreebel\n|-singleturn|p1b: Victreebel|Protect\n|move|p2b: Charizard|Heat Wave|p1b: Victreebel|[spread] \n|-activate|p1a: Sneasler|move: Protect\n|-activate|p1b: Victreebel|move: Protect\n|move|p2a: Kangaskhan|Double-Edge|p1b: Victreebel\n|-activate|p1b: Victreebel|move: Protect\n|\n|-weather|SunnyDay|[upkeep]\n|upkeep\n|turn|4\n|inactive|squ1dvg has 30 seconds left.\n|\n|t:|1776566009\n|switch|p1a: Incineroar|Incineroar, L50, M|100/100\n|move|p2b: Charizard|Heat Wave|p1b: Victreebel|[spread] p1a,p1b\n|-resisted|p1a: Incineroar|1\n|-supereffective|p1b: Victreebel|1\n|-crit|p1b: Victreebel\n|-damage|p1a: Incineroar|80/100\n|-damage|p1b: Victreebel|0 fnt\n|-damage|p2b: Charizard|0 fnt|[from] ability: Innards Out|[of] p1b: Victreebel\n|faint|p1b: Victreebel\n|faint|p2b: Charizard\n|move|p2a: Kangaskhan|Double-Edge|p1a: Incineroar\n|-damage|p1a: Incineroar|45/100\n|-enditem|p1a: Incineroar|Sitrus Berry|[eat]\n|-heal|p1a: Incineroar|69/100|[from] item: Sitrus Berry\n|-damage|p2a: Kangaskhan|59/100|[from] Recoil\n|\n|-weather|SunnyDay|[upkeep]\n|upkeep\n|\n|t:|1776566026\n|switch|p2b: Basculegion|Basculegion, L50, M|100/100\n|switch|p1b: Sneasler|Sneasler, L50, F|67/100\n|turn|5\n|inactive|squ1dvg has 30 seconds left.\n|inactive|squ1dvg has 20 seconds left.\n|inactive|squ1dvg has 15 seconds left.\n|\n|t:|1776566070\n|move|p1b: Sneasler|Fake Out|p2a: Kangaskhan\n|-damage|p2a: Kangaskhan|40/100\n|move|p2b: Basculegion|Wave Crash|p1a: Incineroar\n|-supereffective|p1a: Incineroar|1\n|-damage|p1a: Incineroar|0 fnt\n|faint|p1a: Incineroar\n|-damage|p2b: Basculegion|77/100|[from] Recoil\n|cant|p2a: Kangaskhan|flinch\n|\n|-weather|SunnyDay|[upkeep]\n|-sideend|p2: squ1dvg|move: Tailwind\n|upkeep\n|\n|t:|1776566080\n|switch|p1a: Ninetales|Ninetales-Alola, L50, M|100/100\n|-weather|Snowscape|[from] ability: Snow Warning|[of] p1a: Ninetales\n|turn|6\n|\n|t:|1776566096\n|move|p2b: Basculegion|Wave Crash|p1b: Sneasler\n|-damage|p1b: Sneasler|0 fnt\n|faint|p1b: Sneasler\n|-damage|p2b: Basculegion|59/100|[from] Recoil\n|move|p1a: Ninetales|Freeze-Dry|p2b: Basculegion\n|-supereffective|p2b: Basculegion|1\n|-damage|p2b: Basculegion|0 fnt\n|faint|p2b: Basculegion\n|move|p2a: Kangaskhan|Double-Edge|p1a: Ninetales\n|-damage|p1a: Ninetales|64/100\n|-damage|p2a: Kangaskhan|30/100|[from] Recoil\n|\n|-weather|Snowscape|[upkeep]\n|upkeep\n|turn|7\n|-message|squ1dvg forfeited.\n|\n|win|bailey's buttocks\n|raw|bailey&apos;s buttocks's rating: 1226 &rarr; <strong>1257</strong><br />(+31 for winning)\n|raw|squ1dvg's rating: 1317 &rarr; <strong>1292</strong><br />(-25 for losing)\n|l|\u2606squ1dvg\n|player|p2|\n",
  "uploadtime": 1776566112,
  "views": 29,
  "formatid": "gen9championsvgc2026regma",
  "rating": 1257,
  "private": 0,
  "password": null
}