{
  "id": "gen9championsvgc2026regma-2580430710",
  "format": "[Gen 9 Champions] VGC 2026 Reg M-A",
  "players": [
    "Oras_4996",
    "rosescope"
  ],
  "log": "|j|\u2606Oras_4996\n|j|\u2606rosescope\n|t:|1775895416\n|gametype|doubles\n|player|p1|Oras_4996|pokemaniac|1008\n|player|p2|rosescope|burglar|1000\n|gen|9\n|tier|[Gen 9 Champions] VGC 2026 Reg M-A\n|rated|\n|rule|Species Clause: Limit one of each Pok\u00e9mon\n|rule|Item Clause: Limit 1 of each item\n|clearpoke\n|poke|p1|Meowstic-F, L50, F|\n|poke|p1|Garchomp, L50, F|\n|poke|p1|Clefable, L50, M|\n|poke|p1|Raichu-Alola, L50, M|\n|poke|p1|Farigiraf, L50, M|\n|poke|p1|Drampa, L50, M|\n|poke|p2|Sableye, L50, M|\n|poke|p2|Snorlax, L50, F|\n|poke|p2|Sinistcha-Masterpiece, L50|\n|poke|p2|Gallade, L50, M|\n|poke|p2|Meowstic-F, L50, F|\n|poke|p2|Lucario, L50, F|\n|teampreview|4\n|inactive|Battle timer is ON: inactive players will automatically lose when time's up. (requested by Oras_4996)\n|inactive|rosescope has 60 seconds left.\n|inactive|rosescope has 30 seconds left.\n|inactive|rosescope has 20 seconds left.\n|inactive|rosescope has 15 seconds left.\n|inactive|rosescope has 10 seconds left.\n|inactive|rosescope has 5 seconds left.\n|\n|t:|1775895564\n|teamsize|p1|4\n|teamsize|p2|4\n|start\n|switch|p1a: Clefable|Clefable, L50, M, shiny|100/100\n|switch|p1b: Farigiraf|Farigiraf, L50, M, shiny|100/100\n|switch|p2a: Meowstic|Meowstic-F, L50, F|100/100\n|switch|p2b: Lucario|Lucario, L50, F|100/100\n|turn|1\n|inactive|Oras_4996 has 30 seconds left.\n|\n|t:|1775895593\n|detailschange|p2b: Lucario|Lucario-Mega, L50, F\n|-mega|p2b: Lucario|Lucario|Lucarionite\n|move|p1a: Clefable|Protect|p1a: Clefable\n|-singleturn|p1a: Clefable|Protect\n|move|p2b: Lucario|Meteor Mash|p1a: Clefable\n|-activate|p1a: Clefable|move: Protect\n|move|p2a: Meowstic|Dark Pulse|p1b: Farigiraf\n|-supereffective|p1b: Farigiraf|1\n|-damage|p1b: Farigiraf|60/100\n|move|p1b: Farigiraf|Psychic Terrain|p1b: Farigiraf\n|-fieldstart|move: Psychic Terrain\n|\n|-heal|p1b: Farigiraf|66/100|[from] item: Leftovers\n|upkeep\n|turn|2\n|inactive|Oras_4996 has 30 seconds left.\n|\n|t:|1775895622\n|switch|p1b: Garchomp|Garchomp, L50, F, shiny|100/100\n|move|p2b: Lucario|Meteor Mash|p1a: Clefable\n|-supereffective|p1a: Clefable|1\n|-damage|p1a: Clefable|0 fnt\n|faint|p1a: Clefable\n|move|p2a: Meowstic|Expanding Force|p1b: Garchomp\n|-damage|p1b: Garchomp|30/100\n|\n|upkeep\n|\n|t:|1775895632\n|switch|p1a: Farigiraf|Farigiraf, L50, M, shiny|66/100\n|turn|3\n|\n|t:|1775895640\n|move|p1a: Farigiraf|Protect|p1a: Farigiraf\n|-singleturn|p1a: Farigiraf|Protect\n|move|p1b: Garchomp|Earthquake|p2a: Meowstic|[spread] p2a,p2b\n|-activate|p1a: Farigiraf|move: Protect\n|-supereffective|p2b: Lucario|1\n|-damage|p2a: Meowstic|38/100\n|-damage|p2b: Lucario|5/100\n|move|p2b: Lucario|Drain Punch|p1a: Farigiraf\n|-activate|p1a: Farigiraf|move: Protect\n|move|p2a: Meowstic|Expanding Force|p1a: Farigiraf|[spread] p1b\n|-activate|p1a: Farigiraf|move: Protect\n|-damage|p1b: Garchomp|0 fnt\n|faint|p1b: Garchomp\n|\n|-heal|p1a: Farigiraf|72/100|[from] item: Leftovers\n|upkeep\n|\n|t:|1775895654\n|switch|p1b: Meowstic|Meowstic-F, L50, F, shiny|100/100\n|turn|4\n|\n|t:|1775895670\n|detailschange|p1b: Meowstic|Meowstic-F-Mega, L50, F, shiny\n|-mega|p1b: Meowstic|Meowstic|Meowsticite\n|-ability|p1b: Meowstic|Adaptability|Trace|[from] ability: Trace|[of] p2b: Lucario\n|move|p2a: Meowstic|Protect|p2a: Meowstic\n|-singleturn|p2a: Meowstic|Protect\n|move|p1b: Meowstic|Expanding Force|p2a: Meowstic|[spread] p2b\n|-activate|p2a: Meowstic|move: Protect\n|-damage|p2b: Lucario|0 fnt\n|faint|p2b: Lucario\n|move|p1a: Farigiraf|Hyper Voice|p2a: Meowstic\n|-activate|p2a: Meowstic|move: Protect\n|\n|-heal|p1a: Farigiraf|78/100|[from] item: Leftovers\n|upkeep\n|\n|t:|1775895691\n|switch|p2b: Sinistcha|Sinistcha-Masterpiece, L50|100/100\n|-heal|p2a: Meowstic|63/100|[from] ability: Hospitality|[of] p2b: Sinistcha\n|turn|5\n|inactive|rosescope has 30 seconds left.\n|inactive|rosescope has 20 seconds left.\n|\n|t:|1775895728\n|move|p1b: Meowstic|Expanding Force|p2a: Meowstic|[spread] p2a,p2b\n|-resisted|p2a: Meowstic|1\n|-damage|p2a: Meowstic|7/100\n|-damage|p2b: Sinistcha|0 fnt\n|faint|p2b: Sinistcha\n|move|p2a: Meowstic|Dark Pulse|p1b: Meowstic\n|-supereffective|p1b: Meowstic|1\n|-damage|p1b: Meowstic|50/100\n|move|p1a: Farigiraf|Hyper Voice|p2a: Meowstic\n|-damage|p2a: Meowstic|0 fnt\n|faint|p2a: Meowstic\n|\n|-heal|p1a: Farigiraf|84/100|[from] item: Leftovers\n|-fieldend|move: Psychic Terrain\n|upkeep\n|\n|t:|1775895737\n|switch|p2b: Snorlax|Snorlax, L50, F|100/100\n|turn|6\n|\n|t:|1775895745\n|move|p1b: Meowstic|Protect|p1b: Meowstic\n|-singleturn|p1b: Meowstic|Protect\n|move|p1a: Farigiraf|Psychic Terrain|p1a: Farigiraf\n|-fieldstart|move: Psychic Terrain\n|move|p2b: Snorlax|Body Slam|p1b: Meowstic\n|-activate|p1b: Meowstic|move: Protect\n|\n|-heal|p1a: Farigiraf|90/100|[from] item: Leftovers\n|upkeep\n|turn|7\n|\n|t:|1775895754\n|move|p1b: Meowstic|Expanding Force|p2b: Snorlax\n|-damage|p2b: Snorlax|30/100\n|-enditem|p2b: Snorlax|Sitrus Berry|[eat]\n|-heal|p2b: Snorlax|55/100|[from] item: Sitrus Berry\n|move|p1a: Farigiraf|Hyper Voice|p2b: Snorlax\n|-damage|p2b: Snorlax|31/100\n|move|p2b: Snorlax|Body Slam|p1b: Meowstic\n|-damage|p1b: Meowstic|0 fnt\n|faint|p1b: Meowstic\n|\n|-heal|p1a: Farigiraf|96/100|[from] item: Leftovers\n|upkeep\n|turn|8\n|\n|t:|1775895767\n|move|p1a: Farigiraf|Hyper Voice|p2b: Snorlax\n|-damage|p2b: Snorlax|11/100\n|move|p2b: Snorlax|Body Slam|p1a: Farigiraf\n|-damage|p1a: Farigiraf|63/100\n|\n|-heal|p1a: Farigiraf|69/100|[from] item: Leftovers\n|upkeep\n|turn|9\n|\n|t:|1775895774\n|move|p1a: Farigiraf|Hyper Voice|p2b: Snorlax\n|-damage|p2b: Snorlax|0 fnt\n|faint|p2b: Snorlax\n|\n|win|Oras_4996\n|raw|Oras_4996's rating: 1008 &rarr; <strong>1046</strong><br />(+38 for winning)\n|raw|rosescope's rating: 1000 &rarr; <strong>1000</strong><br />(+0 for losing)\n|l|\u2606rosescope\n|player|p2|\n",
  "uploadtime": 1775895779,
  "views": 18,
  "formatid": "gen9championsvgc2026regma",
  "rating": 1000,
  "private": 0,
  "password": null
}