{
  "id": "gen9championsvgc2026regma-2584602457",
  "format": "[Gen 9 Champions] VGC 2026 Reg M-A",
  "players": [
    "Dom73",
    "ADUSTTHUNDA"
  ],
  "log": "|j|\u2606Dom73\n|j|\u2606ADUSTTHUNDA\n|t:|1776271463\n|gametype|doubles\n|player|p1|Dom73|266|1243\n|player|p2|ADUSTTHUNDA|infielder|1300\n|gen|9\n|tier|[Gen 9 Champions] VGC 2026 Reg M-A\n|rated|\n|rule|Species Clause: Limit one of each Pok\u00e9mon\n|rule|Item Clause: Limit 1 of each item\n|clearpoke\n|poke|p1|Aegislash, L50, M|\n|poke|p1|Incineroar, L50, M|\n|poke|p1|Crabominable, L50, F|\n|poke|p1|Slowking-Galar, L50, F|\n|poke|p1|Primarina, L50, F|\n|poke|p1|Sinistcha, L50|\n|poke|p2|Tyranitar, L50, M|\n|poke|p2|Sylveon, L50, M|\n|poke|p2|Sinistcha-Masterpiece, L50|\n|poke|p2|Rotom-Wash, L50|\n|poke|p2|Incineroar, L50, M|\n|poke|p2|Excadrill, L50, M|\n|teampreview|4\n|inactive|Battle timer is ON: inactive players will automatically lose when time's up. (requested by ADUSTTHUNDA)\n|inactive|Dom73 has 60 seconds left.\n|\n|t:|1776271523\n|teamsize|p1|4\n|teamsize|p2|4\n|start\n|switch|p1a: Sinistcha|Sinistcha, L50|100/100\n|switch|p1b: Incineroar|Incineroar, L50, M|100/100\n|switch|p2a: Kobe|Excadrill, L50, M|100/100\n|switch|p2b: Rotom|Rotom-Wash, L50|100/100\n|-ability|p1b: Incineroar|Intimidate|boost\n|-unboost|p2a: Kobe|atk|1\n|-unboost|p2b: Rotom|atk|1\n|turn|1\n|inactive|ADUSTTHUNDA has 30 seconds left.\n|\n|t:|1776271549\n|move|p1b: Incineroar|Fake Out|p2b: Rotom\n|-damage|p2b: Rotom|88/100\n|move|p2a: Kobe|Earthquake|p1b: Incineroar|[spread] p1a,p1b\n|-immune|p2b: Rotom|[from] ability: Levitate\n|-resisted|p1a: Sinistcha|1\n|-supereffective|p1b: Incineroar|1\n|-damage|p1a: Sinistcha|89/100\n|-damage|p1b: Incineroar|49/100\n|-enditem|p1b: Incineroar|Sitrus Berry|[eat]\n|-heal|p1b: Incineroar|74/100|[from] item: Sitrus Berry\n|cant|p2b: Rotom|flinch\n|move|p1a: Sinistcha|Trick Room|p1a: Sinistcha\n|-fieldstart|move: Trick Room|[of] p1a: Sinistcha\n|\n|-heal|p1a: Sinistcha|95/100|[from] item: Leftovers\n|-heal|p2b: Rotom|94/100|[from] item: Leftovers\n|upkeep\n|turn|2\n|inactive|ADUSTTHUNDA has 30 seconds left.\n|\n|t:|1776271579\n|switch|p1b: Primarina|Primarina, L50, F|100/100\n|move|p1a: Sinistcha|Matcha Gotcha|p2a: Kobe|[spread] p2a,p2b\n|-supereffective|p2b: Rotom|1\n|-damage|p2a: Kobe|65/100\n|-heal|p1a: Sinistcha|100/100|[from] drain|[of] p2a: Kobe\n|-damage|p2b: Rotom|55/100\n|move|p2b: Rotom|Will-O-Wisp|p1b: Primarina\n|-status|p1b: Primarina|brn\n|move|p2a: Kobe|Iron Head|p1b: Primarina\n|-damage|p1b: Primarina|68/100 brn\n|\n|-heal|p2b: Rotom|60/100|[from] item: Leftovers\n|-damage|p1b: Primarina|62/100 brn|[from] brn\n|upkeep\n|turn|3\n|inactive|Dom73 has 30 seconds left.\n|inactive|ADUSTTHUNDA has 30 seconds left.\n|\n|t:|1776271610\n|move|p2a: Kobe|Protect|p2a: Kobe\n|-singleturn|p2a: Kobe|Protect\n|move|p1b: Primarina|Hyper Voice|p2b: Rotom|[spread] p2b\n|-activate|p2a: Kobe|move: Protect\n|-resisted|p2b: Rotom|1\n|-damage|p2b: Rotom|41/100\n|move|p1a: Sinistcha|Matcha Gotcha|p2b: Rotom|[spread] \n|-activate|p2a: Kobe|move: Protect\n|-miss|p1a: Sinistcha|p2b: Rotom\n|move|p2b: Rotom|Volt Switch|p1b: Primarina\n|-supereffective|p1b: Primarina|1\n|-damage|p1b: Primarina|11/100 brn\n|\n|t:|1776271624\n|switch|p2b: Sinistcha|Sinistcha-Masterpiece, L50|100/100|[from] Volt Switch\n|-heal|p2a: Kobe|90/100|[from] ability: Hospitality|[of] p2b: Sinistcha\n|\n|-damage|p1b: Primarina|5/100 brn|[from] brn\n|upkeep\n|turn|4\n|\n|t:|1776271657\n|switch|p1a: Crabominable|Crabominable, L50, F|100/100\n|move|p1b: Primarina|Hyper Voice|p2b: Sinistcha|[spread] p2a,p2b\n|-supereffective|p2a: Kobe|1\n|-resisted|p2b: Sinistcha|1\n|-damage|p2a: Kobe|0 fnt\n|-damage|p2b: Sinistcha|74/100\n|faint|p2a: Kobe\n|move|p2b: Sinistcha|Life Dew|p2b: Sinistcha\n|-heal|p2b: Sinistcha|99/100\n|\n|-damage|p1b: Primarina|0 fnt|[from] brn\n|faint|p1b: Primarina\n|upkeep\n|\n|t:|1776271679\n|switch|p1b: Sinistcha|Sinistcha, L50|100/100\n|switch|p2a: Shaq|Tyranitar, L50, M|100/100\n|-weather|Sandstorm|[from] ability: Sand Stream|[of] p2a: Shaq\n|turn|5\n|inactive|Dom73 has 30 seconds left.\n|inactive|Dom73 has 20 seconds left.\n|inactive|Dom73 has 15 seconds left.\n|\n|t:|1776271723\n|switch|p2b: Rotom|Rotom-Wash, L50|41/100\n|detailschange|p1a: Crabominable|Crabominable-Mega, L50, F\n|-mega|p1a: Crabominable|Crabominable|Crabominite\n|detailschange|p2a: Shaq|Tyranitar-Mega, L50, M\n|-mega|p2a: Shaq|Tyranitar|Tyranitarite\n|move|p2a: Shaq|Protect|p2a: Shaq\n|-singleturn|p2a: Shaq|Protect\n|move|p1a: Crabominable|Ice Hammer|p2b: Rotom\n|-resisted|p2b: Rotom|1\n|-damage|p2b: Rotom|0 fnt\n|-unboost|p1a: Crabominable|spe|1\n|faint|p2b: Rotom\n|move|p1b: Sinistcha|Matcha Gotcha|p2a: Shaq\n|-activate|p2a: Shaq|move: Protect\n|\n|-weather|Sandstorm|[upkeep]\n|-damage|p1a: Crabominable|95/100|[from] Sandstorm\n|-damage|p1b: Sinistcha|94/100|[from] Sandstorm\n|-heal|p1b: Sinistcha|100/100|[from] item: Leftovers\n|-fieldend|move: Trick Room\n|upkeep\n|\n|t:|1776271734\n|switch|p2b: Sinistcha|Sinistcha-Masterpiece, L50|99/100\n|turn|6\n|\n|t:|1776271759\n|switch|p1b: Incineroar|Incineroar, L50, M|74/100\n|-ability|p1b: Incineroar|Intimidate|boost\n|-unboost|p2a: Shaq|atk|1\n|-unboost|p2b: Sinistcha|atk|1\n|move|p1a: Crabominable|Protect|p1a: Crabominable\n|-singleturn|p1a: Crabominable|Protect\n|move|p2b: Sinistcha|Matcha Gotcha|p1a: Crabominable|[spread] p1b\n|-activate|p1a: Crabominable|move: Protect\n|-resisted|p1b: Incineroar|1\n|-damage|p1b: Incineroar|64/100\n|-heal|p2b: Sinistcha|100/100|[from] drain|[of] p1b: Incineroar\n|move|p2a: Shaq|Rock Slide|p1a: Crabominable|[spread] p1b\n|-activate|p1a: Crabominable|move: Protect\n|-supereffective|p1b: Incineroar|1\n|-damage|p1b: Incineroar|26/100\n|\n|-weather|Sandstorm|[upkeep]\n|-damage|p2b: Sinistcha|94/100|[from] Sandstorm\n|-damage|p1b: Incineroar|20/100|[from] Sandstorm\n|-damage|p1a: Crabominable|89/100|[from] Sandstorm\n|upkeep\n|turn|7\n|\n|t:|1776271786\n|move|p2a: Shaq|Protect|p2a: Shaq\n|-singleturn|p2a: Shaq|Protect\n|move|p1b: Incineroar|Fake Out|p2a: Shaq\n|-activate|p2a: Shaq|move: Protect\n|move|p2b: Sinistcha|Matcha Gotcha|p1b: Incineroar|[spread] p1a,p1b\n|-resisted|p1b: Incineroar|1\n|-damage|p1a: Crabominable|69/100\n|-heal|p2b: Sinistcha|100/100|[from] drain|[of] p1a: Crabominable\n|-damage|p1b: Incineroar|10/100\n|-status|p1a: Crabominable|brn\n|move|p1a: Crabominable|Ice Hammer|p2b: Sinistcha\n|-supereffective|p2b: Sinistcha|1\n|-damage|p2b: Sinistcha|40/100\n|-unboost|p1a: Crabominable|spe|1\n|-enditem|p2b: Sinistcha|Sitrus Berry|[eat]\n|-heal|p2b: Sinistcha|65/100|[from] item: Sitrus Berry\n|\n|-weather|Sandstorm|[upkeep]\n|-damage|p2b: Sinistcha|58/100|[from] Sandstorm\n|-damage|p1b: Incineroar|4/100|[from] Sandstorm\n|-damage|p1a: Crabominable|63/100 brn|[from] Sandstorm\n|-damage|p1a: Crabominable|57/100 brn|[from] brn\n|upkeep\n|turn|8\n|\n|t:|1776271809\n|switch|p1b: Sinistcha|Sinistcha, L50|100/100\n|-heal|p1a: Crabominable|82/100 brn|[from] ability: Hospitality|[of] p1b: Sinistcha\n|move|p1a: Crabominable|Protect|p1a: Crabominable\n|-singleturn|p1a: Crabominable|Protect\n|move|p2a: Shaq|Rock Slide|p1a: Crabominable|[spread] p1b\n|-activate|p1a: Crabominable|move: Protect\n|-damage|p1b: Sinistcha|80/100\n|move|p2b: Sinistcha|Life Dew||[still]|[spread] p2a,p2b\n|-fail|p2a: Shaq|heal\n|-heal|p2b: Sinistcha|84/100\n|\n|-weather|Sandstorm|[upkeep]\n|-damage|p1b: Sinistcha|74/100|[from] Sandstorm\n|-damage|p2b: Sinistcha|77/100|[from] Sandstorm\n|-damage|p1a: Crabominable|76/100 brn|[from] Sandstorm\n|-heal|p1b: Sinistcha|80/100|[from] item: Leftovers\n|-damage|p1a: Crabominable|71/100 brn|[from] brn\n|upkeep\n|turn|9\n|\n|t:|1776271830\n|switch|p1a: Incineroar|Incineroar, L50, M|4/100\n|-ability|p1a: Incineroar|Intimidate|boost\n|-unboost|p2a: Shaq|atk|1\n|-unboost|p2b: Sinistcha|atk|1\n|move|p2a: Shaq|Rock Slide|p1b: Sinistcha|[spread] p1b\n|-miss|p2a: Shaq|p1a: Incineroar\n|-crit|p1b: Sinistcha\n|-damage|p1b: Sinistcha|36/100\n|cant|p1b: Sinistcha|flinch\n|move|p2b: Sinistcha|Trick Room|p2b: Sinistcha\n|-fieldstart|move: Trick Room|[of] p2b: Sinistcha\n|\n|-weather|none\n|-heal|p1b: Sinistcha|43/100|[from] item: Leftovers\n|upkeep\n|turn|10\n|inactive|Dom73 has 30 seconds left.\n|inactive|Dom73 has 20 seconds left.\n|\n|t:|1776271870\n|switch|p1b: Crabominable|Crabominable-Mega, L50, F|71/100 brn\n|move|p2a: Shaq|Protect|p2a: Shaq\n|-singleturn|p2a: Shaq|Protect\n|move|p1a: Incineroar|Fake Out|p2a: Shaq\n|-activate|p2a: Shaq|move: Protect\n|move|p2b: Sinistcha|Matcha Gotcha|p1b: Crabominable|[spread] p1a,p1b\n|-resisted|p1a: Incineroar|1\n|-damage|p1a: Incineroar|0 fnt\n|-heal|p2b: Sinistcha|80/100|[from] drain|[of] p1a: Incineroar\n|-damage|p1b: Crabominable|49/100 brn\n|-heal|p2b: Sinistcha|93/100|[from] drain|[of] p1b: Crabominable\n|faint|p1a: Incineroar\n|\n|-damage|p1b: Crabominable|43/100 brn|[from] brn\n|upkeep\n|\n|t:|1776271888\n|switch|p1a: Sinistcha|Sinistcha, L50|43/100\n|-heal|p1b: Crabominable|68/100 brn|[from] ability: Hospitality|[of] p1a: Sinistcha\n|turn|11\n|\n|t:|1776271896\n|move|p1b: Crabominable|Ice Hammer|p2b: Sinistcha\n|-supereffective|p2b: Sinistcha|1\n|-damage|p2b: Sinistcha|39/100\n|-unboost|p1b: Crabominable|spe|1\n|move|p2a: Shaq|Rock Slide|p1b: Crabominable|[spread] p1a,p1b\n|-damage|p1a: Sinistcha|29/100\n|-damage|p1b: Crabominable|53/100 brn\n|move|p1a: Sinistcha|Matcha Gotcha|p2b: Sinistcha|[spread] p2a,p2b\n|-supereffective|p2a: Shaq|1\n|-resisted|p2b: Sinistcha|1\n|-damage|p2a: Shaq|63/100\n|-heal|p1a: Sinistcha|49/100|[from] drain|[of] p2a: Shaq\n|-damage|p2b: Sinistcha|26/100\n|-heal|p1a: Sinistcha|56/100|[from] drain|[of] p2b: Sinistcha\n|-status|p2b: Sinistcha|brn\n|move|p2b: Sinistcha|Trick Room|p2b: Sinistcha\n|-fieldend|move: Trick Room\n|\n|-heal|p1a: Sinistcha|62/100|[from] item: Leftovers\n|-damage|p2b: Sinistcha|20/100 brn|[from] brn\n|-damage|p1b: Crabominable|47/100 brn|[from] brn\n|upkeep\n|turn|12\n|\n|t:|1776271920\n|move|p1b: Crabominable|Protect|p1b: Crabominable\n|-singleturn|p1b: Crabominable|Protect\n|move|p1a: Sinistcha|Matcha Gotcha|p2a: Shaq|[spread] p2a,p2b\n|-supereffective|p2a: Shaq|1\n|-resisted|p2b: Sinistcha|1\n|-damage|p2a: Shaq|25/100\n|-heal|p1a: Sinistcha|82/100|[from] drain|[of] p2a: Shaq\n|-damage|p2b: Sinistcha|6/100 brn\n|-heal|p1a: Sinistcha|89/100|[from] drain|[of] p2b: Sinistcha\n|move|p2b: Sinistcha|Life Dew|p2b: Sinistcha|[spread] p2a,p2b\n|-heal|p2a: Shaq|50/100\n|-heal|p2b: Sinistcha|31/100 brn\n|move|p2a: Shaq|Rock Slide|p1b: Crabominable|[spread] p1a\n|-activate|p1b: Crabominable|move: Protect\n|-damage|p1a: Sinistcha|75/100\n|\n|-heal|p1a: Sinistcha|81/100|[from] item: Leftovers\n|-damage|p2b: Sinistcha|25/100 brn|[from] brn\n|-damage|p1b: Crabominable|41/100 brn|[from] brn\n|upkeep\n|turn|13\n|\n|t:|1776271943\n|move|p2a: Shaq|Protect|p2a: Shaq\n|-singleturn|p2a: Shaq|Protect\n|move|p1b: Crabominable|Mach Punch|p2a: Shaq\n|-activate|p2a: Shaq|move: Protect\n|move|p1a: Sinistcha|Matcha Gotcha|p2a: Shaq|[spread] p2b\n|-activate|p2a: Shaq|move: Protect\n|-resisted|p2b: Sinistcha|1\n|-damage|p2b: Sinistcha|13/100 brn\n|-heal|p1a: Sinistcha|87/100|[from] drain|[of] p2b: Sinistcha\n|move|p2b: Sinistcha|Life Dew|p2b: Sinistcha|[spread] p2a,p2b\n|-heal|p2a: Shaq|75/100\n|-heal|p2b: Sinistcha|38/100 brn\n|\n|-heal|p1a: Sinistcha|93/100|[from] item: Leftovers\n|-damage|p2b: Sinistcha|32/100 brn|[from] brn\n|-damage|p1b: Crabominable|35/100 brn|[from] brn\n|upkeep\n|turn|14\n|inactive|Dom73 has 30 seconds left.\n|\n|t:|1776271971\n|move|p1b: Crabominable|Protect|p1b: Crabominable\n|-singleturn|p1b: Crabominable|Protect\n|move|p2a: Shaq|Rock Slide|p1b: Crabominable|[spread] p1a\n|-activate|p1b: Crabominable|move: Protect\n|-damage|p1a: Sinistcha|80/100\n|move|p2b: Sinistcha|Matcha Gotcha|p1a: Sinistcha|[spread] \n|-activate|p1b: Crabominable|move: Protect\n|-miss|p2b: Sinistcha|p1a: Sinistcha\n|cant|p1a: Sinistcha|flinch\n|\n|-heal|p1a: Sinistcha|86/100|[from] item: Leftovers\n|-damage|p2b: Sinistcha|26/100 brn|[from] brn\n|-damage|p1b: Crabominable|29/100 brn|[from] brn\n|upkeep\n|turn|15\n|inactive|Dom73 has 30 seconds left.\n|inactive|Dom73 has 20 seconds left.\n|\n|t:|1776272010\n|move|p1b: Crabominable|Mach Punch|p2a: Shaq\n|-supereffective|p2a: Shaq|2\n|-crit|p2a: Shaq\n|-damage|p2a: Shaq|17/100\n|move|p2b: Sinistcha|Matcha Gotcha|p1a: Sinistcha|[spread] p1a,p1b\n|-resisted|p1a: Sinistcha|1\n|-crit|p1a: Sinistcha\n|-crit|p1b: Crabominable\n|-damage|p1a: Sinistcha|67/100\n|-heal|p2b: Sinistcha|35/100 brn|[from] drain|[of] p1a: Sinistcha\n|-damage|p1b: Crabominable|0 fnt\n|-heal|p2b: Sinistcha|52/100 brn|[from] drain|[of] p1b: Crabominable\n|-status|p1a: Sinistcha|brn\n|faint|p1b: Crabominable\n|move|p2a: Shaq|Rock Slide|p1a: Sinistcha\n|-damage|p1a: Sinistcha|47/100 brn\n|cant|p1a: Sinistcha|flinch\n|\n|-heal|p1a: Sinistcha|53/100 brn|[from] item: Leftovers\n|-damage|p1a: Sinistcha|47/100 brn|[from] brn\n|-damage|p2b: Sinistcha|46/100 brn|[from] brn\n|upkeep\n|turn|16\n|inactive|Dom73 has 30 seconds left.\n|inactive|Dom73 has 20 seconds left.\n|\n|t:|1776272034\n|move|p2a: Shaq|Protect|p2a: Shaq\n|-singleturn|p2a: Shaq|Protect\n|move|p1a: Sinistcha|Matcha Gotcha|p2b: Sinistcha|[spread] p2b\n|-activate|p2a: Shaq|move: Protect\n|-resisted|p2b: Sinistcha|1\n|-damage|p2b: Sinistcha|33/100 brn\n|-heal|p1a: Sinistcha|54/100 brn|[from] drain|[of] p2b: Sinistcha\n|move|p2b: Sinistcha|Life Dew|p2b: Sinistcha|[spread] p2a,p2b\n|-heal|p2a: Shaq|43/100\n|-heal|p2b: Sinistcha|58/100 brn\n|\n|-heal|p1a: Sinistcha|60/100 brn|[from] item: Leftovers\n|-damage|p1a: Sinistcha|54/100 brn|[from] brn\n|-damage|p2b: Sinistcha|52/100 brn|[from] brn\n|upkeep\n|turn|17\n|inactive|Dom73 has 20 seconds left this turn.\n|c|\u2606ADUSTTHUNDA|that was a close one\n|inactive|Dom73 has 15 seconds left.\n|inactive|Dom73 has 10 seconds left.\n|inactive|Dom73 has 5 seconds left.\n|\n|t:|1776272051\n|move|p1a: Sinistcha|Matcha Gotcha|p2b: Sinistcha|[spread] p2a,p2b\n|-supereffective|p2a: Shaq|1\n|-resisted|p2b: Sinistcha|1\n|-damage|p2a: Shaq|8/100\n|-heal|p1a: Sinistcha|72/100 brn|[from] drain|[of] p2a: Shaq\n|-damage|p2b: Sinistcha|39/100 brn\n|-heal|p1a: Sinistcha|79/100 brn|[from] drain|[of] p2b: Sinistcha\n|move|p2a: Shaq|Lash Out|p1a: Sinistcha\n|-supereffective|p1a: Sinistcha|1\n|-damage|p1a: Sinistcha|42/100 brn\n|move|p2b: Sinistcha|Life Dew|p2b: Sinistcha|[spread] p2a,p2b\n|-heal|p2a: Shaq|33/100\n|-heal|p2b: Sinistcha|64/100 brn\n|\n|-heal|p1a: Sinistcha|48/100 brn|[from] item: Leftovers\n|-damage|p1a: Sinistcha|42/100 brn|[from] brn\n|-damage|p2b: Sinistcha|58/100 brn|[from] brn\n|upkeep\n|turn|18\n|inactive|Dom73 has 5 seconds left this turn.\n|-message|Dom73 lost due to inactivity.\n|\n|win|ADUSTTHUNDA\n|raw|Dom73's rating: 1243 &rarr; <strong>1222</strong><br />(-21 for losing)\n|raw|ADUSTTHUNDA's rating: 1300 &rarr; <strong>1321</strong><br />(+21 for winning)\n",
  "uploadtime": 1776272072,
  "views": 39,
  "formatid": "gen9championsvgc2026regma",
  "rating": 1222,
  "private": 0,
  "password": null
}