{
  "id": "gen9championsvgc2026regma-2587446361",
  "format": "[Gen 9 Champions] VGC 2026 Reg M-A",
  "players": [
    "Saymonster",
    "timotreee"
  ],
  "log": "|j|\u2606Saymonster\n|j|\u2606timotreee\n|t:|1776532505\n|gametype|doubles\n|player|p1|Saymonster|shadowtriad|1255\n|player|p2|timotreee|101|1186\n|gen|9\n|tier|[Gen 9 Champions] VGC 2026 Reg M-A\n|rated|\n|rule|Species Clause: Limit one of each Pok\u00e9mon\n|rule|Item Clause: Limit 1 of each item\n|clearpoke\n|poke|p1|Kommo-o, L50, M|\n|poke|p1|Garchomp, L50, M|\n|poke|p1|Talonflame, L50, M|\n|poke|p1|Gardevoir, L50, F|\n|poke|p1|Scizor, L50, M|\n|poke|p1|Sinistcha, L50|\n|poke|p2|Blastoise, L50, M|\n|poke|p2|Kingambit, L50, M|\n|poke|p2|Aerodactyl, L50, F|\n|poke|p2|Kangaskhan, L50, F|\n|poke|p2|Farigiraf, L50, F|\n|poke|p2|Sinistcha, L50|\n|teampreview|4\n|inactive|Battle timer is ON: inactive players will automatically lose when time's up. (requested by Saymonster)\ntimotreee rejected open team sheets.\n|\n|t:|1776532608\n|teamsize|p1|4\n|teamsize|p2|4\n|start\n|switch|p1a: Garchomp|Garchomp, L50, M|100/100\n|switch|p1b: Kommo-o|Kommo-o, L50, M|100/100\n|switch|p2a: Blastoise|Blastoise, L50, M|100/100\n|switch|p2b: Aerodactyl|Aerodactyl, L50, F|100/100\n|-ability|p2b: Aerodactyl|Unnerve\n|turn|1\n|inactive|Saymonster has 30 seconds left.\n|inactive|timotreee has 30 seconds left.\n|\n|t:|1776532638\n|detailschange|p2a: Blastoise|Blastoise-Mega, L50, M\n|-mega|p2a: Blastoise|Blastoise|Blastoisinite\n|move|p1a: Garchomp|Protect|p1a: Garchomp\n|-singleturn|p1a: Garchomp|Protect\n|move|p2b: Aerodactyl|Tailwind|p2b: Aerodactyl\n|-sidestart|p2: timotreee|move: Tailwind\n|move|p2a: Blastoise|Water Spout|p1b: Kommo-o|[spread] p1b\n|-activate|p1a: Garchomp|move: Protect\n|-resisted|p1b: Kommo-o|1\n|-damage|p1b: Kommo-o|70/100\n|move|p1b: Kommo-o|Iron Defense|p1b: Kommo-o\n|-boost|p1b: Kommo-o|def|2\n|\n|-heal|p1b: Kommo-o|75/100|[from] item: Leftovers\n|upkeep\n|turn|2\n|inactive|Saymonster has 30 seconds left.\n|\n|t:|1776532669\n|move|p1b: Kommo-o|Protect|p1b: Kommo-o\n|-singleturn|p1b: Kommo-o|Protect\n|move|p2b: Aerodactyl|Dual Wingbeat|p1b: Kommo-o\n|-activate|p1b: Kommo-o|move: Protect\n|move|p2a: Blastoise|Water Spout|p1b: Kommo-o|[spread] p1a\n|-activate|p1b: Kommo-o|move: Protect\n|-crit|p1a: Garchomp\n|-damage|p1a: Garchomp|0 fnt\n|faint|p1a: Garchomp\n|\n|-heal|p1b: Kommo-o|81/100|[from] item: Leftovers\n|upkeep\n|\n|t:|1776532691\n|switch|p1a: Scizor|Scizor, L50, M|100/100\n|turn|3\n|inactive|timotreee has 30 seconds left.\n|\n|t:|1776532725\n|detailschange|p1a: Scizor|Scizor-Mega, L50, M\n|-mega|p1a: Scizor|Scizor|Scizorite\n|move|p1a: Scizor|Bullet Punch|p2a: Blastoise\n|-resisted|p2a: Blastoise|1\n|-damage|p2a: Blastoise|85/100\n|move|p2b: Aerodactyl|Dual Wingbeat|p1b: Kommo-o\n|-supereffective|p1b: Kommo-o|1\n|-damage|p1b: Kommo-o|67/100\n|-supereffective|p1b: Kommo-o|1\n|-damage|p1b: Kommo-o|54/100\n|-hitcount|p1b: Kommo-o|2\n|move|p2a: Blastoise|Water Spout|p1a: Scizor|[spread] p1a,p1b\n|-crit|p1a: Scizor\n|-resisted|p1b: Kommo-o|1\n|-damage|p1a: Scizor|19/100\n|-damage|p1b: Kommo-o|31/100\n|move|p1b: Kommo-o|Body Press|p2a: Blastoise\n|-damage|p2a: Blastoise|7/100\n|\n|-heal|p1b: Kommo-o|36/100|[from] item: Leftovers\n|upkeep\n|turn|4\n|inactive|Saymonster has 30 seconds left.\n|inactive|timotreee has 30 seconds left.\n|\n|t:|1776532754\n|move|p1b: Kommo-o|Protect|p1b: Kommo-o\n|-singleturn|p1b: Kommo-o|Protect\n|move|p1a: Scizor|Bullet Punch|p2b: Aerodactyl\n|-supereffective|p2b: Aerodactyl|1\n|-damage|p2b: Aerodactyl|0 fnt\n|faint|p2b: Aerodactyl\n|move|p2a: Blastoise|Dark Pulse|p1b: Kommo-o\n|-activate|p1b: Kommo-o|move: Protect\n|\n|-heal|p1b: Kommo-o|42/100|[from] item: Leftovers\n|-sideend|p2: timotreee|move: Tailwind\n|upkeep\n|\n|t:|1776532770\n|switch|p2b: Kangaskhan|Kangaskhan, L50, F|100/100\n|turn|5\n|\n|t:|1776532792\n|switch|p2a: Kingambit|Kingambit, L50, M|100/100\n|move|p2b: Kangaskhan|Fake Out|p1b: Kommo-o\n|-damage|p1b: Kommo-o|34/100\n|move|p1a: Scizor|Bullet Punch|p2a: Kingambit\n|-resisted|p2a: Kingambit|1\n|-damage|p2a: Kingambit|86/100\n|cant|p1b: Kommo-o|flinch\n|\n|-heal|p1b: Kommo-o|39/100|[from] item: Leftovers\n|upkeep\n|turn|6\n|\n|t:|1776532810\n|move|p1b: Kommo-o|Protect|p1b: Kommo-o\n|-singleturn|p1b: Kommo-o|Protect\n|move|p2a: Kingambit|Sucker Punch||[still]\n|-fail|p2a: Kingambit\n|move|p2b: Kangaskhan|Last Resort|p1b: Kommo-o\n|-activate|p1b: Kommo-o|move: Protect\n|move|p1a: Scizor|Roost|p1a: Scizor\n|-heal|p1a: Scizor|69/100\n|-singleturn|p1a: Scizor|move: Roost\n|\n|-heal|p1b: Kommo-o|45/100|[from] item: Leftovers\n|upkeep\n|turn|7\n|inactive|Saymonster has 30 seconds left.\n|inactive|Saymonster has 20 seconds left.\n|\n|t:|1776532846\n|move|p1b: Kommo-o|Iron Defense|p1b: Kommo-o\n|-boost|p1b: Kommo-o|def|2\n|move|p2b: Kangaskhan|Last Resort|p1b: Kommo-o\n|-damage|p1b: Kommo-o|27/100\n|move|p1a: Scizor|Lunge|p2b: Kangaskhan\n|-crit|p2b: Kangaskhan\n|-damage|p2b: Kangaskhan|20/100\n|-unboost|p2b: Kangaskhan|atk|1\n|move|p2a: Kingambit|Low Kick|p1b: Kommo-o\n|-damage|p1b: Kommo-o|20/100\n|\n|-heal|p1b: Kommo-o|26/100|[from] item: Leftovers\n|upkeep\n|turn|8\n|-message|timotreee forfeited.\n|\n|win|Saymonster\n|raw|Saymonster's rating: 1255 &rarr; <strong>1275</strong><br />(+20 for winning)\n|raw|timotreee's rating: 1186 &rarr; <strong>1166</strong><br />(-20 for losing)\n|l|\u2606timotreee\n|player|p2|\n",
  "uploadtime": 1776532984,
  "views": 22,
  "formatid": "gen9championsvgc2026regma",
  "rating": 1166,
  "private": 0,
  "password": null
}