{
  "id": "gen9championsvgc2026regma-2581506677",
  "format": "[Gen 9 Champions] VGC 2026 Reg M-A",
  "players": [
    "Nueel",
    "PAUKUNO"
  ],
  "log": "|j|\u2606Nueel\n|j|\u2606PAUKUNO\n|t:|1776006660\n|gametype|doubles\n|player|p1|Nueel|volkner|1000\n|player|p2|PAUKUNO|102|1000\n|gen|9\n|tier|[Gen 9 Champions] VGC 2026 Reg M-A\n|rated|\n|rule|Species Clause: Limit one of each Pok\u00e9mon\n|rule|Item Clause: Limit 1 of each item\n|clearpoke\n|poke|p1|Charizard, L50, M|\n|poke|p1|Garchomp, L50, M|\n|poke|p1|Incineroar, L50, M|\n|poke|p1|Venusaur, L50, M|\n|poke|p1|Kingambit, L50, M|\n|poke|p1|Kommo-o, L50, M|\n|poke|p2|Aggron, L50, M|\n|poke|p2|Farigiraf, L50, M|\n|poke|p2|Torkoal, L50, M|\n|poke|p2|Incineroar, L50, F|\n|poke|p2|Hatterene, L50, F|\n|poke|p2|Conkeldurr, L50, M|\n|teampreview|4\n|\n|t:|1776006695\n|teamsize|p1|4\n|teamsize|p2|4\n|start\n|switch|p1a: Incineroar|Incineroar, L50, M, shiny|100/100\n|switch|p1b: Charizard|Charizard, L50, M, shiny|100/100\n|switch|p2a: Touuyan|Incineroar, L50, F, shiny|100/100\n|switch|p2b: Lokyl|Farigiraf, L50, M, shiny|100/100\n|-ability|p1a: Incineroar|Intimidate|boost\n|-unboost|p2a: Touuyan|atk|1\n|-unboost|p2b: Lokyl|atk|1\n|-ability|p2a: Touuyan|Intimidate|boost\n|-unboost|p1a: Incineroar|atk|1\n|-unboost|p1b: Charizard|atk|1\n|turn|1\n|inactive|Battle timer is ON: inactive players will automatically lose when time's up. (requested by Nueel)\n|\n|t:|1776006722\n|detailschange|p1b: Charizard|Charizard-Mega-Y, L50, M, shiny\n|-mega|p1b: Charizard|Charizard|Charizardite Y\n|-weather|SunnyDay|[from] ability: Drought|[of] p1b: Charizard\n|move|p2a: Touuyan|Fake Out|p1b: Charizard\n|-damage|p1b: Charizard|88/100\n|cant|p1b: Charizard|flinch\n|move|p1a: Incineroar|Darkest Lariat|p2b: Lokyl\n|-supereffective|p2b: Lokyl|1\n|-damage|p2b: Lokyl|55/100\n|move|p2b: Lokyl|Trick Room|p2b: Lokyl\n|-fieldstart|move: Trick Room|[of] p2b: Lokyl\n|\n|-weather|SunnyDay|[upkeep]\n|-heal|p2b: Lokyl|61/100|[from] item: Leftovers\n|upkeep\n|turn|2\n|inactive|Nueel has 30 seconds left.\n|\n|t:|1776006748\n|move|p2a: Touuyan|Parting Shot|p1b: Charizard\n|-unboost|p1b: Charizard|atk|1\n|-unboost|p1b: Charizard|spa|1\n|\n|t:|1776006760\n|switch|p2a: Gotetsu|Aggron, L50, M, shiny|100/100|[from] Parting Shot\n|move|p2b: Lokyl|Hyper Voice|p1b: Charizard|[spread] p1a,p1b\n|-damage|p1a: Incineroar|77/100\n|-damage|p1b: Charizard|60/100\n|move|p1a: Incineroar|Parting Shot|p2a: Gotetsu\n|-unboost|p2a: Gotetsu|atk|1\n|-unboost|p2a: Gotetsu|spa|1\n|\n|t:|1776006777\n|switch|p1a: Garchomp|Garchomp, L50, M, shiny|100/100|[from] Parting Shot\n|move|p1b: Charizard|Heat Wave|p2a: Gotetsu|[spread] p2a,p2b\n|-damage|p2a: Gotetsu|33/100\n|-damage|p2b: Lokyl|25/100\n|-status|p2b: Lokyl|brn\n|\n|-weather|SunnyDay|[upkeep]\n|-heal|p2b: Lokyl|31/100 brn|[from] item: Leftovers\n|-damage|p2b: Lokyl|25/100 brn|[from] brn\n|upkeep\n|turn|3\n|inactive|PAUKUNO has 30 seconds left.\n|inactive|PAUKUNO has 20 seconds left.\n|\n|t:|1776006817\n|detailschange|p2a: Gotetsu|Aggron-Mega, L50, M, shiny\n|-mega|p2a: Gotetsu|Aggron|Aggronite\n|move|p1b: Charizard|Protect|p1b: Charizard\n|-singleturn|p1b: Charizard|Protect\n|move|p2a: Gotetsu|Ice Punch|p1a: Garchomp\n|-supereffective|p1a: Garchomp|2\n|-damage|p1a: Garchomp|18/100\n|-damage|p2a: Gotetsu|20/100|[from] ability: Rough Skin|[of] p1a: Garchomp\n|move|p2b: Lokyl|Hyper Voice|p1a: Garchomp|[spread] p1a\n|-activate|p1b: Charizard|move: Protect\n|-damage|p1a: Garchomp|0 fnt\n|faint|p1a: Garchomp\n|\n|-weather|SunnyDay|[upkeep]\n|-heal|p2b: Lokyl|31/100 brn|[from] item: Leftovers\n|-damage|p2b: Lokyl|25/100 brn|[from] brn\n|upkeep\n|\n|t:|1776006834\n|switch|p1a: Incineroar|Incineroar, L50, M, shiny|77/100\n|-ability|p1a: Incineroar|Intimidate|boost\n|-unboost|p2a: Gotetsu|atk|1\n|-unboost|p2b: Lokyl|atk|1\n|turn|4\n|\n|t:|1776006847\n|move|p1a: Incineroar|Fake Out||[still]\n|cant|p2b: Lokyl|ability: Armor Tail|Fake Out|[of] p1a: Incineroar\n|move|p2a: Gotetsu|Rock Slide|p1b: Charizard|[spread] p1a,p1b\n|-supereffective|p1a: Incineroar|1\n|-crit|p1a: Incineroar\n|-supereffective|p1b: Charizard|2\n|-damage|p1a: Incineroar|21/100\n|-damage|p1b: Charizard|0 fnt\n|-enditem|p1a: Incineroar|Sitrus Berry|[eat]\n|-heal|p1a: Incineroar|46/100|[from] item: Sitrus Berry\n|faint|p1b: Charizard\n|move|p2b: Lokyl|Hyper Voice|p1a: Incineroar\n|-damage|p1a: Incineroar|13/100\n|\n|-weather|SunnyDay|[upkeep]\n|-heal|p2b: Lokyl|31/100 brn|[from] item: Leftovers\n|-damage|p2b: Lokyl|25/100 brn|[from] brn\n|upkeep\n|\n|t:|1776006854\n|switch|p1b: Venusaur|Venusaur, L50, M|100/100\n|turn|5\n|inactive|PAUKUNO has 30 seconds left.\n|\n|t:|1776006882\n|move|p2b: Lokyl|Protect|p2b: Lokyl\n|-singleturn|p2b: Lokyl|Protect\n|move|p2a: Gotetsu|Earthquake|p1b: Venusaur|[spread] p1a,p1b\n|-activate|p2b: Lokyl|move: Protect\n|-supereffective|p1a: Incineroar|1\n|-damage|p1a: Incineroar|0 fnt\n|-damage|p1b: Venusaur|81/100\n|faint|p1a: Incineroar\n|move|p1b: Venusaur|Solar Beam||[still]\n|-prepare|p1b: Venusaur|Solar Beam\n|-anim|p1b: Venusaur|Solar Beam|p2b: Lokyl\n|-activate|p2b: Lokyl|move: Protect\n|\n|-weather|none\n|-heal|p2b: Lokyl|31/100 brn|[from] item: Leftovers\n|-damage|p2b: Lokyl|25/100 brn|[from] brn\n|-fieldend|move: Trick Room\n|upkeep\n|turn|6\n|\n|t:|1776006903\n|move|p1b: Venusaur|Sleep Powder||[still]\n|-fail|p1b: Venusaur\n|move|p2a: Gotetsu|Heavy Slam|p1b: Venusaur\n|-damage|p1b: Venusaur|48/100\n|move|p2b: Lokyl|Trick Room|p2b: Lokyl\n|-fieldstart|move: Trick Room|[of] p2b: Lokyl\n|\n|-heal|p2b: Lokyl|31/100 brn|[from] item: Leftovers\n|-damage|p2b: Lokyl|25/100 brn|[from] brn\n|upkeep\n|turn|7\n|-message|Nueel forfeited.\n|\n|win|PAUKUNO\n|raw|Nueel's rating: 1000 &rarr; <strong>1000</strong><br />(+0 for losing)\n|raw|PAUKUNO's rating: 1000 &rarr; <strong>1040</strong><br />(+40 for winning)\n|l|\u2606Nueel\n|player|p1|\n",
  "uploadtime": 1776006931,
  "views": 37,
  "formatid": "gen9championsvgc2026regma",
  "rating": 1000,
  "private": 0,
  "password": null
}