{
  "id": "gen9championsvgc2026regma-2581913570",
  "format": "[Gen 9 Champions] VGC 2026 Reg M-A",
  "players": [
    "johnkharkiv",
    "ryne0"
  ],
  "log": "|j|\u2606johnkharkiv\n|j|\u2606ryne0\n|t:|1776039225\n|gametype|doubles\n|player|p1|johnkharkiv|swimmerf-gen4dp|1041\n|player|p2|ryne0|265|1046\n|gen|9\n|tier|[Gen 9 Champions] VGC 2026 Reg M-A\n|rated|\n|rule|Species Clause: Limit one of each Pok\u00e9mon\n|rule|Item Clause: Limit 1 of each item\n|clearpoke\n|poke|p1|Politoed, L50, M|\n|poke|p1|Chesnaught, L50, M|\n|poke|p1|Sinistcha-Masterpiece, L50|\n|poke|p1|Slowbro, L50, F|\n|poke|p1|Incineroar, L50, M|\n|poke|p1|Aromatisse, L50, F|\n|poke|p2|Meowscarada, L50, F|\n|poke|p2|Froslass, L50, F|\n|poke|p2|Chandelure, L50, F|\n|poke|p2|Aegislash, L50, F|\n|poke|p2|Whimsicott, L50, F|\n|poke|p2|Drampa, L50, F|\n|teampreview|4\n|\n|t:|1776039252\n|teamsize|p1|4\n|teamsize|p2|4\n|start\n|switch|p1a: Chesnutty|Chesnaught, L50, M|100/100\n|switch|p1b: Tea Girl|Sinistcha-Masterpiece, L50|100/100\n|switch|p2a: Whimsicott|Whimsicott, L50, F|100/100\n|switch|p2b: Meowscarada|Meowscarada, L50, F|100/100\n|turn|1\n|\n|t:|1776039277\n|move|p2a: Whimsicott|Tailwind|p2a: Whimsicott\n|-sidestart|p2: ryne0|move: Tailwind\n|move|p2b: Meowscarada|U-turn|p1b: Tea Girl\n|-start|p2b: Meowscarada|typechange|Bug|[from] ability: Protean\n|-damage|p1b: Tea Girl|68/100\n|\n|t:|1776039284\n|switch|p2b: Chandelure|Chandelure, L50, F|100/100|[from] U-turn\n|move|p1b: Tea Girl|Grassy Terrain|p1b: Tea Girl\n|-fieldstart|move: Grassy Terrain\n|move|p1a: Chesnutty|Belly Drum|p1a: Chesnutty\n|-damage|p1a: Chesnutty|51/100\n|-setboost|p1a: Chesnutty|atk|6|[from] move: Belly Drum\n|\n|-heal|p1b: Tea Girl|74/100|[from] Grassy Terrain\n|-heal|p1a: Chesnutty|57/100|[from] Grassy Terrain\n|upkeep\n|turn|2\n|\n|t:|1776039315\n|switch|p1b: The OG Pelipper|Politoed, L50, M, shiny|100/100\n|-weather|RainDance|[from] ability: Drizzle|[of] p1b: The OG Pelipper\n|detailschange|p1a: Chesnutty|Chesnaught-Mega, L50, M\n|-mega|p1a: Chesnutty|Chesnaught|Chesnaughtite\n|move|p2a: Whimsicott|Encore||[still]\n|-fail|p2a: Whimsicott\n|move|p2b: Chandelure|Heat Wave|p1a: Chesnutty|[spread] p1a,p1b\n|-supereffective|p1a: Chesnutty|1\n|-resisted|p1b: The OG Pelipper|1\n|-damage|p1a: Chesnutty|19/100\n|-damage|p1b: The OG Pelipper|86/100\n|move|p1a: Chesnutty|Drain Punch|p2a: Whimsicott\n|-resisted|p2a: Whimsicott|1\n|-enditem|p2a: Whimsicott|Focus Sash\n|-damage|p2a: Whimsicott|1/100\n|-heal|p1a: Chesnutty|60/100|[from] drain|[of] p2a: Whimsicott\n|\n|-weather|RainDance|[upkeep]\n|-heal|p2a: Whimsicott|7/100|[from] Grassy Terrain\n|-heal|p1b: The OG Pelipper|92/100|[from] Grassy Terrain\n|-heal|p1a: Chesnutty|67/100|[from] Grassy Terrain\n|upkeep\n|turn|3\n|\n|t:|1776039357\n|switch|p2b: Meowscarada|Meowscarada, L50, F|100/100\n|move|p1a: Chesnutty|Grassy Glide|p2b: Meowscarada\n|-resisted|p2b: Meowscarada|1\n|-damage|p2b: Meowscarada|0 fnt\n|faint|p2b: Meowscarada\n|move|p2a: Whimsicott|Moonblast|p1a: Chesnutty\n|-supereffective|p1a: Chesnutty|1\n|-damage|p1a: Chesnutty|7/100\n|-unboost|p1a: Chesnutty|spa|1\n|move|p1b: The OG Pelipper|Muddy Water|p2a: Whimsicott|[miss]\n|-miss|p1b: The OG Pelipper|p2a: Whimsicott\n|\n|-weather|RainDance|[upkeep]\n|-heal|p2a: Whimsicott|13/100|[from] Grassy Terrain\n|-heal|p1b: The OG Pelipper|98/100|[from] Grassy Terrain\n|-heal|p1a: Chesnutty|13/100|[from] Grassy Terrain\n|upkeep\n|\n|t:|1776039379\n|switch|p2b: Froslass|Froslass, L50, F|100/100\n|turn|4\n|\n|t:|1776039402\n|switch|p1b: NPC Mon|Incineroar, L50, M|100/100\n|-ability|p1b: NPC Mon|Intimidate|boost\n|-unboost|p2a: Whimsicott|atk|1\n|-unboost|p2b: Froslass|atk|1\n|detailschange|p2b: Froslass|Froslass-Mega, L50, F\n|-mega|p2b: Froslass|Froslass|Froslassite\n|-weather|Snowscape|[from] ability: Snow Warning|[of] p2b: Froslass\n|move|p2a: Whimsicott|Encore|p1b: NPC Mon\n|-hint|Since gen 7, Dark is immune to Prankster moves.\n|-immune|p1b: NPC Mon\n|move|p1a: Chesnutty|Grassy Glide|p2b: Froslass\n|-damage|p2b: Froslass|0 fnt\n|faint|p2b: Froslass\n|\n|-weather|Snowscape|[upkeep]\n|-heal|p2a: Whimsicott|19/100|[from] Grassy Terrain\n|-heal|p1a: Chesnutty|19/100|[from] Grassy Terrain\n|-sideend|p2: ryne0|move: Tailwind\n|upkeep\n|\n|t:|1776039420\n|switch|p2b: Chandelure|Chandelure, L50, F|100/100\n|turn|5\n|\n|t:|1776039455\n|move|p1b: NPC Mon|Fake Out|p2a: Whimsicott\n|-damage|p2a: Whimsicott|2/100\n|move|p1a: Chesnutty|Grassy Glide|p2b: Chandelure\n|-resisted|p2b: Chandelure|1\n|-damage|p2b: Chandelure|17/100\n|cant|p2a: Whimsicott|flinch\n|move|p2b: Chandelure|Shadow Ball|p1b: NPC Mon\n|-resisted|p1b: NPC Mon|1\n|-damage|p1b: NPC Mon|75/100\n|-unboost|p1b: NPC Mon|spd|1\n|\n|-weather|Snowscape|[upkeep]\n|-heal|p2a: Whimsicott|8/100|[from] Grassy Terrain\n|-heal|p2b: Chandelure|23/100|[from] Grassy Terrain\n|-heal|p1b: NPC Mon|81/100|[from] Grassy Terrain\n|-heal|p1a: Chesnutty|25/100|[from] Grassy Terrain\n|-fieldend|move: Grassy Terrain\n|upkeep\n|turn|6\n|\n|t:|1776039486\n|move|p1a: Chesnutty|Spiky Shield|p1a: Chesnutty\n|-singleturn|p1a: Chesnutty|move: Protect\n|move|p2a: Whimsicott|Moonblast|p1b: NPC Mon\n|-damage|p1b: NPC Mon|21/100\n|move|p2b: Chandelure|Heat Wave|p1b: NPC Mon|[spread] p1b\n|-activate|p1a: Chesnutty|move: Protect\n|-resisted|p1b: NPC Mon|1\n|-damage|p1b: NPC Mon|0 fnt\n|faint|p1b: NPC Mon\n|\n|-weather|Snowscape|[upkeep]\n|upkeep\n|\n|t:|1776039498\n|switch|p1b: The OG Pelipper|Politoed, L50, M, shiny|98/100\n|-weather|RainDance|[from] ability: Drizzle|[of] p1b: The OG Pelipper\n|turn|7\n|\n|t:|1776039511\n|move|p1a: Chesnutty|Spiky Shield||[still]\n|-fail|p1a: Chesnutty\n|move|p2a: Whimsicott|Moonblast|p1b: The OG Pelipper\n|-damage|p1b: The OG Pelipper|60/100\n|move|p2b: Chandelure|Heat Wave|p1b: The OG Pelipper|[spread] p1b\n|-miss|p2b: Chandelure|p1a: Chesnutty\n|-resisted|p1b: The OG Pelipper|1\n|-damage|p1b: The OG Pelipper|46/100\n|move|p1b: The OG Pelipper|Muddy Water|p2a: Whimsicott|[spread] p2a,p2b\n|-resisted|p2a: Whimsicott|1\n|-supereffective|p2b: Chandelure|1\n|-damage|p2a: Whimsicott|0 fnt\n|-damage|p2b: Chandelure|0 fnt\n|faint|p2a: Whimsicott\n|faint|p2b: Chandelure\n|\n|win|johnkharkiv\n|raw|johnkharkiv's rating: 1024 &rarr; <strong>1063</strong><br />(+39 for winning)\n|raw|ryne0's rating: 1046 &rarr; <strong>1028</strong><br />(-18 for losing)\n|l|\u2606ryne0\n|player|p2|\n",
  "uploadtime": 1776039528,
  "views": 12,
  "formatid": "gen9championsvgc2026regma",
  "rating": 1028,
  "private": 0,
  "password": null
}