{
  "id": "gen9championsvgc2026regma-2585622201",
  "format": "[Gen 9 Champions] VGC 2026 Reg M-A",
  "players": [
    "Evielite",
    "Thoron Engineer"
  ],
  "log": "|j|\u2606Evielite\n|j|\u2606Thoron Engineer\n|t:|1776359481\n|gametype|doubles\n|player|p1|Evielite|caitlin|1080\n|player|p2|Thoron Engineer|170|1103\n|gen|9\n|tier|[Gen 9 Champions] VGC 2026 Reg M-A\n|rated|\n|rule|Species Clause: Limit one of each Pok\u00e9mon\n|rule|Item Clause: Limit 1 of each item\n|clearpoke\n|poke|p1|Dragonite, L50, F|\n|poke|p1|Pelipper, L50, F|\n|poke|p1|Basculegion, L50, M|\n|poke|p1|Sneasler, L50, F|\n|poke|p1|Archaludon, L50, M|\n|poke|p1|Gengar, L50, M|\n|poke|p2|Hydreigon, L50, M|\n|poke|p2|Sneasler, L50, M|\n|poke|p2|Clefable, L50, M|\n|poke|p2|Talonflame, L50, F|\n|poke|p2|Skarmory, L50, M|\n|poke|p2|Tyranitar, L50, F|\n|teampreview|4\n|inactive|Battle timer is ON: inactive players will automatically lose when time's up. (requested by Thoron Engineer)\n|\n|t:|1776359509\n|teamsize|p1|4\n|teamsize|p2|4\n|start\n|switch|p1a: Gengar|Gengar, L50, M|100/100\n|switch|p1b: Sneasler|Sneasler, L50, F|100/100\n|switch|p2a: Tyranitar|Tyranitar, L50, F|100/100\n|switch|p2b: Sneasler|Sneasler, L50, M|100/100\n|-weather|Sandstorm|[from] ability: Sand Stream|[of] p2a: Tyranitar\n|turn|1\n|inactive|Evielite has 30 seconds left.\n|inactive|Evielite has 20 seconds left.\n|\n|t:|1776359547\n|move|p1b: Sneasler|Protect|p1b: Sneasler\n|-singleturn|p1b: Sneasler|Protect\n|move|p1a: Gengar|Protect|p1a: Gengar\n|-singleturn|p1a: Gengar|Protect\n|move|p2b: Sneasler|Fake Out|p1b: Sneasler\n|-activate|p1b: Sneasler|move: Protect\n|move|p2a: Tyranitar|Rock Slide|p1b: Sneasler|[spread] \n|-activate|p1a: Gengar|move: Protect\n|-activate|p1b: Sneasler|move: Protect\n|\n|-weather|Sandstorm|[upkeep]\n|-damage|p1b: Sneasler|95/100|[from] Sandstorm\n|-damage|p2b: Sneasler|95/100|[from] Sandstorm\n|-damage|p1a: Gengar|94/100|[from] Sandstorm\n|upkeep\n|turn|2\n|inactive|Evielite has 30 seconds left.\n|inactive|Thoron Engineer has 30 seconds left.\n|inactive|Evielite has 20 seconds left.\n|inactive|Thoron Engineer has 20 seconds left.\n|inactive|Thoron Engineer has 15 seconds left.\n|inactive|Thoron Engineer has 10 seconds left.\n|\n|t:|1776359596\n|detailschange|p1a: Gengar|Gengar-Mega, L50, M\n|-mega|p1a: Gengar|Gengar|Gengarite\n|move|p2a: Tyranitar|Protect|p2a: Tyranitar\n|-singleturn|p2a: Tyranitar|Protect\n|move|p1b: Sneasler|Close Combat|p2a: Tyranitar\n|-activate|p2a: Tyranitar|move: Protect\n|move|p1a: Gengar|Icy Wind|p2a: Tyranitar|[spread] p2b\n|-activate|p2a: Tyranitar|move: Protect\n|-damage|p2b: Sneasler|72/100\n|-unboost|p2b: Sneasler|spe|1\n|-enditem|p2b: Sneasler|White Herb\n|-clearnegativeboost|p2b: Sneasler|[silent]\n|move|p2b: Sneasler|Close Combat|p1b: Sneasler\n|-resisted|p1b: Sneasler|1\n|-damage|p1b: Sneasler|40/100\n|-unboost|p2b: Sneasler|def|1\n|-unboost|p2b: Sneasler|spd|1\n|\n|-weather|Sandstorm|[upkeep]\n|-damage|p2b: Sneasler|66/100|[from] Sandstorm\n|-damage|p1b: Sneasler|34/100|[from] Sandstorm\n|-damage|p1a: Gengar|88/100|[from] Sandstorm\n|upkeep\n|turn|3\n|inactive|Evielite has 30 seconds left.\n|\n|t:|1776359630\n|switch|p1a: Pelipper|Pelipper, L50, F|100/100\n|-weather|RainDance|[from] ability: Drizzle|[of] p1a: Pelipper\n|move|p2b: Sneasler|Dire Claw|p1a: Pelipper\n|-damage|p1a: Pelipper|40/100\n|move|p1b: Sneasler|Close Combat|p2a: Tyranitar\n|-supereffective|p2a: Tyranitar|2\n|-crit|p2a: Tyranitar\n|-damage|p2a: Tyranitar|0 fnt\n|-unboost|p1b: Sneasler|def|1\n|-unboost|p1b: Sneasler|spd|1\n|faint|p2a: Tyranitar\n|-enditem|p1b: Sneasler|White Herb\n|-clearnegativeboost|p1b: Sneasler|[silent]\n|\n|-weather|RainDance|[upkeep]\n|upkeep\n|\n|t:|1776359642\n|switch|p2a: Skarmory|Skarmory, L50, M|100/100\n|turn|4\n|\n|t:|1776359665\n|switch|p1a: Gengar|Gengar-Mega, L50, M|88/100\n|move|p1b: Sneasler|Close Combat|p2b: Sneasler\n|-resisted|p2b: Sneasler|1\n|-damage|p2b: Sneasler|0 fnt\n|-unboost|p1b: Sneasler|def|1\n|-unboost|p1b: Sneasler|spd|1\n|faint|p2b: Sneasler\n|move|p2a: Skarmory|Substitute|p2a: Skarmory\n|-start|p2a: Skarmory|Substitute\n|-damage|p2a: Skarmory|75/100\n|\n|-weather|RainDance|[upkeep]\n|upkeep\n|\n|t:|1776359674\n|switch|p2b: Hydreigon|Hydreigon, L50, M|100/100\n|turn|5\n|\n|t:|1776359697\n|switch|p1b: Archaludon|Archaludon, L50, M|100/100\n|detailschange|p2a: Skarmory|Skarmory-Mega, L50, M\n|-mega|p2a: Skarmory|Skarmory|Skarmorite\n|move|p2b: Hydreigon|Dark Pulse|p1a: Gengar\n|-supereffective|p1a: Gengar|1\n|-damage|p1a: Gengar|2/100\n|move|p1a: Gengar|Icy Wind|p2b: Hydreigon|[spread] p2a,p2b\n|-activate|p2a: Skarmory|move: Substitute|[damage]\n|-supereffective|p2b: Hydreigon|1\n|-damage|p2b: Hydreigon|61/100\n|-unboost|p2b: Hydreigon|spe|1\n|move|p2a: Skarmory|Brave Bird|p1b: Archaludon\n|-resisted|p1b: Archaludon|1\n|-damage|p1b: Archaludon|72/100\n|-ability|p1b: Archaludon|Stamina|boost\n|-boost|p1b: Archaludon|def|1\n|-damage|p2a: Skarmory|66/100|[from] Recoil\n|\n|-weather|RainDance|[upkeep]\n|-heal|p1b: Archaludon|78/100|[from] item: Leftovers\n|upkeep\n|turn|6\n|\n|t:|1776359721\n|move|p1a: Gengar|Icy Wind|p2a: Skarmory|[spread] p2a,p2b\n|-end|p2a: Skarmory|Substitute\n|-supereffective|p2b: Hydreigon|1\n|-damage|p2b: Hydreigon|21/100\n|-unboost|p2b: Hydreigon|spe|1\n|move|p2a: Skarmory|Brave Bird|p1a: Gengar\n|-damage|p1a: Gengar|0 fnt\n|faint|p1a: Gengar\n|-damage|p2a: Skarmory|66/100|[from] Recoil\n|move|p2b: Hydreigon|Dark Pulse|p1b: Archaludon\n|-damage|p1b: Archaludon|27/100\n|-ability|p1b: Archaludon|Stamina|boost\n|-boost|p1b: Archaludon|def|1\n|move|p1b: Archaludon|Electro Shot||[still]\n|-prepare|p1b: Archaludon|Electro Shot\n|-boost|p1b: Archaludon|spa|1\n|-anim|p1b: Archaludon|Electro Shot|p2a: Skarmory\n|-supereffective|p2a: Skarmory|1\n|-damage|p2a: Skarmory|0 fnt\n|faint|p2a: Skarmory\n|\n|-weather|RainDance|[upkeep]\n|-heal|p1b: Archaludon|32/100|[from] item: Leftovers\n|upkeep\n|-message|Thoron Engineer forfeited.\n|l|\u2606Thoron Engineer\n|inactive|Thoron Engineer disconnected and has a minute to reconnect!\n|player|p2|\n|\n|win|Evielite\n|raw|Evielite's rating: 1080 &rarr; <strong>1110</strong><br />(+30 for winning)\n|raw|Thoron Engineer's rating: 1103 &rarr; <strong>1076</strong><br />(-27 for losing)\n|c|\u2606Evielite|gg\n",
  "uploadtime": 1776359782,
  "views": 41,
  "formatid": "gen9championsvgc2026regma",
  "rating": 1076,
  "private": 0,
  "password": null
}