{
  "id": "gen9championsvgc2026regma-2587559339",
  "format": "[Gen 9 Champions] VGC 2026 Reg M-A",
  "players": [
    "AiMeat",
    "shucklestrats"
  ],
  "log": "|j|\u2606AiMeat\n|j|\u2606shucklestrats\n|t:|1776542243\n|gametype|doubles\n|player|p1|AiMeat|170|1059\n|player|p2|shucklestrats|artist-gen8|1096\n|gen|9\n|tier|[Gen 9 Champions] VGC 2026 Reg M-A\n|rated|\n|rule|Species Clause: Limit one of each Pok\u00e9mon\n|rule|Item Clause: Limit 1 of each item\n|clearpoke\n|poke|p1|Incineroar, L50, M|\n|poke|p1|Hatterene, L50, F, shiny|\n|poke|p1|Farigiraf, L50, F|\n|poke|p1|Torkoal, L50, F, shiny|\n|poke|p1|Kingambit, L50, M|\n|poke|p1|Charizard, L50, M|\n|poke|p2|Slowbro, L50, F|\n|poke|p2|Incineroar, L50, M|\n|poke|p2|Sinistcha, L50|\n|poke|p2|Sneasler, L50, M|\n|poke|p2|Scizor, L50, M|\n|poke|p2|Farigiraf, L50, F|\n|teampreview|4\n|inactive|Battle timer is ON: inactive players will automatically lose when time's up. (requested by shucklestrats)\nshucklestrats rejected open team sheets.\n|\n|t:|1776542265\n|teamsize|p1|4\n|teamsize|p2|4\n|start\n|switch|p1a: Farigiraf|Farigiraf, L50, F|100/100\n|switch|p1b: Charizard|Charizard, L50, M|100/100\n|switch|p2a: Sneasler|Sneasler, L50, M|100/100\n|switch|p2b: Scizor|Scizor, L50, M|100/100\n|turn|1\n|inactive|AiMeat has 30 seconds left.\n|\n|t:|1776542293\n|switch|p2b: Incineroar|Incineroar, L50, M|100/100\n|-ability|p2b: Incineroar|Intimidate|boost\n|-unboost|p1a: Farigiraf|atk|1\n|-unboost|p1b: Charizard|atk|1\n|detailschange|p1b: Charizard|Charizard-Mega-Y, L50, M\n|-mega|p1b: Charizard|Charizard|Charizardite Y\n|-weather|SunnyDay|[from] ability: Drought|[of] p1b: Charizard\n|move|p1a: Farigiraf|Protect|p1a: Farigiraf\n|-singleturn|p1a: Farigiraf|Protect\n|move|p2a: Sneasler|Close Combat|p1a: Farigiraf\n|-activate|p1a: Farigiraf|move: Protect\n|move|p1b: Charizard|Heat Wave|p2b: Incineroar|[spread] p2a,p2b\n|-resisted|p2b: Incineroar|1\n|-damage|p2a: Sneasler|29/100\n|-damage|p2b: Incineroar|76/100\n|\n|-weather|SunnyDay|[upkeep]\n|upkeep\n|turn|2\n|inactive|AiMeat has 30 seconds left.\n|inactive|AiMeat has 20 seconds left.\n|inactive|AiMeat has 15 seconds left.\n|\n|t:|1776542334\n|move|p2b: Incineroar|Helping Hand|p2a: Sneasler\n|-singleturn|p2a: Sneasler|Helping Hand|[of] p2b: Incineroar\n|move|p2a: Sneasler|Gunk Shot|p1b: Charizard\n|-damage|p1b: Charizard|0 fnt\n|faint|p1b: Charizard\n|move|p1a: Farigiraf|Trick Room|p1a: Farigiraf\n|-fieldstart|move: Trick Room|[of] p1a: Farigiraf\n|\n|-weather|SunnyDay|[upkeep]\n|upkeep\n|\n|t:|1776542347\n|switch|p1b: Hatterene|Hatterene, L50, F, shiny|100/100\n|turn|3\n|\n|t:|1776542357\n|move|p1b: Hatterene|Dazzling Gleam|p2b: Incineroar|[spread] p2a,p2b\n|-damage|p2a: Sneasler|0 fnt\n|-damage|p2b: Incineroar|33/100\n|-enditem|p2b: Incineroar|Sitrus Berry|[eat]\n|-heal|p2b: Incineroar|58/100|[from] item: Sitrus Berry\n|faint|p2a: Sneasler\n|move|p2b: Incineroar|Flare Blitz|p1b: Hatterene\n|-damage|p1b: Hatterene|0 fnt\n|faint|p1b: Hatterene\n|-damage|p2b: Incineroar|32/100|[from] Recoil\n|move|p1a: Farigiraf|Hyper Voice|p2b: Incineroar\n|-damage|p2b: Incineroar|0 fnt\n|faint|p2b: Incineroar\n|\n|-weather|SunnyDay|[upkeep]\n|upkeep\n|\n|t:|1776542371\n|switch|p1b: Kingambit|Kingambit, L50, M|100/100\n|switch|p2b: Farigiraf|Farigiraf, L50, F|100/100\n|switch|p2a: Scizor|Scizor, L50, M|100/100\n|turn|4\n|\n|t:|1776542391\n|detailschange|p2a: Scizor|Scizor-Mega, L50, M\n|-mega|p2a: Scizor|Scizor|Scizorite\n|move|p2b: Farigiraf|Helping Hand|p2a: Scizor\n|-singleturn|p2a: Scizor|Helping Hand|[of] p2b: Farigiraf\n|move|p1b: Kingambit|Swords Dance|p1b: Kingambit\n|-boost|p1b: Kingambit|atk|2\n|move|p1a: Farigiraf|Imprison|p1a: Farigiraf\n|-start|p1a: Farigiraf|move: Imprison\n|move|p2a: Scizor|Bug Bite|p1b: Kingambit\n|-damage|p1b: Kingambit|38/100\n|\n|-weather|SunnyDay|[upkeep]\n|upkeep\n|turn|5\n|\n|t:|1776542415\n|move|p2b: Farigiraf|Ally Switch|p2b: Farigiraf\n|swap|p2b: Farigiraf|0|[from] move: Ally Switch\n|move|p1b: Kingambit|Kowtow Cleave|p2a: Farigiraf\n|-supereffective|p2a: Farigiraf|1\n|-damage|p2a: Farigiraf|0 fnt\n|faint|p2a: Farigiraf\n|move|p1a: Farigiraf|Hyper Voice|p2b: Scizor\n|-resisted|p2b: Scizor|1\n|-damage|p2b: Scizor|80/100\n|move|p2b: Scizor|Bug Bite|p1b: Kingambit\n|-damage|p1b: Kingambit|0 fnt\n|faint|p1b: Kingambit\n|\n|-weather|none\n|upkeep\n|turn|6\n|c|\u2606shucklestrats|gg\n|\n|t:|1776542431\n|move|p1a: Farigiraf|Hyper Voice|p2b: Scizor\n|-resisted|p2b: Scizor|1\n|-damage|p2b: Scizor|60/100\n|move|p2b: Scizor|Bug Bite|p1a: Farigiraf\n|-supereffective|p1a: Farigiraf|1\n|-damage|p1a: Farigiraf|0 fnt\n|-enditem|p1a: Farigiraf|Sitrus Berry|[from] stealeat|[move] Bug Bite|[of] p2b: Scizor\n|-heal|p2b: Scizor|85/100|[from] item: Sitrus Berry\n|faint|p1a: Farigiraf\n|\n|win|shucklestrats\n|raw|AiMeat's rating: 1059 &rarr; <strong>1042</strong><br />(-17 for losing)\n|raw|shucklestrats's rating: 1096 &rarr; <strong>1119</strong><br />(+23 for winning)\n|l|\u2606shucklestrats\n|player|p2|\n",
  "uploadtime": 1776544839,
  "views": 16,
  "formatid": "gen9championsvgc2026regma",
  "rating": 1042,
  "private": 0,
  "password": null
}