{
  "id": "gen9championsvgc2026regma-2585757430",
  "format": "[Gen 9 Champions] VGC 2026 Reg M-A",
  "players": [
    "EspurrTheChosenOne",
    "eldiablotyCham"
  ],
  "log": "|j|\u2606EspurrTheChosenOne\n|j|\u2606eldiablotyCham\n|t:|1776368499\n|gametype|doubles\n|player|p1|EspurrTheChosenOne|giovanni|1114\n|player|p2|eldiablotyCham|170|1042\n|gen|9\n|tier|[Gen 9 Champions] VGC 2026 Reg M-A\n|rated|\n|rule|Species Clause: Limit one of each Pok\u00e9mon\n|rule|Item Clause: Limit 1 of each item\n|clearpoke\n|poke|p1|Floette-Eternal, L50, F|\n|poke|p1|Garchomp, L50, F|\n|poke|p1|Sneasler, L50, F|\n|poke|p1|Incineroar, L50, M|\n|poke|p1|Maushold, L50|\n|poke|p1|Aerodactyl, L50, F|\n|poke|p2|Aerodactyl, L50, M|\n|poke|p2|Tyranitar, L50, F|\n|poke|p2|Aegislash, L50, M|\n|poke|p2|Garchomp, L50, M|\n|poke|p2|Rotom-Wash, L50|\n|poke|p2|Sneasler, L50, F|\n|teampreview|4\nEspurrTheChosenOne rejected open team sheets.\n|inactive|Battle timer is ON: inactive players will automatically lose when time's up. (requested by EspurrTheChosenOne)\n|\n|t:|1776368597\n|teamsize|p1|4\n|teamsize|p2|4\n|start\n|switch|p1a: Deep South Cat|Incineroar, L50, M, shiny|100/100\n|switch|p1b: Sneasler|Sneasler, L50, F, shiny|100/100\n|switch|p2a: Rotom|Rotom-Wash, L50|100/100\n|switch|p2b: Aerodactyl|Aerodactyl, L50, M, shiny|100/100\n|-ability|p2b: Aerodactyl|Unnerve\n|-ability|p1a: Deep South Cat|Intimidate|boost\n|-unboost|p2a: Rotom|atk|1\n|-unboost|p2b: Aerodactyl|atk|1\n|turn|1\n|inactive|EspurrTheChosenOne has 30 seconds left.\n|inactive|EspurrTheChosenOne has 20 seconds left.\n|inactive|EspurrTheChosenOne has 15 seconds left.\n|\n|t:|1776368638\n|move|p2b: Aerodactyl|Protect|p2b: Aerodactyl\n|-singleturn|p2b: Aerodactyl|Protect\n|move|p1a: Deep South Cat|Fake Out|p2b: Aerodactyl\n|-activate|p2b: Aerodactyl|move: Protect\n|move|p2a: Rotom|Volt Switch|p1b: Sneasler\n|-damage|p1b: Sneasler|57/100\n|\n|t:|1776368648\n|switch|p2a: Garchomp|Garchomp, L50, M|100/100|[from] Volt Switch\n|move|p1b: Sneasler|Dire Claw|p2a: Garchomp\n|-resisted|p2a: Garchomp|1\n|-damage|p2a: Garchomp|79/100\n|-damage|p1b: Sneasler|44/100|[from] ability: Rough Skin|[of] p2a: Garchomp\n|\n|upkeep\n|turn|2\n|inactive|EspurrTheChosenOne has 30 seconds left.\n|inactive|EspurrTheChosenOne has 20 seconds left.\n|\n|t:|1776368687\n|move|p2b: Aerodactyl|Rock Slide|p1a: Deep South Cat|[spread] p1a,p1b\n|-supereffective|p1a: Deep South Cat|1\n|-resisted|p1b: Sneasler|1\n|-damage|p1a: Deep South Cat|73/100\n|-damage|p1b: Sneasler|31/100\n|cant|p1b: Sneasler|flinch\n|move|p2a: Garchomp|Earthquake|p1a: Deep South Cat|[spread] p1a,p1b\n|-immune|p2b: Aerodactyl\n|-supereffective|p1a: Deep South Cat|1\n|-supereffective|p1b: Sneasler|1\n|-damage|p1a: Deep South Cat|0 fnt\n|-damage|p1b: Sneasler|0 fnt\n|faint|p1a: Deep South Cat\n|faint|p1b: Sneasler\n|\n|upkeep\n|\n|t:|1776368699\n|switch|p1b: Garchomp|Garchomp, L50, F, shiny|100/100\n|switch|p1a: Flower Child|Floette-Eternal, L50, F, shiny|100/100\n|turn|3\n|inactive|EspurrTheChosenOne has 30 seconds left.\n|inactive|EspurrTheChosenOne has 20 seconds left.\n|\n|t:|1776368735\n|switch|p2a: Rotom|Rotom-Wash, L50|100/100\n|detailschange|p1a: Flower Child|Floette-Mega, L50, F, shiny\n|-mega|p1a: Flower Child|Floette|Floettite\n|-ability|p1a: Flower Child|Fairy Aura\n|move|p1b: Garchomp|Stomping Tantrum|p2a: Rotom\n|-immune|p2a: Rotom|[from] ability: Levitate\n|move|p2b: Aerodactyl|Tailwind|p2b: Aerodactyl\n|-sidestart|p2: eldiablotyCham|move: Tailwind\n|move|p1a: Flower Child|Dazzling Gleam|p2b: Aerodactyl|[spread] p2a,p2b\n|-damage|p2a: Rotom|42/100\n|-damage|p2b: Aerodactyl|27/100\n|\n|upkeep\n|turn|4\n|inactive|EspurrTheChosenOne has 30 seconds left.\n|inactive|eldiablotyCham has 30 seconds left.\n|inactive|EspurrTheChosenOne has 20 seconds left.\n|inactive|EspurrTheChosenOne has 15 seconds left.\n|\n|t:|1776368776\n|move|p2a: Rotom|Hydro Pump|p1b: Garchomp\n|-damage|p1b: Garchomp|42/100\n|move|p2b: Aerodactyl|Rock Slide|p1b: Garchomp|[spread] p1a,p1b\n|-resisted|p1b: Garchomp|1\n|-damage|p1a: Flower Child|77/100\n|-damage|p1b: Garchomp|34/100\n|move|p1b: Garchomp|Stomping Tantrum|p2b: Aerodactyl\n|-immune|p2b: Aerodactyl\n|move|p1a: Flower Child|Dazzling Gleam|p2a: Rotom|[spread] p2a,p2b\n|-damage|p2a: Rotom|0 fnt\n|-damage|p2b: Aerodactyl|0 fnt\n|faint|p2a: Rotom\n|faint|p2b: Aerodactyl\n|\n|upkeep\n|\n|t:|1776368793\n|switch|p2b: Sneasler|Sneasler, L50, F|100/100\n|switch|p2a: Garchomp|Garchomp, L50, M|79/100\n|turn|5\n|\n|t:|1776368816\n|move|p1a: Flower Child|Protect|p1a: Flower Child\n|-singleturn|p1a: Flower Child|Protect\n|move|p2b: Sneasler|Fake Out|p1a: Flower Child\n|-activate|p1a: Flower Child|move: Protect\n|move|p2a: Garchomp|Dragon Claw|p1b: Garchomp\n|-supereffective|p1b: Garchomp|1\n|-crit|p1b: Garchomp\n|-damage|p1b: Garchomp|0 fnt\n|-damage|p2a: Garchomp|67/100|[from] ability: Rough Skin|[of] p1b: Garchomp\n|faint|p1b: Garchomp\n|\n|upkeep\n|turn|6\n|\n|t:|1776368831\n|move|p2b: Sneasler|Dire Claw|p1a: Flower Child\n|-supereffective|p1a: Flower Child|1\n|-damage|p1a: Flower Child|0 fnt\n|faint|p1a: Flower Child\n|\n|win|eldiablotyCham\n|raw|EspurrTheChosenOne's rating: 1114 &rarr; <strong>1084</strong><br />(-30 for losing)\n|raw|eldiablotyCham's rating: 1042 &rarr; <strong>1083</strong><br />(+41 for winning)\n|l|\u2606EspurrTheChosenOne\n|player|p1|\n",
  "uploadtime": 1776368831,
  "views": 16,
  "formatid": "gen9championsvgc2026regma",
  "rating": 1083,
  "private": 0,
  "password": null
}