{
  "id": "gen9championsvgc2026regma-2587937467",
  "format": "[Gen 9 Champions] VGC 2026 Reg M-A",
  "players": [
    "SloaneRegard",
    "MightyTaggart"
  ],
  "log": "|j|\u2606SloaneRegard\n|j|\u2606MightyTaggart\n|t:|1776581699\n|gametype|doubles\n|player|p1|SloaneRegard|101|1390\n|player|p2|MightyTaggart|artist-gen4|1452\n|gen|9\n|tier|[Gen 9 Champions] VGC 2026 Reg M-A\n|rated|\n|rule|Species Clause: Limit one of each Pok\u00e9mon\n|rule|Item Clause: Limit 1 of each item\n|clearpoke\n|poke|p1|Drampa, L50, F|\n|poke|p1|Archaludon, L50, M|\n|poke|p1|Pelipper, L50, F|\n|poke|p1|Farigiraf, L50, M|\n|poke|p1|Sinistcha, L50|\n|poke|p1|Incineroar, L50, F|\n|poke|p2|Scovillain, L50, M|\n|poke|p2|Sneasler, L50, M|\n|poke|p2|Primarina, L50, F|\n|poke|p2|Sinistcha, L50|\n|poke|p2|Aerodactyl, L50, F|\n|poke|p2|Tyranitar, L50, M|\n|teampreview|4\n|\n|t:|1776581716\n|teamsize|p1|4\n|teamsize|p2|4\n|start\n|switch|p1a: Farigiraf|Farigiraf, L50, M|100/100\n|switch|p1b: Incineroar|Incineroar, L50, F|100/100\n|switch|p2a: Scovillain|Scovillain, L50, M|100/100\n|switch|p2b: Primarina|Primarina, L50, F|100/100\n|-ability|p1b: Incineroar|Intimidate|boost\n|-unboost|p2a: Scovillain|atk|1\n|-unboost|p2b: Primarina|atk|1\n|turn|1\n|inactive|Battle timer is ON: inactive players will automatically lose when time's up. (requested by MightyTaggart)\n|\n|t:|1776581753\n|move|p1b: Incineroar|Fake Out|p2b: Primarina\n|-damage|p2b: Primarina|85/100\n|cant|p2b: Primarina|flinch\n|move|p2a: Scovillain|Leech Seed|p1a: Farigiraf\n|-start|p1a: Farigiraf|move: Leech Seed\n|move|p1a: Farigiraf|Trick Room|p1a: Farigiraf\n|-fieldstart|move: Trick Room|[of] p1a: Farigiraf\n|\n|-heal|p2b: Primarina|91/100|[from] item: Leftovers\n|-damage|p1a: Farigiraf|88/100|[from] Leech Seed|[of] p2a: Scovillain\n|-ability|p2a: Scovillain|Moody|boost\n|-boost|p2a: Scovillain|spa|2\n|-unboost|p2a: Scovillain|spd|1\n|upkeep\n|turn|2\n|inactive|SloaneRegard has 30 seconds left.\n|\n|t:|1776581779\n|switch|p1a: Drampa|Drampa, L50, F|100/100\n|move|p1b: Incineroar|Parting Shot|p2b: Primarina\n|-unboost|p2b: Primarina|atk|1\n|-unboost|p2b: Primarina|spa|1\n|\n|t:|1776581785\n|switch|p1b: Farigiraf|Farigiraf, L50, M|88/100|[from] Parting Shot\n|move|p2a: Scovillain|Overheat|p1a: Drampa\n|-resisted|p1a: Drampa|1\n|-damage|p1a: Drampa|50/100\n|-unboost|p2a: Scovillain|spa|2\n|-ability|p1a: Drampa|Berserk|boost\n|-boost|p1a: Drampa|spa|1\n|move|p2b: Primarina|Calm Mind|p2b: Primarina\n|-boost|p2b: Primarina|spa|1\n|-boost|p2b: Primarina|spd|1\n|\n|-heal|p2b: Primarina|98/100|[from] item: Leftovers\n|-ability|p2a: Scovillain|Moody|boost\n|-boost|p2a: Scovillain|def|2\n|-unboost|p2a: Scovillain|spd|1\n|upkeep\n|turn|3\n|\n|t:|1776581809\n|switch|p1b: Sinistcha|Sinistcha, L50|100/100\n|-heal|p1a: Drampa|75/100|[from] ability: Hospitality|[of] p1b: Sinistcha\n|switch|p2a: Sinistcha|Sinistcha, L50|100/100\n|-heal|p2b: Primarina|100/100|[from] ability: Hospitality|[of] p2a: Sinistcha\n|detailschange|p1a: Drampa|Drampa-Mega, L50, F\n|-mega|p1a: Drampa|Drampa|Drampanite\n|move|p1a: Drampa|Hyper Voice|p2b: Primarina|[spread] p2b\n|-immune|p2a: Sinistcha\n|-damage|p2b: Primarina|60/100\n|move|p2b: Primarina|Moonblast|p1a: Drampa\n|-supereffective|p1a: Drampa|1\n|-damage|p1a: Drampa|0 fnt\n|faint|p1a: Drampa\n|\n|-heal|p2b: Primarina|66/100|[from] item: Leftovers\n|upkeep\n|\n|t:|1776581827\n|switch|p1a: Incineroar|Incineroar, L50, F|100/100\n|-ability|p1a: Incineroar|Intimidate|boost\n|-unboost|p2a: Sinistcha|atk|1\n|-unboost|p2b: Primarina|atk|1\n|turn|4\n|\n|t:|1776581839\n|switch|p2a: Scovillain|Scovillain, L50, M|100/100\n|move|p1a: Incineroar|Fake Out|p2b: Primarina\n|-damage|p2b: Primarina|52/100\n|move|p1b: Sinistcha|Matcha Gotcha|p2a: Scovillain|[spread] p2a\n|-miss|p1b: Sinistcha|p2b: Primarina\n|-resisted|p2a: Scovillain|2\n|-damage|p2a: Scovillain|93/100\n|cant|p2b: Primarina|flinch\n|\n|-heal|p2b: Primarina|58/100|[from] item: Leftovers\n|-ability|p2a: Scovillain|Moody|boost\n|-boost|p2a: Scovillain|spe|2\n|-unboost|p2a: Scovillain|spd|1\n|upkeep\n|turn|5\n|\n|t:|1776581859\n|move|p1a: Incineroar|Parting Shot|p2b: Primarina\n|-unboost|p2b: Primarina|atk|1\n|-unboost|p2b: Primarina|spa|1\n|\n|t:|1776581863\n|switch|p1a: Farigiraf|Farigiraf, L50, M|88/100|[from] Parting Shot\n|move|p1b: Sinistcha|Matcha Gotcha|p2a: Scovillain|[spread] p2a,p2b\n|-resisted|p2a: Scovillain|2\n|-supereffective|p2b: Primarina|1\n|-damage|p2a: Scovillain|84/100\n|-damage|p2b: Primarina|27/100\n|move|p2b: Primarina|Hyper Voice|p1b: Sinistcha|[spread] p1a,p1b\n|-resisted|p1b: Sinistcha|1\n|-damage|p1a: Farigiraf|62/100\n|-damage|p1b: Sinistcha|88/100\n|move|p2a: Scovillain|Overheat|p1b: Sinistcha\n|-supereffective|p1b: Sinistcha|1\n|-damage|p1b: Sinistcha|0 fnt\n|-unboost|p2a: Scovillain|spa|2\n|faint|p1b: Sinistcha\n|\n|-heal|p2b: Primarina|33/100|[from] item: Leftovers\n|-fieldend|move: Trick Room\n|-ability|p2a: Scovillain|Moody|boost\n|-boost|p2a: Scovillain|atk|2\n|-unboost|p2a: Scovillain|def|1\n|upkeep\n|\n|t:|1776581883\n|switch|p1b: Incineroar|Incineroar, L50, F|100/100\n|-ability|p1b: Incineroar|Intimidate|boost\n|-unboost|p2a: Scovillain|atk|1\n|-unboost|p2b: Primarina|atk|1\n|turn|6\n|\n|t:|1776581891\n|switch|p2a: Sinistcha|Sinistcha, L50|100/100\n|-heal|p2b: Primarina|58/100|[from] ability: Hospitality|[of] p2a: Sinistcha\n|move|p2b: Primarina|Protect|p2b: Primarina\n|-singleturn|p2b: Primarina|Protect\n|move|p1b: Incineroar|Fake Out|p2b: Primarina\n|-activate|p2b: Primarina|move: Protect\n|move|p1a: Farigiraf|Trick Room|p1a: Farigiraf\n|-fieldstart|move: Trick Room|[of] p1a: Farigiraf\n|\n|-heal|p2b: Primarina|65/100|[from] item: Leftovers\n|upkeep\n|turn|7\n|\n|t:|1776581910\n|switch|p2a: Scovillain|Scovillain, L50, M|84/100\n|move|p1b: Incineroar|Flare Blitz|p2a: Scovillain\n|-damage|p2a: Scovillain|16/100\n|-damage|p1b: Incineroar|81/100|[from] Recoil\n|move|p1a: Farigiraf|Psychic|p2b: Primarina\n|-damage|p2b: Primarina|39/100\n|-unboost|p2b: Primarina|spd|1\n|move|p2b: Primarina|Hyper Voice|p1b: Incineroar|[spread] p1a,p1b\n|-supereffective|p1b: Incineroar|1\n|-damage|p1a: Farigiraf|38/100\n|-damage|p1b: Incineroar|42/100\n|\n|-heal|p1b: Incineroar|48/100|[from] item: Leftovers\n|-heal|p2b: Primarina|45/100|[from] item: Leftovers\n|-ability|p2a: Scovillain|Moody|boost\n|-boost|p2a: Scovillain|spd|2\n|-unboost|p2a: Scovillain|spe|1\n|upkeep\n|turn|8\n|\n|t:|1776581933\n|switch|p2b: Sinistcha|Sinistcha, L50|100/100\n|-heal|p2a: Scovillain|41/100|[from] ability: Hospitality|[of] p2b: Sinistcha\n|detailschange|p2a: Scovillain|Scovillain-Mega, L50, M\n|-mega|p2a: Scovillain|Scovillain|Scovillainite\n|move|p2a: Scovillain|Overheat|p1a: Farigiraf\n|-damage|p1a: Farigiraf|0 fnt\n|-unboost|p2a: Scovillain|spa|2\n|faint|p1a: Farigiraf\n|move|p1b: Incineroar|Darkest Lariat|p2a: Scovillain\n|-damage|p2a: Scovillain|3/100\n|-immune|p1b: Incineroar\n|\n|-heal|p1b: Incineroar|54/100|[from] item: Leftovers\n|upkeep\n|turn|9\n|\n|t:|1776581954\n|move|p2b: Sinistcha|Rage Powder|p2b: Sinistcha\n|-singleturn|p2b: Sinistcha|move: Rage Powder\n|move|p2a: Scovillain|Leech Seed|p1b: Incineroar\n|-start|p1b: Incineroar|move: Leech Seed\n|move|p1b: Incineroar|Darkest Lariat|p2b: Sinistcha\n|-supereffective|p2b: Sinistcha|1\n|-damage|p2b: Sinistcha|43/100\n|-enditem|p2b: Sinistcha|Sitrus Berry|[eat]\n|-heal|p2b: Sinistcha|68/100|[from] item: Sitrus Berry\n|\n|-heal|p1b: Incineroar|60/100|[from] item: Leftovers\n|-damage|p1b: Incineroar|48/100|[from] Leech Seed|[of] p2a: Scovillain\n|-heal|p2a: Scovillain|17/100|[silent]\n|upkeep\n|turn|10\n|\n|t:|1776581972\n|move|p2a: Scovillain|Overheat|p1b: Incineroar\n|-resisted|p1b: Incineroar|1\n|-damage|p1b: Incineroar|36/100\n|-unboost|p2a: Scovillain|spa|2\n|move|p1b: Incineroar|Flare Blitz|p2b: Sinistcha\n|-supereffective|p2b: Sinistcha|1\n|-damage|p2b: Sinistcha|0 fnt\n|faint|p2b: Sinistcha\n|-damage|p1b: Incineroar|16/100|[from] Recoil\n|\n|-heal|p1b: Incineroar|22/100|[from] item: Leftovers\n|-damage|p1b: Incineroar|10/100|[from] Leech Seed|[of] p2a: Scovillain\n|-heal|p2a: Scovillain|31/100|[silent]\n|-fieldend|move: Trick Room\n|upkeep\n|\n|t:|1776581984\n|switch|p2b: Sneasler|Sneasler, L50, M|100/100\n|turn|11\n|\n|t:|1776581992\n|move|p2b: Sneasler|Fake Out|p1b: Incineroar\n|-damage|p1b: Incineroar|0 fnt\n|faint|p1b: Incineroar\n|\n|win|MightyTaggart\n|raw|SloaneRegard's rating: 1390 &rarr; <strong>1374</strong><br />(-16 for losing)\n|raw|MightyTaggart's rating: 1452 &rarr; <strong>1468</strong><br />(+16 for winning)\n|l|\u2606SloaneRegard\n|player|p1|\n|l|\u2606MightyTaggart\n|player|p2|\n",
  "uploadtime": 1776582023,
  "views": 14,
  "formatid": "gen9championsvgc2026regma",
  "rating": 1374,
  "private": 0,
  "password": null
}