{
  "id": "gen9championsvgc2026regma-2583978928",
  "format": "[Gen 9 Champions] VGC 2026 Reg M-A",
  "players": [
    "Pever3ll",
    "Azure Resolution"
  ],
  "log": "|j|\u2606Pever3ll\n|j|\u2606Azure Resolution\n|t:|1776213679\n|gametype|doubles\n|player|p1|Pever3ll|miku-flying|1195\n|player|p2|Azure Resolution|gentleman-gen4dp|1255\n|gen|9\n|tier|[Gen 9 Champions] VGC 2026 Reg M-A\n|rated|\n|rule|Species Clause: Limit one of each Pok\u00e9mon\n|rule|Item Clause: Limit 1 of each item\n|clearpoke\n|poke|p1|Zoroark-Hisui, L50, M|\n|poke|p1|Whimsicott, L50, F|\n|poke|p1|Chandelure, L50, M|\n|poke|p1|Froslass, L50, F|\n|poke|p1|Incineroar, L50, F|\n|poke|p1|Hawlucha, L50, M|\n|poke|p2|Altaria, L50, F|\n|poke|p2|Delphox, L50, M|\n|poke|p2|Kingambit, L50, F|\n|poke|p2|Milotic, L50, F|\n|poke|p2|Raichu, L50, F|\n|poke|p2|Gengar, L50, M|\n|teampreview|4\n|\n|t:|1776213739\n|teamsize|p1|4\n|teamsize|p2|4\n|start\n|switch|p1a: Hawlucha|Hawlucha, L50, M|100/100\n|switch|p1b: Whimsicott|Whimsicott, L50, F|100/100\n|switch|p2a: Kingambit|Kingambit, L50, F|100/100\n|switch|p2b: Delphox|Delphox, L50, M|100/100\n|turn|1\n|\n|t:|1776213772\n|detailschange|p2b: Delphox|Delphox-Mega, L50, M\n|-mega|p2b: Delphox|Delphox|Delphoxite\n|move|p2a: Kingambit|Protect|p2a: Kingambit\n|-singleturn|p2a: Kingambit|Protect\n|move|p1b: Whimsicott|Tailwind|p1b: Whimsicott\n|-sidestart|p1: Pever3ll|move: Tailwind\n|move|p1a: Hawlucha|Close Combat|p2a: Kingambit\n|-activate|p2a: Kingambit|move: Protect\n|move|p2b: Delphox|Substitute|p2b: Delphox\n|-start|p2b: Delphox|Substitute\n|-damage|p2b: Delphox|75/100\n|\n|upkeep\n|turn|2\n|\n|t:|1776213797\n|switch|p1b: Chandelure|Chandelure, L50, M|100/100\n|switch|p2a: Milotic|Milotic, L50, F|100/100\n|move|p1a: Hawlucha|Encore||[still]\n|-fail|p1a: Hawlucha\n|move|p2b: Delphox|Heat Wave|p1a: Hawlucha|[spread] p1a\n|-start|p1b: Chandelure|ability: Flash Fire\n|-damage|p1a: Hawlucha|33/100\n|\n|upkeep\n|turn|3\n|\n|t:|1776213846\n|detailschange|p1b: Chandelure|Chandelure-Mega, L50, M\n|-mega|p1b: Chandelure|Chandelure|Chandelurite\n|-end|p1b: Chandelure|ability: Flash Fire|[silent]\n|move|p1a: Hawlucha|Close Combat|p2a: Milotic\n|-damage|p2a: Milotic|44/100\n|-unboost|p1a: Hawlucha|def|1\n|-unboost|p1a: Hawlucha|spd|1\n|-enditem|p1a: Hawlucha|White Herb\n|-clearnegativeboost|p1a: Hawlucha|[silent]\n|move|p1b: Chandelure|Shadow Ball|p2b: Delphox\n|-supereffective|p2b: Delphox|1\n|-damage|p2b: Delphox|0 fnt\n|faint|p2b: Delphox\n|move|p2a: Milotic|Scald|p1b: Chandelure\n|-supereffective|p1b: Chandelure|1\n|-damage|p1b: Chandelure|24/100\n|\n|-heal|p2a: Milotic|50/100|[from] item: Leftovers\n|upkeep\n|c|\u2606Azure Resolution|new note to self\n|c|\u2606Pever3ll|lol\n|c|\u2606Azure Resolution|did not know it could do that\n|c|\u2606Azure Resolution|ahahahhaha\n|\n|t:|1776213889\n|switch|p2b: Kingambit|Kingambit, L50, F|100/100\n|turn|4\n|\n|t:|1776213895\n|move|p1b: Chandelure|Protect|p1b: Chandelure\n|-singleturn|p1b: Chandelure|Protect\n|move|p2a: Milotic|Protect|p2a: Milotic\n|-singleturn|p2a: Milotic|Protect\n|move|p2b: Kingambit|Protect|p2b: Kingambit\n|-singleturn|p2b: Kingambit|Protect\n|move|p1a: Hawlucha|Close Combat|p2a: Milotic\n|-activate|p2a: Milotic|move: Protect\n|\n|-heal|p2a: Milotic|55/100|[from] item: Leftovers\n|-sideend|p1: Pever3ll|move: Tailwind\n|upkeep\n|turn|5\n|\n|t:|1776213937\n|switch|p1b: Whimsicott|Whimsicott, L50, F|100/100\n|move|p2b: Kingambit|Sucker Punch||[still]\n|-fail|p2b: Kingambit\n|move|p1a: Hawlucha|Close Combat|p2b: Kingambit\n|-supereffective|p2b: Kingambit|2\n|-enditem|p2b: Kingambit|Chople Berry|[eat]\n|-enditem|p2b: Kingambit|Chople Berry|[weaken]\n|-damage|p2b: Kingambit|24/100\n|-unboost|p1a: Hawlucha|def|1\n|-unboost|p1a: Hawlucha|spd|1\n|move|p2a: Milotic|Icy Wind|p1b: Whimsicott|[spread] p1a,p1b\n|-supereffective|p1a: Hawlucha|1\n|-supereffective|p1b: Whimsicott|1\n|-damage|p1a: Hawlucha|0 fnt\n|-damage|p1b: Whimsicott|63/100\n|-unboost|p1b: Whimsicott|spe|1\n|faint|p1a: Hawlucha\n|\n|-heal|p2a: Milotic|61/100|[from] item: Leftovers\n|upkeep\n|\n|t:|1776213945\n|switch|p1a: Incineroar|Incineroar, L50, F|100/100\n|-ability|p1a: Incineroar|Intimidate|boost\n|-unboost|p2a: Milotic|atk|1\n|-ability|p2a: Milotic|Competitive|boost\n|-boost|p2a: Milotic|spa|2\n|-unboost|p2b: Kingambit|atk|1\n|-ability|p2b: Kingambit|Defiant|boost\n|-boost|p2b: Kingambit|atk|2\n|turn|6\n|\n|t:|1776213965\n|move|p2a: Milotic|Protect|p2a: Milotic\n|-singleturn|p2a: Milotic|Protect\n|move|p2b: Kingambit|Protect|p2b: Kingambit\n|-singleturn|p2b: Kingambit|Protect\n|move|p1a: Incineroar|Fake Out|p2a: Milotic\n|-activate|p2a: Milotic|move: Protect\n|move|p1b: Whimsicott|Tailwind|p1b: Whimsicott\n|-sidestart|p1: Pever3ll|move: Tailwind\n|\n|-heal|p2a: Milotic|67/100|[from] item: Leftovers\n|upkeep\n|turn|7\n|\n|t:|1776214003\n|move|p1b: Whimsicott|Fake Tears|p2a: Milotic\n|-unboost|p2a: Milotic|spd|2\n|-ability|p2a: Milotic|Competitive|boost\n|-boost|p2a: Milotic|spa|2\n|move|p2b: Kingambit|Sucker Punch|p1a: Incineroar\n|-resisted|p1a: Incineroar|1\n|-damage|p1a: Incineroar|65/100\n|move|p1a: Incineroar|Flare Blitz|p2b: Kingambit\n|-supereffective|p2b: Kingambit|1\n|-damage|p2b: Kingambit|0 fnt\n|faint|p2b: Kingambit\n|-damage|p1a: Incineroar|56/100|[from] Recoil\n|move|p2a: Milotic|Scald|p1a: Incineroar\n|-supereffective|p1a: Incineroar|1\n|-damage|p1a: Incineroar|0 fnt\n|faint|p1a: Incineroar\n|\n|-heal|p2a: Milotic|73/100|[from] item: Leftovers\n|upkeep\n|\n|t:|1776214020\n|switch|p1a: Chandelure|Chandelure-Mega, L50, M|24/100\n|switch|p2b: Raichu|Raichu, L50, F|100/100\n|turn|8\n|\n|t:|1776214063\n|move|p2a: Milotic|Protect|p2a: Milotic\n|-singleturn|p2a: Milotic|Protect\n|move|p1a: Chandelure|Shadow Ball|p2a: Milotic\n|-activate|p2a: Milotic|move: Protect\n|move|p1b: Whimsicott|Moonblast|p2b: Raichu\n|-damage|p2b: Raichu|46/100\n|move|p2b: Raichu|Thunderbolt|p1a: Chandelure\n|-damage|p1a: Chandelure|0 fnt\n|faint|p1a: Chandelure\n|\n|-heal|p2a: Milotic|79/100|[from] item: Leftovers\n|upkeep\n|turn|9\n|\n|t:|1776214083\n|move|p1b: Whimsicott|Encore|p2a: Milotic\n|-start|p2a: Milotic|Encore\n|move|p2a: Milotic|Protect||[still]\n|-fail|p2a: Milotic\n|move|p2b: Raichu|Nuzzle|p1b: Whimsicott\n|-resisted|p1b: Whimsicott|1\n|-damage|p1b: Whimsicott|58/100\n|-status|p1b: Whimsicott|par\n|\n|-heal|p2a: Milotic|85/100|[from] item: Leftovers\n|-sideend|p1: Pever3ll|move: Tailwind\n|upkeep\n|turn|10\n|\n|t:|1776214094\n|move|p2a: Milotic|Protect|p2a: Milotic\n|-singleturn|p2a: Milotic|Protect\n|move|p2b: Raichu|Thunderbolt|p1b: Whimsicott\n|-resisted|p1b: Whimsicott|1\n|-damage|p1b: Whimsicott|26/100 par\n|move|p1b: Whimsicott|Moonblast|p2b: Raichu\n|-damage|p2b: Raichu|0 fnt\n|faint|p2b: Raichu\n|\n|-heal|p2a: Milotic|91/100|[from] item: Leftovers\n|upkeep\n|turn|11\n|\n|t:|1776214107\n|move|p2a: Milotic|Protect||[still]\n|-fail|p2a: Milotic\n|move|p1b: Whimsicott|Moonblast|p2a: Milotic\n|-damage|p2a: Milotic|43/100\n|\n|-heal|p2a: Milotic|49/100|[from] item: Leftovers\n|-end|p2a: Milotic|Encore\n|upkeep\n|turn|12\n|\n|t:|1776214120\n|cant|p1b: Whimsicott|par\n|move|p2a: Milotic|Ice Beam|p1b: Whimsicott\n|-supereffective|p1b: Whimsicott|1\n|-damage|p1b: Whimsicott|0 fnt\n|faint|p1b: Whimsicott\n|\n|win|Azure Resolution\n|raw|Pever3ll's rating: 1195 &rarr; <strong>1174</strong><br />(-21 for losing)\n|raw|Azure Resolution's rating: 1255 &rarr; <strong>1276</strong><br />(+21 for winning)\n|c|\u2606Azure Resolution|ggs!!\n|c|\u2606Azure Resolution|wp\n|c|\u2606Pever3ll|noooo\n|c|\u2606Pever3ll|gg\n|c|\u2606Azure Resolution|how\n|c|\u2606Pever3ll|the 1/8 :(\n|c|\u2606Azure Resolution|does encore work\n|c|\u2606Azure Resolution|here\n|c|\u2606Azure Resolution|?\n|c|\u2606Pever3ll|yeah\n|c|\u2606Azure Resolution|damn\n|c|\u2606Azure Resolution|unlucky\n|c|\u2606Pever3ll|ggs tho\n|c|\u2606Pever3ll|wp\n|c|\u2606Azure Resolution|ggs\n",
  "uploadtime": 1776214155,
  "views": 32,
  "formatid": "gen9championsvgc2026regma",
  "rating": 1174,
  "private": 0,
  "password": null
}