{
  "id": "gen9championsvgc2026regma-2583828966",
  "format": "[Gen 9 Champions] VGC 2026 Reg M-A",
  "players": [
    "WaluigiVGC",
    "UrrLukk"
  ],
  "log": "|j|\u2606WaluigiVGC\n|j|\u2606UrrLukk\n|t:|1776200944\n|gametype|doubles\n|player|p1|WaluigiVGC|266|1122\n|player|p2|UrrLukk|pokemonbreeder-gen4|1098\n|gen|9\n|tier|[Gen 9 Champions] VGC 2026 Reg M-A\n|rated|\n|rule|Species Clause: Limit one of each Pok\u00e9mon\n|rule|Item Clause: Limit 1 of each item\n|clearpoke\n|poke|p1|Archaludon, L50, M|\n|poke|p1|Pelipper, L50, F|\n|poke|p1|Sneasler, L50, M|\n|poke|p1|Incineroar, L50, M|\n|poke|p1|Basculegion, L50, M|\n|poke|p1|Gengar, L50, M|\n|poke|p2|Charizard, L50, M|\n|poke|p2|Venusaur, L50, M|\n|poke|p2|Garchomp, L50, M|\n|poke|p2|Rotom-Wash, L50|\n|poke|p2|Whimsicott, L50, F|\n|poke|p2|Conkeldurr, L50, F|\n|teampreview|4\n|inactive|Battle timer is ON: inactive players will automatically lose when time's up. (requested by WaluigiVGC)\n|inactive|UrrLukk has 60 seconds left.\n|\n|t:|1776201022\n|teamsize|p1|4\n|teamsize|p2|4\n|start\n|switch|p1a: Sneasler|Sneasler, L50, M|100/100\n|switch|p1b: Basculegion|Basculegion, L50, M|100/100\n|switch|p2a: Rotom|Rotom-Wash, L50|100/100\n|switch|p2b: Whimsicott|Whimsicott, L50, F|100/100\n|turn|1\n|\n|t:|1776201043\n|move|p2b: Whimsicott|Protect|p2b: Whimsicott\n|-singleturn|p2b: Whimsicott|Protect\n|move|p2a: Rotom|Protect|p2a: Rotom\n|-singleturn|p2a: Rotom|Protect\n|move|p1a: Sneasler|Fake Out|p2b: Whimsicott\n|-activate|p2b: Whimsicott|move: Protect\n|move|p1b: Basculegion|Flip Turn|p2a: Rotom\n|-activate|p2a: Rotom|move: Protect\n|\n|upkeep\n|turn|2\n|\n|t:|1776201064\n|switch|p1b: Archaludon|Archaludon, L50, M|100/100\n|move|p2b: Whimsicott|Tailwind|p2b: Whimsicott\n|-sidestart|p2: UrrLukk|move: Tailwind\n|move|p2a: Rotom|Will-O-Wisp|p1a: Sneasler\n|-status|p1a: Sneasler|brn\n|move|p1a: Sneasler|Dire Claw|p2b: Whimsicott\n|-supereffective|p2b: Whimsicott|2\n|-damage|p2b: Whimsicott|0 fnt\n|faint|p2b: Whimsicott\n|\n|-damage|p1a: Sneasler|95/100 brn|[from] brn\n|upkeep\n|\n|t:|1776201085\n|switch|p2b: Charizard|Charizard, L50, M|100/100\n|turn|3\n|inactive|UrrLukk has 30 seconds left.\n|inactive|UrrLukk has 20 seconds left.\n|inactive|UrrLukk has 15 seconds left.\n|\n|t:|1776201129\n|switch|p1a: Basculegion|Basculegion, L50, M|100/100\n|move|p2b: Charizard|Protect|p2b: Charizard\n|-singleturn|p2b: Charizard|Protect\n|move|p1b: Archaludon|Protect|p1b: Archaludon\n|-singleturn|p1b: Archaludon|Protect\n|move|p2a: Rotom|Thunderbolt|p1a: Basculegion\n|-supereffective|p1a: Basculegion|1\n|-damage|p1a: Basculegion|26/100\n|\n|upkeep\n|turn|4\n|inactive|UrrLukk has 30 seconds left.\n|inactive|UrrLukk has 20 seconds left.\n|\n|t:|1776201165\n|switch|p2b: Venusaur|Venusaur, L50, M|100/100\n|switch|p1a: Sneasler|Sneasler, L50, M|95/100 brn\n|move|p2a: Rotom|Thunderbolt|p1a: Sneasler\n|-damage|p1a: Sneasler|50/100 brn\n|move|p1b: Archaludon|Dragon Pulse|p2a: Rotom\n|-damage|p2a: Rotom|57/100\n|\n|-heal|p2a: Rotom|62/100|[from] item: Leftovers\n|-damage|p1a: Sneasler|44/100 brn|[from] brn\n|upkeep\n|turn|5\n|inactive|WaluigiVGC has 30 seconds left.\n|inactive|UrrLukk has 30 seconds left.\n|inactive|WaluigiVGC has 20 seconds left.\n|\n|t:|1776201204\n|move|p2a: Rotom|Protect|p2a: Rotom\n|-singleturn|p2a: Rotom|Protect\n|move|p1a: Sneasler|Protect|p1a: Sneasler\n|-singleturn|p1a: Sneasler|Protect\n|move|p1b: Archaludon|Protect|p1b: Archaludon\n|-singleturn|p1b: Archaludon|Protect\n|move|p2b: Venusaur|Sleep Powder|p1b: Archaludon\n|-activate|p1b: Archaludon|move: Protect\n|\n|-heal|p2a: Rotom|68/100|[from] item: Leftovers\n|-damage|p1a: Sneasler|38/100 brn|[from] brn\n|-sideend|p2: UrrLukk|move: Tailwind\n|upkeep\n|turn|6\n|\n|t:|1776201225\n|switch|p1b: Basculegion|Basculegion, L50, M|26/100\n|move|p1a: Sneasler|Dire Claw|p2b: Venusaur\n|-damage|p2b: Venusaur|72/100\n|move|p2b: Venusaur|Sleep Powder|p1b: Basculegion\n|-status|p1b: Basculegion|slp|[from] move: Sleep Powder\n|move|p2a: Rotom|Thunderbolt|p1a: Sneasler\n|-damage|p1a: Sneasler|0 fnt\n|faint|p1a: Sneasler\n|\n|-heal|p2a: Rotom|74/100|[from] item: Leftovers\n|upkeep\n|\n|t:|1776201243\n|switch|p1a: Archaludon|Archaludon, L50, M|100/100\n|turn|7\n|inactive|WaluigiVGC has 30 seconds left.\n|inactive|UrrLukk has 30 seconds left.\n|\n|t:|1776201275\n|move|p2b: Venusaur|Protect|p2b: Venusaur\n|-singleturn|p2b: Venusaur|Protect\n|move|p1a: Archaludon|Protect|p1a: Archaludon\n|-singleturn|p1a: Archaludon|Protect\n|cant|p1b: Basculegion|slp\n|move|p2a: Rotom|Thunderbolt|p1b: Basculegion\n|-supereffective|p1b: Basculegion|1\n|-damage|p1b: Basculegion|0 fnt\n|faint|p1b: Basculegion\n|\n|-heal|p2a: Rotom|79/100|[from] item: Leftovers\n|upkeep\n|\n|t:|1776201289\n|switch|p1b: Pelipper|Pelipper, L50, F|100/100\n|-weather|RainDance|[from] ability: Drizzle|[of] p1b: Pelipper\n|turn|8\n|\n|t:|1776201312\n|move|p2b: Venusaur|Sleep Powder|p1a: Archaludon\n|-status|p1a: Archaludon|slp|[from] move: Sleep Powder\n|cant|p1a: Archaludon|slp\n|move|p2a: Rotom|Thunderbolt|p1b: Pelipper\n|-supereffective|p1b: Pelipper|2\n|-enditem|p1b: Pelipper|Focus Sash\n|-damage|p1b: Pelipper|1/100\n|move|p1b: Pelipper|Hurricane|p2b: Venusaur\n|-supereffective|p2b: Venusaur|1\n|-damage|p2b: Venusaur|0 fnt\n|faint|p2b: Venusaur\n|\n|-weather|RainDance|[upkeep]\n|-heal|p2a: Rotom|85/100|[from] item: Leftovers\n|upkeep\n|\n|t:|1776201326\n|switch|p2b: Charizard|Charizard, L50, M|100/100\n|turn|9\n|\n|t:|1776201345\n|detailschange|p2b: Charizard|Charizard-Mega-Y, L50, M\n|-mega|p2b: Charizard|Charizard|Charizardite Y\n|-weather|SunnyDay|[from] ability: Drought|[of] p2b: Charizard\n|move|p1b: Pelipper|Protect|p1b: Pelipper\n|-singleturn|p1b: Pelipper|Protect\n|move|p2b: Charizard|Heat Wave|p1a: Archaludon|[spread] \n|-activate|p1b: Pelipper|move: Protect\n|-miss|p2b: Charizard|p1a: Archaludon\n|cant|p1a: Archaludon|slp\n|move|p2a: Rotom|Thunderbolt|p1b: Pelipper\n|-activate|p1b: Pelipper|move: Protect\n|\n|-weather|SunnyDay|[upkeep]\n|-heal|p2a: Rotom|91/100|[from] item: Leftovers\n|upkeep\n|turn|10\n|inactive|WaluigiVGC has 30 seconds left.\n|\n|t:|1776201377\n|move|p2b: Charizard|Heat Wave|p1a: Archaludon|[spread] p1b\n|-miss|p2b: Charizard|p1a: Archaludon\n|-resisted|p1b: Pelipper|1\n|-damage|p1b: Pelipper|0 fnt\n|faint|p1b: Pelipper\n|-curestatus|p1a: Archaludon|slp|[msg]\n|move|p1a: Archaludon|Dragon Pulse|p2b: Charizard\n|-damage|p2b: Charizard|56/100\n|move|p2a: Rotom|Thunderbolt|p1a: Archaludon\n|-resisted|p1a: Archaludon|1\n|-damage|p1a: Archaludon|82/100\n|-ability|p1a: Archaludon|Stamina|boost\n|-boost|p1a: Archaludon|def|1\n|\n|-weather|SunnyDay|[upkeep]\n|-heal|p1a: Archaludon|88/100|[from] item: Leftovers\n|-heal|p2a: Rotom|97/100|[from] item: Leftovers\n|upkeep\n|turn|11\n|\n|t:|1776201400\n|move|p2b: Charizard|Overheat|p1a: Archaludon\n|-damage|p1a: Archaludon|0 fnt\n|-unboost|p2b: Charizard|spa|2\n|faint|p1a: Archaludon\n|\n|win|UrrLukk\n|raw|WaluigiVGC's rating: 1122 &rarr; <strong>1095</strong><br />(-27 for losing)\n|raw|UrrLukk's rating: 1098 &rarr; <strong>1125</strong><br />(+27 for winning)\n",
  "uploadtime": 1776201407,
  "views": 22,
  "formatid": "gen9championsvgc2026regma",
  "rating": 1095,
  "private": 0,
  "password": null
}