{
  "id": "gen9championsvgc2026regma-2585778759",
  "format": "[Gen 9 Champions] VGC 2026 Reg M-A",
  "players": [
    "aztec_azzy",
    "Meddizzle"
  ],
  "log": "|j|\u2606aztec_azzy\n|j|\u2606Meddizzle\n|t:|1776370006\n|gametype|doubles\n|player|p1|aztec_azzy|n|1026\n|player|p2|Meddizzle|102|1062\n|gen|9\n|tier|[Gen 9 Champions] VGC 2026 Reg M-A\n|rated|\n|rule|Species Clause: Limit one of each Pok\u00e9mon\n|rule|Item Clause: Limit 1 of each item\n|clearpoke\n|poke|p1|Aggron, L50, F|\n|poke|p1|Meowstic, L50, M|\n|poke|p1|Dragapult, L50, F|\n|poke|p1|Aerodactyl, L50, F|\n|poke|p1|Goodra-Hisui, L50, F|\n|poke|p1|Skarmory, L50, M|\n|poke|p2|Reuniclus, L50, M|\n|poke|p2|Armarouge, L50, F|\n|poke|p2|Toxapex, L50, F|\n|poke|p2|Gliscor, L50, F|\n|poke|p2|Feraligatr, L50, M|\n|poke|p2|Araquanid, L50, F|\n|teampreview|4\n|\n|t:|1776370061\n|teamsize|p1|4\n|teamsize|p2|4\n|start\n|switch|p1a: Aggron|Aggron, L50, F, shiny|100/100\n|switch|p1b: Meowstic|Meowstic, L50, M, shiny|100/100\n|switch|p2a: Reuniclus|Reuniclus, L50, M|100/100\n|switch|p2b: Armarouge|Armarouge, L50, F|100/100\n|turn|1\n|\n|t:|1776370096\n|detailschange|p1a: Aggron|Aggron-Mega, L50, F, shiny\n|-mega|p1a: Aggron|Aggron|Aggronite\n|move|p1b: Meowstic|Trick|p2a: Reuniclus\n|-activate|p1b: Meowstic|move: Trick|[of] p2a: Reuniclus\n|-item|p2a: Reuniclus|Choice Scarf|[from] move: Trick\n|-item|p1b: Meowstic|Twisted Spoon|[from] move: Trick\n|move|p2b: Armarouge|Aura Sphere|p1a: Aggron\n|-supereffective|p1a: Aggron|1\n|-damage|p1a: Aggron|51/100\n|move|p1a: Aggron|Stealth Rock|p2b: Armarouge\n|-sidestart|p2: Meddizzle|move: Stealth Rock\n|move|p2a: Reuniclus|Trick Room|p2a: Reuniclus\n|-fieldstart|move: Trick Room|[of] p2a: Reuniclus\n|\n|upkeep\n|turn|2\n|\n|t:|1776370135\n|switch|p2a: Feraligatr|Feraligatr, L50, M|100/100\n|-damage|p2a: Feraligatr|88/100|[from] Stealth Rock\n|move|p1a: Aggron|Protect|p1a: Aggron\n|-singleturn|p1a: Aggron|Protect\n|move|p1b: Meowstic|Calm Mind|p1b: Meowstic\n|-boost|p1b: Meowstic|spa|1\n|-boost|p1b: Meowstic|spd|1\n|move|p2b: Armarouge|Armor Cannon|p1a: Aggron\n|-activate|p1a: Aggron|move: Protect\n|\n|upkeep\n|turn|3\n|\n|t:|1776370169\n|switch|p2b: Reuniclus|Reuniclus, L50, M|100/100\n|-damage|p2b: Reuniclus|88/100|[from] Stealth Rock\n|detailschange|p2a: Feraligatr|Feraligatr-Mega, L50, M\n|-mega|p2a: Feraligatr|Feraligatr|Feraligite\n|move|p1b: Meowstic|Calm Mind|p1b: Meowstic\n|-boost|p1b: Meowstic|spa|1\n|-boost|p1b: Meowstic|spd|1\n|move|p1a: Aggron|Body Press|p2a: Feraligatr\n|-damage|p2a: Feraligatr|53/100\n|move|p2a: Feraligatr|Flip Turn|p1b: Meowstic\n|-damage|p1b: Meowstic|50/100\n|\n|t:|1776370186\n|switch|p2a: Araquanid|Araquanid, L50, F|100/100|[from] Flip Turn\n|-damage|p2a: Araquanid|76/100|[from] Stealth Rock\n|\n|upkeep\n|turn|4\n|\n|t:|1776370211\n|move|p1b: Meowstic|Baton Pass|p1b: Meowstic\n|\n|t:|1776370215\n|switch|p1b: Dragapult|Dragapult, L50, F, shiny|100/100|[from] Baton Pass\n|move|p2a: Araquanid|Liquidation|p1b: Dragapult\n|-resisted|p1b: Dragapult|1\n|-damage|p1b: Dragapult|66/100\n|move|p1a: Aggron|Heavy Slam|p2b: Reuniclus\n|-damage|p2b: Reuniclus|34/100\n|move|p2b: Reuniclus|Energy Ball|p1b: Dragapult\n|-resisted|p1b: Dragapult|1\n|-damage|p1b: Dragapult|55/100\n|\n|upkeep\n|turn|5\n|\n|t:|1776370245\n|switch|p2b: Feraligatr|Feraligatr-Mega, L50, M|53/100\n|-damage|p2b: Feraligatr|40/100|[from] Stealth Rock\n|move|p2a: Araquanid|Infestation|p1a: Aggron\n|-resisted|p1a: Aggron|1\n|-damage|p1a: Aggron|49/100\n|-activate|p1a: Aggron|move: Infestation|[of] p2a: Araquanid\n|move|p1a: Aggron|Heavy Slam|p2b: Feraligatr\n|-resisted|p2b: Feraligatr|1\n|-damage|p2b: Feraligatr|25/100\n|move|p1b: Dragapult|Thunder|p2a: Araquanid\n|-supereffective|p2a: Araquanid|1\n|-damage|p2a: Araquanid|0 fnt\n|faint|p2a: Araquanid\n|\n|-end|p1a: Aggron|Infestation|[partiallytrapped]|[silent]\n|-fieldend|move: Trick Room\n|upkeep\n|\n|t:|1776370267\n|switch|p2a: Reuniclus|Reuniclus, L50, M|67/100\n|-damage|p2a: Reuniclus|54/100|[from] Stealth Rock\n|turn|6\n|\n|t:|1776370276\n|move|p2b: Feraligatr|Protect|p2b: Feraligatr\n|-singleturn|p2b: Feraligatr|Protect\n|move|p1b: Dragapult|Thunder|p2b: Feraligatr\n|-activate|p2b: Feraligatr|move: Protect\n|move|p1a: Aggron|Heavy Slam|p2a: Reuniclus\n|-damage|p2a: Reuniclus|0 fnt\n|faint|p2a: Reuniclus\n|\n|upkeep\n|\n|t:|1776370287\n|switch|p2a: Armarouge|Armarouge, L50, F|100/100\n|-damage|p2a: Armarouge|75/100|[from] Stealth Rock\n|turn|7\n|\n|t:|1776370298\n|move|p2b: Feraligatr|Protect||[still]\n|-fail|p2b: Feraligatr\n|move|p1a: Aggron|Protect|p1a: Aggron\n|-singleturn|p1a: Aggron|Protect\n|move|p1b: Dragapult|Thunder|p2b: Feraligatr\n|-damage|p2b: Feraligatr|0 fnt\n|faint|p2b: Feraligatr\n|move|p2a: Armarouge|Trick Room|p2a: Armarouge\n|-fieldstart|move: Trick Room|[of] p2a: Armarouge\n|\n|upkeep\n|turn|8\n|\n|t:|1776370335\n|move|p1a: Aggron|Heavy Slam|p2a: Armarouge\n|-resisted|p2a: Armarouge|1\n|-damage|p2a: Armarouge|56/100\n|move|p2a: Armarouge|Psychic|p1b: Dragapult\n|-damage|p1b: Dragapult|22/100\n|move|p1b: Dragapult|Shadow Ball|p2a: Armarouge\n|-supereffective|p2a: Armarouge|1\n|-damage|p2a: Armarouge|0 fnt\n|faint|p2a: Armarouge\n|\n|win|aztec_azzy\n|raw|aztec_azzy's rating: 1026 &rarr; <strong>1066</strong><br />(+40 for winning)\n|raw|Meddizzle's rating: 1062 &rarr; <strong>1041</strong><br />(-21 for losing)\n|c|\u2606aztec_azzy|btw\n|c|\u2606aztec_azzy|you cant protect 2ice in a row\n|c|\u2606aztec_azzy|For future reference\n|c|\u2606aztec_azzy|GG\n|l|\u2606Meddizzle\n|player|p2|\n",
  "uploadtime": 1776370387,
  "views": 19,
  "formatid": "gen9championsvgc2026regma",
  "rating": 1041,
  "private": 0,
  "password": null
}