{
  "id": "gen9championsvgc2026regma-2588573904",
  "format": "[Gen 9 Champions] VGC 2026 Reg M-A",
  "players": [
    "BM_bryka",
    "Guinato"
  ],
  "log": "|j|\u2606BM_bryka\n|j|\u2606Guinato\n|t:|1776646353\n|gametype|doubles\n|player|p1|BM_bryka|ingo|1262\n|player|p2|Guinato|n|1369\n|gen|9\n|tier|[Gen 9 Champions] VGC 2026 Reg M-A\n|rated|\n|rule|Species Clause: Limit one of each Pok\u00e9mon\n|rule|Item Clause: Limit 1 of each item\n|clearpoke\n|poke|p1|Aggron, L50, M|\n|poke|p1|Tyranitar, L50, M|\n|poke|p1|Farigiraf, L50, F, shiny|\n|poke|p1|Sneasler, L50, F|\n|poke|p1|Primarina, L50, F|\n|poke|p1|Sinistcha-Masterpiece, L50|\n|poke|p2|Charizard, L50, F, shiny|\n|poke|p2|Whimsicott, L50, M|\n|poke|p2|Venusaur, L50, F|\n|poke|p2|Garchomp, L50, M|\n|poke|p2|Basculegion, L50, M|\n|poke|p2|Umbreon, L50, M, shiny|\n|teampreview|4\n|inactive|Battle timer is ON: inactive players will automatically lose when time's up. (requested by Guinato)\n|\n|t:|1776646405\n|teamsize|p1|4\n|teamsize|p2|4\n|start\n|switch|p1a: Bot\u00e2nica|Sneasler, L50, F|100/100\n|switch|p1b: ouroboros|Farigiraf, L50, F, shiny|100/100\n|switch|p2a: Basculegion|Basculegion, L50, M|100/100\n|switch|p2b: Garchomp|Garchomp, L50, M|100/100\n|turn|1\n|\n|t:|1776646424\n|move|p1a: Bot\u00e2nica|Fake Out|p2b: Garchomp\n|-damage|p2b: Garchomp|86/100\n|-damage|p1a: Bot\u00e2nica|88/100|[from] ability: Rough Skin|[of] p2b: Garchomp\n|move|p2a: Basculegion|Flip Turn|p1b: ouroboros\n|-damage|p1b: ouroboros|68/100\n|\n|t:|1776646433\n|switch|p2a: Draktavor|Charizard, L50, F, shiny|100/100|[from] Flip Turn\n|cant|p2b: Garchomp|flinch\n|move|p1b: ouroboros|Trick Room|p1b: ouroboros\n|-fieldstart|move: Trick Room|[of] p1b: ouroboros\n|\n|upkeep\n|turn|2\n|inactive|BM_bryka has 30 seconds left.\n|\n|t:|1776646467\n|switch|p1b: Prima|Primarina, L50, F|100/100\n|detailschange|p2a: Draktavor|Charizard-Mega-Y, L50, F, shiny\n|-mega|p2a: Draktavor|Charizard|Charizardite Y\n|-weather|SunnyDay|[from] ability: Drought|[of] p2a: Draktavor\n|move|p1a: Bot\u00e2nica|Protect|p1a: Bot\u00e2nica\n|-singleturn|p1a: Bot\u00e2nica|Protect\n|move|p2a: Draktavor|Heat Wave|p1b: Prima|[spread] p1b\n|-activate|p1a: Bot\u00e2nica|move: Protect\n|-resisted|p1b: Prima|1\n|-damage|p1b: Prima|73/100\n|move|p2b: Garchomp|Earthquake|p1b: Prima|[spread] p1b\n|-activate|p1a: Bot\u00e2nica|move: Protect\n|-immune|p2a: Draktavor\n|-damage|p1b: Prima|28/100\n|\n|-weather|SunnyDay|[upkeep]\n|-heal|p1b: Prima|34/100|[from] item: Leftovers\n|upkeep\n|turn|3\n|\n|t:|1776646485\n|switch|p1a: Tyrano|Tyranitar, L50, M|100/100\n|-weather|Sandstorm|[from] ability: Sand Stream|[of] p1a: Tyrano\n|move|p1b: Prima|Protect|p1b: Prima\n|-singleturn|p1b: Prima|Protect\n|move|p2a: Draktavor|Protect|p2a: Draktavor\n|-singleturn|p2a: Draktavor|Protect\n|move|p2b: Garchomp|Protect||[still]\n|-fail|p2b: Garchomp\n|\n|-weather|Sandstorm|[upkeep]\n|-damage|p1b: Prima|28/100|[from] Sandstorm\n|-damage|p2a: Draktavor|95/100|[from] Sandstorm\n|-heal|p1b: Prima|34/100|[from] item: Leftovers\n|upkeep\n|turn|4\n|inactive|Guinato has 30 seconds left.\n|inactive|Guinato has 20 seconds left.\n|\n|t:|1776646523\n|switch|p2a: Basculegion|Basculegion, L50, M|100/100\n|move|p1b: Prima|Moonblast|p2b: Garchomp\n|-supereffective|p2b: Garchomp|1\n|-damage|p2b: Garchomp|0 fnt\n|faint|p2b: Garchomp\n|move|p1a: Tyrano|Rock Slide|p2a: Basculegion\n|-damage|p2a: Basculegion|47/100\n|\n|-weather|Sandstorm|[upkeep]\n|-damage|p1b: Prima|28/100|[from] Sandstorm\n|-damage|p2a: Basculegion|40/100|[from] Sandstorm\n|-heal|p1b: Prima|34/100|[from] item: Leftovers\n|upkeep\n|\n|t:|1776646535\n|switch|p2b: Whimsicott|Whimsicott, L50, M|100/100\n|turn|5\n|inactive|BM_bryka has 30 seconds left.\n|inactive|BM_bryka has 20 seconds left.\n|\n|t:|1776646575\n|switch|p1b: Bot\u00e2nica|Sneasler, L50, F|88/100\n|move|p1a: Tyrano|Knock Off|p2a: Basculegion\n|-supereffective|p2a: Basculegion|1\n|-damage|p2a: Basculegion|0 fnt\n|-enditem|p2a: Basculegion|Choice Scarf|[from] move: Knock Off|[of] p1a: Tyrano\n|faint|p2a: Basculegion\n|move|p2b: Whimsicott|Moonblast|p1b: Bot\u00e2nica\n|-damage|p1b: Bot\u00e2nica|50/100\n|\n|-weather|Sandstorm|[upkeep]\n|-damage|p1b: Bot\u00e2nica|44/100|[from] Sandstorm\n|-damage|p2b: Whimsicott|95/100|[from] Sandstorm\n|-fieldend|move: Trick Room\n|upkeep\n|\n|t:|1776646587\n|switch|p2a: Draktavor|Charizard-Mega-Y, L50, F, shiny|95/100\n|-weather|SunnyDay|[from] ability: Drought|[of] p2a: Draktavor\n|turn|6\n|\n|t:|1776646611\n|switch|p1a: Prima|Primarina, L50, F|34/100\n|move|p1b: Bot\u00e2nica|Fake Out|p2a: Draktavor\n|-damage|p2a: Draktavor|74/100\n|move|p2b: Whimsicott|Tailwind|p2b: Whimsicott\n|-sidestart|p2: Guinato|move: Tailwind\n|cant|p2a: Draktavor|flinch\n|\n|-weather|SunnyDay|[upkeep]\n|-heal|p1a: Prima|40/100|[from] item: Leftovers\n|upkeep\n|turn|7\n|\n|t:|1776646633\n|switch|p1a: Tyrano|Tyranitar, L50, M|100/100\n|-weather|Sandstorm|[from] ability: Sand Stream|[of] p1a: Tyrano\n|move|p2b: Whimsicott|Moonblast|p1a: Tyrano\n|-supereffective|p1a: Tyrano|1\n|-damage|p1a: Tyrano|71/100\n|move|p2a: Draktavor|Heat Wave|p1b: Bot\u00e2nica|[spread] p1a,p1b\n|-resisted|p1a: Tyrano|1\n|-damage|p1a: Tyrano|58/100\n|-damage|p1b: Bot\u00e2nica|0 fnt\n|faint|p1b: Bot\u00e2nica\n|\n|-weather|Sandstorm|[upkeep]\n|-damage|p2b: Whimsicott|89/100|[from] Sandstorm\n|-damage|p2a: Draktavor|68/100|[from] Sandstorm\n|upkeep\n|\n|t:|1776646643\n|switch|p1b: ouroboros|Farigiraf, L50, F, shiny|68/100\n|turn|8\n|\n|t:|1776646660\n|move|p2b: Whimsicott|Sunny Day|p2b: Whimsicott\n|-weather|SunnyDay\n|move|p2a: Draktavor|Heat Wave|p1b: ouroboros|[spread] p1a\n|-miss|p2a: Draktavor|p1b: ouroboros\n|-resisted|p1a: Tyrano|1\n|-damage|p1a: Tyrano|29/100\n|move|p1a: Tyrano|Rock Slide|p2a: Draktavor|[spread] p2a,p2b\n|-supereffective|p2a: Draktavor|2\n|-damage|p2a: Draktavor|0 fnt\n|-damage|p2b: Whimsicott|52/100\n|faint|p2a: Draktavor\n|move|p1b: ouroboros|Trick Room|p1b: ouroboros\n|-fieldstart|move: Trick Room|[of] p1b: ouroboros\n|\n|-weather|SunnyDay|[upkeep]\n|upkeep\n|turn|9\n|-message|Guinato forfeited.\n|\n|win|BM_bryka\n|raw|BM_bryka's rating: 1262 &rarr; <strong>1294</strong><br />(+32 for winning)\n|raw|Guinato's rating: 1369 &rarr; <strong>1343</strong><br />(-26 for losing)\n|l|\u2606Guinato\n|player|p2|\n",
  "uploadtime": 1776646860,
  "views": 9,
  "formatid": "gen9championsvgc2026regma",
  "rating": 1294,
  "private": 0,
  "password": null
}