{
  "id": "gen9championsvgc2026regma-2585650895",
  "format": "[Gen 9 Champions] VGC 2026 Reg M-A",
  "players": [
    "Crash0utVGC",
    "Pedro404nf"
  ],
  "log": "|j|\u2606Crash0utVGC\n|j|\u2606Pedro404nf\n|t:|1776361305\n|gametype|doubles\n|player|p1|Crash0utVGC|colress|1132\n|player|p2|Pedro404nf|gentleman-gen4dp|1127\n|gen|9\n|tier|[Gen 9 Champions] VGC 2026 Reg M-A\n|rated|\n|rule|Species Clause: Limit one of each Pok\u00e9mon\n|rule|Item Clause: Limit 1 of each item\n|clearpoke\n|poke|p1|Aggron, L50, M|\n|poke|p1|Pelipper, L50, F|\n|poke|p1|Incineroar, L50, F|\n|poke|p1|Sinistcha, L50|\n|poke|p1|Basculegion, L50, M|\n|poke|p1|Dragonite, L50, F|\n|poke|p2|Starmie, L50|\n|poke|p2|Sneasler, L50, M|\n|poke|p2|Pelipper, L50, M|\n|poke|p2|Basculegion, L50, M|\n|poke|p2|Incineroar, L50, F|\n|poke|p2|Archaludon, L50, M|\n|teampreview|4\n|\n|t:|1776361326\n|teamsize|p1|4\n|teamsize|p2|4\n|start\n|switch|p1a: Incineroar|Incineroar, L50, F|100/100\n|switch|p1b: Dragonite|Dragonite, L50, F, shiny|100/100\n|switch|p2a: Starmie|Starmie, L50|100/100\n|switch|p2b: Sneasler|Sneasler, L50, M|100/100\n|-ability|p1a: Incineroar|Intimidate|boost\n|-unboost|p2a: Starmie|atk|1\n|-unboost|p2b: Sneasler|atk|1\n|-enditem|p2b: Sneasler|White Herb\n|-clearnegativeboost|p2b: Sneasler|[silent]\n|turn|1\n|inactive|Battle timer is ON: inactive players will automatically lose when time's up. (requested by Pedro404nf)\n|\n|t:|1776361353\n|switch|p1a: Basculegion|Basculegion, L50, M|100/100\n|detailschange|p2a: Starmie|Starmie-Mega, L50\n|-mega|p2a: Starmie|Starmie|Starminite\n|move|p1b: Dragonite|Protect|p1b: Dragonite\n|-singleturn|p1b: Dragonite|Protect\n|move|p2b: Sneasler|Coaching|p2a: Starmie\n|-boost|p2a: Starmie|atk|1\n|-boost|p2a: Starmie|def|1\n|move|p2a: Starmie|Liquidation|p1a: Basculegion\n|-resisted|p1a: Basculegion|1\n|-damage|p1a: Basculegion|48/100\n|-unboost|p1a: Basculegion|def|1\n|\n|upkeep\n|turn|2\n|inactive|Pedro404nf has 30 seconds left.\n|inactive|Pedro404nf has 20 seconds left.\n|\n|t:|1776361393\n|detailschange|p1b: Dragonite|Dragonite-Mega, L50, F, shiny\n|-mega|p1b: Dragonite|Dragonite|Dragoninite\n|move|p2b: Sneasler|Dire Claw|p1b: Dragonite\n|-damage|p1b: Dragonite|81/100\n|-status|p1b: Dragonite|psn\n|move|p1a: Basculegion|Flip Turn|p2b: Sneasler\n|-damage|p2b: Sneasler|32/100\n|\n|t:|1776361400\n|switch|p1a: Incineroar|Incineroar, L50, F|100/100|[from] Flip Turn\n|-ability|p1a: Incineroar|Intimidate|boost\n|-unboost|p2a: Starmie|atk|1\n|-unboost|p2b: Sneasler|atk|1\n|move|p2a: Starmie|Liquidation|p1a: Incineroar\n|-supereffective|p1a: Incineroar|1\n|-damage|p1a: Incineroar|16/100\n|move|p1b: Dragonite|Draco Meteor|p2a: Starmie\n|-damage|p2a: Starmie|0 fnt\n|-unboost|p1b: Dragonite|spa|2\n|faint|p2a: Starmie\n|\n|-damage|p1b: Dragonite|68/100 psn|[from] psn\n|upkeep\n|\n|t:|1776361415\n|switch|p2a: Basculegion|Basculegion, L50, M|100/100\n|turn|3\n|\n|t:|1776361435\n|switch|p1b: Sinistcha|Sinistcha, L50|100/100\n|-heal|p1a: Incineroar|41/100|[from] ability: Hospitality|[of] p1b: Sinistcha\n|move|p2a: Basculegion|Aqua Jet|p1a: Incineroar\n|-supereffective|p1a: Incineroar|1\n|-damage|p1a: Incineroar|0 fnt\n|faint|p1a: Incineroar\n|move|p2b: Sneasler|Coaching|p2a: Basculegion\n|-boost|p2a: Basculegion|atk|1\n|-boost|p2a: Basculegion|def|1\n|\n|upkeep\n|\n|t:|1776361443\n|switch|p1a: Dragonite|Dragonite-Mega, L50, F, shiny|68/100 psn\n|turn|4\n|\n|t:|1776361457\n|move|p2b: Sneasler|Dire Claw|p1b: Sinistcha\n|-damage|p1b: Sinistcha|78/100\n|-status|p1b: Sinistcha|slp\n|move|p1a: Dragonite|Draco Meteor|p2a: Basculegion\n|-damage|p2a: Basculegion|14/100\n|-unboost|p1a: Dragonite|spa|2\n|move|p2a: Basculegion|Last Respects|p1a: Dragonite\n|-damage|p1a: Dragonite|0 fnt\n|faint|p1a: Dragonite\n|cant|p1b: Sinistcha|slp\n|\n|upkeep\n|\n|t:|1776361465\n|switch|p1a: Basculegion|Basculegion, L50, M|48/100\n|turn|5\n|inactive|Pedro404nf has 30 seconds left.\n|\n|t:|1776361494\n|move|p2a: Basculegion|Aqua Jet|p1a: Basculegion\n|-resisted|p1a: Basculegion|1\n|-damage|p1a: Basculegion|17/100\n|move|p2b: Sneasler|Dire Claw|p1a: Basculegion\n|-resisted|p1a: Basculegion|1\n|-damage|p1a: Basculegion|0 fnt\n|faint|p1a: Basculegion\n|-curestatus|p1b: Sinistcha|slp|[msg]\n|move|p1b: Sinistcha|Life Dew|p1b: Sinistcha\n|-heal|p1b: Sinistcha|100/100\n|\n|upkeep\n|turn|6\n|-message|Crash0utVGC forfeited.\n|\n|win|Pedro404nf\n|raw|Crash0utVGC's rating: 1132 &rarr; <strong>1107</strong><br />(-25 for losing)\n|raw|Pedro404nf's rating: 1127 &rarr; <strong>1152</strong><br />(+25 for winning)\n",
  "uploadtime": 1776361499,
  "views": 16,
  "formatid": "gen9championsvgc2026regma",
  "rating": 1107,
  "private": 0,
  "password": null
}