{
  "id": "gen9championsvgc2026regma-2588003352",
  "format": "[Gen 9 Champions] VGC 2026 Reg M-A",
  "players": [
    "karan4",
    "23456789XB"
  ],
  "log": "|j|\u2606karan4\n|j|\u260623456789XB\n|t:|1776591498\n|gametype|doubles\n|player|p1|karan4|170|1215\n|player|p2|23456789XB|cynthia|1181\n|gen|9\n|tier|[Gen 9 Champions] VGC 2026 Reg M-A\n|rated|\n|rule|Species Clause: Limit one of each Pok\u00e9mon\n|rule|Item Clause: Limit 1 of each item\n|clearpoke\n|poke|p1|Tyranitar, L50, M|\n|poke|p1|Excadrill, L50, F|\n|poke|p1|Incineroar, L50, M|\n|poke|p1|Dragapult, L50, M|\n|poke|p1|Farigiraf, L50, F|\n|poke|p1|Crabominable, L50, F|\n|poke|p2|Slowbro, L50, M|\n|poke|p2|Goodra-Hisui, L50, F|\n|poke|p2|Incineroar, L50, F|\n|poke|p2|Sinistcha, L50|\n|poke|p2|Sneasler, L50, M|\n|poke|p2|Rotom-Heat, L50|\n|teampreview|4\n|inactive|Battle timer is ON: inactive players will automatically lose when time's up. (requested by 23456789XB)\n|\n|t:|1776591519\n|teamsize|p1|4\n|teamsize|p2|4\n|start\n|switch|p1a: Incineroar|Incineroar, L50, M|100/100\n|switch|p1b: Farigiraf|Farigiraf, L50, F|100/100\n|switch|p2a: Slowvro|Slowbro, L50, M|100/100\n|switch|p2b: Air fryer|Rotom-Heat, L50|100/100\n|-ability|p1a: Incineroar|Intimidate|boost\n|-fail|p2a: Slowvro|unboost|Attack|[from] ability: Oblivious|[of] p2a: Slowvro\n|-unboost|p2b: Air fryer|atk|1\n|turn|1\n|\n|t:|1776591535\n|detailschange|p2a: Slowvro|Slowbro-Mega, L50, M\n|-mega|p2a: Slowvro|Slowbro|Slowbronite\n|move|p1a: Incineroar|Fake Out|p2b: Air fryer\n|-damage|p2b: Air fryer|84/100\n|cant|p2b: Air fryer|flinch\n|move|p1b: Farigiraf|Hyper Voice|p2a: Slowvro|[spread] p2a,p2b\n|-damage|p2a: Slowvro|61/100\n|-damage|p2b: Air fryer|31/100\n|move|p2a: Slowvro|Calm Mind|p2a: Slowvro\n|-boost|p2a: Slowvro|spa|1\n|-boost|p2a: Slowvro|spd|1\n|\n|upkeep\n|turn|2\n|\n|t:|1776591555\n|switch|p2b: Health pack|Sinistcha, L50|100/100\n|-heal|p2a: Slowvro|86/100|[from] ability: Hospitality|[of] p2b: Health pack\n|move|p1a: Incineroar|Snarl|p2b: Health pack|[spread] p2a,p2b\n|-supereffective|p2a: Slowvro|1\n|-supereffective|p2b: Health pack|1\n|-damage|p2a: Slowvro|73/100\n|-damage|p2b: Health pack|80/100\n|-unboost|p2a: Slowvro|spa|1\n|-unboost|p2b: Health pack|spa|1\n|move|p2a: Slowvro|Scald|p1a: Incineroar\n|-supereffective|p1a: Incineroar|1\n|-damage|p1a: Incineroar|29/100\n|-enditem|p1a: Incineroar|Sitrus Berry|[eat]\n|-heal|p1a: Incineroar|54/100|[from] item: Sitrus Berry\n|move|p1b: Farigiraf|Trick Room|p1b: Farigiraf\n|-fieldstart|move: Trick Room|[of] p1b: Farigiraf\n|\n|upkeep\n|turn|3\n|\n|t:|1776591574\n|move|p2a: Slowvro|Scald|p1a: Incineroar\n|-supereffective|p1a: Incineroar|1\n|-damage|p1a: Incineroar|0 fnt\n|faint|p1a: Incineroar\n|move|p2b: Health pack|Life Dew|p2b: Health pack|[spread] p2a,p2b\n|-heal|p2a: Slowvro|99/100\n|-heal|p2b: Health pack|100/100\n|move|p1b: Farigiraf|Hyper Voice|p2a: Slowvro|[spread] p2a\n|-immune|p2b: Health pack\n|-damage|p2a: Slowvro|72/100\n|\n|upkeep\n|\n|t:|1776591587\n|switch|p1a: Dragapult|Dragapult, L50, M|100/100\n|turn|4\n|\n|t:|1776591599\n|switch|p1b: Crabominable|Crabominable, L50, F|100/100\n|move|p2a: Slowvro|Calm Mind|p2a: Slowvro\n|-boost|p2a: Slowvro|spa|1\n|-boost|p2a: Slowvro|spd|1\n|move|p2b: Health pack|Life Dew||[still]|[spread] p2a,p2b\n|-heal|p2a: Slowvro|97/100\n|-fail|p2b: Health pack|heal\n|move|p1a: Dragapult|Shadow Ball|p2a: Slowvro\n|-supereffective|p2a: Slowvro|1\n|-damage|p2a: Slowvro|63/100\n|\n|upkeep\n|turn|5\n|\n|t:|1776591620\n|move|p2a: Slowvro|Psychic|p1a: Dragapult\n|-damage|p1a: Dragapult|0 fnt\n|faint|p1a: Dragapult\n|move|p1b: Crabominable|Ice Hammer|p2b: Health pack\n|-supereffective|p2b: Health pack|1\n|-damage|p2b: Health pack|0 fnt\n|-unboost|p1b: Crabominable|spe|1\n|faint|p2b: Health pack\n|\n|upkeep\n|\n|t:|1776591631\n|switch|p2b: Wolfe bot|Incineroar, L50, F|100/100\n|switch|p1a: Farigiraf|Farigiraf, L50, F|100/100\n|-ability|p2b: Wolfe bot|Intimidate|boost\n|-unboost|p1a: Farigiraf|atk|1\n|-fail|p1b: Crabominable|unboost|Attack|[from] ability: Hyper Cutter|[of] p1b: Crabominable\n|turn|6\n|\n|t:|1776591644\n|detailschange|p1b: Crabominable|Crabominable-Mega, L50, F\n|-mega|p1b: Crabominable|Crabominable|Crabominite\n|move|p1b: Crabominable|Drain Punch|p2b: Wolfe bot\n|-supereffective|p2b: Wolfe bot|1\n|-damage|p2b: Wolfe bot|0 fnt\n|faint|p2b: Wolfe bot\n|move|p2a: Slowvro|Psychic|p1b: Crabominable\n|-supereffective|p1b: Crabominable|1\n|-damage|p1b: Crabominable|0 fnt\n|faint|p1b: Crabominable\n|move|p1a: Farigiraf|Hyper Voice|p2a: Slowvro\n|-damage|p2a: Slowvro|38/100\n|\n|-fieldend|move: Trick Room\n|upkeep\n|\n|t:|1776591651\n|switch|p2b: Air fryer|Rotom-Heat, L50|31/100\n|turn|7\n|\n|t:|1776591660\n|move|p2b: Air fryer|Overheat|p1a: Farigiraf\n|-damage|p1a: Farigiraf|33/100\n|-unboost|p2b: Air fryer|spa|2\n|move|p1a: Farigiraf|Hyper Voice|p2a: Slowvro|[spread] p2a,p2b\n|-damage|p2a: Slowvro|18/100\n|-damage|p2b: Air fryer|0 fnt\n|faint|p2b: Air fryer\n|move|p2a: Slowvro|Scald|p1a: Farigiraf\n|-damage|p1a: Farigiraf|0 fnt\n|faint|p1a: Farigiraf\n|\n|win|23456789XB\n|raw|karan4's rating: 1215 &rarr; <strong>1188</strong><br />(-27 for losing)\n|raw|23456789XB's rating: 1181 &rarr; <strong>1208</strong><br />(+27 for winning)\n",
  "uploadtime": 1776591667,
  "views": 8,
  "formatid": "gen9championsvgc2026regma",
  "rating": 1188,
  "private": 0,
  "password": null
}