{
  "id": "gen9championsvgc2026regma-2583009056",
  "format": "[Gen 9 Champions] VGC 2026 Reg M-A",
  "players": [
    "Lucasdarkron",
    "magicpinkeye"
  ],
  "log": "|j|\u2606Lucasdarkron\n|j|\u2606magicpinkeye\n|t:|1776132960\n|gametype|doubles\n|player|p1|Lucasdarkron|youngster-gen4dp|1068\n|player|p2|magicpinkeye|265|1003\n|gen|9\n|tier|[Gen 9 Champions] VGC 2026 Reg M-A\n|rated|\n|rule|Species Clause: Limit one of each Pok\u00e9mon\n|rule|Item Clause: Limit 1 of each item\n|clearpoke\n|poke|p1|Skarmory, L50, F|\n|poke|p1|Incineroar, L50, M|\n|poke|p1|Sinistcha, L50|\n|poke|p1|Arcanine-Hisui, L50, M|\n|poke|p1|Rhyperior, L50, M|\n|poke|p1|Rotom-Heat, L50|\n|poke|p2|Meganium, L50, F|\n|poke|p2|Archaludon, L50, M|\n|poke|p2|Rotom-Fan, L50|\n|poke|p2|Politoed, L50, M|\n|poke|p2|Basculegion, L50, M|\n|poke|p2|Farigiraf, L50, F|\n|teampreview|4\nmagicpinkeye has agreed to open team sheets.\n|\n|t:|1776132990\n|teamsize|p1|4\n|teamsize|p2|4\n|start\n|switch|p1a: Skarmory|Skarmory, L50, F|100/100\n|switch|p1b: Rhyperior|Rhyperior, L50, M|100/100\n|switch|p2a: Meganium|Meganium, L50, F|100/100\n|switch|p2b: Politoed|Politoed, L50, M|100/100\n|-weather|RainDance|[from] ability: Drizzle|[of] p2b: Politoed\n|turn|1\n|inactive|Battle timer is ON: inactive players will automatically lose when time's up. (requested by Lucasdarkron)\n|\n|t:|1776133010\n|switch|p1b: Sinistcha|Sinistcha, L50|100/100\n|detailschange|p1a: Skarmory|Skarmory-Mega, L50, F\n|-mega|p1a: Skarmory|Skarmory|Skarmorite\n|detailschange|p2a: Meganium|Meganium-Mega, L50, F\n|-mega|p2a: Meganium|Meganium|Meganiumite\n|move|p2b: Politoed|Protect|p2b: Politoed\n|-singleturn|p2b: Politoed|Protect\n|move|p1a: Skarmory|Steel Wing|p2a: Meganium\n|-supereffective|p2a: Meganium|1\n|-damage|p2a: Meganium|23/100\n|move|p2a: Meganium|Encore|p1a: Skarmory\n|-start|p1a: Skarmory|Encore\n|\n|-weather|RainDance|[upkeep]\n|upkeep\n|turn|2\n|\n|t:|1776133031\n|switch|p2a: Basculegion|Basculegion, L50, M|100/100\n|move|p1a: Skarmory|Steel Wing|p2a: Basculegion\n|-resisted|p2a: Basculegion|1\n|-damage|p2a: Basculegion|75/100\n|move|p1b: Sinistcha|Shadow Ball|p2a: Basculegion\n|-supereffective|p2a: Basculegion|1\n|-damage|p2a: Basculegion|12/100\n|move|p2b: Politoed|Chilling Water|p1a: Skarmory\n|-damage|p1a: Skarmory|71/100\n|-unboost|p1a: Skarmory|atk|1\n|\n|-weather|RainDance|[upkeep]\n|upkeep\n|turn|3\n|inactive|Lucasdarkron has 30 seconds left.\n|\n|t:|1776133061\n|switch|p2a: Farigiraf|Farigiraf, L50, F|100/100\n|move|p1a: Skarmory|Steel Wing|p2a: Farigiraf\n|-damage|p2a: Farigiraf|74/100\n|move|p1b: Sinistcha|Matcha Gotcha|p2a: Farigiraf|[spread] p2a,p2b\n|-supereffective|p2b: Politoed|1\n|-damage|p2a: Farigiraf|52/100\n|-damage|p2b: Politoed|72/100\n|move|p2b: Politoed|Substitute|p2b: Politoed\n|-start|p2b: Politoed|Substitute\n|-damage|p2b: Politoed|47/100\n|\n|-weather|RainDance|[upkeep]\n|upkeep\n|turn|4\n|inactive|Lucasdarkron has 30 seconds left.\n|\n|t:|1776133088\n|switch|p1b: Rotom|Rotom-Heat, L50|100/100\n|move|p2b: Politoed|Protect|p2b: Politoed\n|-singleturn|p2b: Politoed|Protect\n|move|p1a: Skarmory|Steel Wing|p2a: Farigiraf\n|-damage|p2a: Farigiraf|29/100\n|move|p2a: Farigiraf|Thunder|p1a: Skarmory\n|-supereffective|p1a: Skarmory|1\n|-crit|p1a: Skarmory\n|-damage|p1a: Skarmory|0 fnt\n|faint|p1a: Skarmory\n|\n|-weather|RainDance|[upkeep]\n|upkeep\n|\n|t:|1776133103\n|switch|p1a: Sinistcha|Sinistcha, L50|100/100\n|turn|5\n|\n|t:|1776133122\n|move|p1a: Sinistcha|Protect|p1a: Sinistcha\n|-singleturn|p1a: Sinistcha|Protect\n|move|p2b: Politoed|Protect||[still]\n|-fail|p2b: Politoed\n|move|p1b: Rotom|Discharge|p2a: Farigiraf|[spread] p2a,p2b\n|-activate|p1a: Sinistcha|move: Protect\n|-supereffective|p2b: Politoed|1\n|-end|p2b: Politoed|Substitute\n|-damage|p2a: Farigiraf|5/100\n|-status|p2a: Farigiraf|par\n|move|p2a: Farigiraf|Psychic Noise|p1a: Sinistcha\n|-activate|p1a: Sinistcha|move: Protect\n|\n|-weather|none\n|upkeep\n|turn|6\n|\n|t:|1776133146\n|switch|p1a: Rhyperior|Rhyperior, L50, M|100/100\n|move|p1b: Rotom|Discharge|p2a: Farigiraf|[spread] p2a,p2b\n|-ability|p1a: Rhyperior|Lightning Rod|boost\n|-boost|p1a: Rhyperior|spa|1\n|-crit|p2a: Farigiraf\n|-supereffective|p2b: Politoed|1\n|-enditem|p2b: Politoed|Wacan Berry|[eat]\n|-enditem|p2b: Politoed|Wacan Berry|[weaken]\n|-damage|p2a: Farigiraf|0 fnt\n|-damage|p2b: Politoed|29/100\n|faint|p2a: Farigiraf\n|move|p2b: Politoed|Chilling Water|p1b: Rotom\n|-supereffective|p1b: Rotom|1\n|-damage|p1b: Rotom|53/100\n|-unboost|p1b: Rotom|atk|1\n|-enditem|p1b: Rotom|White Herb\n|-clearnegativeboost|p1b: Rotom|[silent]\n|\n|upkeep\n|\n|t:|1776133160\n|switch|p2a: Basculegion|Basculegion, L50, M|12/100\n|turn|7\n|\n|t:|1776133179\n|switch|p1a: Sinistcha|Sinistcha, L50|100/100\n|-heal|p1b: Rotom|78/100|[from] ability: Hospitality|[of] p1a: Sinistcha\n|move|p2b: Politoed|Protect|p2b: Politoed\n|-singleturn|p2b: Politoed|Protect\n|move|p1b: Rotom|Volt Switch|p2b: Politoed\n|-activate|p2b: Politoed|move: Protect\n|move|p2a: Basculegion|Last Respects|p1b: Rotom\n|-damage|p1b: Rotom|2/100\n|\n|upkeep\n|turn|8\n|inactive|Lucasdarkron has 30 seconds left.\n|\n|t:|1776133205\n|switch|p2b: Meganium|Meganium-Mega, L50, F|23/100\n|move|p1b: Rotom|Volt Switch|p2b: Meganium\n|-resisted|p2b: Meganium|1\n|-damage|p2b: Meganium|11/100\n|\n|t:|1776133212\n|switch|p1b: Rhyperior|Rhyperior, L50, M|100/100|[from] Volt Switch\n|move|p2a: Basculegion|Pain Split|p1a: Sinistcha\n|-sethp|p1a: Sinistcha|57/100|[from] move: Pain Split|[silent]\n|-sethp|p2a: Basculegion|45/100|[from] move: Pain Split\n|move|p1a: Sinistcha|Matcha Gotcha|p2b: Meganium|[spread] p2a,p2b\n|-supereffective|p2a: Basculegion|1\n|-enditem|p2a: Basculegion|Rindo Berry|[eat]\n|-enditem|p2a: Basculegion|Rindo Berry|[weaken]\n|-resisted|p2b: Meganium|1\n|-damage|p2a: Basculegion|23/100\n|-heal|p1a: Sinistcha|72/100|[from] drain|[of] p2a: Basculegion\n|-damage|p2b: Meganium|2/100\n|-heal|p1a: Sinistcha|77/100|[from] drain|[of] p2b: Meganium\n|\n|upkeep\n|turn|9\n|\n|t:|1776133236\n|switch|p2a: Politoed|Politoed, L50, M|29/100\n|-weather|RainDance|[from] ability: Drizzle|[of] p2a: Politoed\n|move|p2b: Meganium|Synthesis|p2b: Meganium\n|-heal|p2b: Meganium|68/100\n|move|p1b: Rhyperior|Rock Polish|p1b: Rhyperior\n|-boost|p1b: Rhyperior|spe|2\n|move|p1a: Sinistcha|Matcha Gotcha|p2a: Politoed|[spread] p2a,p2b\n|-supereffective|p2a: Politoed|1\n|-resisted|p2b: Meganium|1\n|-damage|p2a: Politoed|0 fnt\n|-heal|p1a: Sinistcha|93/100|[from] drain|[of] p2a: Politoed\n|-damage|p2b: Meganium|59/100\n|-heal|p1a: Sinistcha|98/100|[from] drain|[of] p2b: Meganium\n|faint|p2a: Politoed\n|\n|-weather|RainDance|[upkeep]\n|upkeep\n|\n|t:|1776133253\n|switch|p2a: Basculegion|Basculegion, L50, M|23/100\n|turn|10\n|\n|t:|1776133264\n|move|p2a: Basculegion|Liquidation|p1b: Rhyperior\n|-supereffective|p1b: Rhyperior|2\n|-enditem|p1b: Rhyperior|Passho Berry|[eat]\n|-enditem|p1b: Rhyperior|Passho Berry|[weaken]\n|-damage|p1b: Rhyperior|0 fnt\n|faint|p1b: Rhyperior\n|move|p2b: Meganium|Dazzling Gleam|p1a: Sinistcha\n|-damage|p1a: Sinistcha|47/100\n|move|p1a: Sinistcha|Matcha Gotcha|p2a: Basculegion|[spread] p2a,p2b\n|-supereffective|p2a: Basculegion|1\n|-resisted|p2b: Meganium|1\n|-damage|p2a: Basculegion|0 fnt\n|-heal|p1a: Sinistcha|61/100|[from] drain|[of] p2a: Basculegion\n|-damage|p2b: Meganium|50/100\n|-heal|p1a: Sinistcha|66/100|[from] drain|[of] p2b: Meganium\n|-status|p2b: Meganium|brn\n|faint|p2a: Basculegion\n|\n|-weather|RainDance|[upkeep]\n|-damage|p2b: Meganium|44/100 brn|[from] brn\n|upkeep\n|\n|t:|1776133283\n|switch|p1b: Rotom|Rotom-Heat, L50|2/100\n|turn|11\n|\n|t:|1776133293\n|move|p1b: Rotom|Overheat|p2b: Meganium|[miss]\n|-miss|p1b: Rotom|p2b: Meganium\n|move|p2b: Meganium|Dazzling Gleam|p1b: Rotom|[spread] p1a,p1b\n|-resisted|p1b: Rotom|1\n|-damage|p1a: Sinistcha|29/100\n|-damage|p1b: Rotom|0 fnt\n|faint|p1b: Rotom\n|move|p1a: Sinistcha|Shadow Ball|p2b: Meganium\n|-damage|p2b: Meganium|20/100 brn\n|\n|-weather|RainDance|[upkeep]\n|-damage|p2b: Meganium|14/100 brn|[from] brn\n|upkeep\n|turn|12\n|\n|t:|1776133305\n|move|p1a: Sinistcha|Protect|p1a: Sinistcha\n|-singleturn|p1a: Sinistcha|Protect\n|move|p2b: Meganium|Dazzling Gleam|p1a: Sinistcha\n|-activate|p1a: Sinistcha|move: Protect\n|\n|-weather|RainDance|[upkeep]\n|-damage|p2b: Meganium|8/100 brn|[from] brn\n|upkeep\n|turn|13\n|\n|t:|1776133312\n|move|p1a: Sinistcha|Protect|p1a: Sinistcha\n|-singleturn|p1a: Sinistcha|Protect\n|move|p2b: Meganium|Dazzling Gleam|p1a: Sinistcha\n|-activate|p1a: Sinistcha|move: Protect\n|\n|-weather|none\n|-damage|p2b: Meganium|2/100 brn|[from] brn\n|upkeep\n|turn|14\n|\n|t:|1776133321\n|move|p2b: Meganium|Synthesis|p2b: Meganium\n|-heal|p2b: Meganium|69/100 brn\n|move|p1a: Sinistcha|Shadow Ball|p2b: Meganium\n|-damage|p2b: Meganium|43/100 brn\n|\n|-damage|p2b: Meganium|37/100 brn|[from] brn\n|upkeep\n|turn|15\n|\n|t:|1776133332\n|move|p2b: Meganium|Synthesis|p2b: Meganium\n|-heal|p2b: Meganium|100/100 brn\n|move|p1a: Sinistcha|Strength Sap|p2b: Meganium\n|-unboost|p2b: Meganium|atk|1\n|-heal|p1a: Sinistcha|85/100\n|\n|-damage|p2b: Meganium|95/100 brn|[from] brn\n|upkeep\n|turn|16\n|\n|t:|1776133346\n|move|p2b: Meganium|Dazzling Gleam|p1a: Sinistcha\n|-damage|p1a: Sinistcha|33/100\n|move|p1a: Sinistcha|Strength Sap|p2b: Meganium\n|-unboost|p2b: Meganium|atk|1\n|-heal|p1a: Sinistcha|70/100\n|\n|-damage|p2b: Meganium|89/100 brn|[from] brn\n|upkeep\n|turn|17\n|\n|t:|1776133361\n|move|p1a: Sinistcha|Protect|p1a: Sinistcha\n|-singleturn|p1a: Sinistcha|Protect\n|move|p2b: Meganium|Encore|p1a: Sinistcha\n|-activate|p1a: Sinistcha|move: Protect\n|\n|-damage|p2b: Meganium|83/100 brn|[from] brn\n|upkeep\n|turn|18\n|\n|t:|1776133369\n|move|p2b: Meganium|Encore|p1a: Sinistcha\n|-start|p1a: Sinistcha|Encore\n|move|p1a: Sinistcha|Protect||[still]\n|-fail|p1a: Sinistcha\n|\n|-damage|p2b: Meganium|77/100 brn|[from] brn\n|upkeep\n|turn|19\n|-message|Lucasdarkron forfeited.\n|\n|win|magicpinkeye\n|raw|Lucasdarkron's rating: 1068 &rarr; <strong>1044</strong><br />(-24 for losing)\n|raw|magicpinkeye's rating: 1003 &rarr; <strong>1050</strong><br />(+47 for winning)\n|l|\u2606Lucasdarkron\n|player|p1|\n",
  "uploadtime": 1776133384,
  "views": 14,
  "formatid": "gen9championsvgc2026regma",
  "rating": 1044,
  "private": 0,
  "password": null
}