{
  "id": "gen9championsvgc2026regma-2584108610",
  "format": "[Gen 9 Champions] VGC 2026 Reg M-A",
  "players": [
    "orionsayshi",
    "Dremtrin"
  ],
  "log": "|j|\u2606orionsayshi\n|j|\u203dDremtrin\n|t:|1776226043\n|gametype|doubles\n|player|p1|orionsayshi|elesa|1101\n|player|p2|Dremtrin|169|1107\n|gen|9\n|tier|[Gen 9 Champions] VGC 2026 Reg M-A\n|rated|\n|rule|Species Clause: Limit one of each Pok\u00e9mon\n|rule|Item Clause: Limit 1 of each item\n|clearpoke\n|poke|p1|Gengar, L50, F|\n|poke|p1|Sinistcha, L50|\n|poke|p1|Blastoise, L50, M|\n|poke|p1|Sableye, L50, M|\n|poke|p1|Kommo-o, L50, F|\n|poke|p1|Meowscarada, L50, M|\n|poke|p2|Alakazam, L50, M|\n|poke|p2|Meowstic, L50, M|\n|poke|p2|Ceruledge, L50, F|\n|poke|p2|Heracross, L50, M|\n|poke|p2|Hydreigon, L50, M|\n|poke|p2|Clefable, L50, F|\n|teampreview|4\n|inactive|Battle timer is ON: inactive players will automatically lose when time's up. (requested by Dremtrin)\n|\n|t:|1776226070\n|teamsize|p1|4\n|teamsize|p2|4\n|start\n|switch|p1a: Gengar|Gengar, L50, F|100/100\n|switch|p1b: Sinistcha|Sinistcha, L50|100/100\n|switch|p2a: Hydreigon|Hydreigon, L50, M|100/100\n|switch|p2b: Meowstic|Meowstic, L50, M|100/100\n|turn|1\n|\n|t:|1776226079\n|detailschange|p1a: Gengar|Gengar-Mega, L50, F\n|-mega|p1a: Gengar|Gengar|Gengarite\n|move|p1b: Sinistcha|Rage Powder|p1b: Sinistcha\n|-singleturn|p1b: Sinistcha|move: Rage Powder\n|move|p2b: Meowstic|Psychic Terrain|p2b: Meowstic\n|-fieldstart|move: Psychic Terrain\n|move|p1a: Gengar|Perish Song|p1a: Gengar\n|-start|p1a: Gengar|perish3|[silent]\n|-start|p1b: Sinistcha|perish3|[silent]\n|-start|p2a: Hydreigon|perish3|[silent]\n|-start|p2b: Meowstic|perish3|[silent]\n|-fieldactivate|move: Perish Song\n|move|p2a: Hydreigon|Tailwind|p2a: Hydreigon\n|-sidestart|p2: Dremtrin|move: Tailwind\n|\n|-start|p2b: Meowstic|perish3\n|-start|p2a: Hydreigon|perish3\n|-start|p1a: Gengar|perish3\n|-start|p1b: Sinistcha|perish3\n|upkeep\n|turn|2\n|\n|t:|1776226100\n|move|p1a: Gengar|Protect|p1a: Gengar\n|-singleturn|p1a: Gengar|Protect\n|move|p1b: Sinistcha|Protect|p1b: Sinistcha\n|-singleturn|p1b: Sinistcha|Protect\n|move|p2b: Meowstic|Expanding Force|p1a: Gengar|[spread] \n|-activate|p1a: Gengar|move: Protect\n|-activate|p1b: Sinistcha|move: Protect\n|move|p2a: Hydreigon|Dragon Pulse|p1a: Gengar\n|-activate|p1a: Gengar|move: Protect\n|\n|-start|p2b: Meowstic|perish2\n|-start|p2a: Hydreigon|perish2\n|-start|p1a: Gengar|perish2\n|-start|p1b: Sinistcha|perish2\n|upkeep\n|turn|3\n|\n|t:|1776226106\n|move|p1a: Gengar|Protect||[still]\n|-fail|p1a: Gengar\n|move|p1b: Sinistcha|Rage Powder|p1b: Sinistcha\n|-singleturn|p1b: Sinistcha|move: Rage Powder\n|move|p2b: Meowstic|Expanding Force|p1b: Sinistcha|[spread] p1a,p1b\n|-supereffective|p1a: Gengar|1\n|-damage|p1a: Gengar|18/100\n|-damage|p1b: Sinistcha|71/100\n|move|p2a: Hydreigon|Dragon Pulse|p1b: Sinistcha\n|-damage|p1b: Sinistcha|30/100\n|-enditem|p1b: Sinistcha|Sitrus Berry|[eat]\n|-heal|p1b: Sinistcha|55/100|[from] item: Sitrus Berry\n|\n|-start|p2b: Meowstic|perish1\n|-start|p2a: Hydreigon|perish1\n|-start|p1a: Gengar|perish1\n|-start|p1b: Sinistcha|perish1\n|upkeep\n|turn|4\n|\n|t:|1776226129\n|switch|p1a: Sableye|Sableye, L50, M|100/100\n|switch|p1b: Kommo-o|Kommo-o, L50, F|100/100\n|move|p2b: Meowstic|Expanding Force|p1b: Kommo-o|[spread] p1b\n|-immune|p1a: Sableye\n|-supereffective|p1b: Kommo-o|1\n|-damage|p1b: Kommo-o|38/100\n|move|p2a: Hydreigon|Dragon Pulse|p1b: Kommo-o\n|-supereffective|p1b: Kommo-o|1\n|-damage|p1b: Kommo-o|0 fnt\n|faint|p1b: Kommo-o\n|\n|-start|p2b: Meowstic|perish0\n|-start|p2a: Hydreigon|perish0\n|-sideend|p2: Dremtrin|move: Tailwind\n|faint|p2b: Meowstic\n|faint|p2a: Hydreigon\n|upkeep\n|inactive|Dremtrin has 30 seconds left.\n|\n|t:|1776226156\n|switch|p2b: Heracross|Heracross, L50, M|100/100\n|switch|p2a: Alakazam|Alakazam, L50, M|100/100\n|switch|p1b: Gengar|Gengar-Mega, L50, F|18/100\n|turn|5\n|\n|t:|1776226169\n|detailschange|p2a: Alakazam|Alakazam-Mega, L50, M\n|-mega|p2a: Alakazam|Alakazam|Alakazite\n|-ability|p2a: Alakazam|Prankster|Trace|[from] ability: Trace|[of] p1a: Sableye\n|move|p1a: Sableye|Protect|p1a: Sableye\n|-singleturn|p1a: Sableye|Protect\n|move|p1b: Gengar|Protect|p1b: Gengar\n|-singleturn|p1b: Gengar|Protect\n|move|p2a: Alakazam|Dazzling Gleam|p1b: Gengar|[spread] \n|-activate|p1a: Sableye|move: Protect\n|-activate|p1b: Gengar|move: Protect\n|move|p2b: Heracross|Pin Missile|p1a: Sableye\n|-activate|p1a: Sableye|move: Protect\n|\n|-fieldend|move: Psychic Terrain\n|upkeep\n|turn|6\n|\n|t:|1776226185\n|move|p1a: Sableye|Disable|p2a: Alakazam\n|-start|p2a: Alakazam|Disable|Dazzling Gleam\n|cant|p2a: Alakazam|Disable|Dazzling Gleam\n|move|p1b: Gengar|Perish Song|p1b: Gengar\n|-start|p1a: Sableye|perish3|[silent]\n|-start|p1b: Gengar|perish3|[silent]\n|-start|p2a: Alakazam|perish3|[silent]\n|-start|p2b: Heracross|perish3|[silent]\n|-fieldactivate|move: Perish Song\n|move|p2b: Heracross|Pin Missile|p1a: Sableye\n|-damage|p1a: Sableye|87/100\n|-damage|p1a: Sableye|72/100\n|-damage|p1a: Sableye|57/100\n|-damage|p1a: Sableye|43/100\n|-hitcount|p1a: Sableye|4\n|\n|-start|p2a: Alakazam|perish3\n|-start|p1b: Gengar|perish3\n|-start|p2b: Heracross|perish3\n|-start|p1a: Sableye|perish3\n|upkeep\n|turn|7\n|\n|t:|1776226201\n|move|p2a: Alakazam|Protect|p2a: Alakazam\n|-singleturn|p2a: Alakazam|Protect\n|move|p1a: Sableye|Protect|p1a: Sableye\n|-singleturn|p1a: Sableye|Protect\n|move|p1b: Gengar|Protect|p1b: Gengar\n|-singleturn|p1b: Gengar|Protect\n|move|p2b: Heracross|Pin Missile|p1a: Sableye\n|-activate|p1a: Sableye|move: Protect\n|\n|-start|p2a: Alakazam|perish2\n|-start|p1b: Gengar|perish2\n|-start|p2b: Heracross|perish2\n|-start|p1a: Sableye|perish2\n|upkeep\n|turn|8\n|\n|t:|1776226209\n|move|p1b: Gengar|Protect||[still]\n|-fail|p1b: Gengar\n|move|p1a: Sableye|Encore|p2a: Alakazam\n|-start|p2a: Alakazam|Encore\n|move|p2a: Alakazam|Protect|p2a: Alakazam\n|-singleturn|p2a: Alakazam|Protect\n|move|p2b: Heracross|Pin Missile|p1a: Sableye\n|-damage|p1a: Sableye|29/100\n|-damage|p1a: Sableye|15/100\n|-hitcount|p1a: Sableye|2\n|\n|-start|p2a: Alakazam|perish1\n|-start|p1b: Gengar|perish1\n|-start|p2b: Heracross|perish1\n|-start|p1a: Sableye|perish1\n|upkeep\n|turn|9\n|-message|Dremtrin forfeited.\n|\n|win|orionsayshi\n|raw|orionsayshi's rating: 1101 &rarr; <strong>1126</strong><br />(+25 for winning)\n|raw|Dremtrin's rating: 1107 &rarr; <strong>1082</strong><br />(-25 for losing)\n|l|\u203dDremtrin\n|player|p2|\n",
  "uploadtime": 1776226222,
  "views": 19,
  "formatid": "gen9championsvgc2026regma",
  "rating": 1082,
  "private": 0,
  "password": null
}