{
  "id": "gen9championsvgc2026regma-2584316036",
  "format": "[Gen 9 Champions] VGC 2026 Reg M-A",
  "players": [
    "BigRoflet",
    "Alvaropaz06"
  ],
  "log": "|j|\u203dBigRoflet\n|j|\u2606Alvaropaz06\n|t:|1776250447\n|gametype|doubles\n|player|p1|BigRoflet|harlequin|1228\n|player|p2|Alvaropaz06|266|1330\n|gen|9\n|tier|[Gen 9 Champions] VGC 2026 Reg M-A\n|rated|\n|rule|Species Clause: Limit one of each Pok\u00e9mon\n|rule|Item Clause: Limit 1 of each item\n|clearpoke\n|poke|p1|Incineroar, L50, M|\n|poke|p1|Farigiraf, L50, F|\n|poke|p1|Aerodactyl, L50, F|\n|poke|p1|Archaludon, L50, F|\n|poke|p1|Chesnaught, L50, F|\n|poke|p1|Gengar, L50, F|\n|poke|p2|Froslass, L50, F|\n|poke|p2|Garchomp, L50, M|\n|poke|p2|Milotic, L50, F|\n|poke|p2|Sneasler, L50, M|\n|poke|p2|Kingambit, L50, F|\n|poke|p2|Whimsicott, L50, F|\n|teampreview|4\nAlvaropaz06 has agreed to open team sheets.\n|inactive|Battle timer is ON: inactive players will automatically lose when time's up. (requested by Alvaropaz06)\n|inactive|BigRoflet has 60 seconds left.\n|\n|t:|1776250505\n|teamsize|p1|4\n|teamsize|p2|4\n|start\n|switch|p1a: Farigiraf|Farigiraf, L50, F|100/100\n|switch|p1b: Incineroar|Incineroar, L50, M|100/100\n|switch|p2a: Milotic|Milotic, L50, F|100/100\n|switch|p2b: Sneasler|Sneasler, L50, M|100/100\n|-ability|p1b: Incineroar|Intimidate|boost\n|-unboost|p2a: Milotic|atk|1\n|-ability|p2a: Milotic|Competitive|boost\n|-boost|p2a: Milotic|spa|2\n|-unboost|p2b: Sneasler|atk|1\n|-enditem|p2b: Sneasler|White Herb\n|-clearnegativeboost|p2b: Sneasler|[silent]\n|turn|1\n|inactive|BigRoflet has 30 seconds left.\n|inactive|Alvaropaz06 has 30 seconds left.\n|\n|t:|1776250537\n|move|p2b: Sneasler|Close Combat|p1b: Incineroar\n|-supereffective|p1b: Incineroar|1\n|-damage|p1b: Incineroar|0 fnt\n|-unboost|p2b: Sneasler|def|1\n|-unboost|p2b: Sneasler|spd|1\n|faint|p1b: Incineroar\n|move|p2a: Milotic|Scald|p1a: Farigiraf\n|-damage|p1a: Farigiraf|34/100\n|-enditem|p1a: Farigiraf|Sitrus Berry|[eat]\n|-heal|p1a: Farigiraf|59/100|[from] item: Sitrus Berry\n|move|p1a: Farigiraf|Trick Room|p1a: Farigiraf\n|-fieldstart|move: Trick Room|[of] p1a: Farigiraf\n|\n|upkeep\n|\n|t:|1776250552\n|switch|p1b: Chesnaught|Chesnaught, L50, F|100/100\n|turn|2\n|\n|t:|1776250565\n|switch|p2b: Kingambit|Kingambit, L50, F|100/100\n|detailschange|p1b: Chesnaught|Chesnaught-Mega, L50, F\n|-mega|p1b: Chesnaught|Chesnaught|Chesnaughtite\n|move|p2a: Milotic|Protect|p2a: Milotic\n|-singleturn|p2a: Milotic|Protect\n|move|p1b: Chesnaught|Body Press|p2a: Milotic\n|-activate|p2a: Milotic|move: Protect\n|move|p1a: Farigiraf|Thunderbolt|p2a: Milotic\n|-activate|p2a: Milotic|move: Protect\n|\n|upkeep\n|turn|3\n|inactive|BigRoflet has 30 seconds left.\n|inactive|BigRoflet has 20 seconds left.\n|\n|t:|1776250605\n|switch|p1b: Archaludon|Archaludon, L50, F|100/100\n|move|p2b: Kingambit|Protect|p2b: Kingambit\n|-singleturn|p2b: Kingambit|Protect\n|move|p1a: Farigiraf|Thunderbolt|p2a: Milotic\n|-supereffective|p2a: Milotic|1\n|-damage|p2a: Milotic|69/100\n|move|p2a: Milotic|Blizzard|p1a: Farigiraf|[spread] p1b\n|-miss|p2a: Milotic|p1a: Farigiraf\n|-damage|p1b: Archaludon|50/100\n|-ability|p1b: Archaludon|Stamina|boost\n|-boost|p1b: Archaludon|def|1\n|\n|-heal|p2a: Milotic|75/100|[from] item: Leftovers\n|-heal|p1b: Archaludon|56/100|[from] item: Leftovers\n|upkeep\n|turn|4\n|inactive|BigRoflet has 30 seconds left.\n|\n|t:|1776250632\n|switch|p1a: Chesnaught|Chesnaught-Mega, L50, F|100/100\n|move|p2b: Kingambit|Kowtow Cleave|p1b: Archaludon\n|-damage|p1b: Archaludon|24/100\n|-ability|p1b: Archaludon|Stamina|boost\n|-boost|p1b: Archaludon|def|1\n|move|p2a: Milotic|Blizzard|p1a: Chesnaught|[spread] p1a\n|-miss|p2a: Milotic|p1b: Archaludon\n|-supereffective|p1a: Chesnaught|1\n|-damage|p1a: Chesnaught|32/100\n|move|p1b: Archaludon|Draco Meteor|p2a: Milotic\n|-damage|p2a: Milotic|32/100\n|-unboost|p1b: Archaludon|spa|2\n|\n|-heal|p2a: Milotic|38/100|[from] item: Leftovers\n|-heal|p1b: Archaludon|30/100|[from] item: Leftovers\n|upkeep\n|turn|5\n|inactive|BigRoflet has 30 seconds left.\n|inactive|Alvaropaz06 has 30 seconds left.\n|inactive|BigRoflet has 20 seconds left.\n|\n|t:|1776250672\n|move|p2b: Kingambit|Protect|p2b: Kingambit\n|-singleturn|p2b: Kingambit|Protect\n|move|p1b: Archaludon|Protect|p1b: Archaludon\n|-singleturn|p1b: Archaludon|Protect\n|move|p1a: Chesnaught|Body Press|p2a: Milotic\n|-damage|p2a: Milotic|0 fnt\n|faint|p2a: Milotic\n|\n|-heal|p1b: Archaludon|36/100|[from] item: Leftovers\n|-fieldend|move: Trick Room\n|upkeep\n|\n|t:|1776250684\n|switch|p2a: Sneasler|Sneasler, L50, M|100/100\n|turn|6\n|\n|t:|1776250701\n|switch|p1b: Farigiraf|Farigiraf, L50, F|59/100\n|move|p2a: Sneasler|Fake Out||[still]\n|cant|p1b: Farigiraf|ability: Armor Tail|Fake Out|[of] p2a: Sneasler\n|move|p2b: Kingambit|Iron Head|p1a: Chesnaught\n|-damage|p1a: Chesnaught|4/100\n|move|p1a: Chesnaught|Body Press|p2b: Kingambit\n|-supereffective|p2b: Kingambit|2\n|-damage|p2b: Kingambit|0 fnt\n|faint|p2b: Kingambit\n|\n|upkeep\n|\n|t:|1776250709\n|switch|p2b: Garchomp|Garchomp, L50, M|100/100\n|turn|7\n|\n|t:|1776250732\n|move|p1a: Chesnaught|Spiky Shield|p1a: Chesnaught\n|-singleturn|p1a: Chesnaught|move: Protect\n|move|p2b: Garchomp|Stomping Tantrum|p1b: Farigiraf\n|-damage|p1b: Farigiraf|26/100\n|move|p2a: Sneasler|Dire Claw|p1a: Chesnaught\n|-activate|p1a: Chesnaught|move: Protect\n|-damage|p2a: Sneasler|88/100|[from] Spiky Shield|[of] p1a: Chesnaught\n|move|p1b: Farigiraf|Trick Room|p1b: Farigiraf\n|-fieldstart|move: Trick Room|[of] p1b: Farigiraf\n|\n|upkeep\n|turn|8\n|inactive|Alvaropaz06 has 30 seconds left.\n|\n|t:|1776250759\n|switch|p1a: Archaludon|Archaludon, L50, F|36/100\n|move|p1b: Farigiraf|Dazzling Gleam|p2a: Sneasler|[spread] p2a,p2b\n|-supereffective|p2b: Garchomp|1\n|-damage|p2a: Sneasler|67/100\n|-damage|p2b: Garchomp|63/100\n|move|p2a: Sneasler|Dire Claw|p1a: Archaludon\n|-immune|p1a: Archaludon\n|move|p2b: Garchomp|Stomping Tantrum|p1b: Farigiraf\n|-damage|p1b: Farigiraf|0 fnt\n|faint|p1b: Farigiraf\n|\n|-heal|p1a: Archaludon|42/100|[from] item: Leftovers\n|upkeep\n|\n|t:|1776250776\n|switch|p1b: Chesnaught|Chesnaught-Mega, L50, F|4/100\n|turn|9\n|\n|t:|1776250785\n|move|p1b: Chesnaught|Spiky Shield|p1b: Chesnaught\n|-singleturn|p1b: Chesnaught|move: Protect\n|move|p1a: Archaludon|Draco Meteor|p2b: Garchomp\n|-supereffective|p2b: Garchomp|1\n|-damage|p2b: Garchomp|0 fnt\n|-unboost|p1a: Archaludon|spa|2\n|faint|p2b: Garchomp\n|move|p2a: Sneasler|Dire Claw|p1b: Chesnaught\n|-activate|p1b: Chesnaught|move: Protect\n|-damage|p2a: Sneasler|55/100|[from] Spiky Shield|[of] p1b: Chesnaught\n|\n|-heal|p1a: Archaludon|48/100|[from] item: Leftovers\n|upkeep\n|turn|10\n|\n|t:|1776250808\n|move|p1b: Chesnaught|Rock Slide|p2a: Sneasler\n|-resisted|p2a: Sneasler|1\n|-damage|p2a: Sneasler|36/100\n|move|p1a: Archaludon|Draco Meteor|p2a: Sneasler|[miss]\n|-miss|p1a: Archaludon|p2a: Sneasler\n|move|p2a: Sneasler|Dire Claw|p1b: Chesnaught\n|-supereffective|p1b: Chesnaught|1\n|-damage|p1b: Chesnaught|0 fnt\n|faint|p1b: Chesnaught\n|\n|-heal|p1a: Archaludon|54/100|[from] item: Leftovers\n|upkeep\n|turn|11\n|\n|t:|1776250825\n|move|p1a: Archaludon|Draco Meteor|p2a: Sneasler\n|-damage|p2a: Sneasler|0 fnt\n|-unboost|p1a: Archaludon|spa|2\n|faint|p2a: Sneasler\n|\n|win|BigRoflet\n|raw|BigRoflet's rating: 1228 &rarr; <strong>1260</strong><br />(+32 for winning)\n|raw|Alvaropaz06's rating: 1330 &rarr; <strong>1304</strong><br />(-26 for losing)\n|l|\u2606Alvaropaz06\n|player|p2|\n",
  "uploadtime": 1776250914,
  "views": 67,
  "formatid": "gen9championsvgc2026regma",
  "rating": 1260,
  "private": 0,
  "password": null
}