{
  "id": "gen9championsvgc2026regma-2587838245",
  "format": "[Gen 9 Champions] VGC 2026 Reg M-A",
  "players": [
    "Ballos46",
    "asgore's car"
  ],
  "log": "|j|\u2606Ballos46\n|j|\u2606asgore's car\n|t:|1776569203\n|gametype|doubles\n|player|p1|Ballos46|265|\n|player|p2|asgore's car|guitarist|\n|gen|9\n|tier|[Gen 9 Champions] VGC 2026 Reg M-A\n|rule|Species Clause: Limit one of each Pok\u00e9mon\n|rule|Item Clause: Limit 1 of each item\n|clearpoke\n|poke|p1|Sneasler, L50, M|\n|poke|p1|Froslass, L50, F|\n|poke|p1|Arcanine-Hisui, L50, M|\n|poke|p1|Kingambit, L50, M|\n|poke|p1|Whimsicott, L50, M|\n|poke|p1|Farigiraf, L50, M|\n|poke|p2|Pelipper, L50, F, shiny|\n|poke|p2|Chesnaught, L50, F|\n|poke|p2|Basculegion, L50, M|\n|poke|p2|Archaludon, L50, F, shiny|\n|poke|p2|Incineroar, L50, F|\n|poke|p2|Kingambit, L50, F|\n|teampreview|4\n|inactive|Battle timer is ON: inactive players will automatically lose when time's up. (requested by Ballos46)\nasgore's car has agreed to open team sheets.\n|\n|t:|1776569222\n|teamsize|p1|4\n|teamsize|p2|4\n|start\n|switch|p1a: Sneasler|Sneasler, L50, M|100/100\n|switch|p1b: Whimsicott|Whimsicott, L50, M|100/100\n|switch|p2a: Pelipper|Pelipper, L50, F, shiny|100/100\n|switch|p2b: Basculegion|Basculegion, L50, M|100/100\n|-weather|RainDance|[from] ability: Drizzle|[of] p2a: Pelipper\n|turn|1\n|inactive|asgore's car has 30 seconds left.\n|\n|t:|1776569254\n|switch|p2a: Archaludon|Archaludon, L50, F, shiny|100/100\n|move|p1a: Sneasler|Fake Out|p2b: Basculegion\n|-immune|p2b: Basculegion\n|move|p1b: Whimsicott|Taunt|p2a: Archaludon\n|-start|p2a: Archaludon|move: Taunt\n|move|p2b: Basculegion|Flip Turn|p1a: Sneasler\n|-damage|p1a: Sneasler|0 fnt\n|faint|p1a: Sneasler\n|\n|t:|1776569265\n|switch|p2b: Pelipper|Pelipper, L50, F, shiny|100/100|[from] Flip Turn\n|\n|-weather|RainDance|[upkeep]\n|upkeep\n|\n|t:|1776569279\n|switch|p1a: Froslass|Froslass, L50, F|100/100\n|turn|2\n|\n|t:|1776569297\n|switch|p2b: Basculegion|Basculegion, L50, M|100/100\n|detailschange|p1a: Froslass|Froslass-Mega, L50, F\n|-mega|p1a: Froslass|Froslass|Froslassite\n|-weather|Snowscape|[from] ability: Snow Warning|[of] p1a: Froslass\n|move|p1b: Whimsicott|Taunt|p2b: Basculegion\n|-start|p2b: Basculegion|move: Taunt\n|move|p1a: Froslass|Blizzard|p2a: Archaludon|[spread] p2a,p2b\n|-resisted|p2b: Basculegion|1\n|-damage|p2a: Archaludon|42/100\n|-damage|p2b: Basculegion|70/100\n|-status|p2b: Basculegion|frz\n|-ability|p2a: Archaludon|Stamina|boost\n|-boost|p2a: Archaludon|def|1\n|move|p2a: Archaludon|Flash Cannon|p1b: Whimsicott\n|-supereffective|p1b: Whimsicott|1\n|-enditem|p1b: Whimsicott|Focus Sash\n|-damage|p1b: Whimsicott|1/100\n|\n|-weather|Snowscape|[upkeep]\n|upkeep\n|turn|3\n|inactive|asgore's car has 30 seconds left.\n|inactive|asgore's car has 20 seconds left.\n|inactive|asgore's car has 15 seconds left.\n|\n|t:|1776569340\n|switch|p2a: Pelipper|Pelipper, L50, F, shiny|100/100\n|-weather|RainDance|[from] ability: Drizzle|[of] p2a: Pelipper\n|cant|p2b: Basculegion|frz\n|move|p1b: Whimsicott|Tailwind|p1b: Whimsicott\n|-sidestart|p1: Ballos46|move: Tailwind\n|move|p1a: Froslass|Blizzard|p2b: Basculegion|[spread] p2b\n|-miss|p1a: Froslass|p2a: Pelipper\n|-resisted|p2b: Basculegion|1\n|-damage|p2b: Basculegion|39/100 frz\n|\n|-weather|RainDance|[upkeep]\n|upkeep\n|turn|4\n|inactive|Ballos46 has 30 seconds left.\n|inactive|asgore's car has 30 seconds left.\n|\n|t:|1776569371\n|switch|p1a: Kingambit|Kingambit, L50, M|100/100\n|move|p2a: Pelipper|Wide Guard|p2a: Pelipper\n|-singleturn|p2a: Pelipper|Wide Guard\n|move|p1b: Whimsicott|Moonblast|p2b: Basculegion\n|-damage|p2b: Basculegion|8/100 frz\n|cant|p2b: Basculegion|frz\n|\n|-weather|RainDance|[upkeep]\n|-end|p2b: Basculegion|move: Taunt\n|upkeep\n|turn|5\n|inactive|Ballos46 has 30 seconds left.\n|inactive|asgore's car has 30 seconds left.\n|inactive|asgore's car has 20 seconds left.\n|inactive|asgore's car has 15 seconds left.\n|\n|t:|1776569411\n|move|p1b: Whimsicott|Taunt|p2a: Pelipper\n|-start|p2a: Pelipper|move: Taunt\n|-curestatus|p2b: Basculegion|frz|[msg]\n|move|p2b: Basculegion|Aqua Jet|p1b: Whimsicott\n|-resisted|p1b: Whimsicott|1\n|-damage|p1b: Whimsicott|0 fnt\n|faint|p1b: Whimsicott\n|move|p1a: Kingambit|Sucker Punch||[still]\n|-fail|p1a: Kingambit\n|cant|p2a: Pelipper|move: Taunt|Tailwind\n|\n|-weather|RainDance|[upkeep]\n|upkeep\n|\n|t:|1776569429\n|switch|p1b: Froslass|Froslass-Mega, L50, F|100/100\n|-weather|Snowscape|[from] ability: Snow Warning|[of] p1b: Froslass\n|turn|6\n|inactive|Ballos46 has 30 seconds left.\n|inactive|Ballos46 has 20 seconds left.\n|\n|t:|1776569464\n|switch|p2a: Kingambit|Kingambit, L50, F|100/100\n|move|p1b: Froslass|Protect|p1b: Froslass\n|-singleturn|p1b: Froslass|Protect\n|move|p2b: Basculegion|Aqua Jet|p1b: Froslass\n|-activate|p1b: Froslass|move: Protect\n|move|p1a: Kingambit|Kowtow Cleave|p2b: Basculegion\n|-supereffective|p2b: Basculegion|1\n|-damage|p2b: Basculegion|0 fnt\n|faint|p2b: Basculegion\n|\n|-weather|Snowscape|[upkeep]\n|-sideend|p1: Ballos46|move: Tailwind\n|upkeep\n|\n|t:|1776569477\n|switch|p2b: Pelipper|Pelipper, L50, F, shiny|100/100\n|-weather|RainDance|[from] ability: Drizzle|[of] p2b: Pelipper\n|turn|7\n|\n|t:|1776569502\n|move|p1b: Froslass|Aurora Veil||[still]\n|-fail|p1b: Froslass\n|move|p2b: Pelipper|Tailwind|p2b: Pelipper\n|-sidestart|p2: asgore's car|move: Tailwind\n|move|p2a: Kingambit|Swords Dance|p2a: Kingambit\n|-boost|p2a: Kingambit|atk|2\n|move|p1a: Kingambit|Swords Dance|p1a: Kingambit\n|-boost|p1a: Kingambit|atk|2\n|\n|-weather|RainDance|[upkeep]\n|upkeep\n|turn|8\n|inactive|Ballos46 has 30 seconds left.\n|inactive|asgore's car has 30 seconds left.\n|\n|t:|1776569531\n|move|p1b: Froslass|Protect|p1b: Froslass\n|-singleturn|p1b: Froslass|Protect\n|move|p1a: Kingambit|Sucker Punch|p2b: Pelipper\n|-enditem|p2b: Pelipper|Focus Sash\n|-damage|p2b: Pelipper|1/100\n|move|p2b: Pelipper|Weather Ball|p1a: Kingambit\n|-damage|p1a: Kingambit|32/100\n|move|p2a: Kingambit|Kowtow Cleave|p1a: Kingambit\n|-resisted|p1a: Kingambit|1\n|-damage|p1a: Kingambit|0 fnt\n|faint|p1a: Kingambit\n|\n|-weather|RainDance|[upkeep]\n|upkeep\n|turn|9\n|inactive|asgore's car has 30 seconds left.\n|inactive|asgore's car has 20 seconds left.\n|\n|t:|1776569570\n|move|p2b: Pelipper|Wide Guard|p2b: Pelipper\n|-singleturn|p2b: Pelipper|Wide Guard\n|move|p2a: Kingambit|Sucker Punch|p1b: Froslass\n|-supereffective|p1b: Froslass|1\n|-damage|p1b: Froslass|0 fnt\n|faint|p1b: Froslass\n|\n|win|asgore's car\n",
  "uploadtime": 1776569571,
  "views": 6,
  "formatid": "gen9championsvgc2026regma",
  "rating": null,
  "private": 0,
  "password": null
}