{
  "id": "gen9championsvgc2026regma-2585722474",
  "format": "[Gen 9 Champions] VGC 2026 Reg M-A",
  "players": [
    "rekiecnotrampo",
    "DRX34"
  ],
  "log": "|j|\u2606rekiecnotrampo\n|j|\u2606DRX34\n|t:|1776366099\n|gametype|doubles\n|player|p1|rekiecnotrampo|266|1092\n|player|p2|DRX34|ruinmaniac|1164\n|gen|9\n|tier|[Gen 9 Champions] VGC 2026 Reg M-A\n|rated|\n|rule|Species Clause: Limit one of each Pok\u00e9mon\n|rule|Item Clause: Limit 1 of each item\n|clearpoke\n|poke|p1|Camerupt, L50, F|\n|poke|p1|Mr. Rime, L50, M|\n|poke|p1|Morpeko, L50, F|\n|poke|p1|Audino, L50, F|\n|poke|p1|Goodra, L50, F|\n|poke|p1|Roserade, L50, F|\n|poke|p2|Tyranitar, L50, M|\n|poke|p2|Excadrill, L50, F|\n|poke|p2|Noivern, L50, F|\n|poke|p2|Sinistcha, L50|\n|poke|p2|Scizor, L50, F|\n|poke|p2|Rotom-Wash, L50|\n|teampreview|4\n|inactive|Battle timer is ON: inactive players will automatically lose when time's up. (requested by rekiecnotrampo)\n|\n|t:|1776366126\n|teamsize|p1|4\n|teamsize|p2|4\n|start\n|switch|p1a: Roserade|Roserade, L50, F|100/100\n|switch|p1b: Goodra|Goodra, L50, F|100/100\n|switch|p2a: Sinistcha|Sinistcha, L50|100/100\n|switch|p2b: Scizor|Scizor, L50, F|100/100\n|turn|1\n|\n|t:|1776366141\n|move|p1a: Roserade|Sludge Bomb|p2a: Sinistcha\n|-damage|p2a: Sinistcha|48/100\n|move|p2b: Scizor|Bug Bite|p1a: Roserade\n|-damage|p1a: Roserade|11/100\n|move|p1b: Goodra|Curse|p1b: Goodra\n|-unboost|p1b: Goodra|spe|1\n|-boost|p1b: Goodra|atk|1\n|-boost|p1b: Goodra|def|1\n|move|p2a: Sinistcha|Shadow Ball|p1b: Goodra\n|-damage|p1b: Goodra|83/100\n|\n|-heal|p2a: Sinistcha|54/100|[from] item: Leftovers\n|upkeep\n|turn|2\n|\n|t:|1776366159\n|switch|p2a: Tyranitar|Tyranitar, L50, M|100/100\n|-weather|Sandstorm|[from] ability: Sand Stream|[of] p2a: Tyranitar\n|move|p2b: Scizor|Bullet Punch|p1a: Roserade\n|-damage|p1a: Roserade|0 fnt\n|faint|p1a: Roserade\n|move|p1b: Goodra|Knock Off|p2a: Tyranitar\n|-resisted|p2a: Tyranitar|1\n|-damage|p2a: Tyranitar|93/100\n|\n|-weather|Sandstorm|[upkeep]\n|-damage|p1b: Goodra|77/100|[from] Sandstorm\n|upkeep\n|\n|t:|1776366172\n|switch|p1a: Audino|Audino, L50, F|100/100\n|turn|3\n|\n|t:|1776366186\n|detailschange|p2a: Tyranitar|Tyranitar-Mega, L50, M\n|-mega|p2a: Tyranitar|Tyranitar|Tyranitarite\n|move|p2b: Scizor|U-turn|p1a: Audino\n|-damage|p1a: Audino|74/100\n|\n|t:|1776366189\n|switch|p2b: Excadrill|Excadrill, L50, F|100/100|[from] U-turn\n|move|p2a: Tyranitar|Knock Off|p1b: Goodra\n|-damage|p1b: Goodra|36/100\n|-ability|p1b: Goodra|Gooey\n|-unboost|p2a: Tyranitar|spe|1\n|-enditem|p1b: Goodra|Sitrus Berry|[from] move: Knock Off|[of] p2a: Tyranitar\n|move|p1b: Goodra|Curse|p1b: Goodra\n|-unboost|p1b: Goodra|spe|1\n|-boost|p1b: Goodra|atk|1\n|-boost|p1b: Goodra|def|1\n|move|p1a: Audino|Trick Room|p1a: Audino\n|-fieldstart|move: Trick Room|[of] p1a: Audino\n|\n|-weather|Sandstorm|[upkeep]\n|-damage|p1b: Goodra|30/100|[from] Sandstorm\n|-damage|p1a: Audino|68/100|[from] Sandstorm\n|-heal|p1a: Audino|74/100|[from] item: Leftovers\n|upkeep\n|turn|4\n|\n|t:|1776366214\n|move|p1b: Goodra|Dragon Claw|p2a: Tyranitar\n|-damage|p2a: Tyranitar|56/100\n|move|p2a: Tyranitar|Knock Off|p1b: Goodra\n|-damage|p1b: Goodra|10/100\n|-ability|p1b: Goodra|Gooey\n|-unboost|p2a: Tyranitar|spe|1\n|move|p1a: Audino|Heal Pulse|p1b: Goodra\n|-heal|p1b: Goodra|60/100\n|move|p2b: Excadrill|Swords Dance|p2b: Excadrill\n|-boost|p2b: Excadrill|atk|2\n|\n|-weather|Sandstorm|[upkeep]\n|-damage|p1b: Goodra|54/100|[from] Sandstorm\n|-damage|p1a: Audino|68/100|[from] Sandstorm\n|-heal|p1a: Audino|74/100|[from] item: Leftovers\n|upkeep\n|turn|5\n|\n|t:|1776366236\n|move|p2a: Tyranitar|Protect|p2a: Tyranitar\n|-singleturn|p2a: Tyranitar|Protect\n|move|p1b: Goodra|Knock Off|p2b: Excadrill\n|-damage|p2b: Excadrill|42/100\n|-enditem|p2b: Excadrill|Soft Sand|[from] move: Knock Off|[of] p1b: Goodra\n|move|p1a: Audino|Heal Pulse|p1b: Goodra\n|-heal|p1b: Goodra|100/100\n|move|p2b: Excadrill|High Horsepower|p1a: Audino\n|-damage|p1a: Audino|1/100\n|\n|-weather|Sandstorm|[upkeep]\n|-damage|p1b: Goodra|94/100|[from] Sandstorm\n|-damage|p1a: Audino|0 fnt|[from] Sandstorm\n|faint|p1a: Audino\n|upkeep\n|\n|t:|1776366252\n|switch|p1a: Camerupt|Camerupt, L50, F|100/100\n|turn|6\n|\n|t:|1776366269\n|switch|p2a: Sinistcha|Sinistcha, L50|54/100\n|-heal|p2b: Excadrill|67/100|[from] ability: Hospitality|[of] p2a: Sinistcha\n|detailschange|p1a: Camerupt|Camerupt-Mega, L50, F\n|-mega|p1a: Camerupt|Camerupt|Cameruptite\n|move|p1a: Camerupt|Heat Wave|p2a: Sinistcha|[spread] p2a,p2b\n|-supereffective|p2a: Sinistcha|1\n|-supereffective|p2b: Excadrill|1\n|-damage|p2a: Sinistcha|0 fnt\n|-damage|p2b: Excadrill|0 fnt\n|faint|p2a: Sinistcha\n|faint|p2b: Excadrill\n|move|p1b: Goodra|Dragon Claw|p2: Sinistcha|[notarget]\n|-fail|p1b: Goodra\n|\n|-weather|none\n|upkeep\n|\n|t:|1776366282\n|switch|p2a: Tyranitar|Tyranitar-Mega, L50, M|56/100\n|switch|p2b: Scizor|Scizor, L50, F|100/100\n|-weather|Sandstorm|[from] ability: Sand Stream|[of] p2a: Tyranitar\n|turn|7\n|\n|t:|1776366295\n|move|p2a: Tyranitar|Protect|p2a: Tyranitar\n|-singleturn|p2a: Tyranitar|Protect\n|move|p2b: Scizor|Bullet Punch|p1a: Camerupt\n|-resisted|p1a: Camerupt|1\n|-damage|p1a: Camerupt|78/100\n|move|p1a: Camerupt|Heat Wave|p2a: Tyranitar|[spread] p2b\n|-activate|p2a: Tyranitar|move: Protect\n|-supereffective|p2b: Scizor|2\n|-damage|p2b: Scizor|0 fnt\n|faint|p2b: Scizor\n|move|p1b: Goodra|Dragon Claw|p2a: Tyranitar\n|-activate|p2a: Tyranitar|move: Protect\n|\n|-weather|Sandstorm|[upkeep]\n|-damage|p1b: Goodra|88/100|[from] Sandstorm\n|-fieldend|move: Trick Room\n|upkeep\n|turn|8\n|-message|DRX34 forfeited.\n|\n|win|rekiecnotrampo\n|raw|rekiecnotrampo's rating: 1092 &rarr; <strong>1124</strong><br />(+32 for winning)\n|raw|DRX34's rating: 1164 &rarr; <strong>1134</strong><br />(-30 for losing)\n|l|\u2606DRX34\n|player|p2|\n",
  "uploadtime": 1776366312,
  "views": 24,
  "formatid": "gen9championsvgc2026regma",
  "rating": 1124,
  "private": 0,
  "password": null
}