{
  "id": "gen9championsvgc2026regma-2583663432",
  "format": "[Gen 9 Champions] VGC 2026 Reg M-A",
  "players": [
    "1#miraidonhater",
    "Miilanz"
  ],
  "log": "|j|\u26061#miraidonhater\n|j|\u2606Miilanz\n|t:|1776189584\n|gametype|doubles\n|player|p1|1#miraidonhater|n|1229\n|player|p2|Miilanz|caitlin|1255\n|gen|9\n|tier|[Gen 9 Champions] VGC 2026 Reg M-A\n|rated|\n|rule|Species Clause: Limit one of each Pok\u00e9mon\n|rule|Item Clause: Limit 1 of each item\n|clearpoke\n|poke|p1|Aggron, L50, M|\n|poke|p1|Sinistcha, L50|\n|poke|p1|Tyranitar, L50, M|\n|poke|p1|Reuniclus, L50, F|\n|poke|p1|Clefable, L50, F|\n|poke|p1|Sneasler, L50, M|\n|poke|p2|Aerodactyl, L50, M|\n|poke|p2|Incineroar, L50, F|\n|poke|p2|Sneasler, L50, F|\n|poke|p2|Froslass, L50, F|\n|poke|p2|Rotom-Wash, L50|\n|poke|p2|Kingambit, L50, F|\n|teampreview|4\n|j| porygon-epilepz\n|\n|t:|1776189626\n|teamsize|p1|4\n|teamsize|p2|4\n|start\n|switch|p1a: Reuniclus|Reuniclus, L50, F|100/100\n|switch|p1b: THE WALL|Aggron, L50, M|100/100\n|switch|p2a: Froslass|Froslass, L50, F|100/100\n|switch|p2b: Sneasler|Sneasler, L50, F|100/100\n|turn|1\n|inactive|Battle timer is ON: inactive players will automatically lose when time's up. (requested by Miilanz)\n|inactive|1#miraidonhater has 60 seconds left.\n|\n|t:|1776189667\n|detailschange|p2a: Froslass|Froslass-Mega, L50, F\n|-mega|p2a: Froslass|Froslass|Froslassite\n|-weather|Snowscape|[from] ability: Snow Warning|[of] p2a: Froslass\n|move|p1b: THE WALL|Protect|p1b: THE WALL\n|-singleturn|p1b: THE WALL|Protect\n|move|p2b: Sneasler|Fake Out|p1a: Reuniclus\n|-damage|p1a: Reuniclus|86/100\n|move|p2a: Froslass|Aurora Veil|p2a: Froslass\n|-sidestart|p2: Miilanz|move: Aurora Veil\n|cant|p1a: Reuniclus|flinch\n|\n|-weather|Snowscape|[upkeep]\n|-heal|p1a: Reuniclus|92/100|[from] item: Leftovers\n|upkeep\n|turn|2\n|inactive|1#miraidonhater has 30 seconds left.\n|inactive|1#miraidonhater has 20 seconds left.\n|\n|t:|1776189703\n|switch|p1b: Clefable|Clefable, L50, F|100/100\n|switch|p1a: Tyranitar|Tyranitar, L50, M|100/100\n|-weather|Sandstorm|[from] ability: Sand Stream|[of] p1a: Tyranitar\n|move|p2b: Sneasler|Close Combat|p1b: Clefable\n|-resisted|p1b: Clefable|1\n|-damage|p1b: Clefable|76/100\n|-unboost|p2b: Sneasler|def|1\n|-unboost|p2b: Sneasler|spd|1\n|-enditem|p2b: Sneasler|White Herb\n|-clearnegativeboost|p2b: Sneasler|[silent]\n|move|p2a: Froslass|Shadow Ball|p1a: Tyranitar\n|-resisted|p1a: Tyranitar|1\n|-damage|p1a: Tyranitar|89/100\n|\n|-weather|Sandstorm|[upkeep]\n|-damage|p2b: Sneasler|95/100|[from] Sandstorm\n|-damage|p2a: Froslass|95/100|[from] Sandstorm\n|-damage|p1b: Clefable|70/100|[from] Sandstorm\n|upkeep\n|turn|3\n|\n|t:|1776189722\n|switch|p2a: Incineroar|Incineroar, L50, F|100/100\n|-ability|p2a: Incineroar|Intimidate|boost\n|-unboost|p1a: Tyranitar|atk|1\n|-unboost|p1b: Clefable|atk|1\n|move|p1b: Clefable|Follow Me|p1b: Clefable\n|-singleturn|p1b: Clefable|move: Follow Me\n|move|p2b: Sneasler|Close Combat|p1b: Clefable\n|-resisted|p1b: Clefable|1\n|-damage|p1b: Clefable|47/100\n|-unboost|p2b: Sneasler|def|1\n|-unboost|p2b: Sneasler|spd|1\n|move|p1a: Tyranitar|Rock Slide|p2b: Sneasler|[spread] p2a,p2b\n|-supereffective|p2a: Incineroar|1\n|-resisted|p2b: Sneasler|1\n|-damage|p2a: Incineroar|72/100\n|-damage|p2b: Sneasler|75/100\n|\n|-weather|Sandstorm|[upkeep]\n|-damage|p2b: Sneasler|69/100|[from] Sandstorm\n|-damage|p2a: Incineroar|65/100|[from] Sandstorm\n|-damage|p1b: Clefable|41/100|[from] Sandstorm\n|upkeep\n|turn|4\n|inactive|1#miraidonhater has 30 seconds left.\n|inactive|1#miraidonhater has 20 seconds left.\n|\n|t:|1776189760\n|switch|p2a: Froslass|Froslass-Mega, L50, F|95/100\n|-weather|Snowscape|[from] ability: Snow Warning|[of] p2a: Froslass\n|switch|p1a: THE WALL|Aggron, L50, M|100/100\n|move|p1b: Clefable|Protect|p1b: Clefable\n|-singleturn|p1b: Clefable|Protect\n|move|p2b: Sneasler|Dire Claw|p1b: Clefable\n|-activate|p1b: Clefable|move: Protect\n|\n|-weather|Snowscape|[upkeep]\n|upkeep\n|turn|5\n|\n|t:|1776189776\n|detailschange|p1a: THE WALL|Aggron-Mega, L50, M\n|-mega|p1a: THE WALL|Aggron|Aggronite\n|move|p1b: Clefable|Follow Me|p1b: Clefable\n|-singleturn|p1b: Clefable|move: Follow Me\n|move|p2b: Sneasler|Close Combat|p1b: Clefable\n|-resisted|p1b: Clefable|1\n|-damage|p1b: Clefable|18/100\n|-unboost|p2b: Sneasler|def|1\n|-unboost|p2b: Sneasler|spd|1\n|move|p2a: Froslass|Blizzard|p1a: THE WALL|[spread] p1a,p1b\n|-resisted|p1a: THE WALL|1\n|-damage|p1a: THE WALL|84/100\n|-damage|p1b: Clefable|0 fnt\n|faint|p1b: Clefable\n|move|p1a: THE WALL|Iron Defense|p1a: THE WALL\n|-boost|p1a: THE WALL|def|2\n|\n|-weather|Snowscape|[upkeep]\n|-sideend|p2: Miilanz|move: Aurora Veil\n|upkeep\n|\n|t:|1776189792\n|switch|p1b: Tyranitar|Tyranitar, L50, M|89/100\n|-weather|Sandstorm|[from] ability: Sand Stream|[of] p1b: Tyranitar\n|turn|6\n|\n|t:|1776189814\n|switch|p2a: Incineroar|Incineroar, L50, F|65/100\n|-ability|p2a: Incineroar|Intimidate|boost\n|-unboost|p1a: THE WALL|atk|1\n|-unboost|p1b: Tyranitar|atk|1\n|move|p2b: Sneasler|Close Combat|p1b: Tyranitar\n|-supereffective|p1b: Tyranitar|2\n|-enditem|p1b: Tyranitar|Chople Berry|[eat]\n|-enditem|p1b: Tyranitar|Chople Berry|[weaken]\n|-damage|p1b: Tyranitar|0 fnt\n|-unboost|p2b: Sneasler|def|1\n|-unboost|p2b: Sneasler|spd|1\n|faint|p1b: Tyranitar\n|move|p1a: THE WALL|Body Press|p2b: Sneasler\n|-resisted|p2b: Sneasler|1\n|-crit|p2b: Sneasler\n|-damage|p2b: Sneasler|0 fnt\n|faint|p2b: Sneasler\n|\n|-weather|Sandstorm|[upkeep]\n|-damage|p2a: Incineroar|59/100|[from] Sandstorm\n|upkeep\n|\n|t:|1776189830\n|switch|p2b: Froslass|Froslass-Mega, L50, F|95/100\n|switch|p1b: Reuniclus|Reuniclus, L50, F|92/100\n|-weather|Snowscape|[from] ability: Snow Warning|[of] p2b: Froslass\n|turn|7\n|inactive|1#miraidonhater has 30 seconds left.\n|inactive|1#miraidonhater has 20 seconds left.\n|inactive|1#miraidonhater has 15 seconds left.\n|inactive|1#miraidonhater has 10 seconds left.\n|inactive|1#miraidonhater has 5 seconds left.\n|\n|t:|1776189883\n|move|p2a: Incineroar|Fake Out|p1a: THE WALL\n|-resisted|p1a: THE WALL|1\n|-damage|p1a: THE WALL|82/100\n|move|p2b: Froslass|Shadow Ball|p1b: Reuniclus\n|-supereffective|p1b: Reuniclus|1\n|-damage|p1b: Reuniclus|29/100\n|cant|p1a: THE WALL|flinch\n|move|p1b: Reuniclus|Trick Room|p1b: Reuniclus\n|-fieldstart|move: Trick Room|[of] p1b: Reuniclus\n|\n|-weather|Snowscape|[upkeep]\n|-heal|p1b: Reuniclus|35/100|[from] item: Leftovers\n|upkeep\n|turn|8\n|\n|t:|1776189898\n|move|p1b: Reuniclus|Shadow Ball|p2b: Froslass\n|-supereffective|p2b: Froslass|1\n|-damage|p2b: Froslass|35/100\n|-unboost|p2b: Froslass|spd|1\n|move|p1a: THE WALL|Heavy Slam|p2b: Froslass\n|-supereffective|p2b: Froslass|1\n|-damage|p2b: Froslass|0 fnt\n|faint|p2b: Froslass\n|move|p2a: Incineroar|Darkest Lariat|p1b: Reuniclus\n|-supereffective|p1b: Reuniclus|1\n|-damage|p1b: Reuniclus|0 fnt\n|faint|p1b: Reuniclus\n|\n|-weather|Snowscape|[upkeep]\n|upkeep\n|\n|t:|1776189910\n|switch|p2b: Rotom|Rotom-Wash, L50|100/100\n|turn|9\n|\n|t:|1776189918\n|move|p1a: THE WALL|Body Press|p2b: Rotom\n|-damage|p2b: Rotom|18/100\n|move|p2a: Incineroar|Darkest Lariat|p1a: THE WALL\n|-damage|p1a: THE WALL|62/100\n|move|p2b: Rotom|Thunderbolt|p1a: THE WALL\n|-damage|p1a: THE WALL|18/100\n|\n|-weather|Snowscape|[upkeep]\n|upkeep\n|turn|10\n|\n|t:|1776189933\n|move|p1a: THE WALL|Body Press|p2b: Rotom\n|-damage|p2b: Rotom|0 fnt\n|faint|p2b: Rotom\n|move|p2a: Incineroar|Darkest Lariat|p1a: THE WALL\n|-damage|p1a: THE WALL|0 fnt\n|faint|p1a: THE WALL\n|\n|win|Miilanz\n|raw|1#miraidonhater's rating: 1229 &rarr; <strong>1206</strong><br />(-23 for losing)\n|raw|Miilanz's rating: 1255 &rarr; <strong>1278</strong><br />(+23 for winning)\n",
  "uploadtime": 1776189589,
  "views": 47,
  "formatid": "gen9championsvgc2026regma",
  "rating": 1206,
  "private": 0,
  "password": null
}