{
  "id": "gen9championsvgc2026regma-2584741881",
  "format": "[Gen 9 Champions] VGC 2026 Reg M-A",
  "players": [
    "Creep2007",
    "Mulegator12"
  ],
  "log": "|j|\u2606Creep2007\n|j|\u2606Mulegator12\n|t:|1776280437\n|gametype|doubles\n|player|p1|Creep2007|ingo|1205\n|player|p2|Mulegator12|101|1153\n|gen|9\n|tier|[Gen 9 Champions] VGC 2026 Reg M-A\n|rated|\n|rule|Species Clause: Limit one of each Pok\u00e9mon\n|rule|Item Clause: Limit 1 of each item\n|clearpoke\n|poke|p1|Charizard, L50, M|\n|poke|p1|Aerodactyl, L50, M|\n|poke|p1|Venusaur, L50, M|\n|poke|p1|Sneasler, L50, F|\n|poke|p1|Whimsicott, L50, F|\n|poke|p1|Maushold, L50|\n|poke|p2|Scizor, L50, F|\n|poke|p2|Gardevoir, L50, M|\n|poke|p2|Milotic, L50, F|\n|poke|p2|Talonflame, L50, M|\n|poke|p2|Lopunny, L50, F|\n|poke|p2|Garchomp, L50, M|\n|teampreview|4\n|\n|t:|1776280462\n|teamsize|p1|4\n|teamsize|p2|4\n|start\n|switch|p1a: Aerodactyl|Aerodactyl, L50, M, shiny|100/100\n|switch|p1b: Maushold|Maushold, L50, shiny|100/100\n|switch|p2a: Milotic|Milotic, L50, F|100/100\n|switch|p2b: Talonflame|Talonflame, L50, M|100/100\n|turn|1\n|inactive|Battle timer is ON: inactive players will automatically lose when time's up. (requested by Creep2007)\n|\n|t:|1776280483\n|move|p1b: Maushold|Follow Me|p1b: Maushold\n|-singleturn|p1b: Maushold|move: Follow Me\n|move|p2b: Talonflame|Tailwind|p2b: Talonflame\n|-sidestart|p2: Mulegator12|move: Tailwind\n|move|p2a: Milotic|Coil|p2a: Milotic\n|-boost|p2a: Milotic|atk|1\n|-boost|p2a: Milotic|def|1\n|-boost|p2a: Milotic|accuracy|1\n|move|p1a: Aerodactyl|Tailwind|p1a: Aerodactyl\n|-sidestart|p1: Creep2007|move: Tailwind\n|\n|upkeep\n|turn|2\n|\n|t:|1776280503\n|move|p2b: Talonflame|Protect|p2b: Talonflame\n|-singleturn|p2b: Talonflame|Protect\n|move|p1a: Aerodactyl|Rock Slide|p2a: Milotic|[spread] p2a\n|-activate|p2b: Talonflame|move: Protect\n|-damage|p2a: Milotic|81/100\n|move|p1b: Maushold|Super Fang|p2a: Milotic\n|-damage|p2a: Milotic|41/100\n|-enditem|p2a: Milotic|Sitrus Berry|[eat]\n|-heal|p2a: Milotic|65/100|[from] item: Sitrus Berry\n|move|p2a: Milotic|Hypnosis|p1a: Aerodactyl\n|-status|p1a: Aerodactyl|slp|[from] move: Hypnosis\n|\n|upkeep\n|turn|3\n|\n|t:|1776280525\n|switch|p2b: Garchomp|Garchomp, L50, M|100/100\n|cant|p1a: Aerodactyl|slp\n|move|p1b: Maushold|Taunt|p2a: Milotic\n|-start|p2a: Milotic|move: Taunt\n|move|p2a: Milotic|Muddy Water|p1b: Maushold|[spread] p1a,p1b\n|-supereffective|p1a: Aerodactyl|1\n|-damage|p1a: Aerodactyl|50/100 slp\n|-damage|p1b: Maushold|74/100\n|\n|upkeep\n|turn|4\n|\n|t:|1776280541\n|-curestatus|p1a: Aerodactyl|slp|[msg]\n|move|p1a: Aerodactyl|Wide Guard|p1a: Aerodactyl\n|-singleturn|p1a: Aerodactyl|Wide Guard\n|move|p1b: Maushold|Super Fang|p2b: Garchomp\n|-damage|p2b: Garchomp|51/100\n|-damage|p1b: Maushold|62/100|[from] ability: Rough Skin|[of] p2b: Garchomp\n|move|p2b: Garchomp|Rock Slide|p1b: Maushold|[spread] \n|-activate|p1a: Aerodactyl|move: Wide Guard\n|-activate|p1b: Maushold|move: Wide Guard\n|move|p2a: Milotic|Muddy Water|p1b: Maushold|[spread] \n|-activate|p1a: Aerodactyl|move: Wide Guard\n|-activate|p1b: Maushold|move: Wide Guard\n|\n|-sideend|p2: Mulegator12|move: Tailwind\n|-sideend|p1: Creep2007|move: Tailwind\n|upkeep\n|turn|5\n|inactive|Creep2007 has 30 seconds left.\n|\n|t:|1776280572\n|switch|p2b: Talonflame|Talonflame, L50, M|100/100\n|move|p1a: Aerodactyl|Wide Guard|p1a: Aerodactyl\n|-singleturn|p1a: Aerodactyl|Wide Guard\n|move|p1b: Maushold|Super Fang|p2a: Milotic\n|-damage|p2a: Milotic|33/100\n|move|p2a: Milotic|Muddy Water|p1b: Maushold|[spread] \n|-activate|p1a: Aerodactyl|move: Wide Guard\n|-activate|p1b: Maushold|move: Wide Guard\n|\n|-end|p2a: Milotic|move: Taunt\n|upkeep\n|turn|6\n|inactive|Creep2007 has 30 seconds left.\n|\n|t:|1776280600\n|move|p2b: Talonflame|Tailwind|p2b: Talonflame\n|-sidestart|p2: Mulegator12|move: Tailwind\n|move|p2a: Milotic|Life Dew||[still]|[spread] p2a,p2b\n|-heal|p2a: Milotic|58/100\n|-fail|p2b: Talonflame|heal\n|move|p1a: Aerodactyl|Tailwind|p1a: Aerodactyl\n|-sidestart|p1: Creep2007|move: Tailwind\n|move|p1b: Maushold|Taunt|p2a: Milotic\n|-start|p2a: Milotic|move: Taunt\n|\n|upkeep\n|turn|7\n|\n|t:|1776280624\n|switch|p2a: Garchomp|Garchomp, L50, M|51/100\n|move|p2b: Talonflame|Protect|p2b: Talonflame\n|-singleturn|p2b: Talonflame|Protect\n|move|p1a: Aerodactyl|Rock Slide|p2a: Garchomp|[spread] p2a\n|-activate|p2b: Talonflame|move: Protect\n|-resisted|p2a: Garchomp|1\n|-damage|p2a: Garchomp|37/100\n|move|p1b: Maushold|Super Fang|p2a: Garchomp\n|-damage|p2a: Garchomp|19/100\n|-damage|p1b: Maushold|49/100|[from] ability: Rough Skin|[of] p2a: Garchomp\n|\n|upkeep\n|turn|8\n|inactive|Creep2007 has 30 seconds left.\n|inactive|Mulegator12 has 30 seconds left.\n|\n|t:|1776280659\n|switch|p2b: Milotic|Milotic, L50, F|58/100\n|move|p1a: Aerodactyl|Rock Slide|p2b: Milotic|[spread] p2a,p2b\n|-resisted|p2a: Garchomp|1\n|-damage|p2a: Garchomp|4/100\n|-damage|p2b: Milotic|33/100\n|move|p1b: Maushold|Super Fang|p2b: Milotic\n|-damage|p2b: Milotic|17/100\n|move|p2a: Garchomp|Dragon Claw|p1a: Aerodactyl\n|-damage|p1a: Aerodactyl|0 fnt\n|faint|p1a: Aerodactyl\n|\n|upkeep\n|\n|t:|1776280672\n|switch|p1a: Charizard|Charizard, L50, M, shiny|100/100\n|turn|9\n|\n|t:|1776280683\n|detailschange|p1a: Charizard|Charizard-Mega-Y, L50, M, shiny\n|-mega|p1a: Charizard|Charizard|Charizardite Y\n|-weather|SunnyDay|[from] ability: Drought|[of] p1a: Charizard\n|move|p1b: Maushold|Follow Me|p1b: Maushold\n|-singleturn|p1b: Maushold|move: Follow Me\n|move|p2a: Garchomp|Rock Slide|p1a: Charizard|[spread] p1a,p1b\n|-supereffective|p1a: Charizard|2\n|-damage|p1a: Charizard|10/100\n|-damage|p1b: Maushold|25/100\n|cant|p1a: Charizard|flinch\n|move|p2b: Milotic|Hypnosis|p1b: Maushold\n|-status|p1b: Maushold|slp|[from] move: Hypnosis\n|\n|-weather|SunnyDay|[upkeep]\n|-sideend|p2: Mulegator12|move: Tailwind\n|-sideend|p1: Creep2007|move: Tailwind\n|upkeep\n|turn|10\n|\n|t:|1776280700\n|switch|p1b: Venusaur|Venusaur, L50, M, shiny|100/100\n|move|p1a: Charizard|Protect|p1a: Charizard\n|-singleturn|p1a: Charizard|Protect\n|move|p2a: Garchomp|Rock Slide|p1a: Charizard|[spread] p1b\n|-activate|p1a: Charizard|move: Protect\n|-damage|p1b: Venusaur|78/100\n|move|p2b: Milotic|Life Dew|p2b: Milotic|[spread] p2a,p2b\n|-heal|p2a: Garchomp|29/100\n|-heal|p2b: Milotic|42/100\n|\n|-weather|SunnyDay|[upkeep]\n|-heal|p1b: Venusaur|84/100|[from] item: Leftovers\n|upkeep\n|turn|11\n|\n|t:|1776280719\n|move|p2a: Garchomp|Protect|p2a: Garchomp\n|-singleturn|p2a: Garchomp|Protect\n|move|p1b: Venusaur|Sleep Powder|p2a: Garchomp\n|-activate|p2a: Garchomp|move: Protect\n|move|p1a: Charizard|Heat Wave|p2b: Milotic|[spread] p2b\n|-activate|p2a: Garchomp|move: Protect\n|-resisted|p2b: Milotic|1\n|-damage|p2b: Milotic|22/100\n|move|p2b: Milotic|Life Dew|p2b: Milotic|[spread] p2a,p2b\n|-heal|p2a: Garchomp|54/100\n|-heal|p2b: Milotic|48/100\n|\n|-weather|SunnyDay|[upkeep]\n|-heal|p1b: Venusaur|90/100|[from] item: Leftovers\n|upkeep\n|turn|12\n|\n|t:|1776280741\n|move|p1b: Venusaur|Sleep Powder|p2a: Garchomp|[miss]\n|-miss|p1b: Venusaur|p2a: Garchomp\n|move|p2a: Garchomp|Rock Slide|p1b: Venusaur|[spread] p1a,p1b\n|-supereffective|p1a: Charizard|2\n|-damage|p1a: Charizard|0 fnt\n|-damage|p1b: Venusaur|68/100\n|faint|p1a: Charizard\n|move|p2b: Milotic|Life Dew|p2b: Milotic|[spread] p2a,p2b\n|-heal|p2a: Garchomp|79/100\n|-heal|p2b: Milotic|73/100\n|\n|-weather|SunnyDay|[upkeep]\n|-heal|p1b: Venusaur|74/100|[from] item: Leftovers\n|upkeep\n|-message|Creep2007 forfeited.\n|\n|win|Mulegator12\n|raw|Creep2007's rating: 1205 &rarr; <strong>1176</strong><br />(-29 for losing)\n|raw|Mulegator12's rating: 1153 &rarr; <strong>1182</strong><br />(+29 for winning)\n|l|\u2606Creep2007\n|player|p1|\n",
  "uploadtime": 1776280746,
  "views": 28,
  "formatid": "gen9championsvgc2026regma",
  "rating": 1176,
  "private": 0,
  "password": null
}