{
  "id": "gen9championsvgc2026regma-2581034299",
  "format": "[Gen 9 Champions] VGC 2026 Reg M-A",
  "players": [
    "Michael YunGOOBian",
    "StrawberryBalloons"
  ],
  "log": "|j|\u2606Michael YunGOOBian\n|j|\u203dStrawberryBalloons\n|t:|1775953685\n|gametype|doubles\n|player|p1|Michael YunGOOBian|benga|1113\n|player|p2|StrawberryBalloons|fisherman-gen4|1145\n|gen|9\n|tier|[Gen 9 Champions] VGC 2026 Reg M-A\n|rated|\n|rule|Species Clause: Limit one of each Pok\u00e9mon\n|rule|Item Clause: Limit 1 of each item\n|clearpoke\n|poke|p1|Feraligatr, L50, M|\n|poke|p1|Sneasler, L50, F|\n|poke|p1|Incineroar, L50, M|\n|poke|p1|Sinistcha-Masterpiece, L50|\n|poke|p1|Kingambit, L50, F|\n|poke|p1|Ninetales-Alola, L50, M|\n|poke|p2|Floette-Eternal, L50, F|\n|poke|p2|Milotic, L50, M|\n|poke|p2|Venusaur, L50, M|\n|poke|p2|Delphox, L50, F|\n|poke|p2|Whimsicott, L50, M|\n|poke|p2|Slowbro-Galar, L50, F|\n|teampreview|4\n|inactive|Battle timer is ON: inactive players will automatically lose when time's up. (requested by StrawberryBalloons)\n|inactive|Michael YunGOOBian has 60 seconds left.\n|inactive|StrawberryBalloons has 60 seconds left.\n|\n|t:|1775953733\n|teamsize|p1|4\n|teamsize|p2|4\n|start\n|switch|p1a: Ninetales|Ninetales-Alola, L50, M|100/100\n|switch|p1b: Incineroar|Incineroar, L50, M|100/100\n|switch|p2a: Milotic|Milotic, L50, M|100/100\n|switch|p2b: Delphox|Delphox, L50, F|100/100\n|-weather|Snowscape|[from] ability: Snow Warning|[of] p1a: Ninetales\n|-ability|p1b: Incineroar|Intimidate|boost\n|-unboost|p2a: Milotic|atk|1\n|-ability|p2a: Milotic|Competitive|boost\n|-boost|p2a: Milotic|spa|2\n|-unboost|p2b: Delphox|atk|1\n|turn|1\n|\n|t:|1775953757\n|move|p2b: Delphox|Protect|p2b: Delphox\n|-singleturn|p2b: Delphox|Protect\n|move|p1b: Incineroar|Fake Out|p2a: Milotic\n|-damage|p2a: Milotic|89/100\n|move|p1a: Ninetales|Aurora Veil|p1a: Ninetales\n|-sidestart|p1: Michael YunGOOBian|move: Aurora Veil\n|cant|p2a: Milotic|flinch\n|\n|-weather|Snowscape|[upkeep]\n|-heal|p2a: Milotic|95/100|[from] item: Leftovers\n|upkeep\n|turn|2\n|\n|t:|1775953776\n|move|p1a: Ninetales|Encore|p2b: Delphox\n|-start|p2b: Delphox|Encore\n|move|p2b: Delphox|Protect||[still]\n|-fail|p2b: Delphox\n|move|p1b: Incineroar|Taunt|p2a: Milotic\n|-start|p2a: Milotic|move: Taunt\n|cant|p2a: Milotic|move: Taunt|Coil\n|\n|-weather|Snowscape|[upkeep]\n|-heal|p2a: Milotic|100/100|[from] item: Leftovers\n|upkeep\n|turn|3\n|\n|t:|1775953795\n|switch|p2b: Whimsicott|Whimsicott, L50, M|100/100\n|switch|p1b: Sinistcha|Sinistcha-Masterpiece, L50|100/100\n|move|p1a: Ninetales|Blizzard|p2a: Milotic|[spread] p2a,p2b\n|-resisted|p2a: Milotic|1\n|-supereffective|p2b: Whimsicott|1\n|-damage|p2a: Milotic|94/100\n|-damage|p2b: Whimsicott|21/100\n|move|p2a: Milotic|Scald|p1b: Sinistcha\n|-resisted|p1b: Sinistcha|1\n|-damage|p1b: Sinistcha|80/100\n|\n|-weather|Snowscape|[upkeep]\n|-heal|p2a: Milotic|99/100|[from] item: Leftovers\n|upkeep\n|turn|4\n|\n|t:|1775953819\n|move|p2b: Whimsicott|Moonblast|p1a: Ninetales\n|-damage|p1a: Ninetales|77/100\n|move|p1a: Ninetales|Blizzard|p2a: Milotic|[spread] p2a,p2b\n|-resisted|p2a: Milotic|1\n|-supereffective|p2b: Whimsicott|1\n|-damage|p2a: Milotic|94/100\n|-damage|p2b: Whimsicott|0 fnt\n|faint|p2b: Whimsicott\n|move|p2a: Milotic|Scald|p1a: Ninetales\n|-damage|p1a: Ninetales|41/100\n|-status|p1a: Ninetales|brn\n|move|p1b: Sinistcha|Matcha Gotcha|p2a: Milotic\n|-supereffective|p2a: Milotic|1\n|-damage|p2a: Milotic|54/100\n|-heal|p1b: Sinistcha|100/100|[from] drain|[of] p2a: Milotic\n|\n|-weather|Snowscape|[upkeep]\n|-heal|p2a: Milotic|60/100|[from] item: Leftovers\n|-damage|p1a: Ninetales|35/100 brn|[from] brn\n|-end|p2a: Milotic|move: Taunt\n|upkeep\n|\n|t:|1775953825\n|switch|p2b: Delphox|Delphox, L50, F|100/100\n|turn|5\n|\n|t:|1775953846\n|switch|p1a: Incineroar|Incineroar, L50, M|100/100\n|-ability|p1a: Incineroar|Intimidate|boost\n|-unboost|p2a: Milotic|atk|1\n|-ability|p2a: Milotic|Competitive|boost\n|-boost|p2a: Milotic|spa|2\n|-unboost|p2b: Delphox|atk|1\n|move|p2b: Delphox|Protect|p2b: Delphox\n|-singleturn|p2b: Delphox|Protect\n|move|p1b: Sinistcha|Protect|p1b: Sinistcha\n|-singleturn|p1b: Sinistcha|Protect\n|move|p2a: Milotic|Coil|p2a: Milotic\n|-boost|p2a: Milotic|atk|1\n|-boost|p2a: Milotic|def|1\n|-boost|p2a: Milotic|accuracy|1\n|\n|-weather|none\n|-heal|p2a: Milotic|66/100|[from] item: Leftovers\n|-sideend|p1: Michael YunGOOBian|move: Aurora Veil\n|upkeep\n|turn|6\n|inactive|Michael YunGOOBian has 30 seconds left.\n|\n|t:|1775953873\n|move|p1a: Incineroar|Fake Out|p2a: Milotic\n|-damage|p2a: Milotic|59/100\n|move|p2b: Delphox|Substitute|p2b: Delphox\n|-start|p2b: Delphox|Substitute\n|-damage|p2b: Delphox|76/100\n|cant|p2a: Milotic|flinch\n|move|p1b: Sinistcha|Trick Room|p1b: Sinistcha\n|-fieldstart|move: Trick Room|[of] p1b: Sinistcha\n|\n|-heal|p2a: Milotic|65/100|[from] item: Leftovers\n|upkeep\n|turn|7\n|\n|t:|1775953891\n|detailschange|p2b: Delphox|Delphox-Mega, L50, F\n|-mega|p2b: Delphox|Delphox|Delphoxite\n|move|p1b: Sinistcha|Matcha Gotcha|p2b: Delphox|[spread] p2b\n|-miss|p1b: Sinistcha|p2a: Milotic\n|-resisted|p2b: Delphox|1\n|-activate|p2b: Delphox|move: Substitute|[damage]\n|move|p2a: Milotic|Scald|p1a: Incineroar\n|-supereffective|p1a: Incineroar|1\n|-damage|p1a: Incineroar|0 fnt\n|faint|p1a: Incineroar\n|move|p2b: Delphox|Heat Wave|p1b: Sinistcha\n|-supereffective|p1b: Sinistcha|1\n|-damage|p1b: Sinistcha|0 fnt\n|faint|p1b: Sinistcha\n|\n|-heal|p2a: Milotic|71/100|[from] item: Leftovers\n|upkeep\n|\n|t:|1775953907\n|switch|p1b: Feraligatr|Feraligatr, L50, M|100/100\n|switch|p1a: Ninetales|Ninetales-Alola, L50, M|35/100 brn\n|-weather|Snowscape|[from] ability: Snow Warning|[of] p1a: Ninetales\n|turn|8\n|\n|t:|1775953920\n|detailschange|p1b: Feraligatr|Feraligatr-Mega, L50, M\n|-mega|p1b: Feraligatr|Feraligatr|Feraligite\n|move|p2b: Delphox|Protect|p2b: Delphox\n|-singleturn|p2b: Delphox|Protect\n|move|p2a: Milotic|Scald|p1a: Ninetales\n|-damage|p1a: Ninetales|0 fnt\n|faint|p1a: Ninetales\n|move|p1b: Feraligatr|Double-Edge|p2a: Milotic\n|-damage|p2a: Milotic|11/100\n|-damage|p1b: Feraligatr|78/100|[from] Recoil\n|\n|-weather|Snowscape|[upkeep]\n|-heal|p2a: Milotic|17/100|[from] item: Leftovers\n|upkeep\n|turn|9\n|\n|t:|1775953934\n|move|p2a: Milotic|Hypnosis|p1b: Feraligatr\n|-status|p1b: Feraligatr|slp|[from] move: Hypnosis\n|cant|p1b: Feraligatr|slp\n|move|p2b: Delphox|Psychic|p1b: Feraligatr\n|-damage|p1b: Feraligatr|15/100 slp\n|\n|-weather|Snowscape|[upkeep]\n|-heal|p2a: Milotic|23/100|[from] item: Leftovers\n|upkeep\n|turn|10\n|-message|Michael YunGOOBian forfeited.\n|\n|win|StrawberryBalloons\n|raw|Michael YunGOOBian's rating: 1113 &rarr; <strong>1090</strong><br />(-23 for losing)\n|raw|StrawberryBalloons's rating: 1145 &rarr; <strong>1168</strong><br />(+23 for winning)\n|l|\u2606Michael YunGOOBian\n|player|p1|\n",
  "uploadtime": 1775953941,
  "views": 12,
  "formatid": "gen9championsvgc2026regma",
  "rating": 1090,
  "private": 0,
  "password": null
}