{
  "id": "gen9championsvgc2026regma-2587564344",
  "format": "[Gen 9 Champions] VGC 2026 Reg M-A",
  "players": [
    "rivertoaster290",
    "AiMeat"
  ],
  "log": "|j|\u2606rivertoaster290\n|j|\u2606AiMeat\n|t:|1776542671\n|gametype|doubles\n|player|p1|rivertoaster290|birdkeeper|1016\n|player|p2|AiMeat|170|1026\n|gen|9\n|tier|[Gen 9 Champions] VGC 2026 Reg M-A\n|rated|\n|rule|Species Clause: Limit one of each Pok\u00e9mon\n|rule|Item Clause: Limit 1 of each item\n|clearpoke\n|poke|p1|Meganium, L50, F|\n|poke|p1|Scizor, L50, M|\n|poke|p1|Pelipper, L50, M|\n|poke|p1|Gyarados, L50, M|\n|poke|p1|Garchomp, L50, F|\n|poke|p1|Pinsir, L50, F|\n|poke|p2|Incineroar, L50, M|\n|poke|p2|Hatterene, L50, F, shiny|\n|poke|p2|Farigiraf, L50, F|\n|poke|p2|Torkoal, L50, F, shiny|\n|poke|p2|Kingambit, L50, M|\n|poke|p2|Charizard, L50, M|\n|teampreview|4\n|inactive|Battle timer is ON: inactive players will automatically lose when time's up. (requested by AiMeat)\n|inactive|rivertoaster290 has 60 seconds left.\n|\n|t:|1776542761\n|teamsize|p1|4\n|teamsize|p2|4\n|start\n|switch|p1a: Scizor|Scizor, L50, M|100/100\n|switch|p1b: Pinsir|Pinsir, L50, F|100/100\n|switch|p2a: Incineroar|Incineroar, L50, M|100/100\n|switch|p2b: Hatterene|Hatterene, L50, F, shiny|100/100\n|-ability|p2a: Incineroar|Intimidate|boost\n|-unboost|p1a: Scizor|atk|1\n|-unboost|p1b: Pinsir|atk|1\n|turn|1\n|inactive|rivertoaster290 has 30 seconds left.\n|inactive|AiMeat has 30 seconds left.\n|\n|t:|1776542793\n|move|p2a: Incineroar|Fake Out|p1a: Scizor\n|-resisted|p1a: Scizor|1\n|-damage|p1a: Scizor|94/100\n|move|p1b: Pinsir|X-Scissor|p2b: Hatterene\n|-damage|p2b: Hatterene|72/100\n|cant|p1a: Scizor|flinch\n|move|p2b: Hatterene|Trick Room|p2b: Hatterene\n|-fieldstart|move: Trick Room|[of] p2b: Hatterene\n|\n|-heal|p1a: Scizor|99/100|[from] item: Leftovers\n|upkeep\n|turn|2\n|inactive|rivertoaster290 has 30 seconds left.\n|inactive|AiMeat has 30 seconds left.\n|inactive|rivertoaster290 has 20 seconds left.\n|inactive|rivertoaster290 has 15 seconds left.\n|inactive|rivertoaster290 has 10 seconds left.\n|inactive|rivertoaster290 has 5 seconds left.\n|\n|t:|1776542848\n|move|p1a: Scizor|Bullet Punch|p2b: Hatterene\n|-supereffective|p2b: Hatterene|1\n|-damage|p2b: Hatterene|27/100\n|move|p2b: Hatterene|Dazzling Gleam|p1a: Scizor|[spread] p1a,p1b\n|-resisted|p1a: Scizor|1\n|-damage|p1a: Scizor|78/100\n|-damage|p1b: Pinsir|30/100\n|move|p2a: Incineroar|Flare Blitz|p1a: Scizor\n|-supereffective|p1a: Scizor|2\n|-damage|p1a: Scizor|0 fnt\n|faint|p1a: Scizor\n|-damage|p2a: Incineroar|78/100|[from] Recoil\n|move|p1b: Pinsir|X-Scissor|p2b: Hatterene\n|-damage|p2b: Hatterene|0 fnt\n|faint|p2b: Hatterene\n|-ability|p1b: Pinsir|Moxie|boost\n|-boost|p1b: Pinsir|atk|1\n|\n|upkeep\n|inactive|AiMeat has 30 seconds left.\n|\n|t:|1776542875\n|switch|p2b: Kingambit|Kingambit, L50, M|100/100\n|switch|p1a: Garchomp|Garchomp, L50, F|100/100\n|turn|3\n|\n|t:|1776542894\n|switch|p1b: Pelipper|Pelipper, L50, M|100/100\n|-weather|RainDance|[from] ability: Drizzle|[of] p1b: Pelipper\n|move|p1a: Garchomp|Protect|p1a: Garchomp\n|-singleturn|p1a: Garchomp|Protect\n|move|p2b: Kingambit|Kowtow Cleave|p1a: Garchomp\n|-activate|p1a: Garchomp|move: Protect\n|move|p2a: Incineroar|Flare Blitz|p1b: Pelipper\n|-resisted|p1b: Pelipper|1\n|-damage|p1b: Pelipper|81/100\n|-damage|p2a: Incineroar|74/100|[from] Recoil\n|\n|-weather|RainDance|[upkeep]\n|upkeep\n|turn|4\n|inactive|rivertoaster290 has 30 seconds left.\n|inactive|AiMeat has 30 seconds left.\n|inactive|rivertoaster290 has 20 seconds left.\n|inactive|AiMeat has 20 seconds left.\n|\n|t:|1776542932\n|switch|p2b: Torkoal|Torkoal, L50, F, shiny|100/100\n|-weather|SunnyDay|[from] ability: Drought|[of] p2b: Torkoal\n|switch|p1a: Pinsir|Pinsir, L50, F|30/100\n|move|p2a: Incineroar|Darkest Lariat|p1b: Pelipper\n|-damage|p1b: Pelipper|25/100\n|move|p1b: Pelipper|Weather Ball|p2a: Incineroar\n|-resisted|p2a: Incineroar|1\n|-damage|p2a: Incineroar|53/100\n|\n|-weather|SunnyDay|[upkeep]\n|upkeep\n|turn|5\n|inactive|AiMeat has 30 seconds left.\n|\n|t:|1776542960\n|switch|p2a: Kingambit|Kingambit, L50, M|100/100\n|switch|p1b: Garchomp|Garchomp, L50, F|100/100\n|move|p2b: Torkoal|Eruption|p1b: Garchomp|[spread] p1a,p1b\n|-supereffective|p1a: Pinsir|1\n|-resisted|p1b: Garchomp|1\n|-damage|p1a: Pinsir|0 fnt\n|-damage|p1b: Garchomp|49/100\n|faint|p1a: Pinsir\n|\n|-weather|SunnyDay|[upkeep]\n|-fieldend|move: Trick Room\n|upkeep\n|\n|t:|1776542962\n|switch|p1a: Pelipper|Pelipper, L50, M|25/100\n|-weather|RainDance|[from] ability: Drizzle|[of] p1a: Pelipper\n|turn|6\n|inactive|rivertoaster290 has 30 seconds left.\n|inactive|rivertoaster290 has 20 seconds left.\n|inactive|rivertoaster290 has 15 seconds left.\n|inactive|rivertoaster290 has 10 seconds left.\n|\n|t:|1776543009\n|switch|p2b: Incineroar|Incineroar, L50, M|53/100\n|-ability|p2b: Incineroar|Intimidate|boost\n|-unboost|p1a: Pelipper|atk|1\n|-unboost|p1b: Garchomp|atk|1\n|move|p1b: Garchomp|Protect|p1b: Garchomp\n|-singleturn|p1b: Garchomp|Protect\n|move|p2a: Kingambit|Sucker Punch|p1a: Pelipper\n|-damage|p1a: Pelipper|0 fnt\n|faint|p1a: Pelipper\n|\n|-weather|RainDance|[upkeep]\n|upkeep\n|turn|7\n|\n|t:|1776543031\n|switch|p2a: Torkoal|Torkoal, L50, F, shiny|100/100\n|-weather|SunnyDay|[from] ability: Drought|[of] p2a: Torkoal\n|move|p1b: Garchomp|Earthquake|p2b: Incineroar|[spread] p2a,p2b\n|-supereffective|p2a: Torkoal|1\n|-supereffective|p2b: Incineroar|1\n|-enditem|p2b: Incineroar|Shuca Berry|[eat]\n|-enditem|p2b: Incineroar|Shuca Berry|[weaken]\n|-damage|p2a: Torkoal|63/100\n|-damage|p2b: Incineroar|26/100\n|move|p2b: Incineroar|Close Combat|p1b: Garchomp\n|-damage|p1b: Garchomp|8/100\n|-unboost|p2b: Incineroar|def|1\n|-unboost|p2b: Incineroar|spd|1\n|-damage|p2b: Incineroar|14/100|[from] ability: Rough Skin|[of] p1b: Garchomp\n|\n|-weather|SunnyDay|[upkeep]\n|upkeep\n|turn|8\n|\n|t:|1776543054\n|move|p2b: Incineroar|Fake Out||[still]\n|-hint|Fake Out only works on your first turn out.\n|-fail|p2b: Incineroar\n|move|p1b: Garchomp|Earthquake|p2a: Torkoal|[spread] p2a,p2b\n|-supereffective|p2a: Torkoal|1\n|-supereffective|p2b: Incineroar|1\n|-damage|p2a: Torkoal|26/100\n|-damage|p2b: Incineroar|0 fnt\n|faint|p2b: Incineroar\n|move|p2a: Torkoal|Earth Power|p1b: Garchomp\n|-damage|p1b: Garchomp|0 fnt\n|faint|p1b: Garchomp\n|\n|win|AiMeat\n|raw|rivertoaster290's rating: 1016 &rarr; <strong>1004</strong><br />(-12 for losing)\n|raw|AiMeat's rating: 1026 &rarr; <strong>1061</strong><br />(+35 for winning)\n|l|\u2606rivertoaster290\n|player|p1|\n",
  "uploadtime": 1776544878,
  "views": 15,
  "formatid": "gen9championsvgc2026regma",
  "rating": 1004,
  "private": 0,
  "password": null
}