{
  "id": "gen9championsvgc2026regma-2582025127",
  "format": "[Gen 9 Champions] VGC 2026 Reg M-A",
  "players": [
    "VerySpethal",
    "varimare"
  ],
  "log": "|j|\u2606VerySpethal\n|j|\u2606varimare\n|t:|1776049476\n|gametype|doubles\n|player|p1|VerySpethal|101|1182\n|player|p2|varimare|alder|1234\n|gen|9\n|tier|[Gen 9 Champions] VGC 2026 Reg M-A\n|rated|\n|rule|Species Clause: Limit one of each Pok\u00e9mon\n|rule|Item Clause: Limit 1 of each item\n|clearpoke\n|poke|p1|Charizard, L50, M|\n|poke|p1|Sneasler, L50, M|\n|poke|p1|Garchomp, L50, F|\n|poke|p1|Venusaur, L50, M|\n|poke|p1|Incineroar, L50, M|\n|poke|p1|Rotom-Wash, L50|\n|poke|p2|Chesnaught, L50, M|\n|poke|p2|Archaludon, L50, M|\n|poke|p2|Pelipper, L50, F|\n|poke|p2|Sneasler, L50, M|\n|poke|p2|Basculegion, L50, M|\n|poke|p2|Sinistcha, L50|\n|teampreview|4\n|\n|t:|1776049521\n|teamsize|p1|4\n|teamsize|p2|4\n|start\n|switch|p1a: Charizard|Charizard, L50, M|100/100\n|switch|p1b: Garchomp|Garchomp, L50, F|100/100\n|switch|p2a: Sneasler|Sneasler, L50, M|100/100\n|switch|p2b: Sinistcha|Sinistcha, L50|100/100\n|turn|1\n|\n|t:|1776049533\n|detailschange|p1a: Charizard|Charizard-Mega-Y, L50, M\n|-mega|p1a: Charizard|Charizard|Charizardite Y\n|-weather|SunnyDay|[from] ability: Drought|[of] p1a: Charizard\n|move|p1b: Garchomp|Earthquake|p2b: Sinistcha|[spread] p2a,p2b\n|-immune|p1a: Charizard\n|-supereffective|p2a: Sneasler|1\n|-resisted|p2b: Sinistcha|1\n|-damage|p2a: Sneasler|0 fnt\n|-damage|p2b: Sinistcha|86/100\n|faint|p2a: Sneasler\n|move|p1a: Charizard|Heat Wave|p2b: Sinistcha\n|-supereffective|p2b: Sinistcha|1\n|-damage|p2b: Sinistcha|0 fnt\n|faint|p2b: Sinistcha\n|\n|-weather|SunnyDay|[upkeep]\n|upkeep\n|\n|t:|1776049545\n|switch|p2a: Pelipper|Pelipper, L50, F|100/100\n|switch|p2b: Chesnaught|Chesnaught, L50, M, shiny|100/100\n|-weather|RainDance|[from] ability: Drizzle|[of] p2a: Pelipper\n|turn|2\n|c|\u2606VerySpethal|choice scarf good item\n|\n|t:|1776049564\n|switch|p1b: Venusaur|Venusaur, L50, M|100/100\n|detailschange|p2b: Chesnaught|Chesnaught-Mega, L50, M, shiny\n|-mega|p2b: Chesnaught|Chesnaught|Chesnaughtite\n|move|p1a: Charizard|Protect|p1a: Charizard\n|-singleturn|p1a: Charizard|Protect\n|move|p2a: Pelipper|Hurricane|p1a: Charizard\n|-activate|p1a: Charizard|move: Protect\n|move|p2b: Chesnaught|Leech Seed|p1b: Venusaur\n|-immune|p1b: Venusaur\n|\n|-weather|RainDance|[upkeep]\n|upkeep\n|turn|3\n|\n|t:|1776049582\n|switch|p1a: Rotom|Rotom-Wash, L50|100/100\n|move|p1b: Venusaur|Protect|p1b: Venusaur\n|-singleturn|p1b: Venusaur|Protect\n|move|p2a: Pelipper|Hurricane|p1b: Venusaur\n|-activate|p1b: Venusaur|move: Protect\n|move|p2b: Chesnaught|Leech Seed|p1a: Rotom\n|-start|p1a: Rotom|move: Leech Seed\n|\n|-weather|RainDance|[upkeep]\n|-damage|p1a: Rotom|88/100|[from] Leech Seed|[of] p2b: Chesnaught\n|upkeep\n|turn|4\n|\n|t:|1776049596\n|switch|p1b: Charizard|Charizard-Mega-Y, L50, M|100/100\n|-weather|SunnyDay|[from] ability: Drought|[of] p1b: Charizard\n|move|p2a: Pelipper|Weather Ball|p1b: Charizard\n|-resisted|p1b: Charizard|1\n|-damage|p1b: Charizard|76/100\n|move|p1a: Rotom|Thunderbolt|p2a: Pelipper\n|-supereffective|p2a: Pelipper|2\n|-enditem|p2a: Pelipper|Focus Sash\n|-damage|p2a: Pelipper|1/100\n|move|p2b: Chesnaught|Wood Hammer|p1a: Rotom\n|-supereffective|p1a: Rotom|1\n|-damage|p1a: Rotom|0 fnt\n|faint|p1a: Rotom\n|-damage|p2b: Chesnaught|77/100|[from] Recoil\n|\n|-weather|SunnyDay|[upkeep]\n|upkeep\n|\n|t:|1776049607\n|switch|p1a: Garchomp|Garchomp, L50, F|100/100\n|turn|5\n|\n|t:|1776049617\n|move|p2a: Pelipper|Wide Guard|p2a: Pelipper\n|-singleturn|p2a: Pelipper|Wide Guard\n|move|p1a: Garchomp|Rock Slide|p2b: Chesnaught|[spread] \n|-activate|p2a: Pelipper|move: Wide Guard\n|-activate|p2b: Chesnaught|move: Wide Guard\n|move|p1b: Charizard|Heat Wave|p2a: Pelipper|[spread] \n|-activate|p2a: Pelipper|move: Wide Guard\n|-activate|p2b: Chesnaught|move: Wide Guard\n|move|p2b: Chesnaught|Body Press|p1b: Charizard\n|-resisted|p1b: Charizard|1\n|-damage|p1b: Charizard|39/100\n|\n|-weather|SunnyDay|[upkeep]\n|upkeep\n|turn|6\n|\n|t:|1776049643\n|move|p1a: Garchomp|Rock Slide|p2b: Chesnaught|[spread] p2a,p2b\n|-supereffective|p2a: Pelipper|1\n|-resisted|p2b: Chesnaught|1\n|-damage|p2a: Pelipper|0 fnt\n|-damage|p2b: Chesnaught|72/100\n|faint|p2a: Pelipper\n|move|p1b: Charizard|Weather Ball|p2b: Chesnaught\n|-immune|p2b: Chesnaught|[from] ability: Bulletproof\n|move|p2b: Chesnaught|Body Press|p1b: Charizard\n|-resisted|p1b: Charizard|1\n|-damage|p1b: Charizard|3/100\n|\n|-weather|SunnyDay|[upkeep]\n|upkeep\n|turn|7\n|\n|t:|1776049660\n|move|p1a: Garchomp|Rock Slide|p2b: Chesnaught\n|-resisted|p2b: Chesnaught|1\n|-damage|p2b: Chesnaught|65/100\n|move|p1b: Charizard|Heat Wave|p2b: Chesnaught|[miss]\n|-miss|p1b: Charizard|p2b: Chesnaught\n|move|p2b: Chesnaught|Body Press|p1b: Charizard\n|-resisted|p1b: Charizard|1\n|-damage|p1b: Charizard|0 fnt\n|faint|p1b: Charizard\n|\n|-weather|SunnyDay|[upkeep]\n|upkeep\n|\n|t:|1776049667\n|switch|p1b: Venusaur|Venusaur, L50, M|100/100\n|turn|8\n|\n|t:|1776049676\n|move|p1b: Venusaur|Leaf Storm|p2b: Chesnaught|[miss]\n|-miss|p1b: Venusaur|p2b: Chesnaught\n|move|p1a: Garchomp|Rock Slide|p2b: Chesnaught\n|-resisted|p2b: Chesnaught|1\n|-damage|p2b: Chesnaught|58/100\n|move|p2b: Chesnaught|Leech Seed|p1a: Garchomp\n|-start|p1a: Garchomp|move: Leech Seed\n|\n|-weather|none\n|-damage|p1a: Garchomp|88/100|[from] Leech Seed|[of] p2b: Chesnaught\n|-heal|p2b: Chesnaught|70/100|[silent]\n|upkeep\n|turn|9\n|c|\u2606VerySpethal|the bullet proof is actually sick\n|\n|t:|1776049698\n|move|p1a: Garchomp|Rock Slide|p2b: Chesnaught\n|-resisted|p2b: Chesnaught|1\n|-damage|p2b: Chesnaught|63/100\n|move|p1b: Venusaur|Leaf Storm|p2b: Chesnaught\n|-resisted|p2b: Chesnaught|1\n|-damage|p2b: Chesnaught|43/100\n|-unboost|p1b: Venusaur|spa|2\n|move|p2b: Chesnaught|Body Press|p1b: Venusaur\n|-resisted|p1b: Venusaur|1\n|-damage|p1b: Venusaur|67/100\n|\n|-damage|p1a: Garchomp|76/100|[from] Leech Seed|[of] p2b: Chesnaught\n|-heal|p2b: Chesnaught|55/100|[silent]\n|upkeep\n|turn|10\n|c|\u2606VerySpethal|wtb flinches though\n|\n|t:|1776049713\n|move|p1a: Garchomp|Rock Slide|p2b: Chesnaught\n|-resisted|p2b: Chesnaught|1\n|-damage|p2b: Chesnaught|48/100\n|move|p1b: Venusaur|Leaf Storm|p2b: Chesnaught\n|-resisted|p2b: Chesnaught|1\n|-damage|p2b: Chesnaught|38/100\n|-unboost|p1b: Venusaur|spa|2\n|cant|p2b: Chesnaught|flinch\n|\n|-damage|p1a: Garchomp|63/100|[from] Leech Seed|[of] p2b: Chesnaught\n|-heal|p2b: Chesnaught|50/100|[silent]\n|upkeep\n|turn|11\n|\n|t:|1776049723\n|move|p1a: Garchomp|Rock Slide|p2b: Chesnaught\n|-resisted|p2b: Chesnaught|1\n|-damage|p2b: Chesnaught|44/100\n|move|p1b: Venusaur|Leaf Storm|p2b: Chesnaught\n|-resisted|p2b: Chesnaught|1\n|-damage|p2b: Chesnaught|37/100\n|-unboost|p1b: Venusaur|spa|2\n|move|p2b: Chesnaught|Body Press|p1b: Venusaur\n|-resisted|p1b: Venusaur|1\n|-damage|p1b: Venusaur|36/100\n|\n|-damage|p1a: Garchomp|51/100|[from] Leech Seed|[of] p2b: Chesnaught\n|-heal|p2b: Chesnaught|49/100|[silent]\n|upkeep\n|turn|12\n|\n|t:|1776049738\n|move|p1b: Venusaur|Protect|p1b: Venusaur\n|-singleturn|p1b: Venusaur|Protect\n|move|p2b: Chesnaught|Spiky Shield|p2b: Chesnaught\n|-singleturn|p2b: Chesnaught|move: Protect\n|move|p1a: Garchomp|Rock Slide|p2b: Chesnaught\n|-activate|p2b: Chesnaught|move: Protect\n|\n|-damage|p1a: Garchomp|39/100|[from] Leech Seed|[of] p2b: Chesnaught\n|-heal|p2b: Chesnaught|61/100|[silent]\n|upkeep\n|turn|13\n|\n|t:|1776049746\n|move|p1a: Garchomp|Rock Slide|p2b: Chesnaught\n|-resisted|p2b: Chesnaught|1\n|-damage|p2b: Chesnaught|54/100\n|move|p1b: Venusaur|Leaf Storm|p2b: Chesnaught\n|-resisted|p2b: Chesnaught|1\n|-damage|p2b: Chesnaught|48/100\n|cant|p2b: Chesnaught|flinch\n|\n|-damage|p1a: Garchomp|26/100|[from] Leech Seed|[of] p2b: Chesnaught\n|-heal|p2b: Chesnaught|60/100|[silent]\n|upkeep\n|turn|14\n|\n|t:|1776049755\n|move|p1a: Garchomp|Rock Slide|p2b: Chesnaught\n|-resisted|p2b: Chesnaught|1\n|-damage|p2b: Chesnaught|53/100\n|move|p1b: Venusaur|Leaf Storm|p2b: Chesnaught\n|-resisted|p2b: Chesnaught|1\n|-damage|p2b: Chesnaught|48/100\n|cant|p2b: Chesnaught|flinch\n|\n|-damage|p1a: Garchomp|14/100|[from] Leech Seed|[of] p2b: Chesnaught\n|-heal|p2b: Chesnaught|60/100|[silent]\n|upkeep\n|turn|15\n|\n|t:|1776049764\n|move|p1a: Garchomp|Rock Slide|p2b: Chesnaught\n|-resisted|p2b: Chesnaught|1\n|-damage|p2b: Chesnaught|54/100\n|move|p1b: Venusaur|Leaf Storm|p2b: Chesnaught\n|-resisted|p2b: Chesnaught|1\n|-damage|p2b: Chesnaught|49/100\n|move|p2b: Chesnaught|Body Press|p1b: Venusaur\n|-resisted|p1b: Venusaur|1\n|-damage|p1b: Venusaur|3/100\n|\n|-damage|p1a: Garchomp|2/100|[from] Leech Seed|[of] p2b: Chesnaught\n|-heal|p2b: Chesnaught|61/100|[silent]\n|upkeep\n|turn|16\n|c|\u2606VerySpethal|gg!\n|c|\u2606VerySpethal|RIP the missed heat wave\n|\n|t:|1776049779\n|move|p1a: Garchomp|Rock Slide|p2b: Chesnaught\n|-resisted|p2b: Chesnaught|1\n|-damage|p2b: Chesnaught|54/100\n|move|p1b: Venusaur|Leaf Storm|p2b: Chesnaught\n|-resisted|p2b: Chesnaught|1\n|-damage|p2b: Chesnaught|49/100\n|move|p2b: Chesnaught|Body Press|p1b: Venusaur\n|-resisted|p1b: Venusaur|1\n|-damage|p1b: Venusaur|0 fnt\n|faint|p1b: Venusaur\n|\n|-damage|p1a: Garchomp|0 fnt|[from] Leech Seed|[of] p2b: Chesnaught\n|-heal|p2b: Chesnaught|50/100|[silent]\n|faint|p1a: Garchomp\n|\n|win|varimare\n|raw|VerySpethal's rating: 1182 &rarr; <strong>1161</strong><br />(-21 for losing)\n|raw|varimare's rating: 1234 &rarr; <strong>1255</strong><br />(+21 for winning)\n|l|\u2606VerySpethal\n|player|p1|\n",
  "uploadtime": 1776049812,
  "views": 14,
  "formatid": "gen9championsvgc2026regma",
  "rating": 1161,
  "private": 0,
  "password": null
}