{
  "id": "gen9championsvgc2026regma-2587443037",
  "format": "[Gen 9 Champions] VGC 2026 Reg M-A",
  "players": [
    "dynxx",
    "pedroguscos73"
  ],
  "log": "|j|\u2606dynxx\n|j|\u2606pedroguscos73\n|t:|1776532219\n|gametype|doubles\n|player|p1|dynxx|scientist-gen4|1069\n|player|p2|pedroguscos73|hiker-gen4|1032\n|gen|9\n|tier|[Gen 9 Champions] VGC 2026 Reg M-A\n|rated|\n|rule|Species Clause: Limit one of each Pok\u00e9mon\n|rule|Item Clause: Limit 1 of each item\n|clearpoke\n|poke|p1|Alakazam, L50, M|\n|poke|p1|Incineroar, L50, F|\n|poke|p1|Basculegion, L50, M|\n|poke|p1|Cofagrigus, L50, F|\n|poke|p1|Whimsicott, L50, M|\n|poke|p1|Venusaur, L50, F|\n|poke|p2|Meganium, L50, F|\n|poke|p2|Archaludon, L50, M, shiny|\n|poke|p2|Pelipper, L50, F|\n|poke|p2|Incineroar, L50, M|\n|poke|p2|Basculegion, L50, M|\n|poke|p2|Kangaskhan, L50, F|\n|teampreview|4\n|inactive|Battle timer is ON: inactive players will automatically lose when time's up. (requested by dynxx)\npedroguscos73 has agreed to open team sheets.\n|inactive|pedroguscos73 has 60 seconds left.\n|inactive|dynxx has 60 seconds left.\n|\n|t:|1776532289\n|teamsize|p1|4\n|teamsize|p2|4\n|start\n|switch|p1a: Incineroar|Incineroar, L50, F|100/100\n|switch|p1b: Basculegion|Basculegion, L50, M|100/100\n|switch|p2a: Petr\u00facio|Pelipper, L50, F|100/100\n|switch|p2b: Ivan O Terr\u00edvel|Incineroar, L50, M|100/100\n|-weather|RainDance|[from] ability: Drizzle|[of] p2a: Petr\u00facio\n|-ability|p2b: Ivan O Terr\u00edvel|Intimidate|boost\n|-unboost|p1a: Incineroar|atk|1\n|-unboost|p1b: Basculegion|atk|1\n|-ability|p1a: Incineroar|Intimidate|boost\n|-unboost|p2a: Petr\u00facio|atk|1\n|-unboost|p2b: Ivan O Terr\u00edvel|atk|1\n|turn|1\n|inactive|pedroguscos73 has 30 seconds left.\n|\n|t:|1776532320\n|move|p1a: Incineroar|Fake Out|p2a: Petr\u00facio\n|-damage|p2a: Petr\u00facio|95/100\n|move|p1b: Basculegion|Wave Crash|p2b: Ivan O Terr\u00edvel\n|-supereffective|p2b: Ivan O Terr\u00edvel|1\n|-damage|p2b: Ivan O Terr\u00edvel|0 fnt\n|faint|p2b: Ivan O Terr\u00edvel\n|-damage|p1b: Basculegion|66/100|[from] Recoil\n|cant|p2a: Petr\u00facio|flinch\n|\n|-weather|RainDance|[upkeep]\n|upkeep\n|\n|t:|1776532332\n|switch|p2b: Margarida|Meganium, L50, F|100/100\n|turn|2\n|inactive|dynxx has 30 seconds left.\n|\n|t:|1776532361\n|switch|p1b: Venusaur|Venusaur, L50, F|100/100\n|detailschange|p2b: Margarida|Meganium-Mega, L50, F\n|-mega|p2b: Margarida|Meganium|Meganiumite\n|move|p2b: Margarida|Dazzling Gleam|p1b: Venusaur|[spread] p1a,p1b\n|-resisted|p1b: Venusaur|1\n|-damage|p1a: Incineroar|72/100\n|-damage|p1b: Venusaur|84/100\n|move|p2a: Petr\u00facio|Tailwind|p2a: Petr\u00facio\n|-sidestart|p2: pedroguscos73|move: Tailwind\n|move|p1a: Incineroar|Flare Blitz|p2b: Margarida\n|-supereffective|p2b: Margarida|1\n|-damage|p2b: Margarida|77/100\n|-damage|p1a: Incineroar|65/100|[from] Recoil\n|\n|-weather|RainDance|[upkeep]\n|-heal|p1b: Venusaur|90/100|[from] item: Leftovers\n|upkeep\n|turn|3\n|inactive|pedroguscos73 has 30 seconds left.\n|\n|t:|1776532394\n|move|p2b: Margarida|Dazzling Gleam|p1b: Venusaur|[spread] p1a,p1b\n|-resisted|p1b: Venusaur|1\n|-damage|p1a: Incineroar|33/100\n|-damage|p1b: Venusaur|72/100\n|-enditem|p1a: Incineroar|Sitrus Berry|[eat]\n|-heal|p1a: Incineroar|58/100|[from] item: Sitrus Berry\n|move|p2a: Petr\u00facio|Hurricane|p1b: Venusaur\n|-supereffective|p1b: Venusaur|1\n|-damage|p1b: Venusaur|2/100\n|move|p1b: Venusaur|Sludge Bomb|p2b: Margarida\n|-supereffective|p2b: Margarida|2\n|-damage|p2b: Margarida|0 fnt\n|faint|p2b: Margarida\n|move|p1a: Incineroar|Flare Blitz|p2a: Petr\u00facio\n|-resisted|p2a: Petr\u00facio|1\n|-damage|p2a: Petr\u00facio|89/100\n|-damage|p1a: Incineroar|56/100|[from] Recoil\n|\n|-weather|RainDance|[upkeep]\n|-heal|p1b: Venusaur|7/100|[from] item: Leftovers\n|upkeep\n|\n|t:|1776532411\n|switch|p2b: Braulio|Basculegion, L50, M|100/100\n|turn|4\n|inactive|pedroguscos73 has 30 seconds left.\n|\n|t:|1776532437\n|move|p2b: Braulio|Last Respects|p1b: Venusaur\n|-damage|p1b: Venusaur|0 fnt\n|faint|p1b: Venusaur\n|move|p2a: Petr\u00facio|Weather Ball|p1a: Incineroar\n|-supereffective|p1a: Incineroar|1\n|-damage|p1a: Incineroar|0 fnt\n|faint|p1a: Incineroar\n|\n|-weather|RainDance|[upkeep]\n|upkeep\n|\n|t:|1776532446\n|switch|p1b: Basculegion|Basculegion, L50, M|66/100\n|switch|p1a: Alakazam|Alakazam, L50, M|100/100\n|turn|5\n|inactive|pedroguscos73 has 30 seconds left.\n|\n|t:|1776532476\n|detailschange|p1a: Alakazam|Alakazam-Mega, L50, M\n|-mega|p1a: Alakazam|Alakazam|Alakazite\n|-ability|p1a: Alakazam|Swift Swim|Trace|[from] ability: Trace|[of] p2b: Braulio\n|move|p1a: Alakazam|Protect|p1a: Alakazam\n|-singleturn|p1a: Alakazam|Protect\n|move|p2b: Braulio|Last Respects|p1b: Basculegion\n|-supereffective|p1b: Basculegion|1\n|-damage|p1b: Basculegion|0 fnt\n|faint|p1b: Basculegion\n|move|p2a: Petr\u00facio|Hurricane|p1a: Alakazam\n|-activate|p1a: Alakazam|move: Protect\n|\n|-weather|none\n|-sideend|p2: pedroguscos73|move: Tailwind\n|upkeep\n|turn|6\n|\n|t:|1776532500\n|move|p1a: Alakazam|Shadow Ball|p2b: Braulio\n|-supereffective|p2b: Braulio|1\n|-damage|p2b: Braulio|13/100\n|-unboost|p2b: Braulio|spd|1\n|move|p2b: Braulio|Last Respects|p1a: Alakazam\n|-supereffective|p1a: Alakazam|1\n|-damage|p1a: Alakazam|0 fnt\n|faint|p1a: Alakazam\n|\n|win|pedroguscos73\n|raw|dynxx's rating: 1069 &rarr; <strong>1046</strong><br />(-23 for losing)\n|raw|pedroguscos73's rating: 1032 &rarr; <strong>1071</strong><br />(+39 for winning)\n|l|\u2606dynxx\n|player|p1|\n",
  "uploadtime": 1776532515,
  "views": 25,
  "formatid": "gen9championsvgc2026regma",
  "rating": 1046,
  "private": 0,
  "password": null
}