{
  "id": "gen9championsvgc2026regma-2586231201",
  "format": "[Gen 9 Champions] VGC 2026 Reg M-A",
  "players": [
    "MigraineMan",
    "Forbranna"
  ],
  "log": "|j|\u2606MigraineMan\n|j|\u2606Forbranna\n|t:|1776415193\n|gametype|doubles\n|player|p1|MigraineMan|170|1529\n|player|p2|Forbranna|265|1494\n|gen|9\n|tier|[Gen 9 Champions] VGC 2026 Reg M-A\n|rated|\n|rule|Species Clause: Limit one of each Pok\u00e9mon\n|rule|Item Clause: Limit 1 of each item\n|clearpoke\n|poke|p1|Talonflame, L50, F|\n|poke|p1|Pelipper, L50, F|\n|poke|p1|Excadrill, L50, F|\n|poke|p1|Basculegion, L50, M|\n|poke|p1|Lycanroc, L50, F|\n|poke|p1|Tyranitar, L50, M|\n|poke|p2|Meganium, L50, F|\n|poke|p2|Tyranitar, L50, M|\n|poke|p2|Excadrill, L50, F|\n|poke|p2|Aegislash, L50, M|\n|poke|p2|Sinistcha, L50|\n|poke|p2|Talonflame, L50, M|\n|teampreview|4\n|inactive|Battle timer is ON: inactive players will automatically lose when time's up. (requested by Forbranna)\n|\n|t:|1776415223\n|teamsize|p1|4\n|teamsize|p2|4\n|start\n|switch|p1a: Lycanroc|Lycanroc, L50, F|100/100\n|switch|p1b: Tyranitar|Tyranitar, L50, M|100/100\n|switch|p2a: Sappho|Meganium, L50, F|100/100\n|switch|p2b: Charlemagne|Sinistcha, L50|100/100\n|-weather|Sandstorm|[from] ability: Sand Stream|[of] p1b: Tyranitar\n|turn|1\n|\n|t:|1776415237\n|detailschange|p1b: Tyranitar|Tyranitar-Mega, L50, M\n|-mega|p1b: Tyranitar|Tyranitar|Tyranitarite\n|detailschange|p2a: Sappho|Meganium-Mega, L50, F\n|-mega|p2a: Sappho|Meganium|Meganiumite\n|move|p1a: Lycanroc|Rock Slide|p2a: Sappho|[spread] p2a,p2b\n|-crit|p2b: Charlemagne\n|-damage|p2a: Sappho|79/100\n|-damage|p2b: Charlemagne|67/100\n|move|p1b: Tyranitar|Assurance|p2b: Charlemagne\n|-supereffective|p2b: Charlemagne|1\n|-damage|p2b: Charlemagne|0 fnt\n|faint|p2b: Charlemagne\n|cant|p2a: Sappho|flinch\n|\n|-weather|Sandstorm|[upkeep]\n|-damage|p2a: Sappho|73/100|[from] Sandstorm\n|upkeep\n|\n|t:|1776415254\n|switch|p2b: Charles V|Aegislash, L50, M|100/100\n|turn|2\n|\n|t:|1776415266\n|move|p2b: Charles V|Wide Guard|p2b: Charles V\n|-singleturn|p2b: Charles V|Wide Guard\n|move|p1a: Lycanroc|Rock Slide|p2a: Sappho|[spread] \n|-activate|p2a: Sappho|move: Wide Guard\n|-activate|p2b: Charles V|move: Wide Guard\n|move|p1b: Tyranitar|Assurance|p2b: Charles V\n|-supereffective|p2b: Charles V|1\n|-damage|p2b: Charles V|32/100\n|-enditem|p2b: Charles V|Sitrus Berry|[eat]\n|-heal|p2b: Charles V|57/100|[from] item: Sitrus Berry\n|move|p2a: Sappho|Dazzling Gleam|p1b: Tyranitar|[spread] p1a,p1b\n|-supereffective|p1b: Tyranitar|1\n|-damage|p1a: Lycanroc|41/100\n|-damage|p1b: Tyranitar|45/100\n|\n|-weather|Sandstorm|[upkeep]\n|-damage|p2a: Sappho|67/100|[from] Sandstorm\n|upkeep\n|turn|3\n|\n|t:|1776415284\n|move|p2b: Charles V|King's Shield|p2b: Charles V\n|-singleturn|p2b: Charles V|Protect\n|move|p1a: Lycanroc|Rock Slide|p2a: Sappho|[spread] \n|-activate|p2b: Charles V|move: Protect\n|-miss|p1a: Lycanroc|p2a: Sappho\n|move|p1b: Tyranitar|Ice Punch|p2a: Sappho\n|-supereffective|p2a: Sappho|1\n|-damage|p2a: Sappho|10/100\n|move|p2a: Sappho|Dazzling Gleam|p1a: Lycanroc|[spread] p1a,p1b\n|-supereffective|p1b: Tyranitar|1\n|-damage|p1a: Lycanroc|0 fnt\n|-damage|p1b: Tyranitar|0 fnt\n|faint|p1a: Lycanroc\n|faint|p1b: Tyranitar\n|\n|-weather|Sandstorm|[upkeep]\n|-damage|p2a: Sappho|4/100|[from] Sandstorm\n|upkeep\n|c|\u2606MigraineMan|What a miss lol\n|\n|t:|1776415304\n|switch|p1a: Pelipper|Pelipper, L50, F|100/100\n|switch|p1b: Basculegion|Basculegion, L50, M|100/100\n|-weather|RainDance|[from] ability: Drizzle|[of] p1a: Pelipper\n|turn|4\n|\n|t:|1776415321\n|switch|p2a: Ivan IV|Tyranitar, L50, M, shiny|100/100\n|-weather|Sandstorm|[from] ability: Sand Stream|[of] p2a: Ivan IV\n|move|p1a: Pelipper|Weather Ball|p2a: Ivan IV\n|-damage|p2a: Ivan IV|84/100\n|move|p1b: Basculegion|Last Respects|p2b: Charles V\n|-supereffective|p2b: Charles V|1\n|-damage|p2b: Charles V|0 fnt\n|faint|p2b: Charles V\n|\n|-weather|Sandstorm|[upkeep]\n|-damage|p1a: Pelipper|95/100|[from] Sandstorm\n|-damage|p1b: Basculegion|94/100|[from] Sandstorm\n|upkeep\n|\n|t:|1776415337\n|switch|p2b: Sappho|Meganium-Mega, L50, F|4/100\n|turn|5\n|\n|t:|1776415345\n|move|p1a: Pelipper|Weather Ball|p2b: Sappho\n|-damage|p2b: Sappho|0 fnt\n|faint|p2b: Sappho\n|move|p1b: Basculegion|Wave Crash|p2a: Ivan IV\n|-supereffective|p2a: Ivan IV|1\n|-damage|p2a: Ivan IV|0 fnt\n|faint|p2a: Ivan IV\n|-damage|p1b: Basculegion|68/100|[from] Recoil\n|\n|win|MigraineMan\n|raw|MigraineMan's rating: 1529 &rarr; <strong>1547</strong><br />(+18 for winning)\n|raw|Forbranna's rating: 1494 &rarr; <strong>1476</strong><br />(-18 for losing)\n",
  "uploadtime": 1776415352,
  "views": 48,
  "formatid": "gen9championsvgc2026regma",
  "rating": 1476,
  "private": 0,
  "password": null
}