{
  "id": "gen9championsvgc2026regma-2581828045",
  "format": "[Gen 9 Champions] VGC 2026 Reg M-A",
  "players": [
    "Blank_Playe_pract",
    "HeZaR"
  ],
  "log": "|j|\u2606Blank_Playe_pract\n|j|\u2606HeZaR\n|t:|1776031703\n|gametype|doubles\n|player|p1|Blank_Playe_pract|2|1144\n|player|p2|HeZaR|harlequin|1061\n|gen|9\n|tier|[Gen 9 Champions] VGC 2026 Reg M-A\n|rated|\n|rule|Species Clause: Limit one of each Pok\u00e9mon\n|rule|Item Clause: Limit 1 of each item\n|clearpoke\n|poke|p1|Meganium, L50, F|\n|poke|p1|Pelipper, L50, F|\n|poke|p1|Incineroar, L50, M|\n|poke|p1|Basculegion, L50, M|\n|poke|p1|Vivillon, L50, M|\n|poke|p1|Archaludon, L50, M|\n|poke|p2|Hawlucha, L50, F|\n|poke|p2|Garganacl, L50, M|\n|poke|p2|Mr. Rime, L50, F|\n|poke|p2|Snorlax, L50, F|\n|poke|p2|Krookodile, L50, F|\n|poke|p2|Maushold-Four, L50|\n|teampreview|4\n|inactive|Battle timer is ON: inactive players will automatically lose when time's up. (requested by HeZaR)\n|inactive|Blank_Playe_pract also wants the timer to be on.\n|\n|t:|1776031730\n|teamsize|p1|4\n|teamsize|p2|4\n|start\n|switch|p1a: Vivillon|Vivillon, L50, M|100/100\n|switch|p1b: Incineroar|Incineroar, L50, M|100/100\n|switch|p2a: Hawlucha|Hawlucha, L50, F, shiny|100/100\n|switch|p2b: Snorlax|Snorlax, L50, F|100/100\n|-ability|p1b: Incineroar|Intimidate|boost\n|-unboost|p2a: Hawlucha|atk|1\n|-unboost|p2b: Snorlax|atk|1\n|turn|1\n|\n|t:|1776031741\n|move|p2a: Hawlucha|Protect|p2a: Hawlucha\n|-singleturn|p2a: Hawlucha|Protect\n|move|p1b: Incineroar|Fake Out|p2a: Hawlucha\n|-activate|p2a: Hawlucha|move: Protect\n|move|p1a: Vivillon|Tailwind|p1a: Vivillon\n|-sidestart|p1: Blank_Playe_pract|move: Tailwind\n|move|p2b: Snorlax|Self-Destruct|p1b: Incineroar|[spread] p1a,p1b\n|-activate|p2a: Hawlucha|move: Protect\n|-damage|p1a: Vivillon|15/100\n|-damage|p1b: Incineroar|63/100\n|faint|p2b: Snorlax\n|\n|-heal|p1a: Vivillon|21/100|[from] item: Leftovers\n|upkeep\n|\n|t:|1776031760\n|switch|p2b: Mr. Rime|Mr. Rime, L50, F|100/100\n|turn|2\n|\n|t:|1776031769\n|detailschange|p2a: Hawlucha|Hawlucha-Mega, L50, F, shiny\n|-mega|p2a: Hawlucha|Hawlucha|Hawluchanite\n|move|p1a: Vivillon|Protect|p1a: Vivillon\n|-singleturn|p1a: Vivillon|Protect\n|move|p2b: Mr. Rime|Fake Out|p1b: Incineroar\n|-damage|p1b: Incineroar|58/100\n|move|p2a: Hawlucha|Entrainment|p2b: Mr. Rime\n|-ability|p2b: Mr. Rime|No Guard|Tangled Feet|[from] move: Entrainment|[of] p2a: Hawlucha\n|cant|p1b: Incineroar|flinch\n|\n|-heal|p1a: Vivillon|27/100|[from] item: Leftovers\n|upkeep\n|turn|3\n|\n|t:|1776031787\n|move|p1a: Vivillon|Sleep Powder|p2b: Mr. Rime\n|-status|p2b: Mr. Rime|slp|[from] move: Sleep Powder\n|move|p2a: Hawlucha|Stone Edge|p1a: Vivillon\n|-supereffective|p1a: Vivillon|2\n|-damage|p1a: Vivillon|0 fnt\n|faint|p1a: Vivillon\n|move|p1b: Incineroar|Parting Shot|p2a: Hawlucha\n|-unboost|p2a: Hawlucha|atk|1\n|-unboost|p2a: Hawlucha|spa|1\n|\n|t:|1776031798\n|switch|p1b: Basculegion|Basculegion, L50, M|100/100|[from] Parting Shot\n|cant|p2b: Mr. Rime|slp\n|\n|upkeep\n|\n|t:|1776031802\n|switch|p1a: Meganium|Meganium, L50, F|100/100\n|turn|4\n|\n|t:|1776031816\n|switch|p1a: Incineroar|Incineroar, L50, M|58/100\n|-ability|p1a: Incineroar|Intimidate|boost\n|-unboost|p2a: Hawlucha|atk|1\n|-unboost|p2b: Mr. Rime|atk|1\n|move|p1b: Basculegion|Last Respects|p2b: Mr. Rime\n|-supereffective|p2b: Mr. Rime|1\n|-damage|p2b: Mr. Rime|0 fnt\n|faint|p2b: Mr. Rime\n|move|p2a: Hawlucha|High Jump Kick|p1a: Incineroar\n|-supereffective|p1a: Incineroar|1\n|-damage|p1a: Incineroar|9/100\n|-enditem|p1a: Incineroar|Sitrus Berry|[eat]\n|-heal|p1a: Incineroar|33/100|[from] item: Sitrus Berry\n|\n|-sideend|p1: Blank_Playe_pract|move: Tailwind\n|upkeep\n|\n|t:|1776031827\n|switch|p2b: Krookodile|Krookodile, L50, F|100/100\n|-ability|p2b: Krookodile|Intimidate|boost\n|-unboost|p1a: Incineroar|atk|1\n|-unboost|p1b: Basculegion|atk|1\n|turn|5\n|\n|t:|1776031837\n|switch|p1b: Meganium|Meganium, L50, F|100/100\n|move|p1a: Incineroar|Fake Out|p2a: Hawlucha\n|-crit|p2a: Hawlucha\n|-damage|p2a: Hawlucha|82/100\n|cant|p2a: Hawlucha|flinch\n|move|p2b: Krookodile|Fissure|p1b: Meganium|[miss]\n|-miss|p2b: Krookodile|p1b: Meganium\n|\n|upkeep\n|turn|6\n|inactive|Blank_Playe_pract has 30 seconds left.\n|inactive|Blank_Playe_pract has 20 seconds left.\n|\n|t:|1776031875\n|detailschange|p1b: Meganium|Meganium-Mega, L50, F\n|-mega|p1b: Meganium|Meganium|Meganiumite\n|move|p2a: Hawlucha|Entrainment|p2b: Krookodile\n|-ability|p2b: Krookodile|No Guard|Intimidate|[from] move: Entrainment|[of] p2a: Hawlucha\n|move|p2b: Krookodile|Fissure|p1b: Meganium\n|-damage|p1b: Meganium|0 fnt\n|faint|p1b: Meganium\n|-ohko\n|move|p1a: Incineroar|Flare Blitz|p2a: Hawlucha\n|-damage|p2a: Hawlucha|43/100\n|-damage|p1a: Incineroar|22/100|[from] Recoil\n|\n|upkeep\n|\n|t:|1776031887\n|switch|p1b: Basculegion|Basculegion, L50, M|100/100\n|turn|7\n|\n|t:|1776031897\n|move|p1a: Incineroar|Protect|p1a: Incineroar\n|-singleturn|p1a: Incineroar|Protect\n|move|p1b: Basculegion|Wave Crash|p2b: Krookodile\n|-supereffective|p2b: Krookodile|1\n|-enditem|p2b: Krookodile|Focus Sash\n|-damage|p2b: Krookodile|1/100\n|-damage|p1b: Basculegion|72/100|[from] Recoil\n|move|p2a: Hawlucha|High Jump Kick|p1a: Incineroar\n|-activate|p1a: Incineroar|move: Protect\n|-damage|p2a: Hawlucha|0 fnt|[from] highjumpkick\n|faint|p2a: Hawlucha\n|move|p2b: Krookodile|Fissure|p1b: Basculegion\n|-damage|p1b: Basculegion|0 fnt\n|faint|p1b: Basculegion\n|-ohko\n|\n|upkeep\n|turn|8\n|\n|t:|1776031916\n|move|p2b: Krookodile|Earthquake|p1a: Incineroar\n|-supereffective|p1a: Incineroar|1\n|-crit|p1a: Incineroar\n|-damage|p1a: Incineroar|0 fnt\n|faint|p1a: Incineroar\n|\n|win|HeZaR\n|raw|Blank_Playe_pract's rating: 1144 &rarr; <strong>1113</strong><br />(-31 for losing)\n|raw|HeZaR's rating: 1061 &rarr; <strong>1099</strong><br />(+38 for winning)\n",
  "uploadtime": 1776031922,
  "views": 23,
  "formatid": "gen9championsvgc2026regma",
  "rating": 1099,
  "private": 0,
  "password": null
}