{
  "id": "gen9championsvgc2026regma-2586343250",
  "format": "[Gen 9 Champions] VGC 2026 Reg M-A",
  "players": [
    "Nanndemoiidesu",
    "KennarDH"
  ],
  "log": "|j|\u2606Nanndemoiidesu\n|j|\u2606KennarDH\n|t:|1776427151\n|gametype|doubles\n|player|p1|Nanndemoiidesu|twins-gen4dp|1348\n|player|p2|KennarDH|rocketgruntf|1248\n|gen|9\n|tier|[Gen 9 Champions] VGC 2026 Reg M-A\n|rated|\n|rule|Species Clause: Limit one of each Pok\u00e9mon\n|rule|Item Clause: Limit 1 of each item\n|clearpoke\n|poke|p1|Venusaur, L50, M|\n|poke|p1|Volcarona, L50, M|\n|poke|p1|Charizard, L50, F|\n|poke|p1|Sneasler, L50, F|\n|poke|p1|Torkoal, L50, M|\n|poke|p1|Farigiraf, L50, F|\n|poke|p2|Farigiraf, L50, F|\n|poke|p2|Blastoise, L50, F|\n|poke|p2|Torkoal, L50, M|\n|poke|p2|Crabominable, L50, F|\n|poke|p2|Alakazam, L50, M|\n|poke|p2|Sinistcha, L50|\n|teampreview|4\n|inactive|Battle timer is ON: inactive players will automatically lose when time's up. (requested by Nanndemoiidesu)\n|\n|t:|1776427177\n|teamsize|p1|4\n|teamsize|p2|4\n|start\n|switch|p1a: Venusaur|Venusaur, L50, M|100/100\n|switch|p1b: Charizard|Charizard, L50, F|100/100\n|switch|p2a: Blastoise|Blastoise, L50, F|100/100\n|switch|p2b: Farigiraf|Farigiraf, L50, F|100/100\n|turn|1\n|inactive|Nanndemoiidesu has 30 seconds left.\n|\n|t:|1776427206\n|detailschange|p1b: Charizard|Charizard-Mega-Y, L50, F\n|-mega|p1b: Charizard|Charizard|Charizardite Y\n|-weather|SunnyDay|[from] ability: Drought|[of] p1b: Charizard\n|move|p2a: Blastoise|Fake Out|p1a: Venusaur\n|-damage|p1a: Venusaur|89/100\n|cant|p1a: Venusaur|flinch\n|move|p1b: Charizard|Heat Wave|p2b: Farigiraf|[spread] p2a,p2b\n|-resisted|p2a: Blastoise|1\n|-damage|p2a: Blastoise|68/100\n|-damage|p2b: Farigiraf|34/100\n|-status|p2b: Farigiraf|brn\n|move|p2b: Farigiraf|Trick Room|p2b: Farigiraf\n|-fieldstart|move: Trick Room|[of] p2b: Farigiraf\n|\n|-weather|SunnyDay|[upkeep]\n|-damage|p2b: Farigiraf|28/100 brn|[from] brn\n|upkeep\n|turn|2\n|inactive|KennarDH has 30 seconds left.\n|inactive|Nanndemoiidesu has 30 seconds left.\n|\n|t:|1776427243\n|detailschange|p2a: Blastoise|Blastoise-Mega, L50, F\n|-mega|p2a: Blastoise|Blastoise|Blastoisinite\n|move|p2b: Farigiraf|Twin Beam|p1a: Venusaur\n|-supereffective|p1a: Venusaur|1\n|-damage|p1a: Venusaur|53/100\n|-supereffective|p1a: Venusaur|1\n|-damage|p1a: Venusaur|14/100\n|-hitcount|p1a: Venusaur|2\n|move|p2a: Blastoise|Water Spout|p1b: Charizard|[spread] p1a,p1b\n|-resisted|p1a: Venusaur|1\n|-supereffective|p1b: Charizard|1\n|-damage|p1a: Venusaur|1/100\n|-damage|p1b: Charizard|66/100\n|move|p1b: Charizard|Dragon Pulse|p2a: Blastoise\n|-damage|p2a: Blastoise|34/100\n|move|p1a: Venusaur|Light Screen|p1a: Venusaur\n|-sidestart|p1: Nanndemoiidesu|move: Light Screen\n|\n|-weather|SunnyDay|[upkeep]\n|-damage|p2b: Farigiraf|22/100 brn|[from] brn\n|upkeep\n|turn|3\n|\n|t:|1776427261\n|move|p1b: Charizard|Protect|p1b: Charizard\n|-singleturn|p1b: Charizard|Protect\n|move|p2b: Farigiraf|Hyper Voice|p1b: Charizard|[spread] p1a\n|-activate|p1b: Charizard|move: Protect\n|-damage|p1a: Venusaur|0 fnt\n|faint|p1a: Venusaur\n|move|p2a: Blastoise|Ice Beam|p1b: Charizard\n|-activate|p1b: Charizard|move: Protect\n|\n|-weather|SunnyDay|[upkeep]\n|-damage|p2b: Farigiraf|16/100 brn|[from] brn\n|upkeep\n|\n|t:|1776427263\n|switch|p1a: Volcarona|Volcarona, L50, M|100/100\n|turn|4\n|\n|t:|1776427278\n|move|p2b: Farigiraf|Hyper Voice|p1a: Volcarona|[spread] p1a,p1b\n|-damage|p1a: Volcarona|82/100\n|-damage|p1b: Charizard|50/100\n|move|p2a: Blastoise|Ice Beam|p1b: Charizard\n|-damage|p1b: Charizard|32/100\n|move|p1b: Charizard|Heat Wave|p2b: Farigiraf|[spread] p2a\n|-miss|p1b: Charizard|p2b: Farigiraf\n|-resisted|p2a: Blastoise|1\n|-damage|p2a: Blastoise|5/100\n|move|p1a: Volcarona|Quiver Dance|p1a: Volcarona\n|-boost|p1a: Volcarona|spa|1\n|-boost|p1a: Volcarona|spd|1\n|-boost|p1a: Volcarona|spe|1\n|\n|-weather|SunnyDay|[upkeep]\n|-damage|p2b: Farigiraf|9/100 brn|[from] brn\n|upkeep\n|turn|5\n|\n|t:|1776427297\n|switch|p2a: Alakazam|Alakazam, L50, M|100/100\n|move|p2b: Farigiraf|Hyper Voice|p1b: Charizard|[spread] p1a,p1b\n|-crit|p1a: Volcarona\n|-damage|p1a: Volcarona|46/100\n|-damage|p1b: Charizard|17/100\n|move|p1b: Charizard|Heat Wave|p2a: Alakazam|[spread] p2a,p2b\n|-enditem|p2a: Alakazam|Focus Sash\n|-damage|p2a: Alakazam|1/100\n|-damage|p2b: Farigiraf|0 fnt\n|-status|p2a: Alakazam|brn\n|faint|p2b: Farigiraf\n|move|p1a: Volcarona|Morning Sun|p1a: Volcarona\n|-heal|p1a: Volcarona|100/100\n|\n|-weather|none\n|-damage|p2a: Alakazam|0 fnt|[from] brn\n|faint|p2a: Alakazam\n|-fieldend|move: Trick Room\n|upkeep\n|\n|t:|1776427314\n|switch|p2a: Torkoal|Torkoal, L50, M|100/100\n|switch|p2b: Blastoise|Blastoise-Mega, L50, F|5/100\n|-weather|SunnyDay|[from] ability: Drought|[of] p2a: Torkoal\n|turn|6\n|\n|t:|1776427323\n|move|p2b: Blastoise|Fake Out|p1a: Volcarona\n|-damage|p1a: Volcarona|92/100\n|cant|p1a: Volcarona|flinch\n|move|p1b: Charizard|Air Slash|p2a: Torkoal\n|-damage|p2a: Torkoal|36/100\n|move|p2a: Torkoal|Eruption|p1a: Volcarona|[spread] p1a,p1b\n|-resisted|p1b: Charizard|1\n|-damage|p1a: Volcarona|81/100\n|-damage|p1b: Charizard|8/100\n|\n|-weather|SunnyDay|[upkeep]\n|-sideend|p1: Nanndemoiidesu|move: Light Screen\n|upkeep\n|turn|7\n|-message|KennarDH forfeited.\n|\n|win|Nanndemoiidesu\n|raw|Nanndemoiidesu's rating: 1331 &rarr; <strong>1346</strong><br />(+15 for winning)\n|raw|KennarDH's rating: 1248 &rarr; <strong>1229</strong><br />(-19 for losing)\n",
  "uploadtime": 1776427335,
  "views": 42,
  "formatid": "gen9championsvgc2026regma",
  "rating": 1229,
  "private": 0,
  "password": null
}