{
  "id": "gen9championsvgc2026regma-2583523237",
  "format": "[Gen 9 Champions] VGC 2026 Reg M-A",
  "players": [
    "Daniel Realms",
    "drake78976"
  ],
  "log": "|j|\u2606Daniel Realms\n|j|\u2606drake78976\n|t:|1776181027\n|gametype|doubles\n|player|p1|Daniel Realms|169|1171\n|player|p2|drake78976|li|1162\n|gen|9\n|tier|[Gen 9 Champions] VGC 2026 Reg M-A\n|rated|\n|rule|Species Clause: Limit one of each Pok\u00e9mon\n|rule|Item Clause: Limit 1 of each item\n|clearpoke\n|poke|p1|Gengar, L50, F|\n|poke|p1|Sableye, L50, M|\n|poke|p1|Incineroar, L50, M|\n|poke|p1|Politoed, L50, M|\n|poke|p1|Meganium, L50, F|\n|poke|p1|Farigiraf, L50, M|\n|poke|p2|Kingambit, L50, M|\n|poke|p2|Froslass, L50, F|\n|poke|p2|Kommo-o, L50, F|\n|poke|p2|Incineroar, L50, F|\n|poke|p2|Glimmora, L50, M|\n|poke|p2|Whimsicott, L50, M|\n|teampreview|4\n|\n|t:|1776181079\n|teamsize|p1|4\n|teamsize|p2|4\n|start\n|switch|p1a: Meganium|Meganium, L50, F|100/100\n|switch|p1b: Farigiraf|Farigiraf, L50, M|100/100\n|switch|p2a: Incineroar|Incineroar, L50, F|100/100\n|switch|p2b: Kingambit|Kingambit, L50, M|100/100\n|-ability|p2a: Incineroar|Intimidate|boost\n|-unboost|p1a: Meganium|atk|1\n|-unboost|p1b: Farigiraf|atk|1\n|turn|1\n|inactive|Battle timer is ON: inactive players will automatically lose when time's up. (requested by Daniel Realms)\n|inactive|Daniel Realms has 60 seconds left.\n|\n|t:|1776181111\n|switch|p1b: Politoed|Politoed, L50, M|100/100\n|-weather|RainDance|[from] ability: Drizzle|[of] p1b: Politoed\n|detailschange|p1a: Meganium|Meganium-Mega, L50, F\n|-mega|p1a: Meganium|Meganium|Meganiumite\n|move|p1a: Meganium|Earth Power|p2a: Incineroar\n|-supereffective|p2a: Incineroar|1\n|-damage|p2a: Incineroar|45/100\n|-enditem|p2a: Incineroar|Sitrus Berry|[eat]\n|-heal|p2a: Incineroar|70/100|[from] item: Sitrus Berry\n|move|p2b: Kingambit|Kowtow Cleave|p1b: Politoed\n|-damage|p1b: Politoed|56/100\n|move|p2a: Incineroar|Darkest Lariat|p1b: Politoed\n|-damage|p1b: Politoed|22/100\n|-enditem|p1b: Politoed|Sitrus Berry|[eat]\n|-heal|p1b: Politoed|47/100|[from] item: Sitrus Berry\n|\n|-weather|RainDance|[upkeep]\n|upkeep\n|turn|2\n|inactive|drake78976 has 30 seconds left.\n|\n|t:|1776181145\n|switch|p2b: Glimmora|Glimmora, L50, M|100/100\n|switch|p2a: Froslass|Froslass, L50, F|100/100\n|move|p1a: Meganium|Weather Ball|p2b: Glimmora\n|-resisted|p2b: Glimmora|1\n|-damage|p2b: Glimmora|59/100\n|move|p1b: Politoed|Weather Ball|p2a: Froslass\n|-damage|p2a: Froslass|11/100\n|\n|-weather|RainDance|[upkeep]\n|upkeep\n|turn|3\n|inactive|drake78976 has 30 seconds left.\n|\n|t:|1776181175\n|switch|p1b: Incineroar|Incineroar, L50, M|100/100\n|-ability|p1b: Incineroar|Intimidate|boost\n|-unboost|p2a: Froslass|atk|1\n|-unboost|p2b: Glimmora|atk|1\n|detailschange|p2a: Froslass|Froslass-Mega, L50, F\n|-mega|p2a: Froslass|Froslass|Froslassite\n|-weather|Snowscape|[from] ability: Snow Warning|[of] p2a: Froslass\n|move|p1a: Meganium|Protect|p1a: Meganium\n|-singleturn|p1a: Meganium|Protect\n|move|p2a: Froslass|Blizzard|p1b: Incineroar|[spread] p1b\n|-activate|p1a: Meganium|move: Protect\n|-resisted|p1b: Incineroar|1\n|-damage|p1b: Incineroar|83/100\n|move|p2b: Glimmora|Power Gem|p1b: Incineroar\n|-supereffective|p1b: Incineroar|1\n|-damage|p1b: Incineroar|10/100\n|\n|-weather|Snowscape|[upkeep]\n|upkeep\n|turn|4\n|inactive|Daniel Realms has 30 seconds left.\n|inactive|drake78976 has 30 seconds left.\n|inactive|Daniel Realms has 20 seconds left.\n|inactive|Daniel Realms has 15 seconds left.\n|inactive|Daniel Realms has 10 seconds left.\n|\n|t:|1776181223\n|switch|p2a: Kingambit|Kingambit, L50, M|100/100\n|switch|p1b: Politoed|Politoed, L50, M|47/100\n|-weather|RainDance|[from] ability: Drizzle|[of] p1b: Politoed\n|move|p2b: Glimmora|Sludge Wave|p1a: Meganium|[spread] p1a,p1b\n|-immune|p2a: Kingambit\n|-supereffective|p1a: Meganium|2\n|-crit|p1b: Politoed\n|-damage|p1a: Meganium|0 fnt\n|-damage|p1b: Politoed|0 fnt\n|faint|p1a: Meganium\n|faint|p1b: Politoed\n|\n|-weather|RainDance|[upkeep]\n|upkeep\n|\n|t:|1776181237\n|switch|p1a: Farigiraf|Farigiraf, L50, M|100/100\n|switch|p1b: Incineroar|Incineroar, L50, M|10/100\n|-ability|p1b: Incineroar|Intimidate|boost\n|-unboost|p2a: Kingambit|atk|1\n|-ability|p2a: Kingambit|Defiant|boost\n|-boost|p2a: Kingambit|atk|2\n|-unboost|p2b: Glimmora|atk|1\n|turn|5\n|-message|Daniel Realms forfeited.\n|\n|win|drake78976\n|raw|Daniel Realms's rating: 1171 &rarr; <strong>1145</strong><br />(-26 for losing)\n|raw|drake78976's rating: 1162 &rarr; <strong>1188</strong><br />(+26 for winning)\n|l|\u2606Daniel Realms\n|player|p1|\n",
  "uploadtime": 1776181251,
  "views": 31,
  "formatid": "gen9championsvgc2026regma",
  "rating": 1145,
  "private": 0,
  "password": null
}