{
  "id": "gen9championsvgc2026regma-2588551769",
  "format": "[Gen 9 Champions] VGC 2026 Reg M-A",
  "players": [
    "lun4rspace",
    "tempocalypse"
  ],
  "log": "|j|\u2606lun4rspace\n|j|\u2606tempocalypse\n|t:|1776644187\n|gametype|doubles\n|player|p1|lun4rspace|266|1261\n|player|p2|tempocalypse|170|1341\n|gen|9\n|tier|[Gen 9 Champions] VGC 2026 Reg M-A\n|rated|\n|rule|Species Clause: Limit one of each Pok\u00e9mon\n|rule|Item Clause: Limit 1 of each item\n|clearpoke\n|poke|p1|Aerodactyl, L50, M|\n|poke|p1|Basculegion, L50, M|\n|poke|p1|Kommo-o, L50, F|\n|poke|p1|Scizor, L50, F|\n|poke|p1|Scovillain, L50, F|\n|poke|p1|Sneasler, L50, F|\n|poke|p2|Floette-Eternal, L50, F, shiny|\n|poke|p2|Aegislash, L50, F, shiny|\n|poke|p2|Aerodactyl, L50, M, shiny|\n|poke|p2|Sneasler, L50, F, shiny|\n|poke|p2|Sinistcha, L50, shiny|\n|poke|p2|Delphox, L50, F|\n|teampreview|4\n|inactive|Battle timer is ON: inactive players will automatically lose when time's up. (requested by tempocalypse)\n|inactive|lun4rspace has 60 seconds left.\n|inactive|tempocalypse has 60 seconds left.\n|inactive|tempocalypse has 30 seconds left.\n|inactive|tempocalypse has 20 seconds left.\n|inactive|tempocalypse has 15 seconds left.\n|inactive|tempocalypse has 10 seconds left.\n|\n|t:|1776644268\n|teamsize|p1|4\n|teamsize|p2|4\n|start\n|switch|p1a: Scovillain|Scovillain, L50, F|100/100\n|switch|p1b: Scizor|Scizor, L50, F|100/100\n|switch|p2a: Delphox|Delphox, L50, F|100/100\n|switch|p2b: Sneasler|Sneasler, L50, F, shiny|100/100\n|turn|1\n|\n|t:|1776644288\n|switch|p1b: Basculegion|Basculegion, L50, M|100/100\n|detailschange|p1a: Scovillain|Scovillain-Mega, L50, F\n|-mega|p1a: Scovillain|Scovillain|Scovillainite\n|move|p2a: Delphox|Protect|p2a: Delphox\n|-singleturn|p2a: Delphox|Protect\n|move|p1a: Scovillain|Rage Powder|p1a: Scovillain\n|-singleturn|p1a: Scovillain|move: Rage Powder\n|move|p2b: Sneasler|Coaching|p2a: Delphox\n|-boost|p2a: Delphox|atk|1\n|-boost|p2a: Delphox|def|1\n|\n|upkeep\n|turn|2\n|inactive|lun4rspace has 30 seconds left.\n|inactive|tempocalypse has 30 seconds left.\n|inactive|tempocalypse has 20 seconds left.\n|\n|t:|1776644331\n|switch|p2a: Sinistcha|Sinistcha, L50, shiny|100/100\n|move|p1a: Scovillain|Rage Powder|p1a: Scovillain\n|-singleturn|p1a: Scovillain|move: Rage Powder\n|move|p2b: Sneasler|Coaching|p2a: Sinistcha\n|-boost|p2a: Sinistcha|atk|1\n|-boost|p2a: Sinistcha|def|1\n|move|p1b: Basculegion|Wave Crash|p2b: Sneasler\n|-damage|p2b: Sneasler|0 fnt\n|faint|p2b: Sneasler\n|-damage|p1b: Basculegion|75/100|[from] Recoil\n|\n|upkeep\n|\n|t:|1776644344\n|switch|p2b: Delphox|Delphox, L50, F|100/100\n|turn|3\n|\n|t:|1776644356\n|detailschange|p2b: Delphox|Delphox-Mega, L50, F\n|-mega|p2b: Delphox|Delphox|Delphoxite\n|move|p1a: Scovillain|Rage Powder|p1a: Scovillain\n|-singleturn|p1a: Scovillain|move: Rage Powder\n|move|p2a: Sinistcha|Rage Powder|p2a: Sinistcha\n|-singleturn|p2a: Sinistcha|move: Rage Powder\n|move|p2b: Delphox|Heat Wave|p1a: Scovillain|[spread] p1a,p1b\n|-resisted|p1b: Basculegion|1\n|-crit|p1b: Basculegion\n|-damage|p1a: Scovillain|55/100\n|-damage|p1b: Basculegion|39/100\n|-immune|p2b: Delphox\n|-enditem|p1b: Basculegion|Sitrus Berry|[eat]\n|-heal|p1b: Basculegion|64/100|[from] item: Sitrus Berry\n|move|p1b: Basculegion|Last Respects|p2a: Sinistcha\n|-supereffective|p2a: Sinistcha|1\n|-crit|p2a: Sinistcha\n|-damage|p2a: Sinistcha|29/100\n|\n|upkeep\n|turn|4\n|inactive|lun4rspace has 30 seconds left.\n|inactive|tempocalypse has 30 seconds left.\n|inactive|tempocalypse has 20 seconds left.\n|\n|t:|1776644396\n|move|p1a: Scovillain|Rage Powder|p1a: Scovillain\n|-singleturn|p1a: Scovillain|move: Rage Powder\n|move|p2a: Sinistcha|Rage Powder|p2a: Sinistcha\n|-singleturn|p2a: Sinistcha|move: Rage Powder\n|move|p2b: Delphox|Psychic Noise|p1a: Scovillain\n|-damage|p1a: Scovillain|3/100\n|-start|p1a: Scovillain|move: Heal Block\n|-immune|p2b: Delphox\n|move|p1b: Basculegion|Wave Crash|p2a: Sinistcha\n|-resisted|p2a: Sinistcha|1\n|-damage|p2a: Sinistcha|11/100\n|-damage|p1b: Basculegion|59/100|[from] Recoil\n|\n|upkeep\n|turn|5\n|\n|t:|1776644420\n|move|p1a: Scovillain|Rage Powder|p1a: Scovillain\n|-singleturn|p1a: Scovillain|move: Rage Powder\n|move|p2a: Sinistcha|Rage Powder|p2a: Sinistcha\n|-singleturn|p2a: Sinistcha|move: Rage Powder\n|move|p2b: Delphox|Heat Wave|p1a: Scovillain|[spread] p1a,p1b\n|-resisted|p1b: Basculegion|1\n|-damage|p1a: Scovillain|0 fnt\n|-damage|p1b: Basculegion|37/100\n|-immune|p2b: Delphox\n|faint|p1a: Scovillain\n|move|p1b: Basculegion|Wave Crash|p2a: Sinistcha\n|-resisted|p2a: Sinistcha|1\n|-crit|p2a: Sinistcha\n|-damage|p2a: Sinistcha|0 fnt\n|faint|p2a: Sinistcha\n|-damage|p1b: Basculegion|34/100|[from] Recoil\n|\n|upkeep\n|\n|t:|1776644435\n|switch|p1a: Sneasler|Sneasler, L50, F|100/100\n|switch|p2a: Aegislash|Aegislash, L50, F, shiny|100/100\n|turn|6\n|\n|t:|1776644455\n|move|p2b: Delphox|Protect|p2b: Delphox\n|-singleturn|p2b: Delphox|Protect\n|move|p2a: Aegislash|King's Shield|p2a: Aegislash\n|-singleturn|p2a: Aegislash|Protect\n|move|p1a: Sneasler|Fake Out|p2b: Delphox\n|-activate|p2b: Delphox|move: Protect\n|move|p1b: Basculegion|Aqua Jet|p2b: Delphox\n|-activate|p2b: Delphox|move: Protect\n|\n|upkeep\n|turn|7\n|\n|t:|1776644474\n|-formechange|p2a: Aegislash|Aegislash-Blade|\n|move|p2a: Aegislash|Shadow Sneak|p1b: Basculegion\n|-supereffective|p1b: Basculegion|1\n|-damage|p1b: Basculegion|0 fnt\n|faint|p1b: Basculegion\n|move|p2b: Delphox|Psychic Noise|p1a: Sneasler\n|-supereffective|p1a: Sneasler|2\n|-damage|p1a: Sneasler|0 fnt\n|faint|p1a: Sneasler\n|\n|upkeep\n|inactive|lun4rspace has 30 seconds left.\n|inactive|lun4rspace has 20 seconds left.\n|inactive|lun4rspace has 15 seconds left.\n|inactive|lun4rspace has 10 seconds left.\n|inactive|lun4rspace has 5 seconds left.\n|\n|t:|1776644529\n|switch|p1a: Scizor|Scizor, L50, F|100/100\n|turn|8\n|\n|t:|1776644540\n|-formechange|p2a: Aegislash|Aegislash|\n|move|p2a: Aegislash|King's Shield|p2a: Aegislash\n|-singleturn|p2a: Aegislash|Protect\n|move|p1a: Scizor|Bullet Punch|p2a: Aegislash\n|-activate|p2a: Aegislash|move: Protect\n|-unboost|p1a: Scizor|atk|1\n|move|p2b: Delphox|Heat Wave|p1a: Scizor\n|-supereffective|p1a: Scizor|2\n|-damage|p1a: Scizor|0 fnt\n|faint|p1a: Scizor\n|\n|win|tempocalypse\n|raw|lun4rspace's rating: 1261 &rarr; <strong>1242</strong><br />(-19 for losing)\n|raw|tempocalypse's rating: 1341 &rarr; <strong>1356</strong><br />(+15 for winning)\n",
  "uploadtime": 1776644540,
  "views": 15,
  "formatid": "gen9championsvgc2026regma",
  "rating": 1242,
  "private": 0,
  "password": null
}