{
  "id": "gen9championsvgc2026regma-2582723560",
  "format": "[Gen 9 Champions] VGC 2026 Reg M-A",
  "players": [
    "pokecircuitcom",
    "MilkTeaWayGalaxy"
  ],
  "log": "|j|\u2606pokecircuitcom\n|j|\u2606MilkTeaWayGalaxy\n|html|<table width=\"100%\"><tr><td align=\"left\">pokecircuitcom</td><td align=\"right\">MilkTeaWayGalaxy</tr><tr><td align=\"left\"><i class=\"fa fa-circle-o\"></i> <i class=\"fa fa-circle-o\"></i> </td><td align=\"right\"><i class=\"fa fa-circle-o\"></i> <i class=\"fa fa-circle-o\"></i> </tr></table>\n|uhtml|bestof|<h2><strong>Game 1</strong> of <a href=\"/game-bestof3-gen9championsvgc2026regma-2582723559\">a best-of-3</a></h2>\n|t:|1776109703\n|gametype|doubles\n|player|p1|pokecircuitcom|266|\n|player|p2|MilkTeaWayGalaxy|rosa-pokestar3|\n|gen|9\n|tier|[Gen 9 Champions] VGC 2026 Reg M-A\n|rated|Tournament battle\n|rule|Species Clause: Limit one of each Pok\u00e9mon\n|rule|Item Clause: Limit 1 of each item\n|raw|<div class=\"infobox\"><details class=\"readmore\" open><summary><strong>2 custom rules:</strong></summary> Force Open Team Sheets, Best of = 3</details></div>\n|clearpoke\n|poke|p1|Chandelure, L50, M|\n|poke|p1|Gardevoir, L50, F|\n|poke|p1|Sneasler, L50, F|\n|poke|p1|Meowscarada, L50, F|\n|poke|p1|Corviknight, L50, F|\n|poke|p1|Rotom-Wash, L50|\n|poke|p2|Froslass, L50, F|\n|poke|p2|Sinistcha, L50|\n|poke|p2|Kingambit, L50, F|\n|poke|p2|Sneasler, L50, M|\n|poke|p2|Incineroar, L50, F|\n|poke|p2|Basculegion, L50, M|\n|teampreview|4\n|showteam|p1|Chandelure||ChoiceScarf|FlashFire|HeatWave,ShadowBall,EnergyBall,Psychic|||M|||50|]Gardevoir||Gardevoirite|Trace|HyperVoice,Psychic,Thunderbolt,Protect|||F|||50|]Sneasler||WhiteHerb|Unburden|FakeOut,CloseCombat,DireClaw,Feint|||F|||50|]Meowscarada||FocusSash|Overgrow|TripleAxel,FlowerTrick,KnockOff,Protect|||F|||50|]Corviknight||Leftovers|MirrorArmor|BraveBird,IronHead,Tailwind,Protect|||F|||50|]Rotom-Wash||SitrusBerry|Levitate|HydroPump,Thunderbolt,Protect,Electroweb||||||50|\n|showteam|p2|Froslass||Froslassite|CursedBody|Protect,Blizzard,AuroraVeil,ShadowBall|||F|||50|]Sinistcha||SitrusBerry|Hospitality|MatchaGotcha,RagePowder,LifeDew,Protect||||||50|]Kingambit||BlackGlasses|Defiant|SuckerPunch,KowtowCleave,IronHead,Protect|||F|||50|]Sneasler||WhiteHerb|Unburden|Coaching,Protect,DireClaw,CloseCombat|||M|||50|]Incineroar||Leftovers|Intimidate|DarkestLariat,FlareBlitz,FakeOut,PartingShot|||F|||50|]Basculegion||MysticWater|Adaptability|WaveCrash,Protect,AquaJet,LastRespects|||M|||50|\n|c|\u2606MilkTeaWayGalaxy|glhf\n|c|\u2606pokecircuitcom|u2\n|j| WhyMeDaddy\n|\n|t:|1776109780\n|teamsize|p1|4\n|teamsize|p2|4\n|start\n|switch|p1a: Chandelure|Chandelure, L50, M, shiny|100/100\n|switch|p1b: Sneasler|Sneasler, L50, F|100/100\n|switch|p2a: Froslass|Froslass, L50, F|100/100\n|switch|p2b: Kingambit|Kingambit, L50, F|100/100\n|turn|1\n|j| mysticmarshtomp\n|\n|t:|1776109805\n|switch|p2a: Incineroar|Incineroar, L50, F|100/100\n|-ability|p2a: Incineroar|Intimidate|boost\n|-unboost|p1a: Chandelure|atk|1\n|-unboost|p1b: Sneasler|atk|1\n|-enditem|p1b: Sneasler|White Herb\n|-clearnegativeboost|p1b: Sneasler|[silent]\n|move|p1b: Sneasler|Fake Out|p2b: Kingambit\n|-resisted|p2b: Kingambit|1\n|-damage|p2b: Kingambit|96/100\n|cant|p2b: Kingambit|flinch\n|move|p1a: Chandelure|Heat Wave|p2b: Kingambit|[spread] p2a,p2b\n|-resisted|p2a: Incineroar|1\n|-supereffective|p2b: Kingambit|1\n|-damage|p2a: Incineroar|85/100\n|-damage|p2b: Kingambit|24/100\n|\n|-heal|p2a: Incineroar|90/100|[from] item: Leftovers\n|upkeep\n|turn|2\n|j| ido1234567890\n|\n|t:|1776109828\n|switch|p1a: Meowscarada|Meowscarada, L50, F|100/100\n|move|p2a: Incineroar|Fake Out|p1b: Sneasler\n|-damage|p1b: Sneasler|79/100\n|cant|p1b: Sneasler|flinch\n|move|p2b: Kingambit|Kowtow Cleave|p1a: Meowscarada\n|-resisted|p1a: Meowscarada|1\n|-damage|p1a: Meowscarada|55/100\n|\n|-heal|p2a: Incineroar|96/100|[from] item: Leftovers\n|upkeep\n|turn|3\n|\n|t:|1776109851\n|switch|p2a: Froslass|Froslass, L50, F|100/100\n|move|p2b: Kingambit|Sucker Punch|p1b: Sneasler\n|-resisted|p1b: Sneasler|1\n|-damage|p1b: Sneasler|42/100\n|move|p1b: Sneasler|Close Combat|p2a: Froslass\n|-immune|p2a: Froslass\n|move|p1a: Meowscarada|Flower Trick|p2b: Kingambit\n|-resisted|p2b: Kingambit|1\n|-crit|p2b: Kingambit\n|-damage|p2b: Kingambit|5/100\n|\n|upkeep\n|turn|4\n|\n|t:|1776109865\n|switch|p2b: Incineroar|Incineroar, L50, F|96/100\n|-ability|p2b: Incineroar|Intimidate|boost\n|-unboost|p1a: Meowscarada|atk|1\n|-unboost|p1b: Sneasler|atk|1\n|detailschange|p2a: Froslass|Froslass-Mega, L50, F\n|-mega|p2a: Froslass|Froslass|Froslassite\n|-weather|Snowscape|[from] ability: Snow Warning|[of] p2a: Froslass\n|move|p1b: Sneasler|Close Combat|p2b: Incineroar\n|-supereffective|p2b: Incineroar|1\n|-damage|p2b: Incineroar|11/100\n|-unboost|p1b: Sneasler|def|1\n|-unboost|p1b: Sneasler|spd|1\n|move|p1a: Meowscarada|Knock Off|p2a: Froslass\n|-supereffective|p2a: Froslass|1\n|-crit|p2a: Froslass\n|-damage|p2a: Froslass|20/100\n|move|p2a: Froslass|Aurora Veil|p2a: Froslass\n|-sidestart|p2: MilkTeaWayGalaxy|move: Aurora Veil\n|\n|-weather|Snowscape|[upkeep]\n|-heal|p2b: Incineroar|17/100|[from] item: Leftovers\n|upkeep\n|turn|5\n|j| TG511\n|\n|t:|1776109901\n|switch|p1b: Ayanami|Gardevoir, L50, F, shiny|100/100\n|-ability|p1b: Ayanami|Intimidate|Trace|[from] ability: Trace|[of] p2b: Incineroar\n|-ability|p1b: Ayanami|Intimidate|boost\n|-unboost|p2a: Froslass|atk|1\n|-unboost|p2b: Incineroar|atk|1\n|move|p1a: Meowscarada|Protect|p1a: Meowscarada\n|-singleturn|p1a: Meowscarada|Protect\n|move|p2b: Incineroar|Fake Out|p1a: Meowscarada\n|-activate|p1a: Meowscarada|move: Protect\n|move|p2a: Froslass|Blizzard|p1b: Ayanami|[spread] p1b\n|-activate|p1a: Meowscarada|move: Protect\n|-damage|p1b: Ayanami|58/100\n|-status|p1b: Ayanami|frz\n|\n|-weather|Snowscape|[upkeep]\n|-heal|p2b: Incineroar|23/100|[from] item: Leftovers\n|upkeep\n|turn|6\n|\n|t:|1776109921\n|detailschange|p1b: Ayanami|Gardevoir-Mega, L50, F, shiny\n|-mega|p1b: Ayanami|Gardevoir|Gardevoirite\n|move|p2a: Froslass|Protect|p2a: Froslass\n|-singleturn|p2a: Froslass|Protect\n|move|p1a: Meowscarada|Flower Trick|p2a: Froslass\n|-activate|p2a: Froslass|move: Protect\n|cant|p1b: Ayanami|frz\n|move|p2b: Incineroar|Flare Blitz|p1a: Meowscarada\n|-supereffective|p1a: Meowscarada|1\n|-damage|p1a: Meowscarada|0 fnt\n|faint|p1a: Meowscarada\n|-damage|p2b: Incineroar|8/100|[from] Recoil\n|\n|-weather|Snowscape|[upkeep]\n|-heal|p2b: Incineroar|14/100|[from] item: Leftovers\n|upkeep\n|\n|t:|1776109925\n|switch|p1a: Chandelure|Chandelure, L50, M, shiny|100/100\n|turn|7\n|\n|t:|1776109944\n|switch|p2a: Basculegion|Basculegion, L50, M|100/100\n|move|p1a: Chandelure|Heat Wave|p2a: Basculegion|[spread] p2a\n|-miss|p1a: Chandelure|p2b: Incineroar\n|-resisted|p2a: Basculegion|1\n|-damage|p2a: Basculegion|89/100\n|-curestatus|p1b: Ayanami|frz|[msg]\n|move|p1b: Ayanami|Hyper Voice|p2a: Basculegion|[spread] p2a,p2b\n|-damage|p2a: Basculegion|60/100\n|-damage|p2b: Incineroar|0 fnt\n|faint|p2b: Incineroar\n|\n|-weather|Snowscape|[upkeep]\n|upkeep\n|j| jzdr2\n|j| sille rovert\n|l| jzdr2\n|\n|t:|1776109960\n|switch|p2b: Kingambit|Kingambit, L50, F|5/100\n|turn|8\n|\n|t:|1776109977\n|switch|p1a: Sneasler|Sneasler, L50, F|42/100\n|move|p2a: Basculegion|Aqua Jet|p1b: Ayanami\n|-damage|p1b: Ayanami|12/100\n|move|p2b: Kingambit|Sucker Punch||[still]\n|-fail|p2b: Kingambit\n|move|p1b: Ayanami|Hyper Voice|p2a: Basculegion|[spread] p2a,p2b\n|-damage|p2a: Basculegion|32/100\n|-damage|p2b: Kingambit|0 fnt\n|faint|p2b: Kingambit\n|\n|-weather|none\n|-sideend|p2: MilkTeaWayGalaxy|move: Aurora Veil\n|upkeep\n|\n|t:|1776109983\n|switch|p2b: Froslass|Froslass-Mega, L50, F|20/100\n|-weather|Snowscape|[from] ability: Snow Warning|[of] p2b: Froslass\n|turn|9\n|j| A Regu1ar Guy\n|\n|t:|1776110003\n|move|p2a: Basculegion|Aqua Jet|p1a: Sneasler\n|-damage|p1a: Sneasler|0 fnt\n|faint|p1a: Sneasler\n|move|p2b: Froslass|Blizzard|p1b: Ayanami\n|-damage|p1b: Ayanami|0 fnt\n|faint|p1b: Ayanami\n|\n|-weather|Snowscape|[upkeep]\n|upkeep\n|\n|t:|1776110009\n|switch|p1b: Chandelure|Chandelure, L50, M, shiny|100/100\n|turn|10\n|l| ido1234567890\n|\n|t:|1776110017\n|move|p1b: Chandelure|Heat Wave|p2a: Basculegion|[spread] p2a,p2b\n|-resisted|p2a: Basculegion|1\n|-supereffective|p2b: Froslass|1\n|-damage|p2a: Basculegion|12/100\n|-damage|p2b: Froslass|0 fnt\n|-status|p2a: Basculegion|brn\n|faint|p2b: Froslass\n|move|p2a: Basculegion|Wave Crash|p1b: Chandelure\n|-supereffective|p1b: Chandelure|1\n|-damage|p1b: Chandelure|0 fnt\n|faint|p1b: Chandelure\n|-damage|p2a: Basculegion|0 fnt|[from] Recoil\n|faint|p2a: Basculegion\n|\n|win|MilkTeaWayGalaxy\n||MilkTeaWayGalaxy is ready for game 2.\n|inactive|pokecircuitcom has 30 seconds to confirm battle start!\n||pokecircuitcom is ready for game 2.\n|uhtml|next|Next: <a href=\"/battle-gen9championsvgc2026regma-2582728520\"><strong>Game 2 of 3</strong></a>\n|l| WhyMeDaddy\n|l| TG511\n|l| mysticmarshtomp\n|j| ImprobableBlob\n|l|\u2606pokecircuitcom\n|player|p1|\n",
  "uploadtime": 1776110248,
  "views": 14,
  "formatid": "gen9championsvgc2026regma",
  "rating": null,
  "private": 0,
  "password": null
}