{
  "id": "gen9championsvgc2026regma-2589381607",
  "format": "[Gen 9 Champions] VGC 2026 Reg M-A",
  "players": [
    "N30N3",
    "nodadnottonight"
  ],
  "log": "|j|\u2606N30N3\n|j|\u2606nodadnottonight\n|t:|1776718466\n|gametype|doubles\n|player|p1|N30N3|169|1452\n|player|p2|nodadnottonight|169|1355\n|gen|9\n|tier|[Gen 9 Champions] VGC 2026 Reg M-A\n|rated|\n|rule|Species Clause: Limit one of each Pok\u00e9mon\n|rule|Item Clause: Limit 1 of each item\n|clearpoke\n|poke|p1|Sneasler, L50, F|\n|poke|p1|Kingambit, L50, M|\n|poke|p1|Garchomp, L50, M|\n|poke|p1|Floette-Eternal, L50, F|\n|poke|p1|Talonflame, L50, M|\n|poke|p1|Basculegion, L50, M|\n|poke|p2|Froslass, L50, F|\n|poke|p2|Incineroar, L50, F|\n|poke|p2|Milotic, L50, M|\n|poke|p2|Corviknight, L50, F, shiny|\n|poke|p2|Garchomp, L50, M|\n|poke|p2|Sinistcha-Masterpiece, L50|\n|teampreview|4\n|inactive|Battle timer is ON: inactive players will automatically lose when time's up. (requested by N30N3)\n|inactive|N30N3 has 60 seconds left.\n|\n|t:|1776718503\n|teamsize|p1|4\n|teamsize|p2|4\n|start\n|switch|p1a: Sneasler|Sneasler, L50, F|100/100\n|switch|p1b: Floette|Floette-Eternal, L50, F|100/100\n|switch|p2a: Froslass|Froslass, L50, F|100/100\n|switch|p2b: Milotic|Milotic, L50, M|100/100\n|turn|1\n|inactive|nodadnottonight has 30 seconds left.\n|inactive|nodadnottonight has 20 seconds left.\n|inactive|nodadnottonight has 15 seconds left.\n|inactive|nodadnottonight has 10 seconds left.\n|inactive|N30N3 has 30 seconds left.\n|inactive|nodadnottonight has 5 seconds left.\n|\n|t:|1776718559\n|move|p2a: Froslass|Protect|p2a: Froslass\n|-singleturn|p2a: Froslass|Protect\n|move|p1a: Sneasler|Fake Out|p2b: Milotic\n|-damage|p2b: Milotic|88/100\n|move|p1b: Floette|Light of Ruin|p2a: Froslass\n|-activate|p2a: Froslass|move: Protect\n|cant|p2b: Milotic|flinch\n|\n|-heal|p2b: Milotic|94/100|[from] item: Leftovers\n|upkeep\n|turn|2\n|\n|t:|1776718580\n|detailschange|p2a: Froslass|Froslass-Mega, L50, F\n|-mega|p2a: Froslass|Froslass|Froslassite\n|-weather|Snowscape|[from] ability: Snow Warning|[of] p2a: Froslass\n|detailschange|p1b: Floette|Floette-Mega, L50, F\n|-mega|p1b: Floette|Floette|Floettite\n|-ability|p1b: Floette|Fairy Aura\n|move|p1a: Sneasler|Close Combat|p2b: Milotic\n|-damage|p2b: Milotic|37/100\n|-unboost|p1a: Sneasler|def|1\n|-unboost|p1a: Sneasler|spd|1\n|-enditem|p1a: Sneasler|White Herb\n|-clearnegativeboost|p1a: Sneasler|[silent]\n|move|p2a: Froslass|Aurora Veil|p2a: Froslass\n|-sidestart|p2: nodadnottonight|move: Aurora Veil\n|move|p1b: Floette|Light of Ruin|p2b: Milotic\n|-damage|p2b: Milotic|0 fnt\n|faint|p2b: Milotic\n|-damage|p1b: Floette|77/100|[from] Recoil\n|\n|-weather|Snowscape|[upkeep]\n|upkeep\n|\n|t:|1776718598\n|switch|p2b: Corviknight|Corviknight, L50, F, shiny|100/100\n|turn|3\n|\n|t:|1776718618\n|move|p1a: Sneasler|Dire Claw|p2a: Froslass\n|-resisted|p2a: Froslass|1\n|-damage|p2a: Froslass|86/100\n|move|p2a: Froslass|Blizzard|p1b: Floette|[spread] p1a,p1b\n|-damage|p1a: Sneasler|35/100\n|-damage|p1b: Floette|43/100\n|move|p1b: Floette|Light of Ruin|p2a: Froslass\n|-damage|p2a: Froslass|0 fnt\n|faint|p2a: Froslass\n|-damage|p1b: Floette|3/100|[from] Recoil\n|move|p2b: Corviknight|Bulk Up|p2b: Corviknight\n|-boost|p2b: Corviknight|atk|1\n|-boost|p2b: Corviknight|def|1\n|\n|-weather|Snowscape|[upkeep]\n|upkeep\n|\n|t:|1776718622\n|switch|p2a: Garchomp|Garchomp, L50, M|100/100\n|turn|4\n|\n|t:|1776718643\n|move|p2a: Garchomp|Protect|p2a: Garchomp\n|-singleturn|p2a: Garchomp|Protect\n|move|p1b: Floette|Protect|p1b: Floette\n|-singleturn|p1b: Floette|Protect\n|move|p1a: Sneasler|Close Combat|p2a: Garchomp\n|-activate|p2a: Garchomp|move: Protect\n|move|p2b: Corviknight|Body Press|p1b: Floette\n|-activate|p1b: Floette|move: Protect\n|\n|-weather|Snowscape|[upkeep]\n|upkeep\n|turn|5\n|inactive|N30N3 has 30 seconds left.\n|inactive|N30N3 has 20 seconds left.\n|\n|t:|1776718682\n|switch|p1b: Garchomp|Garchomp, L50, M|100/100\n|move|p1a: Sneasler|Close Combat|p2a: Garchomp\n|-crit|p2a: Garchomp\n|-damage|p2a: Garchomp|14/100\n|-unboost|p1a: Sneasler|def|1\n|-unboost|p1a: Sneasler|spd|1\n|-damage|p1a: Sneasler|23/100|[from] ability: Rough Skin|[of] p2a: Garchomp\n|move|p2a: Garchomp|Earthquake|p1a: Sneasler|[spread] p1a,p1b\n|-immune|p2b: Corviknight\n|-supereffective|p1a: Sneasler|1\n|-damage|p1a: Sneasler|0 fnt\n|-damage|p1b: Garchomp|53/100\n|faint|p1a: Sneasler\n|move|p2b: Corviknight|Bulk Up|p2b: Corviknight\n|-boost|p2b: Corviknight|atk|1\n|-boost|p2b: Corviknight|def|1\n|\n|-weather|Snowscape|[upkeep]\n|upkeep\n|\n|t:|1776718689\n|switch|p1a: Talonflame|Talonflame, L50, M|100/100\n|turn|6\n|inactive|nodadnottonight has 30 seconds left.\n|inactive|nodadnottonight has 20 seconds left.\n|inactive|nodadnottonight has 15 seconds left.\n|\n|t:|1776718733\n|move|p1a: Talonflame|Protect|p1a: Talonflame\n|-singleturn|p1a: Talonflame|Protect\n|move|p1b: Garchomp|Protect|p1b: Garchomp\n|-singleturn|p1b: Garchomp|Protect\n|move|p2a: Garchomp|Rock Slide|p1b: Garchomp|[spread] \n|-activate|p1a: Talonflame|move: Protect\n|-activate|p1b: Garchomp|move: Protect\n|move|p2b: Corviknight|Brave Bird|p1b: Garchomp\n|-activate|p1b: Garchomp|move: Protect\n|\n|-weather|none\n|-sideend|p2: nodadnottonight|move: Aurora Veil\n|upkeep\n|turn|7\n|inactive|nodadnottonight has 30 seconds left.\n|inactive|N30N3 has 30 seconds left.\n|\n|t:|1776718767\n|move|p1a: Talonflame|Tailwind|p1a: Talonflame\n|-sidestart|p1: N30N3|move: Tailwind\n|move|p1b: Garchomp|Earthquake|p2b: Corviknight|[spread] p2a\n|-immune|p1a: Talonflame\n|-immune|p2b: Corviknight\n|-damage|p2a: Garchomp|0 fnt\n|faint|p2a: Garchomp\n|move|p2b: Corviknight|Brave Bird|p1a: Talonflame\n|-damage|p1a: Talonflame|0 fnt\n|faint|p1a: Talonflame\n|-damage|p2b: Corviknight|75/100|[from] Recoil\n|\n|upkeep\n|\n|t:|1776718773\n|switch|p1a: Floette|Floette-Mega, L50, F|3/100\n|-ability|p1a: Floette|Fairy Aura\n|turn|8\n|\n|t:|1776718794\n|move|p1b: Garchomp|Rock Slide|p2b: Corviknight\n|-damage|p2b: Corviknight|65/100\n|move|p1a: Floette|Moonblast|p2b: Corviknight\n|-resisted|p2b: Corviknight|1\n|-damage|p2b: Corviknight|37/100\n|-enditem|p2b: Corviknight|Sitrus Berry|[eat]\n|-heal|p2b: Corviknight|62/100|[from] item: Sitrus Berry\n|move|p2b: Corviknight|Brave Bird|p1b: Garchomp\n|-crit|p1b: Garchomp\n|-damage|p1b: Garchomp|0 fnt\n|-damage|p2b: Corviknight|50/100|[from] ability: Rough Skin|[of] p1b: Garchomp\n|faint|p1b: Garchomp\n|-damage|p2b: Corviknight|34/100|[from] Recoil\n|\n|upkeep\n|turn|9\n|\n|t:|1776718817\n|move|p1a: Floette|Light of Ruin|p2b: Corviknight\n|-resisted|p2b: Corviknight|1\n|-damage|p2b: Corviknight|0 fnt\n|faint|p2b: Corviknight\n|-damage|p1a: Floette|0 fnt|[from] Recoil\n|faint|p1a: Floette\n|\n|win|N30N3\n|raw|N30N3's rating: 1452 &rarr; <strong>1467</strong><br />(+15 for winning)\n|raw|nodadnottonight's rating: 1355 &rarr; <strong>1340</strong><br />(-15 for losing)\n|l|\u2606N30N3\n|player|p1|\n",
  "uploadtime": 1776718940,
  "views": 11,
  "formatid": "gen9championsvgc2026regma",
  "rating": 1340,
  "private": 0,
  "password": null
}