{
  "id": "gen9championsvgc2026regma-2582586991",
  "format": "[Gen 9 Champions] VGC 2026 Reg M-A",
  "players": [
    "ShinyRunerigusJ",
    "kirbydirby22"
  ],
  "log": "|j|\u2606ShinyRunerigusJ\n|j|\u2606kirbydirby22\n|t:|1776101055\n|gametype|doubles\n|player|p1|ShinyRunerigusJ|veteran|1014\n|player|p2|kirbydirby22|iris-gen5bw2|1064\n|gen|9\n|tier|[Gen 9 Champions] VGC 2026 Reg M-A\n|rated|\n|rule|Species Clause: Limit one of each Pok\u00e9mon\n|rule|Item Clause: Limit 1 of each item\n|clearpoke\n|poke|p1|Runerigus, L50, M|\n|poke|p1|Orthworm, L50, F|\n|poke|p1|Azumarill, L50, M|\n|poke|p1|Crabominable, L50, M|\n|poke|p1|Hatterene, L50, F|\n|poke|p1|Meowscarada, L50, F|\n|poke|p2|Azumarill, L50, F|\n|poke|p2|Politoed, L50, M|\n|poke|p2|Chimecho, L50, M|\n|poke|p2|Tinkaton, L50, F|\n|poke|p2|Alcremie-Ruby-Cream, L50, F|\n|poke|p2|Starmie, L50|\n|teampreview|4\n|\n|t:|1776101087\n|teamsize|p1|4\n|teamsize|p2|4\n|start\n|switch|p1a: Runerigus|Runerigus, L50, M, shiny|100/100\n|switch|p1b: Orthworm|Orthworm, L50, F, shiny|100/100\n|switch|p2a: Tinkaton|Tinkaton, L50, F|100/100\n|switch|p2b: Starmie|Starmie, L50|100/100\n|turn|1\n|\n|t:|1776101130\n|detailschange|p2b: Starmie|Starmie-Mega, L50\n|-mega|p2b: Starmie|Starmie|Starminite\n|move|p2a: Tinkaton|Fake Out|p1b: Orthworm\n|-resisted|p1b: Orthworm|1\n|-damage|p1b: Orthworm|97/100\n|move|p2b: Starmie|Reflect|p2b: Starmie\n|-sidestart|p2: kirbydirby22|Reflect\n|cant|p1b: Orthworm|flinch\n|move|p1a: Runerigus|Trick Room|p1a: Runerigus\n|-fieldstart|move: Trick Room|[of] p1a: Runerigus\n|\n|upkeep\n|turn|2\n|\n|t:|1776101150\n|move|p1a: Runerigus|Earthquake|p2a: Tinkaton|[spread] p2a,p2b\n|-heal|p1b: Orthworm|100/100|[from] ability: Earth Eater|[of] p1a: Runerigus\n|-supereffective|p2a: Tinkaton|1\n|-damage|p2a: Tinkaton|45/100\n|-damage|p2b: Starmie|75/100\n|move|p1b: Orthworm|Shed Tail|p1b: Orthworm\n|-start|p1b: Orthworm|Substitute|[from] move: Shed Tail\n|-damage|p1b: Orthworm|50/100\n|-enditem|p1b: Orthworm|Sitrus Berry|[eat]\n|-heal|p1b: Orthworm|75/100|[from] item: Sitrus Berry\n|\n|t:|1776101159\n|switch|p1b: Crabominable|Crabominable, L50, M, shiny|100/100|[from] Shed Tail\n|move|p2a: Tinkaton|Gigaton Hammer|p1b: Crabominable\n|-supereffective|p1b: Crabominable|1\n|-end|p1b: Crabominable|Substitute\n|move|p2b: Starmie|Skill Swap|p2a: Tinkaton\n|-activate|p2b: Starmie|Skill Swap|||[of] p2a: Tinkaton\n|\n|-heal|p2a: Tinkaton|52/100|[from] item: Leftovers\n|upkeep\n|turn|3\n|\n|t:|1776101195\n|detailschange|p1b: Crabominable|Crabominable-Mega, L50, M, shiny\n|-mega|p1b: Crabominable|Crabominable|Crabominite\n|move|p1a: Runerigus|Earthquake|p2a: Tinkaton|[spread] p1b,p2a,p2b\n|-supereffective|p2a: Tinkaton|1\n|-damage|p1b: Crabominable|78/100\n|-damage|p2a: Tinkaton|0 fnt\n|-damage|p2b: Starmie|49/100\n|faint|p2a: Tinkaton\n|move|p1b: Crabominable|Close Combat|p2b: Starmie\n|-resisted|p2b: Starmie|1\n|-damage|p2b: Starmie|18/100\n|-unboost|p1b: Crabominable|def|1\n|-unboost|p1b: Crabominable|spd|1\n|move|p2b: Starmie|Liquidation|p1a: Runerigus\n|-supereffective|p1a: Runerigus|1\n|-damage|p1a: Runerigus|40/100\n|-activate|p2b: Starmie|Skill Swap|Wandering Spirit|Own Tempo|[of] p1a: Runerigus\n|\n|upkeep\n|\n|t:|1776101215\n|switch|p2a: Azumarill|Azumarill, L50, F|100/100\n|turn|4\n|inactive|Battle timer is ON: inactive players will automatically lose when time's up. (requested by kirbydirby22)\n|\n|t:|1776101253\n|move|p1a: Runerigus|Destiny Bond|p1a: Runerigus\n|-singlemove|p1a: Runerigus|Destiny Bond\n|move|p1b: Crabominable|Ice Hammer|p2a: Azumarill\n|-resisted|p2a: Azumarill|1\n|-damage|p2a: Azumarill|74/100\n|-unboost|p1b: Crabominable|spe|1\n|move|p2a: Azumarill|Belly Drum|p2a: Azumarill\n|-damage|p2a: Azumarill|25/100\n|-setboost|p2a: Azumarill|atk|6|[from] move: Belly Drum\n|-enditem|p2a: Azumarill|Sitrus Berry|[eat]\n|-heal|p2a: Azumarill|49/100|[from] item: Sitrus Berry\n|move|p2b: Starmie|Liquidation|p1b: Crabominable\n|-damage|p1b: Crabominable|32/100\n|\n|upkeep\n|turn|5\n|\n|t:|1776101276\n|switch|p2b: Alcremie|Alcremie-Ruby-Cream, L50, F|100/100\n|move|p2a: Azumarill|Aqua Jet|p1b: Crabominable\n|-damage|p1b: Crabominable|0 fnt\n|faint|p1b: Crabominable\n|move|p1a: Runerigus|Sand Tomb|p2b: Alcremie\n|-damage|p2b: Alcremie|88/100\n|-activate|p2b: Alcremie|move: Sand Tomb|[of] p1a: Runerigus\n|\n|-damage|p2b: Alcremie|75/100|[from] move: Sand Tomb|[partiallytrapped]\n|-sideend|p2: kirbydirby22|Reflect\n|-fieldend|move: Trick Room\n|upkeep\n|\n|t:|1776101287\n|switch|p1b: Hatterene|Hatterene, L50, F|100/100\n|turn|6\n|\n|t:|1776101300\n|move|p2b: Alcremie|Helping Hand|p2a: Azumarill\n|-singleturn|p2a: Azumarill|Helping Hand|[of] p2b: Alcremie\n|move|p2a: Azumarill|Aqua Jet|p1b: Hatterene\n|-damage|p1b: Hatterene|0 fnt\n|faint|p1b: Hatterene\n|move|p1a: Runerigus|Sand Tomb|p2a: Azumarill\n|-damage|p2a: Azumarill|33/100\n|-activate|p2a: Azumarill|move: Sand Tomb|[of] p1a: Runerigus\n|\n|-damage|p2b: Alcremie|63/100|[from] move: Sand Tomb|[partiallytrapped]\n|-damage|p2a: Azumarill|21/100|[from] move: Sand Tomb|[partiallytrapped]\n|upkeep\n|\n|t:|1776101309\n|switch|p1b: Orthworm|Orthworm, L50, F, shiny|75/100\n|turn|7\n|inactive|kirbydirby22 has 30 seconds left.\n|inactive|kirbydirby22 has 20 seconds left.\n|inactive|kirbydirby22 has 15 seconds left.\n|inactive|kirbydirby22 has 10 seconds left.\n|\n|t:|1776101358\n|move|p2b: Alcremie|Helping Hand|p2a: Azumarill\n|-singleturn|p2a: Azumarill|Helping Hand|[of] p2b: Alcremie\n|move|p2a: Azumarill|Aqua Jet|p1a: Runerigus\n|-supereffective|p1a: Runerigus|1\n|-damage|p1a: Runerigus|0 fnt\n|faint|p1a: Runerigus\n|move|p1b: Orthworm|Iron Tail|p2a: Azumarill\n|-crit|p2a: Azumarill\n|-damage|p2a: Azumarill|0 fnt\n|faint|p2a: Azumarill\n|\n|-end|p2b: Alcremie|Sand Tomb|[partiallytrapped]|[silent]\n|upkeep\n|\n|t:|1776101367\n|switch|p2a: Starmie|Starmie-Mega, L50|18/100\n|turn|8\n|\n|t:|1776101381\n|move|p2b: Alcremie|Helping Hand|p2a: Starmie\n|-singleturn|p2a: Starmie|Helping Hand|[of] p2b: Alcremie\n|move|p2a: Starmie|Liquidation|p1b: Orthworm\n|-damage|p1b: Orthworm|0 fnt\n|faint|p1b: Orthworm\n|\n|win|kirbydirby22\n|raw|ShinyRunerigusJ's rating: 1014 &rarr; <strong>1004</strong><br />(-10 for losing)\n|raw|kirbydirby22's rating: 1064 &rarr; <strong>1090</strong><br />(+26 for winning)\n",
  "uploadtime": 1776101388,
  "views": 10,
  "formatid": "gen9championsvgc2026regma",
  "rating": 1004,
  "private": 0,
  "password": null
}