{
  "id": "gen9championsvgc2026regma-2584645737",
  "format": "[Gen 9 Champions] VGC 2026 Reg M-A",
  "players": [
    "ItsOatmeal",
    "nsndkjdkdndn"
  ],
  "log": "|j|\u2606ItsOatmeal\n|j|\u2606nsndkjdkdndn\n|t:|1776274179\n|gametype|doubles\n|player|p1|ItsOatmeal|2|1051\n|player|p2|nsndkjdkdndn|1|1060\n|gen|9\n|tier|[Gen 9 Champions] VGC 2026 Reg M-A\n|rated|\n|rule|Species Clause: Limit one of each Pok\u00e9mon\n|rule|Item Clause: Limit 1 of each item\n|clearpoke\n|poke|p1|Garchomp, L50, M|\n|poke|p1|Aerodactyl, L50, F|\n|poke|p1|Clefable, L50, F|\n|poke|p1|Tinkaton, L50, F|\n|poke|p1|Hatterene, L50, F|\n|poke|p1|Slowking, L50, F|\n|poke|p2|Charizard, L50, M|\n|poke|p2|Whimsicott, L50, F|\n|poke|p2|Dragonite, L50, M|\n|poke|p2|Alakazam, L50, M|\n|poke|p2|Milotic, L50, F|\n|poke|p2|Umbreon, L50, M|\n|teampreview|4\nItsOatmeal has agreed to open team sheets.\n|inactive|Battle timer is ON: inactive players will automatically lose when time's up. (requested by nsndkjdkdndn)\n|\n|t:|1776274199\n|teamsize|p1|4\n|teamsize|p2|4\n|start\n|switch|p1a: Tinkaton|Tinkaton, L50, F|100/100\n|switch|p1b: Aerodactyl|Aerodactyl, L50, F, shiny|100/100\n|switch|p2a: Nova|Charizard, L50, M, shiny|100/100\n|switch|p2b: Whimsicott|Whimsicott, L50, F|100/100\n|turn|1\n|\n|t:|1776274210\n|move|p2a: Nova|Protect|p2a: Nova\n|-singleturn|p2a: Nova|Protect\n|move|p1a: Tinkaton|Fake Out|p2b: Whimsicott\n|-damage|p2b: Whimsicott|90/100\n|cant|p2b: Whimsicott|flinch\n|move|p1b: Aerodactyl|Tailwind|p1b: Aerodactyl\n|-sidestart|p1: ItsOatmeal|move: Tailwind\n|\n|upkeep\n|turn|2\n|inactive|ItsOatmeal has 30 seconds left.\n|\n|t:|1776274235\n|switch|p2a: Polunga|Dragonite, L50, M, shiny|100/100\n|move|p1a: Tinkaton|Protect|p1a: Tinkaton\n|-singleturn|p1a: Tinkaton|Protect\n|move|p2b: Whimsicott|Tailwind|p2b: Whimsicott\n|-sidestart|p2: nsndkjdkdndn|move: Tailwind\n|move|p1b: Aerodactyl|Rock Slide|p2a: Polunga|[spread] p2b\n|-miss|p1b: Aerodactyl|p2a: Polunga\n|-damage|p2b: Whimsicott|65/100\n|\n|upkeep\n|turn|3\n|\n|t:|1776274257\n|move|p2b: Whimsicott|Sunny Day|p2b: Whimsicott\n|-weather|SunnyDay\n|move|p1b: Aerodactyl|Rock Slide|p2b: Whimsicott|[spread] p2a,p2b\n|-supereffective|p2a: Polunga|1\n|-damage|p2a: Polunga|73/100\n|-damage|p2b: Whimsicott|40/100\n|move|p1a: Tinkaton|Play Rough|p2a: Polunga\n|-supereffective|p2a: Polunga|1\n|-damage|p2a: Polunga|0 fnt\n|faint|p2a: Polunga\n|\n|-weather|SunnyDay|[upkeep]\n|upkeep\n|\n|t:|1776274265\n|switch|p2a: Nova|Charizard, L50, M, shiny|100/100\n|turn|4\n|\n|t:|1776274280\n|move|p2b: Whimsicott|Helping Hand|p2a: Nova\n|-singleturn|p2a: Nova|Helping Hand|[of] p2b: Whimsicott\n|move|p1b: Aerodactyl|Rock Slide|p2b: Whimsicott|[spread] p2a,p2b\n|-supereffective|p2a: Nova|2\n|-damage|p2a: Nova|0 fnt\n|-damage|p2b: Whimsicott|16/100\n|faint|p2a: Nova\n|move|p1a: Tinkaton|Gigaton Hammer|p2b: Whimsicott\n|-supereffective|p2b: Whimsicott|1\n|-damage|p2b: Whimsicott|0 fnt\n|faint|p2b: Whimsicott\n|\n|-weather|SunnyDay|[upkeep]\n|-sideend|p1: ItsOatmeal|move: Tailwind\n|upkeep\n|\n|t:|1776274289\n|switch|p2b: Supreme|Alakazam, L50, M|100/100\n|turn|5\n|-message|nsndkjdkdndn forfeited.\n|\n|win|ItsOatmeal\n|raw|ItsOatmeal's rating: 1051 &rarr; <strong>1084</strong><br />(+33 for winning)\n|raw|nsndkjdkdndn's rating: 1060 &rarr; <strong>1041</strong><br />(-19 for losing)\n|l|\u2606nsndkjdkdndn\n|player|p2|\n",
  "uploadtime": 1776274303,
  "views": 24,
  "formatid": "gen9championsvgc2026regma",
  "rating": 1041,
  "private": 0,
  "password": null
}