{
  "id": "gen9championsvgc2026regma-2587172711",
  "format": "[Gen 9 Champions] VGC 2026 Reg M-A",
  "players": [
    "jellosg",
    "TheBallistic1"
  ],
  "log": "|j|\u2606jellosg\n|j|\u2606TheBallistic1\n|t:|1776504081\n|gametype|doubles\n|player|p1|jellosg|psychic-gen4|1078\n|player|p2|TheBallistic1|colress|1097\n|gen|9\n|tier|[Gen 9 Champions] VGC 2026 Reg M-A\n|rated|\n|rule|Species Clause: Limit one of each Pok\u00e9mon\n|rule|Item Clause: Limit 1 of each item\n|clearpoke\n|poke|p1|Meowstic, L50, M|\n|poke|p1|Flapple, L50, M|\n|poke|p1|Basculegion, L50, M|\n|poke|p1|Incineroar, L50, F|\n|poke|p1|Delphox, L50, M|\n|poke|p1|Orthworm, L50, F|\n|poke|p2|Floette-Eternal, L50, F|\n|poke|p2|Sneasler, L50, M|\n|poke|p2|Milotic, L50, M|\n|poke|p2|Incineroar, L50, M|\n|poke|p2|Sinistcha, L50|\n|poke|p2|Garchomp, L50, F|\n|teampreview|4\n|\n|t:|1776504118\n|teamsize|p1|4\n|teamsize|p2|4\n|start\n|switch|p1a: Orthworm|Orthworm, L50, F|100/100\n|switch|p1b: Meowstic|Meowstic, L50, M|100/100\n|switch|p2a: Milotic|Milotic, L50, M|100/100\n|switch|p2b: Incineroar|Incineroar, L50, M|100/100\n|-ability|p2b: Incineroar|Intimidate|boost\n|-unboost|p1a: Orthworm|atk|1\n|-unboost|p1b: Meowstic|atk|1\n|turn|1\n|\n|t:|1776504134\n|move|p1a: Orthworm|Protect|p1a: Orthworm\n|-singleturn|p1a: Orthworm|Protect\n|move|p1b: Meowstic|Fake Out|p2a: Milotic\n|-damage|p2a: Milotic|96/100\n|cant|p2a: Milotic|flinch\n|move|p2b: Incineroar|Darkest Lariat|p1b: Meowstic\n|-supereffective|p1b: Meowstic|1\n|-enditem|p1b: Meowstic|Focus Sash\n|-damage|p1b: Meowstic|1/100\n|\n|-heal|p2a: Milotic|100/100|[from] item: Leftovers\n|upkeep\n|turn|2\n|\n|t:|1776504164\n|move|p1b: Meowstic|Psychic Terrain|p1b: Meowstic\n|-fieldstart|move: Psychic Terrain\n|move|p2a: Milotic|Scald|p1b: Meowstic\n|-damage|p1b: Meowstic|0 fnt\n|faint|p1b: Meowstic\n|move|p1a: Orthworm|Shed Tail|p1a: Orthworm\n|-start|p1a: Orthworm|Substitute|[from] move: Shed Tail\n|-damage|p1a: Orthworm|50/100\n|-enditem|p1a: Orthworm|Sitrus Berry|[eat]\n|-heal|p1a: Orthworm|75/100|[from] item: Sitrus Berry\n|\n|t:|1776504176\n|switch|p1a: Delphox|Delphox, L50, M|100/100|[from] Shed Tail\n|move|p2b: Incineroar|Flare Blitz|p1a: Delphox\n|-resisted|p1a: Delphox|1\n|-end|p1a: Delphox|Substitute\n|-damage|p2b: Incineroar|93/100|[from] Recoil|[of] p1a: Delphox\n|\n|upkeep\n|inactive|Battle timer is ON: inactive players will automatically lose when time's up. (requested by TheBallistic1)\n|\n|t:|1776504178\n|switch|p1b: Basculegion|Basculegion, L50, M|100/100\n|turn|3\n|\n|t:|1776504191\n|detailschange|p1a: Delphox|Delphox-Mega, L50, M\n|-mega|p1a: Delphox|Delphox|Delphoxite\n|move|p1a: Delphox|Heat Wave|p2a: Milotic|[spread] p2b\n|-miss|p1a: Delphox|p2a: Milotic\n|-resisted|p2b: Incineroar|1\n|-damage|p2b: Incineroar|71/100\n|move|p1b: Basculegion|Last Respects|p2a: Milotic\n|-damage|p2a: Milotic|16/100\n|move|p2a: Milotic|Scald|p1a: Delphox\n|-supereffective|p1a: Delphox|1\n|-damage|p1a: Delphox|25/100\n|move|p2b: Incineroar|Darkest Lariat|p1b: Basculegion\n|-supereffective|p1b: Basculegion|1\n|-damage|p1b: Basculegion|0 fnt\n|faint|p1b: Basculegion\n|\n|-heal|p2a: Milotic|22/100|[from] item: Leftovers\n|upkeep\n|\n|t:|1776504200\n|switch|p1b: Orthworm|Orthworm, L50, F|75/100\n|turn|4\n|\n|t:|1776504210\n|move|p1a: Delphox|Heat Wave|p2a: Milotic|[spread] p2b\n|-miss|p1a: Delphox|p2a: Milotic\n|-resisted|p2b: Incineroar|1\n|-damage|p2b: Incineroar|50/100\n|-enditem|p2b: Incineroar|Sitrus Berry|[eat]\n|-heal|p2b: Incineroar|75/100|[from] item: Sitrus Berry\n|move|p2a: Milotic|Scald|p1a: Delphox\n|-supereffective|p1a: Delphox|1\n|-damage|p1a: Delphox|0 fnt\n|faint|p1a: Delphox\n|move|p1b: Orthworm|Body Press|p2b: Incineroar\n|-supereffective|p2b: Incineroar|1\n|-damage|p2b: Incineroar|24/100\n|move|p2b: Incineroar|Darkest Lariat|p1b: Orthworm\n|-damage|p1b: Orthworm|36/100\n|\n|-heal|p2a: Milotic|28/100|[from] item: Leftovers\n|upkeep\n|turn|5\n|\n|t:|1776504222\n|move|p2a: Milotic|Scald|p1b: Orthworm\n|-crit|p1b: Orthworm\n|-damage|p1b: Orthworm|0 fnt\n|faint|p1b: Orthworm\n|\n|win|TheBallistic1\n|raw|jellosg's rating: 1078 &rarr; <strong>1057</strong><br />(-21 for losing)\n|raw|TheBallistic1's rating: 1097 &rarr; <strong>1121</strong><br />(+24 for winning)\n|l|\u2606jellosg\n|player|p1|\n",
  "uploadtime": 1776504224,
  "views": 21,
  "formatid": "gen9championsvgc2026regma",
  "rating": 1057,
  "private": 0,
  "password": null
}