{
  "id": "gen9championsvgc2026regma-2581979571",
  "format": "[Gen 9 Champions] VGC 2026 Reg M-A",
  "players": [
    "kubitr",
    "KangarooToodleloo"
  ],
  "log": "|j|\u2606kubitr\n|j|\u2606KangarooToodleloo\n|t:|1776045184\n|gametype|doubles\n|player|p1|kubitr|blue|1266\n|player|p2|KangarooToodleloo|blue-masters|1237\n|gen|9\n|tier|[Gen 9 Champions] VGC 2026 Reg M-A\n|rated|\n|rule|Species Clause: Limit one of each Pok\u00e9mon\n|rule|Item Clause: Limit 1 of each item\n|clearpoke\n|poke|p1|Greninja-*, L50, F|\n|poke|p1|Heliolisk, L50, F|\n|poke|p1|Politoed, L50, M|\n|poke|p1|Archaludon, L50, M|\n|poke|p1|Basculegion, L50, M|\n|poke|p1|Sinistcha-Masterpiece, L50|\n|poke|p2|Gyarados, L50, F|\n|poke|p2|Incineroar, L50, F|\n|poke|p2|Gengar, L50, F|\n|poke|p2|Kommo-o, L50, M|\n|poke|p2|Sinistcha-Masterpiece, L50|\n|poke|p2|Kangaskhan, L50, F|\n|teampreview|4\n|inactive|Battle timer is ON: inactive players will automatically lose when time's up. (requested by kubitr)\n|inactive|kubitr has 60 seconds left.\n|inactive|KangarooToodleloo has 60 seconds left.\n|\n|t:|1776045219\n|teamsize|p1|4\n|teamsize|p2|4\n|start\n|switch|p1a: Politoed|Politoed, L50, M|100/100\n|switch|p1b: Basculegion|Basculegion, L50, M|100/100\n|switch|p2a: Kommo-o|Kommo-o, L50, M|100/100\n|switch|p2b: Incineroar|Incineroar, L50, F|100/100\n|-weather|RainDance|[from] ability: Drizzle|[of] p1a: Politoed\n|-ability|p2b: Incineroar|Intimidate|boost\n|-unboost|p1a: Politoed|atk|1\n|-unboost|p1b: Basculegion|atk|1\n|turn|1\n|\n|t:|1776045231\n|switch|p2b: Sinistcha|Sinistcha-Masterpiece, L50|100/100\n|move|p2a: Kommo-o|Protect|p2a: Kommo-o\n|-singleturn|p2a: Kommo-o|Protect\n|move|p1b: Basculegion|Wave Crash|p2b: Sinistcha\n|-resisted|p2b: Sinistcha|1\n|-crit|p2b: Sinistcha\n|-damage|p2b: Sinistcha|25/100\n|-damage|p1b: Basculegion|77/100|[from] Recoil\n|move|p1a: Politoed|Weather Ball|p2b: Sinistcha\n|-resisted|p2b: Sinistcha|1\n|-damage|p2b: Sinistcha|0 fnt\n|faint|p2b: Sinistcha\n|\n|-weather|RainDance|[upkeep]\n|upkeep\n|\n|t:|1776045236\n|switch|p2b: Kangaskhan|Kangaskhan, L50, F|100/100\n|turn|2\n|\n|t:|1776045246\n|move|p2b: Kangaskhan|Fake Out|p1b: Basculegion\n|-damage|p1b: Basculegion|54/100\n|cant|p1b: Basculegion|flinch\n|move|p2a: Kommo-o|Clangorous Soul|p2a: Kommo-o\n|-boost|p2a: Kommo-o|atk|1\n|-boost|p2a: Kommo-o|def|1\n|-boost|p2a: Kommo-o|spa|1\n|-boost|p2a: Kommo-o|spd|1\n|-boost|p2a: Kommo-o|spe|1\n|-damage|p2a: Kommo-o|68/100\n|move|p1a: Politoed|Weather Ball|p2b: Kangaskhan\n|-damage|p2b: Kangaskhan|38/100\n|\n|-weather|RainDance|[upkeep]\n|upkeep\n|turn|3\n|\n|t:|1776045258\n|detailschange|p2b: Kangaskhan|Kangaskhan-Mega, L50, F\n|-mega|p2b: Kangaskhan|Kangaskhan|Kangaskhanite\n|move|p2b: Kangaskhan|Sucker Punch|p1b: Basculegion\n|-supereffective|p1b: Basculegion|1\n|-damage|p1b: Basculegion|0 fnt\n|faint|p1b: Basculegion\n|-hitcount|p1: Basculegion|1\n|move|p2a: Kommo-o|Clanging Scales|p1a: Politoed\n|-crit|p1a: Politoed\n|-damage|p1a: Politoed|0 fnt\n|faint|p1a: Politoed\n|-unboost|p2a: Kommo-o|def|1\n|\n|-weather|RainDance|[upkeep]\n|upkeep\n|\n|t:|1776045270\n|switch|p1b: Greninja|Greninja, L50, F|100/100\n|switch|p1a: Archaludon|Archaludon, L50, M|100/100\n|turn|4\n|\n|t:|1776045282\n|switch|p2b: Incineroar|Incineroar, L50, F|100/100\n|-ability|p2b: Incineroar|Intimidate|boost\n|-unboost|p1a: Archaludon|atk|1\n|-unboost|p1b: Greninja|atk|1\n|detailschange|p1b: Greninja|Greninja-Mega, L50, F\n|-mega|p1b: Greninja|Greninja|Greninjite\n|move|p2a: Kommo-o|Protect|p2a: Kommo-o\n|-singleturn|p2a: Kommo-o|Protect\n|move|p1b: Greninja|Ice Beam|p2a: Kommo-o\n|-start|p1b: Greninja|typechange|Ice|[from] ability: Protean\n|-activate|p2a: Kommo-o|move: Protect\n|move|p1a: Archaludon|Draco Meteor|p2a: Kommo-o\n|-activate|p2a: Kommo-o|move: Protect\n|\n|-weather|RainDance|[upkeep]\n|upkeep\n|turn|5\n|inactive|KangarooToodleloo has 30 seconds left.\n|\n|t:|1776045310\n|move|p2b: Incineroar|Fake Out|p1b: Greninja\n|-damage|p1b: Greninja|79/100\n|cant|p1b: Greninja|flinch\n|move|p2a: Kommo-o|Clanging Scales|p1a: Archaludon|[spread] p1a,p1b\n|-damage|p1a: Archaludon|15/100\n|-damage|p1b: Greninja|4/100\n|-ability|p1a: Archaludon|Stamina|boost\n|-boost|p1a: Archaludon|def|1\n|-unboost|p2a: Kommo-o|def|1\n|move|p1a: Archaludon|Draco Meteor|p2a: Kommo-o\n|-supereffective|p2a: Kommo-o|1\n|-damage|p2a: Kommo-o|0 fnt\n|-unboost|p1a: Archaludon|spa|2\n|faint|p2a: Kommo-o\n|\n|-weather|none\n|-heal|p1a: Archaludon|21/100|[from] item: Leftovers\n|upkeep\n|\n|t:|1776045316\n|switch|p2a: Kangaskhan|Kangaskhan-Mega, L50, F|38/100\n|turn|6\n|\n|t:|1776045324\n|move|p2a: Kangaskhan|Sucker Punch|p1b: Greninja\n|-damage|p1b: Greninja|0 fnt\n|faint|p1b: Greninja\n|-hitcount|p1: Greninja|1\n|move|p1a: Archaludon|Draco Meteor|p2a: Kangaskhan\n|-damage|p2a: Kangaskhan|13/100\n|-unboost|p1a: Archaludon|spa|2\n|move|p2b: Incineroar|Flare Blitz|p1a: Archaludon\n|-damage|p1a: Archaludon|0 fnt\n|faint|p1a: Archaludon\n|-damage|p2b: Incineroar|95/100|[from] Recoil\n|\n|win|KangarooToodleloo\n|raw|kubitr's rating: 1266 &rarr; <strong>1239</strong><br />(-27 for losing)\n|raw|KangarooToodleloo's rating: 1237 &rarr; <strong>1264</strong><br />(+27 for winning)\n|l|\u2606kubitr\n|player|p1|\n",
  "uploadtime": 1776045327,
  "views": 26,
  "formatid": "gen9championsvgc2026regma",
  "rating": 1239,
  "private": 0,
  "password": null
}