{
  "id": "gen9championsvgc2026regma-2587952844",
  "format": "[Gen 9 Champions] VGC 2026 Reg M-A",
  "players": [
    "614y2084",
    "michaelgscott"
  ],
  "log": "|j|\u2606614y2084\n|j|\u2606michaelgscott\n|t:|1776583998\n|gametype|doubles\n|player|p1|614y2084|caitlin|1108\n|player|p2|michaelgscott|veteran|1205\n|gen|9\n|tier|[Gen 9 Champions] VGC 2026 Reg M-A\n|rated|\n|rule|Species Clause: Limit one of each Pok\u00e9mon\n|rule|Item Clause: Limit 1 of each item\n|clearpoke\n|poke|p1|Charizard, L50, F, shiny|\n|poke|p1|Garchomp, L50, F|\n|poke|p1|Whimsicott, L50, F|\n|poke|p1|Venusaur, L50, F, shiny|\n|poke|p1|Sneasler, L50, F|\n|poke|p1|Torkoal, L50, F|\n|poke|p2|Dragapult, L50, F|\n|poke|p2|Kingambit, L50, F|\n|poke|p2|Sneasler, L50, M|\n|poke|p2|Zoroark-Hisui, L50, F|\n|poke|p2|Alakazam, L50, M|\n|poke|p2|Whimsicott, L50, F|\n|teampreview|4\n|inactive|Battle timer is ON: inactive players will automatically lose when time's up. (requested by michaelgscott)\n|\n|t:|1776584039\n|teamsize|p1|4\n|teamsize|p2|4\n|start\n|switch|p1a: Garchomp|Garchomp, L50, F|100/100\n|switch|p1b: Whimsicott|Whimsicott, L50, F|100/100\n|switch|p2a: Sneasler|Sneasler, L50, M|100/100\n|switch|p2b: Whimsicott|Whimsicott, L50, F|100/100\n|turn|1\n|inactive|614y2084 has 30 seconds left.\n|\n|t:|1776584067\n|move|p1b: Whimsicott|Tailwind|p1b: Whimsicott\n|-sidestart|p1: 614y2084|move: Tailwind\n|move|p2b: Whimsicott|Tailwind|p2b: Whimsicott\n|-sidestart|p2: michaelgscott|move: Tailwind\n|move|p1a: Garchomp|Rock Slide|p2a: Sneasler|[spread] p2a,p2b\n|-damage|p2a: Sneasler|66/100\n|-damage|p2b: Whimsicott|77/100\n|replace|p2a: Zoroark|Zoroark-Hisui, L50, F\n|-end|p2a: Zoroark|Illusion\n|move|p2a: Zoroark|Hyper Voice|p1a: Garchomp|[spread] p1a,p1b\n|-damage|p1a: Garchomp|58/100\n|-damage|p1b: Whimsicott|32/100\n|\n|upkeep\n|turn|2\n|inactive|michaelgscott has 30 seconds left.\n|\n|t:|1776584096\n|move|p1b: Whimsicott|Encore|p2b: Whimsicott\n|-start|p2b: Whimsicott|Encore\n|-enditem|p2b: Whimsicott|Mental Herb\n|-end|p2b: Whimsicott|Encore\n|move|p2b: Whimsicott|Encore||[still]\n|-fail|p2b: Whimsicott\n|move|p1a: Garchomp|Rock Slide|p2a: Zoroark|[spread] p2a\n|-miss|p1a: Garchomp|p2b: Whimsicott\n|-damage|p2a: Zoroark|32/100\n|move|p2a: Zoroark|Hyper Voice|p1b: Whimsicott|[spread] p1a,p1b\n|-damage|p1a: Garchomp|21/100\n|-damage|p1b: Whimsicott|0 fnt\n|faint|p1b: Whimsicott\n|\n|upkeep\n|\n|t:|1776584112\n|switch|p1b: Charizard|Charizard, L50, F, shiny|100/100\n|turn|3\n|\n|t:|1776584127\n|switch|p2b: Alakazam|Alakazam, L50, M|100/100\n|detailschange|p1b: Charizard|Charizard-Mega-Y, L50, F, shiny\n|-mega|p1b: Charizard|Charizard|Charizardite Y\n|-weather|SunnyDay|[from] ability: Drought|[of] p1b: Charizard\n|move|p1a: Garchomp|Rock Slide|p2b: Alakazam|[spread] p2b\n|-miss|p1a: Garchomp|p2a: Zoroark\n|-damage|p2b: Alakazam|57/100\n|move|p2a: Zoroark|Hyper Voice|p1a: Garchomp|[spread] p1a,p1b\n|-damage|p1a: Garchomp|0 fnt\n|-damage|p1b: Charizard|61/100\n|faint|p1a: Garchomp\n|move|p1b: Charizard|Heat Wave|p2b: Alakazam|[spread] p2a,p2b\n|-damage|p2a: Zoroark|0 fnt\n|-damage|p2b: Alakazam|0 fnt\n|faint|p2a: Zoroark\n|faint|p2b: Alakazam\n|\n|-weather|SunnyDay|[upkeep]\n|upkeep\n|\n|t:|1776584143\n|switch|p2b: Sneasler|Sneasler, L50, M|100/100\n|switch|p2a: Whimsicott|Whimsicott, L50, F|77/100\n|switch|p1a: Sneasler|Sneasler, L50, F|100/100\n|turn|4\n|inactive|michaelgscott has 30 seconds left.\n|\n|t:|1776584173\n|move|p2b: Sneasler|Fake Out|p1b: Charizard\n|-damage|p1b: Charizard|45/100\n|move|p1a: Sneasler|Fake Out|p2b: Sneasler\n|-damage|p2b: Sneasler|78/100\n|move|p2a: Whimsicott|Encore|p1a: Sneasler\n|-start|p1a: Sneasler|Encore\n|cant|p1b: Charizard|flinch\n|\n|-weather|SunnyDay|[upkeep]\n|-sideend|p2: michaelgscott|move: Tailwind\n|-sideend|p1: 614y2084|move: Tailwind\n|upkeep\n|turn|5\n|\n|t:|1776584194\n|move|p1a: Sneasler|Fake Out||[still]\n|-hint|Fake Out only works on your first turn out.\n|-fail|p1a: Sneasler\n|move|p2a: Whimsicott|Tailwind|p2a: Whimsicott\n|-sidestart|p2: michaelgscott|move: Tailwind\n|move|p2b: Sneasler|Dire Claw|p1b: Charizard\n|-damage|p1b: Charizard|0 fnt\n|faint|p1b: Charizard\n|\n|-weather|SunnyDay|[upkeep]\n|upkeep\n|turn|6\n|-message|614y2084 forfeited.\n|\n|win|michaelgscott\n|raw|614y2084's rating: 1108 &rarr; <strong>1090</strong><br />(-18 for losing)\n|raw|michaelgscott's rating: 1205 &rarr; <strong>1223</strong><br />(+18 for winning)\n|l|\u2606614y2084\n|player|p1|\n",
  "uploadtime": 1776584213,
  "views": 15,
  "formatid": "gen9championsvgc2026regma",
  "rating": 1090,
  "private": 0,
  "password": null
}