{
  "id": "gen9championsvgc2026regma-2581045547",
  "format": "[Gen 9 Champions] VGC 2026 Reg M-A",
  "players": [
    "Fawktard",
    "ruddyreboot"
  ],
  "log": "|j|\u2606Fawktard\n|j|\u2606ruddyreboot\n|t:|1775954735\n|gametype|doubles\n|player|p1|Fawktard|hilbert-wonderlauncher|1188\n|player|p2|ruddyreboot|peony|1156\n|gen|9\n|tier|[Gen 9 Champions] VGC 2026 Reg M-A\n|rated|\n|rule|Species Clause: Limit one of each Pok\u00e9mon\n|rule|Item Clause: Limit 1 of each item\n|clearpoke\n|poke|p1|Blastoise, L50, M|\n|poke|p1|Maushold-Four, L50|\n|poke|p1|Sneasler, L50, M|\n|poke|p1|Incineroar, L50, F|\n|poke|p1|Sinistcha, L50|\n|poke|p1|Garchomp, L50, M|\n|poke|p2|Venusaur, L50, M|\n|poke|p2|Milotic, L50, F|\n|poke|p2|Aegislash, L50, F|\n|poke|p2|Kingambit, L50, F|\n|poke|p2|Incineroar, L50, F|\n|poke|p2|Pelipper, L50, F|\n|teampreview|4\n|inactive|Battle timer is ON: inactive players will automatically lose when time's up. (requested by ruddyreboot)\n|\n|t:|1775954764\n|teamsize|p1|4\n|teamsize|p2|4\n|start\n|switch|p1a: Mia from Moscrop|Blastoise, L50, M|100/100\n|switch|p1b: Sneasler|Sneasler, L50, M|100/100\n|switch|p2a: Milotic|Milotic, L50, F|100/100\n|switch|p2b: Incineroar|Incineroar, L50, F|100/100\n|-ability|p2b: Incineroar|Intimidate|boost\n|-unboost|p1a: Mia from Moscrop|atk|1\n|-unboost|p1b: Sneasler|atk|1\n|-enditem|p1b: Sneasler|White Herb\n|-clearnegativeboost|p1b: Sneasler|[silent]\n|turn|1\n|\n|t:|1775954782\n|switch|p2b: Venusaur|Venusaur, L50, M|100/100\n|detailschange|p1a: Mia from Moscrop|Blastoise-Mega, L50, M\n|-mega|p1a: Mia from Moscrop|Blastoise|Blastoisinite\n|move|p1b: Sneasler|Fake Out|p2b: Venusaur\n|-damage|p2b: Venusaur|87/100\n|move|p1a: Mia from Moscrop|Shell Smash|p1a: Mia from Moscrop\n|-unboost|p1a: Mia from Moscrop|def|1\n|-unboost|p1a: Mia from Moscrop|spd|1\n|-boost|p1a: Mia from Moscrop|atk|2\n|-boost|p1a: Mia from Moscrop|spa|2\n|-boost|p1a: Mia from Moscrop|spe|2\n|move|p2a: Milotic|Coil|p2a: Milotic\n|-boost|p2a: Milotic|atk|1\n|-boost|p2a: Milotic|def|1\n|-boost|p2a: Milotic|accuracy|1\n|\n|upkeep\n|turn|2\n|inactive|Fawktard has 30 seconds left.\n|\n|t:|1775954817\n|move|p2b: Venusaur|Protect|p2b: Venusaur\n|-singleturn|p2b: Venusaur|Protect\n|move|p1b: Sneasler|Close Combat|p2b: Venusaur\n|-activate|p2b: Venusaur|move: Protect\n|move|p1a: Mia from Moscrop|Dark Pulse|p2b: Venusaur\n|-activate|p2b: Venusaur|move: Protect\n|move|p2a: Milotic|Hypnosis|p1a: Mia from Moscrop\n|-status|p1a: Mia from Moscrop|slp|[from] move: Hypnosis\n|\n|upkeep\n|turn|3\n|\n|t:|1775954841\n|switch|p1a: Sinistcha|Sinistcha, L50|100/100\n|detailschange|p2b: Venusaur|Venusaur-Mega, L50, M\n|-mega|p2b: Venusaur|Venusaur|Venusaurite\n|move|p1b: Sneasler|Taunt|p2a: Milotic\n|-start|p2a: Milotic|move: Taunt\n|move|p2a: Milotic|Muddy Water|p1b: Sneasler|[spread] p1a,p1b\n|-resisted|p1a: Sinistcha|1\n|-damage|p1a: Sinistcha|84/100\n|-damage|p1b: Sneasler|68/100\n|move|p2b: Venusaur|Leech Seed|p1b: Sneasler\n|-start|p1b: Sneasler|move: Leech Seed\n|\n|-heal|p1a: Sinistcha|90/100|[from] item: Leftovers\n|-damage|p1b: Sneasler|55/100|[from] Leech Seed|[of] p2b: Venusaur\n|-heal|p2b: Venusaur|97/100|[silent]\n|upkeep\n|turn|4\n|inactive|Fawktard has 30 seconds left.\n|\n|t:|1775954868\n|switch|p2b: Incineroar|Incineroar, L50, F|100/100\n|-ability|p2b: Incineroar|Intimidate|boost\n|-unboost|p1a: Sinistcha|atk|1\n|-unboost|p1b: Sneasler|atk|1\n|move|p1b: Sneasler|Close Combat|p2a: Milotic\n|-damage|p2a: Milotic|76/100\n|-unboost|p1b: Sneasler|def|1\n|-unboost|p1b: Sneasler|spd|1\n|move|p2a: Milotic|Muddy Water|p1a: Sinistcha|[spread] p1a,p1b\n|-resisted|p1a: Sinistcha|1\n|-damage|p1a: Sinistcha|73/100\n|-damage|p1b: Sneasler|6/100\n|-unboost|p1a: Sinistcha|accuracy|1\n|move|p1a: Sinistcha|Matcha Gotcha|p2a: Milotic|[spread] p2a\n|-miss|p1a: Sinistcha|p2b: Incineroar\n|-supereffective|p2a: Milotic|1\n|-damage|p2a: Milotic|37/100\n|-heal|p1a: Sinistcha|98/100|[from] drain|[of] p2a: Milotic\n|-enditem|p2a: Milotic|Sitrus Berry|[eat]\n|-heal|p2a: Milotic|61/100|[from] item: Sitrus Berry\n|\n|-heal|p1a: Sinistcha|100/100|[from] item: Leftovers\n|-damage|p1b: Sneasler|0 fnt|[from] Leech Seed|[of] p2b: Incineroar\n|faint|p1b: Sneasler\n|upkeep\n|\n|t:|1775954874\n|switch|p1b: Mia from Moscrop|Blastoise-Mega, L50, M|100/100 slp\n|turn|5\n|inactive|ruddyreboot has 30 seconds left.\n|\n|t:|1775954908\n|move|p1a: Sinistcha|Rage Powder|p1a: Sinistcha\n|-singleturn|p1a: Sinistcha|move: Rage Powder\n|cant|p1b: Mia from Moscrop|slp\n|move|p2a: Milotic|Muddy Water|p1b: Mia from Moscrop|[spread] p1a,p1b\n|-resisted|p1a: Sinistcha|1\n|-resisted|p1b: Mia from Moscrop|1\n|-damage|p1a: Sinistcha|86/100\n|-damage|p1b: Mia from Moscrop|88/100 slp\n|move|p2b: Incineroar|Flare Blitz|p1a: Sinistcha\n|-supereffective|p1a: Sinistcha|1\n|-damage|p1a: Sinistcha|8/100\n|-damage|p2b: Incineroar|78/100|[from] Recoil\n|\n|-heal|p1a: Sinistcha|14/100|[from] item: Leftovers\n|-end|p2a: Milotic|move: Taunt\n|upkeep\n|turn|6\n|\n|t:|1775954924\n|switch|p2b: Venusaur|Venusaur-Mega, L50, M|97/100\n|cant|p1b: Mia from Moscrop|slp\n|move|p2a: Milotic|Muddy Water|p1a: Sinistcha|[spread] p1a,p1b\n|-resisted|p1a: Sinistcha|1\n|-resisted|p1b: Mia from Moscrop|1\n|-damage|p1a: Sinistcha|0 fnt\n|-damage|p1b: Mia from Moscrop|77/100 slp\n|-unboost|p1b: Mia from Moscrop|accuracy|1\n|faint|p1a: Sinistcha\n|\n|upkeep\n|\n|t:|1775954930\n|switch|p1a: Incineroar|Incineroar, L50, F|100/100\n|-ability|p1a: Incineroar|Intimidate|boost\n|-unboost|p2a: Milotic|atk|1\n|-ability|p2a: Milotic|Competitive|boost\n|-boost|p2a: Milotic|spa|2\n|-unboost|p2b: Venusaur|atk|1\n|turn|7\n|\n|t:|1775954939\n|-curestatus|p1b: Mia from Moscrop|slp|[msg]\n|move|p1b: Mia from Moscrop|Shell Smash|p1b: Mia from Moscrop\n|-unboost|p1b: Mia from Moscrop|def|1\n|-unboost|p1b: Mia from Moscrop|spd|1\n|-boost|p1b: Mia from Moscrop|atk|2\n|-boost|p1b: Mia from Moscrop|spa|2\n|-boost|p1b: Mia from Moscrop|spe|2\n|move|p2a: Milotic|Recover|p2a: Milotic\n|-heal|p2a: Milotic|100/100\n|move|p2b: Venusaur|Leech Seed|p1b: Mia from Moscrop\n|-start|p1b: Mia from Moscrop|move: Leech Seed\n|move|p1a: Incineroar|Parting Shot|p2b: Venusaur\n|-unboost|p2b: Venusaur|atk|1\n|-unboost|p2b: Venusaur|spa|1\n|\n|-damage|p1b: Mia from Moscrop|65/100|[from] Leech Seed|[of] p2b: Venusaur\n|-heal|p2b: Venusaur|100/100|[silent]\n|upkeep\n|turn|8\n|\n|t:|1775954956\n|move|p1b: Mia from Moscrop|Dark Pulse|p2b: Venusaur\n|-damage|p2b: Venusaur|43/100\n|move|p2a: Milotic|Muddy Water|p1b: Mia from Moscrop|[spread] p1a,p1b\n|-supereffective|p1a: Incineroar|1\n|-resisted|p1b: Mia from Moscrop|1\n|-damage|p1a: Incineroar|22/100\n|-damage|p1b: Mia from Moscrop|32/100\n|-unboost|p1a: Incineroar|accuracy|1\n|-enditem|p1a: Incineroar|Sitrus Berry|[eat]\n|-heal|p1a: Incineroar|46/100|[from] item: Sitrus Berry\n|move|p2b: Venusaur|Leech Seed|p1a: Incineroar\n|-start|p1a: Incineroar|move: Leech Seed\n|move|p1a: Incineroar|Flare Blitz|p2b: Venusaur\n|-supereffective|p2b: Venusaur|1\n|-damage|p2b: Venusaur|4/100\n|-damage|p1a: Incineroar|32/100|[from] Recoil\n|\n|-damage|p1b: Mia from Moscrop|20/100|[from] Leech Seed|[of] p2b: Venusaur\n|-heal|p2b: Venusaur|14/100|[silent]\n|-damage|p1a: Incineroar|20/100|[from] Leech Seed|[of] p2b: Venusaur\n|-heal|p2b: Venusaur|25/100|[silent]\n|upkeep\n|turn|9\n|\n|t:|1775954979\n|move|p2b: Venusaur|Protect|p2b: Venusaur\n|-singleturn|p2b: Venusaur|Protect\n|move|p1b: Mia from Moscrop|Dark Pulse|p2a: Milotic|[miss]\n|-miss|p1b: Mia from Moscrop|p2a: Milotic\n|move|p2a: Milotic|Hypnosis|p1a: Incineroar|[miss]\n|-miss|p2a: Milotic|p1a: Incineroar\n|move|p1a: Incineroar|Flare Blitz|p2b: Venusaur\n|-activate|p2b: Venusaur|move: Protect\n|\n|-damage|p1b: Mia from Moscrop|8/100|[from] Leech Seed|[of] p2b: Venusaur\n|-heal|p2b: Venusaur|35/100|[silent]\n|-damage|p1a: Incineroar|8/100|[from] Leech Seed|[of] p2b: Venusaur\n|-heal|p2b: Venusaur|46/100|[silent]\n|upkeep\n|turn|10\n|\n|t:|1775954996\n|switch|p2b: Incineroar|Incineroar, L50, F|78/100\n|-ability|p2b: Incineroar|Intimidate|boost\n|-unboost|p1a: Incineroar|atk|1\n|-unboost|p1b: Mia from Moscrop|atk|1\n|move|p1b: Mia from Moscrop|Dark Pulse|p2b: Incineroar\n|-resisted|p2b: Incineroar|1\n|-damage|p2b: Incineroar|39/100\n|move|p2a: Milotic|Muddy Water|p1b: Mia from Moscrop|[spread] p1a,p1b\n|-supereffective|p1a: Incineroar|1\n|-resisted|p1b: Mia from Moscrop|1\n|-damage|p1a: Incineroar|0 fnt\n|-damage|p1b: Mia from Moscrop|0 fnt\n|faint|p1a: Incineroar\n|faint|p1b: Mia from Moscrop\n|\n|win|ruddyreboot\n|raw|Fawktard's rating: 1188 &rarr; <strong>1161</strong><br />(-27 for losing)\n|raw|ruddyreboot's rating: 1156 &rarr; <strong>1183</strong><br />(+27 for winning)\n|c|\u2606Fawktard|gg\n|l|\u2606Fawktard\n|player|p1|\n|c|\u2606ruddyreboot|gg\n",
  "uploadtime": 1775955007,
  "views": 26,
  "formatid": "gen9championsvgc2026regma",
  "rating": 1161,
  "private": 0,
  "password": null
}