{
  "id": "gen9championsvgc2026regma-2587325067",
  "format": "[Gen 9 Champions] VGC 2026 Reg M-A",
  "players": [
    "Reubz123",
    "TuntunJahur"
  ],
  "log": "|j|\u2606Reubz123\n|j|\u2606TuntunJahur\n|t:|1776522141\n|gametype|doubles\n|player|p1|Reubz123|1|1198\n|player|p2|TuntunJahur|102|1165\n|gen|9\n|tier|[Gen 9 Champions] VGC 2026 Reg M-A\n|rated|\n|rule|Species Clause: Limit one of each Pok\u00e9mon\n|rule|Item Clause: Limit 1 of each item\n|clearpoke\n|poke|p1|Archaludon, L50, M|\n|poke|p1|Pelipper, L50, F|\n|poke|p1|Sneasler, L50, F|\n|poke|p1|Incineroar, L50, F|\n|poke|p1|Basculegion, L50, M|\n|poke|p1|Meganium, L50, F|\n|poke|p2|Gengar, L50, M|\n|poke|p2|Hydrapple, L50, F|\n|poke|p2|Manectric, L50, M|\n|poke|p2|Emboar, L50, M|\n|poke|p2|Milotic, L50, F|\n|poke|p2|Umbreon, L50, M|\n|teampreview|4\n|\n|t:|1776522177\n|teamsize|p1|4\n|teamsize|p2|4\n|start\n|switch|p1a: Incineroar|Incineroar, L50, F|100/100\n|switch|p1b: Meganium|Meganium, L50, F|100/100\n|switch|p2a: Umbreon|Umbreon, L50, M|100/100\n|switch|p2b: Milotic|Milotic, L50, F|100/100\n|-ability|p1a: Incineroar|Intimidate|boost\n|-fail|p2a: Umbreon|unboost|Attack|[from] ability: Inner Focus|[of] p2a: Umbreon\n|-unboost|p2b: Milotic|atk|1\n|-ability|p2b: Milotic|Competitive|boost\n|-boost|p2b: Milotic|spa|2\n|turn|1\n|\n|t:|1776522194\n|detailschange|p1b: Meganium|Meganium-Mega, L50, F\n|-mega|p1b: Meganium|Meganium|Meganiumite\n|move|p2b: Milotic|Protect|p2b: Milotic\n|-singleturn|p2b: Milotic|Protect\n|move|p1a: Incineroar|Fake Out|p2a: Umbreon\n|-damage|p2a: Umbreon|94/100\n|move|p1b: Meganium|Solar Beam||[still]\n|-prepare|p1b: Meganium|Solar Beam\n|-activate|p1b: Meganium|ability: Mega Sol\n|-anim|p1b: Meganium|Solar Beam|p2b: Milotic\n|-activate|p2b: Milotic|move: Protect\n|move|p2a: Umbreon|Light Screen|p2a: Umbreon\n|-sidestart|p2: TuntunJahur|move: Light Screen\n|\n|-heal|p2a: Umbreon|99/100|[from] item: Leftovers\n|upkeep\n|turn|2\n|c|\u2606Reubz123|oop\n|\n|t:|1776522215\n|move|p2b: Milotic|Hydro Pump|p1a: Incineroar\n|-supereffective|p1a: Incineroar|1\n|-damage|p1a: Incineroar|0 fnt\n|faint|p1a: Incineroar\n|move|p1b: Meganium|Solar Beam||[still]\n|-prepare|p1b: Meganium|Solar Beam\n|-activate|p1b: Meganium|ability: Mega Sol\n|-anim|p1b: Meganium|Solar Beam|p2b: Milotic\n|-supereffective|p2b: Milotic|1\n|-enditem|p2b: Milotic|Rindo Berry|[eat]\n|-enditem|p2b: Milotic|Rindo Berry|[weaken]\n|-damage|p2b: Milotic|65/100\n|move|p2a: Umbreon|Wish|p2a: Umbreon\n|\n|-heal|p2a: Umbreon|100/100|[from] item: Leftovers\n|upkeep\n|\n|t:|1776522224\n|switch|p1a: Pelipper|Pelipper, L50, F|100/100\n|-weather|RainDance|[from] ability: Drizzle|[of] p1a: Pelipper\n|turn|3\n|\n|t:|1776522241\n|switch|p2a: Manectric|Manectric, L50, M|100/100\n|move|p2b: Milotic|Icy Wind|p1a: Pelipper|[spread] p1b\n|-miss|p2b: Milotic|p1a: Pelipper\n|-supereffective|p1b: Meganium|1\n|-damage|p1b: Meganium|71/100\n|-unboost|p1b: Meganium|spe|1\n|move|p1a: Pelipper|Tailwind|p1a: Pelipper\n|-sidestart|p1: Reubz123|move: Tailwind\n|move|p1b: Meganium|Dazzling Gleam|p2a: Manectric|[spread] p2a,p2b\n|-damage|p2a: Manectric|59/100\n|-damage|p2b: Milotic|48/100\n|\n|-weather|RainDance|[upkeep]\n|-heal|p2a: Manectric|100/100|[from] move: Wish|[wisher] Umbreon\n|upkeep\n|turn|4\n|l|\u2606TuntunJahur\n|player|p2|\n|j|\u2606TuntunJahur\n|player|p2|TuntunJahur|102|\n|inactive|Battle timer is ON: inactive players will automatically lose when time's up. (requested by Reubz123)\n|\n|t:|1776522296\n|detailschange|p2a: Manectric|Manectric-Mega, L50, M\n|-mega|p2a: Manectric|Manectric|Manectite\n|-ability|p2a: Manectric|Intimidate|boost\n|-unboost|p1a: Pelipper|atk|1\n|-unboost|p1b: Meganium|atk|1\n|move|p2b: Milotic|Protect|p2b: Milotic\n|-singleturn|p2b: Milotic|Protect\n|move|p1a: Pelipper|Weather Ball|p2a: Manectric\n|-damage|p2a: Manectric|38/100\n|move|p2a: Manectric|Snarl|p1b: Meganium|[spread] p1a,p1b\n|-resisted|p1b: Meganium|1\n|-damage|p1a: Pelipper|76/100\n|-damage|p1b: Meganium|65/100\n|-unboost|p1a: Pelipper|spa|1\n|-unboost|p1b: Meganium|spa|1\n|move|p1b: Meganium|Solar Beam||[still]\n|-prepare|p1b: Meganium|Solar Beam\n|-activate|p1b: Meganium|ability: Mega Sol\n|-anim|p1b: Meganium|Solar Beam|p2b: Milotic\n|-activate|p2b: Milotic|move: Protect\n|\n|-weather|RainDance|[upkeep]\n|upkeep\n|turn|5\n|\n|t:|1776522319\n|switch|p1a: Basculegion|Basculegion, L50, M|100/100\n|switch|p2b: Umbreon|Umbreon, L50, M|100/100\n|move|p2a: Manectric|Volt Switch|p1a: Basculegion\n|-supereffective|p1a: Basculegion|1\n|-damage|p1a: Basculegion|20/100\n|\n|t:|1776522332\n|switch|p2a: Milotic|Milotic, L50, F|48/100|[from] Volt Switch\n|move|p1b: Meganium|Solar Beam||[still]\n|-prepare|p1b: Meganium|Solar Beam\n|-activate|p1b: Meganium|ability: Mega Sol\n|-anim|p1b: Meganium|Solar Beam|p2b: Umbreon\n|-damage|p2b: Umbreon|80/100\n|\n|-weather|RainDance|[upkeep]\n|-heal|p2b: Umbreon|86/100|[from] item: Leftovers\n|-sideend|p2: TuntunJahur|move: Light Screen\n|upkeep\n|turn|6\n|inactive|Reubz123 has 30 seconds left.\n|inactive|TuntunJahur has 30 seconds left.\n|\n|t:|1776522361\n|move|p1a: Basculegion|Wave Crash|p2b: Umbreon\n|-damage|p2b: Umbreon|16/100\n|-damage|p1a: Basculegion|0 fnt|[from] Recoil\n|faint|p1a: Basculegion\n|move|p2a: Milotic|Icy Wind|p1b: Meganium\n|-supereffective|p1b: Meganium|1\n|-damage|p1b: Meganium|44/100\n|-unboost|p1b: Meganium|spe|1\n|move|p1b: Meganium|Dazzling Gleam|p2b: Umbreon|[spread] p2a,p2b\n|-supereffective|p2b: Umbreon|1\n|-damage|p2a: Milotic|31/100\n|-damage|p2b: Umbreon|0 fnt\n|faint|p2b: Umbreon\n|\n|-weather|RainDance|[upkeep]\n|-sideend|p1: Reubz123|move: Tailwind\n|upkeep\n|\n|t:|1776522375\n|switch|p1a: Pelipper|Pelipper, L50, F|76/100\n|switch|p2b: Manectric|Manectric-Mega, L50, M|38/100\n|-ability|p2b: Manectric|Intimidate|boost\n|-unboost|p1a: Pelipper|atk|1\n|-unboost|p1b: Meganium|atk|1\n|turn|7\n|\n|t:|1776522391\n|move|p2b: Manectric|Volt Switch|p1a: Pelipper\n|-supereffective|p1a: Pelipper|2\n|-damage|p1a: Pelipper|0 fnt\n|faint|p1a: Pelipper\n|\n|t:|1776522396\n|switch|p2b: Emboar|Emboar, L50, M|100/100|[from] Volt Switch\n|move|p2a: Milotic|Life Dew||[still]|[spread] p2a,p2b\n|-heal|p2a: Milotic|56/100\n|-fail|p2b: Emboar|heal\n|move|p1b: Meganium|Synthesis|p1b: Meganium\n|-heal|p1b: Meganium|100/100\n|\n|-weather|none\n|upkeep\n|turn|8\n|-message|Reubz123 forfeited.\n|\n|win|TuntunJahur\n|raw|Reubz123's rating: 1198 &rarr; <strong>1171</strong><br />(-27 for losing)\n|raw|TuntunJahur's rating: 1165 &rarr; <strong>1192</strong><br />(+27 for winning)\n",
  "uploadtime": 1776522403,
  "views": 21,
  "formatid": "gen9championsvgc2026regma",
  "rating": 1171,
  "private": 0,
  "password": null
}