{
  "id": "gen9championsvgc2026regma-2588401496",
  "format": "[Gen 9 Champions] VGC 2026 Reg M-A",
  "players": [
    "jakeofonline",
    "PkmnProfessorTuro"
  ],
  "log": "|j|\u2606jakeofonline\n|j|\u2606PkmnProfessorTuro\n|t:|1776630431\n|gametype|doubles\n|player|p1|jakeofonline|brycenman|1125\n|player|p2|PkmnProfessorTuro|169|1127\n|gen|9\n|tier|[Gen 9 Champions] VGC 2026 Reg M-A\n|rated|\n|rule|Species Clause: Limit one of each Pok\u00e9mon\n|rule|Item Clause: Limit 1 of each item\n|clearpoke\n|poke|p1|Glimmora, L50, F|\n|poke|p1|Rotom-Wash, L50|\n|poke|p1|Mamoswine, L50, F|\n|poke|p1|Wyrdeer, L50, M|\n|poke|p1|Talonflame, L50, F|\n|poke|p1|Hydrapple, L50, M|\n|poke|p2|Farigiraf, L50, M|\n|poke|p2|Crabominable, L50, F|\n|poke|p2|Sinistcha, L50|\n|poke|p2|Aggron, L50, F|\n|poke|p2|Pelipper, L50, M|\n|poke|p2|Araquanid, L50, F|\n|teampreview|4\n|inactive|Battle timer is ON: inactive players will automatically lose when time's up. (requested by jakeofonline)\n|c|\u2606PkmnProfessorTuro|glhf!\n|c|\u2606jakeofonline|glhf\n|inactive|jakeofonline has 60 seconds left.\n|inactive|PkmnProfessorTuro has 60 seconds left.\n|inactive|PkmnProfessorTuro has 30 seconds left.\n|inactive|PkmnProfessorTuro has 20 seconds left.\n|inactive|PkmnProfessorTuro has 15 seconds left.\n|inactive|PkmnProfessorTuro has 10 seconds left.\n|\n|t:|1776630513\n|teamsize|p1|4\n|teamsize|p2|4\n|start\n|switch|p1a: Mamoswine|Mamoswine, L50, F|100/100\n|switch|p1b: Hydrapple|Hydrapple, L50, M|100/100\n|switch|p2a: The long way|Farigiraf, L50, M|100/100\n|switch|p2b: Labubu|Sinistcha, L50|100/100\n|turn|1\n|inactive|jakeofonline has 30 seconds left.\n|\n|t:|1776630539\n|move|p2b: Labubu|Protect|p2b: Labubu\n|-singleturn|p2b: Labubu|Protect\n|move|p1a: Mamoswine|Icicle Crash|p2b: Labubu\n|-activate|p2b: Labubu|move: Protect\n|move|p1b: Hydrapple|Pollen Puff|p2a: The long way\n|-supereffective|p2a: The long way|1\n|-damage|p2a: The long way|34/100\n|move|p2a: The long way|Trick Room|p2a: The long way\n|-fieldstart|move: Trick Room|[of] p2a: The long way\n|\n|upkeep\n|turn|2\n|\n|t:|1776630554\n|move|p2a: The long way|Helping Hand|p2b: Labubu\n|-singleturn|p2b: Labubu|Helping Hand|[of] p2a: The long way\n|move|p1b: Hydrapple|Pollen Puff|p2a: The long way\n|-supereffective|p2a: The long way|1\n|-damage|p2a: The long way|0 fnt\n|faint|p2a: The long way\n|move|p2b: Labubu|Matcha Gotcha|p1b: Hydrapple|[spread] p1b\n|-miss|p2b: Labubu|p1a: Mamoswine\n|-resisted|p1b: Hydrapple|2\n|-damage|p1b: Hydrapple|91/100\n|move|p1a: Mamoswine|Icicle Crash|p2b: Labubu\n|-supereffective|p2b: Labubu|1\n|-damage|p2b: Labubu|36/100\n|\n|upkeep\n|c|\u2606PkmnProfessorTuro|bruh\n|\n|t:|1776630570\n|switch|p2a: Darmanitan 2|Crabominable, L50, F|100/100\n|turn|3\n|c|\u2606jakeofonline|the evasive pig elephant\n|c|\u2606PkmnProfessorTuro|very hard target to hit\n|inactive|jakeofonline has 30 seconds left.\n|\n|t:|1776630596\n|switch|p1b: Glimmora|Glimmora, L50, F|100/100\n|move|p1a: Mamoswine|Ice Shard|p2b: Labubu\n|-supereffective|p2b: Labubu|1\n|-damage|p2b: Labubu|2/100\n|move|p2a: Darmanitan 2|Drain Punch|p1a: Mamoswine\n|-supereffective|p1a: Mamoswine|1\n|-damage|p1a: Mamoswine|11/100\n|move|p2b: Labubu|Matcha Gotcha|p1a: Mamoswine|[spread] p1a,p1b\n|-supereffective|p1a: Mamoswine|1\n|-damage|p1a: Mamoswine|0 fnt\n|-heal|p2b: Labubu|8/100|[from] drain|[of] p1a: Mamoswine\n|-damage|p1b: Glimmora|70/100\n|-heal|p2b: Labubu|22/100|[from] drain|[of] p1b: Glimmora\n|faint|p1a: Mamoswine\n|\n|upkeep\n|\n|t:|1776630606\n|switch|p1a: Wyrdeer|Wyrdeer, L50, M|100/100\n|-ability|p1a: Wyrdeer|Intimidate|boost\n|-fail|p2a: Darmanitan 2|unboost|Attack|[from] ability: Hyper Cutter|[of] p2a: Darmanitan 2\n|-unboost|p2b: Labubu|atk|1\n|turn|4\n|\n|t:|1776630627\n|detailschange|p1b: Glimmora|Glimmora-Mega, L50, F\n|-mega|p1b: Glimmora|Glimmora|Glimmoranite\n|move|p2a: Darmanitan 2|Protect|p2a: Darmanitan 2\n|-singleturn|p2a: Darmanitan 2|Protect\n|move|p1b: Glimmora|Spiky Shield|p1b: Glimmora\n|-singleturn|p1b: Glimmora|move: Protect\n|move|p1a: Wyrdeer|Psyshield Bash|p2a: Darmanitan 2\n|-activate|p2a: Darmanitan 2|move: Protect\n|move|p2b: Labubu|Matcha Gotcha|p1a: Wyrdeer|[spread] p1a\n|-activate|p1b: Glimmora|move: Protect\n|-damage|p1a: Wyrdeer|75/100\n|-heal|p2b: Labubu|37/100|[from] drain|[of] p1a: Wyrdeer\n|\n|upkeep\n|turn|5\n|inactive|jakeofonline has 30 seconds left.\n|\n|t:|1776630661\n|detailschange|p2a: Darmanitan 2|Crabominable-Mega, L50, F\n|-mega|p2a: Darmanitan 2|Crabominable|Crabominite\n|move|p2a: Darmanitan 2|Drain Punch|p1b: Glimmora\n|-damage|p1b: Glimmora|15/100\n|move|p1a: Wyrdeer|Psyshield Bash|p2a: Darmanitan 2\n|-supereffective|p2a: Darmanitan 2|1\n|-damage|p2a: Darmanitan 2|42/100\n|-boost|p1a: Wyrdeer|def|1\n|move|p2b: Labubu|Matcha Gotcha|p1b: Glimmora|[spread] p1a,p1b\n|-damage|p1a: Wyrdeer|47/100\n|-heal|p2b: Labubu|53/100|[from] drain|[of] p1a: Wyrdeer\n|-damage|p1b: Glimmora|0 fnt\n|-heal|p2b: Labubu|60/100|[from] drain|[of] p1b: Glimmora\n|-enditem|p1a: Wyrdeer|Sitrus Berry|[eat]\n|-heal|p1a: Wyrdeer|72/100|[from] item: Sitrus Berry\n|faint|p1b: Glimmora\n|\n|-fieldend|move: Trick Room\n|upkeep\n|\n|t:|1776630673\n|switch|p1b: Hydrapple|Hydrapple, L50, M|100/100\n|turn|6\n|\n|t:|1776630689\n|move|p2a: Darmanitan 2|Protect|p2a: Darmanitan 2\n|-singleturn|p2a: Darmanitan 2|Protect\n|move|p1a: Wyrdeer|Psyshield Bash|p2a: Darmanitan 2\n|-activate|p2a: Darmanitan 2|move: Protect\n|move|p1b: Hydrapple|Draco Meteor|p2b: Labubu\n|-damage|p2b: Labubu|0 fnt\n|-unboost|p1b: Hydrapple|spa|2\n|faint|p2b: Labubu\n|\n|upkeep\n|\n|t:|1776630698\n|switch|p2b: liquidation|Araquanid, L50, F|100/100\n|turn|7\n|c|\u2606PkmnProfessorTuro|yeah gg\n|\n|t:|1776630717\n|move|p1a: Wyrdeer|Psyshield Bash|p2a: Darmanitan 2\n|-supereffective|p2a: Darmanitan 2|1\n|-damage|p2a: Darmanitan 2|0 fnt\n|-boost|p1a: Wyrdeer|def|1\n|faint|p2a: Darmanitan 2\n|move|p1b: Hydrapple|Leaf Storm|p2b: liquidation\n|-damage|p2b: liquidation|71/100\n|-unboost|p1b: Hydrapple|spa|2\n|move|p2b: liquidation|Lunge|p1a: Wyrdeer\n|-supereffective|p1a: Wyrdeer|1\n|-damage|p1a: Wyrdeer|34/100\n|-unboost|p1a: Wyrdeer|atk|1\n|\n|upkeep\n|turn|8\n|c|\u2606jakeofonline|gg\n|c|\u2606jakeofonline|I might not be able to kill in time lol\n|c|\u2606PkmnProfessorTuro|surely\n|inactive|jakeofonline has 30 seconds left.\n|c|\u2606PkmnProfessorTuro|im too slow to win\n|\n|t:|1776630751\n|move|p1a: Wyrdeer|Lunge|p2b: liquidation\n|-damage|p2b: liquidation|51/100\n|-unboost|p2b: liquidation|atk|1\n|move|p1b: Hydrapple|Pollen Puff|p1a: Wyrdeer\n|-heal|p1a: Wyrdeer|84/100\n|move|p2b: liquidation|Lunge|p1a: Wyrdeer\n|-supereffective|p1a: Wyrdeer|1\n|-damage|p1a: Wyrdeer|61/100\n|-unboost|p1a: Wyrdeer|atk|1\n|\n|upkeep\n|turn|9\n|c|\u2606PkmnProfessorTuro|yeah it's over\n|-message|PkmnProfessorTuro forfeited.\n|\n|win|jakeofonline\n|raw|jakeofonline's rating: 1125 &rarr; <strong>1150</strong><br />(+25 for winning)\n|raw|PkmnProfessorTuro's rating: 1127 &rarr; <strong>1102</strong><br />(-25 for losing)\n|l|\u2606PkmnProfessorTuro\n|player|p2|\n|c|\u2606jakeofonline|gg\n",
  "uploadtime": 1776630768,
  "views": 11,
  "formatid": "gen9championsvgc2026regma",
  "rating": 1102,
  "private": 0,
  "password": null
}