{
  "id": "gen9championsvgc2026regma-2589571458",
  "format": "[Gen 9 Champions] VGC 2026 Reg M-A",
  "players": [
    "ohko_charjabug",
    "rentorar_lvl50"
  ],
  "log": "|j|\u2606ohko_charjabug\n|j|\u2606rentorar_lvl50\n|t:|1776735218\n|gametype|doubles\n|player|p1|ohko_charjabug|sophocles|1211\n|player|p2|rentorar_lvl50|volkner|1306\n|gen|9\n|tier|[Gen 9 Champions] VGC 2026 Reg M-A\n|rated|\n|rule|Species Clause: Limit one of each Pok\u00e9mon\n|rule|Item Clause: Limit 1 of each item\n|clearpoke\n|poke|p1|Krookodile, L50, M, shiny|\n|poke|p1|Orthworm, L50, M|\n|poke|p1|Dragonite, L50, M, shiny|\n|poke|p1|Pelipper, L50, F|\n|poke|p1|Maushold-Four, L50|\n|poke|p1|Sneasler, L50, F|\n|poke|p2|Meganium, L50, F|\n|poke|p2|Incineroar, L50, M|\n|poke|p2|Garchomp, L50, F|\n|poke|p2|Rotom-Wash, L50|\n|poke|p2|Sneasler, L50, M|\n|poke|p2|Ninetales-Alola, L50, F|\n|teampreview|4\n|inactive|Battle timer is ON: inactive players will automatically lose when time's up. (requested by rentorar_lvl50)\n|\n|t:|1776735243\n|teamsize|p1|4\n|teamsize|p2|4\n|start\n|switch|p1a: Crocodile|Krookodile, L50, M, shiny|100/100\n|switch|p1b: Peter|Orthworm, L50, M|100/100\n|switch|p2a: Sneasler|Sneasler, L50, M|100/100\n|switch|p2b: Rotom|Rotom-Wash, L50|100/100\n|-ability|p1a: Crocodile|Intimidate|boost\n|-unboost|p2a: Sneasler|atk|1\n|-unboost|p2b: Rotom|atk|1\n|-enditem|p2a: Sneasler|White Herb\n|-clearnegativeboost|p2a: Sneasler|[silent]\n|turn|1\n|\n|t:|1776735256\n|move|p2a: Sneasler|Fake Out|p1a: Crocodile\n|-damage|p1a: Crocodile|80/100\n|cant|p1a: Crocodile|flinch\n|move|p2b: Rotom|Hydro Pump|p1a: Crocodile\n|-supereffective|p1a: Crocodile|1\n|-damage|p1a: Crocodile|0 fnt\n|faint|p1a: Crocodile\n|move|p1b: Peter|Shed Tail|p1b: Peter\n|-start|p1b: Peter|Substitute|[from] move: Shed Tail\n|-damage|p1b: Peter|50/100\n|-enditem|p1b: Peter|Sitrus Berry|[eat]\n|-heal|p1b: Peter|75/100|[from] item: Sitrus Berry\n|\n|t:|1776735264\n|switch|p1b: Monkey D. Dragon|Dragonite, L50, M, shiny|100/100|[from] Shed Tail\n|\n|upkeep\n|\n|t:|1776735266\n|switch|p1a: Nami|Pelipper, L50, F|100/100\n|-weather|RainDance|[from] ability: Drizzle|[of] p1a: Nami\n|turn|2\n|\n|t:|1776735277\n|switch|p2b: Ninetales|Ninetales-Alola, L50, F|100/100\n|-weather|Snowscape|[from] ability: Snow Warning|[of] p2b: Ninetales\n|detailschange|p1b: Monkey D. Dragon|Dragonite-Mega, L50, M, shiny\n|-mega|p1b: Monkey D. Dragon|Dragonite|Dragoninite\n|move|p2a: Sneasler|Dire Claw|p1b: Monkey D. Dragon\n|-activate|p1b: Monkey D. Dragon|move: Substitute|[damage]\n|move|p1b: Monkey D. Dragon|Hurricane|p2a: Sneasler\n|-supereffective|p2a: Sneasler|1\n|-damage|p2a: Sneasler|0 fnt\n|faint|p2a: Sneasler\n|move|p1a: Nami|Tailwind|p1a: Nami\n|-sidestart|p1: ohko_charjabug|move: Tailwind\n|\n|-weather|Snowscape|[upkeep]\n|upkeep\n|\n|t:|1776735281\n|switch|p2a: Rotom|Rotom-Wash, L50|100/100\n|turn|3\n|\n|t:|1776735295\n|switch|p1a: Peter|Orthworm, L50, M|75/100\n|move|p1b: Monkey D. Dragon|Hurricane|p2b: Ninetales|[miss]\n|-miss|p1b: Monkey D. Dragon|p2b: Ninetales\n|move|p2a: Rotom|Electroweb|p1a: Peter|[spread] p1a,p1b\n|-end|p1b: Monkey D. Dragon|Substitute\n|-damage|p1a: Peter|44/100\n|-unboost|p1a: Peter|spe|1\n|move|p2b: Ninetales|Aurora Veil|p2b: Ninetales\n|-sidestart|p2: rentorar_lvl50|move: Aurora Veil\n|\n|-weather|Snowscape|[upkeep]\n|upkeep\n|turn|4\n|\n|t:|1776735305\n|switch|p1a: Nami|Pelipper, L50, F|100/100\n|-weather|RainDance|[from] ability: Drizzle|[of] p1a: Nami\n|move|p1b: Monkey D. Dragon|Protect|p1b: Monkey D. Dragon\n|-singleturn|p1b: Monkey D. Dragon|Protect\n|move|p2a: Rotom|Electroweb|p1a: Nami|[spread] p1a\n|-activate|p1b: Monkey D. Dragon|move: Protect\n|-supereffective|p1a: Nami|2\n|-crit|p1a: Nami\n|-damage|p1a: Nami|0 fnt\n|faint|p1a: Nami\n|move|p2b: Ninetales|Blizzard|p1b: Monkey D. Dragon\n|-activate|p1b: Monkey D. Dragon|move: Protect\n|\n|-weather|RainDance|[upkeep]\n|upkeep\n|\n|t:|1776735314\n|switch|p1a: Peter|Orthworm, L50, M|44/100\n|turn|5\n|\n|t:|1776735319\n|switch|p2b: Meganium|Meganium, L50, F|100/100\n|move|p1a: Peter|Helping Hand|p1b: Monkey D. Dragon\n|-singleturn|p1b: Monkey D. Dragon|Helping Hand|[of] p1a: Peter\n|move|p1b: Monkey D. Dragon|Hurricane|p2b: Meganium\n|-supereffective|p2b: Meganium|1\n|-damage|p2b: Meganium|0 fnt\n|faint|p2b: Meganium\n|move|p2a: Rotom|Electroweb|p1b: Monkey D. Dragon|[spread] p1a,p1b\n|-damage|p1a: Peter|10/100\n|-damage|p1b: Monkey D. Dragon|91/100\n|-unboost|p1a: Peter|spe|1\n|-unboost|p1b: Monkey D. Dragon|spe|1\n|\n|-weather|RainDance|[upkeep]\n|-sideend|p1: ohko_charjabug|move: Tailwind\n|upkeep\n|\n|t:|1776735322\n|switch|p2b: Ninetales|Ninetales-Alola, L50, F|100/100\n|-weather|Snowscape|[from] ability: Snow Warning|[of] p2b: Ninetales\n|turn|6\n|\n|t:|1776735330\n|move|p1a: Peter|Helping Hand|p1b: Monkey D. Dragon\n|-singleturn|p1b: Monkey D. Dragon|Helping Hand|[of] p1a: Peter\n|move|p2a: Rotom|Electroweb|p1a: Peter|[spread] p1a,p1b\n|-damage|p1a: Peter|0 fnt\n|-damage|p1b: Monkey D. Dragon|73/100\n|-unboost|p1b: Monkey D. Dragon|spe|1\n|faint|p1a: Peter\n|move|p2b: Ninetales|Blizzard|p1b: Monkey D. Dragon\n|-supereffective|p1b: Monkey D. Dragon|2\n|-damage|p1b: Monkey D. Dragon|0 fnt\n|faint|p1b: Monkey D. Dragon\n|\n|win|rentorar_lvl50\n|raw|ohko_charjabug's rating: 1211 &rarr; <strong>1193</strong><br />(-18 for losing)\n|raw|rentorar_lvl50's rating: 1306 &rarr; <strong>1321</strong><br />(+15 for winning)\n|l|\u2606ohko_charjabug\n|player|p1|\n",
  "uploadtime": 1776735342,
  "views": 2,
  "formatid": "gen9championsvgc2026regma",
  "rating": 1193,
  "private": 0,
  "password": null
}