{
  "id": "gen9championsvgc2026regma-2582532010",
  "format": "[Gen 9 Champions] VGC 2026 Reg M-A",
  "players": [
    "1#MiraidonHater",
    "serenesundae"
  ],
  "log": "|j|\u26061#MiraidonHater\n|j|\u2606serenesundae\n|t:|1776097656\n|gametype|doubles\n|player|p1|1#MiraidonHater|170|1224\n|player|p2|serenesundae|backersf|1127\n|gen|9\n|tier|[Gen 9 Champions] VGC 2026 Reg M-A\n|rated|\n|rule|Species Clause: Limit one of each Pok\u00e9mon\n|rule|Item Clause: Limit 1 of each item\n|clearpoke\n|poke|p1|Kommo-o, L50, M|\n|poke|p1|Incineroar, L50, F|\n|poke|p1|Glimmora, L50, M|\n|poke|p1|Sinistcha, L50|\n|poke|p1|Talonflame, L50, F|\n|poke|p1|Palafin, L50, F|\n|poke|p2|Charizard, L50, M|\n|poke|p2|Venusaur, L50, F|\n|poke|p2|Farigiraf, L50, F|\n|poke|p2|Milotic, L50, F|\n|poke|p2|Garchomp, L50, F|\n|poke|p2|Incineroar, L50, M|\n|teampreview|4\n|\n|t:|1776097701\n|teamsize|p1|4\n|teamsize|p2|4\n|start\n|switch|p1a: Incineroar|Incineroar, L50, F|100/100\n|switch|p1b: Sinistcha|Sinistcha, L50|100/100\n|switch|p2a: Charizard|Charizard, L50, M|100/100\n|switch|p2b: Incineroar|Incineroar, L50, M|100/100\n|-ability|p1a: Incineroar|Intimidate|boost\n|-unboost|p2a: Charizard|atk|1\n|-unboost|p2b: Incineroar|atk|1\n|-ability|p2b: Incineroar|Intimidate|boost\n|-unboost|p1a: Incineroar|atk|1\n|-unboost|p1b: Sinistcha|atk|1\n|turn|1\n|\n|t:|1776097729\n|switch|p1b: Glimmora|Glimmora, L50, M|100/100\n|detailschange|p2a: Charizard|Charizard-Mega-Y, L50, M\n|-mega|p2a: Charizard|Charizard|Charizardite Y\n|-weather|SunnyDay|[from] ability: Drought|[of] p2a: Charizard\n|move|p1a: Incineroar|Fake Out|p2a: Charizard\n|-damage|p2a: Charizard|90/100\n|move|p2b: Incineroar|Fake Out|p1a: Incineroar\n|-damage|p1a: Incineroar|93/100\n|cant|p2a: Charizard|flinch\n|\n|-weather|SunnyDay|[upkeep]\n|upkeep\n|turn|2\n|\n|t:|1776097762\n|detailschange|p1b: Glimmora|Glimmora-Mega, L50, M\n|-mega|p1b: Glimmora|Glimmora|Glimmoranite\n|move|p2a: Charizard|Protect|p2a: Charizard\n|-singleturn|p2a: Charizard|Protect\n|move|p1b: Glimmora|Power Gem|p2a: Charizard\n|-activate|p2a: Charizard|move: Protect\n|move|p1a: Incineroar|Parting Shot|p2b: Incineroar\n|-unboost|p2b: Incineroar|atk|1\n|-unboost|p2b: Incineroar|spa|1\n|\n|t:|1776097775\n|switch|p1a: Talonflame|Talonflame, L50, F|100/100|[from] Parting Shot\n|move|p2b: Incineroar|Parting Shot|p1b: Glimmora\n|-unboost|p1b: Glimmora|atk|1\n|-unboost|p1b: Glimmora|spa|1\n|\n|t:|1776097785\n|switch|p2b: Venusaur|Venusaur, L50, F|100/100|[from] Parting Shot\n|\n|-weather|SunnyDay|[upkeep]\n|upkeep\n|turn|3\n|\n|t:|1776097849\n|switch|p2a: Incineroar|Incineroar, L50, M|100/100\n|-ability|p2a: Incineroar|Intimidate|boost\n|-unboost|p1a: Talonflame|atk|1\n|-unboost|p1b: Glimmora|atk|1\n|move|p1a: Talonflame|Tailwind|p1a: Talonflame\n|-sidestart|p1: 1#MiraidonHater|move: Tailwind\n|move|p1b: Glimmora|Power Gem|p2a: Incineroar\n|-supereffective|p2a: Incineroar|1\n|-damage|p2a: Incineroar|23/100\n|-enditem|p2a: Incineroar|Sitrus Berry|[eat]\n|-heal|p2a: Incineroar|48/100|[from] item: Sitrus Berry\n|move|p2b: Venusaur|Sleep Powder|p1a: Talonflame\n|-status|p1a: Talonflame|slp|[from] move: Sleep Powder\n|\n|-weather|SunnyDay|[upkeep]\n|upkeep\n|turn|4\n|\n|t:|1776097879\n|switch|p1b: Sinistcha|Sinistcha, L50|100/100\n|cant|p1a: Talonflame|slp\n|move|p2a: Incineroar|Fake Out|p1b: Sinistcha\n|-immune|p1b: Sinistcha\n|move|p2b: Venusaur|Giga Drain|p1b: Sinistcha\n|-resisted|p1b: Sinistcha|1\n|-damage|p1b: Sinistcha|82/100\n|\n|-weather|SunnyDay|[upkeep]\n|upkeep\n|turn|5\n|l|\u26061#MiraidonHater\n|player|p1|\n|j|\u26061#MiraidonHater\n|player|p1|1#MiraidonHater|170|\n|\n|t:|1776097906\n|switch|p1a: Glimmora|Glimmora-Mega, L50, M|100/100\n|move|p1b: Sinistcha|Protect|p1b: Sinistcha\n|-singleturn|p1b: Sinistcha|Protect\n|move|p2b: Venusaur|Sludge Bomb|p1a: Glimmora\n|-resisted|p1a: Glimmora|2\n|-damage|p1a: Glimmora|89/100\n|move|p2a: Incineroar|Flare Blitz|p1b: Sinistcha\n|-activate|p1b: Sinistcha|move: Protect\n|\n|-weather|none\n|upkeep\n|turn|6\n|\n|t:|1776097961\n|switch|p1b: Talonflame|Talonflame, L50, F|100/100 slp\n|switch|p2a: Garchomp|Garchomp, L50, F|100/100\n|move|p1a: Glimmora|Power Gem|p2a: Garchomp\n|-resisted|p2a: Garchomp|1\n|-damage|p2a: Garchomp|70/100\n|move|p2b: Venusaur|Sludge Bomb|p1b: Talonflame\n|-damage|p1b: Talonflame|39/100 slp\n|\n|-sideend|p1: 1#MiraidonHater|move: Tailwind\n|upkeep\n|turn|7\n|\n|t:|1776097992\n|switch|p1a: Incineroar|Incineroar, L50, F|93/100\n|-ability|p1a: Incineroar|Intimidate|boost\n|-unboost|p2a: Garchomp|atk|1\n|-unboost|p2b: Venusaur|atk|1\n|switch|p2b: Charizard|Charizard-Mega-Y, L50, M|90/100\n|-weather|SunnyDay|[from] ability: Drought|[of] p2b: Charizard\n|-curestatus|p1b: Talonflame|slp|[msg]\n|move|p1b: Talonflame|Tailwind|p1b: Talonflame\n|-sidestart|p1: 1#MiraidonHater|move: Tailwind\n|move|p2a: Garchomp|Earthquake|p1a: Incineroar|[spread] p1a\n|-immune|p2b: Charizard\n|-immune|p1b: Talonflame\n|-supereffective|p1a: Incineroar|1\n|-enditem|p1a: Incineroar|Shuca Berry|[eat]\n|-enditem|p1a: Incineroar|Shuca Berry|[weaken]\n|-damage|p1a: Incineroar|72/100\n|\n|-weather|SunnyDay|[upkeep]\n|upkeep\n|turn|8\n|\n|t:|1776098031\n|switch|p1b: Sinistcha|Sinistcha, L50|82/100\n|-heal|p1a: Incineroar|97/100|[from] ability: Hospitality|[of] p1b: Sinistcha\n|move|p1a: Incineroar|Fake Out|p2b: Charizard\n|-damage|p2b: Charizard|74/100\n|cant|p2b: Charizard|flinch\n|move|p2a: Garchomp|Rock Slide|p1b: Sinistcha|[spread] p1a\n|-miss|p2a: Garchomp|p1b: Sinistcha\n|-supereffective|p1a: Incineroar|1\n|-damage|p1a: Incineroar|76/100\n|\n|-weather|SunnyDay|[upkeep]\n|upkeep\n|turn|9\n|\n|t:|1776098061\n|move|p1b: Sinistcha|Protect|p1b: Sinistcha\n|-singleturn|p1b: Sinistcha|Protect\n|move|p2a: Garchomp|Protect|p2a: Garchomp\n|-singleturn|p2a: Garchomp|Protect\n|move|p2b: Charizard|Heat Wave|p1b: Sinistcha|[spread] p1a\n|-activate|p1b: Sinistcha|move: Protect\n|-resisted|p1a: Incineroar|1\n|-damage|p1a: Incineroar|48/100\n|move|p1a: Incineroar|Parting Shot|p2a: Garchomp\n|-activate|p2a: Garchomp|move: Protect\n|\n|-weather|SunnyDay|[upkeep]\n|upkeep\n|turn|10\n|\n|t:|1776098094\n|move|p1b: Sinistcha|Life Dew|p1b: Sinistcha|[spread] p1a,p1b\n|-heal|p1a: Incineroar|73/100\n|-heal|p1b: Sinistcha|100/100\n|move|p2b: Charizard|Heat Wave|p1a: Incineroar|[spread] p1a,p1b\n|-resisted|p1a: Incineroar|1\n|-supereffective|p1b: Sinistcha|1\n|-enditem|p1b: Sinistcha|Occa Berry|[eat]\n|-enditem|p1b: Sinistcha|Occa Berry|[weaken]\n|-damage|p1a: Incineroar|43/100\n|-damage|p1b: Sinistcha|41/100\n|move|p1a: Incineroar|Parting Shot|p2b: Charizard\n|-unboost|p2b: Charizard|atk|1\n|-unboost|p2b: Charizard|spa|1\n|\n|t:|1776098109\n|switch|p1a: Talonflame|Talonflame, L50, F|39/100|[from] Parting Shot\n|move|p2a: Garchomp|Earthquake|p1a: Talonflame|[spread] p1b\n|-immune|p2b: Charizard\n|-immune|p1a: Talonflame\n|-resisted|p1b: Sinistcha|1\n|-damage|p1b: Sinistcha|30/100\n|\n|-weather|SunnyDay|[upkeep]\n|-sideend|p1: 1#MiraidonHater|move: Tailwind\n|upkeep\n|turn|11\n|\n|t:|1776098129\n|switch|p2b: Incineroar|Incineroar, L50, M|48/100\n|-ability|p2b: Incineroar|Intimidate|boost\n|-unboost|p1a: Talonflame|atk|1\n|-unboost|p1b: Sinistcha|atk|1\n|switch|p1b: Incineroar|Incineroar, L50, F|43/100\n|-ability|p1b: Incineroar|Intimidate|boost\n|-unboost|p2a: Garchomp|atk|1\n|-unboost|p2b: Incineroar|atk|1\n|move|p1a: Talonflame|Tailwind|p1a: Talonflame\n|-sidestart|p1: 1#MiraidonHater|move: Tailwind\n|move|p2a: Garchomp|Rock Slide|p1a: Talonflame|[spread] p1a,p1b\n|-supereffective|p1a: Talonflame|2\n|-supereffective|p1b: Incineroar|1\n|-damage|p1a: Talonflame|0 fnt\n|-damage|p1b: Incineroar|28/100\n|faint|p1a: Talonflame\n|\n|-weather|none\n|upkeep\n|\n|t:|1776098149\n|switch|p1a: Sinistcha|Sinistcha, L50|30/100\n|-heal|p1b: Incineroar|53/100|[from] ability: Hospitality|[of] p1a: Sinistcha\n|turn|12\n|\n|t:|1776098162\n|switch|p2a: Charizard|Charizard-Mega-Y, L50, M|74/100\n|-weather|SunnyDay|[from] ability: Drought|[of] p2a: Charizard\n|move|p2b: Incineroar|Fake Out|p1b: Incineroar\n|-damage|p1b: Incineroar|46/100\n|move|p1a: Sinistcha|Life Dew|p1a: Sinistcha|[spread] p1a,p1b\n|-heal|p1a: Sinistcha|56/100\n|-heal|p1b: Incineroar|71/100\n|cant|p1b: Incineroar|flinch\n|\n|-weather|SunnyDay|[upkeep]\n|upkeep\n|turn|13\n|\n|t:|1776098199\n|switch|p1a: Glimmora|Glimmora-Mega, L50, M|89/100\n|move|p2a: Charizard|Weather Ball|p1a: Glimmora\n|-resisted|p1a: Glimmora|1\n|-damage|p1a: Glimmora|39/100\n|move|p1b: Incineroar|Flare Blitz|p2b: Incineroar\n|-resisted|p2b: Incineroar|1\n|-damage|p2b: Incineroar|14/100\n|-damage|p1b: Incineroar|60/100|[from] Recoil\n|move|p2b: Incineroar|Parting Shot|p1a: Glimmora\n|-unboost|p1a: Glimmora|atk|1\n|-unboost|p1a: Glimmora|spa|1\n|\n|t:|1776098214\n|switch|p2b: Garchomp|Garchomp, L50, F|70/100|[from] Parting Shot\n|\n|-weather|SunnyDay|[upkeep]\n|upkeep\n|turn|14\n|\n|t:|1776098230\n|move|p2a: Charizard|Protect|p2a: Charizard\n|-singleturn|p2a: Charizard|Protect\n|move|p1a: Glimmora|Earth Power|p2b: Garchomp\n|-damage|p2b: Garchomp|48/100\n|move|p1b: Incineroar|Flare Blitz|p2b: Garchomp\n|-resisted|p2b: Garchomp|1\n|-damage|p2b: Garchomp|15/100\n|-damage|p1b: Incineroar|47/100|[from] ability: Rough Skin|[of] p2b: Garchomp\n|-damage|p1b: Incineroar|36/100|[from] Recoil\n|move|p2b: Garchomp|Earthquake|p1b: Incineroar|[spread] p1a,p1b\n|-activate|p2a: Charizard|move: Protect\n|-supereffective|p1a: Glimmora|2\n|-supereffective|p1b: Incineroar|1\n|-damage|p1a: Glimmora|0 fnt\n|-damage|p1b: Incineroar|0 fnt\n|faint|p1a: Glimmora\n|faint|p1b: Incineroar\n|\n|-weather|SunnyDay|[upkeep]\n|-sideend|p1: 1#MiraidonHater|move: Tailwind\n|upkeep\n|-message|1#MiraidonHater forfeited.\n|\n|win|serenesundae\n",
  "uploadtime": 1776097659,
  "views": 48,
  "formatid": "gen9championsvgc2026regma",
  "rating": null,
  "private": 0,
  "password": null
}