{
  "id": "gen9championsvgc2026regma-2584085858",
  "format": "[Gen 9 Champions] VGC 2026 Reg M-A",
  "players": [
    "JasmineThia",
    "bamdoot"
  ],
  "log": "|j|\u2606JasmineThia\n|j|\u2606bamdoot\n|t:|1776223644\n|gametype|doubles\n|player|p1|JasmineThia|selene-masters2|1173\n|player|p2|bamdoot|2|1164\n|gen|9\n|tier|[Gen 9 Champions] VGC 2026 Reg M-A\n|rated|\n|rule|Species Clause: Limit one of each Pok\u00e9mon\n|rule|Item Clause: Limit 1 of each item\n|clearpoke\n|poke|p1|Chandelure, L50, M|\n|poke|p1|Whimsicott, L50, F|\n|poke|p1|Quaquaval, L50, F|\n|poke|p1|Vivillon-Elegant, L50, F|\n|poke|p1|Kangaskhan, L50, F|\n|poke|p1|Kingambit, L50, M|\n|poke|p2|Whimsicott, L50, M|\n|poke|p2|Typhlosion-Hisui, L50, M|\n|poke|p2|Charizard, L50, F|\n|poke|p2|Garchomp, L50, M|\n|poke|p2|Rotom-Wash, L50|\n|poke|p2|Scizor, L50, F|\n|teampreview|4\n|inactive|Battle timer is ON: inactive players will automatically lose when time's up. (requested by JasmineThia)\n|inactive|bamdoot has 60 seconds left.\n|\n|t:|1776223691\n|teamsize|p1|4\n|teamsize|p2|4\n|start\n|switch|p1a: Whimsicott|Whimsicott, L50, F|100/100\n|switch|p1b: Chandelure|Chandelure, L50, M|100/100\n|switch|p2a: Charizard|Charizard, L50, F|100/100\n|switch|p2b: Whimsicott|Whimsicott, L50, M|100/100\n|turn|1\n|\n|t:|1776223714\n|detailschange|p2a: Charizard|Charizard-Mega-Y, L50, F\n|-mega|p2a: Charizard|Charizard|Charizardite Y\n|-weather|SunnyDay|[from] ability: Drought|[of] p2a: Charizard\n|move|p1a: Whimsicott|Tailwind|p1a: Whimsicott\n|-sidestart|p1: JasmineThia|move: Tailwind\n|move|p2b: Whimsicott|Tailwind|p2b: Whimsicott\n|-sidestart|p2: bamdoot|move: Tailwind\n|move|p2a: Charizard|Air Slash|p1a: Whimsicott\n|-supereffective|p1a: Whimsicott|1\n|-damage|p1a: Whimsicott|0 fnt\n|faint|p1a: Whimsicott\n|move|p1b: Chandelure|Heat Wave|p2a: Charizard|[spread] p2a,p2b\n|-resisted|p2a: Charizard|1\n|-supereffective|p2b: Whimsicott|1\n|-damage|p2a: Charizard|66/100\n|-enditem|p2b: Whimsicott|Focus Sash\n|-damage|p2b: Whimsicott|1/100\n|-status|p2b: Whimsicott|brn\n|\n|-weather|SunnyDay|[upkeep]\n|-damage|p2b: Whimsicott|0 fnt|[from] brn\n|faint|p2b: Whimsicott\n|upkeep\n|\n|t:|1776223732\n|switch|p1a: Kangaskhan|Kangaskhan, L50, F|100/100\n|switch|p2b: Garchomp|Garchomp, L50, M|100/100\n|turn|2\n|inactive|JasmineThia has 30 seconds left.\n|\n|t:|1776223761\n|detailschange|p1a: Kangaskhan|Kangaskhan-Mega, L50, F\n|-mega|p1a: Kangaskhan|Kangaskhan|Kangaskhanite\n|move|p1a: Kangaskhan|Fake Out|p2b: Garchomp\n|-damage|p2b: Garchomp|79/100\n|-damage|p2b: Garchomp|74/100\n|-hitcount|p2b: Garchomp|2\n|cant|p2b: Garchomp|flinch\n|move|p2a: Charizard|Heat Wave|p1a: Kangaskhan|[spread] p1a\n|-start|p1b: Chandelure|ability: Flash Fire\n|-damage|p1a: Kangaskhan|41/100\n|move|p1b: Chandelure|Shadow Ball|p2a: Charizard\n|-damage|p2a: Charizard|12/100\n|-unboost|p2a: Charizard|spd|1\n|\n|-weather|SunnyDay|[upkeep]\n|upkeep\n|turn|3\n|inactive|bamdoot has 30 seconds left.\n|inactive|bamdoot has 20 seconds left.\n|\n|t:|1776223800\n|move|p1a: Kangaskhan|Sucker Punch|p2a: Charizard\n|-damage|p2a: Charizard|0 fnt\n|faint|p2a: Charizard\n|-hitcount|p2: Charizard|1\n|move|p2b: Garchomp|Earthquake|p1b: Chandelure|[spread] p1a,p1b\n|-supereffective|p1b: Chandelure|1\n|-damage|p1a: Kangaskhan|2/100\n|-damage|p1b: Chandelure|3/100\n|move|p1b: Chandelure|Shadow Ball|p2b: Garchomp\n|-damage|p2b: Garchomp|20/100\n|\n|-weather|SunnyDay|[upkeep]\n|upkeep\n|\n|t:|1776223811\n|switch|p2a: Rotom|Rotom-Wash, L50|100/100\n|turn|4\n|\n|t:|1776223823\n|move|p1b: Chandelure|Protect|p1b: Chandelure\n|-singleturn|p1b: Chandelure|Protect\n|move|p1a: Kangaskhan|Sucker Punch|p2b: Garchomp\n|-damage|p2b: Garchomp|0 fnt\n|faint|p2b: Garchomp\n|-hitcount|p2: Garchomp|1\n|move|p2a: Rotom|Thunderbolt|p1a: Kangaskhan\n|-damage|p1a: Kangaskhan|0 fnt\n|faint|p1a: Kangaskhan\n|\n|-weather|SunnyDay|[upkeep]\n|-sideend|p2: bamdoot|move: Tailwind\n|-sideend|p1: JasmineThia|move: Tailwind\n|upkeep\n|\n|t:|1776223826\n|switch|p1a: Quaquaval|Quaquaval, L50, F|100/100\n|turn|5\n|\n|t:|1776223834\n|move|p1a: Quaquaval|Aqua Step|p2a: Rotom\n|-resisted|p2a: Rotom|1\n|-damage|p2a: Rotom|90/100\n|-boost|p1a: Quaquaval|spe|1\n|move|p1b: Chandelure|Shadow Ball|p2a: Rotom\n|-damage|p2a: Rotom|53/100\n|move|p2a: Rotom|Thunderbolt|p1a: Quaquaval\n|-supereffective|p1a: Quaquaval|1\n|-damage|p1a: Quaquaval|4/100\n|\n|-weather|none\n|upkeep\n|turn|6\n|\n|t:|1776223846\n|move|p1a: Quaquaval|Close Combat|p2a: Rotom\n|-damage|p2a: Rotom|0 fnt\n|-unboost|p1a: Quaquaval|def|1\n|-unboost|p1a: Quaquaval|spd|1\n|faint|p2a: Rotom\n|\n|win|JasmineThia\n|raw|JasmineThia's rating: 1200 &rarr; <strong>1222</strong><br />(+22 for winning)\n|raw|bamdoot's rating: 1164 &rarr; <strong>1142</strong><br />(-22 for losing)\n|l|\u2606bamdoot\n|player|p2|\n",
  "uploadtime": 1776223851,
  "views": 18,
  "formatid": "gen9championsvgc2026regma",
  "rating": 1142,
  "private": 0,
  "password": null
}