{
  "id": "gen9championsvgc2026regma-2586296593",
  "format": "[Gen 9 Champions] VGC 2026 Reg M-A",
  "players": [
    "minosakelu",
    "storm93ita"
  ],
  "log": "|j|\u2606minosakelu\n|j|\u2606storm93ita\n|t:|1776422516\n|gametype|doubles\n|player|p1|minosakelu|265|1000\n|player|p2|storm93ita|volkner|1077\n|gen|9\n|tier|[Gen 9 Champions] VGC 2026 Reg M-A\n|rated|\n|rule|Species Clause: Limit one of each Pok\u00e9mon\n|rule|Item Clause: Limit 1 of each item\n|clearpoke\n|poke|p1|Floette-Eternal, L50, F|\n|poke|p1|Sinistcha, L50|\n|poke|p1|Farigiraf, L50, F|\n|poke|p1|Incineroar, L50, M|\n|poke|p1|Pelipper, L50, F|\n|poke|p1|Archaludon, L50, F|\n|poke|p2|Dragonite, L50, M|\n|poke|p2|Basculegion, L50, M|\n|poke|p2|Archaludon, L50, F|\n|poke|p2|Meganium, L50, M|\n|poke|p2|Sneasler, L50, F|\n|poke|p2|Pelipper, L50, F|\n|teampreview|4\n|inactive|Battle timer is ON: inactive players will automatically lose when time's up. (requested by storm93ita)\n|inactive|minosakelu has 60 seconds left.\n|\n|t:|1776422555\n|teamsize|p1|4\n|teamsize|p2|4\n|start\n|switch|p1a: Archaludon|Archaludon, L50, F|100/100\n|switch|p1b: Floette|Floette-Eternal, L50, F|100/100\n|switch|p2a: Basculegion|Basculegion, L50, M|100/100\n|switch|p2b: Pelipper|Pelipper, L50, F|100/100\n|-weather|RainDance|[from] ability: Drizzle|[of] p2b: Pelipper\n|turn|1\n|inactive|storm93ita has 30 seconds left.\n|inactive|storm93ita has 20 seconds left.\n|\n|t:|1776422595\n|detailschange|p1b: Floette|Floette-Mega, L50, F\n|-mega|p1b: Floette|Floette|Floettite\n|-ability|p1b: Floette|Fairy Aura\n|move|p2a: Basculegion|Wave Crash|p1b: Floette\n|-damage|p1b: Floette|29/100\n|-damage|p2a: Basculegion|79/100|[from] Recoil\n|move|p1b: Floette|Calm Mind|p1b: Floette\n|-boost|p1b: Floette|spa|1\n|-boost|p1b: Floette|spd|1\n|move|p1a: Archaludon|Electro Shot||[still]\n|-prepare|p1a: Archaludon|Electro Shot\n|-boost|p1a: Archaludon|spa|1\n|-anim|p1a: Archaludon|Electro Shot|p2a: Basculegion\n|-supereffective|p2a: Basculegion|1\n|-damage|p2a: Basculegion|0 fnt\n|faint|p2a: Basculegion\n|move|p2b: Pelipper|Tailwind|p2b: Pelipper\n|-sidestart|p2: storm93ita|move: Tailwind\n|\n|-weather|RainDance|[upkeep]\n|upkeep\n|\n|t:|1776422611\n|switch|p2a: Dragonite|Dragonite, L50, M|100/100\n|turn|2\n|\n|t:|1776422625\n|detailschange|p2a: Dragonite|Dragonite-Mega, L50, M\n|-mega|p2a: Dragonite|Dragonite|Dragoninite\n|move|p1b: Floette|Protect|p1b: Floette\n|-singleturn|p1b: Floette|Protect\n|move|p2a: Dragonite|Hurricane|p1a: Archaludon\n|-resisted|p1a: Archaludon|1\n|-damage|p1a: Archaludon|69/100\n|-ability|p1a: Archaludon|Stamina|boost\n|-boost|p1a: Archaludon|def|1\n|move|p2b: Pelipper|Weather Ball|p1b: Floette\n|-activate|p1b: Floette|move: Protect\n|move|p1a: Archaludon|Dragon Pulse|p2a: Dragonite\n|-supereffective|p2a: Dragonite|1\n|-damage|p2a: Dragonite|50/100\n|\n|-weather|RainDance|[upkeep]\n|-heal|p1a: Archaludon|75/100|[from] item: Leftovers\n|upkeep\n|turn|3\n|inactive|minosakelu has 30 seconds left.\n|inactive|minosakelu has 20 seconds left.\n|inactive|minosakelu has 15 seconds left.\n|\n|t:|1776422668\n|move|p2a: Dragonite|Ice Beam|p1a: Archaludon\n|-crit|p1a: Archaludon\n|-damage|p1a: Archaludon|22/100\n|-status|p1a: Archaludon|frz\n|-ability|p1a: Archaludon|Stamina|boost\n|-boost|p1a: Archaludon|def|1\n|move|p2b: Pelipper|Hurricane|p1b: Floette\n|-damage|p1b: Floette|12/100\n|move|p1b: Floette|Giga Drain|p2b: Pelipper\n|-damage|p2b: Pelipper|56/100\n|-heal|p1b: Floette|31/100|[from] drain|[of] p2b: Pelipper\n|cant|p1a: Archaludon|frz\n|\n|-weather|RainDance|[upkeep]\n|-heal|p1a: Archaludon|28/100 frz|[from] item: Leftovers\n|upkeep\n|turn|4\n|inactive|storm93ita has 30 seconds left.\n|\n|t:|1776422693\n|switch|p1a: Sinistcha|Sinistcha, L50|100/100\n|-heal|p1b: Floette|56/100|[from] ability: Hospitality|[of] p1a: Sinistcha\n|move|p2a: Dragonite|Hurricane|p1b: Floette\n|-damage|p1b: Floette|27/100\n|move|p2b: Pelipper|Weather Ball|p1a: Sinistcha\n|-resisted|p1a: Sinistcha|1\n|-damage|p1a: Sinistcha|71/100\n|move|p1b: Floette|Giga Drain|p2b: Pelipper\n|-damage|p2b: Pelipper|15/100\n|-heal|p1b: Floette|44/100|[from] drain|[of] p2b: Pelipper\n|\n|-weather|RainDance|[upkeep]\n|-sideend|p2: storm93ita|move: Tailwind\n|upkeep\n|turn|5\n|inactive|minosakelu has 30 seconds left.\n|\n|t:|1776422718\n|switch|p2b: Archaludon|Archaludon, L50, F|100/100\n|move|p1a: Sinistcha|Rage Powder|p1a: Sinistcha\n|-singleturn|p1a: Sinistcha|move: Rage Powder\n|move|p2a: Dragonite|Ice Beam|p1a: Sinistcha\n|-supereffective|p1a: Sinistcha|1\n|-damage|p1a: Sinistcha|0 fnt\n|faint|p1a: Sinistcha\n|move|p1b: Floette|Draining Kiss|p2a: Dragonite\n|-supereffective|p2a: Dragonite|1\n|-damage|p2a: Dragonite|0 fnt\n|-heal|p1b: Floette|78/100|[from] drain|[of] p2a: Dragonite\n|faint|p2a: Dragonite\n|\n|-weather|none\n|upkeep\n|\n|t:|1776422734\n|switch|p2a: Pelipper|Pelipper, L50, F|15/100\n|switch|p1a: Farigiraf|Farigiraf, L50, F|100/100\n|-weather|RainDance|[from] ability: Drizzle|[of] p2a: Pelipper\n|turn|6\n|\n|t:|1776422744\n|move|p2a: Pelipper|Protect|p2a: Pelipper\n|-singleturn|p2a: Pelipper|Protect\n|move|p2b: Archaludon|Electro Shot||[still]\n|-prepare|p2b: Archaludon|Electro Shot\n|-boost|p2b: Archaludon|spa|1\n|-anim|p2b: Archaludon|Electro Shot|p1b: Floette\n|-damage|p1b: Floette|49/100\n|move|p1b: Floette|Calm Mind|p1b: Floette\n|-boost|p1b: Floette|spa|1\n|-boost|p1b: Floette|spd|1\n|move|p1a: Farigiraf|Hyper Voice|p2b: Archaludon|[spread] p2b\n|-activate|p2a: Pelipper|move: Protect\n|-resisted|p2b: Archaludon|1\n|-damage|p2b: Archaludon|86/100\n|-ability|p2b: Archaludon|Stamina|boost\n|-boost|p2b: Archaludon|def|1\n|\n|-weather|RainDance|[upkeep]\n|-heal|p2b: Archaludon|92/100|[from] item: Leftovers\n|upkeep\n|turn|7\n|\n|t:|1776422764\n|move|p2b: Archaludon|Flash Cannon|p1b: Floette\n|-supereffective|p1b: Floette|1\n|-damage|p1b: Floette|9/100\n|move|p1b: Floette|Calm Mind|p1b: Floette\n|-boost|p1b: Floette|spa|1\n|-boost|p1b: Floette|spd|1\n|move|p2a: Pelipper|Hurricane|p1b: Floette\n|-damage|p1b: Floette|0 fnt\n|faint|p1b: Floette\n|move|p1a: Farigiraf|Hyper Voice|p2a: Pelipper|[spread] p2a,p2b\n|-resisted|p2b: Archaludon|1\n|-damage|p2a: Pelipper|0 fnt\n|-damage|p2b: Archaludon|78/100\n|-ability|p2b: Archaludon|Stamina|boost\n|-boost|p2b: Archaludon|def|1\n|faint|p2a: Pelipper\n|\n|-weather|RainDance|[upkeep]\n|-heal|p2b: Archaludon|84/100|[from] item: Leftovers\n|upkeep\n|\n|t:|1776422773\n|switch|p1b: Archaludon|Archaludon, L50, F|28/100 frz\n|turn|8\n|\n|t:|1776422786\n|move|p2b: Archaludon|Electro Shot||[still]\n|-prepare|p2b: Archaludon|Electro Shot\n|-boost|p2b: Archaludon|spa|1\n|-anim|p2b: Archaludon|Electro Shot|p1b: Archaludon\n|-resisted|p1b: Archaludon|1\n|-crit|p1b: Archaludon\n|-damage|p1b: Archaludon|0 fnt\n|faint|p1b: Archaludon\n|move|p1a: Farigiraf|Twin Beam|p2b: Archaludon\n|-resisted|p2b: Archaludon|1\n|-damage|p2b: Archaludon|75/100\n|-ability|p2b: Archaludon|Stamina|boost\n|-boost|p2b: Archaludon|def|1\n|-resisted|p2b: Archaludon|1\n|-damage|p2b: Archaludon|66/100\n|-ability|p2b: Archaludon|Stamina|boost\n|-boost|p2b: Archaludon|def|1\n|-hitcount|p2b: Archaludon|2\n|\n|-weather|RainDance|[upkeep]\n|-heal|p2b: Archaludon|72/100|[from] item: Leftovers\n|upkeep\n|turn|9\n|-message|minosakelu forfeited.\n|\n|win|storm93ita\n|raw|minosakelu's rating: 1000 &rarr; <strong>1000</strong><br />(+0 for losing)\n|raw|storm93ita's rating: 1077 &rarr; <strong>1099</strong><br />(+22 for winning)\n|l|\u2606minosakelu\n|player|p1|\n",
  "uploadtime": 1776422797,
  "views": 23,
  "formatid": "gen9championsvgc2026regma",
  "rating": 1000,
  "private": 0,
  "password": null
}