{
  "id": "gen9championsvgc2026regma-2587847199",
  "format": "[Gen 9 Champions] VGC 2026 Reg M-A",
  "players": [
    "TheRealWristTwist",
    "Risadinha123"
  ],
  "log": "|j|\u2606TheRealWristTwist\n|j|\u2606Risadinha123\n|t:|1776570165\n|gametype|doubles\n|player|p1|TheRealWristTwist|2|1176\n|player|p2|Risadinha123|ghetsis|1234\n|gen|9\n|tier|[Gen 9 Champions] VGC 2026 Reg M-A\n|rated|\n|rule|Species Clause: Limit one of each Pok\u00e9mon\n|rule|Item Clause: Limit 1 of each item\n|clearpoke\n|poke|p1|Starmie, L50|\n|poke|p1|Pelipper, L50, F|\n|poke|p1|Garchomp, L50, F|\n|poke|p1|Incineroar, L50, F|\n|poke|p1|Reuniclus, L50, M|\n|poke|p1|Hatterene, L50, F|\n|poke|p2|Blastoise, L50, M|\n|poke|p2|Farigiraf, L50, F|\n|poke|p2|Aerodactyl, L50, M|\n|poke|p2|Sinistcha-Masterpiece, L50|\n|poke|p2|Kingambit, L50, M|\n|poke|p2|Sneasler, L50, M|\n|teampreview|4\n|inactive|Battle timer is ON: inactive players will automatically lose when time's up. (requested by Risadinha123)\n|inactive|Risadinha123 has 60 seconds left.\n|\n|t:|1776570201\n|teamsize|p1|4\n|teamsize|p2|4\n|start\n|switch|p1a: Starmie|Starmie, L50|100/100\n|switch|p1b: Garchomp|Garchomp, L50, F|100/100\n|switch|p2a: Farigiraf|Farigiraf, L50, F|100/100\n|switch|p2b: Aerodactyl|Aerodactyl, L50, M|100/100\n|-ability|p2b: Aerodactyl|Unnerve\n|turn|1\n|inactive|TheRealWristTwist has 30 seconds left.\n|\n|t:|1776570233\n|detailschange|p1a: Starmie|Starmie-Mega, L50\n|-mega|p1a: Starmie|Starmie|Starminite\n|move|p2a: Farigiraf|Protect|p2a: Farigiraf\n|-singleturn|p2a: Farigiraf|Protect\n|move|p2b: Aerodactyl|Tailwind|p2b: Aerodactyl\n|-sidestart|p2: Risadinha123|move: Tailwind\n|move|p1b: Garchomp|Swords Dance|p1b: Garchomp\n|-boost|p1b: Garchomp|atk|2\n|move|p1a: Starmie|Skill Swap|p1b: Garchomp\n|-activate|p1a: Starmie|Skill Swap|||[of] p1b: Garchomp\n|\n|upkeep\n|turn|2\n|c|\u2606Risadinha123|wow\n|inactive|TheRealWristTwist has 30 seconds left.\n|\n|t:|1776570266\n|switch|p1a: Pelipper|Pelipper, L50, F|100/100\n|-weather|RainDance|[from] ability: Drizzle|[of] p1a: Pelipper\n|move|p2b: Aerodactyl|Rock Slide|p1b: Garchomp|[spread] p1a,p1b\n|-supereffective|p1a: Pelipper|1\n|-resisted|p1b: Garchomp|1\n|-damage|p1a: Pelipper|49/100\n|-damage|p1b: Garchomp|86/100\n|cant|p1b: Garchomp|flinch\n|move|p2a: Farigiraf|Imprison|p2a: Farigiraf\n|-start|p2a: Farigiraf|move: Imprison\n|\n|-weather|RainDance|[upkeep]\n|upkeep\n|turn|3\n|inactive|TheRealWristTwist has 30 seconds left.\n|inactive|TheRealWristTwist has 20 seconds left.\n|inactive|TheRealWristTwist has 15 seconds left.\n|inactive|TheRealWristTwist has 10 seconds left.\n|\n|t:|1776570314\n|move|p2b: Aerodactyl|Rock Slide|p1a: Pelipper|[spread] p1a,p1b\n|-supereffective|p1a: Pelipper|1\n|-resisted|p1b: Garchomp|1\n|-damage|p1a: Pelipper|0 fnt\n|-damage|p1b: Garchomp|71/100\n|faint|p1a: Pelipper\n|cant|p1b: Garchomp|flinch\n|move|p2a: Farigiraf|Hyper Voice|p1b: Garchomp\n|-damage|p1b: Garchomp|32/100\n|\n|-weather|RainDance|[upkeep]\n|upkeep\n|\n|t:|1776570326\n|switch|p1a: Starmie|Starmie-Mega, L50|100/100\n|turn|4\n|\n|t:|1776570339\n|move|p1a: Starmie|Aqua Jet||[still]\n|cant|p2a: Farigiraf|ability: Armor Tail|Aqua Jet|[of] p1a: Starmie\n|move|p2b: Aerodactyl|Rock Slide|p1a: Starmie|[spread] p1a,p1b\n|-resisted|p1b: Garchomp|1\n|-crit|p1b: Garchomp\n|-damage|p1a: Starmie|74/100\n|-damage|p1b: Garchomp|12/100\n|cant|p1b: Garchomp|flinch\n|move|p2a: Farigiraf|Trick Room|p2a: Farigiraf\n|-fieldstart|move: Trick Room|[of] p2a: Farigiraf\n|\n|-weather|RainDance|[upkeep]\n|-sideend|p2: Risadinha123|move: Tailwind\n|upkeep\n|turn|5\n|c|\u2606Risadinha123|wow\n|c|\u2606TheRealWristTwist|Genuinely what do I do??\n|inactive|TheRealWristTwist has 30 seconds left.\n|c|\u2606Risadinha123|cry about it\n|inactive|TheRealWristTwist has 20 seconds left.\n|c|\u2606Risadinha123|no protect for you\n|inactive|TheRealWristTwist has 15 seconds left.\n|c|\u2606TheRealWristTwist|:(\n|inactive|TheRealWristTwist has 10 seconds left.\n|inactive|TheRealWristTwist has 5 seconds left.\n|\n|t:|1776570394\n|move|p2a: Farigiraf|Hyper Voice|p1b: Garchomp|[spread] p1a,p1b\n|-damage|p1a: Starmie|48/100\n|-damage|p1b: Garchomp|0 fnt\n|faint|p1b: Garchomp\n|move|p1a: Starmie|Skill Swap|p2b: Aerodactyl\n|-activate|p1a: Starmie|Skill Swap|Unnerve|Huge Power|[of] p2b: Aerodactyl\n|-ability|p1a: Starmie|Unnerve\n|move|p2b: Aerodactyl|Dual Wingbeat|p1a: Starmie\n|-damage|p1a: Starmie|8/100\n|-damage|p1a: Starmie|0 fnt\n|faint|p1a: Starmie\n|-hitcount|p1: Starmie|2\n|\n|-weather|RainDance|[upkeep]\n|upkeep\n|-message|TheRealWristTwist forfeited.\n|\n|win|Risadinha123\n|raw|TheRealWristTwist's rating: 1176 &rarr; <strong>1155</strong><br />(-21 for losing)\n|raw|Risadinha123's rating: 1234 &rarr; <strong>1255</strong><br />(+21 for winning)\n",
  "uploadtime": 1776570423,
  "views": 22,
  "formatid": "gen9championsvgc2026regma",
  "rating": 1155,
  "private": 0,
  "password": null
}