{
  "id": "gen9championsvgc2026regma-2586471995",
  "format": "[Gen 9 Champions] VGC 2026 Reg M-A",
  "players": [
    "foureand",
    "Dinz77"
  ],
  "log": "|j|\u2606foureand\n|j|\u2606Dinz77\n|t:|1776437018\n|gametype|doubles\n|player|p1|foureand|scientist|1088\n|player|p2|Dinz77|2|1103\n|gen|9\n|tier|[Gen 9 Champions] VGC 2026 Reg M-A\n|rated|\n|rule|Species Clause: Limit one of each Pok\u00e9mon\n|rule|Item Clause: Limit 1 of each item\n|clearpoke\n|poke|p1|Garchomp, L50, M|\n|poke|p1|Corviknight, L50, M|\n|poke|p1|Whimsicott, L50, M|\n|poke|p1|Froslass, L50, F|\n|poke|p1|Volcarona, L50, M|\n|poke|p1|Dragonite, L50, F|\n|poke|p2|Heracross, L50, M|\n|poke|p2|Whimsicott, L50, M|\n|poke|p2|Politoed, L50, F|\n|poke|p2|Basculegion, L50, M|\n|poke|p2|Incineroar, L50, M|\n|poke|p2|Archaludon, L50, F|\n|teampreview|4\n|inactive|Battle timer is ON: inactive players will automatically lose when time's up. (requested by foureand)\nDinz77 has agreed to open team sheets.\n|inactive|foureand has 60 seconds left.\n|inactive|Dinz77 has 60 seconds left.\n|inactive|Dinz77 has 30 seconds left.\n|inactive|Dinz77 has 20 seconds left.\n|\n|t:|1776437093\n|teamsize|p1|4\n|teamsize|p2|4\n|start\n|switch|p1a: Whimsicott|Whimsicott, L50, M|100/100\n|switch|p1b: Froslass|Froslass, L50, F|100/100\n|switch|p2a: Whimsicott|Whimsicott, L50, M|100/100\n|switch|p2b: Basculegion|Basculegion, L50, M|100/100\n|turn|1\n|inactive|foureand has 30 seconds left.\n|inactive|Dinz77 has 30 seconds left.\n|inactive|foureand has 20 seconds left.\n|inactive|Dinz77 has 20 seconds left.\n|\n|t:|1776437133\n|move|p1b: Froslass|Protect|p1b: Froslass\n|-singleturn|p1b: Froslass|Protect\n|move|p1a: Whimsicott|Tailwind|p1a: Whimsicott\n|-sidestart|p1: foureand|move: Tailwind\n|move|p2a: Whimsicott|Tailwind|p2a: Whimsicott\n|-sidestart|p2: Dinz77|move: Tailwind\n|move|p2b: Basculegion|Flip Turn|p1a: Whimsicott\n|-resisted|p1a: Whimsicott|1\n|-damage|p1a: Whimsicott|74/100\n|\n|t:|1776437146\n|switch|p2b: Archaludon|Archaludon, L50, F|100/100|[from] Flip Turn\n|\n|upkeep\n|turn|2\n|\n|t:|1776437164\n|detailschange|p1b: Froslass|Froslass-Mega, L50, F\n|-mega|p1b: Froslass|Froslass|Froslassite\n|-weather|Snowscape|[from] ability: Snow Warning|[of] p1b: Froslass\n|move|p1a: Whimsicott|Fake Tears|p2b: Archaludon\n|-unboost|p2b: Archaludon|spd|2\n|move|p1b: Froslass|Blizzard|p2a: Whimsicott|[spread] p2a,p2b\n|-supereffective|p2a: Whimsicott|1\n|-enditem|p2a: Whimsicott|Focus Sash\n|-damage|p2a: Whimsicott|1/100\n|-damage|p2b: Archaludon|0 fnt\n|faint|p2b: Archaludon\n|move|p2a: Whimsicott|Moonblast|p1b: Froslass\n|-damage|p1b: Froslass|60/100\n|\n|-weather|Snowscape|[upkeep]\n|upkeep\n|inactive|Dinz77 has 30 seconds left.\n|\n|t:|1776437196\n|switch|p2b: Basculegion|Basculegion, L50, M|100/100\n|turn|3\n|\n|t:|1776437214\n|move|p1b: Froslass|Protect|p1b: Froslass\n|-singleturn|p1b: Froslass|Protect\n|move|p2a: Whimsicott|Taunt|p1a: Whimsicott\n|-start|p1a: Whimsicott|move: Taunt\n|move|p2b: Basculegion|Wave Crash|p1b: Froslass\n|-activate|p1b: Froslass|move: Protect\n|move|p1a: Whimsicott|Moonblast|p2a: Whimsicott\n|-crit|p2a: Whimsicott\n|-damage|p2a: Whimsicott|0 fnt\n|faint|p2a: Whimsicott\n|\n|-weather|Snowscape|[upkeep]\n|upkeep\n|\n|t:|1776437217\n|switch|p2a: Heracross|Heracross, L50, M|100/100\n|turn|4\n|inactive|Dinz77 has 30 seconds left.\n|inactive|Dinz77 has 20 seconds left.\n|inactive|Dinz77 has 15 seconds left.\n|inactive|Dinz77 has 10 seconds left.\n|\n|t:|1776437267\n|detailschange|p2a: Heracross|Heracross-Mega, L50, M\n|-mega|p2a: Heracross|Heracross|Heracronite\n|move|p2b: Basculegion|Wave Crash|p1b: Froslass\n|-damage|p1b: Froslass|0 fnt\n|faint|p1b: Froslass\n|-damage|p2b: Basculegion|86/100|[from] Recoil\n|move|p1a: Whimsicott|Moonblast|p2a: Heracross\n|-supereffective|p2a: Heracross|1\n|-damage|p2a: Heracross|22/100\n|move|p2a: Heracross|Pin Missile|p1a: Whimsicott|[miss]\n|-miss|p2a: Heracross|p1a: Whimsicott\n|\n|-weather|Snowscape|[upkeep]\n|-sideend|p2: Dinz77|move: Tailwind\n|-sideend|p1: foureand|move: Tailwind\n|upkeep\n|\n|t:|1776437287\n|switch|p1b: Corviknight|Corviknight, L50, M|100/100\n|turn|5\n|c|\u2606Dinz77|that's just rude\n|\n|t:|1776437307\n|move|p2a: Heracross|Detect|p2a: Heracross\n|-singleturn|p2a: Heracross|Protect\n|move|p2b: Basculegion|Wave Crash|p1b: Corviknight\n|-damage|p1b: Corviknight|50/100\n|-damage|p2b: Basculegion|68/100|[from] Recoil\n|move|p1a: Whimsicott|Moonblast|p2a: Heracross\n|-activate|p2a: Heracross|move: Protect\n|move|p1b: Corviknight|Iron Defense|p1b: Corviknight\n|-boost|p1b: Corviknight|def|2\n|\n|-weather|Snowscape|[upkeep]\n|-heal|p1b: Corviknight|56/100|[from] item: Leftovers\n|-end|p1a: Whimsicott|move: Taunt\n|upkeep\n|turn|6\n|inactive|Dinz77 has 30 seconds left.\n|\n|t:|1776437336\n|move|p2b: Basculegion|Wave Crash|p1b: Corviknight\n|-damage|p1b: Corviknight|29/100\n|-damage|p2b: Basculegion|59/100|[from] Recoil\n|move|p1a: Whimsicott|Moonblast|p2a: Heracross\n|-supereffective|p2a: Heracross|1\n|-damage|p2a: Heracross|0 fnt\n|faint|p2a: Heracross\n|move|p1b: Corviknight|Roost|p1b: Corviknight\n|-heal|p1b: Corviknight|80/100\n|-singleturn|p1b: Corviknight|move: Roost\n|\n|-weather|none\n|-heal|p1b: Corviknight|85/100|[from] item: Leftovers\n|upkeep\n|turn|7\n|inactive|foureand has 30 seconds left.\n|\n|t:|1776437362\n|move|p1a: Whimsicott|Tailwind|p1a: Whimsicott\n|-sidestart|p1: foureand|move: Tailwind\n|move|p2b: Basculegion|Wave Crash|p1a: Whimsicott\n|-resisted|p1a: Whimsicott|1\n|-damage|p1a: Whimsicott|13/100\n|-damage|p2b: Basculegion|45/100|[from] Recoil\n|move|p1b: Corviknight|Iron Head|p2b: Basculegion\n|-resisted|p2b: Basculegion|1\n|-damage|p2b: Basculegion|30/100\n|\n|-heal|p1b: Corviknight|91/100|[from] item: Leftovers\n|upkeep\n|turn|8\n|\n|t:|1776437376\n|move|p1a: Whimsicott|Moonblast|p2b: Basculegion\n|-damage|p2b: Basculegion|0 fnt\n|faint|p2b: Basculegion\n|\n|win|foureand\n|raw|foureand's rating: 1088 &rarr; <strong>1116</strong><br />(+28 for winning)\n|raw|Dinz77's rating: 1103 &rarr; <strong>1077</strong><br />(-26 for losing)\n|c|\u2606Dinz77|gg\n",
  "uploadtime": 1776437382,
  "views": 42,
  "formatid": "gen9championsvgc2026regma",
  "rating": 1077,
  "private": 0,
  "password": null
}