{
  "id": "gen9championsvgc2026regma-2587720518",
  "format": "[Gen 9 Champions] VGC 2026 Reg M-A",
  "players": [
    "queenelan",
    "Jrmoore896"
  ],
  "log": "|j|\u2606queenelan\n|j|\u2606Jrmoore896\n|t:|1776557240\n|gametype|doubles\n|player|p1|queenelan|170|1089\n|player|p2|Jrmoore896|red|1139\n|gen|9\n|tier|[Gen 9 Champions] VGC 2026 Reg M-A\n|rated|\n|rule|Species Clause: Limit one of each Pok\u00e9mon\n|rule|Item Clause: Limit 1 of each item\n|clearpoke\n|poke|p1|Gengar, L50, M|\n|poke|p1|Sableye, L50, M|\n|poke|p1|Sinistcha-Masterpiece, L50|\n|poke|p1|Aegislash, L50, M|\n|poke|p1|Basculegion-F, L50, F|\n|poke|p1|Golurk, L50|\n|poke|p2|Charizard, L50, M, shiny|\n|poke|p2|Whimsicott, L50, M|\n|poke|p2|Garchomp, L50, M|\n|poke|p2|Milotic, L50, M|\n|poke|p2|Venusaur, L50, F|\n|poke|p2|Kingambit, L50, M|\n|teampreview|4\n|inactive|Battle timer is ON: inactive players will automatically lose when time's up. (requested by Jrmoore896)\n|inactive|queenelan has 60 seconds left.\n|inactive|Jrmoore896 has 60 seconds left.\n|inactive|queenelan has 30 seconds left.\n|\n|t:|1776557305\n|teamsize|p1|4\n|teamsize|p2|4\n|start\n|switch|p1a: Sableye|Sableye, L50, M|100/100\n|switch|p1b: Sinistcha|Sinistcha-Masterpiece, L50|100/100\n|switch|p2a: Charizard|Charizard, L50, M, shiny|100/100\n|switch|p2b: Whimsicott|Whimsicott, L50, M|100/100\n|turn|1\n|inactive|Jrmoore896 has 30 seconds left.\n|\n|t:|1776557332\n|detailschange|p2a: Charizard|Charizard-Mega-Y, L50, M, shiny\n|-mega|p2a: Charizard|Charizard|Charizardite Y\n|-weather|SunnyDay|[from] ability: Drought|[of] p2a: Charizard\n|move|p1a: Sableye|Fake Out|p2a: Charizard\n|-damage|p2a: Charizard|89/100\n|move|p2b: Whimsicott|Tailwind|p2b: Whimsicott\n|-sidestart|p2: Jrmoore896|move: Tailwind\n|cant|p2a: Charizard|flinch\n|move|p1b: Sinistcha|Trick Room|p1b: Sinistcha\n|-fieldstart|move: Trick Room|[of] p1b: Sinistcha\n|\n|-weather|SunnyDay|[upkeep]\n|upkeep\n|turn|2\n|inactive|queenelan has 30 seconds left.\n|\n|t:|1776557364\n|switch|p1b: Golurk|Golurk, L50|100/100\n|move|p1a: Sableye|Rain Dance|p1a: Sableye\n|-weather|RainDance\n|move|p2b: Whimsicott|Encore||[still]\n|-fail|p2b: Whimsicott\n|move|p2a: Charizard|Heat Wave|p1b: Golurk|[spread] p1a,p1b\n|-damage|p1a: Sableye|71/100\n|-damage|p1b: Golurk|75/100\n|\n|-weather|RainDance|[upkeep]\n|upkeep\n|turn|3\n|inactive|queenelan has 30 seconds left.\n|\n|t:|1776557393\n|switch|p2a: Kingambit|Kingambit, L50, M|100/100\n|detailschange|p1b: Golurk|Golurk-Mega, L50\n|-mega|p1b: Golurk|Golurk|Golurkite\n|move|p2b: Whimsicott|Sunny Day|p2b: Whimsicott\n|-weather|SunnyDay\n|move|p1a: Sableye|Foul Play|p2a: Kingambit\n|-resisted|p2a: Kingambit|1\n|-damage|p2a: Kingambit|79/100\n|move|p1b: Golurk|Poltergeist|p2b: Whimsicott\n|-activate|p2b: Whimsicott|move: Poltergeist|Sitrus Berry\n|-damage|p2b: Whimsicott|25/100\n|-enditem|p2b: Whimsicott|Sitrus Berry|[eat]\n|-heal|p2b: Whimsicott|50/100|[from] item: Sitrus Berry\n|\n|-weather|SunnyDay|[upkeep]\n|upkeep\n|turn|4\n|inactive|queenelan has 30 seconds left.\n|inactive|Jrmoore896 has 30 seconds left.\n|inactive|queenelan has 20 seconds left.\n|inactive|Jrmoore896 has 20 seconds left.\n|inactive|Jrmoore896 has 15 seconds left.\n|\n|t:|1776557435\n|switch|p1a: Sinistcha|Sinistcha-Masterpiece, L50|100/100\n|-heal|p1b: Golurk|100/100|[from] ability: Hospitality|[of] p1a: Sinistcha\n|move|p2b: Whimsicott|Encore|p1b: Golurk\n|-start|p1b: Golurk|Encore\n|move|p1b: Golurk|Poltergeist|p2a: Kingambit\n|-activate|p2a: Kingambit|move: Poltergeist|Black Glasses\n|-resisted|p2a: Kingambit|1\n|-damage|p2a: Kingambit|55/100\n|move|p2a: Kingambit|Kowtow Cleave|p1b: Golurk\n|-supereffective|p1b: Golurk|1\n|-damage|p1b: Golurk|0 fnt\n|faint|p1b: Golurk\n|\n|-weather|SunnyDay|[upkeep]\n|-sideend|p2: Jrmoore896|move: Tailwind\n|upkeep\n|inactive|queenelan has 30 seconds left.\n|\n|t:|1776557461\n|switch|p1b: Sableye|Sableye, L50, M|71/100\n|turn|5\n|\n|t:|1776557484\n|move|p2a: Kingambit|Protect|p2a: Kingambit\n|-singleturn|p2a: Kingambit|Protect\n|move|p1b: Sableye|Fake Out|p2a: Kingambit\n|-activate|p2a: Kingambit|move: Protect\n|move|p1a: Sinistcha|Matcha Gotcha|p2a: Kingambit|[spread] p2b\n|-activate|p2a: Kingambit|move: Protect\n|-resisted|p2b: Whimsicott|1\n|-damage|p2b: Whimsicott|33/100\n|move|p2b: Whimsicott|Moonblast|p1b: Sableye\n|-supereffective|p1b: Sableye|1\n|-damage|p1b: Sableye|0 fnt\n|faint|p1b: Sableye\n|\n|-weather|SunnyDay|[upkeep]\n|-fieldend|move: Trick Room\n|upkeep\n|\n|t:|1776557496\n|switch|p1b: Basculegion|Basculegion-F, L50, F|100/100\n|turn|6\n|\n|t:|1776557514\n|move|p1a: Sinistcha|Rage Powder|p1a: Sinistcha\n|-singleturn|p1a: Sinistcha|move: Rage Powder\n|move|p2b: Whimsicott|Tailwind|p2b: Whimsicott\n|-sidestart|p2: Jrmoore896|move: Tailwind\n|move|p2a: Kingambit|Sucker Punch||[still]\n|-fail|p2a: Kingambit\n|move|p1b: Basculegion|Muddy Water|p2a: Kingambit|[spread] p2a,p2b\n|-resisted|p2b: Whimsicott|1\n|-damage|p2a: Kingambit|40/100\n|-damage|p2b: Whimsicott|23/100\n|\n|-weather|SunnyDay|[upkeep]\n|upkeep\n|turn|7\n|l|\u2606queenelan\n|inactive|queenelan disconnected and has a minute to reconnect!\n|player|p1|\n|inactive|queenelan has 30 seconds left.\n|inactive|queenelan has 20 seconds left.\n|inactive|queenelan has 15 seconds left.\n|inactive|queenelan has 10 seconds left.\n|inactive|queenelan has 5 seconds left.\n|-message|queenelan lost due to inactivity.\n|\n|win|Jrmoore896\n|raw|queenelan's rating: 1089 &rarr; <strong>1069</strong><br />(-20 for losing)\n|raw|Jrmoore896's rating: 1139 &rarr; <strong>1160</strong><br />(+21 for winning)\n",
  "uploadtime": 1776557582,
  "views": 18,
  "formatid": "gen9championsvgc2026regma",
  "rating": 1069,
  "private": 0,
  "password": null
}