{
  "id": "gen9championsvgc2026regma-2587912775",
  "format": "[Gen 9 Champions] VGC 2026 Reg M-A",
  "players": [
    "adagious",
    "TheGamingMammoth"
  ],
  "log": "|j|\u2606adagious\n|j|\u2606TheGamingMammoth\n|t:|1776578149\n|gametype|doubles\n|player|p1|adagious|ghetsis|1172\n|player|p2|TheGamingMammoth|1|1188\n|gen|9\n|tier|[Gen 9 Champions] VGC 2026 Reg M-A\n|rated|\n|rule|Species Clause: Limit one of each Pok\u00e9mon\n|rule|Item Clause: Limit 1 of each item\n|clearpoke\n|poke|p1|Milotic, L50, F|\n|poke|p1|Rotom-Heat, L50|\n|poke|p1|Sinistcha, L50|\n|poke|p1|Aerodactyl, L50, M|\n|poke|p1|Aegislash, L50, F|\n|poke|p1|Lopunny, L50, F|\n|poke|p2|Politoed, L50, M|\n|poke|p2|Venusaur, L50, M|\n|poke|p2|Charizard, L50, M, shiny|\n|poke|p2|Clefable, L50, M|\n|poke|p2|Scizor, L50, M|\n|poke|p2|Sableye, L50, M|\n|teampreview|4\n|inactive|Battle timer is ON: inactive players will automatically lose when time's up. (requested by adagious)\n|\n|t:|1776578189\n|teamsize|p1|4\n|teamsize|p2|4\n|start\n|switch|p1a: Rotom|Rotom-Heat, L50|100/100\n|switch|p1b: Aerodactyl|Aerodactyl, L50, M|100/100\n|switch|p2a: Politoed|Politoed, L50, M|100/100\n|switch|p2b: Scizor|Scizor, L50, M|100/100\n|-weather|RainDance|[from] ability: Drizzle|[of] p2a: Politoed\n|turn|1\n|inactive|TheGamingMammoth has 30 seconds left.\n|\n|t:|1776578217\n|switch|p1b: Milotic|Milotic, L50, F|100/100\n|move|p2b: Scizor|Bullet Punch|p1b: Milotic\n|-resisted|p1b: Milotic|1\n|-damage|p1b: Milotic|79/100\n|move|p2a: Politoed|Muddy Water|p1a: Rotom|[spread] p1a\n|-miss|p2a: Politoed|p1b: Milotic\n|-supereffective|p1a: Rotom|1\n|-damage|p1a: Rotom|0 fnt\n|faint|p1a: Rotom\n|\n|-weather|RainDance|[upkeep]\n|-heal|p1b: Milotic|85/100|[from] item: Leftovers\n|upkeep\n|\n|t:|1776578229\n|switch|p1a: Sinistcha|Sinistcha, L50|100/100\n|-heal|p1b: Milotic|100/100|[from] ability: Hospitality|[of] p1a: Sinistcha\n|turn|2\n|\n|t:|1776578238\n|switch|p2a: Clefable|Clefable, L50, M|100/100\n|move|p1b: Milotic|Scald|p2b: Scizor\n|-damage|p2b: Scizor|42/100\n|move|p1a: Sinistcha|Matcha Gotcha|p2b: Scizor|[spread] p2a,p2b\n|-resisted|p2b: Scizor|2\n|-damage|p2a: Clefable|71/100\n|-damage|p2b: Scizor|32/100\n|-status|p2b: Scizor|brn\n|move|p2b: Scizor|Swords Dance|p2b: Scizor\n|-boost|p2b: Scizor|atk|2\n|\n|-weather|RainDance|[upkeep]\n|-damage|p2b: Scizor|26/100 brn|[from] brn\n|upkeep\n|turn|3\n|\n|t:|1776578260\n|move|p2a: Clefable|Follow Me|p2a: Clefable\n|-singleturn|p2a: Clefable|move: Follow Me\n|move|p1b: Milotic|Scald|p2a: Clefable\n|-damage|p2a: Clefable|27/100\n|-status|p2a: Clefable|brn\n|-enditem|p2a: Clefable|Sitrus Berry|[eat]\n|-heal|p2a: Clefable|52/100 brn|[from] item: Sitrus Berry\n|move|p1a: Sinistcha|Shadow Ball|p2a: Clefable\n|-damage|p2a: Clefable|19/100 brn\n|move|p2b: Scizor|Bug Bite|p1a: Sinistcha\n|-damage|p1a: Sinistcha|50/100\n|-enditem|p1a: Sinistcha|Sitrus Berry|[from] stealeat|[move] Bug Bite|[of] p2b: Scizor\n|-heal|p2b: Scizor|51/100 brn|[from] item: Sitrus Berry\n|\n|-weather|RainDance|[upkeep]\n|-damage|p2b: Scizor|45/100 brn|[from] brn\n|-damage|p2a: Clefable|13/100 brn|[from] brn\n|upkeep\n|turn|4\n|inactive|TheGamingMammoth has 30 seconds left.\n|\n|t:|1776578290\n|move|p2a: Clefable|Helping Hand|p2b: Scizor\n|-singleturn|p2b: Scizor|Helping Hand|[of] p2a: Clefable\n|move|p2b: Scizor|Bullet Punch|p1a: Sinistcha\n|-damage|p1a: Sinistcha|0 fnt\n|faint|p1a: Sinistcha\n|move|p1b: Milotic|Scald|p2b: Scizor\n|-damage|p2b: Scizor|0 fnt\n|faint|p2b: Scizor\n|\n|-weather|RainDance|[upkeep]\n|-damage|p2a: Clefable|7/100 brn|[from] brn\n|upkeep\n|\n|t:|1776578304\n|switch|p1a: Aerodactyl|Aerodactyl, L50, M|100/100\n|switch|p2b: Politoed|Politoed, L50, M|100/100\n|turn|5\n|inactive|TheGamingMammoth has 30 seconds left.\n|\n|t:|1776578329\n|detailschange|p1a: Aerodactyl|Aerodactyl-Mega, L50, M\n|-mega|p1a: Aerodactyl|Aerodactyl|Aerodactylite\n|move|p1a: Aerodactyl|Rock Slide|p2a: Clefable|[spread] p2a,p2b\n|-damage|p2a: Clefable|0 fnt\n|-damage|p2b: Politoed|59/100\n|faint|p2a: Clefable\n|move|p2b: Politoed|Muddy Water|p1b: Milotic|[spread] p1a,p1b\n|-supereffective|p1a: Aerodactyl|1\n|-resisted|p1b: Milotic|1\n|-damage|p1a: Aerodactyl|4/100\n|-damage|p1b: Milotic|84/100\n|-unboost|p1a: Aerodactyl|accuracy|1\n|move|p1b: Milotic|Scald|p2b: Politoed\n|-resisted|p2b: Politoed|1\n|-damage|p2b: Politoed|30/100\n|\n|-weather|none\n|-heal|p1b: Milotic|90/100|[from] item: Leftovers\n|upkeep\n|\n|t:|1776578345\n|switch|p2a: Charizard|Charizard, L50, M, shiny|100/100\n|turn|6\n|\n|t:|1776578365\n|detailschange|p2a: Charizard|Charizard-Mega-Y, L50, M, shiny\n|-mega|p2a: Charizard|Charizard|Charizardite Y\n|-weather|SunnyDay|[from] ability: Drought|[of] p2a: Charizard\n|move|p1a: Aerodactyl|Rock Slide|p2b: Politoed|[spread] p2b\n|-miss|p1a: Aerodactyl|p2a: Charizard\n|-damage|p2b: Politoed|0 fnt\n|faint|p2b: Politoed\n|move|p2a: Charizard|Heat Wave|p1a: Aerodactyl|[spread] p1a,p1b\n|-resisted|p1a: Aerodactyl|1\n|-resisted|p1b: Milotic|1\n|-damage|p1a: Aerodactyl|0 fnt\n|-damage|p1b: Milotic|68/100\n|faint|p1a: Aerodactyl\n|move|p1b: Milotic|Scald|p2a: Charizard\n|-supereffective|p2a: Charizard|1\n|-damage|p2a: Charizard|74/100\n|\n|-weather|SunnyDay|[upkeep]\n|-heal|p1b: Milotic|74/100|[from] item: Leftovers\n|upkeep\n|turn|7\n|\n|t:|1776578384\n|move|p2a: Charizard|Weather Ball|p1b: Milotic\n|-resisted|p1b: Milotic|1\n|-damage|p1b: Milotic|44/100\n|move|p1b: Milotic|Scald|p2a: Charizard\n|-supereffective|p2a: Charizard|1\n|-damage|p2a: Charizard|47/100\n|\n|-weather|SunnyDay|[upkeep]\n|-heal|p1b: Milotic|50/100|[from] item: Leftovers\n|upkeep\n|turn|8\n|\n|t:|1776578394\n|move|p2a: Charizard|Weather Ball|p1b: Milotic\n|-resisted|p1b: Milotic|1\n|-damage|p1b: Milotic|17/100\n|move|p1b: Milotic|Scald|p2a: Charizard\n|-supereffective|p2a: Charizard|1\n|-damage|p2a: Charizard|16/100\n|\n|-weather|SunnyDay|[upkeep]\n|-heal|p1b: Milotic|23/100|[from] item: Leftovers\n|upkeep\n|turn|9\n|\n|t:|1776578406\n|move|p2a: Charizard|Weather Ball|p1b: Milotic\n|-resisted|p1b: Milotic|1\n|-damage|p1b: Milotic|0 fnt\n|faint|p1b: Milotic\n|\n|win|TheGamingMammoth\n|raw|adagious's rating: 1172 &rarr; <strong>1148</strong><br />(-24 for losing)\n|raw|TheGamingMammoth's rating: 1188 &rarr; <strong>1212</strong><br />(+24 for winning)\n",
  "uploadtime": 1776578406,
  "views": 9,
  "formatid": "gen9championsvgc2026regma",
  "rating": 1148,
  "private": 0,
  "password": null
}