{
  "id": "gen9championsvgc2026regma-2582017081",
  "format": "[Gen 9 Champions] VGC 2026 Reg M-A",
  "players": [
    "clownedtocrowned",
    "Azmatic1"
  ],
  "log": "|j|\u2606clownedtocrowned\n|j|\u2606Azmatic1\n|t:|1776048701\n|gametype|doubles\n|player|p1|clownedtocrowned|grimsley-gen7|1234\n|player|p2|Azmatic1|2|1182\n|gen|9\n|tier|[Gen 9 Champions] VGC 2026 Reg M-A\n|rated|\n|rule|Species Clause: Limit one of each Pok\u00e9mon\n|rule|Item Clause: Limit 1 of each item\n|clearpoke\n|poke|p1|Floette-Eternal, L50, F|\n|poke|p1|Maushold, L50|\n|poke|p1|Garchomp, L50, M|\n|poke|p1|Talonflame, L50, F|\n|poke|p1|Rotom-Wash, L50|\n|poke|p1|Aegislash, L50, M|\n|poke|p2|Glimmora, L50, M|\n|poke|p2|Tinkaton, L50, F|\n|poke|p2|Kommo-o, L50, M|\n|poke|p2|Corviknight, L50, M|\n|poke|p2|Tyranitar, L50, F|\n|poke|p2|Mamoswine, L50, F|\n|teampreview|4\n|\n|t:|1776048752\n|teamsize|p1|4\n|teamsize|p2|4\n|start\n|switch|p1a: Garchomp|Garchomp, L50, M|100/100\n|switch|p1b: Rotom|Rotom-Wash, L50|100/100\n|switch|p2a: Corviknight|Corviknight, L50, M|100/100\n|switch|p2b: Mamoswine|Mamoswine, L50, F|100/100\n|turn|1\n|\n|t:|1776048763\n|move|p1a: Garchomp|Protect|p1a: Garchomp\n|-singleturn|p1a: Garchomp|Protect\n|move|p2b: Mamoswine|Protect|p2b: Mamoswine\n|-singleturn|p2b: Mamoswine|Protect\n|move|p2a: Corviknight|Tailwind|p2a: Corviknight\n|-sidestart|p2: Azmatic1|move: Tailwind\n|move|p1b: Rotom|Hydro Pump|p2b: Mamoswine\n|-activate|p2b: Mamoswine|move: Protect\n|\n|upkeep\n|turn|2\n|\n|t:|1776048788\n|switch|p1a: Talonflame|Talonflame, L50, F|100/100\n|move|p2b: Mamoswine|Icicle Crash|p1a: Talonflame|[miss]\n|-miss|p2b: Mamoswine|p1a: Talonflame\n|move|p2a: Corviknight|Brave Bird|p1a: Talonflame\n|-damage|p1a: Talonflame|42/100\n|-damage|p2a: Corviknight|86/100|[from] Recoil\n|move|p1b: Rotom|Hydro Pump|p2b: Mamoswine\n|-supereffective|p2b: Mamoswine|1\n|-enditem|p2b: Mamoswine|Focus Sash\n|-damage|p2b: Mamoswine|1/100\n|\n|upkeep\n|turn|3\n|\n|t:|1776048815\n|switch|p2b: Tyranitar|Tyranitar, L50, F|100/100\n|-weather|Sandstorm|[from] ability: Sand Stream|[of] p2b: Tyranitar\n|move|p1a: Talonflame|Protect|p1a: Talonflame\n|-singleturn|p1a: Talonflame|Protect\n|move|p2a: Corviknight|Brave Bird|p1a: Talonflame\n|-activate|p1a: Talonflame|move: Protect\n|move|p1b: Rotom|Volt Switch|p2a: Corviknight\n|-supereffective|p2a: Corviknight|1\n|-damage|p2a: Corviknight|24/100\n|-enditem|p2a: Corviknight|Sitrus Berry|[eat]\n|-heal|p2a: Corviknight|49/100|[from] item: Sitrus Berry\n|\n|t:|1776048828\n|switch|p1b: Garchomp|Garchomp, L50, M|100/100|[from] Volt Switch\n|\n|-weather|Sandstorm|[upkeep]\n|-damage|p1a: Talonflame|36/100|[from] Sandstorm\n|upkeep\n|turn|4\n|\n|t:|1776048851\n|switch|p1a: Rotom|Rotom-Wash, L50|100/100\n|move|p1b: Garchomp|Protect|p1b: Garchomp\n|-singleturn|p1b: Garchomp|Protect\n|move|p2a: Corviknight|Brave Bird|p1a: Rotom\n|-resisted|p1a: Rotom|1\n|-damage|p1a: Rotom|76/100\n|-damage|p2a: Corviknight|43/100|[from] Recoil\n|move|p2b: Tyranitar|Dragon Dance|p2b: Tyranitar\n|-boost|p2b: Tyranitar|atk|1\n|-boost|p2b: Tyranitar|spe|1\n|\n|-weather|Sandstorm|[upkeep]\n|-damage|p1a: Rotom|71/100|[from] Sandstorm\n|-sideend|p2: Azmatic1|move: Tailwind\n|upkeep\n|turn|5\n|\n|t:|1776048871\n|detailschange|p2b: Tyranitar|Tyranitar-Mega, L50, F\n|-mega|p2b: Tyranitar|Tyranitar|Tyranitarite\n|move|p2b: Tyranitar|Crunch|p1a: Rotom\n|-damage|p1a: Rotom|0 fnt\n|faint|p1a: Rotom\n|move|p1b: Garchomp|Stomping Tantrum|p2b: Tyranitar\n|-supereffective|p2b: Tyranitar|1\n|-damage|p2b: Tyranitar|44/100\n|move|p2a: Corviknight|Roost|p2a: Corviknight\n|-heal|p2a: Corviknight|93/100\n|-singleturn|p2a: Corviknight|move: Roost\n|\n|-weather|Sandstorm|[upkeep]\n|upkeep\n|\n|t:|1776048880\n|switch|p1a: Talonflame|Talonflame, L50, F|36/100\n|turn|6\n|\n|t:|1776048888\n|move|p2b: Tyranitar|Protect|p2b: Tyranitar\n|-singleturn|p2b: Tyranitar|Protect\n|move|p1a: Talonflame|Tailwind|p1a: Talonflame\n|-sidestart|p1: clownedtocrowned|move: Tailwind\n|move|p1b: Garchomp|Stomping Tantrum|p2b: Tyranitar\n|-activate|p2b: Tyranitar|move: Protect\n|move|p2a: Corviknight|Tailwind|p2a: Corviknight\n|-sidestart|p2: Azmatic1|move: Tailwind\n|\n|-weather|Sandstorm|[upkeep]\n|-damage|p1a: Talonflame|30/100|[from] Sandstorm\n|upkeep\n|turn|7\n|\n|t:|1776048900\n|move|p1a: Talonflame|Flare Blitz|p2a: Corviknight\n|-supereffective|p2a: Corviknight|1\n|-damage|p2a: Corviknight|21/100\n|-damage|p1a: Talonflame|0 fnt|[from] Recoil\n|faint|p1a: Talonflame\n|move|p2b: Tyranitar|Rock Slide|p1b: Garchomp\n|-resisted|p1b: Garchomp|1\n|-damage|p1b: Garchomp|66/100\n|cant|p1b: Garchomp|flinch\n|move|p2a: Corviknight|Brave Bird|p1b: Garchomp\n|-damage|p1b: Garchomp|25/100\n|-damage|p2a: Corviknight|9/100|[from] ability: Rough Skin|[of] p1b: Garchomp\n|-damage|p2a: Corviknight|0 fnt|[from] Recoil\n|faint|p2a: Corviknight\n|\n|-weather|none\n|upkeep\n|\n|t:|1776048916\n|switch|p1a: Floette|Floette-Eternal, L50, F|100/100\n|switch|p2a: Mamoswine|Mamoswine, L50, F|1/100\n|turn|8\n|\n|t:|1776048930\n|detailschange|p1a: Floette|Floette-Mega, L50, F\n|-mega|p1a: Floette|Floette|Floettite\n|-ability|p1a: Floette|Fairy Aura\n|move|p2b: Tyranitar|Protect|p2b: Tyranitar\n|-singleturn|p2b: Tyranitar|Protect\n|move|p1b: Garchomp|Protect|p1b: Garchomp\n|-singleturn|p1b: Garchomp|Protect\n|move|p2a: Mamoswine|Protect|p2a: Mamoswine\n|-singleturn|p2a: Mamoswine|Protect\n|move|p1a: Floette|Dazzling Gleam|p2b: Tyranitar|[spread] \n|-activate|p2a: Mamoswine|move: Protect\n|-activate|p2b: Tyranitar|move: Protect\n|\n|upkeep\n|turn|9\n|\n|t:|1776048947\n|move|p2a: Mamoswine|Ice Shard|p1b: Garchomp\n|-supereffective|p1b: Garchomp|2\n|-damage|p1b: Garchomp|0 fnt\n|faint|p1b: Garchomp\n|move|p2b: Tyranitar|Crunch|p1a: Floette\n|-resisted|p1a: Floette|1\n|-damage|p1a: Floette|64/100\n|move|p1a: Floette|Dazzling Gleam|p2b: Tyranitar|[spread] p2a,p2b\n|-supereffective|p2b: Tyranitar|1\n|-damage|p2a: Mamoswine|0 fnt\n|-damage|p2b: Tyranitar|0 fnt\n|faint|p2a: Mamoswine\n|faint|p2b: Tyranitar\n|\n|-sideend|p1: clownedtocrowned|move: Tailwind\n|-sideend|p2: Azmatic1|move: Tailwind\n|upkeep\n|\n|t:|1776048955\n|switch|p2b: Glimmora|Glimmora, L50, M|100/100\n|turn|10\n|\n|t:|1776048963\n|move|p1a: Floette|Protect|p1a: Floette\n|-singleturn|p1a: Floette|Protect\n|move|p2b: Glimmora|Sludge Wave|p1a: Floette\n|-activate|p1a: Floette|move: Protect\n|\n|upkeep\n|turn|11\n|\n|t:|1776048970\n|move|p2b: Glimmora|Sludge Wave|p1a: Floette\n|-supereffective|p1a: Floette|1\n|-damage|p1a: Floette|0 fnt\n|faint|p1a: Floette\n|\n|win|Azmatic1\n|raw|clownedtocrowned's rating: 1234 &rarr; <strong>1205</strong><br />(-29 for losing)\n|raw|Azmatic1's rating: 1182 &rarr; <strong>1211</strong><br />(+29 for winning)\n|l|\u2606clownedtocrowned\n|player|p1|\n",
  "uploadtime": 1776048972,
  "views": 29,
  "formatid": "gen9championsvgc2026regma",
  "rating": 1205,
  "private": 0,
  "password": null
}