{
  "id": "gen9championsvgc2026regma-2583455997",
  "format": "[Gen 9 Champions] VGC 2026 Reg M-A",
  "players": [
    "UltimateThunderBoy",
    "Plopy14"
  ],
  "log": "|j|\u2606UltimateThunderBoy\n|j|\u2606Plopy14\n|t:|1776176807\n|gametype|doubles\n|player|p1|UltimateThunderBoy|n|\n|player|p2|Plopy14|bugcatcher|\n|gen|9\n|tier|[Gen 9 Champions] VGC 2026 Reg M-A\n|rated|Tournament battle\n|rule|Species Clause: Limit one of each Pok\u00e9mon\n|rule|Item Clause: Limit 1 of each item\n|clearpoke\n|poke|p1|Aegislash, L50, M|\n|poke|p1|Ninetales-Alola, L50, F|\n|poke|p1|Mamoswine, L50, M|\n|poke|p1|Talonflame, L50, F|\n|poke|p1|Hydreigon, L50, M|\n|poke|p1|Hawlucha, L50, M|\n|poke|p2|Tyranitar, L50, M|\n|poke|p2|Corviknight, L50, F|\n|poke|p2|Sneasler, L50, F|\n|poke|p2|Sinistcha, L50|\n|poke|p2|Garchomp, L50, F|\n|poke|p2|Rotom-Wash, L50|\n|teampreview|4\n|inactive|Battle timer is ON: inactive players will automatically lose when time's up. (requested by UltimateThunderBoy)\n|j| ghostistheman\nPlopy14 has agreed to open team sheets.\n|j| kemp1412\nUltimateThunderBoy has agreed to open team sheets.\n|showteam|p1|Aegislash||SpellTag|StanceChange|KingsShield,IronHead,ShadowSneak,Poltergeist|||M|||50|]Ninetales-Alola||ChoiceScarf|SnowWarning|Blizzard,IcyWind,Moonblast,FreezeDry|||F|||50|]Mamoswine||FocusSash|Oblivious|IcicleSpear,Earthquake,RockSlide,Protect|||M|||50|]Talonflame||SharpBeak|GaleWings|UpperHand,Tailwind,DualWingbeat,Taunt|||F|||50|]Hydreigon||Leftovers|Levitate|DarkPulse,Flamethrower,DracoMeteor,Protect|||M|||50|]Hawlucha||Hawluchanite|Limber|FocusBlast,AirSlash,Coaching,Detect|||M|||50|\n|showteam|p2|Tyranitar||Tyranitarite|SandStream|RockSlide,KnockOff,DragonDance,Protect|||M|||50|]Corviknight||Leftovers|MirrorArmor|Roost,BraveBird,Tailwind,IronHead|||F|||50|]Sneasler||WhiteHerb|Unburden|DireClaw,CloseCombat,FakeOut,Protect|||F|||50|]Sinistcha||SitrusBerry|Hospitality|MatchaGotcha,LifeDew,RagePowder,Protect||||||50|]Garchomp||FocusSash|RoughSkin|Earthquake,DragonClaw,RockSlide,Protect|||F|||50|]Rotom-Wash||ChoiceScarf|Levitate|Electroweb,HydroPump,VoltSwitch,Trick||||||50|\n|inactive|UltimateThunderBoy has 60 seconds left.\n|inactive|Plopy14 has 60 seconds left.\n|j| Glitch30\n|j| StarX99\n|inactive|Plopy14 has 30 seconds left.\n|\n|t:|1776176870\n|teamsize|p1|4\n|teamsize|p2|4\n|start\n|switch|p1a: Talonflame|Talonflame, L50, F|100/100\n|switch|p1b: Mamoswine|Mamoswine, L50, M|100/100\n|switch|p2a: Rotom|Rotom-Wash, L50|100/100\n|switch|p2b: Garchomp|Garchomp, L50, F|100/100\n|turn|1\n|inactive|Plopy14 has 30 seconds left.\n|\n|t:|1776176904\n|move|p1a: Talonflame|Tailwind|p1a: Talonflame\n|-sidestart|p1: UltimateThunderBoy|move: Tailwind\n|move|p1b: Mamoswine|Icicle Spear|p2b: Garchomp\n|-supereffective|p2b: Garchomp|2\n|-damage|p2b: Garchomp|41/100\n|-supereffective|p2b: Garchomp|2\n|-damage|p2b: Garchomp|0 fnt\n|faint|p2b: Garchomp\n|-hitcount|p2: Garchomp|2\n|move|p2a: Rotom|Hydro Pump|p1b: Mamoswine\n|-supereffective|p1b: Mamoswine|1\n|-enditem|p1b: Mamoswine|Focus Sash\n|-damage|p1b: Mamoswine|1/100\n|\n|upkeep\n|j| Ziomelord\n|\n|t:|1776176915\n|switch|p2b: Tyranitar|Tyranitar, L50, M|100/100\n|-weather|Sandstorm|[from] ability: Sand Stream|[of] p2b: Tyranitar\n|turn|2\n|l| Ziomelord\n|inactive|UltimateThunderBoy has 30 seconds left.\n|inactive|UltimateThunderBoy has 20 seconds left.\n|inactive|UltimateThunderBoy has 15 seconds left.\n|inactive|UltimateThunderBoy has 10 seconds left.\n|\n|t:|1776176962\n|move|p2b: Tyranitar|Protect|p2b: Tyranitar\n|-singleturn|p2b: Tyranitar|Protect\n|move|p1a: Talonflame|Taunt|p2b: Tyranitar\n|-activate|p2b: Tyranitar|move: Protect\n|move|p1b: Mamoswine|Earthquake|p2a: Rotom|[spread] \n|-activate|p2b: Tyranitar|move: Protect\n|-immune|p1a: Talonflame\n|-immune|p2a: Rotom|[from] ability: Levitate\n|move|p2a: Rotom|Hydro Pump|p1b: Mamoswine\n|-supereffective|p1b: Mamoswine|1\n|-damage|p1b: Mamoswine|0 fnt\n|faint|p1b: Mamoswine\n|\n|-weather|Sandstorm|[upkeep]\n|-damage|p1a: Talonflame|94/100|[from] Sandstorm\n|-damage|p2a: Rotom|95/100|[from] Sandstorm\n|upkeep\n|\n|t:|1776176973\n|switch|p1b: Ninetales|Ninetales-Alola, L50, F|100/100\n|-weather|Snowscape|[from] ability: Snow Warning|[of] p1b: Ninetales\n|turn|3\n|\n|t:|1776176988\n|switch|p1a: Hydreigon|Hydreigon, L50, M|100/100\n|detailschange|p2b: Tyranitar|Tyranitar-Mega, L50, M\n|-mega|p2b: Tyranitar|Tyranitar|Tyranitarite\n|-weather|Sandstorm|[from] ability: Sand Stream|[of] p2b: Tyranitar\n|move|p1b: Ninetales|Freeze-Dry|p2a: Rotom\n|-supereffective|p2a: Rotom|1\n|-damage|p2a: Rotom|28/100\n|move|p2a: Rotom|Hydro Pump|p1b: Ninetales\n|-damage|p1b: Ninetales|44/100\n|move|p2b: Tyranitar|Rock Slide|p1b: Ninetales|[spread] p1a,p1b\n|-supereffective|p1b: Ninetales|1\n|-damage|p1a: Hydreigon|63/100\n|-damage|p1b: Ninetales|0 fnt\n|faint|p1b: Ninetales\n|\n|-weather|Sandstorm|[upkeep]\n|-damage|p1a: Hydreigon|57/100|[from] Sandstorm\n|-damage|p2a: Rotom|22/100|[from] Sandstorm\n|-heal|p1a: Hydreigon|63/100|[from] item: Leftovers\n|upkeep\n|\n|t:|1776177002\n|switch|p1b: Talonflame|Talonflame, L50, F|94/100\n|turn|4\n|\n|t:|1776177010\n|move|p1b: Talonflame|Dual Wingbeat|p2b: Tyranitar\n|-resisted|p2b: Tyranitar|1\n|-damage|p2b: Tyranitar|94/100\n|-resisted|p2b: Tyranitar|1\n|-damage|p2b: Tyranitar|88/100\n|-hitcount|p2b: Tyranitar|2\n|move|p1a: Hydreigon|Dark Pulse|p2a: Rotom\n|-damage|p2a: Rotom|0 fnt\n|faint|p2a: Rotom\n|move|p2b: Tyranitar|Rock Slide|p1a: Hydreigon|[spread] p1a,p1b\n|-supereffective|p1b: Talonflame|2\n|-damage|p1a: Hydreigon|22/100\n|-damage|p1b: Talonflame|0 fnt\n|faint|p1b: Talonflame\n|\n|-weather|Sandstorm|[upkeep]\n|-damage|p1a: Hydreigon|16/100|[from] Sandstorm\n|-heal|p1a: Hydreigon|22/100|[from] item: Leftovers\n|-sideend|p1: UltimateThunderBoy|move: Tailwind\n|upkeep\n|\n|t:|1776177017\n|switch|p2a: Sinistcha|Sinistcha, L50|100/100\n|-heal|p2b: Tyranitar|100/100|[from] ability: Hospitality|[of] p2a: Sinistcha\n|turn|5\n|j| volcaronavgc (\u2267\u25bd\u2266)\n|\n|t:|1776177023\n|move|p2a: Sinistcha|Protect|p2a: Sinistcha\n|-singleturn|p2a: Sinistcha|Protect\n|move|p1a: Hydreigon|Dark Pulse|p2a: Sinistcha\n|-activate|p2a: Sinistcha|move: Protect\n|move|p2b: Tyranitar|Knock Off|p1a: Hydreigon\n|-resisted|p1a: Hydreigon|1\n|-damage|p1a: Hydreigon|0 fnt\n|-enditem|p1a: Hydreigon|Leftovers|[from] move: Knock Off|[of] p2b: Tyranitar\n|faint|p1a: Hydreigon\n|\n|win|Plopy14\n|n|\u2606UltimateThunderBoy|ultimatethunderboy\n|n|\u2606Plopy14|plopy14\n|n| ghostistheman|ghostistheman\n|n| kemp1412|kemp1412\n|n| Glitch30|glitch30\n|n| StarX99|starx99\n|n| volcaronavgc (\u2267\u25bd\u2266)|volcaronavgc\n|c|\u2606UltimateThunderBoy|gg\n",
  "uploadtime": 1776177023,
  "views": 18,
  "formatid": "gen9championsvgc2026regma",
  "rating": null,
  "private": 0,
  "password": null
}