{
  "id": "gen9championsvgc2026regma-2583316366",
  "format": "[Gen 9 Champions] VGC 2026 Reg M-A",
  "players": [
    "sabbamaister_kd",
    "NathanaelW19"
  ],
  "log": "|j|\u2606sabbamaister_kd\n|j|\u2606NathanaelW19\n|t:|1776166232\n|gametype|doubles\n|player|p1|sabbamaister_kd|backpacker|1192\n|player|p2|NathanaelW19|dragontamer|1187\n|gen|9\n|tier|[Gen 9 Champions] VGC 2026 Reg M-A\n|rated|\n|rule|Species Clause: Limit one of each Pok\u00e9mon\n|rule|Item Clause: Limit 1 of each item\n|clearpoke\n|poke|p1|Delphox, L50, F|\n|poke|p1|Weavile, L50, M|\n|poke|p1|Garchomp, L50, M|\n|poke|p1|Lucario, L50, M|\n|poke|p1|Whimsicott, L50, F|\n|poke|p1|Rotom-Wash, L50|\n|poke|p2|Excadrill, L50, M|\n|poke|p2|Tyranitar, L50, M|\n|poke|p2|Scizor, L50, F|\n|poke|p2|Kommo-o, L50, M|\n|poke|p2|Aerodactyl, L50, F|\n|poke|p2|Meganium, L50, F|\n|teampreview|4\n|inactive|Battle timer is ON: inactive players will automatically lose when time's up. (requested by NathanaelW19)\n|inactive|sabbamaister_kd has 60 seconds left.\n|\n|t:|1776166267\n|teamsize|p1|4\n|teamsize|p2|4\n|start\n|switch|p1a: Lucario|Lucario, L50, M|100/100\n|switch|p1b: Whimsicott|Whimsicott, L50, F|100/100\n|switch|p2a: Excadrill|Excadrill, L50, M, shiny|100/100\n|switch|p2b: Aerodactyl|Aerodactyl, L50, F|100/100\n|-ability|p2b: Aerodactyl|Unnerve\n|-ability|p2a: Excadrill|Mold Breaker\n|turn|1\n|\n|t:|1776166288\n|detailschange|p1a: Lucario|Lucario-Mega, L50, M\n|-mega|p1a: Lucario|Lucario|Lucarionite\n|move|p1b: Whimsicott|Tailwind|p1b: Whimsicott\n|-sidestart|p1: sabbamaister_kd|move: Tailwind\n|move|p1a: Lucario|Meteor Mash|p2b: Aerodactyl\n|-supereffective|p2b: Aerodactyl|1\n|-enditem|p2b: Aerodactyl|Focus Sash\n|-damage|p2b: Aerodactyl|1/100\n|move|p2a: Excadrill|High Horsepower|p1a: Lucario\n|-supereffective|p1a: Lucario|1\n|-damage|p1a: Lucario|0 fnt\n|faint|p1a: Lucario\n|move|p2b: Aerodactyl|Tailwind|p2b: Aerodactyl\n|-sidestart|p2: NathanaelW19|move: Tailwind\n|\n|upkeep\n|\n|t:|1776166311\n|switch|p1a: Weavile|Weavile, L50, M|100/100\n|turn|2\n|inactive|NathanaelW19 has 30 seconds left.\n|\n|t:|1776166336\n|switch|p2a: Scizor|Scizor, L50, F, shiny|100/100\n|switch|p2b: Tyranitar|Tyranitar, L50, M, shiny|100/100\n|-weather|Sandstorm|[from] ability: Sand Stream|[of] p2b: Tyranitar\n|move|p1a: Weavile|Fake Out|p2a: Scizor\n|-resisted|p2a: Scizor|1\n|-damage|p2a: Scizor|94/100\n|move|p1b: Whimsicott|Encore|p2b: Tyranitar\n|-hint|Since gen 7, Dark is immune to Prankster moves.\n|-immune|p2b: Tyranitar\n|\n|-weather|Sandstorm|[upkeep]\n|-damage|p1a: Weavile|94/100|[from] Sandstorm\n|-damage|p1b: Whimsicott|95/100|[from] Sandstorm\n|upkeep\n|turn|3\n|j| future wolfey 28\n|inactive|sabbamaister_kd has 30 seconds left.\n|inactive|sabbamaister_kd has 20 seconds left.\n|inactive|sabbamaister_kd has 15 seconds left.\n|inactive|sabbamaister_kd has 10 seconds left.\n|\n|t:|1776166383\n|move|p1b: Whimsicott|Protect|p1b: Whimsicott\n|-singleturn|p1b: Whimsicott|Protect\n|move|p2a: Scizor|Bullet Punch|p1b: Whimsicott\n|-activate|p1b: Whimsicott|move: Protect\n|move|p1a: Weavile|Icicle Crash|p2b: Tyranitar\n|-damage|p2b: Tyranitar|62/100\n|move|p2b: Tyranitar|Rock Slide|p1b: Whimsicott|[spread] p1a\n|-activate|p1b: Whimsicott|move: Protect\n|-supereffective|p1a: Weavile|1\n|-damage|p1a: Weavile|0 fnt\n|faint|p1a: Weavile\n|\n|-weather|Sandstorm|[upkeep]\n|-damage|p1b: Whimsicott|89/100|[from] Sandstorm\n|upkeep\n|\n|t:|1776166395\n|switch|p1a: Rotom|Rotom-Wash, L50|100/100\n|turn|4\n|inactive|sabbamaister_kd has 30 seconds left.\n|\n|t:|1776166426\n|detailschange|p2b: Tyranitar|Tyranitar-Mega, L50, M, shiny\n|-mega|p2b: Tyranitar|Tyranitar|Tyranitarite\n|move|p1b: Whimsicott|Protect|p1b: Whimsicott\n|-singleturn|p1b: Whimsicott|Protect\n|move|p2a: Scizor|Bullet Punch|p1b: Whimsicott\n|-activate|p1b: Whimsicott|move: Protect\n|move|p2b: Tyranitar|Knock Off|p1a: Rotom\n|-damage|p1a: Rotom|37/100\n|-enditem|p1a: Rotom|Sitrus Berry|[from] move: Knock Off|[of] p2b: Tyranitar\n|move|p1a: Rotom|Hydro Pump|p2b: Tyranitar\n|-supereffective|p2b: Tyranitar|1\n|-damage|p2b: Tyranitar|0 fnt\n|faint|p2b: Tyranitar\n|\n|-weather|Sandstorm|[upkeep]\n|-damage|p1b: Whimsicott|83/100|[from] Sandstorm\n|-damage|p1a: Rotom|31/100|[from] Sandstorm\n|-sideend|p1: sabbamaister_kd|move: Tailwind\n|-sideend|p2: NathanaelW19|move: Tailwind\n|upkeep\n|\n|t:|1776166429\n|switch|p2b: Excadrill|Excadrill, L50, M, shiny|100/100\n|-ability|p2b: Excadrill|Mold Breaker\n|turn|5\n|\n|t:|1776166442\n|move|p1b: Whimsicott|Tailwind|p1b: Whimsicott\n|-sidestart|p1: sabbamaister_kd|move: Tailwind\n|move|p2a: Scizor|Bullet Punch|p1b: Whimsicott\n|-supereffective|p1b: Whimsicott|1\n|-damage|p1b: Whimsicott|0 fnt\n|faint|p1b: Whimsicott\n|move|p2b: Excadrill|High Horsepower|p1a: Rotom\n|-supereffective|p1a: Rotom|1\n|-damage|p1a: Rotom|0 fnt\n|faint|p1a: Rotom\n|\n|win|NathanaelW19\n|raw|sabbamaister_kd's rating: 1192 &rarr; <strong>1167</strong><br />(-25 for losing)\n|raw|NathanaelW19's rating: 1187 &rarr; <strong>1212</strong><br />(+25 for winning)\n",
  "uploadtime": 1776166452,
  "views": 14,
  "formatid": "gen9championsvgc2026regma",
  "rating": 1167,
  "private": 0,
  "password": null
}