{
  "id": "gen9championsvgc2026regma-2580986234",
  "format": "[Gen 9 Champions] VGC 2026 Reg M-A",
  "players": [
    "space9982",
    "Meadwag"
  ],
  "log": "|j|\u2606space9982\n|j|\u2606Meadwag\n|t:|1775949200\n|gametype|doubles\n|player|p1|space9982|266|1389\n|player|p2|Meadwag|steven|1286\n|gen|9\n|tier|[Gen 9 Champions] VGC 2026 Reg M-A\n|rated|\n|rule|Species Clause: Limit one of each Pok\u00e9mon\n|rule|Item Clause: Limit 1 of each item\n|clearpoke\n|poke|p1|Charizard, L50, M|\n|poke|p1|Whimsicott, L50, F|\n|poke|p1|Garchomp, L50, M|\n|poke|p1|Sneasler, L50, M|\n|poke|p1|Incineroar, L50, M|\n|poke|p1|Rotom-Wash, L50|\n|poke|p2|Tyranitar, L50, F|\n|poke|p2|Excadrill, L50, M|\n|poke|p2|Sinistcha, L50|\n|poke|p2|Milotic, L50, M|\n|poke|p2|Aegislash, L50, F|\n|poke|p2|Incineroar, L50, F|\n|teampreview|4\n|inactive|Battle timer is ON: inactive players will automatically lose when time's up. (requested by space9982)\n|j| gE1xjZRtuhW2DdT0AK\n|inactive|Meadwag has 60 seconds left.\n|\n|t:|1775949235\n|teamsize|p1|4\n|teamsize|p2|4\n|start\n|switch|p1a: Sneasler|Sneasler, L50, M, shiny|100/100\n|switch|p1b: Garchomp|Garchomp, L50, M, shiny|100/100\n|switch|p2a: Tyranitar|Tyranitar, L50, F|100/100\n|switch|p2b: Milotic|Milotic, L50, M|100/100\n|-weather|Sandstorm|[from] ability: Sand Stream|[of] p2a: Tyranitar\n|turn|1\n|inactive|space9982 has 30 seconds left.\n|\n|t:|1775949262\n|move|p2a: Tyranitar|Protect|p2a: Tyranitar\n|-singleturn|p2a: Tyranitar|Protect\n|move|p2b: Milotic|Protect|p2b: Milotic\n|-singleturn|p2b: Milotic|Protect\n|move|p1a: Sneasler|Fake Out|p2b: Milotic\n|-activate|p2b: Milotic|move: Protect\n|move|p1b: Garchomp|Iron Head|p2a: Tyranitar\n|-activate|p2a: Tyranitar|move: Protect\n|\n|-weather|Sandstorm|[upkeep]\n|-damage|p1a: Sneasler|95/100|[from] Sandstorm\n|-damage|p2b: Milotic|95/100|[from] Sandstorm\n|upkeep\n|turn|2\n|\n|t:|1775949283\n|switch|p2a: Sinistcha|Sinistcha, L50|100/100\n|-heal|p2b: Milotic|100/100|[from] ability: Hospitality|[of] p2a: Sinistcha\n|move|p1b: Garchomp|Iron Head|p2a: Sinistcha\n|-damage|p2a: Sinistcha|71/100\n|move|p1a: Sneasler|Close Combat|p2b: Milotic\n|-damage|p2b: Milotic|29/100\n|-unboost|p1a: Sneasler|def|1\n|-unboost|p1a: Sneasler|spd|1\n|-enditem|p1a: Sneasler|White Herb\n|-clearnegativeboost|p1a: Sneasler|[silent]\n|move|p2b: Milotic|Icy Wind|p1b: Garchomp|[spread] p1a,p1b\n|-supereffective|p1b: Garchomp|2\n|-damage|p1a: Sneasler|79/100\n|-damage|p1b: Garchomp|41/100\n|-unboost|p1a: Sneasler|spe|1\n|-unboost|p1b: Garchomp|spe|1\n|\n|-weather|Sandstorm|[upkeep]\n|-damage|p1a: Sneasler|74/100|[from] Sandstorm\n|-damage|p2b: Milotic|23/100|[from] Sandstorm\n|-damage|p2a: Sinistcha|65/100|[from] Sandstorm\n|upkeep\n|turn|3\n|inactive|Meadwag has 30 seconds left.\n|\n|t:|1775949312\n|switch|p1b: Whimsicott|Whimsicott, L50, F, shiny|100/100\n|move|p2a: Sinistcha|Rage Powder|p2a: Sinistcha\n|-singleturn|p2a: Sinistcha|move: Rage Powder\n|move|p1a: Sneasler|Dire Claw|p2a: Sinistcha\n|-damage|p2a: Sinistcha|31/100\n|-enditem|p2a: Sinistcha|Sitrus Berry|[eat]\n|-heal|p2a: Sinistcha|56/100|[from] item: Sitrus Berry\n|move|p2b: Milotic|Icy Wind|p1a: Sneasler|[spread] p1a,p1b\n|-supereffective|p1b: Whimsicott|1\n|-damage|p1a: Sneasler|58/100\n|-damage|p1b: Whimsicott|60/100\n|-unboost|p1a: Sneasler|spe|1\n|-unboost|p1b: Whimsicott|spe|1\n|\n|-weather|Sandstorm|[upkeep]\n|-damage|p1a: Sneasler|52/100|[from] Sandstorm\n|-damage|p1b: Whimsicott|54/100|[from] Sandstorm\n|-damage|p2b: Milotic|17/100|[from] Sandstorm\n|-damage|p2a: Sinistcha|49/100|[from] Sandstorm\n|upkeep\n|turn|4\n|inactive|Meadwag has 30 seconds left.\n|\n|t:|1775949350\n|switch|p2a: Tyranitar|Tyranitar, L50, F|100/100\n|move|p1b: Whimsicott|Tailwind|p1b: Whimsicott\n|-sidestart|p1: space9982|move: Tailwind\n|move|p1a: Sneasler|Dire Claw|p2b: Milotic\n|-damage|p2b: Milotic|0 fnt\n|faint|p2b: Milotic\n|\n|-weather|Sandstorm|[upkeep]\n|-damage|p1a: Sneasler|46/100|[from] Sandstorm\n|-damage|p1b: Whimsicott|48/100|[from] Sandstorm\n|upkeep\n|\n|t:|1775949359\n|switch|p2b: Incineroar|Incineroar, L50, F|100/100\n|-ability|p2b: Incineroar|Intimidate|boost\n|-unboost|p1a: Sneasler|atk|1\n|-unboost|p1b: Whimsicott|atk|1\n|turn|5\n|\n|t:|1775949375\n|switch|p1b: Garchomp|Garchomp, L50, M, shiny|41/100\n|detailschange|p2a: Tyranitar|Tyranitar-Mega, L50, F\n|-mega|p2a: Tyranitar|Tyranitar|Tyranitarite\n|move|p1a: Sneasler|Protect|p1a: Sneasler\n|-singleturn|p1a: Sneasler|Protect\n|move|p2b: Incineroar|Fake Out|p1a: Sneasler\n|-activate|p1a: Sneasler|move: Protect\n|move|p2a: Tyranitar|Dragon Dance|p2a: Tyranitar\n|-boost|p2a: Tyranitar|atk|1\n|-boost|p2a: Tyranitar|spe|1\n|\n|-weather|none\n|upkeep\n|turn|6\n|\n|t:|1775949396\n|move|p1b: Garchomp|Iron Head|p2a: Tyranitar\n|-supereffective|p2a: Tyranitar|1\n|-crit|p2a: Tyranitar\n|-damage|p2a: Tyranitar|29/100\n|move|p1a: Sneasler|Close Combat|p2a: Tyranitar\n|-supereffective|p2a: Tyranitar|2\n|-damage|p2a: Tyranitar|0 fnt\n|-unboost|p1a: Sneasler|def|1\n|-unboost|p1a: Sneasler|spd|1\n|faint|p2a: Tyranitar\n|move|p2b: Incineroar|Flare Blitz|p1b: Garchomp\n|-resisted|p1b: Garchomp|1\n|-damage|p1b: Garchomp|15/100\n|-damage|p2b: Incineroar|88/100|[from] ability: Rough Skin|[of] p1b: Garchomp\n|-damage|p2b: Incineroar|80/100|[from] Recoil\n|\n|upkeep\n|-message|Meadwag forfeited.\n|\n|win|space9982\n|raw|space9982's rating: 1389 &rarr; <strong>1403</strong><br />(+14 for winning)\n|raw|Meadwag's rating: 1286 &rarr; <strong>1268</strong><br />(-18 for losing)\n|l|\u2606Meadwag\n|player|p2|\n|l|\u2606space9982\n|player|p1|\n",
  "uploadtime": 1775949450,
  "views": 36,
  "formatid": "gen9championsvgc2026regma",
  "rating": 1268,
  "private": 0,
  "password": null
}