{
  "id": "gen9championsvgc2026regma-2587700051",
  "format": "[Gen 9 Champions] VGC 2026 Reg M-A",
  "players": [
    "loklastaji",
    "Furia444"
  ],
  "log": "|j|\u2606loklastaji\n|j|\u2606Furia444\n|t:|1776555203\n|gametype|doubles\n|player|p1|loklastaji|101|1133\n|player|p2|Furia444|hugh|1179\n|gen|9\n|tier|[Gen 9 Champions] VGC 2026 Reg M-A\n|rated|\n|rule|Species Clause: Limit one of each Pok\u00e9mon\n|rule|Item Clause: Limit 1 of each item\n|clearpoke\n|poke|p1|Samurott-Hisui, L50, M|\n|poke|p1|Delphox, L50, F|\n|poke|p1|Tinkaton, L50, F|\n|poke|p1|Decidueye-Hisui, L50, F|\n|poke|p1|Dragonite, L50, M|\n|poke|p1|Farigiraf, L50, M|\n|poke|p2|Umbreon, L50, M, shiny|\n|poke|p2|Floette-Eternal, L50, F|\n|poke|p2|Sneasler, L50, F|\n|poke|p2|Delphox, L50, M|\n|poke|p2|Garchomp, L50, F|\n|poke|p2|Basculegion, L50, M|\n|teampreview|4\n|inactive|Battle timer is ON: inactive players will automatically lose when time's up. (requested by Furia444)\n|inactive|loklastaji has 60 seconds left.\n|\n|t:|1776555237\n|teamsize|p1|4\n|teamsize|p2|4\n|start\n|switch|p1a: Dragonite|Dragonite, L50, M|100/100\n|switch|p1b: Tinkaton|Tinkaton, L50, F|100/100\n|switch|p2a: Floette|Floette-Eternal, L50, F|100/100\n|switch|p2b: Sneasler|Sneasler, L50, F|100/100\n|turn|1\n|\n|t:|1776555259\n|detailschange|p2a: Floette|Floette-Mega, L50, F\n|-mega|p2a: Floette|Floette|Floettite\n|-ability|p2a: Floette|Fairy Aura\n|move|p2b: Sneasler|Fake Out|p1b: Tinkaton\n|-resisted|p1b: Tinkaton|1\n|-damage|p1b: Tinkaton|90/100\n|cant|p1b: Tinkaton|flinch\n|move|p1a: Dragonite|Tailwind|p1a: Dragonite\n|-sidestart|p1: loklastaji|move: Tailwind\n|move|p2a: Floette|Calm Mind|p2a: Floette\n|-boost|p2a: Floette|spa|1\n|-boost|p2a: Floette|spd|1\n|\n|upkeep\n|turn|2\n|inactive|Furia444 has 30 seconds left.\n|\n|t:|1776555286\n|move|p1b: Tinkaton|Protect|p1b: Tinkaton\n|-singleturn|p1b: Tinkaton|Protect\n|move|p1a: Dragonite|Protect|p1a: Dragonite\n|-singleturn|p1a: Dragonite|Protect\n|move|p2a: Floette|Protect|p2a: Floette\n|-singleturn|p2a: Floette|Protect\n|move|p2b: Sneasler|Close Combat|p1b: Tinkaton\n|-activate|p1b: Tinkaton|move: Protect\n|\n|upkeep\n|turn|3\n|\n|t:|1776555302\n|detailschange|p1a: Dragonite|Dragonite-Mega, L50, M\n|-mega|p1a: Dragonite|Dragonite|Dragoninite\n|move|p1a: Dragonite|Air Slash|p2b: Sneasler\n|-supereffective|p2b: Sneasler|1\n|-damage|p2b: Sneasler|0 fnt\n|faint|p2b: Sneasler\n|move|p1b: Tinkaton|Gigaton Hammer|p2a: Floette\n|-supereffective|p2a: Floette|1\n|-damage|p2a: Floette|0 fnt\n|faint|p2a: Floette\n|\n|upkeep\n|\n|t:|1776555313\n|switch|p2b: Basculegion|Basculegion, L50, M|100/100\n|switch|p2a: Garchomp|Garchomp, L50, F|100/100\n|turn|4\n|inactive|loklastaji has 30 seconds left.\n|\n|t:|1776555343\n|switch|p1b: Samurott|Samurott-Hisui, L50, M|100/100\n|move|p1a: Dragonite|Protect|p1a: Dragonite\n|-singleturn|p1a: Dragonite|Protect\n|move|p2a: Garchomp|Protect|p2a: Garchomp\n|-singleturn|p2a: Garchomp|Protect\n|move|p2b: Basculegion|Last Respects|p1a: Dragonite\n|-activate|p1a: Dragonite|move: Protect\n|\n|-sideend|p1: loklastaji|move: Tailwind\n|upkeep\n|turn|5\n|\n|t:|1776555362\n|move|p1b: Samurott|Sucker Punch|p2b: Basculegion\n|-supereffective|p2b: Basculegion|1\n|-damage|p2b: Basculegion|19/100\n|-enditem|p2b: Basculegion|Sitrus Berry|[eat]\n|-heal|p2b: Basculegion|44/100|[from] item: Sitrus Berry\n|move|p1a: Dragonite|Tailwind|p1a: Dragonite\n|-sidestart|p1: loklastaji|move: Tailwind\n|move|p2a: Garchomp|Rock Slide|p1b: Samurott|[spread] p1a,p1b\n|-supereffective|p1a: Dragonite|1\n|-damage|p1a: Dragonite|81/100\n|-damage|p1b: Samurott|77/100\n|move|p2b: Basculegion|Last Respects|p1a: Dragonite\n|-crit|p1a: Dragonite\n|-damage|p1a: Dragonite|0 fnt\n|faint|p1a: Dragonite\n|\n|upkeep\n|\n|t:|1776555379\n|switch|p1a: Tinkaton|Tinkaton, L50, F|90/100\n|turn|6\n|\n|t:|1776555386\n|move|p2b: Basculegion|Protect|p2b: Basculegion\n|-singleturn|p2b: Basculegion|Protect\n|move|p1a: Tinkaton|Fake Out|p2a: Garchomp\n|-damage|p2a: Garchomp|92/100\n|-damage|p1a: Tinkaton|78/100|[from] ability: Rough Skin|[of] p2a: Garchomp\n|move|p1b: Samurott|Sucker Punch||[still]\n|-fail|p1b: Samurott\n|cant|p2a: Garchomp|flinch\n|\n|upkeep\n|turn|7\n|inactive|Furia444 has 30 seconds left.\n|\n|t:|1776555417\n|move|p2b: Basculegion|Protect||[still]\n|-fail|p2b: Basculegion\n|move|p1b: Samurott|Sucker Punch||[still]\n|-fail|p1b: Samurott\n|move|p1a: Tinkaton|Play Rough|p2a: Garchomp\n|-supereffective|p2a: Garchomp|1\n|-damage|p2a: Garchomp|33/100\n|-damage|p1a: Tinkaton|65/100|[from] ability: Rough Skin|[of] p2a: Garchomp\n|move|p2a: Garchomp|Earthquake|p1a: Tinkaton|[spread] p2b,p1a,p1b\n|-supereffective|p1a: Tinkaton|1\n|-damage|p2b: Basculegion|0 fnt\n|-damage|p1a: Tinkaton|0 fnt\n|-damage|p1b: Samurott|25/100\n|faint|p2b: Basculegion\n|faint|p1a: Tinkaton\n|\n|upkeep\n|\n|t:|1776555432\n|switch|p1a: Delphox|Delphox, L50, F|100/100\n|turn|8\n|\n|t:|1776555440\n|move|p1b: Samurott|Sucker Punch|p2a: Garchomp\n|-damage|p2a: Garchomp|2/100\n|-damage|p1b: Samurott|13/100|[from] ability: Rough Skin|[of] p2a: Garchomp\n|move|p1a: Delphox|Substitute|p1a: Delphox\n|-start|p1a: Delphox|Substitute\n|-damage|p1a: Delphox|76/100\n|move|p2a: Garchomp|Rock Slide|p1b: Samurott|[spread] p1a,p1b\n|-supereffective|p1a: Delphox|1\n|-end|p1a: Delphox|Substitute\n|-damage|p1b: Samurott|0 fnt\n|faint|p1b: Samurott\n|\n|-sideend|p1: loklastaji|move: Tailwind\n|upkeep\n|turn|9\n|\n|t:|1776555456\n|move|p1a: Delphox|Substitute|p1a: Delphox\n|-start|p1a: Delphox|Substitute\n|-damage|p1a: Delphox|51/100\n|move|p2a: Garchomp|Rock Slide|p1a: Delphox\n|-supereffective|p1a: Delphox|1\n|-end|p1a: Delphox|Substitute\n|\n|upkeep\n|turn|10\n|\n|t:|1776555464\n|move|p1a: Delphox|Psychic|p2a: Garchomp\n|-damage|p2a: Garchomp|0 fnt\n|faint|p2a: Garchomp\n|\n|win|loklastaji\n|raw|loklastaji's rating: 1133 &rarr; <strong>1161</strong><br />(+28 for winning)\n|raw|Furia444's rating: 1179 &rarr; <strong>1151</strong><br />(-28 for losing)\n|l|\u2606Furia444\n|player|p2|\n",
  "uploadtime": 1776555476,
  "views": 15,
  "formatid": "gen9championsvgc2026regma",
  "rating": 1151,
  "private": 0,
  "password": null
}