{
  "id": "gen9championsvgc2026regma-2583591232",
  "format": "[Gen 9 Champions] VGC 2026 Reg M-A",
  "players": [
    "perhapsXolas",
    "paulmooch"
  ],
  "log": "|j|\u2606perhapsXolas\n|j|\u2606paulmooch\n|t:|1776185235\n|gametype|doubles\n|player|p1|perhapsXolas|cynthia-gen4|1028\n|player|p2|paulmooch|266|1025\n|gen|9\n|tier|[Gen 9 Champions] VGC 2026 Reg M-A\n|rated|\n|rule|Species Clause: Limit one of each Pok\u00e9mon\n|rule|Item Clause: Limit 1 of each item\n|clearpoke\n|poke|p1|Araquanid, L50, F|\n|poke|p1|Espathra, L50, F|\n|poke|p1|Camerupt, L50, M|\n|poke|p1|Whimsicott, L50, F|\n|poke|p1|Pelipper, L50, M|\n|poke|p1|Archaludon, L50, M|\n|poke|p2|Hawlucha, L50, M|\n|poke|p2|Stunfisk, L50, M|\n|poke|p2|Machamp, L50, M|\n|poke|p2|Cofagrigus, L50, M|\n|poke|p2|Clefable, L50, F|\n|poke|p2|Vanilluxe, L50, F|\n|teampreview|4\n|inactive|Battle timer is ON: inactive players will automatically lose when time's up. (requested by perhapsXolas)\nperhapsXolas rejected open team sheets.\n|\n|t:|1776185254\n|teamsize|p1|4\n|teamsize|p2|4\n|start\n|switch|p1a: Whimsicott|Whimsicott, L50, F|100/100\n|switch|p1b: Pelipper|Pelipper, L50, M|100/100\n|switch|p2a: Hawlucha|Hawlucha, L50, M|100/100\n|switch|p2b: Vanilluxe|Vanilluxe, L50, F|100/100\n|-ability|p2a: Hawlucha|Mold Breaker\n|-weather|Snowscape|[from] ability: Snow Warning|[of] p2b: Vanilluxe\n|-weather|RainDance|[from] ability: Drizzle|[of] p1b: Pelipper\n|turn|1\n|\n|t:|1776185270\n|detailschange|p2a: Hawlucha|Hawlucha-Mega, L50, M\n|-mega|p2a: Hawlucha|Hawlucha|Hawluchanite\n|move|p2a: Hawlucha|Entrainment|p2b: Vanilluxe\n|-ability|p2b: Vanilluxe|No Guard|Snow Warning|[from] move: Entrainment|[of] p2a: Hawlucha\n|move|p2b: Vanilluxe|Sheer Cold|p1b: Pelipper\n|-damage|p1b: Pelipper|0 fnt\n|faint|p1b: Pelipper\n|-ohko\n|move|p1a: Whimsicott|Trick Room|p1a: Whimsicott\n|-fieldstart|move: Trick Room|[of] p1a: Whimsicott\n|\n|-weather|RainDance|[upkeep]\n|upkeep\n|\n|t:|1776185280\n|switch|p1b: Araquanid|Araquanid, L50, F|100/100\n|turn|2\n|\n|t:|1776185290\n|move|p1a: Whimsicott|Helping Hand|p1b: Araquanid\n|-singleturn|p1b: Araquanid|Helping Hand|[of] p1a: Whimsicott\n|move|p1b: Araquanid|Hydro Pump|p2b: Vanilluxe\n|-damage|p2b: Vanilluxe|0 fnt\n|faint|p2b: Vanilluxe\n|move|p2a: Hawlucha|U-turn|p1a: Whimsicott\n|-damage|p1a: Whimsicott|75/100\n|\n|t:|1776185304\n|switch|p2a: Stunfisk|Stunfisk, L50, M|100/100|[from] U-turn\n|\n|-weather|RainDance|[upkeep]\n|upkeep\n|\n|t:|1776185308\n|switch|p2b: Hawlucha|Hawlucha-Mega, L50, M|100/100\n|turn|3\n|\n|t:|1776185318\n|move|p1a: Whimsicott|Helping Hand|p1b: Araquanid\n|-singleturn|p1b: Araquanid|Helping Hand|[of] p1a: Whimsicott\n|move|p2a: Stunfisk|Foul Play|p1b: Araquanid\n|-damage|p1b: Araquanid|84/100\n|move|p1b: Araquanid|Hydro Pump|p2b: Hawlucha\n|-damage|p2b: Hawlucha|0 fnt\n|faint|p2b: Hawlucha\n|\n|-weather|RainDance|[upkeep]\n|upkeep\n|\n|t:|1776185328\n|switch|p2b: Clefable|Clefable, L50, F|100/100\n|turn|4\n|\n|t:|1776185341\n|move|p1a: Whimsicott|Helping Hand|p1b: Araquanid\n|-singleturn|p1b: Araquanid|Helping Hand|[of] p1a: Whimsicott\n|move|p2a: Stunfisk|Fissure|p1b: Araquanid|[miss]\n|-miss|p2a: Stunfisk|p1b: Araquanid\n|move|p1b: Araquanid|Hydro Pump|p2b: Clefable\n|-damage|p2b: Clefable|0 fnt\n|faint|p2b: Clefable\n|\n|-weather|RainDance|[upkeep]\n|upkeep\n|turn|5\n|inactive|perhapsXolas has 30 seconds left.\n|\n|t:|1776185367\n|move|p1a: Whimsicott|Helping Hand|p1b: Araquanid\n|-singleturn|p1b: Araquanid|Helping Hand|[of] p1a: Whimsicott\n|move|p2a: Stunfisk|Fissure|p1b: Araquanid|[miss]\n|-miss|p2a: Stunfisk|p1b: Araquanid\n|move|p1b: Araquanid|Hydro Pump|p2a: Stunfisk\n|-supereffective|p2a: Stunfisk|1\n|-damage|p2a: Stunfisk|0 fnt\n|faint|p2a: Stunfisk\n|\n|win|perhapsXolas\n|raw|perhapsXolas's rating: 1028 &rarr; <strong>1063</strong><br />(+35 for winning)\n|raw|paulmooch's rating: 1025 &rarr; <strong>1011</strong><br />(-14 for losing)\n",
  "uploadtime": 1776185377,
  "views": 14,
  "formatid": "gen9championsvgc2026regma",
  "rating": 1011,
  "private": 0,
  "password": null
}