{
  "id": "gen9championsvgc2026regma-2587998440",
  "format": "[Gen 9 Champions] VGC 2026 Reg M-A",
  "players": [
    "jakewwwwwww",
    "leobnr5"
  ],
  "log": "|j|\u2606jakewwwwwww\n|j|\u2606leobnr5\n|t:|1776590796\n|gametype|doubles\n|player|p1|jakewwwwwww|265|1251\n|player|p2|leobnr5|blue|1352\n|gen|9\n|tier|[Gen 9 Champions] VGC 2026 Reg M-A\n|rated|\n|rule|Species Clause: Limit one of each Pok\u00e9mon\n|rule|Item Clause: Limit 1 of each item\n|clearpoke\n|poke|p1|Golurk, L50|\n|poke|p1|Slowking-Galar, L50, M|\n|poke|p1|Gyarados, L50, M|\n|poke|p1|Sneasler, L50, M|\n|poke|p1|Araquanid, L50, F|\n|poke|p1|Kingambit, L50, F|\n|poke|p2|Typhlosion-Hisui, L50, F, shiny|\n|poke|p2|Aerodactyl, L50, F|\n|poke|p2|Sneasler, L50, F|\n|poke|p2|Mamoswine, L50, F|\n|poke|p2|Gardevoir, L50, F, shiny|\n|poke|p2|Gyarados, L50, M|\n|teampreview|4\n|inactive|Battle timer is ON: inactive players will automatically lose when time's up. (requested by leobnr5)\n|\n|t:|1776590822\n|teamsize|p1|4\n|teamsize|p2|4\n|start\n|switch|p1a: Slowking|Slowking-Galar, L50, M|100/100\n|switch|p1b: Golurk|Golurk, L50|100/100\n|switch|p2a: Typhlosion|Typhlosion-Hisui, L50, F, shiny|100/100\n|switch|p2b: Sneasler|Sneasler, L50, F|100/100\n|-item|p1a: Slowking|Shuca Berry|[from] ability: Frisk|[of] p2a: Typhlosion\n|-item|p1b: Golurk|Golurkite|[from] ability: Frisk|[of] p2a: Typhlosion\n|-clearboost|p1b: Golurk|[from] ability: Curious Medicine|[of] p1a: Slowking\n|turn|1\n|inactive|jakewwwwwww has 30 seconds left.\n|\n|t:|1776590848\n|detailschange|p1b: Golurk|Golurk-Mega, L50\n|-mega|p1b: Golurk|Golurk|Golurkite\n|move|p1a: Slowking|Protect|p1a: Slowking\n|-singleturn|p1a: Slowking|Protect\n|move|p2b: Sneasler|Fake Out|p1a: Slowking\n|-activate|p1a: Slowking|move: Protect\n|move|p2a: Typhlosion|Shadow Ball|p1b: Golurk\n|-supereffective|p1b: Golurk|1\n|-damage|p1b: Golurk|30/100\n|move|p1b: Golurk|Earthquake|p2a: Typhlosion|[spread] p2a,p2b\n|-activate|p1a: Slowking|move: Protect\n|-supereffective|p2a: Typhlosion|1\n|-supereffective|p2b: Sneasler|1\n|-damage|p2a: Typhlosion|0 fnt\n|-damage|p2b: Sneasler|0 fnt\n|faint|p2a: Typhlosion\n|faint|p2b: Sneasler\n|\n|upkeep\n|\n|t:|1776590864\n|switch|p2b: Mamoswine|Mamoswine, L50, F|100/100\n|switch|p2a: Gardevoir|Gardevoir, L50, F, shiny|100/100\n|-ability|p2a: Gardevoir|Curious Medicine|Trace|[from] ability: Trace|[of] p1a: Slowking\n|-clearboost|p2b: Mamoswine|[from] ability: Curious Medicine|[of] p2a: Gardevoir\n|turn|2\n|\n|t:|1776590887\n|move|p2a: Gardevoir|Protect|p2a: Gardevoir\n|-singleturn|p2a: Gardevoir|Protect\n|move|p1b: Golurk|Protect|p1b: Golurk\n|-singleturn|p1b: Golurk|Protect\n|move|p2b: Mamoswine|Earthquake|p1b: Golurk|[spread] p1a\n|-activate|p2a: Gardevoir|move: Protect\n|-activate|p1b: Golurk|move: Protect\n|-supereffective|p1a: Slowking|1\n|-enditem|p1a: Slowking|Shuca Berry|[eat]\n|-enditem|p1a: Slowking|Shuca Berry|[weaken]\n|-damage|p1a: Slowking|57/100\n|move|p1a: Slowking|Trick Room|p1a: Slowking\n|-fieldstart|move: Trick Room|[of] p1a: Slowking\n|\n|upkeep\n|turn|3\n|\n|t:|1776590907\n|detailschange|p2a: Gardevoir|Gardevoir-Mega, L50, F, shiny\n|-mega|p2a: Gardevoir|Gardevoir|Gardevoirite\n|move|p2b: Mamoswine|Ice Shard|p1b: Golurk\n|-supereffective|p1b: Golurk|1\n|-damage|p1b: Golurk|0 fnt\n|faint|p1b: Golurk\n|move|p1a: Slowking|Sludge Wave|p2b: Mamoswine|[spread] p2a,p2b\n|-supereffective|p2a: Gardevoir|1\n|-resisted|p2b: Mamoswine|1\n|-damage|p2a: Gardevoir|42/100\n|-damage|p2b: Mamoswine|76/100\n|move|p2a: Gardevoir|Psyshock|p1a: Slowking\n|-damage|p1a: Slowking|0 fnt\n|faint|p1a: Slowking\n|\n|upkeep\n|\n|t:|1776590921\n|switch|p1a: Kingambit|Kingambit, L50, F|100/100\n|switch|p1b: Araquanid|Araquanid, L50, F|100/100\n|turn|4\n|\n|t:|1776590941\n|move|p1a: Kingambit|Protect|p1a: Kingambit\n|-singleturn|p1a: Kingambit|Protect\n|move|p2b: Mamoswine|Protect|p2b: Mamoswine\n|-singleturn|p2b: Mamoswine|Protect\n|move|p2a: Gardevoir|Vacuum Wave|p1a: Kingambit\n|-activate|p1a: Kingambit|move: Protect\n|move|p1b: Araquanid|Surf|p2b: Mamoswine|[spread] p2a\n|-activate|p1a: Kingambit|move: Protect\n|-activate|p2b: Mamoswine|move: Protect\n|-damage|p2a: Gardevoir|0 fnt\n|faint|p2a: Gardevoir\n|\n|upkeep\n|turn|5\n|\n|t:|1776590964\n|move|p1b: Araquanid|Surf|p2b: Mamoswine|[spread] p1a,p2b\n|-supereffective|p2b: Mamoswine|1\n|-damage|p1a: Kingambit|51/100\n|-damage|p2b: Mamoswine|0 fnt\n|faint|p2b: Mamoswine\n|\n|win|jakewwwwwww\n|raw|jakewwwwwww's rating: 1251 &rarr; <strong>1283</strong><br />(+32 for winning)\n|raw|leobnr5's rating: 1352 &rarr; <strong>1326</strong><br />(-26 for losing)\n|l|\u2606leobnr5\n|player|p2|\n",
  "uploadtime": 1776590974,
  "views": 36,
  "formatid": "gen9championsvgc2026regma",
  "rating": 1283,
  "private": 0,
  "password": null
}