{
  "id": "gen9championsvgc2026regma-2582766797",
  "format": "[Gen 9 Champions] VGC 2026 Reg M-A",
  "players": [
    "CoolTrainerBu",
    "anubis jr."
  ],
  "log": "|j|\u2606CoolTrainerBu\n|j|\u2606anubis jr.\n|t:|1776112639\n|gametype|doubles\n|player|p1|CoolTrainerBu|101|1234\n|player|p2|anubis jr.|2|1225\n|gen|9\n|tier|[Gen 9 Champions] VGC 2026 Reg M-A\n|rated|\n|rule|Species Clause: Limit one of each Pok\u00e9mon\n|rule|Item Clause: Limit 1 of each item\n|clearpoke\n|poke|p1|Charizard, L50, F|\n|poke|p1|Whimsicott, L50, F|\n|poke|p1|Garchomp, L50, F|\n|poke|p1|Sneasler, L50, F|\n|poke|p1|Maushold, L50|\n|poke|p1|Incineroar, L50, F|\n|poke|p2|Audino, L50, F|\n|poke|p2|Sableye, L50, M|\n|poke|p2|Mudsdale, L50, F|\n|poke|p2|Typhlosion-Hisui, L50, F|\n|poke|p2|Blastoise, L50, M|\n|poke|p2|Sneasler, L50, M|\n|teampreview|4\n|inactive|Battle timer is ON: inactive players will automatically lose when time's up. (requested by CoolTrainerBu)\n|inactive|CoolTrainerBu has 60 seconds left.\n|inactive|CoolTrainerBu has 30 seconds left.\n|inactive|CoolTrainerBu has 20 seconds left.\n|\n|t:|1776112716\n|teamsize|p1|4\n|teamsize|p2|4\n|start\n|switch|p1a: Maushold|Maushold, L50|100/100\n|switch|p1b: Incineroar|Incineroar, L50, F|100/100\n|switch|p2a: Sableye|Sableye, L50, M|100/100\n|switch|p2b: Audino|Audino, L50, F|100/100\n|-ability|p1b: Incineroar|Intimidate|boost\n|-unboost|p2a: Sableye|atk|1\n|-unboost|p2b: Audino|atk|1\n|turn|1\n|l|\u2606anubis jr.\n|inactive|anubis jr. disconnected and has a minute to reconnect!\n|player|p2|\n|j|\u2606anubis jr.\n|inactive|anubis jr. reconnected and has 45 seconds left.\n|player|p2|anubis jr.|2|\n|inactive|anubis jr. has 30 seconds left.\n|inactive|anubis jr. has 20 seconds left.\n|inactive|anubis jr. has 15 seconds left.\n|inactive|anubis jr. has 10 seconds left.\n|inactive|anubis jr. has 5 seconds left.\n|\n|t:|1776112771\n|move|p1b: Incineroar|Fake Out|p2b: Audino\n|-damage|p2b: Audino|90/100\n|move|p2a: Sableye|Skill Swap|p1b: Incineroar\n|-hint|Since gen 7, Dark is immune to Prankster moves.\n|-immune|p1b: Incineroar\n|move|p1a: Maushold|Taunt|p2a: Sableye\n|-start|p2a: Sableye|move: Taunt\n|cant|p2b: Audino|flinch\n|\n|upkeep\n|turn|2\n|inactive|CoolTrainerBu has 30 seconds left.\n|inactive|anubis jr. has 30 seconds left.\n|\n|t:|1776112805\n|switch|p2a: Mudsdale|Mudsdale, L50, F|100/100\n|move|p1a: Maushold|Follow Me|p1a: Maushold\n|-singleturn|p1a: Maushold|move: Follow Me\n|move|p1b: Incineroar|Flare Blitz|p2a: Mudsdale\n|-damage|p2a: Mudsdale|51/100\n|-damage|p1b: Incineroar|84/100|[from] Recoil\n|move|p2b: Audino|Heal Pulse|p1a: Maushold\n|-fail|p1a: Maushold|heal\n|\n|upkeep\n|turn|3\n|\n|t:|1776112828\n|switch|p2b: Typhlosion|Typhlosion-Hisui, L50, F|100/100\n|-item|p1a: Maushold|Chople Berry|[from] ability: Frisk|[of] p2b: Typhlosion\n|-item|p1b: Incineroar|Shuca Berry|[from] ability: Frisk|[of] p2b: Typhlosion\n|move|p1a: Maushold|Super Fang|p2b: Typhlosion\n|-immune|p2b: Typhlosion\n|move|p1b: Incineroar|Parting Shot|p2a: Mudsdale\n|-unboost|p2a: Mudsdale|atk|1\n|-unboost|p2a: Mudsdale|spa|1\n|\n|t:|1776112846\n|switch|p1b: Garchomp|Garchomp, L50, F|100/100|[from] Parting Shot\n|move|p2a: Mudsdale|High Horsepower|p1b: Garchomp\n|-damage|p1b: Garchomp|73/100\n|-damage|p2a: Mudsdale|39/100|[from] ability: Rough Skin|[of] p1b: Garchomp\n|-enditem|p2a: Mudsdale|Sitrus Berry|[eat]\n|-heal|p2a: Mudsdale|64/100|[from] item: Sitrus Berry\n|\n|upkeep\n|turn|4\n|inactive|CoolTrainerBu has 30 seconds left.\n|\n|t:|1776112873\n|switch|p1a: Incineroar|Incineroar, L50, F|84/100\n|-ability|p1a: Incineroar|Intimidate|boost\n|-fail|p2a: Mudsdale|unboost|Attack|[from] ability: Inner Focus|[of] p2a: Mudsdale\n|-unboost|p2b: Typhlosion|atk|1\n|switch|p2b: Sableye|Sableye, L50, M|100/100\n|move|p1b: Garchomp|Rock Slide|p2b: Sableye|[spread] p2a,p2b\n|-resisted|p2a: Mudsdale|1\n|-damage|p2a: Mudsdale|55/100\n|-damage|p2b: Sableye|77/100\n|move|p2a: Mudsdale|High Horsepower|p1a: Incineroar\n|-supereffective|p1a: Incineroar|1\n|-enditem|p1a: Incineroar|Shuca Berry|[eat]\n|-enditem|p1a: Incineroar|Shuca Berry|[weaken]\n|-damage|p1a: Incineroar|53/100\n|\n|upkeep\n|turn|5\n|inactive|CoolTrainerBu has 30 seconds left.\n|\n|t:|1776112906\n|switch|p1a: Whimsicott|Whimsicott, L50, F|100/100\n|switch|p2a: Audino|Audino, L50, F|100/100\n|move|p2b: Sableye|Skill Swap|p2a: Audino\n|-activate|p2b: Sableye|Skill Swap|||[of] p2a: Audino\n|move|p1b: Garchomp|Rock Slide|p2b: Sableye|[spread] p2a,p2b\n|-damage|p2a: Audino|84/100\n|-damage|p2b: Sableye|49/100\n|\n|upkeep\n|turn|6\n|inactive|anubis jr. has 30 seconds left.\n|inactive|anubis jr. has 20 seconds left.\n|\n|t:|1776112943\n|move|p1a: Whimsicott|Tailwind|p1a: Whimsicott\n|-sidestart|p1: CoolTrainerBu|move: Tailwind\n|move|p2a: Audino|After You|p2b: Sableye\n|-activate|p2b: Sableye|move: After You\n|move|p2b: Sableye|Foul Play|p1b: Garchomp\n|-damage|p1b: Garchomp|24/100\n|-damage|p2b: Sableye|37/100|[from] ability: Rough Skin|[of] p1b: Garchomp\n|move|p1b: Garchomp|Rock Slide|p2b: Sableye|[spread] p2a,p2b\n|-damage|p2a: Audino|68/100\n|-damage|p2b: Sableye|12/100\n|\n|upkeep\n|turn|7\n|inactive|anubis jr. has 30 seconds left.\n|inactive|anubis jr. has 20 seconds left.\n|inactive|anubis jr. has 15 seconds left.\n|inactive|anubis jr. has 10 seconds left.\n|\n|t:|1776112992\n|switch|p2b: Mudsdale|Mudsdale, L50, F|55/100\n|detailschange|p2a: Audino|Audino-Mega, L50, F\n|-mega|p2a: Audino|Audino|Audinite\n|move|p1b: Garchomp|Protect|p1b: Garchomp\n|-singleturn|p1b: Garchomp|Protect\n|move|p1a: Whimsicott|Moonblast|p2b: Mudsdale\n|-damage|p2b: Mudsdale|21/100\n|move|p2a: Audino|Heal Pulse|p2b: Mudsdale\n|-heal|p2b: Mudsdale|72/100\n|\n|upkeep\n|turn|8\n|inactive|CoolTrainerBu has 30 seconds left.\n|\n|t:|1776113021\n|switch|p1a: Incineroar|Incineroar, L50, F|53/100\n|-ability|p1a: Incineroar|Intimidate|boost\n|-unboost|p2a: Audino|atk|1\n|-fail|p2b: Mudsdale|unboost|Attack|[from] ability: Inner Focus|[of] p2b: Mudsdale\n|move|p1b: Garchomp|Rock Slide|p2a: Audino|[spread] p2a,p2b\n|-resisted|p2b: Mudsdale|1\n|-damage|p2a: Audino|56/100\n|-damage|p2b: Mudsdale|63/100\n|cant|p2a: Audino|flinch\n|move|p2b: Mudsdale|Heavy Slam|p1a: Incineroar\n|-resisted|p1a: Incineroar|1\n|-damage|p1a: Incineroar|33/100\n|\n|upkeep\n|turn|9\n|inactive|CoolTrainerBu has 30 seconds left.\n|inactive|CoolTrainerBu has 20 seconds left.\n|inactive|CoolTrainerBu has 15 seconds left.\n|\n|t:|1776113064\n|move|p2a: Audino|Protect|p2a: Audino\n|-singleturn|p2a: Audino|Protect\n|move|p2b: Mudsdale|Protect|p2b: Mudsdale\n|-singleturn|p2b: Mudsdale|Protect\n|move|p1a: Incineroar|Fake Out|p2a: Audino\n|-activate|p2a: Audino|move: Protect\n|move|p1b: Garchomp|Dragon Claw|p2b: Mudsdale\n|-activate|p2b: Mudsdale|move: Protect\n|\n|-sideend|p1: CoolTrainerBu|move: Tailwind\n|upkeep\n|turn|10\n|\n|t:|1776113083\n|move|p1b: Garchomp|Rock Slide|p2b: Mudsdale|[spread] p2a,p2b\n|-resisted|p2b: Mudsdale|1\n|-damage|p2a: Audino|44/100\n|-damage|p2b: Mudsdale|55/100\n|move|p1a: Incineroar|Parting Shot|p2b: Mudsdale\n|-unboost|p2b: Mudsdale|atk|1\n|-unboost|p2b: Mudsdale|spa|1\n|\n|t:|1776113095\n|switch|p1a: Whimsicott|Whimsicott, L50, F|100/100|[from] Parting Shot\n|move|p2a: Audino|Heal Pulse|p2b: Mudsdale\n|-heal|p2b: Mudsdale|100/100\n|move|p2b: Mudsdale|Heavy Slam|p1b: Garchomp\n|-damage|p1b: Garchomp|0 fnt\n|-damage|p2b: Mudsdale|88/100|[from] ability: Rough Skin|[of] p1b: Garchomp\n|faint|p1b: Garchomp\n|\n|upkeep\n|\n|t:|1776113107\n|switch|p1b: Incineroar|Incineroar, L50, F|33/100\n|-ability|p1b: Incineroar|Intimidate|boost\n|-unboost|p2a: Audino|atk|1\n|-fail|p2b: Mudsdale|unboost|Attack|[from] ability: Inner Focus|[of] p2b: Mudsdale\n|turn|11\n|\n|t:|1776113124\n|switch|p2a: Sableye|Sableye, L50, M|45/100\n|move|p1a: Whimsicott|Tailwind|p1a: Whimsicott\n|-sidestart|p1: CoolTrainerBu|move: Tailwind\n|move|p1b: Incineroar|Flare Blitz|p2a: Sableye\n|-damage|p2a: Sableye|0 fnt\n|faint|p2a: Sableye\n|-damage|p1b: Incineroar|22/100|[from] Recoil\n|move|p2b: Mudsdale|Heavy Slam|p1a: Whimsicott\n|-supereffective|p1a: Whimsicott|1\n|-damage|p1a: Whimsicott|7/100\n|\n|upkeep\n|\n|t:|1776113132\n|switch|p2a: Typhlosion|Typhlosion-Hisui, L50, F|100/100\n|-item|p1a: Whimsicott|Focus Sash|[from] ability: Frisk|[of] p2a: Typhlosion\n|turn|12\n|\n|t:|1776113152\n|switch|p1a: Maushold|Maushold, L50|100/100\n|switch|p2a: Audino|Audino-Mega, L50, F|44/100\n|move|p1b: Incineroar|Darkest Lariat|p2a: Audino\n|-resisted|p2a: Audino|1\n|-damage|p2a: Audino|33/100\n|move|p2b: Mudsdale|Rock Slide|p1b: Incineroar|[spread] p1a,p1b\n|-supereffective|p1b: Incineroar|1\n|-damage|p1a: Maushold|83/100\n|-damage|p1b: Incineroar|4/100\n|\n|upkeep\n|turn|13\n|inactive|CoolTrainerBu has 30 seconds left.\n|\n|t:|1776113178\n|move|p2a: Audino|Protect|p2a: Audino\n|-singleturn|p2a: Audino|Protect\n|move|p1a: Maushold|Super Fang|p2b: Mudsdale\n|-damage|p2b: Mudsdale|44/100\n|move|p1b: Incineroar|Flare Blitz|p2b: Mudsdale\n|-damage|p2b: Mudsdale|2/100\n|-damage|p1b: Incineroar|0 fnt|[from] Recoil\n|faint|p1b: Incineroar\n|move|p2b: Mudsdale|Rock Slide|p1a: Maushold\n|-damage|p1a: Maushold|57/100\n|\n|upkeep\n|\n|t:|1776113189\n|switch|p1b: Whimsicott|Whimsicott, L50, F|7/100\n|turn|14\n|\n|t:|1776113206\n|move|p1b: Whimsicott|Moonblast|p2b: Mudsdale\n|-damage|p2b: Mudsdale|0 fnt\n|faint|p2b: Mudsdale\n|move|p1a: Maushold|Taunt|p2a: Audino\n|-start|p2a: Audino|move: Taunt\n|cant|p2a: Audino|move: Taunt|Substitute\n|\n|-sideend|p1: CoolTrainerBu|move: Tailwind\n|upkeep\n|\n|t:|1776113208\n|switch|p2b: Typhlosion|Typhlosion-Hisui, L50, F|100/100\n|-item|p1a: Maushold|Chople Berry|[from] ability: Frisk|[of] p2b: Typhlosion\n|-item|p1b: Whimsicott|Focus Sash|[from] ability: Frisk|[of] p2b: Typhlosion\n|turn|15\n|\n|t:|1776113233\n|move|p1a: Maushold|Follow Me|p1a: Maushold\n|-singleturn|p1a: Maushold|move: Follow Me\n|move|p1b: Whimsicott|Tailwind|p1b: Whimsicott\n|-sidestart|p1: CoolTrainerBu|move: Tailwind\n|move|p2b: Typhlosion|Eruption|p1b: Whimsicott|[spread] p1a,p1b\n|-supereffective|p1b: Whimsicott|1\n|-damage|p1a: Maushold|0 fnt\n|-damage|p1b: Whimsicott|0 fnt\n|faint|p1a: Maushold\n|faint|p1b: Whimsicott\n|\n|win|anubis jr.\n|raw|CoolTrainerBu's rating: 1234 &rarr; <strong>1208</strong><br />(-26 for losing)\n|raw|anubis jr.'s rating: 1225 &rarr; <strong>1251</strong><br />(+26 for winning)\n",
  "uploadtime": 1776113245,
  "views": 51,
  "formatid": "gen9championsvgc2026regma",
  "rating": 1208,
  "private": 0,
  "password": null
}