{
  "id": "gen9championsvgc2026regma-2589430760",
  "format": "[Gen 9 Champions] VGC 2026 Reg M-A",
  "players": [
    "MiaoMeowMiao",
    "TamponSmoker"
  ],
  "log": "|j|\u2606MiaoMeowMiao\n|j|\u2606TamponSmoker\n|t:|1776722332\n|gametype|doubles\n|player|p1|MiaoMeowMiao|ghetsis|1089\n|player|p2|TamponSmoker|harlequin|1000\n|gen|9\n|tier|[Gen 9 Champions] VGC 2026 Reg M-A\n|rated|\n|rule|Species Clause: Limit one of each Pok\u00e9mon\n|rule|Item Clause: Limit 1 of each item\n|clearpoke\n|poke|p1|Excadrill, L50, F|\n|poke|p1|Sneasler, L50, M|\n|poke|p1|Rotom-Wash, L50|\n|poke|p1|Maushold-Four, L50|\n|poke|p1|Talonflame, L50, F|\n|poke|p1|Venusaur, L50, M|\n|poke|p2|Blastoise, L50, F|\n|poke|p2|Armarouge, L50, M|\n|poke|p2|Sylveon, L50, M|\n|poke|p2|Tsareena, L50, F|\n|poke|p2|Raichu-Alola, L50, M|\n|poke|p2|Talonflame, L50, F|\n|teampreview|4\n|\n|t:|1776722358\n|teamsize|p1|4\n|teamsize|p2|4\n|start\n|switch|p1a: Talonflame|Talonflame, L50, F|100/100\n|switch|p1b: Venusaur|Venusaur, L50, M|100/100\n|switch|p2a: plz no 1 shot|Talonflame, L50, F|100/100\n|switch|p2b: raichu da long way|Raichu-Alola, L50, M|100/100\n|turn|1\n|\n|t:|1776722384\n|switch|p1a: Maushold|Maushold-Four, L50|100/100\n|detailschange|p1b: Venusaur|Venusaur-Mega, L50, M\n|-mega|p1b: Venusaur|Venusaur|Venusaurite\n|move|p2b: raichu da long way|Fake Out|p1a: Maushold\n|-damage|p1a: Maushold|92/100\n|move|p2a: plz no 1 shot|Tailwind|p2a: plz no 1 shot\n|-sidestart|p2: TamponSmoker|move: Tailwind\n|move|p1b: Venusaur|Earth Power|p2b: raichu da long way\n|-supereffective|p2b: raichu da long way|1\n|-damage|p2b: raichu da long way|37/100\n|-unboost|p2b: raichu da long way|spd|1\n|\n|upkeep\n|turn|2\n|\n|t:|1776722406\n|move|p1a: Maushold|Follow Me|p1a: Maushold\n|-singleturn|p1a: Maushold|move: Follow Me\n|move|p2a: plz no 1 shot|Dual Wingbeat|p1a: Maushold\n|-damage|p1a: Maushold|74/100\n|-damage|p1a: Maushold|54/100\n|-hitcount|p1a: Maushold|2\n|move|p2b: raichu da long way|Volt Switch|p1a: Maushold\n|-damage|p1a: Maushold|16/100\n|\n|t:|1776722415\n|switch|p2b: hot chip|Armarouge, L50, M|100/100|[from] Volt Switch\n|move|p1b: Venusaur|Sludge Bomb|p2a: plz no 1 shot\n|-damage|p2a: plz no 1 shot|39/100\n|\n|upkeep\n|turn|3\n|\n|t:|1776722429\n|move|p1b: Venusaur|Protect|p1b: Venusaur\n|-singleturn|p1b: Venusaur|Protect\n|move|p2a: plz no 1 shot|U-turn|p1a: Maushold\n|-damage|p1a: Maushold|0 fnt\n|faint|p1a: Maushold\n|\n|t:|1776722435\n|switch|p2a: Battle Ship|Blastoise, L50, F|100/100|[from] U-turn\n|move|p2b: hot chip|Psychic Terrain|p2b: hot chip\n|-fieldstart|move: Psychic Terrain\n|\n|upkeep\n|\n|t:|1776722440\n|switch|p1a: Rotom|Rotom-Wash, L50|100/100\n|turn|4\n|\n|t:|1776722458\n|switch|p1b: Talonflame|Talonflame, L50, F|100/100\n|detailschange|p2a: Battle Ship|Blastoise-Mega, L50, F\n|-mega|p2a: Battle Ship|Blastoise|Blastoisinite\n|move|p2a: Battle Ship|Terrain Pulse|p1b: Talonflame\n|-damage|p1b: Talonflame|0 fnt\n|faint|p1b: Talonflame\n|move|p2b: hot chip|Expanding Force|p1a: Rotom\n|-damage|p1a: Rotom|28/100\n|move|p1a: Rotom|Hydro Pump|p2b: hot chip\n|-supereffective|p2b: hot chip|1\n|-damage|p2b: hot chip|0 fnt\n|faint|p2b: hot chip\n|\n|-heal|p1a: Rotom|34/100|[from] item: Leftovers\n|-sideend|p2: TamponSmoker|move: Tailwind\n|upkeep\n|\n|t:|1776722472\n|switch|p1b: Venusaur|Venusaur-Mega, L50, M|100/100\n|switch|p2b: plz no 1 shot|Talonflame, L50, F|39/100\n|turn|5\n|\n|t:|1776722478\n|move|p2b: plz no 1 shot|Tailwind|p2b: plz no 1 shot\n|-sidestart|p2: TamponSmoker|move: Tailwind\n|move|p2a: Battle Ship|Terrain Pulse|p1b: Venusaur\n|-supereffective|p1b: Venusaur|1\n|-damage|p1b: Venusaur|0 fnt\n|faint|p1b: Venusaur\n|move|p1a: Rotom|Thunderbolt|p2b: plz no 1 shot\n|-supereffective|p2b: plz no 1 shot|1\n|-damage|p2b: plz no 1 shot|0 fnt\n|faint|p2b: plz no 1 shot\n|\n|-heal|p1a: Rotom|39/100|[from] item: Leftovers\n|upkeep\n|-message|MiaoMeowMiao forfeited.\n|\n|win|TamponSmoker\n|raw|MiaoMeowMiao's rating: 1089 &rarr; <strong>1060</strong><br />(-29 for losing)\n|raw|TamponSmoker's rating: 1000 &rarr; <strong>1050</strong><br />(+50 for winning)\n|l|\u2606MiaoMeowMiao\n|player|p1|\n",
  "uploadtime": 1776722495,
  "views": 10,
  "formatid": "gen9championsvgc2026regma",
  "rating": 1050,
  "private": 0,
  "password": null
}