{
  "id": "gen9championsvgc2026regma-2583397378",
  "format": "[Gen 9 Champions] VGC 2026 Reg M-A",
  "players": [
    "JanniB",
    "Mameon"
  ],
  "log": "|j|\u2606JanniB\n|j|\u2606Mameon\n|t:|1776172867\n|gametype|doubles\n|player|p1|JanniB|101|1078\n|player|p2|Mameon|266|1171\n|gen|9\n|tier|[Gen 9 Champions] VGC 2026 Reg M-A\n|rated|\n|rule|Species Clause: Limit one of each Pok\u00e9mon\n|rule|Item Clause: Limit 1 of each item\n|clearpoke\n|poke|p1|Garchomp, L50, F|\n|poke|p1|Aerodactyl, L50, F|\n|poke|p1|Charizard, L50, F|\n|poke|p1|Sneasler, L50, M|\n|poke|p1|Basculegion, L50, M|\n|poke|p1|Kingambit, L50, M|\n|poke|p2|Floette-Eternal, L50, F|\n|poke|p2|Incineroar, L50, M|\n|poke|p2|Kingambit, L50, F|\n|poke|p2|Aerodactyl, L50, F|\n|poke|p2|Garchomp, L50, F|\n|poke|p2|Sinistcha, L50|\n|teampreview|4\n|\n|t:|1776172898\n|teamsize|p1|4\n|teamsize|p2|4\n|start\n|switch|p1a: Aerodactyl|Aerodactyl, L50, F|100/100\n|switch|p1b: Sneasler|Sneasler, L50, M|100/100\n|switch|p2a: Aerodactyl|Aerodactyl, L50, F|100/100\n|switch|p2b: Garchomp|Garchomp, L50, F|100/100\n|-ability|p1a: Aerodactyl|Unnerve\n|-ability|p2a: Aerodactyl|Unnerve\n|turn|1\n|\n|t:|1776172920\n|move|p2a: Aerodactyl|Protect|p2a: Aerodactyl\n|-singleturn|p2a: Aerodactyl|Protect\n|move|p2b: Garchomp|Protect|p2b: Garchomp\n|-singleturn|p2b: Garchomp|Protect\n|move|p1b: Sneasler|Fake Out|p2a: Aerodactyl\n|-activate|p2a: Aerodactyl|move: Protect\n|move|p1a: Aerodactyl|Tailwind|p1a: Aerodactyl\n|-sidestart|p1: JanniB|move: Tailwind\n|\n|upkeep\n|turn|2\n|\n|t:|1776172935\n|move|p1a: Aerodactyl|Rock Slide|p2a: Aerodactyl|[spread] p2a,p2b\n|-supereffective|p2a: Aerodactyl|1\n|-resisted|p2b: Garchomp|1\n|-damage|p2a: Aerodactyl|20/100\n|-damage|p2b: Garchomp|88/100\n|move|p1b: Sneasler|Close Combat|p2a: Aerodactyl\n|-damage|p2a: Aerodactyl|0 fnt\n|-unboost|p1b: Sneasler|def|1\n|-unboost|p1b: Sneasler|spd|1\n|faint|p2a: Aerodactyl\n|-enditem|p1b: Sneasler|White Herb\n|-clearnegativeboost|p1b: Sneasler|[silent]\n|move|p2b: Garchomp|Earthquake|p1a: Aerodactyl|[spread] p1b\n|-immune|p1a: Aerodactyl\n|-supereffective|p1b: Sneasler|1\n|-damage|p1b: Sneasler|0 fnt\n|faint|p1b: Sneasler\n|\n|upkeep\n|\n|t:|1776172956\n|switch|p2a: Floette|Floette-Eternal, L50, F|100/100\n|switch|p1b: Charizard|Charizard, L50, F|100/100\n|turn|3\n|\n|t:|1776172969\n|detailschange|p1b: Charizard|Charizard-Mega-Y, L50, F\n|-mega|p1b: Charizard|Charizard|Charizardite Y\n|-weather|SunnyDay|[from] ability: Drought|[of] p1b: Charizard\n|detailschange|p2a: Floette|Floette-Mega, L50, F\n|-mega|p2a: Floette|Floette|Floettite\n|-ability|p2a: Floette|Fairy Aura\n|move|p1a: Aerodactyl|Rock Slide|p2a: Floette|[spread] p2a,p2b\n|-resisted|p2b: Garchomp|1\n|-damage|p2a: Floette|73/100\n|-damage|p2b: Garchomp|75/100\n|move|p1b: Charizard|Heat Wave|p2a: Floette|[spread] p2a,p2b\n|-resisted|p2b: Garchomp|1\n|-damage|p2a: Floette|29/100\n|-damage|p2b: Garchomp|40/100\n|cant|p2b: Garchomp|flinch\n|move|p2a: Floette|Dazzling Gleam|p1a: Aerodactyl|[spread] p1a,p1b\n|-resisted|p1b: Charizard|1\n|-damage|p1a: Aerodactyl|38/100\n|-damage|p1b: Charizard|78/100\n|\n|-weather|SunnyDay|[upkeep]\n|upkeep\n|turn|4\n|\n|t:|1776172993\n|move|p2b: Garchomp|Protect|p2b: Garchomp\n|-singleturn|p2b: Garchomp|Protect\n|move|p2a: Floette|Protect|p2a: Floette\n|-singleturn|p2a: Floette|Protect\n|move|p1a: Aerodactyl|Rock Slide|p2b: Garchomp|[spread] \n|-activate|p2a: Floette|move: Protect\n|-activate|p2b: Garchomp|move: Protect\n|move|p1b: Charizard|Heat Wave|p2b: Garchomp|[spread] \n|-activate|p2a: Floette|move: Protect\n|-activate|p2b: Garchomp|move: Protect\n|\n|-weather|SunnyDay|[upkeep]\n|-sideend|p1: JanniB|move: Tailwind\n|upkeep\n|turn|5\n|\n|t:|1776173013\n|switch|p2a: Incineroar|Incineroar, L50, M|100/100\n|-ability|p2a: Incineroar|Intimidate|boost\n|-unboost|p1a: Aerodactyl|atk|1\n|-unboost|p1b: Charizard|atk|1\n|move|p1a: Aerodactyl|Tailwind|p1a: Aerodactyl\n|-sidestart|p1: JanniB|move: Tailwind\n|move|p1b: Charizard|Heat Wave|p2a: Incineroar|[spread] \n|-miss|p1b: Charizard|p2a: Incineroar\n|-miss|p1b: Charizard|p2b: Garchomp\n|move|p2b: Garchomp|Rock Slide|p1b: Charizard|[spread] p1a,p1b\n|-supereffective|p1a: Aerodactyl|1\n|-supereffective|p1b: Charizard|2\n|-damage|p1a: Aerodactyl|0 fnt\n|-damage|p1b: Charizard|0 fnt\n|faint|p1a: Aerodactyl\n|faint|p1b: Charizard\n|\n|-weather|SunnyDay|[upkeep]\n|upkeep\n|-message|JanniB forfeited.\n|\n|win|Mameon\n|raw|JanniB's rating: 1078 &rarr; <strong>1062</strong><br />(-16 for losing)\n|raw|Mameon's rating: 1171 &rarr; <strong>1189</strong><br />(+18 for winning)\n|l|\u2606JanniB\n|player|p1|\n",
  "uploadtime": 1776173032,
  "views": 16,
  "formatid": "gen9championsvgc2026regma",
  "rating": 1062,
  "private": 0,
  "password": null
}