{
  "id": "gen9championsvgc2026regma-2586833511",
  "format": "[Gen 9 Champions] VGC 2026 Reg M-A",
  "players": [
    "Creff",
    "Fogglez"
  ],
  "log": "|j|\u2606Creff\n|j|\u2606Fogglez\n|t:|1776463742\n|gametype|doubles\n|player|p1|Creff|infielder|1000\n|player|p2|Fogglez|169|1055\n|gen|9\n|tier|[Gen 9 Champions] VGC 2026 Reg M-A\n|rated|\n|rule|Species Clause: Limit one of each Pok\u00e9mon\n|rule|Item Clause: Limit 1 of each item\n|clearpoke\n|poke|p1|Glimmora, L50, M|\n|poke|p1|Ninetales-Alola, L50, F|\n|poke|p1|Sneasler, L50, M|\n|poke|p1|Palafin, L50, F|\n|poke|p1|Pelipper, L50, M|\n|poke|p1|Sinistcha, L50|\n|poke|p2|Kleavor, L50, F|\n|poke|p2|Whimsicott, L50, M|\n|poke|p2|Aerodactyl, L50, M|\n|poke|p2|Weavile, L50, F|\n|poke|p2|Typhlosion-Hisui, L50, F|\n|poke|p2|Maushold-Four, L50|\n|teampreview|4\nCreff has agreed to open team sheets.\n|\n|t:|1776463769\n|teamsize|p1|4\n|teamsize|p2|4\n|start\n|switch|p1a: Glimmora|Glimmora, L50, M|100/100\n|switch|p1b: Sneasler|Sneasler, L50, M|100/100\n|switch|p2a: Kleavor|Kleavor, L50, F|100/100\n|switch|p2b: Whimsicott|Whimsicott, L50, M|100/100\n|turn|1\n|\n|t:|1776463782\n|detailschange|p1a: Glimmora|Glimmora-Mega, L50, M\n|-mega|p1a: Glimmora|Glimmora|Glimmoranite\n|move|p1b: Sneasler|Fake Out|p2a: Kleavor\n|-resisted|p2a: Kleavor|1\n|-damage|p2a: Kleavor|91/100\n|move|p2b: Whimsicott|Tailwind|p2b: Whimsicott\n|-sidestart|p2: Fogglez|move: Tailwind\n|cant|p2a: Kleavor|flinch\n|move|p1a: Glimmora|Power Gem|p2a: Kleavor\n|-supereffective|p2a: Kleavor|1\n|-damage|p2a: Kleavor|0 fnt\n|faint|p2a: Kleavor\n|\n|upkeep\n|\n|t:|1776463789\n|switch|p2a: Maushold|Maushold-Four, L50|100/100\n|turn|2\n|\n|t:|1776463818\n|switch|p2b: Aerodactyl|Aerodactyl, L50, M|100/100\n|-ability|p2b: Aerodactyl|Unnerve\n|switch|p1b: Palafin|Palafin, L50, F|100/100\n|move|p2a: Maushold|Follow Me|p2a: Maushold\n|-singleturn|p2a: Maushold|move: Follow Me\n|move|p1a: Glimmora|Power Gem|p2a: Maushold\n|-damage|p2a: Maushold|20/100\n|\n|upkeep\n|turn|3\n|\n|t:|1776463842\n|detailschange|p1b: Palafin|Palafin-Hero, L50, F\n|switch|p1b: Ninetales|Ninetales-Alola, L50, F|100/100\n|-weather|Snowscape|[from] ability: Snow Warning|[of] p1b: Ninetales\n|detailschange|p2b: Aerodactyl|Aerodactyl-Mega, L50, M\n|-mega|p2b: Aerodactyl|Aerodactyl|Aerodactylite\n|move|p1a: Glimmora|Spiky Shield|p1a: Glimmora\n|-singleturn|p1a: Glimmora|move: Protect\n|move|p2a: Maushold|Follow Me|p2a: Maushold\n|-singleturn|p2a: Maushold|move: Follow Me\n|move|p2b: Aerodactyl|Earthquake|p1a: Glimmora|[spread] p2a,p1b\n|-activate|p1a: Glimmora|move: Protect\n|-damage|p2a: Maushold|0 fnt\n|-damage|p1b: Ninetales|74/100\n|faint|p2a: Maushold\n|\n|-weather|Snowscape|[upkeep]\n|upkeep\n|\n|t:|1776463849\n|switch|p2a: Whimsicott|Whimsicott, L50, M|100/100\n|turn|4\n|\n|t:|1776463863\n|switch|p1a: Palafin|Palafin-Hero, L50, F|100/100\n|-activate|p1a: Palafin|ability: Zero to Hero\n|move|p2a: Whimsicott|Taunt|p1b: Ninetales\n|-start|p1b: Ninetales|move: Taunt\n|move|p2b: Aerodactyl|Rock Slide|p1b: Ninetales|[spread] p1a,p1b\n|-supereffective|p1b: Ninetales|1\n|-damage|p1a: Palafin|71/100\n|-damage|p1b: Ninetales|13/100\n|move|p1b: Ninetales|Blizzard|p2b: Aerodactyl|[spread] p2a,p2b\n|-supereffective|p2a: Whimsicott|1\n|-supereffective|p2b: Aerodactyl|1\n|-damage|p2a: Whimsicott|11/100\n|-damage|p2b: Aerodactyl|27/100\n|-status|p2a: Whimsicott|frz\n|\n|-weather|Snowscape|[upkeep]\n|-sideend|p2: Fogglez|move: Tailwind\n|upkeep\n|turn|5\n|\n|t:|1776463884\n|cant|p2a: Whimsicott|frz\n|move|p1a: Palafin|Jet Punch|p2b: Aerodactyl\n|-supereffective|p2b: Aerodactyl|1\n|-damage|p2b: Aerodactyl|0 fnt\n|faint|p2b: Aerodactyl\n|move|p1b: Ninetales|Blizzard|p2a: Whimsicott\n|-supereffective|p2a: Whimsicott|1\n|-damage|p2a: Whimsicott|0 fnt\n|faint|p2a: Whimsicott\n|\n|win|Creff\n|raw|Creff's rating: 1000 &rarr; <strong>1046</strong><br />(+46 for winning)\n|raw|Fogglez's rating: 1055 &rarr; <strong>1034</strong><br />(-21 for losing)\n|l|\u2606Fogglez\n|player|p2|\n",
  "uploadtime": 1776463900,
  "views": 32,
  "formatid": "gen9championsvgc2026regma",
  "rating": 1034,
  "private": 0,
  "password": null
}