{
  "id": "gen9championsvgc2026regma-2585752083",
  "format": "[Gen 9 Champions] VGC 2026 Reg M-A",
  "players": [
    "phyloren22395",
    "Mameon"
  ],
  "log": "|j|\u2606phyloren22395\n|j|\u2606Mameon\n|t:|1776368131\n|gametype|doubles\n|player|p1|phyloren22395|swimmer-gen4dp|1180\n|player|p2|Mameon|2|1252\n|gen|9\n|tier|[Gen 9 Champions] VGC 2026 Reg M-A\n|rated|\n|rule|Species Clause: Limit one of each Pok\u00e9mon\n|rule|Item Clause: Limit 1 of each item\n|clearpoke\n|poke|p1|Gengar, L50, M|\n|poke|p1|Floette-Eternal, L50, F|\n|poke|p1|Scizor, L50, M|\n|poke|p1|Pelipper, L50, M|\n|poke|p1|Garchomp, L50, M|\n|poke|p1|Milotic, L50, M|\n|poke|p2|Charizard, L50, M|\n|poke|p2|Kingambit, L50, F|\n|poke|p2|Incineroar, L50, F|\n|poke|p2|Aerodactyl, L50, F|\n|poke|p2|Floette-Eternal, L50, F|\n|poke|p2|Sneasler, L50, M|\n|teampreview|4\n|\n|t:|1776368165\n|teamsize|p1|4\n|teamsize|p2|4\n|start\n|switch|p1a: Milotic|Milotic, L50, M|100/100\n|switch|p1b: Gengar|Gengar, L50, M, shiny|100/100\n|switch|p2a: Aerodactyl|Aerodactyl, L50, F|100/100\n|switch|p2b: Kingambit|Kingambit, L50, F|100/100\n|-ability|p2a: Aerodactyl|Unnerve\n|turn|1\n|\n|t:|1776368189\n|move|p1b: Gengar|Trick|p2b: Kingambit\n|-activate|p1b: Gengar|move: Trick|[of] p2b: Kingambit\n|-item|p2b: Kingambit|Choice Scarf|[from] move: Trick\n|-item|p1b: Gengar|Black Glasses|[from] move: Trick\n|move|p2a: Aerodactyl|Rock Slide|p1a: Milotic|[spread] p1a,p1b\n|-damage|p1a: Milotic|78/100\n|-damage|p1b: Gengar|52/100\n|move|p2b: Kingambit|Kowtow Cleave|p1b: Gengar\n|-supereffective|p1b: Gengar|1\n|-damage|p1b: Gengar|0 fnt\n|faint|p1b: Gengar\n|move|p1a: Milotic|Coil|p1a: Milotic\n|-boost|p1a: Milotic|atk|1\n|-boost|p1a: Milotic|def|1\n|-boost|p1a: Milotic|accuracy|1\n|\n|-heal|p1a: Milotic|84/100|[from] item: Leftovers\n|upkeep\n|\n|t:|1776368203\n|switch|p1b: Garchomp|Garchomp, L50, M|100/100\n|turn|2\n|\n|t:|1776368214\n|move|p1b: Garchomp|Protect|p1b: Garchomp\n|-singleturn|p1b: Garchomp|Protect\n|move|p2a: Aerodactyl|Tailwind|p2a: Aerodactyl\n|-sidestart|p2: Mameon|move: Tailwind\n|move|p2b: Kingambit|Kowtow Cleave|p1b: Garchomp\n|-activate|p1b: Garchomp|move: Protect\n|move|p1a: Milotic|Hypnosis|p2b: Kingambit|[miss]\n|-miss|p1a: Milotic|p2b: Kingambit\n|\n|-heal|p1a: Milotic|90/100|[from] item: Leftovers\n|upkeep\n|turn|3\n|\n|t:|1776368230\n|move|p2a: Aerodactyl|Rock Slide|p1a: Milotic|[spread] p1a,p1b\n|-resisted|p1b: Garchomp|1\n|-damage|p1a: Milotic|77/100\n|-damage|p1b: Garchomp|87/100\n|move|p2b: Kingambit|Kowtow Cleave|p1a: Milotic\n|-damage|p1a: Milotic|50/100\n|move|p1b: Garchomp|Rock Slide|p2b: Kingambit|[spread] p2a,p2b\n|-supereffective|p2a: Aerodactyl|1\n|-resisted|p2b: Kingambit|1\n|-damage|p2a: Aerodactyl|43/100\n|-damage|p2b: Kingambit|93/100\n|move|p1a: Milotic|Muddy Water|p2a: Aerodactyl|[spread] p2a,p2b\n|-supereffective|p2a: Aerodactyl|1\n|-damage|p2a: Aerodactyl|0 fnt\n|-damage|p2b: Kingambit|68/100\n|faint|p2a: Aerodactyl\n|\n|-heal|p1a: Milotic|55/100|[from] item: Leftovers\n|upkeep\n|\n|t:|1776368246\n|switch|p2a: Sneasler|Sneasler, L50, M|100/100\n|turn|4\n|\n|t:|1776368269\n|move|p1b: Garchomp|Protect|p1b: Garchomp\n|-singleturn|p1b: Garchomp|Protect\n|move|p1a: Milotic|Protect|p1a: Milotic\n|-singleturn|p1a: Milotic|Protect\n|move|p2a: Sneasler|Dire Claw|p1a: Milotic\n|-activate|p1a: Milotic|move: Protect\n|move|p2b: Kingambit|Kowtow Cleave|p1b: Garchomp\n|-activate|p1b: Garchomp|move: Protect\n|\n|-heal|p1a: Milotic|61/100|[from] item: Leftovers\n|upkeep\n|turn|5\n|\n|t:|1776368294\n|move|p2a: Sneasler|Close Combat|p1b: Garchomp\n|-damage|p1b: Garchomp|28/100\n|-unboost|p2a: Sneasler|def|1\n|-unboost|p2a: Sneasler|spd|1\n|-damage|p2a: Sneasler|88/100|[from] ability: Rough Skin|[of] p1b: Garchomp\n|-enditem|p2a: Sneasler|White Herb\n|-clearnegativeboost|p2a: Sneasler|[silent]\n|move|p2b: Kingambit|Kowtow Cleave|p1b: Garchomp\n|-damage|p1b: Garchomp|0 fnt\n|-damage|p2b: Kingambit|55/100|[from] ability: Rough Skin|[of] p1b: Garchomp\n|faint|p1b: Garchomp\n|move|p1a: Milotic|Hypnosis|p2a: Sneasler\n|-status|p2a: Sneasler|slp|[from] move: Hypnosis\n|\n|-heal|p1a: Milotic|67/100|[from] item: Leftovers\n|-sideend|p2: Mameon|move: Tailwind\n|upkeep\n|\n|t:|1776368303\n|switch|p1b: Pelipper|Pelipper, L50, M, shiny|100/100\n|-weather|RainDance|[from] ability: Drizzle|[of] p1b: Pelipper\n|turn|6\n|\n|t:|1776368324\n|cant|p2a: Sneasler|slp\n|move|p2b: Kingambit|Kowtow Cleave|p1a: Milotic\n|-damage|p1a: Milotic|38/100\n|move|p1b: Pelipper|Weather Ball|p2b: Kingambit\n|-damage|p2b: Kingambit|0 fnt\n|faint|p2b: Kingambit\n|move|p1a: Milotic|Muddy Water|p2a: Sneasler\n|-damage|p2a: Sneasler|10/100 slp\n|\n|-weather|RainDance|[upkeep]\n|-heal|p1a: Milotic|44/100|[from] item: Leftovers\n|upkeep\n|\n|t:|1776368336\n|switch|p2b: Charizard|Charizard, L50, M|100/100\n|turn|7\n|\n|t:|1776368344\n|detailschange|p2b: Charizard|Charizard-Mega-Y, L50, M\n|-mega|p2b: Charizard|Charizard|Charizardite Y\n|-weather|SunnyDay|[from] ability: Drought|[of] p2b: Charizard\n|move|p1a: Milotic|Protect|p1a: Milotic\n|-singleturn|p1a: Milotic|Protect\n|cant|p2a: Sneasler|slp\n|move|p2b: Charizard|Solar Beam||[still]\n|-prepare|p2b: Charizard|Solar Beam\n|-anim|p2b: Charizard|Solar Beam|p1a: Milotic\n|-activate|p1a: Milotic|move: Protect\n|move|p1b: Pelipper|Tailwind|p1b: Pelipper\n|-sidestart|p1: phyloren22395|move: Tailwind\n|\n|-weather|SunnyDay|[upkeep]\n|-heal|p1a: Milotic|50/100|[from] item: Leftovers\n|upkeep\n|turn|8\n|\n|t:|1776368360\n|-curestatus|p2a: Sneasler|slp|[msg]\n|move|p2a: Sneasler|Dire Claw|p1b: Pelipper\n|-damage|p1b: Pelipper|50/100\n|move|p1b: Pelipper|Weather Ball|p2a: Sneasler\n|-damage|p2a: Sneasler|0 fnt\n|faint|p2a: Sneasler\n|move|p1a: Milotic|Hypnosis|p2b: Charizard\n|-status|p2b: Charizard|slp|[from] move: Hypnosis\n|cant|p2b: Charizard|slp\n|\n|-weather|SunnyDay|[upkeep]\n|-heal|p1a: Milotic|55/100|[from] item: Leftovers\n|upkeep\n|turn|9\n|\n|t:|1776368373\n|move|p1b: Pelipper|Weather Ball|p2b: Charizard\n|-resisted|p2b: Charizard|1\n|-damage|p2b: Charizard|78/100 slp\n|move|p1a: Milotic|Muddy Water|p2b: Charizard\n|-supereffective|p2b: Charizard|1\n|-damage|p2b: Charizard|43/100 slp\n|cant|p2b: Charizard|slp\n|\n|-weather|SunnyDay|[upkeep]\n|-heal|p1a: Milotic|61/100|[from] item: Leftovers\n|upkeep\n|turn|10\n|\n|t:|1776368390\n|-curestatus|p2b: Charizard|slp|[msg]\n|move|p2b: Charizard|Protect|p2b: Charizard\n|-singleturn|p2b: Charizard|Protect\n|move|p1b: Pelipper|Weather Ball|p2b: Charizard\n|-activate|p2b: Charizard|move: Protect\n|move|p1a: Milotic|Muddy Water|p2b: Charizard\n|-activate|p2b: Charizard|move: Protect\n|\n|-weather|SunnyDay|[upkeep]\n|-heal|p1a: Milotic|67/100|[from] item: Leftovers\n|-sideend|p1: phyloren22395|move: Tailwind\n|upkeep\n|turn|11\n|\n|t:|1776368412\n|move|p2b: Charizard|Solar Beam||[still]\n|-prepare|p2b: Charizard|Solar Beam\n|-anim|p2b: Charizard|Solar Beam|p1b: Pelipper\n|-damage|p1b: Pelipper|0 fnt\n|faint|p1b: Pelipper\n|move|p1a: Milotic|Hypnosis|p2b: Charizard|[miss]\n|-miss|p1a: Milotic|p2b: Charizard\n|\n|-weather|none\n|-heal|p1a: Milotic|73/100|[from] item: Leftovers\n|upkeep\n|turn|12\n|\n|t:|1776368431\n|move|p2b: Charizard|Solar Beam||[still]\n|-prepare|p2b: Charizard|Solar Beam\n|move|p1a: Milotic|Muddy Water|p2b: Charizard\n|-supereffective|p2b: Charizard|1\n|-damage|p2b: Charizard|0 fnt\n|faint|p2b: Charizard\n|\n|win|phyloren22395\n|raw|phyloren22395's rating: 1180 &rarr; <strong>1210</strong><br />(+30 for winning)\n|raw|Mameon's rating: 1252 &rarr; <strong>1222</strong><br />(-30 for losing)\n|l|\u2606phyloren22395\n|player|p1|\n",
  "uploadtime": 1776368437,
  "views": 65,
  "formatid": "gen9championsvgc2026regma",
  "rating": 1210,
  "private": 0,
  "password": null
}