{
  "id": "gen9championsvgc2026regma-2584850106",
  "format": "[Gen 9 Champions] VGC 2026 Reg M-A",
  "players": [
    "Garchomp0521",
    "lets buy packs"
  ],
  "log": "|j|\u2606Garchomp0521\n|j|\u2606lets buy packs\n|t:|1776288539\n|gametype|doubles\n|player|p1|Garchomp0521|ingo|1160\n|player|p2|lets buy packs|red-masters3|1135\n|gen|9\n|tier|[Gen 9 Champions] VGC 2026 Reg M-A\n|rated|\n|rule|Species Clause: Limit one of each Pok\u00e9mon\n|rule|Item Clause: Limit 1 of each item\n|clearpoke\n|poke|p1|Gengar, L50, F|\n|poke|p1|Sableye, L50, F|\n|poke|p1|Azumarill, L50, F|\n|poke|p1|Sinistcha, L50|\n|poke|p1|Sneasler, L50, M|\n|poke|p1|Raichu, L50, M|\n|poke|p2|Espathra, L50, M|\n|poke|p2|Glimmora, L50, M|\n|poke|p2|Incineroar, L50, F|\n|poke|p2|Maushold-Four, L50|\n|poke|p2|Froslass, L50, F|\n|poke|p2|Sneasler, L50, M|\n|teampreview|4\n|inactive|Battle timer is ON: inactive players will automatically lose when time's up. (requested by lets buy packs)\n|inactive|Garchomp0521 has 60 seconds left.\n|\n|t:|1776288588\n|teamsize|p1|4\n|teamsize|p2|4\n|start\n|switch|p1a: Gengar|Gengar, L50, F|100/100\n|switch|p1b: Sableye|Sableye, L50, F|100/100\n|switch|p2a: Espathra|Espathra, L50, M|100/100\n|switch|p2b: Sneasler|Sneasler, L50, M|100/100\n|turn|1\n|\n|t:|1776288604\n|switch|p2b: Maushold|Maushold-Four, L50|100/100\n|detailschange|p1a: Gengar|Gengar-Mega, L50, F\n|-mega|p1a: Gengar|Gengar|Gengarite\n|move|p1a: Gengar|Protect|p1a: Gengar\n|-singleturn|p1a: Gengar|Protect\n|move|p1b: Sableye|Gravity|p1b: Sableye\n|-fieldstart|move: Gravity\n|move|p2a: Espathra|Lumina Crash|p1a: Gengar\n|-activate|p1a: Gengar|move: Protect\n|\n|-ability|p2a: Espathra|Speed Boost|boost\n|-boost|p2a: Espathra|spe|1\n|upkeep\n|turn|2\n|\n|t:|1776288627\n|move|p2b: Maushold|Follow Me|p2b: Maushold\n|-singleturn|p2b: Maushold|move: Follow Me\n|move|p1b: Sableye|Disable|p2b: Maushold\n|-start|p2b: Maushold|Disable|Follow Me\n|move|p2a: Espathra|Lumina Crash|p1a: Gengar\n|-supereffective|p1a: Gengar|1\n|-damage|p1a: Gengar|27/100\n|-unboost|p1a: Gengar|spd|2\n|move|p1a: Gengar|Substitute|p1a: Gengar\n|-start|p1a: Gengar|Substitute\n|-damage|p1a: Gengar|3/100\n|\n|-ability|p2a: Espathra|Speed Boost|boost\n|-boost|p2a: Espathra|spe|1\n|upkeep\n|turn|3\n|\n|t:|1776288651\n|move|p1b: Sableye|Disable|p2a: Espathra\n|-start|p2a: Espathra|Disable|Lumina Crash\n|move|p2a: Espathra|Baton Pass|p2a: Espathra\n|\n|t:|1776288655\n|switch|p2a: Glimmora|Glimmora, L50, M, shiny|100/100|[from] Baton Pass\n|move|p1a: Gengar|Perish Song|p1a: Gengar\n|-start|p1a: Gengar|perish3|[silent]\n|-start|p1b: Sableye|perish3|[silent]\n|-start|p2a: Glimmora|perish3|[silent]\n|-start|p2b: Maushold|perish3|[silent]\n|-fieldactivate|move: Perish Song\n|move|p2b: Maushold|Taunt|p1b: Sableye\n|-start|p1b: Sableye|move: Taunt\n|-enditem|p1b: Sableye|Mental Herb\n|-end|p1b: Sableye|move: Taunt\n|\n|-start|p2a: Glimmora|perish3\n|-start|p1a: Gengar|perish3\n|-start|p2b: Maushold|perish3\n|-start|p1b: Sableye|perish3\n|upkeep\n|turn|4\n|inactive|Garchomp0521 has 30 seconds left.\n|\n|t:|1776288685\n|detailschange|p2a: Glimmora|Glimmora-Mega, L50, M, shiny\n|-mega|p2a: Glimmora|Glimmora|Glimmoranite\n|move|p1b: Sableye|Quash|p2a: Glimmora\n|-activate|p2a: Glimmora|move: Quash\n|move|p1a: Gengar|Hypnosis|p2a: Glimmora\n|-status|p2a: Glimmora|slp|[from] move: Hypnosis\n|move|p2b: Maushold|Taunt|p1b: Sableye\n|-start|p1b: Sableye|move: Taunt\n|cant|p2a: Glimmora|slp\n|\n|-start|p2a: Glimmora|perish2\n|-start|p1a: Gengar|perish2\n|-start|p2b: Maushold|perish2\n|-start|p1b: Sableye|perish2\n|upkeep\n|turn|5\n|\n|t:|1776288707\n|switch|p1b: Azumarill|Azumarill, L50, F|100/100\n|move|p1a: Gengar|Protect|p1a: Gengar\n|-singleturn|p1a: Gengar|Protect\n|move|p2b: Maushold|Feint|p1a: Gengar\n|-immune|p1a: Gengar\n|cant|p2a: Glimmora|slp\n|\n|-start|p2a: Glimmora|perish1\n|-start|p1a: Gengar|perish1\n|-start|p2b: Maushold|perish1\n|-fieldend|move: Gravity\n|upkeep\n|turn|6\n|\n|t:|1776288730\n|switch|p1a: Sableye|Sableye, L50, F|100/100\n|move|p2b: Maushold|Feint|p1b: Azumarill\n|-damage|p1b: Azumarill|91/100\n|-curestatus|p2a: Glimmora|slp|[msg]\n|move|p2a: Glimmora|Sludge Bomb|p1b: Azumarill\n|-supereffective|p1b: Azumarill|1\n|-damage|p1b: Azumarill|0 fnt\n|faint|p1b: Azumarill\n|\n|-end|p2b: Maushold|Disable\n|-start|p2a: Glimmora|perish0\n|-start|p2b: Maushold|perish0\n|upkeep\n|faint|p2a: Glimmora\n|faint|p2b: Maushold\n|\n|t:|1776288741\n|switch|p2a: Sneasler|Sneasler, L50, M|100/100\n|switch|p2b: Espathra|Espathra, L50, M|100/100\n|switch|p1b: Gengar|Gengar-Mega, L50, F|3/100\n|turn|7\n|\n|t:|1776288762\n|move|p2b: Espathra|Protect|p2b: Espathra\n|-singleturn|p2b: Espathra|Protect\n|move|p1a: Sableye|Gravity|p1a: Sableye\n|-fieldstart|move: Gravity\n|move|p1b: Gengar|Perish Song|p1b: Gengar\n|-start|p1a: Sableye|perish3|[silent]\n|-start|p1b: Gengar|perish3|[silent]\n|-start|p2a: Sneasler|perish3|[silent]\n|-start|p2b: Espathra|perish3|[silent]\n|-fieldactivate|move: Perish Song\n|move|p2a: Sneasler|Dire Claw|p1a: Sableye\n|-resisted|p1a: Sableye|1\n|-damage|p1a: Sableye|80/100\n|\n|-start|p1b: Gengar|perish3\n|-start|p2a: Sneasler|perish3\n|-start|p2b: Espathra|perish3\n|-start|p1a: Sableye|perish3\n|-ability|p2b: Espathra|Speed Boost|boost\n|-boost|p2b: Espathra|spe|1\n|upkeep\n|turn|8\n|\n|t:|1776288773\n|move|p1a: Sableye|Encore|p2b: Espathra\n|-start|p2b: Espathra|Encore\n|move|p2b: Espathra|Protect||[still]\n|-fail|p2b: Espathra\n|move|p1b: Gengar|Hypnosis|p2a: Sneasler\n|-status|p2a: Sneasler|slp|[from] move: Hypnosis\n|cant|p2a: Sneasler|slp\n|\n|-start|p2b: Espathra|perish2\n|-start|p1b: Gengar|perish2\n|-start|p2a: Sneasler|perish2\n|-start|p1a: Sableye|perish2\n|-ability|p2b: Espathra|Speed Boost|boost\n|-boost|p2b: Espathra|spe|1\n|upkeep\n|turn|9\n|-message|lets buy packs forfeited.\n|\n|win|Garchomp0521\n|raw|Garchomp0521's rating: 1160 &rarr; <strong>1183</strong><br />(+23 for winning)\n|raw|lets buy packs's rating: 1135 &rarr; <strong>1112</strong><br />(-23 for losing)\n",
  "uploadtime": 1776288778,
  "views": 24,
  "formatid": "gen9championsvgc2026regma",
  "rating": 1112,
  "private": 0,
  "password": null
}