{
  "id": "gen9championsvgc2026regma-2584845590",
  "format": "[Gen 9 Champions] VGC 2026 Reg M-A",
  "players": [
    "WaluigiVGC",
    "Petterssonfan40"
  ],
  "log": "|j|\u2606WaluigiVGC\n|j|\u2606Petterssonfan40\n|t:|1776288169\n|gametype|doubles\n|player|p1|WaluigiVGC|101|1165\n|player|p2|Petterssonfan40|102|1197\n|gen|9\n|tier|[Gen 9 Champions] VGC 2026 Reg M-A\n|rated|\n|rule|Species Clause: Limit one of each Pok\u00e9mon\n|rule|Item Clause: Limit 1 of each item\n|clearpoke\n|poke|p1|Sneasler, L50, F|\n|poke|p1|Aerodactyl, L50, M|\n|poke|p1|Basculegion, L50, M|\n|poke|p1|Incineroar, L50, F|\n|poke|p1|Floette-Eternal, L50, F|\n|poke|p1|Sinistcha, L50|\n|poke|p2|Delphox, L50, M|\n|poke|p2|Sinistcha-Masterpiece, L50|\n|poke|p2|Garchomp, L50, F|\n|poke|p2|Rotom-Wash, L50|\n|poke|p2|Aerodactyl, L50, M|\n|poke|p2|Ditto, L50|\n|teampreview|4\nPetterssonfan40 has agreed to open team sheets.\n|inactive|Battle timer is ON: inactive players will automatically lose when time's up. (requested by Petterssonfan40)\n|inactive|Petterssonfan40 has 60 seconds left.\n|\n|t:|1776288219\n|teamsize|p1|4\n|teamsize|p2|4\n|start\n|switch|p1a: Aerodactyl|Aerodactyl, L50, M|100/100\n|switch|p1b: Floette|Floette-Eternal, L50, F|100/100\n|switch|p2a: Delphox|Delphox, L50, M|100/100\n|switch|p2b: Aerodactyl|Aerodactyl, L50, M|100/100\n|-ability|p2b: Aerodactyl|Unnerve\n|-ability|p1a: Aerodactyl|Unnerve\n|turn|1\n|inactive|WaluigiVGC has 30 seconds left.\n|\n|t:|1776288247\n|switch|p2a: Ditto|Ditto, L50|100/100\n|-transform|p2a: Ditto|p1b: Floette|[from] ability: Imposter\n|move|p2b: Aerodactyl|Tailwind|p2b: Aerodactyl\n|-sidestart|p2: Petterssonfan40|move: Tailwind\n|move|p1a: Aerodactyl|Rock Slide|p2b: Aerodactyl|[spread] p2a,p2b\n|-supereffective|p2b: Aerodactyl|1\n|-damage|p2a: Ditto|62/100\n|-damage|p2b: Aerodactyl|23/100\n|move|p1b: Floette|Dazzling Gleam|p2b: Aerodactyl|[spread] p2a,p2b\n|-damage|p2a: Ditto|30/100\n|-damage|p2b: Aerodactyl|0 fnt\n|faint|p2b: Aerodactyl\n|\n|upkeep\n|\n|t:|1776288263\n|switch|p2b: Delphox|Delphox, L50, M|100/100\n|turn|2\n|\n|t:|1776288277\n|detailschange|p2b: Delphox|Delphox-Mega, L50, M\n|-mega|p2b: Delphox|Delphox|Delphoxite\n|detailschange|p1b: Floette|Floette-Mega, L50, F\n|-mega|p1b: Floette|Floette|Floettite\n|-ability|p1b: Floette|Fairy Aura\n|move|p2b: Delphox|Psychic|p1a: Aerodactyl\n|-damage|p1a: Aerodactyl|25/100\n|move|p2a: Ditto|Moonblast|p1a: Aerodactyl\n|-damage|p1a: Aerodactyl|0 fnt\n|faint|p1a: Aerodactyl\n|move|p1b: Floette|Dazzling Gleam|p2a: Ditto|[spread] p2a,p2b\n|-resisted|p2b: Delphox|1\n|-damage|p2a: Ditto|0 fnt\n|-damage|p2b: Delphox|76/100\n|faint|p2a: Ditto\n|\n|upkeep\n|\n|t:|1776288294\n|switch|p1a: Sinistcha|Sinistcha, L50|100/100\n|switch|p2a: Sinistcha|Sinistcha-Masterpiece, L50|100/100\n|-heal|p2b: Delphox|100/100|[from] ability: Hospitality|[of] p2a: Sinistcha\n|turn|3\n|\n|t:|1776288304\n|move|p1b: Floette|Protect|p1b: Floette\n|-singleturn|p1b: Floette|Protect\n|move|p2a: Sinistcha|Rage Powder|p2a: Sinistcha\n|-singleturn|p2a: Sinistcha|move: Rage Powder\n|move|p2b: Delphox|Nasty Plot|p2b: Delphox\n|-boost|p2b: Delphox|spa|2\n|move|p1a: Sinistcha|Trick Room|p1a: Sinistcha\n|-fieldstart|move: Trick Room|[of] p1a: Sinistcha\n|\n|upkeep\n|turn|4\n|inactive|WaluigiVGC has 30 seconds left.\n|\n|t:|1776288331\n|move|p1a: Sinistcha|Rage Powder|p1a: Sinistcha\n|-singleturn|p1a: Sinistcha|move: Rage Powder\n|move|p2a: Sinistcha|Rage Powder|p2a: Sinistcha\n|-singleturn|p2a: Sinistcha|move: Rage Powder\n|move|p1b: Floette|Dazzling Gleam|p2b: Delphox|[spread] p2a,p2b\n|-resisted|p2b: Delphox|1\n|-damage|p2a: Sinistcha|56/100\n|-damage|p2b: Delphox|76/100\n|move|p2b: Delphox|Heat Wave|p1a: Sinistcha|[spread] p1a,p1b\n|-supereffective|p1a: Sinistcha|1\n|-damage|p1a: Sinistcha|0 fnt\n|-damage|p1b: Floette|32/100\n|faint|p1a: Sinistcha\n|\n|-sideend|p2: Petterssonfan40|move: Tailwind\n|upkeep\n|\n|t:|1776288345\n|switch|p1a: Basculegion|Basculegion, L50, M|100/100\n|turn|5\n|\n|t:|1776288363\n|move|p2b: Delphox|Protect|p2b: Delphox\n|-singleturn|p2b: Delphox|Protect\n|move|p2a: Sinistcha|Matcha Gotcha|p1b: Floette|[spread] p1a,p1b\n|-supereffective|p1a: Basculegion|1\n|-damage|p1a: Basculegion|47/100\n|-heal|p2a: Sinistcha|85/100|[from] drain|[of] p1a: Basculegion\n|-damage|p1b: Floette|14/100\n|-heal|p2a: Sinistcha|94/100|[from] drain|[of] p1b: Floette\n|-status|p1b: Floette|brn\n|move|p1b: Floette|Dazzling Gleam|p2b: Delphox|[spread] p2a\n|-activate|p2b: Delphox|move: Protect\n|-damage|p2a: Sinistcha|49/100\n|-enditem|p2a: Sinistcha|Sitrus Berry|[eat]\n|-heal|p2a: Sinistcha|74/100|[from] item: Sitrus Berry\n|move|p1a: Basculegion|Last Respects|p2b: Delphox\n|-activate|p2b: Delphox|move: Protect\n|\n|-damage|p1b: Floette|8/100 brn|[from] brn\n|upkeep\n|turn|6\n|inactive|WaluigiVGC has 30 seconds left.\n|inactive|Petterssonfan40 has 30 seconds left.\n|\n|t:|1776288391\n|move|p2a: Sinistcha|Matcha Gotcha|p1b: Floette|[spread] p1a,p1b\n|-supereffective|p1a: Basculegion|1\n|-damage|p1a: Basculegion|0 fnt\n|-heal|p2a: Sinistcha|99/100|[from] drain|[of] p1a: Basculegion\n|-damage|p1b: Floette|0 fnt\n|-heal|p2a: Sinistcha|100/100|[from] drain|[of] p1b: Floette\n|faint|p1a: Basculegion\n|faint|p1b: Floette\n|\n|win|Petterssonfan40\n|raw|WaluigiVGC's rating: 1165 &rarr; <strong>1142</strong><br />(-23 for losing)\n|raw|Petterssonfan40's rating: 1197 &rarr; <strong>1220</strong><br />(+23 for winning)\n",
  "uploadtime": 1776288403,
  "views": 22,
  "formatid": "gen9championsvgc2026regma",
  "rating": 1142,
  "private": 0,
  "password": null
}