{
  "id": "gen9championsvgc2026regma-2582402635",
  "format": "[Gen 9 Champions] VGC 2026 Reg M-A",
  "players": [
    "actuary97",
    "moonone"
  ],
  "log": "|j|\u2606actuary97\n|j|\u2606moonone\n|t:|1776089345\n|gametype|doubles\n|player|p1|actuary97|sabrina-frlg|1319\n|player|p2|moonone|170|1386\n|gen|9\n|tier|[Gen 9 Champions] VGC 2026 Reg M-A\n|rated|\n|rule|Species Clause: Limit one of each Pok\u00e9mon\n|rule|Item Clause: Limit 1 of each item\n|clearpoke\n|poke|p1|Tyranitar, L50, M|\n|poke|p1|Gallade, L50, M|\n|poke|p1|Sinistcha, L50|\n|poke|p1|Corviknight, L50, M|\n|poke|p1|Incineroar, L50, F|\n|poke|p1|Alakazam, L50, F|\n|poke|p2|Gengar, L50, M|\n|poke|p2|Basculegion, L50, M|\n|poke|p2|Incineroar, L50, F|\n|poke|p2|Kingambit, L50, M|\n|poke|p2|Kommo-o, L50, F|\n|poke|p2|Garchomp, L50, M|\n|teampreview|4\n|inactive|Battle timer is ON: inactive players will automatically lose when time's up. (requested by moonone)\n|\n|t:|1776089398\n|teamsize|p1|4\n|teamsize|p2|4\n|start\n|switch|p1a: Alakazam|Alakazam, L50, F|100/100\n|switch|p1b: Gallade|Gallade, L50, M, shiny|100/100\n|switch|p2a: Gengar|Gengar, L50, M, shiny|100/100\n|switch|p2b: Incineroar|Incineroar, L50, F|100/100\n|-ability|p2b: Incineroar|Intimidate|boost\n|-unboost|p1a: Alakazam|atk|1\n|-unboost|p1b: Gallade|atk|1\n|turn|1\n|inactive|moonone has 30 seconds left.\n|inactive|moonone has 20 seconds left.\n|\n|t:|1776089434\n|detailschange|p2a: Gengar|Gengar-Mega, L50, M, shiny\n|-mega|p2a: Gengar|Gengar|Gengarite\n|move|p2a: Gengar|Protect|p2a: Gengar\n|-singleturn|p2a: Gengar|Protect\n|move|p1a: Alakazam|Psyshock|p2a: Gengar\n|-activate|p2a: Gengar|move: Protect\n|move|p1b: Gallade|Psycho Cut|p2a: Gengar\n|-activate|p2a: Gengar|move: Protect\n|move|p2b: Incineroar|Parting Shot|p1b: Gallade\n|-unboost|p1b: Gallade|atk|1\n|-unboost|p1b: Gallade|spa|1\n|\n|t:|1776089446\n|switch|p2b: Basculegion|Basculegion, L50, M|100/100|[from] Parting Shot\n|\n|upkeep\n|turn|2\n|inactive|actuary97 has 30 seconds left.\n|inactive|actuary97 has 20 seconds left.\n|inactive|actuary97 has 15 seconds left.\n|\n|t:|1776089487\n|switch|p2a: Incineroar|Incineroar, L50, F|100/100\n|-ability|p2a: Incineroar|Intimidate|boost\n|-unboost|p1a: Alakazam|atk|1\n|-unboost|p1b: Gallade|atk|1\n|move|p1b: Gallade|Protect|p1b: Gallade\n|-singleturn|p1b: Gallade|Protect\n|move|p2b: Basculegion|Flip Turn|p1a: Alakazam\n|-crit|p1a: Alakazam\n|-enditem|p1a: Alakazam|Focus Sash\n|-damage|p1a: Alakazam|1/100\n|\n|t:|1776089498\n|switch|p2b: Kingambit|Kingambit, L50, M|100/100|[from] Flip Turn\n|move|p1a: Alakazam|Psyshock|p2a: Incineroar\n|-immune|p2a: Incineroar\n|\n|upkeep\n|turn|3\n|\n|t:|1776089518\n|switch|p1b: Corviknight|Corviknight, L50, M|100/100\n|switch|p2b: Gengar|Gengar-Mega, L50, M, shiny|100/100\n|move|p1a: Alakazam|Protect|p1a: Alakazam\n|-singleturn|p1a: Alakazam|Protect\n|move|p2a: Incineroar|Parting Shot|p1b: Corviknight\n|-ability|p1b: Corviknight|Mirror Armor\n|-unboost|p2a: Incineroar|atk|1\n|-ability|p1b: Corviknight|Mirror Armor\n|-unboost|p2a: Incineroar|spa|1\n|\n|t:|1776089541\n|switch|p2a: Basculegion|Basculegion, L50, M|100/100|[from] Parting Shot\n|\n|upkeep\n|turn|4\n|\n|t:|1776089549\n|move|p2a: Basculegion|Flip Turn|p1a: Alakazam\n|-damage|p1a: Alakazam|0 fnt\n|faint|p1a: Alakazam\n|\n|t:|1776089561\n|switch|p2a: Incineroar|Incineroar, L50, F|100/100|[from] Flip Turn\n|-ability|p2a: Incineroar|Intimidate|boost\n|-ability|p1b: Corviknight|Mirror Armor\n|-unboost|p2a: Incineroar|atk|1\n|move|p2b: Gengar|Perish Song|p2b: Gengar\n|-start|p1b: Corviknight|perish3|[silent]\n|-start|p2a: Incineroar|perish3|[silent]\n|-start|p2b: Gengar|perish3|[silent]\n|-fieldactivate|move: Perish Song\n|move|p1b: Corviknight|Tailwind|p1b: Corviknight\n|-sidestart|p1: actuary97|move: Tailwind\n|\n|-start|p2b: Gengar|perish3\n|-start|p1b: Corviknight|perish3\n|-start|p2a: Incineroar|perish3\n|upkeep\n|\n|t:|1776089582\n|switch|p1a: Gallade|Gallade, L50, M, shiny|100/100\n|turn|5\n|\n|t:|1776089603\n|move|p2b: Gengar|Protect|p2b: Gengar\n|-singleturn|p2b: Gengar|Protect\n|move|p2a: Incineroar|Protect|p2a: Incineroar\n|-singleturn|p2a: Incineroar|Protect\n|move|p1a: Gallade|Sacred Sword|p2a: Incineroar\n|-activate|p2a: Incineroar|move: Protect\n|move|p1b: Corviknight|Bulk Up|p1b: Corviknight\n|-boost|p1b: Corviknight|atk|1\n|-boost|p1b: Corviknight|def|1\n|\n|-start|p2b: Gengar|perish2\n|-start|p1b: Corviknight|perish2\n|-start|p2a: Incineroar|perish2\n|upkeep\n|turn|6\n|\n|t:|1776089624\n|switch|p2b: Kingambit|Kingambit, L50, M|100/100\n|move|p1a: Gallade|Sacred Sword|p2b: Kingambit\n|-supereffective|p2b: Kingambit|2\n|-enditem|p2b: Kingambit|Chople Berry|[eat]\n|-enditem|p2b: Kingambit|Chople Berry|[weaken]\n|-damage|p2b: Kingambit|0 fnt\n|faint|p2b: Kingambit\n|move|p1b: Corviknight|Brave Bird|p2a: Incineroar\n|-damage|p2a: Incineroar|60/100\n|-damage|p1b: Corviknight|87/100|[from] Recoil\n|move|p2a: Incineroar|Parting Shot|p1b: Corviknight\n|-ability|p1b: Corviknight|Mirror Armor\n|-unboost|p2a: Incineroar|atk|1\n|-ability|p1b: Corviknight|Mirror Armor\n|-unboost|p2a: Incineroar|spa|1\n|\n|t:|1776089641\n|switch|p2a: Gengar|Gengar-Mega, L50, M, shiny|100/100|[from] Parting Shot\n|\n|-heal|p1b: Corviknight|93/100|[from] item: Leftovers\n|-start|p1b: Corviknight|perish1\n|upkeep\n|j| meimiaomiao\n|\n|t:|1776089649\n|switch|p2b: Incineroar|Incineroar, L50, F|60/100\n|-ability|p2b: Incineroar|Intimidate|boost\n|-unboost|p1a: Gallade|atk|1\n|-ability|p1b: Corviknight|Mirror Armor\n|-unboost|p2b: Incineroar|atk|1\n|turn|7\n|\n|t:|1776089666\n|move|p2a: Gengar|Protect|p2a: Gengar\n|-singleturn|p2a: Gengar|Protect\n|move|p2b: Incineroar|Protect|p2b: Incineroar\n|-singleturn|p2b: Incineroar|Protect\n|move|p1a: Gallade|Psycho Cut|p2a: Gengar\n|-activate|p2a: Gengar|move: Protect\n|move|p1b: Corviknight|Body Press|p2b: Incineroar\n|-activate|p2b: Incineroar|move: Protect\n|\n|-heal|p1b: Corviknight|99/100|[from] item: Leftovers\n|-start|p1b: Corviknight|perish0\n|-sideend|p1: actuary97|move: Tailwind\n|faint|p1b: Corviknight\n|upkeep\n|\n|t:|1776089670\n|switch|p1b: Tyranitar|Tyranitar, L50, M, shiny|100/100\n|-weather|Sandstorm|[from] ability: Sand Stream|[of] p1b: Tyranitar\n|turn|8\n|inactive|moonone has 30 seconds left.\n|inactive|actuary97 has 30 seconds left.\n|inactive|moonone has 20 seconds left.\n|inactive|moonone has 15 seconds left.\n|inactive|moonone has 10 seconds left.\n|inactive|moonone has 5 seconds left.\n|\n|t:|1776089723\n|detailschange|p1b: Tyranitar|Tyranitar-Mega, L50, M, shiny\n|-mega|p1b: Tyranitar|Tyranitar|Tyranitarite\n|move|p1a: Gallade|Protect|p1a: Gallade\n|-singleturn|p1a: Gallade|Protect\n|move|p2a: Gengar|Sludge Bomb|p1b: Tyranitar\n|-resisted|p1b: Tyranitar|1\n|-damage|p1b: Tyranitar|87/100\n|-status|p1b: Tyranitar|psn\n|move|p1b: Tyranitar|Knock Off|p2a: Gengar\n|-supereffective|p2a: Gengar|1\n|-damage|p2a: Gengar|0 fnt\n|faint|p2a: Gengar\n|move|p2b: Incineroar|Throat Chop|p1a: Gallade\n|-activate|p1a: Gallade|move: Protect\n|\n|-weather|Sandstorm|[upkeep]\n|-damage|p1a: Gallade|95/100|[from] Sandstorm\n|-damage|p2b: Incineroar|54/100|[from] Sandstorm\n|-damage|p1b: Tyranitar|75/100 psn|[from] psn\n|upkeep\n|\n|t:|1776089743\n|switch|p2a: Basculegion|Basculegion, L50, M|100/100\n|turn|9\n|\n|t:|1776089767\n|move|p2a: Basculegion|Wave Crash|p1a: Gallade\n|-damage|p1a: Gallade|0 fnt\n|faint|p1a: Gallade\n|-damage|p2a: Basculegion|76/100|[from] Recoil\n|move|p1b: Tyranitar|Knock Off|p2a: Basculegion\n|-supereffective|p2a: Basculegion|1\n|-damage|p2a: Basculegion|0 fnt\n|-enditem|p2a: Basculegion|Choice Scarf|[from] move: Knock Off|[of] p1b: Tyranitar\n|faint|p2a: Basculegion\n|move|p2b: Incineroar|Throat Chop|p1b: Tyranitar\n|-resisted|p1b: Tyranitar|1\n|-damage|p1b: Tyranitar|69/100 psn\n|-start|p1b: Tyranitar|Throat Chop|[silent]\n|\n|-weather|Sandstorm|[upkeep]\n|-damage|p2b: Incineroar|48/100|[from] Sandstorm\n|-enditem|p2b: Incineroar|Sitrus Berry|[eat]\n|-heal|p2b: Incineroar|73/100|[from] item: Sitrus Berry\n|-damage|p1b: Tyranitar|57/100 psn|[from] psn\n|upkeep\n|turn|10\n|\n|t:|1776089781\n|move|p2b: Incineroar|Protect|p2b: Incineroar\n|-singleturn|p2b: Incineroar|Protect\n|move|p1b: Tyranitar|Rock Slide|p2b: Incineroar\n|-activate|p2b: Incineroar|move: Protect\n|\n|-weather|Sandstorm|[upkeep]\n|-damage|p2b: Incineroar|67/100|[from] Sandstorm\n|-damage|p1b: Tyranitar|45/100 psn|[from] psn\n|-end|p1b: Tyranitar|Throat Chop|[silent]\n|upkeep\n|turn|11\n|\n|t:|1776089804\n|move|p1b: Tyranitar|Rock Slide|p2b: Incineroar\n|-supereffective|p2b: Incineroar|1\n|-damage|p2b: Incineroar|4/100\n|move|p2b: Incineroar|Parting Shot|p1b: Tyranitar\n|-unboost|p1b: Tyranitar|atk|1\n|-unboost|p1b: Tyranitar|spa|1\n|\n|-weather|Sandstorm|[upkeep]\n|-damage|p2b: Incineroar|0 fnt|[from] Sandstorm\n|faint|p2b: Incineroar\n|\n|win|actuary97\n|raw|actuary97's rating: 1319 &rarr; <strong>1343</strong><br />(+24 for winning)\n|raw|moonone's rating: 1386 &rarr; <strong>1362</strong><br />(-24 for losing)\n|l|\u2606moonone\n|player|p2|\n|c|\u2606actuary97|let's go\n",
  "uploadtime": 1776089818,
  "views": 43,
  "formatid": "gen9championsvgc2026regma",
  "rating": 1343,
  "private": 0,
  "password": null
}