{
  "id": "gen9championsvgc2026regma-2589408788",
  "format": "[Gen 9 Champions] VGC 2026 Reg M-A",
  "players": [
    "Avatar Kony",
    "eggy068"
  ],
  "log": "|j|\u2606Avatar Kony\n|j|\u2606eggy068\n|t:|1776720538\n|gametype|doubles\n|player|p1|Avatar Kony|sabrina-frlg|1170\n|player|p2|eggy068|170|1078\n|gen|9\n|tier|[Gen 9 Champions] VGC 2026 Reg M-A\n|rated|\n|rule|Species Clause: Limit one of each Pok\u00e9mon\n|rule|Item Clause: Limit 1 of each item\n|clearpoke\n|poke|p1|Aerodactyl, L50, M|\n|poke|p1|Floette-Eternal, L50, F|\n|poke|p1|Incineroar, L50, M|\n|poke|p1|Sneasler, L50, M|\n|poke|p1|Basculegion, L50, M|\n|poke|p1|Garchomp, L50, M|\n|poke|p2|Skarmory, L50, F|\n|poke|p2|Sneasler, L50, F|\n|poke|p2|Tyranitar, L50, M|\n|poke|p2|Rotom-Wash, L50|\n|poke|p2|Gengar, L50, F|\n|poke|p2|Maushold-Four, L50|\n|teampreview|4\n|\n|t:|1776720627\n|teamsize|p1|4\n|teamsize|p2|4\n|start\n|switch|p1a: Basculegion|Basculegion, L50, M|100/100\n|switch|p1b: Incineroar|Incineroar, L50, M|100/100\n|switch|p2a: Gengar|Gengar, L50, F|100/100\n|switch|p2b: Rotom|Rotom-Wash, L50|100/100\n|-ability|p1b: Incineroar|Intimidate|boost\n|-unboost|p2a: Gengar|atk|1\n|-unboost|p2b: Rotom|atk|1\n|turn|1\n|\n|t:|1776720673\n|switch|p1a: Floette|Floette-Eternal, L50, F|100/100\n|move|p2a: Gengar|Shadow Ball|p1a: Floette\n|-damage|p1a: Floette|52/100\n|move|p2b: Rotom|Hydro Pump|p1b: Incineroar\n|-supereffective|p1b: Incineroar|1\n|-damage|p1b: Incineroar|1/100\n|-enditem|p1b: Incineroar|Sitrus Berry|[eat]\n|-heal|p1b: Incineroar|26/100|[from] item: Sitrus Berry\n|move|p1b: Incineroar|Throat Chop|p2a: Gengar\n|-supereffective|p2a: Gengar|1\n|-damage|p2a: Gengar|0 fnt\n|-start|p1b: Incineroar|Disable|Throat Chop|[from] ability: Cursed Body|[of] p2a: Gengar\n|faint|p2a: Gengar\n|\n|upkeep\n|\n|t:|1776720687\n|switch|p2a: Skarmory|Skarmory, L50, F|100/100\n|turn|2\n|\n|t:|1776720706\n|switch|p2b: Sneasler|Sneasler, L50, F|100/100\n|switch|p1b: Basculegion|Basculegion, L50, M|100/100\n|detailschange|p1a: Floette|Floette-Mega, L50, F\n|-mega|p1a: Floette|Floette|Floettite\n|-ability|p1a: Floette|Fairy Aura\n|detailschange|p2a: Skarmory|Skarmory-Mega, L50, F\n|-mega|p2a: Skarmory|Skarmory|Skarmorite\n|move|p2a: Skarmory|Rock Slide|p1a: Floette|[spread] p1b\n|-miss|p2a: Skarmory|p1a: Floette\n|-damage|p1b: Basculegion|71/100\n|move|p1a: Floette|Light of Ruin|p2b: Sneasler\n|-damage|p2b: Sneasler|0 fnt\n|faint|p2b: Sneasler\n|-damage|p1a: Floette|0 fnt|[from] Recoil\n|faint|p1a: Floette\n|\n|upkeep\n|\n|t:|1776720742\n|switch|p2b: Rotom|Rotom-Wash, L50|100/100\n|switch|p1a: Incineroar|Incineroar, L50, M|26/100\n|-ability|p1a: Incineroar|Intimidate|boost\n|-unboost|p2a: Skarmory|atk|1\n|-unboost|p2b: Rotom|atk|1\n|turn|3\n|\n|t:|1776720766\n|move|p1a: Incineroar|Fake Out|p2b: Rotom\n|-damage|p2b: Rotom|89/100\n|move|p1b: Basculegion|Wave Crash|p2a: Skarmory\n|-damage|p2a: Skarmory|23/100\n|-damage|p1b: Basculegion|51/100|[from] Recoil\n|move|p2a: Skarmory|Rock Slide|p1b: Basculegion|[spread] p1a,p1b\n|-supereffective|p1a: Incineroar|1\n|-damage|p1a: Incineroar|1/100\n|-damage|p1b: Basculegion|32/100\n|cant|p2b: Rotom|flinch\n|\n|upkeep\n|turn|4\n|\n|t:|1776720793\n|switch|p1a: Sneasler|Sneasler, L50, M|100/100\n|move|p1b: Basculegion|Wave Crash|p2a: Skarmory\n|-damage|p2a: Skarmory|0 fnt\n|faint|p2a: Skarmory\n|-damage|p1b: Basculegion|27/100|[from] Recoil\n|move|p2b: Rotom|Thunderbolt|p1b: Basculegion\n|-supereffective|p1b: Basculegion|1\n|-damage|p1b: Basculegion|0 fnt\n|faint|p1b: Basculegion\n|\n|upkeep\n|\n|t:|1776720802\n|switch|p1b: Incineroar|Incineroar, L50, M|1/100\n|-ability|p1b: Incineroar|Intimidate|boost\n|-unboost|p2b: Rotom|atk|1\n|turn|5\n|\n|t:|1776720808\n|move|p2b: Rotom|Protect|p2b: Rotom\n|-singleturn|p2b: Rotom|Protect\n|move|p1b: Incineroar|Fake Out|p2b: Rotom\n|-activate|p2b: Rotom|move: Protect\n|move|p1a: Sneasler|Close Combat|p2b: Rotom\n|-activate|p2b: Rotom|move: Protect\n|\n|upkeep\n|turn|6\n|\n|t:|1776720819\n|move|p1a: Sneasler|Close Combat|p2b: Rotom\n|-damage|p2b: Rotom|18/100\n|-unboost|p1a: Sneasler|def|1\n|-unboost|p1a: Sneasler|spd|1\n|-enditem|p2b: Rotom|Sitrus Berry|[eat]\n|-heal|p2b: Rotom|43/100|[from] item: Sitrus Berry\n|-enditem|p1a: Sneasler|White Herb\n|-clearnegativeboost|p1a: Sneasler|[silent]\n|move|p2b: Rotom|Will-O-Wisp|p1a: Sneasler|[miss]\n|-miss|p2b: Rotom|p1a: Sneasler\n|move|p1b: Incineroar|Throat Chop|p2b: Rotom\n|-damage|p2b: Rotom|7/100\n|-start|p2b: Rotom|Throat Chop|[silent]\n|\n|upkeep\n|turn|7\n|-message|eggy068 forfeited.\n|\n|win|Avatar Kony\n|raw|Avatar Kony's rating: 1170 &rarr; <strong>1189</strong><br />(+19 for winning)\n|raw|eggy068's rating: 1078 &rarr; <strong>1062</strong><br />(-16 for losing)\n|l|\u2606eggy068\n|player|p2|\n",
  "uploadtime": 1776720841,
  "views": 12,
  "formatid": "gen9championsvgc2026regma",
  "rating": 1062,
  "private": 0,
  "password": null
}