{
  "id": "gen9championsvgc2026regma-2587576735",
  "format": "[Gen 9 Champions] VGC 2026 Reg M-A",
  "players": [
    "Stillhung",
    "ligsitelhda in rx"
  ],
  "log": "|j|\u2606Stillhung\n|j|\u203dligsitelhda in rx\n|t:|1776543747\n|gametype|doubles\n|player|p1|Stillhung|102|1195\n|player|p2|ligsitelhda in rx|pokemaniac|1120\n|gen|9\n|tier|[Gen 9 Champions] VGC 2026 Reg M-A\n|rated|\n|rule|Species Clause: Limit one of each Pok\u00e9mon\n|rule|Item Clause: Limit 1 of each item\n|clearpoke\n|poke|p1|Kangaskhan, L50, F|\n|poke|p1|Sneasler, L50, M, shiny|\n|poke|p1|Whimsicott, L50, M|\n|poke|p1|Ninetales, L50, F, shiny|\n|poke|p1|Garchomp, L50, M|\n|poke|p1|Arcanine-Hisui, L50, M|\n|poke|p2|Tyranitar, L50, F|\n|poke|p2|Excadrill, L50, M|\n|poke|p2|Garchomp, L50, F|\n|poke|p2|Incineroar, L50, M|\n|poke|p2|Ariados, L50, F|\n|poke|p2|Luxray, L50, M|\n|teampreview|4\n|inactive|Battle timer is ON: inactive players will automatically lose when time's up. (requested by Stillhung)\n|\n|t:|1776543786\n|teamsize|p1|4\n|teamsize|p2|4\n|start\n|switch|p1a: Whimsicott|Whimsicott, L50, M|100/100\n|switch|p1b: Sneasler|Sneasler, L50, M, shiny|100/100\n|switch|p2a: Tyranitar|Tyranitar, L50, F|100/100\n|switch|p2b: Excadrill|Excadrill, L50, M|100/100\n|-weather|Sandstorm|[from] ability: Sand Stream|[of] p2a: Tyranitar\n|turn|1\n|\n|t:|1776543806\n|switch|p2b: Incineroar|Incineroar, L50, M|100/100\n|-ability|p2b: Incineroar|Intimidate|boost\n|-unboost|p1a: Whimsicott|atk|1\n|-unboost|p1b: Sneasler|atk|1\n|-enditem|p1b: Sneasler|White Herb\n|-clearnegativeboost|p1b: Sneasler|[silent]\n|move|p2a: Tyranitar|Protect|p2a: Tyranitar\n|-singleturn|p2a: Tyranitar|Protect\n|move|p1a: Whimsicott|Sunny Day|p1a: Whimsicott\n|-weather|SunnyDay\n|move|p1b: Sneasler|Close Combat|p2a: Tyranitar\n|-activate|p2a: Tyranitar|move: Protect\n|\n|-weather|SunnyDay|[upkeep]\n|upkeep\n|turn|2\n|inactive|ligsitelhda in rx has 30 seconds left.\n|\n|t:|1776543832\n|detailschange|p2a: Tyranitar|Tyranitar-Mega, L50, F\n|-mega|p2a: Tyranitar|Tyranitar|Tyranitarite\n|-weather|Sandstorm|[from] ability: Sand Stream|[of] p2a: Tyranitar\n|move|p1a: Whimsicott|Protect|p1a: Whimsicott\n|-singleturn|p1a: Whimsicott|Protect\n|move|p1b: Sneasler|Protect|p1b: Sneasler\n|-singleturn|p1b: Sneasler|Protect\n|move|p2b: Incineroar|Fake Out|p1b: Sneasler\n|-activate|p1b: Sneasler|move: Protect\n|move|p2a: Tyranitar|Rock Slide|p1b: Sneasler|[spread] \n|-activate|p1a: Whimsicott|move: Protect\n|-activate|p1b: Sneasler|move: Protect\n|\n|-weather|Sandstorm|[upkeep]\n|-damage|p1b: Sneasler|94/100|[from] Sandstorm\n|-damage|p1a: Whimsicott|95/100|[from] Sandstorm\n|-damage|p2b: Incineroar|95/100|[from] Sandstorm\n|upkeep\n|turn|3\n|\n|t:|1776543857\n|switch|p2a: Luxray|Luxray, L50, M|100/100\n|-ability|p2a: Luxray|Intimidate|boost\n|-unboost|p1a: Whimsicott|atk|1\n|-unboost|p1b: Sneasler|atk|1\n|move|p1a: Whimsicott|Sunny Day|p1a: Whimsicott\n|-weather|SunnyDay\n|move|p1b: Sneasler|Close Combat|p2b: Incineroar\n|-supereffective|p2b: Incineroar|1\n|-enditem|p2b: Incineroar|Chople Berry|[eat]\n|-enditem|p2b: Incineroar|Chople Berry|[weaken]\n|-damage|p2b: Incineroar|54/100\n|-unboost|p1b: Sneasler|def|1\n|-unboost|p1b: Sneasler|spd|1\n|move|p2b: Incineroar|Parting Shot|p1a: Whimsicott\n|-unboost|p1a: Whimsicott|atk|1\n|-unboost|p1a: Whimsicott|spa|1\n|\n|t:|1776543876\n|switch|p2b: Tyranitar|Tyranitar-Mega, L50, F|100/100|[from] Parting Shot\n|-weather|Sandstorm|[from] ability: Sand Stream|[of] p2b: Tyranitar\n|\n|-weather|Sandstorm|[upkeep]\n|-damage|p1b: Sneasler|88/100|[from] Sandstorm\n|-damage|p1a: Whimsicott|89/100|[from] Sandstorm\n|-damage|p2a: Luxray|95/100|[from] Sandstorm\n|upkeep\n|turn|4\n|\n|t:|1776543897\n|switch|p2a: Incineroar|Incineroar, L50, M|54/100\n|-ability|p2a: Incineroar|Intimidate|boost\n|-unboost|p1a: Whimsicott|atk|1\n|-unboost|p1b: Sneasler|atk|1\n|move|p1b: Sneasler|Protect|p1b: Sneasler\n|-singleturn|p1b: Sneasler|Protect\n|move|p1a: Whimsicott|Moonblast|p2b: Tyranitar\n|-supereffective|p2b: Tyranitar|1\n|-damage|p2b: Tyranitar|83/100\n|move|p2b: Tyranitar|Rock Slide|p1b: Sneasler|[spread] p1a\n|-activate|p1b: Sneasler|move: Protect\n|-crit|p1a: Whimsicott\n|-damage|p1a: Whimsicott|18/100\n|\n|-weather|Sandstorm|[upkeep]\n|-damage|p1b: Sneasler|82/100|[from] Sandstorm\n|-damage|p1a: Whimsicott|12/100|[from] Sandstorm\n|-damage|p2a: Incineroar|48/100|[from] Sandstorm\n|upkeep\n|turn|5\n|inactive|ligsitelhda in rx has 30 seconds left.\n|\n|t:|1776543924\n|switch|p1b: Kangaskhan|Kangaskhan, L50, F|100/100\n|move|p1a: Whimsicott|Protect|p1a: Whimsicott\n|-singleturn|p1a: Whimsicott|Protect\n|move|p2a: Incineroar|Fake Out|p1b: Kangaskhan\n|-damage|p1b: Kangaskhan|86/100\n|move|p2b: Tyranitar|Rock Slide|p1b: Kangaskhan|[spread] p1b\n|-activate|p1a: Whimsicott|move: Protect\n|-damage|p1b: Kangaskhan|47/100\n|\n|-weather|Sandstorm|[upkeep]\n|-damage|p1a: Whimsicott|6/100|[from] Sandstorm\n|-damage|p1b: Kangaskhan|41/100|[from] Sandstorm\n|-damage|p2a: Incineroar|42/100|[from] Sandstorm\n|upkeep\n|turn|6\n|\n|t:|1776543943\n|switch|p2a: Luxray|Luxray, L50, M|95/100\n|-ability|p2a: Luxray|Intimidate|boost\n|-unboost|p1a: Whimsicott|atk|1\n|-fail|p1b: Kangaskhan|unboost|Attack|[from] ability: Inner Focus|[of] p1b: Kangaskhan\n|detailschange|p1b: Kangaskhan|Kangaskhan-Mega, L50, F\n|-mega|p1b: Kangaskhan|Kangaskhan|Kangaskhanite\n|move|p2b: Tyranitar|Protect|p2b: Tyranitar\n|-singleturn|p2b: Tyranitar|Protect\n|move|p1a: Whimsicott|Sunny Day|p1a: Whimsicott\n|-weather|SunnyDay\n|move|p1b: Kangaskhan|Double-Edge|p2a: Luxray\n|-damage|p2a: Luxray|51/100\n|-damage|p2a: Luxray|41/100\n|-enditem|p2a: Luxray|Sitrus Berry|[eat]\n|-heal|p2a: Luxray|66/100|[from] item: Sitrus Berry\n|-hitcount|p2a: Luxray|2\n|-damage|p1b: Kangaskhan|25/100|[from] Recoil\n|\n|-weather|SunnyDay|[upkeep]\n|upkeep\n|turn|7\n|inactive|Stillhung has 30 seconds left.\n|inactive|ligsitelhda in rx has 30 seconds left.\n|\n|t:|1776543976\n|switch|p1a: Garchomp|Garchomp, L50, M|100/100\n|switch|p2b: Excadrill|Excadrill, L50, M|100/100\n|switch|p2a: Incineroar|Incineroar, L50, M|42/100\n|-ability|p2a: Incineroar|Intimidate|boost\n|-unboost|p1a: Garchomp|atk|1\n|-unboost|p1b: Kangaskhan|atk|1\n|move|p1b: Kangaskhan|Double-Edge|p2b: Excadrill\n|-resisted|p2b: Excadrill|1\n|-damage|p2b: Excadrill|76/100\n|-resisted|p2b: Excadrill|1\n|-damage|p2b: Excadrill|70/100\n|-hitcount|p2b: Excadrill|2\n|-damage|p1b: Kangaskhan|16/100|[from] Recoil\n|\n|-weather|SunnyDay|[upkeep]\n|upkeep\n|turn|8\n|\n|t:|1776543996\n|switch|p2b: Luxray|Luxray, L50, M|66/100\n|-ability|p2b: Luxray|Intimidate|boost\n|-unboost|p1a: Garchomp|atk|1\n|-unboost|p1b: Kangaskhan|atk|1\n|move|p1a: Garchomp|Protect|p1a: Garchomp\n|-singleturn|p1a: Garchomp|Protect\n|move|p1b: Kangaskhan|Protect|p1b: Kangaskhan\n|-singleturn|p1b: Kangaskhan|Protect\n|move|p2a: Incineroar|Fake Out|p1b: Kangaskhan\n|-activate|p1b: Kangaskhan|move: Protect\n|\n|-weather|SunnyDay|[upkeep]\n|upkeep\n|turn|9\n|inactive|ligsitelhda in rx has 30 seconds left.\n|\n|t:|1776544022\n|switch|p1a: Whimsicott|Whimsicott, L50, M|6/100\n|switch|p1b: Sneasler|Sneasler, L50, M, shiny|82/100\n|move|p2b: Luxray|Superpower|p1a: Whimsicott\n|-resisted|p1a: Whimsicott|1\n|-damage|p1a: Whimsicott|0 fnt\n|-unboost|p2b: Luxray|atk|1\n|-unboost|p2b: Luxray|def|1\n|faint|p1a: Whimsicott\n|move|p2a: Incineroar|Parting Shot|p1b: Sneasler\n|-unboost|p1b: Sneasler|atk|1\n|-unboost|p1b: Sneasler|spa|1\n|\n|t:|1776544039\n|switch|p2a: Tyranitar|Tyranitar-Mega, L50, F|83/100|[from] Parting Shot\n|-weather|Sandstorm|[from] ability: Sand Stream|[of] p2a: Tyranitar\n|\n|-weather|Sandstorm|[upkeep]\n|-damage|p1b: Sneasler|76/100|[from] Sandstorm\n|-damage|p2b: Luxray|60/100|[from] Sandstorm\n|upkeep\n|\n|t:|1776544042\n|switch|p1a: Garchomp|Garchomp, L50, M|100/100\n|turn|10\n|inactive|Stillhung has 30 seconds left.\n|\n|t:|1776544075\n|switch|p2b: Incineroar|Incineroar, L50, M|42/100\n|-ability|p2b: Incineroar|Intimidate|boost\n|-unboost|p1a: Garchomp|atk|1\n|-unboost|p1b: Sneasler|atk|1\n|move|p2a: Tyranitar|Protect|p2a: Tyranitar\n|-singleturn|p2a: Tyranitar|Protect\n|move|p1b: Sneasler|Close Combat|p2a: Tyranitar\n|-activate|p2a: Tyranitar|move: Protect\n|move|p1a: Garchomp|Rock Slide|p2b: Incineroar|[spread] p2b\n|-activate|p2a: Tyranitar|move: Protect\n|-supereffective|p2b: Incineroar|1\n|-damage|p2b: Incineroar|12/100\n|\n|-weather|Sandstorm|[upkeep]\n|-damage|p1b: Sneasler|70/100|[from] Sandstorm\n|-damage|p2b: Incineroar|6/100|[from] Sandstorm\n|upkeep\n|turn|11\n|inactive|ligsitelhda in rx has 30 seconds left.\n|\n|t:|1776544101\n|move|p2b: Incineroar|Fake Out|p1b: Sneasler\n|-damage|p1b: Sneasler|48/100\n|cant|p1b: Sneasler|flinch\n|move|p1a: Garchomp|Rock Slide|p2a: Tyranitar|[spread] p2a\n|-miss|p1a: Garchomp|p2b: Incineroar\n|-damage|p2a: Tyranitar|75/100\n|move|p2a: Tyranitar|Low Kick|p1a: Garchomp\n|-damage|p1a: Garchomp|60/100\n|-damage|p2a: Tyranitar|63/100|[from] ability: Rough Skin|[of] p1a: Garchomp\n|\n|-weather|Sandstorm|[upkeep]\n|-damage|p1b: Sneasler|42/100|[from] Sandstorm\n|-damage|p2b: Incineroar|0 fnt|[from] Sandstorm\n|faint|p2b: Incineroar\n|upkeep\n|\n|t:|1776544119\n|switch|p2b: Excadrill|Excadrill, L50, M|70/100\n|turn|12\n|\n|t:|1776544142\n|switch|p1a: Kangaskhan|Kangaskhan-Mega, L50, F|16/100\n|switch|p2a: Luxray|Luxray, L50, M|60/100\n|-ability|p2a: Luxray|Intimidate|boost\n|-unboost|p1a: Kangaskhan|atk|1\n|-unboost|p1b: Sneasler|atk|1\n|move|p2b: Excadrill|Rock Slide|p1a: Kangaskhan|[spread] p1a,p1b\n|-resisted|p1b: Sneasler|1\n|-damage|p1a: Kangaskhan|0 fnt\n|-damage|p1b: Sneasler|26/100\n|faint|p1a: Kangaskhan\n|move|p1b: Sneasler|Close Combat|p2a: Luxray\n|-crit|p2a: Luxray\n|-damage|p2a: Luxray|0 fnt\n|-unboost|p1b: Sneasler|def|1\n|-unboost|p1b: Sneasler|spd|1\n|faint|p2a: Luxray\n|\n|-weather|Sandstorm|[upkeep]\n|-damage|p1b: Sneasler|20/100|[from] Sandstorm\n|upkeep\n|\n|t:|1776544162\n|switch|p1a: Garchomp|Garchomp, L50, M|60/100\n|switch|p2a: Tyranitar|Tyranitar-Mega, L50, F|63/100\n|turn|13\n|\n|t:|1776544184\n|move|p1b: Sneasler|Protect|p1b: Sneasler\n|-singleturn|p1b: Sneasler|Protect\n|move|p1a: Garchomp|Protect|p1a: Garchomp\n|-singleturn|p1a: Garchomp|Protect\n|move|p2a: Tyranitar|Protect|p2a: Tyranitar\n|-singleturn|p2a: Tyranitar|Protect\n|move|p2b: Excadrill|Rock Slide|p1a: Garchomp|[spread] \n|-activate|p1a: Garchomp|move: Protect\n|-activate|p1b: Sneasler|move: Protect\n|\n|-weather|none\n|upkeep\n|turn|14\n|\n|t:|1776544204\n|move|p1b: Sneasler|Close Combat|p2a: Tyranitar\n|-supereffective|p2a: Tyranitar|2\n|-damage|p2a: Tyranitar|0 fnt\n|-unboost|p1b: Sneasler|def|1\n|-unboost|p1b: Sneasler|spd|1\n|faint|p2a: Tyranitar\n|move|p1a: Garchomp|Earthquake|p2b: Excadrill|[spread] p1b,p2b\n|-supereffective|p1b: Sneasler|1\n|-supereffective|p2b: Excadrill|1\n|-damage|p1b: Sneasler|0 fnt\n|-damage|p2b: Excadrill|0 fnt\n|faint|p1b: Sneasler\n|faint|p2b: Excadrill\n|\n|win|Stillhung\n|raw|Stillhung's rating: 1195 &rarr; <strong>1215</strong><br />(+20 for winning)\n|raw|ligsitelhda in rx's rating: 1120 &rarr; <strong>1100</strong><br />(-20 for losing)\n|l|\u203dligsitelhda in rx\n|player|p2|\n|c|\u2606Stillhung|Great game\n",
  "uploadtime": 1776544225,
  "views": 32,
  "formatid": "gen9championsvgc2026regma",
  "rating": 1100,
  "private": 0,
  "password": null
}