{
  "id": "gen9championsvgc2026regma-2580789467",
  "format": "[Gen 9 Champions] VGC 2026 Reg M-A",
  "players": [
    "Champ.Braeden",
    "atfalse"
  ],
  "log": "|j|\u2606Champ.Braeden\n|j|\u2606atfalse\n|t:|1775932624\n|gametype|doubles\n|player|p1|Champ.Braeden|hoopster|1186\n|player|p2|atfalse|shadowtriad|1284\n|gen|9\n|tier|[Gen 9 Champions] VGC 2026 Reg M-A\n|rated|\n|rule|Species Clause: Limit one of each Pok\u00e9mon\n|rule|Item Clause: Limit 1 of each item\n|clearpoke\n|poke|p1|Aerodactyl, L50, M|\n|poke|p1|Incineroar, L50, M|\n|poke|p1|Garchomp, L50, M|\n|poke|p1|Sneasler, L50, F|\n|poke|p1|Milotic, L50, F|\n|poke|p1|Sinistcha, L50|\n|poke|p2|Maushold, L50|\n|poke|p2|Garchomp, L50, M|\n|poke|p2|Rotom-Wash, L50|\n|poke|p2|Floette-Eternal, L50, F|\n|poke|p2|Talonflame, L50, M|\n|poke|p2|Aegislash, L50, M|\n|teampreview|4\n|inactive|Battle timer is ON: inactive players will automatically lose when time's up. (requested by Champ.Braeden)\n|\n|t:|1775932696\n|teamsize|p1|4\n|teamsize|p2|4\n|start\n|switch|p1a: Aerodactyl|Aerodactyl, L50, M|100/100\n|switch|p1b: Sneasler|Sneasler, L50, F|100/100\n|switch|p2a: Floette|Floette-Eternal, L50, F|100/100\n|switch|p2b: Maushold|Maushold, L50|100/100\n|turn|1\n|inactive|Champ.Braeden has 30 seconds left.\n|inactive|atfalse has 30 seconds left.\n|inactive|atfalse has 20 seconds left.\n|inactive|atfalse has 15 seconds left.\n|inactive|atfalse has 10 seconds left.\n|\n|t:|1775932742\n|switch|p2a: Garchomp|Garchomp, L50, M|100/100\n|detailschange|p1a: Aerodactyl|Aerodactyl-Mega, L50, M\n|-mega|p1a: Aerodactyl|Aerodactyl|Aerodactylite\n|move|p2b: Maushold|Protect|p2b: Maushold\n|-singleturn|p2b: Maushold|Protect\n|move|p1b: Sneasler|Fake Out|p2a: Garchomp\n|-damage|p2a: Garchomp|90/100\n|-damage|p1b: Sneasler|88/100|[from] ability: Rough Skin|[of] p2a: Garchomp\n|move|p1a: Aerodactyl|Dual Wingbeat|p2b: Maushold\n|-activate|p2b: Maushold|move: Protect\n|\n|upkeep\n|turn|2\n|inactive|Champ.Braeden has 30 seconds left.\n|inactive|atfalse has 30 seconds left.\n|\n|t:|1775932771\n|move|p1a: Aerodactyl|Dual Wingbeat|p2a: Garchomp\n|-damage|p2a: Garchomp|66/100\n|-damage|p1a: Aerodactyl|88/100|[from] ability: Rough Skin|[of] p2a: Garchomp\n|-damage|p2a: Garchomp|43/100\n|-damage|p1a: Aerodactyl|76/100|[from] ability: Rough Skin|[of] p2a: Garchomp\n|-hitcount|p2a: Garchomp|2\n|move|p1b: Sneasler|Coaching|p1a: Aerodactyl\n|-boost|p1a: Aerodactyl|atk|1\n|-boost|p1a: Aerodactyl|def|1\n|move|p2b: Maushold|Super Fang|p1a: Aerodactyl\n|-damage|p1a: Aerodactyl|39/100\n|move|p2a: Garchomp|Stomping Tantrum|p1b: Sneasler\n|-supereffective|p1b: Sneasler|1\n|-damage|p1b: Sneasler|0 fnt\n|faint|p1b: Sneasler\n|\n|upkeep\n|\n|t:|1775932789\n|switch|p1b: Garchomp|Garchomp, L50, M|100/100\n|turn|3\n|\n|t:|1775932803\n|move|p2b: Maushold|Follow Me|p2b: Maushold\n|-singleturn|p2b: Maushold|move: Follow Me\n|move|p1a: Aerodactyl|Rock Slide|p2b: Maushold|[spread] p2a,p2b\n|-resisted|p2a: Garchomp|1\n|-damage|p2a: Garchomp|24/100\n|-damage|p2b: Maushold|40/100\n|move|p2a: Garchomp|Stone Edge|p1a: Aerodactyl|[miss]\n|-miss|p2a: Garchomp|p1a: Aerodactyl\n|move|p1b: Garchomp|Earthquake|p2b: Maushold|[spread] p2a,p2b\n|-immune|p1a: Aerodactyl\n|-damage|p2a: Garchomp|0 fnt\n|-damage|p2b: Maushold|0 fnt\n|faint|p2a: Garchomp\n|faint|p2b: Maushold\n|\n|upkeep\n|\n|t:|1775932817\n|switch|p2b: Floette|Floette-Eternal, L50, F|100/100\n|switch|p2a: Rotom|Rotom-Wash, L50|100/100\n|turn|4\n|inactive|Champ.Braeden has 30 seconds left.\n|inactive|Champ.Braeden has 20 seconds left.\n|\n|t:|1775932854\n|move|p1a: Aerodactyl|Protect|p1a: Aerodactyl\n|-singleturn|p1a: Aerodactyl|Protect\n|move|p2b: Floette|Protect|p2b: Floette\n|-singleturn|p2b: Floette|Protect\n|move|p1b: Garchomp|Dragon Claw|p2a: Rotom\n|-damage|p2a: Rotom|58/100\n|move|p2a: Rotom|Thunderbolt|p1a: Aerodactyl\n|-activate|p1a: Aerodactyl|move: Protect\n|\n|upkeep\n|turn|5\n|\n|t:|1775932868\n|detailschange|p2b: Floette|Floette-Mega, L50, F\n|-mega|p2b: Floette|Floette|Floettite\n|-ability|p2b: Floette|Fairy Aura\n|move|p2a: Rotom|Helping Hand|p2b: Floette\n|-singleturn|p2b: Floette|Helping Hand|[of] p2a: Rotom\n|move|p1a: Aerodactyl|Rock Slide|p2b: Floette|[spread] p2b\n|-miss|p1a: Aerodactyl|p2a: Rotom\n|-damage|p2b: Floette|42/100\n|move|p1b: Garchomp|Earthquake|p2b: Floette|[spread] p2b\n|-immune|p1a: Aerodactyl\n|-immune|p2a: Rotom|[from] ability: Levitate\n|-damage|p2b: Floette|0 fnt\n|faint|p2b: Floette\n|\n|upkeep\n|turn|6\n|-message|atfalse forfeited.\n|\n|win|Champ.Braeden\n|raw|Champ.Braeden's rating: 1186 &rarr; <strong>1218</strong><br />(+32 for winning)\n|raw|atfalse's rating: 1284 &rarr; <strong>1252</strong><br />(-32 for losing)\n|l|\u2606atfalse\n|player|p2|\n",
  "uploadtime": 1775932888,
  "views": 52,
  "formatid": "gen9championsvgc2026regma",
  "rating": 1218,
  "private": 0,
  "password": null
}