{
  "id": "gen9championsvgc2026regma-2581380330",
  "format": "[Gen 9 Champions] VGC 2026 Reg M-A",
  "players": [
    "aranchu93",
    "Tuesy"
  ],
  "log": "|j|\u2606aranchu93\n|j|\u2606Tuesy\n|t:|1775994078\n|gametype|doubles\n|player|p1|aranchu93|102|1050\n|player|p2|Tuesy|101|1058\n|gen|9\n|tier|[Gen 9 Champions] VGC 2026 Reg M-A\n|rated|\n|rule|Species Clause: Limit one of each Pok\u00e9mon\n|rule|Item Clause: Limit 1 of each item\n|clearpoke\n|poke|p1|Dragonite, L50, M|\n|poke|p1|Incineroar, L50, F|\n|poke|p1|Sinistcha, L50|\n|poke|p1|Pelipper, L50, F|\n|poke|p1|Basculegion, L50, M|\n|poke|p1|Archaludon, L50, M|\n|poke|p2|Gengar, L50, M|\n|poke|p2|Sinistcha, L50|\n|poke|p2|Incineroar, L50, M|\n|poke|p2|Sneasler, L50, M|\n|poke|p2|Politoed, L50, M|\n|poke|p2|Archaludon, L50, F|\n|teampreview|4\n|\n|t:|1775994124\n|teamsize|p1|4\n|teamsize|p2|4\n|start\n|switch|p1a: Dragonite|Dragonite, L50, M|100/100\n|switch|p1b: Incineroar|Incineroar, L50, F|100/100\n|switch|p2a: Perish|Gengar, L50, M|100/100\n|switch|p2b: Wolfey|Incineroar, L50, M|100/100\n|-ability|p1b: Incineroar|Intimidate|boost\n|-unboost|p2a: Perish|atk|1\n|-unboost|p2b: Wolfey|atk|1\n|-ability|p2b: Wolfey|Intimidate|boost\n|-unboost|p1a: Dragonite|atk|1\n|-unboost|p1b: Incineroar|atk|1\n|turn|1\n|\n|t:|1775994163\n|detailschange|p2a: Perish|Gengar-Mega, L50, M\n|-mega|p2a: Perish|Gengar|Gengarite\n|detailschange|p1a: Dragonite|Dragonite-Mega, L50, M\n|-mega|p1a: Dragonite|Dragonite|Dragoninite\n|move|p2a: Perish|Protect|p2a: Perish\n|-singleturn|p2a: Perish|Protect\n|move|p2b: Wolfey|Fake Out|p1a: Dragonite\n|-damage|p1a: Dragonite|97/100\n|move|p1b: Incineroar|Fake Out|p2b: Wolfey\n|-damage|p2b: Wolfey|92/100\n|cant|p1a: Dragonite|flinch\n|\n|upkeep\n|turn|2\n|\n|t:|1775994207\n|switch|p2a: Nooooooo|Sinistcha, L50|100/100\n|-heal|p2b: Wolfey|100/100|[from] ability: Hospitality|[of] p2a: Nooooooo\n|move|p1a: Dragonite|Dragon Pulse|p2b: Wolfey\n|-damage|p2b: Wolfey|63/100\n|move|p2b: Wolfey|Parting Shot|p1a: Dragonite\n|-unboost|p1a: Dragonite|atk|1\n|-unboost|p1a: Dragonite|spa|1\n|\n|t:|1775994217\n|switch|p2b: Perish|Gengar-Mega, L50, M|100/100|[from] Parting Shot\n|move|p1b: Incineroar|Parting Shot|p2a: Nooooooo\n|-unboost|p2a: Nooooooo|atk|1\n|-unboost|p2a: Nooooooo|spa|1\n|\n|t:|1775994233\n|switch|p1b: Sinistcha|Sinistcha, L50|100/100|[from] Parting Shot\n|-heal|p1a: Dragonite|100/100|[from] ability: Hospitality|[of] p1b: Sinistcha\n|\n|upkeep\n|turn|3\n|\n|t:|1775994273\n|move|p2b: Perish|Shadow Ball|p1b: Sinistcha\n|-supereffective|p1b: Sinistcha|1\n|-damage|p1b: Sinistcha|15/100\n|move|p1a: Dragonite|Dragon Pulse|p2a: Nooooooo\n|-crit|p2a: Nooooooo\n|-damage|p2a: Nooooooo|24/100\n|move|p2a: Nooooooo|Matcha Gotcha|p1a: Dragonite|[spread] p1a\n|-miss|p2a: Nooooooo|p1b: Sinistcha\n|-resisted|p1a: Dragonite|2\n|-damage|p1a: Dragonite|99/100\n|-heal|p2a: Nooooooo|25/100|[from] drain|[of] p1a: Dragonite\n|move|p1b: Sinistcha|Matcha Gotcha|p2a: Nooooooo|[spread] p2a,p2b\n|-resisted|p2a: Nooooooo|1\n|-resisted|p2b: Perish|1\n|-damage|p2a: Nooooooo|15/100\n|-heal|p1b: Sinistcha|21/100|[from] drain|[of] p2a: Nooooooo\n|-damage|p2b: Perish|87/100\n|-heal|p1b: Sinistcha|27/100|[from] drain|[of] p2b: Perish\n|-status|p2a: Nooooooo|brn\n|-status|p2b: Perish|brn\n|\n|-damage|p2b: Perish|81/100 brn|[from] brn\n|-damage|p2a: Nooooooo|8/100 brn|[from] brn\n|upkeep\n|turn|4\n|\n|t:|1775994323\n|move|p1b: Sinistcha|Rage Powder|p1b: Sinistcha\n|-singleturn|p1b: Sinistcha|move: Rage Powder\n|move|p2b: Perish|Shadow Ball|p1b: Sinistcha\n|-supereffective|p1b: Sinistcha|1\n|-damage|p1b: Sinistcha|0 fnt\n|faint|p1b: Sinistcha\n|move|p1a: Dragonite|Dragon Pulse|p2b: Perish\n|-damage|p2b: Perish|44/100 brn\n|move|p2a: Nooooooo|Strength Sap|p1a: Dragonite\n|-unboost|p1a: Dragonite|atk|1\n|-heal|p2a: Nooooooo|44/100 brn\n|\n|-damage|p2b: Perish|38/100 brn|[from] brn\n|-damage|p2a: Nooooooo|38/100 brn|[from] brn\n|upkeep\n|\n|t:|1775994338\n|switch|p1b: Basculegion|Basculegion, L50, M|100/100\n|turn|5\n|\n|t:|1775994361\n|move|p2a: Nooooooo|Rage Powder|p2a: Nooooooo\n|-singleturn|p2a: Nooooooo|move: Rage Powder\n|move|p2b: Perish|Shadow Ball|p1b: Basculegion\n|-supereffective|p1b: Basculegion|1\n|-damage|p1b: Basculegion|0 fnt\n|faint|p1b: Basculegion\n|move|p1a: Dragonite|Dragon Pulse|p2a: Nooooooo\n|-damage|p2a: Nooooooo|6/100 brn\n|\n|-damage|p2b: Perish|32/100 brn|[from] brn\n|-damage|p2a: Nooooooo|0 fnt|[from] brn\n|faint|p2a: Nooooooo\n|upkeep\n|\n|t:|1775994380\n|switch|p1b: Incineroar|Incineroar, L50, F|100/100\n|switch|p2a: Wolfey|Incineroar, L50, M|63/100\n|-ability|p1b: Incineroar|Intimidate|boost\n|-unboost|p2a: Wolfey|atk|1\n|-unboost|p2b: Perish|atk|1\n|-ability|p2a: Wolfey|Intimidate|boost\n|-unboost|p1a: Dragonite|atk|1\n|-unboost|p1b: Incineroar|atk|1\n|turn|6\n|\n|t:|1775994399\n|move|p2a: Wolfey|Fake Out|p1a: Dragonite\n|-damage|p1a: Dragonite|93/100\n|move|p2b: Perish|Perish Song|p2b: Perish\n|-start|p1a: Dragonite|perish3|[silent]\n|-start|p1b: Incineroar|perish3|[silent]\n|-start|p2a: Wolfey|perish3|[silent]\n|-start|p2b: Perish|perish3|[silent]\n|-fieldactivate|move: Perish Song\n|cant|p1a: Dragonite|flinch\n|move|p1b: Incineroar|Throat Chop|p2b: Perish\n|-supereffective|p2b: Perish|1\n|-damage|p2b: Perish|0 fnt\n|faint|p2b: Perish\n|\n|-start|p1a: Dragonite|perish3\n|-start|p1b: Incineroar|perish3\n|-start|p2a: Wolfey|perish3\n|upkeep\n|\n|t:|1775994415\n|switch|p2b: Bridge|Archaludon, L50, F|100/100\n|turn|7\n|\n|t:|1775994433\n|move|p2b: Bridge|Draco Meteor|p1a: Dragonite\n|-supereffective|p1a: Dragonite|1\n|-damage|p1a: Dragonite|0 fnt\n|-unboost|p2b: Bridge|spa|2\n|faint|p1a: Dragonite\n|-enditem|p2b: Bridge|White Herb\n|-clearnegativeboost|p2b: Bridge|[silent]\n|move|p2a: Wolfey|Parting Shot|p1b: Incineroar\n|-unboost|p1b: Incineroar|atk|1\n|-unboost|p1b: Incineroar|spa|1\n|move|p1b: Incineroar|Flare Blitz|p2b: Bridge\n|-damage|p2b: Bridge|74/100\n|-damage|p1b: Incineroar|94/100|[from] Recoil\n|\n|-start|p1b: Incineroar|perish2\n|-start|p2a: Wolfey|perish2\n|upkeep\n|turn|8\n|-message|aranchu93 forfeited.\n|\n|win|Tuesy\n|raw|aranchu93's rating: 1050 &rarr; <strong>1033</strong><br />(-17 for losing)\n|raw|Tuesy's rating: 1058 &rarr; <strong>1089</strong><br />(+31 for winning)\n|l|\u2606aranchu93\n|player|p1|\n|l|\u2606Tuesy\n|player|p2|\n|j|\u2606Tuesy\n|player|p2|Tuesy|101|\n",
  "uploadtime": 1775994475,
  "views": 20,
  "formatid": "gen9championsvgc2026regma",
  "rating": 1033,
  "private": 0,
  "password": null
}