{
  "id": "gen9championsvgc2026regma-2586451500",
  "format": "[Gen 9 Champions] VGC 2026 Reg M-A",
  "players": [
    "Rvnn03",
    "campeondelfitness"
  ],
  "log": "|j|\u2606Rvnn03\n|j|\u2606campeondelfitness\n|t:|1776435604\n|gametype|doubles\n|player|p1|Rvnn03|169|1253\n|player|p2|campeondelfitness|swimmer|1186\n|gen|9\n|tier|[Gen 9 Champions] VGC 2026 Reg M-A\n|rated|\n|rule|Species Clause: Limit one of each Pok\u00e9mon\n|rule|Item Clause: Limit 1 of each item\n|clearpoke\n|poke|p1|Venusaur, L50, M|\n|poke|p1|Farigiraf, L50, F|\n|poke|p1|Rotom-Heat, L50|\n|poke|p1|Primarina, L50, F|\n|poke|p1|Garchomp, L50, F|\n|poke|p1|Pelipper, L50, F|\n|poke|p2|Tyranitar, L50, F|\n|poke|p2|Garchomp, L50, M|\n|poke|p2|Heliolisk, L50, M|\n|poke|p2|Rotom-Heat, L50|\n|poke|p2|Orthworm, L50, F|\n|poke|p2|Aerodactyl, L50, M|\n|teampreview|4\n|inactive|Battle timer is ON: inactive players will automatically lose when time's up. (requested by campeondelfitness)\n|inactive|Rvnn03 has 60 seconds left.\n|\n|t:|1776435636\n|teamsize|p1|4\n|teamsize|p2|4\n|start\n|switch|p1a: Farigiraf|Farigiraf, L50, F, shiny|100/100\n|switch|p1b: Primarina|Primarina, L50, F|100/100\n|switch|p2a: Orthworm|Orthworm, L50, F|100/100\n|switch|p2b: Aerodactyl|Aerodactyl, L50, M|100/100\n|-ability|p2b: Aerodactyl|Unnerve\n|turn|1\n|inactive|Rvnn03 has 30 seconds left.\n|\n|t:|1776435664\n|move|p2b: Aerodactyl|Dual Wingbeat|p1b: Primarina\n|-damage|p1b: Primarina|76/100\n|-damage|p1b: Primarina|51/100\n|-hitcount|p1b: Primarina|2\n|move|p2a: Orthworm|Iron Head|p1b: Primarina\n|-damage|p1b: Primarina|20/100\n|move|p1a: Farigiraf|Dazzling Gleam|p2a: Orthworm|[spread] p2a,p2b\n|-resisted|p2a: Orthworm|1\n|-damage|p2a: Orthworm|88/100\n|-damage|p2b: Aerodactyl|80/100\n|cant|p1b: Primarina|flinch\n|\n|-heal|p2a: Orthworm|94/100|[from] item: Leftovers\n|upkeep\n|turn|2\n|\n|t:|1776435684\n|move|p1b: Primarina|Protect|p1b: Primarina\n|-singleturn|p1b: Primarina|Protect\n|move|p2b: Aerodactyl|Rock Slide|p1b: Primarina|[spread] p1a\n|-activate|p1b: Primarina|move: Protect\n|-damage|p1a: Farigiraf|80/100\n|move|p2a: Orthworm|Iron Head|p1b: Primarina\n|-activate|p1b: Primarina|move: Protect\n|move|p1a: Farigiraf|Trick Room|p1a: Farigiraf\n|-fieldstart|move: Trick Room|[of] p1a: Farigiraf\n|\n|-heal|p1a: Farigiraf|85/100|[from] item: Leftovers\n|-heal|p2a: Orthworm|99/100|[from] item: Leftovers\n|upkeep\n|turn|3\n|\n|t:|1776435706\n|switch|p1a: Garchomp|Garchomp, L50, F|100/100\n|move|p2b: Aerodactyl|Wide Guard|p2b: Aerodactyl\n|-singleturn|p2b: Aerodactyl|Wide Guard\n|move|p1b: Primarina|Hyper Voice|p2b: Aerodactyl|[spread] \n|-activate|p2a: Orthworm|move: Wide Guard\n|-activate|p2b: Aerodactyl|move: Wide Guard\n|move|p2a: Orthworm|Iron Head|p1b: Primarina\n|-damage|p1b: Primarina|0 fnt\n|faint|p1b: Primarina\n|\n|-heal|p2a: Orthworm|100/100|[from] item: Leftovers\n|upkeep\n|\n|t:|1776435723\n|switch|p1b: Farigiraf|Farigiraf, L50, F, shiny|85/100\n|turn|4\n|\n|t:|1776435739\n|switch|p2b: Tyranitar|Tyranitar, L50, F|100/100\n|-weather|Sandstorm|[from] ability: Sand Stream|[of] p2b: Tyranitar\n|move|p1b: Farigiraf|Dazzling Gleam|p2b: Tyranitar|[spread] p2a,p2b\n|-resisted|p2a: Orthworm|1\n|-supereffective|p2b: Tyranitar|1\n|-damage|p2a: Orthworm|88/100\n|-damage|p2b: Tyranitar|85/100\n|move|p2a: Orthworm|Iron Defense|p2a: Orthworm\n|-boost|p2a: Orthworm|def|2\n|move|p1a: Garchomp|Iron Head|p2b: Tyranitar\n|-supereffective|p2b: Tyranitar|1\n|-damage|p2b: Tyranitar|46/100\n|\n|-weather|Sandstorm|[upkeep]\n|-damage|p1b: Farigiraf|80/100|[from] Sandstorm\n|-heal|p1b: Farigiraf|85/100|[from] item: Leftovers\n|-heal|p2a: Orthworm|94/100|[from] item: Leftovers\n|upkeep\n|turn|5\n|inactive|Rvnn03 has 30 seconds left.\n|\n|t:|1776435768\n|move|p2b: Tyranitar|Protect|p2b: Tyranitar\n|-singleturn|p2b: Tyranitar|Protect\n|move|p1b: Farigiraf|Dazzling Gleam|p2a: Orthworm|[spread] p2a\n|-activate|p2b: Tyranitar|move: Protect\n|-resisted|p2a: Orthworm|1\n|-damage|p2a: Orthworm|81/100\n|move|p2a: Orthworm|Iron Defense|p2a: Orthworm\n|-boost|p2a: Orthworm|def|2\n|move|p1a: Garchomp|Rock Slide|p2b: Tyranitar|[spread] p2a\n|-activate|p2b: Tyranitar|move: Protect\n|-resisted|p2a: Orthworm|1\n|-damage|p2a: Orthworm|79/100\n|\n|-weather|Sandstorm|[upkeep]\n|-damage|p1b: Farigiraf|80/100|[from] Sandstorm\n|-heal|p1b: Farigiraf|85/100|[from] item: Leftovers\n|-heal|p2a: Orthworm|85/100|[from] item: Leftovers\n|upkeep\n|turn|6\n|inactive|Rvnn03 has 30 seconds left.\n|inactive|campeondelfitness has 30 seconds left.\n|\n|t:|1776435799\n|move|p2b: Tyranitar|Icy Wind|p1b: Farigiraf|[spread] p1a,p1b\n|-supereffective|p1a: Garchomp|2\n|-damage|p1a: Garchomp|59/100\n|-damage|p1b: Farigiraf|78/100\n|-unboost|p1a: Garchomp|spe|1\n|-unboost|p1b: Farigiraf|spe|1\n|move|p1b: Farigiraf|Twin Beam|p2a: Orthworm\n|-resisted|p2a: Orthworm|1\n|-damage|p2a: Orthworm|72/100\n|-resisted|p2a: Orthworm|1\n|-damage|p2a: Orthworm|61/100\n|-hitcount|p2a: Orthworm|2\n|move|p2a: Orthworm|Body Press|p1b: Farigiraf\n|-damage|p1b: Farigiraf|0 fnt\n|faint|p1b: Farigiraf\n|move|p1a: Garchomp|Iron Head|p2a: Orthworm\n|-resisted|p2a: Orthworm|1\n|-damage|p2a: Orthworm|58/100\n|\n|-weather|Sandstorm|[upkeep]\n|-heal|p2a: Orthworm|64/100|[from] item: Leftovers\n|-fieldend|move: Trick Room\n|upkeep\n|\n|t:|1776435816\n|switch|p1b: Venusaur|Venusaur, L50, M|100/100\n|turn|7\n|\n|t:|1776435829\n|switch|p2b: Aerodactyl|Aerodactyl, L50, M|80/100\n|-ability|p2b: Aerodactyl|Unnerve\n|detailschange|p1b: Venusaur|Venusaur-Mega, L50, M\n|-mega|p1b: Venusaur|Venusaur|Venusaurite\n|move|p1a: Garchomp|Iron Head|p2b: Aerodactyl\n|-supereffective|p2b: Aerodactyl|1\n|-damage|p2b: Aerodactyl|4/100\n|move|p1b: Venusaur|Giga Drain|p2a: Orthworm\n|-resisted|p2a: Orthworm|1\n|-damage|p2a: Orthworm|36/100\n|move|p2a: Orthworm|Body Press|p1a: Garchomp\n|-damage|p1a: Garchomp|0 fnt\n|-damage|p2a: Orthworm|23/100|[from] ability: Rough Skin|[of] p1a: Garchomp\n|faint|p1a: Garchomp\n|\n|-weather|Sandstorm|[upkeep]\n|-damage|p1b: Venusaur|95/100|[from] Sandstorm\n|-heal|p2a: Orthworm|29/100|[from] item: Leftovers\n|upkeep\n|turn|8\n|-message|Rvnn03 forfeited.\n|\n|win|campeondelfitness\n|raw|Rvnn03's rating: 1253 &rarr; <strong>1223</strong><br />(-30 for losing)\n|raw|campeondelfitness's rating: 1186 &rarr; <strong>1216</strong><br />(+30 for winning)\n|l|\u2606Rvnn03\n|player|p1|\n",
  "uploadtime": 1776435848,
  "views": 68,
  "formatid": "gen9championsvgc2026regma",
  "rating": 1216,
  "private": 0,
  "password": null
}