{
  "id": "gen9championsvgc2026regma-2582777312",
  "format": "[Gen 9 Champions] VGC 2026 Reg M-A",
  "players": [
    "augsaas",
    "trashtile"
  ],
  "log": "|j|\u2606augsaas\n|j|\u2606trashtile\n|t:|1776113382\n|gametype|doubles\n|player|p1|augsaas|cynthia-gen4|\n|player|p2|trashtile|red|\n|gen|9\n|tier|[Gen 9 Champions] VGC 2026 Reg M-A\n|rule|Species Clause: Limit one of each Pok\u00e9mon\n|rule|Item Clause: Limit 1 of each item\n|clearpoke\n|poke|p1|Altaria, L50, F|\n|poke|p1|Sneasler, L50, F|\n|poke|p1|Gengar, L50, F|\n|poke|p1|Kingambit, L50, M|\n|poke|p1|Whimsicott, L50, M|\n|poke|p1|Typhlosion-Hisui, L50, M|\n|poke|p2|Floette-Eternal, L50, F|\n|poke|p2|Chandelure, L50, F|\n|poke|p2|Maushold-Four, L50|\n|poke|p2|Sinistcha, L50|\n|poke|p2|Dragapult, L50, M|\n|poke|p2|Clefable, L50, M|\n|teampreview|4\n|inactive|Battle timer is ON: inactive players will automatically lose when time's up. (requested by trashtile)\n|c|\u2606augsaas|hmmm\naugsaas rejected open team sheets.\n|c|\u2606trashtile|Time mais feio da hist\u00f3ria\n|inactive|augsaas has 60 seconds left.\n|inactive|trashtile has 60 seconds left.\n|inactive|augsaas has 30 seconds left.\n|\n|t:|1776113446\n|teamsize|p1|4\n|teamsize|p2|4\n|start\n|switch|p1a: Typhlosion|Typhlosion-Hisui, L50, M|100/100\n|switch|p1b: Whimsicott|Whimsicott, L50, M|100/100\n|switch|p2a: Floette|Floette-Eternal, L50, F|100/100\n|switch|p2b: Chandelure|Chandelure, L50, F|100/100\n|turn|1\n|\n|t:|1776113457\n|detailschange|p2a: Floette|Floette-Mega, L50, F\n|-mega|p2a: Floette|Floette|Floettite\n|-ability|p2a: Floette|Fairy Aura\n|move|p2a: Floette|Protect|p2a: Floette\n|-singleturn|p2a: Floette|Protect\n|move|p1b: Whimsicott|Fake Tears|p2b: Chandelure\n|-unboost|p2b: Chandelure|spd|2\n|move|p1a: Typhlosion|Shadow Ball|p2b: Chandelure\n|-supereffective|p2b: Chandelure|1\n|-damage|p2b: Chandelure|0 fnt\n|faint|p2b: Chandelure\n|\n|upkeep\n|c|\u2606augsaas|lixo\n|\n|t:|1776113469\n|switch|p2b: Maushold|Maushold-Four, L50|100/100\n|turn|2\n|\n|t:|1776113493\n|switch|p1a: Kingambit|Kingambit, L50, M|100/100\n|move|p1b: Whimsicott|Tailwind|p1b: Whimsicott\n|-sidestart|p1: augsaas|move: Tailwind\n|move|p2b: Maushold|Taunt|p1b: Whimsicott\n|-start|p1b: Whimsicott|move: Taunt\n|move|p2a: Floette|Dazzling Gleam|p1b: Whimsicott|[spread] p1a,p1b\n|-damage|p1a: Kingambit|61/100\n|-damage|p1b: Whimsicott|52/100\n|\n|upkeep\n|turn|3\n|\n|t:|1776113509\n|switch|p1b: Gengar|Gengar, L50, F|100/100\n|move|p2b: Maushold|Follow Me|p2b: Maushold\n|-singleturn|p2b: Maushold|move: Follow Me\n|move|p1a: Kingambit|Kowtow Cleave|p2b: Maushold\n|-damage|p2b: Maushold|19/100\n|move|p2a: Floette|Dazzling Gleam|p1b: Gengar|[spread] p1a,p1b\n|-resisted|p1b: Gengar|1\n|-damage|p1a: Kingambit|17/100\n|-damage|p1b: Gengar|66/100\n|-start|p2a: Floette|Disable|Dazzling Gleam|[from] ability: Cursed Body|[of] p1b: Gengar\n|\n|upkeep\n|turn|4\n|\n|t:|1776113534\n|detailschange|p1b: Gengar|Gengar-Mega, L50, F\n|-mega|p1b: Gengar|Gengar|Gengarite\n|move|p1a: Kingambit|Protect|p1a: Kingambit\n|-singleturn|p1a: Kingambit|Protect\n|move|p2a: Floette|Protect|p2a: Floette\n|-singleturn|p2a: Floette|Protect\n|move|p1b: Gengar|Sludge Bomb|p2b: Maushold\n|-damage|p2b: Maushold|0 fnt\n|faint|p2b: Maushold\n|\n|upkeep\n|\n|t:|1776113544\n|switch|p2b: Clefable|Clefable, L50, M|100/100\n|turn|5\n|\n|t:|1776113561\n|move|p2b: Clefable|Protect|p2b: Clefable\n|-singleturn|p2b: Clefable|Protect\n|move|p1b: Gengar|Sludge Bomb|p2a: Floette\n|-supereffective|p2a: Floette|1\n|-damage|p2a: Floette|0 fnt\n|faint|p2a: Floette\n|move|p1a: Kingambit|Kowtow Cleave|p2b: Clefable\n|-activate|p2b: Clefable|move: Protect\n|\n|-sideend|p1: augsaas|move: Tailwind\n|upkeep\n|turn|6\n|c|\u2606augsaas|lixo\n|\n|t:|1776113574\n|move|p1a: Kingambit|Sucker Punch|p2b: Clefable\n|-resisted|p2b: Clefable|1\n|-damage|p2b: Clefable|74/100\n|move|p1b: Gengar|Sludge Bomb|p2b: Clefable\n|-supereffective|p2b: Clefable|1\n|-damage|p2b: Clefable|0 fnt\n|faint|p2b: Clefable\n|\n|win|augsaas\n|c|\u2606trashtile|Time fei da prr\n",
  "uploadtime": 1776113584,
  "views": 21,
  "formatid": "gen9championsvgc2026regma",
  "rating": null,
  "private": 0,
  "password": null
}