{
  "id": "gen9championsvgc2026regma-2583973166",
  "format": "[Gen 9 Champions] VGC 2026 Reg M-A",
  "players": [
    "afriou",
    "Azure Resolution"
  ],
  "log": "|j|\u2606afriou\n|j|\u2606Azure Resolution\n|t:|1776213156\n|gametype|doubles\n|player|p1|afriou|102|1170\n|player|p2|Azure Resolution|gentleman-gen4dp|1235\n|gen|9\n|tier|[Gen 9 Champions] VGC 2026 Reg M-A\n|rated|\n|rule|Species Clause: Limit one of each Pok\u00e9mon\n|rule|Item Clause: Limit 1 of each item\n|clearpoke\n|poke|p1|Blastoise, L50, M|\n|poke|p1|Tsareena, L50, F|\n|poke|p1|Typhlosion, L50, F|\n|poke|p1|Glimmora, L50, M|\n|poke|p1|Whimsicott, L50, F|\n|poke|p1|Sinistcha, L50|\n|poke|p2|Altaria, L50, F|\n|poke|p2|Delphox, L50, F|\n|poke|p2|Kingambit, L50, F|\n|poke|p2|Milotic, L50, F|\n|poke|p2|Raichu, L50, M|\n|poke|p2|Gengar, L50, F|\n|teampreview|4\n|inactive|Battle timer is ON: inactive players will automatically lose when time's up. (requested by afriou)\nafriou rejected open team sheets.\n|inactive|afriou has 60 seconds left.\n|inactive|Azure Resolution has 60 seconds left.\n|inactive|Azure Resolution has 30 seconds left.\n|\n|t:|1776213222\n|teamsize|p1|4\n|teamsize|p2|4\n|start\n|switch|p1a: Tsareena|Tsareena, L50, F|100/100\n|switch|p1b: Whimsicott|Whimsicott, L50, F|100/100\n|switch|p2a: Delphox|Delphox, L50, F|100/100\n|switch|p2b: Raichu|Raichu, L50, M|100/100\n|turn|1\n|inactive|Azure Resolution has 30 seconds left.\n|\n|t:|1776213254\n|switch|p1a: Typhlosion|Typhlosion, L50, F|100/100\n|detailschange|p2a: Delphox|Delphox-Mega, L50, F\n|-mega|p2a: Delphox|Delphox|Delphoxite\n|move|p2b: Raichu|Fake Out|p1b: Whimsicott\n|-damage|p1b: Whimsicott|92/100\n|cant|p1b: Whimsicott|flinch\n|move|p2a: Delphox|Substitute|p2a: Delphox\n|-start|p2a: Delphox|Substitute\n|-damage|p2a: Delphox|75/100\n|\n|upkeep\n|turn|2\n|inactive|Azure Resolution has 30 seconds left.\n|\n|t:|1776213287\n|move|p1b: Whimsicott|Tailwind|p1b: Whimsicott\n|-sidestart|p1: afriou|move: Tailwind\n|move|p1a: Typhlosion|Eruption|p2b: Raichu|[spread] p2a,p2b\n|-resisted|p2a: Delphox|1\n|-end|p2a: Delphox|Substitute\n|-enditem|p2b: Raichu|Focus Sash\n|-damage|p2b: Raichu|1/100\n|move|p2a: Delphox|Psychic|p1a: Typhlosion\n|-damage|p1a: Typhlosion|35/100\n|move|p2b: Raichu|Nuzzle|p1a: Typhlosion\n|-damage|p1a: Typhlosion|27/100\n|-status|p1a: Typhlosion|par\n|\n|upkeep\n|turn|3\n|inactive|afriou has 30 seconds left.\n|inactive|Azure Resolution has 30 seconds left.\n|inactive|Azure Resolution has 20 seconds left.\n|inactive|Azure Resolution has 15 seconds left.\n|\n|t:|1776213329\n|switch|p1b: Blastoise|Blastoise, L50, M|100/100\n|move|p2b: Raichu|Protect|p2b: Raichu\n|-singleturn|p2b: Raichu|Protect\n|move|p2a: Delphox|Psychic|p1a: Typhlosion\n|-damage|p1a: Typhlosion|0 fnt\n|faint|p1a: Typhlosion\n|\n|upkeep\n|\n|t:|1776213338\n|switch|p1a: Tsareena|Tsareena, L50, F|100/100\n|turn|4\n|\n|t:|1776213359\n|detailschange|p1b: Blastoise|Blastoise-Mega, L50, M\n|-mega|p1b: Blastoise|Blastoise|Blastoisinite\n|move|p2a: Delphox|Protect|p2a: Delphox\n|-singleturn|p2a: Delphox|Protect\n|move|p1a: Tsareena|Trop Kick|p2a: Delphox\n|-activate|p2a: Delphox|move: Protect\n|move|p1b: Blastoise|Water Spout|p2a: Delphox|[spread] p2b\n|-activate|p2a: Delphox|move: Protect\n|-damage|p2b: Raichu|0 fnt\n|faint|p2b: Raichu\n|\n|upkeep\n|\n|t:|1776213379\n|switch|p2b: Kingambit|Kingambit, L50, F|100/100\n|turn|5\n|inactive|Azure Resolution has 30 seconds left.\n|\n|t:|1776213411\n|switch|p1a: Whimsicott|Whimsicott, L50, F|92/100\n|switch|p2a: Milotic|Milotic, L50, F|100/100\n|move|p2b: Kingambit|Protect|p2b: Kingambit\n|-singleturn|p2b: Kingambit|Protect\n|move|p1b: Blastoise|Water Spout|p2a: Milotic|[spread] p2a\n|-activate|p2b: Kingambit|move: Protect\n|-resisted|p2a: Milotic|1\n|-damage|p2a: Milotic|75/100\n|\n|-heal|p2a: Milotic|81/100|[from] item: Leftovers\n|-sideend|p1: afriou|move: Tailwind\n|upkeep\n|turn|6\n|inactive|Azure Resolution has 30 seconds left.\n|\n|t:|1776213441\n|move|p1a: Whimsicott|Tailwind|p1a: Whimsicott\n|-sidestart|p1: afriou|move: Tailwind\n|move|p2b: Kingambit|Sucker Punch|p1b: Blastoise\n|-damage|p1b: Blastoise|63/100\n|move|p1b: Blastoise|Aura Sphere|p2b: Kingambit\n|-supereffective|p2b: Kingambit|2\n|-enditem|p2b: Kingambit|Chople Berry|[eat]\n|-enditem|p2b: Kingambit|Chople Berry|[weaken]\n|-damage|p2b: Kingambit|6/100\n|move|p2a: Milotic|Icy Wind|p1b: Blastoise|[spread] p1a,p1b\n|-supereffective|p1a: Whimsicott|1\n|-resisted|p1b: Blastoise|1\n|-damage|p1a: Whimsicott|58/100\n|-damage|p1b: Blastoise|57/100\n|-unboost|p1a: Whimsicott|spe|1\n|-unboost|p1b: Blastoise|spe|1\n|\n|-heal|p2a: Milotic|87/100|[from] item: Leftovers\n|upkeep\n|turn|7\n|inactive|Azure Resolution has 30 seconds left.\n|inactive|Azure Resolution has 20 seconds left.\n|inactive|Azure Resolution has 15 seconds left.\n|inactive|afriou has 30 seconds left.\n|inactive|Azure Resolution has 10 seconds left.\n|\n|t:|1776213492\n|move|p2b: Kingambit|Sucker Punch|p1b: Blastoise\n|-damage|p1b: Blastoise|13/100\n|move|p1a: Whimsicott|Moonblast|p2b: Kingambit\n|-damage|p2b: Kingambit|0 fnt\n|faint|p2b: Kingambit\n|move|p1b: Blastoise|Aura Sphere|p2a: Milotic\n|-damage|p2a: Milotic|51/100\n|move|p2a: Milotic|Scald|p1b: Blastoise\n|-resisted|p1b: Blastoise|1\n|-damage|p1b: Blastoise|0 fnt\n|faint|p1b: Blastoise\n|\n|-heal|p2a: Milotic|57/100|[from] item: Leftovers\n|upkeep\n|\n|t:|1776213506\n|switch|p1b: Tsareena|Tsareena, L50, F|100/100\n|switch|p2b: Delphox|Delphox-Mega, L50, F|75/100\n|turn|8\n|\n|t:|1776213528\n|move|p2b: Delphox|Protect|p2b: Delphox\n|-singleturn|p2b: Delphox|Protect\n|move|p2a: Milotic|Protect|p2a: Milotic\n|-singleturn|p2a: Milotic|Protect\n|move|p1b: Tsareena|Trop Kick|p2b: Delphox\n|-activate|p2b: Delphox|move: Protect\n|move|p1a: Whimsicott|Moonblast|p2b: Delphox\n|-activate|p2b: Delphox|move: Protect\n|\n|-heal|p2a: Milotic|63/100|[from] item: Leftovers\n|upkeep\n|turn|9\n|inactive|Azure Resolution has 30 seconds left.\n|\n|t:|1776213554\n|move|p1b: Tsareena|Trop Kick|p2a: Milotic\n|-supereffective|p2a: Milotic|1\n|-damage|p2a: Milotic|0 fnt\n|faint|p2a: Milotic\n|move|p1a: Whimsicott|Moonblast|p2b: Delphox\n|-resisted|p2b: Delphox|1\n|-damage|p2b: Delphox|62/100\n|move|p2b: Delphox|Heat Wave|p1b: Tsareena|[spread] p1a,p1b\n|-supereffective|p1a: Whimsicott|1\n|-supereffective|p1b: Tsareena|1\n|-damage|p1a: Whimsicott|0 fnt\n|-damage|p1b: Tsareena|4/100\n|faint|p1a: Whimsicott\n|\n|-sideend|p1: afriou|move: Tailwind\n|upkeep\n|turn|10\n|\n|t:|1776213568\n|move|p2b: Delphox|Psychic|p1b: Tsareena\n|-damage|p1b: Tsareena|0 fnt\n|faint|p1b: Tsareena\n|\n|win|Azure Resolution\n|raw|afriou's rating: 1170 &rarr; <strong>1150</strong><br />(-20 for losing)\n|raw|Azure Resolution's rating: 1235 &rarr; <strong>1255</strong><br />(+20 for winning)\n|l|\u2606afriou\n|player|p1|\n|c|\u2606Azure Resolution|ggwp\n",
  "uploadtime": 1776213640,
  "views": 32,
  "formatid": "gen9championsvgc2026regma",
  "rating": 1150,
  "private": 0,
  "password": null
}