{
  "id": "gen9championsvgc2026regma-2588199969",
  "format": "[Gen 9 Champions] VGC 2026 Reg M-A",
  "players": [
    "benjitulio",
    "vhhvcxfxx"
  ],
  "log": "|j|\u2606benjitulio\n|j|\u2606vhhvcxfxx\n|t:|1776613789\n|gametype|doubles\n|player|p1|benjitulio|wattson|1000\n|player|p2|vhhvcxfxx|170|1000\n|gen|9\n|tier|[Gen 9 Champions] VGC 2026 Reg M-A\n|rated|\n|rule|Species Clause: Limit one of each Pok\u00e9mon\n|rule|Item Clause: Limit 1 of each item\n|clearpoke\n|poke|p1|Dragonite, L50, M|\n|poke|p1|Incineroar, L50, M|\n|poke|p1|Gyarados, L50, F|\n|poke|p1|Maushold-Four, L50|\n|poke|p1|Milotic, L50, F|\n|poke|p1|Whimsicott, L50, F|\n|poke|p2|Incineroar, L50, F|\n|poke|p2|Corviknight, L50, M|\n|poke|p2|Toxapex, L50, M|\n|poke|p2|Audino, L50, M|\n|poke|p2|Clefable, L50, F|\n|poke|p2|Slowking-Galar, L50, M|\n|teampreview|4\n|\n|t:|1776613827\n|teamsize|p1|4\n|teamsize|p2|4\n|start\n|switch|p1a: Dragonite|Dragonite, L50, M|100/100\n|switch|p1b: Whimsicott|Whimsicott, L50, F|100/100\n|switch|p2a: Slowking|Slowking-Galar, L50, M|100/100\n|switch|p2b: Clefable|Clefable, L50, F|100/100\n|turn|1\n|\n|t:|1776613856\n|detailschange|p1a: Dragonite|Dragonite-Mega, L50, M\n|-mega|p1a: Dragonite|Dragonite|Dragoninite\n|move|p2b: Clefable|Follow Me|p2b: Clefable\n|-singleturn|p2b: Clefable|move: Follow Me\n|move|p1b: Whimsicott|Taunt|p2b: Clefable\n|-start|p2b: Clefable|move: Taunt\n|-enditem|p2b: Clefable|Mental Herb\n|-end|p2b: Clefable|move: Taunt\n|move|p1a: Dragonite|Ice Beam|p2b: Clefable\n|-damage|p2b: Clefable|69/100\n|move|p2a: Slowking|Toxic|p1a: Dragonite\n|-status|p1a: Dragonite|tox\n|\n|-damage|p1a: Dragonite|95/100 tox|[from] psn\n|upkeep\n|turn|2\n|\n|t:|1776613889\n|move|p2b: Clefable|Follow Me|p2b: Clefable\n|-singleturn|p2b: Clefable|move: Follow Me\n|move|p1b: Whimsicott|Taunt|p2b: Clefable\n|-start|p2b: Clefable|move: Taunt\n|move|p1a: Dragonite|Ice Beam|p2b: Clefable\n|-damage|p2b: Clefable|33/100\n|move|p2a: Slowking|Snarl|p1b: Whimsicott|[spread] p1a\n|-miss|p2a: Slowking|p1b: Whimsicott\n|-damage|p1a: Dragonite|85/100 tox\n|-unboost|p1a: Dragonite|spa|1\n|\n|-damage|p1a: Dragonite|73/100 tox|[from] psn\n|upkeep\n|turn|3\n|\n|t:|1776613928\n|switch|p1a: Milotic|Milotic, L50, F|100/100\n|switch|p2b: Audino|Audino, L50, M|100/100\n|move|p1b: Whimsicott|Light Screen|p1b: Whimsicott\n|-sidestart|p1: benjitulio|move: Light Screen\n|move|p2a: Slowking|Toxic|p1b: Whimsicott\n|-status|p1b: Whimsicott|tox\n|\n|-damage|p1b: Whimsicott|95/100 tox|[from] psn\n|upkeep\n|turn|4\n|\n|t:|1776613947\n|detailschange|p2b: Audino|Audino-Mega, L50, M\n|-mega|p2b: Audino|Audino|Audinite\n|move|p1b: Whimsicott|Taunt|p2a: Slowking\n|-start|p2a: Slowking|move: Taunt\n|move|p1a: Milotic|Scald|p2b: Audino\n|-damage|p2b: Audino|78/100\n|move|p2a: Slowking|Snarl|p1a: Milotic|[spread] p1a,p1b\n|-crit|p1a: Milotic\n|-resisted|p1b: Whimsicott|1\n|-damage|p1a: Milotic|90/100\n|-damage|p1b: Whimsicott|90/100 tox\n|-unboost|p1a: Milotic|spa|1\n|-ability|p1a: Milotic|Competitive|boost\n|-boost|p1a: Milotic|spa|2\n|-unboost|p1b: Whimsicott|spa|1\n|move|p2b: Audino|Trick Room|p2b: Audino\n|-fieldstart|move: Trick Room|[of] p2b: Audino\n|\n|-heal|p1a: Milotic|96/100|[from] item: Leftovers\n|-damage|p1b: Whimsicott|78/100 tox|[from] psn\n|upkeep\n|turn|5\n|\n|t:|1776613982\n|switch|p2a: Clefable|Clefable, L50, F|33/100\n|move|p2b: Audino|Heal Pulse|p2a: Clefable\n|-heal|p2a: Clefable|83/100\n|move|p1a: Milotic|Scald|p2b: Audino\n|-damage|p2b: Audino|40/100\n|move|p1b: Whimsicott|Moonblast|p2b: Audino\n|-damage|p2b: Audino|26/100\n|\n|-heal|p1a: Milotic|100/100|[from] item: Leftovers\n|-damage|p1b: Whimsicott|60/100 tox|[from] psn\n|upkeep\n|turn|6\n|\n|t:|1776614015\n|move|p2b: Audino|Protect|p2b: Audino\n|-singleturn|p2b: Audino|Protect\n|move|p1b: Whimsicott|Taunt|p2b: Audino\n|-activate|p2b: Audino|move: Protect\n|move|p2a: Clefable|Night Shade|p1a: Milotic\n|-damage|p1a: Milotic|74/100\n|move|p1a: Milotic|Scald|p2a: Clefable\n|-damage|p2a: Clefable|34/100\n|\n|-heal|p1a: Milotic|81/100|[from] item: Leftovers\n|-damage|p1b: Whimsicott|37/100 tox|[from] psn\n|upkeep\n|turn|7\n|\n|t:|1776614048\n|switch|p2b: Slowking|Slowking-Galar, L50, M|100/100\n|move|p2a: Clefable|Protect|p2a: Clefable\n|-singleturn|p2a: Clefable|Protect\n|move|p1b: Whimsicott|Taunt|p2b: Slowking\n|-start|p2b: Slowking|move: Taunt\n|move|p1a: Milotic|Scald|p2a: Clefable\n|-activate|p2a: Clefable|move: Protect\n|\n|-heal|p1a: Milotic|87/100|[from] item: Leftovers\n|-damage|p1b: Whimsicott|8/100 tox|[from] psn\n|-sideend|p1: benjitulio|move: Light Screen\n|upkeep\n|turn|8\n|\n|t:|1776614076\n|switch|p2b: Corviknight|Corviknight, L50, M|100/100\n|move|p1b: Whimsicott|Light Screen|p1b: Whimsicott\n|-sidestart|p1: benjitulio|move: Light Screen\n|move|p2a: Clefable|Night Shade|p1a: Milotic\n|-damage|p1a: Milotic|61/100\n|move|p1a: Milotic|Scald|p2a: Clefable\n|-damage|p2a: Clefable|0 fnt\n|faint|p2a: Clefable\n|\n|-heal|p1a: Milotic|67/100|[from] item: Leftovers\n|-damage|p1b: Whimsicott|0 fnt|[from] psn\n|faint|p1b: Whimsicott\n|-fieldend|move: Trick Room\n|upkeep\n|inactive|Battle timer is ON: inactive players will automatically lose when time's up. (requested by benjitulio)\n|\n|t:|1776614095\n|switch|p1b: Dragonite|Dragonite-Mega, L50, M|73/100 tox\n|switch|p2a: Slowking|Slowking-Galar, L50, M|100/100\n|turn|9\n|\n|t:|1776614106\n|move|p1b: Dragonite|Flamethrower|p2b: Corviknight\n|-supereffective|p2b: Corviknight|1\n|-enditem|p2b: Corviknight|Occa Berry|[eat]\n|-enditem|p2b: Corviknight|Occa Berry|[weaken]\n|-damage|p2b: Corviknight|73/100\n|move|p1a: Milotic|Scald|p2b: Corviknight\n|-damage|p2b: Corviknight|29/100\n|move|p2b: Corviknight|Light Screen|p2b: Corviknight\n|-sidestart|p2: vhhvcxfxx|move: Light Screen\n|move|p2a: Slowking|Toxic|p1a: Milotic\n|-status|p1a: Milotic|tox\n|\n|-heal|p1a: Milotic|73/100 tox|[from] item: Leftovers\n|-damage|p1b: Dragonite|67/100 tox|[from] psn\n|-damage|p1a: Milotic|67/100 tox|[from] psn\n|upkeep\n|turn|10\n|inactive|vhhvcxfxx has 30 seconds left.\n|\n|t:|1776614137\n|move|p2b: Corviknight|Protect|p2b: Corviknight\n|-singleturn|p2b: Corviknight|Protect\n|move|p2a: Slowking|Protect|p2a: Slowking\n|-singleturn|p2a: Slowking|Protect\n|move|p1b: Dragonite|Flamethrower|p2b: Corviknight\n|-activate|p2b: Corviknight|move: Protect\n|move|p1a: Milotic|Scald|p2b: Corviknight\n|-activate|p2b: Corviknight|move: Protect\n|\n|-heal|p1a: Milotic|73/100 tox|[from] item: Leftovers\n|-damage|p1b: Dragonite|55/100 tox|[from] psn\n|-damage|p1a: Milotic|61/100 tox|[from] psn\n|upkeep\n|turn|11\n|inactive|vhhvcxfxx has 30 seconds left.\n|inactive|vhhvcxfxx has 20 seconds left.\n|inactive|vhhvcxfxx has 15 seconds left.\n|inactive|vhhvcxfxx has 10 seconds left.\n|\n|t:|1776614184\n|switch|p2a: Audino|Audino-Mega, L50, M|26/100\n|move|p2b: Corviknight|Protect||[still]\n|-fail|p2b: Corviknight\n|move|p1b: Dragonite|Flamethrower|p2b: Corviknight\n|-supereffective|p2b: Corviknight|1\n|-damage|p2b: Corviknight|0 fnt\n|faint|p2b: Corviknight\n|move|p1a: Milotic|Scald|p2a: Audino\n|-damage|p2a: Audino|5/100\n|\n|-heal|p1a: Milotic|67/100 tox|[from] item: Leftovers\n|-damage|p1b: Dragonite|37/100 tox|[from] psn\n|-damage|p1a: Milotic|48/100 tox|[from] psn\n|upkeep\n|\n|t:|1776614200\n|switch|p2b: Slowking|Slowking-Galar, L50, M|100/100\n|turn|12\n|\n|t:|1776614216\n|switch|p1b: Maushold|Maushold-Four, L50|100/100\n|move|p2a: Audino|Protect|p2a: Audino\n|-singleturn|p2a: Audino|Protect\n|move|p1a: Milotic|Icy Wind|p2b: Slowking|[spread] p2b\n|-activate|p2a: Audino|move: Protect\n|-damage|p2b: Slowking|92/100\n|-unboost|p2b: Slowking|spe|1\n|move|p2b: Slowking|Toxic|p1a: Milotic\n|-fail|p1a: Milotic|tox\n|\n|-heal|p1a: Milotic|55/100 tox|[from] item: Leftovers\n|-damage|p1a: Milotic|30/100 tox|[from] psn\n|-sideend|p1: benjitulio|move: Light Screen\n|upkeep\n|turn|13\n|\n|t:|1776614240\n|move|p1b: Maushold|Population Bomb|p2a: Audino\n|-damage|p2a: Audino|0 fnt\n|faint|p2a: Audino\n|-hitcount|p2: Audino|1\n|move|p1a: Milotic|Scald|p2b: Slowking\n|-damage|p2b: Slowking|67/100\n|-status|p2b: Slowking|brn\n|move|p2b: Slowking|Toxic|p1b: Maushold\n|-status|p1b: Maushold|tox\n|\n|-heal|p1a: Milotic|36/100 tox|[from] item: Leftovers\n|-damage|p1b: Maushold|95/100 tox|[from] psn\n|-damage|p1a: Milotic|5/100 tox|[from] psn\n|-damage|p2b: Slowking|61/100 brn|[from] brn\n|-sideend|p2: vhhvcxfxx|move: Light Screen\n|upkeep\n|turn|14\n|\n|t:|1776614261\n|move|p2b: Slowking|Protect|p2b: Slowking\n|-singleturn|p2b: Slowking|Protect\n|move|p1b: Maushold|Encore|p2b: Slowking\n|-activate|p2b: Slowking|move: Protect\n|move|p1a: Milotic|Scald|p2b: Slowking\n|-activate|p2b: Slowking|move: Protect\n|\n|-heal|p1a: Milotic|11/100 tox|[from] item: Leftovers\n|-damage|p1b: Maushold|83/100 tox|[from] psn\n|-damage|p1a: Milotic|0 fnt|[from] psn\n|faint|p1a: Milotic\n|-damage|p2b: Slowking|55/100 brn|[from] brn\n|upkeep\n|\n|t:|1776614264\n|switch|p1a: Dragonite|Dragonite-Mega, L50, M|37/100 tox\n|turn|15\n|\n|t:|1776614284\n|move|p1b: Maushold|Encore|p2b: Slowking\n|-start|p2b: Slowking|Encore\n|move|p2b: Slowking|Protect||[still]\n|-fail|p2b: Slowking\n|move|p1a: Dragonite|Dragon Pulse|p2b: Slowking\n|-damage|p2b: Slowking|19/100 brn\n|\n|-damage|p1b: Maushold|65/100 tox|[from] psn\n|-damage|p1a: Dragonite|31/100 tox|[from] psn\n|-damage|p2b: Slowking|13/100 brn|[from] brn\n|upkeep\n|turn|16\n|\n|t:|1776614296\n|move|p2b: Slowking|Protect|p2b: Slowking\n|-singleturn|p2b: Slowking|Protect\n|move|p1b: Maushold|Population Bomb|p2b: Slowking\n|-activate|p2b: Slowking|move: Protect\n|move|p1a: Dragonite|Dragon Pulse|p2b: Slowking\n|-activate|p2b: Slowking|move: Protect\n|\n|-damage|p1b: Maushold|41/100 tox|[from] psn\n|-damage|p1a: Dragonite|20/100 tox|[from] psn\n|-damage|p2b: Slowking|7/100 brn|[from] brn\n|upkeep\n|turn|17\n|\n|t:|1776614310\n|move|p2b: Slowking|Protect||[still]\n|-fail|p2b: Slowking\n|move|p1b: Maushold|Population Bomb|p2b: Slowking\n|-damage|p2b: Slowking|0 fnt\n|faint|p2b: Slowking\n|-hitcount|p2: Slowking|1\n|\n|win|benjitulio\n|raw|benjitulio's rating: 1000 &rarr; <strong>1040</strong><br />(+40 for winning)\n|raw|vhhvcxfxx's rating: 1000 &rarr; <strong>1000</strong><br />(+0 for losing)\n",
  "uploadtime": 1776614310,
  "views": 12,
  "formatid": "gen9championsvgc2026regma",
  "rating": 1000,
  "private": 0,
  "password": null
}