{
  "id": "gen9championsvgc2026regma-2588480164",
  "format": "[Gen 9 Champions] VGC 2026 Reg M-A",
  "players": [
    "lessa_ped",
    "Lleir"
  ],
  "log": "|j|\u2606lessa_ped\n|j|\u2606Lleir\n|t:|1776637287\n|gametype|doubles\n|player|p1|lessa_ped|101|1068\n|player|p2|Lleir|102|1146\n|gen|9\n|tier|[Gen 9 Champions] VGC 2026 Reg M-A\n|rated|\n|rule|Species Clause: Limit one of each Pok\u00e9mon\n|rule|Item Clause: Limit 1 of each item\n|clearpoke\n|poke|p1|Archaludon, L50, M, shiny|\n|poke|p1|Pelipper, L50, M, shiny|\n|poke|p1|Sneasler, L50, M, shiny|\n|poke|p1|Incineroar, L50, F, shiny|\n|poke|p1|Basculegion, L50, M, shiny|\n|poke|p1|Meganium, L50, F|\n|poke|p2|Pelipper, L50, F|\n|poke|p2|Sneasler, L50, F|\n|poke|p2|Archaludon, L50, M|\n|poke|p2|Kangaskhan, L50, F|\n|poke|p2|Sinistcha, L50|\n|poke|p2|Starmie, L50|\n|teampreview|4\n|inactive|Battle timer is ON: inactive players will automatically lose when time's up. (requested by Lleir)\n|inactive|lessa_ped has 60 seconds left.\n|\n|t:|1776637338\n|teamsize|p1|4\n|teamsize|p2|4\n|start\n|switch|p1a: Sneasler|Sneasler, L50, M, shiny|100/100\n|switch|p1b: Basculegion|Basculegion, L50, M, shiny|100/100\n|switch|p2a: Starmie|Starmie, L50|100/100\n|switch|p2b: Pelipper|Pelipper, L50, F|100/100\n|-weather|RainDance|[from] ability: Drizzle|[of] p2b: Pelipper\n|turn|1\n|inactive|lessa_ped has 30 seconds left.\n|inactive|Lleir has 30 seconds left.\n|\n|t:|1776637369\n|detailschange|p2a: Starmie|Starmie-Mega, L50\n|-mega|p2a: Starmie|Starmie|Starminite\n|move|p1a: Sneasler|Fake Out|p2a: Starmie\n|-damage|p2a: Starmie|79/100\n|move|p1b: Basculegion|Last Respects|p2a: Starmie\n|-supereffective|p2a: Starmie|1\n|-damage|p2a: Starmie|17/100\n|cant|p2a: Starmie|flinch\n|move|p2b: Pelipper|Tailwind|p2b: Pelipper\n|-sidestart|p2: Lleir|move: Tailwind\n|\n|-weather|RainDance|[upkeep]\n|upkeep\n|turn|2\n|inactive|lessa_ped has 30 seconds left.\n|inactive|lessa_ped has 20 seconds left.\n|inactive|lessa_ped has 15 seconds left.\n|\n|t:|1776637412\n|move|p1a: Sneasler|Protect|p1a: Sneasler\n|-singleturn|p1a: Sneasler|Protect\n|move|p1b: Basculegion|Aqua Jet|p2a: Starmie\n|-resisted|p2a: Starmie|1\n|-damage|p2a: Starmie|0 fnt\n|faint|p2a: Starmie\n|move|p2b: Pelipper|Hurricane|p1b: Basculegion\n|-damage|p1b: Basculegion|47/100\n|\n|-weather|RainDance|[upkeep]\n|upkeep\n|\n|t:|1776637423\n|switch|p2a: Archaludon|Archaludon, L50, M|100/100\n|turn|3\n|\n|t:|1776637444\n|switch|p1a: Archaludon|Archaludon, L50, M, shiny|100/100\n|move|p1b: Basculegion|Protect|p1b: Basculegion\n|-singleturn|p1b: Basculegion|Protect\n|move|p2b: Pelipper|Hurricane|p1a: Archaludon\n|-resisted|p1a: Archaludon|1\n|-damage|p1a: Archaludon|80/100\n|-start|p1a: Archaludon|confusion\n|-ability|p1a: Archaludon|Stamina|boost\n|-boost|p1a: Archaludon|def|1\n|move|p2a: Archaludon|Electro Shot||[still]\n|-prepare|p2a: Archaludon|Electro Shot\n|-boost|p2a: Archaludon|spa|1\n|-anim|p2a: Archaludon|Electro Shot|p1b: Basculegion\n|-activate|p1b: Basculegion|move: Protect\n|\n|-weather|RainDance|[upkeep]\n|-heal|p1a: Archaludon|86/100|[from] item: Leftovers\n|upkeep\n|turn|4\n|inactive|lessa_ped has 30 seconds left.\n|inactive|Lleir has 30 seconds left.\n|inactive|lessa_ped has 20 seconds left.\n|inactive|lessa_ped has 15 seconds left.\n|inactive|lessa_ped has 10 seconds left.\n|inactive|Lleir has 20 seconds left.\n|\n|t:|1776637491\n|-activate|p1a: Archaludon|confusion\n|-damage|p1a: Archaludon|81/100|[from] confusion\n|move|p1b: Basculegion|Last Respects|p2a: Archaludon\n|-damage|p2a: Archaludon|82/100\n|-ability|p2a: Archaludon|Stamina|boost\n|-boost|p2a: Archaludon|def|1\n|move|p2b: Pelipper|Hurricane|p1b: Basculegion\n|-damage|p1b: Basculegion|0 fnt\n|faint|p1b: Basculegion\n|move|p2a: Archaludon|Draco Meteor|p1a: Archaludon\n|-damage|p1a: Archaludon|0 fnt\n|-unboost|p2a: Archaludon|spa|2\n|faint|p1a: Archaludon\n|\n|-weather|RainDance|[upkeep]\n|-sideend|p2: Lleir|move: Tailwind\n|upkeep\n|\n|t:|1776637502\n|switch|p1b: Pelipper|Pelipper, L50, M, shiny|100/100\n|switch|p1a: Sneasler|Sneasler, L50, M, shiny|100/100\n|turn|5\n|\n|t:|1776637521\n|move|p1a: Sneasler|Close Combat|p2a: Archaludon\n|-supereffective|p2a: Archaludon|1\n|-enditem|p2a: Archaludon|Chople Berry|[eat]\n|-enditem|p2a: Archaludon|Chople Berry|[weaken]\n|-damage|p2a: Archaludon|49/100\n|-unboost|p1a: Sneasler|def|1\n|-unboost|p1a: Sneasler|spd|1\n|-ability|p2a: Archaludon|Stamina|boost\n|-boost|p2a: Archaludon|def|1\n|-enditem|p1a: Sneasler|White Herb\n|-clearnegativeboost|p1a: Sneasler|[silent]\n|move|p2b: Pelipper|Tailwind|p2b: Pelipper\n|-sidestart|p2: Lleir|move: Tailwind\n|move|p2a: Archaludon|Electro Shot||[still]\n|-prepare|p2a: Archaludon|Electro Shot\n|-boost|p2a: Archaludon|spa|1\n|-anim|p2a: Archaludon|Electro Shot|p1b: Pelipper\n|-supereffective|p1b: Pelipper|2\n|-enditem|p1b: Pelipper|Focus Sash\n|-damage|p1b: Pelipper|1/100\n|move|p1b: Pelipper|Tailwind|p1b: Pelipper\n|-sidestart|p1: lessa_ped|move: Tailwind\n|\n|-weather|none\n|upkeep\n|turn|6\n|inactive|lessa_ped has 30 seconds left.\n|inactive|Lleir has 30 seconds left.\n|\n|t:|1776637556\n|switch|p2b: Sinistcha|Sinistcha, L50|100/100\n|-heal|p2a: Archaludon|74/100|[from] ability: Hospitality|[of] p2b: Sinistcha\n|move|p2a: Archaludon|Protect|p2a: Archaludon\n|-singleturn|p2a: Archaludon|Protect\n|move|p1a: Sneasler|Close Combat|p2a: Archaludon\n|-activate|p2a: Archaludon|move: Protect\n|move|p1b: Pelipper|Hurricane|p2b: Sinistcha|[miss]\n|-miss|p1b: Pelipper|p2b: Sinistcha\n|\n|upkeep\n|turn|7\n|inactive|Lleir has 30 seconds left.\n|\n|t:|1776637587\n|move|p1a: Sneasler|Close Combat|p2a: Archaludon\n|-supereffective|p2a: Archaludon|1\n|-damage|p2a: Archaludon|22/100\n|-unboost|p1a: Sneasler|def|1\n|-unboost|p1a: Sneasler|spd|1\n|-ability|p2a: Archaludon|Stamina|boost\n|-boost|p2a: Archaludon|def|1\n|move|p1b: Pelipper|Hurricane|p2b: Sinistcha|[miss]\n|-miss|p1b: Pelipper|p2b: Sinistcha\n|move|p2a: Archaludon|Flash Cannon|p1a: Sneasler\n|-damage|p1a: Sneasler|13/100\n|move|p2b: Sinistcha|Matcha Gotcha|p1a: Sneasler|[spread] p1a,p1b\n|-resisted|p1a: Sneasler|1\n|-damage|p1a: Sneasler|0 fnt\n|-damage|p1b: Pelipper|0 fnt\n|faint|p1a: Sneasler\n|faint|p1b: Pelipper\n|\n|win|Lleir\n|raw|lessa_ped's rating: 1068 &rarr; <strong>1052</strong><br />(-16 for losing)\n|raw|Lleir's rating: 1146 &rarr; <strong>1165</strong><br />(+19 for winning)\n",
  "uploadtime": 1776637592,
  "views": 9,
  "formatid": "gen9championsvgc2026regma",
  "rating": 1052,
  "private": 0,
  "password": null
}