{
  "id": "gen9championsvgc2026regma-2580584474",
  "format": "[Gen 9 Champions] VGC 2026 Reg M-A",
  "players": [
    "zkxclzxckzlcklckz",
    "KogaAF1219"
  ],
  "log": "|j|\u2606zkxclzxckzlcklckz\n|j|\u2606KogaAF1219\n|t:|1775915391\n|gametype|doubles\n|player|p1|zkxclzxckzlcklckz|265|1026\n|player|p2|KogaAF1219|265|1079\n|gen|9\n|tier|[Gen 9 Champions] VGC 2026 Reg M-A\n|rated|\n|rule|Species Clause: Limit one of each Pok\u00e9mon\n|rule|Item Clause: Limit 1 of each item\n|clearpoke\n|poke|p1|Charizard, L50, F|\n|poke|p1|Ninetales-Alola, L50, M|\n|poke|p1|Tsareena, L50, F|\n|poke|p1|Kingambit, L50, M|\n|poke|p1|Sinistcha, L50|\n|poke|p2|Torkoal, L50, M|\n|poke|p2|Rotom-Fan, L50|\n|poke|p2|Excadrill, L50, M|\n|poke|p2|Whimsicott, L50, M|\n|poke|p2|Incineroar, L50, M|\n|poke|p2|Venusaur, L50, F|\n|teampreview|4\n|inactive|Battle timer is ON: inactive players will automatically lose when time's up. (requested by KogaAF1219)\n|\n|t:|1775915426\n|teamsize|p1|4\n|teamsize|p2|4\n|start\n|switch|p1a: Charizard|Charizard, L50, F|100/100\n|switch|p1b: Kingambit|Kingambit, L50, M|100/100\n|switch|p2a: Rotom|Rotom-Fan, L50|100/100\n|switch|p2b: Excadrill|Excadrill, L50, M|100/100\n|-ability|p2b: Excadrill|Mold Breaker\n|turn|1\n|\n|t:|1775915446\n|move|p1a: Charizard|Protect|p1a: Charizard\n|-singleturn|p1a: Charizard|Protect\n|move|p2a: Rotom|Discharge|p1b: Kingambit|[spread] p1b\n|-activate|p1a: Charizard|move: Protect\n|-immune|p2b: Excadrill\n|-damage|p1b: Kingambit|79/100\n|move|p2b: Excadrill|Rock Slide|p1a: Charizard|[spread] p1b\n|-activate|p1a: Charizard|move: Protect\n|-resisted|p1b: Kingambit|1\n|-damage|p1b: Kingambit|72/100\n|move|p1b: Kingambit|Kowtow Cleave|p2a: Rotom\n|-damage|p2a: Rotom|47/100\n|\n|upkeep\n|turn|2\n|inactive|zkxclzxckzlcklckz has 30 seconds left.\n|\n|t:|1775915477\n|detailschange|p1a: Charizard|Charizard-Mega-X, L50, F\n|-mega|p1a: Charizard|Charizard|Charizardite X\n|move|p1b: Kingambit|Sucker Punch|p2a: Rotom\n|-damage|p2a: Rotom|6/100\n|move|p2a: Rotom|Discharge|p1a: Charizard|[spread] p1a,p1b\n|-immune|p2b: Excadrill\n|-resisted|p1a: Charizard|1\n|-damage|p1a: Charizard|86/100\n|-damage|p1b: Kingambit|51/100\n|-status|p1a: Charizard|par\n|move|p2b: Excadrill|Rock Slide|p1a: Charizard|[spread] p1a\n|-miss|p2b: Excadrill|p1b: Kingambit\n|-supereffective|p1a: Charizard|1\n|-damage|p1a: Charizard|43/100 par\n|move|p1a: Charizard|Flare Blitz|p2b: Excadrill\n|-supereffective|p2b: Excadrill|1\n|-enditem|p2b: Excadrill|Focus Sash\n|-damage|p2b: Excadrill|1/100\n|-status|p2b: Excadrill|brn\n|-damage|p1a: Charizard|4/100 par|[from] Recoil\n|\n|-damage|p2b: Excadrill|0 fnt|[from] brn\n|faint|p2b: Excadrill\n|upkeep\n|\n|t:|1775915500\n|switch|p2b: Venusaur|Venusaur, L50, F|100/100\n|turn|3\n|\n|t:|1775915511\n|switch|p2a: Torkoal|Torkoal, L50, M|100/100\n|-weather|SunnyDay|[from] ability: Drought|[of] p2a: Torkoal\n|move|p2b: Venusaur|Sludge Bomb|p1a: Charizard\n|-damage|p1a: Charizard|0 fnt\n|faint|p1a: Charizard\n|move|p1b: Kingambit|Kowtow Cleave|p2b: Venusaur\n|-damage|p2b: Venusaur|30/100\n|\n|-weather|SunnyDay|[upkeep]\n|upkeep\n|\n|t:|1775915522\n|switch|p1a: Ninetales|Ninetales-Alola, L50, M|100/100\n|-weather|Snowscape|[from] ability: Snow Warning|[of] p1a: Ninetales\n|turn|4\n|\n|t:|1775915530\n|move|p2b: Venusaur|Protect|p2b: Venusaur\n|-singleturn|p2b: Venusaur|Protect\n|move|p1b: Kingambit|Sucker Punch||[still]\n|-fail|p1b: Kingambit\n|move|p1a: Ninetales|Aurora Veil|p1a: Ninetales\n|-sidestart|p1: zkxclzxckzlcklckz|move: Aurora Veil\n|move|p2a: Torkoal|Heat Wave|p1b: Kingambit|[spread] p1a,p1b\n|-supereffective|p1a: Ninetales|1\n|-supereffective|p1b: Kingambit|1\n|-damage|p1a: Ninetales|44/100\n|-damage|p1b: Kingambit|6/100\n|\n|-weather|Snowscape|[upkeep]\n|upkeep\n|turn|5\n|\n|t:|1775915544\n|switch|p2b: Rotom|Rotom-Fan, L50|6/100\n|move|p1a: Ninetales|Blizzard|p2a: Torkoal|[spread] p2a,p2b\n|-resisted|p2a: Torkoal|1\n|-supereffective|p2b: Rotom|1\n|-damage|p2a: Torkoal|82/100\n|-damage|p2b: Rotom|0 fnt\n|faint|p2b: Rotom\n|move|p1b: Kingambit|Kowtow Cleave|p2a: Torkoal\n|-damage|p2a: Torkoal|41/100\n|move|p2a: Torkoal|Heat Wave|p1b: Kingambit|[spread] p1b\n|-miss|p2a: Torkoal|p1a: Ninetales\n|-supereffective|p1b: Kingambit|1\n|-damage|p1b: Kingambit|0 fnt\n|faint|p1b: Kingambit\n|\n|-weather|Snowscape|[upkeep]\n|upkeep\n|\n|t:|1775915553\n|switch|p2b: Venusaur|Venusaur, L50, F|30/100\n|switch|p1b: Tsareena|Tsareena, L50, F|100/100\n|turn|6\n|\n|t:|1775915568\n|detailschange|p2b: Venusaur|Venusaur-Mega, L50, F\n|-mega|p2b: Venusaur|Venusaur|Venusaurite\n|move|p1b: Tsareena|High Jump Kick|p2a: Torkoal|[miss]\n|-miss|p1b: Tsareena|p2a: Torkoal\n|-damage|p1b: Tsareena|51/100|[from] highjumpkick\n|move|p1a: Ninetales|Blizzard|p2a: Torkoal|[spread] p2a,p2b\n|-resisted|p2a: Torkoal|1\n|-supereffective|p2b: Venusaur|1\n|-damage|p2a: Torkoal|22/100\n|-damage|p2b: Venusaur|0 fnt\n|faint|p2b: Venusaur\n|move|p2a: Torkoal|Heat Wave|p1a: Ninetales|[spread] p1a,p1b\n|-supereffective|p1a: Ninetales|1\n|-supereffective|p1b: Tsareena|1\n|-damage|p1a: Ninetales|0 fnt\n|-damage|p1b: Tsareena|0 fnt\n|faint|p1a: Ninetales\n|faint|p1b: Tsareena\n|\n|win|KogaAF1219\n|raw|zkxclzxckzlcklckz's rating: 1026 &rarr; <strong>1014</strong><br />(-12 for losing)\n|raw|KogaAF1219's rating: 1079 &rarr; <strong>1103</strong><br />(+24 for winning)\n",
  "uploadtime": 1775915581,
  "views": 14,
  "formatid": "gen9championsvgc2026regma",
  "rating": 1014,
  "private": 0,
  "password": null
}