{
  "id": "gen9championsvgc2026regma-2586339582",
  "format": "[Gen 9 Champions] VGC 2026 Reg M-A",
  "players": [
    "Mr.Nidoom",
    "HamKiss"
  ],
  "log": "|j|\u2606Mr.Nidoom\n|j|\u2606HamKiss\n|t:|1776426802\n|gametype|doubles\n|player|p1|Mr.Nidoom|backpacker|1072\n|player|p2|HamKiss|crasherwake|1129\n|gen|9\n|tier|[Gen 9 Champions] VGC 2026 Reg M-A\n|rated|\n|rule|Species Clause: Limit one of each Pok\u00e9mon\n|rule|Item Clause: Limit 1 of each item\n|clearpoke\n|poke|p1|Crabominable, L50, F|\n|poke|p1|Kingambit, L50, F|\n|poke|p1|Slowking-Galar, L50, M|\n|poke|p1|Ninetales-Alola, L50, F|\n|poke|p1|Palafin, L50, M|\n|poke|p1|Rotom-Heat, L50|\n|poke|p2|Charizard, L50, M|\n|poke|p2|Venusaur, L50, F|\n|poke|p2|Garchomp, L50, M|\n|poke|p2|Whimsicott, L50, M|\n|poke|p2|Milotic, L50, F|\n|poke|p2|Kingambit, L50, F|\n|teampreview|4\n|\n|t:|1776426855\n|teamsize|p1|4\n|teamsize|p2|4\n|start\n|switch|p1a: Palafin|Palafin, L50, M, shiny|100/100\n|switch|p1b: Slowking|Slowking-Galar, L50, M|100/100\n|switch|p2a: Garchomp|Garchomp, L50, M|100/100\n|switch|p2b: Whimsicott|Whimsicott, L50, M|100/100\n|-clearboost|p1a: Palafin|[from] ability: Curious Medicine|[of] p1b: Slowking\n|turn|1\n|\n|t:|1776426872\n|switch|p2a: Venusaur|Venusaur, L50, F|100/100\n|move|p2b: Whimsicott|Taunt|p1b: Slowking\n|-start|p1b: Slowking|move: Taunt\n|move|p1a: Palafin|Flip Turn|p2a: Venusaur\n|-resisted|p2a: Venusaur|1\n|-damage|p2a: Venusaur|81/100\n|\n|t:|1776426888\n|detailschange|p1a: Palafin|Palafin-Hero, L50, M, shiny\n|switch|p1a: Rotom|Rotom-Heat, L50|100/100|[from] Flip Turn\n|move|p1b: Slowking|Sludge Bomb|p2b: Whimsicott\n|-supereffective|p2b: Whimsicott|2\n|-damage|p2b: Whimsicott|0 fnt\n|faint|p2b: Whimsicott\n|\n|upkeep\n|\n|t:|1776426895\n|switch|p2b: Garchomp|Garchomp, L50, M|100/100\n|turn|2\n|\n|t:|1776426909\n|move|p2a: Venusaur|Protect|p2a: Venusaur\n|-singleturn|p2a: Venusaur|Protect\n|move|p2b: Garchomp|Earthquake|p1b: Slowking|[spread] p1b\n|-activate|p2a: Venusaur|move: Protect\n|-immune|p1a: Rotom|[from] ability: Levitate\n|-supereffective|p1b: Slowking|1\n|-damage|p1b: Slowking|20/100\n|move|p1a: Rotom|Will-O-Wisp|p2b: Garchomp\n|-status|p2b: Garchomp|brn\n|move|p1b: Slowking|Psychic Noise|p2a: Venusaur\n|-activate|p2a: Venusaur|move: Protect\n|\n|-damage|p2b: Garchomp|95/100 brn|[from] brn\n|upkeep\n|turn|3\n|\n|t:|1776426927\n|switch|p2a: Charizard|Charizard, L50, M|100/100\n|switch|p1b: Palafin|Palafin-Hero, L50, M, shiny|100/100\n|-activate|p1b: Palafin|ability: Zero to Hero\n|move|p2b: Garchomp|Earthquake|p1b: Palafin|[spread] p1b\n|-immune|p2a: Charizard\n|-immune|p1a: Rotom|[from] ability: Levitate\n|-damage|p1b: Palafin|80/100\n|move|p1a: Rotom|Overheat|p2a: Charizard\n|-resisted|p2a: Charizard|1\n|-damage|p2a: Charizard|55/100\n|-unboost|p1a: Rotom|spa|2\n|\n|-damage|p2b: Garchomp|89/100 brn|[from] brn\n|upkeep\n|turn|4\n|\n|t:|1776426963\n|detailschange|p2a: Charizard|Charizard-Mega-Y, L50, M\n|-mega|p2a: Charizard|Charizard|Charizardite Y\n|-weather|SunnyDay|[from] ability: Drought|[of] p2a: Charizard\n|move|p1b: Palafin|Jet Punch|p2b: Garchomp\n|-damage|p2b: Garchomp|65/100 brn\n|-damage|p1b: Palafin|68/100|[from] ability: Rough Skin|[of] p2b: Garchomp\n|move|p2b: Garchomp|Earthquake|p1a: Rotom|[spread] p1b\n|-immune|p2a: Charizard\n|-immune|p1a: Rotom|[from] ability: Levitate\n|-damage|p1b: Palafin|46/100\n|move|p2a: Charizard|Solar Beam||[still]\n|-prepare|p2a: Charizard|Solar Beam\n|-anim|p2a: Charizard|Solar Beam|p1b: Palafin\n|-supereffective|p1b: Palafin|1\n|-damage|p1b: Palafin|0 fnt\n|faint|p1b: Palafin\n|move|p1a: Rotom|Volt Switch|p2a: Charizard\n|-supereffective|p2a: Charizard|1\n|-damage|p2a: Charizard|23/100\n|\n|t:|1776426984\n|switch|p1a: Slowking|Slowking-Galar, L50, M|20/100|[from] Volt Switch\n|\n|-weather|SunnyDay|[upkeep]\n|-damage|p2b: Garchomp|59/100 brn|[from] brn\n|upkeep\n|\n|t:|1776426990\n|switch|p1b: Vandal33|Crabominable, L50, F|100/100\n|turn|5\n|\n|t:|1776427019\n|move|p1b: Vandal33|Protect|p1b: Vandal33\n|-singleturn|p1b: Vandal33|Protect\n|move|p2b: Garchomp|Earthquake|p1b: Vandal33|[spread] p1a\n|-activate|p1b: Vandal33|move: Protect\n|-immune|p2a: Charizard\n|-supereffective|p1a: Slowking|1\n|-damage|p1a: Slowking|0 fnt\n|faint|p1a: Slowking\n|move|p2a: Charizard|Weather Ball|p1b: Vandal33\n|-activate|p1b: Vandal33|move: Protect\n|\n|-weather|SunnyDay|[upkeep]\n|-damage|p2b: Garchomp|53/100 brn|[from] brn\n|upkeep\n|\n|t:|1776427027\n|switch|p1a: Rotom|Rotom-Heat, L50|100/100\n|turn|6\n|\n|t:|1776427048\n|switch|p2b: Venusaur|Venusaur, L50, F|81/100\n|detailschange|p1b: Vandal33|Crabominable-Mega, L50, F\n|-mega|p1b: Vandal33|Crabominable|Crabominite\n|move|p2a: Charizard|Weather Ball|p1b: Vandal33\n|-supereffective|p1b: Vandal33|1\n|-damage|p1b: Vandal33|0 fnt\n|faint|p1b: Vandal33\n|move|p1a: Rotom|Thunderbolt|p2a: Charizard\n|-supereffective|p2a: Charizard|1\n|-damage|p2a: Charizard|0 fnt\n|faint|p2a: Charizard\n|\n|-weather|SunnyDay|[upkeep]\n|upkeep\n|\n|t:|1776427071\n|switch|p2a: Garchomp|Garchomp, L50, M|53/100 brn\n|turn|7\n|\n|t:|1776427080\n|move|p2b: Venusaur|Protect|p2b: Venusaur\n|-singleturn|p2b: Venusaur|Protect\n|move|p2a: Garchomp|Rock Slide|p1a: Rotom|[miss]\n|-miss|p2a: Garchomp|p1a: Rotom\n|move|p1a: Rotom|Overheat|p2b: Venusaur\n|-activate|p2b: Venusaur|move: Protect\n|\n|-weather|SunnyDay|[upkeep]\n|-damage|p2a: Garchomp|48/100 brn|[from] brn\n|upkeep\n|turn|8\n|\n|t:|1776427092\n|move|p2b: Venusaur|Sludge Bomb|p1a: Rotom\n|-damage|p1a: Rotom|52/100\n|move|p2a: Garchomp|Rock Slide|p1a: Rotom\n|-supereffective|p1a: Rotom|1\n|-damage|p1a: Rotom|22/100\n|cant|p1a: Rotom|flinch\n|\n|-weather|none\n|-damage|p2a: Garchomp|42/100 brn|[from] brn\n|upkeep\n|turn|9\n|\n|t:|1776427118\n|move|p2a: Garchomp|Rock Slide|p1a: Rotom\n|-supereffective|p1a: Rotom|1\n|-damage|p1a: Rotom|0 fnt\n|faint|p1a: Rotom\n|\n|win|HamKiss\n|raw|Mr.Nidoom's rating: 1072 &rarr; <strong>1055</strong><br />(-17 for losing)\n|raw|HamKiss's rating: 1129 &rarr; <strong>1150</strong><br />(+21 for winning)\n",
  "uploadtime": 1776427125,
  "views": 28,
  "formatid": "gen9championsvgc2026regma",
  "rating": 1055,
  "private": 0,
  "password": null
}