{
  "id": "gen9championsvgc2026regma-2581025228",
  "format": "[Gen 9 Champions] VGC 2026 Reg M-A",
  "players": [
    "I Kamp",
    "GuitaHebbyFantaisa"
  ],
  "log": "|j|\u2606I Kamp\n|j|\u2606GuitaHebbyFantaisa\n|t:|1775952843\n|gametype|doubles\n|player|p1|I Kamp|265|1029\n|player|p2|GuitaHebbyFantaisa|roxie|1071\n|gen|9\n|tier|[Gen 9 Champions] VGC 2026 Reg M-A\n|rated|\n|rule|Species Clause: Limit one of each Pok\u00e9mon\n|rule|Item Clause: Limit 1 of each item\n|clearpoke\n|poke|p1|Froslass, L50, F|\n|poke|p1|Orthworm, L50, M|\n|poke|p1|Hydreigon, L50, M|\n|poke|p1|Rotom-Frost, L50|\n|poke|p1|Incineroar, L50, M|\n|poke|p1|Sneasler, L50, M|\n|poke|p2|Incineroar, L50, M|\n|poke|p2|Aerodactyl, L50, M|\n|poke|p2|Floette-Eternal, L50, F|\n|poke|p2|Sylveon, L50, M|\n|poke|p2|Whimsicott, L50, M|\n|poke|p2|Dragapult, L50, M|\n|teampreview|4\n|inactive|Battle timer is ON: inactive players will automatically lose when time's up. (requested by GuitaHebbyFantaisa)\nGuitaHebbyFantaisa rejected open team sheets.\n|c|\u2606GuitaHebbyFantaisa|i recongize this team\n|\n|t:|1775952868\n|teamsize|p1|4\n|teamsize|p2|4\n|start\n|switch|p1a: Sneasler|Sneasler, L50, M|100/100\n|switch|p1b: Orthworm|Orthworm, L50, M|100/100\n|switch|p2a: Incineroar|Incineroar, L50, M|100/100\n|switch|p2b: Aerodactyl|Aerodactyl, L50, M|100/100\n|-ability|p2b: Aerodactyl|Unnerve\n|-ability|p2a: Incineroar|Intimidate|boost\n|-unboost|p1a: Sneasler|atk|1\n|-unboost|p1b: Orthworm|atk|1\n|turn|1\n|inactive|I Kamp has 30 seconds left.\n|\n|t:|1775952901\n|move|p1a: Sneasler|Fake Out|p2a: Incineroar\n|-damage|p2a: Incineroar|90/100\n|cant|p2a: Incineroar|flinch\n|move|p2b: Aerodactyl|Tailwind|p2b: Aerodactyl\n|-sidestart|p2: GuitaHebbyFantaisa|move: Tailwind\n|move|p1b: Orthworm|Shed Tail|p1b: Orthworm\n|-start|p1b: Orthworm|Substitute|[from] move: Shed Tail\n|-damage|p1b: Orthworm|50/100\n|\n|t:|1775952915\n|switch|p1b: Froslass|Froslass, L50, F|100/100|[from] Shed Tail\n|\n|upkeep\n|turn|2\n|\n|t:|1775952938\n|detailschange|p1b: Froslass|Froslass-Mega, L50, F\n|-mega|p1b: Froslass|Froslass|Froslassite\n|-weather|Snowscape|[from] ability: Snow Warning|[of] p1b: Froslass\n|move|p2b: Aerodactyl|Dual Wingbeat|p1a: Sneasler\n|-supereffective|p1a: Sneasler|1\n|-damage|p1a: Sneasler|42/100\n|-supereffective|p1a: Sneasler|1\n|-damage|p1a: Sneasler|0 fnt\n|faint|p1a: Sneasler\n|-hitcount|p1: Sneasler|2\n|move|p1b: Froslass|Blizzard|p2a: Incineroar|[spread] p2a,p2b\n|-resisted|p2a: Incineroar|1\n|-supereffective|p2b: Aerodactyl|1\n|-crit|p2b: Aerodactyl\n|-damage|p2a: Incineroar|75/100\n|-damage|p2b: Aerodactyl|0 fnt\n|faint|p2b: Aerodactyl\n|move|p2a: Incineroar|Crunch|p1b: Froslass\n|-supereffective|p1b: Froslass|1\n|-end|p1b: Froslass|Substitute\n|\n|-weather|Snowscape|[upkeep]\n|upkeep\n|inactive|I Kamp has 30 seconds left.\n|\n|t:|1775952965\n|switch|p2b: Dragapult|Dragapult, L50, M|100/100\n|switch|p1a: Orthworm|Orthworm, L50, M|50/100\n|-enditem|p1a: Orthworm|Sitrus Berry|[eat]\n|-heal|p1a: Orthworm|75/100|[from] item: Sitrus Berry\n|turn|3\n|\n|t:|1775952987\n|move|p2b: Dragapult|Dragon Darts|p1a: Orthworm\n|-resisted|p1a: Orthworm|1\n|-damage|p1a: Orthworm|65/100\n|-anim|p2b: Dragapult|Dragon Darts|p1b: Froslass\n|-damage|p1b: Froslass|70/100\n|move|p1b: Froslass|Aurora Veil|p1b: Froslass\n|-sidestart|p1: I Kamp|move: Aurora Veil\n|move|p2a: Incineroar|Crunch|p1b: Froslass\n|-supereffective|p1b: Froslass|1\n|-damage|p1b: Froslass|26/100\n|move|p1a: Orthworm|Body Press|p2a: Incineroar\n|-supereffective|p2a: Incineroar|1\n|-damage|p2a: Incineroar|12/100\n|\n|-weather|Snowscape|[upkeep]\n|upkeep\n|turn|4\n|\n|t:|1775953008\n|move|p1b: Froslass|Protect|p1b: Froslass\n|-singleturn|p1b: Froslass|Protect\n|move|p2b: Dragapult|Dragon Darts|p1a: Orthworm\n|-resisted|p1a: Orthworm|1\n|-damage|p1a: Orthworm|58/100\n|-anim|p2b: Dragapult|Dragon Darts|p1a: Orthworm\n|-resisted|p1a: Orthworm|1\n|-damage|p1a: Orthworm|51/100\n|move|p2a: Incineroar|Will-O-Wisp|p1a: Orthworm\n|-status|p1a: Orthworm|brn\n|move|p1a: Orthworm|Body Press|p2a: Incineroar\n|-supereffective|p2a: Incineroar|1\n|-damage|p2a: Incineroar|0 fnt\n|faint|p2a: Incineroar\n|\n|-weather|Snowscape|[upkeep]\n|-damage|p1a: Orthworm|45/100 brn|[from] brn\n|-sideend|p2: GuitaHebbyFantaisa|move: Tailwind\n|upkeep\n|\n|t:|1775953014\n|switch|p2a: Floette|Floette-Eternal, L50, F|100/100\n|turn|5\n|\n|t:|1775953035\n|move|p2a: Floette|Protect|p2a: Floette\n|-singleturn|p2a: Floette|Protect\n|move|p1b: Froslass|Blizzard|p2a: Floette|[spread] p2b\n|-activate|p2a: Floette|move: Protect\n|-supereffective|p2b: Dragapult|1\n|-damage|p2b: Dragapult|2/100\n|move|p2b: Dragapult|Phantom Force||[still]\n|-prepare|p2b: Dragapult|Phantom Force\n|move|p1a: Orthworm|Heavy Slam|p2a: Floette\n|-activate|p2a: Floette|move: Protect\n|\n|-weather|Snowscape|[upkeep]\n|-damage|p1a: Orthworm|38/100 brn|[from] brn\n|upkeep\n|turn|6\n|\n|t:|1775953049\n|switch|p1b: Rotom|Rotom-Frost, L50|100/100\n|detailschange|p2a: Floette|Floette-Mega, L50, F\n|-mega|p2a: Floette|Floette|Floettite\n|-ability|p2a: Floette|Fairy Aura\n|move|p2b: Dragapult|Phantom Force|p1a: Orthworm|[from] lockedmove\n|-damage|p1a: Orthworm|18/100 brn\n|move|p2a: Floette|Dazzling Gleam|p1b: Rotom|[spread] p1a,p1b\n|-resisted|p1a: Orthworm|1\n|-damage|p1a: Orthworm|0 fnt\n|-damage|p1b: Rotom|63/100\n|faint|p1a: Orthworm\n|\n|-weather|none\n|upkeep\n|\n|t:|1775953060\n|switch|p1a: Froslass|Froslass-Mega, L50, F|26/100\n|-weather|Snowscape|[from] ability: Snow Warning|[of] p1a: Froslass\n|turn|7\n|c|\u2606GuitaHebbyFantaisa|yur not gonna belve this\n|\n|t:|1775953075\n|move|p2b: Dragapult|Sucker Punch|p1a: Froslass\n|-supereffective|p1a: Froslass|1\n|-damage|p1a: Froslass|0 fnt\n|faint|p1a: Froslass\n|move|p1b: Rotom|Blizzard|p2a: Floette|[spread] p2a,p2b\n|-supereffective|p2b: Dragapult|1\n|-damage|p2a: Floette|71/100\n|-damage|p2b: Dragapult|0 fnt\n|faint|p2b: Dragapult\n|move|p2a: Floette|Dazzling Gleam|p1b: Rotom\n|-damage|p1b: Rotom|10/100\n|\n|-weather|Snowscape|[upkeep]\n|-sideend|p1: I Kamp|move: Aurora Veil\n|upkeep\n|turn|8\n|\n|t:|1775953082\n|move|p1b: Rotom|Blizzard|p2a: Floette\n|-damage|p2a: Floette|33/100\n|move|p2a: Floette|Dazzling Gleam|p1b: Rotom\n|-damage|p1b: Rotom|0 fnt\n|faint|p1b: Rotom\n|\n|win|GuitaHebbyFantaisa\n|raw|I Kamp's rating: 1029 &rarr; <strong>1016</strong><br />(-13 for losing)\n|raw|GuitaHebbyFantaisa's rating: 1071 &rarr; <strong>1097</strong><br />(+26 for winning)\n",
  "uploadtime": 1775953085,
  "views": 9,
  "formatid": "gen9championsvgc2026regma",
  "rating": 1016,
  "private": 0,
  "password": null
}