{
  "id": "gen9championsvgc2026regma-2586552915",
  "format": "[Gen 9 Champions] VGC 2026 Reg M-A",
  "players": [
    "carwolfe",
    "appatheboppa"
  ],
  "log": "|j|\u2606carwolfe\n|j|\u2606appatheboppa\n|t:|1776442574\n|gametype|doubles\n|player|p1|carwolfe|170|1097\n|player|p2|appatheboppa|rocketgrunt|1007\n|gen|9\n|tier|[Gen 9 Champions] VGC 2026 Reg M-A\n|rated|\n|rule|Species Clause: Limit one of each Pok\u00e9mon\n|rule|Item Clause: Limit 1 of each item\n|clearpoke\n|poke|p1|Sneasler, L50, F|\n|poke|p1|Blastoise, L50, F|\n|poke|p1|Sinistcha-Masterpiece, L50|\n|poke|p1|Whimsicott, L50, F|\n|poke|p1|Garchomp, L50, F|\n|poke|p1|Armarouge, L50, M|\n|poke|p2|Charizard, L50, F|\n|poke|p2|Whimsicott, L50, M|\n|poke|p2|Farigiraf, L50, M|\n|poke|p2|Sneasler, L50, F|\n|poke|p2|Garchomp, L50, M|\n|poke|p2|Kingambit, L50, M|\n|teampreview|4\n|\n|t:|1776442609\n|teamsize|p1|4\n|teamsize|p2|4\n|start\n|switch|p1a: Sneasler|Sneasler, L50, F|100/100\n|switch|p1b: Armarouge|Armarouge, L50, M|100/100\n|switch|p2a: Charizard|Charizard, L50, F|100/100\n|switch|p2b: Whimsicott|Whimsicott, L50, M|100/100\n|turn|1\n|\n|t:|1776442627\n|switch|p2a: Garchomp|Garchomp, L50, M|100/100\n|move|p2b: Whimsicott|Protect|p2b: Whimsicott\n|-singleturn|p2b: Whimsicott|Protect\n|move|p1a: Sneasler|Fake Out|p2b: Whimsicott\n|-activate|p2b: Whimsicott|move: Protect\n|move|p1b: Armarouge|Psychic|p2a: Garchomp\n|-damage|p2a: Garchomp|47/100\n|-unboost|p2a: Garchomp|spd|1\n|\n|upkeep\n|turn|2\n|\n|t:|1776442659\n|switch|p1a: Whimsicott|Whimsicott, L50, F|100/100\n|switch|p2b: Sneasler|Sneasler, L50, F|100/100\n|move|p1b: Armarouge|Protect|p1b: Armarouge\n|-singleturn|p1b: Armarouge|Protect\n|move|p2a: Garchomp|Earthquake|p1a: Whimsicott|[spread] p2b,p1a\n|-activate|p1b: Armarouge|move: Protect\n|-supereffective|p2b: Sneasler|1\n|-resisted|p1a: Whimsicott|1\n|-damage|p2b: Sneasler|0 fnt\n|-damage|p1a: Whimsicott|75/100\n|faint|p2b: Sneasler\n|\n|upkeep\n|\n|t:|1776442671\n|switch|p2b: Charizard|Charizard, L50, F|100/100\n|turn|3\n|\n|t:|1776442687\n|detailschange|p2b: Charizard|Charizard-Mega-Y, L50, F\n|-mega|p2b: Charizard|Charizard|Charizardite Y\n|-weather|SunnyDay|[from] ability: Drought|[of] p2b: Charizard\n|move|p1a: Whimsicott|Tailwind|p1a: Whimsicott\n|-sidestart|p1: carwolfe|move: Tailwind\n|move|p2a: Garchomp|Earthquake|p1b: Armarouge|[spread] p1a,p1b\n|-immune|p2b: Charizard\n|-resisted|p1a: Whimsicott|1\n|-supereffective|p1b: Armarouge|1\n|-damage|p1a: Whimsicott|49/100\n|-damage|p1b: Armarouge|30/100\n|move|p1b: Armarouge|Psychic|p2a: Garchomp\n|-damage|p2a: Garchomp|0 fnt\n|faint|p2a: Garchomp\n|move|p2b: Charizard|Overheat|p1a: Whimsicott\n|-supereffective|p1a: Whimsicott|1\n|-damage|p1a: Whimsicott|0 fnt\n|-unboost|p2b: Charizard|spa|2\n|faint|p1a: Whimsicott\n|\n|-weather|SunnyDay|[upkeep]\n|upkeep\n|\n|t:|1776442708\n|switch|p1a: Sneasler|Sneasler, L50, F|100/100\n|switch|p2a: Whimsicott|Whimsicott, L50, M|100/100\n|turn|4\n|\n|t:|1776442727\n|move|p2b: Charizard|Protect|p2b: Charizard\n|-singleturn|p2b: Charizard|Protect\n|move|p1a: Sneasler|Fake Out|p2b: Charizard\n|-activate|p2b: Charizard|move: Protect\n|move|p2a: Whimsicott|Tailwind|p2a: Whimsicott\n|-sidestart|p2: appatheboppa|move: Tailwind\n|move|p1b: Armarouge|Overheat|p2a: Whimsicott\n|-supereffective|p2a: Whimsicott|1\n|-enditem|p2a: Whimsicott|Focus Sash\n|-damage|p2a: Whimsicott|1/100\n|-unboost|p1b: Armarouge|spa|2\n|-enditem|p1b: Armarouge|White Herb\n|-clearnegativeboost|p1b: Armarouge|[silent]\n|\n|-weather|SunnyDay|[upkeep]\n|upkeep\n|turn|5\n|\n|t:|1776442749\n|move|p1b: Armarouge|Protect|p1b: Armarouge\n|-singleturn|p1b: Armarouge|Protect\n|move|p1a: Sneasler|Dire Claw|p2b: Charizard\n|-damage|p2b: Charizard|44/100\n|move|p2a: Whimsicott|Moonblast|p1a: Sneasler\n|-damage|p1a: Sneasler|55/100\n|move|p2b: Charizard|Solar Beam||[still]\n|-prepare|p2b: Charizard|Solar Beam\n|-anim|p2b: Charizard|Solar Beam|p1a: Sneasler\n|-resisted|p1a: Sneasler|1\n|-crit|p1a: Sneasler\n|-damage|p1a: Sneasler|4/100\n|\n|-weather|SunnyDay|[upkeep]\n|upkeep\n|turn|6\n|\n|t:|1776442769\n|move|p2a: Whimsicott|Protect|p2a: Whimsicott\n|-singleturn|p2a: Whimsicott|Protect\n|move|p1a: Sneasler|Dire Claw|p2b: Charizard\n|-damage|p2b: Charizard|0 fnt\n|faint|p2b: Charizard\n|move|p1b: Armarouge|Psychic|p2a: Whimsicott\n|-activate|p2a: Whimsicott|move: Protect\n|\n|-weather|SunnyDay|[upkeep]\n|-sideend|p1: carwolfe|move: Tailwind\n|upkeep\n|turn|7\n|\n|t:|1776442782\n|move|p2a: Whimsicott|Moonblast|p1a: Sneasler\n|-damage|p1a: Sneasler|0 fnt\n|faint|p1a: Sneasler\n|move|p1b: Armarouge|Overheat|p2a: Whimsicott\n|-supereffective|p2a: Whimsicott|1\n|-damage|p2a: Whimsicott|0 fnt\n|-unboost|p1b: Armarouge|spa|2\n|faint|p2a: Whimsicott\n|\n|win|carwolfe\n|raw|carwolfe's rating: 1097 &rarr; <strong>1116</strong><br />(+19 for winning)\n|raw|appatheboppa's rating: 1007 &rarr; <strong>1000</strong><br />(-7 for losing)\n|c|\u2606carwolfe|gg\n|l|\u2606carwolfe\n|player|p1|\n|c|\u2606appatheboppa|gg\n",
  "uploadtime": 1776442798,
  "views": 32,
  "formatid": "gen9championsvgc2026regma",
  "rating": 1000,
  "private": 0,
  "password": null
}