{
  "id": "gen9championsvgc2026regma-2586227679",
  "format": "[Gen 9 Champions] VGC 2026 Reg M-A",
  "players": [
    "fred1197",
    "Prtbl_Trash"
  ],
  "log": "|j|\u2606fred1197\n|j|\u2606Prtbl_Trash\n|t:|1776414805\n|gametype|doubles\n|player|p1|fred1197|fisherman-gen4|1196\n|player|p2|Prtbl_Trash|ortega|1218\n|gen|9\n|tier|[Gen 9 Champions] VGC 2026 Reg M-A\n|rated|\n|rule|Species Clause: Limit one of each Pok\u00e9mon\n|rule|Item Clause: Limit 1 of each item\n|clearpoke\n|poke|p1|Blastoise, L50, F|\n|poke|p1|Meganium, L50, M|\n|poke|p1|Kingambit, L50, F|\n|poke|p1|Sinistcha, L50|\n|poke|p1|Sneasler, L50, F|\n|poke|p1|Farigiraf, L50, M|\n|poke|p2|Chimecho, L50, M|\n|poke|p2|Incineroar, L50, F|\n|poke|p2|Garchomp, L50, F|\n|poke|p2|Sinistcha, L50|\n|poke|p2|Rotom-Wash, L50|\n|poke|p2|Conkeldurr, L50, F|\n|teampreview|4\n|inactive|Battle timer is ON: inactive players will automatically lose when time's up. (requested by fred1197)\n|\n|t:|1776414825\n|teamsize|p1|4\n|teamsize|p2|4\n|start\n|switch|p1a: Blastoise|Blastoise, L50, F|100/100\n|switch|p1b: Farigiraf|Farigiraf, L50, M|100/100\n|switch|p2a: Chimecho|Chimecho, L50, M|100/100\n|switch|p2b: Incineroar|Incineroar, L50, F|100/100\n|-ability|p2b: Incineroar|Intimidate|boost\n|-unboost|p1a: Blastoise|atk|1\n|-unboost|p1b: Farigiraf|atk|1\n|turn|1\n|\n|t:|1776414843\n|detailschange|p1a: Blastoise|Blastoise-Mega, L50, F\n|-mega|p1a: Blastoise|Blastoise|Blastoisinite\n|detailschange|p2a: Chimecho|Chimecho-Mega, L50, M\n|-mega|p2a: Chimecho|Chimecho|Chimechite\n|move|p1a: Blastoise|Water Spout|p2a: Chimecho|[spread] p2a,p2b\n|-supereffective|p2b: Incineroar|1\n|-damage|p2a: Chimecho|59/100\n|-damage|p2b: Incineroar|0 fnt\n|faint|p2b: Incineroar\n|move|p2a: Chimecho|Calm Mind|p2a: Chimecho\n|-boost|p2a: Chimecho|spa|1\n|-boost|p2a: Chimecho|spd|1\n|move|p1b: Farigiraf|Trick Room|p1b: Farigiraf\n|-fieldstart|move: Trick Room|[of] p1b: Farigiraf\n|\n|upkeep\n|\n|t:|1776414857\n|switch|p2b: Conkeldurr|Conkeldurr, L50, F|100/100\n|turn|2\n|\n|t:|1776414867\n|move|p2b: Conkeldurr|Drain Punch|p1b: Farigiraf\n|-damage|p1b: Farigiraf|35/100\n|-enditem|p1b: Farigiraf|Sitrus Berry|[eat]\n|-heal|p1b: Farigiraf|60/100|[from] item: Sitrus Berry\n|move|p1b: Farigiraf|Psychic|p2b: Conkeldurr\n|-supereffective|p2b: Conkeldurr|1\n|-damage|p2b: Conkeldurr|19/100\n|move|p2a: Chimecho|Draining Kiss|p1a: Blastoise\n|-damage|p1a: Blastoise|80/100\n|-heal|p2a: Chimecho|75/100|[from] drain|[of] p1a: Blastoise\n|move|p1a: Blastoise|Dark Pulse|p2a: Chimecho\n|-supereffective|p2a: Chimecho|1\n|-damage|p2a: Chimecho|29/100\n|\n|upkeep\n|turn|3\n|inactive|fred1197 has 30 seconds left.\n|inactive|Prtbl_Trash has 30 seconds left.\n|\n|t:|1776414899\n|switch|p2b: Rotom|Rotom-Wash, L50|100/100\n|switch|p1b: Kingambit|Kingambit, L50, F|100/100\n|move|p2a: Chimecho|Protect|p2a: Chimecho\n|-singleturn|p2a: Chimecho|Protect\n|move|p1a: Blastoise|Dark Pulse|p2a: Chimecho\n|-activate|p2a: Chimecho|move: Protect\n|\n|upkeep\n|turn|4\n|inactive|fred1197 has 30 seconds left.\n|\n|t:|1776414925\n|switch|p1a: Sinistcha|Sinistcha, L50|100/100\n|move|p1b: Kingambit|Sucker Punch||[still]\n|-fail|p1b: Kingambit\n|move|p2a: Chimecho|Calm Mind|p2a: Chimecho\n|-boost|p2a: Chimecho|spa|1\n|-boost|p2a: Chimecho|spd|1\n|move|p2b: Rotom|Thunderbolt|p1a: Sinistcha\n|-resisted|p1a: Sinistcha|1\n|-crit|p1a: Sinistcha\n|-damage|p1a: Sinistcha|61/100\n|\n|upkeep\n|turn|5\n|\n|t:|1776414940\n|move|p2a: Chimecho|Protect|p2a: Chimecho\n|-singleturn|p2a: Chimecho|Protect\n|move|p1b: Kingambit|Kowtow Cleave|p2a: Chimecho\n|-activate|p2a: Chimecho|move: Protect\n|move|p1a: Sinistcha|Matcha Gotcha|p2a: Chimecho|[spread] p2b\n|-activate|p2a: Chimecho|move: Protect\n|-supereffective|p2b: Rotom|1\n|-damage|p2b: Rotom|33/100\n|-heal|p1a: Sinistcha|85/100|[from] drain|[of] p2b: Rotom\n|move|p2b: Rotom|Thunderbolt|p1b: Kingambit\n|-damage|p1b: Kingambit|56/100\n|-status|p1b: Kingambit|par\n|\n|-fieldend|move: Trick Room\n|upkeep\n|turn|6\n|\n|t:|1776414965\n|move|p2b: Rotom|Thunderbolt|p1b: Kingambit\n|-damage|p1b: Kingambit|13/100 par\n|move|p2a: Chimecho|Draining Kiss|p1b: Kingambit\n|-crit|p1b: Kingambit\n|-damage|p1b: Kingambit|0 fnt\n|-heal|p2a: Chimecho|39/100|[from] drain|[of] p1b: Kingambit\n|faint|p1b: Kingambit\n|move|p1a: Sinistcha|Trick Room|p1a: Sinistcha\n|-fieldstart|move: Trick Room|[of] p1a: Sinistcha\n|\n|upkeep\n|\n|t:|1776414982\n|switch|p1b: Blastoise|Blastoise-Mega, L50, F|80/100\n|turn|7\n|\n|t:|1776414996\n|move|p1a: Sinistcha|Matcha Gotcha|p2a: Chimecho|[spread] p2a,p2b\n|-resisted|p2a: Chimecho|1\n|-supereffective|p2b: Rotom|1\n|-damage|p2a: Chimecho|34/100\n|-heal|p1a: Sinistcha|88/100|[from] drain|[of] p2a: Chimecho\n|-damage|p2b: Rotom|0 fnt\n|-heal|p1a: Sinistcha|99/100|[from] drain|[of] p2b: Rotom\n|faint|p2b: Rotom\n|move|p2a: Chimecho|Draining Kiss|p1b: Blastoise\n|-damage|p1b: Blastoise|52/100\n|-heal|p2a: Chimecho|56/100|[from] drain|[of] p1b: Blastoise\n|move|p1b: Blastoise|Dark Pulse|p2a: Chimecho\n|-supereffective|p2a: Chimecho|1\n|-damage|p2a: Chimecho|25/100\n|\n|upkeep\n|\n|t:|1776415010\n|switch|p2b: Conkeldurr|Conkeldurr, L50, F|19/100\n|turn|8\n|inactive|Prtbl_Trash has 30 seconds left.\n|\n|t:|1776415043\n|move|p2b: Conkeldurr|Ice Punch|p1a: Sinistcha\n|-supereffective|p1a: Sinistcha|1\n|-damage|p1a: Sinistcha|51/100\n|-status|p1a: Sinistcha|frz\n|-curestatus|p1a: Sinistcha|frz|[from] move: Matcha Gotcha\n|move|p1a: Sinistcha|Matcha Gotcha|p2a: Chimecho|[spread] p2a,p2b\n|-resisted|p2a: Chimecho|1\n|-damage|p2a: Chimecho|20/100\n|-heal|p1a: Sinistcha|53/100|[from] drain|[of] p2a: Chimecho\n|-damage|p2b: Conkeldurr|0 fnt\n|-heal|p1a: Sinistcha|64/100|[from] drain|[of] p2b: Conkeldurr\n|faint|p2b: Conkeldurr\n|move|p2a: Chimecho|Stored Power|p1b: Blastoise\n|-crit|p1b: Blastoise\n|-damage|p1b: Blastoise|0 fnt\n|faint|p1b: Blastoise\n|\n|upkeep\n|\n|t:|1776415060\n|switch|p1b: Farigiraf|Farigiraf, L50, M|60/100\n|turn|9\n|\n|t:|1776415071\n|move|p1b: Farigiraf|Helping Hand|p1a: Sinistcha\n|-singleturn|p1a: Sinistcha|Helping Hand|[of] p1b: Farigiraf\n|move|p1a: Sinistcha|Matcha Gotcha|p2a: Chimecho\n|-resisted|p2a: Chimecho|1\n|-damage|p2a: Chimecho|12/100\n|-heal|p1a: Sinistcha|68/100|[from] drain|[of] p2a: Chimecho\n|move|p2a: Chimecho|Draining Kiss|p1b: Farigiraf\n|-crit|p1b: Farigiraf\n|-damage|p1b: Farigiraf|29/100\n|-heal|p2a: Chimecho|41/100|[from] drain|[of] p1b: Farigiraf\n|\n|upkeep\n|turn|10\n|\n|t:|1776415088\n|move|p1b: Farigiraf|Psychic|p2a: Chimecho\n|-resisted|p2a: Chimecho|2\n|-damage|p2a: Chimecho|39/100\n|move|p1a: Sinistcha|Matcha Gotcha|p2a: Chimecho\n|-resisted|p2a: Chimecho|1\n|-damage|p2a: Chimecho|34/100\n|-heal|p1a: Sinistcha|71/100|[from] drain|[of] p2a: Chimecho\n|move|p2a: Chimecho|Draining Kiss|p1b: Farigiraf\n|-damage|p1b: Farigiraf|8/100\n|-heal|p2a: Chimecho|53/100|[from] drain|[of] p1b: Farigiraf\n|\n|-fieldend|move: Trick Room\n|upkeep\n|turn|11\n|-message|fred1197 forfeited.\n|\n|win|Prtbl_Trash\n|raw|fred1197's rating: 1196 &rarr; <strong>1173</strong><br />(-23 for losing)\n|raw|Prtbl_Trash's rating: 1218 &rarr; <strong>1241</strong><br />(+23 for winning)\n|l|\u2606fred1197\n|player|p1|\n",
  "uploadtime": 1776415103,
  "views": 27,
  "formatid": "gen9championsvgc2026regma",
  "rating": 1173,
  "private": 0,
  "password": null
}