{
  "id": "gen9championsvgc2026regma-2586017051",
  "format": "[Gen 9 Champions] VGC 2026 Reg M-A",
  "players": [
    "celticsredsox",
    "apexdesu"
  ],
  "log": "|j|\u2606celticsredsox\n|j|\u2606apexdesu\n|t:|1776390615\n|gametype|doubles\n|player|p1|celticsredsox|170|1066\n|player|p2|apexdesu|cowgirl|1104\n|gen|9\n|tier|[Gen 9 Champions] VGC 2026 Reg M-A\n|rated|\n|rule|Species Clause: Limit one of each Pok\u00e9mon\n|rule|Item Clause: Limit 1 of each item\n|clearpoke\n|poke|p1|Meganium, L50, M|\n|poke|p1|Archaludon, L50, M|\n|poke|p1|Basculegion, L50, M|\n|poke|p1|Maushold, L50|\n|poke|p1|Politoed, L50, F|\n|poke|p1|Talonflame, L50, F|\n|poke|p2|Sinistcha, L50|\n|poke|p2|Crabominable, L50, F|\n|poke|p2|Camerupt, L50, M|\n|poke|p2|Incineroar, L50, F|\n|poke|p2|Farigiraf, L50, F|\n|poke|p2|Torkoal, L50, M|\n|teampreview|4\n|inactive|Battle timer is ON: inactive players will automatically lose when time's up. (requested by celticsredsox)\n|inactive|celticsredsox has 60 seconds left.\n|\n|t:|1776390654\n|teamsize|p1|4\n|teamsize|p2|4\n|start\n|switch|p1a: Basculegion|Basculegion, L50, M|100/100\n|switch|p1b: Talonflame|Talonflame, L50, F|100/100\n|switch|p2a: Incineroar|Incineroar, L50, F|100/100\n|switch|p2b: Farigiraf|Farigiraf, L50, F|100/100\n|-ability|p2a: Incineroar|Intimidate|boost\n|-unboost|p1a: Basculegion|atk|1\n|-unboost|p1b: Talonflame|atk|1\n|turn|1\n|inactive|celticsredsox has 30 seconds left.\n|inactive|celticsredsox has 20 seconds left.\n|\n|t:|1776390689\n|switch|p2a: Torkoal|Torkoal, L50, M|100/100\n|-weather|SunnyDay|[from] ability: Drought|[of] p2a: Torkoal\n|move|p1b: Talonflame|Quick Guard|p1b: Talonflame\n|-singleturn|p1b: Talonflame|Quick Guard\n|move|p1a: Basculegion|Wave Crash|p2b: Farigiraf\n|-damage|p2b: Farigiraf|85/100\n|-damage|p1a: Basculegion|94/100|[from] Recoil\n|move|p2b: Farigiraf|Trick Room|p2b: Farigiraf\n|-fieldstart|move: Trick Room|[of] p2b: Farigiraf\n|\n|-weather|SunnyDay|[upkeep]\n|upkeep\n|turn|2\n|inactive|apexdesu has 30 seconds left.\n|inactive|apexdesu has 20 seconds left.\n|inactive|apexdesu has 15 seconds left.\n|inactive|apexdesu has 10 seconds left.\n|\n|t:|1776390736\n|move|p2a: Torkoal|Protect|p2a: Torkoal\n|-singleturn|p2a: Torkoal|Protect\n|move|p2b: Farigiraf|Thunder|p1a: Basculegion|[miss]\n|-miss|p2b: Farigiraf|p1a: Basculegion\n|move|p1b: Talonflame|Rain Dance|p1b: Talonflame\n|-weather|RainDance\n|move|p1a: Basculegion|Wave Crash|p2a: Torkoal\n|-activate|p2a: Torkoal|move: Protect\n|\n|-weather|RainDance|[upkeep]\n|upkeep\n|turn|3\n|inactive|apexdesu has 30 seconds left.\n|\n|t:|1776390769\n|switch|p2a: Incineroar|Incineroar, L50, F|100/100\n|-ability|p2a: Incineroar|Intimidate|boost\n|-unboost|p1a: Basculegion|atk|1\n|-unboost|p1b: Talonflame|atk|1\n|move|p1b: Talonflame|Hurricane||[still]\n|cant|p2b: Farigiraf|ability: Armor Tail|Hurricane|[of] p1b: Talonflame\n|move|p2b: Farigiraf|Thunder|p1a: Basculegion\n|-supereffective|p1a: Basculegion|1\n|-damage|p1a: Basculegion|27/100\n|-status|p1a: Basculegion|par\n|move|p1a: Basculegion|Wave Crash|p2a: Incineroar\n|-supereffective|p2a: Incineroar|1\n|-damage|p2a: Incineroar|1/100\n|-damage|p1a: Basculegion|0 fnt|[from] Recoil\n|faint|p1a: Basculegion\n|\n|-weather|RainDance|[upkeep]\n|upkeep\n|\n|t:|1776390787\n|switch|p1a: Meganium|Meganium, L50, M|100/100\n|turn|4\n|inactive|apexdesu has 30 seconds left.\n|\n|t:|1776390813\n|switch|p2b: Camerupt|Camerupt, L50, M|100/100\n|switch|p1b: Archaludon|Archaludon, L50, M|100/100\n|move|p1a: Meganium|Protect|p1a: Meganium\n|-singleturn|p1a: Meganium|Protect\n|move|p2a: Incineroar|Flare Blitz|p1a: Meganium\n|-activate|p1a: Meganium|move: Protect\n|\n|-weather|RainDance|[upkeep]\n|upkeep\n|turn|5\n|inactive|celticsredsox has 30 seconds left.\n|inactive|apexdesu has 30 seconds left.\n|inactive|apexdesu has 20 seconds left.\n|\n|t:|1776390851\n|switch|p2a: Torkoal|Torkoal, L50, M|100/100\n|-weather|SunnyDay|[from] ability: Drought|[of] p2a: Torkoal\n|detailschange|p2b: Camerupt|Camerupt-Mega, L50, M\n|-mega|p2b: Camerupt|Camerupt|Cameruptite\n|detailschange|p1a: Meganium|Meganium-Mega, L50, M\n|-mega|p1a: Meganium|Meganium|Meganiumite\n|move|p2b: Camerupt|Eruption|p1a: Meganium|[spread] p1a,p1b\n|-supereffective|p1a: Meganium|1\n|-damage|p1a: Meganium|0 fnt\n|-ability|p1b: Archaludon|Sturdy\n|-damage|p1b: Archaludon|1/100\n|faint|p1a: Meganium\n|move|p1b: Archaludon|Draco Meteor|p2b: Camerupt\n|-damage|p2b: Camerupt|34/100\n|-unboost|p1b: Archaludon|spa|2\n|-enditem|p1b: Archaludon|White Herb\n|-clearnegativeboost|p1b: Archaludon|[silent]\n|\n|-weather|SunnyDay|[upkeep]\n|-fieldend|move: Trick Room\n|upkeep\n|\n|t:|1776390863\n|switch|p1a: Talonflame|Talonflame, L50, F|100/100\n|turn|6\n|inactive|apexdesu has 30 seconds left.\n|\n|t:|1776390896\n|switch|p2a: Farigiraf|Farigiraf, L50, F|85/100\n|move|p1a: Talonflame|Rain Dance|p1a: Talonflame\n|-weather|RainDance\n|move|p1b: Archaludon|Electro Shot||[still]\n|-prepare|p1b: Archaludon|Electro Shot\n|-boost|p1b: Archaludon|spa|1\n|-anim|p1b: Archaludon|Electro Shot|p2a: Farigiraf\n|-damage|p2a: Farigiraf|15/100\n|-enditem|p2a: Farigiraf|Sitrus Berry|[eat]\n|-heal|p2a: Farigiraf|39/100|[from] item: Sitrus Berry\n|move|p2b: Camerupt|Rock Slide|p1a: Talonflame|[spread] p1a,p1b\n|-supereffective|p1a: Talonflame|2\n|-resisted|p1b: Archaludon|1\n|-damage|p1a: Talonflame|0 fnt\n|-damage|p1b: Archaludon|0 fnt\n|faint|p1a: Talonflame\n|faint|p1b: Archaludon\n|\n|win|apexdesu\n|raw|celticsredsox's rating: 1066 &rarr; <strong>1048</strong><br />(-18 for losing)\n|raw|apexdesu's rating: 1104 &rarr; <strong>1126</strong><br />(+22 for winning)\n|l|\u2606celticsredsox\n|player|p1|\n",
  "uploadtime": 1776390917,
  "views": 17,
  "formatid": "gen9championsvgc2026regma",
  "rating": 1048,
  "private": 0,
  "password": null
}