{
  "id": "gen9championsvgc2026regma-2588228992",
  "format": "[Gen 9 Champions] VGC 2026 Reg M-A",
  "players": [
    "Xalvadore",
    "AndyWarh01"
  ],
  "log": "|j|\u2606Xalvadore\n|j|\u2606AndyWarh01\n|t:|1776616279\n|gametype|doubles\n|player|p1|Xalvadore|2|1148\n|player|p2|AndyWarh01|parasollady-gen4|1097\n|gen|9\n|tier|[Gen 9 Champions] VGC 2026 Reg M-A\n|rated|\n|rule|Species Clause: Limit one of each Pok\u00e9mon\n|rule|Item Clause: Limit 1 of each item\n|clearpoke\n|poke|p1|Sinistcha, L50|\n|poke|p1|Incineroar, L50, M|\n|poke|p1|Kingambit, L50, M|\n|poke|p1|Blastoise, L50, F|\n|poke|p1|Aerodactyl, L50, M|\n|poke|p1|Garchomp, L50, F|\n|poke|p2|Feraligatr, L50, F|\n|poke|p2|Sneasler, L50, F|\n|poke|p2|Talonflame, L50, F|\n|poke|p2|Sinistcha, L50|\n|poke|p2|Kingambit, L50, M|\n|poke|p2|Gardevoir, L50, M|\n|teampreview|4\n|\n|t:|1776616329\n|teamsize|p1|4\n|teamsize|p2|4\n|start\n|switch|p1a: Aerodactyl|Aerodactyl, L50, M|100/100\n|switch|p1b: Garchomp|Garchomp, L50, F|100/100\n|switch|p2a: Sneasler|Sneasler, L50, F|100/100\n|switch|p2b: Talonflame|Talonflame, L50, F|100/100\n|-ability|p1a: Aerodactyl|Unnerve\n|turn|1\n|inactive|Battle timer is ON: inactive players will automatically lose when time's up. (requested by AndyWarh01)\n|inactive|Xalvadore has 60 seconds left.\n|\n|t:|1776616400\n|move|p2a: Sneasler|Fake Out|p1a: Aerodactyl\n|-resisted|p1a: Aerodactyl|1\n|-damage|p1a: Aerodactyl|89/100\n|move|p2b: Talonflame|Tailwind|p2b: Talonflame\n|-sidestart|p2: AndyWarh01|move: Tailwind\n|cant|p1a: Aerodactyl|flinch\n|move|p1b: Garchomp|Swords Dance|p1b: Garchomp\n|-boost|p1b: Garchomp|atk|2\n|\n|upkeep\n|turn|2\n|inactive|AndyWarh01 has 30 seconds left.\n|\n|t:|1776616433\n|move|p1b: Garchomp|Protect|p1b: Garchomp\n|-singleturn|p1b: Garchomp|Protect\n|move|p2b: Talonflame|Flare Blitz|p1a: Aerodactyl\n|-resisted|p1a: Aerodactyl|1\n|-damage|p1a: Aerodactyl|55/100\n|-damage|p2b: Talonflame|89/100|[from] Recoil\n|move|p2a: Sneasler|Close Combat|p1a: Aerodactyl\n|-damage|p1a: Aerodactyl|0 fnt\n|-unboost|p2a: Sneasler|def|1\n|-unboost|p2a: Sneasler|spd|1\n|faint|p1a: Aerodactyl\n|\n|upkeep\n|\n|t:|1776616446\n|switch|p1a: Sinistcha|Sinistcha, L50|100/100\n|turn|3\n|\n|t:|1776616454\n|move|p1a: Sinistcha|Rage Powder|p1a: Sinistcha\n|-singleturn|p1a: Sinistcha|move: Rage Powder\n|move|p2b: Talonflame|Flare Blitz|p1a: Sinistcha\n|-supereffective|p1a: Sinistcha|1\n|-damage|p1a: Sinistcha|12/100\n|-damage|p2b: Talonflame|55/100|[from] Recoil\n|move|p2a: Sneasler|Dire Claw|p1a: Sinistcha\n|-damage|p1a: Sinistcha|0 fnt\n|faint|p1a: Sinistcha\n|move|p1b: Garchomp|Earthquake|p2b: Talonflame|[spread] p2a\n|-immune|p2b: Talonflame\n|-supereffective|p2a: Sneasler|1\n|-enditem|p2a: Sneasler|Focus Sash\n|-damage|p2a: Sneasler|1/100\n|\n|upkeep\n|\n|t:|1776616468\n|switch|p1a: Blastoise|Blastoise, L50, F|100/100\n|turn|4\n|\n|t:|1776616478\n|detailschange|p1a: Blastoise|Blastoise-Mega, L50, F\n|-mega|p1a: Blastoise|Blastoise|Blastoisinite\n|move|p2b: Talonflame|Protect|p2b: Talonflame\n|-singleturn|p2b: Talonflame|Protect\n|move|p2a: Sneasler|Dire Claw|p1a: Blastoise\n|-damage|p1a: Blastoise|56/100\n|-status|p1a: Blastoise|psn|[from] ability: Poison Touch|[of] p2a: Sneasler\n|move|p1b: Garchomp|Dragon Claw|p2a: Sneasler\n|-damage|p2a: Sneasler|0 fnt\n|faint|p2a: Sneasler\n|move|p1a: Blastoise|Shell Smash|p1a: Blastoise\n|-unboost|p1a: Blastoise|def|1\n|-unboost|p1a: Blastoise|spd|1\n|-boost|p1a: Blastoise|atk|2\n|-boost|p1a: Blastoise|spa|2\n|-boost|p1a: Blastoise|spe|2\n|\n|-damage|p1a: Blastoise|44/100 psn|[from] psn\n|-sideend|p2: AndyWarh01|move: Tailwind\n|upkeep\n|\n|t:|1776616494\n|switch|p2a: Gardevoir|Gardevoir, L50, M|100/100\n|turn|5\n|\n|t:|1776616510\n|detailschange|p2a: Gardevoir|Gardevoir-Mega, L50, M\n|-mega|p2a: Gardevoir|Gardevoir|Gardevoirite\n|move|p1b: Garchomp|Protect|p1b: Garchomp\n|-singleturn|p1b: Garchomp|Protect\n|move|p1a: Blastoise|Muddy Water|p2b: Talonflame|[spread] p2a,p2b\n|-supereffective|p2b: Talonflame|1\n|-damage|p2a: Gardevoir|33/100\n|-damage|p2b: Talonflame|0 fnt\n|faint|p2b: Talonflame\n|move|p2a: Gardevoir|Hyper Voice|p1a: Blastoise|[spread] p1a\n|-activate|p1b: Garchomp|move: Protect\n|-damage|p1a: Blastoise|0 fnt\n|faint|p1a: Blastoise\n|\n|upkeep\n|\n|t:|1776616517\n|switch|p2b: Kingambit|Kingambit, L50, M|100/100\n|turn|6\n|\n|t:|1776616525\n|move|p2b: Kingambit|Sucker Punch|p1b: Garchomp\n|-damage|p1b: Garchomp|66/100\n|-damage|p2b: Kingambit|88/100|[from] ability: Rough Skin|[of] p1b: Garchomp\n|move|p1b: Garchomp|Earthquake|p2a: Gardevoir|[spread] p2a,p2b\n|-supereffective|p2b: Kingambit|1\n|-damage|p2a: Gardevoir|0 fnt\n|-damage|p2b: Kingambit|0 fnt\n|faint|p2a: Gardevoir\n|faint|p2b: Kingambit\n|\n|win|Xalvadore\n|raw|Xalvadore's rating: 1148 &rarr; <strong>1169</strong><br />(+21 for winning)\n|raw|AndyWarh01's rating: 1097 &rarr; <strong>1076</strong><br />(-21 for losing)\n|l|\u2606AndyWarh01\n|player|p2|\n|c|\u2606Xalvadore|gg\n",
  "uploadtime": 1776616548,
  "views": 19,
  "formatid": "gen9championsvgc2026regma",
  "rating": 1076,
  "private": 0,
  "password": null
}