{
  "id": "gen9championsvgc2026regma-2587631840",
  "format": "[Gen 9 Champions] VGC 2026 Reg M-A",
  "players": [
    "busterbunner",
    "Xeoniio"
  ],
  "log": "|j|\u2606busterbunner\n|j|\u2606Xeoniio\n|t:|1776548686\n|gametype|doubles\n|player|p1|busterbunner|grimsley|1210\n|player|p2|Xeoniio|265|1208\n|gen|9\n|tier|[Gen 9 Champions] VGC 2026 Reg M-A\n|rated|\n|rule|Species Clause: Limit one of each Pok\u00e9mon\n|rule|Item Clause: Limit 1 of each item\n|clearpoke\n|poke|p1|Kangaskhan, L50, F|\n|poke|p1|Farigiraf, L50, M, shiny|\n|poke|p1|Golurk, L50|\n|poke|p1|Sinistcha, L50|\n|poke|p1|Incineroar, L50, M|\n|poke|p1|Pelipper, L50, M|\n|poke|p2|Scovillain, L50, M|\n|poke|p2|Incineroar, L50, F|\n|poke|p2|Farigiraf, L50, F|\n|poke|p2|Gallade, L50, M|\n|poke|p2|Kingambit, L50, M|\n|poke|p2|Pelipper, L50, F|\n|teampreview|4\n|inactive|Battle timer is ON: inactive players will automatically lose when time's up. (requested by busterbunner)\n|inactive|Xeoniio has 60 seconds left.\n|\n|t:|1776548745\n|teamsize|p1|4\n|teamsize|p2|4\n|start\n|switch|p1a: Kangaskhan|Kangaskhan, L50, F|100/100\n|switch|p1b: Farigiraf|Farigiraf, L50, M, shiny|100/100\n|switch|p2a: Farigiraf|Farigiraf, L50, F|100/100\n|switch|p2b: Scovillain|Scovillain, L50, M|100/100\n|turn|1\n|\n|t:|1776548769\n|switch|p1a: Incineroar|Incineroar, L50, M|100/100\n|-ability|p1a: Incineroar|Intimidate|boost\n|-unboost|p2a: Farigiraf|atk|1\n|-unboost|p2b: Scovillain|atk|1\n|detailschange|p2b: Scovillain|Scovillain-Mega, L50, M\n|-mega|p2b: Scovillain|Scovillain|Scovillainite\n|move|p2b: Scovillain|Rage Powder|p2b: Scovillain\n|-singleturn|p2b: Scovillain|move: Rage Powder\n|move|p1b: Farigiraf|Hyper Voice|p2a: Farigiraf|[spread] p2a,p2b\n|-damage|p2a: Farigiraf|75/100\n|-damage|p2b: Scovillain|78/100\n|-status|p1b: Farigiraf|brn|[from] ability: Spicy Spray|[of] p2b: Scovillain\n|move|p2a: Farigiraf|Nasty Plot|p2a: Farigiraf\n|-boost|p2a: Farigiraf|spa|2\n|\n|-damage|p1b: Farigiraf|94/100 brn|[from] brn\n|upkeep\n|turn|2\n|inactive|Xeoniio has 30 seconds left.\n|\n|t:|1776548798\n|move|p2b: Scovillain|Overheat|p1b: Farigiraf\n|-crit|p1b: Farigiraf\n|-damage|p1b: Farigiraf|17/100 brn\n|-unboost|p2b: Scovillain|spa|2\n|-enditem|p1b: Farigiraf|Sitrus Berry|[eat]\n|-heal|p1b: Farigiraf|42/100 brn|[from] item: Sitrus Berry\n|move|p1a: Incineroar|Darkest Lariat|p2a: Farigiraf\n|-supereffective|p2a: Farigiraf|1\n|-damage|p2a: Farigiraf|0 fnt\n|faint|p2a: Farigiraf\n|move|p1b: Farigiraf|Hyper Voice|p2b: Scovillain\n|-damage|p2b: Scovillain|46/100\n|\n|-damage|p1b: Farigiraf|36/100 brn|[from] brn\n|upkeep\n|\n|t:|1776548812\n|switch|p2a: Gallade|Gallade, L50, M|100/100\n|turn|3\n|\n|t:|1776548825\n|switch|p1a: Iron Giant|Golurk, L50|100/100\n|move|p2b: Scovillain|Rage Powder|p2b: Scovillain\n|-singleturn|p2b: Scovillain|move: Rage Powder\n|move|p2a: Gallade|Sacred Sword|p1a: Iron Giant\n|-immune|p1a: Iron Giant\n|move|p1b: Farigiraf|Trick Room|p1b: Farigiraf\n|-fieldstart|move: Trick Room|[of] p1b: Farigiraf\n|\n|-damage|p1b: Farigiraf|30/100 brn|[from] brn\n|upkeep\n|turn|4\n|\n|t:|1776548844\n|switch|p1a: Incineroar|Incineroar, L50, M|100/100\n|-ability|p1a: Incineroar|Intimidate|boost\n|-unboost|p2a: Gallade|atk|1\n|-unboost|p2b: Scovillain|atk|1\n|move|p2a: Gallade|Protect|p2a: Gallade\n|-singleturn|p2a: Gallade|Protect\n|move|p1b: Farigiraf|Hyper Voice|p2b: Scovillain|[spread] p2b\n|-activate|p2a: Gallade|move: Protect\n|-damage|p2b: Scovillain|24/100\n|move|p2b: Scovillain|Leaf Storm|p1a: Incineroar\n|-resisted|p1a: Incineroar|1\n|-damage|p1a: Incineroar|88/100\n|-unboost|p2b: Scovillain|spa|2\n|\n|-damage|p1b: Farigiraf|23/100 brn|[from] brn\n|upkeep\n|turn|5\n|\n|t:|1776548863\n|switch|p2a: Kingambit|Kingambit, L50, M|100/100\n|move|p1a: Incineroar|Fake Out|p2a: Kingambit\n|-resisted|p2a: Kingambit|1\n|-damage|p2a: Kingambit|96/100\n|move|p1b: Farigiraf|Hyper Voice|p2a: Kingambit|[spread] p2a,p2b\n|-resisted|p2a: Kingambit|1\n|-damage|p2a: Kingambit|85/100\n|-damage|p2b: Scovillain|0 fnt\n|faint|p2b: Scovillain\n|\n|-damage|p1b: Farigiraf|17/100 brn|[from] brn\n|upkeep\n|\n|t:|1776548873\n|switch|p2b: Gallade|Gallade, L50, M|100/100\n|turn|6\n|\n|t:|1776548886\n|move|p1b: Farigiraf|Protect|p1b: Farigiraf\n|-singleturn|p1b: Farigiraf|Protect\n|move|p2a: Kingambit|Kowtow Cleave|p1a: Incineroar\n|-resisted|p1a: Incineroar|1\n|-damage|p1a: Incineroar|61/100\n|move|p1a: Incineroar|Parting Shot|p2b: Gallade\n|-unboost|p2b: Gallade|atk|1\n|-unboost|p2b: Gallade|spa|1\n|\n|t:|1776548892\n|switch|p1a: Iron Giant|Golurk, L50|100/100|[from] Parting Shot\n|move|p2b: Gallade|Sacred Sword|p1a: Iron Giant\n|-immune|p1a: Iron Giant\n|\n|-damage|p1b: Farigiraf|11/100 brn|[from] brn\n|upkeep\n|turn|7\n|-message|Xeoniio forfeited.\n|\n|win|busterbunner\n|raw|busterbunner's rating: 1210 &rarr; <strong>1235</strong><br />(+25 for winning)\n|raw|Xeoniio's rating: 1208 &rarr; <strong>1183</strong><br />(-25 for losing)\n|l|\u2606Xeoniio\n|player|p2|\n",
  "uploadtime": 1776548922,
  "views": 12,
  "formatid": "gen9championsvgc2026regma",
  "rating": 1183,
  "private": 0,
  "password": null
}