{
  "id": "gen9championsvgc2026regma-2586448301",
  "format": "[Gen 9 Champions] VGC 2026 Reg M-A",
  "players": [
    "penledzuu",
    "TDucken"
  ],
  "log": "|j|\u2606penledzuu\n|j|\u2606TDucken\n|t:|1776435389\n|gametype|doubles\n|player|p1|penledzuu|ninjaboy|1086\n|player|p2|TDucken|101|1170\n|gen|9\n|tier|[Gen 9 Champions] VGC 2026 Reg M-A\n|rated|\n|rule|Species Clause: Limit one of each Pok\u00e9mon\n|rule|Item Clause: Limit 1 of each item\n|clearpoke\n|poke|p1|Gengar, L50, F|\n|poke|p1|Gardevoir, L50, F|\n|poke|p1|Arcanine-Hisui, L50, F|\n|poke|p1|Charizard, L50, F|\n|poke|p1|Machamp, L50, M|\n|poke|p1|Sneasler, L50, M|\n|poke|p2|Whimsicott, L50, M|\n|poke|p2|Charizard, L50, M|\n|poke|p2|Sneasler, L50, M|\n|poke|p2|Venusaur, L50, M|\n|poke|p2|Milotic, L50, F|\n|poke|p2|Archaludon, L50, M|\n|teampreview|4\n|inactive|Battle timer is ON: inactive players will automatically lose when time's up. (requested by penledzuu)\n|inactive|TDucken has 60 seconds left.\n|\n|t:|1776435426\n|teamsize|p1|4\n|teamsize|p2|4\n|start\n|switch|p1a: Gengar|Gengar, L50, F, shiny|100/100\n|switch|p1b: Sneasler|Sneasler, L50, M|100/100\n|switch|p2a: Whimsicott|Whimsicott, L50, M|100/100\n|switch|p2b: Sneasler|Sneasler, L50, M|100/100\n|turn|1\n|\n|t:|1776435447\n|move|p2b: Sneasler|Fake Out|p1b: Sneasler\n|-damage|p1b: Sneasler|74/100\n|cant|p1b: Sneasler|flinch\n|move|p2a: Whimsicott|Tailwind|p2a: Whimsicott\n|-sidestart|p2: TDucken|move: Tailwind\n|move|p1a: Gengar|Shadow Ball|p2b: Sneasler\n|-damage|p2b: Sneasler|38/100\n|\n|upkeep\n|turn|2\n|\n|t:|1776435467\n|move|p2a: Whimsicott|Dazzling Gleam|p1a: Gengar|[spread] p1a,p1b\n|-resisted|p1a: Gengar|1\n|-damage|p1a: Gengar|81/100\n|-damage|p1b: Sneasler|45/100\n|-start|p2a: Whimsicott|Disable|Dazzling Gleam|[from] ability: Cursed Body|[of] p1a: Gengar\n|move|p2b: Sneasler|Close Combat|p1b: Sneasler\n|-resisted|p1b: Sneasler|1\n|-damage|p1b: Sneasler|0 fnt\n|-unboost|p2b: Sneasler|def|1\n|-unboost|p2b: Sneasler|spd|1\n|faint|p1b: Sneasler\n|-enditem|p2b: Sneasler|White Herb\n|-clearnegativeboost|p2b: Sneasler|[silent]\n|move|p1a: Gengar|Sludge Bomb|p2a: Whimsicott\n|-supereffective|p2a: Whimsicott|2\n|-enditem|p2a: Whimsicott|Focus Sash\n|-damage|p2a: Whimsicott|1/100\n|\n|upkeep\n|\n|t:|1776435480\n|switch|p1b: Charizard|Charizard, L50, F, shiny|100/100\n|turn|3\n|\n|t:|1776435499\n|move|p1b: Charizard|Protect|p1b: Charizard\n|-singleturn|p1b: Charizard|Protect\n|move|p2a: Whimsicott|Endeavor|p1b: Charizard\n|-activate|p1b: Charizard|move: Protect\n|move|p2b: Sneasler|Dire Claw|p1b: Charizard\n|-activate|p1b: Charizard|move: Protect\n|move|p1a: Gengar|Icy Wind|p2b: Sneasler|[spread] p2a,p2b\n|-supereffective|p2a: Whimsicott|1\n|-damage|p2a: Whimsicott|0 fnt\n|-damage|p2b: Sneasler|15/100\n|-unboost|p2b: Sneasler|spe|1\n|faint|p2a: Whimsicott\n|\n|upkeep\n|\n|t:|1776435508\n|switch|p2a: Milotic|Milotic, L50, F|100/100\n|turn|4\n|\n|t:|1776435523\n|detailschange|p1b: Charizard|Charizard-Mega-Y, L50, F, shiny\n|-mega|p1b: Charizard|Charizard|Charizardite Y\n|-weather|SunnyDay|[from] ability: Drought|[of] p1b: Charizard\n|move|p2b: Sneasler|Dire Claw|p1a: Gengar\n|-resisted|p1a: Gengar|2\n|-damage|p1a: Gengar|60/100\n|move|p2a: Milotic|Scald|p1b: Charizard\n|-supereffective|p1b: Charizard|1\n|-damage|p1b: Charizard|71/100\n|move|p1a: Gengar|Sludge Bomb|p2a: Milotic\n|-damage|p2a: Milotic|66/100\n|move|p1b: Charizard|Heat Wave|p2a: Milotic|[spread] p2a,p2b\n|-resisted|p2a: Milotic|1\n|-damage|p2a: Milotic|46/100\n|-damage|p2b: Sneasler|0 fnt\n|faint|p2b: Sneasler\n|\n|-weather|SunnyDay|[upkeep]\n|-heal|p2a: Milotic|51/100|[from] item: Leftovers\n|-sideend|p2: TDucken|move: Tailwind\n|upkeep\n|\n|t:|1776435537\n|switch|p2b: Venusaur|Venusaur, L50, M|100/100\n|turn|5\n|\n|t:|1776435550\n|move|p2b: Venusaur|Protect|p2b: Venusaur\n|-singleturn|p2b: Venusaur|Protect\n|move|p1a: Gengar|Sludge Bomb|p2b: Venusaur\n|-activate|p2b: Venusaur|move: Protect\n|move|p1b: Charizard|Heat Wave|p2a: Milotic|[spread] p2a\n|-activate|p2b: Venusaur|move: Protect\n|-resisted|p2a: Milotic|1\n|-damage|p2a: Milotic|29/100\n|move|p2a: Milotic|Icy Wind|p1a: Gengar|[spread] p1a,p1b\n|-damage|p1a: Gengar|41/100\n|-damage|p1b: Charizard|62/100\n|-unboost|p1a: Gengar|spe|1\n|-unboost|p1b: Charizard|spe|1\n|\n|-weather|SunnyDay|[upkeep]\n|-heal|p2a: Milotic|35/100|[from] item: Leftovers\n|upkeep\n|turn|6\n|\n|t:|1776435575\n|move|p2a: Milotic|Protect|p2a: Milotic\n|-singleturn|p2a: Milotic|Protect\n|move|p1a: Gengar|Sludge Bomb|p2b: Venusaur\n|-damage|p2b: Venusaur|59/100\n|move|p2b: Venusaur|Sleep Powder|p1b: Charizard\n|-status|p1b: Charizard|slp|[from] move: Sleep Powder\n|cant|p1b: Charizard|slp\n|\n|-weather|SunnyDay|[upkeep]\n|-heal|p2a: Milotic|41/100|[from] item: Leftovers\n|upkeep\n|turn|7\n|inactive|TDucken has 30 seconds left.\n|\n|t:|1776435601\n|move|p1a: Gengar|Sludge Bomb|p2a: Milotic\n|-damage|p2a: Milotic|9/100\n|move|p2a: Milotic|Scald|p1b: Charizard\n|-supereffective|p1b: Charizard|1\n|-damage|p1b: Charizard|35/100 slp\n|move|p2b: Venusaur|Sleep Powder|p1a: Gengar\n|-status|p1a: Gengar|slp|[from] move: Sleep Powder\n|-curestatus|p1b: Charizard|slp|[msg]\n|move|p1b: Charizard|Heat Wave|p2a: Milotic|[spread] p2b\n|-miss|p1b: Charizard|p2a: Milotic\n|-supereffective|p2b: Venusaur|1\n|-enditem|p2b: Venusaur|Occa Berry|[eat]\n|-enditem|p2b: Venusaur|Occa Berry|[weaken]\n|-damage|p2b: Venusaur|0 fnt\n|faint|p2b: Venusaur\n|\n|-weather|SunnyDay|[upkeep]\n|-heal|p2a: Milotic|15/100|[from] item: Leftovers\n|upkeep\n|turn|8\n|\n|t:|1776435622\n|cant|p1a: Gengar|slp\n|move|p2a: Milotic|Scald|p1b: Charizard\n|-supereffective|p1b: Charizard|1\n|-damage|p1b: Charizard|11/100\n|move|p1b: Charizard|Flamethrower|p2a: Milotic\n|-resisted|p2a: Milotic|1\n|-damage|p2a: Milotic|0 fnt\n|faint|p2a: Milotic\n|\n|win|penledzuu\n|raw|penledzuu's rating: 1086 &rarr; <strong>1120</strong><br />(+34 for winning)\n|raw|TDucken's rating: 1170 &rarr; <strong>1139</strong><br />(-31 for losing)\n",
  "uploadtime": 1776435630,
  "views": 26,
  "formatid": "gen9championsvgc2026regma",
  "rating": 1120,
  "private": 0,
  "password": null
}