{
  "id": "gen9championsvgc2026regma-2587858418",
  "format": "[Gen 9 Champions] VGC 2026 Reg M-A",
  "players": [
    "TheGamingMammoth",
    "Steak Fries OD"
  ],
  "log": "|j|\u2606TheGamingMammoth\n|j|\u2606Steak Fries OD\n|t:|1776571399\n|gametype|doubles\n|player|p1|TheGamingMammoth|1|1072\n|player|p2|Steak Fries OD|dragontamer|1014\n|gen|9\n|tier|[Gen 9 Champions] VGC 2026 Reg M-A\n|rated|\n|rule|Species Clause: Limit one of each Pok\u00e9mon\n|rule|Item Clause: Limit 1 of each item\n|clearpoke\n|poke|p1|Politoed, L50, F|\n|poke|p1|Abomasnow, L50, M|\n|poke|p1|Basculegion, L50, M|\n|poke|p1|Archaludon, L50, F|\n|poke|p1|Aerodactyl, L50, M|\n|poke|p1|Venusaur, L50, M|\n|poke|p2|Scovillain, L50, M|\n|poke|p2|Kommo-o, L50, M|\n|poke|p2|Aegislash, L50, F|\n|poke|p2|Rotom-Wash, L50|\n|poke|p2|Talonflame, L50, F|\n|poke|p2|Kangaskhan, L50, F|\n|teampreview|4\nSteak Fries OD has agreed to open team sheets.\n|\n|t:|1776571430\n|teamsize|p1|4\n|teamsize|p2|4\n|start\n|switch|p1a: Basculegion|Basculegion, L50, M|100/100\n|switch|p1b: Abomasnow|Abomasnow, L50, M|100/100\n|switch|p2a: Scovillain|Scovillain, L50, M|100/100\n|switch|p2b: Rotom|Rotom-Wash, L50|100/100\n|-weather|Snowscape|[from] ability: Snow Warning|[of] p1b: Abomasnow\n|turn|1\n|inactive|Battle timer is ON: inactive players will automatically lose when time's up. (requested by Steak Fries OD)\n|inactive|TheGamingMammoth has 60 seconds left.\n|\n|t:|1776571465\n|switch|p1a: Politoed|Politoed, L50, F|100/100\n|-weather|RainDance|[from] ability: Drizzle|[of] p1a: Politoed\n|switch|p1b: Archaludon|Archaludon, L50, F|100/100\n|detailschange|p2a: Scovillain|Scovillain-Mega, L50, M\n|-mega|p2a: Scovillain|Scovillain|Scovillainite\n|move|p2a: Scovillain|Rage Powder|p2a: Scovillain\n|-singleturn|p2a: Scovillain|move: Rage Powder\n|move|p2b: Rotom|Volt Switch|p1a: Politoed\n|-supereffective|p1a: Politoed|1\n|-damage|p1a: Politoed|47/100\n|\n|t:|1776571477\n|switch|p2b: Aegislash|Aegislash, L50, F|100/100|[from] Volt Switch\n|\n|-weather|RainDance|[upkeep]\n|upkeep\n|turn|2\n|\n|t:|1776571488\n|move|p1a: Politoed|Muddy Water|p2a: Scovillain|[spread] p2a,p2b\n|-damage|p2a: Scovillain|63/100\n|-damage|p2b: Aegislash|68/100\n|-unboost|p2b: Aegislash|accuracy|1\n|-status|p1a: Politoed|brn|[from] ability: Spicy Spray|[of] p2a: Scovillain\n|move|p1b: Archaludon|Electro Shot||[still]\n|-prepare|p1b: Archaludon|Electro Shot\n|-boost|p1b: Archaludon|spa|1\n|-anim|p1b: Archaludon|Electro Shot|p2b: Aegislash\n|-damage|p2b: Aegislash|16/100\n|move|p2a: Scovillain|Leech Seed|p1b: Archaludon\n|-start|p1b: Archaludon|move: Leech Seed\n|-formechange|p2b: Aegislash|Aegislash-Blade|\n|move|p2b: Aegislash|Shadow Ball|p1a: Politoed\n|-damage|p1a: Politoed|0 fnt\n|faint|p1a: Politoed\n|\n|-weather|RainDance|[upkeep]\n|-damage|p1b: Archaludon|88/100|[from] Leech Seed|[of] p2a: Scovillain\n|-heal|p2a: Scovillain|76/100|[silent]\n|upkeep\n|\n|t:|1776571510\n|switch|p1a: Abomasnow|Abomasnow, L50, M|100/100\n|-weather|Snowscape|[from] ability: Snow Warning|[of] p1a: Abomasnow\n|turn|3\n|inactive|TheGamingMammoth has 30 seconds left.\n|\n|t:|1776571545\n|move|p2a: Scovillain|Protect|p2a: Scovillain\n|-singleturn|p2a: Scovillain|Protect\n|-formechange|p2b: Aegislash|Aegislash|\n|move|p2b: Aegislash|King's Shield|p2b: Aegislash\n|-singleturn|p2b: Aegislash|Protect\n|move|p1b: Archaludon|Flash Cannon|p2b: Aegislash\n|-activate|p2b: Aegislash|move: Protect\n|move|p1a: Abomasnow|Weather Ball|p2a: Scovillain\n|-activate|p2a: Scovillain|move: Protect\n|\n|-weather|Snowscape|[upkeep]\n|-damage|p1b: Archaludon|76/100|[from] Leech Seed|[of] p2a: Scovillain\n|-heal|p2a: Scovillain|89/100|[silent]\n|upkeep\n|turn|4\n|\n|t:|1776571569\n|switch|p2b: Rotom|Rotom-Wash, L50|100/100\n|move|p1a: Abomasnow|Protect|p1a: Abomasnow\n|-singleturn|p1a: Abomasnow|Protect\n|move|p1b: Archaludon|Flash Cannon|p2b: Rotom\n|-resisted|p2b: Rotom|2\n|-damage|p2b: Rotom|85/100\n|move|p2a: Scovillain|Overheat|p1a: Abomasnow\n|-activate|p1a: Abomasnow|move: Protect\n|\n|-weather|Snowscape|[upkeep]\n|-heal|p2b: Rotom|91/100|[from] item: Leftovers\n|-damage|p1b: Archaludon|64/100|[from] Leech Seed|[of] p2a: Scovillain\n|-heal|p2a: Scovillain|100/100|[silent]\n|upkeep\n|turn|5\n|\n|t:|1776571589\n|switch|p1a: Basculegion|Basculegion, L50, M|100/100\n|move|p2a: Scovillain|Rage Powder|p2a: Scovillain\n|-singleturn|p2a: Scovillain|move: Rage Powder\n|move|p2b: Rotom|Volt Switch|p1b: Archaludon\n|-resisted|p1b: Archaludon|1\n|-damage|p1b: Archaludon|46/100\n|\n|t:|1776571598\n|switch|p2b: Kommo-o|Kommo-o, L50, M|100/100|[from] Volt Switch\n|move|p1b: Archaludon|Draco Meteor|p2a: Scovillain\n|-damage|p2a: Scovillain|0 fnt\n|-unboost|p1b: Archaludon|spa|2\n|-status|p1b: Archaludon|brn|[from] ability: Spicy Spray|[of] p2a: Scovillain\n|faint|p2a: Scovillain\n|\n|-weather|Snowscape|[upkeep]\n|-damage|p1b: Archaludon|40/100 brn|[from] brn\n|upkeep\n|\n|t:|1776571604\n|switch|p2a: Rotom|Rotom-Wash, L50|91/100\n|turn|6\n|\n|t:|1776571621\n|switch|p1b: Abomasnow|Abomasnow, L50, M|100/100\n|move|p2b: Kommo-o|Clangorous Soul|p2b: Kommo-o\n|-boost|p2b: Kommo-o|atk|1\n|-boost|p2b: Kommo-o|def|1\n|-boost|p2b: Kommo-o|spa|1\n|-boost|p2b: Kommo-o|spd|1\n|-boost|p2b: Kommo-o|spe|1\n|-damage|p2b: Kommo-o|68/100\n|move|p2a: Rotom|Electroweb|p1a: Basculegion|[spread] p1a,p1b\n|-supereffective|p1a: Basculegion|1\n|-resisted|p1b: Abomasnow|1\n|-damage|p1a: Basculegion|66/100\n|-damage|p1b: Abomasnow|93/100\n|-unboost|p1a: Basculegion|spe|1\n|-unboost|p1b: Abomasnow|spe|1\n|move|p1a: Basculegion|Last Respects|p2a: Rotom\n|-damage|p2a: Rotom|53/100\n|\n|-weather|Snowscape|[upkeep]\n|-heal|p2a: Rotom|58/100|[from] item: Leftovers\n|upkeep\n|turn|7\n|inactive|TheGamingMammoth has 30 seconds left.\n|\n|t:|1776571647\n|move|p1a: Basculegion|Protect|p1a: Basculegion\n|-singleturn|p1a: Basculegion|Protect\n|move|p2b: Kommo-o|Flamethrower|p1b: Abomasnow\n|-supereffective|p1b: Abomasnow|2\n|-damage|p1b: Abomasnow|0 fnt\n|faint|p1b: Abomasnow\n|move|p2a: Rotom|Volt Switch|p1a: Basculegion\n|-activate|p1a: Basculegion|move: Protect\n|\n|-weather|none\n|-heal|p2a: Rotom|64/100|[from] item: Leftovers\n|upkeep\n|\n|t:|1776571652\n|switch|p1b: Archaludon|Archaludon, L50, F|40/100 brn\n|turn|8\n|-message|TheGamingMammoth forfeited.\n|\n|win|Steak Fries OD\n|raw|TheGamingMammoth's rating: 1072 &rarr; <strong>1048</strong><br />(-24 for losing)\n|raw|Steak Fries OD's rating: 1014 &rarr; <strong>1058</strong><br />(+44 for winning)\n",
  "uploadtime": 1776571657,
  "views": 7,
  "formatid": "gen9championsvgc2026regma",
  "rating": 1048,
  "private": 0,
  "password": null
}