{
  "id": "gen9championsvgc2026regma-2586215412",
  "format": "[Gen 9 Champions] VGC 2026 Reg M-A",
  "players": [
    "yamzinyobooty",
    "SHyperdestroyerVGC"
  ],
  "log": "|j|\u2606yamzinyobooty\n|j|\u2606SHyperdestroyerVGC\n|t:|1776413397\n|gametype|doubles\n|player|p1|yamzinyobooty|102|1105\n|player|p2|SHyperdestroyerVGC|lady|1203\n|gen|9\n|tier|[Gen 9 Champions] VGC 2026 Reg M-A\n|rated|\n|rule|Species Clause: Limit one of each Pok\u00e9mon\n|rule|Item Clause: Limit 1 of each item\n|clearpoke\n|poke|p1|Charizard, L50, F|\n|poke|p1|Venusaur, L50, F|\n|poke|p1|Garchomp, L50, M|\n|poke|p1|Incineroar, L50, F|\n|poke|p1|Gardevoir, L50, F|\n|poke|p1|Milotic, L50, M|\n|poke|p2|Charizard, L50, F|\n|poke|p2|Venusaur, L50, F|\n|poke|p2|Whimsicott, L50, F|\n|poke|p2|Kingambit, L50, M|\n|poke|p2|Kommo-o, L50, F|\n|poke|p2|Rotom-Wash, L50|\n|teampreview|4\nSHyperdestroyerVGC has agreed to open team sheets.\n|inactive|Battle timer is ON: inactive players will automatically lose when time's up. (requested by yamzinyobooty)\n|\n|t:|1776413453\n|teamsize|p1|4\n|teamsize|p2|4\n|start\n|switch|p1a: Incineroar|Incineroar, L50, F|100/100\n|switch|p1b: Milotic|Milotic, L50, M|100/100\n|switch|p2a: Charizard|Charizard, L50, F|100/100\n|switch|p2b: Rotom|Rotom-Wash, L50|100/100\n|-ability|p1a: Incineroar|Intimidate|boost\n|-unboost|p2a: Charizard|atk|1\n|-unboost|p2b: Rotom|atk|1\n|turn|1\n|\n|t:|1776413477\n|switch|p2a: Venusaur|Venusaur, L50, F|100/100\n|move|p1a: Incineroar|Fake Out|p2a: Venusaur\n|-crit|p2a: Venusaur\n|-damage|p2a: Venusaur|83/100\n|move|p2b: Rotom|Volt Switch|p1b: Milotic\n|-supereffective|p1b: Milotic|1\n|-damage|p1b: Milotic|53/100\n|\n|t:|1776413487\n|switch|p2b: Charizard|Charizard, L50, F|100/100|[from] Volt Switch\n|move|p1b: Milotic|Scald|p2a: Venusaur\n|-resisted|p2a: Venusaur|1\n|-damage|p2a: Venusaur|70/100\n|\n|-heal|p2a: Venusaur|76/100|[from] item: Leftovers\n|-heal|p1b: Milotic|59/100|[from] item: Leftovers\n|upkeep\n|turn|2\n|\n|t:|1776413502\n|detailschange|p2b: Charizard|Charizard-Mega-Y, L50, F\n|-mega|p2b: Charizard|Charizard|Charizardite Y\n|-weather|SunnyDay|[from] ability: Drought|[of] p2b: Charizard\n|move|p2a: Venusaur|Sleep Powder|p1a: Incineroar|[miss]\n|-miss|p2a: Venusaur|p1a: Incineroar\n|move|p2b: Charizard|Heat Wave|p1a: Incineroar|[spread] p1a,p1b\n|-resisted|p1a: Incineroar|1\n|-resisted|p1b: Milotic|1\n|-damage|p1a: Incineroar|78/100\n|-damage|p1b: Milotic|34/100\n|move|p1b: Milotic|Scald|p2b: Charizard\n|-supereffective|p2b: Charizard|1\n|-damage|p2b: Charizard|74/100\n|move|p1a: Incineroar|Flare Blitz|p2a: Venusaur\n|-supereffective|p2a: Venusaur|1\n|-damage|p2a: Venusaur|0 fnt\n|faint|p2a: Venusaur\n|-damage|p1a: Incineroar|55/100|[from] Recoil\n|\n|-weather|SunnyDay|[upkeep]\n|-heal|p1b: Milotic|40/100|[from] item: Leftovers\n|upkeep\n|\n|t:|1776413520\n|switch|p2a: Kingambit|Kingambit, L50, M|100/100\n|turn|3\n|\n|t:|1776413535\n|move|p2a: Kingambit|Sucker Punch|p1a: Incineroar\n|-resisted|p1a: Incineroar|1\n|-damage|p1a: Incineroar|36/100\n|-enditem|p1a: Incineroar|Sitrus Berry|[eat]\n|-heal|p1a: Incineroar|60/100|[from] item: Sitrus Berry\n|move|p2b: Charizard|Heat Wave|p1b: Milotic|[spread] p1a,p1b\n|-resisted|p1a: Incineroar|1\n|-resisted|p1b: Milotic|1\n|-damage|p1a: Incineroar|36/100\n|-damage|p1b: Milotic|13/100\n|-status|p1b: Milotic|brn\n|move|p1b: Milotic|Life Dew|p1b: Milotic|[spread] p1a,p1b\n|-heal|p1a: Incineroar|61/100\n|-heal|p1b: Milotic|39/100 brn\n|move|p1a: Incineroar|Flare Blitz|p2a: Kingambit\n|-supereffective|p2a: Kingambit|1\n|-damage|p2a: Kingambit|0 fnt\n|faint|p2a: Kingambit\n|-damage|p1a: Incineroar|29/100|[from] Recoil\n|\n|-weather|SunnyDay|[upkeep]\n|-heal|p1b: Milotic|45/100 brn|[from] item: Leftovers\n|-damage|p1b: Milotic|39/100 brn|[from] brn\n|upkeep\n|\n|t:|1776413539\n|switch|p2a: Rotom|Rotom-Wash, L50|100/100\n|turn|4\n|inactive|yamzinyobooty has 30 seconds left.\n|\n|t:|1776413568\n|move|p2a: Rotom|Thunderbolt|p1a: Incineroar\n|-damage|p1a: Incineroar|0 fnt\n|faint|p1a: Incineroar\n|move|p2b: Charizard|Heat Wave|p1b: Milotic\n|-resisted|p1b: Milotic|1\n|-damage|p1b: Milotic|5/100 brn\n|move|p1b: Milotic|Scald|p2b: Charizard\n|-supereffective|p2b: Charizard|1\n|-damage|p2b: Charizard|48/100\n|\n|-weather|SunnyDay|[upkeep]\n|-heal|p1b: Milotic|11/100 brn|[from] item: Leftovers\n|-damage|p1b: Milotic|5/100 brn|[from] brn\n|upkeep\n|\n|t:|1776413592\n|switch|p1a: Garchomp|Garchomp, L50, M|100/100\n|turn|5\n|-message|SHyperdestroyerVGC forfeited.\n|\n|win|yamzinyobooty\n|raw|yamzinyobooty's rating: 1105 &rarr; <strong>1137</strong><br />(+32 for winning)\n|raw|SHyperdestroyerVGC's rating: 1203 &rarr; <strong>1171</strong><br />(-32 for losing)\n",
  "uploadtime": 1776413597,
  "views": 18,
  "formatid": "gen9championsvgc2026regma",
  "rating": 1137,
  "private": 0,
  "password": null
}