{
  "id": "gen9championsvgc2026regma-2587857026",
  "format": "[Gen 9 Champions] VGC 2026 Reg M-A",
  "players": [
    "TheBallistic1",
    "Heartway"
  ],
  "log": "|j|\u2606TheBallistic1\n|j|\u2606Heartway\n|t:|1776571244\n|gametype|doubles\n|player|p1|TheBallistic1|colress|1075\n|player|p2|Heartway|169|1061\n|gen|9\n|tier|[Gen 9 Champions] VGC 2026 Reg M-A\n|rated|\n|rule|Species Clause: Limit one of each Pok\u00e9mon\n|rule|Item Clause: Limit 1 of each item\n|clearpoke\n|poke|p1|Floette-Eternal, L50, F|\n|poke|p1|Sneasler, L50, M|\n|poke|p1|Milotic, L50, M|\n|poke|p1|Incineroar, L50, F|\n|poke|p1|Sinistcha, L50|\n|poke|p1|Charizard, L50, F|\n|poke|p2|Ariados, L50, F|\n|poke|p2|Gengar, L50, M|\n|poke|p2|Sneasler, L50, M|\n|poke|p2|Glimmora, L50, F|\n|poke|p2|Toxapex, L50, M|\n|poke|p2|Slowbro-Galar, L50, M|\n|teampreview|4\n|\n|t:|1776571277\n|teamsize|p1|4\n|teamsize|p2|4\n|start\n|switch|p1a: Charizard|Charizard, L50, F|100/100\n|switch|p1b: Sneasler|Sneasler, L50, M|100/100\n|switch|p2a: Ariados|Ariados, L50, F|100/100\n|switch|p2b: Sneasler|Sneasler, L50, M|100/100\n|turn|1\n|inactive|Battle timer is ON: inactive players will automatically lose when time's up. (requested by TheBallistic1)\n|\n|t:|1776571311\n|move|p1a: Charizard|Protect|p1a: Charizard\n|-singleturn|p1a: Charizard|Protect\n|move|p2b: Sneasler|Fake Out|p1b: Sneasler\n|-damage|p1b: Sneasler|73/100\n|cant|p1b: Sneasler|flinch\n|move|p2a: Ariados|Toxic Thread|p1a: Charizard\n|-activate|p1a: Charizard|move: Protect\n|\n|upkeep\n|turn|2\n|\n|t:|1776571330\n|detailschange|p1a: Charizard|Charizard-Mega-Y, L50, F\n|-mega|p1a: Charizard|Charizard|Charizardite Y\n|-weather|SunnyDay|[from] ability: Drought|[of] p1a: Charizard\n|move|p1b: Sneasler|Close Combat|p2b: Sneasler\n|-resisted|p2b: Sneasler|1\n|-damage|p2b: Sneasler|51/100\n|-unboost|p1b: Sneasler|def|1\n|-unboost|p1b: Sneasler|spd|1\n|-enditem|p1b: Sneasler|White Herb\n|-clearnegativeboost|p1b: Sneasler|[silent]\n|move|p2b: Sneasler|Rock Slide|p1a: Charizard|[spread] p1a,p1b\n|-supereffective|p1a: Charizard|2\n|-resisted|p1b: Sneasler|1\n|-damage|p1a: Charizard|0 fnt\n|-damage|p1b: Sneasler|55/100\n|faint|p1a: Charizard\n|move|p2a: Ariados|String Shot|p1b: Sneasler\n|-unboost|p1b: Sneasler|spe|2\n|\n|-weather|SunnyDay|[upkeep]\n|upkeep\n|\n|t:|1776571345\n|switch|p1a: Sinistcha|Sinistcha, L50|100/100\n|-heal|p1b: Sneasler|80/100|[from] ability: Hospitality|[of] p1a: Sinistcha\n|turn|3\n|\n|t:|1776571357\n|move|p1b: Sneasler|Dire Claw|p2a: Ariados\n|-resisted|p2a: Ariados|1\n|-damage|p2a: Ariados|72/100\n|move|p2b: Sneasler|Dire Claw|p1b: Sneasler\n|-resisted|p1b: Sneasler|1\n|-damage|p1b: Sneasler|39/100\n|-status|p1b: Sneasler|slp\n|move|p2a: Ariados|Toxic Thread|p1a: Sinistcha\n|-unboost|p1a: Sinistcha|spe|2\n|-status|p1a: Sinistcha|psn\n|move|p1a: Sinistcha|Matcha Gotcha|p2a: Ariados|[spread] p2a,p2b\n|-resisted|p2a: Ariados|2\n|-resisted|p2b: Sneasler|1\n|-damage|p2a: Ariados|64/100\n|-damage|p2b: Sneasler|32/100\n|\n|-weather|SunnyDay|[upkeep]\n|-damage|p1a: Sinistcha|88/100 psn|[from] psn\n|upkeep\n|turn|4\n|\n|t:|1776571375\n|cant|p1b: Sneasler|slp\n|move|p2b: Sneasler|Dire Claw|p1a: Sinistcha\n|-damage|p1a: Sinistcha|49/100 psn\n|move|p2a: Ariados|String Shot|p1b: Sneasler|[spread] p1a,p1b\n|-unboost|p1a: Sinistcha|spe|2\n|-unboost|p1b: Sneasler|spe|2\n|move|p1a: Sinistcha|Matcha Gotcha|p2b: Sneasler|[spread] p2a,p2b\n|-resisted|p2a: Ariados|2\n|-resisted|p2b: Sneasler|1\n|-damage|p2a: Ariados|55/100\n|-heal|p1a: Sinistcha|54/100 psn|[from] drain|[of] p2a: Ariados\n|-damage|p2b: Sneasler|13/100\n|-heal|p1a: Sinistcha|63/100 psn|[from] drain|[of] p2b: Sneasler\n|\n|-weather|SunnyDay|[upkeep]\n|-damage|p1a: Sinistcha|51/100 psn|[from] psn\n|upkeep\n|turn|5\n|\n|t:|1776571395\n|move|p2b: Sneasler|Dire Claw|p1a: Sinistcha\n|-damage|p1a: Sinistcha|13/100 psn\n|-curestatus|p1b: Sneasler|slp|[msg]\n|move|p1b: Sneasler|Dire Claw|p2a: Ariados\n|-resisted|p2a: Ariados|1\n|-damage|p2a: Ariados|28/100\n|-status|p2a: Ariados|par\n|cant|p2a: Ariados|par\n|move|p1a: Sinistcha|Matcha Gotcha|p2b: Sneasler|[spread] p2a,p2b\n|-resisted|p2a: Ariados|2\n|-resisted|p2b: Sneasler|1\n|-damage|p2a: Ariados|19/100 par\n|-heal|p1a: Sinistcha|18/100 psn|[from] drain|[of] p2a: Ariados\n|-damage|p2b: Sneasler|0 fnt\n|-heal|p1a: Sinistcha|25/100 psn|[from] drain|[of] p2b: Sneasler\n|faint|p2b: Sneasler\n|\n|-weather|SunnyDay|[upkeep]\n|-damage|p1a: Sinistcha|12/100 psn|[from] psn\n|upkeep\n|\n|t:|1776571409\n|switch|p2b: Slowbro|Slowbro-Galar, L50, M|100/100\n|turn|6\n|\n|t:|1776571430\n|move|p1b: Sneasler|U-turn|p2b: Slowbro\n|-damage|p2b: Slowbro|78/100\n|\n|t:|1776571432\n|switch|p1b: Milotic|Milotic, L50, M|100/100|[from] U-turn\n|move|p2b: Slowbro|Shell Side Arm|p1a: Sinistcha|[anim] Shell Side Arm Special\n|-damage|p1a: Sinistcha|0 fnt\n|-hint|Special Shell Side Arm\n|faint|p1a: Sinistcha\n|move|p2a: Ariados|String Shot|p1b: Milotic\n|-unboost|p1b: Milotic|spe|2\n|-ability|p1b: Milotic|Competitive|boost\n|-boost|p1b: Milotic|spa|2\n|\n|-weather|none\n|upkeep\n|\n|t:|1776571437\n|switch|p1a: Sneasler|Sneasler, L50, M|39/100\n|turn|7\n|-activate|p2b: Slowbro|item: Quick Claw\n|\n|t:|1776571453\n|move|p1a: Sneasler|Fake Out|p2b: Slowbro\n|-damage|p2b: Slowbro|65/100\n|cant|p2b: Slowbro|flinch\n|move|p1b: Milotic|Scald|p2a: Ariados\n|-damage|p2a: Ariados|0 fnt\n|faint|p2a: Ariados\n|\n|upkeep\n|\n|t:|1776571457\n|switch|p2a: Glimmora|Glimmora, L50, F|100/100\n|turn|8\n|\n|t:|1776571472\n|detailschange|p2a: Glimmora|Glimmora-Mega, L50, F\n|-mega|p2a: Glimmora|Glimmora|Glimmoranite\n|move|p2a: Glimmora|Protect|p2a: Glimmora\n|-singleturn|p2a: Glimmora|Protect\n|move|p1a: Sneasler|Dire Claw|p2b: Slowbro\n|-resisted|p2b: Slowbro|1\n|-crit|p2b: Slowbro\n|-damage|p2b: Slowbro|35/100\n|move|p1b: Milotic|Scald|p2a: Glimmora\n|-activate|p2a: Glimmora|move: Protect\n|move|p2b: Slowbro|Shell Side Arm|p1b: Milotic|[anim] Shell Side Arm Special\n|-damage|p1b: Milotic|63/100\n|-hint|Special Shell Side Arm\n|\n|-heal|p1b: Milotic|69/100|[from] item: Leftovers\n|upkeep\n|turn|9\n|\n|t:|1776571493\n|move|p1a: Sneasler|Dire Claw|p2b: Slowbro\n|-resisted|p2b: Slowbro|1\n|-damage|p2b: Slowbro|14/100\n|-status|p2b: Slowbro|par\n|move|p2a: Glimmora|Venoshock|p1b: Milotic\n|-damage|p1b: Milotic|27/100\n|move|p1b: Milotic|Scald|p2a: Glimmora\n|-supereffective|p2a: Glimmora|1\n|-damage|p2a: Glimmora|0 fnt\n|faint|p2a: Glimmora\n|move|p2b: Slowbro|Shell Side Arm|p1b: Milotic|[anim] Shell Side Arm Special\n|-damage|p1b: Milotic|0 fnt\n|-hint|Special Shell Side Arm\n|faint|p1b: Milotic\n|\n|upkeep\n|turn|10\n|\n|t:|1776571510\n|move|p1a: Sneasler|Dire Claw|p2b: Slowbro\n|-resisted|p2b: Slowbro|1\n|-damage|p2b: Slowbro|0 fnt\n|faint|p2b: Slowbro\n|\n|win|TheBallistic1\n|raw|TheBallistic1's rating: 1075 &rarr; <strong>1103</strong><br />(+28 for winning)\n|raw|Heartway's rating: 1061 &rarr; <strong>1043</strong><br />(-18 for losing)\n",
  "uploadtime": 1776571513,
  "views": 10,
  "formatid": "gen9championsvgc2026regma",
  "rating": 1043,
  "private": 0,
  "password": null
}