{
  "id": "gen9championsvgc2026regma-2586932571",
  "format": "[Gen 9 Champions] VGC 2026 Reg M-A",
  "players": [
    "LightJKookie",
    "Dusk_Lynx44"
  ],
  "log": "|j|\u2606LightJKookie\n|j|\u2606Dusk_Lynx44\n|t:|1776473097\n|gametype|doubles\n|player|p1|LightJKookie|brycen|1104\n|player|p2|Dusk_Lynx44|169|1026\n|gen|9\n|tier|[Gen 9 Champions] VGC 2026 Reg M-A\n|rated|\n|rule|Species Clause: Limit one of each Pok\u00e9mon\n|rule|Item Clause: Limit 1 of each item\n|clearpoke\n|poke|p1|Gengar, L50, F|\n|poke|p1|Incineroar, L50, M|\n|poke|p1|Sneasler, L50, F|\n|poke|p1|Aerodactyl, L50, M|\n|poke|p1|Farigiraf, L50, F|\n|poke|p1|Floette-Eternal, L50, F|\n|poke|p2|Umbreon, L50, M|\n|poke|p2|Espeon, L50, F|\n|poke|p2|Gengar, L50, M|\n|poke|p2|Slowbro, L50, F|\n|poke|p2|Arcanine-Hisui, L50, M|\n|poke|p2|Kingambit, L50, F|\n|teampreview|4\n|\n|t:|1776473216\n|teamsize|p1|4\n|teamsize|p2|4\n|start\n|switch|p1a: Sneasler|Sneasler, L50, F|100/100\n|switch|p1b: Aerodactyl|Aerodactyl, L50, M|100/100\n|switch|p2a: Umbreon|Umbreon, L50, M|100/100\n|switch|p2b: Espeon|Espeon, L50, F|100/100\n|-ability|p1b: Aerodactyl|Unnerve\n|turn|1\n|\n|t:|1776473241\n|move|p1a: Sneasler|Fake Out|p2b: Espeon\n|-damage|p2b: Espeon|79/100\n|move|p1b: Aerodactyl|Tailwind|p1b: Aerodactyl\n|-sidestart|p1: LightJKookie|move: Tailwind\n|move|p2a: Umbreon|Taunt|p1b: Aerodactyl\n|-start|p1b: Aerodactyl|move: Taunt\n|cant|p2b: Espeon|flinch\n|\n|upkeep\n|turn|2\n|\n|t:|1776473262\n|switch|p1a: Incineroar|Incineroar, L50, M|100/100\n|-ability|p1a: Incineroar|Intimidate|boost\n|-fail|p2a: Umbreon|unboost|Attack|[from] ability: Inner Focus|[of] p2a: Umbreon\n|-unboost|p2b: Espeon|atk|1\n|move|p2a: Umbreon|Protect|p2a: Umbreon\n|-singleturn|p2a: Umbreon|Protect\n|move|p1b: Aerodactyl|Dual Wingbeat|p2b: Espeon\n|-damage|p2b: Espeon|49/100\n|-damage|p2b: Espeon|18/100\n|-hitcount|p2b: Espeon|2\n|move|p2b: Espeon|Trick Room|p2b: Espeon\n|-fieldstart|move: Trick Room|[of] p2b: Espeon\n|\n|upkeep\n|turn|3\n|\n|t:|1776473282\n|move|p2b: Espeon|Protect|p2b: Espeon\n|-singleturn|p2b: Espeon|Protect\n|move|p1a: Incineroar|Fake Out|p2b: Espeon\n|-activate|p2b: Espeon|move: Protect\n|move|p2a: Umbreon|Taunt|p1a: Incineroar\n|-start|p1a: Incineroar|move: Taunt\n|move|p1b: Aerodactyl|Dual Wingbeat|p2a: Umbreon\n|-damage|p2a: Umbreon|88/100\n|-damage|p2a: Umbreon|76/100\n|-hitcount|p2a: Umbreon|2\n|\n|-heal|p2a: Umbreon|82/100|[from] item: Leftovers\n|upkeep\n|turn|4\n|\n|t:|1776473305\n|move|p2a: Umbreon|Foul Play|p1b: Aerodactyl\n|-crit|p1b: Aerodactyl\n|-enditem|p1b: Aerodactyl|Focus Sash\n|-damage|p1b: Aerodactyl|1/100\n|move|p2b: Espeon|Psychic|p1b: Aerodactyl\n|-damage|p1b: Aerodactyl|0 fnt\n|faint|p1b: Aerodactyl\n|move|p1a: Incineroar|Snarl|p2b: Espeon|[spread] p2a,p2b\n|-resisted|p2a: Umbreon|1\n|-supereffective|p2b: Espeon|1\n|-damage|p2a: Umbreon|79/100\n|-damage|p2b: Espeon|0 fnt\n|-unboost|p2a: Umbreon|spa|1\n|faint|p2b: Espeon\n|\n|-heal|p2a: Umbreon|85/100|[from] item: Leftovers\n|-sideend|p1: LightJKookie|move: Tailwind\n|upkeep\n|\n|t:|1776473334\n|switch|p2b: Slowbro|Slowbro, L50, F|100/100\n|switch|p1b: Sneasler|Sneasler, L50, F|100/100\n|turn|5\n|\n|t:|1776473367\n|detailschange|p2b: Slowbro|Slowbro-Mega, L50, F\n|-mega|p2b: Slowbro|Slowbro|Slowbronite\n|move|p1b: Sneasler|Fake Out|p2b: Slowbro\n|-damage|p2b: Slowbro|92/100\n|cant|p2b: Slowbro|flinch\n|move|p2a: Umbreon|Foul Play|p1b: Sneasler\n|-resisted|p1b: Sneasler|1\n|-crit|p1b: Sneasler\n|-damage|p1b: Sneasler|40/100\n|move|p1a: Incineroar|Snarl|p2a: Umbreon|[spread] p2a,p2b\n|-resisted|p2a: Umbreon|1\n|-supereffective|p2b: Slowbro|1\n|-damage|p2a: Umbreon|81/100\n|-damage|p2b: Slowbro|71/100\n|-unboost|p2a: Umbreon|spa|1\n|-unboost|p2b: Slowbro|spa|1\n|\n|-heal|p2a: Umbreon|87/100|[from] item: Leftovers\n|upkeep\n|turn|6\n|\n|t:|1776473394\n|move|p1b: Sneasler|Protect|p1b: Sneasler\n|-singleturn|p1b: Sneasler|Protect\n|move|p2b: Slowbro|Calm Mind|p2b: Slowbro\n|-boost|p2b: Slowbro|spa|1\n|-boost|p2b: Slowbro|spd|1\n|move|p2a: Umbreon|Foul Play|p1b: Sneasler\n|-activate|p1b: Sneasler|move: Protect\n|move|p1a: Incineroar|Snarl|p2b: Slowbro|[spread] p2a,p2b\n|-resisted|p2a: Umbreon|1\n|-supereffective|p2b: Slowbro|1\n|-damage|p2a: Umbreon|84/100\n|-damage|p2b: Slowbro|53/100\n|-unboost|p2a: Umbreon|spa|1\n|-unboost|p2b: Slowbro|spa|1\n|\n|-heal|p2a: Umbreon|90/100|[from] item: Leftovers\n|-end|p1a: Incineroar|move: Taunt\n|-fieldend|move: Trick Room\n|upkeep\n|turn|7\n|\n|t:|1776473422\n|move|p1b: Sneasler|Close Combat|p2a: Umbreon\n|-supereffective|p2a: Umbreon|1\n|-damage|p2a: Umbreon|9/100\n|-unboost|p1b: Sneasler|def|1\n|-unboost|p1b: Sneasler|spd|1\n|-enditem|p1b: Sneasler|White Herb\n|-clearnegativeboost|p1b: Sneasler|[silent]\n|move|p1a: Incineroar|Parting Shot|p2b: Slowbro\n|-unboost|p2b: Slowbro|atk|1\n|-unboost|p2b: Slowbro|spa|1\n|\n|t:|1776473431\n|switch|p1a: Floette|Floette-Eternal, L50, F|100/100|[from] Parting Shot\n|move|p2a: Umbreon|Foul Play|p1b: Sneasler\n|-resisted|p1b: Sneasler|1\n|-damage|p1b: Sneasler|0 fnt\n|faint|p1b: Sneasler\n|move|p2b: Slowbro|Scald|p1a: Floette\n|-damage|p1a: Floette|80/100\n|\n|-heal|p2a: Umbreon|15/100|[from] item: Leftovers\n|upkeep\n|\n|t:|1776473439\n|switch|p1b: Incineroar|Incineroar, L50, M|100/100\n|-ability|p1b: Incineroar|Intimidate|boost\n|-fail|p2a: Umbreon|unboost|Attack|[from] ability: Inner Focus|[of] p2a: Umbreon\n|-unboost|p2b: Slowbro|atk|1\n|turn|8\n|\n|t:|1776473472\n|detailschange|p1a: Floette|Floette-Mega, L50, F\n|-mega|p1a: Floette|Floette|Floettite\n|-ability|p1a: Floette|Fairy Aura\n|move|p1b: Incineroar|Fake Out|p2a: Umbreon\n|-damage|p2a: Umbreon|9/100\n|move|p1a: Floette|Calm Mind|p1a: Floette\n|-boost|p1a: Floette|spa|1\n|-boost|p1a: Floette|spd|1\n|move|p2a: Umbreon|Light Screen|p2a: Umbreon\n|-sidestart|p2: Dusk_Lynx44|move: Light Screen\n|move|p2b: Slowbro|Scald|p1b: Incineroar\n|-supereffective|p1b: Incineroar|1\n|-damage|p1b: Incineroar|70/100\n|\n|-heal|p2a: Umbreon|15/100|[from] item: Leftovers\n|upkeep\n|turn|9\n|\n|t:|1776473497\n|move|p2a: Umbreon|Protect|p2a: Umbreon\n|-singleturn|p2a: Umbreon|Protect\n|move|p1a: Floette|Dazzling Gleam|p2a: Umbreon|[spread] p2b\n|-activate|p2a: Umbreon|move: Protect\n|-damage|p2b: Slowbro|23/100\n|move|p1b: Incineroar|Parting Shot|p2b: Slowbro\n|-unboost|p2b: Slowbro|atk|1\n|-unboost|p2b: Slowbro|spa|1\n|move|p2b: Slowbro|Scald|p1b: Incineroar\n|-supereffective|p1b: Incineroar|1\n|-damage|p1b: Incineroar|46/100\n|-enditem|p1b: Incineroar|Sitrus Berry|[eat]\n|-heal|p1b: Incineroar|71/100|[from] item: Sitrus Berry\n|\n|-heal|p2a: Umbreon|21/100|[from] item: Leftovers\n|upkeep\n|turn|10\n|\n|t:|1776473514\n|switch|p2b: Kingambit|Kingambit, L50, F|100/100\n|move|p1a: Floette|Dazzling Gleam|p2b: Kingambit|[spread] p2a,p2b\n|-supereffective|p2a: Umbreon|1\n|-damage|p2a: Umbreon|0 fnt\n|-damage|p2b: Kingambit|48/100\n|faint|p2a: Umbreon\n|move|p1b: Incineroar|Snarl|p2b: Kingambit\n|-resisted|p2b: Kingambit|1\n|-damage|p2b: Kingambit|43/100\n|-unboost|p2b: Kingambit|spa|1\n|-ability|p2b: Kingambit|Defiant|boost\n|-boost|p2b: Kingambit|atk|2\n|\n|upkeep\n|\n|t:|1776473526\n|switch|p2a: Slowbro|Slowbro-Mega, L50, F|23/100\n|turn|11\n|\n|t:|1776473550\n|move|p1a: Floette|Calm Mind|p1a: Floette\n|-boost|p1a: Floette|spa|1\n|-boost|p1a: Floette|spd|1\n|move|p1b: Incineroar|Flare Blitz|p2b: Kingambit\n|-supereffective|p2b: Kingambit|1\n|-damage|p2b: Kingambit|0 fnt\n|faint|p2b: Kingambit\n|-damage|p1b: Incineroar|56/100|[from] Recoil\n|move|p2a: Slowbro|Scald|p1b: Incineroar\n|-supereffective|p1b: Incineroar|1\n|-damage|p1b: Incineroar|0 fnt\n|faint|p1b: Incineroar\n|\n|upkeep\n|turn|12\n|\n|t:|1776473566\n|move|p1a: Floette|Moonblast|p2a: Slowbro\n|-damage|p2a: Slowbro|0 fnt\n|faint|p2a: Slowbro\n|\n|win|LightJKookie\n|raw|LightJKookie's rating: 1104 &rarr; <strong>1123</strong><br />(+19 for winning)\n|raw|Dusk_Lynx44's rating: 1026 &rarr; <strong>1015</strong><br />(-11 for losing)\n",
  "uploadtime": 1776473578,
  "views": 38,
  "formatid": "gen9championsvgc2026regma",
  "rating": 1015,
  "private": 0,
  "password": null
}