{
  "id": "gen9championsvgc2026regma-2583367716",
  "format": "[Gen 9 Champions] VGC 2026 Reg M-A",
  "players": [
    "mountymaximus",
    "Zapdos79"
  ],
  "log": "|j|\u2606mountymaximus\n|j|\u2606Zapdos79\n|t:|1776170633\n|gametype|doubles\n|player|p1|mountymaximus|2|1050\n|player|p2|Zapdos79|flannery|1147\n|gen|9\n|tier|[Gen 9 Champions] VGC 2026 Reg M-A\n|rated|\n|rule|Species Clause: Limit one of each Pok\u00e9mon\n|rule|Item Clause: Limit 1 of each item\n|clearpoke\n|poke|p1|Excadrill, L50, F|\n|poke|p1|Tyranitar, L50, F|\n|poke|p1|Sinistcha, L50|\n|poke|p1|Rotom-Wash, L50|\n|poke|p1|Incineroar, L50, M|\n|poke|p1|Floette-Eternal, L50, F|\n|poke|p2|Tyranitar, L50, M|\n|poke|p2|Basculegion, L50, M|\n|poke|p2|Excadrill, L50, M|\n|poke|p2|Meganium, L50, M|\n|poke|p2|Farigiraf, L50, F|\n|poke|p2|Incineroar, L50, F|\n|teampreview|4\n|\n|t:|1776170680\n|teamsize|p1|4\n|teamsize|p2|4\n|start\n|switch|p1a: Incineroar|Incineroar, L50, M|100/100\n|switch|p1b: Sinistcha|Sinistcha, L50|100/100\n|switch|p2a: Meganium|Meganium, L50, M|100/100\n|switch|p2b: Incineroar|Incineroar, L50, F|100/100\n|-ability|p1a: Incineroar|Intimidate|boost\n|-unboost|p2a: Meganium|atk|1\n|-unboost|p2b: Incineroar|atk|1\n|-ability|p2b: Incineroar|Intimidate|boost\n|-unboost|p1a: Incineroar|atk|1\n|-unboost|p1b: Sinistcha|atk|1\n|turn|1\n|\n|t:|1776170722\n|switch|p2a: Farigiraf|Farigiraf, L50, F|100/100\n|switch|p1b: Tyranitar|Tyranitar, L50, F|100/100\n|-weather|Sandstorm|[from] ability: Sand Stream|[of] p1b: Tyranitar\n|move|p1a: Incineroar|Parting Shot|p2a: Farigiraf\n|-unboost|p2a: Farigiraf|atk|1\n|-unboost|p2a: Farigiraf|spa|1\n|\n|t:|1776170733\n|switch|p1a: Excadrill|Excadrill, L50, F|100/100|[from] Parting Shot\n|move|p2b: Incineroar|Parting Shot|p1a: Excadrill\n|-unboost|p1a: Excadrill|atk|1\n|-unboost|p1a: Excadrill|spa|1\n|\n|t:|1776170747\n|switch|p2b: Basculegion|Basculegion, L50, M|100/100|[from] Parting Shot\n|\n|-weather|Sandstorm|[upkeep]\n|-damage|p2b: Basculegion|94/100|[from] Sandstorm\n|-damage|p2a: Farigiraf|94/100|[from] Sandstorm\n|upkeep\n|turn|2\n|\n|t:|1776170768\n|switch|p2b: Incineroar|Incineroar, L50, F|100/100\n|-ability|p2b: Incineroar|Intimidate|boost\n|-unboost|p1a: Excadrill|atk|1\n|-unboost|p1b: Tyranitar|atk|1\n|detailschange|p1b: Tyranitar|Tyranitar-Mega, L50, F\n|-mega|p1b: Tyranitar|Tyranitar|Tyranitarite\n|move|p2a: Farigiraf|Ally Switch|p2a: Farigiraf\n|swap|p2a: Farigiraf|1|[from] move: Ally Switch\n|move|p1a: Excadrill|Rock Slide|p2b: Farigiraf|[spread] p2b\n|-miss|p1a: Excadrill|p2a: Incineroar\n|-damage|p2b: Farigiraf|84/100\n|move|p1b: Tyranitar|Knock Off|p2a: Incineroar\n|-resisted|p2a: Incineroar|1\n|-crit|p2a: Incineroar\n|-damage|p2a: Incineroar|57/100\n|-enditem|p2a: Incineroar|Sitrus Berry|[from] move: Knock Off|[of] p1b: Tyranitar\n|\n|-weather|Sandstorm|[upkeep]\n|-damage|p2b: Farigiraf|78/100|[from] Sandstorm\n|-damage|p2a: Incineroar|51/100|[from] Sandstorm\n|upkeep\n|turn|3\n|\n|t:|1776170798\n|switch|p1a: Incineroar|Incineroar, L50, M|100/100\n|-ability|p1a: Incineroar|Intimidate|boost\n|-unboost|p2a: Incineroar|atk|1\n|-unboost|p2b: Farigiraf|atk|1\n|move|p1b: Tyranitar|Low Kick|p2a: Incineroar\n|-supereffective|p2a: Incineroar|1\n|-damage|p2a: Incineroar|9/100\n|move|p2b: Farigiraf|Thunder Wave|p1b: Tyranitar\n|-status|p1b: Tyranitar|par\n|move|p2a: Incineroar|Parting Shot|p1b: Tyranitar\n|-unboost|p1b: Tyranitar|atk|1\n|-unboost|p1b: Tyranitar|spa|1\n|\n|t:|1776170811\n|switch|p2a: Basculegion|Basculegion, L50, M|94/100|[from] Parting Shot\n|\n|-weather|Sandstorm|[upkeep]\n|-damage|p2a: Basculegion|88/100|[from] Sandstorm\n|-damage|p1a: Incineroar|94/100|[from] Sandstorm\n|-damage|p2b: Farigiraf|71/100|[from] Sandstorm\n|upkeep\n|turn|4\n|\n|t:|1776170826\n|switch|p1b: Excadrill|Excadrill, L50, F|100/100\n|move|p2a: Basculegion|Wave Crash|p1a: Incineroar\n|-supereffective|p1a: Incineroar|1\n|-damage|p1a: Incineroar|0 fnt\n|faint|p1a: Incineroar\n|-damage|p2a: Basculegion|59/100|[from] Recoil\n|move|p2b: Farigiraf|Thunder Wave|p1b: Excadrill\n|-immune|p1b: Excadrill\n|\n|-weather|Sandstorm|[upkeep]\n|-damage|p2a: Basculegion|53/100|[from] Sandstorm\n|-damage|p2b: Farigiraf|65/100|[from] Sandstorm\n|upkeep\n|\n|t:|1776170832\n|switch|p1a: Sinistcha|Sinistcha, L50|100/100\n|turn|5\n|\n|t:|1776170850\n|switch|p2a: Incineroar|Incineroar, L50, F|9/100\n|-ability|p2a: Incineroar|Intimidate|boost\n|-unboost|p1a: Sinistcha|atk|1\n|-unboost|p1b: Excadrill|atk|1\n|move|p1b: Excadrill|Rock Slide|p2a: Incineroar|[spread] p2a,p2b\n|-supereffective|p2a: Incineroar|1\n|-damage|p2a: Incineroar|0 fnt\n|-damage|p2b: Farigiraf|49/100\n|faint|p2a: Incineroar\n|move|p1a: Sinistcha|Matcha Gotcha|p2b: Farigiraf\n|-damage|p2b: Farigiraf|23/100\n|move|p2b: Farigiraf|Thunder Wave|p1a: Sinistcha\n|-status|p1a: Sinistcha|par\n|\n|-weather|none\n|upkeep\n|\n|t:|1776170869\n|switch|p2a: Meganium|Meganium, L50, M|100/100\n|turn|6\n|\n|t:|1776170880\n|switch|p1a: Tyranitar|Tyranitar-Mega, L50, F|100/100 par\n|-weather|Sandstorm|[from] ability: Sand Stream|[of] p1a: Tyranitar\n|detailschange|p2a: Meganium|Meganium-Mega, L50, M\n|-mega|p2a: Meganium|Meganium|Meganiumite\n|move|p1b: Excadrill|Iron Head|p2a: Meganium\n|-supereffective|p2a: Meganium|1\n|-damage|p2a: Meganium|36/100\n|cant|p2a: Meganium|flinch\n|move|p2b: Farigiraf|Psychic|p1a: Tyranitar\n|-immune|p1a: Tyranitar\n|\n|-weather|Sandstorm|[upkeep]\n|-damage|p2a: Meganium|30/100|[from] Sandstorm\n|-damage|p2b: Farigiraf|17/100|[from] Sandstorm\n|upkeep\n|turn|7\n|\n|t:|1776170906\n|move|p2b: Farigiraf|Ally Switch|p2b: Farigiraf\n|swap|p2b: Farigiraf|0|[from] move: Ally Switch\n|move|p1b: Excadrill|Rock Slide|p2a: Farigiraf|[spread] p2a,p2b\n|-crit|p2a: Farigiraf\n|-damage|p2a: Farigiraf|0 fnt\n|-damage|p2b: Meganium|15/100\n|faint|p2a: Farigiraf\n|move|p2b: Meganium|Weather Ball|p1b: Excadrill\n|-supereffective|p1b: Excadrill|1\n|-enditem|p1b: Excadrill|Focus Sash\n|-damage|p1b: Excadrill|1/100\n|move|p1a: Tyranitar|Rock Slide|p2b: Meganium\n|-damage|p2b: Meganium|0 fnt\n|faint|p2b: Meganium\n|\n|-weather|Sandstorm|[upkeep]\n|upkeep\n|\n|t:|1776170916\n|switch|p2b: Basculegion|Basculegion, L50, M|53/100\n|turn|8\n|\n|t:|1776170931\n|move|p1b: Excadrill|Rock Slide|p2b: Basculegion\n|-damage|p2b: Basculegion|29/100\n|move|p2b: Basculegion|Wave Crash|p1b: Excadrill\n|-supereffective|p1b: Excadrill|1\n|-damage|p1b: Excadrill|0 fnt\n|faint|p1b: Excadrill\n|-damage|p2b: Basculegion|28/100|[from] Recoil\n|move|p1a: Tyranitar|Knock Off|p2b: Basculegion\n|-supereffective|p2b: Basculegion|1\n|-damage|p2b: Basculegion|0 fnt\n|-enditem|p2b: Basculegion|Choice Scarf|[from] move: Knock Off|[of] p1a: Tyranitar\n|faint|p2b: Basculegion\n|\n|win|mountymaximus\n|raw|mountymaximus's rating: 1050 &rarr; <strong>1091</strong><br />(+41 for winning)\n|raw|Zapdos79's rating: 1147 &rarr; <strong>1115</strong><br />(-32 for losing)\n|c|\u2606Zapdos79|gg\n|l|\u2606mountymaximus\n|player|p1|\n",
  "uploadtime": 1776170940,
  "views": 31,
  "formatid": "gen9championsvgc2026regma",
  "rating": 1091,
  "private": 0,
  "password": null
}