{
  "id": "gen9championsvgc2026regma-2582891060",
  "format": "[Gen 9 Champions] VGC 2026 Reg M-A",
  "players": [
    "It'sJustKen VGC",
    "champSS"
  ],
  "log": "|j|\u2606It'sJustKen VGC\n|j|\u2606champSS\n|t:|1776122495\n|gametype|doubles\n|player|p1|It'sJustKen VGC|169|1086\n|player|p2|champSS|101|1172\n|gen|9\n|tier|[Gen 9 Champions] VGC 2026 Reg M-A\n|rated|\n|rule|Species Clause: Limit one of each Pok\u00e9mon\n|rule|Item Clause: Limit 1 of each item\n|clearpoke\n|poke|p1|Kingambit, L50, F|\n|poke|p1|Clefable, L50, M|\n|poke|p1|Chimecho, L50, M|\n|poke|p1|Golurk, L50|\n|poke|p1|Rotom-Wash, L50|\n|poke|p1|Hawlucha, L50, M|\n|poke|p2|Tyranitar, L50, F|\n|poke|p2|Rotom-Wash, L50|\n|poke|p2|Garchomp, L50, F|\n|poke|p2|Aerodactyl, L50, F|\n|poke|p2|Sinistcha, L50|\n|poke|p2|Sneasler, L50, F|\n|teampreview|4\n|inactive|Battle timer is ON: inactive players will automatically lose when time's up. (requested by It'sJustKen VGC)\n|inactive|champSS has 60 seconds left.\n|\n|t:|1776122535\n|teamsize|p1|4\n|teamsize|p2|4\n|start\n|switch|p1a: Supportive Friend|Hawlucha, L50, M|100/100\n|switch|p1b: Pet|Rotom-Wash, L50|100/100\n|switch|p2a: Sneasler|Sneasler, L50, F|100/100\n|switch|p2b: Tyranitar|Tyranitar, L50, F|100/100\n|-ability|p1a: Supportive Friend|Mold Breaker\n|-weather|Sandstorm|[from] ability: Sand Stream|[of] p2b: Tyranitar\n|turn|1\n|inactive|It'sJustKen VGC has 30 seconds left.\n|inactive|champSS has 30 seconds left.\n|\n|t:|1776122569\n|detailschange|p1a: Supportive Friend|Hawlucha-Mega, L50, M\n|-mega|p1a: Supportive Friend|Hawlucha|Hawluchanite\n|detailschange|p2b: Tyranitar|Tyranitar-Mega, L50, F\n|-mega|p2b: Tyranitar|Tyranitar|Tyranitarite\n|move|p2a: Sneasler|Fake Out|p1a: Supportive Friend\n|-damage|p1a: Supportive Friend|83/100\n|move|p1b: Pet|Volt Switch|p2a: Sneasler\n|-damage|p2a: Sneasler|58/100\n|\n|t:|1776122591\n|switch|p1b: The Final Boss|Kingambit, L50, F|100/100|[from] Volt Switch\n|cant|p1a: Supportive Friend|flinch\n|move|p2b: Tyranitar|Rock Slide|p1a: Supportive Friend|[spread] p1a,p1b\n|-resisted|p1b: The Final Boss|1\n|-damage|p1a: Supportive Friend|40/100\n|-damage|p1b: The Final Boss|88/100\n|\n|-weather|Sandstorm|[upkeep]\n|-damage|p2a: Sneasler|53/100|[from] Sandstorm\n|-damage|p1a: Supportive Friend|35/100|[from] Sandstorm\n|upkeep\n|turn|2\n|inactive|champSS has 30 seconds left.\n|inactive|champSS has 20 seconds left.\n|\n|t:|1776122631\n|switch|p1b: Pet|Rotom-Wash, L50|100/100\n|move|p2a: Sneasler|Close Combat|p1b: Pet\n|-damage|p1b: Pet|15/100\n|-unboost|p2a: Sneasler|def|1\n|-unboost|p2a: Sneasler|spd|1\n|-enditem|p2a: Sneasler|White Herb\n|-clearnegativeboost|p2a: Sneasler|[silent]\n|move|p1a: Supportive Friend|Close Combat|p2b: Tyranitar\n|-supereffective|p2b: Tyranitar|2\n|-damage|p2b: Tyranitar|0 fnt\n|-unboost|p1a: Supportive Friend|def|1\n|-unboost|p1a: Supportive Friend|spd|1\n|faint|p2b: Tyranitar\n|\n|-weather|Sandstorm|[upkeep]\n|-damage|p2a: Sneasler|47/100|[from] Sandstorm\n|-damage|p1b: Pet|10/100|[from] Sandstorm\n|-damage|p1a: Supportive Friend|29/100|[from] Sandstorm\n|upkeep\n|\n|t:|1776122652\n|switch|p2b: Sinistcha|Sinistcha, L50|100/100\n|-heal|p2a: Sneasler|72/100|[from] ability: Hospitality|[of] p2b: Sinistcha\n|turn|3\n|\n|t:|1776122673\n|switch|p1a: Important Object|Chimecho, L50, M|100/100\n|move|p2b: Sinistcha|Rage Powder|p2b: Sinistcha\n|-singleturn|p2b: Sinistcha|move: Rage Powder\n|move|p2a: Sneasler|Dire Claw|p1a: Important Object\n|-damage|p1a: Important Object|64/100\n|move|p1b: Pet|Hydro Pump|p2b: Sinistcha\n|-resisted|p2b: Sinistcha|1\n|-damage|p2b: Sinistcha|68/100\n|\n|-weather|Sandstorm|[upkeep]\n|-damage|p2a: Sneasler|66/100|[from] Sandstorm\n|-damage|p1b: Pet|4/100|[from] Sandstorm\n|-damage|p2b: Sinistcha|62/100|[from] Sandstorm\n|-damage|p1a: Important Object|58/100|[from] Sandstorm\n|-heal|p2b: Sinistcha|68/100|[from] item: Leftovers\n|upkeep\n|turn|4\n|inactive|champSS has 30 seconds left.\n|\n|t:|1776122707\n|switch|p1b: The Final Boss|Kingambit, L50, F|88/100\n|move|p2a: Sneasler|Dire Claw|p1b: The Final Boss\n|-immune|p1b: The Final Boss\n|move|p2b: Sinistcha|Life Dew|p2b: Sinistcha|[spread] p2a,p2b\n|-heal|p2a: Sneasler|91/100\n|-heal|p2b: Sinistcha|94/100\n|move|p1a: Important Object|Trick Room|p1a: Important Object\n|-fieldstart|move: Trick Room|[of] p1a: Important Object\n|\n|-weather|Sandstorm|[upkeep]\n|-damage|p1a: Important Object|52/100|[from] Sandstorm\n|-damage|p2b: Sinistcha|88/100|[from] Sandstorm\n|-damage|p2a: Sneasler|85/100|[from] Sandstorm\n|-heal|p2b: Sinistcha|94/100|[from] item: Leftovers\n|upkeep\n|turn|5\n|\n|t:|1776122723\n|switch|p1b: Supportive Friend|Hawlucha-Mega, L50, M|29/100\n|move|p2b: Sinistcha|Rage Powder|p2b: Sinistcha\n|-singleturn|p2b: Sinistcha|move: Rage Powder\n|move|p1a: Important Object|Skill Swap|p2b: Sinistcha\n|-activate|p1a: Important Object|Skill Swap|Hospitality|Levitate|[of] p2b: Sinistcha\n|-heal|p1b: Supportive Friend|53/100|[from] ability: Hospitality|[of] p1a: Important Object\n|move|p2a: Sneasler|Close Combat|p1b: Supportive Friend\n|-resisted|p1b: Supportive Friend|1\n|-damage|p1b: Supportive Friend|19/100\n|-unboost|p2a: Sneasler|def|1\n|-unboost|p2a: Sneasler|spd|1\n|\n|-weather|none\n|-heal|p2b: Sinistcha|99/100|[from] item: Leftovers\n|upkeep\n|turn|6\n|\n|t:|1776122742\n|move|p2b: Sinistcha|Rage Powder|p2b: Sinistcha\n|-singleturn|p2b: Sinistcha|move: Rage Powder\n|move|p1a: Important Object|Hypnosis|p2b: Sinistcha\n|-status|p2b: Sinistcha|slp|[from] move: Hypnosis\n|move|p1b: Supportive Friend|Brave Bird|p2b: Sinistcha\n|-supereffective|p2b: Sinistcha|1\n|-damage|p2b: Sinistcha|6/100 slp\n|-damage|p1b: Supportive Friend|0 fnt|[from] Recoil\n|faint|p1b: Supportive Friend\n|move|p2a: Sneasler|Close Combat|p1a: Important Object\n|-resisted|p1a: Important Object|1\n|-damage|p1a: Important Object|24/100\n|-unboost|p2a: Sneasler|def|1\n|-unboost|p2a: Sneasler|spd|1\n|\n|-heal|p2b: Sinistcha|12/100 slp|[from] item: Leftovers\n|upkeep\n|inactive|It'sJustKen VGC has 30 seconds left.\n|\n|t:|1776122775\n|switch|p1b: The Final Boss|Kingambit, L50, F|88/100\n|turn|7\n|\n|t:|1776122795\n|switch|p2b: Garchomp|Garchomp, L50, F|100/100\n|move|p2a: Sneasler|Protect|p2a: Sneasler\n|-singleturn|p2a: Sneasler|Protect\n|move|p1a: Important Object|Hypnosis|p2a: Sneasler\n|-activate|p2a: Sneasler|move: Protect\n|move|p1b: The Final Boss|Kowtow Cleave|p2b: Garchomp\n|-damage|p2b: Garchomp|62/100\n|-damage|p1b: The Final Boss|75/100|[from] ability: Rough Skin|[of] p2b: Garchomp\n|\n|upkeep\n|turn|8\n|inactive|It'sJustKen VGC has 30 seconds left.\n|inactive|champSS has 30 seconds left.\n|\n|t:|1776122822\n|switch|p2a: Sinistcha|Sinistcha, L50|12/100 slp\n|-heal|p2b: Garchomp|86/100|[from] ability: Hospitality|[of] p2a: Sinistcha\n|move|p1a: Important Object|Skill Swap|p1b: The Final Boss\n|-activate|p1a: Important Object|Skill Swap|||[of] p1b: The Final Boss\n|-heal|p1a: Important Object|49/100|[from] ability: Hospitality|[of] p1b: The Final Boss\n|move|p1b: The Final Boss|Guillotine|p2b: Garchomp|[miss]\n|-miss|p1b: The Final Boss|p2b: Garchomp\n|move|p2b: Garchomp|Earthquake|p1a: Important Object|[spread] p2a,p1a,p1b\n|-resisted|p2a: Sinistcha|1\n|-supereffective|p1b: The Final Boss|1\n|-damage|p2a: Sinistcha|0 fnt\n|-damage|p1a: Important Object|4/100\n|-damage|p1b: The Final Boss|0 fnt\n|faint|p2a: Sinistcha\n|faint|p1b: The Final Boss\n|\n|-fieldend|move: Trick Room\n|upkeep\n|-message|It'sJustKen VGC forfeited.\n|\n|win|champSS\n|raw|It&apos;sJustKen VGC's rating: 1097 &rarr; <strong>1078</strong><br />(-19 for losing)\n|raw|champSS's rating: 1172 &rarr; <strong>1192</strong><br />(+20 for winning)\n|l|\u2606champSS\n|player|p2|\n",
  "uploadtime": 1776122839,
  "views": 10,
  "formatid": "gen9championsvgc2026regma",
  "rating": 1078,
  "private": 0,
  "password": null
}