{
  "id": "gen9championsvgc2026regma-2588440273",
  "format": "[Gen 9 Champions] VGC 2026 Reg M-A",
  "players": [
    "zuskv1",
    "regitron 21"
  ],
  "log": "|j|\u2606zuskv1\n|j|\u2606regitron 21\n|t:|1776633724\n|gametype|doubles\n|player|p1|zuskv1|102|1000\n|player|p2|regitron 21|n|1055\n|gen|9\n|tier|[Gen 9 Champions] VGC 2026 Reg M-A\n|rated|\n|rule|Species Clause: Limit one of each Pok\u00e9mon\n|rule|Item Clause: Limit 1 of each item\n|clearpoke\n|poke|p1|Passimian, L50, M|\n|poke|p1|Starmie, L50|\n|poke|p1|Incineroar, L50, F|\n|poke|p1|Delphox, L50, M|\n|poke|p1|Corviknight, L50, M|\n|poke|p1|Gengar, L50, F|\n|poke|p2|Aegislash, L50, M|\n|poke|p2|Froslass, L50, F|\n|poke|p2|Incineroar, L50, F|\n|poke|p2|Sneasler, L50, F|\n|poke|p2|Rotom-Wash, L50|\n|poke|p2|Volcarona, L50, M|\n|teampreview|4\n|c|\u2606regitron 21|hey good luck bud\n|c|\u2606regitron 21|cool team\nregitron 21 has agreed to open team sheets.\n|\n|t:|1776633787\n|teamsize|p1|4\n|teamsize|p2|4\n|start\n|switch|p1a: Gengar|Gengar, L50, F|100/100\n|switch|p1b: Corviknight|Corviknight, L50, M|100/100\n|switch|p2a: Aegislash|Aegislash, L50, M|100/100\n|switch|p2b: Froslass|Froslass, L50, F|100/100\n|turn|1\n|\n|t:|1776633819\n|detailschange|p2b: Froslass|Froslass-Mega, L50, F\n|-mega|p2b: Froslass|Froslass|Froslassite\n|-weather|Snowscape|[from] ability: Snow Warning|[of] p2b: Froslass\n|move|p1a: Gengar|Shadow Ball|p2a: Aegislash\n|-supereffective|p2a: Aegislash|1\n|-damage|p2a: Aegislash|35/100\n|-unboost|p2a: Aegislash|spd|1\n|move|p2b: Froslass|Aurora Veil|p2b: Froslass\n|-sidestart|p2: regitron 21|move: Aurora Veil\n|move|p1b: Corviknight|Tailwind|p1b: Corviknight\n|-sidestart|p1: zuskv1|move: Tailwind\n|-formechange|p2a: Aegislash|Aegislash-Blade|\n|move|p2a: Aegislash|Poltergeist|p1a: Gengar\n|-activate|p1a: Gengar|move: Poltergeist|Choice Scarf\n|-supereffective|p1a: Gengar|1\n|-damage|p1a: Gengar|0 fnt\n|faint|p1a: Gengar\n|\n|-weather|Snowscape|[upkeep]\n|upkeep\n|\n|t:|1776633848\n|switch|p1a: Starmie|Starmie, L50|100/100\n|turn|2\n|\n|t:|1776633868\n|switch|p2a: Sneasler|Sneasler, L50, F|100/100\n|detailschange|p1a: Starmie|Starmie-Mega, L50\n|-mega|p1a: Starmie|Starmie|Starminite\n|move|p1a: Starmie|Liquidation|p2a: Sneasler\n|-damage|p2a: Sneasler|0 fnt\n|faint|p2a: Sneasler\n|move|p1b: Corviknight|Iron Head|p2b: Froslass\n|-supereffective|p2b: Froslass|1\n|-damage|p2b: Froslass|62/100\n|move|p2b: Froslass|Nasty Plot|p2b: Froslass\n|-boost|p2b: Froslass|spa|2\n|\n|-weather|Snowscape|[upkeep]\n|upkeep\n|\n|t:|1776633879\n|switch|p2a: Aegislash|Aegislash, L50, M|35/100\n|turn|3\n|\n|t:|1776633900\n|move|p2a: Aegislash|King's Shield|p2a: Aegislash\n|-singleturn|p2a: Aegislash|Protect\n|move|p1a: Starmie|Liquidation|p2a: Aegislash\n|-activate|p2a: Aegislash|move: Protect\n|-unboost|p1a: Starmie|atk|1\n|move|p1b: Corviknight|Iron Head|p2b: Froslass\n|-supereffective|p2b: Froslass|1\n|-damage|p2b: Froslass|27/100\n|cant|p2b: Froslass|flinch\n|\n|-weather|Snowscape|[upkeep]\n|upkeep\n|turn|4\n|-activate|p1b: Corviknight|item: Quick Claw\n|\n|t:|1776633924\n|move|p1b: Corviknight|Iron Head|p2b: Froslass\n|-supereffective|p2b: Froslass|1\n|-damage|p2b: Froslass|0 fnt\n|faint|p2b: Froslass\n|move|p1a: Starmie|Liquidation|p2a: Aegislash\n|-damage|p2a: Aegislash|3/100\n|-unboost|p2a: Aegislash|def|1\n|-formechange|p2a: Aegislash|Aegislash-Blade|\n|move|p2a: Aegislash|Poltergeist|p1a: Starmie\n|-activate|p1a: Starmie|move: Poltergeist|Starminite\n|-supereffective|p1a: Starmie|1\n|-damage|p1a: Starmie|0 fnt\n|faint|p1a: Starmie\n|\n|-weather|Snowscape|[upkeep]\n|-sideend|p1: zuskv1|move: Tailwind\n|upkeep\n|\n|t:|1776633935\n|switch|p2b: Volcarona|Volcarona, L50, M|100/100\n|switch|p1a: Passimian|Passimian, L50, M|100/100\n|turn|5\n|\n|t:|1776633966\n|-formechange|p2a: Aegislash|Aegislash|\n|move|p2a: Aegislash|King's Shield|p2a: Aegislash\n|-singleturn|p2a: Aegislash|Protect\n|move|p1a: Passimian|Earthquake|p2b: Volcarona|[spread] p2b\n|-activate|p2a: Aegislash|move: Protect\n|-immune|p1b: Corviknight\n|-damage|p2b: Volcarona|78/100\n|move|p2b: Volcarona|Fiery Dance|p1b: Corviknight\n|-supereffective|p1b: Corviknight|1\n|-crit|p1b: Corviknight\n|-damage|p1b: Corviknight|0 fnt\n|-boost|p2b: Volcarona|spa|1\n|faint|p1b: Corviknight\n|-ability|p1a: Passimian|Mirror Armor|Receiver|[from] ability: Receiver|[of] p1b: Corviknight\n|\n|-weather|none\n|-heal|p2b: Volcarona|84/100|[from] item: Leftovers\n|-sideend|p2: regitron 21|move: Aurora Veil\n|upkeep\n|turn|6\n|\n|t:|1776633988\n|move|p1a: Passimian|Earthquake|p2a: Aegislash|[spread] p2a,p2b\n|-supereffective|p2a: Aegislash|1\n|-damage|p2a: Aegislash|0 fnt\n|-damage|p2b: Volcarona|54/100\n|faint|p2a: Aegislash\n|move|p2b: Volcarona|Fiery Dance|p1a: Passimian\n|-damage|p1a: Passimian|0 fnt\n|faint|p1a: Passimian\n|\n|win|regitron 21\n|raw|zuskv1's rating: 1000 &rarr; <strong>1000</strong><br />(+0 for losing)\n|raw|regitron 21's rating: 1055 &rarr; <strong>1082</strong><br />(+27 for winning)\n|c|\u2606zuskv1|gg\n|c|\u2606regitron 21|gg\n|c|\u2606regitron 21|nice team bud\n",
  "uploadtime": 1776633999,
  "views": 9,
  "formatid": "gen9championsvgc2026regma",
  "rating": 1000,
  "private": 0,
  "password": null
}