{
  "id": "gen9championsvgc2026regma-2584883993",
  "format": "[Gen 9 Champions] VGC 2026 Reg M-A",
  "players": [
    "Clids",
    "Runningo"
  ],
  "log": "|j|\u2606Clids\n|j|\u2606Runningo\n|t:|1776291377\n|gametype|doubles\n|player|p1|Clids|266|1155\n|player|p2|Runningo|169|1215\n|gen|9\n|tier|[Gen 9 Champions] VGC 2026 Reg M-A\n|rated|\n|rule|Species Clause: Limit one of each Pok\u00e9mon\n|rule|Item Clause: Limit 1 of each item\n|clearpoke\n|poke|p1|Gengar, L50, F|\n|poke|p1|Sinistcha, L50|\n|poke|p1|Garchomp, L50, F|\n|poke|p1|Raichu-Alola, L50, M|\n|poke|p1|Tyranitar, L50, M|\n|poke|p1|Whimsicott, L50, F|\n|poke|p2|Whimsicott, L50, F|\n|poke|p2|Typhlosion-Hisui, L50, F|\n|poke|p2|Floette-Eternal, L50, F|\n|poke|p2|Tauros-Paldea-Blaze, L50, M|\n|poke|p2|Farigiraf, L50, M|\n|poke|p2|Primarina, L50, M|\n|teampreview|4\n|inactive|Battle timer is ON: inactive players will automatically lose when time's up. (requested by Runningo)\n|inactive|Clids has 60 seconds left.\n|inactive|Clids has 30 seconds left.\n|\n|t:|1776291493\n|teamsize|p1|4\n|teamsize|p2|4\n|start\n|switch|p1a: Tyranitar|Tyranitar, L50, M|100/100\n|switch|p1b: Gengar|Gengar, L50, F|100/100\n|switch|p2a: Typhlosion|Typhlosion-Hisui, L50, F|100/100\n|switch|p2b: Floette|Floette-Eternal, L50, F|100/100\n|-item|p1a: Tyranitar|Black Glasses|[from] ability: Frisk|[of] p2a: Typhlosion\n|-item|p1b: Gengar|Gengarite|[from] ability: Frisk|[of] p2a: Typhlosion\n|-weather|Sandstorm|[from] ability: Sand Stream|[of] p1a: Tyranitar\n|turn|1\n|inactive|Runningo has 30 seconds left.\n|inactive|Runningo has 20 seconds left.\n|inactive|Runningo has 15 seconds left.\n|\n|t:|1776291536\n|detailschange|p1b: Gengar|Gengar-Mega, L50, F\n|-mega|p1b: Gengar|Gengar|Gengarite\n|move|p2b: Floette|Protect|p2b: Floette\n|-singleturn|p2b: Floette|Protect\n|move|p2a: Typhlosion|Focus Blast|p1a: Tyranitar|[miss]\n|-miss|p2a: Typhlosion|p1a: Tyranitar\n|move|p1b: Gengar|Sludge Bomb|p2b: Floette\n|-activate|p2b: Floette|move: Protect\n|move|p1a: Tyranitar|Rock Slide|p2b: Floette|[spread] p2a\n|-activate|p2b: Floette|move: Protect\n|-supereffective|p2a: Typhlosion|1\n|-damage|p2a: Typhlosion|0 fnt\n|faint|p2a: Typhlosion\n|\n|-weather|Sandstorm|[upkeep]\n|-damage|p1b: Gengar|95/100|[from] Sandstorm\n|-damage|p2b: Floette|95/100|[from] Sandstorm\n|upkeep\n|\n|t:|1776291548\n|switch|p2a: Whimsicott|Whimsicott, L50, F|100/100\n|turn|2\n|\n|t:|1776291568\n|detailschange|p2b: Floette|Floette-Mega, L50, F\n|-mega|p2b: Floette|Floette|Floettite\n|-ability|p2b: Floette|Fairy Aura\n|move|p2a: Whimsicott|Sunny Day|p2a: Whimsicott\n|-weather|SunnyDay\n|move|p1b: Gengar|Sludge Bomb|p2b: Floette\n|-supereffective|p2b: Floette|1\n|-damage|p2b: Floette|0 fnt\n|faint|p2b: Floette\n|move|p1a: Tyranitar|Avalanche|p2a: Whimsicott\n|-supereffective|p2a: Whimsicott|1\n|-damage|p2a: Whimsicott|30/100\n|\n|-weather|SunnyDay|[upkeep]\n|upkeep\n|\n|t:|1776291574\n|switch|p2b: Tauros|Tauros-Paldea-Blaze, L50, M|100/100\n|-ability|p2b: Tauros|Intimidate|boost\n|-unboost|p1a: Tyranitar|atk|1\n|-unboost|p1b: Gengar|atk|1\n|turn|3\n|\n|t:|1776291591\n|switch|p1a: Raichu|Raichu-Alola, L50, M|100/100\n|move|p2a: Whimsicott|Tailwind|p2a: Whimsicott\n|-sidestart|p2: Runningo|move: Tailwind\n|move|p2b: Tauros|Flare Blitz|p1b: Gengar\n|-damage|p1b: Gengar|0 fnt\n|faint|p1b: Gengar\n|-damage|p2b: Tauros|73/100|[from] Recoil\n|\n|-weather|SunnyDay|[upkeep]\n|upkeep\n|\n|t:|1776291602\n|switch|p1b: Sinistcha|Sinistcha, L50|100/100\n|turn|4\n|\n|t:|1776291618\n|move|p1a: Raichu|Fake Out|p2b: Tauros\n|-damage|p2b: Tauros|64/100\n|move|p2a: Whimsicott|Moonblast|p1a: Raichu\n|-damage|p1a: Raichu|52/100\n|cant|p2b: Tauros|flinch\n|move|p1b: Sinistcha|Matcha Gotcha|p2a: Whimsicott|[spread] p2a,p2b\n|-resisted|p2a: Whimsicott|1\n|-resisted|p2b: Tauros|1\n|-damage|p2a: Whimsicott|9/100\n|-damage|p2b: Tauros|43/100\n|-status|p2a: Whimsicott|brn\n|\n|-weather|SunnyDay|[upkeep]\n|-damage|p2a: Whimsicott|3/100 brn|[from] brn\n|upkeep\n|turn|5\n|inactive|Clids has 30 seconds left.\n|\n|t:|1776291643\n|move|p2a: Whimsicott|Moonblast|p1a: Raichu\n|-damage|p1a: Raichu|0 fnt\n|faint|p1a: Raichu\n|move|p2b: Tauros|Flare Blitz|p1b: Sinistcha\n|-supereffective|p1b: Sinistcha|1\n|-damage|p1b: Sinistcha|0 fnt\n|faint|p1b: Sinistcha\n|-damage|p2b: Tauros|4/100|[from] Recoil\n|\n|-weather|SunnyDay|[upkeep]\n|-damage|p2a: Whimsicott|0 fnt|[from] brn\n|faint|p2a: Whimsicott\n|upkeep\n|\n|t:|1776291649\n|switch|p1a: Tyranitar|Tyranitar, L50, M|100/100\n|-weather|Sandstorm|[from] ability: Sand Stream|[of] p1a: Tyranitar\n|turn|6\n|\n|t:|1776291657\n|move|p2b: Tauros|Close Combat|p1a: Tyranitar\n|-supereffective|p1a: Tyranitar|2\n|-damage|p1a: Tyranitar|0 fnt\n|-unboost|p2b: Tauros|def|1\n|-unboost|p2b: Tauros|spd|1\n|faint|p1a: Tyranitar\n|\n|win|Runningo\n|raw|Clids's rating: 1155 &rarr; <strong>1134</strong><br />(-21 for losing)\n|raw|Runningo's rating: 1215 &rarr; <strong>1236</strong><br />(+21 for winning)\n|l|\u2606Clids\n|player|p1|\n",
  "uploadtime": 1776291669,
  "views": 27,
  "formatid": "gen9championsvgc2026regma",
  "rating": 1134,
  "private": 0,
  "password": null
}