{
  "id": "gen9championsvgc2026regma-2587840206",
  "format": "[Gen 9 Champions] VGC 2026 Reg M-A",
  "players": [
    "Aurum38",
    "Scepticskep"
  ],
  "log": "|j|\u2606Aurum38\n|j|\u2606Scepticskep\n|t:|1776569412\n|gametype|doubles\n|player|p1|Aurum38|rosa|1160\n|player|p2|Scepticskep|pokemaniac|1081\n|gen|9\n|tier|[Gen 9 Champions] VGC 2026 Reg M-A\n|rated|\n|rule|Species Clause: Limit one of each Pok\u00e9mon\n|rule|Item Clause: Limit 1 of each item\n|clearpoke\n|poke|p1|Incineroar, L50, F|\n|poke|p1|Venusaur, L50, F|\n|poke|p1|Charizard, L50, F|\n|poke|p1|Dragonite, L50, M|\n|poke|p1|Garchomp, L50, F|\n|poke|p1|Rotom-Wash, L50|\n|poke|p2|Vanilluxe, L50, M|\n|poke|p2|Farigiraf, L50, M|\n|poke|p2|Crabominable, L50, F|\n|poke|p2|Incineroar, L50, M|\n|poke|p2|Sinistcha, L50|\n|poke|p2|Sneasler, L50, M|\n|teampreview|4\n|inactive|Battle timer is ON: inactive players will automatically lose when time's up. (requested by Scepticskep)\n|\n|t:|1776569431\n|teamsize|p1|4\n|teamsize|p2|4\n|start\n|switch|p1a: Charizard|Charizard, L50, F|100/100\n|switch|p1b: Incineroar|Incineroar, L50, F|100/100\n|switch|p2a: Vanilluxe|Vanilluxe, L50, M|100/100\n|switch|p2b: Incineroar|Incineroar, L50, M|100/100\n|-ability|p2b: Incineroar|Intimidate|boost\n|-unboost|p1a: Charizard|atk|1\n|-unboost|p1b: Incineroar|atk|1\n|-weather|Snowscape|[from] ability: Snow Warning|[of] p2a: Vanilluxe\n|-ability|p1b: Incineroar|Intimidate|boost\n|-unboost|p2a: Vanilluxe|atk|1\n|-unboost|p2b: Incineroar|atk|1\n|turn|1\n|\n|t:|1776569439\n|detailschange|p1a: Charizard|Charizard-Mega-Y, L50, F\n|-mega|p1a: Charizard|Charizard|Charizardite Y\n|-weather|SunnyDay|[from] ability: Drought|[of] p1a: Charizard\n|move|p2b: Incineroar|Fake Out|p1a: Charizard\n|-damage|p1a: Charizard|89/100\n|move|p1b: Incineroar|Fake Out|p2b: Incineroar\n|-damage|p2b: Incineroar|91/100\n|cant|p1a: Charizard|flinch\n|move|p2a: Vanilluxe|Snowscape|p2a: Vanilluxe\n|-weather|Snowscape\n|\n|-weather|Snowscape|[upkeep]\n|upkeep\n|turn|2\n|\n|t:|1776569456\n|switch|p1a: Rotom|Rotom-Wash, L50|100/100\n|move|p2b: Incineroar|Parting Shot|p1a: Rotom\n|-unboost|p1a: Rotom|atk|1\n|-unboost|p1a: Rotom|spa|1\n|\n|t:|1776569461\n|switch|p2b: Crabominable|Crabominable, L50, F|100/100|[from] Parting Shot\n|move|p2a: Vanilluxe|Aurora Veil|p2a: Vanilluxe\n|-sidestart|p2: Scepticskep|move: Aurora Veil\n|move|p1b: Incineroar|Parting Shot|p2a: Vanilluxe\n|-unboost|p2a: Vanilluxe|atk|1\n|-unboost|p2a: Vanilluxe|spa|1\n|\n|t:|1776569468\n|switch|p1b: Charizard|Charizard-Mega-Y, L50, F|89/100|[from] Parting Shot\n|-weather|SunnyDay|[from] ability: Drought|[of] p1b: Charizard\n|\n|-weather|SunnyDay|[upkeep]\n|upkeep\n|turn|3\n|\n|t:|1776569488\n|move|p1a: Rotom|Trick||[still]\n|-fail|p1a: Rotom\n|move|p1b: Charizard|Heat Wave|p2a: Vanilluxe|[spread] p2a,p2b\n|-supereffective|p2a: Vanilluxe|1\n|-supereffective|p2b: Crabominable|1\n|-damage|p2a: Vanilluxe|42/100\n|-damage|p2b: Crabominable|27/100\n|move|p2a: Vanilluxe|Frost Breath|p2b: Crabominable\n|-resisted|p2b: Crabominable|1\n|-crit|p2b: Crabominable\n|-damage|p2b: Crabominable|11/100\n|-setboost|p2b: Crabominable|atk|6|[from] ability: Anger Point\n|move|p2b: Crabominable|Ice Hammer|p1b: Charizard\n|-damage|p1b: Charizard|0 fnt\n|-unboost|p2b: Crabominable|spe|1\n|faint|p1b: Charizard\n|\n|-weather|SunnyDay|[upkeep]\n|upkeep\n|\n|t:|1776569510\n|switch|p1b: Venusaur|Venusaur, L50, F|100/100\n|turn|4\n|\n|t:|1776569525\n|detailschange|p2b: Crabominable|Crabominable-Mega, L50, F\n|-mega|p2b: Crabominable|Crabominable|Crabominite\n|move|p2b: Crabominable|Protect|p2b: Crabominable\n|-singleturn|p2b: Crabominable|Protect\n|move|p1b: Venusaur|Earth Power|p2b: Crabominable\n|-activate|p2b: Crabominable|move: Protect\n|move|p1a: Rotom|Trick|p2a: Vanilluxe\n|-activate|p1a: Rotom|move: Trick|[of] p2a: Vanilluxe\n|-item|p2a: Vanilluxe|Choice Scarf|[from] move: Trick\n|-item|p1a: Rotom|Mental Herb|[from] move: Trick\n|move|p2a: Vanilluxe|Snowscape|p2a: Vanilluxe\n|-weather|Snowscape\n|\n|-weather|Snowscape|[upkeep]\n|upkeep\n|turn|5\n|\n|t:|1776569548\n|switch|p2a: Incineroar|Incineroar, L50, M|91/100\n|-ability|p2a: Incineroar|Intimidate|boost\n|-unboost|p1a: Rotom|atk|1\n|-unboost|p1b: Venusaur|atk|1\n|move|p2b: Crabominable|Mach Punch|p1a: Rotom\n|-damage|p1a: Rotom|0 fnt\n|faint|p1a: Rotom\n|move|p1b: Venusaur|Sludge Bomb|p2a: Incineroar\n|-damage|p2a: Incineroar|58/100\n|\n|-weather|Snowscape|[upkeep]\n|upkeep\n|\n|t:|1776569557\n|switch|p1a: Incineroar|Incineroar, L50, F|100/100\n|-ability|p1a: Incineroar|Intimidate|boost\n|-unboost|p2a: Incineroar|atk|1\n|-unboost|p2b: Crabominable|atk|1\n|turn|6\n|\n|t:|1776569572\n|move|p2b: Crabominable|Protect|p2b: Crabominable\n|-singleturn|p2b: Crabominable|Protect\n|move|p1a: Incineroar|Fake Out|p2b: Crabominable\n|-activate|p2b: Crabominable|move: Protect\n|move|p1b: Venusaur|Sludge Bomb|p2b: Crabominable\n|-activate|p2b: Crabominable|move: Protect\n|move|p2a: Incineroar|Parting Shot|p1b: Venusaur\n|-unboost|p1b: Venusaur|atk|1\n|-unboost|p1b: Venusaur|spa|1\n|\n|t:|1776569581\n|switch|p2a: Farigiraf|Farigiraf, L50, M|100/100|[from] Parting Shot\n|\n|-weather|Snowscape|[upkeep]\n|-sideend|p2: Scepticskep|move: Aurora Veil\n|upkeep\n|turn|7\n|\n|t:|1776569590\n|move|p2b: Crabominable|Mach Punch|p1a: Incineroar\n|-supereffective|p1a: Incineroar|1\n|-damage|p1a: Incineroar|0 fnt\n|faint|p1a: Incineroar\n|move|p1b: Venusaur|Sludge Bomb|p2b: Crabominable\n|-damage|p2b: Crabominable|0 fnt\n|faint|p2b: Crabominable\n|move|p2a: Farigiraf|Twin Beam|p1b: Venusaur\n|-supereffective|p1b: Venusaur|1\n|-damage|p1b: Venusaur|65/100\n|-supereffective|p1b: Venusaur|1\n|-crit|p1b: Venusaur\n|-damage|p1b: Venusaur|6/100\n|-hitcount|p1b: Venusaur|2\n|\n|-weather|Snowscape|[upkeep]\n|upkeep\n|\n|t:|1776569599\n|switch|p2b: Incineroar|Incineroar, L50, M|58/100\n|-ability|p2b: Incineroar|Intimidate|boost\n|-unboost|p1b: Venusaur|atk|1\n|turn|8\n|\n|t:|1776569606\n|move|p1b: Venusaur|Sleep Powder|p2b: Incineroar\n|-status|p2b: Incineroar|slp|[from] move: Sleep Powder\n|cant|p2b: Incineroar|slp\n|move|p2a: Farigiraf|Twin Beam|p1b: Venusaur\n|-supereffective|p1b: Venusaur|1\n|-damage|p1b: Venusaur|0 fnt\n|faint|p1b: Venusaur\n|-hitcount|p1: Venusaur|1\n|\n|win|Scepticskep\n|raw|Aurum38's rating: 1160 &rarr; <strong>1129</strong><br />(-31 for losing)\n|raw|Scepticskep's rating: 1081 &rarr; <strong>1115</strong><br />(+34 for winning)\n",
  "uploadtime": 1776569610,
  "views": 7,
  "formatid": "gen9championsvgc2026regma",
  "rating": 1115,
  "private": 0,
  "password": null
}