{
  "id": "gen9championsvgc2026regma-2583868831",
  "format": "[Gen 9 Champions] VGC 2026 Reg M-A",
  "players": [
    "SleepySilver07",
    "policho98"
  ],
  "log": "|j|\u2606SleepySilver07\n|j|\u2606policho98\n|t:|1776204062\n|gametype|doubles\n|player|p1|SleepySilver07|1|1367\n|player|p2|policho98|pokemonranger|1583\n|gen|9\n|tier|[Gen 9 Champions] VGC 2026 Reg M-A\n|rated|\n|rule|Species Clause: Limit one of each Pok\u00e9mon\n|rule|Item Clause: Limit 1 of each item\n|clearpoke\n|poke|p1|Tyranitar, L50, F|\n|poke|p1|Garchomp, L50, M|\n|poke|p1|Aerodactyl, L50, M|\n|poke|p1|Corviknight, L50, F|\n|poke|p1|Rotom-Wash, L50|\n|poke|p1|Meganium, L50, F|\n|poke|p2|Garchomp, L50, F|\n|poke|p2|Kingambit, L50, M|\n|poke|p2|Charizard, L50, F|\n|poke|p2|Sneasler, L50, F|\n|poke|p2|Maushold, L50|\n|poke|p2|Dragapult, L50, F|\n|teampreview|4\n|inactive|Battle timer is ON: inactive players will automatically lose when time's up. (requested by policho98)\n|inactive|SleepySilver07 has 60 seconds left.\n|\n|t:|1776204138\n|teamsize|p1|4\n|teamsize|p2|4\n|start\n|switch|p1a: Aerodactyl|Aerodactyl, L50, M|100/100\n|switch|p1b: Garchomp|Garchomp, L50, M|100/100\n|switch|p2a: Sneasler|Sneasler, L50, F|100/100\n|switch|p2b: Garchomp|Garchomp, L50, F|100/100\n|-ability|p1a: Aerodactyl|Unnerve\n|turn|1\n|\n|t:|1776204157\n|move|p2a: Sneasler|Feint|p1a: Aerodactyl\n|-resisted|p1a: Aerodactyl|1\n|-damage|p1a: Aerodactyl|93/100\n|move|p2b: Garchomp|Rock Slide|p1b: Garchomp|[spread] p1a,p1b\n|-supereffective|p1a: Aerodactyl|1\n|-resisted|p1b: Garchomp|1\n|-damage|p1a: Aerodactyl|28/100\n|-damage|p1b: Garchomp|90/100\n|move|p1a: Aerodactyl|Dual Wingbeat|p2a: Sneasler\n|-supereffective|p2a: Sneasler|1\n|-damage|p2a: Sneasler|36/100\n|-supereffective|p2a: Sneasler|1\n|-damage|p2a: Sneasler|0 fnt\n|faint|p2a: Sneasler\n|-hitcount|p2: Sneasler|2\n|cant|p1b: Garchomp|flinch\n|\n|upkeep\n|\n|t:|1776204172\n|switch|p2a: Dragapult|Dragapult, L50, F|100/100\n|turn|2\n|\n|t:|1776204182\n|switch|p1a: Corviknight|Corviknight, L50, F|100/100\n|move|p2b: Garchomp|Rock Slide|p1b: Garchomp|[spread] p1b\n|-miss|p2b: Garchomp|p1a: Corviknight\n|-resisted|p1b: Garchomp|1\n|-damage|p1b: Garchomp|79/100\n|move|p2a: Dragapult|Draco Meteor|p1b: Garchomp\n|-supereffective|p1b: Garchomp|1\n|-damage|p1b: Garchomp|0 fnt\n|-unboost|p2a: Dragapult|spa|2\n|faint|p1b: Garchomp\n|\n|upkeep\n|\n|t:|1776204186\n|switch|p1b: Aerodactyl|Aerodactyl, L50, M|28/100\n|-ability|p1b: Aerodactyl|Unnerve\n|turn|3\n|\n|t:|1776204200\n|move|p1b: Aerodactyl|Protect|p1b: Aerodactyl\n|-singleturn|p1b: Aerodactyl|Protect\n|move|p2b: Garchomp|Rock Slide|p1a: Corviknight|[spread] p1a\n|-activate|p1b: Aerodactyl|move: Protect\n|-damage|p1a: Corviknight|82/100\n|move|p2a: Dragapult|Will-O-Wisp|p1a: Corviknight\n|-status|p1a: Corviknight|brn\n|move|p1a: Corviknight|Iron Defense|p1a: Corviknight\n|-boost|p1a: Corviknight|def|2\n|\n|-heal|p1a: Corviknight|88/100 brn|[from] item: Leftovers\n|-damage|p1a: Corviknight|82/100 brn|[from] brn\n|upkeep\n|turn|4\n|\n|t:|1776204215\n|switch|p1b: Tyranitar|Tyranitar, L50, F|100/100\n|-weather|Sandstorm|[from] ability: Sand Stream|[of] p1b: Tyranitar\n|move|p2b: Garchomp|Rock Slide|p1b: Tyranitar|[spread] p1a,p1b\n|-damage|p1a: Corviknight|73/100 brn\n|-damage|p1b: Tyranitar|84/100\n|move|p2a: Dragapult|Shadow Ball|p1a: Corviknight\n|-damage|p1a: Corviknight|61/100 brn\n|move|p1a: Corviknight|Iron Defense|p1a: Corviknight\n|-boost|p1a: Corviknight|def|2\n|\n|-weather|Sandstorm|[upkeep]\n|-damage|p2a: Dragapult|94/100|[from] Sandstorm\n|-heal|p1a: Corviknight|67/100 brn|[from] item: Leftovers\n|-damage|p1a: Corviknight|61/100 brn|[from] brn\n|upkeep\n|turn|5\n|\n|t:|1776204233\n|detailschange|p1b: Tyranitar|Tyranitar-Mega, L50, F\n|-mega|p1b: Tyranitar|Tyranitar|Tyranitarite\n|move|p2b: Garchomp|Rock Slide|p1b: Tyranitar|[spread] p1a,p1b\n|-damage|p1a: Corviknight|56/100 brn\n|-damage|p1b: Tyranitar|70/100\n|move|p2a: Dragapult|Will-O-Wisp|p1b: Tyranitar\n|-status|p1b: Tyranitar|brn\n|move|p1b: Tyranitar|Knock Off|p2a: Dragapult\n|-supereffective|p2a: Dragapult|1\n|-damage|p2a: Dragapult|10/100\n|-enditem|p2a: Dragapult|Lum Berry|[from] move: Knock Off|[of] p1b: Tyranitar\n|move|p1a: Corviknight|Roost|p1a: Corviknight\n|-heal|p1a: Corviknight|100/100 brn\n|-singleturn|p1a: Corviknight|move: Roost\n|\n|-weather|Sandstorm|[upkeep]\n|-damage|p2a: Dragapult|4/100|[from] Sandstorm\n|-damage|p1b: Tyranitar|65/100 brn|[from] brn\n|-damage|p1a: Corviknight|95/100 brn|[from] brn\n|upkeep\n|turn|6\n|\n|t:|1776204258\n|move|p2b: Garchomp|Rock Slide|p1b: Tyranitar|[spread] p1a,p1b\n|-damage|p1a: Corviknight|89/100 brn\n|-damage|p1b: Tyranitar|53/100 brn\n|move|p2a: Dragapult|Draco Meteor|p1b: Tyranitar\n|-damage|p1b: Tyranitar|39/100 brn\n|-unboost|p2a: Dragapult|spa|2\n|cant|p1b: Tyranitar|flinch\n|cant|p1a: Corviknight|flinch\n|\n|-weather|Sandstorm|[upkeep]\n|-damage|p2a: Dragapult|0 fnt|[from] Sandstorm\n|faint|p2a: Dragapult\n|-heal|p1a: Corviknight|95/100 brn|[from] item: Leftovers\n|-damage|p1b: Tyranitar|34/100 brn|[from] brn\n|-damage|p1a: Corviknight|89/100 brn|[from] brn\n|upkeep\n|\n|t:|1776204273\n|switch|p2a: Charizard|Charizard, L50, F|100/100\n|turn|7\n|\n|t:|1776204287\n|detailschange|p2a: Charizard|Charizard-Mega-Y, L50, F\n|-mega|p2a: Charizard|Charizard|Charizardite Y\n|-weather|SunnyDay|[from] ability: Drought|[of] p2a: Charizard\n|move|p2a: Charizard|Protect|p2a: Charizard\n|-singleturn|p2a: Charizard|Protect\n|move|p2b: Garchomp|Rock Slide|p1b: Tyranitar|[spread] p1a,p1b\n|-damage|p1a: Corviknight|83/100 brn\n|-damage|p1b: Tyranitar|20/100 brn\n|move|p1b: Tyranitar|Rock Slide|p2b: Garchomp|[spread] p2b\n|-activate|p2a: Charizard|move: Protect\n|-resisted|p2b: Garchomp|1\n|-damage|p2b: Garchomp|93/100\n|move|p1a: Corviknight|Body Press|p2b: Garchomp\n|-crit|p2b: Garchomp\n|-damage|p2b: Garchomp|47/100\n|-damage|p1a: Corviknight|71/100 brn|[from] ability: Rough Skin|[of] p2b: Garchomp\n|\n|-weather|SunnyDay|[upkeep]\n|-heal|p1a: Corviknight|77/100 brn|[from] item: Leftovers\n|-damage|p1b: Tyranitar|14/100 brn|[from] brn\n|-damage|p1a: Corviknight|71/100 brn|[from] brn\n|upkeep\n|turn|8\n|\n|t:|1776204308\n|move|p2b: Garchomp|Rock Slide|p1a: Corviknight|[spread] p1a\n|-miss|p2b: Garchomp|p1b: Tyranitar\n|-damage|p1a: Corviknight|65/100 brn\n|move|p2a: Charizard|Heat Wave|p1a: Corviknight|[spread] p1a,p1b\n|-supereffective|p1a: Corviknight|1\n|-resisted|p1b: Tyranitar|1\n|-damage|p1a: Corviknight|0 fnt\n|-damage|p1b: Tyranitar|0 fnt\n|faint|p1a: Corviknight\n|faint|p1b: Tyranitar\n|\n|-weather|SunnyDay|[upkeep]\n|upkeep\n|\n|t:|1776204314\n|switch|p1b: Aerodactyl|Aerodactyl, L50, M|28/100\n|-ability|p1b: Aerodactyl|Unnerve\n|turn|9\n|\n|t:|1776204321\n|move|p2a: Charizard|Protect|p2a: Charizard\n|-singleturn|p2a: Charizard|Protect\n|move|p2b: Garchomp|Rock Slide|p1b: Aerodactyl\n|-supereffective|p1b: Aerodactyl|1\n|-damage|p1b: Aerodactyl|0 fnt\n|faint|p1b: Aerodactyl\n|\n|win|policho98\n|raw|SleepySilver07's rating: 1367 &rarr; <strong>1358</strong><br />(-9 for losing)\n|raw|policho98's rating: 1583 &rarr; <strong>1592</strong><br />(+9 for winning)\n",
  "uploadtime": 1776204769,
  "views": 31,
  "formatid": "gen9championsvgc2026regma",
  "rating": 1358,
  "private": 0,
  "password": null
}