{
  "id": "gen9championsvgc2026regma-2582333591",
  "format": "[Gen 9 Champions] VGC 2026 Reg M-A",
  "players": [
    "SinisterMist",
    "On the wave now"
  ],
  "log": "|j|\u2606SinisterMist\n|j|\u2606On the wave now\n|t:|1776084189\n|gametype|doubles\n|player|p1|SinisterMist|cheren-gen5bw2|1183\n|player|p2|On the wave now|ruinmaniac|1132\n|gen|9\n|tier|[Gen 9 Champions] VGC 2026 Reg M-A\n|rated|\n|rule|Species Clause: Limit one of each Pok\u00e9mon\n|rule|Item Clause: Limit 1 of each item\n|clearpoke\n|poke|p1|Politoed, L50, M|\n|poke|p1|Gengar, L50, M|\n|poke|p1|Archaludon, L50, F|\n|poke|p1|Blastoise, L50, F|\n|poke|p1|Raichu, L50, F|\n|poke|p1|Sinistcha, L50|\n|poke|p2|Delphox, L50, M|\n|poke|p2|Sneasler, L50, M|\n|poke|p2|Ninetales, L50, M|\n|poke|p2|Milotic, L50, M|\n|poke|p2|Venusaur, L50, M|\n|poke|p2|Whimsicott, L50, M|\n|teampreview|4\nOn the wave now has agreed to open team sheets.\n|c|\u2606On the wave now|glhf\n|l|\u2606On the wave now\n|player|p2|\n|j|\u2606On the wave now\n|player|p2|On the wave now|ruinmaniac|\n|\n|t:|1776084265\n|teamsize|p1|4\n|teamsize|p2|4\n|start\n|switch|p1a: D1 Gengar|Gengar, L50, M|100/100\n|switch|p1b: D1 Raichu|Raichu, L50, F|100/100\n|switch|p2a: Whimsicott|Whimsicott, L50, M|100/100\n|switch|p2b: Delphox|Delphox, L50, M|100/100\n|turn|1\n|l|\u2606On the wave now\n|player|p2|\n|j|\u2606On the wave now\n|player|p2|On the wave now|ruinmaniac|\n|\n|t:|1776084315\n|detailschange|p1a: D1 Gengar|Gengar-Mega, L50, M\n|-mega|p1a: D1 Gengar|Gengar|Gengarite\n|detailschange|p2b: Delphox|Delphox-Mega, L50, M\n|-mega|p2b: Delphox|Delphox|Delphoxite\n|move|p1b: D1 Raichu|Fake Out|p2a: Whimsicott\n|-damage|p2a: Whimsicott|87/100\n|cant|p2a: Whimsicott|flinch\n|move|p2b: Delphox|Heat Wave|p1a: D1 Gengar|[spread] p1a,p1b\n|-damage|p1a: D1 Gengar|38/100\n|-damage|p1b: D1 Raichu|44/100\n|move|p1a: D1 Gengar|Shadow Ball|p2b: Delphox\n|-supereffective|p2b: Delphox|1\n|-crit|p2b: Delphox\n|-damage|p2b: Delphox|0 fnt\n|faint|p2b: Delphox\n|\n|upkeep\n|\n|t:|1776084335\n|switch|p2b: Venusaur|Venusaur, L50, M|100/100\n|turn|2\n|\n|t:|1776084358\n|switch|p1a: Muerte|Politoed, L50, M|100/100\n|-weather|RainDance|[from] ability: Drizzle|[of] p1a: Muerte\n|move|p2a: Whimsicott|Sunny Day|p2a: Whimsicott\n|-weather|SunnyDay\n|move|p2b: Venusaur|Sleep Powder|p1a: Muerte\n|-status|p1a: Muerte|slp|[from] move: Sleep Powder\n|move|p1b: D1 Raichu|Nuzzle|p2b: Venusaur\n|-resisted|p2b: Venusaur|1\n|-damage|p2b: Venusaur|96/100\n|-status|p2b: Venusaur|par\n|\n|-weather|SunnyDay|[upkeep]\n|upkeep\n|turn|3\n|\n|t:|1776084387\n|switch|p1b: Performative Ahh|Sinistcha, L50|100/100\n|switch|p1a: D1 Gengar|Gengar-Mega, L50, M|38/100\n|move|p2a: Whimsicott|Moonblast|p1b: Performative Ahh\n|-damage|p1b: Performative Ahh|40/100\n|move|p2b: Venusaur|Giga Drain|p1b: Performative Ahh\n|-resisted|p1b: Performative Ahh|1\n|-damage|p1b: Performative Ahh|13/100\n|-heal|p2b: Venusaur|100/100 par|[from] drain|[of] p1b: Performative Ahh\n|\n|-weather|SunnyDay|[upkeep]\n|upkeep\n|turn|4\n|\n|t:|1776084409\n|switch|p1b: Muerte|Politoed, L50, M|100/100 slp\n|-weather|RainDance|[from] ability: Drizzle|[of] p1b: Muerte\n|move|p2a: Whimsicott|Fake Tears|p1a: D1 Gengar\n|-unboost|p1a: D1 Gengar|spd|2\n|move|p1a: D1 Gengar|Sludge Wave|p2a: Whimsicott|[spread] p1b,p2a,p2b\n|-supereffective|p2a: Whimsicott|2\n|-damage|p1b: Muerte|68/100 slp\n|-damage|p2a: Whimsicott|0 fnt\n|-damage|p2b: Venusaur|54/100 par\n|faint|p2a: Whimsicott\n|move|p2b: Venusaur|Giga Drain|p1a: D1 Gengar\n|-resisted|p1a: D1 Gengar|1\n|-damage|p1a: D1 Gengar|0 fnt\n|-heal|p2b: Venusaur|70/100 par|[from] drain|[of] p1a: D1 Gengar\n|faint|p1a: D1 Gengar\n|\n|-weather|RainDance|[upkeep]\n|upkeep\n|\n|t:|1776084420\n|switch|p1a: D1 Raichu|Raichu, L50, F|44/100\n|switch|p2a: Sneasler|Sneasler, L50, M|100/100\n|turn|5\n|\n|t:|1776084436\n|move|p2a: Sneasler|Fake Out|p1a: D1 Raichu\n|-damage|p1a: D1 Raichu|19/100\n|cant|p1a: D1 Raichu|flinch\n|cant|p1b: Muerte|slp\n|move|p2b: Venusaur|Giga Drain|p1b: Muerte\n|-supereffective|p1b: Muerte|1\n|-damage|p1b: Muerte|18/100 slp\n|-heal|p2b: Venusaur|100/100 par|[from] drain|[of] p1b: Muerte\n|\n|-weather|RainDance|[upkeep]\n|upkeep\n|turn|6\n|\n|t:|1776084450\n|move|p2a: Sneasler|Dire Claw|p1a: D1 Raichu\n|-damage|p1a: D1 Raichu|0 fnt\n|faint|p1a: D1 Raichu\n|-curestatus|p1b: Muerte|slp|[msg]\n|move|p1b: Muerte|Perish Song|p1b: Muerte\n|-start|p1b: Muerte|perish3|[silent]\n|-start|p2a: Sneasler|perish3|[silent]\n|-start|p2b: Venusaur|perish3|[silent]\n|-fieldactivate|move: Perish Song\n|move|p2b: Venusaur|Giga Drain|p1b: Muerte\n|-supereffective|p1b: Muerte|1\n|-damage|p1b: Muerte|0 fnt\n|faint|p1b: Muerte\n|\n|-weather|RainDance|[upkeep]\n|-start|p2a: Sneasler|perish3\n|-start|p2b: Venusaur|perish3\n|upkeep\n|\n|t:|1776084454\n|switch|p1b: Performative Ahh|Sinistcha, L50|13/100\n|turn|7\n|\n|t:|1776084461\n|move|p2a: Sneasler|Dire Claw|p1b: Performative Ahh\n|-damage|p1b: Performative Ahh|0 fnt\n|faint|p1b: Performative Ahh\n|\n|win|On the wave now\n|raw|SinisterMist's rating: 1183 &rarr; <strong>1154</strong><br />(-29 for losing)\n|raw|On the wave now's rating: 1132 &rarr; <strong>1161</strong><br />(+29 for winning)\n|c|\u2606On the wave now|gg\n",
  "uploadtime": 1776084466,
  "views": 11,
  "formatid": "gen9championsvgc2026regma",
  "rating": 1154,
  "private": 0,
  "password": null
}