{
  "id": "gen9championsvgc2026regma-2584124894",
  "format": "[Gen 9 Champions] VGC 2026 Reg M-A",
  "players": [
    "Corbinc",
    "xXFortniteGamerXx"
  ],
  "log": "|j|\u2606Corbinc\n|j|\u2606xXFortniteGamerXx\n|t:|1776227887\n|gametype|doubles\n|player|p1|Corbinc|ghetsis-gen5bw|1022\n|player|p2|xXFortniteGamerXx|169|1074\n|gen|9\n|tier|[Gen 9 Champions] VGC 2026 Reg M-A\n|rated|\n|rule|Species Clause: Limit one of each Pok\u00e9mon\n|rule|Item Clause: Limit 1 of each item\n|clearpoke\n|poke|p1|Crabominable, L50, M|\n|poke|p1|Abomasnow, L50, F|\n|poke|p1|Sableye, L50, M|\n|poke|p1|Golurk, L50|\n|poke|p1|Farigiraf, L50, F|\n|poke|p1|Ninetales-Alola, L50, M|\n|poke|p2|Glimmora, L50, F|\n|poke|p2|Incineroar, L50, M|\n|poke|p2|Garchomp, L50, M|\n|poke|p2|Orthworm, L50, M|\n|poke|p2|Weavile, L50, F|\n|poke|p2|Rotom-Wash, L50|\n|teampreview|4\n|\n|t:|1776227912\n|teamsize|p1|4\n|teamsize|p2|4\n|start\n|switch|p1a: Abomasnow|Abomasnow, L50, F|100/100\n|switch|p1b: Farigiraf|Farigiraf, L50, F|100/100\n|switch|p2a: Incineroar|Incineroar, L50, M|100/100\n|switch|p2b: Weavile|Weavile, L50, F|100/100\n|-ability|p2b: Weavile|Pressure\n|-weather|Snowscape|[from] ability: Snow Warning|[of] p1a: Abomasnow\n|-ability|p2a: Incineroar|Intimidate|boost\n|-unboost|p1a: Abomasnow|atk|1\n|-unboost|p1b: Farigiraf|atk|1\n|turn|1\n|\n|t:|1776227925\n|move|p2b: Weavile|Knock Off|p1b: Farigiraf\n|-supereffective|p1b: Farigiraf|1\n|-damage|p1b: Farigiraf|0 fnt\n|-enditem|p1b: Farigiraf|Mental Herb|[from] move: Knock Off|[of] p2b: Weavile\n|faint|p1b: Farigiraf\n|move|p1a: Abomasnow|Frost Breath|p1: Farigiraf|[notarget]\n|-fail|p1a: Abomasnow\n|move|p2a: Incineroar|Parting Shot|p1a: Abomasnow\n|-unboost|p1a: Abomasnow|atk|1\n|-unboost|p1a: Abomasnow|spa|1\n|\n|t:|1776227934\n|switch|p2a: Rotom|Rotom-Wash, L50|100/100|[from] Parting Shot\n|\n|-weather|Snowscape|[upkeep]\n|upkeep\n|\n|t:|1776227943\n|switch|p1b: Ninetales|Ninetales-Alola, L50, M|100/100\n|turn|2\n|inactive|Battle timer is ON: inactive players will automatically lose when time's up. (requested by Corbinc)\n|\n|t:|1776227964\n|switch|p1b: Crabominable|Crabominable, L50, M|100/100\n|move|p2b: Weavile|Knock Off|p1a: Abomasnow\n|-damage|p1a: Abomasnow|62/100\n|-enditem|p1a: Abomasnow|Focus Sash|[from] move: Knock Off|[of] p2b: Weavile\n|move|p1a: Abomasnow|Frost Breath|p1b: Crabominable\n|-resisted|p1b: Crabominable|1\n|-crit|p1b: Crabominable\n|-damage|p1b: Crabominable|89/100\n|-setboost|p1b: Crabominable|atk|6|[from] ability: Anger Point\n|move|p2a: Rotom|Volt Switch|p1b: Crabominable\n|-damage|p1b: Crabominable|58/100\n|\n|t:|1776227971\n|switch|p2a: Glimmora|Glimmora, L50, F|100/100|[from] Volt Switch\n|\n|-weather|Snowscape|[upkeep]\n|upkeep\n|turn|3\n|inactive|xXFortniteGamerXx has 30 seconds left.\n|\n|t:|1776227998\n|detailschange|p1b: Crabominable|Crabominable-Mega, L50, M\n|-mega|p1b: Crabominable|Crabominable|Crabominite\n|move|p2a: Glimmora|Spiky Shield|p2a: Glimmora\n|-singleturn|p2a: Glimmora|move: Protect\n|move|p2b: Weavile|Knock Off|p1b: Crabominable\n|-resisted|p1b: Crabominable|1\n|-damage|p1b: Crabominable|50/100\n|move|p1a: Abomasnow|Aurora Veil|p1a: Abomasnow\n|-sidestart|p1: Corbinc|move: Aurora Veil\n|move|p1b: Crabominable|Drain Punch|p2b: Weavile\n|-supereffective|p2b: Weavile|2\n|-enditem|p2b: Weavile|Focus Sash\n|-damage|p2b: Weavile|1/100\n|-heal|p1b: Crabominable|86/100|[from] drain|[of] p2b: Weavile\n|\n|-weather|Snowscape|[upkeep]\n|upkeep\n|turn|4\n|\n|t:|1776228021\n|switch|p2b: Incineroar|Incineroar, L50, M|100/100\n|-ability|p2b: Incineroar|Intimidate|boost\n|-unboost|p1a: Abomasnow|atk|1\n|-unboost|p1b: Crabominable|atk|1\n|detailschange|p2a: Glimmora|Glimmora-Mega, L50, F\n|-mega|p2a: Glimmora|Glimmora|Glimmoranite\n|move|p2a: Glimmora|Power Gem|p1b: Crabominable\n|-crit|p1b: Crabominable\n|-damage|p1b: Crabominable|25/100\n|move|p1a: Abomasnow|Frost Breath|p2a: Glimmora\n|-crit|p2a: Glimmora\n|-damage|p2a: Glimmora|70/100\n|move|p1b: Crabominable|Earthquake|p2a: Glimmora|[spread] p1a,p2a,p2b\n|-resisted|p1a: Abomasnow|1\n|-supereffective|p2a: Glimmora|2\n|-crit|p2a: Glimmora\n|-supereffective|p2b: Incineroar|1\n|-damage|p1a: Abomasnow|39/100\n|-damage|p2a: Glimmora|0 fnt\n|-damage|p2b: Incineroar|0 fnt\n|faint|p2a: Glimmora\n|faint|p2b: Incineroar\n|\n|-weather|Snowscape|[upkeep]\n|upkeep\n|\n|t:|1776228025\n|switch|p2a: Rotom|Rotom-Wash, L50|100/100\n|switch|p2b: Weavile|Weavile, L50, F|1/100\n|-ability|p2b: Weavile|Pressure\n|turn|5\n|\n|t:|1776228046\n|move|p2b: Weavile|Fake Out|p1a: Abomasnow\n|-damage|p1a: Abomasnow|32/100\n|cant|p1a: Abomasnow|flinch\n|move|p2a: Rotom|Hydro Pump|p1b: Crabominable\n|-damage|p1b: Crabominable|1/100\n|move|p1b: Crabominable|Drain Punch|p2a: Rotom\n|-damage|p2a: Rotom|0 fnt\n|-heal|p1b: Crabominable|39/100|[from] drain|[of] p2a: Rotom\n|faint|p2a: Rotom\n|\n|-weather|none\n|upkeep\n|turn|6\n|-message|xXFortniteGamerXx forfeited.\n|\n|win|Corbinc\n|raw|Corbinc's rating: 1022 &rarr; <strong>1064</strong><br />(+42 for winning)\n|raw|xXFortniteGamerXx's rating: 1074 &rarr; <strong>1050</strong><br />(-24 for losing)\n|l|\u2606xXFortniteGamerXx\n|player|p2|\n",
  "uploadtime": 1776228061,
  "views": 25,
  "formatid": "gen9championsvgc2026regma",
  "rating": 1050,
  "private": 0,
  "password": null
}