{
  "id": "gen9championsvgc2026regma-2585284003",
  "format": "[Gen 9 Champions] VGC 2026 Reg M-A",
  "players": [
    "pmtang",
    "kaiaga"
  ],
  "log": "|j|\u2606pmtang\n|j|\u2606kaiaga\n|t:|1776333677\n|gametype|doubles\n|player|p1|pmtang|az|1024\n|player|p2|kaiaga|koga|1050\n|gen|9\n|tier|[Gen 9 Champions] VGC 2026 Reg M-A\n|rated|\n|rule|Species Clause: Limit one of each Pok\u00e9mon\n|rule|Item Clause: Limit 1 of each item\n|clearpoke\n|poke|p1|Tyrantrum, L50, M|\n|poke|p1|Sinistcha, L50|\n|poke|p1|Floette-Eternal, L50, F|\n|poke|p1|Talonflame, L50, M|\n|poke|p1|Kangaskhan, L50, F|\n|poke|p1|Feraligatr, L50, M|\n|poke|p2|Toxapex, L50, M|\n|poke|p2|Gengar, L50, M|\n|poke|p2|Typhlosion-Hisui, L50, M|\n|poke|p2|Gliscor, L50, M|\n|poke|p2|Glimmora, L50, F|\n|poke|p2|Clefable, L50, F|\n|teampreview|4\n|inactive|Battle timer is ON: inactive players will automatically lose when time's up. (requested by pmtang)\n|\n|t:|1776333737\n|teamsize|p1|4\n|teamsize|p2|4\n|start\n|switch|p1a: Talonflame|Talonflame, L50, M|100/100\n|switch|p1b: Feraligatr|Feraligatr, L50, M|100/100\n|switch|p2a: Glimmora|Glimmora, L50, F|100/100\n|switch|p2b: Clefable|Clefable, L50, F|100/100\n|turn|1\n|inactive|pmtang has 30 seconds left.\n|\n|t:|1776333766\n|detailschange|p2a: Glimmora|Glimmora-Mega, L50, F\n|-mega|p2a: Glimmora|Glimmora|Glimmoranite\n|move|p2b: Clefable|Follow Me|p2b: Clefable\n|-singleturn|p2b: Clefable|move: Follow Me\n|move|p1a: Talonflame|Tailwind|p1a: Talonflame\n|-sidestart|p1: pmtang|move: Tailwind\n|move|p1b: Feraligatr|Liquidation|p2b: Clefable\n|-damage|p2b: Clefable|32/100\n|move|p2a: Glimmora|Toxic Spikes|p1a: Talonflame\n|-sidestart|p1: pmtang|move: Toxic Spikes\n|\n|upkeep\n|turn|2\n|\n|t:|1776333789\n|move|p2a: Glimmora|Protect|p2a: Glimmora\n|-singleturn|p2a: Glimmora|Protect\n|move|p1a: Talonflame|Brave Bird|p2b: Clefable\n|-damage|p2b: Clefable|0 fnt\n|faint|p2b: Clefable\n|-damage|p1a: Talonflame|89/100|[from] Recoil\n|move|p1b: Feraligatr|Liquidation|p2a: Glimmora\n|-activate|p2a: Glimmora|move: Protect\n|\n|upkeep\n|\n|t:|1776333803\n|switch|p2b: Gengar|Gengar, L50, M|100/100\n|turn|3\n|\n|t:|1776333816\n|detailschange|p1b: Feraligatr|Feraligatr-Mega, L50, M\n|-mega|p1b: Feraligatr|Feraligatr|Feraligite\n|move|p1a: Talonflame|Brave Bird|p2b: Gengar\n|-damage|p2b: Gengar|0 fnt\n|faint|p2b: Gengar\n|-damage|p1a: Talonflame|60/100|[from] Recoil\n|move|p1b: Feraligatr|Double-Edge|p2a: Glimmora\n|-damage|p2a: Glimmora|12/100\n|-damage|p1b: Feraligatr|67/100|[from] Recoil\n|move|p2a: Glimmora|Toxic|p1a: Talonflame\n|-status|p1a: Talonflame|tox\n|\n|-damage|p1a: Talonflame|54/100 tox|[from] psn\n|upkeep\n|\n|t:|1776333832\n|switch|p2b: Typhlosion|Typhlosion-Hisui, L50, M|100/100\n|-item|p1a: Talonflame|Sharp Beak|[from] ability: Frisk|[of] p2b: Typhlosion\n|-item|p1b: Feraligatr|Feraligite|[from] ability: Frisk|[of] p2b: Typhlosion\n|turn|4\n|\n|t:|1776333848\n|move|p2a: Glimmora|Protect|p2a: Glimmora\n|-singleturn|p2a: Glimmora|Protect\n|move|p1a: Talonflame|Brave Bird|p2a: Glimmora\n|-activate|p2a: Glimmora|move: Protect\n|move|p1b: Feraligatr|Double-Edge|p2b: Typhlosion\n|-damage|p2b: Typhlosion|0 fnt\n|faint|p2b: Typhlosion\n|-damage|p1b: Feraligatr|36/100|[from] Recoil\n|\n|-damage|p1a: Talonflame|42/100 tox|[from] psn\n|-sideend|p1: pmtang|move: Tailwind\n|upkeep\n|turn|5\n|-message|kaiaga forfeited.\n|\n|win|pmtang\n|raw|pmtang's rating: 1024 &rarr; <strong>1063</strong><br />(+39 for winning)\n|raw|kaiaga's rating: 1050 &rarr; <strong>1031</strong><br />(-19 for losing)\n|l|\u2606kaiaga\n|player|p2|\n",
  "uploadtime": 1776333868,
  "views": 22,
  "formatid": "gen9championsvgc2026regma",
  "rating": 1031,
  "private": 0,
  "password": null
}