{
  "id": "gen9championsvgc2026regma-2588258381",
  "format": "[Gen 9 Champions] VGC 2026 Reg M-A",
  "players": [
    "Baconshais",
    "Mistah Boombastic"
  ],
  "log": "|j|\u2606Baconshais\n|j|\u2606Mistah Boombastic\n|t:|1776618747\n|gametype|doubles\n|player|p1|Baconshais|1|1065\n|player|p2|Mistah Boombastic|lusamine-nihilego|1071\n|gen|9\n|tier|[Gen 9 Champions] VGC 2026 Reg M-A\n|rated|\n|rule|Species Clause: Limit one of each Pok\u00e9mon\n|rule|Item Clause: Limit 1 of each item\n|clearpoke\n|poke|p1|Gengar, L50, M, shiny|\n|poke|p1|Politoed, L50, F, shiny|\n|poke|p1|Incineroar, L50, F, shiny|\n|poke|p1|Kingambit, L50, M, shiny|\n|poke|p1|Dragonite, L50, M, shiny|\n|poke|p1|Sneasler, L50, M, shiny|\n|poke|p2|Gengar, L50, M, shiny|\n|poke|p2|Excadrill, L50, F|\n|poke|p2|Gardevoir, L50, M|\n|poke|p2|Aerodactyl, L50, M|\n|poke|p2|Sneasler, L50, F|\n|poke|p2|Basculegion-F, L50, F|\n|teampreview|4\n|inactive|Battle timer is ON: inactive players will automatically lose when time's up. (requested by Mistah Boombastic)\n|\n|t:|1776618773\n|teamsize|p1|4\n|teamsize|p2|4\n|start\n|switch|p1a: Gengar|Gengar, L50, M, shiny|100/100\n|switch|p1b: Incineroar|Incineroar, L50, F, shiny|100/100\n|switch|p2a: Basculegion|Basculegion-F, L50, F|100/100\n|switch|p2b: Gengar|Gengar, L50, M, shiny|100/100\n|-ability|p1b: Incineroar|Intimidate|boost\n|-unboost|p2a: Basculegion|atk|1\n|-unboost|p2b: Gengar|atk|1\n|turn|1\n|inactive|Baconshais has 30 seconds left.\n|\n|t:|1776618804\n|switch|p1b: Dragonite|Dragonite, L50, M, shiny|100/100\n|detailschange|p1a: Gengar|Gengar-Mega, L50, M, shiny\n|-mega|p1a: Gengar|Gengar|Gengarite\n|detailschange|p2b: Gengar|Gengar-Mega, L50, M, shiny\n|-mega|p2b: Gengar|Gengar|Gengarite\n|move|p2b: Gengar|Protect|p2b: Gengar\n|-singleturn|p2b: Gengar|Protect\n|move|p2a: Basculegion|Surf|p1b: Dragonite|[spread] p1a,p1b\n|-activate|p2b: Gengar|move: Protect\n|-resisted|p1b: Dragonite|1\n|-damage|p1a: Gengar|49/100\n|-damage|p1b: Dragonite|90/100\n|move|p1a: Gengar|Shadow Ball|p2b: Gengar\n|-activate|p2b: Gengar|move: Protect\n|\n|-heal|p1b: Dragonite|96/100|[from] item: Leftovers\n|upkeep\n|turn|2\n|inactive|Baconshais has 30 seconds left.\n|\n|t:|1776618832\n|switch|p2b: Gardevoir|Gardevoir, L50, M|100/100\n|move|p1a: Gengar|Protect|p1a: Gengar\n|-singleturn|p1a: Gengar|Protect\n|move|p2a: Basculegion|Surf|p1a: Gengar|[spread] p1b\n|-activate|p1a: Gengar|move: Protect\n|-activate|p2b: Gardevoir|ability: Telepathy\n|-resisted|p1b: Dragonite|1\n|-damage|p1b: Dragonite|73/100\n|move|p1b: Dragonite|Draco Meteor|p2b: Gardevoir\n|-immune|p2b: Gardevoir\n|\n|-heal|p1b: Dragonite|79/100|[from] item: Leftovers\n|upkeep\n|turn|3\n|inactive|Baconshais has 30 seconds left.\n|\n|t:|1776618858\n|switch|p1b: Politoed|Politoed, L50, F, shiny|100/100\n|-weather|RainDance|[from] ability: Drizzle|[of] p1b: Politoed\n|move|p2b: Gardevoir|Helping Hand|p2a: Basculegion\n|-singleturn|p2a: Basculegion|Helping Hand|[of] p2b: Gardevoir\n|move|p2a: Basculegion|Surf|p1b: Politoed|[spread] p1a,p1b\n|-activate|p2b: Gardevoir|ability: Telepathy\n|-resisted|p1b: Politoed|1\n|-damage|p1a: Gengar|0 fnt\n|-damage|p1b: Politoed|64/100\n|faint|p1a: Gengar\n|\n|-weather|RainDance|[upkeep]\n|upkeep\n|\n|t:|1776618872\n|switch|p1a: Incineroar|Incineroar, L50, F, shiny|100/100\n|-ability|p1a: Incineroar|Intimidate|boost\n|-unboost|p2a: Basculegion|atk|1\n|-unboost|p2b: Gardevoir|atk|1\n|turn|4\n|\n|t:|1776618893\n|move|p2b: Gardevoir|Helping Hand|p2a: Basculegion\n|-singleturn|p2a: Basculegion|Helping Hand|[of] p2b: Gardevoir\n|move|p1a: Incineroar|Fake Out|p2b: Gardevoir\n|-damage|p2b: Gardevoir|79/100\n|move|p2a: Basculegion|Surf|p1b: Politoed|[spread] p1a,p1b\n|-activate|p2b: Gardevoir|ability: Telepathy\n|-supereffective|p1a: Incineroar|1\n|-resisted|p1b: Politoed|1\n|-damage|p1a: Incineroar|0 fnt\n|-damage|p1b: Politoed|26/100\n|faint|p1a: Incineroar\n|move|p1b: Politoed|Weather Ball|p2b: Gardevoir\n|-damage|p2b: Gardevoir|34/100\n|\n|-weather|RainDance|[upkeep]\n|upkeep\n|\n|t:|1776618906\n|switch|p1a: Dragonite|Dragonite, L50, M, shiny|79/100\n|turn|5\n|\n|t:|1776618916\n|move|p2b: Gardevoir|Helping Hand|p2a: Basculegion\n|-singleturn|p2a: Basculegion|Helping Hand|[of] p2b: Gardevoir\n|move|p2a: Basculegion|Surf|p1a: Dragonite|[spread] p1a,p1b\n|-activate|p2b: Gardevoir|ability: Telepathy\n|-resisted|p1a: Dragonite|1\n|-resisted|p1b: Politoed|1\n|-damage|p1a: Dragonite|31/100\n|-damage|p1b: Politoed|0 fnt\n|faint|p1b: Politoed\n|move|p1a: Dragonite|Draco Meteor|p2a: Basculegion\n|-damage|p2a: Basculegion|55/100\n|-unboost|p1a: Dragonite|spa|2\n|\n|-weather|RainDance|[upkeep]\n|-heal|p1a: Dragonite|37/100|[from] item: Leftovers\n|upkeep\n|turn|6\n|\n|t:|1776618935\n|move|p2b: Gardevoir|Helping Hand|p2a: Basculegion\n|-singleturn|p2a: Basculegion|Helping Hand|[of] p2b: Gardevoir\n|move|p1a: Dragonite|Extreme Speed|p2b: Gardevoir\n|-damage|p2b: Gardevoir|0 fnt\n|faint|p2b: Gardevoir\n|move|p2a: Basculegion|Surf|p1a: Dragonite\n|-resisted|p1a: Dragonite|1\n|-damage|p1a: Dragonite|0 fnt\n|faint|p1a: Dragonite\n|\n|win|Mistah Boombastic\n|raw|Baconshais's rating: 1065 &rarr; <strong>1045</strong><br />(-20 for losing)\n|raw|Mistah Boombastic's rating: 1054 &rarr; <strong>1087</strong><br />(+33 for winning)\n",
  "uploadtime": 1776618943,
  "views": 18,
  "formatid": "gen9championsvgc2026regma",
  "rating": 1045,
  "private": 0,
  "password": null
}