{
  "id": "gen9championsvgc2026regma-2586093995",
  "format": "[Gen 9 Champions] VGC 2026 Reg M-A",
  "players": [
    "nickzwr",
    "Danhprovnz"
  ],
  "log": "|j|\u2606nickzwr\n|j|\u2606Danhprovnz\n|t:|1776398301\n|gametype|doubles\n|player|p1|nickzwr|gambler|1062\n|player|p2|Danhprovnz|cynthia|1083\n|gen|9\n|tier|[Gen 9 Champions] VGC 2026 Reg M-A\n|rated|\n|rule|Species Clause: Limit one of each Pok\u00e9mon\n|rule|Item Clause: Limit 1 of each item\n|clearpoke\n|poke|p1|Dragonite, L50, M|\n|poke|p1|Milotic, L50, M|\n|poke|p1|Espathra, L50, M|\n|poke|p1|Sneasler, L50, M|\n|poke|p1|Venusaur, L50, M|\n|poke|p1|Incineroar, L50, M|\n|poke|p2|Froslass, L50, F|\n|poke|p2|Pelipper, L50, F|\n|poke|p2|Archaludon, L50, F|\n|poke|p2|Sableye, L50, M|\n|poke|p2|Basculegion, L50, M|\n|poke|p2|Mamoswine, L50, F|\n|teampreview|4\n|\n|t:|1776398316\n|teamsize|p1|4\n|teamsize|p2|4\n|start\n|switch|p1a: Sneasler|Sneasler, L50, M|100/100\n|switch|p1b: Espathra|Espathra, L50, M|100/100\n|switch|p2a: Froslass|Froslass, L50, F|100/100\n|switch|p2b: Sableye|Sableye, L50, M|100/100\n|turn|1\n|\n|t:|1776398346\n|detailschange|p2a: Froslass|Froslass-Mega, L50, F\n|-mega|p2a: Froslass|Froslass|Froslassite\n|-weather|Snowscape|[from] ability: Snow Warning|[of] p2a: Froslass\n|move|p2b: Sableye|Helping Hand|p2a: Froslass\n|-singleturn|p2a: Froslass|Helping Hand|[of] p2b: Sableye\n|move|p2a: Froslass|Blizzard|p1a: Sneasler|[spread] p1a,p1b\n|-damage|p1a: Sneasler|11/100\n|-damage|p1b: Espathra|3/100\n|-status|p1b: Espathra|frz\n|move|p1a: Sneasler|Dire Claw|p2a: Froslass\n|-resisted|p2a: Froslass|1\n|-damage|p2a: Froslass|75/100\n|cant|p1b: Espathra|frz\n|\n|-weather|Snowscape|[upkeep]\n|-ability|p1b: Espathra|Speed Boost|boost\n|-boost|p1b: Espathra|spe|1\n|upkeep\n|turn|2\n|\n|t:|1776398369\n|-curestatus|p1b: Espathra|frz|[msg]\n|move|p1b: Espathra|Protect|p1b: Espathra\n|-singleturn|p1b: Espathra|Protect\n|move|p1a: Sneasler|Protect|p1a: Sneasler\n|-singleturn|p1a: Sneasler|Protect\n|move|p2b: Sableye|Disable|p1a: Sneasler\n|-activate|p1a: Sneasler|move: Protect\n|move|p2a: Froslass|Blizzard|p1a: Sneasler|[spread] \n|-activate|p1a: Sneasler|move: Protect\n|-activate|p1b: Espathra|move: Protect\n|\n|-weather|Snowscape|[upkeep]\n|-ability|p1b: Espathra|Speed Boost|boost\n|-boost|p1b: Espathra|spe|1\n|upkeep\n|turn|3\n|\n|t:|1776398394\n|move|p2b: Sableye|Encore|p1b: Espathra\n|-start|p1b: Espathra|Encore\n|move|p1b: Espathra|Protect||[still]\n|-fail|p1b: Espathra\n|move|p2a: Froslass|Blizzard|p1b: Espathra|[spread] p1a,p1b\n|-damage|p1a: Sneasler|0 fnt\n|-damage|p1b: Espathra|0 fnt\n|faint|p1a: Sneasler\n|faint|p1b: Espathra\n|\n|-weather|Snowscape|[upkeep]\n|upkeep\n|\n|t:|1776398406\n|switch|p1a: Milotic|Milotic, L50, M|100/100\n|switch|p1b: Dragonite|Dragonite, L50, M, shiny|100/100\n|turn|4\n|\n|t:|1776398418\n|detailschange|p1b: Dragonite|Dragonite-Mega, L50, M, shiny\n|-mega|p1b: Dragonite|Dragonite|Dragoninite\n|move|p2b: Sableye|Helping Hand|p2a: Froslass\n|-singleturn|p2a: Froslass|Helping Hand|[of] p2b: Sableye\n|move|p2a: Froslass|Blizzard|p1a: Milotic|[spread] p1a,p1b\n|-resisted|p1a: Milotic|1\n|-supereffective|p1b: Dragonite|2\n|-damage|p1a: Milotic|72/100\n|-damage|p1b: Dragonite|0 fnt\n|faint|p1b: Dragonite\n|move|p1a: Milotic|Scald|p2a: Froslass\n|-damage|p2a: Froslass|38/100\n|\n|-weather|Snowscape|[upkeep]\n|-heal|p1a: Milotic|78/100|[from] item: Leftovers\n|upkeep\n|turn|5\n|-message|nickzwr forfeited.\n|\n|win|Danhprovnz\n|raw|nickzwr's rating: 1062 &rarr; <strong>1044</strong><br />(-18 for losing)\n|raw|Danhprovnz's rating: 1083 &rarr; <strong>1109</strong><br />(+26 for winning)\n|l|\u2606nickzwr\n|player|p1|\n",
  "uploadtime": 1776398441,
  "views": 17,
  "formatid": "gen9championsvgc2026regma",
  "rating": 1044,
  "private": 0,
  "password": null
}