{
  "id": "gen9championsvgc2026regma-2584245772",
  "format": "[Gen 9 Champions] VGC 2026 Reg M-A",
  "players": [
    "Little Fritz",
    "piedi nei piedi"
  ],
  "log": "|j|\u2606Little Fritz\n|j|\u2606piedi nei piedi\n|t:|1776242702\n|gametype|doubles\n|player|p1|Little Fritz|cynthia-gen4|1378\n|player|p2|piedi nei piedi|zinnia|1486\n|gen|9\n|tier|[Gen 9 Champions] VGC 2026 Reg M-A\n|rated|\n|rule|Species Clause: Limit one of each Pok\u00e9mon\n|rule|Item Clause: Limit 1 of each item\n|clearpoke\n|poke|p1|Meganium, L50, F|\n|poke|p1|Dragonite, L50, M|\n|poke|p1|Archaludon, L50, M|\n|poke|p1|Pelipper, L50, M|\n|poke|p1|Basculegion, L50, M|\n|poke|p1|Sneasler, L50, F|\n|poke|p2|Maushold, L50|\n|poke|p2|Sneasler, L50, F|\n|poke|p2|Froslass, L50, F|\n|poke|p2|Samurott-Hisui, L50, M|\n|poke|p2|Arcanine-Hisui, L50, M|\n|poke|p2|Milotic, L50, M|\n|teampreview|4\n|inactive|Battle timer is ON: inactive players will automatically lose when time's up. (requested by piedi nei piedi)\n|\n|t:|1776242738\n|teamsize|p1|4\n|teamsize|p2|4\n|start\n|switch|p1a: Basculegion|Basculegion, L50, M|100/100\n|switch|p1b: Archaludon|Archaludon, L50, M|100/100\n|switch|p2a: Sneaslerux|Sneasler, L50, F|100/100\n|switch|p2b: Froslasso|Froslass, L50, F|100/100\n|turn|1\n|\n|t:|1776242758\n|switch|p2b: Maushold|Maushold, L50|100/100\n|move|p1b: Archaludon|Protect|p1b: Archaludon\n|-singleturn|p1b: Archaludon|Protect\n|move|p1a: Basculegion|Last Respects|p2b: Maushold\n|-immune|p2b: Maushold\n|move|p2a: Sneaslerux|Close Combat|p1b: Archaludon\n|-activate|p1b: Archaludon|move: Protect\n|\n|upkeep\n|turn|2\n|\n|t:|1776242782\n|switch|p1a: Dragonite|Dragonite, L50, M|100/100\n|switch|p1b: Pelipper|Pelipper, L50, M|100/100\n|-weather|RainDance|[from] ability: Drizzle|[of] p1b: Pelipper\n|move|p2b: Maushold|Follow Me|p2b: Maushold\n|-singleturn|p2b: Maushold|move: Follow Me\n|move|p2a: Sneaslerux|Close Combat|p1b: Pelipper\n|-resisted|p1b: Pelipper|1\n|-damage|p1b: Pelipper|72/100\n|-unboost|p2a: Sneaslerux|def|1\n|-unboost|p2a: Sneaslerux|spd|1\n|-enditem|p2a: Sneaslerux|White Herb\n|-clearnegativeboost|p2a: Sneaslerux|[silent]\n|\n|-weather|RainDance|[upkeep]\n|upkeep\n|turn|3\n|inactive|Little Fritz has 30 seconds left.\n|inactive|piedi nei piedi has 30 seconds left.\n|\n|t:|1776242810\n|detailschange|p1a: Dragonite|Dragonite-Mega, L50, M\n|-mega|p1a: Dragonite|Dragonite|Dragoninite\n|move|p2a: Sneaslerux|Protect|p2a: Sneaslerux\n|-singleturn|p2a: Sneaslerux|Protect\n|move|p1a: Dragonite|Hurricane|p2b: Maushold\n|-damage|p2b: Maushold|25/100\n|move|p2b: Maushold|Taunt|p1b: Pelipper\n|-start|p1b: Pelipper|move: Taunt\n|move|p1b: Pelipper|Hurricane|p2a: Sneaslerux\n|-activate|p2a: Sneaslerux|move: Protect\n|\n|-weather|RainDance|[upkeep]\n|upkeep\n|turn|4\n|\n|t:|1776242828\n|move|p2b: Maushold|Follow Me|p2b: Maushold\n|-singleturn|p2b: Maushold|move: Follow Me\n|move|p2a: Sneaslerux|Dire Claw|p1b: Pelipper\n|-damage|p1b: Pelipper|33/100\n|-status|p1b: Pelipper|psn\n|move|p1a: Dragonite|Hurricane|p2b: Maushold\n|-damage|p2b: Maushold|0 fnt\n|faint|p2b: Maushold\n|move|p1b: Pelipper|Hurricane|p2a: Sneaslerux\n|-supereffective|p2a: Sneaslerux|1\n|-damage|p2a: Sneaslerux|5/100\n|\n|-weather|RainDance|[upkeep]\n|-damage|p1b: Pelipper|21/100 psn|[from] psn\n|upkeep\n|\n|t:|1776242838\n|switch|p2b: Froslasso|Froslass, L50, F|100/100\n|turn|5\n|inactive|Little Fritz has 30 seconds left.\n|\n|t:|1776242865\n|switch|p1b: Basculegion|Basculegion, L50, M|100/100\n|detailschange|p2b: Froslasso|Froslass-Mega, L50, F\n|-mega|p2b: Froslasso|Froslass|Froslassite\n|-weather|Snowscape|[from] ability: Snow Warning|[of] p2b: Froslasso\n|move|p1a: Dragonite|Protect|p1a: Dragonite\n|-singleturn|p1a: Dragonite|Protect\n|move|p2a: Sneaslerux|Dire Claw|p1a: Dragonite\n|-activate|p1a: Dragonite|move: Protect\n|move|p2b: Froslasso|Blizzard|p1b: Basculegion|[spread] p1b\n|-activate|p1a: Dragonite|move: Protect\n|-resisted|p1b: Basculegion|1\n|-damage|p1b: Basculegion|73/100\n|\n|-weather|Snowscape|[upkeep]\n|upkeep\n|turn|6\n|inactive|piedi nei piedi has 30 seconds left.\n|\n|t:|1776242896\n|switch|p1a: Pelipper|Pelipper, L50, M|21/100 psn\n|-weather|RainDance|[from] ability: Drizzle|[of] p1a: Pelipper\n|move|p2b: Froslasso|Protect|p2b: Froslasso\n|-singleturn|p2b: Froslasso|Protect\n|move|p2a: Sneaslerux|Dire Claw|p1a: Pelipper\n|-damage|p1a: Pelipper|0 fnt\n|faint|p1a: Pelipper\n|move|p1b: Basculegion|Last Respects|p2b: Froslasso\n|-activate|p2b: Froslasso|move: Protect\n|\n|-weather|RainDance|[upkeep]\n|upkeep\n|\n|t:|1776242913\n|switch|p1a: Dragonite|Dragonite-Mega, L50, M|100/100\n|turn|7\n|\n|t:|1776242925\n|switch|p2b: Samurottium|Samurott-Hisui, L50, M|100/100\n|move|p2a: Sneaslerux|Dire Claw|p1a: Dragonite\n|-damage|p1a: Dragonite|80/100\n|move|p1b: Basculegion|Last Respects|p2a: Sneaslerux\n|-damage|p2a: Sneaslerux|0 fnt\n|faint|p2a: Sneaslerux\n|move|p1a: Dragonite|Tailwind|p1a: Dragonite\n|-sidestart|p1: Little Fritz|move: Tailwind\n|\n|-weather|RainDance|[upkeep]\n|upkeep\n|\n|t:|1776242938\n|switch|p2a: Froslasso|Froslass-Mega, L50, F|100/100\n|-weather|Snowscape|[from] ability: Snow Warning|[of] p2a: Froslasso\n|turn|8\n|\n|t:|1776242951\n|move|p1a: Dragonite|Protect|p1a: Dragonite\n|-singleturn|p1a: Dragonite|Protect\n|move|p2a: Froslasso|Protect|p2a: Froslasso\n|-singleturn|p2a: Froslasso|Protect\n|move|p2b: Samurottium|Protect|p2b: Samurottium\n|-singleturn|p2b: Samurottium|Protect\n|move|p1b: Basculegion|Last Respects|p2a: Froslasso\n|-activate|p2a: Froslasso|move: Protect\n|\n|-weather|Snowscape|[upkeep]\n|upkeep\n|turn|9\n|inactive|piedi nei piedi has 30 seconds left.\n|\n|t:|1776242977\n|move|p2b: Samurottium|Sucker Punch|p1b: Basculegion\n|-supereffective|p1b: Basculegion|1\n|-damage|p1b: Basculegion|0 fnt\n|faint|p1b: Basculegion\n|move|p1a: Dragonite|Hurricane|p2a: Froslasso\n|-damage|p2a: Froslasso|20/100\n|-start|p2a: Froslasso|confusion\n|-activate|p2a: Froslasso|confusion\n|-damage|p2a: Froslasso|7/100|[from] confusion\n|\n|-weather|Snowscape|[upkeep]\n|upkeep\n|\n|t:|1776242987\n|switch|p1b: Archaludon|Archaludon, L50, M|100/100\n|turn|10\n|inactive|Little Fritz has 30 seconds left.\n|inactive|Little Fritz has 20 seconds left.\n|inactive|Little Fritz has 15 seconds left.\n|\n|t:|1776243028\n|move|p1a: Dragonite|Protect|p1a: Dragonite\n|-singleturn|p1a: Dragonite|Protect\n|-end|p2a: Froslasso|confusion\n|move|p2a: Froslasso|Protect|p2a: Froslasso\n|-singleturn|p2a: Froslasso|Protect\n|move|p2b: Samurottium|Protect|p2b: Samurottium\n|-singleturn|p2b: Samurottium|Protect\n|move|p1b: Archaludon|Electro Shot||[still]\n|-prepare|p1b: Archaludon|Electro Shot\n|-boost|p1b: Archaludon|spa|1\n|\n|-weather|Snowscape|[upkeep]\n|-sideend|p1: Little Fritz|move: Tailwind\n|upkeep\n|turn|11\n|inactive|Little Fritz has 30 seconds left.\n|\n|t:|1776243059\n|move|p2a: Froslasso|Blizzard|p1a: Dragonite|[spread] p1a,p1b\n|-supereffective|p1a: Dragonite|2\n|-damage|p1a: Dragonite|0 fnt\n|-damage|p1b: Archaludon|38/100\n|faint|p1a: Dragonite\n|move|p1b: Archaludon|Electro Shot|p2b: Samurottium|[from] lockedmove\n|-supereffective|p2b: Samurottium|1\n|-enditem|p2b: Samurottium|Focus Sash\n|-damage|p2b: Samurottium|1/100\n|move|p2b: Samurottium|Sacred Sword|p1b: Archaludon\n|-supereffective|p1b: Archaludon|1\n|-damage|p1b: Archaludon|0 fnt\n|faint|p1b: Archaludon\n|\n|win|piedi nei piedi\n|raw|Little Fritz's rating: 1378 &rarr; <strong>1364</strong><br />(-14 for losing)\n|raw|piedi nei piedi's rating: 1486 &rarr; <strong>1500</strong><br />(+14 for winning)\n",
  "uploadtime": 1776243069,
  "views": 29,
  "formatid": "gen9championsvgc2026regma",
  "rating": 1364,
  "private": 0,
  "password": null
}