{
  "id": "gen9championsvgc2026regma-2583397923",
  "format": "[Gen 9 Champions] VGC 2026 Reg M-A",
  "players": [
    "Steeperbore",
    "VariAble55"
  ],
  "log": "|j|\u2606Steeperbore\n|j|\u2606VariAble55\n|t:|1776172907\n|gametype|doubles\n|player|p1|Steeperbore|101|1000\n|player|p2|VariAble55|dana|1073\n|gen|9\n|tier|[Gen 9 Champions] VGC 2026 Reg M-A\n|rated|\n|rule|Species Clause: Limit one of each Pok\u00e9mon\n|rule|Item Clause: Limit 1 of each item\n|clearpoke\n|poke|p1|Aegislash, L50, F|\n|poke|p1|Ceruledge, L50, M|\n|poke|p1|Chimecho, L50, F|\n|poke|p1|Espathra, L50, M|\n|poke|p1|Skarmory, L50, F|\n|poke|p1|Incineroar, L50, M|\n|poke|p2|Froslass, L50, F|\n|poke|p2|Incineroar, L50, M|\n|poke|p2|Sneasler, L50, F|\n|poke|p2|Empoleon, L50, F|\n|poke|p2|Chandelure, L50, F|\n|poke|p2|Ninetales-Alola, L50, F|\n|teampreview|4\n|inactive|Battle timer is ON: inactive players will automatically lose when time's up. (requested by VariAble55)\n|inactive|VariAble55 has 60 seconds left.\n|\n|t:|1776172938\n|teamsize|p1|4\n|teamsize|p2|4\n|start\n|switch|p1a: Incineroar|Incineroar, L50, M|100/100\n|switch|p1b: Aegislash|Aegislash, L50, F|100/100\n|switch|p2a: Ninetales|Ninetales-Alola, L50, F|100/100\n|switch|p2b: Empoleon|Empoleon, L50, F|100/100\n|-weather|Snowscape|[from] ability: Snow Warning|[of] p2a: Ninetales\n|-ability|p1a: Incineroar|Intimidate|boost\n|-unboost|p2a: Ninetales|atk|1\n|-unboost|p2b: Empoleon|atk|1\n|-ability|p2b: Empoleon|Competitive|boost\n|-boost|p2b: Empoleon|spa|2\n|turn|1\n|\n|t:|1776172957\n|move|p1a: Incineroar|Fake Out|p2b: Empoleon\n|-resisted|p2b: Empoleon|1\n|-damage|p2b: Empoleon|95/100\n|move|p2a: Ninetales|Aurora Veil|p2a: Ninetales\n|-sidestart|p2: VariAble55|move: Aurora Veil\n|move|p1b: Aegislash|Swords Dance|p1b: Aegislash\n|-boost|p1b: Aegislash|atk|2\n|cant|p2b: Empoleon|flinch\n|\n|-weather|Snowscape|[upkeep]\n|-heal|p2b: Empoleon|100/100|[from] item: Leftovers\n|upkeep\n|turn|2\n|inactive|Steeperbore has 30 seconds left.\n|inactive|VariAble55 has 30 seconds left.\n|\n|t:|1776172990\n|switch|p2a: Froslass|Froslass, L50, F|100/100\n|move|p1a: Incineroar|Parting Shot|p2a: Froslass|[miss]\n|-miss|p1a: Incineroar|p2a: Froslass\n|move|p2b: Empoleon|Hydro Pump|p1b: Aegislash\n|-damage|p1b: Aegislash|21/100\n|-formechange|p1b: Aegislash|Aegislash-Blade|\n|move|p1b: Aegislash|Shadow Claw|p2b: Empoleon\n|-damage|p2b: Empoleon|40/100\n|\n|-weather|Snowscape|[upkeep]\n|-heal|p1b: Aegislash|27/100|[from] item: Leftovers\n|-heal|p2b: Empoleon|46/100|[from] item: Leftovers\n|upkeep\n|turn|3\n|\n|t:|1776173012\n|detailschange|p2a: Froslass|Froslass-Mega, L50, F\n|-mega|p2a: Froslass|Froslass|Froslassite\n|-formechange|p1b: Aegislash|Aegislash|\n|move|p1b: Aegislash|King's Shield|p1b: Aegislash\n|-singleturn|p1b: Aegislash|Protect\n|move|p2a: Froslass|Shadow Ball|p1b: Aegislash\n|-activate|p1b: Aegislash|move: Protect\n|move|p2b: Empoleon|Hydro Pump|p1a: Incineroar\n|-supereffective|p1a: Incineroar|1\n|-damage|p1a: Incineroar|0 fnt\n|faint|p1a: Incineroar\n|\n|-weather|Snowscape|[upkeep]\n|-heal|p1b: Aegislash|33/100|[from] item: Leftovers\n|-heal|p2b: Empoleon|51/100|[from] item: Leftovers\n|upkeep\n|\n|t:|1776173026\n|switch|p1a: Skarmory|Skarmory, L50, F|100/100\n|turn|4\n|\n|t:|1776173041\n|move|p2a: Froslass|Shadow Ball|p1b: Aegislash\n|-supereffective|p1b: Aegislash|1\n|-damage|p1b: Aegislash|0 fnt\n|faint|p1b: Aegislash\n|move|p1a: Skarmory|Iron Defense|p1a: Skarmory\n|-boost|p1a: Skarmory|def|2\n|move|p2b: Empoleon|Hydro Pump|p1a: Skarmory\n|-ability|p1a: Skarmory|Sturdy\n|-damage|p1a: Skarmory|1/100\n|\n|-weather|Snowscape|[upkeep]\n|-heal|p2b: Empoleon|57/100|[from] item: Leftovers\n|upkeep\n|\n|t:|1776173054\n|switch|p1b: Ceruledge|Ceruledge, L50, M|100/100\n|turn|5\n|\n|t:|1776173069\n|detailschange|p1a: Skarmory|Skarmory-Mega, L50, F\n|-mega|p1a: Skarmory|Skarmory|Skarmorite\n|move|p1a: Skarmory|Protect|p1a: Skarmory\n|-singleturn|p1a: Skarmory|Protect\n|move|p2a: Froslass|Shadow Ball|p1b: Ceruledge\n|-supereffective|p1b: Ceruledge|1\n|-enditem|p1b: Ceruledge|Focus Sash\n|-damage|p1b: Ceruledge|1/100\n|move|p1b: Ceruledge|Bitter Blade|p2b: Empoleon\n|-damage|p2b: Empoleon|21/100\n|-heal|p1b: Ceruledge|20/100|[from] drain|[of] p2b: Empoleon\n|move|p2b: Empoleon|Flash Cannon|p1a: Skarmory\n|-activate|p1a: Skarmory|move: Protect\n|\n|-weather|none\n|-heal|p2b: Empoleon|26/100|[from] item: Leftovers\n|-sideend|p2: VariAble55|move: Aurora Veil\n|upkeep\n|turn|6\n|inactive|Steeperbore has 30 seconds left.\n|inactive|VariAble55 has 30 seconds left.\n|\n|t:|1776173097\n|move|p1b: Ceruledge|Shadow Sneak|p2a: Froslass\n|-supereffective|p2a: Froslass|1\n|-damage|p2a: Froslass|30/100\n|move|p2a: Froslass|Shadow Ball|p1b: Ceruledge\n|-supereffective|p1b: Ceruledge|1\n|-damage|p1b: Ceruledge|0 fnt\n|faint|p1b: Ceruledge\n|move|p1a: Skarmory|Body Press|p2b: Empoleon\n|-supereffective|p2b: Empoleon|1\n|-damage|p2b: Empoleon|0 fnt\n|faint|p2b: Empoleon\n|\n|upkeep\n|\n|t:|1776173106\n|switch|p2b: Ninetales|Ninetales-Alola, L50, F|100/100\n|-weather|Snowscape|[from] ability: Snow Warning|[of] p2b: Ninetales\n|turn|7\n|\n|t:|1776173114\n|move|p2a: Froslass|Blizzard|p1a: Skarmory\n|-damage|p1a: Skarmory|0 fnt\n|faint|p1a: Skarmory\n|\n|win|VariAble55\n|raw|Steeperbore's rating: 1000 &rarr; <strong>1000</strong><br />(+0 for losing)\n|raw|VariAble55's rating: 1073 &rarr; <strong>1096</strong><br />(+23 for winning)\n",
  "uploadtime": 1776173117,
  "views": 13,
  "formatid": "gen9championsvgc2026regma",
  "rating": 1000,
  "private": 0,
  "password": null
}