{
  "id": "gen9championsvgc2026regma-2582109278",
  "format": "[Gen 9 Champions] VGC 2026 Reg M-A",
  "players": [
    "blastoiseian",
    "TorukVGC"
  ],
  "log": "|j|\u2606blastoiseian\n|j|\u2606TorukVGC\n|t:|1776059052\n|gametype|doubles\n|player|p1|blastoiseian|266|1078\n|player|p2|TorukVGC|supernerd|1081\n|gen|9\n|tier|[Gen 9 Champions] VGC 2026 Reg M-A\n|rated|\n|rule|Species Clause: Limit one of each Pok\u00e9mon\n|rule|Item Clause: Limit 1 of each item\n|clearpoke\n|poke|p1|Pelipper, L50, M|\n|poke|p1|Incineroar, L50, M|\n|poke|p1|Spiritomb, L50, M|\n|poke|p1|Rhyperior, L50, M|\n|poke|p1|Froslass, L50, F|\n|poke|p1|Whimsicott, L50, F|\n|poke|p2|Charizard, L50, M|\n|poke|p2|Venusaur, L50, F|\n|poke|p2|Whimsicott, L50, M|\n|poke|p2|Milotic, L50, M|\n|poke|p2|Sneasler, L50, M|\n|poke|p2|Archaludon, L50, M|\n|teampreview|4\n|inactive|Battle timer is ON: inactive players will automatically lose when time's up. (requested by blastoiseian)\nblastoiseian rejected open team sheets.\n|\n|t:|1776059103\n|teamsize|p1|4\n|teamsize|p2|4\n|start\n|switch|p1a: Whimsicott|Whimsicott, L50, F, shiny|100/100\n|switch|p1b: Froslass|Froslass, L50, F|100/100\n|switch|p2a: Milotic|Milotic, L50, M|100/100\n|switch|p2b: Venusaur|Venusaur, L50, F|100/100\n|turn|1\n|\n|t:|1776059125\n|switch|p2b: Sneasler|Sneasler, L50, M|100/100\n|move|p1a: Whimsicott|Tailwind|p1a: Whimsicott\n|-sidestart|p1: blastoiseian|move: Tailwind\n|move|p1b: Froslass|Nasty Plot|p1b: Froslass\n|-boost|p1b: Froslass|spa|2\n|move|p2a: Milotic|Icy Wind|p1a: Whimsicott|[spread] p1a,p1b\n|-supereffective|p1a: Whimsicott|1\n|-resisted|p1b: Froslass|1\n|-damage|p1a: Whimsicott|67/100\n|-damage|p1b: Froslass|92/100\n|-unboost|p1a: Whimsicott|spe|1\n|-unboost|p1b: Froslass|spe|1\n|\n|upkeep\n|turn|2\n|inactive|TorukVGC has 30 seconds left.\n|\n|t:|1776059156\n|detailschange|p1b: Froslass|Froslass-Mega, L50, F\n|-mega|p1b: Froslass|Froslass|Froslassite\n|-weather|Snowscape|[from] ability: Snow Warning|[of] p1b: Froslass\n|move|p1b: Froslass|Blizzard|p2b: Sneasler|[spread] p2a,p2b\n|-resisted|p2a: Milotic|1\n|-damage|p2a: Milotic|74/100\n|-damage|p2b: Sneasler|0 fnt\n|faint|p2b: Sneasler\n|move|p1a: Whimsicott|Energy Ball|p2a: Milotic\n|-supereffective|p2a: Milotic|1\n|-damage|p2a: Milotic|33/100\n|move|p2a: Milotic|Icy Wind|p1a: Whimsicott|[spread] p1a,p1b\n|-supereffective|p1a: Whimsicott|1\n|-resisted|p1b: Froslass|1\n|-damage|p1a: Whimsicott|35/100\n|-damage|p1b: Froslass|87/100\n|-unboost|p1a: Whimsicott|spe|1\n|-unboost|p1b: Froslass|spe|1\n|\n|-weather|Snowscape|[upkeep]\n|-heal|p2a: Milotic|39/100|[from] item: Leftovers\n|upkeep\n|\n|t:|1776059164\n|switch|p2b: Charizard|Charizard, L50, M|100/100\n|turn|3\n|inactive|TorukVGC has 30 seconds left.\n|\n|t:|1776059193\n|detailschange|p2b: Charizard|Charizard-Mega-X, L50, M\n|-mega|p2b: Charizard|Charizard|Charizardite X\n|move|p1b: Froslass|Protect|p1b: Froslass\n|-singleturn|p1b: Froslass|Protect\n|move|p2a: Milotic|Protect|p2a: Milotic\n|-singleturn|p2a: Milotic|Protect\n|move|p1a: Whimsicott|Energy Ball|p2a: Milotic\n|-activate|p2a: Milotic|move: Protect\n|move|p2b: Charizard|Flare Blitz|p1b: Froslass\n|-activate|p1b: Froslass|move: Protect\n|\n|-weather|Snowscape|[upkeep]\n|-heal|p2a: Milotic|45/100|[from] item: Leftovers\n|upkeep\n|turn|4\n|\n|t:|1776059215\n|switch|p1b: Pelipper|Pelipper, L50, M, shiny|100/100\n|-weather|RainDance|[from] ability: Drizzle|[of] p1b: Pelipper\n|move|p1a: Whimsicott|Encore|p2a: Milotic\n|-start|p2a: Milotic|Encore\n|move|p2a: Milotic|Protect|p2a: Milotic\n|-singleturn|p2a: Milotic|Protect\n|move|p2b: Charizard|Flare Blitz|p1b: Pelipper\n|-resisted|p1b: Pelipper|1\n|-damage|p1b: Pelipper|86/100\n|-damage|p2b: Charizard|96/100|[from] Recoil\n|\n|-weather|RainDance|[upkeep]\n|-heal|p2a: Milotic|50/100|[from] item: Leftovers\n|-sideend|p1: blastoiseian|move: Tailwind\n|upkeep\n|turn|5\n|\n|t:|1776059233\n|switch|p2a: Venusaur|Venusaur, L50, F|100/100\n|move|p2b: Charizard|Protect|p2b: Charizard\n|-singleturn|p2b: Charizard|Protect\n|move|p1a: Whimsicott|Energy Ball|p2a: Venusaur\n|-resisted|p2a: Venusaur|2\n|-damage|p2a: Venusaur|91/100\n|move|p1b: Pelipper|Hurricane|p2a: Venusaur\n|-supereffective|p2a: Venusaur|1\n|-enditem|p2a: Venusaur|Coba Berry|[eat]\n|-enditem|p2a: Venusaur|Coba Berry|[weaken]\n|-damage|p2a: Venusaur|48/100\n|\n|-weather|RainDance|[upkeep]\n|upkeep\n|turn|6\n|inactive|TorukVGC has 30 seconds left.\n|\n|t:|1776059260\n|move|p1a: Whimsicott|Encore|p2b: Charizard\n|-start|p2b: Charizard|Encore\n|move|p2b: Charizard|Protect||[still]\n|-fail|p2b: Charizard\n|move|p2a: Venusaur|Sleep Powder|p1b: Pelipper\n|-status|p1b: Pelipper|slp|[from] move: Sleep Powder\n|cant|p1b: Pelipper|slp\n|\n|-weather|RainDance|[upkeep]\n|upkeep\n|turn|7\n|\n|t:|1776059280\n|switch|p2a: Milotic|Milotic, L50, M|50/100\n|move|p2b: Charizard|Protect|p2b: Charizard\n|-singleturn|p2b: Charizard|Protect\n|move|p1a: Whimsicott|Encore||[still]\n|-fail|p1a: Whimsicott\n|cant|p1b: Pelipper|slp\n|\n|-weather|RainDance|[upkeep]\n|-heal|p2a: Milotic|56/100|[from] item: Leftovers\n|upkeep\n|turn|8\n|\n|t:|1776059301\n|switch|p1a: Froslass|Froslass-Mega, L50, F|87/100\n|-weather|Snowscape|[from] ability: Snow Warning|[of] p1a: Froslass\n|move|p2b: Charizard|Protect|p2b: Charizard\n|-singleturn|p2b: Charizard|Protect\n|-curestatus|p1b: Pelipper|slp|[msg]\n|move|p1b: Pelipper|Wide Guard|p1b: Pelipper\n|-singleturn|p1b: Pelipper|Wide Guard\n|move|p2a: Milotic|Icy Wind|p1b: Pelipper|[spread] \n|-activate|p1a: Froslass|move: Wide Guard\n|-activate|p1b: Pelipper|move: Wide Guard\n|\n|-weather|Snowscape|[upkeep]\n|-heal|p2a: Milotic|62/100|[from] item: Leftovers\n|-end|p2b: Charizard|Encore\n|upkeep\n|turn|9\n|inactive|blastoiseian has 30 seconds left.\n|\n|t:|1776059335\n|switch|p1a: Rhyperior|Rhyperior, L50, M|100/100\n|move|p2b: Charizard|Dragon Dance|p2b: Charizard\n|-boost|p2b: Charizard|atk|1\n|-boost|p2b: Charizard|spe|1\n|move|p2a: Milotic|Icy Wind|p1b: Pelipper|[spread] p1b\n|-miss|p2a: Milotic|p1a: Rhyperior\n|-damage|p1b: Pelipper|73/100\n|-unboost|p1b: Pelipper|spe|1\n|move|p1b: Pelipper|Weather Ball|p2b: Charizard\n|-damage|p2b: Charizard|70/100\n|\n|-weather|Snowscape|[upkeep]\n|-heal|p2a: Milotic|68/100|[from] item: Leftovers\n|upkeep\n|turn|10\n|inactive|TorukVGC has 30 seconds left.\n|\n|t:|1776059365\n|move|p1a: Rhyperior|Protect|p1a: Rhyperior\n|-singleturn|p1a: Rhyperior|Protect\n|move|p2b: Charizard|Dragon Claw|p1b: Pelipper\n|-damage|p1b: Pelipper|6/100\n|move|p2a: Milotic|Scald|p1a: Rhyperior\n|-activate|p1a: Rhyperior|move: Protect\n|move|p1b: Pelipper|Icy Wind|p2b: Charizard|[spread] p2a,p2b\n|-resisted|p2a: Milotic|1\n|-damage|p2a: Milotic|65/100\n|-damage|p2b: Charizard|58/100\n|-unboost|p2a: Milotic|spe|1\n|-ability|p2a: Milotic|Competitive|boost\n|-boost|p2a: Milotic|spa|2\n|-unboost|p2b: Charizard|spe|1\n|\n|-weather|Snowscape|[upkeep]\n|-heal|p2a: Milotic|71/100|[from] item: Leftovers\n|upkeep\n|turn|11\n|inactive|blastoiseian has 30 seconds left.\n|inactive|TorukVGC has 30 seconds left.\n|inactive|TorukVGC has 20 seconds left.\n|inactive|TorukVGC has 15 seconds left.\n|inactive|TorukVGC has 10 seconds left.\n|\n|t:|1776059411\n|move|p2b: Charizard|Protect|p2b: Charizard\n|-singleturn|p2b: Charizard|Protect\n|move|p1a: Rhyperior|Protect||[still]\n|-fail|p1a: Rhyperior\n|move|p2a: Milotic|Scald|p1a: Rhyperior\n|-supereffective|p1a: Rhyperior|2\n|-damage|p1a: Rhyperior|0 fnt\n|faint|p1a: Rhyperior\n|move|p1b: Pelipper|Icy Wind|p2b: Charizard|[spread] p2a\n|-activate|p2b: Charizard|move: Protect\n|-resisted|p2a: Milotic|1\n|-damage|p2a: Milotic|68/100\n|-unboost|p2a: Milotic|spe|1\n|-ability|p2a: Milotic|Competitive|boost\n|-boost|p2a: Milotic|spa|2\n|\n|-weather|Snowscape|[upkeep]\n|-heal|p2a: Milotic|74/100|[from] item: Leftovers\n|upkeep\n|\n|t:|1776059422\n|switch|p1a: Whimsicott|Whimsicott, L50, F, shiny|35/100\n|turn|12\n|inactive|TorukVGC has 30 seconds left.\n|inactive|TorukVGC has 20 seconds left.\n|\n|t:|1776059459\n|switch|p2b: Venusaur|Venusaur, L50, F|48/100\n|move|p1a: Whimsicott|Energy Ball|p2a: Milotic\n|-supereffective|p2a: Milotic|1\n|-damage|p2a: Milotic|34/100\n|move|p1b: Pelipper|Weather Ball|p2b: Venusaur\n|-supereffective|p2b: Venusaur|1\n|-damage|p2b: Venusaur|0 fnt\n|faint|p2b: Venusaur\n|move|p2a: Milotic|Life Dew|p2a: Milotic\n|-heal|p2a: Milotic|59/100\n|\n|-weather|none\n|-heal|p2a: Milotic|65/100|[from] item: Leftovers\n|upkeep\n|\n|t:|1776059464\n|switch|p2b: Charizard|Charizard-Mega-X, L50, M|58/100\n|turn|13\n|inactive|blastoiseian has 30 seconds left.\n|inactive|blastoiseian has 20 seconds left.\n|inactive|blastoiseian has 15 seconds left.\n|\n|t:|1776059508\n|switch|p1b: Froslass|Froslass-Mega, L50, F|87/100\n|-weather|Snowscape|[from] ability: Snow Warning|[of] p1b: Froslass\n|move|p1a: Whimsicott|Moonblast|p2b: Charizard\n|-damage|p2b: Charizard|23/100\n|move|p2b: Charizard|Dragon Dance|p2b: Charizard\n|-boost|p2b: Charizard|atk|1\n|-boost|p2b: Charizard|spe|1\n|move|p2a: Milotic|Scald|p1a: Whimsicott\n|-resisted|p1a: Whimsicott|1\n|-damage|p1a: Whimsicott|0 fnt\n|faint|p1a: Whimsicott\n|\n|-weather|Snowscape|[upkeep]\n|-heal|p2a: Milotic|71/100|[from] item: Leftovers\n|upkeep\n|\n|t:|1776059519\n|switch|p1a: Pelipper|Pelipper, L50, M, shiny|6/100\n|-weather|RainDance|[from] ability: Drizzle|[of] p1a: Pelipper\n|turn|14\n|\n|t:|1776059536\n|move|p2b: Charizard|Protect|p2b: Charizard\n|-singleturn|p2b: Charizard|Protect\n|move|p1b: Froslass|Protect|p1b: Froslass\n|-singleturn|p1b: Froslass|Protect\n|move|p1a: Pelipper|Hurricane|p2b: Charizard\n|-activate|p2b: Charizard|move: Protect\n|move|p2a: Milotic|Scald|p1b: Froslass\n|-activate|p1b: Froslass|move: Protect\n|\n|-weather|RainDance|[upkeep]\n|-heal|p2a: Milotic|77/100|[from] item: Leftovers\n|upkeep\n|turn|15\n|\n|t:|1776059554\n|move|p2b: Charizard|Dragon Claw|p1b: Froslass\n|-damage|p1b: Froslass|0 fnt\n|faint|p1b: Froslass\n|move|p1a: Pelipper|Hurricane|p2b: Charizard\n|-damage|p2b: Charizard|0 fnt\n|faint|p2b: Charizard\n|move|p2a: Milotic|Scald|p1a: Pelipper\n|-resisted|p1a: Pelipper|1\n|-damage|p1a: Pelipper|0 fnt\n|faint|p1a: Pelipper\n|\n|win|TorukVGC\n|raw|blastoiseian's rating: 1078 &rarr; <strong>1056</strong><br />(-22 for losing)\n|raw|TorukVGC's rating: 1081 &rarr; <strong>1109</strong><br />(+28 for winning)\n|l|\u2606blastoiseian\n|player|p1|\n|c|\u2606TorukVGC|great game man\n",
  "uploadtime": 1776059563,
  "views": 10,
  "formatid": "gen9championsvgc2026regma",
  "rating": 1056,
  "private": 0,
  "password": null
}