{
  "id": "gen9championsvgc2026regma-2581979189",
  "format": "[Gen 9 Champions] VGC 2026 Reg M-A",
  "players": [
    "Misstaken Magic",
    "Thogi_"
  ],
  "log": "|j|\u2606Misstaken Magic\n|j|\u2606Thogi_\n|t:|1776045151\n|gametype|doubles\n|player|p1|Misstaken Magic|psychic-gen4|\n|player|p2|Thogi_|harlequin|\n|gen|9\n|tier|[Gen 9 Champions] VGC 2026 Reg M-A\n|rated|Tournament battle\n|rule|Species Clause: Limit one of each Pok\u00e9mon\n|rule|Item Clause: Limit 1 of each item\n|clearpoke\n|poke|p1|Delphox, L50, F|\n|poke|p1|Basculegion, L50, M|\n|poke|p1|Whimsicott, L50, M|\n|poke|p1|Sneasler, L50, M|\n|poke|p1|Garchomp, L50, M|\n|poke|p1|Kingambit, L50, M|\n|poke|p2|Sableye, L50, M|\n|poke|p2|Hatterene, L50, F|\n|poke|p2|Araquanid, L50, F|\n|poke|p2|Farigiraf, L50, M|\n|poke|p2|Armarouge, L50, M|\n|poke|p2|Garganacl, L50, M|\n|teampreview|4\n|inactive|Battle timer is ON: inactive players will automatically lose when time's up. (requested by Misstaken Magic)\n|c|\u2606Misstaken Magic|glhf\nMisstaken Magic rejected open team sheets.\n|j| coolguy58213\n|inactive|Misstaken Magic has 60 seconds left.\n|inactive|Thogi_ has 60 seconds left.\n|inactive|Thogi_ has 30 seconds left.\n|\n|t:|1776045218\n|teamsize|p1|4\n|teamsize|p2|4\n|start\n|switch|p1a: Kingambit|Kingambit, L50, M|100/100\n|switch|p1b: Sneasler|Sneasler, L50, M|100/100\n|switch|p2a: BuenaPersona|Sableye, L50, M, shiny|100/100\n|switch|p2b: Amor|Farigiraf, L50, M|100/100\n|turn|1\n|j| island pocket\n|\n|t:|1776045239\n|move|p2a: BuenaPersona|Fake Out|p1b: Sneasler\n|-damage|p1b: Sneasler|87/100\n|cant|p1b: Sneasler|flinch\n|move|p1a: Kingambit|Kowtow Cleave|p2b: Amor\n|-supereffective|p2b: Amor|1\n|-damage|p2b: Amor|1/100\n|-enditem|p2b: Amor|Sitrus Berry|[eat]\n|-heal|p2b: Amor|26/100|[from] item: Sitrus Berry\n|move|p2b: Amor|Trick Room|p2b: Amor\n|-fieldstart|move: Trick Room|[of] p2b: Amor\n|\n|upkeep\n|turn|2\n|inactive|Thogi_ has 30 seconds left.\n|\n|t:|1776045271\n|move|p2b: Amor|Protect|p2b: Amor\n|-singleturn|p2b: Amor|Protect\n|move|p1b: Sneasler|Protect|p1b: Sneasler\n|-singleturn|p1b: Sneasler|Protect\n|move|p2a: BuenaPersona|Will-O-Wisp|p1a: Kingambit\n|-hint|Since gen 7, Dark is immune to Prankster moves.\n|-immune|p1a: Kingambit\n|move|p1a: Kingambit|Iron Head|p2b: Amor\n|-activate|p2b: Amor|move: Protect\n|\n|upkeep\n|turn|3\n|j| ootama\n|\n|t:|1776045291\n|switch|p2b: Bondad|Armarouge, L50, M|100/100\n|switch|p1b: Delphox|Delphox, L50, F|100/100\n|move|p2a: BuenaPersona|Will-O-Wisp|p1b: Delphox\n|-immune|p1b: Delphox\n|move|p1a: Kingambit|Kowtow Cleave|p2b: Bondad\n|-supereffective|p2b: Bondad|1\n|-damage|p2b: Bondad|21/100\n|\n|upkeep\n|turn|4\n|\n|t:|1776045310\n|move|p1b: Delphox|Protect|p1b: Delphox\n|-singleturn|p1b: Delphox|Protect\n|move|p2a: BuenaPersona|Foul Play|p1b: Delphox\n|-activate|p1b: Delphox|move: Protect\n|move|p1a: Kingambit|Kowtow Cleave|p2b: Bondad\n|-supereffective|p2b: Bondad|1\n|-damage|p2b: Bondad|0 fnt\n|faint|p2b: Bondad\n|\n|upkeep\n|\n|t:|1776045319\n|switch|p2b: Alegria|Garganacl, L50, M|100/100\n|turn|5\n|\n|t:|1776045327\n|move|p1a: Kingambit|Protect|p1a: Kingambit\n|-singleturn|p1a: Kingambit|Protect\n|move|p2b: Alegria|Body Press|p1a: Kingambit\n|-activate|p1a: Kingambit|move: Protect\n|move|p2a: BuenaPersona|Foul Play|p1b: Delphox\n|-supereffective|p1b: Delphox|1\n|-damage|p1b: Delphox|31/100\n|move|p1b: Delphox|Substitute|p1b: Delphox\n|-start|p1b: Delphox|Substitute\n|-damage|p1b: Delphox|6/100\n|\n|-fieldend|move: Trick Room\n|upkeep\n|turn|6\n|\n|t:|1776045345\n|move|p2a: BuenaPersona|Quash|p1a: Kingambit\n|-hint|Since gen 7, Dark is immune to Prankster moves.\n|-immune|p1a: Kingambit\n|move|p1b: Delphox|Heat Wave|p2b: Alegria|[spread] p2b\n|-miss|p1b: Delphox|p2a: BuenaPersona\n|-resisted|p2b: Alegria|1\n|-damage|p2b: Alegria|81/100\n|move|p1a: Kingambit|Kowtow Cleave|p2a: BuenaPersona\n|-damage|p2a: BuenaPersona|49/100\n|move|p2b: Alegria|Body Press|p1a: Kingambit\n|-supereffective|p1a: Kingambit|2\n|-enditem|p1a: Kingambit|Chople Berry|[eat]\n|-enditem|p1a: Kingambit|Chople Berry|[weaken]\n|-damage|p1a: Kingambit|68/100\n|\n|-heal|p2b: Alegria|86/100|[from] item: Leftovers\n|upkeep\n|turn|7\n|inactive|Misstaken Magic has 30 seconds left.\n|\n|t:|1776045377\n|move|p1b: Delphox|Heat Wave|p2b: Alegria|[spread] p2a,p2b\n|-resisted|p2b: Alegria|1\n|-damage|p2a: BuenaPersona|0 fnt\n|-damage|p2b: Alegria|66/100\n|faint|p2a: BuenaPersona\n|move|p1a: Kingambit|Iron Head|p2b: Alegria\n|-supereffective|p2b: Alegria|1\n|-damage|p2b: Alegria|11/100\n|move|p2b: Alegria|Body Press|p1a: Kingambit\n|-supereffective|p1a: Kingambit|2\n|-damage|p1a: Kingambit|4/100\n|\n|-heal|p2b: Alegria|17/100|[from] item: Leftovers\n|upkeep\n|\n|t:|1776045388\n|switch|p2a: Amor|Farigiraf, L50, M|26/100\n|turn|8\n|\n|t:|1776045408\n|detailschange|p1b: Delphox|Delphox-Mega, L50, F\n|-mega|p1b: Delphox|Delphox|Delphoxite\n|move|p1b: Delphox|Heat Wave|p2b: Alegria|[spread] p2a,p2b\n|-resisted|p2b: Alegria|1\n|-damage|p2a: Amor|0 fnt\n|-damage|p2b: Alegria|0 fnt\n|faint|p2a: Amor\n|faint|p2b: Alegria\n|\n|win|Misstaken Magic\n|n|\u2606Misstaken Magic|misstakenmagic\n|n|\u2606Thogi_|thogi\n|n| coolguy58213|coolguy58213\n|n| island pocket|islandpocket\n|n| ootama|ootama\n|c|\u2606Thogi_|gg wp\n|c|\u2606Misstaken Magic|ggs\n|l| island pocket\n",
  "uploadtime": 1776045425,
  "views": 15,
  "formatid": "gen9championsvgc2026regma",
  "rating": null,
  "private": 0,
  "password": null
}