{
  "id": "gen9championsvgc2026regma-2582868959",
  "format": "[Gen 9 Champions] VGC 2026 Reg M-A",
  "players": [
    "pundamental_user22",
    "catball 1500"
  ],
  "log": "|j|\u2606pundamental_user22\n|j|\u2606catball 1500\n|t:|1776120581\n|gametype|doubles\n|player|p1|pundamental_user22|pokemaniac|1062\n|player|p2|catball 1500|roughneck|1116\n|gen|9\n|tier|[Gen 9 Champions] VGC 2026 Reg M-A\n|rated|\n|rule|Species Clause: Limit one of each Pok\u00e9mon\n|rule|Item Clause: Limit 1 of each item\n|clearpoke\n|poke|p1|Gengar, L50, F|\n|poke|p1|Pelipper, L50, M|\n|poke|p1|Incineroar, L50, M|\n|poke|p1|Maushold-Four, L50|\n|poke|p1|Politoed, L50, F|\n|poke|p1|Archaludon, L50, M|\n|poke|p2|Orthworm, L50, M|\n|poke|p2|Garchomp, L50, F|\n|poke|p2|Farigiraf, L50, F|\n|poke|p2|Sinistcha, L50|\n|poke|p2|Floette-Eternal, L50, F|\n|poke|p2|Rotom-Wash, L50|\n|teampreview|4\n|inactive|Battle timer is ON: inactive players will automatically lose when time's up. (requested by catball 1500)\n|inactive|catball 1500 has 60 seconds left.\ncatball 1500 has agreed to open team sheets.\npundamental_user22 rejected open team sheets.\n|inactive|catball 1500 has 30 seconds left.\n|\n|t:|1776120646\n|teamsize|p1|4\n|teamsize|p2|4\n|start\n|switch|p1a: Gengar|Gengar, L50, F|100/100\n|switch|p1b: Maushold|Maushold-Four, L50|100/100\n|switch|p2a: Orthworm|Orthworm, L50, M|100/100\n|switch|p2b: Farigiraf|Farigiraf, L50, F|100/100\n|turn|1\n|\n|t:|1776120665\n|detailschange|p1a: Gengar|Gengar-Mega, L50, F\n|-mega|p1a: Gengar|Gengar|Gengarite\n|move|p1b: Maushold|Protect|p1b: Maushold\n|-singleturn|p1b: Maushold|Protect\n|move|p2b: Farigiraf|Protect|p2b: Farigiraf\n|-singleturn|p2b: Farigiraf|Protect\n|move|p1a: Gengar|Perish Song|p1a: Gengar\n|-start|p1a: Gengar|perish3|[silent]\n|-start|p1b: Maushold|perish3|[silent]\n|-start|p2a: Orthworm|perish3|[silent]\n|-start|p2b: Farigiraf|perish3|[silent]\n|-fieldactivate|move: Perish Song\n|move|p2a: Orthworm|Earthquake|p1b: Maushold|[spread] p1a\n|-activate|p2b: Farigiraf|move: Protect\n|-activate|p1b: Maushold|move: Protect\n|-supereffective|p1a: Gengar|1\n|-damage|p1a: Gengar|60/100\n|\n|-start|p1b: Maushold|perish3\n|-start|p1a: Gengar|perish3\n|-start|p2a: Orthworm|perish3\n|-start|p2b: Farigiraf|perish3\n|upkeep\n|turn|2\n|inactive|pundamental_user22 has 30 seconds left.\n|inactive|catball 1500 has 30 seconds left.\n|\n|t:|1776120696\n|move|p1a: Gengar|Protect|p1a: Gengar\n|-singleturn|p1a: Gengar|Protect\n|move|p1b: Maushold|Encore|p2b: Farigiraf\n|-start|p2b: Farigiraf|Encore\n|move|p2b: Farigiraf|Protect|p2b: Farigiraf\n|-singleturn|p2b: Farigiraf|Protect\n|move|p2a: Orthworm|Body Press|p1b: Maushold\n|-supereffective|p1b: Maushold|1\n|-damage|p1b: Maushold|33/100\n|\n|-start|p1b: Maushold|perish2\n|-start|p1a: Gengar|perish2\n|-start|p2a: Orthworm|perish2\n|-start|p2b: Farigiraf|perish2\n|upkeep\n|turn|3\n|inactive|pundamental_user22 has 30 seconds left.\n|\n|t:|1776120722\n|move|p1b: Maushold|Protect|p1b: Maushold\n|-singleturn|p1b: Maushold|Protect\n|move|p2b: Farigiraf|Protect||[still]\n|-fail|p2b: Farigiraf\n|move|p1a: Gengar|Disable|p2a: Orthworm\n|-start|p2a: Orthworm|Disable|Body Press\n|move|p2a: Orthworm|Shed Tail|p2a: Orthworm\n|-start|p2a: Orthworm|Substitute|[from] move: Shed Tail\n|-damage|p2a: Orthworm|50/100\n|\n|t:|1776120736\n|switch|p2a: Rotom|Rotom-Wash, L50|100/100|[from] Shed Tail\n|\n|-start|p1b: Maushold|perish1\n|-start|p1a: Gengar|perish1\n|-start|p2b: Farigiraf|perish1\n|upkeep\n|turn|4\n|\n|t:|1776120749\n|switch|p1b: Pelipper|Pelipper, L50, M|100/100\n|-weather|RainDance|[from] ability: Drizzle|[of] p1b: Pelipper\n|switch|p1a: Archaludon|Archaludon, L50, M|100/100\n|move|p2b: Farigiraf|Protect|p2b: Farigiraf\n|-singleturn|p2b: Farigiraf|Protect\n|move|p2a: Rotom|Electroweb|p1b: Pelipper|[spread] p1a,p1b\n|-resisted|p1a: Archaludon|1\n|-supereffective|p1b: Pelipper|2\n|-damage|p1a: Archaludon|91/100\n|-enditem|p1b: Pelipper|Focus Sash\n|-damage|p1b: Pelipper|1/100\n|-unboost|p1a: Archaludon|spe|1\n|-unboost|p1b: Pelipper|spe|1\n|-ability|p1a: Archaludon|Stamina|boost\n|-boost|p1a: Archaludon|def|1\n|\n|-weather|RainDance|[upkeep]\n|-end|p2b: Farigiraf|Encore\n|-start|p2b: Farigiraf|perish0\n|faint|p2b: Farigiraf\n|upkeep\n|\n|t:|1776120774\n|switch|p2b: Orthworm|Orthworm, L50, M|50/100\n|turn|5\n|-activate|p1a: Archaludon|item: Quick Claw\n|\n|t:|1776120791\n|move|p1b: Pelipper|Wide Guard|p1b: Pelipper\n|-singleturn|p1b: Pelipper|Wide Guard\n|move|p1a: Archaludon|Aura Sphere|p2b: Orthworm\n|-supereffective|p2b: Orthworm|1\n|-damage|p2b: Orthworm|0 fnt\n|faint|p2b: Orthworm\n|move|p2a: Rotom|Electroweb|p1b: Pelipper|[spread] \n|-activate|p1a: Archaludon|move: Wide Guard\n|-activate|p1b: Pelipper|move: Wide Guard\n|\n|-weather|RainDance|[upkeep]\n|upkeep\n|\n|t:|1776120802\n|switch|p2b: Floette|Floette-Eternal, L50, F|100/100\n|turn|6\n|-activate|p1a: Archaludon|item: Quick Claw\n|\n|t:|1776120817\n|detailschange|p2b: Floette|Floette-Mega, L50, F\n|-mega|p2b: Floette|Floette|Floettite\n|-ability|p2b: Floette|Fairy Aura\n|move|p1b: Pelipper|Wide Guard|p1b: Pelipper\n|-singleturn|p1b: Pelipper|Wide Guard\n|move|p1a: Archaludon|Flash Cannon|p2b: Floette\n|-supereffective|p2b: Floette|1\n|-damage|p2b: Floette|43/100\n|move|p2b: Floette|Calm Mind|p2b: Floette\n|-boost|p2b: Floette|spa|1\n|-boost|p2b: Floette|spd|1\n|move|p2a: Rotom|Hydro Pump|p1b: Pelipper\n|-resisted|p1b: Pelipper|1\n|-damage|p1b: Pelipper|0 fnt\n|faint|p1b: Pelipper\n|\n|-weather|RainDance|[upkeep]\n|upkeep\n|\n|t:|1776120833\n|switch|p1b: Gengar|Gengar-Mega, L50, F|60/100\n|turn|7\n|inactive|catball 1500 has 30 seconds left.\n|\n|t:|1776120866\n|move|p1b: Gengar|Perish Song|p1b: Gengar\n|-start|p1a: Archaludon|perish3|[silent]\n|-start|p1b: Gengar|perish3|[silent]\n|-start|p2a: Rotom|perish3|[silent]\n|-start|p2b: Floette|perish3|[silent]\n|-fieldactivate|move: Perish Song\n|move|p2b: Floette|Moonblast|p1a: Archaludon\n|-damage|p1a: Archaludon|0 fnt\n|faint|p1a: Archaludon\n|move|p2a: Rotom|Hydro Pump|p1b: Gengar\n|-damage|p1b: Gengar|0 fnt\n|faint|p1b: Gengar\n|\n|-weather|RainDance|[upkeep]\n|-start|p2b: Floette|perish3\n|-start|p2a: Rotom|perish3\n|upkeep\n|\n|t:|1776120888\n|switch|p1b: Maushold|Maushold-Four, L50|33/100\n|turn|8\n|\n|t:|1776120897\n|move|p1b: Maushold|Protect|p1b: Maushold\n|-singleturn|p1b: Maushold|Protect\n|move|p2b: Floette|Moonblast|p1b: Maushold\n|-activate|p1b: Maushold|move: Protect\n|move|p2a: Rotom|Volt Switch|p1b: Maushold\n|-activate|p1b: Maushold|move: Protect\n|\n|-weather|none\n|-start|p2b: Floette|perish2\n|-start|p2a: Rotom|perish2\n|upkeep\n|turn|9\n|\n|t:|1776120911\n|move|p1b: Maushold|Protect||[still]\n|-fail|p1b: Maushold\n|move|p2b: Floette|Moonblast|p1b: Maushold\n|-damage|p1b: Maushold|0 fnt\n|faint|p1b: Maushold\n|\n|win|catball 1500\n|raw|pundamental_user22's rating: 1044 &rarr; <strong>1031</strong><br />(-13 for losing)\n|raw|catball 1500's rating: 1116 &rarr; <strong>1136</strong><br />(+20 for winning)\n|l|\u2606pundamental_user22\n|player|p1|\n",
  "uploadtime": 1776120925,
  "views": 22,
  "formatid": "gen9championsvgc2026regma",
  "rating": 1031,
  "private": 0,
  "password": null
}