{
  "id": "gen9championsvgc2026regma-2587223312",
  "format": "[Gen 9 Champions] VGC 2026 Reg M-A",
  "players": [
    "LeafyGrass07",
    "dohawyth"
  ],
  "log": "|j|\u2606LeafyGrass07\n|j|\u2606dohawyth\n|t:|1776511095\n|gametype|doubles\n|player|p1|LeafyGrass07|265|1118\n|player|p2|dohawyth|169|1072\n|gen|9\n|tier|[Gen 9 Champions] VGC 2026 Reg M-A\n|rated|\n|rule|Species Clause: Limit one of each Pok\u00e9mon\n|rule|Item Clause: Limit 1 of each item\n|clearpoke\n|poke|p1|Arcanine-Hisui, L50, F|\n|poke|p1|Gyarados, L50, F|\n|poke|p1|Sneasler, L50, F|\n|poke|p1|Whimsicott, L50, M|\n|poke|p1|Meganium, L50, F|\n|poke|p1|Ninetales-Alola, L50, F|\n|poke|p2|Incineroar, L50, F|\n|poke|p2|Crabominable, L50, M|\n|poke|p2|Aggron, L50, M|\n|poke|p2|Kingambit, L50, M|\n|poke|p2|Slowking-Galar, L50, F|\n|poke|p2|Sinistcha, L50|\n|teampreview|4\ndohawyth rejected open team sheets.\n|\n|t:|1776511157\n|teamsize|p1|4\n|teamsize|p2|4\n|start\n|switch|p1a: Ninetales|Ninetales-Alola, L50, F|100/100\n|switch|p1b: Sneasler|Sneasler, L50, F|100/100\n|switch|p2a: Slowking|Slowking-Galar, L50, F|100/100\n|switch|p2b: Kingambit|Kingambit, L50, M|100/100\n|-weather|Snowscape|[from] ability: Snow Warning|[of] p1a: Ninetales\n|turn|1\n|\n|t:|1776511171\n|move|p2b: Kingambit|Protect|p2b: Kingambit\n|-singleturn|p2b: Kingambit|Protect\n|move|p1b: Sneasler|Fake Out|p2b: Kingambit\n|-activate|p2b: Kingambit|move: Protect\n|move|p1a: Ninetales|Aurora Veil|p1a: Ninetales\n|-sidestart|p1: LeafyGrass07|move: Aurora Veil\n|move|p2a: Slowking|Psychic Noise|p1b: Sneasler\n|-supereffective|p1b: Sneasler|2\n|-damage|p1b: Sneasler|0 fnt\n|faint|p1b: Sneasler\n|\n|-weather|Snowscape|[upkeep]\n|upkeep\n|\n|t:|1776511183\n|switch|p1b: Arcanine|Arcanine-Hisui, L50, F|100/100\n|-ability|p1b: Arcanine|Intimidate|boost\n|-unboost|p2a: Slowking|atk|1\n|-unboost|p2b: Kingambit|atk|1\n|-ability|p2b: Kingambit|Defiant|boost\n|-boost|p2b: Kingambit|atk|2\n|turn|2\n|\n|t:|1776511195\n|move|p1a: Ninetales|Moonblast|p2b: Kingambit\n|-damage|p2b: Kingambit|72/100\n|-unboost|p2b: Kingambit|spa|1\n|-ability|p2b: Kingambit|Defiant|boost\n|-boost|p2b: Kingambit|atk|2\n|move|p1b: Arcanine|Flare Blitz|p2b: Kingambit\n|-supereffective|p2b: Kingambit|1\n|-damage|p2b: Kingambit|0 fnt\n|faint|p2b: Kingambit\n|-damage|p1b: Arcanine|72/100|[from] Recoil\n|move|p2a: Slowking|Trick Room|p2a: Slowking\n|-fieldstart|move: Trick Room|[of] p2a: Slowking\n|\n|-weather|Snowscape|[upkeep]\n|upkeep\n|\n|t:|1776511202\n|switch|p2b: Crabominable|Crabominable, L50, M|100/100\n|turn|3\n|\n|t:|1776511218\n|detailschange|p2b: Crabominable|Crabominable-Mega, L50, M\n|-mega|p2b: Crabominable|Crabominable|Crabominite\n|move|p2a: Slowking|Sludge Bomb|p1a: Ninetales\n|-supereffective|p1a: Ninetales|1\n|-damage|p1a: Ninetales|56/100\n|move|p2b: Crabominable|Drain Punch|p1b: Arcanine\n|-supereffective|p1b: Arcanine|1\n|-damage|p1b: Arcanine|0 fnt\n|faint|p1b: Arcanine\n|move|p1a: Ninetales|Moonblast|p2b: Crabominable\n|-supereffective|p2b: Crabominable|1\n|-damage|p2b: Crabominable|52/100\n|-unboost|p2b: Crabominable|spa|1\n|\n|-weather|Snowscape|[upkeep]\n|upkeep\n|\n|t:|1776511231\n|switch|p1b: Gyarados|Gyarados, L50, F|100/100\n|-ability|p1b: Gyarados|Intimidate|boost\n|-unboost|p2a: Slowking|atk|1\n|-unboost|p2b: Crabominable|atk|1\n|turn|4\n|\n|t:|1776511242\n|switch|p2b: Incineroar|Incineroar, L50, F|100/100\n|-ability|p2b: Incineroar|Intimidate|boost\n|-unboost|p1a: Ninetales|atk|1\n|-unboost|p1b: Gyarados|atk|1\n|move|p1b: Gyarados|Protect|p1b: Gyarados\n|-singleturn|p1b: Gyarados|Protect\n|move|p2a: Slowking|Sludge Bomb|p1a: Ninetales\n|-supereffective|p1a: Ninetales|1\n|-damage|p1a: Ninetales|11/100\n|-status|p1a: Ninetales|psn\n|-enditem|p1a: Ninetales|Sitrus Berry|[eat]\n|-heal|p1a: Ninetales|36/100 psn|[from] item: Sitrus Berry\n|move|p1a: Ninetales|Moonblast|p2b: Incineroar\n|-damage|p2b: Incineroar|77/100\n|\n|-weather|Snowscape|[upkeep]\n|-damage|p1a: Ninetales|24/100 psn|[from] psn\n|upkeep\n|turn|5\n|\n|t:|1776511265\n|move|p2b: Incineroar|Fake Out|p1b: Gyarados\n|-damage|p1b: Gyarados|91/100\n|move|p2a: Slowking|Sludge Bomb|p1a: Ninetales\n|-supereffective|p1a: Ninetales|1\n|-damage|p1a: Ninetales|0 fnt\n|faint|p1a: Ninetales\n|cant|p1b: Gyarados|flinch\n|\n|-weather|none\n|-sideend|p1: LeafyGrass07|move: Aurora Veil\n|upkeep\n|turn|6\n|\n|t:|1776511274\n|move|p2a: Slowking|Sludge Bomb|p1b: Gyarados\n|-damage|p1b: Gyarados|56/100\n|move|p2b: Incineroar|Throat Chop|p1b: Gyarados\n|-damage|p1b: Gyarados|12/100\n|-start|p1b: Gyarados|Throat Chop|[silent]\n|move|p1b: Gyarados|Dragon Dance|p1b: Gyarados\n|-boost|p1b: Gyarados|atk|1\n|-boost|p1b: Gyarados|spe|1\n|\n|-fieldend|move: Trick Room\n|upkeep\n|turn|7\n|c|\u2606LeafyGrass07|ggs\n|-message|LeafyGrass07 forfeited.\n|\n|win|dohawyth\n|raw|LeafyGrass07's rating: 1118 &rarr; <strong>1090</strong><br />(-28 for losing)\n|raw|dohawyth's rating: 1072 &rarr; <strong>1105</strong><br />(+33 for winning)\n|l|\u2606LeafyGrass07\n|player|p1|\n|c|\u2606dohawyth|gg\n",
  "uploadtime": 1776511301,
  "views": 20,
  "formatid": "gen9championsvgc2026regma",
  "rating": 1090,
  "private": 0,
  "password": null
}