{
  "id": "gen9championsvgc2026regma-2581299594",
  "format": "[Gen 9 Champions] VGC 2026 Reg M-A",
  "players": [
    "Vgcproto",
    "Timi-alex"
  ],
  "log": "|j|\u2606Vgcproto\n|j|\u2606Timi-alex\n|t:|1775983334\n|gametype|doubles\n|player|p1|Vgcproto|2|1285\n|player|p2|Timi-alex|266|1249\n|gen|9\n|tier|[Gen 9 Champions] VGC 2026 Reg M-A\n|rated|\n|rule|Species Clause: Limit one of each Pok\u00e9mon\n|rule|Item Clause: Limit 1 of each item\n|clearpoke\n|poke|p1|Tyranitar, L50, M|\n|poke|p1|Excadrill, L50, F|\n|poke|p1|Garchomp, L50, F|\n|poke|p1|Corviknight, L50, F|\n|poke|p1|Rotom-Heat, L50|\n|poke|p1|Sinistcha, L50|\n|poke|p2|Scovillain, L50, M|\n|poke|p2|Primarina, L50, M|\n|poke|p2|Raichu, L50, M|\n|poke|p2|Chandelure, L50, F|\n|poke|p2|Sneasler, L50, F|\n|poke|p2|Gyarados, L50, M|\n|teampreview|4\n|inactive|Battle timer is ON: inactive players will automatically lose when time's up. (requested by Timi-alex)\n|j| gE1xjZRtuhW2DdT0AK\n|inactive|Vgcproto has 60 seconds left.\n|inactive|Timi-alex has 60 seconds left.\n|inactive|Vgcproto has 30 seconds left.\n|\n|t:|1775983411\n|teamsize|p1|4\n|teamsize|p2|4\n|start\n|switch|p1a: Tyranitar|Tyranitar, L50, M|100/100\n|switch|p1b: Excadrill|Excadrill, L50, F|100/100\n|switch|p2a: Sneasler|Sneasler, L50, F|100/100\n|switch|p2b: Primarina|Primarina, L50, M|100/100\n|-weather|Sandstorm|[from] ability: Sand Stream|[of] p1a: Tyranitar\n|turn|1\n|inactive|Timi-alex has 30 seconds left.\n|inactive|Timi-alex has 20 seconds left.\n|\n|t:|1775983449\n|move|p1b: Excadrill|Protect|p1b: Excadrill\n|-singleturn|p1b: Excadrill|Protect\n|move|p1a: Tyranitar|Protect|p1a: Tyranitar\n|-singleturn|p1a: Tyranitar|Protect\n|move|p2a: Sneasler|Close Combat|p1a: Tyranitar\n|-activate|p1a: Tyranitar|move: Protect\n|move|p2b: Primarina|Hyper Voice|p1b: Excadrill|[spread] \n|-activate|p1a: Tyranitar|move: Protect\n|-activate|p1b: Excadrill|move: Protect\n|\n|-weather|Sandstorm|[upkeep]\n|-damage|p2a: Sneasler|95/100|[from] Sandstorm\n|-damage|p2b: Primarina|95/100|[from] Sandstorm\n|-heal|p2b: Primarina|100/100|[from] item: Leftovers\n|upkeep\n|turn|2\n|\n|t:|1775983471\n|detailschange|p1a: Tyranitar|Tyranitar-Mega, L50, M\n|-mega|p1a: Tyranitar|Tyranitar|Tyranitarite\n|move|p1b: Excadrill|High Horsepower|p2a: Sneasler\n|-supereffective|p2a: Sneasler|1\n|-damage|p2a: Sneasler|0 fnt\n|faint|p2a: Sneasler\n|move|p1a: Tyranitar|Rock Slide|p2b: Primarina\n|-damage|p2b: Primarina|54/100\n|move|p2b: Primarina|Hyper Voice|p1b: Excadrill|[spread] p1a,p1b\n|-supereffective|p1a: Tyranitar|1\n|-supereffective|p1b: Excadrill|1\n|-damage|p1a: Tyranitar|73/100\n|-damage|p1b: Excadrill|17/100\n|\n|-weather|Sandstorm|[upkeep]\n|-damage|p2b: Primarina|48/100|[from] Sandstorm\n|-heal|p2b: Primarina|54/100|[from] item: Leftovers\n|upkeep\n|\n|t:|1775983475\n|switch|p2a: Scovillain|Scovillain, L50, M|100/100\n|turn|3\n|inactive|Vgcproto has 30 seconds left.\n|\n|t:|1775983502\n|detailschange|p2a: Scovillain|Scovillain-Mega, L50, M\n|-mega|p2a: Scovillain|Scovillain|Scovillainite\n|move|p2a: Scovillain|Rage Powder|p2a: Scovillain\n|-singleturn|p2a: Scovillain|move: Rage Powder\n|move|p1b: Excadrill|High Horsepower|p2a: Scovillain\n|-damage|p2a: Scovillain|41/100\n|-status|p1b: Excadrill|brn|[from] ability: Spicy Spray|[of] p2a: Scovillain\n|move|p1a: Tyranitar|Rock Slide|p2b: Primarina|[spread] p2b\n|-miss|p1a: Tyranitar|p2a: Scovillain\n|-damage|p2b: Primarina|20/100\n|move|p2b: Primarina|Hyper Voice|p1a: Tyranitar|[spread] p1a,p1b\n|-supereffective|p1a: Tyranitar|1\n|-supereffective|p1b: Excadrill|1\n|-damage|p1a: Tyranitar|44/100\n|-damage|p1b: Excadrill|0 fnt\n|faint|p1b: Excadrill\n|\n|-weather|Sandstorm|[upkeep]\n|-damage|p2a: Scovillain|35/100|[from] Sandstorm\n|-damage|p2b: Primarina|14/100|[from] Sandstorm\n|-heal|p2b: Primarina|20/100|[from] item: Leftovers\n|upkeep\n|inactive|Vgcproto has 30 seconds left.\n|\n|t:|1775983530\n|switch|p1b: Rotom|Rotom-Heat, L50|100/100\n|turn|4\n|\n|t:|1775983539\n|move|p2a: Scovillain|Rage Powder|p2a: Scovillain\n|-singleturn|p2a: Scovillain|move: Rage Powder\n|move|p1b: Rotom|Thunderbolt|p2a: Scovillain\n|-resisted|p2a: Scovillain|1\n|-damage|p2a: Scovillain|17/100\n|-immune|p1b: Rotom\n|move|p1a: Tyranitar|Rock Slide|p2b: Primarina|[spread] p2a,p2b\n|-supereffective|p2a: Scovillain|1\n|-damage|p2a: Scovillain|0 fnt\n|-damage|p2b: Primarina|0 fnt\n|-status|p1a: Tyranitar|brn|[from] ability: Spicy Spray|[of] p2a: Scovillain\n|faint|p2a: Scovillain\n|faint|p2b: Primarina\n|\n|-weather|Sandstorm|[upkeep]\n|-damage|p1b: Rotom|95/100|[from] Sandstorm\n|-damage|p1a: Tyranitar|39/100 brn|[from] brn\n|upkeep\n|\n|t:|1775983543\n|switch|p2b: Chandelure|Chandelure, L50, F|100/100\n|turn|5\n|\n|t:|1775983553\n|move|p2b: Chandelure|Heat Wave|p1b: Rotom|[spread] p1a\n|-miss|p2b: Chandelure|p1b: Rotom\n|-resisted|p1a: Tyranitar|1\n|-damage|p1a: Tyranitar|28/100 brn\n|move|p1b: Rotom|Thunderbolt|p2b: Chandelure\n|-damage|p2b: Chandelure|49/100\n|move|p1a: Tyranitar|Knock Off|p2b: Chandelure\n|-supereffective|p2b: Chandelure|1\n|-damage|p2b: Chandelure|0 fnt\n|-enditem|p2b: Chandelure|Choice Scarf|[from] move: Knock Off|[of] p1a: Tyranitar\n|faint|p2b: Chandelure\n|\n|win|Vgcproto\n|raw|Vgcproto's rating: 1285 &rarr; <strong>1307</strong><br />(+22 for winning)\n|raw|Timi-alex's rating: 1249 &rarr; <strong>1227</strong><br />(-22 for losing)\n|l|\u2606Vgcproto\n|player|p1|\n|l|\u2606Timi-alex\n|player|p2|\n",
  "uploadtime": 1775983595,
  "views": 22,
  "formatid": "gen9championsvgc2026regma",
  "rating": 1227,
  "private": 0,
  "password": null
}