{
  "id": "gen9championsvgc2026regma-2584196693",
  "format": "[Gen 9 Champions] VGC 2026 Reg M-A",
  "players": [
    "BigBenNetVI",
    "sabbamaister_kd"
  ],
  "log": "|j|\u2606BigBenNetVI\n|j|\u2606sabbamaister_kd\n|t:|1776236988\n|gametype|doubles\n|player|p1|BigBenNetVI|clown|1107\n|player|p2|sabbamaister_kd|backpacker|1092\n|gen|9\n|tier|[Gen 9 Champions] VGC 2026 Reg M-A\n|rated|\n|rule|Species Clause: Limit one of each Pok\u00e9mon\n|rule|Item Clause: Limit 1 of each item\n|clearpoke\n|poke|p1|Whimsicott, L50, M|\n|poke|p1|Chandelure, L50, M|\n|poke|p1|Kingambit, L50, M|\n|poke|p1|Sneasler, L50, F|\n|poke|p1|Basculegion, L50, M|\n|poke|p1|Clefable, L50, M|\n|poke|p2|Delphox, L50, M|\n|poke|p2|Lucario, L50, M|\n|poke|p2|Whimsicott, L50, F|\n|poke|p2|Rotom-Wash, L50|\n|poke|p2|Basculegion, L50, M|\n|poke|p2|Weavile, L50, M|\n|teampreview|4\n|inactive|Battle timer is ON: inactive players will automatically lose when time's up. (requested by BigBenNetVI)\n|inactive|sabbamaister_kd has 60 seconds left.\n|\n|t:|1776237029\n|teamsize|p1|4\n|teamsize|p2|4\n|start\n|switch|p1a: Whimsicott|Whimsicott, L50, M|100/100\n|switch|p1b: Sneasler|Sneasler, L50, F|100/100\n|switch|p2a: Lucario|Lucario, L50, M|100/100\n|switch|p2b: Whimsicott|Whimsicott, L50, F|100/100\n|turn|1\n|inactive|sabbamaister_kd has 30 seconds left.\n|\n|t:|1776237063\n|move|p2b: Whimsicott|Protect|p2b: Whimsicott\n|-singleturn|p2b: Whimsicott|Protect\n|move|p1a: Whimsicott|Tailwind|p1a: Whimsicott\n|-sidestart|p1: BigBenNetVI|move: Tailwind\n|move|p1b: Sneasler|Close Combat|p2a: Lucario\n|-supereffective|p2a: Lucario|1\n|-damage|p2a: Lucario|0 fnt\n|-unboost|p1b: Sneasler|def|1\n|-unboost|p1b: Sneasler|spd|1\n|faint|p2a: Lucario\n|-enditem|p1b: Sneasler|White Herb\n|-clearnegativeboost|p1b: Sneasler|[silent]\n|\n|upkeep\n|\n|t:|1776237086\n|switch|p2a: Basculegion|Basculegion, L50, M|100/100\n|turn|2\n|\n|t:|1776237107\n|switch|p1a: Clefable|Clefable, L50, M|100/100\n|move|p2b: Whimsicott|Encore||[still]\n|-fail|p2b: Whimsicott\n|move|p1b: Sneasler|Dire Claw|p2b: Whimsicott\n|-supereffective|p2b: Whimsicott|2\n|-damage|p2b: Whimsicott|0 fnt\n|faint|p2b: Whimsicott\n|move|p2a: Basculegion|Flip Turn|p1b: Sneasler\n|-damage|p1b: Sneasler|28/100\n|\n|t:|1776237118\n|switch|p2a: Rotom|Rotom-Wash, L50|100/100|[from] Flip Turn\n|\n|upkeep\n|\n|t:|1776237119\n|switch|p2b: Basculegion|Basculegion, L50, M|100/100\n|turn|3\n|\n|t:|1776237140\n|switch|p1b: Chandelure|Chandelure, L50, M|100/100\n|move|p1a: Clefable|Follow Me|p1a: Clefable\n|-singleturn|p1a: Clefable|move: Follow Me\n|move|p2b: Basculegion|Last Respects|p1a: Clefable\n|-damage|p1a: Clefable|16/100\n|-enditem|p1a: Clefable|Sitrus Berry|[eat]\n|-heal|p1a: Clefable|41/100|[from] item: Sitrus Berry\n|move|p2a: Rotom|Thunderbolt|p1a: Clefable\n|-damage|p1a: Clefable|3/100\n|\n|upkeep\n|turn|4\n|\n|t:|1776237164\n|detailschange|p1b: Chandelure|Chandelure-Mega, L50, M\n|-mega|p1b: Chandelure|Chandelure|Chandelurite\n|move|p1a: Clefable|Follow Me|p1a: Clefable\n|-singleturn|p1a: Clefable|move: Follow Me\n|move|p1b: Chandelure|Shadow Ball|p2b: Basculegion\n|-supereffective|p2b: Basculegion|1\n|-damage|p2b: Basculegion|0 fnt\n|faint|p2b: Basculegion\n|move|p2a: Rotom|Hydro Pump|p1a: Clefable|[miss]\n|-miss|p2a: Rotom|p1a: Clefable\n|\n|-sideend|p1: BigBenNetVI|move: Tailwind\n|upkeep\n|turn|5\n|-message|sabbamaister_kd forfeited.\n|\n|win|BigBenNetVI\n|raw|BigBenNetVI's rating: 1107 &rarr; <strong>1131</strong><br />(+24 for winning)\n|raw|sabbamaister_kd's rating: 1092 &rarr; <strong>1069</strong><br />(-23 for losing)\n|l|\u2606sabbamaister_kd\n|player|p2|\n",
  "uploadtime": 1776237178,
  "views": 20,
  "formatid": "gen9championsvgc2026regma",
  "rating": 1069,
  "private": 0,
  "password": null
}