{
  "id": "gen9championsvgc2026regma-2586926784",
  "format": "[Gen 9 Champions] VGC 2026 Reg M-A",
  "players": [
    "meursault1941",
    "Tacoloney3"
  ],
  "log": "|j|\u2606meursault1941\n|j|\u2606Tacoloney3\n|t:|1776472536\n|gametype|doubles\n|player|p1|meursault1941|169|1078\n|player|p2|Tacoloney3|n|1000\n|gen|9\n|tier|[Gen 9 Champions] VGC 2026 Reg M-A\n|rated|\n|rule|Species Clause: Limit one of each Pok\u00e9mon\n|rule|Item Clause: Limit 1 of each item\n|clearpoke\n|poke|p1|Scovillain, L50, F|\n|poke|p1|Dragapult, L50, F|\n|poke|p1|Garchomp, L50, M|\n|poke|p1|Kingambit, L50, F|\n|poke|p1|Farigiraf, L50, M|\n|poke|p1|Drampa, L50, F|\n|poke|p2|Whimsicott, L50, F|\n|poke|p2|Maushold, L50|\n|poke|p2|Aerodactyl, L50, F|\n|poke|p2|Krookodile, L50, M|\n|poke|p2|Charizard, L50, M|\n|poke|p2|Zoroark-Hisui, L50, M|\n|teampreview|4\n|inactive|Battle timer is ON: inactive players will automatically lose when time's up. (requested by meursault1941)\n|inactive|Tacoloney3 has 60 seconds left.\nmeursault1941 rejected open team sheets.\n|\n|t:|1776472595\n|teamsize|p1|4\n|teamsize|p2|4\n|start\n|switch|p1a: Scovillain|Scovillain, L50, F|100/100\n|switch|p1b: Dragapult|Dragapult, L50, F|100/100\n|switch|p2a: Charizard|Charizard, L50, M|100/100\n|switch|p2b: Aerodactyl|Aerodactyl, L50, F|100/100\n|turn|1\n|\n|t:|1776472605\n|move|p1a: Scovillain|Protect|p1a: Scovillain\n|-singleturn|p1a: Scovillain|Protect\n|move|p1b: Dragapult|Light Screen|p1b: Dragapult\n|-sidestart|p1: meursault1941|move: Light Screen\n|move|p2b: Aerodactyl|Tailwind|p2b: Aerodactyl\n|-sidestart|p2: Tacoloney3|move: Tailwind\n|move|p2a: Charizard|Dragon Dance|p2a: Charizard\n|-boost|p2a: Charizard|atk|1\n|-boost|p2a: Charizard|spe|1\n|\n|-ability|p1a: Scovillain|Moody|boost\n|-boost|p1a: Scovillain|def|2\n|-unboost|p1a: Scovillain|spd|1\n|upkeep\n|turn|2\n|inactive|meursault1941 has 30 seconds left.\n|inactive|Tacoloney3 has 30 seconds left.\n|\n|t:|1776472631\n|detailschange|p2a: Charizard|Charizard-Mega-X, L50, M\n|-mega|p2a: Charizard|Charizard|Charizardite X\n|detailschange|p1a: Scovillain|Scovillain-Mega, L50, F\n|-mega|p1a: Scovillain|Scovillain|Scovillainite\n|move|p2b: Aerodactyl|Dual Wingbeat|p1a: Scovillain\n|-supereffective|p1a: Scovillain|1\n|-damage|p1a: Scovillain|78/100\n|-status|p2b: Aerodactyl|brn|[from] ability: Spicy Spray|[of] p1a: Scovillain\n|-supereffective|p1a: Scovillain|1\n|-damage|p1a: Scovillain|67/100\n|-hitcount|p1a: Scovillain|2\n|move|p2a: Charizard|Dragon Claw|p1b: Dragapult\n|-supereffective|p1b: Dragapult|1\n|-damage|p1b: Dragapult|0 fnt\n|faint|p1b: Dragapult\n|move|p1a: Scovillain|Leech Seed|p2b: Aerodactyl\n|-start|p2b: Aerodactyl|move: Leech Seed\n|\n|-damage|p2b: Aerodactyl|88/100 brn|[from] Leech Seed|[of] p1a: Scovillain\n|-heal|p1a: Scovillain|80/100|[silent]\n|-damage|p2b: Aerodactyl|83/100 brn|[from] brn\n|upkeep\n|\n|t:|1776472647\n|switch|p1b: Farigiraf|Farigiraf, L50, M|100/100\n|turn|3\n|\n|t:|1776472656\n|move|p2b: Aerodactyl|Rock Slide|p1a: Scovillain|[spread] p1a\n|-miss|p2b: Aerodactyl|p1b: Farigiraf\n|-supereffective|p1a: Scovillain|1\n|-damage|p1a: Scovillain|65/100\n|move|p2a: Charizard|Flare Blitz|p1b: Farigiraf\n|-damage|p1b: Farigiraf|0 fnt\n|faint|p1b: Farigiraf\n|-damage|p2a: Charizard|57/100|[from] Recoil\n|move|p1a: Scovillain|Leech Seed|p2a: Charizard\n|-start|p2a: Charizard|move: Leech Seed\n|\n|-damage|p2b: Aerodactyl|71/100 brn|[from] Leech Seed|[of] p1a: Scovillain\n|-heal|p1a: Scovillain|79/100|[silent]\n|-damage|p2a: Charizard|45/100|[from] Leech Seed|[of] p1a: Scovillain\n|-heal|p1a: Scovillain|94/100|[silent]\n|-damage|p2b: Aerodactyl|65/100 brn|[from] brn\n|upkeep\n|\n|t:|1776472671\n|switch|p1b: Kingambit|Kingambit, L50, F|100/100\n|turn|4\n|\n|t:|1776472679\n|move|p1b: Kingambit|Protect|p1b: Kingambit\n|-singleturn|p1b: Kingambit|Protect\n|move|p2b: Aerodactyl|Rock Slide|p1a: Scovillain|[spread] p1a\n|-activate|p1b: Kingambit|move: Protect\n|-supereffective|p1a: Scovillain|1\n|-damage|p1a: Scovillain|80/100\n|move|p2a: Charizard|Flare Blitz|p1a: Scovillain\n|-damage|p1a: Scovillain|10/100\n|-immune|p2a: Charizard\n|-damage|p2a: Charizard|25/100|[from] Recoil\n|move|p1a: Scovillain|Spicy Extract|p2a: Charizard\n|-boost|p2a: Charizard|atk|2\n|-unboost|p2a: Charizard|def|2\n|\n|-damage|p2b: Aerodactyl|53/100 brn|[from] Leech Seed|[of] p1a: Scovillain\n|-heal|p1a: Scovillain|23/100|[silent]\n|-damage|p2a: Charizard|13/100|[from] Leech Seed|[of] p1a: Scovillain\n|-heal|p1a: Scovillain|38/100|[silent]\n|-damage|p2b: Aerodactyl|47/100 brn|[from] brn\n|-sideend|p2: Tacoloney3|move: Tailwind\n|upkeep\n|turn|5\n|\n|t:|1776472704\n|switch|p2b: Maushold|Maushold, L50|100/100\n|move|p1a: Scovillain|Protect|p1a: Scovillain\n|-singleturn|p1a: Scovillain|Protect\n|move|p1b: Kingambit|Sucker Punch|p2a: Charizard\n|-damage|p2a: Charizard|0 fnt\n|faint|p2a: Charizard\n|\n|-sideend|p1: meursault1941|move: Light Screen\n|upkeep\n|\n|t:|1776472725\n|switch|p2a: Aerodactyl|Aerodactyl, L50, F|100/100\n|turn|6\n|inactive|meursault1941 has 30 seconds left.\n|\n|t:|1776472752\n|move|p1a: Scovillain|Protect||[still]\n|-fail|p1a: Scovillain\n|move|p2b: Maushold|Taunt|p1a: Scovillain\n|-start|p1a: Scovillain|move: Taunt\n|move|p2a: Aerodactyl|Nasty Plot|p2a: Aerodactyl\n|-boost|p2a: Aerodactyl|spa|2\n|move|p1b: Kingambit|Iron Head|p2b: Maushold\n|-damage|p2b: Maushold|39/100\n|\n|upkeep\n|turn|7\n|\n|t:|1776472770\n|move|p2b: Maushold|Follow Me|p2b: Maushold\n|-singleturn|p2b: Maushold|move: Follow Me\n|move|p1b: Kingambit|Sucker Punch||[still]\n|-fail|p1b: Kingambit\n|move|p2a: Aerodactyl|Hyper Voice|p1a: Scovillain|[spread] p1a,p1b\n|-resisted|p1b: Kingambit|1\n|-damage|p1a: Scovillain|0 fnt\n|-damage|p1b: Kingambit|68/100\n|-status|p2a: Aerodactyl|brn|[from] ability: Spicy Spray|[of] p1a: Scovillain\n|faint|p1a: Scovillain\n|\n|-damage|p2a: Aerodactyl|94/100 brn|[from] brn\n|upkeep\n|turn|8\n|\n|t:|1776472794\n|move|p2b: Maushold|Follow Me|p2b: Maushold\n|-singleturn|p2b: Maushold|move: Follow Me\n|move|p2a: Aerodactyl|Hyper Voice|p1b: Kingambit\n|-resisted|p1b: Kingambit|1\n|-damage|p1b: Kingambit|23/100\n|move|p1b: Kingambit|Kowtow Cleave|p2b: Maushold\n|-damage|p2b: Maushold|0 fnt\n|faint|p2b: Maushold\n|\n|-damage|p2a: Aerodactyl|88/100 brn|[from] brn\n|upkeep\n|\n|t:|1776472800\n|switch|p2b: Aerodactyl|Aerodactyl, L50, F|47/100 brn\n|turn|9\n|\n|t:|1776472814\n|move|p2a: Aerodactyl|Protect|p2a: Aerodactyl\n|-singleturn|p2a: Aerodactyl|Protect\n|move|p1b: Kingambit|Sucker Punch||[still]\n|-fail|p1b: Kingambit\n|move|p2b: Aerodactyl|Rock Slide|p1b: Kingambit\n|-resisted|p1b: Kingambit|1\n|-crit|p1b: Kingambit\n|-damage|p1b: Kingambit|14/100\n|\n|-damage|p2b: Aerodactyl|41/100 brn|[from] brn\n|-damage|p2a: Aerodactyl|82/100 brn|[from] brn\n|upkeep\n|turn|10\n|\n|t:|1776472829\n|move|p1b: Kingambit|Sucker Punch|p2a: Aerodactyl\n|-supereffective|p2a: Aerodactyl|1\n|-enditem|p2a: Aerodactyl|Colbur Berry|[eat]\n|-enditem|p2a: Aerodactyl|Colbur Berry|[weaken]\n|-damage|p2a: Aerodactyl|0 fnt\n|replace|p2a: Zoroark|Zoroark-Hisui, L50, M\n|-end|p2a: Zoroark|Illusion\n|faint|p2a: Zoroark\n|move|p2b: Aerodactyl|Dual Wingbeat|p1b: Kingambit\n|-resisted|p1b: Kingambit|1\n|-damage|p1b: Kingambit|10/100\n|-resisted|p1b: Kingambit|1\n|-damage|p1b: Kingambit|7/100\n|-hitcount|p1b: Kingambit|2\n|\n|-damage|p2b: Aerodactyl|36/100 brn|[from] brn\n|upkeep\n|turn|11\n|\n|t:|1776472846\n|move|p2b: Aerodactyl|Protect|p2b: Aerodactyl\n|-singleturn|p2b: Aerodactyl|Protect\n|move|p1b: Kingambit|Sucker Punch||[still]\n|-fail|p1b: Kingambit\n|\n|-damage|p2b: Aerodactyl|30/100 brn|[from] brn\n|upkeep\n|turn|12\n|\n|t:|1776472849\n|move|p1b: Kingambit|Sucker Punch||[still]\n|-fail|p1b: Kingambit\n|move|p2b: Aerodactyl|Tailwind|p2b: Aerodactyl\n|-sidestart|p2: Tacoloney3|move: Tailwind\n|\n|-damage|p2b: Aerodactyl|24/100 brn|[from] brn\n|upkeep\n|turn|13\n|\n|t:|1776472854\n|move|p1b: Kingambit|Sucker Punch||[still]\n|-fail|p1b: Kingambit\n|move|p2b: Aerodactyl|Tailwind||[still]\n|-fail|p2b: Aerodactyl\n|\n|-damage|p2b: Aerodactyl|18/100 brn|[from] brn\n|upkeep\n|turn|14\n|\n|t:|1776472862\n|move|p2b: Aerodactyl|Protect|p2b: Aerodactyl\n|-singleturn|p2b: Aerodactyl|Protect\n|move|p1b: Kingambit|Protect||[still]\n|-fail|p1b: Kingambit\n|\n|-damage|p2b: Aerodactyl|13/100 brn|[from] brn\n|upkeep\n|turn|15\n|\n|t:|1776472873\n|move|p2b: Aerodactyl|Protect|p2b: Aerodactyl\n|-singleturn|p2b: Aerodactyl|Protect\n|move|p1b: Kingambit|Iron Head|p2b: Aerodactyl\n|-activate|p2b: Aerodactyl|move: Protect\n|\n|-damage|p2b: Aerodactyl|7/100 brn|[from] brn\n|-sideend|p2: Tacoloney3|move: Tailwind\n|upkeep\n|turn|16\n|\n|t:|1776472881\n|move|p1b: Kingambit|Protect|p1b: Kingambit\n|-singleturn|p1b: Kingambit|Protect\n|move|p2b: Aerodactyl|Dual Wingbeat|p1b: Kingambit\n|-activate|p1b: Kingambit|move: Protect\n|\n|-damage|p2b: Aerodactyl|1/100 brn|[from] brn\n|upkeep\n|turn|17\n|\n|t:|1776472890\n|move|p1b: Kingambit|Sucker Punch|p2b: Aerodactyl\n|-damage|p2b: Aerodactyl|0 fnt\n|faint|p2b: Aerodactyl\n|\n|win|meursault1941\n|raw|meursault1941's rating: 1078 &rarr; <strong>1100</strong><br />(+22 for winning)\n|raw|Tacoloney3's rating: 1000 &rarr; <strong>1000</strong><br />(+0 for losing)\n|l|\u2606Tacoloney3\n|player|p2|\n",
  "uploadtime": 1776472895,
  "views": 27,
  "formatid": "gen9championsvgc2026regma",
  "rating": 1000,
  "private": 0,
  "password": null
}