{
  "id": "gen9championsvgc2026regma-2581276611",
  "format": "[Gen 9 Champions] VGC 2026 Reg M-A",
  "players": [
    "mimik_14",
    "adarefixwillfixit"
  ],
  "log": "|j|\u2606mimik_14\n|j|\u2606adarefixwillfixit\n|t:|1775980106\n|gametype|doubles\n|player|p1|mimik_14|marshal|1137\n|player|p2|adarefixwillfixit|169|1143\n|gen|9\n|tier|[Gen 9 Champions] VGC 2026 Reg M-A\n|rated|\n|rule|Species Clause: Limit one of each Pok\u00e9mon\n|rule|Item Clause: Limit 1 of each item\n|clearpoke\n|poke|p1|Tyranitar, L50, M|\n|poke|p1|Excadrill, L50, F|\n|poke|p1|Sneasler, L50, F|\n|poke|p1|Talonflame, L50, F|\n|poke|p1|Rotom-Wash, L50|\n|poke|p1|Kingambit, L50, F|\n|poke|p2|Floette-Eternal, L50, F|\n|poke|p2|Kingambit, L50, M|\n|poke|p2|Delphox, L50, M|\n|poke|p2|Garchomp, L50, F|\n|poke|p2|Sneasler, L50, F|\n|poke|p2|Whimsicott, L50, M|\n|teampreview|4\n|inactive|Battle timer is ON: inactive players will automatically lose when time's up. (requested by adarefixwillfixit)\n|inactive|mimik_14 also wants the timer to be on.\n|inactive|mimik_14 has 60 seconds left.\n|inactive|mimik_14 has 30 seconds left.\n|inactive|mimik_14 has 20 seconds left.\n|inactive|mimik_14 has 15 seconds left.\n|\n|t:|1775980182\n|teamsize|p1|4\n|teamsize|p2|4\n|start\n|switch|p1a: Tyranitar|Tyranitar, L50, M|100/100\n|switch|p1b: Sneasler|Sneasler, L50, F|100/100\n|switch|p2a: Whimsicott|Whimsicott, L50, M|100/100\n|switch|p2b: Sneasler|Sneasler, L50, F|100/100\n|-weather|Sandstorm|[from] ability: Sand Stream|[of] p1a: Tyranitar\n|turn|1\n|inactive|mimik_14 has 30 seconds left.\n|inactive|adarefixwillfixit has 30 seconds left.\n|inactive|mimik_14 has 20 seconds left.\n|inactive|mimik_14 has 15 seconds left.\n|inactive|mimik_14 has 10 seconds left.\n|inactive|mimik_14 has 5 seconds left.\n|\n|t:|1775980236\n|switch|p1a: Rotom|Rotom-Wash, L50|100/100\n|move|p2a: Whimsicott|Protect|p2a: Whimsicott\n|-singleturn|p2a: Whimsicott|Protect\n|move|p2b: Sneasler|Protect|p2b: Sneasler\n|-singleturn|p2b: Sneasler|Protect\n|move|p1b: Sneasler|Fake Out|p2a: Whimsicott\n|-activate|p2a: Whimsicott|move: Protect\n|\n|-weather|Sandstorm|[upkeep]\n|-damage|p1a: Rotom|95/100|[from] Sandstorm\n|-damage|p2b: Sneasler|95/100|[from] Sandstorm\n|-damage|p1b: Sneasler|94/100|[from] Sandstorm\n|-damage|p2a: Whimsicott|95/100|[from] Sandstorm\n|upkeep\n|turn|2\n|inactive|mimik_14 has 30 seconds left.\n|\n|t:|1775980262\n|switch|p1b: Excadrill|Excadrill, L50, F|100/100\n|move|p1a: Rotom|Volt Switch|p2b: Sneasler\n|-damage|p2b: Sneasler|53/100\n|\n|t:|1775980270\n|switch|p1a: Sneasler|Sneasler, L50, F|94/100|[from] Volt Switch\n|move|p2b: Sneasler|Dire Claw|p1b: Excadrill\n|-immune|p1b: Excadrill\n|move|p2a: Whimsicott|Dazzling Gleam|p1b: Excadrill|[spread] p1a,p1b\n|-resisted|p1b: Excadrill|1\n|-damage|p1a: Sneasler|69/100\n|-damage|p1b: Excadrill|86/100\n|\n|-weather|Sandstorm|[upkeep]\n|-damage|p1a: Sneasler|63/100|[from] Sandstorm\n|-damage|p2b: Sneasler|47/100|[from] Sandstorm\n|-damage|p2a: Whimsicott|89/100|[from] Sandstorm\n|upkeep\n|turn|3\n|inactive|mimik_14 has 30 seconds left.\n|\n|t:|1775980300\n|move|p2a: Whimsicott|Protect|p2a: Whimsicott\n|-singleturn|p2a: Whimsicott|Protect\n|move|p2b: Sneasler|Protect|p2b: Sneasler\n|-singleturn|p2b: Sneasler|Protect\n|move|p1a: Sneasler|Fake Out|p2a: Whimsicott\n|-activate|p2a: Whimsicott|move: Protect\n|move|p1b: Excadrill|High Horsepower|p2b: Sneasler\n|-activate|p2b: Sneasler|move: Protect\n|\n|-weather|Sandstorm|[upkeep]\n|-damage|p2b: Sneasler|41/100|[from] Sandstorm\n|-damage|p1a: Sneasler|57/100|[from] Sandstorm\n|-damage|p2a: Whimsicott|83/100|[from] Sandstorm\n|upkeep\n|turn|4\n|\n|t:|1775980316\n|move|p2a: Whimsicott|Tailwind|p2a: Whimsicott\n|-sidestart|p2: adarefixwillfixit|move: Tailwind\n|move|p2b: Sneasler|Dire Claw|p1a: Sneasler\n|-resisted|p1a: Sneasler|1\n|-damage|p1a: Sneasler|23/100\n|move|p1b: Excadrill|High Horsepower|p2b: Sneasler\n|-supereffective|p2b: Sneasler|1\n|-damage|p2b: Sneasler|0 fnt\n|faint|p2b: Sneasler\n|move|p1a: Sneasler|Close Combat|p2a: Whimsicott\n|-resisted|p2a: Whimsicott|1\n|-damage|p2a: Whimsicott|43/100\n|-unboost|p1a: Sneasler|def|1\n|-unboost|p1a: Sneasler|spd|1\n|-enditem|p1a: Sneasler|White Herb\n|-clearnegativeboost|p1a: Sneasler|[silent]\n|\n|-weather|Sandstorm|[upkeep]\n|-damage|p1a: Sneasler|17/100|[from] Sandstorm\n|-damage|p2a: Whimsicott|37/100|[from] Sandstorm\n|upkeep\n|\n|t:|1775980322\n|switch|p2b: Garchomp|Garchomp, L50, F|100/100\n|turn|5\n|inactive|mimik_14 has 30 seconds left.\n|inactive|mimik_14 has 20 seconds left.\n|inactive|mimik_14 has 15 seconds left.\n|inactive|mimik_14 has 10 seconds left.\n|inactive|mimik_14 has 5 seconds left.\n|\n|t:|1775980375\n|switch|p1a: Rotom|Rotom-Wash, L50|95/100\n|move|p2b: Garchomp|Earthquake|p1a: Rotom|[spread] p2a,p1b\n|-immune|p1a: Rotom|[from] ability: Levitate\n|-resisted|p2a: Whimsicott|1\n|-supereffective|p1b: Excadrill|1\n|-damage|p2a: Whimsicott|2/100\n|-damage|p1b: Excadrill|0 fnt\n|faint|p1b: Excadrill\n|move|p2a: Whimsicott|Dazzling Gleam|p1a: Rotom\n|-damage|p1a: Rotom|64/100\n|\n|-weather|none\n|upkeep\n|inactive|mimik_14 has 30 seconds left.\n|inactive|mimik_14 has 20 seconds left.\n|inactive|mimik_14 has 15 seconds left.\n|inactive|mimik_14 has 10 seconds left.\n|\n|t:|1775980422\n|switch|p1b: Tyranitar|Tyranitar, L50, M|100/100\n|-weather|Sandstorm|[from] ability: Sand Stream|[of] p1b: Tyranitar\n|turn|6\n|\n|t:|1775980440\n|move|p1b: Tyranitar|Protect|p1b: Tyranitar\n|-singleturn|p1b: Tyranitar|Protect\n|move|p2a: Whimsicott|Sunny Day|p2a: Whimsicott\n|-weather|SunnyDay\n|move|p2b: Garchomp|Earthquake|p1b: Tyranitar|[spread] p2a\n|-activate|p1b: Tyranitar|move: Protect\n|-immune|p1a: Rotom|[from] ability: Levitate\n|-resisted|p2a: Whimsicott|1\n|-damage|p2a: Whimsicott|0 fnt\n|faint|p2a: Whimsicott\n|move|p1a: Rotom|Hydro Pump|p2b: Garchomp\n|-damage|p2b: Garchomp|76/100\n|\n|-weather|SunnyDay|[upkeep]\n|upkeep\n|\n|t:|1775980442\n|switch|p2a: Floette|Floette-Eternal, L50, F|100/100\n|turn|7\n|\n|t:|1775980460\n|detailschange|p2a: Floette|Floette-Mega, L50, F\n|-mega|p2a: Floette|Floette|Floettite\n|-ability|p2a: Floette|Fairy Aura\n|detailschange|p1b: Tyranitar|Tyranitar-Mega, L50, M\n|-mega|p1b: Tyranitar|Tyranitar|Tyranitarite\n|-weather|Sandstorm|[from] ability: Sand Stream|[of] p1b: Tyranitar\n|move|p2b: Garchomp|Earthquake|p1b: Tyranitar|[spread] p2a,p1b\n|-immune|p1a: Rotom|[from] ability: Levitate\n|-supereffective|p1b: Tyranitar|1\n|-damage|p2a: Floette|59/100\n|-damage|p1b: Tyranitar|49/100\n|move|p2a: Floette|Moonblast|p1b: Tyranitar\n|-supereffective|p1b: Tyranitar|1\n|-damage|p1b: Tyranitar|0 fnt\n|faint|p1b: Tyranitar\n|move|p1a: Rotom|Hydro Pump|p2b: Garchomp\n|-damage|p2b: Garchomp|25/100\n|\n|-weather|Sandstorm|[upkeep]\n|-damage|p2a: Floette|52/100|[from] Sandstorm\n|-damage|p1a: Rotom|58/100|[from] Sandstorm\n|-sideend|p2: adarefixwillfixit|move: Tailwind\n|upkeep\n|\n|t:|1775980481\n|switch|p1b: Sneasler|Sneasler, L50, F|17/100\n|turn|8\n|\n|t:|1775980500\n|move|p1b: Sneasler|Protect|p1b: Sneasler\n|-singleturn|p1b: Sneasler|Protect\n|move|p2b: Garchomp|Earthquake|p1b: Sneasler|[spread] p2a\n|-activate|p1b: Sneasler|move: Protect\n|-immune|p1a: Rotom|[from] ability: Levitate\n|-damage|p2a: Floette|10/100\n|move|p1a: Rotom|Hydro Pump|p2b: Garchomp|[miss]\n|-miss|p1a: Rotom|p2b: Garchomp\n|move|p2a: Floette|Dazzling Gleam|p1a: Rotom|[spread] p1a\n|-activate|p1b: Sneasler|move: Protect\n|-damage|p1a: Rotom|9/100\n|\n|-weather|Sandstorm|[upkeep]\n|-damage|p1a: Rotom|3/100|[from] Sandstorm\n|-damage|p1b: Sneasler|11/100|[from] Sandstorm\n|-damage|p2a: Floette|4/100|[from] Sandstorm\n|upkeep\n|turn|9\n|inactive|mimik_14 has 30 seconds left.\n|inactive|mimik_14 has 20 seconds left.\n|inactive|mimik_14 has 15 seconds left.\n|\n|t:|1775980545\n|move|p2a: Floette|Protect|p2a: Floette\n|-singleturn|p2a: Floette|Protect\n|move|p2b: Garchomp|Earthquake|p1a: Rotom|[spread] p1b\n|-activate|p2a: Floette|move: Protect\n|-immune|p1a: Rotom|[from] ability: Levitate\n|-supereffective|p1b: Sneasler|1\n|-damage|p1b: Sneasler|0 fnt\n|faint|p1b: Sneasler\n|move|p1a: Rotom|Hydro Pump|p2b: Garchomp\n|-damage|p2b: Garchomp|0 fnt\n|faint|p2b: Garchomp\n|\n|-weather|Sandstorm|[upkeep]\n|-damage|p1a: Rotom|0 fnt|[from] Sandstorm\n|-damage|p2a: Floette|0 fnt|[from] Sandstorm\n|faint|p1a: Rotom\n|faint|p2a: Floette\n|\n|win|adarefixwillfixit\n|raw|mimik_14's rating: 1137 &rarr; <strong>1112</strong><br />(-25 for losing)\n|raw|adarefixwillfixit's rating: 1143 &rarr; <strong>1168</strong><br />(+25 for winning)\n|c|\u2606mimik_14|Gg\n|c|\u2606adarefixwillfixit|Gg\n|l|\u2606adarefixwillfixit\n|player|p2|\n",
  "uploadtime": 1775980587,
  "views": 12,
  "formatid": "gen9championsvgc2026regma",
  "rating": 1112,
  "private": 0,
  "password": null
}