{
  "id": "gen9championsvgc2026regma-2581081432",
  "format": "[Gen 9 Champions] VGC 2026 Reg M-A",
  "players": [
    "biludbiludbilud",
    "ghostvein"
  ],
  "log": "|j|\u2606biludbiludbilud\n|j|\u2606ghostvein\n|t:|1775958079\n|gametype|doubles\n|player|p1|biludbiludbilud|lucas|\n|player|p2|ghostvein|rye|\n|gen|9\n|tier|[Gen 9 Champions] VGC 2026 Reg M-A\n|rated|Tournament battle\n|rule|Species Clause: Limit one of each Pok\u00e9mon\n|rule|Item Clause: Limit 1 of each item\n|raw|<div class=\"infobox\"><details class=\"readmore\" open><summary><strong>1 custom rule:</strong></summary> Force Open Team Sheets</details></div>\n|clearpoke\n|poke|p1|Floette-Eternal, L50, F|\n|poke|p1|Aerodactyl, L50, M|\n|poke|p1|Sneasler, L50, M|\n|poke|p1|Kingambit, L50, M|\n|poke|p1|Incineroar, L50, F|\n|poke|p1|Basculegion, L50, M|\n|poke|p2|Tyranitar, L50, F|\n|poke|p2|Excadrill, L50, M|\n|poke|p2|Sinistcha, L50|\n|poke|p2|Floette-Eternal, L50, F|\n|poke|p2|Rotom-Heat, L50|\n|poke|p2|Corviknight, L50, F|\n|teampreview|4\n|showteam|p1|Floette-Eternal||Floettite|FlowerVeil|Moonblast,DazzlingGleam,CalmMind,Protect|||F|||50|]Aerodactyl||FocusSash|Unnerve|RockSlide,DualWingbeat,Tailwind,Protect|||M|||50|]Sneasler||WhiteHerb|Unburden|DireClaw,CloseCombat,FakeOut,Protect|||M|||50|]Kingambit||ChopleBerry|Defiant|KowtowCleave,LowKick,SuckerPunch,Protect|||M|||50|]Incineroar||SitrusBerry|Intimidate|ThroatChop,FakeOut,FlareBlitz,PartingShot|||F|||50|]Basculegion||ChoiceScarf|Adaptability|WaveCrash,LastRespects,AquaJet,FlipTurn|||M|||50|\n|showteam|p2|Tyranitar||Tyranitarite|SandStream|RockSlide,Crunch,Protect,DragonDance|||F|||50|]Excadrill||FocusSash|SandRush|IronHead,HighHorsepower,Earthquake,Protect|||M|||50|]Sinistcha||SitrusBerry|Hospitality|RagePowder,MatchaGotcha,ShadowBall,TrickRoom||||||50|]Floette-Eternal||Floettite|FlowerVeil|Moonblast,DazzlingGleam,CalmMind,Protect|||F|||50|]Rotom-Heat||Leftovers|Levitate|WillOWisp,Overheat,VoltSwitch,Protect||||||50|]Corviknight||OccaBerry|MirrorArmor|BraveBird,BodyPress,Tailwind,Protect|||F|||50|\n|inactive|Battle timer is ON: inactive players will automatically lose when time's up. (requested by biludbiludbilud)\n|j| Easy L's\n|inactive|ghostvein has 60 seconds left.\n|\n|t:|1775958119\n|teamsize|p1|4\n|teamsize|p2|4\n|start\n|switch|p1a: Aerodactyl|Aerodactyl, L50, M|100/100\n|switch|p1b: Sneasler|Sneasler, L50, M|100/100\n|switch|p2a: Corviknight|Corviknight, L50, F|100/100\n|switch|p2b: On Fraud Watch|Rotom-Heat, L50|100/100\n|-ability|p1a: Aerodactyl|Unnerve\n|turn|1\n|\n|t:|1775958138\n|move|p2b: On Fraud Watch|Protect|p2b: On Fraud Watch\n|-singleturn|p2b: On Fraud Watch|Protect\n|move|p1b: Sneasler|Fake Out|p2b: On Fraud Watch\n|-activate|p2b: On Fraud Watch|move: Protect\n|move|p1a: Aerodactyl|Tailwind|p1a: Aerodactyl\n|-sidestart|p1: biludbiludbilud|move: Tailwind\n|move|p2a: Corviknight|Tailwind|p2a: Corviknight\n|-sidestart|p2: ghostvein|move: Tailwind\n|\n|upkeep\n|turn|2\n|\n|t:|1775958158\n|switch|p2b: Sinistcha|Sinistcha, L50|100/100\n|move|p1a: Aerodactyl|Rock Slide|p2b: Sinistcha|[spread] p2a,p2b\n|-damage|p2a: Corviknight|84/100\n|-damage|p2b: Sinistcha|77/100\n|move|p1b: Sneasler|Close Combat|p2b: Sinistcha\n|-immune|p2b: Sinistcha\n|move|p2a: Corviknight|Brave Bird|p1b: Sneasler\n|-supereffective|p1b: Sneasler|1\n|-damage|p1b: Sneasler|0 fnt\n|faint|p1b: Sneasler\n|-damage|p2a: Corviknight|59/100|[from] Recoil\n|\n|upkeep\n|\n|t:|1775958165\n|switch|p1b: Basculegion|Basculegion, L50, M|100/100\n|turn|3\n|inactive|ghostvein has 30 seconds left.\n|j| knoxxzeta\n|inactive|ghostvein has 20 seconds left.\n|inactive|ghostvein has 15 seconds left.\n|j| Fp On\n|inactive|ghostvein has 10 seconds left.\n|j| volcaronaisboss\n|inactive|ghostvein has 5 seconds left.\n|\n|t:|1775958226\n|switch|p2b: On Fraud Watch|Rotom-Heat, L50|100/100\n|move|p1b: Basculegion|Wave Crash|p2a: Corviknight\n|-damage|p2a: Corviknight|10/100\n|-damage|p1b: Basculegion|84/100|[from] Recoil\n|move|p1a: Aerodactyl|Dual Wingbeat|p2b: On Fraud Watch|[miss]\n|-miss|p1a: Aerodactyl|p2b: On Fraud Watch\n|move|p2a: Corviknight|Body Press|p1a: Aerodactyl\n|-damage|p1a: Aerodactyl|58/100\n|\n|upkeep\n|turn|4\n|\n|t:|1775958239\n|move|p2a: Corviknight|Protect|p2a: Corviknight\n|-singleturn|p2a: Corviknight|Protect\n|move|p1b: Basculegion|Wave Crash|p2b: On Fraud Watch\n|-supereffective|p2b: On Fraud Watch|1\n|-damage|p2b: On Fraud Watch|0 fnt\n|faint|p2b: On Fraud Watch\n|-damage|p1b: Basculegion|57/100|[from] Recoil\n|move|p1a: Aerodactyl|Rock Slide|p2a: Corviknight\n|-activate|p2a: Corviknight|move: Protect\n|\n|-sideend|p1: biludbiludbilud|move: Tailwind\n|-sideend|p2: ghostvein|move: Tailwind\n|upkeep\n|\n|t:|1775958252\n|switch|p2b: Sinistcha|Sinistcha, L50|77/100\n|-heal|p2a: Corviknight|35/100|[from] ability: Hospitality|[of] p2b: Sinistcha\n|turn|5\n|inactive|ghostvein has 30 seconds left.\n|\n|t:|1775958283\n|switch|p1b: Floette|Floette-Eternal, L50, F|100/100\n|move|p2b: Sinistcha|Rage Powder|p2b: Sinistcha\n|-singleturn|p2b: Sinistcha|move: Rage Powder\n|move|p1a: Aerodactyl|Tailwind|p1a: Aerodactyl\n|-sidestart|p1: biludbiludbilud|move: Tailwind\n|move|p2a: Corviknight|Tailwind|p2a: Corviknight\n|-sidestart|p2: ghostvein|move: Tailwind\n|\n|upkeep\n|turn|6\n|\n|t:|1775958301\n|move|p1a: Aerodactyl|Dual Wingbeat|p2b: Sinistcha\n|-supereffective|p2b: Sinistcha|1\n|-damage|p2b: Sinistcha|42/100\n|-supereffective|p2b: Sinistcha|1\n|-damage|p2b: Sinistcha|5/100\n|-hitcount|p2b: Sinistcha|2\n|move|p1b: Floette|Calm Mind|p1b: Floette\n|-boost|p1b: Floette|spa|1\n|-boost|p1b: Floette|spd|1\n|move|p2b: Sinistcha|Matcha Gotcha|p1a: Aerodactyl|[spread] p1a,p1b\n|-damage|p1a: Aerodactyl|25/100\n|-heal|p2b: Sinistcha|20/100|[from] drain|[of] p1a: Aerodactyl\n|-damage|p1b: Floette|87/100\n|-heal|p2b: Sinistcha|26/100|[from] drain|[of] p1b: Floette\n|-status|p1a: Aerodactyl|brn\n|move|p2a: Corviknight|Brave Bird|p1b: Floette\n|-damage|p1b: Floette|47/100\n|-damage|p2a: Corviknight|23/100|[from] Recoil\n|\n|-damage|p1a: Aerodactyl|20/100 brn|[from] brn\n|upkeep\n|turn|7\n|inactive|ghostvein has 30 seconds left.\n|\n|t:|1775958331\n|detailschange|p1b: Floette|Floette-Mega, L50, F\n|-mega|p1b: Floette|Floette|Floettite\n|-ability|p1b: Floette|Fairy Aura\n|move|p2a: Corviknight|Protect|p2a: Corviknight\n|-singleturn|p2a: Corviknight|Protect\n|move|p1a: Aerodactyl|Rock Slide|p2a: Corviknight|[spread] \n|-activate|p2a: Corviknight|move: Protect\n|-miss|p1a: Aerodactyl|p2b: Sinistcha\n|move|p1b: Floette|Dazzling Gleam|p2a: Corviknight|[spread] p2b\n|-activate|p2a: Corviknight|move: Protect\n|-damage|p2b: Sinistcha|0 fnt\n|faint|p2b: Sinistcha\n|\n|-damage|p1a: Aerodactyl|14/100 brn|[from] brn\n|upkeep\n|\n|t:|1775958334\n|switch|p2b: Floette|Floette-Eternal, L50, F|100/100\n|turn|8\n|l| Easy L's\n|\n|t:|1775958356\n|move|p2b: Floette|Protect|p2b: Floette\n|-singleturn|p2b: Floette|Protect\n|move|p1a: Aerodactyl|Dual Wingbeat|p2b: Floette\n|-activate|p2b: Floette|move: Protect\n|move|p1b: Floette|Dazzling Gleam|p2a: Corviknight|[spread] p2a\n|-activate|p2b: Floette|move: Protect\n|-resisted|p2a: Corviknight|1\n|-damage|p2a: Corviknight|0 fnt\n|faint|p2a: Corviknight\n|\n|-damage|p1a: Aerodactyl|8/100 brn|[from] brn\n|-sideend|p1: biludbiludbilud|move: Tailwind\n|-sideend|p2: ghostvein|move: Tailwind\n|upkeep\n|turn|9\n|\n|t:|1775958368\n|detailschange|p2b: Floette|Floette-Mega, L50, F\n|-mega|p2b: Floette|Floette|Floettite\n|-ability|p2b: Floette|Fairy Aura\n|move|p1a: Aerodactyl|Tailwind|p1a: Aerodactyl\n|-sidestart|p1: biludbiludbilud|move: Tailwind\n|move|p1b: Floette|Moonblast|p2b: Floette\n|-crit|p2b: Floette\n|-damage|p2b: Floette|0 fnt\n|faint|p2b: Floette\n|\n|win|biludbiludbilud\n|n|\u2606biludbiludbilud|biludbiludbilud\n|n|\u2606ghostvein|ghostvein\n|n| knoxxzeta|knoxxzeta\n|n| Fp On|fpon\n|n| volcaronaisboss|volcaronaisboss\n|l| Fp On\n|l|\u2606ghostvein\n|player|p2|\n|l| volcaronaisboss\n",
  "uploadtime": 1775958376,
  "views": 16,
  "formatid": "gen9championsvgc2026regma",
  "rating": null,
  "private": 0,
  "password": null
}