{
  "id": "gen9championsvgc2026regma-2585410274",
  "format": "[Gen 9 Champions] VGC 2026 Reg M-A",
  "players": [
    "RomanTogepi",
    "campeondelfitness"
  ],
  "log": "|j|\u2606RomanTogepi\n|j|\u2606campeondelfitness\n|t:|1776345312\n|gametype|doubles\n|player|p1|RomanTogepi|swimmer-gen4dp|1201\n|player|p2|campeondelfitness|swimmer|1112\n|gen|9\n|tier|[Gen 9 Champions] VGC 2026 Reg M-A\n|rated|\n|rule|Species Clause: Limit one of each Pok\u00e9mon\n|rule|Item Clause: Limit 1 of each item\n|clearpoke\n|poke|p1|Gengar, L50, M|\n|poke|p1|Incineroar, L50, M|\n|poke|p1|Kommo-o, L50, F|\n|poke|p1|Sableye, L50, F|\n|poke|p1|Sinistcha-Masterpiece, L50|\n|poke|p1|Floette-Eternal, L50, F|\n|poke|p2|Tyranitar, L50, F|\n|poke|p2|Garchomp, L50, F|\n|poke|p2|Heliolisk, L50, M|\n|poke|p2|Rotom-Heat, L50|\n|poke|p2|Orthworm, L50, M|\n|poke|p2|Aerodactyl, L50, M|\n|teampreview|4\n|inactive|Battle timer is ON: inactive players will automatically lose when time's up. (requested by campeondelfitness)\n|inactive|campeondelfitness has 60 seconds left.\n|\n|t:|1776345344\n|teamsize|p1|4\n|teamsize|p2|4\n|start\n|switch|p1a: Gengar|Gengar, L50, M|100/100\n|switch|p1b: Kommo-o|Kommo-o, L50, F|100/100\n|switch|p2a: Aerodactyl|Aerodactyl, L50, M|100/100\n|switch|p2b: Rotom|Rotom-Heat, L50|100/100\n|-ability|p2a: Aerodactyl|Unnerve\n|turn|1\n|inactive|RomanTogepi has 30 seconds left.\n|inactive|RomanTogepi has 20 seconds left.\n|inactive|RomanTogepi has 15 seconds left.\n|inactive|RomanTogepi has 10 seconds left.\n|inactive|campeondelfitness has 30 seconds left.\n|\n|t:|1776345394\n|detailschange|p1a: Gengar|Gengar-Mega, L50, M\n|-mega|p1a: Gengar|Gengar|Gengarite\n|move|p2a: Aerodactyl|Tailwind|p2a: Aerodactyl\n|-sidestart|p2: campeondelfitness|move: Tailwind\n|move|p2b: Rotom|Volt Switch|p1a: Gengar\n|-damage|p1a: Gengar|72/100\n|\n|t:|1776345405\n|switch|p2b: Tyranitar|Tyranitar, L50, F|100/100|[from] Volt Switch\n|-weather|Sandstorm|[from] ability: Sand Stream|[of] p2b: Tyranitar\n|move|p1a: Gengar|Shadow Ball|p2a: Aerodactyl\n|-damage|p2a: Aerodactyl|52/100\n|move|p1b: Kommo-o|Clangorous Soul|p1b: Kommo-o\n|-boost|p1b: Kommo-o|atk|1\n|-boost|p1b: Kommo-o|def|1\n|-boost|p1b: Kommo-o|spa|1\n|-boost|p1b: Kommo-o|spd|1\n|-boost|p1b: Kommo-o|spe|1\n|-damage|p1b: Kommo-o|68/100\n|\n|-weather|Sandstorm|[upkeep]\n|-damage|p1b: Kommo-o|62/100|[from] Sandstorm\n|-damage|p1a: Gengar|65/100|[from] Sandstorm\n|-heal|p1b: Kommo-o|68/100|[from] item: Leftovers\n|upkeep\n|turn|2\n|\n|t:|1776345427\n|switch|p1a: Sinistcha|Sinistcha-Masterpiece, L50|100/100\n|-heal|p1b: Kommo-o|93/100|[from] ability: Hospitality|[of] p1a: Sinistcha\n|move|p2b: Tyranitar|Helping Hand|p2a: Aerodactyl\n|-singleturn|p2a: Aerodactyl|Helping Hand|[of] p2b: Tyranitar\n|move|p2a: Aerodactyl|Dual Wingbeat|p1b: Kommo-o\n|-supereffective|p1b: Kommo-o|1\n|-damage|p1b: Kommo-o|54/100\n|-supereffective|p1b: Kommo-o|1\n|-damage|p1b: Kommo-o|15/100\n|-hitcount|p1b: Kommo-o|2\n|move|p1b: Kommo-o|Aura Sphere|p2b: Tyranitar\n|-supereffective|p2b: Tyranitar|2\n|-enditem|p2b: Tyranitar|Focus Sash\n|-damage|p2b: Tyranitar|1/100\n|\n|-weather|Sandstorm|[upkeep]\n|-damage|p1b: Kommo-o|9/100|[from] Sandstorm\n|-damage|p1a: Sinistcha|94/100|[from] Sandstorm\n|-heal|p1b: Kommo-o|15/100|[from] item: Leftovers\n|upkeep\n|turn|3\n|inactive|campeondelfitness has 30 seconds left.\n|\n|t:|1776345458\n|move|p1a: Sinistcha|Rage Powder|p1a: Sinistcha\n|-singleturn|p1a: Sinistcha|move: Rage Powder\n|move|p2a: Aerodactyl|Dual Wingbeat|p1a: Sinistcha\n|-supereffective|p1a: Sinistcha|1\n|-damage|p1a: Sinistcha|56/100\n|-supereffective|p1a: Sinistcha|1\n|-crit|p1a: Sinistcha\n|-damage|p1a: Sinistcha|0 fnt\n|faint|p1a: Sinistcha\n|-hitcount|p1: Sinistcha|2\n|move|p1b: Kommo-o|Clanging Scales|p2b: Tyranitar|[spread] p2a,p2b\n|-damage|p2a: Aerodactyl|0 fnt\n|-damage|p2b: Tyranitar|0 fnt\n|faint|p2a: Aerodactyl\n|faint|p2b: Tyranitar\n|-unboost|p1b: Kommo-o|def|1\n|\n|-weather|Sandstorm|[upkeep]\n|-damage|p1b: Kommo-o|9/100|[from] Sandstorm\n|-heal|p1b: Kommo-o|15/100|[from] item: Leftovers\n|upkeep\n|\n|t:|1776345474\n|switch|p2a: Garchomp|Garchomp, L50, F|100/100\n|switch|p1a: Sableye|Sableye, L50, F|100/100\n|switch|p2b: Rotom|Rotom-Heat, L50|100/100\n|turn|4\n|\n|t:|1776345495\n|detailschange|p2a: Garchomp|Garchomp-Mega, L50, F\n|-mega|p2a: Garchomp|Garchomp|Garchompite\n|move|p1a: Sableye|Protect|p1a: Sableye\n|-singleturn|p1a: Sableye|Protect\n|move|p2a: Garchomp|Protect|p2a: Garchomp\n|-singleturn|p2a: Garchomp|Protect\n|move|p1b: Kommo-o|Protect|p1b: Kommo-o\n|-singleturn|p1b: Kommo-o|Protect\n|move|p2b: Rotom|Discharge|p1a: Sableye|[spread] \n|-activate|p2a: Garchomp|move: Protect\n|-activate|p1a: Sableye|move: Protect\n|-activate|p1b: Kommo-o|move: Protect\n|\n|-weather|Sandstorm|[upkeep]\n|-damage|p2b: Rotom|95/100|[from] Sandstorm\n|-damage|p1b: Kommo-o|9/100|[from] Sandstorm\n|-damage|p1a: Sableye|95/100|[from] Sandstorm\n|-heal|p1b: Kommo-o|15/100|[from] item: Leftovers\n|-sideend|p2: campeondelfitness|move: Tailwind\n|upkeep\n|turn|5\n|inactive|campeondelfitness has 30 seconds left.\n|\n|t:|1776345521\n|move|p1a: Sableye|Disable|p2b: Rotom\n|-start|p2b: Rotom|Disable|Discharge\n|-enditem|p2b: Rotom|Mental Herb\n|-end|p2b: Rotom|Disable\n|move|p1b: Kommo-o|Clanging Scales|p2a: Garchomp|[spread] p2a,p2b\n|-supereffective|p2a: Garchomp|1\n|-damage|p2a: Garchomp|0 fnt\n|-damage|p2b: Rotom|31/100\n|faint|p2a: Garchomp\n|-unboost|p1b: Kommo-o|def|1\n|move|p2b: Rotom|Discharge|p1b: Kommo-o|[spread] p1a,p1b\n|-resisted|p1b: Kommo-o|1\n|-damage|p1a: Sableye|72/100\n|-damage|p1b: Kommo-o|8/100\n|\n|-weather|none\n|-heal|p1b: Kommo-o|14/100|[from] item: Leftovers\n|upkeep\n|turn|6\n|-message|campeondelfitness forfeited.\n|\n|win|RomanTogepi\n|raw|RomanTogepi's rating: 1201 &rarr; <strong>1220</strong><br />(+19 for winning)\n|raw|campeondelfitness's rating: 1112 &rarr; <strong>1093</strong><br />(-19 for losing)\n",
  "uploadtime": 1776345541,
  "views": 45,
  "formatid": "gen9championsvgc2026regma",
  "rating": 1093,
  "private": 0,
  "password": null
}