{
  "id": "gen9championsvgc2026regma-2582816841",
  "format": "[Gen 9 Champions] VGC 2026 Reg M-A",
  "players": [
    "cammellio",
    "CuttleFishManiac"
  ],
  "log": "|j|\u2606cammellio\n|j|\u2606CuttleFishManiac\n|t:|1776116324\n|gametype|doubles\n|player|p1|cammellio|1|1059\n|player|p2|CuttleFishManiac|265|1053\n|gen|9\n|tier|[Gen 9 Champions] VGC 2026 Reg M-A\n|rated|\n|rule|Species Clause: Limit one of each Pok\u00e9mon\n|rule|Item Clause: Limit 1 of each item\n|clearpoke\n|poke|p1|Wyrdeer, L50, M|\n|poke|p1|Sinistcha, L50|\n|poke|p1|Incineroar, L50, F|\n|poke|p1|Sneasler, L50, M|\n|poke|p1|Kingambit, L50, M|\n|poke|p1|Aegislash, L50, F|\n|poke|p2|Goodra-Hisui, L50, M|\n|poke|p2|Ceruledge, L50, M|\n|poke|p2|Froslass, L50, F|\n|poke|p2|Camerupt, L50, F|\n|poke|p2|Azumarill, L50, M|\n|poke|p2|Farigiraf, L50, F|\n|teampreview|4\n|\n|t:|1776116352\n|teamsize|p1|4\n|teamsize|p2|4\n|start\n|switch|p1a: Wyrdeer|Wyrdeer, L50, M|100/100\n|switch|p1b: Sneasler|Sneasler, L50, M|100/100\n|switch|p2a: Farigiraf|Farigiraf, L50, F|100/100\n|switch|p2b: Goodra|Goodra-Hisui, L50, M|100/100\n|-ability|p1a: Wyrdeer|Intimidate|boost\n|-unboost|p2a: Farigiraf|atk|1\n|-unboost|p2b: Goodra|atk|1\n|turn|1\n|inactive|Battle timer is ON: inactive players will automatically lose when time's up. (requested by cammellio)\n|\n|t:|1776116380\n|move|p1b: Sneasler|Close Combat|p2b: Goodra\n|-supereffective|p2b: Goodra|1\n|-damage|p2b: Goodra|10/100\n|-unboost|p1b: Sneasler|def|1\n|-unboost|p1b: Sneasler|spd|1\n|-enditem|p1b: Sneasler|White Herb\n|-clearnegativeboost|p1b: Sneasler|[silent]\n|move|p2b: Goodra|Shelter|p2b: Goodra\n|-boost|p2b: Goodra|def|2\n|move|p1a: Wyrdeer|Psyshield Bash|p2b: Goodra\n|-resisted|p2b: Goodra|1\n|-damage|p2b: Goodra|4/100\n|-boost|p1a: Wyrdeer|def|1\n|move|p2a: Farigiraf|Trick Room|p2a: Farigiraf\n|-fieldstart|move: Trick Room|[of] p2a: Farigiraf\n|\n|-heal|p2b: Goodra|10/100|[from] item: Leftovers\n|upkeep\n|turn|2\n|inactive|cammellio has 30 seconds left.\n|inactive|CuttleFishManiac has 30 seconds left.\n|\n|t:|1776116413\n|switch|p1b: Incineroar|Incineroar, L50, F|100/100\n|-ability|p1b: Incineroar|Intimidate|boost\n|-unboost|p2a: Farigiraf|atk|1\n|-unboost|p2b: Goodra|atk|1\n|move|p2a: Farigiraf|Sunny Day|p2a: Farigiraf\n|-weather|SunnyDay\n|move|p1a: Wyrdeer|High Horsepower|p2b: Goodra\n|-supereffective|p2b: Goodra|1\n|-damage|p2b: Goodra|0 fnt\n|faint|p2b: Goodra\n|\n|-weather|SunnyDay|[upkeep]\n|upkeep\n|\n|t:|1776116423\n|switch|p2b: Camerupt|Camerupt, L50, F|100/100\n|turn|3\n|\n|t:|1776116437\n|detailschange|p2b: Camerupt|Camerupt-Mega, L50, F\n|-mega|p2b: Camerupt|Camerupt|Cameruptite\n|move|p2a: Farigiraf|Protect|p2a: Farigiraf\n|-singleturn|p2a: Farigiraf|Protect\n|move|p1b: Incineroar|Fake Out||[still]\n|cant|p2a: Farigiraf|ability: Armor Tail|Fake Out|[of] p1b: Incineroar\n|move|p2b: Camerupt|Lava Plume|p1a: Wyrdeer|[spread] p1a,p1b\n|-activate|p2a: Farigiraf|move: Protect\n|-resisted|p1b: Incineroar|1\n|-damage|p1a: Wyrdeer|42/100\n|-damage|p1b: Incineroar|74/100\n|move|p1a: Wyrdeer|High Horsepower|p2b: Camerupt\n|-supereffective|p2b: Camerupt|1\n|-damage|p2b: Camerupt|52/100\n|\n|-weather|SunnyDay|[upkeep]\n|upkeep\n|turn|4\n|\n|t:|1776116458\n|move|p1a: Wyrdeer|Protect|p1a: Wyrdeer\n|-singleturn|p1a: Wyrdeer|Protect\n|move|p2b: Camerupt|Lava Plume|p1b: Incineroar|[spread] p2a,p1b\n|-activate|p1a: Wyrdeer|move: Protect\n|-resisted|p1b: Incineroar|1\n|-damage|p2a: Farigiraf|35/100\n|-damage|p1b: Incineroar|48/100\n|move|p2a: Farigiraf|Energy Ball|p1b: Incineroar\n|-resisted|p1b: Incineroar|1\n|-damage|p1b: Incineroar|39/100\n|move|p1b: Incineroar|Parting Shot|p2b: Camerupt\n|-unboost|p2b: Camerupt|atk|1\n|-unboost|p2b: Camerupt|spa|1\n|\n|t:|1776116471\n|switch|p1b: Sinistcha|Sinistcha, L50|100/100|[from] Parting Shot\n|-heal|p1a: Wyrdeer|67/100|[from] ability: Hospitality|[of] p1b: Sinistcha\n|\n|-weather|SunnyDay|[upkeep]\n|upkeep\n|turn|5\n|\n|t:|1776116487\n|move|p2a: Farigiraf|Protect|p2a: Farigiraf\n|-singleturn|p2a: Farigiraf|Protect\n|move|p2b: Camerupt|Lava Plume|p1a: Wyrdeer|[spread] p1a,p1b\n|-activate|p2a: Farigiraf|move: Protect\n|-supereffective|p1b: Sinistcha|1\n|-damage|p1a: Wyrdeer|23/100\n|-damage|p1b: Sinistcha|2/100\n|-enditem|p1b: Sinistcha|Sitrus Berry|[eat]\n|-heal|p1b: Sinistcha|26/100|[from] item: Sitrus Berry\n|move|p1a: Wyrdeer|High Horsepower|p2b: Camerupt\n|-supereffective|p2b: Camerupt|1\n|-damage|p2b: Camerupt|2/100\n|move|p1b: Sinistcha|Life Dew|p1b: Sinistcha|[spread] p1a,p1b\n|-heal|p1a: Wyrdeer|49/100\n|-heal|p1b: Sinistcha|52/100\n|\n|-weather|SunnyDay|[upkeep]\n|-fieldend|move: Trick Room\n|upkeep\n|turn|6\n|inactive|cammellio has 30 seconds left.\n|\n|t:|1776116513\n|move|p2b: Camerupt|Protect|p2b: Camerupt\n|-singleturn|p2b: Camerupt|Protect\n|move|p1b: Sinistcha|Life Dew|p1b: Sinistcha|[spread] p1a,p1b\n|-heal|p1a: Wyrdeer|74/100\n|-heal|p1b: Sinistcha|77/100\n|move|p1a: Wyrdeer|Psyshield Bash|p2b: Camerupt\n|-activate|p2b: Camerupt|move: Protect\n|move|p2a: Farigiraf|Trick Room|p2a: Farigiraf\n|-fieldstart|move: Trick Room|[of] p2a: Farigiraf\n|\n|-weather|none\n|upkeep\n|turn|7\n|\n|t:|1776116536\n|switch|p1b: Incineroar|Incineroar, L50, F|39/100\n|-ability|p1b: Incineroar|Intimidate|boost\n|-unboost|p2a: Farigiraf|atk|1\n|-unboost|p2b: Camerupt|atk|1\n|move|p2a: Farigiraf|Protect|p2a: Farigiraf\n|-singleturn|p2a: Farigiraf|Protect\n|move|p1a: Wyrdeer|Protect|p1a: Wyrdeer\n|-singleturn|p1a: Wyrdeer|Protect\n|move|p2b: Camerupt|Solar Beam||[still]\n|-prepare|p2b: Camerupt|Solar Beam\n|\n|upkeep\n|turn|8\n|inactive|cammellio has 30 seconds left.\n|\n|t:|1776116567\n|move|p2b: Camerupt|Solar Beam|p1a: Wyrdeer|[from] lockedmove\n|-damage|p1a: Wyrdeer|44/100\n|move|p2a: Farigiraf|Energy Ball|p1a: Wyrdeer\n|-damage|p1a: Wyrdeer|21/100\n|move|p1a: Wyrdeer|Psyshield Bash|p2b: Camerupt\n|-damage|p2b: Camerupt|0 fnt\n|-boost|p1a: Wyrdeer|def|1\n|faint|p2b: Camerupt\n|move|p1b: Incineroar|Taunt|p2a: Farigiraf\n|-start|p2a: Farigiraf|move: Taunt\n|\n|upkeep\n|\n|t:|1776116579\n|switch|p2b: Azumarill|Azumarill, L50, M|100/100\n|turn|9\n|\n|t:|1776116595\n|move|p1a: Wyrdeer|Protect|p1a: Wyrdeer\n|-singleturn|p1a: Wyrdeer|Protect\n|move|p2b: Azumarill|Belly Drum|p2b: Azumarill\n|-damage|p2b: Azumarill|50/100\n|-setboost|p2b: Azumarill|atk|6|[from] move: Belly Drum\n|-enditem|p2b: Azumarill|Sitrus Berry|[eat]\n|-heal|p2b: Azumarill|75/100|[from] item: Sitrus Berry\n|move|p2a: Farigiraf|Energy Ball|p1a: Wyrdeer\n|-activate|p1a: Wyrdeer|move: Protect\n|move|p1b: Incineroar|Parting Shot|p2b: Azumarill\n|-unboost|p2b: Azumarill|atk|1\n|-unboost|p2b: Azumarill|spa|1\n|\n|t:|1776116613\n|switch|p1b: Sinistcha|Sinistcha, L50|77/100|[from] Parting Shot\n|-heal|p1a: Wyrdeer|46/100|[from] ability: Hospitality|[of] p1b: Sinistcha\n|\n|upkeep\n|turn|10\n|\n|t:|1776116634\n|switch|p1a: Incineroar|Incineroar, L50, F|39/100\n|-ability|p1a: Incineroar|Intimidate|boost\n|-unboost|p2a: Farigiraf|atk|1\n|-unboost|p2b: Azumarill|atk|1\n|move|p2b: Azumarill|Knock Off|p1b: Sinistcha\n|-supereffective|p1b: Sinistcha|1\n|-damage|p1b: Sinistcha|0 fnt\n|faint|p1b: Sinistcha\n|move|p2a: Farigiraf|Energy Ball|p1a: Incineroar\n|-resisted|p1a: Incineroar|1\n|-damage|p1a: Incineroar|30/100\n|\n|-fieldend|move: Trick Room\n|upkeep\n|\n|t:|1776116649\n|switch|p1b: Sneasler|Sneasler, L50, M|100/100\n|turn|11\n|-message|CuttleFishManiac forfeited.\n|\n|win|cammellio\n|raw|cammellio's rating: 1059 &rarr; <strong>1090</strong><br />(+31 for winning)\n|raw|CuttleFishManiac's rating: 1053 &rarr; <strong>1035</strong><br />(-18 for losing)\n|l|\u2606CuttleFishManiac\n|player|p2|\n",
  "uploadtime": 1776116654,
  "views": 15,
  "formatid": "gen9championsvgc2026regma",
  "rating": 1035,
  "private": 0,
  "password": null
}