{
  "id": "gen9championsvgc2026regma-2585430926",
  "format": "[Gen 9 Champions] VGC 2026 Reg M-A",
  "players": [
    "ExpectedVariance",
    "1#MiraidonHater"
  ],
  "log": "|j|\u2606ExpectedVariance\n|j|\u26061#MiraidonHater\n|t:|1776346807\n|gametype|doubles\n|player|p1|ExpectedVariance|1|1202\n|player|p2|1#MiraidonHater|266|1303\n|gen|9\n|tier|[Gen 9 Champions] VGC 2026 Reg M-A\n|rated|\n|rule|Species Clause: Limit one of each Pok\u00e9mon\n|rule|Item Clause: Limit 1 of each item\n|clearpoke\n|poke|p1|Floette-Eternal, L50, F|\n|poke|p1|Sinistcha, L50|\n|poke|p1|Aerodactyl, L50, M|\n|poke|p1|Garchomp, L50, F|\n|poke|p1|Incineroar, L50, M|\n|poke|p1|Rotom-Wash, L50|\n|poke|p2|Houndoom, L50, F|\n|poke|p2|Gengar, L50, F|\n|poke|p2|Torkoal, L50, M|\n|poke|p2|Sinistcha-Masterpiece, L50|\n|poke|p2|Gyarados, L50, M|\n|poke|p2|Farigiraf, L50, M|\n|teampreview|4\n|\n|t:|1776346844\n|teamsize|p1|4\n|teamsize|p2|4\n|start\n|switch|p1a: Floette|Floette-Eternal, L50, F|100/100\n|switch|p1b: Aerodactyl|Aerodactyl, L50, M|100/100\n|switch|p2a: Houndoom|Houndoom, L50, F|100/100\n|switch|p2b: Gengar|Gengar, L50, F|100/100\n|-ability|p1b: Aerodactyl|Unnerve\n|-ability|p2a: Houndoom|Unnerve\n|turn|1\n|inactive|Battle timer is ON: inactive players will automatically lose when time's up. (requested by ExpectedVariance)\n|\n|t:|1776346885\n|switch|p1a: Incineroar|Incineroar, L50, M|100/100\n|-ability|p1a: Incineroar|Intimidate|boost\n|-unboost|p2a: Houndoom|atk|1\n|-unboost|p2b: Gengar|atk|1\n|detailschange|p2a: Houndoom|Houndoom-Mega, L50, F\n|-mega|p2a: Houndoom|Houndoom|Houndoominite\n|move|p2b: Gengar|Sludge Bomb|p1a: Incineroar\n|-damage|p1a: Incineroar|56/100\n|move|p1b: Aerodactyl|Tailwind|p1b: Aerodactyl\n|-sidestart|p1: ExpectedVariance|move: Tailwind\n|move|p2a: Houndoom|Dark Pulse|p1b: Aerodactyl\n|-damage|p1b: Aerodactyl|41/100\n|\n|upkeep\n|turn|2\n|\n|t:|1776346901\n|switch|p2b: Farigiraf|Farigiraf, L50, M|100/100\n|move|p1a: Incineroar|Fake Out||[still]\n|cant|p2b: Farigiraf|ability: Armor Tail|Fake Out|[of] p1a: Incineroar\n|move|p1b: Aerodactyl|Rock Slide|p2a: Houndoom|[spread] p2a\n|-miss|p1b: Aerodactyl|p2b: Farigiraf\n|-supereffective|p2a: Houndoom|1\n|-damage|p2a: Houndoom|41/100\n|move|p2a: Houndoom|Heat Wave|p1a: Incineroar|[spread] p1a,p1b\n|-resisted|p1a: Incineroar|1\n|-resisted|p1b: Aerodactyl|1\n|-damage|p1a: Incineroar|38/100\n|-damage|p1b: Aerodactyl|16/100\n|\n|upkeep\n|turn|3\n|inactive|1#MiraidonHater has 30 seconds left.\n|\n|t:|1776346927\n|move|p2a: Houndoom|Protect|p2a: Houndoom\n|-singleturn|p2a: Houndoom|Protect\n|move|p1b: Aerodactyl|Rock Slide|p2a: Houndoom|[spread] p2b\n|-activate|p2a: Houndoom|move: Protect\n|-damage|p2b: Farigiraf|74/100\n|move|p1a: Incineroar|Throat Chop|p2b: Farigiraf\n|-supereffective|p2b: Farigiraf|1\n|-damage|p2b: Farigiraf|5/100\n|-start|p2b: Farigiraf|Throat Chop|[silent]\n|cant|p2b: Farigiraf|flinch\n|\n|upkeep\n|turn|4\n|\n|t:|1776346941\n|switch|p2a: Torkoal|Torkoal, L50, M|100/100\n|-weather|SunnyDay|[from] ability: Drought|[of] p2a: Torkoal\n|move|p1b: Aerodactyl|Rock Slide|p2a: Torkoal|[spread] p2a,p2b\n|-supereffective|p2a: Torkoal|1\n|-damage|p2a: Torkoal|60/100\n|-damage|p2b: Farigiraf|0 fnt\n|faint|p2b: Farigiraf\n|move|p1a: Incineroar|Throat Chop|p2a: Torkoal\n|-damage|p2a: Torkoal|34/100\n|-start|p2a: Torkoal|Throat Chop|[silent]\n|\n|-weather|SunnyDay|[upkeep]\n|-sideend|p1: ExpectedVariance|move: Tailwind\n|upkeep\n|\n|t:|1776346950\n|switch|p2b: Gengar|Gengar, L50, F|100/100\n|turn|5\n|\n|t:|1776346968\n|move|p1b: Aerodactyl|Wide Guard|p1b: Aerodactyl\n|-singleturn|p1b: Aerodactyl|Wide Guard\n|move|p2b: Gengar|Icy Wind|p1a: Incineroar|[spread] \n|-activate|p1a: Incineroar|move: Wide Guard\n|-activate|p1b: Aerodactyl|move: Wide Guard\n|move|p1a: Incineroar|Throat Chop|p2b: Gengar\n|-supereffective|p2b: Gengar|1\n|-damage|p2b: Gengar|0 fnt\n|faint|p2b: Gengar\n|move|p2a: Torkoal|Earth Power|p1a: Incineroar\n|-supereffective|p1a: Incineroar|1\n|-damage|p1a: Incineroar|0 fnt\n|faint|p1a: Incineroar\n|\n|-weather|SunnyDay|[upkeep]\n|-end|p2a: Torkoal|Throat Chop|[silent]\n|upkeep\n|\n|t:|1776346981\n|switch|p2b: Houndoom|Houndoom-Mega, L50, F|41/100\n|switch|p1a: Garchomp|Garchomp, L50, F|100/100\n|turn|6\n|\n|t:|1776347000\n|move|p1a: Garchomp|Protect|p1a: Garchomp\n|-singleturn|p1a: Garchomp|Protect\n|move|p1b: Aerodactyl|Tailwind|p1b: Aerodactyl\n|-sidestart|p1: ExpectedVariance|move: Tailwind\n|move|p2b: Houndoom|Dark Pulse|p1a: Garchomp\n|-activate|p1a: Garchomp|move: Protect\n|move|p2a: Torkoal|Heat Wave|p1b: Aerodactyl|[spread] p1b\n|-activate|p1a: Garchomp|move: Protect\n|-resisted|p1b: Aerodactyl|1\n|-damage|p1b: Aerodactyl|0 fnt\n|faint|p1b: Aerodactyl\n|\n|-weather|SunnyDay|[upkeep]\n|-damage|p2b: Houndoom|29/100|[from] ability: Solar Power|[of] p2b: Houndoom\n|upkeep\n|-message|1#MiraidonHater forfeited.\n|\n|win|ExpectedVariance\n",
  "uploadtime": 1776346809,
  "views": 23,
  "formatid": "gen9championsvgc2026regma",
  "rating": null,
  "private": 0,
  "password": null
}