{
  "id": "gen9championsvgc2026regma-2587134644",
  "format": "[Gen 9 Champions] VGC 2026 Reg M-A",
  "players": [
    "yosoycrox",
    "chillsbro"
  ],
  "log": "|j|\u2606yosoycrox\n|j|\u2606chillsbro\n|t:|1776498402\n|gametype|doubles\n|player|p1|yosoycrox|iris-gen5bw2|1043\n|player|p2|chillsbro|265|1112\n|gen|9\n|tier|[Gen 9 Champions] VGC 2026 Reg M-A\n|rated|\n|rule|Species Clause: Limit one of each Pok\u00e9mon\n|rule|Item Clause: Limit 1 of each item\n|clearpoke\n|poke|p1|Lopunny, L50, F|\n|poke|p1|Dragapult, L50, F, shiny|\n|poke|p1|Garchomp, L50, M|\n|poke|p1|Whimsicott, L50, M|\n|poke|p1|Gardevoir, L50, F|\n|poke|p1|Volcarona, L50, M, shiny|\n|poke|p2|Camerupt, L50, M|\n|poke|p2|Cofagrigus, L50, M, shiny|\n|poke|p2|Hydrapple, L50, M|\n|poke|p2|Slowbro, L50, M, shiny|\n|poke|p2|Kingambit, L50, M|\n|poke|p2|Bellibolt, L50, M|\n|teampreview|4\n|j| ShowdownMutt\nchillsbro has agreed to open team sheets.\nyosoycrox has agreed to open team sheets.\n|showteam|p1|Lopunny||Lopunnite|Limber|FakeOut,IcePunch,CloseCombat,Uturn|||F|||50|]Dragapult||FocusSash|Infiltrator|Reflect,LightScreen,DragonDarts,WillOWisp|||F|||50|]Garchomp||HabanBerry|RoughSkin|Earthquake,DragonClaw,Protect,RockSlide|||M|||50|]Whimsicott||MentalHerb|Prankster|Moonblast,Tailwind,Encore,LeechSeed|||M|||50|]Gardevoir||ChoiceScarf|Telepathy|Trick,DazzlingGleam,Psychic,ShadowBall|||F|||50|]Volcarona||Leftovers|FlameBody|RagePowder,FieryDance,StruggleBug,Protect|||M|||50|\n|showteam|p2|Camerupt||Cameruptite|SolidRock|HeatWave,Protect,EarthPower,Yawn|||M|||50|]Cofagrigus||MentalHerb|Mummy|BodyPress,TrickRoom,WillOWisp,Haze|||M|||50|]Hydrapple||DragonFang|SupersweetSyrup|HydroPump,LeafStorm,FickleBeam,Recover|||M|||50|]Slowbro||Leftovers|Regenerator|TrickRoom,Scald,Psychic,NastyPlot|||M|||50|]Kingambit||ChopleBerry|SupremeOverlord|SwordsDance,IronHead,ZenHeadbutt,SuckerPunch|||M|||50|]Bellibolt||ShucaBerry|Electromorphosis|MuddyWater,Thunderbolt,Toxic,SlackOff|||M|||50|\n|inactive|Battle timer is ON: inactive players will automatically lose when time's up. (requested by chillsbro)\n|inactive|chillsbro has 60 seconds left.\n|\n|t:|1776498490\n|teamsize|p1|4\n|teamsize|p2|4\n|start\n|switch|p1a: Dragapult|Dragapult, L50, F, shiny|100/100\n|switch|p1b: Volcarona|Volcarona, L50, M, shiny|100/100\n|switch|p2a: handy mandy|Cofagrigus, L50, M, shiny|100/100\n|switch|p2b: idiot|Slowbro, L50, M, shiny|100/100\n|turn|1\n|inactive|yosoycrox has 30 seconds left.\n|\n|t:|1776498518\n|move|p1a: Dragapult|Light Screen|p1a: Dragapult\n|-sidestart|p1: yosoycrox|move: Light Screen\n|move|p1b: Volcarona|Struggle Bug|p2a: handy mandy|[spread] p2a,p2b\n|-resisted|p2a: handy mandy|1\n|-supereffective|p2b: idiot|1\n|-damage|p2a: handy mandy|91/100\n|-damage|p2b: idiot|59/100\n|-unboost|p2a: handy mandy|spa|1\n|-unboost|p2b: idiot|spa|1\n|move|p2a: handy mandy|Will-O-Wisp|p1a: Dragapult\n|-status|p1a: Dragapult|brn\n|move|p2b: idiot|Trick Room|p2b: idiot\n|-fieldstart|move: Trick Room|[of] p2b: idiot\n|\n|-heal|p2b: idiot|65/100|[from] item: Leftovers\n|-damage|p1a: Dragapult|94/100 brn|[from] brn\n|upkeep\n|turn|2\n|\n|t:|1776498541\n|move|p2a: handy mandy|Body Press|p1b: Volcarona\n|-resisted|p1b: Volcarona|1\n|-damage|p1b: Volcarona|81/100\n|move|p2b: idiot|Nasty Plot|p2b: idiot\n|-boost|p2b: idiot|spa|2\n|move|p1b: Volcarona|Struggle Bug|p2b: idiot|[spread] p2a,p2b\n|-resisted|p2a: handy mandy|1\n|-supereffective|p2b: idiot|1\n|-damage|p2a: handy mandy|81/100\n|-damage|p2b: idiot|20/100\n|-unboost|p2a: handy mandy|spa|1\n|-unboost|p2b: idiot|spa|1\n|move|p1a: Dragapult|Will-O-Wisp|p2a: handy mandy\n|-status|p2a: handy mandy|brn\n|\n|-heal|p2b: idiot|26/100|[from] item: Leftovers\n|-heal|p1b: Volcarona|87/100|[from] item: Leftovers\n|-damage|p2a: handy mandy|75/100 brn|[from] brn\n|-damage|p1a: Dragapult|88/100 brn|[from] brn\n|upkeep\n|turn|3\n|inactive|chillsbro has 30 seconds left.\n|\n|t:|1776498567\n|move|p2a: handy mandy|Haze|p2a: handy mandy\n|-clearallboost\n|move|p2b: idiot|Nasty Plot|p2b: idiot\n|-boost|p2b: idiot|spa|2\n|move|p1b: Volcarona|Struggle Bug|p2b: idiot|[spread] p2a,p2b\n|-resisted|p2a: handy mandy|1\n|-supereffective|p2b: idiot|1\n|-damage|p2a: handy mandy|65/100 brn\n|-damage|p2b: idiot|0 fnt\n|-unboost|p2a: handy mandy|spa|1\n|faint|p2b: idiot\n|move|p1a: Dragapult|Reflect|p1a: Dragapult\n|-sidestart|p1: yosoycrox|Reflect\n|\n|-heal|p1b: Volcarona|93/100|[from] item: Leftovers\n|-damage|p2a: handy mandy|59/100 brn|[from] brn\n|-damage|p1a: Dragapult|82/100 brn|[from] brn\n|upkeep\n|\n|t:|1776498577\n|switch|p2b: oven|Camerupt, L50, M|100/100\n|turn|4\n|\n|t:|1776498596\n|switch|p1b: Gardevoir|Gardevoir, L50, F|100/100\n|switch|p1a: Garchomp|Garchomp, L50, M|100/100\n|detailschange|p2b: oven|Camerupt-Mega, L50, M\n|-mega|p2b: oven|Camerupt|Cameruptite\n|move|p2b: oven|Yawn|p1b: Gardevoir\n|-start|p1b: Gardevoir|move: Yawn|[of] p2b: oven\n|move|p2a: handy mandy|Body Press|p1b: Gardevoir\n|-resisted|p1b: Gardevoir|2\n|-damage|p1b: Gardevoir|96/100\n|\n|-damage|p2a: handy mandy|53/100 brn|[from] brn\n|upkeep\n|turn|5\n|inactive|yosoycrox has 30 seconds left.\n|\n|t:|1776498627\n|switch|p1b: Dragapult|Dragapult, L50, F, shiny|82/100 brn\n|move|p2b: oven|Yawn|p1a: Garchomp\n|-start|p1a: Garchomp|move: Yawn|[of] p2b: oven\n|move|p2a: handy mandy|Body Press|p1a: Garchomp\n|-damage|p1a: Garchomp|91/100\n|-damage|p2a: handy mandy|41/100 brn|[from] ability: Rough Skin|[of] p1a: Garchomp\n|move|p1a: Garchomp|Earthquake|p2a: handy mandy|[spread] p1b,p2a,p2b\n|-supereffective|p2b: oven|1\n|-damage|p1b: Dragapult|53/100 brn\n|-damage|p2a: handy mandy|9/100 brn\n|-damage|p2b: oven|26/100\n|\n|-damage|p2a: handy mandy|3/100 brn|[from] brn\n|-damage|p1b: Dragapult|47/100 brn|[from] brn\n|-sideend|p1: yosoycrox|move: Light Screen\n|-fieldend|move: Trick Room\n|upkeep\n|turn|6\n|inactive|chillsbro has 30 seconds left.\n|\n|t:|1776498658\n|switch|p1a: Volcarona|Volcarona, L50, M, shiny|93/100\n|move|p1b: Dragapult|Dragon Darts|p2a: handy mandy\n|-damage|p2a: handy mandy|0 fnt\n|-anim|p1b: Dragapult|Dragon Darts|p2b: oven\n|-damage|p2b: oven|15/100\n|faint|p2a: handy mandy\n|move|p2b: oven|Earth Power|p1b: Dragapult\n|-damage|p1b: Dragapult|0 fnt\n|faint|p1b: Dragapult\n|\n|-heal|p1a: Volcarona|98/100|[from] item: Leftovers\n|upkeep\n|\n|t:|1776498669\n|switch|p1b: Gardevoir|Gardevoir, L50, F|96/100\n|switch|p2a: roomba throne|Kingambit, L50, M|100/100\n|-activate|p2a: roomba throne|ability: Supreme Overlord\n|-start|p2a: roomba throne|fallen2|[silent]\n|turn|7\n|inactive|yosoycrox has 30 seconds left.\n|\n|t:|1776498698\n|move|p1b: Gardevoir|Dazzling Gleam|p2a: roomba throne|[spread] p2a,p2b\n|-resisted|p2b: oven|1\n|-damage|p2a: roomba throne|70/100\n|-damage|p2b: oven|2/100\n|move|p1a: Volcarona|Fiery Dance|p2a: roomba throne\n|-supereffective|p2a: roomba throne|1\n|-damage|p2a: roomba throne|0 fnt\n|faint|p2a: roomba throne\n|-end|p2a: roomba throne|fallen2|[silent]\n|move|p2b: oven|Yawn|p1a: Volcarona\n|-start|p1a: Volcarona|move: Yawn|[of] p2b: oven\n|\n|-heal|p1a: Volcarona|100/100|[from] item: Leftovers\n|-sideend|p1: yosoycrox|Reflect\n|upkeep\n|turn|8\n|-message|chillsbro forfeited.\n|\n|win|yosoycrox\n|raw|yosoycrox's rating: 1043 &rarr; <strong>1083</strong><br />(+40 for winning)\n|raw|chillsbro's rating: 1112 &rarr; <strong>1082</strong><br />(-30 for losing)\n|l|\u2606chillsbro\n|player|p2|\n",
  "uploadtime": 1776498720,
  "views": 37,
  "formatid": "gen9championsvgc2026regma",
  "rating": 1082,
  "private": 0,
  "password": null
}