{
  "id": "gen9championsvgc2026regma-2587504553",
  "format": "[Gen 9 Champions] VGC 2026 Reg M-A",
  "players": [
    "CabbageAgain",
    "Flakenz"
  ],
  "log": "|j|\u2606CabbageAgain\n|j|\u2606Flakenz\n|t:|1776537468\n|gametype|doubles\n|player|p1|CabbageAgain|miku-water|1422\n|player|p2|Flakenz|boarder|1395\n|gen|9\n|tier|[Gen 9 Champions] VGC 2026 Reg M-A\n|rated|\n|rule|Species Clause: Limit one of each Pok\u00e9mon\n|rule|Item Clause: Limit 1 of each item\n|clearpoke\n|poke|p1|Lopunny, L50, M|\n|poke|p1|Aerodactyl, L50, F|\n|poke|p1|Volcarona, L50, F|\n|poke|p1|Basculegion, L50, M|\n|poke|p1|Meganium, L50, F|\n|poke|p1|Kingambit, L50, M|\n|poke|p2|Gengar, L50, M|\n|poke|p2|Kingambit, L50, M|\n|poke|p2|Talonflame, L50, M, shiny|\n|poke|p2|Blastoise, L50, M|\n|poke|p2|Sinistcha, L50|\n|poke|p2|Arcanine-Hisui, L50, M|\n|teampreview|4\n|inactive|Battle timer is ON: inactive players will automatically lose when time's up. (requested by CabbageAgain)\n|inactive|CabbageAgain has 60 seconds left.\n|inactive|Flakenz has 60 seconds left.\n|inactive|CabbageAgain has 30 seconds left.\n|inactive|Flakenz has 30 seconds left.\n|\n|t:|1776537540\n|teamsize|p1|4\n|teamsize|p2|4\n|start\n|switch|p1a: Lopunny|Lopunny, L50, M|100/100\n|switch|p1b: Kingambit|Kingambit, L50, M|100/100\n|switch|p2a: Talonflame|Talonflame, L50, M, shiny|100/100\n|switch|p2b: Blastoise|Blastoise, L50, M|100/100\n|turn|1\n|\n|t:|1776537560\n|detailschange|p1a: Lopunny|Lopunny-Mega, L50, M\n|-mega|p1a: Lopunny|Lopunny|Lopunnite\n|detailschange|p2b: Blastoise|Blastoise-Mega, L50, M\n|-mega|p2b: Blastoise|Blastoise|Blastoisinite\n|move|p2a: Talonflame|Protect|p2a: Talonflame\n|-singleturn|p2a: Talonflame|Protect\n|move|p1a: Lopunny|Fake Out|p2a: Talonflame\n|-activate|p2a: Talonflame|move: Protect\n|move|p2b: Blastoise|Aura Sphere|p1b: Kingambit\n|-supereffective|p1b: Kingambit|2\n|-damage|p1b: Kingambit|0 fnt\n|faint|p1b: Kingambit\n|\n|upkeep\n|\n|t:|1776537571\n|switch|p1b: Basculegion|Basculegion, L50, M|100/100\n|turn|2\n|\n|t:|1776537584\n|move|p2a: Talonflame|Tailwind|p2a: Talonflame\n|-sidestart|p2: Flakenz|move: Tailwind\n|move|p2b: Blastoise|Dark Pulse|p1b: Basculegion\n|-supereffective|p1b: Basculegion|1\n|-damage|p1b: Basculegion|0 fnt\n|faint|p1b: Basculegion\n|move|p1a: Lopunny|Close Combat|p2b: Blastoise\n|-damage|p2b: Blastoise|38/100\n|-unboost|p1a: Lopunny|def|1\n|-unboost|p1a: Lopunny|spd|1\n|\n|upkeep\n|\n|t:|1776537594\n|switch|p1b: Volcarona|Volcarona, L50, F|100/100\n|turn|3\n|inactive|Flakenz has 30 seconds left.\n|\n|t:|1776537624\n|move|p1a: Lopunny|Protect|p1a: Lopunny\n|-singleturn|p1a: Lopunny|Protect\n|move|p2a: Talonflame|Acrobatics|p1a: Lopunny\n|-activate|p1a: Lopunny|move: Protect\n|move|p2b: Blastoise|Water Spout|p1a: Lopunny|[spread] p1b\n|-activate|p1a: Lopunny|move: Protect\n|-supereffective|p1b: Volcarona|1\n|-damage|p1b: Volcarona|53/100\n|move|p1b: Volcarona|Quiver Dance|p1b: Volcarona\n|-boost|p1b: Volcarona|spa|1\n|-boost|p1b: Volcarona|spd|1\n|-boost|p1b: Volcarona|spe|1\n|\n|-heal|p1b: Volcarona|59/100|[from] item: Leftovers\n|upkeep\n|turn|4\n|\n|t:|1776537644\n|move|p1b: Volcarona|Protect|p1b: Volcarona\n|-singleturn|p1b: Volcarona|Protect\n|move|p2a: Talonflame|Acrobatics|p1b: Volcarona\n|-activate|p1b: Volcarona|move: Protect\n|move|p2b: Blastoise|Aura Sphere|p1a: Lopunny\n|-supereffective|p1a: Lopunny|1\n|-damage|p1a: Lopunny|0 fnt\n|faint|p1a: Lopunny\n|\n|-heal|p1b: Volcarona|65/100|[from] item: Leftovers\n|upkeep\n|turn|5\n|-message|CabbageAgain forfeited.\n|\n|win|Flakenz\n|raw|CabbageAgain's rating: 1422 &rarr; <strong>1400</strong><br />(-22 for losing)\n|raw|Flakenz's rating: 1395 &rarr; <strong>1417</strong><br />(+22 for winning)\n|l|\u2606CabbageAgain\n|player|p1|\n",
  "uploadtime": 1776537661,
  "views": 37,
  "formatid": "gen9championsvgc2026regma",
  "rating": 1400,
  "private": 0,
  "password": null
}