{
  "id": "gen9championsvgc2026regma-2584379056",
  "format": "[Gen 9 Champions] VGC 2026 Reg M-A",
  "players": [
    "fluxpotato",
    "ShashKetchum"
  ],
  "log": "|j|\u2606fluxpotato\n|j|\u2606ShashKetchum\n|t:|1776256393\n|gametype|doubles\n|player|p1|fluxpotato|2|1057\n|player|p2|ShashKetchum|rocketgrunt|1135\n|gen|9\n|tier|[Gen 9 Champions] VGC 2026 Reg M-A\n|rated|\n|rule|Species Clause: Limit one of each Pok\u00e9mon\n|rule|Item Clause: Limit 1 of each item\n|clearpoke\n|poke|p1|Sneasler, L50, F|\n|poke|p1|Aerodactyl, L50, M|\n|poke|p1|Garchomp, L50, F|\n|poke|p1|Incineroar, L50, M|\n|poke|p1|Basculegion, L50, M|\n|poke|p1|Charizard, L50, M|\n|poke|p2|Sinistcha, L50|\n|poke|p2|Diggersby, L50, M|\n|poke|p2|Incineroar, L50, M|\n|poke|p2|Basculegion, L50, M|\n|poke|p2|Lucario, L50, F|\n|poke|p2|Noivern, L50, M|\n|teampreview|4\n|inactive|Battle timer is ON: inactive players will automatically lose when time's up. (requested by fluxpotato)\n|inactive|ShashKetchum has 60 seconds left.\n|\n|t:|1776256429\n|teamsize|p1|4\n|teamsize|p2|4\n|start\n|switch|p1a: Sneasler|Sneasler, L50, F|100/100\n|switch|p1b: Incineroar|Incineroar, L50, M|100/100\n|switch|p2a: Basculegion|Basculegion, L50, M|100/100\n|switch|p2b: Noivern|Noivern, L50, M|100/100\n|-ability|p1b: Incineroar|Intimidate|boost\n|-unboost|p2a: Basculegion|atk|1\n|-unboost|p2b: Noivern|atk|1\n|-enditem|p2b: Noivern|White Herb\n|-clearnegativeboost|p2b: Noivern|[silent]\n|turn|1\n|inactive|fluxpotato has 30 seconds left.\n|inactive|ShashKetchum has 30 seconds left.\n|\n|t:|1776256463\n|move|p2b: Noivern|Protect|p2b: Noivern\n|-singleturn|p2b: Noivern|Protect\n|move|p1a: Sneasler|Fake Out|p2b: Noivern\n|-activate|p2b: Noivern|move: Protect\n|move|p2a: Basculegion|Flip Turn|p1b: Incineroar\n|-supereffective|p1b: Incineroar|1\n|-damage|p1b: Incineroar|47/100\n|-enditem|p1b: Incineroar|Sitrus Berry|[eat]\n|-heal|p1b: Incineroar|72/100|[from] item: Sitrus Berry\n|\n|t:|1776256483\n|switch|p2a: Incineroar|Incineroar, L50, M|100/100|[from] Flip Turn\n|-ability|p2a: Incineroar|Intimidate|boost\n|-unboost|p1a: Sneasler|atk|1\n|-unboost|p1b: Incineroar|atk|1\n|move|p1b: Incineroar|Darkest Lariat|p2a: Incineroar\n|-resisted|p2a: Incineroar|1\n|-damage|p2a: Incineroar|87/100\n|\n|upkeep\n|turn|2\n|\n|t:|1776256501\n|move|p2a: Incineroar|Fake Out|p1a: Sneasler\n|-damage|p1a: Sneasler|83/100\n|move|p2b: Noivern|Draco Meteor|p1a: Sneasler|[miss]\n|-miss|p2b: Noivern|p1a: Sneasler\n|cant|p1a: Sneasler|flinch\n|move|p1b: Incineroar|Parting Shot|p2b: Noivern\n|-unboost|p2b: Noivern|atk|1\n|-unboost|p2b: Noivern|spa|1\n|\n|t:|1776256511\n|switch|p1b: Aerodactyl|Aerodactyl, L50, M|100/100|[from] Parting Shot\n|-ability|p1b: Aerodactyl|Unnerve\n|\n|upkeep\n|turn|3\n|inactive|ShashKetchum has 30 seconds left.\n|\n|t:|1776256537\n|switch|p2a: Basculegion|Basculegion, L50, M|100/100\n|move|p2b: Noivern|Protect|p2b: Noivern\n|-singleturn|p2b: Noivern|Protect\n|move|p1b: Aerodactyl|Rock Slide|p2b: Noivern|[spread] p2a\n|-activate|p2b: Noivern|move: Protect\n|-damage|p2a: Basculegion|67/100\n|move|p1a: Sneasler|Close Combat|p2a: Basculegion\n|-immune|p2a: Basculegion\n|\n|upkeep\n|turn|4\n|\n|t:|1776256561\n|switch|p2b: Sinistcha|Sinistcha, L50|100/100\n|-heal|p2a: Basculegion|92/100|[from] ability: Hospitality|[of] p2b: Sinistcha\n|switch|p1a: Incineroar|Incineroar, L50, M|72/100\n|-ability|p1a: Incineroar|Intimidate|boost\n|-unboost|p2a: Basculegion|atk|1\n|-unboost|p2b: Sinistcha|atk|1\n|move|p2a: Basculegion|Flip Turn|p1b: Aerodactyl\n|-supereffective|p1b: Aerodactyl|1\n|-damage|p1b: Aerodactyl|31/100\n|\n|t:|1776256573\n|switch|p2a: Incineroar|Incineroar, L50, M|87/100|[from] Flip Turn\n|-ability|p2a: Incineroar|Intimidate|boost\n|-unboost|p1a: Incineroar|atk|1\n|-unboost|p1b: Aerodactyl|atk|1\n|move|p1b: Aerodactyl|Rock Slide|p2a: Incineroar|[spread] p2a,p2b\n|-supereffective|p2a: Incineroar|1\n|-damage|p2a: Incineroar|56/100\n|-damage|p2b: Sinistcha|88/100\n|\n|-heal|p1b: Aerodactyl|37/100|[from] item: Leftovers\n|upkeep\n|turn|5\n|inactive|fluxpotato has 30 seconds left.\n|\n|t:|1776256599\n|move|p1b: Aerodactyl|Protect|p1b: Aerodactyl\n|-singleturn|p1b: Aerodactyl|Protect\n|move|p2a: Incineroar|Fake Out|p1b: Aerodactyl\n|-activate|p1b: Aerodactyl|move: Protect\n|move|p1a: Incineroar|Darkest Lariat|p2b: Sinistcha\n|-supereffective|p2b: Sinistcha|1\n|-damage|p2b: Sinistcha|54/100\n|move|p2b: Sinistcha|Matcha Gotcha|p1b: Aerodactyl|[spread] p1a\n|-activate|p1b: Aerodactyl|move: Protect\n|-resisted|p1a: Incineroar|1\n|-damage|p1a: Incineroar|60/100\n|-heal|p2b: Sinistcha|61/100|[from] drain|[of] p1a: Incineroar\n|\n|-heal|p1b: Aerodactyl|43/100|[from] item: Leftovers\n|upkeep\n|turn|6\n|inactive|ShashKetchum has 30 seconds left.\n|inactive|fluxpotato has 30 seconds left.\n|inactive|ShashKetchum has 20 seconds left.\n|\n|t:|1776256638\n|move|p1b: Aerodactyl|Tailwind|p1b: Aerodactyl\n|-sidestart|p1: fluxpotato|move: Tailwind\n|move|p1a: Incineroar|Darkest Lariat|p2b: Sinistcha\n|-supereffective|p2b: Sinistcha|1\n|-damage|p2b: Sinistcha|26/100\n|move|p2b: Sinistcha|Life Dew|p2b: Sinistcha|[spread] p2a,p2b\n|-heal|p2a: Incineroar|82/100\n|-heal|p2b: Sinistcha|52/100\n|move|p2a: Incineroar|Throat Chop|p1b: Aerodactyl\n|-damage|p1b: Aerodactyl|0 fnt\n|faint|p1b: Aerodactyl\n|\n|upkeep\n|\n|t:|1776256649\n|switch|p1b: Sneasler|Sneasler, L50, F|83/100\n|turn|7\n|\n|t:|1776256671\n|move|p2a: Incineroar|Protect|p2a: Incineroar\n|-singleturn|p2a: Incineroar|Protect\n|move|p1b: Sneasler|U-turn|p2b: Sinistcha\n|-damage|p2b: Sinistcha|33/100\n|-enditem|p2b: Sinistcha|Sitrus Berry|[eat]\n|-heal|p2b: Sinistcha|57/100|[from] item: Sitrus Berry\n|\n|t:|1776256679\n|switch|p1b: Charizard|Charizard, L50, M, shiny|100/100|[from] U-turn\n|move|p1a: Incineroar|Darkest Lariat|p2a: Incineroar\n|-activate|p2a: Incineroar|move: Protect\n|move|p2b: Sinistcha|Strength Sap|p1b: Charizard\n|-unboost|p1b: Charizard|atk|1\n|-heal|p2b: Sinistcha|100/100\n|\n|upkeep\n|turn|8\n|inactive|ShashKetchum has 30 seconds left.\n|inactive|ShashKetchum has 20 seconds left.\n|\n|t:|1776256718\n|switch|p2b: Noivern|Noivern, L50, M|100/100\n|detailschange|p1b: Charizard|Charizard-Mega-Y, L50, M, shiny\n|-mega|p1b: Charizard|Charizard|Charizardite Y\n|-weather|SunnyDay|[from] ability: Drought|[of] p1b: Charizard\n|move|p1b: Charizard|Heat Wave|p2b: Noivern|[spread] p2a,p2b\n|-resisted|p2a: Incineroar|1\n|-resisted|p2b: Noivern|1\n|-damage|p2a: Incineroar|56/100\n|-damage|p2b: Noivern|58/100\n|move|p1a: Incineroar|Darkest Lariat|p2a: Incineroar\n|-resisted|p2a: Incineroar|1\n|-damage|p2a: Incineroar|43/100\n|move|p2a: Incineroar|Parting Shot|p1b: Charizard\n|-unboost|p1b: Charizard|atk|1\n|-unboost|p1b: Charizard|spa|1\n|\n|t:|1776256732\n|switch|p2a: Sinistcha|Sinistcha, L50|100/100|[from] Parting Shot\n|-heal|p2b: Noivern|83/100|[from] ability: Hospitality|[of] p2a: Sinistcha\n|\n|-weather|SunnyDay|[upkeep]\n|upkeep\n|turn|9\n|\n|t:|1776256746\n|switch|p2a: Incineroar|Incineroar, L50, M|43/100\n|-ability|p2a: Incineroar|Intimidate|boost\n|-unboost|p1a: Incineroar|atk|1\n|-unboost|p1b: Charizard|atk|1\n|move|p2b: Noivern|Protect|p2b: Noivern\n|-singleturn|p2b: Noivern|Protect\n|move|p1b: Charizard|Heat Wave|p2b: Noivern|[spread] p2a\n|-activate|p2b: Noivern|move: Protect\n|-resisted|p2a: Incineroar|1\n|-damage|p2a: Incineroar|25/100\n|move|p1a: Incineroar|Parting Shot|p2b: Noivern\n|-activate|p2b: Noivern|move: Protect\n|\n|-weather|SunnyDay|[upkeep]\n|-sideend|p1: fluxpotato|move: Tailwind\n|upkeep\n|turn|10\n|\n|t:|1776256767\n|move|p1b: Charizard|Protect|p1b: Charizard\n|-singleturn|p1b: Charizard|Protect\n|move|p2a: Incineroar|Fake Out|p1b: Charizard\n|-activate|p1b: Charizard|move: Protect\n|move|p2b: Noivern|Draco Meteor|p1a: Incineroar|[miss]\n|-miss|p2b: Noivern|p1a: Incineroar\n|move|p1a: Incineroar|Parting Shot|p2b: Noivern\n|-unboost|p2b: Noivern|atk|1\n|-unboost|p2b: Noivern|spa|1\n|\n|t:|1776256778\n|switch|p1a: Sneasler|Sneasler, L50, F|83/100|[from] Parting Shot\n|\n|-weather|SunnyDay|[upkeep]\n|upkeep\n|turn|11\n|\n|t:|1776256796\n|switch|p2b: Sinistcha|Sinistcha, L50|100/100\n|-heal|p2a: Incineroar|50/100|[from] ability: Hospitality|[of] p2b: Sinistcha\n|move|p2a: Incineroar|Protect|p2a: Incineroar\n|-singleturn|p2a: Incineroar|Protect\n|move|p1a: Sneasler|Dire Claw|p2a: Incineroar\n|-activate|p2a: Incineroar|move: Protect\n|move|p1b: Charizard|Solar Beam||[still]\n|-prepare|p1b: Charizard|Solar Beam\n|-anim|p1b: Charizard|Solar Beam|p2a: Incineroar\n|-activate|p2a: Incineroar|move: Protect\n|\n|-weather|SunnyDay|[upkeep]\n|upkeep\n|turn|12\n|inactive|ShashKetchum has 30 seconds left.\n|\n|t:|1776256821\n|move|p1a: Sneasler|U-turn|p2a: Incineroar\n|-damage|p2a: Incineroar|24/100\n|\n|t:|1776256823\n|switch|p1a: Incineroar|Incineroar, L50, M|60/100|[from] U-turn\n|-ability|p1a: Incineroar|Intimidate|boost\n|-unboost|p2a: Incineroar|atk|1\n|-unboost|p2b: Sinistcha|atk|1\n|move|p1b: Charizard|Heat Wave|p2a: Incineroar|[spread] p2a,p2b\n|-resisted|p2a: Incineroar|1\n|-supereffective|p2b: Sinistcha|1\n|-damage|p2a: Incineroar|7/100\n|-damage|p2b: Sinistcha|0 fnt\n|faint|p2b: Sinistcha\n|move|p2a: Incineroar|Parting Shot|p1a: Incineroar\n|-unboost|p1a: Incineroar|atk|1\n|-unboost|p1a: Incineroar|spa|1\n|\n|t:|1776256835\n|switch|p2a: Basculegion|Basculegion, L50, M|92/100|[from] Parting Shot\n|\n|-weather|none\n|upkeep\n|\n|t:|1776256839\n|switch|p2b: Noivern|Noivern, L50, M|83/100\n|turn|13\n|\n|t:|1776256856\n|switch|p1b: Sneasler|Sneasler, L50, F|83/100\n|move|p2a: Basculegion|Flip Turn|p1a: Incineroar\n|-supereffective|p1a: Incineroar|1\n|-damage|p1a: Incineroar|0 fnt\n|faint|p1a: Incineroar\n|\n|t:|1776256863\n|switch|p2a: Incineroar|Incineroar, L50, M|7/100|[from] Flip Turn\n|-ability|p2a: Incineroar|Intimidate|boost\n|-unboost|p1b: Sneasler|atk|1\n|move|p2b: Noivern|Draco Meteor|p1b: Sneasler\n|-damage|p1b: Sneasler|8/100\n|-unboost|p2b: Noivern|spa|2\n|\n|upkeep\n|\n|t:|1776256871\n|switch|p1a: Charizard|Charizard-Mega-Y, L50, M, shiny|100/100\n|-weather|SunnyDay|[from] ability: Drought|[of] p1a: Charizard\n|turn|14\n|\n|t:|1776256891\n|move|p1b: Sneasler|Fake Out|p2a: Incineroar\n|-damage|p2a: Incineroar|0 fnt\n|faint|p2a: Incineroar\n|move|p2b: Noivern|Heat Wave|p1a: Charizard|[spread] p1a,p1b\n|-resisted|p1a: Charizard|1\n|-damage|p1a: Charizard|92/100\n|-damage|p1b: Sneasler|0 fnt\n|faint|p1b: Sneasler\n|move|p1a: Charizard|Heat Wave|p2b: Noivern|[miss]\n|-miss|p1a: Charizard|p2b: Noivern\n|\n|-weather|SunnyDay|[upkeep]\n|upkeep\n|\n|t:|1776256902\n|switch|p2a: Basculegion|Basculegion, L50, M|92/100\n|turn|15\n|\n|t:|1776256908\n|move|p2a: Basculegion|Last Respects|p1a: Charizard\n|-damage|p1a: Charizard|0 fnt\n|faint|p1a: Charizard\n|\n|win|ShashKetchum\n|raw|fluxpotato's rating: 1057 &rarr; <strong>1043</strong><br />(-14 for losing)\n|raw|ShashKetchum's rating: 1135 &rarr; <strong>1154</strong><br />(+19 for winning)\n",
  "uploadtime": 1776256928,
  "views": 18,
  "formatid": "gen9championsvgc2026regma",
  "rating": 1043,
  "private": 0,
  "password": null
}