{
  "id": "gen9championsvgc2026regma-2587713095",
  "format": "[Gen 9 Champions] VGC 2026 Reg M-A",
  "players": [
    "tuobashu",
    "mossytreefrog"
  ],
  "log": "|j|\u203dtuobashu\n|j|\u2606mossytreefrog\n|t:|1776556496\n|gametype|doubles\n|player|p1|tuobashu|265|1054\n|player|p2|mossytreefrog|pokemaniac|1005\n|gen|9\n|tier|[Gen 9 Champions] VGC 2026 Reg M-A\n|rated|\n|rule|Species Clause: Limit one of each Pok\u00e9mon\n|rule|Item Clause: Limit 1 of each item\n|clearpoke\n|poke|p1|Scizor, L50, M|\n|poke|p1|Basculegion, L50, M|\n|poke|p1|Sneasler, L50, F|\n|poke|p1|Sableye, L50, M|\n|poke|p1|Incineroar, L50, M|\n|poke|p1|Pelipper, L50, F|\n|poke|p2|Milotic, L50, F, shiny|\n|poke|p2|Heliolisk, L50, F|\n|poke|p2|Sneasler, L50, M, shiny|\n|poke|p2|Feraligatr, L50, M, shiny|\n|poke|p2|Klefki, L50, F|\n|poke|p2|Scovillain, L50, M, shiny|\n|teampreview|4\n|inactive|Battle timer is ON: inactive players will automatically lose when time's up. (requested by mossytreefrog)\n|inactive|tuobashu has 60 seconds left.\n|inactive|mossytreefrog has 60 seconds left.\n|\n|t:|1776556550\n|teamsize|p1|4\n|teamsize|p2|4\n|start\n|switch|p1a: Pelipper|Pelipper, L50, F|100/100\n|switch|p1b: Basculegion|Basculegion, L50, M|100/100\n|switch|p2a: snek|Milotic, L50, F, shiny|100/100\n|switch|p2b: klaw|Sneasler, L50, M, shiny|100/100\n|-weather|RainDance|[from] ability: Drizzle|[of] p1a: Pelipper\n|turn|1\n|\n|t:|1776556574\n|move|p1b: Basculegion|Flip Turn|p2a: snek\n|-resisted|p2a: snek|1\n|-damage|p2a: snek|80/100\n|\n|t:|1776556579\n|switch|p1b: Sableye|Sableye, L50, M|100/100|[from] Flip Turn\n|move|p2b: klaw|Throat Chop|p1b: Sableye\n|-damage|p1b: Sableye|58/100\n|-start|p1b: Sableye|Throat Chop|[silent]\n|move|p1a: Pelipper|Hurricane|p2b: klaw\n|-supereffective|p2b: klaw|1\n|-enditem|p2b: klaw|Focus Sash\n|-damage|p2b: klaw|1/100\n|move|p2a: snek|Coil|p2a: snek\n|-boost|p2a: snek|atk|1\n|-boost|p2a: snek|def|1\n|-boost|p2a: snek|accuracy|1\n|\n|-weather|RainDance|[upkeep]\n|-heal|p2a: snek|86/100|[from] item: Leftovers\n|upkeep\n|turn|2\n|inactive|mossytreefrog has 30 seconds left.\n|inactive|mossytreefrog has 20 seconds left.\n|inactive|mossytreefrog has 15 seconds left.\n|\n|t:|1776556620\n|move|p1b: Sableye|Will-O-Wisp|p2a: snek\n|-status|p2a: snek|brn\n|move|p2b: klaw|Throat Chop|p1b: Sableye\n|-damage|p1b: Sableye|17/100\n|move|p1a: Pelipper|Weather Ball|p2b: klaw\n|-damage|p2b: klaw|0 fnt\n|faint|p2b: klaw\n|move|p2a: snek|Hypnosis|p1a: Pelipper\n|-status|p1a: Pelipper|slp|[from] move: Hypnosis\n|\n|-weather|RainDance|[upkeep]\n|-heal|p2a: snek|92/100 brn|[from] item: Leftovers\n|-damage|p2a: snek|86/100 brn|[from] brn\n|-end|p1b: Sableye|Throat Chop|[silent]\n|upkeep\n|\n|t:|1776556636\n|switch|p2b: scovy|Scovillain, L50, M, shiny|100/100\n|turn|3\n|\n|t:|1776556654\n|move|p1b: Sableye|Disable|p2a: snek\n|-start|p2a: snek|Disable|Hypnosis\n|cant|p1a: Pelipper|slp\n|cant|p2a: snek|Disable|Hypnosis\n|move|p2b: scovy|Leech Seed|p1a: Pelipper|[miss]\n|-miss|p2b: scovy|p1a: Pelipper\n|\n|-weather|RainDance|[upkeep]\n|-heal|p2a: snek|92/100 brn|[from] item: Leftovers\n|-damage|p2a: snek|86/100 brn|[from] brn\n|upkeep\n|turn|4\n|inactive|mossytreefrog has 30 seconds left.\n|\n|t:|1776556680\n|move|p1b: Sableye|Light Screen|p1b: Sableye\n|-sidestart|p1: tuobashu|move: Light Screen\n|-curestatus|p1a: Pelipper|slp|[msg]\n|move|p1a: Pelipper|Tailwind|p1a: Pelipper\n|-sidestart|p1: tuobashu|move: Tailwind\n|move|p2a: snek|Muddy Water|p1a: Pelipper|[spread] p1a,p1b\n|-resisted|p1a: Pelipper|1\n|-crit|p1a: Pelipper\n|-damage|p1a: Pelipper|48/100\n|-damage|p1b: Sableye|0 fnt\n|faint|p1b: Sableye\n|move|p2b: scovy|Leech Seed|p1a: Pelipper\n|-start|p1a: Pelipper|move: Leech Seed\n|\n|-weather|RainDance|[upkeep]\n|-heal|p2a: snek|92/100 brn|[from] item: Leftovers\n|-damage|p1a: Pelipper|36/100|[from] Leech Seed|[of] p2b: scovy\n|-damage|p2a: snek|86/100 brn|[from] brn\n|upkeep\n|\n|t:|1776556702\n|switch|p1b: Scizor|Scizor, L50, M|100/100\n|turn|5\n|\n|t:|1776556714\n|switch|p2b: gilbert|Feraligatr, L50, M, shiny|100/100\n|detailschange|p1b: Scizor|Scizor-Mega, L50, M\n|-mega|p1b: Scizor|Scizor|Scizorite\n|move|p1a: Pelipper|Hurricane|p2b: gilbert\n|-damage|p2b: gilbert|54/100\n|move|p1b: Scizor|Bug Bite|p2b: gilbert\n|-damage|p2b: gilbert|0 fnt\n|faint|p2b: gilbert\n|move|p2a: snek|Muddy Water|p1b: Scizor|[spread] p1a,p1b\n|-resisted|p1a: Pelipper|1\n|-damage|p1a: Pelipper|12/100\n|-damage|p1b: Scizor|72/100\n|\n|-weather|none\n|-heal|p2a: snek|92/100 brn|[from] item: Leftovers\n|-damage|p2a: snek|86/100 brn|[from] brn\n|upkeep\n|\n|t:|1776556729\n|switch|p2b: scovy|Scovillain, L50, M, shiny|100/100\n|turn|6\n|inactive|mossytreefrog has 30 seconds left.\n|\n|t:|1776556758\n|switch|p1a: Basculegion|Basculegion, L50, M|100/100\n|detailschange|p2b: scovy|Scovillain-Mega, L50, M, shiny\n|-mega|p2b: scovy|Scovillain|Scovillainite\n|move|p1b: Scizor|Protect|p1b: Scizor\n|-singleturn|p1b: Scizor|Protect\n|move|p2a: snek|Muddy Water|p1b: Scizor|[spread] p1a\n|-activate|p1b: Scizor|move: Protect\n|-resisted|p1a: Basculegion|1\n|-damage|p1a: Basculegion|90/100\n|-unboost|p1a: Basculegion|accuracy|1\n|move|p2b: scovy|Overheat|p1b: Scizor\n|-activate|p1b: Scizor|move: Protect\n|\n|-heal|p2a: snek|92/100 brn|[from] item: Leftovers\n|-damage|p2a: snek|86/100 brn|[from] brn\n|-end|p2a: snek|Disable\n|upkeep\n|turn|7\n|inactive|mossytreefrog has 30 seconds left.\n|inactive|mossytreefrog has 20 seconds left.\n|\n|t:|1776556797\n|switch|p1b: Pelipper|Pelipper, L50, F|12/100\n|-weather|RainDance|[from] ability: Drizzle|[of] p1b: Pelipper\n|move|p1a: Basculegion|Wave Crash|p2b: scovy\n|-damage|p2b: scovy|22/100\n|-status|p1a: Basculegion|brn|[from] ability: Spicy Spray|[of] p2b: scovy\n|-damage|p1a: Basculegion|71/100 brn|[from] Recoil\n|move|p2a: snek|Hypnosis||[still]\n|-fail|p2a: snek\n|move|p2b: scovy|Fire Spin|p1a: Basculegion\n|-resisted|p1a: Basculegion|1\n|-damage|p1a: Basculegion|69/100 brn\n|-activate|p1a: Basculegion|move: Fire Spin|[of] p2b: scovy\n|\n|-weather|RainDance|[upkeep]\n|-heal|p2a: snek|92/100 brn|[from] item: Leftovers\n|-damage|p1a: Basculegion|63/100 brn|[from] brn\n|-damage|p2a: snek|86/100 brn|[from] brn\n|-damage|p1a: Basculegion|50/100 brn|[from] move: Fire Spin|[partiallytrapped]\n|-sideend|p1: tuobashu|move: Tailwind\n|upkeep\n|turn|8\n|inactive|mossytreefrog has 30 seconds left.\n|\n|t:|1776556824\n|move|p2b: scovy|Rage Powder|p2b: scovy\n|-singleturn|p2b: scovy|move: Rage Powder\n|move|p1a: Basculegion|Wave Crash|p2b: scovy\n|-damage|p2b: scovy|0 fnt\n|faint|p2b: scovy\n|-damage|p1a: Basculegion|45/100 brn|[from] Recoil\n|move|p1b: Pelipper|Tailwind|p1b: Pelipper\n|-sidestart|p1: tuobashu|move: Tailwind\n|move|p2a: snek|Hypnosis|p1b: Pelipper\n|-status|p1b: Pelipper|slp|[from] move: Hypnosis\n|\n|-weather|RainDance|[upkeep]\n|-heal|p2a: snek|92/100 brn|[from] item: Leftovers\n|-damage|p1a: Basculegion|39/100 brn|[from] brn\n|-damage|p2a: snek|86/100 brn|[from] brn\n|-end|p1a: Basculegion|Fire Spin|[partiallytrapped]|[silent]\n|-sideend|p1: tuobashu|move: Light Screen\n|upkeep\n|turn|9\n|\n|t:|1776556844\n|switch|p1b: Scizor|Scizor-Mega, L50, M|72/100\n|move|p1a: Basculegion|Wave Crash|p2a: snek\n|-resisted|p2a: snek|1\n|-damage|p2a: snek|72/100 brn\n|-damage|p1a: Basculegion|35/100 brn|[from] Recoil\n|move|p2a: snek|Coil|p2a: snek\n|-boost|p2a: snek|atk|1\n|-boost|p2a: snek|def|1\n|-boost|p2a: snek|accuracy|1\n|\n|-weather|RainDance|[upkeep]\n|-heal|p2a: snek|78/100 brn|[from] item: Leftovers\n|-damage|p1a: Basculegion|29/100 brn|[from] brn\n|-damage|p2a: snek|72/100 brn|[from] brn\n|upkeep\n|turn|10\n|\n|t:|1776556860\n|move|p1a: Basculegion|Wave Crash|p2a: snek\n|-resisted|p2a: snek|1\n|-damage|p2a: snek|63/100 brn\n|-damage|p1a: Basculegion|25/100 brn|[from] Recoil\n|move|p1b: Scizor|Swords Dance|p1b: Scizor\n|-boost|p1b: Scizor|atk|2\n|move|p2a: snek|Hypnosis|p1b: Scizor\n|-status|p1b: Scizor|slp|[from] move: Hypnosis\n|\n|-weather|RainDance|[upkeep]\n|-heal|p2a: snek|69/100 brn|[from] item: Leftovers\n|-damage|p1a: Basculegion|19/100 brn|[from] brn\n|-damage|p2a: snek|63/100 brn|[from] brn\n|upkeep\n|turn|11\n|\n|t:|1776556872\n|move|p1a: Basculegion|Wave Crash|p2a: snek\n|-resisted|p2a: snek|1\n|-damage|p2a: snek|54/100 brn\n|-damage|p1a: Basculegion|16/100 brn|[from] Recoil\n|cant|p1b: Scizor|slp\n|move|p2a: snek|Muddy Water|p1b: Scizor|[spread] p1a,p1b\n|-resisted|p1a: Basculegion|1\n|-damage|p1a: Basculegion|0 fnt\n|-damage|p1b: Scizor|26/100 slp\n|-unboost|p1b: Scizor|accuracy|1\n|faint|p1a: Basculegion\n|\n|-weather|none\n|-heal|p2a: snek|60/100 brn|[from] item: Leftovers\n|-damage|p2a: snek|54/100 brn|[from] brn\n|-sideend|p1: tuobashu|move: Tailwind\n|upkeep\n|\n|t:|1776556880\n|switch|p1a: Pelipper|Pelipper, L50, F|12/100 slp\n|-weather|RainDance|[from] ability: Drizzle|[of] p1a: Pelipper\n|turn|12\n|\n|t:|1776556888\n|cant|p1a: Pelipper|slp\n|cant|p1b: Scizor|slp\n|move|p2a: snek|Muddy Water|p1a: Pelipper|[spread] p1a,p1b\n|-resisted|p1a: Pelipper|1\n|-damage|p1a: Pelipper|0 fnt\n|-damage|p1b: Scizor|0 fnt\n|faint|p1a: Pelipper\n|faint|p1b: Scizor\n|\n|win|mossytreefrog\n|raw|tuobashu's rating: 1054 &rarr; <strong>1033</strong><br />(-21 for losing)\n|raw|mossytreefrog's rating: 1005 &rarr; <strong>1050</strong><br />(+45 for winning)\n",
  "uploadtime": 1776556900,
  "views": 15,
  "formatid": "gen9championsvgc2026regma",
  "rating": 1033,
  "private": 0,
  "password": null
}