{
  "id": "gen9championsvgc2026regma-2584021314",
  "format": "[Gen 9 Champions] VGC 2026 Reg M-A",
  "players": [
    "disciple of blahaj",
    "loadbruno"
  ],
  "log": "|j|\u2606disciple of blahaj\n|j|\u2606loadbruno\n|t:|1776217505\n|gametype|doubles\n|player|p1|disciple of blahaj|jacinthe|1211\n|player|p2|loadbruno|worker|1240\n|gen|9\n|tier|[Gen 9 Champions] VGC 2026 Reg M-A\n|rated|\n|rule|Species Clause: Limit one of each Pok\u00e9mon\n|rule|Item Clause: Limit 1 of each item\n|clearpoke\n|poke|p1|Golurk, L50|\n|poke|p1|Oranguru, L50, F|\n|poke|p1|Hatterene, L50, F|\n|poke|p1|Meowstic, L50, M|\n|poke|p1|Torkoal, L50, F|\n|poke|p1|Gourgeist-*, L50, F|\n|poke|p2|Talonflame, L50, M|\n|poke|p2|Kangaskhan, L50, F|\n|poke|p2|Basculegion, L50, M|\n|poke|p2|Passimian, L50, F|\n|poke|p2|Charizard, L50, F|\n|poke|p2|Heliolisk, L50, F|\n|teampreview|4\n|inactive|Battle timer is ON: inactive players will automatically lose when time's up. (requested by disciple of blahaj)\n|inactive|loadbruno has 60 seconds left.\n|\n|t:|1776217582\n|teamsize|p1|4\n|teamsize|p2|4\n|start\n|switch|p1a: Golurk|Golurk, L50|100/100\n|switch|p1b: Oranguru|Oranguru, L50, F|100/100\n|switch|p2a: Charizard|Charizard, L50, F|100/100\n|switch|p2b: Kangaskhan|Kangaskhan, L50, F|100/100\n|turn|1\n|inactive|loadbruno has 30 seconds left.\n|\n|t:|1776217613\n|detailschange|p2a: Charizard|Charizard-Mega-Y, L50, F\n|-mega|p2a: Charizard|Charizard|Charizardite Y\n|-weather|SunnyDay|[from] ability: Drought|[of] p2a: Charizard\n|detailschange|p1a: Golurk|Golurk-Mega, L50\n|-mega|p1a: Golurk|Golurk|Golurkite\n|move|p1a: Golurk|Protect|p1a: Golurk\n|-singleturn|p1a: Golurk|Protect\n|move|p2b: Kangaskhan|Fake Out|p1b: Oranguru\n|-damage|p1b: Oranguru|84/100\n|move|p2a: Charizard|Heat Wave|p1a: Golurk|[spread] p1b\n|-activate|p1a: Golurk|move: Protect\n|-damage|p1b: Oranguru|29/100\n|move|p1b: Oranguru|Trick Room|p1b: Oranguru\n|-fieldstart|move: Trick Room|[of] p1b: Oranguru\n|\n|-weather|SunnyDay|[upkeep]\n|upkeep\n|turn|2\n|\n|t:|1776217638\n|move|p2a: Charizard|Protect|p2a: Charizard\n|-singleturn|p2a: Charizard|Protect\n|move|p1a: Golurk|Shadow Punch|p2a: Charizard\n|-ability|p1a: Golurk|Unseen Fist\n|-zbroken|p2a: Charizard\n|-damage|p2a: Charizard|86/100\n|move|p1b: Oranguru|Instruct|p1a: Golurk\n|-singleturn|p1a: Golurk|move: Instruct|[of] p1b: Oranguru\n|move|p1a: Golurk|Shadow Punch|p2a: Charizard\n|-ability|p1a: Golurk|Unseen Fist\n|-zbroken|p2a: Charizard\n|-damage|p2a: Charizard|73/100\n|move|p2b: Kangaskhan|Double-Edge|p1a: Golurk\n|-damage|p1a: Golurk|39/100\n|-damage|p2b: Kangaskhan|79/100|[from] Recoil\n|\n|-weather|SunnyDay|[upkeep]\n|upkeep\n|turn|3\n|inactive|disciple of blahaj has 30 seconds left.\n|inactive|loadbruno has 30 seconds left.\n|\n|t:|1776217669\n|switch|p2a: Passimian|Passimian, L50, F|100/100\n|move|p1a: Golurk|Close Combat|p2b: Kangaskhan\n|-supereffective|p2b: Kangaskhan|1\n|-damage|p2b: Kangaskhan|0 fnt\n|-unboost|p1a: Golurk|def|1\n|-unboost|p1a: Golurk|spd|1\n|faint|p2b: Kangaskhan\n|move|p1b: Oranguru|Encore||[still]\n|-fail|p1b: Oranguru\n|\n|-weather|SunnyDay|[upkeep]\n|upkeep\n|\n|t:|1776217681\n|switch|p2b: Talonflame|Talonflame, L50, M|100/100\n|turn|4\n|\n|t:|1776217692\n|move|p1a: Golurk|Protect|p1a: Golurk\n|-singleturn|p1a: Golurk|Protect\n|move|p2b: Talonflame|Brave Bird|p1a: Golurk\n|-activate|p1a: Golurk|move: Protect\n|move|p1b: Oranguru|Psychic|p2b: Talonflame\n|-damage|p2b: Talonflame|57/100\n|move|p2a: Passimian|U-turn|p1b: Oranguru\n|-supereffective|p1b: Oranguru|1\n|-damage|p1b: Oranguru|0 fnt\n|faint|p1b: Oranguru\n|\n|t:|1776217704\n|switch|p2a: Charizard|Charizard-Mega-Y, L50, F|73/100|[from] U-turn\n|\n|-weather|SunnyDay|[upkeep]\n|upkeep\n|\n|t:|1776217709\n|switch|p1b: Meowstic|Meowstic, L50, M|100/100\n|turn|5\n|inactive|disciple of blahaj has 30 seconds left.\n|\n|t:|1776217737\n|move|p2a: Charizard|Protect|p2a: Charizard\n|-singleturn|p2a: Charizard|Protect\n|move|p2b: Talonflame|Protect|p2b: Talonflame\n|-singleturn|p2b: Talonflame|Protect\n|move|p1b: Meowstic|Fake Out|p2a: Charizard\n|-activate|p2a: Charizard|move: Protect\n|move|p1a: Golurk|Shadow Punch|p2a: Charizard\n|-ability|p1a: Golurk|Unseen Fist\n|-zbroken|p2a: Charizard\n|-damage|p2a: Charizard|59/100\n|\n|-weather|none\n|-fieldend|move: Trick Room\n|upkeep\n|turn|6\n|inactive|loadbruno has 30 seconds left.\n|\n|t:|1776217770\n|switch|p1b: Hatterene|Hatterene, L50, F|100/100\n|move|p2b: Talonflame|Flare Blitz|p1b: Hatterene\n|-damage|p1b: Hatterene|43/100\n|-damage|p2b: Talonflame|37/100|[from] Recoil\n|move|p2a: Charizard|Heat Wave|p1b: Hatterene|[spread] p1b\n|-miss|p2a: Charizard|p1a: Golurk\n|-damage|p1b: Hatterene|0 fnt\n|faint|p1b: Hatterene\n|move|p1a: Golurk|Shadow Punch|p2a: Charizard\n|-damage|p2a: Charizard|0 fnt\n|faint|p2a: Charizard\n|\n|upkeep\n|\n|t:|1776217785\n|switch|p2a: Passimian|Passimian, L50, F|100/100\n|switch|p1b: Meowstic|Meowstic, L50, M|100/100\n|turn|7\n|\n|t:|1776217802\n|move|p1b: Meowstic|Fake Out|p2b: Talonflame\n|-damage|p2b: Talonflame|30/100\n|cant|p2b: Talonflame|flinch\n|move|p2a: Passimian|U-turn|p1b: Meowstic\n|-supereffective|p1b: Meowstic|1\n|-damage|p1b: Meowstic|52/100\n|move|p1a: Golurk|Shadow Punch|p2b: Talonflame\n|-damage|p2b: Talonflame|0 fnt\n|faint|p2b: Talonflame\n|\n|upkeep\n|turn|8\n|\n|t:|1776217819\n|move|p2a: Passimian|U-turn|p1a: Golurk\n|-resisted|p1a: Golurk|1\n|-damage|p1a: Golurk|22/100\n|move|p1b: Meowstic|Psychic Noise|p2a: Passimian\n|-supereffective|p2a: Passimian|1\n|-damage|p2a: Passimian|25/100\n|-start|p2a: Passimian|move: Heal Block\n|move|p1a: Golurk|Headlong Rush|p2a: Passimian\n|-damage|p2a: Passimian|0 fnt\n|-unboost|p1a: Golurk|def|1\n|-unboost|p1a: Golurk|spd|1\n|faint|p2a: Passimian\n|\n|win|disciple of blahaj\n|raw|disciple of blahaj's rating: 1211 &rarr; <strong>1238</strong><br />(+27 for winning)\n|raw|loadbruno's rating: 1240 &rarr; <strong>1213</strong><br />(-27 for losing)\n|l|\u2606loadbruno\n|player|p2|\n",
  "uploadtime": 1776217833,
  "views": 21,
  "formatid": "gen9championsvgc2026regma",
  "rating": 1213,
  "private": 0,
  "password": null
}