{
  "id": "gen9championsvgc2026regma-2588694051",
  "format": "[Gen 9 Champions] VGC 2026 Reg M-A",
  "players": [
    "hibikiqu",
    "Cylantro"
  ],
  "log": "|j|\u2606hibikiqu\n|j|\u2606Cylantro\n|t:|1776658569\n|gametype|doubles\n|player|p1|hibikiqu|dawn|1280\n|player|p2|Cylantro|101|1373\n|gen|9\n|tier|[Gen 9 Champions] VGC 2026 Reg M-A\n|rated|\n|rule|Species Clause: Limit one of each Pok\u00e9mon\n|rule|Item Clause: Limit 1 of each item\n|clearpoke\n|poke|p1|Venusaur, L50, F|\n|poke|p1|Charizard, L50, F|\n|poke|p1|Whimsicott, L50, F|\n|poke|p1|Sneasler, L50, F|\n|poke|p1|Garchomp, L50, M|\n|poke|p1|Incineroar, L50, M|\n|poke|p2|Aggron, L50, F|\n|poke|p2|Sinistcha, L50|\n|poke|p2|Pelipper, L50, F|\n|poke|p2|Rotom-Heat, L50|\n|poke|p2|Lucario, L50, F|\n|poke|p2|Basculegion, L50, M|\n|teampreview|4\n|\n|t:|1776658607\n|teamsize|p1|4\n|teamsize|p2|4\n|start\n|switch|p1a: Whimsicott|Whimsicott, L50, F|100/100\n|switch|p1b: Charizard|Charizard, L50, F|100/100\n|switch|p2a: Aggron|Aggron, L50, F|100/100\n|switch|p2b: Rotom|Rotom-Heat, L50|100/100\n|turn|1\n|\n|t:|1776658622\n|detailschange|p1b: Charizard|Charizard-Mega-Y, L50, F\n|-mega|p1b: Charizard|Charizard|Charizardite Y\n|-weather|SunnyDay|[from] ability: Drought|[of] p1b: Charizard\n|detailschange|p2a: Aggron|Aggron-Mega, L50, F\n|-mega|p2a: Aggron|Aggron|Aggronite\n|move|p2a: Aggron|Protect|p2a: Aggron\n|-singleturn|p2a: Aggron|Protect\n|move|p1a: Whimsicott|Tailwind|p1a: Whimsicott\n|-sidestart|p1: hibikiqu|move: Tailwind\n|move|p1b: Charizard|Heat Wave|p2b: Rotom|[spread] \n|-activate|p2a: Aggron|move: Protect\n|-miss|p1b: Charizard|p2b: Rotom\n|move|p2b: Rotom|Thunderbolt|p1b: Charizard\n|-supereffective|p1b: Charizard|1\n|-damage|p1b: Charizard|2/100\n|\n|-weather|SunnyDay|[upkeep]\n|upkeep\n|turn|2\n|\n|t:|1776658655\n|switch|p2a: Basculegion|Basculegion, L50, M|100/100\n|move|p1a: Whimsicott|Moonblast|p2b: Rotom\n|-resisted|p2b: Rotom|1\n|-damage|p2b: Rotom|80/100\n|move|p1b: Charizard|Heat Wave|p2a: Basculegion|[spread] p2a,p2b\n|-resisted|p2a: Basculegion|1\n|-resisted|p2b: Rotom|1\n|-damage|p2a: Basculegion|66/100\n|-damage|p2b: Rotom|43/100\n|move|p2b: Rotom|Will-O-Wisp|p1a: Whimsicott\n|-status|p1a: Whimsicott|brn\n|\n|-weather|SunnyDay|[upkeep]\n|-damage|p1a: Whimsicott|95/100 brn|[from] brn\n|upkeep\n|turn|3\n|\n|t:|1776658674\n|switch|p1b: Garchomp|Garchomp, L50, M|100/100\n|move|p2a: Basculegion|Aqua Jet|p1b: Garchomp\n|-damage|p1b: Garchomp|88/100\n|-damage|p2a: Basculegion|54/100|[from] ability: Rough Skin|[of] p1b: Garchomp\n|move|p1a: Whimsicott|Moonblast|p2a: Basculegion\n|-damage|p2a: Basculegion|13/100\n|-enditem|p2a: Basculegion|Sitrus Berry|[eat]\n|-heal|p2a: Basculegion|38/100|[from] item: Sitrus Berry\n|move|p2b: Rotom|Overheat|p1a: Whimsicott\n|-supereffective|p1a: Whimsicott|1\n|-damage|p1a: Whimsicott|0 fnt\n|-unboost|p2b: Rotom|spa|2\n|faint|p1a: Whimsicott\n|\n|-weather|SunnyDay|[upkeep]\n|-heal|p1b: Garchomp|94/100|[from] item: Leftovers\n|upkeep\n|\n|t:|1776658688\n|switch|p1a: Venusaur|Venusaur, L50, F|100/100\n|turn|4\n|\n|t:|1776658729\n|switch|p2b: Sinistcha|Sinistcha, L50|100/100\n|-heal|p2a: Basculegion|62/100|[from] ability: Hospitality|[of] p2b: Sinistcha\n|move|p2a: Basculegion|Protect|p2a: Basculegion\n|-singleturn|p2a: Basculegion|Protect\n|move|p1a: Venusaur|Sludge Bomb|p2b: Sinistcha\n|-damage|p2b: Sinistcha|58/100\n|move|p1b: Garchomp|Rock Slide|p2b: Sinistcha|[spread] p2b\n|-activate|p2a: Basculegion|move: Protect\n|-damage|p2b: Sinistcha|45/100\n|\n|-weather|SunnyDay|[upkeep]\n|-heal|p1b: Garchomp|100/100|[from] item: Leftovers\n|-sideend|p1: hibikiqu|move: Tailwind\n|upkeep\n|turn|5\n|inactive|Battle timer is ON: inactive players will automatically lose when time's up. (requested by Cylantro)\n|\n|t:|1776658755\n|switch|p2a: Aggron|Aggron-Mega, L50, F|100/100\n|move|p1a: Venusaur|Leaf Storm|p2a: Aggron\n|-resisted|p2a: Aggron|1\n|-damage|p2a: Aggron|70/100\n|-unboost|p1a: Venusaur|spa|2\n|move|p1b: Garchomp|Dragon Claw|p2b: Sinistcha\n|-damage|p2b: Sinistcha|20/100\n|move|p2b: Sinistcha|Life Dew|p2b: Sinistcha|[spread] p2a,p2b\n|-heal|p2a: Aggron|95/100\n|-heal|p2b: Sinistcha|45/100\n|\n|-weather|none\n|upkeep\n|turn|6\n|\n|t:|1776658777\n|switch|p1b: Charizard|Charizard-Mega-Y, L50, F|2/100\n|-weather|SunnyDay|[from] ability: Drought|[of] p1b: Charizard\n|move|p1a: Venusaur|Sleep Powder|p2a: Aggron\n|-status|p2a: Aggron|slp|[from] move: Sleep Powder\n|move|p2b: Sinistcha|Matcha Gotcha|p1a: Venusaur|[spread] p1a,p1b\n|-resisted|p1a: Venusaur|2\n|-resisted|p1b: Charizard|2\n|-damage|p1a: Venusaur|94/100\n|-heal|p2b: Sinistcha|48/100|[from] drain|[of] p1a: Venusaur\n|-damage|p1b: Charizard|0 fnt\n|-heal|p2b: Sinistcha|48/100|[from] drain|[of] p1b: Charizard\n|faint|p1b: Charizard\n|cant|p2a: Aggron|slp\n|\n|-weather|SunnyDay|[upkeep]\n|upkeep\n|\n|t:|1776658785\n|switch|p1b: Garchomp|Garchomp, L50, M|100/100\n|turn|7\n|\n|t:|1776658807\n|move|p1a: Venusaur|Sludge Bomb|p2b: Sinistcha\n|-damage|p2b: Sinistcha|25/100\n|move|p1b: Garchomp|Dragon Claw|p2b: Sinistcha\n|-damage|p2b: Sinistcha|0 fnt\n|faint|p2b: Sinistcha\n|cant|p2a: Aggron|slp\n|\n|-weather|SunnyDay|[upkeep]\n|upkeep\n|\n|t:|1776658813\n|switch|p2b: Rotom|Rotom-Heat, L50|43/100\n|turn|8\n|\n|t:|1776658819\n|move|p1a: Venusaur|Protect|p1a: Venusaur\n|-singleturn|p1a: Venusaur|Protect\n|move|p1b: Garchomp|Earthquake|p2a: Aggron|[spread] p2a\n|-activate|p1a: Venusaur|move: Protect\n|-immune|p2b: Rotom|[from] ability: Levitate\n|-supereffective|p2a: Aggron|1\n|-damage|p2a: Aggron|66/100 slp\n|move|p2b: Rotom|Overheat|p1a: Venusaur\n|-activate|p1a: Venusaur|move: Protect\n|-curestatus|p2a: Aggron|slp|[msg]\n|move|p2a: Aggron|Iron Defense|p2a: Aggron\n|-boost|p2a: Aggron|def|2\n|\n|-weather|SunnyDay|[upkeep]\n|upkeep\n|turn|9\n|\n|t:|1776658835\n|move|p1a: Venusaur|Sleep Powder|p2a: Aggron\n|-status|p2a: Aggron|slp|[from] move: Sleep Powder\n|move|p1b: Garchomp|Rock Slide|p2b: Rotom|[spread] p2a,p2b\n|-resisted|p2a: Aggron|1\n|-supereffective|p2b: Rotom|1\n|-damage|p2a: Aggron|64/100 slp\n|-damage|p2b: Rotom|5/100\n|cant|p2b: Rotom|flinch\n|cant|p2a: Aggron|slp\n|\n|-weather|SunnyDay|[upkeep]\n|upkeep\n|turn|10\n|inactive|hibikiqu has 30 seconds left.\n|inactive|hibikiqu has 20 seconds left.\n|\n|t:|1776658880\n|move|p1a: Venusaur|Sludge Bomb|p2b: Rotom\n|-crit|p2b: Rotom\n|-damage|p2b: Rotom|0 fnt\n|faint|p2b: Rotom\n|move|p1b: Garchomp|Earthquake|p2a: Aggron|[spread] p1a,p2a\n|-supereffective|p2a: Aggron|1\n|-damage|p1a: Venusaur|48/100\n|-damage|p2a: Aggron|51/100 slp\n|cant|p2a: Aggron|slp\n|\n|-weather|none\n|upkeep\n|\n|t:|1776658888\n|switch|p2b: Basculegion|Basculegion, L50, M|62/100\n|turn|11\n|\n|t:|1776658897\n|move|p1b: Garchomp|Earthquake|p2b: Basculegion|[spread] p1a,p2a,p2b\n|-supereffective|p2a: Aggron|1\n|-damage|p1a: Venusaur|2/100\n|-damage|p2a: Aggron|38/100 slp\n|-damage|p2b: Basculegion|23/100\n|move|p1a: Venusaur|Leaf Storm|p2b: Basculegion\n|-supereffective|p2b: Basculegion|1\n|-damage|p2b: Basculegion|0 fnt\n|-unboost|p1a: Venusaur|spa|2\n|faint|p2b: Basculegion\n|-curestatus|p2a: Aggron|slp|[msg]\n|move|p2a: Aggron|Body Press|p1b: Garchomp\n|-damage|p1b: Garchomp|13/100\n|-damage|p2a: Aggron|26/100|[from] ability: Rough Skin|[of] p1b: Garchomp\n|\n|-heal|p1b: Garchomp|19/100|[from] item: Leftovers\n|upkeep\n|turn|12\n|c|\u2606Cylantro|you're so fucking luck\n|c|\u2606Cylantro|actually insane\n|c|\u2606Cylantro|hit all sleeps\n|inactive|hibikiqu has 30 seconds left.\n|inactive|Cylantro has 30 seconds left.\n|c|\u2606Cylantro|hit the rock slides\n|c|\u2606Cylantro|got the flinch\n|inactive|Cylantro has 20 seconds left.\n|c|\u2606Cylantro|incredible\n|inactive|Cylantro has 15 seconds left.\n|c|\u2606Cylantro|buy a lottery ticket\n|inactive|Cylantro has 10 seconds left.\n|\n|t:|1776658946\n|move|p1b: Garchomp|Protect|p1b: Garchomp\n|-singleturn|p1b: Garchomp|Protect\n|move|p2a: Aggron|Protect|p2a: Aggron\n|-singleturn|p2a: Aggron|Protect\n|move|p1a: Venusaur|Sleep Powder|p2a: Aggron\n|-activate|p2a: Aggron|move: Protect\n|\n|-heal|p1b: Garchomp|25/100|[from] item: Leftovers\n|upkeep\n|turn|13\n|\n|t:|1776658959\n|move|p1b: Garchomp|Rock Slide|p2a: Aggron\n|-resisted|p2a: Aggron|1\n|-damage|p2a: Aggron|22/100\n|move|p1a: Venusaur|Sleep Powder|p2a: Aggron|[miss]\n|-miss|p1a: Venusaur|p2a: Aggron\n|move|p2a: Aggron|Body Press|p1b: Garchomp\n|-damage|p1b: Garchomp|0 fnt\n|-damage|p2a: Aggron|10/100|[from] ability: Rough Skin|[of] p1b: Garchomp\n|faint|p1b: Garchomp\n|\n|upkeep\n|turn|14\n|\n|t:|1776658970\n|move|p1a: Venusaur|Sleep Powder|p2a: Aggron\n|-status|p2a: Aggron|slp|[from] move: Sleep Powder\n|cant|p2a: Aggron|slp\n|\n|upkeep\n|turn|15\n|\n|t:|1776658975\n|cant|p2a: Aggron|slp\n|move|p1a: Venusaur|Leaf Storm|p2a: Aggron\n|-resisted|p2a: Aggron|1\n|-damage|p2a: Aggron|0 fnt\n|-unboost|p1a: Venusaur|spa|2\n|faint|p2a: Aggron\n|\n|win|hibikiqu\n|raw|hibikiqu's rating: 1280 &rarr; <strong>1312</strong><br />(+32 for winning)\n|raw|Cylantro's rating: 1373 &rarr; <strong>1348</strong><br />(-25 for losing)\n|l|\u2606Cylantro\n|player|p2|\n|c|\u2606hibikiqu|fuck y mom\n",
  "uploadtime": 1776658980,
  "views": 7,
  "formatid": "gen9championsvgc2026regma",
  "rating": 1312,
  "private": 0,
  "password": null
}