{
  "id": "gen9championsvgc2026regma-2581503298",
  "format": "[Gen 9 Champions] VGC 2026 Reg M-A",
  "players": [
    "santhenix92",
    "dasun817"
  ],
  "log": "|j|\u2606santhenix92\n|j|\u2606dasun817\n|t:|1776006376\n|gametype|doubles\n|player|p1|santhenix92|lance|1145\n|player|p2|dasun817|101|1103\n|gen|9\n|tier|[Gen 9 Champions] VGC 2026 Reg M-A\n|rated|\n|rule|Species Clause: Limit one of each Pok\u00e9mon\n|rule|Item Clause: Limit 1 of each item\n|clearpoke\n|poke|p1|Tyrantrum, L50, M|\n|poke|p1|Incineroar, L50, F|\n|poke|p1|Serperior, L50, M|\n|poke|p1|Starmie, L50|\n|poke|p1|Conkeldurr, L50, F|\n|poke|p1|Luxray, L50, F|\n|poke|p2|Charizard, L50, F|\n|poke|p2|Venusaur, L50, F|\n|poke|p2|Garchomp, L50, F|\n|poke|p2|Milotic, L50, M|\n|poke|p2|Gardevoir, L50, F|\n|poke|p2|Incineroar, L50, F|\n|teampreview|4\n|inactive|Battle timer is ON: inactive players will automatically lose when time's up. (requested by dasun817)\ndasun817 has agreed to open team sheets.\n|inactive|santhenix92 has 60 seconds left.\n|\n|t:|1776006455\n|teamsize|p1|4\n|teamsize|p2|4\n|start\n|switch|p1a: Incineroar|Incineroar, L50, F|100/100\n|switch|p1b: Starmie|Starmie, L50|100/100\n|switch|p2a: Charizard|Charizard, L50, F|100/100\n|switch|p2b: Garchomp|Garchomp, L50, F|100/100\n|-ability|p1a: Incineroar|Intimidate|boost\n|-unboost|p2a: Charizard|atk|1\n|-unboost|p2b: Garchomp|atk|1\n|turn|1\n|\n|t:|1776006477\n|detailschange|p1b: Starmie|Starmie-Mega, L50\n|-mega|p1b: Starmie|Starmie|Starminite\n|detailschange|p2a: Charizard|Charizard-Mega-Y, L50, F\n|-mega|p2a: Charizard|Charizard|Charizardite Y\n|-weather|SunnyDay|[from] ability: Drought|[of] p2a: Charizard\n|move|p1a: Incineroar|Fake Out|p2b: Garchomp\n|-damage|p2b: Garchomp|90/100\n|-damage|p1a: Incineroar|88/100|[from] ability: Rough Skin|[of] p2b: Garchomp\n|move|p1b: Starmie|Liquidation|p2a: Charizard\n|-supereffective|p2a: Charizard|1\n|-damage|p2a: Charizard|2/100\n|cant|p2b: Garchomp|flinch\n|move|p2a: Charizard|Solar Beam||[still]\n|-prepare|p2a: Charizard|Solar Beam\n|-anim|p2a: Charizard|Solar Beam|p1b: Starmie\n|-supereffective|p1b: Starmie|1\n|-damage|p1b: Starmie|0 fnt\n|faint|p1b: Starmie\n|\n|-weather|SunnyDay|[upkeep]\n|upkeep\n|\n|t:|1776006500\n|switch|p1b: Tyrantrum|Tyrantrum, L50, M|100/100\n|turn|2\n|\n|t:|1776006518\n|switch|p2b: Gardevoir|Gardevoir, L50, F|100/100\n|switch|p1a: Serperior|Serperior, L50, M|100/100\n|move|p2a: Charizard|Protect|p2a: Charizard\n|-singleturn|p2a: Charizard|Protect\n|move|p1b: Tyrantrum|Protect||[still]\n|-fail|p1b: Tyrantrum\n|\n|-weather|SunnyDay|[upkeep]\n|upkeep\n|turn|3\n|c|\u2606dasun817|Why protect failed????\n|inactive|dasun817 has 30 seconds left.\n|\n|t:|1776006552\n|switch|p1b: Incineroar|Incineroar, L50, F|88/100\n|-ability|p1b: Incineroar|Intimidate|boost\n|-unboost|p2a: Charizard|atk|1\n|-unboost|p2b: Gardevoir|atk|1\n|move|p2b: Gardevoir|Moonblast|p1b: Incineroar\n|-damage|p1b: Incineroar|47/100\n|-enditem|p1b: Incineroar|Sitrus Berry|[eat]\n|-heal|p1b: Incineroar|72/100|[from] item: Sitrus Berry\n|move|p1a: Serperior|Leaf Storm|p2b: Gardevoir\n|-damage|p2b: Gardevoir|52/100\n|-boost|p1a: Serperior|spa|2\n|move|p2a: Charizard|Overheat|p1a: Serperior\n|-supereffective|p1a: Serperior|1\n|-enditem|p1a: Serperior|Focus Sash\n|-damage|p1a: Serperior|1/100\n|-unboost|p2a: Charizard|spa|2\n|\n|-weather|SunnyDay|[upkeep]\n|upkeep\n|turn|4\n|inactive|santhenix92 has 30 seconds left.\n|inactive|dasun817 has 30 seconds left.\n|\n|t:|1776006583\n|switch|p2b: Garchomp|Garchomp, L50, F|90/100\n|switch|p2a: Incineroar|Incineroar, L50, F|100/100\n|-ability|p2a: Incineroar|Intimidate|boost\n|-boost|p1a: Serperior|atk|1\n|-unboost|p1b: Incineroar|atk|1\n|move|p1b: Incineroar|Fake Out|p2b: Garchomp\n|-damage|p2b: Garchomp|82/100\n|-damage|p1b: Incineroar|59/100|[from] ability: Rough Skin|[of] p2b: Garchomp\n|move|p1a: Serperior|Leaf Storm|p2b: Garchomp\n|-damage|p2b: Garchomp|0 fnt\n|-boost|p1a: Serperior|spa|2\n|faint|p2b: Garchomp\n|\n|-weather|SunnyDay|[upkeep]\n|upkeep\n|\n|t:|1776006603\n|switch|p2b: Charizard|Charizard-Mega-Y, L50, F|2/100\n|turn|5\n|\n|t:|1776006613\n|switch|p1b: Tyrantrum|Tyrantrum, L50, M|100/100\n|move|p1a: Serperior|Protect|p1a: Serperior\n|-singleturn|p1a: Serperior|Protect\n|move|p2a: Incineroar|Fake Out|p1a: Serperior\n|-activate|p1a: Serperior|move: Protect\n|move|p2b: Charizard|Heat Wave|p1b: Tyrantrum|[spread] p1b\n|-activate|p1a: Serperior|move: Protect\n|-resisted|p1b: Tyrantrum|2\n|-damage|p1b: Tyrantrum|78/100\n|\n|-weather|none\n|upkeep\n|turn|6\n|inactive|santhenix92 has 30 seconds left.\n|inactive|dasun817 has 30 seconds left.\n|inactive|dasun817 has 20 seconds left.\n|\n|t:|1776006651\n|move|p2b: Charizard|Protect|p2b: Charizard\n|-singleturn|p2b: Charizard|Protect\n|move|p1a: Serperior|Leaf Storm|p2b: Charizard\n|-activate|p2b: Charizard|move: Protect\n|move|p1b: Tyrantrum|Head Smash|p2a: Incineroar|[miss]\n|-miss|p1b: Tyrantrum|p2a: Incineroar\n|move|p2a: Incineroar|Throat Chop|p1a: Serperior\n|-damage|p1a: Serperior|0 fnt\n|faint|p1a: Serperior\n|\n|upkeep\n|\n|t:|1776006665\n|switch|p1a: Incineroar|Incineroar, L50, F|59/100\n|-ability|p1a: Incineroar|Intimidate|boost\n|-unboost|p2a: Incineroar|atk|1\n|-unboost|p2b: Charizard|atk|1\n|turn|7\n|\n|t:|1776006681\n|move|p1a: Incineroar|Fake Out|p2b: Charizard\n|-damage|p2b: Charizard|0 fnt\n|faint|p2b: Charizard\n|move|p1b: Tyrantrum|Dragon Dance|p1b: Tyrantrum\n|-boost|p1b: Tyrantrum|atk|1\n|-boost|p1b: Tyrantrum|spe|1\n|move|p2a: Incineroar|Flare Blitz|p1a: Incineroar\n|-resisted|p1a: Incineroar|1\n|-damage|p1a: Incineroar|45/100\n|-damage|p2a: Incineroar|95/100|[from] Recoil\n|\n|upkeep\n|\n|t:|1776006687\n|switch|p2b: Gardevoir|Gardevoir, L50, F|52/100\n|turn|8\n|\n|t:|1776006703\n|move|p2b: Gardevoir|Moonblast|p1b: Tyrantrum\n|-supereffective|p1b: Tyrantrum|1\n|-damage|p1b: Tyrantrum|0 fnt\n|faint|p1b: Tyrantrum\n|move|p2a: Incineroar|Throat Chop|p1a: Incineroar\n|-resisted|p1a: Incineroar|1\n|-damage|p1a: Incineroar|36/100\n|-start|p1a: Incineroar|Throat Chop|[silent]\n|cant|p1a: Incineroar|move: Throat Chop\n|\n|upkeep\n|turn|9\n|\n|t:|1776006716\n|move|p2b: Gardevoir|Moonblast|p1a: Incineroar\n|-damage|p1a: Incineroar|0 fnt\n|faint|p1a: Incineroar\n|\n|win|dasun817\n|raw|santhenix92's rating: 1145 &rarr; <strong>1117</strong><br />(-28 for losing)\n|raw|dasun817's rating: 1103 &rarr; <strong>1131</strong><br />(+28 for winning)\n|l|\u2606santhenix92\n|player|p1|\n",
  "uploadtime": 1776006878,
  "views": 15,
  "formatid": "gen9championsvgc2026regma",
  "rating": 1117,
  "private": 0,
  "password": null
}