{
  "id": "gen9championsvgc2026regma-2581857574",
  "format": "[Gen 9 Champions] VGC 2026 Reg M-A",
  "players": [
    "Ivyzinha089",
    "Chronostorm21"
  ],
  "log": "|j|\u2606Ivyzinha089\n|j|\u2606Chronostorm21\n|t:|1776034214\n|gametype|doubles\n|player|p1|Ivyzinha089|dawn|1159\n|player|p2|Chronostorm21|169|1121\n|gen|9\n|tier|[Gen 9 Champions] VGC 2026 Reg M-A\n|rated|\n|rule|Species Clause: Limit one of each Pok\u00e9mon\n|rule|Item Clause: Limit 1 of each item\n|clearpoke\n|poke|p1|Froslass, L50, F|\n|poke|p1|Sneasler, L50, M|\n|poke|p1|Aerodactyl, L50, F|\n|poke|p1|Garchomp, L50, M|\n|poke|p1|Kingambit, L50, F|\n|poke|p1|Rotom-Wash, L50|\n|poke|p2|Dragonite, L50, M|\n|poke|p2|Politoed, L50, F|\n|poke|p2|Archaludon, L50, F|\n|poke|p2|Sneasler, L50, F|\n|poke|p2|Basculegion, L50, M|\n|poke|p2|Heliolisk, L50, F|\n|teampreview|4\n|inactive|Battle timer is ON: inactive players will automatically lose when time's up. (requested by Ivyzinha089)\n|inactive|Chronostorm21 has 60 seconds left.\n|\n|t:|1776034270\n|teamsize|p1|4\n|teamsize|p2|4\n|start\n|switch|p1a: Froslass|Froslass, L50, F|100/100\n|switch|p1b: Sneasler|Sneasler, L50, M|100/100\n|switch|p2a: Politoed|Politoed, L50, F|100/100\n|switch|p2b: Sneasler|Sneasler, L50, F|100/100\n|-weather|RainDance|[from] ability: Drizzle|[of] p2a: Politoed\n|turn|1\n|\n|t:|1776034287\n|detailschange|p1a: Froslass|Froslass-Mega, L50, F\n|-mega|p1a: Froslass|Froslass|Froslassite\n|-weather|Snowscape|[from] ability: Snow Warning|[of] p1a: Froslass\n|move|p2b: Sneasler|Fake Out|p1b: Sneasler\n|-damage|p1b: Sneasler|75/100\n|move|p1a: Froslass|Aurora Veil|p1a: Froslass\n|-sidestart|p1: Ivyzinha089|move: Aurora Veil\n|cant|p1b: Sneasler|flinch\n|move|p2a: Politoed|Weather Ball|p1b: Sneasler\n|-damage|p1b: Sneasler|56/100\n|\n|-weather|Snowscape|[upkeep]\n|upkeep\n|turn|2\n|inactive|Chronostorm21 has 30 seconds left.\n|inactive|Chronostorm21 has 20 seconds left.\n|\n|t:|1776034324\n|switch|p2a: Basculegion|Basculegion, L50, M|100/100\n|move|p1b: Sneasler|Close Combat|p2b: Sneasler\n|-resisted|p2b: Sneasler|1\n|-damage|p2b: Sneasler|47/100\n|-unboost|p1b: Sneasler|def|1\n|-unboost|p1b: Sneasler|spd|1\n|-enditem|p1b: Sneasler|White Herb\n|-clearnegativeboost|p1b: Sneasler|[silent]\n|move|p1a: Froslass|Blizzard|p2b: Sneasler|[spread] p2a,p2b\n|-resisted|p2a: Basculegion|1\n|-damage|p2a: Basculegion|78/100\n|-damage|p2b: Sneasler|0 fnt\n|faint|p2b: Sneasler\n|\n|-weather|Snowscape|[upkeep]\n|upkeep\n|\n|t:|1776034336\n|switch|p2b: Politoed|Politoed, L50, F|100/100\n|-weather|RainDance|[from] ability: Drizzle|[of] p2b: Politoed\n|turn|3\n|inactive|Ivyzinha089 has 30 seconds left.\n|\n|t:|1776034362\n|switch|p1a: Rotom|Rotom-Wash, L50|100/100\n|move|p1b: Sneasler|Close Combat|p2b: Politoed\n|-damage|p2b: Politoed|30/100\n|-unboost|p1b: Sneasler|def|1\n|-unboost|p1b: Sneasler|spd|1\n|move|p2a: Basculegion|Psychic Fangs|p1b: Sneasler\n|-sideend|p1: Ivyzinha089|move: Aurora Veil\n|-supereffective|p1b: Sneasler|2\n|-damage|p1b: Sneasler|0 fnt\n|faint|p1b: Sneasler\n|move|p2b: Politoed|Weather Ball|p1a: Rotom\n|-resisted|p1a: Rotom|1\n|-damage|p1a: Rotom|70/100\n|\n|-weather|RainDance|[upkeep]\n|-heal|p2b: Politoed|36/100|[from] item: Leftovers\n|upkeep\n|inactive|Ivyzinha089 has 30 seconds left.\n|\n|t:|1776034390\n|switch|p1b: Froslass|Froslass-Mega, L50, F|100/100\n|-weather|Snowscape|[from] ability: Snow Warning|[of] p1b: Froslass\n|turn|4\n|\n|t:|1776034403\n|switch|p1b: Kingambit|Kingambit, L50, F|100/100\n|switch|p2b: Dragonite|Dragonite, L50, M, shiny|100/100\n|move|p1a: Rotom|Volt Switch|p2a: Basculegion\n|-supereffective|p2a: Basculegion|1\n|-enditem|p2a: Basculegion|Wacan Berry|[eat]\n|-enditem|p2a: Basculegion|Wacan Berry|[weaken]\n|-damage|p2a: Basculegion|43/100\n|\n|t:|1776034415\n|switch|p1a: Froslass|Froslass-Mega, L50, F|100/100|[from] Volt Switch\n|move|p2a: Basculegion|Last Respects|p1b: Kingambit\n|-resisted|p1b: Kingambit|1\n|-damage|p1b: Kingambit|82/100\n|\n|-weather|Snowscape|[upkeep]\n|upkeep\n|turn|5\n|inactive|Chronostorm21 has 30 seconds left.\n|\n|t:|1776034441\n|switch|p2a: Politoed|Politoed, L50, F|36/100\n|-weather|RainDance|[from] ability: Drizzle|[of] p2a: Politoed\n|detailschange|p2b: Dragonite|Dragonite-Mega, L50, M, shiny\n|-mega|p2b: Dragonite|Dragonite|Dragoninite\n|move|p1b: Kingambit|Sucker Punch||[still]\n|-fail|p1b: Kingambit\n|move|p1a: Froslass|Blizzard|p2b: Dragonite|[spread] p2a,p2b\n|-resisted|p2a: Politoed|1\n|-supereffective|p2b: Dragonite|2\n|-damage|p2a: Politoed|20/100\n|-damage|p2b: Dragonite|18/100\n|move|p2b: Dragonite|Hurricane|p1a: Froslass\n|-damage|p1a: Froslass|26/100\n|\n|-weather|RainDance|[upkeep]\n|-heal|p2a: Politoed|26/100|[from] item: Leftovers\n|upkeep\n|turn|6\n|inactive|Chronostorm21 has 30 seconds left.\n|\n|t:|1776034468\n|switch|p1a: Rotom|Rotom-Wash, L50|70/100\n|switch|p2a: Basculegion|Basculegion, L50, M|43/100\n|move|p2b: Dragonite|Protect|p2b: Dragonite\n|-singleturn|p2b: Dragonite|Protect\n|move|p1b: Kingambit|Sucker Punch||[still]\n|-fail|p1b: Kingambit\n|\n|-weather|RainDance|[upkeep]\n|upkeep\n|turn|7\n|inactive|Chronostorm21 has 30 seconds left.\n|\n|t:|1776034498\n|move|p1b: Kingambit|Sucker Punch|p2a: Basculegion\n|-supereffective|p2a: Basculegion|1\n|-damage|p2a: Basculegion|0 fnt\n|faint|p2a: Basculegion\n|move|p1a: Rotom|Thunderbolt|p2b: Dragonite\n|-damage|p2b: Dragonite|0 fnt\n|faint|p2b: Dragonite\n|\n|-weather|RainDance|[upkeep]\n|upkeep\n|c|\u2606Chronostorm21|Gg\n|-message|Chronostorm21 forfeited.\n|\n|win|Ivyzinha089\n|raw|Ivyzinha089's rating: 1159 &rarr; <strong>1181</strong><br />(+22 for winning)\n|raw|Chronostorm21's rating: 1121 &rarr; <strong>1099</strong><br />(-22 for losing)\n|l|\u2606Chronostorm21\n|player|p2|\n|c|\u2606Ivyzinha089|Gg\n",
  "uploadtime": 1776034653,
  "views": 16,
  "formatid": "gen9championsvgc2026regma",
  "rating": 1099,
  "private": 0,
  "password": null
}