{
  "id": "gen9championsvgc2026regma-2583493351",
  "format": "[Gen 9 Champions] VGC 2026 Reg M-A",
  "players": [
    "Juju34",
    "fdhdfgdfgdfg"
  ],
  "log": "|j|\u2606Juju34\n|j|\u2606fdhdfgdfgdfg\n|t:|1776179158\n|gametype|doubles\n|player|p1|Juju34|veteran|1180\n|player|p2|fdhdfgdfgdfg|101|1221\n|gen|9\n|tier|[Gen 9 Champions] VGC 2026 Reg M-A\n|rated|\n|rule|Species Clause: Limit one of each Pok\u00e9mon\n|rule|Item Clause: Limit 1 of each item\n|clearpoke\n|poke|p1|Basculegion, L50, M|\n|poke|p1|Sableye, L50, M|\n|poke|p1|Pelipper, L50, F|\n|poke|p1|Archaludon, L50, M|\n|poke|p1|Meganium, L50, F|\n|poke|p1|Farigiraf, L50, F|\n|poke|p2|Starmie, L50|\n|poke|p2|Garchomp, L50, M|\n|poke|p2|Incineroar, L50, M|\n|poke|p2|Vivillon-Modern, L50, F|\n|poke|p2|Sneasler, L50, F|\n|poke|p2|Sinistcha, L50|\n|teampreview|4\n|inactive|Battle timer is ON: inactive players will automatically lose when time's up. (requested by fdhdfgdfgdfg)\nJuju34 rejected open team sheets.\n|\n|t:|1776179184\n|teamsize|p1|4\n|teamsize|p2|4\n|start\n|switch|p1a: Cicel I need you|Sableye, L50, M|100/100\n|switch|p1b: I you sure?|Meganium, L50, F|100/100\n|switch|p2a: Vivillon|Vivillon-Modern, L50, F|100/100\n|switch|p2b: Sneasler|Sneasler, L50, F|100/100\n|turn|1\n|\n|t:|1776179196\n|detailschange|p1b: I you sure?|Meganium-Mega, L50, F\n|-mega|p1b: I you sure?|Meganium|Meganiumite\n|move|p1a: Cicel I need you|Protect|p1a: Cicel I need you\n|-singleturn|p1a: Cicel I need you|Protect\n|move|p1b: I you sure?|Protect|p1b: I you sure?\n|-singleturn|p1b: I you sure?|Protect\n|move|p2b: Sneasler|Fake Out|p1b: I you sure?\n|-activate|p1b: I you sure?|move: Protect\n|move|p2a: Vivillon|Sleep Powder|p1a: Cicel I need you\n|-activate|p1a: Cicel I need you|move: Protect\n|\n|upkeep\n|turn|2\n|\n|t:|1776179219\n|switch|p1b: Archaludon|Archaludon, L50, M|100/100\n|move|p1a: Cicel I need you|Disable|p2a: Vivillon\n|-start|p2a: Vivillon|Disable|Sleep Powder\n|move|p2b: Sneasler|Rock Slide|p1a: Cicel I need you|[spread] p1a,p1b\n|-resisted|p1b: Archaludon|1\n|-damage|p1a: Cicel I need you|76/100\n|-damage|p1b: Archaludon|92/100\n|-ability|p1b: Archaludon|Stamina|boost\n|-boost|p1b: Archaludon|def|1\n|cant|p2a: Vivillon|Disable|Sleep Powder\n|\n|-heal|p1b: Archaludon|98/100|[from] item: Leftovers\n|upkeep\n|turn|3\n|\n|t:|1776179238\n|switch|p2a: Garchomp|Garchomp, L50, M|100/100\n|move|p1a: Cicel I need you|Rain Dance|p1a: Cicel I need you\n|-weather|RainDance\n|move|p2b: Sneasler|Coaching|p2a: Garchomp\n|-boost|p2a: Garchomp|atk|1\n|-boost|p2a: Garchomp|def|1\n|move|p1b: Archaludon|Electro Shot||[still]\n|-prepare|p1b: Archaludon|Electro Shot\n|-boost|p1b: Archaludon|spa|1\n|-anim|p1b: Archaludon|Electro Shot|p2a: Garchomp\n|-immune|p2a: Garchomp\n|\n|-weather|RainDance|[upkeep]\n|-heal|p1b: Archaludon|100/100|[from] item: Leftovers\n|upkeep\n|turn|4\n|\n|t:|1776179258\n|switch|p2b: Vivillon|Vivillon-Modern, L50, F|100/100\n|move|p1a: Cicel I need you|Protect|p1a: Cicel I need you\n|-singleturn|p1a: Cicel I need you|Protect\n|move|p1b: Archaludon|Protect|p1b: Archaludon\n|-singleturn|p1b: Archaludon|Protect\n|move|p2a: Garchomp|Earthquake|p1b: Archaludon|[spread] \n|-activate|p1a: Cicel I need you|move: Protect\n|-activate|p1b: Archaludon|move: Protect\n|-immune|p2b: Vivillon\n|\n|-weather|RainDance|[upkeep]\n|upkeep\n|turn|5\n|\n|t:|1776179274\n|switch|p2a: Sneasler|Sneasler, L50, F|100/100\n|move|p1a: Cicel I need you|Disable||[still]\n|-fail|p1a: Cicel I need you\n|move|p2b: Vivillon|Sleep Powder|p1a: Cicel I need you\n|-status|p1a: Cicel I need you|slp|[from] move: Sleep Powder\n|move|p1b: Archaludon|Dragon Pulse|p2a: Sneasler\n|-damage|p2a: Sneasler|17/100\n|\n|-weather|RainDance|[upkeep]\n|upkeep\n|turn|6\n|inactive|fdhdfgdfgdfg has 30 seconds left.\n|\n|t:|1776179306\n|switch|p2b: Garchomp|Garchomp, L50, M|100/100\n|cant|p1a: Cicel I need you|slp\n|move|p2a: Sneasler|Coaching|p2b: Garchomp\n|-boost|p2b: Garchomp|atk|1\n|-boost|p2b: Garchomp|def|1\n|move|p1b: Archaludon|Electro Shot||[still]\n|-prepare|p1b: Archaludon|Electro Shot\n|-boost|p1b: Archaludon|spa|1\n|-anim|p1b: Archaludon|Electro Shot|p2a: Sneasler\n|-damage|p2a: Sneasler|0 fnt\n|faint|p2a: Sneasler\n|\n|-weather|RainDance|[upkeep]\n|upkeep\n|\n|t:|1776179315\n|switch|p2a: Starmie|Starmie, L50|100/100\n|turn|7\n|\n|t:|1776179322\n|detailschange|p2a: Starmie|Starmie-Mega, L50\n|-mega|p2a: Starmie|Starmie|Starminite\n|cant|p1a: Cicel I need you|slp\n|move|p1b: Archaludon|Protect|p1b: Archaludon\n|-singleturn|p1b: Archaludon|Protect\n|move|p2b: Garchomp|Stomping Tantrum|p1b: Archaludon\n|-activate|p1b: Archaludon|move: Protect\n|move|p2a: Starmie|Liquidation|p1a: Cicel I need you\n|-damage|p1a: Cicel I need you|0 fnt\n|faint|p1a: Cicel I need you\n|\n|-weather|none\n|upkeep\n|\n|t:|1776179339\n|switch|p1a: I you sure?|Meganium-Mega, L50, F|100/100\n|turn|8\n|\n|t:|1776179354\n|move|p2b: Garchomp|Stomping Tantrum|p1b: Archaludon\n|-supereffective|p1b: Archaludon|1\n|-damage|p1b: Archaludon|36/100\n|-ability|p1b: Archaludon|Stamina|boost\n|-boost|p1b: Archaludon|def|1\n|move|p2a: Starmie|Skill Swap|p2b: Garchomp\n|-activate|p2a: Starmie|Skill Swap|||[of] p2b: Garchomp\n|move|p1b: Archaludon|Dragon Pulse|p2b: Garchomp\n|-supereffective|p2b: Garchomp|1\n|-damage|p2b: Garchomp|0 fnt\n|faint|p2b: Garchomp\n|move|p1a: I you sure?|Solar Beam||[still]\n|-prepare|p1a: I you sure?|Solar Beam\n|-activate|p1a: I you sure?|ability: Mega Sol\n|-anim|p1a: I you sure?|Solar Beam|p2a: Starmie\n|-supereffective|p2a: Starmie|1\n|-damage|p2a: Starmie|0 fnt\n|faint|p2a: Starmie\n|\n|-heal|p1b: Archaludon|42/100|[from] item: Leftovers\n|upkeep\n|-message|fdhdfgdfgdfg forfeited.\n|\n|win|Juju34\n|raw|Juju34's rating: 1180 &rarr; <strong>1208</strong><br />(+28 for winning)\n|raw|fdhdfgdfgdfg's rating: 1221 &rarr; <strong>1193</strong><br />(-28 for losing)\n|l|\u2606Juju34\n|player|p1|\n",
  "uploadtime": 1776179553,
  "views": 14,
  "formatid": "gen9championsvgc2026regma",
  "rating": 1193,
  "private": 0,
  "password": null
}