{
  "id": "gen9championsvgc2026regma-2588913224",
  "format": "[Gen 9 Champions] VGC 2026 Reg M-A",
  "players": [
    "HUGEEVEE",
    "gundi8"
  ],
  "log": "|j|\u2606HUGEEVEE\n|j|\u2606gundi8\n|t:|1776685276\n|gametype|doubles\n|player|p1|HUGEEVEE|1|1121\n|player|p2|gundi8|ethan|1163\n|gen|9\n|tier|[Gen 9 Champions] VGC 2026 Reg M-A\n|rated|\n|rule|Species Clause: Limit one of each Pok\u00e9mon\n|rule|Item Clause: Limit 1 of each item\n|clearpoke\n|poke|p1|Alakazam, L50, M, shiny|\n|poke|p1|Meowstic, L50, M, shiny|\n|poke|p1|Excadrill, L50, M|\n|poke|p1|Tyranitar, L50, M|\n|poke|p1|Sableye, L50, M|\n|poke|p1|Sneasler, L50, M, shiny|\n|poke|p2|Venusaur, L50, M, shiny|\n|poke|p2|Incineroar, L50, M, shiny|\n|poke|p2|Tyranitar, L50, M|\n|poke|p2|Garchomp, L50, M|\n|poke|p2|Rotom-Wash, L50|\n|poke|p2|Gardevoir, L50, F|\n|teampreview|4\n|inactive|Battle timer is ON: inactive players will automatically lose when time's up. (requested by gundi8)\n|inactive|HUGEEVEE has 60 seconds left.\n|inactive|gundi8 has 60 seconds left.\n|inactive|gundi8 has 30 seconds left.\n|inactive|gundi8 has 20 seconds left.\n|\n|t:|1776685352\n|teamsize|p1|4\n|teamsize|p2|4\n|start\n|switch|p1a: Meowstic|Meowstic, L50, M, shiny|100/100\n|switch|p1b: Alakazam|Alakazam, L50, M, shiny|100/100\n|switch|p2a: Venusaur|Venusaur, L50, M, shiny|100/100\n|switch|p2b: Incineroar|Incineroar, L50, M, shiny|100/100\n|-ability|p2b: Incineroar|Intimidate|boost\n|-unboost|p1a: Meowstic|atk|1\n|-fail|p1b: Alakazam|unboost|Attack|[from] ability: Inner Focus|[of] p1b: Alakazam\n|turn|1\n|inactive|HUGEEVEE has 30 seconds left.\n|inactive|HUGEEVEE has 20 seconds left.\n|inactive|HUGEEVEE has 15 seconds left.\n|inactive|HUGEEVEE has 10 seconds left.\n|inactive|HUGEEVEE has 5 seconds left.\n|\n|t:|1776685407\n|switch|p2a: Tyranitar|Tyranitar, L50, M|100/100\n|-weather|Sandstorm|[from] ability: Sand Stream|[of] p2a: Tyranitar\n|move|p1b: Alakazam|Protect|p1b: Alakazam\n|-singleturn|p1b: Alakazam|Protect\n|move|p1a: Meowstic|Expanding Force|p2b: Incineroar\n|-immune|p2b: Incineroar\n|move|p2b: Incineroar|Throat Chop|p1a: Meowstic\n|-supereffective|p1a: Meowstic|1\n|-damage|p1a: Meowstic|33/100\n|-start|p1a: Meowstic|Throat Chop|[silent]\n|\n|-weather|Sandstorm|[upkeep]\n|-damage|p1b: Alakazam|94/100|[from] Sandstorm\n|-damage|p1a: Meowstic|27/100|[from] Sandstorm\n|-damage|p2b: Incineroar|94/100|[from] Sandstorm\n|upkeep\n|turn|2\n|inactive|HUGEEVEE has 30 seconds left.\n|inactive|gundi8 has 30 seconds left.\n|inactive|HUGEEVEE has 20 seconds left.\n|inactive|gundi8 has 20 seconds left.\n|inactive|HUGEEVEE has 15 seconds left.\n|inactive|gundi8 has 15 seconds left.\n|inactive|gundi8 has 10 seconds left.\n|inactive|gundi8 has 5 seconds left.\n|\n|t:|1776685458\n|detailschange|p1b: Alakazam|Alakazam-Mega, L50, M, shiny\n|-mega|p1b: Alakazam|Alakazam|Alakazite\n|-ability|p1b: Alakazam|Intimidate|Trace|[from] ability: Trace|[of] p2b: Incineroar\n|-ability|p1b: Alakazam|Intimidate|boost\n|-unboost|p2a: Tyranitar|atk|1\n|-unboost|p2b: Incineroar|atk|1\n|move|p1a: Meowstic|Gravity|p1a: Meowstic\n|-fieldstart|move: Gravity\n|move|p1b: Alakazam|Focus Blast|p2a: Tyranitar\n|-supereffective|p2a: Tyranitar|2\n|-enditem|p2a: Tyranitar|Chople Berry|[eat]\n|-enditem|p2a: Tyranitar|Chople Berry|[weaken]\n|-damage|p2a: Tyranitar|37/100\n|move|p2a: Tyranitar|Knock Off|p1b: Alakazam\n|-supereffective|p1b: Alakazam|1\n|-damage|p1b: Alakazam|11/100\n|move|p2b: Incineroar|Parting Shot|p1a: Meowstic\n|-unboost|p1a: Meowstic|atk|1\n|-unboost|p1a: Meowstic|spa|1\n|\n|t:|1776685482\n|switch|p2b: Gardevoir|Gardevoir, L50, F|100/100|[from] Parting Shot\n|\n|-weather|Sandstorm|[upkeep]\n|-damage|p1b: Alakazam|5/100|[from] Sandstorm\n|-damage|p2b: Gardevoir|94/100|[from] Sandstorm\n|-damage|p1a: Meowstic|21/100|[from] Sandstorm\n|-end|p1a: Meowstic|Throat Chop|[silent]\n|upkeep\n|turn|3\n|\n|t:|1776685500\n|move|p2a: Tyranitar|Protect|p2a: Tyranitar\n|-singleturn|p2a: Tyranitar|Protect\n|move|p1a: Meowstic|Psychic Terrain|p1a: Meowstic\n|-fieldstart|move: Psychic Terrain\n|move|p1b: Alakazam|Focus Blast|p2a: Tyranitar\n|-activate|p2a: Tyranitar|move: Protect\n|move|p2b: Gardevoir|Icy Wind|p1b: Alakazam|[spread] p1a,p1b\n|-damage|p1a: Meowstic|8/100\n|-damage|p1b: Alakazam|0 fnt\n|-unboost|p1a: Meowstic|spe|1\n|faint|p1b: Alakazam\n|\n|-weather|Sandstorm|[upkeep]\n|-damage|p2b: Gardevoir|88/100|[from] Sandstorm\n|-damage|p1a: Meowstic|2/100|[from] Sandstorm\n|upkeep\n|\n|t:|1776685518\n|switch|p1b: Sneasler|Sneasler, L50, M, shiny|100/100\n|turn|4\n|\n|t:|1776685538\n|switch|p2a: Venusaur|Venusaur, L50, M, shiny|100/100\n|move|p1a: Meowstic|Helping Hand|p1b: Sneasler\n|-singleturn|p1b: Sneasler|Helping Hand|[of] p1a: Meowstic\n|move|p2b: Gardevoir|Icy Wind|p1a: Meowstic|[spread] p1a,p1b\n|-crit|p1b: Sneasler\n|-damage|p1a: Meowstic|0 fnt\n|-damage|p1b: Sneasler|69/100\n|-unboost|p1b: Sneasler|spe|1\n|faint|p1a: Meowstic\n|move|p1b: Sneasler|Dire Claw|p2b: Gardevoir\n|-supereffective|p2b: Gardevoir|1\n|-damage|p2b: Gardevoir|0 fnt\n|faint|p2b: Gardevoir\n|\n|-weather|Sandstorm|[upkeep]\n|-damage|p1b: Sneasler|64/100|[from] Sandstorm\n|-damage|p2a: Venusaur|95/100|[from] Sandstorm\n|upkeep\n|\n|t:|1776685554\n|switch|p2b: Incineroar|Incineroar, L50, M, shiny|94/100\n|switch|p1a: Sableye|Sableye, L50, M|100/100\n|-ability|p2b: Incineroar|Intimidate|boost\n|-unboost|p1a: Sableye|atk|1\n|-unboost|p1b: Sneasler|atk|1\n|turn|5\n|-message|HUGEEVEE forfeited.\n|\n|win|gundi8\n|raw|HUGEEVEE's rating: 1121 &rarr; <strong>1099</strong><br />(-22 for losing)\n|raw|gundi8's rating: 1163 &rarr; <strong>1185</strong><br />(+22 for winning)\n",
  "uploadtime": 1776685565,
  "views": 8,
  "formatid": "gen9championsvgc2026regma",
  "rating": 1099,
  "private": 0,
  "password": null
}