{
  "id": "gen9championsvgc2026regma-2584746544",
  "format": "[Gen 9 Champions] VGC 2026 Reg M-A",
  "players": [
    "alvarriderr",
    "Creep2007"
  ],
  "log": "|j|\u2606alvarriderr\n|j|\u2606Creep2007\n|t:|1776280762\n|gametype|doubles\n|player|p1|alvarriderr|hilbert-wonderlauncher|1117\n|player|p2|Creep2007|ingo|1176\n|gen|9\n|tier|[Gen 9 Champions] VGC 2026 Reg M-A\n|rated|\n|rule|Species Clause: Limit one of each Pok\u00e9mon\n|rule|Item Clause: Limit 1 of each item\n|clearpoke\n|poke|p1|Hawlucha, L50, F|\n|poke|p1|Excadrill, L50, F|\n|poke|p1|Tyranitar, L50, F|\n|poke|p1|Sinistcha, L50|\n|poke|p1|Rotom-Wash, L50|\n|poke|p1|Volcarona, L50, F|\n|poke|p2|Charizard, L50, M|\n|poke|p2|Aerodactyl, L50, F|\n|poke|p2|Venusaur, L50, F|\n|poke|p2|Sneasler, L50, M|\n|poke|p2|Whimsicott, L50, M|\n|poke|p2|Maushold, L50|\n|teampreview|4\n|inactive|Battle timer is ON: inactive players will automatically lose when time's up. (requested by Creep2007)\nCreep2007 rejected open team sheets.\n|inactive|alvarriderr has 60 seconds left.\n|\n|t:|1776280833\n|teamsize|p1|4\n|teamsize|p2|4\n|start\n|switch|p1a: Hawlucha|Hawlucha, L50, F|100/100\n|switch|p1b: Excadrill|Excadrill, L50, F|100/100\n|switch|p2a: Whimsicott|Whimsicott, L50, M, shiny|100/100\n|switch|p2b: Sneasler|Sneasler, L50, M, shiny|100/100\n|-ability|p2b: Sneasler|Pressure\n|turn|1\n|inactive|alvarriderr has 30 seconds left.\n|inactive|Creep2007 has 30 seconds left.\n|\n|t:|1776280866\n|switch|p1a: Tyranitar|Tyranitar, L50, F|100/100\n|-weather|Sandstorm|[from] ability: Sand Stream|[of] p1a: Tyranitar\n|move|p2b: Sneasler|Fake Out|p1b: Excadrill\n|-resisted|p1b: Excadrill|1\n|-damage|p1b: Excadrill|91/100\n|move|p2a: Whimsicott|Taunt|p1a: Tyranitar\n|-hint|Since gen 7, Dark is immune to Prankster moves.\n|-immune|p1a: Tyranitar\n|cant|p1b: Excadrill|flinch\n|\n|-weather|Sandstorm|[upkeep]\n|-damage|p2b: Sneasler|95/100|[from] Sandstorm\n|-damage|p2a: Whimsicott|95/100|[from] Sandstorm\n|upkeep\n|turn|2\n|inactive|alvarriderr has 30 seconds left.\n|\n|t:|1776280898\n|move|p2a: Whimsicott|Tailwind|p2a: Whimsicott\n|-sidestart|p2: Creep2007|move: Tailwind\n|move|p2b: Sneasler|Close Combat|p1a: Tyranitar\n|-supereffective|p1a: Tyranitar|2\n|-damage|p1a: Tyranitar|0 fnt\n|-unboost|p2b: Sneasler|def|1\n|-unboost|p2b: Sneasler|spd|1\n|faint|p1a: Tyranitar\n|-enditem|p2b: Sneasler|White Herb\n|-clearnegativeboost|p2b: Sneasler|[silent]\n|move|p1b: Excadrill|Earthquake|p2b: Sneasler|[spread] p2a,p2b\n|-resisted|p2a: Whimsicott|1\n|-supereffective|p2b: Sneasler|1\n|-damage|p2a: Whimsicott|61/100\n|-damage|p2b: Sneasler|0 fnt\n|faint|p2b: Sneasler\n|\n|-weather|Sandstorm|[upkeep]\n|-damage|p2a: Whimsicott|55/100|[from] Sandstorm\n|upkeep\n|\n|t:|1776280915\n|switch|p2b: Charizard|Charizard, L50, M, shiny|100/100\n|switch|p1a: Volcarona|Volcarona, L50, F|100/100\n|turn|3\n|\n|t:|1776280932\n|detailschange|p2b: Charizard|Charizard-Mega-Y, L50, M, shiny\n|-mega|p2b: Charizard|Charizard|Charizardite Y\n|-weather|SunnyDay|[from] ability: Drought|[of] p2b: Charizard\n|move|p1b: Excadrill|Protect|p1b: Excadrill\n|-singleturn|p1b: Excadrill|Protect\n|move|p2a: Whimsicott|Encore|p1b: Excadrill\n|-activate|p1b: Excadrill|move: Protect\n|move|p2b: Charizard|Heat Wave|p1a: Volcarona|[spread] \n|-activate|p1b: Excadrill|move: Protect\n|-miss|p2b: Charizard|p1a: Volcarona\n|move|p1a: Volcarona|Tailwind|p1a: Volcarona\n|-sidestart|p1: alvarriderr|move: Tailwind\n|\n|-weather|SunnyDay|[upkeep]\n|upkeep\n|turn|4\n|inactive|alvarriderr has 30 seconds left.\n|\n|t:|1776280963\n|move|p1a: Volcarona|Rage Powder|p1a: Volcarona\n|-singleturn|p1a: Volcarona|move: Rage Powder\n|move|p2a: Whimsicott|Encore|p1b: Excadrill\n|-start|p1b: Excadrill|Encore\n|move|p1b: Excadrill|Protect||[still]\n|-fail|p1b: Excadrill\n|move|p2b: Charizard|Heat Wave|p1b: Excadrill|[spread] p1a,p1b\n|-supereffective|p1b: Excadrill|1\n|-damage|p1a: Volcarona|26/100\n|-damage|p1b: Excadrill|0 fnt\n|faint|p1b: Excadrill\n|\n|-weather|SunnyDay|[upkeep]\n|upkeep\n|\n|t:|1776280974\n|switch|p1b: Hawlucha|Hawlucha, L50, F|100/100\n|turn|5\n|\n|t:|1776280990\n|move|p1b: Hawlucha|Rock Tomb|p2b: Charizard\n|-supereffective|p2b: Charizard|2\n|-damage|p2b: Charizard|22/100\n|-unboost|p2b: Charizard|spe|1\n|move|p2a: Whimsicott|Moonblast|p1b: Hawlucha\n|-supereffective|p1b: Hawlucha|1\n|-damage|p1b: Hawlucha|0 fnt\n|faint|p1b: Hawlucha\n|move|p1a: Volcarona|Heat Wave|p2a: Whimsicott|[spread] p2b\n|-miss|p1a: Volcarona|p2a: Whimsicott\n|-resisted|p2b: Charizard|1\n|-damage|p2b: Charizard|0 fnt\n|faint|p2b: Charizard\n|\n|-weather|SunnyDay|[upkeep]\n|-sideend|p2: Creep2007|move: Tailwind\n|upkeep\n|\n|t:|1776281002\n|switch|p2b: Aerodactyl|Aerodactyl, L50, F, shiny|100/100\n|turn|6\n|\n|t:|1776281013\n|move|p2a: Whimsicott|Tailwind|p2a: Whimsicott\n|-sidestart|p2: Creep2007|move: Tailwind\n|move|p2b: Aerodactyl|Dual Wingbeat|p1a: Volcarona|[miss]\n|-miss|p2b: Aerodactyl|p1a: Volcarona\n|move|p1a: Volcarona|Heat Wave|p2a: Whimsicott|[spread] p2a,p2b\n|-supereffective|p2a: Whimsicott|1\n|-resisted|p2b: Aerodactyl|1\n|-damage|p2a: Whimsicott|0 fnt\n|-damage|p2b: Aerodactyl|60/100\n|faint|p2a: Whimsicott\n|\n|-weather|SunnyDay|[upkeep]\n|-sideend|p1: alvarriderr|move: Tailwind\n|upkeep\n|turn|7\n|\n|t:|1776281026\n|move|p2b: Aerodactyl|Dual Wingbeat|p1a: Volcarona\n|-supereffective|p1a: Volcarona|1\n|-damage|p1a: Volcarona|0 fnt\n|-status|p2b: Aerodactyl|brn|[from] ability: Flame Body|[of] p1a: Volcarona\n|faint|p1a: Volcarona\n|-hitcount|p1: Volcarona|1\n|\n|win|Creep2007\n|raw|alvarriderr's rating: 1117 &rarr; <strong>1096</strong><br />(-21 for losing)\n|raw|Creep2007's rating: 1176 &rarr; <strong>1197</strong><br />(+21 for winning)\n|c|\u2606alvarriderr|gg\n",
  "uploadtime": 1776281034,
  "views": 27,
  "formatid": "gen9championsvgc2026regma",
  "rating": 1096,
  "private": 0,
  "password": null
}