{
  "id": "gen9championsvgc2026regma-2581104943",
  "format": "[Gen 9 Champions] VGC 2026 Reg M-A",
  "players": [
    "loklastaji",
    "AlexxisIdk658"
  ],
  "log": "|j|\u2606loklastaji\n|j|\u2606AlexxisIdk658\n|t:|1775960307\n|gametype|doubles\n|player|p1|loklastaji|101|1143\n|player|p2|AlexxisIdk658|gambler|1100\n|gen|9\n|tier|[Gen 9 Champions] VGC 2026 Reg M-A\n|rated|\n|rule|Species Clause: Limit one of each Pok\u00e9mon\n|rule|Item Clause: Limit 1 of each item\n|clearpoke\n|poke|p1|Samurott-Hisui, L50, M|\n|poke|p1|Mamoswine, L50, M|\n|poke|p1|Delphox, L50, F|\n|poke|p1|Clefable, L50, M|\n|poke|p1|Corviknight, L50, F|\n|poke|p1|Dragonite, L50, M|\n|poke|p2|Gengar, L50, M|\n|poke|p2|Whimsicott, L50, M|\n|poke|p2|Archaludon, L50, F|\n|poke|p2|Politoed, L50, F|\n|poke|p2|Incineroar, L50, F|\n|poke|p2|Dragonite, L50, M|\n|teampreview|4\n|inactive|Battle timer is ON: inactive players will automatically lose when time's up. (requested by AlexxisIdk658)\n|inactive|loklastaji has 60 seconds left.\n|\n|t:|1775960356\n|teamsize|p1|4\n|teamsize|p2|4\n|start\n|switch|p1a: Mamoswine|Mamoswine, L50, M|100/100\n|switch|p1b: Samurott|Samurott-Hisui, L50, M|100/100\n|switch|p2a: Gengar|Gengar, L50, M|100/100\n|switch|p2b: Whimsicott|Whimsicott, L50, M|100/100\n|turn|1\n|inactive|AlexxisIdk658 has 30 seconds left.\n|inactive|AlexxisIdk658 has 20 seconds left.\n|\n|t:|1775960394\n|detailschange|p2a: Gengar|Gengar-Mega, L50, M\n|-mega|p2a: Gengar|Gengar|Gengarite\n|move|p2a: Gengar|Protect|p2a: Gengar\n|-singleturn|p2a: Gengar|Protect\n|move|p1a: Mamoswine|Ice Shard|p2b: Whimsicott\n|-supereffective|p2b: Whimsicott|1\n|-damage|p2b: Whimsicott|54/100\n|move|p2b: Whimsicott|Tailwind|p2b: Whimsicott\n|-sidestart|p2: AlexxisIdk658|move: Tailwind\n|move|p1b: Samurott|Sucker Punch||[still]\n|-fail|p1b: Samurott\n|\n|upkeep\n|turn|2\n|inactive|loklastaji has 30 seconds left.\n|\n|t:|1775960420\n|move|p2b: Whimsicott|Encore|p1a: Mamoswine\n|-start|p1a: Mamoswine|Encore\n|move|p1a: Mamoswine|Ice Shard|p2a: Gengar\n|-damage|p2a: Gengar|65/100\n|move|p1b: Samurott|Sucker Punch||[still]\n|-fail|p1b: Samurott\n|move|p2a: Gengar|Disable|p1a: Mamoswine\n|-start|p1a: Mamoswine|Disable|Ice Shard\n|\n|upkeep\n|turn|3\n|inactive|loklastaji has 30 seconds left.\n|\n|t:|1775960451\n|move|p2b: Whimsicott|Fake Tears|p1a: Mamoswine\n|-unboost|p1a: Mamoswine|spd|2\n|move|p2a: Gengar|Shadow Ball|p1a: Mamoswine\n|-damage|p1a: Mamoswine|0 fnt\n|faint|p1a: Mamoswine\n|move|p1b: Samurott|Ceaseless Edge|p2a: Gengar\n|-supereffective|p2a: Gengar|1\n|-crit|p2a: Gengar\n|-damage|p2a: Gengar|0 fnt\n|-sidestart|p2: AlexxisIdk658|Spikes\n|faint|p2a: Gengar\n|\n|upkeep\n|\n|t:|1775960473\n|switch|p2a: Archaludon|Archaludon, L50, F|100/100\n|switch|p1a: Corviknight|Corviknight, L50, F|100/100\n|-damage|p2a: Archaludon|89/100|[from] Spikes\n|turn|4\n|inactive|AlexxisIdk658 has 30 seconds left.\n|\n|t:|1775960508\n|switch|p1b: Dragonite|Dragonite, L50, M|100/100\n|move|p2a: Archaludon|Protect|p2a: Archaludon\n|-singleturn|p2a: Archaludon|Protect\n|move|p2b: Whimsicott|Fake Tears|p1b: Dragonite\n|-unboost|p1b: Dragonite|spd|2\n|move|p1a: Corviknight|Tailwind|p1a: Corviknight\n|-sidestart|p1: loklastaji|move: Tailwind\n|\n|-sideend|p2: AlexxisIdk658|move: Tailwind\n|upkeep\n|turn|5\n|\n|t:|1775960529\n|switch|p2a: Politoed|Politoed, L50, F|100/100\n|-damage|p2a: Politoed|88/100|[from] Spikes\n|-weather|RainDance|[from] ability: Drizzle|[of] p2a: Politoed\n|detailschange|p1b: Dragonite|Dragonite-Mega, L50, M\n|-mega|p1b: Dragonite|Dragonite|Dragoninite\n|move|p1b: Dragonite|Draco Meteor|p2a: Politoed\n|-damage|p2a: Politoed|26/100\n|-unboost|p1b: Dragonite|spa|2\n|move|p1a: Corviknight|Iron Head|p2b: Whimsicott\n|-supereffective|p2b: Whimsicott|1\n|-damage|p2b: Whimsicott|0 fnt\n|faint|p2b: Whimsicott\n|\n|-weather|RainDance|[upkeep]\n|upkeep\n|\n|t:|1775960543\n|switch|p2b: Archaludon|Archaludon, L50, F|89/100\n|-damage|p2b: Archaludon|77/100|[from] Spikes\n|turn|6\n|\n|t:|1775960558\n|move|p1a: Corviknight|Protect|p1a: Corviknight\n|-singleturn|p1a: Corviknight|Protect\n|move|p2a: Politoed|Protect|p2a: Politoed\n|-singleturn|p2a: Politoed|Protect\n|move|p1b: Dragonite|Thunderbolt|p2a: Politoed\n|-activate|p2a: Politoed|move: Protect\n|move|p2b: Archaludon|Electro Shot||[still]\n|-prepare|p2b: Archaludon|Electro Shot\n|-boost|p2b: Archaludon|spa|1\n|-anim|p2b: Archaludon|Electro Shot|p1b: Dragonite\n|-damage|p1b: Dragonite|38/100\n|\n|-weather|RainDance|[upkeep]\n|upkeep\n|turn|7\n|inactive|loklastaji has 30 seconds left.\n|inactive|loklastaji has 20 seconds left.\n|\n|t:|1775960593\n|move|p1b: Dragonite|Protect|p1b: Dragonite\n|-singleturn|p1b: Dragonite|Protect\n|move|p2b: Archaludon|Protect|p2b: Archaludon\n|-singleturn|p2b: Archaludon|Protect\n|move|p1a: Corviknight|Brave Bird|p2a: Politoed\n|-damage|p2a: Politoed|0 fnt\n|faint|p2a: Politoed\n|-damage|p1a: Corviknight|91/100|[from] Recoil\n|\n|-weather|RainDance|[upkeep]\n|-heal|p1a: Corviknight|96/100|[from] item: Leftovers\n|-sideend|p1: loklastaji|move: Tailwind\n|upkeep\n|turn|8\n|\n|t:|1775960611\n|switch|p1b: Samurott|Samurott-Hisui, L50, M|100/100\n|move|p2b: Archaludon|Electro Shot||[still]\n|-prepare|p2b: Archaludon|Electro Shot\n|-boost|p2b: Archaludon|spa|1\n|-anim|p2b: Archaludon|Electro Shot|p1b: Samurott\n|-supereffective|p1b: Samurott|1\n|-damage|p1b: Samurott|0 fnt\n|faint|p1b: Samurott\n|move|p1a: Corviknight|Tailwind|p1a: Corviknight\n|-sidestart|p1: loklastaji|move: Tailwind\n|\n|-weather|RainDance|[upkeep]\n|-heal|p1a: Corviknight|100/100|[from] item: Leftovers\n|upkeep\n|\n|t:|1775960625\n|switch|p1b: Dragonite|Dragonite-Mega, L50, M|38/100\n|turn|9\n|\n|t:|1775960635\n|move|p1b: Dragonite|Draco Meteor|p2b: Archaludon\n|-damage|p2b: Archaludon|0 fnt\n|-unboost|p1b: Dragonite|spa|2\n|faint|p2b: Archaludon\n|\n|win|loklastaji\n|raw|loklastaji's rating: 1143 &rarr; <strong>1165</strong><br />(+22 for winning)\n|raw|AlexxisIdk658's rating: 1100 &rarr; <strong>1078</strong><br />(-22 for losing)\n|l|\u2606AlexxisIdk658\n|player|p2|\n",
  "uploadtime": 1775960642,
  "views": 11,
  "formatid": "gen9championsvgc2026regma",
  "rating": 1078,
  "private": 0,
  "password": null
}