{
  "id": "gen9championsvgc2026regma-2581308037",
  "format": "[Gen 9 Champions] VGC 2026 Reg M-A",
  "players": [
    "Jamyrok",
    "siunhanech"
  ],
  "log": "|j|\u2606Jamyrok\n|j|\u2606siunhanech\n|t:|1775984509\n|gametype|doubles\n|player|p1|Jamyrok|101|1315\n|player|p2|siunhanech|cynthia-gen4|1352\n|gen|9\n|tier|[Gen 9 Champions] VGC 2026 Reg M-A\n|rated|\n|rule|Species Clause: Limit one of each Pok\u00e9mon\n|rule|Item Clause: Limit 1 of each item\n|clearpoke\n|poke|p1|Mamoswine, L50, M|\n|poke|p1|Abomasnow, L50, M|\n|poke|p1|Froslass, L50, F|\n|poke|p1|Kingambit, L50, F|\n|poke|p1|Armarouge, L50, F|\n|poke|p1|Rotom-Wash, L50|\n|poke|p2|Incineroar, L50, F|\n|poke|p2|Garchomp, L50, F|\n|poke|p2|Rotom-Wash, L50|\n|poke|p2|Orthworm, L50, F|\n|poke|p2|Basculegion, L50, M|\n|poke|p2|Froslass, L50, F|\n|teampreview|4\n|j| sparemeplz\n|inactive|Battle timer is ON: inactive players will automatically lose when time's up. (requested by siunhanech)\n|\n|t:|1775984535\n|teamsize|p1|4\n|teamsize|p2|4\n|start\n|switch|p1a: Armarouge|Armarouge, L50, F|100/100\n|switch|p1b: Kingambit|Kingambit, L50, F|100/100\n|switch|p2a: Basculegion|Basculegion, L50, M, shiny|100/100\n|switch|p2b: Garchomp|Garchomp, L50, F|100/100\n|turn|1\n|j| gE1xjZRtuhW2DdT0AK\n|inactive|Jamyrok has 30 seconds left.\n|inactive|Jamyrok has 20 seconds left.\n|\n|t:|1775984571\n|switch|p2a: Orthworm|Orthworm, L50, F|100/100\n|switch|p1a: Mamoswine|Mamoswine, L50, M|100/100\n|move|p2b: Garchomp|Earthquake|p1a: Mamoswine|[spread] p1a,p1b\n|-immune|p2a: Orthworm|[from] ability: Earth Eater\n|-supereffective|p1b: Kingambit|1\n|-damage|p1a: Mamoswine|65/100\n|-damage|p1b: Kingambit|45/100\n|move|p1b: Kingambit|Kowtow Cleave|p2b: Garchomp\n|-damage|p2b: Garchomp|53/100\n|-damage|p1b: Kingambit|33/100|[from] ability: Rough Skin|[of] p2b: Garchomp\n|\n|upkeep\n|turn|2\n|inactive|Jamyrok has 30 seconds left.\n|\n|t:|1775984598\n|move|p2b: Garchomp|Protect|p2b: Garchomp\n|-singleturn|p2b: Garchomp|Protect\n|move|p1a: Mamoswine|Ice Shard|p2b: Garchomp\n|-activate|p2b: Garchomp|move: Protect\n|move|p2a: Orthworm|Body Press|p1b: Kingambit\n|-supereffective|p1b: Kingambit|2\n|-damage|p1b: Kingambit|0 fnt\n|faint|p1b: Kingambit\n|\n|upkeep\n|\n|t:|1775984608\n|switch|p1b: Armarouge|Armarouge, L50, F|100/100\n|turn|3\n|\n|t:|1775984627\n|switch|p2b: Basculegion|Basculegion, L50, M, shiny|100/100\n|switch|p2a: Incineroar|Incineroar, L50, F, shiny|100/100\n|-ability|p2a: Incineroar|Intimidate|boost\n|-fail|p1a: Mamoswine|unboost|Attack|[from] ability: Oblivious|[of] p1a: Mamoswine\n|-unboost|p1b: Armarouge|atk|1\n|move|p1b: Armarouge|Armor Cannon|p2a: Incineroar\n|-resisted|p2a: Incineroar|1\n|-damage|p2a: Incineroar|75/100\n|-unboost|p1b: Armarouge|def|1\n|-unboost|p1b: Armarouge|spd|1\n|move|p1a: Mamoswine|High Horsepower|p2b: Basculegion\n|-damage|p2b: Basculegion|32/100\n|\n|upkeep\n|turn|4\n|inactive|Jamyrok has 30 seconds left.\n|\n|t:|1775984659\n|switch|p1b: Abomasnow|Abomasnow, L50, M|100/100\n|-weather|Snowscape|[from] ability: Snow Warning|[of] p1b: Abomasnow\n|move|p2a: Incineroar|Fake Out|p1a: Mamoswine\n|-damage|p1a: Mamoswine|59/100\n|move|p2b: Basculegion|Wave Crash|p1b: Abomasnow\n|-resisted|p1b: Abomasnow|1\n|-damage|p1b: Abomasnow|73/100\n|-damage|p2b: Basculegion|23/100|[from] Recoil\n|cant|p1a: Mamoswine|flinch\n|\n|-weather|Snowscape|[upkeep]\n|upkeep\n|turn|5\n|\n|t:|1775984680\n|switch|p2b: Orthworm|Orthworm, L50, F|100/100\n|switch|p1b: Armarouge|Armarouge, L50, F|100/100\n|move|p1a: Mamoswine|Ice Shard|p2b: Orthworm\n|-resisted|p2b: Orthworm|1\n|-damage|p2b: Orthworm|94/100\n|move|p2a: Incineroar|Flare Blitz|p1b: Armarouge\n|-start|p1b: Armarouge|ability: Flash Fire\n|\n|-weather|Snowscape|[upkeep]\n|upkeep\n|turn|6\n|inactive|Jamyrok has 30 seconds left.\n|\n|t:|1775984710\n|switch|p2b: Garchomp|Garchomp, L50, F|53/100\n|move|p1b: Armarouge|Armor Cannon|p2b: Garchomp\n|-resisted|p2b: Garchomp|1\n|-damage|p2b: Garchomp|0 fnt\n|-unboost|p1b: Armarouge|def|1\n|-unboost|p1b: Armarouge|spd|1\n|faint|p2b: Garchomp\n|move|p1a: Mamoswine|High Horsepower|p2a: Incineroar\n|-supereffective|p2a: Incineroar|1\n|-enditem|p2a: Incineroar|Shuca Berry|[eat]\n|-enditem|p2a: Incineroar|Shuca Berry|[weaken]\n|-damage|p2a: Incineroar|32/100\n|move|p2a: Incineroar|Darkest Lariat|p1b: Armarouge\n|-supereffective|p1b: Armarouge|1\n|-damage|p1b: Armarouge|25/100\n|\n|-weather|Snowscape|[upkeep]\n|upkeep\n|\n|t:|1775984730\n|switch|p2b: Basculegion|Basculegion, L50, M, shiny|23/100\n|turn|7\n|\n|t:|1775984741\n|-end|p1b: Armarouge|ability: Flash Fire|[silent]\n|switch|p1b: Abomasnow|Abomasnow, L50, M|73/100\n|switch|p2a: Orthworm|Orthworm, L50, F|94/100\n|move|p2b: Basculegion|Last Respects|p1b: Abomasnow\n|-damage|p1b: Abomasnow|28/100\n|move|p1a: Mamoswine|High Horsepower|p2a: Orthworm\n|-heal|p2a: Orthworm|100/100|[from] ability: Earth Eater|[of] p1a: Mamoswine\n|\n|-weather|Snowscape|[upkeep]\n|upkeep\n|turn|8\n|inactive|siunhanech has 30 seconds left.\n|inactive|Jamyrok has 30 seconds left.\n|\n|t:|1775984772\n|move|p1b: Abomasnow|Protect|p1b: Abomasnow\n|-singleturn|p1b: Abomasnow|Protect\n|move|p1a: Mamoswine|Ice Shard|p2b: Basculegion\n|-resisted|p2b: Basculegion|1\n|-damage|p2b: Basculegion|8/100\n|move|p2b: Basculegion|Last Respects|p1b: Abomasnow\n|-activate|p1b: Abomasnow|move: Protect\n|move|p2a: Orthworm|Body Press|p1a: Mamoswine\n|-supereffective|p1a: Mamoswine|1\n|-enditem|p1a: Mamoswine|Chople Berry|[eat]\n|-enditem|p1a: Mamoswine|Chople Berry|[weaken]\n|-damage|p1a: Mamoswine|39/100\n|\n|-weather|none\n|upkeep\n|turn|9\n|\n|t:|1775984793\n|switch|p2b: Incineroar|Incineroar, L50, F, shiny|32/100\n|-ability|p2b: Incineroar|Intimidate|boost\n|-fail|p1a: Mamoswine|unboost|Attack|[from] ability: Oblivious|[of] p1a: Mamoswine\n|-unboost|p1b: Abomasnow|atk|1\n|switch|p1a: Armarouge|Armarouge, L50, F|25/100\n|detailschange|p1b: Abomasnow|Abomasnow-Mega, L50, M\n|-mega|p1b: Abomasnow|Abomasnow|Abomasite\n|-weather|Snowscape|[from] ability: Snow Warning|[of] p1b: Abomasnow\n|move|p2a: Orthworm|Iron Defense|p2a: Orthworm\n|-boost|p2a: Orthworm|def|2\n|move|p1b: Abomasnow|Aurora Veil|p1b: Abomasnow\n|-sidestart|p1: Jamyrok|move: Aurora Veil\n|\n|-weather|Snowscape|[upkeep]\n|upkeep\n|turn|10\n|inactive|Jamyrok has 30 seconds left.\n|\n|t:|1775984821\n|switch|p1a: Mamoswine|Mamoswine, L50, M|39/100\n|move|p1b: Abomasnow|Protect|p1b: Abomasnow\n|-singleturn|p1b: Abomasnow|Protect\n|move|p2a: Orthworm|Body Press|p1b: Abomasnow\n|-activate|p1b: Abomasnow|move: Protect\n|move|p2b: Incineroar|Darkest Lariat|p1a: Mamoswine\n|-damage|p1a: Mamoswine|24/100\n|\n|-weather|Snowscape|[upkeep]\n|upkeep\n|turn|11\n|\n|t:|1775984836\n|move|p1a: Mamoswine|High Horsepower|p2b: Incineroar\n|-supereffective|p2b: Incineroar|1\n|-damage|p2b: Incineroar|0 fnt\n|faint|p2b: Incineroar\n|move|p2a: Orthworm|Body Press|p1a: Mamoswine\n|-supereffective|p1a: Mamoswine|1\n|-damage|p1a: Mamoswine|0 fnt\n|faint|p1a: Mamoswine\n|move|p1b: Abomasnow|Ice Hammer|p2a: Orthworm\n|-resisted|p2a: Orthworm|1\n|-damage|p2a: Orthworm|94/100\n|-unboost|p1b: Abomasnow|spe|1\n|\n|-weather|Snowscape|[upkeep]\n|upkeep\n|\n|t:|1775984847\n|switch|p1a: Armarouge|Armarouge, L50, F|25/100\n|switch|p2b: Basculegion|Basculegion, L50, M, shiny|8/100\n|turn|12\n|\n|t:|1775984857\n|move|p2b: Basculegion|Last Respects|p1a: Armarouge\n|-supereffective|p1a: Armarouge|1\n|-damage|p1a: Armarouge|0 fnt\n|faint|p1a: Armarouge\n|move|p2a: Orthworm|Body Press|p1b: Abomasnow\n|-supereffective|p1b: Abomasnow|1\n|-damage|p1b: Abomasnow|0 fnt\n|faint|p1b: Abomasnow\n|\n|win|siunhanech\n|raw|Jamyrok's rating: 1315 &rarr; <strong>1297</strong><br />(-18 for losing)\n|raw|siunhanech's rating: 1352 &rarr; <strong>1370</strong><br />(+18 for winning)\n",
  "uploadtime": 1775984861,
  "views": 37,
  "formatid": "gen9championsvgc2026regma",
  "rating": 1297,
  "private": 0,
  "password": null
}