{
  "id": "gen9championsvgc2026regma-2587653241",
  "format": "[Gen 9 Champions] VGC 2026 Reg M-A",
  "players": [
    "hyunbelievable",
    "KululuMiku"
  ],
  "log": "|j|\u2606hyunbelievable\n|j|\u2606KululuMiku\n|t:|1776550677\n|gametype|doubles\n|player|p1|hyunbelievable|guzma|1240\n|player|p2|KululuMiku|marlon|1313\n|gen|9\n|tier|[Gen 9 Champions] VGC 2026 Reg M-A\n|rated|\n|rule|Species Clause: Limit one of each Pok\u00e9mon\n|rule|Item Clause: Limit 1 of each item\n|clearpoke\n|poke|p1|Blastoise, L50, F|\n|poke|p1|Sinistcha, L50|\n|poke|p1|Tyranitar, L50, M|\n|poke|p1|Excadrill, L50, M|\n|poke|p1|Incineroar, L50, M|\n|poke|p1|Typhlosion-Hisui, L50, F|\n|poke|p2|Meganium, L50, F|\n|poke|p2|Sableye, L50, F|\n|poke|p2|Goodra-Hisui, L50, F|\n|poke|p2|Pelipper, L50, M|\n|poke|p2|Archaludon, L50, M|\n|poke|p2|Dragonite, L50, F|\n|teampreview|4\n|\n|t:|1776550729\n|teamsize|p1|4\n|teamsize|p2|4\n|start\n|switch|p1a: Roberta|Typhlosion-Hisui, L50, F|100/100\n|switch|p1b: Chang|Excadrill, L50, M|100/100\n|switch|p2a: Sableye|Sableye, L50, F|100/100\n|switch|p2b: Meganium|Meganium, L50, F|100/100\n|-item|p2a: Sableye|Focus Sash|[from] ability: Frisk|[of] p1a: Roberta\n|-item|p2b: Meganium|Meganiumite|[from] ability: Frisk|[of] p1a: Roberta\n|turn|1\n|\n|t:|1776550753\n|switch|p2b: Archaludon|Archaludon, L50, M|100/100\n|move|p2a: Sableye|Rain Dance|p2a: Sableye\n|-weather|RainDance\n|move|p1a: Roberta|Eruption|p2b: Archaludon|[spread] p2a,p2b\n|-crit|p2a: Sableye\n|-damage|p2a: Sableye|40/100\n|-damage|p2b: Archaludon|61/100\n|-ability|p2b: Archaludon|Stamina|boost\n|-boost|p2b: Archaludon|def|1\n|move|p1b: Chang|Rock Slide|p2b: Archaludon|[spread] p2b\n|-miss|p1b: Chang|p2a: Sableye\n|-resisted|p2b: Archaludon|1\n|-crit|p2b: Archaludon\n|-damage|p2b: Archaludon|48/100\n|-ability|p2b: Archaludon|Stamina|boost\n|-boost|p2b: Archaludon|def|1\n|\n|-weather|RainDance|[upkeep]\n|-heal|p2b: Archaludon|54/100|[from] item: Leftovers\n|upkeep\n|turn|2\n|\n|t:|1776550773\n|switch|p1b: Rock|Tyranitar, L50, M|100/100\n|-weather|Sandstorm|[from] ability: Sand Stream|[of] p1b: Rock\n|move|p2a: Sableye|Light Screen|p2a: Sableye\n|-sidestart|p2: KululuMiku|move: Light Screen\n|move|p1a: Roberta|Eruption|p2a: Sableye|[spread] p2a,p2b\n|-damage|p2a: Sableye|0 fnt\n|-damage|p2b: Archaludon|2/100\n|-ability|p2b: Archaludon|Stamina|boost\n|-boost|p2b: Archaludon|def|1\n|faint|p2a: Sableye\n|move|p2b: Archaludon|Aura Sphere|p1b: Rock\n|-supereffective|p1b: Rock|2\n|-damage|p1b: Rock|27/100\n|\n|-weather|Sandstorm|[upkeep]\n|-damage|p1a: Roberta|94/100|[from] Sandstorm\n|-heal|p2b: Archaludon|8/100|[from] item: Leftovers\n|upkeep\n|\n|t:|1776550789\n|switch|p2a: Pelipper|Pelipper, L50, M|100/100\n|-weather|RainDance|[from] ability: Drizzle|[of] p2a: Pelipper\n|turn|3\n|\n|t:|1776550798\n|detailschange|p1b: Rock|Tyranitar-Mega, L50, M\n|-mega|p1b: Rock|Tyranitar|Tyranitarite\n|-weather|Sandstorm|[from] ability: Sand Stream|[of] p1b: Rock\n|move|p2a: Pelipper|Wide Guard|p2a: Pelipper\n|-singleturn|p2a: Pelipper|Wide Guard\n|move|p1a: Roberta|Eruption|p2a: Pelipper|[spread] \n|-activate|p2a: Pelipper|move: Wide Guard\n|-activate|p2b: Archaludon|move: Wide Guard\n|move|p1b: Rock|Low Kick|p2b: Archaludon\n|-supereffective|p2b: Archaludon|1\n|-damage|p2b: Archaludon|0 fnt\n|faint|p2b: Archaludon\n|\n|-weather|Sandstorm|[upkeep]\n|-damage|p1a: Roberta|88/100|[from] Sandstorm\n|-damage|p2a: Pelipper|95/100|[from] Sandstorm\n|upkeep\n|\n|t:|1776550812\n|switch|p2b: Meganium|Meganium, L50, F|100/100\n|turn|4\n|\n|t:|1776550824\n|detailschange|p2b: Meganium|Meganium-Mega, L50, F\n|-mega|p2b: Meganium|Meganium|Meganiumite\n|move|p2a: Pelipper|Wide Guard|p2a: Pelipper\n|-singleturn|p2a: Pelipper|Wide Guard\n|move|p1a: Roberta|Eruption|p2b: Meganium|[spread] \n|-activate|p2a: Pelipper|move: Wide Guard\n|-activate|p2b: Meganium|move: Wide Guard\n|move|p2b: Meganium|Dazzling Gleam|p1a: Roberta|[spread] p1a,p1b\n|-resisted|p1a: Roberta|1\n|-supereffective|p1b: Rock|1\n|-damage|p1a: Roberta|63/100\n|-damage|p1b: Rock|0 fnt\n|faint|p1b: Rock\n|\n|-weather|Sandstorm|[upkeep]\n|-damage|p1a: Roberta|57/100|[from] Sandstorm\n|-damage|p2b: Meganium|95/100|[from] Sandstorm\n|-damage|p2a: Pelipper|89/100|[from] Sandstorm\n|upkeep\n|\n|t:|1776550828\n|switch|p1b: Chang|Excadrill, L50, M|100/100\n|turn|5\n|\n|t:|1776550841\n|switch|p1a: Dutch|Incineroar, L50, M|100/100\n|-ability|p1a: Dutch|Intimidate|boost\n|-unboost|p2a: Pelipper|atk|1\n|-unboost|p2b: Meganium|atk|1\n|move|p1b: Chang|Iron Head|p2b: Meganium\n|-supereffective|p2b: Meganium|1\n|-damage|p2b: Meganium|0 fnt\n|faint|p2b: Meganium\n|move|p2a: Pelipper|Weather Ball|p1a: Dutch\n|-supereffective|p1a: Dutch|1\n|-damage|p1a: Dutch|44/100\n|\n|-weather|Sandstorm|[upkeep]\n|-damage|p2a: Pelipper|83/100|[from] Sandstorm\n|-damage|p1a: Dutch|38/100|[from] Sandstorm\n|upkeep\n|turn|6\n|\n|t:|1776550854\n|move|p1a: Dutch|Fake Out|p2a: Pelipper\n|-damage|p2a: Pelipper|68/100\n|move|p1b: Chang|Rock Slide|p2a: Pelipper\n|-supereffective|p2a: Pelipper|1\n|-damage|p2a: Pelipper|7/100\n|cant|p2a: Pelipper|flinch\n|\n|-weather|Sandstorm|[upkeep]\n|-damage|p2a: Pelipper|1/100|[from] Sandstorm\n|-damage|p1a: Dutch|32/100|[from] Sandstorm\n|-sideend|p2: KululuMiku|move: Light Screen\n|upkeep\n|turn|7\n|\n|t:|1776550861\n|move|p1b: Chang|Iron Head|p2a: Pelipper\n|-resisted|p2a: Pelipper|1\n|-damage|p2a: Pelipper|0 fnt\n|faint|p2a: Pelipper\n|\n|win|hyunbelievable\n|raw|hyunbelievable's rating: 1240 &rarr; <strong>1270</strong><br />(+30 for winning)\n|raw|KululuMiku's rating: 1313 &rarr; <strong>1289</strong><br />(-24 for losing)\n|c|\u2606hyunbelievable|gg\n",
  "uploadtime": 1776550865,
  "views": 16,
  "formatid": "gen9championsvgc2026regma",
  "rating": 1270,
  "private": 0,
  "password": null
}