{
  "id": "gen9championsvgc2026regma-2586752360",
  "format": "[Gen 9 Champions] VGC 2026 Reg M-A",
  "players": [
    "sille rovert",
    "yngtgr"
  ],
  "log": "|j|\u2606sille rovert\n|j|\u2606yngtgr\n|t:|1776457123\n|gametype|doubles\n|player|p1|sille rovert|266|\n|player|p2|yngtgr|266|\n|gen|9\n|tier|[Gen 9 Champions] VGC 2026 Reg M-A\n|rated|Tournament battle\n|rule|Species Clause: Limit one of each Pok\u00e9mon\n|rule|Item Clause: Limit 1 of each item\n|raw|<div class=\"infobox\"><details class=\"readmore\" open><summary><strong>1 custom rule:</strong></summary> Force Open Team Sheets</details></div>\n|clearpoke\n|poke|p1|Pelipper, L50, M|\n|poke|p1|Meganium, L50, F|\n|poke|p1|Sneasler, L50, F|\n|poke|p1|Aegislash, L50, M|\n|poke|p1|Palafin, L50, F|\n|poke|p1|Incineroar, L50, M|\n|poke|p2|Gengar, L50, F|\n|poke|p2|Incineroar, L50, M|\n|poke|p2|Kommo-o, L50, F|\n|poke|p2|Sinistcha, L50|\n|poke|p2|Tyranitar, L50, F|\n|poke|p2|Basculegion, L50, M|\n|teampreview|4\n|showteam|p1|Pelipper||FocusSash|Drizzle|Hurricane,WeatherBall,Tailwind,Protect|||M|||50|]Meganium||Meganiumite|Overgrow|SolarBeam,DazzlingGleam,WeatherBall,Protect|||F|||50|]Sneasler||WhiteHerb|Unburden|CloseCombat,DireClaw,FakeOut,Protect|||F|||50|]Aegislash||SpellTag|StanceChange|Poltergeist,ShadowSneak,IronHead,KingsShield|||M|||50|]Palafin||MysticWater|ZerotoHero|WaveCrash,JetPunch,CloseCombat,Protect|||F|||50|]Incineroar||SitrusBerry|Intimidate|FlareBlitz,PartingShot,FakeOut,ThroatChop|||M|||50|\n|showteam|p2|Gengar||Gengarite|CursedBody|ShadowBall,PerishSong,Taunt,Protect|||F|||50|]Incineroar||SitrusBerry|Intimidate|FakeOut,PartingShot,ThroatChop,Protect|||M|||50|]Kommo-o||Leftovers|Soundproof|ClangorousSoul,ClangingScales,AuraSphere,Protect|||F|||50|]Sinistcha||KasibBerry|Hospitality|MatchaGotcha,RagePowder,LifeDew,Protect||||||50|]Tyranitar||FocusSash|SandStream|RockSlide,KnockOff,LowKick,Protect|||F|||50|]Basculegion||ChoiceScarf|Adaptability|WaveCrash,LastRespects,FlipTurn,AquaJet|||M|||50|\n|j| vroummm\n|inactive|Battle timer is ON: inactive players will automatically lose when time's up. (requested by sille rovert)\n|\n|t:|1776457205\n|teamsize|p1|4\n|teamsize|p2|4\n|start\n|switch|p1a: Aegislash|Aegislash, L50, M|100/100\n|switch|p1b: Incineroar|Incineroar, L50, M|100/100\n|switch|p2a: Gengar|Gengar, L50, F|100/100\n|switch|p2b: Basculegion|Basculegion, L50, M|100/100\n|-ability|p1b: Incineroar|Intimidate|boost\n|-unboost|p2a: Gengar|atk|1\n|-unboost|p2b: Basculegion|atk|1\n|turn|1\n|inactive|sille rovert has 30 seconds left.\n|inactive|sille rovert has 20 seconds left.\n|inactive|sille rovert has 15 seconds left.\n|\n|t:|1776457251\n|detailschange|p2a: Gengar|Gengar-Mega, L50, F\n|-mega|p2a: Gengar|Gengar|Gengarite\n|move|p2a: Gengar|Protect|p2a: Gengar\n|-singleturn|p2a: Gengar|Protect\n|move|p1a: Aegislash|King's Shield|p1a: Aegislash\n|-singleturn|p1a: Aegislash|Protect\n|move|p2b: Basculegion|Flip Turn|p1b: Incineroar\n|-supereffective|p1b: Incineroar|1\n|-damage|p1b: Incineroar|65/100\n|\n|t:|1776457260\n|switch|p2b: Incineroar|Incineroar, L50, M|100/100|[from] Flip Turn\n|-ability|p2b: Incineroar|Intimidate|boost\n|-unboost|p1a: Aegislash|atk|1\n|-unboost|p1b: Incineroar|atk|1\n|move|p1b: Incineroar|Parting Shot|p2a: Gengar\n|-activate|p2a: Gengar|move: Protect\n|\n|upkeep\n|turn|2\n|inactive|yngtgr has 30 seconds left.\n|\n|t:|1776457290\n|switch|p1a: Palafin|Palafin, L50, F|100/100\n|move|p2a: Gengar|Shadow Ball|p1a: Palafin\n|-damage|p1a: Palafin|48/100\n|move|p2b: Incineroar|Throat Chop|p1a: Palafin\n|-crit|p1a: Palafin\n|-damage|p1a: Palafin|0 fnt\n|faint|p1a: Palafin\n|move|p1b: Incineroar|Parting Shot|p2a: Gengar\n|-unboost|p2a: Gengar|atk|1\n|-unboost|p2a: Gengar|spa|1\n|c|\u2606sille rovert|say sorry for crit\n|c|\u2606sille rovert|lol\n|j| OnToTheOther\n|inactive|sille rovert has 30 seconds left.\n|\n|t:|1776457315\n|switch|p1b: Meganium|Meganium, L50, F|100/100|[from] Parting Shot\n|\n|upkeep\n|\n|t:|1776457318\n|switch|p1a: Incineroar|Incineroar, L50, M|65/100\n|-ability|p1a: Incineroar|Intimidate|boost\n|-unboost|p2a: Gengar|atk|1\n|-unboost|p2b: Incineroar|atk|1\n|turn|3\n|inactive|yngtgr has 30 seconds left.\n|\n|t:|1776457344\n|switch|p2a: Sinistcha|Sinistcha, L50, shiny|100/100\n|detailschange|p1b: Meganium|Meganium-Mega, L50, F\n|-mega|p1b: Meganium|Meganium|Meganiumite\n|move|p1b: Meganium|Dazzling Gleam|p2a: Sinistcha|[spread] p2a,p2b\n|-damage|p2a: Sinistcha|67/100\n|-damage|p2b: Incineroar|75/100\n|move|p2b: Incineroar|Parting Shot|p1b: Meganium\n|-unboost|p1b: Meganium|atk|1\n|-unboost|p1b: Meganium|spa|1\n|\n|t:|1776457353\n|switch|p2b: Gengar|Gengar-Mega, L50, F|100/100|[from] Parting Shot\n|move|p1a: Incineroar|Throat Chop|p2a: Sinistcha\n|-supereffective|p2a: Sinistcha|1\n|-damage|p2a: Sinistcha|15/100\n|-start|p2a: Sinistcha|Throat Chop|[silent]\n|\n|upkeep\n|turn|4\n|inactive|yngtgr has 30 seconds left.\n|c|\u2606sille rovert|this would be so much easier w paly alive lol\n|inactive|yngtgr has 20 seconds left.\n|inactive|yngtgr has 15 seconds left.\n|\n|t:|1776457398\n|switch|p2a: Incineroar|Incineroar, L50, M|75/100\n|-ability|p2a: Incineroar|Intimidate|boost\n|-unboost|p1a: Incineroar|atk|1\n|-unboost|p1b: Meganium|atk|1\n|move|p2b: Gengar|Protect|p2b: Gengar\n|-singleturn|p2b: Gengar|Protect\n|move|p1b: Meganium|Dazzling Gleam|p2b: Gengar|[spread] p2a\n|-activate|p2b: Gengar|move: Protect\n|-crit|p2a: Incineroar\n|-damage|p2a: Incineroar|35/100\n|-enditem|p2a: Incineroar|Sitrus Berry|[eat]\n|-heal|p2a: Incineroar|59/100|[from] item: Sitrus Berry\n|move|p1a: Incineroar|Throat Chop|p2b: Gengar\n|-activate|p2b: Gengar|move: Protect\n|\n|upkeep\n|turn|5\n|\n|t:|1776457417\n|move|p1b: Meganium|Protect|p1b: Meganium\n|-singleturn|p1b: Meganium|Protect\n|move|p2a: Incineroar|Fake Out|p1a: Incineroar\n|-damage|p1a: Incineroar|57/100\n|move|p2b: Gengar|Perish Song|p2b: Gengar\n|-start|p1a: Incineroar|perish3|[silent]\n|-start|p1b: Meganium|perish3|[silent]\n|-start|p2a: Incineroar|perish3|[silent]\n|-start|p2b: Gengar|perish3|[silent]\n|-fieldactivate|move: Perish Song\n|cant|p1a: Incineroar|flinch\n|\n|-start|p2b: Gengar|perish3\n|-start|p1b: Meganium|perish3\n|-start|p2a: Incineroar|perish3\n|-start|p1a: Incineroar|perish3\n|upkeep\n|turn|6\n|inactive|sille rovert has 30 seconds left.\n|j| TTT x\n|\n|t:|1776457451\n|move|p2b: Gengar|Taunt|p1a: Incineroar\n|-start|p1a: Incineroar|move: Taunt\n|move|p1b: Meganium|Dazzling Gleam|p2a: Incineroar|[spread] p2a,p2b\n|-resisted|p2b: Gengar|1\n|-damage|p2a: Incineroar|41/100\n|-damage|p2b: Gengar|88/100\n|move|p2a: Incineroar|Parting Shot|p1a: Incineroar\n|-unboost|p1a: Incineroar|atk|1\n|-unboost|p1a: Incineroar|spa|1\n|\n|t:|1776457460\n|switch|p2a: Sinistcha|Sinistcha, L50, shiny|15/100|[from] Parting Shot\n|-heal|p2b: Gengar|100/100|[from] ability: Hospitality|[of] p2a: Sinistcha\n|move|p1a: Incineroar|Throat Chop|p2b: Gengar\n|-supereffective|p2b: Gengar|1\n|-damage|p2b: Gengar|61/100\n|-start|p2b: Gengar|Throat Chop|[silent]\n|\n|-start|p2b: Gengar|perish2\n|-start|p1b: Meganium|perish2\n|-start|p1a: Incineroar|perish2\n|upkeep\n|turn|7\n|j| knoxxzeta\n|j| Ducktile\n|inactive|sille rovert has 30 seconds left.\n|inactive|yngtgr has 30 seconds left.\n|inactive|yngtgr has 20 seconds left.\n|j| someone#58\n|inactive|yngtgr has 15 seconds left.\n|inactive|yngtgr has 10 seconds left.\n|\n|t:|1776457507\n|move|p2b: Gengar|Protect|p2b: Gengar\n|-singleturn|p2b: Gengar|Protect\n|move|p2a: Sinistcha|Protect|p2a: Sinistcha\n|-singleturn|p2a: Sinistcha|Protect\n|move|p1b: Meganium|Dazzling Gleam|p2b: Gengar|[spread] \n|-activate|p2a: Sinistcha|move: Protect\n|-activate|p2b: Gengar|move: Protect\n|move|p1a: Incineroar|Flare Blitz|p2b: Gengar\n|-activate|p2b: Gengar|move: Protect\n|\n|-end|p2b: Gengar|Throat Chop|[silent]\n|-start|p2b: Gengar|perish1\n|-start|p1b: Meganium|perish1\n|-start|p1a: Incineroar|perish1\n|upkeep\n|turn|8\n|inactive|yngtgr has 30 seconds left.\n|inactive|yngtgr has 20 seconds left.\n|inactive|yngtgr has 15 seconds left.\n|inactive|yngtgr has 10 seconds left.\n|\n|t:|1776457556\n|switch|p2b: Incineroar|Incineroar, L50, M|41/100\n|-ability|p2b: Incineroar|Intimidate|boost\n|-unboost|p1a: Incineroar|atk|1\n|-unboost|p1b: Meganium|atk|1\n|move|p2a: Sinistcha|Rage Powder|p2a: Sinistcha\n|-singleturn|p2a: Sinistcha|move: Rage Powder\n|move|p1b: Meganium|Dazzling Gleam|p2a: Sinistcha|[spread] p2a,p2b\n|-damage|p2a: Sinistcha|0 fnt\n|-damage|p2b: Incineroar|23/100\n|faint|p2a: Sinistcha\n|move|p1a: Incineroar|Flare Blitz|p2b: Incineroar\n|-resisted|p2b: Incineroar|1\n|-damage|p2b: Incineroar|15/100\n|-damage|p1a: Incineroar|54/100|[from] Recoil\n|\n|-end|p1a: Incineroar|move: Taunt\n|-start|p1b: Meganium|perish0\n|-start|p1a: Incineroar|perish0\n|upkeep\n|faint|p1b: Meganium\n|faint|p1a: Incineroar\n|j| qmurda\n|\n|t:|1776457576\n|switch|p1b: Aegislash|Aegislash, L50, M|100/100\n|switch|p2a: Gengar|Gengar-Mega, L50, F|61/100\n|turn|9\n|\n|t:|1776457599\n|move|p2a: Gengar|Shadow Ball|p1b: Aegislash\n|-supereffective|p1b: Aegislash|1\n|-damage|p1b: Aegislash|26/100\n|-formechange|p1b: Aegislash|Aegislash-Blade|\n|move|p1b: Aegislash|Iron Head|p2b: Incineroar\n|-resisted|p2b: Incineroar|1\n|-crit|p2b: Incineroar\n|-damage|p2b: Incineroar|0 fnt\n|faint|p2b: Incineroar\n|\n|upkeep\n|\n|t:|1776457607\n|switch|p2b: Basculegion|Basculegion, L50, M|100/100\n|turn|10\n|c|\u2606sille rovert|zzzz\n|c|\u2606sille rovert|another room tour loss to hax\n|\n|t:|1776457633\n|move|p1b: Aegislash|Shadow Sneak|p2b: Basculegion\n|-supereffective|p2b: Basculegion|1\n|-damage|p2b: Basculegion|32/100\n|move|p2b: Basculegion|Last Respects|p1b: Aegislash\n|-supereffective|p1b: Aegislash|1\n|-damage|p1b: Aegislash|0 fnt\n|faint|p1b: Aegislash\n|\n|win|yngtgr\n|n|\u2606sille rovert|sillerovert\n|n|\u2606yngtgr|yngtgr\n|n| vroummm|vroummm\n|n| OnToTheOther|ontotheother\n|n| TTT x|tttx\n|n| knoxxzeta|knoxxzeta\n|n| Ducktile|ducktile\n|n| someone#58|someone58\n|n| qmurda|qmurda\n|l|\u2606sille rovert\n|player|p1|\n|l| someone#58\n|l| knoxxzeta\n|l| Ducktile\n|l| TTT x\n|l| vroummm\n",
  "uploadtime": 1776458106,
  "views": 27,
  "formatid": "gen9championsvgc2026regma",
  "rating": null,
  "private": 0,
  "password": null
}