{
  "id": "gen9championsvgc2026regma-2587752898",
  "format": "[Gen 9 Champions] VGC 2026 Reg M-A",
  "players": [
    "parry gonzales",
    "hunterdrago"
  ],
  "log": "|j|\u2606parry gonzales\n|j|\u2606hunterdrago\n|html|<table width=\"100%\"><tr><td align=\"left\">parry gonzales</td><td align=\"right\">hunterdrago</tr><tr><td align=\"left\"><i class=\"fa fa-circle-o\"></i> <i class=\"fa fa-circle-o\"></i> </td><td align=\"right\"><i class=\"fa fa-circle-o\"></i> <i class=\"fa fa-circle-o\"></i> </tr></table>\n|uhtml|bestof|<h2><strong>Game 1</strong> of <a href=\"/game-bestof3-gen9championsvgc2026regma-2587752897\">a best-of-3</a></h2>\n|t:|1776560501\n|gametype|doubles\n|player|p1|parry gonzales|lance-masters2|\n|player|p2|hunterdrago|rosa|\n|gen|9\n|tier|[Gen 9 Champions] VGC 2026 Reg M-A\n|rule|Species Clause: Limit one of each Pok\u00e9mon\n|rule|Item Clause: Limit 1 of each item\n|raw|<div class=\"infobox\"><details class=\"readmore\" open><summary><strong>1 custom rule:</strong></summary> Best of = 3</details></div>\n|clearpoke\n|poke|p1|Floette-Eternal, L50, F|\n|poke|p1|Klefki, L50, M|\n|poke|p1|Mudsdale, L50, M|\n|poke|p1|Noivern, L50, F|\n|poke|p1|Maushold, L50|\n|poke|p1|Simisear, L50, F|\n|poke|p2|Lopunny, L50, M|\n|poke|p2|Whimsicott, L50, F|\n|poke|p2|Typhlosion-Hisui, L50, F|\n|poke|p2|Aegislash, L50, M|\n|poke|p2|Tauros-Paldea-Aqua, L50, M|\n|poke|p2|Torkoal, L50, F|\n|teampreview|4\nparry gonzales rejected open team sheets.\n|c|\u2606hunterdrago|gl hf!\n|c|\u2606parry gonzales|OK, let's see qhat I built om wednesday!\n|c|\u2606parry gonzales|.... oh my god parry what is this\n|c|\u2606parry gonzales|Glhf\n|c|\u2606hunterdrago|hahaha same\n|\n|t:|1776560551\n|teamsize|p1|4\n|teamsize|p2|4\n|start\n|switch|p1a: kuk|Klefki, L50, M|100/100\n|switch|p1b: nuk|Noivern, L50, F|100/100\n|switch|p2a: Lopunny|Lopunny, L50, M|100/100\n|switch|p2b: Aegislash|Aegislash, L50, M|100/100\n|-item|p2a: Lopunny|Lopunnite|[from] ability: Frisk|[of] p1b: nuk\n|-item|p2b: Aegislash|Leftovers|[from] ability: Frisk|[of] p1b: nuk\n|turn|1\n|\n|t:|1776560576\n|detailschange|p2a: Lopunny|Lopunny-Mega, L50, M\n|-mega|p2a: Lopunny|Lopunny|Lopunnite\n|move|p1a: kuk|Reflect|p1a: kuk\n|-sidestart|p1: parry gonzales|Reflect\n|move|p2a: Lopunny|Ice Punch|p1b: nuk\n|-supereffective|p1b: nuk|2\n|-crit|p1b: nuk\n|-enditem|p1b: nuk|Focus Sash\n|-damage|p1b: nuk|1/100\n|move|p1b: nuk|Taunt|p2b: Aegislash\n|-start|p2b: Aegislash|move: Taunt\n|cant|p2b: Aegislash|move: Taunt|Swords Dance\n|\n|upkeep\n|turn|2\n|\n|t:|1776560605\n|switch|p2a: Whimsicott|Whimsicott, L50, F|100/100\n|-formechange|p2b: Aegislash|Aegislash-Blade|\n|move|p2b: Aegislash|Shadow Sneak|p1b: nuk\n|-crit|p1b: nuk\n|-damage|p1b: nuk|0 fnt\n|faint|p1b: nuk\n|move|p1a: kuk|Dazzling Gleam|p2a: Whimsicott|[spread] p2a,p2b\n|-crit|p2a: Whimsicott\n|-resisted|p2b: Aegislash|1\n|-damage|p2a: Whimsicott|59/100\n|-damage|p2b: Aegislash|89/100\n|\n|-heal|p2b: Aegislash|95/100|[from] item: Leftovers\n|upkeep\n|\n|t:|1776560620\n|switch|p1b: mukhuk|Maushold, L50|100/100\n|turn|3\n|\n|t:|1776560650\n|switch|p2b: Tauros|Tauros-Paldea-Aqua, L50, M|100/100\n|-ability|p2b: Tauros|Intimidate|boost\n|-unboost|p1a: kuk|atk|1\n|-unboost|p1b: mukhuk|atk|1\n|move|p2a: Whimsicott|Protect|p2a: Whimsicott\n|-singleturn|p2a: Whimsicott|Protect\n|move|p1b: mukhuk|Crunch|p2b: Tauros\n|-resisted|p2b: Tauros|1\n|-damage|p2b: Tauros|96/100\n|move|p1a: kuk|Dazzling Gleam|p2a: Whimsicott|[spread] p2b\n|-activate|p2a: Whimsicott|move: Protect\n|-supereffective|p2b: Tauros|1\n|-damage|p2b: Tauros|53/100\n|\n|upkeep\n|turn|4\n|\n|t:|1776560715\n|move|p1b: mukhuk|Protect|p1b: mukhuk\n|-singleturn|p1b: mukhuk|Protect\n|move|p2a: Whimsicott|Tailwind|p2a: Whimsicott\n|-sidestart|p2: hunterdrago|move: Tailwind\n|move|p2b: Tauros|Close Combat|p1b: mukhuk\n|-activate|p1b: mukhuk|move: Protect\n|move|p1a: kuk|Dazzling Gleam|p2a: Whimsicott|[spread] p2a,p2b\n|-supereffective|p2b: Tauros|1\n|-damage|p2a: Whimsicott|30/100\n|-damage|p2b: Tauros|14/100\n|-enditem|p2b: Tauros|Sitrus Berry|[eat]\n|-heal|p2b: Tauros|39/100|[from] item: Sitrus Berry\n|\n|upkeep\n|turn|5\n|\n|t:|1776560738\n|switch|p2a: Aegislash|Aegislash, L50, M|95/100\n|move|p2b: Tauros|Close Combat|p1b: mukhuk\n|-supereffective|p1b: mukhuk|1\n|-damage|p1b: mukhuk|23/100\n|-unboost|p2b: Tauros|def|1\n|-unboost|p2b: Tauros|spd|1\n|-enditem|p1b: mukhuk|Sitrus Berry|[eat]\n|-heal|p1b: mukhuk|47/100|[from] item: Sitrus Berry\n|move|p1b: mukhuk|Population Bomb|p2a: Aegislash\n|-immune|p2a: Aegislash\n|move|p1a: kuk|Dazzling Gleam|p2b: Tauros|[spread] p2a,p2b\n|-resisted|p2a: Aegislash|1\n|-supereffective|p2b: Tauros|1\n|-damage|p2a: Aegislash|90/100\n|-damage|p2b: Tauros|0 fnt\n|faint|p2b: Tauros\n|\n|-heal|p2a: Aegislash|96/100|[from] item: Leftovers\n|-sideend|p1: parry gonzales|Reflect\n|upkeep\n|\n|t:|1776560752\n|switch|p2b: Lopunny|Lopunny-Mega, L50, M|100/100\n|turn|6\n|\n|t:|1776560770\n|move|p1b: mukhuk|Protect|p1b: mukhuk\n|-singleturn|p1b: mukhuk|Protect\n|move|p2b: Lopunny|Fake Out|p1a: kuk\n|-resisted|p1a: kuk|1\n|-damage|p1a: kuk|91/100\n|cant|p1a: kuk|flinch\n|move|p2a: Aegislash|Swords Dance|p2a: Aegislash\n|-boost|p2a: Aegislash|atk|2\n|\n|-heal|p2a: Aegislash|100/100|[from] item: Leftovers\n|upkeep\n|turn|7\n|\n|t:|1776560807\n|switch|p2b: Whimsicott|Whimsicott, L50, F|30/100\n|-formechange|p2a: Aegislash|Aegislash-Blade|\n|move|p2a: Aegislash|Iron Head|p1b: mukhuk\n|-damage|p1b: mukhuk|0 fnt\n|faint|p1b: mukhuk\n|move|p1a: kuk|Dazzling Gleam|p2a: Aegislash|[spread] p2a,p2b\n|-resisted|p2a: Aegislash|1\n|-damage|p2a: Aegislash|90/100\n|-damage|p2b: Whimsicott|4/100\n|\n|-heal|p2a: Aegislash|97/100|[from] item: Leftovers\n|-sideend|p2: hunterdrago|move: Tailwind\n|upkeep\n|\n|t:|1776560816\n|switch|p1b: fuk|Floette-Eternal, L50, F|100/100\n|turn|8\n|\n|t:|1776560822\n|detailschange|p1b: fuk|Floette-Mega, L50, F\n|-mega|p1b: fuk|Floette|Floettite\n|-ability|p1b: fuk|Fairy Aura\n|move|p2b: Whimsicott|Tailwind|p2b: Whimsicott\n|-sidestart|p2: hunterdrago|move: Tailwind\n|move|p1a: kuk|Reflect|p1a: kuk\n|-sidestart|p1: parry gonzales|Reflect\n|move|p2a: Aegislash|Iron Head|p1b: fuk\n|-supereffective|p1b: fuk|1\n|-damage|p1b: fuk|5/100\n|move|p1b: fuk|Dazzling Gleam|p2b: Whimsicott|[spread] p2a,p2b\n|-resisted|p2a: Aegislash|1\n|-damage|p2a: Aegislash|68/100\n|-damage|p2b: Whimsicott|0 fnt\n|faint|p2b: Whimsicott\n|\n|-heal|p2a: Aegislash|74/100|[from] item: Leftovers\n|upkeep\n|\n|t:|1776560831\n|switch|p2b: Lopunny|Lopunny-Mega, L50, M|100/100\n|turn|9\n|\n|t:|1776560836\n|move|p1b: fuk|Protect|p1b: fuk\n|-singleturn|p1b: fuk|Protect\n|move|p2b: Lopunny|Fake Out|p1b: fuk\n|-activate|p1b: fuk|move: Protect\n|move|p2a: Aegislash|Iron Head|p1a: kuk\n|-damage|p1a: kuk|31/100\n|move|p1a: kuk|Dazzling Gleam|p2b: Lopunny|[spread] p2a,p2b\n|-resisted|p2a: Aegislash|1\n|-supereffective|p2b: Lopunny|1\n|-damage|p2a: Aegislash|61/100\n|-damage|p2b: Lopunny|45/100\n|\n|-heal|p2a: Aegislash|67/100|[from] item: Leftovers\n|upkeep\n|turn|10\n|\n|t:|1776560848\n|move|p1b: fuk|Protect||[still]\n|-fail|p1b: fuk\n|move|p2b: Lopunny|Ice Punch|p1b: fuk\n|-damage|p1b: fuk|0 fnt\n|faint|p1b: fuk\n|move|p2a: Aegislash|Iron Head|p1a: kuk\n|-damage|p1a: kuk|0 fnt\n|faint|p1a: kuk\n|\n|win|hunterdrago\n",
  "uploadtime": 1776560851,
  "views": 31,
  "formatid": "gen9championsvgc2026regma",
  "rating": null,
  "private": 0,
  "password": null
}