{
  "id": "gen9championsvgc2026regma-2584698462",
  "format": "[Gen 9 Champions] VGC 2026 Reg M-A",
  "players": [
    "Froghemothranger",
    "ObliviouslyPyro"
  ],
  "log": "|j|\u2606Froghemothranger\n|j|\u2606ObliviouslyPyro\n|t:|1776277537\n|gametype|doubles\n|player|p1|Froghemothranger|170|1169\n|player|p2|ObliviouslyPyro|1|1079\n|gen|9\n|tier|[Gen 9 Champions] VGC 2026 Reg M-A\n|rated|\n|rule|Species Clause: Limit one of each Pok\u00e9mon\n|rule|Item Clause: Limit 1 of each item\n|clearpoke\n|poke|p1|Steelix, L50, M|\n|poke|p1|Tyranitar, L50, M|\n|poke|p1|Garchomp, L50, F|\n|poke|p1|Milotic, L50, F|\n|poke|p1|Reuniclus, L50, M|\n|poke|p1|Incineroar, L50, F|\n|poke|p2|Froslass, L50, F|\n|poke|p2|Gardevoir, L50, M|\n|poke|p2|Kingambit, L50, M|\n|poke|p2|Volcarona, L50, M|\n|poke|p2|Sneasler, L50, M|\n|poke|p2|Espathra, L50, F|\n|teampreview|4\n|c|\u2606ObliviouslyPyro|glhf\n|inactive|Battle timer is ON: inactive players will automatically lose when time's up. (requested by Froghemothranger)\n|\n|t:|1776277593\n|teamsize|p1|4\n|teamsize|p2|4\n|start\n|switch|p1a: Reuniclus|Reuniclus, L50, M|100/100\n|switch|p1b: Tyranitar|Tyranitar, L50, M|100/100\n|switch|p2a: Kingambit|Kingambit, L50, M|100/100\n|switch|p2b: Volcarona|Volcarona, L50, M, shiny|100/100\n|-weather|Sandstorm|[from] ability: Sand Stream|[of] p1b: Tyranitar\n|turn|1\n|inactive|Froghemothranger has 30 seconds left.\n|inactive|ObliviouslyPyro has 30 seconds left.\n|inactive|Froghemothranger has 20 seconds left.\n|\n|t:|1776277632\n|detailschange|p1b: Tyranitar|Tyranitar-Mega, L50, M\n|-mega|p1b: Tyranitar|Tyranitar|Tyranitarite\n|move|p1a: Reuniclus|Protect|p1a: Reuniclus\n|-singleturn|p1a: Reuniclus|Protect\n|move|p2b: Volcarona|Struggle Bug|p1b: Tyranitar|[spread] p1b\n|-activate|p1a: Reuniclus|move: Protect\n|-supereffective|p1b: Tyranitar|1\n|-damage|p1b: Tyranitar|82/100\n|-unboost|p1b: Tyranitar|spa|1\n|move|p1b: Tyranitar|Stomping Tantrum|p2a: Kingambit\n|-supereffective|p2a: Kingambit|1\n|-damage|p2a: Kingambit|51/100\n|move|p2a: Kingambit|Kowtow Cleave|p1a: Reuniclus\n|-activate|p1a: Reuniclus|move: Protect\n|\n|-weather|Sandstorm|[upkeep]\n|-damage|p2b: Volcarona|95/100|[from] Sandstorm\n|upkeep\n|turn|2\n|\n|t:|1776277653\n|move|p2b: Volcarona|Struggle Bug|p1b: Tyranitar|[spread] p1a,p1b\n|-supereffective|p1a: Reuniclus|1\n|-supereffective|p1b: Tyranitar|1\n|-damage|p1a: Reuniclus|75/100\n|-damage|p1b: Tyranitar|64/100\n|-unboost|p1a: Reuniclus|spa|1\n|-unboost|p1b: Tyranitar|spa|1\n|move|p1b: Tyranitar|Rock Slide|p2b: Volcarona|[spread] p2a,p2b\n|-resisted|p2a: Kingambit|1\n|-supereffective|p2b: Volcarona|2\n|-damage|p2a: Kingambit|37/100\n|-damage|p2b: Volcarona|0 fnt\n|faint|p2b: Volcarona\n|move|p2a: Kingambit|Kowtow Cleave|p1a: Reuniclus\n|-supereffective|p1a: Reuniclus|1\n|-damage|p1a: Reuniclus|0 fnt\n|faint|p1a: Reuniclus\n|\n|-weather|Sandstorm|[upkeep]\n|upkeep\n|\n|t:|1776277669\n|switch|p2b: Gardevoir|Gardevoir, L50, M, shiny|100/100\n|switch|p1a: Garchomp|Garchomp, L50, F|100/100\n|turn|3\n|inactive|Froghemothranger has 30 seconds left.\n|\n|t:|1776277695\n|detailschange|p2b: Gardevoir|Gardevoir-Mega, L50, M, shiny\n|-mega|p2b: Gardevoir|Gardevoir|Gardevoirite\n|move|p2a: Kingambit|Sucker Punch|p1a: Garchomp\n|-damage|p1a: Garchomp|67/100\n|move|p2b: Gardevoir|Hyper Voice|p1a: Garchomp|[spread] p1a,p1b\n|-supereffective|p1a: Garchomp|1\n|-supereffective|p1b: Tyranitar|1\n|-damage|p1a: Garchomp|3/100\n|-damage|p1b: Tyranitar|16/100\n|move|p1a: Garchomp|Poison Jab|p2b: Gardevoir\n|-supereffective|p2b: Gardevoir|1\n|-damage|p2b: Gardevoir|47/100\n|move|p1b: Tyranitar|Stomping Tantrum|p2a: Kingambit\n|-supereffective|p2a: Kingambit|1\n|-damage|p2a: Kingambit|0 fnt\n|faint|p2a: Kingambit\n|\n|-weather|Sandstorm|[upkeep]\n|-damage|p2b: Gardevoir|41/100|[from] Sandstorm\n|upkeep\n|\n|t:|1776277712\n|switch|p2a: Sneasler|Sneasler, L50, M, shiny|100/100\n|turn|4\n|inactive|Froghemothranger has 30 seconds left.\n|\n|t:|1776277743\n|move|p1a: Garchomp|Protect|p1a: Garchomp\n|-singleturn|p1a: Garchomp|Protect\n|move|p1b: Tyranitar|Protect|p1b: Tyranitar\n|-singleturn|p1b: Tyranitar|Protect\n|move|p2a: Sneasler|Coaching|p2b: Gardevoir\n|-boost|p2b: Gardevoir|atk|1\n|-boost|p2b: Gardevoir|def|1\n|move|p2b: Gardevoir|Hyper Voice|p1b: Tyranitar|[spread] \n|-activate|p1a: Garchomp|move: Protect\n|-activate|p1b: Tyranitar|move: Protect\n|\n|-weather|Sandstorm|[upkeep]\n|-damage|p2a: Sneasler|95/100|[from] Sandstorm\n|-damage|p2b: Gardevoir|35/100|[from] Sandstorm\n|upkeep\n|turn|5\n|\n|t:|1776277767\n|switch|p1b: Incineroar|Incineroar, L50, F|100/100\n|-ability|p1b: Incineroar|Intimidate|boost\n|-unboost|p2a: Sneasler|atk|1\n|-unboost|p2b: Gardevoir|atk|1\n|-enditem|p2a: Sneasler|White Herb\n|-clearnegativeboost|p2a: Sneasler|[silent]\n|move|p2a: Sneasler|Coaching|p2b: Gardevoir\n|-boost|p2b: Gardevoir|atk|1\n|-boost|p2b: Gardevoir|def|1\n|move|p2b: Gardevoir|Hyper Voice|p1a: Garchomp|[spread] p1b\n|-miss|p2b: Gardevoir|p1a: Garchomp\n|-damage|p1b: Incineroar|65/100\n|move|p1a: Garchomp|Poison Jab|p2b: Gardevoir\n|-supereffective|p2b: Gardevoir|1\n|-damage|p2b: Gardevoir|8/100\n|\n|-weather|none\n|-heal|p1b: Incineroar|71/100|[from] item: Leftovers\n|upkeep\n|turn|6\n|\n|t:|1776277790\n|switch|p1a: Tyranitar|Tyranitar-Mega, L50, M|16/100\n|-weather|Sandstorm|[from] ability: Sand Stream|[of] p1a: Tyranitar\n|move|p2a: Sneasler|Protect|p2a: Sneasler\n|-singleturn|p2a: Sneasler|Protect\n|move|p2b: Gardevoir|Protect|p2b: Gardevoir\n|-singleturn|p2b: Gardevoir|Protect\n|move|p1b: Incineroar|Fake Out|p2a: Sneasler\n|-activate|p2a: Sneasler|move: Protect\n|\n|-weather|Sandstorm|[upkeep]\n|-damage|p2a: Sneasler|89/100|[from] Sandstorm\n|-damage|p2b: Gardevoir|2/100|[from] Sandstorm\n|-damage|p1b: Incineroar|65/100|[from] Sandstorm\n|-heal|p1b: Incineroar|71/100|[from] item: Leftovers\n|upkeep\n|turn|7\n|\n|t:|1776277816\n|move|p1a: Tyranitar|Protect|p1a: Tyranitar\n|-singleturn|p1a: Tyranitar|Protect\n|move|p2a: Sneasler|Close Combat|p1b: Incineroar\n|-supereffective|p1b: Incineroar|1\n|-damage|p1b: Incineroar|0 fnt\n|-unboost|p2a: Sneasler|def|1\n|-unboost|p2a: Sneasler|spd|1\n|faint|p1b: Incineroar\n|move|p2b: Gardevoir|Hyper Voice|p1a: Tyranitar\n|-activate|p1a: Tyranitar|move: Protect\n|\n|-weather|Sandstorm|[upkeep]\n|-damage|p2a: Sneasler|83/100|[from] Sandstorm\n|-damage|p2b: Gardevoir|0 fnt|[from] Sandstorm\n|faint|p2b: Gardevoir\n|upkeep\n|\n|t:|1776277829\n|switch|p1b: Garchomp|Garchomp, L50, F|3/100\n|turn|8\n|\n|t:|1776277838\n|move|p2a: Sneasler|Dire Claw|p1b: Garchomp\n|-resisted|p1b: Garchomp|1\n|-damage|p1b: Garchomp|0 fnt\n|faint|p1b: Garchomp\n|move|p1a: Tyranitar|Stomping Tantrum|p2a: Sneasler\n|-supereffective|p2a: Sneasler|1\n|-damage|p2a: Sneasler|0 fnt\n|faint|p2a: Sneasler\n|\n|win|Froghemothranger\n|raw|Froghemothranger's rating: 1169 &rarr; <strong>1188</strong><br />(+19 for winning)\n|raw|ObliviouslyPyro's rating: 1079 &rarr; <strong>1063</strong><br />(-16 for losing)\n|c|\u2606ObliviouslyPyro|ggs\n",
  "uploadtime": 1776277849,
  "views": 16,
  "formatid": "gen9championsvgc2026regma",
  "rating": 1063,
  "private": 0,
  "password": null
}