{
  "id": "gen9championsvgc2026regma-2583936141",
  "format": "[Gen 9 Champions] VGC 2026 Reg M-A",
  "players": [
    "Baby G0AT 360",
    "pokemonyoyoplayer"
  ],
  "log": "|j|\u2606Baby G0AT 360\n|j|\u2606pokemonyoyoplayer\n|t:|1776209792\n|gametype|doubles\n|player|p1|Baby G0AT 360|2|1273\n|player|p2|pokemonyoyoplayer|101|1317\n|gen|9\n|tier|[Gen 9 Champions] VGC 2026 Reg M-A\n|rated|\n|rule|Species Clause: Limit one of each Pok\u00e9mon\n|rule|Item Clause: Limit 1 of each item\n|clearpoke\n|poke|p1|Gengar, L50, F|\n|poke|p1|Sneasler, L50, M|\n|poke|p1|Whimsicott, L50, M|\n|poke|p1|Tauros-Paldea-Aqua, L50, M|\n|poke|p1|Rotom-Heat, L50|\n|poke|p1|Lucario, L50, F|\n|poke|p2|Sneasler, L50, F|\n|poke|p2|Kingambit, L50, F|\n|poke|p2|Aerodactyl, L50, F|\n|poke|p2|Gardevoir, L50, M|\n|poke|p2|Incineroar, L50, M|\n|poke|p2|Sinistcha, L50|\n|teampreview|4\n|inactive|Battle timer is ON: inactive players will automatically lose when time's up. (requested by Baby G0AT 360)\n|\n|t:|1776209847\n|teamsize|p1|4\n|teamsize|p2|4\n|start\n|switch|p1a: Sneasler|Sneasler, L50, M|100/100\n|switch|p1b: Tauros|Tauros-Paldea-Aqua, L50, M|100/100\n|switch|p2a: Incineroar|Incineroar, L50, M|100/100\n|switch|p2b: Sinistcha|Sinistcha, L50|100/100\n|-ability|p1b: Tauros|Intimidate|boost\n|-unboost|p2a: Incineroar|atk|1\n|-unboost|p2b: Sinistcha|atk|1\n|-ability|p2a: Incineroar|Intimidate|boost\n|-unboost|p1a: Sneasler|atk|1\n|-unboost|p1b: Tauros|atk|1\n|-enditem|p1a: Sneasler|White Herb\n|-clearnegativeboost|p1a: Sneasler|[silent]\n|turn|1\n|inactive|pokemonyoyoplayer has 30 seconds left.\n|inactive|pokemonyoyoplayer has 20 seconds left.\n|inactive|pokemonyoyoplayer has 15 seconds left.\n|\n|t:|1776209890\n|switch|p1b: Rotom|Rotom-Heat, L50|100/100\n|switch|p2a: Gardevoir|Gardevoir, L50, M|100/100\n|-ability|p2a: Gardevoir|Levitate|Trace|[from] ability: Trace|[of] p1b: Rotom\n|move|p1a: Sneasler|Dire Claw|p2b: Sinistcha\n|-damage|p2b: Sinistcha|60/100\n|move|p2b: Sinistcha|Trick Room|p2b: Sinistcha\n|-fieldstart|move: Trick Room|[of] p2b: Sinistcha\n|\n|upkeep\n|turn|2\n|inactive|Baby G0AT 360 has 30 seconds left.\n|inactive|pokemonyoyoplayer has 30 seconds left.\n|\n|t:|1776209919\n|switch|p2b: Incineroar|Incineroar, L50, M|100/100\n|-ability|p2b: Incineroar|Intimidate|boost\n|-unboost|p1a: Sneasler|atk|1\n|-unboost|p1b: Rotom|atk|1\n|detailschange|p2a: Gardevoir|Gardevoir-Mega, L50, M\n|-mega|p2a: Gardevoir|Gardevoir|Gardevoirite\n|move|p1a: Sneasler|Protect|p1a: Sneasler\n|-singleturn|p1a: Sneasler|Protect\n|move|p2a: Gardevoir|Hyper Voice|p1b: Rotom|[spread] p1b\n|-activate|p1a: Sneasler|move: Protect\n|-resisted|p1b: Rotom|1\n|-damage|p1b: Rotom|71/100\n|move|p1b: Rotom|Thunderbolt|p2a: Gardevoir\n|-damage|p2a: Gardevoir|74/100\n|\n|upkeep\n|turn|3\n|\n|t:|1776209942\n|switch|p2b: Sinistcha|Sinistcha, L50|60/100\n|-heal|p2a: Gardevoir|99/100|[from] ability: Hospitality|[of] p2b: Sinistcha\n|move|p2a: Gardevoir|Hyper Voice|p1b: Rotom|[spread] p1a,p1b\n|-resisted|p1b: Rotom|1\n|-damage|p1a: Sneasler|23/100\n|-damage|p1b: Rotom|42/100\n|-enditem|p1b: Rotom|Sitrus Berry|[eat]\n|-heal|p1b: Rotom|67/100|[from] item: Sitrus Berry\n|move|p1b: Rotom|Overheat|p2a: Gardevoir\n|-damage|p2a: Gardevoir|60/100\n|-unboost|p1b: Rotom|spa|2\n|move|p1a: Sneasler|Dire Claw|p2a: Gardevoir\n|-supereffective|p2a: Gardevoir|1\n|-damage|p2a: Gardevoir|0 fnt\n|faint|p2a: Gardevoir\n|\n|upkeep\n|\n|t:|1776209964\n|switch|p2a: Kingambit|Kingambit, L50, F|100/100\n|turn|4\n|\n|t:|1776209975\n|move|p2a: Kingambit|Kowtow Cleave|p1b: Rotom\n|-damage|p1b: Rotom|7/100\n|move|p2b: Sinistcha|Matcha Gotcha|p1b: Rotom|[spread] p1a,p1b\n|-resisted|p1a: Sneasler|1\n|-resisted|p1b: Rotom|1\n|-damage|p1a: Sneasler|3/100\n|-heal|p2b: Sinistcha|69/100|[from] drain|[of] p1a: Sneasler\n|-damage|p1b: Rotom|0 fnt\n|-heal|p2b: Sinistcha|72/100|[from] drain|[of] p1b: Rotom\n|faint|p1b: Rotom\n|move|p1a: Sneasler|Close Combat|p2a: Kingambit\n|-supereffective|p2a: Kingambit|2\n|-damage|p2a: Kingambit|0 fnt\n|-unboost|p1a: Sneasler|def|1\n|-unboost|p1a: Sneasler|spd|1\n|faint|p2a: Kingambit\n|\n|upkeep\n|\n|t:|1776209994\n|switch|p2a: Incineroar|Incineroar, L50, M|100/100\n|switch|p1b: Gengar|Gengar, L50, F|100/100\n|-ability|p2a: Incineroar|Intimidate|boost\n|-unboost|p1a: Sneasler|atk|1\n|-unboost|p1b: Gengar|atk|1\n|turn|5\n|\n|t:|1776210011\n|detailschange|p1b: Gengar|Gengar-Mega, L50, F\n|-mega|p1b: Gengar|Gengar|Gengarite\n|move|p1b: Gengar|Protect|p1b: Gengar\n|-singleturn|p1b: Gengar|Protect\n|move|p2a: Incineroar|Darkest Lariat|p1b: Gengar\n|-activate|p1b: Gengar|move: Protect\n|move|p2b: Sinistcha|Matcha Gotcha|p1a: Sneasler|[spread] p1a\n|-activate|p1b: Gengar|move: Protect\n|-resisted|p1a: Sneasler|1\n|-damage|p1a: Sneasler|0 fnt\n|-heal|p2b: Sinistcha|73/100|[from] drain|[of] p1a: Sneasler\n|faint|p1a: Sneasler\n|\n|-fieldend|move: Trick Room\n|upkeep\n|\n|t:|1776210020\n|switch|p1a: Tauros|Tauros-Paldea-Aqua, L50, M|100/100\n|-ability|p1a: Tauros|Intimidate|boost\n|-unboost|p2a: Incineroar|atk|1\n|-unboost|p2b: Sinistcha|atk|1\n|turn|6\n|\n|t:|1776210033\n|move|p1a: Tauros|Rock Slide|p2b: Sinistcha|[spread] p2a,p2b\n|-supereffective|p2a: Incineroar|1\n|-damage|p2a: Incineroar|72/100\n|-damage|p2b: Sinistcha|58/100\n|move|p1b: Gengar|Sludge Bomb|p2b: Sinistcha\n|-damage|p2b: Sinistcha|0 fnt\n|faint|p2b: Sinistcha\n|cant|p2a: Incineroar|flinch\n|\n|upkeep\n|turn|7\n|\n|t:|1776210045\n|move|p1a: Tauros|Rock Slide|p2a: Incineroar|[miss]\n|-miss|p1a: Tauros|p2a: Incineroar\n|move|p1b: Gengar|Sludge Bomb|p2a: Incineroar\n|-damage|p2a: Incineroar|19/100\n|move|p2a: Incineroar|Darkest Lariat|p1b: Gengar\n|-supereffective|p1b: Gengar|1\n|-damage|p1b: Gengar|13/100\n|\n|upkeep\n|turn|8\n|\n|t:|1776210059\n|move|p1a: Tauros|Rock Slide|p2a: Incineroar\n|-supereffective|p2a: Incineroar|1\n|-damage|p2a: Incineroar|0 fnt\n|faint|p2a: Incineroar\n|\n|win|Baby G0AT 360\n|raw|Baby G0AT 360's rating: 1273 &rarr; <strong>1301</strong><br />(+28 for winning)\n|raw|pokemonyoyoplayer's rating: 1317 &rarr; <strong>1294</strong><br />(-23 for losing)\n|l|\u2606Baby G0AT 360\n|player|p1|\n",
  "uploadtime": 1776210066,
  "views": 23,
  "formatid": "gen9championsvgc2026regma",
  "rating": 1294,
  "private": 0,
  "password": null
}