{
  "id": "gen9championsvgc2026regma-2587452245",
  "format": "[Gen 9 Champions] VGC 2026 Reg M-A",
  "players": [
    "terratron",
    "Avoertioloko5"
  ],
  "log": "|j|\u2606terratron\n|j|\u2606Avoertioloko5\n|t:|1776533006\n|gametype|doubles\n|player|p1|terratron|bruno|1453\n|player|p2|Avoertioloko5|shadowtriad|1524\n|gen|9\n|tier|[Gen 9 Champions] VGC 2026 Reg M-A\n|rated|\n|rule|Species Clause: Limit one of each Pok\u00e9mon\n|rule|Item Clause: Limit 1 of each item\n|clearpoke\n|poke|p1|Farigiraf, L50, M|\n|poke|p1|Corviknight, L50, M|\n|poke|p1|Tyranitar, L50, F|\n|poke|p1|Excadrill, L50, M|\n|poke|p1|Gyarados, L50, M|\n|poke|p1|Meganium, L50, F|\n|poke|p2|Gardevoir, L50, F, shiny|\n|poke|p2|Kingambit, L50, M, shiny|\n|poke|p2|Maushold-Four, L50|\n|poke|p2|Basculegion, L50, M, shiny|\n|poke|p2|Talonflame, L50, F|\n|poke|p2|Garchomp, L50, M|\n|teampreview|4\n|inactive|Battle timer is ON: inactive players will automatically lose when time's up. (requested by terratron)\n|inactive|terratron has 60 seconds left.\n|inactive|terratron has 30 seconds left.\n|\n|t:|1776533070\n|teamsize|p1|4\n|teamsize|p2|4\n|start\n|switch|p1a: Tyranitar|Tyranitar, L50, F|100/100\n|switch|p1b: Excadrill|Excadrill, L50, M|100/100\n|switch|p2a: Garchomp|Garchomp, L50, M|100/100\n|switch|p2b: Talonflame|Talonflame, L50, F|100/100\n|-weather|Sandstorm|[from] ability: Sand Stream|[of] p1a: Tyranitar\n|turn|1\n|\n|t:|1776533086\n|switch|p2b: Corvus|Kingambit, L50, M, shiny|100/100\n|switch|p1a: Farigiraf|Farigiraf, L50, M|100/100\n|move|p1b: Excadrill|Rock Slide|p2b: Corvus|[spread] p2b\n|-miss|p1b: Excadrill|p2a: Garchomp\n|-resisted|p2b: Corvus|1\n|-damage|p2b: Corvus|92/100\n|move|p2a: Garchomp|Earthquake|p1b: Excadrill|[spread] p2b,p1a,p1b\n|-supereffective|p2b: Corvus|1\n|-supereffective|p1b: Excadrill|1\n|-damage|p2b: Corvus|31/100\n|-damage|p1a: Farigiraf|68/100\n|-enditem|p1b: Excadrill|Focus Sash\n|-damage|p1b: Excadrill|1/100\n|\n|-weather|Sandstorm|[upkeep]\n|-damage|p1a: Farigiraf|62/100|[from] Sandstorm\n|upkeep\n|turn|2\n|\n|t:|1776533103\n|move|p2b: Corvus|Protect|p2b: Corvus\n|-singleturn|p2b: Corvus|Protect\n|move|p1b: Excadrill|High Horsepower|p2b: Corvus\n|-activate|p2b: Corvus|move: Protect\n|move|p2a: Garchomp|Earthquake|p1b: Excadrill|[spread] p1a,p1b\n|-activate|p2b: Corvus|move: Protect\n|-supereffective|p1b: Excadrill|1\n|-damage|p1a: Farigiraf|26/100\n|-damage|p1b: Excadrill|0 fnt\n|-enditem|p1a: Farigiraf|Sitrus Berry|[eat]\n|-heal|p1a: Farigiraf|51/100|[from] item: Sitrus Berry\n|faint|p1b: Excadrill\n|move|p1a: Farigiraf|Imprison|p1a: Farigiraf\n|-start|p1a: Farigiraf|move: Imprison\n|\n|-weather|Sandstorm|[upkeep]\n|-damage|p1a: Farigiraf|45/100|[from] Sandstorm\n|upkeep\n|\n|t:|1776533121\n|switch|p1b: Corviknight|Corviknight, L50, M|100/100\n|turn|3\n|\n|t:|1776533135\n|move|p1a: Farigiraf|Protect|p1a: Farigiraf\n|-singleturn|p1a: Farigiraf|Protect\n|move|p2a: Garchomp|Dragon Claw|p1a: Farigiraf\n|-activate|p1a: Farigiraf|move: Protect\n|move|p1b: Corviknight|Body Press|p2b: Corvus\n|-supereffective|p2b: Corvus|2\n|-enditem|p2b: Corvus|Chople Berry|[eat]\n|-enditem|p2b: Corvus|Chople Berry|[weaken]\n|-damage|p2b: Corvus|0 fnt\n|faint|p2b: Corvus\n|\n|-weather|Sandstorm|[upkeep]\n|-damage|p1a: Farigiraf|39/100|[from] Sandstorm\n|upkeep\n|\n|t:|1776533140\n|switch|p2b: Talonflame|Talonflame, L50, F|100/100\n|turn|4\n|\n|t:|1776533150\n|move|p2b: Talonflame|Will-O-Wisp|p1b: Corviknight\n|-status|p1b: Corviknight|brn\n|move|p2a: Garchomp|Rock Slide|p1a: Farigiraf|[spread] p1a\n|-miss|p2a: Garchomp|p1b: Corviknight\n|-damage|p1a: Farigiraf|22/100\n|move|p1b: Corviknight|Iron Defense|p1b: Corviknight\n|-boost|p1b: Corviknight|def|2\n|move|p1a: Farigiraf|Trick Room|p1a: Farigiraf\n|-fieldstart|move: Trick Room|[of] p1a: Farigiraf\n|\n|-weather|Sandstorm|[upkeep]\n|-damage|p1a: Farigiraf|15/100|[from] Sandstorm\n|-damage|p2b: Talonflame|95/100|[from] Sandstorm\n|-damage|p1b: Corviknight|95/100 brn|[from] brn\n|upkeep\n|turn|5\n|\n|t:|1776533170\n|move|p1a: Farigiraf|Protect|p1a: Farigiraf\n|-singleturn|p1a: Farigiraf|Protect\n|move|p1b: Corviknight|Iron Defense|p1b: Corviknight\n|-boost|p1b: Corviknight|def|2\n|move|p2a: Garchomp|Rock Slide|p1a: Farigiraf|[spread] p1b\n|-activate|p1a: Farigiraf|move: Protect\n|-damage|p1b: Corviknight|90/100 brn\n|move|p2b: Talonflame|Acrobatics|p1a: Farigiraf\n|-activate|p1a: Farigiraf|move: Protect\n|\n|-weather|none\n|-heal|p1b: Corviknight|96/100 brn|[from] item: Leftovers\n|-damage|p1b: Corviknight|90/100 brn|[from] brn\n|upkeep\n|turn|6\n|\n|t:|1776533178\n|switch|p1a: Tyranitar|Tyranitar, L50, F|100/100\n|-weather|Sandstorm|[from] ability: Sand Stream|[of] p1a: Tyranitar\n|move|p1b: Corviknight|Iron Defense|p1b: Corviknight\n|-boost|p1b: Corviknight|def|2\n|move|p2a: Garchomp|Rock Slide|p1b: Corviknight|[spread] p1a,p1b\n|-damage|p1a: Tyranitar|85/100\n|-damage|p1b: Corviknight|87/100 brn\n|move|p2b: Talonflame|Acrobatics|p1a: Tyranitar\n|-resisted|p1a: Tyranitar|1\n|-damage|p1a: Tyranitar|69/100\n|\n|-weather|Sandstorm|[upkeep]\n|-damage|p2b: Talonflame|89/100|[from] Sandstorm\n|-heal|p1b: Corviknight|93/100 brn|[from] item: Leftovers\n|-damage|p1b: Corviknight|87/100 brn|[from] brn\n|upkeep\n|turn|7\n|\n|t:|1776533189\n|move|p1a: Tyranitar|Rock Slide|p2a: Garchomp|[spread] p2a\n|-miss|p1a: Tyranitar|p2b: Talonflame\n|-resisted|p2a: Garchomp|1\n|-damage|p2a: Garchomp|87/100\n|move|p1b: Corviknight|Body Press|p2a: Garchomp\n|-damage|p2a: Garchomp|39/100\n|-damage|p1b: Corviknight|75/100 brn|[from] ability: Rough Skin|[of] p2a: Garchomp\n|move|p2a: Garchomp|Earthquake|p1b: Corviknight|[spread] p1a\n|-immune|p2b: Talonflame\n|-immune|p1b: Corviknight\n|-supereffective|p1a: Tyranitar|1\n|-damage|p1a: Tyranitar|4/100\n|move|p2b: Talonflame|Acrobatics|p1a: Tyranitar\n|-resisted|p1a: Tyranitar|1\n|-damage|p1a: Tyranitar|0 fnt\n|faint|p1a: Tyranitar\n|\n|-weather|Sandstorm|[upkeep]\n|-damage|p2b: Talonflame|83/100|[from] Sandstorm\n|-heal|p1b: Corviknight|80/100 brn|[from] item: Leftovers\n|-damage|p1b: Corviknight|75/100 brn|[from] brn\n|upkeep\n|\n|t:|1776533193\n|switch|p1a: Farigiraf|Farigiraf, L50, M|15/100\n|turn|8\n|inactive|terratron has 30 seconds left.\n|\n|t:|1776533221\n|move|p1a: Farigiraf|Protect|p1a: Farigiraf\n|-singleturn|p1a: Farigiraf|Protect\n|move|p2a: Garchomp|Protect|p2a: Garchomp\n|-singleturn|p2a: Garchomp|Protect\n|move|p2b: Talonflame|Protect|p2b: Talonflame\n|-singleturn|p2b: Talonflame|Protect\n|move|p1b: Corviknight|Body Press|p2a: Garchomp\n|-activate|p2a: Garchomp|move: Protect\n|\n|-weather|Sandstorm|[upkeep]\n|-damage|p1a: Farigiraf|9/100|[from] Sandstorm\n|-damage|p2b: Talonflame|77/100|[from] Sandstorm\n|-heal|p1b: Corviknight|80/100 brn|[from] item: Leftovers\n|-damage|p1b: Corviknight|75/100 brn|[from] brn\n|-fieldend|move: Trick Room\n|upkeep\n|turn|9\n|\n|t:|1776533241\n|switch|p2a: Elowen|Gardevoir, L50, F, shiny|100/100\n|move|p2b: Talonflame|Acrobatics|p1a: Farigiraf\n|-damage|p1a: Farigiraf|0 fnt\n|faint|p1a: Farigiraf\n|move|p1b: Corviknight|Body Press|p2a: Elowen\n|-resisted|p2a: Elowen|2\n|-damage|p2a: Elowen|83/100\n|\n|-weather|Sandstorm|[upkeep]\n|-damage|p2b: Talonflame|71/100|[from] Sandstorm\n|-damage|p2a: Elowen|78/100|[from] Sandstorm\n|-heal|p1b: Corviknight|80/100 brn|[from] item: Leftovers\n|-damage|p1b: Corviknight|75/100 brn|[from] brn\n|upkeep\n|turn|10\n|\n|t:|1776533260\n|move|p2a: Elowen|Protect|p2a: Elowen\n|-singleturn|p2a: Elowen|Protect\n|move|p2b: Talonflame|Acrobatics|p1b: Corviknight\n|-resisted|p1b: Corviknight|1\n|-damage|p1b: Corviknight|71/100 brn\n|move|p1b: Corviknight|Brave Bird|p2a: Elowen\n|-activate|p2a: Elowen|move: Protect\n|\n|-weather|none\n|-heal|p1b: Corviknight|77/100 brn|[from] item: Leftovers\n|-damage|p1b: Corviknight|71/100 brn|[from] brn\n|upkeep\n|turn|11\n|\n|t:|1776533277\n|detailschange|p2a: Elowen|Gardevoir-Mega, L50, F, shiny\n|-mega|p2a: Elowen|Gardevoir|Gardevoirite\n|move|p2b: Talonflame|Acrobatics|p1b: Corviknight\n|-resisted|p1b: Corviknight|1\n|-damage|p1b: Corviknight|67/100 brn\n|move|p2a: Elowen|Hyper Voice|p1b: Corviknight\n|-resisted|p1b: Corviknight|1\n|-damage|p1b: Corviknight|31/100 brn\n|move|p1b: Corviknight|Body Press|p2a: Elowen\n|-resisted|p2a: Elowen|2\n|-damage|p2a: Elowen|61/100\n|\n|-heal|p1b: Corviknight|37/100 brn|[from] item: Leftovers\n|-damage|p1b: Corviknight|31/100 brn|[from] brn\n|upkeep\n|turn|12\n|inactive|terratron has 30 seconds left.\n|\n|t:|1776533307\n|move|p2b: Talonflame|Acrobatics|p1b: Corviknight\n|-resisted|p1b: Corviknight|1\n|-crit|p1b: Corviknight\n|-damage|p1b: Corviknight|14/100 brn\n|move|p2a: Elowen|Hyper Voice|p1b: Corviknight\n|-resisted|p1b: Corviknight|1\n|-damage|p1b: Corviknight|0 fnt\n|faint|p1b: Corviknight\n|\n|win|Avoertioloko5\n|raw|terratron's rating: 1453 &rarr; <strong>1437</strong><br />(-16 for losing)\n|raw|Avoertioloko5's rating: 1524 &rarr; <strong>1540</strong><br />(+16 for winning)\n|l|\u2606Avoertioloko5\n|player|p2|\n|l|\u2606terratron\n|player|p1|\n",
  "uploadtime": 1776534304,
  "views": 37,
  "formatid": "gen9championsvgc2026regma",
  "rating": 1437,
  "private": 0,
  "password": null
}