{
  "id": "gen9championsvgc2026regma-2585515202",
  "format": "[Gen 9 Champions] VGC 2026 Reg M-A",
  "players": [
    "Naviaan Warmonger",
    "isabellissima"
  ],
  "log": "|j|\u2606Naviaan Warmonger\n|j|\u2606isabellissima\n|t:|1776352695\n|gametype|doubles\n|player|p1|Naviaan Warmonger|pokemonbreederf-gen4|1197\n|player|p2|isabellissima|266|1172\n|gen|9\n|tier|[Gen 9 Champions] VGC 2026 Reg M-A\n|rated|\n|rule|Species Clause: Limit one of each Pok\u00e9mon\n|rule|Item Clause: Limit 1 of each item\n|clearpoke\n|poke|p1|Kleavor, L50, F|\n|poke|p1|Hydrapple, L50, M|\n|poke|p1|Maushold-Four, L50|\n|poke|p1|Incineroar, L50, M|\n|poke|p1|Froslass, L50, F|\n|poke|p1|Corviknight, L50, M|\n|poke|p2|Incineroar, L50, F|\n|poke|p2|Gengar, L50, F|\n|poke|p2|Sneasler, L50, M|\n|poke|p2|Maushold-Four, L50|\n|poke|p2|Kommo-o, L50, F|\n|poke|p2|Politoed, L50, M|\n|teampreview|4\n|inactive|Battle timer is ON: inactive players will automatically lose when time's up. (requested by Naviaan Warmonger)\n|j| Kimoto Warfire\n|inactive|Naviaan Warmonger has 60 seconds left.\n|inactive|isabellissima has 60 seconds left.\n|\n|t:|1776352736\n|teamsize|p1|4\n|teamsize|p2|4\n|start\n|switch|p1a: Corviknight|Corviknight, L50, M|100/100\n|switch|p1b: Kleavor|Kleavor, L50, F|100/100\n|switch|p2a: Incineroar|Incineroar, L50, F, shiny|100/100\n|switch|p2b: Gengar|Gengar, L50, F, shiny|100/100\n|-ability|p2a: Incineroar|Intimidate|boost\n|-ability|p1a: Corviknight|Mirror Armor\n|-unboost|p2a: Incineroar|atk|1\n|-unboost|p1b: Kleavor|atk|1\n|turn|1\n|\n|t:|1776352756\n|detailschange|p2b: Gengar|Gengar-Mega, L50, F, shiny\n|-mega|p2b: Gengar|Gengar|Gengarite\n|move|p2a: Incineroar|Fake Out|p1b: Kleavor\n|-resisted|p1b: Kleavor|1\n|-damage|p1b: Kleavor|96/100\n|cant|p1b: Kleavor|flinch\n|move|p2b: Gengar|Perish Song|p2b: Gengar\n|-start|p1a: Corviknight|perish3|[silent]\n|-start|p1b: Kleavor|perish3|[silent]\n|-start|p2a: Incineroar|perish3|[silent]\n|-start|p2b: Gengar|perish3|[silent]\n|-fieldactivate|move: Perish Song\n|move|p1a: Corviknight|Tailwind|p1a: Corviknight\n|-sidestart|p1: Naviaan Warmonger|move: Tailwind\n|\n|-start|p1b: Kleavor|perish3\n|-start|p1a: Corviknight|perish3\n|-start|p2b: Gengar|perish3\n|-start|p2a: Incineroar|perish3\n|upkeep\n|turn|2\n|inactive|Naviaan Warmonger has 30 seconds left.\n|\n|t:|1776352781\n|move|p2b: Gengar|Protect|p2b: Gengar\n|-singleturn|p2b: Gengar|Protect\n|move|p2a: Incineroar|Protect|p2a: Incineroar\n|-singleturn|p2a: Incineroar|Protect\n|move|p1b: Kleavor|Stone Axe|p2b: Gengar\n|-activate|p2b: Gengar|move: Protect\n|move|p1a: Corviknight|Brave Bird|p2a: Incineroar\n|-activate|p2a: Incineroar|move: Protect\n|\n|-start|p1b: Kleavor|perish2\n|-start|p1a: Corviknight|perish2\n|-start|p2b: Gengar|perish2\n|-start|p2a: Incineroar|perish2\n|upkeep\n|turn|3\n|\n|t:|1776352798\n|switch|p2b: Maushold|Maushold-Four, L50|100/100\n|move|p1b: Kleavor|Stone Axe|p2b: Maushold\n|-damage|p2b: Maushold|49/100\n|-sidestart|p2: isabellissima|move: Stealth Rock\n|move|p1a: Corviknight|Brave Bird|p2b: Maushold\n|-damage|p2b: Maushold|0 fnt\n|faint|p2b: Maushold\n|-damage|p1a: Corviknight|86/100|[from] Recoil\n|move|p2a: Incineroar|Parting Shot|p1b: Kleavor\n|-unboost|p1b: Kleavor|atk|1\n|-unboost|p1b: Kleavor|spa|1\n|\n|t:|1776352811\n|switch|p2a: Gengar|Gengar-Mega, L50, F, shiny|100/100|[from] Parting Shot\n|-damage|p2a: Gengar|89/100|[from] Stealth Rock\n|\n|-heal|p1a: Corviknight|92/100|[from] item: Leftovers\n|-start|p1b: Kleavor|perish1\n|-start|p1a: Corviknight|perish1\n|upkeep\n|\n|t:|1776352812\n|switch|p2b: Incineroar|Incineroar, L50, F, shiny|100/100\n|-damage|p2b: Incineroar|76/100|[from] Stealth Rock\n|-ability|p2b: Incineroar|Intimidate|boost\n|-ability|p1a: Corviknight|Mirror Armor\n|-unboost|p2b: Incineroar|atk|1\n|-unboost|p1b: Kleavor|atk|1\n|turn|4\n|\n|t:|1776352832\n|move|p2a: Gengar|Protect|p2a: Gengar\n|-singleturn|p2a: Gengar|Protect\n|move|p2b: Incineroar|Protect|p2b: Incineroar\n|-singleturn|p2b: Incineroar|Protect\n|move|p1b: Kleavor|Stone Axe|p2a: Gengar\n|-activate|p2a: Gengar|move: Protect\n|move|p1a: Corviknight|Brave Bird|p2a: Gengar\n|-activate|p2a: Gengar|move: Protect\n|\n|-heal|p1a: Corviknight|98/100|[from] item: Leftovers\n|-start|p1b: Kleavor|perish0\n|-start|p1a: Corviknight|perish0\n|-sideend|p1: Naviaan Warmonger|move: Tailwind\n|faint|p1b: Kleavor\n|faint|p1a: Corviknight\n|upkeep\n|\n|t:|1776352846\n|switch|p1b: Froslass|Froslass, L50, F|100/100\n|switch|p1a: Incineroar|Incineroar, L50, M|100/100\n|-ability|p1a: Incineroar|Intimidate|boost\n|-unboost|p2a: Gengar|atk|1\n|-unboost|p2b: Incineroar|atk|1\n|turn|5\n|inactive|isabellissima has 30 seconds left.\n|\n|t:|1776352874\n|detailschange|p1b: Froslass|Froslass-Mega, L50, F\n|-mega|p1b: Froslass|Froslass|Froslassite\n|-weather|Snowscape|[from] ability: Snow Warning|[of] p1b: Froslass\n|move|p1a: Incineroar|Fake Out|p2b: Incineroar\n|-damage|p2b: Incineroar|69/100\n|move|p1b: Froslass|Shadow Ball|p2a: Gengar\n|-supereffective|p2a: Gengar|1\n|-damage|p2a: Gengar|0 fnt\n|faint|p2a: Gengar\n|cant|p2b: Incineroar|flinch\n|\n|-weather|Snowscape|[upkeep]\n|upkeep\n|\n|t:|1776352884\n|switch|p2a: Politoed|Politoed, L50, M, shiny|100/100\n|-damage|p2a: Politoed|88/100|[from] Stealth Rock\n|-weather|RainDance|[from] ability: Drizzle|[of] p2a: Politoed\n|turn|6\n|\n|t:|1776352903\n|move|p1b: Froslass|Thunder|p2a: Politoed\n|-supereffective|p2a: Politoed|1\n|-damage|p2a: Politoed|21/100\n|move|p2a: Politoed|Weather Ball|p1a: Incineroar\n|-supereffective|p1a: Incineroar|1\n|-damage|p1a: Incineroar|23/100\n|-enditem|p1a: Incineroar|Sitrus Berry|[eat]\n|-heal|p1a: Incineroar|48/100|[from] item: Sitrus Berry\n|move|p1a: Incineroar|Parting Shot|p2b: Incineroar\n|-unboost|p2b: Incineroar|atk|1\n|-unboost|p2b: Incineroar|spa|1\n|move|p2b: Incineroar|Throat Chop|p1b: Froslass\n|-supereffective|p1b: Froslass|1\n|-damage|p1b: Froslass|56/100\n|-start|p1b: Froslass|Throat Chop|[silent]\n|\n|-weather|RainDance|[upkeep]\n|-heal|p2a: Politoed|27/100|[from] item: Leftovers\n|upkeep\n|turn|7\n|\n|t:|1776352925\n|move|p2a: Politoed|Protect|p2a: Politoed\n|-singleturn|p2a: Politoed|Protect\n|move|p1b: Froslass|Thunder|p2a: Politoed\n|-activate|p2a: Politoed|move: Protect\n|move|p1a: Incineroar|Darkest Lariat|p2b: Incineroar\n|-resisted|p2b: Incineroar|1\n|-damage|p2b: Incineroar|58/100\n|move|p2b: Incineroar|Throat Chop|p1b: Froslass\n|-supereffective|p1b: Froslass|1\n|-damage|p1b: Froslass|15/100\n|\n|-weather|RainDance|[upkeep]\n|-heal|p2a: Politoed|33/100|[from] item: Leftovers\n|-end|p1b: Froslass|Throat Chop|[silent]\n|upkeep\n|turn|8\n|\n|t:|1776352940\n|move|p2a: Politoed|Protect||[still]\n|-fail|p2a: Politoed\n|move|p1b: Froslass|Thunder|p2a: Politoed\n|-supereffective|p2a: Politoed|1\n|-damage|p2a: Politoed|0 fnt\n|faint|p2a: Politoed\n|move|p1a: Incineroar|Darkest Lariat|p2b: Incineroar\n|-resisted|p2b: Incineroar|1\n|-crit|p2b: Incineroar\n|-damage|p2b: Incineroar|41/100\n|-enditem|p2b: Incineroar|Sitrus Berry|[eat]\n|-heal|p2b: Incineroar|66/100|[from] item: Sitrus Berry\n|move|p2b: Incineroar|Throat Chop|p1b: Froslass\n|-supereffective|p1b: Froslass|1\n|-damage|p1b: Froslass|0 fnt\n|faint|p1b: Froslass\n|\n|-weather|RainDance|[upkeep]\n|upkeep\n|turn|9\n|\n|t:|1776352961\n|move|p1a: Incineroar|Darkest Lariat|p2b: Incineroar\n|-resisted|p2b: Incineroar|1\n|-damage|p2b: Incineroar|54/100\n|move|p2b: Incineroar|Throat Chop|p1a: Incineroar\n|-resisted|p1a: Incineroar|1\n|-damage|p1a: Incineroar|43/100\n|-start|p1a: Incineroar|Throat Chop|[silent]\n|\n|-weather|RainDance|[upkeep]\n|upkeep\n|turn|10\n|\n|t:|1776352969\n|move|p1a: Incineroar|Darkest Lariat|p2b: Incineroar\n|-resisted|p2b: Incineroar|1\n|-damage|p2b: Incineroar|43/100\n|move|p2b: Incineroar|Throat Chop|p1a: Incineroar\n|-resisted|p1a: Incineroar|1\n|-damage|p1a: Incineroar|37/100\n|\n|-weather|none\n|-end|p1a: Incineroar|Throat Chop|[silent]\n|upkeep\n|turn|11\n|\n|t:|1776352976\n|move|p1a: Incineroar|Darkest Lariat|p2b: Incineroar\n|-resisted|p2b: Incineroar|1\n|-damage|p2b: Incineroar|33/100\n|move|p2b: Incineroar|Throat Chop|p1a: Incineroar\n|-resisted|p1a: Incineroar|1\n|-damage|p1a: Incineroar|32/100\n|-start|p1a: Incineroar|Throat Chop|[silent]\n|\n|upkeep\n|turn|12\n|\n|t:|1776352983\n|move|p1a: Incineroar|Darkest Lariat|p2b: Incineroar\n|-resisted|p2b: Incineroar|1\n|-damage|p2b: Incineroar|21/100\n|move|p2b: Incineroar|Throat Chop|p1a: Incineroar\n|-resisted|p1a: Incineroar|1\n|-damage|p1a: Incineroar|27/100\n|\n|-end|p1a: Incineroar|Throat Chop|[silent]\n|upkeep\n|turn|13\n|\n|t:|1776352992\n|move|p1a: Incineroar|Darkest Lariat|p2b: Incineroar\n|-resisted|p2b: Incineroar|1\n|-damage|p2b: Incineroar|9/100\n|move|p2b: Incineroar|Throat Chop|p1a: Incineroar\n|-resisted|p1a: Incineroar|1\n|-damage|p1a: Incineroar|22/100\n|-start|p1a: Incineroar|Throat Chop|[silent]\n|\n|upkeep\n|turn|14\n|\n|t:|1776352998\n|move|p2b: Incineroar|Protect|p2b: Incineroar\n|-singleturn|p2b: Incineroar|Protect\n|move|p1a: Incineroar|Darkest Lariat|p2b: Incineroar\n|-activate|p2b: Incineroar|move: Protect\n|\n|-end|p1a: Incineroar|Throat Chop|[silent]\n|upkeep\n|turn|15\n|\n|t:|1776353007\n|move|p1a: Incineroar|Darkest Lariat|p2b: Incineroar\n|-resisted|p2b: Incineroar|1\n|-damage|p2b: Incineroar|0 fnt\n|faint|p2b: Incineroar\n|\n|win|Naviaan Warmonger\n|raw|Naviaan Warmonger's rating: 1197 &rarr; <strong>1220</strong><br />(+23 for winning)\n|raw|isabellissima's rating: 1172 &rarr; <strong>1149</strong><br />(-23 for losing)\n",
  "uploadtime": 1776353011,
  "views": 44,
  "formatid": "gen9championsvgc2026regma",
  "rating": 1149,
  "private": 0,
  "password": null
}