{
  "id": "gen9championsvgc2026regma-2584797648",
  "format": "[Gen 9 Champions] VGC 2026 Reg M-A",
  "players": [
    "Barbie120",
    "arr_bol"
  ],
  "log": "|j|\u2606Barbie120\n|j|\u2606arr_bol\n|t:|1776284393\n|gametype|doubles\n|player|p1|Barbie120|265|1144\n|player|p2|arr_bol|acetrainer-gen4dp|1046\n|gen|9\n|tier|[Gen 9 Champions] VGC 2026 Reg M-A\n|rated|\n|rule|Species Clause: Limit one of each Pok\u00e9mon\n|rule|Item Clause: Limit 1 of each item\n|clearpoke\n|poke|p1|Dragapult, L50, F|\n|poke|p1|Lucario, L50, F|\n|poke|p1|Volcarona, L50, M|\n|poke|p1|Goodra, L50, M|\n|poke|p1|Rotom-Wash, L50|\n|poke|p1|Incineroar, L50, M|\n|poke|p2|Starmie, L50|\n|poke|p2|Pelipper, L50, M|\n|poke|p2|Garchomp, L50, M|\n|poke|p2|Whimsicott, L50, M|\n|poke|p2|Archaludon, L50, F|\n|poke|p2|Tyranitar, L50, F|\n|teampreview|4\n|\n|t:|1776284413\n|teamsize|p1|4\n|teamsize|p2|4\n|start\n|switch|p1a: Rotom|Rotom-Wash, L50, shiny|100/100\n|switch|p1b: Dragapult|Dragapult, L50, F|100/100\n|switch|p2a: Whimsicott|Whimsicott, L50, M|100/100\n|switch|p2b: Starmie|Starmie, L50|100/100\n|turn|1\n|\n|t:|1776284430\n|detailschange|p2b: Starmie|Starmie-Mega, L50\n|-mega|p2b: Starmie|Starmie|Starminite\n|move|p2a: Whimsicott|Tailwind|p2a: Whimsicott\n|-sidestart|p2: arr_bol|move: Tailwind\n|move|p2b: Starmie|Ice Spinner|p1b: Dragapult\n|-supereffective|p1b: Dragapult|1\n|-enditem|p1b: Dragapult|Focus Sash\n|-damage|p1b: Dragapult|1/100\n|move|p1b: Dragapult|Will-O-Wisp|p2b: Starmie\n|-status|p2b: Starmie|brn\n|move|p1a: Rotom|Electroweb|p2a: Whimsicott|[spread] p2a,p2b\n|-resisted|p2a: Whimsicott|1\n|-supereffective|p2b: Starmie|1\n|-damage|p2a: Whimsicott|93/100\n|-damage|p2b: Starmie|59/100 brn\n|-unboost|p2a: Whimsicott|spe|1\n|-unboost|p2b: Starmie|spe|1\n|\n|-damage|p2b: Starmie|53/100 brn|[from] brn\n|upkeep\n|turn|2\n|\n|t:|1776284446\n|switch|p1b: Incineroar|Incineroar, L50, M, shiny|100/100\n|-ability|p1b: Incineroar|Intimidate|boost\n|-unboost|p2a: Whimsicott|atk|1\n|-unboost|p2b: Starmie|atk|1\n|move|p2b: Starmie|Psycho Cut|p1a: Rotom\n|-damage|p1a: Rotom|78/100\n|move|p2a: Whimsicott|Moonblast|p1b: Incineroar\n|-damage|p1b: Incineroar|75/100\n|-unboost|p1b: Incineroar|spa|1\n|move|p1a: Rotom|Electroweb|p2b: Starmie|[spread] p2a,p2b\n|-resisted|p2a: Whimsicott|1\n|-supereffective|p2b: Starmie|1\n|-damage|p2a: Whimsicott|83/100\n|-damage|p2b: Starmie|16/100 brn\n|-unboost|p2a: Whimsicott|spe|1\n|-unboost|p2b: Starmie|spe|1\n|\n|-damage|p2b: Starmie|10/100 brn|[from] brn\n|upkeep\n|turn|3\n|\n|t:|1776284470\n|move|p2a: Whimsicott|Protect|p2a: Whimsicott\n|-singleturn|p2a: Whimsicott|Protect\n|move|p2b: Starmie|Psycho Cut|p1a: Rotom\n|-damage|p1a: Rotom|54/100\n|move|p1a: Rotom|Electroweb|p2b: Starmie|[spread] p2b\n|-activate|p2a: Whimsicott|move: Protect\n|-supereffective|p2b: Starmie|1\n|-damage|p2b: Starmie|0 fnt\n|faint|p2b: Starmie\n|move|p1b: Incineroar|Flare Blitz|p2a: Whimsicott\n|-activate|p2a: Whimsicott|move: Protect\n|\n|upkeep\n|\n|t:|1776284482\n|switch|p2b: Pelipper|Pelipper, L50, M|100/100\n|-weather|RainDance|[from] ability: Drizzle|[of] p2b: Pelipper\n|turn|4\n|\n|t:|1776284493\n|switch|p1b: Dragapult|Dragapult, L50, F|1/100\n|move|p2b: Pelipper|Weather Ball|p1b: Dragapult\n|-resisted|p1b: Dragapult|1\n|-damage|p1b: Dragapult|0 fnt\n|faint|p1b: Dragapult\n|move|p2a: Whimsicott|Moonblast|p1a: Rotom|[miss]\n|-miss|p2a: Whimsicott|p1a: Rotom\n|move|p1a: Rotom|Electroweb|p2a: Whimsicott|[spread] p2a,p2b\n|-resisted|p2a: Whimsicott|1\n|-supereffective|p2b: Pelipper|2\n|-damage|p2a: Whimsicott|73/100\n|-damage|p2b: Pelipper|13/100\n|-unboost|p2a: Whimsicott|spe|1\n|-unboost|p2b: Pelipper|spe|1\n|\n|-weather|RainDance|[upkeep]\n|-heal|p2b: Pelipper|19/100|[from] item: Leftovers\n|-sideend|p2: arr_bol|move: Tailwind\n|upkeep\n|\n|t:|1776284510\n|switch|p1b: Lucario|Lucario, L50, F|100/100\n|turn|5\n|\n|t:|1776284515\n|detailschange|p1b: Lucario|Lucario-Mega, L50, F\n|-mega|p1b: Lucario|Lucario|Lucarionite\n|move|p1b: Lucario|Bullet Punch|p2a: Whimsicott\n|-supereffective|p2a: Whimsicott|1\n|-damage|p2a: Whimsicott|10/100\n|move|p2a: Whimsicott|Tailwind|p2a: Whimsicott\n|-sidestart|p2: arr_bol|move: Tailwind\n|move|p2b: Pelipper|Hurricane|p1b: Lucario\n|-damage|p1b: Lucario|45/100\n|move|p1a: Rotom|Electroweb|p2a: Whimsicott|[spread] p2a,p2b\n|-resisted|p2a: Whimsicott|1\n|-supereffective|p2b: Pelipper|2\n|-damage|p2a: Whimsicott|2/100\n|-damage|p2b: Pelipper|0 fnt\n|-unboost|p2a: Whimsicott|spe|1\n|faint|p2b: Pelipper\n|\n|-weather|RainDance|[upkeep]\n|upkeep\n|\n|t:|1776284520\n|switch|p2b: Archaludon|Archaludon, L50, F|100/100\n|turn|6\n|\n|t:|1776284537\n|move|p1b: Lucario|Detect|p1b: Lucario\n|-singleturn|p1b: Lucario|Protect\n|move|p2b: Archaludon|Electro Shot||[still]\n|-prepare|p2b: Archaludon|Electro Shot\n|-boost|p2b: Archaludon|spa|1\n|-anim|p2b: Archaludon|Electro Shot|p1a: Rotom\n|-damage|p1a: Rotom|0 fnt\n|faint|p1a: Rotom\n|move|p2a: Whimsicott|Moonblast|p1b: Lucario\n|-activate|p1b: Lucario|move: Protect\n|\n|-weather|RainDance|[upkeep]\n|upkeep\n|\n|t:|1776284547\n|switch|p1a: Incineroar|Incineroar, L50, M, shiny|75/100\n|-ability|p1a: Incineroar|Intimidate|boost\n|-unboost|p2a: Whimsicott|atk|1\n|-unboost|p2b: Archaludon|atk|1\n|turn|7\n|\n|t:|1776284554\n|move|p2a: Whimsicott|Protect|p2a: Whimsicott\n|-singleturn|p2a: Whimsicott|Protect\n|move|p2b: Archaludon|Protect|p2b: Archaludon\n|-singleturn|p2b: Archaludon|Protect\n|move|p1a: Incineroar|Fake Out|p2a: Whimsicott\n|-activate|p2a: Whimsicott|move: Protect\n|move|p1b: Lucario|Drain Punch|p2b: Archaludon\n|-activate|p2b: Archaludon|move: Protect\n|\n|-weather|RainDance|[upkeep]\n|upkeep\n|turn|8\n|\n|t:|1776284575\n|move|p1b: Lucario|Detect|p1b: Lucario\n|-singleturn|p1b: Lucario|Protect\n|move|p2b: Archaludon|Electro Shot||[still]\n|-prepare|p2b: Archaludon|Electro Shot\n|-boost|p2b: Archaludon|spa|1\n|-anim|p2b: Archaludon|Electro Shot|p1b: Lucario\n|-activate|p1b: Lucario|move: Protect\n|move|p2a: Whimsicott|Moonblast|p1a: Incineroar\n|-damage|p1a: Incineroar|51/100\n|move|p1a: Incineroar|Flare Blitz|p2a: Whimsicott\n|-supereffective|p2a: Whimsicott|1\n|-damage|p2a: Whimsicott|0 fnt\n|faint|p2a: Whimsicott\n|-damage|p1a: Incineroar|50/100|[from] Recoil\n|-enditem|p1a: Incineroar|Sitrus Berry|[eat]\n|-heal|p1a: Incineroar|75/100|[from] item: Sitrus Berry\n|\n|-weather|none\n|-sideend|p2: arr_bol|move: Tailwind\n|upkeep\n|turn|9\n|\n|t:|1776284588\n|move|p1b: Lucario|Drain Punch|p2b: Archaludon\n|-supereffective|p2b: Archaludon|1\n|-damage|p2b: Archaludon|27/100\n|-heal|p1b: Lucario|85/100|[from] drain|[of] p2b: Archaludon\n|-ability|p2b: Archaludon|Stamina|boost\n|-boost|p2b: Archaludon|def|1\n|move|p2b: Archaludon|Dragon Pulse|p1b: Lucario\n|-resisted|p1b: Lucario|1\n|-damage|p1b: Lucario|16/100\n|move|p1a: Incineroar|Flare Blitz|p2b: Archaludon\n|-damage|p2b: Archaludon|0 fnt\n|faint|p2b: Archaludon\n|-damage|p1a: Incineroar|67/100|[from] Recoil\n|\n|win|Barbie120\n|raw|Barbie120's rating: 1144 &rarr; <strong>1162</strong><br />(+18 for winning)\n|raw|arr_bol's rating: 1046 &rarr; <strong>1034</strong><br />(-12 for losing)\n|l|\u2606arr_bol\n|player|p2|\n",
  "uploadtime": 1776284597,
  "views": 22,
  "formatid": "gen9championsvgc2026regma",
  "rating": 1034,
  "private": 0,
  "password": null
}