{
  "id": "gen9championsvgc2026regma-2583629040",
  "format": "[Gen 9 Champions] VGC 2026 Reg M-A",
  "players": [
    "ActualRandomizer",
    "Dsauce9"
  ],
  "log": "|j|\u2606ActualRandomizer\n|j|\u2606Dsauce9\n|t:|1776187505\n|gametype|doubles\n|player|p1|ActualRandomizer|skier|1036\n|player|p2|Dsauce9|266|1071\n|gen|9\n|tier|[Gen 9 Champions] VGC 2026 Reg M-A\n|rated|\n|rule|Species Clause: Limit one of each Pok\u00e9mon\n|rule|Item Clause: Limit 1 of each item\n|clearpoke\n|poke|p1|Aurorus, L50, M|\n|poke|p1|Emolga, L50, F|\n|poke|p1|Castform, L50, F|\n|poke|p1|Pangoro, L50, M|\n|poke|p1|Diggersby, L50, F|\n|poke|p1|Pidgeot, L50, F|\n|poke|p2|Gengar, L50, M|\n|poke|p2|Kommo-o, L50, M|\n|poke|p2|Incineroar, L50, M|\n|poke|p2|Sinistcha, L50|\n|poke|p2|Aegislash, L50, M|\n|poke|p2|Blastoise, L50, M|\n|teampreview|4\nDsauce9 has agreed to open team sheets.\n|c|\u2606Dsauce9|weird team\n|c|\u2606Dsauce9|whats the plan?\n|\n|t:|1776187545\n|teamsize|p1|4\n|teamsize|p2|4\n|start\n|switch|p1a: Emolga|Emolga, L50, F|100/100\n|switch|p1b: Aurorus|Aurorus, L50, M|100/100\n|switch|p2a: Gengar|Gengar, L50, M|100/100\n|switch|p2b: Incineroar|Incineroar, L50, M|100/100\n|-ability|p2b: Incineroar|Intimidate|boost\n|-unboost|p1a: Emolga|atk|1\n|-unboost|p1b: Aurorus|atk|1\n|turn|1\n|c|\u2606ActualRandomizer|Mostly just seeing if I can win with the 6 lowest useage mons\n|\n|t:|1776187566\n|detailschange|p2a: Gengar|Gengar-Mega, L50, M\n|-mega|p2a: Gengar|Gengar|Gengarite\n|move|p1a: Emolga|Protect|p1a: Emolga\n|-singleturn|p1a: Emolga|Protect\n|move|p1b: Aurorus|Protect|p1b: Aurorus\n|-singleturn|p1b: Aurorus|Protect\n|move|p2b: Incineroar|Fake Out|p1a: Emolga\n|-activate|p1a: Emolga|move: Protect\n|move|p2a: Gengar|Substitute|p2a: Gengar\n|-start|p2a: Gengar|Substitute\n|-damage|p2a: Gengar|76/100\n|\n|upkeep\n|turn|2\n|c|\u2606Dsauce9|fair enough\n|\n|t:|1776187579\n|move|p2a: Gengar|Perish Song|p2a: Gengar\n|-start|p1a: Emolga|perish3|[silent]\n|-start|p1b: Aurorus|perish3|[silent]\n|-start|p2a: Gengar|perish3|[silent]\n|-start|p2b: Incineroar|perish3|[silent]\n|-fieldactivate|move: Perish Song\n|move|p1a: Emolga|Round|p2b: Incineroar\n|-damage|p2b: Incineroar|91/100\n|move|p1b: Aurorus|Round|p2a: Gengar|[from] move: Round\n|-damage|p2a: Gengar|0 fnt\n|faint|p2a: Gengar\n|move|p2b: Incineroar|Parting Shot|p1a: Emolga\n|-unboost|p1a: Emolga|atk|1\n|-unboost|p1a: Emolga|spa|1\n|c|\u2606ActualRandomizer|I do got a little bit of tech tho\n|\n|t:|1776187593\n|switch|p2b: Sinistcha|Sinistcha, L50|100/100|[from] Parting Shot\n|\n|-start|p1a: Emolga|perish3\n|-start|p1b: Aurorus|perish3\n|upkeep\n|c|\u2606Dsauce9|lol\n|c|\u2606Dsauce9|its ice\n|c|\u2606Dsauce9|i was so confused\n|c|\u2606ActualRandomizer|yessir\n|\n|t:|1776187617\n|switch|p2a: Incineroar|Incineroar, L50, M|91/100\n|-ability|p2a: Incineroar|Intimidate|boost\n|-unboost|p1a: Emolga|atk|1\n|-unboost|p1b: Aurorus|atk|1\n|turn|3\n|\n|t:|1776187627\n|move|p1a: Emolga|Protect|p1a: Emolga\n|-singleturn|p1a: Emolga|Protect\n|move|p1b: Aurorus|Protect|p1b: Aurorus\n|-singleturn|p1b: Aurorus|Protect\n|move|p2a: Incineroar|Fake Out|p1a: Emolga\n|-activate|p1a: Emolga|move: Protect\n|move|p2b: Sinistcha|Matcha Gotcha|p1a: Emolga|[spread] \n|-activate|p1a: Emolga|move: Protect\n|-activate|p1b: Aurorus|move: Protect\n|\n|-start|p1a: Emolga|perish2\n|-start|p1b: Aurorus|perish2\n|upkeep\n|turn|4\n|\n|t:|1776187647\n|move|p2b: Sinistcha|Protect|p2b: Sinistcha\n|-singleturn|p2b: Sinistcha|Protect\n|move|p2a: Incineroar|Protect|p2a: Incineroar\n|-singleturn|p2a: Incineroar|Protect\n|move|p1a: Emolga|Round|p2a: Incineroar\n|-activate|p2a: Incineroar|move: Protect\n|move|p1b: Aurorus|Round|p2b: Sinistcha|[from] move: Round\n|-activate|p2b: Sinistcha|move: Protect\n|\n|-start|p1a: Emolga|perish1\n|-start|p1b: Aurorus|perish1\n|upkeep\n|turn|5\n|\n|t:|1776187663\n|switch|p1a: Diggersby|Diggersby, L50, F|100/100\n|switch|p1b: Pidgeot|Pidgeot, L50, F|100/100\n|move|p2b: Sinistcha|Matcha Gotcha|p1a: Diggersby|[spread] p1b\n|-miss|p2b: Sinistcha|p1a: Diggersby\n|-resisted|p1b: Pidgeot|1\n|-damage|p1b: Pidgeot|86/100\n|move|p2a: Incineroar|Flare Blitz|p1b: Pidgeot\n|-damage|p1b: Pidgeot|25/100\n|-damage|p2a: Incineroar|75/100|[from] Recoil\n|\n|upkeep\n|turn|6\n|\n|t:|1776187684\n|detailschange|p1b: Pidgeot|Pidgeot-Mega, L50, F\n|-mega|p1b: Pidgeot|Pidgeot|Pidgeotite\n|move|p2a: Incineroar|Protect|p2a: Incineroar\n|-singleturn|p2a: Incineroar|Protect\n|move|p1a: Diggersby|Earthquake|p2b: Sinistcha|[spread] p2b\n|-activate|p2a: Incineroar|move: Protect\n|-immune|p1b: Pidgeot\n|-resisted|p2b: Sinistcha|1\n|-damage|p2b: Sinistcha|80/100\n|move|p1b: Pidgeot|Hurricane|p2b: Sinistcha\n|-supereffective|p2b: Sinistcha|1\n|-damage|p2b: Sinistcha|0 fnt\n|faint|p2b: Sinistcha\n|\n|upkeep\n|\n|t:|1776187696\n|switch|p2b: Blastoise|Blastoise, L50, M|100/100\n|turn|7\n|\n|t:|1776187703\n|move|p2b: Blastoise|Fake Out|p1a: Diggersby\n|-damage|p1a: Diggersby|89/100\n|cant|p1a: Diggersby|flinch\n|move|p1b: Pidgeot|Hurricane|p2b: Blastoise\n|-damage|p2b: Blastoise|54/100\n|move|p2a: Incineroar|Flare Blitz|p1b: Pidgeot\n|-damage|p1b: Pidgeot|0 fnt\n|faint|p1b: Pidgeot\n|-damage|p2a: Incineroar|68/100|[from] Recoil\n|\n|upkeep\n|\n|t:|1776187712\n|switch|p1b: Emolga|Emolga, L50, F|100/100\n|turn|8\n|\n|t:|1776187723\n|move|p1a: Diggersby|Earthquake|p2b: Blastoise|[spread] p2a,p2b\n|-immune|p1b: Emolga\n|-supereffective|p2a: Incineroar|1\n|-damage|p2a: Incineroar|0 fnt\n|-damage|p2b: Blastoise|16/100\n|faint|p2a: Incineroar\n|move|p1b: Emolga|Thunderbolt|p2b: Blastoise\n|-supereffective|p2b: Blastoise|1\n|-damage|p2b: Blastoise|0 fnt\n|faint|p2b: Blastoise\n|\n|win|ActualRandomizer\n|raw|ActualRandomizer's rating: 1036 &rarr; <strong>1074</strong><br />(+38 for winning)\n|raw|Dsauce9's rating: 1071 &rarr; <strong>1048</strong><br />(-23 for losing)\n|c|\u2606ActualRandomizer|gg\n|c|\u2606Dsauce9|gg\n",
  "uploadtime": 1776187735,
  "views": 38,
  "formatid": "gen9championsvgc2026regma",
  "rating": 1048,
  "private": 0,
  "password": null
}