{
  "id": "gen9championsvgc2026regma-2584837201",
  "format": "[Gen 9 Champions] VGC 2026 Reg M-A",
  "players": [
    "crazybear77",
    "toxmyself"
  ],
  "log": "|j|\u2606crazybear77\n|j|\u2606toxmyself\n|t:|1776287498\n|gametype|doubles\n|player|p1|crazybear77|hiker-gen4|1220\n|player|p2|toxmyself|norman|1244\n|gen|9\n|tier|[Gen 9 Champions] VGC 2026 Reg M-A\n|rated|\n|rule|Species Clause: Limit one of each Pok\u00e9mon\n|rule|Item Clause: Limit 1 of each item\n|clearpoke\n|poke|p1|Kingambit, L50, M|\n|poke|p1|Incineroar, L50, F|\n|poke|p1|Crabominable, L50, M|\n|poke|p1|Slowking, L50, M|\n|poke|p1|Tsareena, L50, F|\n|poke|p1|Hatterene, L50, F|\n|poke|p2|Charizard, L50, M|\n|poke|p2|Venusaur, L50, M|\n|poke|p2|Garchomp, L50, M|\n|poke|p2|Incineroar, L50, M|\n|poke|p2|Gardevoir, L50, M|\n|poke|p2|Milotic, L50, M|\n|teampreview|4\n|inactive|Battle timer is ON: inactive players will automatically lose when time's up. (requested by toxmyself)\n|inactive|toxmyself has 60 seconds left.\n|\n|t:|1776287534\n|teamsize|p1|4\n|teamsize|p2|4\n|start\n|switch|p1a: Incineroar|Incineroar, L50, F|100/100\n|switch|p1b: Slowking|Slowking, L50, M|100/100\n|switch|p2a: Milotic|Milotic, L50, M|100/100\n|switch|p2b: Garchomp|Garchomp, L50, M|100/100\n|-ability|p1a: Incineroar|Intimidate|boost\n|-unboost|p2a: Milotic|atk|1\n|-ability|p2a: Milotic|Competitive|boost\n|-boost|p2a: Milotic|spa|2\n|-unboost|p2b: Garchomp|atk|1\n|turn|1\n|\n|t:|1776287549\n|move|p1a: Incineroar|Fake Out|p2b: Garchomp\n|-damage|p2b: Garchomp|85/100\n|-damage|p1a: Incineroar|88/100|[from] ability: Rough Skin|[of] p2b: Garchomp\n|cant|p2b: Garchomp|flinch\n|move|p2a: Milotic|Scald|p1a: Incineroar\n|-supereffective|p1a: Incineroar|1\n|-damage|p1a: Incineroar|0 fnt\n|faint|p1a: Incineroar\n|move|p1b: Slowking|Trick Room|p1b: Slowking\n|-fieldstart|move: Trick Room|[of] p1b: Slowking\n|\n|upkeep\n|\n|t:|1776287561\n|switch|p1a: Crabominable|Crabominable, L50, M|100/100\n|turn|2\n|\n|t:|1776287576\n|detailschange|p1a: Crabominable|Crabominable-Mega, L50, M\n|-mega|p1a: Crabominable|Crabominable|Crabominite\n|move|p2b: Garchomp|Protect|p2b: Garchomp\n|-singleturn|p2b: Garchomp|Protect\n|move|p1b: Slowking|Psychic|p2a: Milotic\n|-damage|p2a: Milotic|77/100\n|move|p1a: Crabominable|Drain Punch|p2a: Milotic\n|-damage|p2a: Milotic|34/100\n|move|p2a: Milotic|Scald|p1a: Crabominable\n|-damage|p1a: Crabominable|50/100\n|\n|-heal|p2a: Milotic|40/100|[from] item: Leftovers\n|upkeep\n|turn|3\n|inactive|toxmyself has 30 seconds left.\n|inactive|toxmyself has 20 seconds left.\n|inactive|toxmyself has 15 seconds left.\n|\n|t:|1776287616\n|move|p2a: Milotic|Protect|p2a: Milotic\n|-singleturn|p2a: Milotic|Protect\n|-prepare|p1b: Slowking|Chilly Reception|[premajor]\n|move|p1b: Slowking|Chilly Reception|p1b: Slowking\n|-weather|Snowscape\n|\n|t:|1776287622\n|switch|p1b: Kingambit|Kingambit, L50, M|100/100|[from] Chilly Reception\n|move|p1a: Crabominable|Drain Punch|p2a: Milotic\n|-activate|p2a: Milotic|move: Protect\n|move|p2b: Garchomp|Earthquake|p1b: Kingambit|[spread] p1a,p1b\n|-activate|p2a: Milotic|move: Protect\n|-supereffective|p1b: Kingambit|1\n|-damage|p1a: Crabominable|38/100\n|-damage|p1b: Kingambit|57/100\n|\n|-weather|Snowscape|[upkeep]\n|-heal|p2a: Milotic|46/100|[from] item: Leftovers\n|upkeep\n|turn|4\n|\n|t:|1776287644\n|move|p2b: Garchomp|Protect|p2b: Garchomp\n|-singleturn|p2b: Garchomp|Protect\n|move|p1a: Crabominable|Drain Punch|p2a: Milotic\n|-damage|p2a: Milotic|4/100\n|-heal|p1a: Crabominable|58/100|[from] drain|[of] p2a: Milotic\n|move|p1b: Kingambit|Kowtow Cleave|p2a: Milotic\n|-damage|p2a: Milotic|0 fnt\n|faint|p2a: Milotic\n|\n|-weather|Snowscape|[upkeep]\n|upkeep\n|\n|t:|1776287656\n|switch|p2a: Charizard|Charizard, L50, M|100/100\n|turn|5\n|\n|t:|1776287670\n|detailschange|p2a: Charizard|Charizard-Mega-Y, L50, M\n|-mega|p2a: Charizard|Charizard|Charizardite Y\n|-weather|SunnyDay|[from] ability: Drought|[of] p2a: Charizard\n|move|p2a: Charizard|Protect|p2a: Charizard\n|-singleturn|p2a: Charizard|Protect\n|move|p1a: Crabominable|Ice Hammer|p2a: Charizard\n|-activate|p2a: Charizard|move: Protect\n|move|p1b: Kingambit|Kowtow Cleave|p2a: Charizard\n|-activate|p2a: Charizard|move: Protect\n|move|p2b: Garchomp|Earthquake|p1a: Crabominable|[spread] p1a,p1b\n|-activate|p2a: Charizard|move: Protect\n|-supereffective|p1b: Kingambit|1\n|-damage|p1a: Crabominable|40/100\n|-damage|p1b: Kingambit|15/100\n|\n|-weather|SunnyDay|[upkeep]\n|-fieldend|move: Trick Room\n|upkeep\n|turn|6\n|\n|t:|1776287692\n|move|p1a: Crabominable|Protect|p1a: Crabominable\n|-singleturn|p1a: Crabominable|Protect\n|move|p1b: Kingambit|Sucker Punch|p2a: Charizard\n|-damage|p2a: Charizard|29/100\n|move|p2b: Garchomp|Earthquake|p1a: Crabominable|[spread] p1b\n|-activate|p1a: Crabominable|move: Protect\n|-immune|p2a: Charizard\n|-supereffective|p1b: Kingambit|1\n|-damage|p1b: Kingambit|0 fnt\n|faint|p1b: Kingambit\n|move|p2a: Charizard|Heat Wave|p1a: Crabominable\n|-activate|p1a: Crabominable|move: Protect\n|\n|-weather|SunnyDay|[upkeep]\n|upkeep\n|\n|t:|1776287707\n|switch|p1b: Slowking|Slowking, L50, M|100/100\n|turn|7\n|\n|t:|1776287711\n|switch|p2b: Venusaur|Venusaur, L50, M|100/100\n|move|p1a: Crabominable|Protect|p1a: Crabominable\n|-singleturn|p1a: Crabominable|Protect\n|move|p2a: Charizard|Weather Ball|p1a: Crabominable\n|-activate|p1a: Crabominable|move: Protect\n|move|p1b: Slowking|Trick Room|p1b: Slowking\n|-fieldstart|move: Trick Room|[of] p1b: Slowking\n|\n|-weather|SunnyDay|[upkeep]\n|upkeep\n|turn|8\n|\n|t:|1776287736\n|-prepare|p1b: Slowking|Chilly Reception|[premajor]\n|move|p1b: Slowking|Chilly Reception|p1b: Slowking\n|-weather|Snowscape\n|move|p1a: Crabominable|Ice Hammer|p2b: Venusaur\n|-supereffective|p2b: Venusaur|1\n|-enditem|p2b: Venusaur|Focus Sash\n|-damage|p2b: Venusaur|1/100\n|-unboost|p1a: Crabominable|spe|1\n|move|p2b: Venusaur|Sludge Bomb|p1a: Crabominable\n|-damage|p1a: Crabominable|2/100\n|move|p2a: Charizard|Weather Ball|p1a: Crabominable\n|-resisted|p1a: Crabominable|1\n|-damage|p1a: Crabominable|0 fnt\n|faint|p1a: Crabominable\n|\n|-weather|Snowscape|[upkeep]\n|upkeep\n|turn|9\n|\n|t:|1776287757\n|switch|p2a: Garchomp|Garchomp, L50, M|85/100\n|move|p2b: Venusaur|Protect|p2b: Venusaur\n|-singleturn|p2b: Venusaur|Protect\n|move|p1b: Slowking|Psychic|p2b: Venusaur\n|-activate|p2b: Venusaur|move: Protect\n|\n|-weather|Snowscape|[upkeep]\n|upkeep\n|turn|10\n|\n|t:|1776287774\n|move|p1b: Slowking|Scald|p2a: Garchomp\n|-damage|p2a: Garchomp|57/100\n|-status|p2a: Garchomp|brn\n|move|p2b: Venusaur|Energy Ball|p1b: Slowking\n|-supereffective|p1b: Slowking|1\n|-damage|p1b: Slowking|32/100\n|move|p2a: Garchomp|Earthquake|p1b: Slowking|[spread] p2b,p1b\n|-damage|p2b: Venusaur|0 fnt\n|-damage|p1b: Slowking|17/100\n|faint|p2b: Venusaur\n|\n|-weather|Snowscape|[upkeep]\n|-damage|p2a: Garchomp|51/100 brn|[from] brn\n|upkeep\n|\n|t:|1776287781\n|switch|p2b: Charizard|Charizard-Mega-Y, L50, M|29/100\n|-weather|SunnyDay|[from] ability: Drought|[of] p2b: Charizard\n|turn|11\n|\n|t:|1776287795\n|move|p2b: Charizard|Protect|p2b: Charizard\n|-singleturn|p2b: Charizard|Protect\n|move|p2a: Garchomp|Protect|p2a: Garchomp\n|-singleturn|p2a: Garchomp|Protect\n|move|p1b: Slowking|Psychic|p2b: Charizard\n|-activate|p2b: Charizard|move: Protect\n|\n|-weather|SunnyDay|[upkeep]\n|-damage|p2a: Garchomp|45/100 brn|[from] brn\n|-fieldend|move: Trick Room\n|upkeep\n|turn|12\n|\n|t:|1776287807\n|move|p2a: Garchomp|Earthquake|p1b: Slowking|[spread] p1b\n|-immune|p2b: Charizard\n|-damage|p1b: Slowking|1/100\n|move|p2b: Charizard|Solar Beam||[still]\n|-prepare|p2b: Charizard|Solar Beam\n|-anim|p2b: Charizard|Solar Beam|p1b: Slowking\n|-supereffective|p1b: Slowking|1\n|-damage|p1b: Slowking|0 fnt\n|faint|p1b: Slowking\n|\n|win|toxmyself\n|raw|crazybear77's rating: 1220 &rarr; <strong>1197</strong><br />(-23 for losing)\n|raw|toxmyself's rating: 1244 &rarr; <strong>1267</strong><br />(+23 for winning)\n",
  "uploadtime": 1776287807,
  "views": 21,
  "formatid": "gen9championsvgc2026regma",
  "rating": 1197,
  "private": 0,
  "password": null
}