{
  "id": "gen9championsvgc2026regma-2584924589",
  "format": "[Gen 9 Champions] VGC 2026 Reg M-A",
  "players": [
    "hyunbelievable",
    "MUTED1337"
  ],
  "log": "|j|\u2606hyunbelievable\n|j|\u2606MUTED1337\n|t:|1776295016\n|gametype|doubles\n|player|p1|hyunbelievable|guzma|1155\n|player|p2|MUTED1337|1|1158\n|gen|9\n|tier|[Gen 9 Champions] VGC 2026 Reg M-A\n|rated|\n|rule|Species Clause: Limit one of each Pok\u00e9mon\n|rule|Item Clause: Limit 1 of each item\n|clearpoke\n|poke|p1|Blastoise, L50, F|\n|poke|p1|Sinistcha, L50|\n|poke|p1|Pelipper, L50, M|\n|poke|p1|Garchomp, L50, M|\n|poke|p1|Sneasler, L50, F|\n|poke|p1|Kingambit, L50, M|\n|poke|p2|Milotic, L50, F|\n|poke|p2|Aerodactyl, L50, M|\n|poke|p2|Gardevoir, L50, F|\n|poke|p2|Espathra, L50, F|\n|poke|p2|Typhlosion-Hisui, L50, M|\n|poke|p2|Scizor, L50, M|\n|teampreview|4\n|\n|t:|1776295049\n|teamsize|p1|4\n|teamsize|p2|4\n|start\n|switch|p1a: Conquest|Blastoise, L50, F|100/100\n|switch|p1b: Thula|Sneasler, L50, F|100/100\n|switch|p2a: Milotic|Milotic, L50, F|100/100\n|switch|p2b: Aerodactyl|Aerodactyl, L50, M, shiny|100/100\n|-ability|p2b: Aerodactyl|Unnerve\n|turn|1\n|\n|t:|1776295067\n|detailschange|p1a: Conquest|Blastoise-Mega, L50, F\n|-mega|p1a: Conquest|Blastoise|Blastoisinite\n|move|p1b: Thula|Fake Out|p2b: Aerodactyl\n|-resisted|p2b: Aerodactyl|1\n|-damage|p2b: Aerodactyl|90/100\n|cant|p2b: Aerodactyl|flinch\n|move|p1a: Conquest|Shell Smash|p1a: Conquest\n|-unboost|p1a: Conquest|def|1\n|-unboost|p1a: Conquest|spd|1\n|-boost|p1a: Conquest|atk|2\n|-boost|p1a: Conquest|spa|2\n|-boost|p1a: Conquest|spe|2\n|move|p2a: Milotic|Icy Wind|p1a: Conquest|[spread] p1a,p1b\n|-resisted|p1a: Conquest|1\n|-damage|p1a: Conquest|94/100\n|-damage|p1b: Thula|87/100\n|-unboost|p1a: Conquest|spe|1\n|-unboost|p1b: Thula|spe|1\n|-enditem|p1b: Thula|White Herb\n|-clearnegativeboost|p1b: Thula|[silent]\n|\n|upkeep\n|turn|2\n|\n|t:|1776295097\n|switch|p2b: Espathra|Espathra, L50, F|100/100\n|move|p1b: Thula|Close Combat|p2b: Espathra\n|-resisted|p2b: Espathra|1\n|-damage|p2b: Espathra|67/100\n|-unboost|p1b: Thula|def|1\n|-unboost|p1b: Thula|spd|1\n|move|p1a: Conquest|Water Pulse|p2b: Espathra\n|-damage|p2b: Espathra|0 fnt\n|faint|p2b: Espathra\n|move|p2a: Milotic|Icy Wind|p1a: Conquest|[spread] p1a,p1b\n|-resisted|p1a: Conquest|1\n|-damage|p1a: Conquest|88/100\n|-damage|p1b: Thula|68/100\n|-unboost|p1a: Conquest|spe|1\n|-unboost|p1b: Thula|spe|1\n|\n|upkeep\n|\n|t:|1776295130\n|switch|p2b: Aerodactyl|Aerodactyl, L50, M, shiny|90/100\n|-ability|p2b: Aerodactyl|Unnerve\n|turn|3\n|\n|t:|1776295154\n|switch|p1b: Lucan|Sinistcha, L50|100/100\n|-heal|p1a: Conquest|100/100|[from] ability: Hospitality|[of] p1b: Lucan\n|move|p2b: Aerodactyl|Rock Slide|p1a: Conquest|[spread] p1a,p1b\n|-damage|p1a: Conquest|68/100\n|-damage|p1b: Lucan|75/100\n|move|p1a: Conquest|Water Pulse|p2b: Aerodactyl\n|-supereffective|p2b: Aerodactyl|1\n|-damage|p2b: Aerodactyl|0 fnt\n|faint|p2b: Aerodactyl\n|move|p2a: Milotic|Scald|p1b: Lucan\n|-resisted|p1b: Lucan|1\n|-damage|p1b: Lucan|63/100\n|\n|upkeep\n|\n|t:|1776295158\n|switch|p2b: Gardevoir|Gardevoir, L50, F, shiny|100/100\n|turn|4\n|\n|t:|1776295167\n|detailschange|p2b: Gardevoir|Gardevoir-Mega, L50, F, shiny\n|-mega|p2b: Gardevoir|Gardevoir|Gardevoirite\n|move|p1b: Lucan|Rage Powder|p1b: Lucan\n|-singleturn|p1b: Lucan|move: Rage Powder\n|move|p2b: Gardevoir|Hyper Voice|p1b: Lucan|[spread] p1a,p1b\n|-damage|p1a: Conquest|0 fnt\n|-damage|p1b: Lucan|19/100\n|faint|p1a: Conquest\n|move|p2a: Milotic|Icy Wind|p1b: Lucan\n|-supereffective|p1b: Lucan|1\n|-damage|p1b: Lucan|0 fnt\n|faint|p1b: Lucan\n|\n|upkeep\n|\n|t:|1776295172\n|switch|p1a: Nolan|Kingambit, L50, M|100/100\n|switch|p1b: Thula|Sneasler, L50, F|68/100\n|turn|5\n|\n|t:|1776295179\n|move|p2b: Gardevoir|Protect|p2b: Gardevoir\n|-singleturn|p2b: Gardevoir|Protect\n|move|p2a: Milotic|Protect|p2a: Milotic\n|-singleturn|p2a: Milotic|Protect\n|move|p1b: Thula|Fake Out|p2b: Gardevoir\n|-activate|p2b: Gardevoir|move: Protect\n|move|p1a: Nolan|Kowtow Cleave|p2a: Milotic\n|-activate|p2a: Milotic|move: Protect\n|\n|upkeep\n|turn|6\n|\n|t:|1776295201\n|move|p1b: Thula|Dire Claw|p2b: Gardevoir\n|-supereffective|p2b: Gardevoir|1\n|-damage|p2b: Gardevoir|0 fnt\n|faint|p2b: Gardevoir\n|move|p2a: Milotic|Scald|p1a: Nolan\n|-damage|p1a: Nolan|75/100\n|move|p1a: Nolan|Iron Head|p2a: Milotic\n|-resisted|p2a: Milotic|1\n|-damage|p2a: Milotic|77/100\n|\n|-heal|p2a: Milotic|83/100|[from] item: Leftovers\n|upkeep\n|turn|7\n|\n|t:|1776295213\n|move|p1a: Nolan|Sucker Punch|p2a: Milotic\n|-damage|p2a: Milotic|30/100\n|move|p1b: Thula|Dire Claw|p2a: Milotic\n|-damage|p2a: Milotic|0 fnt\n|faint|p2a: Milotic\n|\n|win|hyunbelievable\n|raw|hyunbelievable's rating: 1155 &rarr; <strong>1180</strong><br />(+25 for winning)\n|raw|MUTED1337's rating: 1158 &rarr; <strong>1133</strong><br />(-25 for losing)\n",
  "uploadtime": 1776295215,
  "views": 17,
  "formatid": "gen9championsvgc2026regma",
  "rating": 1133,
  "private": 0,
  "password": null
}