{
  "id": "gen9championsvgc2026regma-2584138095",
  "format": "[Gen 9 Champions] VGC 2026 Reg M-A",
  "players": [
    "latios220044",
    "fytugihojp"
  ],
  "log": "|j|\u2606latios220044\n|j|\u2606fytugihojp\n|t:|1776229487\n|gametype|doubles\n|player|p1|latios220044|102|1232\n|player|p2|fytugihojp|1|1333\n|gen|9\n|tier|[Gen 9 Champions] VGC 2026 Reg M-A\n|rated|\n|rule|Species Clause: Limit one of each Pok\u00e9mon\n|rule|Item Clause: Limit 1 of each item\n|clearpoke\n|poke|p1|Zoroark-Hisui, L50, F|\n|poke|p1|Sneasler, L50, F|\n|poke|p1|Kingambit, L50, M|\n|poke|p1|Corviknight, L50, F|\n|poke|p1|Floette-Eternal, L50, F|\n|poke|p1|Aerodactyl, L50, M|\n|poke|p2|Aerodactyl, L50, M|\n|poke|p2|Floette-Eternal, L50, F|\n|poke|p2|Rotom-Heat, L50|\n|poke|p2|Basculegion, L50, M|\n|poke|p2|Sneasler, L50, F|\n|poke|p2|Kingambit, L50, M|\n|teampreview|4\n|inactive|Battle timer is ON: inactive players will automatically lose when time's up. (requested by fytugihojp)\n|inactive|latios220044 has 60 seconds left.\n|inactive|latios220044 has 30 seconds left.\n|inactive|latios220044 has 20 seconds left.\n|inactive|latios220044 has 15 seconds left.\n|inactive|latios220044 has 10 seconds left.\n|inactive|latios220044 has 5 seconds left.\n|\n|t:|1776229623\n|teamsize|p1|4\n|teamsize|p2|4\n|start\n|switch|p1a: Corviknight|Corviknight, L50, F|100/100\n|switch|p1b: Sneasler|Sneasler, L50, F|100/100\n|switch|p2a: Aerodactyl|Aerodactyl, L50, M|100/100\n|switch|p2b: Floette|Floette-Eternal, L50, F|100/100\n|-ability|p2a: Aerodactyl|Unnerve\n|turn|1\n|inactive|latios220044 has 30 seconds left.\n|inactive|latios220044 has 20 seconds left.\n|inactive|latios220044 has 15 seconds left.\n|inactive|latios220044 has 10 seconds left.\n|inactive|latios220044 has 5 seconds left.\n|\n|t:|1776229678\n|switch|p2b: Rotom|Rotom-Heat, L50|100/100\n|move|p2a: Aerodactyl|Protect|p2a: Aerodactyl\n|-singleturn|p2a: Aerodactyl|Protect\n|move|p1b: Sneasler|Fake Out|p2b: Rotom\n|-damage|p2b: Rotom|85/100\n|move|p1a: Corviknight|Shadow Ball|p2b: Rotom\n|-damage|p2b: Rotom|41/100\n|-enditem|p2b: Rotom|Sitrus Berry|[eat]\n|-heal|p2b: Rotom|66/100|[from] item: Sitrus Berry\n|\n|upkeep\n|turn|2\n|inactive|fytugihojp has 30 seconds left.\n|inactive|latios220044 has 30 seconds left.\n|inactive|fytugihojp has 20 seconds left.\n|\n|t:|1776229717\n|move|p1b: Sneasler|Protect|p1b: Sneasler\n|-singleturn|p1b: Sneasler|Protect\n|move|p2a: Aerodactyl|Dual Wingbeat|p1b: Sneasler\n|-activate|p1b: Sneasler|move: Protect\n|move|p1a: Corviknight|Icy Wind|p2a: Aerodactyl|[spread] p2a,p2b\n|-supereffective|p2a: Aerodactyl|1\n|-resisted|p2b: Rotom|1\n|-damage|p2a: Aerodactyl|64/100\n|-damage|p2b: Rotom|59/100\n|-unboost|p2a: Aerodactyl|spe|1\n|-unboost|p2b: Rotom|spe|1\n|move|p2b: Rotom|Thunderbolt|p1a: Corviknight\n|-damage|p1a: Corviknight|15/100\n|-status|p1a: Corviknight|par\n|replace|p1a: Zoroark|Zoroark-Hisui, L50, F\n|-end|p1a: Zoroark|Illusion\n|\n|upkeep\n|turn|3\n|inactive|latios220044 has 30 seconds left.\n|inactive|latios220044 has 20 seconds left.\n|inactive|latios220044 has 15 seconds left.\n|inactive|latios220044 has 10 seconds left.\n|inactive|latios220044 has 5 seconds left.\n|\n|t:|1776229772\n|switch|p2a: Sneasler|Sneasler, L50, F|100/100\n|move|p1b: Sneasler|Close Combat|p2a: Sneasler\n|-resisted|p2a: Sneasler|1\n|-damage|p2a: Sneasler|46/100\n|-unboost|p1b: Sneasler|def|1\n|-unboost|p1b: Sneasler|spd|1\n|-enditem|p1b: Sneasler|White Herb\n|-clearnegativeboost|p1b: Sneasler|[silent]\n|cant|p1a: Zoroark|par\n|move|p2b: Rotom|Will-O-Wisp|p1b: Sneasler\n|-status|p1b: Sneasler|brn\n|\n|-damage|p1b: Sneasler|95/100 brn|[from] brn\n|upkeep\n|turn|4\n|inactive|latios220044 has 30 seconds left.\n|inactive|fytugihojp has 30 seconds left.\n|c|\u2606latios220044|okay\n|inactive|latios220044 has 20 seconds left.\n|\n|t:|1776229809\n|move|p1b: Sneasler|Dire Claw|p2a: Sneasler\n|-resisted|p2a: Sneasler|1\n|-damage|p2a: Sneasler|29/100\n|move|p2a: Sneasler|Dire Claw|p1a: Zoroark\n|-resisted|p1a: Zoroark|1\n|-damage|p1a: Zoroark|0 fnt\n|faint|p1a: Zoroark\n|move|p2b: Rotom|Overheat|p1b: Sneasler\n|-damage|p1b: Sneasler|10/100 brn\n|-unboost|p2b: Rotom|spa|2\n|\n|-damage|p1b: Sneasler|4/100 brn|[from] brn\n|upkeep\n|\n|t:|1776229819\n|switch|p1a: Corviknight|Corviknight, L50, F|100/100\n|turn|5\n|\n|t:|1776229830\n|switch|p2b: Aerodactyl|Aerodactyl, L50, M|64/100\n|-ability|p2b: Aerodactyl|Unnerve\n|move|p2a: Sneasler|Protect|p2a: Sneasler\n|-singleturn|p2a: Sneasler|Protect\n|move|p1b: Sneasler|Close Combat|p2a: Sneasler\n|-activate|p2a: Sneasler|move: Protect\n|move|p1a: Corviknight|Bulk Up|p1a: Corviknight\n|-boost|p1a: Corviknight|atk|1\n|-boost|p1a: Corviknight|def|1\n|\n|-damage|p1b: Sneasler|0 fnt|[from] brn\n|faint|p1b: Sneasler\n|upkeep\n|\n|t:|1776229833\n|switch|p1b: Kingambit|Kingambit, L50, M|100/100\n|turn|6\n|\n|t:|1776229850\n|move|p2a: Sneasler|Close Combat|p1b: Kingambit\n|-supereffective|p1b: Kingambit|2\n|-damage|p1b: Kingambit|0 fnt\n|-unboost|p2a: Sneasler|def|1\n|-unboost|p2a: Sneasler|spd|1\n|faint|p1b: Kingambit\n|-enditem|p2a: Sneasler|White Herb\n|-clearnegativeboost|p2a: Sneasler|[silent]\n|move|p2b: Aerodactyl|Rock Slide|p1a: Corviknight|[miss]\n|-miss|p2b: Aerodactyl|p1a: Corviknight\n|move|p1a: Corviknight|Bulk Up|p1a: Corviknight\n|-boost|p1a: Corviknight|atk|1\n|-boost|p1a: Corviknight|def|1\n|\n|upkeep\n|turn|7\n|\n|t:|1776229861\n|move|p2a: Sneasler|Close Combat|p1a: Corviknight\n|-damage|p1a: Corviknight|74/100\n|-unboost|p2a: Sneasler|def|1\n|-unboost|p2a: Sneasler|spd|1\n|move|p2b: Aerodactyl|Rock Slide|p1a: Corviknight\n|-damage|p1a: Corviknight|59/100\n|move|p1a: Corviknight|Bulk Up|p1a: Corviknight\n|-boost|p1a: Corviknight|atk|1\n|-boost|p1a: Corviknight|def|1\n|\n|-heal|p1a: Corviknight|64/100|[from] item: Leftovers\n|upkeep\n|turn|8\n|\n|t:|1776229869\n|move|p2a: Sneasler|Close Combat|p1a: Corviknight\n|-damage|p1a: Corviknight|45/100\n|-unboost|p2a: Sneasler|def|1\n|-unboost|p2a: Sneasler|spd|1\n|move|p2b: Aerodactyl|Rock Slide|p1a: Corviknight\n|-damage|p1a: Corviknight|33/100\n|move|p1a: Corviknight|Roost|p1a: Corviknight\n|-heal|p1a: Corviknight|83/100\n|-singleturn|p1a: Corviknight|move: Roost\n|\n|-heal|p1a: Corviknight|89/100|[from] item: Leftovers\n|upkeep\n|turn|9\n|\n|t:|1776229878\n|move|p2a: Sneasler|Close Combat|p1a: Corviknight\n|-damage|p1a: Corviknight|69/100\n|-unboost|p2a: Sneasler|def|1\n|-unboost|p2a: Sneasler|spd|1\n|move|p2b: Aerodactyl|Rock Slide|p1a: Corviknight|[miss]\n|-miss|p2b: Aerodactyl|p1a: Corviknight\n|move|p1a: Corviknight|Body Press|p2b: Aerodactyl\n|-damage|p2b: Aerodactyl|0 fnt\n|faint|p2b: Aerodactyl\n|\n|-heal|p1a: Corviknight|75/100|[from] item: Leftovers\n|upkeep\n|\n|t:|1776229887\n|switch|p2b: Rotom|Rotom-Heat, L50|59/100\n|turn|10\n|\n|t:|1776229906\n|move|p2b: Rotom|Protect|p2b: Rotom\n|-singleturn|p2b: Rotom|Protect\n|move|p2a: Sneasler|Close Combat|p1a: Corviknight\n|-damage|p1a: Corviknight|53/100\n|-unboost|p2a: Sneasler|def|1\n|-unboost|p2a: Sneasler|spd|1\n|move|p1a: Corviknight|Body Press|p2b: Rotom\n|-activate|p2b: Rotom|move: Protect\n|\n|-heal|p1a: Corviknight|59/100|[from] item: Leftovers\n|upkeep\n|turn|11\n|c|\u2606latios220044|like\n|\n|t:|1776229915\n|move|p2a: Sneasler|Close Combat|p1a: Corviknight\n|-damage|p1a: Corviknight|38/100\n|-unboost|p2a: Sneasler|def|1\n|-unboost|p2a: Sneasler|spd|1\n|move|p2b: Rotom|Overheat|p1a: Corviknight\n|-supereffective|p1a: Corviknight|1\n|-damage|p1a: Corviknight|0 fnt\n|-unboost|p2b: Rotom|spa|2\n|faint|p1a: Corviknight\n|\n|win|fytugihojp\n|raw|latios220044's rating: 1232 &rarr; <strong>1214</strong><br />(-18 for losing)\n|raw|fytugihojp's rating: 1333 &rarr; <strong>1347</strong><br />(+14 for winning)\n|l|\u2606fytugihojp\n|player|p2|\n|c|\u2606latios220044|if I dont get para'd and full para'd I win\n|c|\u2606latios220044|right?\n|c|\u2606latios220044|right?\n|c|\u2606latios220044|right?\n",
  "uploadtime": 1776229962,
  "views": 37,
  "formatid": "gen9championsvgc2026regma",
  "rating": 1214,
  "private": 0,
  "password": null
}