{
  "id": "gen9championsvgc2026regma-2585518325",
  "format": "[Gen 9 Champions] VGC 2026 Reg M-A",
  "players": [
    "Wartac",
    "Johnnyrage234"
  ],
  "log": "|j|\u2606Wartac\n|j|\u2606Johnnyrage234\n|t:|1776352897\n|gametype|doubles\n|player|p1|Wartac|gambler|1049\n|player|p2|Johnnyrage234|169|1000\n|gen|9\n|tier|[Gen 9 Champions] VGC 2026 Reg M-A\n|rated|\n|rule|Species Clause: Limit one of each Pok\u00e9mon\n|rule|Item Clause: Limit 1 of each item\n|clearpoke\n|poke|p1|Venusaur, L50, M|\n|poke|p1|Basculegion, L50, M|\n|poke|p1|Incineroar, L50, M|\n|poke|p1|Sneasler, L50, F|\n|poke|p1|Dragonite, L50, F|\n|poke|p1|Kingambit, L50, F|\n|poke|p2|Altaria, L50, F|\n|poke|p2|Sinistcha, L50|\n|poke|p2|Typhlosion-Hisui, L50, M|\n|poke|p2|Whimsicott, L50, F|\n|poke|p2|Dragapult, L50, F|\n|poke|p2|Empoleon, L50, F|\n|teampreview|4\n|\n|t:|1776352930\n|teamsize|p1|4\n|teamsize|p2|4\n|start\n|switch|p1a: Incineroar|Incineroar, L50, M, shiny|100/100\n|switch|p1b: Venusaur|Venusaur, L50, M|100/100\n|switch|p2a: Uro|Altaria, L50, F, shiny|100/100\n|switch|p2b: Hanami|Whimsicott, L50, F, shiny|100/100\n|-ability|p2a: Uro|Cloud Nine\n|-ability|p1a: Incineroar|Intimidate|boost\n|-unboost|p2a: Uro|atk|1\n|-unboost|p2b: Hanami|atk|1\n|turn|1\n|\n|t:|1776352947\n|detailschange|p1b: Venusaur|Venusaur-Mega, L50, M\n|-mega|p1b: Venusaur|Venusaur|Venusaurite\n|move|p1a: Incineroar|Fake Out|p2a: Uro\n|-damage|p2a: Uro|90/100\n|move|p2b: Hanami|Tailwind|p2b: Hanami\n|-sidestart|p2: Johnnyrage234|move: Tailwind\n|cant|p2a: Uro|flinch\n|move|p1b: Venusaur|Leech Seed|p2a: Uro\n|-start|p2a: Uro|move: Leech Seed\n|\n|-damage|p2a: Uro|77/100|[from] Leech Seed|[of] p1b: Venusaur\n|upkeep\n|turn|2\n|\n|t:|1776352964\n|move|p2b: Hanami|Moonblast|p1a: Incineroar\n|-damage|p1a: Incineroar|75/100\n|move|p2a: Uro|Flamethrower|p1b: Venusaur\n|-supereffective|p1b: Venusaur|1\n|-damage|p1b: Venusaur|86/100\n|move|p1b: Venusaur|Sludge Bomb|p2b: Hanami\n|-supereffective|p2b: Hanami|2\n|-enditem|p2b: Hanami|Focus Sash\n|-damage|p2b: Hanami|1/100\n|-status|p2b: Hanami|psn\n|move|p1a: Incineroar|Parting Shot|p2a: Uro\n|-unboost|p2a: Uro|atk|1\n|-unboost|p2a: Uro|spa|1\n|\n|t:|1776352979\n|switch|p1a: Sneasler|Sneasler, L50, F|100/100|[from] Parting Shot\n|\n|-damage|p2a: Uro|65/100|[from] Leech Seed|[of] p1b: Venusaur\n|-heal|p1b: Venusaur|98/100|[silent]\n|-damage|p2b: Hanami|0 fnt|[from] psn\n|faint|p2b: Hanami\n|upkeep\n|\n|t:|1776352985\n|switch|p2b: Jogo|Typhlosion-Hisui, L50, M|100/100\n|-item|p1a: Sneasler|Focus Sash|[from] ability: Frisk|[of] p2b: Jogo\n|-item|p1b: Venusaur|Venusaurite|[from] ability: Frisk|[of] p2b: Jogo\n|turn|3\n|\n|t:|1776353003\n|move|p1a: Sneasler|Protect|p1a: Sneasler\n|-singleturn|p1a: Sneasler|Protect\n|move|p2b: Jogo|Eruption|p1a: Sneasler|[spread] p1b\n|-activate|p1a: Sneasler|move: Protect\n|-supereffective|p1b: Venusaur|1\n|-damage|p1b: Venusaur|52/100\n|move|p2a: Uro|Hyper Voice|p1a: Sneasler|[spread] p1b\n|-activate|p1a: Sneasler|move: Protect\n|-crit|p1b: Venusaur\n|-damage|p1b: Venusaur|36/100\n|move|p1b: Venusaur|Leech Seed|p2b: Jogo\n|-start|p2b: Jogo|move: Leech Seed\n|\n|-damage|p2b: Jogo|88/100|[from] Leech Seed|[of] p1b: Venusaur\n|-heal|p1b: Venusaur|46/100|[silent]\n|-damage|p2a: Uro|53/100|[from] Leech Seed|[of] p1b: Venusaur\n|-heal|p1b: Venusaur|58/100|[silent]\n|upkeep\n|turn|4\n|\n|t:|1776353032\n|switch|p2a: Black Coffee|Sinistcha, L50, shiny|100/100\n|-heal|p2b: Jogo|100/100|[from] ability: Hospitality|[of] p2a: Black Coffee\n|move|p1b: Venusaur|Protect|p1b: Venusaur\n|-singleturn|p1b: Venusaur|Protect\n|move|p2b: Jogo|Eruption|p1b: Venusaur|[spread] p1a\n|-activate|p1b: Venusaur|move: Protect\n|-damage|p1a: Sneasler|3/100\n|move|p1a: Sneasler|Rock Tomb|p2b: Jogo\n|-supereffective|p2b: Jogo|1\n|-damage|p2b: Jogo|36/100\n|-unboost|p2b: Jogo|spe|1\n|\n|-damage|p2b: Jogo|23/100|[from] Leech Seed|[of] p1b: Venusaur\n|-heal|p1b: Venusaur|68/100|[silent]\n|-sideend|p2: Johnnyrage234|move: Tailwind\n|upkeep\n|turn|5\n|\n|t:|1776353074\n|move|p2a: Black Coffee|Rage Powder|p2a: Black Coffee\n|-singleturn|p2a: Black Coffee|move: Rage Powder\n|move|p1a: Sneasler|Rock Tomb|p2a: Black Coffee\n|-damage|p2a: Black Coffee|86/100\n|-unboost|p2a: Black Coffee|spe|1\n|move|p2b: Jogo|Eruption|p1a: Sneasler|[spread] p1a,p1b\n|-supereffective|p1b: Venusaur|1\n|-damage|p1a: Sneasler|0 fnt\n|-damage|p1b: Venusaur|57/100\n|faint|p1a: Sneasler\n|move|p1b: Venusaur|Sludge Bomb|p2a: Black Coffee\n|-damage|p2a: Black Coffee|39/100\n|-enditem|p2a: Black Coffee|Sitrus Berry|[eat]\n|-heal|p2a: Black Coffee|63/100|[from] item: Sitrus Berry\n|\n|-damage|p2b: Jogo|11/100|[from] Leech Seed|[of] p1b: Venusaur\n|-heal|p1b: Venusaur|67/100|[silent]\n|upkeep\n|\n|t:|1776353093\n|switch|p1a: Incineroar|Incineroar, L50, M, shiny|75/100\n|-ability|p1a: Incineroar|Intimidate|boost\n|-unboost|p2a: Black Coffee|atk|1\n|-unboost|p2b: Jogo|atk|1\n|turn|6\n|\n|t:|1776353117\n|switch|p2b: Uro|Altaria, L50, F, shiny|53/100\n|-ability|p2b: Uro|Cloud Nine\n|move|p1b: Venusaur|Sludge Bomb|p2a: Black Coffee\n|-damage|p2a: Black Coffee|16/100\n|move|p1a: Incineroar|Darkest Lariat|p2a: Black Coffee\n|-supereffective|p2a: Black Coffee|1\n|-damage|p2a: Black Coffee|0 fnt\n|faint|p2a: Black Coffee\n|\n|upkeep\n|\n|t:|1776353126\n|switch|p2a: Jogo|Typhlosion-Hisui, L50, M|11/100\n|-item|p1a: Incineroar|Sitrus Berry|[from] ability: Frisk|[of] p2a: Jogo\n|-item|p1b: Venusaur|Venusaurite|[from] ability: Frisk|[of] p2a: Jogo\n|turn|7\n|\n|t:|1776353138\n|detailschange|p2b: Uro|Altaria-Mega, L50, F, shiny\n|-mega|p2b: Uro|Altaria|Altarianite\n|move|p1b: Venusaur|Protect|p1b: Venusaur\n|-singleturn|p1b: Venusaur|Protect\n|move|p2a: Jogo|Heat Wave|p1b: Venusaur|[spread] p1a\n|-activate|p1b: Venusaur|move: Protect\n|-resisted|p1a: Incineroar|1\n|-damage|p1a: Incineroar|61/100\n|move|p2b: Uro|Roost|p2b: Uro\n|-heal|p2b: Uro|100/100\n|-singleturn|p2b: Uro|move: Roost\n|move|p1a: Incineroar|Darkest Lariat|p2a: Jogo\n|-supereffective|p2a: Jogo|1\n|-damage|p2a: Jogo|0 fnt\n|faint|p2a: Jogo\n|\n|upkeep\n|turn|8\n|\n|t:|1776353168\n|move|p1b: Venusaur|Leech Seed|p2b: Uro\n|-start|p2b: Uro|move: Leech Seed\n|move|p2b: Uro|Hyper Voice|p1b: Venusaur|[spread] p1a,p1b\n|-resisted|p1b: Venusaur|1\n|-damage|p1a: Incineroar|36/100\n|-damage|p1b: Venusaur|54/100\n|-enditem|p1a: Incineroar|Sitrus Berry|[eat]\n|-heal|p1a: Incineroar|60/100|[from] item: Sitrus Berry\n|move|p1a: Incineroar|Parting Shot|p2b: Uro\n|-unboost|p2b: Uro|atk|1\n|-unboost|p2b: Uro|spa|1\n|\n|t:|1776353178\n|switch|p1a: Basculegion|Basculegion, L50, M|100/100|[from] Parting Shot\n|\n|-damage|p2b: Uro|88/100|[from] Leech Seed|[of] p1b: Venusaur\n|-heal|p1b: Venusaur|66/100|[silent]\n|upkeep\n|turn|9\n|-message|Johnnyrage234 forfeited.\n|\n|win|Wartac\n|raw|Wartac's rating: 1049 &rarr; <strong>1077</strong><br />(+28 for winning)\n|raw|Johnnyrage234's rating: 1000 &rarr; <strong>1000</strong><br />(+0 for losing)\n|l|\u2606Johnnyrage234\n|player|p2|\n",
  "uploadtime": 1776353195,
  "views": 33,
  "formatid": "gen9championsvgc2026regma",
  "rating": 1000,
  "private": 0,
  "password": null
}