{
  "id": "gen9championsvgc2026regma-2580971182",
  "format": "[Gen 9 Champions] VGC 2026 Reg M-A",
  "players": [
    "Sceptilicious",
    "sweewinston"
  ],
  "log": "|j|\u2606Sceptilicious\n|j|\u2606sweewinston\n|t:|1775947835\n|gametype|doubles\n|player|p1|Sceptilicious|266|1059\n|player|p2|sweewinston|102|1069\n|gen|9\n|tier|[Gen 9 Champions] VGC 2026 Reg M-A\n|rated|\n|rule|Species Clause: Limit one of each Pok\u00e9mon\n|rule|Item Clause: Limit 1 of each item\n|clearpoke\n|poke|p1|Sinistcha, L50|\n|poke|p1|Dragonite, L50, M|\n|poke|p1|Politoed, L50, M|\n|poke|p1|Incineroar, L50, F|\n|poke|p1|Rotom-Wash, L50|\n|poke|p1|Sneasler, L50, F|\n|poke|p2|Glimmora, L50, M|\n|poke|p2|Noivern, L50, M|\n|poke|p2|Kingambit, L50, F|\n|poke|p2|Tauros-Paldea-Aqua, L50, M|\n|poke|p2|Charizard, L50, F|\n|poke|p2|Garchomp, L50, F|\n|teampreview|4\n|inactive|Battle timer is ON: inactive players will automatically lose when time's up. (requested by sweewinston)\nSceptilicious has agreed to open team sheets.\n|inactive|Sceptilicious has 60 seconds left.\n|inactive|sweewinston has 60 seconds left.\n|\n|t:|1775947890\n|teamsize|p1|4\n|teamsize|p2|4\n|start\n|switch|p1a: Incineroar|Incineroar, L50, F|100/100\n|switch|p1b: Rotom|Rotom-Wash, L50|100/100\n|switch|p2a: Charizard|Charizard, L50, F|100/100\n|switch|p2b: Kingambit|Kingambit, L50, F|100/100\n|-ability|p1a: Incineroar|Intimidate|boost\n|-unboost|p2a: Charizard|atk|1\n|-unboost|p2b: Kingambit|atk|1\n|-ability|p2b: Kingambit|Defiant|boost\n|-boost|p2b: Kingambit|atk|2\n|turn|1\n|inactive|sweewinston has 30 seconds left.\n|\n|t:|1775947918\n|move|p2a: Charizard|Protect|p2a: Charizard\n|-singleturn|p2a: Charizard|Protect\n|move|p1a: Incineroar|Fake Out|p2a: Charizard\n|-activate|p2a: Charizard|move: Protect\n|move|p1b: Rotom|Will-O-Wisp|p2b: Kingambit|[miss]\n|-miss|p1b: Rotom|p2b: Kingambit\n|move|p2b: Kingambit|Kowtow Cleave|p1b: Rotom\n|-damage|p1b: Rotom|18/100\n|\n|-heal|p1b: Rotom|24/100|[from] item: Leftovers\n|upkeep\n|turn|2\n|inactive|sweewinston has 30 seconds left.\n|inactive|sweewinston has 20 seconds left.\n|inactive|sweewinston has 15 seconds left.\n|\n|t:|1775947963\n|move|p1b: Rotom|Protect|p1b: Rotom\n|-singleturn|p1b: Rotom|Protect\n|move|p2b: Kingambit|Sucker Punch||[still]\n|-fail|p2b: Kingambit\n|move|p2a: Charizard|Heat Wave|p1b: Rotom|[spread] p1a\n|-activate|p1b: Rotom|move: Protect\n|-resisted|p1a: Incineroar|1\n|-damage|p1a: Incineroar|85/100\n|move|p1a: Incineroar|Close Combat|p2b: Kingambit\n|-supereffective|p2b: Kingambit|2\n|-damage|p2b: Kingambit|0 fnt\n|-unboost|p1a: Incineroar|def|1\n|-unboost|p1a: Incineroar|spd|1\n|faint|p2b: Kingambit\n|\n|-heal|p1b: Rotom|30/100|[from] item: Leftovers\n|upkeep\n|\n|t:|1775947977\n|switch|p2b: Noivern|Noivern, L50, M|100/100\n|turn|3\n|\n|t:|1775947993\n|move|p2a: Charizard|Protect|p2a: Charizard\n|-singleturn|p2a: Charizard|Protect\n|move|p2b: Noivern|Taunt|p1a: Incineroar\n|-start|p1a: Incineroar|move: Taunt\n|move|p1b: Rotom|Volt Switch|p2b: Noivern\n|-damage|p2b: Noivern|75/100\n|\n|t:|1775948003\n|switch|p1b: Politoed|Politoed, L50, M|100/100|[from] Volt Switch\n|-weather|RainDance|[from] ability: Drizzle|[of] p1b: Politoed\n|cant|p1a: Incineroar|move: Taunt|Parting Shot\n|\n|-weather|RainDance|[upkeep]\n|upkeep\n|turn|4\n|inactive|Sceptilicious has 30 seconds left.\n|\n|t:|1775948038\n|switch|p1a: Rotom|Rotom-Wash, L50|30/100\n|detailschange|p2a: Charizard|Charizard-Mega-Y, L50, F\n|-mega|p2a: Charizard|Charizard|Charizardite Y\n|-weather|SunnyDay|[from] ability: Drought|[of] p2a: Charizard\n|move|p1b: Politoed|Protect|p1b: Politoed\n|-singleturn|p1b: Politoed|Protect\n|move|p2a: Charizard|Heat Wave|p1b: Politoed|[spread] p1a\n|-activate|p1b: Politoed|move: Protect\n|-resisted|p1a: Rotom|1\n|-damage|p1a: Rotom|1/100\n|move|p2b: Noivern|Air Slash|p1a: Rotom\n|-resisted|p1a: Rotom|1\n|-damage|p1a: Rotom|0 fnt\n|faint|p1a: Rotom\n|\n|-weather|SunnyDay|[upkeep]\n|upkeep\n|\n|t:|1775948058\n|switch|p1a: Incineroar|Incineroar, L50, F|85/100\n|-ability|p1a: Incineroar|Intimidate|boost\n|-unboost|p2a: Charizard|atk|1\n|-unboost|p2b: Noivern|atk|1\n|turn|5\n|inactive|sweewinston has 30 seconds left.\n|\n|t:|1775948092\n|move|p2a: Charizard|Protect|p2a: Charizard\n|-singleturn|p2a: Charizard|Protect\n|move|p1a: Incineroar|Fake Out|p2a: Charizard\n|-activate|p2a: Charizard|move: Protect\n|move|p2b: Noivern|Tailwind|p2b: Noivern\n|-sidestart|p2: sweewinston|move: Tailwind\n|move|p1b: Politoed|Icy Wind|p2a: Charizard|[spread] p2b\n|-activate|p2a: Charizard|move: Protect\n|-supereffective|p2b: Noivern|2\n|-damage|p2b: Noivern|44/100\n|-unboost|p2b: Noivern|spe|1\n|\n|-weather|SunnyDay|[upkeep]\n|upkeep\n|turn|6\n|inactive|Sceptilicious has 30 seconds left.\n|inactive|sweewinston has 30 seconds left.\n|inactive|sweewinston has 20 seconds left.\n|inactive|Sceptilicious has 20 seconds left.\n|inactive|sweewinston has 15 seconds left.\n|inactive|sweewinston has 10 seconds left.\n|\n|t:|1775948139\n|move|p2a: Charizard|Solar Beam||[still]\n|-prepare|p2a: Charizard|Solar Beam\n|-anim|p2a: Charizard|Solar Beam|p1b: Politoed\n|-supereffective|p1b: Politoed|1\n|-damage|p1b: Politoed|20/100\n|move|p2b: Noivern|Air Slash|p1a: Incineroar\n|-crit|p1a: Incineroar\n|-damage|p1a: Incineroar|48/100\n|move|p1b: Politoed|Encore|p2b: Noivern\n|-start|p2b: Noivern|Encore\n|move|p1a: Incineroar|Parting Shot|p2a: Charizard\n|-unboost|p2a: Charizard|atk|1\n|-unboost|p2a: Charizard|spa|1\n|\n|t:|1775948149\n|switch|p1a: Dragonite|Dragonite, L50, M, shiny|100/100|[from] Parting Shot\n|\n|-weather|SunnyDay|[upkeep]\n|upkeep\n|turn|7\n|inactive|sweewinston has 30 seconds left.\n|\n|t:|1775948176\n|switch|p2a: Tauros|Tauros-Paldea-Aqua, L50, M|100/100\n|-ability|p2a: Tauros|Intimidate|boost\n|-fail|p1a: Dragonite|unboost|Attack|[from] ability: Inner Focus|[of] p1a: Dragonite\n|-unboost|p1b: Politoed|atk|1\n|switch|p1b: Incineroar|Incineroar, L50, F|48/100\n|-ability|p1b: Incineroar|Intimidate|boost\n|-unboost|p2a: Tauros|atk|1\n|-unboost|p2b: Noivern|atk|1\n|detailschange|p1a: Dragonite|Dragonite-Mega, L50, M, shiny\n|-mega|p1a: Dragonite|Dragonite|Dragoninite\n|move|p1a: Dragonite|Extreme Speed|p2b: Noivern\n|-damage|p2b: Noivern|23/100\n|move|p2b: Noivern|Air Slash|p1a: Dragonite\n|-damage|p1a: Dragonite|91/100\n|\n|-weather|SunnyDay|[upkeep]\n|upkeep\n|turn|8\n|inactive|Sceptilicious has 30 seconds left.\n|inactive|sweewinston has 30 seconds left.\n|inactive|Sceptilicious has 20 seconds left.\n|inactive|Sceptilicious has 15 seconds left.\n|inactive|Sceptilicious has 10 seconds left.\n|\n|t:|1775948223\n|move|p2a: Tauros|Protect|p2a: Tauros\n|-singleturn|p2a: Tauros|Protect\n|move|p1b: Incineroar|Fake Out|p2b: Noivern\n|-damage|p2b: Noivern|7/100\n|move|p1a: Dragonite|Extreme Speed|p2b: Noivern\n|-damage|p2b: Noivern|0 fnt\n|faint|p2b: Noivern\n|\n|-weather|none\n|-sideend|p2: sweewinston|move: Tailwind\n|upkeep\n|\n|t:|1775948228\n|switch|p2b: Charizard|Charizard-Mega-Y, L50, F|100/100\n|-weather|SunnyDay|[from] ability: Drought|[of] p2b: Charizard\n|turn|9\n|\n|t:|1775948252\n|switch|p1a: Politoed|Politoed, L50, M|20/100\n|-weather|RainDance|[from] ability: Drizzle|[of] p1a: Politoed\n|move|p2a: Tauros|Close Combat|p1b: Incineroar\n|-supereffective|p1b: Incineroar|1\n|-damage|p1b: Incineroar|0 fnt\n|-unboost|p2a: Tauros|def|1\n|-unboost|p2a: Tauros|spd|1\n|faint|p1b: Incineroar\n|move|p2b: Charizard|Heat Wave|p1a: Politoed\n|-resisted|p1a: Politoed|1\n|-damage|p1a: Politoed|10/100\n|\n|-weather|RainDance|[upkeep]\n|upkeep\n|\n|t:|1775948265\n|switch|p1b: Dragonite|Dragonite-Mega, L50, M, shiny|91/100\n|turn|10\n|\n|t:|1775948284\n|move|p2a: Tauros|Close Combat|p1b: Dragonite\n|-resisted|p1b: Dragonite|1\n|-damage|p1b: Dragonite|74/100\n|-unboost|p2a: Tauros|def|1\n|-unboost|p2a: Tauros|spd|1\n|move|p1b: Dragonite|Thunder|p2a: Tauros\n|-supereffective|p2a: Tauros|1\n|-enditem|p2a: Tauros|Focus Sash\n|-damage|p2a: Tauros|1/100\n|move|p2b: Charizard|Heat Wave|p1b: Dragonite|[spread] p1a\n|-miss|p2b: Charizard|p1b: Dragonite\n|-resisted|p1a: Politoed|1\n|-damage|p1a: Politoed|1/100\n|move|p1a: Politoed|Weather Ball|p2b: Charizard\n|-supereffective|p2b: Charizard|1\n|-damage|p2b: Charizard|11/100\n|\n|-weather|RainDance|[upkeep]\n|upkeep\n|turn|11\n|-message|sweewinston forfeited.\n|\n|win|Sceptilicious\n|raw|Sceptilicious's rating: 1059 &rarr; <strong>1091</strong><br />(+32 for winning)\n|raw|sweewinston's rating: 1069 &rarr; <strong>1048</strong><br />(-21 for losing)\n|l|\u2606sweewinston\n|player|p2|\n",
  "uploadtime": 1775948309,
  "views": 16,
  "formatid": "gen9championsvgc2026regma",
  "rating": 1048,
  "private": 0,
  "password": null
}