{
  "id": "gen9championsvgc2026regma-2587126110",
  "format": "[Gen 9 Champions] VGC 2026 Reg M-A",
  "players": [
    "cubeaoz",
    "Shinn4249"
  ],
  "log": "|j|\u2606cubeaoz\n|j|\u2606Shinn4249\n|t:|1776497132\n|gametype|doubles\n|player|p1|cubeaoz|clair|1091\n|player|p2|Shinn4249|102|1106\n|gen|9\n|tier|[Gen 9 Champions] VGC 2026 Reg M-A\n|rated|\n|rule|Species Clause: Limit one of each Pok\u00e9mon\n|rule|Item Clause: Limit 1 of each item\n|clearpoke\n|poke|p1|Floette-Eternal, L50, F|\n|poke|p1|Dragonite, L50, M|\n|poke|p1|Pelipper, L50, F|\n|poke|p1|Aegislash, L50, M|\n|poke|p1|Raichu, L50, M|\n|poke|p1|Sableye, L50, F|\n|poke|p2|Aggron, L50, M|\n|poke|p2|Dragonite, L50, F|\n|poke|p2|Sinistcha, L50|\n|poke|p2|Incineroar, L50, M|\n|poke|p2|Pelipper, L50, F|\n|poke|p2|Basculegion, L50, M|\n|teampreview|4\ncubeaoz has agreed to open team sheets.\nShinn4249 rejected open team sheets.\n|\n|t:|1776497215\n|teamsize|p1|4\n|teamsize|p2|4\n|start\n|switch|p1a: Raichu|Raichu, L50, M|100/100\n|switch|p1b: Sableye|Sableye, L50, F|100/100\n|switch|p2a: Aggron|Aggron, L50, M|100/100\n|switch|p2b: Basculegion|Basculegion, L50, M|100/100\n|turn|1\n|\n|t:|1776497250\n|move|p1b: Sableye|Reflect|p1b: Sableye\n|-sidestart|p1: cubeaoz|Reflect\n|move|p2b: Basculegion|Flip Turn|p1b: Sableye\n|-damage|p1b: Sableye|75/100\n|\n|t:|1776497255\n|switch|p2b: Incineroar|Incineroar, L50, M|100/100|[from] Flip Turn\n|-ability|p2b: Incineroar|Intimidate|boost\n|-unboost|p1a: Raichu|atk|1\n|-unboost|p1b: Sableye|atk|1\n|move|p1a: Raichu|Thunderbolt|p2b: Incineroar\n|-crit|p2b: Incineroar\n|-damage|p2b: Incineroar|66/100\n|move|p2a: Aggron|Iron Defense|p2a: Aggron\n|-boost|p2a: Aggron|def|2\n|\n|upkeep\n|turn|2\n|\n|t:|1776497285\n|move|p1b: Sableye|Taunt|p2a: Aggron\n|-start|p2a: Aggron|move: Taunt\n|move|p1a: Raichu|Nuzzle|p2a: Aggron\n|-damage|p2a: Aggron|99/100\n|-status|p2a: Aggron|par\n|move|p2b: Incineroar|Flare Blitz|p1b: Sableye\n|-damage|p1b: Sableye|32/100\n|-damage|p2b: Incineroar|55/100|[from] Recoil\n|move|p2a: Aggron|Body Press|p1a: Raichu\n|-damage|p1a: Raichu|41/100\n|\n|upkeep\n|turn|3\n|\n|t:|1776497308\n|switch|p1a: Aegislash|Aegislash, L50, M|100/100\n|move|p1b: Sableye|Encore|p2a: Aggron\n|-start|p2a: Aggron|Encore\n|move|p2b: Incineroar|Flare Blitz|p1a: Aegislash\n|-supereffective|p1a: Aegislash|1\n|-damage|p1a: Aegislash|50/100\n|-damage|p2b: Incineroar|42/100|[from] Recoil\n|-enditem|p2b: Incineroar|Sitrus Berry|[eat]\n|-heal|p2b: Incineroar|66/100|[from] item: Sitrus Berry\n|move|p2a: Aggron|Body Press|p1b: Sableye\n|-immune|p1b: Sableye\n|\n|-heal|p1a: Aegislash|56/100|[from] item: Leftovers\n|upkeep\n|turn|4\n|\n|t:|1776497332\n|switch|p1b: Dragonite|Dragonite, L50, M|100/100\n|switch|p2a: Sinistcha|Sinistcha, L50|100/100\n|-heal|p2b: Incineroar|91/100|[from] ability: Hospitality|[of] p2a: Sinistcha\n|move|p1a: Aegislash|King's Shield|p1a: Aegislash\n|-singleturn|p1a: Aegislash|Protect\n|move|p2b: Incineroar|Flare Blitz|p1a: Aegislash\n|-activate|p1a: Aegislash|move: Protect\n|-unboost|p2b: Incineroar|atk|1\n|\n|-heal|p1a: Aegislash|62/100|[from] item: Leftovers\n|upkeep\n|turn|5\n|\n|t:|1776497367\n|detailschange|p1b: Dragonite|Dragonite-Mega, L50, M\n|-mega|p1b: Dragonite|Dragonite|Dragoninite\n|move|p1b: Dragonite|Draco Meteor|p2b: Incineroar\n|-damage|p2b: Incineroar|32/100\n|-unboost|p1b: Dragonite|spa|2\n|move|p2b: Incineroar|Throat Chop|p1a: Aegislash\n|-supereffective|p1a: Aegislash|1\n|-damage|p1a: Aegislash|42/100\n|-start|p1a: Aegislash|Throat Chop|[silent]\n|-formechange|p1a: Aegislash|Aegislash-Blade|\n|move|p1a: Aegislash|Shadow Ball|p2a: Sinistcha\n|-supereffective|p2a: Sinistcha|1\n|-damage|p2a: Sinistcha|0 fnt\n|faint|p2a: Sinistcha\n|\n|-heal|p1a: Aegislash|48/100|[from] item: Leftovers\n|-sideend|p1: cubeaoz|Reflect\n|upkeep\n|\n|t:|1776497378\n|switch|p2a: Aggron|Aggron, L50, M|99/100 par\n|turn|6\n|\n|t:|1776497395\n|switch|p1b: Raichu|Raichu, L50, M|41/100\n|-formechange|p1a: Aegislash|Aegislash|\n|move|p1a: Aegislash|King's Shield|p1a: Aegislash\n|-singleturn|p1a: Aegislash|Protect\n|move|p2b: Incineroar|Flare Blitz|p1a: Aegislash\n|-activate|p1a: Aegislash|move: Protect\n|-unboost|p2b: Incineroar|atk|1\n|cant|p2a: Aggron|par\n|\n|-heal|p1a: Aegislash|54/100|[from] item: Leftovers\n|-end|p1a: Aegislash|Throat Chop|[silent]\n|upkeep\n|turn|7\n|\n|t:|1776497426\n|switch|p1a: Dragonite|Dragonite-Mega, L50, M|100/100\n|detailschange|p2a: Aggron|Aggron-Mega, L50, M\n|-mega|p2a: Aggron|Aggron|Aggronite\n|move|p1b: Raichu|Fake Out|p2a: Aggron\n|-resisted|p2a: Aggron|1\n|-damage|p2a: Aggron|97/100 par\n|move|p2b: Incineroar|Parting Shot|p1a: Dragonite\n|-unboost|p1a: Dragonite|atk|1\n|-unboost|p1a: Dragonite|spa|1\n|\n|t:|1776497434\n|switch|p2b: Basculegion|Basculegion, L50, M|100/100|[from] Parting Shot\n|cant|p2a: Aggron|flinch\n|\n|upkeep\n|turn|8\n|\n|t:|1776497452\n|move|p2b: Basculegion|Last Respects|p1a: Dragonite\n|-damage|p1a: Dragonite|78/100\n|move|p1b: Raichu|Thunderbolt|p2b: Basculegion\n|-supereffective|p2b: Basculegion|1\n|-damage|p2b: Basculegion|37/100\n|move|p1a: Dragonite|Thunder|p1b: Raichu\n|-activate|p1b: Raichu|ability: Lightning Rod\n|-ability|p1b: Raichu|Lightning Rod|boost\n|-boost|p1b: Raichu|spa|1\n|move|p2a: Aggron|Heavy Slam|p1a: Dragonite\n|-damage|p1a: Dragonite|60/100\n|\n|upkeep\n|turn|9\n|\n|t:|1776497479\n|move|p2b: Basculegion|Last Respects|p1a: Dragonite\n|-damage|p1a: Dragonite|9/100\n|move|p1b: Raichu|Thunderbolt|p2b: Basculegion\n|-supereffective|p2b: Basculegion|1\n|-damage|p2b: Basculegion|0 fnt\n|faint|p2b: Basculegion\n|move|p1a: Dragonite|Draco Meteor|p2a: Aggron\n|-resisted|p2a: Aggron|1\n|-damage|p2a: Aggron|74/100 par\n|-unboost|p1a: Dragonite|spa|2\n|move|p2a: Aggron|Body Press|p1a: Dragonite\n|-resisted|p1a: Dragonite|1\n|-damage|p1a: Dragonite|0 fnt\n|faint|p1a: Dragonite\n|\n|upkeep\n|\n|t:|1776497493\n|switch|p1a: Sableye|Sableye, L50, F|32/100\n|switch|p2b: Incineroar|Incineroar, L50, M|32/100\n|-ability|p2b: Incineroar|Intimidate|boost\n|-unboost|p1a: Sableye|atk|1\n|-unboost|p1b: Raichu|atk|1\n|turn|10\n|\n|t:|1776497515\n|move|p1b: Raichu|Protect|p1b: Raichu\n|-singleturn|p1b: Raichu|Protect\n|move|p1a: Sableye|Reflect|p1a: Sableye\n|-sidestart|p1: cubeaoz|Reflect\n|move|p2b: Incineroar|Throat Chop|p1a: Sableye\n|-damage|p1a: Sableye|6/100\n|-start|p1a: Sableye|Throat Chop|[silent]\n|move|p2a: Aggron|Heavy Slam|p1b: Raichu\n|-activate|p1b: Raichu|move: Protect\n|\n|upkeep\n|turn|11\n|\n|t:|1776497556\n|move|p2a: Aggron|Protect|p2a: Aggron\n|-singleturn|p2a: Aggron|Protect\n|move|p1a: Sableye|Taunt|p2b: Incineroar\n|-hint|Since gen 7, Dark is immune to Prankster moves.\n|-immune|p2b: Incineroar\n|move|p1b: Raichu|Thunderbolt|p2b: Incineroar\n|-damage|p2b: Incineroar|0 fnt\n|faint|p2b: Incineroar\n|\n|-end|p1a: Sableye|Throat Chop|[silent]\n|upkeep\n|turn|12\n|\n|t:|1776497574\n|move|p1a: Sableye|Encore|p2a: Aggron\n|-start|p2a: Aggron|Encore\n|move|p2a: Aggron|Protect||[still]\n|-fail|p2a: Aggron\n|move|p1b: Raichu|Thunderbolt|p2a: Aggron\n|-damage|p2a: Aggron|31/100 par\n|\n|upkeep\n|turn|13\n|\n|t:|1776497604\n|move|p2a: Aggron|Protect|p2a: Aggron\n|-singleturn|p2a: Aggron|Protect\n|move|p1a: Sableye|Taunt|p2a: Aggron\n|-activate|p2a: Aggron|move: Protect\n|move|p1b: Raichu|Thunderbolt|p2a: Aggron\n|-activate|p2a: Aggron|move: Protect\n|\n|upkeep\n|turn|14\n|\n|t:|1776497608\n|move|p2a: Aggron|Protect|p2a: Aggron\n|-singleturn|p2a: Aggron|Protect\n|move|p1a: Sableye|Taunt|p2a: Aggron\n|-activate|p2a: Aggron|move: Protect\n|move|p1b: Raichu|Thunderbolt|p2a: Aggron\n|-activate|p2a: Aggron|move: Protect\n|\n|-end|p2a: Aggron|Encore\n|-sideend|p1: cubeaoz|Reflect\n|upkeep\n|turn|15\n|\n|t:|1776497626\n|move|p1a: Sableye|Taunt|p2a: Aggron\n|-start|p2a: Aggron|move: Taunt\n|move|p1b: Raichu|Thunderbolt|p2a: Aggron\n|-damage|p2a: Aggron|0 fnt\n|faint|p2a: Aggron\n|\n|win|cubeaoz\n|raw|cubeaoz's rating: 1091 &rarr; <strong>1118</strong><br />(+27 for winning)\n|raw|Shinn4249's rating: 1106 &rarr; <strong>1080</strong><br />(-26 for losing)\n|l|\u2606Shinn4249\n|player|p2|\n",
  "uploadtime": 1776497633,
  "views": 17,
  "formatid": "gen9championsvgc2026regma",
  "rating": 1080,
  "private": 0,
  "password": null
}