{
  "id": "gen9championsvgc2026regma-2581910321",
  "format": "[Gen 9 Champions] VGC 2026 Reg M-A",
  "players": [
    "blabloop",
    "Judeus911"
  ],
  "log": "|j|\u2606blabloop\n|j|\u2606Judeus911\n|t:|1776038935\n|gametype|doubles\n|player|p1|blabloop|2|1313\n|player|p2|Judeus911|101|1304\n|gen|9\n|tier|[Gen 9 Champions] VGC 2026 Reg M-A\n|rated|\n|rule|Species Clause: Limit one of each Pok\u00e9mon\n|rule|Item Clause: Limit 1 of each item\n|clearpoke\n|poke|p1|Charizard, L50, F|\n|poke|p1|Venusaur, L50, M|\n|poke|p1|Garchomp, L50, M|\n|poke|p1|Rotom-Wash, L50|\n|poke|p1|Sneasler, L50, M|\n|poke|p1|Incineroar, L50, M|\n|poke|p2|Starmie, L50|\n|poke|p2|Tyranitar, L50, M|\n|poke|p2|Aerodactyl, L50, F|\n|poke|p2|Garchomp, L50, M|\n|poke|p2|Aegislash, L50, M|\n|poke|p2|Rotom-Heat, L50|\n|teampreview|4\n|j| No.1yZap2\n|\n|t:|1776038975\n|teamsize|p1|4\n|teamsize|p2|4\n|start\n|switch|p1a: Sneasler|Sneasler, L50, M|100/100\n|switch|p1b: Garchomp|Garchomp, L50, M|100/100\n|switch|p2a: Aegislash|Aegislash, L50, M|100/100\n|switch|p2b: Aerodactyl|Aerodactyl, L50, F|100/100\n|-ability|p2b: Aerodactyl|Unnerve\n|turn|1\n|\n|t:|1776039000\n|switch|p1a: Rotom|Rotom-Wash, L50|100/100\n|move|p2b: Aerodactyl|Protect|p2b: Aerodactyl\n|-singleturn|p2b: Aerodactyl|Protect\n|move|p2a: Aegislash|King's Shield|p2a: Aegislash\n|-singleturn|p2a: Aegislash|Protect\n|move|p1b: Garchomp|Earthquake|p2b: Aerodactyl|[spread] \n|-activate|p2a: Aegislash|move: Protect\n|-activate|p2b: Aerodactyl|move: Protect\n|-immune|p1a: Rotom|[from] ability: Levitate\n|\n|upkeep\n|turn|2\n|\n|t:|1776039021\n|move|p2a: Aegislash|Wide Guard|p2a: Aegislash\n|-singleturn|p2a: Aegislash|Wide Guard\n|move|p1b: Garchomp|Earthquake|p2a: Aegislash|[spread] \n|-activate|p2a: Aegislash|move: Wide Guard\n|-activate|p2b: Aerodactyl|move: Wide Guard\n|-immune|p1a: Rotom|[from] ability: Levitate\n|move|p2b: Aerodactyl|Tailwind|p2b: Aerodactyl\n|-sidestart|p2: Judeus911|move: Tailwind\n|move|p1a: Rotom|Will-O-Wisp|p2b: Aerodactyl\n|-status|p2b: Aerodactyl|brn\n|\n|-damage|p2b: Aerodactyl|95/100 brn|[from] brn\n|upkeep\n|turn|3\n|\n|t:|1776039043\n|move|p2a: Aegislash|Wide Guard|p2a: Aegislash\n|-singleturn|p2a: Aegislash|Wide Guard\n|move|p2b: Aerodactyl|Rock Slide|p1a: Rotom|[spread] p1a,p1b\n|-resisted|p1b: Garchomp|1\n|-damage|p1a: Rotom|88/100\n|-damage|p1b: Garchomp|95/100\n|move|p1b: Garchomp|Earthquake|p2b: Aerodactyl|[spread] \n|-activate|p2a: Aegislash|move: Wide Guard\n|-activate|p2b: Aerodactyl|move: Wide Guard\n|-immune|p1a: Rotom|[from] ability: Levitate\n|cant|p1a: Rotom|flinch\n|\n|-heal|p1a: Rotom|94/100|[from] item: Leftovers\n|-damage|p2b: Aerodactyl|89/100 brn|[from] brn\n|upkeep\n|turn|4\n|\n|t:|1776039069\n|move|p2b: Aerodactyl|Dual Wingbeat|p1b: Garchomp\n|-damage|p1b: Garchomp|86/100\n|-damage|p2b: Aerodactyl|77/100 brn|[from] ability: Rough Skin|[of] p1b: Garchomp\n|-damage|p1b: Garchomp|77/100\n|-damage|p2b: Aerodactyl|65/100 brn|[from] ability: Rough Skin|[of] p1b: Garchomp\n|-hitcount|p1b: Garchomp|2\n|move|p1b: Garchomp|Earthquake|p2b: Aerodactyl|[spread] p2a\n|-immune|p1a: Rotom|[from] ability: Levitate\n|-immune|p2b: Aerodactyl\n|-supereffective|p2a: Aegislash|1\n|-damage|p2a: Aegislash|29/100\n|-formechange|p2a: Aegislash|Aegislash-Blade|\n|move|p2a: Aegislash|Shadow Ball|p1b: Garchomp\n|-damage|p1b: Garchomp|21/100\n|move|p1a: Rotom|Will-O-Wisp|p2b: Aerodactyl\n|-fail|p2b: Aerodactyl|brn\n|\n|-heal|p2a: Aegislash|35/100|[from] item: Leftovers\n|-heal|p1a: Rotom|99/100|[from] item: Leftovers\n|-damage|p2b: Aerodactyl|59/100 brn|[from] brn\n|upkeep\n|turn|5\n|\n|t:|1776039097\n|move|p2b: Aerodactyl|Protect|p2b: Aerodactyl\n|-singleturn|p2b: Aerodactyl|Protect\n|-formechange|p2a: Aegislash|Aegislash|\n|move|p2a: Aegislash|King's Shield|p2a: Aegislash\n|-singleturn|p2a: Aegislash|Protect\n|move|p1b: Garchomp|Earthquake|p2a: Aegislash|[spread] \n|-activate|p2a: Aegislash|move: Protect\n|-activate|p2b: Aerodactyl|move: Protect\n|-immune|p1a: Rotom|[from] ability: Levitate\n|move|p1a: Rotom|Thunderbolt|p2b: Aerodactyl\n|-activate|p2b: Aerodactyl|move: Protect\n|\n|-heal|p2a: Aegislash|41/100|[from] item: Leftovers\n|-heal|p1a: Rotom|100/100|[from] item: Leftovers\n|-damage|p2b: Aerodactyl|53/100 brn|[from] brn\n|-sideend|p2: Judeus911|move: Tailwind\n|upkeep\n|turn|6\n|j| sticktothegameplan\n|\n|t:|1776039113\n|move|p2a: Aegislash|Wide Guard|p2a: Aegislash\n|-singleturn|p2a: Aegislash|Wide Guard\n|move|p1b: Garchomp|Earthquake|p2a: Aegislash|[spread] \n|-activate|p2a: Aegislash|move: Wide Guard\n|-activate|p2b: Aerodactyl|move: Wide Guard\n|-immune|p1a: Rotom|[from] ability: Levitate\n|move|p2b: Aerodactyl|Tailwind|p2b: Aerodactyl\n|-sidestart|p2: Judeus911|move: Tailwind\n|move|p1a: Rotom|Thunderbolt|p2a: Aegislash\n|-damage|p2a: Aegislash|14/100\n|\n|-heal|p2a: Aegislash|20/100|[from] item: Leftovers\n|-damage|p2b: Aerodactyl|48/100 brn|[from] brn\n|upkeep\n|turn|7\n|\n|t:|1776039138\n|move|p2a: Aegislash|Wide Guard|p2a: Aegislash\n|-singleturn|p2a: Aegislash|Wide Guard\n|move|p2b: Aerodactyl|Dual Wingbeat|p1b: Garchomp\n|-damage|p1b: Garchomp|11/100\n|-damage|p2b: Aerodactyl|36/100 brn|[from] ability: Rough Skin|[of] p1b: Garchomp\n|-damage|p1b: Garchomp|3/100\n|-damage|p2b: Aerodactyl|23/100 brn|[from] ability: Rough Skin|[of] p1b: Garchomp\n|-hitcount|p1b: Garchomp|2\n|move|p1b: Garchomp|Earthquake|p2b: Aerodactyl|[spread] \n|-activate|p2a: Aegislash|move: Wide Guard\n|-activate|p2b: Aerodactyl|move: Wide Guard\n|-immune|p1a: Rotom|[from] ability: Levitate\n|move|p1a: Rotom|Thunderbolt|p2a: Aegislash\n|-damage|p2a: Aegislash|0 fnt\n|faint|p2a: Aegislash\n|\n|-damage|p2b: Aerodactyl|18/100 brn|[from] brn\n|upkeep\n|\n|t:|1776039148\n|switch|p2a: Tyranitar|Tyranitar, L50, M|100/100\n|-weather|Sandstorm|[from] ability: Sand Stream|[of] p2a: Tyranitar\n|turn|8\n|\n|t:|1776039158\n|move|p2b: Aerodactyl|Rock Slide|p1a: Rotom|[spread] p1a,p1b\n|-resisted|p1b: Garchomp|1\n|-damage|p1a: Rotom|90/100\n|-damage|p1b: Garchomp|0 fnt\n|faint|p1b: Garchomp\n|move|p2a: Tyranitar|Knock Off|p1a: Rotom\n|-damage|p1a: Rotom|41/100\n|-enditem|p1a: Rotom|Leftovers|[from] move: Knock Off|[of] p2a: Tyranitar\n|cant|p1a: Rotom|flinch\n|\n|-weather|Sandstorm|[upkeep]\n|-damage|p1a: Rotom|35/100|[from] Sandstorm\n|-damage|p2b: Aerodactyl|12/100 brn|[from] brn\n|upkeep\n|\n|t:|1776039172\n|switch|p1b: Sneasler|Sneasler, L50, M|100/100\n|turn|9\n|\n|t:|1776039185\n|switch|p2a: Starmie|Starmie, L50|100/100\n|move|p2b: Aerodactyl|Protect|p2b: Aerodactyl\n|-singleturn|p2b: Aerodactyl|Protect\n|move|p1b: Sneasler|Fake Out|p2b: Aerodactyl\n|-activate|p2b: Aerodactyl|move: Protect\n|move|p1a: Rotom|Will-O-Wisp|p2a: Starmie\n|-status|p2a: Starmie|brn\n|\n|-weather|Sandstorm|[upkeep]\n|-damage|p2a: Starmie|95/100 brn|[from] Sandstorm\n|-damage|p1b: Sneasler|95/100|[from] Sandstorm\n|-damage|p1a: Rotom|29/100|[from] Sandstorm\n|-damage|p2b: Aerodactyl|6/100 brn|[from] brn\n|-damage|p2a: Starmie|89/100 brn|[from] brn\n|-sideend|p2: Judeus911|move: Tailwind\n|upkeep\n|turn|10\n|\n|t:|1776039231\n|switch|p1b: Charizard|Charizard, L50, F|100/100\n|detailschange|p2a: Starmie|Starmie-Mega, L50\n|-mega|p2a: Starmie|Starmie|Starminite\n|move|p2b: Aerodactyl|Tailwind|p2b: Aerodactyl\n|-sidestart|p2: Judeus911|move: Tailwind\n|move|p2a: Starmie|Zen Headbutt|p1b: Charizard\n|-damage|p1b: Charizard|50/100\n|move|p1a: Rotom|Thunderbolt|p2a: Starmie\n|-supereffective|p2a: Starmie|1\n|-damage|p2a: Starmie|1/100 brn\n|\n|-weather|Sandstorm|[upkeep]\n|-damage|p2a: Starmie|0 fnt|[from] Sandstorm\n|-damage|p1b: Charizard|44/100|[from] Sandstorm\n|-damage|p1a: Rotom|23/100|[from] Sandstorm\n|faint|p2a: Starmie\n|-damage|p2b: Aerodactyl|0 fnt|[from] brn\n|faint|p2b: Aerodactyl\n|upkeep\n|\n|t:|1776039241\n|switch|p2b: Tyranitar|Tyranitar, L50, M|100/100\n|turn|11\n|\n|t:|1776039252\n|detailschange|p1b: Charizard|Charizard-Mega-Y, L50, F\n|-mega|p1b: Charizard|Charizard|Charizardite Y\n|-weather|SunnyDay|[from] ability: Drought|[of] p1b: Charizard\n|move|p2b: Tyranitar|Rock Slide|p1b: Charizard|[spread] p1a,p1b\n|-supereffective|p1b: Charizard|2\n|-damage|p1a: Rotom|0 fnt\n|-damage|p1b: Charizard|0 fnt\n|faint|p1a: Rotom\n|faint|p1b: Charizard\n|\n|-weather|SunnyDay|[upkeep]\n|upkeep\n|inactive|Battle timer is ON: inactive players will automatically lose when time's up. (requested by blabloop)\n|\n|t:|1776039282\n|switch|p1a: Sneasler|Sneasler, L50, M|95/100\n|turn|12\n|\n|t:|1776039287\n|move|p2b: Tyranitar|Rock Slide|p1a: Sneasler\n|-resisted|p1a: Sneasler|1\n|-damage|p1a: Sneasler|59/100\n|move|p1a: Sneasler|Close Combat|p2b: Tyranitar\n|-supereffective|p2b: Tyranitar|2\n|-damage|p2b: Tyranitar|0 fnt\n|-unboost|p1a: Sneasler|def|1\n|-unboost|p1a: Sneasler|spd|1\n|faint|p2b: Tyranitar\n|\n|win|blabloop\n|raw|blabloop's rating: 1313 &rarr; <strong>1332</strong><br />(+19 for winning)\n|raw|Judeus911's rating: 1304 &rarr; <strong>1285</strong><br />(-19 for losing)\n|l|\u2606Judeus911\n|player|p2|\n|c|\u2606blabloop|gg\n",
  "uploadtime": 1776039325,
  "views": 36,
  "formatid": "gen9championsvgc2026regma",
  "rating": 1285,
  "private": 0,
  "password": null
}