{
  "id": "gen9championsvgc2026regma-2585326320",
  "format": "[Gen 9 Champions] VGC 2026 Reg M-A",
  "players": [
    "AidzPlayz",
    "migueltroll22"
  ],
  "log": "|j|\u2606AidzPlayz\n|j|\u2606migueltroll22\n|t:|1776338068\n|gametype|doubles\n|player|p1|AidzPlayz|ghetsis-gen5bw|1095\n|player|p2|migueltroll22|drayden|1113\n|gen|9\n|tier|[Gen 9 Champions] VGC 2026 Reg M-A\n|rated|\n|rule|Species Clause: Limit one of each Pok\u00e9mon\n|rule|Item Clause: Limit 1 of each item\n|clearpoke\n|poke|p1|Aerodactyl, L50, F|\n|poke|p1|Incineroar, L50, M|\n|poke|p1|Floette-Eternal, L50, F|\n|poke|p1|Basculegion, L50, M|\n|poke|p1|Garchomp, L50, F|\n|poke|p1|Sneasler, L50, M|\n|poke|p2|Charizard, L50, F|\n|poke|p2|Venusaur, L50, F|\n|poke|p2|Garchomp, L50, F|\n|poke|p2|Rotom-Wash, L50|\n|poke|p2|Sneasler, L50, F|\n|poke|p2|Incineroar, L50, F|\n|teampreview|4\n|inactive|Battle timer is ON: inactive players will automatically lose when time's up. (requested by migueltroll22)\n|inactive|AidzPlayz has 60 seconds left.\n|inactive|migueltroll22 has 60 seconds left.\n|\n|t:|1776338122\n|teamsize|p1|4\n|teamsize|p2|4\n|start\n|switch|p1a: Aerodactyl|Aerodactyl, L50, F|100/100\n|switch|p1b: Sneasler|Sneasler, L50, M|100/100\n|switch|p2a: Garchomp|Garchomp, L50, F|100/100\n|switch|p2b: Rotom|Rotom-Wash, L50|100/100\n|-ability|p1a: Aerodactyl|Unnerve\n|turn|1\n|inactive|AidzPlayz has 30 seconds left.\n|\n|t:|1776338152\n|switch|p2a: Incineroar|Incineroar, L50, F|100/100\n|-ability|p2a: Incineroar|Intimidate|boost\n|-unboost|p1a: Aerodactyl|atk|1\n|-unboost|p1b: Sneasler|atk|1\n|-enditem|p1b: Sneasler|White Herb\n|-clearnegativeboost|p1b: Sneasler|[silent]\n|move|p1b: Sneasler|Protect|p1b: Sneasler\n|-singleturn|p1b: Sneasler|Protect\n|move|p1a: Aerodactyl|Tailwind|p1a: Aerodactyl\n|-sidestart|p1: AidzPlayz|move: Tailwind\n|move|p2b: Rotom|Will-O-Wisp|p1b: Sneasler\n|-activate|p1b: Sneasler|move: Protect\n|\n|upkeep\n|turn|2\n|\n|t:|1776338171\n|move|p2a: Incineroar|Fake Out|p1b: Sneasler\n|-damage|p1b: Sneasler|76/100\n|cant|p1b: Sneasler|flinch\n|move|p1a: Aerodactyl|Rock Slide|p2a: Incineroar|[spread] p2a,p2b\n|-supereffective|p2a: Incineroar|1\n|-damage|p2a: Incineroar|64/100\n|-damage|p2b: Rotom|85/100\n|move|p2b: Rotom|Will-O-Wisp|p1a: Aerodactyl\n|-status|p1a: Aerodactyl|brn\n|\n|-heal|p2b: Rotom|91/100|[from] item: Leftovers\n|-damage|p1a: Aerodactyl|95/100 brn|[from] brn\n|upkeep\n|turn|3\n|\n|t:|1776338191\n|switch|p2a: Garchomp|Garchomp, L50, F|100/100\n|move|p2b: Rotom|Protect|p2b: Rotom\n|-singleturn|p2b: Rotom|Protect\n|move|p1b: Sneasler|Close Combat|p2a: Garchomp\n|-damage|p2a: Garchomp|34/100\n|-unboost|p1b: Sneasler|def|1\n|-unboost|p1b: Sneasler|spd|1\n|-damage|p1b: Sneasler|64/100|[from] ability: Rough Skin|[of] p2a: Garchomp\n|move|p1a: Aerodactyl|Rock Slide|p2b: Rotom|[spread] p2a\n|-activate|p2b: Rotom|move: Protect\n|-resisted|p2a: Garchomp|1\n|-damage|p2a: Garchomp|30/100\n|\n|-heal|p2b: Rotom|97/100|[from] item: Leftovers\n|-damage|p1a: Aerodactyl|89/100 brn|[from] brn\n|upkeep\n|turn|4\n|inactive|AidzPlayz has 30 seconds left.\n|\n|t:|1776338219\n|switch|p2a: Incineroar|Incineroar, L50, F|64/100\n|-ability|p2a: Incineroar|Intimidate|boost\n|-unboost|p1a: Aerodactyl|atk|1\n|-unboost|p1b: Sneasler|atk|1\n|move|p1b: Sneasler|Close Combat|p2b: Rotom\n|-damage|p2b: Rotom|57/100\n|-unboost|p1b: Sneasler|def|1\n|-unboost|p1b: Sneasler|spd|1\n|move|p1a: Aerodactyl|Dual Wingbeat|p2a: Incineroar\n|-damage|p2a: Incineroar|59/100\n|-damage|p2a: Incineroar|55/100\n|-hitcount|p2a: Incineroar|2\n|move|p2b: Rotom|Will-O-Wisp|p1b: Sneasler|[miss]\n|-miss|p2b: Rotom|p1b: Sneasler\n|\n|-heal|p2b: Rotom|62/100|[from] item: Leftovers\n|-damage|p1a: Aerodactyl|83/100 brn|[from] brn\n|-sideend|p1: AidzPlayz|move: Tailwind\n|upkeep\n|turn|5\n|inactive|migueltroll22 has 30 seconds left.\n|inactive|migueltroll22 has 20 seconds left.\n|inactive|migueltroll22 has 15 seconds left.\n|inactive|migueltroll22 has 10 seconds left.\n|inactive|migueltroll22 has 5 seconds left.\n|\n|t:|1776338272\n|move|p1b: Sneasler|Protect|p1b: Sneasler\n|-singleturn|p1b: Sneasler|Protect\n|move|p2a: Incineroar|Fake Out|p1a: Aerodactyl\n|-resisted|p1a: Aerodactyl|1\n|-damage|p1a: Aerodactyl|72/100 brn\n|cant|p1a: Aerodactyl|flinch\n|move|p2b: Rotom|Hydro Pump|p1b: Sneasler\n|-activate|p1b: Sneasler|move: Protect\n|\n|-heal|p2b: Rotom|68/100|[from] item: Leftovers\n|-damage|p1a: Aerodactyl|66/100 brn|[from] brn\n|upkeep\n|turn|6\n|-message|migueltroll22 forfeited.\n|\n|win|AidzPlayz\n|raw|AidzPlayz's rating: 1095 &rarr; <strong>1122</strong><br />(+27 for winning)\n|raw|migueltroll22's rating: 1113 &rarr; <strong>1087</strong><br />(-26 for losing)\n",
  "uploadtime": 1776338281,
  "views": 19,
  "formatid": "gen9championsvgc2026regma",
  "rating": 1087,
  "private": 0,
  "password": null
}