{
  "id": "gen9championsvgc2026regma-2586233929",
  "format": "[Gen 9 Champions] VGC 2026 Reg M-A",
  "players": [
    "drake412",
    "Noobilio"
  ],
  "log": "|j|\u2606drake412\n|j|\u2606Noobilio\n|t:|1776415500\n|gametype|doubles\n|player|p1|drake412|102|1313\n|player|p2|Noobilio|nurse|1253\n|gen|9\n|tier|[Gen 9 Champions] VGC 2026 Reg M-A\n|rated|\n|rule|Species Clause: Limit one of each Pok\u00e9mon\n|rule|Item Clause: Limit 1 of each item\n|clearpoke\n|poke|p1|Charizard, L50, M|\n|poke|p1|Whimsicott, L50, M|\n|poke|p1|Sneasler, L50, F|\n|poke|p1|Dragonite, L50, F|\n|poke|p1|Garchomp, L50, M|\n|poke|p1|Rotom-Wash, L50|\n|poke|p2|Froslass, L50, F|\n|poke|p2|Floette-Eternal, L50, F|\n|poke|p2|Sneasler, L50, F|\n|poke|p2|Basculegion, L50, M|\n|poke|p2|Garchomp, L50, F|\n|poke|p2|Kingambit, L50, M|\n|teampreview|4\n|\n|t:|1776415526\n|teamsize|p1|4\n|teamsize|p2|4\n|start\n|switch|p1a: Rotom|Rotom-Wash, L50|100/100\n|switch|p1b: Sneasler|Sneasler, L50, F|100/100\n|switch|p2a: Froslass|Froslass, L50, F|100/100\n|switch|p2b: Sneasler|Sneasler, L50, F|100/100\n|turn|1\n|inactive|Battle timer is ON: inactive players will automatically lose when time's up. (requested by drake412)\n|inactive|drake412 has 60 seconds left.\n|inactive|Noobilio has 60 seconds left.\n|\n|t:|1776415577\n|detailschange|p2a: Froslass|Froslass-Mega, L50, F\n|-mega|p2a: Froslass|Froslass|Froslassite\n|-weather|Snowscape|[from] ability: Snow Warning|[of] p2a: Froslass\n|move|p1b: Sneasler|Fake Out|p2b: Sneasler\n|-damage|p2b: Sneasler|74/100\n|move|p1a: Rotom|Electroweb|p2b: Sneasler|[spread] p2a,p2b\n|-damage|p2a: Froslass|84/100\n|-damage|p2b: Sneasler|53/100\n|-unboost|p2a: Froslass|spe|1\n|-unboost|p2b: Sneasler|spe|1\n|cant|p2b: Sneasler|flinch\n|move|p2a: Froslass|Blizzard|p1b: Sneasler|[spread] p1a,p1b\n|-resisted|p1a: Rotom|1\n|-damage|p1a: Rotom|78/100\n|-damage|p1b: Sneasler|43/100\n|\n|-weather|Snowscape|[upkeep]\n|upkeep\n|turn|2\n|\n|t:|1776415600\n|move|p1b: Sneasler|Protect|p1b: Sneasler\n|-singleturn|p1b: Sneasler|Protect\n|move|p1a: Rotom|Electroweb|p2a: Froslass|[spread] p2a,p2b\n|-damage|p2a: Froslass|68/100\n|-damage|p2b: Sneasler|30/100\n|-unboost|p2a: Froslass|spe|1\n|-unboost|p2b: Sneasler|spe|1\n|move|p2b: Sneasler|Dire Claw|p1b: Sneasler\n|-activate|p1b: Sneasler|move: Protect\n|move|p2a: Froslass|Blizzard|p1a: Rotom|[spread] p1a\n|-activate|p1b: Sneasler|move: Protect\n|-resisted|p1a: Rotom|1\n|-damage|p1a: Rotom|55/100\n|\n|-weather|Snowscape|[upkeep]\n|upkeep\n|turn|3\n|\n|t:|1776415620\n|move|p1a: Rotom|Electroweb|p2b: Sneasler|[spread] p2a,p2b\n|-damage|p2a: Froslass|54/100\n|-damage|p2b: Sneasler|9/100\n|-unboost|p2a: Froslass|spe|1\n|-unboost|p2b: Sneasler|spe|1\n|move|p1b: Sneasler|Dire Claw|p2a: Froslass\n|-resisted|p2a: Froslass|1\n|-damage|p2a: Froslass|37/100\n|move|p2b: Sneasler|Dire Claw|p1a: Rotom\n|-damage|p1a: Rotom|7/100\n|move|p2a: Froslass|Blizzard|p1a: Rotom|[spread] p1a,p1b\n|-resisted|p1a: Rotom|1\n|-damage|p1a: Rotom|0 fnt\n|-damage|p1b: Sneasler|0 fnt\n|faint|p1a: Rotom\n|faint|p1b: Sneasler\n|\n|-weather|Snowscape|[upkeep]\n|upkeep\n|\n|t:|1776415636\n|switch|p1b: Whimsicott|Whimsicott, L50, M|100/100\n|switch|p1a: Charizard|Charizard, L50, M|100/100\n|turn|4\n|\n|t:|1776415649\n|switch|p2a: Basculegion|Basculegion, L50, M|100/100\n|detailschange|p1a: Charizard|Charizard-Mega-Y, L50, M\n|-mega|p1a: Charizard|Charizard|Charizardite Y\n|-weather|SunnyDay|[from] ability: Drought|[of] p1a: Charizard\n|move|p1b: Whimsicott|Tailwind|p1b: Whimsicott\n|-sidestart|p1: drake412|move: Tailwind\n|move|p1a: Charizard|Heat Wave|p2b: Sneasler|[spread] p2b\n|-miss|p1a: Charizard|p2a: Basculegion\n|-damage|p2b: Sneasler|0 fnt\n|faint|p2b: Sneasler\n|\n|-weather|SunnyDay|[upkeep]\n|upkeep\n|\n|t:|1776415659\n|switch|p2b: Froslass|Froslass-Mega, L50, F|37/100\n|-weather|Snowscape|[from] ability: Snow Warning|[of] p2b: Froslass\n|turn|5\n|\n|t:|1776415674\n|switch|p2b: Garchomp|Garchomp, L50, F|100/100\n|move|p1b: Whimsicott|Sunny Day|p1b: Whimsicott\n|-weather|SunnyDay\n|move|p2a: Basculegion|Aqua Jet|p1a: Charizard\n|-supereffective|p1a: Charizard|1\n|-damage|p1a: Charizard|67/100\n|move|p1a: Charizard|Heat Wave|p2a: Basculegion|[spread] p2a,p2b\n|-resisted|p2a: Basculegion|1\n|-resisted|p2b: Garchomp|1\n|-crit|p2b: Garchomp\n|-damage|p2a: Basculegion|66/100\n|-damage|p2b: Garchomp|49/100\n|\n|-weather|SunnyDay|[upkeep]\n|upkeep\n|turn|6\n|inactive|drake412 has 30 seconds left.\n|inactive|Noobilio has 30 seconds left.\n|\n|t:|1776415703\n|move|p1a: Charizard|Protect|p1a: Charizard\n|-singleturn|p1a: Charizard|Protect\n|move|p2b: Garchomp|Protect|p2b: Garchomp\n|-singleturn|p2b: Garchomp|Protect\n|move|p2a: Basculegion|Aqua Jet|p1a: Charizard\n|-activate|p1a: Charizard|move: Protect\n|move|p1b: Whimsicott|Moonblast|p2a: Basculegion\n|-damage|p2a: Basculegion|39/100\n|-unboost|p2a: Basculegion|spa|1\n|-enditem|p2a: Basculegion|Sitrus Berry|[eat]\n|-heal|p2a: Basculegion|64/100|[from] item: Sitrus Berry\n|\n|-weather|SunnyDay|[upkeep]\n|upkeep\n|turn|7\n|inactive|drake412 has 30 seconds left.\n|inactive|Noobilio has 30 seconds left.\n|\n|t:|1776415736\n|switch|p2b: Froslass|Froslass-Mega, L50, F|37/100\n|-weather|Snowscape|[from] ability: Snow Warning|[of] p2b: Froslass\n|move|p1b: Whimsicott|Sunny Day|p1b: Whimsicott\n|-weather|SunnyDay\n|move|p1a: Charizard|Heat Wave|p2a: Basculegion|[spread] p2a,p2b\n|-resisted|p2a: Basculegion|1\n|-supereffective|p2b: Froslass|1\n|-damage|p2a: Basculegion|27/100\n|-damage|p2b: Froslass|0 fnt\n|faint|p2b: Froslass\n|move|p2a: Basculegion|Wave Crash|p1a: Charizard\n|-supereffective|p1a: Charizard|1\n|-damage|p1a: Charizard|0 fnt\n|faint|p1a: Charizard\n|-damage|p2a: Basculegion|9/100|[from] Recoil\n|\n|-weather|SunnyDay|[upkeep]\n|-sideend|p1: drake412|move: Tailwind\n|upkeep\n|\n|t:|1776415744\n|switch|p2b: Garchomp|Garchomp, L50, F|49/100\n|turn|8\n|\n|t:|1776415760\n|move|p2b: Garchomp|Protect|p2b: Garchomp\n|-singleturn|p2b: Garchomp|Protect\n|move|p1b: Whimsicott|Moonblast|p2b: Garchomp\n|-activate|p2b: Garchomp|move: Protect\n|move|p2a: Basculegion|Last Respects|p1b: Whimsicott\n|-damage|p1b: Whimsicott|0 fnt\n|faint|p1b: Whimsicott\n|\n|win|Noobilio\n|raw|drake412's rating: 1313 &rarr; <strong>1290</strong><br />(-23 for losing)\n|raw|Noobilio's rating: 1253 &rarr; <strong>1282</strong><br />(+29 for winning)\n",
  "uploadtime": 1776415764,
  "views": 35,
  "formatid": "gen9championsvgc2026regma",
  "rating": 1282,
  "private": 0,
  "password": null
}