{
  "id": "gen9championsvgc2026regma-2581593698",
  "format": "[Gen 9 Champions] VGC 2026 Reg M-A",
  "players": [
    "JSA08",
    "PartySpider"
  ],
  "log": "|j|\u2606JSA08\n|j|\u2606PartySpider\n|t:|1776013622\n|gametype|doubles\n|player|p1|JSA08|jasmine|1108\n|player|p2|PartySpider|101|1027\n|gen|9\n|tier|[Gen 9 Champions] VGC 2026 Reg M-A\n|rated|\n|rule|Species Clause: Limit one of each Pok\u00e9mon\n|rule|Item Clause: Limit 1 of each item\n|clearpoke\n|poke|p1|Tyranitar, L50, F|\n|poke|p1|Milotic, L50, F|\n|poke|p1|Sinistcha, L50|\n|poke|p1|Sneasler, L50, M|\n|poke|p1|Goodra-Hisui, L50, F|\n|poke|p1|Clefable, L50, F|\n|poke|p2|Feraligatr, L50, F|\n|poke|p2|Pelipper, L50, F|\n|poke|p2|Clefable, L50, M|\n|poke|p2|Sableye, L50, M|\n|poke|p2|Volcarona, L50, F|\n|poke|p2|Incineroar, L50, F|\n|teampreview|4\n|\n|t:|1776013641\n|teamsize|p1|4\n|teamsize|p2|4\n|start\n|switch|p1a: Milotic|Milotic, L50, F|100/100\n|switch|p1b: Goodra|Goodra-Hisui, L50, F|100/100\n|switch|p2a: Pelipper|Pelipper, L50, F|100/100\n|switch|p2b: Incineroar|Incineroar, L50, F|100/100\n|-weather|RainDance|[from] ability: Drizzle|[of] p2a: Pelipper\n|-ability|p2b: Incineroar|Intimidate|boost\n|-unboost|p1a: Milotic|atk|1\n|-ability|p1a: Milotic|Competitive|boost\n|-boost|p1a: Milotic|spa|2\n|-unboost|p1b: Goodra|atk|1\n|turn|1\n|\n|t:|1776013657\n|move|p1a: Milotic|Protect|p1a: Milotic\n|-singleturn|p1a: Milotic|Protect\n|move|p2a: Pelipper|Tailwind|p2a: Pelipper\n|-sidestart|p2: PartySpider|move: Tailwind\n|move|p2b: Incineroar|Snarl|p1a: Milotic|[spread] p1b\n|-activate|p1a: Milotic|move: Protect\n|-damage|p1b: Goodra|93/100\n|-unboost|p1b: Goodra|spa|1\n|move|p1b: Goodra|Shelter|p1b: Goodra\n|-boost|p1b: Goodra|def|2\n|\n|-weather|RainDance|[upkeep]\n|-heal|p1b: Goodra|99/100|[from] item: Leftovers\n|upkeep\n|turn|2\n|\n|t:|1776013676\n|move|p2a: Pelipper|Hurricane|p1a: Milotic\n|-damage|p1a: Milotic|68/100\n|move|p2b: Incineroar|Parting Shot|p1b: Goodra\n|-unboost|p1b: Goodra|atk|1\n|-unboost|p1b: Goodra|spa|1\n|\n|t:|1776013684\n|switch|p2b: Feraligatr|Feraligatr, L50, F|100/100|[from] Parting Shot\n|move|p1a: Milotic|Icy Wind|p2a: Pelipper|[spread] p2a,p2b\n|-resisted|p2b: Feraligatr|1\n|-damage|p2a: Pelipper|70/100\n|-damage|p2b: Feraligatr|88/100\n|-unboost|p2a: Pelipper|spe|1\n|-unboost|p2b: Feraligatr|spe|1\n|move|p1b: Goodra|Shelter|p1b: Goodra\n|-boost|p1b: Goodra|def|2\n|\n|-weather|RainDance|[upkeep]\n|-heal|p2a: Pelipper|76/100|[from] item: Leftovers\n|-heal|p1b: Goodra|100/100|[from] item: Leftovers\n|upkeep\n|turn|3\n|\n|t:|1776013691\n|move|p1a: Milotic|Protect|p1a: Milotic\n|-singleturn|p1a: Milotic|Protect\n|move|p2b: Feraligatr|Swords Dance|p2b: Feraligatr\n|-boost|p2b: Feraligatr|atk|2\n|move|p2a: Pelipper|Hurricane|p1a: Milotic\n|-activate|p1a: Milotic|move: Protect\n|move|p1b: Goodra|Body Press|p2b: Feraligatr\n|-damage|p2b: Feraligatr|25/100\n|\n|-weather|RainDance|[upkeep]\n|-heal|p2a: Pelipper|82/100|[from] item: Leftovers\n|upkeep\n|turn|4\n|\n|t:|1776013704\n|detailschange|p2b: Feraligatr|Feraligatr-Mega, L50, F\n|-mega|p2b: Feraligatr|Feraligatr|Feraligite\n|move|p2b: Feraligatr|Double-Edge|p1b: Goodra\n|-damage|p1b: Goodra|46/100\n|-damage|p2b: Feraligatr|8/100|[from] Recoil\n|move|p2a: Pelipper|Hurricane|p1b: Goodra\n|-resisted|p1b: Goodra|1\n|-damage|p1b: Goodra|33/100\n|move|p1a: Milotic|Scald|p2a: Pelipper\n|-resisted|p2a: Pelipper|1\n|-damage|p2a: Pelipper|0 fnt\n|faint|p2a: Pelipper\n|move|p1b: Goodra|Body Press|p2b: Feraligatr\n|-damage|p2b: Feraligatr|0 fnt\n|faint|p2b: Feraligatr\n|\n|-weather|RainDance|[upkeep]\n|-heal|p1b: Goodra|39/100|[from] item: Leftovers\n|-sideend|p2: PartySpider|move: Tailwind\n|upkeep\n|c|\u2606JSA08|thats tough\n|\n|t:|1776013719\n|switch|p2b: Incineroar|Incineroar, L50, F|100/100\n|switch|p2a: Clefable|Clefable, L50, M|100/100\n|-ability|p2b: Incineroar|Intimidate|boost\n|-unboost|p1a: Milotic|atk|1\n|-ability|p1a: Milotic|Competitive|boost\n|-boost|p1a: Milotic|spa|2\n|-unboost|p1b: Goodra|atk|1\n|turn|5\n|c|\u2606JSA08|i was expecting way more damage\n|\n|t:|1776013729\n|move|p1a: Milotic|Protect|p1a: Milotic\n|-singleturn|p1a: Milotic|Protect\n|move|p1b: Goodra|Protect|p1b: Goodra\n|-singleturn|p1b: Goodra|Protect\n|move|p2b: Incineroar|Fake Out|p1a: Milotic\n|-activate|p1a: Milotic|move: Protect\n|move|p2a: Clefable|Moonblast|p1b: Goodra\n|-activate|p1b: Goodra|move: Protect\n|\n|-weather|none\n|-heal|p1b: Goodra|45/100|[from] item: Leftovers\n|upkeep\n|turn|6\n|\n|t:|1776013739\n|move|p1a: Milotic|Scald|p2b: Incineroar\n|-supereffective|p2b: Incineroar|1\n|-damage|p2b: Incineroar|0 fnt\n|faint|p2b: Incineroar\n|move|p2a: Clefable|Moonblast|p1b: Goodra\n|-damage|p1b: Goodra|26/100\n|-unboost|p1b: Goodra|spa|1\n|move|p1b: Goodra|Heavy Slam|p2a: Clefable\n|-supereffective|p2a: Clefable|1\n|-damage|p2a: Clefable|65/100\n|\n|-heal|p1b: Goodra|32/100|[from] item: Leftovers\n|upkeep\n|turn|7\n|-message|PartySpider forfeited.\n|\n|win|JSA08\n|raw|JSA08's rating: 1108 &rarr; <strong>1127</strong><br />(+19 for winning)\n|raw|PartySpider's rating: 1027 &rarr; <strong>1016</strong><br />(-11 for losing)\n|l|\u2606PartySpider\n|player|p2|\n",
  "uploadtime": 1776013747,
  "views": 19,
  "formatid": "gen9championsvgc2026regma",
  "rating": 1016,
  "private": 0,
  "password": null
}