{
  "id": "gen9championsvgc2026regma-2588528914",
  "format": "[Gen 9 Champions] VGC 2026 Reg M-A",
  "players": [
    "Boomboompow202",
    "lun4rspace"
  ],
  "log": "|j|\u2606Boomboompow202\n|j|\u2606lun4rspace\n|t:|1776641958\n|gametype|doubles\n|player|p1|Boomboompow202|101|1266\n|player|p2|lun4rspace|266|1263\n|gen|9\n|tier|[Gen 9 Champions] VGC 2026 Reg M-A\n|rated|\n|rule|Species Clause: Limit one of each Pok\u00e9mon\n|rule|Item Clause: Limit 1 of each item\n|clearpoke\n|poke|p1|Aegislash, L50, M|\n|poke|p1|Meganium, L50, F|\n|poke|p1|Aerodactyl, L50, M|\n|poke|p1|Kangaskhan, L50, F|\n|poke|p1|Tauros-Paldea-Aqua, L50, M|\n|poke|p1|Typhlosion-Hisui, L50, M|\n|poke|p2|Aerodactyl, L50, M|\n|poke|p2|Basculegion, L50, M|\n|poke|p2|Kommo-o, L50, M|\n|poke|p2|Scizor, L50, M|\n|poke|p2|Scovillain, L50, M|\n|poke|p2|Sneasler, L50, M|\n|teampreview|4\n|\n|t:|1776641992\n|teamsize|p1|4\n|teamsize|p2|4\n|start\n|switch|p1a: Aerodactyl|Aerodactyl, L50, M|100/100\n|switch|p1b: Kangaskhan|Kangaskhan, L50, F|100/100\n|switch|p2a: Scovillain|Scovillain, L50, M|100/100\n|switch|p2b: Kommo-o|Kommo-o, L50, M|100/100\n|-ability|p1a: Aerodactyl|Pressure\n|turn|1\n|\n|t:|1776642008\n|detailschange|p1b: Kangaskhan|Kangaskhan-Mega, L50, F\n|-mega|p1b: Kangaskhan|Kangaskhan|Kangaskhanite\n|detailschange|p2a: Scovillain|Scovillain-Mega, L50, M\n|-mega|p2a: Scovillain|Scovillain|Scovillainite\n|move|p1b: Kangaskhan|Fake Out|p2b: Kommo-o\n|-damage|p2b: Kommo-o|83/100\n|-damage|p2b: Kommo-o|79/100\n|-hitcount|p2b: Kommo-o|2\n|move|p2a: Scovillain|Rage Powder|p2a: Scovillain\n|-singleturn|p2a: Scovillain|move: Rage Powder\n|move|p1a: Aerodactyl|Tailwind|p1a: Aerodactyl\n|-sidestart|p1: Boomboompow202|move: Tailwind\n|cant|p2b: Kommo-o|flinch\n|\n|-heal|p2b: Kommo-o|85/100|[from] item: Leftovers\n|upkeep\n|turn|2\n|\n|t:|1776642038\n|switch|p1a: Tauros|Tauros-Paldea-Aqua, L50, M|100/100\n|-ability|p1a: Tauros|Intimidate|boost\n|-unboost|p2a: Scovillain|atk|1\n|-unboost|p2b: Kommo-o|atk|1\n|switch|p1b: Typhlosion|Typhlosion-Hisui, L50, M|100/100\n|-item|p2a: Scovillain|Scovillainite|[from] ability: Frisk|[of] p1b: Typhlosion\n|-item|p2b: Kommo-o|Leftovers|[from] ability: Frisk|[of] p1b: Typhlosion\n|move|p2a: Scovillain|Rage Powder|p2a: Scovillain\n|-singleturn|p2a: Scovillain|move: Rage Powder\n|move|p2b: Kommo-o|Aura Sphere|p1a: Tauros\n|-damage|p1a: Tauros|54/100\n|\n|-heal|p2b: Kommo-o|91/100|[from] item: Leftovers\n|upkeep\n|turn|3\n|\n|t:|1776642060\n|move|p1a: Tauros|Protect|p1a: Tauros\n|-singleturn|p1a: Tauros|Protect\n|move|p2a: Scovillain|Rage Powder|p2a: Scovillain\n|-singleturn|p2a: Scovillain|move: Rage Powder\n|move|p1b: Typhlosion|Eruption|p2a: Scovillain|[spread] p2a,p2b\n|-resisted|p2b: Kommo-o|1\n|-damage|p2a: Scovillain|34/100\n|-damage|p2b: Kommo-o|61/100\n|-immune|p1b: Typhlosion\n|move|p2b: Kommo-o|Clanging Scales|p1a: Tauros|[spread] p1b\n|-activate|p1a: Tauros|move: Protect\n|-damage|p1b: Typhlosion|52/100\n|-unboost|p2b: Kommo-o|def|1\n|\n|-heal|p2b: Kommo-o|67/100|[from] item: Leftovers\n|upkeep\n|turn|4\n|\n|t:|1776642078\n|move|p2b: Kommo-o|Protect|p2b: Kommo-o\n|-singleturn|p2b: Kommo-o|Protect\n|move|p2a: Scovillain|Protect|p2a: Scovillain\n|-singleturn|p2a: Scovillain|Protect\n|move|p1b: Typhlosion|Eruption|p2a: Scovillain|[spread] \n|-activate|p2a: Scovillain|move: Protect\n|-activate|p2b: Kommo-o|move: Protect\n|move|p1a: Tauros|Close Combat|p2b: Kommo-o\n|-activate|p2b: Kommo-o|move: Protect\n|\n|-heal|p2b: Kommo-o|73/100|[from] item: Leftovers\n|-sideend|p1: Boomboompow202|move: Tailwind\n|upkeep\n|turn|5\n|\n|t:|1776642098\n|switch|p1b: Aerodactyl|Aerodactyl, L50, M|100/100\n|-ability|p1b: Aerodactyl|Pressure\n|move|p2a: Scovillain|Rage Powder|p2a: Scovillain\n|-singleturn|p2a: Scovillain|move: Rage Powder\n|move|p1a: Tauros|Close Combat|p2a: Scovillain\n|-damage|p2a: Scovillain|0 fnt\n|-unboost|p1a: Tauros|def|1\n|-unboost|p1a: Tauros|spd|1\n|-status|p1a: Tauros|brn|[from] ability: Spicy Spray|[of] p2a: Scovillain\n|faint|p2a: Scovillain\n|-enditem|p1a: Tauros|White Herb\n|-clearnegativeboost|p1a: Tauros|[silent]\n|move|p2b: Kommo-o|Clanging Scales|p1a: Tauros|[spread] p1a,p1b\n|-damage|p1a: Tauros|4/100 brn\n|-damage|p1b: Aerodactyl|50/100\n|-unboost|p2b: Kommo-o|def|1\n|\n|-heal|p2b: Kommo-o|79/100|[from] item: Leftovers\n|-damage|p1a: Tauros|0 fnt|[from] brn\n|faint|p1a: Tauros\n|upkeep\n|\n|t:|1776642117\n|switch|p1a: Kangaskhan|Kangaskhan-Mega, L50, F|100/100\n|switch|p2a: Sneasler|Sneasler, L50, M|100/100\n|turn|6\n|\n|t:|1776642163\n|move|p1a: Kangaskhan|Fake Out|p2a: Sneasler\n|-damage|p2a: Sneasler|70/100\n|-damage|p2a: Sneasler|62/100\n|-hitcount|p2a: Sneasler|2\n|move|p1b: Aerodactyl|Dual Wingbeat|p2a: Sneasler\n|-supereffective|p2a: Sneasler|1\n|-damage|p2a: Sneasler|5/100\n|-supereffective|p2a: Sneasler|1\n|-damage|p2a: Sneasler|0 fnt\n|faint|p2a: Sneasler\n|-hitcount|p2: Sneasler|2\n|move|p2b: Kommo-o|Aura Sphere|p1a: Kangaskhan\n|-supereffective|p1a: Kangaskhan|1\n|-damage|p1a: Kangaskhan|52/100\n|\n|-heal|p2b: Kommo-o|85/100|[from] item: Leftovers\n|upkeep\n|\n|t:|1776642176\n|switch|p2a: Basculegion|Basculegion, L50, M|100/100\n|turn|7\n|\n|t:|1776642184\n|move|p1a: Kangaskhan|Sucker Punch|p2a: Basculegion\n|-supereffective|p2a: Basculegion|1\n|-damage|p2a: Basculegion|54/100\n|-supereffective|p2a: Basculegion|1\n|-damage|p2a: Basculegion|45/100\n|-enditem|p2a: Basculegion|Sitrus Berry|[eat]\n|-heal|p2a: Basculegion|70/100|[from] item: Sitrus Berry\n|-hitcount|p2a: Basculegion|2\n|move|p1b: Aerodactyl|Dual Wingbeat|p2b: Kommo-o\n|-supereffective|p2b: Kommo-o|1\n|-damage|p2b: Kommo-o|8/100\n|-supereffective|p2b: Kommo-o|1\n|-damage|p2b: Kommo-o|0 fnt\n|faint|p2b: Kommo-o\n|-hitcount|p2: Kommo-o|2\n|move|p2a: Basculegion|Wave Crash|p1b: Aerodactyl\n|-supereffective|p1b: Aerodactyl|1\n|-damage|p1b: Aerodactyl|0 fnt\n|faint|p1b: Aerodactyl\n|-damage|p2a: Basculegion|57/100|[from] Recoil\n|\n|upkeep\n|\n|t:|1776642200\n|switch|p1b: Typhlosion|Typhlosion-Hisui, L50, M|52/100\n|turn|8\n|inactive|Battle timer is ON: inactive players will automatically lose when time's up. (requested by Boomboompow202)\n|\n|t:|1776642209\n|move|p1a: Kangaskhan|Sucker Punch|p2a: Basculegion\n|-supereffective|p2a: Basculegion|1\n|-damage|p2a: Basculegion|10/100\n|-supereffective|p2a: Basculegion|1\n|-damage|p2a: Basculegion|0 fnt\n|faint|p2a: Basculegion\n|-hitcount|p2: Basculegion|2\n|\n|win|Boomboompow202\n|raw|Boomboompow202's rating: 1266 &rarr; <strong>1291</strong><br />(+25 for winning)\n|raw|lun4rspace's rating: 1263 &rarr; <strong>1238</strong><br />(-25 for losing)\n",
  "uploadtime": 1776642209,
  "views": 17,
  "formatid": "gen9championsvgc2026regma",
  "rating": 1238,
  "private": 0,
  "password": null
}