{
  "id": "gen9championsvgc2026regma-2586588898",
  "format": "[Gen 9 Champions] VGC 2026 Reg M-A",
  "players": [
    "SKhaoZ",
    "mysssalamence"
  ],
  "log": "|j|\u2606SKhaoZ\n|j|\u2606mysssalamence\n|t:|1776445161\n|gametype|doubles\n|player|p1|SKhaoZ|riley|1160\n|player|p2|mysssalamence|falkner|1127\n|gen|9\n|tier|[Gen 9 Champions] VGC 2026 Reg M-A\n|rated|\n|rule|Species Clause: Limit one of each Pok\u00e9mon\n|rule|Item Clause: Limit 1 of each item\n|clearpoke\n|poke|p1|Dragapult, L50, M|\n|poke|p1|Sinistcha, L50|\n|poke|p1|Charizard, L50, M|\n|poke|p1|Altaria, L50, F|\n|poke|p1|Salazzle, L50, F|\n|poke|p1|Kommo-o, L50, M|\n|poke|p2|Aggron, L50, F|\n|poke|p2|Tyranitar, L50, M|\n|poke|p2|Orthworm, L50, M|\n|poke|p2|Corviknight, L50, F|\n|poke|p2|Sinistcha, L50|\n|poke|p2|Incineroar, L50, F|\n|teampreview|4\n|\n|t:|1776445200\n|teamsize|p1|4\n|teamsize|p2|4\n|start\n|switch|p1a: Dragapult|Dragapult, L50, M|100/100\n|switch|p1b: Charizard|Charizard, L50, M|100/100\n|switch|p2a: Orthworm|Orthworm, L50, M|100/100\n|switch|p2b: Sinistcha|Sinistcha, L50|100/100\n|turn|1\n|\n|t:|1776445210\n|move|p1a: Dragapult|Dragon Cheer|p1b: Charizard\n|-start|p1b: Charizard|move: Dragon Cheer\n|move|p1b: Charizard|Dragon Dance|p1b: Charizard\n|-boost|p1b: Charizard|atk|1\n|-boost|p1b: Charizard|spe|1\n|move|p2a: Orthworm|Shed Tail|p2a: Orthworm\n|-start|p2a: Orthworm|Substitute|[from] move: Shed Tail\n|-damage|p2a: Orthworm|50/100\n|-enditem|p2a: Orthworm|Sitrus Berry|[eat]\n|-heal|p2a: Orthworm|75/100|[from] item: Sitrus Berry\n|\n|t:|1776445214\n|switch|p2a: Aggron|Aggron, L50, F|100/100|[from] Shed Tail\n|move|p2b: Sinistcha|Trick Room|p2b: Sinistcha\n|-fieldstart|move: Trick Room|[of] p2b: Sinistcha\n|\n|upkeep\n|turn|2\n|\n|t:|1776445236\n|detailschange|p2a: Aggron|Aggron-Mega, L50, F\n|-mega|p2a: Aggron|Aggron|Aggronite\n|detailschange|p1b: Charizard|Charizard-Mega-X, L50, M\n|-mega|p1b: Charizard|Charizard|Charizardite X\n|move|p1b: Charizard|Protect|p1b: Charizard\n|-singleturn|p1b: Charizard|Protect\n|move|p2a: Aggron|Curse|p2a: Aggron\n|-unboost|p2a: Aggron|spe|1\n|-boost|p2a: Aggron|atk|1\n|-boost|p2a: Aggron|def|1\n|move|p2b: Sinistcha|Shadow Ball|p1a: Dragapult\n|-supereffective|p1a: Dragapult|1\n|-damage|p1a: Dragapult|19/100\n|-enditem|p1a: Dragapult|Sitrus Berry|[eat]\n|-heal|p1a: Dragapult|44/100|[from] item: Sitrus Berry\n|move|p1a: Dragapult|U-turn|p2b: Sinistcha\n|-damage|p2b: Sinistcha|82/100\n|\n|t:|1776445253\n|switch|p1a: Kommo-o|Kommo-o, L50, M|100/100|[from] U-turn\n|\n|upkeep\n|turn|3\n|\n|t:|1776445265\n|move|p2a: Aggron|Earthquake|p1b: Charizard|[spread] p2b,p1a,p1b\n|-resisted|p2b: Sinistcha|1\n|-supereffective|p1b: Charizard|1\n|-damage|p2b: Sinistcha|63/100\n|-damage|p1a: Kommo-o|66/100\n|-damage|p1b: Charizard|18/100\n|move|p2b: Sinistcha|Life Dew||[still]|[spread] p2a,p2b\n|-fail|p2a: Aggron|heal\n|-heal|p2b: Sinistcha|89/100\n|move|p1a: Kommo-o|Clangorous Soul|p1a: Kommo-o\n|-boost|p1a: Kommo-o|atk|1\n|-boost|p1a: Kommo-o|def|1\n|-boost|p1a: Kommo-o|spa|1\n|-boost|p1a: Kommo-o|spd|1\n|-boost|p1a: Kommo-o|spe|1\n|-damage|p1a: Kommo-o|33/100\n|move|p1b: Charizard|Flare Blitz|p2b: Sinistcha\n|-supereffective|p2b: Sinistcha|1\n|-damage|p2b: Sinistcha|0 fnt\n|faint|p2b: Sinistcha\n|-damage|p1b: Charizard|0 fnt|[from] Recoil\n|faint|p1b: Charizard\n|\n|-heal|p1a: Kommo-o|39/100|[from] item: Leftovers\n|upkeep\n|\n|t:|1776445284\n|switch|p2b: Corviknight|Corviknight, L50, F|100/100\n|switch|p1b: Sinistcha|Sinistcha, L50|100/100\n|-heal|p1a: Kommo-o|64/100|[from] ability: Hospitality|[of] p1b: Sinistcha\n|turn|4\n|\n|t:|1776445302\n|move|p1b: Sinistcha|Rage Powder|p1b: Sinistcha\n|-singleturn|p1b: Sinistcha|move: Rage Powder\n|move|p2a: Aggron|Earthquake|p1a: Kommo-o|[spread] p1a,p1b\n|-immune|p2b: Corviknight\n|-resisted|p1b: Sinistcha|1\n|-damage|p1a: Kommo-o|39/100\n|-damage|p1b: Sinistcha|85/100\n|move|p2b: Corviknight|Brave Bird|p1b: Sinistcha\n|-supereffective|p1b: Sinistcha|1\n|-damage|p1b: Sinistcha|25/100\n|-damage|p2b: Corviknight|80/100|[from] Recoil\n|move|p1a: Kommo-o|Boomburst|p2a: Aggron|[spread] p2a,p2b\n|-immune|p1b: Sinistcha\n|-resisted|p2a: Aggron|1\n|-resisted|p2b: Corviknight|1\n|-damage|p2a: Aggron|75/100\n|-damage|p2b: Corviknight|58/100\n|\n|-heal|p1a: Kommo-o|45/100|[from] item: Leftovers\n|upkeep\n|turn|5\n|\n|t:|1776445336\n|move|p1b: Sinistcha|Protect|p1b: Sinistcha\n|-singleturn|p1b: Sinistcha|Protect\n|move|p2a: Aggron|Earthquake|p1a: Kommo-o|[spread] p1a\n|-activate|p1b: Sinistcha|move: Protect\n|-immune|p2b: Corviknight\n|-damage|p1a: Kommo-o|21/100\n|move|p2b: Corviknight|Brave Bird|p1a: Kommo-o\n|-supereffective|p1a: Kommo-o|1\n|-damage|p1a: Kommo-o|0 fnt\n|faint|p1a: Kommo-o\n|-damage|p2b: Corviknight|51/100|[from] Recoil\n|\n|-fieldend|move: Trick Room\n|upkeep\n|\n|t:|1776445348\n|switch|p1a: Dragapult|Dragapult, L50, M|44/100\n|turn|6\n|\n|t:|1776445363\n|move|p1a: Dragapult|Disable|p2b: Corviknight\n|-start|p2b: Corviknight|Disable|Brave Bird\n|move|p1b: Sinistcha|Matcha Gotcha|p2a: Aggron|[spread] p2b\n|-miss|p1b: Sinistcha|p2a: Aggron\n|-resisted|p2b: Corviknight|2\n|-damage|p2b: Corviknight|46/100\n|-heal|p1b: Sinistcha|27/100|[from] drain|[of] p2b: Corviknight\n|move|p2b: Corviknight|Roost|p2b: Corviknight\n|-heal|p2b: Corviknight|96/100\n|-singleturn|p2b: Corviknight|move: Roost\n|move|p2a: Aggron|Earthquake|p1a: Dragapult|[spread] p2b,p1a,p1b\n|-supereffective|p2b: Corviknight|1\n|-resisted|p1b: Sinistcha|1\n|-damage|p2b: Corviknight|24/100\n|-damage|p1a: Dragapult|0 fnt\n|-damage|p1b: Sinistcha|13/100\n|faint|p1a: Dragapult\n|\n|upkeep\n|turn|7\n|-message|SKhaoZ forfeited.\n|\n|win|mysssalamence\n|raw|SKhaoZ's rating: 1160 &rarr; <strong>1133</strong><br />(-27 for losing)\n|raw|mysssalamence's rating: 1127 &rarr; <strong>1154</strong><br />(+27 for winning)\n|l|\u2606SKhaoZ\n|player|p1|\n",
  "uploadtime": 1776445510,
  "views": 30,
  "formatid": "gen9championsvgc2026regma",
  "rating": 1133,
  "private": 0,
  "password": null
}