{
  "id": "gen9championsvgc2026regma-2585373700",
  "format": "[Gen 9 Champions] VGC 2026 Reg M-A",
  "players": [
    "dadebigo",
    "Max dray"
  ],
  "log": "|j|\u203ddadebigo\n|j|\u2606Max dray\n|t:|1776342381\n|gametype|doubles\n|player|p1|dadebigo|170|1020\n|player|p2|Max dray|102|1062\n|gen|9\n|tier|[Gen 9 Champions] VGC 2026 Reg M-A\n|rated|\n|rule|Species Clause: Limit one of each Pok\u00e9mon\n|rule|Item Clause: Limit 1 of each item\n|clearpoke\n|poke|p1|Gengar, L50, M|\n|poke|p1|Corviknight, L50, M|\n|poke|p1|Drampa, L50, M|\n|poke|p1|Incineroar, L50, M|\n|poke|p1|Araquanid, L50, M|\n|poke|p1|Sinistcha, L50|\n|poke|p2|Froslass, L50, F|\n|poke|p2|Ninetales-Alola, L50, F|\n|poke|p2|Aegislash, L50, M|\n|poke|p2|Dragonite, L50, M|\n|poke|p2|Slowking-Galar, L50, M|\n|poke|p2|Sinistcha-Masterpiece, L50|\n|teampreview|4\n|inactive|Battle timer is ON: inactive players will automatically lose when time's up. (requested by Max dray)\n|j| Azura Kowze\n|l| Azura Kowze\n|inactive|Max dray has 60 seconds left.\n|\n|t:|1776342415\n|teamsize|p1|4\n|teamsize|p2|4\n|start\n|switch|p1a: Sinistcha|Sinistcha, L50|100/100\n|switch|p1b: Incineroar|Incineroar, L50, M|100/100\n|switch|p2a: Ninetales|Ninetales-Alola, L50, F|100/100\n|switch|p2b: Aegislash|Aegislash, L50, M, shiny|100/100\n|-weather|Snowscape|[from] ability: Snow Warning|[of] p2a: Ninetales\n|-ability|p1b: Incineroar|Intimidate|boost\n|-unboost|p2a: Ninetales|atk|1\n|-unboost|p2b: Aegislash|atk|1\n|turn|1\n|\n|t:|1776342436\n|move|p1b: Incineroar|Fake Out|p2a: Ninetales\n|-damage|p2a: Ninetales|89/100\n|cant|p2a: Ninetales|flinch\n|move|p1a: Sinistcha|Matcha Gotcha|p2b: Aegislash|[spread] p2a,p2b\n|-resisted|p2b: Aegislash|1\n|-damage|p2a: Ninetales|64/100\n|-damage|p2b: Aegislash|83/100\n|-status|p2a: Ninetales|brn\n|-formechange|p2b: Aegislash|Aegislash-Blade|\n|move|p2b: Aegislash|Shadow Ball|p1a: Sinistcha\n|-supereffective|p1a: Sinistcha|1\n|-damage|p1a: Sinistcha|0 fnt\n|faint|p1a: Sinistcha\n|\n|-weather|Snowscape|[upkeep]\n|-heal|p2a: Ninetales|70/100 brn|[from] item: Leftovers\n|-damage|p2a: Ninetales|64/100 brn|[from] brn\n|upkeep\n|\n|t:|1776342454\n|switch|p1a: Gengar|Gengar, L50, M|100/100\n|turn|2\n|\n|t:|1776342476\n|detailschange|p1a: Gengar|Gengar-Mega, L50, M\n|-mega|p1a: Gengar|Gengar|Gengarite\n|move|p2a: Ninetales|Protect|p2a: Ninetales\n|-singleturn|p2a: Ninetales|Protect\n|-formechange|p2b: Aegislash|Aegislash|\n|move|p2b: Aegislash|King's Shield|p2b: Aegislash\n|-singleturn|p2b: Aegislash|Protect\n|move|p1a: Gengar|Shadow Ball|p2b: Aegislash\n|-activate|p2b: Aegislash|move: Protect\n|move|p1b: Incineroar|Flame Charge|p2a: Ninetales\n|-activate|p2a: Ninetales|move: Protect\n|\n|-weather|Snowscape|[upkeep]\n|-heal|p2a: Ninetales|70/100 brn|[from] item: Leftovers\n|-damage|p2a: Ninetales|64/100 brn|[from] brn\n|upkeep\n|turn|3\n|inactive|dadebigo has 30 seconds left.\n|\n|t:|1776342504\n|move|p1a: Gengar|Protect|p1a: Gengar\n|-singleturn|p1a: Gengar|Protect\n|move|p2a: Ninetales|Aurora Veil|p2a: Ninetales\n|-sidestart|p2: Max dray|move: Aurora Veil\n|move|p1b: Incineroar|Will-O-Wisp|p2b: Aegislash\n|-status|p2b: Aegislash|brn\n|-formechange|p2b: Aegislash|Aegislash-Blade|\n|move|p2b: Aegislash|Shadow Ball|p1a: Gengar\n|-activate|p1a: Gengar|move: Protect\n|\n|-weather|Snowscape|[upkeep]\n|-heal|p2a: Ninetales|70/100 brn|[from] item: Leftovers\n|-damage|p2a: Ninetales|64/100 brn|[from] brn\n|-damage|p2b: Aegislash|77/100 brn|[from] brn\n|upkeep\n|turn|4\n|inactive|dadebigo has 30 seconds left.\n|inactive|Max dray has 30 seconds left.\n|\n|t:|1776342536\n|move|p1a: Gengar|Shadow Ball|p2b: Aegislash\n|-supereffective|p2b: Aegislash|1\n|-damage|p2b: Aegislash|0 fnt\n|faint|p2b: Aegislash\n|move|p2a: Ninetales|Icy Wind|p1b: Incineroar|[spread] p1a,p1b\n|-resisted|p1b: Incineroar|1\n|-damage|p1a: Gengar|86/100\n|-damage|p1b: Incineroar|95/100\n|-unboost|p1a: Gengar|spe|1\n|-unboost|p1b: Incineroar|spe|1\n|move|p1b: Incineroar|Darkest Lariat|p2a: Ninetales\n|-resisted|p2a: Ninetales|1\n|-damage|p2a: Ninetales|51/100 brn\n|\n|-weather|Snowscape|[upkeep]\n|-heal|p2a: Ninetales|57/100 brn|[from] item: Leftovers\n|-damage|p2a: Ninetales|51/100 brn|[from] brn\n|upkeep\n|\n|t:|1776342557\n|switch|p2b: Froslass|Froslass, L50, F|100/100\n|turn|5\n|\n|t:|1776342576\n|switch|p1a: Corviknight|Corviknight, L50, M|100/100\n|detailschange|p2b: Froslass|Froslass-Mega, L50, F\n|-mega|p2b: Froslass|Froslass|Froslassite\n|move|p2b: Froslass|Blizzard|p1a: Corviknight|[spread] p1a,p1b\n|-resisted|p1b: Incineroar|1\n|-damage|p1a: Corviknight|67/100\n|-damage|p1b: Incineroar|74/100\n|move|p2a: Ninetales|Icy Wind|p1a: Corviknight|[spread] p1a\n|-miss|p2a: Ninetales|p1b: Incineroar\n|-damage|p1a: Corviknight|58/100\n|-ability|p1a: Corviknight|Mirror Armor\n|-unboost|p2a: Ninetales|spe|1\n|move|p1b: Incineroar|Darkest Lariat|p2b: Froslass\n|-supereffective|p2b: Froslass|1\n|-damage|p2b: Froslass|24/100\n|\n|-weather|none\n|-heal|p1a: Corviknight|64/100|[from] item: Leftovers\n|-heal|p2a: Ninetales|57/100 brn|[from] item: Leftovers\n|-damage|p2a: Ninetales|51/100 brn|[from] brn\n|upkeep\n|turn|6\n|inactive|dadebigo has 30 seconds left.\n|inactive|Max dray has 30 seconds left.\n|\n|t:|1776342604\n|switch|p2a: Dragonite|Dragonite, L50, M|100/100\n|move|p2b: Froslass|Protect|p2b: Froslass\n|-singleturn|p2b: Froslass|Protect\n|move|p1a: Corviknight|Roost|p1a: Corviknight\n|-heal|p1a: Corviknight|100/100\n|-singleturn|p1a: Corviknight|move: Roost\n|move|p1b: Incineroar|Darkest Lariat|p2b: Froslass\n|-activate|p2b: Froslass|move: Protect\n|\n|upkeep\n|turn|7\n|inactive|Max dray has 30 seconds left.\n|\n|t:|1776342635\n|move|p2b: Froslass|Shadow Ball|p1b: Incineroar\n|-resisted|p1b: Incineroar|1\n|-damage|p1b: Incineroar|55/100\n|move|p2a: Dragonite|Draco Meteor|p1b: Incineroar\n|-damage|p1b: Incineroar|2/100\n|-unboost|p2a: Dragonite|spa|2\n|-enditem|p2a: Dragonite|White Herb\n|-clearnegativeboost|p2a: Dragonite|[silent]\n|move|p1a: Corviknight|Bulk Up|p1a: Corviknight\n|-boost|p1a: Corviknight|atk|1\n|-boost|p1a: Corviknight|def|1\n|move|p1b: Incineroar|Will-O-Wisp|p2a: Dragonite|[miss]\n|-miss|p1b: Incineroar|p2a: Dragonite\n|\n|-sideend|p2: Max dray|move: Aurora Veil\n|upkeep\n|turn|8\n|inactive|Max dray has 30 seconds left.\n|inactive|Max dray has 20 seconds left.\n|\n|t:|1776342674\n|switch|p2b: Ninetales|Ninetales-Alola, L50, F|51/100 brn\n|-weather|Snowscape|[from] ability: Snow Warning|[of] p2b: Ninetales\n|move|p2a: Dragonite|Extreme Speed|p1b: Incineroar\n|-damage|p1b: Incineroar|0 fnt\n|faint|p1b: Incineroar\n|move|p1a: Corviknight|Body Press|p2a: Dragonite\n|-resisted|p2a: Dragonite|1\n|-damage|p2a: Dragonite|92/100\n|\n|-weather|Snowscape|[upkeep]\n|-heal|p2b: Ninetales|57/100 brn|[from] item: Leftovers\n|-damage|p2b: Ninetales|51/100 brn|[from] brn\n|upkeep\n|\n|t:|1776342686\n|switch|p1b: Gengar|Gengar-Mega, L50, M|86/100\n|turn|9\n|\n|t:|1776342699\n|move|p1b: Gengar|Protect|p1b: Gengar\n|-singleturn|p1b: Gengar|Protect\n|move|p2a: Dragonite|Draco Meteor|p1b: Gengar\n|-activate|p1b: Gengar|move: Protect\n|move|p2b: Ninetales|Aurora Veil|p2b: Ninetales\n|-sidestart|p2: Max dray|move: Aurora Veil\n|move|p1a: Corviknight|Bulk Up|p1a: Corviknight\n|-boost|p1a: Corviknight|atk|1\n|-boost|p1a: Corviknight|def|1\n|\n|-weather|Snowscape|[upkeep]\n|-heal|p2b: Ninetales|57/100 brn|[from] item: Leftovers\n|-damage|p2b: Ninetales|51/100 brn|[from] brn\n|upkeep\n|turn|10\n|\n|t:|1776342719\n|move|p2b: Ninetales|Protect|p2b: Ninetales\n|-singleturn|p2b: Ninetales|Protect\n|move|p1b: Gengar|Substitute|p1b: Gengar\n|-start|p1b: Gengar|Substitute\n|-damage|p1b: Gengar|62/100\n|move|p2a: Dragonite|Earthquake|p1b: Gengar|[spread] p1b\n|-activate|p2b: Ninetales|move: Protect\n|-immune|p1a: Corviknight\n|-supereffective|p1b: Gengar|1\n|-end|p1b: Gengar|Substitute\n|move|p1a: Corviknight|Body Press|p2a: Dragonite\n|-resisted|p2a: Dragonite|1\n|-damage|p2a: Dragonite|77/100\n|\n|-weather|Snowscape|[upkeep]\n|-heal|p2b: Ninetales|57/100 brn|[from] item: Leftovers\n|-damage|p2b: Ninetales|51/100 brn|[from] brn\n|upkeep\n|turn|11\n|inactive|dadebigo has 30 seconds left.\n|inactive|Max dray has 30 seconds left.\n|\n|t:|1776342748\n|move|p1b: Gengar|Protect|p1b: Gengar\n|-singleturn|p1b: Gengar|Protect\n|move|p2a: Dragonite|Draco Meteor|p1b: Gengar\n|-activate|p1b: Gengar|move: Protect\n|move|p2b: Ninetales|Icy Wind|p1a: Corviknight|[spread] p1a\n|-activate|p1b: Gengar|move: Protect\n|-damage|p1a: Corviknight|91/100\n|-ability|p1a: Corviknight|Mirror Armor\n|-unboost|p2b: Ninetales|spe|1\n|move|p1a: Corviknight|Brave Bird|p2a: Dragonite\n|-damage|p2a: Dragonite|17/100\n|-damage|p1a: Corviknight|75/100|[from] Recoil\n|\n|-weather|Snowscape|[upkeep]\n|-heal|p2b: Ninetales|57/100 brn|[from] item: Leftovers\n|-heal|p1a: Corviknight|81/100|[from] item: Leftovers\n|-damage|p2b: Ninetales|51/100 brn|[from] brn\n|upkeep\n|turn|12\n|inactive|dadebigo has 30 seconds left.\n|\n|t:|1776342774\n|move|p1b: Gengar|Substitute|p1b: Gengar\n|-start|p1b: Gengar|Substitute\n|-damage|p1b: Gengar|38/100\n|move|p2a: Dragonite|Draco Meteor|p1b: Gengar\n|-end|p1b: Gengar|Substitute\n|-unboost|p2a: Dragonite|spa|2\n|move|p2b: Ninetales|Icy Wind|p1b: Gengar|[spread] p1a,p1b\n|-damage|p1a: Corviknight|72/100\n|-damage|p1b: Gengar|23/100\n|-ability|p1a: Corviknight|Mirror Armor\n|-unboost|p2b: Ninetales|spe|1\n|-unboost|p1b: Gengar|spe|1\n|move|p1a: Corviknight|Brave Bird|p2a: Dragonite\n|-damage|p2a: Dragonite|0 fnt\n|faint|p2a: Dragonite\n|-damage|p1a: Corviknight|67/100|[from] Recoil\n|\n|-weather|none\n|-heal|p1a: Corviknight|73/100|[from] item: Leftovers\n|-heal|p2b: Ninetales|57/100 brn|[from] item: Leftovers\n|-damage|p2b: Ninetales|51/100 brn|[from] brn\n|upkeep\n|\n|t:|1776342798\n|switch|p2a: Froslass|Froslass-Mega, L50, F|24/100\n|-weather|Snowscape|[from] ability: Snow Warning|[of] p2a: Froslass\n|turn|13\n|\n|t:|1776342816\n|move|p1b: Gengar|Protect|p1b: Gengar\n|-singleturn|p1b: Gengar|Protect\n|move|p2a: Froslass|Blizzard|p1b: Gengar|[spread] p1a\n|-activate|p1b: Gengar|move: Protect\n|-damage|p1a: Corviknight|40/100\n|move|p1a: Corviknight|Brave Bird|p2a: Froslass\n|-damage|p2a: Froslass|0 fnt\n|faint|p2a: Froslass\n|-damage|p1a: Corviknight|35/100|[from] Recoil\n|move|p2b: Ninetales|Moonblast|p1a: Corviknight\n|-resisted|p1a: Corviknight|1\n|-damage|p1a: Corviknight|24/100\n|\n|-weather|Snowscape|[upkeep]\n|-heal|p1a: Corviknight|30/100|[from] item: Leftovers\n|-heal|p2b: Ninetales|57/100 brn|[from] item: Leftovers\n|-damage|p2b: Ninetales|51/100 brn|[from] brn\n|-sideend|p2: Max dray|move: Aurora Veil\n|upkeep\n|turn|14\n|\n|t:|1776342834\n|move|p1b: Gengar|Sludge Bomb|p2b: Ninetales\n|-supereffective|p2b: Ninetales|1\n|-damage|p2b: Ninetales|0 fnt\n|faint|p2b: Ninetales\n|\n|win|dadebigo\n|raw|dadebigo's rating: 1020 &rarr; <strong>1061</strong><br />(+41 for winning)\n|raw|Max dray's rating: 1062 &rarr; <strong>1040</strong><br />(-22 for losing)\n|l|\u2606Max dray\n|player|p2|\n",
  "uploadtime": 1776342840,
  "views": 35,
  "formatid": "gen9championsvgc2026regma",
  "rating": 1040,
  "private": 0,
  "password": null
}