{
  "id": "gen9championsvgc2026regma-2583336646",
  "format": "[Gen 9 Champions] VGC 2026 Reg M-A",
  "players": [
    "actuary97",
    "b3rta"
  ],
  "log": "|j|\u2606actuary97\n|j|\u2606b3rta\n|t:|1776168065\n|gametype|doubles\n|player|p1|actuary97|sabrina-frlg|1480\n|player|p2|b3rta|101|1544\n|gen|9\n|tier|[Gen 9 Champions] VGC 2026 Reg M-A\n|rated|\n|rule|Species Clause: Limit one of each Pok\u00e9mon\n|rule|Item Clause: Limit 1 of each item\n|clearpoke\n|poke|p1|Delphox, L50, F|\n|poke|p1|Tyranitar, L50, F|\n|poke|p1|Gallade, L50, M|\n|poke|p1|Sinistcha, L50|\n|poke|p1|Garchomp, L50, M|\n|poke|p1|Corviknight, L50, M|\n|poke|p2|Sneasler, L50, M|\n|poke|p2|Kangaskhan, L50, F|\n|poke|p2|Ceruledge, L50, F|\n|poke|p2|Milotic, L50, F|\n|poke|p2|Goodra-Hisui, L50, F|\n|poke|p2|Sinistcha-Masterpiece, L50|\n|teampreview|4\n|j| maliciousdeez\n|j| yovan\n|j| doremy\n|\n|t:|1776168118\n|teamsize|p1|4\n|teamsize|p2|4\n|start\n|switch|p1a: Delphox|Delphox, L50, F|100/100\n|switch|p1b: Gallade|Gallade, L50, M, shiny|100/100\n|switch|p2a: Milotic|Milotic, L50, F|100/100\n|switch|p2b: Kangaskhan|Kangaskhan, L50, F|100/100\n|turn|1\n|\n|t:|1776168135\n|switch|p2b: Ceruledge|Ceruledge, L50, F|100/100\n|detailschange|p1a: Delphox|Delphox-Mega, L50, F\n|-mega|p1a: Delphox|Delphox|Delphoxite\n|move|p1a: Delphox|Will-O-Wisp|p2b: Ceruledge\n|-start|p2b: Ceruledge|ability: Flash Fire\n|move|p1b: Gallade|Leaf Blade|p2a: Milotic\n|-supereffective|p2a: Milotic|1\n|-damage|p2a: Milotic|0 fnt\n|faint|p2a: Milotic\n|\n|upkeep\n|\n|t:|1776168148\n|switch|p2a: Kangaskhan|Kangaskhan, L50, F|100/100\n|turn|2\n|\n|t:|1776168160\n|switch|p1b: Garchomp|Garchomp, L50, M|100/100\n|detailschange|p2a: Kangaskhan|Kangaskhan-Mega, L50, F\n|-mega|p2a: Kangaskhan|Kangaskhan|Kangaskhanite\n|move|p1a: Delphox|Protect|p1a: Delphox\n|-singleturn|p1a: Delphox|Protect\n|move|p2a: Kangaskhan|Fake Out|p1b: Garchomp\n|-damage|p1b: Garchomp|79/100\n|-damage|p2a: Kangaskhan|88/100|[from] ability: Rough Skin|[of] p1b: Garchomp\n|-damage|p1b: Garchomp|75/100\n|-damage|p2a: Kangaskhan|76/100|[from] ability: Rough Skin|[of] p1b: Garchomp\n|-hitcount|p1b: Garchomp|2\n|move|p2b: Ceruledge|Bulk Up|p2b: Ceruledge\n|-boost|p2b: Ceruledge|atk|1\n|-boost|p2b: Ceruledge|def|1\n|\n|upkeep\n|turn|3\n|\n|t:|1776168181\n|move|p2b: Ceruledge|Protect|p2b: Ceruledge\n|-singleturn|p2b: Ceruledge|Protect\n|move|p1a: Delphox|Psyshock|p2b: Ceruledge\n|-activate|p2b: Ceruledge|move: Protect\n|move|p1b: Garchomp|Earthquake|p2a: Kangaskhan|[spread] p2a\n|-activate|p2b: Ceruledge|move: Protect\n|-immune|p1a: Delphox|[from] ability: Levitate\n|-crit|p2a: Kangaskhan\n|-damage|p2a: Kangaskhan|25/100\n|move|p2a: Kangaskhan|Body Slam|p1b: Garchomp\n|-damage|p1b: Garchomp|34/100\n|-status|p1b: Garchomp|par\n|-damage|p2a: Kangaskhan|13/100|[from] ability: Rough Skin|[of] p1b: Garchomp\n|-damage|p1b: Garchomp|23/100 par\n|-damage|p2a: Kangaskhan|0 fnt|[from] ability: Rough Skin|[of] p1b: Garchomp\n|faint|p2a: Kangaskhan\n|-hitcount|p1b: Garchomp|2\n|\n|upkeep\n|\n|t:|1776168201\n|switch|p2a: Sinistcha|Sinistcha-Masterpiece, L50|100/100\n|turn|4\n|\n|t:|1776168213\n|move|p1a: Delphox|Heat Wave|p2a: Sinistcha|[spread] p2a\n|-immune|p2b: Ceruledge|[from] ability: Flash Fire\n|-supereffective|p2a: Sinistcha|1\n|-enditem|p2a: Sinistcha|Occa Berry|[eat]\n|-enditem|p2a: Sinistcha|Occa Berry|[weaken]\n|-damage|p2a: Sinistcha|60/100\n|move|p2b: Ceruledge|Bitter Blade|p1b: Garchomp\n|-resisted|p1b: Garchomp|1\n|-damage|p1b: Garchomp|0 fnt\n|-damage|p2b: Ceruledge|88/100|[from] ability: Rough Skin|[of] p1b: Garchomp\n|faint|p1b: Garchomp\n|move|p2a: Sinistcha|Trick Room|p2a: Sinistcha\n|-fieldstart|move: Trick Room|[of] p2a: Sinistcha\n|\n|upkeep\n|\n|t:|1776168223\n|switch|p1b: Sinistcha|Sinistcha, L50, shiny|100/100\n|turn|5\n|\n|t:|1776168237\n|move|p2a: Sinistcha|Matcha Gotcha|p1b: Sinistcha|[spread] p1a,p1b\n|-resisted|p1a: Delphox|1\n|-resisted|p1b: Sinistcha|1\n|-damage|p1a: Delphox|89/100\n|-heal|p2a: Sinistcha|65/100|[from] drain|[of] p1a: Delphox\n|-damage|p1b: Sinistcha|89/100\n|-heal|p2a: Sinistcha|71/100|[from] drain|[of] p1b: Sinistcha\n|move|p1b: Sinistcha|Shadow Ball|p2b: Ceruledge\n|-supereffective|p2b: Ceruledge|1\n|-damage|p2b: Ceruledge|3/100\n|move|p2b: Ceruledge|Bitter Blade|p1b: Sinistcha\n|-supereffective|p1b: Sinistcha|1\n|-damage|p1b: Sinistcha|0 fnt\n|-heal|p2b: Ceruledge|46/100|[from] drain|[of] p1b: Sinistcha\n|faint|p1b: Sinistcha\n|move|p1a: Delphox|Psyshock|p2b: Ceruledge\n|-damage|p2b: Ceruledge|8/100\n|\n|upkeep\n|\n|t:|1776168249\n|switch|p1b: Gallade|Gallade, L50, M, shiny|100/100\n|turn|6\n|\n|t:|1776168262\n|move|p1b: Gallade|Protect|p1b: Gallade\n|-singleturn|p1b: Gallade|Protect\n|move|p2a: Sinistcha|Matcha Gotcha|p1a: Delphox|[spread] p1a\n|-activate|p1b: Gallade|move: Protect\n|-resisted|p1a: Delphox|1\n|-damage|p1a: Delphox|77/100\n|-heal|p2a: Sinistcha|76/100|[from] drain|[of] p1a: Delphox\n|move|p2b: Ceruledge|Bitter Blade|p1b: Gallade\n|-activate|p1b: Gallade|move: Protect\n|move|p1a: Delphox|Psyshock|p2b: Ceruledge\n|-damage|p2b: Ceruledge|0 fnt\n|faint|p2b: Ceruledge\n|\n|upkeep\n|turn|7\n|\n|t:|1776168273\n|move|p2a: Sinistcha|Matcha Gotcha|p1b: Gallade|[spread] p1a,p1b\n|-resisted|p1a: Delphox|1\n|-damage|p1a: Delphox|66/100\n|-heal|p2a: Sinistcha|81/100|[from] drain|[of] p1a: Delphox\n|-damage|p1b: Gallade|75/100\n|-heal|p2a: Sinistcha|92/100|[from] drain|[of] p1b: Gallade\n|move|p1b: Gallade|Psycho Cut|p2a: Sinistcha\n|-crit|p2a: Sinistcha\n|-damage|p2a: Sinistcha|17/100\n|move|p1a: Delphox|Heat Wave|p2a: Sinistcha\n|-supereffective|p2a: Sinistcha|1\n|-damage|p2a: Sinistcha|0 fnt\n|faint|p2a: Sinistcha\n|\n|win|actuary97\n|raw|actuary97's rating: 1480 &rarr; <strong>1504</strong><br />(+24 for winning)\n|raw|b3rta's rating: 1544 &rarr; <strong>1520</strong><br />(-24 for losing)\n|l|\u2606b3rta\n|player|p2|\n|l| doremy\n|c|\u2606actuary97|gg\n",
  "uploadtime": 1776168287,
  "views": 79,
  "formatid": "gen9championsvgc2026regma",
  "rating": 1504,
  "private": 0,
  "password": null
}