{
  "id": "gen9championsvgc2026regma-2587305614",
  "format": "[Gen 9 Champions] VGC 2026 Reg M-A",
  "players": [
    "isabellissima",
    "ccu#1"
  ],
  "log": "|j|\u2606isabellissima\n|j|\u2606ccu#1\n|t:|1776520310\n|gametype|doubles\n|player|p1|isabellissima|265|1315\n|player|p2|ccu#1|blue|1263\n|gen|9\n|tier|[Gen 9 Champions] VGC 2026 Reg M-A\n|rated|\n|rule|Species Clause: Limit one of each Pok\u00e9mon\n|rule|Item Clause: Limit 1 of each item\n|clearpoke\n|poke|p1|Incineroar, L50, M, shiny|\n|poke|p1|Gengar, L50, F, shiny|\n|poke|p1|Sneasler, L50, F|\n|poke|p1|Maushold-Four, L50|\n|poke|p1|Kommo-o, L50, F, shiny|\n|poke|p1|Politoed, L50, M, shiny|\n|poke|p2|Golurk, L50|\n|poke|p2|Torkoal, L50, F|\n|poke|p2|Farigiraf, L50, F|\n|poke|p2|Sneasler, L50, M|\n|poke|p2|Incineroar, L50, M|\n|poke|p2|Venusaur, L50, M|\n|teampreview|4\n|inactive|Battle timer is ON: inactive players will automatically lose when time's up. (requested by ccu#1)\nccu#1 rejected open team sheets.\n|\n|t:|1776520355\n|teamsize|p1|4\n|teamsize|p2|4\n|start\n|switch|p1a: Maushold|Maushold-Four, L50|100/100\n|switch|p1b: Kommo-o|Kommo-o, L50, F, shiny|100/100\n|switch|p2a: Farigiraf|Farigiraf, L50, F|100/100\n|switch|p2b: Incineroar|Incineroar, L50, M|100/100\n|-ability|p2b: Incineroar|Intimidate|boost\n|-unboost|p1a: Maushold|atk|1\n|-unboost|p1b: Kommo-o|atk|1\n|turn|1\n|\n|t:|1776520369\n|move|p1b: Kommo-o|Protect|p1b: Kommo-o\n|-singleturn|p1b: Kommo-o|Protect\n|move|p1a: Maushold|Super Fang|p2a: Farigiraf\n|-damage|p2a: Farigiraf|51/100\n|move|p2b: Incineroar|Parting Shot|p1b: Kommo-o\n|-activate|p1b: Kommo-o|move: Protect\n|move|p2a: Farigiraf|Trick Room|p2a: Farigiraf\n|-fieldstart|move: Trick Room|[of] p2a: Farigiraf\n|\n|upkeep\n|turn|2\n|\n|t:|1776520391\n|move|p1a: Maushold|Follow Me|p1a: Maushold\n|-singleturn|p1a: Maushold|move: Follow Me\n|move|p2a: Farigiraf|Psychic|p1a: Maushold\n|-damage|p1a: Maushold|50/100\n|move|p2b: Incineroar|Parting Shot|p1a: Maushold\n|-unboost|p1a: Maushold|atk|1\n|-unboost|p1a: Maushold|spa|1\n|\n|t:|1776520397\n|switch|p2b: IFistU|Golurk, L50|100/100|[from] Parting Shot\n|move|p1b: Kommo-o|Clangorous Soul|p1b: Kommo-o\n|-boost|p1b: Kommo-o|atk|1\n|-boost|p1b: Kommo-o|def|1\n|-boost|p1b: Kommo-o|spa|1\n|-boost|p1b: Kommo-o|spd|1\n|-boost|p1b: Kommo-o|spe|1\n|-damage|p1b: Kommo-o|68/100\n|\n|upkeep\n|turn|3\n|\n|t:|1776520420\n|detailschange|p2b: IFistU|Golurk-Mega, L50\n|-mega|p2b: IFistU|Golurk|Golurkite\n|move|p1a: Maushold|Follow Me|p1a: Maushold\n|-singleturn|p1a: Maushold|move: Follow Me\n|move|p2b: IFistU|Headlong Rush|p1a: Maushold\n|-damage|p1a: Maushold|0 fnt\n|-unboost|p2b: IFistU|def|1\n|-unboost|p2b: IFistU|spd|1\n|faint|p1a: Maushold\n|move|p2a: Farigiraf|Psychic|p1b: Kommo-o\n|-supereffective|p1b: Kommo-o|1\n|-damage|p1b: Kommo-o|24/100\n|move|p1b: Kommo-o|Clanging Scales|p2a: Farigiraf|[spread] p2a,p2b\n|-damage|p2a: Farigiraf|0 fnt\n|-damage|p2b: IFistU|20/100\n|faint|p2a: Farigiraf\n|-unboost|p1b: Kommo-o|def|1\n|\n|upkeep\n|\n|t:|1776520439\n|switch|p2a: Torkoal|Torkoal, L50, F|100/100\n|switch|p1a: Politoed|Politoed, L50, M, shiny|100/100\n|-weather|SunnyDay|[from] ability: Drought|[of] p2a: Torkoal\n|-weather|RainDance|[from] ability: Drizzle|[of] p1a: Politoed\n|turn|4\n|\n|t:|1776520456\n|switch|p2a: Incineroar|Incineroar, L50, M|100/100\n|-ability|p2a: Incineroar|Intimidate|boost\n|-unboost|p1a: Politoed|atk|1\n|-unboost|p1b: Kommo-o|atk|1\n|move|p1b: Kommo-o|Protect|p1b: Kommo-o\n|-singleturn|p1b: Kommo-o|Protect\n|move|p2b: IFistU|Headlong Rush|p1b: Kommo-o\n|-ability|p2b: IFistU|Unseen Fist\n|-zbroken|p1b: Kommo-o\n|-damage|p1b: Kommo-o|8/100\n|-unboost|p2b: IFistU|def|1\n|-unboost|p2b: IFistU|spd|1\n|move|p1a: Politoed|Weather Ball|p2b: IFistU\n|-supereffective|p2b: IFistU|1\n|-damage|p2b: IFistU|0 fnt\n|faint|p2b: IFistU\n|\n|-weather|RainDance|[upkeep]\n|upkeep\n|\n|t:|1776520462\n|switch|p2b: Torkoal|Torkoal, L50, F|100/100\n|-weather|SunnyDay|[from] ability: Drought|[of] p2b: Torkoal\n|turn|5\n|\n|t:|1776520476\n|switch|p1b: Sneasler|Sneasler, L50, F|100/100\n|move|p1a: Politoed|Protect|p1a: Politoed\n|-singleturn|p1a: Politoed|Protect\n|move|p2a: Incineroar|Fake Out|p1b: Sneasler\n|-damage|p1b: Sneasler|81/100\n|move|p2b: Torkoal|Eruption|p1b: Sneasler|[spread] p1b\n|-activate|p1a: Politoed|move: Protect\n|-crit|p1b: Sneasler\n|-damage|p1b: Sneasler|0 fnt\n|faint|p1b: Sneasler\n|\n|-weather|SunnyDay|[upkeep]\n|-fieldend|move: Trick Room\n|upkeep\n|\n|t:|1776520486\n|switch|p1b: Kommo-o|Kommo-o, L50, F, shiny|8/100\n|turn|6\n|\n|t:|1776520503\n|move|p1b: Kommo-o|Clanging Scales|p2a: Incineroar|[spread] p2a,p2b\n|-damage|p2a: Incineroar|59/100\n|-damage|p2b: Torkoal|45/100\n|-unboost|p1b: Kommo-o|def|1\n|move|p1a: Politoed|Encore|p2a: Incineroar\n|-start|p2a: Incineroar|Encore\n|move|p2a: Incineroar|Fake Out||[still]\n|-hint|Fake Out only works on your first turn out.\n|-fail|p2a: Incineroar\n|move|p2b: Torkoal|Heat Wave|p1b: Kommo-o|[spread] p1a,p1b\n|-resisted|p1a: Politoed|1\n|-resisted|p1b: Kommo-o|1\n|-damage|p1a: Politoed|78/100\n|-damage|p1b: Kommo-o|0 fnt\n|faint|p1b: Kommo-o\n|\n|-weather|SunnyDay|[upkeep]\n|-heal|p1a: Politoed|84/100|[from] item: Leftovers\n|upkeep\n|turn|7\n|\n|t:|1776520517\n|move|p1a: Politoed|Weather Ball|p2b: Torkoal\n|-resisted|p2b: Torkoal|1\n|-damage|p2b: Torkoal|25/100\n|-activate|p2a: Incineroar|move: Struggle\n|move|p2a: Incineroar|Struggle|p1a: Politoed\n|-damage|p1a: Politoed|72/100\n|-damage|p2a: Incineroar|34/100|[from] recoil\n|move|p2b: Torkoal|Weather Ball|p1a: Politoed\n|-resisted|p1a: Politoed|1\n|-damage|p1a: Politoed|36/100\n|\n|-weather|SunnyDay|[upkeep]\n|-heal|p1a: Politoed|42/100|[from] item: Leftovers\n|upkeep\n|turn|8\n|\n|t:|1776520531\n|move|p1a: Politoed|Weather Ball|p2b: Torkoal\n|-resisted|p2b: Torkoal|1\n|-damage|p2b: Torkoal|7/100\n|-activate|p2a: Incineroar|move: Struggle\n|move|p2a: Incineroar|Struggle|p1a: Politoed\n|-damage|p1a: Politoed|30/100\n|-damage|p2a: Incineroar|9/100|[from] recoil\n|move|p2b: Torkoal|Weather Ball|p1a: Politoed\n|-resisted|p1a: Politoed|1\n|-damage|p1a: Politoed|0 fnt\n|faint|p1a: Politoed\n|\n|win|ccu#1\n|raw|isabellissima's rating: 1315 &rarr; <strong>1292</strong><br />(-23 for losing)\n|raw|ccu#1's rating: 1263 &rarr; <strong>1292</strong><br />(+29 for winning)\n",
  "uploadtime": 1776520537,
  "views": 41,
  "formatid": "gen9championsvgc2026regma",
  "rating": 1292,
  "private": 0,
  "password": null
}