{
  "id": "gen9championsvgc2026regma-2587917241",
  "format": "[Gen 9 Champions] VGC 2026 Reg M-A",
  "players": [
    "torlemaste",
    "TheGamingMammoth"
  ],
  "log": "|j|\u2606torlemaste\n|j|\u2606TheGamingMammoth\n|t:|1776578772\n|gametype|doubles\n|player|p1|torlemaste|lance|1165\n|player|p2|TheGamingMammoth|1|1207\n|gen|9\n|tier|[Gen 9 Champions] VGC 2026 Reg M-A\n|rated|\n|rule|Species Clause: Limit one of each Pok\u00e9mon\n|rule|Item Clause: Limit 1 of each item\n|clearpoke\n|poke|p1|Floette-Eternal, L50, F|\n|poke|p1|Garchomp, L50, M|\n|poke|p1|Sneasler, L50, M, shiny|\n|poke|p1|Rotom-Wash, L50, shiny|\n|poke|p1|Aerodactyl, L50, M|\n|poke|p1|Incineroar, L50, F|\n|poke|p2|Politoed, L50, F|\n|poke|p2|Venusaur, L50, M|\n|poke|p2|Charizard, L50, M, shiny|\n|poke|p2|Clefable, L50, F|\n|poke|p2|Scizor, L50, F|\n|poke|p2|Sableye, L50, M|\n|teampreview|4\n|inactive|Battle timer is ON: inactive players will automatically lose when time's up. (requested by torlemaste)\n|\n|t:|1776578812\n|teamsize|p1|4\n|teamsize|p2|4\n|start\n|switch|p1a: Aerodactyl|Aerodactyl, L50, M|100/100\n|switch|p1b: Sneasler|Sneasler, L50, M, shiny|100/100\n|switch|p2a: Sableye|Sableye, L50, M|100/100\n|switch|p2b: Venusaur|Venusaur, L50, M|100/100\n|-ability|p1a: Aerodactyl|Unnerve\n|turn|1\n|inactive|torlemaste has 30 seconds left.\n|\n|t:|1776578844\n|detailschange|p2b: Venusaur|Venusaur-Mega, L50, M\n|-mega|p2b: Venusaur|Venusaur|Venusaurite\n|move|p1b: Sneasler|Fake Out|p2b: Venusaur\n|-damage|p2b: Venusaur|92/100\n|move|p2a: Sableye|Fake Out|p1b: Sneasler\n|-damage|p1b: Sneasler|90/100\n|move|p1a: Aerodactyl|Rock Slide|p2a: Sableye|[spread] p2a,p2b\n|-damage|p2a: Sableye|74/100\n|-damage|p2b: Venusaur|74/100\n|cant|p2b: Venusaur|flinch\n|\n|-heal|p2a: Sableye|80/100|[from] item: Leftovers\n|upkeep\n|turn|2\n|\n|t:|1776578863\n|move|p2a: Sableye|Encore|p1b: Sneasler\n|-start|p1b: Sneasler|Encore\n|move|p1b: Sneasler|Fake Out||[still]\n|-hint|Fake Out only works on your first turn out.\n|-fail|p1b: Sneasler\n|move|p1a: Aerodactyl|Tailwind|p1a: Aerodactyl\n|-sidestart|p1: torlemaste|move: Tailwind\n|move|p2b: Venusaur|Sleep Powder|p1b: Sneasler\n|-status|p1b: Sneasler|slp|[from] move: Sleep Powder\n|\n|-heal|p2a: Sableye|86/100|[from] item: Leftovers\n|upkeep\n|turn|3\n|inactive|torlemaste has 30 seconds left.\n|inactive|TheGamingMammoth has 30 seconds left.\n|\n|t:|1776578891\n|move|p2a: Sableye|Encore|p1a: Aerodactyl\n|-start|p1a: Aerodactyl|Encore\n|move|p1a: Aerodactyl|Tailwind||[still]\n|-fail|p1a: Aerodactyl\n|cant|p1b: Sneasler|slp\n|move|p2b: Venusaur|Sleep Powder|p1b: Sneasler\n|-fail|p1b: Sneasler|slp\n|\n|-heal|p2a: Sableye|92/100|[from] item: Leftovers\n|upkeep\n|turn|4\n|\n|t:|1776578913\n|switch|p1a: Incineroar|Incineroar, L50, F|100/100\n|-ability|p1a: Incineroar|Intimidate|boost\n|-unboost|p2a: Sableye|atk|1\n|-unboost|p2b: Venusaur|atk|1\n|cant|p1b: Sneasler|slp\n|move|p2b: Venusaur|Giga Drain|p1a: Incineroar\n|-resisted|p1a: Incineroar|1\n|-damage|p1a: Incineroar|85/100\n|-heal|p2b: Venusaur|83/100|[from] drain|[of] p1a: Incineroar\n|move|p2a: Sableye|Foul Play|p1a: Incineroar\n|-resisted|p1a: Incineroar|1\n|-damage|p1a: Incineroar|71/100\n|\n|-heal|p2a: Sableye|98/100|[from] item: Leftovers\n|-end|p1b: Sneasler|Encore\n|upkeep\n|turn|5\n|inactive|TheGamingMammoth has 30 seconds left.\n|inactive|TheGamingMammoth has 20 seconds left.\n|\n|t:|1776578950\n|switch|p2a: Clefable|Clefable, L50, F|100/100\n|move|p2b: Venusaur|Protect|p2b: Venusaur\n|-singleturn|p2b: Venusaur|Protect\n|-curestatus|p1b: Sneasler|slp|[msg]\n|move|p1b: Sneasler|Dire Claw|p2b: Venusaur\n|-activate|p2b: Venusaur|move: Protect\n|move|p1a: Incineroar|Flare Blitz|p2b: Venusaur\n|-activate|p2b: Venusaur|move: Protect\n|\n|-sideend|p1: torlemaste|move: Tailwind\n|upkeep\n|turn|6\n|inactive|TheGamingMammoth has 30 seconds left.\n|inactive|TheGamingMammoth has 20 seconds left.\n|\n|t:|1776578987\n|switch|p2a: Sableye|Sableye, L50, M|98/100\n|move|p1b: Sneasler|Dire Claw|p2a: Sableye\n|-resisted|p2a: Sableye|1\n|-damage|p2a: Sableye|76/100\n|move|p2b: Venusaur|Sleep Powder|p1b: Sneasler\n|-status|p1b: Sneasler|slp|[from] move: Sleep Powder\n|move|p1a: Incineroar|Flare Blitz|p2b: Venusaur\n|-supereffective|p2b: Venusaur|1\n|-damage|p2b: Venusaur|48/100\n|-damage|p1a: Incineroar|61/100|[from] Recoil\n|\n|-heal|p2a: Sableye|82/100|[from] item: Leftovers\n|upkeep\n|turn|7\n|inactive|TheGamingMammoth has 30 seconds left.\n|inactive|TheGamingMammoth has 20 seconds left.\n|\n|t:|1776579023\n|cant|p1b: Sneasler|slp\n|move|p2b: Venusaur|Sludge Bomb|p1a: Incineroar\n|-damage|p1a: Incineroar|22/100\n|-status|p1a: Incineroar|psn\n|-enditem|p1a: Incineroar|Sitrus Berry|[eat]\n|-heal|p1a: Incineroar|47/100 psn|[from] item: Sitrus Berry\n|move|p1a: Incineroar|Flare Blitz|p2b: Venusaur\n|-supereffective|p2b: Venusaur|1\n|-damage|p2b: Venusaur|17/100\n|-damage|p1a: Incineroar|38/100 psn|[from] Recoil\n|move|p2a: Sableye|Foul Play|p1a: Incineroar\n|-resisted|p1a: Incineroar|1\n|-damage|p1a: Incineroar|23/100 psn\n|\n|-heal|p2a: Sableye|88/100|[from] item: Leftovers\n|-damage|p1a: Incineroar|10/100 psn|[from] psn\n|upkeep\n|turn|8\n|inactive|TheGamingMammoth has 30 seconds left.\n|inactive|TheGamingMammoth has 20 seconds left.\n|inactive|TheGamingMammoth has 15 seconds left.\n|\n|t:|1776579068\n|move|p2a: Sableye|Encore|p1b: Sneasler\n|-start|p1b: Sneasler|Encore\n|-curestatus|p1b: Sneasler|slp|[msg]\n|move|p1b: Sneasler|Dire Claw|p2a: Sableye\n|-resisted|p2a: Sableye|1\n|-damage|p2a: Sableye|68/100\n|-status|p2a: Sableye|par\n|move|p2b: Venusaur|Sludge Bomb|p1a: Incineroar\n|-damage|p1a: Incineroar|0 fnt\n|faint|p1a: Incineroar\n|\n|-heal|p2a: Sableye|74/100 par|[from] item: Leftovers\n|upkeep\n|\n|t:|1776579080\n|switch|p1a: Aerodactyl|Aerodactyl, L50, M|100/100\n|-ability|p1a: Aerodactyl|Unnerve\n|turn|9\n|inactive|torlemaste has 30 seconds left.\n|\n|t:|1776579113\n|switch|p2b: Scizor|Scizor, L50, F|100/100\n|move|p1a: Aerodactyl|Rock Slide|p2a: Sableye|[spread] p2a,p2b\n|-damage|p2a: Sableye|49/100 par\n|-damage|p2b: Scizor|75/100\n|move|p1b: Sneasler|Dire Claw|p2a: Sableye\n|-resisted|p2a: Sableye|1\n|-damage|p2a: Sableye|27/100 par\n|cant|p2a: Sableye|flinch\n|\n|-heal|p2a: Sableye|33/100 par|[from] item: Leftovers\n|upkeep\n|turn|10\n|inactive|torlemaste has 30 seconds left.\n|inactive|TheGamingMammoth has 30 seconds left.\n|inactive|torlemaste has 20 seconds left.\n|inactive|TheGamingMammoth has 20 seconds left.\n|\n|t:|1776579151\n|switch|p2a: Clefable|Clefable, L50, F|100/100\n|move|p1a: Aerodactyl|Rock Slide|p2b: Scizor|[spread] p2a,p2b\n|-damage|p2a: Clefable|72/100\n|-damage|p2b: Scizor|48/100\n|move|p1b: Sneasler|Dire Claw|p2a: Clefable\n|-supereffective|p2a: Clefable|1\n|-damage|p2a: Clefable|0 fnt\n|faint|p2a: Clefable\n|move|p2b: Scizor|Swords Dance|p2b: Scizor\n|-boost|p2b: Scizor|atk|2\n|\n|-end|p1b: Sneasler|Encore\n|upkeep\n|\n|t:|1776579168\n|switch|p2a: Sableye|Sableye, L50, M|33/100 par\n|turn|11\n|\n|t:|1776579189\n|move|p2a: Sableye|Fake Out|p1a: Aerodactyl\n|-resisted|p1a: Aerodactyl|1\n|-damage|p1a: Aerodactyl|95/100\n|move|p2b: Scizor|Bullet Punch|p1b: Sneasler\n|-damage|p1b: Sneasler|0 fnt\n|faint|p1b: Sneasler\n|cant|p1a: Aerodactyl|flinch\n|\n|-heal|p2a: Sableye|39/100 par|[from] item: Leftovers\n|upkeep\n|\n|t:|1776579198\n|switch|p1b: Floette|Floette-Eternal, L50, F|100/100\n|turn|12\n|\n|t:|1776579216\n|switch|p2a: Venusaur|Venusaur-Mega, L50, M|17/100\n|detailschange|p1b: Floette|Floette-Mega, L50, F\n|-mega|p1b: Floette|Floette|Floettite\n|-ability|p1b: Floette|Fairy Aura\n|move|p1a: Aerodactyl|Protect|p1a: Aerodactyl\n|-singleturn|p1a: Aerodactyl|Protect\n|move|p2b: Scizor|Protect|p2b: Scizor\n|-singleturn|p2b: Scizor|Protect\n|move|p1b: Floette|Moonblast|p2b: Scizor\n|-activate|p2b: Scizor|move: Protect\n|\n|upkeep\n|turn|13\n|inactive|torlemaste has 30 seconds left.\n|inactive|TheGamingMammoth has 30 seconds left.\n|inactive|torlemaste has 20 seconds left.\n|inactive|torlemaste has 15 seconds left.\n|inactive|TheGamingMammoth has 20 seconds left.\n|inactive|torlemaste has 10 seconds left.\n|inactive|TheGamingMammoth has 15 seconds left.\n|inactive|torlemaste has 5 seconds left.\n|\n|t:|1776579267\n|move|p2b: Scizor|Bullet Punch|p1a: Aerodactyl\n|-supereffective|p1a: Aerodactyl|1\n|-damage|p1a: Aerodactyl|0 fnt\n|faint|p1a: Aerodactyl\n|move|p1b: Floette|Dazzling Gleam|p2b: Scizor|[spread] p2a,p2b\n|-resisted|p2a: Venusaur|1\n|-resisted|p2b: Scizor|1\n|-damage|p2a: Venusaur|0 fnt\n|-damage|p2b: Scizor|18/100\n|faint|p2a: Venusaur\n|\n|upkeep\n|\n|t:|1776579277\n|switch|p2a: Sableye|Sableye, L50, M|39/100 par\n|turn|14\n|\n|t:|1776579283\n|move|p2a: Sableye|Fake Out|p1b: Floette\n|-damage|p1b: Floette|93/100\n|move|p2b: Scizor|Bullet Punch|p1b: Floette\n|-supereffective|p1b: Floette|1\n|-damage|p1b: Floette|0 fnt\n|faint|p1b: Floette\n|\n|win|TheGamingMammoth\n|raw|torlemaste's rating: 1165 &rarr; <strong>1143</strong><br />(-22 for losing)\n|raw|TheGamingMammoth's rating: 1207 &rarr; <strong>1229</strong><br />(+22 for winning)\n",
  "uploadtime": 1776579284,
  "views": 9,
  "formatid": "gen9championsvgc2026regma",
  "rating": 1143,
  "private": 0,
  "password": null
}