{
  "id": "gen9championsvgc2026regma-2587066028",
  "format": "[Gen 9 Champions] VGC 2026 Reg M-A",
  "players": [
    "21Kieran",
    "Deathninja952"
  ],
  "log": "|j|\u260621Kieran\n|j|\u2606Deathninja952\n|t:|1776488837\n|gametype|doubles\n|player|p1|21Kieran|gwynn|\n|player|p2|Deathninja952|2|\n|gen|9\n|tier|[Gen 9 Champions] VGC 2026 Reg M-A\n|rated|Tournament battle\n|rule|Species Clause: Limit one of each Pok\u00e9mon\n|rule|Item Clause: Limit 1 of each item\n|raw|<div class=\"infobox\"><details class=\"readmore\" open><summary><strong>1 custom rule:</strong></summary> Force Open Team Sheets</details></div>\n|clearpoke\n|poke|p1|Incineroar, L50, F|\n|poke|p1|Gengar, L50, M|\n|poke|p1|Sinistcha, L50|\n|poke|p1|Kingambit, L50, F|\n|poke|p1|Tyranitar, L50, F|\n|poke|p1|Kommo-o, L50, M|\n|poke|p2|Aggron, L50, M|\n|poke|p2|Tyranitar, L50, F|\n|poke|p2|Sinistcha, L50|\n|poke|p2|Incineroar, L50, F|\n|poke|p2|Excadrill, L50, F|\n|poke|p2|Rotom-Wash, L50|\n|teampreview|4\n|showteam|p1|Incineroar||ShucaBerry|Intimidate|PartingShot,FakeOut,Protect,ThroatChop|||F|||50|]Gengar||Gengarite|CursedBody|ShadowBall,Protect,Substitute,PerishSong|||M|||50|]Sinistcha||SitrusBerry|Hospitality|MatchaGotcha,RagePowder,Protect,LifeDew||||||50|]Kingambit||ChopleBerry|Defiant|IronHead,Protect,LowKick,SuckerPunch|||F|||50|]Tyranitar||ChoiceScarf|SandStream|StoneEdge,IcePunch,LowKick,RockSlide|||F|||50|]Kommo-o||Leftovers|Soundproof|ClangingScales,ClangorousSoul,AuraSphere,Protect|||M|||50|\n|showteam|p2|Aggron||Aggronite|RockHead|HeavySlam,BodyPress,IronDefense,Protect|||M|||50|]Tyranitar||ChoiceScarf|SandStream|RockSlide,KnockOff,IcePunch,LowKick|||F|||50|]Sinistcha||OccaBerry|Hospitality|MatchaGotcha,TrickRoom,RagePowder,Protect||||||50|]Incineroar||ShucaBerry|Intimidate|FakeOut,FlareBlitz,PartingShot,ThroatChop|||F|||50|]Excadrill||FocusSash|SandRush|Earthquake,StompingTantrum,IronHead,Protect|||F|||50|]Rotom-Wash||SitrusBerry|Levitate|Thunderbolt,HydroPump,WillOWisp,VoltSwitch||||||50|\n|inactive|Battle timer is ON: inactive players will automatically lose when time's up. (requested by 21Kieran)\n|j| Me vs the Gorilla\n|j| christianfinity\n|inactive|21Kieran has 60 seconds left.\n|inactive|Deathninja952 has 60 seconds left.\n|j|@Bright Size\n|l|@Bright Size\n|inactive|21Kieran has 30 seconds left.\n|inactive|Deathninja952 has 30 seconds left.\n|inactive|21Kieran has 20 seconds left.\n|inactive|21Kieran has 15 seconds left.\n|inactive|Deathninja952 has 20 seconds left.\n|inactive|21Kieran has 10 seconds left.\n|inactive|Deathninja952 has 15 seconds left.\n|inactive|21Kieran has 5 seconds left.\n|inactive|Deathninja952 has 10 seconds left.\n|\n|t:|1776488926\n|teamsize|p1|4\n|teamsize|p2|4\n|start\n|switch|p1a: Kommo-o|Kommo-o, L50, M|100/100\n|switch|p1b: Incineroar|Incineroar, L50, F|100/100\n|switch|p2a: Tyranitar|Tyranitar, L50, F|100/100\n|switch|p2b: Rotom|Rotom-Wash, L50|100/100\n|-weather|Sandstorm|[from] ability: Sand Stream|[of] p2a: Tyranitar\n|-ability|p1b: Incineroar|Intimidate|boost\n|-unboost|p2a: Tyranitar|atk|1\n|-unboost|p2b: Rotom|atk|1\n|turn|1\n|j| mynamegrassgreen\n|inactive|Deathninja952 has 30 seconds left.\n|l| christianfinity\n|inactive|Deathninja952 has 20 seconds left.\n|inactive|Deathninja952 has 15 seconds left.\n|inactive|Deathninja952 has 10 seconds left.\n|inactive|Deathninja952 has 5 seconds left.\n|\n|t:|1776488977\n|move|p1b: Incineroar|Fake Out|p2b: Rotom\n|-damage|p2b: Rotom|88/100\n|move|p2a: Tyranitar|Ice Punch|p1a: Kommo-o\n|-supereffective|p1a: Kommo-o|1\n|-damage|p1a: Kommo-o|67/100\n|move|p1a: Kommo-o|Clangorous Soul|p1a: Kommo-o\n|-boost|p1a: Kommo-o|atk|1\n|-boost|p1a: Kommo-o|def|1\n|-boost|p1a: Kommo-o|spa|1\n|-boost|p1a: Kommo-o|spd|1\n|-boost|p1a: Kommo-o|spe|1\n|-damage|p1a: Kommo-o|34/100\n|cant|p2b: Rotom|flinch\n|\n|-weather|Sandstorm|[upkeep]\n|-damage|p1a: Kommo-o|28/100|[from] Sandstorm\n|-damage|p2b: Rotom|82/100|[from] Sandstorm\n|-damage|p1b: Incineroar|95/100|[from] Sandstorm\n|-heal|p1a: Kommo-o|34/100|[from] item: Leftovers\n|upkeep\n|turn|2\n|j| Cachapita\n|\n|t:|1776488994\n|move|p1a: Kommo-o|Protect|p1a: Kommo-o\n|-singleturn|p1a: Kommo-o|Protect\n|move|p2a: Tyranitar|Ice Punch|p1a: Kommo-o\n|-activate|p1a: Kommo-o|move: Protect\n|move|p2b: Rotom|Hydro Pump|p1b: Incineroar\n|-supereffective|p1b: Incineroar|1\n|-damage|p1b: Incineroar|20/100\n|move|p1b: Incineroar|Parting Shot|p2a: Tyranitar\n|-unboost|p2a: Tyranitar|atk|1\n|-unboost|p2a: Tyranitar|spa|1\n|\n|t:|1776489001\n|switch|p1b: Sinistcha|Sinistcha, L50|100/100|[from] Parting Shot\n|-heal|p1a: Kommo-o|59/100|[from] ability: Hospitality|[of] p1b: Sinistcha\n|\n|-weather|Sandstorm|[upkeep]\n|-damage|p1a: Kommo-o|53/100|[from] Sandstorm\n|-damage|p2b: Rotom|76/100|[from] Sandstorm\n|-damage|p1b: Sinistcha|94/100|[from] Sandstorm\n|-heal|p1a: Kommo-o|59/100|[from] item: Leftovers\n|upkeep\n|turn|3\n|\n|t:|1776489024\n|move|p1a: Kommo-o|Aura Sphere|p2a: Tyranitar\n|-supereffective|p2a: Tyranitar|2\n|-damage|p2a: Tyranitar|0 fnt\n|faint|p2a: Tyranitar\n|move|p2b: Rotom|Thunderbolt|p1a: Kommo-o\n|-resisted|p1a: Kommo-o|1\n|-damage|p1a: Kommo-o|42/100\n|move|p1b: Sinistcha|Life Dew|p1b: Sinistcha|[spread] p1a,p1b\n|-heal|p1a: Kommo-o|68/100\n|-heal|p1b: Sinistcha|100/100\n|\n|-weather|Sandstorm|[upkeep]\n|-damage|p1a: Kommo-o|62/100|[from] Sandstorm\n|-damage|p2b: Rotom|71/100|[from] Sandstorm\n|-damage|p1b: Sinistcha|94/100|[from] Sandstorm\n|-heal|p1a: Kommo-o|68/100|[from] item: Leftovers\n|upkeep\n|l| Cachapita\n|\n|t:|1776489038\n|switch|p2a: Excadrill|Excadrill, L50, F|100/100\n|turn|4\n|j| Teeam Rocket\n|l| Teeam Rocket\n|\n|t:|1776489060\n|move|p1a: Kommo-o|Protect|p1a: Kommo-o\n|-singleturn|p1a: Kommo-o|Protect\n|move|p2a: Excadrill|Iron Head|p1a: Kommo-o\n|-activate|p1a: Kommo-o|move: Protect\n|move|p2b: Rotom|Thunderbolt|p1a: Kommo-o\n|-activate|p1a: Kommo-o|move: Protect\n|move|p1b: Sinistcha|Life Dew|p1b: Sinistcha|[spread] p1a,p1b\n|-heal|p1a: Kommo-o|93/100\n|-heal|p1b: Sinistcha|100/100\n|\n|-weather|Sandstorm|[upkeep]\n|-damage|p1a: Kommo-o|87/100|[from] Sandstorm\n|-damage|p2b: Rotom|65/100|[from] Sandstorm\n|-damage|p1b: Sinistcha|94/100|[from] Sandstorm\n|-heal|p1a: Kommo-o|93/100|[from] item: Leftovers\n|upkeep\n|turn|5\n|inactive|21Kieran has 30 seconds left.\n|\n|t:|1776489091\n|switch|p1b: Incineroar|Incineroar, L50, F|20/100\n|-ability|p1b: Incineroar|Intimidate|boost\n|-unboost|p2a: Excadrill|atk|1\n|-unboost|p2b: Rotom|atk|1\n|move|p2a: Excadrill|Iron Head|p1a: Kommo-o\n|-damage|p1a: Kommo-o|71/100\n|move|p1a: Kommo-o|Clanging Scales|p2a: Excadrill|[spread] p2a,p2b\n|-resisted|p2a: Excadrill|1\n|-damage|p2a: Excadrill|62/100\n|-damage|p2b: Rotom|8/100\n|-enditem|p2b: Rotom|Sitrus Berry|[eat]\n|-heal|p2b: Rotom|32/100|[from] item: Sitrus Berry\n|-unboost|p1a: Kommo-o|def|1\n|move|p2b: Rotom|Thunderbolt|p1a: Kommo-o\n|-resisted|p1a: Kommo-o|1\n|-damage|p1a: Kommo-o|57/100\n|\n|-weather|none\n|-heal|p1a: Kommo-o|63/100|[from] item: Leftovers\n|upkeep\n|turn|6\n|j| chumba03m\n|c| mynamegrassgreen|lowk\n|c| mynamegrassgreen|should have gone for a second clangorous\n|inactive|Deathninja952 has 30 seconds left.\n|\n|t:|1776489117\n|switch|p1b: Sinistcha|Sinistcha, L50|94/100\n|-heal|p1a: Kommo-o|88/100|[from] ability: Hospitality|[of] p1b: Sinistcha\n|move|p1a: Kommo-o|Clangorous Soul|p1a: Kommo-o\n|-boost|p1a: Kommo-o|atk|1\n|-boost|p1a: Kommo-o|def|1\n|-boost|p1a: Kommo-o|spa|1\n|-boost|p1a: Kommo-o|spd|1\n|-boost|p1a: Kommo-o|spe|1\n|-damage|p1a: Kommo-o|55/100\n|move|p2a: Excadrill|Earthquake|p1a: Kommo-o|[spread] p1a,p1b\n|-immune|p2b: Rotom|[from] ability: Levitate\n|-resisted|p1b: Sinistcha|1\n|-damage|p1a: Kommo-o|35/100\n|-damage|p1b: Sinistcha|81/100\n|move|p2b: Rotom|Hydro Pump|p1b: Sinistcha\n|-resisted|p1b: Sinistcha|1\n|-damage|p1b: Sinistcha|59/100\n|\n|-heal|p1a: Kommo-o|41/100|[from] item: Leftovers\n|upkeep\n|turn|7\n|c| mynamegrassgreen|nice\n|c| mynamegrassgreen|aura\n|c|\u260621Kieran|this was the part where we clang\n|\n|t:|1776489144\n|move|p1a: Kommo-o|Protect|p1a: Kommo-o\n|-singleturn|p1a: Kommo-o|Protect\n|move|p2a: Excadrill|Iron Head|p1b: Sinistcha\n|-damage|p1b: Sinistcha|32/100\n|-enditem|p1b: Sinistcha|Sitrus Berry|[eat]\n|-heal|p1b: Sinistcha|56/100|[from] item: Sitrus Berry\n|move|p2b: Rotom|Thunderbolt|p1b: Sinistcha\n|-resisted|p1b: Sinistcha|1\n|-crit|p1b: Sinistcha\n|-damage|p1b: Sinistcha|30/100\n|move|p1b: Sinistcha|Life Dew|p1b: Sinistcha|[spread] p1a,p1b\n|-heal|p1a: Kommo-o|66/100\n|-heal|p1b: Sinistcha|55/100\n|\n|-heal|p1a: Kommo-o|72/100|[from] item: Leftovers\n|upkeep\n|turn|8\n|\n|t:|1776489159\n|move|p1a: Kommo-o|Clanging Scales|p2b: Rotom|[spread] p2a,p2b\n|-resisted|p2a: Excadrill|1\n|-damage|p2a: Excadrill|7/100\n|-damage|p2b: Rotom|0 fnt\n|faint|p2b: Rotom\n|-unboost|p1a: Kommo-o|def|1\n|move|p2a: Excadrill|Iron Head|p1a: Kommo-o\n|-damage|p1a: Kommo-o|44/100\n|move|p1b: Sinistcha|Life Dew|p1b: Sinistcha|[spread] p1a,p1b\n|-heal|p1a: Kommo-o|70/100\n|-heal|p1b: Sinistcha|80/100\n|\n|-heal|p1a: Kommo-o|75/100|[from] item: Leftovers\n|upkeep\n|\n|t:|1776489162\n|switch|p2b: Aggron|Aggron, L50, M|100/100\n|turn|9\n|c|\u2606Deathninja952|gg\n|c|\u260621Kieran|gg\n|\n|t:|1776489171\n|detailschange|p2b: Aggron|Aggron-Mega, L50, M\n|-mega|p2b: Aggron|Aggron|Aggronite\n|move|p1a: Kommo-o|Clanging Scales|p2b: Aggron|[spread] p2a,p2b\n|-resisted|p2a: Excadrill|1\n|-resisted|p2b: Aggron|1\n|-damage|p2a: Excadrill|0 fnt\n|-damage|p2b: Aggron|58/100\n|faint|p2a: Excadrill\n|-unboost|p1a: Kommo-o|def|1\n|move|p1b: Sinistcha|Matcha Gotcha|p2b: Aggron\n|-resisted|p2b: Aggron|1\n|-damage|p2b: Aggron|43/100\n|-heal|p1b: Sinistcha|88/100|[from] drain|[of] p2b: Aggron\n|move|p2b: Aggron|Body Press|p1a: Kommo-o\n|-damage|p1a: Kommo-o|24/100\n|\n|-heal|p1a: Kommo-o|30/100|[from] item: Leftovers\n|upkeep\n|turn|10\n|c| mynamegrassgreen|the wall they said\n|\n|t:|1776489187\n|move|p1b: Sinistcha|Rage Powder|p1b: Sinistcha\n|-singleturn|p1b: Sinistcha|move: Rage Powder\n|move|p1a: Kommo-o|Aura Sphere|p2b: Aggron\n|-supereffective|p2b: Aggron|1\n|-damage|p2b: Aggron|0 fnt\n|faint|p2b: Aggron\n|\n|win|21Kieran\n|n|\u260621Kieran|21kieran\n|n|\u2606Deathninja952|deathninja952\n|n| Me vs the Gorilla|mevsthegorilla\n|n| mynamegrassgreen|mynamegrassgreen\n|n| chumba03m|chumba03m\n",
  "uploadtime": 1776489187,
  "views": 14,
  "formatid": "gen9championsvgc2026regma",
  "rating": null,
  "private": 0,
  "password": null
}