{
  "id": "gen9championsvgc2026regma-2583913658",
  "format": "[Gen 9 Champions] VGC 2026 Reg M-A",
  "players": [
    "MistressQueenM",
    "Thogi_"
  ],
  "log": "|j|\u203dMistressQueenM\n|j|\u2606Thogi_\n|t:|1776207802\n|gametype|doubles\n|player|p1|MistressQueenM|veteranf|1009\n|player|p2|Thogi_|harlequin|1005\n|gen|9\n|tier|[Gen 9 Champions] VGC 2026 Reg M-A\n|rated|\n|rule|Species Clause: Limit one of each Pok\u00e9mon\n|rule|Item Clause: Limit 1 of each item\n|clearpoke\n|poke|p1|Aromatisse, L50, M|\n|poke|p1|Pelipper, L50, M|\n|poke|p1|Alakazam, L50, M|\n|poke|p1|Drampa, L50, M|\n|poke|p1|Sinistcha, L50|\n|poke|p1|Appletun, L50, F|\n|poke|p2|Sharpedo, L50, M|\n|poke|p2|Pelipper, L50, F|\n|poke|p2|Sableye, L50, F|\n|poke|p2|Aegislash, L50, M|\n|poke|p2|Goodra, L50, F|\n|poke|p2|Rotom-Heat, L50|\n|teampreview|4\n|inactive|Battle timer is ON: inactive players will automatically lose when time's up. (requested by MistressQueenM)\n|\n|t:|1776207838\n|teamsize|p1|4\n|teamsize|p2|4\n|start\n|switch|p1a: Alakazam|Alakazam, L50, M, shiny|100/100\n|switch|p1b: Drampa|Drampa, L50, M, shiny|100/100\n|switch|p2a: Pelipper|Pelipper, L50, F|100/100\n|switch|p2b: Sharpedo|Sharpedo, L50, M|100/100\n|-weather|RainDance|[from] ability: Drizzle|[of] p2a: Pelipper\n|turn|1\n|inactive|Thogi_ has 30 seconds left.\n|inactive|Thogi_ has 20 seconds left.\n|inactive|Thogi_ has 15 seconds left.\n|\n|t:|1776207881\n|detailschange|p1b: Drampa|Drampa-Mega, L50, M, shiny\n|-mega|p1b: Drampa|Drampa|Drampanite\n|move|p2b: Sharpedo|Protect|p2b: Sharpedo\n|-singleturn|p2b: Sharpedo|Protect\n|move|p2a: Pelipper|Tailwind|p2a: Pelipper\n|-sidestart|p2: Thogi_|move: Tailwind\n|move|p1b: Drampa|Calm Mind|p1b: Drampa\n|-boost|p1b: Drampa|spa|1\n|-boost|p1b: Drampa|spd|1\n|move|p1a: Alakazam|Trick Room|p1a: Alakazam\n|-fieldstart|move: Trick Room|[of] p1a: Alakazam\n|\n|-weather|RainDance|[upkeep]\n|-ability|p2b: Sharpedo|Speed Boost|boost\n|-boost|p2b: Sharpedo|spe|1\n|upkeep\n|turn|2\n|inactive|Thogi_ has 30 seconds left.\n|\n|t:|1776207915\n|detailschange|p2b: Sharpedo|Sharpedo-Mega, L50, M\n|-mega|p2b: Sharpedo|Sharpedo|Sharpedonite\n|move|p1b: Drampa|Hyper Voice|p2b: Sharpedo|[spread] p2a,p2b\n|-enditem|p2a: Pelipper|Focus Sash\n|-damage|p2a: Pelipper|1/100\n|-damage|p2b: Sharpedo|0 fnt\n|faint|p2b: Sharpedo\n|move|p2a: Pelipper|Hurricane|p1b: Drampa\n|-damage|p1b: Drampa|71/100\n|-start|p1b: Drampa|confusion\n|move|p1a: Alakazam|Psychic|p2a: Pelipper\n|-damage|p2a: Pelipper|0 fnt\n|faint|p2a: Pelipper\n|\n|-weather|RainDance|[upkeep]\n|upkeep\n|\n|t:|1776207928\n|switch|p2a: Aegislash|Aegislash, L50, M|100/100\n|switch|p2b: Sableye|Sableye, L50, F|100/100\n|turn|3\n|\n|t:|1776207939\n|move|p2b: Sableye|Fake Out|p1b: Drampa\n|-damage|p1b: Drampa|64/100\n|cant|p1b: Drampa|flinch\n|-formechange|p2a: Aegislash|Aegislash-Blade|\n|move|p2a: Aegislash|Poltergeist|p1a: Alakazam\n|-activate|p1a: Alakazam|move: Poltergeist|Colbur Berry\n|-supereffective|p1a: Alakazam|1\n|-damage|p1a: Alakazam|0 fnt\n|faint|p1a: Alakazam\n|\n|-weather|RainDance|[upkeep]\n|upkeep\n|\n|t:|1776207944\n|switch|p1a: Appletun|Appletun, L50, F, shiny|100/100\n|turn|4\n|\n|t:|1776207957\n|-activate|p1b: Drampa|confusion\n|move|p1b: Drampa|Protect|p1b: Drampa\n|-singleturn|p1b: Drampa|Protect\n|-formechange|p2a: Aegislash|Aegislash|\n|move|p2a: Aegislash|King's Shield|p2a: Aegislash\n|-singleturn|p2a: Aegislash|Protect\n|move|p2b: Sableye|Will-O-Wisp|p1b: Drampa\n|-activate|p1b: Drampa|move: Protect\n|move|p1a: Appletun|Leech Seed|p2b: Sableye\n|-start|p2b: Sableye|move: Leech Seed\n|\n|-weather|RainDance|[upkeep]\n|-damage|p2b: Sableye|89/100|[from] Leech Seed|[of] p1a: Appletun\n|-sideend|p2: Thogi_|move: Tailwind\n|upkeep\n|turn|5\n|\n|t:|1776207973\n|move|p2a: Aegislash|Wide Guard|p2a: Aegislash\n|-singleturn|p2a: Aegislash|Wide Guard\n|move|p2b: Sableye|Will-O-Wisp|p1b: Drampa\n|-status|p1b: Drampa|brn\n|move|p1a: Appletun|Iron Defense|p1a: Appletun\n|-boost|p1a: Appletun|def|2\n|-activate|p1b: Drampa|confusion\n|-damage|p1b: Drampa|57/100 brn|[from] confusion\n|\n|-weather|none\n|-damage|p2b: Sableye|77/100|[from] Leech Seed|[of] p1a: Appletun\n|-damage|p1b: Drampa|51/100 brn|[from] brn\n|-fieldend|move: Trick Room\n|upkeep\n|turn|6\n|inactive|Thogi_ has 30 seconds left.\n|\n|t:|1776208001\n|move|p2b: Sableye|Taunt|p1a: Appletun\n|-start|p1a: Appletun|move: Taunt\n|-formechange|p2a: Aegislash|Aegislash-Blade|\n|move|p2a: Aegislash|Iron Head|p1b: Drampa\n|-crit|p1b: Drampa\n|-damage|p1b: Drampa|7/100 brn\n|-ability|p1b: Drampa|Berserk|boost\n|-boost|p1b: Drampa|spa|1\n|cant|p1b: Drampa|flinch\n|cant|p1a: Appletun|move: Taunt|Leech Seed\n|\n|-damage|p2b: Sableye|65/100|[from] Leech Seed|[of] p1a: Appletun\n|-damage|p1b: Drampa|1/100 brn|[from] brn\n|upkeep\n|turn|7\n|\n|t:|1776208021\n|move|p2b: Sableye|Will-O-Wisp|p1a: Appletun\n|-status|p1a: Appletun|brn\n|move|p2a: Aegislash|Iron Head|p1b: Drampa\n|-damage|p1b: Drampa|0 fnt\n|faint|p1b: Drampa\n|move|p1a: Appletun|Apple Acid|p2a: Aegislash\n|-resisted|p2a: Aegislash|1\n|-damage|p2a: Aegislash|76/100\n|-unboost|p2a: Aegislash|spd|1\n|\n|-heal|p2a: Aegislash|82/100|[from] item: Leftovers\n|-damage|p2b: Sableye|53/100|[from] Leech Seed|[of] p1a: Appletun\n|-damage|p1a: Appletun|95/100 brn|[from] brn\n|upkeep\n|\n|t:|1776208029\n|switch|p1b: Aromatisse|Aromatisse, L50, M, shiny|100/100\n|turn|8\n|\n|t:|1776208040\n|-formechange|p2a: Aegislash|Aegislash|\n|move|p2a: Aegislash|King's Shield|p2a: Aegislash\n|-singleturn|p2a: Aegislash|Protect\n|move|p2b: Sableye|Taunt|p1b: Aromatisse\n|-block|p1b: Aromatisse|ability: Aroma Veil|[of] p1b: Aromatisse\n|move|p1a: Appletun|Apple Acid|p2a: Aegislash\n|-activate|p2a: Aegislash|move: Protect\n|move|p1b: Aromatisse|Draining Kiss|p2b: Sableye\n|-supereffective|p2b: Sableye|1\n|-damage|p2b: Sableye|0 fnt\n|faint|p2b: Sableye\n|\n|-heal|p2a: Aegislash|88/100|[from] item: Leftovers\n|-heal|p1a: Appletun|100/100 brn|[from] item: Leftovers\n|-damage|p1a: Appletun|95/100 brn|[from] brn\n|-end|p1a: Appletun|move: Taunt\n|upkeep\n|turn|9\n|\n|t:|1776208060\n|move|p1b: Aromatisse|Protect|p1b: Aromatisse\n|-singleturn|p1b: Aromatisse|Protect\n|-formechange|p2a: Aegislash|Aegislash-Blade|\n|move|p2a: Aegislash|Iron Head|p1b: Aromatisse\n|-activate|p1b: Aromatisse|move: Protect\n|move|p1a: Appletun|Leech Seed|p2a: Aegislash\n|-start|p2a: Aegislash|move: Leech Seed\n|\n|-heal|p2a: Aegislash|94/100|[from] item: Leftovers\n|-heal|p1a: Appletun|100/100 brn|[from] item: Leftovers\n|-damage|p2a: Aegislash|82/100|[from] Leech Seed|[of] p1a: Appletun\n|-damage|p1a: Appletun|95/100 brn|[from] brn\n|upkeep\n|turn|10\n|\n|t:|1776208077\n|-formechange|p2a: Aegislash|Aegislash|\n|move|p2a: Aegislash|King's Shield|p2a: Aegislash\n|-singleturn|p2a: Aegislash|Protect\n|move|p1a: Appletun|Iron Defense|p1a: Appletun\n|-boost|p1a: Appletun|def|2\n|move|p1b: Aromatisse|Trick Room|p1b: Aromatisse\n|-fieldstart|move: Trick Room|[of] p1b: Aromatisse\n|\n|-heal|p1a: Appletun|100/100 brn|[from] item: Leftovers\n|-heal|p2a: Aegislash|87/100|[from] item: Leftovers\n|-damage|p2a: Aegislash|75/100|[from] Leech Seed|[of] p1a: Appletun\n|-damage|p1a: Appletun|95/100 brn|[from] brn\n|upkeep\n|turn|11\n|\n|t:|1776208091\n|move|p1b: Aromatisse|Protect|p1b: Aromatisse\n|-singleturn|p1b: Aromatisse|Protect\n|move|p1a: Appletun|Iron Defense|p1a: Appletun\n|-boost|p1a: Appletun|def|2\n|-formechange|p2a: Aegislash|Aegislash-Blade|\n|move|p2a: Aegislash|Poltergeist|p1a: Appletun\n|-activate|p1a: Appletun|move: Poltergeist|Leftovers\n|-damage|p1a: Appletun|82/100 brn\n|\n|-heal|p1a: Appletun|88/100 brn|[from] item: Leftovers\n|-heal|p2a: Aegislash|81/100|[from] item: Leftovers\n|-damage|p2a: Aegislash|68/100|[from] Leech Seed|[of] p1a: Appletun\n|-heal|p1a: Appletun|95/100 brn|[silent]\n|-damage|p1a: Appletun|89/100 brn|[from] brn\n|upkeep\n|turn|12\n|\n|t:|1776208105\n|move|p1b: Aromatisse|Draining Kiss|p2a: Aegislash\n|-resisted|p2a: Aegislash|1\n|-damage|p2a: Aegislash|43/100\n|move|p1a: Appletun|Apple Acid|p2a: Aegislash\n|-resisted|p2a: Aegislash|1\n|-damage|p2a: Aegislash|9/100\n|-unboost|p2a: Aegislash|spd|1\n|move|p2a: Aegislash|Iron Head|p1b: Aromatisse\n|-supereffective|p1b: Aromatisse|1\n|-damage|p1b: Aromatisse|16/100\n|\n|-heal|p1a: Appletun|95/100 brn|[from] item: Leftovers\n|-heal|p2a: Aegislash|14/100|[from] item: Leftovers\n|-damage|p2a: Aegislash|2/100|[from] Leech Seed|[of] p1a: Appletun\n|-heal|p1a: Appletun|100/100 brn|[silent]\n|-damage|p1a: Appletun|95/100 brn|[from] brn\n|upkeep\n|turn|13\n|\n|t:|1776208121\n|move|p1b: Aromatisse|Heal Pulse|p1a: Appletun\n|-heal|p1a: Appletun|100/100 brn\n|move|p1a: Appletun|Apple Acid|p2a: Aegislash\n|-resisted|p2a: Aegislash|1\n|-damage|p2a: Aegislash|0 fnt\n|faint|p2a: Aegislash\n|\n|win|MistressQueenM\n|raw|MistressQueenM's rating: 1009 &rarr; <strong>1047</strong><br />(+38 for winning)\n|raw|Thogi_'s rating: 1005 &rarr; <strong>1000</strong><br />(-5 for losing)\n|l|\u2606Thogi_\n|player|p2|\n",
  "uploadtime": 1776208125,
  "views": 16,
  "formatid": "gen9championsvgc2026regma",
  "rating": 1000,
  "private": 0,
  "password": null
}