{
  "id": "gen9championsvgc2026regma-2588324826",
  "format": "[Gen 9 Champions] VGC 2026 Reg M-A",
  "players": [
    "Kadrian_129",
    "Umbris Spectralis"
  ],
  "log": "|j|\u2606Kadrian_129\n|j|\u2606Umbris Spectralis\n|t:|1776624200\n|gametype|doubles\n|player|p1|Kadrian_129|266|1075\n|player|p2|Umbris Spectralis|backersf|1160\n|gen|9\n|tier|[Gen 9 Champions] VGC 2026 Reg M-A\n|rated|\n|rule|Species Clause: Limit one of each Pok\u00e9mon\n|rule|Item Clause: Limit 1 of each item\n|clearpoke\n|poke|p1|Pelipper, L50, M|\n|poke|p1|Archaludon, L50, M|\n|poke|p1|Meganium, L50, F|\n|poke|p1|Basculegion, L50, M|\n|poke|p1|Starmie, L50|\n|poke|p1|Krookodile, L50, M|\n|poke|p2|Kleavor, L50, M|\n|poke|p2|Scovillain, L50, M|\n|poke|p2|Sableye, L50, M|\n|poke|p2|Charizard, L50, M|\n|poke|p2|Basculegion, L50, M|\n|poke|p2|Venusaur, L50, M|\n|teampreview|4\n|inactive|Battle timer is ON: inactive players will automatically lose when time's up. (requested by Umbris Spectralis)\n|\n|t:|1776624229\n|teamsize|p1|4\n|teamsize|p2|4\n|start\n|switch|p1a: Pelipper|Pelipper, L50, M|100/100\n|switch|p1b: Archaludon|Archaludon, L50, M|100/100\n|switch|p2a: Kleavor|Kleavor, L50, M|100/100\n|switch|p2b: Sableye|Sableye, L50, M|100/100\n|-weather|RainDance|[from] ability: Drizzle|[of] p1a: Pelipper\n|turn|1\n|\n|t:|1776624249\n|move|p2b: Sableye|Fake Out|p1b: Archaludon\n|-resisted|p1b: Archaludon|1\n|-damage|p1b: Archaludon|97/100\n|-ability|p1b: Archaludon|Stamina|boost\n|-boost|p1b: Archaludon|def|1\n|move|p2a: Kleavor|Stone Axe|p1a: Pelipper\n|-supereffective|p1a: Pelipper|1\n|-damage|p1a: Pelipper|0 fnt\n|-sidestart|p1: Kadrian_129|move: Stealth Rock\n|faint|p1a: Pelipper\n|cant|p1b: Archaludon|flinch\n|\n|-weather|RainDance|[upkeep]\n|upkeep\n|\n|t:|1776624262\n|switch|p1a: Basculegion|Basculegion, L50, M|100/100\n|-damage|p1a: Basculegion|88/100|[from] Stealth Rock\n|turn|2\n|\n|t:|1776624280\n|move|p1a: Basculegion|Flip Turn|p2a: Kleavor\n|-supereffective|p2a: Kleavor|1\n|-damage|p2a: Kleavor|0 fnt\n|faint|p2a: Kleavor\n|\n|t:|1776624284\n|switch|p1a: Meganium|Meganium, L50, F|100/100|[from] Flip Turn\n|-damage|p1a: Meganium|88/100|[from] Stealth Rock\n|move|p1b: Archaludon|Aura Sphere|p2b: Sableye\n|-immune|p2b: Sableye\n|move|p2b: Sableye|Knock Off|p1b: Archaludon\n|-damage|p1b: Archaludon|79/100\n|-ability|p1b: Archaludon|Stamina|boost\n|-boost|p1b: Archaludon|def|1\n|-enditem|p1b: Archaludon|Shuca Berry|[from] move: Knock Off|[of] p2b: Sableye\n|\n|-weather|RainDance|[upkeep]\n|upkeep\n|\n|t:|1776624299\n|switch|p2a: Charizard|Charizard, L50, M|100/100\n|turn|3\n|inactive|Umbris Spectralis has 30 seconds left.\n|inactive|Umbris Spectralis has 20 seconds left.\n|\n|t:|1776624338\n|detailschange|p2a: Charizard|Charizard-Mega-Y, L50, M\n|-mega|p2a: Charizard|Charizard|Charizardite Y\n|-weather|SunnyDay|[from] ability: Drought|[of] p2a: Charizard\n|move|p2b: Sableye|Taunt|p1a: Meganium\n|-start|p1a: Meganium|move: Taunt\n|move|p2a: Charizard|Focus Blast|p1b: Archaludon\n|-supereffective|p1b: Archaludon|1\n|-damage|p1b: Archaludon|0 fnt\n|faint|p1b: Archaludon\n|move|p1a: Meganium|Weather Ball|p2a: Charizard\n|-resisted|p2a: Charizard|1\n|-crit|p2a: Charizard\n|-damage|p2a: Charizard|69/100\n|\n|-weather|SunnyDay|[upkeep]\n|upkeep\n|\n|t:|1776624351\n|switch|p1b: Basculegion|Basculegion, L50, M|88/100\n|-damage|p1b: Basculegion|76/100|[from] Stealth Rock\n|turn|4\n|\n|t:|1776624366\n|detailschange|p1a: Meganium|Meganium-Mega, L50, F\n|-mega|p1a: Meganium|Meganium|Meganiumite\n|move|p2a: Charizard|Protect|p2a: Charizard\n|-singleturn|p2a: Charizard|Protect\n|move|p1b: Basculegion|Aqua Jet|p2a: Charizard\n|-activate|p2a: Charizard|move: Protect\n|move|p1a: Meganium|Dazzling Gleam|p2a: Charizard|[spread] p2b\n|-activate|p2a: Charizard|move: Protect\n|-supereffective|p2b: Sableye|1\n|-damage|p2b: Sableye|20/100\n|move|p2b: Sableye|Knock Off|p1b: Basculegion\n|-supereffective|p1b: Basculegion|1\n|-damage|p1b: Basculegion|8/100\n|-enditem|p1b: Basculegion|Mystic Water|[from] move: Knock Off|[of] p2b: Sableye\n|\n|-weather|SunnyDay|[upkeep]\n|upkeep\n|turn|5\n|\n|t:|1776624386\n|switch|p2a: Venusaur|Venusaur, L50, M|100/100\n|move|p1b: Basculegion|Aqua Jet|p2a: Venusaur\n|-resisted|p2a: Venusaur|1\n|-damage|p2a: Venusaur|95/100\n|move|p1a: Meganium|Dazzling Gleam|p2a: Venusaur|[spread] p2a,p2b\n|-resisted|p2a: Venusaur|1\n|-supereffective|p2b: Sableye|1\n|-damage|p2a: Venusaur|73/100\n|-damage|p2b: Sableye|0 fnt\n|faint|p2b: Sableye\n|\n|-weather|SunnyDay|[upkeep]\n|-heal|p2a: Venusaur|79/100|[from] item: Leftovers\n|-end|p1a: Meganium|move: Taunt\n|upkeep\n|\n|t:|1776624394\n|switch|p2b: Charizard|Charizard-Mega-Y, L50, M|69/100\n|turn|6\n|\n|t:|1776624417\n|move|p1b: Basculegion|Aqua Jet|p2b: Charizard\n|-supereffective|p2b: Charizard|1\n|-damage|p2b: Charizard|40/100\n|move|p2a: Venusaur|Solar Beam||[still]\n|-prepare|p2a: Venusaur|Solar Beam\n|-anim|p2a: Venusaur|Solar Beam|p1b: Basculegion\n|-supereffective|p1b: Basculegion|1\n|-damage|p1b: Basculegion|0 fnt\n|faint|p1b: Basculegion\n|move|p2b: Charizard|Weather Ball|p1a: Meganium\n|-supereffective|p1a: Meganium|1\n|-damage|p1a: Meganium|0 fnt\n|faint|p1a: Meganium\n|\n|win|Umbris Spectralis\n|raw|Kadrian_129's rating: 1075 &rarr; <strong>1059</strong><br />(-16 for losing)\n|raw|Umbris Spectralis's rating: 1160 &rarr; <strong>1179</strong><br />(+19 for winning)\n|l|\u2606Kadrian_129\n|player|p1|\n",
  "uploadtime": 1776624432,
  "views": 15,
  "formatid": "gen9championsvgc2026regma",
  "rating": 1059,
  "private": 0,
  "password": null
}