{
  "id": "gen9championsvgc2026regma-2582378117",
  "format": "[Gen 9 Champions] VGC 2026 Reg M-A",
  "players": [
    "BigRoflet",
    "Kamusito98"
  ],
  "log": "|j|\u203dBigRoflet\n|j|\u2606Kamusito98\n|t:|1776087639\n|gametype|doubles\n|player|p1|BigRoflet|harlequin|1104\n|player|p2|Kamusito98|2|1074\n|gen|9\n|tier|[Gen 9 Champions] VGC 2026 Reg M-A\n|rated|\n|rule|Species Clause: Limit one of each Pok\u00e9mon\n|rule|Item Clause: Limit 1 of each item\n|clearpoke\n|poke|p1|Sneasler, L50, M|\n|poke|p1|Feraligatr, L50, M|\n|poke|p1|Incineroar, L50, M|\n|poke|p1|Sinistcha, L50|\n|poke|p1|Orthworm, L50, M|\n|poke|p1|Aerodactyl, L50, M|\n|poke|p2|Golurk, L50|\n|poke|p2|Bellibolt, L50, F|\n|poke|p2|Farigiraf, L50, F|\n|poke|p2|Tyranitar, L50, M|\n|poke|p2|Milotic, L50, F|\n|poke|p2|Conkeldurr, L50, M|\n|teampreview|4\n|\n|t:|1776087667\n|teamsize|p1|4\n|teamsize|p2|4\n|start\n|switch|p1a: Feraligatr|Feraligatr, L50, M|100/100\n|switch|p1b: Incineroar|Incineroar, L50, M|100/100\n|switch|p2a: Farigiraf|Farigiraf, L50, F|100/100\n|switch|p2b: Milotic|Milotic, L50, F|100/100\n|-ability|p1b: Incineroar|Intimidate|boost\n|-unboost|p2a: Farigiraf|atk|1\n|-unboost|p2b: Milotic|atk|1\n|-ability|p2b: Milotic|Competitive|boost\n|-boost|p2b: Milotic|spa|2\n|turn|1\n|\n|t:|1776087685\n|detailschange|p1a: Feraligatr|Feraligatr-Mega, L50, M\n|-mega|p1a: Feraligatr|Feraligatr|Feraligite\n|move|p1a: Feraligatr|Facade|p2b: Milotic\n|-damage|p2b: Milotic|49/100\n|move|p2b: Milotic|Coil|p2b: Milotic\n|-boost|p2b: Milotic|atk|1\n|-boost|p2b: Milotic|def|1\n|-boost|p2b: Milotic|accuracy|1\n|move|p1b: Incineroar|Will-O-Wisp|p1a: Feraligatr\n|-status|p1a: Feraligatr|brn\n|move|p2a: Farigiraf|Trick Room|p2a: Farigiraf\n|-fieldstart|move: Trick Room|[of] p2a: Farigiraf\n|\n|-heal|p2b: Milotic|55/100|[from] item: Leftovers\n|-damage|p1a: Feraligatr|94/100 brn|[from] brn\n|upkeep\n|turn|2\n|\n|t:|1776087717\n|move|p2a: Farigiraf|Hyper Voice|p1b: Incineroar|[spread] p1a,p1b\n|-damage|p1a: Feraligatr|65/100 brn\n|-damage|p1b: Incineroar|73/100\n|move|p1b: Incineroar|Parting Shot|p2a: Farigiraf\n|-unboost|p2a: Farigiraf|atk|1\n|-unboost|p2a: Farigiraf|spa|1\n|\n|t:|1776087725\n|switch|p1b: Sinistcha|Sinistcha, L50|100/100|[from] Parting Shot\n|-heal|p1a: Feraligatr|90/100 brn|[from] ability: Hospitality|[of] p1b: Sinistcha\n|move|p2b: Milotic|Hypnosis||[still]\n|-fail|p2b: Milotic\n|move|p1a: Feraligatr|Facade|p2b: Milotic\n|-damage|p2b: Milotic|0 fnt\n|faint|p2b: Milotic\n|\n|-damage|p1a: Feraligatr|84/100 brn|[from] brn\n|upkeep\n|\n|t:|1776087737\n|switch|p2b: Golurk|Golurk, L50, shiny|100/100\n|turn|3\n|\n|t:|1776087744\n|move|p2b: Golurk|Protect|p2b: Golurk\n|-singleturn|p2b: Golurk|Protect\n|move|p2a: Farigiraf|Psychic|p1a: Feraligatr\n|-damage|p1a: Feraligatr|61/100 brn\n|move|p1b: Sinistcha|Matcha Gotcha|p2b: Golurk|[spread] p2a\n|-activate|p2b: Golurk|move: Protect\n|-damage|p2a: Farigiraf|77/100\n|move|p1a: Feraligatr|Facade|p2b: Golurk\n|-activate|p2b: Golurk|move: Protect\n|\n|-damage|p1a: Feraligatr|55/100 brn|[from] brn\n|upkeep\n|turn|4\n|\n|t:|1776087766\n|switch|p1b: Aerodactyl|Aerodactyl, L50, M|100/100\n|-ability|p1b: Aerodactyl|Pressure\n|switch|p1a: Incineroar|Incineroar, L50, M|73/100\n|-ability|p1a: Incineroar|Intimidate|boost\n|-unboost|p2a: Farigiraf|atk|1\n|-unboost|p2b: Golurk|atk|1\n|detailschange|p2b: Golurk|Golurk-Mega, L50, shiny\n|-mega|p2b: Golurk|Golurk|Golurkite\n|move|p2a: Farigiraf|Psychic|p1a: Incineroar\n|-immune|p1a: Incineroar\n|move|p2b: Golurk|Poltergeist|p1a: Incineroar\n|-activate|p1a: Incineroar|move: Poltergeist|Charcoal\n|-resisted|p1a: Incineroar|1\n|-damage|p1a: Incineroar|55/100\n|\n|upkeep\n|turn|5\n|\n|t:|1776087787\n|switch|p2b: Bellibolt|Bellibolt, L50, F|100/100\n|move|p2a: Farigiraf|Hyper Voice|p1b: Aerodactyl|[spread] p1a,p1b\n|-resisted|p1b: Aerodactyl|1\n|-damage|p1a: Incineroar|38/100\n|-damage|p1b: Aerodactyl|84/100\n|move|p1a: Incineroar|Will-O-Wisp|p2b: Bellibolt\n|-status|p2b: Bellibolt|brn\n|move|p1b: Aerodactyl|Tailwind|p1b: Aerodactyl\n|-sidestart|p1: BigRoflet|move: Tailwind\n|\n|-damage|p2b: Bellibolt|95/100 brn|[from] brn\n|-fieldend|move: Trick Room\n|upkeep\n|turn|6\n|\n|t:|1776087821\n|switch|p1b: Sinistcha|Sinistcha, L50|100/100\n|-heal|p1a: Incineroar|62/100|[from] ability: Hospitality|[of] p1b: Sinistcha\n|switch|p1a: Feraligatr|Feraligatr-Mega, L50, M|55/100 brn\n|move|p2a: Farigiraf|Protect|p2a: Farigiraf\n|-singleturn|p2a: Farigiraf|Protect\n|move|p2b: Bellibolt|Electro Ball|p1b: Sinistcha\n|-resisted|p1b: Sinistcha|1\n|-damage|p1b: Sinistcha|93/100\n|\n|-heal|p1b: Sinistcha|99/100|[from] item: Leftovers\n|-damage|p1a: Feraligatr|49/100 brn|[from] brn\n|-damage|p2b: Bellibolt|89/100 brn|[from] brn\n|upkeep\n|turn|7\n|\n|t:|1776087845\n|move|p1a: Feraligatr|Facade|p2a: Farigiraf\n|-crit|p2a: Farigiraf\n|-damage|p2a: Farigiraf|0 fnt\n|faint|p2a: Farigiraf\n|move|p1b: Sinistcha|Shadow Ball|p2b: Bellibolt\n|-damage|p2b: Bellibolt|58/100 brn\n|-start|p2b: Bellibolt|Charge|Shadow Ball|[from] ability: Electromorphosis\n|move|p2b: Bellibolt|Electro Ball|p1a: Feraligatr\n|-damage|p1a: Feraligatr|22/100 brn\n|-end|p2b: Bellibolt|Charge|[silent]\n|\n|-heal|p1b: Sinistcha|100/100|[from] item: Leftovers\n|-damage|p1a: Feraligatr|15/100 brn|[from] brn\n|-damage|p2b: Bellibolt|52/100 brn|[from] brn\n|upkeep\n|-message|Kamusito98 forfeited.\n|\n|win|BigRoflet\n|raw|BigRoflet's rating: 1104 &rarr; <strong>1127</strong><br />(+23 for winning)\n|raw|Kamusito98's rating: 1074 &rarr; <strong>1055</strong><br />(-19 for losing)\n|l|\u2606Kamusito98\n|player|p2|\n",
  "uploadtime": 1776087862,
  "views": 21,
  "formatid": "gen9championsvgc2026regma",
  "rating": 1055,
  "private": 0,
  "password": null
}