{
  "id": "gen9championsvgc2026regma-2583652876",
  "format": "[Gen 9 Champions] VGC 2026 Reg M-A",
  "players": [
    "TheFool42",
    "Luminary of Ass"
  ],
  "log": "|j|\u2606TheFool42\n|j|\u2606Luminary of Ass\n|t:|1776188926\n|gametype|doubles\n|player|p1|TheFool42|norman|1084\n|player|p2|Luminary of Ass|alder|1178\n|gen|9\n|tier|[Gen 9 Champions] VGC 2026 Reg M-A\n|rated|\n|rule|Species Clause: Limit one of each Pok\u00e9mon\n|rule|Item Clause: Limit 1 of each item\n|clearpoke\n|poke|p1|Dragonite, L50, M|\n|poke|p1|Camerupt, L50, M|\n|poke|p1|Sylveon, L50, F|\n|poke|p1|Kingambit, L50, F|\n|poke|p1|Maushold-Four, L50|\n|poke|p1|Farigiraf, L50, M|\n|poke|p2|Tyranitar, L50, M|\n|poke|p2|Excadrill, L50, M|\n|poke|p2|Farigiraf, L50, F|\n|poke|p2|Sinistcha, L50|\n|poke|p2|Primarina, L50, M|\n|poke|p2|Sneasler, L50, M|\n|teampreview|4\n|\n|t:|1776188974\n|teamsize|p1|4\n|teamsize|p2|4\n|start\n|switch|p1a: Maushold|Maushold-Four, L50|100/100\n|switch|p1b: Farigiraf|Farigiraf, L50, M, shiny|100/100\n|switch|p2a: Sneasler|Sneasler, L50, M|100/100\n|switch|p2b: Farigiraf|Farigiraf, L50, F|100/100\n|turn|1\n|inactive|Battle timer is ON: inactive players will automatically lose when time's up. (requested by TheFool42)\n|\n|t:|1776188998\n|move|p2b: Farigiraf|Helping Hand|p2a: Sneasler\n|-singleturn|p2a: Sneasler|Helping Hand|[of] p2b: Farigiraf\n|move|p1a: Maushold|U-turn|p2b: Farigiraf\n|-supereffective|p2b: Farigiraf|1\n|-damage|p2b: Farigiraf|82/100\n|\n|t:|1776189013\n|switch|p1a: Kingambit|Kingambit, L50, F, shiny|100/100|[from] U-turn\n|move|p2a: Sneasler|Close Combat|p1b: Farigiraf\n|-damage|p1b: Farigiraf|0 fnt\n|-unboost|p2a: Sneasler|def|1\n|-unboost|p2a: Sneasler|spd|1\n|faint|p1b: Farigiraf\n|-enditem|p2a: Sneasler|White Herb\n|-clearnegativeboost|p2a: Sneasler|[silent]\n|\n|upkeep\n|\n|t:|1776189029\n|switch|p1b: Maushold|Maushold-Four, L50|100/100\n|turn|2\n|\n|t:|1776189050\n|move|p2b: Farigiraf|Protect|p2b: Farigiraf\n|-singleturn|p2b: Farigiraf|Protect\n|move|p2a: Sneasler|Close Combat|p1b: Maushold\n|-supereffective|p1b: Maushold|1\n|-enditem|p1b: Maushold|Focus Sash\n|-damage|p1b: Maushold|1/100\n|-unboost|p2a: Sneasler|def|1\n|-unboost|p2a: Sneasler|spd|1\n|move|p1b: Maushold|U-turn|p2a: Sneasler\n|-resisted|p2a: Sneasler|2\n|-damage|p2a: Sneasler|93/100\n|\n|t:|1776189060\n|switch|p1b: Camerupt|Camerupt, L50, M, shiny|100/100|[from] U-turn\n|move|p1a: Kingambit|Kowtow Cleave|p2b: Farigiraf\n|-activate|p2b: Farigiraf|move: Protect\n|\n|upkeep\n|turn|3\n|\n|t:|1776189072\n|detailschange|p1b: Camerupt|Camerupt-Mega, L50, M, shiny\n|-mega|p1b: Camerupt|Camerupt|Cameruptite\n|move|p2b: Farigiraf|Helping Hand|p2a: Sneasler\n|-singleturn|p2a: Sneasler|Helping Hand|[of] p2b: Farigiraf\n|move|p2a: Sneasler|Close Combat|p1a: Kingambit\n|-supereffective|p1a: Kingambit|2\n|-enditem|p1a: Kingambit|Chople Berry|[eat]\n|-enditem|p1a: Kingambit|Chople Berry|[weaken]\n|-damage|p1a: Kingambit|0 fnt\n|-unboost|p2a: Sneasler|def|1\n|-unboost|p2a: Sneasler|spd|1\n|faint|p1a: Kingambit\n|move|p1b: Camerupt|Earth Power|p2a: Sneasler\n|-supereffective|p2a: Sneasler|1\n|-damage|p2a: Sneasler|0 fnt\n|faint|p2a: Sneasler\n|\n|upkeep\n|\n|t:|1776189086\n|switch|p2a: Tyranitar|Tyranitar, L50, M|100/100\n|switch|p1a: Maushold|Maushold-Four, L50|1/100\n|-weather|Sandstorm|[from] ability: Sand Stream|[of] p2a: Tyranitar\n|turn|4\n|inactive|TheFool42 has 30 seconds left.\n|\n|t:|1776189115\n|detailschange|p2a: Tyranitar|Tyranitar-Mega, L50, M\n|-mega|p2a: Tyranitar|Tyranitar|Tyranitarite\n|move|p2a: Tyranitar|Protect|p2a: Tyranitar\n|-singleturn|p2a: Tyranitar|Protect\n|move|p2b: Farigiraf|Protect|p2b: Farigiraf\n|-singleturn|p2b: Farigiraf|Protect\n|move|p1a: Maushold|Super Fang|p2a: Tyranitar\n|-activate|p2a: Tyranitar|move: Protect\n|move|p1b: Camerupt|Eruption|p2a: Tyranitar|[spread] \n|-activate|p2a: Tyranitar|move: Protect\n|-activate|p2b: Farigiraf|move: Protect\n|\n|-weather|Sandstorm|[upkeep]\n|-damage|p1a: Maushold|0 fnt|[from] Sandstorm\n|-damage|p2b: Farigiraf|76/100|[from] Sandstorm\n|faint|p1a: Maushold\n|upkeep\n|turn|5\n|\n|t:|1776189128\n|move|p2b: Farigiraf|Helping Hand|p2a: Tyranitar\n|-singleturn|p2a: Tyranitar|Helping Hand|[of] p2b: Farigiraf\n|move|p2a: Tyranitar|High Horsepower|p1b: Camerupt\n|-supereffective|p1b: Camerupt|1\n|-damage|p1b: Camerupt|0 fnt\n|faint|p1b: Camerupt\n|\n|win|Luminary of Ass\n|raw|TheFool42's rating: 1084 &rarr; <strong>1067</strong><br />(-17 for losing)\n|raw|Luminary of Ass's rating: 1178 &rarr; <strong>1196</strong><br />(+18 for winning)\n|l|\u2606TheFool42\n|player|p1|\n",
  "uploadtime": 1776189138,
  "views": 22,
  "formatid": "gen9championsvgc2026regma",
  "rating": 1067,
  "private": 0,
  "password": null
}