{
  "id": "gen9championsvgc2026regma-2589469618",
  "format": "[Gen 9 Champions] VGC 2026 Reg M-A",
  "players": [
    "Pure Powerful",
    "alvarriderr"
  ],
  "log": "|j|\u2606Pure Powerful\n|j|\u2606alvarriderr\n|t:|1776725771\n|gametype|doubles\n|player|p1|Pure Powerful|steven|1232\n|player|p2|alvarriderr|hilbert-wonderlauncher|1234\n|gen|9\n|tier|[Gen 9 Champions] VGC 2026 Reg M-A\n|rated|\n|rule|Species Clause: Limit one of each Pok\u00e9mon\n|rule|Item Clause: Limit 1 of each item\n|clearpoke\n|poke|p1|Gyarados, L50, M, shiny|\n|poke|p1|Chimecho, L50, F, shiny|\n|poke|p1|Maushold-Four, L50, shiny|\n|poke|p1|Garchomp, L50, M, shiny|\n|poke|p1|Meowscarada, L50, F, shiny|\n|poke|p1|Kangaskhan, L50, F, shiny|\n|poke|p2|Hawlucha, L50, F|\n|poke|p2|Excadrill, L50, F|\n|poke|p2|Tyranitar, L50, F|\n|poke|p2|Sinistcha, L50|\n|poke|p2|Gardevoir, L50, M|\n|poke|p2|Volcarona, L50, F|\n|teampreview|4\n|inactive|Battle timer is ON: inactive players will automatically lose when time's up. (requested by Pure Powerful)\nalvarriderr has agreed to open team sheets.\n|inactive|Pure Powerful has 60 seconds left.\n|inactive|alvarriderr has 60 seconds left.\n|\n|t:|1776725823\n|teamsize|p1|4\n|teamsize|p2|4\n|start\n|switch|p1a: Garchomp|Garchomp, L50, M, shiny|100/100\n|switch|p1b: Chimecho|Chimecho, L50, F, shiny|100/100\n|switch|p2a: Hawlucha|Hawlucha, L50, F|100/100\n|switch|p2b: Excadrill|Excadrill, L50, F|100/100\n|turn|1\n|inactive|alvarriderr has 30 seconds left.\n|inactive|alvarriderr has 20 seconds left.\n|inactive|alvarriderr has 15 seconds left.\n|inactive|alvarriderr has 10 seconds left.\n|\n|t:|1776725869\n|detailschange|p2a: Hawlucha|Hawlucha-Mega, L50, F\n|-mega|p2a: Hawlucha|Hawlucha|Hawluchanite\n|detailschange|p1b: Chimecho|Chimecho-Mega, L50, F, shiny\n|-mega|p1b: Chimecho|Chimecho|Chimechite\n|move|p1a: Garchomp|Earthquake|p2b: Excadrill|[spread] p2b\n|-immune|p1b: Chimecho|[from] ability: Levitate\n|-immune|p2a: Hawlucha\n|-supereffective|p2b: Excadrill|1\n|-enditem|p2b: Excadrill|Focus Sash\n|-damage|p2b: Excadrill|1/100\n|move|p2a: Hawlucha|Entrainment|p1b: Chimecho\n|-ability|p1b: Chimecho|No Guard|Levitate|[from] move: Entrainment|[of] p2a: Hawlucha\n|move|p2b: Excadrill|Fissure|p1b: Chimecho\n|-damage|p1b: Chimecho|0 fnt\n|faint|p1b: Chimecho\n|-ohko\n|\n|upkeep\n|\n|t:|1776725891\n|switch|p1b: Gyarados|Gyarados, L50, M, shiny|100/100\n|-ability|p1b: Gyarados|Intimidate|boost\n|-unboost|p2a: Hawlucha|atk|1\n|-unboost|p2b: Excadrill|atk|1\n|turn|2\n|inactive|alvarriderr has 30 seconds left.\n|inactive|alvarriderr has 20 seconds left.\n|inactive|alvarriderr has 15 seconds left.\n|inactive|alvarriderr has 10 seconds left.\n|\n|t:|1776725938\n|move|p2b: Excadrill|Protect|p2b: Excadrill\n|-singleturn|p2b: Excadrill|Protect\n|move|p1a: Garchomp|Earthquake|p2b: Excadrill|[spread] \n|-activate|p2b: Excadrill|move: Protect\n|-immune|p1b: Gyarados\n|-immune|p2a: Hawlucha\n|move|p2a: Hawlucha|Cross Chop|p1a: Garchomp\n|-damage|p1a: Garchomp|71/100\n|-damage|p2a: Hawlucha|88/100|[from] ability: Rough Skin|[of] p1a: Garchomp\n|move|p1b: Gyarados|Avalanche|p2a: Hawlucha\n|-supereffective|p2a: Hawlucha|1\n|-crit|p2a: Hawlucha\n|-damage|p2a: Hawlucha|42/100\n|\n|upkeep\n|turn|3\n|inactive|alvarriderr has 30 seconds left.\n|inactive|alvarriderr has 20 seconds left.\n|inactive|alvarriderr has 15 seconds left.\n|inactive|alvarriderr has 10 seconds left.\n|\n|t:|1776725988\n|switch|p2a: Tyranitar|Tyranitar, L50, F|100/100\n|-weather|Sandstorm|[from] ability: Sand Stream|[of] p2a: Tyranitar\n|move|p2b: Excadrill|Iron Head|p1a: Garchomp\n|-damage|p1a: Garchomp|40/100\n|-damage|p2b: Excadrill|0 fnt|[from] ability: Rough Skin|[of] p1a: Garchomp\n|faint|p2b: Excadrill\n|move|p1a: Garchomp|Earthquake|p2a: Tyranitar|[spread] p2a\n|-immune|p1b: Gyarados\n|-supereffective|p2a: Tyranitar|1\n|-damage|p2a: Tyranitar|25/100\n|move|p1b: Gyarados|Thunder Wave|p2a: Tyranitar\n|-status|p2a: Tyranitar|par\n|\n|-weather|Sandstorm|[upkeep]\n|-damage|p1b: Gyarados|95/100|[from] Sandstorm\n|upkeep\n|inactive|alvarriderr has 30 seconds left.\n|inactive|alvarriderr has 20 seconds left.\n|inactive|alvarriderr has 15 seconds left.\n|inactive|alvarriderr has 10 seconds left.\n|\n|t:|1776726033\n|switch|p2b: Gardevoir|Gardevoir, L50, M|100/100\n|-ability|p2b: Gardevoir|Intimidate|Trace|[from] ability: Trace|[of] p1b: Gyarados\n|-ability|p2b: Gardevoir|Intimidate|boost\n|-unboost|p1a: Garchomp|atk|1\n|-unboost|p1b: Gyarados|atk|1\n|turn|4\n|\n|t:|1776726058\n|switch|p1a: Meowscarada|Meowscarada, L50, F, shiny|100/100\n|move|p2a: Tyranitar|Protect|p2a: Tyranitar\n|-singleturn|p2a: Tyranitar|Protect\n|move|p2b: Gardevoir|Thunderbolt|p1b: Gyarados\n|-supereffective|p1b: Gyarados|2\n|-damage|p1b: Gyarados|0 fnt\n|faint|p1b: Gyarados\n|\n|-weather|Sandstorm|[upkeep]\n|-damage|p2b: Gardevoir|94/100|[from] Sandstorm\n|-damage|p1a: Meowscarada|95/100|[from] Sandstorm\n|upkeep\n|\n|t:|1776726065\n|switch|p1b: Garchomp|Garchomp, L50, M, shiny|40/100\n|turn|5\n|inactive|alvarriderr has 30 seconds left.\n|inactive|alvarriderr has 20 seconds left.\n|inactive|alvarriderr has 15 seconds left.\n|inactive|alvarriderr has 10 seconds left.\n|\n|t:|1776726112\n|switch|p2b: Hawlucha|Hawlucha-Mega, L50, F|42/100\n|move|p1b: Garchomp|Rock Slide|p2b: Hawlucha|[spread] p2a,p2b\n|-damage|p2a: Tyranitar|8/100 par\n|-damage|p2b: Hawlucha|21/100\n|move|p1a: Meowscarada|Flower Trick|p2b: Hawlucha\n|-start|p1a: Meowscarada|typechange|Grass|[from] ability: Protean\n|-resisted|p2b: Hawlucha|1\n|-crit|p2b: Hawlucha\n|-damage|p2b: Hawlucha|0 fnt\n|faint|p2b: Hawlucha\n|move|p2a: Tyranitar|Low Kick|p1a: Meowscarada\n|-damage|p1a: Meowscarada|63/100\n|\n|-weather|Sandstorm|[upkeep]\n|-damage|p1a: Meowscarada|57/100|[from] Sandstorm\n|upkeep\n|inactive|alvarriderr has 30 seconds left.\n|inactive|alvarriderr has 20 seconds left.\n|\n|t:|1776726150\n|switch|p2b: Gardevoir|Gardevoir, L50, M|94/100\n|-ability|p2b: Gardevoir|Protean|Trace|[from] ability: Trace|[of] p1a: Meowscarada\n|turn|6\n|inactive|alvarriderr has 30 seconds left.\n|inactive|alvarriderr has 20 seconds left.\n|\n|t:|1776726187\n|move|p2a: Tyranitar|Protect|p2a: Tyranitar\n|-singleturn|p2a: Tyranitar|Protect\n|move|p1b: Garchomp|Rock Slide|p2a: Tyranitar|[spread] p2b\n|-activate|p2a: Tyranitar|move: Protect\n|-damage|p2b: Gardevoir|57/100\n|move|p2b: Gardevoir|Aura Sphere|p1a: Meowscarada\n|-start|p2b: Gardevoir|typechange|Fighting|[from] ability: Protean\n|-damage|p1a: Meowscarada|0 fnt\n|faint|p1a: Meowscarada\n|\n|-weather|Sandstorm|[upkeep]\n|-damage|p2b: Gardevoir|51/100|[from] Sandstorm\n|upkeep\n|turn|7\n|inactive|alvarriderr has 30 seconds left.\n|inactive|alvarriderr has 20 seconds left.\n|inactive|alvarriderr has 15 seconds left.\n|\n|t:|1776726229\n|move|p1b: Garchomp|Rock Slide|p2b: Gardevoir|[spread] p2a,p2b\n|-resisted|p2b: Gardevoir|1\n|-damage|p2a: Tyranitar|0 fnt\n|-damage|p2b: Gardevoir|32/100\n|faint|p2a: Tyranitar\n|move|p2b: Gardevoir|Aura Sphere|p1b: Garchomp\n|-damage|p1b: Garchomp|0 fnt\n|faint|p1b: Garchomp\n|\n|win|alvarriderr\n|raw|Pure Powerful's rating: 1232 &rarr; <strong>1207</strong><br />(-25 for losing)\n|raw|alvarriderr's rating: 1234 &rarr; <strong>1259</strong><br />(+25 for winning)\n|l|\u2606Pure Powerful\n|player|p1|\n|c|\u2606alvarriderr|gg\n",
  "uploadtime": 1776726256,
  "views": 9,
  "formatid": "gen9championsvgc2026regma",
  "rating": 1207,
  "private": 0,
  "password": null
}