{
  "id": "gen9championsvgc2026regma-2583631396",
  "format": "[Gen 9 Champions] VGC 2026 Reg M-A",
  "players": [
    "LudwigVonHohenheim",
    "Kirbo5500"
  ],
  "log": "|j|\u2606LudwigVonHohenheim\n|j|\u2606Kirbo5500\n|t:|1776187642\n|gametype|doubles\n|player|p1|LudwigVonHohenheim|grimsley|1147\n|player|p2|Kirbo5500|2|1052\n|gen|9\n|tier|[Gen 9 Champions] VGC 2026 Reg M-A\n|rated|\n|rule|Species Clause: Limit one of each Pok\u00e9mon\n|rule|Item Clause: Limit 1 of each item\n|clearpoke\n|poke|p1|Vivillon, L50, F|\n|poke|p1|Incineroar, L50, F|\n|poke|p1|Garchomp, L50, F|\n|poke|p1|Lucario, L50, M|\n|poke|p1|Primarina, L50, M|\n|poke|p1|Farigiraf, L50, M|\n|poke|p2|Meganium, L50, M|\n|poke|p2|Primarina, L50, M|\n|poke|p2|Incineroar, L50, M|\n|poke|p2|Hawlucha, L50, M|\n|poke|p2|Garchomp, L50, M|\n|poke|p2|Zoroark-Hisui, L50, M|\n|teampreview|4\n|\n|t:|1776187672\n|teamsize|p1|4\n|teamsize|p2|4\n|start\n|switch|p1a: Vivillon|Vivillon, L50, F|100/100\n|switch|p1b: Incineroar|Incineroar, L50, F|100/100\n|switch|p2a: Meganium|Meganium, L50, M|100/100\n|switch|p2b: Incineroar|Incineroar, L50, M|100/100\n|-ability|p1b: Incineroar|Intimidate|boost\n|-unboost|p2a: Meganium|atk|1\n|-unboost|p2b: Incineroar|atk|1\n|-ability|p2b: Incineroar|Intimidate|boost\n|-unboost|p1a: Vivillon|atk|1\n|-unboost|p1b: Incineroar|atk|1\n|turn|1\n|\n|t:|1776187706\n|switch|p1b: Farigiraf|Farigiraf, L50, M|100/100\n|detailschange|p2a: Meganium|Meganium-Mega, L50, M\n|-mega|p2a: Meganium|Meganium|Meganiumite\n|move|p2b: Incineroar|Fake Out||[still]\n|cant|p1b: Farigiraf|ability: Armor Tail|Fake Out|[of] p2b: Incineroar\n|move|p1a: Vivillon|Tailwind|p1a: Vivillon\n|-sidestart|p1: LudwigVonHohenheim|move: Tailwind\n|move|p2a: Meganium|Ancient Power|p1b: Farigiraf\n|-damage|p1b: Farigiraf|78/100\n|\n|upkeep\n|turn|2\n|\n|t:|1776187731\n|move|p1a: Vivillon|Sleep Powder|p2b: Incineroar\n|-status|p2b: Incineroar|slp|[from] move: Sleep Powder\n|move|p1b: Farigiraf|Hyper Voice|p2a: Meganium|[spread] p2a,p2b\n|-damage|p2a: Meganium|72/100\n|-damage|p2b: Incineroar|76/100 slp\n|move|p2a: Meganium|Weather Ball|p1a: Vivillon\n|-supereffective|p1a: Vivillon|1\n|-enditem|p1a: Vivillon|Focus Sash\n|-damage|p1a: Vivillon|1/100\n|cant|p2b: Incineroar|slp\n|\n|upkeep\n|turn|3\n|\n|t:|1776187758\n|move|p1a: Vivillon|Hurricane|p2a: Meganium\n|-supereffective|p2a: Meganium|1\n|-damage|p2a: Meganium|0 fnt\n|faint|p2a: Meganium\n|move|p1b: Farigiraf|Hyper Voice|p2b: Incineroar\n|-damage|p2b: Incineroar|45/100 slp\n|-enditem|p2b: Incineroar|Sitrus Berry|[eat]\n|-heal|p2b: Incineroar|70/100 slp|[from] item: Sitrus Berry\n|cant|p2b: Incineroar|slp\n|\n|upkeep\n|\n|t:|1776187771\n|switch|p2a: Primarina|Primarina, L50, M|100/100\n|turn|4\n|\n|t:|1776187791\n|switch|p1b: Incineroar|Incineroar, L50, F|100/100\n|-ability|p1b: Incineroar|Intimidate|boost\n|-unboost|p2a: Primarina|atk|1\n|-unboost|p2b: Incineroar|atk|1\n|move|p1a: Vivillon|Sleep Powder|p2a: Primarina\n|-status|p2a: Primarina|slp|[from] move: Sleep Powder\n|cant|p2a: Primarina|slp\n|-curestatus|p2b: Incineroar|slp|[msg]\n|move|p2b: Incineroar|Will-O-Wisp|p1b: Incineroar\n|-immune|p1b: Incineroar\n|\n|-sideend|p1: LudwigVonHohenheim|move: Tailwind\n|upkeep\n|turn|5\n|c|\u2606Kirbo5500|Is your vivi a support or offensive?\n|\n|t:|1776187827\n|move|p1b: Incineroar|Fake Out|p2b: Incineroar\n|-damage|p2b: Incineroar|59/100\n|move|p1a: Vivillon|Hurricane|p2a: Primarina\n|-damage|p2a: Primarina|71/100 slp\n|cant|p2a: Primarina|slp\n|cant|p2b: Incineroar|flinch\n|\n|upkeep\n|turn|6\n|c|\u2606Kirbo5500|Id like to know as i love vivi\n|\n|t:|1776187857\n|switch|p1a: Primarina|Primarina, L50, M|100/100\n|move|p1b: Incineroar|Parting Shot|p2b: Incineroar\n|-unboost|p2b: Incineroar|atk|1\n|-unboost|p2b: Incineroar|spa|1\n|\n|t:|1776187865\n|switch|p1b: Farigiraf|Farigiraf, L50, M|78/100|[from] Parting Shot\n|move|p2b: Incineroar|Flare Blitz|p1a: Primarina\n|-resisted|p1a: Primarina|1\n|-damage|p1a: Primarina|91/100\n|-damage|p2b: Incineroar|56/100|[from] Recoil\n|-curestatus|p2a: Primarina|slp|[msg]\n|move|p2a: Primarina|Moonblast|p1b: Farigiraf\n|-damage|p1b: Farigiraf|39/100\n|-enditem|p1b: Farigiraf|Sitrus Berry|[eat]\n|-heal|p1b: Farigiraf|64/100|[from] item: Sitrus Berry\n|\n|-heal|p1a: Primarina|97/100|[from] item: Leftovers\n|upkeep\n|turn|7\n|c|\u2606Kirbo5500|Nuh GG i got none to take out the Primarina\n|\n|t:|1776187905\n|move|p1b: Farigiraf|Protect|p1b: Farigiraf\n|-singleturn|p1b: Farigiraf|Protect\n|move|p2a: Primarina|Hyper Voice|p1a: Primarina|[spread] p1a\n|-activate|p1b: Farigiraf|move: Protect\n|-resisted|p1a: Primarina|1\n|-damage|p1a: Primarina|82/100\n|move|p1a: Primarina|Calm Mind|p1a: Primarina\n|-boost|p1a: Primarina|spa|1\n|-boost|p1a: Primarina|spd|1\n|move|p2b: Incineroar|Will-O-Wisp|p1a: Primarina\n|-status|p1a: Primarina|brn\n|\n|-heal|p1a: Primarina|88/100 brn|[from] item: Leftovers\n|-damage|p1a: Primarina|82/100 brn|[from] brn\n|upkeep\n|turn|8\n|\n|t:|1776187931\n|move|p1b: Farigiraf|Hyper Voice|p2b: Incineroar|[spread] p2a,p2b\n|-damage|p2a: Primarina|53/100\n|-damage|p2b: Incineroar|34/100\n|move|p2b: Incineroar|Parting Shot|p1a: Primarina\n|-unboost|p1a: Primarina|atk|1\n|-unboost|p1a: Primarina|spa|1\n|\n|t:|1776187938\n|switch|p2b: Garchomp|Garchomp, L50, M|100/100|[from] Parting Shot\n|move|p2a: Primarina|Hyper Voice|p1a: Primarina|[spread] p1a,p1b\n|-resisted|p1a: Primarina|1\n|-damage|p1a: Primarina|73/100 brn\n|-damage|p1b: Farigiraf|30/100\n|move|p1a: Primarina|Hyper Voice|p2a: Primarina|[spread] p2a,p2b\n|-resisted|p2a: Primarina|1\n|-damage|p2a: Primarina|43/100\n|-damage|p2b: Garchomp|63/100\n|\n|-heal|p1a: Primarina|79/100 brn|[from] item: Leftovers\n|-damage|p1a: Primarina|73/100 brn|[from] brn\n|upkeep\n|turn|9\n|\n|t:|1776187976\n|switch|p1b: Vivillon|Vivillon, L50, F|1/100\n|move|p1a: Primarina|Protect|p1a: Primarina\n|-singleturn|p1a: Primarina|Protect\n|move|p2b: Garchomp|Earthquake|p1b: Vivillon|[spread] p2a\n|-activate|p1a: Primarina|move: Protect\n|-immune|p1b: Vivillon\n|-damage|p2a: Primarina|2/100\n|move|p2a: Primarina|Hyper Voice|p1b: Vivillon|[spread] p1b\n|-activate|p1a: Primarina|move: Protect\n|-damage|p1b: Vivillon|0 fnt\n|faint|p1b: Vivillon\n|\n|-heal|p1a: Primarina|79/100 brn|[from] item: Leftovers\n|-damage|p1a: Primarina|73/100 brn|[from] brn\n|upkeep\n|\n|t:|1776187995\n|switch|p1b: Incineroar|Incineroar, L50, F|100/100\n|-ability|p1b: Incineroar|Intimidate|boost\n|-unboost|p2a: Primarina|atk|1\n|-unboost|p2b: Garchomp|atk|1\n|turn|10\n|\n|t:|1776188002\n|move|p2a: Primarina|Protect|p2a: Primarina\n|-singleturn|p2a: Primarina|Protect\n|move|p1b: Incineroar|Fake Out|p2b: Garchomp\n|-damage|p2b: Garchomp|54/100\n|-damage|p1b: Incineroar|88/100|[from] ability: Rough Skin|[of] p2b: Garchomp\n|cant|p2b: Garchomp|flinch\n|move|p1a: Primarina|Moonblast|p2b: Garchomp\n|-supereffective|p2b: Garchomp|1\n|-damage|p2b: Garchomp|0 fnt\n|faint|p2b: Garchomp\n|\n|-heal|p1a: Primarina|79/100 brn|[from] item: Leftovers\n|-damage|p1a: Primarina|73/100 brn|[from] brn\n|upkeep\n|\n|t:|1776188013\n|switch|p2b: Incineroar|Incineroar, L50, M|34/100\n|-ability|p2b: Incineroar|Intimidate|boost\n|-unboost|p1a: Primarina|atk|1\n|-unboost|p1b: Incineroar|atk|1\n|turn|11\n|\n|t:|1776188024\n|switch|p1b: Farigiraf|Farigiraf, L50, M|30/100\n|move|p2b: Incineroar|Fake Out||[still]\n|cant|p1b: Farigiraf|ability: Armor Tail|Fake Out|[of] p2b: Incineroar\n|move|p1a: Primarina|Hyper Voice|p2a: Primarina|[spread] p2a,p2b\n|-resisted|p2a: Primarina|1\n|-crit|p2a: Primarina\n|-supereffective|p2b: Incineroar|1\n|-damage|p2a: Primarina|0 fnt\n|-damage|p2b: Incineroar|0 fnt\n|faint|p2a: Primarina\n|faint|p2b: Incineroar\n|\n|win|LudwigVonHohenheim\n|raw|LudwigVonHohenheim's rating: 1147 &rarr; <strong>1165</strong><br />(+18 for winning)\n|raw|Kirbo5500's rating: 1052 &rarr; <strong>1039</strong><br />(-13 for losing)\n",
  "uploadtime": 1776188037,
  "views": 13,
  "formatid": "gen9championsvgc2026regma",
  "rating": 1039,
  "private": 0,
  "password": null
}