{
  "id": "gen9championsvgc2026regma-2587931817",
  "format": "[Gen 9 Champions] VGC 2026 Reg M-A",
  "players": [
    "yamede\u86c7\u5982",
    "xfgfgdgfdsgfgf"
  ],
  "log": "|j|\u2606yamede\u86c7\u5982\n|j|\u2606xfgfgdgfdsgfgf\n|t:|1776580855\n|gametype|doubles\n|player|p1|yamede\u86c7\u5982|2|1565\n|player|p2|xfgfgdgfdsgfgf|scientist|1478\n|gen|9\n|tier|[Gen 9 Champions] VGC 2026 Reg M-A\n|rated|\n|rule|Species Clause: Limit one of each Pok\u00e9mon\n|rule|Item Clause: Limit 1 of each item\n|clearpoke\n|poke|p1|Tyranitar, L50, M|\n|poke|p1|Milotic, L50, F, shiny|\n|poke|p1|Excadrill, L50, M|\n|poke|p1|Meganium, L50, F, shiny|\n|poke|p1|Incineroar, L50, F|\n|poke|p1|Sinistcha, L50|\n|poke|p2|Floette-Eternal, L50, F|\n|poke|p2|Garchomp, L50, M|\n|poke|p2|Sneasler, L50, F|\n|poke|p2|Aerodactyl, L50, F|\n|poke|p2|Rotom-Wash, L50|\n|poke|p2|Incineroar, L50, M|\n|teampreview|4\n|inactive|Battle timer is ON: inactive players will automatically lose when time's up. (requested by xfgfgdgfdsgfgf)\n|j| gravedigger3000\n|inactive|yamede\u86c7\u5982 has 60 seconds left.\n|inactive|xfgfgdgfdsgfgf has 60 seconds left.\n|inactive|yamede\u86c7\u5982 has 30 seconds left.\n|inactive|yamede\u86c7\u5982 has 20 seconds left.\n|\n|t:|1776580926\n|teamsize|p1|4\n|teamsize|p2|4\n|start\n|switch|p1a: Meganium|Meganium, L50, F, shiny|100/100\n|switch|p1b: Incineroar|Incineroar, L50, F|100/100\n|switch|p2a: Sneasler|Sneasler, L50, F|100/100\n|switch|p2b: Floette|Floette-Eternal, L50, F|100/100\n|-ability|p1b: Incineroar|Intimidate|boost\n|-unboost|p2a: Sneasler|atk|1\n|-unboost|p2b: Floette|atk|1\n|-enditem|p2a: Sneasler|White Herb\n|-clearnegativeboost|p2a: Sneasler|[silent]\n|turn|1\n|inactive|yamede\u86c7\u5982 has 30 seconds left.\n|\n|t:|1776580961\n|detailschange|p1a: Meganium|Meganium-Mega, L50, F, shiny\n|-mega|p1a: Meganium|Meganium|Meganiumite\n|detailschange|p2b: Floette|Floette-Mega, L50, F\n|-mega|p2b: Floette|Floette|Floettite\n|-ability|p2b: Floette|Fairy Aura\n|move|p2a: Sneasler|Close Combat|p1b: Incineroar\n|-supereffective|p1b: Incineroar|1\n|-damage|p1b: Incineroar|5/100\n|-unboost|p2a: Sneasler|def|1\n|-unboost|p2a: Sneasler|spd|1\n|move|p2b: Floette|Calm Mind|p2b: Floette\n|-boost|p2b: Floette|spa|1\n|-boost|p2b: Floette|spd|1\n|move|p1a: Meganium|Dazzling Gleam|p2a: Sneasler|[spread] p2a,p2b\n|-crit|p2b: Floette\n|-damage|p2a: Sneasler|13/100\n|-damage|p2b: Floette|56/100\n|move|p1b: Incineroar|Flare Blitz|p2a: Sneasler\n|-damage|p2a: Sneasler|0 fnt\n|faint|p2a: Sneasler\n|-damage|p1b: Incineroar|2/100|[from] Recoil\n|\n|upkeep\n|\n|t:|1776580971\n|switch|p2a: Aerodactyl|Aerodactyl, L50, F|100/100\n|-ability|p2a: Aerodactyl|Unnerve\n|turn|2\n|inactive|yamede\u86c7\u5982 has 30 seconds left.\n|inactive|yamede\u86c7\u5982 has 20 seconds left.\n|inactive|yamede\u86c7\u5982 has 15 seconds left.\n|inactive|yamede\u86c7\u5982 has 10 seconds left.\n|inactive|yamede\u86c7\u5982 has 5 seconds left.\n|\n|t:|1776581025\n|switch|p1b: Milotic|Milotic, L50, F, shiny|100/100\n|move|p1a: Meganium|Protect|p1a: Meganium\n|-singleturn|p1a: Meganium|Protect\n|move|p2a: Aerodactyl|Dual Wingbeat|p1a: Meganium\n|-activate|p1a: Meganium|move: Protect\n|move|p2b: Floette|Dazzling Gleam|p1b: Milotic|[spread] p1b\n|-activate|p1a: Meganium|move: Protect\n|-damage|p1b: Milotic|47/100\n|\n|-heal|p1b: Milotic|52/100|[from] item: Leftovers\n|upkeep\n|turn|3\n|j| sammap\n|inactive|yamede\u86c7\u5982 has 30 seconds left.\n|inactive|yamede\u86c7\u5982 has 20 seconds left.\n|inactive|yamede\u86c7\u5982 has 15 seconds left.\n|l| sammap\n|inactive|yamede\u86c7\u5982 has 10 seconds left.\n|\n|t:|1776581073\n|move|p2a: Aerodactyl|Rock Slide|p1a: Meganium|[spread] p1a,p1b\n|-damage|p1a: Meganium|76/100\n|-damage|p1b: Milotic|33/100\n|move|p1a: Meganium|Dazzling Gleam|p2b: Floette|[spread] p2a,p2b\n|-damage|p2a: Aerodactyl|32/100\n|-damage|p2b: Floette|34/100\n|move|p2b: Floette|Moonblast|p1b: Milotic\n|-damage|p1b: Milotic|0 fnt\n|faint|p1b: Milotic\n|\n|upkeep\n|j| sbpkshowdown\n|inactive|yamede\u86c7\u5982 has 30 seconds left.\n|j| sammap\n|inactive|yamede\u86c7\u5982 has 20 seconds left.\n|l| sammap\n|\n|t:|1776581113\n|switch|p1b: Excadrill|Excadrill, L50, M|100/100\n|turn|4\n|inactive|yamede\u86c7\u5982 has 30 seconds left.\n|inactive|yamede\u86c7\u5982 has 20 seconds left.\n|inactive|yamede\u86c7\u5982 has 15 seconds left.\n|inactive|yamede\u86c7\u5982 has 10 seconds left.\n|inactive|yamede\u86c7\u5982 has 5 seconds left.\n|\n|t:|1776581165\n|switch|p1b: Incineroar|Incineroar, L50, F|2/100\n|-ability|p1b: Incineroar|Intimidate|boost\n|-unboost|p2a: Aerodactyl|atk|1\n|-unboost|p2b: Floette|atk|1\n|move|p2b: Floette|Protect|p2b: Floette\n|-singleturn|p2b: Floette|Protect\n|move|p2a: Aerodactyl|Tailwind|p2a: Aerodactyl\n|-sidestart|p2: xfgfgdgfdsgfgf|move: Tailwind\n|move|p1a: Meganium|Dazzling Gleam|p2b: Floette|[spread] p2a\n|-activate|p2b: Floette|move: Protect\n|-damage|p2a: Aerodactyl|0 fnt\n|faint|p2a: Aerodactyl\n|\n|upkeep\n|\n|t:|1776581172\n|switch|p2a: Incineroar|Incineroar, L50, M|100/100\n|-ability|p2a: Incineroar|Intimidate|boost\n|-unboost|p1a: Meganium|atk|1\n|-unboost|p1b: Incineroar|atk|1\n|turn|5\n|inactive|yamede\u86c7\u5982 has 30 seconds left.\n|inactive|yamede\u86c7\u5982 has 20 seconds left.\n|inactive|yamede\u86c7\u5982 has 15 seconds left.\n|\n|t:|1776581214\n|switch|p1a: Excadrill|Excadrill, L50, M|100/100\n|move|p1b: Incineroar|Protect|p1b: Incineroar\n|-singleturn|p1b: Incineroar|Protect\n|move|p2a: Incineroar|Fake Out|p1b: Incineroar\n|-activate|p1b: Incineroar|move: Protect\n|move|p2b: Floette|Moonblast|p1a: Excadrill\n|-resisted|p1a: Excadrill|1\n|-damage|p1a: Excadrill|25/100\n|\n|upkeep\n|turn|6\n|inactive|yamede\u86c7\u5982 has 30 seconds left.\n|inactive|yamede\u86c7\u5982 has 20 seconds left.\n|inactive|yamede\u86c7\u5982 has 15 seconds left.\n|inactive|yamede\u86c7\u5982 has 10 seconds left.\n|\n|t:|1776581261\n|switch|p1b: Meganium|Meganium-Mega, L50, F, shiny|76/100\n|move|p1a: Excadrill|Protect|p1a: Excadrill\n|-singleturn|p1a: Excadrill|Protect\n|move|p2b: Floette|Dazzling Gleam|p1a: Excadrill|[spread] p1b\n|-activate|p1a: Excadrill|move: Protect\n|-damage|p1b: Meganium|11/100\n|move|p2a: Incineroar|Flare Blitz|p1b: Meganium\n|-supereffective|p1b: Meganium|1\n|-damage|p1b: Meganium|0 fnt\n|faint|p1b: Meganium\n|-damage|p2a: Incineroar|98/100|[from] Recoil\n|\n|upkeep\n|\n|t:|1776581272\n|switch|p1b: Incineroar|Incineroar, L50, F|2/100\n|-ability|p1b: Incineroar|Intimidate|boost\n|-unboost|p2a: Incineroar|atk|1\n|-unboost|p2b: Floette|atk|1\n|turn|7\n|inactive|yamede\u86c7\u5982 has 30 seconds left.\n|inactive|yamede\u86c7\u5982 has 20 seconds left.\n|inactive|yamede\u86c7\u5982 has 15 seconds left.\n|inactive|yamede\u86c7\u5982 has 10 seconds left.\n|inactive|yamede\u86c7\u5982 has 5 seconds left.\n|\n|t:|1776581323\n|move|p1a: Excadrill|Protect||[still]\n|-fail|p1a: Excadrill\n|move|p1b: Incineroar|Protect|p1b: Incineroar\n|-singleturn|p1b: Incineroar|Protect\n|move|p2b: Floette|Dazzling Gleam|p1a: Excadrill|[spread] p1a\n|-activate|p1b: Incineroar|move: Protect\n|-resisted|p1a: Excadrill|1\n|-damage|p1a: Excadrill|0 fnt\n|faint|p1a: Excadrill\n|move|p2a: Incineroar|Flare Blitz|p1b: Incineroar\n|-activate|p1b: Incineroar|move: Protect\n|\n|-sideend|p2: xfgfgdgfdsgfgf|move: Tailwind\n|upkeep\n|turn|8\n|-message|yamede\u86c7\u5982 forfeited.\n|\n|win|xfgfgdgfdsgfgf\n|raw|yamede\u86c7\u5982's rating: 1565 &rarr; <strong>1540</strong><br />(-25 for losing)\n|raw|xfgfgdgfdsgfgf's rating: 1478 &rarr; <strong>1503</strong><br />(+25 for winning)\n|l| gravedigger3000\n|l|\u2606xfgfgdgfdsgfgf\n|player|p2|\n",
  "uploadtime": 1776581354,
  "views": 14,
  "formatid": "gen9championsvgc2026regma",
  "rating": 1503,
  "private": 0,
  "password": null
}