{
  "id": "gen9championsvgc2026regma-2587210364",
  "format": "[Gen 9 Champions] VGC 2026 Reg M-A",
  "players": [
    "Yalper",
    "Linux6969"
  ],
  "log": "|j|\u2606Yalper\n|j|\u2606Linux6969\n|t:|1776509382\n|gametype|doubles\n|player|p1|Yalper|2|1274\n|player|p2|Linux6969|102|1336\n|gen|9\n|tier|[Gen 9 Champions] VGC 2026 Reg M-A\n|rated|\n|rule|Species Clause: Limit one of each Pok\u00e9mon\n|rule|Item Clause: Limit 1 of each item\n|clearpoke\n|poke|p1|Delphox, L50, F|\n|poke|p1|Garchomp, L50, F|\n|poke|p1|Whimsicott, L50, M|\n|poke|p1|Rotom-Wash, L50|\n|poke|p1|Sneasler, L50, M|\n|poke|p1|Aerodactyl, L50, M|\n|poke|p2|Gengar, L50, M|\n|poke|p2|Incineroar, L50, M|\n|poke|p2|Blastoise, L50, F|\n|poke|p2|Altaria, L50, F|\n|poke|p2|Sableye, L50, M|\n|poke|p2|Kommo-o, L50, M|\n|teampreview|4\n|\n|t:|1776509438\n|teamsize|p1|4\n|teamsize|p2|4\n|start\n|switch|p1a: Garchomp|Garchomp, L50, F|100/100\n|switch|p1b: Rotom|Rotom-Wash, L50|100/100\n|switch|p2a: Gengar|Gengar, L50, M|100/100\n|switch|p2b: Sableye|Sableye, L50, M|100/100\n|turn|1\n|\n|t:|1776509468\n|switch|p2b: Incineroar|Incineroar, L50, M|100/100\n|-ability|p2b: Incineroar|Intimidate|boost\n|-unboost|p1a: Garchomp|atk|1\n|-unboost|p1b: Rotom|atk|1\n|detailschange|p2a: Gengar|Gengar-Mega, L50, M\n|-mega|p2a: Gengar|Gengar|Gengarite\n|move|p2a: Gengar|Protect|p2a: Gengar\n|-singleturn|p2a: Gengar|Protect\n|move|p1a: Garchomp|Earthquake|p2b: Incineroar|[spread] p2b\n|-activate|p2a: Gengar|move: Protect\n|-immune|p1b: Rotom|[from] ability: Levitate\n|-supereffective|p2b: Incineroar|1\n|-damage|p2b: Incineroar|50/100\n|move|p1b: Rotom|Hydro Pump|p2b: Incineroar|[miss]\n|-miss|p1b: Rotom|p2b: Incineroar\n|\n|upkeep\n|turn|2\n|\n|t:|1776509486\n|move|p2b: Incineroar|Fake Out|p1a: Garchomp\n|-damage|p1a: Garchomp|89/100\n|-damage|p2b: Incineroar|38/100|[from] ability: Rough Skin|[of] p1a: Garchomp\n|cant|p1a: Garchomp|flinch\n|move|p2a: Gengar|Perish Song|p2a: Gengar\n|-start|p1a: Garchomp|perish3|[silent]\n|-start|p1b: Rotom|perish3|[silent]\n|-start|p2a: Gengar|perish3|[silent]\n|-start|p2b: Incineroar|perish3|[silent]\n|-fieldactivate|move: Perish Song\n|move|p1b: Rotom|Hydro Pump|p2b: Incineroar\n|-supereffective|p2b: Incineroar|1\n|-enditem|p2b: Incineroar|Passho Berry|[eat]\n|-enditem|p2b: Incineroar|Passho Berry|[weaken]\n|-damage|p2b: Incineroar|0 fnt\n|faint|p2b: Incineroar\n|\n|-start|p1a: Garchomp|perish3\n|-start|p2a: Gengar|perish3\n|-start|p1b: Rotom|perish3\n|upkeep\n|\n|t:|1776509497\n|switch|p2b: Sableye|Sableye, L50, M|100/100\n|turn|3\n|\n|t:|1776509507\n|move|p2a: Gengar|Protect|p2a: Gengar\n|-singleturn|p2a: Gengar|Protect\n|move|p2b: Sableye|Encore|p1b: Rotom\n|-start|p1b: Rotom|Encore\n|move|p1a: Garchomp|Earthquake|p2b: Sableye|[spread] p2b\n|-activate|p2a: Gengar|move: Protect\n|-immune|p1b: Rotom|[from] ability: Levitate\n|-damage|p2b: Sableye|73/100\n|move|p1b: Rotom|Hydro Pump|p2a: Gengar\n|-activate|p2a: Gengar|move: Protect\n|\n|-start|p1a: Garchomp|perish2\n|-start|p2a: Gengar|perish2\n|-start|p1b: Rotom|perish2\n|upkeep\n|turn|4\n|\n|t:|1776509530\n|move|p2b: Sableye|Disable|p1b: Rotom\n|-start|p1b: Rotom|Disable|Hydro Pump\n|move|p1a: Garchomp|Earthquake|p2a: Gengar|[spread] p2a,p2b\n|-immune|p1b: Rotom|[from] ability: Levitate\n|-supereffective|p2a: Gengar|1\n|-damage|p2a: Gengar|26/100\n|-damage|p2b: Sableye|44/100\n|move|p2a: Gengar|Substitute|p2a: Gengar\n|-start|p2a: Gengar|Substitute\n|-damage|p2a: Gengar|1/100\n|cant|p1b: Rotom|Disable|Hydro Pump\n|\n|-start|p1a: Garchomp|perish1\n|-start|p2a: Gengar|perish1\n|-start|p1b: Rotom|perish1\n|upkeep\n|turn|5\n|\n|t:|1776509547\n|switch|p2a: Blastoise|Blastoise, L50, F|100/100\n|move|p2b: Sableye|Protect|p2b: Sableye\n|-singleturn|p2b: Sableye|Protect\n|move|p1a: Garchomp|Earthquake|p2a: Blastoise|[spread] p2a\n|-activate|p2b: Sableye|move: Protect\n|-immune|p1b: Rotom|[from] ability: Levitate\n|-damage|p2a: Blastoise|78/100\n|-activate|p1b: Rotom|move: Struggle\n|move|p1b: Rotom|Struggle|p2a: Blastoise\n|-damage|p2a: Blastoise|74/100\n|-damage|p1b: Rotom|75/100|[from] recoil\n|\n|-end|p1b: Rotom|Encore\n|-start|p1a: Garchomp|perish0\n|-start|p1b: Rotom|perish0\n|faint|p1a: Garchomp\n|faint|p1b: Rotom\n|upkeep\n|\n|t:|1776509563\n|switch|p1a: Delphox|Delphox, L50, F|100/100\n|switch|p1b: Aerodactyl|Aerodactyl, L50, M|100/100\n|-ability|p1b: Aerodactyl|Unnerve\n|turn|6\n|\n|t:|1776509574\n|detailschange|p1a: Delphox|Delphox-Mega, L50, F\n|-mega|p1a: Delphox|Delphox|Delphoxite\n|move|p2b: Sableye|Protect|p2b: Sableye\n|-singleturn|p2b: Sableye|Protect\n|move|p1a: Delphox|Psychic|p2a: Blastoise\n|-damage|p2a: Blastoise|38/100\n|move|p1b: Aerodactyl|Rock Slide|p2b: Sableye|[spread] p2a\n|-activate|p2b: Sableye|move: Protect\n|-damage|p2a: Blastoise|18/100\n|cant|p2a: Blastoise|flinch\n|\n|upkeep\n|turn|7\n|\n|t:|1776509602\n|move|p2b: Sableye|Disable|p1a: Delphox\n|-start|p1a: Delphox|Disable|Psychic\n|move|p1a: Delphox|Heat Wave|p2b: Sableye|[spread] p2a,p2b\n|-resisted|p2a: Blastoise|1\n|-damage|p2a: Blastoise|3/100\n|-damage|p2b: Sableye|0 fnt\n|faint|p2b: Sableye\n|move|p1b: Aerodactyl|Rock Slide|p2a: Blastoise\n|-damage|p2a: Blastoise|0 fnt\n|faint|p2a: Blastoise\n|\n|upkeep\n|\n|t:|1776509611\n|switch|p2b: Gengar|Gengar-Mega, L50, M|1/100\n|turn|8\n|\n|t:|1776509617\n|move|p1a: Delphox|Heat Wave|p2b: Gengar\n|-damage|p2b: Gengar|0 fnt\n|faint|p2b: Gengar\n|\n|win|Yalper\n|raw|Yalper's rating: 1274 &rarr; <strong>1303</strong><br />(+29 for winning)\n|raw|Linux6969's rating: 1336 &rarr; <strong>1312</strong><br />(-24 for losing)\n",
  "uploadtime": 1776509622,
  "views": 21,
  "formatid": "gen9championsvgc2026regma",
  "rating": 1303,
  "private": 0,
  "password": null
}