{
  "id": "gen9championsvgc2026regma-2582953508",
  "format": "[Gen 9 Champions] VGC 2026 Reg M-A",
  "players": [
    "kuanyou",
    "itzmauitime"
  ],
  "log": "|j|\u2606kuanyou\n|j|\u2606itzmauitime\n|t:|1776128032\n|gametype|doubles\n|player|p1|kuanyou|169|1203\n|player|p2|itzmauitime|170|1146\n|gen|9\n|tier|[Gen 9 Champions] VGC 2026 Reg M-A\n|rated|\n|rule|Species Clause: Limit one of each Pok\u00e9mon\n|rule|Item Clause: Limit 1 of each item\n|clearpoke\n|poke|p1|Scovillain, L50, M|\n|poke|p1|Sneasler, L50, M|\n|poke|p1|Primarina, L50, F|\n|poke|p1|Kingambit, L50, F|\n|poke|p1|Aerodactyl, L50, M|\n|poke|p1|Garchomp, L50, M|\n|poke|p2|Tyranitar, L50, M|\n|poke|p2|Skeledirge, L50, F|\n|poke|p2|Hatterene, L50, F|\n|poke|p2|Araquanid, L50, M|\n|poke|p2|Mimikyu, L50, M|\n|poke|p2|Hydrapple, L50, F|\n|teampreview|4\n|\n|t:|1776128089\n|teamsize|p1|4\n|teamsize|p2|4\n|start\n|switch|p1a: Scovillain|Scovillain, L50, M|100/100\n|switch|p1b: Primarina|Primarina, L50, F|100/100\n|switch|p2a: Mimikyu|Mimikyu, L50, M|100/100\n|switch|p2b: Araquanid|Araquanid, L50, M|100/100\n|turn|1\n|inactive|Battle timer is ON: inactive players will automatically lose when time's up. (requested by kuanyou)\n|inactiveoff|Battle timer is now OFF.\n|\n|t:|1776128115\n|switch|p2a: Hydrapple|Hydrapple, L50, F|100/100\n|detailschange|p1a: Scovillain|Scovillain-Mega, L50, M\n|-mega|p1a: Scovillain|Scovillain|Scovillainite\n|move|p1a: Scovillain|Rage Powder|p1a: Scovillain\n|-singleturn|p1a: Scovillain|move: Rage Powder\n|move|p1b: Primarina|Calm Mind|p1b: Primarina\n|-boost|p1b: Primarina|spa|1\n|-boost|p1b: Primarina|spd|1\n|move|p2b: Araquanid|Poison Jab|p1a: Scovillain\n|-supereffective|p1a: Scovillain|1\n|-damage|p1a: Scovillain|68/100\n|\n|upkeep\n|turn|2\n|\n|t:|1776128148\n|move|p1a: Scovillain|Leech Seed|p2b: Araquanid\n|-start|p2b: Araquanid|move: Leech Seed\n|move|p1b: Primarina|Moonblast|p2b: Araquanid\n|-damage|p2b: Araquanid|42/100\n|move|p2a: Hydrapple|Giga Drain|p1b: Primarina\n|-supereffective|p1b: Primarina|1\n|-damage|p1b: Primarina|56/100\n|move|p2b: Araquanid|Poison Jab|p1b: Primarina\n|-supereffective|p1b: Primarina|1\n|-damage|p1b: Primarina|16/100\n|\n|-heal|p1b: Primarina|22/100|[from] item: Leftovers\n|-damage|p2b: Araquanid|30/100|[from] Leech Seed|[of] p1a: Scovillain\n|-heal|p1a: Scovillain|79/100|[silent]\n|upkeep\n|turn|3\n|\n|t:|1776128168\n|move|p1b: Primarina|Protect|p1b: Primarina\n|-singleturn|p1b: Primarina|Protect\n|move|p2a: Hydrapple|Protect|p2a: Hydrapple\n|-singleturn|p2a: Hydrapple|Protect\n|move|p1a: Scovillain|Rage Powder|p1a: Scovillain\n|-singleturn|p1a: Scovillain|move: Rage Powder\n|move|p2b: Araquanid|Poison Jab|p1a: Scovillain\n|-supereffective|p1a: Scovillain|1\n|-damage|p1a: Scovillain|46/100\n|-status|p1a: Scovillain|psn\n|\n|-heal|p1b: Primarina|28/100|[from] item: Leftovers\n|-damage|p2b: Araquanid|18/100|[from] Leech Seed|[of] p1a: Scovillain\n|-heal|p1a: Scovillain|57/100 psn|[silent]\n|-damage|p1a: Scovillain|45/100 psn|[from] psn\n|upkeep\n|turn|4\n|\n|t:|1776128194\n|switch|p2a: Mimikyu|Mimikyu, L50, M|100/100\n|move|p1a: Scovillain|Flamethrower|p2b: Araquanid\n|-damage|p2b: Araquanid|1/100\n|move|p1b: Primarina|Moonblast|p2a: Mimikyu\n|-activate|p2a: Mimikyu|ability: Disguise\n|-damage|p2a: Mimikyu|100/100\n|detailschange|p2a: Mimikyu|Mimikyu-Busted, L50, M\n|-damage|p2a: Mimikyu|88/100|[from] pokemon: Mimikyu-Busted\n|move|p2b: Araquanid|Poison Jab|p1b: Primarina\n|-supereffective|p1b: Primarina|1\n|-damage|p1b: Primarina|0 fnt\n|faint|p1b: Primarina\n|\n|-damage|p2b: Araquanid|0 fnt|[from] Leech Seed|[of] p1a: Scovillain\n|-heal|p1a: Scovillain|46/100 psn|[silent]\n|faint|p2b: Araquanid\n|-damage|p1a: Scovillain|33/100 psn|[from] psn\n|upkeep\n|\n|t:|1776128214\n|switch|p1b: Kingambit|Kingambit, L50, F|100/100\n|switch|p2b: Hydrapple|Hydrapple, L50, F|100/100\n|turn|5\n|\n|t:|1776128234\n|move|p2a: Mimikyu|Protect|p2a: Mimikyu\n|-singleturn|p2a: Mimikyu|Protect\n|move|p1a: Scovillain|Leech Seed|p2a: Mimikyu\n|-activate|p2a: Mimikyu|move: Protect\n|move|p1b: Kingambit|Swords Dance|p1b: Kingambit\n|-boost|p1b: Kingambit|atk|2\n|move|p2b: Hydrapple|Earth Power|p1a: Scovillain\n|-damage|p1a: Scovillain|6/100 psn\n|-status|p2b: Hydrapple|brn|[from] ability: Spicy Spray|[of] p1a: Scovillain\n|\n|-damage|p1a: Scovillain|0 fnt|[from] psn\n|faint|p1a: Scovillain\n|-damage|p2b: Hydrapple|94/100 brn|[from] brn\n|upkeep\n|\n|t:|1776128248\n|switch|p1a: Sneasler|Sneasler, L50, M|100/100\n|turn|6\n|\n|t:|1776128261\n|move|p2b: Hydrapple|Protect|p2b: Hydrapple\n|-singleturn|p2b: Hydrapple|Protect\n|move|p1a: Sneasler|Fake Out|p2b: Hydrapple\n|-activate|p2b: Hydrapple|move: Protect\n|move|p2a: Mimikyu|Will-O-Wisp|p1b: Kingambit|[miss]\n|-miss|p2a: Mimikyu|p1b: Kingambit\n|move|p1b: Kingambit|Kowtow Cleave|p2a: Mimikyu\n|-damage|p2a: Mimikyu|0 fnt\n|faint|p2a: Mimikyu\n|\n|-heal|p2b: Hydrapple|100/100 brn|[from] item: Leftovers\n|-damage|p2b: Hydrapple|94/100 brn|[from] brn\n|upkeep\n|\n|t:|1776128269\n|switch|p2a: Tyranitar|Tyranitar, L50, M|100/100\n|-weather|Sandstorm|[from] ability: Sand Stream|[of] p2a: Tyranitar\n|turn|7\n|\n|t:|1776128295\n|move|p2a: Tyranitar|Protect|p2a: Tyranitar\n|-singleturn|p2a: Tyranitar|Protect\n|move|p1b: Kingambit|Sucker Punch||[still]\n|-fail|p1b: Kingambit\n|move|p1a: Sneasler|Close Combat|p2a: Tyranitar\n|-activate|p2a: Tyranitar|move: Protect\n|move|p2b: Hydrapple|Draco Meteor|p1a: Sneasler\n|-damage|p1a: Sneasler|27/100\n|-unboost|p2b: Hydrapple|spa|2\n|\n|-weather|Sandstorm|[upkeep]\n|-damage|p1a: Sneasler|21/100|[from] Sandstorm\n|-damage|p2b: Hydrapple|88/100 brn|[from] Sandstorm\n|-heal|p2b: Hydrapple|94/100 brn|[from] item: Leftovers\n|-damage|p2b: Hydrapple|88/100 brn|[from] brn\n|upkeep\n|turn|8\n|\n|t:|1776128324\n|detailschange|p2a: Tyranitar|Tyranitar-Mega, L50, M\n|-mega|p2a: Tyranitar|Tyranitar|Tyranitarite\n|move|p1b: Kingambit|Sucker Punch|p2a: Tyranitar\n|-resisted|p2a: Tyranitar|1\n|-damage|p2a: Tyranitar|71/100\n|move|p1a: Sneasler|Close Combat|p2a: Tyranitar\n|-supereffective|p2a: Tyranitar|2\n|-damage|p2a: Tyranitar|0 fnt\n|-unboost|p1a: Sneasler|def|1\n|-unboost|p1a: Sneasler|spd|1\n|faint|p2a: Tyranitar\n|-enditem|p1a: Sneasler|White Herb\n|-clearnegativeboost|p1a: Sneasler|[silent]\n|move|p2b: Hydrapple|Earth Power|p1a: Sneasler\n|-supereffective|p1a: Sneasler|1\n|-damage|p1a: Sneasler|0 fnt\n|faint|p1a: Sneasler\n|\n|-weather|Sandstorm|[upkeep]\n|-damage|p2b: Hydrapple|82/100 brn|[from] Sandstorm\n|-heal|p2b: Hydrapple|88/100 brn|[from] item: Leftovers\n|-damage|p2b: Hydrapple|82/100 brn|[from] brn\n|upkeep\n|turn|9\n|\n|t:|1776128340\n|move|p1b: Kingambit|Protect|p1b: Kingambit\n|-singleturn|p1b: Kingambit|Protect\n|move|p2b: Hydrapple|Earth Power|p1b: Kingambit\n|-activate|p1b: Kingambit|move: Protect\n|\n|-weather|Sandstorm|[upkeep]\n|-damage|p2b: Hydrapple|76/100 brn|[from] Sandstorm\n|-heal|p2b: Hydrapple|82/100 brn|[from] item: Leftovers\n|-damage|p2b: Hydrapple|76/100 brn|[from] brn\n|upkeep\n|turn|10\n|\n|t:|1776128345\n|move|p1b: Kingambit|Kowtow Cleave|p2b: Hydrapple\n|-damage|p2b: Hydrapple|0 fnt\n|faint|p2b: Hydrapple\n|\n|win|kuanyou\n|raw|kuanyou's rating: 1203 &rarr; <strong>1224</strong><br />(+21 for winning)\n|raw|itzmauitime's rating: 1146 &rarr; <strong>1125</strong><br />(-21 for losing)\n",
  "uploadtime": 1776128345,
  "views": 16,
  "formatid": "gen9championsvgc2026regma",
  "rating": 1125,
  "private": 0,
  "password": null
}