{
  "id": "gen9championsvgc2026regma-2589435064",
  "format": "[Gen 9 Champions] VGC 2026 Reg M-A",
  "players": [
    "dethbling",
    "testingtesting101"
  ],
  "log": "|j|\u2606dethbling\n|j|\u2606testingtesting101\n|t:|1776722696\n|gametype|doubles\n|player|p1|dethbling|265|\n|player|p2|testingtesting101|buck|\n|gen|9\n|tier|[Gen 9 Champions] VGC 2026 Reg M-A\n|rated|Tournament battle\n|rule|Species Clause: Limit one of each Pok\u00e9mon\n|rule|Item Clause: Limit 1 of each item\n|clearpoke\n|poke|p1|Charizard, L50, F|\n|poke|p1|Aegislash, L50, M|\n|poke|p1|Rotom-Wash, L50|\n|poke|p1|Sneasler, L50, M|\n|poke|p1|Whimsicott, L50, M|\n|poke|p1|Glimmora, L50, M|\n|poke|p2|Greninja, L50, M|\n|poke|p2|Politoed, L50, M|\n|poke|p2|Basculegion, L50, M|\n|poke|p2|Lucario, L50, M|\n|poke|p2|Sinistcha, L50|\n|poke|p2|Toxicroak, L50, M|\n|teampreview|4\n|inactive|Battle timer is ON: inactive players will automatically lose when time's up. (requested by dethbling)\ntestingtesting101 rejected open team sheets.\n|\n|t:|1776722720\n|teamsize|p1|4\n|teamsize|p2|4\n|start\n|switch|p1a: Rotom|Rotom-Wash, L50|100/100\n|switch|p1b: Whimsicott|Whimsicott, L50, M|100/100\n|switch|p2a: Greninja|Greninja, L50, M|100/100\n|switch|p2b: Toxicroak|Toxicroak, L50, M|100/100\n|turn|1\n|\n|t:|1776722732\n|move|p2a: Greninja|Protect|p2a: Greninja\n|-start|p2a: Greninja|typechange|Normal|[from] ability: Protean\n|-singleturn|p2a: Greninja|Protect\n|move|p1b: Whimsicott|Tailwind|p1b: Whimsicott\n|-sidestart|p1: dethbling|move: Tailwind\n|move|p1a: Rotom|Volt Switch|p2b: Toxicroak\n|-damage|p2b: Toxicroak|63/100\n|\n|t:|1776722744\n|switch|p1a: Sneasler|Sneasler, L50, M|100/100|[from] Volt Switch\n|move|p2b: Toxicroak|Poison Jab|p1b: Whimsicott\n|-supereffective|p1b: Whimsicott|2\n|-enditem|p1b: Whimsicott|Focus Sash\n|-damage|p1b: Whimsicott|1/100\n|\n|upkeep\n|turn|2\n|inactive|testingtesting101 has 30 seconds left.\n|\n|t:|1776722773\n|switch|p2a: Basculegion|Basculegion, L50, M|100/100\n|move|p2b: Toxicroak|Sucker Punch|p1b: Whimsicott\n|-resisted|p1b: Whimsicott|1\n|-damage|p1b: Whimsicott|0 fnt\n|faint|p1b: Whimsicott\n|move|p1a: Sneasler|Close Combat|p2a: Basculegion\n|-immune|p2a: Basculegion\n|\n|upkeep\n|\n|t:|1776722778\n|switch|p1b: Aegislash|Aegislash, L50, M|100/100\n|turn|3\n|c|\u2606testingtesting101|No charizard?\n|\n|t:|1776722795\n|switch|p2b: Politoed|Politoed, L50, M|100/100\n|-weather|RainDance|[from] ability: Drizzle|[of] p2b: Politoed\n|-formechange|p1b: Aegislash|Aegislash-Blade|\n|move|p1b: Aegislash|Shadow Sneak|p2a: Basculegion\n|-supereffective|p2a: Basculegion|1\n|-damage|p2a: Basculegion|36/100\n|move|p1a: Sneasler|Acrobatics|p2b: Politoed\n|-damage|p2b: Politoed|80/100\n|move|p2a: Basculegion|Flip Turn|p1a: Sneasler\n|-damage|p1a: Sneasler|19/100\n|\n|t:|1776722807\n|switch|p2a: Greninja|Greninja, L50, M|100/100|[from] Flip Turn\n|\n|-weather|RainDance|[upkeep]\n|upkeep\n|turn|4\n|c|\u2606dethbling|it\u2019s x not y\n|c|\u2606testingtesting101|Oh\n|\n|t:|1776722821\n|switch|p1b: Rotom|Rotom-Wash, L50|100/100\n|move|p2a: Greninja|Protect|p2a: Greninja\n|-start|p2a: Greninja|typechange|Normal|[from] ability: Protean\n|-singleturn|p2a: Greninja|Protect\n|move|p2b: Politoed|Protect|p2b: Politoed\n|-singleturn|p2b: Politoed|Protect\n|move|p1a: Sneasler|Close Combat|p2b: Politoed\n|-activate|p2b: Politoed|move: Protect\n|\n|-weather|RainDance|[upkeep]\n|-sideend|p1: dethbling|move: Tailwind\n|upkeep\n|turn|5\n|inactive|testingtesting101 has 30 seconds left.\n|inactive|testingtesting101 has 20 seconds left.\n|inactive|testingtesting101 has 15 seconds left.\n|\n|t:|1776722866\n|switch|p2a: Toxicroak|Toxicroak, L50, M|63/100\n|switch|p1a: Aegislash|Aegislash, L50, M|100/100\n|switch|p2b: Basculegion|Basculegion, L50, M|36/100\n|move|p1b: Rotom|Will-O-Wisp|p2b: Basculegion\n|-status|p2b: Basculegion|brn\n|\n|-weather|RainDance|[upkeep]\n|-heal|p2a: Toxicroak|75/100|[from] ability: Dry Skin\n|-damage|p2b: Basculegion|29/100 brn|[from] brn\n|upkeep\n|turn|6\n|j| standardamerican\n|c|\u2606testingtesting101|Ugh\n|inactive|dethbling has 30 seconds left.\n|inactive|dethbling has 20 seconds left.\n|\n|t:|1776722901\n|move|p2b: Basculegion|Aqua Jet|p1a: Aegislash\n|-damage|p1a: Aegislash|87/100\n|move|p2a: Toxicroak|Sucker Punch|p1a: Aegislash\n|-supereffective|p1a: Aegislash|1\n|-damage|p1a: Aegislash|53/100\n|move|p1b: Rotom|Volt Switch|p2b: Basculegion\n|-supereffective|p2b: Basculegion|1\n|-damage|p2b: Basculegion|0 fnt\n|faint|p2b: Basculegion\n|\n|t:|1776722904\n|switch|p1b: Sneasler|Sneasler, L50, M|19/100|[from] Volt Switch\n|-formechange|p1a: Aegislash|Aegislash-Blade|\n|move|p1a: Aegislash|Gyro Ball|p2a: Toxicroak\n|-damage|p2a: Toxicroak|9/100\n|\n|-weather|RainDance|[upkeep]\n|-heal|p2a: Toxicroak|22/100|[from] ability: Dry Skin\n|upkeep\n|\n|t:|1776722913\n|switch|p2b: Greninja|Greninja, L50, M|100/100\n|turn|7\n|\n|t:|1776722925\n|move|p2b: Greninja|Protect|p2b: Greninja\n|-start|p2b: Greninja|typechange|Normal|[from] ability: Protean\n|-singleturn|p2b: Greninja|Protect\n|move|p1b: Sneasler|Protect|p1b: Sneasler\n|-singleturn|p1b: Sneasler|Protect\n|move|p2a: Toxicroak|Protect|p2a: Toxicroak\n|-singleturn|p2a: Toxicroak|Protect\n|move|p1a: Aegislash|Gyro Ball|p2a: Toxicroak\n|-activate|p2a: Toxicroak|move: Protect\n|\n|-weather|none\n|upkeep\n|turn|8\n|\n|t:|1776722939\n|switch|p2a: Politoed|Politoed, L50, M|80/100\n|-weather|RainDance|[from] ability: Drizzle|[of] p2a: Politoed\n|detailschange|p2b: Greninja|Greninja-Mega, L50, M\n|-mega|p2b: Greninja|Greninja|Greninjite\n|-formechange|p1a: Aegislash|Aegislash|\n|move|p1a: Aegislash|King's Shield|p1a: Aegislash\n|-singleturn|p1a: Aegislash|Protect\n|move|p2b: Greninja|Surf|p1b: Sneasler|[spread] p2a,p1b\n|-start|p2b: Greninja|typechange|Water|[from] ability: Protean\n|-activate|p1a: Aegislash|move: Protect\n|-resisted|p2a: Politoed|1\n|-damage|p2a: Politoed|61/100\n|-damage|p1b: Sneasler|0 fnt\n|faint|p1b: Sneasler\n|\n|-weather|RainDance|[upkeep]\n|upkeep\n|\n|t:|1776722949\n|switch|p1b: Rotom|Rotom-Wash, L50|100/100\n|turn|9\n|\n|t:|1776722964\n|move|p2b: Greninja|Protect|p2b: Greninja\n|-singleturn|p2b: Greninja|Protect\n|move|p1b: Rotom|Volt Switch|p2a: Politoed\n|-supereffective|p2a: Politoed|1\n|-damage|p2a: Politoed|27/100\n|-enditem|p2a: Politoed|Sitrus Berry|[eat]\n|-heal|p2a: Politoed|52/100|[from] item: Sitrus Berry\n|move|p2a: Politoed|Weather Ball|p1a: Aegislash\n|-crit|p1a: Aegislash\n|-damage|p1a: Aegislash|0 fnt\n|faint|p1a: Aegislash\n|\n|-weather|RainDance|[upkeep]\n|upkeep\n|turn|10\n|\n|t:|1776722976\n|switch|p2b: Toxicroak|Toxicroak, L50, M|22/100\n|move|p2a: Politoed|Protect|p2a: Politoed\n|-singleturn|p2a: Politoed|Protect\n|move|p1b: Rotom|Volt Switch|p2b: Toxicroak\n|-damage|p2b: Toxicroak|0 fnt\n|faint|p2b: Toxicroak\n|\n|-weather|RainDance|[upkeep]\n|upkeep\n|\n|t:|1776722979\n|switch|p2b: Greninja|Greninja-Mega, L50, M|100/100\n|turn|11\n|\n|t:|1776722985\n|move|p2a: Politoed|Helping Hand|p2b: Greninja\n|-singleturn|p2b: Greninja|Helping Hand|[of] p2a: Politoed\n|move|p1b: Rotom|Protect|p1b: Rotom\n|-singleturn|p1b: Rotom|Protect\n|move|p2b: Greninja|Dark Pulse|p1b: Rotom\n|-start|p2b: Greninja|typechange|Dark|[from] ability: Protean\n|-activate|p1b: Rotom|move: Protect\n|\n|-weather|RainDance|[upkeep]\n|upkeep\n|turn|12\n|\n|t:|1776722995\n|move|p2a: Politoed|Helping Hand|p2b: Greninja\n|-singleturn|p2b: Greninja|Helping Hand|[of] p2a: Politoed\n|move|p2b: Greninja|Dark Pulse|p1b: Rotom\n|-damage|p1b: Rotom|41/100\n|move|p1b: Rotom|Hydro Pump|p2b: Greninja|[miss]\n|-miss|p1b: Rotom|p2b: Greninja\n|\n|-weather|none\n|-heal|p1b: Rotom|47/100|[from] item: Leftovers\n|upkeep\n|turn|13\n|c|\u2606dethbling|gg\n|c|\u2606testingtesting101|Gg\n|\n|t:|1776723010\n|move|p2a: Politoed|Helping Hand|p2b: Greninja\n|-singleturn|p2b: Greninja|Helping Hand|[of] p2a: Politoed\n|move|p2b: Greninja|Dark Pulse|p1b: Rotom\n|-damage|p1b: Rotom|0 fnt\n|faint|p1b: Rotom\n|\n|win|testingtesting101\n|n|\u2606dethbling|dethbling\n|n|\u2606testingtesting101|testingtesting101\n|n| standardamerican|standardamerican\n",
  "uploadtime": 1776723013,
  "views": 4,
  "formatid": "gen9championsvgc2026regma",
  "rating": null,
  "private": 0,
  "password": null
}