{
  "id": "gen9championsvgc2026regma-2587877247",
  "format": "[Gen 9 Champions] VGC 2026 Reg M-A",
  "players": [
    "jiren2026",
    "arzlvllcrl"
  ],
  "log": "|j|\u2606jiren2026\n|j|\u2606arzlvllcrl\n|t:|1776573594\n|gametype|doubles\n|player|p1|jiren2026|n|1182\n|player|p2|arzlvllcrl|170|1160\n|gen|9\n|tier|[Gen 9 Champions] VGC 2026 Reg M-A\n|rated|\n|rule|Species Clause: Limit one of each Pok\u00e9mon\n|rule|Item Clause: Limit 1 of each item\n|clearpoke\n|poke|p1|Gengar, L50, F|\n|poke|p1|Tinkaton, L50, F|\n|poke|p1|Kommo-o, L50, M|\n|poke|p1|Sinistcha, L50|\n|poke|p1|Gyarados, L50, F|\n|poke|p1|Krookodile, L50, M|\n|poke|p2|Venusaur, L50, F|\n|poke|p2|Torkoal, L50, F|\n|poke|p2|Blastoise, L50, F|\n|poke|p2|Farigiraf, L50, M|\n|poke|p2|Clefable, L50, M|\n|poke|p2|Sinistcha, L50|\n|teampreview|4\n|inactive|Battle timer is ON: inactive players will automatically lose when time's up. (requested by jiren2026)\n|\n|t:|1776573613\n|teamsize|p1|4\n|teamsize|p2|4\n|start\n|switch|p1a: Gengar|Gengar, L50, F|100/100\n|switch|p1b: Tinkaton|Tinkaton, L50, F|100/100\n|switch|p2a: Venusaur|Venusaur, L50, F|100/100\n|switch|p2b: Torkoal|Torkoal, L50, F|100/100\n|-ability|p1b: Tinkaton|Mold Breaker\n|-weather|SunnyDay|[from] ability: Drought|[of] p2b: Torkoal\n|turn|1\n|inactive|arzlvllcrl has 30 seconds left.\n|\n|t:|1776573640\n|switch|p2b: Farigiraf|Farigiraf, L50, M|100/100\n|detailschange|p1a: Gengar|Gengar-Mega, L50, F\n|-mega|p1a: Gengar|Gengar|Gengarite\n|move|p1b: Tinkaton|Fake Out|p2a: Venusaur\n|-damage|p2a: Venusaur|90/100\n|move|p1a: Gengar|Sludge Wave|p2b: Farigiraf|[spread] p2a,p2b\n|-immune|p1b: Tinkaton\n|-damage|p2a: Venusaur|58/100\n|-damage|p2b: Farigiraf|55/100\n|cant|p2a: Venusaur|flinch\n|\n|-weather|SunnyDay|[upkeep]\n|upkeep\n|turn|2\n|inactive|arzlvllcrl has 30 seconds left.\n|\n|t:|1776573667\n|move|p1a: Gengar|Sludge Wave|p2a: Venusaur|[spread] p2a,p2b\n|-immune|p1b: Tinkaton\n|-damage|p2a: Venusaur|27/100\n|-damage|p2b: Farigiraf|5/100\n|-enditem|p2b: Farigiraf|Sitrus Berry|[eat]\n|-heal|p2b: Farigiraf|30/100|[from] item: Sitrus Berry\n|move|p2a: Venusaur|Sleep Powder|p1a: Gengar\n|-status|p1a: Gengar|slp|[from] move: Sleep Powder\n|move|p1b: Tinkaton|Gigaton Hammer|p2b: Farigiraf\n|-damage|p2b: Farigiraf|0 fnt\n|faint|p2b: Farigiraf\n|\n|-weather|SunnyDay|[upkeep]\n|upkeep\n|\n|t:|1776573681\n|switch|p2b: Sinistcha|Sinistcha, L50|100/100\n|-heal|p2a: Venusaur|51/100|[from] ability: Hospitality|[of] p2b: Sinistcha\n|turn|3\n|\n|t:|1776573692\n|cant|p1a: Gengar|slp\n|move|p2a: Venusaur|Sleep Powder|p1b: Tinkaton|[miss]\n|-miss|p2a: Venusaur|p1b: Tinkaton\n|move|p1b: Tinkaton|Play Rough|p2b: Sinistcha|[miss]\n|-miss|p1b: Tinkaton|p2b: Sinistcha\n|move|p2b: Sinistcha|Hex|p1a: Gengar\n|-supereffective|p1a: Gengar|1\n|-damage|p1a: Gengar|0 fnt\n|faint|p1a: Gengar\n|\n|-weather|SunnyDay|[upkeep]\n|upkeep\n|\n|t:|1776573705\n|switch|p1a: Kommo-o|Kommo-o, L50, M|100/100\n|turn|4\n|\n|t:|1776573718\n|move|p2a: Venusaur|Sleep Powder|p1a: Kommo-o\n|-status|p1a: Kommo-o|slp|[from] move: Sleep Powder\n|move|p1b: Tinkaton|Gigaton Hammer|p2a: Venusaur\n|-crit|p2a: Venusaur\n|-damage|p2a: Venusaur|0 fnt\n|faint|p2a: Venusaur\n|cant|p1a: Kommo-o|slp\n|move|p2b: Sinistcha|Hex|p1a: Kommo-o\n|-damage|p1a: Kommo-o|40/100 slp\n|\n|-weather|SunnyDay|[upkeep]\n|upkeep\n|\n|t:|1776573729\n|switch|p2a: Torkoal|Torkoal, L50, F|100/100\n|turn|5\n|inactive|arzlvllcrl has 30 seconds left.\n|\n|t:|1776573758\n|-curestatus|p1a: Kommo-o|slp|[msg]\n|move|p1a: Kommo-o|Protect|p1a: Kommo-o\n|-singleturn|p1a: Kommo-o|Protect\n|move|p1b: Tinkaton|Play Rough|p2a: Torkoal\n|-resisted|p2a: Torkoal|1\n|-damage|p2a: Torkoal|90/100\n|move|p2b: Sinistcha|Hex|p1a: Kommo-o\n|-activate|p1a: Kommo-o|move: Protect\n|move|p2a: Torkoal|Heat Wave|p1b: Tinkaton|[spread] p1b\n|-activate|p1a: Kommo-o|move: Protect\n|-supereffective|p1b: Tinkaton|1\n|-damage|p1b: Tinkaton|25/100\n|\n|-weather|none\n|upkeep\n|turn|6\n|\n|t:|1776573777\n|switch|p1b: Sinistcha|Sinistcha, L50|100/100\n|-heal|p1a: Kommo-o|65/100|[from] ability: Hospitality|[of] p1b: Sinistcha\n|move|p1a: Kommo-o|Clanging Scales|p2b: Sinistcha|[spread] p2a,p2b\n|-damage|p2a: Torkoal|35/100\n|-damage|p2b: Sinistcha|62/100\n|-unboost|p1a: Kommo-o|def|1\n|move|p2b: Sinistcha|Matcha Gotcha|p1a: Kommo-o|[spread] p1a,p1b\n|-resisted|p1a: Kommo-o|1\n|-resisted|p1b: Sinistcha|1\n|-damage|p1a: Kommo-o|51/100\n|-heal|p2b: Sinistcha|68/100|[from] drain|[of] p1a: Kommo-o\n|-damage|p1b: Sinistcha|88/100\n|-heal|p2b: Sinistcha|75/100|[from] drain|[of] p1b: Sinistcha\n|move|p2a: Torkoal|Heat Wave|p1b: Sinistcha|[spread] p1a,p1b\n|-resisted|p1a: Kommo-o|1\n|-supereffective|p1b: Sinistcha|1\n|-damage|p1a: Kommo-o|40/100\n|-damage|p1b: Sinistcha|33/100\n|\n|-heal|p1b: Sinistcha|39/100|[from] item: Leftovers\n|upkeep\n|turn|7\n|inactive|arzlvllcrl has 30 seconds left.\n|\n|t:|1776573811\n|move|p1a: Kommo-o|Clanging Scales|p2a: Torkoal|[spread] p2a,p2b\n|-damage|p2a: Torkoal|0 fnt\n|-damage|p2b: Sinistcha|39/100\n|faint|p2a: Torkoal\n|-unboost|p1a: Kommo-o|def|1\n|move|p2b: Sinistcha|Matcha Gotcha|p1b: Sinistcha|[spread] p1a,p1b\n|-resisted|p1a: Kommo-o|1\n|-resisted|p1b: Sinistcha|1\n|-damage|p1a: Kommo-o|26/100\n|-heal|p2b: Sinistcha|45/100|[from] drain|[of] p1a: Kommo-o\n|-damage|p1b: Sinistcha|24/100\n|-heal|p2b: Sinistcha|53/100|[from] drain|[of] p1b: Sinistcha\n|move|p1b: Sinistcha|Life Dew|p1b: Sinistcha|[spread] p1a,p1b\n|-heal|p1a: Kommo-o|51/100\n|-heal|p1b: Sinistcha|49/100\n|\n|-heal|p1b: Sinistcha|55/100|[from] item: Leftovers\n|upkeep\n|turn|8\n|-message|arzlvllcrl forfeited.\n|\n|win|jiren2026\n|raw|jiren2026's rating: 1182 &rarr; <strong>1205</strong><br />(+23 for winning)\n|raw|arzlvllcrl's rating: 1160 &rarr; <strong>1137</strong><br />(-23 for losing)\n|l|\u2606arzlvllcrl\n|player|p2|\n",
  "uploadtime": 1776573833,
  "views": 9,
  "formatid": "gen9championsvgc2026regma",
  "rating": 1137,
  "private": 0,
  "password": null
}