{
  "id": "gen9championsvgc2026regma-2587095346",
  "format": "[Gen 9 Champions] VGC 2026 Reg M-A",
  "players": [
    "wemore",
    "iceman5687"
  ],
  "log": "|j|\u2606wemore\n|j|\u2606iceman5687\n|t:|1776492698\n|gametype|doubles\n|player|p1|wemore|169|1187\n|player|p2|iceman5687|265|1168\n|gen|9\n|tier|[Gen 9 Champions] VGC 2026 Reg M-A\n|rated|\n|rule|Species Clause: Limit one of each Pok\u00e9mon\n|rule|Item Clause: Limit 1 of each item\n|clearpoke\n|poke|p1|Maushold, L50|\n|poke|p1|Floette-Eternal, L50, F|\n|poke|p1|Garchomp, L50, F|\n|poke|p1|Talonflame, L50, F|\n|poke|p1|Rotom-Wash, L50|\n|poke|p1|Aegislash, L50, F|\n|poke|p2|Feraligatr, L50, M|\n|poke|p2|Aerodactyl, L50, F|\n|poke|p2|Sinistcha, L50|\n|poke|p2|Sylveon, L50, M|\n|poke|p2|Charizard, L50, F|\n|poke|p2|Sneasler, L50, M|\n|teampreview|4\n|inactive|Battle timer is ON: inactive players will automatically lose when time's up. (requested by wemore)\n|inactive|wemore has 60 seconds left.\n|inactive|wemore has 30 seconds left.\n|inactive|wemore has 20 seconds left.\n|\n|t:|1776492773\n|teamsize|p1|4\n|teamsize|p2|4\n|start\n|switch|p1a: Garchomp|Garchomp, L50, F|100/100\n|switch|p1b: Talonflame|Talonflame, L50, F|100/100\n|switch|p2a: Aerodactyl|Aerodactyl, L50, F|100/100\n|switch|p2b: Charizard|Charizard, L50, F|100/100\n|-ability|p2a: Aerodactyl|Unnerve\n|turn|1\n|\n|t:|1776492792\n|move|p2b: Charizard|Protect|p2b: Charizard\n|-singleturn|p2b: Charizard|Protect\n|move|p1b: Talonflame|Tailwind|p1b: Talonflame\n|-sidestart|p1: wemore|move: Tailwind\n|move|p1a: Garchomp|Stone Edge|p2a: Aerodactyl\n|-supereffective|p2a: Aerodactyl|1\n|-enditem|p2a: Aerodactyl|Focus Sash\n|-damage|p2a: Aerodactyl|1/100\n|move|p2a: Aerodactyl|Tailwind|p2a: Aerodactyl\n|-sidestart|p2: iceman5687|move: Tailwind\n|\n|upkeep\n|turn|2\n|inactive|iceman5687 has 30 seconds left.\n|inactive|iceman5687 has 20 seconds left.\n|inactive|iceman5687 has 15 seconds left.\n|\n|t:|1776492836\n|switch|p2b: Sinistcha|Sinistcha, L50|100/100\n|-heal|p2a: Aerodactyl|26/100|[from] ability: Hospitality|[of] p2b: Sinistcha\n|move|p1b: Talonflame|Acrobatics|p2a: Aerodactyl\n|-resisted|p2a: Aerodactyl|1\n|-damage|p2a: Aerodactyl|0 fnt\n|faint|p2a: Aerodactyl\n|move|p1a: Garchomp|Stone Edge|p2b: Sinistcha|[miss]\n|-miss|p1a: Garchomp|p2b: Sinistcha\n|\n|upkeep\n|\n|t:|1776492844\n|switch|p2a: Sylveon|Sylveon, L50, M|100/100\n|turn|3\n|inactive|wemore has 30 seconds left.\n|inactive|wemore has 20 seconds left.\n|\n|t:|1776492883\n|move|p1b: Talonflame|Acrobatics|p2a: Sylveon\n|-damage|p2a: Sylveon|41/100\n|move|p1a: Garchomp|Earthquake|p2b: Sinistcha|[spread] p2a,p2b\n|-immune|p1b: Talonflame\n|-resisted|p2b: Sinistcha|1\n|-damage|p2a: Sylveon|0 fnt\n|-damage|p2b: Sinistcha|79/100\n|faint|p2a: Sylveon\n|move|p2b: Sinistcha|Trick Room|p2b: Sinistcha\n|-fieldstart|move: Trick Room|[of] p2b: Sinistcha\n|\n|upkeep\n|\n|t:|1776492889\n|switch|p2a: Charizard|Charizard, L50, F|100/100\n|turn|4\n|\n|t:|1776492904\n|detailschange|p2a: Charizard|Charizard-Mega-Y, L50, F\n|-mega|p2a: Charizard|Charizard|Charizardite Y\n|-weather|SunnyDay|[from] ability: Drought|[of] p2a: Charizard\n|move|p1a: Garchomp|Protect|p1a: Garchomp\n|-singleturn|p1a: Garchomp|Protect\n|move|p1b: Talonflame|Acrobatics|p2b: Sinistcha\n|-supereffective|p2b: Sinistcha|1\n|-damage|p2b: Sinistcha|3/100\n|move|p2b: Sinistcha|Matcha Gotcha|p1b: Talonflame|[spread] p1b\n|-activate|p1a: Garchomp|move: Protect\n|-resisted|p1b: Talonflame|2\n|-damage|p1b: Talonflame|91/100\n|-heal|p2b: Sinistcha|8/100|[from] drain|[of] p1b: Talonflame\n|move|p2a: Charizard|Heat Wave|p1a: Garchomp|[spread] p1b\n|-activate|p1a: Garchomp|move: Protect\n|-resisted|p1b: Talonflame|1\n|-damage|p1b: Talonflame|34/100\n|\n|-weather|SunnyDay|[upkeep]\n|-sideend|p2: iceman5687|move: Tailwind\n|-sideend|p1: wemore|move: Tailwind\n|upkeep\n|turn|5\n|inactive|wemore has 30 seconds left.\n|inactive|wemore has 20 seconds left.\n|\n|t:|1776492941\n|switch|p1a: Floette|Floette-Eternal, L50, F|100/100\n|move|p2b: Sinistcha|Matcha Gotcha|p1b: Talonflame|[spread] p1b\n|-miss|p2b: Sinistcha|p1a: Floette\n|-resisted|p1b: Talonflame|2\n|-damage|p1b: Talonflame|24/100\n|-heal|p2b: Sinistcha|12/100|[from] drain|[of] p1b: Talonflame\n|move|p2a: Charizard|Heat Wave|p1b: Talonflame|[spread] p1a,p1b\n|-resisted|p1b: Talonflame|1\n|-damage|p1a: Floette|44/100\n|-damage|p1b: Talonflame|0 fnt\n|faint|p1b: Talonflame\n|\n|-weather|SunnyDay|[upkeep]\n|upkeep\n|\n|t:|1776492954\n|switch|p1b: Aegislash|Aegislash, L50, F|100/100\n|turn|6\n|\n|t:|1776492963\n|detailschange|p1a: Floette|Floette-Mega, L50, F\n|-mega|p1a: Floette|Floette|Floettite\n|-ability|p1a: Floette|Fairy Aura\n|move|p1b: Aegislash|King's Shield|p1b: Aegislash\n|-singleturn|p1b: Aegislash|Protect\n|move|p1a: Floette|Protect|p1a: Floette\n|-singleturn|p1a: Floette|Protect\n|move|p2b: Sinistcha|Life Dew||[still]|[spread] p2a,p2b\n|-fail|p2a: Charizard|heal\n|-heal|p2b: Sinistcha|38/100\n|move|p2a: Charizard|Weather Ball|p1a: Floette\n|-activate|p1a: Floette|move: Protect\n|\n|-weather|SunnyDay|[upkeep]\n|upkeep\n|turn|7\n|\n|t:|1776492984\n|-formechange|p1b: Aegislash|Aegislash-Blade|\n|move|p1b: Aegislash|Poltergeist|p2a: Charizard\n|-activate|p2a: Charizard|move: Poltergeist|Charizardite Y\n|-damage|p2a: Charizard|6/100\n|move|p2b: Sinistcha|Life Dew|p2b: Sinistcha|[spread] p2a,p2b\n|-heal|p2a: Charizard|31/100\n|-heal|p2b: Sinistcha|63/100\n|move|p1a: Floette|Dazzling Gleam|p2b: Sinistcha|[spread] p2a,p2b\n|-resisted|p2a: Charizard|1\n|-damage|p2a: Charizard|9/100\n|-damage|p2b: Sinistcha|18/100\n|move|p2a: Charizard|Heat Wave|p1a: Floette|[spread] p1a,p1b\n|-supereffective|p1b: Aegislash|1\n|-damage|p1a: Floette|0 fnt\n|-damage|p1b: Aegislash|0 fnt\n|faint|p1a: Floette\n|faint|p1b: Aegislash\n|\n|-weather|SunnyDay|[upkeep]\n|-fieldend|move: Trick Room\n|upkeep\n|\n|t:|1776492993\n|switch|p1b: Garchomp|Garchomp, L50, F|100/100\n|turn|8\n|\n|t:|1776493008\n|move|p2a: Charizard|Protect|p2a: Charizard\n|-singleturn|p2a: Charizard|Protect\n|move|p1b: Garchomp|Stomping Tantrum|p2b: Sinistcha\n|-resisted|p2b: Sinistcha|1\n|-damage|p2b: Sinistcha|0 fnt\n|faint|p2b: Sinistcha\n|\n|-weather|none\n|upkeep\n|turn|9\n|\n|t:|1776493015\n|move|p1b: Garchomp|Stone Edge|p2a: Charizard\n|-supereffective|p2a: Charizard|2\n|-damage|p2a: Charizard|0 fnt\n|faint|p2a: Charizard\n|\n|win|wemore\n|raw|wemore's rating: 1187 &rarr; <strong>1211</strong><br />(+24 for winning)\n|raw|iceman5687's rating: 1168 &rarr; <strong>1144</strong><br />(-24 for losing)\n",
  "uploadtime": 1776493015,
  "views": 15,
  "formatid": "gen9championsvgc2026regma",
  "rating": 1144,
  "private": 0,
  "password": null
}