{
  "id": "gen9championsvgc2026regma-2581213459",
  "format": "[Gen 9 Champions] VGC 2026 Reg M-A",
  "players": [
    "Boserx09",
    "NickR1"
  ],
  "log": "|j|\u2606Boserx09\n|j|\u2606NickR1\n|t:|1775971560\n|gametype|doubles\n|player|p1|Boserx09|265|1106\n|player|p2|NickR1|266|1189\n|gen|9\n|tier|[Gen 9 Champions] VGC 2026 Reg M-A\n|rated|\n|rule|Species Clause: Limit one of each Pok\u00e9mon\n|rule|Item Clause: Limit 1 of each item\n|clearpoke\n|poke|p1|Charizard, L50, F|\n|poke|p1|Incineroar, L50, M|\n|poke|p1|Milotic, L50, F|\n|poke|p1|Sinistcha, L50|\n|poke|p1|Tyranitar, L50, M|\n|poke|p1|Sneasler, L50, F|\n|poke|p2|Aerodactyl, L50, M|\n|poke|p2|Gardevoir, L50, F|\n|poke|p2|Incineroar, L50, M|\n|poke|p2|Kingambit, L50, F|\n|poke|p2|Sinistcha, L50|\n|poke|p2|Sneasler, L50, F|\n|teampreview|4\n|inactive|Battle timer is ON: inactive players will automatically lose when time's up. (requested by NickR1)\n|inactive|NickR1 has 60 seconds left.\n|\n|t:|1775971602\n|teamsize|p1|4\n|teamsize|p2|4\n|start\n|switch|p1a: Charizard|Charizard, L50, F|100/100\n|switch|p1b: Milotic|Milotic, L50, F|100/100\n|switch|p2a: Aerodactyl|Aerodactyl, L50, M|100/100\n|switch|p2b: Sneasler|Sneasler, L50, F|100/100\n|-ability|p2a: Aerodactyl|Unnerve\n|turn|1\n|\n|t:|1775971627\n|switch|p1b: Incineroar|Incineroar, L50, M|100/100\n|-ability|p1b: Incineroar|Intimidate|boost\n|-unboost|p2a: Aerodactyl|atk|1\n|-unboost|p2b: Sneasler|atk|1\n|-enditem|p2b: Sneasler|White Herb\n|-clearnegativeboost|p2b: Sneasler|[silent]\n|detailschange|p1a: Charizard|Charizard-Mega-X, L50, F\n|-mega|p1a: Charizard|Charizard|Charizardite X\n|move|p2b: Sneasler|Fake Out|p1b: Incineroar\n|-damage|p1b: Incineroar|87/100\n|move|p2a: Aerodactyl|Tailwind|p2a: Aerodactyl\n|-sidestart|p2: NickR1|move: Tailwind\n|move|p1a: Charizard|Dragon Dance|p1a: Charizard\n|-boost|p1a: Charizard|atk|1\n|-boost|p1a: Charizard|spe|1\n|\n|upkeep\n|turn|2\n|\n|t:|1775971654\n|switch|p2b: Incineroar|Incineroar, L50, M|100/100\n|-ability|p2b: Incineroar|Intimidate|boost\n|-unboost|p1a: Charizard|atk|1\n|-unboost|p1b: Incineroar|atk|1\n|move|p1b: Incineroar|Fake Out|p2b: Incineroar\n|-damage|p2b: Incineroar|94/100\n|move|p2a: Aerodactyl|Rock Slide|p1a: Charizard|[spread] p1b\n|-miss|p2a: Aerodactyl|p1a: Charizard\n|-supereffective|p1b: Incineroar|1\n|-damage|p1b: Incineroar|59/100\n|move|p1a: Charizard|Dragon Claw|p2a: Aerodactyl\n|-damage|p2a: Aerodactyl|9/100\n|\n|upkeep\n|turn|3\n|inactive|Boserx09 has 30 seconds left.\n|inactive|NickR1 has 30 seconds left.\n|inactive|NickR1 has 20 seconds left.\n|\n|t:|1775971692\n|switch|p1b: Milotic|Milotic, L50, F|100/100\n|move|p2b: Incineroar|Fake Out|p1a: Charizard\n|-damage|p1a: Charizard|89/100\n|move|p2a: Aerodactyl|Rock Slide|p1b: Milotic|[spread] p1b\n|-miss|p2a: Aerodactyl|p1a: Charizard\n|-damage|p1b: Milotic|85/100\n|cant|p1a: Charizard|flinch\n|\n|-heal|p1b: Milotic|91/100|[from] item: Leftovers\n|upkeep\n|turn|4\n|c|\u2606NickR1|wtf bro\n|\n|t:|1775971716\n|move|p2a: Aerodactyl|Rock Slide|p1b: Milotic|[spread] p1a,p1b\n|-supereffective|p1a: Charizard|1\n|-damage|p1a: Charizard|54/100\n|-damage|p1b: Milotic|77/100\n|move|p1a: Charizard|Dragon Claw|p2a: Aerodactyl\n|-damage|p2a: Aerodactyl|0 fnt\n|faint|p2a: Aerodactyl\n|move|p2b: Incineroar|Parting Shot|p1a: Charizard\n|-unboost|p1a: Charizard|atk|1\n|-unboost|p1a: Charizard|spa|1\n|\n|t:|1775971727\n|switch|p2b: Gardevoir|Gardevoir, L50, F|100/100|[from] Parting Shot\n|move|p1b: Milotic|Scald|p2b: Gardevoir\n|-damage|p2b: Gardevoir|67/100\n|\n|-heal|p1b: Milotic|83/100|[from] item: Leftovers\n|-sideend|p2: NickR1|move: Tailwind\n|upkeep\n|\n|t:|1775971733\n|switch|p2a: Sneasler|Sneasler, L50, F|100/100\n|turn|5\n|\n|t:|1775971760\n|switch|p1a: Incineroar|Incineroar, L50, M|59/100\n|-ability|p1a: Incineroar|Intimidate|boost\n|-unboost|p2a: Sneasler|atk|1\n|-unboost|p2b: Gardevoir|atk|1\n|detailschange|p2b: Gardevoir|Gardevoir-Mega, L50, F\n|-mega|p2b: Gardevoir|Gardevoir|Gardevoirite\n|move|p2a: Sneasler|Dire Claw|p1b: Milotic\n|-damage|p1b: Milotic|57/100\n|move|p2b: Gardevoir|Hyper Voice|p1b: Milotic|[spread] p1a,p1b\n|-damage|p1a: Incineroar|15/100\n|-damage|p1b: Milotic|19/100\n|-enditem|p1a: Incineroar|Sitrus Berry|[eat]\n|-heal|p1a: Incineroar|40/100|[from] item: Sitrus Berry\n|move|p1b: Milotic|Scald|p2b: Gardevoir\n|-damage|p2b: Gardevoir|35/100\n|\n|-heal|p1b: Milotic|25/100|[from] item: Leftovers\n|upkeep\n|turn|6\n|inactive|Boserx09 has 30 seconds left.\n|inactive|NickR1 has 30 seconds left.\n|inactive|NickR1 has 20 seconds left.\n|\n|t:|1775971798\n|move|p1a: Incineroar|Fake Out|p2b: Gardevoir\n|-damage|p2b: Gardevoir|17/100\n|move|p2a: Sneasler|Close Combat|p1b: Milotic\n|-damage|p1b: Milotic|0 fnt\n|-unboost|p2a: Sneasler|def|1\n|-unboost|p2a: Sneasler|spd|1\n|faint|p1b: Milotic\n|cant|p2b: Gardevoir|flinch\n|\n|upkeep\n|\n|t:|1775971812\n|switch|p1b: Charizard|Charizard-Mega-X, L50, F|54/100\n|turn|7\n|\n|t:|1775971827\n|switch|p2a: Incineroar|Incineroar, L50, M|94/100\n|-ability|p2a: Incineroar|Intimidate|boost\n|-unboost|p1a: Incineroar|atk|1\n|-unboost|p1b: Charizard|atk|1\n|move|p2b: Gardevoir|Protect|p2b: Gardevoir\n|-singleturn|p2b: Gardevoir|Protect\n|move|p1b: Charizard|Protect|p1b: Charizard\n|-singleturn|p1b: Charizard|Protect\n|move|p1a: Incineroar|Throat Chop|p2b: Gardevoir\n|-activate|p2b: Gardevoir|move: Protect\n|\n|upkeep\n|turn|8\n|\n|t:|1775971851\n|switch|p1a: Tyranitar|Tyranitar, L50, M|100/100\n|-weather|Sandstorm|[from] ability: Sand Stream|[of] p1a: Tyranitar\n|move|p1b: Charizard|Protect||[still]\n|-fail|p1b: Charizard\n|move|p2b: Gardevoir|Hyper Voice|p1a: Tyranitar|[spread] p1a,p1b\n|-supereffective|p1a: Tyranitar|1\n|-damage|p1a: Tyranitar|52/100\n|-damage|p1b: Charizard|0 fnt\n|faint|p1b: Charizard\n|move|p2a: Incineroar|Flare Blitz|p1a: Tyranitar\n|-resisted|p1a: Tyranitar|1\n|-damage|p1a: Tyranitar|33/100\n|-damage|p2a: Incineroar|88/100|[from] Recoil\n|\n|-weather|Sandstorm|[upkeep]\n|-damage|p2b: Gardevoir|11/100|[from] Sandstorm\n|-damage|p2a: Incineroar|82/100|[from] Sandstorm\n|upkeep\n|\n|t:|1775971869\n|switch|p1b: Incineroar|Incineroar, L50, M|40/100\n|-ability|p1b: Incineroar|Intimidate|boost\n|-unboost|p2a: Incineroar|atk|1\n|-unboost|p2b: Gardevoir|atk|1\n|turn|9\n|\n|t:|1775971884\n|move|p2b: Gardevoir|Protect|p2b: Gardevoir\n|-singleturn|p2b: Gardevoir|Protect\n|move|p1b: Incineroar|Fake Out|p2b: Gardevoir\n|-activate|p2b: Gardevoir|move: Protect\n|move|p2a: Incineroar|Flare Blitz|p1b: Incineroar\n|-resisted|p1b: Incineroar|1\n|-damage|p1b: Incineroar|29/100\n|-damage|p2a: Incineroar|79/100|[from] Recoil\n|move|p1a: Tyranitar|Rock Slide|p2b: Gardevoir|[spread] p2a\n|-activate|p2b: Gardevoir|move: Protect\n|-supereffective|p2a: Incineroar|1\n|-damage|p2a: Incineroar|15/100\n|\n|-weather|Sandstorm|[upkeep]\n|-damage|p2b: Gardevoir|5/100|[from] Sandstorm\n|-damage|p2a: Incineroar|9/100|[from] Sandstorm\n|-damage|p1b: Incineroar|22/100|[from] Sandstorm\n|upkeep\n|turn|10\n|inactive|Boserx09 has 30 seconds left.\n|\n|t:|1775971910\n|move|p2b: Gardevoir|Hyper Voice|p1b: Incineroar|[spread] p1a,p1b\n|-supereffective|p1a: Tyranitar|1\n|-damage|p1a: Tyranitar|0 fnt\n|-damage|p1b: Incineroar|0 fnt\n|faint|p1a: Tyranitar\n|faint|p1b: Incineroar\n|\n|win|NickR1\n|raw|Boserx09's rating: 1106 &rarr; <strong>1087</strong><br />(-19 for losing)\n|raw|NickR1's rating: 1189 &rarr; <strong>1208</strong><br />(+19 for winning)\n|l|\u2606Boserx09\n|player|p1|\n|c|\u2606NickR1|gg noob\n|l|\u2606NickR1\n|player|p2|\n|j|\u2606NickR1\n|player|p2|NickR1|266|\n",
  "uploadtime": 1775972063,
  "views": 30,
  "formatid": "gen9championsvgc2026regma",
  "rating": 1087,
  "private": 0,
  "password": null
}