{
  "id": "gen9championsvgc2026regma-2582023662",
  "format": "[Gen 9 Champions] VGC 2026 Reg M-A",
  "players": [
    "Dimazed",
    "sheikhswampert"
  ],
  "log": "|j|\u2606Dimazed\n|j|\u2606sheikhswampert\n|t:|1776049339\n|gametype|doubles\n|player|p1|Dimazed|lucas|1092\n|player|p2|sheikhswampert|volkner|1178\n|gen|9\n|tier|[Gen 9 Champions] VGC 2026 Reg M-A\n|rated|\n|rule|Species Clause: Limit one of each Pok\u00e9mon\n|rule|Item Clause: Limit 1 of each item\n|clearpoke\n|poke|p1|Aerodactyl, L50, F|\n|poke|p1|Ninetales-Alola, L50, F|\n|poke|p1|Blastoise, L50, M|\n|poke|p1|Arcanine, L50, M|\n|poke|p1|Tyranitar, L50, F|\n|poke|p1|Aegislash, L50, F|\n|poke|p2|Gengar, L50, F|\n|poke|p2|Kingambit, L50, M|\n|poke|p2|Dragonite, L50, F|\n|poke|p2|Rotom-Heat, L50|\n|teampreview|4\n|inactive|Battle timer is ON: inactive players will automatically lose when time's up. (requested by sheikhswampert)\n|c|\u2606Dimazed|I wonder which 4 pokemon you will use\n|c|\u2606sheikhswampert|who knows?\n|c|\u2606sheikhswampert|just thoroughly experimenting rn\n|\n|t:|1776049374\n|teamsize|p1|4\n|teamsize|p2|4\n|start\n|switch|p1a: Aerodactyl|Aerodactyl, L50, F|100/100\n|switch|p1b: Ninetales|Ninetales-Alola, L50, F|100/100\n|switch|p2a: Gengar|Gengar, L50, F|100/100\n|switch|p2b: Kingambit|Kingambit, L50, M|100/100\n|-ability|p1a: Aerodactyl|Unnerve\n|-weather|Snowscape|[from] ability: Snow Warning|[of] p1b: Ninetales\n|turn|1\n|\n|t:|1776049396\n|detailschange|p1a: Aerodactyl|Aerodactyl-Mega, L50, F\n|-mega|p1a: Aerodactyl|Aerodactyl|Aerodactylite\n|detailschange|p2a: Gengar|Gengar-Mega, L50, F\n|-mega|p2a: Gengar|Gengar|Gengarite\n|move|p2b: Kingambit|Sucker Punch||[still]\n|-fail|p2b: Kingambit\n|move|p1a: Aerodactyl|Tailwind|p1a: Aerodactyl\n|-sidestart|p1: Dimazed|move: Tailwind\n|move|p1b: Ninetales|Aurora Veil|p1b: Ninetales\n|-sidestart|p1: Dimazed|move: Aurora Veil\n|move|p2a: Gengar|Sludge Wave|p1b: Ninetales|[spread] p1a,p1b\n|-immune|p2b: Kingambit\n|-resisted|p1a: Aerodactyl|1\n|-supereffective|p1b: Ninetales|1\n|-damage|p1a: Aerodactyl|86/100\n|-damage|p1b: Ninetales|22/100\n|-status|p1a: Aerodactyl|psn\n|\n|-weather|Snowscape|[upkeep]\n|-damage|p1a: Aerodactyl|73/100 psn|[from] psn\n|upkeep\n|turn|2\n|inactive|Dimazed has 30 seconds left.\n|inactive|sheikhswampert has 30 seconds left.\n|inactive|Dimazed has 20 seconds left.\n|\n|t:|1776049432\n|move|p2a: Gengar|Protect|p2a: Gengar\n|-singleturn|p2a: Gengar|Protect\n|move|p2b: Kingambit|Sucker Punch|p1a: Aerodactyl\n|-damage|p1a: Aerodactyl|35/100 psn\n|move|p1a: Aerodactyl|Dual Wingbeat|p2a: Gengar\n|-activate|p2a: Gengar|move: Protect\n|move|p1b: Ninetales|Blizzard|p2a: Gengar|[spread] p2b\n|-activate|p2a: Gengar|move: Protect\n|-resisted|p2b: Kingambit|1\n|-crit|p2b: Kingambit\n|-damage|p2b: Kingambit|75/100\n|\n|-weather|Snowscape|[upkeep]\n|-damage|p1a: Aerodactyl|23/100 psn|[from] psn\n|upkeep\n|turn|3\n|\n|t:|1776049455\n|switch|p2a: Rotom|Rotom-Heat, L50|100/100\n|move|p2b: Kingambit|Sucker Punch|p1a: Aerodactyl\n|-damage|p1a: Aerodactyl|0 fnt\n|faint|p1a: Aerodactyl\n|move|p1b: Ninetales|Blizzard|p2a: Rotom|[spread] p2a,p2b\n|-resisted|p2a: Rotom|1\n|-resisted|p2b: Kingambit|1\n|-damage|p2a: Rotom|79/100\n|-damage|p2b: Kingambit|56/100\n|-status|p2a: Rotom|frz\n|\n|-weather|Snowscape|[upkeep]\n|upkeep\n|\n|t:|1776049469\n|switch|p1a: Arcanine|Arcanine, L50, M|100/100\n|-ability|p1a: Arcanine|Intimidate|boost\n|-unboost|p2a: Rotom|atk|1\n|-unboost|p2b: Kingambit|atk|1\n|-ability|p2b: Kingambit|Defiant|boost\n|-boost|p2b: Kingambit|atk|2\n|turn|4\n|\n|t:|1776049485\n|switch|p1b: Aegislash|Aegislash, L50, F, shiny|100/100\n|move|p2b: Kingambit|Protect|p2b: Kingambit\n|-singleturn|p2b: Kingambit|Protect\n|move|p1a: Arcanine|Heat Wave|p2a: Rotom|[spread] p2a\n|-activate|p2b: Kingambit|move: Protect\n|-resisted|p2a: Rotom|1\n|-damage|p2a: Rotom|65/100 frz\n|-curestatus|p2a: Rotom|frz|[msg]\n|move|p2a: Rotom|Overheat|p1b: Aegislash\n|-supereffective|p1b: Aegislash|1\n|-damage|p1b: Aegislash|22/100\n|-unboost|p2a: Rotom|spa|2\n|\n|-weather|Snowscape|[upkeep]\n|-heal|p1b: Aegislash|28/100|[from] item: Leftovers\n|-sideend|p1: Dimazed|move: Tailwind\n|upkeep\n|turn|5\n|inactive|sheikhswampert has 30 seconds left.\n|\n|t:|1776049515\n|switch|p2b: Dragonite|Dragonite, L50, F|100/100\n|move|p1b: Aegislash|King's Shield|p1b: Aegislash\n|-singleturn|p1b: Aegislash|Protect\n|move|p1a: Arcanine|Bulldoze|p2b: Dragonite|[spread] \n|-activate|p1b: Aegislash|move: Protect\n|-immune|p2a: Rotom|[from] ability: Levitate\n|-immune|p2b: Dragonite\n|move|p2a: Rotom|Volt Switch|p1a: Arcanine\n|-damage|p1a: Arcanine|91/100\n|\n|t:|1776049529\n|switch|p2a: Gengar|Gengar-Mega, L50, F|100/100|[from] Volt Switch\n|\n|-weather|none\n|-heal|p1b: Aegislash|34/100|[from] item: Leftovers\n|-sideend|p1: Dimazed|move: Aurora Veil\n|upkeep\n|turn|6\n|\n|t:|1776049551\n|move|p1a: Arcanine|Extreme Speed|p2b: Dragonite\n|-damage|p2b: Dragonite|93/100\n|-formechange|p1b: Aegislash|Aegislash-Blade|\n|move|p1b: Aegislash|Shadow Sneak|p2a: Gengar\n|-supereffective|p2a: Gengar|1\n|-damage|p2a: Gengar|26/100\n|move|p2a: Gengar|Shadow Ball|p1a: Arcanine\n|-damage|p1a: Arcanine|49/100\n|-enditem|p1a: Arcanine|Sitrus Berry|[eat]\n|-heal|p1a: Arcanine|74/100|[from] item: Sitrus Berry\n|move|p2b: Dragonite|Dragon Claw|p1a: Arcanine\n|-damage|p1a: Arcanine|18/100\n|\n|-heal|p1b: Aegislash|40/100|[from] item: Leftovers\n|upkeep\n|turn|7\n|inactive|Dimazed has 30 seconds left.\n|\n|t:|1776049580\n|move|p2a: Gengar|Protect|p2a: Gengar\n|-singleturn|p2a: Gengar|Protect\n|move|p2b: Dragonite|Extreme Speed|p1a: Arcanine\n|-damage|p1a: Arcanine|0 fnt\n|faint|p1a: Arcanine\n|move|p1b: Aegislash|Swords Dance|p1b: Aegislash\n|-boost|p1b: Aegislash|atk|2\n|\n|-heal|p1b: Aegislash|47/100|[from] item: Leftovers\n|upkeep\n|\n|t:|1776049591\n|switch|p1a: Ninetales|Ninetales-Alola, L50, F|22/100\n|-weather|Snowscape|[from] ability: Snow Warning|[of] p1a: Ninetales\n|turn|8\n|\n|t:|1776049611\n|switch|p2a: Kingambit|Kingambit, L50, M|56/100\n|move|p1b: Aegislash|Shadow Sneak|p2a: Kingambit\n|-resisted|p2a: Kingambit|1\n|-damage|p2a: Kingambit|39/100\n|move|p1a: Ninetales|Aurora Veil|p1a: Ninetales\n|-sidestart|p1: Dimazed|move: Aurora Veil\n|move|p2b: Dragonite|Fire Punch|p1b: Aegislash\n|-supereffective|p1b: Aegislash|1\n|-damage|p1b: Aegislash|0 fnt\n|faint|p1b: Aegislash\n|\n|-weather|Snowscape|[upkeep]\n|upkeep\n|turn|9\n|-message|Dimazed forfeited.\n|\n|win|sheikhswampert\n|raw|Dimazed's rating: 1092 &rarr; <strong>1074</strong><br />(-18 for losing)\n|raw|sheikhswampert's rating: 1178 &rarr; <strong>1197</strong><br />(+19 for winning)\n|l|\u2606Dimazed\n|player|p1|\n|c|\u2606sheikhswampert|gg\n",
  "uploadtime": 1776049628,
  "views": 10,
  "formatid": "gen9championsvgc2026regma",
  "rating": 1074,
  "private": 0,
  "password": null
}