{
  "id": "gen9championsvgc2026regma-2585765482",
  "format": "[Gen 9 Champions] VGC 2026 Reg M-A",
  "players": [
    "BriBri2Fly",
    "Gameplaya"
  ],
  "log": "|j|\u2606BriBri2Fly\n|j|\u2606Gameplaya\n|t:|1776369057\n|gametype|doubles\n|player|p1|BriBri2Fly|2|1082\n|player|p2|Gameplaya|teamrocket|1117\n|gen|9\n|tier|[Gen 9 Champions] VGC 2026 Reg M-A\n|rated|\n|rule|Species Clause: Limit one of each Pok\u00e9mon\n|rule|Item Clause: Limit 1 of each item\n|clearpoke\n|poke|p1|Kingambit, L50, F|\n|poke|p1|Kangaskhan, L50, F|\n|poke|p1|Blastoise, L50, M|\n|poke|p1|Sinistcha-Masterpiece, L50|\n|poke|p1|Aerodactyl, L50, F|\n|poke|p1|Farigiraf, L50, F|\n|poke|p2|Drampa, L50, M|\n|poke|p2|Sinistcha-Masterpiece, L50|\n|poke|p2|Glimmora, L50, F|\n|poke|p2|Tyranitar, L50, M|\n|poke|p2|Excadrill, L50, F|\n|poke|p2|Farigiraf, L50, F|\n|teampreview|4\n|inactive|Battle timer is ON: inactive players will automatically lose when time's up. (requested by Gameplaya)\nBriBri2Fly rejected open team sheets.\n|inactive|Gameplaya has 60 seconds left.\n|\n|t:|1776369094\n|teamsize|p1|4\n|teamsize|p2|4\n|start\n|switch|p1a: Blastoise|Blastoise, L50, M|100/100\n|switch|p1b: Farigiraf|Farigiraf, L50, F|100/100\n|switch|p2a: Drampa|Drampa, L50, M|100/100\n|switch|p2b: Tyranitar|Tyranitar, L50, M|100/100\n|-weather|Sandstorm|[from] ability: Sand Stream|[of] p2b: Tyranitar\n|turn|1\n|inactive|Gameplaya has 30 seconds left.\n|\n|t:|1776369125\n|detailschange|p1a: Blastoise|Blastoise-Mega, L50, M\n|-mega|p1a: Blastoise|Blastoise|Blastoisinite\n|detailschange|p2a: Drampa|Drampa-Mega, L50, M\n|-mega|p2a: Drampa|Drampa|Drampanite\n|move|p1a: Blastoise|Fake Out|p2a: Drampa\n|-damage|p2a: Drampa|92/100\n|move|p2b: Tyranitar|Crunch|p1b: Farigiraf\n|-supereffective|p1b: Farigiraf|1\n|-damage|p1b: Farigiraf|36/100\n|-enditem|p1b: Farigiraf|Sitrus Berry|[eat]\n|-heal|p1b: Farigiraf|60/100|[from] item: Sitrus Berry\n|cant|p2a: Drampa|flinch\n|move|p1b: Farigiraf|Trick Room|p1b: Farigiraf\n|-fieldstart|move: Trick Room|[of] p1b: Farigiraf\n|\n|-weather|Sandstorm|[upkeep]\n|-damage|p2a: Drampa|86/100|[from] Sandstorm\n|-damage|p1b: Farigiraf|55/100|[from] Sandstorm\n|-damage|p1a: Blastoise|94/100|[from] Sandstorm\n|upkeep\n|turn|2\n|\n|t:|1776369151\n|switch|p2b: Sinistcha|Sinistcha-Masterpiece, L50|100/100\n|-heal|p2a: Drampa|100/100|[from] ability: Hospitality|[of] p2b: Sinistcha\n|move|p2a: Drampa|Calm Mind|p2a: Drampa\n|-boost|p2a: Drampa|spa|1\n|-boost|p2a: Drampa|spd|1\n|move|p1b: Farigiraf|Rain Dance|p1b: Farigiraf\n|-weather|RainDance\n|move|p1a: Blastoise|Water Spout|p2b: Sinistcha|[spread] p2a,p2b\n|-resisted|p2a: Drampa|1\n|-resisted|p2b: Sinistcha|1\n|-damage|p2a: Drampa|73/100\n|-damage|p2b: Sinistcha|58/100\n|\n|-weather|RainDance|[upkeep]\n|-heal|p2b: Sinistcha|65/100|[from] item: Leftovers\n|upkeep\n|turn|3\n|\n|t:|1776369172\n|switch|p1b: Sinistcha|Sinistcha-Masterpiece, L50|100/100\n|-heal|p1a: Blastoise|100/100|[from] ability: Hospitality|[of] p1b: Sinistcha\n|move|p2a: Drampa|Hyper Voice|p1b: Sinistcha|[spread] p1a\n|-immune|p1b: Sinistcha\n|-damage|p1a: Blastoise|46/100\n|move|p2b: Sinistcha|Matcha Gotcha|p1a: Blastoise|[spread] p1a,p1b\n|-supereffective|p1a: Blastoise|1\n|-crit|p1a: Blastoise\n|-resisted|p1b: Sinistcha|1\n|-damage|p1a: Blastoise|0 fnt\n|-heal|p2b: Sinistcha|88/100|[from] drain|[of] p1a: Blastoise\n|-damage|p1b: Sinistcha|89/100\n|-heal|p2b: Sinistcha|94/100|[from] drain|[of] p1b: Sinistcha\n|faint|p1a: Blastoise\n|\n|-weather|RainDance|[upkeep]\n|-heal|p2b: Sinistcha|100/100|[from] item: Leftovers\n|upkeep\n|\n|t:|1776369189\n|switch|p1a: Kingambit|Kingambit, L50, F|100/100\n|turn|4\n|inactive|Gameplaya has 30 seconds left.\n|\n|t:|1776369223\n|switch|p2b: Glimmora|Glimmora, L50, F, shiny|100/100\n|move|p2a: Drampa|Draco Meteor|p1b: Sinistcha\n|-damage|p1b: Sinistcha|0 fnt\n|-unboost|p2a: Drampa|spa|2\n|faint|p1b: Sinistcha\n|move|p1a: Kingambit|Kowtow Cleave|p2b: Glimmora\n|-damage|p2b: Glimmora|29/100\n|-activate|p2b: Glimmora|ability: Toxic Debris\n|-sidestart|p1: BriBri2Fly|move: Toxic Spikes\n|\n|-weather|RainDance|[upkeep]\n|upkeep\n|\n|t:|1776369236\n|switch|p1b: Farigiraf|Farigiraf, L50, F|55/100\n|-status|p1b: Farigiraf|psn\n|turn|5\n|\n|t:|1776369247\n|move|p1b: Farigiraf|Helping Hand|p1a: Kingambit\n|-singleturn|p1a: Kingambit|Helping Hand|[of] p1b: Farigiraf\n|move|p2b: Glimmora|Spiky Shield|p2b: Glimmora\n|-singleturn|p2b: Glimmora|move: Protect\n|move|p2a: Drampa|Draco Meteor|p1b: Farigiraf\n|-damage|p1b: Farigiraf|0 fnt\n|-unboost|p2a: Drampa|spa|2\n|faint|p1b: Farigiraf\n|move|p1a: Kingambit|Kowtow Cleave|p2a: Drampa\n|-damage|p2a: Drampa|0 fnt\n|faint|p2a: Drampa\n|\n|-weather|RainDance|[upkeep]\n|-fieldend|move: Trick Room\n|upkeep\n|\n|t:|1776369262\n|switch|p2a: Tyranitar|Tyranitar, L50, M|100/100\n|-weather|Sandstorm|[from] ability: Sand Stream|[of] p2a: Tyranitar\n|turn|6\n|\n|t:|1776369270\n|move|p2b: Glimmora|Earth Power|p1a: Kingambit\n|-supereffective|p1a: Kingambit|1\n|-damage|p1a: Kingambit|36/100\n|move|p2a: Tyranitar|High Horsepower|p1a: Kingambit\n|-supereffective|p1a: Kingambit|1\n|-damage|p1a: Kingambit|0 fnt\n|faint|p1a: Kingambit\n|\n|win|Gameplaya\n|raw|BriBri2Fly's rating: 1082 &rarr; <strong>1062</strong><br />(-20 for losing)\n|raw|Gameplaya's rating: 1117 &rarr; <strong>1139</strong><br />(+22 for winning)\n|l|\u2606BriBri2Fly\n|player|p1|\n",
  "uploadtime": 1776369308,
  "views": 18,
  "formatid": "gen9championsvgc2026regma",
  "rating": 1062,
  "private": 0,
  "password": null
}