{
  "id": "gen9championsvgc2026regma-2585882312",
  "format": "[Gen 9 Champions] VGC 2026 Reg M-A",
  "players": [
    "hipsterbrownkid",
    "carlosdavid017"
  ],
  "log": "|j|\u2606hipsterbrownkid\n|j|\u2606carlosdavid017\n|t:|1776378105\n|gametype|doubles\n|player|p1|hipsterbrownkid|wallace|1133\n|player|p2|carlosdavid017|n|1099\n|gen|9\n|tier|[Gen 9 Champions] VGC 2026 Reg M-A\n|rated|\n|rule|Species Clause: Limit one of each Pok\u00e9mon\n|rule|Item Clause: Limit 1 of each item\n|clearpoke\n|poke|p1|Aerodactyl, L50, F|\n|poke|p1|Zoroark-Hisui, L50, F|\n|poke|p1|Garchomp, L50, M|\n|poke|p1|Incineroar, L50, F|\n|poke|p1|Rotom-Wash, L50|\n|poke|p1|Gengar, L50, F|\n|poke|p2|Glimmora, L50, F|\n|poke|p2|Kingambit, L50, M|\n|poke|p2|Arcanine, L50, M|\n|poke|p2|Milotic, L50, M|\n|poke|p2|Corviknight, L50, M|\n|poke|p2|Dragapult, L50, F|\n|teampreview|4\n|inactive|Battle timer is ON: inactive players will automatically lose when time's up. (requested by hipsterbrownkid)\n|inactive|carlosdavid017 has 60 seconds left.\n|\n|t:|1776378144\n|teamsize|p1|4\n|teamsize|p2|4\n|start\n|switch|p1a: Garchomp|Garchomp, L50, M|100/100\n|switch|p1b: Aerodactyl|Aerodactyl, L50, F|100/100\n|switch|p2a: Kingambit|Kingambit, L50, M|100/100\n|switch|p2b: Corviknight|Corviknight, L50, M|100/100\n|turn|1\n|\n|t:|1776378165\n|switch|p1b: Rotom|Rotom-Wash, L50|100/100\n|move|p2a: Kingambit|Sucker Punch|p1a: Garchomp\n|-damage|p1a: Garchomp|63/100\n|-damage|p2a: Kingambit|88/100|[from] ability: Rough Skin|[of] p1a: Garchomp\n|move|p1a: Garchomp|Earthquake|p2a: Kingambit|[spread] p2a\n|-immune|p1b: Rotom|[from] ability: Levitate\n|-immune|p2b: Corviknight\n|-supereffective|p2a: Kingambit|1\n|-damage|p2a: Kingambit|36/100\n|move|p2b: Corviknight|Tailwind|p2b: Corviknight\n|-sidestart|p2: carlosdavid017|move: Tailwind\n|\n|upkeep\n|turn|2\n|inactive|carlosdavid017 has 30 seconds left.\n|\n|t:|1776378194\n|switch|p2a: Milotic|Milotic, L50, M|100/100\n|move|p1a: Garchomp|Earthquake|p2b: Corviknight|[spread] p2a\n|-immune|p1b: Rotom|[from] ability: Levitate\n|-immune|p2b: Corviknight\n|-damage|p2a: Milotic|62/100\n|move|p2b: Corviknight|Body Press|p1a: Garchomp\n|-damage|p1a: Garchomp|31/100\n|-damage|p2b: Corviknight|88/100|[from] ability: Rough Skin|[of] p1a: Garchomp\n|move|p1b: Rotom|Thunderbolt|p2b: Corviknight\n|-supereffective|p2b: Corviknight|1\n|-damage|p2b: Corviknight|20/100\n|\n|-heal|p2a: Milotic|68/100|[from] item: Leftovers\n|upkeep\n|turn|3\n|\n|t:|1776378215\n|switch|p1a: Aerodactyl|Aerodactyl, L50, F|100/100\n|move|p2a: Milotic|Icy Wind|p1a: Aerodactyl|[spread] p1a,p1b\n|-resisted|p1b: Rotom|1\n|-damage|p1a: Aerodactyl|82/100\n|-damage|p1b: Rotom|97/100\n|-unboost|p1a: Aerodactyl|spe|1\n|-unboost|p1b: Rotom|spe|1\n|replace|p1a: Zoroark|Zoroark-Hisui, L50, F\n|-end|p1a: Zoroark|Illusion\n|move|p2b: Corviknight|Body Press|p1a: Zoroark\n|-immune|p1a: Zoroark\n|move|p1b: Rotom|Thunderbolt|p2b: Corviknight\n|-supereffective|p2b: Corviknight|1\n|-damage|p2b: Corviknight|0 fnt\n|faint|p2b: Corviknight\n|\n|-heal|p2a: Milotic|74/100|[from] item: Leftovers\n|-heal|p1b: Rotom|100/100|[from] item: Leftovers\n|upkeep\n|\n|t:|1776378234\n|switch|p2b: Kingambit|Kingambit, L50, M|36/100\n|turn|4\n|\n|t:|1776378246\n|switch|p1a: Garchomp|Garchomp, L50, M|31/100\n|move|p2b: Kingambit|Protect|p2b: Kingambit\n|-singleturn|p2b: Kingambit|Protect\n|move|p2a: Milotic|Ice Beam|p1a: Garchomp\n|-supereffective|p1a: Garchomp|2\n|-damage|p1a: Garchomp|0 fnt\n|faint|p1a: Garchomp\n|move|p1b: Rotom|Thunderbolt|p2b: Kingambit\n|-activate|p2b: Kingambit|move: Protect\n|\n|-heal|p2a: Milotic|80/100|[from] item: Leftovers\n|-sideend|p2: carlosdavid017|move: Tailwind\n|upkeep\n|\n|t:|1776378257\n|switch|p1a: Aerodactyl|Aerodactyl, L50, F|100/100\n|-ability|p1a: Aerodactyl|Unnerve\n|turn|5\n|inactive|carlosdavid017 has 30 seconds left.\n|\n|t:|1776378283\n|move|p2b: Kingambit|Sucker Punch|p1a: Aerodactyl\n|-damage|p1a: Aerodactyl|39/100\n|move|p1a: Aerodactyl|Rock Slide|p2b: Kingambit|[spread] p2a,p2b\n|-resisted|p2b: Kingambit|1\n|-damage|p2a: Milotic|50/100\n|-damage|p2b: Kingambit|28/100\n|cant|p2a: Milotic|flinch\n|move|p1b: Rotom|Thunderbolt|p2a: Milotic\n|-supereffective|p2a: Milotic|1\n|-damage|p2a: Milotic|14/100\n|-status|p2a: Milotic|par\n|\n|-heal|p2a: Milotic|20/100 par|[from] item: Leftovers\n|upkeep\n|turn|6\n|inactive|carlosdavid017 has 30 seconds left.\n|\n|t:|1776378313\n|move|p1a: Aerodactyl|Protect|p1a: Aerodactyl\n|-singleturn|p1a: Aerodactyl|Protect\n|move|p2b: Kingambit|Throat Chop|p1a: Aerodactyl\n|-activate|p1a: Aerodactyl|move: Protect\n|move|p1b: Rotom|Thunderbolt|p2b: Kingambit\n|-damage|p2b: Kingambit|0 fnt\n|faint|p2b: Kingambit\n|move|p2a: Milotic|Scald|p1a: Aerodactyl\n|-activate|p1a: Aerodactyl|move: Protect\n|\n|-heal|p2a: Milotic|26/100 par|[from] item: Leftovers\n|upkeep\n|\n|t:|1776378316\n|switch|p2b: Glimmora|Glimmora, L50, F|100/100\n|turn|7\n|\n|t:|1776378344\n|detailschange|p2b: Glimmora|Glimmora-Mega, L50, F\n|-mega|p2b: Glimmora|Glimmora|Glimmoranite\n|move|p2a: Milotic|Protect|p2a: Milotic\n|-singleturn|p2a: Milotic|Protect\n|move|p1a: Aerodactyl|Tailwind|p1a: Aerodactyl\n|-sidestart|p1: hipsterbrownkid|move: Tailwind\n|move|p2b: Glimmora|Sludge Wave|p1b: Rotom|[spread] p1a,p1b\n|-activate|p2a: Milotic|move: Protect\n|-resisted|p1a: Aerodactyl|1\n|-crit|p1a: Aerodactyl\n|-damage|p1a: Aerodactyl|0 fnt\n|-damage|p1b: Rotom|51/100\n|-status|p1b: Rotom|psn\n|faint|p1a: Aerodactyl\n|move|p1b: Rotom|Hydro Pump|p2b: Glimmora\n|-supereffective|p2b: Glimmora|1\n|-damage|p2b: Glimmora|5/100\n|\n|-heal|p1b: Rotom|57/100 psn|[from] item: Leftovers\n|-heal|p2a: Milotic|32/100 par|[from] item: Leftovers\n|-damage|p1b: Rotom|44/100 psn|[from] psn\n|upkeep\n|\n|t:|1776378360\n|switch|p1a: Rotom|Rotom-Wash, L50|82/100\n|turn|8\n|inactive|carlosdavid017 has 30 seconds left.\n|\n|t:|1776378385\n|move|p2b: Glimmora|Spiky Shield|p2b: Glimmora\n|-singleturn|p2b: Glimmora|move: Protect\n|move|p1a: Rotom|Hyper Voice|p2a: Milotic|[spread] p2a\n|-activate|p2b: Glimmora|move: Protect\n|-damage|p2a: Milotic|10/100 par\n|move|p1b: Rotom|Thunderbolt|p2a: Milotic\n|-supereffective|p2a: Milotic|1\n|-damage|p2a: Milotic|0 fnt\n|faint|p2a: Milotic\n|\n|-heal|p1b: Rotom|50/100 psn|[from] item: Leftovers\n|-damage|p1b: Rotom|38/100 psn|[from] psn\n|upkeep\n|turn|9\n|\n|t:|1776378400\n|move|p1a: Rotom|Hyper Voice|p2b: Glimmora\n|-resisted|p2b: Glimmora|1\n|-damage|p2b: Glimmora|0 fnt\n|faint|p2b: Glimmora\n|\n|win|hipsterbrownkid\n|raw|hipsterbrownkid's rating: 1133 &rarr; <strong>1156</strong><br />(+23 for winning)\n|raw|carlosdavid017's rating: 1099 &rarr; <strong>1077</strong><br />(-22 for losing)\n|l|\u2606carlosdavid017\n|player|p2|\n",
  "uploadtime": 1776378405,
  "views": 13,
  "formatid": "gen9championsvgc2026regma",
  "rating": 1077,
  "private": 0,
  "password": null
}