{
  "id": "gen9championsvgc2026regma-2583403141",
  "format": "[Gen 9 Champions] VGC 2026 Reg M-A",
  "players": [
    "UnloshTheWash",
    "kidmilk1"
  ],
  "log": "|j|\u2606UnloshTheWash\n|j|\u2606kidmilk1\n|t:|1776173284\n|gametype|doubles\n|player|p1|UnloshTheWash|red|1352\n|player|p2|kidmilk1|2|1268\n|gen|9\n|tier|[Gen 9 Champions] VGC 2026 Reg M-A\n|rated|\n|rule|Species Clause: Limit one of each Pok\u00e9mon\n|rule|Item Clause: Limit 1 of each item\n|clearpoke\n|poke|p1|Delphox, L50, M|\n|poke|p1|Mamoswine, L50, F|\n|poke|p1|Orthworm, L50, M|\n|poke|p1|Rotom-Wash, L50|\n|poke|p1|Maushold-Four, L50|\n|poke|p1|Sneasler, L50, F|\n|poke|p2|Starmie, L50|\n|poke|p2|Aegislash, L50, F|\n|poke|p2|Sneasler, L50, M|\n|poke|p2|Pelipper, L50, M|\n|poke|p2|Archaludon, L50, F|\n|poke|p2|Maushold, L50|\n|teampreview|4\n|\n|t:|1776173331\n|teamsize|p1|4\n|teamsize|p2|4\n|start\n|switch|p1a: Rotom|Rotom-Wash, L50|100/100\n|switch|p1b: Sneasler|Sneasler, L50, F|100/100\n|switch|p2a: Sneasler|Sneasler, L50, M|100/100\n|switch|p2b: Starmie|Starmie, L50|100/100\n|turn|1\n|\n|t:|1776173360\n|detailschange|p2b: Starmie|Starmie-Mega, L50\n|-mega|p2b: Starmie|Starmie|Starminite\n|move|p2a: Sneasler|Fake Out|p1b: Sneasler\n|-damage|p1b: Sneasler|81/100\n|cant|p1b: Sneasler|flinch\n|move|p1a: Rotom|Electroweb|p2b: Starmie|[spread] p2a,p2b\n|-supereffective|p2b: Starmie|1\n|-damage|p2a: Sneasler|79/100\n|-damage|p2b: Starmie|61/100\n|-unboost|p2a: Sneasler|spe|1\n|-unboost|p2b: Starmie|spe|1\n|-enditem|p2a: Sneasler|White Herb\n|-clearnegativeboost|p2a: Sneasler|[silent]\n|move|p2b: Starmie|Psycho Cut|p1b: Sneasler\n|-supereffective|p1b: Sneasler|2\n|-damage|p1b: Sneasler|0 fnt\n|faint|p1b: Sneasler\n|\n|upkeep\n|\n|t:|1776173382\n|switch|p1b: Mamoswine|Mamoswine, L50, F|100/100\n|turn|2\n|\n|t:|1776173410\n|move|p2a: Sneasler|Close Combat|p1b: Mamoswine\n|-supereffective|p1b: Mamoswine|1\n|-enditem|p1b: Mamoswine|Focus Sash\n|-damage|p1b: Mamoswine|1/100\n|-unboost|p2a: Sneasler|def|1\n|-unboost|p2a: Sneasler|spd|1\n|move|p1a: Rotom|Electroweb|p2b: Starmie|[spread] p2a,p2b\n|-supereffective|p2b: Starmie|1\n|-damage|p2a: Sneasler|48/100\n|-damage|p2b: Starmie|25/100\n|-unboost|p2a: Sneasler|spe|1\n|-unboost|p2b: Starmie|spe|1\n|move|p1b: Mamoswine|Earthquake|p2a: Sneasler|[spread] p2a,p2b\n|-immune|p1a: Rotom|[from] ability: Levitate\n|-supereffective|p2a: Sneasler|1\n|-damage|p2a: Sneasler|0 fnt\n|-damage|p2b: Starmie|0 fnt\n|faint|p2a: Sneasler\n|faint|p2b: Starmie\n|\n|upkeep\n|\n|t:|1776173428\n|switch|p2a: Pelipper|Pelipper, L50, M|100/100\n|switch|p2b: Archaludon|Archaludon, L50, F|100/100\n|-weather|RainDance|[from] ability: Drizzle|[of] p2a: Pelipper\n|turn|3\n|\n|t:|1776173450\n|move|p2b: Archaludon|Protect|p2b: Archaludon\n|-singleturn|p2b: Archaludon|Protect\n|move|p1a: Rotom|Electroweb|p2a: Pelipper|[spread] p2a\n|-activate|p2b: Archaludon|move: Protect\n|-supereffective|p2a: Pelipper|2\n|-enditem|p2a: Pelipper|Focus Sash\n|-damage|p2a: Pelipper|1/100\n|-unboost|p2a: Pelipper|spe|1\n|move|p1b: Mamoswine|Earthquake|p2a: Pelipper|[spread] \n|-activate|p2b: Archaludon|move: Protect\n|-immune|p1a: Rotom|[from] ability: Levitate\n|-immune|p2a: Pelipper\n|move|p2a: Pelipper|Tailwind|p2a: Pelipper\n|-sidestart|p2: kidmilk1|move: Tailwind\n|\n|-weather|RainDance|[upkeep]\n|upkeep\n|turn|4\n|\n|t:|1776173480\n|move|p1b: Mamoswine|Ice Shard|p2a: Pelipper\n|-damage|p2a: Pelipper|0 fnt\n|faint|p2a: Pelipper\n|move|p1a: Rotom|Electroweb|p2b: Archaludon\n|-resisted|p2b: Archaludon|1\n|-damage|p2b: Archaludon|90/100\n|-unboost|p2b: Archaludon|spe|1\n|-ability|p2b: Archaludon|Stamina|boost\n|-boost|p2b: Archaludon|def|1\n|move|p2b: Archaludon|Electro Shot||[still]\n|-prepare|p2b: Archaludon|Electro Shot\n|-boost|p2b: Archaludon|spa|1\n|-anim|p2b: Archaludon|Electro Shot|p1a: Rotom\n|-damage|p1a: Rotom|34/100\n|\n|-weather|RainDance|[upkeep]\n|-heal|p2b: Archaludon|96/100|[from] item: Leftovers\n|upkeep\n|turn|5\n|inactive|Battle timer is ON: inactive players will automatically lose when time's up. (requested by UnloshTheWash)\n|\n|t:|1776173505\n|move|p2b: Archaludon|Protect|p2b: Archaludon\n|-singleturn|p2b: Archaludon|Protect\n|move|p1a: Rotom|Electroweb|p2b: Archaludon\n|-activate|p2b: Archaludon|move: Protect\n|move|p1b: Mamoswine|Earthquake|p2b: Archaludon|[spread] \n|-activate|p2b: Archaludon|move: Protect\n|-immune|p1a: Rotom|[from] ability: Levitate\n|\n|-weather|RainDance|[upkeep]\n|-heal|p2b: Archaludon|100/100|[from] item: Leftovers\n|upkeep\n|turn|6\n|\n|t:|1776173528\n|move|p1a: Rotom|Electroweb|p2b: Archaludon|[miss]\n|-miss|p1a: Rotom|p2b: Archaludon\n|move|p2b: Archaludon|Flash Cannon|p1b: Mamoswine\n|-supereffective|p1b: Mamoswine|1\n|-damage|p1b: Mamoswine|0 fnt\n|faint|p1b: Mamoswine\n|\n|-weather|RainDance|[upkeep]\n|-sideend|p2: kidmilk1|move: Tailwind\n|upkeep\n|\n|t:|1776173541\n|switch|p1b: Delphox|Delphox, L50, M|100/100\n|turn|7\n|\n|t:|1776173557\n|detailschange|p1b: Delphox|Delphox-Mega, L50, M\n|-mega|p1b: Delphox|Delphox|Delphoxite\n|move|p1a: Rotom|Electroweb|p2b: Archaludon\n|-resisted|p2b: Archaludon|1\n|-damage|p2b: Archaludon|91/100\n|-unboost|p2b: Archaludon|spe|1\n|-ability|p2b: Archaludon|Stamina|boost\n|-boost|p2b: Archaludon|def|1\n|move|p1b: Delphox|Nasty Plot|p1b: Delphox\n|-boost|p1b: Delphox|spa|2\n|move|p2b: Archaludon|Electro Shot||[still]\n|-prepare|p2b: Archaludon|Electro Shot\n|-boost|p2b: Archaludon|spa|1\n|-anim|p2b: Archaludon|Electro Shot|p1b: Delphox\n|-damage|p1b: Delphox|19/100\n|\n|-weather|none\n|-heal|p2b: Archaludon|97/100|[from] item: Leftovers\n|upkeep\n|turn|8\n|inactive|kidmilk1 has 30 seconds left.\n|\n|t:|1776173584\n|move|p1a: Rotom|Electroweb|p2b: Archaludon\n|-resisted|p2b: Archaludon|1\n|-damage|p2b: Archaludon|86/100\n|-unboost|p2b: Archaludon|spe|1\n|-ability|p2b: Archaludon|Stamina|boost\n|-boost|p2b: Archaludon|def|1\n|move|p1b: Delphox|Heat Wave|p2b: Archaludon\n|-damage|p2b: Archaludon|0 fnt\n|faint|p2b: Archaludon\n|\n|win|UnloshTheWash\n|raw|UnloshTheWash's rating: 1352 &rarr; <strong>1367</strong><br />(+15 for winning)\n|raw|kidmilk1's rating: 1268 &rarr; <strong>1249</strong><br />(-19 for losing)\n",
  "uploadtime": 1776173592,
  "views": 28,
  "formatid": "gen9championsvgc2026regma",
  "rating": 1249,
  "private": 0,
  "password": null
}