{
  "id": "gen9championsvgc2026regma-2586988365",
  "format": "[Gen 9 Champions] VGC 2026 Reg M-A",
  "players": [
    "outofthebox215",
    "CounterDraw"
  ],
  "log": "|j|\u2606outofthebox215\n|j|\u2606CounterDraw\n|t:|1776478671\n|gametype|doubles\n|player|p1|outofthebox215|266|1188\n|player|p2|CounterDraw|2|1268\n|gen|9\n|tier|[Gen 9 Champions] VGC 2026 Reg M-A\n|rated|\n|rule|Species Clause: Limit one of each Pok\u00e9mon\n|rule|Item Clause: Limit 1 of each item\n|clearpoke\n|poke|p1|Garchomp, L50, M|\n|poke|p1|Talonflame, L50, M|\n|poke|p1|Gardevoir, L50, M|\n|poke|p1|Orthworm, L50, M|\n|poke|p1|Rotom-Mow, L50|\n|poke|p1|Blastoise, L50, F|\n|poke|p2|Scovillain, L50, M|\n|poke|p2|Primarina, L50, M|\n|poke|p2|Kingambit, L50, F|\n|poke|p2|Dragonite, L50, F|\n|poke|p2|Farigiraf, L50, F|\n|poke|p2|Aerodactyl, L50, M|\n|teampreview|4\n|inactive|Battle timer is ON: inactive players will automatically lose when time's up. (requested by outofthebox215)\n|\n|t:|1776478708\n|teamsize|p1|4\n|teamsize|p2|4\n|start\n|switch|p1a: Talonflame|Talonflame, L50, M, shiny|100/100\n|switch|p1b: Blastoise|Blastoise, L50, F, shiny|100/100\n|switch|p2a: Scovillain|Scovillain, L50, M|100/100\n|switch|p2b: Dragonite|Dragonite, L50, F|100/100\n|turn|1\n|inactive|outofthebox215 has 30 seconds left.\n|inactive|CounterDraw has 30 seconds left.\n|inactive|outofthebox215 has 20 seconds left.\n|inactive|CounterDraw has 20 seconds left.\n|\n|t:|1776478748\n|detailschange|p1b: Blastoise|Blastoise-Mega, L50, F, shiny\n|-mega|p1b: Blastoise|Blastoise|Blastoisinite\n|detailschange|p2a: Scovillain|Scovillain-Mega, L50, M\n|-mega|p2a: Scovillain|Scovillain|Scovillainite\n|move|p2b: Dragonite|Extreme Speed|p1b: Blastoise\n|-damage|p1b: Blastoise|67/100\n|move|p1a: Talonflame|Brave Bird|p2a: Scovillain\n|-supereffective|p2a: Scovillain|1\n|-damage|p2a: Scovillain|0 fnt\n|-immune|p1a: Talonflame\n|faint|p2a: Scovillain\n|-damage|p1a: Talonflame|65/100|[from] Recoil\n|move|p1b: Blastoise|Water Spout|p2b: Dragonite\n|-resisted|p2b: Dragonite|1\n|-damage|p2b: Dragonite|84/100\n|\n|upkeep\n|\n|t:|1776478769\n|switch|p2a: Primarina|Primarina, L50, M|100/100\n|turn|2\n|\n|t:|1776478782\n|move|p1b: Blastoise|Protect|p1b: Blastoise\n|-singleturn|p1b: Blastoise|Protect\n|move|p1a: Talonflame|Will-O-Wisp|p2b: Dragonite\n|-status|p2b: Dragonite|brn\n|move|p2b: Dragonite|Scale Shot|p1b: Blastoise\n|-activate|p1b: Blastoise|move: Protect\n|move|p2a: Primarina|Hyper Voice|p1b: Blastoise|[spread] p1a\n|-activate|p1b: Blastoise|move: Protect\n|-supereffective|p1a: Talonflame|1\n|-damage|p1a: Talonflame|0 fnt\n|faint|p1a: Talonflame\n|\n|-damage|p2b: Dragonite|78/100 brn|[from] brn\n|upkeep\n|\n|t:|1776478793\n|switch|p1a: Rotom|Rotom-Mow, L50, shiny|100/100\n|turn|3\n|inactive|outofthebox215 has 30 seconds left.\n|inactive|CounterDraw has 30 seconds left.\n|\n|t:|1776478823\n|move|p2b: Dragonite|Extreme Speed|p1b: Blastoise\n|-damage|p1b: Blastoise|53/100\n|move|p1a: Rotom|Leaf Storm|p2a: Primarina|[miss]\n|-miss|p1a: Rotom|p2a: Primarina\n|move|p1b: Blastoise|Dark Pulse|p2b: Dragonite\n|-damage|p2b: Dragonite|23/100 brn\n|move|p2a: Primarina|Moonblast|p1b: Blastoise\n|-damage|p1b: Blastoise|5/100\n|\n|-damage|p2b: Dragonite|17/100 brn|[from] brn\n|upkeep\n|turn|4\n|\n|t:|1776478842\n|move|p1b: Blastoise|Protect|p1b: Blastoise\n|-singleturn|p1b: Blastoise|Protect\n|move|p2b: Dragonite|Extreme Speed|p1b: Blastoise\n|-activate|p1b: Blastoise|move: Protect\n|move|p1a: Rotom|Leaf Storm|p2a: Primarina\n|-supereffective|p2a: Primarina|1\n|-damage|p2a: Primarina|19/100\n|-unboost|p1a: Rotom|spa|2\n|move|p2a: Primarina|Moonblast|p1a: Rotom\n|-damage|p1a: Rotom|49/100\n|\n|-heal|p2a: Primarina|25/100|[from] item: Leftovers\n|-damage|p2b: Dragonite|11/100 brn|[from] brn\n|upkeep\n|turn|5\n|\n|t:|1776478866\n|switch|p1b: Garchomp|Garchomp, L50, M, shiny|100/100\n|switch|p2a: Kingambit|Kingambit, L50, F|100/100\n|move|p2b: Dragonite|Extreme Speed|p1b: Garchomp\n|-damage|p1b: Garchomp|86/100\n|-damage|p2b: Dragonite|0 fnt|[from] ability: Rough Skin|[of] p1b: Garchomp\n|faint|p2b: Dragonite\n|move|p1a: Rotom|Leaf Storm|p2a: Kingambit\n|-resisted|p2a: Kingambit|1\n|-damage|p2a: Kingambit|89/100\n|-unboost|p1a: Rotom|spa|2\n|\n|upkeep\n|\n|t:|1776478880\n|switch|p2b: Primarina|Primarina, L50, M|25/100\n|turn|6\n|\n|t:|1776478895\n|move|p2a: Kingambit|Protect|p2a: Kingambit\n|-singleturn|p2a: Kingambit|Protect\n|move|p1a: Rotom|Leaf Storm|p2b: Primarina\n|-supereffective|p2b: Primarina|1\n|-damage|p2b: Primarina|0 fnt\n|-unboost|p1a: Rotom|spa|2\n|faint|p2b: Primarina\n|move|p1b: Garchomp|Earthquake|p2a: Kingambit|[spread] \n|-activate|p2a: Kingambit|move: Protect\n|-immune|p1a: Rotom|[from] ability: Levitate\n|\n|upkeep\n|turn|7\n|-message|CounterDraw forfeited.\n|\n|win|outofthebox215\n|raw|outofthebox215's rating: 1188 &rarr; <strong>1219</strong><br />(+31 for winning)\n|raw|CounterDraw's rating: 1268 &rarr; <strong>1237</strong><br />(-31 for losing)\n|l|\u2606CounterDraw\n|player|p2|\n",
  "uploadtime": 1776478911,
  "views": 26,
  "formatid": "gen9championsvgc2026regma",
  "rating": 1219,
  "private": 0,
  "password": null
}