{
  "id": "gen9championsvgc2026regma-2585722000",
  "format": "[Gen 9 Champions] VGC 2026 Reg M-A",
  "players": [
    "tsmiffy",
    "Zhang21"
  ],
  "log": "|j|\u2606tsmiffy\n|j|\u2606Zhang21\n|t:|1776366067\n|gametype|doubles\n|player|p1|tsmiffy|gambler|1281\n|player|p2|Zhang21|265|1256\n|gen|9\n|tier|[Gen 9 Champions] VGC 2026 Reg M-A\n|rated|\n|rule|Species Clause: Limit one of each Pok\u00e9mon\n|rule|Item Clause: Limit 1 of each item\n|clearpoke\n|poke|p1|Umbreon, L50, M|\n|poke|p1|Charizard, L50, F|\n|poke|p1|Sneasler, L50, M|\n|poke|p1|Dragapult, L50, M|\n|poke|p1|Whimsicott, L50, M|\n|poke|p1|Scizor, L50, M|\n|poke|p2|Corviknight, L50, M|\n|poke|p2|Incineroar, L50, M|\n|poke|p2|Floette-Eternal, L50, F|\n|poke|p2|Sinistcha, L50|\n|poke|p2|Garchomp, L50, M|\n|poke|p2|Tyranitar, L50, M|\n|teampreview|4\n|\n|t:|1776366126\n|teamsize|p1|4\n|teamsize|p2|4\n|start\n|switch|p1a: Scizor|Scizor, L50, M|100/100\n|switch|p1b: Sneasler|Sneasler, L50, M|100/100\n|switch|p2a: Garchomp|Garchomp, L50, M|100/100\n|switch|p2b: Tyranitar|Tyranitar, L50, M|100/100\n|-weather|Sandstorm|[from] ability: Sand Stream|[of] p2b: Tyranitar\n|turn|1\n|inactive|Battle timer is ON: inactive players will automatically lose when time's up. (requested by tsmiffy)\n|\n|t:|1776366148\n|switch|p2b: Sinistcha|Sinistcha, L50|100/100\n|detailschange|p1a: Scizor|Scizor-Mega, L50, M\n|-mega|p1a: Scizor|Scizor|Scizorite\n|move|p1b: Sneasler|Fake Out|p2a: Garchomp\n|-damage|p2a: Garchomp|87/100\n|-damage|p1b: Sneasler|88/100|[from] ability: Rough Skin|[of] p2a: Garchomp\n|cant|p2a: Garchomp|flinch\n|move|p1a: Scizor|Swords Dance|p1a: Scizor\n|-boost|p1a: Scizor|atk|2\n|\n|-weather|Sandstorm|[upkeep]\n|-damage|p1b: Sneasler|83/100|[from] Sandstorm\n|-damage|p2b: Sinistcha|94/100|[from] Sandstorm\n|upkeep\n|turn|2\n|\n|t:|1776366167\n|move|p2b: Sinistcha|Rage Powder|p2b: Sinistcha\n|-singleturn|p2b: Sinistcha|move: Rage Powder\n|move|p2a: Garchomp|Stomping Tantrum|p1a: Scizor\n|-damage|p1a: Scizor|33/100\n|move|p1b: Sneasler|Coaching|p1a: Scizor\n|-boost|p1a: Scizor|atk|1\n|-boost|p1a: Scizor|def|1\n|move|p1a: Scizor|Bug Bite|p2b: Sinistcha\n|-damage|p2b: Sinistcha|0 fnt\n|faint|p2b: Sinistcha\n|\n|-weather|Sandstorm|[upkeep]\n|-damage|p1b: Sneasler|77/100|[from] Sandstorm\n|upkeep\n|\n|t:|1776366176\n|switch|p2b: Incineroar|Incineroar, L50, M|100/100\n|-ability|p2b: Incineroar|Intimidate|boost\n|-unboost|p1a: Scizor|atk|1\n|-unboost|p1b: Sneasler|atk|1\n|-enditem|p1b: Sneasler|White Herb\n|-clearnegativeboost|p1b: Sneasler|[silent]\n|turn|3\n|\n|t:|1776366201\n|move|p2a: Garchomp|Protect|p2a: Garchomp\n|-singleturn|p2a: Garchomp|Protect\n|move|p1a: Scizor|Bullet Punch|p2a: Garchomp\n|-activate|p2a: Garchomp|move: Protect\n|move|p1b: Sneasler|Close Combat|p2b: Incineroar\n|-supereffective|p2b: Incineroar|1\n|-damage|p2b: Incineroar|0 fnt\n|-unboost|p1b: Sneasler|def|1\n|-unboost|p1b: Sneasler|spd|1\n|faint|p2b: Incineroar\n|\n|-weather|Sandstorm|[upkeep]\n|-damage|p1b: Sneasler|71/100|[from] Sandstorm\n|upkeep\n|\n|t:|1776366204\n|switch|p2b: Tyranitar|Tyranitar, L50, M|100/100\n|turn|4\n|\n|t:|1776366213\n|move|p2b: Tyranitar|Protect|p2b: Tyranitar\n|-singleturn|p2b: Tyranitar|Protect\n|move|p1a: Scizor|Bullet Punch|p2a: Garchomp\n|-damage|p2a: Garchomp|20/100\n|-damage|p1a: Scizor|20/100|[from] ability: Rough Skin|[of] p2a: Garchomp\n|move|p1b: Sneasler|Close Combat|p2b: Tyranitar\n|-activate|p2b: Tyranitar|move: Protect\n|move|p2a: Garchomp|Earthquake|p1b: Sneasler|[spread] p1a,p1b\n|-activate|p2b: Tyranitar|move: Protect\n|-supereffective|p1b: Sneasler|1\n|-damage|p1a: Scizor|0 fnt\n|-damage|p1b: Sneasler|0 fnt\n|faint|p1a: Scizor\n|faint|p1b: Sneasler\n|\n|-weather|Sandstorm|[upkeep]\n|upkeep\n|\n|t:|1776366220\n|switch|p1b: Umbreon|Umbreon, L50, M|100/100\n|switch|p1a: Dragapult|Dragapult, L50, M|100/100\n|turn|5\n|inactive|Zhang21 has 30 seconds left.\n|\n|t:|1776366256\n|detailschange|p2b: Tyranitar|Tyranitar-Mega, L50, M\n|-mega|p2b: Tyranitar|Tyranitar|Tyranitarite\n|move|p2a: Garchomp|Protect|p2a: Garchomp\n|-singleturn|p2a: Garchomp|Protect\n|move|p1a: Dragapult|Phantom Force||[still]\n|-prepare|p1a: Dragapult|Phantom Force\n|move|p2b: Tyranitar|Knock Off|p1a: Dragapult|[miss]\n|-miss|p2b: Tyranitar|p1a: Dragapult\n|move|p1b: Umbreon|Yawn|p2b: Tyranitar\n|-start|p2b: Tyranitar|move: Yawn|[of] p1b: Umbreon\n|\n|-weather|none\n|upkeep\n|turn|6\n|\n|t:|1776366268\n|move|p1b: Umbreon|Detect|p1b: Umbreon\n|-singleturn|p1b: Umbreon|Protect\n|move|p1a: Dragapult|Phantom Force|p2a: Garchomp|[from] lockedmove\n|-damage|p2a: Garchomp|0 fnt\n|-damage|p1a: Dragapult|88/100|[from] ability: Rough Skin|[of] p2a: Garchomp\n|faint|p2a: Garchomp\n|move|p2b: Tyranitar|Knock Off|p1a: Dragapult\n|-supereffective|p1a: Dragapult|1\n|-damage|p1a: Dragapult|0 fnt\n|-enditem|p1a: Dragapult|Dragon Fang|[from] move: Knock Off|[of] p2b: Tyranitar\n|faint|p1a: Dragapult\n|\n|-end|p2b: Tyranitar|move: Yawn|[silent]\n|-status|p2b: Tyranitar|slp\n|upkeep\n|turn|7\n|\n|t:|1776366277\n|cant|p2b: Tyranitar|slp\n|move|p1b: Umbreon|Foul Play|p2b: Tyranitar\n|-resisted|p2b: Tyranitar|1\n|-damage|p2b: Tyranitar|82/100 slp\n|\n|upkeep\n|turn|8\n|\n|t:|1776366283\n|cant|p2b: Tyranitar|slp\n|move|p1b: Umbreon|Foul Play|p2b: Tyranitar\n|-resisted|p2b: Tyranitar|1\n|-damage|p2b: Tyranitar|64/100 slp\n|\n|upkeep\n|turn|9\n|\n|t:|1776366290\n|-curestatus|p2b: Tyranitar|slp|[msg]\n|move|p2b: Tyranitar|Knock Off|p1b: Umbreon\n|-resisted|p1b: Umbreon|1\n|-damage|p1b: Umbreon|81/100\n|-enditem|p1b: Umbreon|Leftovers|[from] move: Knock Off|[of] p2b: Tyranitar\n|move|p1b: Umbreon|Yawn|p2b: Tyranitar\n|-start|p2b: Tyranitar|move: Yawn|[of] p1b: Umbreon\n|\n|upkeep\n|turn|10\n|\n|t:|1776366297\n|move|p1b: Umbreon|Detect|p1b: Umbreon\n|-singleturn|p1b: Umbreon|Protect\n|move|p2b: Tyranitar|Rock Slide|p1b: Umbreon\n|-activate|p1b: Umbreon|move: Protect\n|\n|-end|p2b: Tyranitar|move: Yawn|[silent]\n|-status|p2b: Tyranitar|slp\n|upkeep\n|turn|11\n|\n|t:|1776366300\n|cant|p2b: Tyranitar|slp\n|move|p1b: Umbreon|Foul Play|p2b: Tyranitar\n|-resisted|p2b: Tyranitar|1\n|-damage|p2b: Tyranitar|45/100 slp\n|\n|upkeep\n|turn|12\n|\n|t:|1776366305\n|-curestatus|p2b: Tyranitar|slp|[msg]\n|move|p2b: Tyranitar|Rock Slide|p1b: Umbreon\n|-damage|p1b: Umbreon|49/100\n|move|p1b: Umbreon|Foul Play|p2b: Tyranitar\n|-resisted|p2b: Tyranitar|1\n|-damage|p2b: Tyranitar|28/100\n|\n|upkeep\n|turn|13\n|\n|t:|1776366316\n|move|p2b: Tyranitar|Protect|p2b: Tyranitar\n|-singleturn|p2b: Tyranitar|Protect\n|move|p1b: Umbreon|Yawn|p2b: Tyranitar\n|-activate|p2b: Tyranitar|move: Protect\n|\n|upkeep\n|turn|14\n|\n|t:|1776366323\n|move|p2b: Tyranitar|Rock Slide|p1b: Umbreon\n|-damage|p1b: Umbreon|20/100\n|move|p1b: Umbreon|Yawn|p2b: Tyranitar\n|-start|p2b: Tyranitar|move: Yawn|[of] p1b: Umbreon\n|\n|upkeep\n|turn|15\n|\n|t:|1776366335\n|move|p1b: Umbreon|Detect|p1b: Umbreon\n|-singleturn|p1b: Umbreon|Protect\n|move|p2b: Tyranitar|Rock Slide|p1b: Umbreon\n|-activate|p1b: Umbreon|move: Protect\n|\n|-end|p2b: Tyranitar|move: Yawn|[silent]\n|-status|p2b: Tyranitar|slp\n|upkeep\n|turn|16\n|\n|t:|1776366339\n|cant|p2b: Tyranitar|slp\n|move|p1b: Umbreon|Foul Play|p2b: Tyranitar\n|-resisted|p2b: Tyranitar|1\n|-crit|p2b: Tyranitar\n|-damage|p2b: Tyranitar|0 fnt\n|faint|p2b: Tyranitar\n|\n|win|tsmiffy\n|raw|tsmiffy's rating: 1281 &rarr; <strong>1304</strong><br />(+23 for winning)\n|raw|Zhang21's rating: 1256 &rarr; <strong>1233</strong><br />(-23 for losing)\n",
  "uploadtime": 1776366341,
  "views": 47,
  "formatid": "gen9championsvgc2026regma",
  "rating": 1233,
  "private": 0,
  "password": null
}