{
  "id": "gen9championsvgc2026regma-2584640876",
  "format": "[Gen 9 Champions] VGC 2026 Reg M-A",
  "players": [
    "battle sim trainer",
    "oijuhgvfcdxszfxgh"
  ],
  "log": "|j|\u2606battle sim trainer\n|j|\u2606oijuhgvfcdxszfxgh\n|t:|1776273876\n|gametype|doubles\n|player|p1|battle sim trainer|turo|1040\n|player|p2|oijuhgvfcdxszfxgh|169|1000\n|gen|9\n|tier|[Gen 9 Champions] VGC 2026 Reg M-A\n|rated|\n|rule|Species Clause: Limit one of each Pok\u00e9mon\n|rule|Item Clause: Limit 1 of each item\n|clearpoke\n|poke|p1|Farigiraf, L50, F|\n|poke|p1|Drampa, L50, M|\n|poke|p1|Sinistcha, L50|\n|poke|p1|Hatterene, L50, F|\n|poke|p1|Slowbro, L50, M|\n|poke|p1|Ninetales-Alola, L50, M|\n|poke|p2|Incineroar, L50, F|\n|poke|p2|Kommo-o, L50, F|\n|poke|p2|Skarmory, L50, M|\n|poke|p2|Glaceon, L50, M|\n|poke|p2|Palafin, L50, F|\n|poke|p2|Gardevoir, L50, M|\n|teampreview|4\n|inactive|Battle timer is ON: inactive players will automatically lose when time's up. (requested by oijuhgvfcdxszfxgh)\n|\n|t:|1776273925\n|teamsize|p1|4\n|teamsize|p2|4\n|start\n|switch|p1a: Farigiraf|Farigiraf, L50, F|100/100\n|switch|p1b: Slowbro|Slowbro, L50, M|100/100\n|switch|p2a: Incineroar|Incineroar, L50, F|100/100\n|switch|p2b: Skarmory|Skarmory, L50, M|100/100\n|-ability|p2a: Incineroar|Intimidate|boost\n|-unboost|p1a: Farigiraf|atk|1\n|-unboost|p1b: Slowbro|atk|1\n|turn|1\n|\n|t:|1776273942\n|switch|p1b: Drampa|Drampa, L50, M|100/100\n|move|p2b: Skarmory|Tailwind|p2b: Skarmory\n|-sidestart|p2: oijuhgvfcdxszfxgh|move: Tailwind\n|move|p2a: Incineroar|Throat Chop|p1a: Farigiraf\n|-supereffective|p1a: Farigiraf|1\n|-damage|p1a: Farigiraf|41/100\n|-start|p1a: Farigiraf|Throat Chop|[silent]\n|-enditem|p1a: Farigiraf|Sitrus Berry|[eat]\n|-heal|p1a: Farigiraf|66/100|[from] item: Sitrus Berry\n|move|p1a: Farigiraf|Trick Room|p1a: Farigiraf\n|-fieldstart|move: Trick Room|[of] p1a: Farigiraf\n|\n|upkeep\n|turn|2\n|\n|t:|1776273964\n|switch|p1a: Hatterene|Hatterene, L50, F|100/100\n|detailschange|p1b: Drampa|Drampa-Mega, L50, M\n|-mega|p1b: Drampa|Drampa|Drampanite\n|move|p1b: Drampa|Hyper Voice|p2a: Incineroar|[spread] p2a,p2b\n|-resisted|p2b: Skarmory|1\n|-damage|p2a: Incineroar|67/100\n|-damage|p2b: Skarmory|73/100\n|move|p2a: Incineroar|Throat Chop|p1a: Hatterene\n|-damage|p1a: Hatterene|68/100\n|-start|p1a: Hatterene|Throat Chop|[silent]\n|move|p2b: Skarmory|Brave Bird|p1a: Hatterene\n|-damage|p1a: Hatterene|19/100\n|-damage|p2b: Skarmory|55/100|[from] Recoil\n|\n|upkeep\n|turn|3\n|\n|t:|1776273986\n|move|p1a: Hatterene|Dazzling Gleam|p2b: Skarmory|[spread] p2a,p2b\n|-resisted|p2b: Skarmory|1\n|-damage|p2a: Incineroar|31/100\n|-damage|p2b: Skarmory|28/100\n|-enditem|p2a: Incineroar|Sitrus Berry|[eat]\n|-heal|p2a: Incineroar|56/100|[from] item: Sitrus Berry\n|move|p1b: Drampa|Earth Power|p2a: Incineroar\n|-supereffective|p2a: Incineroar|1\n|-damage|p2a: Incineroar|0 fnt\n|faint|p2a: Incineroar\n|move|p2b: Skarmory|Iron Head|p1a: Hatterene\n|-supereffective|p1a: Hatterene|1\n|-damage|p1a: Hatterene|0 fnt\n|faint|p1a: Hatterene\n|\n|upkeep\n|\n|t:|1776274001\n|switch|p1a: Slowbro|Slowbro, L50, M|100/100\n|switch|p2a: Gardevoir|Gardevoir, L50, M|100/100\n|-ability|p2a: Gardevoir|Berserk|Trace|[from] ability: Trace|[of] p1b: Drampa\n|turn|4\n|inactive|battle sim trainer has 30 seconds left.\n|\n|t:|1776274028\n|detailschange|p2a: Gardevoir|Gardevoir-Mega, L50, M\n|-mega|p2a: Gardevoir|Gardevoir|Gardevoirite\n|move|p2a: Gardevoir|Protect|p2a: Gardevoir\n|-singleturn|p2a: Gardevoir|Protect\n|move|p1a: Slowbro|Iron Defense|p1a: Slowbro\n|-boost|p1a: Slowbro|def|2\n|move|p1b: Drampa|Shadow Ball|p2a: Gardevoir\n|-activate|p2a: Gardevoir|move: Protect\n|move|p2b: Skarmory|Tailwind||[still]\n|-fail|p2b: Skarmory\n|\n|-sideend|p2: oijuhgvfcdxszfxgh|move: Tailwind\n|upkeep\n|turn|5\n|\n|t:|1776274044\n|move|p2a: Gardevoir|Protect||[still]\n|-fail|p2a: Gardevoir\n|move|p1b: Drampa|Shadow Ball|p2a: Gardevoir\n|-supereffective|p2a: Gardevoir|1\n|-damage|p2a: Gardevoir|35/100\n|move|p1a: Slowbro|Body Press|p2b: Skarmory\n|-damage|p2b: Skarmory|0 fnt\n|faint|p2b: Skarmory\n|\n|-fieldend|move: Trick Room\n|upkeep\n|\n|t:|1776274054\n|switch|p2b: Glaceon|Glaceon, L50, M|100/100\n|turn|6\n|\n|t:|1776274063\n|move|p1b: Drampa|Protect|p1b: Drampa\n|-singleturn|p1b: Drampa|Protect\n|move|p2a: Gardevoir|Hyper Voice|p1a: Slowbro|[spread] p1a\n|-activate|p1b: Drampa|move: Protect\n|-damage|p1a: Slowbro|56/100\n|move|p2b: Glaceon|Freeze-Dry|p1a: Slowbro\n|-supereffective|p1a: Slowbro|1\n|-damage|p1a: Slowbro|0 fnt\n|faint|p1a: Slowbro\n|\n|upkeep\n|\n|t:|1776274076\n|switch|p1a: Farigiraf|Farigiraf, L50, F|66/100\n|turn|7\n|\n|t:|1776274086\n|move|p2a: Gardevoir|Hyper Voice|p1b: Drampa|[spread] p1a,p1b\n|-supereffective|p1b: Drampa|1\n|-damage|p1a: Farigiraf|30/100\n|-damage|p1b: Drampa|19/100\n|-ability|p1b: Drampa|Berserk|boost\n|-boost|p1b: Drampa|spa|1\n|move|p2b: Glaceon|Freeze-Dry|p1a: Farigiraf\n|-damage|p1a: Farigiraf|3/100\n|move|p1b: Drampa|Hyper Voice|p2b: Glaceon|[spread] p2a,p2b\n|-damage|p2a: Gardevoir|0 fnt\n|-damage|p2b: Glaceon|46/100\n|faint|p2a: Gardevoir\n|move|p1a: Farigiraf|Trick Room|p1a: Farigiraf\n|-fieldstart|move: Trick Room|[of] p1a: Farigiraf\n|\n|-heal|p2b: Glaceon|52/100|[from] item: Leftovers\n|upkeep\n|turn|8\n|c|\u2606battle sim trainer|ggwp\n|\n|t:|1776274105\n|move|p1a: Farigiraf|Helping Hand|p1b: Drampa\n|-singleturn|p1b: Drampa|Helping Hand|[of] p1a: Farigiraf\n|move|p2b: Glaceon|Protect|p2b: Glaceon\n|-singleturn|p2b: Glaceon|Protect\n|move|p1b: Drampa|Hyper Voice|p2b: Glaceon\n|-activate|p2b: Glaceon|move: Protect\n|\n|-heal|p2b: Glaceon|58/100|[from] item: Leftovers\n|upkeep\n|turn|9\n|\n|t:|1776274115\n|move|p1a: Farigiraf|Helping Hand|p1b: Drampa\n|-singleturn|p1b: Drampa|Helping Hand|[of] p1a: Farigiraf\n|move|p1b: Drampa|Hyper Voice|p2b: Glaceon\n|-damage|p2b: Glaceon|0 fnt\n|faint|p2b: Glaceon\n|\n|win|battle sim trainer\n|raw|battle sim trainer's rating: 1040 &rarr; <strong>1070</strong><br />(+30 for winning)\n|raw|oijuhgvfcdxszfxgh's rating: 1000 &rarr; <strong>1000</strong><br />(+0 for losing)\n",
  "uploadtime": 1776274121,
  "views": 18,
  "formatid": "gen9championsvgc2026regma",
  "rating": 1000,
  "private": 0,
  "password": null
}