{
  "id": "gen9championsvgc2026regma-2580334681",
  "format": "[Gen 9 Champions] VGC 2026 Reg M-A",
  "players": [
    "Iron Boulder Fan",
    "estockelly"
  ],
  "log": "|j|\u2606Iron Boulder Fan\n|j|\u2606estockelly\n|t:|1775881825\n|gametype|doubles\n|player|p1|Iron Boulder Fan|morgan|1119\n|player|p2|estockelly|dawn|1133\n|gen|9\n|tier|[Gen 9 Champions] VGC 2026 Reg M-A\n|rated|\n|rule|Species Clause: Limit one of each Pok\u00e9mon\n|rule|Item Clause: Limit 1 of each item\n|clearpoke\n|poke|p1|Gengar, L50, M|\n|poke|p1|Whimsicott, L50, F|\n|poke|p1|Incineroar, L50, F|\n|poke|p1|Sinistcha, L50|\n|poke|p1|Sneasler, L50, M|\n|poke|p1|Ninetales-Alola, L50, F|\n|poke|p2|Kangaskhan, L50, F|\n|poke|p2|Palafin, L50, M|\n|poke|p2|Rotom-Wash, L50|\n|poke|p2|Hydreigon, L50, M|\n|poke|p2|Garchomp, L50, F|\n|poke|p2|Talonflame, L50, F|\n|teampreview|4\n|inactive|Battle timer is ON: inactive players will automatically lose when time's up. (requested by Iron Boulder Fan)\nIron Boulder Fan has agreed to open team sheets.\n|inactive|Iron Boulder Fan has 60 seconds left.\n|inactive|estockelly has 60 seconds left.\n|\n|t:|1775881857\n|teamsize|p1|4\n|teamsize|p2|4\n|start\n|switch|p1a: jonkler|Gengar, L50, M, shiny|100/100\n|switch|p1b: Lillie|Ninetales-Alola, L50, F, shiny|100/100\n|switch|p2a: Kangaskhan|Kangaskhan, L50, F|100/100\n|switch|p2b: Palafin|Palafin, L50, M|100/100\n|-weather|Snowscape|[from] ability: Snow Warning|[of] p1b: Lillie\n|turn|1\n|inactive|Iron Boulder Fan has 30 seconds left.\n|inactive|estockelly has 30 seconds left.\n|\n|t:|1775881892\n|detailschange|p2b: Palafin|Palafin-Hero, L50, M\n|switch|p2b: Hydreigon|Hydreigon, L50, M|100/100\n|detailschange|p1a: jonkler|Gengar-Mega, L50, M, shiny\n|-mega|p1a: jonkler|Gengar|Gengarite\n|move|p2a: Kangaskhan|Fake Out|p1a: jonkler\n|-damage|p1a: jonkler|73/100\n|move|p1b: Lillie|Icy Wind|p2a: Kangaskhan|[spread] p2a,p2b\n|-supereffective|p2b: Hydreigon|1\n|-damage|p2a: Kangaskhan|85/100\n|-damage|p2b: Hydreigon|65/100\n|-unboost|p2a: Kangaskhan|spe|1\n|-unboost|p2b: Hydreigon|spe|1\n|cant|p1a: jonkler|flinch\n|\n|-weather|Snowscape|[upkeep]\n|upkeep\n|turn|2\n|inactive|Iron Boulder Fan has 30 seconds left.\n|inactive|estockelly has 30 seconds left.\n|inactive|Iron Boulder Fan has 20 seconds left.\n|\n|t:|1775881936\n|switch|p1b: St. Nick|Incineroar, L50, F, shiny|100/100\n|-ability|p1b: St. Nick|Intimidate|boost\n|-fail|p2a: Kangaskhan|unboost|Attack|[from] ability: Scrappy|[of] p2a: Kangaskhan\n|-unboost|p2b: Hydreigon|atk|1\n|detailschange|p2a: Kangaskhan|Kangaskhan-Mega, L50, F\n|-mega|p2a: Kangaskhan|Kangaskhan|Kangaskhanite\n|move|p1a: jonkler|Sludge Bomb|p2b: Hydreigon\n|-damage|p2b: Hydreigon|2/100\n|move|p2b: Hydreigon|Snarl|p1a: jonkler|[spread] p1a,p1b\n|-supereffective|p1a: jonkler|1\n|-resisted|p1b: St. Nick|1\n|-damage|p1a: jonkler|9/100\n|-damage|p1b: St. Nick|91/100\n|-unboost|p1a: jonkler|spa|1\n|-unboost|p1b: St. Nick|spa|1\n|move|p2a: Kangaskhan|Double-Edge|p1b: St. Nick\n|-damage|p1b: St. Nick|33/100\n|-enditem|p1b: St. Nick|Sitrus Berry|[eat]\n|-heal|p1b: St. Nick|57/100|[from] item: Sitrus Berry\n|-damage|p1b: St. Nick|44/100\n|-hitcount|p1b: St. Nick|2\n|-damage|p2a: Kangaskhan|62/100|[from] Recoil\n|\n|-weather|Snowscape|[upkeep]\n|upkeep\n|turn|3\n|inactive|Iron Boulder Fan has 30 seconds left.\n|\n|t:|1775881964\n|move|p1b: St. Nick|Fake Out|p2a: Kangaskhan\n|-damage|p2a: Kangaskhan|51/100\n|cant|p2a: Kangaskhan|flinch\n|move|p1a: jonkler|Sludge Bomb|p2b: Hydreigon\n|-damage|p2b: Hydreigon|0 fnt\n|faint|p2b: Hydreigon\n|\n|-weather|Snowscape|[upkeep]\n|upkeep\n|\n|t:|1775881978\n|switch|p2b: Palafin|Palafin-Hero, L50, M|100/100\n|-activate|p2b: Palafin|ability: Zero to Hero\n|turn|4\n|\n|t:|1775881988\n|switch|p1b: labubu|Sinistcha, L50|100/100\n|-heal|p1a: jonkler|34/100|[from] ability: Hospitality|[of] p1b: labubu\n|move|p1a: jonkler|Protect|p1a: jonkler\n|-singleturn|p1a: jonkler|Protect\n|move|p2a: Kangaskhan|Sucker Punch||[still]\n|-fail|p2a: Kangaskhan\n|move|p2b: Palafin|Wave Crash|p1b: labubu\n|-resisted|p1b: labubu|1\n|-damage|p1b: labubu|62/100\n|-damage|p2b: Palafin|88/100|[from] Recoil\n|\n|-weather|Snowscape|[upkeep]\n|upkeep\n|turn|5\n|inactive|estockelly has 30 seconds left.\n|inactive|estockelly has 20 seconds left.\n|\n|t:|1775882023\n|switch|p1a: St. Nick|Incineroar, L50, F, shiny|44/100\n|-ability|p1a: St. Nick|Intimidate|boost\n|-unboost|p2a: Kangaskhan|atk|1\n|-unboost|p2b: Palafin|atk|1\n|move|p2a: Kangaskhan|Sucker Punch||[still]\n|-fail|p2a: Kangaskhan\n|move|p2b: Palafin|Ice Punch|p1b: labubu\n|-supereffective|p1b: labubu|1\n|-damage|p1b: labubu|28/100\n|move|p1b: labubu|Matcha Gotcha|p2b: Palafin|[spread] p2a,p2b\n|-supereffective|p2b: Palafin|1\n|-damage|p2a: Kangaskhan|28/100\n|-heal|p1b: labubu|42/100|[from] drain|[of] p2a: Kangaskhan\n|-damage|p2b: Palafin|31/100\n|-heal|p1b: labubu|70/100|[from] drain|[of] p2b: Palafin\n|\n|-weather|none\n|upkeep\n|turn|6\n|-message|estockelly forfeited.\n|\n|win|Iron Boulder Fan\n|raw|Iron Boulder Fan's rating: 1119 &rarr; <strong>1145</strong><br />(+26 for winning)\n|raw|estockelly's rating: 1133 &rarr; <strong>1107</strong><br />(-26 for losing)\n|l|\u2606estockelly\n|player|p2|\n",
  "uploadtime": 1775882047,
  "views": 25,
  "formatid": "gen9championsvgc2026regma",
  "rating": 1107,
  "private": 0,
  "password": null
}