{
  "id": "gen9championsvgc2026regma-2583869177",
  "format": "[Gen 9 Champions] VGC 2026 Reg M-A",
  "players": [
    "darthbear1976",
    "AurelioF321"
  ],
  "log": "|j|\u2606darthbear1976\n|j|\u2606AurelioF321\n|t:|1776204088\n|gametype|doubles\n|player|p1|darthbear1976|pokemonranger-gen4|1116\n|player|p2|AurelioF321|2|1086\n|gen|9\n|tier|[Gen 9 Champions] VGC 2026 Reg M-A\n|rated|\n|rule|Species Clause: Limit one of each Pok\u00e9mon\n|rule|Item Clause: Limit 1 of each item\n|clearpoke\n|poke|p1|Crabominable, L50, M|\n|poke|p1|Slowking, L50, M|\n|poke|p1|Araquanid, L50, M|\n|poke|p1|Aromatisse, L50, M|\n|poke|p1|Incineroar, L50, M|\n|poke|p1|Tsareena, L50, F|\n|poke|p2|Scizor, L50, F|\n|poke|p2|Pelipper, L50, F|\n|poke|p2|Sableye, L50, M|\n|poke|p2|Garchomp, L50, M|\n|poke|p2|Aerodactyl, L50, M|\n|poke|p2|Meowscarada, L50, F|\n|teampreview|4\n|inactive|Battle timer is ON: inactive players will automatically lose when time's up. (requested by darthbear1976)\n|inactive|AurelioF321 has 60 seconds left.\n|\n|t:|1776204133\n|teamsize|p1|4\n|teamsize|p2|4\n|start\n|switch|p1a: Slowking|Slowking, L50, M|100/100\n|switch|p1b: Incineroar|Incineroar, L50, M|100/100\n|switch|p2a: Sableye|Sableye, L50, M|100/100\n|switch|p2b: Scizor|Scizor, L50, F|100/100\n|-ability|p1b: Incineroar|Intimidate|boost\n|-unboost|p2a: Sableye|atk|1\n|-unboost|p2b: Scizor|atk|1\n|turn|1\n|inactive|darthbear1976 has 30 seconds left.\n|\n|t:|1776204162\n|switch|p2b: Garchomp|Garchomp, L50, M|100/100\n|switch|p1a: Araquanid|Araquanid, L50, M, shiny|100/100\n|move|p2a: Sableye|Protect|p2a: Sableye\n|-singleturn|p2a: Sableye|Protect\n|move|p1b: Incineroar|Flare Blitz|p2b: Garchomp\n|-resisted|p2b: Garchomp|1\n|-damage|p2b: Garchomp|75/100\n|-damage|p1b: Incineroar|88/100|[from] ability: Rough Skin|[of] p2b: Garchomp\n|-damage|p1b: Incineroar|80/100|[from] Recoil\n|\n|upkeep\n|turn|2\n|inactive|AurelioF321 has 30 seconds left.\n|\n|t:|1776204192\n|move|p1a: Araquanid|Wide Guard|p1a: Araquanid\n|-singleturn|p1a: Araquanid|Wide Guard\n|move|p2a: Sableye|Encore|p1b: Incineroar\n|-hint|Since gen 7, Dark is immune to Prankster moves.\n|-immune|p1b: Incineroar\n|move|p2b: Garchomp|Rock Slide|p1a: Araquanid|[spread] \n|-activate|p1a: Araquanid|move: Wide Guard\n|-activate|p1b: Incineroar|move: Wide Guard\n|move|p1b: Incineroar|Parting Shot|p2b: Garchomp\n|-unboost|p2b: Garchomp|atk|1\n|-unboost|p2b: Garchomp|spa|1\n|\n|t:|1776204203\n|switch|p1b: Slowking|Slowking, L50, M|100/100|[from] Parting Shot\n|\n|upkeep\n|turn|3\n|\n|t:|1776204221\n|switch|p2b: Scizor|Scizor, L50, F|100/100\n|move|p1a: Araquanid|Wide Guard|p1a: Araquanid\n|-singleturn|p1a: Araquanid|Wide Guard\n|move|p2a: Sableye|Disable|p1a: Araquanid\n|-start|p1a: Araquanid|Disable|Wide Guard\n|move|p1b: Slowking|Trick Room|p1b: Slowking\n|-fieldstart|move: Trick Room|[of] p1b: Slowking\n|\n|upkeep\n|turn|4\n|\n|t:|1776204239\n|detailschange|p2b: Scizor|Scizor-Mega, L50, F\n|-mega|p2b: Scizor|Scizor|Scizorite\n|move|p2a: Sableye|Encore|p1b: Slowking\n|-start|p1b: Slowking|Encore\n|move|p1a: Araquanid|Liquidation|p2a: Sableye\n|-damage|p2a: Sableye|0 fnt\n|faint|p2a: Sableye\n|move|p2b: Scizor|Swords Dance|p2b: Scizor\n|-boost|p2b: Scizor|atk|2\n|move|p1b: Slowking|Trick Room|p1b: Slowking\n|-fieldend|move: Trick Room\n|\n|upkeep\n|\n|t:|1776204259\n|switch|p2a: Pelipper|Pelipper, L50, F|100/100\n|-weather|RainDance|[from] ability: Drizzle|[of] p2a: Pelipper\n|turn|5\n|\n|t:|1776204276\n|switch|p1b: Incineroar|Incineroar, L50, M|80/100\n|-ability|p1b: Incineroar|Intimidate|boost\n|-unboost|p2a: Pelipper|atk|1\n|-unboost|p2b: Scizor|atk|1\n|move|p1a: Araquanid|Protect|p1a: Araquanid\n|-singleturn|p1a: Araquanid|Protect\n|move|p2b: Scizor|Swords Dance|p2b: Scizor\n|-boost|p2b: Scizor|atk|2\n|move|p2a: Pelipper|Hurricane|p1a: Araquanid\n|-activate|p1a: Araquanid|move: Protect\n|\n|-weather|RainDance|[upkeep]\n|upkeep\n|turn|6\n|\n|t:|1776204299\n|switch|p1a: Slowking|Slowking, L50, M|100/100\n|move|p2b: Scizor|Close Combat|p1b: Incineroar\n|-supereffective|p1b: Incineroar|1\n|-damage|p1b: Incineroar|0 fnt\n|-unboost|p2b: Scizor|def|1\n|-unboost|p2b: Scizor|spd|1\n|faint|p1b: Incineroar\n|move|p2a: Pelipper|Hurricane|p1a: Slowking\n|-damage|p1a: Slowking|62/100\n|\n|-weather|RainDance|[upkeep]\n|upkeep\n|\n|t:|1776204313\n|switch|p1b: Araquanid|Araquanid, L50, M, shiny|100/100\n|turn|7\n|\n|t:|1776204332\n|move|p2b: Scizor|Swords Dance|p2b: Scizor\n|-boost|p2b: Scizor|atk|2\n|move|p2a: Pelipper|Tailwind|p2a: Pelipper\n|-sidestart|p2: AurelioF321|move: Tailwind\n|move|p1b: Araquanid|Liquidation|p2b: Scizor\n|-damage|p2b: Scizor|0 fnt\n|faint|p2b: Scizor\n|move|p1a: Slowking|Trick Room|p1a: Slowking\n|-fieldstart|move: Trick Room|[of] p1a: Slowking\n|\n|-weather|RainDance|[upkeep]\n|upkeep\n|\n|t:|1776204344\n|switch|p2b: Garchomp|Garchomp, L50, M|75/100\n|turn|8\n|\n|t:|1776204356\n|-prepare|p1a: Slowking|Chilly Reception|[premajor]\n|move|p1a: Slowking|Chilly Reception|p1a: Slowking\n|-weather|Snowscape\n|\n|t:|1776204359\n|switch|p1a: Crabominable|Crabominable, L50, M, shiny|100/100|[from] Chilly Reception\n|move|p1b: Araquanid|Liquidation|p2b: Garchomp\n|-damage|p2b: Garchomp|0 fnt\n|-damage|p1b: Araquanid|88/100|[from] ability: Rough Skin|[of] p2b: Garchomp\n|faint|p2b: Garchomp\n|move|p2a: Pelipper|Hurricane|p1b: Araquanid\n|-supereffective|p1b: Araquanid|1\n|-damage|p1b: Araquanid|6/100\n|-start|p1b: Araquanid|confusion\n|\n|-weather|Snowscape|[upkeep]\n|upkeep\n|turn|9\n|\n|t:|1776204382\n|detailschange|p1a: Crabominable|Crabominable-Mega, L50, M, shiny\n|-mega|p1a: Crabominable|Crabominable|Crabominite\n|-activate|p1b: Araquanid|confusion\n|-damage|p1b: Araquanid|0 fnt|[from] confusion\n|faint|p1b: Araquanid\n|move|p1a: Crabominable|Ice Hammer|p2a: Pelipper\n|-damage|p2a: Pelipper|5/100\n|-unboost|p1a: Crabominable|spe|1\n|move|p2a: Pelipper|Hurricane|p1a: Crabominable\n|-supereffective|p1a: Crabominable|1\n|-damage|p1a: Crabominable|27/100\n|\n|-weather|Snowscape|[upkeep]\n|upkeep\n|\n|t:|1776204393\n|switch|p1b: Slowking|Slowking, L50, M|62/100\n|turn|10\n|\n|t:|1776204398\n|move|p2a: Pelipper|Protect|p2a: Pelipper\n|-singleturn|p2a: Pelipper|Protect\n|move|p1a: Crabominable|Mach Punch|p2a: Pelipper\n|-activate|p2a: Pelipper|move: Protect\n|move|p1b: Slowking|Scald|p2a: Pelipper\n|-activate|p2a: Pelipper|move: Protect\n|\n|-weather|Snowscape|[upkeep]\n|-sideend|p2: AurelioF321|move: Tailwind\n|upkeep\n|turn|11\n|\n|t:|1776204412\n|move|p1a: Crabominable|Mach Punch|p2a: Pelipper\n|-resisted|p2a: Pelipper|1\n|-damage|p2a: Pelipper|0 fnt\n|faint|p2a: Pelipper\n|\n|win|darthbear1976\n|raw|darthbear1976's rating: 1116 &rarr; <strong>1139</strong><br />(+23 for winning)\n|raw|AurelioF321's rating: 1086 &rarr; <strong>1065</strong><br />(-21 for losing)\n|l|\u2606AurelioF321\n|player|p2|\n",
  "uploadtime": 1776204428,
  "views": 16,
  "formatid": "gen9championsvgc2026regma",
  "rating": 1065,
  "private": 0,
  "password": null
}