{
  "id": "gen9championsvgc2026regma-2586285621",
  "format": "[Gen 9 Champions] VGC 2026 Reg M-A",
  "players": [
    "BANKAI_545",
    "CrosspoisonVGC"
  ],
  "log": "|j|\u2606BANKAI_545\n|j|\u2606CrosspoisonVGC\n|t:|1776421325\n|gametype|doubles\n|player|p1|BANKAI_545|n|1419\n|player|p2|CrosspoisonVGC|169|1352\n|gen|9\n|tier|[Gen 9 Champions] VGC 2026 Reg M-A\n|rated|\n|rule|Species Clause: Limit one of each Pok\u00e9mon\n|rule|Item Clause: Limit 1 of each item\n|clearpoke\n|poke|p1|Gengar, L50, M|\n|poke|p1|Incineroar, L50, M|\n|poke|p1|Sinistcha-Masterpiece, L50|\n|poke|p1|Kingambit, L50, M|\n|poke|p1|Tyranitar, L50, M|\n|poke|p1|Rotom-Heat, L50|\n|poke|p2|Torkoal, L50, F|\n|poke|p2|Whimsicott, L50, F|\n|poke|p2|Excadrill, L50, M|\n|poke|p2|Quaquaval, L50, F|\n|poke|p2|Delphox, L50, F|\n|poke|p2|Farigiraf, L50, F|\n|teampreview|4\n|inactive|Battle timer is ON: inactive players will automatically lose when time's up. (requested by BANKAI_545)\n|\n|t:|1776421343\n|teamsize|p1|4\n|teamsize|p2|4\n|start\n|switch|p1a: gengy|Gengar, L50, M, shiny|100/100\n|switch|p1b: macha bowl|Sinistcha-Masterpiece, L50, shiny|100/100\n|switch|p2a: Quaquaval|Quaquaval, L50, F|100/100\n|switch|p2b: FieryAffinity|Delphox, L50, F|100/100\n|turn|1\n|inactive|CrosspoisonVGC has 30 seconds left.\n|inactive|CrosspoisonVGC has 20 seconds left.\n|inactive|CrosspoisonVGC has 15 seconds left.\n|\n|t:|1776421384\n|switch|p2b: Farigiraf|Farigiraf, L50, F|100/100\n|detailschange|p1a: gengy|Gengar-Mega, L50, M, shiny\n|-mega|p1a: gengy|Gengar|Gengarite\n|move|p1b: macha bowl|Rage Powder|p1b: macha bowl\n|-singleturn|p1b: macha bowl|move: Rage Powder\n|move|p2a: Quaquaval|Flip Turn|p1b: macha bowl\n|-resisted|p1b: macha bowl|1\n|-damage|p1b: macha bowl|88/100\n|\n|t:|1776421396\n|switch|p2a: FieryAffinity|Delphox, L50, F|100/100|[from] Flip Turn\n|move|p1a: gengy|Shadow Ball|p2b: Farigiraf\n|-immune|p2b: Farigiraf\n|\n|upkeep\n|turn|2\n|\n|t:|1776421406\n|detailschange|p2a: FieryAffinity|Delphox-Mega, L50, F\n|-mega|p2a: FieryAffinity|Delphox|Delphoxite\n|move|p1b: macha bowl|Rage Powder|p1b: macha bowl\n|-singleturn|p1b: macha bowl|move: Rage Powder\n|move|p2a: FieryAffinity|Heat Wave|p1b: macha bowl|[spread] p1a,p1b\n|-supereffective|p1b: macha bowl|1\n|-damage|p1a: gengy|49/100\n|-damage|p1b: macha bowl|9/100\n|-enditem|p1b: macha bowl|Sitrus Berry|[eat]\n|-heal|p1b: macha bowl|34/100|[from] item: Sitrus Berry\n|move|p1a: gengy|Shadow Ball|p2a: FieryAffinity\n|-supereffective|p2a: FieryAffinity|1\n|-damage|p2a: FieryAffinity|11/100\n|-unboost|p2a: FieryAffinity|spd|1\n|move|p2b: Farigiraf|Psychic|p1b: macha bowl\n|-damage|p1b: macha bowl|0 fnt\n|faint|p1b: macha bowl\n|\n|upkeep\n|\n|t:|1776421417\n|switch|p1b: roar!|Incineroar, L50, M|100/100\n|-ability|p1b: roar!|Intimidate|boost\n|-unboost|p2a: FieryAffinity|atk|1\n|-unboost|p2b: Farigiraf|atk|1\n|turn|3\n|\n|t:|1776421437\n|move|p2a: FieryAffinity|Protect|p2a: FieryAffinity\n|-singleturn|p2a: FieryAffinity|Protect\n|move|p1a: gengy|Protect|p1a: gengy\n|-singleturn|p1a: gengy|Protect\n|move|p1b: roar!|Throat Chop|p2a: FieryAffinity\n|-activate|p2a: FieryAffinity|move: Protect\n|move|p2b: Farigiraf|Hyper Voice|p1b: roar!|[spread] p1b\n|-activate|p1a: gengy|move: Protect\n|-damage|p1b: roar!|80/100\n|\n|upkeep\n|turn|4\n|inactive|CrosspoisonVGC has 30 seconds left.\n|\n|t:|1776421464\n|switch|p1a: Rotom|Rotom-Heat, L50, shiny|100/100\n|move|p2a: FieryAffinity|Heat Wave|p1b: roar!|[spread] p1a,p1b\n|-resisted|p1a: Rotom|1\n|-resisted|p1b: roar!|1\n|-damage|p1a: Rotom|80/100\n|-damage|p1b: roar!|64/100\n|move|p1b: roar!|Throat Chop|p2a: FieryAffinity\n|-supereffective|p2a: FieryAffinity|1\n|-damage|p2a: FieryAffinity|0 fnt\n|faint|p2a: FieryAffinity\n|move|p2b: Farigiraf|Hyper Voice|p1b: roar!|[spread] p1a,p1b\n|-damage|p1a: Rotom|51/100\n|-damage|p1b: roar!|43/100\n|\n|-heal|p1a: Rotom|57/100|[from] item: Leftovers\n|upkeep\n|\n|t:|1776421474\n|switch|p2a: Quaquaval|Quaquaval, L50, F|100/100\n|turn|5\n|\n|t:|1776421494\n|move|p1b: roar!|Protect|p1b: roar!\n|-singleturn|p1b: roar!|Protect\n|move|p2a: Quaquaval|Wave Crash|p1a: Rotom\n|-supereffective|p1a: Rotom|1\n|-damage|p1a: Rotom|0 fnt\n|faint|p1a: Rotom\n|-ability|p2a: Quaquaval|Moxie|boost\n|-boost|p2a: Quaquaval|atk|1\n|-damage|p2a: Quaquaval|83/100|[from] Recoil\n|move|p2b: Farigiraf|Hyper Voice|p1b: roar!\n|-activate|p1b: roar!|move: Protect\n|\n|upkeep\n|\n|t:|1776421499\n|switch|p1a: gengy|Gengar-Mega, L50, M, shiny|49/100\n|turn|6\n|\n|t:|1776421506\n|move|p2a: Quaquaval|Wave Crash|p1a: gengy\n|-damage|p1a: gengy|0 fnt\n|faint|p1a: gengy\n|-ability|p2a: Quaquaval|Moxie|boost\n|-boost|p2a: Quaquaval|atk|1\n|-damage|p2a: Quaquaval|69/100|[from] Recoil\n|move|p2b: Farigiraf|Hyper Voice|p1b: roar!\n|-damage|p1b: roar!|14/100\n|move|p1b: roar!|Throat Chop|p2b: Farigiraf\n|-supereffective|p2b: Farigiraf|1\n|-damage|p2b: Farigiraf|51/100\n|-start|p2b: Farigiraf|Throat Chop|[silent]\n|\n|upkeep\n|turn|7\n|-message|BANKAI_545 forfeited.\n|\n|win|CrosspoisonVGC\n|raw|BANKAI_545's rating: 1419 &rarr; <strong>1395</strong><br />(-24 for losing)\n|raw|CrosspoisonVGC's rating: 1352 &rarr; <strong>1376</strong><br />(+24 for winning)\n|l|\u2606BANKAI_545\n|player|p1|\n",
  "uploadtime": 1776421643,
  "views": 50,
  "formatid": "gen9championsvgc2026regma",
  "rating": 1376,
  "private": 0,
  "password": null
}