{
  "id": "gen9championsvgc2026regma-2585697343",
  "format": "[Gen 9 Champions] VGC 2026 Reg M-A",
  "players": [
    "ajisainoyoru",
    "markneace"
  ],
  "log": "|j|\u2606ajisainoyoru\n|j|\u2606markneace\n|t:|1776364429\n|gametype|doubles\n|player|p1|ajisainoyoru|veteranf|1131\n|player|p2|markneace|101|1043\n|gen|9\n|tier|[Gen 9 Champions] VGC 2026 Reg M-A\n|rated|\n|rule|Species Clause: Limit one of each Pok\u00e9mon\n|rule|Item Clause: Limit 1 of each item\n|clearpoke\n|poke|p1|Froslass, L50, F|\n|poke|p1|Rotom-Frost, L50|\n|poke|p1|Aegislash, L50, F|\n|poke|p1|Floette-Eternal, L50, F|\n|poke|p1|Garchomp, L50, M|\n|poke|p1|Sneasler, L50, M|\n|poke|p2|Drampa, L50, F|\n|poke|p2|Sinistcha, L50|\n|poke|p2|Farigiraf, L50, M|\n|poke|p2|Torkoal, L50, M|\n|poke|p2|Primarina, L50, M|\n|poke|p2|Incineroar, L50, F|\n|teampreview|4\n|inactive|Battle timer is ON: inactive players will automatically lose when time's up. (requested by markneace)\n|\n|t:|1776364464\n|teamsize|p1|4\n|teamsize|p2|4\n|start\n|switch|p1a: Meowtom|Rotom-Frost, L50|100/100\n|switch|p1b: Meowchomp|Garchomp, L50, M|100/100\n|switch|p2a: Torkoal|Torkoal, L50, M|100/100\n|switch|p2b: Incineroar|Incineroar, L50, F|100/100\n|-ability|p2b: Incineroar|Intimidate|boost\n|-unboost|p1a: Meowtom|atk|1\n|-unboost|p1b: Meowchomp|atk|1\n|-weather|SunnyDay|[from] ability: Drought|[of] p2a: Torkoal\n|turn|1\n|\n|t:|1776364484\n|move|p1b: Meowchomp|Protect|p1b: Meowchomp\n|-singleturn|p1b: Meowchomp|Protect\n|move|p2b: Incineroar|Fake Out|p1b: Meowchomp\n|-activate|p1b: Meowchomp|move: Protect\n|move|p1a: Meowtom|Discharge|p2a: Torkoal|[spread] p2a,p2b\n|-activate|p1b: Meowchomp|move: Protect\n|-damage|p2a: Torkoal|63/100\n|-damage|p2b: Incineroar|72/100\n|move|p2a: Torkoal|Eruption|p1b: Meowchomp|[spread] \n|-activate|p1b: Meowchomp|move: Protect\n|-miss|p2a: Torkoal|p1a: Meowtom\n|\n|-weather|SunnyDay|[upkeep]\n|upkeep\n|turn|2\n|inactive|markneace has 30 seconds left.\n|c|\u2606markneace|no way thats bright powder\n|inactive|markneace has 20 seconds left.\n|\n|t:|1776364524\n|move|p1a: Meowtom|Helping Hand|p1b: Meowchomp\n|-singleturn|p1b: Meowchomp|Helping Hand|[of] p1a: Meowtom\n|move|p1b: Meowchomp|Earthquake|p2b: Incineroar|[spread] p2a,p2b\n|-immune|p1a: Meowtom|[from] ability: Levitate\n|-supereffective|p2a: Torkoal|1\n|-supereffective|p2b: Incineroar|1\n|-damage|p2a: Torkoal|1/100\n|-damage|p2b: Incineroar|21/100\n|-enditem|p2b: Incineroar|Sitrus Berry|[eat]\n|-heal|p2b: Incineroar|46/100|[from] item: Sitrus Berry\n|move|p2b: Incineroar|Parting Shot|p1b: Meowchomp\n|-unboost|p1b: Meowchomp|atk|1\n|-unboost|p1b: Meowchomp|spa|1\n|\n|t:|1776364537\n|switch|p2b: Farigiraf|Farigiraf, L50, M|100/100|[from] Parting Shot\n|move|p2a: Torkoal|Heat Wave|p1b: Meowchomp|[spread] p1a\n|-miss|p2a: Torkoal|p1b: Meowchomp\n|-supereffective|p1a: Meowtom|1\n|-damage|p1a: Meowtom|0 fnt\n|faint|p1a: Meowtom\n|\n|-weather|SunnyDay|[upkeep]\n|upkeep\n|c|\u2606ajisainoyoru|Yes way that's bright powder\n|inactive|ajisainoyoru has 30 seconds left.\n|\n|t:|1776364565\n|switch|p1a: Meowsler|Sneasler, L50, M|100/100\n|turn|3\n|-activate|p1b: Meowchomp|item: Quick Claw\n|\n|t:|1776364579\n|switch|p1a: Hydrogen bomb|Floette-Eternal, L50, F|100/100\n|move|p2a: Torkoal|Protect|p2a: Torkoal\n|-singleturn|p2a: Torkoal|Protect\n|move|p1b: Meowchomp|Rock Slide|p2a: Torkoal|[spread] p2b\n|-activate|p2a: Torkoal|move: Protect\n|-damage|p2b: Farigiraf|91/100\n|cant|p2b: Farigiraf|flinch\n|\n|-weather|SunnyDay|[upkeep]\n|upkeep\n|turn|4\n|inactive|markneace has 30 seconds left.\n|inactive|markneace has 20 seconds left.\n|\n|t:|1776364620\n|switch|p2a: Drampa|Drampa, L50, F|100/100\n|-ability|p2a: Drampa|Cloud Nine\n|detailschange|p1a: Hydrogen bomb|Floette-Mega, L50, F\n|-mega|p1a: Hydrogen bomb|Floette|Floettite\n|-ability|p1a: Hydrogen bomb|Fairy Aura\n|move|p1a: Hydrogen bomb|Protect|p1a: Hydrogen bomb\n|-singleturn|p1a: Hydrogen bomb|Protect\n|move|p1b: Meowchomp|Earthquake|p2a: Drampa|[spread] p2a,p2b\n|-activate|p1a: Hydrogen bomb|move: Protect\n|-crit|p2a: Drampa\n|-damage|p2a: Drampa|33/100\n|-damage|p2b: Farigiraf|71/100\n|move|p2b: Farigiraf|Trick Room|p2b: Farigiraf\n|-fieldstart|move: Trick Room|[of] p2b: Farigiraf\n|\n|-weather|SunnyDay|[upkeep]\n|upkeep\n|turn|5\n|inactive|markneace has 30 seconds left.\n|\n|t:|1776364646\n|detailschange|p2a: Drampa|Drampa-Mega, L50, F\n|-mega|p2a: Drampa|Drampa|Drampanite\n|move|p2a: Drampa|Hyper Voice|p1a: Hydrogen bomb|[spread] p1a,p1b\n|-damage|p1a: Hydrogen bomb|62/100\n|-damage|p1b: Meowchomp|48/100\n|move|p2b: Farigiraf|Hyper Voice|p1a: Hydrogen bomb|[spread] p1a,p1b\n|-damage|p1a: Hydrogen bomb|35/100\n|-damage|p1b: Meowchomp|7/100\n|move|p1a: Hydrogen bomb|Dazzling Gleam|p2b: Farigiraf|[spread] p2a,p2b\n|-supereffective|p2a: Drampa|1\n|-crit|p2a: Drampa\n|-damage|p2a: Drampa|0 fnt\n|-damage|p2b: Farigiraf|20/100\n|faint|p2a: Drampa\n|move|p1b: Meowchomp|Rock Slide|p2b: Farigiraf\n|-damage|p2b: Farigiraf|8/100\n|\n|-weather|none\n|upkeep\n|\n|t:|1776364665\n|switch|p2a: Torkoal|Torkoal, L50, M|1/100\n|-weather|SunnyDay|[from] ability: Drought|[of] p2a: Torkoal\n|turn|6\n|\n|t:|1776364683\n|move|p1a: Hydrogen bomb|Protect|p1a: Hydrogen bomb\n|-singleturn|p1a: Hydrogen bomb|Protect\n|move|p2a: Torkoal|Heat Wave|p1a: Hydrogen bomb|[spread] p1b\n|-activate|p1a: Hydrogen bomb|move: Protect\n|-resisted|p1b: Meowchomp|1\n|-damage|p1b: Meowchomp|0 fnt\n|faint|p1b: Meowchomp\n|move|p2b: Farigiraf|Twin Beam|p1a: Hydrogen bomb\n|-activate|p1a: Hydrogen bomb|move: Protect\n|\n|-weather|SunnyDay|[upkeep]\n|upkeep\n|\n|t:|1776364697\n|switch|p1b: Meowsler|Sneasler, L50, M|100/100\n|turn|7\n|\n|t:|1776364714\n|move|p2a: Torkoal|Protect|p2a: Torkoal\n|-singleturn|p2a: Torkoal|Protect\n|move|p1b: Meowsler|Protect|p1b: Meowsler\n|-singleturn|p1b: Meowsler|Protect\n|move|p2b: Farigiraf|Hyper Voice|p1b: Meowsler|[spread] p1a\n|-activate|p1b: Meowsler|move: Protect\n|-damage|p1a: Hydrogen bomb|5/100\n|move|p1a: Hydrogen bomb|Dazzling Gleam|p2a: Torkoal|[spread] p2b\n|-activate|p2a: Torkoal|move: Protect\n|-crit|p2b: Farigiraf\n|-damage|p2b: Farigiraf|0 fnt\n|faint|p2b: Farigiraf\n|\n|-weather|SunnyDay|[upkeep]\n|upkeep\n|\n|t:|1776364731\n|switch|p2b: Incineroar|Incineroar, L50, F|46/100\n|-ability|p2b: Incineroar|Intimidate|boost\n|-unboost|p1a: Hydrogen bomb|atk|1\n|-unboost|p1b: Meowsler|atk|1\n|-enditem|p1b: Meowsler|White Herb\n|-clearnegativeboost|p1b: Meowsler|[silent]\n|turn|8\n|\n|t:|1776364746\n|move|p1a: Hydrogen bomb|Protect|p1a: Hydrogen bomb\n|-singleturn|p1a: Hydrogen bomb|Protect\n|move|p2b: Incineroar|Fake Out|p1a: Hydrogen bomb\n|-activate|p1a: Hydrogen bomb|move: Protect\n|move|p2a: Torkoal|Eruption|p1a: Hydrogen bomb|[spread] p1b\n|-activate|p1a: Hydrogen bomb|move: Protect\n|-damage|p1b: Meowsler|99/100\n|move|p1b: Meowsler|Close Combat|p2b: Incineroar\n|-supereffective|p2b: Incineroar|1\n|-damage|p2b: Incineroar|0 fnt\n|-unboost|p1b: Meowsler|def|1\n|-unboost|p1b: Meowsler|spd|1\n|faint|p2b: Incineroar\n|\n|-weather|SunnyDay|[upkeep]\n|-fieldend|move: Trick Room\n|upkeep\n|turn|9\n|-message|markneace forfeited.\n|\n|win|ajisainoyoru\n|raw|ajisainoyoru's rating: 1131 &rarr; <strong>1150</strong><br />(+19 for winning)\n|raw|markneace's rating: 1043 &rarr; <strong>1031</strong><br />(-12 for losing)\n|l|\u2606markneace\n|player|p2|\n",
  "uploadtime": 1776364786,
  "views": 15,
  "formatid": "gen9championsvgc2026regma",
  "rating": 1031,
  "private": 0,
  "password": null
}