{
  "id": "gen9championsvgc2026regma-2585786696",
  "format": "[Gen 9 Champions] VGC 2026 Reg M-A",
  "players": [
    "champ2026",
    "jfkdjfks"
  ],
  "log": "|j|\u2606champ2026\n|j|\u2606jfkdjfks\n|t:|1776370568\n|gametype|doubles\n|player|p1|champ2026|169|1075\n|player|p2|jfkdjfks|101|1144\n|gen|9\n|tier|[Gen 9 Champions] VGC 2026 Reg M-A\n|rated|\n|rule|Species Clause: Limit one of each Pok\u00e9mon\n|rule|Item Clause: Limit 1 of each item\n|clearpoke\n|poke|p1|Floette-Eternal, L50, F|\n|poke|p1|Talonflame, L50, F|\n|poke|p1|Garchomp, L50, F|\n|poke|p1|Maushold-Four, L50|\n|poke|p1|Basculegion, L50, M|\n|poke|p1|Kingambit, L50, F|\n|poke|p2|Milotic, L50, F|\n|poke|p2|Incineroar, L50, F|\n|poke|p2|Sneasler, L50, M|\n|poke|p2|Sinistcha, L50|\n|poke|p2|Garchomp, L50, F|\n|poke|p2|Aerodactyl, L50, M|\n|teampreview|4\n|inactive|Battle timer is ON: inactive players will automatically lose when time's up. (requested by jfkdjfks)\n|\n|t:|1776370606\n|teamsize|p1|4\n|teamsize|p2|4\n|start\n|switch|p1a: Kingambit|Kingambit, L50, F|100/100\n|switch|p1b: Basculegion|Basculegion, L50, M|100/100\n|switch|p2a: Aerodactyl|Aerodactyl, L50, M|100/100\n|switch|p2b: Incineroar|Incineroar, L50, F|100/100\n|-ability|p2a: Aerodactyl|Unnerve\n|-ability|p2b: Incineroar|Intimidate|boost\n|-unboost|p1a: Kingambit|atk|1\n|-ability|p1a: Kingambit|Defiant|boost\n|-boost|p1a: Kingambit|atk|2\n|-unboost|p1b: Basculegion|atk|1\n|turn|1\n|inactive|champ2026 has 30 seconds left.\n|inactive|champ2026 has 20 seconds left.\n|inactive|champ2026 has 15 seconds left.\n|inactive|champ2026 has 10 seconds left.\n|inactive|champ2026 has 5 seconds left.\n|\n|t:|1776370657\n|move|p2a: Aerodactyl|Protect|p2a: Aerodactyl\n|-singleturn|p2a: Aerodactyl|Protect\n|move|p1a: Kingambit|Protect|p1a: Kingambit\n|-singleturn|p1a: Kingambit|Protect\n|move|p1b: Basculegion|Flip Turn|p2a: Aerodactyl\n|-activate|p2a: Aerodactyl|move: Protect\n|move|p2b: Incineroar|Throat Chop|p1b: Basculegion\n|-supereffective|p1b: Basculegion|1\n|-damage|p1b: Basculegion|19/100\n|-start|p1b: Basculegion|Throat Chop|[silent]\n|\n|upkeep\n|turn|2\n|inactive|champ2026 has 30 seconds left.\n|\n|t:|1776370683\n|detailschange|p2a: Aerodactyl|Aerodactyl-Mega, L50, M\n|-mega|p2a: Aerodactyl|Aerodactyl|Aerodactylite\n|move|p2a: Aerodactyl|Rock Slide|p1a: Kingambit|[spread] p1b\n|-miss|p2a: Aerodactyl|p1a: Kingambit\n|-crit|p1b: Basculegion\n|-damage|p1b: Basculegion|0 fnt\n|faint|p1b: Basculegion\n|move|p2b: Incineroar|Flare Blitz|p1a: Kingambit\n|-supereffective|p1a: Kingambit|1\n|-damage|p1a: Kingambit|32/100\n|-damage|p2b: Incineroar|78/100|[from] Recoil\n|move|p1a: Kingambit|Kowtow Cleave|p2a: Aerodactyl\n|-damage|p2a: Aerodactyl|7/100\n|\n|upkeep\n|\n|t:|1776370699\n|switch|p1b: Floette|Floette-Eternal, L50, F|100/100\n|turn|3\n|inactive|champ2026 has 30 seconds left.\n|\n|t:|1776370728\n|switch|p1a: Maushold|Maushold-Four, L50|100/100\n|detailschange|p1b: Floette|Floette-Mega, L50, F\n|-mega|p1b: Floette|Floette|Floettite\n|-ability|p1b: Floette|Fairy Aura\n|move|p2a: Aerodactyl|Tailwind|p2a: Aerodactyl\n|-sidestart|p2: jfkdjfks|move: Tailwind\n|move|p2b: Incineroar|Flare Blitz|p1a: Maushold\n|-damage|p1a: Maushold|42/100\n|-damage|p2b: Incineroar|60/100|[from] Recoil\n|move|p1b: Floette|Dazzling Gleam|p2b: Incineroar|[spread] p2a,p2b\n|-damage|p2a: Aerodactyl|0 fnt\n|-damage|p2b: Incineroar|14/100\n|faint|p2a: Aerodactyl\n|\n|upkeep\n|inactive|jfkdjfks has 30 seconds left.\n|\n|t:|1776370753\n|switch|p2a: Sneasler|Sneasler, L50, M|100/100\n|turn|4\n|\n|t:|1776370774\n|switch|p2a: Sinistcha|Sinistcha, L50|100/100\n|-heal|p2b: Incineroar|39/100|[from] ability: Hospitality|[of] p2a: Sinistcha\n|move|p1a: Maushold|Protect|p1a: Maushold\n|-singleturn|p1a: Maushold|Protect\n|move|p1b: Floette|Protect|p1b: Floette\n|-singleturn|p1b: Floette|Protect\n|move|p2b: Incineroar|Flare Blitz|p1a: Maushold\n|-activate|p1a: Maushold|move: Protect\n|\n|upkeep\n|turn|5\n|inactive|champ2026 has 30 seconds left.\n|\n|t:|1776370800\n|move|p2a: Sinistcha|Matcha Gotcha|p1a: Maushold|[spread] p1a\n|-miss|p2a: Sinistcha|p1b: Floette\n|-damage|p1a: Maushold|10/100\n|move|p1a: Maushold|Super Fang|p2a: Sinistcha\n|-immune|p2a: Sinistcha\n|move|p2b: Incineroar|Flare Blitz|p1b: Floette\n|-damage|p1b: Floette|55/100\n|-damage|p2b: Incineroar|28/100|[from] Recoil\n|move|p1b: Floette|Calm Mind|p1b: Floette\n|-boost|p1b: Floette|spa|1\n|-boost|p1b: Floette|spd|1\n|\n|upkeep\n|turn|6\n|inactive|champ2026 has 30 seconds left.\n|\n|t:|1776370825\n|move|p1a: Maushold|Protect|p1a: Maushold\n|-singleturn|p1a: Maushold|Protect\n|move|p1b: Floette|Protect|p1b: Floette\n|-singleturn|p1b: Floette|Protect\n|move|p2a: Sinistcha|Matcha Gotcha|p1a: Maushold|[spread] \n|-activate|p1a: Maushold|move: Protect\n|-activate|p1b: Floette|move: Protect\n|move|p2b: Incineroar|Flare Blitz|p1b: Floette\n|-activate|p1b: Floette|move: Protect\n|\n|-sideend|p2: jfkdjfks|move: Tailwind\n|upkeep\n|turn|7\n|inactive|champ2026 has 30 seconds left.\n|\n|t:|1776370859\n|switch|p1a: Kingambit|Kingambit, L50, F|32/100\n|move|p1b: Floette|Dazzling Gleam|p2a: Sinistcha|[spread] p2a,p2b\n|-damage|p2a: Sinistcha|22/100\n|-damage|p2b: Incineroar|0 fnt\n|-enditem|p2a: Sinistcha|Sitrus Berry|[eat]\n|-heal|p2a: Sinistcha|47/100|[from] item: Sitrus Berry\n|faint|p2b: Incineroar\n|move|p2a: Sinistcha|Matcha Gotcha|p1b: Floette|[spread] p1a,p1b\n|-resisted|p1a: Kingambit|1\n|-damage|p1a: Kingambit|20/100\n|-heal|p2a: Sinistcha|54/100|[from] drain|[of] p1a: Kingambit\n|-damage|p1b: Floette|42/100\n|-heal|p2a: Sinistcha|59/100|[from] drain|[of] p1b: Floette\n|\n|upkeep\n|\n|t:|1776370875\n|switch|p2b: Sneasler|Sneasler, L50, M|100/100\n|turn|8\n|inactive|champ2026 has 30 seconds left.\n|\n|t:|1776370909\n|move|p1b: Floette|Protect|p1b: Floette\n|-singleturn|p1b: Floette|Protect\n|move|p1a: Kingambit|Protect|p1a: Kingambit\n|-singleturn|p1a: Kingambit|Protect\n|move|p2b: Sneasler|Close Combat|p1a: Kingambit\n|-activate|p1a: Kingambit|move: Protect\n|move|p2a: Sinistcha|Life Dew||[still]|[spread] p2a,p2b\n|-heal|p2a: Sinistcha|85/100\n|-fail|p2b: Sneasler|heal\n|\n|upkeep\n|turn|9\n|inactive|champ2026 has 30 seconds left.\n|inactive|champ2026 has 20 seconds left.\n|inactive|champ2026 has 15 seconds left.\n|\n|t:|1776370952\n|move|p1a: Kingambit|Sucker Punch|p2a: Sinistcha\n|-supereffective|p2a: Sinistcha|1\n|-damage|p2a: Sinistcha|21/100\n|move|p2b: Sneasler|Dire Claw|p1b: Floette\n|-supereffective|p1b: Floette|1\n|-damage|p1b: Floette|0 fnt\n|faint|p1b: Floette\n|move|p2a: Sinistcha|Matcha Gotcha|p1a: Kingambit\n|-resisted|p1a: Kingambit|1\n|-damage|p1a: Kingambit|5/100\n|-heal|p2a: Sinistcha|29/100|[from] drain|[of] p1a: Kingambit\n|\n|upkeep\n|\n|t:|1776370963\n|switch|p1b: Maushold|Maushold-Four, L50|10/100\n|turn|10\n|inactive|champ2026 has 30 seconds left.\n|inactive|champ2026 has 20 seconds left.\n|inactive|champ2026 has 15 seconds left.\n|\n|t:|1776371004\n|move|p1b: Maushold|Follow Me|p1b: Maushold\n|-singleturn|p1b: Maushold|move: Follow Me\n|move|p2a: Sinistcha|Rage Powder|p2a: Sinistcha\n|-singleturn|p2a: Sinistcha|move: Rage Powder\n|move|p2b: Sneasler|Close Combat|p1b: Maushold\n|-supereffective|p1b: Maushold|1\n|-damage|p1b: Maushold|0 fnt\n|-unboost|p2b: Sneasler|def|1\n|-unboost|p2b: Sneasler|spd|1\n|faint|p1b: Maushold\n|-enditem|p2b: Sneasler|White Herb\n|-clearnegativeboost|p2b: Sneasler|[silent]\n|move|p1a: Kingambit|Kowtow Cleave|p2a: Sinistcha\n|-supereffective|p2a: Sinistcha|1\n|-damage|p2a: Sinistcha|0 fnt\n|faint|p2a: Sinistcha\n|\n|upkeep\n|turn|11\n|\n|t:|1776371025\n|move|p1a: Kingambit|Sucker Punch|p2b: Sneasler\n|-resisted|p2b: Sneasler|1\n|-damage|p2b: Sneasler|73/100\n|move|p2b: Sneasler|Close Combat|p1a: Kingambit\n|-supereffective|p1a: Kingambit|2\n|-enditem|p1a: Kingambit|Chople Berry|[eat]\n|-enditem|p1a: Kingambit|Chople Berry|[weaken]\n|-damage|p1a: Kingambit|0 fnt\n|-unboost|p2b: Sneasler|def|1\n|-unboost|p2b: Sneasler|spd|1\n|faint|p1a: Kingambit\n|\n|win|jfkdjfks\n|raw|champ2026's rating: 1075 &rarr; <strong>1058</strong><br />(-17 for losing)\n|raw|jfkdjfks's rating: 1144 &rarr; <strong>1164</strong><br />(+20 for winning)\n",
  "uploadtime": 1776371043,
  "views": 18,
  "formatid": "gen9championsvgc2026regma",
  "rating": 1058,
  "private": 0,
  "password": null
}