{
  "id": "gen9championsvgc2026regma-2583954522",
  "format": "[Gen 9 Champions] VGC 2026 Reg M-A",
  "players": [
    "Bman3111",
    "red_277353"
  ],
  "log": "|j|\u2606Bman3111\n|j|\u2606red_277353\n|t:|1776211450\n|gametype|doubles\n|player|p1|Bman3111|1|1280\n|player|p2|red_277353|2|1203\n|gen|9\n|tier|[Gen 9 Champions] VGC 2026 Reg M-A\n|rated|\n|rule|Species Clause: Limit one of each Pok\u00e9mon\n|rule|Item Clause: Limit 1 of each item\n|clearpoke\n|poke|p1|Incineroar, L50, M|\n|poke|p1|Basculegion, L50, M|\n|poke|p1|Sinistcha, L50|\n|poke|p1|Floette-Eternal, L50, F|\n|poke|p1|Sneasler, L50, F|\n|poke|p1|Tyranitar, L50, F|\n|poke|p2|Pelipper, L50, F|\n|poke|p2|Sableye, L50, M|\n|poke|p2|Kingambit, L50, M|\n|poke|p2|Meowscarada, L50, M|\n|poke|p2|Aggron, L50, F|\n|poke|p2|Milotic, L50, F|\n|teampreview|4\n|inactive|Battle timer is ON: inactive players will automatically lose when time's up. (requested by Bman3111)\nBman3111 has agreed to open team sheets.\n|c|\u2606red_277353|adapt scarf basc, im cooked\n|inactive|Bman3111 has 60 seconds left.\n|inactive|red_277353 has 60 seconds left.\n|\n|t:|1776211495\n|teamsize|p1|4\n|teamsize|p2|4\n|start\n|switch|p1a: Floette|Floette-Eternal, L50, F|100/100\n|switch|p1b: Sneasler|Sneasler, L50, F|100/100\n|switch|p2a: Twink Apocalypse|Meowscarada, L50, M|100/100\n|switch|p2b: Hidden Gem?!|Sableye, L50, M|100/100\n|turn|1\n|c|\u2606Bman3111|na its swift swim trust\n|\n|t:|1776211505\n|detailschange|p1a: Floette|Floette-Mega, L50, F\n|-mega|p1a: Floette|Floette|Floettite\n|-ability|p1a: Floette|Fairy Aura\n|move|p1b: Sneasler|Fake Out|p2a: Twink Apocalypse\n|-damage|p2a: Twink Apocalypse|74/100\n|move|p2b: Hidden Gem?!|Light Screen|p2b: Hidden Gem?!\n|-sidestart|p2: red_277353|move: Light Screen\n|cant|p2a: Twink Apocalypse|flinch\n|move|p1a: Floette|Calm Mind|p1a: Floette\n|-boost|p1a: Floette|spa|1\n|-boost|p1a: Floette|spd|1\n|\n|upkeep\n|turn|2\n|\n|t:|1776211523\n|switch|p1b: Sinistcha|Sinistcha, L50|100/100\n|move|p1a: Floette|Protect|p1a: Floette\n|-singleturn|p1a: Floette|Protect\n|move|p2b: Hidden Gem?!|Reflect|p2b: Hidden Gem?!\n|-sidestart|p2: red_277353|Reflect\n|move|p2a: Twink Apocalypse|Flower Trick|p1a: Floette\n|-start|p2a: Twink Apocalypse|typechange|Grass|[from] ability: Protean\n|-activate|p1a: Floette|move: Protect\n|\n|upkeep\n|turn|3\n|\n|t:|1776211535\n|move|p1b: Sinistcha|Rage Powder|p1b: Sinistcha\n|-singleturn|p1b: Sinistcha|move: Rage Powder\n|move|p2b: Hidden Gem?!|Taunt|p1b: Sinistcha\n|-start|p1b: Sinistcha|move: Taunt\n|move|p2a: Twink Apocalypse|Flower Trick|p1a: Floette\n|-crit|p1a: Floette\n|-damage|p1a: Floette|54/100\n|move|p1a: Floette|Dazzling Gleam|p2a: Twink Apocalypse|[spread] p2a,p2b\n|-supereffective|p2b: Hidden Gem?!|1\n|-damage|p2a: Twink Apocalypse|0 fnt\n|-damage|p2b: Hidden Gem?!|0 fnt\n|faint|p2a: Twink Apocalypse\n|faint|p2b: Hidden Gem?!\n|\n|upkeep\n|\n|t:|1776211539\n|switch|p2a: DA BIGGEST BIRD|Pelipper, L50, F|100/100\n|switch|p2b: THE WALL|Aggron, L50, F|100/100\n|-weather|RainDance|[from] ability: Drizzle|[of] p2a: DA BIGGEST BIRD\n|turn|4\n|\n|t:|1776211551\n|switch|p1b: Sneasler|Sneasler, L50, F|100/100\n|detailschange|p2b: THE WALL|Aggron-Mega, L50, F\n|-mega|p2b: THE WALL|Aggron|Aggronite\n|move|p1a: Floette|Protect|p1a: Floette\n|-singleturn|p1a: Floette|Protect\n|move|p2a: DA BIGGEST BIRD|Icy Wind|p1b: Sneasler|[spread] p1b\n|-activate|p1a: Floette|move: Protect\n|-damage|p1b: Sneasler|83/100\n|-unboost|p1b: Sneasler|spe|1\n|-enditem|p1b: Sneasler|White Herb\n|-clearnegativeboost|p1b: Sneasler|[silent]\n|move|p2b: THE WALL|Heavy Slam|p1a: Floette\n|-activate|p1a: Floette|move: Protect\n|\n|-weather|RainDance|[upkeep]\n|upkeep\n|turn|5\n|inactive|red_277353 has 30 seconds left.\n|\n|t:|1776211583\n|move|p2b: THE WALL|Protect|p2b: THE WALL\n|-singleturn|p2b: THE WALL|Protect\n|move|p1b: Sneasler|Fake Out|p2a: DA BIGGEST BIRD\n|-damage|p2a: DA BIGGEST BIRD|87/100\n|move|p1a: Floette|Moonblast|p2a: DA BIGGEST BIRD\n|-damage|p2a: DA BIGGEST BIRD|0 fnt\n|faint|p2a: DA BIGGEST BIRD\n|\n|-weather|RainDance|[upkeep]\n|-sideend|p2: red_277353|move: Light Screen\n|upkeep\n|turn|6\n|\n|t:|1776211595\n|switch|p1b: Sinistcha|Sinistcha, L50|100/100\n|-heal|p1a: Floette|79/100|[from] ability: Hospitality|[of] p1b: Sinistcha\n|move|p1a: Floette|Protect|p1a: Floette\n|-singleturn|p1a: Floette|Protect\n|move|p2b: THE WALL|Heavy Slam|p1a: Floette\n|-activate|p1a: Floette|move: Protect\n|\n|-weather|RainDance|[upkeep]\n|-sideend|p2: red_277353|Reflect\n|upkeep\n|turn|7\n|c|\u2606red_277353|da bird\n|\n|t:|1776211603\n|move|p1b: Sinistcha|Rage Powder|p1b: Sinistcha\n|-singleturn|p1b: Sinistcha|move: Rage Powder\n|move|p1a: Floette|Calm Mind|p1a: Floette\n|-boost|p1a: Floette|spa|1\n|-boost|p1a: Floette|spd|1\n|move|p2b: THE WALL|Heavy Slam|p1b: Sinistcha\n|-damage|p1b: Sinistcha|46/100\n|-enditem|p1b: Sinistcha|Sitrus Berry|[eat]\n|-heal|p1b: Sinistcha|71/100|[from] item: Sitrus Berry\n|\n|-weather|RainDance|[upkeep]\n|upkeep\n|turn|8\n|\n|t:|1776211608\n|move|p1b: Sinistcha|Rage Powder|p1b: Sinistcha\n|-singleturn|p1b: Sinistcha|move: Rage Powder\n|move|p1a: Floette|Calm Mind|p1a: Floette\n|-boost|p1a: Floette|spa|1\n|-boost|p1a: Floette|spd|1\n|move|p2b: THE WALL|Heavy Slam|p1b: Sinistcha\n|-damage|p1b: Sinistcha|11/100\n|\n|-weather|none\n|upkeep\n|turn|9\n|\n|t:|1776211619\n|move|p1b: Sinistcha|Rage Powder|p1b: Sinistcha\n|-singleturn|p1b: Sinistcha|move: Rage Powder\n|move|p1a: Floette|Calm Mind|p1a: Floette\n|-boost|p1a: Floette|spa|1\n|-boost|p1a: Floette|spd|1\n|move|p2b: THE WALL|Heavy Slam|p1b: Sinistcha\n|-damage|p1b: Sinistcha|0 fnt\n|faint|p1b: Sinistcha\n|\n|upkeep\n|\n|t:|1776211624\n|switch|p1b: Sneasler|Sneasler, L50, F|83/100\n|turn|10\n|\n|t:|1776211628\n|move|p1b: Sneasler|Fake Out|p2b: THE WALL\n|-resisted|p2b: THE WALL|1\n|-damage|p2b: THE WALL|97/100\n|move|p1a: Floette|Calm Mind|p1a: Floette\n|-boost|p1a: Floette|spa|1\n|-boost|p1a: Floette|spd|1\n|cant|p2b: THE WALL|flinch\n|\n|upkeep\n|turn|11\n|\n|t:|1776211635\n|move|p1b: Sneasler|Protect|p1b: Sneasler\n|-singleturn|p1b: Sneasler|Protect\n|move|p1a: Floette|Moonblast|p2b: THE WALL\n|-resisted|p2b: THE WALL|1\n|-damage|p2b: THE WALL|0 fnt\n|faint|p2b: THE WALL\n|\n|win|Bman3111\n|raw|Bman3111's rating: 1280 &rarr; <strong>1300</strong><br />(+20 for winning)\n|raw|red_277353's rating: 1203 &rarr; <strong>1183</strong><br />(-20 for losing)\n",
  "uploadtime": 1776211642,
  "views": 20,
  "formatid": "gen9championsvgc2026regma",
  "rating": 1183,
  "private": 0,
  "password": null
}