{
  "id": "gen9championsvgc2026regma-2589504949",
  "format": "[Gen 9 Champions] VGC 2026 Reg M-A",
  "players": [
    "Carniva1",
    "kakkoiiwwwwww"
  ],
  "log": "|j|\u2606Carniva1\n|j|\u2606kakkoiiwwwwww\n|t:|1776729036\n|gametype|doubles\n|player|p1|Carniva1|veteran|1334\n|player|p2|kakkoiiwwwwww|265|1415\n|gen|9\n|tier|[Gen 9 Champions] VGC 2026 Reg M-A\n|rated|\n|rule|Species Clause: Limit one of each Pok\u00e9mon\n|rule|Item Clause: Limit 1 of each item\n|clearpoke\n|poke|p1|Froslass, L50, F|\n|poke|p1|Typhlosion-Hisui, L50, M|\n|poke|p1|Whimsicott, L50, F|\n|poke|p1|Tsareena, L50, F|\n|poke|p1|Garchomp, L50, F|\n|poke|p1|Kingambit, L50, M|\n|poke|p2|Chandelure, L50, F|\n|poke|p2|Sneasler, L50, F|\n|poke|p2|Basculegion, L50, M|\n|poke|p2|Kingambit, L50, F|\n|poke|p2|Floette-Eternal, L50, F|\n|poke|p2|Dragonite, L50, F|\n|teampreview|4\n|inactive|Battle timer is ON: inactive players will automatically lose when time's up. (requested by Carniva1)\n|inactive|kakkoiiwwwwww has 60 seconds left.\n|\n|t:|1776729128\n|teamsize|p1|4\n|teamsize|p2|4\n|start\n|switch|p1a: Typhlosion|Typhlosion-Hisui, L50, M|100/100\n|switch|p1b: Whimsicott|Whimsicott, L50, F|100/100\n|switch|p2a: Sneasler|Sneasler, L50, F|100/100\n|switch|p2b: Floette|Floette-Eternal, L50, F|100/100\n|-item|p2a: Sneasler|White Herb|[from] ability: Frisk|[of] p1a: Typhlosion\n|-item|p2b: Floette|Floettite|[from] ability: Frisk|[of] p1a: Typhlosion\n|turn|1\n|inactive|Carniva1 has 30 seconds left.\n|inactive|kakkoiiwwwwww has 30 seconds left.\n|\n|t:|1776729160\n|detailschange|p2b: Floette|Floette-Mega, L50, F\n|-mega|p2b: Floette|Floette|Floettite\n|-ability|p2b: Floette|Fairy Aura\n|move|p2a: Sneasler|Fake Out|p1b: Whimsicott\n|-damage|p1b: Whimsicott|90/100\n|cant|p1b: Whimsicott|flinch\n|move|p1a: Typhlosion|Eruption|p2a: Sneasler|[spread] p2a,p2b\n|-damage|p2a: Sneasler|36/100\n|-damage|p2b: Floette|60/100\n|move|p2b: Floette|Calm Mind|p2b: Floette\n|-boost|p2b: Floette|spa|1\n|-boost|p2b: Floette|spd|1\n|\n|upkeep\n|turn|2\n|\n|t:|1776729181\n|move|p1b: Whimsicott|Encore|p2b: Floette\n|-start|p2b: Floette|Encore\n|move|p1a: Typhlosion|Eruption|p2a: Sneasler|[spread] p2a,p2b\n|-damage|p2a: Sneasler|0 fnt\n|-damage|p2b: Floette|35/100\n|faint|p2a: Sneasler\n|move|p2b: Floette|Calm Mind|p2b: Floette\n|-boost|p2b: Floette|spa|1\n|-boost|p2b: Floette|spd|1\n|\n|upkeep\n|\n|t:|1776729192\n|switch|p2a: Kingambit|Kingambit, L50, F|100/100\n|turn|3\n|\n|t:|1776729197\n|switch|p1b: Tsareena|Tsareena, L50, F|100/100\n|move|p2a: Kingambit|Sucker Punch||[still]\n|cant|p1b: Tsareena|ability: Queenly Majesty|Sucker Punch|[of] p2a: Kingambit\n|move|p1a: Typhlosion|Eruption|p2a: Kingambit|[spread] p2a,p2b\n|-supereffective|p2a: Kingambit|1\n|-damage|p2a: Kingambit|0 fnt\n|-damage|p2b: Floette|16/100\n|faint|p2a: Kingambit\n|move|p2b: Floette|Calm Mind|p2b: Floette\n|-boost|p2b: Floette|spa|1\n|-boost|p2b: Floette|spd|1\n|\n|upkeep\n|\n|t:|1776729210\n|switch|p2a: Basculegion|Basculegion, L50, M|100/100\n|turn|4\n|\n|t:|1776729220\n|switch|p1a: Whimsicott|Whimsicott, L50, F|90/100\n|move|p2a: Basculegion|Last Respects|p1a: Whimsicott\n|-damage|p1a: Whimsicott|4/100\n|move|p2b: Floette|Calm Mind|p2b: Floette\n|-boost|p2b: Floette|spa|1\n|-boost|p2b: Floette|spd|1\n|move|p1b: Tsareena|Trop Kick|p2b: Floette\n|-damage|p2b: Floette|0 fnt\n|faint|p2b: Floette\n|\n|upkeep\n|turn|5\n|\n|t:|1776729235\n|move|p1a: Whimsicott|Tailwind|p1a: Whimsicott\n|-sidestart|p1: Carniva1|move: Tailwind\n|move|p1b: Tsareena|Trop Kick|p2a: Basculegion\n|-supereffective|p2a: Basculegion|1\n|-enditem|p2a: Basculegion|Focus Sash\n|-damage|p2a: Basculegion|1/100\n|-unboost|p2a: Basculegion|atk|1\n|move|p2a: Basculegion|Last Respects|p1b: Tsareena\n|-damage|p1b: Tsareena|11/100\n|\n|upkeep\n|turn|6\n|l|\u2606kakkoiiwwwwww\n|inactive|kakkoiiwwwwww disconnected and has a minute to reconnect!\n|player|p2|\n|inactive|Carniva1 has 30 seconds left.\n|inactive|kakkoiiwwwwww has 30 seconds left.\n|inactive|kakkoiiwwwwww has 20 seconds left.\n|inactive|kakkoiiwwwwww has 15 seconds left.\n|inactive|kakkoiiwwwwww has 10 seconds left.\n|inactive|kakkoiiwwwwww has 5 seconds left.\n|-message|kakkoiiwwwwww lost due to inactivity.\n|\n|win|Carniva1\n|raw|Carniva1's rating: 1334 &rarr; <strong>1359</strong><br />(+25 for winning)\n|raw|kakkoiiwwwwww's rating: 1415 &rarr; <strong>1390</strong><br />(-25 for losing)\n",
  "uploadtime": 1776729300,
  "views": 9,
  "formatid": "gen9championsvgc2026regma",
  "rating": 1359,
  "private": 0,
  "password": null
}