{
  "id": "gen9championsvgc2026regma-2581487726",
  "format": "[Gen 9 Champions] VGC 2026 Reg M-A",
  "players": [
    "KonohanoYannis",
    "retrojp"
  ],
  "log": "|j|\u2606KonohanoYannis\n|j|\u2606retrojp\n|t:|1776005052\n|gametype|doubles\n|player|p1|KonohanoYannis|1|1000\n|player|p2|retrojp|170|1000\n|gen|9\n|tier|[Gen 9 Champions] VGC 2026 Reg M-A\n|rated|\n|rule|Species Clause: Limit one of each Pok\u00e9mon\n|rule|Item Clause: Limit 1 of each item\n|clearpoke\n|poke|p1|Drampa, L50, M|\n|poke|p1|Sinistcha, L50|\n|poke|p1|Hatterene, L50, F|\n|poke|p1|Incineroar, L50, F|\n|poke|p1|Aegislash, L50, F|\n|poke|p1|Vivillon-Modern, L50, M|\n|poke|p2|Tyranitar, L50, M|\n|poke|p2|Glimmora, L50, M|\n|poke|p2|Forretress, L50, M|\n|poke|p2|Milotic, L50, F|\n|poke|p2|Garganacl, L50, F|\n|poke|p2|Sinistcha-Masterpiece, L50|\n|teampreview|4\n|inactive|Battle timer is ON: inactive players will automatically lose when time's up. (requested by KonohanoYannis)\nKonohanoYannis has agreed to open team sheets.\n|inactive|retrojp has 60 seconds left.\n|\n|t:|1776005140\n|teamsize|p1|4\n|teamsize|p2|4\n|start\n|switch|p1a: Drampa|Drampa, L50, M|100/100\n|switch|p1b: Vivillon|Vivillon-Modern, L50, M|100/100\n|switch|p2a: Sinistcha|Sinistcha-Masterpiece, L50|100/100\n|switch|p2b: Glimmora|Glimmora, L50, M|100/100\n|turn|1\n|\n|t:|1776005159\n|move|p1b: Vivillon|Rage Powder|p1b: Vivillon\n|-singleturn|p1b: Vivillon|move: Rage Powder\n|move|p2b: Glimmora|Toxic|p1b: Vivillon\n|-status|p1b: Vivillon|tox\n|move|p1a: Drampa|Substitute|p1a: Drampa\n|-start|p1a: Drampa|Substitute\n|-damage|p1a: Drampa|76/100\n|move|p2a: Sinistcha|Trick Room|p2a: Sinistcha\n|-fieldstart|move: Trick Room|[of] p2a: Sinistcha\n|\n|-damage|p1b: Vivillon|95/100 tox|[from] psn\n|upkeep\n|turn|2\n|\n|t:|1776005177\n|switch|p2b: Tyranitar|Tyranitar, L50, M|100/100\n|-weather|Sandstorm|[from] ability: Sand Stream|[of] p2b: Tyranitar\n|move|p1a: Drampa|Heat Wave|p2a: Sinistcha|[spread] p2b\n|-miss|p1a: Drampa|p2a: Sinistcha\n|-resisted|p2b: Tyranitar|1\n|-damage|p2b: Tyranitar|94/100\n|move|p2a: Sinistcha|Hex|p1b: Vivillon\n|-damage|p1b: Vivillon|0 fnt\n|faint|p1b: Vivillon\n|\n|-weather|Sandstorm|[upkeep]\n|-damage|p1a: Drampa|70/100|[from] Sandstorm\n|-damage|p2a: Sinistcha|95/100|[from] Sandstorm\n|upkeep\n|\n|t:|1776005189\n|switch|p1b: Incineroar|Incineroar, L50, F|100/100\n|-ability|p1b: Incineroar|Intimidate|boost\n|-unboost|p2a: Sinistcha|atk|1\n|-unboost|p2b: Tyranitar|atk|1\n|turn|3\n|\n|t:|1776005206\n|switch|p2b: Glimmora|Glimmora, L50, M|100/100\n|detailschange|p1a: Drampa|Drampa-Mega, L50, M\n|-mega|p1a: Drampa|Drampa|Drampanite\n|move|p1b: Incineroar|Fake Out|p2b: Glimmora\n|-resisted|p2b: Glimmora|1\n|-damage|p2b: Glimmora|95/100\n|-activate|p2b: Glimmora|ability: Toxic Debris\n|-sidestart|p1: KonohanoYannis|move: Toxic Spikes\n|move|p1a: Drampa|Heat Wave|p2a: Sinistcha|[spread] p2a,p2b\n|-supereffective|p2a: Sinistcha|1\n|-resisted|p2b: Glimmora|1\n|-damage|p2a: Sinistcha|48/100\n|-damage|p2b: Glimmora|88/100\n|-status|p2b: Glimmora|brn\n|move|p2a: Sinistcha|Giga Drain|p1a: Drampa\n|-resisted|p1a: Drampa|1\n|-activate|p1a: Drampa|move: Substitute|[damage]\n|-heal|p2a: Sinistcha|55/100|[from] drain|[of] p1a: Drampa\n|\n|-weather|Sandstorm|[upkeep]\n|-damage|p1a: Drampa|64/100|[from] Sandstorm\n|-damage|p1b: Incineroar|95/100|[from] Sandstorm\n|-damage|p2a: Sinistcha|49/100|[from] Sandstorm\n|-damage|p2b: Glimmora|82/100 brn|[from] brn\n|upkeep\n|turn|4\n|inactive|KonohanoYannis has 30 seconds left.\n|inactive|retrojp has 30 seconds left.\n|inactive|retrojp has 20 seconds left.\n|\n|t:|1776005244\n|switch|p2a: Tyranitar|Tyranitar, L50, M|94/100\n|move|p1a: Drampa|Heat Wave|p2b: Glimmora|[spread] p2a,p2b\n|-resisted|p2a: Tyranitar|1\n|-resisted|p2b: Glimmora|1\n|-crit|p2b: Glimmora\n|-damage|p2a: Tyranitar|87/100\n|-damage|p2b: Glimmora|69/100 brn\n|-status|p2a: Tyranitar|brn\n|move|p1b: Incineroar|Parting Shot|p2b: Glimmora\n|-unboost|p2b: Glimmora|atk|1\n|-unboost|p2b: Glimmora|spa|1\n|\n|t:|1776005257\n|switch|p1b: Aegislash|Aegislash, L50, F|100/100|[from] Parting Shot\n|move|p2b: Glimmora|Toxic|p1b: Aegislash\n|-immune|p1b: Aegislash\n|\n|-weather|Sandstorm|[upkeep]\n|-damage|p1a: Drampa|58/100|[from] Sandstorm\n|-damage|p2a: Tyranitar|81/100 brn|[from] brn\n|-damage|p2b: Glimmora|63/100 brn|[from] brn\n|upkeep\n|turn|5\n|inactive|retrojp has 30 seconds left.\n|\n|t:|1776005282\n|switch|p2b: Milotic|Milotic, L50, F|100/100\n|detailschange|p2a: Tyranitar|Tyranitar-Mega, L50, M\n|-mega|p2a: Tyranitar|Tyranitar|Tyranitarite\n|move|p1a: Drampa|Hyper Voice|p2a: Tyranitar|[spread] p2a,p2b\n|-resisted|p2a: Tyranitar|1\n|-damage|p2a: Tyranitar|72/100 brn\n|-damage|p2b: Milotic|78/100\n|-formechange|p1b: Aegislash|Aegislash-Blade|\n|move|p1b: Aegislash|Iron Head|p2b: Milotic\n|-resisted|p2b: Milotic|1\n|-damage|p2b: Milotic|52/100\n|move|p2a: Tyranitar|Crunch|p1b: Aegislash\n|-supereffective|p1b: Aegislash|1\n|-damage|p1b: Aegislash|0 fnt\n|faint|p1b: Aegislash\n|\n|-weather|Sandstorm|[upkeep]\n|-damage|p1a: Drampa|52/100|[from] Sandstorm\n|-damage|p2b: Milotic|47/100|[from] Sandstorm\n|-heal|p2b: Milotic|52/100|[from] item: Leftovers\n|-damage|p2a: Tyranitar|66/100 brn|[from] brn\n|-fieldend|move: Trick Room\n|upkeep\n|\n|t:|1776005304\n|switch|p1b: Incineroar|Incineroar, L50, F|95/100\n|-status|p1b: Incineroar|psn\n|-ability|p1b: Incineroar|Intimidate|boost\n|-unboost|p2a: Tyranitar|atk|1\n|-unboost|p2b: Milotic|atk|1\n|-ability|p2b: Milotic|Competitive|boost\n|-boost|p2b: Milotic|spa|2\n|turn|6\n|\n|t:|1776005319\n|move|p2a: Tyranitar|Protect|p2a: Tyranitar\n|-singleturn|p2a: Tyranitar|Protect\n|move|p1b: Incineroar|Fake Out|p2b: Milotic\n|-damage|p2b: Milotic|41/100\n|cant|p2b: Milotic|flinch\n|move|p1a: Drampa|Hyper Voice|p2a: Tyranitar|[spread] p2b\n|-activate|p2a: Tyranitar|move: Protect\n|-damage|p2b: Milotic|16/100\n|\n|-weather|none\n|-heal|p2b: Milotic|22/100|[from] item: Leftovers\n|-damage|p1b: Incineroar|82/100 psn|[from] psn\n|-damage|p2a: Tyranitar|60/100 brn|[from] brn\n|upkeep\n|turn|7\n|\n|t:|1776005343\n|switch|p2a: Sinistcha|Sinistcha-Masterpiece, L50|49/100\n|-heal|p2b: Milotic|47/100|[from] ability: Hospitality|[of] p2a: Sinistcha\n|move|p2b: Milotic|Life Dew|p2b: Milotic|[spread] p2a,p2b\n|-heal|p2a: Sinistcha|75/100\n|-heal|p2b: Milotic|72/100\n|move|p1b: Incineroar|Flare Blitz|p2a: Sinistcha\n|-supereffective|p2a: Sinistcha|1\n|-damage|p2a: Sinistcha|0 fnt\n|faint|p2a: Sinistcha\n|-damage|p1b: Incineroar|61/100 psn|[from] Recoil\n|move|p1a: Drampa|Hyper Voice|p2b: Milotic\n|-damage|p2b: Milotic|41/100\n|\n|-heal|p2b: Milotic|47/100|[from] item: Leftovers\n|-damage|p1b: Incineroar|49/100 psn|[from] psn\n|upkeep\n|-enditem|p1b: Incineroar|Sitrus Berry|[eat]\n|-heal|p1b: Incineroar|73/100 psn|[from] item: Sitrus Berry\n|\n|t:|1776005365\n|switch|p2a: Tyranitar|Tyranitar-Mega, L50, M|60/100 brn\n|-weather|Sandstorm|[from] ability: Sand Stream|[of] p2a: Tyranitar\n|turn|8\n|\n|t:|1776005388\n|move|p2a: Tyranitar|Protect|p2a: Tyranitar\n|-singleturn|p2a: Tyranitar|Protect\n|move|p2b: Milotic|Life Dew|p2b: Milotic|[spread] p2a,p2b\n|-heal|p2a: Tyranitar|85/100 brn\n|-heal|p2b: Milotic|72/100\n|move|p1b: Incineroar|Flare Blitz|p2a: Tyranitar\n|-activate|p2a: Tyranitar|move: Protect\n|move|p1a: Drampa|Hyper Voice|p2b: Milotic|[spread] p2b\n|-activate|p2a: Tyranitar|move: Protect\n|-damage|p2b: Milotic|48/100\n|\n|-weather|Sandstorm|[upkeep]\n|-damage|p2b: Milotic|42/100|[from] Sandstorm\n|-damage|p1b: Incineroar|67/100 psn|[from] Sandstorm\n|-damage|p1a: Drampa|46/100|[from] Sandstorm\n|-heal|p2b: Milotic|48/100|[from] item: Leftovers\n|-damage|p1b: Incineroar|55/100 psn|[from] psn\n|-damage|p2a: Tyranitar|79/100 brn|[from] brn\n|upkeep\n|turn|9\n|-message|KonohanoYannis forfeited.\n|\n|win|retrojp\n|raw|KonohanoYannis's rating: 1000 &rarr; <strong>1000</strong><br />(+0 for losing)\n|raw|retrojp's rating: 1000 &rarr; <strong>1040</strong><br />(+40 for winning)\n|l|\u2606KonohanoYannis\n|player|p1|\n",
  "uploadtime": 1776005417,
  "views": 14,
  "formatid": "gen9championsvgc2026regma",
  "rating": 1000,
  "private": 0,
  "password": null
}