{
  "id": "gen9championsvgc2026regma-2580589934",
  "format": "[Gen 9 Champions] VGC 2026 Reg M-A",
  "players": [
    "Mence",
    "LancelotFaberge"
  ],
  "log": "|j|\u2606Mence\n|j|\u2606LancelotFaberge\n|t:|1775915922\n|gametype|doubles\n|player|p1|Mence|1|\n|player|p2|LancelotFaberge|265|\n|gen|9\n|tier|[Gen 9 Champions] VGC 2026 Reg M-A\n|rule|Species Clause: Limit one of each Pok\u00e9mon\n|rule|Item Clause: Limit 1 of each item\n|clearpoke\n|poke|p1|Incineroar, L50, M|\n|poke|p1|Sinistcha, L50|\n|poke|p1|Archaludon, L50, M|\n|poke|p1|Pelipper, L50, M|\n|poke|p1|Basculegion, L50, M|\n|poke|p1|Gardevoir, L50, F|\n|poke|p2|Froslass, L50, F|\n|poke|p2|Rotom-Wash, L50|\n|poke|p2|Sneasler, L50, M|\n|poke|p2|Arcanine-Hisui, L50, M|\n|poke|p2|Glaceon, L50, F|\n|poke|p2|Garchomp, L50, F|\n|teampreview|4\n|\n|t:|1775915970\n|teamsize|p1|4\n|teamsize|p2|4\n|start\n|switch|p1a: Pelipper|Pelipper, L50, M|100/100\n|switch|p1b: Thana Fly|Gardevoir, L50, F, shiny|100/100\n|switch|p2a: FEISTY|Froslass, L50, F, shiny|100/100\n|switch|p2b: Gwen|Glaceon, L50, F, shiny|100/100\n|-ability|p1b: Thana Fly|Cursed Body|Trace|[from] ability: Trace|[of] p2a: FEISTY\n|-weather|RainDance|[from] ability: Drizzle|[of] p1a: Pelipper\n|turn|1\n|\n|t:|1775916023\n|detailschange|p2a: FEISTY|Froslass-Mega, L50, F, shiny\n|-mega|p2a: FEISTY|Froslass|Froslassite\n|-weather|Snowscape|[from] ability: Snow Warning|[of] p2a: FEISTY\n|detailschange|p1b: Thana Fly|Gardevoir-Mega, L50, F, shiny\n|-mega|p1b: Thana Fly|Gardevoir|Gardevoirite\n|move|p1a: Pelipper|Wide Guard|p1a: Pelipper\n|-singleturn|p1a: Pelipper|Wide Guard\n|move|p2a: FEISTY|Aurora Veil|p2a: FEISTY\n|-sidestart|p2: LancelotFaberge|move: Aurora Veil\n|move|p1b: Thana Fly|Hyper Voice|p2b: Gwen|[spread] p2a,p2b\n|-damage|p2a: FEISTY|55/100\n|-damage|p2b: Gwen|64/100\n|move|p2b: Gwen|Freeze-Dry|p1a: Pelipper\n|-supereffective|p1a: Pelipper|2\n|-enditem|p1a: Pelipper|Focus Sash\n|-damage|p1a: Pelipper|1/100\n|\n|-weather|Snowscape|[upkeep]\n|upkeep\n|turn|2\n|\n|t:|1775916074\n|switch|p1a: Incineroar|Incineroar, L50, M, shiny|100/100\n|-ability|p1a: Incineroar|Intimidate|boost\n|-unboost|p2a: FEISTY|atk|1\n|-unboost|p2b: Gwen|atk|1\n|move|p2a: FEISTY|Protect|p2a: FEISTY\n|-singleturn|p2a: FEISTY|Protect\n|move|p1b: Thana Fly|Protect|p1b: Thana Fly\n|-singleturn|p1b: Thana Fly|Protect\n|move|p2b: Gwen|Blizzard|p1a: Incineroar|[spread] p1a\n|-activate|p1b: Thana Fly|move: Protect\n|-resisted|p1a: Incineroar|1\n|-damage|p1a: Incineroar|80/100\n|\n|-weather|Snowscape|[upkeep]\n|upkeep\n|turn|3\n|\n|t:|1775916213\n|move|p1a: Incineroar|Fake Out|p2b: Gwen\n|-damage|p2b: Gwen|59/100\n|move|p2a: FEISTY|Shadow Ball|p1b: Thana Fly\n|-supereffective|p1b: Thana Fly|1\n|-damage|p1b: Thana Fly|14/100\n|move|p1b: Thana Fly|Hyper Voice|p2a: FEISTY|[spread] p2a,p2b\n|-crit|p2b: Gwen\n|-damage|p2a: FEISTY|11/100\n|-damage|p2b: Gwen|0 fnt\n|faint|p2b: Gwen\n|\n|-weather|Snowscape|[upkeep]\n|upkeep\n|\n|t:|1775916302\n|switch|p2b: Blitzwolfer|Arcanine-Hisui, L50, M|100/100\n|-ability|p2b: Blitzwolfer|Intimidate|boost\n|-unboost|p1a: Incineroar|atk|1\n|-unboost|p1b: Thana Fly|atk|1\n|turn|4\n|\n|t:|1775916456\n|switch|p1a: Pelipper|Pelipper, L50, M|1/100\n|-weather|RainDance|[from] ability: Drizzle|[of] p1a: Pelipper\n|move|p2a: FEISTY|Protect|p2a: FEISTY\n|-singleturn|p2a: FEISTY|Protect\n|move|p1b: Thana Fly|Protect|p1b: Thana Fly\n|-singleturn|p1b: Thana Fly|Protect\n|move|p2b: Blitzwolfer|Rock Slide|p1b: Thana Fly|[spread] p1a\n|-activate|p1b: Thana Fly|move: Protect\n|-supereffective|p1a: Pelipper|1\n|-damage|p1a: Pelipper|0 fnt\n|faint|p1a: Pelipper\n|\n|-weather|RainDance|[upkeep]\n|upkeep\n|\n|t:|1775916471\n|switch|p1a: Basculegion|Basculegion, L50, M|100/100\n|turn|5\n|\n|t:|1775916509\n|move|p1b: Thana Fly|Protect||[still]\n|-fail|p1b: Thana Fly\n|move|p2b: Blitzwolfer|Extreme Speed|p1b: Thana Fly\n|-damage|p1b: Thana Fly|0 fnt\n|faint|p1b: Thana Fly\n|move|p1a: Basculegion|Aqua Jet|p2a: FEISTY\n|-damage|p2a: FEISTY|0 fnt\n|faint|p2a: FEISTY\n|\n|-weather|RainDance|[upkeep]\n|-sideend|p2: LancelotFaberge|move: Aurora Veil\n|upkeep\n|\n|t:|1775916550\n|switch|p2a: Skyler|Sneasler, L50, M|100/100\n|switch|p1b: Incineroar|Incineroar, L50, M, shiny|80/100\n|-ability|p1b: Incineroar|Intimidate|boost\n|-unboost|p2a: Skyler|atk|1\n|-unboost|p2b: Blitzwolfer|atk|1\n|turn|6\n|\n|t:|1775916606\n|move|p1b: Incineroar|Fake Out|p2a: Skyler\n|-damage|p2a: Skyler|82/100\n|move|p1a: Basculegion|Aqua Jet|p2b: Blitzwolfer\n|-supereffective|p2b: Blitzwolfer|2\n|-damage|p2b: Blitzwolfer|0 fnt\n|faint|p2b: Blitzwolfer\n|cant|p2a: Skyler|flinch\n|\n|-weather|RainDance|[upkeep]\n|upkeep\n|turn|7\n|\n|t:|1775916626\n|move|p1a: Basculegion|Aqua Jet|p2a: Skyler\n|-crit|p2a: Skyler\n|-damage|p2a: Skyler|0 fnt\n|faint|p2a: Skyler\n|\n|win|Mence\n",
  "uploadtime": 1775916632,
  "views": 8,
  "formatid": "gen9championsvgc2026regma",
  "rating": null,
  "private": 0,
  "password": null
}