{
  "id": "gen9championsvgc2026regma-2587399103",
  "format": "[Gen 9 Champions] VGC 2026 Reg M-A",
  "players": [
    "Warehouse User",
    "Turtle_King42"
  ],
  "log": "|j|\u2606Warehouse User\n|j|\u2606Turtle_King42\n|t:|1776528574\n|gametype|doubles\n|player|p1|Warehouse User|170|1120\n|player|p2|Turtle_King42|pokemaniac|1209\n|gen|9\n|tier|[Gen 9 Champions] VGC 2026 Reg M-A\n|rated|\n|rule|Species Clause: Limit one of each Pok\u00e9mon\n|rule|Item Clause: Limit 1 of each item\n|clearpoke\n|poke|p1|Aegislash, L50, M|\n|poke|p1|Maushold-Four, L50|\n|poke|p1|Azumarill, L50, F|\n|poke|p1|Whimsicott, L50, F|\n|poke|p1|Beedrill, L50, F|\n|poke|p1|Castform, L50, F|\n|poke|p2|Torkoal, L50, M|\n|poke|p2|Hatterene, L50, F|\n|poke|p2|Venusaur, L50, F|\n|poke|p2|Arcanine, L50, F|\n|poke|p2|Oranguru, L50, M, shiny|\n|poke|p2|Charizard, L50, M|\n|teampreview|4\n|inactive|Battle timer is ON: inactive players will automatically lose when time's up. (requested by Turtle_King42)\n|inactive|Turtle_King42 has 60 seconds left.\n|\n|t:|1776528613\n|teamsize|p1|4\n|teamsize|p2|4\n|start\n|switch|p1a: Azumarill|Azumarill, L50, F|100/100\n|switch|p1b: Maushold|Maushold-Four, L50|100/100\n|switch|p2a: Torkoal|Torkoal, L50, M|100/100\n|switch|p2b: Venusaur|Venusaur, L50, F|100/100\n|-weather|SunnyDay|[from] ability: Drought|[of] p2a: Torkoal\n|turn|1\n|\n|t:|1776528628\n|move|p1b: Maushold|Protect|p1b: Maushold\n|-singleturn|p1b: Maushold|Protect\n|move|p1a: Azumarill|Aqua Jet|p2a: Torkoal\n|-supereffective|p2a: Torkoal|1\n|-damage|p2a: Torkoal|80/100\n|move|p2b: Venusaur|Sludge Bomb|p1a: Azumarill\n|-supereffective|p1a: Azumarill|1\n|-damage|p1a: Azumarill|35/100\n|-enditem|p1a: Azumarill|Sitrus Berry|[eat]\n|-heal|p1a: Azumarill|60/100|[from] item: Sitrus Berry\n|move|p2a: Torkoal|Yawn|p1b: Maushold\n|-activate|p1b: Maushold|move: Protect\n|\n|-weather|SunnyDay|[upkeep]\n|upkeep\n|turn|2\n|\n|t:|1776528650\n|move|p1b: Maushold|Follow Me|p1b: Maushold\n|-singleturn|p1b: Maushold|move: Follow Me\n|move|p2b: Venusaur|Sludge Bomb|p1b: Maushold\n|-damage|p1b: Maushold|42/100\n|-status|p1b: Maushold|psn\n|move|p1a: Azumarill|Belly Drum|p1a: Azumarill\n|-damage|p1a: Azumarill|10/100\n|-setboost|p1a: Azumarill|atk|6|[from] move: Belly Drum\n|move|p2a: Torkoal|Yawn||[still]\n|-fail|p2a: Torkoal\n|\n|-weather|SunnyDay|[upkeep]\n|-damage|p1b: Maushold|30/100 psn|[from] psn\n|upkeep\n|turn|3\n|inactive|Turtle_King42 has 30 seconds left.\n|inactive|Turtle_King42 has 20 seconds left.\n|inactive|Turtle_King42 has 15 seconds left.\n|inactive|Turtle_King42 has 10 seconds left.\n|inactive|Turtle_King42 has 5 seconds left.\n|\n|t:|1776528700\n|move|p1b: Maushold|Follow Me|p1b: Maushold\n|-singleturn|p1b: Maushold|move: Follow Me\n|move|p2b: Venusaur|Sludge Bomb|p1b: Maushold\n|-damage|p1b: Maushold|0 fnt\n|faint|p1b: Maushold\n|move|p1a: Azumarill|Play Rough|p2b: Venusaur\n|-resisted|p2b: Venusaur|1\n|-damage|p2b: Venusaur|0 fnt\n|faint|p2b: Venusaur\n|move|p2a: Torkoal|Eruption|p1a: Azumarill\n|-resisted|p1a: Azumarill|1\n|-damage|p1a: Azumarill|0 fnt\n|faint|p1a: Azumarill\n|\n|-weather|SunnyDay|[upkeep]\n|upkeep\n|\n|t:|1776528717\n|switch|p1b: Whimsicott|Whimsicott, L50, F|100/100\n|switch|p2b: Arcanine|Arcanine, L50, F|100/100\n|switch|p1a: Aegislash|Aegislash, L50, M|100/100\n|-ability|p2b: Arcanine|Intimidate|boost\n|-unboost|p1a: Aegislash|atk|1\n|-unboost|p1b: Whimsicott|atk|1\n|turn|4\n|\n|t:|1776528732\n|move|p1b: Whimsicott|Moonblast|p2a: Torkoal\n|-resisted|p2a: Torkoal|1\n|-damage|p2a: Torkoal|52/100\n|move|p2b: Arcanine|Crunch|p1a: Aegislash\n|-supereffective|p1a: Aegislash|1\n|-damage|p1a: Aegislash|62/100\n|-unboost|p1a: Aegislash|def|1\n|move|p1a: Aegislash|Swords Dance|p1a: Aegislash\n|-boost|p1a: Aegislash|atk|2\n|move|p2a: Torkoal|Eruption|p1a: Aegislash|[spread] p1a,p1b\n|-supereffective|p1a: Aegislash|1\n|-supereffective|p1b: Whimsicott|1\n|-damage|p1a: Aegislash|0 fnt\n|-enditem|p1b: Whimsicott|Focus Sash\n|-damage|p1b: Whimsicott|1/100\n|faint|p1a: Aegislash\n|\n|-weather|SunnyDay|[upkeep]\n|upkeep\n|turn|5\n|inactive|Turtle_King42 has 30 seconds left.\n|\n|t:|1776528759\n|move|p2b: Arcanine|Extreme Speed|p1b: Whimsicott\n|-damage|p1b: Whimsicott|0 fnt\n|faint|p1b: Whimsicott\n|\n|win|Turtle_King42\n|raw|Warehouse User's rating: 1120 &rarr; <strong>1101</strong><br />(-19 for losing)\n|raw|Turtle_King42's rating: 1209 &rarr; <strong>1228</strong><br />(+19 for winning)\n|l|\u2606Turtle_King42\n|player|p2|\n",
  "uploadtime": 1776528770,
  "views": 18,
  "formatid": "gen9championsvgc2026regma",
  "rating": 1101,
  "private": 0,
  "password": null
}