{
  "id": "gen9championsvgc2026regma-2580699216",
  "format": "[Gen 9 Champions] VGC 2026 Reg M-A",
  "players": [
    "nextxenp",
    "charlypg"
  ],
  "log": "|j|\u2606nextxenp\n|j|\u2606charlypg\n|t:|1775925271\n|gametype|doubles\n|player|p1|nextxenp|skier|1091\n|player|p2|charlypg|102|1053\n|gen|9\n|tier|[Gen 9 Champions] VGC 2026 Reg M-A\n|rated|\n|rule|Species Clause: Limit one of each Pok\u00e9mon\n|rule|Item Clause: Limit 1 of each item\n|clearpoke\n|poke|p1|Gengar, L50, F|\n|poke|p1|Incineroar, L50, M|\n|poke|p1|Sinistcha, L50|\n|poke|p1|Kingambit, L50, F|\n|poke|p1|Tyranitar, L50, M|\n|poke|p1|Kommo-o, L50, F|\n|poke|p2|Mimikyu, L50, M|\n|poke|p2|Orthworm, L50, F|\n|poke|p2|Golurk, L50|\n|poke|p2|Sinistcha, L50|\n|poke|p2|Incineroar, L50, F|\n|poke|p2|Sneasler, L50, F|\n|teampreview|4\nnextxenp has agreed to open team sheets.\ncharlypg rejected open team sheets.\n|inactive|Battle timer is ON: inactive players will automatically lose when time's up. (requested by charlypg)\n|\n|t:|1775925311\n|teamsize|p1|4\n|teamsize|p2|4\n|start\n|switch|p1a: Gengar|Gengar, L50, F|100/100\n|switch|p1b: Incineroar|Incineroar, L50, M|100/100\n|switch|p2a: Mimikyu|Mimikyu, L50, M, shiny|100/100\n|switch|p2b: Golurk|Golurk, L50, shiny|100/100\n|-ability|p1b: Incineroar|Intimidate|boost\n|-unboost|p2a: Mimikyu|atk|1\n|-unboost|p2b: Golurk|atk|1\n|turn|1\n|inactive|nextxenp has 30 seconds left.\n|inactive|charlypg has 30 seconds left.\n|inactive|nextxenp has 20 seconds left.\n|inactive|nextxenp has 15 seconds left.\n|\n|t:|1775925351\n|detailschange|p1a: Gengar|Gengar-Mega, L50, F\n|-mega|p1a: Gengar|Gengar|Gengarite\n|move|p2b: Golurk|Protect|p2b: Golurk\n|-singleturn|p2b: Golurk|Protect\n|move|p1a: Gengar|Shadow Ball|p2b: Golurk\n|-activate|p2b: Golurk|move: Protect\n|move|p1b: Incineroar|Throat Chop|p2b: Golurk\n|-activate|p2b: Golurk|move: Protect\n|move|p2a: Mimikyu|Trick Room|p2a: Mimikyu\n|-fieldstart|move: Trick Room|[of] p2a: Mimikyu\n|\n|upkeep\n|turn|2\n|\n|t:|1775925374\n|detailschange|p2b: Golurk|Golurk-Mega, L50, shiny\n|-mega|p2b: Golurk|Golurk|Golurkite\n|move|p1a: Gengar|Protect|p1a: Gengar\n|-singleturn|p1a: Gengar|Protect\n|move|p2b: Golurk|Earthquake|p1b: Incineroar|[spread] p2a,p1b\n|-activate|p1a: Gengar|move: Protect\n|-supereffective|p1b: Incineroar|1\n|-enditem|p1b: Incineroar|Shuca Berry|[eat]\n|-enditem|p1b: Incineroar|Shuca Berry|[weaken]\n|-activate|p2a: Mimikyu|ability: Disguise\n|-damage|p2a: Mimikyu|100/100\n|-damage|p1b: Incineroar|70/100\n|detailschange|p2a: Mimikyu|Mimikyu-Busted, L50, M, shiny\n|-damage|p2a: Mimikyu|88/100|[from] pokemon: Mimikyu-Busted\n|move|p1b: Incineroar|Throat Chop|p2b: Golurk\n|-supereffective|p2b: Golurk|1\n|-damage|p2b: Golurk|48/100\n|-start|p2b: Golurk|Throat Chop|[silent]\n|move|p2a: Mimikyu|Shadow Claw|p1a: Gengar\n|-activate|p1a: Gengar|move: Protect\n|\n|upkeep\n|turn|3\n|inactive|nextxenp has 30 seconds left.\n|inactive|nextxenp has 20 seconds left.\n|\n|t:|1775925411\n|switch|p2b: Sneasler|Sneasler, L50, F|100/100\n|move|p1b: Incineroar|Throat Chop|p2b: Sneasler\n|-resisted|p2b: Sneasler|1\n|-crit|p2b: Sneasler\n|-damage|p2b: Sneasler|57/100\n|-start|p2b: Sneasler|Throat Chop|[silent]\n|move|p2a: Mimikyu|Shadow Claw|p1a: Gengar\n|-supereffective|p1a: Gengar|1\n|-damage|p1a: Gengar|54/100\n|move|p1a: Gengar|Substitute|p1a: Gengar\n|-start|p1a: Gengar|Substitute\n|-damage|p1a: Gengar|29/100\n|\n|upkeep\n|turn|4\n|inactive|nextxenp has 30 seconds left.\n|\n|t:|1775925441\n|switch|p1b: Sinistcha|Sinistcha, L50|100/100\n|-heal|p1a: Gengar|54/100|[from] ability: Hospitality|[of] p1b: Sinistcha\n|move|p2b: Sneasler|Fake Out|p1b: Sinistcha\n|-immune|p1b: Sinistcha\n|move|p2a: Mimikyu|Shadow Claw|p1a: Gengar\n|-supereffective|p1a: Gengar|1\n|-end|p1a: Gengar|Substitute\n|move|p1a: Gengar|Perish Song|p1a: Gengar\n|-start|p1a: Gengar|perish3|[silent]\n|-start|p1b: Sinistcha|perish3|[silent]\n|-start|p2a: Mimikyu|perish3|[silent]\n|-start|p2b: Sneasler|perish3|[silent]\n|-fieldactivate|move: Perish Song\n|\n|-end|p2b: Sneasler|Throat Chop|[silent]\n|-start|p1b: Sinistcha|perish3\n|-start|p2a: Mimikyu|perish3\n|-start|p1a: Gengar|perish3\n|-start|p2b: Sneasler|perish3\n|upkeep\n|turn|5\n|inactive|nextxenp has 30 seconds left.\n|inactive|charlypg has 30 seconds left.\n|\n|t:|1775925472\n|switch|p1b: Incineroar|Incineroar, L50, M|70/100\n|-ability|p1b: Incineroar|Intimidate|boost\n|-unboost|p2a: Mimikyu|atk|1\n|-unboost|p2b: Sneasler|atk|1\n|move|p1a: Gengar|Protect|p1a: Gengar\n|-singleturn|p1a: Gengar|Protect\n|move|p2a: Mimikyu|Shadow Claw|p1b: Incineroar\n|-resisted|p1b: Incineroar|1\n|-damage|p1b: Incineroar|64/100\n|move|p2b: Sneasler|Dire Claw|p1b: Incineroar\n|-damage|p1b: Incineroar|34/100\n|-status|p1b: Incineroar|slp\n|\n|-start|p2a: Mimikyu|perish2\n|-start|p1a: Gengar|perish2\n|-start|p2b: Sneasler|perish2\n|-fieldend|move: Trick Room\n|upkeep\n|turn|6\n|inactive|nextxenp has 30 seconds left.\n|\n|t:|1775925506\n|switch|p1b: Sinistcha|Sinistcha, L50|100/100\n|-heal|p1a: Gengar|78/100|[from] ability: Hospitality|[of] p1b: Sinistcha\n|move|p2a: Mimikyu|Protect|p2a: Mimikyu\n|-singleturn|p2a: Mimikyu|Protect\n|move|p2b: Sneasler|Brick Break|p1b: Sinistcha\n|-immune|p1b: Sinistcha\n|move|p1a: Gengar|Substitute|p1a: Gengar\n|-start|p1a: Gengar|Substitute\n|-damage|p1a: Gengar|54/100\n|\n|-start|p2b: Sneasler|perish1\n|-start|p1a: Gengar|perish1\n|-start|p2a: Mimikyu|perish1\n|upkeep\n|turn|7\n|inactive|nextxenp has 30 seconds left.\n|\n|t:|1775925540\n|switch|p1a: Incineroar|Incineroar, L50, M|34/100 slp\n|-ability|p1a: Incineroar|Intimidate|boost\n|-unboost|p2a: Mimikyu|atk|1\n|-unboost|p2b: Sneasler|atk|1\n|move|p1b: Sinistcha|Rage Powder|p1b: Sinistcha\n|-singleturn|p1b: Sinistcha|move: Rage Powder\n|move|p2b: Sneasler|Dire Claw|p1b: Sinistcha\n|-damage|p1b: Sinistcha|75/100\n|-status|p1b: Sinistcha|psn|[from] ability: Poison Touch|[of] p2b: Sneasler\n|move|p2a: Mimikyu|Trick Room|p2a: Mimikyu\n|-fieldstart|move: Trick Room|[of] p2a: Mimikyu\n|\n|-damage|p1b: Sinistcha|63/100 psn|[from] psn\n|-start|p2a: Mimikyu|perish0\n|-start|p2b: Sneasler|perish0\n|faint|p2a: Mimikyu\n|faint|p2b: Sneasler\n|upkeep\n|\n|t:|1775925552\n|switch|p2a: Sinistcha|Sinistcha, L50|100/100\n|switch|p2b: Golurk|Golurk-Mega, L50, shiny|48/100\n|-heal|p2b: Golurk|73/100|[from] ability: Hospitality|[of] p2a: Sinistcha\n|turn|8\n|\n|t:|1775925570\n|switch|p1a: Gengar|Gengar-Mega, L50, F|54/100\n|move|p2a: Sinistcha|Protect|p2a: Sinistcha\n|-singleturn|p2a: Sinistcha|Protect\n|move|p1b: Sinistcha|Rage Powder|p1b: Sinistcha\n|-singleturn|p1b: Sinistcha|move: Rage Powder\n|move|p2b: Golurk|Earthquake|p1b: Sinistcha|[spread] p1a,p1b\n|-activate|p2a: Sinistcha|move: Protect\n|-supereffective|p1a: Gengar|1\n|-resisted|p1b: Sinistcha|1\n|-damage|p1a: Gengar|0 fnt\n|-damage|p1b: Sinistcha|41/100 psn\n|-enditem|p1b: Sinistcha|Sitrus Berry|[eat]\n|-heal|p1b: Sinistcha|65/100 psn|[from] item: Sitrus Berry\n|faint|p1a: Gengar\n|\n|-damage|p1b: Sinistcha|53/100 psn|[from] psn\n|upkeep\n|\n|t:|1775925585\n|switch|p1a: Kommo-o|Kommo-o, L50, F|100/100\n|turn|9\n|inactive|nextxenp has 30 seconds left.\n|inactive|charlypg has 30 seconds left.\n|\n|t:|1775925612\n|move|p1a: Kommo-o|Protect|p1a: Kommo-o\n|-singleturn|p1a: Kommo-o|Protect\n|move|p2b: Golurk|Earthquake|p1b: Sinistcha|[spread] p2a,p1b\n|-activate|p1a: Kommo-o|move: Protect\n|-resisted|p2a: Sinistcha|1\n|-resisted|p1b: Sinistcha|1\n|-damage|p2a: Sinistcha|78/100\n|-damage|p1b: Sinistcha|30/100 psn\n|move|p2a: Sinistcha|Shadow Ball|p1b: Sinistcha\n|-supereffective|p1b: Sinistcha|1\n|-damage|p1b: Sinistcha|0 fnt\n|faint|p1b: Sinistcha\n|\n|upkeep\n|\n|t:|1775925623\n|switch|p1b: Incineroar|Incineroar, L50, M|34/100 slp\n|-ability|p1b: Incineroar|Intimidate|boost\n|-unboost|p2a: Sinistcha|atk|1\n|-unboost|p2b: Golurk|atk|1\n|turn|10\n|\n|t:|1775925633\n|move|p2b: Golurk|Poltergeist|p1a: Kommo-o\n|-activate|p1a: Kommo-o|move: Poltergeist|Leftovers\n|-crit|p1a: Kommo-o\n|-damage|p1a: Kommo-o|0 fnt\n|faint|p1a: Kommo-o\n|move|p2a: Sinistcha|Matcha Gotcha|p1b: Incineroar\n|-resisted|p1b: Incineroar|1\n|-damage|p1b: Incineroar|19/100 slp\n|-heal|p2a: Sinistcha|88/100|[from] drain|[of] p1b: Incineroar\n|cant|p1b: Incineroar|slp\n|\n|upkeep\n|turn|11\n|\n|t:|1775925653\n|move|p2b: Golurk|Earthquake|p1b: Incineroar|[spread] p2a,p1b\n|-resisted|p2a: Sinistcha|1\n|-supereffective|p1b: Incineroar|1\n|-damage|p2a: Sinistcha|74/100\n|-damage|p1b: Incineroar|0 fnt\n|faint|p1b: Incineroar\n|\n|win|charlypg\n|raw|nextxenp's rating: 1091 &rarr; <strong>1065</strong><br />(-26 for losing)\n|raw|charlypg's rating: 1053 &rarr; <strong>1089</strong><br />(+36 for winning)\n|l|\u2606charlypg\n|player|p2|\n",
  "uploadtime": 1775925679,
  "views": 25,
  "formatid": "gen9championsvgc2026regma",
  "rating": 1065,
  "private": 0,
  "password": null
}