{
  "id": "gen9championsvgc2026regma-2584953830",
  "format": "[Gen 9 Champions] VGC 2026 Reg M-A",
  "players": [
    "unknownscud",
    "Umbris Spectralis"
  ],
  "log": "|j|\u2606unknownscud\n|j|\u2606Umbris Spectralis\n|t:|1776297736\n|gametype|doubles\n|player|p1|unknownscud|1|1099\n|player|p2|Umbris Spectralis|170|1089\n|gen|9\n|tier|[Gen 9 Champions] VGC 2026 Reg M-A\n|rated|\n|rule|Species Clause: Limit one of each Pok\u00e9mon\n|rule|Item Clause: Limit 1 of each item\n|clearpoke\n|poke|p1|Froslass, L50, F|\n|poke|p1|Weavile, L50, F|\n|poke|p1|Milotic, L50, M|\n|poke|p1|Meganium, L50, F|\n|poke|p1|Aerodactyl, L50, F|\n|poke|p1|Garchomp, L50, M|\n|poke|p2|Sableye, L50, M|\n|poke|p2|Glimmora, L50, F|\n|poke|p2|Basculegion, L50, M|\n|poke|p2|Aegislash, L50, F|\n|poke|p2|Charizard, L50, F|\n|poke|p2|Archaludon, L50, M|\n|teampreview|4\n|inactive|Battle timer is ON: inactive players will automatically lose when time's up. (requested by Umbris Spectralis)\nUmbris Spectralis rejected open team sheets.\n|\n|t:|1776297779\n|teamsize|p1|4\n|teamsize|p2|4\n|start\n|switch|p1a: Aerodactyl|Aerodactyl, L50, F|100/100\n|switch|p1b: Garchomp|Garchomp, L50, M|100/100\n|switch|p2a: Sableye|Sableye, L50, M|100/100\n|switch|p2b: Archaludon|Archaludon, L50, M|100/100\n|-ability|p1a: Aerodactyl|Unnerve\n|turn|1\n|inactive|Umbris Spectralis has 30 seconds left.\n|\n|t:|1776297805\n|move|p1a: Aerodactyl|Protect|p1a: Aerodactyl\n|-singleturn|p1a: Aerodactyl|Protect\n|move|p2a: Sableye|Thunder Wave|p1a: Aerodactyl\n|-activate|p1a: Aerodactyl|move: Protect\n|move|p1b: Garchomp|Earthquake|p2b: Archaludon|[spread] p2a,p2b\n|-activate|p1a: Aerodactyl|move: Protect\n|-supereffective|p2b: Archaludon|1\n|-damage|p2a: Sableye|58/100\n|-damage|p2b: Archaludon|19/100\n|move|p2b: Archaludon|Draco Meteor|p1b: Garchomp\n|-supereffective|p1b: Garchomp|1\n|-damage|p1b: Garchomp|0 fnt\n|-unboost|p2b: Archaludon|spa|2\n|faint|p1b: Garchomp\n|\n|upkeep\n|\n|t:|1776297827\n|switch|p1b: Milotic|Milotic, L50, M|100/100\n|turn|2\n|inactive|unknownscud has 30 seconds left.\n|\n|t:|1776297855\n|move|p2a: Sableye|Rain Dance|p2a: Sableye\n|-weather|RainDance\n|move|p1a: Aerodactyl|Tailwind|p1a: Aerodactyl\n|-sidestart|p1: unknownscud|move: Tailwind\n|move|p1b: Milotic|Alluring Voice|p2b: Archaludon\n|-damage|p2b: Archaludon|0 fnt\n|faint|p2b: Archaludon\n|\n|-weather|RainDance|[upkeep]\n|upkeep\n|\n|t:|1776297862\n|switch|p2b: Basculegion|Basculegion, L50, M|100/100\n|turn|3\n|\n|t:|1776297882\n|switch|p1a: Weavile|Weavile, L50, F|100/100\n|-ability|p1a: Weavile|Pressure\n|move|p2a: Sableye|Thunder Wave|p1a: Weavile\n|-hint|Since gen 7, Dark is immune to Prankster moves.\n|-immune|p1a: Weavile\n|move|p2b: Basculegion|Wave Crash|p1a: Weavile\n|-enditem|p1a: Weavile|Focus Sash\n|-damage|p1a: Weavile|1/100\n|-damage|p2b: Basculegion|76/100|[from] Recoil\n|move|p1b: Milotic|Alluring Voice|p2a: Sableye\n|-supereffective|p2a: Sableye|1\n|-damage|p2a: Sableye|0 fnt\n|faint|p2a: Sableye\n|\n|-weather|RainDance|[upkeep]\n|upkeep\n|\n|t:|1776297896\n|switch|p2a: Glimmora|Glimmora, L50, F|100/100\n|turn|4\n|\n|t:|1776297907\n|move|p2a: Glimmora|Spiky Shield|p2a: Glimmora\n|-singleturn|p2a: Glimmora|move: Protect\n|move|p2b: Basculegion|Aqua Jet|p1a: Weavile\n|-damage|p1a: Weavile|0 fnt\n|faint|p1a: Weavile\n|move|p1b: Milotic|Scald|p2a: Glimmora\n|-activate|p2a: Glimmora|move: Protect\n|\n|-weather|RainDance|[upkeep]\n|upkeep\n|\n|t:|1776297911\n|switch|p1a: Aerodactyl|Aerodactyl, L50, F|100/100\n|-ability|p1a: Aerodactyl|Unnerve\n|turn|5\n|inactive|Umbris Spectralis has 30 seconds left.\n|\n|t:|1776297940\n|detailschange|p2a: Glimmora|Glimmora-Mega, L50, F\n|-mega|p2a: Glimmora|Glimmora|Glimmoranite\n|move|p1a: Aerodactyl|Protect|p1a: Aerodactyl\n|-singleturn|p1a: Aerodactyl|Protect\n|move|p2a: Glimmora|Spiky Shield|p2a: Glimmora\n|-singleturn|p2a: Glimmora|move: Protect\n|move|p2b: Basculegion|Wave Crash|p1a: Aerodactyl\n|-activate|p1a: Aerodactyl|move: Protect\n|move|p1b: Milotic|Scald|p2a: Glimmora\n|-activate|p2a: Glimmora|move: Protect\n|\n|-weather|RainDance|[upkeep]\n|-sideend|p1: unknownscud|move: Tailwind\n|upkeep\n|turn|6\n|inactive|unknownscud has 30 seconds left.\n|inactive|Umbris Spectralis has 30 seconds left.\n|\n|t:|1776297970\n|move|p2b: Basculegion|Wave Crash|p1a: Aerodactyl\n|-supereffective|p1a: Aerodactyl|1\n|-damage|p1a: Aerodactyl|0 fnt\n|faint|p1a: Aerodactyl\n|-damage|p2b: Basculegion|49/100|[from] Recoil\n|move|p2a: Glimmora|Power Gem|p1b: Milotic\n|-damage|p1b: Milotic|57/100\n|move|p1b: Milotic|Alluring Voice|p2b: Basculegion\n|-damage|p2b: Basculegion|21/100\n|\n|-weather|none\n|-heal|p1b: Milotic|63/100|[from] item: Leftovers\n|upkeep\n|turn|7\n|\n|t:|1776297984\n|move|p2a: Glimmora|Power Gem|p1b: Milotic\n|-damage|p1b: Milotic|23/100\n|move|p2b: Basculegion|Last Respects|p1b: Milotic\n|-damage|p1b: Milotic|0 fnt\n|faint|p1b: Milotic\n|\n|win|Umbris Spectralis\n|raw|unknownscud's rating: 1099 &rarr; <strong>1073</strong><br />(-26 for losing)\n|raw|Umbris Spectralis's rating: 1089 &rarr; <strong>1116</strong><br />(+27 for winning)\n",
  "uploadtime": 1776297989,
  "views": 25,
  "formatid": "gen9championsvgc2026regma",
  "rating": 1073,
  "private": 0,
  "password": null
}