{
  "id": "gen9championsvgc2026regma-2581129638",
  "format": "[Gen 9 Champions] VGC 2026 Reg M-A",
  "players": [
    "flyingmantis",
    "daedae007"
  ],
  "log": "|j|\u2606flyingmantis\n|j|\u2606daedae007\n|t:|1775962721\n|gametype|doubles\n|player|p1|flyingmantis|harlequin|1087\n|player|p2|daedae007|265|1182\n|gen|9\n|tier|[Gen 9 Champions] VGC 2026 Reg M-A\n|rated|\n|rule|Species Clause: Limit one of each Pok\u00e9mon\n|rule|Item Clause: Limit 1 of each item\n|clearpoke\n|poke|p1|Tyranitar, L50, M|\n|poke|p1|Rotom-Wash, L50|\n|poke|p1|Corviknight, L50, F|\n|poke|p1|Excadrill, L50, M|\n|poke|p1|Arcanine-Hisui, L50, F|\n|poke|p1|Meganium, L50, M|\n|poke|p2|Greninja-*, L50, F|\n|poke|p2|Kingambit, L50, M|\n|poke|p2|Kommo-o, L50, F|\n|poke|p2|Sinistcha-Masterpiece, L50|\n|poke|p2|Incineroar, L50, M|\n|poke|p2|Aerodactyl, L50, M|\n|teampreview|4\nflyingmantis rejected open team sheets.\n|inactive|Battle timer is ON: inactive players will automatically lose when time's up. (requested by daedae007)\n|\n|t:|1775962760\n|teamsize|p1|4\n|teamsize|p2|4\n|start\n|switch|p1a: Rotom|Rotom-Wash, L50|100/100\n|switch|p1b: Corviknight|Corviknight, L50, F|100/100\n|switch|p2a: Kommo-o|Kommo-o, L50, F|100/100\n|switch|p2b: Sinistcha|Sinistcha-Masterpiece, L50|100/100\n|turn|1\n|\n|t:|1775962769\n|move|p2b: Sinistcha|Rage Powder|p2b: Sinistcha\n|-singleturn|p2b: Sinistcha|move: Rage Powder\n|move|p1a: Rotom|Trick|p2b: Sinistcha\n|-activate|p1a: Rotom|move: Trick|[of] p2b: Sinistcha\n|-item|p2b: Sinistcha|Choice Scarf|[from] move: Trick\n|-item|p1a: Rotom|Sitrus Berry|[from] move: Trick\n|move|p2a: Kommo-o|Clangorous Soul|p2a: Kommo-o\n|-boost|p2a: Kommo-o|atk|1\n|-boost|p2a: Kommo-o|def|1\n|-boost|p2a: Kommo-o|spa|1\n|-boost|p2a: Kommo-o|spd|1\n|-boost|p2a: Kommo-o|spe|1\n|-damage|p2a: Kommo-o|68/100\n|move|p1b: Corviknight|Tailwind|p1b: Corviknight\n|-sidestart|p1: flyingmantis|move: Tailwind\n|\n|-heal|p2a: Kommo-o|74/100|[from] item: Leftovers\n|upkeep\n|turn|2\n|\n|t:|1775962785\n|move|p2b: Sinistcha|Rage Powder|p2b: Sinistcha\n|-singleturn|p2b: Sinistcha|move: Rage Powder\n|move|p1a: Rotom|Will-O-Wisp|p2b: Sinistcha\n|-status|p2b: Sinistcha|brn\n|move|p1b: Corviknight|Brave Bird|p2b: Sinistcha\n|-supereffective|p2b: Sinistcha|1\n|-damage|p2b: Sinistcha|23/100 brn\n|-damage|p1b: Corviknight|78/100|[from] Recoil\n|move|p2a: Kommo-o|Clangorous Soul|p2a: Kommo-o\n|-boost|p2a: Kommo-o|atk|1\n|-boost|p2a: Kommo-o|def|1\n|-boost|p2a: Kommo-o|spa|1\n|-boost|p2a: Kommo-o|spd|1\n|-boost|p2a: Kommo-o|spe|1\n|-damage|p2a: Kommo-o|41/100\n|\n|-heal|p2a: Kommo-o|47/100|[from] item: Leftovers\n|-damage|p2b: Sinistcha|17/100 brn|[from] brn\n|upkeep\n|turn|3\n|\n|t:|1775962795\n|move|p2b: Sinistcha|Rage Powder|p2b: Sinistcha\n|-singleturn|p2b: Sinistcha|move: Rage Powder\n|move|p1a: Rotom|Volt Switch|p2b: Sinistcha\n|-resisted|p2b: Sinistcha|1\n|-damage|p2b: Sinistcha|4/100 brn\n|\n|t:|1775962800\n|switch|p1a: Meganium|Meganium, L50, M|100/100|[from] Volt Switch\n|move|p2a: Kommo-o|Aura Sphere|p1b: Corviknight\n|-damage|p1b: Corviknight|6/100\n|-enditem|p1b: Corviknight|Sitrus Berry|[eat]\n|-heal|p1b: Corviknight|31/100|[from] item: Sitrus Berry\n|move|p1b: Corviknight|Brave Bird|p2b: Sinistcha\n|-supereffective|p2b: Sinistcha|1\n|-damage|p2b: Sinistcha|0 fnt\n|faint|p2b: Sinistcha\n|-damage|p1b: Corviknight|30/100|[from] Recoil\n|\n|-heal|p2a: Kommo-o|54/100|[from] item: Leftovers\n|upkeep\n|\n|t:|1775962809\n|switch|p2b: Incineroar|Incineroar, L50, M|100/100\n|-ability|p2b: Incineroar|Intimidate|boost\n|-unboost|p1a: Meganium|atk|1\n|-ability|p1b: Corviknight|Mirror Armor\n|-unboost|p2b: Incineroar|atk|1\n|turn|4\n|\n|t:|1775962817\n|detailschange|p1a: Meganium|Meganium-Mega, L50, M\n|-mega|p1a: Meganium|Meganium|Meganiumite\n|move|p2b: Incineroar|Fake Out|p1a: Meganium\n|-damage|p1a: Meganium|92/100\n|move|p2a: Kommo-o|Aura Sphere|p1b: Corviknight\n|-damage|p1b: Corviknight|0 fnt\n|faint|p1b: Corviknight\n|cant|p1a: Meganium|flinch\n|\n|-heal|p2a: Kommo-o|60/100|[from] item: Leftovers\n|-sideend|p1: flyingmantis|move: Tailwind\n|upkeep\n|\n|t:|1775962825\n|switch|p1b: Rotom|Rotom-Wash, L50|100/100\n|turn|5\n|\n|t:|1775962831\n|move|p2a: Kommo-o|Protect|p2a: Kommo-o\n|-singleturn|p2a: Kommo-o|Protect\n|move|p1b: Rotom|Will-O-Wisp|p2a: Kommo-o\n|-activate|p2a: Kommo-o|move: Protect\n|move|p1a: Meganium|Dazzling Gleam|p2b: Incineroar|[spread] p2b\n|-activate|p2a: Kommo-o|move: Protect\n|-damage|p2b: Incineroar|67/100\n|move|p2b: Incineroar|Parting Shot|p1a: Meganium\n|-unboost|p1a: Meganium|atk|1\n|-unboost|p1a: Meganium|spa|1\n|\n|t:|1775962841\n|switch|p2b: Greninja|Greninja, L50, F|100/100|[from] Parting Shot\n|\n|-heal|p2a: Kommo-o|66/100|[from] item: Leftovers\n|upkeep\n|turn|6\n|\n|t:|1775962849\n|switch|p1a: Excadrill|Excadrill, L50, M|100/100\n|detailschange|p2b: Greninja|Greninja-Mega, L50, F\n|-mega|p2b: Greninja|Greninja|Greninjite\n|move|p2a: Kommo-o|Aura Sphere|p1b: Rotom\n|-damage|p1b: Rotom|8/100\n|-enditem|p1b: Rotom|Sitrus Berry|[eat]\n|-heal|p1b: Rotom|33/100|[from] item: Sitrus Berry\n|move|p2b: Greninja|Gunk Shot|p1a: Excadrill\n|-start|p2b: Greninja|typechange|Poison|[from] ability: Protean\n|-immune|p1a: Excadrill\n|move|p1b: Rotom|Volt Switch|p2b: Greninja\n|-damage|p2b: Greninja|53/100\n|\n|t:|1775962856\n|switch|p1b: Meganium|Meganium-Mega, L50, M|92/100|[from] Volt Switch\n|\n|-heal|p2a: Kommo-o|72/100|[from] item: Leftovers\n|upkeep\n|turn|7\n|\n|t:|1775962875\n|switch|p2b: Incineroar|Incineroar, L50, M|67/100\n|-ability|p2b: Incineroar|Intimidate|boost\n|-unboost|p1a: Excadrill|atk|1\n|-unboost|p1b: Meganium|atk|1\n|switch|p1b: Rotom|Rotom-Wash, L50|33/100\n|move|p2a: Kommo-o|Aura Sphere|p1a: Excadrill\n|-supereffective|p1a: Excadrill|1\n|-enditem|p1a: Excadrill|Focus Sash\n|-damage|p1a: Excadrill|1/100\n|move|p1a: Excadrill|Earthquake|p2b: Incineroar|[spread] p2a,p2b\n|-immune|p1b: Rotom|[from] ability: Levitate\n|-supereffective|p2b: Incineroar|1\n|-damage|p2a: Kommo-o|60/100\n|-damage|p2b: Incineroar|7/100\n|\n|-heal|p2a: Kommo-o|66/100|[from] item: Leftovers\n|upkeep\n|turn|8\n|\n|t:|1775962897\n|move|p1a: Excadrill|Protect|p1a: Excadrill\n|-singleturn|p1a: Excadrill|Protect\n|move|p2a: Kommo-o|Clanging Scales|p1b: Rotom|[spread] p1b\n|-activate|p1a: Excadrill|move: Protect\n|-damage|p1b: Rotom|0 fnt\n|faint|p1b: Rotom\n|-unboost|p2a: Kommo-o|def|1\n|move|p2b: Incineroar|Parting Shot|p1a: Excadrill\n|-activate|p1a: Excadrill|move: Protect\n|\n|-heal|p2a: Kommo-o|72/100|[from] item: Leftovers\n|upkeep\n|\n|t:|1775962901\n|switch|p1b: Meganium|Meganium-Mega, L50, M|92/100\n|turn|9\n|\n|t:|1775962910\n|move|p2a: Kommo-o|Protect|p2a: Kommo-o\n|-singleturn|p2a: Kommo-o|Protect\n|move|p1a: Excadrill|Rock Slide|p2a: Kommo-o|[spread] p2b\n|-activate|p2a: Kommo-o|move: Protect\n|-supereffective|p2b: Incineroar|1\n|-damage|p2b: Incineroar|0 fnt\n|faint|p2b: Incineroar\n|move|p1b: Meganium|Dazzling Gleam|p2a: Kommo-o\n|-activate|p2a: Kommo-o|move: Protect\n|\n|-heal|p2a: Kommo-o|78/100|[from] item: Leftovers\n|upkeep\n|\n|t:|1775962914\n|switch|p2b: Greninja|Greninja-Mega, L50, F|53/100\n|turn|10\n|\n|t:|1775962932\n|move|p2a: Kommo-o|Aura Sphere|p1a: Excadrill\n|-supereffective|p1a: Excadrill|1\n|-damage|p1a: Excadrill|0 fnt\n|faint|p1a: Excadrill\n|move|p2b: Greninja|Gunk Shot|p1b: Meganium\n|-start|p2b: Greninja|typechange|Poison|[from] ability: Protean\n|-supereffective|p1b: Meganium|2\n|-damage|p1b: Meganium|0 fnt\n|faint|p1b: Meganium\n|\n|win|daedae007\n|raw|flyingmantis's rating: 1087 &rarr; <strong>1070</strong><br />(-17 for losing)\n|raw|daedae007's rating: 1182 &rarr; <strong>1200</strong><br />(+18 for winning)\n|l|\u2606flyingmantis\n|player|p1|\n",
  "uploadtime": 1775963090,
  "views": 16,
  "formatid": "gen9championsvgc2026regma",
  "rating": 1070,
  "private": 0,
  "password": null
}