{
  "id": "gen9championsvgc2026regma-2587702864",
  "format": "[Gen 9 Champions] VGC 2026 Reg M-A",
  "players": [
    "Mago0negro",
    "loklastaji"
  ],
  "log": "|j|\u2606Mago0negro\n|j|\u2606loklastaji\n|t:|1776555482\n|gametype|doubles\n|player|p1|Mago0negro|dahlia|1174\n|player|p2|loklastaji|101|1161\n|gen|9\n|tier|[Gen 9 Champions] VGC 2026 Reg M-A\n|rated|\n|rule|Species Clause: Limit one of each Pok\u00e9mon\n|rule|Item Clause: Limit 1 of each item\n|clearpoke\n|poke|p1|Froslass, L50, F|\n|poke|p1|Sneasler, L50, F, shiny|\n|poke|p1|Garchomp, L50, F|\n|poke|p1|Aerodactyl, L50, F|\n|poke|p1|Rotom-Wash, L50|\n|poke|p1|Kingambit, L50, F|\n|poke|p2|Samurott-Hisui, L50, M|\n|poke|p2|Delphox, L50, F|\n|poke|p2|Tinkaton, L50, F|\n|poke|p2|Decidueye-Hisui, L50, F|\n|poke|p2|Dragonite, L50, M|\n|poke|p2|Farigiraf, L50, F|\n|teampreview|4\n|inactive|Battle timer is ON: inactive players will automatically lose when time's up. (requested by Mago0negro)\n|inactive|loklastaji has 60 seconds left.\n|inactive|loklastaji has 30 seconds left.\n|\n|t:|1776555553\n|teamsize|p1|4\n|teamsize|p2|4\n|start\n|switch|p1a: Froslass|Froslass, L50, F|100/100\n|switch|p1b: Aerodactyl|Aerodactyl, L50, F|100/100\n|switch|p2a: Tinkaton|Tinkaton, L50, F|100/100\n|switch|p2b: Dragonite|Dragonite, L50, M|100/100\n|-ability|p1b: Aerodactyl|Unnerve\n|turn|1\n|inactive|loklastaji has 30 seconds left.\n|inactive|loklastaji has 20 seconds left.\n|\n|t:|1776555589\n|switch|p2b: Samurott|Samurott-Hisui, L50, M|100/100\n|detailschange|p1a: Froslass|Froslass-Mega, L50, F\n|-mega|p1a: Froslass|Froslass|Froslassite\n|-weather|Snowscape|[from] ability: Snow Warning|[of] p1a: Froslass\n|move|p1b: Aerodactyl|Rock Slide|p2b: Samurott|[spread] p2a,p2b\n|-resisted|p2a: Tinkaton|1\n|-damage|p2a: Tinkaton|85/100\n|-damage|p2b: Samurott|70/100\n|move|p2a: Tinkaton|Gigaton Hammer|p1b: Aerodactyl\n|-supereffective|p1b: Aerodactyl|1\n|-enditem|p1b: Aerodactyl|Focus Sash\n|-damage|p1b: Aerodactyl|1/100\n|move|p1a: Froslass|Aurora Veil|p1a: Froslass\n|-sidestart|p1: Mago0negro|move: Aurora Veil\n|\n|-weather|Snowscape|[upkeep]\n|upkeep\n|turn|2\n|inactive|loklastaji has 30 seconds left.\n|inactive|Mago0negro has 30 seconds left.\n|inactive|loklastaji has 20 seconds left.\n|\n|t:|1776555627\n|switch|p1b: Sneasler|Sneasler, L50, F, shiny|100/100\n|move|p2a: Tinkaton|Play Rough|p1a: Froslass\n|-damage|p1a: Froslass|83/100\n|move|p1a: Froslass|Blizzard|p2a: Tinkaton|[spread] p2a,p2b\n|-resisted|p2a: Tinkaton|1\n|-resisted|p2b: Samurott|1\n|-damage|p2a: Tinkaton|60/100\n|-damage|p2b: Samurott|35/100\n|move|p2b: Samurott|Ceaseless Edge|p1a: Froslass\n|-supereffective|p1a: Froslass|1\n|-damage|p1a: Froslass|29/100\n|-sidestart|p1: Mago0negro|Spikes\n|\n|-weather|Snowscape|[upkeep]\n|upkeep\n|turn|3\n|inactive|Mago0negro has 30 seconds left.\n|\n|t:|1776555653\n|switch|p2b: Delphox|Delphox, L50, F|100/100\n|move|p2a: Tinkaton|Protect|p2a: Tinkaton\n|-singleturn|p2a: Tinkaton|Protect\n|move|p1a: Froslass|Protect|p1a: Froslass\n|-singleturn|p1a: Froslass|Protect\n|move|p1b: Sneasler|Close Combat|p2b: Delphox\n|-resisted|p2b: Delphox|1\n|-damage|p2b: Delphox|48/100\n|-unboost|p1b: Sneasler|def|1\n|-unboost|p1b: Sneasler|spd|1\n|-enditem|p1b: Sneasler|White Herb\n|-clearnegativeboost|p1b: Sneasler|[silent]\n|\n|-weather|Snowscape|[upkeep]\n|upkeep\n|turn|4\n|\n|t:|1776555675\n|switch|p2a: Samurott|Samurott-Hisui, L50, M|35/100\n|switch|p1a: Aerodactyl|Aerodactyl, L50, F|1/100\n|-ability|p1a: Aerodactyl|Unnerve\n|detailschange|p2b: Delphox|Delphox-Mega, L50, F\n|-mega|p2b: Delphox|Delphox|Delphoxite\n|move|p1b: Sneasler|Protect|p1b: Sneasler\n|-singleturn|p1b: Sneasler|Protect\n|move|p2b: Delphox|Heat Wave|p1b: Sneasler|[spread] p1a\n|-activate|p1b: Sneasler|move: Protect\n|-resisted|p1a: Aerodactyl|1\n|-damage|p1a: Aerodactyl|0 fnt\n|faint|p1a: Aerodactyl\n|\n|-weather|Snowscape|[upkeep]\n|upkeep\n|\n|t:|1776555684\n|switch|p1a: Kingambit|Kingambit, L50, F|100/100\n|-damage|p1a: Kingambit|88/100|[from] Spikes\n|turn|5\n|inactive|loklastaji has 30 seconds left.\n|inactive|loklastaji has 20 seconds left.\n|\n|t:|1776555720\n|switch|p2b: Tinkaton|Tinkaton, L50, F|60/100\n|switch|p2a: Dragonite|Dragonite, L50, M|100/100\n|move|p1a: Kingambit|Sucker Punch||[still]\n|-fail|p1a: Kingambit\n|move|p1b: Sneasler|Close Combat|p2a: Dragonite\n|-resisted|p2a: Dragonite|1\n|-damage|p2a: Dragonite|64/100\n|-unboost|p1b: Sneasler|def|1\n|-unboost|p1b: Sneasler|spd|1\n|\n|-weather|none\n|-sideend|p1: Mago0negro|move: Aurora Veil\n|upkeep\n|turn|6\n|\n|t:|1776555741\n|move|p2b: Tinkaton|Fake Out|p1b: Sneasler\n|-damage|p1b: Sneasler|73/100\n|cant|p1b: Sneasler|flinch\n|move|p2a: Dragonite|Air Slash|p1b: Sneasler\n|-supereffective|p1b: Sneasler|1\n|-damage|p1b: Sneasler|0 fnt\n|faint|p1b: Sneasler\n|move|p1a: Kingambit|Iron Head|p2b: Tinkaton\n|-damage|p2b: Tinkaton|0 fnt\n|faint|p2b: Tinkaton\n|\n|upkeep\n|\n|t:|1776555762\n|switch|p1b: Froslass|Froslass-Mega, L50, F|29/100\n|switch|p2b: Samurott|Samurott-Hisui, L50, M|35/100\n|-damage|p1b: Froslass|17/100|[from] Spikes\n|-weather|Snowscape|[from] ability: Snow Warning|[of] p1b: Froslass\n|turn|7\n|inactive|loklastaji has 30 seconds left.\n|\n|t:|1776555789\n|move|p1b: Froslass|Protect|p1b: Froslass\n|-singleturn|p1b: Froslass|Protect\n|move|p2a: Dragonite|Protect|p2a: Dragonite\n|-singleturn|p2a: Dragonite|Protect\n|move|p2b: Samurott|Sacred Sword|p1a: Kingambit\n|-supereffective|p1a: Kingambit|2\n|-damage|p1a: Kingambit|0 fnt\n|faint|p1a: Kingambit\n|\n|-weather|Snowscape|[upkeep]\n|upkeep\n|turn|8\n|-message|Mago0negro forfeited.\n|\n|win|loklastaji\n|raw|Mago0negro's rating: 1174 &rarr; <strong>1148</strong><br />(-26 for losing)\n|raw|loklastaji's rating: 1161 &rarr; <strong>1187</strong><br />(+26 for winning)\n|l|\u2606Mago0negro\n|player|p1|\n",
  "uploadtime": 1776555802,
  "views": 14,
  "formatid": "gen9championsvgc2026regma",
  "rating": 1148,
  "private": 0,
  "password": null
}