{
  "id": "gen9championsvgc2026regma-2581006975",
  "format": "[Gen 9 Champions] VGC 2026 Reg M-A",
  "players": [
    "elvisma",
    "MrBinary"
  ],
  "log": "|j|\u2606elvisma\n|j|\u2606MrBinary\n|t:|1775951113\n|gametype|doubles\n|player|p1|elvisma|red-masters|\n|player|p2|MrBinary|hugh|\n|gen|9\n|tier|[Gen 9 Champions] VGC 2026 Reg M-A\n|rule|Species Clause: Limit one of each Pok\u00e9mon\n|rule|Item Clause: Limit 1 of each item\n|clearpoke\n|poke|p1|Drampa, L50, F|\n|poke|p1|Hatterene, L50, F|\n|poke|p1|Incineroar, L50, F|\n|poke|p1|Sinistcha, L50|\n|poke|p1|Chandelure, L50, M|\n|poke|p1|Alcremie, L50, F|\n|poke|p2|Pelipper, L50, M|\n|poke|p2|Feraligatr, L50, F|\n|poke|p2|Basculegion, L50, M|\n|poke|p2|Clefable, L50, M|\n|poke|p2|Blastoise, L50, M|\n|poke|p2|Slowking-Galar, L50, F|\n|teampreview|4\nelvisma has agreed to open team sheets.\n|j| hekudheksi\n|l| hekudheksi\n|j| son wu tang\n|l|\u2606elvisma\n|player|p1|\n|c|\u2606MrBinary|im scared, good luck\nMrBinary has agreed to open team sheets.\n|showteam|p1|Drampa||Drampanite|Berserk|HyperVoice,Protect,DragonPulse,Thunderbolt|||F|||50|]Hatterene||FocusSash|MagicBounce|TrickRoom,DazzlingGleam,MysticalFire,HealingWish|||F|||50|]Incineroar||Leftovers|Intimidate|PartingShot,FlareBlitz,DarkestLariat,FakeOut|||F|||50|]Sinistcha||BrightPowder|Hospitality|TrickRoom,MatchaGotcha,ShadowBall,Reflect||||||50|]Chandelure||Chandelurite|Infiltrator|HeatWave,TrickRoom,ShadowBall,Psychic|||M|||50|]Alcremie||MentalHerb|SweetVeil|Decorate,DazzlingGleam,Protect,HelpingHand|||F|||50|\n|showteam|p2|Pelipper||ChoiceScarf|Drizzle|Hurricane,WeatherBall,IceBeam,Uturn|||M|||50|]Feraligatr||Feraligite|Torrent|DragonDance,Waterfall,GigaImpact,Protect|||F|||50|]Basculegion||MysticWater|SwiftSwim|WaveCrash,PhantomForce,FlipTurn,AquaJet|||M|||50|]Clefable||Leftovers|Unaware|FollowMe,ThunderWave,Moonblast,LightScreen|||M|||50|]Blastoise||WhiteHerb|RainDish|ShellSmash,WaveCrash,Earthquake,FakeOut|||M|||50|]Slowking-Galar||PoisonBarb|Regenerator|Psychic,SludgeBomb,HydroPump,FocusBlast|||F|||50|\n|j|\u2606elvisma\n|player|p1|elvisma|red-masters|\n|c|\u2606MrBinary|i forgot about open team sheets existing\n|\n|t:|1775951227\n|teamsize|p1|4\n|teamsize|p2|4\n|start\n|switch|p1a: Sinistcha|Sinistcha, L50|100/100\n|switch|p1b: Incineroar|Incineroar, L50, F|100/100\n|switch|p2a: Pelipper|Pelipper, L50, M|100/100\n|switch|p2b: Slowking|Slowking-Galar, L50, F|100/100\n|-weather|RainDance|[from] ability: Drizzle|[of] p2a: Pelipper\n|-ability|p1b: Incineroar|Intimidate|boost\n|-unboost|p2a: Pelipper|atk|1\n|-unboost|p2b: Slowking|atk|1\n|turn|1\n|\n|t:|1775951241\n|move|p1b: Incineroar|Fake Out|p2a: Pelipper\n|-damage|p2a: Pelipper|82/100\n|cant|p2a: Pelipper|flinch\n|move|p2b: Slowking|Hydro Pump|p1b: Incineroar\n|-supereffective|p1b: Incineroar|1\n|-damage|p1b: Incineroar|0 fnt\n|faint|p1b: Incineroar\n|move|p1a: Sinistcha|Trick Room|p1a: Sinistcha\n|-fieldstart|move: Trick Room|[of] p1a: Sinistcha\n|\n|-weather|RainDance|[upkeep]\n|upkeep\n|c|\u2606elvisma|GOOD\n|\n|t:|1775951251\n|switch|p1b: Drampa|Drampa, L50, F|100/100\n|turn|2\n|c|\u2606elvisma|DRAMPA\n|\n|t:|1775951272\n|switch|p2a: Clefable|Clefable, L50, M|100/100\n|detailschange|p1b: Drampa|Drampa-Mega, L50, F\n|-mega|p1b: Drampa|Drampa|Drampanite\n|move|p2b: Slowking|Focus Blast|p1b: Drampa\n|-supereffective|p1b: Drampa|1\n|-damage|p1b: Drampa|39/100\n|-ability|p1b: Drampa|Berserk|boost\n|-boost|p1b: Drampa|spa|1\n|move|p1b: Drampa|Thunderbolt|p2a: Clefable\n|-damage|p2a: Clefable|72/100\n|-status|p2a: Clefable|par\n|move|p1a: Sinistcha|Shadow Ball|p2b: Slowking\n|-supereffective|p2b: Slowking|1\n|-damage|p2b: Slowking|25/100\n|\n|-weather|RainDance|[upkeep]\n|-heal|p2a: Clefable|78/100 par|[from] item: Leftovers\n|upkeep\n|turn|3\n|\n|t:|1775951299\n|switch|p1b: Chandelure|Chandelure, L50, M|100/100\n|cant|p2a: Clefable|par\n|move|p2b: Slowking|Focus Blast|p1b: Chandelure\n|-immune|p1b: Chandelure\n|move|p1a: Sinistcha|Shadow Ball|p2b: Slowking\n|-supereffective|p2b: Slowking|1\n|-damage|p2b: Slowking|0 fnt\n|faint|p2b: Slowking\n|\n|-weather|RainDance|[upkeep]\n|-heal|p2a: Clefable|84/100 par|[from] item: Leftovers\n|upkeep\n|\n|t:|1775951312\n|switch|p2b: Pelipper|Pelipper, L50, M|82/100\n|turn|4\n|\n|t:|1775951323\n|move|p2a: Clefable|Light Screen|p2a: Clefable\n|-sidestart|p2: MrBinary|move: Light Screen\n|move|p1a: Sinistcha|Matcha Gotcha|p2a: Clefable|[spread] p2a,p2b\n|-damage|p2a: Clefable|67/100 par\n|-damage|p2b: Pelipper|40/100\n|move|p1b: Chandelure|Shadow Ball|p2b: Pelipper\n|-damage|p2b: Pelipper|0 fnt\n|faint|p2b: Pelipper\n|\n|-weather|RainDance|[upkeep]\n|-heal|p2a: Clefable|73/100 par|[from] item: Leftovers\n|upkeep\n|\n|t:|1775951331\n|switch|p2b: Feraligatr|Feraligatr, L50, F|100/100\n|turn|5\n|\n|t:|1775951362\n|detailschange|p2b: Feraligatr|Feraligatr-Mega, L50, F\n|-mega|p2b: Feraligatr|Feraligatr|Feraligite\n|move|p2a: Clefable|Thunder Wave|p1b: Chandelure\n|-status|p1b: Chandelure|par\n|move|p2b: Feraligatr|Dragon Dance|p2b: Feraligatr\n|-boost|p2b: Feraligatr|atk|1\n|-boost|p2b: Feraligatr|spe|1\n|move|p1b: Chandelure|Trick Room|p1b: Chandelure\n|-fieldend|move: Trick Room\n|move|p1a: Sinistcha|Trick Room|p1a: Sinistcha\n|-fieldstart|move: Trick Room|[of] p1a: Sinistcha\n|\n|-weather|none\n|-heal|p2a: Clefable|79/100 par|[from] item: Leftovers\n|upkeep\n|turn|6\n|\n|t:|1775951377\n|move|p2a: Clefable|Follow Me|p2a: Clefable\n|-singleturn|p2a: Clefable|move: Follow Me\n|move|p1b: Chandelure|Shadow Ball|p2a: Clefable\n|-damage|p2a: Clefable|47/100 par\n|-unboost|p2a: Clefable|spd|1\n|move|p1a: Sinistcha|Matcha Gotcha|p2b: Feraligatr|[spread] p2a,p2b\n|-damage|p2a: Clefable|25/100 par\n|-damage|p2b: Feraligatr|74/100\n|move|p2b: Feraligatr|Waterfall|p1b: Chandelure\n|-supereffective|p1b: Chandelure|1\n|-damage|p1b: Chandelure|0 fnt\n|faint|p1b: Chandelure\n|\n|-heal|p2a: Clefable|31/100 par|[from] item: Leftovers\n|upkeep\n|\n|t:|1775951393\n|switch|p1b: Drampa|Drampa-Mega, L50, F|39/100\n|turn|7\n|c|\u2606MrBinary|will moonblast kill drampa\n|c|\u2606MrBinary|dont get para\n|\n|t:|1775951459\n|move|p1b: Drampa|Protect|p1b: Drampa\n|-singleturn|p1b: Drampa|Protect\n|move|p2a: Clefable|Moonblast|p1b: Drampa\n|-activate|p1b: Drampa|move: Protect\n|move|p1a: Sinistcha|Shadow Ball|p2a: Clefable\n|-damage|p2a: Clefable|0 fnt\n|faint|p2a: Clefable\n|move|p2b: Feraligatr|Giga Impact|p1a: Sinistcha\n|-damage|p1a: Sinistcha|0 fnt\n|-mustrecharge|p2b: Feraligatr\n|faint|p1a: Sinistcha\n|\n|upkeep\n|turn|8\n|c|\u2606elvisma|dw the bright powder sinistcha will win\n|\n|t:|1775951479\n|move|p1b: Drampa|Dragon Pulse|p2b: Feraligatr\n|-supereffective|p2b: Feraligatr|1\n|-damage|p2b: Feraligatr|0 fnt\n|faint|p2b: Feraligatr\n|\n|win|elvisma\n|c|\u2606MrBinary|gg\n",
  "uploadtime": 1775951484,
  "views": 16,
  "formatid": "gen9championsvgc2026regma",
  "rating": null,
  "private": 0,
  "password": null
}