{
  "id": "gen9championsvgc2026regma-2582614437",
  "format": "[Gen 9 Champions] VGC 2026 Reg M-A",
  "players": [
    "RainCalc",
    "15Hugs"
  ],
  "log": "|j|\u2606RainCalc\n|j|\u260615Hugs\n|t:|1776102730\n|gametype|doubles\n|player|p1|RainCalc|volkner|1082\n|player|p2|15Hugs|ingo|1114\n|gen|9\n|tier|[Gen 9 Champions] VGC 2026 Reg M-A\n|rated|\n|rule|Species Clause: Limit one of each Pok\u00e9mon\n|rule|Item Clause: Limit 1 of each item\n|clearpoke\n|poke|p1|Aggron, L50, F|\n|poke|p1|Incineroar, L50, F|\n|poke|p1|Sinistcha, L50|\n|poke|p1|Tyranitar, L50, M|\n|poke|p1|Sneasler, L50, F|\n|poke|p1|Lycanroc, L50, M|\n|poke|p2|Primarina, L50, F|\n|poke|p2|Typhlosion-Hisui, L50, F|\n|poke|p2|Archaludon, L50, F|\n|poke|p2|Espathra, L50, F|\n|poke|p2|Sableye, L50, M|\n|poke|p2|Talonflame, L50, M|\n|teampreview|4\nRainCalc has agreed to open team sheets.\n|inactive|Battle timer is ON: inactive players will automatically lose when time's up. (requested by 15Hugs)\n15Hugs has agreed to open team sheets.\n|showteam|p1|Aggron||Aggronite|Sturdy|BodyPress,HeavySlam,IronDefense,Protect|||F|||50|]Incineroar||SitrusBerry|Intimidate|DarkestLariat,FakeOut,PartingShot,FlareBlitz|||F|||50|]Sinistcha||OccaBerry|Hospitality|MatchaGotcha,RagePowder,LifeDew,TrickRoom||||||50|]Tyranitar||LumBerry|SandStream|RockSlide,Crunch,LowKick,Protect|||M|||50|]Sneasler||WhiteHerb|Unburden|Protect,DireClaw,CloseCombat,Coaching|||F|||50|]Lycanroc||FocusSash|SandRush|Accelerock,RockSlide,Endeavor,Protect|||M|||50|\n|showteam|p2|Primarina||MysticWater|LiquidVoice|Protect,Moonblast,HyperVoice,WeatherBall|||F|||50|]Typhlosion-Hisui||Charcoal|Frisk|Protect,Eruption,Flamethrower,ShadowBall|||F|||50|]Archaludon||ShucaBerry|Stamina|Protect,ElectroShot,AuraSphere,DragonPulse|||F|||50|]Espathra||FocusSash|SpeedBoost|Protect,LuminaCrash,DazzlingGleam,ExpandingForce|||F|||50|]Sableye||RoseliBerry|Prankster|FakeOut,RainDance,SunnyDay,KnockOff|||M|||50|]Talonflame||SharpBeak|GaleWings|Protect,DualWingbeat,WillOWisp,Tailwind|||M|||50|\n|\n|t:|1776102804\n|teamsize|p1|4\n|teamsize|p2|4\n|start\n|switch|p1a: THE WALL|Aggron, L50, F, shiny|100/100\n|switch|p1b: Incineroar|Incineroar, L50, F, shiny|100/100\n|switch|p2a: Primarina|Primarina, L50, F|100/100\n|switch|p2b: Talonflame|Talonflame, L50, M|100/100\n|-ability|p1b: Incineroar|Intimidate|boost\n|-unboost|p2a: Primarina|atk|1\n|-unboost|p2b: Talonflame|atk|1\n|turn|1\n|inactive|RainCalc has 30 seconds left.\n|\n|t:|1776102834\n|detailschange|p1a: THE WALL|Aggron-Mega, L50, F, shiny\n|-mega|p1a: THE WALL|Aggron|Aggronite\n|move|p2b: Talonflame|Protect|p2b: Talonflame\n|-singleturn|p2b: Talonflame|Protect\n|move|p2a: Primarina|Protect|p2a: Primarina\n|-singleturn|p2a: Primarina|Protect\n|move|p1b: Incineroar|Fake Out|p2b: Talonflame\n|-activate|p2b: Talonflame|move: Protect\n|move|p1a: THE WALL|Iron Defense|p1a: THE WALL\n|-boost|p1a: THE WALL|def|2\n|\n|upkeep\n|turn|2\n|inactive|RainCalc has 30 seconds left.\n|inactive|15Hugs has 30 seconds left.\n|\n|t:|1776102866\n|switch|p1b: Tyranitar|Tyranitar, L50, M|100/100\n|-weather|Sandstorm|[from] ability: Sand Stream|[of] p1b: Tyranitar\n|move|p1a: THE WALL|Protect|p1a: THE WALL\n|-singleturn|p1a: THE WALL|Protect\n|move|p2b: Talonflame|Tailwind|p2b: Talonflame\n|-sidestart|p2: 15Hugs|move: Tailwind\n|move|p2a: Primarina|Hyper Voice|p1b: Tyranitar|[spread] p1b\n|-activate|p1a: THE WALL|move: Protect\n|-supereffective|p1b: Tyranitar|1\n|-damage|p1b: Tyranitar|55/100\n|\n|-weather|Sandstorm|[upkeep]\n|-damage|p2b: Talonflame|94/100|[from] Sandstorm\n|-damage|p2a: Primarina|95/100|[from] Sandstorm\n|upkeep\n|turn|3\n|\n|t:|1776102882\n|switch|p2a: Sableye|Sableye, L50, M|100/100\n|move|p2b: Talonflame|Will-O-Wisp|p1a: THE WALL|[miss]\n|-miss|p2b: Talonflame|p1a: THE WALL\n|move|p1b: Tyranitar|Rock Slide|p2b: Talonflame|[spread] p2a,p2b\n|-crit|p2a: Sableye\n|-supereffective|p2b: Talonflame|2\n|-damage|p2a: Sableye|36/100\n|-damage|p2b: Talonflame|0 fnt\n|faint|p2b: Talonflame\n|move|p1a: THE WALL|Body Press|p2a: Sableye\n|-immune|p2a: Sableye\n|\n|-weather|Sandstorm|[upkeep]\n|-damage|p2a: Sableye|30/100|[from] Sandstorm\n|upkeep\n|\n|t:|1776102897\n|switch|p2b: Primarina|Primarina, L50, F|95/100\n|turn|4\n|inactive|RainCalc has 30 seconds left.\n|\n|t:|1776102923\n|move|p1b: Tyranitar|Protect|p1b: Tyranitar\n|-singleturn|p1b: Tyranitar|Protect\n|move|p1a: THE WALL|Protect|p1a: THE WALL\n|-singleturn|p1a: THE WALL|Protect\n|move|p2a: Sableye|Fake Out|p1a: THE WALL\n|-activate|p1a: THE WALL|move: Protect\n|move|p2b: Primarina|Moonblast|p1b: Tyranitar\n|-activate|p1b: Tyranitar|move: Protect\n|\n|-weather|Sandstorm|[upkeep]\n|-damage|p2b: Primarina|89/100|[from] Sandstorm\n|-damage|p2a: Sableye|24/100|[from] Sandstorm\n|upkeep\n|turn|5\n|\n|t:|1776102948\n|move|p2a: Sableye|Rain Dance|p2a: Sableye\n|-weather|RainDance\n|move|p2b: Primarina|Hyper Voice|p1a: THE WALL|[spread] p1a,p1b\n|-supereffective|p1b: Tyranitar|1\n|-damage|p1a: THE WALL|26/100\n|-damage|p1b: Tyranitar|0 fnt\n|faint|p1b: Tyranitar\n|move|p1a: THE WALL|Heavy Slam|p2b: Primarina\n|-damage|p2b: Primarina|10/100\n|\n|-weather|RainDance|[upkeep]\n|-sideend|p2: 15Hugs|move: Tailwind\n|upkeep\n|\n|t:|1776102958\n|switch|p1b: Sinistcha|Sinistcha, L50|100/100\n|-heal|p1a: THE WALL|51/100|[from] ability: Hospitality|[of] p1b: Sinistcha\n|turn|6\n|\n|t:|1776102969\n|move|p1a: THE WALL|Protect|p1a: THE WALL\n|-singleturn|p1a: THE WALL|Protect\n|move|p2a: Sableye|Sunny Day|p2a: Sableye\n|-weather|SunnyDay\n|move|p2b: Primarina|Weather Ball|p1a: THE WALL\n|-activate|p1a: THE WALL|move: Protect\n|move|p1b: Sinistcha|Trick Room|p1b: Sinistcha\n|-fieldstart|move: Trick Room|[of] p1b: Sinistcha\n|\n|-weather|SunnyDay|[upkeep]\n|upkeep\n|turn|7\n|\n|t:|1776102987\n|move|p1a: THE WALL|Heavy Slam|p2b: Primarina\n|-damage|p2b: Primarina|0 fnt\n|faint|p2b: Primarina\n|move|p2a: Sableye|Knock Off|p1b: Sinistcha\n|-supereffective|p1b: Sinistcha|1\n|-damage|p1b: Sinistcha|52/100\n|-enditem|p1b: Sinistcha|Occa Berry|[from] move: Knock Off|[of] p2a: Sableye\n|move|p1b: Sinistcha|Life Dew|p1b: Sinistcha|[spread] p1a,p1b\n|-heal|p1a: THE WALL|76/100\n|-heal|p1b: Sinistcha|77/100\n|\n|-weather|SunnyDay|[upkeep]\n|upkeep\n|\n|t:|1776102993\n|switch|p2b: Typhlosion|Typhlosion-Hisui, L50, F|100/100\n|-item|p1a: THE WALL|Aggronite|[from] ability: Frisk|[of] p2b: Typhlosion\n|turn|8\n|inactive|RainCalc has 30 seconds left.\n|\n|t:|1776103027\n|move|p1a: THE WALL|Protect|p1a: THE WALL\n|-singleturn|p1a: THE WALL|Protect\n|move|p2a: Sableye|Knock Off|p1b: Sinistcha\n|-supereffective|p1b: Sinistcha|1\n|-damage|p1b: Sinistcha|47/100\n|move|p1b: Sinistcha|Life Dew|p1b: Sinistcha|[spread] p1a,p1b\n|-heal|p1a: THE WALL|100/100\n|-heal|p1b: Sinistcha|72/100\n|move|p2b: Typhlosion|Eruption|p1a: THE WALL|[spread] p1b\n|-activate|p1a: THE WALL|move: Protect\n|-supereffective|p1b: Sinistcha|1\n|-damage|p1b: Sinistcha|0 fnt\n|faint|p1b: Sinistcha\n|\n|-weather|SunnyDay|[upkeep]\n|upkeep\n|\n|t:|1776103039\n|switch|p1b: Incineroar|Incineroar, L50, F, shiny|100/100\n|-ability|p1b: Incineroar|Intimidate|boost\n|-unboost|p2a: Sableye|atk|1\n|-unboost|p2b: Typhlosion|atk|1\n|turn|9\n|\n|t:|1776103059\n|move|p2b: Typhlosion|Protect|p2b: Typhlosion\n|-singleturn|p2b: Typhlosion|Protect\n|move|p1a: THE WALL|Heavy Slam|p2b: Typhlosion\n|-activate|p2b: Typhlosion|move: Protect\n|move|p2a: Sableye|Knock Off|p1b: Incineroar\n|-resisted|p1b: Incineroar|1\n|-damage|p1b: Incineroar|93/100\n|-enditem|p1b: Incineroar|Sitrus Berry|[from] move: Knock Off|[of] p2a: Sableye\n|move|p1b: Incineroar|Darkest Lariat|p2b: Typhlosion\n|-activate|p2b: Typhlosion|move: Protect\n|\n|-weather|SunnyDay|[upkeep]\n|upkeep\n|turn|10\n|\n|t:|1776103075\n|move|p2b: Typhlosion|Protect|p2b: Typhlosion\n|-singleturn|p2b: Typhlosion|Protect\n|move|p1a: THE WALL|Heavy Slam|p2b: Typhlosion\n|-activate|p2b: Typhlosion|move: Protect\n|move|p2a: Sableye|Knock Off|p1b: Incineroar\n|-resisted|p1b: Incineroar|1\n|-damage|p1b: Incineroar|87/100\n|move|p1b: Incineroar|Darkest Lariat|p2b: Typhlosion\n|-activate|p2b: Typhlosion|move: Protect\n|\n|-weather|none\n|-fieldend|move: Trick Room\n|upkeep\n|turn|11\n|\n|t:|1776103096\n|move|p2a: Sableye|Sunny Day|p2a: Sableye\n|-weather|SunnyDay\n|move|p2b: Typhlosion|Eruption|p1a: THE WALL|[spread] p1a,p1b\n|-supereffective|p1a: THE WALL|1\n|-resisted|p1b: Incineroar|1\n|-damage|p1a: THE WALL|0 fnt\n|-damage|p1b: Incineroar|53/100\n|faint|p1a: THE WALL\n|move|p1b: Incineroar|Darkest Lariat|p2b: Typhlosion\n|-supereffective|p2b: Typhlosion|1\n|-damage|p2b: Typhlosion|0 fnt\n|faint|p2b: Typhlosion\n|\n|-weather|SunnyDay|[upkeep]\n|upkeep\n|turn|12\n|\n|t:|1776103108\n|move|p1b: Incineroar|Flare Blitz|p2a: Sableye\n|-damage|p2a: Sableye|0 fnt\n|faint|p2a: Sableye\n|-damage|p1b: Incineroar|48/100|[from] Recoil\n|\n|win|RainCalc\n|raw|RainCalc's rating: 1082 &rarr; <strong>1112</strong><br />(+30 for winning)\n|raw|15Hugs's rating: 1114 &rarr; <strong>1087</strong><br />(-27 for losing)\n|l|\u260615Hugs\n|player|p2|\n",
  "uploadtime": 1776103117,
  "views": 10,
  "formatid": "gen9championsvgc2026regma",
  "rating": 1087,
  "private": 0,
  "password": null
}