{
  "id": "gen9championsvgc2026regma-2585754367",
  "format": "[Gen 9 Champions] VGC 2026 Reg M-A",
  "players": [
    "SUPER OZONE",
    "u lost da game"
  ],
  "log": "|j|\u2606SUPER OZONE\n|j|\u2606u lost da game\n|t:|1776368286\n|gametype|doubles\n|player|p1|SUPER OZONE|acetrainer-gen4dp|\n|player|p2|u lost da game|266|\n|gen|9\n|tier|[Gen 9 Champions] VGC 2026 Reg M-A\n|rated|Tournament battle\n|rule|Species Clause: Limit one of each Pok\u00e9mon\n|rule|Item Clause: Limit 1 of each item\n|raw|<div class=\"infobox\"><details class=\"readmore\" open><summary><strong>1 custom rule:</strong></summary> !open team sheets</details></div>\n|clearpoke\n|poke|p1|Victreebel, L50, F|\n|poke|p1|Armarouge, L50, F|\n|poke|p1|Ninetales, L50, F|\n|poke|p1|Sableye, L50, F|\n|poke|p1|Aerodactyl, L50, M|\n|poke|p1|Primarina, L50, F|\n|poke|p2|Gengar, L50, F|\n|poke|p2|Maushold-Four, L50|\n|poke|p2|Farigiraf, L50, M|\n|poke|p2|Dragonite, L50, M|\n|poke|p2|Basculegion, L50, M|\n|poke|p2|Ditto, L50|\n|teampreview|4\n|c|\u2606u lost da game|glhf\n|c|\u2606SUPER OZONE|u too\n|inactive|Battle timer is ON: inactive players will automatically lose when time's up. (requested by u lost da game)\n|\n|t:|1776368351\n|teamsize|p1|4\n|teamsize|p2|4\n|start\n|switch|p1a: Sableye|Sableye, L50, F|100/100\n|switch|p1b: Armarouge|Armarouge, L50, F|100/100\n|switch|p2a: McDonald's Worker|Dragonite, L50, M|100/100\n|switch|p2b: Sin Perish|Gengar, L50, F|100/100\n|turn|1\n|\n|t:|1776368370\n|detailschange|p2b: Sin Perish|Gengar-Mega, L50, F\n|-mega|p2b: Sin Perish|Gengar|Gengarite\n|move|p2b: Sin Perish|Protect|p2b: Sin Perish\n|-singleturn|p2b: Sin Perish|Protect\n|move|p1a: Sableye|Fake Out|p2a: McDonald's Worker\n|-damage|p2a: McDonald's Worker|92/100\n|move|p2a: McDonald's Worker|Tailwind|p2a: McDonald's Worker\n|-sidestart|p2: u lost da game|move: Tailwind\n|move|p1b: Armarouge|Psychic|p2b: Sin Perish\n|-activate|p2b: Sin Perish|move: Protect\n|\n|-heal|p2a: McDonald's Worker|98/100|[from] item: Leftovers\n|upkeep\n|turn|2\n|\n|t:|1776368394\n|switch|p2b: 1 Braincell|Ditto, L50|100/100\n|-transform|p2b: 1 Braincell|p1a: Sableye|[from] ability: Imposter\n|move|p1a: Sableye|Quash|p2b: 1 Braincell\n|-hint|Since gen 7, Dark is immune to Prankster moves.\n|-immune|p2b: 1 Braincell\n|move|p2a: McDonald's Worker|Breaking Swipe|p1b: Armarouge|[spread] p1a,p1b\n|-damage|p1a: Sableye|64/100\n|-damage|p1b: Armarouge|75/100\n|-unboost|p1a: Sableye|atk|1\n|-unboost|p1b: Armarouge|atk|1\n|move|p1b: Armarouge|Psychic|p2b: 1 Braincell\n|-immune|p2b: 1 Braincell\n|\n|-heal|p2a: McDonald's Worker|100/100|[from] item: Leftovers\n|upkeep\n|turn|3\n|\n|t:|1776368416\n|switch|p1b: Ninetales|Ninetales, L50, F|100/100\n|-weather|SunnyDay|[from] ability: Drought|[of] p1b: Ninetales\n|move|p2a: McDonald's Worker|Breaking Swipe|p1b: Ninetales|[spread] p1a,p1b\n|-damage|p1a: Sableye|26/100\n|-damage|p1b: Ninetales|60/100\n|-unboost|p1a: Sableye|atk|1\n|-unboost|p1b: Ninetales|atk|1\n|move|p2b: 1 Braincell|Foul Play|p1a: Sableye\n|-damage|p1a: Sableye|7/100\n|move|p1a: Sableye|Foul Play|p2a: McDonald's Worker\n|-damage|p2a: McDonald's Worker|41/100\n|\n|-weather|SunnyDay|[upkeep]\n|-heal|p2a: McDonald's Worker|47/100|[from] item: Leftovers\n|upkeep\n|turn|4\n|j| pokemonpengu\n|l| pokemonpengu\n|j|@Conics\n|inactive|u lost da game has 30 seconds left.\n|\n|t:|1776368442\n|switch|p2b: Sin Perish|Gengar-Mega, L50, F|100/100\n|move|p1a: Sableye|Quash|p2a: McDonald's Worker\n|-activate|p2a: McDonald's Worker|move: Quash\n|move|p1b: Ninetales|Heat Wave|p2a: McDonald's Worker|[spread] p2a,p2b\n|-resisted|p2a: McDonald's Worker|1\n|-damage|p2a: McDonald's Worker|26/100\n|-damage|p2b: Sin Perish|44/100\n|move|p2a: McDonald's Worker|Breaking Swipe|p1a: Sableye|[spread] p1a,p1b\n|-damage|p1a: Sableye|0 fnt\n|-damage|p1b: Ninetales|18/100\n|-unboost|p1b: Ninetales|atk|1\n|faint|p1a: Sableye\n|\n|-weather|SunnyDay|[upkeep]\n|-heal|p2a: McDonald's Worker|32/100|[from] item: Leftovers\n|-sideend|p2: u lost da game|move: Tailwind\n|upkeep\n|l|@Conics\n|\n|t:|1776368458\n|switch|p1a: Victreebel|Victreebel, L50, F|100/100\n|turn|5\n|j|@Conics\n|\n|t:|1776368467\n|switch|p2b: Bousehold|Maushold-Four, L50|100/100\n|detailschange|p1a: Victreebel|Victreebel-Mega, L50, F\n|-mega|p1a: Victreebel|Victreebel|Victreebelite\n|move|p1b: Ninetales|Heat Wave|p2b: Bousehold|[spread] p2a\n|-miss|p1b: Ninetales|p2b: Bousehold\n|-resisted|p2a: McDonald's Worker|1\n|-damage|p2a: McDonald's Worker|16/100\n|move|p2a: McDonald's Worker|Tailwind|p2a: McDonald's Worker\n|-sidestart|p2: u lost da game|move: Tailwind\n|move|p1a: Victreebel|Growth|p1a: Victreebel\n|-boost|p1a: Victreebel|atk|2\n|-boost|p1a: Victreebel|spa|2\n|\n|-weather|SunnyDay|[upkeep]\n|-heal|p2a: McDonald's Worker|22/100|[from] item: Leftovers\n|upkeep\n|turn|6\n|\n|t:|1776368486\n|move|p2a: McDonald's Worker|Extreme Speed|p1b: Ninetales\n|-damage|p1b: Ninetales|0 fnt\n|faint|p1b: Ninetales\n|move|p2b: Bousehold|Encore|p1a: Victreebel\n|-start|p1a: Victreebel|Encore\n|move|p1a: Victreebel|Growth|p1a: Victreebel\n|-boost|p1a: Victreebel|atk|2\n|-boost|p1a: Victreebel|spa|2\n|\n|-weather|SunnyDay|[upkeep]\n|-heal|p2a: McDonald's Worker|28/100|[from] item: Leftovers\n|upkeep\n|\n|t:|1776368490\n|switch|p1b: Armarouge|Armarouge, L50, F|75/100\n|turn|7\n|\n|t:|1776368504\n|switch|p2b: 1 Braincell|Ditto, L50|100/100\n|-transform|p2b: 1 Braincell|p1a: Victreebel|[from] ability: Imposter\n|move|p2a: McDonald's Worker|Extreme Speed|p1b: Armarouge\n|-damage|p1b: Armarouge|48/100\n|move|p1a: Victreebel|Growth|p1a: Victreebel\n|-boost|p1a: Victreebel|atk|2\n|-boost|p1a: Victreebel|spa|2\n|move|p1b: Armarouge|Psychic|p2b: 1 Braincell\n|-supereffective|p2b: 1 Braincell|1\n|-damage|p2b: 1 Braincell|0 fnt\n|-damage|p1b: Armarouge|0 fnt|[from] ability: Innards Out|[of] p2b: 1 Braincell\n|faint|p2b: 1 Braincell\n|faint|p1b: Armarouge\n|\n|-weather|none\n|-heal|p2a: McDonald's Worker|35/100|[from] item: Leftovers\n|upkeep\n|\n|t:|1776368515\n|switch|p2b: Sin Perish|Gengar-Mega, L50, F|44/100\n|turn|8\n|\n|t:|1776368530\n|move|p2b: Sin Perish|Sludge Bomb|p1a: Victreebel\n|-damage|p1a: Victreebel|43/100\n|move|p2a: McDonald's Worker|Breaking Swipe|p1a: Victreebel\n|-damage|p1a: Victreebel|5/100\n|-unboost|p1a: Victreebel|atk|1\n|move|p1a: Victreebel|Growth|p1a: Victreebel\n|-boost|p1a: Victreebel|atk|1\n|-boost|p1a: Victreebel|spa|0\n|\n|-heal|p2a: McDonald's Worker|41/100|[from] item: Leftovers\n|-end|p1a: Victreebel|Encore\n|-sideend|p2: u lost da game|move: Tailwind\n|upkeep\n|turn|9\n|-message|SUPER OZONE forfeited.\n|\n|win|u lost da game\n|n|\u2606SUPER OZONE|superozone\n|n|\u2606u lost da game|ulostdagame\n|n|+Conics|conics\n|l|\u2606SUPER OZONE\n|player|p1|\n|c|\u2606u lost da game|gg\n",
  "uploadtime": 1776368540,
  "views": 13,
  "formatid": "gen9championsvgc2026regma",
  "rating": null,
  "private": 0,
  "password": null
}