{
  "id": "gen9championsvgc2026regma-2587337702",
  "format": "[Gen 9 Champions] VGC 2026 Reg M-A",
  "players": [
    "4ncientWolf",
    "GingkoZeppeli"
  ],
  "log": "|j|\u26064ncientWolf\n|j|\u2606GingkoZeppeli\n|t:|1776523288\n|gametype|doubles\n|player|p1|4ncientWolf|ghetsis|1167\n|player|p2|GingkoZeppeli|morty|1169\n|gen|9\n|tier|[Gen 9 Champions] VGC 2026 Reg M-A\n|rated|\n|rule|Species Clause: Limit one of each Pok\u00e9mon\n|rule|Item Clause: Limit 1 of each item\n|clearpoke\n|poke|p1|Lucario, L50, M, shiny|\n|poke|p1|Kingambit, L50, M, shiny|\n|poke|p1|Primarina, L50, F, shiny|\n|poke|p1|Aegislash, L50, F, shiny|\n|poke|p1|Garchomp, L50, M, shiny|\n|poke|p1|Dragonite, L50, M|\n|poke|p2|Aggron, L50, M, shiny|\n|poke|p2|Sinistcha, L50|\n|poke|p2|Politoed, L50, F, shiny|\n|poke|p2|Gengar, L50, M, shiny|\n|poke|p2|Sneasler, L50, F|\n|poke|p2|Garchomp, L50, M|\n|teampreview|4\n|inactive|Battle timer is ON: inactive players will automatically lose when time's up. (requested by 4ncientWolf)\n|inactive|GingkoZeppeli has 60 seconds left.\n|\n|t:|1776523333\n|teamsize|p1|4\n|teamsize|p2|4\n|start\n|switch|p1a: Lucario|Lucario, L50, M, shiny|100/100\n|switch|p1b: Primarina|Primarina, L50, F, shiny|100/100\n|switch|p2a: Sinistcha|Sinistcha, L50|100/100\n|switch|p2b: Garchomp|Garchomp, L50, M|100/100\n|turn|1\n|\n|t:|1776523357\n|detailschange|p1a: Lucario|Lucario-Mega, L50, M, shiny\n|-mega|p1a: Lucario|Lucario|Lucarionite\n|move|p2a: Sinistcha|Protect|p2a: Sinistcha\n|-singleturn|p2a: Sinistcha|Protect\n|move|p1a: Lucario|Bullet Punch|p2b: Garchomp\n|-damage|p2b: Garchomp|67/100\n|-damage|p1a: Lucario|88/100|[from] ability: Rough Skin|[of] p2b: Garchomp\n|move|p2b: Garchomp|Earthquake|p1b: Primarina|[spread] p1a,p1b\n|-activate|p2a: Sinistcha|move: Protect\n|-supereffective|p1a: Lucario|1\n|-damage|p1a: Lucario|0 fnt\n|-damage|p1b: Primarina|42/100\n|faint|p1a: Lucario\n|move|p1b: Primarina|Dazzling Gleam|p2a: Sinistcha|[spread] p2b\n|-activate|p2a: Sinistcha|move: Protect\n|-supereffective|p2b: Garchomp|1\n|-damage|p2b: Garchomp|0 fnt\n|faint|p2b: Garchomp\n|\n|-heal|p1b: Primarina|48/100|[from] item: Leftovers\n|upkeep\n|\n|t:|1776523380\n|switch|p1a: Aegislash|Aegislash, L50, F, shiny|100/100\n|switch|p2b: Aggron|Aggron, L50, M, shiny|100/100\n|turn|2\n|\n|t:|1776523400\n|detailschange|p2b: Aggron|Aggron-Mega, L50, M, shiny\n|-mega|p2b: Aggron|Aggron|Aggronite\n|move|p2a: Sinistcha|Rage Powder|p2a: Sinistcha\n|-singleturn|p2a: Sinistcha|move: Rage Powder\n|-formechange|p1a: Aegislash|Aegislash-Blade|\n|move|p1a: Aegislash|Close Combat|p2a: Sinistcha\n|-immune|p2a: Sinistcha\n|move|p1b: Primarina|Surf|p2b: Aggron|[spread] p1a,p2a,p2b\n|-resisted|p2a: Sinistcha|1\n|-damage|p1a: Aegislash|22/100\n|-damage|p2a: Sinistcha|85/100\n|-damage|p2b: Aggron|70/100\n|move|p2b: Aggron|Iron Defense|p2b: Aggron\n|-boost|p2b: Aggron|def|2\n|\n|-heal|p1b: Primarina|54/100|[from] item: Leftovers\n|upkeep\n|turn|3\n|\n|t:|1776523422\n|-formechange|p1a: Aegislash|Aegislash|\n|move|p1a: Aegislash|King's Shield|p1a: Aegislash\n|-singleturn|p1a: Aegislash|Protect\n|move|p2a: Sinistcha|Protect|p2a: Sinistcha\n|-singleturn|p2a: Sinistcha|Protect\n|move|p2b: Aggron|Protect|p2b: Aggron\n|-singleturn|p2b: Aggron|Protect\n|move|p1b: Primarina|Surf|p2b: Aggron|[spread] \n|-activate|p1a: Aegislash|move: Protect\n|-activate|p2a: Sinistcha|move: Protect\n|-activate|p2b: Aggron|move: Protect\n|\n|-heal|p1b: Primarina|60/100|[from] item: Leftovers\n|upkeep\n|turn|4\n|inactive|4ncientWolf has 30 seconds left.\n|\n|t:|1776523452\n|move|p2a: Sinistcha|Rage Powder|p2a: Sinistcha\n|-singleturn|p2a: Sinistcha|move: Rage Powder\n|-formechange|p1a: Aegislash|Aegislash-Blade|\n|move|p1a: Aegislash|Shadow Sneak|p2a: Sinistcha\n|-supereffective|p2a: Sinistcha|1\n|-damage|p2a: Sinistcha|41/100\n|-enditem|p2a: Sinistcha|Sitrus Berry|[eat]\n|-heal|p2a: Sinistcha|66/100|[from] item: Sitrus Berry\n|move|p1b: Primarina|Moonblast|p2a: Sinistcha\n|-damage|p2a: Sinistcha|15/100\n|move|p2b: Aggron|Heavy Slam|p1a: Aegislash\n|-resisted|p1a: Aegislash|1\n|-damage|p1a: Aegislash|0 fnt\n|faint|p1a: Aegislash\n|\n|-heal|p1b: Primarina|67/100|[from] item: Leftovers\n|upkeep\n|\n|t:|1776523469\n|switch|p1a: Dragonite|Dragonite, L50, M|100/100\n|turn|5\n|inactive|4ncientWolf has 30 seconds left.\n|inactive|GingkoZeppeli has 30 seconds left.\n|\n|t:|1776523496\n|move|p2a: Sinistcha|Protect|p2a: Sinistcha\n|-singleturn|p2a: Sinistcha|Protect\n|move|p1a: Dragonite|Dragon Dance|p1a: Dragonite\n|-boost|p1a: Dragonite|atk|1\n|-boost|p1a: Dragonite|spe|1\n|move|p1b: Primarina|Dazzling Gleam|p2b: Aggron|[spread] p2b\n|-activate|p2a: Sinistcha|move: Protect\n|-resisted|p2b: Aggron|1\n|-damage|p2b: Aggron|57/100\n|move|p2b: Aggron|Heavy Slam|p1a: Dragonite\n|-damage|p1a: Dragonite|91/100\n|\n|-heal|p1b: Primarina|73/100|[from] item: Leftovers\n|upkeep\n|turn|6\n|\n|t:|1776523520\n|move|p1b: Primarina|Protect|p1b: Primarina\n|-singleturn|p1b: Primarina|Protect\n|move|p1a: Dragonite|Earthquake|p2a: Sinistcha|[spread] p2a,p2b\n|-activate|p1b: Primarina|move: Protect\n|-resisted|p2a: Sinistcha|1\n|-supereffective|p2b: Aggron|1\n|-damage|p2a: Sinistcha|0 fnt\n|-damage|p2b: Aggron|41/100\n|faint|p2a: Sinistcha\n|move|p2b: Aggron|Heavy Slam|p1a: Dragonite\n|-damage|p1a: Dragonite|70/100\n|\n|-heal|p1b: Primarina|79/100|[from] item: Leftovers\n|upkeep\n|\n|t:|1776523533\n|switch|p2a: Sneasler|Sneasler, L50, F|100/100\n|turn|7\n|\n|t:|1776523548\n|move|p2a: Sneasler|Fake Out|p1a: Dragonite\n|-damage|p1a: Dragonite|54/100\n|cant|p1a: Dragonite|flinch\n|move|p1b: Primarina|Moonblast|p2b: Aggron\n|-resisted|p2b: Aggron|1\n|-damage|p2b: Aggron|17/100\n|move|p2b: Aggron|Body Press|p1a: Dragonite\n|-resisted|p1a: Dragonite|1\n|-damage|p1a: Dragonite|11/100\n|\n|-heal|p1b: Primarina|85/100|[from] item: Leftovers\n|upkeep\n|turn|8\n|inactive|GingkoZeppeli has 30 seconds left.\n|\n|t:|1776523579\n|move|p1b: Primarina|Protect|p1b: Primarina\n|-singleturn|p1b: Primarina|Protect\n|move|p2b: Aggron|Protect|p2b: Aggron\n|-singleturn|p2b: Aggron|Protect\n|move|p1a: Dragonite|Earthquake|p2b: Aggron|[spread] p2a\n|-activate|p1b: Primarina|move: Protect\n|-activate|p2b: Aggron|move: Protect\n|-supereffective|p2a: Sneasler|1\n|-damage|p2a: Sneasler|0 fnt\n|faint|p2a: Sneasler\n|\n|-heal|p1b: Primarina|91/100|[from] item: Leftovers\n|upkeep\n|turn|9\n|\n|t:|1776523602\n|move|p1a: Dragonite|Earthquake|p2b: Aggron|[spread] p1b,p2b\n|-supereffective|p2b: Aggron|1\n|-damage|p1b: Primarina|26/100\n|-damage|p2b: Aggron|2/100\n|move|p1b: Primarina|Moonblast|p2b: Aggron\n|-resisted|p2b: Aggron|1\n|-damage|p2b: Aggron|0 fnt\n|faint|p2b: Aggron\n|\n|win|4ncientWolf\n|raw|4ncientWolf's rating: 1167 &rarr; <strong>1192</strong><br />(+25 for winning)\n|raw|GingkoZeppeli's rating: 1169 &rarr; <strong>1144</strong><br />(-25 for losing)\n|l|\u2606GingkoZeppeli\n|player|p2|\n",
  "uploadtime": 1776523619,
  "views": 20,
  "formatid": "gen9championsvgc2026regma",
  "rating": 1144,
  "private": 0,
  "password": null
}