{
  "id": "gen9championsvgc2026regma-2582894928",
  "format": "[Gen 9 Champions] VGC 2026 Reg M-A",
  "players": [
    "twemy",
    "CallMeKokko"
  ],
  "log": "|j|\u2606twemy\n|j|\u2606CallMeKokko\n|t:|1776122822\n|gametype|doubles\n|player|p1|twemy|acetrainer-gen3|1174\n|player|p2|CallMeKokko|waiter-gen4|1261\n|gen|9\n|tier|[Gen 9 Champions] VGC 2026 Reg M-A\n|rated|\n|rule|Species Clause: Limit one of each Pok\u00e9mon\n|rule|Item Clause: Limit 1 of each item\n|clearpoke\n|poke|p1|Tyranitar, L50, F|\n|poke|p1|Excadrill, L50, M|\n|poke|p1|Sneasler, L50, M|\n|poke|p1|Delphox, L50, F|\n|poke|p1|Gyarados, L50, M|\n|poke|p1|Sinistcha, L50|\n|poke|p2|Gardevoir, L50, F|\n|poke|p2|Aegislash, L50, M|\n|poke|p2|Rotom-Heat, L50|\n|poke|p2|Aerodactyl, L50, F|\n|poke|p2|Hydreigon, L50, M|\n|poke|p2|Tauros-Paldea-Aqua, L50, M|\n|teampreview|4\n|\n|t:|1776122869\n|teamsize|p1|4\n|teamsize|p2|4\n|start\n|switch|p1a: Tyranitar|Tyranitar, L50, F|100/100\n|switch|p1b: Sneasler|Sneasler, L50, M|100/100\n|switch|p2a: Aerodactyl|Aerodactyl, L50, F|100/100\n|switch|p2b: Gardevoir|Gardevoir, L50, F, shiny|100/100\n|-ability|p2a: Aerodactyl|Unnerve\n|-ability|p2b: Gardevoir|Unburden|Trace|[from] ability: Trace|[of] p1b: Sneasler\n|-weather|Sandstorm|[from] ability: Sand Stream|[of] p1a: Tyranitar\n|turn|1\n|\n|t:|1776122900\n|detailschange|p2b: Gardevoir|Gardevoir-Mega, L50, F, shiny\n|-mega|p2b: Gardevoir|Gardevoir|Gardevoirite\n|detailschange|p1a: Tyranitar|Tyranitar-Mega, L50, F\n|-mega|p1a: Tyranitar|Tyranitar|Tyranitarite\n|move|p2a: Aerodactyl|Protect|p2a: Aerodactyl\n|-singleturn|p2a: Aerodactyl|Protect\n|move|p2b: Gardevoir|Protect|p2b: Gardevoir\n|-singleturn|p2b: Gardevoir|Protect\n|move|p1b: Sneasler|Fake Out|p2a: Aerodactyl\n|-activate|p2a: Aerodactyl|move: Protect\n|move|p1a: Tyranitar|Rock Slide|p2b: Gardevoir|[spread] \n|-activate|p2a: Aerodactyl|move: Protect\n|-activate|p2b: Gardevoir|move: Protect\n|\n|-weather|Sandstorm|[upkeep]\n|-damage|p1b: Sneasler|95/100|[from] Sandstorm\n|-damage|p2b: Gardevoir|95/100|[from] Sandstorm\n|upkeep\n|turn|2\n|\n|t:|1776122937\n|switch|p1b: Excadrill|Excadrill, L50, M|100/100\n|switch|p2b: Tauros|Tauros-Paldea-Aqua, L50, M, shiny|100/100\n|-ability|p2b: Tauros|Intimidate|boost\n|-unboost|p1a: Tyranitar|atk|1\n|-unboost|p1b: Excadrill|atk|1\n|move|p2a: Aerodactyl|Tailwind|p2a: Aerodactyl\n|-sidestart|p2: CallMeKokko|move: Tailwind\n|move|p1a: Tyranitar|Rock Slide|p2b: Tauros|[spread] p2a,p2b\n|-supereffective|p2a: Aerodactyl|1\n|-resisted|p2b: Tauros|1\n|-damage|p2a: Aerodactyl|30/100\n|-damage|p2b: Tauros|89/100\n|\n|-weather|Sandstorm|[upkeep]\n|-damage|p2b: Tauros|83/100|[from] Sandstorm\n|upkeep\n|turn|3\n|\n|t:|1776122962\n|switch|p1a: Sinistcha|Sinistcha, L50|100/100\n|move|p2a: Aerodactyl|Rock Slide|p1a: Sinistcha|[spread] p1a,p1b\n|-resisted|p1b: Excadrill|2\n|-damage|p1a: Sinistcha|81/100\n|-damage|p1b: Excadrill|91/100\n|move|p1b: Excadrill|Iron Head|p2a: Aerodactyl\n|-supereffective|p2a: Aerodactyl|1\n|-damage|p2a: Aerodactyl|0 fnt\n|faint|p2a: Aerodactyl\n|move|p2b: Tauros|Close Combat|p1b: Excadrill\n|-supereffective|p1b: Excadrill|1\n|-damage|p1b: Excadrill|0 fnt\n|-unboost|p2b: Tauros|def|1\n|-unboost|p2b: Tauros|spd|1\n|faint|p1b: Excadrill\n|\n|-weather|Sandstorm|[upkeep]\n|-damage|p2b: Tauros|77/100|[from] Sandstorm\n|-damage|p1a: Sinistcha|75/100|[from] Sandstorm\n|upkeep\n|\n|t:|1776122979\n|switch|p2a: Gardevoir|Gardevoir-Mega, L50, F, shiny|95/100\n|switch|p1b: Sneasler|Sneasler, L50, M|95/100\n|turn|4\n|\n|t:|1776122998\n|switch|p2b: Hydreigon|Hydreigon, L50, M|100/100\n|move|p2a: Gardevoir|Protect|p2a: Gardevoir\n|-singleturn|p2a: Gardevoir|Protect\n|move|p1b: Sneasler|Fake Out|p2a: Gardevoir\n|-activate|p2a: Gardevoir|move: Protect\n|move|p1a: Sinistcha|Matcha Gotcha|p2b: Hydreigon|[spread] p2b\n|-activate|p2a: Gardevoir|move: Protect\n|-resisted|p2b: Hydreigon|1\n|-damage|p2b: Hydreigon|88/100\n|-heal|p1a: Sinistcha|82/100|[from] drain|[of] p2b: Hydreigon\n|\n|-weather|Sandstorm|[upkeep]\n|-damage|p2b: Hydreigon|82/100|[from] Sandstorm\n|-damage|p2a: Gardevoir|89/100|[from] Sandstorm\n|-damage|p1b: Sneasler|89/100|[from] Sandstorm\n|-damage|p1a: Sinistcha|77/100|[from] Sandstorm\n|upkeep\n|turn|5\n|\n|t:|1776123026\n|switch|p1a: Tyranitar|Tyranitar-Mega, L50, F|100/100\n|move|p1b: Sneasler|Protect|p1b: Sneasler\n|-singleturn|p1b: Sneasler|Protect\n|move|p2b: Hydreigon|Dark Pulse|p1a: Tyranitar\n|-resisted|p1a: Tyranitar|1\n|-damage|p1a: Tyranitar|90/100\n|move|p2a: Gardevoir|Hyper Voice|p1b: Sneasler|[spread] p1a\n|-activate|p1b: Sneasler|move: Protect\n|-supereffective|p1a: Tyranitar|1\n|-damage|p1a: Tyranitar|38/100\n|\n|-weather|none\n|-sideend|p2: CallMeKokko|move: Tailwind\n|upkeep\n|turn|6\n|\n|t:|1776123071\n|switch|p1a: Sinistcha|Sinistcha, L50|77/100\n|-heal|p1b: Sneasler|100/100|[from] ability: Hospitality|[of] p1a: Sinistcha\n|move|p2a: Gardevoir|Protect|p2a: Gardevoir\n|-singleturn|p2a: Gardevoir|Protect\n|move|p1b: Sneasler|Close Combat|p2b: Hydreigon\n|-supereffective|p2b: Hydreigon|1\n|-enditem|p2b: Hydreigon|Chople Berry|[eat]\n|-enditem|p2b: Hydreigon|Chople Berry|[weaken]\n|-damage|p2b: Hydreigon|14/100\n|-unboost|p1b: Sneasler|def|1\n|-unboost|p1b: Sneasler|spd|1\n|-enditem|p1b: Sneasler|White Herb\n|-clearnegativeboost|p1b: Sneasler|[silent]\n|move|p2b: Hydreigon|Draco Meteor|p1b: Sneasler\n|-damage|p1b: Sneasler|8/100\n|-unboost|p2b: Hydreigon|spa|2\n|\n|upkeep\n|turn|7\n|\n|t:|1776123094\n|switch|p2a: Tauros|Tauros-Paldea-Aqua, L50, M, shiny|77/100\n|-ability|p2a: Tauros|Intimidate|boost\n|-unboost|p1a: Sinistcha|atk|1\n|-unboost|p1b: Sneasler|atk|1\n|move|p1b: Sneasler|Dire Claw|p2a: Tauros\n|-damage|p2a: Tauros|50/100\n|move|p2b: Hydreigon|Dark Pulse|p1a: Sinistcha\n|-supereffective|p1a: Sinistcha|1\n|-damage|p1a: Sinistcha|34/100\n|-enditem|p1a: Sinistcha|Sitrus Berry|[eat]\n|-heal|p1a: Sinistcha|59/100|[from] item: Sitrus Berry\n|move|p1a: Sinistcha|Matcha Gotcha|p2b: Hydreigon|[spread] p2a,p2b\n|-supereffective|p2a: Tauros|1\n|-resisted|p2b: Hydreigon|1\n|-damage|p2a: Tauros|3/100\n|-heal|p1a: Sinistcha|84/100|[from] drain|[of] p2a: Tauros\n|-damage|p2b: Hydreigon|2/100\n|-heal|p1a: Sinistcha|91/100|[from] drain|[of] p2b: Hydreigon\n|-status|p2b: Hydreigon|brn\n|\n|-damage|p2b: Hydreigon|0 fnt|[from] brn\n|faint|p2b: Hydreigon\n|upkeep\n|\n|t:|1776123101\n|switch|p2b: Gardevoir|Gardevoir-Mega, L50, F, shiny|89/100\n|turn|8\n|\n|t:|1776123117\n|move|p1b: Sneasler|Protect|p1b: Sneasler\n|-singleturn|p1b: Sneasler|Protect\n|move|p2a: Tauros|Aqua Jet|p1b: Sneasler\n|-activate|p1b: Sneasler|move: Protect\n|move|p2b: Gardevoir|Hyper Voice|p1b: Sneasler|[spread] p1a\n|-activate|p1b: Sneasler|move: Protect\n|-damage|p1a: Sinistcha|38/100\n|move|p1a: Sinistcha|Matcha Gotcha|p2b: Gardevoir|[spread] p2a\n|-miss|p1a: Sinistcha|p2b: Gardevoir\n|-supereffective|p2a: Tauros|1\n|-damage|p2a: Tauros|0 fnt\n|-heal|p1a: Sinistcha|39/100|[from] drain|[of] p2a: Tauros\n|faint|p2a: Tauros\n|\n|upkeep\n|turn|9\n|\n|t:|1776123143\n|switch|p1b: Tyranitar|Tyranitar-Mega, L50, F|38/100\n|-weather|Sandstorm|[from] ability: Sand Stream|[of] p1b: Tyranitar\n|move|p2b: Gardevoir|Hyper Voice|p1a: Sinistcha|[spread] p1a,p1b\n|-supereffective|p1b: Tyranitar|1\n|-damage|p1a: Sinistcha|0 fnt\n|-damage|p1b: Tyranitar|0 fnt\n|faint|p1a: Sinistcha\n|faint|p1b: Tyranitar\n|\n|-weather|Sandstorm|[upkeep]\n|-damage|p2b: Gardevoir|83/100|[from] Sandstorm\n|upkeep\n|\n|t:|1776123149\n|switch|p1b: Sneasler|Sneasler, L50, M|8/100\n|turn|10\n|\n|t:|1776123159\n|move|p2b: Gardevoir|Protect|p2b: Gardevoir\n|-singleturn|p2b: Gardevoir|Protect\n|move|p1b: Sneasler|Dire Claw|p2b: Gardevoir\n|-activate|p2b: Gardevoir|move: Protect\n|\n|-weather|Sandstorm|[upkeep]\n|-damage|p1b: Sneasler|2/100|[from] Sandstorm\n|-damage|p2b: Gardevoir|78/100|[from] Sandstorm\n|upkeep\n|turn|11\n|\n|t:|1776123163\n|move|p2b: Gardevoir|Protect|p2b: Gardevoir\n|-singleturn|p2b: Gardevoir|Protect\n|move|p1b: Sneasler|Dire Claw|p2b: Gardevoir\n|-activate|p2b: Gardevoir|move: Protect\n|\n|-weather|Sandstorm|[upkeep]\n|-damage|p1b: Sneasler|0 fnt|[from] Sandstorm\n|-damage|p2b: Gardevoir|72/100|[from] Sandstorm\n|faint|p1b: Sneasler\n|\n|win|CallMeKokko\n|raw|twemy's rating: 1174 &rarr; <strong>1155</strong><br />(-19 for losing)\n|raw|CallMeKokko's rating: 1261 &rarr; <strong>1280</strong><br />(+19 for winning)\n",
  "uploadtime": 1776123176,
  "views": 29,
  "formatid": "gen9championsvgc2026regma",
  "rating": 1155,
  "private": 0,
  "password": null
}