{
  "id": "gen9championsvgc2026regma-2585479600",
  "format": "[Gen 9 Champions] VGC 2026 Reg M-A",
  "players": [
    "jacrepid",
    "COZ1E"
  ],
  "log": "|j|\u2606jacrepid\n|j|\u2606COZ1E\n|t:|1776350247\n|gametype|doubles\n|player|p1|jacrepid|acetrainer-gen4dp|1000\n|player|p2|COZ1E|101|1042\n|gen|9\n|tier|[Gen 9 Champions] VGC 2026 Reg M-A\n|rated|\n|rule|Species Clause: Limit one of each Pok\u00e9mon\n|rule|Item Clause: Limit 1 of each item\n|clearpoke\n|poke|p1|Gyarados, L50, M|\n|poke|p1|Whimsicott, L50, F|\n|poke|p1|Tauros-Paldea-Blaze, L50, M|\n|poke|p1|Manectric, L50, F|\n|poke|p1|Sneasler, L50, M|\n|poke|p1|Ninetales-Alola, L50, F|\n|poke|p2|Floette-Eternal, L50, F|\n|poke|p2|Starmie, L50|\n|poke|p2|Maushold-Four, L50|\n|poke|p2|Incineroar, L50, F|\n|poke|p2|Tyranitar, L50, F|\n|poke|p2|Garchomp, L50, F|\n|teampreview|4\n|\n|t:|1776350272\n|teamsize|p1|4\n|teamsize|p2|4\n|start\n|switch|p1a: Whimsicott|Whimsicott, L50, F|100/100\n|switch|p1b: Gyarados|Gyarados, L50, M|100/100\n|switch|p2a: Floette|Floette-Eternal, L50, F|100/100\n|switch|p2b: Maushold|Maushold-Four, L50|100/100\n|-ability|p1b: Gyarados|Intimidate|boost\n|-unboost|p2a: Floette|atk|1\n|-unboost|p2b: Maushold|atk|1\n|turn|1\n|\n|t:|1776350283\n|detailschange|p2a: Floette|Floette-Mega, L50, F\n|-mega|p2a: Floette|Floette|Floettite\n|-ability|p2a: Floette|Fairy Aura\n|move|p2b: Maushold|Follow Me|p2b: Maushold\n|-singleturn|p2b: Maushold|move: Follow Me\n|move|p1a: Whimsicott|Tailwind|p1a: Whimsicott\n|-sidestart|p1: jacrepid|move: Tailwind\n|move|p1b: Gyarados|Waterfall|p2b: Maushold\n|-damage|p2b: Maushold|35/100\n|move|p2a: Floette|Calm Mind|p2a: Floette\n|-boost|p2a: Floette|spa|1\n|-boost|p2a: Floette|spd|1\n|\n|upkeep\n|turn|2\n|\n|t:|1776350303\n|detailschange|p1b: Gyarados|Gyarados-Mega, L50, M\n|-mega|p1b: Gyarados|Gyarados|Gyaradosite\n|-ability|p1b: Gyarados|Mold Breaker\n|move|p2b: Maushold|Follow Me|p2b: Maushold\n|-singleturn|p2b: Maushold|move: Follow Me\n|move|p1a: Whimsicott|Moonblast|p2b: Maushold\n|-damage|p2b: Maushold|0 fnt\n|faint|p2b: Maushold\n|move|p1b: Gyarados|Waterfall|p2a: Floette\n|-damage|p2a: Floette|35/100\n|move|p2a: Floette|Light of Ruin|p1b: Gyarados\n|-supereffective|p1b: Gyarados|1\n|-damage|p1b: Gyarados|0 fnt\n|faint|p1b: Gyarados\n|-damage|p2a: Floette|0 fnt|[from] Recoil\n|faint|p2a: Floette\n|\n|upkeep\n|\n|t:|1776350316\n|switch|p2b: Garchomp|Garchomp, L50, F|100/100\n|switch|p2a: Tyranitar|Tyranitar, L50, F|100/100\n|switch|p1b: Tauros|Tauros-Paldea-Blaze, L50, M|100/100\n|-ability|p1b: Tauros|Intimidate|boost\n|-unboost|p2a: Tyranitar|atk|1\n|-unboost|p2b: Garchomp|atk|1\n|-weather|Sandstorm|[from] ability: Sand Stream|[of] p2a: Tyranitar\n|turn|3\n|\n|t:|1776350340\n|move|p1b: Tauros|High Horsepower|p2a: Tyranitar|[miss]\n|-miss|p1b: Tauros|p2a: Tyranitar\n|move|p1a: Whimsicott|Moonblast|p2a: Tyranitar\n|-supereffective|p2a: Tyranitar|1\n|-damage|p2a: Tyranitar|50/100\n|move|p2a: Tyranitar|Rock Slide|p1a: Whimsicott|[spread] p1a,p1b\n|-damage|p1a: Whimsicott|73/100\n|-damage|p1b: Tauros|78/100\n|move|p2b: Garchomp|Stomping Tantrum|p1b: Tauros\n|-supereffective|p1b: Tauros|1\n|-damage|p1b: Tauros|22/100\n|\n|-weather|Sandstorm|[upkeep]\n|-damage|p1b: Tauros|16/100|[from] Sandstorm\n|-damage|p1a: Whimsicott|67/100|[from] Sandstorm\n|upkeep\n|turn|4\n|\n|t:|1776350360\n|switch|p1b: Ninetales|Ninetales-Alola, L50, F|100/100\n|-weather|Snowscape|[from] ability: Snow Warning|[of] p1b: Ninetales\n|move|p1a: Whimsicott|Moonblast|p2a: Tyranitar\n|-supereffective|p2a: Tyranitar|1\n|-damage|p2a: Tyranitar|0 fnt\n|faint|p2a: Tyranitar\n|move|p2b: Garchomp|Rock Slide|p1b: Ninetales|[spread] p1a,p1b\n|-supereffective|p1b: Ninetales|1\n|-damage|p1a: Whimsicott|48/100\n|-damage|p1b: Ninetales|73/100\n|\n|-weather|Snowscape|[upkeep]\n|-sideend|p1: jacrepid|move: Tailwind\n|upkeep\n|turn|5\n|\n|t:|1776350374\n|move|p1a: Whimsicott|Moonblast|p2b: Garchomp\n|-supereffective|p2b: Garchomp|1\n|-damage|p2b: Garchomp|25/100\n|move|p1b: Ninetales|Blizzard|p2b: Garchomp\n|-supereffective|p2b: Garchomp|2\n|-damage|p2b: Garchomp|0 fnt\n|faint|p2b: Garchomp\n|\n|win|jacrepid\n|raw|jacrepid's rating: 1000 &rarr; <strong>1045</strong><br />(+45 for winning)\n|raw|COZ1E's rating: 1042 &rarr; <strong>1024</strong><br />(-18 for losing)\n",
  "uploadtime": 1776350374,
  "views": 23,
  "formatid": "gen9championsvgc2026regma",
  "rating": 1024,
  "private": 0,
  "password": null
}