{
  "id": "gen9championsvgc2026regma-2581293587",
  "format": "[Gen 9 Champions] VGC 2026 Reg M-A",
  "players": [
    "lilyflows",
    "bastiodonfan"
  ],
  "log": "|j|\u2606lilyflows\n|j|\u2606bastiodonfan\n|t:|1775982495\n|gametype|doubles\n|player|p1|lilyflows|n|1053\n|player|p2|bastiodonfan|colress|1149\n|gen|9\n|tier|[Gen 9 Champions] VGC 2026 Reg M-A\n|rated|\n|rule|Species Clause: Limit one of each Pok\u00e9mon\n|rule|Item Clause: Limit 1 of each item\n|clearpoke\n|poke|p1|Floette-Eternal, L50, F|\n|poke|p1|Garchomp, L50, M|\n|poke|p1|Whimsicott, L50, F|\n|poke|p1|Incineroar, L50, M|\n|poke|p1|Corviknight, L50, F|\n|poke|p1|Azumarill, L50, F|\n|poke|p2|Tyranitar, L50, M|\n|poke|p2|Excadrill, L50, F|\n|poke|p2|Delphox, L50, M|\n|poke|p2|Corviknight, L50, M|\n|poke|p2|Hydreigon, L50, F|\n|poke|p2|Sinistcha, L50|\n|teampreview|4\n|inactive|Battle timer is ON: inactive players will automatically lose when time's up. (requested by lilyflows)\n|inactive|bastiodonfan has 60 seconds left.\n|\n|t:|1775982534\n|teamsize|p1|4\n|teamsize|p2|4\n|start\n|switch|p1a: Whimsicott|Whimsicott, L50, F|100/100\n|switch|p1b: Incineroar|Incineroar, L50, M|100/100\n|switch|p2a: Excadrill|Excadrill, L50, F|100/100\n|switch|p2b: Hydreigon|Hydreigon, L50, F|100/100\n|-ability|p1b: Incineroar|Intimidate|boost\n|-unboost|p2a: Excadrill|atk|1\n|-unboost|p2b: Hydreigon|atk|1\n|turn|1\n|inactive|bastiodonfan has 30 seconds left.\n|\n|t:|1775982560\n|move|p1b: Incineroar|Fake Out|p2b: Hydreigon\n|-crit|p2b: Hydreigon\n|-damage|p2b: Hydreigon|74/100\n|move|p1a: Whimsicott|Tailwind|p1a: Whimsicott\n|-sidestart|p1: lilyflows|move: Tailwind\n|cant|p2b: Hydreigon|flinch\n|move|p2a: Excadrill|Iron Head|p1a: Whimsicott\n|-supereffective|p1a: Whimsicott|1\n|-damage|p1a: Whimsicott|37/100\n|\n|upkeep\n|turn|2\n|inactive|lilyflows has 30 seconds left.\n|\n|t:|1775982586\n|move|p1a: Whimsicott|Giga Drain|p2a: Excadrill\n|-damage|p2a: Excadrill|71/100\n|-heal|p1a: Whimsicott|57/100|[from] drain|[of] p2a: Excadrill\n|move|p2b: Hydreigon|Draco Meteor|p1b: Incineroar\n|-damage|p1b: Incineroar|23/100\n|-unboost|p2b: Hydreigon|spa|2\n|move|p1b: Incineroar|Flare Blitz|p2a: Excadrill\n|-supereffective|p2a: Excadrill|1\n|-damage|p2a: Excadrill|0 fnt\n|faint|p2a: Excadrill\n|-damage|p1b: Incineroar|0 fnt|[from] Recoil\n|faint|p1b: Incineroar\n|\n|upkeep\n|inactive|bastiodonfan has 30 seconds left.\n|\n|t:|1775982618\n|switch|p2a: Delphox|Delphox, L50, M|100/100\n|switch|p1b: Floette|Floette-Eternal, L50, F|100/100\n|turn|3\n|\n|t:|1775982635\n|switch|p2b: Tyranitar|Tyranitar, L50, M|100/100\n|-weather|Sandstorm|[from] ability: Sand Stream|[of] p2b: Tyranitar\n|detailschange|p1b: Floette|Floette-Mega, L50, F\n|-mega|p1b: Floette|Floette|Floettite\n|-ability|p1b: Floette|Fairy Aura\n|detailschange|p2a: Delphox|Delphox-Mega, L50, M\n|-mega|p2a: Delphox|Delphox|Delphoxite\n|move|p1a: Whimsicott|Encore|p2b: Tyranitar\n|-hint|Since gen 7, Dark is immune to Prankster moves.\n|-immune|p2b: Tyranitar\n|move|p1b: Floette|Moonblast|p2b: Tyranitar\n|-supereffective|p2b: Tyranitar|1\n|-damage|p2b: Tyranitar|22/100\n|move|p2a: Delphox|Psyshock|p1b: Floette\n|-damage|p1b: Floette|37/100\n|\n|-weather|Sandstorm|[upkeep]\n|-damage|p1b: Floette|31/100|[from] Sandstorm\n|-damage|p1a: Whimsicott|51/100|[from] Sandstorm\n|-damage|p2a: Delphox|95/100|[from] Sandstorm\n|upkeep\n|turn|4\n|inactive|lilyflows has 30 seconds left.\n|\n|t:|1775982664\n|move|p1b: Floette|Protect|p1b: Floette\n|-singleturn|p1b: Floette|Protect\n|move|p2a: Delphox|Protect|p2a: Delphox\n|-singleturn|p2a: Delphox|Protect\n|move|p1a: Whimsicott|Giga Drain|p2b: Tyranitar\n|-supereffective|p2b: Tyranitar|1\n|-damage|p2b: Tyranitar|0 fnt\n|-heal|p1a: Whimsicott|68/100|[from] drain|[of] p2b: Tyranitar\n|faint|p2b: Tyranitar\n|\n|-weather|Sandstorm|[upkeep]\n|-damage|p1b: Floette|25/100|[from] Sandstorm\n|-damage|p1a: Whimsicott|62/100|[from] Sandstorm\n|-damage|p2a: Delphox|89/100|[from] Sandstorm\n|-sideend|p1: lilyflows|move: Tailwind\n|upkeep\n|\n|t:|1775982671\n|switch|p2b: Hydreigon|Hydreigon, L50, F|74/100\n|turn|5\n|\n|t:|1775982682\n|move|p1a: Whimsicott|Tailwind|p1a: Whimsicott\n|-sidestart|p1: lilyflows|move: Tailwind\n|move|p1b: Floette|Moonblast|p2b: Hydreigon\n|-supereffective|p2b: Hydreigon|2\n|-damage|p2b: Hydreigon|0 fnt\n|faint|p2b: Hydreigon\n|move|p2a: Delphox|Heat Wave|p1b: Floette|[spread] p1a,p1b\n|-supereffective|p1a: Whimsicott|1\n|-damage|p1a: Whimsicott|0 fnt\n|-damage|p1b: Floette|0 fnt\n|faint|p1a: Whimsicott\n|faint|p1b: Floette\n|\n|-weather|Sandstorm|[upkeep]\n|-damage|p2a: Delphox|83/100|[from] Sandstorm\n|upkeep\n|\n|t:|1775982694\n|switch|p1b: Garchomp|Garchomp, L50, M|100/100\n|turn|6\n|\n|t:|1775982700\n|move|p1b: Garchomp|Dragon Claw|p2a: Delphox\n|-damage|p2a: Delphox|17/100\n|move|p2a: Delphox|Dazzling Gleam|p1b: Garchomp\n|-supereffective|p1b: Garchomp|1\n|-damage|p1b: Garchomp|34/100\n|\n|-weather|Sandstorm|[upkeep]\n|-damage|p2a: Delphox|11/100|[from] Sandstorm\n|upkeep\n|turn|7\n|\n|t:|1775982706\n|move|p1b: Garchomp|Dragon Claw|p2a: Delphox\n|-damage|p2a: Delphox|0 fnt\n|faint|p2a: Delphox\n|\n|win|lilyflows\n|raw|lilyflows's rating: 1053 &rarr; <strong>1094</strong><br />(+41 for winning)\n|raw|bastiodonfan's rating: 1149 &rarr; <strong>1117</strong><br />(-32 for losing)\n|l|\u2606bastiodonfan\n|player|p2|\n",
  "uploadtime": 1775982719,
  "views": 21,
  "formatid": "gen9championsvgc2026regma",
  "rating": 1094,
  "private": 0,
  "password": null
}