{
  "id": "gen9championsvgc2026regma-2580936438",
  "format": "[Gen 9 Champions] VGC 2026 Reg M-A",
  "players": [
    "blue schucle",
    "leafnak"
  ],
  "log": "|j|\u2606blue schucle\n|j|\u2606leafnak\n|t:|1775944794\n|gametype|doubles\n|player|p1|blue schucle|lance|1219\n|player|p2|leafnak|ghetsis|1153\n|gen|9\n|tier|[Gen 9 Champions] VGC 2026 Reg M-A\n|rated|\n|rule|Species Clause: Limit one of each Pok\u00e9mon\n|rule|Item Clause: Limit 1 of each item\n|clearpoke\n|poke|p1|Pelipper, L50, M|\n|poke|p1|Basculegion, L50, M|\n|poke|p1|Archaludon, L50, M|\n|poke|p1|Blastoise, L50, M|\n|poke|p1|Incineroar, L50, M|\n|poke|p1|Dragapult, L50, M|\n|poke|p2|Tyranitar, L50, M|\n|poke|p2|Excadrill, L50, M|\n|poke|p2|Corviknight, L50, M|\n|poke|p2|Sinistcha, L50|\n|poke|p2|Incineroar, L50, M|\n|poke|p2|Primarina, L50, F|\n|teampreview|4\nleafnak rejected open team sheets.\n|inactive|Battle timer is ON: inactive players will automatically lose when time's up. (requested by leafnak)\n|inactive|leafnak has 60 seconds left.\n|\n|t:|1775944862\n|teamsize|p1|4\n|teamsize|p2|4\n|start\n|switch|p1a: Basculegion|Basculegion, L50, M|100/100\n|switch|p1b: Blastoise|Blastoise, L50, M|100/100\n|switch|p2a: Primarina|Primarina, L50, F, shiny|100/100\n|switch|p2b: Sinistcha|Sinistcha, L50|100/100\n|turn|1\n|\n|t:|1775944885\n|detailschange|p1b: Blastoise|Blastoise-Mega, L50, M\n|-mega|p1b: Blastoise|Blastoise|Blastoisinite\n|move|p1a: Basculegion|Last Respects|p2b: Sinistcha\n|-supereffective|p2b: Sinistcha|1\n|-damage|p2b: Sinistcha|47/100\n|-enditem|p2b: Sinistcha|Sitrus Berry|[eat]\n|-heal|p2b: Sinistcha|71/100|[from] item: Sitrus Berry\n|move|p2a: Primarina|Moonblast|p1a: Basculegion\n|-damage|p1a: Basculegion|33/100\n|move|p1b: Blastoise|Ice Beam|p2b: Sinistcha\n|-supereffective|p2b: Sinistcha|1\n|-damage|p2b: Sinistcha|2/100\n|move|p2b: Sinistcha|Trick Room|p2b: Sinistcha\n|-fieldstart|move: Trick Room|[of] p2b: Sinistcha\n|\n|upkeep\n|turn|2\n|inactive|blue schucle has 30 seconds left.\n|inactive|leafnak has 30 seconds left.\n|\n|t:|1775944920\n|switch|p1a: Obelisk|Archaludon, L50, M|100/100\n|move|p2b: Sinistcha|Matcha Gotcha|p1b: Blastoise|[spread] p1a,p1b\n|-resisted|p1a: Obelisk|2\n|-supereffective|p1b: Blastoise|1\n|-damage|p1a: Obelisk|92/100\n|-heal|p2b: Sinistcha|6/100|[from] drain|[of] p1a: Obelisk\n|-damage|p1b: Blastoise|55/100\n|-heal|p2b: Sinistcha|28/100|[from] drain|[of] p1b: Blastoise\n|-ability|p1a: Obelisk|Stamina|boost\n|-boost|p1a: Obelisk|def|1\n|move|p1b: Blastoise|Ice Beam|p2b: Sinistcha\n|-supereffective|p2b: Sinistcha|1\n|-damage|p2b: Sinistcha|0 fnt\n|faint|p2b: Sinistcha\n|move|p2a: Primarina|Moonblast|p1b: Blastoise\n|-damage|p1b: Blastoise|2/100\n|\n|upkeep\n|\n|t:|1775944943\n|switch|p2b: Corviknight|Corviknight, L50, M|100/100\n|turn|3\n|\n|t:|1775944952\n|switch|p1b: Stormbringer|Pelipper, L50, M|100/100\n|-weather|RainDance|[from] ability: Drizzle|[of] p1b: Stormbringer\n|move|p2b: Corviknight|Bulk Up|p2b: Corviknight\n|-boost|p2b: Corviknight|atk|1\n|-boost|p2b: Corviknight|def|1\n|move|p2a: Primarina|Moonblast|p1b: Stormbringer\n|-damage|p1b: Stormbringer|11/100\n|move|p1a: Obelisk|Electro Shot||[still]\n|-prepare|p1a: Obelisk|Electro Shot\n|-boost|p1a: Obelisk|spa|1\n|-anim|p1a: Obelisk|Electro Shot|p2b: Corviknight\n|-supereffective|p2b: Corviknight|1\n|-damage|p2b: Corviknight|0 fnt\n|faint|p2b: Corviknight\n|\n|-weather|RainDance|[upkeep]\n|upkeep\n|\n|t:|1775944966\n|switch|p2b: Tyranitar|Tyranitar, L50, M, shiny|100/100\n|-weather|Sandstorm|[from] ability: Sand Stream|[of] p2b: Tyranitar\n|turn|4\n|\n|t:|1775944990\n|switch|p1b: Blastoise|Blastoise-Mega, L50, M|2/100\n|detailschange|p2b: Tyranitar|Tyranitar-Mega, L50, M, shiny\n|-mega|p2b: Tyranitar|Tyranitar|Tyranitarite\n|move|p2a: Primarina|Moonblast|p1b: Blastoise\n|-damage|p1b: Blastoise|0 fnt\n|faint|p1b: Blastoise\n|move|p2b: Tyranitar|Low Kick|p1a: Obelisk\n|-supereffective|p1a: Obelisk|1\n|-enditem|p1a: Obelisk|Chople Berry|[eat]\n|-enditem|p1a: Obelisk|Chople Berry|[weaken]\n|-damage|p1a: Obelisk|74/100\n|-ability|p1a: Obelisk|Stamina|boost\n|-boost|p1a: Obelisk|def|1\n|move|p1a: Obelisk|Aura Sphere|p2b: Tyranitar\n|-supereffective|p2b: Tyranitar|2\n|-damage|p2b: Tyranitar|7/100\n|\n|-weather|Sandstorm|[upkeep]\n|-damage|p2a: Primarina|95/100|[from] Sandstorm\n|upkeep\n|\n|t:|1775945009\n|switch|p1b: Stormbringer|Pelipper, L50, M|11/100\n|-weather|RainDance|[from] ability: Drizzle|[of] p1b: Stormbringer\n|turn|5\n|\n|t:|1775945027\n|move|p2a: Primarina|Haze|p2a: Primarina\n|-clearallboost\n|move|p2b: Tyranitar|Rock Slide|p1a: Obelisk|[spread] p1a,p1b\n|-resisted|p1a: Obelisk|1\n|-supereffective|p1b: Stormbringer|1\n|-damage|p1a: Obelisk|59/100\n|-damage|p1b: Stormbringer|0 fnt\n|-ability|p1a: Obelisk|Stamina|boost\n|-boost|p1a: Obelisk|def|1\n|faint|p1b: Stormbringer\n|cant|p1a: Obelisk|flinch\n|\n|-weather|RainDance|[upkeep]\n|-fieldend|move: Trick Room\n|upkeep\n|\n|t:|1775945040\n|switch|p1b: Basculegion|Basculegion, L50, M|33/100\n|turn|6\n|\n|t:|1775945063\n|move|p2b: Tyranitar|Protect|p2b: Tyranitar\n|-singleturn|p2b: Tyranitar|Protect\n|move|p1b: Basculegion|Wave Crash|p2b: Tyranitar\n|-activate|p2b: Tyranitar|move: Protect\n|move|p1a: Obelisk|Electro Shot||[still]\n|-prepare|p1a: Obelisk|Electro Shot\n|-boost|p1a: Obelisk|spa|1\n|-anim|p1a: Obelisk|Electro Shot|p2a: Primarina\n|-supereffective|p2a: Primarina|1\n|-damage|p2a: Primarina|0 fnt\n|faint|p2a: Primarina\n|\n|-weather|RainDance|[upkeep]\n|upkeep\n|turn|7\n|c|\u2606leafnak|gg\n|-message|leafnak forfeited.\n|\n|win|blue schucle\n|raw|blue schucle's rating: 1219 &rarr; <strong>1239</strong><br />(+20 for winning)\n|raw|leafnak's rating: 1153 &rarr; <strong>1133</strong><br />(-20 for losing)\n|l|\u2606leafnak\n|player|p2|\n",
  "uploadtime": 1775945079,
  "views": 19,
  "formatid": "gen9championsvgc2026regma",
  "rating": 1133,
  "private": 0,
  "password": null
}