{
  "id": "gen9championsvgc2026regma-2586278061",
  "format": "[Gen 9 Champions] VGC 2026 Reg M-A",
  "players": [
    "RBG_LOL",
    "LightBringer72"
  ],
  "log": "|j|\u2606RBG_LOL\n|j|\u2606LightBringer72\n|t:|1776420506\n|gametype|doubles\n|player|p1|RBG_LOL|ghetsis-gen5bw|1050\n|player|p2|LightBringer72|n|1021\n|gen|9\n|tier|[Gen 9 Champions] VGC 2026 Reg M-A\n|rated|\n|rule|Species Clause: Limit one of each Pok\u00e9mon\n|rule|Item Clause: Limit 1 of each item\n|clearpoke\n|poke|p1|Garchomp, L50, M|\n|poke|p1|Froslass, L50, F|\n|poke|p1|Sneasler, L50, M|\n|poke|p1|Kingambit, L50, M|\n|poke|p1|Talonflame, L50, M|\n|poke|p1|Milotic, L50, F|\n|poke|p2|Sinistcha, L50|\n|poke|p2|Pelipper, L50, M|\n|poke|p2|Scizor, L50, F|\n|poke|p2|Drampa, L50, F|\n|poke|p2|Alakazam, L50, M|\n|poke|p2|Basculegion, L50, M|\n|teampreview|4\n|\n|t:|1776420554\n|teamsize|p1|4\n|teamsize|p2|4\n|start\n|switch|p1a: Talonflame|Talonflame, L50, M, shiny|100/100\n|switch|p1b: Kingambit|Kingambit, L50, M|100/100\n|switch|p2a: Alakazam|Alakazam, L50, M|100/100\n|switch|p2b: Drampa|Drampa, L50, F|100/100\n|-ability|p2b: Drampa|Cloud Nine\n|turn|1\n|\n|t:|1776420576\n|detailschange|p2b: Drampa|Drampa-Mega, L50, F\n|-mega|p2b: Drampa|Drampa|Drampanite\n|move|p1b: Kingambit|Protect|p1b: Kingambit\n|-singleturn|p1b: Kingambit|Protect\n|move|p1a: Talonflame|Tailwind|p1a: Talonflame\n|-sidestart|p1: RBG_LOL|move: Tailwind\n|move|p2a: Alakazam|Reflect|p2a: Alakazam\n|-sidestart|p2: LightBringer72|Reflect\n|move|p2b: Drampa|Calm Mind|p2b: Drampa\n|-boost|p2b: Drampa|spa|1\n|-boost|p2b: Drampa|spd|1\n|\n|upkeep\n|turn|2\n|\n|t:|1776420603\n|move|p1b: Kingambit|Sucker Punch|p2b: Drampa\n|-damage|p2b: Drampa|67/100\n|move|p1a: Talonflame|Brave Bird|p2a: Alakazam\n|-damage|p2a: Alakazam|39/100\n|-damage|p1a: Talonflame|82/100|[from] Recoil\n|move|p2a: Alakazam|Speed Swap|p2b: Drampa\n|-activate|p2a: Alakazam|move: Speed Swap|[of] p2b: Drampa\n|move|p2b: Drampa|Hyper Voice|p1a: Talonflame|[spread] p1a,p1b\n|-resisted|p1b: Kingambit|1\n|-damage|p1a: Talonflame|0 fnt\n|-damage|p1b: Kingambit|70/100\n|faint|p1a: Talonflame\n|\n|upkeep\n|\n|t:|1776420641\n|switch|p1a: Froslass|Froslass, L50, F|100/100\n|turn|3\n|\n|t:|1776420672\n|switch|p2a: Pelipper|Pelipper, L50, M|100/100\n|-weather|RainDance|[from] ability: Drizzle|[of] p2a: Pelipper\n|detailschange|p1a: Froslass|Froslass-Mega, L50, F\n|-mega|p1a: Froslass|Froslass|Froslassite\n|-weather|Snowscape|[from] ability: Snow Warning|[of] p1a: Froslass\n|move|p2b: Drampa|Protect|p2b: Drampa\n|-singleturn|p2b: Drampa|Protect\n|move|p1a: Froslass|Blizzard|p2b: Drampa|[spread] p2a\n|-activate|p2b: Drampa|move: Protect\n|-damage|p2a: Pelipper|51/100\n|-status|p2a: Pelipper|frz\n|move|p1b: Kingambit|Kowtow Cleave|p2b: Drampa\n|-activate|p2b: Drampa|move: Protect\n|\n|-weather|Snowscape|[upkeep]\n|upkeep\n|turn|4\n|\n|t:|1776420705\n|cant|p2a: Pelipper|frz\n|move|p1b: Kingambit|Sucker Punch|p2b: Drampa\n|-damage|p2b: Drampa|33/100\n|-ability|p2b: Drampa|Berserk|boost\n|-boost|p2b: Drampa|spa|1\n|move|p1a: Froslass|Blizzard|p2a: Pelipper|[spread] p2a,p2b\n|-supereffective|p2b: Drampa|1\n|-damage|p2a: Pelipper|4/100 frz\n|-damage|p2b: Drampa|0 fnt\n|faint|p2b: Drampa\n|\n|-weather|Snowscape|[upkeep]\n|-sideend|p1: RBG_LOL|move: Tailwind\n|upkeep\n|\n|t:|1776420718\n|switch|p2b: Sinistcha|Sinistcha, L50|100/100\n|-heal|p2a: Pelipper|29/100 frz|[from] ability: Hospitality|[of] p2b: Sinistcha\n|turn|5\n|\n|t:|1776420737\n|move|p1a: Froslass|Blizzard|p2b: Sinistcha|[spread] p2a,p2b\n|-supereffective|p2b: Sinistcha|1\n|-damage|p2a: Pelipper|0 fnt\n|-damage|p2b: Sinistcha|0 fnt\n|faint|p2a: Pelipper\n|faint|p2b: Sinistcha\n|move|p1b: Kingambit|Kowtow Cleave|p2: Pelipper|[notarget]\n|-fail|p1b: Kingambit\n|\n|-weather|Snowscape|[upkeep]\n|-sideend|p2: LightBringer72|Reflect\n|upkeep\n|\n|t:|1776420747\n|switch|p2b: Alakazam|Alakazam, L50, M|39/100\n|turn|6\n|\n|t:|1776420758\n|move|p2b: Alakazam|Reflect|p2b: Alakazam\n|-sidestart|p2: LightBringer72|Reflect\n|move|p1a: Froslass|Shadow Ball|p2b: Alakazam\n|-supereffective|p2b: Alakazam|1\n|-damage|p2b: Alakazam|0 fnt\n|faint|p2b: Alakazam\n|\n|win|RBG_LOL\n|raw|RBG_LOL's rating: 1050 &rarr; <strong>1080</strong><br />(+30 for winning)\n|raw|LightBringer72's rating: 1021 &rarr; <strong>1009</strong><br />(-12 for losing)\n",
  "uploadtime": 1776420761,
  "views": 23,
  "formatid": "gen9championsvgc2026regma",
  "rating": 1009,
  "private": 0,
  "password": null
}