{
  "id": "gen9championsvgc2026regma-2584196851",
  "format": "[Gen 9 Champions] VGC 2026 Reg M-A",
  "players": [
    "naidoq",
    "redtoteyreal"
  ],
  "log": "|j|\u2606naidoq\n|j|\u2606redtoteyreal\n|t:|1776237006\n|gametype|doubles\n|player|p1|naidoq|barry|1374\n|player|p2|redtoteyreal|ninjaboy|1428\n|gen|9\n|tier|[Gen 9 Champions] VGC 2026 Reg M-A\n|rated|\n|rule|Species Clause: Limit one of each Pok\u00e9mon\n|rule|Item Clause: Limit 1 of each item\n|clearpoke\n|poke|p1|Crabominable, L50, M|\n|poke|p1|Farigiraf, L50, F|\n|poke|p1|Sinistcha, L50|\n|poke|p1|Kingambit, L50, M|\n|poke|p1|Torkoal, L50, F|\n|poke|p1|Basculegion, L50, M|\n|poke|p2|Floette-Eternal, L50, F|\n|poke|p2|Maushold-Four, L50|\n|poke|p2|Aegislash, L50, M|\n|poke|p2|Aerodactyl, L50, M|\n|poke|p2|Rotom-Wash, L50|\n|poke|p2|Garchomp, L50, F|\n|teampreview|4\n|inactive|Battle timer is ON: inactive players will automatically lose when time's up. (requested by redtoteyreal)\n|inactive|naidoq also wants the timer to be on.\nredtoteyreal has agreed to open team sheets.\n|inactive|naidoq has 60 seconds left.\n|inactive|naidoq has 30 seconds left.\n|inactive|naidoq has 20 seconds left.\n|inactive|naidoq has 15 seconds left.\n|\n|t:|1776237082\n|teamsize|p1|4\n|teamsize|p2|4\n|start\n|switch|p1a: Kingambit|Kingambit, L50, M|100/100\n|switch|p1b: Farigiraf|Farigiraf, L50, F|100/100\n|switch|p2a: Maushold|Maushold-Four, L50|100/100\n|switch|p2b: Floette|Floette-Eternal, L50, F|100/100\n|turn|1\n|\n|t:|1776237101\n|detailschange|p2b: Floette|Floette-Mega, L50, F\n|-mega|p2b: Floette|Floette|Floettite\n|-ability|p2b: Floette|Fairy Aura\n|move|p2a: Maushold|Taunt|p1b: Farigiraf\n|-start|p1b: Farigiraf|move: Taunt\n|move|p2b: Floette|Calm Mind|p2b: Floette\n|-boost|p2b: Floette|spa|1\n|-boost|p2b: Floette|spd|1\n|move|p1a: Kingambit|Swords Dance|p1a: Kingambit\n|-boost|p1a: Kingambit|atk|2\n|cant|p1b: Farigiraf|move: Taunt|Trick Room\n|\n|upkeep\n|turn|2\n|\n|t:|1776237118\n|switch|p1b: Basculegion|Basculegion, L50, M|100/100\n|move|p2a: Maushold|Follow Me|p2a: Maushold\n|-singleturn|p2a: Maushold|move: Follow Me\n|move|p2b: Floette|Dazzling Gleam|p1b: Basculegion|[spread] p1a,p1b\n|-damage|p1a: Kingambit|38/100\n|-damage|p1b: Basculegion|31/100\n|move|p1a: Kingambit|Iron Head|p2a: Maushold\n|-damage|p2a: Maushold|0 fnt\n|faint|p2a: Maushold\n|\n|upkeep\n|\n|t:|1776237127\n|switch|p2a: Aegislash|Aegislash, L50, M, shiny|100/100\n|turn|3\n|\n|t:|1776237145\n|move|p1b: Basculegion|Aqua Jet|p2b: Floette\n|-damage|p2b: Floette|81/100\n|-formechange|p2a: Aegislash|Aegislash-Blade|\n|move|p2a: Aegislash|Shadow Sneak|p1b: Basculegion\n|-supereffective|p1b: Basculegion|1\n|-damage|p1b: Basculegion|0 fnt\n|faint|p1b: Basculegion\n|move|p1a: Kingambit|Sucker Punch|p2b: Floette\n|-resisted|p2b: Floette|1\n|-damage|p2b: Floette|40/100\n|move|p2b: Floette|Dazzling Gleam|p1a: Kingambit\n|-damage|p1a: Kingambit|0 fnt\n|faint|p1a: Kingambit\n|\n|upkeep\n|\n|t:|1776237155\n|switch|p1b: Crabominable|Crabominable, L50, M|100/100\n|switch|p1a: Farigiraf|Farigiraf, L50, F|100/100\n|turn|4\n|\n|t:|1776237170\n|detailschange|p1b: Crabominable|Crabominable-Mega, L50, M\n|-mega|p1b: Crabominable|Crabominable|Crabominite\n|move|p2b: Floette|Moonblast|p1a: Farigiraf\n|-damage|p1a: Farigiraf|8/100\n|-enditem|p1a: Farigiraf|Sitrus Berry|[eat]\n|-heal|p1a: Farigiraf|33/100|[from] item: Sitrus Berry\n|move|p2a: Aegislash|Sacred Sword|p1a: Farigiraf\n|-damage|p1a: Farigiraf|5/100\n|move|p1b: Crabominable|Ice Hammer|p2b: Floette\n|-damage|p2b: Floette|0 fnt\n|-unboost|p1b: Crabominable|spe|1\n|faint|p2b: Floette\n|move|p1a: Farigiraf|Trick Room|p1a: Farigiraf\n|-fieldstart|move: Trick Room|[of] p1a: Farigiraf\n|\n|upkeep\n|\n|t:|1776237186\n|switch|p2b: Rotom|Rotom-Wash, L50, shiny|100/100\n|turn|5\n|inactive|naidoq has 30 seconds left.\n|inactive|naidoq has 20 seconds left.\n|inactive|redtoteyreal has 30 seconds left.\n|\n|t:|1776237223\n|move|p1a: Farigiraf|Helping Hand|p1b: Crabominable\n|-singleturn|p1b: Crabominable|Helping Hand|[of] p1a: Farigiraf\n|move|p1b: Crabominable|Drain Punch|p2b: Rotom\n|-damage|p2b: Rotom|0 fnt\n|faint|p2b: Rotom\n|move|p2a: Aegislash|Sacred Sword|p1a: Farigiraf\n|-damage|p1a: Farigiraf|0 fnt\n|faint|p1a: Farigiraf\n|\n|upkeep\n|turn|6\n|\n|t:|1776237233\n|-formechange|p2a: Aegislash|Aegislash|\n|move|p2a: Aegislash|King's Shield|p2a: Aegislash\n|-singleturn|p2a: Aegislash|Protect\n|move|p1b: Crabominable|Ice Hammer|p2a: Aegislash\n|-activate|p2a: Aegislash|move: Protect\n|-unboost|p1b: Crabominable|atk|1\n|\n|upkeep\n|turn|7\n|\n|t:|1776237242\n|move|p1b: Crabominable|Ice Hammer|p2a: Aegislash\n|-resisted|p2a: Aegislash|1\n|-damage|p2a: Aegislash|79/100\n|-unboost|p1b: Crabominable|spe|1\n|-formechange|p2a: Aegislash|Aegislash-Blade|\n|move|p2a: Aegislash|Sacred Sword|p1b: Crabominable\n|-supereffective|p1b: Crabominable|1\n|-damage|p1b: Crabominable|32/100\n|\n|upkeep\n|turn|8\n|-message|naidoq forfeited.\n|\n|win|redtoteyreal\n|raw|naidoq's rating: 1374 &rarr; <strong>1357</strong><br />(-17 for losing)\n|raw|redtoteyreal's rating: 1428 &rarr; <strong>1445</strong><br />(+17 for winning)\n|l|\u2606naidoq\n|player|p1|\n",
  "uploadtime": 1776237259,
  "views": 37,
  "formatid": "gen9championsvgc2026regma",
  "rating": 1357,
  "private": 0,
  "password": null
}