{
  "id": "gen9championsvgc2026regma-2587922777",
  "format": "[Gen 9 Champions] VGC 2026 Reg M-A",
  "players": [
    "GoshIhatemath",
    "hfdjska"
  ],
  "log": "|j|\u2606GoshIhatemath\n|j|\u2606hfdjska\n|t:|1776579549\n|gametype|doubles\n|player|p1|GoshIhatemath|170|\n|player|p2|hfdjska|schoolkid-gen4dp|\n|gen|9\n|tier|[Gen 9 Champions] VGC 2026 Reg M-A\n|rule|Species Clause: Limit one of each Pok\u00e9mon\n|rule|Item Clause: Limit 1 of each item\n|clearpoke\n|poke|p1|Farigiraf, L50, F|\n|poke|p1|Incineroar, L50, F|\n|poke|p1|Blastoise, L50, F|\n|poke|p1|Sinistcha, L50|\n|poke|p1|Kingambit, L50, F|\n|poke|p1|Torkoal, L50, F|\n|poke|p2|Floette-Eternal, L50, F|\n|poke|p2|Sneasler, L50, M|\n|poke|p2|Incineroar, L50, M|\n|poke|p2|Garchomp, L50, F|\n|poke|p2|Whimsicott, L50, F|\n|poke|p2|Gengar, L50, F|\n|teampreview|4\n|inactive|Battle timer is ON: inactive players will automatically lose when time's up. (requested by hfdjska)\nhfdjska has agreed to open team sheets.\n|inactiveoff|Battle timer is now OFF.\nGoshIhatemath has agreed to open team sheets.\n|showteam|p1|Farigiraf||SitrusBerry|ArmorTail|HyperVoice,Psychic,TrickRoom,Protect|||F|||50|]Incineroar||ChopleBerry|Intimidate|FakeOut,FlareBlitz,DarkestLariat,PartingShot|||F|||50|]Blastoise||Blastoisinite|Torrent|FakeOut,WaterSpout,WaterPulse,Protect|||F|||50|]Sinistcha||ColburBerry|Hospitality|MatchaGotcha,TrickRoom,RagePowder,LifeDew||||||50|]Kingambit||BlackGlasses|Defiant|KowtowCleave,SuckerPunch,SwordsDance,Protect|||F|||50|]Torkoal||Charcoal|Drought|Eruption,HeatWave,WeatherBall,Protect|||F|||50|\n|showteam|p2|Floette-Eternal||Floettite|FlowerVeil|LightofRuin,DazzlingGleam,CalmMind,Protect|||F|||50|]Sneasler||WhiteHerb|Unburden|FakeOut,DireClaw,CloseCombat,Protect|||M|||50|]Incineroar||ChopleBerry|Intimidate|FakeOut,FlareBlitz,DarkestLariat,PartingShot|||M|||50|]Garchomp||ChoiceScarf|RoughSkin|StompingTantrum,DragonClaw,RockSlide,BreakingSwipe|||F|||50|]Whimsicott||FocusSash|Prankster|Moonblast,Encore,Tailwind,Protect|||F|||50|]Gengar||Gengarite|CursedBody|ShadowBall,SludgeBomb,WillOWisp,Protect|||F|||50|\n|\n|t:|1776579564\n|teamsize|p1|4\n|teamsize|p2|4\n|start\n|switch|p1a: Farigiraf|Farigiraf, L50, F|100/100\n|switch|p1b: Blastoise|Blastoise, L50, F|100/100\n|switch|p2a: Floette|Floette-Eternal, L50, F|100/100\n|switch|p2b: Incineroar|Incineroar, L50, M|100/100\n|-ability|p2b: Incineroar|Intimidate|boost\n|-unboost|p1a: Farigiraf|atk|1\n|-unboost|p1b: Blastoise|atk|1\n|turn|1\n|\n|t:|1776579577\n|detailschange|p2a: Floette|Floette-Mega, L50, F\n|-mega|p2a: Floette|Floette|Floettite\n|-ability|p2a: Floette|Fairy Aura\n|detailschange|p1b: Blastoise|Blastoise-Mega, L50, F\n|-mega|p1b: Blastoise|Blastoise|Blastoisinite\n|move|p1b: Blastoise|Fake Out|p2a: Floette\n|-damage|p2a: Floette|91/100\n|cant|p2a: Floette|flinch\n|move|p2b: Incineroar|Darkest Lariat|p1b: Blastoise\n|-damage|p1b: Blastoise|68/100\n|move|p1a: Farigiraf|Trick Room|p1a: Farigiraf\n|-fieldstart|move: Trick Room|[of] p1a: Farigiraf\n|\n|upkeep\n|turn|2\n|\n|t:|1776579588\n|switch|p1a: Sinistcha|Sinistcha, L50|100/100\n|-heal|p1b: Blastoise|93/100|[from] ability: Hospitality|[of] p1a: Sinistcha\n|move|p2a: Floette|Protect|p2a: Floette\n|-singleturn|p2a: Floette|Protect\n|move|p2b: Incineroar|Darkest Lariat|p1b: Blastoise\n|-damage|p1b: Blastoise|59/100\n|move|p1b: Blastoise|Water Spout|p2a: Floette|[spread] p2b\n|-activate|p2a: Floette|move: Protect\n|-supereffective|p2b: Incineroar|1\n|-damage|p2b: Incineroar|40/100\n|\n|upkeep\n|turn|3\n|\n|t:|1776579621\n|switch|p2a: Garchomp|Garchomp, L50, F|100/100\n|move|p1a: Sinistcha|Rage Powder|p1a: Sinistcha\n|-singleturn|p1a: Sinistcha|move: Rage Powder\n|move|p2b: Incineroar|Flare Blitz|p1a: Sinistcha\n|-supereffective|p1a: Sinistcha|1\n|-crit|p1a: Sinistcha\n|-damage|p1a: Sinistcha|0 fnt\n|faint|p1a: Sinistcha\n|-damage|p2b: Incineroar|10/100|[from] Recoil\n|move|p1b: Blastoise|Water Pulse|p2a: Garchomp\n|-damage|p2a: Garchomp|48/100\n|\n|upkeep\n|\n|t:|1776579634\n|switch|p1a: Farigiraf|Farigiraf, L50, F|100/100\n|turn|4\n|\n|t:|1776579653\n|move|p1a: Farigiraf|Hyper Voice|p2a: Garchomp|[spread] p2a,p2b\n|-damage|p2a: Garchomp|12/100\n|-damage|p2b: Incineroar|0 fnt\n|faint|p2b: Incineroar\n|move|p1b: Blastoise|Water Pulse|p2a: Garchomp\n|-damage|p2a: Garchomp|0 fnt\n|faint|p2a: Garchomp\n|\n|upkeep\n|\n|t:|1776579659\n|switch|p2b: Floette|Floette-Mega, L50, F|91/100\n|switch|p2a: Sneasler|Sneasler, L50, M|100/100\n|-ability|p2b: Floette|Fairy Aura\n|turn|5\n|\n|t:|1776579670\n|move|p2b: Floette|Protect|p2b: Floette\n|-singleturn|p2b: Floette|Protect\n|move|p2a: Sneasler|Protect|p2a: Sneasler\n|-singleturn|p2a: Sneasler|Protect\n|move|p1a: Farigiraf|Psychic|p2a: Sneasler\n|-activate|p2a: Sneasler|move: Protect\n|move|p1b: Blastoise|Water Pulse|p2b: Floette\n|-activate|p2b: Floette|move: Protect\n|\n|-fieldend|move: Trick Room\n|upkeep\n|turn|6\n|\n|t:|1776579704\n|move|p2a: Sneasler|Close Combat|p1b: Blastoise\n|-damage|p1b: Blastoise|0 fnt\n|-unboost|p2a: Sneasler|def|1\n|-unboost|p2a: Sneasler|spd|1\n|faint|p1b: Blastoise\n|-enditem|p2a: Sneasler|White Herb\n|-clearnegativeboost|p2a: Sneasler|[silent]\n|move|p2b: Floette|Light of Ruin|p1a: Farigiraf\n|-damage|p1a: Farigiraf|0 fnt\n|faint|p1a: Farigiraf\n|-damage|p2b: Floette|16/100|[from] Recoil\n|\n|upkeep\n|\n|t:|1776579718\n|switch|p1b: Kingambit|Kingambit, L50, F|100/100\n|turn|7\n|\n|t:|1776579724\n|move|p1b: Kingambit|Sucker Punch|p2b: Floette\n|-resisted|p2b: Floette|1\n|-damage|p2b: Floette|0 fnt\n|faint|p2b: Floette\n|move|p2a: Sneasler|Close Combat|p1b: Kingambit\n|-supereffective|p1b: Kingambit|2\n|-damage|p1b: Kingambit|0 fnt\n|-unboost|p2a: Sneasler|def|1\n|-unboost|p2a: Sneasler|spd|1\n|faint|p1b: Kingambit\n|\n|win|hfdjska\n",
  "uploadtime": 1776579732,
  "views": 9,
  "formatid": "gen9championsvgc2026regma",
  "rating": null,
  "private": 0,
  "password": null
}