{
  "id": "gen9championsvgc2026regma-2584877439",
  "format": "[Gen 9 Champions] VGC 2026 Reg M-A",
  "players": [
    "WaluigiVGC",
    "Syke11"
  ],
  "log": "|j|\u2606WaluigiVGC\n|j|\u2606Syke11\n|t:|1776290816\n|gametype|doubles\n|player|p1|WaluigiVGC|101|1090\n|player|p2|Syke11|jacinthe|1178\n|gen|9\n|tier|[Gen 9 Champions] VGC 2026 Reg M-A\n|rated|\n|rule|Species Clause: Limit one of each Pok\u00e9mon\n|rule|Item Clause: Limit 1 of each item\n|clearpoke\n|poke|p1|Sneasler, L50, M|\n|poke|p1|Aerodactyl, L50, F|\n|poke|p1|Basculegion, L50, M|\n|poke|p1|Incineroar, L50, M|\n|poke|p1|Floette-Eternal, L50, F|\n|poke|p1|Sinistcha, L50|\n|poke|p2|Gallade, L50, M|\n|poke|p2|Alcremie-Matcha-Cream, L50, F|\n|poke|p2|Aerodactyl, L50, F|\n|poke|p2|Skarmory, L50, F|\n|poke|p2|Archaludon, L50, F|\n|poke|p2|Milotic, L50, F|\n|teampreview|4\n|\n|t:|1776290833\n|teamsize|p1|4\n|teamsize|p2|4\n|start\n|switch|p1a: Sneasler|Sneasler, L50, M|100/100\n|switch|p1b: Floette|Floette-Eternal, L50, F|100/100\n|switch|p2a: Gallade|Gallade, L50, M|100/100\n|switch|p2b: Milotic|Milotic, L50, F|100/100\n|turn|1\n|\n|t:|1776290856\n|detailschange|p1b: Floette|Floette-Mega, L50, F\n|-mega|p1b: Floette|Floette|Floettite\n|-ability|p1b: Floette|Fairy Aura\n|move|p1a: Sneasler|Fake Out|p2a: Gallade\n|-damage|p2a: Gallade|75/100\n|cant|p2a: Gallade|flinch\n|move|p1b: Floette|Calm Mind|p1b: Floette\n|-boost|p1b: Floette|spa|1\n|-boost|p1b: Floette|spd|1\n|move|p2b: Milotic|Flip Turn|p1b: Floette\n|-damage|p1b: Floette|85/100\n|\n|t:|1776290870\n|switch|p2b: Archaludon|Archaludon, L50, F|100/100|[from] Flip Turn\n|\n|upkeep\n|turn|2\n|\n|t:|1776290877\n|detailschange|p2a: Gallade|Gallade-Mega, L50, M\n|-mega|p2a: Gallade|Gallade|Galladite\n|move|p2b: Archaludon|Hard Press|p1b: Floette\n|-supereffective|p1b: Floette|1\n|-crit|p1b: Floette\n|-damage|p1b: Floette|0 fnt\n|faint|p1b: Floette\n|move|p1a: Sneasler|Close Combat|p2b: Archaludon\n|-supereffective|p2b: Archaludon|1\n|-crit|p2b: Archaludon\n|-damage|p2b: Archaludon|0 fnt\n|-unboost|p1a: Sneasler|def|1\n|-unboost|p1a: Sneasler|spd|1\n|faint|p2b: Archaludon\n|-enditem|p1a: Sneasler|White Herb\n|-clearnegativeboost|p1a: Sneasler|[silent]\n|move|p2a: Gallade|Earthquake|p1a: Sneasler\n|-supereffective|p1a: Sneasler|1\n|-damage|p1a: Sneasler|0 fnt\n|faint|p1a: Sneasler\n|\n|upkeep\n|\n|t:|1776290896\n|switch|p1a: Basculegion|Basculegion, L50, M|100/100\n|switch|p1b: Sinistcha|Sinistcha, L50|100/100\n|switch|p2b: Milotic|Milotic, L50, F|100/100\n|turn|3\n|\n|t:|1776290909\n|move|p2a: Gallade|Protect|p2a: Gallade\n|-singleturn|p2a: Gallade|Protect\n|move|p1b: Sinistcha|Rage Powder|p1b: Sinistcha\n|-singleturn|p1b: Sinistcha|move: Rage Powder\n|move|p1a: Basculegion|Last Respects|p2b: Milotic\n|-damage|p2b: Milotic|20/100\n|move|p2b: Milotic|Muddy Water|p1b: Sinistcha|[spread] p1a,p1b\n|-resisted|p1a: Basculegion|1\n|-resisted|p1b: Sinistcha|1\n|-damage|p1a: Basculegion|87/100\n|-damage|p1b: Sinistcha|87/100\n|\n|-heal|p2b: Milotic|26/100|[from] item: Leftovers\n|upkeep\n|turn|4\n|\n|t:|1776290927\n|move|p1b: Sinistcha|Rage Powder|p1b: Sinistcha\n|-singleturn|p1b: Sinistcha|move: Rage Powder\n|move|p1a: Basculegion|Last Respects|p2a: Gallade\n|-supereffective|p2a: Gallade|1\n|-damage|p2a: Gallade|0 fnt\n|faint|p2a: Gallade\n|move|p2b: Milotic|Ice Beam|p1b: Sinistcha\n|-supereffective|p1b: Sinistcha|1\n|-crit|p1b: Sinistcha\n|-damage|p1b: Sinistcha|6/100\n|-status|p1b: Sinistcha|frz\n|-enditem|p1b: Sinistcha|Sitrus Berry|[eat]\n|-heal|p1b: Sinistcha|31/100 frz|[from] item: Sitrus Berry\n|\n|-heal|p2b: Milotic|32/100|[from] item: Leftovers\n|upkeep\n|\n|t:|1776290935\n|switch|p2a: Skarmory|Skarmory, L50, F|100/100\n|turn|5\n|\n|t:|1776290958\n|cant|p1b: Sinistcha|frz\n|move|p1a: Basculegion|Last Respects|p2a: Skarmory\n|-damage|p2a: Skarmory|26/100\n|move|p2a: Skarmory|Iron Defense|p2a: Skarmory\n|-boost|p2a: Skarmory|def|2\n|move|p2b: Milotic|Ice Beam|p1b: Sinistcha\n|-supereffective|p1b: Sinistcha|1\n|-damage|p1b: Sinistcha|0 fnt\n|faint|p1b: Sinistcha\n|\n|-heal|p2b: Milotic|38/100|[from] item: Leftovers\n|upkeep\n|turn|6\n|\n|t:|1776290974\n|move|p2a: Skarmory|Protect|p2a: Skarmory\n|-singleturn|p2a: Skarmory|Protect\n|move|p1a: Basculegion|Last Respects|p2a: Skarmory\n|-activate|p2a: Skarmory|move: Protect\n|move|p2b: Milotic|Life Dew|p2b: Milotic|[spread] p2a,p2b\n|-heal|p2a: Skarmory|51/100\n|-heal|p2b: Milotic|63/100\n|\n|-heal|p2b: Milotic|69/100|[from] item: Leftovers\n|upkeep\n|turn|7\n|\n|t:|1776290988\n|move|p1a: Basculegion|Last Respects|p2a: Skarmory\n|-damage|p2a: Skarmory|5/100\n|move|p2a: Skarmory|Iron Head|p1a: Basculegion\n|-resisted|p1a: Basculegion|1\n|-damage|p1a: Basculegion|71/100\n|move|p2b: Milotic|Muddy Water|p1a: Basculegion\n|-resisted|p1a: Basculegion|1\n|-damage|p1a: Basculegion|53/100\n|\n|-heal|p2b: Milotic|75/100|[from] item: Leftovers\n|upkeep\n|turn|8\n|\n|t:|1776291007\n|move|p1a: Basculegion|Last Respects|p2b: Milotic\n|-damage|p2b: Milotic|0 fnt\n|faint|p2b: Milotic\n|move|p2a: Skarmory|Iron Head|p1a: Basculegion\n|-resisted|p1a: Basculegion|1\n|-damage|p1a: Basculegion|37/100\n|\n|upkeep\n|turn|9\n|\n|t:|1776291015\n|move|p2a: Skarmory|Protect|p2a: Skarmory\n|-singleturn|p2a: Skarmory|Protect\n|move|p1a: Basculegion|Last Respects|p2a: Skarmory\n|-activate|p2a: Skarmory|move: Protect\n|\n|upkeep\n|turn|10\n|\n|t:|1776291022\n|move|p2a: Skarmory|Protect|p2a: Skarmory\n|-singleturn|p2a: Skarmory|Protect\n|move|p1a: Basculegion|Last Respects|p2a: Skarmory\n|-activate|p2a: Skarmory|move: Protect\n|\n|upkeep\n|turn|11\n|\n|t:|1776291029\n|move|p2a: Skarmory|Protect||[still]\n|-fail|p2a: Skarmory\n|move|p1a: Basculegion|Last Respects|p2a: Skarmory\n|-damage|p2a: Skarmory|0 fnt\n|faint|p2a: Skarmory\n|\n|win|WaluigiVGC\n|raw|WaluigiVGC's rating: 1090 &rarr; <strong>1123</strong><br />(+33 for winning)\n|raw|Syke11's rating: 1178 &rarr; <strong>1147</strong><br />(-31 for losing)\n|l|\u2606Syke11\n|player|p2|\n",
  "uploadtime": 1776291038,
  "views": 39,
  "formatid": "gen9championsvgc2026regma",
  "rating": 1123,
  "private": 0,
  "password": null
}