{
  "id": "gen9championsvgc2026regma-2583485662",
  "format": "[Gen 9 Champions] VGC 2026 Reg M-A",
  "players": [
    "paldeanginger",
    "darksol1111"
  ],
  "log": "|j|\u2606paldeanginger\n|j|\u2606darksol1111\n|t:|1776178672\n|gametype|doubles\n|player|p1|paldeanginger|266|1053\n|player|p2|darksol1111|veteran|1109\n|gen|9\n|tier|[Gen 9 Champions] VGC 2026 Reg M-A\n|rated|\n|rule|Species Clause: Limit one of each Pok\u00e9mon\n|rule|Item Clause: Limit 1 of each item\n|clearpoke\n|poke|p1|Ceruledge, L50, F|\n|poke|p1|Sneasler, L50, M|\n|poke|p1|Aerodactyl, L50, F|\n|poke|p1|Meganium, L50, M|\n|poke|p1|Samurott-Hisui, L50, F|\n|poke|p1|Excadrill, L50, M|\n|poke|p2|Floette-Eternal, L50, F|\n|poke|p2|Garchomp, L50, M|\n|poke|p2|Incineroar, L50, F|\n|poke|p2|Sneasler, L50, M|\n|poke|p2|Basculegion, L50, M|\n|poke|p2|Aerodactyl, L50, F|\n|teampreview|4\n|\n|t:|1776178699\n|teamsize|p1|4\n|teamsize|p2|4\n|start\n|switch|p1a: Sneasler|Sneasler, L50, M, shiny|100/100\n|switch|p1b: Samurott|Samurott-Hisui, L50, F, shiny|100/100\n|switch|p2a: Incineroar|Incineroar, L50, F|100/100\n|switch|p2b: Basculegion|Basculegion, L50, M|100/100\n|-ability|p2a: Incineroar|Intimidate|boost\n|-unboost|p1a: Sneasler|atk|1\n|-unboost|p1b: Samurott|atk|1\n|-enditem|p1a: Sneasler|White Herb\n|-clearnegativeboost|p1a: Sneasler|[silent]\n|turn|1\n|\n|t:|1776178716\n|move|p1b: Samurott|Upper Hand|p2a: Incineroar\n|-supereffective|p2a: Incineroar|1\n|-damage|p2a: Incineroar|80/100\n|cant|p2a: Incineroar|flinch\n|move|p1a: Sneasler|Acrobatics|p2b: Basculegion\n|-damage|p2b: Basculegion|44/100\n|move|p2b: Basculegion|Flip Turn|p1a: Sneasler\n|-damage|p1a: Sneasler|35/100\n|\n|t:|1776178727\n|switch|p2b: Aerodactyl|Aerodactyl, L50, F|100/100|[from] Flip Turn\n|-ability|p2b: Aerodactyl|Unnerve\n|\n|upkeep\n|turn|2\n|\n|t:|1776178744\n|switch|p1a: Aerodactyl|Aerodactyl, L50, F, shiny|100/100\n|-ability|p1a: Aerodactyl|Unnerve\n|move|p2b: Aerodactyl|Protect|p2b: Aerodactyl\n|-singleturn|p2b: Aerodactyl|Protect\n|move|p1b: Samurott|Aqua Cutter|p2b: Aerodactyl\n|-activate|p2b: Aerodactyl|move: Protect\n|move|p2a: Incineroar|Parting Shot|p1a: Aerodactyl\n|-unboost|p1a: Aerodactyl|atk|1\n|-unboost|p1a: Aerodactyl|spa|1\n|\n|t:|1776178758\n|switch|p2a: Sneasler|Sneasler, L50, M|100/100|[from] Parting Shot\n|\n|upkeep\n|turn|3\n|\n|t:|1776178770\n|move|p2b: Aerodactyl|Rock Slide|p1a: Aerodactyl|[spread] p1b\n|-miss|p2b: Aerodactyl|p1a: Aerodactyl\n|-damage|p1b: Samurott|65/100\n|move|p1a: Aerodactyl|Tailwind|p1a: Aerodactyl\n|-sidestart|p1: paldeanginger|move: Tailwind\n|cant|p1b: Samurott|flinch\n|move|p2a: Sneasler|Close Combat|p1b: Samurott\n|-supereffective|p1b: Samurott|1\n|-damage|p1b: Samurott|0 fnt\n|-unboost|p2a: Sneasler|def|1\n|-unboost|p2a: Sneasler|spd|1\n|faint|p1b: Samurott\n|-enditem|p2a: Sneasler|White Herb\n|-clearnegativeboost|p2a: Sneasler|[silent]\n|\n|upkeep\n|\n|t:|1776178782\n|switch|p1b: Sneasler|Sneasler, L50, M, shiny|35/100\n|turn|4\n|\n|t:|1776178789\n|move|p2a: Sneasler|Protect|p2a: Sneasler\n|-singleturn|p2a: Sneasler|Protect\n|move|p1b: Sneasler|Fake Out|p2a: Sneasler\n|-activate|p2a: Sneasler|move: Protect\n|move|p1a: Aerodactyl|Rock Blast|p2b: Aerodactyl\n|-supereffective|p2b: Aerodactyl|1\n|-damage|p2b: Aerodactyl|76/100\n|-supereffective|p2b: Aerodactyl|1\n|-damage|p2b: Aerodactyl|49/100\n|-hitcount|p2b: Aerodactyl|2\n|cant|p2b: Aerodactyl|flinch\n|\n|upkeep\n|turn|5\n|\n|t:|1776178812\n|move|p1a: Aerodactyl|Rock Slide|p2a: Sneasler|[spread] p2a,p2b\n|-resisted|p2a: Sneasler|1\n|-supereffective|p2b: Aerodactyl|1\n|-damage|p2a: Sneasler|84/100\n|-damage|p2b: Aerodactyl|0 fnt\n|faint|p2b: Aerodactyl\n|move|p2a: Sneasler|Close Combat|p1a: Aerodactyl\n|-damage|p1a: Aerodactyl|0 fnt\n|-unboost|p2a: Sneasler|def|1\n|-unboost|p2a: Sneasler|spd|1\n|faint|p1a: Aerodactyl\n|move|p1b: Sneasler|Acrobatics|p2a: Sneasler\n|-supereffective|p2a: Sneasler|1\n|-damage|p2a: Sneasler|0 fnt\n|faint|p2a: Sneasler\n|\n|upkeep\n|\n|t:|1776178829\n|switch|p2b: Basculegion|Basculegion, L50, M|44/100\n|switch|p1a: Meganium|Meganium, L50, M, shiny|100/100\n|switch|p2a: Incineroar|Incineroar, L50, F|80/100\n|-ability|p2a: Incineroar|Intimidate|boost\n|-unboost|p1a: Meganium|atk|1\n|-unboost|p1b: Sneasler|atk|1\n|turn|6\n|\n|t:|1776178842\n|detailschange|p1a: Meganium|Meganium-Mega, L50, M, shiny\n|-mega|p1a: Meganium|Meganium|Meganiumite\n|move|p1a: Meganium|Protect|p1a: Meganium\n|-singleturn|p1a: Meganium|Protect\n|move|p2b: Basculegion|Aqua Jet|p1b: Sneasler\n|-damage|p1b: Sneasler|0 fnt\n|faint|p1b: Sneasler\n|move|p2a: Incineroar|Flare Blitz|p1a: Meganium\n|-activate|p1a: Meganium|move: Protect\n|\n|-sideend|p1: paldeanginger|move: Tailwind\n|upkeep\n|turn|7\n|\n|t:|1776178853\n|move|p2b: Basculegion|Aqua Jet|p1a: Meganium\n|-resisted|p1a: Meganium|1\n|-damage|p1a: Meganium|87/100\n|move|p1a: Meganium|Dazzling Gleam|p2b: Basculegion|[spread] p2a,p2b\n|-crit|p2a: Incineroar\n|-damage|p2a: Incineroar|32/100\n|-damage|p2b: Basculegion|3/100\n|-enditem|p2a: Incineroar|Sitrus Berry|[eat]\n|-heal|p2a: Incineroar|56/100|[from] item: Sitrus Berry\n|move|p2a: Incineroar|Flare Blitz|p1a: Meganium\n|-supereffective|p1a: Meganium|1\n|-damage|p1a: Meganium|0 fnt\n|faint|p1a: Meganium\n|-damage|p2a: Incineroar|34/100|[from] Recoil\n|\n|win|darksol1111\n|raw|paldeanginger's rating: 1053 &rarr; <strong>1038</strong><br />(-15 for losing)\n|raw|darksol1111's rating: 1109 &rarr; <strong>1130</strong><br />(+21 for winning)\n|l|\u2606paldeanginger\n|player|p1|\n",
  "uploadtime": 1776179123,
  "views": 14,
  "formatid": "gen9championsvgc2026regma",
  "rating": 1038,
  "private": 0,
  "password": null
}