{
  "id": "gen9championsvgc2026regma-2582086437",
  "format": "[Gen 9 Champions] VGC 2026 Reg M-A",
  "players": [
    "tecnoblode",
    "JaxviVGC"
  ],
  "log": "|j|\u2606tecnoblode\n|j|\u2606JaxviVGC\n|t:|1776056138\n|gametype|doubles\n|player|p1|tecnoblode|harlequin|1263\n|player|p2|JaxviVGC|ethan|1205\n|gen|9\n|tier|[Gen 9 Champions] VGC 2026 Reg M-A\n|rated|\n|rule|Species Clause: Limit one of each Pok\u00e9mon\n|rule|Item Clause: Limit 1 of each item\n|clearpoke\n|poke|p1|Gengar, L50, F|\n|poke|p1|Torkoal, L50, M|\n|poke|p1|Dragapult, L50, F|\n|poke|p1|Talonflame, L50, M|\n|poke|p1|Kingambit, L50, F|\n|poke|p1|Sneasler, L50, M|\n|poke|p2|Rotom-Wash, L50|\n|poke|p2|Whimsicott, L50, F|\n|poke|p2|Floette-Eternal, L50, F|\n|poke|p2|Tyranitar, L50, M|\n|poke|p2|Excadrill, L50, F|\n|poke|p2|Sinistcha, L50|\n|teampreview|4\n|inactive|Battle timer is ON: inactive players will automatically lose when time's up. (requested by tecnoblode)\n|\n|t:|1776056186\n|teamsize|p1|4\n|teamsize|p2|4\n|start\n|switch|p1a: Gengar|Gengar, L50, F|100/100\n|switch|p1b: Talonflame|Talonflame, L50, M|100/100\n|switch|p2a: Rotom|Rotom-Wash, L50|100/100\n|switch|p2b: Floette|Floette-Eternal, L50, F|100/100\n|turn|1\n|inactive|tecnoblode has 30 seconds left.\n|inactive|JaxviVGC has 30 seconds left.\n|inactive|tecnoblode has 20 seconds left.\n|\n|t:|1776056223\n|switch|p1b: Sneasler|Sneasler, L50, M|100/100\n|switch|p2b: Tyranitar|Tyranitar, L50, M|100/100\n|-weather|Sandstorm|[from] ability: Sand Stream|[of] p2b: Tyranitar\n|detailschange|p1a: Gengar|Gengar-Mega, L50, F\n|-mega|p1a: Gengar|Gengar|Gengarite\n|move|p1a: Gengar|Shadow Ball|p2b: Tyranitar\n|-resisted|p2b: Tyranitar|1\n|-damage|p2b: Tyranitar|86/100\n|move|p2a: Rotom|Thunderbolt|p1b: Sneasler\n|-damage|p1b: Sneasler|48/100\n|\n|-weather|Sandstorm|[upkeep]\n|-damage|p1a: Gengar|95/100|[from] Sandstorm\n|-damage|p1b: Sneasler|42/100|[from] Sandstorm\n|-damage|p2a: Rotom|95/100|[from] Sandstorm\n|upkeep\n|turn|2\n|inactive|JaxviVGC has 30 seconds left.\n|inactive|JaxviVGC has 20 seconds left.\n|\n|t:|1776056260\n|move|p2a: Rotom|Protect|p2a: Rotom\n|-singleturn|p2a: Rotom|Protect\n|move|p2b: Tyranitar|Protect|p2b: Tyranitar\n|-singleturn|p2b: Tyranitar|Protect\n|move|p1a: Gengar|Shadow Ball|p2a: Rotom\n|-activate|p2a: Rotom|move: Protect\n|move|p1b: Sneasler|Close Combat|p2b: Tyranitar\n|-activate|p2b: Tyranitar|move: Protect\n|\n|-weather|Sandstorm|[upkeep]\n|-damage|p1a: Gengar|89/100|[from] Sandstorm\n|-damage|p1b: Sneasler|36/100|[from] Sandstorm\n|-damage|p2a: Rotom|89/100|[from] Sandstorm\n|upkeep\n|turn|3\n|\n|t:|1776056281\n|move|p2b: Tyranitar|Protect||[still]\n|-fail|p2b: Tyranitar\n|move|p1a: Gengar|Shadow Ball|p2a: Rotom\n|-damage|p2a: Rotom|38/100\n|-enditem|p2a: Rotom|Sitrus Berry|[eat]\n|-heal|p2a: Rotom|63/100|[from] item: Sitrus Berry\n|move|p1b: Sneasler|Close Combat|p2b: Tyranitar\n|-supereffective|p2b: Tyranitar|2\n|-damage|p2b: Tyranitar|0 fnt\n|-unboost|p1b: Sneasler|def|1\n|-unboost|p1b: Sneasler|spd|1\n|faint|p2b: Tyranitar\n|move|p2a: Rotom|Thunderbolt|p1b: Sneasler\n|-damage|p1b: Sneasler|0 fnt\n|faint|p1b: Sneasler\n|\n|-weather|Sandstorm|[upkeep]\n|-damage|p1a: Gengar|83/100|[from] Sandstorm\n|-damage|p2a: Rotom|57/100|[from] Sandstorm\n|upkeep\n|\n|t:|1776056298\n|switch|p1b: Kingambit|Kingambit, L50, F|100/100\n|switch|p2b: Excadrill|Excadrill, L50, F|100/100\n|turn|4\n|\n|t:|1776056313\n|move|p2b: Excadrill|Protect|p2b: Excadrill\n|-singleturn|p2b: Excadrill|Protect\n|move|p1b: Kingambit|Sucker Punch||[still]\n|-fail|p1b: Kingambit\n|move|p1a: Gengar|Shadow Ball|p2b: Excadrill\n|-activate|p2b: Excadrill|move: Protect\n|move|p2a: Rotom|Will-O-Wisp|p1b: Kingambit\n|-status|p1b: Kingambit|brn\n|\n|-weather|Sandstorm|[upkeep]\n|-damage|p1a: Gengar|77/100|[from] Sandstorm\n|-damage|p2a: Rotom|52/100|[from] Sandstorm\n|-damage|p1b: Kingambit|95/100 brn|[from] brn\n|upkeep\n|turn|5\n|-activate|p1b: Kingambit|item: Quick Claw\n|\n|t:|1776056331\n|move|p1b: Kingambit|Sucker Punch|p2b: Excadrill\n|-damage|p2b: Excadrill|70/100\n|move|p2b: Excadrill|High Horsepower|p1a: Gengar\n|-supereffective|p1a: Gengar|1\n|-damage|p1a: Gengar|0 fnt\n|faint|p1a: Gengar\n|move|p2a: Rotom|Hydro Pump|p1b: Kingambit\n|-damage|p1b: Kingambit|53/100 brn\n|\n|-weather|none\n|-damage|p1b: Kingambit|47/100 brn|[from] brn\n|upkeep\n|\n|t:|1776056337\n|switch|p1a: Talonflame|Talonflame, L50, M|100/100\n|turn|6\n|\n|t:|1776056352\n|move|p2b: Excadrill|Protect|p2b: Excadrill\n|-singleturn|p2b: Excadrill|Protect\n|move|p1b: Kingambit|Sucker Punch|p2a: Rotom\n|-damage|p2a: Rotom|29/100\n|move|p1a: Talonflame|Flare Blitz|p2b: Excadrill\n|-activate|p2b: Excadrill|move: Protect\n|move|p2a: Rotom|Thunderbolt|p1a: Talonflame\n|-supereffective|p1a: Talonflame|1\n|-damage|p1a: Talonflame|0 fnt\n|faint|p1a: Talonflame\n|\n|-damage|p1b: Kingambit|41/100 brn|[from] brn\n|upkeep\n|turn|7\n|-activate|p1b: Kingambit|item: Quick Claw\n|\n|t:|1776056367\n|move|p1b: Kingambit|Brick Break|p2a: Rotom\n|-damage|p2a: Rotom|12/100\n|move|p2b: Excadrill|High Horsepower|p1b: Kingambit\n|-supereffective|p1b: Kingambit|1\n|-damage|p1b: Kingambit|0 fnt\n|faint|p1b: Kingambit\n|\n|win|JaxviVGC\n|raw|tecnoblode's rating: 1263 &rarr; <strong>1234</strong><br />(-29 for losing)\n|raw|JaxviVGC's rating: 1205 &rarr; <strong>1234</strong><br />(+29 for winning)\n",
  "uploadtime": 1776056377,
  "views": 32,
  "formatid": "gen9championsvgc2026regma",
  "rating": 1234,
  "private": 0,
  "password": null
}