{
  "id": "gen9championsvgc2026regma-2584953351",
  "format": "[Gen 9 Champions] VGC 2026 Reg M-A",
  "players": [
    "Techwiz_101",
    "Westcoast 888"
  ],
  "log": "|j|\u2606Techwiz_101\n|j|\u2606Westcoast 888\n|t:|1776297691\n|gametype|doubles\n|player|p1|Techwiz_101|102|1182\n|player|p2|Westcoast 888|169|1093\n|gen|9\n|tier|[Gen 9 Champions] VGC 2026 Reg M-A\n|rated|\n|rule|Species Clause: Limit one of each Pok\u00e9mon\n|rule|Item Clause: Limit 1 of each item\n|clearpoke\n|poke|p1|Zoroark-Hisui, L50, M|\n|poke|p1|Gallade, L50, M|\n|poke|p1|Liepard, L50, M|\n|poke|p1|Araquanid, L50, M|\n|poke|p1|Aggron, L50, F|\n|poke|p1|Weavile, L50, F|\n|poke|p2|Kingambit, L50, M|\n|poke|p2|Kangaskhan, L50, F|\n|poke|p2|Blastoise, L50, F|\n|poke|p2|Sinistcha, L50|\n|poke|p2|Aerodactyl, L50, M|\n|poke|p2|Farigiraf, L50, F|\n|teampreview|4\n|\n|t:|1776297727\n|teamsize|p1|4\n|teamsize|p2|4\n|start\n|switch|p1a: Liepard|Liepard, L50, M|100/100\n|switch|p1b: Aggron|Aggron, L50, F|100/100\n|switch|p2a: Blastoise|Blastoise, L50, F|100/100\n|switch|p2b: Kingambit|Kingambit, L50, M|100/100\n|turn|1\n|\n|t:|1776297753\n|detailschange|p1b: Aggron|Aggron-Mega, L50, F\n|-mega|p1b: Aggron|Aggron|Aggronite\n|move|p1a: Liepard|Protect|p1a: Liepard\n|-singleturn|p1a: Liepard|Protect\n|move|p2a: Blastoise|Fake Out|p1a: Liepard\n|-activate|p1a: Liepard|move: Protect\n|move|p2b: Kingambit|Low Kick|p1b: Aggron\n|-supereffective|p1b: Aggron|1\n|-damage|p1b: Aggron|68/100\n|move|p1b: Aggron|Body Press|p2b: Kingambit\n|-supereffective|p2b: Kingambit|2\n|-damage|p2b: Kingambit|0 fnt\n|faint|p2b: Kingambit\n|\n|upkeep\n|\n|t:|1776297767\n|switch|p2b: Aerodactyl|Aerodactyl, L50, M|100/100\n|-ability|p2b: Aerodactyl|Unnerve\n|turn|2\n|\n|t:|1776297794\n|detailschange|p2a: Blastoise|Blastoise-Mega, L50, F\n|-mega|p2a: Blastoise|Blastoise|Blastoisinite\n|move|p2b: Aerodactyl|Tailwind|p2b: Aerodactyl\n|-sidestart|p2: Westcoast 888|move: Tailwind\n|move|p2a: Blastoise|Water Spout|p1a: Liepard|[spread] p1a,p1b\n|-enditem|p1a: Liepard|Focus Sash\n|-damage|p1a: Liepard|1/100\n|-damage|p1b: Aggron|6/100\n|replace|p1a: Zoroark|Zoroark-Hisui, L50, M\n|-end|p1a: Zoroark|Illusion\n|move|p1a: Zoroark|Icy Wind|p2a: Blastoise|[spread] p2a,p2b\n|-resisted|p2a: Blastoise|1\n|-supereffective|p2b: Aerodactyl|1\n|-damage|p2a: Blastoise|94/100\n|-damage|p2b: Aerodactyl|64/100\n|-unboost|p2a: Blastoise|spe|1\n|-unboost|p2b: Aerodactyl|spe|1\n|move|p1b: Aggron|Heavy Slam|p2b: Aerodactyl\n|-supereffective|p2b: Aerodactyl|1\n|-damage|p2b: Aerodactyl|0 fnt\n|faint|p2b: Aerodactyl\n|\n|upkeep\n|\n|t:|1776297811\n|switch|p2b: Sinistcha|Sinistcha, L50|100/100\n|-heal|p2a: Blastoise|100/100|[from] ability: Hospitality|[of] p2b: Sinistcha\n|turn|3\n|\n|t:|1776297837\n|move|p1a: Zoroark|Protect|p1a: Zoroark\n|-singleturn|p1a: Zoroark|Protect\n|move|p2b: Sinistcha|Life Dew||[still]|[still]|[spread] \n|-fail|p2a: Blastoise|heal\n|-fail|p2b: Sinistcha|heal\n|move|p2a: Blastoise|Water Spout|p1a: Zoroark|[spread] p1b\n|-activate|p1a: Zoroark|move: Protect\n|-damage|p1b: Aggron|0 fnt\n|faint|p1b: Aggron\n|\n|upkeep\n|\n|t:|1776297849\n|switch|p1b: Liepard|Liepard, L50, M|100/100\n|turn|4\n|\n|t:|1776297858\n|move|p1b: Liepard|Fake Out|p2a: Blastoise\n|-damage|p2a: Blastoise|92/100\n|move|p2b: Sinistcha|Matcha Gotcha|p1b: Liepard|[spread] p1b\n|-miss|p2b: Sinistcha|p1a: Zoroark\n|-crit|p1b: Liepard\n|-damage|p1b: Liepard|46/100\n|move|p1a: Zoroark|Icy Wind|p2a: Blastoise|[spread] p2a,p2b\n|-resisted|p2a: Blastoise|1\n|-supereffective|p2b: Sinistcha|1\n|-damage|p2a: Blastoise|87/100\n|-damage|p2b: Sinistcha|76/100\n|-unboost|p2a: Blastoise|spe|1\n|-unboost|p2b: Sinistcha|spe|1\n|cant|p2a: Blastoise|flinch\n|\n|upkeep\n|turn|5\n|\n|t:|1776297891\n|move|p1a: Zoroark|Protect|p1a: Zoroark\n|-singleturn|p1a: Zoroark|Protect\n|move|p1b: Liepard|Knock Off|p2b: Sinistcha\n|-supereffective|p2b: Sinistcha|1\n|-enditem|p2b: Sinistcha|Colbur Berry|[eat]\n|-enditem|p2b: Sinistcha|Colbur Berry|[weaken]\n|-damage|p2b: Sinistcha|48/100\n|move|p2b: Sinistcha|Life Dew|p2b: Sinistcha|[spread] p2a,p2b\n|-heal|p2a: Blastoise|100/100\n|-heal|p2b: Sinistcha|74/100\n|move|p2a: Blastoise|Water Spout|p1a: Zoroark|[spread] p1b\n|-activate|p1a: Zoroark|move: Protect\n|-damage|p1b: Liepard|0 fnt\n|faint|p1b: Liepard\n|\n|-sideend|p2: Westcoast 888|move: Tailwind\n|upkeep\n|\n|t:|1776297899\n|switch|p1b: Gallade|Gallade, L50, M|100/100\n|turn|6\n|\n|t:|1776297912\n|move|p1b: Gallade|Sacred Sword|p2a: Blastoise\n|-damage|p2a: Blastoise|45/100\n|move|p1a: Zoroark|Bitter Malice|p2b: Sinistcha\n|-supereffective|p2b: Sinistcha|1\n|-damage|p2b: Sinistcha|0 fnt\n|faint|p2b: Sinistcha\n|move|p2a: Blastoise|Water Spout|p1b: Gallade|[spread] p1a,p1b\n|-crit|p1b: Gallade\n|-damage|p1a: Zoroark|0 fnt\n|-damage|p1b: Gallade|50/100\n|faint|p1a: Zoroark\n|\n|upkeep\n|turn|7\n|\n|t:|1776297927\n|move|p1b: Gallade|Sacred Sword|p2a: Blastoise\n|-damage|p2a: Blastoise|0 fnt\n|faint|p2a: Blastoise\n|\n|win|Techwiz_101\n|raw|Techwiz_101's rating: 1182 &rarr; <strong>1201</strong><br />(+19 for winning)\n|raw|Westcoast 888's rating: 1093 &rarr; <strong>1075</strong><br />(-18 for losing)\n",
  "uploadtime": 1776297932,
  "views": 17,
  "formatid": "gen9championsvgc2026regma",
  "rating": 1075,
  "private": 0,
  "password": null
}