{
  "id": "gen9championsvgc2026regma-2582925264",
  "format": "[Gen 9 Champions] VGC 2026 Reg M-A",
  "players": [
    "Dollinhoplay",
    "cammellio"
  ],
  "log": "|j|\u2606Dollinhoplay\n|j|\u2606cammellio\n|t:|1776125511\n|gametype|doubles\n|player|p1|Dollinhoplay|rosa|1152\n|player|p2|cammellio|1|1058\n|gen|9\n|tier|[Gen 9 Champions] VGC 2026 Reg M-A\n|rated|\n|rule|Species Clause: Limit one of each Pok\u00e9mon\n|rule|Item Clause: Limit 1 of each item\n|clearpoke\n|poke|p1|Chandelure, L50, M|\n|poke|p1|Torkoal, L50, M|\n|poke|p1|Venusaur, L50, M|\n|poke|p1|Rotom-Wash, L50|\n|poke|p1|Clefable, L50, M|\n|poke|p1|Sneasler, L50, M|\n|poke|p2|Snorlax, L50, F|\n|poke|p2|Meganium, L50, M|\n|poke|p2|Pelipper, L50, M|\n|poke|p2|Sinistcha-Masterpiece, L50|\n|poke|p2|Incineroar, L50, F|\n|poke|p2|Kingambit, L50, F|\n|teampreview|4\n|\n|t:|1776125574\n|teamsize|p1|4\n|teamsize|p2|4\n|start\n|switch|p1a: Sneasler|Sneasler, L50, M|100/100\n|switch|p1b: Clefable|Clefable, L50, M|100/100\n|switch|p2a: Incineroar|Incineroar, L50, F|100/100\n|switch|p2b: Pelipper|Pelipper, L50, M|100/100\n|-weather|RainDance|[from] ability: Drizzle|[of] p2b: Pelipper\n|-ability|p2a: Incineroar|Intimidate|boost\n|-unboost|p1a: Sneasler|atk|1\n|-unboost|p1b: Clefable|atk|1\n|-enditem|p1a: Sneasler|White Herb\n|-clearnegativeboost|p1a: Sneasler|[silent]\n|turn|1\n|\n|t:|1776125609\n|move|p1a: Sneasler|Fake Out|p2b: Pelipper\n|-damage|p2b: Pelipper|81/100\n|move|p2a: Incineroar|Fake Out|p1b: Clefable\n|-crit|p1b: Clefable\n|-damage|p1b: Clefable|82/100\n|cant|p1b: Clefable|flinch\n|cant|p2b: Pelipper|flinch\n|\n|-weather|RainDance|[upkeep]\n|upkeep\n|turn|2\n|\n|t:|1776125628\n|switch|p2a: Sinistcha|Sinistcha-Masterpiece, L50|100/100\n|-heal|p2b: Pelipper|100/100|[from] ability: Hospitality|[of] p2a: Sinistcha\n|move|p1b: Clefable|Follow Me|p1b: Clefable\n|-singleturn|p1b: Clefable|move: Follow Me\n|move|p1a: Sneasler|Swords Dance|p1a: Sneasler\n|-boost|p1a: Sneasler|atk|2\n|move|p2b: Pelipper|Tailwind|p2b: Pelipper\n|-sidestart|p2: cammellio|move: Tailwind\n|\n|-weather|RainDance|[upkeep]\n|upkeep\n|turn|3\n|\n|t:|1776125647\n|switch|p1b: Torkoal|Torkoal, L50, M|100/100\n|-weather|SunnyDay|[from] ability: Drought|[of] p1b: Torkoal\n|move|p2a: Sinistcha|Rage Powder|p2a: Sinistcha\n|-singleturn|p2a: Sinistcha|move: Rage Powder\n|move|p1a: Sneasler|Dire Claw|p2a: Sinistcha\n|-damage|p2a: Sinistcha|28/100\n|move|p2b: Pelipper|Hurricane|p1a: Sneasler|[miss]\n|-miss|p2b: Pelipper|p1a: Sneasler\n|\n|-weather|SunnyDay|[upkeep]\n|upkeep\n|turn|4\n|\n|t:|1776125668\n|switch|p2a: Incineroar|Incineroar, L50, F|100/100\n|-ability|p2a: Incineroar|Intimidate|boost\n|-unboost|p1a: Sneasler|atk|1\n|-unboost|p1b: Torkoal|atk|1\n|switch|p1b: Clefable|Clefable, L50, M|82/100\n|move|p1a: Sneasler|Swords Dance|p1a: Sneasler\n|-boost|p1a: Sneasler|atk|2\n|move|p2b: Pelipper|Hurricane|p1a: Sneasler\n|-supereffective|p1a: Sneasler|1\n|-damage|p1a: Sneasler|0 fnt\n|faint|p1a: Sneasler\n|\n|-weather|SunnyDay|[upkeep]\n|upkeep\n|\n|t:|1776125700\n|switch|p1a: Venusaur|Venusaur, L50, M|100/100\n|turn|5\n|\n|t:|1776125724\n|switch|p2b: Snorlax|Snorlax, L50, F|100/100\n|move|p1b: Clefable|Follow Me|p1b: Clefable\n|-singleturn|p1b: Clefable|move: Follow Me\n|move|p1a: Venusaur|Sleep Powder|p2b: Snorlax\n|-status|p2b: Snorlax|slp|[from] move: Sleep Powder\n|move|p2a: Incineroar|Parting Shot|p1b: Clefable\n|-unboost|p1b: Clefable|atk|1\n|-unboost|p1b: Clefable|spa|1\n|\n|t:|1776125734\n|switch|p2a: Pelipper|Pelipper, L50, M|100/100|[from] Parting Shot\n|-weather|RainDance|[from] ability: Drizzle|[of] p2a: Pelipper\n|\n|-weather|RainDance|[upkeep]\n|-sideend|p2: cammellio|move: Tailwind\n|upkeep\n|turn|6\n|\n|t:|1776125755\n|switch|p2a: Incineroar|Incineroar, L50, F|100/100\n|-ability|p2a: Incineroar|Intimidate|boost\n|-unboost|p1a: Venusaur|atk|1\n|-unboost|p1b: Clefable|atk|1\n|switch|p1b: Torkoal|Torkoal, L50, M|100/100\n|-weather|SunnyDay|[from] ability: Drought|[of] p1b: Torkoal\n|move|p1a: Venusaur|Sleep Powder|p2a: Incineroar\n|-status|p2a: Incineroar|slp|[from] move: Sleep Powder\n|cant|p2b: Snorlax|slp\n|\n|-weather|SunnyDay|[upkeep]\n|upkeep\n|turn|7\n|\n|t:|1776125789\n|switch|p2a: Pelipper|Pelipper, L50, M|100/100\n|-weather|RainDance|[from] ability: Drizzle|[of] p2a: Pelipper\n|move|p1b: Torkoal|Protect|p1b: Torkoal\n|-singleturn|p1b: Torkoal|Protect\n|move|p1a: Venusaur|Sludge Wave|p2b: Snorlax|[spread] p2a,p2b\n|-activate|p1b: Torkoal|move: Protect\n|-damage|p2a: Pelipper|43/100\n|-damage|p2b: Snorlax|83/100 slp\n|cant|p2b: Snorlax|slp\n|\n|-weather|RainDance|[upkeep]\n|-heal|p2b: Snorlax|89/100 slp|[from] item: Leftovers\n|upkeep\n|turn|8\n|\n|t:|1776125810\n|switch|p1a: Clefable|Clefable, L50, M|82/100\n|move|p2a: Pelipper|Wide Guard|p2a: Pelipper\n|-singleturn|p2a: Pelipper|Wide Guard\n|-curestatus|p2b: Snorlax|slp|[msg]\n|move|p2b: Snorlax|Curse|p2b: Snorlax\n|-unboost|p2b: Snorlax|spe|1\n|-boost|p2b: Snorlax|atk|1\n|-boost|p2b: Snorlax|def|1\n|move|p1b: Torkoal|Eruption|p2a: Pelipper|[spread] \n|-activate|p2a: Pelipper|move: Wide Guard\n|-activate|p2b: Snorlax|move: Wide Guard\n|\n|-weather|RainDance|[upkeep]\n|-heal|p2b: Snorlax|95/100|[from] item: Leftovers\n|upkeep\n|turn|9\n|\n|t:|1776125830\n|move|p1b: Torkoal|Protect|p1b: Torkoal\n|-singleturn|p1b: Torkoal|Protect\n|move|p2a: Pelipper|Tailwind|p2a: Pelipper\n|-sidestart|p2: cammellio|move: Tailwind\n|move|p1a: Clefable|Sunny Day|p1a: Clefable\n|-weather|SunnyDay\n|move|p2b: Snorlax|Curse|p2b: Snorlax\n|-unboost|p2b: Snorlax|spe|1\n|-boost|p2b: Snorlax|atk|1\n|-boost|p2b: Snorlax|def|1\n|\n|-weather|SunnyDay|[upkeep]\n|-heal|p2b: Snorlax|100/100|[from] item: Leftovers\n|upkeep\n|turn|10\n|\n|t:|1776125849\n|move|p2a: Pelipper|Wide Guard|p2a: Pelipper\n|-singleturn|p2a: Pelipper|Wide Guard\n|move|p1a: Clefable|Moonblast|p2a: Pelipper\n|-damage|p2a: Pelipper|0 fnt\n|faint|p2a: Pelipper\n|move|p2b: Snorlax|High Horsepower|p1b: Torkoal|[miss]\n|-miss|p2b: Snorlax|p1b: Torkoal\n|move|p1b: Torkoal|Eruption|p2b: Snorlax\n|-activate|p2b: Snorlax|move: Wide Guard\n|\n|-weather|SunnyDay|[upkeep]\n|upkeep\n|\n|t:|1776125864\n|switch|p2a: Incineroar|Incineroar, L50, F|100/100 slp\n|-ability|p2a: Incineroar|Intimidate|boost\n|-unboost|p1a: Clefable|atk|1\n|-unboost|p1b: Torkoal|atk|1\n|turn|11\n|\n|t:|1776125889\n|switch|p1b: Venusaur|Venusaur, L50, M|100/100\n|cant|p2a: Incineroar|slp\n|move|p1a: Clefable|Moonblast|p2a: Incineroar\n|-damage|p2a: Incineroar|75/100 slp\n|move|p2b: Snorlax|Body Slam|p1b: Venusaur\n|-damage|p1b: Venusaur|6/100\n|\n|-weather|SunnyDay|[upkeep]\n|upkeep\n|turn|12\n|\n|t:|1776125920\n|move|p2b: Snorlax|Protect|p2b: Snorlax\n|-singleturn|p2b: Snorlax|Protect\n|move|p1b: Venusaur|Sleep Powder|p2b: Snorlax\n|-activate|p2b: Snorlax|move: Protect\n|-curestatus|p2a: Incineroar|slp|[msg]\n|move|p2a: Incineroar|Flare Blitz|p1b: Venusaur\n|-supereffective|p1b: Venusaur|1\n|-damage|p1b: Venusaur|0 fnt\n|faint|p1b: Venusaur\n|-damage|p2a: Incineroar|73/100|[from] Recoil\n|move|p1a: Clefable|Moonblast|p2a: Incineroar\n|-damage|p2a: Incineroar|48/100\n|\n|-weather|SunnyDay|[upkeep]\n|-sideend|p2: cammellio|move: Tailwind\n|upkeep\n|\n|t:|1776125934\n|switch|p1b: Torkoal|Torkoal, L50, M|100/100\n|turn|13\n|\n|t:|1776125954\n|move|p2a: Incineroar|Taunt|p1a: Clefable\n|-start|p1a: Clefable|move: Taunt\n|cant|p1a: Clefable|move: Taunt|Thunder Wave\n|move|p1b: Torkoal|Earth Power|p2a: Incineroar\n|-supereffective|p2a: Incineroar|1\n|-enditem|p2a: Incineroar|Shuca Berry|[eat]\n|-enditem|p2a: Incineroar|Shuca Berry|[weaken]\n|-damage|p2a: Incineroar|26/100\n|move|p2b: Snorlax|High Horsepower|p1b: Torkoal\n|-supereffective|p1b: Torkoal|1\n|-damage|p1b: Torkoal|15/100\n|\n|-weather|none\n|-heal|p1b: Torkoal|21/100|[from] item: Leftovers\n|upkeep\n|turn|14\n|\n|t:|1776125978\n|move|p1b: Torkoal|Protect|p1b: Torkoal\n|-singleturn|p1b: Torkoal|Protect\n|move|p2a: Incineroar|Flare Blitz|p1a: Clefable\n|-damage|p1a: Clefable|25/100\n|-damage|p2a: Incineroar|7/100|[from] Recoil\n|move|p1a: Clefable|Moonblast|p2a: Incineroar\n|-damage|p2a: Incineroar|0 fnt\n|faint|p2a: Incineroar\n|move|p2b: Snorlax|Body Slam|p1b: Torkoal\n|-activate|p1b: Torkoal|move: Protect\n|\n|-heal|p1b: Torkoal|27/100|[from] item: Leftovers\n|upkeep\n|\n|t:|1776125993\n|switch|p2a: Sinistcha|Sinistcha-Masterpiece, L50|28/100\n|turn|15\n|\n|t:|1776126003\n|move|p2a: Sinistcha|Matcha Gotcha|p1a: Clefable|[spread] p1a\n|-miss|p2a: Sinistcha|p1b: Torkoal\n|-damage|p1a: Clefable|7/100\n|-heal|p2a: Sinistcha|38/100|[from] drain|[of] p1a: Clefable\n|-status|p1a: Clefable|brn\n|move|p1a: Clefable|Moonblast|p2b: Snorlax\n|-damage|p2b: Snorlax|86/100\n|move|p1b: Torkoal|Flamethrower|p2b: Snorlax\n|-damage|p2b: Snorlax|75/100\n|-status|p2b: Snorlax|brn\n|move|p2b: Snorlax|Body Slam|p1b: Torkoal\n|-crit|p1b: Torkoal\n|-damage|p1b: Torkoal|0 fnt\n|faint|p1b: Torkoal\n|\n|-heal|p2b: Snorlax|81/100 brn|[from] item: Leftovers\n|-damage|p2b: Snorlax|75/100 brn|[from] brn\n|-end|p1a: Clefable|move: Taunt\n|upkeep\n|turn|16\n|-message|Dollinhoplay forfeited.\n|\n|win|cammellio\n|raw|Dollinhoplay's rating: 1152 &rarr; <strong>1120</strong><br />(-32 for losing)\n|raw|cammellio's rating: 1058 &rarr; <strong>1098</strong><br />(+40 for winning)\n|l|\u2606Dollinhoplay\n|player|p1|\n",
  "uploadtime": 1776126028,
  "views": 15,
  "formatid": "gen9championsvgc2026regma",
  "rating": 1098,
  "private": 0,
  "password": null
}