{
  "id": "gen9championsvgc2026regma-2583555725",
  "format": "[Gen 9 Champions] VGC 2026 Reg M-A",
  "players": [
    "CirclesOfSwellow",
    "LudwigVonHohenheim"
  ],
  "log": "|j|\u2606CirclesOfSwellow\n|j|\u2606LudwigVonHohenheim\n|t:|1776183061\n|gametype|doubles\n|player|p1|CirclesOfSwellow|barry|1103\n|player|p2|LudwigVonHohenheim|grimsley|1145\n|gen|9\n|tier|[Gen 9 Champions] VGC 2026 Reg M-A\n|rated|\n|rule|Species Clause: Limit one of each Pok\u00e9mon\n|rule|Item Clause: Limit 1 of each item\n|clearpoke\n|poke|p1|Hatterene, L50, F|\n|poke|p1|Farigiraf, L50, F|\n|poke|p1|Kingambit, L50, F|\n|poke|p1|Emboar, L50, F|\n|poke|p1|Drampa, L50, M|\n|poke|p1|Wyrdeer, L50, M|\n|poke|p2|Vivillon, L50, F|\n|poke|p2|Incineroar, L50, M|\n|poke|p2|Garchomp, L50, F|\n|poke|p2|Lucario, L50, F|\n|poke|p2|Primarina, L50, F|\n|poke|p2|Farigiraf, L50, M|\n|teampreview|4\n|inactive|Battle timer is ON: inactive players will automatically lose when time's up. (requested by CirclesOfSwellow)\nCirclesOfSwellow rejected open team sheets.\n|inactive|CirclesOfSwellow has 60 seconds left.\n|inactive|LudwigVonHohenheim has 60 seconds left.\n|\n|t:|1776183103\n|teamsize|p1|4\n|teamsize|p2|4\n|start\n|switch|p1a: Wyrdeer|Wyrdeer, L50, M|100/100\n|switch|p1b: Emboar|Emboar, L50, F|100/100\n|switch|p2a: Vivillon|Vivillon, L50, F|100/100\n|switch|p2b: Incineroar|Incineroar, L50, M|100/100\n|-ability|p2b: Incineroar|Intimidate|boost\n|-unboost|p1a: Wyrdeer|atk|1\n|-unboost|p1b: Emboar|atk|1\n|-ability|p1a: Wyrdeer|Intimidate|boost\n|-unboost|p2a: Vivillon|atk|1\n|-unboost|p2b: Incineroar|atk|1\n|turn|1\n|inactive|CirclesOfSwellow has 30 seconds left.\n|\n|t:|1776183132\n|switch|p1b: Kingambit|Kingambit, L50, F|100/100\n|move|p2b: Incineroar|Fake Out|p1b: Kingambit\n|-resisted|p1b: Kingambit|1\n|-damage|p1b: Kingambit|98/100\n|move|p2a: Vivillon|Tailwind|p2a: Vivillon\n|-sidestart|p2: LudwigVonHohenheim|move: Tailwind\n|move|p1a: Wyrdeer|Trick Room|p1a: Wyrdeer\n|-fieldstart|move: Trick Room|[of] p1a: Wyrdeer\n|\n|upkeep\n|turn|2\n|inactive|CirclesOfSwellow has 30 seconds left.\n|\n|t:|1776183158\n|switch|p1a: Emboar|Emboar, L50, F|100/100\n|switch|p2a: Garchomp|Garchomp, L50, F|100/100\n|move|p1b: Kingambit|Protect|p1b: Kingambit\n|-singleturn|p1b: Kingambit|Protect\n|move|p2b: Incineroar|Flare Blitz|p1b: Kingambit\n|-activate|p1b: Kingambit|move: Protect\n|\n|upkeep\n|turn|3\n|\n|t:|1776183177\n|switch|p2b: Vivillon|Vivillon, L50, F|100/100\n|move|p1b: Kingambit|Iron Head|p2a: Garchomp\n|-damage|p2a: Garchomp|60/100\n|-damage|p1b: Kingambit|86/100|[from] ability: Rough Skin|[of] p2a: Garchomp\n|move|p1a: Emboar|Close Combat|p2b: Vivillon\n|-resisted|p2b: Vivillon|2\n|-damage|p2b: Vivillon|70/100\n|-unboost|p1a: Emboar|def|1\n|-unboost|p1a: Emboar|spd|1\n|cant|p2a: Garchomp|flinch\n|\n|upkeep\n|turn|4\n|inactive|CirclesOfSwellow has 30 seconds left.\n|inactive|CirclesOfSwellow has 20 seconds left.\n|\n|t:|1776183215\n|move|p2b: Vivillon|Protect|p2b: Vivillon\n|-singleturn|p2b: Vivillon|Protect\n|move|p1b: Kingambit|Kowtow Cleave|p2a: Garchomp\n|-damage|p2a: Garchomp|18/100\n|-damage|p1b: Kingambit|73/100|[from] ability: Rough Skin|[of] p2a: Garchomp\n|move|p1a: Emboar|Close Combat|p2a: Garchomp\n|-damage|p2a: Garchomp|0 fnt\n|-unboost|p1a: Emboar|def|1\n|-unboost|p1a: Emboar|spd|1\n|-damage|p1a: Emboar|88/100|[from] ability: Rough Skin|[of] p2a: Garchomp\n|faint|p2a: Garchomp\n|\n|-sideend|p2: LudwigVonHohenheim|move: Tailwind\n|upkeep\n|\n|t:|1776183241\n|switch|p2a: Incineroar|Incineroar, L50, M|100/100\n|-ability|p2a: Incineroar|Intimidate|boost\n|-unboost|p1a: Emboar|atk|1\n|-unboost|p1b: Kingambit|atk|1\n|-ability|p1b: Kingambit|Defiant|boost\n|-boost|p1b: Kingambit|atk|2\n|turn|5\n|\n|t:|1776183264\n|move|p2a: Incineroar|Fake Out|p1a: Emboar\n|-damage|p1a: Emboar|62/100\n|move|p1b: Kingambit|Kowtow Cleave|p2b: Vivillon\n|-damage|p2b: Vivillon|0 fnt\n|faint|p2b: Vivillon\n|cant|p1a: Emboar|flinch\n|\n|-fieldend|move: Trick Room\n|upkeep\n|\n|t:|1776183274\n|switch|p2b: Lucario|Lucario, L50, F|100/100\n|turn|6\n|inactive|CirclesOfSwellow has 30 seconds left.\n|\n|t:|1776183300\n|switch|p1b: Hatterene|Hatterene, L50, F|100/100\n|move|p2b: Lucario|Protect|p2b: Lucario\n|-singleturn|p2b: Lucario|Protect\n|move|p2a: Incineroar|Flare Blitz|p1b: Hatterene\n|-damage|p1b: Hatterene|49/100\n|-damage|p2a: Incineroar|87/100|[from] Recoil\n|move|p1a: Emboar|Close Combat|p2b: Lucario\n|-activate|p2b: Lucario|move: Protect\n|\n|upkeep\n|turn|7\n|inactive|LudwigVonHohenheim has 30 seconds left.\n|\n|t:|1776183329\n|detailschange|p2b: Lucario|Lucario-Mega, L50, F\n|-mega|p2b: Lucario|Lucario|Lucarionite\n|move|p2b: Lucario|Aura Sphere|p1a: Emboar\n|-damage|p1a: Emboar|0 fnt\n|faint|p1a: Emboar\n|move|p2a: Incineroar|Flare Blitz|p1b: Hatterene\n|-damage|p1b: Hatterene|0 fnt\n|faint|p1b: Hatterene\n|-damage|p2a: Incineroar|74/100|[from] Recoil\n|\n|upkeep\n|\n|t:|1776183340\n|switch|p1a: Wyrdeer|Wyrdeer, L50, M|100/100\n|switch|p1b: Kingambit|Kingambit, L50, F|73/100\n|-ability|p1a: Wyrdeer|Intimidate|boost\n|-unboost|p2a: Incineroar|atk|1\n|-unboost|p2b: Lucario|atk|1\n|turn|8\n|\n|t:|1776183355\n|move|p1b: Kingambit|Protect|p1b: Kingambit\n|-singleturn|p1b: Kingambit|Protect\n|move|p2b: Lucario|Aura Sphere|p1b: Kingambit\n|-activate|p1b: Kingambit|move: Protect\n|move|p2a: Incineroar|Darkest Lariat|p1a: Wyrdeer\n|-supereffective|p1a: Wyrdeer|1\n|-damage|p1a: Wyrdeer|49/100\n|move|p1a: Wyrdeer|Trick Room|p1a: Wyrdeer\n|-fieldstart|move: Trick Room|[of] p1a: Wyrdeer\n|\n|upkeep\n|turn|9\n|inactive|CirclesOfSwellow has 30 seconds left.\n|\n|t:|1776183383\n|move|p2b: Lucario|Vacuum Wave|p1b: Kingambit\n|-supereffective|p1b: Kingambit|2\n|-damage|p1b: Kingambit|0 fnt\n|faint|p1b: Kingambit\n|move|p1a: Wyrdeer|Double-Edge|p2a: Incineroar\n|-damage|p2a: Incineroar|14/100\n|-damage|p1a: Wyrdeer|30/100|[from] Recoil\n|move|p2a: Incineroar|Darkest Lariat|p1a: Wyrdeer\n|-supereffective|p1a: Wyrdeer|1\n|-damage|p1a: Wyrdeer|0 fnt\n|faint|p1a: Wyrdeer\n|\n|win|LudwigVonHohenheim\n|raw|CirclesOfSwellow's rating: 1103 &rarr; <strong>1081</strong><br />(-22 for losing)\n|raw|LudwigVonHohenheim's rating: 1145 &rarr; <strong>1167</strong><br />(+22 for winning)\n|l|\u2606CirclesOfSwellow\n|player|p1|\n",
  "uploadtime": 1776183398,
  "views": 20,
  "formatid": "gen9championsvgc2026regma",
  "rating": 1081,
  "private": 0,
  "password": null
}