{
  "id": "gen9championsvgc2026regma-2585106033",
  "format": "[Gen 9 Champions] VGC 2026 Reg M-A",
  "players": [
    "JA22",
    "swampert054"
  ],
  "log": "|j|\u2606JA22\n|j|\u2606swampert054\n|t:|1776312427\n|gametype|doubles\n|player|p1|JA22|marshal|1063\n|player|p2|swampert054|169|1082\n|gen|9\n|tier|[Gen 9 Champions] VGC 2026 Reg M-A\n|rated|\n|rule|Species Clause: Limit one of each Pok\u00e9mon\n|rule|Item Clause: Limit 1 of each item\n|clearpoke\n|poke|p1|Incineroar, L50, M|\n|poke|p1|Pelipper, L50, F|\n|poke|p1|Sinistcha, L50|\n|poke|p1|Basculegion, L50, M|\n|poke|p1|Dragonite, L50, F|\n|poke|p1|Scizor, L50, F|\n|poke|p2|Hawlucha, L50, M|\n|poke|p2|Excadrill, L50, M|\n|poke|p2|Tyranitar, L50, M|\n|poke|p2|Sinistcha, L50|\n|poke|p2|Snorlax, L50, M|\n|poke|p2|Incineroar, L50, M|\n|teampreview|4\n|inactive|Battle timer is ON: inactive players will automatically lose when time's up. (requested by swampert054)\n|inactive|JA22 has 60 seconds left.\n|inactive|swampert054 has 60 seconds left.\n|\n|t:|1776312471\n|teamsize|p1|4\n|teamsize|p2|4\n|start\n|switch|p1a: Pelipper|Pelipper, L50, F|100/100\n|switch|p1b: Basculegion|Basculegion, L50, M, shiny|100/100\n|switch|p2a: Hawlucha|Hawlucha, L50, M, shiny|100/100\n|switch|p2b: Snorlax|Snorlax, L50, M, shiny|100/100\n|-ability|p2a: Hawlucha|Mold Breaker\n|-weather|RainDance|[from] ability: Drizzle|[of] p1a: Pelipper\n|turn|1\n|inactive|JA22 has 30 seconds left.\n|\n|t:|1776312500\n|switch|p2a: Tyranitar|Tyranitar, L50, M, shiny|100/100\n|-weather|Sandstorm|[from] ability: Sand Stream|[of] p2a: Tyranitar\n|move|p1b: Basculegion|Wave Crash|p2b: Snorlax\n|-damage|p2b: Snorlax|31/100\n|-damage|p1b: Basculegion|70/100|[from] Recoil\n|move|p1a: Pelipper|Tailwind|p1a: Pelipper\n|-sidestart|p1: JA22|move: Tailwind\n|move|p2b: Snorlax|Body Slam|p1a: Pelipper\n|-crit|p1a: Pelipper\n|-damage|p1a: Pelipper|14/100\n|-status|p1a: Pelipper|par\n|\n|-weather|Sandstorm|[upkeep]\n|-damage|p1b: Basculegion|63/100|[from] Sandstorm\n|-damage|p1a: Pelipper|9/100 par|[from] Sandstorm\n|-damage|p2b: Snorlax|25/100|[from] Sandstorm\n|-heal|p2b: Snorlax|31/100|[from] item: Leftovers\n|upkeep\n|turn|2\n|inactive|JA22 has 30 seconds left.\n|inactive|swampert054 has 30 seconds left.\n|inactive|swampert054 has 20 seconds left.\n|\n|t:|1776312538\n|switch|p1a: Sinistcha|Sinistcha, L50|100/100\n|-heal|p1b: Basculegion|88/100|[from] ability: Hospitality|[of] p1a: Sinistcha\n|switch|p2a: Sinistcha|Sinistcha, L50, shiny|100/100\n|-heal|p2b: Snorlax|56/100|[from] ability: Hospitality|[of] p2a: Sinistcha\n|move|p1b: Basculegion|Wave Crash|p2b: Snorlax\n|-damage|p2b: Snorlax|0 fnt\n|faint|p2b: Snorlax\n|-damage|p1b: Basculegion|63/100|[from] Recoil\n|\n|-weather|Sandstorm|[upkeep]\n|-damage|p1b: Basculegion|57/100|[from] Sandstorm\n|-damage|p1a: Sinistcha|94/100|[from] Sandstorm\n|-damage|p2a: Sinistcha|94/100|[from] Sandstorm\n|-heal|p1a: Sinistcha|100/100|[from] item: Leftovers\n|upkeep\n|\n|t:|1776312555\n|switch|p2b: Hawlucha|Hawlucha, L50, M, shiny|100/100\n|-ability|p2b: Hawlucha|Mold Breaker\n|turn|3\n|\n|t:|1776312569\n|detailschange|p2b: Hawlucha|Hawlucha-Mega, L50, M, shiny\n|-mega|p2b: Hawlucha|Hawlucha|Hawluchanite\n|move|p2a: Sinistcha|Rage Powder|p2a: Sinistcha\n|-singleturn|p2a: Sinistcha|move: Rage Powder\n|move|p1b: Basculegion|Wave Crash|p2a: Sinistcha\n|-resisted|p2a: Sinistcha|1\n|-damage|p2a: Sinistcha|58/100\n|-damage|p1b: Basculegion|47/100|[from] Recoil\n|move|p2b: Hawlucha|Brave Bird|p1a: Sinistcha\n|-supereffective|p1a: Sinistcha|1\n|-crit|p1a: Sinistcha\n|-damage|p1a: Sinistcha|0 fnt\n|faint|p1a: Sinistcha\n|-damage|p2b: Hawlucha|62/100|[from] Recoil\n|\n|-weather|Sandstorm|[upkeep]\n|-damage|p1b: Basculegion|41/100|[from] Sandstorm\n|-damage|p2b: Hawlucha|57/100|[from] Sandstorm\n|-damage|p2a: Sinistcha|52/100|[from] Sandstorm\n|upkeep\n|\n|t:|1776312593\n|switch|p1a: Dragonite|Dragonite, L50, F, shiny|100/100\n|turn|4\n|\n|t:|1776312605\n|switch|p1a: Pelipper|Pelipper, L50, F|9/100 par\n|-weather|RainDance|[from] ability: Drizzle|[of] p1a: Pelipper\n|move|p2b: Hawlucha|Protect|p2b: Hawlucha\n|-singleturn|p2b: Hawlucha|Protect\n|move|p2a: Sinistcha|Protect|p2a: Sinistcha\n|-singleturn|p2a: Sinistcha|Protect\n|move|p1b: Basculegion|Wave Crash|p2b: Hawlucha\n|-activate|p2b: Hawlucha|move: Protect\n|\n|-weather|RainDance|[upkeep]\n|-sideend|p1: JA22|move: Tailwind\n|upkeep\n|turn|5\n|\n|t:|1776312626\n|switch|p2a: Tyranitar|Tyranitar, L50, M, shiny|100/100\n|-weather|Sandstorm|[from] ability: Sand Stream|[of] p2a: Tyranitar\n|move|p1b: Basculegion|Wave Crash|p2a: Tyranitar\n|-supereffective|p2a: Tyranitar|1\n|-damage|p2a: Tyranitar|0 fnt\n|faint|p2a: Tyranitar\n|-damage|p1b: Basculegion|6/100|[from] Recoil\n|move|p2b: Hawlucha|Brave Bird|p1b: Basculegion\n|-damage|p1b: Basculegion|0 fnt\n|faint|p1b: Basculegion\n|-damage|p2b: Hawlucha|54/100|[from] Recoil\n|move|p1a: Pelipper|Tailwind|p1a: Pelipper\n|-sidestart|p1: JA22|move: Tailwind\n|\n|-weather|Sandstorm|[upkeep]\n|-damage|p2b: Hawlucha|48/100|[from] Sandstorm\n|-damage|p1a: Pelipper|3/100 par|[from] Sandstorm\n|upkeep\n|\n|t:|1776312645\n|switch|p1b: Dragonite|Dragonite, L50, F, shiny|100/100\n|switch|p2a: Sinistcha|Sinistcha, L50, shiny|52/100\n|-heal|p2b: Hawlucha|73/100|[from] ability: Hospitality|[of] p2a: Sinistcha\n|turn|6\n|\n|t:|1776312664\n|detailschange|p1b: Dragonite|Dragonite-Mega, L50, F, shiny\n|-mega|p1b: Dragonite|Dragonite|Dragoninite\n|move|p2b: Hawlucha|Protect|p2b: Hawlucha\n|-singleturn|p2b: Hawlucha|Protect\n|move|p1b: Dragonite|Hurricane|p2a: Sinistcha\n|-supereffective|p2a: Sinistcha|1\n|-damage|p2a: Sinistcha|0 fnt\n|faint|p2a: Sinistcha\n|move|p1a: Pelipper|Weather Ball|p2b: Hawlucha\n|-activate|p2b: Hawlucha|move: Protect\n|\n|-weather|Sandstorm|[upkeep]\n|-damage|p1b: Dragonite|94/100|[from] Sandstorm\n|-damage|p2b: Hawlucha|67/100|[from] Sandstorm\n|-damage|p1a: Pelipper|0 fnt|[from] Sandstorm\n|faint|p1a: Pelipper\n|upkeep\n|turn|7\n|\n|t:|1776312686\n|move|p1b: Dragonite|Hurricane|p2b: Hawlucha\n|-supereffective|p2b: Hawlucha|1\n|-damage|p2b: Hawlucha|0 fnt\n|faint|p2b: Hawlucha\n|\n|win|JA22\n|raw|JA22's rating: 1063 &rarr; <strong>1095</strong><br />(+32 for winning)\n|raw|swampert054's rating: 1082 &rarr; <strong>1058</strong><br />(-24 for losing)\n|l|\u2606swampert054\n|player|p2|\n",
  "uploadtime": 1776312695,
  "views": 45,
  "formatid": "gen9championsvgc2026regma",
  "rating": 1058,
  "private": 0,
  "password": null
}