{
  "id": "gen9championsvgc2026regma-2586439317",
  "format": "[Gen 9 Champions] VGC 2026 Reg M-A",
  "players": [
    "Alievew",
    "Dr. Steam"
  ],
  "log": "|j|\u2606Alievew\n|j|\u2606Dr. Steam\n|t:|1776434780\n|gametype|doubles\n|player|p1|Alievew|riley|1289\n|player|p2|Dr. Steam|170|1290\n|gen|9\n|tier|[Gen 9 Champions] VGC 2026 Reg M-A\n|rated|\n|rule|Species Clause: Limit one of each Pok\u00e9mon\n|rule|Item Clause: Limit 1 of each item\n|clearpoke\n|poke|p1|Pelipper, L50, F|\n|poke|p1|Rotom-Heat, L50|\n|poke|p1|Sinistcha-Masterpiece, L50|\n|poke|p1|Archaludon, L50, M|\n|poke|p1|Meganium, L50, F|\n|poke|p1|Basculegion, L50, M|\n|poke|p2|Charizard, L50, F|\n|poke|p2|Araquanid, L50, M|\n|poke|p2|Mamoswine, L50, M|\n|poke|p2|Sneasler, L50, M|\n|poke|p2|Kingambit, L50, M|\n|poke|p2|Meganium, L50, F|\n|teampreview|4\n|inactive|Battle timer is ON: inactive players will automatically lose when time's up. (requested by Alievew)\n|inactive|Dr. Steam has 60 seconds left.\n|inactive|Dr. Steam has 30 seconds left.\n|inactive|Dr. Steam has 20 seconds left.\n|inactive|Dr. Steam has 15 seconds left.\n|inactive|Dr. Steam has 10 seconds left.\n|inactive|Dr. Steam has 5 seconds left.\n|\n|t:|1776434871\n|teamsize|p1|4\n|teamsize|p2|4\n|start\n|switch|p1a: Rotom|Rotom-Heat, L50|100/100\n|switch|p1b: Basculegion|Basculegion, L50, M|100/100\n|switch|p2a: Kingambit|Kingambit, L50, M, shiny|100/100\n|switch|p2b: Araquanid|Araquanid, L50, M, shiny|100/100\n|turn|1\n|\n|t:|1776434885\n|move|p1b: Basculegion|Aqua Jet|p2a: Kingambit\n|-damage|p2a: Kingambit|80/100\n|move|p2a: Kingambit|Sucker Punch||[still]\n|-fail|p2a: Kingambit\n|move|p1a: Rotom|Thunderbolt|p2b: Araquanid\n|-supereffective|p2b: Araquanid|1\n|-damage|p2b: Araquanid|11/100\n|move|p2b: Araquanid|Liquidation|p1a: Rotom\n|-supereffective|p1a: Rotom|1\n|-damage|p1a: Rotom|0 fnt\n|faint|p1a: Rotom\n|\n|upkeep\n|\n|t:|1776434899\n|switch|p1a: Pelipper|Pelipper, L50, F|100/100\n|-weather|RainDance|[from] ability: Drizzle|[of] p1a: Pelipper\n|turn|2\n|\n|t:|1776434912\n|move|p2b: Araquanid|Protect|p2b: Araquanid\n|-singleturn|p2b: Araquanid|Protect\n|move|p1b: Basculegion|Aqua Jet|p2b: Araquanid\n|-activate|p2b: Araquanid|move: Protect\n|move|p1a: Pelipper|Muddy Water|p2b: Araquanid|[spread] p2a\n|-activate|p2b: Araquanid|move: Protect\n|-damage|p2a: Kingambit|46/100\n|move|p2a: Kingambit|Kowtow Cleave|p1b: Basculegion\n|-supereffective|p1b: Basculegion|1\n|-damage|p1b: Basculegion|0 fnt\n|faint|p1b: Basculegion\n|\n|-weather|RainDance|[upkeep]\n|upkeep\n|\n|t:|1776434917\n|switch|p1b: Archaludon|Archaludon, L50, M|100/100\n|turn|3\n|\n|t:|1776434938\n|move|p1b: Archaludon|Electro Shot||[still]\n|-prepare|p1b: Archaludon|Electro Shot\n|-boost|p1b: Archaludon|spa|1\n|-anim|p1b: Archaludon|Electro Shot|p2a: Kingambit\n|-damage|p2a: Kingambit|0 fnt\n|faint|p2a: Kingambit\n|move|p1a: Pelipper|Muddy Water|p2b: Araquanid\n|-resisted|p2b: Araquanid|1\n|-damage|p2b: Araquanid|0 fnt\n|faint|p2b: Araquanid\n|\n|-weather|RainDance|[upkeep]\n|upkeep\n|\n|t:|1776434951\n|switch|p2a: Charizard|Charizard, L50, F, shiny|100/100\n|switch|p2b: Mamoswine|Mamoswine, L50, M, shiny|100/100\n|turn|4\n|\n|t:|1776434973\n|detailschange|p2a: Charizard|Charizard-Mega-Y, L50, F, shiny\n|-mega|p2a: Charizard|Charizard|Charizardite Y\n|-weather|SunnyDay|[from] ability: Drought|[of] p2a: Charizard\n|move|p1b: Archaludon|Protect|p1b: Archaludon\n|-singleturn|p1b: Archaludon|Protect\n|move|p2a: Charizard|Weather Ball|p1b: Archaludon\n|-activate|p1b: Archaludon|move: Protect\n|move|p2b: Mamoswine|Rock Slide|p1b: Archaludon|[spread] p1a\n|-activate|p1b: Archaludon|move: Protect\n|-supereffective|p1a: Pelipper|1\n|-damage|p1a: Pelipper|69/100\n|move|p1a: Pelipper|Tailwind|p1a: Pelipper\n|-sidestart|p1: Alievew|move: Tailwind\n|\n|-weather|SunnyDay|[upkeep]\n|upkeep\n|turn|5\n|inactive|Alievew has 30 seconds left.\n|inactive|Dr. Steam has 30 seconds left.\n|\n|t:|1776435010\n|move|p1a: Pelipper|Wide Guard|p1a: Pelipper\n|-singleturn|p1a: Pelipper|Wide Guard\n|move|p1b: Archaludon|Draco Meteor|p2a: Charizard\n|-damage|p2a: Charizard|0 fnt\n|-unboost|p1b: Archaludon|spa|2\n|faint|p2a: Charizard\n|move|p2b: Mamoswine|Earthquake|p1b: Archaludon|[spread] \n|-activate|p1a: Pelipper|move: Wide Guard\n|-activate|p1b: Archaludon|move: Wide Guard\n|\n|-weather|SunnyDay|[upkeep]\n|upkeep\n|turn|6\n|-message|Dr. Steam forfeited.\n|\n|win|Alievew\n|raw|Alievew's rating: 1289 &rarr; <strong>1314</strong><br />(+25 for winning)\n|raw|Dr. Steam's rating: 1290 &rarr; <strong>1265</strong><br />(-25 for losing)\n|l|\u2606Dr. Steam\n|player|p2|\n",
  "uploadtime": 1776435103,
  "views": 52,
  "formatid": "gen9championsvgc2026regma",
  "rating": 1265,
  "private": 0,
  "password": null
}