{
  "id": "gen9championsvgc2026regma-2586621688",
  "format": "[Gen 9 Champions] VGC 2026 Reg M-A",
  "players": [
    "josh_in_da_hills",
    "intercharismatic"
  ],
  "log": "|j|\u2606josh_in_da_hills\n|j|\u2606intercharismatic\n|t:|1776447477\n|gametype|doubles\n|player|p1|josh_in_da_hills|psychic-gen4|1053\n|player|p2|intercharismatic|grimsley|1045\n|gen|9\n|tier|[Gen 9 Champions] VGC 2026 Reg M-A\n|rated|\n|rule|Species Clause: Limit one of each Pok\u00e9mon\n|rule|Item Clause: Limit 1 of each item\n|clearpoke\n|poke|p1|Glimmora, L50, F|\n|poke|p1|Volcarona, L50, F|\n|poke|p1|Gyarados, L50, F|\n|poke|p1|Corviknight, L50, F|\n|poke|p1|Garchomp, L50, F|\n|poke|p1|Ninetales-Alola, L50, F|\n|poke|p2|Gallade, L50, M|\n|poke|p2|Mudsdale, L50, M|\n|poke|p2|Torkoal, L50, F|\n|poke|p2|Medicham, L50, M|\n|poke|p2|Sableye, L50, M|\n|poke|p2|Ariados, L50, F|\n|teampreview|4\n|inactive|Battle timer is ON: inactive players will automatically lose when time's up. (requested by intercharismatic)\n|c|\u2606josh_in_da_hills|uhhhh\n|inactive|josh_in_da_hills has 60 seconds left.\n|inactive|intercharismatic has 60 seconds left.\n|\n|t:|1776447534\n|teamsize|p1|4\n|teamsize|p2|4\n|start\n|switch|p1a: Worm|Gyarados, L50, F, shiny|100/100\n|switch|p1b: Bird ahh Bird|Corviknight, L50, F, shiny|100/100\n|switch|p2a: Sableye|Sableye, L50, M|100/100\n|switch|p2b: Medicham|Medicham, L50, M, shiny|100/100\n|-ability|p1a: Worm|Intimidate|boost\n|-unboost|p2a: Sableye|atk|1\n|-unboost|p2b: Medicham|atk|1\n|turn|1\n|\n|t:|1776447552\n|move|p2a: Sableye|Fake Out|p1a: Worm\n|-damage|p1a: Worm|95/100\n|cant|p1a: Worm|flinch\n|move|p1b: Bird ahh Bird|Iron Defense|p1b: Bird ahh Bird\n|-boost|p1b: Bird ahh Bird|def|2\n|move|p2b: Medicham|Trick Room|p2b: Medicham\n|-fieldstart|move: Trick Room|[of] p2b: Medicham\n|\n|upkeep\n|turn|2\n|inactive|intercharismatic has 30 seconds left.\n|\n|t:|1776447578\n|switch|p2b: Torkoal|Torkoal, L50, F|100/100\n|-weather|SunnyDay|[from] ability: Drought|[of] p2b: Torkoal\n|detailschange|p1a: Worm|Gyarados-Mega, L50, F, shiny\n|-mega|p1a: Worm|Gyarados|Gyaradosite\n|-ability|p1a: Worm|Mold Breaker\n|move|p2a: Sableye|Disable|p1b: Bird ahh Bird\n|-start|p1b: Bird ahh Bird|Disable|Iron Defense\n|cant|p1b: Bird ahh Bird|Disable|Iron Defense\n|move|p1a: Worm|Crunch|p2b: Torkoal\n|-damage|p2b: Torkoal|54/100\n|\n|-weather|SunnyDay|[upkeep]\n|upkeep\n|turn|3\n|inactive|josh_in_da_hills has 30 seconds left.\n|inactive|intercharismatic has 30 seconds left.\n|\n|t:|1776447607\n|move|p2a: Sableye|Detect|p2a: Sableye\n|-singleturn|p2a: Sableye|Protect\n|move|p2b: Torkoal|Weather Ball|p1b: Bird ahh Bird\n|-supereffective|p1b: Bird ahh Bird|1\n|-damage|p1b: Bird ahh Bird|0 fnt\n|faint|p1b: Bird ahh Bird\n|move|p1a: Worm|Waterfall|p2b: Torkoal\n|-supereffective|p2b: Torkoal|1\n|-damage|p2b: Torkoal|11/100\n|\n|-weather|SunnyDay|[upkeep]\n|upkeep\n|\n|t:|1776447625\n|switch|p1b: random bug i dunno|Volcarona, L50, F, shiny|100/100\n|turn|4\n|\n|t:|1776447645\n|move|p2b: Torkoal|Weather Ball|p1b: random bug i dunno\n|-damage|p1b: random bug i dunno|21/100\n|move|p2a: Sableye|Snarl|p1a: Worm|[spread] p1a,p1b\n|-resisted|p1a: Worm|1\n|-damage|p1a: Worm|91/100\n|-damage|p1b: random bug i dunno|11/100\n|-unboost|p1a: Worm|spa|1\n|-unboost|p1b: random bug i dunno|spa|1\n|move|p1a: Worm|Dragon Dance|p1a: Worm\n|-boost|p1a: Worm|atk|1\n|-boost|p1a: Worm|spe|1\n|move|p1b: random bug i dunno|Heat Wave|p2b: Torkoal|[spread] p2a,p2b\n|-resisted|p2b: Torkoal|1\n|-damage|p2a: Sableye|48/100\n|-damage|p2b: Torkoal|0 fnt\n|-status|p2a: Sableye|brn\n|faint|p2b: Torkoal\n|\n|-weather|SunnyDay|[upkeep]\n|-heal|p1b: random bug i dunno|17/100|[from] item: Leftovers\n|-damage|p2a: Sableye|42/100 brn|[from] brn\n|upkeep\n|c|\u2606josh_in_da_hills|say wallahi bro\n|\n|t:|1776447669\n|switch|p2b: Medicham|Medicham, L50, M, shiny|100/100\n|turn|5\n|\n|t:|1776447689\n|detailschange|p2b: Medicham|Medicham-Mega, L50, M, shiny\n|-mega|p2b: Medicham|Medicham|Medichamite\n|move|p2a: Sableye|Snarl|p1a: Worm|[spread] p1a,p1b\n|-resisted|p1a: Worm|1\n|-damage|p1a: Worm|88/100\n|-damage|p1b: random bug i dunno|6/100\n|-unboost|p1a: Worm|spa|1\n|-unboost|p1b: random bug i dunno|spa|1\n|move|p2b: Medicham|Drain Punch|p1a: Worm\n|-supereffective|p1a: Worm|1\n|-damage|p1a: Worm|0 fnt\n|faint|p1a: Worm\n|move|p1b: random bug i dunno|Heat Wave|p2a: Sableye|[spread] p2a,p2b\n|-damage|p2a: Sableye|7/100 brn\n|-damage|p2b: Medicham|70/100\n|\n|-weather|SunnyDay|[upkeep]\n|-heal|p1b: random bug i dunno|12/100|[from] item: Leftovers\n|-damage|p2a: Sableye|1/100 brn|[from] brn\n|-fieldend|move: Trick Room\n|upkeep\n|\n|t:|1776447698\n|switch|p1a: Adopt Me?|Ninetales-Alola, L50, F, shiny|100/100\n|-weather|Snowscape|[from] ability: Snow Warning|[of] p1a: Adopt Me?\n|turn|6\n|inactive|josh_in_da_hills has 30 seconds left.\n|inactive|intercharismatic has 30 seconds left.\n|\n|t:|1776447726\n|move|p1b: random bug i dunno|Protect|p1b: random bug i dunno\n|-singleturn|p1b: random bug i dunno|Protect\n|move|p2a: Sableye|Disable|p1b: random bug i dunno\n|-activate|p1b: random bug i dunno|move: Protect\n|move|p1a: Adopt Me?|Blizzard|p2a: Sableye|[spread] p2a,p2b\n|-damage|p2a: Sableye|0 fnt\n|-damage|p2b: Medicham|34/100\n|faint|p2a: Sableye\n|move|p2b: Medicham|Trick Room|p2b: Medicham\n|-fieldstart|move: Trick Room|[of] p2b: Medicham\n|\n|-weather|Snowscape|[upkeep]\n|-heal|p1b: random bug i dunno|19/100|[from] item: Leftovers\n|upkeep\n|\n|t:|1776447740\n|switch|p2a: Mudsdale|Mudsdale, L50, M|100/100\n|turn|7\n|\n|t:|1776447753\n|move|p2a: Mudsdale|Heavy Slam|p1a: Adopt Me?\n|-supereffective|p1a: Adopt Me?|2\n|-enditem|p1a: Adopt Me?|Focus Sash\n|-damage|p1a: Adopt Me?|1/100\n|move|p2b: Medicham|Psycho Cut|p1b: random bug i dunno\n|-damage|p1b: random bug i dunno|0 fnt\n|faint|p1b: random bug i dunno\n|move|p1a: Adopt Me?|Blizzard|p2a: Mudsdale|[spread] p2a,p2b\n|-supereffective|p2a: Mudsdale|1\n|-damage|p2a: Mudsdale|38/100\n|-damage|p2b: Medicham|0 fnt\n|-ability|p2a: Mudsdale|Stamina|boost\n|-boost|p2a: Mudsdale|def|1\n|faint|p2b: Medicham\n|\n|-weather|Snowscape|[upkeep]\n|-heal|p2a: Mudsdale|43/100|[from] item: Leftovers\n|upkeep\n|turn|8\n|\n|t:|1776447773\n|move|p1a: Adopt Me?|Protect|p1a: Adopt Me?\n|-singleturn|p1a: Adopt Me?|Protect\n|move|p2a: Mudsdale|Earthquake|p1a: Adopt Me?\n|-activate|p1a: Adopt Me?|move: Protect\n|\n|-weather|Snowscape|[upkeep]\n|-heal|p2a: Mudsdale|49/100|[from] item: Leftovers\n|upkeep\n|turn|9\n|\n|t:|1776447787\n|move|p2a: Mudsdale|Earthquake|p1a: Adopt Me?\n|-damage|p1a: Adopt Me?|0 fnt\n|faint|p1a: Adopt Me?\n|\n|win|intercharismatic\n|raw|josh_in_da_hills's rating: 1053 &rarr; <strong>1035</strong><br />(-18 for losing)\n|raw|intercharismatic's rating: 1045 &rarr; <strong>1079</strong><br />(+34 for winning)\n|l|\u2606intercharismatic\n|player|p2|\n|c|\u2606josh_in_da_hills|BROOOO i barely lost\n|l|\u2606josh_in_da_hills\n|player|p1|\n|j|\u2606intercharismatic\n|player|p2|intercharismatic|grimsley|\n",
  "uploadtime": 1776448339,
  "views": 43,
  "formatid": "gen9championsvgc2026regma",
  "rating": 1035,
  "private": 0,
  "password": null
}