{
  "id": "gen9championsvgc2026regma-2587148250",
  "format": "[Gen 9 Champions] VGC 2026 Reg M-A",
  "players": [
    "BluzoK",
    "calmnic"
  ],
  "log": "|j|\u2606BluzoK\n|j|\u2606calmnic\n|t:|1776500484\n|gametype|doubles\n|player|p1|BluzoK|2|1151\n|player|p2|calmnic|170|1180\n|gen|9\n|tier|[Gen 9 Champions] VGC 2026 Reg M-A\n|rated|\n|rule|Species Clause: Limit one of each Pok\u00e9mon\n|rule|Item Clause: Limit 1 of each item\n|clearpoke\n|poke|p1|Skarmory, L50, M|\n|poke|p1|Garchomp, L50, M|\n|poke|p1|Milotic, L50, F|\n|poke|p1|Incineroar, L50, M|\n|poke|p1|Kingambit, L50, F|\n|poke|p1|Sylveon, L50, M|\n|poke|p2|Floette-Eternal, L50, F|\n|poke|p2|Incineroar, L50, F|\n|poke|p2|Garchomp, L50, M|\n|poke|p2|Sinistcha, L50|\n|poke|p2|Raichu, L50, M|\n|poke|p2|Pidgeot, L50, F|\n|teampreview|4\n|inactive|Battle timer is ON: inactive players will automatically lose when time's up. (requested by calmnic)\n|inactive|calmnic has 60 seconds left.\n|\n|t:|1776500532\n|teamsize|p1|4\n|teamsize|p2|4\n|start\n|switch|p1a: Skarmory|Skarmory, L50, M|100/100\n|switch|p1b: Milotic|Milotic, L50, F|100/100\n|switch|p2a: Pidgeot|Pidgeot, L50, F|100/100\n|switch|p2b: Raichu|Raichu, L50, M|100/100\n|turn|1\n|\n|t:|1776500556\n|detailschange|p1a: Skarmory|Skarmory-Mega, L50, M\n|-mega|p1a: Skarmory|Skarmory|Skarmorite\n|move|p1a: Skarmory|Protect|p1a: Skarmory\n|-singleturn|p1a: Skarmory|Protect\n|move|p2b: Raichu|Fake Out|p1b: Milotic\n|-damage|p1b: Milotic|91/100\n|move|p2a: Pidgeot|Tailwind|p2a: Pidgeot\n|-sidestart|p2: calmnic|move: Tailwind\n|cant|p1b: Milotic|flinch\n|\n|-heal|p1b: Milotic|97/100|[from] item: Leftovers\n|upkeep\n|turn|2\n|inactive|BluzoK has 30 seconds left.\n|inactive|calmnic has 30 seconds left.\n|\n|t:|1776500586\n|switch|p1b: Garchomp|Garchomp, L50, M|100/100\n|detailschange|p2a: Pidgeot|Pidgeot-Mega, L50, F\n|-mega|p2a: Pidgeot|Pidgeot|Pidgeotite\n|move|p2a: Pidgeot|Hyper Beam|p1b: Garchomp\n|-damage|p1b: Garchomp|23/100\n|-mustrecharge|p2a: Pidgeot\n|move|p2b: Raichu|Nuzzle|p1a: Skarmory\n|-supereffective|p1a: Skarmory|1\n|-damage|p1a: Skarmory|82/100\n|-status|p1a: Skarmory|par\n|move|p1a: Skarmory|Tailwind|p1a: Skarmory\n|-sidestart|p1: BluzoK|move: Tailwind\n|\n|upkeep\n|turn|3\n|inactive|calmnic has 30 seconds left.\n|\n|t:|1776500612\n|switch|p2b: Garchomp|Garchomp, L50, M|100/100\n|cant|p2a: Pidgeot|recharge\n|move|p1b: Garchomp|Earthquake|p2a: Pidgeot|[spread] p2b\n|-immune|p1a: Skarmory\n|-immune|p2a: Pidgeot\n|-damage|p2b: Garchomp|64/100\n|cant|p1a: Skarmory|par\n|\n|upkeep\n|turn|4\n|inactive|calmnic has 30 seconds left.\n|\n|t:|1776500644\n|move|p1b: Garchomp|Protect|p1b: Garchomp\n|-singleturn|p1b: Garchomp|Protect\n|move|p2b: Garchomp|Dragon Claw|p1b: Garchomp\n|-activate|p1b: Garchomp|move: Protect\n|move|p2a: Pidgeot|Hurricane|p1a: Skarmory\n|-resisted|p1a: Skarmory|1\n|-damage|p1a: Skarmory|48/100 par\n|-start|p1a: Skarmory|confusion\n|-activate|p1a: Skarmory|confusion\n|-damage|p1a: Skarmory|34/100 par|[from] confusion\n|\n|-sideend|p2: calmnic|move: Tailwind\n|upkeep\n|turn|5\n|\n|t:|1776500665\n|switch|p2b: Sinistcha|Sinistcha, L50|100/100\n|move|p2a: Pidgeot|Protect|p2a: Pidgeot\n|-singleturn|p2a: Pidgeot|Protect\n|move|p1b: Garchomp|Dragon Claw|p2b: Sinistcha\n|-damage|p2b: Sinistcha|57/100\n|-end|p1a: Skarmory|confusion\n|move|p1a: Skarmory|Brave Bird|p2a: Pidgeot\n|-activate|p2a: Pidgeot|move: Protect\n|\n|-heal|p2b: Sinistcha|63/100|[from] item: Leftovers\n|-sideend|p1: BluzoK|move: Tailwind\n|upkeep\n|turn|6\n|inactive|calmnic has 30 seconds left.\n|\n|t:|1776500692\n|move|p1b: Garchomp|Protect|p1b: Garchomp\n|-singleturn|p1b: Garchomp|Protect\n|move|p2b: Sinistcha|Protect|p2b: Sinistcha\n|-singleturn|p2b: Sinistcha|Protect\n|move|p2a: Pidgeot|Hurricane|p1b: Garchomp\n|-activate|p1b: Garchomp|move: Protect\n|move|p1a: Skarmory|Brave Bird|p2b: Sinistcha\n|-activate|p2b: Sinistcha|move: Protect\n|\n|-heal|p2b: Sinistcha|69/100|[from] item: Leftovers\n|upkeep\n|turn|7\n|inactive|BluzoK has 30 seconds left.\n|\n|t:|1776500719\n|switch|p1b: Milotic|Milotic, L50, F|97/100\n|move|p2a: Pidgeot|Hurricane|p1b: Milotic\n|-damage|p1b: Milotic|55/100\n|move|p2b: Sinistcha|Strength Sap|p1a: Skarmory\n|-unboost|p1a: Skarmory|atk|1\n|-heal|p2b: Sinistcha|100/100\n|move|p1a: Skarmory|Brave Bird|p2b: Sinistcha\n|-supereffective|p2b: Sinistcha|1\n|-damage|p2b: Sinistcha|23/100\n|-damage|p1a: Skarmory|5/100 par|[from] Recoil\n|\n|-heal|p1b: Milotic|61/100|[from] item: Leftovers\n|-heal|p2b: Sinistcha|29/100|[from] item: Leftovers\n|upkeep\n|turn|8\n|\n|t:|1776500737\n|move|p2a: Pidgeot|Tailwind|p2a: Pidgeot\n|-sidestart|p2: calmnic|move: Tailwind\n|move|p2b: Sinistcha|Matcha Gotcha|p1b: Milotic|[spread] p1a,p1b\n|-resisted|p1a: Skarmory|2\n|-supereffective|p1b: Milotic|1\n|-crit|p1b: Milotic\n|-damage|p1a: Skarmory|0 fnt\n|-heal|p2b: Sinistcha|31/100|[from] drain|[of] p1a: Skarmory\n|-damage|p1b: Milotic|0 fnt\n|-heal|p2b: Sinistcha|66/100|[from] drain|[of] p1b: Milotic\n|faint|p1a: Skarmory\n|faint|p1b: Milotic\n|\n|-heal|p2b: Sinistcha|72/100|[from] item: Leftovers\n|upkeep\n|\n|t:|1776500751\n|switch|p1a: Kingambit|Kingambit, L50, F|100/100\n|switch|p1b: Garchomp|Garchomp, L50, M|23/100\n|turn|9\n|inactive|calmnic has 30 seconds left.\n|\n|t:|1776500778\n|move|p2b: Sinistcha|Rage Powder|p2b: Sinistcha\n|-singleturn|p2b: Sinistcha|move: Rage Powder\n|move|p2a: Pidgeot|Hyper Beam|p1b: Garchomp\n|-damage|p1b: Garchomp|0 fnt\n|-mustrecharge|p2a: Pidgeot\n|faint|p1b: Garchomp\n|move|p1a: Kingambit|Kowtow Cleave|p2b: Sinistcha\n|-supereffective|p2b: Sinistcha|1\n|-damage|p2b: Sinistcha|0 fnt\n|faint|p2b: Sinistcha\n|\n|upkeep\n|\n|t:|1776500787\n|switch|p2b: Raichu|Raichu, L50, M|100/100\n|turn|10\n|\n|t:|1776500795\n|move|p1a: Kingambit|Protect|p1a: Kingambit\n|-singleturn|p1a: Kingambit|Protect\n|cant|p2a: Pidgeot|recharge\n|move|p2b: Raichu|Nuzzle|p1a: Kingambit\n|-activate|p1a: Kingambit|move: Protect\n|\n|upkeep\n|turn|11\n|\n|t:|1776500805\n|move|p1a: Kingambit|Sucker Punch|p2b: Raichu\n|-damage|p2b: Raichu|23/100\n|move|p2a: Pidgeot|Hurricane|p1a: Kingambit\n|-resisted|p1a: Kingambit|1\n|-damage|p1a: Kingambit|70/100\n|-start|p1a: Kingambit|confusion\n|move|p2b: Raichu|Nuzzle|p1a: Kingambit\n|-damage|p1a: Kingambit|64/100\n|-status|p1a: Kingambit|par\n|\n|-sideend|p2: calmnic|move: Tailwind\n|upkeep\n|turn|12\n|\n|t:|1776500823\n|switch|p2b: Garchomp|Garchomp, L50, M|64/100\n|-activate|p1a: Kingambit|confusion\n|cant|p1a: Kingambit|par\n|move|p2a: Pidgeot|Hurricane|p1a: Kingambit\n|-resisted|p1a: Kingambit|1\n|-damage|p1a: Kingambit|34/100 par\n|\n|upkeep\n|turn|13\n|-message|BluzoK forfeited.\n|\n|win|calmnic\n|raw|BluzoK's rating: 1151 &rarr; <strong>1128</strong><br />(-23 for losing)\n|raw|calmnic's rating: 1180 &rarr; <strong>1203</strong><br />(+23 for winning)\n|l|\u2606BluzoK\n|player|p1|\n",
  "uploadtime": 1776500842,
  "views": 14,
  "formatid": "gen9championsvgc2026regma",
  "rating": 1128,
  "private": 0,
  "password": null
}