{
  "id": "gen9championsvgc2026regma-2586135677",
  "format": "[Gen 9 Champions] VGC 2026 Reg M-A",
  "players": [
    "Regashi28",
    "Crash0utVGC"
  ],
  "log": "|j|\u2606Regashi28\n|j|\u2606Crash0utVGC\n|t:|1776403417\n|gametype|doubles\n|player|p1|Regashi28|2|1204\n|player|p2|Crash0utVGC|colress|1145\n|gen|9\n|tier|[Gen 9 Champions] VGC 2026 Reg M-A\n|rated|\n|rule|Species Clause: Limit one of each Pok\u00e9mon\n|rule|Item Clause: Limit 1 of each item\n|clearpoke\n|poke|p1|Pelipper, L50, F|\n|poke|p1|Dragonite, L50, F|\n|poke|p1|Archaludon, L50, M|\n|poke|p1|Basculegion, L50, M|\n|poke|p1|Sneasler, L50, F|\n|poke|p1|Rotom-Heat, L50|\n|poke|p2|Alakazam, L50, F|\n|poke|p2|Meowstic, L50, M|\n|poke|p2|Kingambit, L50, F|\n|poke|p2|Garchomp, L50, F|\n|poke|p2|Farigiraf, L50, M|\n|poke|p2|Rotom-Wash, L50|\n|teampreview|4\n|\n|t:|1776403444\n|teamsize|p1|4\n|teamsize|p2|4\n|start\n|switch|p1a: Pelipper|Pelipper, L50, F|100/100\n|switch|p1b: Sneasler|Sneasler, L50, F|100/100\n|switch|p2a: Alakazam|Alakazam, L50, F|100/100\n|switch|p2b: Meowstic|Meowstic, L50, M|100/100\n|-weather|RainDance|[from] ability: Drizzle|[of] p1a: Pelipper\n|turn|1\n|inactive|Battle timer is ON: inactive players will automatically lose when time's up. (requested by Regashi28)\n|\n|t:|1776403456\n|detailschange|p2a: Alakazam|Alakazam-Mega, L50, F\n|-mega|p2a: Alakazam|Alakazam|Alakazite\n|-ability|p2a: Alakazam|Unburden|Trace|[from] ability: Trace|[of] p1b: Sneasler\n|move|p1a: Pelipper|Protect|p1a: Pelipper\n|-singleturn|p1a: Pelipper|Protect\n|move|p1b: Sneasler|Fake Out|p2b: Meowstic\n|-damage|p2b: Meowstic|89/100\n|cant|p2b: Meowstic|flinch\n|move|p2a: Alakazam|Expanding Force|p1b: Sneasler\n|-supereffective|p1b: Sneasler|2\n|-damage|p1b: Sneasler|0 fnt\n|faint|p1b: Sneasler\n|\n|-weather|RainDance|[upkeep]\n|upkeep\n|\n|t:|1776403469\n|switch|p1b: Basculegion|Basculegion, L50, M|100/100\n|turn|2\n|inactive|Regashi28 has 30 seconds left.\n|\n|t:|1776403499\n|move|p2a: Alakazam|Protect|p2a: Alakazam\n|-singleturn|p2a: Alakazam|Protect\n|move|p2b: Meowstic|Psychic Terrain|p2b: Meowstic\n|-fieldstart|move: Psychic Terrain\n|move|p1b: Basculegion|Wave Crash|p2a: Alakazam\n|-activate|p2a: Alakazam|move: Protect\n|move|p1a: Pelipper|Tailwind|p1a: Pelipper\n|-sidestart|p1: Regashi28|move: Tailwind\n|\n|-weather|RainDance|[upkeep]\n|upkeep\n|turn|3\n|\n|t:|1776403514\n|switch|p2a: Rotom|Rotom-Wash, L50|100/100\n|move|p1b: Basculegion|Wave Crash|p2a: Rotom\n|-resisted|p2a: Rotom|1\n|-damage|p2a: Rotom|57/100\n|-damage|p1b: Basculegion|89/100|[from] Recoil\n|move|p1a: Pelipper|Weather Ball|p2b: Meowstic\n|-damage|p2b: Meowstic|0 fnt\n|faint|p2b: Meowstic\n|\n|-weather|RainDance|[upkeep]\n|upkeep\n|\n|t:|1776403523\n|switch|p2b: Garchomp|Garchomp, L50, F|100/100\n|turn|4\n|\n|t:|1776403531\n|move|p1b: Basculegion|Wave Crash|p2b: Garchomp\n|-damage|p2b: Garchomp|7/100\n|-damage|p1b: Basculegion|77/100|[from] ability: Rough Skin|[of] p2b: Garchomp\n|-damage|p1b: Basculegion|46/100|[from] Recoil\n|move|p1a: Pelipper|Weather Ball|p2a: Rotom\n|-resisted|p2a: Rotom|1\n|-damage|p2a: Rotom|23/100\n|-enditem|p2a: Rotom|Sitrus Berry|[eat]\n|-heal|p2a: Rotom|48/100|[from] item: Sitrus Berry\n|move|p2b: Garchomp|Dragon Claw|p1b: Basculegion\n|-damage|p1b: Basculegion|0 fnt\n|faint|p1b: Basculegion\n|move|p2a: Rotom|Thunderbolt|p1a: Pelipper\n|-supereffective|p1a: Pelipper|2\n|-enditem|p1a: Pelipper|Focus Sash\n|-damage|p1a: Pelipper|1/100\n|\n|-weather|RainDance|[upkeep]\n|upkeep\n|\n|t:|1776403549\n|switch|p1b: Dragonite|Dragonite, L50, F, shiny|100/100\n|turn|5\n|\n|t:|1776403561\n|switch|p2b: Alakazam|Alakazam-Mega, L50, F|100/100\n|-ability|p2b: Alakazam|Drizzle|Trace|[from] ability: Trace|[of] p1a: Pelipper\n|detailschange|p1b: Dragonite|Dragonite-Mega, L50, F, shiny\n|-mega|p1b: Dragonite|Dragonite|Dragoninite\n|move|p1b: Dragonite|Dragon Pulse|p2b: Alakazam\n|-damage|p2b: Alakazam|32/100\n|move|p1a: Pelipper|Weather Ball|p2b: Alakazam\n|-damage|p2b: Alakazam|0 fnt\n|faint|p2b: Alakazam\n|move|p2a: Rotom|Thunderbolt|p1b: Dragonite\n|-damage|p1b: Dragonite|84/100\n|-status|p1b: Dragonite|par\n|\n|-weather|none\n|-sideend|p1: Regashi28|move: Tailwind\n|upkeep\n|\n|t:|1776403564\n|switch|p2b: Garchomp|Garchomp, L50, F|7/100\n|turn|6\n|\n|t:|1776403583\n|move|p2b: Garchomp|Rock Slide|p1b: Dragonite|[spread] p1a,p1b\n|-supereffective|p1a: Pelipper|1\n|-supereffective|p1b: Dragonite|1\n|-damage|p1a: Pelipper|0 fnt\n|-damage|p1b: Dragonite|42/100 par\n|faint|p1a: Pelipper\n|move|p2a: Rotom|Thunderbolt|p1b: Dragonite\n|-damage|p1b: Dragonite|9/100 par\n|move|p1b: Dragonite|Dragon Pulse|p2b: Garchomp\n|-supereffective|p2b: Garchomp|1\n|-damage|p2b: Garchomp|0 fnt\n|faint|p2b: Garchomp\n|\n|-fieldend|move: Psychic Terrain\n|upkeep\n|turn|7\n|\n|t:|1776403594\n|move|p2a: Rotom|Thunderbolt|p1b: Dragonite\n|-damage|p1b: Dragonite|0 fnt\n|faint|p1b: Dragonite\n|\n|win|Crash0utVGC\n|raw|Regashi28's rating: 1204 &rarr; <strong>1175</strong><br />(-29 for losing)\n|raw|Crash0utVGC's rating: 1145 &rarr; <strong>1174</strong><br />(+29 for winning)\n",
  "uploadtime": 1776403594,
  "views": 16,
  "formatid": "gen9championsvgc2026regma",
  "rating": 1174,
  "private": 0,
  "password": null
}