{
  "id": "gen9championsvgc2026regma-2583381114",
  "format": "[Gen 9 Champions] VGC 2026 Reg M-A",
  "players": [
    "truthsinger0307",
    "extragrizzly"
  ],
  "log": "|j|\u2606truthsinger0307\n|j|\u2606extragrizzly\n|t:|1776171672\n|gametype|doubles\n|player|p1|truthsinger0307|265|1256\n|player|p2|extragrizzly|byron|1308\n|gen|9\n|tier|[Gen 9 Champions] VGC 2026 Reg M-A\n|rated|\n|rule|Species Clause: Limit one of each Pok\u00e9mon\n|rule|Item Clause: Limit 1 of each item\n|clearpoke\n|poke|p1|Glimmora, L50, F|\n|poke|p1|Tyranitar, L50, F|\n|poke|p1|Corviknight, L50, F|\n|poke|p1|Excadrill, L50, F|\n|poke|p1|Clefable, L50, M|\n|poke|p1|Sinistcha-Masterpiece, L50|\n|poke|p2|Orthworm, L50, M|\n|poke|p2|Garchomp, L50, F|\n|poke|p2|Rotom-Wash, L50|\n|poke|p2|Delphox, L50, F|\n|poke|p2|Froslass, L50, F|\n|poke|p2|Aerodactyl, L50, M|\n|teampreview|4\n|\n|t:|1776171694\n|teamsize|p1|4\n|teamsize|p2|4\n|start\n|switch|p1a: Glimmora|Glimmora, L50, F|100/100\n|switch|p1b: Clefable|Clefable, L50, M|100/100\n|switch|p2a: Garchomp|Garchomp, L50, F|100/100\n|switch|p2b: Orthworm|Orthworm, L50, M, shiny|100/100\n|turn|1\n|\n|t:|1776171715\n|switch|p1a: Sinistcha|Sinistcha-Masterpiece, L50|100/100\n|move|p2a: Garchomp|Earthquake|p1b: Clefable|[spread] p1a,p1b\n|-immune|p2b: Orthworm|[from] ability: Earth Eater\n|-resisted|p1a: Sinistcha|1\n|-damage|p1a: Sinistcha|84/100\n|-damage|p1b: Clefable|63/100\n|move|p2b: Orthworm|Heavy Slam|p1a: Sinistcha\n|-crit|p1a: Sinistcha\n|-damage|p1a: Sinistcha|35/100\n|-enditem|p1a: Sinistcha|Sitrus Berry|[eat]\n|-heal|p1a: Sinistcha|59/100|[from] item: Sitrus Berry\n|move|p1b: Clefable|Shadow Ball|p2a: Garchomp\n|-damage|p2a: Garchomp|79/100\n|\n|upkeep\n|turn|2\n|\n|t:|1776171733\n|move|p2a: Garchomp|Earthquake|p1b: Clefable|[spread] p1a,p1b\n|-immune|p2b: Orthworm|[from] ability: Earth Eater\n|-resisted|p1a: Sinistcha|1\n|-damage|p1a: Sinistcha|43/100\n|-damage|p1b: Clefable|23/100\n|move|p1a: Sinistcha|Strength Sap|p2a: Garchomp\n|-unboost|p2a: Garchomp|atk|1\n|-heal|p1a: Sinistcha|100/100\n|move|p2b: Orthworm|Heavy Slam|p1b: Clefable\n|-supereffective|p1b: Clefable|1\n|-damage|p1b: Clefable|0 fnt\n|faint|p1b: Clefable\n|\n|upkeep\n|\n|t:|1776171746\n|switch|p1b: Tyranitar|Tyranitar, L50, F|100/100\n|-weather|Sandstorm|[from] ability: Sand Stream|[of] p1b: Tyranitar\n|turn|3\n|\n|t:|1776171757\n|move|p1b: Tyranitar|Protect|p1b: Tyranitar\n|-singleturn|p1b: Tyranitar|Protect\n|move|p2a: Garchomp|Earthquake|p1b: Tyranitar|[spread] p1a\n|-activate|p1b: Tyranitar|move: Protect\n|-immune|p2b: Orthworm|[from] ability: Earth Eater\n|-resisted|p1a: Sinistcha|1\n|-damage|p1a: Sinistcha|90/100\n|move|p1a: Sinistcha|Strength Sap|p2a: Garchomp\n|-unboost|p2a: Garchomp|atk|1\n|-heal|p1a: Sinistcha|100/100\n|move|p2b: Orthworm|Iron Defense|p2b: Orthworm\n|-boost|p2b: Orthworm|def|2\n|\n|-weather|Sandstorm|[upkeep]\n|-damage|p1a: Sinistcha|94/100|[from] Sandstorm\n|upkeep\n|turn|4\n|\n|t:|1776171779\n|move|p2a: Garchomp|Earthquake|p1a: Sinistcha|[spread] p1a,p1b\n|-immune|p2b: Orthworm|[from] ability: Earth Eater\n|-resisted|p1a: Sinistcha|1\n|-supereffective|p1b: Tyranitar|1\n|-crit|p1b: Tyranitar\n|-damage|p1a: Sinistcha|86/100\n|-damage|p1b: Tyranitar|5/100\n|move|p1a: Sinistcha|Matcha Gotcha|p2a: Garchomp|[spread] p2a,p2b\n|-resisted|p2b: Orthworm|1\n|-damage|p2a: Garchomp|49/100\n|-heal|p1a: Sinistcha|100/100|[from] drain|[of] p2a: Garchomp\n|-damage|p2b: Orthworm|87/100\n|-status|p2a: Garchomp|brn\n|-status|p2b: Orthworm|brn\n|move|p1b: Tyranitar|Crunch|p2a: Garchomp\n|-damage|p2a: Garchomp|3/100 brn\n|-unboost|p2a: Garchomp|def|1\n|-damage|p1b: Tyranitar|0 fnt|[from] ability: Rough Skin|[of] p2a: Garchomp\n|faint|p1b: Tyranitar\n|move|p2b: Orthworm|Body Press|p1a: Sinistcha\n|-immune|p1a: Sinistcha\n|\n|-weather|Sandstorm|[upkeep]\n|-damage|p1a: Sinistcha|94/100|[from] Sandstorm\n|-damage|p2a: Garchomp|0 fnt|[from] brn\n|faint|p2a: Garchomp\n|-damage|p2b: Orthworm|81/100 brn|[from] brn\n|upkeep\n|\n|t:|1776171804\n|switch|p2a: Froslass|Froslass, L50, F, shiny|100/100\n|switch|p1b: Glimmora|Glimmora, L50, F|100/100\n|turn|5\n|\n|t:|1776171820\n|detailschange|p2a: Froslass|Froslass-Mega, L50, F, shiny\n|-mega|p2a: Froslass|Froslass|Froslassite\n|-weather|Snowscape|[from] ability: Snow Warning|[of] p2a: Froslass\n|detailschange|p1b: Glimmora|Glimmora-Mega, L50, F\n|-mega|p1b: Glimmora|Glimmora|Glimmoranite\n|move|p1a: Sinistcha|Rage Powder|p1a: Sinistcha\n|-singleturn|p1a: Sinistcha|move: Rage Powder\n|move|p2a: Froslass|Blizzard|p1a: Sinistcha|[spread] p1a,p1b\n|-supereffective|p1a: Sinistcha|1\n|-damage|p1a: Sinistcha|7/100\n|-damage|p1b: Glimmora|49/100\n|move|p1b: Glimmora|Power Gem|p2a: Froslass\n|-supereffective|p2a: Froslass|1\n|-damage|p2a: Froslass|0 fnt\n|faint|p2a: Froslass\n|move|p2b: Orthworm|Body Press|p1a: Sinistcha\n|-immune|p1a: Sinistcha\n|\n|-weather|Snowscape|[upkeep]\n|-damage|p2b: Orthworm|75/100 brn|[from] brn\n|upkeep\n|\n|t:|1776171831\n|switch|p2a: Rotom|Rotom-Wash, L50, shiny|100/100\n|turn|6\n|\n|t:|1776171852\n|move|p1b: Glimmora|Sludge Bomb|p2a: Rotom\n|-damage|p2a: Rotom|30/100\n|move|p2a: Rotom|Hydro Pump|p1b: Glimmora\n|-supereffective|p1b: Glimmora|1\n|-damage|p1b: Glimmora|0 fnt\n|faint|p1b: Glimmora\n|move|p1a: Sinistcha|Strength Sap|p2b: Orthworm\n|-unboost|p2b: Orthworm|atk|1\n|-heal|p1a: Sinistcha|66/100\n|move|p2b: Orthworm|Heavy Slam|p1a: Sinistcha\n|-damage|p1a: Sinistcha|56/100\n|\n|-weather|Snowscape|[upkeep]\n|-heal|p2a: Rotom|36/100|[from] item: Leftovers\n|-damage|p2b: Orthworm|68/100 brn|[from] brn\n|upkeep\n|turn|7\n|\n|t:|1776171872\n|move|p2a: Rotom|Thunderbolt|p1a: Sinistcha\n|-resisted|p1a: Sinistcha|1\n|-damage|p1a: Sinistcha|36/100\n|move|p1a: Sinistcha|Strength Sap|p2b: Orthworm\n|-unboost|p2b: Orthworm|atk|1\n|-heal|p1a: Sinistcha|76/100\n|move|p2b: Orthworm|Heavy Slam|p1a: Sinistcha\n|-damage|p1a: Sinistcha|67/100\n|\n|-weather|Snowscape|[upkeep]\n|-heal|p2a: Rotom|42/100|[from] item: Leftovers\n|-damage|p2b: Orthworm|62/100 brn|[from] brn\n|upkeep\n|turn|8\n|\n|t:|1776171887\n|move|p2a: Rotom|Will-O-Wisp|p1a: Sinistcha|[miss]\n|-miss|p2a: Rotom|p1a: Sinistcha\n|move|p1a: Sinistcha|Matcha Gotcha|p2a: Rotom|[spread] p2a,p2b\n|-supereffective|p2a: Rotom|1\n|-resisted|p2b: Orthworm|1\n|-damage|p2a: Rotom|0 fnt\n|-heal|p1a: Sinistcha|86/100|[from] drain|[of] p2a: Rotom\n|-damage|p2b: Orthworm|49/100 brn\n|-heal|p1a: Sinistcha|93/100|[from] drain|[of] p2b: Orthworm\n|-enditem|p2b: Orthworm|Sitrus Berry|[eat]\n|-heal|p2b: Orthworm|73/100 brn|[from] item: Sitrus Berry\n|faint|p2a: Rotom\n|move|p2b: Orthworm|Heavy Slam|p1a: Sinistcha\n|-damage|p1a: Sinistcha|85/100\n|\n|-weather|Snowscape|[upkeep]\n|-damage|p2b: Orthworm|67/100 brn|[from] brn\n|upkeep\n|turn|9\n|-message|extragrizzly forfeited.\n|\n|win|truthsinger0307\n|raw|truthsinger0307's rating: 1256 &rarr; <strong>1285</strong><br />(+29 for winning)\n|raw|extragrizzly's rating: 1308 &rarr; <strong>1285</strong><br />(-23 for losing)\n|l|\u2606extragrizzly\n|player|p2|\n|l|\u2606truthsinger0307\n|player|p1|\n|j|\u2606truthsinger0307\n|player|p1|truthsinger0307|265|\n",
  "uploadtime": 1776171971,
  "views": 33,
  "formatid": "gen9championsvgc2026regma",
  "rating": 1285,
  "private": 0,
  "password": null
}