{
  "id": "gen9championsvgc2026regma-2583992193",
  "format": "[Gen 9 Champions] VGC 2026 Reg M-A",
  "players": [
    "silvermagicianvgc",
    "superboy245"
  ],
  "log": "|j|\u2606silvermagicianvgc\n|j|\u2606superboy245\n|t:|1776214854\n|gametype|doubles\n|player|p1|silvermagicianvgc|silver|1296\n|player|p2|superboy245|buck|1323\n|gen|9\n|tier|[Gen 9 Champions] VGC 2026 Reg M-A\n|rated|\n|rule|Species Clause: Limit one of each Pok\u00e9mon\n|rule|Item Clause: Limit 1 of each item\n|clearpoke\n|poke|p1|Floette-Eternal, L50, F|\n|poke|p1|Garchomp, L50, F|\n|poke|p1|Talonflame, L50, M|\n|poke|p1|Incineroar, L50, M|\n|poke|p1|Milotic, L50, F|\n|poke|p1|Sinistcha, L50|\n|poke|p2|Glimmora, L50, F|\n|poke|p2|Chesnaught, L50, M|\n|poke|p2|Alakazam, L50, M|\n|poke|p2|Noivern, L50, M|\n|poke|p2|Cofagrigus, L50, M|\n|poke|p2|Heliolisk, L50, M|\n|teampreview|4\nsuperboy245 rejected open team sheets.\n|\n|t:|1776214921\n|teamsize|p1|4\n|teamsize|p2|4\n|start\n|switch|p1a: Floette|Floette-Eternal, L50, F, shiny|100/100\n|switch|p1b: Garchomp|Garchomp, L50, F|100/100\n|switch|p2a: Glimmora|Glimmora, L50, F|100/100\n|switch|p2b: Noivern|Noivern, L50, M|100/100\n|turn|1\n|\n|t:|1776214951\n|move|p2a: Glimmora|Spiky Shield|p2a: Glimmora\n|-singleturn|p2a: Glimmora|move: Protect\n|move|p1a: Floette|Protect|p1a: Floette\n|-singleturn|p1a: Floette|Protect\n|move|p1b: Garchomp|Earthquake|p2a: Glimmora|[spread] \n|-activate|p1a: Floette|move: Protect\n|-activate|p2a: Glimmora|move: Protect\n|-immune|p2b: Noivern\n|move|p2b: Noivern|Draco Meteor|p1b: Garchomp\n|-supereffective|p1b: Garchomp|1\n|-damage|p1b: Garchomp|0 fnt\n|-unboost|p2b: Noivern|spa|2\n|faint|p1b: Garchomp\n|\n|upkeep\n|\n|t:|1776214977\n|switch|p1b: Milotic|Milotic, L50, F, shiny|100/100\n|turn|2\n|\n|t:|1776215000\n|switch|p1a: Talonflame|Talonflame, L50, M|100/100\n|detailschange|p2a: Glimmora|Glimmora-Mega, L50, F\n|-mega|p2a: Glimmora|Glimmora|Glimmoranite\n|move|p2b: Noivern|Tailwind|p2b: Noivern\n|-sidestart|p2: superboy245|move: Tailwind\n|move|p2a: Glimmora|Sludge Wave|p1a: Talonflame|[spread] p1a,p1b\n|-activate|p2b: Noivern|ability: Telepathy\n|-damage|p1a: Talonflame|11/100\n|-damage|p1b: Milotic|63/100\n|move|p1b: Milotic|Scald|p2a: Glimmora\n|-supereffective|p2a: Glimmora|1\n|-damage|p2a: Glimmora|22/100\n|\n|-heal|p1b: Milotic|69/100|[from] item: Leftovers\n|upkeep\n|turn|3\n|\n|t:|1776215034\n|switch|p2b: Alakazam|Alakazam, L50, M|100/100\n|move|p2a: Glimmora|Spiky Shield|p2a: Glimmora\n|-singleturn|p2a: Glimmora|move: Protect\n|move|p1a: Talonflame|Protect|p1a: Talonflame\n|-singleturn|p1a: Talonflame|Protect\n|move|p1b: Milotic|Ice Beam|p2a: Glimmora\n|-activate|p2a: Glimmora|move: Protect\n|\n|-heal|p1b: Milotic|76/100|[from] item: Leftovers\n|upkeep\n|turn|4\n|\n|t:|1776215065\n|move|p2b: Alakazam|Psychic|p1b: Milotic\n|-damage|p1b: Milotic|39/100\n|move|p2a: Glimmora|Power Gem|p1b: Milotic\n|-damage|p1b: Milotic|0 fnt\n|faint|p1b: Milotic\n|move|p1a: Talonflame|Tailwind|p1a: Talonflame\n|-sidestart|p1: silvermagicianvgc|move: Tailwind\n|\n|upkeep\n|\n|t:|1776215072\n|switch|p1b: Floette|Floette-Eternal, L50, F, shiny|100/100\n|turn|5\n|\n|t:|1776215097\n|switch|p2b: Noivern|Noivern, L50, M|100/100\n|move|p1a: Talonflame|Protect|p1a: Talonflame\n|-singleturn|p1a: Talonflame|Protect\n|move|p2a: Glimmora|Spiky Shield|p2a: Glimmora\n|-singleturn|p2a: Glimmora|move: Protect\n|move|p1b: Floette|Protect||[still]\n|-fail|p1b: Floette\n|\n|-sideend|p2: superboy245|move: Tailwind\n|upkeep\n|turn|6\n|\n|t:|1776215133\n|switch|p2a: Alakazam|Alakazam, L50, M|100/100\n|detailschange|p1b: Floette|Floette-Mega, L50, F, shiny\n|-mega|p1b: Floette|Floette|Floettite\n|-ability|p1b: Floette|Fairy Aura\n|move|p1a: Talonflame|Dual Wingbeat|p2b: Noivern\n|-damage|p2b: Noivern|78/100\n|-damage|p2b: Noivern|55/100\n|-hitcount|p2b: Noivern|2\n|move|p1b: Floette|Dazzling Gleam|p2b: Noivern|[spread] p2a,p2b\n|-supereffective|p2b: Noivern|1\n|-damage|p2a: Alakazam|30/100\n|-damage|p2b: Noivern|0 fnt\n|faint|p2b: Noivern\n|\n|upkeep\n|\n|t:|1776215142\n|switch|p2b: Cofagrigus|Cofagrigus, L50, M|100/100\n|turn|7\n|\n|t:|1776215160\n|move|p1a: Talonflame|Dual Wingbeat|p2a: Alakazam\n|-damage|p2a: Alakazam|0 fnt\n|faint|p2a: Alakazam\n|-hitcount|p2: Alakazam|1\n|move|p1b: Floette|Calm Mind|p1b: Floette\n|-boost|p1b: Floette|spa|1\n|-boost|p1b: Floette|spd|1\n|move|p2b: Cofagrigus|Trick Room|p2b: Cofagrigus\n|-fieldstart|move: Trick Room|[of] p2b: Cofagrigus\n|\n|-sideend|p1: silvermagicianvgc|move: Tailwind\n|upkeep\n|\n|t:|1776215164\n|switch|p2a: Glimmora|Glimmora-Mega, L50, F|22/100\n|turn|8\n|\n|t:|1776215189\n|move|p1b: Floette|Protect|p1b: Floette\n|-singleturn|p1b: Floette|Protect\n|move|p2a: Glimmora|Spiky Shield|p2a: Glimmora\n|-singleturn|p2a: Glimmora|move: Protect\n|move|p1a: Talonflame|Protect|p1a: Talonflame\n|-singleturn|p1a: Talonflame|Protect\n|move|p2b: Cofagrigus|Night Shade|p1a: Talonflame\n|-activate|p1a: Talonflame|move: Protect\n|\n|upkeep\n|turn|9\n|\n|t:|1776215204\n|move|p2b: Cofagrigus|Night Shade|p1a: Talonflame\n|-damage|p1a: Talonflame|0 fnt\n|faint|p1a: Talonflame\n|move|p1b: Floette|Dazzling Gleam|p2b: Cofagrigus|[spread] p2a,p2b\n|-resisted|p2a: Glimmora|1\n|-damage|p2a: Glimmora|0 fnt\n|-damage|p2b: Cofagrigus|44/100\n|faint|p2a: Glimmora\n|\n|-heal|p2b: Cofagrigus|50/100|[from] item: Leftovers\n|upkeep\n|turn|10\n|c|\u2606superboy245|We were speed tying\n|c|\u2606silvermagicianvgc|who\n|c|\u2606superboy245|Or werre you jus slowert\n|c|\u2606superboy245|Gg\n|\n|t:|1776215243\n|move|p2b: Cofagrigus|Night Shade|p1b: Floette\n|-damage|p1b: Floette|72/100\n|move|p1b: Floette|Moonblast|p2b: Cofagrigus\n|-damage|p2b: Cofagrigus|0 fnt\n|faint|p2b: Cofagrigus\n|\n|win|silvermagicianvgc\n|raw|silvermagicianvgc's rating: 1296 &rarr; <strong>1323</strong><br />(+27 for winning)\n|raw|superboy245's rating: 1323 &rarr; <strong>1301</strong><br />(-22 for losing)\n|c|\u2606silvermagicianvgc|think im slower\n|c|\u2606superboy245|Yeah\n",
  "uploadtime": 1776215252,
  "views": 36,
  "formatid": "gen9championsvgc2026regma",
  "rating": 1301,
  "private": 0,
  "password": null
}