{
  "id": "gen9championsvgc2026regma-2580389342",
  "format": "[Gen 9 Champions] VGC 2026 Reg M-A",
  "players": [
    "nutkinsherrington2",
    "xiaoyao2006"
  ],
  "log": "|j|\u2606nutkinsherrington2\n|j|\u2606xiaoyao2006\n|t:|1775889208\n|gametype|doubles\n|player|p1|nutkinsherrington2|linebacker|1000\n|player|p2|xiaoyao2006|lyra|1000\n|gen|9\n|tier|[Gen 9 Champions] VGC 2026 Reg M-A\n|rated|\n|rule|Species Clause: Limit one of each Pok\u00e9mon\n|rule|Item Clause: Limit 1 of each item\n|clearpoke\n|poke|p1|Ditto, L50|\n|poke|p1|Farigiraf, L50, M|\n|poke|p1|Diggersby, L50, M|\n|poke|p1|Lopunny, L50, M|\n|poke|p1|Drampa, L50, M|\n|poke|p1|Pidgeot, L50, F|\n|poke|p2|Golurk, L50|\n|poke|p2|Armarouge, L50, M|\n|poke|p2|Sinistcha, L50|\n|poke|p2|Tinkaton, L50, F|\n|poke|p2|Hydreigon, L50, M|\n|poke|p2|Sylveon, L50, F|\n|teampreview|4\n|inactive|Battle timer is ON: inactive players will automatically lose when time's up. (requested by nutkinsherrington2)\n|\n|t:|1775889276\n|teamsize|p1|4\n|teamsize|p2|4\n|start\n|switch|p1a: Diggersby|Diggersby, L50, M, shiny|100/100\n|switch|p1b: Pidgeot|Pidgeot, L50, F|100/100\n|switch|p2a: Tinkaton|Tinkaton, L50, F|100/100\n|switch|p2b: Sinistcha|Sinistcha, L50|100/100\n|-ability|p2a: Tinkaton|Mold Breaker\n|turn|1\n|\n|t:|1775889292\n|detailschange|p1b: Pidgeot|Pidgeot-Mega, L50, F\n|-mega|p1b: Pidgeot|Pidgeot|Pidgeotite\n|move|p2a: Tinkaton|Fake Out|p1b: Pidgeot\n|-damage|p1b: Pidgeot|87/100\n|cant|p1b: Pidgeot|flinch\n|move|p1a: Diggersby|Swords Dance|p1a: Diggersby\n|-boost|p1a: Diggersby|atk|2\n|move|p2b: Sinistcha|Trick Room|p2b: Sinistcha\n|-fieldstart|move: Trick Room|[of] p2b: Sinistcha\n|\n|upkeep\n|turn|2\n|inactive|nutkinsherrington2 has 30 seconds left.\n|inactive|xiaoyao2006 has 30 seconds left.\n|inactive|xiaoyao2006 has 20 seconds left.\n|\n|t:|1775889330\n|move|p1a: Diggersby|Protect|p1a: Diggersby\n|-singleturn|p1a: Diggersby|Protect\n|move|p2b: Sinistcha|Matcha Gotcha|p1a: Diggersby|[spread] p1b\n|-activate|p1a: Diggersby|move: Protect\n|-resisted|p1b: Pidgeot|1\n|-damage|p1b: Pidgeot|68/100\n|move|p2a: Tinkaton|Encore|p1a: Diggersby\n|-activate|p1a: Diggersby|move: Protect\n|move|p1b: Pidgeot|Hurricane|p2b: Sinistcha\n|-supereffective|p2b: Sinistcha|1\n|-damage|p2b: Sinistcha|0 fnt\n|faint|p2b: Sinistcha\n|\n|upkeep\n|\n|t:|1775889347\n|switch|p2b: Golurk|Golurk, L50|100/100\n|turn|3\n|\n|t:|1775889362\n|detailschange|p2b: Golurk|Golurk-Mega, L50\n|-mega|p2b: Golurk|Golurk|Golurkite\n|move|p2b: Golurk|Hammer Arm|p1a: Diggersby\n|-supereffective|p1a: Diggersby|1\n|-enditem|p1a: Diggersby|Focus Sash\n|-damage|p1a: Diggersby|1/100\n|-unboost|p2b: Golurk|spe|1\n|move|p2a: Tinkaton|Gigaton Hammer|p1b: Pidgeot\n|-damage|p1b: Pidgeot|0 fnt\n|faint|p1b: Pidgeot\n|move|p1a: Diggersby|Earthquake|p2a: Tinkaton|[spread] p2a,p2b\n|-supereffective|p2a: Tinkaton|1\n|-damage|p2a: Tinkaton|0 fnt\n|-damage|p2b: Golurk|14/100\n|faint|p2a: Tinkaton\n|\n|upkeep\n|\n|t:|1775889379\n|switch|p2a: Armarouge|Armarouge, L50, M|100/100\n|switch|p1b: Drampa|Drampa, L50, M|100/100\n|-ability|p1b: Drampa|Cloud Nine\n|turn|4\n|inactive|nutkinsherrington2 has 30 seconds left.\n|\n|t:|1775889407\n|move|p1a: Diggersby|Quick Attack|p2a: Armarouge\n|-damage|p2a: Armarouge|50/100\n|move|p2b: Golurk|Hammer Arm|p1b: Drampa\n|-supereffective|p1b: Drampa|1\n|-damage|p1b: Drampa|0 fnt\n|-unboost|p2b: Golurk|spe|1\n|faint|p1b: Drampa\n|move|p2a: Armarouge|Heat Wave|p1a: Diggersby\n|-damage|p1a: Diggersby|0 fnt\n|faint|p1a: Diggersby\n|\n|upkeep\n|\n|t:|1775889418\n|switch|p1b: Ditto|Ditto, L50, shiny|100/100\n|-transform|p1b: Ditto|p2a: Armarouge|[from] ability: Imposter\n|turn|5\n|\n|t:|1775889430\n|move|p2b: Golurk|Headlong Rush|p1b: Ditto\n|-supereffective|p1b: Ditto|1\n|-damage|p1b: Ditto|0 fnt\n|-unboost|p2b: Golurk|def|1\n|-unboost|p2b: Golurk|spd|1\n|faint|p1b: Ditto\n|\n|win|xiaoyao2006\n|raw|nutkinsherrington2's rating: 1000 &rarr; <strong>1000</strong><br />(+0 for losing)\n|raw|xiaoyao2006's rating: 1000 &rarr; <strong>1040</strong><br />(+40 for winning)\n|l|\u2606nutkinsherrington2\n|player|p1|\n",
  "uploadtime": 1775889437,
  "views": 30,
  "formatid": "gen9championsvgc2026regma",
  "rating": 1000,
  "private": 0,
  "password": null
}