{
  "id": "gen9championsvgc2026regma-2585206883",
  "format": "[Gen 9 Champions] VGC 2026 Reg M-A",
  "players": [
    "ogerdogi",
    "dxdiag235"
  ],
  "log": "|j|\u203dogerdogi\n|j|\u2606dxdiag235\n|t:|1776324968\n|gametype|doubles\n|player|p1|ogerdogi|red|1095\n|player|p2|dxdiag235|hilda-wonderlauncher|1026\n|gen|9\n|tier|[Gen 9 Champions] VGC 2026 Reg M-A\n|rated|\n|rule|Species Clause: Limit one of each Pok\u00e9mon\n|rule|Item Clause: Limit 1 of each item\n|clearpoke\n|poke|p1|Armarouge, L50, F|\n|poke|p1|Aerodactyl, L50, F|\n|poke|p1|Kingambit, L50, F|\n|poke|p1|Whimsicott, L50, M|\n|poke|p1|Slowbro-Galar, L50, F|\n|poke|p1|Feraligatr, L50, M|\n|poke|p2|Hawlucha, L50, F|\n|poke|p2|Vanilluxe, L50, F|\n|poke|p2|Excadrill, L50, F|\n|poke|p2|Tyranitar, L50, M|\n|poke|p2|Dragonite, L50, M|\n|poke|p2|Sableye, L50, M|\n|teampreview|4\ndxdiag235 rejected open team sheets.\n|inactive|Battle timer is ON: inactive players will automatically lose when time's up. (requested by dxdiag235)\n|\n|t:|1776325003\n|teamsize|p1|4\n|teamsize|p2|4\n|start\n|switch|p1a: Whimsicott|Whimsicott, L50, M|100/100\n|switch|p1b: Armarouge|Armarouge, L50, F, shiny|100/100\n|switch|p2a: Dragonite|Dragonite, L50, M|100/100\n|switch|p2b: Sableye|Sableye, L50, M|100/100\n|turn|1\n|inactive|ogerdogi has 30 seconds left.\n|inactive|dxdiag235 has 30 seconds left.\n|\n|t:|1776325032\n|detailschange|p2a: Dragonite|Dragonite-Mega, L50, M\n|-mega|p2a: Dragonite|Dragonite|Dragoninite\n|move|p1a: Whimsicott|Tailwind|p1a: Whimsicott\n|-sidestart|p1: ogerdogi|move: Tailwind\n|move|p2b: Sableye|Rain Dance|p2b: Sableye\n|-weather|RainDance\n|move|p1b: Armarouge|Heat Wave|p2a: Dragonite|[spread] p2a,p2b\n|-resisted|p2a: Dragonite|1\n|-damage|p2a: Dragonite|96/100\n|-damage|p2b: Sableye|68/100\n|move|p2a: Dragonite|Weather Ball|p1b: Armarouge\n|-supereffective|p1b: Armarouge|1\n|-damage|p1b: Armarouge|0 fnt\n|faint|p1b: Armarouge\n|\n|-weather|RainDance|[upkeep]\n|upkeep\n|\n|t:|1776325054\n|switch|p1b: Feraligatr|Feraligatr, L50, M|100/100\n|turn|2\n|\n|t:|1776325070\n|detailschange|p1b: Feraligatr|Feraligatr-Mega, L50, M\n|-mega|p1b: Feraligatr|Feraligatr|Feraligite\n|move|p2b: Sableye|Quash|p1b: Feraligatr\n|-activate|p1b: Feraligatr|move: Quash\n|move|p1a: Whimsicott|Moonblast|p2b: Sableye\n|-supereffective|p2b: Sableye|1\n|-damage|p2b: Sableye|0 fnt\n|faint|p2b: Sableye\n|move|p2a: Dragonite|Thunder|p1b: Feraligatr\n|-damage|p1b: Feraligatr|46/100\n|move|p1b: Feraligatr|Double-Edge|p2a: Dragonite\n|-supereffective|p2a: Dragonite|1\n|-damage|p2a: Dragonite|0 fnt\n|faint|p2a: Dragonite\n|-damage|p1b: Feraligatr|9/100|[from] Recoil\n|\n|-weather|RainDance|[upkeep]\n|upkeep\n|\n|t:|1776325087\n|switch|p2a: Tyranitar|Tyranitar, L50, M|100/100\n|switch|p2b: Excadrill|Excadrill, L50, F|100/100\n|-weather|Sandstorm|[from] ability: Sand Stream|[of] p2a: Tyranitar\n|turn|3\n|\n|t:|1776325106\n|move|p1b: Feraligatr|Protect|p1b: Feraligatr\n|-singleturn|p1b: Feraligatr|Protect\n|move|p2b: Excadrill|Protect|p2b: Excadrill\n|-singleturn|p2b: Excadrill|Protect\n|move|p2a: Tyranitar|Protect|p2a: Tyranitar\n|-singleturn|p2a: Tyranitar|Protect\n|move|p1a: Whimsicott|Moonblast|p2a: Tyranitar\n|-activate|p2a: Tyranitar|move: Protect\n|\n|-weather|Sandstorm|[upkeep]\n|-damage|p1a: Whimsicott|94/100|[from] Sandstorm\n|-damage|p1b: Feraligatr|3/100|[from] Sandstorm\n|upkeep\n|turn|4\n|inactive|dxdiag235 has 30 seconds left.\n|\n|t:|1776325133\n|move|p1a: Whimsicott|Encore|p2b: Excadrill\n|-start|p2b: Excadrill|Encore\n|move|p2b: Excadrill|Protect||[still]\n|-fail|p2b: Excadrill\n|move|p1b: Feraligatr|Liquidation|p2a: Tyranitar\n|-supereffective|p2a: Tyranitar|1\n|-damage|p2a: Tyranitar|14/100\n|move|p2a: Tyranitar|Heavy Slam|p1a: Whimsicott\n|-supereffective|p1a: Whimsicott|1\n|-damage|p1a: Whimsicott|0 fnt\n|faint|p1a: Whimsicott\n|\n|-weather|Sandstorm|[upkeep]\n|-damage|p1b: Feraligatr|0 fnt|[from] Sandstorm\n|faint|p1b: Feraligatr\n|-sideend|p1: ogerdogi|move: Tailwind\n|upkeep\n|\n|t:|1776325154\n|switch|p1b: Kingambit|Kingambit, L50, F, shiny|100/100\n|turn|5\n|\n|t:|1776325165\n|move|p2b: Excadrill|Protect|p2b: Excadrill\n|-singleturn|p2b: Excadrill|Protect\n|move|p2a: Tyranitar|Protect|p2a: Tyranitar\n|-singleturn|p2a: Tyranitar|Protect\n|move|p1b: Kingambit|Low Kick|p2a: Tyranitar\n|-activate|p2a: Tyranitar|move: Protect\n|\n|-weather|Sandstorm|[upkeep]\n|upkeep\n|turn|6\n|\n|t:|1776325182\n|move|p2b: Excadrill|Protect||[still]\n|-fail|p2b: Excadrill\n|move|p1b: Kingambit|Low Kick|p2a: Tyranitar\n|-supereffective|p2a: Tyranitar|2\n|-enditem|p2a: Tyranitar|Chople Berry|[eat]\n|-enditem|p2a: Tyranitar|Chople Berry|[weaken]\n|-damage|p2a: Tyranitar|0 fnt\n|faint|p2a: Tyranitar\n|\n|-weather|Sandstorm|[upkeep]\n|-end|p2b: Excadrill|Encore\n|upkeep\n|turn|7\n|\n|t:|1776325194\n|move|p2b: Excadrill|High Horsepower|p1b: Kingambit\n|-supereffective|p1b: Kingambit|1\n|-damage|p1b: Kingambit|29/100\n|move|p1b: Kingambit|Low Kick|p2b: Excadrill\n|-supereffective|p2b: Excadrill|1\n|-damage|p2b: Excadrill|58/100\n|\n|-weather|none\n|upkeep\n|turn|8\n|\n|t:|1776325205\n|move|p1b: Kingambit|Sucker Punch|p2b: Excadrill\n|-crit|p2b: Excadrill\n|-damage|p2b: Excadrill|2/100\n|move|p2b: Excadrill|High Horsepower|p1b: Kingambit\n|-supereffective|p1b: Kingambit|1\n|-damage|p1b: Kingambit|0 fnt\n|faint|p1b: Kingambit\n|\n|win|dxdiag235\n|raw|ogerdogi's rating: 1095 &rarr; <strong>1066</strong><br />(-29 for losing)\n|raw|dxdiag235's rating: 1026 &rarr; <strong>1069</strong><br />(+43 for winning)\n|c|\u2606dxdiag235|gg?\n|l|\u203dogerdogi\n|player|p1|\n",
  "uploadtime": 1776325220,
  "views": 29,
  "formatid": "gen9championsvgc2026regma",
  "rating": 1066,
  "private": 0,
  "password": null
}