{
  "id": "gen9championsvgc2026regma-2588273167",
  "format": "[Gen 9 Champions] VGC 2026 Reg M-A",
  "players": [
    "gallowslilcal",
    "Jaaaace"
  ],
  "log": "|j|\u2606gallowslilcal\n|j|\u2606Jaaaace\n|t:|1776619984\n|gametype|doubles\n|player|p1|gallowslilcal|170|1123\n|player|p2|Jaaaace|brycen|1197\n|gen|9\n|tier|[Gen 9 Champions] VGC 2026 Reg M-A\n|rated|\n|rule|Species Clause: Limit one of each Pok\u00e9mon\n|rule|Item Clause: Limit 1 of each item\n|clearpoke\n|poke|p1|Meganium, L50, F|\n|poke|p1|Incineroar, L50, F|\n|poke|p1|Dragonite, L50, F|\n|poke|p1|Archaludon, L50, M|\n|poke|p1|Pelipper, L50, M|\n|poke|p1|Basculegion, L50, M|\n|poke|p2|Farigiraf, L50, M|\n|poke|p2|Klefki, L50, M|\n|poke|p2|Excadrill, L50, M|\n|poke|p2|Golurk, L50|\n|poke|p2|Garchomp, L50, F|\n|poke|p2|Gyarados, L50, M|\n|teampreview|4\n|inactive|Battle timer is ON: inactive players will automatically lose when time's up. (requested by gallowslilcal)\n|inactive|Jaaaace has 60 seconds left.\n|\n|t:|1776620025\n|teamsize|p1|4\n|teamsize|p2|4\n|start\n|switch|p1a: Pelipper|Pelipper, L50, M|100/100\n|switch|p1b: Basculegion|Basculegion, L50, M|100/100\n|switch|p2a: Farigiraf|Farigiraf, L50, M|100/100\n|switch|p2b: Klefki|Klefki, L50, M|100/100\n|-weather|RainDance|[from] ability: Drizzle|[of] p1a: Pelipper\n|turn|1\n|\n|t:|1776620043\n|move|p2b: Klefki|Sandstorm|p2b: Klefki\n|-weather|Sandstorm\n|move|p1b: Basculegion|Flip Turn|p2a: Farigiraf\n|-damage|p2a: Farigiraf|68/100\n|\n|t:|1776620049\n|switch|p1b: Archaludon|Archaludon, L50, M|100/100|[from] Flip Turn\n|move|p1a: Pelipper|Tailwind|p1a: Pelipper\n|-sidestart|p1: gallowslilcal|move: Tailwind\n|move|p2a: Farigiraf|Gravity|p2a: Farigiraf\n|-fieldstart|move: Gravity\n|\n|-weather|Sandstorm|[upkeep]\n|-damage|p1a: Pelipper|95/100|[from] Sandstorm\n|-damage|p2a: Farigiraf|62/100|[from] Sandstorm\n|upkeep\n|turn|2\n|\n|t:|1776620083\n|switch|p1a: Basculegion|Basculegion, L50, M|100/100\n|move|p2b: Klefki|Light Screen|p2b: Klefki\n|-sidestart|p2: Jaaaace|move: Light Screen\n|move|p1b: Archaludon|Draco Meteor|p2a: Farigiraf\n|-damage|p2a: Farigiraf|18/100\n|-unboost|p1b: Archaludon|spa|2\n|-enditem|p1b: Archaludon|White Herb\n|-clearnegativeboost|p1b: Archaludon|[silent]\n|move|p2a: Farigiraf|Trick Room|p2a: Farigiraf\n|-fieldstart|move: Trick Room|[of] p2a: Farigiraf\n|\n|-weather|Sandstorm|[upkeep]\n|-damage|p2a: Farigiraf|12/100|[from] Sandstorm\n|-damage|p1a: Basculegion|94/100|[from] Sandstorm\n|upkeep\n|turn|3\n|\n|t:|1776620105\n|move|p2b: Klefki|Reflect|p2b: Klefki\n|-sidestart|p2: Jaaaace|Reflect\n|move|p2a: Farigiraf|Hyper Voice|p1a: Basculegion|[spread] p1b\n|-immune|p1a: Basculegion\n|-resisted|p1b: Archaludon|1\n|-damage|p1b: Archaludon|84/100\n|-ability|p1b: Archaludon|Stamina|boost\n|-boost|p1b: Archaludon|def|1\n|move|p1b: Archaludon|Flash Cannon|p2a: Farigiraf\n|-damage|p2a: Farigiraf|0 fnt\n|faint|p2a: Farigiraf\n|move|p1a: Basculegion|Wave Crash|p2b: Klefki\n|-damage|p2b: Klefki|52/100\n|-damage|p1a: Basculegion|81/100|[from] Recoil\n|\n|-weather|Sandstorm|[upkeep]\n|-damage|p1a: Basculegion|75/100|[from] Sandstorm\n|upkeep\n|inactive|Jaaaace has 30 seconds left.\n|\n|t:|1776620131\n|switch|p2a: Golurk|Golurk, L50|100/100\n|turn|4\n|\n|t:|1776620147\n|switch|p2b: Garchomp|Garchomp, L50, F|100/100\n|switch|p1b: Pelipper|Pelipper, L50, M|95/100\n|-weather|RainDance|[from] ability: Drizzle|[of] p1b: Pelipper\n|detailschange|p2a: Golurk|Golurk-Mega, L50\n|-mega|p2a: Golurk|Golurk|Golurkite\n|move|p2a: Golurk|Earthquake|p1a: Basculegion|[spread] p2b,p1a,p1b\n|-damage|p2b: Garchomp|67/100\n|-damage|p1a: Basculegion|11/100\n|-damage|p1b: Pelipper|33/100\n|move|p1a: Basculegion|Wave Crash|p2a: Golurk\n|-supereffective|p2a: Golurk|1\n|-damage|p2a: Golurk|0 fnt\n|faint|p2a: Golurk\n|-damage|p1a: Basculegion|0 fnt|[from] Recoil\n|faint|p1a: Basculegion\n|\n|-weather|RainDance|[upkeep]\n|-sideend|p1: gallowslilcal|move: Tailwind\n|upkeep\n|\n|t:|1776620164\n|switch|p2a: Klefki|Klefki, L50, M|52/100\n|switch|p1a: Dragonite|Dragonite, L50, F|100/100\n|turn|5\n|\n|t:|1776620177\n|move|p2a: Klefki|Sandstorm|p2a: Klefki\n|-weather|Sandstorm\n|move|p1b: Pelipper|Hydro Pump|p2a: Klefki\n|-damage|p2a: Klefki|24/100\n|move|p1a: Dragonite|Ice Beam|p2b: Garchomp\n|-supereffective|p2b: Garchomp|2\n|-damage|p2b: Garchomp|0 fnt\n|faint|p2b: Garchomp\n|\n|-weather|Sandstorm|[upkeep]\n|-damage|p1b: Pelipper|27/100|[from] Sandstorm\n|-damage|p1a: Dragonite|95/100|[from] Sandstorm\n|-fieldend|move: Gravity\n|upkeep\n|turn|6\n|-message|Jaaaace forfeited.\n|\n|win|gallowslilcal\n|raw|gallowslilcal's rating: 1123 &rarr; <strong>1153</strong><br />(+30 for winning)\n|raw|Jaaaace's rating: 1197 &rarr; <strong>1167</strong><br />(-30 for losing)\n|l|\u2606Jaaaace\n|player|p2|\n",
  "uploadtime": 1776620193,
  "views": 15,
  "formatid": "gen9championsvgc2026regma",
  "rating": 1153,
  "private": 0,
  "password": null
}