{
  "id": "gen9championsvgc2026regma-2584492805",
  "format": "[Gen 9 Champions] VGC 2026 Reg M-A",
  "players": [
    "sr123456",
    "shinja yug"
  ],
  "log": "|j|\u2606sr123456\n|j|\u2606shinja yug\n|t:|1776264473\n|gametype|doubles\n|player|p1|sr123456|102|1093\n|player|p2|shinja yug|li|1152\n|gen|9\n|tier|[Gen 9 Champions] VGC 2026 Reg M-A\n|rated|\n|rule|Species Clause: Limit one of each Pok\u00e9mon\n|rule|Item Clause: Limit 1 of each item\n|clearpoke\n|poke|p1|Froslass, L50, F|\n|poke|p1|Tauros, L50, M|\n|poke|p1|Glaceon, L50, F|\n|poke|p1|Incineroar, L50, M|\n|poke|p1|Aerodactyl, L50, F|\n|poke|p1|Sinistcha, L50|\n|poke|p2|Basculegion, L50, M|\n|poke|p2|Dragapult, L50, M|\n|poke|p2|Kingambit, L50, M|\n|poke|p2|Volcarona, L50, M|\n|poke|p2|Farigiraf, L50, M|\n|poke|p2|Sneasler, L50, M|\n|teampreview|4\n|\n|t:|1776264516\n|teamsize|p1|4\n|teamsize|p2|4\n|start\n|switch|p1a: Incineroar|Incineroar, L50, M|100/100\n|switch|p1b: Aerodactyl|Aerodactyl, L50, F|100/100\n|switch|p2a: Dragapult|Dragapult, L50, M|100/100\n|switch|p2b: Sneasler|Sneasler, L50, M|100/100\n|-ability|p1b: Aerodactyl|Unnerve\n|-ability|p1a: Incineroar|Intimidate|boost\n|-fail|p2a: Dragapult|unboost|[from] ability: Clear Body|[of] p2a: Dragapult\n|-unboost|p2b: Sneasler|atk|1\n|-enditem|p2b: Sneasler|White Herb\n|-clearnegativeboost|p2b: Sneasler|[silent]\n|turn|1\n|\n|t:|1776264546\n|move|p2b: Sneasler|Fake Out|p1b: Aerodactyl\n|-resisted|p1b: Aerodactyl|1\n|-damage|p1b: Aerodactyl|90/100\n|cant|p1b: Aerodactyl|flinch\n|move|p2a: Dragapult|Dragon Dance|p2a: Dragapult\n|-boost|p2a: Dragapult|atk|1\n|-boost|p2a: Dragapult|spe|1\n|move|p1a: Incineroar|Parting Shot|p2b: Sneasler\n|-unboost|p2b: Sneasler|atk|1\n|-unboost|p2b: Sneasler|spa|1\n|\n|t:|1776264558\n|switch|p1a: Froslass|Froslass, L50, F|100/100|[from] Parting Shot\n|\n|upkeep\n|turn|2\n|\n|t:|1776264602\n|move|p2b: Sneasler|Close Combat|p1b: Aerodactyl\n|-damage|p1b: Aerodactyl|24/100\n|-unboost|p2b: Sneasler|def|1\n|-unboost|p2b: Sneasler|spd|1\n|move|p2a: Dragapult|Phantom Force||[still]\n|-prepare|p2a: Dragapult|Phantom Force\n|move|p1b: Aerodactyl|Tailwind|p1b: Aerodactyl\n|-sidestart|p1: sr123456|move: Tailwind\n|move|p1a: Froslass|Shadow Ball|p2a: Dragapult|[miss]\n|-miss|p1a: Froslass|p2a: Dragapult\n|\n|upkeep\n|turn|3\n|\n|t:|1776264618\n|switch|p1a: Incineroar|Incineroar, L50, M|100/100\n|-ability|p1a: Incineroar|Intimidate|boost\n|-fail|p2a: Dragapult|unboost|[from] ability: Clear Body|[of] p2a: Dragapult\n|-unboost|p2b: Sneasler|atk|1\n|move|p2b: Sneasler|Protect|p2b: Sneasler\n|-singleturn|p2b: Sneasler|Protect\n|move|p1b: Aerodactyl|Tailwind||[still]\n|-fail|p1b: Aerodactyl\n|move|p2a: Dragapult|Phantom Force|p1a: Incineroar|[from] lockedmove\n|-resisted|p1a: Incineroar|1\n|-damage|p1a: Incineroar|68/100\n|\n|upkeep\n|turn|4\n|\n|t:|1776264653\n|detailschange|p1b: Aerodactyl|Aerodactyl-Mega, L50, F\n|-mega|p1b: Aerodactyl|Aerodactyl|Aerodactylite\n|move|p1a: Incineroar|Fake Out|p2b: Sneasler\n|-damage|p2b: Sneasler|74/100\n|move|p1b: Aerodactyl|Dual Wingbeat|p2a: Dragapult\n|-damage|p2a: Dragapult|71/100\n|-damage|p2a: Dragapult|38/100\n|-hitcount|p2a: Dragapult|2\n|cant|p2b: Sneasler|flinch\n|move|p2a: Dragapult|Dragon Darts|p1b: Aerodactyl\n|-damage|p1b: Aerodactyl|0 fnt\n|-anim|p2a: Dragapult|Dragon Darts|p1a: Incineroar\n|-damage|p1a: Incineroar|31/100\n|-enditem|p1a: Incineroar|Sitrus Berry|[eat]\n|-heal|p1a: Incineroar|55/100|[from] item: Sitrus Berry\n|faint|p1b: Aerodactyl\n|\n|upkeep\n|\n|t:|1776264671\n|switch|p1b: Tauros|Tauros, L50, M|100/100\n|turn|5\n|\n|t:|1776264683\n|move|p2b: Sneasler|Protect|p2b: Sneasler\n|-singleturn|p2b: Sneasler|Protect\n|move|p1b: Tauros|Protect|p1b: Tauros\n|-singleturn|p1b: Tauros|Protect\n|move|p2a: Dragapult|Protect|p2a: Dragapult\n|-singleturn|p2a: Dragapult|Protect\n|move|p1a: Incineroar|Parting Shot|p2b: Sneasler\n|-activate|p2b: Sneasler|move: Protect\n|\n|-sideend|p1: sr123456|move: Tailwind\n|upkeep\n|turn|6\n|\n|t:|1776264705\n|switch|p1b: Froslass|Froslass, L50, F|100/100\n|move|p2b: Sneasler|Close Combat|p1a: Incineroar\n|-supereffective|p1a: Incineroar|1\n|-damage|p1a: Incineroar|0 fnt\n|-unboost|p2b: Sneasler|def|1\n|-unboost|p2b: Sneasler|spd|1\n|faint|p1a: Incineroar\n|move|p2a: Dragapult|Dragon Darts|p1b: Froslass\n|-damage|p1b: Froslass|30/100\n|-anim|p2a: Dragapult|Dragon Darts|p1b: Froslass\n|-damage|p1b: Froslass|0 fnt\n|faint|p1b: Froslass\n|\n|upkeep\n|\n|t:|1776264720\n|switch|p1a: Tauros|Tauros, L50, M|100/100\n|turn|7\n|-message|sr123456 forfeited.\n|\n|win|shinja yug\n|raw|sr123456's rating: 1093 &rarr; <strong>1073</strong><br />(-20 for losing)\n|raw|shinja yug's rating: 1152 &rarr; <strong>1173</strong><br />(+21 for winning)\n|l|\u2606sr123456\n|player|p1|\n",
  "uploadtime": 1776264726,
  "views": 23,
  "formatid": "gen9championsvgc2026regma",
  "rating": 1073,
  "private": 0,
  "password": null
}