{
  "id": "gen9championsvgc2026regma-2586145453",
  "format": "[Gen 9 Champions] VGC 2026 Reg M-A",
  "players": [
    "prasp14",
    "myrace"
  ],
  "log": "|j|\u2606prasp14\n|j|\u2606myrace\n|t:|1776404718\n|gametype|doubles\n|player|p1|prasp14|clair|1051\n|player|p2|myrace|2|1067\n|gen|9\n|tier|[Gen 9 Champions] VGC 2026 Reg M-A\n|rated|\n|rule|Species Clause: Limit one of each Pok\u00e9mon\n|rule|Item Clause: Limit 1 of each item\n|clearpoke\n|poke|p1|Aerodactyl, L50, F|\n|poke|p1|Tyranitar, L50, M|\n|poke|p1|Sinistcha, L50|\n|poke|p1|Hydreigon, L50, F|\n|poke|p1|Rotom-Wash, L50|\n|poke|p1|Arcanine, L50, M|\n|poke|p2|Charizard, L50, M|\n|poke|p2|Venusaur, L50, M|\n|poke|p2|Garchomp, L50, F|\n|poke|p2|Incineroar, L50, F|\n|poke|p2|Sneasler, L50, F|\n|poke|p2|Rotom-Wash, L50|\n|teampreview|4\n|inactive|Battle timer is ON: inactive players will automatically lose when time's up. (requested by prasp14)\n|inactive|myrace also wants the timer to be on.\n|inactive|myrace has 60 seconds left.\n|inactive|myrace has 30 seconds left.\n|\n|t:|1776404784\n|teamsize|p1|4\n|teamsize|p2|4\n|start\n|switch|p1a: Aerodactyl|Aerodactyl, L50, F|100/100\n|switch|p1b: Arcanine|Arcanine, L50, M|100/100\n|switch|p2a: Charizard|Charizard, L50, M|100/100\n|switch|p2b: Incineroar|Incineroar, L50, F|100/100\n|-ability|p1a: Aerodactyl|Unnerve\n|-ability|p1b: Arcanine|Intimidate|boost\n|-unboost|p2a: Charizard|atk|1\n|-unboost|p2b: Incineroar|atk|1\n|-ability|p2b: Incineroar|Intimidate|boost\n|-unboost|p1a: Aerodactyl|atk|1\n|-unboost|p1b: Arcanine|atk|1\n|turn|1\n|inactive|myrace has 30 seconds left.\n|inactive|myrace has 20 seconds left.\n|\n|t:|1776404819\n|detailschange|p1a: Aerodactyl|Aerodactyl-Mega, L50, F\n|-mega|p1a: Aerodactyl|Aerodactyl|Aerodactylite\n|detailschange|p2a: Charizard|Charizard-Mega-Y, L50, M\n|-mega|p2a: Charizard|Charizard|Charizardite Y\n|-weather|SunnyDay|[from] ability: Drought|[of] p2a: Charizard\n|move|p1a: Aerodactyl|Protect|p1a: Aerodactyl\n|-singleturn|p1a: Aerodactyl|Protect\n|move|p1b: Arcanine|Protect|p1b: Arcanine\n|-singleturn|p1b: Arcanine|Protect\n|move|p2b: Incineroar|Fake Out|p1a: Aerodactyl\n|-activate|p1a: Aerodactyl|move: Protect\n|move|p2a: Charizard|Heat Wave|p1a: Aerodactyl|[spread] \n|-activate|p1a: Aerodactyl|move: Protect\n|-activate|p1b: Arcanine|move: Protect\n|\n|-weather|SunnyDay|[upkeep]\n|upkeep\n|turn|2\n|inactive|myrace has 30 seconds left.\n|inactive|myrace has 20 seconds left.\n|inactive|myrace has 15 seconds left.\n|\n|t:|1776404863\n|switch|p1b: Tyranitar|Tyranitar, L50, M|100/100\n|-weather|Sandstorm|[from] ability: Sand Stream|[of] p1b: Tyranitar\n|move|p2a: Charizard|Protect|p2a: Charizard\n|-singleturn|p2a: Charizard|Protect\n|move|p1a: Aerodactyl|Rock Slide|p2a: Charizard|[spread] \n|-activate|p2a: Charizard|move: Protect\n|-miss|p1a: Aerodactyl|p2b: Incineroar\n|move|p2b: Incineroar|Darkest Lariat|p1a: Aerodactyl\n|-damage|p1a: Aerodactyl|63/100\n|\n|-weather|Sandstorm|[upkeep]\n|-damage|p2a: Charizard|95/100|[from] Sandstorm\n|-damage|p2b: Incineroar|95/100|[from] Sandstorm\n|upkeep\n|turn|3\n|\n|t:|1776404886\n|switch|p2a: Venusaur|Venusaur, L50, M|100/100\n|move|p1a: Aerodactyl|Rock Slide|p2b: Incineroar|[spread] p2a,p2b\n|-supereffective|p2b: Incineroar|1\n|-damage|p2a: Venusaur|74/100\n|-damage|p2b: Incineroar|56/100\n|move|p1b: Tyranitar|Rock Slide|p2a: Venusaur|[spread] p2a,p2b\n|-supereffective|p2b: Incineroar|1\n|-damage|p2a: Venusaur|35/100\n|-damage|p2b: Incineroar|0 fnt\n|faint|p2b: Incineroar\n|\n|-weather|Sandstorm|[upkeep]\n|-damage|p2a: Venusaur|29/100|[from] Sandstorm\n|upkeep\n|\n|t:|1776404899\n|switch|p2b: Sneasler|Sneasler, L50, F|100/100\n|turn|4\n|\n|t:|1776404921\n|switch|p1b: Arcanine|Arcanine, L50, M|100/100\n|-ability|p1b: Arcanine|Intimidate|boost\n|-unboost|p2a: Venusaur|atk|1\n|-unboost|p2b: Sneasler|atk|1\n|-enditem|p2b: Sneasler|White Herb\n|-clearnegativeboost|p2b: Sneasler|[silent]\n|move|p1a: Aerodactyl|Protect|p1a: Aerodactyl\n|-singleturn|p1a: Aerodactyl|Protect\n|move|p2b: Sneasler|Fake Out|p1b: Arcanine\n|-damage|p1b: Arcanine|84/100\n|move|p2a: Venusaur|Sleep Powder|p1a: Aerodactyl\n|-activate|p1a: Aerodactyl|move: Protect\n|\n|-weather|Sandstorm|[upkeep]\n|-damage|p2b: Sneasler|95/100|[from] Sandstorm\n|-damage|p1b: Arcanine|77/100|[from] Sandstorm\n|-damage|p2a: Venusaur|23/100|[from] Sandstorm\n|upkeep\n|turn|5\n|\n|t:|1776404943\n|move|p1b: Arcanine|Extreme Speed|p2a: Venusaur\n|-damage|p2a: Venusaur|0 fnt\n|faint|p2a: Venusaur\n|move|p2b: Sneasler|Close Combat|p1a: Aerodactyl\n|-damage|p1a: Aerodactyl|0 fnt\n|-unboost|p2b: Sneasler|def|1\n|-unboost|p2b: Sneasler|spd|1\n|faint|p1a: Aerodactyl\n|\n|-weather|Sandstorm|[upkeep]\n|-damage|p2b: Sneasler|89/100|[from] Sandstorm\n|-damage|p1b: Arcanine|71/100|[from] Sandstorm\n|upkeep\n|\n|t:|1776404954\n|switch|p1a: Rotom|Rotom-Wash, L50, shiny|100/100\n|switch|p2a: Charizard|Charizard-Mega-Y, L50, M|95/100\n|-weather|SunnyDay|[from] ability: Drought|[of] p2a: Charizard\n|turn|6\n|\n|t:|1776404970\n|switch|p1b: Tyranitar|Tyranitar, L50, M|100/100\n|-weather|Sandstorm|[from] ability: Sand Stream|[of] p1b: Tyranitar\n|move|p2b: Sneasler|Dire Claw|p1b: Tyranitar\n|-resisted|p1b: Tyranitar|1\n|-damage|p1b: Tyranitar|85/100\n|-status|p1b: Tyranitar|slp\n|move|p2a: Charizard|Solar Beam||[still]\n|-prepare|p2a: Charizard|Solar Beam\n|move|p1a: Rotom|Hydro Pump|p2a: Charizard\n|-supereffective|p2a: Charizard|1\n|-damage|p2a: Charizard|17/100\n|\n|-weather|Sandstorm|[upkeep]\n|-damage|p2b: Sneasler|83/100|[from] Sandstorm\n|-damage|p2a: Charizard|11/100|[from] Sandstorm\n|-damage|p1a: Rotom|95/100|[from] Sandstorm\n|-heal|p1a: Rotom|100/100|[from] item: Leftovers\n|upkeep\n|turn|7\n|\n|t:|1776404989\n|move|p1a: Rotom|Protect|p1a: Rotom\n|-singleturn|p1a: Rotom|Protect\n|cant|p1b: Tyranitar|slp\n|move|p2b: Sneasler|Close Combat|p1b: Tyranitar\n|-supereffective|p1b: Tyranitar|2\n|-crit|p1b: Tyranitar\n|-damage|p1b: Tyranitar|0 fnt\n|-unboost|p2b: Sneasler|def|1\n|-unboost|p2b: Sneasler|spd|1\n|faint|p1b: Tyranitar\n|move|p2a: Charizard|Solar Beam|p1a: Rotom|[from] lockedmove\n|-activate|p1a: Rotom|move: Protect\n|\n|-weather|Sandstorm|[upkeep]\n|-damage|p2b: Sneasler|78/100|[from] Sandstorm\n|-damage|p2a: Charizard|6/100|[from] Sandstorm\n|-damage|p1a: Rotom|95/100|[from] Sandstorm\n|-heal|p1a: Rotom|100/100|[from] item: Leftovers\n|upkeep\n|\n|t:|1776404995\n|switch|p1b: Arcanine|Arcanine, L50, M|71/100\n|-ability|p1b: Arcanine|Intimidate|boost\n|-unboost|p2a: Charizard|atk|1\n|-unboost|p2b: Sneasler|atk|1\n|turn|8\n|\n|t:|1776405023\n|move|p1b: Arcanine|Extreme Speed|p2a: Charizard\n|-damage|p2a: Charizard|0 fnt\n|faint|p2a: Charizard\n|move|p2b: Sneasler|Dire Claw|p1a: Rotom\n|-damage|p1a: Rotom|69/100\n|-status|p1a: Rotom|psn\n|move|p1a: Rotom|Hydro Pump|p2b: Sneasler\n|-crit|p2b: Sneasler\n|-damage|p2b: Sneasler|0 fnt\n|faint|p2b: Sneasler\n|\n|win|prasp14\n|raw|prasp14's rating: 1051 &rarr; <strong>1085</strong><br />(+34 for winning)\n|raw|myrace's rating: 1067 &rarr; <strong>1046</strong><br />(-21 for losing)\n",
  "uploadtime": 1776405033,
  "views": 17,
  "formatid": "gen9championsvgc2026regma",
  "rating": 1046,
  "private": 0,
  "password": null
}