{
  "id": "gen9championsvgc2026regma-2583512875",
  "format": "[Gen 9 Champions] VGC 2026 Reg M-A",
  "players": [
    "violtron",
    "jahmille_118"
  ],
  "log": "|j|\u2606violtron\n|j|\u2606jahmille_118\n|t:|1776180372\n|gametype|doubles\n|player|p1|violtron|265|1042\n|player|p2|jahmille_118|1|1050\n|gen|9\n|tier|[Gen 9 Champions] VGC 2026 Reg M-A\n|rated|\n|rule|Species Clause: Limit one of each Pok\u00e9mon\n|rule|Item Clause: Limit 1 of each item\n|clearpoke\n|poke|p1|Meganium, L50, M|\n|poke|p1|Rotom-Wash, L50|\n|poke|p1|Sneasler, L50, M|\n|poke|p1|Aerodactyl, L50, M|\n|poke|p1|Kingambit, L50, M|\n|poke|p1|Garchomp, L50, M|\n|poke|p2|Beartic, L50, F|\n|poke|p2|Froslass, L50, F|\n|poke|p2|Mamoswine, L50, F|\n|poke|p2|Klefki, L50, M|\n|poke|p2|Ninetales-Alola, L50, M|\n|poke|p2|Glaceon, L50, F|\n|teampreview|4\n|inactive|Battle timer is ON: inactive players will automatically lose when time's up. (requested by violtron)\n|inactive|violtron has 60 seconds left.\n|inactive|jahmille_118 has 60 seconds left.\n|\n|t:|1776180419\n|teamsize|p1|4\n|teamsize|p2|4\n|start\n|switch|p1a: Aerodactyl|Aerodactyl, L50, M|100/100\n|switch|p1b: Kingambit|Kingambit, L50, M|100/100\n|switch|p2a: Froslass|Froslass, L50, F|100/100\n|switch|p2b: Mamoswine|Mamoswine, L50, F|100/100\n|-ability|p1a: Aerodactyl|Unnerve\n|turn|1\n|inactive|jahmille_118 has 30 seconds left.\n|\n|t:|1776180453\n|detailschange|p2a: Froslass|Froslass-Mega, L50, F\n|-mega|p2a: Froslass|Froslass|Froslassite\n|-weather|Snowscape|[from] ability: Snow Warning|[of] p2a: Froslass\n|move|p2a: Froslass|Protect|p2a: Froslass\n|-singleturn|p2a: Froslass|Protect\n|move|p1a: Aerodactyl|Tailwind|p1a: Aerodactyl\n|-sidestart|p1: violtron|move: Tailwind\n|move|p1b: Kingambit|Kowtow Cleave|p2a: Froslass\n|-activate|p2a: Froslass|move: Protect\n|move|p2b: Mamoswine|Rock Slide|p1b: Kingambit|[spread] p1a,p1b\n|-supereffective|p1a: Aerodactyl|1\n|-resisted|p1b: Kingambit|1\n|-damage|p1a: Aerodactyl|40/100\n|-damage|p1b: Kingambit|92/100\n|\n|-weather|Snowscape|[upkeep]\n|upkeep\n|turn|2\n|inactive|jahmille_118 has 30 seconds left.\n|inactive|violtron has 30 seconds left.\n|inactive|jahmille_118 has 20 seconds left.\n|\n|t:|1776180493\n|switch|p2a: Ninetales|Ninetales-Alola, L50, M|100/100\n|move|p1a: Aerodactyl|Rock Slide|p2b: Mamoswine|[spread] p2b\n|-miss|p1a: Aerodactyl|p2a: Ninetales\n|-damage|p2b: Mamoswine|84/100\n|move|p1b: Kingambit|Iron Head|p2a: Ninetales\n|-supereffective|p2a: Ninetales|2\n|-enditem|p2a: Ninetales|Focus Sash\n|-damage|p2a: Ninetales|1/100\n|move|p2b: Mamoswine|Rock Slide|p1a: Aerodactyl|[spread] p1a,p1b\n|-supereffective|p1a: Aerodactyl|1\n|-resisted|p1b: Kingambit|1\n|-damage|p1a: Aerodactyl|0 fnt\n|-damage|p1b: Kingambit|82/100\n|faint|p1a: Aerodactyl\n|\n|-weather|Snowscape|[upkeep]\n|upkeep\n|\n|t:|1776180512\n|switch|p1a: Sneasler|Sneasler, L50, M, shiny|100/100\n|turn|3\n|inactive|violtron has 30 seconds left.\n|\n|t:|1776180541\n|move|p2a: Ninetales|Protect|p2a: Ninetales\n|-singleturn|p2a: Ninetales|Protect\n|move|p1a: Sneasler|Coaching|p1b: Kingambit\n|-boost|p1b: Kingambit|atk|1\n|-boost|p1b: Kingambit|def|1\n|move|p1b: Kingambit|Iron Head|p2b: Mamoswine\n|-supereffective|p2b: Mamoswine|1\n|-damage|p2b: Mamoswine|2/100\n|move|p2b: Mamoswine|Earthquake|p1b: Kingambit|[spread] p1a,p1b\n|-activate|p2a: Ninetales|move: Protect\n|-supereffective|p1a: Sneasler|1\n|-supereffective|p1b: Kingambit|1\n|-crit|p1b: Kingambit\n|-damage|p1a: Sneasler|0 fnt\n|-damage|p1b: Kingambit|0 fnt\n|faint|p1a: Sneasler\n|faint|p1b: Kingambit\n|\n|-weather|Snowscape|[upkeep]\n|upkeep\n|\n|t:|1776180563\n|switch|p1a: Garchomp|Garchomp, L50, M|100/100\n|turn|4\n|\n|t:|1776180585\n|move|p2b: Mamoswine|Ice Shard|p1a: Garchomp\n|-supereffective|p1a: Garchomp|2\n|-damage|p1a: Garchomp|3/100\n|move|p1a: Garchomp|Rock Slide|p2b: Mamoswine|[spread] p2a\n|-miss|p1a: Garchomp|p2b: Mamoswine\n|-supereffective|p2a: Ninetales|1\n|-damage|p2a: Ninetales|0 fnt\n|faint|p2a: Ninetales\n|\n|-weather|Snowscape|[upkeep]\n|-sideend|p1: violtron|move: Tailwind\n|upkeep\n|\n|t:|1776180598\n|switch|p2a: Beartic|Beartic, L50, F|100/100\n|turn|5\n|\n|t:|1776180621\n|move|p1a: Garchomp|Protect|p1a: Garchomp\n|-singleturn|p1a: Garchomp|Protect\n|move|p2a: Beartic|Aqua Jet|p1a: Garchomp\n|-activate|p1a: Garchomp|move: Protect\n|move|p2b: Mamoswine|Ice Shard|p1a: Garchomp\n|-activate|p1a: Garchomp|move: Protect\n|\n|-weather|none\n|upkeep\n|turn|6\n|inactive|violtron has 30 seconds left.\n|\n|t:|1776180650\n|move|p2b: Mamoswine|Protect|p2b: Mamoswine\n|-singleturn|p2b: Mamoswine|Protect\n|move|p2a: Beartic|Aqua Jet|p1a: Garchomp\n|-damage|p1a: Garchomp|0 fnt\n|-damage|p2a: Beartic|88/100|[from] ability: Rough Skin|[of] p1a: Garchomp\n|faint|p1a: Garchomp\n|\n|win|jahmille_118\n|raw|violtron's rating: 1042 &rarr; <strong>1026</strong><br />(-16 for losing)\n|raw|jahmille_118's rating: 1050 &rarr; <strong>1082</strong><br />(+32 for winning)\n",
  "uploadtime": 1776180656,
  "views": 15,
  "formatid": "gen9championsvgc2026regma",
  "rating": 1026,
  "private": 0,
  "password": null
}