{
  "id": "gen9championsvgc2026regma-2586142790",
  "format": "[Gen 9 Champions] VGC 2026 Reg M-A",
  "players": [
    "PJWQuantom",
    "dolphined"
  ],
  "log": "|j|\u2606PJWQuantom\n|j|\u2606dolphined\n|t:|1776404369\n|gametype|doubles\n|player|p1|PJWQuantom|169|1049\n|player|p2|dolphined|101|1103\n|gen|9\n|tier|[Gen 9 Champions] VGC 2026 Reg M-A\n|rated|\n|rule|Species Clause: Limit one of each Pok\u00e9mon\n|rule|Item Clause: Limit 1 of each item\n|clearpoke\n|poke|p1|Starmie, L50|\n|poke|p1|Sneasler, L50, F|\n|poke|p1|Sableye, L50, M|\n|poke|p1|Maushold-Four, L50|\n|poke|p1|Rampardos, L50, F|\n|poke|p1|Lycanroc-Dusk, L50, M|\n|poke|p2|Tyranitar, L50, M|\n|poke|p2|Gardevoir, L50, M|\n|poke|p2|Gyarados, L50, F|\n|poke|p2|Excadrill, L50, M|\n|poke|p2|Sinistcha, L50|\n|poke|p2|Rotom-Heat, L50|\n|teampreview|4\n|inactive|Battle timer is ON: inactive players will automatically lose when time's up. (requested by PJWQuantom)\n|j| Bennycute\n|inactive|dolphined has 60 seconds left.\n|\n|t:|1776404416\n|teamsize|p1|4\n|teamsize|p2|4\n|start\n|switch|p1a: Starmie|Starmie, L50|100/100\n|switch|p1b: Sneasler|Sneasler, L50, F|100/100\n|switch|p2a: Tyranitar|Tyranitar, L50, M|100/100\n|switch|p2b: Excadrill|Excadrill, L50, M|100/100\n|-weather|Sandstorm|[from] ability: Sand Stream|[of] p2a: Tyranitar\n|turn|1\n|inactive|PJWQuantom has 30 seconds left.\n|inactive|dolphined has 30 seconds left.\n|\n|t:|1776404447\n|detailschange|p1a: Starmie|Starmie-Mega, L50\n|-mega|p1a: Starmie|Starmie|Starminite\n|move|p1b: Sneasler|Fake Out|p2b: Excadrill\n|-resisted|p2b: Excadrill|1\n|-damage|p2b: Excadrill|89/100\n|cant|p2b: Excadrill|flinch\n|move|p1a: Starmie|Liquidation|p2a: Tyranitar\n|-supereffective|p2a: Tyranitar|1\n|-damage|p2a: Tyranitar|0 fnt\n|faint|p2a: Tyranitar\n|\n|-weather|Sandstorm|[upkeep]\n|-damage|p1a: Starmie|95/100|[from] Sandstorm\n|-damage|p1b: Sneasler|95/100|[from] Sandstorm\n|upkeep\n|\n|t:|1776404462\n|switch|p2a: Gardevoir|Gardevoir, L50, M|100/100\n|turn|2\n|inactive|dolphined has 30 seconds left.\n|\n|t:|1776404497\n|detailschange|p2a: Gardevoir|Gardevoir-Mega, L50, M\n|-mega|p2a: Gardevoir|Gardevoir|Gardevoirite\n|move|p2b: Excadrill|High Horsepower|p1b: Sneasler\n|-supereffective|p1b: Sneasler|1\n|-damage|p1b: Sneasler|0 fnt\n|faint|p1b: Sneasler\n|move|p1a: Starmie|Liquidation|p2b: Excadrill\n|-supereffective|p2b: Excadrill|1\n|-damage|p2b: Excadrill|0 fnt\n|faint|p2b: Excadrill\n|move|p2a: Gardevoir|Psyshock|p1a: Starmie\n|-resisted|p1a: Starmie|1\n|-damage|p1a: Starmie|64/100\n|\n|-weather|Sandstorm|[upkeep]\n|-damage|p1a: Starmie|58/100|[from] Sandstorm\n|-damage|p2a: Gardevoir|95/100|[from] Sandstorm\n|upkeep\n|\n|t:|1776404512\n|switch|p1b: Maushold|Maushold-Four, L50|100/100\n|switch|p2b: Gyarados|Gyarados, L50, F|100/100\n|-ability|p2b: Gyarados|Intimidate|boost\n|-unboost|p1a: Starmie|atk|1\n|-unboost|p1b: Maushold|atk|1\n|turn|3\n|inactive|dolphined has 30 seconds left.\n|\n|t:|1776404538\n|move|p1b: Maushold|Population Bomb|p2b: Gyarados\n|-damage|p2b: Gyarados|94/100\n|-hitcount|p2b: Gyarados|1\n|move|p1a: Starmie|Liquidation|p2a: Gardevoir\n|-damage|p2a: Gardevoir|43/100\n|-unboost|p2a: Gardevoir|def|1\n|move|p2a: Gardevoir|Calm Mind|p2a: Gardevoir\n|-boost|p2a: Gardevoir|spa|1\n|-boost|p2a: Gardevoir|spd|1\n|move|p2b: Gyarados|Thunder Wave|p1a: Starmie\n|-status|p1a: Starmie|par\n|\n|-weather|Sandstorm|[upkeep]\n|-damage|p1b: Maushold|95/100|[from] Sandstorm\n|-damage|p2a: Gardevoir|37/100|[from] Sandstorm\n|-damage|p2b: Gyarados|88/100|[from] Sandstorm\n|-damage|p1a: Starmie|52/100 par|[from] Sandstorm\n|-heal|p2b: Gyarados|94/100|[from] item: Leftovers\n|upkeep\n|turn|4\n|inactive|dolphined has 30 seconds left.\n|\n|t:|1776404568\n|move|p1b: Maushold|Population Bomb|p2b: Gyarados\n|-damage|p2b: Gyarados|87/100\n|-damage|p2b: Gyarados|80/100\n|-damage|p2b: Gyarados|74/100\n|-hitcount|p2b: Gyarados|3\n|move|p2a: Gardevoir|Hyper Voice|p1b: Maushold|[spread] p1a,p1b\n|-damage|p1a: Starmie|0 fnt\n|-damage|p1b: Maushold|0 fnt\n|faint|p1a: Starmie\n|faint|p1b: Maushold\n|move|p2b: Gyarados|Waterfall|p1: Starmie|[notarget]\n|-fail|p2b: Gyarados\n|\n|-weather|Sandstorm|[upkeep]\n|-damage|p2a: Gardevoir|31/100|[from] Sandstorm\n|-damage|p2b: Gyarados|68/100|[from] Sandstorm\n|-heal|p2b: Gyarados|74/100|[from] item: Leftovers\n|upkeep\n|\n|t:|1776404586\n|switch|p1b: Lycanroc|Lycanroc-Dusk, L50, M|100/100\n|turn|5\n|\n|t:|1776404603\n|move|p1b: Lycanroc|Stone Edge|p2a: Gardevoir\n|-damage|p2a: Gardevoir|0 fnt\n|faint|p2a: Gardevoir\n|move|p2b: Gyarados|Waterfall|p1b: Lycanroc\n|-supereffective|p1b: Lycanroc|1\n|-damage|p1b: Lycanroc|0 fnt\n|faint|p1b: Lycanroc\n|\n|win|dolphined\n|raw|PJWQuantom's rating: 1049 &rarr; <strong>1034</strong><br />(-15 for losing)\n|raw|dolphined's rating: 1103 &rarr; <strong>1124</strong><br />(+21 for winning)\n|l|\u2606PJWQuantom\n|player|p1|\n",
  "uploadtime": 1776404613,
  "views": 21,
  "formatid": "gen9championsvgc2026regma",
  "rating": 1034,
  "private": 0,
  "password": null
}