{
  "id": "gen9championsvgc2026regma-2587612467",
  "format": "[Gen 9 Champions] VGC 2026 Reg M-A",
  "players": [
    "Jadenhess",
    "inakunana"
  ],
  "log": "|j|\u2606Jadenhess\n|j|\u2606inakunana\n|t:|1776546933\n|gametype|doubles\n|player|p1|Jadenhess|101|1411\n|player|p2|inakunana|erika|1493\n|gen|9\n|tier|[Gen 9 Champions] VGC 2026 Reg M-A\n|rated|\n|rule|Species Clause: Limit one of each Pok\u00e9mon\n|rule|Item Clause: Limit 1 of each item\n|clearpoke\n|poke|p1|Alakazam, L50, M|\n|poke|p1|Meowstic, L50, M|\n|poke|p1|Armarouge, L50, M|\n|poke|p1|Hydreigon, L50, F|\n|poke|p1|Krookodile, L50, F|\n|poke|p1|Glimmora, L50, F|\n|poke|p2|Excadrill, L50, F|\n|poke|p2|Tyranitar, L50, F|\n|poke|p2|Floette-Eternal, L50, F|\n|poke|p2|Incineroar, L50, M|\n|poke|p2|Sinistcha, L50|\n|poke|p2|Rotom-Wash, L50|\n|teampreview|4\n|inactive|Battle timer is ON: inactive players will automatically lose when time's up. (requested by Jadenhess)\n|inactive|inakunana also wants the timer to be on.\n|inactive|Jadenhess has 60 seconds left.\n|inactive|Jadenhess has 30 seconds left.\n|\n|t:|1776547000\n|teamsize|p1|4\n|teamsize|p2|4\n|start\n|switch|p1a: Krookodile|Krookodile, L50, F|100/100\n|switch|p1b: Meowstic|Meowstic, L50, M|100/100\n|switch|p2a: Tyranitar|Tyranitar, L50, F|100/100\n|switch|p2b: loves me not|Floette-Eternal, L50, F|100/100\n|-ability|p1a: Krookodile|Intimidate|boost\n|-unboost|p2a: Tyranitar|atk|1\n|-unboost|p2b: loves me not|atk|1\n|-weather|Sandstorm|[from] ability: Sand Stream|[of] p2a: Tyranitar\n|turn|1\n|\n|t:|1776547013\n|detailschange|p2b: loves me not|Floette-Mega, L50, F\n|-mega|p2b: loves me not|Floette|Floettite\n|-ability|p2b: loves me not|Fairy Aura\n|move|p1b: Meowstic|Fake Out|p2b: loves me not\n|-damage|p2b: loves me not|94/100\n|cant|p2b: loves me not|flinch\n|move|p1a: Krookodile|Earthquake|p2b: loves me not|[spread] p1b,p2a,p2b\n|-supereffective|p2a: Tyranitar|1\n|-damage|p1b: Meowstic|65/100\n|-damage|p2a: Tyranitar|28/100\n|-damage|p2b: loves me not|55/100\n|move|p2a: Tyranitar|Rock Slide|p1b: Meowstic|[spread] p1a,p1b\n|-resisted|p1a: Krookodile|1\n|-damage|p1a: Krookodile|88/100\n|-damage|p1b: Meowstic|44/100\n|\n|-weather|Sandstorm|[upkeep]\n|-damage|p2b: loves me not|49/100|[from] Sandstorm\n|-damage|p1b: Meowstic|38/100|[from] Sandstorm\n|upkeep\n|turn|2\n|inactive|Jadenhess has 30 seconds left.\n|\n|t:|1776547043\n|switch|p2a: Incineroar|Incineroar, L50, M|100/100\n|-ability|p2a: Incineroar|Intimidate|boost\n|-unboost|p1a: Krookodile|atk|1\n|-unboost|p1b: Meowstic|atk|1\n|move|p1a: Krookodile|Protect|p1a: Krookodile\n|-singleturn|p1a: Krookodile|Protect\n|move|p1b: Meowstic|Psychic Terrain|p1b: Meowstic\n|-fieldstart|move: Psychic Terrain\n|move|p2b: loves me not|Dazzling Gleam|p1a: Krookodile|[spread] p1b\n|-activate|p1a: Krookodile|move: Protect\n|-damage|p1b: Meowstic|0 fnt\n|faint|p1b: Meowstic\n|\n|-weather|Sandstorm|[upkeep]\n|-damage|p2b: loves me not|43/100|[from] Sandstorm\n|-damage|p2a: Incineroar|95/100|[from] Sandstorm\n|upkeep\n|\n|t:|1776547048\n|switch|p1b: Glimmora|Glimmora, L50, F|100/100\n|turn|3\n|\n|t:|1776547056\n|switch|p1a: Hydreigon|Hydreigon, L50, F|100/100\n|detailschange|p1b: Glimmora|Glimmora-Mega, L50, F\n|-mega|p1b: Glimmora|Glimmora|Glimmoranite\n|move|p2b: loves me not|Protect|p2b: loves me not\n|-singleturn|p2b: loves me not|Protect\n|move|p1b: Glimmora|Power Gem|p2a: Incineroar\n|-supereffective|p2a: Incineroar|1\n|-damage|p2a: Incineroar|0 fnt\n|faint|p2a: Incineroar\n|\n|-weather|Sandstorm|[upkeep]\n|-damage|p1a: Hydreigon|95/100|[from] Sandstorm\n|-damage|p2b: loves me not|37/100|[from] Sandstorm\n|upkeep\n|\n|t:|1776547060\n|switch|p2a: Excadrill|Excadrill, L50, F|100/100\n|turn|4\n|inactive|Jadenhess has 30 seconds left.\n|inactive|Jadenhess has 20 seconds left.\n|\n|t:|1776547097\n|move|p1b: Glimmora|Protect|p1b: Glimmora\n|-singleturn|p1b: Glimmora|Protect\n|move|p2a: Excadrill|High Horsepower|p1b: Glimmora\n|-activate|p1b: Glimmora|move: Protect\n|move|p1a: Hydreigon|Fire Blast|p2a: Excadrill|[miss]\n|-miss|p1a: Hydreigon|p2a: Excadrill\n|move|p2b: loves me not|Moonblast|p1a: Hydreigon\n|-supereffective|p1a: Hydreigon|2\n|-damage|p1a: Hydreigon|0 fnt\n|faint|p1a: Hydreigon\n|\n|-weather|Sandstorm|[upkeep]\n|-damage|p2b: loves me not|30/100|[from] Sandstorm\n|upkeep\n|\n|t:|1776547104\n|switch|p1a: Krookodile|Krookodile, L50, F|88/100\n|-ability|p1a: Krookodile|Intimidate|boost\n|-unboost|p2a: Excadrill|atk|1\n|-unboost|p2b: loves me not|atk|1\n|turn|5\n|-message|Jadenhess forfeited.\n|\n|win|inakunana\n|raw|Jadenhess's rating: 1411 &rarr; <strong>1396</strong><br />(-15 for losing)\n|raw|inakunana's rating: 1493 &rarr; <strong>1508</strong><br />(+15 for winning)\n|l|\u2606Jadenhess\n|player|p1|\n|l|\u2606inakunana\n|player|p2|\n|j|\u2606inakunana\n|player|p2|inakunana|erika|\n|l|\u2606inakunana\n|player|p2|\n",
  "uploadtime": 1776547177,
  "views": 17,
  "formatid": "gen9championsvgc2026regma",
  "rating": 1396,
  "private": 0,
  "password": null
}