{
  "id": "gen9championsvgc2026regma-2584447207",
  "format": "[Gen 9 Champions] VGC 2026 Reg M-A",
  "players": [
    "tmx3122",
    "slyvesterccd"
  ],
  "log": "|j|\u2606tmx3122\n|j|\u2606slyvesterccd\n|t:|1776261502\n|gametype|doubles\n|player|p1|tmx3122|170|1174\n|player|p2|slyvesterccd|169|1098\n|gen|9\n|tier|[Gen 9 Champions] VGC 2026 Reg M-A\n|rated|\n|rule|Species Clause: Limit one of each Pok\u00e9mon\n|rule|Item Clause: Limit 1 of each item\n|clearpoke\n|poke|p1|Venusaur, L50, M|\n|poke|p1|Aegislash, L50, M|\n|poke|p1|Dragonite, L50, F|\n|poke|p1|Sneasler, L50, M|\n|poke|p1|Basculegion, L50, M|\n|poke|p1|Incineroar, L50, M|\n|poke|p2|Gyarados, L50, M|\n|poke|p2|Sinistcha, L50|\n|poke|p2|Arcanine, L50, M|\n|poke|p2|Kingambit, L50, M|\n|poke|p2|Dragapult, L50, M|\n|poke|p2|Raichu, L50, F|\n|teampreview|4\n|\n|t:|1776261537\n|teamsize|p1|4\n|teamsize|p2|4\n|start\n|switch|p1a: Dragonite|Dragonite, L50, F|100/100\n|switch|p1b: Incineroar|Incineroar, L50, M|100/100\n|switch|p2a: Arcanine|Arcanine, L50, M|100/100\n|switch|p2b: Gyarados|Gyarados, L50, M, shiny|100/100\n|-ability|p2b: Gyarados|Intimidate|boost\n|-unboost|p1a: Dragonite|atk|1\n|-unboost|p1b: Incineroar|atk|1\n|-ability|p2a: Arcanine|Intimidate|boost\n|-unboost|p1a: Dragonite|atk|1\n|-unboost|p1b: Incineroar|atk|1\n|-ability|p1b: Incineroar|Intimidate|boost\n|-unboost|p2a: Arcanine|atk|1\n|-unboost|p2b: Gyarados|atk|1\n|turn|1\n|\n|t:|1776261557\n|detailschange|p1a: Dragonite|Dragonite-Mega, L50, F\n|-mega|p1a: Dragonite|Dragonite|Dragoninite\n|move|p2b: Gyarados|Protect|p2b: Gyarados\n|-singleturn|p2b: Gyarados|Protect\n|move|p1b: Incineroar|Fake Out|p2b: Gyarados\n|-activate|p2b: Gyarados|move: Protect\n|move|p1a: Dragonite|Icy Wind|p2b: Gyarados|[spread] p2a\n|-activate|p2b: Gyarados|move: Protect\n|-resisted|p2a: Arcanine|1\n|-damage|p2a: Arcanine|94/100\n|-unboost|p2a: Arcanine|spe|1\n|move|p2a: Arcanine|Will-O-Wisp|p1a: Dragonite|[miss]\n|-miss|p2a: Arcanine|p1a: Dragonite\n|\n|upkeep\n|turn|2\n|inactive|Battle timer is ON: inactive players will automatically lose when time's up. (requested by tmx3122)\n|inactive|slyvesterccd has 60 seconds left.\n|inactive|tmx3122 has 60 seconds left.\n|\n|t:|1776261613\n|detailschange|p2b: Gyarados|Gyarados-Mega, L50, M, shiny\n|-mega|p2b: Gyarados|Gyarados|Gyaradosite\n|-ability|p2b: Gyarados|Mold Breaker\n|move|p2a: Arcanine|Extreme Speed|p1a: Dragonite\n|-damage|p1a: Dragonite|94/100\n|move|p2b: Gyarados|Waterfall|p1b: Incineroar\n|-supereffective|p1b: Incineroar|1\n|-damage|p1b: Incineroar|41/100\n|move|p1a: Dragonite|Dragon Pulse|p2a: Arcanine\n|-damage|p2a: Arcanine|53/100\n|move|p1b: Incineroar|Parting Shot|p2b: Gyarados\n|-unboost|p2b: Gyarados|atk|1\n|-unboost|p2b: Gyarados|spa|1\n|\n|t:|1776261633\n|switch|p1b: Sneasler|Sneasler, L50, M|100/100|[from] Parting Shot\n|\n|upkeep\n|turn|3\n|\n|t:|1776261656\n|move|p2b: Gyarados|Protect|p2b: Gyarados\n|-singleturn|p2b: Gyarados|Protect\n|move|p1b: Sneasler|Fake Out|p2a: Arcanine\n|-damage|p2a: Arcanine|36/100\n|-enditem|p2a: Arcanine|Sitrus Berry|[eat]\n|-heal|p2a: Arcanine|61/100|[from] item: Sitrus Berry\n|move|p1a: Dragonite|Icy Wind|p2b: Gyarados|[spread] p2a\n|-activate|p2b: Gyarados|move: Protect\n|-resisted|p2a: Arcanine|1\n|-damage|p2a: Arcanine|54/100\n|-unboost|p2a: Arcanine|spe|1\n|cant|p2a: Arcanine|flinch\n|\n|upkeep\n|turn|4\n|inactive|slyvesterccd has 30 seconds left.\n|\n|t:|1776261683\n|switch|p2b: Dragapult|Dragapult, L50, M|100/100\n|move|p1b: Sneasler|Rock Tomb|p2a: Arcanine\n|-supereffective|p2a: Arcanine|1\n|-damage|p2a: Arcanine|1/100\n|-unboost|p2a: Arcanine|spe|1\n|move|p1a: Dragonite|Dragon Pulse|p2b: Dragapult\n|-supereffective|p2b: Dragapult|1\n|-damage|p2b: Dragapult|0 fnt\n|faint|p2b: Dragapult\n|move|p2a: Arcanine|Will-O-Wisp|p1b: Sneasler\n|-status|p1b: Sneasler|brn\n|\n|-damage|p1b: Sneasler|95/100 brn|[from] brn\n|upkeep\n|\n|t:|1776261699\n|switch|p2b: Gyarados|Gyarados-Mega, L50, M, shiny|100/100\n|-ability|p2b: Gyarados|Mold Breaker\n|turn|5\n|\n|t:|1776261719\n|move|p2a: Arcanine|Extreme Speed|p1a: Dragonite\n|-damage|p1a: Dragonite|81/100\n|move|p1b: Sneasler|Close Combat|p2b: Gyarados\n|-supereffective|p2b: Gyarados|1\n|-damage|p2b: Gyarados|30/100\n|-unboost|p1b: Sneasler|def|1\n|-unboost|p1b: Sneasler|spd|1\n|-status|p2b: Gyarados|psn|[from] ability: Poison Touch|[of] p1b: Sneasler\n|move|p2b: Gyarados|Crunch|p1a: Dragonite\n|-damage|p1a: Dragonite|42/100\n|move|p1a: Dragonite|Icy Wind|p2b: Gyarados|[spread] p2a\n|-miss|p1a: Dragonite|p2b: Gyarados\n|-resisted|p2a: Arcanine|1\n|-damage|p2a: Arcanine|0 fnt\n|faint|p2a: Arcanine\n|\n|-damage|p2b: Gyarados|18/100 psn|[from] psn\n|-damage|p1b: Sneasler|89/100 brn|[from] brn\n|upkeep\n|\n|t:|1776261728\n|switch|p2a: Raichu|Raichu, L50, F|100/100\n|turn|6\n|\n|t:|1776261751\n|move|p1a: Dragonite|Protect|p1a: Dragonite\n|-singleturn|p1a: Dragonite|Protect\n|move|p2a: Raichu|Fake Out|p1a: Dragonite\n|-activate|p1a: Dragonite|move: Protect\n|move|p1b: Sneasler|Close Combat|p2b: Gyarados\n|-supereffective|p2b: Gyarados|1\n|-damage|p2b: Gyarados|0 fnt\n|-unboost|p1b: Sneasler|def|1\n|-unboost|p1b: Sneasler|spd|1\n|faint|p2b: Gyarados\n|\n|-damage|p1b: Sneasler|83/100 brn|[from] brn\n|upkeep\n|turn|7\n|-message|slyvesterccd forfeited.\n|\n|win|tmx3122\n|raw|tmx3122's rating: 1174 &rarr; <strong>1194</strong><br />(+20 for winning)\n|raw|slyvesterccd's rating: 1098 &rarr; <strong>1079</strong><br />(-19 for losing)\n|l|\u2606slyvesterccd\n|player|p2|\n",
  "uploadtime": 1776261763,
  "views": 22,
  "formatid": "gen9championsvgc2026regma",
  "rating": 1079,
  "private": 0,
  "password": null
}