{
  "id": "gen9championsvgc2026regma-2581211346",
  "format": "[Gen 9 Champions] VGC 2026 Reg M-A",
  "players": [
    "huygg",
    "San gerger"
  ],
  "log": "|j|\u2606huygg\n|j|\u2606San gerger\n|t:|1775971306\n|gametype|doubles\n|player|p1|huygg|elesa|1313\n|player|p2|San gerger|266|1394\n|gen|9\n|tier|[Gen 9 Champions] VGC 2026 Reg M-A\n|rated|\n|rule|Species Clause: Limit one of each Pok\u00e9mon\n|rule|Item Clause: Limit 1 of each item\n|clearpoke\n|poke|p1|Tyranitar, L50, M|\n|poke|p1|Sinistcha, L50|\n|poke|p1|Aerodactyl, L50, M|\n|poke|p1|Sneasler, L50, M|\n|poke|p1|Excadrill, L50, M|\n|poke|p1|Rotom-Wash, L50|\n|poke|p2|Delphox, L50, F|\n|poke|p2|Floette-Eternal, L50, F|\n|poke|p2|Aerodactyl, L50, M|\n|poke|p2|Incineroar, L50, M|\n|poke|p2|Basculegion-F, L50, F|\n|poke|p2|Sneasler, L50, M|\n|teampreview|4\n|j| gE1xjZRtuhW2DdT0AK\n|inactive|Battle timer is ON: inactive players will automatically lose when time's up. (requested by San gerger)\n|inactive|San gerger has 60 seconds left.\n|inactive|San gerger has 30 seconds left.\n|inactive|San gerger has 20 seconds left.\n|inactive|San gerger has 15 seconds left.\n|inactive|San gerger has 10 seconds left.\n|inactive|San gerger has 5 seconds left.\n|\n|t:|1775971408\n|teamsize|p1|4\n|teamsize|p2|4\n|start\n|switch|p1a: Tyranitar|Tyranitar, L50, M|100/100\n|switch|p1b: Sneasler|Sneasler, L50, M|100/100\n|switch|p2a: Aerodactyl|Aerodactyl, L50, M|100/100\n|switch|p2b: Basculegion|Basculegion-F, L50, F|100/100\n|-weather|Sandstorm|[from] ability: Sand Stream|[of] p1a: Tyranitar\n|turn|1\n|j| Glaceon0404\n|l| Glaceon0404\n|inactive|huygg has 30 seconds left.\n|inactive|San gerger has 30 seconds left.\n|j| NickR1\n|inactive|San gerger has 20 seconds left.\n|\n|t:|1775971448\n|switch|p2b: Incineroar|Incineroar, L50, M|100/100\n|-ability|p2b: Incineroar|Intimidate|boost\n|-unboost|p1a: Tyranitar|atk|1\n|-unboost|p1b: Sneasler|atk|1\n|-enditem|p1b: Sneasler|White Herb\n|-clearnegativeboost|p1b: Sneasler|[silent]\n|detailschange|p1a: Tyranitar|Tyranitar-Mega, L50, M\n|-mega|p1a: Tyranitar|Tyranitar|Tyranitarite\n|move|p2a: Aerodactyl|Protect|p2a: Aerodactyl\n|-singleturn|p2a: Aerodactyl|Protect\n|move|p1b: Sneasler|Fake Out|p2a: Aerodactyl\n|-activate|p2a: Aerodactyl|move: Protect\n|move|p1a: Tyranitar|Knock Off|p2b: Incineroar\n|-resisted|p2b: Incineroar|1\n|-damage|p2b: Incineroar|84/100\n|-enditem|p2b: Incineroar|Sitrus Berry|[from] move: Knock Off|[of] p1a: Tyranitar\n|\n|-weather|Sandstorm|[upkeep]\n|-damage|p1b: Sneasler|95/100|[from] Sandstorm\n|-damage|p2b: Incineroar|78/100|[from] Sandstorm\n|upkeep\n|turn|2\n|inactive|huygg has 30 seconds left.\n|\n|t:|1775971479\n|move|p2b: Incineroar|Fake Out|p1b: Sneasler\n|-damage|p1b: Sneasler|78/100\n|cant|p1b: Sneasler|flinch\n|move|p2a: Aerodactyl|Tailwind|p2a: Aerodactyl\n|-sidestart|p2: San gerger|move: Tailwind\n|move|p1a: Tyranitar|Rock Slide|p2b: Incineroar|[spread] p2a,p2b\n|-supereffective|p2a: Aerodactyl|1\n|-supereffective|p2b: Incineroar|1\n|-damage|p2a: Aerodactyl|20/100\n|-damage|p2b: Incineroar|42/100\n|\n|-weather|Sandstorm|[upkeep]\n|-damage|p1b: Sneasler|72/100|[from] Sandstorm\n|-damage|p2b: Incineroar|36/100|[from] Sandstorm\n|upkeep\n|turn|3\n|inactive|San gerger has 30 seconds left.\n|inactive|huygg has 30 seconds left.\n|\n|t:|1775971516\n|switch|p1b: Aerodactyl|Aerodactyl, L50, M|100/100\n|-ability|p1b: Aerodactyl|Unnerve\n|switch|p2b: Sneasler|Sneasler, L50, M|100/100\n|move|p2a: Aerodactyl|Dual Wingbeat|p1b: Aerodactyl|[miss]\n|-miss|p2a: Aerodactyl|p1b: Aerodactyl\n|move|p1a: Tyranitar|Rock Slide|p2a: Aerodactyl|[spread] p2a,p2b\n|-supereffective|p2a: Aerodactyl|1\n|-resisted|p2b: Sneasler|1\n|-damage|p2a: Aerodactyl|0 fnt\n|-damage|p2b: Sneasler|80/100\n|faint|p2a: Aerodactyl\n|\n|-weather|Sandstorm|[upkeep]\n|-damage|p2b: Sneasler|74/100|[from] Sandstorm\n|upkeep\n|inactive|San gerger has 30 seconds left.\n|l| NickR1\n|\n|t:|1775971546\n|switch|p2a: Basculegion|Basculegion-F, L50, F|100/100\n|turn|4\n|inactive|huygg has 30 seconds left.\n|\n|t:|1775971575\n|switch|p1a: Sneasler|Sneasler, L50, M|72/100\n|move|p2a: Basculegion|Muddy Water|p1a: Sneasler|[spread] p1b\n|-miss|p2a: Basculegion|p1a: Sneasler\n|-supereffective|p1b: Aerodactyl|1\n|-crit|p1b: Aerodactyl\n|-enditem|p1b: Aerodactyl|Focus Sash\n|-damage|p1b: Aerodactyl|1/100\n|move|p2b: Sneasler|Close Combat|p1b: Aerodactyl\n|-crit|p1b: Aerodactyl\n|-damage|p1b: Aerodactyl|0 fnt\n|-unboost|p2b: Sneasler|def|1\n|-unboost|p2b: Sneasler|spd|1\n|faint|p1b: Aerodactyl\n|-enditem|p2b: Sneasler|White Herb\n|-clearnegativeboost|p2b: Sneasler|[silent]\n|\n|-weather|Sandstorm|[upkeep]\n|-damage|p2b: Sneasler|69/100|[from] Sandstorm\n|-damage|p2a: Basculegion|94/100|[from] Sandstorm\n|-damage|p1a: Sneasler|66/100|[from] Sandstorm\n|upkeep\n|\n|t:|1775971596\n|switch|p1b: Tyranitar|Tyranitar-Mega, L50, M|100/100\n|turn|5\n|j| paoxiaohufensi\n|inactive|huygg has 30 seconds left.\n|inactive|San gerger has 30 seconds left.\n|inactive|San gerger has 20 seconds left.\n|inactive|San gerger has 15 seconds left.\n|\n|t:|1775971640\n|move|p2b: Sneasler|Close Combat|p1b: Tyranitar\n|-supereffective|p1b: Tyranitar|2\n|-damage|p1b: Tyranitar|0 fnt\n|-unboost|p2b: Sneasler|def|1\n|-unboost|p2b: Sneasler|spd|1\n|faint|p1b: Tyranitar\n|move|p2a: Basculegion|Muddy Water|p1a: Sneasler|[miss]\n|-miss|p2a: Basculegion|p1a: Sneasler\n|move|p1a: Sneasler|Close Combat|p2b: Sneasler\n|-resisted|p2b: Sneasler|1\n|-damage|p2b: Sneasler|0 fnt\n|-unboost|p1a: Sneasler|def|1\n|-unboost|p1a: Sneasler|spd|1\n|faint|p2b: Sneasler\n|\n|-weather|none\n|-sideend|p2: San gerger|move: Tailwind\n|upkeep\n|j| gumball froth show\n|\n|t:|1775971656\n|switch|p2b: Incineroar|Incineroar, L50, M|36/100\n|switch|p1b: Excadrill|Excadrill, L50, M|100/100\n|-ability|p2b: Incineroar|Intimidate|boost\n|-unboost|p1a: Sneasler|atk|1\n|-unboost|p1b: Excadrill|atk|1\n|turn|6\n|inactive|huygg has 30 seconds left.\n|inactive|huygg has 20 seconds left.\n|inactive|huygg has 15 seconds left.\n|\n|t:|1775971697\n|move|p2b: Incineroar|Fake Out|p1a: Sneasler\n|-damage|p1a: Sneasler|37/100\n|move|p2a: Basculegion|Muddy Water|p1b: Excadrill|[spread] p1a,p1b\n|-supereffective|p1b: Excadrill|1\n|-damage|p1a: Sneasler|0 fnt\n|-damage|p1b: Excadrill|0 fnt\n|faint|p1a: Sneasler\n|faint|p1b: Excadrill\n|\n|win|San gerger\n|raw|huygg's rating: 1313 &rarr; <strong>1298</strong><br />(-15 for losing)\n|raw|San gerger's rating: 1394 &rarr; <strong>1409</strong><br />(+15 for winning)\n|l|\u2606San gerger\n|player|p2|\n",
  "uploadtime": 1775971714,
  "views": 39,
  "formatid": "gen9championsvgc2026regma",
  "rating": 1298,
  "private": 0,
  "password": null
}