{
  "id": "gen9championsvgc2026regma-2587817725",
  "format": "[Gen 9 Champions] VGC 2026 Reg M-A",
  "players": [
    "xoxotau",
    "Heartway"
  ],
  "log": "|j|\u2606xoxotau\n|j|\u2606Heartway\n|t:|1776567071\n|gametype|doubles\n|player|p1|xoxotau|2|1018\n|player|p2|Heartway|169|1063\n|gen|9\n|tier|[Gen 9 Champions] VGC 2026 Reg M-A\n|rated|\n|rule|Species Clause: Limit one of each Pok\u00e9mon\n|rule|Item Clause: Limit 1 of each item\n|clearpoke\n|poke|p1|Charizard, L50, M|\n|poke|p1|Venusaur, L50, F|\n|poke|p1|Blastoise, L50, M|\n|poke|p1|Pidgeot, L50, F|\n|poke|p1|Raichu, L50, M|\n|poke|p1|Snorlax, L50, F|\n|poke|p2|Ariados, L50, M|\n|poke|p2|Gengar, L50, M|\n|poke|p2|Sneasler, L50, F|\n|poke|p2|Glimmora, L50, F|\n|poke|p2|Toxapex, L50, F|\n|poke|p2|Slowbro-Galar, L50, F|\n|teampreview|4\n|inactive|Battle timer is ON: inactive players will automatically lose when time's up. (requested by Heartway)\n|\n|t:|1776567102\n|teamsize|p1|4\n|teamsize|p2|4\n|start\n|switch|p1a: Raichu|Raichu, L50, M|100/100\n|switch|p1b: Blastoise|Blastoise, L50, M|100/100\n|switch|p2a: Ariados|Ariados, L50, M|100/100\n|switch|p2b: Sneasler|Sneasler, L50, F|100/100\n|turn|1\n|\n|t:|1776567116\n|move|p2b: Sneasler|Fake Out|p1b: Blastoise\n|-damage|p1b: Blastoise|87/100\n|move|p1a: Raichu|Electroweb|p2a: Ariados|[spread] p2a,p2b\n|-damage|p2a: Ariados|75/100\n|-damage|p2b: Sneasler|78/100\n|-unboost|p2a: Ariados|spe|1\n|-unboost|p2b: Sneasler|spe|1\n|-enditem|p2b: Sneasler|White Herb\n|-clearnegativeboost|p2b: Sneasler|[silent]\n|cant|p1b: Blastoise|flinch\n|move|p2a: Ariados|Toxic Thread|p1b: Blastoise\n|-unboost|p1b: Blastoise|spe|2\n|-status|p1b: Blastoise|psn\n|\n|-damage|p1b: Blastoise|74/100 psn|[from] psn\n|upkeep\n|turn|2\n|inactive|xoxotau has 30 seconds left.\n|\n|t:|1776567141\n|move|p2b: Sneasler|Dire Claw|p1a: Raichu\n|-damage|p1a: Raichu|23/100\n|move|p1a: Raichu|Electroweb|p2b: Sneasler|[spread] p2a,p2b\n|-damage|p2a: Ariados|51/100\n|-damage|p2b: Sneasler|55/100\n|-unboost|p2a: Ariados|spe|1\n|-unboost|p2b: Sneasler|spe|1\n|move|p1b: Blastoise|Life Dew|p1b: Blastoise|[spread] p1a,p1b\n|-heal|p1a: Raichu|48/100\n|-heal|p1b: Blastoise|99/100 psn\n|move|p2a: Ariados|Toxic Thread|p1a: Raichu\n|-unboost|p1a: Raichu|spe|2\n|-status|p1a: Raichu|psn\n|\n|-damage|p1a: Raichu|36/100 psn|[from] psn\n|-damage|p1b: Blastoise|87/100 psn|[from] psn\n|upkeep\n|turn|3\n|inactive|xoxotau has 30 seconds left.\n|\n|t:|1776567173\n|switch|p1a: Charizard|Charizard, L50, M|100/100\n|move|p2b: Sneasler|Dire Claw|p1a: Charizard\n|-damage|p1a: Charizard|49/100\n|move|p1b: Blastoise|Water Spout|p2b: Sneasler|[spread] p2a,p2b\n|-damage|p2a: Ariados|0 fnt\n|-damage|p2b: Sneasler|2/100\n|faint|p2a: Ariados\n|\n|-damage|p1b: Blastoise|75/100 psn|[from] psn\n|upkeep\n|\n|t:|1776567183\n|switch|p2a: Glimmora|Glimmora, L50, F|100/100\n|turn|4\n|\n|t:|1776567205\n|detailschange|p2a: Glimmora|Glimmora-Mega, L50, F\n|-mega|p2a: Glimmora|Glimmora|Glimmoranite\n|move|p1a: Charizard|Protect|p1a: Charizard\n|-singleturn|p1a: Charizard|Protect\n|move|p2b: Sneasler|Dire Claw|p1a: Charizard\n|-activate|p1a: Charizard|move: Protect\n|move|p2a: Glimmora|Venoshock|p1b: Blastoise\n|-damage|p1b: Blastoise|0 fnt\n|faint|p1b: Blastoise\n|\n|upkeep\n|\n|t:|1776567218\n|switch|p1b: Venusaur|Venusaur, L50, F|100/100\n|turn|5\n|inactive|Heartway has 30 seconds left.\n|\n|t:|1776567243\n|detailschange|p1a: Charizard|Charizard-Mega-Y, L50, M\n|-mega|p1a: Charizard|Charizard|Charizardite Y\n|-weather|SunnyDay|[from] ability: Drought|[of] p1a: Charizard\n|move|p2b: Sneasler|Dire Claw|p1b: Venusaur\n|-damage|p1b: Venusaur|44/100\n|move|p1b: Venusaur|Sleep Powder|p2a: Glimmora\n|-status|p2a: Glimmora|slp|[from] move: Sleep Powder\n|cant|p2a: Glimmora|slp\n|move|p1a: Charizard|Heat Wave|p2b: Sneasler|[spread] p2a,p2b\n|-resisted|p2a: Glimmora|1\n|-damage|p2a: Glimmora|58/100 slp\n|-damage|p2b: Sneasler|0 fnt\n|faint|p2b: Sneasler\n|\n|-weather|SunnyDay|[upkeep]\n|upkeep\n|\n|t:|1776567257\n|switch|p2b: Slowbro|Slowbro-Galar, L50, F|100/100\n|turn|6\n|-activate|p2b: Slowbro|ability: Quick Draw\n|\n|t:|1776567271\n|move|p2b: Slowbro|Shell Side Arm|p1a: Charizard|[anim] Shell Side Arm Special\n|-crit|p1a: Charizard\n|-damage|p1a: Charizard|0 fnt\n|-hint|Special Shell Side Arm\n|faint|p1a: Charizard\n|move|p1b: Venusaur|Giga Drain|p2b: Slowbro\n|-resisted|p2b: Slowbro|1\n|-damage|p2b: Slowbro|79/100\n|-heal|p1b: Venusaur|55/100|[from] drain|[of] p2b: Slowbro\n|-curestatus|p2a: Glimmora|slp|[msg]\n|move|p2a: Glimmora|Power Gem|p1b: Venusaur\n|-damage|p1b: Venusaur|0 fnt\n|faint|p1b: Venusaur\n|\n|-weather|SunnyDay|[upkeep]\n|upkeep\n|\n|t:|1776567288\n|switch|p1b: Raichu|Raichu, L50, M|36/100 psn\n|turn|7\n|-activate|p2b: Slowbro|item: Quick Claw\n|\n|t:|1776567295\n|move|p2b: Slowbro|Shell Side Arm|p1b: Raichu|[anim] Shell Side Arm Special\n|-damage|p1b: Raichu|0 fnt\n|-hint|Special Shell Side Arm\n|faint|p1b: Raichu\n|\n|win|Heartway\n|raw|xoxotau's rating: 1018 &rarr; <strong>1007</strong><br />(-11 for losing)\n|raw|Heartway's rating: 1063 &rarr; <strong>1090</strong><br />(+27 for winning)\n",
  "uploadtime": 1776567299,
  "views": 18,
  "formatid": "gen9championsvgc2026regma",
  "rating": 1007,
  "private": 0,
  "password": null
}