{
  "id": "gen9championsvgc2026regma-2588518432",
  "format": "[Gen 9 Champions] VGC 2026 Reg M-A",
  "players": [
    "mothergallade",
    "sdlt 2krl coolguy"
  ],
  "log": "|raw|<div class=\"broadcast-blue\"><strong>This battle is required to be public due to a player having a name starting with 'sdlt'.</div>\n|j|\u2606mothergallade\n|j|\u2606sdlt 2krl coolguy\n|t:|1776640942\n|gametype|doubles\n|player|p1|mothergallade|265|1131\n|player|p2|sdlt 2krl coolguy|leon-masters2|1206\n|gen|9\n|tier|[Gen 9 Champions] VGC 2026 Reg M-A\n|rated|\n|rule|Species Clause: Limit one of each Pok\u00e9mon\n|rule|Item Clause: Limit 1 of each item\n|clearpoke\n|poke|p1|Manectric, L50, F|\n|poke|p1|Mamoswine, L50, F|\n|poke|p1|Farigiraf, L50, F|\n|poke|p1|Camerupt, L50, M|\n|poke|p1|Sinistcha, L50|\n|poke|p1|Primarina, L50, F|\n|poke|p2|Floette-Eternal, L50, F|\n|poke|p2|Incineroar, L50, M|\n|poke|p2|Sinistcha, L50|\n|poke|p2|Garchomp, L50, F|\n|poke|p2|Sneasler, L50, F|\n|poke|p2|Kingambit, L50, F|\n|teampreview|4\n|inactive|Battle timer is ON: inactive players will automatically lose when time's up. (requested by sdlt 2krl coolguy)\n|\n|t:|1776640971\n|teamsize|p1|4\n|teamsize|p2|4\n|start\n|switch|p1a: Manectric|Manectric, L50, F|100/100\n|switch|p1b: Mamoswine|Mamoswine, L50, F|100/100\n|switch|p2a: Floette|Floette-Eternal, L50, F|100/100\n|switch|p2b: Garchomp|Garchomp, L50, F|100/100\n|turn|1\n|inactive|mothergallade has 30 seconds left.\n|inactive|mothergallade has 20 seconds left.\n|\n|t:|1776641009\n|switch|p2b: Incineroar|Incineroar, L50, M|100/100\n|-ability|p2b: Incineroar|Intimidate|boost\n|-unboost|p1a: Manectric|atk|1\n|-fail|p1b: Mamoswine|unboost|Attack|[from] ability: Oblivious|[of] p1b: Mamoswine\n|detailschange|p1a: Manectric|Manectric-Mega, L50, F\n|-mega|p1a: Manectric|Manectric|Manectite\n|-ability|p1a: Manectric|Intimidate|boost\n|-unboost|p2a: Floette|atk|1\n|-unboost|p2b: Incineroar|atk|1\n|detailschange|p2a: Floette|Floette-Mega, L50, F\n|-mega|p2a: Floette|Floette|Floettite\n|-ability|p2a: Floette|Fairy Aura\n|move|p1a: Manectric|Protect|p1a: Manectric\n|-singleturn|p1a: Manectric|Protect\n|move|p2a: Floette|Calm Mind|p2a: Floette\n|-boost|p2a: Floette|spa|1\n|-boost|p2a: Floette|spd|1\n|move|p1b: Mamoswine|Icicle Spear|p2b: Incineroar\n|-resisted|p2b: Incineroar|1\n|-damage|p2b: Incineroar|95/100\n|-resisted|p2b: Incineroar|1\n|-damage|p2b: Incineroar|90/100\n|-resisted|p2b: Incineroar|1\n|-damage|p2b: Incineroar|85/100\n|-hitcount|p2b: Incineroar|3\n|\n|upkeep\n|turn|2\n|inactive|mothergallade has 30 seconds left.\n|inactive|mothergallade has 20 seconds left.\n|inactive|mothergallade has 15 seconds left.\n|inactive|mothergallade has 10 seconds left.\n|\n|t:|1776641056\n|switch|p1a: Farigiraf|Farigiraf, L50, F|100/100\n|move|p2b: Incineroar|Fake Out||[still]\n|cant|p1a: Farigiraf|ability: Armor Tail|Fake Out|[of] p2b: Incineroar\n|move|p2a: Floette|Dazzling Gleam|p1a: Farigiraf|[spread] p1a,p1b\n|-damage|p1a: Farigiraf|45/100\n|-damage|p1b: Mamoswine|14/100\n|move|p1b: Mamoswine|High Horsepower|p2b: Incineroar\n|-supereffective|p2b: Incineroar|1\n|-damage|p2b: Incineroar|7/100\n|\n|-heal|p1a: Farigiraf|51/100|[from] item: Leftovers\n|upkeep\n|turn|3\n|inactive|mothergallade has 30 seconds left.\n|\n|t:|1776641087\n|switch|p1b: Sinistcha|Sinistcha, L50|100/100\n|-heal|p1a: Farigiraf|75/100|[from] ability: Hospitality|[of] p1b: Sinistcha\n|switch|p2b: Kingambit|Kingambit, L50, F|100/100\n|move|p2a: Floette|Dazzling Gleam|p1b: Sinistcha|[spread] p1a,p1b\n|-damage|p1a: Farigiraf|12/100\n|-damage|p1b: Sinistcha|12/100\n|move|p1a: Farigiraf|Trick Room|p1a: Farigiraf\n|-fieldstart|move: Trick Room|[of] p1a: Farigiraf\n|\n|-heal|p1a: Farigiraf|18/100|[from] item: Leftovers\n|upkeep\n|turn|4\n|\n|t:|1776641109\n|move|p2b: Kingambit|Kowtow Cleave|p1a: Farigiraf\n|-supereffective|p1a: Farigiraf|1\n|-damage|p1a: Farigiraf|0 fnt\n|faint|p1a: Farigiraf\n|move|p1b: Sinistcha|Matcha Gotcha|p2b: Kingambit|[spread] p2a,p2b\n|-resisted|p2b: Kingambit|1\n|-damage|p2a: Floette|89/100\n|-heal|p1b: Sinistcha|18/100|[from] drain|[of] p2a: Floette\n|-damage|p2b: Kingambit|90/100\n|-heal|p1b: Sinistcha|25/100|[from] drain|[of] p2b: Kingambit\n|move|p2a: Floette|Dazzling Gleam|p1b: Sinistcha\n|-damage|p1b: Sinistcha|0 fnt\n|faint|p1b: Sinistcha\n|\n|upkeep\n|\n|t:|1776641126\n|switch|p1a: Manectric|Manectric-Mega, L50, F|100/100\n|switch|p1b: Mamoswine|Mamoswine, L50, F|14/100\n|-ability|p1a: Manectric|Intimidate|boost\n|-unboost|p2a: Floette|atk|1\n|-unboost|p2b: Kingambit|atk|1\n|-ability|p2b: Kingambit|Defiant|boost\n|-boost|p2b: Kingambit|atk|2\n|turn|5\n|\n|t:|1776641141\n|move|p2b: Kingambit|Sucker Punch|p1b: Mamoswine\n|-damage|p1b: Mamoswine|0 fnt\n|faint|p1b: Mamoswine\n|move|p2a: Floette|Moonblast|p1a: Manectric\n|-damage|p1a: Manectric|0 fnt\n|faint|p1a: Manectric\n|\n|win|sdlt 2krl coolguy\n|raw|mothergallade's rating: 1131 &rarr; <strong>1111</strong><br />(-20 for losing)\n|raw|sdlt 2krl coolguy's rating: 1206 &rarr; <strong>1226</strong><br />(+20 for winning)\n",
  "uploadtime": 1776641142,
  "views": 6,
  "formatid": "gen9championsvgc2026regma",
  "rating": 1111,
  "private": 0,
  "password": null
}