{
  "id": "gen9championsvgc2026regma-2588822178",
  "format": "[Gen 9 Champions] VGC 2026 Reg M-A",
  "players": [
    "Mask4M",
    "sr.poke100%"
  ],
  "log": "|j|\u2606Mask4M\n|j|\u2606sr.poke100%\n|t:|1776675082\n|gametype|doubles\n|player|p1|Mask4M|169|1255\n|player|p2|sr.poke100%|ghetsis-gen5bw|1154\n|gen|9\n|tier|[Gen 9 Champions] VGC 2026 Reg M-A\n|rated|\n|rule|Species Clause: Limit one of each Pok\u00e9mon\n|rule|Item Clause: Limit 1 of each item\n|clearpoke\n|poke|p1|Glimmora, L50, M|\n|poke|p1|Hydreigon, L50, M|\n|poke|p1|Sneasler, L50, M|\n|poke|p1|Incineroar, L50, M|\n|poke|p1|Whimsicott, L50, M|\n|poke|p1|Rotom-Wash, L50|\n|poke|p2|Scovillain, L50, M|\n|poke|p2|Araquanid, L50, F|\n|poke|p2|Garganacl, L50, M|\n|poke|p2|Ninetales-Alola, L50, M|\n|poke|p2|Sneasler, L50, F|\n|poke|p2|Aegislash, L50, M|\n|teampreview|4\n|inactive|Battle timer is ON: inactive players will automatically lose when time's up. (requested by Mask4M)\n|inactive|Mask4M has 60 seconds left.\n|inactive|sr.poke100% has 60 seconds left.\n|inactive|Mask4M has 30 seconds left.\n|inactive|sr.poke100% has 30 seconds left.\n|inactive|Mask4M has 20 seconds left.\n|\n|t:|1776675155\n|teamsize|p1|4\n|teamsize|p2|4\n|start\n|switch|p1a: Sneasler|Sneasler, L50, M|100/100\n|switch|p1b: Whimsicott|Whimsicott, L50, M|100/100\n|switch|p2a: Scovillain|Scovillain, L50, M|100/100\n|switch|p2b: Ninetales|Ninetales-Alola, L50, M|100/100\n|-weather|Snowscape|[from] ability: Snow Warning|[of] p2b: Ninetales\n|turn|1\n|inactive|sr.poke100% has 30 seconds left.\n|\n|t:|1776675186\n|detailschange|p2a: Scovillain|Scovillain-Mega, L50, M\n|-mega|p2a: Scovillain|Scovillain|Scovillainite\n|move|p1a: Sneasler|Protect|p1a: Sneasler\n|-singleturn|p1a: Sneasler|Protect\n|move|p2a: Scovillain|Protect|p2a: Scovillain\n|-singleturn|p2a: Scovillain|Protect\n|move|p1b: Whimsicott|Taunt|p2a: Scovillain\n|-activate|p2a: Scovillain|move: Protect\n|move|p2b: Ninetales|Aurora Veil|p2b: Ninetales\n|-sidestart|p2: sr.poke100%|move: Aurora Veil\n|\n|-weather|Snowscape|[upkeep]\n|upkeep\n|turn|2\n|inactive|Mask4M has 30 seconds left.\n|inactive|sr.poke100% has 30 seconds left.\n|\n|t:|1776675220\n|move|p1a: Sneasler|Protect||[still]\n|-fail|p1a: Sneasler\n|move|p2a: Scovillain|Rage Powder|p2a: Scovillain\n|-singleturn|p2a: Scovillain|move: Rage Powder\n|move|p1b: Whimsicott|Encore|p2b: Ninetales\n|-start|p2b: Ninetales|Encore\n|move|p2b: Ninetales|Aurora Veil||[still]\n|-fail|p2b: Ninetales\n|\n|-weather|Snowscape|[upkeep]\n|upkeep\n|turn|3\n|inactive|Mask4M has 30 seconds left.\n|inactive|Mask4M has 20 seconds left.\n|inactive|Mask4M has 15 seconds left.\n|\n|t:|1776675264\n|switch|p2b: Sneasler|Sneasler, L50, F|100/100\n|switch|p1a: Glimmora|Glimmora, L50, M|100/100\n|move|p2a: Scovillain|Rage Powder|p2a: Scovillain\n|-singleturn|p2a: Scovillain|move: Rage Powder\n|move|p1b: Whimsicott|Taunt|p2a: Scovillain\n|-start|p2a: Scovillain|move: Taunt\n|\n|-weather|Snowscape|[upkeep]\n|upkeep\n|turn|4\n|inactive|Mask4M has 30 seconds left.\n|inactive|Mask4M has 20 seconds left.\n|\n|t:|1776675300\n|switch|p2a: Garganacl|Garganacl, L50, M|100/100\n|move|p1a: Glimmora|Spiky Shield|p1a: Glimmora\n|-singleturn|p1a: Glimmora|move: Protect\n|move|p2b: Sneasler|Dire Claw|p1b: Whimsicott\n|-supereffective|p1b: Whimsicott|2\n|-enditem|p1b: Whimsicott|Focus Sash\n|-damage|p1b: Whimsicott|1/100\n|-status|p1b: Whimsicott|par\n|cant|p1b: Whimsicott|par\n|\n|-weather|Snowscape|[upkeep]\n|upkeep\n|turn|5\n|inactive|Mask4M has 30 seconds left.\n|inactive|Mask4M has 20 seconds left.\n|\n|t:|1776675339\n|switch|p1a: Hydreigon|Hydreigon, L50, M|100/100\n|move|p2a: Garganacl|Wide Guard|p2a: Garganacl\n|-singleturn|p2a: Garganacl|Wide Guard\n|cant|p1b: Whimsicott|par\n|move|p2b: Sneasler|Dire Claw|p1b: Whimsicott\n|-supereffective|p1b: Whimsicott|2\n|-damage|p1b: Whimsicott|0 fnt\n|-fail|p2b: Sneasler\n|faint|p1b: Whimsicott\n|\n|-weather|none\n|-sideend|p2: sr.poke100%|move: Aurora Veil\n|upkeep\n|\n|t:|1776675356\n|switch|p1b: Sneasler|Sneasler, L50, M|100/100\n|turn|6\n|inactive|Mask4M has 30 seconds left.\n|\n|t:|1776675382\n|switch|p2a: Scovillain|Scovillain-Mega, L50, M|100/100\n|move|p1b: Sneasler|Fake Out|p2b: Sneasler\n|-damage|p2b: Sneasler|72/100\n|cant|p2b: Sneasler|flinch\n|move|p1a: Hydreigon|Earth Power|p2b: Sneasler\n|-supereffective|p2b: Sneasler|1\n|-damage|p2b: Sneasler|0 fnt\n|faint|p2b: Sneasler\n|\n|upkeep\n|\n|t:|1776675398\n|switch|p2b: Ninetales|Ninetales-Alola, L50, M|100/100\n|-weather|Snowscape|[from] ability: Snow Warning|[of] p2b: Ninetales\n|turn|7\n|inactive|Mask4M has 30 seconds left.\n|\n|t:|1776675429\n|switch|p1a: Glimmora|Glimmora, L50, M|100/100\n|move|p1b: Sneasler|Protect|p1b: Sneasler\n|-singleturn|p1b: Sneasler|Protect\n|move|p2a: Scovillain|Rage Powder|p2a: Scovillain\n|-singleturn|p2a: Scovillain|move: Rage Powder\n|move|p2b: Ninetales|Blizzard|p1a: Glimmora|[spread] p1a\n|-activate|p1b: Sneasler|move: Protect\n|-damage|p1a: Glimmora|61/100\n|\n|-weather|Snowscape|[upkeep]\n|upkeep\n|turn|8\n|inactive|Mask4M has 30 seconds left.\n|inactive|sr.poke100% has 30 seconds left.\n|inactive|Mask4M has 20 seconds left.\n|inactive|Mask4M has 15 seconds left.\n|inactive|Mask4M has 10 seconds left.\n|inactive|Mask4M has 5 seconds left.\n|\n|t:|1776675480\n|switch|p1b: Hydreigon|Hydreigon, L50, M|100/100\n|detailschange|p1a: Glimmora|Glimmora-Mega, L50, M\n|-mega|p1a: Glimmora|Glimmora|Glimmoranite\n|move|p2b: Ninetales|Protect|p2b: Ninetales\n|-singleturn|p2b: Ninetales|Protect\n|move|p2a: Scovillain|Rage Powder|p2a: Scovillain\n|-singleturn|p2a: Scovillain|move: Rage Powder\n|move|p1a: Glimmora|Power Gem|p2a: Scovillain\n|-supereffective|p2a: Scovillain|1\n|-damage|p2a: Scovillain|0 fnt\n|-status|p1a: Glimmora|brn|[from] ability: Spicy Spray|[of] p2a: Scovillain\n|faint|p2a: Scovillain\n|\n|-weather|Snowscape|[upkeep]\n|-damage|p1a: Glimmora|55/100 brn|[from] brn\n|upkeep\n|\n|t:|1776675490\n|switch|p2a: Garganacl|Garganacl, L50, M|100/100\n|turn|9\n|\n|t:|1776675511\n|move|p1b: Hydreigon|Protect|p1b: Hydreigon\n|-singleturn|p1b: Hydreigon|Protect\n|move|p2b: Ninetales|Blizzard|p1b: Hydreigon|[spread] p1a\n|-activate|p1b: Hydreigon|move: Protect\n|-damage|p1a: Glimmora|21/100 brn\n|move|p1a: Glimmora|Power Gem|p2b: Ninetales\n|-supereffective|p2b: Ninetales|1\n|-enditem|p2b: Ninetales|Focus Sash\n|-damage|p2b: Ninetales|1/100\n|move|p2a: Garganacl|Salt Cure|p1a: Glimmora\n|-damage|p1a: Glimmora|6/100 brn\n|-start|p1a: Glimmora|Salt Cure\n|\n|-weather|Snowscape|[upkeep]\n|-damage|p1a: Glimmora|0 fnt|[from] brn\n|faint|p1a: Glimmora\n|upkeep\n|\n|t:|1776675525\n|switch|p1a: Sneasler|Sneasler, L50, M|100/100\n|turn|10\n|\n|t:|1776675540\n|move|p1a: Sneasler|Fake Out|p2b: Ninetales\n|-crit|p2b: Ninetales\n|-damage|p2b: Ninetales|0 fnt\n|faint|p2b: Ninetales\n|move|p1b: Hydreigon|Earth Power|p2a: Garganacl\n|-supereffective|p2a: Garganacl|1\n|-damage|p2a: Garganacl|55/100\n|move|p2a: Garganacl|Body Press|p1b: Hydreigon\n|-supereffective|p1b: Hydreigon|1\n|-enditem|p1b: Hydreigon|Chople Berry|[eat]\n|-enditem|p1b: Hydreigon|Chople Berry|[weaken]\n|-damage|p1b: Hydreigon|79/100\n|\n|-weather|Snowscape|[upkeep]\n|-heal|p2a: Garganacl|61/100|[from] item: Leftovers\n|upkeep\n|turn|11\n|\n|t:|1776675552\n|move|p1a: Sneasler|Close Combat|p2a: Garganacl\n|-supereffective|p2a: Garganacl|1\n|-damage|p2a: Garganacl|0 fnt\n|-unboost|p1a: Sneasler|def|1\n|-unboost|p1a: Sneasler|spd|1\n|faint|p2a: Garganacl\n|\n|win|Mask4M\n|raw|Mask4M's rating: 1255 &rarr; <strong>1273</strong><br />(+18 for winning)\n|raw|sr.poke100%'s rating: 1154 &rarr; <strong>1136</strong><br />(-18 for losing)\n|c|\u2606sr.poke100%|gg\n|c|\u2606Mask4M|Gg\n|l|\u2606sr.poke100%\n|player|p2|\n",
  "uploadtime": 1776675595,
  "views": 10,
  "formatid": "gen9championsvgc2026regma",
  "rating": 1136,
  "private": 0,
  "password": null
}