{
  "id": "gen9championsvgc2026regma-2586471351",
  "format": "[Gen 9 Champions] VGC 2026 Reg M-A",
  "players": [
    "Shadowflamepkm",
    "speedswimmer1001"
  ],
  "log": "|j|\u2606Shadowflamepkm\n|j|\u2606speedswimmer1001\n|t:|1776436976\n|gametype|doubles\n|player|p1|Shadowflamepkm|red|1165\n|player|p2|speedswimmer1001|firebreather|1252\n|gen|9\n|tier|[Gen 9 Champions] VGC 2026 Reg M-A\n|rated|\n|rule|Species Clause: Limit one of each Pok\u00e9mon\n|rule|Item Clause: Limit 1 of each item\n|clearpoke\n|poke|p1|Charizard, L50, M|\n|poke|p1|Venusaur, L50, F|\n|poke|p1|Sneasler, L50, F|\n|poke|p1|Incineroar, L50, M|\n|poke|p1|Farigiraf, L50, M|\n|poke|p1|Torkoal, L50, M|\n|poke|p2|Pelipper, L50, F|\n|poke|p2|Archaludon, L50, M|\n|poke|p2|Basculegion, L50, M|\n|poke|p2|Incineroar, L50, M|\n|poke|p2|Dragonite, L50, F|\n|poke|p2|Klefki, L50, F|\n|teampreview|4\n|c|\u2606Shadowflamepkm|Glhf\n|c|\u2606speedswimmer1001|Glhf\nspeedswimmer1001 rejected open team sheets.\n|inactive|Battle timer is ON: inactive players will automatically lose when time's up. (requested by Shadowflamepkm)\n|\n|t:|1776437026\n|teamsize|p1|4\n|teamsize|p2|4\n|start\n|switch|p1a: Charizard|Charizard, L50, M|100/100\n|switch|p1b: Venusaur|Venusaur, L50, F|100/100\n|switch|p2a: Klefki|Klefki, L50, F|100/100\n|switch|p2b: Archaludon|Archaludon, L50, M|100/100\n|turn|1\n|\n|t:|1776437042\n|move|p1a: Charizard|Protect|p1a: Charizard\n|-singleturn|p1a: Charizard|Protect\n|move|p2a: Klefki|Rain Dance|p2a: Klefki\n|-weather|RainDance\n|move|p2b: Archaludon|Electro Shot||[still]\n|-prepare|p2b: Archaludon|Electro Shot\n|-boost|p2b: Archaludon|spa|1\n|-anim|p2b: Archaludon|Electro Shot|p1a: Charizard\n|-activate|p1a: Charizard|move: Protect\n|move|p1b: Venusaur|Sleep Powder|p2a: Klefki\n|-status|p2a: Klefki|slp|[from] move: Sleep Powder\n|\n|-weather|RainDance|[upkeep]\n|upkeep\n|turn|2\n|inactive|Shadowflamepkm has 30 seconds left.\n|inactive|speedswimmer1001 has 30 seconds left.\n|\n|t:|1776437074\n|switch|p1a: Incineroar|Incineroar, L50, M|100/100\n|-ability|p1a: Incineroar|Intimidate|boost\n|-unboost|p2a: Klefki|atk|1\n|-unboost|p2b: Archaludon|atk|1\n|move|p2b: Archaludon|Protect|p2b: Archaludon\n|-singleturn|p2b: Archaludon|Protect\n|cant|p2a: Klefki|slp\n|move|p1b: Venusaur|Sleep Powder|p2b: Archaludon\n|-activate|p2b: Archaludon|move: Protect\n|\n|-weather|RainDance|[upkeep]\n|upkeep\n|turn|3\n|\n|t:|1776437091\n|move|p2b: Archaludon|Electro Shot||[still]\n|-prepare|p2b: Archaludon|Electro Shot\n|-boost|p2b: Archaludon|spa|1\n|-anim|p2b: Archaludon|Electro Shot|p1a: Incineroar\n|-damage|p1a: Incineroar|26/100\n|-enditem|p1a: Incineroar|Sitrus Berry|[eat]\n|-heal|p1a: Incineroar|51/100|[from] item: Sitrus Berry\n|move|p1b: Venusaur|Sleep Powder|p2b: Archaludon|[miss]\n|-miss|p1b: Venusaur|p2b: Archaludon\n|-curestatus|p2a: Klefki|slp|[msg]\n|move|p2a: Klefki|Dazzling Gleam|p1b: Venusaur|[spread] p1a,p1b\n|-resisted|p1b: Venusaur|1\n|-damage|p1a: Incineroar|38/100\n|-damage|p1b: Venusaur|92/100\n|move|p1a: Incineroar|Low Kick|p2b: Archaludon\n|-supereffective|p2b: Archaludon|1\n|-damage|p2b: Archaludon|63/100\n|-ability|p2b: Archaludon|Stamina|boost\n|-boost|p2b: Archaludon|def|1\n|\n|-weather|RainDance|[upkeep]\n|-heal|p2b: Archaludon|69/100|[from] item: Leftovers\n|upkeep\n|turn|4\n|\n|t:|1776437110\n|move|p2b: Archaludon|Electro Shot||[still]\n|-prepare|p2b: Archaludon|Electro Shot\n|-boost|p2b: Archaludon|spa|1\n|-anim|p2b: Archaludon|Electro Shot|p1a: Incineroar\n|-damage|p1a: Incineroar|0 fnt\n|faint|p1a: Incineroar\n|move|p1b: Venusaur|Sleep Powder|p2b: Archaludon|[miss]\n|-miss|p1b: Venusaur|p2b: Archaludon\n|move|p2a: Klefki|Dazzling Gleam|p1b: Venusaur\n|-resisted|p1b: Venusaur|1\n|-damage|p1b: Venusaur|82/100\n|\n|-weather|RainDance|[upkeep]\n|-heal|p2b: Archaludon|75/100|[from] item: Leftovers\n|upkeep\n|c|\u2606Shadowflamepkm|Unlucky\n|\n|t:|1776437117\n|switch|p1a: Charizard|Charizard, L50, M|100/100\n|turn|5\n|c|\u2606speedswimmer1001|well there is sleep clause so that was the first turn it would have done something\n|\n|t:|1776437142\n|detailschange|p1a: Charizard|Charizard-Mega-Y, L50, M\n|-mega|p1a: Charizard|Charizard|Charizardite Y\n|-weather|SunnyDay|[from] ability: Drought|[of] p1a: Charizard\n|move|p2a: Klefki|Rain Dance|p2a: Klefki\n|-weather|RainDance\n|move|p1a: Charizard|Heat Wave|p2a: Klefki|[spread] p2a,p2b\n|-supereffective|p2a: Klefki|1\n|-enditem|p2a: Klefki|Occa Berry|[eat]\n|-enditem|p2a: Klefki|Occa Berry|[weaken]\n|-damage|p2a: Klefki|76/100\n|-damage|p2b: Archaludon|45/100\n|-ability|p2b: Archaludon|Stamina|boost\n|-boost|p2b: Archaludon|def|1\n|move|p2b: Archaludon|Electro Shot||[still]\n|-prepare|p2b: Archaludon|Electro Shot\n|-boost|p2b: Archaludon|spa|1\n|-anim|p2b: Archaludon|Electro Shot|p2a: Klefki\n|-damage|p2a: Klefki|0 fnt\n|faint|p2a: Klefki\n|move|p1b: Venusaur|Sleep Powder|p2b: Archaludon|[miss]\n|-miss|p1b: Venusaur|p2b: Archaludon\n|\n|-weather|RainDance|[upkeep]\n|-heal|p2b: Archaludon|51/100|[from] item: Leftovers\n|upkeep\n|c|\u2606Shadowflamepkm|Nah there isnt\n|c|\u2606Shadowflamepkm|VGC doesn\u2019t have sleep clause\n|c|\u2606speedswimmer1001|crazy misclick\n|c|\u2606Shadowflamepkm|Lmao\n|c|\u2606Shadowflamepkm|Venusaur is a fraud too\n|inactive|speedswimmer1001 has 30 seconds left.\n|c|\u2606speedswimmer1001|dude scroll up is says sleep clause tho\n|\n|t:|1776437175\n|switch|p2a: Basculegion|Basculegion, L50, M, shiny|100/100\n|turn|6\n|c|\u2606Shadowflamepkm|lol scroll up\n|c|\u2606Shadowflamepkm|That\u2019s species clause\n|c|\u2606Shadowflamepkm|VGC doesn\u2019t have sleep clause\n|inactive|Shadowflamepkm has 30 seconds left.\n|c|\u2606speedswimmer1001|it sure is wow im dumb\n|\n|t:|1776437206\n|switch|p1a: Sneasler|Sneasler, L50, F|100/100\n|move|p1b: Venusaur|Protect|p1b: Venusaur\n|-singleturn|p1b: Venusaur|Protect\n|move|p2a: Basculegion|Wave Crash|p1a: Sneasler\n|-enditem|p1a: Sneasler|Focus Sash\n|-damage|p1a: Sneasler|1/100\n|-damage|p2a: Basculegion|75/100|[from] Recoil\n|move|p2b: Archaludon|Draco Meteor|p1b: Venusaur\n|-activate|p1b: Venusaur|move: Protect\n|\n|-weather|RainDance|[upkeep]\n|-heal|p2b: Archaludon|57/100|[from] item: Leftovers\n|upkeep\n|turn|7\n|c|\u2606Shadowflamepkm|Lol\n|c|\u2606speedswimmer1001|well get luckier i guess\n|inactive|speedswimmer1001 has 30 seconds left.\n|\n|t:|1776437232\n|move|p1a: Sneasler|Close Combat|p2b: Archaludon\n|-supereffective|p2b: Archaludon|1\n|-damage|p2b: Archaludon|0 fnt\n|-unboost|p1a: Sneasler|def|1\n|-unboost|p1a: Sneasler|spd|1\n|faint|p2b: Archaludon\n|move|p2a: Basculegion|Wave Crash|p1a: Sneasler\n|-damage|p1a: Sneasler|0 fnt\n|faint|p1a: Sneasler\n|-damage|p2a: Basculegion|74/100|[from] Recoil\n|move|p1b: Venusaur|Giga Drain|p2a: Basculegion\n|-supereffective|p2a: Basculegion|1\n|-damage|p2a: Basculegion|0 fnt\n|-heal|p1b: Venusaur|100/100|[from] drain|[of] p2a: Basculegion\n|faint|p2a: Basculegion\n|\n|-weather|RainDance|[upkeep]\n|upkeep\n|l|\u2606Shadowflamepkm\n|inactive|Shadowflamepkm disconnected and has a minute to reconnect!\n|player|p1|\n|j|\u2606Shadowflamepkm\n|inactive|Shadowflamepkm reconnected and has 45 seconds left.\n|player|p1|Shadowflamepkm|red|\n|\n|t:|1776437247\n|switch|p1a: Charizard|Charizard-Mega-Y, L50, M|100/100\n|switch|p2b: Pelipper|Pelipper, L50, F|100/100\n|-weather|SunnyDay|[from] ability: Drought|[of] p1a: Charizard\n|-weather|RainDance|[from] ability: Drizzle|[of] p2b: Pelipper\n|turn|8\n|inactive|Shadowflamepkm has 30 seconds left.\n|c|\u2606speedswimmer1001|i would have had a decent chance if i didnt electro shot my own kelfki\n|inactive|Shadowflamepkm has 20 seconds left.\n|\n|t:|1776437284\n|move|p1a: Charizard|Weather Ball|p2b: Pelipper\n|-resisted|p2b: Pelipper|1\n|-damage|p2b: Pelipper|59/100\n|move|p1b: Venusaur|Sludge Bomb|p2b: Pelipper\n|-damage|p2b: Pelipper|0 fnt\n|faint|p2b: Pelipper\n|\n|win|Shadowflamepkm\n|raw|Shadowflamepkm's rating: 1165 &rarr; <strong>1196</strong><br />(+31 for winning)\n|raw|speedswimmer1001's rating: 1252 &rarr; <strong>1221</strong><br />(-31 for losing)\n|c|\u2606Shadowflamepkm|Yeah trye\n|l|\u2606speedswimmer1001\n|player|p2|\n|c|\u2606Shadowflamepkm|I think if I didn\u2019t miss 4 times that would help too lol\n",
  "uploadtime": 1776437305,
  "views": 20,
  "formatid": "gen9championsvgc2026regma",
  "rating": 1196,
  "private": 0,
  "password": null
}