{
  "id": "gen9championsvgc2026regma-2582733926",
  "format": "[Gen 9 Champions] VGC 2026 Reg M-A",
  "players": [
    "namboyVGC",
    "0y98g"
  ],
  "log": "|j|\u2606namboyVGC\n|j|\u26060y98g\n|t:|1776110391\n|gametype|doubles\n|player|p1|namboyVGC|pokemonranger-gen4|1086\n|player|p2|0y98g|102|1059\n|gen|9\n|tier|[Gen 9 Champions] VGC 2026 Reg M-A\n|rated|\n|rule|Species Clause: Limit one of each Pok\u00e9mon\n|rule|Item Clause: Limit 1 of each item\n|clearpoke\n|poke|p1|Blastoise, L50, M|\n|poke|p1|Meowstic, L50, M|\n|poke|p1|Alakazam, L50, F|\n|poke|p1|Clefable, L50, F|\n|poke|p1|Talonflame, L50, M|\n|poke|p1|Sneasler, L50, M|\n|poke|p2|Kingambit, L50, F|\n|poke|p2|Dragapult, L50, F|\n|poke|p2|Rotom-Wash, L50|\n|poke|p2|Torkoal, L50, M|\n|poke|p2|Emboar, L50, F|\n|poke|p2|Sinistcha, L50|\n|teampreview|4\nnamboyVGC has agreed to open team sheets.\n0y98g has agreed to open team sheets.\n|showteam|p1|Blastoise||Blastoisinite|Torrent|WaterSpout,ShellSmash,DragonPulse,Protect|||M|||50|]Meowstic||MentalHerb|Prankster|FakeOut,PsychicTerrain,Protect,Gravity|||M|||50|]Alakazam||Alakazite|Synchronize|ExpandingForce,FocusBlast,ShadowBall,Protect|||F|||50|]Clefable||SitrusBerry|Unaware|FollowMe,Moonblast,LifeDew,Protect|||F|||50|]Talonflame||FocusSash|GaleWings|Taunt,Protect,Tailwind,Acrobatics|||M|||50|]Sneasler||WhiteHerb|Pressure|FakeOut,CloseCombat,DireClaw,Protect|||M|||50|\n|showteam|p2|Kingambit||BlackGlasses|Defiant|KowtowCleave,IronHead,SuckerPunch,Protect|||F|||50|]Dragapult||FocusSash|ClearBody|ShadowBall,DracoMeteor,WillOWisp,Protect|||F|||50|]Rotom-Wash||ChoiceScarf|Levitate|HydroPump,Thunderbolt,VoltSwitch,Electroweb||||||50|]Torkoal||Charcoal|Drought|Eruption,Flamethrower,EarthPower,Protect|||M|||50|]Emboar||Emboarite|Blaze|FlareBlitz,DrainPunch,RockSlide,Protect|||F|||50|]Sinistcha||MentalHerb|Hospitality|MatchaGotcha,TrickRoom,LifeDew,Hex||||||50|\n|inactive|Battle timer is ON: inactive players will automatically lose when time's up. (requested by namboyVGC)\n|\n|t:|1776110467\n|teamsize|p1|4\n|teamsize|p2|4\n|start\n|switch|p1a: Alakazam|Alakazam, L50, F|100/100\n|switch|p1b: Meowstic|Meowstic, L50, M|100/100\n|switch|p2a: Sinistcha|Sinistcha, L50, shiny|100/100\n|switch|p2b: Dragapult|Dragapult, L50, F, shiny|100/100\n|turn|1\n|inactive|0y98g has 30 seconds left.\n|\n|t:|1776110495\n|switch|p1b: Clefable|Clefable, L50, F|100/100\n|move|p1a: Alakazam|Protect|p1a: Alakazam\n|-singleturn|p1a: Alakazam|Protect\n|move|p2b: Dragapult|Shadow Ball|p1b: Clefable\n|-damage|p1b: Clefable|70/100\n|move|p2a: Sinistcha|Hex|p1a: Alakazam\n|-activate|p1a: Alakazam|move: Protect\n|\n|upkeep\n|turn|2\n|\n|t:|1776110511\n|detailschange|p1a: Alakazam|Alakazam-Mega, L50, F\n|-mega|p1a: Alakazam|Alakazam|Alakazite\n|-ability|p1a: Alakazam|Hospitality|Trace|[from] ability: Trace|[of] p2a: Sinistcha\n|-heal|p1b: Clefable|95/100|[from] ability: Hospitality|[of] p1a: Alakazam\n|move|p1b: Clefable|Follow Me|p1b: Clefable\n|-singleturn|p1b: Clefable|move: Follow Me\n|move|p1a: Alakazam|Shadow Ball|p2a: Sinistcha\n|-supereffective|p2a: Sinistcha|1\n|-damage|p2a: Sinistcha|41/100\n|move|p2b: Dragapult|Shadow Ball|p1b: Clefable\n|-damage|p1b: Clefable|66/100\n|move|p2a: Sinistcha|Hex|p1b: Clefable\n|-damage|p1b: Clefable|42/100\n|-enditem|p1b: Clefable|Sitrus Berry|[eat]\n|-heal|p1b: Clefable|67/100|[from] item: Sitrus Berry\n|\n|upkeep\n|turn|3\n|inactive|0y98g has 30 seconds left.\n|\n|t:|1776110539\n|switch|p2b: Torkoal|Torkoal, L50, M, shiny|100/100\n|-weather|SunnyDay|[from] ability: Drought|[of] p2b: Torkoal\n|switch|p2a: Kingambit|Kingambit, L50, F, shiny|100/100\n|move|p1b: Clefable|Follow Me|p1b: Clefable\n|-singleturn|p1b: Clefable|move: Follow Me\n|move|p1a: Alakazam|Shadow Ball|p2a: Kingambit\n|-resisted|p2a: Kingambit|1\n|-damage|p2a: Kingambit|85/100\n|\n|-weather|SunnyDay|[upkeep]\n|upkeep\n|turn|4\n|\n|t:|1776110560\n|move|p1a: Alakazam|Protect|p1a: Alakazam\n|-singleturn|p1a: Alakazam|Protect\n|move|p1b: Clefable|Moonblast|p2a: Kingambit\n|-damage|p2a: Kingambit|54/100\n|move|p2a: Kingambit|Iron Head|p1b: Clefable\n|-supereffective|p1b: Clefable|1\n|-damage|p1b: Clefable|0 fnt\n|faint|p1b: Clefable\n|move|p2b: Torkoal|Eruption|p1a: Alakazam\n|-activate|p1a: Alakazam|move: Protect\n|\n|-weather|SunnyDay|[upkeep]\n|upkeep\n|\n|t:|1776110574\n|switch|p1b: Meowstic|Meowstic, L50, M|100/100\n|turn|5\n|inactive|namboyVGC has 30 seconds left.\n|\n|t:|1776110601\n|move|p1b: Meowstic|Fake Out|p2a: Kingambit\n|-resisted|p2a: Kingambit|1\n|-damage|p2a: Kingambit|52/100\n|cant|p2a: Kingambit|flinch\n|move|p1a: Alakazam|Expanding Force|p2b: Torkoal\n|-damage|p2b: Torkoal|29/100\n|move|p2b: Torkoal|Eruption|p1a: Alakazam|[spread] p1a,p1b\n|-damage|p1a: Alakazam|64/100\n|-damage|p1b: Meowstic|74/100\n|\n|-weather|SunnyDay|[upkeep]\n|upkeep\n|turn|6\n|\n|t:|1776110625\n|switch|p2b: Sinistcha|Sinistcha, L50, shiny|41/100\n|-heal|p2a: Kingambit|77/100|[from] ability: Hospitality|[of] p2b: Sinistcha\n|move|p1a: Alakazam|Protect|p1a: Alakazam\n|-singleturn|p1a: Alakazam|Protect\n|move|p1b: Meowstic|Gravity|p1b: Meowstic\n|-fieldstart|move: Gravity\n|move|p2a: Kingambit|Sucker Punch||[still]\n|-fail|p2a: Kingambit\n|\n|-weather|SunnyDay|[upkeep]\n|upkeep\n|turn|7\n|\n|t:|1776110646\n|switch|p1b: Sneasler|Sneasler, L50, M|100/100\n|-ability|p1b: Sneasler|Pressure\n|move|p2a: Kingambit|Sucker Punch|p1a: Alakazam\n|-supereffective|p1a: Alakazam|1\n|-damage|p1a: Alakazam|0 fnt\n|faint|p1a: Alakazam\n|move|p2b: Sinistcha|Life Dew|p2b: Sinistcha|[spread] p2a,p2b\n|-heal|p2a: Kingambit|100/100\n|-heal|p2b: Sinistcha|66/100\n|\n|-weather|none\n|upkeep\n|-message|namboyVGC forfeited.\n|\n|win|0y98g\n|raw|namboyVGC's rating: 1086 &rarr; <strong>1061</strong><br />(-25 for losing)\n|raw|0y98g's rating: 1059 &rarr; <strong>1093</strong><br />(+34 for winning)\n",
  "uploadtime": 1776110655,
  "views": 17,
  "formatid": "gen9championsvgc2026regma",
  "rating": 1061,
  "private": 0,
  "password": null
}