{
  "id": "gen9championsvgc2026regma-2584962727",
  "format": "[Gen 9 Champions] VGC 2026 Reg M-A",
  "players": [
    "mi pilin123",
    "Glup Skiddo"
  ],
  "log": "|j|\u2606mi pilin123\n|j|\u2606Glup Skiddo\n|t:|1776298574\n|gametype|doubles\n|player|p1|mi pilin123|hilda-wonderlauncher|1160\n|player|p2|Glup Skiddo|265|1249\n|gen|9\n|tier|[Gen 9 Champions] VGC 2026 Reg M-A\n|rated|\n|rule|Species Clause: Limit one of each Pok\u00e9mon\n|rule|Item Clause: Limit 1 of each item\n|clearpoke\n|poke|p1|Froslass, L50, F|\n|poke|p1|Maushold, L50|\n|poke|p1|Incineroar, L50, F|\n|poke|p1|Aerodactyl, L50, F|\n|poke|p1|Sneasler, L50, F|\n|poke|p1|Rotom-Frost, L50|\n|poke|p2|Gengar, L50, F|\n|poke|p2|Vivillon-Pokeball, L50, F|\n|poke|p2|Incineroar, L50, F|\n|poke|p2|Politoed, L50, F|\n|poke|p2|Archaludon, L50, M|\n|poke|p2|Sylveon, L50, F|\n|teampreview|4\n|\n|t:|1776298615\n|teamsize|p1|4\n|teamsize|p2|4\n|start\n|switch|p1a: Sneasler|Sneasler, L50, F|100/100\n|switch|p1b: Froslass|Froslass, L50, F|100/100\n|switch|p2a: Gengar|Gengar, L50, F|100/100\n|switch|p2b: Vivillon|Vivillon-Pokeball, L50, F|100/100\n|turn|1\n|\n|t:|1776298649\n|switch|p1a: Maushold|Maushold, L50|100/100\n|detailschange|p1b: Froslass|Froslass-Mega, L50, F\n|-mega|p1b: Froslass|Froslass|Froslassite\n|-weather|Snowscape|[from] ability: Snow Warning|[of] p1b: Froslass\n|detailschange|p2a: Gengar|Gengar-Mega, L50, F\n|-mega|p2a: Gengar|Gengar|Gengarite\n|move|p2b: Vivillon|Protect|p2b: Vivillon\n|-singleturn|p2b: Vivillon|Protect\n|move|p2a: Gengar|Shadow Ball|p1b: Froslass\n|-supereffective|p1b: Froslass|1\n|-damage|p1b: Froslass|39/100\n|move|p1b: Froslass|Aurora Veil|p1b: Froslass\n|-sidestart|p1: mi pilin123|move: Aurora Veil\n|\n|-weather|Snowscape|[upkeep]\n|upkeep\n|turn|2\n|\n|t:|1776298678\n|switch|p2a: Politoed|Politoed, L50, F|100/100\n|-weather|RainDance|[from] ability: Drizzle|[of] p2a: Politoed\n|move|p1a: Maushold|Follow Me|p1a: Maushold\n|-singleturn|p1a: Maushold|move: Follow Me\n|move|p1b: Froslass|Shadow Ball|p2a: Politoed\n|-damage|p2a: Politoed|73/100\n|move|p2b: Vivillon|Sleep Powder|p1a: Maushold\n|-status|p1a: Maushold|slp|[from] move: Sleep Powder\n|\n|-weather|RainDance|[upkeep]\n|-heal|p2a: Politoed|80/100|[from] item: Leftovers\n|upkeep\n|turn|3\n|\n|t:|1776298708\n|move|p1b: Froslass|Blizzard|p2a: Politoed|[spread] p2a\n|-miss|p1b: Froslass|p2b: Vivillon\n|-resisted|p2a: Politoed|1\n|-damage|p2a: Politoed|66/100\n|move|p2b: Vivillon|U-turn|p1b: Froslass\n|-resisted|p1b: Froslass|1\n|-damage|p1b: Froslass|34/100\n|\n|t:|1776298718\n|switch|p2b: Incineroar|Incineroar, L50, F|100/100|[from] U-turn\n|-ability|p2b: Incineroar|Intimidate|boost\n|-unboost|p1a: Maushold|atk|1\n|-unboost|p1b: Froslass|atk|1\n|cant|p1a: Maushold|slp\n|move|p2a: Politoed|Weather Ball|p1b: Froslass\n|-damage|p1b: Froslass|10/100\n|\n|-weather|RainDance|[upkeep]\n|-heal|p2a: Politoed|72/100|[from] item: Leftovers\n|upkeep\n|turn|4\n|\n|t:|1776298741\n|switch|p1b: Rotom|Rotom-Frost, L50|100/100\n|-curestatus|p1a: Maushold|slp|[msg]\n|move|p1a: Maushold|Protect|p1a: Maushold\n|-singleturn|p1a: Maushold|Protect\n|move|p2b: Incineroar|Fake Out|p1a: Maushold\n|-activate|p1a: Maushold|move: Protect\n|move|p2a: Politoed|Weather Ball|p1b: Rotom\n|-damage|p1b: Rotom|70/100\n|\n|-weather|RainDance|[upkeep]\n|-heal|p2a: Politoed|79/100|[from] item: Leftovers\n|upkeep\n|turn|5\n|\n|t:|1776298765\n|move|p1a: Maushold|Helping Hand|p1b: Rotom\n|-singleturn|p1b: Rotom|Helping Hand|[of] p1a: Maushold\n|move|p2a: Politoed|Protect|p2a: Politoed\n|-singleturn|p2a: Politoed|Protect\n|move|p1b: Rotom|Blizzard|p2b: Incineroar|[spread] \n|-activate|p2a: Politoed|move: Protect\n|-miss|p1b: Rotom|p2b: Incineroar\n|move|p2b: Incineroar|Throat Chop|p1a: Maushold\n|-damage|p1a: Maushold|82/100\n|-start|p1a: Maushold|Throat Chop|[silent]\n|\n|-weather|RainDance|[upkeep]\n|-heal|p2a: Politoed|85/100|[from] item: Leftovers\n|-sideend|p1: mi pilin123|move: Aurora Veil\n|upkeep\n|turn|6\n|\n|t:|1776298793\n|switch|p1b: Sneasler|Sneasler, L50, F|100/100\n|move|p1a: Maushold|Super Fang|p2b: Incineroar|[miss]\n|-miss|p1a: Maushold|p2b: Incineroar\n|move|p2a: Politoed|Weather Ball|p1b: Sneasler\n|-damage|p1b: Sneasler|52/100\n|move|p2b: Incineroar|Parting Shot|p1b: Sneasler\n|-unboost|p1b: Sneasler|atk|1\n|-unboost|p1b: Sneasler|spa|1\n|\n|t:|1776298803\n|switch|p2b: Gengar|Gengar-Mega, L50, F|100/100|[from] Parting Shot\n|-enditem|p1b: Sneasler|White Herb\n|-clearnegativeboost|p1b: Sneasler|[silent]\n|\n|-weather|none\n|-heal|p2a: Politoed|91/100|[from] item: Leftovers\n|-end|p1a: Maushold|Throat Chop|[silent]\n|upkeep\n|turn|7\n|\n|t:|1776298827\n|move|p1a: Maushold|Helping Hand|p1b: Sneasler\n|-singleturn|p1b: Sneasler|Helping Hand|[of] p1a: Maushold\n|move|p2a: Politoed|Protect|p2a: Politoed\n|-singleturn|p2a: Politoed|Protect\n|move|p1b: Sneasler|Gunk Shot|p2b: Gengar\n|-resisted|p2b: Gengar|2\n|-damage|p2b: Gengar|72/100\n|move|p2b: Gengar|Perish Song|p2b: Gengar\n|-start|p1a: Maushold|perish3|[silent]\n|-start|p1b: Sneasler|perish3|[silent]\n|-start|p2a: Politoed|perish3|[silent]\n|-start|p2b: Gengar|perish3|[silent]\n|-fieldactivate|move: Perish Song\n|\n|-heal|p2a: Politoed|97/100|[from] item: Leftovers\n|-start|p1b: Sneasler|perish3\n|-start|p2b: Gengar|perish3\n|-start|p1a: Maushold|perish3\n|-start|p2a: Politoed|perish3\n|upkeep\n|turn|8\n|\n|t:|1776298850\n|switch|p2a: Incineroar|Incineroar, L50, F|100/100\n|-ability|p2a: Incineroar|Intimidate|boost\n|-unboost|p1a: Maushold|atk|1\n|-unboost|p1b: Sneasler|atk|1\n|move|p2b: Gengar|Protect|p2b: Gengar\n|-singleturn|p2b: Gengar|Protect\n|move|p1b: Sneasler|Gunk Shot|p2a: Incineroar|[miss]\n|-miss|p1b: Sneasler|p2a: Incineroar\n|move|p1a: Maushold|Super Fang|p2a: Incineroar\n|-damage|p2a: Incineroar|50/100\n|-enditem|p2a: Incineroar|Sitrus Berry|[eat]\n|-heal|p2a: Incineroar|75/100|[from] item: Sitrus Berry\n|\n|-start|p1b: Sneasler|perish2\n|-start|p2b: Gengar|perish2\n|-start|p1a: Maushold|perish2\n|upkeep\n|turn|9\n|\n|t:|1776298873\n|switch|p2b: Vivillon|Vivillon-Pokeball, L50, F|100/100\n|move|p1b: Sneasler|Protect|p1b: Sneasler\n|-singleturn|p1b: Sneasler|Protect\n|move|p1a: Maushold|Super Fang|p2a: Incineroar\n|-damage|p2a: Incineroar|38/100\n|move|p2a: Incineroar|Parting Shot|p1a: Maushold\n|-unboost|p1a: Maushold|atk|1\n|-unboost|p1a: Maushold|spa|1\n|\n|t:|1776298879\n|switch|p2a: Gengar|Gengar-Mega, L50, F|72/100|[from] Parting Shot\n|\n|-start|p1b: Sneasler|perish1\n|-start|p1a: Maushold|perish1\n|upkeep\n|turn|10\n|\n|t:|1776298911\n|move|p1a: Maushold|Helping Hand|p1b: Sneasler\n|-singleturn|p1b: Sneasler|Helping Hand|[of] p1a: Maushold\n|move|p1b: Sneasler|Gunk Shot|p2b: Vivillon\n|-crit|p2b: Vivillon\n|-enditem|p2b: Vivillon|Focus Sash\n|-damage|p2b: Vivillon|1/100\n|move|p2a: Gengar|Substitute|p2a: Gengar\n|-start|p2a: Gengar|Substitute\n|-damage|p2a: Gengar|47/100\n|move|p2b: Vivillon|U-turn|p1a: Maushold\n|-damage|p1a: Maushold|68/100\n|\n|t:|1776298921\n|switch|p2b: Incineroar|Incineroar, L50, F|38/100|[from] U-turn\n|-ability|p2b: Incineroar|Intimidate|boost\n|-unboost|p1a: Maushold|atk|1\n|-unboost|p1b: Sneasler|atk|1\n|\n|-start|p1b: Sneasler|perish0\n|-start|p1a: Maushold|perish0\n|upkeep\n|faint|p1b: Sneasler\n|faint|p1a: Maushold\n|\n|t:|1776298933\n|switch|p1b: Rotom|Rotom-Frost, L50|70/100\n|switch|p1a: Froslass|Froslass-Mega, L50, F|10/100\n|-weather|Snowscape|[from] ability: Snow Warning|[of] p1a: Froslass\n|turn|11\n|\n|t:|1776298949\n|move|p2b: Incineroar|Fake Out|p1b: Rotom\n|-damage|p1b: Rotom|61/100\n|cant|p1b: Rotom|flinch\n|move|p2a: Gengar|Shadow Ball|p1a: Froslass\n|-supereffective|p1a: Froslass|1\n|-damage|p1a: Froslass|0 fnt\n|faint|p1a: Froslass\n|\n|-weather|Snowscape|[upkeep]\n|upkeep\n|turn|12\n|\n|t:|1776298963\n|move|p1b: Rotom|Trick|p2b: Incineroar\n|-activate|p1b: Rotom|move: Trick|[of] p2b: Incineroar\n|-item|p2b: Incineroar|Choice Scarf|[from] move: Trick\n|-enditem|p1b: Rotom|Choice Scarf|[silent]|[from] move: Trick\n|move|p2a: Gengar|Perish Song|p2a: Gengar\n|-start|p1b: Rotom|perish3|[silent]\n|-start|p2a: Gengar|perish3|[silent]\n|-start|p2b: Incineroar|perish3|[silent]\n|-fieldactivate|move: Perish Song\n|move|p2b: Incineroar|Parting Shot|p1b: Rotom\n|-unboost|p1b: Rotom|atk|1\n|-unboost|p1b: Rotom|spa|1\n|\n|t:|1776298971\n|switch|p2b: Vivillon|Vivillon-Pokeball, L50, F|1/100|[from] Parting Shot\n|\n|-weather|Snowscape|[upkeep]\n|-start|p2a: Gengar|perish3\n|-start|p1b: Rotom|perish3\n|upkeep\n|turn|13\n|\n|t:|1776298980\n|move|p2a: Gengar|Shadow Ball|p1b: Rotom\n|-damage|p1b: Rotom|0 fnt\n|faint|p1b: Rotom\n|\n|win|Glup Skiddo\n|raw|mi pilin123's rating: 1160 &rarr; <strong>1141</strong><br />(-19 for losing)\n|raw|Glup Skiddo's rating: 1249 &rarr; <strong>1268</strong><br />(+19 for winning)\n|c|\u2606Glup Skiddo|gg\n|l|\u2606mi pilin123\n|player|p1|\n",
  "uploadtime": 1776300216,
  "views": 19,
  "formatid": "gen9championsvgc2026regma",
  "rating": 1141,
  "private": 0,
  "password": null
}