{
  "id": "gen9championsvgc2026regma-2582512859",
  "format": "[Gen 9 Champions] VGC 2026 Reg M-A",
  "players": [
    "sc0rer",
    "therealzestman"
  ],
  "log": "|j|\u2606sc0rer\n|j|\u2606therealzestman\n|t:|1776096459\n|gametype|doubles\n|player|p1|sc0rer|169|1105\n|player|p2|therealzestman|morty|1106\n|gen|9\n|tier|[Gen 9 Champions] VGC 2026 Reg M-A\n|rated|\n|rule|Species Clause: Limit one of each Pok\u00e9mon\n|rule|Item Clause: Limit 1 of each item\n|clearpoke\n|poke|p1|Archaludon, L50, F|\n|poke|p1|Basculegion, L50, M|\n|poke|p1|Scizor, L50, F|\n|poke|p1|Pelipper, L50, M|\n|poke|p1|Sneasler, L50, F|\n|poke|p1|Sinistcha, L50|\n|poke|p2|Tyranitar, L50, M|\n|poke|p2|Excadrill, L50, F|\n|poke|p2|Hydreigon, L50, F|\n|poke|p2|Azumarill, L50, M|\n|poke|p2|Aerodactyl, L50, F|\n|poke|p2|Politoed, L50, F|\n|teampreview|4\nsc0rer has agreed to open team sheets.\n|\n|t:|1776096506\n|teamsize|p1|4\n|teamsize|p2|4\n|start\n|switch|p1a: Scizor|Scizor, L50, F|100/100\n|switch|p1b: Basculegion|Basculegion, L50, M|100/100\n|switch|p2a: ExGonrillIt2ya|Excadrill, L50, F|100/100\n|switch|p2b: Mark|Tyranitar, L50, M|100/100\n|-weather|Sandstorm|[from] ability: Sand Stream|[of] p2b: Mark\n|turn|1\n|\n|t:|1776096557\n|switch|p1a: Pelipper|Pelipper, L50, M|100/100\n|-weather|RainDance|[from] ability: Drizzle|[of] p1a: Pelipper\n|move|p2b: Mark|Protect|p2b: Mark\n|-singleturn|p2b: Mark|Protect\n|move|p1b: Basculegion|Flip Turn|p2a: ExGonrillIt2ya\n|-supereffective|p2a: ExGonrillIt2ya|1\n|-damage|p2a: ExGonrillIt2ya|0 fnt\n|faint|p2a: ExGonrillIt2ya\n|\n|t:|1776096569\n|switch|p1b: Scizor|Scizor, L50, F|100/100|[from] Flip Turn\n|\n|-weather|RainDance|[upkeep]\n|upkeep\n|\n|t:|1776096581\n|switch|p2a: GF|Hydreigon, L50, F|100/100\n|turn|2\n|\n|t:|1776096607\n|detailschange|p1b: Scizor|Scizor-Mega, L50, F\n|-mega|p1b: Scizor|Scizor|Scizorite\n|move|p1a: Pelipper|Protect|p1a: Pelipper\n|-singleturn|p1a: Pelipper|Protect\n|move|p2a: GF|Dark Pulse|p1b: Scizor\n|-damage|p1b: Scizor|41/100\n|move|p1b: Scizor|U-turn|p2b: Mark\n|-supereffective|p2b: Mark|1\n|-damage|p2b: Mark|27/100\n|\n|t:|1776096616\n|switch|p1b: Basculegion|Basculegion, L50, M|100/100|[from] U-turn\n|move|p2b: Mark|Rock Slide|p1b: Basculegion|[spread] p1b\n|-activate|p1a: Pelipper|move: Protect\n|-damage|p1b: Basculegion|60/100\n|\n|-weather|RainDance|[upkeep]\n|upkeep\n|turn|3\n|\n|t:|1776096634\n|move|p2b: Mark|Protect|p2b: Mark\n|-singleturn|p2b: Mark|Protect\n|move|p2a: GF|Dark Pulse|p1b: Basculegion\n|-supereffective|p1b: Basculegion|1\n|-damage|p1b: Basculegion|0 fnt\n|faint|p1b: Basculegion\n|move|p1a: Pelipper|Ice Beam|p2a: GF\n|-supereffective|p2a: GF|1\n|-damage|p2a: GF|53/100\n|\n|-weather|RainDance|[upkeep]\n|upkeep\n|\n|t:|1776096643\n|switch|p1b: Archaludon|Archaludon, L50, F|100/100\n|turn|4\n|\n|t:|1776096659\n|switch|p2a: ALLAH|Azumarill, L50, M, shiny|100/100\n|move|p1b: Archaludon|Draco Meteor|p2a: ALLAH\n|-immune|p2a: ALLAH\n|move|p1a: Pelipper|Ice Beam|p2b: Mark\n|-damage|p2b: Mark|10/100\n|-status|p2b: Mark|frz\n|cant|p2b: Mark|frz\n|\n|-weather|RainDance|[upkeep]\n|upkeep\n|turn|5\n|\n|t:|1776096689\n|switch|p1b: Scizor|Scizor-Mega, L50, F|41/100\n|switch|p2a: GF|Hydreigon, L50, F|53/100\n|cant|p2b: Mark|frz\n|move|p1a: Pelipper|Ice Beam|p2b: Mark\n|-damage|p2b: Mark|0 fnt\n|faint|p2b: Mark\n|\n|-weather|none\n|upkeep\n|\n|t:|1776096697\n|switch|p2b: ALLAH|Azumarill, L50, M, shiny|100/100\n|turn|6\n|\n|t:|1776096728\n|move|p1b: Scizor|Bullet Punch|p2a: GF\n|-damage|p2a: GF|4/100\n|move|p2a: GF|Dark Pulse|p1b: Scizor\n|-crit|p1b: Scizor\n|-damage|p1b: Scizor|0 fnt\n|faint|p1b: Scizor\n|move|p1a: Pelipper|Tailwind|p1a: Pelipper\n|-sidestart|p1: sc0rer|move: Tailwind\n|move|p2b: ALLAH|Belly Drum|p2b: ALLAH\n|-damage|p2b: ALLAH|51/100\n|-setboost|p2b: ALLAH|atk|6|[from] move: Belly Drum\n|\n|upkeep\n|\n|t:|1776096739\n|switch|p1b: Archaludon|Archaludon, L50, F|100/100\n|turn|7\n|\n|t:|1776096765\n|move|p1b: Archaludon|Protect|p1b: Archaludon\n|-singleturn|p1b: Archaludon|Protect\n|move|p2a: GF|Dark Pulse|p1b: Archaludon\n|-activate|p1b: Archaludon|move: Protect\n|move|p1a: Pelipper|Ice Beam|p2a: GF\n|-supereffective|p2a: GF|1\n|-damage|p2a: GF|0 fnt\n|faint|p2a: GF\n|move|p2b: ALLAH|Liquidation|p1a: Pelipper\n|-resisted|p1a: Pelipper|1\n|-damage|p1a: Pelipper|0 fnt\n|faint|p1a: Pelipper\n|\n|upkeep\n|turn|8\n|\n|t:|1776096780\n|move|p1b: Archaludon|Flash Cannon|p2b: ALLAH\n|-damage|p2b: ALLAH|10/100\n|-enditem|p2b: ALLAH|Sitrus Berry|[eat]\n|-heal|p2b: ALLAH|35/100|[from] item: Sitrus Berry\n|move|p2b: ALLAH|Liquidation|p1b: Archaludon\n|-resisted|p1b: Archaludon|1\n|-damage|p1b: Archaludon|12/100\n|-ability|p1b: Archaludon|Stamina|boost\n|-boost|p1b: Archaludon|def|1\n|\n|upkeep\n|turn|9\n|c|\u2606sc0rer|gg\n|c|\u2606therealzestman|gg\n|c|\u2606sc0rer|wait\n|c|\u2606therealzestman|will it kill\n|c|\u2606sc0rer|i thought u had play rough\n|\n|t:|1776096806\n|move|p2b: ALLAH|Aqua Jet|p1b: Archaludon\n|-resisted|p1b: Archaludon|1\n|-damage|p1b: Archaludon|0 fnt\n|faint|p1b: Archaludon\n|\n|win|therealzestman\n|raw|sc0rer's rating: 1105 &rarr; <strong>1080</strong><br />(-25 for losing)\n|raw|therealzestman's rating: 1106 &rarr; <strong>1131</strong><br />(+25 for winning)\n|c|\u2606sc0rer|damn\n|c|\u2606sc0rer|gg ^^\n|c|\u2606therealzestman|lololol\n|c|\u2606therealzestman|gg\n|c|\u2606sc0rer|still thought u had play rouugh\n|c|\u2606therealzestman|gg*\n",
  "uploadtime": 1776096827,
  "views": 15,
  "formatid": "gen9championsvgc2026regma",
  "rating": 1080,
  "private": 0,
  "password": null
}