{
  "id": "gen9championsvgc2026regma-2588354956",
  "format": "[Gen 9 Champions] VGC 2026 Reg M-A",
  "players": [
    "Caligo33",
    "CopiumBathTub"
  ],
  "log": "|j|\u2606Caligo33\n|j|\u2606CopiumBathTub\n|t:|1776626645\n|gametype|doubles\n|player|p1|Caligo33|170|1148\n|player|p2|CopiumBathTub|psychic-gen4|1115\n|gen|9\n|tier|[Gen 9 Champions] VGC 2026 Reg M-A\n|rated|\n|rule|Species Clause: Limit one of each Pok\u00e9mon\n|rule|Item Clause: Limit 1 of each item\n|clearpoke\n|poke|p1|Gengar, L50, M, shiny|\n|poke|p1|Incineroar, L50, M|\n|poke|p1|Gallade, L50, M|\n|poke|p1|Araquanid, L50, M|\n|poke|p1|Dragonite, L50, M|\n|poke|p1|Corviknight, L50, M|\n|poke|p2|Flapple, L50, F|\n|poke|p2|Garchomp, L50, M|\n|poke|p2|Delphox, L50, F|\n|poke|p2|Meowstic, L50, M|\n|poke|p2|Tauros-Paldea-Aqua, L50, M|\n|poke|p2|Primarina, L50, M|\n|teampreview|4\nCaligo33 has agreed to open team sheets.\n|inactive|Battle timer is ON: inactive players will automatically lose when time's up. (requested by Caligo33)\nCopiumBathTub has agreed to open team sheets.\n|showteam|p1|Gengar||Gengarite|CursedBody|ShadowBall,SludgeBomb,ThunderWave,Protect|||M|||50|]Incineroar||SitrusBerry|Intimidate|FakeOut,FlareBlitz,DarkestLariat,PartingShot|||M|||50|]Gallade||WhiteHerb|Sharpness|PsychoCut,SacredSword,Encore,Protect|||M|||50|]Araquanid||MysticWater|WaterBubble|Liquidation,IcyWind,WideGuard,Protect|||M|||50|]Dragonite||DragonFang|InnerFocus|DracoMeteor,ExtremeSpeed,DragonTail,ThunderWave|||M|||50|]Corviknight||Leftovers|MirrorArmor|DualWingbeat,BodyPress,IronDefense,Tailwind|||M|||50|\n|showteam|p2|Flapple||ChoiceScarf|Hustle|DragonRush,GravApple,SuckerPunch,Uturn|||F|||50|]Garchomp||YacheBerry|SandVeil|Earthquake,RockSlide,DragonClaw,Protect|||M|||50|]Delphox||Delphoxite|Blaze|ExpandingForce,HeatWave,DazzlingGleam,Protect|||F|||50|]Meowstic||SitrusBerry|Prankster|Reflect,PsychicTerrain,Gravity,SunnyDay|||M|||50|]Tauros-Paldea-Aqua||WhiteHerb|Intimidate|AquaJet,CloseCombat,WaveCrash,Protect|||M|||50|]Primarina||Leftovers|Torrent|Moonblast,PsychicNoise,IceBeam,Substitute|||M|||50|\n|inactive|Caligo33 has 60 seconds left.\n|inactive|Caligo33 has 30 seconds left.\n|\n|t:|1776626719\n|teamsize|p1|4\n|teamsize|p2|4\n|start\n|switch|p1a: Gengar|Gengar, L50, M, shiny|100/100\n|switch|p1b: Incineroar|Incineroar, L50, M|100/100\n|switch|p2a: Flapple|Flapple, L50, F|100/100\n|switch|p2b: Meowstic|Meowstic, L50, M|100/100\n|-ability|p1b: Incineroar|Intimidate|boost\n|-unboost|p2a: Flapple|atk|1\n|-unboost|p2b: Meowstic|atk|1\n|turn|1\n|inactive|Caligo33 has 30 seconds left.\n|inactive|CopiumBathTub has 30 seconds left.\n|inactive|CopiumBathTub has 20 seconds left.\n|inactive|CopiumBathTub has 15 seconds left.\n|inactive|CopiumBathTub has 10 seconds left.\n|\n|t:|1776626765\n|detailschange|p1a: Gengar|Gengar-Mega, L50, M, shiny\n|-mega|p1a: Gengar|Gengar|Gengarite\n|move|p1b: Incineroar|Fake Out|p2a: Flapple\n|-crit|p2a: Flapple\n|-damage|p2a: Flapple|74/100\n|cant|p2a: Flapple|flinch\n|move|p2b: Meowstic|Gravity|p2b: Meowstic\n|-fieldstart|move: Gravity\n|move|p1a: Gengar|Shadow Ball|p2b: Meowstic\n|-supereffective|p2b: Meowstic|1\n|-damage|p2b: Meowstic|14/100\n|-enditem|p2b: Meowstic|Sitrus Berry|[eat]\n|-heal|p2b: Meowstic|39/100|[from] item: Sitrus Berry\n|\n|upkeep\n|turn|2\n|\n|t:|1776626788\n|move|p2b: Meowstic|Psychic Terrain|p2b: Meowstic\n|-fieldstart|move: Psychic Terrain\n|move|p1a: Gengar|Thunder Wave|p2a: Flapple\n|-status|p2a: Flapple|par\n|move|p2a: Flapple|Dragon Rush|p1a: Gengar\n|-damage|p1a: Gengar|26/100\n|move|p1b: Incineroar|Darkest Lariat|p2b: Meowstic\n|-supereffective|p2b: Meowstic|1\n|-damage|p2b: Meowstic|0 fnt\n|faint|p2b: Meowstic\n|\n|upkeep\n|\n|t:|1776626796\n|switch|p2b: Delphox|Delphox, L50, F|100/100\n|turn|3\n|\n|t:|1776626816\n|detailschange|p2b: Delphox|Delphox-Mega, L50, F\n|-mega|p2b: Delphox|Delphox|Delphoxite\n|move|p1a: Gengar|Protect|p1a: Gengar\n|-singleturn|p1a: Gengar|Protect\n|move|p2b: Delphox|Heat Wave|p1b: Incineroar|[spread] p1b\n|-activate|p1a: Gengar|move: Protect\n|-resisted|p1b: Incineroar|1\n|-damage|p1b: Incineroar|86/100\n|move|p2a: Flapple|Dragon Rush|p1b: Incineroar\n|-damage|p1b: Incineroar|38/100\n|-enditem|p1b: Incineroar|Sitrus Berry|[eat]\n|-heal|p1b: Incineroar|62/100|[from] item: Sitrus Berry\n|move|p1b: Incineroar|Parting Shot|p2b: Delphox\n|-unboost|p2b: Delphox|atk|1\n|-unboost|p2b: Delphox|spa|1\n|\n|t:|1776626830\n|switch|p1b: Araquanid|Araquanid, L50, M|100/100|[from] Parting Shot\n|\n|upkeep\n|turn|4\n|\n|t:|1776626851\n|move|p2b: Delphox|Expanding Force|p1b: Araquanid|[spread] p1a,p1b\n|-supereffective|p1a: Gengar|1\n|-damage|p1a: Gengar|0 fnt\n|-damage|p1b: Araquanid|62/100\n|faint|p1a: Gengar\n|move|p2a: Flapple|Dragon Rush|p1b: Araquanid\n|-damage|p1b: Araquanid|11/100\n|move|p1b: Araquanid|Liquidation|p2b: Delphox\n|-supereffective|p2b: Delphox|1\n|-damage|p2b: Delphox|0 fnt\n|faint|p2b: Delphox\n|\n|upkeep\n|\n|t:|1776626867\n|switch|p2b: Primarina|Primarina, L50, M|100/100\n|switch|p1a: Incineroar|Incineroar, L50, M|62/100\n|-ability|p1a: Incineroar|Intimidate|boost\n|-unboost|p2a: Flapple|atk|1\n|-unboost|p2b: Primarina|atk|1\n|turn|5\n|\n|t:|1776626886\n|move|p1a: Incineroar|Fake Out|p2b: Primarina\n|-activate|p2b: Primarina|move: Psychic Terrain\n|move|p2a: Flapple|Dragon Rush|p1b: Araquanid\n|-damage|p1b: Araquanid|0 fnt\n|faint|p1b: Araquanid\n|move|p2b: Primarina|Psychic Noise|p1a: Incineroar\n|-immune|p1a: Incineroar\n|\n|-fieldend|move: Gravity\n|upkeep\n|\n|t:|1776626894\n|switch|p1b: Dragonite|Dragonite, L50, M|100/100\n|turn|6\n|inactive|Caligo33 has 30 seconds left.\n|\n|t:|1776626921\n|move|p1b: Dragonite|Draco Meteor|p2a: Flapple\n|-supereffective|p2a: Flapple|1\n|-damage|p2a: Flapple|0 fnt\n|-unboost|p1b: Dragonite|spa|2\n|faint|p2a: Flapple\n|move|p2b: Primarina|Ice Beam|p1b: Dragonite\n|-supereffective|p1b: Dragonite|2\n|-damage|p1b: Dragonite|5/100\n|move|p1a: Incineroar|Darkest Lariat|p2b: Primarina\n|-resisted|p2b: Primarina|1\n|-damage|p2b: Primarina|78/100\n|\n|-heal|p2b: Primarina|84/100|[from] item: Leftovers\n|-fieldend|move: Psychic Terrain\n|upkeep\n|turn|7\n|\n|t:|1776626941\n|move|p1b: Dragonite|Extreme Speed|p2b: Primarina\n|-damage|p2b: Primarina|51/100\n|move|p2b: Primarina|Substitute|p2b: Primarina\n|-start|p2b: Primarina|Substitute\n|-damage|p2b: Primarina|26/100\n|move|p1a: Incineroar|Darkest Lariat|p2b: Primarina\n|-resisted|p2b: Primarina|1\n|-activate|p2b: Primarina|move: Substitute|[damage]\n|\n|-heal|p2b: Primarina|32/100|[from] item: Leftovers\n|upkeep\n|turn|8\n|\n|t:|1776626953\n|move|p1b: Dragonite|Extreme Speed|p2b: Primarina\n|-end|p2b: Primarina|Substitute\n|move|p1a: Incineroar|Darkest Lariat|p2b: Primarina\n|-resisted|p2b: Primarina|1\n|-damage|p2b: Primarina|12/100\n|move|p2b: Primarina|Ice Beam|p1b: Dragonite\n|-supereffective|p1b: Dragonite|2\n|-damage|p1b: Dragonite|0 fnt\n|faint|p1b: Dragonite\n|\n|-heal|p2b: Primarina|18/100|[from] item: Leftovers\n|upkeep\n|turn|9\n|\n|t:|1776626967\n|move|p2b: Primarina|Moonblast|p1a: Incineroar\n|-damage|p1a: Incineroar|33/100\n|move|p1a: Incineroar|Darkest Lariat|p2b: Primarina\n|-resisted|p2b: Primarina|1\n|-damage|p2b: Primarina|0 fnt\n|faint|p2b: Primarina\n|\n|win|Caligo33\n|raw|Caligo33's rating: 1148 &rarr; <strong>1169</strong><br />(+21 for winning)\n|raw|CopiumBathTub's rating: 1089 &rarr; <strong>1070</strong><br />(-19 for losing)\n|l|\u2606CopiumBathTub\n|player|p2|\n",
  "uploadtime": 1776626974,
  "views": 12,
  "formatid": "gen9championsvgc2026regma",
  "rating": 1070,
  "private": 0,
  "password": null
}