{
  "id": "gen9championsvgc2026regma-2582698954",
  "format": "[Gen 9 Champions] VGC 2026 Reg M-A",
  "players": [
    "newjeansfan1",
    "dasamtz"
  ],
  "log": "|j|\u2606newjeansfan1\n|j|\u2606dasamtz\n|t:|1776108079\n|gametype|doubles\n|player|p1|newjeansfan1|102|1170\n|player|p2|dasamtz|ghetsis-gen5bw|1154\n|gen|9\n|tier|[Gen 9 Champions] VGC 2026 Reg M-A\n|rated|\n|rule|Species Clause: Limit one of each Pok\u00e9mon\n|rule|Item Clause: Limit 1 of each item\n|clearpoke\n|poke|p1|Aggron, L50, M|\n|poke|p1|Pelipper, L50, F|\n|poke|p1|Sinistcha-Masterpiece, L50|\n|poke|p1|Basculegion, L50, M|\n|poke|p1|Dragonite, L50, F|\n|poke|p1|Incineroar, L50, M|\n|poke|p2|Floette-Eternal, L50, F|\n|poke|p2|Incineroar, L50, M|\n|poke|p2|Whimsicott, L50, M|\n|poke|p2|Sneasler, L50, F|\n|poke|p2|Kingambit, L50, F|\n|poke|p2|Palafin, L50, F|\n|teampreview|4\n|l|\u2606newjeansfan1\n|player|p1|\n|j|\u2606newjeansfan1\n|player|p1|newjeansfan1|102|\n|inactive|Battle timer is ON: inactive players will automatically lose when time's up. (requested by newjeansfan1)\n|\n|t:|1776108145\n|teamsize|p1|4\n|teamsize|p2|4\n|start\n|switch|p1a: Aggron|Aggron, L50, M|100/100\n|switch|p1b: Pelipper|Pelipper, L50, F|100/100\n|switch|p2a: Floette|Floette-Eternal, L50, F|100/100\n|switch|p2b: Sneasler|Sneasler, L50, F|100/100\n|-weather|RainDance|[from] ability: Drizzle|[of] p1b: Pelipper\n|turn|1\n|inactive|dasamtz has 30 seconds left.\n|\n|t:|1776108171\n|detailschange|p2a: Floette|Floette-Mega, L50, F\n|-mega|p2a: Floette|Floette|Floettite\n|-ability|p2a: Floette|Fairy Aura\n|detailschange|p1a: Aggron|Aggron-Mega, L50, M\n|-mega|p1a: Aggron|Aggron|Aggronite\n|move|p2b: Sneasler|Fake Out|p1a: Aggron\n|-resisted|p1a: Aggron|1\n|-crit|p1a: Aggron\n|-damage|p1a: Aggron|95/100\n|move|p2a: Floette|Dazzling Gleam|p1b: Pelipper|[spread] p1a,p1b\n|-resisted|p1a: Aggron|1\n|-damage|p1a: Aggron|70/100\n|-damage|p1b: Pelipper|21/100\n|move|p1b: Pelipper|Tailwind|p1b: Pelipper\n|-sidestart|p1: newjeansfan1|move: Tailwind\n|cant|p1a: Aggron|flinch\n|\n|-weather|RainDance|[upkeep]\n|upkeep\n|turn|2\n|\n|t:|1776108194\n|move|p2a: Floette|Protect|p2a: Floette\n|-singleturn|p2a: Floette|Protect\n|move|p1b: Pelipper|Hurricane|p2b: Sneasler\n|-supereffective|p2b: Sneasler|1\n|-damage|p2b: Sneasler|0 fnt\n|faint|p2b: Sneasler\n|move|p1a: Aggron|Heavy Slam|p2a: Floette\n|-activate|p2a: Floette|move: Protect\n|\n|-weather|RainDance|[upkeep]\n|upkeep\n|\n|t:|1776108211\n|switch|p2b: Palafin|Palafin, L50, F|100/100\n|turn|3\n|\n|t:|1776108220\n|switch|p1b: Sinistcha|Sinistcha-Masterpiece, L50|100/100\n|-heal|p1a: Aggron|95/100|[from] ability: Hospitality|[of] p1b: Sinistcha\n|switch|p2a: Kingambit|Kingambit, L50, F|100/100\n|move|p2b: Palafin|Flip Turn|p1b: Sinistcha\n|-resisted|p1b: Sinistcha|1\n|-damage|p1b: Sinistcha|85/100\n|\n|t:|1776108230\n|detailschange|p2b: Palafin|Palafin-Hero, L50, F\n|switch|p2b: Floette|Floette-Mega, L50, F|100/100|[from] Flip Turn\n|-ability|p2b: Floette|Fairy Aura\n|move|p1a: Aggron|Heavy Slam|p2a: Kingambit\n|-resisted|p2a: Kingambit|1\n|-damage|p2a: Kingambit|85/100\n|\n|-weather|RainDance|[upkeep]\n|upkeep\n|turn|4\n|\n|t:|1776108254\n|switch|p2b: Palafin|Palafin-Hero, L50, F|100/100\n|-activate|p2b: Palafin|ability: Zero to Hero\n|move|p1b: Sinistcha|Matcha Gotcha|p2b: Palafin|[spread] p2a,p2b\n|-resisted|p2a: Kingambit|1\n|-supereffective|p2b: Palafin|1\n|-damage|p2a: Kingambit|75/100\n|-heal|p1b: Sinistcha|90/100|[from] drain|[of] p2a: Kingambit\n|-damage|p2b: Palafin|52/100\n|-heal|p1b: Sinistcha|100/100|[from] drain|[of] p2b: Palafin\n|move|p1a: Aggron|Body Press|p2a: Kingambit\n|-supereffective|p2a: Kingambit|2\n|-damage|p2a: Kingambit|0 fnt\n|faint|p2a: Kingambit\n|\n|-weather|RainDance|[upkeep]\n|-sideend|p1: newjeansfan1|move: Tailwind\n|upkeep\n|\n|t:|1776108273\n|switch|p2a: Floette|Floette-Mega, L50, F|100/100\n|-ability|p2a: Floette|Fairy Aura\n|turn|5\n|\n|t:|1776108288\n|move|p1b: Sinistcha|Rage Powder|p1b: Sinistcha\n|-singleturn|p1b: Sinistcha|move: Rage Powder\n|move|p2b: Palafin|Wave Crash|p1b: Sinistcha\n|-resisted|p1b: Sinistcha|1\n|-damage|p1b: Sinistcha|49/100\n|-enditem|p1b: Sinistcha|Sitrus Berry|[eat]\n|-heal|p1b: Sinistcha|74/100|[from] item: Sitrus Berry\n|-damage|p2b: Palafin|35/100|[from] Recoil\n|move|p2a: Floette|Light of Ruin|p1b: Sinistcha|[miss]\n|-miss|p2a: Floette|p1b: Sinistcha\n|move|p1a: Aggron|Body Press|p2b: Palafin\n|-damage|p2b: Palafin|0 fnt\n|faint|p2b: Palafin\n|\n|-weather|none\n|upkeep\n|turn|6\n|\n|t:|1776108306\n|move|p2a: Floette|Light of Ruin|p1b: Sinistcha\n|-damage|p1b: Sinistcha|0 fnt\n|faint|p1b: Sinistcha\n|-damage|p2a: Floette|57/100|[from] Recoil\n|move|p1a: Aggron|Heavy Slam|p2a: Floette\n|-supereffective|p2a: Floette|1\n|-damage|p2a: Floette|0 fnt\n|faint|p2a: Floette\n|\n|win|newjeansfan1\n|raw|newjeansfan1's rating: 1170 &rarr; <strong>1194</strong><br />(+24 for winning)\n|raw|dasamtz's rating: 1154 &rarr; <strong>1130</strong><br />(-24 for losing)\n",
  "uploadtime": 1776108317,
  "views": 14,
  "formatid": "gen9championsvgc2026regma",
  "rating": 1130,
  "private": 0,
  "password": null
}