{
  "id": "gen9championsvgc2026regma-2587082800",
  "format": "[Gen 9 Champions] VGC 2026 Reg M-A",
  "players": [
    "Scizorboiye",
    "woobiusart"
  ],
  "log": "|j|\u2606Scizorboiye\n|j|\u2606woobiusart\n|t:|1776491004\n|gametype|doubles\n|player|p1|Scizorboiye|ingo-hisui|1064\n|player|p2|woobiusart|1|1033\n|gen|9\n|tier|[Gen 9 Champions] VGC 2026 Reg M-A\n|rated|\n|rule|Species Clause: Limit one of each Pok\u00e9mon\n|rule|Item Clause: Limit 1 of each item\n|clearpoke\n|poke|p1|Aegislash, L50, M|\n|poke|p1|Chandelure, L50, M|\n|poke|p1|Sinistcha-Masterpiece, L50|\n|poke|p1|Skeledirge, L50, M|\n|poke|p1|Golurk, L50|\n|poke|p1|Basculegion, L50, M|\n|poke|p2|Glimmora, L50, F, shiny|\n|poke|p2|Dragonite, L50, F|\n|poke|p2|Clefable, L50, F|\n|poke|p2|Gengar, L50, M|\n|poke|p2|Kingambit, L50, F|\n|poke|p2|Basculegion, L50, M|\n|teampreview|4\n|inactive|Battle timer is ON: inactive players will automatically lose when time's up. (requested by Scizorboiye)\n|\n|t:|1776491049\n|teamsize|p1|4\n|teamsize|p2|4\n|start\n|switch|p1a: Sinistcha|Sinistcha-Masterpiece, L50|100/100\n|switch|p1b: Golurk|Golurk, L50|100/100\n|switch|p2a: palm|Glimmora, L50, F, shiny|100/100\n|switch|p2b: Pollux|Gengar, L50, M|100/100\n|turn|1\n|inactive|woobiusart has 30 seconds left.\n|\n|t:|1776491081\n|detailschange|p2b: Pollux|Gengar-Mega, L50, M\n|-mega|p2b: Pollux|Gengar|Gengarite\n|move|p2b: Pollux|Protect|p2b: Pollux\n|-singleturn|p2b: Pollux|Protect\n|move|p2a: palm|Sludge Bomb|p1a: Sinistcha\n|-damage|p1a: Sinistcha|52/100\n|-status|p1a: Sinistcha|psn\n|move|p1b: Golurk|Poltergeist|p2b: Pollux\n|-activate|p2b: Pollux|move: Protect\n|move|p1a: Sinistcha|Trick Room|p1a: Sinistcha\n|-fieldstart|move: Trick Room|[of] p1a: Sinistcha\n|\n|-damage|p1a: Sinistcha|40/100 psn|[from] psn\n|upkeep\n|-enditem|p1a: Sinistcha|Sitrus Berry|[eat]\n|-heal|p1a: Sinistcha|65/100 psn|[from] item: Sitrus Berry\n|turn|2\n|inactive|Scizorboiye has 30 seconds left.\n|inactive|woobiusart has 30 seconds left.\n|inactive|woobiusart has 20 seconds left.\n|inactive|woobiusart has 15 seconds left.\n|inactive|woobiusart has 10 seconds left.\n|inactive|woobiusart has 5 seconds left.\n|\n|t:|1776491132\n|switch|p2b: Kingambit|Kingambit, L50, F|100/100\n|detailschange|p1b: Golurk|Golurk-Mega, L50\n|-mega|p1b: Golurk|Golurk|Golurkite\n|move|p1b: Golurk|Headlong Rush|p2b: Kingambit\n|-supereffective|p2b: Kingambit|1\n|-damage|p2b: Kingambit|0 fnt\n|-unboost|p1b: Golurk|def|1\n|-unboost|p1b: Golurk|spd|1\n|faint|p2b: Kingambit\n|move|p1a: Sinistcha|Matcha Gotcha|p2a: palm\n|-damage|p2a: palm|47/100\n|-heal|p1a: Sinistcha|94/100 psn|[from] drain|[of] p2a: palm\n|move|p2a: palm|Earth Power|p1b: Golurk\n|-damage|p1b: Golurk|52/100\n|\n|-damage|p1a: Sinistcha|82/100 psn|[from] psn\n|upkeep\n|\n|t:|1776491153\n|switch|p2b: Dragonite|Dragonite, L50, F|100/100\n|turn|3\n|\n|t:|1776491166\n|move|p1b: Golurk|Ice Punch|p2b: Dragonite\n|-supereffective|p2b: Dragonite|2\n|-damage|p2b: Dragonite|22/100\n|move|p1a: Sinistcha|Matcha Gotcha|p2b: Dragonite|[spread] p2a,p2b\n|-resisted|p2b: Dragonite|2\n|-damage|p2a: palm|6/100\n|-heal|p1a: Sinistcha|100/100 psn|[from] drain|[of] p2a: palm\n|-damage|p2b: Dragonite|14/100\n|-status|p2a: palm|brn\n|move|p2b: Dragonite|Outrage|p1a: Sinistcha\n|-damage|p1a: Sinistcha|42/100 psn\n|move|p2a: palm|Earth Power|p1b: Golurk\n|-damage|p1b: Golurk|7/100\n|\n|-damage|p1a: Sinistcha|30/100 psn|[from] psn\n|-damage|p2a: palm|0 fnt|[from] brn\n|faint|p2a: palm\n|upkeep\n|\n|t:|1776491186\n|switch|p2a: Pollux|Gengar-Mega, L50, M|100/100\n|turn|4\n|\n|t:|1776491197\n|move|p2a: Pollux|Protect|p2a: Pollux\n|-singleturn|p2a: Pollux|Protect\n|move|p1b: Golurk|Headlong Rush|p2a: Pollux\n|-supereffective|p2a: Pollux|1\n|-ability|p1b: Golurk|Unseen Fist\n|-zbroken|p2a: Pollux\n|-damage|p2a: Pollux|34/100\n|-unboost|p1b: Golurk|def|1\n|-unboost|p1b: Golurk|spd|1\n|move|p1a: Sinistcha|Matcha Gotcha|p2b: Dragonite|[spread] p2b\n|-activate|p2a: Pollux|move: Protect\n|-resisted|p2b: Dragonite|2\n|-damage|p2b: Dragonite|6/100\n|-heal|p1a: Sinistcha|34/100 psn|[from] drain|[of] p2b: Dragonite\n|move|p2b: Dragonite|Outrage|p1a: Sinistcha|[from] lockedmove\n|-damage|p1a: Sinistcha|0 fnt\n|faint|p1a: Sinistcha\n|-start|p2b: Dragonite|confusion|[fatigue]\n|\n|upkeep\n|\n|t:|1776491217\n|switch|p1a: Chandelure|Chandelure, L50, M|100/100\n|turn|5\n|\n|t:|1776491230\n|move|p1b: Golurk|Headlong Rush|p2a: Pollux\n|-supereffective|p2a: Pollux|1\n|-damage|p2a: Pollux|0 fnt\n|-unboost|p1b: Golurk|def|1\n|-unboost|p1b: Golurk|spd|1\n|faint|p2a: Pollux\n|move|p1a: Chandelure|Heat Wave|p2b: Dragonite\n|-resisted|p2b: Dragonite|1\n|-damage|p2b: Dragonite|0 fnt\n|faint|p2b: Dragonite\n|\n|win|Scizorboiye\n|raw|Scizorboiye's rating: 1064 &rarr; <strong>1092</strong><br />(+28 for winning)\n|raw|woobiusart's rating: 1033 &rarr; <strong>1019</strong><br />(-14 for losing)\n",
  "uploadtime": 1776491240,
  "views": 14,
  "formatid": "gen9championsvgc2026regma",
  "rating": 1019,
  "private": 0,
  "password": null
}