{
  "id": "gen9championsvgc2026regma-2588267616",
  "format": "[Gen 9 Champions] VGC 2026 Reg M-A",
  "players": [
    "Mareastra",
    "megarekuzza"
  ],
  "log": "|j|\u2606Mareastra\n|j|\u2606megarekuzza\n|t:|1776619514\n|gametype|doubles\n|player|p1|Mareastra|clair|1203\n|player|p2|megarekuzza|brycenman|1143\n|gen|9\n|tier|[Gen 9 Champions] VGC 2026 Reg M-A\n|rated|\n|rule|Species Clause: Limit one of each Pok\u00e9mon\n|rule|Item Clause: Limit 1 of each item\n|clearpoke\n|poke|p1|Gengar, L50, F|\n|poke|p1|Politoed, L50, M|\n|poke|p1|Incineroar, L50, M|\n|poke|p1|Sinistcha, L50|\n|poke|p1|Kommo-o, L50, M|\n|poke|p1|Aggron, L50, M|\n|poke|p2|Froslass, L50, F|\n|poke|p2|Palafin, L50, M, shiny|\n|poke|p2|Sneasler, L50, M, shiny|\n|poke|p2|Meowscarada, L50, M|\n|poke|p2|Incineroar, L50, M, shiny|\n|poke|p2|Sinistcha, L50|\n|teampreview|4\n|inactive|Battle timer is ON: inactive players will automatically lose when time's up. (requested by Mareastra)\n|inactive|megarekuzza has 60 seconds left.\n|\n|t:|1776619546\n|teamsize|p1|4\n|teamsize|p2|4\n|start\n|switch|p1a: Aggron|Aggron, L50, M|100/100\n|switch|p1b: Incineroar|Incineroar, L50, M|100/100\n|switch|p2a: Wolfey|Incineroar, L50, M, shiny|100/100\n|switch|p2b: Disguised hero|Palafin, L50, M, shiny|100/100\n|-ability|p2a: Wolfey|Intimidate|boost\n|-unboost|p1a: Aggron|atk|1\n|-unboost|p1b: Incineroar|atk|1\n|-ability|p1b: Incineroar|Intimidate|boost\n|-unboost|p2a: Wolfey|atk|1\n|-unboost|p2b: Disguised hero|atk|1\n|turn|1\n|\n|t:|1776619564\n|detailschange|p1a: Aggron|Aggron-Mega, L50, M\n|-mega|p1a: Aggron|Aggron|Aggronite\n|move|p2b: Disguised hero|Protect|p2b: Disguised hero\n|-singleturn|p2b: Disguised hero|Protect\n|move|p2a: Wolfey|Fake Out|p1a: Aggron\n|-resisted|p1a: Aggron|1\n|-damage|p1a: Aggron|98/100\n|move|p1b: Incineroar|Fake Out|p2b: Disguised hero\n|-activate|p2b: Disguised hero|move: Protect\n|cant|p1a: Aggron|flinch\n|\n|upkeep\n|turn|2\n|\n|t:|1776619585\n|detailschange|p2b: Disguised hero|Palafin-Hero, L50, M, shiny\n|switch|p2b: Liko's Masquernya|Meowscarada, L50, M|100/100\n|move|p1b: Incineroar|Parting Shot|p2b: Liko's Masquernya\n|-unboost|p2b: Liko's Masquernya|atk|1\n|-unboost|p2b: Liko's Masquernya|spa|1\n|\n|t:|1776619588\n|switch|p1b: Sinistcha|Sinistcha, L50|100/100|[from] Parting Shot\n|-heal|p1a: Aggron|100/100|[from] ability: Hospitality|[of] p1b: Sinistcha\n|move|p2a: Wolfey|Flare Blitz|p1a: Aggron\n|-supereffective|p1a: Aggron|1\n|-damage|p1a: Aggron|70/100\n|-damage|p2a: Wolfey|92/100|[from] Recoil\n|move|p1a: Aggron|Iron Defense|p1a: Aggron\n|-boost|p1a: Aggron|def|2\n|\n|upkeep\n|turn|3\n|\n|t:|1776619602\n|move|p2b: Liko's Masquernya|Taunt|p1b: Sinistcha\n|-start|p1b: Sinistcha|move: Taunt\n|move|p2a: Wolfey|Flare Blitz|p1a: Aggron\n|-supereffective|p1a: Aggron|1\n|-damage|p1a: Aggron|55/100\n|-damage|p2a: Wolfey|87/100|[from] Recoil\n|move|p1a: Aggron|Iron Defense|p1a: Aggron\n|-boost|p1a: Aggron|def|2\n|cant|p1b: Sinistcha|move: Taunt|Trick Room\n|\n|upkeep\n|turn|4\n|\n|t:|1776619627\n|switch|p1b: Incineroar|Incineroar, L50, M|100/100\n|-ability|p1b: Incineroar|Intimidate|boost\n|-unboost|p2a: Wolfey|atk|1\n|-unboost|p2b: Liko's Masquernya|atk|1\n|move|p2b: Liko's Masquernya|Flower Trick|p1a: Aggron\n|-resisted|p1a: Aggron|1\n|-crit|p1a: Aggron\n|-damage|p1a: Aggron|43/100\n|move|p2a: Wolfey|Flare Blitz|p1a: Aggron\n|-supereffective|p1a: Aggron|1\n|-damage|p1a: Aggron|34/100\n|-damage|p2a: Wolfey|85/100|[from] Recoil\n|move|p1a: Aggron|Iron Defense|p1a: Aggron\n|-boost|p1a: Aggron|def|2\n|\n|upkeep\n|turn|5\n|\n|t:|1776619641\n|switch|p1b: Sinistcha|Sinistcha, L50|100/100\n|-heal|p1a: Aggron|59/100|[from] ability: Hospitality|[of] p1b: Sinistcha\n|move|p1a: Aggron|Protect|p1a: Aggron\n|-singleturn|p1a: Aggron|Protect\n|move|p2b: Liko's Masquernya|Flower Trick|p1a: Aggron\n|-activate|p1a: Aggron|move: Protect\n|move|p2a: Wolfey|Flare Blitz|p1a: Aggron\n|-activate|p1a: Aggron|move: Protect\n|\n|upkeep\n|turn|6\n|\n|t:|1776619662\n|switch|p1b: Incineroar|Incineroar, L50, M|100/100\n|-ability|p1b: Incineroar|Intimidate|boost\n|-unboost|p2a: Wolfey|atk|1\n|-unboost|p2b: Liko's Masquernya|atk|1\n|switch|p2a: Girl Freeze'em|Froslass, L50, F|100/100\n|move|p2b: Liko's Masquernya|Taunt|p1b: Incineroar\n|-start|p1b: Incineroar|move: Taunt\n|move|p1a: Aggron|Body Press|p2b: Liko's Masquernya\n|-supereffective|p2b: Liko's Masquernya|1\n|-enditem|p2b: Liko's Masquernya|Focus Sash\n|-damage|p2b: Liko's Masquernya|1/100\n|\n|upkeep\n|turn|7\n|\n|t:|1776619682\n|detailschange|p2a: Girl Freeze'em|Froslass-Mega, L50, F\n|-mega|p2a: Girl Freeze'em|Froslass|Froslassite\n|-weather|Snowscape|[from] ability: Snow Warning|[of] p2a: Girl Freeze'em\n|move|p2b: Liko's Masquernya|Protect|p2b: Liko's Masquernya\n|-singleturn|p2b: Liko's Masquernya|Protect\n|move|p1b: Incineroar|Fake Out|p2b: Liko's Masquernya\n|-activate|p2b: Liko's Masquernya|move: Protect\n|move|p2a: Girl Freeze'em|Shadow Ball|p1a: Aggron\n|-damage|p1a: Aggron|20/100\n|move|p1a: Aggron|Heavy Slam|p2a: Girl Freeze'em\n|-supereffective|p2a: Girl Freeze'em|1\n|-damage|p2a: Girl Freeze'em|20/100\n|\n|-weather|Snowscape|[upkeep]\n|upkeep\n|turn|8\n|\n|t:|1776619697\n|switch|p2b: Disguised hero|Palafin-Hero, L50, M, shiny|100/100\n|-activate|p2b: Disguised hero|ability: Zero to Hero\n|switch|p1b: Sinistcha|Sinistcha, L50|100/100\n|-heal|p1a: Aggron|45/100|[from] ability: Hospitality|[of] p1b: Sinistcha\n|move|p1a: Aggron|Protect|p1a: Aggron\n|-singleturn|p1a: Aggron|Protect\n|move|p2a: Girl Freeze'em|Shadow Ball|p1a: Aggron\n|-activate|p1a: Aggron|move: Protect\n|\n|-weather|Snowscape|[upkeep]\n|upkeep\n|turn|9\n|\n|t:|1776619709\n|move|p1b: Sinistcha|Rage Powder|p1b: Sinistcha\n|-singleturn|p1b: Sinistcha|move: Rage Powder\n|move|p2a: Girl Freeze'em|Shadow Ball|p1b: Sinistcha\n|-supereffective|p1b: Sinistcha|1\n|-crit|p1b: Sinistcha\n|-damage|p1b: Sinistcha|0 fnt\n|faint|p1b: Sinistcha\n|move|p2b: Disguised hero|Close Combat|p1a: Aggron\n|-supereffective|p1a: Aggron|1\n|-damage|p1a: Aggron|36/100\n|-unboost|p2b: Disguised hero|def|1\n|-unboost|p2b: Disguised hero|spd|1\n|move|p1a: Aggron|Heavy Slam|p2a: Girl Freeze'em\n|-supereffective|p2a: Girl Freeze'em|1\n|-damage|p2a: Girl Freeze'em|0 fnt\n|faint|p2a: Girl Freeze'em\n|\n|-weather|Snowscape|[upkeep]\n|upkeep\n|\n|t:|1776619725\n|switch|p2a: Wolfey|Incineroar, L50, M, shiny|85/100\n|switch|p1b: Incineroar|Incineroar, L50, M|100/100\n|-ability|p1b: Incineroar|Intimidate|boost\n|-unboost|p2a: Wolfey|atk|1\n|-unboost|p2b: Disguised hero|atk|1\n|-ability|p2a: Wolfey|Intimidate|boost\n|-unboost|p1a: Aggron|atk|1\n|-unboost|p1b: Incineroar|atk|1\n|turn|10\n|\n|t:|1776619746\n|move|p2a: Wolfey|Fake Out|p1b: Incineroar\n|-damage|p1b: Incineroar|92/100\n|cant|p1b: Incineroar|flinch\n|move|p2b: Disguised hero|Close Combat|p1a: Aggron\n|-supereffective|p1a: Aggron|1\n|-damage|p1a: Aggron|29/100\n|-unboost|p2b: Disguised hero|def|1\n|-unboost|p2b: Disguised hero|spd|1\n|move|p1a: Aggron|Body Press|p2a: Wolfey\n|-supereffective|p2a: Wolfey|1\n|-crit|p2a: Wolfey\n|-damage|p2a: Wolfey|0 fnt\n|faint|p2a: Wolfey\n|\n|-weather|Snowscape|[upkeep]\n|upkeep\n|\n|t:|1776619754\n|switch|p2a: Liko's Masquernya|Meowscarada, L50, M|1/100\n|turn|11\n|\n|t:|1776619762\n|move|p2a: Liko's Masquernya|Protect|p2a: Liko's Masquernya\n|-singleturn|p2a: Liko's Masquernya|Protect\n|move|p2b: Disguised hero|Close Combat|p1a: Aggron\n|-supereffective|p1a: Aggron|1\n|-damage|p1a: Aggron|22/100\n|-unboost|p2b: Disguised hero|def|1\n|-unboost|p2b: Disguised hero|spd|1\n|move|p1b: Incineroar|Flare Blitz|p2a: Liko's Masquernya\n|-activate|p2a: Liko's Masquernya|move: Protect\n|move|p1a: Aggron|Body Press|p2b: Disguised hero\n|-damage|p2b: Disguised hero|0 fnt\n|faint|p2b: Disguised hero\n|\n|-weather|none\n|upkeep\n|turn|12\n|-message|megarekuzza forfeited.\n|\n|win|Mareastra\n|raw|Mareastra's rating: 1203 &rarr; <strong>1224</strong><br />(+21 for winning)\n|raw|megarekuzza's rating: 1143 &rarr; <strong>1122</strong><br />(-21 for losing)\n|l|\u2606megarekuzza\n|player|p2|\n",
  "uploadtime": 1776619772,
  "views": 20,
  "formatid": "gen9championsvgc2026regma",
  "rating": 1122,
  "private": 0,
  "password": null
}