{
  "id": "gen9championsvgc2026regma-2587654308",
  "format": "[Gen 9 Champions] VGC 2026 Reg M-A",
  "players": [
    "Arkedge",
    "thewxfr"
  ],
  "log": "|j|\u2606Arkedge\n|j|\u2606thewxfr\n|t:|1776550775\n|gametype|doubles\n|player|p1|Arkedge|170|1107\n|player|p2|thewxfr|1|1039\n|gen|9\n|tier|[Gen 9 Champions] VGC 2026 Reg M-A\n|rated|\n|rule|Species Clause: Limit one of each Pok\u00e9mon\n|rule|Item Clause: Limit 1 of each item\n|clearpoke\n|poke|p1|Scizor, L50, M|\n|poke|p1|Dragonite, L50, F|\n|poke|p1|Farigiraf, L50, M|\n|poke|p1|Floette-Eternal, L50, F|\n|poke|p1|Serperior, L50, M|\n|poke|p1|Gyarados, L50, M|\n|poke|p2|Tyranitar, L50, F|\n|poke|p2|Excadrill, L50, M|\n|poke|p2|Aerodactyl, L50, F|\n|poke|p2|Hippowdon, L50, M|\n|poke|p2|Greninja, L50, F|\n|poke|p2|Heliolisk, L50, F|\n|teampreview|4\nthewxfr rejected open team sheets.\n|\n|t:|1776550806\n|teamsize|p1|4\n|teamsize|p2|4\n|start\n|switch|p1a: Serperior|Serperior, L50, M|100/100\n|switch|p1b: Gyarados|Gyarados, L50, M|100/100\n|switch|p2a: Tyranitar|Tyranitar, L50, F|100/100\n|switch|p2b: Excadrill|Excadrill, L50, M|100/100\n|-weather|Sandstorm|[from] ability: Sand Stream|[of] p2a: Tyranitar\n|-ability|p1b: Gyarados|Intimidate|boost\n|-unboost|p2a: Tyranitar|atk|1\n|-unboost|p2b: Excadrill|atk|1\n|turn|1\n|\n|t:|1776550825\n|move|p2b: Excadrill|Iron Head|p1a: Serperior\n|-damage|p1a: Serperior|59/100\n|move|p1a: Serperior|Leaf Storm|p2a: Tyranitar\n|-supereffective|p2a: Tyranitar|1\n|-damage|p2a: Tyranitar|47/100\n|-boost|p1a: Serperior|spa|2\n|move|p2a: Tyranitar|Dragon Dance|p2a: Tyranitar\n|-boost|p2a: Tyranitar|atk|1\n|-boost|p2a: Tyranitar|spe|1\n|move|p1b: Gyarados|Dragon Dance|p1b: Gyarados\n|-boost|p1b: Gyarados|atk|1\n|-boost|p1b: Gyarados|spe|1\n|\n|-weather|Sandstorm|[upkeep]\n|-damage|p1a: Serperior|53/100|[from] Sandstorm\n|-damage|p1b: Gyarados|95/100|[from] Sandstorm\n|upkeep\n|turn|2\n|\n|t:|1776550852\n|move|p2b: Excadrill|Rock Slide|p1a: Serperior|[spread] p1a,p1b\n|-supereffective|p1b: Gyarados|1\n|-damage|p1a: Serperior|34/100\n|-damage|p1b: Gyarados|63/100\n|move|p2a: Tyranitar|Rock Slide|p1a: Serperior|[spread] p1a,p1b\n|-supereffective|p1b: Gyarados|1\n|-damage|p1a: Serperior|4/100\n|-damage|p1b: Gyarados|11/100\n|move|p1a: Serperior|Giga Drain|p2a: Tyranitar\n|-supereffective|p2a: Tyranitar|1\n|-damage|p2a: Tyranitar|0 fnt\n|-heal|p1a: Serperior|36/100|[from] drain|[of] p2a: Tyranitar\n|faint|p2a: Tyranitar\n|cant|p1b: Gyarados|flinch\n|\n|-weather|Sandstorm|[upkeep]\n|-damage|p1a: Serperior|30/100|[from] Sandstorm\n|-damage|p1b: Gyarados|5/100|[from] Sandstorm\n|upkeep\n|\n|t:|1776550863\n|switch|p2a: Greninja|Greninja, L50, F|100/100\n|turn|3\n|\n|t:|1776550886\n|move|p2b: Excadrill|Rock Slide|p1b: Gyarados|[spread] p1a,p1b\n|-supereffective|p1b: Gyarados|1\n|-damage|p1a: Serperior|13/100\n|-damage|p1b: Gyarados|0 fnt\n|faint|p1b: Gyarados\n|move|p2a: Greninja|Weather Ball|p1a: Serperior\n|-start|p2a: Greninja|typechange|Rock|[from] ability: Protean\n|-damage|p1a: Serperior|0 fnt\n|faint|p1a: Serperior\n|\n|-weather|Sandstorm|[upkeep]\n|upkeep\n|\n|t:|1776550900\n|switch|p1a: Scizor|Scizor, L50, M|100/100\n|switch|p1b: Farigiraf|Farigiraf, L50, M|100/100\n|turn|4\n|\n|t:|1776550913\n|detailschange|p1a: Scizor|Scizor-Mega, L50, M\n|-mega|p1a: Scizor|Scizor|Scizorite\n|move|p1b: Farigiraf|Helping Hand|p1a: Scizor\n|-singleturn|p1a: Scizor|Helping Hand|[of] p1b: Farigiraf\n|move|p2a: Greninja|Water Shuriken||[still]\n|cant|p1b: Farigiraf|ability: Armor Tail|Water Shuriken|[of] p2a: Greninja\n|move|p1a: Scizor|Bullet Punch|p2a: Greninja\n|-supereffective|p2a: Greninja|1\n|-damage|p2a: Greninja|0 fnt\n|faint|p2a: Greninja\n|move|p2b: Excadrill|Rock Slide|p1a: Scizor|[spread] p1a,p1b\n|-damage|p1a: Scizor|90/100\n|-damage|p1b: Farigiraf|86/100\n|\n|-weather|Sandstorm|[upkeep]\n|-damage|p1b: Farigiraf|80/100|[from] Sandstorm\n|upkeep\n|\n|t:|1776550916\n|switch|p2a: Hippowdon|Hippowdon, L50, M|100/100\n|turn|5\n|\n|t:|1776550940\n|move|p1a: Scizor|Bullet Punch|p2a: Hippowdon\n|-damage|p2a: Hippowdon|72/100\n|move|p2b: Excadrill|High Horsepower|p1a: Scizor\n|-damage|p1a: Scizor|63/100\n|move|p1b: Farigiraf|Twin Beam|p2a: Hippowdon\n|-damage|p2a: Hippowdon|56/100\n|-damage|p2a: Hippowdon|42/100\n|-hitcount|p2a: Hippowdon|2\n|move|p2a: Hippowdon|High Horsepower|p1a: Scizor\n|-damage|p1a: Scizor|36/100\n|\n|-weather|none\n|-heal|p2a: Hippowdon|48/100|[from] item: Leftovers\n|upkeep\n|turn|6\n|\n|t:|1776550959\n|move|p2b: Excadrill|Swords Dance|p2b: Excadrill\n|-boost|p2b: Excadrill|atk|2\n|move|p1a: Scizor|Roost|p1a: Scizor\n|-heal|p1a: Scizor|86/100\n|-singleturn|p1a: Scizor|move: Roost\n|move|p1b: Farigiraf|Twin Beam|p2a: Hippowdon\n|-damage|p2a: Hippowdon|31/100\n|-damage|p2a: Hippowdon|15/100\n|-hitcount|p2a: Hippowdon|2\n|move|p2a: Hippowdon|Slack Off|p2a: Hippowdon\n|-heal|p2a: Hippowdon|66/100\n|\n|-heal|p2a: Hippowdon|72/100|[from] item: Leftovers\n|upkeep\n|turn|7\n|\n|t:|1776550989\n|move|p1a: Scizor|Bullet Punch|p2b: Excadrill\n|-resisted|p2b: Excadrill|1\n|-damage|p2b: Excadrill|77/100\n|move|p2b: Excadrill|High Horsepower|p1a: Scizor\n|-damage|p1a: Scizor|19/100\n|move|p1b: Farigiraf|Twin Beam|p2b: Excadrill\n|-resisted|p2b: Excadrill|1\n|-damage|p2b: Excadrill|65/100\n|-resisted|p2b: Excadrill|1\n|-damage|p2b: Excadrill|53/100\n|-hitcount|p2b: Excadrill|2\n|move|p2a: Hippowdon|Slack Off|p2a: Hippowdon\n|-heal|p2a: Hippowdon|100/100\n|\n|upkeep\n|turn|8\n|\n|t:|1776551006\n|move|p1b: Farigiraf|Helping Hand|p1a: Scizor\n|-singleturn|p1a: Scizor|Helping Hand|[of] p1b: Farigiraf\n|move|p1a: Scizor|Bullet Punch|p2b: Excadrill\n|-resisted|p2b: Excadrill|1\n|-damage|p2b: Excadrill|17/100\n|move|p2b: Excadrill|Rock Slide|p1a: Scizor|[spread] p1a,p1b\n|-damage|p1a: Scizor|0 fnt\n|-damage|p1b: Farigiraf|45/100\n|-enditem|p1b: Farigiraf|Sitrus Berry|[eat]\n|-heal|p1b: Farigiraf|70/100|[from] item: Sitrus Berry\n|faint|p1a: Scizor\n|move|p2a: Hippowdon|Rock Slide|p1b: Farigiraf\n|-damage|p1b: Farigiraf|49/100\n|\n|upkeep\n|turn|9\n|-message|Arkedge forfeited.\n|\n|win|thewxfr\n|raw|Arkedge's rating: 1107 &rarr; <strong>1077</strong><br />(-30 for losing)\n|raw|thewxfr's rating: 1039 &rarr; <strong>1080</strong><br />(+41 for winning)\n|l|\u2606Arkedge\n|player|p1|\n",
  "uploadtime": 1776551022,
  "views": 12,
  "formatid": "gen9championsvgc2026regma",
  "rating": 1077,
  "private": 0,
  "password": null
}