{
  "id": "gen9championsvgc2026regma-2587614807",
  "format": "[Gen 9 Champions] VGC 2026 Reg M-A",
  "players": [
    "dawod",
    "Sliggoofan51"
  ],
  "log": "|j|\u2606dawod\n|j|\u2606Sliggoofan51\n|t:|1776547142\n|gametype|doubles\n|player|p1|dawod|crasherwake|1160\n|player|p2|Sliggoofan51|lucas-gen4pt|1097\n|gen|9\n|tier|[Gen 9 Champions] VGC 2026 Reg M-A\n|rated|\n|rule|Species Clause: Limit one of each Pok\u00e9mon\n|rule|Item Clause: Limit 1 of each item\n|clearpoke\n|poke|p1|Tyranitar, L50, M|\n|poke|p1|Garchomp, L50, M|\n|poke|p1|Corviknight, L50, F|\n|poke|p1|Sneasler, L50, M|\n|poke|p1|Rotom-Wash, L50|\n|poke|p1|Sinistcha, L50|\n|poke|p2|Volcarona, L50, F|\n|poke|p2|Gengar, L50, M|\n|poke|p2|Ninetales-Alola, L50, F|\n|poke|p2|Sneasler, L50, F|\n|poke|p2|Basculegion, L50, M|\n|poke|p2|Hydreigon, L50, M|\n|teampreview|4\n|\n|t:|1776547167\n|teamsize|p1|4\n|teamsize|p2|4\n|start\n|switch|p1a: Corviknight|Corviknight, L50, F|100/100\n|switch|p1b: Sneasler|Sneasler, L50, M|100/100\n|switch|p2a: Gengar|Gengar, L50, M|100/100\n|switch|p2b: Sneasler|Sneasler, L50, F|100/100\n|turn|1\n|\n|t:|1776547183\n|detailschange|p2a: Gengar|Gengar-Mega, L50, M\n|-mega|p2a: Gengar|Gengar|Gengarite\n|move|p2a: Gengar|Protect|p2a: Gengar\n|-singleturn|p2a: Gengar|Protect\n|move|p2b: Sneasler|Protect|p2b: Sneasler\n|-singleturn|p2b: Sneasler|Protect\n|move|p1b: Sneasler|Throat Chop|p2a: Gengar\n|-activate|p2a: Gengar|move: Protect\n|move|p1a: Corviknight|Tailwind|p1a: Corviknight\n|-sidestart|p1: dawod|move: Tailwind\n|\n|upkeep\n|turn|2\n|\n|t:|1776547215\n|move|p1b: Sneasler|Close Combat|p2b: Sneasler\n|-resisted|p2b: Sneasler|1\n|-damage|p2b: Sneasler|55/100\n|-unboost|p1b: Sneasler|def|1\n|-unboost|p1b: Sneasler|spd|1\n|-enditem|p1b: Sneasler|White Herb\n|-clearnegativeboost|p1b: Sneasler|[silent]\n|move|p1a: Corviknight|Brave Bird|p2b: Sneasler\n|-supereffective|p2b: Sneasler|1\n|-damage|p2b: Sneasler|0 fnt\n|faint|p2b: Sneasler\n|-damage|p1a: Corviknight|85/100|[from] Recoil\n|move|p2a: Gengar|Shadow Ball|p1b: Sneasler\n|-damage|p1b: Sneasler|46/100\n|-unboost|p1b: Sneasler|spd|1\n|\n|upkeep\n|\n|t:|1776547230\n|switch|p2b: Volcarona|Volcarona, L50, F|100/100\n|turn|3\n|\n|t:|1776547252\n|move|p2b: Volcarona|Protect|p2b: Volcarona\n|-singleturn|p2b: Volcarona|Protect\n|move|p1b: Sneasler|Throat Chop|p2a: Gengar\n|-supereffective|p2a: Gengar|1\n|-damage|p2a: Gengar|35/100\n|-start|p2a: Gengar|Throat Chop|[silent]\n|move|p1a: Corviknight|Brave Bird|p2b: Volcarona\n|-activate|p2b: Volcarona|move: Protect\n|move|p2a: Gengar|Shadow Ball|p1b: Sneasler\n|-damage|p1b: Sneasler|0 fnt\n|faint|p1b: Sneasler\n|\n|upkeep\n|\n|t:|1776547260\n|switch|p1b: Garchomp|Garchomp, L50, M|100/100\n|turn|4\n|\n|t:|1776547294\n|move|p2a: Gengar|Protect|p2a: Gengar\n|-singleturn|p2a: Gengar|Protect\n|move|p1b: Garchomp|Earthquake|p2a: Gengar|[spread] p2b\n|-activate|p2a: Gengar|move: Protect\n|-immune|p1a: Corviknight\n|-crit|p2b: Volcarona\n|-damage|p2b: Volcarona|30/100\n|move|p1a: Corviknight|Brave Bird|p2b: Volcarona\n|-supereffective|p2b: Volcarona|1\n|-damage|p2b: Volcarona|0 fnt\n|faint|p2b: Volcarona\n|-damage|p1a: Corviknight|75/100|[from] Recoil\n|\n|-end|p2a: Gengar|Throat Chop|[silent]\n|-sideend|p1: dawod|move: Tailwind\n|upkeep\n|\n|t:|1776547299\n|switch|p2b: Basculegion|Basculegion, L50, M|100/100\n|turn|5\n|inactive|Battle timer is ON: inactive players will automatically lose when time's up. (requested by dawod)\n|\n|t:|1776547330\n|move|p1b: Garchomp|Earthquake|p2b: Basculegion|[spread] p2a,p2b\n|-immune|p1a: Corviknight\n|-supereffective|p2a: Gengar|1\n|-damage|p2a: Gengar|0 fnt\n|-damage|p2b: Basculegion|47/100\n|faint|p2a: Gengar\n|move|p2b: Basculegion|Last Respects|p1a: Corviknight\n|-damage|p1a: Corviknight|0 fnt\n|faint|p1a: Corviknight\n|\n|upkeep\n|-message|Sliggoofan51 forfeited.\n|\n|win|dawod\n|raw|dawod's rating: 1160 &rarr; <strong>1181</strong><br />(+21 for winning)\n|raw|Sliggoofan51's rating: 1097 &rarr; <strong>1077</strong><br />(-20 for losing)\n|l|\u2606Sliggoofan51\n|player|p2|\n",
  "uploadtime": 1776547341,
  "views": 12,
  "formatid": "gen9championsvgc2026regma",
  "rating": 1077,
  "private": 0,
  "password": null
}