{
  "id": "gen9championsvgc2026regma-2581017613",
  "format": "[Gen 9 Champions] VGC 2026 Reg M-A",
  "players": [
    "cartaguito21",
    "OTvoid"
  ],
  "log": "|j|\u2606cartaguito21\n|j|\u203dOTvoid\n|t:|1775952121\n|gametype|doubles\n|player|p1|cartaguito21|101|1131\n|player|p2|OTvoid|265|1214\n|gen|9\n|tier|[Gen 9 Champions] VGC 2026 Reg M-A\n|rated|\n|rule|Species Clause: Limit one of each Pok\u00e9mon\n|rule|Item Clause: Limit 1 of each item\n|clearpoke\n|poke|p1|Glimmora, L50, F|\n|poke|p1|Incineroar, L50, M|\n|poke|p1|Garchomp, L50, M|\n|poke|p1|Gyarados, L50, F|\n|poke|p1|Whimsicott, L50, M|\n|poke|p1|Aegislash, L50, M|\n|poke|p2|Charizard, L50, F|\n|poke|p2|Venusaur, L50, F|\n|poke|p2|Garchomp, L50, M|\n|poke|p2|Incineroar, L50, M|\n|poke|p2|Maushold-Four, L50|\n|poke|p2|Rotom-Wash, L50|\n|teampreview|4\n|inactive|Battle timer is ON: inactive players will automatically lose when time's up. (requested by OTvoid)\n|\n|t:|1775952144\n|teamsize|p1|4\n|teamsize|p2|4\n|start\n|switch|p1a: Whimsicott|Whimsicott, L50, M|100/100\n|switch|p1b: Glimmora|Glimmora, L50, F|100/100\n|switch|p2a: Garchomp|Garchomp, L50, M|100/100\n|switch|p2b: Charizard|Charizard, L50, F|100/100\n|turn|1\n|\n|t:|1775952160\n|detailschange|p2b: Charizard|Charizard-Mega-Y, L50, F\n|-mega|p2b: Charizard|Charizard|Charizardite Y\n|-weather|SunnyDay|[from] ability: Drought|[of] p2b: Charizard\n|move|p1a: Whimsicott|Protect|p1a: Whimsicott\n|-singleturn|p1a: Whimsicott|Protect\n|move|p2b: Charizard|Protect|p2b: Charizard\n|-singleturn|p2b: Charizard|Protect\n|move|p1b: Glimmora|Spiky Shield|p1b: Glimmora\n|-singleturn|p1b: Glimmora|move: Protect\n|move|p2a: Garchomp|Earthquake|p1a: Whimsicott|[spread] \n|-activate|p2b: Charizard|move: Protect\n|-activate|p1a: Whimsicott|move: Protect\n|-activate|p1b: Glimmora|move: Protect\n|\n|-weather|SunnyDay|[upkeep]\n|upkeep\n|turn|2\n|inactive|OTvoid has 30 seconds left.\n|\n|t:|1775952188\n|switch|p2b: Maushold|Maushold-Four, L50|100/100\n|switch|p1b: Incineroar|Incineroar, L50, M|100/100\n|-ability|p1b: Incineroar|Intimidate|boost\n|-unboost|p2a: Garchomp|atk|1\n|-unboost|p2b: Maushold|atk|1\n|move|p1a: Whimsicott|Encore||[still]\n|-fail|p1a: Whimsicott\n|move|p2a: Garchomp|Earthquake|p1a: Whimsicott|[spread] p2b,p1a,p1b\n|-resisted|p1a: Whimsicott|1\n|-supereffective|p1b: Incineroar|1\n|-damage|p2b: Maushold|63/100\n|-damage|p1a: Whimsicott|78/100\n|-damage|p1b: Incineroar|47/100\n|-enditem|p1b: Incineroar|Sitrus Berry|[eat]\n|-heal|p1b: Incineroar|72/100|[from] item: Sitrus Berry\n|\n|-weather|SunnyDay|[upkeep]\n|upkeep\n|turn|3\n|\n|t:|1775952205\n|switch|p2b: Charizard|Charizard-Mega-Y, L50, F|100/100\n|move|p1a: Whimsicott|Tailwind|p1a: Whimsicott\n|-sidestart|p1: cartaguito21|move: Tailwind\n|move|p2a: Garchomp|Earthquake|p1a: Whimsicott|[spread] p1a,p1b\n|-immune|p2b: Charizard\n|-resisted|p1a: Whimsicott|1\n|-crit|p1a: Whimsicott\n|-supereffective|p1b: Incineroar|1\n|-damage|p1a: Whimsicott|30/100\n|-damage|p1b: Incineroar|21/100\n|move|p1b: Incineroar|Parting Shot|p2a: Garchomp\n|-unboost|p2a: Garchomp|atk|1\n|-unboost|p2a: Garchomp|spa|1\n|\n|t:|1775952219\n|switch|p1b: Glimmora|Glimmora, L50, F|100/100|[from] Parting Shot\n|\n|-weather|SunnyDay|[upkeep]\n|upkeep\n|turn|4\n|\n|t:|1775952234\n|detailschange|p1b: Glimmora|Glimmora-Mega, L50, F\n|-mega|p1b: Glimmora|Glimmora|Glimmoranite\n|move|p2b: Charizard|Protect|p2b: Charizard\n|-singleturn|p2b: Charizard|Protect\n|move|p1a: Whimsicott|Moonblast|p2a: Garchomp\n|-supereffective|p2a: Garchomp|1\n|-damage|p2a: Garchomp|19/100\n|move|p1b: Glimmora|Power Gem|p2a: Garchomp\n|-resisted|p2a: Garchomp|1\n|-damage|p2a: Garchomp|0 fnt\n|faint|p2a: Garchomp\n|\n|-weather|SunnyDay|[upkeep]\n|upkeep\n|\n|t:|1775952245\n|switch|p2a: Maushold|Maushold-Four, L50|63/100\n|turn|5\n|\n|t:|1775952258\n|move|p2a: Maushold|Follow Me|p2a: Maushold\n|-singleturn|p2a: Maushold|move: Follow Me\n|move|p1a: Whimsicott|Moonblast|p2a: Maushold\n|-damage|p2a: Maushold|21/100\n|-enditem|p2a: Maushold|Sitrus Berry|[eat]\n|-heal|p2a: Maushold|46/100|[from] item: Sitrus Berry\n|move|p1b: Glimmora|Power Gem|p2a: Maushold\n|-crit|p2a: Maushold\n|-damage|p2a: Maushold|0 fnt\n|faint|p2a: Maushold\n|move|p2b: Charizard|Heat Wave|p1a: Whimsicott|[spread] p1a,p1b\n|-supereffective|p1a: Whimsicott|1\n|-resisted|p1b: Glimmora|1\n|-damage|p1a: Whimsicott|0 fnt\n|-damage|p1b: Glimmora|62/100\n|faint|p1a: Whimsicott\n|\n|-weather|none\n|upkeep\n|\n|t:|1775952272\n|switch|p1a: Incineroar|Incineroar, L50, M|21/100\n|switch|p2a: Incineroar|Incineroar, L50, M|100/100\n|-ability|p1a: Incineroar|Intimidate|boost\n|-unboost|p2a: Incineroar|atk|1\n|-unboost|p2b: Charizard|atk|1\n|-ability|p2a: Incineroar|Intimidate|boost\n|-unboost|p1a: Incineroar|atk|1\n|-unboost|p1b: Glimmora|atk|1\n|turn|6\n|\n|t:|1775952281\n|move|p1a: Incineroar|Fake Out|p2a: Incineroar\n|-damage|p2a: Incineroar|94/100\n|cant|p2a: Incineroar|flinch\n|move|p1b: Glimmora|Power Gem|p2b: Charizard\n|-supereffective|p2b: Charizard|2\n|-damage|p2b: Charizard|0 fnt\n|faint|p2b: Charizard\n|\n|-sideend|p1: cartaguito21|move: Tailwind\n|upkeep\n|turn|7\n|-message|OTvoid forfeited.\n|\n|win|cartaguito21\n|raw|cartaguito21's rating: 1131 &rarr; <strong>1162</strong><br />(+31 for winning)\n|raw|OTvoid's rating: 1214 &rarr; <strong>1183</strong><br />(-31 for losing)\n|l|\u203dOTvoid\n|player|p2|\n",
  "uploadtime": 1775952309,
  "views": 14,
  "formatid": "gen9championsvgc2026regma",
  "rating": 1162,
  "private": 0,
  "password": null
}