{
  "id": "gen9championsvgc2026regma-2586451426",
  "format": "[Gen 9 Champions] VGC 2026 Reg M-A",
  "players": [
    "Ongalabong",
    "Finexcer"
  ],
  "log": "|j|\u2606Ongalabong\n|j|\u2606Finexcer\n|t:|1776435599\n|gametype|doubles\n|player|p1|Ongalabong|benga|1390\n|player|p2|Finexcer|169|1340\n|gen|9\n|tier|[Gen 9 Champions] VGC 2026 Reg M-A\n|rated|\n|rule|Species Clause: Limit one of each Pok\u00e9mon\n|rule|Item Clause: Limit 1 of each item\n|clearpoke\n|poke|p1|Crabominable, L50, M|\n|poke|p1|Farigiraf, L50, F|\n|poke|p1|Incineroar, L50, M|\n|poke|p1|Venusaur, L50, M|\n|poke|p1|Basculegion, L50, M|\n|poke|p1|Ninetales-Alola, L50, M|\n|poke|p2|Gengar, L50, M|\n|poke|p2|Milotic, L50, M|\n|poke|p2|Meowscarada, L50, F|\n|poke|p2|Scizor, L50, M|\n|poke|p2|Farigiraf, L50, M|\n|poke|p2|Lucario, L50, F|\n|teampreview|4\n|inactive|Battle timer is ON: inactive players will automatically lose when time's up. (requested by Ongalabong)\n|\n|t:|1776435638\n|teamsize|p1|4\n|teamsize|p2|4\n|start\n|switch|p1a: Venusaur|Venusaur, L50, M|100/100\n|switch|p1b: Ninetales|Ninetales-Alola, L50, M|100/100\n|switch|p2a: Lucario|Lucario, L50, F|100/100\n|switch|p2b: Farigiraf|Farigiraf, L50, M|100/100\n|-weather|Snowscape|[from] ability: Snow Warning|[of] p1b: Ninetales\n|turn|1\n|inactive|Finexcer has 30 seconds left.\n|\n|t:|1776435672\n|detailschange|p2a: Lucario|Lucario-Mega, L50, F\n|-mega|p2a: Lucario|Lucario|Lucarionite\n|detailschange|p1a: Venusaur|Venusaur-Mega, L50, M\n|-mega|p1a: Venusaur|Venusaur|Venusaurite\n|move|p1b: Ninetales|Aurora Veil|p1b: Ninetales\n|-sidestart|p1: Ongalabong|move: Aurora Veil\n|move|p2a: Lucario|Flash Cannon|p1b: Ninetales\n|-supereffective|p1b: Ninetales|2\n|-enditem|p1b: Ninetales|Focus Sash\n|-damage|p1b: Ninetales|1/100\n|-unboost|p1b: Ninetales|spd|1\n|move|p1a: Venusaur|Leech Seed|p2a: Lucario\n|-start|p2a: Lucario|move: Leech Seed\n|move|p2b: Farigiraf|Imprison|p2b: Farigiraf\n|-start|p2b: Farigiraf|move: Imprison\n|\n|-weather|Snowscape|[upkeep]\n|-damage|p2a: Lucario|88/100|[from] Leech Seed|[of] p1a: Venusaur\n|upkeep\n|turn|2\n|\n|t:|1776435694\n|switch|p1b: Incineroar|Incineroar, L50, M|100/100\n|-ability|p1b: Incineroar|Intimidate|boost\n|-unboost|p2a: Lucario|atk|1\n|-unboost|p2b: Farigiraf|atk|1\n|move|p2a: Lucario|Nasty Plot|p2a: Lucario\n|-boost|p2a: Lucario|spa|2\n|move|p1a: Venusaur|Leech Seed|p2b: Farigiraf\n|-start|p2b: Farigiraf|move: Leech Seed\n|move|p2b: Farigiraf|Hyper Voice|p1b: Incineroar|[spread] p1a,p1b\n|-damage|p1a: Venusaur|84/100\n|-damage|p1b: Incineroar|84/100\n|\n|-weather|Snowscape|[upkeep]\n|-damage|p2a: Lucario|76/100|[from] Leech Seed|[of] p1a: Venusaur\n|-heal|p1a: Venusaur|94/100|[silent]\n|-damage|p2b: Farigiraf|88/100|[from] Leech Seed|[of] p1a: Venusaur\n|-heal|p1a: Venusaur|100/100|[silent]\n|upkeep\n|turn|3\n|\n|t:|1776435710\n|move|p2a: Lucario|Aura Sphere|p1b: Incineroar\n|-supereffective|p1b: Incineroar|1\n|-damage|p1b: Incineroar|0 fnt\n|faint|p1b: Incineroar\n|move|p1a: Venusaur|Earth Power|p2a: Lucario\n|-supereffective|p2a: Lucario|1\n|-damage|p2a: Lucario|0 fnt\n|faint|p2a: Lucario\n|move|p2b: Farigiraf|Hyper Voice|p1a: Venusaur\n|-damage|p1a: Venusaur|76/100\n|\n|-weather|Snowscape|[upkeep]\n|-damage|p2b: Farigiraf|76/100|[from] Leech Seed|[of] p1a: Venusaur\n|-heal|p1a: Venusaur|90/100|[silent]\n|upkeep\n|\n|t:|1776435717\n|switch|p2a: Maomao|Meowscarada, L50, F|100/100\n|switch|p1b: Basculegion|Basculegion, L50, M|100/100\n|turn|4\n|\n|t:|1776435732\n|move|p2b: Farigiraf|Protect|p2b: Farigiraf\n|-singleturn|p2b: Farigiraf|Protect\n|move|p2a: Maomao|Triple Axel|p1a: Venusaur\n|-start|p2a: Maomao|typechange|Ice|[from] ability: Protean\n|-supereffective|p1a: Venusaur|1\n|-damage|p1a: Venusaur|85/100\n|-hitcount|p1a: Venusaur|1\n|move|p1b: Basculegion|Flip Turn|p2b: Farigiraf\n|-activate|p2b: Farigiraf|move: Protect\n|move|p1a: Venusaur|Sludge Bomb|p2a: Maomao\n|-damage|p2a: Maomao|39/100\n|-status|p2a: Maomao|psn\n|\n|-weather|Snowscape|[upkeep]\n|-damage|p2b: Farigiraf|64/100|[from] Leech Seed|[of] p1a: Venusaur\n|-heal|p1a: Venusaur|99/100|[silent]\n|-damage|p2a: Maomao|27/100 psn|[from] psn\n|upkeep\n|turn|5\n|inactive|Ongalabong has 30 seconds left.\n|inactive|Finexcer has 30 seconds left.\n|\n|t:|1776435761\n|switch|p2b: Milotic|Milotic, L50, M|100/100\n|move|p2a: Maomao|Triple Axel|p1a: Venusaur\n|-supereffective|p1a: Venusaur|1\n|-damage|p1a: Venusaur|94/100\n|-supereffective|p1a: Venusaur|1\n|-damage|p1a: Venusaur|83/100\n|-supereffective|p1a: Venusaur|1\n|-damage|p1a: Venusaur|68/100\n|-hitcount|p1a: Venusaur|3\n|move|p1b: Basculegion|Flip Turn|p2a: Maomao\n|-damage|p2a: Maomao|0 fnt\n|faint|p2a: Maomao\n|\n|t:|1776435771\n|switch|p1b: Ninetales|Ninetales-Alola, L50, M|1/100|[from] Flip Turn\n|move|p1a: Venusaur|Sludge Bomb|p2b: Milotic\n|-damage|p2b: Milotic|65/100\n|\n|-weather|none\n|-sideend|p1: Ongalabong|move: Aurora Veil\n|upkeep\n|\n|t:|1776435774\n|switch|p2a: Farigiraf|Farigiraf, L50, M|64/100\n|turn|6\n|\n|t:|1776435788\n|switch|p1b: Basculegion|Basculegion, L50, M|100/100\n|move|p2b: Milotic|Protect|p2b: Milotic\n|-singleturn|p2b: Milotic|Protect\n|move|p1a: Venusaur|Sludge Bomb|p2a: Farigiraf\n|-damage|p2a: Farigiraf|15/100\n|move|p2a: Farigiraf|Hyper Voice|p1b: Basculegion|[spread] p1a\n|-immune|p1b: Basculegion\n|-damage|p1a: Venusaur|39/100\n|\n|upkeep\n|turn|7\n|\n|t:|1776435812\n|move|p2a: Farigiraf|Protect|p2a: Farigiraf\n|-singleturn|p2a: Farigiraf|Protect\n|move|p1b: Basculegion|Flip Turn|p2a: Farigiraf\n|-activate|p2a: Farigiraf|move: Protect\n|move|p2b: Milotic|Muddy Water|p1a: Venusaur|[spread] p1a\n|-miss|p2b: Milotic|p1b: Basculegion\n|-resisted|p1a: Venusaur|1\n|-damage|p1a: Venusaur|28/100\n|move|p1a: Venusaur|Leech Seed|p2b: Milotic\n|-start|p2b: Milotic|move: Leech Seed\n|\n|-damage|p2b: Milotic|53/100|[from] Leech Seed|[of] p1a: Venusaur\n|-heal|p1a: Venusaur|39/100|[silent]\n|upkeep\n|turn|8\n|\n|t:|1776435830\n|move|p1b: Basculegion|Flip Turn|p2a: Farigiraf\n|-damage|p2a: Farigiraf|0 fnt\n|faint|p2a: Farigiraf\n|l|\u2606Finexcer\n|inactive|Finexcer disconnected and has a minute to reconnect!\n|player|p2|\n|j|\u2606Finexcer\n|inactive|Finexcer reconnected.\n|player|p2|Finexcer|169|\n|\n|t:|1776435844\n|switch|p1b: Ninetales|Ninetales-Alola, L50, M|1/100|[from] Flip Turn\n|-weather|Snowscape|[from] ability: Snow Warning|[of] p1b: Ninetales\n|move|p2b: Milotic|Icy Wind|p1a: Venusaur|[spread] p1a,p1b\n|-supereffective|p1a: Venusaur|1\n|-resisted|p1b: Ninetales|1\n|-damage|p1a: Venusaur|29/100\n|-damage|p1b: Ninetales|0 fnt\n|-unboost|p1a: Venusaur|spe|1\n|faint|p1b: Ninetales\n|move|p1a: Venusaur|Sludge Bomb|p2b: Milotic\n|-damage|p2b: Milotic|15/100\n|\n|-weather|Snowscape|[upkeep]\n|-damage|p2b: Milotic|3/100|[from] Leech Seed|[of] p1a: Venusaur\n|-heal|p1a: Venusaur|41/100|[silent]\n|upkeep\n|\n|t:|1776435845\n|switch|p1b: Basculegion|Basculegion, L50, M|100/100\n|turn|9\n|inactive|Finexcer has 30 seconds left.\n|\n|t:|1776435874\n|move|p1a: Venusaur|Protect|p1a: Venusaur\n|-singleturn|p1a: Venusaur|Protect\n|move|p1b: Basculegion|Aqua Jet|p1a: Venusaur\n|-activate|p1a: Venusaur|move: Protect\n|move|p2b: Milotic|Icy Wind|p1b: Basculegion|[spread] p1b\n|-activate|p1a: Venusaur|move: Protect\n|-resisted|p1b: Basculegion|1\n|-damage|p1b: Basculegion|94/100\n|-unboost|p1b: Basculegion|spe|1\n|\n|-weather|Snowscape|[upkeep]\n|-damage|p2b: Milotic|0 fnt|[from] Leech Seed|[of] p1a: Venusaur\n|-heal|p1a: Venusaur|43/100|[silent]\n|faint|p2b: Milotic\n|\n|win|Ongalabong\n|raw|Ongalabong's rating: 1390 &rarr; <strong>1407</strong><br />(+17 for winning)\n|raw|Finexcer's rating: 1340 &rarr; <strong>1323</strong><br />(-17 for losing)\n",
  "uploadtime": 1776435904,
  "views": 38,
  "formatid": "gen9championsvgc2026regma",
  "rating": 1323,
  "private": 0,
  "password": null
}