{
  "id": "gen9championsvgc2026regma-2581290612",
  "format": "[Gen 9 Champions] VGC 2026 Reg M-A",
  "players": [
    "Adricrack2090",
    "willkeeper"
  ],
  "log": "|j|\u2606Adricrack2090\n|j|\u2606willkeeper\n|t:|1775982084\n|gametype|doubles\n|player|p1|Adricrack2090|bruno|1403\n|player|p2|willkeeper|yellow|1445\n|gen|9\n|tier|[Gen 9 Champions] VGC 2026 Reg M-A\n|rated|\n|rule|Species Clause: Limit one of each Pok\u00e9mon\n|rule|Item Clause: Limit 1 of each item\n|clearpoke\n|poke|p1|Charizard, L50, F|\n|poke|p1|Kingambit, L50, F|\n|poke|p1|Maushold-Four, L50|\n|poke|p1|Sneasler, L50, M|\n|poke|p1|Dragapult, L50, F|\n|poke|p1|Garchomp, L50, F|\n|poke|p2|Charizard, L50, F|\n|poke|p2|Venusaur, L50, M|\n|poke|p2|Sneasler, L50, M|\n|poke|p2|Basculegion, L50, M|\n|poke|p2|Garchomp, L50, M|\n|poke|p2|Incineroar, L50, F|\n|teampreview|4\n|inactive|Battle timer is ON: inactive players will automatically lose when time's up. (requested by willkeeper)\n|\n|t:|1775982104\n|teamsize|p1|4\n|teamsize|p2|4\n|start\n|switch|p1a: Sneasler|Sneasler, L50, M|100/100\n|switch|p1b: Garchomp|Garchomp, L50, F|100/100\n|switch|p2a: Venusaur|Venusaur, L50, M|100/100\n|switch|p2b: Charizard|Charizard, L50, F, shiny|100/100\n|turn|1\n|j| gE1xjZRtuhW2DdT0AK\n|inactive|willkeeper has 30 seconds left.\n|\n|t:|1775982136\n|switch|p2a: Basculegion|Basculegion, L50, M|100/100\n|move|p2b: Charizard|Protect|p2b: Charizard\n|-singleturn|p2b: Charizard|Protect\n|move|p1a: Sneasler|Fake Out|p2a: Basculegion\n|-immune|p2a: Basculegion\n|move|p1b: Garchomp|Stone Edge|p2b: Charizard\n|-activate|p2b: Charizard|move: Protect\n|\n|upkeep\n|turn|2\n|j| Avatar Kony\n|\n|t:|1775982149\n|switch|p1a: Kingambit|Kingambit, L50, F|100/100\n|switch|p2b: Garchomp|Garchomp, L50, M|100/100\n|move|p1b: Garchomp|Stone Edge|p2b: Garchomp\n|-resisted|p2b: Garchomp|1\n|-damage|p2b: Garchomp|84/100\n|move|p2a: Basculegion|Wave Crash|p1b: Garchomp\n|-damage|p1b: Garchomp|25/100\n|-damage|p2a: Basculegion|88/100|[from] ability: Rough Skin|[of] p1b: Garchomp\n|-damage|p2a: Basculegion|64/100|[from] Recoil\n|\n|upkeep\n|turn|3\n|inactive|Adricrack2090 has 30 seconds left.\n|\n|t:|1775982179\n|switch|p1b: Charizard|Charizard, L50, F|100/100\n|move|p1a: Kingambit|Sucker Punch|p2a: Basculegion\n|-supereffective|p2a: Basculegion|1\n|-damage|p2a: Basculegion|0 fnt\n|faint|p2a: Basculegion\n|move|p2b: Garchomp|Earthquake|p1b: Charizard|[spread] p1a\n|-immune|p1b: Charizard\n|-supereffective|p1a: Kingambit|1\n|-damage|p1a: Kingambit|42/100\n|\n|upkeep\n|\n|t:|1775982194\n|switch|p2a: Venusaur|Venusaur, L50, M|100/100\n|turn|4\n|\n|t:|1775982204\n|move|p1a: Kingambit|Protect|p1a: Kingambit\n|-singleturn|p1a: Kingambit|Protect\n|move|p2b: Garchomp|Rock Slide|p1a: Kingambit|[spread] p1b\n|-activate|p1a: Kingambit|move: Protect\n|-supereffective|p1b: Charizard|2\n|-damage|p1b: Charizard|9/100\n|cant|p1b: Charizard|flinch\n|move|p2a: Venusaur|Sleep Powder|p1a: Kingambit\n|-activate|p1a: Kingambit|move: Protect\n|\n|upkeep\n|turn|5\n|inactive|Adricrack2090 has 30 seconds left.\n|\n|t:|1775982231\n|switch|p1b: Sneasler|Sneasler, L50, M|100/100\n|move|p1a: Kingambit|Sucker Punch|p2b: Garchomp\n|-damage|p2b: Garchomp|40/100\n|-damage|p1a: Kingambit|30/100|[from] ability: Rough Skin|[of] p2b: Garchomp\n|move|p2b: Garchomp|Dragon Claw|p1b: Sneasler\n|-damage|p1b: Sneasler|28/100\n|move|p2a: Venusaur|Earth Power|p1a: Kingambit\n|-supereffective|p1a: Kingambit|1\n|-damage|p1a: Kingambit|0 fnt\n|faint|p1a: Kingambit\n|\n|upkeep\n|\n|t:|1775982249\n|switch|p1a: Charizard|Charizard, L50, F|9/100\n|turn|6\n|\n|t:|1775982262\n|switch|p2a: Charizard|Charizard, L50, F, shiny|100/100\n|move|p2b: Garchomp|Protect|p2b: Garchomp\n|-singleturn|p2b: Garchomp|Protect\n|move|p1b: Sneasler|Fake Out|p2b: Garchomp\n|-activate|p2b: Garchomp|move: Protect\n|move|p1a: Charizard|Overheat|p2a: Charizard\n|-resisted|p2a: Charizard|1\n|-damage|p2a: Charizard|63/100\n|-unboost|p1a: Charizard|spa|2\n|\n|upkeep\n|turn|7\n|\n|t:|1775982273\n|switch|p1a: Garchomp|Garchomp, L50, F|25/100\n|detailschange|p2a: Charizard|Charizard-Mega-Y, L50, F, shiny\n|-mega|p2a: Charizard|Charizard|Charizardite Y\n|-weather|SunnyDay|[from] ability: Drought|[of] p2a: Charizard\n|move|p2a: Charizard|Protect|p2a: Charizard\n|-singleturn|p2a: Charizard|Protect\n|move|p1b: Sneasler|Close Combat|p2b: Garchomp\n|-damage|p2b: Garchomp|0 fnt\n|-unboost|p1b: Sneasler|def|1\n|-unboost|p1b: Sneasler|spd|1\n|-damage|p1b: Sneasler|16/100|[from] ability: Rough Skin|[of] p2b: Garchomp\n|faint|p2b: Garchomp\n|\n|-weather|SunnyDay|[upkeep]\n|upkeep\n|\n|t:|1775982283\n|switch|p2b: Venusaur|Venusaur, L50, M|100/100\n|turn|8\n|\n|t:|1775982296\n|switch|p1b: Charizard|Charizard, L50, F|9/100\n|move|p2b: Venusaur|Sludge Bomb|p1b: Charizard\n|-damage|p1b: Charizard|0 fnt\n|faint|p1b: Charizard\n|move|p1a: Garchomp|Rock Slide|p2a: Charizard|[spread] p2a,p2b\n|-supereffective|p2a: Charizard|2\n|-damage|p2a: Charizard|0 fnt\n|-damage|p2b: Venusaur|75/100\n|faint|p2a: Charizard\n|\n|-weather|SunnyDay|[upkeep]\n|upkeep\n|\n|t:|1775982304\n|switch|p1b: Sneasler|Sneasler, L50, M|16/100\n|turn|9\n|\n|t:|1775982310\n|move|p1b: Sneasler|Fake Out|p2b: Venusaur\n|-damage|p2b: Venusaur|57/100\n|cant|p2b: Venusaur|flinch\n|move|p1a: Garchomp|Rock Slide|p2b: Venusaur|[miss]\n|-miss|p1a: Garchomp|p2b: Venusaur\n|\n|-weather|SunnyDay|[upkeep]\n|upkeep\n|turn|10\n|\n|t:|1775982325\n|move|p2b: Venusaur|Sludge Bomb|p1b: Sneasler\n|-resisted|p1b: Sneasler|1\n|-damage|p1b: Sneasler|0 fnt\n|faint|p1b: Sneasler\n|move|p1a: Garchomp|Rock Slide|p2b: Venusaur\n|-damage|p2b: Venusaur|18/100\n|\n|-weather|SunnyDay|[upkeep]\n|upkeep\n|turn|11\n|\n|t:|1775982333\n|move|p2b: Venusaur|Energy Ball|p1a: Garchomp\n|-damage|p1a: Garchomp|0 fnt\n|faint|p1a: Garchomp\n|\n|win|willkeeper\n|raw|Adricrack2090's rating: 1403 &rarr; <strong>1385</strong><br />(-18 for losing)\n|raw|willkeeper's rating: 1445 &rarr; <strong>1463</strong><br />(+18 for winning)\n",
  "uploadtime": 1775982337,
  "views": 61,
  "formatid": "gen9championsvgc2026regma",
  "rating": 1385,
  "private": 0,
  "password": null
}