{
  "id": "gen9championsvgc2026regma-2582952167",
  "format": "[Gen 9 Champions] VGC 2026 Reg M-A",
  "players": [
    "cduke.vgc",
    "underlinegui"
  ],
  "log": "|j|\u2606cduke.vgc\n|j|\u2606underlinegui\n|t:|1776127915\n|gametype|doubles\n|player|p1|cduke.vgc|265|1022\n|player|p2|underlinegui|169|1011\n|gen|9\n|tier|[Gen 9 Champions] VGC 2026 Reg M-A\n|rated|\n|rule|Species Clause: Limit one of each Pok\u00e9mon\n|rule|Item Clause: Limit 1 of each item\n|clearpoke\n|poke|p1|Aerodactyl, L50, F|\n|poke|p1|Garchomp, L50, M|\n|poke|p1|Incineroar, L50, M|\n|poke|p1|Ninetales-Alola, L50, M|\n|poke|p1|Froslass, L50, F|\n|poke|p1|Sneasler, L50, F|\n|poke|p2|Orthworm, L50, F|\n|poke|p2|Dragonite, L50, M|\n|poke|p2|Starmie, L50|\n|poke|p2|Pelipper, L50, M|\n|poke|p2|Basculegion, L50, M|\n|poke|p2|Decidueye-Hisui, L50, F|\n|teampreview|4\n|inactive|Battle timer is ON: inactive players will automatically lose when time's up. (requested by underlinegui)\n|\n|t:|1776127940\n|teamsize|p1|4\n|teamsize|p2|4\n|start\n|switch|p1a: Garchomp|Garchomp, L50, M|100/100\n|switch|p1b: Aerodactyl|Aerodactyl, L50, F|100/100\n|switch|p2a: Orthworm|Orthworm, L50, F|100/100\n|switch|p2b: Decidueye|Decidueye-Hisui, L50, F|100/100\n|-ability|p1b: Aerodactyl|Unnerve\n|turn|1\n|inactive|cduke.vgc has 30 seconds left.\n|\n|t:|1776127970\n|move|p2b: Decidueye|Protect|p2b: Decidueye\n|-singleturn|p2b: Decidueye|Protect\n|move|p1a: Garchomp|Earthquake|p2a: Orthworm|[spread] \n|-activate|p2b: Decidueye|move: Protect\n|-immune|p2a: Orthworm|[from] ability: Earth Eater\n|-immune|p1b: Aerodactyl\n|move|p1b: Aerodactyl|Tailwind|p1b: Aerodactyl\n|-sidestart|p1: cduke.vgc|move: Tailwind\n|move|p2a: Orthworm|Shed Tail|p2a: Orthworm\n|-start|p2a: Orthworm|Substitute|[from] move: Shed Tail\n|-damage|p2a: Orthworm|50/100\n|\n|t:|1776127980\n|switch|p2a: Starmie|Starmie, L50|100/100|[from] Shed Tail\n|\n|upkeep\n|turn|2\n|\n|t:|1776128005\n|switch|p2b: Pelipper|Pelipper, L50, M|100/100\n|-weather|RainDance|[from] ability: Drizzle|[of] p2b: Pelipper\n|detailschange|p2a: Starmie|Starmie-Mega, L50\n|-mega|p2a: Starmie|Starmie|Starminite\n|move|p1a: Garchomp|Earthquake|p2a: Starmie|[spread] p2a\n|-immune|p1b: Aerodactyl\n|-immune|p2b: Pelipper\n|-end|p2a: Starmie|Substitute\n|move|p1b: Aerodactyl|Dual Wingbeat|p2b: Pelipper\n|-damage|p2b: Pelipper|74/100\n|-damage|p2b: Pelipper|52/100\n|-hitcount|p2b: Pelipper|2\n|move|p2a: Starmie|Liquidation|p1b: Aerodactyl\n|-supereffective|p1b: Aerodactyl|1\n|-damage|p1b: Aerodactyl|0 fnt\n|faint|p1b: Aerodactyl\n|\n|-weather|RainDance|[upkeep]\n|upkeep\n|inactive|cduke.vgc has 30 seconds left.\n|\n|t:|1776128031\n|switch|p1b: Ninetales|Ninetales-Alola, L50, M|100/100\n|-weather|Snowscape|[from] ability: Snow Warning|[of] p1b: Ninetales\n|turn|3\n|\n|t:|1776128050\n|switch|p1a: Froslass|Froslass, L50, F|100/100\n|move|p2b: Pelipper|Wide Guard|p2b: Pelipper\n|-singleturn|p2b: Pelipper|Wide Guard\n|move|p1b: Ninetales|Aurora Veil|p1b: Ninetales\n|-sidestart|p1: cduke.vgc|move: Aurora Veil\n|move|p2a: Starmie|Ice Spinner|p1a: Froslass\n|-resisted|p1a: Froslass|1\n|-damage|p1a: Froslass|83/100\n|\n|-weather|Snowscape|[upkeep]\n|upkeep\n|turn|4\n|inactive|cduke.vgc has 30 seconds left.\n|\n|t:|1776128079\n|switch|p2a: Orthworm|Orthworm, L50, F|50/100\n|-enditem|p2a: Orthworm|Sitrus Berry|[eat]\n|-heal|p2a: Orthworm|75/100|[from] item: Sitrus Berry\n|detailschange|p1a: Froslass|Froslass-Mega, L50, F\n|-mega|p1a: Froslass|Froslass|Froslassite\n|move|p2b: Pelipper|Wide Guard|p2b: Pelipper\n|-singleturn|p2b: Pelipper|Wide Guard\n|move|p1a: Froslass|Blizzard|p2b: Pelipper|[spread] \n|-activate|p2a: Orthworm|move: Wide Guard\n|-activate|p2b: Pelipper|move: Wide Guard\n|move|p1b: Ninetales|Encore|p2b: Pelipper\n|-start|p2b: Pelipper|Encore\n|\n|-weather|Snowscape|[upkeep]\n|-sideend|p1: cduke.vgc|move: Tailwind\n|upkeep\n|turn|5\n|inactive|cduke.vgc has 30 seconds left.\n|inactive|cduke.vgc has 20 seconds left.\n|inactive|cduke.vgc has 15 seconds left.\n|inactive|underlinegui has 30 seconds left.\n|\n|t:|1776128123\n|move|p2b: Pelipper|Wide Guard|p2b: Pelipper\n|-singleturn|p2b: Pelipper|Wide Guard\n|move|p1a: Froslass|Blizzard|p2b: Pelipper|[spread] \n|-activate|p2a: Orthworm|move: Wide Guard\n|-activate|p2b: Pelipper|move: Wide Guard\n|move|p1b: Ninetales|Blizzard|p2b: Pelipper|[spread] \n|-activate|p2a: Orthworm|move: Wide Guard\n|-activate|p2b: Pelipper|move: Wide Guard\n|move|p2a: Orthworm|Heavy Slam|p1b: Ninetales\n|-supereffective|p1b: Ninetales|2\n|-enditem|p1b: Ninetales|Focus Sash\n|-damage|p1b: Ninetales|1/100\n|\n|-weather|Snowscape|[upkeep]\n|upkeep\n|turn|6\n|inactive|cduke.vgc has 30 seconds left.\n|inactive|cduke.vgc has 20 seconds left.\n|inactive|cduke.vgc has 15 seconds left.\n|\n|t:|1776128163\n|switch|p1b: Garchomp|Garchomp, L50, M|100/100\n|switch|p2a: Decidueye|Decidueye-Hisui, L50, F|100/100\n|move|p2b: Pelipper|Wide Guard|p2b: Pelipper\n|-singleturn|p2b: Pelipper|Wide Guard\n|move|p1a: Froslass|Shadow Ball|p2a: Decidueye\n|-damage|p2a: Decidueye|57/100\n|\n|-weather|Snowscape|[upkeep]\n|upkeep\n|turn|7\n|inactive|cduke.vgc has 30 seconds left.\n|\n|t:|1776128194\n|move|p2b: Pelipper|Wide Guard|p2b: Pelipper\n|-singleturn|p2b: Pelipper|Wide Guard\n|move|p1b: Garchomp|Rock Slide|p2a: Decidueye|[spread] \n|-activate|p2a: Decidueye|move: Wide Guard\n|-activate|p2b: Pelipper|move: Wide Guard\n|move|p1a: Froslass|Blizzard|p2b: Pelipper|[spread] \n|-activate|p2a: Decidueye|move: Wide Guard\n|-activate|p2b: Pelipper|move: Wide Guard\n|move|p2a: Decidueye|Triple Arrows|p1a: Froslass\n|-supereffective|p1a: Froslass|1\n|-damage|p1a: Froslass|9/100\n|-unboost|p1a: Froslass|def|1\n|\n|-weather|none\n|-end|p2b: Pelipper|Encore\n|-sideend|p1: cduke.vgc|move: Aurora Veil\n|upkeep\n|turn|8\n|inactive|cduke.vgc has 30 seconds left.\n|inactive|underlinegui has 30 seconds left.\n|\n|t:|1776128222\n|move|p1a: Froslass|Protect|p1a: Froslass\n|-singleturn|p1a: Froslass|Protect\n|move|p2b: Pelipper|Wide Guard|p2b: Pelipper\n|-singleturn|p2b: Pelipper|Wide Guard\n|move|p1b: Garchomp|Rock Slide|p2a: Decidueye|[spread] \n|-activate|p2a: Decidueye|move: Wide Guard\n|-activate|p2b: Pelipper|move: Wide Guard\n|move|p2a: Decidueye|Triple Arrows|p1a: Froslass\n|-activate|p1a: Froslass|move: Protect\n|\n|upkeep\n|turn|9\n|\n|t:|1776128246\n|move|p2b: Pelipper|Wide Guard|p2b: Pelipper\n|-singleturn|p2b: Pelipper|Wide Guard\n|move|p1b: Garchomp|Rock Slide|p2b: Pelipper|[spread] \n|-activate|p2a: Decidueye|move: Wide Guard\n|-activate|p2b: Pelipper|move: Wide Guard\n|move|p1a: Froslass|Shadow Ball|p2a: Decidueye\n|-damage|p2a: Decidueye|14/100\n|move|p2a: Decidueye|Triple Arrows|p1a: Froslass\n|-supereffective|p1a: Froslass|1\n|-crit|p1a: Froslass\n|-damage|p1a: Froslass|0 fnt\n|faint|p1a: Froslass\n|\n|upkeep\n|\n|t:|1776128263\n|switch|p1a: Ninetales|Ninetales-Alola, L50, M|1/100\n|-weather|Snowscape|[from] ability: Snow Warning|[of] p1a: Ninetales\n|turn|10\n|\n|t:|1776128275\n|switch|p2b: Orthworm|Orthworm, L50, F|75/100\n|move|p2a: Decidueye|Protect|p2a: Decidueye\n|-singleturn|p2a: Decidueye|Protect\n|move|p1b: Garchomp|Rock Slide|p2b: Orthworm|[spread] p2b\n|-activate|p2a: Decidueye|move: Protect\n|-resisted|p2b: Orthworm|1\n|-crit|p2b: Orthworm\n|-damage|p2b: Orthworm|67/100\n|move|p1a: Ninetales|Blizzard|p2b: Orthworm|[spread] p2b\n|-activate|p2a: Decidueye|move: Protect\n|-resisted|p2b: Orthworm|1\n|-damage|p2b: Orthworm|44/100\n|\n|-weather|Snowscape|[upkeep]\n|upkeep\n|turn|11\n|inactive|cduke.vgc has 30 seconds left.\n|\n|t:|1776128306\n|move|p1b: Garchomp|Rock Slide|p2b: Orthworm|[spread] p2a,p2b\n|-resisted|p2a: Decidueye|1\n|-resisted|p2b: Orthworm|1\n|-damage|p2a: Decidueye|4/100\n|-damage|p2b: Orthworm|39/100\n|move|p1a: Ninetales|Encore|p2a: Decidueye\n|-start|p2a: Decidueye|Encore\n|move|p2a: Decidueye|Protect|p2a: Decidueye\n|-singleturn|p2a: Decidueye|Protect\n|cant|p2b: Orthworm|flinch\n|\n|-weather|Snowscape|[upkeep]\n|upkeep\n|turn|12\n|inactive|cduke.vgc has 30 seconds left.\n|\n|t:|1776128333\n|move|p2a: Decidueye|Protect||[still]\n|-fail|p2a: Decidueye\n|move|p1b: Garchomp|Rock Slide|p2b: Orthworm|[spread] p2a,p2b\n|-resisted|p2a: Decidueye|1\n|-resisted|p2b: Orthworm|1\n|-damage|p2a: Decidueye|0 fnt\n|-damage|p2b: Orthworm|33/100\n|faint|p2a: Decidueye\n|move|p1a: Ninetales|Aurora Veil|p1a: Ninetales\n|-sidestart|p1: cduke.vgc|move: Aurora Veil\n|cant|p2b: Orthworm|flinch\n|\n|-weather|Snowscape|[upkeep]\n|upkeep\n|\n|t:|1776128342\n|switch|p2a: Pelipper|Pelipper, L50, M|52/100\n|-weather|RainDance|[from] ability: Drizzle|[of] p2a: Pelipper\n|turn|13\n|\n|t:|1776128357\n|move|p2a: Pelipper|Wide Guard|p2a: Pelipper\n|-singleturn|p2a: Pelipper|Wide Guard\n|move|p1b: Garchomp|Rock Slide|p2a: Pelipper|[spread] \n|-activate|p2a: Pelipper|move: Wide Guard\n|-activate|p2b: Orthworm|move: Wide Guard\n|move|p1a: Ninetales|Blizzard|p2a: Pelipper|[spread] \n|-activate|p2a: Pelipper|move: Wide Guard\n|-activate|p2b: Orthworm|move: Wide Guard\n|move|p2b: Orthworm|Heavy Slam|p1a: Ninetales\n|-supereffective|p1a: Ninetales|2\n|-damage|p1a: Ninetales|0 fnt\n|faint|p1a: Ninetales\n|\n|-weather|RainDance|[upkeep]\n|upkeep\n|turn|14\n|\n|t:|1776128379\n|move|p1b: Garchomp|Rock Slide|p2b: Orthworm|[spread] p2a,p2b\n|-supereffective|p2a: Pelipper|1\n|-resisted|p2b: Orthworm|1\n|-damage|p2a: Pelipper|0 fnt\n|-damage|p2b: Orthworm|28/100\n|faint|p2a: Pelipper\n|cant|p2b: Orthworm|flinch\n|\n|-weather|RainDance|[upkeep]\n|upkeep\n|\n|t:|1776128385\n|switch|p2a: Starmie|Starmie-Mega, L50|100/100\n|turn|15\n|\n|t:|1776128397\n|move|p1b: Garchomp|Rock Slide|p2b: Orthworm|[spread] p2a,p2b\n|-resisted|p2b: Orthworm|1\n|-damage|p2a: Starmie|75/100\n|-damage|p2b: Orthworm|23/100\n|move|p2a: Starmie|Ice Spinner|p1b: Garchomp\n|-supereffective|p1b: Garchomp|2\n|-damage|p1b: Garchomp|0 fnt\n|-damage|p2a: Starmie|63/100|[from] ability: Rough Skin|[of] p1b: Garchomp\n|faint|p1b: Garchomp\n|\n|win|underlinegui\n|raw|cduke.vgc's rating: 1022 &rarr; <strong>1008</strong><br />(-14 for losing)\n|raw|underlinegui's rating: 1011 &rarr; <strong>1051</strong><br />(+40 for winning)\n",
  "uploadtime": 1776128408,
  "views": 16,
  "formatid": "gen9championsvgc2026regma",
  "rating": 1008,
  "private": 0,
  "password": null
}