{
  "id": "gen9championsvgc2026regma-2587238433",
  "format": "[Gen 9 Champions] VGC 2026 Reg M-A",
  "players": [
    "hide on whimscott",
    "miu_7"
  ],
  "log": "|j|\u2606hide on whimscott\n|j|\u2606miu_7\n|t:|1776512988\n|gametype|doubles\n|player|p1|hide on whimscott|artist-gen4|1374\n|player|p2|miu_7|elesa|1299\n|gen|9\n|tier|[Gen 9 Champions] VGC 2026 Reg M-A\n|rated|\n|rule|Species Clause: Limit one of each Pok\u00e9mon\n|rule|Item Clause: Limit 1 of each item\n|clearpoke\n|poke|p1|Garchomp, L50, M|\n|poke|p1|Aerodactyl, L50, M|\n|poke|p1|Venusaur, L50, M|\n|poke|p1|Torkoal, L50, M|\n|poke|p1|Kingambit, L50, F|\n|poke|p1|Basculegion-F, L50, F|\n|poke|p2|Froslass, L50, F|\n|poke|p2|Sableye, L50, F|\n|poke|p2|Sneasler, L50, M|\n|poke|p2|Garchomp, L50, F|\n|poke|p2|Corviknight, L50, F|\n|poke|p2|Rotom-Wash, L50, shiny|\n|teampreview|4\nmiu_7 has agreed to open team sheets.\n|\n|t:|1776513043\n|teamsize|p1|4\n|teamsize|p2|4\n|start\n|switch|p1a: Basculegion|Basculegion-F, L50, F|100/100\n|switch|p1b: Venusaur|Venusaur, L50, M|100/100\n|switch|p2a: Sneasler|Sneasler, L50, M|100/100\n|switch|p2b: Garchomp|Garchomp, L50, F|100/100\n|turn|1\n|\n|t:|1776513079\n|detailschange|p1b: Venusaur|Venusaur-Mega, L50, M\n|-mega|p1b: Venusaur|Venusaur|Venusaurite\n|move|p2b: Garchomp|Protect|p2b: Garchomp\n|-singleturn|p2b: Garchomp|Protect\n|move|p1b: Venusaur|Protect|p1b: Venusaur\n|-singleturn|p1b: Venusaur|Protect\n|move|p1a: Basculegion|Muddy Water|p2a: Sneasler|[spread] p2a\n|-activate|p2b: Garchomp|move: Protect\n|-damage|p2a: Sneasler|42/100\n|move|p2a: Sneasler|Coaching|p2b: Garchomp\n|-boost|p2b: Garchomp|atk|1\n|-boost|p2b: Garchomp|def|1\n|\n|upkeep\n|turn|2\n|\n|t:|1776513108\n|switch|p2a: Sableye|Sableye, L50, F|100/100\n|move|p1a: Basculegion|Muddy Water|p2b: Garchomp|[spread] p2a,p2b\n|-damage|p2a: Sableye|57/100\n|-damage|p2b: Garchomp|54/100\n|-unboost|p2a: Sableye|accuracy|1\n|move|p2b: Garchomp|Dragon Claw|p1b: Venusaur\n|-damage|p1b: Venusaur|52/100\n|move|p1b: Venusaur|Energy Ball|p2b: Garchomp\n|-damage|p2b: Garchomp|0 fnt\n|faint|p2b: Garchomp\n|\n|upkeep\n|\n|t:|1776513119\n|switch|p2b: Froslass|Froslass, L50, F|100/100\n|turn|3\n|\n|t:|1776513138\n|switch|p1a: Torkoal|Torkoal, L50, M|100/100\n|-weather|SunnyDay|[from] ability: Drought|[of] p1a: Torkoal\n|detailschange|p2b: Froslass|Froslass-Mega, L50, F\n|-mega|p2b: Froslass|Froslass|Froslassite\n|-weather|Snowscape|[from] ability: Snow Warning|[of] p2b: Froslass\n|move|p2a: Sableye|Fake Out|p1b: Venusaur\n|-damage|p1b: Venusaur|46/100\n|move|p2b: Froslass|Aurora Veil|p2b: Froslass\n|-sidestart|p2: miu_7|move: Aurora Veil\n|cant|p1b: Venusaur|flinch\n|\n|-weather|Snowscape|[upkeep]\n|upkeep\n|turn|4\n|\n|t:|1776513169\n|switch|p2a: Sneasler|Sneasler, L50, M|42/100\n|switch|p1a: Garchomp|Garchomp, L50, M|100/100\n|move|p2b: Froslass|Blizzard|p1b: Venusaur|[spread] p1a,p1b\n|-supereffective|p1a: Garchomp|2\n|-crit|p1a: Garchomp\n|-supereffective|p1b: Venusaur|1\n|-damage|p1a: Garchomp|0 fnt\n|-damage|p1b: Venusaur|5/100\n|faint|p1a: Garchomp\n|move|p1b: Venusaur|Sleep Powder|p2b: Froslass\n|-status|p2b: Froslass|slp|[from] move: Sleep Powder\n|\n|-weather|Snowscape|[upkeep]\n|upkeep\n|\n|t:|1776513179\n|switch|p1a: Basculegion|Basculegion-F, L50, F|100/100\n|turn|5\n|\n|t:|1776513212\n|switch|p2b: Sableye|Sableye, L50, F|57/100\n|move|p2a: Sneasler|Protect|p2a: Sneasler\n|-singleturn|p2a: Sneasler|Protect\n|move|p1a: Basculegion|Shadow Ball|p2b: Sableye\n|-damage|p2b: Sableye|18/100\n|-enditem|p2b: Sableye|Sitrus Berry|[eat]\n|-heal|p2b: Sableye|43/100|[from] item: Sitrus Berry\n|move|p1b: Venusaur|Sleep Powder|p2a: Sneasler\n|-activate|p2a: Sneasler|move: Protect\n|\n|-weather|Snowscape|[upkeep]\n|upkeep\n|turn|6\n|\n|t:|1776513232\n|switch|p1a: Torkoal|Torkoal, L50, M|100/100\n|-weather|SunnyDay|[from] ability: Drought|[of] p1a: Torkoal\n|move|p2b: Sableye|Fake Out|p1b: Venusaur\n|-damage|p1b: Venusaur|0 fnt\n|faint|p1b: Venusaur\n|move|p2a: Sneasler|Dire Claw|p1a: Torkoal\n|-damage|p1a: Torkoal|66/100\n|\n|-weather|SunnyDay|[upkeep]\n|upkeep\n|\n|t:|1776513240\n|switch|p1b: Basculegion|Basculegion-F, L50, F|100/100\n|turn|7\n|\n|t:|1776513251\n|move|p1b: Basculegion|Shadow Ball|p2a: Sneasler\n|-damage|p2a: Sneasler|0 fnt\n|faint|p2a: Sneasler\n|move|p2b: Sableye|Foul Play|p1b: Basculegion\n|-supereffective|p1b: Basculegion|1\n|-damage|p1b: Basculegion|35/100\n|move|p1a: Torkoal|Heat Wave|p2b: Sableye\n|-damage|p2b: Sableye|0 fnt\n|faint|p2b: Sableye\n|\n|-weather|SunnyDay|[upkeep]\n|-sideend|p2: miu_7|move: Aurora Veil\n|upkeep\n|\n|t:|1776513254\n|switch|p2b: Froslass|Froslass-Mega, L50, F|100/100 slp\n|-weather|Snowscape|[from] ability: Snow Warning|[of] p2b: Froslass\n|turn|8\n|\n|t:|1776513261\n|move|p1b: Basculegion|Shadow Ball|p2b: Froslass\n|-supereffective|p2b: Froslass|1\n|-damage|p2b: Froslass|0 fnt\n|faint|p2b: Froslass\n|\n|win|hide on whimscott\n|raw|hide on whimscott's rating: 1374 &rarr; <strong>1390</strong><br />(+16 for winning)\n|raw|miu_7's rating: 1299 &rarr; <strong>1279</strong><br />(-20 for losing)\n",
  "uploadtime": 1776513262,
  "views": 25,
  "formatid": "gen9championsvgc2026regma",
  "rating": 1279,
  "private": 0,
  "password": null
}