{
  "id": "gen9championsvgc2026regma-2582881309",
  "format": "[Gen 9 Champions] VGC 2026 Reg M-A",
  "players": [
    "StellarMunchlax",
    "champion test team"
  ],
  "log": "|j|\u2606StellarMunchlax\n|j|\u2606champion test team\n|t:|1776121647\n|gametype|doubles\n|player|p1|StellarMunchlax|1|1040\n|player|p2|champion test team|miku-water|1078\n|gen|9\n|tier|[Gen 9 Champions] VGC 2026 Reg M-A\n|rated|\n|rule|Species Clause: Limit one of each Pok\u00e9mon\n|rule|Item Clause: Limit 1 of each item\n|clearpoke\n|poke|p1|Archaludon, L50, F|\n|poke|p1|Pelipper, L50, M|\n|poke|p1|Incineroar, L50, F|\n|poke|p1|Basculegion, L50, M|\n|poke|p1|Farigiraf, L50, M|\n|poke|p1|Meganium, L50, F|\n|poke|p2|Golurk, L50|\n|poke|p2|Farigiraf, L50, F|\n|poke|p2|Torkoal, L50, M|\n|poke|p2|Venusaur, L50, M|\n|poke|p2|Clefable, L50, M|\n|poke|p2|Hydreigon, L50, F|\n|teampreview|4\n|inactive|Battle timer is ON: inactive players will automatically lose when time's up. (requested by champion test team)\n|\n|t:|1776121726\n|teamsize|p1|4\n|teamsize|p2|4\n|start\n|switch|p1a: Pelipper|Pelipper, L50, M|100/100\n|switch|p1b: Meganium|Meganium, L50, F|100/100\n|switch|p2a: Farigiraf|Farigiraf, L50, F|100/100\n|switch|p2b: Venusaur|Venusaur, L50, M|100/100\n|-weather|RainDance|[from] ability: Drizzle|[of] p1a: Pelipper\n|turn|1\n|inactive|StellarMunchlax has 30 seconds left.\n|\n|t:|1776121757\n|switch|p2a: Torkoal|Torkoal, L50, M|100/100\n|-weather|SunnyDay|[from] ability: Drought|[of] p2a: Torkoal\n|detailschange|p1b: Meganium|Meganium-Mega, L50, F\n|-mega|p1b: Meganium|Meganium|Meganiumite\n|move|p2b: Venusaur|Sludge Bomb|p1b: Meganium\n|-supereffective|p1b: Meganium|2\n|-damage|p1b: Meganium|0 fnt\n|faint|p1b: Meganium\n|move|p1a: Pelipper|Hurricane|p2b: Venusaur|[miss]\n|-miss|p1a: Pelipper|p2b: Venusaur\n|\n|-weather|SunnyDay|[upkeep]\n|upkeep\n|\n|t:|1776121776\n|switch|p1b: Incineroar|Incineroar, L50, F|100/100\n|-ability|p1b: Incineroar|Intimidate|boost\n|-unboost|p2a: Torkoal|atk|1\n|-unboost|p2b: Venusaur|atk|1\n|turn|2\n|\n|t:|1776121798\n|switch|p1a: Basculegion|Basculegion, L50, M|100/100\n|switch|p2a: Farigiraf|Farigiraf, L50, F|100/100\n|move|p1b: Incineroar|Fake Out||[still]\n|cant|p2a: Farigiraf|ability: Armor Tail|Fake Out|[of] p1b: Incineroar\n|move|p2b: Venusaur|Leaf Storm|p1a: Basculegion\n|-supereffective|p1a: Basculegion|1\n|-damage|p1a: Basculegion|0 fnt\n|-unboost|p2b: Venusaur|spa|2\n|faint|p1a: Basculegion\n|\n|-weather|SunnyDay|[upkeep]\n|upkeep\n|\n|t:|1776121814\n|switch|p1a: Pelipper|Pelipper, L50, M|100/100\n|-weather|RainDance|[from] ability: Drizzle|[of] p1a: Pelipper\n|turn|3\n|\n|t:|1776121826\n|switch|p2b: Torkoal|Torkoal, L50, M|100/100\n|-weather|SunnyDay|[from] ability: Drought|[of] p2b: Torkoal\n|move|p1a: Pelipper|Weather Ball|p1b: Incineroar\n|-resisted|p1b: Incineroar|1\n|-damage|p1b: Incineroar|89/100\n|move|p1b: Incineroar|Throat Chop|p1a: Pelipper\n|-damage|p1a: Pelipper|66/100\n|-start|p1a: Pelipper|Throat Chop|[silent]\n|move|p2a: Farigiraf|Trick Room|p2a: Farigiraf\n|-fieldstart|move: Trick Room|[of] p2a: Farigiraf\n|\n|-weather|SunnyDay|[upkeep]\n|upkeep\n|turn|4\n|\n|t:|1776121844\n|move|p1a: Pelipper|Wide Guard|p1a: Pelipper\n|-singleturn|p1a: Pelipper|Wide Guard\n|move|p2b: Torkoal|Eruption|p1b: Incineroar|[spread] \n|-activate|p1a: Pelipper|move: Wide Guard\n|-activate|p1b: Incineroar|move: Wide Guard\n|move|p2a: Farigiraf|Psychic|p1a: Pelipper\n|-damage|p1a: Pelipper|23/100\n|move|p1b: Incineroar|Will-O-Wisp|p2a: Farigiraf\n|-status|p2a: Farigiraf|brn\n|\n|-weather|SunnyDay|[upkeep]\n|-damage|p2a: Farigiraf|94/100 brn|[from] brn\n|-end|p1a: Pelipper|Throat Chop|[silent]\n|upkeep\n|turn|5\n|\n|t:|1776121865\n|switch|p2b: Golurk|Golurk, L50|100/100\n|move|p2a: Farigiraf|Psychic|p1a: Pelipper\n|-damage|p1a: Pelipper|0 fnt\n|faint|p1a: Pelipper\n|move|p1b: Incineroar|Throat Chop|p1: Pelipper|[notarget]\n|-fail|p1b: Incineroar\n|\n|-weather|SunnyDay|[upkeep]\n|-damage|p2a: Farigiraf|88/100 brn|[from] brn\n|upkeep\n|turn|6\n|\n|t:|1776121878\n|detailschange|p2b: Golurk|Golurk-Mega, L50\n|-mega|p2b: Golurk|Golurk|Golurkite\n|move|p2b: Golurk|Headlong Rush|p1b: Incineroar\n|-supereffective|p1b: Incineroar|1\n|-damage|p1b: Incineroar|0 fnt\n|-unboost|p2b: Golurk|def|1\n|-unboost|p2b: Golurk|spd|1\n|faint|p1b: Incineroar\n|\n|win|champion test team\n|raw|StellarMunchlax's rating: 1040 &rarr; <strong>1026</strong><br />(-14 for losing)\n|raw|champion test team's rating: 1078 &rarr; <strong>1103</strong><br />(+25 for winning)\n",
  "uploadtime": 1776121887,
  "views": 12,
  "formatid": "gen9championsvgc2026regma",
  "rating": 1026,
  "private": 0,
  "password": null
}