{
  "id": "gen9championsvgc2026regma-2587081331",
  "format": "[Gen 9 Champions] VGC 2026 Reg M-A",
  "players": [
    "HangwomanHaka",
    "CoolTrainerBu"
  ],
  "log": "|j|\u2606HangwomanHaka\n|j|\u2606CoolTrainerBu\n|t:|1776490804\n|gametype|doubles\n|player|p1|HangwomanHaka|miku-fairy|1219\n|player|p2|CoolTrainerBu|1|1240\n|gen|9\n|tier|[Gen 9 Champions] VGC 2026 Reg M-A\n|rated|\n|rule|Species Clause: Limit one of each Pok\u00e9mon\n|rule|Item Clause: Limit 1 of each item\n|clearpoke\n|poke|p1|Excadrill, L50, F|\n|poke|p1|Whimsicott, L50, F|\n|poke|p1|Kangaskhan, L50, F|\n|poke|p1|Sneasler, L50, F|\n|poke|p1|Pelipper, L50, M|\n|poke|p1|Rotom-Wash, L50|\n|poke|p2|Charizard, L50, M|\n|poke|p2|Whimsicott, L50, M|\n|poke|p2|Garchomp, L50, M|\n|poke|p2|Sneasler, L50, M|\n|poke|p2|Maushold, L50|\n|poke|p2|Incineroar, L50, M|\n|teampreview|4\n|j| I love womennn\n|c| I love womennn|big fan\n|c| I love womennn|glhf\n|\n|t:|1776490887\n|teamsize|p1|4\n|teamsize|p2|4\n|start\n|switch|p1a: Whimsicott|Whimsicott, L50, F|100/100\n|switch|p1b: Kangaskhan|Kangaskhan, L50, F|100/100\n|switch|p2a: Maushold|Maushold, L50|100/100\n|switch|p2b: Incineroar|Incineroar, L50, M|100/100\n|-ability|p2b: Incineroar|Intimidate|boost\n|-unboost|p1a: Whimsicott|atk|1\n|-fail|p1b: Kangaskhan|unboost|Attack|[from] ability: Inner Focus|[of] p1b: Kangaskhan\n|turn|1\n|inactive|Battle timer is ON: inactive players will automatically lose when time's up. (requested by CoolTrainerBu)\n|\n|t:|1776490919\n|switch|p2b: Garchomp|Garchomp, L50, M|100/100\n|detailschange|p1b: Kangaskhan|Kangaskhan-Mega, L50, F\n|-mega|p1b: Kangaskhan|Kangaskhan|Kangaskhanite\n|move|p2a: Maushold|Protect|p2a: Maushold\n|-singleturn|p2a: Maushold|Protect\n|move|p1b: Kangaskhan|Fake Out|p2b: Garchomp\n|-damage|p2b: Garchomp|85/100\n|-damage|p1b: Kangaskhan|88/100|[from] ability: Rough Skin|[of] p2b: Garchomp\n|-damage|p2b: Garchomp|81/100\n|-damage|p1b: Kangaskhan|76/100|[from] ability: Rough Skin|[of] p2b: Garchomp\n|-hitcount|p2b: Garchomp|2\n|move|p1a: Whimsicott|Tailwind|p1a: Whimsicott\n|-sidestart|p1: HangwomanHaka|move: Tailwind\n|\n|upkeep\n|turn|2\n|inactive|HangwomanHaka has 30 seconds left.\n|inactive|CoolTrainerBu has 30 seconds left.\n|\n|t:|1776490953\n|switch|p2b: Incineroar|Incineroar, L50, M|100/100\n|-ability|p2b: Incineroar|Intimidate|boost\n|-unboost|p1a: Whimsicott|atk|1\n|-unboost|p1b: Kangaskhan|atk|1\n|move|p1b: Kangaskhan|Body Slam|p2a: Maushold\n|-damage|p2a: Maushold|57/100\n|-damage|p2a: Maushold|48/100\n|-hitcount|p2a: Maushold|2\n|move|p1a: Whimsicott|Moonblast|p2b: Incineroar\n|-damage|p2b: Incineroar|78/100\n|move|p2a: Maushold|Super Fang|p1a: Whimsicott\n|-damage|p1a: Whimsicott|51/100\n|\n|upkeep\n|turn|3\n|inactive|CoolTrainerBu has 30 seconds left.\n|\n|t:|1776490981\n|switch|p1b: Pelipper|Pelipper, L50, M|100/100\n|-weather|RainDance|[from] ability: Drizzle|[of] p1b: Pelipper\n|move|p2b: Incineroar|Fake Out|p1b: Pelipper\n|-damage|p1b: Pelipper|86/100\n|move|p1a: Whimsicott|Moonblast|p2b: Incineroar\n|-damage|p2b: Incineroar|56/100\n|move|p2a: Maushold|Super Fang|p1b: Pelipper\n|-damage|p1b: Pelipper|43/100\n|\n|-weather|RainDance|[upkeep]\n|upkeep\n|turn|4\n|\n|t:|1776490999\n|move|p2a: Maushold|Follow Me|p2a: Maushold\n|-singleturn|p2a: Maushold|move: Follow Me\n|move|p1a: Whimsicott|Moonblast|p2a: Maushold\n|-damage|p2a: Maushold|6/100\n|move|p1b: Pelipper|Weather Ball|p2a: Maushold\n|-damage|p2a: Maushold|0 fnt\n|faint|p2a: Maushold\n|move|p2b: Incineroar|Parting Shot|p1b: Pelipper\n|-unboost|p1b: Pelipper|atk|1\n|-unboost|p1b: Pelipper|spa|1\n|\n|t:|1776491010\n|switch|p2b: Charizard|Charizard, L50, M|100/100|[from] Parting Shot\n|\n|-weather|RainDance|[upkeep]\n|-sideend|p1: HangwomanHaka|move: Tailwind\n|upkeep\n|\n|t:|1776491015\n|switch|p2a: Incineroar|Incineroar, L50, M|56/100\n|-ability|p2a: Incineroar|Intimidate|boost\n|-unboost|p1a: Whimsicott|atk|1\n|-unboost|p1b: Pelipper|atk|1\n|turn|5\n|\n|t:|1776491040\n|switch|p1a: Sneasler|Sneasler, L50, F|100/100\n|detailschange|p2b: Charizard|Charizard-Mega-Y, L50, M\n|-mega|p2b: Charizard|Charizard|Charizardite Y\n|-weather|SunnyDay|[from] ability: Drought|[of] p2b: Charizard\n|move|p2a: Incineroar|Fake Out|p1a: Sneasler\n|-damage|p1a: Sneasler|82/100\n|move|p2b: Charizard|Solar Beam||[still]\n|-prepare|p2b: Charizard|Solar Beam\n|-anim|p2b: Charizard|Solar Beam|p1b: Pelipper\n|-damage|p1b: Pelipper|0 fnt\n|faint|p1b: Pelipper\n|\n|-weather|SunnyDay|[upkeep]\n|upkeep\n|\n|t:|1776491055\n|switch|p1b: Whimsicott|Whimsicott, L50, F|51/100\n|turn|6\n|inactive|CoolTrainerBu has 30 seconds left.\n|\n|t:|1776491082\n|move|p2b: Charizard|Protect|p2b: Charizard\n|-singleturn|p2b: Charizard|Protect\n|move|p1a: Sneasler|Fake Out|p2b: Charizard\n|-activate|p2b: Charizard|move: Protect\n|move|p1b: Whimsicott|Tailwind|p1b: Whimsicott\n|-sidestart|p1: HangwomanHaka|move: Tailwind\n|move|p2a: Incineroar|Flare Blitz|p1a: Sneasler\n|-damage|p1a: Sneasler|0 fnt\n|faint|p1a: Sneasler\n|-damage|p2a: Incineroar|36/100|[from] Recoil\n|\n|-weather|SunnyDay|[upkeep]\n|upkeep\n|\n|t:|1776491091\n|switch|p1a: Kangaskhan|Kangaskhan-Mega, L50, F|76/100\n|turn|7\n|\n|t:|1776491114\n|switch|p2b: Garchomp|Garchomp, L50, M|81/100\n|move|p1a: Kangaskhan|Fake Out|p2a: Incineroar\n|-damage|p2a: Incineroar|16/100\n|-crit|p2a: Incineroar\n|-damage|p2a: Incineroar|9/100\n|-hitcount|p2a: Incineroar|2\n|move|p1b: Whimsicott|Encore||[still]\n|-fail|p1b: Whimsicott\n|cant|p2a: Incineroar|flinch\n|\n|-weather|SunnyDay|[upkeep]\n|upkeep\n|turn|8\n|\n|t:|1776491135\n|switch|p2a: Charizard|Charizard-Mega-Y, L50, M|100/100\n|move|p2b: Garchomp|Protect|p2b: Garchomp\n|-singleturn|p2b: Garchomp|Protect\n|move|p1a: Kangaskhan|Body Slam|p2b: Garchomp\n|-activate|p2b: Garchomp|move: Protect\n|move|p1b: Whimsicott|Moonblast|p2a: Charizard\n|-resisted|p2a: Charizard|1\n|-damage|p2a: Charizard|87/100\n|\n|-weather|SunnyDay|[upkeep]\n|upkeep\n|turn|9\n|\n|t:|1776491153\n|switch|p2b: Incineroar|Incineroar, L50, M|9/100\n|-ability|p2b: Incineroar|Intimidate|boost\n|-unboost|p1a: Kangaskhan|atk|1\n|-unboost|p1b: Whimsicott|atk|1\n|move|p1a: Kangaskhan|Body Slam|p2a: Charizard\n|-damage|p2a: Charizard|52/100\n|-damage|p2a: Charizard|44/100\n|-hitcount|p2a: Charizard|2\n|move|p1b: Whimsicott|Moonblast|p2b: Incineroar\n|-damage|p2b: Incineroar|0 fnt\n|faint|p2b: Incineroar\n|move|p2a: Charizard|Heat Wave|p1a: Kangaskhan|[spread] p1a,p1b\n|-supereffective|p1b: Whimsicott|1\n|-damage|p1a: Kangaskhan|7/100\n|-damage|p1b: Whimsicott|0 fnt\n|faint|p1b: Whimsicott\n|\n|-weather|none\n|-sideend|p1: HangwomanHaka|move: Tailwind\n|upkeep\n|\n|t:|1776491167\n|switch|p2b: Garchomp|Garchomp, L50, M|81/100\n|turn|10\n|-message|HangwomanHaka forfeited.\n|\n|win|CoolTrainerBu\n|raw|HangwomanHaka's rating: 1219 &rarr; <strong>1196</strong><br />(-23 for losing)\n|raw|CoolTrainerBu's rating: 1240 &rarr; <strong>1263</strong><br />(+23 for winning)\n|l|\u2606HangwomanHaka\n|player|p1|\n",
  "uploadtime": 1776491189,
  "views": 13,
  "formatid": "gen9championsvgc2026regma",
  "rating": 1196,
  "private": 0,
  "password": null
}