{
  "id": "gen9championsvgc2026regma-2583392624",
  "format": "[Gen 9 Champions] VGC 2026 Reg M-A",
  "players": [
    "malucy",
    "ComedorDeXibiu"
  ],
  "log": "|j|\u2606malucy\n|j|\u2606ComedorDeXibiu\n|t:|1776172526\n|gametype|doubles\n|player|p1|malucy|169|1030\n|player|p2|ComedorDeXibiu|265|1026\n|gen|9\n|tier|[Gen 9 Champions] VGC 2026 Reg M-A\n|rated|\n|rule|Species Clause: Limit one of each Pok\u00e9mon\n|rule|Item Clause: Limit 1 of each item\n|clearpoke\n|poke|p1|Espathra, L50, F|\n|poke|p1|Meowstic, L50, M|\n|poke|p1|Sneasler, L50, F|\n|poke|p1|Aerodactyl, L50, M|\n|poke|p1|Farigiraf, L50, F|\n|poke|p1|Lucario, L50, M|\n|poke|p2|Sneasler, L50, F|\n|poke|p2|Garchomp, L50, F|\n|poke|p2|Dragonite, L50, M|\n|poke|p2|Pelipper, L50, M|\n|poke|p2|Archaludon, L50, F|\n|poke|p2|Maushold-Four, L50|\n|teampreview|4\n|\n|t:|1776172539\n|teamsize|p1|4\n|teamsize|p2|4\n|start\n|switch|p1a: Meowstic|Meowstic, L50, M|100/100\n|switch|p1b: Farigiraf|Farigiraf, L50, F|100/100\n|switch|p2a: Pelipper|Pelipper, L50, M, shiny|100/100\n|switch|p2b: Dragonite|Dragonite, L50, M, shiny|100/100\n|-weather|RainDance|[from] ability: Drizzle|[of] p2a: Pelipper\n|turn|1\n|\n|t:|1776172556\n|detailschange|p2b: Dragonite|Dragonite-Mega, L50, M, shiny\n|-mega|p2b: Dragonite|Dragonite|Dragoninite\n|move|p2b: Dragonite|Hurricane|p1b: Farigiraf\n|-damage|p1b: Farigiraf|60/100\n|move|p1a: Meowstic|Alluring Voice|p2b: Dragonite\n|-supereffective|p2b: Dragonite|1\n|-damage|p2b: Dragonite|86/100\n|move|p2a: Pelipper|Weather Ball|p1b: Farigiraf\n|-damage|p1b: Farigiraf|8/100\n|move|p1b: Farigiraf|Nasty Plot|p1b: Farigiraf\n|-boost|p1b: Farigiraf|spa|2\n|\n|-weather|RainDance|[upkeep]\n|upkeep\n|turn|2\n|\n|t:|1776172584\n|move|p1a: Meowstic|Psychic Terrain|p1a: Meowstic\n|-fieldstart|move: Psychic Terrain\n|move|p2b: Dragonite|Hurricane|p1b: Farigiraf\n|-damage|p1b: Farigiraf|0 fnt\n|faint|p1b: Farigiraf\n|move|p2a: Pelipper|Tailwind|p2a: Pelipper\n|-sidestart|p2: ComedorDeXibiu|move: Tailwind\n|\n|-weather|RainDance|[upkeep]\n|upkeep\n|\n|t:|1776172591\n|switch|p1b: Espathra|Espathra, L50, F|100/100\n|turn|3\n|\n|t:|1776172606\n|move|p1b: Espathra|Protect|p1b: Espathra\n|-singleturn|p1b: Espathra|Protect\n|move|p2b: Dragonite|Hurricane|p1b: Espathra\n|-activate|p1b: Espathra|move: Protect\n|move|p2a: Pelipper|Weather Ball|p1b: Espathra\n|-activate|p1b: Espathra|move: Protect\n|move|p1a: Meowstic|Alluring Voice|p2b: Dragonite\n|-supereffective|p2b: Dragonite|1\n|-damage|p2b: Dragonite|60/100\n|\n|-weather|RainDance|[upkeep]\n|-ability|p1b: Espathra|Speed Boost|boost\n|-boost|p1b: Espathra|spe|1\n|upkeep\n|turn|4\n|\n|t:|1776172637\n|move|p1a: Meowstic|Helping Hand|p1b: Espathra\n|-singleturn|p1b: Espathra|Helping Hand|[of] p1a: Meowstic\n|move|p2b: Dragonite|Hurricane|p1b: Espathra\n|-damage|p1b: Espathra|13/100\n|move|p1b: Espathra|Expanding Force|p2a: Pelipper|[spread] p2a,p2b\n|-enditem|p2a: Pelipper|Focus Sash\n|-damage|p2a: Pelipper|1/100\n|-damage|p2b: Dragonite|0 fnt\n|faint|p2b: Dragonite\n|move|p2a: Pelipper|Weather Ball|p1b: Espathra\n|-damage|p1b: Espathra|0 fnt\n|faint|p1b: Espathra\n|\n|-weather|RainDance|[upkeep]\n|upkeep\n|\n|t:|1776172650\n|switch|p2b: Archaludon|Archaludon, L50, F, shiny|100/100\n|switch|p1b: Lucario|Lucario, L50, M|100/100\n|turn|5\n|\n|t:|1776172663\n|detailschange|p1b: Lucario|Lucario-Mega, L50, M\n|-mega|p1b: Lucario|Lucario|Lucarionite\n|move|p2b: Archaludon|Electro Shot||[still]\n|-prepare|p2b: Archaludon|Electro Shot\n|-boost|p2b: Archaludon|spa|1\n|-anim|p2b: Archaludon|Electro Shot|p1a: Meowstic\n|-damage|p1a: Meowstic|37/100\n|move|p2a: Pelipper|Hurricane|p1b: Lucario\n|-damage|p1b: Lucario|25/100\n|move|p1b: Lucario|Drain Punch|p2b: Archaludon\n|-supereffective|p2b: Archaludon|1\n|-damage|p2b: Archaludon|1/100\n|-heal|p1b: Lucario|79/100|[from] drain|[of] p2b: Archaludon\n|-ability|p2b: Archaludon|Stamina|boost\n|-boost|p2b: Archaludon|def|1\n|move|p1a: Meowstic|Alluring Voice|p2a: Pelipper\n|-damage|p2a: Pelipper|0 fnt\n|faint|p2a: Pelipper\n|\n|-weather|none\n|-heal|p2b: Archaludon|7/100|[from] item: Leftovers\n|-sideend|p2: ComedorDeXibiu|move: Tailwind\n|upkeep\n|\n|t:|1776172672\n|switch|p2a: Maushold|Maushold-Four, L50|100/100\n|turn|6\n|\n|t:|1776172700\n|move|p2a: Maushold|Follow Me|p2a: Maushold\n|-singleturn|p2a: Maushold|move: Follow Me\n|move|p1b: Lucario|Drain Punch|p2a: Maushold\n|-supereffective|p2a: Maushold|1\n|-damage|p2a: Maushold|0 fnt\n|-heal|p1b: Lucario|100/100|[from] drain|[of] p2a: Maushold\n|faint|p2a: Maushold\n|move|p2b: Archaludon|Dragon Pulse|p1b: Lucario\n|-resisted|p1b: Lucario|1\n|-damage|p1b: Lucario|51/100\n|move|p1a: Meowstic|Alluring Voice|p2b: Archaludon\n|-damage|p2b: Archaludon|0 fnt\n|faint|p2b: Archaludon\n|\n|win|malucy\n|raw|malucy's rating: 1030 &rarr; <strong>1065</strong><br />(+35 for winning)\n|raw|ComedorDeXibiu's rating: 1026 &rarr; <strong>1012</strong><br />(-14 for losing)\n|l|\u2606ComedorDeXibiu\n|player|p2|\n",
  "uploadtime": 1776172712,
  "views": 14,
  "formatid": "gen9championsvgc2026regma",
  "rating": 1012,
  "private": 0,
  "password": null
}