{
  "id": "gen9championsvgc2026regma-2586798773",
  "format": "[Gen 9 Champions] VGC 2026 Reg M-A",
  "players": [
    "patitasvgc",
    "FunnyPheesh"
  ],
  "log": "|j|\u2606patitasvgc\n|j|\u2606FunnyPheesh\n|t:|1776460800\n|gametype|doubles\n|player|p1|patitasvgc|101|1124\n|player|p2|FunnyPheesh|gwynn|1160\n|gen|9\n|tier|[Gen 9 Champions] VGC 2026 Reg M-A\n|rated|\n|rule|Species Clause: Limit one of each Pok\u00e9mon\n|rule|Item Clause: Limit 1 of each item\n|clearpoke\n|poke|p1|Rotom-Wash, L50|\n|poke|p1|Arcanine-Hisui, L50, M|\n|poke|p1|Froslass, L50, F|\n|poke|p1|Sneasler, L50, F|\n|poke|p1|Sinistcha, L50|\n|poke|p1|Kingambit, L50, F|\n|poke|p2|Alakazam, L50, F|\n|poke|p2|Floette-Eternal, L50, F|\n|poke|p2|Incineroar, L50, F|\n|poke|p2|Sinistcha, L50|\n|poke|p2|Palafin, L50, M|\n|poke|p2|Aerodactyl, L50, F|\n|teampreview|4\npatitasvgc rejected open team sheets.\n|\n|t:|1776460846\n|teamsize|p1|4\n|teamsize|p2|4\n|start\n|switch|p1a: Arcanine|Arcanine-Hisui, L50, M|100/100\n|switch|p1b: Sinistcha|Sinistcha, L50|100/100\n|switch|p2a: Palafin|Palafin, L50, M|100/100\n|switch|p2b: Incineroar|Incineroar, L50, F|100/100\n|-ability|p1a: Arcanine|Intimidate|boost\n|-unboost|p2a: Palafin|atk|1\n|-unboost|p2b: Incineroar|atk|1\n|-ability|p2b: Incineroar|Intimidate|boost\n|-unboost|p1a: Arcanine|atk|1\n|-unboost|p1b: Sinistcha|atk|1\n|turn|1\n|\n|t:|1776460875\n|detailschange|p2a: Palafin|Palafin-Hero, L50, M\n|switch|p2a: Aerodactyl|Aerodactyl, L50, F|100/100\n|-ability|p2a: Aerodactyl|Unnerve\n|switch|p1a: Kingambit|Kingambit, L50, F|100/100\n|move|p2b: Incineroar|Throat Chop|p1b: Sinistcha\n|-supereffective|p1b: Sinistcha|1\n|-damage|p1b: Sinistcha|62/100\n|-start|p1b: Sinistcha|Throat Chop|[silent]\n|move|p1b: Sinistcha|Trick Room|p1b: Sinistcha\n|-fieldstart|move: Trick Room|[of] p1b: Sinistcha\n|\n|upkeep\n|turn|2\n|\n|t:|1776460898\n|switch|p1b: Arcanine|Arcanine-Hisui, L50, M|100/100\n|-ability|p1b: Arcanine|Intimidate|boost\n|-unboost|p2a: Aerodactyl|atk|1\n|-unboost|p2b: Incineroar|atk|1\n|switch|p2a: Sinistcha|Sinistcha, L50|100/100\n|move|p1a: Kingambit|Kowtow Cleave|p2a: Sinistcha\n|-supereffective|p2a: Sinistcha|1\n|-damage|p2a: Sinistcha|0 fnt\n|faint|p2a: Sinistcha\n|move|p2b: Incineroar|Flare Blitz|p1a: Kingambit\n|-supereffective|p1a: Kingambit|1\n|-damage|p1a: Kingambit|65/100\n|-damage|p2b: Incineroar|89/100|[from] Recoil\n|\n|upkeep\n|\n|t:|1776460910\n|switch|p2a: Palafin|Palafin-Hero, L50, M|100/100\n|-activate|p2a: Palafin|ability: Zero to Hero\n|turn|3\n|\n|t:|1776460919\n|switch|p1b: Sinistcha|Sinistcha, L50|62/100\n|-heal|p1a: Kingambit|89/100|[from] ability: Hospitality|[of] p1b: Sinistcha\n|move|p1a: Kingambit|Kowtow Cleave|p2a: Palafin\n|-damage|p2a: Palafin|42/100\n|move|p2b: Incineroar|Parting Shot|p1b: Sinistcha\n|-unboost|p1b: Sinistcha|atk|1\n|-unboost|p1b: Sinistcha|spa|1\n|\n|t:|1776460927\n|switch|p2b: Aerodactyl|Aerodactyl, L50, F|100/100|[from] Parting Shot\n|-ability|p2b: Aerodactyl|Unnerve\n|move|p2a: Palafin|Close Combat|p1a: Kingambit\n|-supereffective|p1a: Kingambit|2\n|-damage|p1a: Kingambit|0 fnt\n|-unboost|p2a: Palafin|def|1\n|-unboost|p2a: Palafin|spd|1\n|faint|p1a: Kingambit\n|\n|upkeep\n|\n|t:|1776460938\n|switch|p1a: Froslass|Froslass, L50, F|100/100\n|turn|4\n|\n|t:|1776460948\n|detailschange|p1a: Froslass|Froslass-Mega, L50, F\n|-mega|p1a: Froslass|Froslass|Froslassite\n|-weather|Snowscape|[from] ability: Snow Warning|[of] p1a: Froslass\n|detailschange|p2b: Aerodactyl|Aerodactyl-Mega, L50, F\n|-mega|p2b: Aerodactyl|Aerodactyl|Aerodactylite\n|move|p2a: Palafin|Protect|p2a: Palafin\n|-singleturn|p2a: Palafin|Protect\n|move|p2b: Aerodactyl|Protect|p2b: Aerodactyl\n|-singleturn|p2b: Aerodactyl|Protect\n|move|p1b: Sinistcha|Matcha Gotcha|p2b: Aerodactyl|[spread] \n|-activate|p2a: Palafin|move: Protect\n|-activate|p2b: Aerodactyl|move: Protect\n|move|p1a: Froslass|Aurora Veil|p1a: Froslass\n|-sidestart|p1: patitasvgc|move: Aurora Veil\n|\n|-weather|Snowscape|[upkeep]\n|upkeep\n|turn|5\n|\n|t:|1776460966\n|switch|p2b: Incineroar|Incineroar, L50, F|89/100\n|-ability|p2b: Incineroar|Intimidate|boost\n|-unboost|p1a: Froslass|atk|1\n|-unboost|p1b: Sinistcha|atk|1\n|move|p1a: Froslass|Protect|p1a: Froslass\n|-singleturn|p1a: Froslass|Protect\n|move|p1b: Sinistcha|Matcha Gotcha|p2a: Palafin|[spread] p2a,p2b\n|-supereffective|p2a: Palafin|1\n|-resisted|p2b: Incineroar|1\n|-damage|p2a: Palafin|0 fnt\n|-heal|p1b: Sinistcha|83/100|[from] drain|[of] p2a: Palafin\n|-damage|p2b: Incineroar|82/100\n|-heal|p1b: Sinistcha|86/100|[from] drain|[of] p2b: Incineroar\n|faint|p2a: Palafin\n|\n|-weather|Snowscape|[upkeep]\n|-fieldend|move: Trick Room\n|upkeep\n|\n|t:|1776460973\n|switch|p2a: Aerodactyl|Aerodactyl-Mega, L50, F|100/100\n|turn|6\n|\n|t:|1776460982\n|move|p2a: Aerodactyl|Rock Slide|p1a: Froslass|[spread] p1a,p1b\n|-supereffective|p1a: Froslass|1\n|-damage|p1a: Froslass|67/100\n|-damage|p1b: Sinistcha|70/100\n|move|p1a: Froslass|Blizzard|p2a: Aerodactyl|[spread] p2a,p2b\n|-supereffective|p2a: Aerodactyl|1\n|-resisted|p2b: Incineroar|1\n|-damage|p2a: Aerodactyl|0 fnt\n|-damage|p2b: Incineroar|65/100\n|faint|p2a: Aerodactyl\n|move|p2b: Incineroar|Flare Blitz|p1a: Froslass\n|-supereffective|p1a: Froslass|1\n|-damage|p1a: Froslass|3/100\n|-damage|p2b: Incineroar|47/100|[from] Recoil\n|move|p1b: Sinistcha|Trick Room|p1b: Sinistcha\n|-fieldstart|move: Trick Room|[of] p1b: Sinistcha\n|\n|-weather|Snowscape|[upkeep]\n|upkeep\n|turn|7\n|\n|t:|1776461004\n|switch|p1a: Arcanine|Arcanine-Hisui, L50, M|100/100\n|-ability|p1a: Arcanine|Intimidate|boost\n|-unboost|p2b: Incineroar|atk|1\n|move|p1b: Sinistcha|Life Dew||[still]|[spread] p1a,p1b\n|-fail|p1a: Arcanine|heal\n|-heal|p1b: Sinistcha|95/100\n|move|p2b: Incineroar|Throat Chop|p1a: Arcanine\n|-damage|p1a: Arcanine|85/100\n|-start|p1a: Arcanine|Throat Chop|[silent]\n|\n|-weather|Snowscape|[upkeep]\n|upkeep\n|turn|8\n|-message|FunnyPheesh forfeited.\n|\n|win|patitasvgc\n|raw|patitasvgc's rating: 1124 &rarr; <strong>1152</strong><br />(+28 for winning)\n|raw|FunnyPheesh's rating: 1160 &rarr; <strong>1132</strong><br />(-28 for losing)\n|l|\u2606FunnyPheesh\n|player|p2|\n",
  "uploadtime": 1776461013,
  "views": 37,
  "formatid": "gen9championsvgc2026regma",
  "rating": 1132,
  "private": 0,
  "password": null
}