{
  "id": "gen9championsvgc2026regma-2588780205",
  "format": "[Gen 9 Champions] VGC 2026 Reg M-A",
  "players": [
    "kalemonvgc",
    "DavidTIS"
  ],
  "log": "|j|\u2606kalemonvgc\n|j|\u2606DavidTIS\n|t:|1776669846\n|gametype|doubles\n|player|p1|kalemonvgc|dawn|1008\n|player|p2|DavidTIS|170|1068\n|gen|9\n|tier|[Gen 9 Champions] VGC 2026 Reg M-A\n|rated|\n|rule|Species Clause: Limit one of each Pok\u00e9mon\n|rule|Item Clause: Limit 1 of each item\n|clearpoke\n|poke|p1|Sneasler, L50, M|\n|poke|p1|Aerodactyl, L50, M|\n|poke|p1|Garchomp, L50, F|\n|poke|p1|Delphox, L50, M|\n|poke|p1|Sinistcha-Masterpiece, L50|\n|poke|p1|Basculegion, L50, M, shiny|\n|poke|p2|Starmie, L50|\n|poke|p2|Lycanroc-Dusk, L50, M|\n|poke|p2|Hydreigon, L50, F|\n|poke|p2|Tauros-Paldea-Aqua, L50, M|\n|poke|p2|Froslass, L50, F|\n|poke|p2|Scizor, L50, F|\n|teampreview|4\n|\n|t:|1776669898\n|teamsize|p1|4\n|teamsize|p2|4\n|start\n|switch|p1a: Delphox|Delphox, L50, M|100/100\n|switch|p1b: Aerodactyl|Aerodactyl, L50, M|100/100\n|switch|p2a: Froslass|Froslass, L50, F|100/100\n|switch|p2b: Hydreigon|Hydreigon, L50, F|100/100\n|-ability|p1b: Aerodactyl|Unnerve\n|turn|1\n|\n|t:|1776669921\n|move|p2a: Froslass|Protect|p2a: Froslass\n|-singleturn|p2a: Froslass|Protect\n|move|p1b: Aerodactyl|Tailwind|p1b: Aerodactyl\n|-sidestart|p1: kalemonvgc|move: Tailwind\n|move|p1a: Delphox|Heat Wave|p2a: Froslass|[spread] p2b\n|-activate|p2a: Froslass|move: Protect\n|-resisted|p2b: Hydreigon|1\n|-damage|p2b: Hydreigon|81/100\n|move|p2b: Hydreigon|Tailwind|p2b: Hydreigon\n|-sidestart|p2: DavidTIS|move: Tailwind\n|\n|upkeep\n|turn|2\n|\n|t:|1776669938\n|switch|p2a: Lycanroc|Lycanroc-Dusk, L50, M|100/100\n|move|p1b: Aerodactyl|Rock Slide|p2a: Lycanroc|[spread] p2a,p2b\n|-damage|p2a: Lycanroc|62/100\n|-damage|p2b: Hydreigon|50/100\n|move|p1a: Delphox|Heat Wave|p2a: Lycanroc|[spread] p2a,p2b\n|-resisted|p2a: Lycanroc|1\n|-resisted|p2b: Hydreigon|1\n|-damage|p2a: Lycanroc|36/100\n|-damage|p2b: Hydreigon|28/100\n|move|p2b: Hydreigon|Dark Pulse|p1a: Delphox\n|-supereffective|p1a: Delphox|1\n|-damage|p1a: Delphox|0 fnt\n|faint|p1a: Delphox\n|\n|upkeep\n|\n|t:|1776669955\n|switch|p1a: Basculegion|Basculegion, L50, M, shiny|100/100\n|turn|3\n|\n|t:|1776669972\n|move|p2b: Hydreigon|Protect|p2b: Hydreigon\n|-singleturn|p2b: Hydreigon|Protect\n|move|p2a: Lycanroc|Accelerock|p1b: Aerodactyl\n|-supereffective|p1b: Aerodactyl|1\n|-damage|p1b: Aerodactyl|18/100\n|move|p1a: Basculegion|Flip Turn|p2a: Lycanroc\n|-supereffective|p2a: Lycanroc|1\n|-damage|p2a: Lycanroc|0 fnt\n|faint|p2a: Lycanroc\n|\n|t:|1776669981\n|switch|p1a: Garchomp|Garchomp, L50, F|100/100|[from] Flip Turn\n|move|p1b: Aerodactyl|Rock Slide|p2b: Hydreigon\n|-activate|p2b: Hydreigon|move: Protect\n|\n|upkeep\n|\n|t:|1776669992\n|switch|p2a: Scizor|Scizor, L50, F|100/100\n|turn|4\n|\n|t:|1776670002\n|move|p1b: Aerodactyl|Protect|p1b: Aerodactyl\n|-singleturn|p1b: Aerodactyl|Protect\n|move|p2a: Scizor|Bullet Punch|p1b: Aerodactyl\n|-activate|p1b: Aerodactyl|move: Protect\n|move|p1a: Garchomp|Dragon Claw|p2b: Hydreigon\n|-supereffective|p2b: Hydreigon|1\n|-damage|p2b: Hydreigon|0 fnt\n|faint|p2b: Hydreigon\n|\n|-sideend|p1: kalemonvgc|move: Tailwind\n|-sideend|p2: DavidTIS|move: Tailwind\n|upkeep\n|\n|t:|1776670009\n|switch|p2b: Froslass|Froslass, L50, F|100/100\n|turn|5\n|\n|t:|1776670036\n|detailschange|p2b: Froslass|Froslass-Mega, L50, F\n|-mega|p2b: Froslass|Froslass|Froslassite\n|-weather|Snowscape|[from] ability: Snow Warning|[of] p2b: Froslass\n|move|p2a: Scizor|Bullet Punch|p1b: Aerodactyl\n|-supereffective|p1b: Aerodactyl|1\n|-damage|p1b: Aerodactyl|0 fnt\n|faint|p1b: Aerodactyl\n|move|p2b: Froslass|Blizzard|p1a: Garchomp\n|-supereffective|p1a: Garchomp|2\n|-damage|p1a: Garchomp|0 fnt\n|faint|p1a: Garchomp\n|\n|-weather|Snowscape|[upkeep]\n|upkeep\n|\n|t:|1776670048\n|switch|p1a: Basculegion|Basculegion, L50, M, shiny|100/100\n|turn|6\n|\n|t:|1776670062\n|move|p1a: Basculegion|Last Respects|p2a: Scizor\n|-damage|p2a: Scizor|0 fnt\n|faint|p2a: Scizor\n|move|p2b: Froslass|Shadow Ball|p1a: Basculegion\n|-supereffective|p1a: Basculegion|1\n|-damage|p1a: Basculegion|0 fnt\n|faint|p1a: Basculegion\n|\n|win|DavidTIS\n|raw|kalemonvgc's rating: 1008 &rarr; <strong>1000</strong><br />(-8 for losing)\n|raw|DavidTIS's rating: 1068 &rarr; <strong>1093</strong><br />(+25 for winning)\n|l|\u2606kalemonvgc\n|player|p1|\n|l|\u2606DavidTIS\n|player|p2|\n|j|\u2606DavidTIS\n|player|p2|DavidTIS|170|\n",
  "uploadtime": 1776670594,
  "views": 13,
  "formatid": "gen9championsvgc2026regma",
  "rating": 1000,
  "private": 0,
  "password": null
}