{
  "id": "gen9championsvgc2026regma-2582711389",
  "format": "[Gen 9 Champions] VGC 2026 Reg M-A",
  "players": [
    "PitolonDeFerro",
    "MilkTeaWayGalaxy"
  ],
  "log": "|j|\u2606PitolonDeFerro\n|j|\u2606MilkTeaWayGalaxy\n|html|<table width=\"100%\"><tr><td align=\"left\">PitolonDeFerro</td><td align=\"right\">MilkTeaWayGalaxy</tr><tr><td align=\"left\"><i class=\"fa fa-circle-o\"></i> <i class=\"fa fa-circle-o\"></i> </td><td align=\"right\"><i class=\"fa fa-circle-o\"></i> <i class=\"fa fa-circle\"></i> </tr></table>\n|uhtml|bestof|<h2><strong>Game 2</strong> of <a href=\"/game-bestof3-gen9championsvgc2026regma-2582706789\">a best-of-3</a></h2>\n|t:|1776108900\n|gametype|doubles\n|player|p1|PitolonDeFerro|swimmer-gen4dp|\n|player|p2|MilkTeaWayGalaxy|rosa-pokestar3|\n|gen|9\n|tier|[Gen 9 Champions] VGC 2026 Reg M-A\n|rated|Tournament battle\n|rule|Species Clause: Limit one of each Pok\u00e9mon\n|rule|Item Clause: Limit 1 of each item\n|raw|<div class=\"infobox\"><details class=\"readmore\" open><summary><strong>2 custom rules:</strong></summary> Force Open Team Sheets, Best of = 3</details></div>\n|clearpoke\n|poke|p1|Politoed, L50, M|\n|poke|p1|Dragonite, L50, F|\n|poke|p1|Basculegion, L50, M|\n|poke|p1|Archaludon, L50, M|\n|poke|p1|Whimsicott, L50, F|\n|poke|p1|Sneasler, L50, M|\n|poke|p2|Froslass, L50, F|\n|poke|p2|Sinistcha, L50|\n|poke|p2|Kingambit, L50, M|\n|poke|p2|Sneasler, L50, F|\n|poke|p2|Incineroar, L50, M|\n|poke|p2|Basculegion, L50, M|\n|teampreview|4\n|showteam|p1|Politoed||SitrusBerry|Drizzle|Protect,WeatherBall,IcyWind,Encore|||M|||50|]Dragonite||Dragoninite|InnerFocus|Protect,DracoMeteor,Hurricane,Thunder|||F|||50|]Basculegion||MysticWater|SwiftSwim|Protect,AquaJet,WaveCrash,LastRespects|||M|||50|]Archaludon||ShucaBerry|Stamina|Protect,FlashCannon,DracoMeteor,ElectroShot|||M|||50|]Whimsicott||FocusSash|Prankster|Moonblast,Tailwind,Encore,HelpingHand|||F|||50|]Sneasler||WhiteHerb|Unburden|DireClaw,CloseCombat,FakeOut,RockSlide|||M|||50|\n|showteam|p2|Froslass||Froslassite|CursedBody|Protect,Blizzard,AuroraVeil,ShadowBall|||F|||50|]Sinistcha||SitrusBerry|Hospitality|MatchaGotcha,RagePowder,LifeDew,Protect||||||50|]Kingambit||BlackGlasses|Defiant|SuckerPunch,KowtowCleave,IronHead,Protect|||M|||50|]Sneasler||WhiteHerb|Unburden|Coaching,Protect,DireClaw,CloseCombat|||F|||50|]Incineroar||Leftovers|Intimidate|DarkestLariat,FlareBlitz,FakeOut,PartingShot|||M|||50|]Basculegion||MysticWater|Adaptability|WaveCrash,Protect,AquaJet,LastRespects|||M|||50|\n|\n|t:|1776108929\n|teamsize|p1|4\n|teamsize|p2|4\n|start\n|switch|p1a: Sneasler|Sneasler, L50, M|100/100\n|switch|p1b: Dragonite|Dragonite, L50, F|100/100\n|switch|p2a: Froslass|Froslass, L50, F|100/100\n|switch|p2b: Sinistcha|Sinistcha, L50|100/100\n|turn|1\n|\n|t:|1776108971\n|detailschange|p2a: Froslass|Froslass-Mega, L50, F\n|-mega|p2a: Froslass|Froslass|Froslassite\n|-weather|Snowscape|[from] ability: Snow Warning|[of] p2a: Froslass\n|detailschange|p1b: Dragonite|Dragonite-Mega, L50, F\n|-mega|p1b: Dragonite|Dragonite|Dragoninite\n|move|p1b: Dragonite|Protect|p1b: Dragonite\n|-singleturn|p1b: Dragonite|Protect\n|move|p2a: Froslass|Aurora Veil|p2a: Froslass\n|-sidestart|p2: MilkTeaWayGalaxy|move: Aurora Veil\n|move|p1a: Sneasler|Rock Slide|p2a: Froslass|[spread] p2a,p2b\n|-supereffective|p2a: Froslass|1\n|-damage|p2a: Froslass|72/100\n|-damage|p2b: Sinistcha|88/100\n|move|p2b: Sinistcha|Matcha Gotcha|p1b: Dragonite|[spread] p1a\n|-activate|p1b: Dragonite|move: Protect\n|-resisted|p1a: Sneasler|1\n|-damage|p1a: Sneasler|86/100\n|-heal|p2b: Sinistcha|95/100|[from] drain|[of] p1a: Sneasler\n|\n|-weather|Snowscape|[upkeep]\n|upkeep\n|turn|2\n|\n|t:|1776108995\n|switch|p1b: Politoed|Politoed, L50, M|100/100\n|-weather|RainDance|[from] ability: Drizzle|[of] p1b: Politoed\n|move|p2a: Froslass|Blizzard|p1a: Sneasler|[spread] p1a,p1b\n|-resisted|p1b: Politoed|1\n|-damage|p1a: Sneasler|31/100\n|-damage|p1b: Politoed|85/100\n|move|p1a: Sneasler|Dire Claw|p2a: Froslass\n|-resisted|p2a: Froslass|1\n|-damage|p2a: Froslass|49/100\n|move|p2b: Sinistcha|Life Dew|p2b: Sinistcha|[spread] p2a,p2b\n|-heal|p2a: Froslass|74/100\n|-heal|p2b: Sinistcha|100/100\n|\n|-weather|RainDance|[upkeep]\n|upkeep\n|turn|3\n|\n|t:|1776109019\n|switch|p2a: Sneasler|Sneasler, L50, F|100/100\n|switch|p1a: Archaludon|Archaludon, L50, M|100/100\n|move|p2b: Sinistcha|Matcha Gotcha|p1a: Archaludon|[spread] p1a,p1b\n|-resisted|p1a: Archaludon|2\n|-supereffective|p1b: Politoed|1\n|-damage|p1a: Archaludon|92/100\n|-damage|p1b: Politoed|48/100\n|-status|p1a: Archaludon|brn\n|-ability|p1a: Archaludon|Stamina|boost\n|-boost|p1a: Archaludon|def|1\n|-enditem|p1b: Politoed|Sitrus Berry|[eat]\n|-heal|p1b: Politoed|73/100|[from] item: Sitrus Berry\n|move|p1b: Politoed|Icy Wind|p2b: Sinistcha|[spread] p2a,p2b\n|-supereffective|p2b: Sinistcha|1\n|-damage|p2a: Sneasler|93/100\n|-damage|p2b: Sinistcha|89/100\n|-unboost|p2a: Sneasler|spe|1\n|-unboost|p2b: Sinistcha|spe|1\n|-enditem|p2a: Sneasler|White Herb\n|-clearnegativeboost|p2a: Sneasler|[silent]\n|\n|-weather|RainDance|[upkeep]\n|-damage|p1a: Archaludon|86/100 brn|[from] brn\n|upkeep\n|turn|4\n|\n|t:|1776109067\n|switch|p2b: Froslass|Froslass-Mega, L50, F|74/100\n|-weather|Snowscape|[from] ability: Snow Warning|[of] p2b: Froslass\n|move|p2a: Sneasler|Protect|p2a: Sneasler\n|-singleturn|p2a: Sneasler|Protect\n|move|p1a: Archaludon|Protect|p1a: Archaludon\n|-singleturn|p1a: Archaludon|Protect\n|move|p1b: Politoed|Icy Wind|p2b: Froslass|[spread] p2b\n|-activate|p2a: Sneasler|move: Protect\n|-resisted|p2b: Froslass|1\n|-damage|p2b: Froslass|70/100\n|-unboost|p2b: Froslass|spe|1\n|\n|-weather|Snowscape|[upkeep]\n|-damage|p1a: Archaludon|80/100 brn|[from] brn\n|upkeep\n|turn|5\n|\n|t:|1776109112\n|move|p2a: Sneasler|Close Combat|p1a: Archaludon\n|-supereffective|p1a: Archaludon|1\n|-damage|p1a: Archaludon|15/100 brn\n|-unboost|p2a: Sneasler|def|1\n|-unboost|p2a: Sneasler|spd|1\n|-ability|p1a: Archaludon|Stamina|boost\n|-boost|p1a: Archaludon|def|1\n|move|p1a: Archaludon|Flash Cannon|p2b: Froslass\n|-supereffective|p2b: Froslass|1\n|-damage|p2b: Froslass|6/100\n|move|p2b: Froslass|Shadow Ball|p1a: Archaludon\n|-damage|p1a: Archaludon|0 fnt\n|faint|p1a: Archaludon\n|move|p1b: Politoed|Encore|p2a: Sneasler\n|-start|p2a: Sneasler|Encore\n|\n|-weather|Snowscape|[upkeep]\n|-sideend|p2: MilkTeaWayGalaxy|move: Aurora Veil\n|upkeep\n|\n|t:|1776109135\n|switch|p1a: Dragonite|Dragonite-Mega, L50, F|100/100\n|turn|6\n|\n|t:|1776109154\n|move|p2a: Sneasler|Close Combat|p1b: Politoed\n|-damage|p1b: Politoed|23/100\n|-unboost|p2a: Sneasler|def|1\n|-unboost|p2a: Sneasler|spd|1\n|move|p1a: Dragonite|Draco Meteor|p2a: Sneasler\n|-damage|p2a: Sneasler|0 fnt\n|-unboost|p1a: Dragonite|spa|2\n|faint|p2a: Sneasler\n|move|p2b: Froslass|Aurora Veil|p2b: Froslass\n|-sidestart|p2: MilkTeaWayGalaxy|move: Aurora Veil\n|move|p1b: Politoed|Icy Wind|p2b: Froslass|[miss]\n|-miss|p1b: Politoed|p2b: Froslass\n|\n|-weather|Snowscape|[upkeep]\n|upkeep\n|\n|t:|1776109175\n|switch|p2a: Sinistcha|Sinistcha, L50|89/100\n|-heal|p2b: Froslass|31/100|[from] ability: Hospitality|[of] p2a: Sinistcha\n|turn|7\n|\n|t:|1776109208\n|switch|p1a: Sneasler|Sneasler, L50, M|31/100\n|switch|p2b: Basculegion|Basculegion, L50, M|100/100\n|move|p1b: Politoed|Protect|p1b: Politoed\n|-singleturn|p1b: Politoed|Protect\n|move|p2a: Sinistcha|Matcha Gotcha|p1a: Sneasler|[spread] p1a\n|-activate|p1b: Politoed|move: Protect\n|-resisted|p1a: Sneasler|1\n|-damage|p1a: Sneasler|16/100\n|-heal|p2a: Sinistcha|96/100|[from] drain|[of] p1a: Sneasler\n|\n|-weather|Snowscape|[upkeep]\n|upkeep\n|turn|8\n|\n|t:|1776109238\n|switch|p1b: Dragonite|Dragonite-Mega, L50, F|100/100\n|move|p2b: Basculegion|Aqua Jet|p1a: Sneasler\n|-damage|p1a: Sneasler|0 fnt\n|faint|p1a: Sneasler\n|move|p2a: Sinistcha|Matcha Gotcha|p1b: Dragonite\n|-resisted|p1b: Dragonite|2\n|-damage|p1b: Dragonite|97/100\n|-heal|p2a: Sinistcha|98/100|[from] drain|[of] p1b: Dragonite\n|\n|-weather|none\n|upkeep\n|\n|t:|1776109246\n|switch|p1a: Politoed|Politoed, L50, M|23/100\n|-weather|RainDance|[from] ability: Drizzle|[of] p1a: Politoed\n|turn|9\n|j| ido1234567890\n|\n|t:|1776109261\n|move|p1b: Dragonite|Hurricane|p2a: Sinistcha\n|-supereffective|p2a: Sinistcha|1\n|-damage|p2a: Sinistcha|10/100\n|-enditem|p2a: Sinistcha|Sitrus Berry|[eat]\n|-heal|p2a: Sinistcha|35/100|[from] item: Sitrus Berry\n|move|p2b: Basculegion|Last Respects|p1b: Dragonite\n|-damage|p1b: Dragonite|37/100\n|move|p1a: Politoed|Icy Wind|p2b: Basculegion|[spread] p2a,p2b\n|-supereffective|p2a: Sinistcha|1\n|-resisted|p2b: Basculegion|1\n|-damage|p2a: Sinistcha|24/100\n|-damage|p2b: Basculegion|98/100\n|-unboost|p2a: Sinistcha|spe|1\n|-unboost|p2b: Basculegion|spe|1\n|move|p2a: Sinistcha|Matcha Gotcha|p1a: Politoed|[spread] p1a,p1b\n|-supereffective|p1a: Politoed|1\n|-resisted|p1b: Dragonite|2\n|-damage|p1a: Politoed|0 fnt\n|-heal|p2a: Sinistcha|38/100|[from] drain|[of] p1a: Politoed\n|-damage|p1b: Dragonite|32/100\n|-heal|p2a: Sinistcha|41/100|[from] drain|[of] p1b: Dragonite\n|-status|p1b: Dragonite|brn\n|faint|p1a: Politoed\n|\n|-weather|RainDance|[upkeep]\n|-damage|p1b: Dragonite|26/100 brn|[from] brn\n|upkeep\n|turn|10\n|c|\u2606PitolonDeFerro|gg mate\n|c|\u2606MilkTeaWayGalaxy|gg\n|c|\u2606PitolonDeFerro|cool team\n|c|\u2606MilkTeaWayGalaxy|ty\n|c|\u2606MilkTeaWayGalaxy|you yoo\n|c|\u2606MilkTeaWayGalaxy|*too\n|\n|t:|1776109290\n|move|p1b: Dragonite|Thunder|p2b: Basculegion\n|-supereffective|p2b: Basculegion|1\n|-damage|p2b: Basculegion|44/100\n|-status|p2b: Basculegion|par\n|move|p2a: Sinistcha|Matcha Gotcha|p1b: Dragonite\n|-resisted|p1b: Dragonite|2\n|-damage|p1b: Dragonite|19/100 brn\n|-heal|p2a: Sinistcha|44/100|[from] drain|[of] p1b: Dragonite\n|move|p2b: Basculegion|Last Respects|p1b: Dragonite\n|-damage|p1b: Dragonite|0 fnt\n|faint|p1b: Dragonite\n|\n|win|MilkTeaWayGalaxy\n",
  "uploadtime": 1776109306,
  "views": 11,
  "formatid": "gen9championsvgc2026regma",
  "rating": null,
  "private": 0,
  "password": null
}