{
  "id": "gen9championsvgc2026regma-2581755036",
  "format": "[Gen 9 Champions] VGC 2026 Reg M-A",
  "players": [
    "slienciotovarish",
    "Plaweh"
  ],
  "log": "|j|\u2606slienciotovarish\n|j|\u2606Plaweh\n|html|<table width=\"100%\"><tr><td align=\"left\">slienciotovarish</td><td align=\"right\">Plaweh</tr><tr><td align=\"left\"><i class=\"fa fa-circle-o\"></i> <i class=\"fa fa-circle-o\"></i> </td><td align=\"right\"><i class=\"fa fa-circle-o\"></i> <i class=\"fa fa-circle-o\"></i> </tr></table>\n|uhtml|bestof|<h2><strong>Game 1</strong> of <a href=\"/game-bestof3-gen9championsvgc2026regma-2581755035\">a best-of-3</a></h2>\n|t:|1776025882\n|gametype|doubles\n|player|p1|slienciotovarish|cynthia-gen4|\n|player|p2|Plaweh|elesa|\n|gen|9\n|tier|[Gen 9 Champions] VGC 2026 Reg M-A\n|rule|Species Clause: Limit one of each Pok\u00e9mon\n|rule|Item Clause: Limit 1 of each item\n|raw|<div class=\"infobox\"><details class=\"readmore\" open><summary><strong>1 custom rule:</strong></summary> Best of = 3</details></div>\n|clearpoke\n|poke|p1|Froslass, L50, F|\n|poke|p1|Noivern, L50, F|\n|poke|p1|Incineroar, L50, M|\n|poke|p1|Sinistcha-Masterpiece, L50|\n|poke|p1|Jolteon, L50, M|\n|poke|p1|Garchomp, L50, M|\n|poke|p2|Basculegion, L50, M|\n|poke|p2|Pelipper, L50, M|\n|poke|p2|Archaludon, L50, F|\n|poke|p2|Incineroar, L50, F|\n|poke|p2|Venusaur, L50, M|\n|poke|p2|Farigiraf, L50, F|\n|teampreview|4\n|c|\u2606Plaweh|Let's goo\n|c|\u2606slienciotovarish|Lets go\n|\n|t:|1776025908\n|teamsize|p1|4\n|teamsize|p2|4\n|start\n|switch|p1a: Wisp-Lady|Froslass, L50, F|100/100\n|switch|p1b: Worldchampdif|Incineroar, L50, M|100/100\n|switch|p2a: Farigiraf|Farigiraf, L50, F|100/100\n|switch|p2b: Incineroar|Incineroar, L50, F|100/100\n|-ability|p2b: Incineroar|Intimidate|boost\n|-unboost|p1a: Wisp-Lady|atk|1\n|-unboost|p1b: Worldchampdif|atk|1\n|-ability|p1b: Worldchampdif|Intimidate|boost\n|-unboost|p2a: Farigiraf|atk|1\n|-unboost|p2b: Incineroar|atk|1\n|turn|1\n|\n|t:|1776025951\n|detailschange|p1a: Wisp-Lady|Froslass-Mega, L50, F\n|-mega|p1a: Wisp-Lady|Froslass|Froslassite\n|-weather|Snowscape|[from] ability: Snow Warning|[of] p1a: Wisp-Lady\n|move|p1a: Wisp-Lady|Protect|p1a: Wisp-Lady\n|-singleturn|p1a: Wisp-Lady|Protect\n|move|p2a: Farigiraf|Psychic|p1a: Wisp-Lady\n|-activate|p1a: Wisp-Lady|move: Protect\n|move|p1b: Worldchampdif|Parting Shot|p2a: Farigiraf\n|-unboost|p2a: Farigiraf|atk|1\n|-unboost|p2a: Farigiraf|spa|1\n|c|\u2606Plaweh|aaaa\n|c|\u2606Plaweh|wpwp\n|\n|t:|1776025964\n|switch|p1b: Valk|Jolteon, L50, M|100/100|[from] Parting Shot\n|move|p2b: Incineroar|Flare Blitz|p1a: Wisp-Lady\n|-activate|p1a: Wisp-Lady|move: Protect\n|\n|-weather|Snowscape|[upkeep]\n|upkeep\n|turn|2\n|c|\u2606slienciotovarish|Im not actually new lol. But this format is weird to mr\n|c|\u2606slienciotovarish|Me\n|\n|t:|1776026006\n|switch|p1a: Worldchampdif|Incineroar, L50, M|100/100\n|-ability|p1a: Worldchampdif|Intimidate|boost\n|-unboost|p2a: Farigiraf|atk|1\n|-unboost|p2b: Incineroar|atk|1\n|switch|p2a: Archaludon|Archaludon, L50, F|100/100\n|move|p1b: Valk|Volt Switch|p2a: Archaludon\n|-resisted|p2a: Archaludon|1\n|-damage|p2a: Archaludon|79/100\n|-ability|p2a: Archaludon|Stamina|boost\n|-boost|p2a: Archaludon|def|1\n|c|\u2606Plaweh|haha is neew for the new chhampions game\n|c|\u2606Plaweh|I'm new in pokemon :(\n|\n|t:|1776026018\n|switch|p1b: Gar|Garchomp, L50, M|100/100|[from] Volt Switch\n|move|p2b: Incineroar|Parting Shot|p1a: Worldchampdif\n|-unboost|p1a: Worldchampdif|atk|1\n|-unboost|p1a: Worldchampdif|spa|1\n|c|\u2606slienciotovarish|Thats alright!\n|\n|t:|1776026050\n|switch|p2b: Farigiraf|Farigiraf, L50, F|100/100|[from] Parting Shot\n|\n|-weather|Snowscape|[upkeep]\n|upkeep\n|turn|3\n|c|\u2606slienciotovarish|Im still an intermediate player\n|c|\u2606slienciotovarish|Im not top ladder material\n|\n|t:|1776026074\n|move|p2b: Farigiraf|Helping Hand|p2a: Archaludon\n|-singleturn|p2a: Archaludon|Helping Hand|[of] p2b: Farigiraf\n|move|p1b: Gar|Earthquake|p2b: Farigiraf|[spread] p1a,p2a,p2b\n|-supereffective|p1a: Worldchampdif|1\n|-supereffective|p2a: Archaludon|1\n|-crit|p2b: Farigiraf\n|-damage|p1a: Worldchampdif|16/100\n|-damage|p2a: Archaludon|36/100\n|-damage|p2b: Farigiraf|30/100\n|-ability|p2a: Archaludon|Stamina|boost\n|-boost|p2a: Archaludon|def|1\n|move|p2a: Archaludon|Dragon Pulse|p1b: Gar\n|-supereffective|p1b: Gar|1\n|-damage|p1b: Gar|0 fnt\n|faint|p1b: Gar\n|move|p1a: Worldchampdif|Parting Shot|p2a: Archaludon\n|-unboost|p2a: Archaludon|atk|1\n|-unboost|p2a: Archaludon|spa|1\n|c|\u2606Plaweh|you play goood\n|\n|t:|1776026090\n|switch|p1a: Wisp-Lady|Froslass-Mega, L50, F|100/100|[from] Parting Shot\n|\n|-weather|Snowscape|[upkeep]\n|upkeep\n|\n|t:|1776026097\n|switch|p1b: Valk|Jolteon, L50, M|100/100\n|turn|4\n|\n|t:|1776026120\n|move|p1b: Valk|Hyper Beam|p2a: Archaludon\n|-resisted|p2a: Archaludon|1\n|-damage|p2a: Archaludon|5/100\n|-mustrecharge|p1b: Valk\n|-ability|p2a: Archaludon|Stamina|boost\n|-boost|p2a: Archaludon|def|1\n|move|p1a: Wisp-Lady|Blizzard|p2a: Archaludon|[spread] p2a,p2b\n|-damage|p2a: Archaludon|0 fnt\n|-damage|p2b: Farigiraf|0 fnt\n|faint|p2a: Archaludon\n|faint|p2b: Farigiraf\n|\n|-weather|Snowscape|[upkeep]\n|upkeep\n|\n|t:|1776026131\n|switch|p2a: Incineroar|Incineroar, L50, F|100/100\n|switch|p2b: Basculegion|Basculegion, L50, M|100/100\n|-ability|p2a: Incineroar|Intimidate|boost\n|-unboost|p1a: Wisp-Lady|atk|1\n|-unboost|p1b: Valk|atk|1\n|turn|5\n|c|\u2606slienciotovarish|Thank you\n|\n|t:|1776026155\n|switch|p1a: Worldchampdif|Incineroar, L50, M|16/100\n|-ability|p1a: Worldchampdif|Intimidate|boost\n|-unboost|p2a: Incineroar|atk|1\n|-unboost|p2b: Basculegion|atk|1\n|move|p2a: Incineroar|Fake Out|p1b: Valk\n|-crit|p1b: Valk\n|-damage|p1b: Valk|68/100\n|cant|p1b: Valk|recharge\n|move|p2b: Basculegion|Last Respects|p1b: Valk\n|-damage|p1b: Valk|0 fnt\n|faint|p1b: Valk\n|\n|-weather|none\n|upkeep\n|\n|t:|1776026170\n|switch|p1b: Wisp-Lady|Froslass-Mega, L50, F|100/100\n|-weather|Snowscape|[from] ability: Snow Warning|[of] p1b: Wisp-Lady\n|turn|6\n|\n|t:|1776026195\n|move|p1a: Worldchampdif|Fake Out|p2b: Basculegion\n|-immune|p2b: Basculegion\n|move|p2b: Basculegion|Aqua Jet|p1a: Worldchampdif\n|-supereffective|p1a: Worldchampdif|1\n|-damage|p1a: Worldchampdif|0 fnt\n|faint|p1a: Worldchampdif\n|move|p1b: Wisp-Lady|Nasty Plot|p1b: Wisp-Lady\n|-boost|p1b: Wisp-Lady|spa|2\n|move|p2a: Incineroar|Flare Blitz|p1b: Wisp-Lady\n|-supereffective|p1b: Wisp-Lady|1\n|-damage|p1b: Wisp-Lady|31/100\n|-damage|p2a: Incineroar|84/100|[from] Recoil\n|\n|-weather|Snowscape|[upkeep]\n|upkeep\n|turn|7\n|c|\u2606slienciotovarish|I FORGIT\n|c|\u2606Plaweh|:/\n|c|\u2606Plaweh|agaaain\n|c|\u2606Plaweh|noooo\n|\n|t:|1776026216\n|move|p2b: Basculegion|Aqua Jet|p1b: Wisp-Lady\n|-damage|p1b: Wisp-Lady|14/100\n|move|p1b: Wisp-Lady|Shadow Ball|p2b: Basculegion\n|-supereffective|p2b: Basculegion|1\n|-damage|p2b: Basculegion|0 fnt\n|faint|p2b: Basculegion\n|move|p2a: Incineroar|Parting Shot|p1b: Wisp-Lady\n|-unboost|p1b: Wisp-Lady|atk|1\n|-unboost|p1b: Wisp-Lady|spa|1\n|\n|-weather|Snowscape|[upkeep]\n|upkeep\n|turn|8\n|c|\u2606slienciotovarish|You could have won with flare blitx\n|c|\u2606slienciotovarish|Blitz\n|c|\u2606slienciotovarish|:p\n|c|\u2606Plaweh|yeee\n|\n|t:|1776026243\n|move|p1b: Wisp-Lady|Blizzard|p2a: Incineroar\n|-resisted|p2a: Incineroar|1\n|-damage|p2a: Incineroar|44/100\n|-enditem|p2a: Incineroar|Sitrus Berry|[eat]\n|-heal|p2a: Incineroar|69/100|[from] item: Sitrus Berry\n|move|p2a: Incineroar|Flare Blitz|p1b: Wisp-Lady\n|-supereffective|p1b: Wisp-Lady|1\n|-damage|p1b: Wisp-Lady|0 fnt\n|faint|p1b: Wisp-Lady\n|-damage|p2a: Incineroar|65/100|[from] Recoil\n|\n|win|Plaweh\n|c|\u2606slienciotovarish|But i still lose\n||Plaweh is ready for game 2.\n|inactive|slienciotovarish has 30 seconds to confirm battle start!\n||slienciotovarish is ready for game 2.\n|uhtml|next|Next: <a href=\"/battle-gen9championsvgc2026regma-2581759978\"><strong>Game 2 of 3</strong></a>\n|l|\u2606Plaweh\n|player|p2|\n|l|\u2606slienciotovarish\n|player|p1|\n|j|\u2606Plaweh\n|player|p2|Plaweh|elesa|\n|l|\u2606Plaweh\n|player|p2|\n|j|\u2606Plaweh\n|player|p2|Plaweh|elesa|\n|l|\u2606Plaweh\n|player|p2|\n|j|\u2606Plaweh\n|player|p2|Plaweh|elesa|\n",
  "uploadtime": 1776026576,
  "views": 16,
  "formatid": "gen9championsvgc2026regma",
  "rating": null,
  "private": 0,
  "password": null
}