{
  "id": "gen9championsvgc2026regma-2583429390",
  "format": "[Gen 9 Champions] VGC 2026 Reg M-A",
  "players": [
    "M0AK",
    "coolclippy"
  ],
  "log": "|j|\u2606M0AK\n|j|\u2606coolclippy\n|t:|1776175075\n|gametype|doubles\n|player|p1|M0AK|1|1000\n|player|p2|coolclippy|clown|1000\n|gen|9\n|tier|[Gen 9 Champions] VGC 2026 Reg M-A\n|rated|\n|rule|Species Clause: Limit one of each Pok\u00e9mon\n|rule|Item Clause: Limit 1 of each item\n|clearpoke\n|poke|p1|Pelipper, L50, M|\n|poke|p1|Archaludon, L50, F|\n|poke|p1|Basculegion, L50, M|\n|poke|p1|Kingambit, L50, F|\n|poke|p1|Sneasler, L50, F|\n|poke|p1|Sinistcha, L50|\n|poke|p2|Hawlucha, L50, F|\n|poke|p2|Incineroar, L50, F|\n|poke|p2|Palafin, L50, F|\n|poke|p2|Pelipper, L50, F|\n|poke|p2|Venusaur, L50, M|\n|poke|p2|Archaludon, L50, M|\n|teampreview|4\n|inactive|Battle timer is ON: inactive players will automatically lose when time's up. (requested by M0AK)\n|inactive|M0AK has 60 seconds left.\n|inactive|coolclippy has 60 seconds left.\n|\n|t:|1776175131\n|teamsize|p1|4\n|teamsize|p2|4\n|start\n|switch|p1a: Sneasler|Sneasler, L50, F|100/100\n|switch|p1b: King Nothing|Kingambit, L50, F|100/100\n|switch|p2a: Venusaur|Venusaur, L50, M|100/100\n|switch|p2b: Incineroar|Incineroar, L50, F|100/100\n|-ability|p1a: Sneasler|Pressure\n|-ability|p2b: Incineroar|Intimidate|boost\n|-unboost|p1a: Sneasler|atk|1\n|-unboost|p1b: King Nothing|atk|1\n|-ability|p1b: King Nothing|Defiant|boost\n|-boost|p1b: King Nothing|atk|2\n|-enditem|p1a: Sneasler|White Herb\n|-clearnegativeboost|p1a: Sneasler|[silent]\n|turn|1\n|inactive|M0AK has 30 seconds left.\n|inactive|coolclippy has 30 seconds left.\n|inactive|M0AK has 20 seconds left.\n|inactive|coolclippy has 20 seconds left.\n|inactive|M0AK has 15 seconds left.\n|inactive|coolclippy has 15 seconds left.\n|inactive|coolclippy has 10 seconds left.\n|inactive|M0AK has 10 seconds left.\n|inactive|coolclippy has 5 seconds left.\n|inactive|M0AK has 5 seconds left.\n|\n|t:|1776175188\n|switch|p2a: Palafin|Palafin, L50, F, shiny|100/100\n|move|p1a: Sneasler|Protect|p1a: Sneasler\n|-singleturn|p1a: Sneasler|Protect\n|move|p1b: King Nothing|Protect|p1b: King Nothing\n|-singleturn|p1b: King Nothing|Protect\n|move|p2b: Incineroar|Fake Out|p1a: Sneasler\n|-activate|p1a: Sneasler|move: Protect\n|\n|upkeep\n|turn|2\n|inactive|coolclippy has 30 seconds left.\n|inactive|coolclippy has 20 seconds left.\n|\n|t:|1776175227\n|move|p1a: Sneasler|Close Combat|p2b: Incineroar\n|-supereffective|p2b: Incineroar|1\n|-crit|p2b: Incineroar\n|-damage|p2b: Incineroar|0 fnt\n|-unboost|p1a: Sneasler|def|1\n|-unboost|p1a: Sneasler|spd|1\n|faint|p2b: Incineroar\n|move|p2a: Palafin|Flip Turn|p1a: Sneasler\n|-damage|p1a: Sneasler|51/100\n|\n|t:|1776175239\n|detailschange|p2a: Palafin|Palafin-Hero, L50, F, shiny\n|switch|p2a: Venusaur|Venusaur, L50, M|100/100|[from] Flip Turn\n|move|p1b: King Nothing|Swords Dance|p1b: King Nothing\n|-boost|p1b: King Nothing|atk|2\n|\n|upkeep\n|\n|t:|1776175246\n|switch|p2b: Palafin|Palafin-Hero, L50, F, shiny|100/100\n|-activate|p2b: Palafin|ability: Zero to Hero\n|turn|3\n|inactive|coolclippy has 30 seconds left.\n|\n|t:|1776175274\n|detailschange|p2a: Venusaur|Venusaur-Mega, L50, M\n|-mega|p2a: Venusaur|Venusaur|Venusaurite\n|move|p1b: King Nothing|Sucker Punch|p2b: Palafin\n|-damage|p2b: Palafin|0 fnt\n|faint|p2b: Palafin\n|move|p1a: Sneasler|Dire Claw|p2a: Venusaur\n|-damage|p2a: Venusaur|56/100\n|move|p2a: Venusaur|Sludge Bomb|p1a: Sneasler\n|-resisted|p1a: Sneasler|1\n|-damage|p1a: Sneasler|1/100\n|\n|upkeep\n|\n|t:|1776175286\n|switch|p2b: Archaludon|Archaludon, L50, M, shiny|100/100\n|turn|4\n|\n|t:|1776175303\n|move|p2b: Archaludon|Protect|p2b: Archaludon\n|-singleturn|p2b: Archaludon|Protect\n|move|p1a: Sneasler|Close Combat|p2b: Archaludon\n|-activate|p2b: Archaludon|move: Protect\n|move|p2a: Venusaur|Sludge Bomb|p1a: Sneasler\n|-resisted|p1a: Sneasler|1\n|-damage|p1a: Sneasler|0 fnt\n|faint|p1a: Sneasler\n|move|p1b: King Nothing|Kowtow Cleave|p2a: Venusaur\n|-damage|p2a: Venusaur|0 fnt\n|faint|p2a: Venusaur\n|\n|upkeep\n|\n|t:|1776175324\n|switch|p1a: Sinistcha|Sinistcha, L50|100/100\n|turn|5\n|\n|t:|1776175334\n|move|p1a: Sinistcha|Rage Powder|p1a: Sinistcha\n|-singleturn|p1a: Sinistcha|move: Rage Powder\n|move|p2b: Archaludon|Steel Beam|p1a: Sinistcha\n|-damage|p1a: Sinistcha|33/100\n|-damage|p2b: Archaludon|50/100|[from] steelbeam\n|-enditem|p1a: Sinistcha|Sitrus Berry|[eat]\n|-heal|p1a: Sinistcha|57/100|[from] item: Sitrus Berry\n|-heal|p2b: Archaludon|59/100|[from] item: Shell Bell|[of] p1a: Sinistcha\n|move|p1b: King Nothing|Kowtow Cleave|p2b: Archaludon\n|-damage|p2b: Archaludon|0 fnt\n|faint|p2b: Archaludon\n|\n|win|M0AK\n|raw|M0AK's rating: 1000 &rarr; <strong>1040</strong><br />(+40 for winning)\n|raw|coolclippy's rating: 1000 &rarr; <strong>1000</strong><br />(+0 for losing)\n|c|\u2606M0AK|ggwp\n|l|\u2606coolclippy\n|player|p2|\n",
  "uploadtime": 1776175380,
  "views": 16,
  "formatid": "gen9championsvgc2026regma",
  "rating": 1000,
  "private": 0,
  "password": null
}