{
  "id": "gen9championsvgc2026regma-2585657946",
  "format": "[Gen 9 Champions] VGC 2026 Reg M-A",
  "players": [
    "kommomaxxing",
    "Tepig_nNz_498"
  ],
  "log": "|j|\u203dkommomaxxing\n|j|\u2606Tepig_nNz_498\n|t:|1776361755\n|gametype|doubles\n|player|p1|kommomaxxing|clown|1412\n|player|p2|Tepig_nNz_498|170|1405\n|gen|9\n|tier|[Gen 9 Champions] VGC 2026 Reg M-A\n|rated|\n|rule|Species Clause: Limit one of each Pok\u00e9mon\n|rule|Item Clause: Limit 1 of each item\n|clearpoke\n|poke|p1|Klefki, L50, M|\n|poke|p1|Drampa, L50, M|\n|poke|p1|Sinistcha, L50|\n|poke|p1|Farigiraf, L50, F|\n|poke|p1|Scizor, L50, F|\n|poke|p1|Milotic, L50, F|\n|poke|p2|Politoed, L50, M|\n|poke|p2|Archaludon, L50, M|\n|poke|p2|Pelipper, L50, M|\n|poke|p2|Dragonite, L50, M|\n|poke|p2|Whimsicott, L50, F|\n|poke|p2|Basculegion, L50, M|\n|teampreview|4\n|inactive|Battle timer is ON: inactive players will automatically lose when time's up. (requested by Tepig_nNz_498)\n|\n|t:|1776361795\n|teamsize|p1|4\n|teamsize|p2|4\n|start\n|switch|p1a: Sinistcha|Sinistcha, L50|100/100\n|switch|p1b: Drampa|Drampa, L50, M|100/100\n|switch|p2a: Archaludon|Archaludon, L50, M|100/100\n|switch|p2b: Whimsicott|Whimsicott, L50, F|100/100\n|-ability|p1b: Drampa|Cloud Nine\n|turn|1\n|\n|t:|1776361816\n|move|p1b: Drampa|Protect|p1b: Drampa\n|-singleturn|p1b: Drampa|Protect\n|move|p2b: Whimsicott|Moonblast|p1b: Drampa\n|-activate|p1b: Drampa|move: Protect\n|move|p2a: Archaludon|Dragon Pulse|p1b: Drampa\n|-activate|p1b: Drampa|move: Protect\n|move|p1a: Sinistcha|Trick Room|p1a: Sinistcha\n|-fieldstart|move: Trick Room|[of] p1a: Sinistcha\n|\n|upkeep\n|turn|2\n|\n|t:|1776361827\n|detailschange|p1b: Drampa|Drampa-Mega, L50, M\n|-mega|p1b: Drampa|Drampa|Drampanite\n|move|p1a: Sinistcha|Rage Powder|p1a: Sinistcha\n|-singleturn|p1a: Sinistcha|move: Rage Powder\n|move|p2b: Whimsicott|Encore|p1b: Drampa\n|-start|p1b: Drampa|Encore\n|move|p1b: Drampa|Protect||[still]\n|-fail|p1b: Drampa\n|move|p2a: Archaludon|Dragon Pulse|p1a: Sinistcha\n|-damage|p1a: Sinistcha|58/100\n|\n|upkeep\n|turn|3\n|inactive|Tepig_nNz_498 has 30 seconds left.\n|\n|t:|1776361859\n|switch|p1b: Milotic|Milotic, L50, F|100/100\n|switch|p1a: Klefki|Klefki, L50, M|100/100\n|switch|p2b: Pelipper|Pelipper, L50, M|100/100\n|-weather|RainDance|[from] ability: Drizzle|[of] p2b: Pelipper\n|move|p2a: Archaludon|Electro Shot||[still]\n|-prepare|p2a: Archaludon|Electro Shot\n|-boost|p2a: Archaludon|spa|1\n|-anim|p2a: Archaludon|Electro Shot|p1b: Milotic\n|-supereffective|p1b: Milotic|1\n|-damage|p1b: Milotic|0 fnt\n|faint|p1b: Milotic\n|\n|-weather|RainDance|[upkeep]\n|upkeep\n|\n|t:|1776361868\n|switch|p1b: Drampa|Drampa-Mega, L50, M|100/100\n|turn|4\n|\n|t:|1776361885\n|move|p1a: Klefki|Light Screen|p1a: Klefki\n|-sidestart|p1: kommomaxxing|move: Light Screen\n|move|p1b: Drampa|Dragon Pulse|p2a: Archaludon\n|-damage|p2a: Archaludon|30/100\n|-ability|p2a: Archaludon|Stamina|boost\n|-boost|p2a: Archaludon|def|1\n|move|p2b: Pelipper|Weather Ball|p1a: Klefki\n|-damage|p1a: Klefki|47/100\n|move|p2a: Archaludon|Dragon Pulse|p1b: Drampa\n|-supereffective|p1b: Drampa|1\n|-damage|p1b: Drampa|26/100\n|-ability|p1b: Drampa|Berserk|boost\n|-boost|p1b: Drampa|spa|1\n|\n|-weather|RainDance|[upkeep]\n|-heal|p2a: Archaludon|37/100|[from] item: Leftovers\n|upkeep\n|turn|5\n|\n|t:|1776361907\n|switch|p1a: Sinistcha|Sinistcha, L50|58/100\n|-heal|p1b: Drampa|51/100|[from] ability: Hospitality|[of] p1a: Sinistcha\n|move|p2a: Archaludon|Protect|p2a: Archaludon\n|-singleturn|p2a: Archaludon|Protect\n|move|p1b: Drampa|Dragon Pulse|p2a: Archaludon\n|-activate|p2a: Archaludon|move: Protect\n|move|p2b: Pelipper|Weather Ball|p1a: Sinistcha\n|-resisted|p1a: Sinistcha|1\n|-damage|p1a: Sinistcha|39/100\n|-enditem|p1a: Sinistcha|Sitrus Berry|[eat]\n|-heal|p1a: Sinistcha|63/100|[from] item: Sitrus Berry\n|\n|-weather|RainDance|[upkeep]\n|-heal|p2a: Archaludon|43/100|[from] item: Leftovers\n|-fieldend|move: Trick Room\n|upkeep\n|turn|6\n|j| I'mFrancis\n|\n|t:|1776361926\n|move|p1b: Drampa|Protect|p1b: Drampa\n|-singleturn|p1b: Drampa|Protect\n|move|p2a: Archaludon|Electro Shot||[still]\n|-prepare|p2a: Archaludon|Electro Shot\n|-boost|p2a: Archaludon|spa|1\n|-anim|p2a: Archaludon|Electro Shot|p1a: Sinistcha\n|-resisted|p1a: Sinistcha|1\n|-damage|p1a: Sinistcha|35/100\n|move|p2b: Pelipper|Hurricane|p2a: Archaludon\n|-resisted|p2a: Archaludon|1\n|-damage|p2a: Archaludon|12/100\n|-ability|p2a: Archaludon|Stamina|boost\n|-boost|p2a: Archaludon|def|1\n|move|p1a: Sinistcha|Trick Room|p1a: Sinistcha\n|-fieldstart|move: Trick Room|[of] p1a: Sinistcha\n|\n|-weather|RainDance|[upkeep]\n|-heal|p2a: Archaludon|18/100|[from] item: Leftovers\n|upkeep\n|turn|7\n|\n|t:|1776361949\n|move|p2a: Archaludon|Protect|p2a: Archaludon\n|-singleturn|p2a: Archaludon|Protect\n|move|p1b: Drampa|Hyper Voice|p2b: Pelipper|[spread] p2b\n|-activate|p2a: Archaludon|move: Protect\n|-damage|p2b: Pelipper|3/100\n|-enditem|p2b: Pelipper|Sitrus Berry|[eat]\n|-heal|p2b: Pelipper|27/100|[from] item: Sitrus Berry\n|move|p2b: Pelipper|Hurricane|p1b: Drampa\n|-damage|p1b: Drampa|22/100\n|-ability|p1b: Drampa|Berserk|boost\n|-boost|p1b: Drampa|spa|1\n|move|p1a: Sinistcha|Matcha Gotcha|p2a: Archaludon|[spread] p2b\n|-activate|p2a: Archaludon|move: Protect\n|-damage|p2b: Pelipper|0 fnt\n|-heal|p1a: Sinistcha|48/100|[from] drain|[of] p2b: Pelipper\n|faint|p2b: Pelipper\n|\n|-weather|none\n|-heal|p2a: Archaludon|24/100|[from] item: Leftovers\n|upkeep\n|\n|t:|1776361965\n|switch|p2b: Whimsicott|Whimsicott, L50, F|100/100\n|turn|8\n|\n|t:|1776361975\n|move|p2b: Whimsicott|Encore|p1b: Drampa\n|-start|p1b: Drampa|Encore\n|move|p1b: Drampa|Hyper Voice|p2b: Whimsicott|[spread] p2a,p2b\n|-resisted|p2a: Archaludon|1\n|-damage|p2a: Archaludon|0 fnt\n|-enditem|p2b: Whimsicott|Focus Sash\n|-damage|p2b: Whimsicott|1/100\n|faint|p2a: Archaludon\n|move|p1a: Sinistcha|Life Dew|p1a: Sinistcha|[spread] p1a,p1b\n|-heal|p1a: Sinistcha|74/100\n|-heal|p1b: Drampa|47/100\n|\n|-sideend|p1: kommomaxxing|move: Light Screen\n|upkeep\n|\n|t:|1776361982\n|switch|p2a: Dragonite|Dragonite, L50, M|100/100\n|turn|9\n|inactive|Tepig_nNz_498 has 30 seconds left.\n|\n|t:|1776362015\n|move|p2a: Dragonite|Protect|p2a: Dragonite\n|-singleturn|p2a: Dragonite|Protect\n|move|p1a: Sinistcha|Rage Powder|p1a: Sinistcha\n|-singleturn|p1a: Sinistcha|move: Rage Powder\n|move|p2b: Whimsicott|Encore|p1a: Sinistcha\n|-start|p1a: Sinistcha|Encore\n|move|p1b: Drampa|Hyper Voice|p2a: Dragonite|[spread] p2b\n|-activate|p2a: Dragonite|move: Protect\n|-crit|p2b: Whimsicott\n|-damage|p2b: Whimsicott|0 fnt\n|faint|p2b: Whimsicott\n|\n|upkeep\n|turn|10\n|\n|t:|1776362025\n|move|p2a: Dragonite|Protect|p2a: Dragonite\n|-singleturn|p2a: Dragonite|Protect\n|move|p1a: Sinistcha|Rage Powder|p1a: Sinistcha\n|-singleturn|p1a: Sinistcha|move: Rage Powder\n|move|p1b: Drampa|Hyper Voice|p2a: Dragonite\n|-activate|p2a: Dragonite|move: Protect\n|\n|-end|p1b: Drampa|Encore\n|-fieldend|move: Trick Room\n|upkeep\n|turn|11\n|\n|t:|1776362036\n|detailschange|p2a: Dragonite|Dragonite-Mega, L50, M\n|-mega|p2a: Dragonite|Dragonite|Dragoninite\n|move|p1a: Sinistcha|Rage Powder|p1a: Sinistcha\n|-singleturn|p1a: Sinistcha|move: Rage Powder\n|move|p2a: Dragonite|Dragon Pulse|p1a: Sinistcha\n|-damage|p1a: Sinistcha|33/100\n|move|p1b: Drampa|Dragon Pulse|p2a: Dragonite\n|-supereffective|p2a: Dragonite|1\n|-damage|p2a: Dragonite|0 fnt\n|faint|p2a: Dragonite\n|\n|win|kommomaxxing\n|raw|kommomaxxing's rating: 1412 &rarr; <strong>1432</strong><br />(+20 for winning)\n|raw|Tepig_nNz_498's rating: 1405 &rarr; <strong>1385</strong><br />(-20 for losing)\n|l|\u2606Tepig_nNz_498\n|player|p2|\n|l| I'mFrancis\n",
  "uploadtime": 1776362046,
  "views": 41,
  "formatid": "gen9championsvgc2026regma",
  "rating": 1385,
  "private": 0,
  "password": null
}