{
  "id": "gen9championsvgc2026regma-2581473168",
  "format": "[Gen 9 Champions] VGC 2026 Reg M-A",
  "players": [
    "darksol1111",
    "cristian7gg"
  ],
  "log": "|j|\u2606darksol1111\n|j|\u2606cristian7gg\n|t:|1776003764\n|gametype|doubles\n|player|p1|darksol1111|veteran|1103\n|player|p2|cristian7gg|hilbert|1207\n|gen|9\n|tier|[Gen 9 Champions] VGC 2026 Reg M-A\n|rated|\n|rule|Species Clause: Limit one of each Pok\u00e9mon\n|rule|Item Clause: Limit 1 of each item\n|clearpoke\n|poke|p1|Charizard, L50, F|\n|poke|p1|Venusaur, L50, M|\n|poke|p1|Rotom-Wash, L50|\n|poke|p1|Garchomp, L50, F|\n|poke|p1|Sneasler, L50, M|\n|poke|p1|Incineroar, L50, F|\n|poke|p2|Talonflame, L50, M|\n|poke|p2|Palafin, L50, F|\n|poke|p2|Meganium, L50, F|\n|poke|p2|Hydreigon, L50, M|\n|poke|p2|Aegislash, L50, F|\n|poke|p2|Sneasler, L50, F|\n|teampreview|4\n|\n|t:|1776003790\n|teamsize|p1|4\n|teamsize|p2|4\n|start\n|switch|p1a: Charizard|Charizard, L50, F, shiny|100/100\n|switch|p1b: Garchomp|Garchomp, L50, F, shiny|100/100\n|switch|p2a: Talonflame|Talonflame, L50, M|100/100\n|switch|p2b: Heloz|Hydreigon, L50, M|100/100\n|turn|1\n|\n|t:|1776003807\n|switch|p1a: Incineroar|Incineroar, L50, F, shiny|100/100\n|-ability|p1a: Incineroar|Intimidate|boost\n|-unboost|p2a: Talonflame|atk|1\n|-unboost|p2b: Heloz|atk|1\n|move|p2a: Talonflame|Tailwind|p2a: Talonflame\n|-sidestart|p2: cristian7gg|move: Tailwind\n|move|p2b: Heloz|Draco Meteor|p1b: Garchomp\n|-supereffective|p1b: Garchomp|1\n|-crit|p1b: Garchomp\n|-damage|p1b: Garchomp|0 fnt\n|-unboost|p2b: Heloz|spa|2\n|faint|p1b: Garchomp\n|\n|upkeep\n|\n|t:|1776003819\n|switch|p1b: Venusaur|Venusaur, L50, M, shiny|100/100\n|turn|2\n|\n|t:|1776003829\n|switch|p2b: excalibur n|Aegislash, L50, F|100/100\n|move|p2a: Talonflame|Protect|p2a: Talonflame\n|-singleturn|p2a: Talonflame|Protect\n|move|p1a: Incineroar|Fake Out|p2a: Talonflame\n|-activate|p2a: Talonflame|move: Protect\n|move|p1b: Venusaur|Sleep Powder|p2b: excalibur n|[miss]\n|-miss|p1b: Venusaur|p2b: excalibur n\n|\n|upkeep\n|turn|3\n|\n|t:|1776003844\n|switch|p2b: Heloz|Hydreigon, L50, M|100/100\n|move|p1b: Venusaur|Protect|p1b: Venusaur\n|-singleturn|p1b: Venusaur|Protect\n|move|p2a: Talonflame|Overheat|p1b: Venusaur\n|-activate|p1b: Venusaur|move: Protect\n|move|p1a: Incineroar|Darkest Lariat|p2b: Heloz\n|-resisted|p2b: Heloz|1\n|-damage|p2b: Heloz|75/100\n|\n|upkeep\n|turn|4\n|\n|t:|1776003858\n|switch|p1b: Charizard|Charizard, L50, F, shiny|100/100\n|move|p2a: Talonflame|Overheat|p1b: Charizard\n|-resisted|p1b: Charizard|1\n|-damage|p1b: Charizard|69/100\n|-unboost|p2a: Talonflame|spa|2\n|move|p2b: Heloz|Earth Power|p1a: Incineroar\n|-supereffective|p1a: Incineroar|1\n|-damage|p1a: Incineroar|44/100\n|-enditem|p1a: Incineroar|Sitrus Berry|[eat]\n|-heal|p1a: Incineroar|69/100|[from] item: Sitrus Berry\n|move|p1a: Incineroar|Parting Shot|p2b: Heloz\n|-unboost|p2b: Heloz|atk|1\n|-unboost|p2b: Heloz|spa|1\n|\n|t:|1776003871\n|switch|p1a: Venusaur|Venusaur, L50, M, shiny|100/100|[from] Parting Shot\n|\n|-sideend|p2: cristian7gg|move: Tailwind\n|upkeep\n|turn|5\n|\n|t:|1776003881\n|detailschange|p1b: Charizard|Charizard-Mega-Y, L50, F, shiny\n|-mega|p1b: Charizard|Charizard|Charizardite Y\n|-weather|SunnyDay|[from] ability: Drought|[of] p1b: Charizard\n|move|p2a: Talonflame|Brave Bird|p1a: Venusaur\n|-supereffective|p1a: Venusaur|1\n|-damage|p1a: Venusaur|26/100\n|-damage|p2a: Talonflame|76/100|[from] Recoil\n|move|p1a: Venusaur|Sleep Powder|p2b: Heloz\n|-status|p2b: Heloz|slp|[from] move: Sleep Powder\n|move|p1b: Charizard|Heat Wave|p2a: Talonflame|[spread] p2a,p2b\n|-resisted|p2a: Talonflame|1\n|-resisted|p2b: Heloz|1\n|-damage|p2a: Talonflame|21/100\n|-damage|p2b: Heloz|41/100 slp\n|cant|p2b: Heloz|slp\n|\n|-weather|SunnyDay|[upkeep]\n|upkeep\n|turn|6\n|\n|t:|1776003909\n|move|p1a: Venusaur|Sludge Bomb|p2a: Talonflame\n|-damage|p2a: Talonflame|0 fnt\n|faint|p2a: Talonflame\n|move|p1b: Charizard|Heat Wave|p2b: Heloz\n|-resisted|p2b: Heloz|1\n|-damage|p2b: Heloz|0 fnt\n|faint|p2b: Heloz\n|\n|-weather|SunnyDay|[upkeep]\n|upkeep\n|\n|t:|1776003914\n|switch|p2a: excalibur n|Aegislash, L50, F|100/100\n|switch|p2b: Sneasler|Sneasler, L50, F|100/100\n|turn|7\n|\n|t:|1776003927\n|move|p1b: Charizard|Protect|p1b: Charizard\n|-singleturn|p1b: Charizard|Protect\n|move|p2b: Sneasler|Fake Out|p1b: Charizard\n|-activate|p1b: Charizard|move: Protect\n|move|p1a: Venusaur|Sleep Powder|p2b: Sneasler\n|-status|p2b: Sneasler|slp|[from] move: Sleep Powder\n|-formechange|p2a: excalibur n|Aegislash-Blade|\n|move|p2a: excalibur n|Iron Head|p1a: Venusaur\n|-damage|p1a: Venusaur|0 fnt\n|faint|p1a: Venusaur\n|\n|-weather|SunnyDay|[upkeep]\n|upkeep\n|\n|t:|1776003938\n|switch|p1a: Incineroar|Incineroar, L50, F, shiny|69/100\n|-ability|p1a: Incineroar|Intimidate|boost\n|-unboost|p2a: excalibur n|atk|1\n|-unboost|p2b: Sneasler|atk|1\n|turn|8\n|\n|t:|1776003947\n|move|p2a: excalibur n|Wide Guard|p2a: excalibur n\n|-singleturn|p2a: excalibur n|Wide Guard\n|cant|p2b: Sneasler|slp\n|move|p1b: Charizard|Heat Wave|p2b: Sneasler|[spread] \n|-activate|p2a: excalibur n|move: Wide Guard\n|-activate|p2b: Sneasler|move: Wide Guard\n|move|p1a: Incineroar|Darkest Lariat|p2a: excalibur n\n|-supereffective|p2a: excalibur n|1\n|-damage|p2a: excalibur n|0 fnt\n|faint|p2a: excalibur n\n|\n|-weather|SunnyDay|[upkeep]\n|upkeep\n|turn|9\n|\n|t:|1776003961\n|cant|p2b: Sneasler|slp\n|move|p1b: Charizard|Weather Ball|p2b: Sneasler\n|-enditem|p2b: Sneasler|Focus Sash\n|-damage|p2b: Sneasler|1/100 slp\n|move|p1a: Incineroar|Flare Blitz|p2b: Sneasler\n|-damage|p2b: Sneasler|0 fnt\n|faint|p2b: Sneasler\n|-damage|p1a: Incineroar|68/100|[from] Recoil\n|\n|win|darksol1111\n|raw|darksol1111's rating: 1103 &rarr; <strong>1135</strong><br />(+32 for winning)\n|raw|cristian7gg's rating: 1207 &rarr; <strong>1175</strong><br />(-32 for losing)\n|l|\u2606cristian7gg\n|player|p2|\n|c|\u2606darksol1111|gg\n",
  "uploadtime": 1776004165,
  "views": 18,
  "formatid": "gen9championsvgc2026regma",
  "rating": 1135,
  "private": 0,
  "password": null
}