{
  "id": "gen9championsvgc2026regma-2589544145",
  "format": "[Gen 9 Champions] VGC 2026 Reg M-A",
  "players": [
    "noohooloo",
    "blazegeo"
  ],
  "log": "|j|\u2606noohooloo\n|j|\u2606blazegeo\n|t:|1776732682\n|gametype|doubles\n|player|p1|noohooloo|cynthia-gen4|1132\n|player|p2|blazegeo|266|1100\n|gen|9\n|tier|[Gen 9 Champions] VGC 2026 Reg M-A\n|rated|\n|rule|Species Clause: Limit one of each Pok\u00e9mon\n|rule|Item Clause: Limit 1 of each item\n|clearpoke\n|poke|p1|Kangaskhan, L50, F|\n|poke|p1|Incineroar, L50, F|\n|poke|p1|Whimsicott, L50, F|\n|poke|p1|Zoroark-Hisui, L50, F|\n|poke|p1|Dragonite, L50, F|\n|poke|p1|Lucario, L50, M|\n|poke|p2|Greninja, L50, M|\n|poke|p2|Zoroark-Hisui, L50, F|\n|poke|p2|Talonflame, L50, M|\n|poke|p2|Farigiraf, L50, M|\n|poke|p2|Tyranitar, L50, F|\n|poke|p2|Aegislash, L50, M|\n|teampreview|4\n|inactive|Battle timer is ON: inactive players will automatically lose when time's up. (requested by blazegeo)\n|inactive|noohooloo has 60 seconds left.\n|inactive|blazegeo has 60 seconds left.\n|inactive|noohooloo has 30 seconds left.\n|inactive|noohooloo has 20 seconds left.\n|inactive|noohooloo has 15 seconds left.\n|inactive|noohooloo has 10 seconds left.\n|\n|t:|1776732764\n|teamsize|p1|4\n|teamsize|p2|4\n|start\n|switch|p1a: Whimsicott|Whimsicott, L50, F|100/100\n|switch|p1b: Lucario|Lucario, L50, M|100/100\n|switch|p2a: Farigiraf|Farigiraf, L50, M|100/100\n|switch|p2b: Aegislash|Aegislash, L50, M|100/100\n|turn|1\n|inactive|noohooloo has 30 seconds left.\n|inactive|blazegeo has 30 seconds left.\n|\n|t:|1776732796\n|detailschange|p1b: Lucario|Lucario-Mega, L50, M\n|-mega|p1b: Lucario|Lucario|Lucarionite\n|move|p1b: Lucario|Aura Sphere|p2a: Farigiraf\n|-damage|p2a: Farigiraf|43/100\n|move|p1a: Whimsicott|Moonblast|p2a: Farigiraf\n|-damage|p2a: Farigiraf|2/100\n|-formechange|p2b: Aegislash|Aegislash-Blade|\n|move|p2b: Aegislash|Iron Head|p1a: Whimsicott\n|-supereffective|p1a: Whimsicott|1\n|-enditem|p1a: Whimsicott|Focus Sash\n|-damage|p1a: Whimsicott|1/100\n|move|p2a: Farigiraf|Trick Room|p2a: Farigiraf\n|-fieldstart|move: Trick Room|[of] p2a: Farigiraf\n|\n|upkeep\n|turn|2\n|inactive|noohooloo has 30 seconds left.\n|\n|t:|1776732823\n|move|p2a: Farigiraf|Protect|p2a: Farigiraf\n|-singleturn|p2a: Farigiraf|Protect\n|move|p1a: Whimsicott|Memento||[still]\n|cant|p2a: Farigiraf|ability: Armor Tail|Memento|[of] p1a: Whimsicott\n|move|p1b: Lucario|Vacuum Wave||[still]\n|cant|p2a: Farigiraf|ability: Armor Tail|Vacuum Wave|[of] p1b: Lucario\n|move|p2b: Aegislash|Close Combat|p1b: Lucario\n|-supereffective|p1b: Lucario|1\n|-damage|p1b: Lucario|0 fnt\n|-unboost|p2b: Aegislash|def|1\n|-unboost|p2b: Aegislash|spd|1\n|faint|p1b: Lucario\n|\n|upkeep\n|\n|t:|1776732839\n|switch|p1b: Dragonite|Dragonite, L50, F|100/100\n|turn|3\n|\n|t:|1776732857\n|switch|p2a: Greninja|Greninja, L50, M|100/100\n|move|p2b: Aegislash|Shadow Sneak|p1a: Whimsicott\n|-damage|p1a: Whimsicott|0 fnt\n|faint|p1a: Whimsicott\n|move|p1b: Dragonite|Shadow Ball|p2b: Aegislash\n|-supereffective|p2b: Aegislash|1\n|-damage|p2b: Aegislash|0 fnt\n|faint|p2b: Aegislash\n|\n|upkeep\n|\n|t:|1776732867\n|switch|p2b: Tyranitar|Tyranitar, L50, F|100/100\n|switch|p1a: Dragonite|Dragonite, L50, F|100/100\n|-weather|Sandstorm|[from] ability: Sand Stream|[of] p2b: Tyranitar\n|turn|4\n|inactive|noohooloo has 30 seconds left.\n|\n|t:|1776732902\n|detailschange|p2a: Greninja|Greninja-Mega, L50, M\n|-mega|p2a: Greninja|Greninja|Greninjite\n|move|p1a: Dragonite|Extreme Speed|p2a: Greninja\n|-damage|p2a: Greninja|48/100\n|move|p2b: Tyranitar|Rock Slide|p1b: Dragonite|[spread] p1a,p1b\n|-supereffective|p1a: Dragonite|1\n|-damage|p1a: Dragonite|40/100\n|-damage|p1b: Dragonite|35/100\n|replace|p1b: Zoroark|Zoroark-Hisui, L50, F\n|-end|p1b: Zoroark|Illusion\n|cant|p1b: Zoroark|flinch\n|move|p2a: Greninja|Dark Pulse|p1b: Zoroark\n|-start|p2a: Greninja|typechange|Dark|[from] ability: Protean\n|-supereffective|p1b: Zoroark|1\n|-damage|p1b: Zoroark|0 fnt\n|faint|p1b: Zoroark\n|\n|-weather|Sandstorm|[upkeep]\n|-damage|p1a: Dragonite|34/100|[from] Sandstorm\n|-damage|p2a: Greninja|42/100|[from] Sandstorm\n|upkeep\n|turn|5\n|inactive|noohooloo has 30 seconds left.\n|\n|t:|1776732929\n|switch|p2a: Farigiraf|Farigiraf, L50, M|2/100\n|move|p1a: Dragonite|Extreme Speed||[still]\n|cant|p2a: Farigiraf|ability: Armor Tail|Extreme Speed|[of] p1a: Dragonite\n|move|p2b: Tyranitar|Rock Slide|p1a: Dragonite\n|-supereffective|p1a: Dragonite|1\n|-damage|p1a: Dragonite|0 fnt\n|faint|p1a: Dragonite\n|\n|win|blazegeo\n|raw|noohooloo's rating: 1132 &rarr; <strong>1105</strong><br />(-27 for losing)\n|raw|blazegeo's rating: 1100 &rarr; <strong>1127</strong><br />(+27 for winning)\n|l|\u2606noohooloo\n|player|p1|\n|c|\u2606blazegeo|gg\n",
  "uploadtime": 1776732953,
  "views": 3,
  "formatid": "gen9championsvgc2026regma",
  "rating": 1105,
  "private": 0,
  "password": null
}