{
  "id": "gen9championsvgc2026regma-2588942463",
  "format": "[Gen 9 Champions] VGC 2026 Reg M-A",
  "players": [
    "Ludwigxzc",
    "mars23456"
  ],
  "log": "|j|\u2606Ludwigxzc\n|j|\u2606mars23456\n|t:|1776688080\n|gametype|doubles\n|player|p1|Ludwigxzc|101|1478\n|player|p2|mars23456|ingo|1585\n|gen|9\n|tier|[Gen 9 Champions] VGC 2026 Reg M-A\n|rated|\n|rule|Species Clause: Limit one of each Pok\u00e9mon\n|rule|Item Clause: Limit 1 of each item\n|clearpoke\n|poke|p1|Floette-Eternal, L50, F|\n|poke|p1|Charizard, L50, F, shiny|\n|poke|p1|Aerodactyl, L50, M, shiny|\n|poke|p1|Kingambit, L50, F, shiny|\n|poke|p1|Sneasler, L50, F, shiny|\n|poke|p1|Garchomp, L50, F, shiny|\n|poke|p2|Aerodactyl, L50, M|\n|poke|p2|Kingambit, L50, M|\n|poke|p2|Incineroar, L50, F|\n|poke|p2|Kangaskhan, L50, F|\n|poke|p2|Archaludon, L50, F|\n|poke|p2|Froslass, L50, F|\n|teampreview|4\n|inactive|Battle timer is ON: inactive players will automatically lose when time's up. (requested by mars23456)\nmars23456 has agreed to open team sheets.\n|inactive|Ludwigxzc has 60 seconds left.\n|inactive|mars23456 has 60 seconds left.\n|\n|t:|1776688127\n|teamsize|p1|4\n|teamsize|p2|4\n|start\n|switch|p1a: Aerodactyl|Aerodactyl, L50, M, shiny|100/100\n|switch|p1b: Sneasler|Sneasler, L50, F, shiny|100/100\n|switch|p2a: Incineroar|Incineroar, L50, F|100/100\n|switch|p2b: Aerodactyl|Aerodactyl, L50, M|100/100\n|-ability|p1a: Aerodactyl|Unnerve\n|-ability|p2b: Aerodactyl|Unnerve\n|-ability|p2a: Incineroar|Intimidate|boost\n|-unboost|p1a: Aerodactyl|atk|1\n|-unboost|p1b: Sneasler|atk|1\n|-enditem|p1b: Sneasler|White Herb\n|-clearnegativeboost|p1b: Sneasler|[silent]\n|turn|1\n|\n|t:|1776688142\n|switch|p2a: Froslass|Froslass, L50, F|100/100\n|move|p1b: Sneasler|Upper Hand||[still]\n|-fail|p1b: Sneasler\n|move|p2b: Aerodactyl|Dual Wingbeat|p1b: Sneasler\n|-supereffective|p1b: Sneasler|1\n|-damage|p1b: Sneasler|38/100\n|-supereffective|p1b: Sneasler|1\n|-damage|p1b: Sneasler|0 fnt\n|faint|p1b: Sneasler\n|-hitcount|p1: Sneasler|2\n|move|p1a: Aerodactyl|Rock Slide|p2b: Aerodactyl|[spread] p2a,p2b\n|-supereffective|p2a: Froslass|1\n|-supereffective|p2b: Aerodactyl|1\n|-damage|p2a: Froslass|45/100\n|-damage|p2b: Aerodactyl|50/100\n|\n|upkeep\n|\n|t:|1776688153\n|switch|p1b: Kingambit|Kingambit, L50, F, shiny|100/100\n|turn|2\n|\n|t:|1776688176\n|detailschange|p2a: Froslass|Froslass-Mega, L50, F\n|-mega|p2a: Froslass|Froslass|Froslassite\n|-weather|Snowscape|[from] ability: Snow Warning|[of] p2a: Froslass\n|move|p1b: Kingambit|Sucker Punch||[still]\n|-fail|p1b: Kingambit\n|move|p1a: Aerodactyl|Rock Slide|p2a: Froslass|[spread] p2a\n|-miss|p1a: Aerodactyl|p2b: Aerodactyl\n|-supereffective|p2a: Froslass|1\n|-damage|p2a: Froslass|11/100\n|move|p2b: Aerodactyl|Tailwind|p2b: Aerodactyl\n|-sidestart|p2: mars23456|move: Tailwind\n|move|p2a: Froslass|Aurora Veil|p2a: Froslass\n|-sidestart|p2: mars23456|move: Aurora Veil\n|\n|-weather|Snowscape|[upkeep]\n|upkeep\n|turn|3\n|\n|t:|1776688196\n|move|p1b: Kingambit|Sucker Punch|p2a: Froslass\n|-supereffective|p2a: Froslass|1\n|-damage|p2a: Froslass|0 fnt\n|faint|p2a: Froslass\n|move|p2b: Aerodactyl|Rock Slide|p1a: Aerodactyl|[spread] p1a,p1b\n|-supereffective|p1a: Aerodactyl|1\n|-resisted|p1b: Kingambit|1\n|-damage|p1a: Aerodactyl|23/100\n|-damage|p1b: Kingambit|90/100\n|move|p1a: Aerodactyl|Tailwind|p1a: Aerodactyl\n|-sidestart|p1: Ludwigxzc|move: Tailwind\n|\n|-weather|Snowscape|[upkeep]\n|upkeep\n|\n|t:|1776688204\n|switch|p2a: Incineroar|Incineroar, L50, F|100/100\n|-ability|p2a: Incineroar|Intimidate|boost\n|-unboost|p1a: Aerodactyl|atk|1\n|-unboost|p1b: Kingambit|atk|1\n|-ability|p1b: Kingambit|Defiant|boost\n|-boost|p1b: Kingambit|atk|2\n|turn|4\n|\n|t:|1776688222\n|move|p1a: Aerodactyl|Wide Guard|p1a: Aerodactyl\n|-singleturn|p1a: Aerodactyl|Wide Guard\n|move|p1b: Kingambit|Sucker Punch|p2b: Aerodactyl\n|-damage|p2b: Aerodactyl|0 fnt\n|faint|p2b: Aerodactyl\n|move|p2a: Incineroar|Close Combat|p1b: Kingambit\n|-supereffective|p1b: Kingambit|2\n|-damage|p1b: Kingambit|0 fnt\n|-unboost|p2a: Incineroar|def|1\n|-unboost|p2a: Incineroar|spd|1\n|faint|p1b: Kingambit\n|-enditem|p2a: Incineroar|White Herb\n|-clearnegativeboost|p2a: Incineroar|[silent]\n|\n|-weather|Snowscape|[upkeep]\n|upkeep\n|\n|t:|1776688245\n|switch|p2b: Kangaskhan|Kangaskhan, L50, F|100/100\n|switch|p1b: Charizard|Charizard, L50, F, shiny|100/100\n|turn|5\n|\n|t:|1776688258\n|detailschange|p1b: Charizard|Charizard-Mega-Y, L50, F, shiny\n|-mega|p1b: Charizard|Charizard|Charizardite Y\n|-weather|SunnyDay|[from] ability: Drought|[of] p1b: Charizard\n|move|p1a: Aerodactyl|Rock Slide|p2a: Incineroar|[spread] p2a,p2b\n|-supereffective|p2a: Incineroar|1\n|-damage|p2a: Incineroar|83/100\n|-damage|p2b: Kangaskhan|92/100\n|move|p1b: Charizard|Heat Wave|p2b: Kangaskhan|[spread] p2a,p2b\n|-resisted|p2a: Incineroar|1\n|-damage|p2a: Incineroar|59/100\n|-damage|p2b: Kangaskhan|51/100\n|move|p2b: Kangaskhan|Double-Edge|p1b: Charizard\n|-damage|p1b: Charizard|48/100\n|-damage|p2b: Kangaskhan|37/100|[from] Recoil\n|move|p2a: Incineroar|Flare Blitz|p1b: Charizard\n|-resisted|p1b: Charizard|1\n|-damage|p1b: Charizard|2/100\n|-damage|p2a: Incineroar|44/100|[from] Recoil\n|\n|-weather|SunnyDay|[upkeep]\n|-sideend|p2: mars23456|move: Tailwind\n|upkeep\n|turn|6\n|\n|t:|1776688281\n|move|p2b: Kangaskhan|Sucker Punch|p1b: Charizard\n|-damage|p1b: Charizard|0 fnt\n|faint|p1b: Charizard\n|move|p1a: Aerodactyl|Rock Slide|p2b: Kangaskhan|[spread] \n|-miss|p1a: Aerodactyl|p2a: Incineroar\n|-miss|p1a: Aerodactyl|p2b: Kangaskhan\n|move|p2a: Incineroar|Flare Blitz|p1a: Aerodactyl\n|-resisted|p1a: Aerodactyl|1\n|-damage|p1a: Aerodactyl|0 fnt\n|faint|p1a: Aerodactyl\n|-damage|p2a: Incineroar|38/100|[from] Recoil\n|\n|win|mars23456\n|raw|Ludwigxzc's rating: 1478 &rarr; <strong>1464</strong><br />(-14 for losing)\n|raw|mars23456's rating: 1585 &rarr; <strong>1599</strong><br />(+14 for winning)\n|l|\u2606mars23456\n|player|p2|\n|l|\u2606Ludwigxzc\n|player|p1|\n|j|\u2606Ludwigxzc\n|player|p1|Ludwigxzc|101|\n|l|\u2606Ludwigxzc\n|player|p1|\n|j|\u2606Ludwigxzc\n|player|p1|Ludwigxzc|101|\n",
  "uploadtime": 1776688458,
  "views": 12,
  "formatid": "gen9championsvgc2026regma",
  "rating": 1464,
  "private": 0,
  "password": null
}