{
  "id": "gen9championsvgc2026regma-2584395877",
  "format": "[Gen 9 Champions] VGC 2026 Reg M-A",
  "players": [
    "Kian1104",
    "RSBara"
  ],
  "log": "|j|\u2606Kian1104\n|j|\u2606RSBara\n|t:|1776257769\n|gametype|doubles\n|player|p1|Kian1104|101|1158\n|player|p2|RSBara|265|1095\n|gen|9\n|tier|[Gen 9 Champions] VGC 2026 Reg M-A\n|rated|\n|rule|Species Clause: Limit one of each Pok\u00e9mon\n|rule|Item Clause: Limit 1 of each item\n|clearpoke\n|poke|p1|Gengar, L50, F|\n|poke|p1|Incineroar, L50, F|\n|poke|p1|Aegislash, L50, M|\n|poke|p1|Maushold, L50|\n|poke|p1|Reuniclus, L50, M|\n|poke|p1|Politoed, L50, M|\n|poke|p2|Lucario, L50, F|\n|poke|p2|Whimsicott, L50, F|\n|poke|p2|Milotic, L50, F|\n|poke|p2|Incineroar, L50, M|\n|poke|p2|Heliolisk, L50, M|\n|poke|p2|Aerodactyl, L50, M|\n|teampreview|4\n|inactive|Battle timer is ON: inactive players will automatically lose when time's up. (requested by Kian1104)\nKian1104 rejected open team sheets.\n|\n|t:|1776257817\n|teamsize|p1|4\n|teamsize|p2|4\n|start\n|switch|p1a: Gengar|Gengar, L50, F|100/100\n|switch|p1b: Incineroar|Incineroar, L50, F|100/100\n|switch|p2a: Lucario|Lucario, L50, F|100/100\n|switch|p2b: Incineroar|Incineroar, L50, M|100/100\n|-ability|p2b: Incineroar|Intimidate|boost\n|-unboost|p1a: Gengar|atk|1\n|-unboost|p1b: Incineroar|atk|1\n|-ability|p1b: Incineroar|Intimidate|boost\n|-fail|p2a: Lucario|unboost|Attack|[from] ability: Inner Focus|[of] p2a: Lucario\n|-unboost|p2b: Incineroar|atk|1\n|turn|1\n|inactive|RSBara has 30 seconds left.\n|inactive|Kian1104 has 30 seconds left.\n|\n|t:|1776257850\n|detailschange|p1a: Gengar|Gengar-Mega, L50, F\n|-mega|p1a: Gengar|Gengar|Gengarite\n|detailschange|p2a: Lucario|Lucario-Mega, L50, F\n|-mega|p2a: Lucario|Lucario|Lucarionite\n|move|p2a: Lucario|Upper Hand||[still]\n|-fail|p2a: Lucario\n|move|p1a: Gengar|Perish Song|p1a: Gengar\n|-start|p1a: Gengar|perish3|[silent]\n|-start|p1b: Incineroar|perish3|[silent]\n|-start|p2a: Lucario|perish3|[silent]\n|-start|p2b: Incineroar|perish3|[silent]\n|-fieldactivate|move: Perish Song\n|move|p2b: Incineroar|Flare Blitz|p1a: Gengar\n|-damage|p1a: Gengar|60/100\n|-damage|p2b: Incineroar|90/100|[from] Recoil\n|move|p1b: Incineroar|Flare Blitz|p2a: Lucario\n|-supereffective|p2a: Lucario|1\n|-damage|p2a: Lucario|8/100\n|-damage|p1b: Incineroar|79/100|[from] Recoil\n|\n|-start|p1a: Gengar|perish3\n|-start|p2a: Lucario|perish3\n|-start|p2b: Incineroar|perish3\n|-start|p1b: Incineroar|perish3\n|upkeep\n|turn|2\n|inactive|RSBara has 30 seconds left.\n|\n|t:|1776257876\n|move|p1a: Gengar|Protect|p1a: Gengar\n|-singleturn|p1a: Gengar|Protect\n|move|p2a: Lucario|Detect|p2a: Lucario\n|-singleturn|p2a: Lucario|Protect\n|move|p1b: Incineroar|Protect|p1b: Incineroar\n|-singleturn|p1b: Incineroar|Protect\n|move|p2b: Incineroar|Flare Blitz|p1a: Gengar\n|-activate|p1a: Gengar|move: Protect\n|\n|-start|p1a: Gengar|perish2\n|-start|p2a: Lucario|perish2\n|-start|p2b: Incineroar|perish2\n|-start|p1b: Incineroar|perish2\n|upkeep\n|turn|3\n|inactive|Kian1104 has 30 seconds left.\n|\n|t:|1776257903\n|switch|p1a: Maushold|Maushold, L50|100/100\n|move|p2a: Lucario|Close Combat|p1b: Incineroar\n|-supereffective|p1b: Incineroar|1\n|-enditem|p1b: Incineroar|Chople Berry|[eat]\n|-enditem|p1b: Incineroar|Chople Berry|[weaken]\n|-damage|p1b: Incineroar|13/100\n|-unboost|p2a: Lucario|def|1\n|-unboost|p2a: Lucario|spd|1\n|move|p2b: Incineroar|Flare Blitz|p1a: Maushold\n|-damage|p1a: Maushold|44/100\n|-damage|p2b: Incineroar|76/100|[from] Recoil\n|move|p1b: Incineroar|Parting Shot|p2b: Incineroar\n|-unboost|p2b: Incineroar|atk|1\n|-unboost|p2b: Incineroar|spa|1\n|\n|t:|1776257919\n|switch|p1b: Gengar|Gengar-Mega, L50, F|60/100|[from] Parting Shot\n|\n|-start|p2a: Lucario|perish1\n|-start|p2b: Incineroar|perish1\n|upkeep\n|turn|4\n|\n|t:|1776257934\n|move|p1b: Gengar|Protect|p1b: Gengar\n|-singleturn|p1b: Gengar|Protect\n|move|p1a: Maushold|Protect|p1a: Maushold\n|-singleturn|p1a: Maushold|Protect\n|move|p2a: Lucario|Close Combat|p1a: Maushold\n|-activate|p1a: Maushold|move: Protect\n|move|p2b: Incineroar|Parting Shot|p1b: Gengar\n|-activate|p1b: Gengar|move: Protect\n|\n|-start|p2a: Lucario|perish0\n|-start|p2b: Incineroar|perish0\n|faint|p2a: Lucario\n|faint|p2b: Incineroar\n|upkeep\n|\n|t:|1776257939\n|switch|p2a: Whimsicott|Whimsicott, L50, F, shiny|100/100\n|switch|p2b: Heliolisk|Heliolisk, L50, M, shiny|100/100\n|turn|5\n|\n|t:|1776257955\n|move|p1a: Maushold|Follow Me|p1a: Maushold\n|-singleturn|p1a: Maushold|move: Follow Me\n|move|p2a: Whimsicott|Encore|p1a: Maushold\n|-start|p1a: Maushold|Encore\n|move|p1b: Gengar|Perish Song|p1b: Gengar\n|-start|p1a: Maushold|perish3|[silent]\n|-start|p1b: Gengar|perish3|[silent]\n|-start|p2a: Whimsicott|perish3|[silent]\n|-start|p2b: Heliolisk|perish3|[silent]\n|-fieldactivate|move: Perish Song\n|move|p2b: Heliolisk|Thunderbolt|p1a: Maushold\n|-damage|p1a: Maushold|0 fnt\n|faint|p1a: Maushold\n|\n|-start|p2a: Whimsicott|perish3\n|-start|p1b: Gengar|perish3\n|-start|p2b: Heliolisk|perish3\n|upkeep\n|\n|t:|1776257966\n|switch|p1a: Incineroar|Incineroar, L50, F|13/100\n|-ability|p1a: Incineroar|Intimidate|boost\n|-unboost|p2a: Whimsicott|atk|1\n|-unboost|p2b: Heliolisk|atk|1\n|turn|6\n|\n|t:|1776257986\n|move|p1b: Gengar|Protect|p1b: Gengar\n|-singleturn|p1b: Gengar|Protect\n|move|p1a: Incineroar|Fake Out|p2b: Heliolisk\n|-damage|p2b: Heliolisk|76/100\n|move|p2a: Whimsicott|Tailwind|p2a: Whimsicott\n|-sidestart|p2: RSBara|move: Tailwind\n|cant|p2b: Heliolisk|flinch\n|\n|-start|p2a: Whimsicott|perish2\n|-start|p2b: Heliolisk|perish2\n|-start|p1b: Gengar|perish2\n|upkeep\n|turn|7\n|\n|t:|1776258008\n|move|p1a: Incineroar|Protect|p1a: Incineroar\n|-singleturn|p1a: Incineroar|Protect\n|move|p2a: Whimsicott|Moonblast|p1b: Gengar\n|-resisted|p1b: Gengar|1\n|-damage|p1b: Gengar|39/100\n|move|p2b: Heliolisk|Electroweb|p1a: Incineroar|[spread] \n|-activate|p1a: Incineroar|move: Protect\n|-miss|p2b: Heliolisk|p1b: Gengar\n|move|p1b: Gengar|Icy Wind|p2b: Heliolisk|[spread] p2a,p2b\n|-supereffective|p2a: Whimsicott|1\n|-crit|p2a: Whimsicott\n|-damage|p2a: Whimsicott|20/100\n|-damage|p2b: Heliolisk|54/100\n|-unboost|p2a: Whimsicott|spe|1\n|-unboost|p2b: Heliolisk|spe|1\n|\n|-start|p2a: Whimsicott|perish1\n|-start|p2b: Heliolisk|perish1\n|-start|p1b: Gengar|perish1\n|upkeep\n|turn|8\n|inactive|Kian1104 has 30 seconds left.\n|-message|RSBara forfeited.\n|\n|win|Kian1104\n|raw|Kian1104's rating: 1158 &rarr; <strong>1179</strong><br />(+21 for winning)\n|raw|RSBara's rating: 1095 &rarr; <strong>1075</strong><br />(-20 for losing)\n|l|\u2606RSBara\n|player|p2|\n",
  "uploadtime": 1776258050,
  "views": 23,
  "formatid": "gen9championsvgc2026regma",
  "rating": 1075,
  "private": 0,
  "password": null
}