{
  "id": "gen9championsvgc2026regma-2587093056",
  "format": "[Gen 9 Champions] VGC 2026 Reg M-A",
  "players": [
    "Pokefreak 92",
    "tantanisnice"
  ],
  "log": "|j|\u2606Pokefreak 92\n|j|\u2606tantanisnice\n|t:|1776492380\n|gametype|doubles\n|player|p1|Pokefreak 92|102|1110\n|player|p2|tantanisnice|swimmer-gen4dp|1183\n|gen|9\n|tier|[Gen 9 Champions] VGC 2026 Reg M-A\n|rated|\n|rule|Species Clause: Limit one of each Pok\u00e9mon\n|rule|Item Clause: Limit 1 of each item\n|clearpoke\n|poke|p1|Pelipper, L50, F|\n|poke|p1|Dragonite, L50, F, shiny|\n|poke|p1|Incineroar, L50, M|\n|poke|p1|Basculegion, L50, M|\n|poke|p1|Clefable, L50, M|\n|poke|p1|Scizor, L50, M|\n|poke|p2|Dragonite, L50, M|\n|poke|p2|Abomasnow, L50, M|\n|poke|p2|Manectric, L50, F|\n|poke|p2|Jolteon, L50, M|\n|poke|p2|Noivern, L50, F|\n|poke|p2|Pelipper, L50, F|\n|teampreview|4\n|inactive|Battle timer is ON: inactive players will automatically lose when time's up. (requested by tantanisnice)\n|\n|t:|1776492421\n|teamsize|p1|4\n|teamsize|p2|4\n|start\n|switch|p1a: Basculegion|Basculegion, L50, M|100/100\n|switch|p1b: Incineroar|Incineroar, L50, M|100/100\n|switch|p2a: Dragonite|Dragonite, L50, M|100/100\n|switch|p2b: Abomasnow|Abomasnow, L50, M|100/100\n|-ability|p1b: Incineroar|Intimidate|boost\n|-fail|p2a: Dragonite|unboost|Attack|[from] ability: Inner Focus|[of] p2a: Dragonite\n|-unboost|p2b: Abomasnow|atk|1\n|-weather|Snowscape|[from] ability: Snow Warning|[of] p2b: Abomasnow\n|turn|1\n|inactive|Pokefreak 92 has 30 seconds left.\n|inactive|tantanisnice has 30 seconds left.\n|inactive|Pokefreak 92 has 20 seconds left.\n|inactive|tantanisnice has 20 seconds left.\n|inactive|Pokefreak 92 has 15 seconds left.\n|inactive|tantanisnice has 15 seconds left.\n|\n|t:|1776492463\n|move|p1b: Incineroar|Fake Out|p2b: Abomasnow\n|-damage|p2b: Abomasnow|92/100\n|move|p1a: Basculegion|Flip Turn|p2a: Dragonite\n|-resisted|p2a: Dragonite|1\n|-damage|p2a: Dragonite|81/100\n|\n|t:|1776492471\n|switch|p1a: Pelipper|Pelipper, L50, F|100/100|[from] Flip Turn\n|-weather|RainDance|[from] ability: Drizzle|[of] p1a: Pelipper\n|move|p2a: Dragonite|Blizzard|p1a: Pelipper|[spread] p1a\n|-miss|p2a: Dragonite|p1b: Incineroar\n|-damage|p1a: Pelipper|59/100\n|cant|p2b: Abomasnow|flinch\n|\n|-weather|RainDance|[upkeep]\n|upkeep\n|turn|2\n|inactive|Pokefreak 92 has 30 seconds left.\n|\n|t:|1776492500\n|switch|p2b: Noivern|Noivern, L50, F|100/100\n|detailschange|p2a: Dragonite|Dragonite-Mega, L50, M\n|-mega|p2a: Dragonite|Dragonite|Dragoninite\n|move|p2a: Dragonite|Surf|p1b: Incineroar|[spread] p1a,p1b\n|-activate|p2b: Noivern|ability: Telepathy\n|-resisted|p1a: Pelipper|1\n|-supereffective|p1b: Incineroar|1\n|-damage|p1a: Pelipper|23/100\n|-damage|p1b: Incineroar|44/100\n|move|p1a: Pelipper|Hurricane|p2b: Noivern\n|-damage|p2b: Noivern|45/100\n|move|p1b: Incineroar|Parting Shot|p2a: Dragonite\n|-unboost|p2a: Dragonite|atk|1\n|-unboost|p2a: Dragonite|spa|1\n|\n|t:|1776492515\n|switch|p1b: Clefable|Clefable, L50, M|100/100|[from] Parting Shot\n|\n|-weather|RainDance|[upkeep]\n|upkeep\n|turn|3\n|\n|t:|1776492529\n|move|p2b: Noivern|Dragon Cheer|p2a: Dragonite\n|-start|p2a: Dragonite|move: Dragon Cheer\n|move|p2a: Dragonite|Surf|p1b: Clefable|[spread] p1a,p1b\n|-activate|p2b: Noivern|ability: Telepathy\n|-resisted|p1a: Pelipper|1\n|-crit|p1a: Pelipper\n|-damage|p1a: Pelipper|0 fnt\n|-damage|p1b: Clefable|66/100\n|faint|p1a: Pelipper\n|move|p1b: Clefable|Icy Wind|p2b: Noivern|[spread] p2a,p2b\n|-supereffective|p2a: Dragonite|2\n|-supereffective|p2b: Noivern|2\n|-damage|p2a: Dragonite|48/100\n|-damage|p2b: Noivern|4/100\n|-unboost|p2a: Dragonite|spe|1\n|-unboost|p2b: Noivern|spe|1\n|\n|-weather|RainDance|[upkeep]\n|-heal|p1b: Clefable|72/100|[from] item: Leftovers\n|upkeep\n|\n|t:|1776492549\n|switch|p1a: Basculegion|Basculegion, L50, M|100/100\n|turn|4\n|\n|t:|1776492568\n|switch|p2b: Abomasnow|Abomasnow, L50, M|92/100\n|-weather|Snowscape|[from] ability: Snow Warning|[of] p2b: Abomasnow\n|switch|p2a: Manectric|Manectric, L50, F|100/100\n|move|p1a: Basculegion|Last Respects|p2a: Manectric\n|-crit|p2a: Manectric\n|-damage|p2a: Manectric|0 fnt\n|faint|p2a: Manectric\n|move|p1b: Clefable|Icy Wind|p2b: Abomasnow\n|-damage|p2b: Abomasnow|83/100\n|-unboost|p2b: Abomasnow|spe|1\n|\n|-weather|Snowscape|[upkeep]\n|-heal|p1b: Clefable|78/100|[from] item: Leftovers\n|upkeep\n|\n|t:|1776492583\n|switch|p2a: Noivern|Noivern, L50, F|4/100\n|turn|5\n|\n|t:|1776492592\n|switch|p1a: Incineroar|Incineroar, L50, M|44/100\n|-ability|p1a: Incineroar|Intimidate|boost\n|-unboost|p2a: Noivern|atk|1\n|-unboost|p2b: Abomasnow|atk|1\n|move|p2a: Noivern|Tailwind|p2a: Noivern\n|-sidestart|p2: tantanisnice|move: Tailwind\n|move|p2b: Abomasnow|Aurora Veil|p2b: Abomasnow\n|-sidestart|p2: tantanisnice|move: Aurora Veil\n|move|p1b: Clefable|Icy Wind|p2a: Noivern|[spread] p2a,p2b\n|-supereffective|p2a: Noivern|2\n|-damage|p2a: Noivern|0 fnt\n|-damage|p2b: Abomasnow|79/100\n|-unboost|p2b: Abomasnow|spe|1\n|faint|p2a: Noivern\n|\n|-weather|Snowscape|[upkeep]\n|-heal|p1b: Clefable|84/100|[from] item: Leftovers\n|upkeep\n|\n|t:|1776492602\n|switch|p2a: Dragonite|Dragonite-Mega, L50, M|48/100\n|turn|6\n|\n|t:|1776492620\n|move|p1a: Incineroar|Fake Out|p2a: Dragonite\n|-damage|p2a: Dragonite|41/100\n|cant|p2a: Dragonite|flinch\n|move|p2b: Abomasnow|Blizzard|p1a: Incineroar|[spread] p1a,p1b\n|-resisted|p1a: Incineroar|1\n|-damage|p1a: Incineroar|34/100\n|-damage|p1b: Clefable|60/100\n|-status|p1a: Incineroar|frz\n|move|p1b: Clefable|Moonblast|p2a: Dragonite\n|-supereffective|p2a: Dragonite|1\n|-damage|p2a: Dragonite|5/100\n|\n|-weather|Snowscape|[upkeep]\n|-heal|p1b: Clefable|66/100|[from] item: Leftovers\n|upkeep\n|turn|7\n|inactive|Pokefreak 92 has 30 seconds left.\n|\n|t:|1776492649\n|move|p2a: Dragonite|Blizzard|p1a: Incineroar|[spread] p1a,p1b\n|-resisted|p1a: Incineroar|1\n|-damage|p1a: Incineroar|23/100 frz\n|-damage|p1b: Clefable|38/100\n|-curestatus|p1a: Incineroar|frz|[from] move: Flare Blitz\n|move|p1a: Incineroar|Flare Blitz|p2b: Abomasnow\n|-supereffective|p2b: Abomasnow|2\n|-damage|p2b: Abomasnow|0 fnt\n|faint|p2b: Abomasnow\n|-damage|p1a: Incineroar|0 fnt|[from] Recoil\n|faint|p1a: Incineroar\n|move|p1b: Clefable|Icy Wind|p2a: Dragonite\n|-supereffective|p2a: Dragonite|2\n|-damage|p2a: Dragonite|0 fnt\n|faint|p2a: Dragonite\n|\n|win|Pokefreak 92\n|raw|Pokefreak 92's rating: 1110 &rarr; <strong>1140</strong><br />(+30 for winning)\n|raw|tantanisnice's rating: 1183 &rarr; <strong>1153</strong><br />(-30 for losing)\n|l|\u2606tantanisnice\n|player|p2|\n|l|\u2606Pokefreak 92\n|player|p1|\n|j|\u2606Pokefreak 92\n|player|p1|Pokefreak 92|102|\n",
  "uploadtime": 1776492751,
  "views": 14,
  "formatid": "gen9championsvgc2026regma",
  "rating": 1140,
  "private": 0,
  "password": null
}