{
  "id": "gen9championsvgc2026regma-2583563058",
  "format": "[Gen 9 Champions] VGC 2026 Reg M-A",
  "players": [
    "SNorth",
    "SabrinaCarTimburr"
  ],
  "log": "|j|\u2606SNorth\n|j|\u2606SabrinaCarTimburr\n|t:|1776183511\n|gametype|doubles\n|player|p1|SNorth|265|1154\n|player|p2|SabrinaCarTimburr|sabrina-frlg|1094\n|gen|9\n|tier|[Gen 9 Champions] VGC 2026 Reg M-A\n|rated|\n|rule|Species Clause: Limit one of each Pok\u00e9mon\n|rule|Item Clause: Limit 1 of each item\n|clearpoke\n|poke|p1|Hatterene, L50, F|\n|poke|p1|Araquanid, L50, M|\n|poke|p1|Farigiraf, L50, M|\n|poke|p1|Meowstic, L50, M|\n|poke|p1|Abomasnow, L50, M|\n|poke|p1|Rotom-Heat, L50|\n|poke|p2|Victreebel, L50, M|\n|poke|p2|Gyarados, L50, F|\n|poke|p2|Volcarona, L50, F|\n|poke|p2|Kingambit, L50, F|\n|poke|p2|Dragapult, L50, F|\n|poke|p2|Gardevoir, L50, F|\n|teampreview|4\n|inactive|Battle timer is ON: inactive players will automatically lose when time's up. (requested by SabrinaCarTimburr)\n|inactive|SNorth also wants the timer to be on.\n|inactive|SNorth has 60 seconds left.\n|inactive|SabrinaCarTimburr has 60 seconds left.\n|\n|t:|1776183545\n|teamsize|p1|4\n|teamsize|p2|4\n|start\n|switch|p1a: Farigiraf|Farigiraf, L50, M|100/100\n|switch|p1b: Meowstic|Meowstic, L50, M|100/100\n|switch|p2a: Gyarados|Gyarados, L50, F, shiny|100/100\n|switch|p2b: Victreebel|Victreebel, L50, M|100/100\n|-ability|p2a: Gyarados|Intimidate|boost\n|-unboost|p1a: Farigiraf|atk|1\n|-unboost|p1b: Meowstic|atk|1\n|turn|1\n|inactive|SabrinaCarTimburr has 30 seconds left.\n|\n|t:|1776183572\n|detailschange|p2b: Victreebel|Victreebel-Mega, L50, M\n|-mega|p2b: Victreebel|Victreebel|Victreebelite\n|move|p1b: Meowstic|Psychic Terrain|p1b: Meowstic\n|-fieldstart|move: Psychic Terrain\n|move|p2a: Gyarados|Taunt|p1a: Farigiraf\n|-start|p1a: Farigiraf|move: Taunt\n|move|p2b: Victreebel|Sludge Bomb|p1b: Meowstic\n|-damage|p1b: Meowstic|36/100\n|cant|p1a: Farigiraf|move: Taunt|Trick Room\n|\n|upkeep\n|turn|2\n|inactive|SabrinaCarTimburr has 30 seconds left.\n|\n|t:|1776183600\n|switch|p1a: Hatterene|Hatterene, L50, F|100/100\n|move|p1b: Meowstic|Expanding Force|p2a: Gyarados|[spread] p2a,p2b\n|-supereffective|p2b: Victreebel|1\n|-damage|p2a: Gyarados|61/100\n|-damage|p2b: Victreebel|3/100\n|move|p2a: Gyarados|Thunder Wave|p1a: Hatterene\n|move|p1a: Hatterene|Thunder Wave|p2a: Gyarados|[from] ability: Magic Bounce\n|-status|p2a: Gyarados|par\n|move|p2b: Victreebel|Sludge Bomb|p1b: Meowstic\n|-damage|p1b: Meowstic|0 fnt\n|faint|p1b: Meowstic\n|\n|upkeep\n|\n|t:|1776183606\n|switch|p1b: Farigiraf|Farigiraf, L50, M|100/100\n|turn|3\n|inactive|SabrinaCarTimburr has 30 seconds left.\n|inactive|SNorth has 30 seconds left.\n|\n|t:|1776183640\n|move|p2b: Victreebel|Giga Drain|p1a: Hatterene\n|-damage|p1a: Hatterene|58/100\n|-heal|p2b: Victreebel|22/100|[from] drain|[of] p1a: Hatterene\n|move|p1b: Farigiraf|Hyper Voice|p2a: Gyarados|[spread] p2a,p2b\n|-damage|p2a: Gyarados|32/100 par\n|-damage|p2b: Victreebel|0 fnt\n|-damage|p1b: Farigiraf|82/100|[from] ability: Innards Out|[of] p2b: Victreebel\n|-enditem|p2a: Gyarados|Sitrus Berry|[eat]\n|-heal|p2a: Gyarados|56/100 par|[from] item: Sitrus Berry\n|faint|p2b: Victreebel\n|move|p2a: Gyarados|Waterfall|p1b: Farigiraf\n|-damage|p1b: Farigiraf|50/100\n|move|p1a: Hatterene|Trick Room|p1a: Hatterene\n|-fieldstart|move: Trick Room|[of] p1a: Hatterene\n|\n|-heal|p1b: Farigiraf|56/100|[from] item: Leftovers\n|upkeep\n|\n|t:|1776183658\n|switch|p2b: Kingambit|Kingambit, L50, F|100/100\n|turn|4\n|\n|t:|1776183678\n|move|p1b: Farigiraf|Helping Hand|p1a: Hatterene\n|-singleturn|p1a: Hatterene|Helping Hand|[of] p1b: Farigiraf\n|move|p1a: Hatterene|Mystical Fire|p2b: Kingambit\n|-supereffective|p2b: Kingambit|1\n|-damage|p2b: Kingambit|13/100\n|-unboost|p2b: Kingambit|spa|1\n|-ability|p2b: Kingambit|Defiant|boost\n|-boost|p2b: Kingambit|atk|2\n|move|p2a: Gyarados|Waterfall|p1a: Hatterene\n|-damage|p1a: Hatterene|23/100\n|-enditem|p1a: Hatterene|Sitrus Berry|[eat]\n|-heal|p1a: Hatterene|48/100|[from] item: Sitrus Berry\n|move|p2b: Kingambit|Kowtow Cleave|p1b: Farigiraf\n|-supereffective|p1b: Farigiraf|1\n|-damage|p1b: Farigiraf|0 fnt\n|faint|p1b: Farigiraf\n|\n|upkeep\n|\n|t:|1776183686\n|switch|p1b: Araquanid|Araquanid, L50, M|100/100\n|turn|5\n|inactive|SabrinaCarTimburr has 30 seconds left.\n|\n|t:|1776183713\n|move|p2b: Kingambit|Protect|p2b: Kingambit\n|-singleturn|p2b: Kingambit|Protect\n|move|p1a: Hatterene|Expanding Force|p2b: Kingambit|[spread] p2a\n|-activate|p2b: Kingambit|move: Protect\n|-damage|p2a: Gyarados|5/100 par\n|move|p2a: Gyarados|Waterfall|p1a: Hatterene\n|-damage|p1a: Hatterene|9/100\n|move|p1b: Araquanid|Liquidation|p2b: Kingambit\n|-activate|p2b: Kingambit|move: Protect\n|\n|-fieldend|move: Psychic Terrain\n|upkeep\n|turn|6\n|\n|t:|1776183738\n|move|p2b: Kingambit|Sucker Punch|p1a: Hatterene\n|-damage|p1a: Hatterene|0 fnt\n|faint|p1a: Hatterene\n|move|p2a: Gyarados|Thunder Wave|p1b: Araquanid\n|-status|p1b: Araquanid|par\n|move|p1b: Araquanid|Liquidation|p2b: Kingambit\n|-damage|p2b: Kingambit|0 fnt\n|faint|p2b: Kingambit\n|\n|upkeep\n|\n|t:|1776183749\n|switch|p2b: Volcarona|Volcarona, L50, F|100/100\n|turn|7\n|\n|t:|1776183761\n|move|p2a: Gyarados|Protect|p2a: Gyarados\n|-singleturn|p2a: Gyarados|Protect\n|move|p2b: Volcarona|Protect|p2b: Volcarona\n|-singleturn|p2b: Volcarona|Protect\n|move|p1b: Araquanid|Liquidation|p2b: Volcarona\n|-activate|p2b: Volcarona|move: Protect\n|\n|-fieldend|move: Trick Room\n|upkeep\n|turn|8\n|\n|t:|1776183782\n|move|p2b: Volcarona|Giga Drain|p1b: Araquanid\n|-damage|p1b: Araquanid|81/100 par\n|move|p2a: Gyarados|Waterfall|p1b: Araquanid\n|-resisted|p1b: Araquanid|1\n|-damage|p1b: Araquanid|62/100 par\n|cant|p1b: Araquanid|flinch\n|\n|upkeep\n|turn|9\n|\n|t:|1776183792\n|move|p2b: Volcarona|Giga Drain|p1b: Araquanid\n|-damage|p1b: Araquanid|43/100 par\n|move|p2a: Gyarados|Waterfall|p1b: Araquanid\n|-resisted|p1b: Araquanid|1\n|-damage|p1b: Araquanid|26/100 par\n|move|p1b: Araquanid|Liquidation|p2b: Volcarona\n|-supereffective|p2b: Volcarona|1\n|-damage|p2b: Volcarona|0 fnt\n|faint|p2b: Volcarona\n|\n|upkeep\n|turn|10\n|\n|t:|1776183804\n|move|p2a: Gyarados|Waterfall|p1b: Araquanid\n|-resisted|p1b: Araquanid|1\n|-damage|p1b: Araquanid|7/100 par\n|cant|p1b: Araquanid|flinch\n|\n|upkeep\n|turn|11\n|\n|t:|1776183810\n|move|p2a: Gyarados|Waterfall|p1b: Araquanid\n|-resisted|p1b: Araquanid|1\n|-damage|p1b: Araquanid|0 fnt\n|faint|p1b: Araquanid\n|\n|win|SabrinaCarTimburr\n|raw|SNorth's rating: 1154 &rarr; <strong>1125</strong><br />(-29 for losing)\n|raw|SabrinaCarTimburr's rating: 1094 &rarr; <strong>1124</strong><br />(+30 for winning)\n|l|\u2606SNorth\n|player|p1|\n",
  "uploadtime": 1776183823,
  "views": 18,
  "formatid": "gen9championsvgc2026regma",
  "rating": 1124,
  "private": 0,
  "password": null
}