{
  "id": "gen9championsvgc2026regma-2581830940",
  "format": "[Gen 9 Champions] VGC 2026 Reg M-A",
  "players": [
    "the xpurt",
    "youiy"
  ],
  "log": "|j|\u203dthe xpurt\n|j|\u2606youiy\n|t:|1776031952\n|gametype|doubles\n|player|p1|the xpurt|harlequin|1161\n|player|p2|youiy|265|1127\n|gen|9\n|tier|[Gen 9 Champions] VGC 2026 Reg M-A\n|rated|\n|rule|Species Clause: Limit one of each Pok\u00e9mon\n|rule|Item Clause: Limit 1 of each item\n|clearpoke\n|poke|p1|Crabominable, L50, M|\n|poke|p1|Sinistcha, L50|\n|poke|p1|Ninetales-Alola, L50, M|\n|poke|p1|Hydrapple, L50, F|\n|poke|p1|Kingambit, L50, M|\n|poke|p1|Ditto, L50|\n|poke|p2|Drampa, L50, M|\n|poke|p2|Archaludon, L50, F|\n|poke|p2|Klefki, L50, F|\n|poke|p2|Basculegion, L50, M|\n|poke|p2|Sneasler, L50, F|\n|poke|p2|Pelipper, L50, M|\n|teampreview|4\n|\n|t:|1776031979\n|teamsize|p1|4\n|teamsize|p2|4\n|start\n|switch|p1a: Sinistcha|Sinistcha, L50, shiny|100/100\n|switch|p1b: Hydrapple|Hydrapple, L50, F, shiny|100/100\n|switch|p2a: Sneasler|Sneasler, L50, F|100/100\n|switch|p2b: Archaludon|Archaludon, L50, F, shiny|100/100\n|-ability|p1b: Hydrapple|Supersweet Syrup\n|-unboost|p2a: Sneasler|evasion|1\n|-unboost|p2b: Archaludon|evasion|1\n|-enditem|p2a: Sneasler|White Herb\n|-clearnegativeboost|p2a: Sneasler|[silent]\n|turn|1\n|\n|t:|1776032007\n|move|p2a: Sneasler|Fake Out|p1b: Hydrapple\n|-damage|p1b: Hydrapple|89/100\n|move|p2b: Archaludon|Dragon Pulse|p1b: Hydrapple\n|-supereffective|p1b: Hydrapple|1\n|-damage|p1b: Hydrapple|23/100\n|cant|p1b: Hydrapple|flinch\n|move|p1a: Sinistcha|Trick Room|p1a: Sinistcha\n|-fieldstart|move: Trick Room|[of] p1a: Sinistcha\n|\n|upkeep\n|turn|2\n|\n|t:|1776032026\n|move|p2a: Sneasler|Protect|p2a: Sneasler\n|-singleturn|p2a: Sneasler|Protect\n|move|p1b: Hydrapple|Draco Meteor|p2b: Archaludon\n|-damage|p2b: Archaludon|40/100\n|-unboost|p1b: Hydrapple|spa|2\n|-ability|p2b: Archaludon|Stamina|boost\n|-boost|p2b: Archaludon|def|1\n|move|p1a: Sinistcha|Matcha Gotcha|p2a: Sneasler|[spread] p2b\n|-activate|p2a: Sneasler|move: Protect\n|-resisted|p2b: Archaludon|2\n|-damage|p2b: Archaludon|33/100\n|-status|p2b: Archaludon|brn\n|-ability|p2b: Archaludon|Stamina|boost\n|-boost|p2b: Archaludon|def|1\n|move|p2b: Archaludon|Dragon Pulse|p1b: Hydrapple\n|-supereffective|p1b: Hydrapple|1\n|-damage|p1b: Hydrapple|0 fnt\n|faint|p1b: Hydrapple\n|\n|-heal|p2b: Archaludon|39/100 brn|[from] item: Leftovers\n|-damage|p2b: Archaludon|33/100 brn|[from] brn\n|upkeep\n|\n|t:|1776032047\n|switch|p1b: Crabominable|Crabominable, L50, M|100/100\n|turn|3\n|\n|t:|1776032055\n|detailschange|p1b: Crabominable|Crabominable-Mega, L50, M\n|-mega|p1b: Crabominable|Crabominable|Crabominite\n|move|p1a: Sinistcha|Rage Powder|p1a: Sinistcha\n|-singleturn|p1a: Sinistcha|move: Rage Powder\n|move|p1b: Crabominable|Ice Hammer|p2a: Sneasler\n|-damage|p2a: Sneasler|0 fnt\n|-unboost|p1b: Crabominable|spe|1\n|faint|p2a: Sneasler\n|move|p2b: Archaludon|Flash Cannon|p1a: Sinistcha\n|-damage|p1a: Sinistcha|63/100\n|\n|-heal|p2b: Archaludon|39/100 brn|[from] item: Leftovers\n|-damage|p2b: Archaludon|33/100 brn|[from] brn\n|upkeep\n|\n|t:|1776032064\n|switch|p2a: Pelipper|Pelipper, L50, M, shiny|100/100\n|-weather|RainDance|[from] ability: Drizzle|[of] p2a: Pelipper\n|turn|4\n|\n|t:|1776032074\n|move|p1b: Crabominable|Drain Punch|p2b: Archaludon\n|-supereffective|p2b: Archaludon|1\n|-damage|p2b: Archaludon|0 fnt\n|faint|p2b: Archaludon\n|move|p1a: Sinistcha|Matcha Gotcha|p2a: Pelipper\n|-damage|p2a: Pelipper|36/100\n|-heal|p1a: Sinistcha|88/100|[from] drain|[of] p2a: Pelipper\n|move|p2a: Pelipper|Hurricane|p1b: Crabominable\n|-supereffective|p1b: Crabominable|1\n|-damage|p1b: Crabominable|22/100\n|-start|p1b: Crabominable|confusion\n|\n|-weather|RainDance|[upkeep]\n|upkeep\n|\n|t:|1776032080\n|switch|p2b: Drampa|Drampa, L50, M, shiny|100/100\n|turn|5\n|\n|t:|1776032110\n|detailschange|p2b: Drampa|Drampa-Mega, L50, M, shiny\n|-mega|p2b: Drampa|Drampa|Drampanite\n|-activate|p1b: Crabominable|confusion\n|move|p1b: Crabominable|Ice Hammer|p2b: Drampa\n|-supereffective|p2b: Drampa|1\n|-damage|p2b: Drampa|0 fnt\n|-unboost|p1b: Crabominable|spe|1\n|faint|p2b: Drampa\n|move|p1a: Sinistcha|Matcha Gotcha|p2a: Pelipper\n|-damage|p2a: Pelipper|0 fnt\n|-heal|p1a: Sinistcha|100/100|[from] drain|[of] p2a: Pelipper\n|faint|p2a: Pelipper\n|\n|win|the xpurt\n|raw|the xpurt's rating: 1161 &rarr; <strong>1184</strong><br />(+23 for winning)\n|raw|youiy's rating: 1127 &rarr; <strong>1104</strong><br />(-23 for losing)\n|l|\u2606youiy\n|player|p2|\n|l|\u203dthe xpurt\n|player|p1|\n|j|\u203dthe xpurt\n|player|p1|the xpurt|harlequin|\n",
  "uploadtime": 1776032135,
  "views": 27,
  "formatid": "gen9championsvgc2026regma",
  "rating": 1104,
  "private": 0,
  "password": null
}