{
  "id": "gen9championsvgc2026regma-2580488187",
  "format": "[Gen 9 Champions] VGC 2026 Reg M-A",
  "players": [
    "yubanmeiqin",
    "MualaniThighs"
  ],
  "log": "|j|\u2606yubanmeiqin\n|j|\u2606MualaniThighs\n|t:|1775903856\n|gametype|doubles\n|player|p1|yubanmeiqin|lillie-masters2|1049\n|player|p2|MualaniThighs|rosa|1000\n|gen|9\n|tier|[Gen 9 Champions] VGC 2026 Reg M-A\n|rated|\n|rule|Species Clause: Limit one of each Pok\u00e9mon\n|rule|Item Clause: Limit 1 of each item\n|clearpoke\n|poke|p1|Tyranitar, L50, F|\n|poke|p1|Excadrill, L50, M|\n|poke|p1|Froslass, L50, F|\n|poke|p1|Rotom-Wash, L50|\n|poke|p1|Talonflame, L50, F|\n|poke|p1|Sneasler, L50, M|\n|poke|p2|Gardevoir, L50, F|\n|poke|p2|Farigiraf, L50, M|\n|poke|p2|Incineroar, L50, F|\n|poke|p2|Ninetales-Alola, L50, M|\n|poke|p2|Dragonite, L50, M|\n|poke|p2|Meowscarada, L50, M|\n|teampreview|4\n|\n|t:|1775903888\n|teamsize|p1|4\n|teamsize|p2|4\n|start\n|switch|p1a: Rotom|Rotom-Wash, L50|100/100\n|switch|p1b: Sneasler|Sneasler, L50, M|100/100\n|switch|p2a: Incineroar|Incineroar, L50, F|100/100\n|switch|p2b: Farigiraf|Farigiraf, L50, M|100/100\n|-ability|p2a: Incineroar|Intimidate|boost\n|-unboost|p1a: Rotom|atk|1\n|-unboost|p1b: Sneasler|atk|1\n|-enditem|p1b: Sneasler|White Herb\n|-clearnegativeboost|p1b: Sneasler|[silent]\n|turn|1\n|\n|t:|1775903912\n|move|p1b: Sneasler|Close Combat|p2a: Incineroar\n|-supereffective|p2a: Incineroar|1\n|-damage|p2a: Incineroar|0 fnt\n|-unboost|p1b: Sneasler|def|1\n|-unboost|p1b: Sneasler|spd|1\n|faint|p2a: Incineroar\n|move|p1a: Rotom|Trick|p2b: Farigiraf\n|-activate|p1a: Rotom|move: Trick|[of] p2b: Farigiraf\n|-item|p2b: Farigiraf|Choice Scarf|[from] move: Trick\n|-item|p1a: Rotom|Mental Herb|[from] move: Trick\n|move|p2b: Farigiraf|Psychic Terrain|p2b: Farigiraf\n|-fieldstart|move: Psychic Terrain\n|\n|upkeep\n|\n|t:|1775903923\n|switch|p2a: Meitsuki|Gardevoir, L50, F, shiny|100/100\n|-ability|p2a: Meitsuki|Levitate|Trace|[from] ability: Trace|[of] p1a: Rotom\n|turn|2\n|\n|t:|1775903942\n|switch|p2b: Ninetales|Ninetales-Alola, L50, M|100/100\n|-weather|Snowscape|[from] ability: Snow Warning|[of] p2b: Ninetales\n|detailschange|p2a: Meitsuki|Gardevoir-Mega, L50, F, shiny\n|-mega|p2a: Meitsuki|Gardevoir|Gardevoirite\n|move|p1b: Sneasler|Protect|p1b: Sneasler\n|-singleturn|p1b: Sneasler|Protect\n|move|p1a: Rotom|Volt Switch|p2b: Ninetales\n|-damage|p2b: Ninetales|67/100\n|\n|t:|1775903949\n|switch|p1a: Tyranitar|Tyranitar, L50, F|100/100|[from] Volt Switch\n|-weather|Sandstorm|[from] ability: Sand Stream|[of] p1a: Tyranitar\n|move|p2a: Meitsuki|Expanding Force|p1b: Sneasler|[spread] \n|-activate|p1b: Sneasler|move: Protect\n|-immune|p1a: Tyranitar\n|\n|-weather|Sandstorm|[upkeep]\n|-damage|p1b: Sneasler|95/100|[from] Sandstorm\n|-damage|p2b: Ninetales|61/100|[from] Sandstorm\n|-damage|p2a: Meitsuki|95/100|[from] Sandstorm\n|upkeep\n|turn|3\n|\n|t:|1775903974\n|switch|p2b: Farigiraf|Farigiraf, L50, M|100/100\n|move|p2a: Meitsuki|Protect|p2a: Meitsuki\n|-singleturn|p2a: Meitsuki|Protect\n|move|p1b: Sneasler|Dire Claw|p2a: Meitsuki\n|-activate|p2a: Meitsuki|move: Protect\n|move|p1a: Tyranitar|Rock Slide|p2a: Meitsuki|[spread] \n|-activate|p2a: Meitsuki|move: Protect\n|-miss|p1a: Tyranitar|p2b: Farigiraf\n|\n|-weather|Sandstorm|[upkeep]\n|-damage|p1b: Sneasler|89/100|[from] Sandstorm\n|-damage|p2a: Meitsuki|89/100|[from] Sandstorm\n|-damage|p2b: Farigiraf|94/100|[from] Sandstorm\n|upkeep\n|turn|4\n|\n|t:|1775904007\n|switch|p2a: Ninetales|Ninetales-Alola, L50, M|61/100\n|-weather|Snowscape|[from] ability: Snow Warning|[of] p2a: Ninetales\n|move|p1b: Sneasler|Dire Claw|p2a: Ninetales\n|-supereffective|p2a: Ninetales|1\n|-damage|p2a: Ninetales|0 fnt\n|faint|p2a: Ninetales\n|move|p1a: Tyranitar|Knock Off|p2b: Farigiraf\n|-supereffective|p2b: Farigiraf|1\n|-damage|p2b: Farigiraf|0 fnt\n|-enditem|p2b: Farigiraf|Choice Scarf|[from] move: Knock Off|[of] p1a: Tyranitar\n|faint|p2b: Farigiraf\n|\n|-weather|Snowscape|[upkeep]\n|upkeep\n|\n|t:|1775904025\n|switch|p2b: Meitsuki|Gardevoir-Mega, L50, F, shiny|89/100\n|turn|5\n|\n|t:|1775904030\n|move|p1b: Sneasler|Dire Claw|p2b: Meitsuki\n|-supereffective|p2b: Meitsuki|1\n|-damage|p2b: Meitsuki|0 fnt\n|faint|p2b: Meitsuki\n|\n|win|yubanmeiqin\n|raw|yubanmeiqin's rating: 1049 &rarr; <strong>1077</strong><br />(+28 for winning)\n|raw|MualaniThighs's rating: 1000 &rarr; <strong>1000</strong><br />(+0 for losing)\n|l|\u2606MualaniThighs\n|player|p2|\n",
  "uploadtime": 1775904038,
  "views": 18,
  "formatid": "gen9championsvgc2026regma",
  "rating": 1000,
  "private": 0,
  "password": null
}