{
  "id": "gen9championsvgc2026regma-2588031984",
  "format": "[Gen 9 Champions] VGC 2026 Reg M-A",
  "players": [
    "xiaotianyu",
    "lizardon0516"
  ],
  "log": "|j|\u2606xiaotianyu\n|j|\u2606lizardon0516\n|t:|1776595583\n|gametype|doubles\n|player|p1|xiaotianyu|265|1136\n|player|p2|lizardon0516|169|1140\n|gen|9\n|tier|[Gen 9 Champions] VGC 2026 Reg M-A\n|rated|\n|rule|Species Clause: Limit one of each Pok\u00e9mon\n|rule|Item Clause: Limit 1 of each item\n|clearpoke\n|poke|p1|Basculegion, L50, M|\n|poke|p1|Sneasler, L50, M|\n|poke|p1|Aerodactyl, L50, M|\n|poke|p1|Garchomp, L50, F|\n|poke|p1|Meganium, L50, M|\n|poke|p1|Tyranitar, L50, F|\n|poke|p2|Charizard, L50, M, shiny|\n|poke|p2|Milotic, L50, F, shiny|\n|poke|p2|Sinistcha, L50|\n|poke|p2|Incineroar, L50, M, shiny|\n|poke|p2|Sneasler, L50, M|\n|poke|p2|Tyranitar, L50, F|\n|teampreview|4\n|inactive|Battle timer is ON: inactive players will automatically lose when time's up. (requested by lizardon0516)\nlizardon0516 rejected open team sheets.\n|inactive|xiaotianyu has 60 seconds left.\n|\n|t:|1776595655\n|teamsize|p1|4\n|teamsize|p2|4\n|start\n|switch|p1a: Basculegion|Basculegion, L50, M|100/100\n|switch|p1b: Aerodactyl|Aerodactyl, L50, M|100/100\n|switch|p2a: Sneasler|Sneasler, L50, M|100/100\n|switch|p2b: Tyranitar|Tyranitar, L50, F|100/100\n|-ability|p1b: Aerodactyl|Unnerve\n|-weather|Sandstorm|[from] ability: Sand Stream|[of] p2b: Tyranitar\n|turn|1\n|inactive|xiaotianyu has 30 seconds left.\n|\n|t:|1776595689\n|move|p1b: Aerodactyl|Tailwind|p1b: Aerodactyl\n|-sidestart|p1: xiaotianyu|move: Tailwind\n|move|p1a: Basculegion|Wave Crash|p2b: Tyranitar\n|-supereffective|p2b: Tyranitar|1\n|-damage|p2b: Tyranitar|0 fnt\n|faint|p2b: Tyranitar\n|-damage|p1a: Basculegion|66/100|[from] Recoil\n|move|p2a: Sneasler|Dire Claw|p1a: Basculegion\n|-resisted|p1a: Basculegion|1\n|-damage|p1a: Basculegion|37/100\n|-status|p1a: Basculegion|par\n|\n|-weather|Sandstorm|[upkeep]\n|-damage|p1a: Basculegion|31/100 par|[from] Sandstorm\n|-damage|p2a: Sneasler|95/100|[from] Sandstorm\n|upkeep\n|\n|t:|1776595701\n|switch|p2b: Milotic|Milotic, L50, F, shiny|100/100\n|turn|2\n|\n|t:|1776595719\n|move|p2a: Sneasler|Protect|p2a: Sneasler\n|-singleturn|p2a: Sneasler|Protect\n|move|p1b: Aerodactyl|Dual Wingbeat|p2a: Sneasler\n|-activate|p2a: Sneasler|move: Protect\n|move|p1a: Basculegion|Wave Crash|p2a: Sneasler\n|-activate|p2a: Sneasler|move: Protect\n|move|p2b: Milotic|Scald|p1b: Aerodactyl\n|-supereffective|p1b: Aerodactyl|1\n|-damage|p1b: Aerodactyl|50/100\n|\n|-weather|Sandstorm|[upkeep]\n|-damage|p1a: Basculegion|25/100 par|[from] Sandstorm\n|-damage|p2a: Sneasler|89/100|[from] Sandstorm\n|-damage|p2b: Milotic|95/100|[from] Sandstorm\n|-heal|p2b: Milotic|100/100|[from] item: Leftovers\n|upkeep\n|turn|3\n|inactive|lizardon0516 has 30 seconds left.\n|\n|t:|1776595744\n|switch|p1a: Meganium|Meganium, L50, M|100/100\n|switch|p2a: Incineroar|Incineroar, L50, M, shiny|100/100\n|-ability|p2a: Incineroar|Intimidate|boost\n|-unboost|p1a: Meganium|atk|1\n|-unboost|p1b: Aerodactyl|atk|1\n|move|p1b: Aerodactyl|Dual Wingbeat|p2a: Incineroar\n|-damage|p2a: Incineroar|91/100\n|-damage|p2a: Incineroar|83/100\n|-hitcount|p2a: Incineroar|2\n|move|p2b: Milotic|Scald|p1b: Aerodactyl\n|-supereffective|p1b: Aerodactyl|1\n|-damage|p1b: Aerodactyl|0 fnt\n|faint|p1b: Aerodactyl\n|\n|-weather|Sandstorm|[upkeep]\n|-damage|p1a: Meganium|95/100|[from] Sandstorm\n|-damage|p2b: Milotic|95/100|[from] Sandstorm\n|-damage|p2a: Incineroar|77/100|[from] Sandstorm\n|-heal|p2b: Milotic|100/100|[from] item: Leftovers\n|upkeep\n|inactive|xiaotianyu has 30 seconds left.\n|\n|t:|1776595770\n|switch|p1b: Basculegion|Basculegion, L50, M|25/100 par\n|turn|4\n|\n|t:|1776595777\n|detailschange|p1a: Meganium|Meganium-Mega, L50, M\n|-mega|p1a: Meganium|Meganium|Meganiumite\n|move|p2a: Incineroar|Fake Out|p1a: Meganium\n|-damage|p1a: Meganium|86/100\n|cant|p1a: Meganium|flinch\n|move|p1b: Basculegion|Wave Crash|p2a: Incineroar\n|-supereffective|p2a: Incineroar|1\n|-enditem|p2a: Incineroar|Passho Berry|[eat]\n|-enditem|p2a: Incineroar|Passho Berry|[weaken]\n|-damage|p2a: Incineroar|18/100\n|-damage|p1b: Basculegion|5/100 par|[from] Recoil\n|move|p2b: Milotic|Icy Wind|p1b: Basculegion|[spread] p1a,p1b\n|-supereffective|p1a: Meganium|1\n|-resisted|p1b: Basculegion|1\n|-damage|p1a: Meganium|69/100\n|-damage|p1b: Basculegion|0 fnt\n|-unboost|p1a: Meganium|spe|1\n|faint|p1b: Basculegion\n|\n|-weather|Sandstorm|[upkeep]\n|-damage|p1a: Meganium|63/100|[from] Sandstorm\n|-damage|p2b: Milotic|95/100|[from] Sandstorm\n|-damage|p2a: Incineroar|12/100|[from] Sandstorm\n|-heal|p2b: Milotic|100/100|[from] item: Leftovers\n|-sideend|p1: xiaotianyu|move: Tailwind\n|upkeep\n|\n|t:|1776595783\n|switch|p1b: Sneasler|Sneasler, L50, M|100/100\n|turn|5\n|\n|t:|1776595808\n|switch|p2a: Sneasler|Sneasler, L50, M|89/100\n|move|p1b: Sneasler|Dire Claw|p2a: Sneasler\n|-resisted|p2a: Sneasler|1\n|-damage|p2a: Sneasler|53/100\n|move|p2b: Milotic|Icy Wind|p1b: Sneasler|[spread] p1b\n|-miss|p2b: Milotic|p1a: Meganium\n|-damage|p1b: Sneasler|88/100\n|-unboost|p1b: Sneasler|spe|1\n|-enditem|p1b: Sneasler|White Herb\n|-clearnegativeboost|p1b: Sneasler|[silent]\n|move|p1a: Meganium|Solar Beam||[still]\n|-prepare|p1a: Meganium|Solar Beam\n|-activate|p1a: Meganium|ability: Mega Sol\n|-anim|p1a: Meganium|Solar Beam|p2b: Milotic\n|-supereffective|p2b: Milotic|1\n|-damage|p2b: Milotic|0 fnt\n|faint|p2b: Milotic\n|\n|-weather|none\n|upkeep\n|\n|t:|1776595825\n|switch|p2b: Incineroar|Incineroar, L50, M, shiny|12/100\n|-ability|p2b: Incineroar|Intimidate|boost\n|-unboost|p1a: Meganium|atk|1\n|-unboost|p1b: Sneasler|atk|1\n|turn|6\n|inactive|lizardon0516 has 30 seconds left.\n|inactive|lizardon0516 has 20 seconds left.\n|inactive|lizardon0516 has 15 seconds left.\n|inactive|lizardon0516 has 10 seconds left.\n|\n|t:|1776595871\n|move|p1b: Sneasler|Protect|p1b: Sneasler\n|-singleturn|p1b: Sneasler|Protect\n|move|p1a: Meganium|Protect|p1a: Meganium\n|-singleturn|p1a: Meganium|Protect\n|move|p2b: Incineroar|Fake Out|p1b: Sneasler\n|-activate|p1b: Sneasler|move: Protect\n|move|p2a: Sneasler|Dire Claw|p1a: Meganium\n|-activate|p1a: Meganium|move: Protect\n|\n|upkeep\n|turn|7\n|\n|t:|1776595889\n|move|p1b: Sneasler|Close Combat|p2a: Sneasler\n|-resisted|p2a: Sneasler|1\n|-damage|p2a: Sneasler|16/100\n|-unboost|p1b: Sneasler|def|1\n|-unboost|p1b: Sneasler|spd|1\n|move|p2a: Sneasler|Dire Claw|p1a: Meganium\n|-supereffective|p1a: Meganium|2\n|-damage|p1a: Meganium|0 fnt\n|faint|p1a: Meganium\n|move|p2b: Incineroar|Flare Blitz|p1b: Sneasler\n|-damage|p1b: Sneasler|0 fnt\n|faint|p1b: Sneasler\n|-damage|p2b: Incineroar|0 fnt|[from] Recoil\n|faint|p2b: Incineroar\n|\n|win|lizardon0516\n|raw|xiaotianyu's rating: 1117 &rarr; <strong>1094</strong><br />(-23 for losing)\n|raw|lizardon0516's rating: 1140 &rarr; <strong>1163</strong><br />(+23 for winning)\n|l|\u2606xiaotianyu\n|player|p1|\n",
  "uploadtime": 1776595906,
  "views": 13,
  "formatid": "gen9championsvgc2026regma",
  "rating": 1094,
  "private": 0,
  "password": null
}