{
  "id": "gen9championsvgc2026regma-2583359469",
  "format": "[Gen 9 Champions] VGC 2026 Reg M-A",
  "players": [
    "Quyt_DZ",
    "ChampionsmatchVGC"
  ],
  "log": "|j|\u2606Quyt_DZ\n|j|\u2606ChampionsmatchVGC\n|t:|1776169986\n|gametype|doubles\n|player|p1|Quyt_DZ|aromalady|1385\n|player|p2|ChampionsmatchVGC|265|1479\n|gen|9\n|tier|[Gen 9 Champions] VGC 2026 Reg M-A\n|rated|\n|rule|Species Clause: Limit one of each Pok\u00e9mon\n|rule|Item Clause: Limit 1 of each item\n|clearpoke\n|poke|p1|Excadrill, L50, M|\n|poke|p1|Tyranitar, L50, F|\n|poke|p1|Sinistcha, L50|\n|poke|p1|Rotom-Wash, L50|\n|poke|p1|Primarina, L50, M|\n|poke|p1|Dragapult, L50, F|\n|poke|p2|Milotic, L50, F|\n|poke|p2|Incineroar, L50, F|\n|poke|p2|Floette-Eternal, L50, F|\n|poke|p2|Sinistcha, L50|\n|poke|p2|Sneasler, L50, F|\n|poke|p2|Ditto, L50|\n|teampreview|4\n|inactive|Battle timer is ON: inactive players will automatically lose when time's up. (requested by ChampionsmatchVGC)\n|\n|t:|1776170021\n|teamsize|p1|4\n|teamsize|p2|4\n|start\n|switch|p1a: Dragapult|Dragapult, L50, F|100/100\n|switch|p1b: Primarina|Primarina, L50, M, shiny|100/100\n|switch|p2a: Floette|Floette-Eternal, L50, F|100/100\n|switch|p2b: Incineroar|Incineroar, L50, F|100/100\n|-ability|p2b: Incineroar|Intimidate|boost\n|-fail|p1a: Dragapult|unboost|[from] ability: Clear Body|[of] p1a: Dragapult\n|-unboost|p1b: Primarina|atk|1\n|turn|1\n|inactive|Quyt_DZ has 30 seconds left.\n|inactive|ChampionsmatchVGC has 30 seconds left.\n|\n|t:|1776170054\n|detailschange|p2a: Floette|Floette-Mega, L50, F\n|-mega|p2a: Floette|Floette|Floettite\n|-ability|p2a: Floette|Fairy Aura\n|move|p1a: Dragapult|Phantom Force||[still]\n|-prepare|p1a: Dragapult|Phantom Force\n|move|p2a: Floette|Dazzling Gleam|p1a: Dragapult|[spread] p1b\n|-miss|p2a: Floette|p1a: Dragapult\n|-damage|p1b: Primarina|58/100\n|move|p2b: Incineroar|Parting Shot|p1a: Dragapult|[miss]\n|-miss|p2b: Incineroar|p1a: Dragapult\n|move|p1b: Primarina|Hyper Voice|p2a: Floette|[spread] p2a,p2b\n|-supereffective|p2b: Incineroar|1\n|-damage|p2a: Floette|66/100\n|-damage|p2b: Incineroar|29/100\n|-enditem|p2b: Incineroar|Sitrus Berry|[eat]\n|-heal|p2b: Incineroar|54/100|[from] item: Sitrus Berry\n|\n|upkeep\n|turn|2\n|\n|t:|1776170073\n|switch|p2b: Sinistcha|Sinistcha, L50|100/100\n|-heal|p2a: Floette|91/100|[from] ability: Hospitality|[of] p2b: Sinistcha\n|move|p1a: Dragapult|Phantom Force|p2a: Floette|[from] lockedmove\n|-damage|p2a: Floette|40/100\n|move|p2a: Floette|Draining Kiss|p1a: Dragapult\n|-supereffective|p1a: Dragapult|1\n|-damage|p1a: Dragapult|0 fnt\n|-heal|p2a: Floette|100/100|[from] drain|[of] p1a: Dragapult\n|faint|p1a: Dragapult\n|move|p1b: Primarina|Hyper Voice|p2b: Sinistcha|[spread] p2a,p2b\n|-resisted|p2b: Sinistcha|1\n|-damage|p2a: Floette|70/100\n|-damage|p2b: Sinistcha|80/100\n|\n|upkeep\n|j| guappeovgc\n|\n|t:|1776170093\n|switch|p1a: Tyranitar|Tyranitar, L50, F|100/100\n|-weather|Sandstorm|[from] ability: Sand Stream|[of] p1a: Tyranitar\n|turn|3\n|l| guappeovgc\n|\n|t:|1776170113\n|switch|p1b: Excadrill|Excadrill, L50, M|100/100\n|detailschange|p1a: Tyranitar|Tyranitar-Mega, L50, F\n|-mega|p1a: Tyranitar|Tyranitar|Tyranitarite\n|move|p2a: Floette|Protect|p2a: Floette\n|-singleturn|p2a: Floette|Protect\n|move|p1a: Tyranitar|Crunch|p2b: Sinistcha\n|-supereffective|p2b: Sinistcha|1\n|-damage|p2b: Sinistcha|0 fnt\n|faint|p2b: Sinistcha\n|\n|-weather|Sandstorm|[upkeep]\n|-damage|p2a: Floette|64/100|[from] Sandstorm\n|upkeep\n|\n|t:|1776170120\n|switch|p2b: Incineroar|Incineroar, L50, F|54/100\n|-ability|p2b: Incineroar|Intimidate|boost\n|-unboost|p1a: Tyranitar|atk|1\n|-unboost|p1b: Excadrill|atk|1\n|turn|4\n|\n|t:|1776170132\n|move|p1b: Excadrill|Protect|p1b: Excadrill\n|-singleturn|p1b: Excadrill|Protect\n|move|p1a: Tyranitar|Protect|p1a: Tyranitar\n|-singleturn|p1a: Tyranitar|Protect\n|move|p2b: Incineroar|Fake Out|p1b: Excadrill\n|-activate|p1b: Excadrill|move: Protect\n|move|p2a: Floette|Draining Kiss|p1a: Tyranitar\n|-activate|p1a: Tyranitar|move: Protect\n|\n|-weather|Sandstorm|[upkeep]\n|-damage|p2a: Floette|58/100|[from] Sandstorm\n|-damage|p2b: Incineroar|48/100|[from] Sandstorm\n|upkeep\n|turn|5\n|\n|t:|1776170149\n|switch|p2a: Milotic|Milotic, L50, F|100/100\n|move|p1b: Excadrill|Iron Head|p2a: Milotic\n|-resisted|p2a: Milotic|1\n|-damage|p2a: Milotic|89/100\n|move|p1a: Tyranitar|Rock Slide|p2b: Incineroar|[spread] p2a,p2b\n|-supereffective|p2b: Incineroar|1\n|-damage|p2a: Milotic|68/100\n|-damage|p2b: Incineroar|6/100\n|move|p2b: Incineroar|Parting Shot|p1b: Excadrill\n|-unboost|p1b: Excadrill|atk|1\n|-unboost|p1b: Excadrill|spa|1\n|\n|t:|1776170150\n|switch|p2b: Floette|Floette-Mega, L50, F|58/100|[from] Parting Shot\n|-ability|p2b: Floette|Fairy Aura\n|\n|-weather|Sandstorm|[upkeep]\n|-damage|p2b: Floette|52/100|[from] Sandstorm\n|-damage|p2a: Milotic|62/100|[from] Sandstorm\n|-heal|p2a: Milotic|68/100|[from] item: Leftovers\n|upkeep\n|turn|6\n|\n|t:|1776170174\n|switch|p1b: Primarina|Primarina, L50, M, shiny|58/100\n|move|p2b: Floette|Protect|p2b: Floette\n|-singleturn|p2b: Floette|Protect\n|move|p1a: Tyranitar|Protect|p1a: Tyranitar\n|-singleturn|p1a: Tyranitar|Protect\n|move|p2a: Milotic|Icy Wind|p1a: Tyranitar|[spread] p1b\n|-activate|p1a: Tyranitar|move: Protect\n|-resisted|p1b: Primarina|1\n|-damage|p1b: Primarina|55/100\n|-unboost|p1b: Primarina|spe|1\n|\n|-weather|Sandstorm|[upkeep]\n|-damage|p2b: Floette|46/100|[from] Sandstorm\n|-damage|p2a: Milotic|62/100|[from] Sandstorm\n|-damage|p1b: Primarina|49/100|[from] Sandstorm\n|-heal|p2a: Milotic|68/100|[from] item: Leftovers\n|upkeep\n|turn|7\n|inactive|Quyt_DZ has 30 seconds left.\n|inactive|ChampionsmatchVGC has 30 seconds left.\n|inactive|Quyt_DZ has 20 seconds left.\n|inactive|Quyt_DZ has 15 seconds left.\n|\n|t:|1776170217\n|switch|p1a: Excadrill|Excadrill, L50, M|100/100\n|move|p2b: Floette|Draining Kiss|p1a: Excadrill\n|-resisted|p1a: Excadrill|1\n|-crit|p1a: Excadrill\n|-damage|p1a: Excadrill|61/100\n|-heal|p2b: Floette|76/100|[from] drain|[of] p1a: Excadrill\n|move|p2a: Milotic|Icy Wind|p1b: Primarina|[spread] p1a,p1b\n|-resisted|p1b: Primarina|1\n|-damage|p1a: Excadrill|47/100\n|-damage|p1b: Primarina|45/100\n|-unboost|p1a: Excadrill|spe|1\n|-unboost|p1b: Primarina|spe|1\n|move|p1b: Primarina|Moonblast|p2b: Floette\n|-damage|p2b: Floette|30/100\n|\n|-weather|none\n|-heal|p2a: Milotic|74/100|[from] item: Leftovers\n|upkeep\n|turn|8\n|inactive|Quyt_DZ has 30 seconds left.\n|\n|t:|1776170246\n|switch|p2b: Incineroar|Incineroar, L50, F|6/100\n|-ability|p2b: Incineroar|Intimidate|boost\n|-unboost|p1a: Excadrill|atk|1\n|-unboost|p1b: Primarina|atk|1\n|move|p1a: Excadrill|Protect|p1a: Excadrill\n|-singleturn|p1a: Excadrill|Protect\n|move|p2a: Milotic|Scald|p1a: Excadrill\n|-activate|p1a: Excadrill|move: Protect\n|move|p1b: Primarina|Moonblast|p2b: Incineroar\n|-damage|p2b: Incineroar|0 fnt\n|faint|p2b: Incineroar\n|\n|-heal|p2a: Milotic|80/100|[from] item: Leftovers\n|upkeep\n|\n|t:|1776170254\n|switch|p2b: Floette|Floette-Mega, L50, F|30/100\n|-ability|p2b: Floette|Fairy Aura\n|turn|9\n|inactive|Quyt_DZ has 30 seconds left.\n|\n|t:|1776170283\n|switch|p1a: Tyranitar|Tyranitar-Mega, L50, F|100/100\n|-weather|Sandstorm|[from] ability: Sand Stream|[of] p1a: Tyranitar\n|move|p2b: Floette|Draining Kiss|p1b: Primarina\n|-damage|p1b: Primarina|9/100\n|-heal|p2b: Floette|57/100|[from] drain|[of] p1b: Primarina\n|move|p2a: Milotic|Scald|p1a: Tyranitar\n|-supereffective|p1a: Tyranitar|1\n|-damage|p1a: Tyranitar|73/100\n|move|p1b: Primarina|Moonblast|p2b: Floette\n|-damage|p2b: Floette|11/100\n|\n|-weather|Sandstorm|[upkeep]\n|-damage|p2b: Floette|5/100|[from] Sandstorm\n|-damage|p2a: Milotic|74/100|[from] Sandstorm\n|-damage|p1b: Primarina|3/100|[from] Sandstorm\n|-heal|p2a: Milotic|80/100|[from] item: Leftovers\n|upkeep\n|turn|10\n|\n|t:|1776170300\n|move|p1a: Tyranitar|Protect|p1a: Tyranitar\n|-singleturn|p1a: Tyranitar|Protect\n|move|p1b: Primarina|Protect|p1b: Primarina\n|-singleturn|p1b: Primarina|Protect\n|move|p2b: Floette|Draining Kiss|p1a: Tyranitar\n|-activate|p1a: Tyranitar|move: Protect\n|move|p2a: Milotic|Scald|p1a: Tyranitar\n|-activate|p1a: Tyranitar|move: Protect\n|\n|-weather|Sandstorm|[upkeep]\n|-damage|p2b: Floette|0 fnt|[from] Sandstorm\n|-damage|p2a: Milotic|74/100|[from] Sandstorm\n|-damage|p1b: Primarina|0 fnt|[from] Sandstorm\n|faint|p2b: Floette\n|faint|p1b: Primarina\n|-heal|p2a: Milotic|80/100|[from] item: Leftovers\n|upkeep\n|\n|t:|1776170313\n|switch|p1b: Excadrill|Excadrill, L50, M|47/100\n|turn|11\n|\n|t:|1776170323\n|move|p2a: Milotic|Protect|p2a: Milotic\n|-singleturn|p2a: Milotic|Protect\n|move|p1b: Excadrill|High Horsepower|p2a: Milotic\n|-activate|p2a: Milotic|move: Protect\n|move|p1a: Tyranitar|Crunch|p2a: Milotic\n|-activate|p2a: Milotic|move: Protect\n|\n|-weather|Sandstorm|[upkeep]\n|-damage|p2a: Milotic|74/100|[from] Sandstorm\n|-heal|p2a: Milotic|80/100|[from] item: Leftovers\n|upkeep\n|turn|12\n|\n|t:|1776170329\n|move|p1b: Excadrill|High Horsepower|p2a: Milotic\n|-damage|p2a: Milotic|38/100\n|move|p2a: Milotic|Scald|p1b: Excadrill\n|-supereffective|p1b: Excadrill|1\n|-damage|p1b: Excadrill|0 fnt\n|faint|p1b: Excadrill\n|move|p1a: Tyranitar|Crunch|p2a: Milotic\n|-damage|p2a: Milotic|0 fnt\n|faint|p2a: Milotic\n|\n|win|Quyt_DZ\n|raw|Quyt_DZ's rating: 1385 &rarr; <strong>1410</strong><br />(+25 for winning)\n|raw|ChampionsmatchVGC's rating: 1479 &rarr; <strong>1454</strong><br />(-25 for losing)\n|c|\u2606Quyt_DZ|gg\n",
  "uploadtime": 1776170336,
  "views": 48,
  "formatid": "gen9championsvgc2026regma",
  "rating": 1410,
  "private": 0,
  "password": null
}