{
  "id": "gen9championsvgc2026regma-2583291949",
  "format": "[Gen 9 Champions] VGC 2026 Reg M-A",
  "players": [
    "Isidino",
    "tash ma tash show"
  ],
  "log": "|j|\u2606Isidino\n|j|\u2606tash ma tash show\n|t:|1776163838\n|gametype|doubles\n|player|p1|Isidino|169|1196\n|player|p2|tash ma tash show|nate|1143\n|gen|9\n|tier|[Gen 9 Champions] VGC 2026 Reg M-A\n|rated|\n|rule|Species Clause: Limit one of each Pok\u00e9mon\n|rule|Item Clause: Limit 1 of each item\n|clearpoke\n|poke|p1|Pelipper, L50, M|\n|poke|p1|Basculegion-F, L50, F|\n|poke|p1|Starmie, L50|\n|poke|p1|Sneasler, L50, M|\n|poke|p1|Sableye, L50, M|\n|poke|p1|Archaludon, L50, M|\n|poke|p2|Talonflame, L50, F|\n|poke|p2|Tyranitar, L50, M|\n|poke|p2|Excadrill, L50, F|\n|poke|p2|Sneasler, L50, M|\n|poke|p2|Serperior, L50, F|\n|poke|p2|Incineroar, L50, F|\n|teampreview|4\n|inactive|Battle timer is ON: inactive players will automatically lose when time's up. (requested by Isidino)\n|inactive|Isidino has 60 seconds left.\n|\n|t:|1776163872\n|teamsize|p1|4\n|teamsize|p2|4\n|start\n|switch|p1a: Sableye|Sableye, L50, M, shiny|100/100\n|switch|p1b: Basculegion|Basculegion-F, L50, F, shiny|100/100\n|switch|p2a: Talonflame|Talonflame, L50, F|100/100\n|switch|p2b: Serperior|Serperior, L50, F|100/100\n|turn|1\n|\n|t:|1776163890\n|switch|p1b: Sneasler|Sneasler, L50, M|100/100\n|move|p2a: Talonflame|Tailwind|p2a: Talonflame\n|-sidestart|p2: tash ma tash show|move: Tailwind\n|move|p1a: Sableye|Rain Dance|p1a: Sableye\n|-weather|RainDance\n|move|p2b: Serperior|Leaf Storm|p1b: Sneasler\n|-resisted|p1b: Sneasler|1\n|-damage|p1b: Sneasler|63/100\n|-boost|p2b: Serperior|spa|2\n|\n|-weather|RainDance|[upkeep]\n|upkeep\n|turn|2\n|\n|t:|1776163903\n|move|p1b: Sneasler|Fake Out|p2b: Serperior\n|-damage|p2b: Serperior|84/100\n|move|p2a: Talonflame|Dual Wingbeat|p1b: Sneasler\n|-supereffective|p1b: Sneasler|1\n|-damage|p1b: Sneasler|0 fnt\n|faint|p1b: Sneasler\n|-hitcount|p1: Sneasler|1\n|move|p1a: Sableye|Encore|p2a: Talonflame\n|-start|p2a: Talonflame|Encore\n|cant|p2b: Serperior|flinch\n|\n|-weather|RainDance|[upkeep]\n|upkeep\n|\n|t:|1776163919\n|switch|p1b: Starmie|Starmie, L50, shiny|100/100\n|turn|3\n|\n|t:|1776163933\n|detailschange|p1b: Starmie|Starmie-Mega, L50, shiny\n|-mega|p1b: Starmie|Starmie|Starminite\n|move|p2a: Talonflame|Dual Wingbeat|p1a: Sableye\n|-damage|p1a: Sableye|78/100\n|-damage|p1a: Sableye|53/100\n|-hitcount|p1a: Sableye|2\n|move|p1b: Starmie|Aqua Jet|p2b: Serperior\n|-resisted|p2b: Serperior|1\n|-damage|p2b: Serperior|50/100\n|move|p2b: Serperior|Leaf Storm|p1b: Starmie\n|-supereffective|p1b: Starmie|1\n|-damage|p1b: Starmie|0 fnt\n|-boost|p2b: Serperior|spa|2\n|faint|p1b: Starmie\n|move|p1a: Sableye|Night Shade|p2b: Serperior\n|-damage|p2b: Serperior|17/100\n|\n|-weather|RainDance|[upkeep]\n|-heal|p1a: Sableye|59/100|[from] item: Leftovers\n|upkeep\n|\n|t:|1776163945\n|switch|p1b: Basculegion|Basculegion-F, L50, F, shiny|100/100\n|turn|4\n|\n|t:|1776163953\n|switch|p2a: Tyranitar|Tyranitar, L50, M|100/100\n|-weather|Sandstorm|[from] ability: Sand Stream|[of] p2a: Tyranitar\n|move|p2b: Serperior|Giga Drain|p1b: Basculegion\n|-supereffective|p1b: Basculegion|1\n|-damage|p1b: Basculegion|0 fnt\n|-heal|p2b: Serperior|82/100|[from] drain|[of] p1b: Basculegion\n|faint|p1b: Basculegion\n|move|p1a: Sableye|Night Shade|p2a: Tyranitar\n|-damage|p2a: Tyranitar|72/100\n|\n|-weather|Sandstorm|[upkeep]\n|-damage|p2b: Serperior|76/100|[from] Sandstorm\n|-damage|p1a: Sableye|53/100|[from] Sandstorm\n|-heal|p1a: Sableye|59/100|[from] item: Leftovers\n|-sideend|p2: tash ma tash show|move: Tailwind\n|upkeep\n|turn|5\n|-message|Isidino forfeited.\n|\n|win|tash ma tash show\n|raw|Isidino's rating: 1196 &rarr; <strong>1167</strong><br />(-29 for losing)\n|raw|tash ma tash show's rating: 1143 &rarr; <strong>1172</strong><br />(+29 for winning)\n",
  "uploadtime": 1776163964,
  "views": 16,
  "formatid": "gen9championsvgc2026regma",
  "rating": 1167,
  "private": 0,
  "password": null
}