{
  "id": "gen9championsvgc2026regma-2581242770",
  "format": "[Gen 9 Champions] VGC 2026 Reg M-A",
  "players": [
    "moonone",
    "GoodestGreavard"
  ],
  "log": "|j|\u2606moonone\n|j|\u2606GoodestGreavard\n|t:|1775975294\n|gametype|doubles\n|player|p1|moonone|265|1330\n|player|p2|GoodestGreavard|102|1349\n|gen|9\n|tier|[Gen 9 Champions] VGC 2026 Reg M-A\n|rated|\n|rule|Species Clause: Limit one of each Pok\u00e9mon\n|rule|Item Clause: Limit 1 of each item\n|clearpoke\n|poke|p1|Gengar, L50, M|\n|poke|p1|Basculegion, L50, M|\n|poke|p1|Incineroar, L50, F|\n|poke|p1|Pelipper, L50, M|\n|poke|p1|Kingambit, L50, M|\n|poke|p1|Kommo-o, L50, M|\n|poke|p2|Delphox, L50, F|\n|poke|p2|Mamoswine, L50, M|\n|poke|p2|Talonflame, L50, M|\n|poke|p2|Farigiraf, L50, F|\n|poke|p2|Rotom-Wash, L50|\n|poke|p2|Sneasler, L50, F|\n|teampreview|4\n|j| gE1xjZRtuhW2DdT0AK\n|\n|t:|1775975324\n|teamsize|p1|4\n|teamsize|p2|4\n|start\n|switch|p1a: Gengar|Gengar, L50, M, shiny|100/100\n|switch|p1b: Basculegion|Basculegion, L50, M|100/100\n|switch|p2a: Talonflame|Talonflame, L50, M|100/100\n|switch|p2b: Mamoswine|Mamoswine, L50, M|100/100\n|turn|1\n|inactive|Battle timer is ON: inactive players will automatically lose when time's up. (requested by GoodestGreavard)\n|\n|t:|1775975361\n|switch|p2a: Rotom|Rotom-Wash, L50|100/100\n|detailschange|p1a: Gengar|Gengar-Mega, L50, M, shiny\n|-mega|p1a: Gengar|Gengar|Gengarite\n|move|p1a: Gengar|Protect|p1a: Gengar\n|-singleturn|p1a: Gengar|Protect\n|move|p1b: Basculegion|Flip Turn|p2b: Mamoswine\n|-supereffective|p2b: Mamoswine|1\n|-damage|p2b: Mamoswine|6/100\n|\n|t:|1775975374\n|switch|p1b: Incineroar|Incineroar, L50, F|100/100|[from] Flip Turn\n|-ability|p1b: Incineroar|Intimidate|boost\n|-unboost|p2a: Rotom|atk|1\n|-fail|p2b: Mamoswine|unboost|Attack|[from] ability: Oblivious|[of] p2b: Mamoswine\n|move|p2b: Mamoswine|Earthquake|p1b: Incineroar|[spread] p1b\n|-activate|p1a: Gengar|move: Protect\n|-immune|p2a: Rotom|[from] ability: Levitate\n|-supereffective|p1b: Incineroar|1\n|-damage|p1b: Incineroar|46/100\n|-enditem|p1b: Incineroar|Sitrus Berry|[eat]\n|-heal|p1b: Incineroar|71/100|[from] item: Sitrus Berry\n|\n|upkeep\n|turn|2\n|inactive|moonone has 30 seconds left.\n|inactive|GoodestGreavard has 30 seconds left.\n|\n|t:|1775975400\n|move|p2b: Mamoswine|Protect|p2b: Mamoswine\n|-singleturn|p2b: Mamoswine|Protect\n|move|p1b: Incineroar|Fake Out|p2a: Rotom\n|-damage|p2a: Rotom|87/100\n|cant|p2a: Rotom|flinch\n|move|p1a: Gengar|Shadow Ball|p2b: Mamoswine\n|-activate|p2b: Mamoswine|move: Protect\n|\n|upkeep\n|turn|3\n|\n|t:|1775975422\n|switch|p1b: Basculegion|Basculegion, L50, M|100/100\n|move|p2a: Rotom|Volt Switch|p1a: Gengar\n|-damage|p1a: Gengar|58/100\n|j| isaias93\n|\n|t:|1775975427\n|switch|p2a: Talonflame|Talonflame, L50, M|100/100|[from] Volt Switch\n|move|p1a: Gengar|Shadow Ball|p2b: Mamoswine\n|-damage|p2b: Mamoswine|0 fnt\n|faint|p2b: Mamoswine\n|\n|upkeep\n|\n|t:|1775975431\n|switch|p2b: Rotom|Rotom-Wash, L50|87/100\n|turn|4\n|inactive|moonone has 30 seconds left.\n|\n|t:|1775975458\n|move|p1a: Gengar|Protect|p1a: Gengar\n|-singleturn|p1a: Gengar|Protect\n|move|p2a: Talonflame|Protect|p2a: Talonflame\n|-singleturn|p2a: Talonflame|Protect\n|move|p2b: Rotom|Thunderbolt|p1a: Gengar\n|-activate|p1a: Gengar|move: Protect\n|move|p1b: Basculegion|Flip Turn|p2a: Talonflame\n|-activate|p2a: Talonflame|move: Protect\n|\n|upkeep\n|turn|5\n|inactive|moonone has 30 seconds left.\n|inactive|moonone has 20 seconds left.\n|inactive|moonone has 15 seconds left.\n|\n|t:|1775975499\n|switch|p1a: Incineroar|Incineroar, L50, F|71/100\n|-ability|p1a: Incineroar|Intimidate|boost\n|-unboost|p2a: Talonflame|atk|1\n|-unboost|p2b: Rotom|atk|1\n|move|p2a: Talonflame|Acrobatics|p1a: Incineroar\n|-damage|p1a: Incineroar|48/100\n|move|p2b: Rotom|Thunderbolt|p1a: Incineroar\n|-damage|p1a: Incineroar|11/100\n|move|p1b: Basculegion|Flip Turn|p2a: Talonflame\n|-supereffective|p2a: Talonflame|1\n|-damage|p2a: Talonflame|0 fnt\n|faint|p2a: Talonflame\n|inactive|moonone has 30 seconds left.\n|\n|t:|1775975531\n|switch|p1b: Gengar|Gengar-Mega, L50, M, shiny|58/100|[from] Flip Turn\n|\n|upkeep\n|\n|t:|1775975533\n|switch|p2a: Sneasler|Sneasler, L50, F|100/100\n|turn|6\n|l| isaias93\n|j| isaias93\n|inactive|moonone has 30 seconds left.\n|inactive|moonone has 20 seconds left.\n|inactive|moonone has 15 seconds left.\n|l| isaias93\n|\n|t:|1775975577\n|switch|p1a: Kingambit|Kingambit, L50, M|100/100\n|move|p2a: Sneasler|Fake Out|p1a: Kingambit\n|-resisted|p1a: Kingambit|1\n|-damage|p1a: Kingambit|95/100\n|move|p2b: Rotom|Thunderbolt|p1b: Gengar\n|-damage|p1b: Gengar|9/100\n|move|p1b: Gengar|Shadow Ball|p2b: Rotom\n|-damage|p2b: Rotom|29/100\n|\n|upkeep\n|turn|7\n|\n|t:|1775975593\n|move|p1a: Kingambit|Sucker Punch|p2b: Rotom\n|-damage|p2b: Rotom|0 fnt\n|faint|p2b: Rotom\n|move|p1b: Gengar|Shadow Ball|p2a: Sneasler\n|-damage|p2a: Sneasler|41/100\n|move|p2a: Sneasler|Close Combat|p1a: Kingambit\n|-supereffective|p1a: Kingambit|2\n|-crit|p1a: Kingambit\n|-enditem|p1a: Kingambit|Chople Berry|[eat]\n|-enditem|p1a: Kingambit|Chople Berry|[weaken]\n|-damage|p1a: Kingambit|0 fnt\n|-unboost|p2a: Sneasler|def|1\n|-unboost|p2a: Sneasler|spd|1\n|faint|p1a: Kingambit\n|-enditem|p2a: Sneasler|White Herb\n|-clearnegativeboost|p2a: Sneasler|[silent]\n|\n|upkeep\n|-message|GoodestGreavard forfeited.\n|\n|win|moonone\n|raw|moonone's rating: 1330 &rarr; <strong>1351</strong><br />(+21 for winning)\n|raw|GoodestGreavard's rating: 1349 &rarr; <strong>1328</strong><br />(-21 for losing)\n|l|\u2606GoodestGreavard\n|player|p2|\n|l|\u2606moonone\n|player|p1|\n",
  "uploadtime": 1775976059,
  "views": 39,
  "formatid": "gen9championsvgc2026regma",
  "rating": 1328,
  "private": 0,
  "password": null
}