{
  "id": "gen9championsvgc2026regma-2589550743",
  "format": "[Gen 9 Champions] VGC 2026 Reg M-A",
  "players": [
    "Sheepsoft",
    "not zzag"
  ],
  "log": "|j|\u2606Sheepsoft\n|j|\u2606not zzag\n|t:|1776733304\n|gametype|doubles\n|player|p1|Sheepsoft|maid|1320\n|player|p2|not zzag|265|1259\n|gen|9\n|tier|[Gen 9 Champions] VGC 2026 Reg M-A\n|rated|\n|rule|Species Clause: Limit one of each Pok\u00e9mon\n|rule|Item Clause: Limit 1 of each item\n|clearpoke\n|poke|p1|Hydreigon, L50, M|\n|poke|p1|Aegislash, L50, M|\n|poke|p1|Floette-Eternal, L50, F|\n|poke|p1|Rotom-Wash, L50|\n|poke|p1|Volcarona, L50, F|\n|poke|p1|Sneasler, L50, F|\n|poke|p2|Venusaur, L50, F|\n|poke|p2|Tyranitar, L50, F|\n|poke|p2|Corviknight, L50, M|\n|poke|p2|Garchomp, L50, F|\n|poke|p2|Rotom-Heat, L50|\n|poke|p2|Primarina, L50, M|\n|teampreview|4\n|\n|t:|1776733351\n|teamsize|p1|4\n|teamsize|p2|4\n|start\n|switch|p1a: Hydreigon|Hydreigon, L50, M|100/100\n|switch|p1b: Rotom|Rotom-Wash, L50|100/100\n|switch|p2a: Venusaur|Venusaur, L50, F|100/100\n|switch|p2b: Rotom|Rotom-Heat, L50|100/100\n|turn|1\n|\n|t:|1776733372\n|detailschange|p2a: Venusaur|Venusaur-Mega, L50, F\n|-mega|p2a: Venusaur|Venusaur|Venusaurite\n|move|p1b: Rotom|Trick||[still]\n|-fail|p1b: Rotom\n|move|p2b: Rotom|Electroweb|p1a: Hydreigon|[spread] p1b\n|-miss|p2b: Rotom|p1a: Hydreigon\n|-damage|p1b: Rotom|77/100\n|-unboost|p1b: Rotom|spe|1\n|move|p1a: Hydreigon|Flamethrower|p2a: Venusaur\n|-supereffective|p2a: Venusaur|1\n|-damage|p2a: Venusaur|75/100\n|-status|p2a: Venusaur|brn\n|move|p2a: Venusaur|Giga Drain|p1b: Rotom\n|-supereffective|p1b: Rotom|1\n|-damage|p1b: Rotom|0 fnt\n|-heal|p2a: Venusaur|100/100 brn|[from] drain|[of] p1b: Rotom\n|faint|p1b: Rotom\n|\n|-damage|p2a: Venusaur|95/100 brn|[from] brn\n|upkeep\n|\n|t:|1776733390\n|switch|p1b: Sneasler|Sneasler, L50, F|100/100\n|turn|2\n|\n|t:|1776733407\n|move|p2a: Venusaur|Protect|p2a: Venusaur\n|-singleturn|p2a: Venusaur|Protect\n|move|p2b: Rotom|Electroweb|p1b: Sneasler|[spread] p1a,p1b\n|-resisted|p1a: Hydreigon|1\n|-damage|p1a: Hydreigon|91/100\n|-damage|p1b: Sneasler|77/100\n|-unboost|p1a: Hydreigon|spe|1\n|-unboost|p1b: Sneasler|spe|1\n|-enditem|p1b: Sneasler|White Herb\n|-clearnegativeboost|p1b: Sneasler|[silent]\n|move|p1b: Sneasler|Close Combat|p2b: Rotom\n|-damage|p2b: Rotom|25/100\n|-unboost|p1b: Sneasler|def|1\n|-unboost|p1b: Sneasler|spd|1\n|move|p1a: Hydreigon|Dark Pulse|p2b: Rotom\n|-damage|p2b: Rotom|0 fnt\n|faint|p2b: Rotom\n|\n|-damage|p2a: Venusaur|89/100 brn|[from] brn\n|upkeep\n|\n|t:|1776733426\n|switch|p2b: Corviknight|Corviknight, L50, M|100/100\n|turn|3\n|\n|t:|1776733434\n|move|p1b: Sneasler|Close Combat|p2b: Corviknight\n|-damage|p2b: Corviknight|43/100\n|-unboost|p1b: Sneasler|def|1\n|-unboost|p1b: Sneasler|spd|1\n|move|p2a: Venusaur|Earth Power|p1b: Sneasler\n|-supereffective|p1b: Sneasler|1\n|-damage|p1b: Sneasler|0 fnt\n|faint|p1b: Sneasler\n|move|p1a: Hydreigon|Flamethrower|p2b: Corviknight\n|-supereffective|p2b: Corviknight|1\n|-crit|p2b: Corviknight\n|-damage|p2b: Corviknight|0 fnt\n|faint|p2b: Corviknight\n|\n|-damage|p2a: Venusaur|83/100 brn|[from] brn\n|upkeep\n|\n|t:|1776733448\n|switch|p1b: Floette|Floette-Eternal, L50, F|100/100\n|switch|p2b: Garchomp|Garchomp, L50, F|100/100\n|turn|4\n|\n|t:|1776733462\n|detailschange|p1b: Floette|Floette-Mega, L50, F\n|-mega|p1b: Floette|Floette|Floettite\n|-ability|p1b: Floette|Fairy Aura\n|move|p1a: Hydreigon|Protect|p1a: Hydreigon\n|-singleturn|p1a: Hydreigon|Protect\n|move|p1b: Floette|Moonblast|p2b: Garchomp\n|-supereffective|p2b: Garchomp|1\n|-damage|p2b: Garchomp|0 fnt\n|faint|p2b: Garchomp\n|move|p2a: Venusaur|Sludge Bomb|p1b: Floette\n|-supereffective|p1b: Floette|1\n|-damage|p1b: Floette|18/100\n|\n|-damage|p2a: Venusaur|77/100 brn|[from] brn\n|upkeep\n|turn|5\n|\n|t:|1776733480\n|move|p2a: Venusaur|Protect|p2a: Venusaur\n|-singleturn|p2a: Venusaur|Protect\n|move|p1b: Floette|Moonblast|p2a: Venusaur\n|-activate|p2a: Venusaur|move: Protect\n|move|p1a: Hydreigon|Dark Pulse|p2a: Venusaur\n|-activate|p2a: Venusaur|move: Protect\n|\n|-damage|p2a: Venusaur|71/100 brn|[from] brn\n|upkeep\n|turn|6\n|\n|t:|1776733491\n|move|p1b: Floette|Protect|p1b: Floette\n|-singleturn|p1b: Floette|Protect\n|move|p2a: Venusaur|Giga Drain|p1b: Floette\n|-activate|p1b: Floette|move: Protect\n|move|p1a: Hydreigon|Dark Pulse|p2a: Venusaur\n|-damage|p2a: Venusaur|28/100 brn\n|\n|-damage|p2a: Venusaur|22/100 brn|[from] brn\n|upkeep\n|turn|7\n|-message|not zzag forfeited.\n|\n|win|Sheepsoft\n|raw|Sheepsoft's rating: 1320 &rarr; <strong>1337</strong><br />(+17 for winning)\n|raw|not zzag's rating: 1259 &rarr; <strong>1238</strong><br />(-21 for losing)\n|l|\u2606not zzag\n|player|p2|\n",
  "uploadtime": 1776733534,
  "views": 3,
  "formatid": "gen9championsvgc2026regma",
  "rating": 1238,
  "private": 0,
  "password": null
}