{
  "id": "gen9championsvgc2026regma-2581403758",
  "format": "[Gen 9 Champions] VGC 2026 Reg M-A",
  "players": [
    "RazzvyBerry",
    "bbitg!!"
  ],
  "log": "|j|\u2606RazzvyBerry\n|j|\u2606bbitg!!\n|t:|1775996835\n|gametype|doubles\n|player|p1|RazzvyBerry|harlequin|1234\n|player|p2|bbitg!!|clown|1158\n|gen|9\n|tier|[Gen 9 Champions] VGC 2026 Reg M-A\n|rated|\n|rule|Species Clause: Limit one of each Pok\u00e9mon\n|rule|Item Clause: Limit 1 of each item\n|clearpoke\n|poke|p1|Azumarill, L50, F|\n|poke|p1|Froslass, L50, F|\n|poke|p1|Sinistcha, L50|\n|poke|p1|Incineroar, L50, M|\n|poke|p1|Sneasler, L50, M|\n|poke|p1|Aerodactyl, L50, F|\n|poke|p2|Charizard, L50, F|\n|poke|p2|Venusaur, L50, M|\n|poke|p2|Garchomp, L50, F|\n|poke|p2|Sneasler, L50, M|\n|poke|p2|Incineroar, L50, F|\n|poke|p2|Rotom-Wash, L50|\n|teampreview|4\n|c|\u2606RazzvyBerry|Clown gaming\n|c|\u2606bbitg!!|gl clown town\n|\n|t:|1775996944\n|teamsize|p1|4\n|teamsize|p2|4\n|start\n|switch|p1a: Aerodactyl|Aerodactyl, L50, F|100/100\n|switch|p1b: Incineroar|Incineroar, L50, M|100/100\n|switch|p2a: Incineroar|Incineroar, L50, F, shiny|100/100\n|switch|p2b: Rotom|Rotom-Wash, L50, shiny|100/100\n|-ability|p1a: Aerodactyl|Unnerve\n|-ability|p2a: Incineroar|Intimidate|boost\n|-unboost|p1a: Aerodactyl|atk|1\n|-unboost|p1b: Incineroar|atk|1\n|-ability|p1b: Incineroar|Intimidate|boost\n|-unboost|p2a: Incineroar|atk|1\n|-unboost|p2b: Rotom|atk|1\n|turn|1\n|inactive|Battle timer is ON: inactive players will automatically lose when time's up. (requested by RazzvyBerry)\n|\n|t:|1775996983\n|move|p1a: Aerodactyl|Protect|p1a: Aerodactyl\n|-singleturn|p1a: Aerodactyl|Protect\n|move|p2a: Incineroar|Fake Out|p1b: Incineroar\n|-damage|p1b: Incineroar|92/100\n|move|p2b: Rotom|Thunderbolt|p1a: Aerodactyl\n|-activate|p1a: Aerodactyl|move: Protect\n|cant|p1b: Incineroar|flinch\n|\n|upkeep\n|turn|2\n|inactive|RazzvyBerry has 30 seconds left.\n|inactive|bbitg!! has 30 seconds left.\n|inactive|RazzvyBerry has 20 seconds left.\n|inactive|bbitg!! has 20 seconds left.\n|inactive|RazzvyBerry has 15 seconds left.\n|inactive|bbitg!! has 15 seconds left.\n|inactive|RazzvyBerry has 10 seconds left.\n|inactive|RazzvyBerry has 5 seconds left.\n|\n|t:|1775997035\n|switch|p1a: Froslass|Froslass, L50, F|100/100\n|move|p2a: Incineroar|Darkest Lariat|p1a: Froslass\n|-supereffective|p1a: Froslass|1\n|-damage|p1a: Froslass|19/100\n|move|p2b: Rotom|Thunderbolt|p1a: Froslass\n|-damage|p1a: Froslass|0 fnt\n|faint|p1a: Froslass\n|move|p1b: Incineroar|Parting Shot|p2b: Rotom\n|-unboost|p2b: Rotom|atk|1\n|-unboost|p2b: Rotom|spa|1\n|\n|t:|1775997054\n|switch|p1b: Azumarill|Azumarill, L50, F|100/100|[from] Parting Shot\n|\n|upkeep\n|\n|t:|1775997060\n|switch|p1a: Incineroar|Incineroar, L50, M|92/100\n|-ability|p1a: Incineroar|Intimidate|boost\n|-unboost|p2a: Incineroar|atk|1\n|-unboost|p2b: Rotom|atk|1\n|turn|3\n|inactive|bbitg!! has 30 seconds left.\n|inactive|bbitg!! has 20 seconds left.\n|inactive|bbitg!! has 15 seconds left.\n|inactive|bbitg!! has 10 seconds left.\n|inactive|bbitg!! has 5 seconds left.\n|\n|t:|1775997112\n|move|p1a: Incineroar|Fake Out|p2b: Rotom\n|-damage|p2b: Rotom|85/100\n|move|p2a: Incineroar|Darkest Lariat|p1a: Incineroar\n|-resisted|p1a: Incineroar|1\n|-damage|p1a: Incineroar|82/100\n|cant|p2b: Rotom|flinch\n|move|p1b: Azumarill|Belly Drum|p1b: Azumarill\n|-damage|p1b: Azumarill|50/100\n|-setboost|p1b: Azumarill|atk|6|[from] move: Belly Drum\n|-enditem|p1b: Azumarill|Sitrus Berry|[eat]\n|-heal|p1b: Azumarill|75/100|[from] item: Sitrus Berry\n|\n|-heal|p2b: Rotom|91/100|[from] item: Leftovers\n|upkeep\n|turn|4\n|inactive|RazzvyBerry has 30 seconds left.\n|inactive|bbitg!! has 30 seconds left.\n|inactive|bbitg!! has 20 seconds left.\n|inactive|bbitg!! has 15 seconds left.\n|inactive|bbitg!! has 10 seconds left.\n|\n|t:|1775997161\n|move|p1b: Azumarill|Protect|p1b: Azumarill\n|-singleturn|p1b: Azumarill|Protect\n|move|p2a: Incineroar|Flare Blitz|p1b: Azumarill\n|-activate|p1b: Azumarill|move: Protect\n|move|p2b: Rotom|Thunderbolt|p1b: Azumarill\n|-activate|p1b: Azumarill|move: Protect\n|move|p1a: Incineroar|Darkest Lariat|p2b: Rotom\n|-damage|p2b: Rotom|47/100\n|\n|-heal|p2b: Rotom|53/100|[from] item: Leftovers\n|upkeep\n|turn|5\n|inactive|RazzvyBerry has 30 seconds left.\n|inactive|RazzvyBerry has 20 seconds left.\n|\n|t:|1775997201\n|move|p1b: Azumarill|Aqua Jet|p2a: Incineroar\n|-supereffective|p2a: Incineroar|1\n|-damage|p2a: Incineroar|0 fnt\n|faint|p2a: Incineroar\n|move|p2b: Rotom|Thunderbolt|p1b: Azumarill\n|-supereffective|p1b: Azumarill|1\n|-damage|p1b: Azumarill|32/100\n|move|p1a: Incineroar|Darkest Lariat|p2b: Rotom\n|-damage|p2b: Rotom|9/100\n|\n|-heal|p2b: Rotom|15/100|[from] item: Leftovers\n|upkeep\n|inactive|bbitg!! has 30 seconds left.\n|\n|t:|1775997231\n|switch|p2a: Sneasler|Sneasler, L50, M|100/100\n|turn|6\n|\n|t:|1775997248\n|move|p1b: Azumarill|Protect|p1b: Azumarill\n|-singleturn|p1b: Azumarill|Protect\n|move|p2a: Sneasler|Fake Out|p1a: Incineroar\n|-damage|p1a: Incineroar|68/100\n|move|p2b: Rotom|Thunderbolt|p1b: Azumarill\n|-activate|p1b: Azumarill|move: Protect\n|cant|p1a: Incineroar|flinch\n|\n|-heal|p2b: Rotom|20/100|[from] item: Leftovers\n|upkeep\n|turn|7\n|\n|t:|1775997272\n|move|p1b: Azumarill|Aqua Jet|p2a: Sneasler\n|-damage|p2a: Sneasler|0 fnt\n|faint|p2a: Sneasler\n|move|p2b: Rotom|Thunderbolt|p1b: Azumarill\n|-supereffective|p1b: Azumarill|1\n|-damage|p1b: Azumarill|0 fnt\n|faint|p1b: Azumarill\n|move|p1a: Incineroar|Flare Blitz|p2b: Rotom\n|-resisted|p2b: Rotom|1\n|-damage|p2b: Rotom|0 fnt\n|faint|p2b: Rotom\n|-damage|p1a: Incineroar|63/100|[from] Recoil\n|\n|upkeep\n|\n|t:|1775997289\n|switch|p2a: Charizard|Charizard, L50, F, shiny|100/100\n|switch|p1b: Aerodactyl|Aerodactyl, L50, F|100/100\n|-ability|p1b: Aerodactyl|Unnerve\n|turn|8\n|\n|t:|1775997306\n|detailschange|p1b: Aerodactyl|Aerodactyl-Mega, L50, F\n|-mega|p1b: Aerodactyl|Aerodactyl|Aerodactylite\n|detailschange|p2a: Charizard|Charizard-Mega-Y, L50, F, shiny\n|-mega|p2a: Charizard|Charizard|Charizardite Y\n|-weather|SunnyDay|[from] ability: Drought|[of] p2a: Charizard\n|move|p1b: Aerodactyl|Rock Slide|p2a: Charizard\n|-supereffective|p2a: Charizard|2\n|-damage|p2a: Charizard|0 fnt\n|faint|p2a: Charizard\n|\n|win|RazzvyBerry\n|raw|RazzvyBerry's rating: 1234 &rarr; <strong>1254</strong><br />(+20 for winning)\n|raw|bbitg!!'s rating: 1158 &rarr; <strong>1138</strong><br />(-20 for losing)\n|l|\u2606bbitg!!\n|player|p2|\n",
  "uploadtime": 1775997344,
  "views": 31,
  "formatid": "gen9championsvgc2026regma",
  "rating": 1138,
  "private": 0,
  "password": null
}