{
  "id": "gen9championsvgc2026regma-2581739095",
  "format": "[Gen 9 Champions] VGC 2026 Reg M-A",
  "players": [
    "llvl100mafiaboss",
    "TheOrthwormJim"
  ],
  "log": "|j|\u2606llvl100mafiaboss\n|j|\u2606TheOrthwormJim\n|t:|1776024675\n|gametype|doubles\n|player|p1|llvl100mafiaboss|backersf|1117\n|player|p2|TheOrthwormJim|ballguy|1160\n|gen|9\n|tier|[Gen 9 Champions] VGC 2026 Reg M-A\n|rated|\n|rule|Species Clause: Limit one of each Pok\u00e9mon\n|rule|Item Clause: Limit 1 of each item\n|clearpoke\n|poke|p1|Sneasler, L50, M|\n|poke|p1|Incineroar, L50, M|\n|poke|p1|Garchomp, L50, M|\n|poke|p1|Aegislash, L50, M|\n|poke|p1|Whimsicott, L50, F|\n|poke|p1|Rotom-Wash, L50|\n|poke|p2|Orthworm, L50, F|\n|poke|p2|Sinistcha, L50|\n|poke|p2|Delphox, L50, M|\n|poke|p2|Garchomp, L50, M|\n|poke|p2|Whimsicott, L50, M|\n|poke|p2|Rotom-Wash, L50|\n|teampreview|4\n|\n|t:|1776024764\n|teamsize|p1|4\n|teamsize|p2|4\n|start\n|switch|p1a: Incineroar|Incineroar, L50, M|100/100\n|switch|p1b: Rotom|Rotom-Wash, L50|100/100\n|switch|p2a: Whimsicott|Whimsicott, L50, M|100/100\n|switch|p2b: Rotom|Rotom-Wash, L50|100/100\n|-ability|p1a: Incineroar|Intimidate|boost\n|-unboost|p2a: Whimsicott|atk|1\n|-unboost|p2b: Rotom|atk|1\n|-enditem|p2b: Rotom|White Herb\n|-clearnegativeboost|p2b: Rotom|[silent]\n|turn|1\n|\n|t:|1776024830\n|move|p2a: Whimsicott|Tailwind|p2a: Whimsicott\n|-sidestart|p2: TheOrthwormJim|move: Tailwind\n|move|p2b: Rotom|Nasty Plot|p2b: Rotom\n|-boost|p2b: Rotom|spa|2\n|move|p1b: Rotom|Volt Switch|p2b: Rotom\n|-damage|p2b: Rotom|65/100\n|\n|t:|1776024842\n|switch|p1b: Sneasler|Sneasler, L50, M|100/100|[from] Volt Switch\n|move|p1a: Incineroar|Parting Shot|p2a: Whimsicott\n|-unboost|p2a: Whimsicott|atk|1\n|-unboost|p2a: Whimsicott|spa|1\n|\n|t:|1776024848\n|switch|p1a: Rotom|Rotom-Wash, L50|100/100|[from] Parting Shot\n|\n|upkeep\n|turn|2\n|\n|t:|1776024870\n|switch|p2a: Orthworm|Orthworm, L50, F|100/100\n|move|p1b: Sneasler|Protect|p1b: Sneasler\n|-singleturn|p1b: Sneasler|Protect\n|move|p2b: Rotom|Thunderbolt|p1a: Rotom\n|-damage|p1a: Rotom|35/100\n|move|p1a: Rotom|Volt Switch|p2b: Rotom\n|-damage|p2b: Rotom|29/100\n|\n|t:|1776024879\n|switch|p1a: Garchomp|Garchomp, L50, M|100/100|[from] Volt Switch\n|\n|upkeep\n|turn|3\n|\n|t:|1776024897\n|detailschange|p1a: Garchomp|Garchomp-Mega, L50, M\n|-mega|p1a: Garchomp|Garchomp|Garchompite\n|move|p2b: Rotom|Thunderbolt|p1b: Sneasler\n|-enditem|p1b: Sneasler|Focus Sash\n|-damage|p1b: Sneasler|1/100\n|move|p1b: Sneasler|Coaching|p1a: Garchomp\n|-boost|p1a: Garchomp|atk|1\n|-boost|p1a: Garchomp|def|1\n|move|p2a: Orthworm|Iron Defense|p2a: Orthworm\n|-boost|p2a: Orthworm|def|2\n|move|p1a: Garchomp|Dragon Claw|p2b: Rotom\n|-damage|p2b: Rotom|0 fnt\n|faint|p2b: Rotom\n|\n|upkeep\n|\n|t:|1776024915\n|switch|p2b: Whimsicott|Whimsicott, L50, M|100/100\n|turn|4\n|\n|t:|1776024945\n|move|p1a: Garchomp|Protect|p1a: Garchomp\n|-singleturn|p1a: Garchomp|Protect\n|move|p1b: Sneasler|Dire Claw|p2b: Whimsicott\n|-supereffective|p2b: Whimsicott|2\n|-damage|p2b: Whimsicott|0 fnt\n|faint|p2b: Whimsicott\n|move|p2a: Orthworm|Iron Defense|p2a: Orthworm\n|-boost|p2a: Orthworm|def|2\n|\n|-sideend|p2: TheOrthwormJim|move: Tailwind\n|upkeep\n|\n|t:|1776024951\n|switch|p2b: Delphox|Delphox, L50, M|100/100\n|turn|5\n|\n|t:|1776024984\n|detailschange|p2b: Delphox|Delphox-Mega, L50, M\n|-mega|p2b: Delphox|Delphox|Delphoxite\n|move|p1b: Sneasler|Coaching|p1a: Garchomp\n|-boost|p1a: Garchomp|atk|1\n|-boost|p1a: Garchomp|def|1\n|move|p2b: Delphox|Heat Wave|p1b: Sneasler|[spread] p1a,p1b\n|-resisted|p1a: Garchomp|1\n|-damage|p1a: Garchomp|77/100\n|-damage|p1b: Sneasler|0 fnt\n|faint|p1b: Sneasler\n|move|p1a: Garchomp|Dragon Claw|p2b: Delphox\n|-damage|p2b: Delphox|0 fnt\n|faint|p2b: Delphox\n|move|p2a: Orthworm|Body Press|p1a: Garchomp\n|-damage|p1a: Garchomp|31/100\n|\n|upkeep\n|\n|t:|1776024994\n|switch|p1b: Rotom|Rotom-Wash, L50|35/100\n|turn|6\n|\n|t:|1776025000\n|move|p1a: Garchomp|Dragon Claw|p2a: Orthworm\n|-resisted|p2a: Orthworm|1\n|-damage|p2a: Orthworm|90/100\n|move|p1b: Rotom|Will-O-Wisp|p2a: Orthworm|[miss]\n|-miss|p1b: Rotom|p2a: Orthworm\n|move|p2a: Orthworm|Body Press|p1b: Rotom\n|-damage|p1b: Rotom|0 fnt\n|faint|p1b: Rotom\n|\n|upkeep\n|\n|t:|1776025006\n|switch|p1b: Incineroar|Incineroar, L50, M|100/100\n|-ability|p1b: Incineroar|Intimidate|boost\n|-unboost|p2a: Orthworm|atk|1\n|turn|7\n|\n|t:|1776025010\n|move|p2a: Orthworm|Protect|p2a: Orthworm\n|-singleturn|p2a: Orthworm|Protect\n|move|p1b: Incineroar|Fake Out|p2a: Orthworm\n|-activate|p2a: Orthworm|move: Protect\n|move|p1a: Garchomp|Swords Dance|p1a: Garchomp\n|-boost|p1a: Garchomp|atk|2\n|\n|upkeep\n|turn|8\n|\n|t:|1776025021\n|move|p1a: Garchomp|Dragon Claw|p2a: Orthworm\n|-resisted|p2a: Orthworm|1\n|-damage|p2a: Orthworm|75/100\n|move|p2a: Orthworm|Body Press|p1b: Incineroar\n|-supereffective|p1b: Incineroar|1\n|-damage|p1b: Incineroar|0 fnt\n|faint|p1b: Incineroar\n|\n|upkeep\n|turn|9\n|-message|llvl100mafiaboss forfeited.\n|\n|win|TheOrthwormJim\n|raw|llvl100mafiaboss's rating: 1117 &rarr; <strong>1095</strong><br />(-22 for losing)\n|raw|TheOrthwormJim's rating: 1160 &rarr; <strong>1182</strong><br />(+22 for winning)\n|l|\u2606llvl100mafiaboss\n|player|p1|\n",
  "uploadtime": 1776025029,
  "views": 18,
  "formatid": "gen9championsvgc2026regma",
  "rating": 1095,
  "private": 0,
  "password": null
}