{
  "id": "gen9championsvgc2026regma-2583357514",
  "format": "[Gen 9 Champions] VGC 2026 Reg M-A",
  "players": [
    "Barber1",
    "jorginocoke"
  ],
  "log": "|j|\u2606Barber1\n|j|\u2606jorginocoke\n|t:|1776169832\n|gametype|doubles\n|player|p1|Barber1|cynthia-gen4|1230\n|player|p2|jorginocoke|169|1326\n|gen|9\n|tier|[Gen 9 Champions] VGC 2026 Reg M-A\n|rated|\n|rule|Species Clause: Limit one of each Pok\u00e9mon\n|rule|Item Clause: Limit 1 of each item\n|clearpoke\n|poke|p1|Floette-Eternal, L50, F|\n|poke|p1|Sneasler, L50, F|\n|poke|p1|Aerodactyl, L50, M|\n|poke|p1|Delphox, L50, M|\n|poke|p1|Kingambit, L50, F|\n|poke|p1|Garchomp, L50, M|\n|poke|p2|Mimikyu, L50, M|\n|poke|p2|Crabominable, L50, F|\n|poke|p2|Kingambit, L50, F|\n|poke|p2|Chandelure, L50, F|\n|poke|p2|Mudsdale, L50, M|\n|poke|p2|Drampa, L50, M|\n|teampreview|4\n|inactive|Battle timer is ON: inactive players will automatically lose when time's up. (requested by Barber1)\n|inactive|Barber1 has 60 seconds left.\n|\n|t:|1776169880\n|teamsize|p1|4\n|teamsize|p2|4\n|start\n|switch|p1a: Delphox|Delphox, L50, M|100/100\n|switch|p1b: Sneasler|Sneasler, L50, F|100/100\n|switch|p2a: Mimikyu|Mimikyu, L50, M|100/100\n|switch|p2b: Kingambit|Kingambit, L50, F|100/100\n|turn|1\n|inactive|Barber1 has 30 seconds left.\n|inactive|Barber1 has 20 seconds left.\n|inactive|Barber1 has 15 seconds left.\n|inactive|Barber1 has 10 seconds left.\n|\n|t:|1776169928\n|switch|p1b: Kingambit|Kingambit, L50, F|100/100\n|detailschange|p1a: Delphox|Delphox-Mega, L50, M\n|-mega|p1a: Delphox|Delphox|Delphoxite\n|move|p2b: Kingambit|Sucker Punch|p1a: Delphox\n|-supereffective|p1a: Delphox|1\n|-damage|p1a: Delphox|9/100\n|move|p1a: Delphox|Heat Wave|p2b: Kingambit|[spread] p2a,p2b\n|-supereffective|p2b: Kingambit|1\n|-activate|p2a: Mimikyu|ability: Disguise\n|-damage|p2a: Mimikyu|100/100\n|-damage|p2b: Kingambit|24/100\n|-status|p2a: Mimikyu|brn\n|-status|p2b: Kingambit|brn\n|detailschange|p2a: Mimikyu|Mimikyu-Busted, L50, M\n|-damage|p2a: Mimikyu|89/100 brn|[from] pokemon: Mimikyu-Busted\n|move|p2a: Mimikyu|Trick Room|p2a: Mimikyu\n|-fieldstart|move: Trick Room|[of] p2a: Mimikyu\n|\n|-damage|p2b: Kingambit|18/100 brn|[from] brn\n|-damage|p2a: Mimikyu|83/100 brn|[from] brn\n|upkeep\n|turn|2\n|c|\u2606jorginocoke|WoW\n|c|\u2606jorginocoke|Amazing\n|inactive|Barber1 has 30 seconds left.\n|inactive|jorginocoke has 30 seconds left.\n|\n|t:|1776169959\n|switch|p1a: Sneasler|Sneasler, L50, F|100/100\n|move|p1b: Kingambit|Sucker Punch|p2b: Kingambit\n|-resisted|p2b: Kingambit|1\n|-damage|p2b: Kingambit|4/100 brn\n|move|p2b: Kingambit|Brick Break|p1b: Kingambit\n|-supereffective|p1b: Kingambit|2\n|-enditem|p1b: Kingambit|Chople Berry|[eat]\n|-enditem|p1b: Kingambit|Chople Berry|[weaken]\n|-damage|p1b: Kingambit|79/100\n|move|p2a: Mimikyu|Play Rough|p1a: Sneasler\n|-damage|p1a: Sneasler|77/100\n|\n|-damage|p2b: Kingambit|0 fnt|[from] brn\n|faint|p2b: Kingambit\n|-damage|p2a: Mimikyu|77/100 brn|[from] brn\n|upkeep\n|\n|t:|1776169973\n|switch|p2b: Crabominable|Crabominable, L50, F|100/100\n|turn|3\n|\n|t:|1776169991\n|detailschange|p2b: Crabominable|Crabominable-Mega, L50, F\n|-mega|p2b: Crabominable|Crabominable|Crabominite\n|move|p1a: Sneasler|Fake Out|p2b: Crabominable\n|-damage|p2b: Crabominable|90/100\n|cant|p2b: Crabominable|flinch\n|move|p1b: Kingambit|Low Kick|p2b: Crabominable\n|-supereffective|p2b: Crabominable|1\n|-crit|p2b: Crabominable\n|-damage|p2b: Crabominable|0 fnt\n|faint|p2b: Crabominable\n|move|p2a: Mimikyu|Will-O-Wisp|p1a: Sneasler\n|-status|p1a: Sneasler|brn\n|\n|-damage|p2a: Mimikyu|72/100 brn|[from] brn\n|-damage|p1a: Sneasler|71/100 brn|[from] brn\n|upkeep\n|\n|t:|1776170006\n|switch|p2b: Chandelure|Chandelure, L50, F|100/100\n|turn|4\n|\n|t:|1776170018\n|move|p1b: Kingambit|Protect|p1b: Kingambit\n|-singleturn|p1b: Kingambit|Protect\n|move|p1a: Sneasler|Protect|p1a: Sneasler\n|-singleturn|p1a: Sneasler|Protect\n|move|p2b: Chandelure|Heat Wave|p1a: Sneasler|[spread] \n|-activate|p1a: Sneasler|move: Protect\n|-activate|p1b: Kingambit|move: Protect\n|move|p2a: Mimikyu|Will-O-Wisp|p1b: Kingambit\n|-activate|p1b: Kingambit|move: Protect\n|\n|-damage|p2a: Mimikyu|66/100 brn|[from] brn\n|-damage|p1a: Sneasler|66/100 brn|[from] brn\n|upkeep\n|turn|5\n|\n|t:|1776170033\n|move|p1b: Kingambit|Sucker Punch|p2b: Chandelure\n|-supereffective|p2b: Chandelure|1\n|-damage|p2b: Chandelure|7/100\n|move|p2b: Chandelure|Heat Wave|p1a: Sneasler|[spread] p1a,p1b\n|-supereffective|p1b: Kingambit|1\n|-damage|p1a: Sneasler|0 fnt\n|-damage|p1b: Kingambit|0 fnt\n|faint|p1a: Sneasler\n|faint|p1b: Kingambit\n|-end|p1b: Kingambit|fallenundefined|[silent]\n|move|p2a: Mimikyu|Destiny Bond|p2a: Mimikyu\n|-singlemove|p2a: Mimikyu|Destiny Bond\n|\n|-damage|p2a: Mimikyu|60/100 brn|[from] brn\n|-fieldend|move: Trick Room\n|upkeep\n|\n|t:|1776170039\n|switch|p1a: Garchomp|Garchomp, L50, M|100/100\n|switch|p1b: Delphox|Delphox-Mega, L50, M|9/100\n|turn|6\n|\n|t:|1776170060\n|move|p1b: Delphox|Heat Wave|p2b: Chandelure|[spread] p2a\n|-start|p2b: Chandelure|ability: Flash Fire\n|-damage|p2a: Mimikyu|30/100 brn\n|move|p1a: Garchomp|Earthquake|p2b: Chandelure|[spread] p2a,p2b\n|-immune|p1b: Delphox|[from] ability: Levitate\n|-supereffective|p2b: Chandelure|1\n|-damage|p2a: Mimikyu|0 fnt\n|-damage|p2b: Chandelure|0 fnt\n|faint|p2a: Mimikyu\n|-activate|p2a: Mimikyu|move: Destiny Bond\n|faint|p2b: Chandelure\n|faint|p1a: Garchomp\n|\n|win|Barber1\n|raw|Barber1's rating: 1230 &rarr; <strong>1262</strong><br />(+32 for winning)\n|raw|jorginocoke's rating: 1326 &rarr; <strong>1301</strong><br />(-25 for losing)\n|l|\u2606jorginocoke\n|player|p2|\n",
  "uploadtime": 1776170077,
  "views": 27,
  "formatid": "gen9championsvgc2026regma",
  "rating": 1262,
  "private": 0,
  "password": null
}