{
  "id": "gen9championsvgc2026regma-2581879912",
  "format": "[Gen 9 Champions] VGC 2026 Reg M-A",
  "players": [
    "bioraza",
    "mmesmerizer"
  ],
  "log": "|j|\u2606bioraza\n|j|\u2606mmesmerizer\n|t:|1776036196\n|gametype|doubles\n|player|p1|bioraza|n-masters|1136\n|player|p2|mmesmerizer|n|1148\n|gen|9\n|tier|[Gen 9 Champions] VGC 2026 Reg M-A\n|rated|\n|rule|Species Clause: Limit one of each Pok\u00e9mon\n|rule|Item Clause: Limit 1 of each item\n|clearpoke\n|poke|p1|Incineroar, L50, M|\n|poke|p1|Slowbro, L50, M|\n|poke|p1|Araquanid, L50, M|\n|poke|p1|Maushold, L50|\n|poke|p1|Toxicroak, L50, M|\n|poke|p2|Excadrill, L50, F|\n|poke|p2|Aerodactyl, L50, F|\n|poke|p2|Sinistcha, L50|\n|poke|p2|Sneasler, L50, M|\n|poke|p2|Incineroar, L50, F|\n|poke|p2|Milotic, L50, M|\n|teampreview|4\n|inactive|Battle timer is ON: inactive players will automatically lose when time's up. (requested by bioraza)\n|inactive|mmesmerizer also wants the timer to be on.\n|\n|t:|1776036224\n|teamsize|p1|4\n|teamsize|p2|4\n|start\n|switch|p1a: Toxicroak|Toxicroak, L50, M|100/100\n|switch|p1b: Slowbro|Slowbro, L50, M|100/100\n|switch|p2a: Aerodactyl|Aerodactyl, L50, F|100/100\n|switch|p2b: Incineroar|Incineroar, L50, F, shiny|100/100\n|-ability|p2a: Aerodactyl|Pressure\n|-ability|p2b: Incineroar|Intimidate|boost\n|-unboost|p1a: Toxicroak|atk|1\n|-fail|p1b: Slowbro|unboost|Attack|[from] ability: Oblivious|[of] p1b: Slowbro\n|turn|1\n|\n|t:|1776036241\n|detailschange|p1b: Slowbro|Slowbro-Mega, L50, M\n|-mega|p1b: Slowbro|Slowbro|Slowbronite\n|move|p1a: Toxicroak|Fake Out|p2b: Incineroar\n|-damage|p2b: Incineroar|93/100\n|cant|p2b: Incineroar|flinch\n|move|p2a: Aerodactyl|Taunt|p1b: Slowbro\n|-start|p1b: Slowbro|move: Taunt\n|cant|p1b: Slowbro|move: Taunt|Trick Room\n|\n|upkeep\n|turn|2\n|inactive|bioraza has 30 seconds left.\n|inactive|mmesmerizer has 30 seconds left.\n|inactive|mmesmerizer has 20 seconds left.\n|inactive|mmesmerizer has 15 seconds left.\n|inactive|mmesmerizer has 10 seconds left.\n|inactive|mmesmerizer has 5 seconds left.\n|\n|t:|1776036295\n|move|p2a: Aerodactyl|Rock Slide|p1a: Toxicroak|[spread] p1b\n|-miss|p2a: Aerodactyl|p1a: Toxicroak\n|-damage|p1b: Slowbro|85/100\n|move|p1a: Toxicroak|Close Combat|p2b: Incineroar\n|-supereffective|p2b: Incineroar|1\n|-damage|p2b: Incineroar|33/100\n|-unboost|p1a: Toxicroak|def|1\n|-unboost|p1a: Toxicroak|spd|1\n|-enditem|p2b: Incineroar|Sitrus Berry|[eat]\n|-heal|p2b: Incineroar|57/100|[from] item: Sitrus Berry\n|move|p2b: Incineroar|Flare Blitz|p1b: Slowbro\n|-resisted|p1b: Slowbro|1\n|-damage|p1b: Slowbro|69/100\n|-damage|p2b: Incineroar|53/100|[from] Recoil\n|move|p1b: Slowbro|Surf|p2b: Incineroar|[spread] p2a,p2b\n|-immune|p1a: Toxicroak|[from] ability: Dry Skin\n|-supereffective|p2a: Aerodactyl|1\n|-supereffective|p2b: Incineroar|1\n|-enditem|p2a: Aerodactyl|Focus Sash\n|-damage|p2a: Aerodactyl|1/100\n|-damage|p2b: Incineroar|0 fnt\n|faint|p2b: Incineroar\n|\n|upkeep\n|\n|t:|1776036301\n|switch|p2b: Excadrill|Excadrill, L50, F, shiny|100/100\n|-ability|p2b: Excadrill|Mold Breaker\n|turn|3\n|\n|t:|1776036324\n|switch|p1a: Maushold|Maushold, L50|100/100\n|detailschange|p2b: Excadrill|Excadrill-Mega, L50, F, shiny\n|-mega|p2b: Excadrill|Excadrill|Excadrite\n|move|p2a: Aerodactyl|Rock Slide|p1b: Slowbro|[spread] p1a,p1b\n|-damage|p1a: Maushold|65/100\n|-damage|p1b: Slowbro|57/100\n|move|p2b: Excadrill|High Horsepower|p1b: Slowbro\n|-damage|p1b: Slowbro|31/100\n|move|p1b: Slowbro|Surf|p2a: Aerodactyl|[spread] p1a,p2a,p2b\n|-supereffective|p2a: Aerodactyl|1\n|-supereffective|p2b: Excadrill|1\n|-crit|p2b: Excadrill\n|-damage|p1a: Maushold|25/100\n|-damage|p2a: Aerodactyl|0 fnt\n|-damage|p2b: Excadrill|0 fnt\n|faint|p2a: Aerodactyl\n|faint|p2b: Excadrill\n|\n|-end|p1b: Slowbro|move: Taunt\n|upkeep\n|\n|t:|1776036339\n|switch|p2b: Milotic|Milotic, L50, M, shiny|100/100\n|turn|4\n|\n|t:|1776036348\n|move|p1a: Maushold|Super Fang|p2b: Milotic\n|-damage|p2b: Milotic|50/100\n|move|p2b: Milotic|Alluring Voice|p1b: Slowbro\n|-damage|p1b: Slowbro|14/100\n|move|p1b: Slowbro|Trick Room|p1b: Slowbro\n|-fieldstart|move: Trick Room|[of] p1b: Slowbro\n|\n|-heal|p2b: Milotic|56/100|[from] item: Leftovers\n|upkeep\n|turn|5\n|\n|t:|1776036357\n|move|p1a: Maushold|Follow Me|p1a: Maushold\n|-singleturn|p1a: Maushold|move: Follow Me\n|move|p1b: Slowbro|Slack Off|p1b: Slowbro\n|-heal|p1b: Slowbro|64/100\n|move|p2b: Milotic|Alluring Voice|p1a: Maushold\n|-damage|p1a: Maushold|0 fnt\n|faint|p1a: Maushold\n|\n|-heal|p2b: Milotic|62/100|[from] item: Leftovers\n|upkeep\n|\n|t:|1776036363\n|switch|p1a: Toxicroak|Toxicroak, L50, M|100/100\n|turn|6\n|\n|t:|1776036367\n|move|p2b: Milotic|Protect|p2b: Milotic\n|-singleturn|p2b: Milotic|Protect\n|move|p1a: Toxicroak|Fake Out|p2b: Milotic\n|-activate|p2b: Milotic|move: Protect\n|move|p1b: Slowbro|Nasty Plot|p1b: Slowbro\n|-boost|p1b: Slowbro|spa|2\n|\n|-heal|p2b: Milotic|68/100|[from] item: Leftovers\n|upkeep\n|turn|7\n|\n|t:|1776036381\n|move|p1b: Slowbro|Surf|p2b: Milotic|[spread] p2b\n|-immune|p1a: Toxicroak|[from] ability: Dry Skin\n|-resisted|p2b: Milotic|1\n|-damage|p2b: Milotic|42/100\n|move|p2b: Milotic|Alluring Voice|p1b: Slowbro\n|-damage|p1b: Slowbro|42/100\n|move|p1a: Toxicroak|Close Combat|p2b: Milotic\n|-damage|p2b: Milotic|0 fnt\n|-unboost|p1a: Toxicroak|def|1\n|-unboost|p1a: Toxicroak|spd|1\n|faint|p2b: Milotic\n|\n|win|bioraza\n|raw|bioraza's rating: 1136 &rarr; <strong>1162</strong><br />(+26 for winning)\n|raw|mmesmerizer's rating: 1148 &rarr; <strong>1122</strong><br />(-26 for losing)\n|l|\u2606mmesmerizer\n|player|p2|\n",
  "uploadtime": 1776036434,
  "views": 15,
  "formatid": "gen9championsvgc2026regma",
  "rating": 1122,
  "private": 0,
  "password": null
}