{
  "id": "gen9championsvgc2026regma-2589445573",
  "format": "[Gen 9 Champions] VGC 2026 Reg M-A",
  "players": [
    "Heartminn",
    "weeziewax"
  ],
  "log": "|j|\u2606Heartminn\n|j|\u2606weeziewax\n|t:|1776723597\n|gametype|doubles\n|player|p1|Heartminn|gardenia|1050\n|player|p2|weeziewax|boarder|1035\n|gen|9\n|tier|[Gen 9 Champions] VGC 2026 Reg M-A\n|rated|\n|rule|Species Clause: Limit one of each Pok\u00e9mon\n|rule|Item Clause: Limit 1 of each item\n|clearpoke\n|poke|p1|Garganacl, L50, F|\n|poke|p1|Klefki, L50, F|\n|poke|p1|Maushold-Four, L50|\n|poke|p1|Floette-Eternal, L50, F|\n|poke|p1|Slowbro, L50, F|\n|poke|p1|Toxapex, L50, F, shiny|\n|poke|p2|Hawlucha, L50, F|\n|poke|p2|Kingambit, L50, F|\n|poke|p2|Garchomp, L50, F|\n|poke|p2|Sinistcha, L50|\n|poke|p2|Milotic, L50, M|\n|poke|p2|Incineroar, L50, F|\n|teampreview|4\n|inactive|Battle timer is ON: inactive players will automatically lose when time's up. (requested by Heartminn)\n|\n|t:|1776723613\n|teamsize|p1|4\n|teamsize|p2|4\n|start\n|switch|p1a: britney|Toxapex, L50, F, shiny|100/100\n|switch|p1b: key jingling|Klefki, L50, F|100/100\n|switch|p2a: Incineroar|Incineroar, L50, F|100/100\n|switch|p2b: Milotic|Milotic, L50, M|100/100\n|-ability|p2a: Incineroar|Intimidate|boost\n|-unboost|p1a: britney|atk|1\n|-unboost|p1b: key jingling|atk|1\n|turn|1\n|\n|t:|1776723625\n|move|p2a: Incineroar|Fake Out|p1b: key jingling\n|-resisted|p1b: key jingling|1\n|-damage|p1b: key jingling|95/100\n|cant|p1b: key jingling|flinch\n|move|p2b: Milotic|Icy Wind|p1b: key jingling|[spread] p1a,p1b\n|-resisted|p1a: britney|1\n|-resisted|p1b: key jingling|1\n|-damage|p1a: britney|97/100\n|-damage|p1b: key jingling|90/100\n|-unboost|p1a: britney|spe|1\n|-unboost|p1b: key jingling|spe|1\n|move|p1a: britney|Toxic|p2a: Incineroar\n|-status|p2a: Incineroar|tox\n|\n|-damage|p2a: Incineroar|95/100 tox|[from] psn\n|upkeep\n|turn|2\n|\n|t:|1776723648\n|move|p1b: key jingling|Light Screen|p1b: key jingling\n|-sidestart|p1: Heartminn|move: Light Screen\n|move|p2b: Milotic|Scald|p1b: key jingling\n|-damage|p1b: key jingling|72/100\n|move|p2a: Incineroar|Flare Blitz|p1b: key jingling\n|-supereffective|p1b: key jingling|1\n|-damage|p1b: key jingling|0 fnt\n|faint|p1b: key jingling\n|-damage|p2a: Incineroar|75/100 tox|[from] Recoil\n|move|p1a: britney|Toxic|p2b: Milotic\n|-status|p2b: Milotic|tox\n|\n|-damage|p2b: Milotic|95/100 tox|[from] psn\n|-damage|p2a: Incineroar|63/100 tox|[from] psn\n|upkeep\n|\n|t:|1776723666\n|switch|p1b: nuclear fusion|Maushold-Four, L50|100/100\n|turn|3\n|\n|t:|1776723676\n|move|p1b: nuclear fusion|Population Bomb|p2b: Milotic\n|-damage|p2b: Milotic|86/100 tox\n|-damage|p2b: Milotic|77/100 tox\n|-damage|p2b: Milotic|68/100 tox\n|-damage|p2b: Milotic|59/100 tox\n|-damage|p2b: Milotic|50/100 tox\n|-damage|p2b: Milotic|41/100 tox\n|-damage|p2b: Milotic|32/100 tox\n|-damage|p2b: Milotic|23/100 tox\n|-hitcount|p2b: Milotic|8\n|move|p2b: Milotic|Icy Wind|p1b: nuclear fusion|[spread] p1a,p1b\n|-resisted|p1a: britney|1\n|-damage|p1a: britney|95/100\n|-damage|p1b: nuclear fusion|91/100\n|-unboost|p1a: britney|spe|1\n|-unboost|p1b: nuclear fusion|spe|1\n|move|p2a: Incineroar|Snarl|p1b: nuclear fusion|[spread] p1a,p1b\n|-crit|p1b: nuclear fusion\n|-damage|p1a: britney|89/100\n|-damage|p1b: nuclear fusion|67/100\n|-unboost|p1a: britney|spa|1\n|-unboost|p1b: nuclear fusion|spa|1\n|move|p1a: britney|Liquidation|p2a: Incineroar\n|-supereffective|p2a: Incineroar|1\n|-damage|p2a: Incineroar|42/100 tox\n|-enditem|p2a: Incineroar|Sitrus Berry|[eat]\n|-heal|p2a: Incineroar|66/100 tox|[from] item: Sitrus Berry\n|\n|-heal|p2b: Milotic|29/100 tox|[from] item: Leftovers\n|-damage|p2b: Milotic|17/100 tox|[from] psn\n|-damage|p2a: Incineroar|49/100 tox|[from] psn\n|upkeep\n|turn|4\n|\n|t:|1776723699\n|move|p1b: nuclear fusion|Protect|p1b: nuclear fusion\n|-singleturn|p1b: nuclear fusion|Protect\n|move|p2b: Milotic|Scald|p1b: nuclear fusion\n|-activate|p1b: nuclear fusion|move: Protect\n|move|p2a: Incineroar|Parting Shot|p1a: britney\n|-unboost|p1a: britney|atk|1\n|-unboost|p1a: britney|spa|1\n|\n|t:|1776723710\n|switch|p2a: Hawlucha|Hawlucha, L50, F|100/100|[from] Parting Shot\n|move|p1a: britney|Liquidation|p2a: Hawlucha\n|-damage|p2a: Hawlucha|85/100\n|\n|-heal|p2b: Milotic|23/100 tox|[from] item: Leftovers\n|-damage|p2b: Milotic|5/100 tox|[from] psn\n|upkeep\n|turn|5\n|\n|t:|1776723731\n|detailschange|p2a: Hawlucha|Hawlucha-Mega, L50, F\n|-mega|p2a: Hawlucha|Hawlucha|Hawluchanite\n|move|p2a: Hawlucha|High Jump Kick|p1b: nuclear fusion\n|-supereffective|p1b: nuclear fusion|1\n|-crit|p1b: nuclear fusion\n|-damage|p1b: nuclear fusion|0 fnt\n|faint|p1b: nuclear fusion\n|move|p2b: Milotic|Icy Wind|p1a: britney\n|-resisted|p1a: britney|1\n|-damage|p1a: britney|86/100\n|-unboost|p1a: britney|spe|1\n|move|p1a: britney|Toxic|p2a: Hawlucha\n|-status|p2a: Hawlucha|tox\n|\n|-heal|p2b: Milotic|11/100 tox|[from] item: Leftovers\n|-damage|p2a: Hawlucha|79/100 tox|[from] psn\n|-damage|p2b: Milotic|0 fnt|[from] psn\n|faint|p2b: Milotic\n|upkeep\n|\n|t:|1776723744\n|switch|p1b: god|Floette-Eternal, L50, F|100/100\n|switch|p2b: Garchomp|Garchomp, L50, F|100/100\n|turn|6\n|\n|t:|1776723764\n|detailschange|p1b: god|Floette-Mega, L50, F\n|-mega|p1b: god|Floette|Floettite\n|-ability|p1b: god|Fairy Aura\n|move|p2b: Garchomp|Earthquake|p1b: god|[spread] p1a,p1b\n|-immune|p2a: Hawlucha\n|-supereffective|p1a: britney|1\n|-damage|p1a: britney|36/100\n|-damage|p1b: god|43/100\n|-enditem|p1a: britney|Sitrus Berry|[eat]\n|-heal|p1a: britney|61/100|[from] item: Sitrus Berry\n|move|p2a: Hawlucha|Brave Bird|p1b: god\n|-damage|p1b: god|0 fnt\n|faint|p1b: god\n|-damage|p2a: Hawlucha|65/100 tox|[from] Recoil\n|move|p1a: britney|Toxic|p2b: Garchomp\n|-status|p2b: Garchomp|tox\n|\n|-damage|p2b: Garchomp|94/100 tox|[from] psn\n|-damage|p2a: Hawlucha|53/100 tox|[from] psn\n|-sideend|p1: Heartminn|move: Light Screen\n|upkeep\n|turn|7\n|c|\u2606weeziewax|gg\n|inactive|Heartminn has 30 seconds left.\n|\n|t:|1776723792\n|move|p2b: Garchomp|Earthquake|p1a: britney|[spread] p1a\n|-immune|p2a: Hawlucha\n|-supereffective|p1a: britney|1\n|-damage|p1a: britney|4/100\n|move|p2a: Hawlucha|Brave Bird|p1a: britney\n|-damage|p1a: britney|0 fnt\n|faint|p1a: britney\n|-damage|p2a: Hawlucha|52/100 tox|[from] Recoil\n|\n|win|weeziewax\n|raw|Heartminn's rating: 1050 &rarr; <strong>1032</strong><br />(-18 for losing)\n|raw|weeziewax's rating: 1035 &rarr; <strong>1071</strong><br />(+36 for winning)\n|l|\u2606Heartminn\n|player|p1|\n",
  "uploadtime": 1776723803,
  "views": 10,
  "formatid": "gen9championsvgc2026regma",
  "rating": 1032,
  "private": 0,
  "password": null
}