{
  "id": "gen9championsvgc2026regma-2589557330",
  "format": "[Gen 9 Champions] VGC 2026 Reg M-A",
  "players": [
    "jnhbvcvbn",
    "jobi12"
  ],
  "log": "|j|\u2606jnhbvcvbn\n|j|\u2606jobi12\n|t:|1776733916\n|gametype|doubles\n|player|p1|jnhbvcvbn|schoolkid-gen4|1138\n|player|p2|jobi12|266|1111\n|gen|9\n|tier|[Gen 9 Champions] VGC 2026 Reg M-A\n|rated|\n|rule|Species Clause: Limit one of each Pok\u00e9mon\n|rule|Item Clause: Limit 1 of each item\n|clearpoke\n|poke|p1|Milotic, L50, M|\n|poke|p1|Sinistcha, L50|\n|poke|p1|Incineroar, L50, F|\n|poke|p1|Kommo-o, L50, M|\n|poke|p1|Ninetales-Alola, L50, M|\n|poke|p1|Skarmory, L50, M, shiny|\n|poke|p2|Incineroar, L50, F|\n|poke|p2|Venusaur, L50, F|\n|poke|p2|Sneasler, L50, F|\n|poke|p2|Charizard, L50, F|\n|poke|p2|Rotom-Wash, L50|\n|poke|p2|Garchomp, L50, F|\n|teampreview|4\n|\n|t:|1776733958\n|teamsize|p1|4\n|teamsize|p2|4\n|start\n|switch|p1a: Milotic|Milotic, L50, M|100/100\n|switch|p1b: Incineroar|Incineroar, L50, F|100/100\n|switch|p2a: Charizard|Charizard, L50, F|100/100\n|switch|p2b: Venusaur|Venusaur, L50, F|100/100\n|-ability|p1b: Incineroar|Intimidate|boost\n|-unboost|p2a: Charizard|atk|1\n|-unboost|p2b: Venusaur|atk|1\n|turn|1\n|\n|t:|1776733978\n|detailschange|p2a: Charizard|Charizard-Mega-Y, L50, F\n|-mega|p2a: Charizard|Charizard|Charizardite Y\n|-weather|SunnyDay|[from] ability: Drought|[of] p2a: Charizard\n|move|p2b: Venusaur|Protect|p2b: Venusaur\n|-singleturn|p2b: Venusaur|Protect\n|move|p2a: Charizard|Protect|p2a: Charizard\n|-singleturn|p2a: Charizard|Protect\n|move|p1a: Milotic|Protect|p1a: Milotic\n|-singleturn|p1a: Milotic|Protect\n|move|p1b: Incineroar|Flare Blitz|p2b: Venusaur\n|-activate|p2b: Venusaur|move: Protect\n|\n|-weather|SunnyDay|[upkeep]\n|upkeep\n|turn|2\n|\n|t:|1776734000\n|move|p2b: Venusaur|Sleep Powder|p1b: Incineroar\n|-status|p1b: Incineroar|slp|[from] move: Sleep Powder\n|move|p2a: Charizard|Solar Beam||[still]\n|-prepare|p2a: Charizard|Solar Beam\n|-anim|p2a: Charizard|Solar Beam|p1a: Milotic\n|-supereffective|p1a: Milotic|1\n|-damage|p1a: Milotic|26/100\n|-enditem|p1a: Milotic|Sitrus Berry|[eat]\n|-heal|p1a: Milotic|51/100|[from] item: Sitrus Berry\n|move|p1a: Milotic|Ice Beam|p2b: Venusaur\n|-supereffective|p2b: Venusaur|1\n|-damage|p2b: Venusaur|40/100\n|cant|p1b: Incineroar|slp\n|\n|-weather|SunnyDay|[upkeep]\n|upkeep\n|turn|3\n|\n|t:|1776734031\n|move|p2b: Venusaur|Protect|p2b: Venusaur\n|-singleturn|p2b: Venusaur|Protect\n|move|p1a: Milotic|Protect|p1a: Milotic\n|-singleturn|p1a: Milotic|Protect\n|move|p2a: Charizard|Solar Beam||[still]\n|-prepare|p2a: Charizard|Solar Beam\n|-anim|p2a: Charizard|Solar Beam|p1a: Milotic\n|-activate|p1a: Milotic|move: Protect\n|-curestatus|p1b: Incineroar|slp|[msg]\n|move|p1b: Incineroar|Flare Blitz|p2b: Venusaur\n|-activate|p2b: Venusaur|move: Protect\n|\n|-weather|SunnyDay|[upkeep]\n|upkeep\n|turn|4\n|\n|t:|1776734055\n|switch|p1a: Kommo-o|Kommo-o, L50, M|100/100\n|move|p2b: Venusaur|Sleep Powder|p1b: Incineroar\n|-status|p1b: Incineroar|slp|[from] move: Sleep Powder\n|move|p2a: Charizard|Solar Beam||[still]\n|-prepare|p2a: Charizard|Solar Beam\n|-anim|p2a: Charizard|Solar Beam|p1a: Kommo-o\n|-resisted|p1a: Kommo-o|1\n|-damage|p1a: Kommo-o|72/100\n|cant|p1b: Incineroar|slp\n|\n|-weather|SunnyDay|[upkeep]\n|-heal|p1a: Kommo-o|78/100|[from] item: Leftovers\n|upkeep\n|turn|5\n|\n|t:|1776734089\n|switch|p2a: Incineroar|Incineroar, L50, F|100/100\n|-ability|p2a: Incineroar|Intimidate|boost\n|-unboost|p1a: Kommo-o|atk|1\n|-unboost|p1b: Incineroar|atk|1\n|move|p1a: Kommo-o|Protect|p1a: Kommo-o\n|-singleturn|p1a: Kommo-o|Protect\n|move|p2b: Venusaur|Sleep Powder|p1a: Kommo-o\n|-activate|p1a: Kommo-o|move: Protect\n|-curestatus|p1b: Incineroar|slp|[msg]\n|move|p1b: Incineroar|Flare Blitz|p2b: Venusaur\n|-supereffective|p2b: Venusaur|1\n|-damage|p2b: Venusaur|0 fnt\n|faint|p2b: Venusaur\n|-damage|p1b: Incineroar|89/100|[from] Recoil\n|\n|-weather|none\n|-heal|p1a: Kommo-o|84/100|[from] item: Leftovers\n|upkeep\n|\n|t:|1776734110\n|switch|p2b: Garchomp|Garchomp, L50, F|100/100\n|turn|6\n|\n|t:|1776734135\n|switch|p1a: Milotic|Milotic, L50, M|51/100\n|move|p2a: Incineroar|Fake Out|p1b: Incineroar\n|-damage|p1b: Incineroar|75/100\n|move|p2b: Garchomp|Earthquake|p1b: Incineroar|[spread] p2a,p1a,p1b\n|-supereffective|p2a: Incineroar|1\n|-supereffective|p1b: Incineroar|1\n|-damage|p2a: Incineroar|29/100\n|-damage|p1a: Milotic|18/100\n|-damage|p1b: Incineroar|1/100\n|-enditem|p2a: Incineroar|Sitrus Berry|[eat]\n|-heal|p2a: Incineroar|54/100|[from] item: Sitrus Berry\n|cant|p1b: Incineroar|flinch\n|\n|upkeep\n|turn|7\n|\n|t:|1776734184\n|switch|p2a: Charizard|Charizard-Mega-Y, L50, F|100/100\n|-weather|SunnyDay|[from] ability: Drought|[of] p2a: Charizard\n|switch|p1b: Sinistcha|Sinistcha, L50|100/100\n|-heal|p1a: Milotic|43/100|[from] ability: Hospitality|[of] p1b: Sinistcha\n|move|p1a: Milotic|Protect|p1a: Milotic\n|-singleturn|p1a: Milotic|Protect\n|move|p2b: Garchomp|Earthquake|p1a: Milotic|[spread] p1b\n|-activate|p1a: Milotic|move: Protect\n|-immune|p2a: Charizard\n|-resisted|p1b: Sinistcha|1\n|-damage|p1b: Sinistcha|85/100\n|\n|-weather|SunnyDay|[upkeep]\n|upkeep\n|turn|8\n|\n|t:|1776734205\n|move|p2b: Garchomp|Earthquake|p1a: Milotic|[spread] p1a,p1b\n|-immune|p2a: Charizard\n|-resisted|p1b: Sinistcha|1\n|-damage|p1a: Milotic|5/100\n|-damage|p1b: Sinistcha|69/100\n|move|p2a: Charizard|Heat Wave|p1a: Milotic|[spread] p1a\n|-miss|p2a: Charizard|p1b: Sinistcha\n|-resisted|p1a: Milotic|1\n|-damage|p1a: Milotic|0 fnt\n|faint|p1a: Milotic\n|move|p1b: Sinistcha|Trick Room|p1b: Sinistcha\n|-fieldstart|move: Trick Room|[of] p1b: Sinistcha\n|\n|-weather|SunnyDay|[upkeep]\n|upkeep\n|\n|t:|1776734214\n|switch|p1a: Kommo-o|Kommo-o, L50, M|84/100\n|turn|9\n|\n|t:|1776734232\n|move|p1b: Sinistcha|Matcha Gotcha|p2a: Charizard|[spread] p2a,p2b\n|-resisted|p2a: Charizard|2\n|-damage|p2a: Charizard|95/100\n|-heal|p1b: Sinistcha|72/100|[from] drain|[of] p2a: Charizard\n|-damage|p2b: Garchomp|73/100\n|-heal|p1b: Sinistcha|87/100|[from] drain|[of] p2b: Garchomp\n|move|p2a: Charizard|Heat Wave|p1a: Kommo-o|[spread] p1a,p1b\n|-resisted|p1a: Kommo-o|1\n|-supereffective|p1b: Sinistcha|1\n|-damage|p1a: Kommo-o|46/100\n|-damage|p1b: Sinistcha|0 fnt\n|faint|p1b: Sinistcha\n|move|p1a: Kommo-o|Clanging Scales|p2a: Charizard|[spread] p2a,p2b\n|-supereffective|p2b: Garchomp|1\n|-damage|p2a: Charizard|63/100\n|-damage|p2b: Garchomp|0 fnt\n|faint|p2b: Garchomp\n|-unboost|p1a: Kommo-o|def|1\n|\n|-weather|SunnyDay|[upkeep]\n|-heal|p1a: Kommo-o|52/100|[from] item: Leftovers\n|upkeep\n|\n|t:|1776734254\n|switch|p1b: Incineroar|Incineroar, L50, F|1/100\n|switch|p2b: Incineroar|Incineroar, L50, F|54/100\n|-ability|p1b: Incineroar|Intimidate|boost\n|-unboost|p2a: Charizard|atk|1\n|-unboost|p2b: Incineroar|atk|1\n|-ability|p2b: Incineroar|Intimidate|boost\n|-unboost|p1a: Kommo-o|atk|1\n|-unboost|p1b: Incineroar|atk|1\n|turn|10\n|\n|t:|1776734284\n|move|p1a: Kommo-o|Protect|p1a: Kommo-o\n|-singleturn|p1a: Kommo-o|Protect\n|move|p1b: Incineroar|Fake Out|p2a: Charizard\n|-damage|p2a: Charizard|54/100\n|move|p2b: Incineroar|Fake Out|p1a: Kommo-o\n|-activate|p1a: Kommo-o|move: Protect\n|cant|p2a: Charizard|flinch\n|\n|-weather|SunnyDay|[upkeep]\n|-heal|p1a: Kommo-o|58/100|[from] item: Leftovers\n|upkeep\n|turn|11\n|\n|t:|1776734317\n|move|p1b: Incineroar|Helping Hand|p1a: Kommo-o\n|-singleturn|p1a: Kommo-o|Helping Hand|[of] p1b: Incineroar\n|move|p2b: Incineroar|Darkest Lariat|p1a: Kommo-o\n|-resisted|p1a: Kommo-o|1\n|-damage|p1a: Kommo-o|44/100\n|move|p2a: Charizard|Heat Wave|p1b: Incineroar|[spread] p1a,p1b\n|-resisted|p1a: Kommo-o|1\n|-resisted|p1b: Incineroar|1\n|-damage|p1a: Kommo-o|6/100\n|-damage|p1b: Incineroar|0 fnt\n|faint|p1b: Incineroar\n|move|p1a: Kommo-o|Clanging Scales|p2b: Incineroar|[spread] p2a,p2b\n|-damage|p2a: Charizard|8/100\n|-damage|p2b: Incineroar|1/100\n|-unboost|p1a: Kommo-o|def|1\n|\n|-weather|none\n|-heal|p1a: Kommo-o|12/100|[from] item: Leftovers\n|upkeep\n|turn|12\n|\n|t:|1776734350\n|move|p1a: Kommo-o|Protect|p1a: Kommo-o\n|-singleturn|p1a: Kommo-o|Protect\n|move|p2b: Incineroar|Darkest Lariat|p1a: Kommo-o\n|-activate|p1a: Kommo-o|move: Protect\n|move|p2a: Charizard|Weather Ball|p1a: Kommo-o\n|-activate|p1a: Kommo-o|move: Protect\n|\n|-heal|p1a: Kommo-o|18/100|[from] item: Leftovers\n|-fieldend|move: Trick Room\n|upkeep\n|turn|13\n|\n|t:|1776734367\n|move|p1a: Kommo-o|Clanging Scales|p2a: Charizard|[spread] p2a,p2b\n|-damage|p2a: Charizard|0 fnt\n|-damage|p2b: Incineroar|0 fnt\n|faint|p2a: Charizard\n|faint|p2b: Incineroar\n|\n|win|jnhbvcvbn\n|raw|jnhbvcvbn's rating: 1138 &rarr; <strong>1161</strong><br />(+23 for winning)\n|raw|jobi12's rating: 1111 &rarr; <strong>1088</strong><br />(-23 for losing)\n",
  "uploadtime": 1776734373,
  "views": 3,
  "formatid": "gen9championsvgc2026regma",
  "rating": 1088,
  "private": 0,
  "password": null
}