{
  "id": "gen9championsvgc2026regma-2583515241",
  "format": "[Gen 9 Champions] VGC 2026 Reg M-A",
  "players": [
    "Shadowflamepkm",
    "shmlott"
  ],
  "log": "|j|\u2606Shadowflamepkm\n|j|\u203dshmlott\n|t:|1776180521\n|gametype|doubles\n|player|p1|Shadowflamepkm|red|1093\n|player|p2|shmlott|sabrina|1076\n|gen|9\n|tier|[Gen 9 Champions] VGC 2026 Reg M-A\n|rated|\n|rule|Species Clause: Limit one of each Pok\u00e9mon\n|rule|Item Clause: Limit 1 of each item\n|clearpoke\n|poke|p1|Charizard, L50, F|\n|poke|p1|Venusaur, L50, M|\n|poke|p1|Sneasler, L50, M|\n|poke|p1|Incineroar, L50, F|\n|poke|p1|Farigiraf, L50, M|\n|poke|p1|Torkoal, L50, F|\n|poke|p2|Garchomp, L50, F|\n|poke|p2|Tyranitar, L50, F|\n|poke|p2|Slowbro-Galar, L50, M|\n|poke|p2|Ditto, L50|\n|poke|p2|Zoroark-Hisui, L50, M|\n|poke|p2|Klefki, L50, M|\n|teampreview|4\n|inactive|Battle timer is ON: inactive players will automatically lose when time's up. (requested by shmlott)\n|\n|t:|1776180559\n|teamsize|p1|4\n|teamsize|p2|4\n|start\n|switch|p1a: Venusaur|Venusaur, L50, M|100/100\n|switch|p1b: Sneasler|Sneasler, L50, M|100/100\n|switch|p2a: Klefki|Klefki, L50, M|100/100\n|switch|p2b: Garchomp|Garchomp, L50, F|100/100\n|turn|1\n|\n|t:|1776180577\n|move|p1b: Sneasler|Fake Out|p2a: Klefki\n|-resisted|p2a: Klefki|1\n|-damage|p2a: Klefki|93/100\n|cant|p2a: Klefki|flinch\n|move|p2b: Garchomp|Hyper Voice|p1a: Venusaur|[spread] p1a,p1b\n|-crit|p1a: Venusaur\n|-damage|p1a: Venusaur|51/100\n|-damage|p1b: Sneasler|53/100\n|move|p1a: Venusaur|Sleep Powder|p2b: Garchomp\n|-status|p2b: Garchomp|slp|[from] move: Sleep Powder\n|\n|upkeep\n|turn|2\n|\n|t:|1776180595\n|switch|p1b: Charizard|Charizard, L50, F|100/100\n|move|p2a: Klefki|Reflect|p2a: Klefki\n|-sidestart|p2: shmlott|Reflect\n|cant|p2b: Garchomp|slp\n|move|p1a: Venusaur|Giga Drain|p2b: Garchomp\n|-damage|p2b: Garchomp|27/100 slp\n|-heal|p1a: Venusaur|77/100|[from] drain|[of] p2b: Garchomp\n|replace|p2b: Zoroark|Zoroark-Hisui, L50, M\n|-end|p2b: Zoroark|Illusion\n|\n|upkeep\n|turn|3\n|\n|t:|1776180608\n|detailschange|p1b: Charizard|Charizard-Mega-Y, L50, F\n|-mega|p1b: Charizard|Charizard|Charizardite Y\n|-weather|SunnyDay|[from] ability: Drought|[of] p1b: Charizard\n|move|p2a: Klefki|Light Screen|p2a: Klefki\n|-sidestart|p2: shmlott|move: Light Screen\n|move|p1a: Venusaur|Sleep Powder|p2a: Klefki\n|-status|p2a: Klefki|slp|[from] move: Sleep Powder\n|cant|p2b: Zoroark|slp\n|move|p1b: Charizard|Heat Wave|p2b: Zoroark|[spread] p2b\n|-miss|p1b: Charizard|p2a: Klefki\n|-damage|p2b: Zoroark|0 fnt\n|faint|p2b: Zoroark\n|\n|-weather|SunnyDay|[upkeep]\n|upkeep\n|\n|t:|1776180621\n|switch|p2b: Tyranitar|Tyranitar, L50, F|100/100\n|-weather|Sandstorm|[from] ability: Sand Stream|[of] p2b: Tyranitar\n|turn|4\n|\n|t:|1776180634\n|switch|p1b: Incineroar|Incineroar, L50, F|100/100\n|-ability|p1b: Incineroar|Intimidate|boost\n|-unboost|p2a: Klefki|atk|1\n|-unboost|p2b: Tyranitar|atk|1\n|move|p2b: Tyranitar|Protect|p2b: Tyranitar\n|-singleturn|p2b: Tyranitar|Protect\n|move|p1a: Venusaur|Sleep Powder|p2b: Tyranitar\n|-activate|p2b: Tyranitar|move: Protect\n|cant|p2a: Klefki|slp\n|\n|-weather|Sandstorm|[upkeep]\n|-damage|p1a: Venusaur|71/100|[from] Sandstorm\n|-damage|p1b: Incineroar|94/100|[from] Sandstorm\n|upkeep\n|turn|5\n|\n|t:|1776180659\n|move|p1a: Venusaur|Sleep Powder|p2b: Tyranitar\n|-status|p2b: Tyranitar|slp|[from] move: Sleep Powder\n|cant|p2a: Klefki|slp\n|move|p1b: Incineroar|Low Kick|p2b: Tyranitar\n|-supereffective|p2b: Tyranitar|2\n|-damage|p2b: Tyranitar|22/100 slp\n|cant|p2b: Tyranitar|slp\n|\n|-weather|Sandstorm|[upkeep]\n|-damage|p1a: Venusaur|65/100|[from] Sandstorm\n|-damage|p1b: Incineroar|88/100|[from] Sandstorm\n|upkeep\n|turn|6\n|-message|shmlott forfeited.\n|\n|win|Shadowflamepkm\n|raw|Shadowflamepkm's rating: 1093 &rarr; <strong>1118</strong><br />(+25 for winning)\n|raw|shmlott's rating: 1076 &rarr; <strong>1056</strong><br />(-20 for losing)\n|l|\u203dshmlott\n|player|p2|\n",
  "uploadtime": 1776180674,
  "views": 12,
  "formatid": "gen9championsvgc2026regma",
  "rating": 1056,
  "private": 0,
  "password": null
}