{
  "id": "gen9championsvgc2026regma-2580693592",
  "format": "[Gen 9 Champions] VGC 2026 Reg M-A",
  "players": [
    "2rffwd",
    "Code"
  ],
  "log": "|j|\u26062rffwd\n|j|\u2606Code\n|t:|1775924811\n|gametype|doubles\n|player|p1|2rffwd|kiawe|\n|player|p2|Code|#rbtt9hoopers2|\n|gen|9\n|tier|[Gen 9 Champions] VGC 2026 Reg M-A\n|rated|Tournament battle\n|rule|Species Clause: Limit one of each Pok\u00e9mon\n|rule|Item Clause: Limit 1 of each item\n|clearpoke\n|poke|p1|Delphox, L50, F|\n|poke|p1|Torkoal, L50, M|\n|poke|p1|Sneasler, L50, F|\n|poke|p1|Hatterene, L50, F|\n|poke|p1|Golurk, L50|\n|poke|p1|Sinistcha-Masterpiece, L50|\n|poke|p2|Sneasler, L50, F|\n|poke|p2|Kingambit, L50, M|\n|poke|p2|Sinistcha, L50|\n|poke|p2|Garchomp, L50, F|\n|poke|p2|Floette-Eternal, L50, F|\n|poke|p2|Incineroar, L50, F|\n|teampreview|4\n|inactive|Battle timer is ON: inactive players will automatically lose when time's up. (requested by 2rffwd)\n|c|\u26062rffwd|glhf\n2rffwd has agreed to open team sheets.\nCode has agreed to open team sheets.\n|showteam|p1|Delphox||Delphoxite|Blaze|Psychic,HeatWave,Protect,CalmMind|||F|||50|]Torkoal||Charcoal|Drought|Eruption,Protect,HelpingHand,EarthPower|||M|||50|]Sneasler||WhiteHerb|Unburden|CloseCombat,Uturn,DireClaw,FakeOut|||F|||50|]Hatterene||FairyFeather|MagicBounce|DrainingKiss,Protect,TrickRoom,Psychic|||F|||50|]Golurk||Golurkite|IronFist|Protect,Poltergeist,HeadlongRush,IcePunch||||||50|]Sinistcha-Masterpiece||SitrusBerry|Hospitality|MatchaGotcha,StrengthSap,LifeDew,RagePowder||||||50|\n|showteam|p2|Sneasler||WhiteHerb|Unburden|CloseCombat,FakeOut,GunkShot,Coaching|||F|||50|]Kingambit||BlackGlasses|Defiant|IronHead,KowtowCleave,SuckerPunch,Protect|||M|||50|]Sinistcha||SitrusBerry|Hospitality|MatchaGotcha,RagePowder,LifeDew,TrickRoom||||||50|]Garchomp||ChoiceScarf|RoughSkin|DragonClaw,StompingTantrum,RockSlide,IronHead|||F|||50|]Floette-Eternal||Floettite|FlowerVeil|DrainingKiss,DazzlingGleam,CalmMind,Protect|||F|||50|]Incineroar||ShucaBerry|Intimidate|FlareBlitz,FakeOut,WillOWisp,PartingShot|||F|||50|\n|c|\u2606Code|u2\n|j| H4irashi\n|inactive|2rffwd has 60 seconds left.\n|inactive|Code has 60 seconds left.\n|inactive|2rffwd has 30 seconds left.\n|inactive|Code has 30 seconds left.\n|inactive|Code has 20 seconds left.\n|inactive|Code has 15 seconds left.\n|l| H4irashi\n|inactive|Code has 10 seconds left.\n|\n|t:|1775924896\n|teamsize|p1|4\n|teamsize|p2|4\n|start\n|switch|p1a: Delphox|Delphox, L50, F|100/100\n|switch|p1b: Sneasler|Sneasler, L50, F|100/100\n|switch|p2a: Garchomp|Garchomp, L50, F|100/100\n|switch|p2b: Sneasler|Sneasler, L50, F|100/100\n|turn|1\n|inactive|2rffwd has 30 seconds left.\n|inactive|2rffwd has 20 seconds left.\n|inactive|2rffwd has 15 seconds left.\n|\n|t:|1775924938\n|detailschange|p1a: Delphox|Delphox-Mega, L50, F\n|-mega|p1a: Delphox|Delphox|Delphoxite\n|move|p1b: Sneasler|Fake Out|p2b: Sneasler\n|-damage|p2b: Sneasler|79/100\n|cant|p2b: Sneasler|flinch\n|move|p2a: Garchomp|Stomping Tantrum|p1b: Sneasler\n|-supereffective|p1b: Sneasler|1\n|-damage|p1b: Sneasler|0 fnt\n|faint|p1b: Sneasler\n|move|p1a: Delphox|Calm Mind|p1a: Delphox\n|-boost|p1a: Delphox|spa|1\n|-boost|p1a: Delphox|spd|1\n|\n|upkeep\n|\n|t:|1775924948\n|switch|p1b: Torkoal|Torkoal, L50, M|100/100\n|-weather|SunnyDay|[from] ability: Drought|[of] p1b: Torkoal\n|turn|2\n|\n|t:|1775924975\n|switch|p2a: Incineroar|Incineroar, L50, F|100/100\n|-ability|p2a: Incineroar|Intimidate|boost\n|-unboost|p1a: Delphox|atk|1\n|-unboost|p1b: Torkoal|atk|1\n|move|p1b: Torkoal|Protect|p1b: Torkoal\n|-singleturn|p1b: Torkoal|Protect\n|move|p1a: Delphox|Heat Wave|p2a: Incineroar|[spread] p2a\n|-miss|p1a: Delphox|p2b: Sneasler\n|-resisted|p2a: Incineroar|1\n|-damage|p2a: Incineroar|57/100\n|move|p2b: Sneasler|Gunk Shot|p1a: Delphox\n|-damage|p1a: Delphox|6/100\n|\n|-weather|SunnyDay|[upkeep]\n|upkeep\n|turn|3\n|\n|t:|1775924994\n|switch|p1b: Golurk|Golurk, L50|100/100\n|move|p1a: Delphox|Protect|p1a: Delphox\n|-singleturn|p1a: Delphox|Protect\n|move|p2a: Incineroar|Fake Out|p1a: Delphox\n|-activate|p1a: Delphox|move: Protect\n|move|p2b: Sneasler|Close Combat|p1b: Golurk\n|-immune|p1b: Golurk\n|\n|-weather|SunnyDay|[upkeep]\n|upkeep\n|turn|4\n|\n|t:|1775925018\n|move|p1a: Delphox|Heat Wave|p2b: Sneasler|[spread] p2a,p2b\n|-resisted|p2a: Incineroar|1\n|-damage|p2a: Incineroar|11/100\n|-damage|p2b: Sneasler|0 fnt\n|faint|p2b: Sneasler\n|move|p2a: Incineroar|Will-O-Wisp|p1b: Golurk\n|-status|p1b: Golurk|brn\n|move|p1b: Golurk|Headlong Rush|p2a: Incineroar\n|-supereffective|p2a: Incineroar|1\n|-enditem|p2a: Incineroar|Shuca Berry|[eat]\n|-enditem|p2a: Incineroar|Shuca Berry|[weaken]\n|-damage|p2a: Incineroar|0 fnt\n|-unboost|p1b: Golurk|def|1\n|-unboost|p1b: Golurk|spd|1\n|faint|p2a: Incineroar\n|\n|-weather|SunnyDay|[upkeep]\n|-damage|p1b: Golurk|95/100 brn|[from] brn\n|upkeep\n|\n|t:|1775925024\n|switch|p2b: Kingambit|Kingambit, L50, M|100/100\n|switch|p2a: Garchomp|Garchomp, L50, F|100/100\n|turn|5\n|\n|t:|1775925047\n|move|p1a: Delphox|Protect|p1a: Delphox\n|-singleturn|p1a: Delphox|Protect\n|move|p2b: Kingambit|Sucker Punch|p1b: Golurk\n|-supereffective|p1b: Golurk|1\n|-damage|p1b: Golurk|0 fnt\n|faint|p1b: Golurk\n|move|p2a: Garchomp|Rock Slide|p1a: Delphox\n|-activate|p1a: Delphox|move: Protect\n|\n|-weather|SunnyDay|[upkeep]\n|upkeep\n|\n|t:|1775925049\n|switch|p1b: Torkoal|Torkoal, L50, M|100/100\n|turn|6\n|\n|t:|1775925063\n|move|p2b: Kingambit|Protect|p2b: Kingambit\n|-singleturn|p2b: Kingambit|Protect\n|move|p2a: Garchomp|Rock Slide|p1b: Torkoal|[spread] p1a\n|-miss|p2a: Garchomp|p1b: Torkoal\n|-supereffective|p1a: Delphox|1\n|-damage|p1a: Delphox|0 fnt\n|faint|p1a: Delphox\n|move|p1b: Torkoal|Earth Power|p2b: Kingambit\n|-activate|p2b: Kingambit|move: Protect\n|\n|-weather|none\n|upkeep\n|turn|7\n|c|\u26062rffwd|gg\n|c|\u26062rffwd|wp\n|\n|t:|1775925070\n|move|p2a: Garchomp|Rock Slide|p1b: Torkoal\n|-supereffective|p1b: Torkoal|1\n|-damage|p1b: Torkoal|60/100\n|move|p2b: Kingambit|Kowtow Cleave|p1b: Torkoal\n|-damage|p1b: Torkoal|14/100\n|cant|p1b: Torkoal|flinch\n|\n|upkeep\n|turn|8\n|c|\u2606Code|gg\n|\n|t:|1775925079\n|move|p2a: Garchomp|Rock Slide|p1b: Torkoal\n|-supereffective|p1b: Torkoal|1\n|-damage|p1b: Torkoal|0 fnt\n|faint|p1b: Torkoal\n|\n|win|Code\n|n|\u26062rffwd|2rffwd\n|n|\u2606Code|code\n",
  "uploadtime": 1775925086,
  "views": 16,
  "formatid": "gen9championsvgc2026regma",
  "rating": null,
  "private": 0,
  "password": null
}