{
  "id": "gen9championsvgc2026regma-2580574815",
  "format": "[Gen 9 Champions] VGC 2026 Reg M-A",
  "players": [
    "rohitking",
    "JamalKunBeGentle"
  ],
  "log": "|j|\u2606rohitking\n|j|\u2606JamalKunBeGentle\n|t:|1775914429\n|gametype|doubles\n|player|p1|rohitking|hilbert-wonderlauncher|1100\n|player|p2|JamalKunBeGentle|shauntal-masters|1045\n|gen|9\n|tier|[Gen 9 Champions] VGC 2026 Reg M-A\n|rated|\n|rule|Species Clause: Limit one of each Pok\u00e9mon\n|rule|Item Clause: Limit 1 of each item\n|clearpoke\n|poke|p1|Incineroar, L50, F|\n|poke|p1|Whimsicott, L50, M|\n|poke|p1|Dragonite, L50, M|\n|poke|p1|Blastoise, L50, M|\n|poke|p2|Gengar, L50, F|\n|poke|p2|Politoed, L50, F|\n|poke|p2|Incineroar, L50, M|\n|poke|p2|Sinistcha, L50|\n|teampreview|4\n|inactive|Battle timer is ON: inactive players will automatically lose when time's up. (requested by rohitking)\n|inactive|JamalKunBeGentle has 60 seconds left.\n|inactive|JamalKunBeGentle has 30 seconds left.\n|inactive|JamalKunBeGentle has 20 seconds left.\n|inactive|JamalKunBeGentle has 15 seconds left.\n|\n|t:|1775914505\n|teamsize|p1|4\n|teamsize|p2|4\n|start\n|switch|p1a: Blastoise|Blastoise, L50, M|100/100\n|switch|p1b: Whimsicott|Whimsicott, L50, M|100/100\n|switch|p2a: Sinistcha|Sinistcha, L50|100/100\n|switch|p2b: Gengar|Gengar, L50, F|100/100\n|turn|1\n|inactive|rohitking has 30 seconds left.\n|inactive|JamalKunBeGentle has 30 seconds left.\n|inactive|JamalKunBeGentle has 20 seconds left.\n|\n|t:|1775914544\n|switch|p2a: Incineroar|Incineroar, L50, M|100/100\n|-ability|p2a: Incineroar|Intimidate|boost\n|-unboost|p1a: Blastoise|atk|1\n|-unboost|p1b: Whimsicott|atk|1\n|detailschange|p2b: Gengar|Gengar-Mega, L50, F\n|-mega|p2b: Gengar|Gengar|Gengarite\n|detailschange|p1a: Blastoise|Blastoise-Mega, L50, M\n|-mega|p1a: Blastoise|Blastoise|Blastoisinite\n|move|p1b: Whimsicott|Tailwind|p1b: Whimsicott\n|-sidestart|p1: rohitking|move: Tailwind\n|move|p1a: Blastoise|Dragon Pulse|p2a: Incineroar\n|-damage|p2a: Incineroar|50/100\n|move|p2b: Gengar|Perish Song|p2b: Gengar\n|-start|p1a: Blastoise|perish3|[silent]\n|-start|p1b: Whimsicott|perish3|[silent]\n|-start|p2a: Incineroar|perish3|[silent]\n|-start|p2b: Gengar|perish3|[silent]\n|-fieldactivate|move: Perish Song\n|\n|-start|p1b: Whimsicott|perish3\n|-start|p1a: Blastoise|perish3\n|-start|p2b: Gengar|perish3\n|-start|p2a: Incineroar|perish3\n|upkeep\n|turn|2\n|inactive|rohitking has 30 seconds left.\n|\n|t:|1775914575\n|move|p2a: Incineroar|Fake Out|p1a: Blastoise\n|-damage|p1a: Blastoise|91/100\n|move|p1b: Whimsicott|Encore|p2b: Gengar\n|-start|p2b: Gengar|Encore\n|cant|p1a: Blastoise|flinch\n|move|p2b: Gengar|Perish Song||[still]\n|-fail|p2b: Gengar\n|\n|-start|p1b: Whimsicott|perish2\n|-start|p1a: Blastoise|perish2\n|-start|p2b: Gengar|perish2\n|-start|p2a: Incineroar|perish2\n|upkeep\n|turn|3\n|inactive|JamalKunBeGentle has 30 seconds left.\n|inactive|JamalKunBeGentle has 20 seconds left.\n|inactive|JamalKunBeGentle has 15 seconds left.\n|\n|t:|1775914615\n|switch|p2b: Sinistcha|Sinistcha, L50|100/100\n|-heal|p2a: Incineroar|75/100|[from] ability: Hospitality|[of] p2b: Sinistcha\n|move|p1b: Whimsicott|Dazzling Gleam|p2b: Sinistcha|[spread] p2a,p2b\n|-damage|p2a: Incineroar|50/100\n|-damage|p2b: Sinistcha|73/100\n|move|p1a: Blastoise|Water Spout|p2a: Incineroar|[spread] p2a,p2b\n|-supereffective|p2a: Incineroar|1\n|-resisted|p2b: Sinistcha|1\n|-damage|p2a: Incineroar|0 fnt\n|-damage|p2b: Sinistcha|36/100\n|faint|p2a: Incineroar\n|\n|-start|p1b: Whimsicott|perish1\n|-start|p1a: Blastoise|perish1\n|upkeep\n|\n|t:|1775914625\n|switch|p2a: Gengar|Gengar-Mega, L50, F|100/100\n|turn|4\n|inactive|rohitking has 30 seconds left.\n|\n|t:|1775914651\n|switch|p2b: Politoed|Politoed, L50, F|100/100\n|-weather|RainDance|[from] ability: Drizzle|[of] p2b: Politoed\n|move|p2a: Gengar|Protect|p2a: Gengar\n|-singleturn|p2a: Gengar|Protect\n|move|p1b: Whimsicott|Taunt|p2a: Gengar\n|-activate|p2a: Gengar|move: Protect\n|move|p1a: Blastoise|Water Spout|p2a: Gengar|[spread] p2b\n|-activate|p2a: Gengar|move: Protect\n|-resisted|p2b: Politoed|1\n|-damage|p2b: Politoed|59/100\n|\n|-weather|RainDance|[upkeep]\n|-start|p1b: Whimsicott|perish0\n|-start|p1a: Blastoise|perish0\n|-sideend|p1: rohitking|move: Tailwind\n|faint|p1b: Whimsicott\n|faint|p1a: Blastoise\n|upkeep\n|\n|t:|1775914665\n|switch|p1b: Incineroar|Incineroar, L50, F|100/100\n|switch|p1a: Dragonite|Dragonite, L50, M|100/100\n|-ability|p1b: Incineroar|Intimidate|boost\n|-unboost|p2a: Gengar|atk|1\n|-unboost|p2b: Politoed|atk|1\n|turn|5\n|\n|t:|1775914682\n|move|p1a: Dragonite|Extreme Speed|p2b: Politoed\n|-damage|p2b: Politoed|19/100\n|move|p2a: Gengar|Substitute|p2a: Gengar\n|-start|p2a: Gengar|Substitute\n|-damage|p2a: Gengar|76/100\n|move|p2b: Politoed|Perish Song|p2b: Politoed\n|-start|p1a: Dragonite|perish3|[silent]\n|-start|p1b: Incineroar|perish3|[silent]\n|-start|p2a: Gengar|perish3|[silent]\n|-start|p2b: Politoed|perish3|[silent]\n|-fieldactivate|move: Perish Song\n|move|p1b: Incineroar|Darkest Lariat|p2a: Gengar\n|-supereffective|p2a: Gengar|1\n|-end|p2a: Gengar|Substitute\n|\n|-weather|RainDance|[upkeep]\n|-start|p2a: Gengar|perish3\n|-start|p1a: Dragonite|perish3\n|-start|p2b: Politoed|perish3\n|-start|p1b: Incineroar|perish3\n|upkeep\n|turn|6\n|\n|t:|1775914696\n|move|p2b: Politoed|Protect|p2b: Politoed\n|-singleturn|p2b: Politoed|Protect\n|move|p1a: Dragonite|Extreme Speed|p2b: Politoed\n|-activate|p2b: Politoed|move: Protect\n|move|p2a: Gengar|Substitute|p2a: Gengar\n|-start|p2a: Gengar|Substitute\n|-damage|p2a: Gengar|51/100\n|move|p1b: Incineroar|Darkest Lariat|p2a: Gengar\n|-supereffective|p2a: Gengar|1\n|-end|p2a: Gengar|Substitute\n|\n|-weather|RainDance|[upkeep]\n|-start|p2a: Gengar|perish2\n|-start|p1a: Dragonite|perish2\n|-start|p2b: Politoed|perish2\n|-start|p1b: Incineroar|perish2\n|upkeep\n|turn|7\n|\n|t:|1775914710\n|switch|p2b: Sinistcha|Sinistcha, L50|36/100\n|-heal|p2a: Gengar|76/100|[from] ability: Hospitality|[of] p2b: Sinistcha\n|move|p2a: Gengar|Protect|p2a: Gengar\n|-singleturn|p2a: Gengar|Protect\n|move|p1a: Dragonite|Dragon Claw|p2a: Gengar\n|-activate|p2a: Gengar|move: Protect\n|move|p1b: Incineroar|Darkest Lariat|p2a: Gengar\n|-activate|p2a: Gengar|move: Protect\n|\n|-weather|RainDance|[upkeep]\n|-start|p2a: Gengar|perish1\n|-start|p1a: Dragonite|perish1\n|-start|p1b: Incineroar|perish1\n|upkeep\n|turn|8\n|\n|t:|1775914723\n|move|p2a: Gengar|Substitute|p2a: Gengar\n|-start|p2a: Gengar|Substitute\n|-damage|p2a: Gengar|51/100\n|move|p1a: Dragonite|Dragon Claw|p2a: Gengar\n|-end|p2a: Gengar|Substitute\n|move|p1b: Incineroar|Darkest Lariat|p2a: Gengar\n|-supereffective|p2a: Gengar|1\n|-damage|p2a: Gengar|0 fnt\n|faint|p2a: Gengar\n|move|p2b: Sinistcha|Trick Room|p2b: Sinistcha\n|-fieldstart|move: Trick Room|[of] p2b: Sinistcha\n|\n|-weather|none\n|-start|p1b: Incineroar|perish0\n|-start|p1a: Dragonite|perish0\n|faint|p1b: Incineroar\n|faint|p1a: Dragonite\n|\n|win|JamalKunBeGentle\n|raw|rohitking's rating: 1100 &rarr; <strong>1071</strong><br />(-29 for losing)\n|raw|JamalKunBeGentle's rating: 1045 &rarr; <strong>1083</strong><br />(+38 for winning)\n",
  "uploadtime": 1775914734,
  "views": 15,
  "formatid": "gen9championsvgc2026regma",
  "rating": 1071,
  "private": 0,
  "password": null
}