{
  "id": "gen9championsvgc2026regma-2587948054",
  "format": "[Gen 9 Champions] VGC 2026 Reg M-A",
  "players": [
    "bigwillygoat",
    "arrascaxeira"
  ],
  "log": "|j|\u2606bigwillygoat\n|j|\u2606arrascaxeira\n|t:|1776583266\n|gametype|doubles\n|player|p1|bigwillygoat|boarder|1122\n|player|p2|arrascaxeira|1|1070\n|gen|9\n|tier|[Gen 9 Champions] VGC 2026 Reg M-A\n|rated|\n|rule|Species Clause: Limit one of each Pok\u00e9mon\n|rule|Item Clause: Limit 1 of each item\n|clearpoke\n|poke|p1|Tyranitar, L50, M|\n|poke|p1|Excadrill, L50, F|\n|poke|p1|Rotom-Wash, L50|\n|poke|p1|Incineroar, L50, M|\n|poke|p1|Sinistcha-Masterpiece, L50|\n|poke|p1|Garchomp, L50, M|\n|poke|p2|Kommo-o, L50, F|\n|poke|p2|Basculegion, L50, M|\n|poke|p2|Chandelure, L50, F|\n|poke|p2|Whimsicott, L50, F|\n|poke|p2|Sneasler, L50, M|\n|poke|p2|Aerodactyl, L50, F|\n|teampreview|4\n|inactive|Battle timer is ON: inactive players will automatically lose when time's up. (requested by arrascaxeira)\n|inactive|bigwillygoat has 60 seconds left.\n|inactive|arrascaxeira has 60 seconds left.\n|inactive|bigwillygoat has 30 seconds left.\n|inactive|bigwillygoat has 20 seconds left.\n|inactive|bigwillygoat has 15 seconds left.\n|\n|t:|1776583343\n|teamsize|p1|4\n|teamsize|p2|4\n|start\n|switch|p1a: Garchomp|Garchomp, L50, M|100/100\n|switch|p1b: Incineroar|Incineroar, L50, M|100/100\n|switch|p2a: Sneasler|Sneasler, L50, M|100/100\n|switch|p2b: Whimsicott|Whimsicott, L50, F|100/100\n|-ability|p1b: Incineroar|Intimidate|boost\n|-unboost|p2a: Sneasler|atk|1\n|-unboost|p2b: Whimsicott|atk|1\n|-enditem|p2a: Sneasler|White Herb\n|-clearnegativeboost|p2a: Sneasler|[silent]\n|turn|1\n|inactive|bigwillygoat has 30 seconds left.\n|inactive|arrascaxeira has 30 seconds left.\n|inactive|arrascaxeira has 20 seconds left.\n|inactive|arrascaxeira has 15 seconds left.\n|inactive|arrascaxeira has 10 seconds left.\n|\n|t:|1776583389\n|move|p2a: Sneasler|Protect|p2a: Sneasler\n|-singleturn|p2a: Sneasler|Protect\n|move|p1b: Incineroar|Fake Out|p2b: Whimsicott\n|-damage|p2b: Whimsicott|89/100\n|move|p1a: Garchomp|Earthquake|p2b: Whimsicott|[spread] p1b,p2b\n|-activate|p2a: Sneasler|move: Protect\n|-supereffective|p1b: Incineroar|1\n|-resisted|p2b: Whimsicott|1\n|-damage|p1b: Incineroar|34/100\n|-damage|p2b: Whimsicott|65/100\n|cant|p2b: Whimsicott|flinch\n|\n|upkeep\n|turn|2\n|\n|t:|1776583403\n|switch|p1b: Rotom|Rotom-Wash, L50|100/100\n|move|p2a: Sneasler|Close Combat|p1a: Garchomp\n|-damage|p1a: Garchomp|29/100\n|-unboost|p2a: Sneasler|def|1\n|-unboost|p2a: Sneasler|spd|1\n|-damage|p2a: Sneasler|88/100|[from] ability: Rough Skin|[of] p1a: Garchomp\n|move|p1a: Garchomp|Earthquake|p2b: Whimsicott|[spread] p2a,p2b\n|-immune|p1b: Rotom|[from] ability: Levitate\n|-supereffective|p2a: Sneasler|1\n|-resisted|p2b: Whimsicott|1\n|-damage|p2a: Sneasler|0 fnt\n|-damage|p2b: Whimsicott|40/100\n|-enditem|p2b: Whimsicott|Sitrus Berry|[eat]\n|-heal|p2b: Whimsicott|65/100|[from] item: Sitrus Berry\n|faint|p2a: Sneasler\n|move|p2b: Whimsicott|Moonblast|p1a: Garchomp\n|-supereffective|p1a: Garchomp|1\n|-damage|p1a: Garchomp|0 fnt\n|faint|p1a: Garchomp\n|\n|upkeep\n|\n|t:|1776583420\n|switch|p2a: Kommo-o|Kommo-o, L50, F|100/100\n|switch|p1a: Tyranitar|Tyranitar, L50, M|100/100\n|-weather|Sandstorm|[from] ability: Sand Stream|[of] p1a: Tyranitar\n|turn|3\n|inactive|bigwillygoat has 30 seconds left.\n|\n|t:|1776583446\n|move|p1a: Tyranitar|Protect|p1a: Tyranitar\n|-singleturn|p1a: Tyranitar|Protect\n|move|p2b: Whimsicott|Light Screen|p2b: Whimsicott\n|-sidestart|p2: arrascaxeira|move: Light Screen\n|move|p2a: Kommo-o|Iron Defense|p2a: Kommo-o\n|-boost|p2a: Kommo-o|def|2\n|move|p1b: Rotom|Will-O-Wisp|p2a: Kommo-o\n|-status|p2a: Kommo-o|brn\n|\n|-weather|Sandstorm|[upkeep]\n|-damage|p2b: Whimsicott|59/100|[from] Sandstorm\n|-damage|p1b: Rotom|95/100|[from] Sandstorm\n|-heal|p1b: Rotom|100/100|[from] item: Leftovers\n|-damage|p2a: Kommo-o|94/100 brn|[from] brn\n|upkeep\n|turn|4\n|inactive|bigwillygoat has 30 seconds left.\n|\n|t:|1776583478\n|switch|p1a: Incineroar|Incineroar, L50, M|34/100\n|-ability|p1a: Incineroar|Intimidate|boost\n|-unboost|p2a: Kommo-o|atk|1\n|-unboost|p2b: Whimsicott|atk|1\n|move|p2b: Whimsicott|Encore|p1b: Rotom\n|-start|p1b: Rotom|Encore\n|move|p2a: Kommo-o|Body Press|p1a: Incineroar\n|-supereffective|p1a: Incineroar|1\n|-enditem|p1a: Incineroar|Chople Berry|[eat]\n|-enditem|p1a: Incineroar|Chople Berry|[weaken]\n|-damage|p1a: Incineroar|4/100\n|move|p1b: Rotom|Will-O-Wisp|p2a: Kommo-o\n|-fail|p2a: Kommo-o|brn\n|\n|-weather|Sandstorm|[upkeep]\n|-damage|p2b: Whimsicott|53/100|[from] Sandstorm\n|-damage|p1b: Rotom|95/100|[from] Sandstorm\n|-damage|p1a: Incineroar|0 fnt|[from] Sandstorm\n|faint|p1a: Incineroar\n|-heal|p2a: Kommo-o|100/100 brn|[from] item: Leftovers\n|-heal|p1b: Rotom|100/100|[from] item: Leftovers\n|-damage|p2a: Kommo-o|94/100 brn|[from] brn\n|upkeep\n|\n|t:|1776583492\n|switch|p1a: Tyranitar|Tyranitar, L50, M|100/100\n|turn|5\n|\n|t:|1776583508\n|detailschange|p1a: Tyranitar|Tyranitar-Mega, L50, M\n|-mega|p1a: Tyranitar|Tyranitar|Tyranitarite\n|move|p2b: Whimsicott|Moonblast|p1a: Tyranitar\n|-supereffective|p1a: Tyranitar|1\n|-damage|p1a: Tyranitar|72/100\n|move|p2a: Kommo-o|Iron Defense|p2a: Kommo-o\n|-boost|p2a: Kommo-o|def|2\n|move|p1b: Rotom|Will-O-Wisp|p2b: Whimsicott\n|-status|p2b: Whimsicott|brn\n|move|p1a: Tyranitar|Knock Off|p2a: Kommo-o\n|-resisted|p2a: Kommo-o|1\n|-damage|p2a: Kommo-o|87/100 brn\n|-enditem|p2a: Kommo-o|Leftovers|[from] move: Knock Off|[of] p1a: Tyranitar\n|\n|-weather|Sandstorm|[upkeep]\n|-damage|p2b: Whimsicott|47/100 brn|[from] Sandstorm\n|-damage|p1b: Rotom|95/100|[from] Sandstorm\n|-heal|p1b: Rotom|100/100|[from] item: Leftovers\n|-damage|p2b: Whimsicott|41/100 brn|[from] brn\n|-damage|p2a: Kommo-o|81/100 brn|[from] brn\n|upkeep\n|turn|6\n|inactive|bigwillygoat has 30 seconds left.\n|\n|t:|1776583538\n|move|p2b: Whimsicott|Moonblast|p1b: Rotom\n|-damage|p1b: Rotom|79/100\n|-unboost|p1b: Rotom|spa|1\n|move|p2a: Kommo-o|Body Press|p1b: Rotom\n|-damage|p1b: Rotom|18/100\n|move|p1b: Rotom|Will-O-Wisp|p2a: Kommo-o\n|-fail|p2a: Kommo-o|brn\n|move|p1a: Tyranitar|High Horsepower|p2a: Kommo-o\n|-damage|p2a: Kommo-o|72/100 brn\n|\n|-weather|Sandstorm|[upkeep]\n|-damage|p2b: Whimsicott|35/100 brn|[from] Sandstorm\n|-damage|p1b: Rotom|13/100|[from] Sandstorm\n|-heal|p1b: Rotom|18/100|[from] item: Leftovers\n|-damage|p2b: Whimsicott|29/100 brn|[from] brn\n|-damage|p2a: Kommo-o|66/100 brn|[from] brn\n|-end|p1b: Rotom|Encore\n|upkeep\n|turn|7\n|-message|bigwillygoat forfeited.\n|\n|win|arrascaxeira\n|raw|bigwillygoat's rating: 1122 &rarr; <strong>1093</strong><br />(-29 for losing)\n|raw|arrascaxeira's rating: 1070 &rarr; <strong>1104</strong><br />(+34 for winning)\n|l|\u2606bigwillygoat\n|player|p1|\n",
  "uploadtime": 1776583555,
  "views": 8,
  "formatid": "gen9championsvgc2026regma",
  "rating": 1093,
  "private": 0,
  "password": null
}