{
  "id": "gen9championsvgc2026regma-2585006186",
  "format": "[Gen 9 Champions] VGC 2026 Reg M-A",
  "players": [
    "series team",
    "actuary97"
  ],
  "log": "|j|\u2606series team\n|j|\u2606actuary97\n|t:|1776302662\n|gametype|doubles\n|player|p1|series team|266|1536\n|player|p2|actuary97|sabrina-frlg|1489\n|gen|9\n|tier|[Gen 9 Champions] VGC 2026 Reg M-A\n|rated|\n|rule|Species Clause: Limit one of each Pok\u00e9mon\n|rule|Item Clause: Limit 1 of each item\n|clearpoke\n|poke|p1|Clefable, L50, F|\n|poke|p1|Garchomp, L50, F|\n|poke|p1|Incineroar, L50, M|\n|poke|p1|Rotom-Wash, L50|\n|poke|p1|Basculegion-F, L50, F|\n|poke|p1|Ninetales-Alola, L50, F|\n|poke|p2|Tyranitar, L50, M|\n|poke|p2|Gallade, L50, M|\n|poke|p2|Sinistcha, L50|\n|poke|p2|Corviknight, L50, M|\n|poke|p2|Incineroar, L50, M|\n|poke|p2|Milotic, L50, F|\n|teampreview|4\n|j| njxfnewnfw2\n|\n|t:|1776302715\n|teamsize|p1|4\n|teamsize|p2|4\n|start\n|switch|p1a: Garchomp|Garchomp, L50, F|100/100\n|switch|p1b: Rotom|Rotom-Wash, L50|100/100\n|switch|p2a: Milotic|Milotic, L50, F, shiny|100/100\n|switch|p2b: Tyranitar|Tyranitar, L50, M, shiny|100/100\n|-weather|Sandstorm|[from] ability: Sand Stream|[of] p2b: Tyranitar\n|turn|1\n|\n|t:|1776302751\n|move|p2b: Tyranitar|Protect|p2b: Tyranitar\n|-singleturn|p2b: Tyranitar|Protect\n|move|p1a: Garchomp|Swords Dance|p1a: Garchomp\n|-boost|p1a: Garchomp|atk|2\n|move|p1b: Rotom|Nasty Plot|p1b: Rotom\n|-boost|p1b: Rotom|spa|2\n|move|p2a: Milotic|Icy Wind|p1b: Rotom|[spread] p1a,p1b\n|-supereffective|p1a: Garchomp|2\n|-resisted|p1b: Rotom|1\n|-damage|p1a: Garchomp|59/100\n|-damage|p1b: Rotom|95/100\n|-unboost|p1a: Garchomp|spe|1\n|-unboost|p1b: Rotom|spe|1\n|\n|-weather|Sandstorm|[upkeep]\n|-damage|p2a: Milotic|95/100|[from] Sandstorm\n|-damage|p1b: Rotom|90/100|[from] Sandstorm\n|upkeep\n|turn|2\n|\n|t:|1776302764\n|detailschange|p2b: Tyranitar|Tyranitar-Mega, L50, M, shiny\n|-mega|p2b: Tyranitar|Tyranitar|Tyranitarite\n|move|p2b: Tyranitar|Rock Slide|p1a: Garchomp|[spread] p1a,p1b\n|-resisted|p1a: Garchomp|1\n|-damage|p1a: Garchomp|44/100\n|-damage|p1b: Rotom|55/100\n|cant|p1a: Garchomp|flinch\n|move|p2a: Milotic|Icy Wind|p1a: Garchomp|[spread] p1a,p1b\n|-supereffective|p1a: Garchomp|2\n|-resisted|p1b: Rotom|1\n|-damage|p1a: Garchomp|0 fnt\n|-damage|p1b: Rotom|50/100\n|-unboost|p1b: Rotom|spe|1\n|-enditem|p1b: Rotom|Sitrus Berry|[eat]\n|-heal|p1b: Rotom|75/100|[from] item: Sitrus Berry\n|faint|p1a: Garchomp\n|move|p1b: Rotom|Thunderbolt|p2a: Milotic\n|-supereffective|p2a: Milotic|1\n|-enditem|p2a: Milotic|Wacan Berry|[eat]\n|-enditem|p2a: Milotic|Wacan Berry|[weaken]\n|-damage|p2a: Milotic|43/100\n|\n|-weather|Sandstorm|[upkeep]\n|-damage|p2a: Milotic|37/100|[from] Sandstorm\n|-damage|p1b: Rotom|69/100|[from] Sandstorm\n|upkeep\n|\n|t:|1776302768\n|switch|p1a: Clefable|Clefable, L50, F|100/100\n|turn|3\n|\n|t:|1776302796\n|switch|p2a: Sinistcha|Sinistcha, L50|100/100\n|move|p1a: Clefable|Protect|p1a: Clefable\n|-singleturn|p1a: Clefable|Protect\n|move|p2b: Tyranitar|Dragon Dance|p2b: Tyranitar\n|-boost|p2b: Tyranitar|atk|1\n|-boost|p2b: Tyranitar|spe|1\n|move|p1b: Rotom|Hydro Pump|p2b: Tyranitar\n|-supereffective|p2b: Tyranitar|1\n|-damage|p2b: Tyranitar|0 fnt\n|faint|p2b: Tyranitar\n|\n|-weather|Sandstorm|[upkeep]\n|-damage|p2a: Sinistcha|94/100|[from] Sandstorm\n|-damage|p1a: Clefable|95/100|[from] Sandstorm\n|-damage|p1b: Rotom|64/100|[from] Sandstorm\n|upkeep\n|\n|t:|1776302811\n|switch|p2b: Milotic|Milotic, L50, F, shiny|37/100\n|turn|4\n|\n|t:|1776302821\n|detailschange|p1a: Clefable|Clefable-Mega, L50, F\n|-mega|p1a: Clefable|Clefable|Clefablite\n|move|p1b: Rotom|Protect|p1b: Rotom\n|-singleturn|p1b: Rotom|Protect\n|move|p2b: Milotic|Life Dew|p2b: Milotic|[spread] p2a,p2b\n|-heal|p2a: Sinistcha|100/100\n|-heal|p2b: Milotic|62/100\n|move|p2a: Sinistcha|Matcha Gotcha|p1b: Rotom|[spread] p1a\n|-activate|p1b: Rotom|move: Protect\n|-resisted|p1a: Clefable|1\n|-damage|p1a: Clefable|83/100\n|move|p1a: Clefable|Moonblast|p2b: Milotic\n|-damage|p2b: Milotic|32/100\n|\n|-weather|Sandstorm|[upkeep]\n|-damage|p2b: Milotic|26/100|[from] Sandstorm\n|-damage|p2a: Sinistcha|94/100|[from] Sandstorm\n|-damage|p1a: Clefable|77/100|[from] Sandstorm\n|-damage|p1b: Rotom|58/100|[from] Sandstorm\n|upkeep\n|turn|5\n|\n|t:|1776302846\n|switch|p1b: Incineroar|Incineroar, L50, M|100/100\n|-ability|p1b: Incineroar|Intimidate|boost\n|-unboost|p2a: Sinistcha|atk|1\n|-unboost|p2b: Milotic|atk|1\n|-ability|p2b: Milotic|Competitive|boost\n|-boost|p2b: Milotic|spa|2\n|move|p2b: Milotic|Life Dew|p2b: Milotic|[spread] p2a,p2b\n|-heal|p2a: Sinistcha|100/100\n|-heal|p2b: Milotic|51/100\n|move|p1a: Clefable|Moonblast|p2b: Milotic\n|-damage|p2b: Milotic|20/100\n|move|p2a: Sinistcha|Matcha Gotcha|p1b: Incineroar|[spread] p1a,p1b\n|-resisted|p1a: Clefable|1\n|-resisted|p1b: Incineroar|1\n|-damage|p1a: Clefable|65/100\n|-damage|p1b: Incineroar|89/100\n|\n|-weather|none\n|upkeep\n|turn|6\n|\n|t:|1776302877\n|move|p2a: Sinistcha|Rage Powder|p2a: Sinistcha\n|-singleturn|p2a: Sinistcha|move: Rage Powder\n|move|p2b: Milotic|Life Dew||[still]|[spread] p2a,p2b\n|-fail|p2a: Sinistcha|heal\n|-heal|p2b: Milotic|45/100\n|move|p1a: Clefable|Moonblast|p2a: Sinistcha\n|-damage|p2a: Sinistcha|49/100\n|-enditem|p2a: Sinistcha|Sitrus Berry|[eat]\n|-heal|p2a: Sinistcha|74/100|[from] item: Sitrus Berry\n|move|p1b: Incineroar|Flare Blitz|p2a: Sinistcha\n|-supereffective|p2a: Sinistcha|1\n|-damage|p2a: Sinistcha|0 fnt\n|faint|p2a: Sinistcha\n|-damage|p1b: Incineroar|68/100|[from] Recoil\n|\n|upkeep\n|\n|t:|1776302889\n|switch|p2a: Gallade|Gallade, L50, M, shiny|100/100\n|turn|7\n|\n|t:|1776302902\n|move|p2a: Gallade|Psycho Cut|p1a: Clefable\n|-damage|p1a: Clefable|24/100\n|move|p2b: Milotic|Scald|p1b: Incineroar\n|-supereffective|p1b: Incineroar|1\n|-damage|p1b: Incineroar|0 fnt\n|faint|p1b: Incineroar\n|move|p1a: Clefable|Encore|p2b: Milotic\n|-start|p2b: Milotic|Encore\n|\n|upkeep\n|\n|t:|1776302906\n|switch|p1b: Rotom|Rotom-Wash, L50|58/100\n|turn|8\n|\n|t:|1776302913\n|move|p1a: Clefable|Follow Me|p1a: Clefable\n|-singleturn|p1a: Clefable|move: Follow Me\n|move|p2a: Gallade|Leaf Blade|p1a: Clefable\n|-resisted|p1a: Clefable|1\n|-damage|p1a: Clefable|6/100\n|move|p1b: Rotom|Thunderbolt|p2b: Milotic\n|-supereffective|p2b: Milotic|1\n|-crit|p2b: Milotic\n|-damage|p2b: Milotic|0 fnt\n|faint|p2b: Milotic\n|\n|upkeep\n|turn|9\n|c|\u2606actuary97|fuck\n|c|\u2606actuary97|I forgot follow me\n|\n|t:|1776302936\n|move|p2a: Gallade|Psycho Cut|p1a: Clefable\n|-crit|p1a: Clefable\n|-damage|p1a: Clefable|0 fnt\n|faint|p1a: Clefable\n|move|p1b: Rotom|Hydro Pump|p2a: Gallade\n|-damage|p2a: Gallade|44/100\n|\n|upkeep\n|turn|10\n|\n|t:|1776302943\n|move|p2a: Gallade|Leaf Blade|p1b: Rotom\n|-supereffective|p1b: Rotom|1\n|-crit|p1b: Rotom\n|-damage|p1b: Rotom|0 fnt\n|faint|p1b: Rotom\n|\n|win|actuary97\n|raw|series team's rating: 1536 &rarr; <strong>1513</strong><br />(-23 for losing)\n|raw|actuary97's rating: 1489 &rarr; <strong>1512</strong><br />(+23 for winning)\n|l|\u2606series team\n|player|p1|\n",
  "uploadtime": 1776302951,
  "views": 72,
  "formatid": "gen9championsvgc2026regma",
  "rating": 1512,
  "private": 0,
  "password": null
}