{
  "id": "gen9championsvgc2026regma-2589442473",
  "format": "[Gen 9 Champions] VGC 2026 Reg M-A",
  "players": [
    "gallium1005",
    "zenero_o"
  ],
  "log": "|j|\u2606gallium1005\n|j|\u2606zenero_o\n|t:|1776723327\n|gametype|doubles\n|player|p1|gallium1005|hilbert|1142\n|player|p2|zenero_o|swimmer-gen4|1134\n|gen|9\n|tier|[Gen 9 Champions] VGC 2026 Reg M-A\n|rated|\n|rule|Species Clause: Limit one of each Pok\u00e9mon\n|rule|Item Clause: Limit 1 of each item\n|clearpoke\n|poke|p1|Sinistcha, L50|\n|poke|p1|Aggron, L50, F, shiny|\n|poke|p1|Archaludon, L50, M|\n|poke|p1|Incineroar, L50, F|\n|poke|p1|Farigiraf, L50, M|\n|poke|p1|Pelipper, L50, M|\n|poke|p2|Hawlucha, L50, F|\n|poke|p2|Bastiodon, L50, F|\n|poke|p2|Samurott-Hisui, L50, F|\n|poke|p2|Sinistcha, L50|\n|poke|p2|Farigiraf, L50, M|\n|poke|p2|Ditto, L50|\n|teampreview|4\n|\n|t:|1776723372\n|teamsize|p1|4\n|teamsize|p2|4\n|start\n|switch|p1a: Incineroar|Incineroar, L50, F|100/100\n|switch|p1b: Farigiraf|Farigiraf, L50, M|100/100\n|switch|p2a: Hawlucha|Hawlucha, L50, F|100/100\n|switch|p2b: Farigiraf|Farigiraf, L50, M|100/100\n|-ability|p1a: Incineroar|Intimidate|boost\n|-unboost|p2a: Hawlucha|atk|1\n|-unboost|p2b: Farigiraf|atk|1\n|turn|1\n|\n|t:|1776723408\n|switch|p2b: Bastiodon|Bastiodon, L50, F|100/100\n|detailschange|p2a: Hawlucha|Hawlucha-Mega, L50, F\n|-mega|p2a: Hawlucha|Hawlucha|Hawluchanite\n|move|p2a: Hawlucha|Entrainment|p2b: Bastiodon\n|-ability|p2b: Bastiodon|No Guard|Soundproof|[from] move: Entrainment|[of] p2a: Hawlucha\n|move|p1b: Farigiraf|Psychic|p2a: Hawlucha\n|-supereffective|p2a: Hawlucha|1\n|-damage|p2a: Hawlucha|26/100\n|move|p1a: Incineroar|Darkest Lariat|p2a: Hawlucha\n|-resisted|p2a: Hawlucha|1\n|-damage|p2a: Hawlucha|10/100\n|\n|upkeep\n|turn|2\n|\n|t:|1776723442\n|move|p2a: Hawlucha|Cross Chop|p1a: Incineroar\n|-supereffective|p1a: Incineroar|1\n|-damage|p1a: Incineroar|53/100\n|move|p1a: Incineroar|Flare Blitz|p2a: Hawlucha\n|-damage|p2a: Hawlucha|0 fnt\n|faint|p2a: Hawlucha\n|-damage|p1a: Incineroar|50/100|[from] Recoil\n|move|p2b: Bastiodon|Fissure|p1b: Farigiraf\n|-damage|p1b: Farigiraf|0 fnt\n|faint|p1b: Farigiraf\n|-ohko\n|\n|upkeep\n|\n|t:|1776723460\n|switch|p2a: Ditto|Ditto, L50|100/100\n|switch|p1b: Aggron|Aggron, L50, F, shiny|100/100\n|-transform|p2a: Ditto|p1b: Aggron|[from] ability: Imposter\n|turn|3\n|\n|t:|1776723500\n|detailschange|p1b: Aggron|Aggron-Mega, L50, F, shiny\n|-mega|p1b: Aggron|Aggron|Aggronite\n|move|p2b: Bastiodon|Protect|p2b: Bastiodon\n|-singleturn|p2b: Bastiodon|Protect\n|move|p1a: Incineroar|Flare Blitz|p2b: Bastiodon\n|-activate|p2b: Bastiodon|move: Protect\n|move|p1b: Aggron|Body Press|p2b: Bastiodon\n|-activate|p2b: Bastiodon|move: Protect\n|move|p2a: Ditto|Body Press|p1b: Aggron\n|-supereffective|p1b: Aggron|1\n|-damage|p1b: Aggron|78/100\n|\n|upkeep\n|turn|4\n|\n|t:|1776723527\n|move|p1a: Incineroar|Flare Blitz|p2b: Bastiodon\n|-damage|p2b: Bastiodon|73/100\n|-damage|p1a: Incineroar|43/100|[from] Recoil\n|move|p1b: Aggron|Body Press|p2b: Bastiodon\n|-supereffective|p2b: Bastiodon|2\n|-damage|p2b: Bastiodon|0 fnt\n|faint|p2b: Bastiodon\n|move|p2a: Ditto|Iron Defense|p2a: Ditto\n|-boost|p2a: Ditto|def|2\n|\n|upkeep\n|\n|t:|1776723536\n|switch|p2b: Farigiraf|Farigiraf, L50, M|100/100\n|turn|5\n|\n|t:|1776723569\n|move|p2b: Farigiraf|Hyper Voice|p1a: Incineroar|[spread] p1a,p1b\n|-resisted|p1b: Aggron|1\n|-damage|p1a: Incineroar|16/100\n|-damage|p1b: Aggron|64/100\n|move|p1a: Incineroar|Darkest Lariat|p2b: Farigiraf\n|-supereffective|p2b: Farigiraf|1\n|-crit|p2b: Farigiraf\n|-enditem|p2b: Farigiraf|Colbur Berry|[eat]\n|-enditem|p2b: Farigiraf|Colbur Berry|[weaken]\n|-damage|p2b: Farigiraf|49/100\n|move|p2a: Ditto|Iron Defense|p2a: Ditto\n|-boost|p2a: Ditto|def|2\n|move|p1b: Aggron|Body Press|p2a: Ditto\n|-supereffective|p2a: Ditto|2\n|-damage|p2a: Ditto|67/100\n|\n|upkeep\n|turn|6\n|\n|t:|1776723596\n|move|p2b: Farigiraf|Hyper Voice|p1b: Aggron|[spread] p1a,p1b\n|-resisted|p1b: Aggron|1\n|-damage|p1a: Incineroar|0 fnt\n|-damage|p1b: Aggron|52/100\n|faint|p1a: Incineroar\n|move|p1b: Aggron|Iron Defense|p1b: Aggron\n|-boost|p1b: Aggron|def|2\n|move|p2a: Ditto|Body Press|p1b: Aggron\n|-supereffective|p1b: Aggron|1\n|-damage|p1b: Aggron|15/100\n|\n|upkeep\n|\n|t:|1776723605\n|switch|p1a: Sinistcha|Sinistcha, L50|100/100\n|-heal|p1b: Aggron|40/100|[from] ability: Hospitality|[of] p1a: Sinistcha\n|turn|7\n|\n|t:|1776723625\n|move|p1b: Aggron|Protect|p1b: Aggron\n|-singleturn|p1b: Aggron|Protect\n|move|p1a: Sinistcha|Matcha Gotcha|p2b: Farigiraf|[spread] p2a\n|-miss|p1a: Sinistcha|p2b: Farigiraf\n|-damage|p2a: Ditto|42/100\n|move|p2b: Farigiraf|Psychic|p1b: Aggron\n|-activate|p1b: Aggron|move: Protect\n|move|p2a: Ditto|Body Press|p1b: Aggron\n|-activate|p1b: Aggron|move: Protect\n|\n|upkeep\n|turn|8\n|\n|t:|1776723657\n|move|p2a: Ditto|Protect|p2a: Ditto\n|-singleturn|p2a: Ditto|Protect\n|move|p1a: Sinistcha|Matcha Gotcha|p2a: Ditto|[spread] p2b\n|-activate|p2a: Ditto|move: Protect\n|-damage|p2b: Farigiraf|25/100\n|move|p1b: Aggron|Body Press|p2b: Farigiraf\n|-damage|p2b: Farigiraf|0 fnt\n|faint|p2b: Farigiraf\n|\n|upkeep\n|turn|9\n|\n|t:|1776723671\n|move|p1a: Sinistcha|Matcha Gotcha|p2a: Ditto|[miss]\n|-miss|p1a: Sinistcha|p2a: Ditto\n|move|p2a: Ditto|Body Press|p1b: Aggron\n|-supereffective|p1b: Aggron|1\n|-damage|p1b: Aggron|9/100\n|move|p1b: Aggron|Body Press|p2a: Ditto\n|-supereffective|p2a: Ditto|2\n|-damage|p2a: Ditto|0 fnt\n|faint|p2a: Ditto\n|\n|win|gallium1005\n|raw|gallium1005's rating: 1142 &rarr; <strong>1166</strong><br />(+24 for winning)\n|raw|zenero_o's rating: 1134 &rarr; <strong>1110</strong><br />(-24 for losing)\n|l|\u2606zenero_o\n|player|p2|\n|c|\u2606gallium1005|GG\n",
  "uploadtime": 1776723686,
  "views": 5,
  "formatid": "gen9championsvgc2026regma",
  "rating": 1110,
  "private": 0,
  "password": null
}