{
  "id": "gen9championsvgc2026regma-2583150444",
  "format": "[Gen 9 Champions] VGC 2026 Reg M-A",
  "players": [
    "slyvesterccd",
    "NoxxinVGC"
  ],
  "log": "|j|\u2606slyvesterccd\n|j|\u2606NoxxinVGC\n|t:|1776148159\n|gametype|doubles\n|player|p1|slyvesterccd|169|1084\n|player|p2|NoxxinVGC|giovanni|1029\n|gen|9\n|tier|[Gen 9 Champions] VGC 2026 Reg M-A\n|rated|\n|rule|Species Clause: Limit one of each Pok\u00e9mon\n|rule|Item Clause: Limit 1 of each item\n|clearpoke\n|poke|p1|Gyarados, L50, M|\n|poke|p1|Sinistcha, L50|\n|poke|p1|Arcanine, L50, M|\n|poke|p1|Kingambit, L50, M|\n|poke|p1|Dragapult, L50, M|\n|poke|p1|Raichu, L50, F|\n|poke|p2|Delphox, L50, M|\n|poke|p2|Basculegion, L50, M|\n|poke|p2|Clefable, L50, M|\n|poke|p2|Kingambit, L50, M|\n|poke|p2|Dragonite, L50, M|\n|poke|p2|Sneasler, L50, F|\n|teampreview|4\n|inactive|Battle timer is ON: inactive players will automatically lose when time's up. (requested by NoxxinVGC)\n|\n|t:|1776148186\n|teamsize|p1|4\n|teamsize|p2|4\n|start\n|switch|p1a: Raichu|Raichu, L50, F|100/100\n|switch|p1b: Dragapult|Dragapult, L50, M|100/100\n|switch|p2a: Delphox|Delphox, L50, M, shiny|100/100\n|switch|p2b: Basculegion|Basculegion, L50, M|100/100\n|turn|1\n|\n|t:|1776148200\n|switch|p2b: Kingambit|Kingambit, L50, M|100/100\n|detailschange|p2a: Delphox|Delphox-Mega, L50, M, shiny\n|-mega|p2a: Delphox|Delphox|Delphoxite\n|move|p1a: Raichu|Fake Out|p2a: Delphox\n|-damage|p2a: Delphox|86/100\n|move|p1b: Dragapult|Shadow Ball|p2b: Kingambit\n|-resisted|p2b: Kingambit|1\n|-damage|p2b: Kingambit|82/100\n|cant|p2a: Delphox|flinch\n|\n|upkeep\n|turn|2\n|\n|t:|1776148216\n|move|p2b: Kingambit|Sucker Punch|p1b: Dragapult\n|-supereffective|p1b: Dragapult|1\n|-damage|p1b: Dragapult|0 fnt\n|faint|p1b: Dragapult\n|move|p2a: Delphox|Calm Mind|p2a: Delphox\n|-boost|p2a: Delphox|spa|1\n|-boost|p2a: Delphox|spd|1\n|move|p1a: Raichu|Nuzzle|p2b: Kingambit\n|-damage|p2b: Kingambit|77/100\n|-status|p2b: Kingambit|par\n|\n|upkeep\n|\n|t:|1776148227\n|switch|p1b: Gyarados|Gyarados, L50, M, shiny|100/100\n|-ability|p1b: Gyarados|Intimidate|boost\n|-unboost|p2a: Delphox|atk|1\n|-unboost|p2b: Kingambit|atk|1\n|-ability|p2b: Kingambit|Defiant|boost\n|-boost|p2b: Kingambit|atk|2\n|turn|3\n|\n|t:|1776148240\n|detailschange|p1b: Gyarados|Gyarados-Mega, L50, M, shiny\n|-mega|p1b: Gyarados|Gyarados|Gyaradosite\n|-ability|p1b: Gyarados|Mold Breaker\n|move|p2a: Delphox|Heat Wave|p1a: Raichu|[spread] p1b\n|-miss|p2a: Delphox|p1a: Raichu\n|-resisted|p1b: Gyarados|1\n|-damage|p1b: Gyarados|74/100\n|move|p1a: Raichu|Nuzzle|p2a: Delphox\n|-damage|p2a: Delphox|76/100\n|-status|p2a: Delphox|par\n|move|p1b: Gyarados|Dragon Dance|p1b: Gyarados\n|-boost|p1b: Gyarados|atk|1\n|-boost|p1b: Gyarados|spe|1\n|move|p2b: Kingambit|Swords Dance|p2b: Kingambit\n|-boost|p2b: Kingambit|atk|2\n|\n|upkeep\n|turn|4\n|inactive|NoxxinVGC has 30 seconds left.\n|\n|t:|1776148266\n|move|p1b: Gyarados|Protect|p1b: Gyarados\n|-singleturn|p1b: Gyarados|Protect\n|move|p2a: Delphox|Protect|p2a: Delphox\n|-singleturn|p2a: Delphox|Protect\n|move|p1a: Raichu|Thunderbolt|p2a: Delphox\n|-activate|p2a: Delphox|move: Protect\n|move|p2b: Kingambit|Kowtow Cleave|p1a: Raichu\n|-enditem|p1a: Raichu|Focus Sash\n|-damage|p1a: Raichu|1/100\n|\n|upkeep\n|turn|5\n|\n|t:|1776148290\n|move|p1b: Gyarados|Waterfall|p2b: Kingambit\n|-damage|p2b: Kingambit|23/100 par\n|move|p1a: Raichu|Thunderbolt|p2a: Delphox\n|-damage|p2a: Delphox|50/100 par\n|move|p2a: Delphox|Heat Wave|p1b: Gyarados|[spread] p1b\n|-miss|p2a: Delphox|p1a: Raichu\n|-resisted|p1b: Gyarados|1\n|-damage|p1b: Gyarados|49/100\n|move|p2b: Kingambit|Swords Dance|p2b: Kingambit\n|-boost|p2b: Kingambit|atk|2\n|\n|upkeep\n|turn|6\n|\n|t:|1776148307\n|move|p2b: Kingambit|Protect|p2b: Kingambit\n|-singleturn|p2b: Kingambit|Protect\n|move|p1b: Gyarados|Crunch|p2a: Delphox\n|-supereffective|p2a: Delphox|1\n|-damage|p2a: Delphox|0 fnt\n|faint|p2a: Delphox\n|move|p1a: Raichu|Thunderbolt|p2b: Kingambit\n|-activate|p2b: Kingambit|move: Protect\n|\n|upkeep\n|\n|t:|1776148316\n|switch|p2a: Sneasler|Sneasler, L50, F|100/100\n|turn|7\n|\n|t:|1776148323\n|move|p1b: Gyarados|Protect|p1b: Gyarados\n|-singleturn|p1b: Gyarados|Protect\n|move|p2a: Sneasler|Fake Out|p1a: Raichu\n|-damage|p1a: Raichu|0 fnt\n|faint|p1a: Raichu\n|move|p2b: Kingambit|Sucker Punch||[still]\n|-fail|p2b: Kingambit\n|\n|upkeep\n|\n|t:|1776148332\n|switch|p1a: Sinistcha|Sinistcha, L50|100/100\n|-heal|p1b: Gyarados|73/100|[from] ability: Hospitality|[of] p1a: Sinistcha\n|turn|8\n|c|\u2606NoxxinVGC|ggs matey\n|\n|t:|1776148349\n|move|p1a: Sinistcha|Rage Powder|p1a: Sinistcha\n|-singleturn|p1a: Sinistcha|move: Rage Powder\n|move|p2b: Kingambit|Sucker Punch||[still]\n|-fail|p2b: Kingambit\n|move|p1b: Gyarados|Waterfall|p2a: Sneasler\n|-enditem|p2a: Sneasler|Focus Sash\n|-damage|p2a: Sneasler|1/100\n|move|p2a: Sneasler|Close Combat|p1a: Sinistcha\n|-immune|p1a: Sinistcha\n|\n|upkeep\n|turn|9\n|\n|t:|1776148368\n|move|p2a: Sneasler|Protect|p2a: Sneasler\n|-singleturn|p2a: Sneasler|Protect\n|move|p1a: Sinistcha|Rage Powder|p1a: Sinistcha\n|-singleturn|p1a: Sinistcha|move: Rage Powder\n|move|p2b: Kingambit|Sucker Punch||[still]\n|-fail|p2b: Kingambit\n|move|p1b: Gyarados|Waterfall|p2a: Sneasler\n|-activate|p2a: Sneasler|move: Protect\n|\n|upkeep\n|turn|10\n|\n|t:|1776148384\n|switch|p2a: Basculegion|Basculegion, L50, M|100/100\n|move|p1b: Gyarados|Protect|p1b: Gyarados\n|-singleturn|p1b: Gyarados|Protect\n|move|p1a: Sinistcha|Matcha Gotcha|p2b: Kingambit|[spread] p2a,p2b\n|-supereffective|p2a: Basculegion|1\n|-resisted|p2b: Kingambit|1\n|-damage|p2a: Basculegion|48/100\n|-damage|p2b: Kingambit|11/100 par\n|move|p2b: Kingambit|Kowtow Cleave|p1a: Sinistcha\n|-supereffective|p1a: Sinistcha|1\n|-damage|p1a: Sinistcha|0 fnt\n|faint|p1a: Sinistcha\n|\n|upkeep\n|turn|11\n|\n|t:|1776148406\n|move|p2b: Kingambit|Sucker Punch|p1b: Gyarados\n|-resisted|p1b: Gyarados|1\n|-damage|p1b: Gyarados|0 fnt\n|faint|p1b: Gyarados\n|\n|win|NoxxinVGC\n|raw|slyvesterccd's rating: 1084 &rarr; <strong>1058</strong><br />(-26 for losing)\n|raw|NoxxinVGC's rating: 1029 &rarr; <strong>1070</strong><br />(+41 for winning)\n",
  "uploadtime": 1776148406,
  "views": 15,
  "formatid": "gen9championsvgc2026regma",
  "rating": 1058,
  "private": 0,
  "password": null
}