{
  "id": "gen9championsvgc2026regma-2589526135",
  "format": "[Gen 9 Champions] VGC 2026 Reg M-A",
  "players": [
    "PokeHys3",
    "Quaza15"
  ],
  "log": "|j|\u2606PokeHys3\n|j|\u2606Quaza15\n|t:|1776730999\n|gametype|doubles\n|player|p1|PokeHys3|blackbelt-gen4dp|1526\n|player|p2|Quaza15|ruinmaniac|1469\n|gen|9\n|tier|[Gen 9 Champions] VGC 2026 Reg M-A\n|rated|\n|rule|Species Clause: Limit one of each Pok\u00e9mon\n|rule|Item Clause: Limit 1 of each item\n|clearpoke\n|poke|p1|Torkoal, L50, M|\n|poke|p1|Farigiraf, L50, M|\n|poke|p1|Venusaur, L50, F|\n|poke|p1|Incineroar, L50, M|\n|poke|p1|Charizard, L50, M|\n|poke|p1|Kingambit, L50, M|\n|poke|p2|Aerodactyl, L50, F|\n|poke|p2|Garchomp, L50, M|\n|poke|p2|Mamoswine, L50, F|\n|poke|p2|Charizard, L50, F|\n|poke|p2|Kingambit, L50, F|\n|poke|p2|Rotom-Wash, L50|\n|teampreview|4\n|inactive|Battle timer is ON: inactive players will automatically lose when time's up. (requested by PokeHys3)\n|j| not world\n|inactive|PokeHys3 has 60 seconds left.\n|inactive|Quaza15 has 60 seconds left.\n|j| greenwoodgatrs\n|inactive|PokeHys3 has 30 seconds left.\n|l| greenwoodgatrs\n|\n|t:|1776731064\n|teamsize|p1|4\n|teamsize|p2|4\n|start\n|switch|p1a: Farigiraf|Farigiraf, L50, M|100/100\n|switch|p1b: Incineroar|Incineroar, L50, M|100/100\n|switch|p2a: Garchomp|Garchomp, L50, M|100/100\n|switch|p2b: Kingambit|Kingambit, L50, F|100/100\n|-ability|p1b: Incineroar|Intimidate|boost\n|-unboost|p2a: Garchomp|atk|1\n|-unboost|p2b: Kingambit|atk|1\n|-ability|p2b: Kingambit|Defiant|boost\n|-boost|p2b: Kingambit|atk|2\n|turn|1\n|\n|t:|1776731077\n|move|p2a: Garchomp|Rock Slide|p1a: Farigiraf|[spread] p1a,p1b\n|-crit|p1a: Farigiraf\n|-supereffective|p1b: Incineroar|1\n|-damage|p1a: Farigiraf|71/100\n|-damage|p1b: Incineroar|75/100\n|move|p1b: Incineroar|Close Combat|p2b: Kingambit\n|-supereffective|p2b: Kingambit|2\n|-crit|p2b: Kingambit\n|-enditem|p2b: Kingambit|Chople Berry|[eat]\n|-enditem|p2b: Kingambit|Chople Berry|[weaken]\n|-damage|p2b: Kingambit|9/100\n|-unboost|p1b: Incineroar|def|1\n|-unboost|p1b: Incineroar|spd|1\n|-enditem|p1b: Incineroar|White Herb\n|-clearnegativeboost|p1b: Incineroar|[silent]\n|move|p2b: Kingambit|Kowtow Cleave|p1a: Farigiraf\n|-supereffective|p1a: Farigiraf|1\n|-damage|p1a: Farigiraf|0 fnt\n|faint|p1a: Farigiraf\n|\n|upkeep\n|\n|t:|1776731082\n|switch|p1a: Kingambit|Kingambit, L50, M|100/100\n|turn|2\n|\n|t:|1776731099\n|switch|p2a: Aerodactyl|Aerodactyl, L50, F|100/100\n|-ability|p2a: Aerodactyl|Unnerve\n|move|p1a: Kingambit|Sucker Punch|p2b: Kingambit\n|-resisted|p2b: Kingambit|1\n|-damage|p2b: Kingambit|0 fnt\n|faint|p2b: Kingambit\n|move|p1b: Incineroar|Close Combat|p2a: Aerodactyl\n|-damage|p2a: Aerodactyl|39/100\n|-unboost|p1b: Incineroar|def|1\n|-unboost|p1b: Incineroar|spd|1\n|\n|upkeep\n|\n|t:|1776731107\n|switch|p2b: Garchomp|Garchomp, L50, M|100/100\n|turn|3\n|\n|t:|1776731113\n|switch|p1b: Francois|Torkoal, L50, M|100/100\n|-weather|SunnyDay|[from] ability: Drought|[of] p1b: Francois\n|move|p1a: Kingambit|Protect|p1a: Kingambit\n|-singleturn|p1a: Kingambit|Protect\n|move|p2a: Aerodactyl|Tailwind|p2a: Aerodactyl\n|-sidestart|p2: Quaza15|move: Tailwind\n|move|p2b: Garchomp|Earthquake|p1a: Kingambit|[spread] p1b\n|-activate|p1a: Kingambit|move: Protect\n|-immune|p2a: Aerodactyl\n|-supereffective|p1b: Francois|1\n|-damage|p1b: Francois|38/100\n|\n|-weather|SunnyDay|[upkeep]\n|upkeep\n|turn|4\n|\n|t:|1776731124\n|move|p1b: Francois|Helping Hand|p1a: Kingambit\n|-singleturn|p1a: Kingambit|Helping Hand|[of] p1b: Francois\n|move|p1a: Kingambit|Sucker Punch|p2b: Garchomp\n|-damage|p2b: Garchomp|33/100\n|-damage|p1a: Kingambit|88/100|[from] ability: Rough Skin|[of] p2b: Garchomp\n|-enditem|p2b: Garchomp|Sitrus Berry|[eat]\n|-heal|p2b: Garchomp|58/100|[from] item: Sitrus Berry\n|move|p2a: Aerodactyl|Rock Slide|p1a: Kingambit|[spread] p1a\n|-miss|p2a: Aerodactyl|p1b: Francois\n|-resisted|p1a: Kingambit|1\n|-damage|p1a: Kingambit|76/100\n|move|p2b: Garchomp|Earthquake|p1b: Francois|[spread] p1a,p1b\n|-immune|p2a: Aerodactyl\n|-supereffective|p1a: Kingambit|1\n|-supereffective|p1b: Francois|1\n|-damage|p1a: Kingambit|8/100\n|-damage|p1b: Francois|0 fnt\n|faint|p1b: Francois\n|\n|-weather|SunnyDay|[upkeep]\n|upkeep\n|\n|t:|1776731130\n|switch|p1b: Incineroar|Incineroar, L50, M|75/100\n|-ability|p1b: Incineroar|Intimidate|boost\n|-unboost|p2a: Aerodactyl|atk|1\n|-unboost|p2b: Garchomp|atk|1\n|turn|5\n|\n|t:|1776731139\n|move|p1b: Incineroar|Fake Out|p2b: Garchomp\n|-damage|p2b: Garchomp|44/100\n|-damage|p1b: Incineroar|63/100|[from] ability: Rough Skin|[of] p2b: Garchomp\n|move|p1a: Kingambit|Sucker Punch|p2a: Aerodactyl\n|-damage|p2a: Aerodactyl|0 fnt\n|faint|p2a: Aerodactyl\n|cant|p2b: Garchomp|flinch\n|\n|-weather|SunnyDay|[upkeep]\n|upkeep\n|\n|t:|1776731144\n|switch|p2a: Charizard|Charizard, L50, F|100/100\n|turn|6\n|\n|t:|1776731165\n|move|p1a: Kingambit|Sucker Punch|p2b: Garchomp\n|-damage|p2b: Garchomp|2/100\n|-damage|p1a: Kingambit|0 fnt|[from] ability: Rough Skin|[of] p2b: Garchomp\n|faint|p1a: Kingambit\n|move|p2b: Garchomp|Earthquake|p1b: Incineroar|[spread] p1b\n|-immune|p2a: Charizard\n|-supereffective|p1b: Incineroar|1\n|-damage|p1b: Incineroar|17/100\n|move|p2a: Charizard|Heat Wave|p1b: Incineroar\n|-resisted|p1b: Incineroar|1\n|-damage|p1b: Incineroar|0 fnt\n|faint|p1b: Incineroar\n|\n|win|Quaza15\n|raw|PokeHys3's rating: 1526 &rarr; <strong>1503</strong><br />(-23 for losing)\n|raw|Quaza15's rating: 1469 &rarr; <strong>1492</strong><br />(+23 for winning)\n",
  "uploadtime": 1776731165,
  "views": 3,
  "formatid": "gen9championsvgc2026regma",
  "rating": 1492,
  "private": 0,
  "password": null
}