{
  "id": "gen9championsvgc2026regma-2581922123",
  "format": "[Gen 9 Champions] VGC 2026 Reg M-A",
  "players": [
    "lakeandbake",
    "thanosdinero"
  ],
  "log": "|j|\u203dlakeandbake\n|j|\u2606thanosdinero\n|t:|1776040002\n|gametype|doubles\n|player|p1|lakeandbake|iono-masters|1174\n|player|p2|thanosdinero|steven|1192\n|gen|9\n|tier|[Gen 9 Champions] VGC 2026 Reg M-A\n|rated|\n|rule|Species Clause: Limit one of each Pok\u00e9mon\n|rule|Item Clause: Limit 1 of each item\n|clearpoke\n|poke|p1|Garchomp, L50, F|\n|poke|p1|Aerodactyl, L50, F|\n|poke|p1|Rotom-Wash, L50|\n|poke|p1|Sneasler, L50, M|\n|poke|p1|Incineroar, L50, M|\n|poke|p1|Delphox, L50, M|\n|poke|p2|Charizard, L50, F|\n|poke|p2|Venusaur, L50, M|\n|poke|p2|Whimsicott, L50, F|\n|poke|p2|Incineroar, L50, F|\n|poke|p2|Garchomp, L50, M|\n|poke|p2|Primarina, L50, F|\n|teampreview|4\n|inactive|Battle timer is ON: inactive players will automatically lose when time's up. (requested by lakeandbake)\n|inactive|thanosdinero has 60 seconds left.\n|\n|t:|1776040047\n|teamsize|p1|4\n|teamsize|p2|4\n|start\n|switch|p1a: Aerodactyl|Aerodactyl, L50, F|100/100\n|switch|p1b: Delphox|Delphox, L50, M|100/100\n|switch|p2a: Primarina|Primarina, L50, F|100/100\n|switch|p2b: Whimsicott|Whimsicott, L50, F|100/100\n|-ability|p1a: Aerodactyl|Pressure\n|turn|1\n|\n|t:|1776040067\n|switch|p1b: Sneasler|Sneasler, L50, M|100/100\n|move|p1a: Aerodactyl|Dual Wingbeat|p2b: Whimsicott\n|-supereffective|p2b: Whimsicott|1\n|-damage|p2b: Whimsicott|60/100\n|-supereffective|p2b: Whimsicott|1\n|-damage|p2b: Whimsicott|20/100\n|-hitcount|p2b: Whimsicott|2\n|move|p2b: Whimsicott|Tailwind|p2b: Whimsicott\n|-sidestart|p2: thanosdinero|move: Tailwind\n|move|p2a: Primarina|Hyper Voice|p1b: Sneasler|[spread] p1a,p1b\n|-supereffective|p1a: Aerodactyl|1\n|-crit|p1b: Sneasler\n|-enditem|p1a: Aerodactyl|Focus Sash\n|-damage|p1a: Aerodactyl|1/100\n|-damage|p1b: Sneasler|28/100\n|\n|upkeep\n|turn|2\n|\n|t:|1776040089\n|switch|p2b: Garchomp|Garchomp, L50, M|100/100\n|move|p2a: Primarina|Protect|p2a: Primarina\n|-singleturn|p2a: Primarina|Protect\n|move|p1b: Sneasler|Fake Out|p2a: Primarina\n|-activate|p2a: Primarina|move: Protect\n|move|p1a: Aerodactyl|Rock Slide|p2b: Garchomp|[spread] p2b\n|-activate|p2a: Primarina|move: Protect\n|-resisted|p2b: Garchomp|1\n|-damage|p2b: Garchomp|87/100\n|\n|upkeep\n|turn|3\n|inactive|thanosdinero has 30 seconds left.\n|\n|t:|1776040119\n|move|p1b: Sneasler|Protect|p1b: Sneasler\n|-singleturn|p1b: Sneasler|Protect\n|move|p2b: Garchomp|Rock Slide|p1b: Sneasler|[spread] p1a\n|-activate|p1b: Sneasler|move: Protect\n|-supereffective|p1a: Aerodactyl|1\n|-damage|p1a: Aerodactyl|0 fnt\n|faint|p1a: Aerodactyl\n|move|p2a: Primarina|Hyper Voice|p1b: Sneasler\n|-activate|p1b: Sneasler|move: Protect\n|\n|upkeep\n|\n|t:|1776040130\n|switch|p1a: Garchomp|Garchomp, L50, F|100/100\n|turn|4\n|\n|t:|1776040144\n|move|p2b: Garchomp|Rock Slide|p1a: Garchomp|[spread] p1b\n|-miss|p2b: Garchomp|p1a: Garchomp\n|-resisted|p1b: Sneasler|1\n|-damage|p1b: Sneasler|11/100\n|move|p1a: Garchomp|Dragon Claw|p2b: Garchomp\n|-supereffective|p2b: Garchomp|1\n|-damage|p2b: Garchomp|8/100\n|-damage|p1a: Garchomp|88/100|[from] ability: Rough Skin|[of] p2b: Garchomp\n|move|p2a: Primarina|Icy Wind|p1b: Sneasler|[spread] p1a,p1b\n|-supereffective|p1a: Garchomp|2\n|-damage|p1a: Garchomp|16/100\n|-damage|p1b: Sneasler|0 fnt\n|-unboost|p1a: Garchomp|spe|1\n|faint|p1b: Sneasler\n|\n|-sideend|p2: thanosdinero|move: Tailwind\n|upkeep\n|\n|t:|1776040159\n|switch|p1b: Delphox|Delphox, L50, M|100/100\n|turn|5\n|\n|t:|1776040168\n|switch|p2b: Whimsicott|Whimsicott, L50, F|20/100\n|detailschange|p1b: Delphox|Delphox-Mega, L50, M\n|-mega|p1b: Delphox|Delphox|Delphoxite\n|move|p1b: Delphox|Heat Wave|p2b: Whimsicott|[spread] p2a,p2b\n|-resisted|p2a: Primarina|1\n|-supereffective|p2b: Whimsicott|1\n|-damage|p2a: Primarina|78/100\n|-damage|p2b: Whimsicott|0 fnt\n|faint|p2b: Whimsicott\n|move|p1a: Garchomp|Dragon Claw|p2a: Primarina\n|-immune|p2a: Primarina\n|move|p2a: Primarina|Hyper Voice|p1a: Garchomp|[spread] p1a,p1b\n|-supereffective|p1b: Delphox|1\n|-damage|p1a: Garchomp|0 fnt\n|-damage|p1b: Delphox|30/100\n|faint|p1a: Garchomp\n|\n|upkeep\n|\n|t:|1776040185\n|switch|p2b: Garchomp|Garchomp, L50, M|8/100\n|turn|6\n|\n|t:|1776040191\n|move|p1b: Delphox|Protect|p1b: Delphox\n|-singleturn|p1b: Delphox|Protect\n|move|p2b: Garchomp|Rock Slide|p1b: Delphox\n|-activate|p1b: Delphox|move: Protect\n|move|p2a: Primarina|Hyper Voice|p1b: Delphox\n|-activate|p1b: Delphox|move: Protect\n|\n|upkeep\n|turn|7\n|\n|t:|1776040203\n|move|p2b: Garchomp|Rock Slide|p1b: Delphox\n|-supereffective|p1b: Delphox|1\n|-damage|p1b: Delphox|0 fnt\n|faint|p1b: Delphox\n|\n|win|thanosdinero\n|raw|lakeandbake's rating: 1174 &rarr; <strong>1150</strong><br />(-24 for losing)\n|raw|thanosdinero's rating: 1192 &rarr; <strong>1216</strong><br />(+24 for winning)\n",
  "uploadtime": 1776040204,
  "views": 15,
  "formatid": "gen9championsvgc2026regma",
  "rating": 1150,
  "private": 0,
  "password": null
}