{
  "id": "gen9championsvgc2026regma-2584620062",
  "format": "[Gen 9 Champions] VGC 2026 Reg M-A",
  "players": [
    "Dunderbabz",
    "vicswayze"
  ],
  "log": "|j|\u2606Dunderbabz\n|j|\u2606vicswayze\n|t:|1776272568\n|gametype|doubles\n|player|p1|Dunderbabz|1|1185\n|player|p2|vicswayze|burglar|1237\n|gen|9\n|tier|[Gen 9 Champions] VGC 2026 Reg M-A\n|rated|\n|rule|Species Clause: Limit one of each Pok\u00e9mon\n|rule|Item Clause: Limit 1 of each item\n|clearpoke\n|poke|p1|Scovillain, L50, M|\n|poke|p1|Ninetales-Alola, L50, F|\n|poke|p1|Basculegion, L50, M|\n|poke|p1|Incineroar, L50, M|\n|poke|p1|Volcarona, L50, F|\n|poke|p1|Sneasler, L50, M|\n|poke|p2|Froslass, L50, F|\n|poke|p2|Rotom-Frost, L50|\n|poke|p2|Garchomp, L50, F|\n|poke|p2|Incineroar, L50, M|\n|poke|p2|Empoleon, L50, F|\n|poke|p2|Kingambit, L50, M|\n|teampreview|4\nvicswayze rejected open team sheets.\n|\n|t:|1776272585\n|teamsize|p1|4\n|teamsize|p2|4\n|start\n|switch|p1a: Scovillain|Scovillain, L50, M|100/100\n|switch|p1b: Volcarona|Volcarona, L50, F|100/100\n|switch|p2a: Froslass|Froslass, L50, F|100/100\n|switch|p2b: Rotom|Rotom-Frost, L50|100/100\n|turn|1\n|c|\u2606Dunderbabz|reject open team sheets?\n|c|\u2606Dunderbabz|bo1 merchant?\n|inactive|Battle timer is ON: inactive players will automatically lose when time's up. (requested by Dunderbabz)\n|\n|t:|1776272635\n|detailschange|p2a: Froslass|Froslass-Mega, L50, F\n|-mega|p2a: Froslass|Froslass|Froslassite\n|-weather|Snowscape|[from] ability: Snow Warning|[of] p2a: Froslass\n|detailschange|p1a: Scovillain|Scovillain-Mega, L50, M\n|-mega|p1a: Scovillain|Scovillain|Scovillainite\n|move|p1a: Scovillain|Rage Powder|p1a: Scovillain\n|-singleturn|p1a: Scovillain|move: Rage Powder\n|move|p2b: Rotom|Blizzard|p1a: Scovillain|[spread] p1a,p1b\n|-resisted|p1b: Volcarona|1\n|-damage|p1a: Scovillain|60/100\n|-damage|p1b: Volcarona|82/100\n|-status|p2b: Rotom|brn|[from] ability: Spicy Spray|[of] p1a: Scovillain\n|move|p2a: Froslass|Aurora Veil|p2a: Froslass\n|-sidestart|p2: vicswayze|move: Aurora Veil\n|move|p1b: Volcarona|Quiver Dance|p1b: Volcarona\n|-boost|p1b: Volcarona|spa|1\n|-boost|p1b: Volcarona|spd|1\n|-boost|p1b: Volcarona|spe|1\n|\n|-weather|Snowscape|[upkeep]\n|-heal|p1b: Volcarona|88/100|[from] item: Leftovers\n|-damage|p2b: Rotom|95/100 brn|[from] brn\n|upkeep\n|turn|2\n|\n|t:|1776272658\n|switch|p2a: Garchomp|Garchomp, L50, F|100/100\n|move|p2b: Rotom|Blizzard|p1a: Scovillain|[spread] p1a,p1b\n|-resisted|p1b: Volcarona|1\n|-damage|p1a: Scovillain|21/100\n|-damage|p1b: Volcarona|75/100\n|-status|p1a: Scovillain|frz\n|move|p1b: Volcarona|Fiery Dance|p2a: Garchomp\n|-resisted|p2a: Garchomp|1\n|-damage|p2a: Garchomp|77/100\n|-boost|p1b: Volcarona|spa|1\n|cant|p1a: Scovillain|frz\n|\n|-weather|Snowscape|[upkeep]\n|-heal|p1b: Volcarona|81/100|[from] item: Leftovers\n|-damage|p2b: Rotom|89/100 brn|[from] brn\n|upkeep\n|turn|3\n|c|\u2606vicswayze|i aint no merchant\n|inactive|Dunderbabz has 30 seconds left.\n|\n|t:|1776272686\n|move|p2b: Rotom|Blizzard|p1a: Scovillain|[spread] p1a,p1b\n|-resisted|p1b: Volcarona|1\n|-damage|p1a: Scovillain|0 fnt\n|-damage|p1b: Volcarona|70/100\n|faint|p1a: Scovillain\n|move|p1b: Volcarona|Bug Buzz|p2a: Garchomp\n|-damage|p2a: Garchomp|0 fnt\n|faint|p2a: Garchomp\n|\n|-weather|Snowscape|[upkeep]\n|-heal|p1b: Volcarona|76/100|[from] item: Leftovers\n|-damage|p2b: Rotom|84/100 brn|[from] brn\n|upkeep\n|\n|t:|1776272706\n|switch|p2a: Incineroar|Incineroar, L50, M|100/100\n|switch|p1a: Basculegion|Basculegion, L50, M|100/100\n|-ability|p2a: Incineroar|Intimidate|boost\n|-unboost|p1a: Basculegion|atk|1\n|-unboost|p1b: Volcarona|atk|1\n|turn|4\n|\n|t:|1776272722\n|move|p2a: Incineroar|Fake Out|p1b: Volcarona\n|-damage|p1b: Volcarona|55/100\n|move|p2b: Rotom|Blizzard|p1a: Basculegion|[spread] p1a,p1b\n|-resisted|p1a: Basculegion|1\n|-resisted|p1b: Volcarona|1\n|-damage|p1a: Basculegion|79/100\n|-damage|p1b: Volcarona|44/100\n|cant|p1b: Volcarona|flinch\n|move|p1a: Basculegion|Wave Crash|p2a: Incineroar\n|-supereffective|p2a: Incineroar|1\n|-damage|p2a: Incineroar|33/100\n|-enditem|p2a: Incineroar|Sitrus Berry|[eat]\n|-heal|p2a: Incineroar|58/100|[from] item: Sitrus Berry\n|-damage|p1a: Basculegion|56/100|[from] Recoil\n|\n|-weather|Snowscape|[upkeep]\n|-heal|p1b: Volcarona|50/100|[from] item: Leftovers\n|-damage|p2b: Rotom|78/100 brn|[from] brn\n|upkeep\n|turn|5\n|\n|t:|1776272740\n|move|p2b: Rotom|Blizzard|p1b: Volcarona|[spread] p1a,p1b\n|-resisted|p1a: Basculegion|1\n|-resisted|p1b: Volcarona|1\n|-damage|p1a: Basculegion|36/100\n|-damage|p1b: Volcarona|39/100\n|-status|p1a: Basculegion|frz\n|-status|p1b: Volcarona|frz\n|cant|p1b: Volcarona|frz\n|cant|p1a: Basculegion|frz\n|move|p2a: Incineroar|Darkest Lariat|p1a: Basculegion\n|-supereffective|p1a: Basculegion|1\n|-damage|p1a: Basculegion|0 fnt\n|faint|p1a: Basculegion\n|\n|-weather|none\n|-heal|p1b: Volcarona|45/100 frz|[from] item: Leftovers\n|-damage|p2b: Rotom|73/100 brn|[from] brn\n|-sideend|p2: vicswayze|move: Aurora Veil\n|upkeep\n|c|\u2606Dunderbabz|im crine\n|\n|t:|1776272756\n|switch|p1a: Sneasler|Sneasler, L50, M|100/100\n|turn|6\n|\n|t:|1776272781\n|move|p1a: Sneasler|Fake Out|p2b: Rotom\n|-damage|p2b: Rotom|52/100 brn\n|cant|p2b: Rotom|flinch\n|cant|p1b: Volcarona|frz\n|move|p2a: Incineroar|Flare Blitz|p1a: Sneasler\n|-damage|p1a: Sneasler|0 fnt\n|faint|p1a: Sneasler\n|-damage|p2a: Incineroar|32/100|[from] Recoil\n|\n|-heal|p1b: Volcarona|51/100 frz|[from] item: Leftovers\n|-damage|p2b: Rotom|47/100 brn|[from] brn\n|upkeep\n|turn|7\n|\n|t:|1776272796\n|switch|p2b: Froslass|Froslass-Mega, L50, F|100/100\n|-weather|Snowscape|[from] ability: Snow Warning|[of] p2b: Froslass\n|-curestatus|p1b: Volcarona|frz|[msg]\n|move|p1b: Volcarona|Bug Buzz|p2a: Incineroar\n|-damage|p2a: Incineroar|0 fnt\n|faint|p2a: Incineroar\n|\n|-weather|Snowscape|[upkeep]\n|-heal|p1b: Volcarona|57/100|[from] item: Leftovers\n|upkeep\n|\n|t:|1776272799\n|switch|p2a: Rotom|Rotom-Frost, L50|47/100 brn\n|turn|8\n|\n|t:|1776272810\n|move|p2a: Rotom|Thunderbolt|p1b: Volcarona\n|-damage|p1b: Volcarona|31/100\n|move|p1b: Volcarona|Fiery Dance|p2b: Froslass\n|-supereffective|p2b: Froslass|1\n|-damage|p2b: Froslass|0 fnt\n|faint|p2b: Froslass\n|\n|-weather|Snowscape|[upkeep]\n|-heal|p1b: Volcarona|37/100|[from] item: Leftovers\n|-damage|p2a: Rotom|41/100 brn|[from] brn\n|upkeep\n|turn|9\n|c|\u2606Dunderbabz|ggs\n|\n|t:|1776272822\n|move|p2a: Rotom|Thunderbolt|p1b: Volcarona\n|-damage|p1b: Volcarona|11/100\n|move|p1b: Volcarona|Fiery Dance|p2a: Rotom\n|-supereffective|p2a: Rotom|1\n|-damage|p2a: Rotom|0 fnt\n|-boost|p1b: Volcarona|spa|1\n|faint|p2a: Rotom\n|\n|win|Dunderbabz\n|raw|Dunderbabz's rating: 1185 &rarr; <strong>1214</strong><br />(+29 for winning)\n|raw|vicswayze's rating: 1237 &rarr; <strong>1208</strong><br />(-29 for losing)\n|c|\u2606vicswayze|gg\n|l|\u2606vicswayze\n|player|p2|\n",
  "uploadtime": 1776272834,
  "views": 22,
  "formatid": "gen9championsvgc2026regma",
  "rating": 1208,
  "private": 0,
  "password": null
}