{
  "id": "gen9championsvgc2026regma-2581222836",
  "format": "[Gen 9 Champions] VGC 2026 Reg M-A",
  "players": [
    "Todo CCT",
    "San gerger"
  ],
  "log": "|j|\u2606Todo CCT\n|j|\u2606San gerger\n|t:|1775972718\n|gametype|doubles\n|player|p1|Todo CCT|giovanni|1318\n|player|p2|San gerger|266|1409\n|gen|9\n|tier|[Gen 9 Champions] VGC 2026 Reg M-A\n|rated|\n|rule|Species Clause: Limit one of each Pok\u00e9mon\n|rule|Item Clause: Limit 1 of each item\n|clearpoke\n|poke|p1|Starmie, L50|\n|poke|p1|Archaludon, L50, M|\n|poke|p1|Pelipper, L50, F|\n|poke|p1|Incineroar, L50, M|\n|poke|p1|Basculegion, L50, M|\n|poke|p1|Aerodactyl, L50, M|\n|poke|p2|Delphox, L50, F|\n|poke|p2|Floette-Eternal, L50, F|\n|poke|p2|Aerodactyl, L50, M|\n|poke|p2|Incineroar, L50, M|\n|poke|p2|Basculegion-F, L50, F|\n|poke|p2|Sneasler, L50, M|\n|teampreview|4\n|inactive|Battle timer is ON: inactive players will automatically lose when time's up. (requested by San gerger)\n|\n|t:|1775972743\n|teamsize|p1|4\n|teamsize|p2|4\n|start\n|switch|p1a: Aerodactyl|Aerodactyl, L50, M|100/100\n|switch|p1b: Archaludon|Archaludon, L50, M|100/100\n|switch|p2a: Aerodactyl|Aerodactyl, L50, M|100/100\n|switch|p2b: Basculegion|Basculegion-F, L50, F|100/100\n|-ability|p1a: Aerodactyl|Unnerve\n|turn|1\n|inactive|San gerger has 30 seconds left.\n|\n|t:|1775972778\n|move|p2b: Basculegion|Shadow Ball|p1a: Aerodactyl\n|-damage|p1a: Aerodactyl|34/100\n|move|p1a: Aerodactyl|Tailwind|p1a: Aerodactyl\n|-sidestart|p1: Todo CCT|move: Tailwind\n|move|p1b: Archaludon|Flash Cannon|p2a: Aerodactyl\n|-supereffective|p2a: Aerodactyl|1\n|-enditem|p2a: Aerodactyl|Focus Sash\n|-damage|p2a: Aerodactyl|1/100\n|move|p2a: Aerodactyl|Tailwind|p2a: Aerodactyl\n|-sidestart|p2: San gerger|move: Tailwind\n|\n|upkeep\n|turn|2\n|inactive|San gerger has 30 seconds left.\n|\n|t:|1775972806\n|move|p2a: Aerodactyl|Protect|p2a: Aerodactyl\n|-singleturn|p2a: Aerodactyl|Protect\n|move|p2b: Basculegion|Shadow Ball|p1a: Aerodactyl\n|-damage|p1a: Aerodactyl|0 fnt\n|faint|p1a: Aerodactyl\n|move|p1b: Archaludon|Electro Shot||[still]\n|-prepare|p1b: Archaludon|Electro Shot\n|-boost|p1b: Archaludon|spa|1\n|\n|upkeep\n|\n|t:|1775972812\n|switch|p1a: Starmie|Starmie, L50|100/100\n|turn|3\n|\n|t:|1775972829\n|switch|p2a: Sneasler|Sneasler, L50, M|100/100\n|move|p1a: Starmie|Aqua Jet|p2a: Sneasler\n|-damage|p2a: Sneasler|75/100\n|move|p2b: Basculegion|Shadow Ball|p1a: Starmie\n|-supereffective|p1a: Starmie|1\n|-damage|p1a: Starmie|0 fnt\n|faint|p1a: Starmie\n|move|p1b: Archaludon|Electro Shot|p2b: Basculegion|[from] lockedmove\n|-supereffective|p2b: Basculegion|1\n|-damage|p2b: Basculegion|0 fnt\n|faint|p2b: Basculegion\n|\n|upkeep\n|\n|t:|1775972843\n|switch|p1a: Basculegion|Basculegion, L50, M|100/100\n|switch|p2b: Floette|Floette-Eternal, L50, F|100/100\n|turn|4\n|inactive|San gerger has 30 seconds left.\n|j| Namcan\n|inactive|San gerger has 20 seconds left.\n|inactive|San gerger has 15 seconds left.\n|inactive|San gerger has 10 seconds left.\n|\n|t:|1775972893\n|detailschange|p2b: Floette|Floette-Mega, L50, F\n|-mega|p2b: Floette|Floette|Floettite\n|-ability|p2b: Floette|Fairy Aura\n|move|p1a: Basculegion|Last Respects|p2a: Sneasler\n|-damage|p2a: Sneasler|0 fnt\n|faint|p2a: Sneasler\n|move|p1b: Archaludon|Flash Cannon|p2b: Floette\n|-supereffective|p2b: Floette|1\n|-damage|p2b: Floette|6/100\n|-unboost|p2b: Floette|spd|1\n|move|p2b: Floette|Dazzling Gleam|p1b: Archaludon|[spread] p1a,p1b\n|-damage|p1a: Basculegion|46/100\n|-damage|p1b: Archaludon|35/100\n|-ability|p1b: Archaludon|Stamina|boost\n|-boost|p1b: Archaludon|def|1\n|\n|-sideend|p1: Todo CCT|move: Tailwind\n|-sideend|p2: San gerger|move: Tailwind\n|upkeep\n|j| gE1xjZRtuhW2DdT0AK\n|\n|t:|1775972910\n|switch|p2a: Aerodactyl|Aerodactyl, L50, M|1/100\n|turn|5\n|\n|t:|1775972921\n|move|p2a: Aerodactyl|Tailwind|p2a: Aerodactyl\n|-sidestart|p2: San gerger|move: Tailwind\n|move|p2b: Floette|Dazzling Gleam|p1b: Archaludon|[spread] p1a,p1b\n|-damage|p1a: Basculegion|0 fnt\n|-damage|p1b: Archaludon|0 fnt\n|faint|p1a: Basculegion\n|faint|p1b: Archaludon\n|\n|win|San gerger\n|raw|Todo CCT's rating: 1318 &rarr; <strong>1303</strong><br />(-15 for losing)\n|raw|San gerger's rating: 1409 &rarr; <strong>1424</strong><br />(+15 for winning)\n|l|\u2606Todo CCT\n|player|p1|\n|l|\u2606San gerger\n|player|p2|\n|l| Namcan\n",
  "uploadtime": 1775973091,
  "views": 38,
  "formatid": "gen9championsvgc2026regma",
  "rating": 1303,
  "private": 0,
  "password": null
}