{
  "id": "gen9championsvgc2026regma-2588318952",
  "format": "[Gen 9 Champions] VGC 2026 Reg M-A",
  "players": [
    "Kommie-o",
    "lizzypark"
  ],
  "log": "|j|\u2606Kommie-o\n|j|\u2606lizzypark\n|t:|1776623725\n|gametype|doubles\n|player|p1|Kommie-o|1|1081\n|player|p2|lizzypark|doctor|1074\n|gen|9\n|tier|[Gen 9 Champions] VGC 2026 Reg M-A\n|rated|\n|rule|Species Clause: Limit one of each Pok\u00e9mon\n|rule|Item Clause: Limit 1 of each item\n|clearpoke\n|poke|p1|Chimecho, L50, M, shiny|\n|poke|p1|Kingambit, L50, M, shiny|\n|poke|p1|Torkoal, L50, M, shiny|\n|poke|p1|Oranguru, L50, F, shiny|\n|poke|p1|Araquanid, L50, F|\n|poke|p1|Victreebel, L50, M, shiny|\n|poke|p2|Charizard, L50, F|\n|poke|p2|Venusaur, L50, F|\n|poke|p2|Garchomp, L50, M|\n|poke|p2|Incineroar, L50, F|\n|poke|p2|Gardevoir, L50, F|\n|poke|p2|Milotic, L50, F|\n|teampreview|4\n|inactive|Battle timer is ON: inactive players will automatically lose when time's up. (requested by lizzypark)\n|c|\u2606Kommie-o|Glhf\nKommie-o has agreed to open team sheets.\n|inactive|Kommie-o has 60 seconds left.\n|inactive|lizzypark has 60 seconds left.\n|inactive|lizzypark has 30 seconds left.\n|\n|t:|1776623791\n|teamsize|p1|4\n|teamsize|p2|4\n|start\n|switch|p1a: Oranguru|Oranguru, L50, F, shiny|100/100\n|switch|p1b: Victreebel|Victreebel, L50, M, shiny|100/100\n|switch|p2a: Incineroar|Incineroar, L50, F|100/100\n|switch|p2b: Charizard|Charizard, L50, F|100/100\n|-ability|p2a: Incineroar|Intimidate|boost\n|-fail|p1a: Oranguru|unboost|Attack|[from] ability: Inner Focus|[of] p1a: Oranguru\n|-unboost|p1b: Victreebel|atk|1\n|turn|1\n|\n|t:|1776623814\n|detailschange|p2b: Charizard|Charizard-Mega-Y, L50, F\n|-mega|p2b: Charizard|Charizard|Charizardite Y\n|-weather|SunnyDay|[from] ability: Drought|[of] p2b: Charizard\n|detailschange|p1b: Victreebel|Victreebel-Mega, L50, M, shiny\n|-mega|p1b: Victreebel|Victreebel|Victreebelite\n|move|p2a: Incineroar|Fake Out|p1a: Oranguru\n|-damage|p1a: Oranguru|86/100\n|move|p2b: Charizard|Heat Wave|p1b: Victreebel|[spread] p1a,p1b\n|-supereffective|p1b: Victreebel|1\n|-damage|p1a: Oranguru|46/100\n|-damage|p1b: Victreebel|0 fnt\n|-damage|p2b: Charizard|0 fnt|[from] ability: Innards Out|[of] p1b: Victreebel\n|faint|p1b: Victreebel\n|faint|p2b: Charizard\n|move|p1a: Oranguru|Trick Room|p1a: Oranguru\n|-fieldstart|move: Trick Room|[of] p1a: Oranguru\n|\n|-weather|SunnyDay|[upkeep]\n|upkeep\n|\n|t:|1776623832\n|switch|p1b: Araquanid|Araquanid, L50, F|100/100\n|switch|p2b: Garchomp|Garchomp, L50, M|100/100\n|turn|2\n|inactive|lizzypark has 30 seconds left.\n|\n|t:|1776623857\n|switch|p2a: Venusaur|Venusaur, L50, F|100/100\n|move|p1b: Araquanid|Lunge|p2b: Garchomp\n|-damage|p2b: Garchomp|82/100\n|-unboost|p2b: Garchomp|atk|1\n|-damage|p1b: Araquanid|88/100|[from] ability: Rough Skin|[of] p2b: Garchomp\n|move|p1a: Oranguru|Encore||[still]\n|-fail|p1a: Oranguru\n|move|p2b: Garchomp|Dragon Claw|p1a: Oranguru\n|-damage|p1a: Oranguru|22/100\n|\n|-weather|SunnyDay|[upkeep]\n|upkeep\n|turn|3\n|\n|t:|1776623886\n|move|p2a: Venusaur|Protect|p2a: Venusaur\n|-singleturn|p2a: Venusaur|Protect\n|move|p1b: Araquanid|Lunge|p2b: Garchomp\n|-damage|p2b: Garchomp|62/100\n|-unboost|p2b: Garchomp|atk|1\n|-damage|p1b: Araquanid|76/100|[from] ability: Rough Skin|[of] p2b: Garchomp\n|move|p1a: Oranguru|Instruct|p1b: Araquanid\n|-singleturn|p1b: Araquanid|move: Instruct|[of] p1a: Oranguru\n|move|p1b: Araquanid|Lunge|p2b: Garchomp\n|-damage|p2b: Garchomp|42/100\n|-unboost|p2b: Garchomp|atk|1\n|-damage|p1b: Araquanid|64/100|[from] ability: Rough Skin|[of] p2b: Garchomp\n|move|p2b: Garchomp|Dragon Claw|p1a: Oranguru\n|-damage|p1a: Oranguru|5/100\n|\n|-weather|SunnyDay|[upkeep]\n|upkeep\n|turn|4\n|inactive|lizzypark has 30 seconds left.\n|\n|t:|1776623913\n|switch|p2a: Incineroar|Incineroar, L50, F|100/100\n|-ability|p2a: Incineroar|Intimidate|boost\n|-fail|p1a: Oranguru|unboost|Attack|[from] ability: Inner Focus|[of] p1a: Oranguru\n|-unboost|p1b: Araquanid|atk|1\n|move|p1b: Araquanid|Leech Life|p2a: Incineroar\n|-damage|p2a: Incineroar|80/100\n|-heal|p1b: Araquanid|76/100|[from] drain|[of] p2a: Incineroar\n|move|p1a: Oranguru|Instruct|p1b: Araquanid\n|-singleturn|p1b: Araquanid|move: Instruct|[of] p1a: Oranguru\n|move|p1b: Araquanid|Leech Life|p2a: Incineroar\n|-damage|p2a: Incineroar|61/100\n|-heal|p1b: Araquanid|87/100|[from] drain|[of] p2a: Incineroar\n|move|p2b: Garchomp|Rock Slide|p1b: Araquanid|[spread] p1a,p1b\n|-supereffective|p1b: Araquanid|1\n|-damage|p1a: Oranguru|0 fnt\n|-damage|p1b: Araquanid|74/100\n|faint|p1a: Oranguru\n|\n|-weather|SunnyDay|[upkeep]\n|upkeep\n|\n|t:|1776623919\n|switch|p1a: Kingambit|Kingambit, L50, M, shiny|100/100\n|turn|5\n|\n|t:|1776623939\n|switch|p2b: Venusaur|Venusaur, L50, F|100/100\n|move|p1a: Kingambit|Sucker Punch||[still]\n|-fail|p1a: Kingambit\n|move|p1b: Araquanid|Liquidation|p2a: Incineroar\n|-supereffective|p2a: Incineroar|1\n|-damage|p2a: Incineroar|8/100\n|-enditem|p2a: Incineroar|Sitrus Berry|[eat]\n|-heal|p2a: Incineroar|33/100|[from] item: Sitrus Berry\n|move|p2a: Incineroar|Flare Blitz|p1a: Kingambit\n|-supereffective|p1a: Kingambit|1\n|-damage|p1a: Kingambit|0 fnt\n|faint|p1a: Kingambit\n|-damage|p2a: Incineroar|0 fnt|[from] Recoil\n|faint|p2a: Incineroar\n|\n|-weather|none\n|-fieldend|move: Trick Room\n|upkeep\n|\n|t:|1776623951\n|switch|p2a: Garchomp|Garchomp, L50, M|42/100\n|turn|6\n|\n|t:|1776623956\n|move|p2b: Venusaur|Energy Ball|p1b: Araquanid\n|-damage|p1b: Araquanid|39/100\n|move|p2a: Garchomp|Dragon Claw|p1b: Araquanid\n|-damage|p1b: Araquanid|0 fnt\n|faint|p1b: Araquanid\n|\n|win|lizzypark\n|raw|Kommie-o's rating: 1081 &rarr; <strong>1058</strong><br />(-23 for losing)\n|raw|lizzypark's rating: 1074 &rarr; <strong>1103</strong><br />(+29 for winning)\n|c|\u2606lizzypark|gg\n|c|\u2606Kommie-o|G\n|c|\u2606Kommie-o|G\n|c|\u2606Kommie-o|Sorry, pressed enter too early\n",
  "uploadtime": 1776623978,
  "views": 8,
  "formatid": "gen9championsvgc2026regma",
  "rating": 1058,
  "private": 0,
  "password": null
}