{
  "id": "gen9championsvgc2026regma-2586454659",
  "format": "[Gen 9 Champions] VGC 2026 Reg M-A",
  "players": [
    "647w",
    "Zori53"
  ],
  "log": "|j|\u2606647w\n|j|\u2606Zori53\n|t:|1776435815\n|gametype|doubles\n|player|p1|647w|lucas-gen4pt|1167\n|player|p2|Zori53|170|1130\n|gen|9\n|tier|[Gen 9 Champions] VGC 2026 Reg M-A\n|rated|\n|rule|Species Clause: Limit one of each Pok\u00e9mon\n|rule|Item Clause: Limit 1 of each item\n|clearpoke\n|poke|p1|Snorlax, L50, F|\n|poke|p1|Chimecho, L50, F|\n|poke|p1|Sinistcha, L50|\n|poke|p1|Rotom-Wash, L50|\n|poke|p1|Torkoal, L50, M|\n|poke|p1|Medicham, L50, M|\n|poke|p2|Floette-Eternal, L50, F|\n|poke|p2|Ditto, L50|\n|poke|p2|Zoroark-Hisui, L50, M|\n|poke|p2|Talonflame, L50, F|\n|poke|p2|Meowscarada, L50, F|\n|poke|p2|Aegislash, L50, F|\n|teampreview|4\n647w has agreed to open team sheets.\n|inactive|Battle timer is ON: inactive players will automatically lose when time's up. (requested by Zori53)\n|\n|t:|1776435847\n|teamsize|p1|4\n|teamsize|p2|4\n|start\n|switch|p1a: Chimecho|Chimecho, L50, F|100/100\n|switch|p1b: Torkoal|Torkoal, L50, M|100/100\n|switch|p2a: Floette|Floette-Eternal, L50, F|100/100\n|switch|p2b: Meowscarada|Meowscarada, L50, F|100/100\n|-weather|SunnyDay|[from] ability: Drought|[of] p1b: Torkoal\n|turn|1\n|\n|t:|1776435865\n|detailschange|p2a: Floette|Floette-Mega, L50, F\n|-mega|p2a: Floette|Floette|Floettite\n|-ability|p2a: Floette|Fairy Aura\n|detailschange|p1a: Chimecho|Chimecho-Mega, L50, F\n|-mega|p1a: Chimecho|Chimecho|Chimechite\n|move|p2b: Meowscarada|Hyper Voice|p1a: Chimecho|[spread] p1a,p1b\n|-resisted|p1a: Chimecho|1\n|-damage|p1a: Chimecho|84/100\n|-damage|p1b: Torkoal|43/100\n|move|p2a: Floette|Dazzling Gleam|p1a: Chimecho|[spread] p1a,p1b\n|-resisted|p1a: Chimecho|1\n|-resisted|p1b: Torkoal|1\n|-damage|p1a: Chimecho|64/100\n|-damage|p1b: Torkoal|11/100\n|move|p1b: Torkoal|Heat Wave|p2b: Meowscarada|[spread] p2a\n|-miss|p1b: Torkoal|p2b: Meowscarada\n|-damage|p2a: Floette|67/100\n|move|p1a: Chimecho|Trick Room|p1a: Chimecho\n|-fieldstart|move: Trick Room|[of] p1a: Chimecho\n|\n|-weather|SunnyDay|[upkeep]\n|upkeep\n|turn|2\n|\n|t:|1776435887\n|move|p2a: Floette|Protect|p2a: Floette\n|-singleturn|p2a: Floette|Protect\n|move|p2b: Meowscarada|Protect|p2b: Meowscarada\n|-singleturn|p2b: Meowscarada|Protect\n|move|p1b: Torkoal|Overheat|p2a: Floette\n|-activate|p2a: Floette|move: Protect\n|move|p1a: Chimecho|Encore|p2b: Meowscarada\n|-activate|p2b: Meowscarada|move: Protect\n|\n|-weather|SunnyDay|[upkeep]\n|upkeep\n|turn|3\n|\n|t:|1776435906\n|switch|p1b: Snorlax|Snorlax, L50, F|100/100\n|switch|p2a: Ditto|Ditto, L50|100/100\n|-transform|p2a: Ditto|p1b: Snorlax|[from] ability: Imposter\n|move|p1a: Chimecho|Encore||[still]\n|-fail|p1a: Chimecho\n|move|p2b: Meowscarada|Hyper Voice|p1a: Chimecho|[spread] p1a,p1b\n|-resisted|p1a: Chimecho|1\n|-damage|p1a: Chimecho|49/100\n|-damage|p1b: Snorlax|74/100\n|\n|-weather|SunnyDay|[upkeep]\n|upkeep\n|turn|4\n|inactive|Zori53 has 30 seconds left.\n|\n|t:|1776435935\n|switch|p1a: Sinistcha|Sinistcha, L50|100/100\n|-heal|p1b: Snorlax|99/100|[from] ability: Hospitality|[of] p1a: Sinistcha\n|move|p1b: Snorlax|Belly Drum|p1b: Snorlax\n|-damage|p1b: Snorlax|49/100\n|-setboost|p1b: Snorlax|atk|6|[from] move: Belly Drum\n|-enditem|p1b: Snorlax|Sitrus Berry|[eat]\n|-heal|p1b: Snorlax|74/100|[from] item: Sitrus Berry\n|move|p2a: Ditto|Belly Drum|p2a: Ditto\n|-damage|p2a: Ditto|51/100\n|-setboost|p2a: Ditto|atk|6|[from] move: Belly Drum\n|move|p2b: Meowscarada|Hyper Voice|p1a: Sinistcha|[spread] p1b\n|-immune|p1a: Sinistcha\n|-crit|p1b: Snorlax\n|-damage|p1b: Snorlax|36/100\n|\n|-weather|SunnyDay|[upkeep]\n|upkeep\n|turn|5\n|\n|t:|1776435959\n|move|p2a: Ditto|Protect|p2a: Ditto\n|-singleturn|p2a: Ditto|Protect\n|move|p1b: Snorlax|Earthquake|p2a: Ditto|[spread] p1a,p2b\n|-activate|p2a: Ditto|move: Protect\n|-resisted|p1a: Sinistcha|1\n|-damage|p1a: Sinistcha|65/100\n|-damage|p2b: Meowscarada|0 fnt\n|replace|p2b: Zoroark|Zoroark-Hisui, L50, M\n|-end|p2b: Zoroark|Illusion\n|faint|p2b: Zoroark\n|move|p1a: Sinistcha|Life Dew|p1a: Sinistcha|[spread] p1a,p1b\n|-heal|p1a: Sinistcha|90/100\n|-heal|p1b: Snorlax|61/100\n|\n|-weather|none\n|-fieldend|move: Trick Room\n|upkeep\n|inactive|Zori53 has 30 seconds left.\n|\n|t:|1776435987\n|switch|p2b: Meowscarada|Meowscarada, L50, F|100/100\n|turn|6\n|\n|t:|1776435997\n|switch|p1a: Torkoal|Torkoal, L50, M|11/100\n|-weather|SunnyDay|[from] ability: Drought|[of] p1a: Torkoal\n|move|p1b: Snorlax|Protect|p1b: Snorlax\n|-singleturn|p1b: Snorlax|Protect\n|move|p2b: Meowscarada|Knock Off|p1a: Torkoal\n|-damage|p1a: Torkoal|0 fnt\n|-enditem|p1a: Torkoal|Shuca Berry|[from] move: Knock Off|[of] p2b: Meowscarada\n|faint|p1a: Torkoal\n|move|p2a: Ditto|Earthquake|p1b: Snorlax|[spread] p2b\n|-activate|p1b: Snorlax|move: Protect\n|-resisted|p2b: Meowscarada|1\n|-damage|p2b: Meowscarada|33/100\n|\n|-weather|SunnyDay|[upkeep]\n|upkeep\n|\n|t:|1776436003\n|switch|p1a: Sinistcha|Sinistcha, L50|90/100\n|-heal|p1b: Snorlax|86/100|[from] ability: Hospitality|[of] p1a: Sinistcha\n|turn|7\n|inactive|647w has 30 seconds left.\n|\n|t:|1776436037\n|switch|p1b: Chimecho|Chimecho-Mega, L50, F|49/100\n|move|p2b: Meowscarada|Knock Off|p1a: Sinistcha\n|-supereffective|p1a: Sinistcha|1\n|-damage|p1a: Sinistcha|18/100\n|-enditem|p1a: Sinistcha|Mental Herb|[from] move: Knock Off|[of] p2b: Meowscarada\n|move|p1a: Sinistcha|Matcha Gotcha|p2b: Meowscarada|[spread] p2a,p2b\n|-resisted|p2b: Meowscarada|1\n|-damage|p2a: Ditto|25/100\n|-heal|p1a: Sinistcha|29/100|[from] drain|[of] p2a: Ditto\n|-damage|p2b: Meowscarada|15/100\n|-heal|p1a: Sinistcha|37/100|[from] drain|[of] p2b: Meowscarada\n|-status|p2b: Meowscarada|brn\n|-enditem|p2a: Ditto|Sitrus Berry|[eat]\n|-heal|p2a: Ditto|50/100|[from] item: Sitrus Berry\n|move|p2a: Ditto|Earthquake|p1b: Chimecho|[spread] p2b,p1a\n|-immune|p1b: Chimecho|[from] ability: Levitate\n|-resisted|p2b: Meowscarada|1\n|-resisted|p1a: Sinistcha|1\n|-damage|p2b: Meowscarada|0 fnt\n|-damage|p1a: Sinistcha|0 fnt\n|faint|p2b: Meowscarada\n|faint|p1a: Sinistcha\n|\n|-weather|SunnyDay|[upkeep]\n|upkeep\n|\n|t:|1776436057\n|switch|p2b: Floette|Floette-Mega, L50, F|67/100\n|switch|p1a: Snorlax|Snorlax, L50, F|86/100\n|-ability|p2b: Floette|Fairy Aura\n|turn|8\n|\n|t:|1776436071\n|move|p2b: Floette|Dazzling Gleam|p1a: Snorlax|[spread] p1a,p1b\n|-resisted|p1b: Chimecho|1\n|-damage|p1a: Snorlax|56/100\n|-damage|p1b: Chimecho|30/100\n|move|p1b: Chimecho|Encore|p2a: Ditto\n|-start|p2a: Ditto|Encore\n|move|p1a: Snorlax|Body Slam|p2b: Floette\n|-damage|p2b: Floette|9/100\n|move|p2a: Ditto|Earthquake|p1a: Snorlax|[spread] p2b,p1a\n|-immune|p1b: Chimecho|[from] ability: Levitate\n|-damage|p2b: Floette|0 fnt\n|-damage|p1a: Snorlax|0 fnt\n|faint|p2b: Floette\n|faint|p1a: Snorlax\n|\n|-weather|SunnyDay|[upkeep]\n|upkeep\n|turn|9\n|\n|t:|1776436080\n|move|p1b: Chimecho|Psyshock|p2a: Ditto\n|-damage|p2a: Ditto|5/100\n|move|p2a: Ditto|Earthquake|p1b: Chimecho\n|-immune|p1b: Chimecho|[from] ability: Levitate\n|\n|-weather|SunnyDay|[upkeep]\n|upkeep\n|turn|10\n|\n|t:|1776436082\n|move|p1b: Chimecho|Psyshock|p2a: Ditto\n|-damage|p2a: Ditto|0 fnt\n|faint|p2a: Ditto\n|\n|win|647w\n|raw|647w's rating: 1167 &rarr; <strong>1189</strong><br />(+22 for winning)\n|raw|Zori53's rating: 1130 &rarr; <strong>1108</strong><br />(-22 for losing)\n",
  "uploadtime": 1776436110,
  "views": 32,
  "formatid": "gen9championsvgc2026regma",
  "rating": 1108,
  "private": 0,
  "password": null
}