{
  "id": "gen9championsvgc2026regma-2585558261",
  "format": "[Gen 9 Champions] VGC 2026 Reg M-A",
  "players": [
    "MrAmeri",
    "justdandyguy"
  ],
  "log": "|j|\u2606MrAmeri\n|j|\u2606justdandyguy\n|t:|1776355432\n|gametype|doubles\n|player|p1|MrAmeri|scientist|1230\n|player|p2|justdandyguy|noland-gen3|1293\n|gen|9\n|tier|[Gen 9 Champions] VGC 2026 Reg M-A\n|rated|\n|rule|Species Clause: Limit one of each Pok\u00e9mon\n|rule|Item Clause: Limit 1 of each item\n|clearpoke\n|poke|p1|Crabominable, L50, F|\n|poke|p1|Farigiraf, L50, F|\n|poke|p1|Torkoal, L50, M|\n|poke|p1|Incineroar, L50, M|\n|poke|p1|Golurk, L50|\n|poke|p1|Slowking, L50, M|\n|poke|p2|Scizor, L50, M|\n|poke|p2|Froslass, L50, F|\n|poke|p2|Milotic, L50, M|\n|poke|p2|Arcanine-Hisui, L50, M|\n|poke|p2|Sneasler, L50, F|\n|poke|p2|Sinistcha, L50|\n|teampreview|4\n|inactive|Battle timer is ON: inactive players will automatically lose when time's up. (requested by MrAmeri)\n|inactive|justdandyguy has 60 seconds left.\n|\n|t:|1776355466\n|teamsize|p1|4\n|teamsize|p2|4\n|start\n|switch|p1a: Incineroar|Incineroar, L50, M|100/100\n|switch|p1b: Golurk|Golurk, L50|100/100\n|switch|p2a: Milotic|Milotic, L50, M|100/100\n|switch|p2b: Scizor|Scizor, L50, M|100/100\n|-ability|p1a: Incineroar|Intimidate|boost\n|-unboost|p2a: Milotic|atk|1\n|-ability|p2a: Milotic|Competitive|boost\n|-boost|p2a: Milotic|spa|2\n|-unboost|p2b: Scizor|atk|1\n|turn|1\n|\n|t:|1776355490\n|switch|p2b: Arcanine|Arcanine-Hisui, L50, M|100/100\n|-ability|p2b: Arcanine|Intimidate|boost\n|-unboost|p1a: Incineroar|atk|1\n|-unboost|p1b: Golurk|atk|1\n|detailschange|p1b: Golurk|Golurk-Mega, L50\n|-mega|p1b: Golurk|Golurk|Golurkite\n|move|p1a: Incineroar|Fake Out|p2a: Milotic\n|-damage|p2a: Milotic|90/100\n|cant|p2a: Milotic|flinch\n|move|p1b: Golurk|Poltergeist|p2a: Milotic\n|-activate|p2a: Milotic|move: Poltergeist|Leftovers\n|-damage|p2a: Milotic|33/100\n|\n|-heal|p2a: Milotic|39/100|[from] item: Leftovers\n|upkeep\n|turn|2\n|inactive|MrAmeri has 30 seconds left.\n|\n|t:|1776355515\n|switch|p2b: Sinistcha|Sinistcha, L50|100/100\n|-heal|p2a: Milotic|64/100|[from] ability: Hospitality|[of] p2b: Sinistcha\n|switch|p1a: Farigiraf|Farigiraf, L50, F|100/100\n|move|p2a: Milotic|Coil|p2a: Milotic\n|-boost|p2a: Milotic|atk|1\n|-boost|p2a: Milotic|def|1\n|-boost|p2a: Milotic|accuracy|1\n|move|p1b: Golurk|Headlong Rush|p2a: Milotic\n|-damage|p2a: Milotic|25/100\n|-unboost|p1b: Golurk|def|1\n|-unboost|p1b: Golurk|spd|1\n|\n|-heal|p2a: Milotic|32/100|[from] item: Leftovers\n|upkeep\n|turn|3\n|\n|t:|1776355537\n|move|p2a: Milotic|Muddy Water|p1b: Golurk|[spread] p1a,p1b\n|-supereffective|p1b: Golurk|1\n|-damage|p1a: Farigiraf|37/100\n|-damage|p1b: Golurk|0 fnt\n|-unboost|p1a: Farigiraf|accuracy|1\n|-enditem|p1a: Farigiraf|Sitrus Berry|[eat]\n|-heal|p1a: Farigiraf|62/100|[from] item: Sitrus Berry\n|faint|p1b: Golurk\n|move|p2b: Sinistcha|Life Dew||[still]|[spread] p2a,p2b\n|-heal|p2a: Milotic|56/100\n|-fail|p2b: Sinistcha|heal\n|move|p1a: Farigiraf|Hyper Voice|p2b: Sinistcha|[spread] p2a\n|-immune|p2b: Sinistcha\n|-crit|p2a: Milotic\n|-damage|p2a: Milotic|22/100\n|\n|-heal|p2a: Milotic|28/100|[from] item: Leftovers\n|upkeep\n|\n|t:|1776355550\n|switch|p1b: Incineroar|Incineroar, L50, M|100/100\n|-ability|p1b: Incineroar|Intimidate|boost\n|-unboost|p2a: Milotic|atk|1\n|-ability|p2a: Milotic|Competitive|boost\n|-boost|p2a: Milotic|spa|2\n|-unboost|p2b: Sinistcha|atk|1\n|turn|4\n|\n|t:|1776355564\n|move|p2a: Milotic|Protect|p2a: Milotic\n|-singleturn|p2a: Milotic|Protect\n|move|p1b: Incineroar|Darkest Lariat|p2b: Sinistcha\n|-supereffective|p2b: Sinistcha|1\n|-damage|p2b: Sinistcha|20/100\n|move|p2b: Sinistcha|Trick Room|p2b: Sinistcha\n|-fieldstart|move: Trick Room|[of] p2b: Sinistcha\n|move|p1a: Farigiraf|Trick Room|p1a: Farigiraf\n|-fieldend|move: Trick Room\n|\n|-heal|p2a: Milotic|34/100|[from] item: Leftovers\n|upkeep\n|turn|5\n|\n|t:|1776355581\n|move|p2a: Milotic|Muddy Water|p1b: Incineroar|[spread] p1a,p1b\n|-supereffective|p1b: Incineroar|1\n|-damage|p1a: Farigiraf|0 fnt\n|-damage|p1b: Incineroar|0 fnt\n|faint|p1a: Farigiraf\n|faint|p1b: Incineroar\n|move|p2b: Sinistcha|Life Dew|p2b: Sinistcha|[spread] p2a,p2b\n|-heal|p2a: Milotic|59/100\n|-heal|p2b: Sinistcha|45/100\n|\n|-heal|p2a: Milotic|65/100|[from] item: Leftovers\n|upkeep\n|-message|MrAmeri forfeited.\n|\n|win|justdandyguy\n|raw|MrAmeri's rating: 1230 &rarr; <strong>1209</strong><br />(-21 for losing)\n|raw|justdandyguy's rating: 1293 &rarr; <strong>1314</strong><br />(+21 for winning)\n",
  "uploadtime": 1776355593,
  "views": 40,
  "formatid": "gen9championsvgc2026regma",
  "rating": 1209,
  "private": 0,
  "password": null
}