{
  "id": "gen9championsvgc2026regma-2584184892",
  "format": "[Gen 9 Champions] VGC 2026 Reg M-A",
  "players": [
    "databull",
    "70991wsd"
  ],
  "log": "|j|\u2606databull\n|j|\u260670991wsd\n|t:|1776235564\n|gametype|doubles\n|player|p1|databull|skierf|1113\n|player|p2|70991wsd|169|1139\n|gen|9\n|tier|[Gen 9 Champions] VGC 2026 Reg M-A\n|rated|\n|rule|Species Clause: Limit one of each Pok\u00e9mon\n|rule|Item Clause: Limit 1 of each item\n|clearpoke\n|poke|p1|Delphox, L50, F|\n|poke|p1|Rotom-Wash, L50|\n|poke|p1|Sinistcha, L50|\n|poke|p1|Tyranitar, L50, F|\n|poke|p1|Aerodactyl, L50, M|\n|poke|p1|Sneasler, L50, M|\n|poke|p2|Kangaskhan, L50, F|\n|poke|p2|Charizard, L50, F|\n|poke|p2|Venusaur, L50, F|\n|poke|p2|Incineroar, L50, M|\n|poke|p2|Palafin, L50, M|\n|poke|p2|Sinistcha, L50|\n|teampreview|4\n|\n|t:|1776235595\n|teamsize|p1|4\n|teamsize|p2|4\n|start\n|switch|p1a: Tyranitar|Tyranitar, L50, F|100/100\n|switch|p1b: Aerodactyl|Aerodactyl, L50, M|100/100\n|switch|p2a: Kangaskhan|Kangaskhan, L50, F|100/100\n|switch|p2b: Palafin|Palafin, L50, M|100/100\n|-ability|p1b: Aerodactyl|Unnerve\n|-weather|Sandstorm|[from] ability: Sand Stream|[of] p1a: Tyranitar\n|turn|1\n|\n|t:|1776235615\n|detailschange|p1a: Tyranitar|Tyranitar-Mega, L50, F\n|-mega|p1a: Tyranitar|Tyranitar|Tyranitarite\n|move|p2a: Kangaskhan|Fake Out|p1a: Tyranitar\n|-resisted|p1a: Tyranitar|1\n|-damage|p1a: Tyranitar|94/100\n|move|p1b: Aerodactyl|Rock Slide|p2b: Palafin|[spread] p2a,p2b\n|-damage|p2a: Kangaskhan|78/100\n|-damage|p2b: Palafin|69/100\n|move|p2b: Palafin|Flip Turn|p1b: Aerodactyl\n|-supereffective|p1b: Aerodactyl|1\n|-damage|p1b: Aerodactyl|15/100\n|\n|t:|1776235626\n|detailschange|p2b: Palafin|Palafin-Hero, L50, M\n|switch|p2b: Sinistcha|Sinistcha, L50|100/100|[from] Flip Turn\n|-heal|p2a: Kangaskhan|100/100|[from] ability: Hospitality|[of] p2b: Sinistcha\n|cant|p1a: Tyranitar|flinch\n|\n|-weather|Sandstorm|[upkeep]\n|-damage|p2a: Kangaskhan|95/100|[from] Sandstorm\n|-damage|p2b: Sinistcha|95/100|[from] Sandstorm\n|upkeep\n|turn|2\n|\n|t:|1776235641\n|switch|p1b: Sinistcha|Sinistcha, L50|100/100\n|-heal|p1a: Tyranitar|100/100|[from] ability: Hospitality|[of] p1b: Sinistcha\n|detailschange|p2a: Kangaskhan|Kangaskhan-Mega, L50, F\n|-mega|p2a: Kangaskhan|Kangaskhan|Kangaskhanite\n|move|p1a: Tyranitar|Knock Off|p2b: Sinistcha\n|-supereffective|p2b: Sinistcha|1\n|-damage|p2b: Sinistcha|0 fnt\n|-enditem|p2b: Sinistcha|Sitrus Berry|[from] move: Knock Off|[of] p1a: Tyranitar\n|faint|p2b: Sinistcha\n|move|p2a: Kangaskhan|Drain Punch|p1a: Tyranitar\n|-supereffective|p1a: Tyranitar|2\n|-damage|p1a: Tyranitar|14/100\n|-heal|p2a: Kangaskhan|100/100|[from] drain|[of] p1a: Tyranitar\n|-supereffective|p1a: Tyranitar|2\n|-damage|p1a: Tyranitar|0 fnt\n|faint|p1a: Tyranitar\n|-hitcount|p1: Tyranitar|2\n|\n|-weather|Sandstorm|[upkeep]\n|-damage|p2a: Kangaskhan|95/100|[from] Sandstorm\n|-damage|p1b: Sinistcha|94/100|[from] Sandstorm\n|upkeep\n|\n|t:|1776235660\n|switch|p1a: Rotom|Rotom-Wash, L50|100/100\n|switch|p2b: Incineroar|Incineroar, L50, M|100/100\n|-ability|p2b: Incineroar|Intimidate|boost\n|-unboost|p1a: Rotom|atk|1\n|-unboost|p1b: Sinistcha|atk|1\n|turn|3\n|\n|t:|1776235699\n|move|p1b: Sinistcha|Rage Powder|p1b: Sinistcha\n|-singleturn|p1b: Sinistcha|move: Rage Powder\n|move|p1a: Rotom|Hydro Pump|p2b: Incineroar\n|-supereffective|p2b: Incineroar|1\n|-crit|p2b: Incineroar\n|-damage|p2b: Incineroar|0 fnt\n|faint|p2b: Incineroar\n|move|p2a: Kangaskhan|Double-Edge|p1b: Sinistcha\n|-immune|p1b: Sinistcha\n|\n|-weather|Sandstorm|[upkeep]\n|-damage|p1a: Rotom|95/100|[from] Sandstorm\n|-damage|p2a: Kangaskhan|89/100|[from] Sandstorm\n|-damage|p1b: Sinistcha|88/100|[from] Sandstorm\n|upkeep\n|\n|t:|1776235709\n|switch|p2b: Palafin|Palafin-Hero, L50, M|69/100\n|-activate|p2b: Palafin|ability: Zero to Hero\n|turn|4\n|\n|t:|1776235727\n|switch|p1a: Aerodactyl|Aerodactyl, L50, M|15/100\n|-ability|p1a: Aerodactyl|Unnerve\n|move|p2b: Palafin|Wave Crash|p1a: Aerodactyl\n|-supereffective|p1a: Aerodactyl|1\n|-damage|p1a: Aerodactyl|0 fnt\n|faint|p1a: Aerodactyl\n|-damage|p2b: Palafin|65/100|[from] Recoil\n|move|p2a: Kangaskhan|Double-Edge|p1b: Sinistcha\n|-immune|p1b: Sinistcha\n|move|p1b: Sinistcha|Matcha Gotcha|p2a: Kangaskhan|[spread] p2a,p2b\n|-supereffective|p2b: Palafin|1\n|-damage|p2a: Kangaskhan|68/100\n|-heal|p1b: Sinistcha|99/100|[from] drain|[of] p2a: Kangaskhan\n|-damage|p2b: Palafin|14/100\n|-heal|p1b: Sinistcha|100/100|[from] drain|[of] p2b: Palafin\n|-status|p2a: Kangaskhan|brn\n|\n|-weather|Sandstorm|[upkeep]\n|-damage|p2b: Palafin|8/100|[from] Sandstorm\n|-damage|p2a: Kangaskhan|62/100 brn|[from] Sandstorm\n|-damage|p1b: Sinistcha|94/100|[from] Sandstorm\n|-damage|p2a: Kangaskhan|56/100 brn|[from] brn\n|upkeep\n|\n|t:|1776235744\n|switch|p1a: Rotom|Rotom-Wash, L50|95/100\n|turn|5\n|-message|70991wsd forfeited.\n|\n|win|databull\n|raw|databull's rating: 1113 &rarr; <strong>1140</strong><br />(+27 for winning)\n|raw|70991wsd's rating: 1139 &rarr; <strong>1112</strong><br />(-27 for losing)\n|l|\u260670991wsd\n|player|p2|\n",
  "uploadtime": 1776235750,
  "views": 21,
  "formatid": "gen9championsvgc2026regma",
  "rating": 1112,
  "private": 0,
  "password": null
}