{
  "id": "gen9championsvgc2026regma-2588608174",
  "format": "[Gen 9 Champions] VGC 2026 Reg M-A",
  "players": [
    "squipito",
    "IcedLemonz"
  ],
  "log": "|j|\u2606squipito\n|j|\u2606IcedLemonz\n|t:|1776649652\n|gametype|doubles\n|player|p1|squipito|102|1100\n|player|p2|IcedLemonz|will|1139\n|gen|9\n|tier|[Gen 9 Champions] VGC 2026 Reg M-A\n|rated|\n|rule|Species Clause: Limit one of each Pok\u00e9mon\n|rule|Item Clause: Limit 1 of each item\n|clearpoke\n|poke|p1|Incineroar, L50, M, shiny|\n|poke|p1|Gardevoir, L50, M, shiny|\n|poke|p1|Garchomp, L50, M, shiny|\n|poke|p1|Rotom-Wash, L50, shiny|\n|poke|p1|Talonflame, L50, M, shiny|\n|poke|p1|Sinistcha, L50, shiny|\n|poke|p2|Crabominable, L50, M|\n|poke|p2|Slowking-Galar, L50, M|\n|poke|p2|Clefable, L50, M|\n|poke|p2|Sinistcha, L50|\n|poke|p2|Kingambit, L50, M|\n|poke|p2|Basculegion, L50, M|\n|teampreview|4\n|\n|t:|1776649687\n|teamsize|p1|4\n|teamsize|p2|4\n|start\n|switch|p1a: Incineroar|Incineroar, L50, M, shiny|100/100\n|switch|p1b: Sinistcha|Sinistcha, L50, shiny|100/100\n|switch|p2a: Slowking|Slowking-Galar, L50, M|100/100\n|switch|p2b: Basculegion|Basculegion, L50, M|100/100\n|-ability|p1a: Incineroar|Intimidate|boost\n|-unboost|p2a: Slowking|atk|1\n|-unboost|p2b: Basculegion|atk|1\n|turn|1\n|inactive|Battle timer is ON: inactive players will automatically lose when time's up. (requested by squipito)\n|\n|t:|1776649698\n|switch|p1a: Rotom|Rotom-Wash, L50, shiny|100/100\n|move|p2b: Basculegion|Wave Crash|p1a: Rotom\n|-resisted|p1a: Rotom|1\n|-damage|p1a: Rotom|76/100\n|-damage|p2b: Basculegion|94/100|[from] Recoil\n|move|p1b: Sinistcha|Matcha Gotcha|p2b: Basculegion|[spread] p2a,p2b\n|-resisted|p2a: Slowking|1\n|-supereffective|p2b: Basculegion|1\n|-damage|p2a: Slowking|91/100\n|-damage|p2b: Basculegion|41/100\n|move|p2a: Slowking|Trick Room|p2a: Slowking\n|-fieldstart|move: Trick Room|[of] p2a: Slowking\n|\n|-heal|p1a: Rotom|81/100|[from] item: Leftovers\n|upkeep\n|turn|2\n|\n|t:|1776649713\n|switch|p2b: Kingambit|Kingambit, L50, M|100/100\n|-prepare|p2a: Slowking|Chilly Reception|[premajor]\n|move|p2a: Slowking|Chilly Reception|p2a: Slowking\n|-weather|Snowscape\n|\n|t:|1776649716\n|switch|p2a: Crabominable|Crabominable, L50, M|100/100|[from] Chilly Reception\n|move|p1b: Sinistcha|Matcha Gotcha|p2b: Kingambit|[spread] p2a,p2b\n|-resisted|p2b: Kingambit|1\n|-damage|p2a: Crabominable|73/100\n|-damage|p2b: Kingambit|88/100\n|-status|p2b: Kingambit|brn\n|move|p1a: Rotom|Discharge|p2b: Kingambit|[spread] p1b,p2a,p2b\n|-resisted|p1b: Sinistcha|1\n|-damage|p1b: Sinistcha|90/100\n|-damage|p2a: Crabominable|44/100\n|-damage|p2b: Kingambit|64/100 brn\n|-status|p1b: Sinistcha|par\n|-status|p2a: Crabominable|par\n|\n|-weather|Snowscape|[upkeep]\n|-heal|p1a: Rotom|87/100|[from] item: Leftovers\n|-damage|p2b: Kingambit|58/100 brn|[from] brn\n|upkeep\n|turn|3\n|inactive|squipito has 30 seconds left.\n|\n|t:|1776649742\n|detailschange|p2a: Crabominable|Crabominable-Mega, L50, M\n|-mega|p2a: Crabominable|Crabominable|Crabominite\n|move|p1b: Sinistcha|Protect|p1b: Sinistcha\n|-singleturn|p1b: Sinistcha|Protect\n|move|p2a: Crabominable|Drain Punch|p1a: Rotom\n|-damage|p1a: Rotom|34/100\n|-heal|p2a: Crabominable|65/100 par|[from] drain|[of] p1a: Rotom\n|move|p2b: Kingambit|Kowtow Cleave|p1b: Sinistcha\n|-activate|p1b: Sinistcha|move: Protect\n|move|p1a: Rotom|Discharge|p2a: Crabominable|[spread] p2a,p2b\n|-activate|p1b: Sinistcha|move: Protect\n|-crit|p2a: Crabominable\n|-damage|p2a: Crabominable|35/100 par\n|-damage|p2b: Kingambit|32/100 brn\n|\n|-weather|Snowscape|[upkeep]\n|-heal|p1a: Rotom|39/100|[from] item: Leftovers\n|-damage|p2b: Kingambit|26/100 brn|[from] brn\n|upkeep\n|turn|4\n|\n|t:|1776649768\n|move|p2a: Crabominable|Ice Hammer|p1b: Sinistcha\n|-supereffective|p1b: Sinistcha|1\n|-damage|p1b: Sinistcha|0 fnt\n|-unboost|p2a: Crabominable|spe|1\n|faint|p1b: Sinistcha\n|move|p2b: Kingambit|Kowtow Cleave|p1a: Rotom\n|-damage|p1a: Rotom|14/100\n|move|p1a: Rotom|Discharge|p2b: Kingambit|[spread] p2a,p2b\n|-damage|p2a: Crabominable|12/100 par\n|-damage|p2b: Kingambit|4/100 brn\n|\n|-weather|Snowscape|[upkeep]\n|-heal|p1a: Rotom|20/100|[from] item: Leftovers\n|-damage|p2b: Kingambit|0 fnt|[from] brn\n|faint|p2b: Kingambit\n|upkeep\n|\n|t:|1776649782\n|switch|p2b: Basculegion|Basculegion, L50, M|41/100\n|switch|p1b: Gardevoir|Gardevoir, L50, M, shiny|100/100\n|turn|5\n|\n|t:|1776649798\n|move|p2a: Crabominable|Ice Hammer|p1b: Gardevoir\n|-damage|p1b: Gardevoir|11/100\n|-unboost|p2a: Crabominable|spe|1\n|move|p1b: Gardevoir|Calm Mind|p1b: Gardevoir\n|-boost|p1b: Gardevoir|spa|1\n|-boost|p1b: Gardevoir|spd|1\n|move|p1a: Rotom|Discharge|p2a: Crabominable|[spread] p2a,p2b\n|-activate|p1b: Gardevoir|ability: Telepathy\n|-supereffective|p2b: Basculegion|1\n|-damage|p2a: Crabominable|0 fnt\n|-damage|p2b: Basculegion|0 fnt\n|faint|p2a: Crabominable\n|faint|p2b: Basculegion\n|\n|-weather|Snowscape|[upkeep]\n|-heal|p1a: Rotom|25/100|[from] item: Leftovers\n|-fieldend|move: Trick Room\n|upkeep\n|-message|IcedLemonz forfeited.\n|\n|win|squipito\n|raw|squipito's rating: 1100 &rarr; <strong>1128</strong><br />(+28 for winning)\n|raw|IcedLemonz's rating: 1139 &rarr; <strong>1111</strong><br />(-28 for losing)\n|l|\u2606IcedLemonz\n|player|p2|\n",
  "uploadtime": 1776649819,
  "views": 14,
  "formatid": "gen9championsvgc2026regma",
  "rating": 1111,
  "private": 0,
  "password": null
}