{
  "id": "gen9championsvgc2026regma-2584871256",
  "format": "[Gen 9 Champions] VGC 2026 Reg M-A",
  "players": [
    "bambinator88",
    "Daafjeweerwolfje"
  ],
  "log": "|j|\u2606bambinator88\n|j|\u2606Daafjeweerwolfje\n|t:|1776290287\n|gametype|doubles\n|player|p1|bambinator88|hilbert-wonderlauncher|1099\n|player|p2|Daafjeweerwolfje|169|1064\n|gen|9\n|tier|[Gen 9 Champions] VGC 2026 Reg M-A\n|rated|\n|rule|Species Clause: Limit one of each Pok\u00e9mon\n|rule|Item Clause: Limit 1 of each item\n|clearpoke\n|poke|p1|Froslass, L50, F|\n|poke|p1|Arcanine-Hisui, L50, M|\n|poke|p1|Rotom-Wash, L50|\n|poke|p1|Sinistcha, L50|\n|poke|p1|Kingambit, L50, M|\n|poke|p1|Sneasler, L50, F|\n|poke|p2|Gengar, L50, M|\n|poke|p2|Incineroar, L50, M|\n|poke|p2|Basculegion, L50, M|\n|poke|p2|Scizor, L50, M|\n|poke|p2|Kommo-o, L50, M|\n|poke|p2|Politoed, L50, M|\n|teampreview|4\n|\n|t:|1776290349\n|teamsize|p1|4\n|teamsize|p2|4\n|start\n|switch|p1a: Kingambit|Kingambit, L50, M|100/100\n|switch|p1b: Rotom|Rotom-Wash, L50|100/100\n|switch|p2a: Gengar|Gengar, L50, M, shiny|100/100\n|switch|p2b: Politoed|Politoed, L50, M, shiny|100/100\n|-weather|RainDance|[from] ability: Drizzle|[of] p2b: Politoed\n|turn|1\n|\n|t:|1776290380\n|detailschange|p2a: Gengar|Gengar-Mega, L50, M, shiny\n|-mega|p2a: Gengar|Gengar|Gengarite\n|move|p2a: Gengar|Protect|p2a: Gengar\n|-singleturn|p2a: Gengar|Protect\n|move|p1b: Rotom|Thunderbolt|p2b: Politoed\n|-supereffective|p2b: Politoed|1\n|-damage|p2b: Politoed|39/100\n|move|p2b: Politoed|Perish Song|p2b: Politoed\n|-start|p1a: Kingambit|perish3|[silent]\n|-start|p1b: Rotom|perish3|[silent]\n|-start|p2a: Gengar|perish3|[silent]\n|-start|p2b: Politoed|perish3|[silent]\n|-fieldactivate|move: Perish Song\n|move|p1a: Kingambit|Kowtow Cleave|p2a: Gengar\n|-activate|p2a: Gengar|move: Protect\n|\n|-weather|RainDance|[upkeep]\n|-heal|p2b: Politoed|45/100|[from] item: Leftovers\n|-start|p2a: Gengar|perish3\n|-start|p1b: Rotom|perish3\n|-start|p2b: Politoed|perish3\n|-start|p1a: Kingambit|perish3\n|upkeep\n|turn|2\n|\n|t:|1776290434\n|switch|p2a: Incineroar|Incineroar, L50, M, shiny|100/100\n|-ability|p2a: Incineroar|Intimidate|boost\n|-unboost|p1a: Kingambit|atk|1\n|-ability|p1a: Kingambit|Defiant|boost\n|-boost|p1a: Kingambit|atk|2\n|-unboost|p1b: Rotom|atk|1\n|move|p1b: Rotom|Thunderbolt|p2a: Incineroar\n|-damage|p2a: Incineroar|66/100\n|move|p2b: Politoed|Weather Ball|p1a: Kingambit\n|-damage|p1a: Kingambit|56/100\n|move|p1a: Kingambit|Kowtow Cleave|p2a: Incineroar\n|-resisted|p2a: Incineroar|1\n|-damage|p2a: Incineroar|35/100\n|-enditem|p2a: Incineroar|Sitrus Berry|[eat]\n|-heal|p2a: Incineroar|59/100|[from] item: Sitrus Berry\n|\n|-weather|RainDance|[upkeep]\n|-heal|p2b: Politoed|51/100|[from] item: Leftovers\n|-start|p1b: Rotom|perish2\n|-start|p2b: Politoed|perish2\n|-start|p1a: Kingambit|perish2\n|upkeep\n|turn|3\n|\n|t:|1776290485\n|switch|p1b: Sneasler|Sneasler, L50, F|100/100\n|switch|p2a: Gengar|Gengar-Mega, L50, M, shiny|100/100\n|switch|p1a: Froslass|Froslass, L50, F|100/100\n|move|p2b: Politoed|Perish Song|p2b: Politoed\n|-start|p1a: Froslass|perish3|[silent]\n|-start|p1b: Sneasler|perish3|[silent]\n|-start|p2a: Gengar|perish3|[silent]\n|-fieldactivate|move: Perish Song\n|\n|-weather|RainDance|[upkeep]\n|-heal|p2b: Politoed|57/100|[from] item: Leftovers\n|-start|p1b: Sneasler|perish3\n|-start|p2a: Gengar|perish3\n|-start|p1a: Froslass|perish3\n|-start|p2b: Politoed|perish1\n|upkeep\n|turn|4\n|\n|t:|1776290519\n|switch|p2b: Incineroar|Incineroar, L50, M, shiny|59/100\n|-ability|p2b: Incineroar|Intimidate|boost\n|-unboost|p1a: Froslass|atk|1\n|-unboost|p1b: Sneasler|atk|1\n|-enditem|p1b: Sneasler|White Herb\n|-clearnegativeboost|p1b: Sneasler|[silent]\n|detailschange|p1a: Froslass|Froslass-Mega, L50, F\n|-mega|p1a: Froslass|Froslass|Froslassite\n|-weather|Snowscape|[from] ability: Snow Warning|[of] p1a: Froslass\n|move|p2a: Gengar|Protect|p2a: Gengar\n|-singleturn|p2a: Gengar|Protect\n|move|p1b: Sneasler|Fake Out|p2b: Incineroar\n|-crit|p2b: Incineroar\n|-damage|p2b: Incineroar|41/100\n|move|p1a: Froslass|Blizzard|p2a: Gengar|[spread] p2b\n|-activate|p2a: Gengar|move: Protect\n|-resisted|p2b: Incineroar|1\n|-damage|p2b: Incineroar|22/100\n|\n|-weather|Snowscape|[upkeep]\n|-start|p1b: Sneasler|perish2\n|-start|p2a: Gengar|perish2\n|-start|p1a: Froslass|perish2\n|upkeep\n|turn|5\n|\n|t:|1776290563\n|switch|p2a: Politoed|Politoed, L50, M, shiny|57/100\n|-weather|RainDance|[from] ability: Drizzle|[of] p2a: Politoed\n|move|p1b: Sneasler|Close Combat|p2b: Incineroar\n|-supereffective|p2b: Incineroar|1\n|-damage|p2b: Incineroar|0 fnt\n|-unboost|p1b: Sneasler|def|1\n|-unboost|p1b: Sneasler|spd|1\n|faint|p2b: Incineroar\n|move|p1a: Froslass|Shadow Ball|p2a: Politoed\n|-damage|p2a: Politoed|21/100\n|-unboost|p2a: Politoed|spd|1\n|\n|-weather|RainDance|[upkeep]\n|-heal|p2a: Politoed|27/100|[from] item: Leftovers\n|-start|p1b: Sneasler|perish1\n|-start|p1a: Froslass|perish1\n|upkeep\n|\n|t:|1776290581\n|switch|p2b: Gengar|Gengar-Mega, L50, M, shiny|100/100\n|turn|6\n|\n|t:|1776290592\n|move|p2b: Gengar|Protect|p2b: Gengar\n|-singleturn|p2b: Gengar|Protect\n|move|p2a: Politoed|Protect|p2a: Politoed\n|-singleturn|p2a: Politoed|Protect\n|move|p1b: Sneasler|Close Combat|p2a: Politoed\n|-activate|p2a: Politoed|move: Protect\n|move|p1a: Froslass|Aurora Veil||[still]\n|-fail|p1a: Froslass\n|\n|-weather|RainDance|[upkeep]\n|-heal|p2a: Politoed|33/100|[from] item: Leftovers\n|-start|p1b: Sneasler|perish0\n|-start|p1a: Froslass|perish0\n|faint|p1b: Sneasler\n|faint|p1a: Froslass\n|upkeep\n|\n|t:|1776290607\n|switch|p1b: Rotom|Rotom-Wash, L50|100/100\n|switch|p1a: Kingambit|Kingambit, L50, M|56/100\n|turn|7\n|\n|t:|1776290633\n|move|p2b: Gengar|Shadow Ball|p1a: Kingambit\n|-resisted|p1a: Kingambit|1\n|-damage|p1a: Kingambit|34/100\n|move|p1b: Rotom|Hydro Pump|p2a: Politoed\n|-resisted|p2a: Politoed|1\n|-damage|p2a: Politoed|0 fnt\n|faint|p2a: Politoed\n|move|p1a: Kingambit|Kowtow Cleave|p2b: Gengar\n|-supereffective|p2b: Gengar|1\n|-damage|p2b: Gengar|0 fnt\n|faint|p2b: Gengar\n|\n|-weather|RainDance|[upkeep]\n|upkeep\n|\n|t:|1776290649\n|switch|p2b: Basculegion|Basculegion, L50, M, shiny|100/100\n|turn|8\n|\n|t:|1776290656\n|move|p1a: Kingambit|Sucker Punch|p2b: Basculegion\n|-supereffective|p2b: Basculegion|1\n|-damage|p2b: Basculegion|0 fnt\n|faint|p2b: Basculegion\n|\n|win|bambinator88\n|raw|bambinator88's rating: 1099 &rarr; <strong>1122</strong><br />(+23 for winning)\n|raw|Daafjeweerwolfje's rating: 1064 &rarr; <strong>1046</strong><br />(-18 for losing)\n",
  "uploadtime": 1776290666,
  "views": 24,
  "formatid": "gen9championsvgc2026regma",
  "rating": 1046,
  "private": 0,
  "password": null
}