{
  "id": "gen9championsvgc2026regma-2582725197",
  "format": "[Gen 9 Champions] VGC 2026 Reg M-A",
  "players": [
    "dmarin0301",
    "RaSaTan"
  ],
  "log": "|j|\u2606dmarin0301\n|j|\u2606RaSaTan\n|t:|1776109812\n|gametype|doubles\n|player|p1|dmarin0301|unknown|1110\n|player|p2|RaSaTan|265|1121\n|gen|9\n|tier|[Gen 9 Champions] VGC 2026 Reg M-A\n|rated|\n|rule|Species Clause: Limit one of each Pok\u00e9mon\n|rule|Item Clause: Limit 1 of each item\n|clearpoke\n|poke|p1|Incineroar, L50, F|\n|poke|p1|Rotom-Frost, L50|\n|poke|p1|Orthworm, L50, M|\n|poke|p1|Basculegion-F, L50, F|\n|poke|p1|Garchomp, L50, M|\n|poke|p1|Froslass, L50, F|\n|poke|p2|Gengar, L50, F|\n|poke|p2|Incineroar, L50, M|\n|poke|p2|Politoed, L50, M|\n|poke|p2|Maushold-Four, L50|\n|poke|p2|Tyranitar, L50, M|\n|poke|p2|Sinistcha, L50|\n|teampreview|4\n|\n|t:|1776109827\n|teamsize|p1|4\n|teamsize|p2|4\n|start\n|switch|p1a: Garchomp|Garchomp, L50, M|100/100\n|switch|p1b: Orthworm|Orthworm, L50, M|100/100\n|switch|p2a: Gengar|Gengar, L50, F|100/100\n|switch|p2b: Incineroar|Incineroar, L50, M|100/100\n|-ability|p2b: Incineroar|Intimidate|boost\n|-unboost|p1a: Garchomp|atk|1\n|-unboost|p1b: Orthworm|atk|1\n|turn|1\n|inactive|Battle timer is ON: inactive players will automatically lose when time's up. (requested by dmarin0301)\n|\n|t:|1776109842\n|detailschange|p2a: Gengar|Gengar-Mega, L50, F\n|-mega|p2a: Gengar|Gengar|Gengarite\n|move|p2a: Gengar|Protect|p2a: Gengar\n|-singleturn|p2a: Gengar|Protect\n|move|p1a: Garchomp|Protect|p1a: Garchomp\n|-singleturn|p1a: Garchomp|Protect\n|move|p2b: Incineroar|Fake Out|p1a: Garchomp\n|-activate|p1a: Garchomp|move: Protect\n|move|p1b: Orthworm|Shed Tail|p1b: Orthworm\n|-start|p1b: Orthworm|Substitute|[from] move: Shed Tail\n|-damage|p1b: Orthworm|50/100\n|-enditem|p1b: Orthworm|Sitrus Berry|[eat]\n|-heal|p1b: Orthworm|75/100|[from] item: Sitrus Berry\n|\n|t:|1776109856\n|switch|p1b: Basculegion|Basculegion-F, L50, F|100/100|[from] Shed Tail\n|\n|upkeep\n|turn|2\n|\n|t:|1776109870\n|move|p1b: Basculegion|Last Respects|p2a: Gengar\n|-supereffective|p2a: Gengar|1\n|-damage|p2a: Gengar|26/100\n|move|p2a: Gengar|Perish Song|p2a: Gengar\n|-start|p1a: Garchomp|perish3|[silent]\n|-start|p1b: Basculegion|perish3|[silent]\n|-start|p2a: Gengar|perish3|[silent]\n|-start|p2b: Incineroar|perish3|[silent]\n|-fieldactivate|move: Perish Song\n|move|p1a: Garchomp|Rock Slide|p2a: Gengar|[spread] p2a,p2b\n|-supereffective|p2b: Incineroar|1\n|-crit|p2b: Incineroar\n|-damage|p2a: Gengar|9/100\n|-damage|p2b: Incineroar|50/100\n|cant|p2b: Incineroar|flinch\n|\n|-start|p1b: Basculegion|perish3\n|-start|p2a: Gengar|perish3\n|-start|p1a: Garchomp|perish3\n|-start|p2b: Incineroar|perish3\n|upkeep\n|turn|3\n|\n|t:|1776109887\n|move|p2a: Gengar|Protect|p2a: Gengar\n|-singleturn|p2a: Gengar|Protect\n|move|p2b: Incineroar|Protect|p2b: Incineroar\n|-singleturn|p2b: Incineroar|Protect\n|move|p1b: Basculegion|Last Respects|p2a: Gengar\n|-activate|p2a: Gengar|move: Protect\n|move|p1a: Garchomp|Rock Slide|p2b: Incineroar|[spread] \n|-activate|p2a: Gengar|move: Protect\n|-activate|p2b: Incineroar|move: Protect\n|\n|-start|p1b: Basculegion|perish2\n|-start|p2a: Gengar|perish2\n|-start|p1a: Garchomp|perish2\n|-start|p2b: Incineroar|perish2\n|upkeep\n|turn|4\n|\n|t:|1776109906\n|switch|p2a: Sinistcha|Sinistcha, L50|100/100\n|-heal|p2b: Incineroar|75/100|[from] ability: Hospitality|[of] p2a: Sinistcha\n|move|p1b: Basculegion|Last Respects|p2a: Sinistcha\n|-supereffective|p2a: Sinistcha|1\n|-damage|p2a: Sinistcha|53/100\n|move|p1a: Garchomp|Rock Slide|p2b: Incineroar|[spread] p2a,p2b\n|-supereffective|p2b: Incineroar|1\n|-damage|p2a: Sinistcha|43/100\n|-damage|p2b: Incineroar|51/100\n|move|p2b: Incineroar|Parting Shot|p1b: Basculegion\n|-unboost|p1b: Basculegion|atk|1\n|-unboost|p1b: Basculegion|spa|1\n|\n|t:|1776109921\n|switch|p2b: Gengar|Gengar-Mega, L50, F|9/100|[from] Parting Shot\n|\n|-heal|p2a: Sinistcha|49/100|[from] item: Leftovers\n|-start|p1b: Basculegion|perish1\n|-start|p1a: Garchomp|perish1\n|upkeep\n|turn|5\n|\n|t:|1776109931\n|switch|p1b: Orthworm|Orthworm, L50, M|75/100\n|move|p2b: Gengar|Protect|p2b: Gengar\n|-singleturn|p2b: Gengar|Protect\n|move|p1a: Garchomp|Earthquake|p2a: Sinistcha|[spread] p2a\n|-activate|p2b: Gengar|move: Protect\n|-heal|p1b: Orthworm|99/100|[from] ability: Earth Eater|[of] p1a: Garchomp\n|-resisted|p2a: Sinistcha|1\n|-damage|p2a: Sinistcha|37/100\n|move|p2a: Sinistcha|Strength Sap|p1a: Garchomp\n|-unboost|p1a: Garchomp|atk|1\n|-heal|p2a: Sinistcha|100/100\n|\n|-start|p1a: Garchomp|perish0\n|faint|p1a: Garchomp\n|upkeep\n|\n|t:|1776109948\n|switch|p1a: Basculegion|Basculegion-F, L50, F|100/100\n|turn|6\n|\n|t:|1776109966\n|move|p2b: Gengar|Protect||[still]\n|-fail|p2b: Gengar\n|move|p1a: Basculegion|Aqua Jet|p2b: Gengar\n|-damage|p2b: Gengar|0 fnt\n|faint|p2b: Gengar\n|move|p2a: Sinistcha|Matcha Gotcha|p1a: Basculegion|[spread] p1a,p1b\n|-supereffective|p1a: Basculegion|1\n|-resisted|p1b: Orthworm|1\n|-damage|p1a: Basculegion|42/100\n|-damage|p1b: Orthworm|83/100\n|-status|p1b: Orthworm|brn\n|move|p1b: Orthworm|Shed Tail|p1b: Orthworm\n|-start|p1b: Orthworm|Substitute|[from] move: Shed Tail\n|-damage|p1b: Orthworm|32/100 brn\n|\n|t:|1776109981\n|switch|p1b: Froslass|Froslass, L50, F|100/100|[from] Shed Tail\n|\n|upkeep\n|\n|t:|1776109985\n|switch|p2b: Incineroar|Incineroar, L50, M|51/100\n|-ability|p2b: Incineroar|Intimidate|boost\n|-unboost|p1a: Basculegion|atk|1\n|-immune|p1b: Froslass\n|turn|7\n|\n|t:|1776109991\n|switch|p1a: Orthworm|Orthworm, L50, M|32/100 brn\n|move|p1b: Froslass|Nasty Plot|p1b: Froslass\n|-boost|p1b: Froslass|spa|2\n|move|p2b: Incineroar|Parting Shot|p1b: Froslass\n|-unboost|p1b: Froslass|atk|1\n|-unboost|p1b: Froslass|spa|1\n|\n|t:|1776110000\n|switch|p2b: Politoed|Politoed, L50, M|100/100|[from] Parting Shot\n|-weather|RainDance|[from] ability: Drizzle|[of] p2b: Politoed\n|move|p2a: Sinistcha|Matcha Gotcha|p1b: Froslass|[spread] p1a,p1b\n|-end|p1b: Froslass|Substitute\n|-resisted|p1a: Orthworm|1\n|-damage|p1a: Orthworm|15/100 brn\n|\n|-weather|RainDance|[upkeep]\n|-damage|p1a: Orthworm|9/100 brn|[from] brn\n|upkeep\n|turn|8\n|\n|t:|1776110019\n|detailschange|p1b: Froslass|Froslass-Mega, L50, F\n|-mega|p1b: Froslass|Froslass|Froslassite\n|-weather|Snowscape|[from] ability: Snow Warning|[of] p1b: Froslass\n|move|p1b: Froslass|Blizzard|p2a: Sinistcha|[spread] p2a,p2b\n|-supereffective|p2a: Sinistcha|1\n|-resisted|p2b: Politoed|1\n|-damage|p2a: Sinistcha|0 fnt\n|-damage|p2b: Politoed|70/100\n|faint|p2a: Sinistcha\n|move|p2b: Politoed|Weather Ball|p1b: Froslass\n|-resisted|p1b: Froslass|1\n|-damage|p1b: Froslass|87/100\n|move|p1a: Orthworm|Body Press|p2b: Politoed\n|-damage|p2b: Politoed|53/100\n|\n|-weather|Snowscape|[upkeep]\n|-damage|p1a: Orthworm|3/100 brn|[from] brn\n|upkeep\n|\n|t:|1776110026\n|switch|p2a: Incineroar|Incineroar, L50, M|51/100\n|-ability|p2a: Incineroar|Intimidate|boost\n|-unboost|p1a: Orthworm|atk|1\n|-unboost|p1b: Froslass|atk|1\n|turn|9\n|\n|t:|1776110041\n|move|p1b: Froslass|Protect|p1b: Froslass\n|-singleturn|p1b: Froslass|Protect\n|move|p2b: Politoed|Weather Ball|p1a: Orthworm\n|-resisted|p1a: Orthworm|1\n|-crit|p1a: Orthworm\n|-damage|p1a: Orthworm|0 fnt\n|faint|p1a: Orthworm\n|move|p2a: Incineroar|Darkest Lariat|p1b: Froslass\n|-activate|p1b: Froslass|move: Protect\n|\n|-weather|Snowscape|[upkeep]\n|upkeep\n|\n|t:|1776110050\n|switch|p1a: Basculegion|Basculegion-F, L50, F|42/100\n|turn|10\n|\n|t:|1776110058\n|move|p2b: Politoed|Protect|p2b: Politoed\n|-singleturn|p2b: Politoed|Protect\n|move|p1a: Basculegion|Wave Crash|p2a: Incineroar\n|-supereffective|p2a: Incineroar|1\n|-damage|p2a: Incineroar|0 fnt\n|faint|p2a: Incineroar\n|-damage|p1a: Basculegion|25/100|[from] Recoil\n|move|p1b: Froslass|Shadow Ball|p2b: Politoed\n|-activate|p2b: Politoed|move: Protect\n|\n|-weather|Snowscape|[upkeep]\n|upkeep\n|turn|11\n|-message|RaSaTan forfeited.\n|\n|win|dmarin0301\n|raw|dmarin0301's rating: 1110 &rarr; <strong>1136</strong><br />(+26 for winning)\n|raw|RaSaTan's rating: 1121 &rarr; <strong>1095</strong><br />(-26 for losing)\n|l|\u2606RaSaTan\n|player|p2|\n",
  "uploadtime": 1776110073,
  "views": 16,
  "formatid": "gen9championsvgc2026regma",
  "rating": 1095,
  "private": 0,
  "password": null
}