{
  "id": "gen9championsvgc2026regma-2584736506",
  "format": "[Gen 9 Champions] VGC 2026 Reg M-A",
  "players": [
    "lhomkwai",
    "SacredArmadillo"
  ],
  "log": "|j|\u2606lhomkwai\n|j|\u2606SacredArmadillo\n|t:|1776280059\n|gametype|doubles\n|player|p1|lhomkwai|victor-dojo|1269\n|player|p2|SacredArmadillo|ash|1168\n|gen|9\n|tier|[Gen 9 Champions] VGC 2026 Reg M-A\n|rated|\n|rule|Species Clause: Limit one of each Pok\u00e9mon\n|rule|Item Clause: Limit 1 of each item\n|clearpoke\n|poke|p1|Crabominable, L50, M|\n|poke|p1|Farigiraf, L50, M|\n|poke|p1|Empoleon, L50, F|\n|poke|p1|Incineroar, L50, M|\n|poke|p1|Sinistcha, L50|\n|poke|p1|Araquanid, L50, M|\n|poke|p2|Talonflame, L50, F|\n|poke|p2|Dragonite, L50, M|\n|poke|p2|Empoleon, L50, F|\n|poke|p2|Archaludon, L50, F|\n|poke|p2|Garchomp, L50, M|\n|poke|p2|Tyranitar, L50, M|\n|teampreview|4\n|inactive|Battle timer is ON: inactive players will automatically lose when time's up. (requested by lhomkwai)\n|inactive|SacredArmadillo has 60 seconds left.\n|\n|t:|1776280104\n|teamsize|p1|4\n|teamsize|p2|4\n|start\n|switch|p1a: Farigiraf|Farigiraf, L50, M|100/100\n|switch|p1b: Sinistcha|Sinistcha, L50|100/100\n|switch|p2a: Archaludon|Archaludon, L50, F|100/100\n|switch|p2b: Empoleon|Empoleon, L50, F|100/100\n|turn|1\n|\n|t:|1776280128\n|move|p1b: Sinistcha|Rage Powder|p1b: Sinistcha\n|-singleturn|p1b: Sinistcha|move: Rage Powder\n|move|p2a: Archaludon|Dragon Pulse|p1b: Sinistcha\n|-damage|p1b: Sinistcha|43/100\n|move|p2b: Empoleon|Hydro Pump|p1b: Sinistcha|[miss]\n|-miss|p2b: Empoleon|p1b: Sinistcha\n|move|p1a: Farigiraf|Trick Room|p1a: Farigiraf\n|-fieldstart|move: Trick Room|[of] p1a: Farigiraf\n|\n|upkeep\n|turn|2\n|\n|t:|1776280146\n|switch|p1a: Crabominable|Crabominable, L50, M|100/100\n|move|p2b: Empoleon|Protect|p2b: Empoleon\n|-singleturn|p2b: Empoleon|Protect\n|move|p2a: Archaludon|Protect|p2a: Archaludon\n|-singleturn|p2a: Archaludon|Protect\n|move|p1b: Sinistcha|Rage Powder|p1b: Sinistcha\n|-singleturn|p1b: Sinistcha|move: Rage Powder\n|\n|upkeep\n|turn|3\n|inactive|SacredArmadillo has 30 seconds left.\n|\n|t:|1776280175\n|switch|p2a: Talonflame|Talonflame, L50, F|100/100\n|detailschange|p1a: Crabominable|Crabominable-Mega, L50, M\n|-mega|p1a: Crabominable|Crabominable|Crabominite\n|move|p1b: Sinistcha|Rage Powder|p1b: Sinistcha\n|-singleturn|p1b: Sinistcha|move: Rage Powder\n|move|p1a: Crabominable|Drain Punch|p2b: Empoleon\n|-supereffective|p2b: Empoleon|1\n|-crit|p2b: Empoleon\n|-damage|p2b: Empoleon|0 fnt\n|faint|p2b: Empoleon\n|\n|upkeep\n|\n|t:|1776280187\n|switch|p2b: Archaludon|Archaludon, L50, F|100/100\n|turn|4\n|\n|t:|1776280202\n|move|p2a: Talonflame|Brave Bird|p1b: Sinistcha\n|-supereffective|p1b: Sinistcha|1\n|-damage|p1b: Sinistcha|0 fnt\n|faint|p1b: Sinistcha\n|-damage|p2a: Talonflame|84/100|[from] Recoil\n|move|p1a: Crabominable|Rock Slide|p2b: Archaludon|[spread] p2a\n|-miss|p1a: Crabominable|p2b: Archaludon\n|-supereffective|p2a: Talonflame|2\n|-damage|p2a: Talonflame|0 fnt\n|faint|p2a: Talonflame\n|move|p2b: Archaludon|Flash Cannon|p1a: Crabominable\n|-supereffective|p1a: Crabominable|1\n|-damage|p1a: Crabominable|31/100\n|\n|upkeep\n|\n|t:|1776280223\n|switch|p1b: Farigiraf|Farigiraf, L50, M|100/100\n|switch|p2a: Tyranitar|Tyranitar, L50, M|100/100\n|-weather|Sandstorm|[from] ability: Sand Stream|[of] p2a: Tyranitar\n|turn|5\n|inactive|SacredArmadillo has 30 seconds left.\n|\n|t:|1776280248\n|move|p1b: Farigiraf|Helping Hand|p1a: Crabominable\n|-singleturn|p1a: Crabominable|Helping Hand|[of] p1b: Farigiraf\n|move|p2a: Tyranitar|Protect|p2a: Tyranitar\n|-singleturn|p2a: Tyranitar|Protect\n|move|p1a: Crabominable|Drain Punch|p2a: Tyranitar\n|-activate|p2a: Tyranitar|move: Protect\n|move|p2b: Archaludon|Flash Cannon|p1a: Crabominable\n|-supereffective|p1a: Crabominable|1\n|-damage|p1a: Crabominable|0 fnt\n|faint|p1a: Crabominable\n|\n|-weather|Sandstorm|[upkeep]\n|-damage|p1b: Farigiraf|94/100|[from] Sandstorm\n|-fieldend|move: Trick Room\n|upkeep\n|\n|t:|1776280257\n|switch|p1a: Empoleon|Empoleon, L50, F|100/100\n|turn|6\n|\n|t:|1776280275\n|detailschange|p2a: Tyranitar|Tyranitar-Mega, L50, M\n|-mega|p2a: Tyranitar|Tyranitar|Tyranitarite\n|move|p2a: Tyranitar|Knock Off|p1b: Farigiraf\n|-supereffective|p1b: Farigiraf|1\n|-enditem|p1b: Farigiraf|Colbur Berry|[eat]\n|-enditem|p1b: Farigiraf|Colbur Berry|[weaken]\n|-damage|p1b: Farigiraf|43/100\n|move|p2b: Archaludon|Dragon Pulse|p1b: Farigiraf\n|-damage|p1b: Farigiraf|2/100\n|move|p1a: Empoleon|Hydro Pump|p2a: Tyranitar|[miss]\n|-miss|p1a: Empoleon|p2a: Tyranitar\n|move|p1b: Farigiraf|Trick Room|p1b: Farigiraf\n|-fieldstart|move: Trick Room|[of] p1b: Farigiraf\n|\n|-weather|Sandstorm|[upkeep]\n|-damage|p1b: Farigiraf|0 fnt|[from] Sandstorm\n|faint|p1b: Farigiraf\n|upkeep\n|turn|7\n|\n|t:|1776280293\n|move|p1a: Empoleon|Protect|p1a: Empoleon\n|-singleturn|p1a: Empoleon|Protect\n|move|p2b: Archaludon|Protect|p2b: Archaludon\n|-singleturn|p2b: Archaludon|Protect\n|move|p2a: Tyranitar|Protect||[still]\n|-fail|p2a: Tyranitar\n|\n|-weather|Sandstorm|[upkeep]\n|upkeep\n|turn|8\n|\n|t:|1776280305\n|move|p1a: Empoleon|Ice Beam|p2b: Archaludon\n|-damage|p2b: Archaludon|63/100\n|-ability|p2b: Archaludon|Stamina|boost\n|-boost|p2b: Archaludon|def|1\n|move|p2b: Archaludon|Thunderbolt|p1a: Empoleon\n|-supereffective|p1a: Empoleon|1\n|-damage|p1a: Empoleon|37/100\n|-status|p1a: Empoleon|par\n|move|p2a: Tyranitar|Knock Off|p1a: Empoleon\n|-damage|p1a: Empoleon|0 fnt\n|-enditem|p1a: Empoleon|Shuca Berry|[from] move: Knock Off|[of] p2a: Tyranitar\n|faint|p1a: Empoleon\n|\n|win|SacredArmadillo\n|raw|lhomkwai's rating: 1269 &rarr; <strong>1237</strong><br />(-32 for losing)\n|raw|SacredArmadillo's rating: 1168 &rarr; <strong>1200</strong><br />(+32 for winning)\n|l|\u2606lhomkwai\n|player|p1|\n",
  "uploadtime": 1776280327,
  "views": 21,
  "formatid": "gen9championsvgc2026regma",
  "rating": 1200,
  "private": 0,
  "password": null
}