{
  "id": "gen9championsvgc2026regma-2587822839",
  "format": "[Gen 9 Champions] VGC 2026 Reg M-A",
  "players": [
    "cromazon007",
    "Firdaws"
  ],
  "log": "|j|\u2606cromazon007\n|j|\u2606Firdaws\n|t:|1776567602\n|gametype|doubles\n|player|p1|cromazon007|1|\n|player|p2|Firdaws|essentia|\n|gen|9\n|tier|[Gen 9 Champions] VGC 2026 Reg M-A\n|rated|Tournament battle\n|rule|Species Clause: Limit one of each Pok\u00e9mon\n|rule|Item Clause: Limit 1 of each item\n|raw|<div class=\"infobox\"><details class=\"readmore\" open><summary><strong>1 custom rule:</strong></summary> Force Open Team Sheets</details></div>\n|clearpoke\n|poke|p1|Gengar, L50, F|\n|poke|p1|Whimsicott, L50, M|\n|poke|p1|Tauros-Paldea-Aqua, L50, M|\n|poke|p1|Clefable, L50, F|\n|poke|p1|Noivern, L50, F|\n|poke|p1|Rotom-Frost, L50|\n|poke|p2|Scovillain, L50, M|\n|poke|p2|Sinistcha-Masterpiece, L50|\n|poke|p2|Kingambit, L50, F|\n|poke|p2|Aerodactyl, L50, M|\n|poke|p2|Excadrill, L50, F|\n|poke|p2|Tyranitar, L50, F|\n|teampreview|4\n|showteam|p1|Gengar||Gengarite|CursedBody|NastyPlot,ShadowBall,SludgeWave,Substitute|||F|||50|]Whimsicott||MentalHerb|Prankster|Tailwind,Taunt,DazzlingGleam,HelpingHand|||M|||50|]Tauros-Paldea-Aqua||ChoiceScarf|Intimidate|RagingBull,CloseCombat,Earthquake,RockSlide|||M|||50|]Clefable||FocusSash|MagicGuard|DazzlingGleam,FollowMe,HelpingHand,IcyWind|||F|||50|]Noivern||DragonFang|Frisk|Tailwind,Taunt,Hurricane,DracoMeteor|||F|||50|]Rotom-Frost||Leftovers|Levitate|Substitute,NastyPlot,Blizzard,Thunderbolt||||||50|\n|showteam|p2|Scovillain||Scovillainite|Chlorophyll|RagePowder,LeechSeed,Protect,Flamethrower|||M|||50|]Sinistcha-Masterpiece||Leftovers|Hospitality|MatchaGotcha,LifeDew,Protect,TrickRoom||||||50|]Kingambit||BlackGlasses|Defiant|SuckerPunch,IronHead,Protect,LowKick|||F|||50|]Aerodactyl||FocusSash|RockHead|DualWingbeat,Tailwind,RockSlide,Protect|||M|||50|]Excadrill||LumBerry|SandRush|Earthquake,Protect,IronHead,RockSlide|||F|||50|]Tyranitar||ChopleBerry|SandStream|RockSlide,KnockOff,Protect,IcePunch|||F|||50|\n|c|\u2606cromazon007|gl\n|c|\u2606Firdaws|U2\n|\n|t:|1776567657\n|teamsize|p1|4\n|teamsize|p2|4\n|start\n|switch|p1a: Tauros|Tauros-Paldea-Aqua, L50, M|100/100\n|switch|p1b: Whimsicott|Whimsicott, L50, M|100/100\n|switch|p2a: Kingambit|Kingambit, L50, F|100/100\n|switch|p2b: Aerodactyl|Aerodactyl, L50, M|100/100\n|-ability|p1a: Tauros|Intimidate|boost\n|-unboost|p2a: Kingambit|atk|1\n|-ability|p2a: Kingambit|Defiant|boost\n|-boost|p2a: Kingambit|atk|2\n|-unboost|p2b: Aerodactyl|atk|1\n|turn|1\n|\n|t:|1776567694\n|switch|p2a: Sinistcha|Sinistcha-Masterpiece, L50|100/100\n|move|p1b: Whimsicott|Tailwind|p1b: Whimsicott\n|-sidestart|p1: cromazon007|move: Tailwind\n|move|p1a: Tauros|Raging Bull|p2b: Aerodactyl\n|-supereffective|p2b: Aerodactyl|1\n|-enditem|p2b: Aerodactyl|Focus Sash\n|-damage|p2b: Aerodactyl|1/100\n|move|p2b: Aerodactyl|Dual Wingbeat|p1b: Whimsicott\n|-supereffective|p1b: Whimsicott|1\n|-damage|p1b: Whimsicott|72/100\n|-supereffective|p1b: Whimsicott|1\n|-damage|p1b: Whimsicott|42/100\n|-hitcount|p1b: Whimsicott|2\n|\n|upkeep\n|turn|2\n|inactive|Battle timer is ON: inactive players will automatically lose when time's up. (requested by cromazon007)\n|inactive|Firdaws has 60 seconds left.\n|\n|t:|1776567736\n|switch|p2b: Scovillain|Scovillain, L50, M|100/100\n|move|p1b: Whimsicott|Taunt|p2a: Sinistcha\n|-start|p2a: Sinistcha|move: Taunt\n|move|p1a: Tauros|Raging Bull|p2b: Scovillain\n|-damage|p2b: Scovillain|57/100\n|move|p2a: Sinistcha|Matcha Gotcha|p1b: Whimsicott|[spread] p1a,p1b\n|-supereffective|p1a: Tauros|1\n|-resisted|p1b: Whimsicott|1\n|-damage|p1a: Tauros|29/100\n|-damage|p1b: Whimsicott|24/100\n|\n|upkeep\n|turn|3\n|\n|t:|1776567757\n|detailschange|p2b: Scovillain|Scovillain-Mega, L50, M\n|-mega|p2b: Scovillain|Scovillain|Scovillainite\n|move|p1b: Whimsicott|Helping Hand|p1a: Tauros\n|-singleturn|p1a: Tauros|Helping Hand|[of] p1b: Whimsicott\n|move|p2b: Scovillain|Protect|p2b: Scovillain\n|-singleturn|p2b: Scovillain|Protect\n|move|p1a: Tauros|Raging Bull|p2b: Scovillain\n|-activate|p2b: Scovillain|move: Protect\n|move|p2a: Sinistcha|Matcha Gotcha|p1b: Whimsicott|[spread] p1a,p1b\n|-supereffective|p1a: Tauros|1\n|-resisted|p1b: Whimsicott|1\n|-damage|p1a: Tauros|0 fnt\n|-damage|p1b: Whimsicott|7/100\n|faint|p1a: Tauros\n|\n|upkeep\n|\n|t:|1776567774\n|switch|p1a: Gengar|Gengar, L50, F|100/100\n|turn|4\n|\n|t:|1776567796\n|switch|p2b: Kingambit|Kingambit, L50, F|100/100\n|switch|p2a: Aerodactyl|Aerodactyl, L50, M|1/100\n|detailschange|p1a: Gengar|Gengar-Mega, L50, F\n|-mega|p1a: Gengar|Gengar|Gengarite\n|move|p1b: Whimsicott|Helping Hand|p1a: Gengar\n|-singleturn|p1a: Gengar|Helping Hand|[of] p1b: Whimsicott\n|move|p1a: Gengar|Shadow Ball|p2a: Aerodactyl\n|-damage|p2a: Aerodactyl|0 fnt\n|faint|p2a: Aerodactyl\n|\n|-sideend|p1: cromazon007|move: Tailwind\n|upkeep\n|\n|t:|1776567809\n|switch|p2a: Sinistcha|Sinistcha-Masterpiece, L50|100/100\n|turn|5\n|\n|t:|1776567817\n|move|p2a: Sinistcha|Protect|p2a: Sinistcha\n|-singleturn|p2a: Sinistcha|Protect\n|move|p1b: Whimsicott|Taunt|p2a: Sinistcha\n|-activate|p2a: Sinistcha|move: Protect\n|move|p1a: Gengar|Substitute|p1a: Gengar\n|-start|p1a: Gengar|Substitute\n|-damage|p1a: Gengar|76/100\n|move|p2b: Kingambit|Iron Head|p1a: Gengar\n|-end|p1a: Gengar|Substitute\n|\n|upkeep\n|turn|6\n|\n|t:|1776567839\n|switch|p2a: Scovillain|Scovillain-Mega, L50, M|57/100\n|move|p1b: Whimsicott|Helping Hand|p1a: Gengar\n|-singleturn|p1a: Gengar|Helping Hand|[of] p1b: Whimsicott\n|move|p1a: Gengar|Shadow Ball|p2b: Kingambit\n|-resisted|p2b: Kingambit|1\n|-damage|p2b: Kingambit|63/100\n|-unboost|p2b: Kingambit|spd|1\n|-ability|p2b: Kingambit|Defiant|boost\n|-boost|p2b: Kingambit|atk|2\n|move|p2b: Kingambit|Iron Head|p1a: Gengar\n|-damage|p1a: Gengar|0 fnt\n|faint|p1a: Gengar\n|\n|upkeep\n|\n|t:|1776567850\n|switch|p1a: Noivern|Noivern, L50, F|100/100\n|-item|p2a: Scovillain|Scovillainite|[from] ability: Frisk|[of] p1a: Noivern\n|-item|p2b: Kingambit|Black Glasses|[from] ability: Frisk|[of] p1a: Noivern\n|turn|7\n|inactive|cromazon007 has 30 seconds left.\n|inactive|Firdaws has 30 seconds left.\n|inactive|cromazon007 has 20 seconds left.\n|inactive|Firdaws has 20 seconds left.\n|inactive|Firdaws has 15 seconds left.\n|\n|t:|1776567893\n|move|p2a: Scovillain|Protect|p2a: Scovillain\n|-singleturn|p2a: Scovillain|Protect\n|move|p2b: Kingambit|Sucker Punch|p1a: Noivern\n|-damage|p1a: Noivern|0 fnt\n|faint|p1a: Noivern\n|move|p1b: Whimsicott|Dazzling Gleam|p2a: Scovillain|[spread] p2b\n|-activate|p2a: Scovillain|move: Protect\n|-damage|p2b: Kingambit|36/100\n|\n|upkeep\n|turn|8\n|c|\u2606cromazon007|gg\n|c|\u2606Firdaws|Gg bro\n|\n|t:|1776567913\n|move|p2a: Scovillain|Rage Powder|p2a: Scovillain\n|-singleturn|p2a: Scovillain|move: Rage Powder\n|move|p1b: Whimsicott|Tailwind|p1b: Whimsicott\n|-sidestart|p1: cromazon007|move: Tailwind\n|move|p2b: Kingambit|Iron Head|p1b: Whimsicott\n|-supereffective|p1b: Whimsicott|1\n|-damage|p1b: Whimsicott|0 fnt\n|faint|p1b: Whimsicott\n|\n|win|Firdaws\n|n|\u2606cromazon007|cromazon007\n|n|\u2606Firdaws|firdaws\n",
  "uploadtime": 1776567917,
  "views": 6,
  "formatid": "gen9championsvgc2026regma",
  "rating": null,
  "private": 0,
  "password": null
}