{
  "id": "gen9championsvgc2026regma-2582131642",
  "format": "[Gen 9 Champions] VGC 2026 Reg M-A",
  "players": [
    "holdingc",
    "mmmjam"
  ],
  "log": "|j|\u2606holdingc\n|j|\u2606mmmjam\n|t:|1776062057\n|gametype|doubles\n|player|p1|holdingc|anabel-gen7|1128\n|player|p2|mmmjam|266|1132\n|gen|9\n|tier|[Gen 9 Champions] VGC 2026 Reg M-A\n|rated|\n|rule|Species Clause: Limit one of each Pok\u00e9mon\n|rule|Item Clause: Limit 1 of each item\n|clearpoke\n|poke|p1|Meowscarada, L50, F|\n|poke|p1|Garchomp, L50, M|\n|poke|p1|Talonflame, L50, F|\n|poke|p1|Sylveon, L50, M|\n|poke|p1|Glimmora, L50, M|\n|poke|p1|Rotom-Wash, L50|\n|poke|p2|Meganium, L50, F|\n|poke|p2|Politoed, L50, F|\n|poke|p2|Basculegion, L50, M|\n|poke|p2|Archaludon, L50, F|\n|poke|p2|Sneasler, L50, M|\n|poke|p2|Talonflame, L50, M|\n|teampreview|4\n|inactive|Battle timer is ON: inactive players will automatically lose when time's up. (requested by holdingc)\n|inactive|holdingc has 60 seconds left.\n|inactive|mmmjam has 60 seconds left.\n|\n|t:|1776062103\n|teamsize|p1|4\n|teamsize|p2|4\n|start\n|switch|p1a: Rotom|Rotom-Wash, L50|100/100\n|switch|p1b: Garchomp|Garchomp, L50, M|100/100\n|switch|p2a: Politoed|Politoed, L50, F|100/100\n|switch|p2b: Basculegion|Basculegion, L50, M|100/100\n|-weather|RainDance|[from] ability: Drizzle|[of] p2a: Politoed\n|turn|1\n|inactive|mmmjam has 30 seconds left.\n|\n|t:|1776062134\n|move|p1b: Garchomp|Protect|p1b: Garchomp\n|-singleturn|p1b: Garchomp|Protect\n|move|p2b: Basculegion|Flip Turn|p1b: Garchomp\n|-activate|p1b: Garchomp|move: Protect\n|move|p1a: Rotom|Electroweb|p2a: Politoed|[spread] p2a,p2b\n|-supereffective|p2a: Politoed|1\n|-supereffective|p2b: Basculegion|1\n|-damage|p2a: Politoed|76/100\n|-damage|p2b: Basculegion|64/100\n|-unboost|p2a: Politoed|spe|1\n|-unboost|p2b: Basculegion|spe|1\n|move|p2a: Politoed|Icy Wind|p1b: Garchomp|[spread] p1a\n|-activate|p1b: Garchomp|move: Protect\n|-resisted|p1a: Rotom|1\n|-damage|p1a: Rotom|97/100\n|-unboost|p1a: Rotom|spe|1\n|\n|-weather|RainDance|[upkeep]\n|upkeep\n|turn|2\n|inactive|holdingc has 30 seconds left.\n|inactive|mmmjam has 30 seconds left.\n|\n|t:|1776062167\n|switch|p2b: Meganium|Meganium, L50, F|100/100\n|move|p1b: Garchomp|Earthquake|p2a: Politoed|[spread] p2a,p2b\n|-immune|p1a: Rotom|[from] ability: Levitate\n|-resisted|p2b: Meganium|1\n|-damage|p2a: Politoed|40/100\n|-damage|p2b: Meganium|80/100\n|-enditem|p2a: Politoed|Sitrus Berry|[eat]\n|-heal|p2a: Politoed|64/100|[from] item: Sitrus Berry\n|move|p1a: Rotom|Electroweb|p2a: Politoed|[spread] p2a,p2b\n|-supereffective|p2a: Politoed|1\n|-resisted|p2b: Meganium|1\n|-damage|p2a: Politoed|42/100\n|-damage|p2b: Meganium|73/100\n|-unboost|p2a: Politoed|spe|1\n|-unboost|p2b: Meganium|spe|1\n|move|p2a: Politoed|Icy Wind|p1b: Garchomp|[spread] p1a,p1b\n|-resisted|p1a: Rotom|1\n|-supereffective|p1b: Garchomp|2\n|-damage|p1a: Rotom|92/100\n|-damage|p1b: Garchomp|59/100\n|-unboost|p1a: Rotom|spe|1\n|-unboost|p1b: Garchomp|spe|1\n|\n|-weather|RainDance|[upkeep]\n|upkeep\n|turn|3\n|inactive|holdingc has 30 seconds left.\n|inactive|mmmjam has 30 seconds left.\n|\n|t:|1776062197\n|detailschange|p2b: Meganium|Meganium-Mega, L50, F\n|-mega|p2b: Meganium|Meganium|Meganiumite\n|move|p2a: Politoed|Protect|p2a: Politoed\n|-singleturn|p2a: Politoed|Protect\n|move|p1b: Garchomp|Earthquake|p2b: Meganium|[spread] p2b\n|-activate|p2a: Politoed|move: Protect\n|-immune|p1a: Rotom|[from] ability: Levitate\n|-resisted|p2b: Meganium|1\n|-damage|p2b: Meganium|54/100\n|move|p2b: Meganium|Solar Beam||[still]\n|-prepare|p2b: Meganium|Solar Beam\n|-activate|p2b: Meganium|ability: Mega Sol\n|-anim|p2b: Meganium|Solar Beam|p1a: Rotom\n|-supereffective|p1a: Rotom|1\n|-damage|p1a: Rotom|0 fnt\n|faint|p1a: Rotom\n|\n|-weather|RainDance|[upkeep]\n|upkeep\n|\n|t:|1776062216\n|switch|p1a: Glimmora|Glimmora, L50, M|100/100\n|turn|4\n|\n|t:|1776062238\n|switch|p2a: Basculegion|Basculegion, L50, M|64/100\n|detailschange|p1a: Glimmora|Glimmora-Mega, L50, M\n|-mega|p1a: Glimmora|Glimmora|Glimmoranite\n|move|p1b: Garchomp|Protect|p1b: Garchomp\n|-singleturn|p1b: Garchomp|Protect\n|move|p1a: Glimmora|Sludge Bomb|p2a: Basculegion\n|-resisted|p2a: Basculegion|1\n|-damage|p2a: Basculegion|25/100\n|-status|p2a: Basculegion|psn\n|move|p2b: Meganium|Dazzling Gleam|p1a: Glimmora|[spread] p1a\n|-activate|p1b: Garchomp|move: Protect\n|-resisted|p1a: Glimmora|1\n|-damage|p1a: Glimmora|78/100\n|\n|-weather|RainDance|[upkeep]\n|-damage|p2a: Basculegion|13/100 psn|[from] psn\n|upkeep\n|turn|5\n|inactive|mmmjam has 30 seconds left.\n|inactive|mmmjam has 20 seconds left.\n|inactive|mmmjam has 15 seconds left.\n|inactive|mmmjam has 10 seconds left.\n|inactive|mmmjam has 5 seconds left.\n|\n|t:|1776062292\n|switch|p2b: Archaludon|Archaludon, L50, F|100/100\n|move|p1a: Glimmora|Spiky Shield|p1a: Glimmora\n|-singleturn|p1a: Glimmora|move: Protect\n|move|p2a: Basculegion|Wave Crash|p1b: Garchomp\n|-damage|p1b: Garchomp|0 fnt\n|-damage|p2a: Basculegion|1/100 psn|[from] ability: Rough Skin|[of] p1b: Garchomp\n|faint|p1b: Garchomp\n|-damage|p2a: Basculegion|0 fnt|[from] Recoil\n|faint|p2a: Basculegion\n|\n|-weather|none\n|upkeep\n|\n|t:|1776062306\n|switch|p1b: Meowscarada|Meowscarada, L50, F|100/100\n|switch|p2a: Politoed|Politoed, L50, F|42/100\n|-weather|RainDance|[from] ability: Drizzle|[of] p2a: Politoed\n|turn|6\n|inactive|holdingc has 30 seconds left.\n|inactive|holdingc has 20 seconds left.\n|inactive|holdingc has 15 seconds left.\n|inactive|holdingc has 10 seconds left.\n|\n|t:|1776062354\n|move|p1b: Meowscarada|Protect|p1b: Meowscarada\n|-singleturn|p1b: Meowscarada|Protect\n|move|p2a: Politoed|Protect|p2a: Politoed\n|-singleturn|p2a: Politoed|Protect\n|move|p1a: Glimmora|Earth Power|p2b: Archaludon\n|-supereffective|p2b: Archaludon|1\n|-ability|p2b: Archaludon|Sturdy\n|-damage|p2b: Archaludon|1/100\n|move|p2b: Archaludon|Flash Cannon|p1a: Glimmora\n|-supereffective|p1a: Glimmora|1\n|-damage|p1a: Glimmora|0 fnt\n|faint|p1a: Glimmora\n|\n|-weather|RainDance|[upkeep]\n|upkeep\n|turn|7\n|-message|holdingc forfeited.\n|\n|win|mmmjam\n|raw|holdingc's rating: 1128 &rarr; <strong>1103</strong><br />(-25 for losing)\n|raw|mmmjam's rating: 1132 &rarr; <strong>1157</strong><br />(+25 for winning)\n|l|\u2606holdingc\n|player|p1|\n",
  "uploadtime": 1776062378,
  "views": 21,
  "formatid": "gen9championsvgc2026regma",
  "rating": 1103,
  "private": 0,
  "password": null
}