{
  "id": "gen9championsvgc2026regma-2583026239",
  "format": "[Gen 9 Champions] VGC 2026 Reg M-A",
  "players": [
    "Ginesect",
    "utkatana"
  ],
  "log": "|j|\u2606Ginesect\n|j|\u2606utkatana\n|t:|1776134512\n|gametype|doubles\n|player|p1|Ginesect|gambler|1136\n|player|p2|utkatana|101|1083\n|gen|9\n|tier|[Gen 9 Champions] VGC 2026 Reg M-A\n|rated|\n|rule|Species Clause: Limit one of each Pok\u00e9mon\n|rule|Item Clause: Limit 1 of each item\n|clearpoke\n|poke|p1|Delphox, L50, F|\n|poke|p1|Sneasler, L50, F|\n|poke|p1|Basculegion, L50, M|\n|poke|p1|Garchomp, L50, F|\n|poke|p1|Kingambit, L50, M|\n|poke|p1|Whimsicott, L50, F|\n|poke|p2|Glimmora, L50, F|\n|poke|p2|Incineroar, L50, F|\n|poke|p2|Kommo-o, L50, F|\n|poke|p2|Whimsicott, L50, M|\n|poke|p2|Ninetales-Alola, L50, M|\n|poke|p2|Rotom-Wash, L50|\n|teampreview|4\n|l|\u2606Ginesect\n|player|p1|\n|j|\u2606Ginesect\n|player|p1|Ginesect|gambler|\n|\n|t:|1776134569\n|teamsize|p1|4\n|teamsize|p2|4\n|start\n|switch|p1a: Sneasler|Sneasler, L50, F|100/100\n|switch|p1b: Whimsicott|Whimsicott, L50, F|100/100\n|switch|p2a: Rotom|Rotom-Wash, L50|100/100\n|switch|p2b: Incineroar|Incineroar, L50, F|100/100\n|-ability|p2b: Incineroar|Intimidate|boost\n|-unboost|p1a: Sneasler|atk|1\n|-unboost|p1b: Whimsicott|atk|1\n|-enditem|p1a: Sneasler|White Herb\n|-clearnegativeboost|p1a: Sneasler|[silent]\n|turn|1\n|\n|t:|1776134612\n|move|p1a: Sneasler|Fake Out|p2b: Incineroar\n|-damage|p2b: Incineroar|88/100\n|cant|p2b: Incineroar|flinch\n|move|p1b: Whimsicott|Moonblast|p2a: Rotom\n|-damage|p2a: Rotom|76/100\n|move|p2a: Rotom|Will-O-Wisp|p1a: Sneasler\n|-status|p1a: Sneasler|brn\n|\n|-damage|p1a: Sneasler|95/100 brn|[from] brn\n|upkeep\n|turn|2\n|\n|t:|1776134639\n|switch|p2a: Glimmora|Glimmora, L50, F|100/100\n|move|p1a: Sneasler|Close Combat|p2b: Incineroar\n|-supereffective|p2b: Incineroar|1\n|-damage|p2b: Incineroar|41/100\n|-unboost|p1a: Sneasler|def|1\n|-unboost|p1a: Sneasler|spd|1\n|move|p1b: Whimsicott|Moonblast|p2b: Incineroar\n|-damage|p2b: Incineroar|15/100\n|move|p2b: Incineroar|Flare Blitz|p1b: Whimsicott\n|-supereffective|p1b: Whimsicott|1\n|-damage|p1b: Whimsicott|0 fnt\n|faint|p1b: Whimsicott\n|-damage|p2b: Incineroar|0 fnt|[from] Recoil\n|faint|p2b: Incineroar\n|\n|-damage|p1a: Sneasler|89/100 brn|[from] brn\n|upkeep\n|l|\u2606Ginesect\n|player|p1|\n|j|\u2606Ginesect\n|player|p1|Ginesect|gambler|\n|inactive|Battle timer is ON: inactive players will automatically lose when time's up. (requested by utkatana)\n|\n|t:|1776134703\n|switch|p1b: Delphox|Delphox, L50, F|100/100\n|switch|p2b: Rotom|Rotom-Wash, L50|76/100\n|turn|3\n|\n|t:|1776134727\n|switch|p2a: Ninetales|Ninetales-Alola, L50, M|100/100\n|-weather|Snowscape|[from] ability: Snow Warning|[of] p2a: Ninetales\n|detailschange|p1b: Delphox|Delphox-Mega, L50, F\n|-mega|p1b: Delphox|Delphox|Delphoxite\n|move|p1a: Sneasler|Protect|p1a: Sneasler\n|-singleturn|p1a: Sneasler|Protect\n|move|p1b: Delphox|Protect|p1b: Delphox\n|-singleturn|p1b: Delphox|Protect\n|move|p2b: Rotom|Hydro Pump|p1b: Delphox\n|-activate|p1b: Delphox|move: Protect\n|\n|-weather|Snowscape|[upkeep]\n|-damage|p1a: Sneasler|83/100 brn|[from] brn\n|upkeep\n|turn|4\n|inactive|utkatana has 30 seconds left.\n|\n|t:|1776134759\n|move|p1a: Sneasler|Dire Claw|p2a: Ninetales\n|-supereffective|p2a: Ninetales|1\n|-damage|p2a: Ninetales|63/100\n|-status|p2a: Ninetales|par\n|move|p1b: Delphox|Heat Wave|p2a: Ninetales|[spread] p2a,p2b\n|-supereffective|p2a: Ninetales|1\n|-resisted|p2b: Rotom|1\n|-damage|p2a: Ninetales|0 fnt\n|-damage|p2b: Rotom|56/100\n|faint|p2a: Ninetales\n|move|p2b: Rotom|Thunderbolt|p1a: Sneasler\n|-damage|p1a: Sneasler|13/100 brn\n|\n|-weather|Snowscape|[upkeep]\n|-damage|p1a: Sneasler|7/100 brn|[from] brn\n|upkeep\n|\n|t:|1776134771\n|switch|p2a: Glimmora|Glimmora, L50, F|100/100\n|turn|5\n|inactive|utkatana has 30 seconds left.\n|\n|t:|1776134797\n|detailschange|p2a: Glimmora|Glimmora-Mega, L50, F\n|-mega|p2a: Glimmora|Glimmora|Glimmoranite\n|move|p1b: Delphox|Protect|p1b: Delphox\n|-singleturn|p1b: Delphox|Protect\n|move|p2a: Glimmora|Spiky Shield|p2a: Glimmora\n|-singleturn|p2a: Glimmora|move: Protect\n|move|p1a: Sneasler|Close Combat|p2a: Glimmora\n|-activate|p2a: Glimmora|move: Protect\n|-damage|p1a: Sneasler|0 fnt|[from] Spiky Shield|[of] p2a: Glimmora\n|faint|p1a: Sneasler\n|move|p2b: Rotom|Hydro Pump|p1b: Delphox\n|-activate|p1b: Delphox|move: Protect\n|\n|-weather|Snowscape|[upkeep]\n|upkeep\n|\n|t:|1776134805\n|switch|p1a: Basculegion|Basculegion, L50, M|100/100\n|turn|6\n|inactive|utkatana has 30 seconds left.\n|\n|t:|1776134831\n|move|p1b: Delphox|Psychic|p2b: Rotom\n|-damage|p2b: Rotom|6/100\n|-enditem|p2b: Rotom|Sitrus Berry|[eat]\n|-heal|p2b: Rotom|31/100|[from] item: Sitrus Berry\n|move|p1a: Basculegion|Last Respects|p2a: Glimmora\n|-damage|p2a: Glimmora|0 fnt\n|faint|p2a: Glimmora\n|move|p2b: Rotom|Thunderbolt|p1a: Basculegion\n|-supereffective|p1a: Basculegion|1\n|-damage|p1a: Basculegion|14/100\n|\n|-weather|Snowscape|[upkeep]\n|upkeep\n|turn|7\n|-message|utkatana forfeited.\n|\n|win|Ginesect\n|raw|Ginesect's rating: 1136 &rarr; <strong>1157</strong><br />(+21 for winning)\n|raw|utkatana's rating: 1083 &rarr; <strong>1064</strong><br />(-19 for losing)\n|l|\u2606utkatana\n|player|p2|\n",
  "uploadtime": 1776134845,
  "views": 16,
  "formatid": "gen9championsvgc2026regma",
  "rating": 1064,
  "private": 0,
  "password": null
}