{
  "id": "gen9championsvgc2026regma-2588245557",
  "format": "[Gen 9 Champions] VGC 2026 Reg M-A",
  "players": [
    "ICE_Ricky23",
    "slippybingus"
  ],
  "log": "|j|\u2606ICE_Ricky23\n|j|\u2606slippybingus\n|t:|1776617672\n|gametype|doubles\n|player|p1|ICE_Ricky23|169|1194\n|player|p2|slippybingus|101|1148\n|gen|9\n|tier|[Gen 9 Champions] VGC 2026 Reg M-A\n|rated|\n|rule|Species Clause: Limit one of each Pok\u00e9mon\n|rule|Item Clause: Limit 1 of each item\n|clearpoke\n|poke|p1|Garchomp, L50, M|\n|poke|p1|Rotom-Frost, L50|\n|poke|p1|Basculegion, L50, M|\n|poke|p1|Floette-Eternal, L50, F|\n|poke|p1|Ninetales-Alola, L50, F|\n|poke|p1|Orthworm, L50, M|\n|poke|p2|Charizard, L50, F|\n|poke|p2|Sneasler, L50, F|\n|poke|p2|Tyranitar, L50, F|\n|poke|p2|Milotic, L50, F|\n|poke|p2|Sinistcha, L50|\n|poke|p2|Incineroar, L50, F|\n|teampreview|4\n|inactive|Battle timer is ON: inactive players will automatically lose when time's up. (requested by ICE_Ricky23)\n|\n|t:|1776617714\n|teamsize|p1|4\n|teamsize|p2|4\n|start\n|switch|p1a: Garchomp|Garchomp, L50, M|100/100\n|switch|p1b: Orthworm|Orthworm, L50, M|100/100\n|switch|p2a: Milotic|Milotic, L50, F|100/100\n|switch|p2b: Incineroar|Incineroar, L50, F|100/100\n|-ability|p2b: Incineroar|Intimidate|boost\n|-unboost|p1a: Garchomp|atk|1\n|-unboost|p1b: Orthworm|atk|1\n|turn|1\n|\n|t:|1776617739\n|move|p2b: Incineroar|Fake Out|p1b: Orthworm\n|-resisted|p1b: Orthworm|1\n|-damage|p1b: Orthworm|97/100\n|move|p1a: Garchomp|Earthquake|p2a: Milotic|[spread] p2a,p2b\n|-heal|p1b: Orthworm|100/100|[from] ability: Earth Eater|[of] p1a: Garchomp\n|-crit|p2a: Milotic\n|-supereffective|p2b: Incineroar|1\n|-damage|p2a: Milotic|56/100\n|-damage|p2b: Incineroar|53/100\n|move|p2a: Milotic|Icy Wind|p1b: Orthworm|[spread] p1a,p1b\n|-supereffective|p1a: Garchomp|2\n|-resisted|p1b: Orthworm|1\n|-damage|p1a: Garchomp|63/100\n|-damage|p1b: Orthworm|93/100\n|-unboost|p1a: Garchomp|spe|1\n|-unboost|p1b: Orthworm|spe|1\n|cant|p1b: Orthworm|flinch\n|\n|-heal|p2a: Milotic|62/100|[from] item: Leftovers\n|upkeep\n|turn|2\n|inactive|slippybingus has 30 seconds left.\n|inactive|slippybingus has 20 seconds left.\n|inactive|slippybingus has 15 seconds left.\n|\n|t:|1776617780\n|switch|p1a: Ninetales|Ninetales-Alola, L50, F|100/100\n|-weather|Snowscape|[from] ability: Snow Warning|[of] p1a: Ninetales\n|move|p2a: Milotic|Scald|p1b: Orthworm\n|-damage|p1b: Orthworm|50/100\n|-enditem|p1b: Orthworm|Sitrus Berry|[eat]\n|-heal|p1b: Orthworm|75/100|[from] item: Sitrus Berry\n|move|p2b: Incineroar|Flare Blitz|p1b: Orthworm\n|-supereffective|p1b: Orthworm|1\n|-damage|p1b: Orthworm|11/100\n|-damage|p2b: Incineroar|34/100|[from] Recoil\n|-enditem|p2b: Incineroar|Sitrus Berry|[eat]\n|-heal|p2b: Incineroar|59/100|[from] item: Sitrus Berry\n|move|p1b: Orthworm|Body Press|p2b: Incineroar\n|-supereffective|p2b: Incineroar|1\n|-damage|p2b: Incineroar|0 fnt\n|faint|p2b: Incineroar\n|\n|-weather|Snowscape|[upkeep]\n|-heal|p2a: Milotic|68/100|[from] item: Leftovers\n|upkeep\n|\n|t:|1776617796\n|switch|p2b: Tyranitar|Tyranitar, L50, F|100/100\n|-weather|Sandstorm|[from] ability: Sand Stream|[of] p2b: Tyranitar\n|turn|3\n|\n|t:|1776617813\n|switch|p1a: Garchomp|Garchomp, L50, M|63/100\n|move|p2a: Milotic|Scald|p1b: Orthworm\n|-damage|p1b: Orthworm|0 fnt\n|faint|p1b: Orthworm\n|move|p2b: Tyranitar|Rock Slide|p1a: Garchomp\n|-resisted|p1a: Garchomp|1\n|-damage|p1a: Garchomp|43/100\n|\n|-weather|Sandstorm|[upkeep]\n|-damage|p2a: Milotic|62/100|[from] Sandstorm\n|-heal|p2a: Milotic|68/100|[from] item: Leftovers\n|upkeep\n|\n|t:|1776617818\n|switch|p1b: Ninetales|Ninetales-Alola, L50, F|100/100\n|-weather|Snowscape|[from] ability: Snow Warning|[of] p1b: Ninetales\n|turn|4\n|\n|t:|1776617836\n|detailschange|p2b: Tyranitar|Tyranitar-Mega, L50, F\n|-mega|p2b: Tyranitar|Tyranitar|Tyranitarite\n|-weather|Sandstorm|[from] ability: Sand Stream|[of] p2b: Tyranitar\n|move|p1a: Garchomp|Protect|p1a: Garchomp\n|-singleturn|p1a: Garchomp|Protect\n|move|p2b: Tyranitar|Protect|p2b: Tyranitar\n|-singleturn|p2b: Tyranitar|Protect\n|move|p1b: Ninetales|Aurora Veil||[still]\n|-fail|p1b: Ninetales\n|move|p2a: Milotic|Icy Wind|p1b: Ninetales|[spread] p1b\n|-activate|p1a: Garchomp|move: Protect\n|-resisted|p1b: Ninetales|1\n|-damage|p1b: Ninetales|96/100\n|-unboost|p1b: Ninetales|spe|1\n|\n|-weather|Sandstorm|[upkeep]\n|-damage|p1b: Ninetales|90/100|[from] Sandstorm\n|-damage|p2a: Milotic|62/100|[from] Sandstorm\n|-heal|p2a: Milotic|68/100|[from] item: Leftovers\n|upkeep\n|turn|5\n|\n|t:|1776617856\n|switch|p2b: Sinistcha|Sinistcha, L50|100/100\n|-heal|p2a: Milotic|93/100|[from] ability: Hospitality|[of] p2b: Sinistcha\n|move|p1a: Garchomp|Earthquake|p2b: Sinistcha|[spread] p1b,p2a,p2b\n|-resisted|p2b: Sinistcha|1\n|-damage|p1b: Ninetales|45/100\n|-damage|p2a: Milotic|64/100\n|-damage|p2b: Sinistcha|86/100\n|move|p1b: Ninetales|Icy Wind|p2a: Milotic|[spread] p2a\n|-miss|p1b: Ninetales|p2b: Sinistcha\n|-resisted|p2a: Milotic|1\n|-damage|p2a: Milotic|60/100\n|-unboost|p2a: Milotic|spe|1\n|-ability|p2a: Milotic|Competitive|boost\n|-boost|p2a: Milotic|spa|2\n|move|p2a: Milotic|Icy Wind|p1a: Garchomp|[spread] p1a,p1b\n|-supereffective|p1a: Garchomp|2\n|-resisted|p1b: Ninetales|1\n|-damage|p1a: Garchomp|0 fnt\n|-damage|p1b: Ninetales|36/100\n|-unboost|p1b: Ninetales|spe|1\n|faint|p1a: Garchomp\n|\n|-weather|Sandstorm|[upkeep]\n|-damage|p2b: Sinistcha|80/100|[from] Sandstorm\n|-damage|p1b: Ninetales|30/100|[from] Sandstorm\n|-damage|p2a: Milotic|54/100|[from] Sandstorm\n|-heal|p2a: Milotic|60/100|[from] item: Leftovers\n|upkeep\n|\n|t:|1776617867\n|switch|p1a: Floette|Floette-Eternal, L50, F|100/100\n|turn|6\n|inactive|slippybingus has 30 seconds left.\n|\n|t:|1776617900\n|move|p1a: Floette|Moonblast|p2a: Milotic\n|-damage|p2a: Milotic|19/100\n|-unboost|p2a: Milotic|spa|1\n|-ability|p2a: Milotic|Competitive|boost\n|-boost|p2a: Milotic|spa|2\n|move|p1b: Ninetales|Blizzard|p2b: Sinistcha|[spread] \n|-miss|p1b: Ninetales|p2a: Milotic\n|-miss|p1b: Ninetales|p2b: Sinistcha\n|move|p2a: Milotic|Scald|p1b: Ninetales\n|-damage|p1b: Ninetales|0 fnt\n|faint|p1b: Ninetales\n|move|p2b: Sinistcha|Trick Room|p2b: Sinistcha\n|-fieldstart|move: Trick Room|[of] p2b: Sinistcha\n|\n|-weather|Sandstorm|[upkeep]\n|-damage|p2a: Milotic|13/100|[from] Sandstorm\n|-damage|p2b: Sinistcha|74/100|[from] Sandstorm\n|-damage|p1a: Floette|95/100|[from] Sandstorm\n|-heal|p2a: Milotic|19/100|[from] item: Leftovers\n|upkeep\n|turn|7\n|-message|ICE_Ricky23 forfeited.\n|\n|win|slippybingus\n|raw|ICE_Ricky23's rating: 1194 &rarr; <strong>1166</strong><br />(-28 for losing)\n|raw|slippybingus's rating: 1148 &rarr; <strong>1176</strong><br />(+28 for winning)\n|l|\u2606ICE_Ricky23\n|player|p1|\n",
  "uploadtime": 1776617917,
  "views": 17,
  "formatid": "gen9championsvgc2026regma",
  "rating": 1166,
  "private": 0,
  "password": null
}