{
  "id": "gen9championsvgc2026regma-2586807600",
  "format": "[Gen 9 Champions] VGC 2026 Reg M-A",
  "players": [
    "zurcko",
    "MrMagikarplml"
  ],
  "log": "|j|\u2606zurcko\n|j|\u2606MrMagikarplml\n|t:|1776461534\n|gametype|doubles\n|player|p1|zurcko|2|1110\n|player|p2|MrMagikarplml|266|1102\n|gen|9\n|tier|[Gen 9 Champions] VGC 2026 Reg M-A\n|rated|\n|rule|Species Clause: Limit one of each Pok\u00e9mon\n|rule|Item Clause: Limit 1 of each item\n|clearpoke\n|poke|p1|Talonflame, L50, M|\n|poke|p1|Garchomp, L50, F|\n|poke|p1|Floette-Eternal, L50, F|\n|poke|p1|Rotom-Wash, L50|\n|poke|p1|Aegislash, L50, M|\n|poke|p1|Incineroar, L50, F|\n|poke|p2|Whimsicott, L50, M|\n|poke|p2|Charizard, L50, F|\n|poke|p2|Incineroar, L50, F|\n|poke|p2|Kingambit, L50, M|\n|poke|p2|Garchomp, L50, F|\n|poke|p2|Sneasler, L50, F|\n|teampreview|4\n|inactive|Battle timer is ON: inactive players will automatically lose when time's up. (requested by zurcko)\n|inactive|MrMagikarplml has 60 seconds left.\n|\n|t:|1776461569\n|teamsize|p1|4\n|teamsize|p2|4\n|start\n|switch|p1a: Talonflame|Talonflame, L50, M|100/100\n|switch|p1b: Incineroar|Incineroar, L50, F|100/100\n|switch|p2a: Whimsicott|Whimsicott, L50, M|100/100\n|switch|p2b: Garchomp|Garchomp, L50, F|100/100\n|-ability|p1b: Incineroar|Intimidate|boost\n|-unboost|p2a: Whimsicott|atk|1\n|-unboost|p2b: Garchomp|atk|1\n|turn|1\n|\n|t:|1776461588\n|move|p1b: Incineroar|Fake Out|p2a: Whimsicott\n|-damage|p2a: Whimsicott|82/100\n|move|p1a: Talonflame|Tailwind|p1a: Talonflame\n|-sidestart|p1: zurcko|move: Tailwind\n|cant|p2a: Whimsicott|flinch\n|move|p2b: Garchomp|Rock Slide|p1b: Incineroar|[spread] p1a,p1b\n|-supereffective|p1a: Talonflame|2\n|-supereffective|p1b: Incineroar|1\n|-damage|p1a: Talonflame|23/100\n|-damage|p1b: Incineroar|74/100\n|\n|-heal|p1b: Incineroar|80/100|[from] item: Leftovers\n|upkeep\n|turn|2\n|inactive|zurcko has 30 seconds left.\n|\n|t:|1776461614\n|move|p2a: Whimsicott|Tailwind|p2a: Whimsicott\n|-sidestart|p2: MrMagikarplml|move: Tailwind\n|move|p1a: Talonflame|Acrobatics|p2a: Whimsicott\n|-supereffective|p2a: Whimsicott|1\n|-damage|p2a: Whimsicott|0 fnt\n|faint|p2a: Whimsicott\n|move|p2b: Garchomp|Rock Slide|p1a: Talonflame|[spread] p1a,p1b\n|-supereffective|p1a: Talonflame|2\n|-supereffective|p1b: Incineroar|1\n|-damage|p1a: Talonflame|0 fnt\n|-damage|p1b: Incineroar|52/100\n|faint|p1a: Talonflame\n|move|p1b: Incineroar|Parting Shot|p2b: Garchomp\n|-unboost|p2b: Garchomp|atk|1\n|-unboost|p2b: Garchomp|spa|1\n|\n|t:|1776461625\n|switch|p1b: Floette|Floette-Eternal, L50, F|100/100|[from] Parting Shot\n|\n|upkeep\n|\n|t:|1776461635\n|switch|p1a: Incineroar|Incineroar, L50, F|52/100\n|switch|p2a: Sneasler|Sneasler, L50, F|100/100\n|-ability|p1a: Incineroar|Intimidate|boost\n|-unboost|p2a: Sneasler|atk|1\n|-unboost|p2b: Garchomp|atk|1\n|-enditem|p2a: Sneasler|White Herb\n|-clearnegativeboost|p2a: Sneasler|[silent]\n|turn|3\n|\n|t:|1776461666\n|switch|p2b: Kingambit|Kingambit, L50, M|100/100\n|detailschange|p1b: Floette|Floette-Mega, L50, F\n|-mega|p1b: Floette|Floette|Floettite\n|-ability|p1b: Floette|Fairy Aura\n|move|p2a: Sneasler|Fake Out|p1b: Floette\n|-damage|p1b: Floette|84/100\n|move|p1a: Incineroar|Fake Out|p2a: Sneasler\n|-damage|p2a: Sneasler|81/100\n|cant|p1b: Floette|flinch\n|\n|-heal|p1a: Incineroar|58/100|[from] item: Leftovers\n|upkeep\n|turn|4\n|inactive|zurcko has 30 seconds left.\n|\n|t:|1776461700\n|switch|p1a: Garchomp|Garchomp, L50, F|100/100\n|move|p1b: Floette|Protect|p1b: Floette\n|-singleturn|p1b: Floette|Protect\n|move|p2a: Sneasler|Close Combat|p1a: Garchomp\n|-damage|p1a: Garchomp|40/100\n|-unboost|p2a: Sneasler|def|1\n|-unboost|p2a: Sneasler|spd|1\n|-damage|p2a: Sneasler|69/100|[from] ability: Rough Skin|[of] p1a: Garchomp\n|move|p2b: Kingambit|Iron Head|p1b: Floette\n|-activate|p1b: Floette|move: Protect\n|\n|-sideend|p1: zurcko|move: Tailwind\n|upkeep\n|turn|5\n|inactive|MrMagikarplml has 30 seconds left.\n|\n|t:|1776461726\n|switch|p1a: Incineroar|Incineroar, L50, F|58/100\n|-ability|p1a: Incineroar|Intimidate|boost\n|-unboost|p2a: Sneasler|atk|1\n|-unboost|p2b: Kingambit|atk|1\n|-ability|p2b: Kingambit|Defiant|boost\n|-boost|p2b: Kingambit|atk|2\n|move|p2a: Sneasler|Close Combat|p1a: Incineroar\n|-supereffective|p1a: Incineroar|1\n|-damage|p1a: Incineroar|0 fnt\n|-unboost|p2a: Sneasler|def|1\n|-unboost|p2a: Sneasler|spd|1\n|faint|p1a: Incineroar\n|move|p2b: Kingambit|Iron Head|p1b: Floette\n|-supereffective|p1b: Floette|1\n|-damage|p1b: Floette|0 fnt\n|faint|p1b: Floette\n|\n|-sideend|p2: MrMagikarplml|move: Tailwind\n|upkeep\n|-message|zurcko forfeited.\n|\n|win|MrMagikarplml\n|raw|zurcko's rating: 1110 &rarr; <strong>1084</strong><br />(-26 for losing)\n|raw|MrMagikarplml's rating: 1102 &rarr; <strong>1128</strong><br />(+26 for winning)\n|l|\u2606zurcko\n|player|p1|\n|l|\u2606MrMagikarplml\n|player|p2|\n|j|\u2606MrMagikarplml\n|player|p2|MrMagikarplml|266|\n|l|\u2606MrMagikarplml\n|player|p2|\n|j|\u2606MrMagikarplml\n|player|p2|MrMagikarplml|266|\n",
  "uploadtime": 1776461800,
  "views": 33,
  "formatid": "gen9championsvgc2026regma",
  "rating": 1084,
  "private": 0,
  "password": null
}