{
  "id": "gen9championsvgc2026regma-2585269783",
  "format": "[Gen 9 Champions] VGC 2026 Reg M-A",
  "players": [
    "isabellissima",
    "GashadokuroNoShi"
  ],
  "log": "|j|\u2606isabellissima\n|j|\u2606GashadokuroNoShi\n|t:|1776332137\n|gametype|doubles\n|player|p1|isabellissima|265|1066\n|player|p2|GashadokuroNoShi|1|1100\n|gen|9\n|tier|[Gen 9 Champions] VGC 2026 Reg M-A\n|rated|\n|rule|Species Clause: Limit one of each Pok\u00e9mon\n|rule|Item Clause: Limit 1 of each item\n|clearpoke\n|poke|p1|Incineroar, L50, F|\n|poke|p1|Gengar, L50, F|\n|poke|p1|Sneasler, L50, F|\n|poke|p1|Maushold-Four, L50|\n|poke|p1|Kommo-o, L50, M|\n|poke|p1|Politoed, L50, F|\n|poke|p2|Glimmora, L50, M|\n|poke|p2|Volcarona, L50, M|\n|poke|p2|Oranguru, L50, F|\n|poke|p2|Charizard, L50, M|\n|poke|p2|Venusaur, L50, F|\n|poke|p2|Sinistcha-Masterpiece, L50|\n|teampreview|4\n|inactive|Battle timer is ON: inactive players will automatically lose when time's up. (requested by isabellissima)\n|\n|t:|1776332159\n|teamsize|p1|4\n|teamsize|p2|4\n|start\n|switch|p1a: Maushold|Maushold-Four, L50|100/100\n|switch|p1b: Kommo-o|Kommo-o, L50, M, shiny|100/100\n|switch|p2a: Glimmora|Glimmora, L50, M|100/100\n|switch|p2b: Volcarona|Volcarona, L50, M|100/100\n|turn|1\n|\n|t:|1776332176\n|move|p1a: Maushold|Follow Me|p1a: Maushold\n|-singleturn|p1a: Maushold|move: Follow Me\n|move|p2a: Glimmora|Sludge Bomb|p1a: Maushold\n|-damage|p1a: Maushold|40/100\n|-status|p1a: Maushold|psn\n|move|p2b: Volcarona|Tailwind|p2b: Volcarona\n|-sidestart|p2: GashadokuroNoShi|move: Tailwind\n|move|p1b: Kommo-o|Clangorous Soul|p1b: Kommo-o\n|-boost|p1b: Kommo-o|atk|1\n|-boost|p1b: Kommo-o|def|1\n|-boost|p1b: Kommo-o|spa|1\n|-boost|p1b: Kommo-o|spd|1\n|-boost|p1b: Kommo-o|spe|1\n|-damage|p1b: Kommo-o|68/100\n|\n|-damage|p1a: Maushold|28/100 psn|[from] psn\n|upkeep\n|turn|2\n|\n|t:|1776332194\n|move|p1a: Maushold|Helping Hand|p1b: Kommo-o\n|-singleturn|p1b: Kommo-o|Helping Hand|[of] p1a: Maushold\n|move|p2a: Glimmora|Spiky Shield|p2a: Glimmora\n|-singleturn|p2a: Glimmora|move: Protect\n|move|p2b: Volcarona|Heat Wave|p1b: Kommo-o|[spread] p1a,p1b\n|-resisted|p1b: Kommo-o|1\n|-damage|p1a: Maushold|0 fnt\n|-damage|p1b: Kommo-o|60/100\n|faint|p1a: Maushold\n|move|p1b: Kommo-o|Clanging Scales|p2b: Volcarona|[spread] p2b\n|-activate|p2a: Glimmora|move: Protect\n|-damage|p2b: Volcarona|6/100\n|-unboost|p1b: Kommo-o|def|1\n|\n|upkeep\n|\n|t:|1776332210\n|switch|p1a: Sneasler|Sneasler, L50, F|100/100\n|turn|3\n|\n|t:|1776332227\n|move|p1a: Sneasler|Fake Out|p2a: Glimmora\n|-resisted|p2a: Glimmora|1\n|-damage|p2a: Glimmora|92/100\n|-activate|p2a: Glimmora|ability: Toxic Debris\n|-sidestart|p1: isabellissima|move: Toxic Spikes\n|cant|p2a: Glimmora|flinch\n|move|p2b: Volcarona|Heat Wave|p1b: Kommo-o|[spread] p1a,p1b\n|-resisted|p1b: Kommo-o|1\n|-damage|p1a: Sneasler|55/100\n|-damage|p1b: Kommo-o|51/100\n|move|p1b: Kommo-o|Clanging Scales|p2a: Glimmora|[spread] p2a,p2b\n|-damage|p2a: Glimmora|0 fnt\n|-damage|p2b: Volcarona|0 fnt\n|faint|p2a: Glimmora\n|faint|p2b: Volcarona\n|-unboost|p1b: Kommo-o|def|1\n|\n|upkeep\n|\n|t:|1776332236\n|switch|p2a: Charizard|Charizard, L50, M, shiny|100/100\n|switch|p2b: Sinistcha|Sinistcha-Masterpiece, L50|100/100\n|turn|4\n|\n|t:|1776332244\n|detailschange|p2a: Charizard|Charizard-Mega-Y, L50, M, shiny\n|-mega|p2a: Charizard|Charizard|Charizardite Y\n|-weather|SunnyDay|[from] ability: Drought|[of] p2a: Charizard\n|move|p1b: Kommo-o|Protect|p1b: Kommo-o\n|-singleturn|p1b: Kommo-o|Protect\n|move|p1a: Sneasler|Protect|p1a: Sneasler\n|-singleturn|p1a: Sneasler|Protect\n|move|p2a: Charizard|Heat Wave|p1a: Sneasler|[spread] \n|-activate|p1a: Sneasler|move: Protect\n|-activate|p1b: Kommo-o|move: Protect\n|move|p2b: Sinistcha|Shadow Ball|p1b: Kommo-o\n|-activate|p1b: Kommo-o|move: Protect\n|\n|-weather|SunnyDay|[upkeep]\n|-sideend|p2: GashadokuroNoShi|move: Tailwind\n|upkeep\n|turn|5\n|\n|t:|1776332257\n|switch|p1a: Politoed|Politoed, L50, F, shiny|100/100\n|-status|p1a: Politoed|psn\n|-weather|RainDance|[from] ability: Drizzle|[of] p1a: Politoed\n|move|p1b: Kommo-o|Clanging Scales|p2b: Sinistcha|[spread] p2a,p2b\n|-damage|p2a: Charizard|37/100\n|-damage|p2b: Sinistcha|25/100\n|-unboost|p1b: Kommo-o|def|1\n|move|p2a: Charizard|Heat Wave|p1a: Politoed|[spread] p1a,p1b\n|-resisted|p1a: Politoed|1\n|-resisted|p1b: Kommo-o|1\n|-damage|p1a: Politoed|92/100 psn\n|-damage|p1b: Kommo-o|44/100\n|-status|p1b: Kommo-o|brn\n|move|p2b: Sinistcha|Shadow Ball|p1b: Kommo-o\n|-damage|p1b: Kommo-o|24/100 brn\n|\n|-weather|RainDance|[upkeep]\n|-heal|p1a: Politoed|98/100 psn|[from] item: Leftovers\n|-damage|p1a: Politoed|86/100 psn|[from] psn\n|-damage|p1b: Kommo-o|18/100 brn|[from] brn\n|upkeep\n|turn|6\n|-message|GashadokuroNoShi forfeited.\n|\n|win|isabellissima\n|raw|isabellissima's rating: 1066 &rarr; <strong>1099</strong><br />(+33 for winning)\n|raw|GashadokuroNoShi's rating: 1100 &rarr; <strong>1073</strong><br />(-27 for losing)\n|l|\u2606GashadokuroNoShi\n|player|p2|\n",
  "uploadtime": 1776332274,
  "views": 41,
  "formatid": "gen9championsvgc2026regma",
  "rating": 1073,
  "private": 0,
  "password": null
}