{
  "id": "gen9championsvgc2026regma-2587517906",
  "format": "[Gen 9 Champions] VGC 2026 Reg M-A",
  "players": [
    "Mairon24",
    "aroswing"
  ],
  "log": "|j|\u2606Mairon24\n|j|\u2606aroswing\n|t:|1776538636\n|gametype|doubles\n|player|p1|Mairon24|medium|1209\n|player|p2|aroswing|2|1233\n|gen|9\n|tier|[Gen 9 Champions] VGC 2026 Reg M-A\n|rated|\n|rule|Species Clause: Limit one of each Pok\u00e9mon\n|rule|Item Clause: Limit 1 of each item\n|clearpoke\n|poke|p1|Gardevoir, L50, M|\n|poke|p1|Meganium, L50, F|\n|poke|p1|Dragapult, L50, F|\n|poke|p1|Pelipper, L50, F|\n|poke|p1|Sneasler, L50, F|\n|poke|p1|Milotic, L50, M|\n|poke|p2|Farigiraf, L50, M|\n|poke|p2|Crabominable, L50, M|\n|poke|p2|Hatterene, L50, F|\n|poke|p2|Meowstic, L50, M|\n|poke|p2|Gallade, L50, M|\n|poke|p2|Flapple, L50, M|\n|teampreview|4\n|inactive|Battle timer is ON: inactive players will automatically lose when time's up. (requested by aroswing)\n|inactive|Mairon24 has 60 seconds left.\n|inactive|aroswing has 60 seconds left.\n|\n|t:|1776538688\n|teamsize|p1|4\n|teamsize|p2|4\n|start\n|switch|p1a: Sneasler|Sneasler, L50, F|100/100\n|switch|p1b: Meganium|Meganium, L50, F|100/100\n|switch|p2a: Meowstic|Meowstic, L50, M|100/100\n|switch|p2b: Flapple|Flapple, L50, M|100/100\n|turn|1\n|inactive|Mairon24 has 30 seconds left.\n|inactive|Mairon24 has 20 seconds left.\n|\n|t:|1776538726\n|detailschange|p1b: Meganium|Meganium-Mega, L50, F\n|-mega|p1b: Meganium|Meganium|Meganiumite\n|move|p2a: Meowstic|Fake Out|p1b: Meganium\n|-damage|p1b: Meganium|96/100\n|move|p2b: Flapple|Dual Wingbeat|p1a: Sneasler\n|-supereffective|p1a: Sneasler|1\n|-damage|p1a: Sneasler|36/100\n|-supereffective|p1a: Sneasler|1\n|-damage|p1a: Sneasler|0 fnt\n|faint|p1a: Sneasler\n|-hitcount|p1: Sneasler|2\n|cant|p1b: Meganium|flinch\n|\n|upkeep\n|\n|t:|1776538740\n|switch|p1a: Milotic|Milotic, L50, M|100/100\n|turn|2\n|inactive|aroswing has 30 seconds left.\n|\n|t:|1776538774\n|switch|p2b: Hatterene|Hatterene, L50, F|100/100\n|move|p1a: Milotic|Icy Wind|p2a: Meowstic|[spread] p2a,p2b\n|-damage|p2a: Meowstic|88/100\n|-damage|p2b: Hatterene|86/100\n|-unboost|p2a: Meowstic|spe|1\n|-unboost|p2b: Hatterene|spe|1\n|move|p1b: Meganium|Dazzling Gleam|p2b: Hatterene|[spread] p2a,p2b\n|-damage|p2a: Meowstic|55/100\n|-damage|p2b: Hatterene|50/100\n|move|p2a: Meowstic|Trick Room|p2a: Meowstic\n|-fieldstart|move: Trick Room|[of] p2a: Meowstic\n|\n|upkeep\n|turn|3\n|\n|t:|1776538796\n|move|p2b: Hatterene|Mystical Fire|p1b: Meganium\n|-supereffective|p1b: Meganium|1\n|-damage|p1b: Meganium|41/100\n|-unboost|p1b: Meganium|spa|1\n|move|p2a: Meowstic|Psychic Noise|p1b: Meganium\n|-damage|p1b: Meganium|21/100\n|-start|p1b: Meganium|move: Heal Block\n|move|p1b: Meganium|Dazzling Gleam|p2b: Hatterene|[spread] p2a,p2b\n|-crit|p2b: Hatterene\n|-damage|p2a: Meowstic|28/100\n|-damage|p2b: Hatterene|0 fnt\n|faint|p2b: Hatterene\n|move|p1a: Milotic|Scald|p2a: Meowstic\n|-crit|p2a: Meowstic\n|-damage|p2a: Meowstic|0 fnt\n|faint|p2a: Meowstic\n|\n|upkeep\n|\n|t:|1776538812\n|switch|p2b: Flapple|Flapple, L50, M|100/100\n|switch|p2a: Crabominable|Crabominable, L50, M|100/100\n|turn|4\n|\n|t:|1776538836\n|detailschange|p2a: Crabominable|Crabominable-Mega, L50, M\n|-mega|p2a: Crabominable|Crabominable|Crabominite\n|move|p1b: Meganium|Protect|p1b: Meganium\n|-singleturn|p1b: Meganium|Protect\n|move|p2a: Crabominable|Drain Punch|p1b: Meganium\n|-activate|p1b: Meganium|move: Protect\n|move|p1a: Milotic|Icy Wind|p2b: Flapple|[spread] p2a\n|-miss|p1a: Milotic|p2b: Flapple\n|-resisted|p2a: Crabominable|1\n|-damage|p2a: Crabominable|96/100\n|-unboost|p2a: Crabominable|spe|1\n|move|p2b: Flapple|Grav Apple|p1a: Milotic\n|-supereffective|p1a: Milotic|1\n|-crit|p1a: Milotic\n|-damage|p1a: Milotic|0 fnt\n|faint|p1a: Milotic\n|\n|-end|p1b: Meganium|move: Heal Block\n|upkeep\n|\n|t:|1776538855\n|switch|p1a: Gardevoir|Gardevoir, L50, M|100/100\n|turn|5\n|\n|t:|1776538870\n|move|p2a: Crabominable|Drain Punch|p1b: Meganium\n|-resisted|p1b: Meganium|1\n|-damage|p1b: Meganium|0 fnt\n|-heal|p2a: Crabominable|100/100|[from] drain|[of] p1b: Meganium\n|faint|p1b: Meganium\n|move|p1a: Gardevoir|Psyshock|p2a: Crabominable\n|-supereffective|p2a: Crabominable|1\n|-damage|p2a: Crabominable|47/100\n|move|p2b: Flapple|Grav Apple|p1a: Gardevoir\n|-damage|p1a: Gardevoir|6/100\n|-unboost|p1a: Gardevoir|def|1\n|\n|upkeep\n|turn|6\n|-message|Mairon24 forfeited.\n|\n|win|aroswing\n|raw|Mairon24's rating: 1209 &rarr; <strong>1186</strong><br />(-23 for losing)\n|raw|aroswing's rating: 1233 &rarr; <strong>1256</strong><br />(+23 for winning)\n|l|\u2606Mairon24\n|player|p1|\n",
  "uploadtime": 1776538967,
  "views": 13,
  "formatid": "gen9championsvgc2026regma",
  "rating": 1186,
  "private": 0,
  "password": null
}