{
  "id": "gen9championsvgc2026regma-2581385709",
  "format": "[Gen 9 Champions] VGC 2026 Reg M-A",
  "players": [
    "PP_GAM",
    "soulo333"
  ],
  "log": "|j|\u2606PP_GAM\n|j|\u2606soulo333\n|t:|1775994729\n|gametype|doubles\n|player|p1|PP_GAM|266|1157\n|player|p2|soulo333|2|1132\n|gen|9\n|tier|[Gen 9 Champions] VGC 2026 Reg M-A\n|rated|\n|rule|Species Clause: Limit one of each Pok\u00e9mon\n|rule|Item Clause: Limit 1 of each item\n|clearpoke\n|poke|p1|Charizard, L50, F|\n|poke|p1|Garchomp, L50, F|\n|poke|p1|Kingambit, L50, F|\n|poke|p1|Rotom-Wash, L50|\n|poke|p1|Venusaur, L50, F|\n|poke|p1|Gyarados, L50, M|\n|poke|p2|Charizard, L50, M|\n|poke|p2|Kingambit, L50, F|\n|poke|p2|Rotom-Wash, L50|\n|poke|p2|Sinistcha, L50|\n|poke|p2|Ninetales-Alola, L50, M|\n|poke|p2|Sneasler, L50, F|\n|teampreview|4\n|\n|t:|1775994764\n|teamsize|p1|4\n|teamsize|p2|4\n|start\n|switch|p1a: Charizard|Charizard, L50, F, shiny|100/100\n|switch|p1b: Garchomp|Garchomp, L50, F|100/100\n|switch|p2a: Rotom|Rotom-Wash, L50|100/100\n|switch|p2b: Kingambit|Kingambit, L50, F|100/100\n|turn|1\n|\n|t:|1775994806\n|detailschange|p1a: Charizard|Charizard-Mega-Y, L50, F, shiny\n|-mega|p1a: Charizard|Charizard|Charizardite Y\n|-weather|SunnyDay|[from] ability: Drought|[of] p1a: Charizard\n|move|p2b: Kingambit|Sucker Punch|p1a: Charizard\n|-damage|p1a: Charizard|39/100\n|move|p1b: Garchomp|Rock Slide|p2b: Kingambit|[spread] p2a,p2b\n|-resisted|p2b: Kingambit|1\n|-damage|p2a: Rotom|78/100\n|-damage|p2b: Kingambit|94/100\n|move|p1a: Charizard|Solar Beam||[still]\n|-prepare|p1a: Charizard|Solar Beam\n|-anim|p1a: Charizard|Solar Beam|p2a: Rotom\n|-supereffective|p2a: Rotom|1\n|-damage|p2a: Rotom|0 fnt\n|faint|p2a: Rotom\n|\n|-weather|SunnyDay|[upkeep]\n|upkeep\n|\n|t:|1775994820\n|switch|p2a: Ninetales|Ninetales-Alola, L50, M|100/100\n|-weather|Snowscape|[from] ability: Snow Warning|[of] p2a: Ninetales\n|turn|2\n|\n|t:|1775994832\n|switch|p1a: Kingambit|Kingambit, L50, F, shiny|100/100\n|move|p2b: Kingambit|Sucker Punch||[still]\n|-fail|p2b: Kingambit\n|move|p1b: Garchomp|Rock Slide|p2a: Ninetales|[spread] p2b\n|-miss|p1b: Garchomp|p2a: Ninetales\n|-resisted|p2b: Kingambit|1\n|-damage|p2b: Kingambit|87/100\n|move|p2a: Ninetales|Aurora Veil|p2a: Ninetales\n|-sidestart|p2: soulo333|move: Aurora Veil\n|\n|-weather|Snowscape|[upkeep]\n|upkeep\n|turn|3\n|\n|t:|1775994848\n|switch|p1b: Rotom|Rotom-Wash, L50|100/100\n|move|p2a: Ninetales|Blizzard|p1a: Kingambit|[spread] p1a,p1b\n|-resisted|p1a: Kingambit|1\n|-resisted|p1b: Rotom|1\n|-damage|p1a: Kingambit|88/100\n|-damage|p1b: Rotom|89/100\n|move|p2b: Kingambit|Kowtow Cleave|p1b: Rotom\n|-damage|p1b: Rotom|35/100\n|move|p1a: Kingambit|Swords Dance|p1a: Kingambit\n|-boost|p1a: Kingambit|atk|2\n|\n|-weather|Snowscape|[upkeep]\n|-heal|p1b: Rotom|41/100|[from] item: Leftovers\n|upkeep\n|turn|4\n|\n|t:|1775994873\n|move|p2a: Ninetales|Blizzard|p1a: Kingambit|[spread] p1a,p1b\n|-resisted|p1a: Kingambit|1\n|-resisted|p1b: Rotom|1\n|-damage|p1a: Kingambit|76/100\n|-damage|p1b: Rotom|29/100\n|-status|p1b: Rotom|frz\n|cant|p1b: Rotom|frz\n|move|p2b: Kingambit|Kowtow Cleave|p1b: Rotom\n|-damage|p1b: Rotom|0 fnt\n|faint|p1b: Rotom\n|move|p1a: Kingambit|Swords Dance|p1a: Kingambit\n|-boost|p1a: Kingambit|atk|2\n|\n|-weather|Snowscape|[upkeep]\n|upkeep\n|\n|t:|1775994887\n|switch|p1b: Charizard|Charizard-Mega-Y, L50, F, shiny|39/100\n|-weather|SunnyDay|[from] ability: Drought|[of] p1b: Charizard\n|turn|5\n|\n|t:|1775994897\n|switch|p2a: Charizard|Charizard, L50, M|100/100\n|move|p1b: Charizard|Protect|p1b: Charizard\n|-singleturn|p1b: Charizard|Protect\n|move|p2b: Kingambit|Sucker Punch||[still]\n|-fail|p2b: Kingambit\n|move|p1a: Kingambit|Sucker Punch||[still]\n|-fail|p1a: Kingambit\n|\n|-weather|SunnyDay|[upkeep]\n|upkeep\n|turn|6\n|\n|t:|1775994914\n|switch|p1b: Garchomp|Garchomp, L50, F|100/100\n|detailschange|p2a: Charizard|Charizard-Mega-X, L50, M\n|-mega|p2a: Charizard|Charizard|Charizardite X\n|move|p2b: Kingambit|Sucker Punch||[still]\n|-fail|p2b: Kingambit\n|move|p1a: Kingambit|Sucker Punch|p2a: Charizard\n|-damage|p2a: Charizard|30/100\n|move|p2a: Charizard|Flare Blitz|p1a: Kingambit\n|-supereffective|p1a: Kingambit|1\n|-damage|p1a: Kingambit|0 fnt\n|faint|p1a: Kingambit\n|-damage|p2a: Charizard|2/100|[from] Recoil\n|\n|-weather|SunnyDay|[upkeep]\n|-sideend|p2: soulo333|move: Aurora Veil\n|upkeep\n|\n|t:|1775994929\n|switch|p1a: Charizard|Charizard-Mega-Y, L50, F, shiny|39/100\n|turn|7\n|\n|t:|1775994941\n|move|p1a: Charizard|Protect|p1a: Charizard\n|-singleturn|p1a: Charizard|Protect\n|move|p2a: Charizard|Protect|p2a: Charizard\n|-singleturn|p2a: Charizard|Protect\n|move|p2b: Kingambit|Sucker Punch|p1b: Garchomp\n|-damage|p1b: Garchomp|60/100\n|-damage|p2b: Kingambit|75/100|[from] ability: Rough Skin|[of] p1b: Garchomp\n|move|p1b: Garchomp|Earthquake|p2b: Kingambit|[spread] p2b\n|-activate|p1a: Charizard|move: Protect\n|-activate|p2a: Charizard|move: Protect\n|-supereffective|p2b: Kingambit|1\n|-damage|p2b: Kingambit|16/100\n|\n|-weather|SunnyDay|[upkeep]\n|upkeep\n|turn|8\n|\n|t:|1775994956\n|move|p1a: Charizard|Protect|p1a: Charizard\n|-singleturn|p1a: Charizard|Protect\n|move|p2b: Kingambit|Sucker Punch||[still]\n|-fail|p2b: Kingambit\n|move|p1b: Garchomp|Earthquake|p2b: Kingambit|[spread] p2a,p2b\n|-activate|p1a: Charizard|move: Protect\n|-supereffective|p2a: Charizard|1\n|-supereffective|p2b: Kingambit|1\n|-damage|p2a: Charizard|0 fnt\n|-damage|p2b: Kingambit|0 fnt\n|faint|p2a: Charizard\n|faint|p2b: Kingambit\n|\n|-weather|SunnyDay|[upkeep]\n|upkeep\n|\n|t:|1775994958\n|switch|p2b: Ninetales|Ninetales-Alola, L50, M|100/100\n|-weather|Snowscape|[from] ability: Snow Warning|[of] p2b: Ninetales\n|turn|9\n|\n|t:|1775994971\n|move|p1b: Garchomp|Earthquake|p2b: Ninetales|[spread] p2b\n|-immune|p1a: Charizard\n|-damage|p2b: Ninetales|62/100\n|move|p2b: Ninetales|Blizzard|p1a: Charizard|[spread] p1a,p1b\n|-supereffective|p1b: Garchomp|2\n|-damage|p1a: Charizard|13/100\n|-damage|p1b: Garchomp|0 fnt\n|faint|p1b: Garchomp\n|move|p1a: Charizard|Heat Wave|p2b: Ninetales\n|-supereffective|p2b: Ninetales|1\n|-damage|p2b: Ninetales|0 fnt\n|faint|p2b: Ninetales\n|\n|win|PP_GAM\n|raw|PP_GAM's rating: 1157 &rarr; <strong>1180</strong><br />(+23 for winning)\n|raw|soulo333's rating: 1132 &rarr; <strong>1109</strong><br />(-23 for losing)\n",
  "uploadtime": 1775994971,
  "views": 28,
  "formatid": "gen9championsvgc2026regma",
  "rating": 1109,
  "private": 0,
  "password": null
}