{
  "id": "gen9championsvgc2026regma-2581649481",
  "format": "[Gen 9 Champions] VGC 2026 Reg M-A",
  "players": [
    "hakorolo",
    "brady gaga 3.7"
  ],
  "log": "|j|\u2606hakorolo\n|j|\u2606brady gaga 3.7\n|t:|1776017897\n|gametype|doubles\n|player|p1|hakorolo|pokemaniac|1118\n|player|p2|brady gaga 3.7|1|1096\n|gen|9\n|tier|[Gen 9 Champions] VGC 2026 Reg M-A\n|rated|\n|rule|Species Clause: Limit one of each Pok\u00e9mon\n|rule|Item Clause: Limit 1 of each item\n|clearpoke\n|poke|p1|Tyranitar, L50, M|\n|poke|p1|Excadrill, L50, F|\n|poke|p1|Aegislash, L50, F|\n|poke|p1|Hydreigon, L50, M|\n|poke|p1|Whimsicott, L50, F|\n|poke|p1|Kingambit, L50, F|\n|poke|p2|Bastiodon, L50, M|\n|poke|p2|Farigiraf, L50, M|\n|poke|p2|Tyranitar, L50, F|\n|poke|p2|Excadrill, L50, M|\n|poke|p2|Maushold-Four, L50|\n|poke|p2|Floette-Eternal, L50, F|\n|teampreview|4\n|inactive|Battle timer is ON: inactive players will automatically lose when time's up. (requested by hakorolo)\n|\n|t:|1776017924\n|teamsize|p1|4\n|teamsize|p2|4\n|start\n|switch|p1a: Whimsicott|Whimsicott, L50, F|100/100\n|switch|p1b: Aegislash|Aegislash, L50, F|100/100\n|switch|p2a: Bastiodon|Bastiodon, L50, M|100/100\n|switch|p2b: Maushold|Maushold-Four, L50|100/100\n|turn|1\n|\n|t:|1776017945\n|move|p2b: Maushold|Follow Me|p2b: Maushold\n|-singleturn|p2b: Maushold|move: Follow Me\n|-formechange|p1b: Aegislash|Aegislash-Blade|\n|move|p1b: Aegislash|Sacred Sword|p2b: Maushold\n|-supereffective|p2b: Maushold|1\n|-damage|p2b: Maushold|20/100\n|move|p2a: Bastiodon|Iron Defense|p2a: Bastiodon\n|-boost|p2a: Bastiodon|def|2\n|move|p1a: Whimsicott|Trick Room|p1a: Whimsicott\n|-fieldstart|move: Trick Room|[of] p1a: Whimsicott\n|\n|upkeep\n|turn|2\n|inactive|brady gaga 3.7 has 30 seconds left.\n|inactive|hakorolo has 30 seconds left.\n|inactive|brady gaga 3.7 has 20 seconds left.\n|\n|t:|1776017982\n|-formechange|p1b: Aegislash|Aegislash|\n|move|p1b: Aegislash|King's Shield|p1b: Aegislash\n|-singleturn|p1b: Aegislash|Protect\n|move|p2a: Bastiodon|Heavy Slam|p1a: Whimsicott\n|-supereffective|p1a: Whimsicott|1\n|-crit|p1a: Whimsicott\n|-enditem|p1a: Whimsicott|Focus Sash\n|-damage|p1a: Whimsicott|1/100\n|move|p1a: Whimsicott|Giga Drain|p2b: Maushold\n|-damage|p2b: Maushold|0 fnt\n|-heal|p1a: Whimsicott|14/100|[from] drain|[of] p2b: Maushold\n|faint|p2b: Maushold\n|\n|upkeep\n|\n|t:|1776017993\n|switch|p2b: Farigiraf|Farigiraf, L50, M|100/100\n|turn|3\n|\n|t:|1776018004\n|move|p2a: Bastiodon|Protect|p2a: Bastiodon\n|-singleturn|p2a: Bastiodon|Protect\n|move|p2b: Farigiraf|Hyper Voice|p1a: Whimsicott|[spread] p1a\n|-immune|p1b: Aegislash\n|-damage|p1a: Whimsicott|0 fnt\n|faint|p1a: Whimsicott\n|move|p1b: Aegislash|Swords Dance|p1b: Aegislash\n|-boost|p1b: Aegislash|atk|2\n|\n|upkeep\n|\n|t:|1776018013\n|switch|p1a: Tyranitar|Tyranitar, L50, M|100/100\n|-weather|Sandstorm|[from] ability: Sand Stream|[of] p1a: Tyranitar\n|turn|4\n|\n|t:|1776018024\n|move|p2a: Bastiodon|Body Press|p1a: Tyranitar\n|-supereffective|p1a: Tyranitar|2\n|-damage|p1a: Tyranitar|0 fnt\n|faint|p1a: Tyranitar\n|-formechange|p1b: Aegislash|Aegislash-Blade|\n|move|p1b: Aegislash|Sacred Sword|p2a: Bastiodon\n|-supereffective|p2a: Bastiodon|2\n|-ability|p2a: Bastiodon|Sturdy\n|-damage|p2a: Bastiodon|1/100\n|move|p2b: Farigiraf|Psychic|p1b: Aegislash\n|-resisted|p1b: Aegislash|1\n|-damage|p1b: Aegislash|67/100\n|\n|-weather|Sandstorm|[upkeep]\n|-damage|p2b: Farigiraf|94/100|[from] Sandstorm\n|-heal|p2b: Farigiraf|100/100|[from] item: Leftovers\n|upkeep\n|\n|t:|1776018038\n|switch|p1a: Kingambit|Kingambit, L50, F|100/100\n|turn|5\n|\n|t:|1776018046\n|-formechange|p1b: Aegislash|Aegislash|\n|move|p1b: Aegislash|King's Shield|p1b: Aegislash\n|-singleturn|p1b: Aegislash|Protect\n|move|p2a: Bastiodon|Body Press|p1a: Kingambit\n|-supereffective|p1a: Kingambit|2\n|-damage|p1a: Kingambit|0 fnt\n|faint|p1a: Kingambit\n|move|p2b: Farigiraf|Psychic|p1b: Aegislash\n|-activate|p1b: Aegislash|move: Protect\n|\n|-weather|Sandstorm|[upkeep]\n|-damage|p2b: Farigiraf|94/100|[from] Sandstorm\n|-heal|p2b: Farigiraf|100/100|[from] item: Leftovers\n|-fieldend|move: Trick Room\n|upkeep\n|turn|6\n|\n|t:|1776018065\n|-formechange|p1b: Aegislash|Aegislash-Blade|\n|move|p1b: Aegislash|Shadow Claw|p2a: Bastiodon\n|-damage|p2a: Bastiodon|0 fnt\n|faint|p2a: Bastiodon\n|move|p2b: Farigiraf|Psychic|p1b: Aegislash\n|-resisted|p1b: Aegislash|1\n|-damage|p1b: Aegislash|36/100\n|\n|-weather|Sandstorm|[upkeep]\n|-damage|p2b: Farigiraf|94/100|[from] Sandstorm\n|-heal|p2b: Farigiraf|100/100|[from] item: Leftovers\n|upkeep\n|\n|t:|1776018071\n|switch|p2a: Excadrill|Excadrill, L50, M|100/100\n|turn|7\n|\n|t:|1776018088\n|-formechange|p1b: Aegislash|Aegislash|\n|move|p1b: Aegislash|King's Shield|p1b: Aegislash\n|-singleturn|p1b: Aegislash|Protect\n|move|p2a: Excadrill|High Horsepower|p1b: Aegislash\n|-activate|p1b: Aegislash|move: Protect\n|-unboost|p2a: Excadrill|atk|1\n|move|p2b: Farigiraf|Psychic|p1b: Aegislash\n|-activate|p1b: Aegislash|move: Protect\n|\n|-weather|Sandstorm|[upkeep]\n|-damage|p2b: Farigiraf|94/100|[from] Sandstorm\n|-heal|p2b: Farigiraf|100/100|[from] item: Leftovers\n|upkeep\n|turn|8\n|\n|t:|1776018103\n|move|p2a: Excadrill|High Horsepower|p1b: Aegislash\n|-supereffective|p1b: Aegislash|1\n|-crit|p1b: Aegislash\n|-damage|p1b: Aegislash|0 fnt\n|faint|p1b: Aegislash\n|\n|win|brady gaga 3.7\n|raw|hakorolo's rating: 1118 &rarr; <strong>1091</strong><br />(-27 for losing)\n|raw|brady gaga 3.7's rating: 1096 &rarr; <strong>1123</strong><br />(+27 for winning)\n|c|\u2606brady gaga 3.7|gg\n|l|\u2606hakorolo\n|player|p1|\n",
  "uploadtime": 1776018113,
  "views": 18,
  "formatid": "gen9championsvgc2026regma",
  "rating": 1091,
  "private": 0,
  "password": null
}