{
  "id": "gen9championsvgc2026regma-2583251283",
  "format": "[Gen 9 Champions] VGC 2026 Reg M-A",
  "players": [
    "jasonrfry",
    "MikeTitan"
  ],
  "log": "|j|\u2606jasonrfry\n|j|\u2606MikeTitan\n|t:|1776159613\n|gametype|doubles\n|player|p1|jasonrfry|1|1193\n|player|p2|MikeTitan|blaine|1261\n|gen|9\n|tier|[Gen 9 Champions] VGC 2026 Reg M-A\n|rated|\n|rule|Species Clause: Limit one of each Pok\u00e9mon\n|rule|Item Clause: Limit 1 of each item\n|clearpoke\n|poke|p1|Mimikyu, L50, F|\n|poke|p1|Meganium, L50, M|\n|poke|p1|Primarina, L50, M|\n|poke|p1|Sneasler, L50, F|\n|poke|p1|Torkoal, L50, F|\n|poke|p1|Hatterene, L50, F|\n|poke|p2|Scizor, L50, F|\n|poke|p2|Glimmora, L50, M|\n|poke|p2|Basculegion, L50, M|\n|poke|p2|Incineroar, L50, M|\n|poke|p2|Sinistcha, L50|\n|poke|p2|Pelipper, L50, F|\n|teampreview|4\n|inactive|Battle timer is ON: inactive players will automatically lose when time's up. (requested by jasonrfry)\n|\n|t:|1776159647\n|teamsize|p1|4\n|teamsize|p2|4\n|start\n|switch|p1a: Mimikyu|Mimikyu, L50, F, shiny|100/100\n|switch|p1b: Sneasler|Sneasler, L50, F|100/100\n|switch|p2a: Scizor|Scizor, L50, F, shiny|100/100\n|switch|p2b: Sinistcha|Sinistcha, L50|100/100\n|turn|1\n|inactive|jasonrfry has 30 seconds left.\n|\n|t:|1776159673\n|detailschange|p2a: Scizor|Scizor-Mega, L50, F, shiny\n|-mega|p2a: Scizor|Scizor|Scizorite\n|move|p1b: Sneasler|Fake Out|p2a: Scizor\n|-resisted|p2a: Scizor|1\n|-damage|p2a: Scizor|95/100\n|cant|p2a: Scizor|flinch\n|move|p2b: Sinistcha|Matcha Gotcha|p1b: Sneasler|[spread] p1a,p1b\n|-resisted|p1b: Sneasler|1\n|-activate|p1a: Mimikyu|ability: Disguise\n|-damage|p1a: Mimikyu|100/100\n|-damage|p1b: Sneasler|84/100\n|detailschange|p1a: Mimikyu|Mimikyu-Busted, L50, F, shiny\n|-damage|p1a: Mimikyu|88/100|[from] pokemon: Mimikyu-Busted\n|move|p1a: Mimikyu|Trick Room|p1a: Mimikyu\n|-fieldstart|move: Trick Room|[of] p1a: Mimikyu\n|\n|upkeep\n|turn|2\n|inactive|jasonrfry has 30 seconds left.\n|inactive|MikeTitan has 30 seconds left.\n|\n|t:|1776159707\n|move|p2b: Sinistcha|Matcha Gotcha|p1b: Sneasler|[spread] p1a,p1b\n|-resisted|p1b: Sneasler|1\n|-damage|p1a: Mimikyu|68/100\n|-damage|p1b: Sneasler|66/100\n|move|p2a: Scizor|Swords Dance|p2a: Scizor\n|-boost|p2a: Scizor|atk|2\n|move|p1a: Mimikyu|Taunt|p2b: Sinistcha\n|-start|p2b: Sinistcha|move: Taunt\n|move|p1b: Sneasler|Close Combat|p2a: Scizor\n|-damage|p2a: Scizor|49/100\n|-unboost|p1b: Sneasler|def|1\n|-unboost|p1b: Sneasler|spd|1\n|-enditem|p1b: Sneasler|White Herb\n|-clearnegativeboost|p1b: Sneasler|[silent]\n|\n|upkeep\n|turn|3\n|inactive|MikeTitan has 30 seconds left.\n|\n|t:|1776159736\n|move|p2a: Scizor|Bullet Punch|p1b: Sneasler\n|-damage|p1b: Sneasler|0 fnt\n|faint|p1b: Sneasler\n|move|p2b: Sinistcha|Matcha Gotcha|p1a: Mimikyu|[miss]\n|-miss|p2b: Sinistcha|p1a: Mimikyu\n|move|p1a: Mimikyu|Will-O-Wisp|p2a: Scizor\n|-status|p2a: Scizor|brn\n|\n|-damage|p2a: Scizor|43/100 brn|[from] brn\n|upkeep\n|\n|t:|1776159747\n|switch|p1b: Primarina|Primarina, L50, M, shiny|100/100\n|turn|4\n|\n|t:|1776159767\n|move|p1b: Primarina|Protect|p1b: Primarina\n|-singleturn|p1b: Primarina|Protect\n|move|p2a: Scizor|Bullet Punch|p1b: Primarina\n|-activate|p1b: Primarina|move: Protect\n|move|p2b: Sinistcha|Matcha Gotcha|p1a: Mimikyu|[spread] p1a\n|-activate|p1b: Primarina|move: Protect\n|-damage|p1a: Mimikyu|49/100\n|move|p1a: Mimikyu|Curse|p2b: Sinistcha\n|-start|p2b: Sinistcha|Curse|[of] p1a: Mimikyu\n|-damage|p1a: Mimikyu|0 fnt\n|faint|p1a: Mimikyu\n|\n|-damage|p2a: Scizor|36/100 brn|[from] brn\n|-damage|p2b: Sinistcha|76/100|[from] Curse\n|upkeep\n|\n|t:|1776159783\n|switch|p1a: Meganium|Meganium, L50, M|100/100\n|turn|5\n|\n|t:|1776159795\n|switch|p2b: Pelipper|Pelipper, L50, F|100/100\n|-weather|RainDance|[from] ability: Drizzle|[of] p2b: Pelipper\n|detailschange|p1a: Meganium|Meganium-Mega, L50, M\n|-mega|p1a: Meganium|Meganium|Meganiumite\n|move|p2a: Scizor|Protect|p2a: Scizor\n|-singleturn|p2a: Scizor|Protect\n|move|p1b: Primarina|Hyper Voice|p2a: Scizor|[spread] p2b\n|-activate|p2a: Scizor|move: Protect\n|-resisted|p2b: Pelipper|1\n|-damage|p2b: Pelipper|45/100\n|move|p1a: Meganium|Weather Ball|p2b: Pelipper\n|-resisted|p2b: Pelipper|1\n|-damage|p2b: Pelipper|0 fnt\n|faint|p2b: Pelipper\n|\n|-weather|RainDance|[upkeep]\n|-damage|p2a: Scizor|30/100 brn|[from] brn\n|-fieldend|move: Trick Room\n|upkeep\n|\n|t:|1776159814\n|switch|p2b: Sinistcha|Sinistcha, L50|76/100\n|-heal|p2a: Scizor|55/100 brn|[from] ability: Hospitality|[of] p2b: Sinistcha\n|turn|6\n|\n|t:|1776159826\n|move|p1b: Primarina|Protect|p1b: Primarina\n|-singleturn|p1b: Primarina|Protect\n|move|p2a: Scizor|Bullet Punch|p1a: Meganium\n|-supereffective|p1a: Meganium|1\n|-damage|p1a: Meganium|44/100\n|move|p2b: Sinistcha|Life Dew|p2b: Sinistcha|[spread] p2a,p2b\n|-heal|p2a: Scizor|80/100 brn\n|-heal|p2b: Sinistcha|100/100\n|move|p1a: Meganium|Weather Ball|p2a: Scizor\n|-supereffective|p2a: Scizor|2\n|-damage|p2a: Scizor|0 fnt\n|faint|p2a: Scizor\n|\n|-weather|RainDance|[upkeep]\n|upkeep\n|\n|t:|1776159838\n|switch|p2a: Basculegion|Basculegion, L50, M|100/100\n|turn|7\n|\n|t:|1776159863\n|move|p1b: Primarina|Protect|p1b: Primarina\n|-singleturn|p1b: Primarina|Protect\n|move|p2a: Basculegion|Last Respects|p1b: Primarina\n|-activate|p1b: Primarina|move: Protect\n|move|p2b: Sinistcha|Matcha Gotcha|p1a: Meganium|[spread] p1a\n|-activate|p1b: Primarina|move: Protect\n|-resisted|p1a: Meganium|1\n|-damage|p1a: Meganium|33/100\n|move|p1a: Meganium|Weather Ball|p2b: Sinistcha\n|-supereffective|p2b: Sinistcha|1\n|-damage|p2b: Sinistcha|0 fnt\n|faint|p2b: Sinistcha\n|\n|-weather|RainDance|[upkeep]\n|upkeep\n|turn|8\n|inactive|jasonrfry has 30 seconds left.\n|\n|t:|1776159889\n|move|p1a: Meganium|Protect|p1a: Meganium\n|-singleturn|p1a: Meganium|Protect\n|move|p2a: Basculegion|Last Respects|p1a: Meganium\n|-activate|p1a: Meganium|move: Protect\n|move|p1b: Primarina|Moonblast|p2a: Basculegion\n|-damage|p2a: Basculegion|44/100\n|\n|-weather|RainDance|[upkeep]\n|upkeep\n|turn|9\n|-message|MikeTitan forfeited.\n|\n|win|jasonrfry\n|raw|jasonrfry's rating: 1193 &rarr; <strong>1223</strong><br />(+30 for winning)\n|raw|MikeTitan's rating: 1261 &rarr; <strong>1231</strong><br />(-30 for losing)\n|l|\u2606MikeTitan\n|player|p2|\n",
  "uploadtime": 1776159910,
  "views": 22,
  "formatid": "gen9championsvgc2026regma",
  "rating": 1223,
  "private": 0,
  "password": null
}