{
  "id": "gen9championsvgc2026regma-2581274750",
  "format": "[Gen 9 Champions] VGC 2026 Reg M-A",
  "players": [
    "GoodestGreavard",
    "gomugomujavier"
  ],
  "log": "|j|\u2606GoodestGreavard\n|j|\u2606gomugomujavier\n|t:|1775979832\n|gametype|doubles\n|player|p1|GoodestGreavard|102|1296\n|player|p2|gomugomujavier|266|1262\n|gen|9\n|tier|[Gen 9 Champions] VGC 2026 Reg M-A\n|rated|\n|rule|Species Clause: Limit one of each Pok\u00e9mon\n|rule|Item Clause: Limit 1 of each item\n|clearpoke\n|poke|p1|Basculegion, L50, M|\n|poke|p1|Incineroar, L50, F|\n|poke|p1|Pelipper, L50, F|\n|poke|p1|Archaludon, L50, F|\n|poke|p1|Meganium, L50, F|\n|poke|p1|Dragonite, L50, M|\n|poke|p2|Pelipper, L50, M|\n|poke|p2|Archaludon, L50, F|\n|poke|p2|Incineroar, L50, M|\n|poke|p2|Sinistcha, L50|\n|poke|p2|Starmie, L50|\n|poke|p2|Gengar, L50, M|\n|teampreview|4\n|\n|t:|1775979868\n|teamsize|p1|4\n|teamsize|p2|4\n|start\n|switch|p1a: Basculegion|Basculegion, L50, M|100/100\n|switch|p1b: Pelipper|Pelipper, L50, F|100/100\n|switch|p2a: Incineroar|Incineroar, L50, M|100/100\n|switch|p2b: Gengar|Gengar, L50, M|100/100\n|-weather|RainDance|[from] ability: Drizzle|[of] p1b: Pelipper\n|-ability|p2a: Incineroar|Intimidate|boost\n|-unboost|p1a: Basculegion|atk|1\n|-unboost|p1b: Pelipper|atk|1\n|turn|1\n|j| gE1xjZRtuhW2DdT0AK\n|inactive|Battle timer is ON: inactive players will automatically lose when time's up. (requested by gomugomujavier)\n|\n|t:|1775979910\n|switch|p2b: Archaludon|Archaludon, L50, F|100/100\n|move|p1b: Pelipper|Protect|p1b: Pelipper\n|-singleturn|p1b: Pelipper|Protect\n|move|p2a: Incineroar|Fake Out|p1b: Pelipper\n|-activate|p1b: Pelipper|move: Protect\n|move|p1a: Basculegion|Flip Turn|p2b: Archaludon\n|-resisted|p2b: Archaludon|1\n|-damage|p2b: Archaludon|87/100\n|-ability|p2b: Archaludon|Stamina|boost\n|-boost|p2b: Archaludon|def|1\n|\n|t:|1775979916\n|switch|p1a: Dragonite|Dragonite, L50, M|100/100|[from] Flip Turn\n|\n|-weather|RainDance|[upkeep]\n|upkeep\n|turn|2\n|\n|t:|1775979931\n|detailschange|p1a: Dragonite|Dragonite-Mega, L50, M\n|-mega|p1a: Dragonite|Dragonite|Dragoninite\n|move|p1a: Dragonite|Draco Meteor|p2b: Archaludon\n|-crit|p2b: Archaludon\n|-damage|p2b: Archaludon|0 fnt\n|-unboost|p1a: Dragonite|spa|2\n|faint|p2b: Archaludon\n|move|p1b: Pelipper|Muddy Water|p2a: Incineroar\n|-supereffective|p2a: Incineroar|1\n|-crit|p2a: Incineroar\n|-damage|p2a: Incineroar|0 fnt\n|faint|p2a: Incineroar\n|\n|-weather|RainDance|[upkeep]\n|upkeep\n|\n|t:|1775979945\n|switch|p2b: Sinistcha|Sinistcha, L50|100/100\n|switch|p2a: Gengar|Gengar, L50, M|100/100\n|turn|3\n|\n|t:|1775979957\n|switch|p1a: Archaludon|Archaludon, L50, F|100/100\n|detailschange|p2a: Gengar|Gengar-Mega, L50, M\n|-mega|p2a: Gengar|Gengar|Gengarite\n|move|p2a: Gengar|Icy Wind|p1b: Pelipper|[spread] p1a,p1b\n|-damage|p1a: Archaludon|85/100\n|-damage|p1b: Pelipper|71/100\n|-unboost|p1a: Archaludon|spe|1\n|-unboost|p1b: Pelipper|spe|1\n|-ability|p1a: Archaludon|Stamina|boost\n|-boost|p1a: Archaludon|def|1\n|move|p2b: Sinistcha|Matcha Gotcha|p1a: Archaludon|[spread] p1a,p1b\n|-resisted|p1a: Archaludon|2\n|-crit|p1b: Pelipper\n|-damage|p1a: Archaludon|78/100\n|-damage|p1b: Pelipper|0 fnt\n|-ability|p1a: Archaludon|Stamina|boost\n|-boost|p1a: Archaludon|def|1\n|faint|p1b: Pelipper\n|\n|-weather|RainDance|[upkeep]\n|-heal|p1a: Archaludon|84/100|[from] item: Leftovers\n|upkeep\n|\n|t:|1775979971\n|switch|p1b: Dragonite|Dragonite-Mega, L50, M|100/100\n|turn|4\n|inactive|gomugomujavier has 30 seconds left.\n|\n|t:|1775980002\n|move|p2a: Gengar|Protect|p2a: Gengar\n|-singleturn|p2a: Gengar|Protect\n|move|p1b: Dragonite|Hurricane|p2b: Sinistcha\n|-supereffective|p2b: Sinistcha|1\n|-damage|p2b: Sinistcha|0 fnt\n|faint|p2b: Sinistcha\n|move|p1a: Archaludon|Electro Shot||[still]\n|-prepare|p1a: Archaludon|Electro Shot\n|-boost|p1a: Archaludon|spa|1\n|-anim|p1a: Archaludon|Electro Shot|p2a: Gengar\n|-activate|p2a: Gengar|move: Protect\n|\n|-weather|RainDance|[upkeep]\n|-heal|p1a: Archaludon|90/100|[from] item: Leftovers\n|upkeep\n|turn|5\n|-message|gomugomujavier forfeited.\n|\n|win|GoodestGreavard\n|raw|GoodestGreavard's rating: 1296 &rarr; <strong>1319</strong><br />(+23 for winning)\n|raw|gomugomujavier's rating: 1262 &rarr; <strong>1239</strong><br />(-23 for losing)\n|l|\u2606gomugomujavier\n|player|p2|\n|l|\u2606GoodestGreavard\n|player|p1|\n",
  "uploadtime": 1775980062,
  "views": 21,
  "formatid": "gen9championsvgc2026regma",
  "rating": 1239,
  "private": 0,
  "password": null
}