{
  "id": "gen9championsvgc2026regma-2584260341",
  "format": "[Gen 9 Champions] VGC 2026 Reg M-A",
  "players": [
    "EthanLegend",
    "cloakedhawkvgc"
  ],
  "log": "|j|\u2606EthanLegend\n|j|\u2606cloakedhawkvgc\n|t:|1776244368\n|gametype|doubles\n|player|p1|EthanLegend|ethan|1148\n|player|p2|cloakedhawkvgc|pryce|1053\n|gen|9\n|tier|[Gen 9 Champions] VGC 2026 Reg M-A\n|rated|\n|rule|Species Clause: Limit one of each Pok\u00e9mon\n|rule|Item Clause: Limit 1 of each item\n|clearpoke\n|poke|p1|Gengar, L50, M|\n|poke|p1|Dragonite, L50, M|\n|poke|p1|Sinistcha, L50|\n|poke|p1|Pelipper, L50, F|\n|poke|p1|Incineroar, L50, M|\n|poke|p1|Kommo-o, L50, M|\n|poke|p2|Oranguru, L50, F|\n|poke|p2|Cofagrigus, L50, F|\n|poke|p2|Clefable, L50, M|\n|poke|p2|Kingambit, L50, F|\n|poke|p2|Torkoal, L50, M|\n|poke|p2|Machamp, L50, F|\n|teampreview|4\n|inactive|Battle timer is ON: inactive players will automatically lose when time's up. (requested by cloakedhawkvgc)\n|inactive|EthanLegend has 60 seconds left.\n|\n|t:|1776244409\n|teamsize|p1|4\n|teamsize|p2|4\n|start\n|switch|p1a: Gengar|Gengar, L50, M, shiny|100/100\n|switch|p1b: Kommo-o|Kommo-o, L50, M|100/100\n|switch|p2a: Cofagrigus|Cofagrigus, L50, F|100/100\n|switch|p2b: Torkoal|Torkoal, L50, M|100/100\n|-weather|SunnyDay|[from] ability: Drought|[of] p2b: Torkoal\n|turn|1\n|\n|t:|1776244421\n|switch|p1a: Pelipper|Pelipper, L50, F, shiny|100/100\n|-weather|RainDance|[from] ability: Drizzle|[of] p1a: Pelipper\n|move|p2b: Torkoal|Protect|p2b: Torkoal\n|-singleturn|p2b: Torkoal|Protect\n|move|p1b: Kommo-o|Clangorous Soul|p1b: Kommo-o\n|-boost|p1b: Kommo-o|atk|1\n|-boost|p1b: Kommo-o|def|1\n|-boost|p1b: Kommo-o|spa|1\n|-boost|p1b: Kommo-o|spd|1\n|-boost|p1b: Kommo-o|spe|1\n|-damage|p1b: Kommo-o|68/100\n|move|p2a: Cofagrigus|Trick Room|p2a: Cofagrigus\n|-fieldstart|move: Trick Room|[of] p2a: Cofagrigus\n|\n|-weather|RainDance|[upkeep]\n|-heal|p1b: Kommo-o|74/100|[from] item: Leftovers\n|upkeep\n|turn|2\n|inactive|EthanLegend has 30 seconds left.\n|inactive|cloakedhawkvgc has 30 seconds left.\n|inactive|EthanLegend has 20 seconds left.\n|\n|t:|1776244460\n|switch|p2b: Kingambit|Kingambit, L50, F|100/100\n|move|p2a: Cofagrigus|Will-O-Wisp|p1b: Kommo-o|[miss]\n|-miss|p2a: Cofagrigus|p1b: Kommo-o\n|move|p1a: Pelipper|Hurricane|p2b: Kingambit\n|-resisted|p2b: Kingambit|1\n|-damage|p2b: Kingambit|83/100\n|move|p1b: Kommo-o|Clanging Scales|p2b: Kingambit|[spread] p2a,p2b\n|-resisted|p2b: Kingambit|1\n|-damage|p2a: Cofagrigus|46/100\n|-damage|p2b: Kingambit|57/100\n|-enditem|p2a: Cofagrigus|Sitrus Berry|[eat]\n|-heal|p2a: Cofagrigus|71/100|[from] item: Sitrus Berry\n|-unboost|p1b: Kommo-o|def|1\n|\n|-weather|RainDance|[upkeep]\n|-heal|p1b: Kommo-o|80/100|[from] item: Leftovers\n|upkeep\n|turn|3\n|inactive|cloakedhawkvgc has 30 seconds left.\n|\n|t:|1776244489\n|move|p2a: Cofagrigus|Body Press|p1a: Pelipper\n|-resisted|p1a: Pelipper|1\n|-damage|p1a: Pelipper|87/100\n|move|p2b: Kingambit|Kowtow Cleave|p1a: Pelipper\n|-damage|p1a: Pelipper|50/100\n|move|p1a: Pelipper|U-turn|p2b: Kingambit\n|-damage|p2b: Kingambit|51/100\n|\n|t:|1776244499\n|switch|p1a: Sinistcha|Sinistcha, L50|100/100|[from] U-turn\n|-heal|p1b: Kommo-o|100/100|[from] ability: Hospitality|[of] p1a: Sinistcha\n|move|p1b: Kommo-o|Aura Sphere|p2b: Kingambit\n|-supereffective|p2b: Kingambit|2\n|-damage|p2b: Kingambit|0 fnt\n|faint|p2b: Kingambit\n|\n|-weather|RainDance|[upkeep]\n|upkeep\n|\n|t:|1776244508\n|switch|p2b: Torkoal|Torkoal, L50, M|100/100\n|-weather|SunnyDay|[from] ability: Drought|[of] p2b: Torkoal\n|turn|4\n|\n|t:|1776244515\n|switch|p1a: Pelipper|Pelipper, L50, F, shiny|50/100\n|-weather|RainDance|[from] ability: Drizzle|[of] p1a: Pelipper\n|move|p2b: Torkoal|Eruption|p1b: Kommo-o|[spread] p1a,p1b\n|-resisted|p1a: Pelipper|1\n|-resisted|p1b: Kommo-o|1\n|-damage|p1a: Pelipper|28/100\n|-damage|p1b: Kommo-o|91/100\n|move|p2a: Cofagrigus|Will-O-Wisp|p1b: Kommo-o\n|-status|p1b: Kommo-o|brn\n|move|p1b: Kommo-o|Clanging Scales|p2a: Cofagrigus|[spread] p2a,p2b\n|-damage|p2a: Cofagrigus|20/100\n|-damage|p2b: Torkoal|30/100\n|-unboost|p1b: Kommo-o|def|1\n|\n|-weather|RainDance|[upkeep]\n|-heal|p1b: Kommo-o|97/100 brn|[from] item: Leftovers\n|-damage|p1b: Kommo-o|91/100 brn|[from] brn\n|upkeep\n|turn|5\n|\n|t:|1776244536\n|switch|p2b: Clefable|Clefable, L50, M|100/100\n|move|p2a: Cofagrigus|Hex|p1b: Kommo-o\n|-damage|p1b: Kommo-o|61/100 brn\n|move|p1a: Pelipper|Hurricane|p2b: Clefable\n|-damage|p2b: Clefable|64/100\n|move|p1b: Kommo-o|Clangorous Soul|p1b: Kommo-o\n|-boost|p1b: Kommo-o|atk|1\n|-boost|p1b: Kommo-o|def|1\n|-boost|p1b: Kommo-o|spa|1\n|-boost|p1b: Kommo-o|spd|1\n|-boost|p1b: Kommo-o|spe|1\n|-damage|p1b: Kommo-o|29/100 brn\n|\n|-weather|RainDance|[upkeep]\n|-heal|p1b: Kommo-o|35/100 brn|[from] item: Leftovers\n|-damage|p1b: Kommo-o|29/100 brn|[from] brn\n|-fieldend|move: Trick Room\n|upkeep\n|turn|6\n|\n|t:|1776244559\n|detailschange|p2b: Clefable|Clefable-Mega, L50, M\n|-mega|p2b: Clefable|Clefable|Clefablite\n|move|p1b: Kommo-o|Clanging Scales|p2b: Clefable|[spread] p2a\n|-immune|p2b: Clefable\n|-damage|p2a: Cofagrigus|0 fnt\n|faint|p2a: Cofagrigus\n|-unboost|p1b: Kommo-o|def|1\n|move|p1a: Pelipper|Hurricane|p2b: Clefable\n|-damage|p2b: Clefable|35/100\n|-start|p2b: Clefable|confusion\n|-activate|p2b: Clefable|confusion\n|move|p2b: Clefable|Life Dew|p2b: Clefable\n|-heal|p2b: Clefable|60/100\n|\n|-weather|RainDance|[upkeep]\n|-heal|p1b: Kommo-o|35/100 brn|[from] item: Leftovers\n|-damage|p1b: Kommo-o|29/100 brn|[from] brn\n|upkeep\n|\n|t:|1776244576\n|switch|p2a: Torkoal|Torkoal, L50, M|30/100\n|-weather|SunnyDay|[from] ability: Drought|[of] p2a: Torkoal\n|turn|7\n|\n|t:|1776244587\n|move|p2a: Torkoal|Protect|p2a: Torkoal\n|-singleturn|p2a: Torkoal|Protect\n|move|p1b: Kommo-o|Clanging Scales|p2a: Torkoal|[spread] \n|-activate|p2a: Torkoal|move: Protect\n|-immune|p2b: Clefable\n|move|p1a: Pelipper|Tailwind|p1a: Pelipper\n|-sidestart|p1: EthanLegend|move: Tailwind\n|-end|p2b: Clefable|confusion\n|move|p2b: Clefable|Life Dew|p2b: Clefable|[spread] p2a,p2b\n|-heal|p2a: Torkoal|55/100\n|-heal|p2b: Clefable|85/100\n|\n|-weather|SunnyDay|[upkeep]\n|-heal|p1b: Kommo-o|35/100 brn|[from] item: Leftovers\n|-damage|p1b: Kommo-o|29/100 brn|[from] brn\n|upkeep\n|turn|8\n|\n|t:|1776244606\n|switch|p1a: Sinistcha|Sinistcha, L50|100/100\n|-heal|p1b: Kommo-o|54/100 brn|[from] ability: Hospitality|[of] p1a: Sinistcha\n|move|p1b: Kommo-o|Clanging Scales|p2b: Clefable|[spread] p2a\n|-immune|p2b: Clefable\n|-damage|p2a: Torkoal|0 fnt\n|faint|p2a: Torkoal\n|-unboost|p1b: Kommo-o|def|1\n|move|p2b: Clefable|Moonblast|p1b: Kommo-o\n|-supereffective|p1b: Kommo-o|2\n|-damage|p1b: Kommo-o|0 fnt\n|faint|p1b: Kommo-o\n|\n|-weather|SunnyDay|[upkeep]\n|upkeep\n|\n|t:|1776244623\n|switch|p1b: Gengar|Gengar, L50, M, shiny|100/100\n|turn|9\n|\n|t:|1776244628\n|detailschange|p1b: Gengar|Gengar-Mega, L50, M, shiny\n|-mega|p1b: Gengar|Gengar|Gengarite\n|move|p1b: Gengar|Sludge Bomb|p2b: Clefable\n|-supereffective|p2b: Clefable|1\n|-crit|p2b: Clefable\n|-damage|p2b: Clefable|0 fnt\n|faint|p2b: Clefable\n|\n|win|EthanLegend\n|raw|EthanLegend's rating: 1148 &rarr; <strong>1166</strong><br />(+18 for winning)\n|raw|cloakedhawkvgc's rating: 1053 &rarr; <strong>1040</strong><br />(-13 for losing)\n|l|\u2606EthanLegend\n|player|p1|\n",
  "uploadtime": 1776244634,
  "views": 29,
  "formatid": "gen9championsvgc2026regma",
  "rating": 1040,
  "private": 0,
  "password": null
}