{
  "id": "gen9championsvgc2026regma-2583957083",
  "format": "[Gen 9 Champions] VGC 2026 Reg M-A",
  "players": [
    "buildtheansia",
    "retrojp"
  ],
  "log": "|j|\u2606buildtheansia\n|j|\u2606retrojp\n|t:|1776211689\n|gametype|doubles\n|player|p1|buildtheansia|169|1137\n|player|p2|retrojp|101|1138\n|gen|9\n|tier|[Gen 9 Champions] VGC 2026 Reg M-A\n|rated|\n|rule|Species Clause: Limit one of each Pok\u00e9mon\n|rule|Item Clause: Limit 1 of each item\n|clearpoke\n|poke|p1|Politoed, L50, F|\n|poke|p1|Archaludon, L50, F|\n|poke|p1|Whimsicott, L50, M|\n|poke|p1|Gengar, L50, M|\n|poke|p1|Incineroar, L50, M|\n|poke|p1|Scizor, L50, F|\n|poke|p2|Tyranitar, L50, F|\n|poke|p2|Corviknight, L50, F|\n|poke|p2|Primarina, L50, F|\n|poke|p2|Incineroar, L50, F|\n|poke|p2|Excadrill, L50, M|\n|poke|p2|Sinistcha, L50|\n|teampreview|4\n|inactive|Battle timer is ON: inactive players will automatically lose when time's up. (requested by retrojp)\n|\n|t:|1776211725\n|teamsize|p1|4\n|teamsize|p2|4\n|start\n|switch|p1a: Scizor|Scizor, L50, F|100/100\n|switch|p1b: Archaludon|Archaludon, L50, F|100/100\n|switch|p2a: Tyranitar|Tyranitar, L50, F|100/100\n|switch|p2b: Excadrill|Excadrill, L50, M|100/100\n|-weather|Sandstorm|[from] ability: Sand Stream|[of] p2a: Tyranitar\n|turn|1\n|inactive|buildtheansia has 30 seconds left.\n|inactive|retrojp has 30 seconds left.\n|\n|t:|1776211754\n|switch|p1a: Politoed|Politoed, L50, F|100/100\n|-weather|RainDance|[from] ability: Drizzle|[of] p1a: Politoed\n|detailschange|p2a: Tyranitar|Tyranitar-Mega, L50, F\n|-mega|p2a: Tyranitar|Tyranitar|Tyranitarite\n|-weather|Sandstorm|[from] ability: Sand Stream|[of] p2a: Tyranitar\n|move|p2b: Excadrill|High Horsepower|p1b: Archaludon\n|-supereffective|p1b: Archaludon|1\n|-damage|p1b: Archaludon|15/100\n|-ability|p1b: Archaludon|Stamina|boost\n|-boost|p1b: Archaludon|def|1\n|move|p2a: Tyranitar|Rock Slide|p1a: Politoed|[spread] p1a,p1b\n|-resisted|p1b: Archaludon|1\n|-damage|p1a: Politoed|69/100\n|-damage|p1b: Archaludon|6/100\n|-ability|p1b: Archaludon|Stamina|boost\n|-boost|p1b: Archaludon|def|1\n|move|p1b: Archaludon|Flash Cannon|p2a: Tyranitar\n|-supereffective|p2a: Tyranitar|1\n|-damage|p2a: Tyranitar|59/100\n|-heal|p1b: Archaludon|11/100|[from] item: Shell Bell|[of] p2a: Tyranitar\n|\n|-weather|Sandstorm|[upkeep]\n|-damage|p1a: Politoed|62/100|[from] Sandstorm\n|-heal|p1a: Politoed|69/100|[from] item: Leftovers\n|upkeep\n|turn|2\n|inactive|retrojp has 30 seconds left.\n|inactive|buildtheansia has 30 seconds left.\n|inactive|buildtheansia has 20 seconds left.\n|\n|t:|1776211794\n|switch|p1a: Scizor|Scizor, L50, F|100/100\n|move|p2b: Excadrill|High Horsepower|p1a: Scizor\n|-damage|p1a: Scizor|43/100\n|move|p2a: Tyranitar|Rock Slide|p1b: Archaludon|[spread] p1a,p1b\n|-resisted|p1b: Archaludon|1\n|-damage|p1a: Scizor|7/100\n|-damage|p1b: Archaludon|5/100\n|-ability|p1b: Archaludon|Stamina|boost\n|-boost|p1b: Archaludon|def|1\n|move|p1b: Archaludon|Draco Meteor|p2a: Tyranitar\n|-crit|p2a: Tyranitar\n|-damage|p2a: Tyranitar|7/100\n|-unboost|p1b: Archaludon|spa|2\n|-heal|p1b: Archaludon|12/100|[from] item: Shell Bell|[of] p2a: Tyranitar\n|\n|-weather|Sandstorm|[upkeep]\n|upkeep\n|turn|3\n|inactive|buildtheansia has 30 seconds left.\n|inactive|retrojp has 30 seconds left.\n|inactive|buildtheansia has 20 seconds left.\n|\n|t:|1776211830\n|move|p2a: Tyranitar|Protect|p2a: Tyranitar\n|-singleturn|p2a: Tyranitar|Protect\n|move|p1a: Scizor|Protect|p1a: Scizor\n|-singleturn|p1a: Scizor|Protect\n|move|p2b: Excadrill|Earthquake|p1b: Archaludon|[spread] p1b\n|-activate|p2a: Tyranitar|move: Protect\n|-activate|p1a: Scizor|move: Protect\n|-supereffective|p1b: Archaludon|1\n|-damage|p1b: Archaludon|0 fnt\n|faint|p1b: Archaludon\n|\n|-weather|Sandstorm|[upkeep]\n|upkeep\n|\n|t:|1776211841\n|switch|p1b: Gengar|Gengar, L50, M|100/100\n|turn|4\n|inactive|retrojp has 30 seconds left.\n|\n|t:|1776211867\n|detailschange|p1b: Gengar|Gengar-Mega, L50, M\n|-mega|p1b: Gengar|Gengar|Gengarite\n|move|p1b: Gengar|Protect|p1b: Gengar\n|-singleturn|p1b: Gengar|Protect\n|move|p1a: Scizor|Bullet Punch|p2a: Tyranitar\n|-supereffective|p2a: Tyranitar|1\n|-damage|p2a: Tyranitar|0 fnt\n|faint|p2a: Tyranitar\n|move|p2b: Excadrill|High Horsepower|p1a: Scizor\n|-damage|p1a: Scizor|0 fnt\n|faint|p1a: Scizor\n|\n|-weather|Sandstorm|[upkeep]\n|-damage|p1b: Gengar|95/100|[from] Sandstorm\n|upkeep\n|\n|t:|1776211890\n|switch|p2a: Corviknight|Corviknight, L50, F|100/100\n|switch|p1a: Politoed|Politoed, L50, F|69/100\n|-weather|RainDance|[from] ability: Drizzle|[of] p1a: Politoed\n|turn|5\n|inactive|buildtheansia has 30 seconds left.\n|\n|t:|1776211916\n|move|p1b: Gengar|Shadow Ball|p2b: Excadrill\n|-damage|p2b: Excadrill|43/100\n|move|p2b: Excadrill|Earthquake|p1b: Gengar|[spread] p1a,p1b\n|-immune|p2a: Corviknight\n|-supereffective|p1b: Gengar|1\n|-damage|p1a: Politoed|32/100\n|-damage|p1b: Gengar|0 fnt\n|faint|p1b: Gengar\n|move|p1a: Politoed|Chilling Water|p2b: Excadrill\n|-supereffective|p2b: Excadrill|1\n|-damage|p2b: Excadrill|0 fnt\n|faint|p2b: Excadrill\n|move|p2a: Corviknight|Brave Bird|p1a: Politoed\n|-damage|p1a: Politoed|1/100\n|-damage|p2a: Corviknight|91/100|[from] Recoil\n|\n|-weather|RainDance|[upkeep]\n|-heal|p1a: Politoed|7/100|[from] item: Leftovers\n|-heal|p2a: Corviknight|97/100|[from] item: Leftovers\n|upkeep\n|\n|t:|1776211934\n|switch|p2b: Sinistcha|Sinistcha, L50|100/100\n|-heal|p2a: Corviknight|100/100|[from] ability: Hospitality|[of] p2b: Sinistcha\n|turn|6\n|-message|buildtheansia forfeited.\n|\n|win|retrojp\n|raw|buildtheansia's rating: 1137 &rarr; <strong>1112</strong><br />(-25 for losing)\n|raw|retrojp's rating: 1138 &rarr; <strong>1163</strong><br />(+25 for winning)\n|l|\u2606buildtheansia\n|player|p1|\n",
  "uploadtime": 1776211942,
  "views": 13,
  "formatid": "gen9championsvgc2026regma",
  "rating": 1112,
  "private": 0,
  "password": null
}