{
  "id": "gen9championsvgc2026regma-2581562505",
  "format": "[Gen 9 Champions] VGC 2026 Reg M-A",
  "players": [
    "Orosu1922",
    "herdantz"
  ],
  "log": "|j|\u2606Orosu1922\n|j|\u2606herdantz\n|t:|1776011183\n|gametype|doubles\n|player|p1|Orosu1922|iris-gen5bw2|1077\n|player|p2|herdantz|karen|1000\n|gen|9\n|tier|[Gen 9 Champions] VGC 2026 Reg M-A\n|rated|\n|rule|Species Clause: Limit one of each Pok\u00e9mon\n|rule|Item Clause: Limit 1 of each item\n|clearpoke\n|poke|p1|Feraligatr, L50, F|\n|poke|p1|Whimsicott, L50, F|\n|poke|p1|Basculegion-F, L50, F|\n|poke|p1|Farigiraf, L50, M|\n|poke|p1|Pelipper, L50, F|\n|poke|p1|Archaludon, L50, M|\n|poke|p2|Drampa, L50, M|\n|poke|p2|Farigiraf, L50, F|\n|poke|p2|Oranguru, L50, M|\n|poke|p2|Basculegion-F, L50, F|\n|poke|p2|Medicham, L50, M|\n|poke|p2|Goodra-Hisui, L50, M|\n|teampreview|4\n|inactive|Battle timer is ON: inactive players will automatically lose when time's up. (requested by herdantz)\n|inactive|Orosu1922 has 60 seconds left.\n|inactive|herdantz has 60 seconds left.\n|\n|t:|1776011230\n|teamsize|p1|4\n|teamsize|p2|4\n|start\n|switch|p1a: GATOR|Feraligatr, L50, F, shiny|100/100\n|switch|p1b: Basculegion|Basculegion-F, L50, F|100/100\n|switch|p2a: Medicham|Medicham, L50, M|100/100\n|switch|p2b: Farigiraf|Farigiraf, L50, F, shiny|100/100\n|turn|1\n|\n|t:|1776011253\n|detailschange|p1a: GATOR|Feraligatr-Mega, L50, F, shiny\n|-mega|p1a: GATOR|Feraligatr|Feraligite\n|move|p2a: Medicham|Fake Out|p1a: GATOR\n|-damage|p1a: GATOR|89/100\n|move|p1b: Basculegion|Surf|p2a: Medicham|[spread] p1a,p2a,p2b\n|-resisted|p1a: GATOR|2\n|-damage|p1a: GATOR|79/100\n|-damage|p2a: Medicham|49/100\n|-damage|p2b: Farigiraf|54/100\n|cant|p1a: GATOR|flinch\n|move|p2b: Farigiraf|Trick Room|p2b: Farigiraf\n|-fieldstart|move: Trick Room|[of] p2b: Farigiraf\n|\n|upkeep\n|turn|2\n|\n|t:|1776011275\n|switch|p1b: Farigiraf|Farigiraf, L50, M|100/100\n|move|p2b: Farigiraf|Helping Hand|p2a: Medicham\n|-singleturn|p2a: Medicham|Helping Hand|[of] p2b: Farigiraf\n|move|p2a: Medicham|Drain Punch|p1a: GATOR\n|-damage|p1a: GATOR|30/100\n|-heal|p2a: Medicham|75/100|[from] drain|[of] p1a: GATOR\n|move|p1a: GATOR|Curse|p1a: GATOR\n|-unboost|p1a: GATOR|spe|1\n|-boost|p1a: GATOR|atk|1\n|-boost|p1a: GATOR|def|1\n|\n|upkeep\n|turn|3\n|\n|t:|1776011296\n|move|p1a: GATOR|Giga Impact|p2b: Farigiraf\n|-damage|p2b: Farigiraf|0 fnt\n|-mustrecharge|p1a: GATOR\n|faint|p2b: Farigiraf\n|move|p1b: Farigiraf|Psychic Noise|p2a: Medicham\n|-damage|p2a: Medicham|39/100\n|-start|p2a: Medicham|move: Heal Block\n|move|p2a: Medicham|Taunt|p1b: Farigiraf\n|-start|p1b: Farigiraf|move: Taunt\n|\n|upkeep\n|\n|t:|1776011308\n|switch|p2b: Drampa|Drampa, L50, M|100/100\n|-ability|p2b: Drampa|Cloud Nine\n|turn|4\n|\n|t:|1776011326\n|detailschange|p2b: Drampa|Drampa-Mega, L50, M\n|-mega|p2b: Drampa|Drampa|Drampanite\n|move|p2b: Drampa|Calm Mind|p2b: Drampa\n|-boost|p2b: Drampa|spa|1\n|-boost|p2b: Drampa|spd|1\n|cant|p1a: GATOR|recharge\n|move|p1b: Farigiraf|Hyper Voice|p2b: Drampa|[spread] p2a,p2b\n|-damage|p2a: Medicham|0 fnt\n|-damage|p2b: Drampa|81/100\n|faint|p2a: Medicham\n|\n|upkeep\n|\n|t:|1776011336\n|switch|p2a: Oranguru|Oranguru, L50, M, shiny|100/100\n|turn|5\n|inactive|Orosu1922 has 30 seconds left.\n|\n|t:|1776011361\n|switch|p1a: Basculegion|Basculegion-F, L50, F|100/100\n|move|p2b: Drampa|Protect|p2b: Drampa\n|-singleturn|p2b: Drampa|Protect\n|move|p2a: Oranguru|Protect|p2a: Oranguru\n|-singleturn|p2a: Oranguru|Protect\n|move|p1b: Farigiraf|Hyper Voice|p2a: Oranguru|[spread] \n|-activate|p2a: Oranguru|move: Protect\n|-activate|p2b: Drampa|move: Protect\n|\n|-fieldend|move: Trick Room\n|upkeep\n|turn|6\n|inactive|Orosu1922 has 30 seconds left.\n|inactive|herdantz has 30 seconds left.\n|\n|t:|1776011395\n|move|p1a: Basculegion|Hydro Pump|p2a: Oranguru\n|-crit|p2a: Oranguru\n|-damage|p2a: Oranguru|22/100\n|-enditem|p2a: Oranguru|Sitrus Berry|[eat]\n|-heal|p2a: Oranguru|47/100|[from] item: Sitrus Berry\n|move|p1b: Farigiraf|Hyper Voice|p2a: Oranguru|[spread] p2a,p2b\n|-damage|p2a: Oranguru|20/100\n|-damage|p2b: Drampa|62/100\n|move|p2a: Oranguru|Instruct|p2b: Drampa\n|-singleturn|p2b: Drampa|move: Instruct|[of] p2a: Oranguru\n|move|p2b: Drampa|Protect|p2b: Drampa\n|-singleturn|p2b: Drampa|Protect\n|move|p2b: Drampa|Dragon Pulse|p1a: Basculegion\n|-damage|p1a: Basculegion|19/100\n|\n|-end|p1b: Farigiraf|move: Taunt\n|upkeep\n|turn|7\n|\n|t:|1776011414\n|move|p2a: Oranguru|Protect|p2a: Oranguru\n|-singleturn|p2a: Oranguru|Protect\n|move|p1a: Basculegion|Hydro Pump|p2b: Drampa\n|-resisted|p2b: Drampa|1\n|-damage|p2b: Drampa|43/100\n|-ability|p2b: Drampa|Berserk|boost\n|-boost|p2b: Drampa|spa|1\n|move|p1b: Farigiraf|Hyper Voice|p2a: Oranguru|[spread] p2b\n|-activate|p2a: Oranguru|move: Protect\n|-damage|p2b: Drampa|23/100\n|move|p2b: Drampa|Hyper Voice|p1b: Farigiraf|[spread] p1b\n|-immune|p1a: Basculegion\n|-damage|p1b: Farigiraf|26/100\n|\n|upkeep\n|turn|8\n|\n|t:|1776011438\n|move|p2b: Drampa|Protect|p2b: Drampa\n|-singleturn|p2b: Drampa|Protect\n|move|p1a: Basculegion|Hydro Pump|p2a: Oranguru\n|-damage|p2a: Oranguru|0 fnt\n|faint|p2a: Oranguru\n|move|p1b: Farigiraf|Hyper Voice|p2b: Drampa\n|-activate|p2b: Drampa|move: Protect\n|\n|upkeep\n|turn|9\n|-message|herdantz forfeited.\n|\n|win|Orosu1922\n|raw|Orosu1922's rating: 1077 &rarr; <strong>1099</strong><br />(+22 for winning)\n|raw|herdantz's rating: 1000 &rarr; <strong>1000</strong><br />(+0 for losing)\n|l|\u2606herdantz\n|player|p2|\n|c|\u2606Orosu1922|Hyper voice spam battle\n|c|\u2606Orosu1922|this is truly something\n",
  "uploadtime": 1776011455,
  "views": 17,
  "formatid": "gen9championsvgc2026regma",
  "rating": 1000,
  "private": 0,
  "password": null
}