{
  "id": "gen9championsvgc2026regma-2586572682",
  "format": "[Gen 9 Champions] VGC 2026 Reg M-A",
  "players": [
    "miguelmnc2",
    "Il Viper!"
  ],
  "log": "|j|\u2606miguelmnc2\n|j|\u2606Il Viper!\n|t:|1776443987\n|gametype|doubles\n|player|p1|miguelmnc2|cynthia-gen4|1198\n|player|p2|Il Viper!|red|1264\n|gen|9\n|tier|[Gen 9 Champions] VGC 2026 Reg M-A\n|rated|\n|rule|Species Clause: Limit one of each Pok\u00e9mon\n|rule|Item Clause: Limit 1 of each item\n|clearpoke\n|poke|p1|Dragonite, L50, M|\n|poke|p1|Meganium, L50, F|\n|poke|p1|Incineroar, L50, M|\n|poke|p1|Sinistcha, L50|\n|poke|p1|Pelipper, L50, M|\n|poke|p1|Archaludon, L50, M|\n|poke|p2|Charizard, L50, M|\n|poke|p2|Garchomp, L50, M|\n|poke|p2|Incineroar, L50, M|\n|poke|p2|Venusaur, L50, M|\n|poke|p2|Sneasler, L50, M|\n|poke|p2|Whimsicott, L50, M|\n|teampreview|4\n|inactive|Battle timer is ON: inactive players will automatically lose when time's up. (requested by Il Viper!)\n|n|\u2606Il Viper!|ilviper\n|inactive|miguelmnc2 has 60 seconds left.\n|\n|t:|1776444022\n|teamsize|p1|4\n|teamsize|p2|4\n|start\n|switch|p1a: Incineroar|Incineroar, L50, M|100/100\n|switch|p1b: Archaludon|Archaludon, L50, M, shiny|100/100\n|switch|p2a: Sneasler|Sneasler, L50, M|100/100\n|switch|p2b: Garchomp|Garchomp, L50, M|100/100\n|-ability|p1a: Incineroar|Intimidate|boost\n|-unboost|p2a: Sneasler|atk|1\n|-unboost|p2b: Garchomp|atk|1\n|-enditem|p2a: Sneasler|White Herb\n|-clearnegativeboost|p2a: Sneasler|[silent]\n|turn|1\n|inactive|Il Viper! has 30 seconds left.\n|\n|t:|1776444049\n|switch|p1b: Pelipper|Pelipper, L50, M|100/100\n|-weather|RainDance|[from] ability: Drizzle|[of] p1b: Pelipper\n|move|p2a: Sneasler|Fake Out|p1a: Incineroar\n|-damage|p1a: Incineroar|86/100\n|move|p2b: Garchomp|Earthquake|p1b: Pelipper|[spread] p2a,p1a\n|-immune|p1b: Pelipper\n|-supereffective|p2a: Sneasler|1\n|-supereffective|p1a: Incineroar|1\n|-crit|p1a: Incineroar\n|-damage|p2a: Sneasler|4/100\n|-damage|p1a: Incineroar|0 fnt\n|faint|p1a: Incineroar\n|\n|-weather|RainDance|[upkeep]\n|upkeep\n|\n|t:|1776444063\n|switch|p1a: Meganium|Meganium, L50, F, shiny|100/100\n|turn|2\n|\n|t:|1776444074\n|switch|p2b: Whimsicott|Whimsicott, L50, M|100/100\n|detailschange|p1a: Meganium|Meganium-Mega, L50, F, shiny\n|-mega|p1a: Meganium|Meganium|Meganiumite\n|move|p1a: Meganium|Protect|p1a: Meganium\n|-singleturn|p1a: Meganium|Protect\n|move|p2a: Sneasler|Dire Claw|p1a: Meganium\n|-activate|p1a: Meganium|move: Protect\n|move|p1b: Pelipper|Hurricane|p2a: Sneasler\n|-supereffective|p2a: Sneasler|1\n|-damage|p2a: Sneasler|0 fnt\n|faint|p2a: Sneasler\n|\n|-weather|RainDance|[upkeep]\n|upkeep\n|\n|t:|1776444091\n|switch|p2a: Garchomp|Garchomp, L50, M|100/100\n|turn|3\n|\n|t:|1776444106\n|move|p2a: Garchomp|Rock Slide|p1a: Meganium|[spread] p1a,p1b\n|-supereffective|p1b: Pelipper|1\n|-damage|p1a: Meganium|83/100\n|-damage|p1b: Pelipper|67/100\n|move|p2b: Whimsicott|Moonblast|p1a: Meganium\n|-damage|p1a: Meganium|42/100\n|-unboost|p1a: Meganium|spa|1\n|move|p1a: Meganium|Dazzling Gleam|p2a: Garchomp|[spread] p2a,p2b\n|-supereffective|p2a: Garchomp|1\n|-damage|p2a: Garchomp|50/100\n|-damage|p2b: Whimsicott|58/100\n|move|p1b: Pelipper|Tailwind|p1b: Pelipper\n|-sidestart|p1: miguelmnc2|move: Tailwind\n|\n|-weather|RainDance|[upkeep]\n|upkeep\n|turn|4\n|\n|t:|1776444125\n|move|p2b: Whimsicott|Tailwind|p2b: Whimsicott\n|-sidestart|p2: Il Viper!|move: Tailwind\n|move|p2a: Garchomp|Rock Slide|p1b: Pelipper|[spread] p1a,p1b\n|-supereffective|p1b: Pelipper|1\n|-damage|p1a: Meganium|25/100\n|-damage|p1b: Pelipper|32/100\n|cant|p1a: Meganium|flinch\n|move|p1b: Pelipper|Hurricane|p2b: Whimsicott\n|-supereffective|p2b: Whimsicott|1\n|-damage|p2b: Whimsicott|0 fnt\n|faint|p2b: Whimsicott\n|\n|-weather|RainDance|[upkeep]\n|upkeep\n|\n|t:|1776444136\n|switch|p2b: Charizard|Charizard, L50, M|100/100\n|turn|5\n|\n|t:|1776444145\n|switch|p1b: Archaludon|Archaludon, L50, M, shiny|100/100\n|move|p1a: Meganium|Protect|p1a: Meganium\n|-singleturn|p1a: Meganium|Protect\n|move|p2a: Garchomp|Rock Slide|p1b: Archaludon|[spread] p1b\n|-activate|p1a: Meganium|move: Protect\n|-resisted|p1b: Archaludon|1\n|-damage|p1b: Archaludon|92/100\n|-ability|p1b: Archaludon|Stamina|boost\n|-boost|p1b: Archaludon|def|1\n|move|p2b: Charizard|Heat Wave|p1b: Archaludon|[spread] p1b\n|-activate|p1a: Meganium|move: Protect\n|-damage|p1b: Archaludon|70/100\n|-ability|p1b: Archaludon|Stamina|boost\n|-boost|p1b: Archaludon|def|1\n|\n|-weather|none\n|upkeep\n|turn|6\n|inactive|miguelmnc2 has 30 seconds left.\n|inactive|miguelmnc2 has 20 seconds left.\n|\n|t:|1776444184\n|move|p2b: Charizard|Protect|p2b: Charizard\n|-singleturn|p2b: Charizard|Protect\n|move|p2a: Garchomp|Rock Slide|p1a: Meganium|[spread] p1a\n|-miss|p2a: Garchomp|p1b: Archaludon\n|-damage|p1a: Meganium|7/100\n|move|p1b: Archaludon|Draco Meteor|p2b: Charizard\n|-activate|p2b: Charizard|move: Protect\n|move|p1a: Meganium|Solar Beam||[still]\n|-prepare|p1a: Meganium|Solar Beam\n|-activate|p1a: Meganium|ability: Mega Sol\n|-anim|p1a: Meganium|Solar Beam|p2a: Garchomp\n|-damage|p2a: Garchomp|0 fnt\n|faint|p2a: Garchomp\n|\n|-sideend|p1: miguelmnc2|move: Tailwind\n|upkeep\n|turn|7\n|inactive|miguelmnc2 has 30 seconds left.\n|inactive|Il Viper! has 30 seconds left.\n|inactive|miguelmnc2 has 20 seconds left.\n|inactive|Il Viper! has 20 seconds left.\n|inactive|miguelmnc2 has 15 seconds left.\n|inactive|Il Viper! has 15 seconds left.\n|inactive|miguelmnc2 has 10 seconds left.\n|\n|t:|1776444233\n|move|p2b: Charizard|Protect|p2b: Charizard\n|-singleturn|p2b: Charizard|Protect\n|move|p1b: Archaludon|Draco Meteor|p2b: Charizard\n|-activate|p2b: Charizard|move: Protect\n|move|p1a: Meganium|Dazzling Gleam|p2b: Charizard\n|-activate|p2b: Charizard|move: Protect\n|\n|-sideend|p2: Il Viper!|move: Tailwind\n|upkeep\n|turn|8\n|\n|t:|1776444245\n|move|p2b: Charizard|Ancient Power|p1a: Meganium\n|-damage|p1a: Meganium|0 fnt\n|faint|p1a: Meganium\n|move|p1b: Archaludon|Draco Meteor|p2b: Charizard\n|-damage|p2b: Charizard|15/100\n|-unboost|p1b: Archaludon|spa|2\n|\n|upkeep\n|\n|t:|1776444251\n|switch|p1a: Pelipper|Pelipper, L50, M|32/100\n|-weather|RainDance|[from] ability: Drizzle|[of] p1a: Pelipper\n|turn|9\n|\n|t:|1776444262\n|detailschange|p2b: Charizard|Charizard-Mega-Y, L50, M\n|-mega|p2b: Charizard|Charizard|Charizardite Y\n|-weather|SunnyDay|[from] ability: Drought|[of] p2b: Charizard\n|move|p2b: Charizard|Heat Wave|p1b: Archaludon|[spread] p1a,p1b\n|-resisted|p1a: Pelipper|1\n|-damage|p1a: Pelipper|0 fnt\n|-damage|p1b: Archaludon|0 fnt\n|faint|p1a: Pelipper\n|faint|p1b: Archaludon\n|\n|win|Il Viper!\n|raw|miguelmnc2's rating: 1198 &rarr; <strong>1178</strong><br />(-20 for losing)\n|raw|Il Viper!'s rating: 1264 &rarr; <strong>1284</strong><br />(+20 for winning)\n|l|\u2606miguelmnc2\n|player|p1|\n",
  "uploadtime": 1776444313,
  "views": 24,
  "formatid": "gen9championsvgc2026regma",
  "rating": 1178,
  "private": 0,
  "password": null
}