{
  "id": "gen9championsvgc2026regma-2582159555",
  "format": "[Gen 9 Champions] VGC 2026 Reg M-A",
  "players": [
    "benniovyalt",
    "Minioracrobaticsss"
  ],
  "log": "|j|\u203dbenniovyalt\n|j|\u2606Minioracrobaticsss\n|t:|1776065619\n|gametype|doubles\n|player|p1|benniovyalt|bellepa|1017\n|player|p2|Minioracrobaticsss|169|1066\n|gen|9\n|tier|[Gen 9 Champions] VGC 2026 Reg M-A\n|rated|\n|rule|Species Clause: Limit one of each Pok\u00e9mon\n|rule|Item Clause: Limit 1 of each item\n|clearpoke\n|poke|p1|Chesnaught, L50, F|\n|poke|p1|Incineroar, L50, F|\n|poke|p1|Rotom-Wash, L50|\n|poke|p1|Sneasler, L50, F|\n|poke|p1|Aegislash, L50, M|\n|poke|p1|Garchomp, L50, M|\n|poke|p2|Politoed, L50, F|\n|poke|p2|Archaludon, L50, M|\n|poke|p2|Basculegion, L50, M|\n|poke|p2|Meganium, L50, F|\n|poke|p2|Goodra-Hisui, L50, M|\n|poke|p2|Gengar, L50, M|\n|teampreview|4\n|inactive|Battle timer is ON: inactive players will automatically lose when time's up. (requested by Minioracrobaticsss)\n|\n|t:|1776065655\n|teamsize|p1|4\n|teamsize|p2|4\n|start\n|switch|p1a: Chesnaught|Chesnaught, L50, F|100/100\n|switch|p1b: Sneasler|Sneasler, L50, F|100/100\n|switch|p2a: Politoed|Politoed, L50, F|100/100\n|switch|p2b: Gengar|Gengar, L50, M|100/100\n|-weather|RainDance|[from] ability: Drizzle|[of] p2a: Politoed\n|turn|1\n|\n|t:|1776065667\n|detailschange|p1a: Chesnaught|Chesnaught-Mega, L50, F\n|-mega|p1a: Chesnaught|Chesnaught|Chesnaughtite\n|move|p2a: Politoed|Protect|p2a: Politoed\n|-singleturn|p2a: Politoed|Protect\n|move|p1b: Sneasler|Fake Out|p2a: Politoed\n|-activate|p2a: Politoed|move: Protect\n|move|p2b: Gengar|Substitute|p2b: Gengar\n|-start|p2b: Gengar|Substitute\n|-damage|p2b: Gengar|76/100\n|move|p1a: Chesnaught|Iron Defense|p1a: Chesnaught\n|-boost|p1a: Chesnaught|def|2\n|\n|-weather|RainDance|[upkeep]\n|upkeep\n|turn|2\n|\n|t:|1776065688\n|detailschange|p2b: Gengar|Gengar-Mega, L50, M\n|-mega|p2b: Gengar|Gengar|Gengarite\n|move|p2b: Gengar|Protect|p2b: Gengar\n|-singleturn|p2b: Gengar|Protect\n|move|p1b: Sneasler|Protect|p1b: Sneasler\n|-singleturn|p1b: Sneasler|Protect\n|move|p2a: Politoed|Perish Song|p2a: Politoed\n|-start|p1a: Chesnaught|perish3|[silent]\n|-start|p1b: Sneasler|perish3|[silent]\n|-start|p2a: Politoed|perish3|[silent]\n|-start|p2b: Gengar|perish3|[silent]\n|-fieldactivate|move: Perish Song\n|move|p1a: Chesnaught|Body Press|p2a: Politoed\n|-damage|p2a: Politoed|2/100\n|\n|-weather|RainDance|[upkeep]\n|-start|p2b: Gengar|perish3\n|-start|p1b: Sneasler|perish3\n|-start|p2a: Politoed|perish3\n|-start|p1a: Chesnaught|perish3\n|upkeep\n|turn|3\n|\n|t:|1776065705\n|move|p2a: Politoed|Protect|p2a: Politoed\n|-singleturn|p2a: Politoed|Protect\n|move|p2b: Gengar|Sludge Wave|p1a: Chesnaught|[spread] p1a,p1b\n|-activate|p2a: Politoed|move: Protect\n|-supereffective|p1a: Chesnaught|1\n|-resisted|p1b: Sneasler|1\n|-damage|p1a: Chesnaught|35/100\n|-damage|p1b: Sneasler|68/100\n|move|p1b: Sneasler|Dire Claw|p2b: Gengar\n|-resisted|p2b: Gengar|2\n|-activate|p2b: Gengar|move: Substitute|[damage]\n|move|p1a: Chesnaught|Wood Hammer|p2a: Politoed\n|-activate|p2a: Politoed|move: Protect\n|\n|-weather|RainDance|[upkeep]\n|-start|p2b: Gengar|perish2\n|-start|p1b: Sneasler|perish2\n|-start|p2a: Politoed|perish2\n|-start|p1a: Chesnaught|perish2\n|upkeep\n|turn|4\n|inactive|Minioracrobaticsss has 30 seconds left.\n|\n|t:|1776065733\n|switch|p2a: Archaludon|Archaludon, L50, M|100/100\n|move|p2b: Gengar|Protect|p2b: Gengar\n|-singleturn|p2b: Gengar|Protect\n|move|p1b: Sneasler|Dire Claw|p2b: Gengar\n|-activate|p2b: Gengar|move: Protect\n|move|p1a: Chesnaught|Wood Hammer|p2b: Gengar\n|-activate|p2b: Gengar|move: Protect\n|\n|-weather|RainDance|[upkeep]\n|-start|p2b: Gengar|perish1\n|-start|p1b: Sneasler|perish1\n|-start|p1a: Chesnaught|perish1\n|upkeep\n|turn|5\n|\n|t:|1776065750\n|switch|p2b: Goodra|Goodra-Hisui, L50, M|100/100\n|move|p2a: Archaludon|Protect|p2a: Archaludon\n|-singleturn|p2a: Archaludon|Protect\n|move|p1b: Sneasler|Dire Claw|p2b: Goodra\n|-immune|p2b: Goodra\n|move|p1a: Chesnaught|Wood Hammer|p2b: Goodra\n|-resisted|p2b: Goodra|2\n|-damage|p2b: Goodra|88/100\n|-ability|p2b: Goodra|Gooey\n|-unboost|p1a: Chesnaught|spe|1\n|-damage|p1a: Chesnaught|31/100|[from] Recoil\n|\n|-weather|none\n|-heal|p2b: Goodra|94/100|[from] item: Leftovers\n|-start|p1b: Sneasler|perish0\n|-start|p1a: Chesnaught|perish0\n|faint|p1b: Sneasler\n|faint|p1a: Chesnaught\n|upkeep\n|-message|benniovyalt forfeited.\n|\n|win|Minioracrobaticsss\n|raw|benniovyalt's rating: 1017 &rarr; <strong>1006</strong><br />(-11 for losing)\n|raw|Minioracrobaticsss's rating: 1066 &rarr; <strong>1092</strong><br />(+26 for winning)\n|l|\u203dbenniovyalt\n|player|p1|\n",
  "uploadtime": 1776065791,
  "views": 15,
  "formatid": "gen9championsvgc2026regma",
  "rating": 1006,
  "private": 0,
  "password": null
}