{
  "id": "gen9championsvgc2026regma-2581611224",
  "format": "[Gen 9 Champions] VGC 2026 Reg M-A",
  "players": [
    "21Kieran",
    "VanniVGC"
  ],
  "log": "|j|\u260621Kieran\n|j|\u2606VanniVGC\n|html|<table width=\"100%\"><tr><td align=\"left\">21Kieran</td><td align=\"right\">VanniVGC</tr><tr><td align=\"left\"><i class=\"fa fa-circle\"></i> <i class=\"fa fa-circle-o\"></i> </td><td align=\"right\"><i class=\"fa fa-circle-o\"></i> <i class=\"fa fa-circle\"></i> </tr></table>\n|uhtml|bestof|<h2><strong>Game 3</strong> of <a href=\"/game-bestof3-gen9championsvgc2026regma-2581603251\">a best-of-3</a></h2>\n|t:|1776014996\n|gametype|doubles\n|player|p1|21Kieran|taunie|\n|player|p2|VanniVGC|1|\n|gen|9\n|tier|[Gen 9 Champions] VGC 2026 Reg M-A\n|rated|Tournament battle\n|rule|Species Clause: Limit one of each Pok\u00e9mon\n|rule|Item Clause: Limit 1 of each item\n|raw|<div class=\"infobox\"><details class=\"readmore\" open><summary><strong>2 custom rules:</strong></summary> Force Open Team Sheets, Best of = 3</details></div>\n|clearpoke\n|poke|p1|Incineroar, L50, M|\n|poke|p1|Gengar, L50, F|\n|poke|p1|Sinistcha, L50|\n|poke|p1|Kingambit, L50, M|\n|poke|p1|Tyranitar, L50, F|\n|poke|p1|Kommo-o, L50, F|\n|poke|p2|Scovillain, L50, F|\n|poke|p2|Dragonite, L50, M|\n|poke|p2|Sneasler, L50, M|\n|poke|p2|Kingambit, L50, F|\n|poke|p2|Primarina, L50, M|\n|poke|p2|Garganacl, L50, F|\n|teampreview|4\n|showteam|p1|Incineroar||ShucaBerry|Intimidate|PartingShot,FakeOut,Protect,ThroatChop|||M|||50|]Gengar||Gengarite|CursedBody|ShadowBall,Protect,Substitute,PerishSong|||F|||50|]Sinistcha||SitrusBerry|Hospitality|MatchaGotcha,RagePowder,Protect,LifeDew||||||50|]Kingambit||ChopleBerry|Defiant|IronHead,Protect,LowKick,SuckerPunch|||M|||50|]Tyranitar||ChoiceScarf|SandStream|StoneEdge,IcePunch,LowKick,RockSlide|||F|||50|]Kommo-o||Leftovers|Soundproof|ClangingScales,ClangorousSoul,AuraSphere,Protect|||F|||50|\n|showteam|p2|Scovillain||Scovillainite|Chlorophyll|RagePowder,LeechSeed,Flamethrower,Protect|||F|||50|]Dragonite||LumBerry|InnerFocus|ScaleShot,ExtremeSpeed,LowKick,Protect|||M|||50|]Sneasler||WhiteHerb|Unburden|FakeOut,DireClaw,CloseCombat,Coaching|||M|||50|]Kingambit||ChopleBerry|Defiant|SuckerPunch,KowtowCleave,IronHead,Protect|||F|||50|]Primarina||SitrusBerry|LiquidVoice|CalmMind,HyperVoice,Moonblast,Protect|||M|||50|]Garganacl||Leftovers|PurifyingSalt|SaltCure,Recover,WideGuard,Protect|||F|||50|\n|inactive|Battle timer is ON: inactive players will automatically lose when time's up. (requested by 21Kieran)\n|\n|t:|1776015013\n|teamsize|p1|4\n|teamsize|p2|4\n|start\n|switch|p1a: Kommo-o|Kommo-o, L50, F|100/100\n|switch|p1b: Incineroar|Incineroar, L50, M|100/100\n|switch|p2a: Sneasler|Sneasler, L50, M|100/100\n|switch|p2b: Kingambit|Kingambit, L50, F|100/100\n|-ability|p1b: Incineroar|Intimidate|boost\n|-unboost|p2a: Sneasler|atk|1\n|-unboost|p2b: Kingambit|atk|1\n|-ability|p2b: Kingambit|Defiant|boost\n|-boost|p2b: Kingambit|atk|2\n|-enditem|p2a: Sneasler|White Herb\n|-clearnegativeboost|p2a: Sneasler|[silent]\n|turn|1\n|inactive|VanniVGC has 30 seconds left.\n|\n|t:|1776015040\n|move|p2a: Sneasler|Fake Out|p1b: Incineroar\n|-damage|p1b: Incineroar|89/100\n|move|p1a: Kommo-o|Aura Sphere|p2b: Kingambit\n|-supereffective|p2b: Kingambit|2\n|-enditem|p2b: Kingambit|Chople Berry|[eat]\n|-enditem|p2b: Kingambit|Chople Berry|[weaken]\n|-damage|p2b: Kingambit|27/100\n|cant|p1b: Incineroar|flinch\n|move|p2b: Kingambit|Iron Head|p1a: Kommo-o\n|-crit|p1a: Kommo-o\n|-damage|p1a: Kommo-o|2/100\n|\n|-heal|p1a: Kommo-o|8/100|[from] item: Leftovers\n|upkeep\n|turn|2\n|\n|t:|1776015054\n|switch|p1b: Sinistcha|Sinistcha, L50|100/100\n|-heal|p1a: Kommo-o|32/100|[from] ability: Hospitality|[of] p1b: Sinistcha\n|move|p1a: Kommo-o|Protect|p1a: Kommo-o\n|-singleturn|p1a: Kommo-o|Protect\n|move|p2b: Kingambit|Sucker Punch||[still]\n|-fail|p2b: Kingambit\n|move|p2a: Sneasler|Close Combat|p1b: Sinistcha\n|-immune|p1b: Sinistcha\n|\n|-heal|p1a: Kommo-o|38/100|[from] item: Leftovers\n|upkeep\n|turn|3\n|inactive|21Kieran has 30 seconds left.\n|inactive|VanniVGC has 30 seconds left.\n|n|\u260621Kieran|21kieran\n|inactive|21Kieran has 20 seconds left.\n|inactive|VanniVGC has 20 seconds left.\n|inactive|21Kieran has 15 seconds left.\n|inactive|VanniVGC has 15 seconds left.\n|inactive|VanniVGC has 10 seconds left.\n|\n|t:|1776015100\n|switch|p2b: Dragonite|Dragonite, L50, M|100/100\n|move|p1b: Sinistcha|Rage Powder|p1b: Sinistcha\n|-singleturn|p1b: Sinistcha|move: Rage Powder\n|move|p2a: Sneasler|Dire Claw|p1b: Sinistcha\n|-damage|p1b: Sinistcha|65/100\n|-status|p1b: Sinistcha|slp\n|move|p1a: Kommo-o|Clangorous Soul|p1a: Kommo-o\n|-boost|p1a: Kommo-o|atk|1\n|-boost|p1a: Kommo-o|def|1\n|-boost|p1a: Kommo-o|spa|1\n|-boost|p1a: Kommo-o|spd|1\n|-boost|p1a: Kommo-o|spe|1\n|-damage|p1a: Kommo-o|5/100\n|\n|-heal|p1a: Kommo-o|11/100|[from] item: Leftovers\n|upkeep\n|turn|4\n|\n|t:|1776015124\n|switch|p1b: Incineroar|Incineroar, L50, M|89/100\n|-ability|p1b: Incineroar|Intimidate|boost\n|-unboost|p2a: Sneasler|atk|1\n|-fail|p2b: Dragonite|unboost|Attack|[from] ability: Inner Focus|[of] p2b: Dragonite\n|move|p1a: Kommo-o|Protect|p1a: Kommo-o\n|-singleturn|p1a: Kommo-o|Protect\n|move|p2b: Dragonite|Extreme Speed|p1a: Kommo-o\n|-activate|p1a: Kommo-o|move: Protect\n|move|p2a: Sneasler|Coaching|p2b: Dragonite\n|-boost|p2b: Dragonite|atk|1\n|-boost|p2b: Dragonite|def|1\n|\n|-heal|p1a: Kommo-o|17/100|[from] item: Leftovers\n|upkeep\n|turn|5\n|\n|t:|1776015141\n|switch|p1b: Sinistcha|Sinistcha, L50|65/100 slp\n|-heal|p1a: Kommo-o|41/100|[from] ability: Hospitality|[of] p1b: Sinistcha\n|move|p2b: Dragonite|Extreme Speed|p1a: Kommo-o\n|-damage|p1a: Kommo-o|12/100\n|move|p2a: Sneasler|Close Combat|p1a: Kommo-o\n|-damage|p1a: Kommo-o|0 fnt\n|-unboost|p2a: Sneasler|def|1\n|-unboost|p2a: Sneasler|spd|1\n|faint|p1a: Kommo-o\n|\n|upkeep\n|\n|t:|1776015156\n|switch|p1a: Gengar|Gengar, L50, F|100/100\n|turn|6\n|\n|t:|1776015167\n|detailschange|p1a: Gengar|Gengar-Mega, L50, F\n|-mega|p1a: Gengar|Gengar|Gengarite\n|cant|p1b: Sinistcha|slp\n|move|p2a: Sneasler|Coaching|p2b: Dragonite\n|-boost|p2b: Dragonite|atk|1\n|-boost|p2b: Dragonite|def|1\n|move|p1a: Gengar|Shadow Ball|p2a: Sneasler\n|-damage|p2a: Sneasler|15/100\n|move|p2b: Dragonite|Scale Shot|p1b: Sinistcha\n|-damage|p1b: Sinistcha|38/100 slp\n|-enditem|p1b: Sinistcha|Sitrus Berry|[eat]\n|-heal|p1b: Sinistcha|63/100 slp|[from] item: Sitrus Berry\n|-damage|p1b: Sinistcha|34/100 slp\n|-damage|p1b: Sinistcha|7/100 slp\n|-damage|p1b: Sinistcha|0 fnt\n|faint|p1b: Sinistcha\n|-hitcount|p1: Sinistcha|4\n|-unboost|p2b: Dragonite|def|1\n|-boost|p2b: Dragonite|spe|1\n|\n|upkeep\n|\n|t:|1776015176\n|switch|p1b: Incineroar|Incineroar, L50, M|89/100\n|-ability|p1b: Incineroar|Intimidate|boost\n|-unboost|p2a: Sneasler|atk|1\n|-fail|p2b: Dragonite|unboost|Attack|[from] ability: Inner Focus|[of] p2b: Dragonite\n|turn|7\n|\n|t:|1776015189\n|move|p2a: Sneasler|Close Combat|p1b: Incineroar\n|-supereffective|p1b: Incineroar|1\n|-damage|p1b: Incineroar|32/100\n|-unboost|p2a: Sneasler|def|1\n|-unboost|p2a: Sneasler|spd|1\n|move|p2b: Dragonite|Low Kick|p1b: Incineroar\n|-supereffective|p1b: Incineroar|1\n|-damage|p1b: Incineroar|0 fnt\n|faint|p1b: Incineroar\n|move|p1a: Gengar|Shadow Ball|p2b: Dragonite\n|-damage|p2b: Dragonite|56/100\n|\n|upkeep\n|turn|8\n|-message|21Kieran forfeited.\n|\n|win|VanniVGC\n",
  "uploadtime": 1776015211,
  "views": 14,
  "formatid": "gen9championsvgc2026regma",
  "rating": null,
  "private": 0,
  "password": null
}