{
  "id": "gen9championsvgc2026regma-2587935611",
  "format": "[Gen 9 Champions] VGC 2026 Reg M-A",
  "players": [
    "EstiGatetes",
    "zdekurom"
  ],
  "log": "|j|\u2606EstiGatetes\n|j|\u2606zdekurom\n|t:|1776581428\n|gametype|doubles\n|player|p1|EstiGatetes|265|1215\n|player|p2|zdekurom|unknown|1252\n|gen|9\n|tier|[Gen 9 Champions] VGC 2026 Reg M-A\n|rated|\n|rule|Species Clause: Limit one of each Pok\u00e9mon\n|rule|Item Clause: Limit 1 of each item\n|clearpoke\n|poke|p1|Sinistcha, L50|\n|poke|p1|Farigiraf, L50, M|\n|poke|p1|Incineroar, L50, M|\n|poke|p1|Crabominable, L50, F|\n|poke|p1|Slowking, L50, M|\n|poke|p1|Sylveon, L50, M|\n|poke|p2|Empoleon, L50, M|\n|poke|p2|Cofagrigus, L50, M|\n|poke|p2|Farigiraf, L50, M|\n|poke|p2|Kommo-o, L50, M|\n|poke|p2|Weavile, L50, M|\n|poke|p2|Scovillain, L50, M|\n|teampreview|4\n|\n|t:|1776581468\n|teamsize|p1|4\n|teamsize|p2|4\n|start\n|switch|p1a: Slowking|Slowking, L50, M|100/100\n|switch|p1b: Incineroar|Incineroar, L50, M|100/100\n|switch|p2a: Kommo-o|Kommo-o, L50, M|100/100\n|switch|p2b: Weavile|Weavile, L50, M|100/100\n|-ability|p2b: Weavile|Pressure\n|-ability|p1b: Incineroar|Intimidate|boost\n|-unboost|p2a: Kommo-o|atk|1\n|-unboost|p2b: Weavile|atk|1\n|turn|1\n|\n|t:|1776581494\n|switch|p2b: Farigiraf|Farigiraf, L50, M|100/100\n|move|p1b: Incineroar|Fake Out||[still]\n|cant|p2b: Farigiraf|ability: Armor Tail|Fake Out|[of] p1b: Incineroar\n|move|p2a: Kommo-o|Clangorous Soul|p2a: Kommo-o\n|-boost|p2a: Kommo-o|atk|1\n|-boost|p2a: Kommo-o|def|1\n|-boost|p2a: Kommo-o|spa|1\n|-boost|p2a: Kommo-o|spd|1\n|-boost|p2a: Kommo-o|spe|1\n|-damage|p2a: Kommo-o|68/100\n|move|p1a: Slowking|Trick Room|p1a: Slowking\n|-fieldstart|move: Trick Room|[of] p1a: Slowking\n|\n|-heal|p2a: Kommo-o|74/100|[from] item: Leftovers\n|upkeep\n|turn|2\n|\n|t:|1776581522\n|move|p2a: Kommo-o|Protect|p2a: Kommo-o\n|-singleturn|p2a: Kommo-o|Protect\n|-prepare|p1a: Slowking|Chilly Reception|[premajor]\n|move|p1a: Slowking|Chilly Reception|p1a: Slowking\n|-weather|Snowscape\n|\n|t:|1776581527\n|switch|p1a: Crabominable|Crabominable, L50, F|100/100|[from] Chilly Reception\n|move|p1b: Incineroar|Throat Chop|p2b: Farigiraf\n|-supereffective|p2b: Farigiraf|1\n|-damage|p2b: Farigiraf|34/100\n|-start|p2b: Farigiraf|Throat Chop|[silent]\n|-enditem|p2b: Farigiraf|Sitrus Berry|[eat]\n|-heal|p2b: Farigiraf|58/100|[from] item: Sitrus Berry\n|move|p2b: Farigiraf|Trick Room|p2b: Farigiraf\n|-fieldend|move: Trick Room\n|\n|-weather|Snowscape|[upkeep]\n|-heal|p2a: Kommo-o|79/100|[from] item: Leftovers\n|upkeep\n|turn|3\n|\n|t:|1776581545\n|move|p2b: Farigiraf|Helping Hand|p2a: Kommo-o\n|-singleturn|p2a: Kommo-o|Helping Hand|[of] p2b: Farigiraf\n|move|p1a: Crabominable|Protect|p1a: Crabominable\n|-singleturn|p1a: Crabominable|Protect\n|move|p2a: Kommo-o|Clanging Scales|p1b: Incineroar|[spread] p1b\n|-activate|p1a: Crabominable|move: Protect\n|-damage|p1b: Incineroar|13/100\n|-enditem|p1b: Incineroar|Sitrus Berry|[eat]\n|-heal|p1b: Incineroar|38/100|[from] item: Sitrus Berry\n|-unboost|p2a: Kommo-o|def|1\n|move|p1b: Incineroar|Parting Shot|p2a: Kommo-o\n|-unboost|p2a: Kommo-o|atk|1\n|-unboost|p2a: Kommo-o|spa|1\n|\n|t:|1776581561\n|switch|p1b: Slowking|Slowking, L50, M|100/100|[from] Parting Shot\n|\n|-weather|Snowscape|[upkeep]\n|-heal|p2a: Kommo-o|85/100|[from] item: Leftovers\n|-end|p2b: Farigiraf|Throat Chop|[silent]\n|upkeep\n|turn|4\n|\n|t:|1776581583\n|detailschange|p1a: Crabominable|Crabominable-Mega, L50, F\n|-mega|p1a: Crabominable|Crabominable|Crabominite\n|move|p2b: Farigiraf|Helping Hand|p2a: Kommo-o\n|-singleturn|p2a: Kommo-o|Helping Hand|[of] p2b: Farigiraf\n|move|p2a: Kommo-o|Aura Sphere|p1a: Crabominable\n|-supereffective|p1a: Crabominable|1\n|-damage|p1a: Crabominable|11/100\n|move|p1a: Crabominable|Ice Hammer|p2a: Kommo-o\n|-supereffective|p2a: Kommo-o|1\n|-damage|p2a: Kommo-o|0 fnt\n|-unboost|p1a: Crabominable|spe|1\n|faint|p2a: Kommo-o\n|move|p1b: Slowking|Psychic|p2b: Farigiraf\n|-resisted|p2b: Farigiraf|1\n|-damage|p2b: Farigiraf|37/100\n|\n|-weather|Snowscape|[upkeep]\n|upkeep\n|\n|t:|1776581593\n|switch|p2a: Weavile|Weavile, L50, M|100/100\n|-ability|p2a: Weavile|Pressure\n|turn|5\n|\n|t:|1776581609\n|switch|p2b: Empoleon|Empoleon, L50, M|100/100\n|switch|p1b: Incineroar|Incineroar, L50, M|38/100\n|-ability|p1b: Incineroar|Intimidate|boost\n|-unboost|p2a: Weavile|atk|1\n|-unboost|p2b: Empoleon|atk|1\n|-ability|p2b: Empoleon|Competitive|boost\n|-boost|p2b: Empoleon|spa|2\n|move|p1a: Crabominable|Protect|p1a: Crabominable\n|-singleturn|p1a: Crabominable|Protect\n|move|p2a: Weavile|Knock Off|p1b: Incineroar\n|-resisted|p1b: Incineroar|1\n|-damage|p1b: Incineroar|27/100\n|\n|-weather|Snowscape|[upkeep]\n|upkeep\n|turn|6\n|\n|t:|1776581627\n|switch|p2a: Farigiraf|Farigiraf, L50, M|37/100\n|move|p1b: Incineroar|Fake Out||[still]\n|cant|p2a: Farigiraf|ability: Armor Tail|Fake Out|[of] p1b: Incineroar\n|move|p1a: Crabominable|Mach Punch||[still]\n|cant|p2a: Farigiraf|ability: Armor Tail|Mach Punch|[of] p1a: Crabominable\n|move|p2b: Empoleon|Flash Cannon|p1a: Crabominable\n|-supereffective|p1a: Crabominable|1\n|-damage|p1a: Crabominable|0 fnt\n|faint|p1a: Crabominable\n|\n|-weather|none\n|upkeep\n|\n|t:|1776581637\n|switch|p1a: Sinistcha|Sinistcha, L50|100/100\n|-heal|p1b: Incineroar|52/100|[from] ability: Hospitality|[of] p1a: Sinistcha\n|turn|7\n|\n|t:|1776581659\n|move|p2a: Farigiraf|Helping Hand|p2b: Empoleon\n|-singleturn|p2b: Empoleon|Helping Hand|[of] p2a: Farigiraf\n|move|p1a: Sinistcha|Matcha Gotcha|p2a: Farigiraf|[spread] p2a,p2b\n|-damage|p2a: Farigiraf|7/100\n|-damage|p2b: Empoleon|69/100\n|-status|p2a: Farigiraf|brn\n|move|p2b: Empoleon|Ice Beam|p1a: Sinistcha\n|-supereffective|p1a: Sinistcha|1\n|-enditem|p1a: Sinistcha|Focus Sash\n|-damage|p1a: Sinistcha|1/100\n|move|p1b: Incineroar|Flare Blitz|p2b: Empoleon\n|-damage|p2b: Empoleon|5/100\n|-damage|p1b: Incineroar|32/100|[from] Recoil\n|\n|-damage|p2a: Farigiraf|0 fnt|[from] brn\n|faint|p2a: Farigiraf\n|upkeep\n|\n|t:|1776581669\n|switch|p2a: Weavile|Weavile, L50, M|100/100\n|-ability|p2a: Weavile|Pressure\n|turn|8\n|\n|t:|1776581689\n|switch|p1b: Slowking|Slowking, L50, M|100/100\n|move|p2a: Weavile|Knock Off|p1a: Sinistcha\n|-supereffective|p1a: Sinistcha|1\n|-damage|p1a: Sinistcha|0 fnt\n|faint|p1a: Sinistcha\n|move|p2b: Empoleon|Flash Cannon|p1b: Slowking\n|-resisted|p1b: Slowking|1\n|-damage|p1b: Slowking|65/100\n|\n|-heal|p1b: Slowking|71/100|[from] item: Leftovers\n|upkeep\n|\n|t:|1776581699\n|switch|p1a: Incineroar|Incineroar, L50, M|32/100\n|-ability|p1a: Incineroar|Intimidate|boost\n|-unboost|p2a: Weavile|atk|1\n|-unboost|p2b: Empoleon|atk|1\n|-ability|p2b: Empoleon|Competitive|boost\n|-boost|p2b: Empoleon|spa|2\n|turn|9\n|\n|t:|1776581717\n|move|p2b: Empoleon|Protect|p2b: Empoleon\n|-singleturn|p2b: Empoleon|Protect\n|move|p2a: Weavile|Knock Off|p1b: Slowking\n|-supereffective|p1b: Slowking|1\n|-damage|p1b: Slowking|0 fnt\n|-enditem|p1b: Slowking|Leftovers|[from] move: Knock Off|[of] p2a: Weavile\n|faint|p1b: Slowking\n|move|p1a: Incineroar|Flare Blitz|p2a: Weavile\n|-supereffective|p2a: Weavile|1\n|-enditem|p2a: Weavile|Focus Sash\n|-damage|p2a: Weavile|1/100\n|-damage|p1a: Incineroar|8/100|[from] Recoil\n|\n|upkeep\n|turn|10\n|\n|t:|1776581730\n|move|p2a: Weavile|Knock Off|p1a: Incineroar\n|-resisted|p1a: Incineroar|1\n|-damage|p1a: Incineroar|0 fnt\n|faint|p1a: Incineroar\n|\n|win|zdekurom\n|raw|EstiGatetes's rating: 1215 &rarr; <strong>1193</strong><br />(-22 for losing)\n|raw|zdekurom's rating: 1252 &rarr; <strong>1274</strong><br />(+22 for winning)\n",
  "uploadtime": 1776581735,
  "views": 16,
  "formatid": "gen9championsvgc2026regma",
  "rating": 1193,
  "private": 0,
  "password": null
}