{
  "id": "gen9championsvgc2026regma-2588740848",
  "format": "[Gen 9 Champions] VGC 2026 Reg M-A",
  "players": [
    "novanitefr",
    "Miguel1818"
  ],
  "log": "|j|\u2606novanitefr\n|j|\u2606Miguel1818\n|t:|1776664533\n|gametype|doubles\n|player|p1|novanitefr|ghetsis-gen5bw|1258\n|player|p2|Miguel1818|102|1360\n|gen|9\n|tier|[Gen 9 Champions] VGC 2026 Reg M-A\n|rated|\n|rule|Species Clause: Limit one of each Pok\u00e9mon\n|rule|Item Clause: Limit 1 of each item\n|clearpoke\n|poke|p1|Aggron, L50, M|\n|poke|p1|Tyranitar, L50, M|\n|poke|p1|Incineroar, L50, M|\n|poke|p1|Sinistcha-Masterpiece, L50|\n|poke|p1|Tauros-Paldea-Aqua, L50, M|\n|poke|p1|Beedrill, L50, M|\n|poke|p2|Whimsicott, L50, F, shiny|\n|poke|p2|Charizard, L50, M, shiny|\n|poke|p2|Venusaur, L50, M, shiny|\n|poke|p2|Garchomp, L50, F, shiny|\n|poke|p2|Rotom-Wash, L50, shiny|\n|poke|p2|Incineroar, L50, M, shiny|\n|teampreview|4\n|inactive|Battle timer is ON: inactive players will automatically lose when time's up. (requested by novanitefr)\n|\n|t:|1776664559\n|teamsize|p1|4\n|teamsize|p2|4\n|start\n|switch|p1a: More!|Incineroar, L50, M|100/100\n|switch|p1b: Eve|Sinistcha-Masterpiece, L50|100/100\n|switch|p2a: Garchomp|Garchomp, L50, F, shiny|100/100\n|switch|p2b: Rotom|Rotom-Wash, L50, shiny|100/100\n|-ability|p1a: More!|Intimidate|boost\n|-unboost|p2a: Garchomp|atk|1\n|-unboost|p2b: Rotom|atk|1\n|turn|1\n|inactive|Miguel1818 has 30 seconds left.\n|\n|t:|1776664584\n|detailschange|p2a: Garchomp|Garchomp-Mega, L50, F, shiny\n|-mega|p2a: Garchomp|Garchomp|Garchompite\n|move|p1a: More!|Fake Out|p2b: Rotom\n|-damage|p2b: Rotom|84/100\n|cant|p2b: Rotom|flinch\n|move|p2a: Garchomp|Earthquake|p1a: More!|[spread] p1a,p1b\n|-immune|p2b: Rotom|[from] ability: Levitate\n|-supereffective|p1a: More!|1\n|-resisted|p1b: Eve|1\n|-damage|p1a: More!|43/100\n|-damage|p1b: Eve|86/100\n|move|p1b: Eve|Trick Room|p1b: Eve\n|-fieldstart|move: Trick Room|[of] p1b: Eve\n|\n|upkeep\n|turn|2\n|\n|t:|1776664605\n|move|p1a: More!|Will-O-Wisp|p2a: Garchomp\n|-status|p2a: Garchomp|brn\n|move|p1b: Eve|Matcha Gotcha|p2a: Garchomp|[spread] p2a,p2b\n|-supereffective|p2b: Rotom|1\n|-damage|p2a: Garchomp|72/100 brn\n|-heal|p1b: Eve|100/100|[from] drain|[of] p2a: Garchomp\n|-damage|p2b: Rotom|21/100\n|move|p2a: Garchomp|Earthquake|p1a: More!|[spread] p1a,p1b\n|-immune|p2b: Rotom|[from] ability: Levitate\n|-supereffective|p1a: More!|1\n|-resisted|p1b: Eve|1\n|-damage|p1a: More!|15/100\n|-damage|p1b: Eve|94/100\n|move|p2b: Rotom|Volt Switch|p1a: More!\n|-damage|p1a: More!|0 fnt\n|faint|p1a: More!\n|\n|t:|1776664627\n|switch|p2b: Whimsicott|Whimsicott, L50, F, shiny|100/100|[from] Volt Switch\n|\n|-damage|p2a: Garchomp|66/100 brn|[from] brn\n|upkeep\n|\n|t:|1776664631\n|switch|p1a: Nolan|Tyranitar, L50, M|100/100\n|-weather|Sandstorm|[from] ability: Sand Stream|[of] p1a: Nolan\n|turn|3\n|\n|t:|1776664639\n|move|p2b: Whimsicott|Protect|p2b: Whimsicott\n|-singleturn|p2b: Whimsicott|Protect\n|move|p2a: Garchomp|Protect|p2a: Garchomp\n|-singleturn|p2a: Garchomp|Protect\n|move|p1b: Eve|Matcha Gotcha|p2a: Garchomp|[spread] \n|-activate|p2a: Garchomp|move: Protect\n|-activate|p2b: Whimsicott|move: Protect\n|move|p1a: Nolan|Ice Punch|p2b: Whimsicott\n|-activate|p2b: Whimsicott|move: Protect\n|\n|-weather|Sandstorm|[upkeep]\n|-damage|p1b: Eve|88/100|[from] Sandstorm\n|-damage|p2b: Whimsicott|95/100|[from] Sandstorm\n|-damage|p2a: Garchomp|60/100 brn|[from] brn\n|upkeep\n|turn|4\n|\n|t:|1776664660\n|switch|p2a: Rotom|Rotom-Wash, L50, shiny|21/100\n|switch|p2b: Charizard|Charizard, L50, M, shiny|100/100\n|move|p1a: Nolan|Ice Punch|p2b: Charizard\n|-damage|p2b: Charizard|62/100\n|move|p1b: Eve|Matcha Gotcha|p2a: Rotom|[spread] p2a,p2b\n|-supereffective|p2a: Rotom|1\n|-resisted|p2b: Charizard|2\n|-damage|p2a: Rotom|0 fnt\n|-heal|p1b: Eve|95/100|[from] drain|[of] p2a: Rotom\n|-damage|p2b: Charizard|54/100\n|-heal|p1b: Eve|98/100|[from] drain|[of] p2b: Charizard\n|faint|p2a: Rotom\n|\n|-weather|Sandstorm|[upkeep]\n|-damage|p1b: Eve|92/100|[from] Sandstorm\n|-damage|p2b: Charizard|48/100|[from] Sandstorm\n|upkeep\n|\n|t:|1776664672\n|switch|p2a: Garchomp|Garchomp-Mega, L50, F, shiny|60/100 brn\n|turn|5\n|\n|t:|1776664696\n|move|p2a: Garchomp|Protect|p2a: Garchomp\n|-singleturn|p2a: Garchomp|Protect\n|move|p2b: Charizard|Protect|p2b: Charizard\n|-singleturn|p2b: Charizard|Protect\n|move|p1a: Nolan|Rock Slide|p2a: Garchomp|[spread] \n|-activate|p2a: Garchomp|move: Protect\n|-activate|p2b: Charizard|move: Protect\n|move|p1b: Eve|Matcha Gotcha|p2a: Garchomp|[spread] \n|-activate|p2a: Garchomp|move: Protect\n|-activate|p2b: Charizard|move: Protect\n|\n|-weather|Sandstorm|[upkeep]\n|-damage|p1b: Eve|86/100|[from] Sandstorm\n|-damage|p2b: Charizard|42/100|[from] Sandstorm\n|-damage|p2a: Garchomp|55/100 brn|[from] brn\n|-fieldend|move: Trick Room\n|upkeep\n|turn|6\n|-activate|p1a: Nolan|item: Quick Claw\n|\n|t:|1776664708\n|move|p1a: Nolan|Rock Slide|p2a: Garchomp|[spread] p2a,p2b\n|-resisted|p2a: Garchomp|1\n|-supereffective|p2b: Charizard|2\n|-damage|p2a: Garchomp|40/100 brn\n|-damage|p2b: Charizard|0 fnt\n|faint|p2b: Charizard\n|move|p2a: Garchomp|Earthquake|p1a: Nolan|[spread] p1a,p1b\n|-supereffective|p1a: Nolan|1\n|-resisted|p1b: Eve|1\n|-damage|p1a: Nolan|36/100\n|-damage|p1b: Eve|72/100\n|move|p1b: Eve|Trick Room|p1b: Eve\n|-fieldstart|move: Trick Room|[of] p1b: Eve\n|\n|-weather|Sandstorm|[upkeep]\n|-damage|p1b: Eve|66/100|[from] Sandstorm\n|-damage|p2a: Garchomp|34/100 brn|[from] brn\n|upkeep\n|\n|t:|1776664716\n|switch|p2b: Whimsicott|Whimsicott, L50, F, shiny|95/100\n|turn|7\n|-activate|p1a: Nolan|item: Quick Claw\n|\n|t:|1776664725\n|switch|p1b: Invincible|Aggron, L50, M|100/100\n|move|p1a: Nolan|Ice Punch|p2b: Whimsicott\n|-supereffective|p2b: Whimsicott|1\n|-damage|p2b: Whimsicott|1/100\n|move|p2a: Garchomp|Earthquake|p1a: Nolan|[spread] p2b,p1a,p1b\n|-resisted|p2b: Whimsicott|1\n|-supereffective|p1a: Nolan|1\n|-supereffective|p1b: Invincible|2\n|-damage|p2b: Whimsicott|0 fnt\n|-damage|p1a: Nolan|0 fnt\n|-damage|p1b: Invincible|25/100\n|faint|p2b: Whimsicott\n|faint|p1a: Nolan\n|\n|-weather|none\n|-damage|p2a: Garchomp|28/100 brn|[from] brn\n|upkeep\n|\n|t:|1776664731\n|switch|p1a: Eve|Sinistcha-Masterpiece, L50|66/100\n|-heal|p1b: Invincible|50/100|[from] ability: Hospitality|[of] p1a: Eve\n|turn|8\n|\n|t:|1776664737\n|detailschange|p1b: Invincible|Aggron-Mega, L50, M\n|-mega|p1b: Invincible|Aggron|Aggronite\n|move|p1b: Invincible|Iron Defense|p1b: Invincible\n|-boost|p1b: Invincible|def|2\n|move|p1a: Eve|Life Dew|p1a: Eve|[spread] p1a,p1b\n|-heal|p1a: Eve|92/100\n|-heal|p1b: Invincible|75/100\n|move|p2a: Garchomp|Earthquake|p1a: Eve|[spread] p1a,p1b\n|-resisted|p1a: Eve|1\n|-supereffective|p1b: Invincible|1\n|-damage|p1a: Eve|80/100\n|-damage|p1b: Invincible|67/100\n|\n|-damage|p2a: Garchomp|22/100 brn|[from] brn\n|upkeep\n|turn|9\n|l|\u2606Miguel1818\n|inactive|Miguel1818 disconnected and has a minute to reconnect!\n|player|p2|\n|inactive|Miguel1818 has 30 seconds left.\n|inactive|Miguel1818 has 20 seconds left.\n|inactive|Miguel1818 has 15 seconds left.\n|inactive|Miguel1818 has 10 seconds left.\n|inactive|Miguel1818 has 5 seconds left.\n|-message|Miguel1818 lost due to inactivity.\n|\n|win|novanitefr\n|raw|novanitefr's rating: 1258 &rarr; <strong>1290</strong><br />(+32 for winning)\n|raw|Miguel1818's rating: 1360 &rarr; <strong>1334</strong><br />(-26 for losing)\n",
  "uploadtime": 1776664803,
  "views": 23,
  "formatid": "gen9championsvgc2026regma",
  "rating": 1290,
  "private": 0,
  "password": null
}