{
  "id": "gen9championsvgc2026regma-2582946737",
  "format": "[Gen 9 Champions] VGC 2026 Reg M-A",
  "players": [
    "PhazonGuzzler",
    "Ddwyyw"
  ],
  "log": "|j|\u2606PhazonGuzzler\n|j|\u2606Ddwyyw\n|t:|1776127443\n|gametype|doubles\n|player|p1|PhazonGuzzler|psychicf|1130\n|player|p2|Ddwyyw|wallace|1052\n|gen|9\n|tier|[Gen 9 Champions] VGC 2026 Reg M-A\n|rated|\n|rule|Species Clause: Limit one of each Pok\u00e9mon\n|rule|Item Clause: Limit 1 of each item\n|clearpoke\n|poke|p1|Mamoswine, L50, M|\n|poke|p1|Meganium, L50, M|\n|poke|p1|Alcremie, L50, F|\n|poke|p1|Liepard, L50, F|\n|poke|p1|Ampharos, L50, F|\n|poke|p1|Passimian, L50, F|\n|poke|p2|Farigiraf, L50, M|\n|poke|p2|Araquanid, L50, F|\n|poke|p2|Gardevoir, L50, F|\n|poke|p2|Garchomp, L50, M|\n|poke|p2|Whimsicott, L50, F|\n|poke|p2|Rotom-Heat, L50|\n|teampreview|4\n|inactive|Battle timer is ON: inactive players will automatically lose when time's up. (requested by Ddwyyw)\n|\n|t:|1776127471\n|teamsize|p1|4\n|teamsize|p2|4\n|start\n|switch|p1a: Meganium|Meganium, L50, M|100/100\n|switch|p1b: Alcremie|Alcremie, L50, F|100/100\n|switch|p2a: Garchomp|Garchomp, L50, M|100/100\n|switch|p2b: Rotom|Rotom-Heat, L50|100/100\n|turn|1\n|\n|t:|1776127484\n|switch|p1a: Liepard|Liepard, L50, F|100/100\n|move|p2b: Rotom|Discharge|p1a: Liepard|[spread] p1a,p1b\n|-immune|p2a: Garchomp\n|-crit|p1a: Liepard\n|-damage|p1a: Liepard|39/100\n|-damage|p1b: Alcremie|78/100\n|-status|p1b: Alcremie|par\n|move|p2a: Garchomp|Rock Slide|p1a: Liepard|[spread] p1a,p1b\n|-damage|p1a: Liepard|9/100\n|-damage|p1b: Alcremie|62/100 par\n|cant|p1b: Alcremie|par\n|\n|upkeep\n|turn|2\n|\n|t:|1776127508\n|move|p1a: Liepard|Encore|p2b: Rotom\n|-start|p2b: Rotom|Encore\n|move|p2b: Rotom|Discharge|p1a: Liepard|[spread] p1a,p1b\n|-immune|p2a: Garchomp\n|-damage|p1a: Liepard|0 fnt\n|-damage|p1b: Alcremie|41/100 par\n|faint|p1a: Liepard\n|move|p2a: Garchomp|Earthquake|p1b: Alcremie|[spread] p1b\n|-immune|p2b: Rotom|[from] ability: Levitate\n|-damage|p1b: Alcremie|7/100 par\n|move|p1b: Alcremie|Dazzling Gleam|p2b: Rotom|[spread] p2a,p2b\n|-supereffective|p2a: Garchomp|1\n|-crit|p2a: Garchomp\n|-resisted|p2b: Rotom|1\n|-damage|p2a: Garchomp|36/100\n|-damage|p2b: Rotom|88/100\n|\n|upkeep\n|\n|t:|1776127518\n|switch|p1a: Mamoswine|Mamoswine, L50, M|100/100\n|turn|3\n|\n|t:|1776127538\n|switch|p2b: Farigiraf|Farigiraf, L50, M|100/100\n|move|p2a: Garchomp|Protect|p2a: Garchomp\n|-singleturn|p2a: Garchomp|Protect\n|move|p1a: Mamoswine|Ice Shard||[still]\n|cant|p2b: Farigiraf|ability: Armor Tail|Ice Shard|[of] p1a: Mamoswine\n|move|p1b: Alcremie|Decorate|p1a: Mamoswine\n|-boost|p1a: Mamoswine|atk|2\n|-boost|p1a: Mamoswine|spa|2\n|\n|upkeep\n|turn|4\n|\n|t:|1776127555\n|move|p2a: Garchomp|Rock Slide|p1a: Mamoswine|[spread] p1b\n|-miss|p2a: Garchomp|p1a: Mamoswine\n|-damage|p1b: Alcremie|0 fnt\n|faint|p1b: Alcremie\n|move|p1a: Mamoswine|High Horsepower|p2b: Farigiraf\n|-damage|p2b: Farigiraf|0 fnt\n|faint|p2b: Farigiraf\n|\n|upkeep\n|\n|t:|1776127563\n|switch|p1b: Meganium|Meganium, L50, M|100/100\n|switch|p2b: Rotom|Rotom-Heat, L50|88/100\n|turn|5\n|\n|t:|1776127578\n|detailschange|p1b: Meganium|Meganium-Mega, L50, M\n|-mega|p1b: Meganium|Meganium|Meganiumite\n|move|p2b: Rotom|Overheat|p1a: Mamoswine\n|-supereffective|p1a: Mamoswine|1\n|-damage|p1a: Mamoswine|25/100\n|-unboost|p2b: Rotom|spa|2\n|move|p2a: Garchomp|Rock Slide|p1b: Meganium|[spread] p1a,p1b\n|-damage|p1a: Mamoswine|3/100\n|-damage|p1b: Meganium|85/100\n|cant|p1a: Mamoswine|flinch\n|cant|p1b: Meganium|flinch\n|\n|upkeep\n|turn|6\n|\n|t:|1776127596\n|switch|p2b: Gardevoir|Gardevoir, L50, F|100/100\n|move|p1a: Mamoswine|Ice Shard|p2a: Garchomp\n|-supereffective|p2a: Garchomp|2\n|-enditem|p2a: Garchomp|Yache Berry|[eat]\n|-enditem|p2a: Garchomp|Yache Berry|[weaken]\n|-damage|p2a: Garchomp|0 fnt\n|faint|p2a: Garchomp\n|move|p1b: Meganium|Solar Beam||[still]\n|-prepare|p1b: Meganium|Solar Beam\n|-activate|p1b: Meganium|ability: Mega Sol\n|-anim|p1b: Meganium|Solar Beam|p2b: Gardevoir\n|-damage|p2b: Gardevoir|27/100\n|\n|upkeep\n|\n|t:|1776127605\n|switch|p2a: Rotom|Rotom-Heat, L50|88/100\n|turn|7\n|\n|t:|1776127624\n|move|p2b: Gardevoir|Protect|p2b: Gardevoir\n|-singleturn|p2b: Gardevoir|Protect\n|move|p1a: Mamoswine|Ice Shard|p2b: Gardevoir\n|-activate|p2b: Gardevoir|move: Protect\n|move|p2a: Rotom|Overheat|p1a: Mamoswine\n|-supereffective|p1a: Mamoswine|1\n|-damage|p1a: Mamoswine|0 fnt\n|-unboost|p2a: Rotom|spa|2\n|faint|p1a: Mamoswine\n|move|p1b: Meganium|Solar Beam||[still]\n|-prepare|p1b: Meganium|Solar Beam\n|-activate|p1b: Meganium|ability: Mega Sol\n|-anim|p1b: Meganium|Solar Beam|p2a: Rotom\n|-resisted|p2a: Rotom|1\n|-damage|p2a: Rotom|42/100\n|\n|upkeep\n|turn|8\n|\n|t:|1776127640\n|detailschange|p2b: Gardevoir|Gardevoir-Mega, L50, F\n|-mega|p2b: Gardevoir|Gardevoir|Gardevoirite\n|move|p2a: Rotom|Overheat|p1b: Meganium\n|-supereffective|p1b: Meganium|1\n|-damage|p1b: Meganium|39/100\n|-unboost|p2a: Rotom|spa|2\n|move|p2b: Gardevoir|Hyper Voice|p1b: Meganium\n|-damage|p1b: Meganium|0 fnt\n|faint|p1b: Meganium\n|\n|win|Ddwyyw\n|raw|PhazonGuzzler's rating: 1130 &rarr; <strong>1099</strong><br />(-31 for losing)\n|raw|Ddwyyw's rating: 1052 &rarr; <strong>1091</strong><br />(+39 for winning)\n|l|\u2606PhazonGuzzler\n|player|p1|\n",
  "uploadtime": 1776127646,
  "views": 15,
  "formatid": "gen9championsvgc2026regma",
  "rating": 1091,
  "private": 0,
  "password": null
}