{
  "id": "gen9championsvgc2026regma-2581203179",
  "format": "[Gen 9 Champions] VGC 2026 Reg M-A",
  "players": [
    "asanagiyuri",
    "himarikino"
  ],
  "log": "|j|\u2606asanagiyuri\n|j|\u2606himarikino\n|t:|1775970341\n|gametype|doubles\n|player|p1|asanagiyuri|miku-fairy|\n|player|p2|himarikino|iono-masters|\n|gen|9\n|tier|[Gen 9 Champions] VGC 2026 Reg M-A\n|rule|Species Clause: Limit one of each Pok\u00e9mon\n|rule|Item Clause: Limit 1 of each item\n|clearpoke\n|poke|p1|Corviknight, L50, F|\n|poke|p1|Garchomp, L50, F|\n|poke|p1|Rotom-Wash, L50|\n|poke|p1|Floette-Eternal, L50, F|\n|poke|p1|Maushold-Four, L50|\n|poke|p1|Incineroar, L50, M|\n|poke|p2|Floette-Eternal, L50, F|\n|poke|p2|Maushold-Four, L50|\n|poke|p2|Garchomp, L50, F|\n|poke|p2|Delphox, L50, F|\n|poke|p2|Kingambit, L50, M|\n|poke|p2|Sneasler, L50, M|\n|teampreview|4\n|\n|t:|1775970364\n|teamsize|p1|4\n|teamsize|p2|4\n|start\n|switch|p1a: Garchomp|Garchomp, L50, F|100/100\n|switch|p1b: Incineroar|Incineroar, L50, M|100/100\n|switch|p2a: Kingambit|Kingambit, L50, M|100/100\n|switch|p2b: Delphox|Delphox, L50, F|100/100\n|-ability|p1b: Incineroar|Intimidate|boost\n|-unboost|p2a: Kingambit|atk|1\n|-ability|p2a: Kingambit|Defiant|boost\n|-boost|p2a: Kingambit|atk|2\n|-unboost|p2b: Delphox|atk|1\n|turn|1\n|\n|t:|1775970379\n|switch|p1b: Corviknight|Corviknight, L50, F|100/100\n|move|p2b: Delphox|Protect|p2b: Delphox\n|-singleturn|p2b: Delphox|Protect\n|move|p2a: Kingambit|Protect|p2a: Kingambit\n|-singleturn|p2a: Kingambit|Protect\n|move|p1a: Garchomp|Earthquake|p2b: Delphox|[spread] \n|-activate|p2a: Kingambit|move: Protect\n|-activate|p2b: Delphox|move: Protect\n|-immune|p1b: Corviknight\n|\n|upkeep\n|turn|2\n|\n|t:|1775970408\n|switch|p2a: Garchomp|Garchomp, L50, F|100/100\n|detailschange|p2b: Delphox|Delphox-Mega, L50, F\n|-mega|p2b: Delphox|Delphox|Delphoxite\n|move|p1a: Garchomp|Earthquake|p2a: Garchomp|[spread] p2a\n|-immune|p1b: Corviknight\n|-immune|p2b: Delphox|[from] ability: Levitate\n|-damage|p2a: Garchomp|65/100\n|move|p2b: Delphox|Heat Wave|p1b: Corviknight|[spread] p1a,p1b\n|-resisted|p1a: Garchomp|1\n|-supereffective|p1b: Corviknight|1\n|-damage|p1a: Garchomp|79/100\n|-damage|p1b: Corviknight|32/100\n|move|p1b: Corviknight|Body Press|p2a: Garchomp\n|-damage|p2a: Garchomp|42/100\n|-damage|p1b: Corviknight|20/100|[from] ability: Rough Skin|[of] p2a: Garchomp\n|\n|-heal|p1b: Corviknight|26/100|[from] item: Leftovers\n|upkeep\n|turn|3\n|\n|t:|1775970429\n|move|p1a: Garchomp|Earthquake|p2a: Garchomp|[spread] p2a\n|-immune|p1b: Corviknight\n|-immune|p2b: Delphox|[from] ability: Levitate\n|-damage|p2a: Garchomp|7/100\n|move|p2b: Delphox|Encore|p1a: Garchomp\n|-start|p1a: Garchomp|Encore\n|move|p2a: Garchomp|Rock Slide|p1a: Garchomp|[spread] p1a,p1b\n|-resisted|p1a: Garchomp|1\n|-damage|p1a: Garchomp|70/100\n|-damage|p1b: Corviknight|13/100\n|move|p1b: Corviknight|Tailwind|p1b: Corviknight\n|-sidestart|p1: asanagiyuri|move: Tailwind\n|\n|-heal|p1b: Corviknight|19/100|[from] item: Leftovers\n|upkeep\n|turn|4\n|\n|t:|1775970468\n|move|p2a: Garchomp|Protect|p2a: Garchomp\n|-singleturn|p2a: Garchomp|Protect\n|move|p1a: Garchomp|Earthquake|p2a: Garchomp|[spread] \n|-activate|p2a: Garchomp|move: Protect\n|-immune|p1b: Corviknight\n|-immune|p2b: Delphox|[from] ability: Levitate\n|move|p2b: Delphox|Heat Wave|p1b: Corviknight|[spread] p1a\n|-miss|p2b: Delphox|p1b: Corviknight\n|-resisted|p1a: Garchomp|1\n|-damage|p1a: Garchomp|48/100\n|move|p1b: Corviknight|Brave Bird|p2b: Delphox\n|-damage|p2b: Delphox|60/100\n|-damage|p1b: Corviknight|8/100|[from] Recoil\n|\n|-heal|p1b: Corviknight|14/100|[from] item: Leftovers\n|upkeep\n|turn|5\n|\n|t:|1775970502\n|move|p2a: Garchomp|Protect||[still]\n|-fail|p2a: Garchomp\n|move|p1a: Garchomp|Earthquake|p2b: Delphox|[spread] p2a\n|-immune|p1b: Corviknight\n|-immune|p2b: Delphox|[from] ability: Levitate\n|-damage|p2a: Garchomp|0 fnt\n|faint|p2a: Garchomp\n|move|p2b: Delphox|Psychic|p1a: Garchomp\n|-damage|p1a: Garchomp|0 fnt\n|faint|p1a: Garchomp\n|move|p1b: Corviknight|Brave Bird|p2b: Delphox\n|-damage|p2b: Delphox|19/100\n|-damage|p1b: Corviknight|3/100|[from] Recoil\n|\n|-heal|p1b: Corviknight|9/100|[from] item: Leftovers\n|upkeep\n|\n|t:|1775970518\n|switch|p1a: Incineroar|Incineroar, L50, M|100/100\n|switch|p2a: Kingambit|Kingambit, L50, M|100/100\n|-ability|p1a: Incineroar|Intimidate|boost\n|-unboost|p2a: Kingambit|atk|1\n|-ability|p2a: Kingambit|Defiant|boost\n|-boost|p2a: Kingambit|atk|2\n|-unboost|p2b: Delphox|atk|1\n|turn|6\n|\n|t:|1775970545\n|switch|p1a: Floette|Floette-Eternal, L50, F|100/100\n|move|p2b: Delphox|Protect|p2b: Delphox\n|-singleturn|p2b: Delphox|Protect\n|move|p1b: Corviknight|Bulk Up|p1b: Corviknight\n|-boost|p1b: Corviknight|atk|1\n|-boost|p1b: Corviknight|def|1\n|move|p2a: Kingambit|Low Kick|p1a: Floette\n|-resisted|p1a: Floette|1\n|-damage|p1a: Floette|93/100\n|\n|-heal|p1b: Corviknight|15/100|[from] item: Leftovers\n|-sideend|p1: asanagiyuri|move: Tailwind\n|upkeep\n|turn|7\n|\n|t:|1775970580\n|detailschange|p1a: Floette|Floette-Mega, L50, F\n|-mega|p1a: Floette|Floette|Floettite\n|-ability|p1a: Floette|Fairy Aura\n|move|p2b: Delphox|Encore|p1b: Corviknight\n|-start|p1b: Corviknight|Encore\n|move|p1a: Floette|Light of Ruin|p2a: Kingambit\n|-damage|p2a: Kingambit|0 fnt\n|faint|p2a: Kingambit\n|-damage|p1a: Floette|37/100|[from] Recoil\n|move|p1b: Corviknight|Bulk Up|p1b: Corviknight\n|-boost|p1b: Corviknight|atk|1\n|-boost|p1b: Corviknight|def|1\n|\n|-heal|p1b: Corviknight|21/100|[from] item: Leftovers\n|upkeep\n|\n|t:|1775970591\n|switch|p2a: Sneasler|Sneasler, L50, M|100/100\n|turn|8\n|\n|t:|1775970605\n|switch|p1a: Incineroar|Incineroar, L50, M|100/100\n|-ability|p1a: Incineroar|Intimidate|boost\n|-unboost|p2a: Sneasler|atk|1\n|-unboost|p2b: Delphox|atk|1\n|-enditem|p2a: Sneasler|White Herb\n|-clearnegativeboost|p2a: Sneasler|[silent]\n|move|p2a: Sneasler|Dire Claw|p1a: Incineroar\n|-damage|p1a: Incineroar|63/100\n|move|p2b: Delphox|Heat Wave|p1a: Incineroar|[spread] \n|-miss|p2b: Delphox|p1a: Incineroar\n|-miss|p2b: Delphox|p1b: Corviknight\n|move|p1b: Corviknight|Bulk Up|p1b: Corviknight\n|-boost|p1b: Corviknight|atk|1\n|-boost|p1b: Corviknight|def|1\n|\n|-heal|p1b: Corviknight|27/100|[from] item: Leftovers\n|upkeep\n|turn|9\n|\n|t:|1775970625\n|move|p1a: Incineroar|Fake Out|p2b: Delphox\n|-damage|p2b: Delphox|5/100\n|move|p2a: Sneasler|Close Combat|p1a: Incineroar\n|-supereffective|p1a: Incineroar|1\n|-damage|p1a: Incineroar|0 fnt\n|-unboost|p2a: Sneasler|def|1\n|-unboost|p2a: Sneasler|spd|1\n|faint|p1a: Incineroar\n|cant|p2b: Delphox|flinch\n|move|p1b: Corviknight|Bulk Up|p1b: Corviknight\n|-boost|p1b: Corviknight|atk|1\n|-boost|p1b: Corviknight|def|1\n|\n|-heal|p1b: Corviknight|33/100|[from] item: Leftovers\n|-end|p1b: Corviknight|Encore\n|upkeep\n|\n|t:|1775970634\n|switch|p1a: Floette|Floette-Mega, L50, F|37/100\n|-ability|p1a: Floette|Fairy Aura\n|turn|10\n|\n|t:|1775970647\n|move|p2a: Sneasler|Dire Claw|p1a: Floette\n|-supereffective|p1a: Floette|1\n|-damage|p1a: Floette|0 fnt\n|faint|p1a: Floette\n|move|p2b: Delphox|Heat Wave|p1b: Corviknight|[miss]\n|-miss|p2b: Delphox|p1b: Corviknight\n|move|p1b: Corviknight|Body Press|p2b: Delphox\n|-resisted|p2b: Delphox|1\n|-damage|p2b: Delphox|0 fnt\n|faint|p2b: Delphox\n|\n|-heal|p1b: Corviknight|39/100|[from] item: Leftovers\n|upkeep\n|turn|11\n|\n|t:|1775970660\n|move|p2a: Sneasler|Close Combat|p1b: Corviknight\n|-damage|p1b: Corviknight|23/100\n|-unboost|p2a: Sneasler|def|1\n|-unboost|p2a: Sneasler|spd|1\n|move|p1b: Corviknight|Brave Bird|p2a: Sneasler\n|-supereffective|p2a: Sneasler|1\n|-damage|p2a: Sneasler|0 fnt\n|faint|p2a: Sneasler\n|-damage|p1b: Corviknight|0 fnt|[from] Recoil\n|faint|p1b: Corviknight\n|\n|win|asanagiyuri\n|l|\u2606himarikino\n|player|p2|\n",
  "uploadtime": 1775970667,
  "views": 15,
  "formatid": "gen9championsvgc2026regma",
  "rating": null,
  "private": 0,
  "password": null
}