{
  "id": "gen9championsvgc2026regma-2580797801",
  "format": "[Gen 9 Champions] VGC 2026 Reg M-A",
  "players": [
    "Yerowo",
    "J2santosss"
  ],
  "log": "|j|\u2606Yerowo\n|j|\u2606J2santosss\n|t:|1775933307\n|gametype|doubles\n|player|p1|Yerowo|169|1061\n|player|p2|J2santosss|tuber|1000\n|gen|9\n|tier|[Gen 9 Champions] VGC 2026 Reg M-A\n|rated|\n|rule|Species Clause: Limit one of each Pok\u00e9mon\n|rule|Item Clause: Limit 1 of each item\n|clearpoke\n|poke|p1|Meganium, L50, M|\n|poke|p1|Pelipper, L50, M|\n|poke|p1|Weavile, L50, F|\n|poke|p1|Politoed, L50, M|\n|poke|p1|Lucario, L50, F|\n|poke|p1|Arcanine-Hisui, L50, F|\n|poke|p2|Lycanroc-Dusk, L50, F|\n|poke|p2|Gengar, L50, F|\n|poke|p2|Snorlax, L50, F|\n|poke|p2|Kingambit, L50, M|\n|poke|p2|Abomasnow, L50, M|\n|poke|p2|Talonflame, L50, M|\n|teampreview|4\n|\n|t:|1775933356\n|teamsize|p1|4\n|teamsize|p2|4\n|start\n|switch|p1a: Meganium|Meganium, L50, M, shiny|100/100\n|switch|p1b: Lucario|Lucario, L50, F, shiny|100/100\n|switch|p2a: Gengar|Gengar, L50, F, shiny|100/100\n|switch|p2b: Snorlax|Snorlax, L50, F|100/100\n|turn|1\n|\n|t:|1775933384\n|detailschange|p2a: Gengar|Gengar-Mega, L50, F, shiny\n|-mega|p2a: Gengar|Gengar|Gengarite\n|detailschange|p1a: Meganium|Meganium-Mega, L50, M, shiny\n|-mega|p1a: Meganium|Meganium|Meganiumite\n|move|p1a: Meganium|Protect|p1a: Meganium\n|-singleturn|p1a: Meganium|Protect\n|move|p2b: Snorlax|Protect|p2b: Snorlax\n|-singleturn|p2b: Snorlax|Protect\n|move|p2a: Gengar|Hypnosis|p1b: Lucario\n|-status|p1b: Lucario|slp|[from] move: Hypnosis\n|cant|p1b: Lucario|slp\n|\n|upkeep\n|turn|2\n|\n|t:|1775933407\n|move|p2a: Gengar|Sludge Bomb|p1a: Meganium\n|-supereffective|p1a: Meganium|2\n|-damage|p1a: Meganium|0 fnt\n|faint|p1a: Meganium\n|cant|p1b: Lucario|slp\n|move|p2b: Snorlax|Earthquake|p1b: Lucario|[spread] p2a,p1b\n|-supereffective|p2a: Gengar|1\n|-supereffective|p1b: Lucario|1\n|-damage|p2a: Gengar|27/100\n|-damage|p1b: Lucario|22/100 slp\n|\n|upkeep\n|\n|t:|1775933433\n|switch|p1a: Pelipper|Pelipper, L50, M, shiny|100/100\n|-weather|RainDance|[from] ability: Drizzle|[of] p1a: Pelipper\n|turn|3\n|\n|t:|1775933449\n|-curestatus|p1b: Lucario|slp|[msg]\n|move|p1b: Lucario|Protect|p1b: Lucario\n|-singleturn|p1b: Lucario|Protect\n|move|p2b: Snorlax|Protect|p2b: Snorlax\n|-singleturn|p2b: Snorlax|Protect\n|move|p2a: Gengar|Hypnosis|p1a: Pelipper|[miss]\n|-miss|p2a: Gengar|p1a: Pelipper\n|move|p1a: Pelipper|Tailwind|p1a: Pelipper\n|-sidestart|p1: Yerowo|move: Tailwind\n|\n|-weather|RainDance|[upkeep]\n|upkeep\n|turn|4\n|\n|t:|1775933502\n|move|p1b: Lucario|Dark Pulse|p2a: Gengar\n|-supereffective|p2a: Gengar|1\n|-damage|p2a: Gengar|0 fnt\n|faint|p2a: Gengar\n|move|p1a: Pelipper|Hurricane|p2b: Snorlax\n|-damage|p2b: Snorlax|71/100\n|move|p2b: Snorlax|Body Slam|p1b: Lucario\n|-resisted|p1b: Lucario|1\n|-damage|p1b: Lucario|0 fnt\n|faint|p1b: Lucario\n|\n|-weather|RainDance|[upkeep]\n|-heal|p2b: Snorlax|77/100|[from] item: Leftovers\n|upkeep\n|\n|t:|1775933518\n|switch|p2a: Talonflame|Talonflame, L50, M, shiny|100/100\n|switch|p1b: Weavile|Weavile, L50, F, shiny|100/100\n|turn|5\n|\n|t:|1775933555\n|move|p1b: Weavile|Fake Tears|p2a: Talonflame\n|-unboost|p2a: Talonflame|spd|2\n|move|p1a: Pelipper|Weather Ball|p2a: Talonflame\n|-supereffective|p2a: Talonflame|1\n|-damage|p2a: Talonflame|0 fnt\n|faint|p2a: Talonflame\n|move|p2b: Snorlax|Body Slam|p1a: Pelipper\n|-damage|p1a: Pelipper|60/100\n|-status|p1a: Pelipper|par\n|\n|-weather|RainDance|[upkeep]\n|-heal|p2b: Snorlax|83/100|[from] item: Leftovers\n|upkeep\n|\n|t:|1775933569\n|switch|p2a: Kingambit|Kingambit, L50, M, shiny|100/100\n|-activate|p2a: Kingambit|ability: Supreme Overlord\n|-start|p2a: Kingambit|fallen2|[silent]\n|turn|6\n|\n|t:|1775933600\n|move|p1b: Weavile|Protect|p1b: Weavile\n|-singleturn|p1b: Weavile|Protect\n|move|p2a: Kingambit|Iron Head|p1b: Weavile\n|-activate|p1b: Weavile|move: Protect\n|move|p1a: Pelipper|Weather Ball|p2a: Kingambit\n|-damage|p2a: Kingambit|38/100\n|move|p2b: Snorlax|Body Slam|p1a: Pelipper\n|-damage|p1a: Pelipper|17/100 par\n|\n|-weather|RainDance|[upkeep]\n|-heal|p2b: Snorlax|89/100|[from] item: Leftovers\n|-sideend|p1: Yerowo|move: Tailwind\n|upkeep\n|turn|7\n|\n|t:|1775933639\n|move|p1a: Pelipper|Protect|p1a: Pelipper\n|-singleturn|p1a: Pelipper|Protect\n|move|p1b: Weavile|Ice Spinner|p2a: Kingambit\n|-resisted|p2a: Kingambit|1\n|-damage|p2a: Kingambit|22/100\n|move|p2a: Kingambit|Iron Head|p1b: Weavile\n|-supereffective|p1b: Weavile|1\n|-damage|p1b: Weavile|0 fnt\n|faint|p1b: Weavile\n|move|p2b: Snorlax|Body Slam|p1a: Pelipper\n|-activate|p1a: Pelipper|move: Protect\n|\n|-weather|none\n|-heal|p2b: Snorlax|96/100|[from] item: Leftovers\n|upkeep\n|turn|8\n|\n|t:|1775933671\n|move|p2a: Kingambit|Sucker Punch|p1a: Pelipper\n|-damage|p1a: Pelipper|0 fnt\n|faint|p1a: Pelipper\n|\n|win|J2santosss\n|raw|Yerowo's rating: 1061 &rarr; <strong>1039</strong><br />(-22 for losing)\n|raw|J2santosss's rating: 1000 &rarr; <strong>1047</strong><br />(+47 for winning)\n|l|\u2606Yerowo\n|player|p1|\n",
  "uploadtime": 1775933683,
  "views": 13,
  "formatid": "gen9championsvgc2026regma",
  "rating": 1039,
  "private": 0,
  "password": null
}