{
  "id": "gen9championsvgc2026regma-2581236225",
  "format": "[Gen 9 Champions] VGC 2026 Reg M-A",
  "players": [
    "no1smashmouthfan",
    "sanloma2"
  ],
  "log": "|j|\u2606no1smashmouthfan\n|j|\u2606sanloma2\n|t:|1775974417\n|gametype|doubles\n|player|p1|no1smashmouthfan|guitarist|1042\n|player|p2|sanloma2|265|1058\n|gen|9\n|tier|[Gen 9 Champions] VGC 2026 Reg M-A\n|rated|\n|rule|Species Clause: Limit one of each Pok\u00e9mon\n|rule|Item Clause: Limit 1 of each item\n|clearpoke\n|poke|p1|Glimmora, L50, M|\n|poke|p1|Garchomp, L50, F|\n|poke|p1|Talonflame, L50, M|\n|poke|p1|Decidueye-Hisui, L50, M|\n|poke|p1|Basculegion, L50, M|\n|poke|p1|Farigiraf, L50, F|\n|poke|p2|Azumarill, L50, F|\n|poke|p2|Gengar, L50, M|\n|poke|p2|Politoed, L50, M|\n|poke|p2|Basculegion, L50, M|\n|poke|p2|Archaludon, L50, F|\n|poke|p2|Farigiraf, L50, M|\n|teampreview|4\n|c|\u2606no1smashmouthfan|glhf\n|\n|t:|1775974487\n|teamsize|p1|4\n|teamsize|p2|4\n|start\n|switch|p1a: Paragruel|Basculegion, L50, M|100/100\n|switch|p1b: Flambusard|Talonflame, L50, M|100/100\n|switch|p2a: Azumarill|Azumarill, L50, F, shiny|100/100\n|switch|p2b: Gengar|Gengar, L50, M, shiny|100/100\n|turn|1\n|inactive|Battle timer is ON: inactive players will automatically lose when time's up. (requested by sanloma2)\n|\n|t:|1775974503\n|detailschange|p2b: Gengar|Gengar-Mega, L50, M, shiny\n|-mega|p2b: Gengar|Gengar|Gengarite\n|move|p2b: Gengar|Protect|p2b: Gengar\n|-singleturn|p2b: Gengar|Protect\n|move|p1b: Flambusard|Tailwind|p1b: Flambusard\n|-sidestart|p1: no1smashmouthfan|move: Tailwind\n|move|p1a: Paragruel|Wave Crash|p2b: Gengar\n|-activate|p2b: Gengar|move: Protect\n|move|p2a: Azumarill|Perish Song|p2a: Azumarill\n|-start|p1a: Paragruel|perish3|[silent]\n|-start|p1b: Flambusard|perish3|[silent]\n|-start|p2a: Azumarill|perish3|[silent]\n|-start|p2b: Gengar|perish3|[silent]\n|-fieldactivate|move: Perish Song\n|\n|-start|p1a: Paragruel|perish3\n|-start|p1b: Flambusard|perish3\n|-start|p2b: Gengar|perish3\n|-start|p2a: Azumarill|perish3\n|upkeep\n|turn|2\n|inactive|sanloma2 has 30 seconds left.\n|\n|t:|1775974536\n|switch|p2b: Archaludon|Archaludon, L50, F, shiny|100/100\n|move|p1b: Flambusard|Brave Bird|p2b: Archaludon\n|-resisted|p2b: Archaludon|1\n|-damage|p2b: Archaludon|80/100\n|-ability|p2b: Archaludon|Stamina|boost\n|-boost|p2b: Archaludon|def|1\n|-damage|p1b: Flambusard|91/100|[from] Recoil\n|move|p1a: Paragruel|Wave Crash|p2b: Archaludon\n|-resisted|p2b: Archaludon|1\n|-damage|p2b: Archaludon|59/100\n|-ability|p2b: Archaludon|Stamina|boost\n|-boost|p2b: Archaludon|def|1\n|-damage|p1a: Paragruel|93/100|[from] Recoil\n|move|p2a: Azumarill|Whirlpool|p1b: Flambusard\n|-supereffective|p1b: Flambusard|1\n|-damage|p1b: Flambusard|67/100\n|-activate|p1b: Flambusard|move: Whirlpool|[of] p2a: Azumarill\n|\n|-damage|p1b: Flambusard|54/100|[from] move: Whirlpool|[partiallytrapped]\n|-start|p1a: Paragruel|perish2\n|-start|p1b: Flambusard|perish2\n|-start|p2a: Azumarill|perish2\n|upkeep\n|turn|3\n|inactive|no1smashmouthfan has 30 seconds left.\n|inactive|sanloma2 has 30 seconds left.\n|inactive|sanloma2 has 20 seconds left.\n|inactive|sanloma2 has 15 seconds left.\n|\n|t:|1775974579\n|switch|p1a: Arch\u00e9duc|Decidueye-Hisui, L50, M|100/100\n|move|p1b: Flambusard|Flare Blitz|p2b: Archaludon\n|-damage|p2b: Archaludon|43/100\n|-ability|p2b: Archaludon|Stamina|boost\n|-boost|p2b: Archaludon|def|1\n|-damage|p1b: Flambusard|48/100|[from] Recoil\n|move|p2b: Archaludon|Electro Shot||[still]\n|-prepare|p2b: Archaludon|Electro Shot\n|-boost|p2b: Archaludon|spa|1\n|move|p2a: Azumarill|Whirlpool|p1a: Arch\u00e9duc|[miss]\n|-miss|p2a: Azumarill|p1a: Arch\u00e9duc\n|\n|-damage|p1b: Flambusard|36/100|[from] move: Whirlpool|[partiallytrapped]\n|-start|p1b: Flambusard|perish1\n|-start|p2a: Azumarill|perish1\n|upkeep\n|turn|4\n|inactive|no1smashmouthfan has 30 seconds left.\n|inactive|sanloma2 has 30 seconds left.\n|\n|t:|1775974606\n|switch|p2a: Farigiraf|Farigiraf, L50, M, shiny|100/100\n|move|p1b: Flambusard|Brave Bird|p2a: Farigiraf\n|-damage|p2a: Farigiraf|52/100\n|-damage|p1b: Flambusard|12/100|[from] Recoil\n|move|p1a: Arch\u00e9duc|Triple Arrows|p2b: Archaludon\n|-supereffective|p2b: Archaludon|1\n|-crit|p2b: Archaludon\n|-enditem|p2b: Archaludon|Chople Berry|[eat]\n|-enditem|p2b: Archaludon|Chople Berry|[weaken]\n|-damage|p2b: Archaludon|0 fnt\n|faint|p2b: Archaludon\n|\n|-end|p1b: Flambusard|Whirlpool|[partiallytrapped]|[silent]\n|-start|p1b: Flambusard|perish0\n|-sideend|p1: no1smashmouthfan|move: Tailwind\n|upkeep\n|faint|p1b: Flambusard\n|\n|t:|1775974623\n|switch|p1b: Artichaut|Glimmora, L50, M|100/100\n|switch|p2b: Gengar|Gengar-Mega, L50, M, shiny|100/100\n|turn|5\n|inactive|sanloma2 has 30 seconds left.\n|inactive|sanloma2 has 20 seconds left.\n|\n|t:|1775974661\n|detailschange|p1b: Artichaut|Glimmora-Mega, L50, M\n|-mega|p1b: Artichaut|Glimmora|Glimmoranite\n|move|p2b: Gengar|Shadow Ball|p1b: Artichaut\n|-damage|p1b: Artichaut|39/100\n|move|p1b: Artichaut|Earth Power|p2b: Gengar\n|-supereffective|p2b: Gengar|1\n|-damage|p2b: Gengar|12/100\n|move|p1a: Arch\u00e9duc|Triple Arrows|p2b: Gengar\n|-resisted|p2b: Gengar|1\n|-damage|p2b: Gengar|0 fnt\n|faint|p2b: Gengar\n|move|p2a: Farigiraf|Psyshock|p1b: Artichaut\n|-supereffective|p1b: Artichaut|1\n|-damage|p1b: Artichaut|0 fnt\n|faint|p1b: Artichaut\n|\n|upkeep\n|\n|t:|1775974675\n|switch|p2b: Azumarill|Azumarill, L50, F, shiny|100/100\n|switch|p1b: Paragruel|Basculegion, L50, M|93/100\n|turn|6\n|\n|t:|1775974698\n|move|p1b: Paragruel|Last Respects|p2a: Farigiraf\n|-immune|p2a: Farigiraf\n|move|p1a: Arch\u00e9duc|Leaf Blade|p2b: Azumarill\n|-ability|p2b: Azumarill|Sap Sipper|boost\n|-boost|p2b: Azumarill|atk|1\n|move|p2b: Azumarill|Perish Song|p2b: Azumarill\n|-start|p1a: Arch\u00e9duc|perish3|[silent]\n|-start|p1b: Paragruel|perish3|[silent]\n|-start|p2a: Farigiraf|perish3|[silent]\n|-start|p2b: Azumarill|perish3|[silent]\n|-fieldactivate|move: Perish Song\n|move|p2a: Farigiraf|Trick Room|p2a: Farigiraf\n|-fieldstart|move: Trick Room|[of] p2a: Farigiraf\n|\n|-start|p2b: Azumarill|perish3\n|-start|p2a: Farigiraf|perish3\n|-start|p1a: Arch\u00e9duc|perish3\n|-start|p1b: Paragruel|perish3\n|upkeep\n|turn|7\n|\n|t:|1775974721\n|move|p2b: Azumarill|Encore|p1b: Paragruel\n|-start|p1b: Paragruel|Encore\n|move|p2a: Farigiraf|Psyshock|p1a: Arch\u00e9duc\n|-supereffective|p1a: Arch\u00e9duc|1\n|-damage|p1a: Arch\u00e9duc|25/100\n|move|p1a: Arch\u00e9duc|Triple Arrows|p2a: Farigiraf\n|-crit|p2a: Farigiraf\n|-damage|p2a: Farigiraf|0 fnt\n|faint|p2a: Farigiraf\n|move|p1b: Paragruel|Last Respects|p2b: Azumarill\n|-damage|p2b: Azumarill|1/100\n|\n|-heal|p2b: Azumarill|7/100|[from] item: Leftovers\n|-start|p2b: Azumarill|perish2\n|-start|p1a: Arch\u00e9duc|perish2\n|-start|p1b: Paragruel|perish2\n|upkeep\n|turn|8\n|\n|t:|1775974739\n|move|p2b: Azumarill|Protect|p2b: Azumarill\n|-singleturn|p2b: Azumarill|Protect\n|move|p1a: Arch\u00e9duc|Triple Arrows|p2b: Azumarill\n|-activate|p2b: Azumarill|move: Protect\n|move|p1b: Paragruel|Last Respects|p2b: Azumarill\n|-activate|p2b: Azumarill|move: Protect\n|\n|-heal|p2b: Azumarill|13/100|[from] item: Leftovers\n|-start|p2b: Azumarill|perish1\n|-start|p1a: Arch\u00e9duc|perish1\n|-start|p1b: Paragruel|perish1\n|upkeep\n|turn|9\n|\n|t:|1775974753\n|move|p2b: Azumarill|Protect||[still]\n|-fail|p2b: Azumarill\n|move|p1a: Arch\u00e9duc|Triple Arrows|p2b: Azumarill\n|-resisted|p2b: Azumarill|1\n|-damage|p2b: Azumarill|0 fnt\n|faint|p2b: Azumarill\n|\n|win|no1smashmouthfan\n|raw|no1smashmouthfan's rating: 1042 &rarr; <strong>1077</strong><br />(+35 for winning)\n|raw|sanloma2's rating: 1058 &rarr; <strong>1038</strong><br />(-20 for losing)\n|l|\u2606sanloma2\n|player|p2|\n|c|\u2606no1smashmouthfan|gg\n",
  "uploadtime": 1775974771,
  "views": 22,
  "formatid": "gen9championsvgc2026regma",
  "rating": 1038,
  "private": 0,
  "password": null
}