{
  "id": "gen9championsvgc2026regma-2585047444",
  "format": "[Gen 9 Champions] VGC 2026 Reg M-A",
  "players": [
    "TeddyEatsDewritoes",
    "depana s"
  ],
  "log": "|j|\u2606TeddyEatsDewritoes\n|j|\u203ddepana s\n|t:|1776306521\n|gametype|doubles\n|player|p1|TeddyEatsDewritoes|hilbert|1109\n|player|p2|depana s|hilbert-wonderlauncher|1158\n|gen|9\n|tier|[Gen 9 Champions] VGC 2026 Reg M-A\n|rated|\n|rule|Species Clause: Limit one of each Pok\u00e9mon\n|rule|Item Clause: Limit 1 of each item\n|clearpoke\n|poke|p1|Charizard, L50, F|\n|poke|p1|Sylveon, L50, M|\n|poke|p1|Garchomp, L50, M|\n|poke|p1|Pelipper, L50, M|\n|poke|p1|Umbreon, L50, F|\n|poke|p1|Basculegion, L50, M|\n|poke|p2|Incineroar, L50, F|\n|poke|p2|Venusaur, L50, M|\n|poke|p2|Dragonite, L50, F|\n|poke|p2|Ninetales-Alola, L50, F|\n|poke|p2|Basculegion, L50, M|\n|poke|p2|Archaludon, L50, M|\n|teampreview|4\n|inactive|Battle timer is ON: inactive players will automatically lose when time's up. (requested by depana s)\n|\n|t:|1776306564\n|teamsize|p1|4\n|teamsize|p2|4\n|start\n|switch|p1a: Basculegion|Basculegion, L50, M|100/100\n|switch|p1b: Sylveon|Sylveon, L50, M|100/100\n|switch|p2a: Incineroar|Incineroar, L50, F|100/100\n|switch|p2b: Venusaur|Venusaur, L50, M|100/100\n|-ability|p2a: Incineroar|Intimidate|boost\n|-unboost|p1a: Basculegion|atk|1\n|-unboost|p1b: Sylveon|atk|1\n|turn|1\n|\n|t:|1776306578\n|detailschange|p2b: Venusaur|Venusaur-Mega, L50, M\n|-mega|p2b: Venusaur|Venusaur|Venusaurite\n|move|p1b: Sylveon|Protect|p1b: Sylveon\n|-singleturn|p1b: Sylveon|Protect\n|move|p2a: Incineroar|Fake Out|p1b: Sylveon\n|-activate|p1b: Sylveon|move: Protect\n|move|p1a: Basculegion|Flip Turn|p2a: Incineroar\n|-supereffective|p2a: Incineroar|1\n|-damage|p2a: Incineroar|53/100\n|\n|t:|1776306587\n|switch|p1a: Pelipper|Pelipper, L50, M|100/100|[from] Flip Turn\n|-weather|RainDance|[from] ability: Drizzle|[of] p1a: Pelipper\n|move|p2b: Venusaur|Energy Ball|p1a: Pelipper\n|-damage|p1a: Pelipper|48/100\n|\n|-weather|RainDance|[upkeep]\n|upkeep\n|turn|2\n|inactive|TeddyEatsDewritoes has 30 seconds left.\n|\n|t:|1776306619\n|switch|p2a: Ninetales|Ninetales-Alola, L50, F|100/100\n|-weather|Snowscape|[from] ability: Snow Warning|[of] p2a: Ninetales\n|move|p2b: Venusaur|Sludge Bomb|p1b: Sylveon\n|-supereffective|p1b: Sylveon|1\n|-damage|p1b: Sylveon|30/100\n|-status|p1b: Sylveon|psn\n|move|p1b: Sylveon|Moonblast|p2a: Ninetales\n|-damage|p2a: Ninetales|40/100\n|move|p1a: Pelipper|Tailwind|p1a: Pelipper\n|-sidestart|p1: TeddyEatsDewritoes|move: Tailwind\n|\n|-weather|Snowscape|[upkeep]\n|-damage|p1b: Sylveon|18/100 psn|[from] psn\n|upkeep\n|turn|3\n|inactive|TeddyEatsDewritoes has 30 seconds left.\n|\n|t:|1776306649\n|move|p2a: Ninetales|Protect|p2a: Ninetales\n|-singleturn|p2a: Ninetales|Protect\n|move|p2b: Venusaur|Protect|p2b: Venusaur\n|-singleturn|p2b: Venusaur|Protect\n|move|p1b: Sylveon|Hyper Voice|p2b: Venusaur|[spread] \n|-activate|p2a: Ninetales|move: Protect\n|-activate|p2b: Venusaur|move: Protect\n|move|p1a: Pelipper|Hurricane|p2b: Venusaur\n|-activate|p2b: Venusaur|move: Protect\n|\n|-weather|Snowscape|[upkeep]\n|-damage|p1b: Sylveon|5/100 psn|[from] psn\n|upkeep\n|turn|4\n|inactive|depana s has 30 seconds left.\n|\n|t:|1776306678\n|switch|p1a: Basculegion|Basculegion, L50, M|100/100\n|switch|p2b: Archaludon|Archaludon, L50, M|100/100\n|move|p1b: Sylveon|Hyper Voice|p2b: Archaludon|[spread] p2a,p2b\n|-damage|p2a: Ninetales|0 fnt\n|-damage|p2b: Archaludon|44/100\n|-ability|p2b: Archaludon|Stamina|boost\n|-boost|p2b: Archaludon|def|1\n|faint|p2a: Ninetales\n|\n|-weather|Snowscape|[upkeep]\n|-heal|p2b: Archaludon|50/100|[from] item: Leftovers\n|-damage|p1b: Sylveon|0 fnt|[from] psn\n|faint|p1b: Sylveon\n|upkeep\n|\n|t:|1776306692\n|switch|p2a: Venusaur|Venusaur-Mega, L50, M|100/100\n|switch|p1b: Pelipper|Pelipper, L50, M|48/100\n|-weather|RainDance|[from] ability: Drizzle|[of] p1b: Pelipper\n|turn|5\n|\n|t:|1776306712\n|move|p2a: Venusaur|Protect|p2a: Venusaur\n|-singleturn|p2a: Venusaur|Protect\n|move|p1a: Basculegion|Last Respects|p2b: Archaludon\n|-damage|p2b: Archaludon|16/100\n|-ability|p2b: Archaludon|Stamina|boost\n|-boost|p2b: Archaludon|def|1\n|move|p1b: Pelipper|Hurricane|p2a: Venusaur\n|-activate|p2a: Venusaur|move: Protect\n|move|p2b: Archaludon|Draco Meteor|p1a: Basculegion\n|-crit|p1a: Basculegion\n|-damage|p1a: Basculegion|0 fnt\n|-unboost|p2b: Archaludon|spa|2\n|faint|p1a: Basculegion\n|\n|-weather|RainDance|[upkeep]\n|-heal|p2b: Archaludon|22/100|[from] item: Leftovers\n|-sideend|p1: TeddyEatsDewritoes|move: Tailwind\n|upkeep\n|\n|t:|1776306720\n|switch|p1a: Charizard|Charizard, L50, F|100/100\n|turn|6\n|inactive|depana s has 30 seconds left.\n|\n|t:|1776306749\n|switch|p2b: Incineroar|Incineroar, L50, F|53/100\n|-ability|p2b: Incineroar|Intimidate|boost\n|-unboost|p1a: Charizard|atk|1\n|-unboost|p1b: Pelipper|atk|1\n|move|p1a: Charizard|Hurricane|p2a: Venusaur\n|-supereffective|p2a: Venusaur|1\n|-damage|p2a: Venusaur|23/100\n|-start|p2a: Venusaur|confusion\n|-activate|p2a: Venusaur|confusion\n|-damage|p2a: Venusaur|15/100|[from] confusion\n|move|p1b: Pelipper|Muddy Water|p2a: Venusaur|[spread] p2a,p2b\n|-resisted|p2a: Venusaur|1\n|-supereffective|p2b: Incineroar|1\n|-damage|p2a: Venusaur|0 fnt\n|-damage|p2b: Incineroar|0 fnt\n|faint|p2a: Venusaur\n|faint|p2b: Incineroar\n|\n|-weather|RainDance|[upkeep]\n|upkeep\n|\n|t:|1776306760\n|switch|p2b: Archaludon|Archaludon, L50, M|22/100\n|turn|7\n|\n|t:|1776306772\n|detailschange|p1a: Charizard|Charizard-Mega-Y, L50, F\n|-mega|p1a: Charizard|Charizard|Charizardite Y\n|-weather|SunnyDay|[from] ability: Drought|[of] p1a: Charizard\n|move|p1a: Charizard|Heat Wave|p2b: Archaludon|[miss]\n|-miss|p1a: Charizard|p2b: Archaludon\n|move|p2b: Archaludon|Draco Meteor|p1a: Charizard\n|-crit|p1a: Charizard\n|-damage|p1a: Charizard|0 fnt\n|-unboost|p2b: Archaludon|spa|2\n|faint|p1a: Charizard\n|move|p1b: Pelipper|Muddy Water|p2b: Archaludon\n|-resisted|p2b: Archaludon|1\n|-damage|p2b: Archaludon|12/100\n|-unboost|p2b: Archaludon|accuracy|1\n|-ability|p2b: Archaludon|Stamina|boost\n|-boost|p2b: Archaludon|def|1\n|\n|-weather|SunnyDay|[upkeep]\n|-heal|p2b: Archaludon|18/100|[from] item: Leftovers\n|upkeep\n|turn|8\n|\n|t:|1776306791\n|move|p2b: Archaludon|Protect|p2b: Archaludon\n|-singleturn|p2b: Archaludon|Protect\n|move|p1b: Pelipper|Muddy Water|p2b: Archaludon\n|-activate|p2b: Archaludon|move: Protect\n|\n|-weather|SunnyDay|[upkeep]\n|-heal|p2b: Archaludon|24/100|[from] item: Leftovers\n|upkeep\n|turn|9\n|\n|t:|1776306800\n|move|p2b: Archaludon|Snarl|p1b: Pelipper|[miss]\n|-miss|p2b: Archaludon|p1b: Pelipper\n|move|p1b: Pelipper|Muddy Water|p2b: Archaludon\n|-resisted|p2b: Archaludon|1\n|-damage|p2b: Archaludon|15/100\n|-ability|p2b: Archaludon|Stamina|boost\n|-boost|p2b: Archaludon|def|1\n|\n|-weather|SunnyDay|[upkeep]\n|-heal|p2b: Archaludon|21/100|[from] item: Leftovers\n|upkeep\n|turn|10\n|\n|t:|1776306811\n|move|p2b: Archaludon|Protect|p2b: Archaludon\n|-singleturn|p2b: Archaludon|Protect\n|move|p1b: Pelipper|Muddy Water|p2b: Archaludon\n|-activate|p2b: Archaludon|move: Protect\n|\n|-weather|SunnyDay|[upkeep]\n|-heal|p2b: Archaludon|27/100|[from] item: Leftovers\n|upkeep\n|turn|11\n|\n|t:|1776306822\n|move|p2b: Archaludon|Snarl|p1b: Pelipper\n|-damage|p1b: Pelipper|37/100\n|-unboost|p1b: Pelipper|spa|1\n|move|p1b: Pelipper|Muddy Water|p2b: Archaludon\n|-resisted|p2b: Archaludon|1\n|-damage|p2b: Archaludon|21/100\n|-ability|p2b: Archaludon|Stamina|boost\n|-boost|p2b: Archaludon|def|1\n|\n|-weather|none\n|-heal|p2b: Archaludon|27/100|[from] item: Leftovers\n|upkeep\n|turn|12\n|\n|t:|1776306830\n|move|p2b: Archaludon|Protect|p2b: Archaludon\n|-singleturn|p2b: Archaludon|Protect\n|move|p1b: Pelipper|Hurricane|p2b: Archaludon\n|-activate|p2b: Archaludon|move: Protect\n|\n|-heal|p2b: Archaludon|33/100|[from] item: Leftovers\n|upkeep\n|turn|13\n|\n|t:|1776306838\n|move|p2b: Archaludon|Snarl|p1b: Pelipper\n|-damage|p1b: Pelipper|26/100\n|-unboost|p1b: Pelipper|spa|1\n|move|p1b: Pelipper|Hurricane|p2b: Archaludon\n|-resisted|p2b: Archaludon|1\n|-damage|p2b: Archaludon|20/100\n|-ability|p2b: Archaludon|Stamina|boost\n|-boost|p2b: Archaludon|def|1\n|\n|-heal|p2b: Archaludon|27/100|[from] item: Leftovers\n|upkeep\n|turn|14\n|\n|t:|1776306850\n|move|p2b: Archaludon|Protect|p2b: Archaludon\n|-singleturn|p2b: Archaludon|Protect\n|move|p1b: Pelipper|Muddy Water|p2b: Archaludon\n|-activate|p2b: Archaludon|move: Protect\n|\n|-heal|p2b: Archaludon|33/100|[from] item: Leftovers\n|upkeep\n|turn|15\n|\n|t:|1776306862\n|move|p2b: Archaludon|Draco Meteor|p1b: Pelipper\n|-crit|p1b: Pelipper\n|-damage|p1b: Pelipper|0 fnt\n|-unboost|p2b: Archaludon|spa|2\n|faint|p1b: Pelipper\n|\n|win|depana s\n|raw|TeddyEatsDewritoes's rating: 1109 &rarr; <strong>1088</strong><br />(-21 for losing)\n|raw|depana s's rating: 1158 &rarr; <strong>1179</strong><br />(+21 for winning)\n",
  "uploadtime": 1776306872,
  "views": 27,
  "formatid": "gen9championsvgc2026regma",
  "rating": 1088,
  "private": 0,
  "password": null
}