{
  "id": "gen9championsvgc2026regma-2586355033",
  "format": "[Gen 9 Champions] VGC 2026 Reg M-A",
  "players": [
    "michaeljoestar",
    "myrace"
  ],
  "log": "|j|\u2606michaeljoestar\n|j|\u2606myrace\n|t:|1776428233\n|gametype|doubles\n|player|p1|michaeljoestar|emmet|1000\n|player|p2|myrace|266|1084\n|gen|9\n|tier|[Gen 9 Champions] VGC 2026 Reg M-A\n|rated|\n|rule|Species Clause: Limit one of each Pok\u00e9mon\n|rule|Item Clause: Limit 1 of each item\n|clearpoke\n|poke|p1|Pelipper, L50, M|\n|poke|p1|Archaludon, L50, M|\n|poke|p1|Basculegion, L50, M|\n|poke|p1|Dragonite, L50, M|\n|poke|p1|Rotom-Wash, L50|\n|poke|p1|Goodra-Hisui, L50, M|\n|poke|p2|Charizard, L50, M|\n|poke|p2|Incineroar, L50, M|\n|poke|p2|Sneasler, L50, F|\n|poke|p2|Sinistcha, L50|\n|poke|p2|Milotic, L50, F|\n|poke|p2|Aerodactyl, L50, F|\n|teampreview|4\n|inactive|Battle timer is ON: inactive players will automatically lose when time's up. (requested by myrace)\n|inactive|myrace has 60 seconds left.\n|\n|t:|1776428266\n|teamsize|p1|4\n|teamsize|p2|4\n|start\n|switch|p1a: Pelipper|Pelipper, L50, M|100/100\n|switch|p1b: Basculegion|Basculegion, L50, M|100/100\n|switch|p2a: Aerodactyl|Aerodactyl, L50, F|100/100\n|switch|p2b: Sneasler|Sneasler, L50, F|100/100\n|-ability|p2a: Aerodactyl|Unnerve\n|-weather|RainDance|[from] ability: Drizzle|[of] p1a: Pelipper\n|turn|1\n|\n|t:|1776428284\n|move|p2a: Aerodactyl|Protect|p2a: Aerodactyl\n|-singleturn|p2a: Aerodactyl|Protect\n|move|p2b: Sneasler|Fake Out|p1a: Pelipper\n|-damage|p1a: Pelipper|86/100\n|move|p1b: Basculegion|Wave Crash|p2a: Aerodactyl\n|-activate|p2a: Aerodactyl|move: Protect\n|cant|p1a: Pelipper|flinch\n|\n|-weather|RainDance|[upkeep]\n|upkeep\n|turn|2\n|\n|t:|1776428305\n|switch|p2a: Milotic|Milotic, L50, F|100/100\n|move|p1b: Basculegion|Wave Crash|p2a: Milotic\n|-resisted|p2a: Milotic|1\n|-damage|p2a: Milotic|61/100\n|-damage|p1b: Basculegion|87/100|[from] Recoil\n|move|p2b: Sneasler|Dire Claw|p1b: Basculegion\n|-resisted|p1b: Basculegion|1\n|-damage|p1b: Basculegion|61/100\n|-status|p1b: Basculegion|psn|[from] ability: Poison Touch|[of] p2b: Sneasler\n|move|p1a: Pelipper|Hurricane|p2b: Sneasler\n|-supereffective|p2b: Sneasler|1\n|-damage|p2b: Sneasler|5/100\n|\n|-weather|RainDance|[upkeep]\n|-damage|p1b: Basculegion|49/100 psn|[from] psn\n|upkeep\n|turn|3\n|inactive|michaeljoestar has 30 seconds left.\n|inactive|michaeljoestar has 20 seconds left.\n|\n|t:|1776428343\n|switch|p1b: Archaludon|Archaludon, L50, M|100/100\n|move|p2b: Sneasler|Protect|p2b: Sneasler\n|-singleturn|p2b: Sneasler|Protect\n|move|p1a: Pelipper|Hurricane|p2b: Sneasler\n|-activate|p2b: Sneasler|move: Protect\n|move|p2a: Milotic|Life Dew|p2a: Milotic|[spread] p2a,p2b\n|-heal|p2a: Milotic|86/100\n|-heal|p2b: Sneasler|30/100\n|\n|-weather|RainDance|[upkeep]\n|upkeep\n|turn|4\n|inactive|myrace has 30 seconds left.\n|inactive|myrace has 20 seconds left.\n|inactive|myrace has 15 seconds left.\n|\n|t:|1776428386\n|move|p2b: Sneasler|Close Combat|p1b: Archaludon\n|-supereffective|p1b: Archaludon|1\n|-damage|p1b: Archaludon|6/100\n|-unboost|p2b: Sneasler|def|1\n|-unboost|p2b: Sneasler|spd|1\n|-ability|p1b: Archaludon|Stamina|boost\n|-boost|p1b: Archaludon|def|1\n|move|p1a: Pelipper|Hurricane|p2b: Sneasler\n|-supereffective|p2b: Sneasler|1\n|-damage|p2b: Sneasler|0 fnt\n|faint|p2b: Sneasler\n|move|p1b: Archaludon|Electro Shot||[still]\n|-prepare|p1b: Archaludon|Electro Shot\n|-boost|p1b: Archaludon|spa|1\n|-anim|p1b: Archaludon|Electro Shot|p2a: Milotic\n|-supereffective|p2a: Milotic|1\n|-damage|p2a: Milotic|0 fnt\n|faint|p2a: Milotic\n|\n|-weather|RainDance|[upkeep]\n|-heal|p1b: Archaludon|12/100|[from] item: Leftovers\n|upkeep\n|\n|t:|1776428403\n|switch|p2b: Aerodactyl|Aerodactyl, L50, F|100/100\n|switch|p2a: Charizard|Charizard, L50, M|100/100\n|-ability|p2b: Aerodactyl|Unnerve\n|turn|5\n|\n|t:|1776428422\n|detailschange|p2a: Charizard|Charizard-Mega-X, L50, M\n|-mega|p2a: Charizard|Charizard|Charizardite X\n|move|p2b: Aerodactyl|Tailwind|p2b: Aerodactyl\n|-sidestart|p2: myrace|move: Tailwind\n|move|p2a: Charizard|Dragon Claw|p1b: Archaludon\n|-damage|p1b: Archaludon|0 fnt\n|faint|p1b: Archaludon\n|move|p1a: Pelipper|Weather Ball|p2a: Charizard\n|-damage|p2a: Charizard|34/100\n|\n|-weather|none\n|upkeep\n|\n|t:|1776428436\n|switch|p1b: Basculegion|Basculegion, L50, M|49/100 psn\n|turn|6\n|\n|t:|1776428444\n|switch|p1a: Dragonite|Dragonite, L50, M|100/100\n|move|p2a: Charizard|Protect|p2a: Charizard\n|-singleturn|p2a: Charizard|Protect\n|move|p1b: Basculegion|Aqua Jet|p2a: Charizard\n|-activate|p2a: Charizard|move: Protect\n|move|p2b: Aerodactyl|Rock Slide|p1b: Basculegion|[spread] p1a,p1b\n|-supereffective|p1a: Dragonite|1\n|-damage|p1a: Dragonite|77/100\n|-damage|p1b: Basculegion|24/100 psn\n|\n|-damage|p1b: Basculegion|12/100 psn|[from] psn\n|upkeep\n|turn|7\n|\n|t:|1776428466\n|detailschange|p1a: Dragonite|Dragonite-Mega, L50, M\n|-mega|p1a: Dragonite|Dragonite|Dragoninite\n|move|p1a: Dragonite|Protect|p1a: Dragonite\n|-singleturn|p1a: Dragonite|Protect\n|move|p1b: Basculegion|Aqua Jet|p2a: Charizard\n|-damage|p2a: Charizard|7/100\n|move|p2b: Aerodactyl|Rock Slide|p1b: Basculegion|[spread] p1b\n|-activate|p1a: Dragonite|move: Protect\n|-damage|p1b: Basculegion|0 fnt\n|faint|p1b: Basculegion\n|move|p2a: Charizard|Dragon Claw|p1a: Dragonite\n|-activate|p1a: Dragonite|move: Protect\n|\n|upkeep\n|\n|t:|1776428482\n|switch|p1b: Pelipper|Pelipper, L50, M|86/100\n|-weather|RainDance|[from] ability: Drizzle|[of] p1b: Pelipper\n|turn|8\n|\n|t:|1776428498\n|move|p2b: Aerodactyl|Tailwind||[still]\n|-fail|p2b: Aerodactyl\n|move|p2a: Charizard|Dragon Claw|p1a: Dragonite\n|-supereffective|p1a: Dragonite|1\n|-damage|p1a: Dragonite|0 fnt\n|faint|p1a: Dragonite\n|move|p1b: Pelipper|Weather Ball|p2a: Charizard\n|-damage|p2a: Charizard|0 fnt\n|faint|p2a: Charizard\n|\n|-weather|RainDance|[upkeep]\n|-sideend|p2: myrace|move: Tailwind\n|upkeep\n|turn|9\n|\n|t:|1776428514\n|move|p2b: Aerodactyl|Rock Slide|p1b: Pelipper\n|-supereffective|p1b: Pelipper|1\n|-damage|p1b: Pelipper|30/100\n|cant|p1b: Pelipper|flinch\n|\n|-weather|RainDance|[upkeep]\n|upkeep\n|turn|10\n|inactive|michaeljoestar has 30 seconds left.\n|inactive|michaeljoestar has 20 seconds left.\n|inactive|michaeljoestar has 15 seconds left.\n|inactive|michaeljoestar has 10 seconds left.\n|\n|t:|1776428563\n|move|p2b: Aerodactyl|Rock Slide|p1b: Pelipper|[miss]\n|-miss|p2b: Aerodactyl|p1b: Pelipper\n|move|p1b: Pelipper|Weather Ball|p2b: Aerodactyl\n|-supereffective|p2b: Aerodactyl|1\n|-damage|p2b: Aerodactyl|0 fnt\n|faint|p2b: Aerodactyl\n|\n|win|michaeljoestar\n|raw|michaeljoestar's rating: 1000 &rarr; <strong>1049</strong><br />(+49 for winning)\n|raw|myrace's rating: 1084 &rarr; <strong>1056</strong><br />(-28 for losing)\n",
  "uploadtime": 1776428571,
  "views": 26,
  "formatid": "gen9championsvgc2026regma",
  "rating": 1049,
  "private": 0,
  "password": null
}