{
  "id": "gen9championsvgc2026regma-2583965440",
  "format": "[Gen 9 Champions] VGC 2026 Reg M-A",
  "players": [
    "Whitt8237",
    "Okiami"
  ],
  "log": "|j|\u2606Whitt8237\n|j|\u2606Okiami\n|t:|1776212461\n|gametype|doubles\n|player|p1|Whitt8237|nate|1133\n|player|p2|Okiami|102|1125\n|gen|9\n|tier|[Gen 9 Champions] VGC 2026 Reg M-A\n|rated|\n|rule|Species Clause: Limit one of each Pok\u00e9mon\n|rule|Item Clause: Limit 1 of each item\n|clearpoke\n|poke|p1|Basculegion, L50, M|\n|poke|p1|Glimmora, L50, M|\n|poke|p1|Whimsicott, L50, F|\n|poke|p1|Mimikyu, L50, F|\n|poke|p1|Kingambit, L50, M|\n|poke|p1|Ninetales-Alola, L50, F|\n|poke|p2|Crabominable, L50, M|\n|poke|p2|Mimikyu, L50, F|\n|poke|p2|Aurorus, L50, F|\n|poke|p2|Aromatisse, L50, F|\n|poke|p2|Hydrapple, L50, F|\n|poke|p2|Slowbro-Galar, L50, F|\n|teampreview|4\nOkiami rejected open team sheets.\n|inactive|Battle timer is ON: inactive players will automatically lose when time's up. (requested by Okiami)\n|\n|t:|1776212495\n|teamsize|p1|4\n|teamsize|p2|4\n|start\n|switch|p1a: Ninetales|Ninetales-Alola, L50, F|100/100\n|switch|p1b: Caeruleo|Glimmora, L50, M|100/100\n|switch|p2a: Aurorus|Aurorus, L50, F, shiny|100/100\n|switch|p2b: Aromatisse|Aromatisse, L50, F|100/100\n|-weather|Snowscape|[from] ability: Snow Warning|[of] p1a: Ninetales\n|turn|1\n|\n|t:|1776212518\n|detailschange|p1b: Caeruleo|Glimmora-Mega, L50, M\n|-mega|p1b: Caeruleo|Glimmora|Glimmoranite\n|move|p1a: Ninetales|Blizzard|p2b: Aromatisse|[spread] p2a,p2b\n|-resisted|p2a: Aurorus|1\n|-crit|p2b: Aromatisse\n|-damage|p2a: Aurorus|88/100\n|-damage|p2b: Aromatisse|59/100\n|move|p1b: Caeruleo|Sludge Bomb|p2b: Aromatisse\n|-supereffective|p2b: Aromatisse|1\n|-damage|p2b: Aromatisse|0 fnt\n|faint|p2b: Aromatisse\n|move|p2a: Aurorus|Aurora Veil|p2a: Aurorus\n|-sidestart|p2: Okiami|move: Aurora Veil\n|\n|-weather|Snowscape|[upkeep]\n|upkeep\n|\n|t:|1776212529\n|switch|p2b: Mimikyu|Mimikyu, L50, F|100/100\n|turn|2\n|\n|t:|1776212540\n|move|p1a: Ninetales|Aurora Veil|p1a: Ninetales\n|-sidestart|p1: Whitt8237|move: Aurora Veil\n|move|p1b: Caeruleo|Power Gem|p2a: Aurorus\n|-supereffective|p2a: Aurorus|1\n|-damage|p2a: Aurorus|24/100\n|move|p2a: Aurorus|Freeze-Dry|p1b: Caeruleo\n|-damage|p1b: Caeruleo|83/100\n|move|p2b: Mimikyu|Trick Room|p2b: Mimikyu\n|-fieldstart|move: Trick Room|[of] p2b: Mimikyu\n|\n|-weather|Snowscape|[upkeep]\n|upkeep\n|turn|3\n|\n|t:|1776212563\n|move|p2a: Aurorus|Discharge|p1b: Caeruleo|[spread] p2b,p1a,p1b\n|-activate|p2b: Mimikyu|ability: Disguise\n|-damage|p2b: Mimikyu|100/100\n|-damage|p1a: Ninetales|88/100\n|-damage|p1b: Caeruleo|72/100\n|detailschange|p2b: Mimikyu|Mimikyu-Busted, L50, F\n|-damage|p2b: Mimikyu|88/100|[from] pokemon: Mimikyu-Busted\n|move|p2b: Mimikyu|Swords Dance|p2b: Mimikyu\n|-boost|p2b: Mimikyu|atk|2\n|move|p1b: Caeruleo|Power Gem|p2a: Aurorus\n|-supereffective|p2a: Aurorus|1\n|-damage|p2a: Aurorus|0 fnt\n|faint|p2a: Aurorus\n|move|p1a: Ninetales|Moonblast|p2b: Mimikyu\n|-damage|p2b: Mimikyu|63/100\n|\n|-weather|Snowscape|[upkeep]\n|upkeep\n|\n|t:|1776212569\n|switch|p2a: Crabominable|Crabominable, L50, M|100/100\n|turn|4\n|inactive|Whitt8237 has 30 seconds left.\n|inactive|Whitt8237 has 20 seconds left.\n|\n|t:|1776212606\n|switch|p1b: Herr Fisch|Basculegion, L50, M|100/100\n|detailschange|p2a: Crabominable|Crabominable-Mega, L50, M\n|-mega|p2a: Crabominable|Crabominable|Crabominite\n|move|p2b: Mimikyu|Shadow Sneak|p1a: Ninetales\n|-damage|p1a: Ninetales|62/100\n|move|p2a: Crabominable|Earthquake|p1b: Herr Fisch|[spread] p2b,p1a,p1b\n|-damage|p2b: Mimikyu|34/100\n|-damage|p1a: Ninetales|41/100\n|-damage|p1b: Herr Fisch|75/100\n|move|p1a: Ninetales|Moonblast|p2a: Crabominable\n|-supereffective|p2a: Crabominable|1\n|-damage|p2a: Crabominable|61/100\n|\n|-weather|Snowscape|[upkeep]\n|upkeep\n|turn|5\n|inactive|Whitt8237 has 30 seconds left.\n|\n|t:|1776212640\n|switch|p1b: Nobu|Kingambit, L50, M|100/100\n|move|p2b: Mimikyu|Shadow Sneak|p1b: Nobu\n|-resisted|p1b: Nobu|1\n|-damage|p1b: Nobu|91/100\n|move|p2a: Crabominable|Earthquake|p1b: Nobu|[spread] p2b,p1a,p1b\n|-supereffective|p1b: Nobu|1\n|-damage|p2b: Mimikyu|5/100\n|-damage|p1a: Ninetales|19/100\n|-damage|p1b: Nobu|62/100\n|move|p1a: Ninetales|Moonblast|p2a: Crabominable\n|-supereffective|p2a: Crabominable|1\n|-damage|p2a: Crabominable|20/100\n|\n|-weather|none\n|-sideend|p2: Okiami|move: Aurora Veil\n|upkeep\n|turn|6\n|inactive|Whitt8237 has 30 seconds left.\n|inactive|Okiami has 30 seconds left.\n|\n|t:|1776212668\n|move|p1a: Ninetales|Protect|p1a: Ninetales\n|-singleturn|p1a: Ninetales|Protect\n|move|p1b: Nobu|Sucker Punch|p2a: Crabominable\n|-resisted|p2a: Crabominable|1\n|-damage|p2a: Crabominable|1/100\n|move|p2b: Mimikyu|Shadow Sneak|p1a: Ninetales\n|-activate|p1a: Ninetales|move: Protect\n|move|p2a: Crabominable|Crabhammer|p1b: Nobu\n|-damage|p1b: Nobu|42/100\n|\n|-sideend|p1: Whitt8237|move: Aurora Veil\n|-fieldend|move: Trick Room\n|upkeep\n|turn|7\n|\n|t:|1776212682\n|move|p2a: Crabominable|Protect|p2a: Crabominable\n|-singleturn|p2a: Crabominable|Protect\n|move|p1a: Ninetales|Blizzard|p2b: Mimikyu|[spread] \n|-activate|p2a: Crabominable|move: Protect\n|-miss|p1a: Ninetales|p2b: Mimikyu\n|move|p1b: Nobu|Swords Dance|p1b: Nobu\n|-boost|p1b: Nobu|atk|2\n|move|p2b: Mimikyu|Trick Room|p2b: Mimikyu\n|-fieldstart|move: Trick Room|[of] p2b: Mimikyu\n|\n|upkeep\n|turn|8\n|\n|t:|1776212705\n|move|p1a: Ninetales|Protect|p1a: Ninetales\n|-singleturn|p1a: Ninetales|Protect\n|move|p1b: Nobu|Sucker Punch|p2a: Crabominable\n|-resisted|p2a: Crabominable|1\n|-damage|p2a: Crabominable|0 fnt\n|faint|p2a: Crabominable\n|move|p2b: Mimikyu|Shadow Sneak|p1a: Ninetales\n|-activate|p1a: Ninetales|move: Protect\n|\n|upkeep\n|turn|9\n|\n|t:|1776212722\n|move|p1b: Nobu|Kowtow Cleave|p2b: Mimikyu\n|-damage|p2b: Mimikyu|0 fnt\n|faint|p2b: Mimikyu\n|\n|win|Whitt8237\n|raw|Whitt8237's rating: 1133 &rarr; <strong>1157</strong><br />(+24 for winning)\n|raw|Okiami's rating: 1125 &rarr; <strong>1101</strong><br />(-24 for losing)\n|l|\u2606Okiami\n|player|p2|\n",
  "uploadtime": 1776212936,
  "views": 18,
  "formatid": "gen9championsvgc2026regma",
  "rating": 1101,
  "private": 0,
  "password": null
}