{
  "id": "gen9championsvgc2026regma-2582301645",
  "format": "[Gen 9 Champions] VGC 2026 Reg M-A",
  "players": [
    "evokenz",
    "ImAmethyst"
  ],
  "log": "|j|\u2606evokenz\n|j|\u2606ImAmethyst\n|t:|1776081342\n|gametype|doubles\n|player|p1|evokenz|265|1192\n|player|p2|ImAmethyst|102|1293\n|gen|9\n|tier|[Gen 9 Champions] VGC 2026 Reg M-A\n|rated|\n|rule|Species Clause: Limit one of each Pok\u00e9mon\n|rule|Item Clause: Limit 1 of each item\n|clearpoke\n|poke|p1|Dragapult, L50, F|\n|poke|p1|Sneasler, L50, F|\n|poke|p1|Incineroar, L50, M|\n|poke|p1|Maushold, L50|\n|poke|p1|Floette-Eternal, L50, F|\n|poke|p1|Kingambit, L50, F|\n|poke|p2|Crabominable, L50, M|\n|poke|p2|Farigiraf, L50, M|\n|poke|p2|Vanilluxe, L50, M|\n|poke|p2|Whimsicott, L50, M|\n|poke|p2|Gardevoir, L50, F|\n|poke|p2|Meganium, L50, F|\n|teampreview|4\n|\n|t:|1776081367\n|teamsize|p1|4\n|teamsize|p2|4\n|start\n|switch|p1a: Kingambit|Kingambit, L50, F|100/100\n|switch|p1b: Floette|Floette-Eternal, L50, F|100/100\n|switch|p2a: Crabominable|Crabominable, L50, M, shiny|100/100\n|switch|p2b: Farigiraf|Farigiraf, L50, M|100/100\n|turn|1\n|\n|t:|1776081393\n|detailschange|p1b: Floette|Floette-Mega, L50, F\n|-mega|p1b: Floette|Floette|Floettite\n|-ability|p1b: Floette|Fairy Aura\n|move|p2a: Crabominable|Protect|p2a: Crabominable\n|-singleturn|p2a: Crabominable|Protect\n|move|p1b: Floette|Moonblast|p2a: Crabominable\n|-activate|p2a: Crabominable|move: Protect\n|move|p1a: Kingambit|Kowtow Cleave|p2b: Farigiraf\n|-supereffective|p2b: Farigiraf|1\n|-enditem|p2b: Farigiraf|Colbur Berry|[eat]\n|-enditem|p2b: Farigiraf|Colbur Berry|[weaken]\n|-damage|p2b: Farigiraf|48/100\n|move|p2b: Farigiraf|Trick Room|p2b: Farigiraf\n|-fieldstart|move: Trick Room|[of] p2b: Farigiraf\n|\n|upkeep\n|turn|2\n|\n|t:|1776081412\n|detailschange|p2a: Crabominable|Crabominable-Mega, L50, M, shiny\n|-mega|p2a: Crabominable|Crabominable|Crabominite\n|move|p1a: Kingambit|Protect|p1a: Kingambit\n|-singleturn|p1a: Kingambit|Protect\n|move|p2a: Crabominable|Ice Hammer|p1b: Floette\n|-damage|p1b: Floette|14/100\n|-unboost|p2a: Crabominable|spe|1\n|move|p2b: Farigiraf|Hyper Voice|p1a: Kingambit|[spread] p1b\n|-activate|p1a: Kingambit|move: Protect\n|-damage|p1b: Floette|0 fnt\n|faint|p1b: Floette\n|\n|upkeep\n|\n|t:|1776081429\n|switch|p1b: Incineroar|Incineroar, L50, M|100/100\n|-ability|p1b: Incineroar|Intimidate|boost\n|-unboost|p2a: Crabominable|atk|1\n|-unboost|p2b: Farigiraf|atk|1\n|turn|3\n|\n|t:|1776081444\n|switch|p1a: Maushold|Maushold, L50|100/100\n|move|p2a: Crabominable|Close Combat|p1a: Maushold\n|-supereffective|p1a: Maushold|1\n|-enditem|p1a: Maushold|Chople Berry|[eat]\n|-enditem|p1a: Maushold|Chople Berry|[weaken]\n|-damage|p1a: Maushold|41/100\n|-unboost|p2a: Crabominable|def|1\n|-unboost|p2a: Crabominable|spd|1\n|move|p2b: Farigiraf|Hyper Voice|p1b: Incineroar|[spread] p1a,p1b\n|-damage|p1a: Maushold|7/100\n|-damage|p1b: Incineroar|81/100\n|move|p1b: Incineroar|Parting Shot|p2a: Crabominable\n|-unboost|p2a: Crabominable|atk|1\n|-unboost|p2a: Crabominable|spa|1\n|\n|t:|1776081458\n|switch|p1b: Kingambit|Kingambit, L50, F|100/100|[from] Parting Shot\n|\n|upkeep\n|turn|4\n|\n|t:|1776081468\n|switch|p2a: Vanilluxe|Vanilluxe, L50, M|100/100\n|-weather|Snowscape|[from] ability: Snow Warning|[of] p2a: Vanilluxe\n|move|p1a: Maushold|Follow Me|p1a: Maushold\n|-singleturn|p1a: Maushold|move: Follow Me\n|move|p1b: Kingambit|Kowtow Cleave|p2a: Vanilluxe\n|-damage|p2a: Vanilluxe|63/100\n|move|p2b: Farigiraf|Hyper Voice|p1a: Maushold|[spread] p1a,p1b\n|-resisted|p1b: Kingambit|1\n|-damage|p1a: Maushold|0 fnt\n|-damage|p1b: Kingambit|91/100\n|faint|p1a: Maushold\n|\n|-weather|Snowscape|[upkeep]\n|upkeep\n|\n|t:|1776081481\n|switch|p1a: Incineroar|Incineroar, L50, M|81/100\n|-ability|p1a: Incineroar|Intimidate|boost\n|-unboost|p2a: Vanilluxe|atk|1\n|-unboost|p2b: Farigiraf|atk|1\n|turn|5\n|\n|t:|1776081489\n|move|p1b: Kingambit|Swords Dance|p1b: Kingambit\n|-boost|p1b: Kingambit|atk|2\n|move|p2b: Farigiraf|Hyper Voice|p1b: Kingambit|[spread] p1a,p1b\n|-resisted|p1b: Kingambit|1\n|-damage|p1a: Incineroar|53/100\n|-damage|p1b: Kingambit|78/100\n|move|p1a: Incineroar|Flare Blitz|p2a: Vanilluxe\n|-supereffective|p2a: Vanilluxe|1\n|-enditem|p2a: Vanilluxe|Occa Berry|[eat]\n|-enditem|p2a: Vanilluxe|Occa Berry|[weaken]\n|-damage|p2a: Vanilluxe|21/100\n|-damage|p1a: Incineroar|40/100|[from] Recoil\n|-enditem|p1a: Incineroar|Sitrus Berry|[eat]\n|-heal|p1a: Incineroar|65/100|[from] item: Sitrus Berry\n|move|p2a: Vanilluxe|Aurora Veil|p2a: Vanilluxe\n|-sidestart|p2: ImAmethyst|move: Aurora Veil\n|\n|-weather|Snowscape|[upkeep]\n|-fieldend|move: Trick Room\n|upkeep\n|turn|6\n|\n|t:|1776081512\n|move|p2a: Vanilluxe|Blizzard|p1b: Kingambit|[spread] p1a,p1b\n|-resisted|p1a: Incineroar|1\n|-resisted|p1b: Kingambit|1\n|-damage|p1a: Incineroar|46/100\n|-damage|p1b: Kingambit|57/100\n|move|p1a: Incineroar|Throat Chop|p2b: Farigiraf\n|-supereffective|p2b: Farigiraf|1\n|-damage|p2b: Farigiraf|0 fnt\n|faint|p2b: Farigiraf\n|move|p1b: Kingambit|Swords Dance|p1b: Kingambit\n|-boost|p1b: Kingambit|atk|2\n|\n|-weather|Snowscape|[upkeep]\n|upkeep\n|\n|t:|1776081529\n|switch|p2b: Gardevoir|Gardevoir, L50, F|100/100\n|-ability|p2b: Gardevoir|Intimidate|Trace|[from] ability: Trace|[of] p1a: Incineroar\n|-ability|p2b: Gardevoir|Intimidate|boost\n|-unboost|p1a: Incineroar|atk|1\n|-unboost|p1b: Kingambit|atk|1\n|-ability|p1b: Kingambit|Defiant|boost\n|-boost|p1b: Kingambit|atk|2\n|turn|7\n|\n|t:|1776081546\n|move|p2b: Gardevoir|Moonblast|p1a: Incineroar\n|-damage|p1a: Incineroar|0 fnt\n|faint|p1a: Incineroar\n|move|p2a: Vanilluxe|Freeze-Dry|p1b: Kingambit\n|-resisted|p1b: Kingambit|1\n|-damage|p1b: Kingambit|38/100\n|move|p1b: Kingambit|Swords Dance|p1b: Kingambit\n|-boost|p1b: Kingambit|atk|1\n|\n|-weather|Snowscape|[upkeep]\n|upkeep\n|turn|8\n|\n|t:|1776081559\n|move|p1b: Kingambit|Sucker Punch|p2b: Gardevoir\n|-damage|p2b: Gardevoir|0 fnt\n|faint|p2b: Gardevoir\n|move|p2a: Vanilluxe|Blizzard|p1b: Kingambit\n|-resisted|p1b: Kingambit|1\n|-damage|p1b: Kingambit|13/100\n|\n|-weather|none\n|upkeep\n|\n|t:|1776081562\n|switch|p2b: Crabominable|Crabominable-Mega, L50, M, shiny|100/100\n|turn|9\n|\n|t:|1776081572\n|move|p1b: Kingambit|Sucker Punch|p2b: Crabominable\n|-resisted|p2b: Crabominable|1\n|-damage|p2b: Crabominable|57/100\n|move|p2a: Vanilluxe|Freeze-Dry|p1b: Kingambit\n|-resisted|p1b: Kingambit|1\n|-damage|p1b: Kingambit|0 fnt\n|faint|p1b: Kingambit\n|\n|win|ImAmethyst\n|raw|evokenz's rating: 1192 &rarr; <strong>1174</strong><br />(-18 for losing)\n|raw|ImAmethyst's rating: 1293 &rarr; <strong>1311</strong><br />(+18 for winning)\n",
  "uploadtime": 1776081573,
  "views": 14,
  "formatid": "gen9championsvgc2026regma",
  "rating": 1174,
  "private": 0,
  "password": null
}