{
  "id": "gen9championsvgc2026regma-2588445431",
  "format": "[Gen 9 Champions] VGC 2026 Reg M-A",
  "players": [
    "TheVGChef",
    "lOI0IOl"
  ],
  "log": "|j|\u2606TheVGChef\n|j|\u2606lOI0IOl\n|t:|1776634173\n|gametype|doubles\n|player|p1|TheVGChef|265|1569\n|player|p2|lOI0IOl|265|1501\n|gen|9\n|tier|[Gen 9 Champions] VGC 2026 Reg M-A\n|rated|\n|rule|Species Clause: Limit one of each Pok\u00e9mon\n|rule|Item Clause: Limit 1 of each item\n|clearpoke\n|poke|p1|Venusaur, L50, F|\n|poke|p1|Pelipper, L50, M|\n|poke|p1|Archaludon, L50, F|\n|poke|p1|Basculegion, L50, M|\n|poke|p1|Incineroar, L50, F|\n|poke|p1|Kangaskhan, L50, F|\n|poke|p2|Meowscarada, L50, M|\n|poke|p2|Talonflame, L50, F|\n|poke|p2|Floette-Eternal, L50, F|\n|poke|p2|Garchomp, L50, M|\n|poke|p2|Delphox, L50, M|\n|poke|p2|Basculegion, L50, M|\n|teampreview|4\n|inactive|Battle timer is ON: inactive players will automatically lose when time's up. (requested by lOI0IOl)\n|inactive|lOI0IOl has 60 seconds left.\n|inactive|lOI0IOl has 30 seconds left.\n|\n|t:|1776634277\n|teamsize|p1|4\n|teamsize|p2|4\n|start\n|switch|p1a: Venusaur|Venusaur, L50, F|100/100\n|switch|p1b: Incineroar|Incineroar, L50, F|100/100\n|switch|p2a: Talonflame|Talonflame, L50, F|100/100\n|switch|p2b: Basculegion|Basculegion, L50, M|100/100\n|-ability|p1b: Incineroar|Intimidate|boost\n|-unboost|p2a: Talonflame|atk|1\n|-unboost|p2b: Basculegion|atk|1\n|turn|1\n|\n|t:|1776634293\n|detailschange|p1a: Venusaur|Venusaur-Mega, L50, F\n|-mega|p1a: Venusaur|Venusaur|Venusaurite\n|move|p2a: Talonflame|Upper Hand|p1b: Incineroar\n|-supereffective|p1b: Incineroar|1\n|-damage|p1b: Incineroar|85/100\n|cant|p1b: Incineroar|flinch\n|move|p2b: Basculegion|Flip Turn|p1b: Incineroar\n|-supereffective|p1b: Incineroar|1\n|-damage|p1b: Incineroar|49/100\n|-enditem|p1b: Incineroar|Sitrus Berry|[eat]\n|-heal|p1b: Incineroar|74/100|[from] item: Sitrus Berry\n|\n|t:|1776634308\n|switch|p2b: Delphox|Delphox, L50, M|100/100|[from] Flip Turn\n|move|p1a: Venusaur|Sludge Bomb|p2b: Delphox\n|-damage|p2b: Delphox|46/100\n|\n|upkeep\n|turn|2\n|\n|t:|1776634322\n|detailschange|p2b: Delphox|Delphox-Mega, L50, M\n|-mega|p2b: Delphox|Delphox|Delphoxite\n|move|p2b: Delphox|Protect|p2b: Delphox\n|-singleturn|p2b: Delphox|Protect\n|move|p1a: Venusaur|Protect|p1a: Venusaur\n|-singleturn|p1a: Venusaur|Protect\n|move|p2a: Talonflame|Acrobatics|p1a: Venusaur\n|-activate|p1a: Venusaur|move: Protect\n|move|p1b: Incineroar|Parting Shot|p2a: Talonflame\n|-unboost|p2a: Talonflame|atk|1\n|-unboost|p2a: Talonflame|spa|1\n|\n|t:|1776634333\n|switch|p1b: Basculegion|Basculegion, L50, M|100/100|[from] Parting Shot\n|\n|upkeep\n|turn|3\n|\n|t:|1776634343\n|switch|p2b: Garchomp|Garchomp, L50, M|100/100\n|move|p2a: Talonflame|Tailwind|p2a: Talonflame\n|-sidestart|p2: lOI0IOl|move: Tailwind\n|move|p1b: Basculegion|Aqua Jet|p2b: Garchomp\n|-damage|p2b: Garchomp|70/100\n|-damage|p1b: Basculegion|88/100|[from] ability: Rough Skin|[of] p2b: Garchomp\n|move|p1a: Venusaur|Sludge Bomb|p2a: Talonflame\n|-damage|p2a: Talonflame|31/100\n|-status|p2a: Talonflame|psn\n|\n|-damage|p2a: Talonflame|19/100 psn|[from] psn\n|upkeep\n|turn|4\n|inactive|lOI0IOl has 30 seconds left.\n|inactive|lOI0IOl has 20 seconds left.\n|\n|t:|1776634381\n|switch|p1b: Incineroar|Incineroar, L50, F|74/100\n|-ability|p1b: Incineroar|Intimidate|boost\n|-unboost|p2a: Talonflame|atk|1\n|-unboost|p2b: Garchomp|atk|1\n|-enditem|p2b: Garchomp|White Herb\n|-clearnegativeboost|p2b: Garchomp|[silent]\n|move|p2a: Talonflame|Acrobatics|p1a: Venusaur\n|-supereffective|p1a: Venusaur|1\n|-damage|p1a: Venusaur|75/100\n|move|p2b: Garchomp|Earthquake|p1a: Venusaur|[spread] p1a,p1b\n|-immune|p2a: Talonflame\n|-supereffective|p1b: Incineroar|1\n|-damage|p1a: Venusaur|48/100\n|-damage|p1b: Incineroar|19/100\n|move|p1a: Venusaur|Leech Seed|p2b: Garchomp\n|-start|p2b: Garchomp|move: Leech Seed\n|\n|-damage|p2b: Garchomp|58/100|[from] Leech Seed|[of] p1a: Venusaur\n|-heal|p1a: Venusaur|60/100|[silent]\n|-damage|p2a: Talonflame|6/100 psn|[from] psn\n|upkeep\n|turn|5\n|inactive|lOI0IOl has 30 seconds left.\n|\n|t:|1776634410\n|switch|p1b: Pelipper|Pelipper, L50, M|100/100\n|-weather|RainDance|[from] ability: Drizzle|[of] p1b: Pelipper\n|move|p1a: Venusaur|Protect|p1a: Venusaur\n|-singleturn|p1a: Venusaur|Protect\n|move|p2a: Talonflame|Acrobatics|p1b: Pelipper\n|-damage|p1b: Pelipper|76/100\n|move|p2b: Garchomp|Swords Dance|p2b: Garchomp\n|-boost|p2b: Garchomp|atk|2\n|\n|-weather|RainDance|[upkeep]\n|-damage|p2b: Garchomp|45/100|[from] Leech Seed|[of] p1a: Venusaur\n|-heal|p1a: Venusaur|72/100|[silent]\n|-damage|p2a: Talonflame|0 fnt|[from] psn\n|faint|p2a: Talonflame\n|upkeep\n|\n|t:|1776634421\n|switch|p2a: Delphox|Delphox-Mega, L50, M|46/100\n|turn|6\n|\n|t:|1776634430\n|switch|p1a: Incineroar|Incineroar, L50, F|19/100\n|-ability|p1a: Incineroar|Intimidate|boost\n|-unboost|p2a: Delphox|atk|1\n|-unboost|p2b: Garchomp|atk|1\n|move|p2a: Delphox|Encore||[still]\n|-fail|p2a: Delphox\n|move|p2b: Garchomp|Rock Slide|p1b: Pelipper|[spread] p1a,p1b\n|-supereffective|p1a: Incineroar|1\n|-supereffective|p1b: Pelipper|1\n|-damage|p1a: Incineroar|0 fnt\n|-damage|p1b: Pelipper|0 fnt\n|faint|p1a: Incineroar\n|faint|p1b: Pelipper\n|\n|-weather|RainDance|[upkeep]\n|-sideend|p2: lOI0IOl|move: Tailwind\n|upkeep\n|\n|t:|1776634439\n|switch|p1b: Venusaur|Venusaur-Mega, L50, F|72/100\n|switch|p1a: Basculegion|Basculegion, L50, M|88/100\n|turn|7\n|inactive|TheVGChef has 30 seconds left.\n|\n|t:|1776634467\n|move|p2a: Delphox|Psychic|p1b: Venusaur\n|-supereffective|p1b: Venusaur|1\n|-crit|p1b: Venusaur\n|-damage|p1b: Venusaur|0 fnt\n|faint|p1b: Venusaur\n|move|p2b: Garchomp|Earthquake|p1a: Basculegion|[spread] p1a\n|-immune|p2a: Delphox|[from] ability: Levitate\n|-damage|p1a: Basculegion|21/100\n|move|p1a: Basculegion|Last Respects|p2a: Delphox\n|-supereffective|p2a: Delphox|1\n|-damage|p2a: Delphox|0 fnt\n|faint|p2a: Delphox\n|\n|-weather|RainDance|[upkeep]\n|-damage|p2b: Garchomp|33/100|[from] Leech Seed|[of] p1a: Basculegion\n|-heal|p1a: Basculegion|32/100|[silent]\n|upkeep\n|\n|t:|1776634478\n|switch|p2a: Basculegion|Basculegion, L50, M|100/100\n|turn|8\n|\n|t:|1776634485\n|move|p2a: Basculegion|Last Respects|p1a: Basculegion\n|-supereffective|p1a: Basculegion|1\n|-damage|p1a: Basculegion|0 fnt\n|faint|p1a: Basculegion\n|\n|win|lOI0IOl\n|raw|TheVGChef's rating: 1569 &rarr; <strong>1545</strong><br />(-24 for losing)\n|raw|lOI0IOl's rating: 1501 &rarr; <strong>1525</strong><br />(+24 for winning)\n|l|\u2606TheVGChef\n|player|p1|\n|l|\u2606lOI0IOl\n|player|p2|\n",
  "uploadtime": 1776636063,
  "views": 15,
  "formatid": "gen9championsvgc2026regma",
  "rating": 1525,
  "private": 0,
  "password": null
}