{
  "id": "gen9championsvgc2026regma-2583996073",
  "format": "[Gen 9 Champions] VGC 2026 Reg M-A",
  "players": [
    "savemelivie",
    "azraft"
  ],
  "log": "|j|\u2606savemelivie\n|j|\u2606azraft\n|t:|1776215201\n|gametype|doubles\n|player|p1|savemelivie|swimmerf-gen4|1064\n|player|p2|azraft|youngster-gen4dp|1078\n|gen|9\n|tier|[Gen 9 Champions] VGC 2026 Reg M-A\n|rated|\n|rule|Species Clause: Limit one of each Pok\u00e9mon\n|rule|Item Clause: Limit 1 of each item\n|clearpoke\n|poke|p1|Froslass, L50, F|\n|poke|p1|Glaceon, L50, M|\n|poke|p1|Incineroar, L50, M|\n|poke|p1|Primarina, L50, F|\n|poke|p1|Araquanid, L50, F|\n|poke|p1|Gallade, L50, M|\n|poke|p2|Tyranitar, L50, M|\n|poke|p2|Excadrill, L50, M|\n|poke|p2|Corviknight, L50, F|\n|poke|p2|Rotom-Wash, L50|\n|poke|p2|Sinistcha, L50|\n|poke|p2|Sneasler, L50, M|\n|teampreview|4\n|inactive|Battle timer is ON: inactive players will automatically lose when time's up. (requested by savemelivie)\n|\n|t:|1776215240\n|teamsize|p1|4\n|teamsize|p2|4\n|start\n|switch|p1a: Froslass|Froslass, L50, F|100/100\n|switch|p1b: Incineroar|Incineroar, L50, M|100/100\n|switch|p2a: Tyranitar|Tyranitar, L50, M|100/100\n|switch|p2b: Sneasler|Sneasler, L50, M|100/100\n|-weather|Sandstorm|[from] ability: Sand Stream|[of] p2a: Tyranitar\n|-ability|p1b: Incineroar|Intimidate|boost\n|-unboost|p2a: Tyranitar|atk|1\n|-unboost|p2b: Sneasler|atk|1\n|-enditem|p2b: Sneasler|White Herb\n|-clearnegativeboost|p2b: Sneasler|[silent]\n|turn|1\n|inactive|savemelivie has 30 seconds left.\n|inactive|savemelivie has 20 seconds left.\n|inactive|savemelivie has 15 seconds left.\n|inactive|savemelivie has 10 seconds left.\n|\n|t:|1776215287\n|detailschange|p1a: Froslass|Froslass-Mega, L50, F\n|-mega|p1a: Froslass|Froslass|Froslassite\n|-weather|Snowscape|[from] ability: Snow Warning|[of] p1a: Froslass\n|move|p2b: Sneasler|Protect|p2b: Sneasler\n|-singleturn|p2b: Sneasler|Protect\n|move|p2a: Tyranitar|Protect|p2a: Tyranitar\n|-singleturn|p2a: Tyranitar|Protect\n|move|p1b: Incineroar|Fake Out|p2a: Tyranitar\n|-activate|p2a: Tyranitar|move: Protect\n|move|p1a: Froslass|Aurora Veil|p1a: Froslass\n|-sidestart|p1: savemelivie|move: Aurora Veil\n|\n|-weather|Snowscape|[upkeep]\n|upkeep\n|turn|2\n|inactive|savemelivie has 30 seconds left.\n|inactive|savemelivie has 20 seconds left.\n|inactive|savemelivie has 15 seconds left.\n|\n|t:|1776215330\n|detailschange|p2a: Tyranitar|Tyranitar-Mega, L50, M\n|-mega|p2a: Tyranitar|Tyranitar|Tyranitarite\n|-weather|Sandstorm|[from] ability: Sand Stream|[of] p2a: Tyranitar\n|move|p2b: Sneasler|Close Combat|p1b: Incineroar\n|-supereffective|p1b: Incineroar|1\n|-damage|p1b: Incineroar|0 fnt\n|-unboost|p2b: Sneasler|def|1\n|-unboost|p2b: Sneasler|spd|1\n|faint|p1b: Incineroar\n|move|p1a: Froslass|Blizzard|p2b: Sneasler|[spread] p2a,p2b\n|-damage|p2a: Tyranitar|76/100\n|-damage|p2b: Sneasler|8/100\n|move|p2a: Tyranitar|Rock Slide|p1a: Froslass\n|-supereffective|p1a: Froslass|1\n|-damage|p1a: Froslass|20/100\n|\n|-weather|Sandstorm|[upkeep]\n|-damage|p2b: Sneasler|2/100|[from] Sandstorm\n|-damage|p1a: Froslass|14/100|[from] Sandstorm\n|upkeep\n|\n|t:|1776215349\n|switch|p1b: Primarina|Primarina, L50, F|100/100\n|turn|3\n|\n|t:|1776215357\n|switch|p1a: Glaceon|Glaceon, L50, M|100/100\n|move|p2b: Sneasler|Dire Claw|p1a: Glaceon\n|-damage|p1a: Glaceon|73/100\n|move|p2a: Tyranitar|Rock Slide|p1b: Primarina|[spread] p1a,p1b\n|-supereffective|p1a: Glaceon|1\n|-damage|p1a: Glaceon|40/100\n|-damage|p1b: Primarina|80/100\n|move|p1b: Primarina|Hyper Voice|p2a: Tyranitar|[spread] p2a,p2b\n|-supereffective|p2a: Tyranitar|1\n|-damage|p2a: Tyranitar|35/100\n|-damage|p2b: Sneasler|0 fnt\n|faint|p2b: Sneasler\n|\n|-weather|Sandstorm|[upkeep]\n|-damage|p1a: Glaceon|34/100|[from] Sandstorm\n|-damage|p1b: Primarina|74/100|[from] Sandstorm\n|-heal|p1b: Primarina|80/100|[from] item: Leftovers\n|upkeep\n|\n|t:|1776215363\n|switch|p2b: Excadrill|Excadrill, L50, M|100/100\n|turn|4\n|\n|t:|1776215383\n|move|p2b: Excadrill|Rock Slide|p1a: Glaceon|[spread] p1a\n|-miss|p2b: Excadrill|p1b: Primarina\n|-supereffective|p1a: Glaceon|1\n|-damage|p1a: Glaceon|6/100\n|move|p2a: Tyranitar|Rock Slide|p1a: Glaceon|[spread] p1b\n|-miss|p2a: Tyranitar|p1a: Glaceon\n|-damage|p1b: Primarina|58/100\n|move|p1a: Glaceon|Blizzard|p2a: Tyranitar|[spread] p2b\n|-miss|p1a: Glaceon|p2a: Tyranitar\n|-damage|p2b: Excadrill|42/100\n|cant|p1b: Primarina|flinch\n|\n|-weather|Sandstorm|[upkeep]\n|-damage|p1a: Glaceon|0 fnt|[from] Sandstorm\n|-damage|p1b: Primarina|52/100|[from] Sandstorm\n|faint|p1a: Glaceon\n|-heal|p1b: Primarina|58/100|[from] item: Leftovers\n|upkeep\n|c|\u2606azraft|bro wtf\n|\n|t:|1776215403\n|switch|p1a: Froslass|Froslass-Mega, L50, F|14/100\n|-weather|Snowscape|[from] ability: Snow Warning|[of] p1a: Froslass\n|turn|5\n|\n|t:|1776215410\n|move|p1a: Froslass|Blizzard|p2a: Tyranitar|[spread] p2a,p2b\n|-damage|p2a: Tyranitar|0 fnt\n|-damage|p2b: Excadrill|0 fnt\n|faint|p2a: Tyranitar\n|faint|p2b: Excadrill\n|move|p1b: Primarina|Hyper Voice|p2: Tyranitar|[notarget]\n|-fail|p1b: Primarina\n|\n|-weather|Snowscape|[upkeep]\n|-heal|p1b: Primarina|64/100|[from] item: Leftovers\n|-sideend|p1: savemelivie|move: Aurora Veil\n|upkeep\n|\n|t:|1776215413\n|switch|p2a: Corviknight|Corviknight, L50, F|100/100\n|-ability|p2a: Corviknight|Pressure\n|turn|6\n|\n|t:|1776215427\n|move|p1a: Froslass|Blizzard|p2a: Corviknight\n|-damage|p2a: Corviknight|34/100\n|move|p2a: Corviknight|Brave Bird|p1a: Froslass\n|-damage|p1a: Froslass|0 fnt\n|faint|p1a: Froslass\n|-damage|p2a: Corviknight|30/100|[from] Recoil\n|move|p1b: Primarina|Hyper Voice|p2a: Corviknight\n|-damage|p2a: Corviknight|0 fnt\n|faint|p2a: Corviknight\n|\n|win|savemelivie\n|raw|savemelivie's rating: 1064 &rarr; <strong>1096</strong><br />(+32 for winning)\n|raw|azraft's rating: 1078 &rarr; <strong>1055</strong><br />(-23 for losing)\n|l|\u2606azraft\n|player|p2|\n",
  "uploadtime": 1776215440,
  "views": 24,
  "formatid": "gen9championsvgc2026regma",
  "rating": 1055,
  "private": 0,
  "password": null
}