{
  "id": "gen9championsvgc2026regma-2588686200",
  "format": "[Gen 9 Champions] VGC 2026 Reg M-A",
  "players": [
    "disciple of blahaj",
    "Wxlmdiggityy"
  ],
  "log": "|j|\u2606disciple of blahaj\n|j|\u2606Wxlmdiggityy\n|t:|1776657663\n|gametype|doubles\n|player|p1|disciple of blahaj|jacinthe|1349\n|player|p2|Wxlmdiggityy|boarder|1329\n|gen|9\n|tier|[Gen 9 Champions] VGC 2026 Reg M-A\n|rated|\n|rule|Species Clause: Limit one of each Pok\u00e9mon\n|rule|Item Clause: Limit 1 of each item\n|clearpoke\n|poke|p1|Scovillain, L50, M, shiny|\n|poke|p1|Kingambit, L50, F|\n|poke|p1|Kommo-o, L50, M, shiny|\n|poke|p1|Basculegion-F, L50, F|\n|poke|p1|Sneasler, L50, F|\n|poke|p1|Aerodactyl, L50, F|\n|poke|p2|Tyranitar, L50, F|\n|poke|p2|Sneasler, L50, M|\n|poke|p2|Milotic, L50, F|\n|poke|p2|Incineroar, L50, M|\n|poke|p2|Farigiraf, L50, M|\n|poke|p2|Hydreigon, L50, M|\n|teampreview|4\n|inactive|Battle timer is ON: inactive players will automatically lose when time's up. (requested by disciple of blahaj)\n|\n|t:|1776657694\n|teamsize|p1|4\n|teamsize|p2|4\n|start\n|switch|p1a: Scovillain|Scovillain, L50, M, shiny|100/100\n|switch|p1b: Kingambit|Kingambit, L50, F|100/100\n|switch|p2a: Incineroar|Incineroar, L50, M|100/100\n|switch|p2b: Milotic|Milotic, L50, F|100/100\n|-ability|p2a: Incineroar|Intimidate|boost\n|-unboost|p1a: Scovillain|atk|1\n|-unboost|p1b: Kingambit|atk|1\n|-ability|p1b: Kingambit|Defiant|boost\n|-boost|p1b: Kingambit|atk|2\n|turn|1\n|inactive|Wxlmdiggityy has 30 seconds left.\n|inactive|Wxlmdiggityy has 20 seconds left.\n|inactive|Wxlmdiggityy has 15 seconds left.\n|inactive|Wxlmdiggityy has 10 seconds left.\n|\n|t:|1776657741\n|move|p1a: Scovillain|Protect|p1a: Scovillain\n|-singleturn|p1a: Scovillain|Protect\n|move|p1b: Kingambit|Protect|p1b: Kingambit\n|-singleturn|p1b: Kingambit|Protect\n|move|p2b: Milotic|Coil|p2b: Milotic\n|-boost|p2b: Milotic|atk|1\n|-boost|p2b: Milotic|def|1\n|-boost|p2b: Milotic|accuracy|1\n|move|p2a: Incineroar|Flare Blitz|p1b: Kingambit\n|-activate|p1b: Kingambit|move: Protect\n|\n|-ability|p1a: Scovillain|Moody|boost\n|-boost|p1a: Scovillain|def|2\n|-unboost|p1a: Scovillain|atk|1\n|upkeep\n|turn|2\n|inactive|disciple of blahaj has 30 seconds left.\n|\n|t:|1776657773\n|detailschange|p1a: Scovillain|Scovillain-Mega, L50, M, shiny\n|-mega|p1a: Scovillain|Scovillain|Scovillainite\n|move|p1a: Scovillain|Rage Powder|p1a: Scovillain\n|-singleturn|p1a: Scovillain|move: Rage Powder\n|move|p2b: Milotic|Muddy Water|p1b: Kingambit|[spread] p1a,p1b\n|-crit|p1a: Scovillain\n|-damage|p1a: Scovillain|60/100\n|-damage|p1b: Kingambit|76/100\n|-unboost|p1a: Scovillain|accuracy|1\n|-status|p2b: Milotic|brn|[from] ability: Spicy Spray|[of] p1a: Scovillain\n|move|p2a: Incineroar|Parting Shot|p1a: Scovillain\n|-unboost|p1a: Scovillain|atk|1\n|-unboost|p1a: Scovillain|spa|1\n|\n|t:|1776657794\n|switch|p2a: Sneasler|Sneasler, L50, M|100/100|[from] Parting Shot\n|move|p1b: Kingambit|Kowtow Cleave|p2b: Milotic\n|-damage|p2b: Milotic|56/100 brn\n|\n|-heal|p2b: Milotic|62/100 brn|[from] item: Leftovers\n|-damage|p2b: Milotic|56/100 brn|[from] brn\n|upkeep\n|turn|3\n|\n|t:|1776657816\n|move|p2a: Sneasler|Protect|p2a: Sneasler\n|-singleturn|p2a: Sneasler|Protect\n|move|p1b: Kingambit|Protect|p1b: Kingambit\n|-singleturn|p1b: Kingambit|Protect\n|move|p2b: Milotic|Muddy Water|p1b: Kingambit|[spread] p1a\n|-activate|p1b: Kingambit|move: Protect\n|-damage|p1a: Scovillain|36/100\n|move|p1a: Scovillain|Giga Drain|p2b: Milotic\n|-supereffective|p2b: Milotic|1\n|-damage|p2b: Milotic|23/100 brn\n|-heal|p1a: Scovillain|55/100|[from] drain|[of] p2b: Milotic\n|\n|-heal|p2b: Milotic|29/100 brn|[from] item: Leftovers\n|-damage|p2b: Milotic|23/100 brn|[from] brn\n|upkeep\n|turn|4\n|inactive|Wxlmdiggityy has 30 seconds left.\n|\n|t:|1776657843\n|move|p1a: Scovillain|Rage Powder|p1a: Scovillain\n|-singleturn|p1a: Scovillain|move: Rage Powder\n|move|p2a: Sneasler|Dire Claw|p1a: Scovillain\n|-supereffective|p1a: Scovillain|1\n|-damage|p1a: Scovillain|20/100\n|-status|p2a: Sneasler|brn|[from] ability: Spicy Spray|[of] p1a: Scovillain\n|move|p2b: Milotic|Muddy Water|p1a: Scovillain|[spread] p1a,p1b\n|-damage|p1a: Scovillain|0 fnt\n|-damage|p1b: Kingambit|53/100\n|faint|p1a: Scovillain\n|move|p1b: Kingambit|Kowtow Cleave|p2a: Sneasler\n|-resisted|p2a: Sneasler|1\n|-damage|p2a: Sneasler|26/100 brn\n|\n|-heal|p2b: Milotic|29/100 brn|[from] item: Leftovers\n|-damage|p2a: Sneasler|20/100 brn|[from] brn\n|-damage|p2b: Milotic|23/100 brn|[from] brn\n|upkeep\n|\n|t:|1776657862\n|switch|p1a: Sneasler|Sneasler, L50, F|100/100\n|turn|5\n|\n|t:|1776657872\n|move|p2a: Sneasler|Protect|p2a: Sneasler\n|-singleturn|p2a: Sneasler|Protect\n|move|p2b: Milotic|Protect|p2b: Milotic\n|-singleturn|p2b: Milotic|Protect\n|move|p1b: Kingambit|Sucker Punch||[still]\n|-fail|p1b: Kingambit\n|move|p1a: Sneasler|Close Combat|p2b: Milotic\n|-activate|p2b: Milotic|move: Protect\n|\n|-heal|p2b: Milotic|29/100 brn|[from] item: Leftovers\n|-damage|p2a: Sneasler|15/100 brn|[from] brn\n|-damage|p2b: Milotic|23/100 brn|[from] brn\n|upkeep\n|turn|6\n|\n|t:|1776657891\n|move|p1b: Kingambit|Sucker Punch|p2a: Sneasler\n|-resisted|p2a: Sneasler|1\n|-damage|p2a: Sneasler|0 fnt\n|faint|p2a: Sneasler\n|move|p1a: Sneasler|Close Combat|p2b: Milotic\n|-crit|p2b: Milotic\n|-damage|p2b: Milotic|0 fnt\n|-unboost|p1a: Sneasler|def|1\n|-unboost|p1a: Sneasler|spd|1\n|faint|p2b: Milotic\n|-enditem|p1a: Sneasler|White Herb\n|-clearnegativeboost|p1a: Sneasler|[silent]\n|\n|upkeep\n|\n|t:|1776657905\n|switch|p2a: Incineroar|Incineroar, L50, M|100/100\n|switch|p2b: Hydreigon|Hydreigon, L50, M|100/100\n|-ability|p2a: Incineroar|Intimidate|boost\n|-unboost|p1a: Sneasler|atk|1\n|-unboost|p1b: Kingambit|atk|1\n|-ability|p1b: Kingambit|Defiant|boost\n|-boost|p1b: Kingambit|atk|2\n|turn|7\n|inactive|Wxlmdiggityy has 30 seconds left.\n|inactive|Wxlmdiggityy has 20 seconds left.\n|inactive|disciple of blahaj has 30 seconds left.\n|\n|t:|1776657948\n|switch|p1a: Basculegion|Basculegion-F, L50, F|100/100\n|move|p2a: Incineroar|Fake Out|p1a: Basculegion\n|-immune|p1a: Basculegion\n|move|p1b: Kingambit|Sucker Punch||[still]\n|-fail|p1b: Kingambit\n|move|p2b: Hydreigon|Tailwind|p2b: Hydreigon\n|-sidestart|p2: Wxlmdiggityy|move: Tailwind\n|\n|upkeep\n|turn|8\n|\n|t:|1776657972\n|move|p1a: Basculegion|Protect|p1a: Basculegion\n|-singleturn|p1a: Basculegion|Protect\n|move|p1b: Kingambit|Sucker Punch|p2b: Hydreigon\n|-resisted|p2b: Hydreigon|1\n|-damage|p2b: Hydreigon|44/100\n|move|p2b: Hydreigon|Dark Pulse|p1a: Basculegion\n|-activate|p1a: Basculegion|move: Protect\n|move|p2a: Incineroar|Flare Blitz|p1b: Kingambit\n|-supereffective|p1b: Kingambit|1\n|-damage|p1b: Kingambit|0 fnt\n|faint|p1b: Kingambit\n|-damage|p2a: Incineroar|83/100|[from] Recoil\n|\n|upkeep\n|\n|t:|1776657983\n|switch|p1b: Sneasler|Sneasler, L50, F|100/100\n|turn|9\n|\n|t:|1776658007\n|move|p2b: Hydreigon|Protect|p2b: Hydreigon\n|-singleturn|p2b: Hydreigon|Protect\n|move|p1b: Sneasler|Fake Out|p2b: Hydreigon\n|-activate|p2b: Hydreigon|move: Protect\n|move|p2a: Incineroar|Throat Chop|p1b: Sneasler\n|-resisted|p1b: Sneasler|1\n|-damage|p1b: Sneasler|74/100\n|-start|p1b: Sneasler|Throat Chop|[silent]\n|move|p1a: Basculegion|Hydro Pump|p2a: Incineroar\n|-supereffective|p2a: Incineroar|1\n|-damage|p2a: Incineroar|0 fnt\n|faint|p2a: Incineroar\n|\n|upkeep\n|turn|10\n|\n|t:|1776658024\n|move|p2b: Hydreigon|Dark Pulse|p1a: Basculegion\n|-supereffective|p1a: Basculegion|1\n|-enditem|p1a: Basculegion|Colbur Berry|[eat]\n|-enditem|p1a: Basculegion|Colbur Berry|[weaken]\n|-damage|p1a: Basculegion|58/100\n|move|p1b: Sneasler|Close Combat|p2b: Hydreigon\n|-supereffective|p2b: Hydreigon|1\n|-damage|p2b: Hydreigon|0 fnt\n|-unboost|p1b: Sneasler|def|1\n|-unboost|p1b: Sneasler|spd|1\n|faint|p2b: Hydreigon\n|\n|win|disciple of blahaj\n|raw|disciple of blahaj's rating: 1349 &rarr; <strong>1368</strong><br />(+19 for winning)\n|raw|Wxlmdiggityy's rating: 1329 &rarr; <strong>1310</strong><br />(-19 for losing)\n",
  "uploadtime": 1776658039,
  "views": 13,
  "formatid": "gen9championsvgc2026regma",
  "rating": 1310,
  "private": 0,
  "password": null
}