{
  "id": "gen9championsvgc2026regma-2584483157",
  "format": "[Gen 9 Champions] VGC 2026 Reg M-A",
  "players": [
    "pokemon_oofer",
    "DrNicoX"
  ],
  "log": "|j|\u2606pokemon_oofer\n|j|\u2606DrNicoX\n|t:|1776263859\n|gametype|doubles\n|player|p1|pokemon_oofer|miku-ground|1111\n|player|p2|DrNicoX|101|1050\n|gen|9\n|tier|[Gen 9 Champions] VGC 2026 Reg M-A\n|rated|\n|rule|Species Clause: Limit one of each Pok\u00e9mon\n|rule|Item Clause: Limit 1 of each item\n|clearpoke\n|poke|p1|Chandelure, L50, F|\n|poke|p1|Rotom-Wash, L50|\n|poke|p1|Aerodactyl, L50, F|\n|poke|p1|Garchomp, L50, M|\n|poke|p1|Lopunny, L50, M|\n|poke|p1|Sinistcha-Masterpiece, L50|\n|poke|p2|Corviknight, L50, F|\n|poke|p2|Sneasler, L50, F|\n|poke|p2|Garchomp, L50, M|\n|poke|p2|Sinistcha, L50|\n|poke|p2|Gardevoir, L50, F|\n|poke|p2|Dragonite, L50, F|\n|teampreview|4\n|\n|t:|1776263897\n|teamsize|p1|4\n|teamsize|p2|4\n|start\n|switch|p1a: Aerodactyl|Aerodactyl, L50, F|100/100\n|switch|p1b: Garchomp|Garchomp, L50, M|100/100\n|switch|p2a: Dragonite|Dragonite, L50, F|100/100\n|switch|p2b: Sneasler|Sneasler, L50, F|100/100\n|-ability|p1a: Aerodactyl|Pressure\n|turn|1\n|\n|t:|1776263926\n|move|p1a: Aerodactyl|Protect|p1a: Aerodactyl\n|-singleturn|p1a: Aerodactyl|Protect\n|move|p2b: Sneasler|Fake Out|p1a: Aerodactyl\n|-activate|p1a: Aerodactyl|move: Protect\n|move|p1b: Garchomp|Breaking Swipe|p2a: Dragonite|[spread] p2a,p2b\n|-supereffective|p2a: Dragonite|1\n|-damage|p2a: Dragonite|75/100\n|-damage|p2b: Sneasler|56/100\n|-unboost|p2a: Dragonite|atk|1\n|-unboost|p2b: Sneasler|atk|1\n|move|p2a: Dragonite|Tailwind|p2a: Dragonite\n|-sidestart|p2: DrNicoX|move: Tailwind\n|\n|upkeep\n|turn|2\n|\n|t:|1776263953\n|move|p2a: Dragonite|Protect|p2a: Dragonite\n|-singleturn|p2a: Dragonite|Protect\n|move|p1b: Garchomp|Protect|p1b: Garchomp\n|-singleturn|p1b: Garchomp|Protect\n|move|p2b: Sneasler|Close Combat|p1a: Aerodactyl\n|-damage|p1a: Aerodactyl|24/100\n|-unboost|p2b: Sneasler|def|1\n|-unboost|p2b: Sneasler|spd|1\n|move|p1a: Aerodactyl|Tailwind|p1a: Aerodactyl\n|-sidestart|p1: pokemon_oofer|move: Tailwind\n|\n|upkeep\n|turn|3\n|\n|t:|1776263994\n|move|p1a: Aerodactyl|Sandstorm|p1a: Aerodactyl\n|-weather|Sandstorm\n|move|p2b: Sneasler|Coaching|p2a: Dragonite\n|-boost|p2a: Dragonite|atk|1\n|-boost|p2a: Dragonite|def|1\n|move|p1b: Garchomp|Breaking Swipe|p2b: Sneasler|[spread] p2a,p2b\n|-supereffective|p2a: Dragonite|1\n|-damage|p2a: Dragonite|39/100\n|-damage|p2b: Sneasler|0 fnt\n|-unboost|p2a: Dragonite|atk|1\n|faint|p2b: Sneasler\n|move|p2a: Dragonite|Scale Shot|p1b: Garchomp\n|-supereffective|p1b: Garchomp|1\n|-damage|p1b: Garchomp|81/100\n|-supereffective|p1b: Garchomp|1\n|-damage|p1b: Garchomp|61/100\n|-supereffective|p1b: Garchomp|1\n|-damage|p1b: Garchomp|41/100\n|-supereffective|p1b: Garchomp|1\n|-damage|p1b: Garchomp|22/100\n|-supereffective|p1b: Garchomp|1\n|-damage|p1b: Garchomp|2/100\n|-hitcount|p1b: Garchomp|5\n|-unboost|p2a: Dragonite|def|1\n|-boost|p2a: Dragonite|spe|1\n|\n|-weather|Sandstorm|[upkeep]\n|-damage|p2a: Dragonite|33/100|[from] Sandstorm\n|upkeep\n|\n|t:|1776264018\n|switch|p2b: Gardevoir|Gardevoir, L50, F, shiny|100/100\n|turn|4\n|\n|t:|1776264032\n|move|p1b: Garchomp|Protect|p1b: Garchomp\n|-singleturn|p1b: Garchomp|Protect\n|move|p2b: Gardevoir|Protect|p2b: Gardevoir\n|-singleturn|p2b: Gardevoir|Protect\n|move|p2a: Dragonite|Extreme Speed|p1a: Aerodactyl\n|-resisted|p1a: Aerodactyl|1\n|-damage|p1a: Aerodactyl|7/100\n|move|p1a: Aerodactyl|Rock Slide|p2b: Gardevoir|[spread] \n|-activate|p2b: Gardevoir|move: Protect\n|-miss|p1a: Aerodactyl|p2a: Dragonite\n|\n|-weather|Sandstorm|[upkeep]\n|-damage|p2a: Dragonite|27/100|[from] Sandstorm\n|-damage|p2b: Gardevoir|95/100|[from] Sandstorm\n|-sideend|p2: DrNicoX|move: Tailwind\n|upkeep\n|turn|5\n|\n|t:|1776264068\n|detailschange|p2b: Gardevoir|Gardevoir-Mega, L50, F, shiny\n|-mega|p2b: Gardevoir|Gardevoir|Gardevoirite\n|move|p2a: Dragonite|Extreme Speed|p1b: Garchomp|[miss]\n|-miss|p2a: Dragonite|p1b: Garchomp\n|move|p1a: Aerodactyl|Rock Slide|p2a: Dragonite|[spread] p2a,p2b\n|-supereffective|p2a: Dragonite|1\n|-damage|p2a: Dragonite|0 fnt\n|-damage|p2b: Gardevoir|59/100\n|faint|p2a: Dragonite\n|move|p1b: Garchomp|Poison Jab|p2b: Gardevoir\n|-supereffective|p2b: Gardevoir|1\n|-damage|p2b: Gardevoir|0 fnt\n|faint|p2b: Gardevoir\n|\n|-weather|Sandstorm|[upkeep]\n|-sideend|p1: pokemon_oofer|move: Tailwind\n|upkeep\n|\n|t:|1776264084\n|switch|p2a: Garchomp|Garchomp, L50, M|100/100\n|turn|6\n|\n|t:|1776264100\n|move|p1b: Garchomp|Protect|p1b: Garchomp\n|-singleturn|p1b: Garchomp|Protect\n|move|p1a: Aerodactyl|Tailwind|p1a: Aerodactyl\n|-sidestart|p1: pokemon_oofer|move: Tailwind\n|move|p2a: Garchomp|Dragon Claw|p1b: Garchomp\n|-activate|p1b: Garchomp|move: Protect\n|\n|-weather|Sandstorm|[upkeep]\n|upkeep\n|turn|7\n|\n|t:|1776264112\n|switch|p1a: Sinistcha|Sinistcha-Masterpiece, L50|100/100\n|-heal|p1b: Garchomp|27/100|[from] ability: Hospitality|[of] p1a: Sinistcha\n|move|p1b: Garchomp|Breaking Swipe|p2a: Garchomp\n|-supereffective|p2a: Garchomp|1\n|-damage|p2a: Garchomp|40/100\n|-unboost|p2a: Garchomp|atk|1\n|-damage|p1b: Garchomp|15/100|[from] ability: Rough Skin|[of] p2a: Garchomp\n|-enditem|p2a: Garchomp|White Herb\n|-clearnegativeboost|p2a: Garchomp|[silent]\n|move|p2a: Garchomp|Dragon Claw|p1b: Garchomp\n|-supereffective|p1b: Garchomp|1\n|-damage|p1b: Garchomp|0 fnt\n|faint|p1b: Garchomp\n|\n|-weather|none\n|upkeep\n|\n|t:|1776264126\n|switch|p1b: Chandelure|Chandelure, L50, F|100/100\n|turn|8\n|\n|t:|1776264135\n|detailschange|p1b: Chandelure|Chandelure-Mega, L50, F\n|-mega|p1b: Chandelure|Chandelure|Chandelurite\n|move|p1a: Sinistcha|Rage Powder|p1a: Sinistcha\n|-singleturn|p1a: Sinistcha|move: Rage Powder\n|move|p1b: Chandelure|Shadow Ball|p2a: Garchomp\n|-crit|p2a: Garchomp\n|-damage|p2a: Garchomp|0 fnt\n|faint|p2a: Garchomp\n|\n|win|pokemon_oofer\n|raw|pokemon_oofer's rating: 1111 &rarr; <strong>1132</strong><br />(+21 for winning)\n|raw|DrNicoX's rating: 1050 &rarr; <strong>1036</strong><br />(-14 for losing)\n|c|\u2606pokemon_oofer|gg\n",
  "uploadtime": 1776264145,
  "views": 23,
  "formatid": "gen9championsvgc2026regma",
  "rating": 1036,
  "private": 0,
  "password": null
}