{
  "id": "gen9championsvgc2026regma-2583576892",
  "format": "[Gen 9 Champions] VGC 2026 Reg M-A",
  "players": [
    "zonpt",
    "Tamejo"
  ],
  "log": "|j|\u2606zonpt\n|j|\u2606Tamejo\n|t:|1776184364\n|gametype|doubles\n|player|p1|zonpt|1|1319\n|player|p2|Tamejo|caitlin|1384\n|gen|9\n|tier|[Gen 9 Champions] VGC 2026 Reg M-A\n|rated|\n|rule|Species Clause: Limit one of each Pok\u00e9mon\n|rule|Item Clause: Limit 1 of each item\n|clearpoke\n|poke|p1|Froslass, L50, F|\n|poke|p1|Sneasler, L50, M|\n|poke|p1|Sinistcha, L50|\n|poke|p1|Aerodactyl, L50, F|\n|poke|p1|Kingambit, L50, M|\n|poke|p1|Primarina, L50, M|\n|poke|p2|Dragapult, L50, M|\n|poke|p2|Farigiraf, L50, M|\n|poke|p2|Sylveon, L50, F|\n|poke|p2|Whimsicott, L50, M|\n|poke|p2|Glimmora, L50, M|\n|poke|p2|Kingambit, L50, M|\n|teampreview|4\n|inactive|Battle timer is ON: inactive players will automatically lose when time's up. (requested by zonpt)\n|\n|t:|1776184389\n|teamsize|p1|4\n|teamsize|p2|4\n|start\n|switch|p1a: Froslass|Froslass, L50, F|100/100\n|switch|p1b: Kingambit|Kingambit, L50, M|100/100\n|switch|p2a: Whimsicott|Whimsicott, L50, M|100/100\n|switch|p2b: Dragapult|Dragapult, L50, M|100/100\n|turn|1\n|\n|t:|1776184407\n|detailschange|p1a: Froslass|Froslass-Mega, L50, F\n|-mega|p1a: Froslass|Froslass|Froslassite\n|-weather|Snowscape|[from] ability: Snow Warning|[of] p1a: Froslass\n|move|p1b: Kingambit|Protect|p1b: Kingambit\n|-singleturn|p1b: Kingambit|Protect\n|move|p2a: Whimsicott|Sunny Day|p2a: Whimsicott\n|-weather|SunnyDay\n|move|p2b: Dragapult|Phantom Force||[still]\n|-prepare|p2b: Dragapult|Phantom Force\n|move|p1a: Froslass|Blizzard|p2b: Dragapult|[spread] p2a\n|-miss|p1a: Froslass|p2b: Dragapult\n|-supereffective|p2a: Whimsicott|1\n|-enditem|p2a: Whimsicott|Focus Sash\n|-damage|p2a: Whimsicott|1/100\n|\n|-weather|SunnyDay|[upkeep]\n|upkeep\n|turn|2\n|\n|t:|1776184431\n|switch|p1a: Sneasler|Sneasler, L50, M|100/100\n|move|p2a: Whimsicott|Tailwind|p2a: Whimsicott\n|-sidestart|p2: Tamejo|move: Tailwind\n|move|p2b: Dragapult|Phantom Force|p1a: Sneasler|[from] lockedmove\n|-damage|p1a: Sneasler|29/100\n|move|p1b: Kingambit|Assurance|p2b: Dragapult\n|-supereffective|p2b: Dragapult|1\n|-enditem|p2b: Dragapult|Colbur Berry|[eat]\n|-enditem|p2b: Dragapult|Colbur Berry|[weaken]\n|-damage|p2b: Dragapult|45/100\n|\n|-weather|SunnyDay|[upkeep]\n|upkeep\n|turn|3\n|\n|t:|1776184448\n|switch|p2b: Kingambit|Kingambit, L50, M|100/100\n|switch|p2a: Glimmora|Glimmora, L50, M|100/100\n|move|p1a: Sneasler|Fake Out|p2a: Glimmora\n|-resisted|p2a: Glimmora|1\n|-damage|p2a: Glimmora|92/100\n|-activate|p2a: Glimmora|ability: Toxic Debris\n|-sidestart|p1: zonpt|move: Toxic Spikes\n|move|p1b: Kingambit|Sucker Punch||[still]\n|-fail|p1b: Kingambit\n|\n|-weather|SunnyDay|[upkeep]\n|upkeep\n|turn|4\n|\n|t:|1776184467\n|detailschange|p2a: Glimmora|Glimmora-Mega, L50, M\n|-mega|p2a: Glimmora|Glimmora|Glimmoranite\n|move|p1a: Sneasler|Protect|p1a: Sneasler\n|-singleturn|p1a: Sneasler|Protect\n|move|p1b: Kingambit|Protect|p1b: Kingambit\n|-singleturn|p1b: Kingambit|Protect\n|move|p2a: Glimmora|Earth Power|p1a: Sneasler\n|-activate|p1a: Sneasler|move: Protect\n|move|p2b: Kingambit|Low Kick|p1b: Kingambit\n|-activate|p1b: Kingambit|move: Protect\n|\n|-weather|SunnyDay|[upkeep]\n|upkeep\n|turn|5\n|inactive|zonpt has 30 seconds left.\n|\n|t:|1776184501\n|switch|p1a: Primarina|Primarina, L50, M|100/100\n|-status|p1a: Primarina|psn\n|move|p1b: Kingambit|Sucker Punch|p2a: Glimmora\n|-damage|p2a: Glimmora|36/100\n|move|p2a: Glimmora|Power Gem|p1a: Primarina\n|-damage|p1a: Primarina|51/100 psn\n|move|p2b: Kingambit|Kowtow Cleave|p1b: Kingambit\n|-resisted|p1b: Kingambit|1\n|-damage|p1b: Kingambit|82/100\n|\n|-weather|none\n|-damage|p1a: Primarina|39/100 psn|[from] psn\n|-sideend|p2: Tamejo|move: Tailwind\n|upkeep\n|turn|6\n|\n|t:|1776184518\n|switch|p2a: Whimsicott|Whimsicott, L50, M|1/100\n|move|p1a: Primarina|Protect|p1a: Primarina\n|-singleturn|p1a: Primarina|Protect\n|move|p1b: Kingambit|Protect|p1b: Kingambit\n|-singleturn|p1b: Kingambit|Protect\n|move|p2b: Kingambit|Low Kick|p1b: Kingambit\n|-activate|p1b: Kingambit|move: Protect\n|\n|-damage|p1a: Primarina|26/100 psn|[from] psn\n|upkeep\n|turn|7\n|\n|t:|1776184538\n|switch|p1b: Sneasler|Sneasler, L50, M|29/100\n|-sideend|p1: zonpt|move: Toxic Spikes|[of] p1b: Sneasler\n|move|p2a: Whimsicott|Encore|p1a: Primarina\n|-start|p1a: Primarina|Encore\n|move|p1a: Primarina|Protect||[still]\n|-fail|p1a: Primarina\n|move|p2b: Kingambit|Low Kick|p1b: Sneasler\n|-resisted|p1b: Sneasler|1\n|-damage|p1b: Sneasler|9/100\n|\n|-damage|p1a: Primarina|14/100 psn|[from] psn\n|upkeep\n|turn|8\n|inactive|zonpt has 30 seconds left.\n|inactive|Tamejo has 30 seconds left.\n|inactive|zonpt has 20 seconds left.\n|inactive|Tamejo has 20 seconds left.\n|inactive|zonpt has 15 seconds left.\n|inactive|zonpt has 10 seconds left.\n|inactive|Tamejo has 15 seconds left.\n|inactive|Tamejo has 10 seconds left.\n|\n|t:|1776184592\n|switch|p1b: Froslass|Froslass-Mega, L50, F|100/100\n|-weather|Snowscape|[from] ability: Snow Warning|[of] p1b: Froslass\n|switch|p1a: Kingambit|Kingambit, L50, M|82/100\n|move|p2a: Whimsicott|Moonblast|p1b: Froslass\n|-damage|p1b: Froslass|72/100\n|move|p2b: Kingambit|Iron Head|p1b: Froslass\n|-supereffective|p1b: Froslass|1\n|-damage|p1b: Froslass|0 fnt\n|faint|p1b: Froslass\n|\n|-weather|Snowscape|[upkeep]\n|upkeep\n|\n|t:|1776184608\n|switch|p1b: Sneasler|Sneasler, L50, M|9/100\n|turn|9\n|\n|t:|1776184625\n|switch|p2a: Dragapult|Dragapult, L50, M|45/100\n|move|p1a: Kingambit|Sucker Punch||[still]\n|-fail|p1a: Kingambit\n|move|p1b: Sneasler|Close Combat|p2b: Kingambit\n|-supereffective|p2b: Kingambit|2\n|-enditem|p2b: Kingambit|Chople Berry|[eat]\n|-enditem|p2b: Kingambit|Chople Berry|[weaken]\n|-damage|p2b: Kingambit|10/100\n|-unboost|p1b: Sneasler|def|1\n|-unboost|p1b: Sneasler|spd|1\n|-enditem|p1b: Sneasler|White Herb\n|-clearnegativeboost|p1b: Sneasler|[silent]\n|move|p2b: Kingambit|Iron Head|p1b: Sneasler\n|-damage|p1b: Sneasler|0 fnt\n|faint|p1b: Sneasler\n|\n|-weather|Snowscape|[upkeep]\n|upkeep\n|\n|t:|1776184640\n|switch|p1b: Primarina|Primarina, L50, M|14/100 psn\n|turn|10\n|\n|t:|1776184661\n|move|p2a: Dragapult|Protect|p2a: Dragapult\n|-singleturn|p2a: Dragapult|Protect\n|move|p1a: Kingambit|Sucker Punch|p2b: Kingambit\n|-resisted|p2b: Kingambit|1\n|-damage|p2b: Kingambit|0 fnt\n|faint|p2b: Kingambit\n|move|p1b: Primarina|Moonblast|p2a: Dragapult\n|-activate|p2a: Dragapult|move: Protect\n|\n|-weather|Snowscape|[upkeep]\n|-damage|p1b: Primarina|2/100 psn|[from] psn\n|upkeep\n|inactive|Tamejo has 30 seconds left.\n|inactive|Tamejo has 20 seconds left.\n|inactive|Tamejo has 15 seconds left.\n|inactive|Tamejo has 10 seconds left.\n|inactive|Tamejo has 5 seconds left.\n|\n|t:|1776184712\n|switch|p2b: Glimmora|Glimmora-Mega, L50, M|36/100\n|turn|11\n|inactive|Tamejo has 30 seconds left.\n|inactive|Tamejo has 20 seconds left.\n|\n|t:|1776184748\n|move|p2b: Glimmora|Spiky Shield|p2b: Glimmora\n|-singleturn|p2b: Glimmora|move: Protect\n|move|p1a: Kingambit|Sucker Punch||[still]\n|-fail|p1a: Kingambit\n|move|p2a: Dragapult|Phantom Force||[still]\n|-prepare|p2a: Dragapult|Phantom Force\n|move|p1b: Primarina|Moonblast|p2a: Dragapult|[miss]\n|-miss|p1b: Primarina|p2a: Dragapult\n|\n|-weather|Snowscape|[upkeep]\n|-damage|p1b: Primarina|0 fnt|[from] psn\n|faint|p1b: Primarina\n|upkeep\n|turn|12\n|\n|t:|1776184763\n|switch|p2b: Whimsicott|Whimsicott, L50, M|1/100\n|move|p1a: Kingambit|Sucker Punch||[still]\n|-fail|p1a: Kingambit\n|move|p2a: Dragapult|Phantom Force|p1a: Kingambit|[from] lockedmove\n|-resisted|p1a: Kingambit|1\n|-damage|p1a: Kingambit|66/100\n|\n|-weather|none\n|upkeep\n|turn|13\n|inactive|Tamejo has 30 seconds left.\n|\n|t:|1776184790\n|move|p2a: Dragapult|U-turn|p1a: Kingambit\n|-damage|p1a: Kingambit|48/100\n|\n|t:|1776184796\n|switch|p2a: Glimmora|Glimmora-Mega, L50, M|36/100|[from] U-turn\n|move|p2b: Whimsicott|Moonblast|p1a: Kingambit\n|-damage|p1a: Kingambit|20/100\n|move|p1a: Kingambit|Iron Head|p2b: Whimsicott\n|-supereffective|p2b: Whimsicott|1\n|-damage|p2b: Whimsicott|0 fnt\n|faint|p2b: Whimsicott\n|\n|upkeep\n|\n|t:|1776184802\n|switch|p2b: Dragapult|Dragapult, L50, M|45/100\n|turn|14\n|inactive|Tamejo has 30 seconds left.\n|inactive|Tamejo has 20 seconds left.\n|\n|t:|1776184842\n|move|p1a: Kingambit|Sucker Punch|p2a: Glimmora\n|-damage|p2a: Glimmora|0 fnt\n|faint|p2a: Glimmora\n|move|p2b: Dragapult|U-turn|p1a: Kingambit\n|-damage|p1a: Kingambit|2/100\n|\n|upkeep\n|turn|15\n|\n|t:|1776184849\n|move|p2b: Dragapult|Protect|p2b: Dragapult\n|-singleturn|p2b: Dragapult|Protect\n|move|p1a: Kingambit|Sucker Punch||[still]\n|-fail|p1a: Kingambit\n|\n|upkeep\n|turn|16\n|\n|t:|1776184861\n|move|p2b: Dragapult|U-turn|p1a: Kingambit\n|-damage|p1a: Kingambit|0 fnt\n|faint|p1a: Kingambit\n|\n|win|Tamejo\n|raw|zonpt's rating: 1319 &rarr; <strong>1303</strong><br />(-16 for losing)\n|raw|Tamejo's rating: 1384 &rarr; <strong>1400</strong><br />(+16 for winning)\n|l|\u2606zonpt\n|player|p1|\n|c|\u2606Tamejo|Ggs\n",
  "uploadtime": 1776184869,
  "views": 24,
  "formatid": "gen9championsvgc2026regma",
  "rating": 1303,
  "private": 0,
  "password": null
}