{
  "id": "gen9championsvgc2026regma-2580637532",
  "format": "[Gen 9 Champions] VGC 2026 Reg M-A",
  "players": [
    "MikuFan69",
    "KermitFrogge"
  ],
  "log": "|j|\u2606MikuFan69\n|j|\u2606KermitFrogge\n|t:|1775920251\n|gametype|doubles\n|player|p1|MikuFan69|miku-ground|1206\n|player|p2|KermitFrogge|unknown|1216\n|gen|9\n|tier|[Gen 9 Champions] VGC 2026 Reg M-A\n|rated|\n|rule|Species Clause: Limit one of each Pok\u00e9mon\n|rule|Item Clause: Limit 1 of each item\n|clearpoke\n|poke|p1|Kingambit, L50, M|\n|poke|p1|Kangaskhan, L50, F|\n|poke|p1|Basculegion, L50, M|\n|poke|p1|Garchomp, L50, F|\n|poke|p1|Talonflame, L50, M|\n|poke|p1|Sinistcha, L50|\n|poke|p2|Floette-Eternal, L50, F|\n|poke|p2|Tyranitar, L50, F|\n|poke|p2|Excadrill, L50, M|\n|poke|p2|Gyarados, L50, F|\n|poke|p2|Rotom-Heat, L50|\n|poke|p2|Sinistcha-Masterpiece, L50|\n|teampreview|4\n|inactive|Battle timer is ON: inactive players will automatically lose when time's up. (requested by MikuFan69)\n|j| number86\n|inactive|KermitFrogge has 60 seconds left.\n|\n|t:|1775920283\n|teamsize|p1|4\n|teamsize|p2|4\n|start\n|switch|p1a: Basculegion|Basculegion, L50, M|100/100\n|switch|p1b: Talonflame|Talonflame, L50, M|100/100\n|switch|p2a: Floette|Floette-Eternal, L50, F|100/100\n|switch|p2b: Rotom|Rotom-Heat, L50|100/100\n|turn|1\n|l| number86\n|\n|t:|1775920296\n|move|p2a: Floette|Protect|p2a: Floette\n|-singleturn|p2a: Floette|Protect\n|move|p1b: Talonflame|Tailwind|p1b: Talonflame\n|-sidestart|p1: MikuFan69|move: Tailwind\n|move|p1a: Basculegion|Flip Turn|p2b: Rotom\n|-supereffective|p2b: Rotom|1\n|-damage|p2b: Rotom|0 fnt\n|faint|p2b: Rotom\n|\n|t:|1775920305\n|switch|p1a: Kingambit|Kingambit, L50, M|100/100|[from] Flip Turn\n|\n|upkeep\n|\n|t:|1775920307\n|switch|p2b: Excadrill|Excadrill, L50, M|100/100\n|turn|2\n|\n|t:|1775920322\n|move|p1a: Kingambit|Protect|p1a: Kingambit\n|-singleturn|p1a: Kingambit|Protect\n|move|p1b: Talonflame|Will-O-Wisp|p2b: Excadrill|[miss]\n|-miss|p1b: Talonflame|p2b: Excadrill\n|move|p2b: Excadrill|High Horsepower|p1a: Kingambit\n|-activate|p1a: Kingambit|move: Protect\n|move|p2a: Floette|Calm Mind|p2a: Floette\n|-boost|p2a: Floette|spa|1\n|-boost|p2a: Floette|spd|1\n|\n|upkeep\n|turn|3\n|\n|t:|1775920335\n|move|p2a: Floette|Protect|p2a: Floette\n|-singleturn|p2a: Floette|Protect\n|move|p1b: Talonflame|Will-O-Wisp|p2b: Excadrill|[miss]\n|-miss|p1b: Talonflame|p2b: Excadrill\n|move|p2b: Excadrill|Earthquake|p1a: Kingambit|[spread] p1a\n|-activate|p2a: Floette|move: Protect\n|-immune|p1b: Talonflame\n|-supereffective|p1a: Kingambit|1\n|-damage|p1a: Kingambit|42/100\n|move|p1a: Kingambit|Iron Head|p2a: Floette\n|-activate|p2a: Floette|move: Protect\n|\n|-heal|p1a: Kingambit|48/100|[from] item: Leftovers\n|upkeep\n|turn|4\n|c|\u2606KermitFrogge|aaron zheng?is that you?\n|\n|t:|1775920356\n|switch|p2a: Sinistcha|Sinistcha-Masterpiece, L50|100/100\n|move|p2b: Excadrill|Protect|p2b: Excadrill\n|-singleturn|p2b: Excadrill|Protect\n|move|p1a: Kingambit|Protect|p1a: Kingambit\n|-singleturn|p1a: Kingambit|Protect\n|move|p1b: Talonflame|Will-O-Wisp|p2b: Excadrill\n|-activate|p2b: Excadrill|move: Protect\n|\n|-heal|p1a: Kingambit|54/100|[from] item: Leftovers\n|-sideend|p1: MikuFan69|move: Tailwind\n|upkeep\n|turn|5\n|\n|t:|1775920369\n|move|p2a: Sinistcha|Rage Powder|p2a: Sinistcha\n|-singleturn|p2a: Sinistcha|move: Rage Powder\n|move|p1b: Talonflame|Will-O-Wisp|p2a: Sinistcha\n|-status|p2a: Sinistcha|brn\n|move|p2b: Excadrill|High Horsepower|p1a: Kingambit\n|-supereffective|p1a: Kingambit|1\n|-damage|p1a: Kingambit|0 fnt\n|faint|p1a: Kingambit\n|\n|-damage|p2a: Sinistcha|94/100 brn|[from] brn\n|upkeep\n|\n|t:|1775920378\n|switch|p1a: Basculegion|Basculegion, L50, M|100/100\n|turn|6\n|\n|t:|1775920387\n|move|p2b: Excadrill|Protect|p2b: Excadrill\n|-singleturn|p2b: Excadrill|Protect\n|move|p1b: Talonflame|Tailwind|p1b: Talonflame\n|-sidestart|p1: MikuFan69|move: Tailwind\n|move|p1a: Basculegion|Last Respects|p2a: Sinistcha\n|-supereffective|p2a: Sinistcha|1\n|-damage|p2a: Sinistcha|0 fnt\n|faint|p2a: Sinistcha\n|\n|upkeep\n|\n|t:|1775920392\n|switch|p2a: Floette|Floette-Eternal, L50, F|100/100\n|turn|7\n|\n|t:|1775920409\n|detailschange|p2a: Floette|Floette-Mega, L50, F\n|-mega|p2a: Floette|Floette|Floettite\n|-ability|p2a: Floette|Fairy Aura\n|move|p1a: Basculegion|Last Respects|p2b: Excadrill\n|-enditem|p2b: Excadrill|Focus Sash\n|-damage|p2b: Excadrill|1/100\n|move|p1b: Talonflame|Overheat|p2b: Excadrill\n|-supereffective|p2b: Excadrill|1\n|-crit|p2b: Excadrill\n|-damage|p2b: Excadrill|0 fnt\n|-unboost|p1b: Talonflame|spa|2\n|faint|p2b: Excadrill\n|move|p2a: Floette|Dazzling Gleam|p1a: Basculegion|[spread] p1a,p1b\n|-resisted|p1b: Talonflame|1\n|-damage|p1a: Basculegion|51/100\n|-damage|p1b: Talonflame|71/100\n|\n|upkeep\n|turn|8\n|\n|t:|1775920434\n|move|p1a: Basculegion|Last Respects|p2a: Floette\n|-crit|p2a: Floette\n|-damage|p2a: Floette|7/100\n|move|p1b: Talonflame|Will-O-Wisp|p2a: Floette\n|-status|p2a: Floette|brn\n|move|p2a: Floette|Dazzling Gleam|p1a: Basculegion|[spread] p1a,p1b\n|-resisted|p1b: Talonflame|1\n|-damage|p1a: Basculegion|3/100\n|-damage|p1b: Talonflame|42/100\n|\n|-damage|p2a: Floette|0 fnt|[from] brn\n|faint|p2a: Floette\n|\n|win|MikuFan69\n|raw|MikuFan69's rating: 1206 &rarr; <strong>1232</strong><br />(+26 for winning)\n|raw|KermitFrogge's rating: 1216 &rarr; <strong>1190</strong><br />(-26 for losing)\n|c|\u2606KermitFrogge|crazy\n",
  "uploadtime": 1775920447,
  "views": 16,
  "formatid": "gen9championsvgc2026regma",
  "rating": 1190,
  "private": 0,
  "password": null
}