{
  "id": "gen9championsvgc2026regma-2588551208",
  "format": "[Gen 9 Champions] VGC 2026 Reg M-A",
  "players": [
    "autmunleaves50!",
    "Chef204"
  ],
  "log": "|j|\u2606autmunleaves50!\n|j|\u2606Chef204\n|t:|1776644131\n|gametype|doubles\n|player|p1|autmunleaves50!|2|1103\n|player|p2|Chef204|cynthia-gen4|1184\n|gen|9\n|tier|[Gen 9 Champions] VGC 2026 Reg M-A\n|rated|\n|rule|Species Clause: Limit one of each Pok\u00e9mon\n|rule|Item Clause: Limit 1 of each item\n|clearpoke\n|poke|p1|Blastoise, L50, F|\n|poke|p1|Farigiraf, L50, F|\n|poke|p1|Camerupt, L50, F|\n|poke|p1|Sinistcha, L50|\n|poke|p1|Scizor, L50, M|\n|poke|p1|Meganium, L50, M|\n|poke|p2|Scovillain, L50, M, shiny|\n|poke|p2|Incineroar, L50, M|\n|poke|p2|Politoed, L50, M|\n|poke|p2|Sneasler, L50, M|\n|poke|p2|Milotic, L50, F|\n|poke|p2|Palafin, L50, M|\n|teampreview|4\n|inactive|Battle timer is ON: inactive players will automatically lose when time's up. (requested by Chef204)\nautmunleaves50! rejected open team sheets.\n|inactive|Chef204 has 60 seconds left.\n|inactive|Chef204 has 30 seconds left.\n|inactive|Chef204 has 20 seconds left.\n|inactive|Chef204 has 15 seconds left.\n|inactive|Chef204 has 10 seconds left.\n|inactive|Chef204 has 5 seconds left.\n|\n|t:|1776644220\n|teamsize|p1|4\n|teamsize|p2|4\n|start\n|switch|p1a: Blastoise|Blastoise, L50, F|100/100\n|switch|p1b: Farigiraf|Farigiraf, L50, F|100/100\n|switch|p2a: Sneasler|Sneasler, L50, M|100/100\n|switch|p2b: Wolfe's Incineroar|Incineroar, L50, M|100/100\n|-ability|p2b: Wolfe's Incineroar|Intimidate|boost\n|-unboost|p1a: Blastoise|atk|1\n|-unboost|p1b: Farigiraf|atk|1\n|turn|1\n|inactive|autmunleaves50! has 30 seconds left.\n|\n|t:|1776644248\n|move|p1a: Blastoise|Fake Out|p2b: Wolfe's Incineroar\n|-damage|p2b: Wolfe's Incineroar|96/100\n|move|p2a: Sneasler|Close Combat|p1b: Farigiraf\n|-damage|p1b: Farigiraf|32/100\n|-unboost|p2a: Sneasler|def|1\n|-unboost|p2a: Sneasler|spd|1\n|-enditem|p2a: Sneasler|White Herb\n|-clearnegativeboost|p2a: Sneasler|[silent]\n|cant|p2b: Wolfe's Incineroar|flinch\n|move|p1b: Farigiraf|Trick Room|p1b: Farigiraf\n|-fieldstart|move: Trick Room|[of] p1b: Farigiraf\n|\n|upkeep\n|turn|2\n|inactive|autmunleaves50! has 30 seconds left.\n|\n|t:|1776644275\n|detailschange|p1a: Blastoise|Blastoise-Mega, L50, F\n|-mega|p1a: Blastoise|Blastoise|Blastoisinite\n|move|p2a: Sneasler|Protect|p2a: Sneasler\n|-singleturn|p2a: Sneasler|Protect\n|move|p1b: Farigiraf|Psychic Fangs|p2a: Sneasler\n|-activate|p2a: Sneasler|move: Protect\n|move|p2b: Wolfe's Incineroar|Parting Shot|p1a: Blastoise\n|-unboost|p1a: Blastoise|atk|1\n|-unboost|p1a: Blastoise|spa|1\n|\n|t:|1776644285\n|switch|p2b: Lillie|Milotic, L50, F|100/100|[from] Parting Shot\n|move|p1a: Blastoise|Water Spout|p2b: Lillie|[spread] p2b\n|-activate|p2a: Sneasler|move: Protect\n|-resisted|p2b: Lillie|1\n|-damage|p2b: Lillie|86/100\n|\n|-heal|p2b: Lillie|93/100|[from] item: Leftovers\n|upkeep\n|turn|3\n|\n|t:|1776644306\n|switch|p1b: Meganium|Meganium, L50, M|100/100\n|switch|p2a: Wolfe's Incineroar|Incineroar, L50, M|96/100\n|-ability|p2a: Wolfe's Incineroar|Intimidate|boost\n|-unboost|p1a: Blastoise|atk|1\n|-unboost|p1b: Meganium|atk|1\n|move|p1a: Blastoise|Water Spout|p2a: Wolfe's Incineroar|[spread] p2a,p2b\n|-supereffective|p2a: Wolfe's Incineroar|1\n|-crit|p2a: Wolfe's Incineroar\n|-resisted|p2b: Lillie|1\n|-damage|p2a: Wolfe's Incineroar|0 fnt\n|-damage|p2b: Lillie|79/100\n|faint|p2a: Wolfe's Incineroar\n|move|p2b: Lillie|Coil|p2b: Lillie\n|-boost|p2b: Lillie|atk|1\n|-boost|p2b: Lillie|def|1\n|-boost|p2b: Lillie|accuracy|1\n|\n|-heal|p2b: Lillie|85/100|[from] item: Leftovers\n|upkeep\n|\n|t:|1776644323\n|switch|p2a: Sneasler|Sneasler, L50, M|100/100\n|turn|4\n|\n|t:|1776644334\n|switch|p1a: Farigiraf|Farigiraf, L50, F|32/100\n|move|p2a: Sneasler|Fake Out||[still]\n|cant|p1a: Farigiraf|ability: Armor Tail|Fake Out|[of] p2a: Sneasler\n|move|p1b: Meganium|Solar Beam||[still]\n|-prepare|p1b: Meganium|Solar Beam\n|move|p2b: Lillie|Muddy Water|p1b: Meganium|[spread] p1a,p1b\n|-resisted|p1b: Meganium|1\n|-damage|p1a: Farigiraf|12/100\n|-damage|p1b: Meganium|88/100\n|\n|-heal|p2b: Lillie|92/100|[from] item: Leftovers\n|upkeep\n|turn|5\n|\n|t:|1776644349\n|move|p2b: Lillie|Protect|p2b: Lillie\n|-singleturn|p2b: Lillie|Protect\n|move|p2a: Sneasler|Protect|p2a: Sneasler\n|-singleturn|p2a: Sneasler|Protect\n|move|p1a: Farigiraf|Psychic Fangs|p2a: Sneasler\n|-activate|p2a: Sneasler|move: Protect\n|move|p1b: Meganium|Solar Beam|p2b: Lillie|[from] lockedmove\n|-activate|p2b: Lillie|move: Protect\n|\n|-heal|p2b: Lillie|98/100|[from] item: Leftovers\n|-fieldend|move: Trick Room\n|upkeep\n|turn|6\n|\n|t:|1776644364\n|switch|p1b: Sinistcha|Sinistcha, L50|100/100\n|-heal|p1a: Farigiraf|36/100|[from] ability: Hospitality|[of] p1b: Sinistcha\n|move|p2a: Sneasler|Dire Claw|p1b: Sinistcha\n|-damage|p1b: Sinistcha|55/100\n|move|p2b: Lillie|Muddy Water|p1a: Farigiraf|[spread] p1a,p1b\n|-resisted|p1b: Sinistcha|1\n|-damage|p1a: Farigiraf|16/100\n|-damage|p1b: Sinistcha|44/100\n|-unboost|p1a: Farigiraf|accuracy|1\n|-unboost|p1b: Sinistcha|accuracy|1\n|move|p1a: Farigiraf|Psychic Fangs|p2a: Sneasler|[miss]\n|-miss|p1a: Farigiraf|p2a: Sneasler\n|\n|-heal|p2b: Lillie|100/100|[from] item: Leftovers\n|upkeep\n|turn|7\n|-message|autmunleaves50! forfeited.\n|\n|win|Chef204\n|raw|autmunleaves50!'s rating: 1103 &rarr; <strong>1084</strong><br />(-19 for losing)\n|raw|Chef204's rating: 1184 &rarr; <strong>1203</strong><br />(+19 for winning)\n|l|\u2606autmunleaves50!\n|player|p1|\n",
  "uploadtime": 1776644399,
  "views": 14,
  "formatid": "gen9championsvgc2026regma",
  "rating": 1084,
  "private": 0,
  "password": null
}