{
  "id": "gen9championsvgc2026regma-2583981439",
  "format": "[Gen 9 Champions] VGC 2026 Reg M-A",
  "players": [
    "TheMoonestOne",
    "1%ofGamblers"
  ],
  "log": "|j|\u2606TheMoonestOne\n|j|\u26061%ofGamblers\n|t:|1776213906\n|gametype|doubles\n|player|p1|TheMoonestOne|169|1096\n|player|p2|1%ofGamblers|101|1156\n|gen|9\n|tier|[Gen 9 Champions] VGC 2026 Reg M-A\n|rated|\n|rule|Species Clause: Limit one of each Pok\u00e9mon\n|rule|Item Clause: Limit 1 of each item\n|clearpoke\n|poke|p1|Meganium, L50, F|\n|poke|p1|Farigiraf, L50, F|\n|poke|p1|Aurorus, L50, M|\n|poke|p1|Goodra-Hisui, L50, M|\n|poke|p1|Mimikyu, L50, F|\n|poke|p1|Scovillain, L50, M|\n|poke|p2|Starmie, L50|\n|poke|p2|Pelipper, L50, F|\n|poke|p2|Basculegion, L50, M|\n|poke|p2|Sneasler, L50, F|\n|poke|p2|Farigiraf, L50, M|\n|poke|p2|Archaludon, L50, F|\n|teampreview|4\n|\n|t:|1776213928\n|teamsize|p1|4\n|teamsize|p2|4\n|start\n|switch|p1a: Far Neck|Farigiraf, L50, F|100/100\n|switch|p1b: Double Neck|Scovillain, L50, M|100/100\n|switch|p2a: Divastator|Sneasler, L50, F, shiny|100/100\n|switch|p2b: Starman1998\u2605|Starmie, L50, shiny|100/100\n|turn|1\n|inactive|Battle timer is ON: inactive players will automatically lose when time's up. (requested by 1%ofGamblers)\n|inactive|1%ofGamblers has 60 seconds left.\n|\n|t:|1776213966\n|switch|p2b: Circus Act|Farigiraf, L50, M, shiny|100/100\n|detailschange|p1b: Double Neck|Scovillain-Mega, L50, M\n|-mega|p1b: Double Neck|Scovillain|Scovillainite\n|move|p1b: Double Neck|Rage Powder|p1b: Double Neck\n|-singleturn|p1b: Double Neck|move: Rage Powder\n|move|p2a: Divastator|Dire Claw|p1b: Double Neck\n|-supereffective|p1b: Double Neck|1\n|-damage|p1b: Double Neck|16/100\n|-status|p2a: Divastator|brn|[from] ability: Spicy Spray|[of] p1b: Double Neck\n|move|p1a: Far Neck|Trick Room|p1a: Far Neck\n|-fieldstart|move: Trick Room|[of] p1a: Far Neck\n|\n|-damage|p2a: Divastator|95/100 brn|[from] brn\n|upkeep\n|turn|2\n|inactive|1%ofGamblers has 30 seconds left.\n|\n|t:|1776214001\n|move|p2b: Circus Act|Ally Switch|p2b: Circus Act\n|swap|p2b: Circus Act|0|[from] move: Ally Switch\n|move|p1b: Double Neck|Spicy Extract|p2b: Divastator\n|-boost|p2b: Divastator|atk|2\n|-unboost|p2b: Divastator|def|2\n|-enditem|p2b: Divastator|White Herb\n|-clearnegativeboost|p2b: Divastator|[silent]\n|move|p1a: Far Neck|Foul Play|p2b: Divastator\n|-resisted|p2b: Divastator|1\n|-damage|p2b: Divastator|34/100 brn\n|move|p2b: Divastator|Dire Claw|p1b: Double Neck\n|-supereffective|p1b: Double Neck|1\n|-damage|p1b: Double Neck|0 fnt\n|faint|p1b: Double Neck\n|\n|-damage|p2b: Divastator|29/100 brn|[from] brn\n|upkeep\n|c|\u2606TheMoonestOne|ally switch? lol nice\n|inactive|TheMoonestOne has 30 seconds left.\n|\n|t:|1776214027\n|switch|p1b: Aura Neck|Aurorus, L50, M|100/100\n|-weather|Snowscape|[from] ability: Snow Warning|[of] p1b: Aura Neck\n|turn|3\n|c|\u26061%ofGamblers|Yeah its funny\n|\n|t:|1776214042\n|switch|p2a: OverseasMail|Pelipper, L50, F, shiny|100/100\n|-weather|RainDance|[from] ability: Drizzle|[of] p2a: OverseasMail\n|move|p2b: Divastator|Protect|p2b: Divastator\n|-singleturn|p2b: Divastator|Protect\n|move|p1b: Aura Neck|Blizzard|p2b: Divastator|[spread] \n|-activate|p2b: Divastator|move: Protect\n|-miss|p1b: Aura Neck|p2a: OverseasMail\n|move|p1a: Far Neck|Hyper Voice|p2b: Divastator|[spread] p2a\n|-activate|p2b: Divastator|move: Protect\n|-damage|p2a: OverseasMail|57/100\n|\n|-weather|RainDance|[upkeep]\n|-damage|p2b: Divastator|23/100 brn|[from] brn\n|upkeep\n|turn|4\n|inactive|TheMoonestOne has 30 seconds left.\n|\n|t:|1776214069\n|move|p1b: Aura Neck|Protect|p1b: Aura Neck\n|-singleturn|p1b: Aura Neck|Protect\n|move|p2a: OverseasMail|Wide Guard|p2a: OverseasMail\n|-singleturn|p2a: OverseasMail|Wide Guard\n|move|p1a: Far Neck|Psychic|p2b: Divastator\n|-supereffective|p2b: Divastator|2\n|-damage|p2b: Divastator|0 fnt\n|faint|p2b: Divastator\n|\n|-weather|RainDance|[upkeep]\n|upkeep\n|\n|t:|1776214082\n|switch|p2b: Starman1998\u2605|Starmie, L50, shiny|100/100\n|turn|5\n|\n|t:|1776214091\n|switch|p1b: Good Neck|Goodra-Hisui, L50, M|100/100\n|switch|p2a: Circus Act|Farigiraf, L50, M, shiny|100/100\n|move|p2b: Starman1998\u2605|Protect|p2b: Starman1998\u2605\n|-singleturn|p2b: Starman1998\u2605|Protect\n|move|p1a: Far Neck|Foul Play|p2b: Starman1998\u2605\n|-activate|p2b: Starman1998\u2605|move: Protect\n|\n|-weather|RainDance|[upkeep]\n|-fieldend|move: Trick Room\n|upkeep\n|turn|6\n|inactive|TheMoonestOne has 30 seconds left.\n|inactive|1%ofGamblers has 30 seconds left.\n|\n|t:|1776214122\n|switch|p1b: Aura Neck|Aurorus, L50, M|100/100\n|-weather|Snowscape|[from] ability: Snow Warning|[of] p1b: Aura Neck\n|detailschange|p2b: Starman1998\u2605|Starmie-Mega, L50, shiny\n|-mega|p2b: Starman1998\u2605|Starmie|Starminite\n|move|p2a: Circus Act|Helping Hand|p2b: Starman1998\u2605\n|-singleturn|p2b: Starman1998\u2605|Helping Hand|[of] p2a: Circus Act\n|move|p2b: Starman1998\u2605|Flip Turn|p1a: Far Neck\n|-damage|p1a: Far Neck|8/100\n|-enditem|p1a: Far Neck|Sitrus Berry|[eat]\n|-heal|p1a: Far Neck|33/100|[from] item: Sitrus Berry\n|\n|t:|1776214135\n|switch|p2b: OverseasMail|Pelipper, L50, F, shiny|57/100|[from] Flip Turn\n|-weather|RainDance|[from] ability: Drizzle|[of] p2b: OverseasMail\n|move|p1a: Far Neck|Trick Room|p1a: Far Neck\n|-fieldstart|move: Trick Room|[of] p1a: Far Neck\n|\n|-weather|RainDance|[upkeep]\n|upkeep\n|turn|7\n|\n|t:|1776214148\n|switch|p1b: Good Neck|Goodra-Hisui, L50, M|100/100\n|move|p2b: OverseasMail|Protect|p2b: OverseasMail\n|-singleturn|p2b: OverseasMail|Protect\n|move|p2a: Circus Act|Hyper Voice|p1a: Far Neck|[spread] p1a,p1b\n|-resisted|p1b: Good Neck|1\n|-damage|p1a: Far Neck|0 fnt\n|-damage|p1b: Good Neck|89/100\n|faint|p1a: Far Neck\n|\n|-weather|RainDance|[upkeep]\n|-heal|p1b: Good Neck|95/100|[from] item: Leftovers\n|upkeep\n|\n|t:|1776214161\n|switch|p1a: Aura Neck|Aurorus, L50, M|100/100\n|-weather|Snowscape|[from] ability: Snow Warning|[of] p1a: Aura Neck\n|turn|8\n|\n|t:|1776214176\n|switch|p2a: Starman1998\u2605|Starmie-Mega, L50, shiny|100/100\n|move|p2b: OverseasMail|Wide Guard|p2b: OverseasMail\n|-singleturn|p2b: OverseasMail|Wide Guard\n|move|p1a: Aura Neck|Aurora Veil|p1a: Aura Neck\n|-sidestart|p1: TheMoonestOne|move: Aurora Veil\n|move|p1b: Good Neck|Curse|p1b: Good Neck\n|-unboost|p1b: Good Neck|spe|1\n|-boost|p1b: Good Neck|atk|1\n|-boost|p1b: Good Neck|def|1\n|\n|-weather|Snowscape|[upkeep]\n|-heal|p1b: Good Neck|100/100|[from] item: Leftovers\n|upkeep\n|turn|9\n|\n|t:|1776214197\n|switch|p2b: Circus Act|Farigiraf, L50, M, shiny|100/100\n|move|p2a: Starman1998\u2605|Protect|p2a: Starman1998\u2605\n|-singleturn|p2a: Starman1998\u2605|Protect\n|move|p1b: Good Neck|Iron Head|p2b: Circus Act\n|-damage|p2b: Circus Act|38/100\n|move|p1a: Aura Neck|Earth Power|p2a: Starman1998\u2605\n|-activate|p2a: Starman1998\u2605|move: Protect\n|\n|-weather|Snowscape|[upkeep]\n|upkeep\n|turn|10\n|\n|t:|1776214220\n|switch|p2b: OverseasMail|Pelipper, L50, F, shiny|57/100\n|-weather|RainDance|[from] ability: Drizzle|[of] p2b: OverseasMail\n|move|p1b: Good Neck|Iron Head|p2a: Starman1998\u2605\n|-resisted|p2a: Starman1998\u2605|1\n|-damage|p2a: Starman1998\u2605|65/100\n|move|p1a: Aura Neck|Blizzard|p2a: Starman1998\u2605|[spread] p2a\n|-miss|p1a: Aura Neck|p2b: OverseasMail\n|-resisted|p2a: Starman1998\u2605|1\n|-damage|p2a: Starman1998\u2605|49/100\n|move|p2a: Starman1998\u2605|Liquidation|p1a: Aura Neck\n|-supereffective|p1a: Aura Neck|1\n|-enditem|p1a: Aura Neck|Focus Sash\n|-damage|p1a: Aura Neck|1/100\n|\n|-weather|RainDance|[upkeep]\n|-fieldend|move: Trick Room\n|upkeep\n|turn|11\n|inactive|TheMoonestOne has 30 seconds left.\n|inactive|1%ofGamblers has 30 seconds left.\n|\n|t:|1776214254\n|move|p2a: Starman1998\u2605|Liquidation|p1b: Good Neck\n|-resisted|p1b: Good Neck|1\n|-damage|p1b: Good Neck|74/100\n|move|p2b: OverseasMail|Hurricane|p1a: Aura Neck\n|-resisted|p1a: Aura Neck|1\n|-damage|p1a: Aura Neck|0 fnt\n|faint|p1a: Aura Neck\n|move|p1b: Good Neck|Life Dew|p1b: Good Neck\n|-heal|p1b: Good Neck|99/100\n|\n|-weather|RainDance|[upkeep]\n|-heal|p1b: Good Neck|100/100|[from] item: Leftovers\n|upkeep\n|turn|12\n|\n|t:|1776214274\n|switch|p2b: Circus Act|Farigiraf, L50, M, shiny|38/100\n|move|p2a: Starman1998\u2605|Protect|p2a: Starman1998\u2605\n|-singleturn|p2a: Starman1998\u2605|Protect\n|move|p1b: Good Neck|Iron Head|p2a: Starman1998\u2605\n|-activate|p2a: Starman1998\u2605|move: Protect\n|\n|-weather|RainDance|[upkeep]\n|-sideend|p1: TheMoonestOne|move: Aurora Veil\n|upkeep\n|turn|13\n|\n|t:|1776214285\n|move|p2b: Circus Act|Helping Hand|p2a: Starman1998\u2605\n|-singleturn|p2a: Starman1998\u2605|Helping Hand|[of] p2b: Circus Act\n|move|p2a: Starman1998\u2605|Liquidation|p1b: Good Neck\n|-resisted|p1b: Good Neck|1\n|-damage|p1b: Good Neck|46/100\n|move|p1b: Good Neck|Iron Head|p2a: Starman1998\u2605\n|-resisted|p2a: Starman1998\u2605|1\n|-damage|p2a: Starman1998\u2605|15/100\n|\n|-weather|RainDance|[upkeep]\n|-heal|p1b: Good Neck|52/100|[from] item: Leftovers\n|upkeep\n|turn|14\n|c|\u2606TheMoonestOne|gg\n|\n|t:|1776214305\n|move|p2b: Circus Act|Helping Hand|p2a: Starman1998\u2605\n|-singleturn|p2a: Starman1998\u2605|Helping Hand|[of] p2b: Circus Act\n|move|p2a: Starman1998\u2605|Liquidation|p1b: Good Neck\n|-resisted|p1b: Good Neck|1\n|-damage|p1b: Good Neck|0 fnt\n|faint|p1b: Good Neck\n|\n|win|1%ofGamblers\n|raw|TheMoonestOne's rating: 1096 &rarr; <strong>1076</strong><br />(-20 for losing)\n|raw|1%ofGamblers's rating: 1156 &rarr; <strong>1177</strong><br />(+21 for winning)\n|c|\u26061%ofGamblers|Gg\n|l|\u2606TheMoonestOne\n|player|p1|\n",
  "uploadtime": 1776214317,
  "views": 17,
  "formatid": "gen9championsvgc2026regma",
  "rating": 1076,
  "private": 0,
  "password": null
}