{
  "id": "gen9championsvgc2026regma-2581320701",
  "format": "[Gen 9 Champions] VGC 2026 Reg M-A",
  "players": [
    "whiskeyper",
    "iliketobehome"
  ],
  "log": "|j|\u2606whiskeyper\n|j|\u2606iliketobehome\n|t:|1775986259\n|gametype|doubles\n|player|p1|whiskeyper|265|1112\n|player|p2|iliketobehome|1|1210\n|gen|9\n|tier|[Gen 9 Champions] VGC 2026 Reg M-A\n|rated|\n|rule|Species Clause: Limit one of each Pok\u00e9mon\n|rule|Item Clause: Limit 1 of each item\n|clearpoke\n|poke|p1|Pelipper, L50, F|\n|poke|p1|Aerodactyl, L50, F|\n|poke|p1|Garchomp, L50, F|\n|poke|p1|Tyranitar, L50, F|\n|poke|p1|Meganium, L50, F|\n|poke|p1|Incineroar, L50, M|\n|poke|p2|Scizor, L50, F|\n|poke|p2|Rotom-Wash, L50|\n|poke|p2|Arcanine-Hisui, L50, M|\n|poke|p2|Sinistcha, L50|\n|poke|p2|Dragapult, L50, F|\n|poke|p2|Kingambit, L50, M|\n|teampreview|4\n|inactive|Battle timer is ON: inactive players will automatically lose when time's up. (requested by whiskeyper)\niliketobehome rejected open team sheets.\n|c|\u2606iliketobehome|glhf\n|inactive|whiskeyper has 60 seconds left.\n|inactive|iliketobehome has 60 seconds left.\n|\n|t:|1775986293\n|teamsize|p1|4\n|teamsize|p2|4\n|start\n|switch|p1a: Incineroar|Incineroar, L50, M|100/100\n|switch|p1b: Aerodactyl|Aerodactyl, L50, F|100/100\n|switch|p2a: Scizor|Scizor, L50, F, shiny|100/100\n|switch|p2b: Rotom|Rotom-Wash, L50|100/100\n|-ability|p1b: Aerodactyl|Unnerve\n|-ability|p1a: Incineroar|Intimidate|boost\n|-unboost|p2a: Scizor|atk|1\n|-unboost|p2b: Rotom|atk|1\n|turn|1\n|\n|t:|1775986316\n|move|p2a: Scizor|Protect|p2a: Scizor\n|-singleturn|p2a: Scizor|Protect\n|move|p1b: Aerodactyl|Rock Slide|p2b: Rotom|[spread] p2b\n|-activate|p2a: Scizor|move: Protect\n|-damage|p2b: Rotom|70/100\n|move|p2b: Rotom|Hydro Pump|p1a: Incineroar\n|-supereffective|p1a: Incineroar|1\n|-damage|p1a: Incineroar|0 fnt\n|faint|p1a: Incineroar\n|\n|upkeep\n|\n|t:|1775986333\n|switch|p1a: Meganium|Meganium, L50, F|100/100\n|turn|2\n|\n|t:|1775986352\n|switch|p2b: Sinistcha|Sinistcha, L50|100/100\n|switch|p2a: Arcanine|Arcanine-Hisui, L50, M|100/100\n|-ability|p2a: Arcanine|Intimidate|boost\n|-unboost|p1a: Meganium|atk|1\n|-unboost|p1b: Aerodactyl|atk|1\n|detailschange|p1a: Meganium|Meganium-Mega, L50, F\n|-mega|p1a: Meganium|Meganium|Meganiumite\n|move|p1b: Aerodactyl|Crunch|p2b: Sinistcha\n|-supereffective|p2b: Sinistcha|1\n|-damage|p2b: Sinistcha|68/100\n|move|p1a: Meganium|Weather Ball|p2a: Arcanine\n|-resisted|p2a: Arcanine|2\n|-damage|p2a: Arcanine|81/100\n|\n|upkeep\n|turn|3\n|inactive|whiskeyper has 30 seconds left.\n|inactive|iliketobehome has 30 seconds left.\n|inactive|whiskeyper has 20 seconds left.\n|\n|t:|1775986388\n|move|p2a: Arcanine|Flare Blitz|p1a: Meganium\n|-supereffective|p1a: Meganium|1\n|-damage|p1a: Meganium|0 fnt\n|faint|p1a: Meganium\n|-damage|p2a: Arcanine|45/100|[from] Recoil\n|move|p1b: Aerodactyl|Rock Slide|p2a: Arcanine|[spread] p2a\n|-miss|p1b: Aerodactyl|p2b: Sinistcha\n|-supereffective|p2a: Arcanine|1\n|-damage|p2a: Arcanine|0 fnt\n|faint|p2a: Arcanine\n|move|p2b: Sinistcha|Matcha Gotcha|p1b: Aerodactyl\n|-damage|p1b: Aerodactyl|53/100\n|-heal|p2b: Sinistcha|89/100|[from] drain|[of] p1b: Aerodactyl\n|\n|upkeep\n|\n|t:|1775986400\n|switch|p2a: Scizor|Scizor, L50, F, shiny|100/100\n|switch|p1a: Garchomp|Garchomp, L50, F|100/100\n|turn|4\n|\n|t:|1775986418\n|detailschange|p2a: Scizor|Scizor-Mega, L50, F, shiny\n|-mega|p2a: Scizor|Scizor|Scizorite\n|move|p2a: Scizor|Bullet Punch|p1b: Aerodactyl\n|-supereffective|p1b: Aerodactyl|1\n|-damage|p1b: Aerodactyl|0 fnt\n|faint|p1b: Aerodactyl\n|move|p1a: Garchomp|Dragon Claw|p2a: Scizor\n|-resisted|p2a: Scizor|1\n|-damage|p2a: Scizor|84/100\n|move|p2b: Sinistcha|Trick Room|p2b: Sinistcha\n|-fieldstart|move: Trick Room|[of] p2b: Sinistcha\n|\n|upkeep\n|turn|5\n|-message|whiskeyper forfeited.\n|\n|win|iliketobehome\n|raw|whiskeyper's rating: 1112 &rarr; <strong>1094</strong><br />(-18 for losing)\n|raw|iliketobehome's rating: 1210 &rarr; <strong>1228</strong><br />(+18 for winning)\n|l|\u2606whiskeyper\n|player|p1|\n",
  "uploadtime": 1775986432,
  "views": 17,
  "formatid": "gen9championsvgc2026regma",
  "rating": 1094,
  "private": 0,
  "password": null
}