{
  "id": "gen9championsvgc2026regma-2581687737",
  "format": "[Gen 9 Champions] VGC 2026 Reg M-A",
  "players": [
    "Juytre",
    "23456ujhgrew"
  ],
  "log": "|j|\u2606Juytre\n|j|\u260623456ujhgrew\n|t:|1776020776\n|gametype|doubles\n|player|p1|Juytre|roxie-masters|\n|player|p2|23456ujhgrew|lucas|\n|gen|9\n|tier|[Gen 9 Champions] VGC 2026 Reg M-A\n|rated|Tournament battle\n|rule|Species Clause: Limit one of each Pok\u00e9mon\n|rule|Item Clause: Limit 1 of each item\n|clearpoke\n|poke|p1|Archaludon, L50, M|\n|poke|p1|Basculegion, L50, M|\n|poke|p1|Pelipper, L50, F|\n|poke|p1|Kingambit, L50, M|\n|poke|p1|Sneasler, L50, M|\n|poke|p1|Meganium, L50, M|\n|poke|p2|Charizard, L50, M|\n|poke|p2|Venusaur, L50, F|\n|poke|p2|Incineroar, L50, F|\n|poke|p2|Farigiraf, L50, F|\n|poke|p2|Conkeldurr, L50, M|\n|poke|p2|Garchomp, L50, F|\n|teampreview|4\n|j| yoshi pokemon nerd\n|j| Firebee033\n|c|\u2606Juytre|glhf\n|j| coolguy58213\n|j|+Gross Sweep \u2603\n|l| Firebee033\n|\n|t:|1776020821\n|teamsize|p1|4\n|teamsize|p2|4\n|start\n|switch|p1a: Sneasler|Sneasler, L50, M|100/100\n|switch|p1b: Kingambit|Kingambit, L50, M|100/100\n|switch|p2a: Incineroar|Incineroar, L50, F|100/100\n|switch|p2b: Farigiraf|Farigiraf, L50, F|100/100\n|-ability|p2a: Incineroar|Intimidate|boost\n|-unboost|p1a: Sneasler|atk|1\n|-unboost|p1b: Kingambit|atk|1\n|-ability|p1b: Kingambit|Defiant|boost\n|-boost|p1b: Kingambit|atk|2\n|-enditem|p1a: Sneasler|White Herb\n|-clearnegativeboost|p1a: Sneasler|[silent]\n|turn|1\n|j| 25Arcanines\n|j| someone#58\n|\n|t:|1776020846\n|move|p2a: Incineroar|Fake Out|p1b: Kingambit\n|-resisted|p1b: Kingambit|1\n|-damage|p1b: Kingambit|96/100\n|move|p1a: Sneasler|Dire Claw|p2b: Farigiraf\n|-damage|p2b: Farigiraf|63/100\n|cant|p1b: Kingambit|flinch\n|move|p2b: Farigiraf|Trick Room|p2b: Farigiraf\n|-fieldstart|move: Trick Room|[of] p2b: Farigiraf\n|\n|upkeep\n|turn|2\n|j| F i l l e\n|j| SupaJello\n|\n|t:|1776020885\n|move|p1b: Kingambit|Kowtow Cleave|p2b: Farigiraf\n|-supereffective|p2b: Farigiraf|1\n|-damage|p2b: Farigiraf|0 fnt\n|faint|p2b: Farigiraf\n|move|p2a: Incineroar|Flare Blitz|p1b: Kingambit\n|-supereffective|p1b: Kingambit|1\n|-damage|p1b: Kingambit|8/100\n|-damage|p2a: Incineroar|71/100|[from] Recoil\n|move|p1a: Sneasler|Close Combat|p2a: Incineroar\n|-supereffective|p2a: Incineroar|1\n|-damage|p2a: Incineroar|0 fnt\n|-unboost|p1a: Sneasler|def|1\n|-unboost|p1a: Sneasler|spd|1\n|faint|p2a: Incineroar\n|\n|upkeep\n|\n|t:|1776020895\n|switch|p2b: Charizard|Charizard, L50, M|100/100\n|switch|p2a: Conkeldurr|Conkeldurr, L50, M|100/100\n|turn|3\n|j| 21Kieran\n|\n|t:|1776020932\n|move|p2a: Conkeldurr|Mach Punch|p1b: Kingambit\n|-supereffective|p1b: Kingambit|2\n|-damage|p1b: Kingambit|0 fnt\n|faint|p1b: Kingambit\n|move|p2b: Charizard|Heat Wave|p1a: Sneasler\n|-damage|p1a: Sneasler|18/100\n|move|p1a: Sneasler|Dire Claw|p2b: Charizard\n|-damage|p2b: Charizard|42/100\n|-status|p2b: Charizard|psn\n|\n|-damage|p2b: Charizard|30/100 psn|[from] psn\n|upkeep\n|j| Teeam Rocket\n|\n|t:|1776020937\n|switch|p1b: Basculegion|Basculegion, L50, M|100/100\n|turn|4\n|j| mishedngI\n|c|\u2606Juytre|gg\n|l| 21Kieran\n|\n|t:|1776020953\n|detailschange|p2b: Charizard|Charizard-Mega-Y, L50, M\n|-mega|p2b: Charizard|Charizard|Charizardite Y\n|-weather|SunnyDay|[from] ability: Drought|[of] p2b: Charizard\n|move|p1b: Basculegion|Aqua Jet|p2b: Charizard\n|-supereffective|p2b: Charizard|1\n|-damage|p2b: Charizard|0 fnt\n|faint|p2b: Charizard\n|move|p2a: Conkeldurr|Poison Jab|p1b: Basculegion\n|-resisted|p1b: Basculegion|1\n|-damage|p1b: Basculegion|75/100\n|move|p1a: Sneasler|Dire Claw|p2a: Conkeldurr\n|-damage|p2a: Conkeldurr|62/100\n|-status|p2a: Conkeldurr|slp\n|\n|-weather|SunnyDay|[upkeep]\n|upkeep\n|turn|5\n|c|\u2606Juytre|mb\n|\n|t:|1776020965\n|switch|p1a: Pelipper|Pelipper, L50, F|100/100\n|-weather|RainDance|[from] ability: Drizzle|[of] p1a: Pelipper\n|cant|p2a: Conkeldurr|slp\n|move|p1b: Basculegion|Wave Crash|p2a: Conkeldurr\n|-damage|p2a: Conkeldurr|0 fnt\n|faint|p2a: Conkeldurr\n|-damage|p1b: Basculegion|53/100|[from] Recoil\n|\n|win|Juytre\n|n|\u2606Juytre|juytre\n|n|\u260623456ujhgrew|23456ujhgrew\n|n| yoshi pokemon nerd|yoshipokemonnerd\n|n| coolguy58213|coolguy58213\n|n|+Gross Sweep \u2603|grosssweep\n|n| 25Arcanines|25arcanines\n|n| someone#58|someone58\n|n| F i l l e|fille\n|n| SupaJello|supajello\n|n| Teeam Rocket|teeamrocket\n|n| mishedngI|mishedngi\n",
  "uploadtime": 1776020965,
  "views": 27,
  "formatid": "gen9championsvgc2026regma",
  "rating": null,
  "private": 0,
  "password": null
}