{
  "id": "gen9championsvgc2026regma-2585016027",
  "format": "[Gen 9 Champions] VGC 2026 Reg M-A",
  "players": [
    "Butter_Dawg0279",
    "Troodon_Jesus"
  ],
  "log": "|j|\u2606Butter_Dawg0279\n|j|\u2606Troodon_Jesus\n|t:|1776303590\n|gametype|doubles\n|player|p1|Butter_Dawg0279|preschooler|1190\n|player|p2|Troodon_Jesus|pokemaniac|1192\n|gen|9\n|tier|[Gen 9 Champions] VGC 2026 Reg M-A\n|rated|\n|rule|Species Clause: Limit one of each Pok\u00e9mon\n|rule|Item Clause: Limit 1 of each item\n|clearpoke\n|poke|p1|Lucario, L50, F|\n|poke|p1|Rotom-Wash, L50|\n|poke|p1|Garchomp, L50, F|\n|poke|p1|Tsareena, L50, F|\n|poke|p1|Liepard, L50, F|\n|poke|p1|Dragapult, L50, M|\n|poke|p2|Aggron, L50, F|\n|poke|p2|Sinistcha, L50|\n|poke|p2|Hydreigon, L50, M|\n|poke|p2|Aerodactyl, L50, M|\n|poke|p2|Sneasler, L50, F|\n|poke|p2|Tyranitar, L50, F|\n|teampreview|4\n|\n|t:|1776303662\n|teamsize|p1|4\n|teamsize|p2|4\n|start\n|switch|p1a: Lucario|Lucario, L50, F|100/100\n|switch|p1b: Liepard|Liepard, L50, F|100/100\n|switch|p2a: THE WALL|Aggron, L50, F|100/100\n|switch|p2b: Sinistcha|Sinistcha, L50|100/100\n|turn|1\n|inactive|Battle timer is ON: inactive players will automatically lose when time's up. (requested by Troodon_Jesus)\n|\n|t:|1776303680\n|detailschange|p2a: THE WALL|Aggron-Mega, L50, F\n|-mega|p2a: THE WALL|Aggron|Aggronite\n|move|p2a: THE WALL|Protect|p2a: THE WALL\n|-singleturn|p2a: THE WALL|Protect\n|move|p1a: Lucario|Close Combat|p2a: THE WALL\n|-activate|p2a: THE WALL|move: Protect\n|move|p1b: Liepard|Snarl|p2a: THE WALL|[spread] p2b\n|-activate|p2a: THE WALL|move: Protect\n|-supereffective|p2b: Sinistcha|1\n|-damage|p2b: Sinistcha|72/100\n|-unboost|p2b: Sinistcha|spa|1\n|move|p2b: Sinistcha|Trick Room|p2b: Sinistcha\n|-fieldstart|move: Trick Room|[of] p2b: Sinistcha\n|\n|upkeep\n|turn|2\n|inactive|Butter_Dawg0279 has 30 seconds left.\n|\n|t:|1776303710\n|switch|p1a: Dragapult|Dragapult, L50, M|100/100\n|move|p1b: Liepard|Encore|p2b: Sinistcha\n|-start|p2b: Sinistcha|Encore\n|move|p2a: THE WALL|Body Press|p1a: Dragapult\n|-immune|p1a: Dragapult\n|move|p2b: Sinistcha|Trick Room|p2b: Sinistcha\n|-fieldend|move: Trick Room\n|\n|upkeep\n|turn|3\n|\n|t:|1776303726\n|switch|p2b: Tyranitar|Tyranitar, L50, F|100/100\n|-weather|Sandstorm|[from] ability: Sand Stream|[of] p2b: Tyranitar\n|move|p1b: Liepard|Thunder Wave|p2a: THE WALL\n|-status|p2a: THE WALL|par\n|move|p1a: Dragapult|Shadow Ball|p2b: Tyranitar\n|-resisted|p2b: Tyranitar|1\n|-damage|p2b: Tyranitar|90/100\n|move|p2a: THE WALL|Body Press|p1b: Liepard\n|-supereffective|p1b: Liepard|1\n|-enditem|p1b: Liepard|Chople Berry|[eat]\n|-enditem|p1b: Liepard|Chople Berry|[weaken]\n|-damage|p1b: Liepard|46/100\n|\n|-weather|Sandstorm|[upkeep]\n|-damage|p1a: Dragapult|94/100|[from] Sandstorm\n|-damage|p1b: Liepard|40/100|[from] Sandstorm\n|upkeep\n|turn|4\n|\n|t:|1776303756\n|switch|p1a: Rotom|Rotom-Wash, L50|100/100\n|move|p1b: Liepard|Thunder Wave|p2b: Tyranitar\n|-hint|Since gen 7, Dark is immune to Prankster moves.\n|-immune|p2b: Tyranitar\n|move|p2b: Tyranitar|Knock Off|p1a: Rotom\n|-damage|p1a: Rotom|34/100\n|-enditem|p1a: Rotom|Choice Scarf|[from] move: Knock Off|[of] p2b: Tyranitar\n|cant|p2a: THE WALL|par\n|\n|-weather|Sandstorm|[upkeep]\n|-damage|p1a: Rotom|28/100|[from] Sandstorm\n|-damage|p1b: Liepard|34/100|[from] Sandstorm\n|upkeep\n|turn|5\n|\n|t:|1776303780\n|move|p2b: Tyranitar|Protect|p2b: Tyranitar\n|-singleturn|p2b: Tyranitar|Protect\n|move|p1a: Rotom|Hydro Pump|p2b: Tyranitar\n|-activate|p2b: Tyranitar|move: Protect\n|move|p1b: Liepard|Snarl|p2b: Tyranitar|[spread] p2a\n|-activate|p2b: Tyranitar|move: Protect\n|-damage|p2a: THE WALL|86/100 par\n|-unboost|p2a: THE WALL|spa|1\n|move|p2a: THE WALL|Body Press|p1b: Liepard\n|-supereffective|p1b: Liepard|1\n|-damage|p1b: Liepard|0 fnt\n|faint|p1b: Liepard\n|\n|-weather|Sandstorm|[upkeep]\n|-damage|p1a: Rotom|23/100|[from] Sandstorm\n|upkeep\n|\n|t:|1776303787\n|switch|p1b: Lucario|Lucario, L50, F|100/100\n|turn|6\n|\n|t:|1776303803\n|switch|p2b: Sinistcha|Sinistcha, L50|72/100\n|-heal|p2a: THE WALL|100/100 par|[from] ability: Hospitality|[of] p2b: Sinistcha\n|switch|p2a: Sneasler|Sneasler, L50, F|100/100\n|detailschange|p1b: Lucario|Lucario-Mega, L50, F\n|-mega|p1b: Lucario|Lucario|Lucarionite\n|move|p1b: Lucario|Close Combat|p2a: Sneasler\n|-resisted|p2a: Sneasler|1\n|-damage|p2a: Sneasler|29/100\n|-unboost|p1b: Lucario|def|1\n|-unboost|p1b: Lucario|spd|1\n|move|p1a: Rotom|Volt Switch|p2b: Sinistcha\n|-resisted|p2b: Sinistcha|1\n|-damage|p2b: Sinistcha|56/100\n|\n|t:|1776303814\n|switch|p1a: Dragapult|Dragapult, L50, M|94/100|[from] Volt Switch\n|\n|-weather|Sandstorm|[upkeep]\n|-damage|p1a: Dragapult|88/100|[from] Sandstorm\n|-damage|p2a: Sneasler|23/100|[from] Sandstorm\n|-damage|p2b: Sinistcha|49/100|[from] Sandstorm\n|upkeep\n|turn|7\n|\n|t:|1776303832\n|move|p1b: Lucario|Protect|p1b: Lucario\n|-singleturn|p1b: Lucario|Protect\n|move|p2b: Sinistcha|Rage Powder|p2b: Sinistcha\n|-singleturn|p2b: Sinistcha|move: Rage Powder\n|move|p1a: Dragapult|Shadow Ball|p2b: Sinistcha\n|-supereffective|p2b: Sinistcha|1\n|-damage|p2b: Sinistcha|0 fnt\n|faint|p2b: Sinistcha\n|move|p2a: Sneasler|Close Combat|p1b: Lucario\n|-activate|p1b: Lucario|move: Protect\n|\n|-weather|none\n|upkeep\n|\n|t:|1776303842\n|switch|p2b: THE WALL|Aggron-Mega, L50, F|100/100 par\n|turn|8\n|\n|t:|1776303851\n|switch|p1b: Rotom|Rotom-Wash, L50|23/100\n|move|p2a: Sneasler|Protect|p2a: Sneasler\n|-singleturn|p2a: Sneasler|Protect\n|move|p1a: Dragapult|Dragon Darts|p2b: THE WALL\n|-resisted|p2b: THE WALL|1\n|-damage|p2b: THE WALL|95/100 par\n|-anim|p1a: Dragapult|Dragon Darts|p2b: THE WALL\n|-resisted|p2b: THE WALL|1\n|-damage|p2b: THE WALL|90/100 par\n|move|p2b: THE WALL|Body Press|p1b: Rotom\n|-damage|p1b: Rotom|0 fnt\n|faint|p1b: Rotom\n|\n|upkeep\n|\n|t:|1776303862\n|switch|p1b: Lucario|Lucario-Mega, L50, F|100/100\n|turn|9\n|\n|t:|1776303872\n|move|p1a: Dragapult|Dragon Darts|p2a: Sneasler\n|-damage|p2a: Sneasler|0 fnt\n|-anim|p1a: Dragapult|Dragon Darts|p2b: THE WALL\n|-resisted|p2b: THE WALL|1\n|-damage|p2b: THE WALL|84/100 par\n|faint|p2a: Sneasler\n|move|p1b: Lucario|Close Combat|p2b: THE WALL\n|-supereffective|p2b: THE WALL|1\n|-damage|p2b: THE WALL|22/100 par\n|-unboost|p1b: Lucario|def|1\n|-unboost|p1b: Lucario|spd|1\n|move|p2b: THE WALL|Body Press|p1b: Lucario\n|-supereffective|p1b: Lucario|1\n|-damage|p1b: Lucario|0 fnt\n|faint|p1b: Lucario\n|\n|upkeep\n|\n|t:|1776303883\n|switch|p2a: Tyranitar|Tyranitar, L50, F|90/100\n|-weather|Sandstorm|[from] ability: Sand Stream|[of] p2a: Tyranitar\n|turn|10\n|c|\u2606Butter_Dawg0279|tanky as hell\n|c|\u2606Butter_Dawg0279|I applaud it\n|c|\u2606Troodon_Jesus|cant knock down the wall\n|\n|t:|1776303896\n|move|p1a: Dragapult|Shadow Ball|p2b: THE WALL\n|-damage|p2b: THE WALL|0 fnt\n|faint|p2b: THE WALL\n|move|p2a: Tyranitar|Knock Off|p1a: Dragapult\n|-supereffective|p1a: Dragapult|1\n|-damage|p1a: Dragapult|0 fnt\n|-enditem|p1a: Dragapult|Spell Tag|[from] move: Knock Off|[of] p2a: Tyranitar\n|faint|p1a: Dragapult\n|\n|win|Troodon_Jesus\n|raw|Butter_Dawg0279's rating: 1190 &rarr; <strong>1165</strong><br />(-25 for losing)\n|raw|Troodon_Jesus's rating: 1192 &rarr; <strong>1217</strong><br />(+25 for winning)\n|c|\u2606Butter_Dawg0279|indeed\n|c|\u2606Butter_Dawg0279|gg\n|c|\u2606Butter_Dawg0279|wp\n|c|\u2606Troodon_Jesus|ggs\n|l|\u2606Troodon_Jesus\n|player|p2|\n|j|\u2606Troodon_Jesus\n|player|p2|Troodon_Jesus|pokemaniac|\n|l|\u2606Butter_Dawg0279\n|player|p1|\n",
  "uploadtime": 1776303909,
  "views": 26,
  "formatid": "gen9championsvgc2026regma",
  "rating": 1165,
  "private": 0,
  "password": null
}