{
  "id": "gen9championsvgc2026regma-2585434979",
  "format": "[Gen 9 Champions] VGC 2026 Reg M-A",
  "players": [
    "MelloJelloLol",
    "bilsonia"
  ],
  "log": "|j|\u203dMelloJelloLol\n|j|\u2606bilsonia\n|t:|1776347083\n|gametype|doubles\n|player|p1|MelloJelloLol|rosa|1167\n|player|p2|bilsonia|266|1100\n|gen|9\n|tier|[Gen 9 Champions] VGC 2026 Reg M-A\n|rated|\n|rule|Species Clause: Limit one of each Pok\u00e9mon\n|rule|Item Clause: Limit 1 of each item\n|clearpoke\n|poke|p1|Delphox, L50, F|\n|poke|p1|Garchomp, L50, M|\n|poke|p1|Sneasler, L50, F|\n|poke|p1|Rotom-Wash, L50|\n|poke|p1|Kingambit, L50, F|\n|poke|p1|Incineroar, L50, F|\n|poke|p2|Golurk, L50|\n|poke|p2|Farigiraf, L50, F|\n|poke|p2|Torkoal, L50, M|\n|poke|p2|Conkeldurr, L50, F|\n|poke|p2|Sableye, L50, F|\n|poke|p2|Mimikyu, L50, F|\n|teampreview|4\n|inactive|Battle timer is ON: inactive players will automatically lose when time's up. (requested by MelloJelloLol)\n|\n|t:|1776347162\n|teamsize|p1|4\n|teamsize|p2|4\n|start\n|switch|p1a: Kingambit|Kingambit, L50, F|100/100\n|switch|p1b: Delphox|Delphox, L50, F|100/100\n|switch|p2a: Golurk|Golurk, L50|100/100\n|switch|p2b: Mimikyu|Mimikyu, L50, F|100/100\n|turn|1\n|\n|t:|1776347185\n|detailschange|p1b: Delphox|Delphox-Mega, L50, F\n|-mega|p1b: Delphox|Delphox|Delphoxite\n|detailschange|p2a: Golurk|Golurk-Mega, L50\n|-mega|p2a: Golurk|Golurk|Golurkite\n|move|p2a: Golurk|Protect|p2a: Golurk\n|-singleturn|p2a: Golurk|Protect\n|move|p1b: Delphox|Heat Wave|p2a: Golurk|[spread] p2b\n|-activate|p2a: Golurk|move: Protect\n|-activate|p2b: Mimikyu|ability: Disguise\n|-damage|p2b: Mimikyu|100/100\n|detailschange|p2b: Mimikyu|Mimikyu-Busted, L50, F\n|-damage|p2b: Mimikyu|88/100|[from] pokemon: Mimikyu-Busted\n|move|p1a: Kingambit|Kowtow Cleave|p2b: Mimikyu\n|-damage|p2b: Mimikyu|6/100\n|-enditem|p2b: Mimikyu|Sitrus Berry|[eat]\n|-heal|p2b: Mimikyu|31/100|[from] item: Sitrus Berry\n|move|p2b: Mimikyu|Trick Room|p2b: Mimikyu\n|-fieldstart|move: Trick Room|[of] p2b: Mimikyu\n|\n|upkeep\n|turn|2\n|inactive|bilsonia has 30 seconds left.\n|\n|t:|1776347216\n|switch|p1b: Incineroar|Incineroar, L50, F|100/100\n|-ability|p1b: Incineroar|Intimidate|boost\n|-unboost|p2a: Golurk|atk|1\n|-unboost|p2b: Mimikyu|atk|1\n|move|p1a: Kingambit|Sucker Punch|p2a: Golurk\n|-supereffective|p2a: Golurk|1\n|-damage|p2a: Golurk|14/100\n|move|p2a: Golurk|Poltergeist|p1b: Incineroar\n|-activate|p1b: Incineroar|move: Poltergeist|Leftovers\n|-resisted|p1b: Incineroar|1\n|-damage|p1b: Incineroar|80/100\n|move|p2b: Mimikyu|Destiny Bond|p2b: Mimikyu\n|-singlemove|p2b: Mimikyu|Destiny Bond\n|\n|-heal|p1b: Incineroar|86/100|[from] item: Leftovers\n|upkeep\n|turn|3\n|inactive|MelloJelloLol has 30 seconds left.\n|inactive|bilsonia has 30 seconds left.\n|\n|t:|1776347242\n|switch|p2a: Conkeldurr|Conkeldurr, L50, F|100/100\n|move|p1a: Kingambit|Protect|p1a: Kingambit\n|-singleturn|p1a: Kingambit|Protect\n|move|p1b: Incineroar|Parting Shot|p2a: Conkeldurr\n|-unboost|p2a: Conkeldurr|atk|1\n|-unboost|p2a: Conkeldurr|spa|1\n|\n|t:|1776347253\n|switch|p1b: Delphox|Delphox-Mega, L50, F|100/100|[from] Parting Shot\n|-enditem|p2a: Conkeldurr|White Herb\n|-clearnegativeboost|p2a: Conkeldurr|[silent]\n|move|p2b: Mimikyu|Play Rough|p1a: Kingambit\n|-activate|p1a: Kingambit|move: Protect\n|\n|upkeep\n|turn|4\n|\n|t:|1776347271\n|switch|p1a: Incineroar|Incineroar, L50, F|86/100\n|-ability|p1a: Incineroar|Intimidate|boost\n|-unboost|p2a: Conkeldurr|atk|1\n|-unboost|p2b: Mimikyu|atk|1\n|move|p2b: Mimikyu|Shadow Sneak|p1b: Delphox\n|-supereffective|p1b: Delphox|1\n|-damage|p1b: Delphox|76/100\n|move|p2a: Conkeldurr|Drain Punch|p1a: Incineroar\n|-supereffective|p1a: Incineroar|1\n|-damage|p1a: Incineroar|20/100\n|move|p1b: Delphox|Psychic|p2a: Conkeldurr\n|-supereffective|p2a: Conkeldurr|1\n|-damage|p2a: Conkeldurr|0 fnt\n|faint|p2a: Conkeldurr\n|\n|-heal|p1a: Incineroar|26/100|[from] item: Leftovers\n|upkeep\n|\n|t:|1776347285\n|switch|p2a: Torkoal|Torkoal, L50, M|100/100\n|-weather|SunnyDay|[from] ability: Drought|[of] p2a: Torkoal\n|turn|5\n|inactive|MelloJelloLol has 30 seconds left.\n|\n|t:|1776347313\n|switch|p1a: Rotom|Rotom-Wash, L50|100/100\n|move|p1b: Delphox|Protect|p1b: Delphox\n|-singleturn|p1b: Delphox|Protect\n|move|p2b: Mimikyu|Shadow Sneak|p1b: Delphox\n|-activate|p1b: Delphox|move: Protect\n|move|p2a: Torkoal|Eruption|p1b: Delphox|[spread] p1a\n|-activate|p1b: Delphox|move: Protect\n|-resisted|p1a: Rotom|1\n|-damage|p1a: Rotom|62/100\n|\n|-weather|SunnyDay|[upkeep]\n|-fieldend|move: Trick Room\n|upkeep\n|turn|6\n|\n|t:|1776347329\n|move|p2a: Torkoal|Protect|p2a: Torkoal\n|-singleturn|p2a: Torkoal|Protect\n|move|p1b: Delphox|Psychic|p2b: Mimikyu\n|-damage|p2b: Mimikyu|0 fnt\n|faint|p2b: Mimikyu\n|move|p1a: Rotom|Thunderbolt|p2a: Torkoal\n|-activate|p2a: Torkoal|move: Protect\n|\n|-weather|SunnyDay|[upkeep]\n|upkeep\n|\n|t:|1776347338\n|switch|p2b: Golurk|Golurk-Mega, L50|14/100\n|turn|7\n|\n|t:|1776347351\n|move|p1b: Delphox|Psychic|p2a: Torkoal\n|-damage|p2a: Torkoal|26/100\n|move|p1a: Rotom|Thunderbolt|p2a: Torkoal\n|-damage|p2a: Torkoal|0 fnt\n|faint|p2a: Torkoal\n|move|p2b: Golurk|Poltergeist|p1b: Delphox\n|-activate|p1b: Delphox|move: Poltergeist|Delphoxite\n|-supereffective|p1b: Delphox|1\n|-crit|p1b: Delphox\n|-damage|p1b: Delphox|0 fnt\n|faint|p1b: Delphox\n|\n|-weather|SunnyDay|[upkeep]\n|upkeep\n|\n|t:|1776347357\n|switch|p1b: Kingambit|Kingambit, L50, F|100/100\n|turn|8\n|\n|t:|1776347367\n|move|p1b: Kingambit|Sucker Punch|p2b: Golurk\n|-supereffective|p2b: Golurk|1\n|-damage|p2b: Golurk|0 fnt\n|faint|p2b: Golurk\n|\n|win|MelloJelloLol\n|raw|MelloJelloLol's rating: 1167 &rarr; <strong>1187</strong><br />(+20 for winning)\n|raw|bilsonia's rating: 1100 &rarr; <strong>1080</strong><br />(-20 for losing)\n|l|\u2606bilsonia\n|player|p2|\n",
  "uploadtime": 1776347381,
  "views": 22,
  "formatid": "gen9championsvgc2026regma",
  "rating": 1080,
  "private": 0,
  "password": null
}