{
  "id": "gen9championsvgc2026regma-2587769164",
  "format": "[Gen 9 Champions] VGC 2026 Reg M-A",
  "players": [
    "vittortreiner",
    "Krisg94"
  ],
  "log": "|j|\u2606vittortreiner\n|j|\u2606Krisg94\n|t:|1776562131\n|gametype|doubles\n|player|p1|vittortreiner|red|1104\n|player|p2|Krisg94|2|1040\n|gen|9\n|tier|[Gen 9 Champions] VGC 2026 Reg M-A\n|rated|\n|rule|Species Clause: Limit one of each Pok\u00e9mon\n|rule|Item Clause: Limit 1 of each item\n|clearpoke\n|poke|p1|Charizard, L50, F|\n|poke|p1|Incineroar, L50, M|\n|poke|p1|Venusaur, L50, F|\n|poke|p1|Whimsicott, L50, M|\n|poke|p1|Sneasler, L50, M|\n|poke|p1|Kingambit, L50, F|\n|poke|p2|Meowstic, L50, M, shiny|\n|poke|p2|Gyarados, L50, M|\n|poke|p2|Aerodactyl, L50, F|\n|poke|p2|Sneasler, L50, F|\n|poke|p2|Aegislash, L50, F|\n|poke|p2|Whimsicott, L50, F, shiny|\n|teampreview|4\n|inactive|Battle timer is ON: inactive players will automatically lose when time's up. (requested by Krisg94)\n|\n|t:|1776562206\n|teamsize|p1|4\n|teamsize|p2|4\n|start\n|switch|p1a: Charizard|Charizard, L50, F|100/100\n|switch|p1b: Incineroar|Incineroar, L50, M|100/100\n|switch|p2a: Aerodactyl|Aerodactyl, L50, F|100/100\n|switch|p2b: Sneasler|Sneasler, L50, F|100/100\n|-ability|p2a: Aerodactyl|Unnerve\n|-ability|p1b: Incineroar|Intimidate|boost\n|-unboost|p2a: Aerodactyl|atk|1\n|-unboost|p2b: Sneasler|atk|1\n|-enditem|p2b: Sneasler|White Herb\n|-clearnegativeboost|p2b: Sneasler|[silent]\n|turn|1\n|inactive|Krisg94 has 30 seconds left.\n|inactive|Krisg94 has 20 seconds left.\n|inactive|Krisg94 has 15 seconds left.\n|inactive|Krisg94 has 10 seconds left.\n|\n|t:|1776562253\n|move|p1a: Charizard|Protect|p1a: Charizard\n|-singleturn|p1a: Charizard|Protect\n|move|p2b: Sneasler|Close Combat|p1b: Incineroar\n|-supereffective|p1b: Incineroar|1\n|-damage|p1b: Incineroar|0 fnt\n|-unboost|p2b: Sneasler|def|1\n|-unboost|p2b: Sneasler|spd|1\n|faint|p1b: Incineroar\n|move|p2a: Aerodactyl|Rock Slide|p1a: Charizard\n|-activate|p1a: Charizard|move: Protect\n|\n|upkeep\n|\n|t:|1776562262\n|switch|p1b: Venusaur|Venusaur, L50, F|100/100\n|turn|2\n|\n|t:|1776562283\n|detailschange|p1a: Charizard|Charizard-Mega-Y, L50, F\n|-mega|p1a: Charizard|Charizard|Charizardite Y\n|-weather|SunnyDay|[from] ability: Drought|[of] p1a: Charizard\n|move|p2b: Sneasler|Dire Claw|p1a: Charizard\n|-damage|p1a: Charizard|33/100\n|move|p1b: Venusaur|Sleep Powder|p2a: Aerodactyl\n|-status|p2a: Aerodactyl|slp|[from] move: Sleep Powder\n|cant|p2a: Aerodactyl|slp\n|move|p1a: Charizard|Heat Wave|p2a: Aerodactyl|[spread] p2a,p2b\n|-resisted|p2a: Aerodactyl|1\n|-damage|p2a: Aerodactyl|50/100 slp\n|-damage|p2b: Sneasler|0 fnt\n|-enditem|p2a: Aerodactyl|Sitrus Berry|[eat]\n|-heal|p2a: Aerodactyl|74/100 slp|[from] item: Sitrus Berry\n|faint|p2b: Sneasler\n|\n|-weather|SunnyDay|[upkeep]\n|upkeep\n|\n|t:|1776562303\n|switch|p2b: Gyarados|Gyarados, L50, M|100/100\n|-ability|p2b: Gyarados|Intimidate|boost\n|-unboost|p1a: Charizard|atk|1\n|-unboost|p1b: Venusaur|atk|1\n|turn|3\n|inactive|Krisg94 has 30 seconds left.\n|inactive|Krisg94 has 20 seconds left.\n|\n|t:|1776562343\n|detailschange|p2b: Gyarados|Gyarados-Mega, L50, M\n|-mega|p2b: Gyarados|Gyarados|Gyaradosite\n|-ability|p2b: Gyarados|Mold Breaker\n|move|p1b: Venusaur|Sleep Powder|p2b: Gyarados\n|-status|p2b: Gyarados|slp|[from] move: Sleep Powder\n|cant|p2a: Aerodactyl|slp\n|move|p1a: Charizard|Heat Wave|p2a: Aerodactyl|[spread] p2a,p2b\n|-resisted|p2a: Aerodactyl|1\n|-resisted|p2b: Gyarados|1\n|-damage|p2a: Aerodactyl|23/100 slp\n|-damage|p2b: Gyarados|74/100 slp\n|cant|p2b: Gyarados|slp\n|\n|-weather|SunnyDay|[upkeep]\n|upkeep\n|turn|4\n|\n|t:|1776562363\n|move|p1b: Venusaur|Giga Drain|p2a: Aerodactyl\n|-damage|p2a: Aerodactyl|0 fnt\n|faint|p2a: Aerodactyl\n|move|p1a: Charizard|Solar Beam||[still]\n|-prepare|p1a: Charizard|Solar Beam\n|-anim|p1a: Charizard|Solar Beam|p2b: Gyarados\n|-supereffective|p2b: Gyarados|1\n|-damage|p2b: Gyarados|0 fnt\n|faint|p2b: Gyarados\n|\n|-weather|SunnyDay|[upkeep]\n|upkeep\n|\n|t:|1776562372\n|switch|p2b: Aegislash|Aegislash, L50, F|100/100\n|turn|5\n|\n|t:|1776562382\n|move|p1b: Venusaur|Sleep Powder|p2b: Aegislash\n|-status|p2b: Aegislash|slp|[from] move: Sleep Powder\n|move|p1a: Charizard|Weather Ball|p2b: Aegislash\n|-supereffective|p2b: Aegislash|1\n|-damage|p2b: Aegislash|0 fnt\n|faint|p2b: Aegislash\n|\n|win|vittortreiner\n|raw|vittortreiner's rating: 1104 &rarr; <strong>1124</strong><br />(+20 for winning)\n|raw|Krisg94's rating: 1040 &rarr; <strong>1027</strong><br />(-13 for losing)\n|l|\u2606Krisg94\n|player|p2|\n",
  "uploadtime": 1776562587,
  "views": 9,
  "formatid": "gen9championsvgc2026regma",
  "rating": 1027,
  "private": 0,
  "password": null
}