{
  "id": "gen9championsvgc2026regma-2583706548",
  "format": "[Gen 9 Champions] VGC 2026 Reg M-A",
  "players": [
    "Spotiana",
    "aakw0"
  ],
  "log": "|j|\u2606Spotiana\n|j|\u2606aakw0\n|t:|1776192252\n|gametype|doubles\n|player|p1|Spotiana|2|\n|player|p2|aakw0|nurse|\n|gen|9\n|tier|[Gen 9 Champions] VGC 2026 Reg M-A\n|rule|Species Clause: Limit one of each Pok\u00e9mon\n|rule|Item Clause: Limit 1 of each item\n|clearpoke\n|poke|p1|Drampa, L50, M|\n|poke|p1|Farigiraf, L50, F|\n|poke|p1|Sinistcha, L50|\n|poke|p1|Incineroar, L50, M|\n|poke|p1|Milotic, L50, F|\n|poke|p1|Talonflame, L50, F|\n|poke|p2|Dragonite, L50, F|\n|poke|p2|Weavile, L50, F|\n|poke|p2|Tinkaton, L50, F|\n|poke|p2|Sinistcha, L50|\n|poke|p2|Heliolisk, L50, F|\n|poke|p2|Volcarona, L50, F|\n|teampreview|4\n|j| ThunderboltRose\n|c|\u2606aakw0|u invited michael??!\n|c|\u2606Spotiana|Yes\n|c|\u2606aakw0|dont turn the timer\n|c|\u2606aakw0|im just a girl\nSpotiana has agreed to open team sheets.\n|c|\u2606Spotiana|I won\u2019t\naakw0 rejected open team sheets.\n|j| talentea\n|\n|t:|1776192327\n|teamsize|p1|4\n|teamsize|p2|4\n|start\n|switch|p1a: Incineroar|Incineroar, L50, M|100/100\n|switch|p1b: Farigiraf|Farigiraf, L50, F|100/100\n|switch|p2a: Dragonite|Dragonite, L50, F, shiny|100/100\n|switch|p2b: Volcarona|Volcarona, L50, F, shiny|100/100\n|-ability|p1a: Incineroar|Intimidate|boost\n|-unboost|p2a: Dragonite|atk|1\n|-unboost|p2b: Volcarona|atk|1\n|turn|1\n|c| talentea|burppppppppppppppppppppppppppppppppppppp\n|c| talentea|ok so auntie\n|c| talentea|what you need to do is\n|c| talentea|uhhh\n|c| talentea|protect\n|c| talentea|like a chad\n|\n|t:|1776192374\n|detailschange|p2a: Dragonite|Dragonite-Mega, L50, F, shiny\n|-mega|p2a: Dragonite|Dragonite|Dragoninite\n|move|p2b: Volcarona|Protect|p2b: Volcarona\n|-singleturn|p2b: Volcarona|Protect\n|move|p2a: Dragonite|Air Slash|p1b: Farigiraf\n|-damage|p1b: Farigiraf|52/100\n|move|p1a: Incineroar|Parting Shot|p2b: Volcarona\n|-activate|p2b: Volcarona|move: Protect\n|cant|p1b: Farigiraf|flinch\n|\n|upkeep\n|turn|2\n|c|\u2606aakw0|YAYYY\n|c|\u2606Spotiana|Holy goat\n|c| talentea|omg\n|c| talentea|so pro\n|c| talentea|ok auntie\n|\n|t:|1776192399\n|move|p2a: Dragonite|Air Slash|p1b: Farigiraf\n|-damage|p1b: Farigiraf|7/100\n|move|p2b: Volcarona|Fiery Dance|p1b: Farigiraf\n|-damage|p1b: Farigiraf|0 fnt\n|faint|p1b: Farigiraf\n|move|p1a: Incineroar|Parting Shot|p2b: Volcarona\n|-unboost|p2b: Volcarona|atk|1\n|-unboost|p2b: Volcarona|spa|1\n|c| talentea|oh\n|\n|t:|1776192408\n|switch|p1a: Talonflame|Talonflame, L50, F|100/100|[from] Parting Shot\n|\n|upkeep\n|c|\u2606aakw0|omgg\n|\n|t:|1776192410\n|switch|p1b: Drampa|Drampa, L50, M|100/100\n|-ability|p1b: Drampa|Cloud Nine\n|turn|3\n|\n|t:|1776192421\n|detailschange|p1b: Drampa|Drampa-Mega, L50, M\n|-mega|p1b: Drampa|Drampa|Drampanite\n|move|p1a: Talonflame|Tailwind|p1a: Talonflame\n|-sidestart|p1: Spotiana|move: Tailwind\n|move|p2b: Volcarona|Quiver Dance|p2b: Volcarona\n|-boost|p2b: Volcarona|spa|1\n|-boost|p2b: Volcarona|spd|1\n|-boost|p2b: Volcarona|spe|1\n|move|p2a: Dragonite|Draco Meteor|p1b: Drampa\n|-supereffective|p1b: Drampa|1\n|-damage|p1b: Drampa|0 fnt\n|-unboost|p2a: Dragonite|spa|2\n|faint|p1b: Drampa\n|\n|upkeep\n|c| talentea|auntie bitch that talon\n|c| talentea|oh\n|c|\u2606aakw0|I LOVE U DRAGONITEEEE\n|c|\u2606Spotiana|Idk why I thought I would be faster\n|c|\u2606aakw0|michael how dare u call me the b word\n|c|\u2606Spotiana|I\u2019m literally using tr\n|\n|t:|1776192450\n|switch|p1b: Incineroar|Incineroar, L50, M|100/100\n|-ability|p1b: Incineroar|Intimidate|boost\n|-unboost|p2a: Dragonite|atk|1\n|-unboost|p2b: Volcarona|atk|1\n|turn|4\n|c| talentea|no no no\n|c|\u2606aakw0|calling aunties the b word these days????\n|c| talentea|no no no\n|c| talentea|what i meant was to kill the talonflame\n|\n|t:|1776192475\n|switch|p2a: Heliolisk|Heliolisk, L50, F, shiny|100/100\n|move|p1b: Incineroar|Fake Out|p2a: Heliolisk\n|-damage|p2a: Heliolisk|76/100\n|move|p1a: Talonflame|Dual Wingbeat|p2b: Volcarona\n|-supereffective|p2b: Volcarona|1\n|-damage|p2b: Volcarona|43/100\n|-enditem|p2b: Volcarona|Sitrus Berry|[eat]\n|-heal|p2b: Volcarona|68/100|[from] item: Sitrus Berry\n|-supereffective|p2b: Volcarona|1\n|-damage|p2b: Volcarona|7/100\n|-hitcount|p2b: Volcarona|2\n|move|p2b: Volcarona|Quiver Dance|p2b: Volcarona\n|-boost|p2b: Volcarona|spa|1\n|-boost|p2b: Volcarona|spd|1\n|-boost|p2b: Volcarona|spe|1\n|\n|upkeep\n|turn|5\n|c| talentea|its the ghetto lannguage\n|c|\u2606aakw0|hehe\n|c|\u2606aakw0|spotty t\n|c|\u2606aakw0|are u shivering\n|c|\u2606Spotiana|Yes \u2026\n|\n|t:|1776192514\n|move|p2b: Volcarona|Protect|p2b: Volcarona\n|-singleturn|p2b: Volcarona|Protect\n|move|p1a: Talonflame|Dual Wingbeat|p2b: Volcarona\n|-activate|p2b: Volcarona|move: Protect\n|move|p2a: Heliolisk|Thunderbolt|p1a: Talonflame\n|-supereffective|p1a: Talonflame|1\n|-crit|p1a: Talonflame\n|-damage|p1a: Talonflame|0 fnt\n|faint|p1a: Talonflame\n|move|p1b: Incineroar|Darkest Lariat|p2a: Heliolisk\n|-damage|p2a: Heliolisk|0 fnt\n|faint|p2a: Heliolisk\n|\n|upkeep\n|c|\u2606aakw0|AHAHAHAHAA\n|c| talentea|oh my god\n|c|\u2606Spotiana|Gulp\n|\n|t:|1776192528\n|switch|p2a: Sinistcha|Sinistcha, L50, shiny|100/100\n|-heal|p2b: Volcarona|32/100|[from] ability: Hospitality|[of] p2a: Sinistcha\n|turn|6\n|c| talentea|these are the plays\n|c| talentea|of a pro\n|c| talentea|wolfey is that you\n|l| ThunderboltRose\n|\n|t:|1776192546\n|move|p2b: Volcarona|Quiver Dance|p2b: Volcarona\n|-boost|p2b: Volcarona|spa|1\n|-boost|p2b: Volcarona|spd|1\n|-boost|p2b: Volcarona|spe|1\n|move|p1b: Incineroar|Darkest Lariat|p2b: Volcarona\n|-damage|p2b: Volcarona|0 fnt\n|faint|p2b: Volcarona\n|move|p2a: Sinistcha|Life Dew||[still]\n|-fail|p2a: Sinistcha|heal\n|\n|-sideend|p1: Spotiana|move: Tailwind\n|upkeep\n|c|\u2606aakw0|huh why\n|\n|t:|1776192560\n|switch|p2b: Dragonite|Dragonite-Mega, L50, F, shiny|100/100\n|turn|7\n|\n|t:|1776192568\n|move|p2a: Sinistcha|Protect|p2a: Sinistcha\n|-singleturn|p2a: Sinistcha|Protect\n|move|p2b: Dragonite|Air Slash|p1b: Incineroar\n|-damage|p1b: Incineroar|69/100\n|move|p1b: Incineroar|Parting Shot|p2b: Dragonite\n|-unboost|p2b: Dragonite|atk|1\n|-unboost|p2b: Dragonite|spa|1\n|\n|upkeep\n|turn|8\n|\n|t:|1776192591\n|move|p2b: Dragonite|Draco Meteor|p1b: Incineroar\n|-damage|p1b: Incineroar|32/100\n|-unboost|p2b: Dragonite|spa|2\n|-enditem|p1b: Incineroar|Sitrus Berry|[eat]\n|-heal|p1b: Incineroar|57/100|[from] item: Sitrus Berry\n|move|p2a: Sinistcha|Life Dew||[still]|[still]|[spread] \n|-fail|p2a: Sinistcha|heal\n|-fail|p2b: Dragonite|heal\n|move|p1b: Incineroar|Darkest Lariat|p2a: Sinistcha\n|-supereffective|p2a: Sinistcha|1\n|-damage|p2a: Sinistcha|36/100\n|\n|-heal|p2a: Sinistcha|42/100|[from] item: Leftovers\n|upkeep\n|turn|9\n|c|\u2606aakw0|WHAT DO I DO MICHAEL\n|c| talentea|yo\n|\n|t:|1776192618\n|move|p2a: Sinistcha|Protect|p2a: Sinistcha\n|-singleturn|p2a: Sinistcha|Protect\n|move|p2b: Dragonite|Air Slash|p1b: Incineroar|[miss]\n|-miss|p2b: Dragonite|p1b: Incineroar\n|move|p1b: Incineroar|Parting Shot|p2b: Dragonite\n|-unboost|p2b: Dragonite|atk|1\n|-unboost|p2b: Dragonite|spa|1\n|\n|-heal|p2a: Sinistcha|48/100|[from] item: Leftovers\n|upkeep\n|turn|10\n|c| talentea|air slash that bitch pussy\n|c| talentea|fuck\n|\n|t:|1776192626\n|move|p2b: Dragonite|Air Slash|p1b: Incineroar\n|-damage|p1b: Incineroar|47/100\n|move|p2a: Sinistcha|Life Dew||[still]|[spread] p2a,p2b\n|-heal|p2a: Sinistcha|73/100\n|-fail|p2b: Dragonite|heal\n|move|p1b: Incineroar|Darkest Lariat|p2a: Sinistcha\n|-supereffective|p2a: Sinistcha|1\n|-damage|p2a: Sinistcha|16/100\n|\n|-heal|p2a: Sinistcha|22/100|[from] item: Leftovers\n|upkeep\n|turn|11\n|\n|t:|1776192638\n|move|p2b: Dragonite|Air Slash|p1b: Incineroar\n|-damage|p1b: Incineroar|36/100\n|move|p2a: Sinistcha|Life Dew||[still]|[spread] p2a,p2b\n|-heal|p2a: Sinistcha|47/100\n|-fail|p2b: Dragonite|heal\n|move|p1b: Incineroar|Darkest Lariat|p2b: Dragonite\n|-damage|p2b: Dragonite|84/100\n|\n|-heal|p2a: Sinistcha|53/100|[from] item: Leftovers\n|upkeep\n|turn|12\n|\n|t:|1776192650\n|move|p2b: Dragonite|Air Slash|p1b: Incineroar\n|-damage|p1b: Incineroar|24/100\n|move|p2a: Sinistcha|Life Dew|p2a: Sinistcha|[spread] p2a,p2b\n|-heal|p2a: Sinistcha|78/100\n|-heal|p2b: Dragonite|100/100\n|move|p1b: Incineroar|Darkest Lariat|p2a: Sinistcha\n|-supereffective|p2a: Sinistcha|1\n|-damage|p2a: Sinistcha|13/100\n|\n|-heal|p2a: Sinistcha|19/100|[from] item: Leftovers\n|upkeep\n|turn|13\n|c| talentea|why is incineroar man handling you\n|c|\u2606aakw0|no man can handle me\n|c|\u2606aakw0|i will beat him up\n|\n|t:|1776192680\n|move|p2a: Sinistcha|Protect|p2a: Sinistcha\n|-singleturn|p2a: Sinistcha|Protect\n|move|p2b: Dragonite|Air Slash|p1b: Incineroar|[miss]\n|-miss|p2b: Dragonite|p1b: Incineroar\n|move|p1b: Incineroar|Darkest Lariat|p2a: Sinistcha\n|-activate|p2a: Sinistcha|move: Protect\n|\n|-heal|p2a: Sinistcha|25/100|[from] item: Leftovers\n|upkeep\n|turn|14\n|c| talentea|true!\n|\n|t:|1776192695\n|move|p2b: Dragonite|Air Slash|p1b: Incineroar\n|-damage|p1b: Incineroar|12/100\n|move|p2a: Sinistcha|Matcha Gotcha|p1b: Incineroar\n|-resisted|p1b: Incineroar|1\n|-damage|p1b: Incineroar|0 fnt\n|-heal|p2a: Sinistcha|34/100|[from] drain|[of] p1b: Incineroar\n|faint|p1b: Incineroar\n|\n|win|aakw0\n|c|\u2606aakw0|yayy\n|c| talentea|yayy\n",
  "uploadtime": 1776192708,
  "views": 24,
  "formatid": "gen9championsvgc2026regma",
  "rating": null,
  "private": 0,
  "password": null
}