{
  "id": "gen9championsvgc2026regma-2582280122",
  "format": "[Gen 9 Champions] VGC 2026 Reg M-A",
  "players": [
    "CirclesOfSwellow",
    "It'sJustKen VGC"
  ],
  "log": "|j|\u2606CirclesOfSwellow\n|j|\u2606It'sJustKen VGC\n|t:|1776079291\n|gametype|doubles\n|player|p1|CirclesOfSwellow|barry|1115\n|player|p2|It'sJustKen VGC|102|1181\n|gen|9\n|tier|[Gen 9 Champions] VGC 2026 Reg M-A\n|rated|\n|rule|Species Clause: Limit one of each Pok\u00e9mon\n|rule|Item Clause: Limit 1 of each item\n|clearpoke\n|poke|p1|Camerupt, L50, F|\n|poke|p1|Alakazam, L50, M|\n|poke|p1|Tyranitar, L50, F|\n|poke|p1|Incineroar, L50, F|\n|poke|p1|Whimsicott, L50, F|\n|poke|p1|Scovillain, L50, M|\n|poke|p2|Kingambit, L50, M|\n|poke|p2|Clefable, L50, M|\n|poke|p2|Chimecho, L50, M|\n|poke|p2|Golurk, L50|\n|poke|p2|Torkoal, L50, M|\n|poke|p2|Hawlucha, L50, M|\n|teampreview|4\n|inactive|Battle timer is ON: inactive players will automatically lose when time's up. (requested by It'sJustKen VGC)\nCirclesOfSwellow rejected open team sheets.\n|inactive|CirclesOfSwellow also wants the timer to be on.\n|inactive|It'sJustKen VGC has 60 seconds left.\n|\n|t:|1776079330\n|teamsize|p1|4\n|teamsize|p2|4\n|start\n|switch|p1a: Camerupt|Camerupt, L50, F|100/100\n|switch|p1b: Alakazam|Alakazam, L50, M|100/100\n|switch|p2a: The Final Boss|Kingambit, L50, M|100/100\n|switch|p2b: Supportive Friend|Hawlucha, L50, M|100/100\n|-ability|p2b: Supportive Friend|Mold Breaker\n|turn|1\n|\n|t:|1776079349\n|detailschange|p2b: Supportive Friend|Hawlucha-Mega, L50, M\n|-mega|p2b: Supportive Friend|Hawlucha|Hawluchanite\n|detailschange|p1a: Camerupt|Camerupt-Mega, L50, F\n|-mega|p1a: Camerupt|Camerupt|Cameruptite\n|move|p1b: Alakazam|Speed Swap|p1a: Camerupt\n|-activate|p1b: Alakazam|move: Speed Swap|[of] p1a: Camerupt\n|move|p1a: Camerupt|Heat Wave|p2b: Supportive Friend|[spread] p2a,p2b\n|-supereffective|p2a: The Final Boss|1\n|-damage|p2a: The Final Boss|10/100\n|-damage|p2b: Supportive Friend|32/100\n|-enditem|p2a: The Final Boss|Sitrus Berry|[eat]\n|-heal|p2a: The Final Boss|35/100|[from] item: Sitrus Berry\n|move|p2b: Supportive Friend|Entrainment|p2a: The Final Boss\n|-ability|p2a: The Final Boss|No Guard|Defiant|[from] move: Entrainment|[of] p2b: Supportive Friend\n|move|p2a: The Final Boss|Guillotine|p1a: Camerupt\n|-damage|p1a: Camerupt|0 fnt\n|faint|p1a: Camerupt\n|-ohko\n|\n|upkeep\n|inactive|CirclesOfSwellow has 30 seconds left.\n|\n|t:|1776079378\n|switch|p1a: Incineroar|Incineroar, L50, F|100/100\n|-ability|p1a: Incineroar|Intimidate|boost\n|-unboost|p2a: The Final Boss|atk|1\n|-unboost|p2b: Supportive Friend|atk|1\n|turn|2\n|inactive|It'sJustKen VGC has 30 seconds left.\n|\n|t:|1776079412\n|switch|p1b: Tyranitar|Tyranitar, L50, F|100/100\n|-weather|Sandstorm|[from] ability: Sand Stream|[of] p1b: Tyranitar\n|move|p2a: The Final Boss|Protect|p2a: The Final Boss\n|-singleturn|p2a: The Final Boss|Protect\n|move|p1a: Incineroar|Fake Out|p2a: The Final Boss\n|-activate|p2a: The Final Boss|move: Protect\n|move|p2b: Supportive Friend|Close Combat|p1a: Incineroar\n|-supereffective|p1a: Incineroar|1\n|-damage|p1a: Incineroar|10/100\n|-unboost|p2b: Supportive Friend|def|1\n|-unboost|p2b: Supportive Friend|spd|1\n|-enditem|p1a: Incineroar|Sitrus Berry|[eat]\n|-heal|p1a: Incineroar|35/100|[from] item: Sitrus Berry\n|\n|-weather|Sandstorm|[upkeep]\n|-damage|p2b: Supportive Friend|26/100|[from] Sandstorm\n|-damage|p1a: Incineroar|29/100|[from] Sandstorm\n|upkeep\n|turn|3\n|\n|t:|1776079434\n|move|p2b: Supportive Friend|Close Combat|p1b: Tyranitar\n|-supereffective|p1b: Tyranitar|2\n|-damage|p1b: Tyranitar|0 fnt\n|-unboost|p2b: Supportive Friend|def|1\n|-unboost|p2b: Supportive Friend|spd|1\n|faint|p1b: Tyranitar\n|move|p1a: Incineroar|Close Combat|p2a: The Final Boss\n|-supereffective|p2a: The Final Boss|2\n|-damage|p2a: The Final Boss|0 fnt\n|-unboost|p1a: Incineroar|def|1\n|-unboost|p1a: Incineroar|spd|1\n|faint|p2a: The Final Boss\n|\n|-weather|Sandstorm|[upkeep]\n|-damage|p2b: Supportive Friend|20/100|[from] Sandstorm\n|-damage|p1a: Incineroar|23/100|[from] Sandstorm\n|upkeep\n|\n|t:|1776079447\n|switch|p1b: Alakazam|Alakazam, L50, M|100/100\n|switch|p2a: Main Character|Clefable, L50, M, shiny|100/100\n|turn|4\n|\n|t:|1776079455\n|switch|p2b: Transport Vehicle|Golurk, L50, shiny|100/100\n|move|p1b: Alakazam|Psychic|p2b: Transport Vehicle\n|-damage|p2b: Transport Vehicle|61/100\n|-unboost|p2b: Transport Vehicle|spd|1\n|move|p1a: Incineroar|Flare Blitz|p2a: Main Character\n|-damage|p2a: Main Character|59/100\n|-damage|p1a: Incineroar|9/100|[from] Recoil\n|move|p2a: Main Character|Moonblast|p1a: Incineroar\n|-damage|p1a: Incineroar|0 fnt\n|faint|p1a: Incineroar\n|\n|-weather|Sandstorm|[upkeep]\n|-damage|p1b: Alakazam|94/100|[from] Sandstorm\n|-damage|p2a: Main Character|53/100|[from] Sandstorm\n|-heal|p2a: Main Character|59/100|[from] item: Leftovers\n|upkeep\n|turn|5\n|-message|CirclesOfSwellow forfeited.\n|\n|win|It'sJustKen VGC\n|raw|CirclesOfSwellow's rating: 1115 &rarr; <strong>1095</strong><br />(-20 for losing)\n|raw|It&apos;sJustKen VGC's rating: 1181 &rarr; <strong>1201</strong><br />(+20 for winning)\n|l|\u2606CirclesOfSwellow\n|player|p1|\n",
  "uploadtime": 1776079468,
  "views": 11,
  "formatid": "gen9championsvgc2026regma",
  "rating": 1095,
  "private": 0,
  "password": null
}