{
  "id": "gen9championsvgc2026regma-2587362196",
  "format": "[Gen 9 Champions] VGC 2026 Reg M-A",
  "players": [
    "TheGreenJournalist",
    "lolgz"
  ],
  "log": "|j|\u2606TheGreenJournalist\n|j|\u2606lolgz\n|t:|1776525412\n|gametype|doubles\n|player|p1|TheGreenJournalist|palmer|\n|player|p2|lolgz|dawn|\n|gen|9\n|tier|[Gen 9 Champions] VGC 2026 Reg M-A\n|rated|Tournament battle\n|rule|Species Clause: Limit one of each Pok\u00e9mon\n|rule|Item Clause: Limit 1 of each item\n|raw|<div class=\"infobox\"><details class=\"readmore\" open><summary><strong>1 custom rule:</strong></summary> Force Open Team Sheets</details></div>\n|clearpoke\n|poke|p1|Floette-Eternal, L50, F|\n|poke|p1|Sinistcha, L50|\n|poke|p1|Sneasler, L50, M|\n|poke|p1|Garchomp, L50, M|\n|poke|p1|Gyarados, L50, M|\n|poke|p1|Volcarona, L50, M|\n|poke|p2|Charizard, L50, M|\n|poke|p2|Basculegion, L50, M|\n|poke|p2|Garchomp, L50, F|\n|poke|p2|Floette-Eternal, L50, F|\n|poke|p2|Aerodactyl, L50, M|\n|poke|p2|Sinistcha, L50|\n|teampreview|4\n|showteam|p1|Floette-Eternal||Floettite|FlowerVeil|Moonblast,DazzlingGleam,CalmMind,Protect|||F|||50|]Sinistcha||MentalHerb|Hospitality|RagePowder,MatchaGotcha,TrickRoom,LifeDew||||||50|]Sneasler||WhiteHerb|Unburden|DireClaw,CloseCombat,FakeOut,Protect|||M|||50|]Garchomp||FocusSash|RoughSkin|Earthquake,DragonClaw,RockSlide,Protect|||M|||50|]Gyarados||SitrusBerry|Intimidate|ThunderWave,Taunt,Waterfall,Protect|||M|||50|]Volcarona||ChartiBerry|FlameBody|HeatWave,GigaDrain,Protect,QuiverDance|||M|||50|\n|showteam|p2|Charizard||CharizarditeY|SolarPower|AirSlash,HeatWave,SolarBeam,Protect|||M|||50|]Basculegion||ChoiceScarf|Adaptability|WaveCrash,AquaJet,LastRespects,FlipTurn|||M|||50|]Garchomp||WhiteHerb|RoughSkin|Earthquake,DragonClaw,RockSlide,Protect|||F|||50|]Floette-Eternal||Floettite|FlowerVeil|DazzlingGleam,LightofRuin,Moonblast,Protect|||F|||50|]Aerodactyl||FocusSash|Unnerve|RockSlide,DualWingbeat,Taunt,Tailwind|||M|||50|]Sinistcha||SitrusBerry|Hospitality|ShadowBall,MatchaGotcha,TrickRoom,RagePowder||||||50|\n|inactive|Battle timer is ON: inactive players will automatically lose when time's up. (requested by TheGreenJournalist)\n|j| Red Fang X\n|inactive|TheGreenJournalist has 60 seconds left.\n|inactive|lolgz has 60 seconds left.\n|j| Ronnie122307\n|l| Ronnie122307\n|inactive|TheGreenJournalist has 30 seconds left.\n|inactive|TheGreenJournalist has 20 seconds left.\n|\n|t:|1776525485\n|teamsize|p1|4\n|teamsize|p2|4\n|start\n|switch|p1a: Caine|Floette-Eternal, L50, F|100/100\n|switch|p1b: Gangle|Volcarona, L50, M|100/100\n|switch|p2a: Aerodactyl|Aerodactyl, L50, M|100/100\n|switch|p2b: Garchomp|Garchomp, L50, F|100/100\n|-ability|p2a: Aerodactyl|Unnerve\n|turn|1\n|j| sagapocalypse1\n|j| Tornuptofan/J.P.\n|\n|t:|1776525508\n|switch|p1b: Kinger|Gyarados, L50, M|100/100\n|-ability|p1b: Kinger|Intimidate|boost\n|-unboost|p2a: Aerodactyl|atk|1\n|-unboost|p2b: Garchomp|atk|1\n|-enditem|p2b: Garchomp|White Herb\n|-clearnegativeboost|p2b: Garchomp|[silent]\n|detailschange|p1a: Caine|Floette-Mega, L50, F\n|-mega|p1a: Caine|Floette|Floettite\n|-ability|p1a: Caine|Fairy Aura\n|move|p2a: Aerodactyl|Tailwind|p2a: Aerodactyl\n|-sidestart|p2: lolgz|move: Tailwind\n|move|p2b: Garchomp|Earthquake|p1a: Caine|[spread] p1a\n|-immune|p2a: Aerodactyl\n|-immune|p1b: Kinger\n|-damage|p1a: Caine|59/100\n|move|p1a: Caine|Dazzling Gleam|p2b: Garchomp|[spread] p2a,p2b\n|-supereffective|p2b: Garchomp|1\n|-damage|p2a: Aerodactyl|39/100\n|-damage|p2b: Garchomp|5/100\n|\n|upkeep\n|turn|2\n|j| boi7264\n|inactive|TheGreenJournalist has 30 seconds left.\n|\n|t:|1776525534\n|move|p1a: Caine|Protect|p1a: Caine\n|-singleturn|p1a: Caine|Protect\n|move|p2a: Aerodactyl|Rock Slide|p1a: Caine|[spread] p1b\n|-activate|p1a: Caine|move: Protect\n|-supereffective|p1b: Kinger|1\n|-damage|p1b: Kinger|72/100\n|move|p2b: Garchomp|Earthquake|p1b: Kinger|[spread] \n|-activate|p1a: Caine|move: Protect\n|-immune|p2a: Aerodactyl\n|-immune|p1b: Kinger\n|move|p1b: Kinger|Waterfall|p2b: Garchomp\n|-damage|p2b: Garchomp|0 fnt\n|-damage|p1b: Kinger|60/100|[from] ability: Rough Skin|[of] p2b: Garchomp\n|faint|p2b: Garchomp\n|\n|upkeep\n|\n|t:|1776525540\n|switch|p2b: Floette|Floette-Eternal, L50, F|100/100\n|turn|3\n|j| tastyfloop\n|l| tastyfloop\n|\n|t:|1776525556\n|detailschange|p2b: Floette|Floette-Mega, L50, F\n|-mega|p2b: Floette|Floette|Floettite\n|-ability|p2b: Floette|Fairy Aura\n|move|p1a: Caine|Protect||[still]\n|-fail|p1a: Caine\n|move|p2a: Aerodactyl|Rock Slide|p1b: Kinger|[spread] p1a\n|-miss|p2a: Aerodactyl|p1b: Kinger\n|-damage|p1a: Caine|39/100\n|move|p2b: Floette|Dazzling Gleam|p1b: Kinger|[spread] p1a,p1b\n|-damage|p1a: Caine|5/100\n|-damage|p1b: Kinger|25/100\n|move|p1b: Kinger|Thunder Wave|p2b: Floette\n|-status|p2b: Floette|par\n|\n|upkeep\n|turn|4\n|j| khungcanh\n|l| khungcanh\n|\n|t:|1776525574\n|move|p1a: Caine|Protect|p1a: Caine\n|-singleturn|p1a: Caine|Protect\n|move|p1b: Kinger|Protect|p1b: Kinger\n|-singleturn|p1b: Kinger|Protect\n|move|p2a: Aerodactyl|Rock Slide|p1b: Kinger|[spread] \n|-activate|p1a: Caine|move: Protect\n|-activate|p1b: Kinger|move: Protect\n|move|p2b: Floette|Dazzling Gleam|p1b: Kinger|[spread] \n|-activate|p1a: Caine|move: Protect\n|-activate|p1b: Kinger|move: Protect\n|\n|-sideend|p2: lolgz|move: Tailwind\n|upkeep\n|turn|5\n|\n|t:|1776525589\n|move|p2a: Aerodactyl|Tailwind|p2a: Aerodactyl\n|-sidestart|p2: lolgz|move: Tailwind\n|move|p2b: Floette|Dazzling Gleam|p1a: Caine|[spread] p1a,p1b\n|-damage|p1a: Caine|0 fnt\n|-damage|p1b: Kinger|0 fnt\n|faint|p1a: Caine\n|faint|p1b: Kinger\n|\n|upkeep\n|\n|t:|1776525595\n|switch|p1a: Jax|Sneasler, L50, M|100/100\n|switch|p1b: Gangle|Volcarona, L50, M|100/100\n|turn|6\n|j| YakonSavikov\n|\n|t:|1776525604\n|move|p2a: Aerodactyl|Rock Slide|p1a: Jax|[spread] p1b\n|-miss|p2a: Aerodactyl|p1a: Jax\n|-supereffective|p1b: Gangle|2\n|-damage|p1b: Gangle|30/100\n|move|p1a: Jax|Close Combat|p2a: Aerodactyl\n|-damage|p2a: Aerodactyl|0 fnt\n|-unboost|p1a: Jax|def|1\n|-unboost|p1a: Jax|spd|1\n|faint|p2a: Aerodactyl\n|-enditem|p1a: Jax|White Herb\n|-clearnegativeboost|p1a: Jax|[silent]\n|move|p2b: Floette|Light of Ruin|p1a: Jax\n|-damage|p1a: Jax|0 fnt\n|faint|p1a: Jax\n|-damage|p2b: Floette|47/100 par|[from] Recoil\n|move|p1b: Gangle|Quiver Dance|p1b: Gangle\n|-boost|p1b: Gangle|spa|1\n|-boost|p1b: Gangle|spd|1\n|-boost|p1b: Gangle|spe|1\n|\n|upkeep\n|\n|t:|1776525610\n|switch|p2a: Basculegion|Basculegion, L50, M|100/100\n|turn|7\n|l| sagapocalypse1\n|j| knoxxzeta\n|\n|t:|1776525625\n|move|p1b: Gangle|Protect|p1b: Gangle\n|-singleturn|p1b: Gangle|Protect\n|move|p2a: Basculegion|Wave Crash|p1b: Gangle\n|-activate|p1b: Gangle|move: Protect\n|move|p2b: Floette|Moonblast|p1b: Gangle\n|-activate|p1b: Gangle|move: Protect\n|\n|upkeep\n|turn|8\n|l| boi7264\n|l| YakonSavikov\n|\n|t:|1776525640\n|move|p1b: Gangle|Protect|p1b: Gangle\n|-singleturn|p1b: Gangle|Protect\n|move|p2a: Basculegion|Wave Crash|p1b: Gangle\n|-activate|p1b: Gangle|move: Protect\n|move|p2b: Floette|Moonblast|p1b: Gangle\n|-activate|p1b: Gangle|move: Protect\n|\n|-sideend|p2: lolgz|move: Tailwind\n|upkeep\n|turn|9\n|j| tastyfloop\n|\n|t:|1776525648\n|move|p1b: Gangle|Giga Drain|p2a: Basculegion\n|-supereffective|p2a: Basculegion|1\n|-damage|p2a: Basculegion|17/100\n|-heal|p1b: Gangle|76/100|[from] drain|[of] p2a: Basculegion\n|move|p2a: Basculegion|Wave Crash|p1b: Gangle\n|-supereffective|p1b: Gangle|1\n|-damage|p1b: Gangle|0 fnt\n|-status|p2a: Basculegion|brn|[from] ability: Flame Body|[of] p1b: Gangle\n|faint|p1b: Gangle\n|-damage|p2a: Basculegion|0 fnt|[from] Recoil\n|faint|p2a: Basculegion\n|\n|win|lolgz\n|n|\u2606TheGreenJournalist|thegreenjournalist\n|n|\u2606lolgz|lolgz\n|n| Red Fang X|redfangx\n|n| Tornuptofan/J.P.|tornuptofanjp\n|n| knoxxzeta|knoxxzeta\n|n| tastyfloop|tastyfloop\n",
  "uploadtime": 1776525649,
  "views": 13,
  "formatid": "gen9championsvgc2026regma",
  "rating": null,
  "private": 0,
  "password": null
}