{
  "id": "gen9championsvgc2026regma-2581937154",
  "format": "[Gen 9 Champions] VGC 2026 Reg M-A",
  "players": [
    "lufox2.0",
    "billy_balls3"
  ],
  "log": "|j|\u2606lufox2.0\n|j|\u2606billy_balls3\n|t:|1776041354\n|gametype|doubles\n|player|p1|lufox2.0|n|1088\n|player|p2|billy_balls3|170|1084\n|gen|9\n|tier|[Gen 9 Champions] VGC 2026 Reg M-A\n|rated|\n|rule|Species Clause: Limit one of each Pok\u00e9mon\n|rule|Item Clause: Limit 1 of each item\n|clearpoke\n|poke|p1|Glimmora, L50, M|\n|poke|p1|Whimsicott, L50, M|\n|poke|p1|Incineroar, L50, F|\n|poke|p1|Tinkaton, L50, F|\n|poke|p1|Rotom-Wash, L50|\n|poke|p1|Krookodile, L50, F|\n|poke|p2|Charizard, L50, M|\n|poke|p2|Venusaur, L50, M|\n|poke|p2|Incineroar, L50, F|\n|poke|p2|Rotom-Wash, L50|\n|poke|p2|Sneasler, L50, M|\n|poke|p2|Garchomp, L50, F|\n|teampreview|4\n|inactive|Battle timer is ON: inactive players will automatically lose when time's up. (requested by billy_balls3)\n|inactive|billy_balls3 has 60 seconds left.\n|inactive|lufox2.0 has 60 seconds left.\n|\n|t:|1776041419\n|teamsize|p1|4\n|teamsize|p2|4\n|start\n|switch|p1a: Whimsicott|Whimsicott, L50, M, shiny|100/100\n|switch|p1b: Incineroar|Incineroar, L50, F, shiny|100/100\n|switch|p2a: Charizard|Charizard, L50, M|100/100\n|switch|p2b: Venusaur|Venusaur, L50, M|100/100\n|-ability|p1b: Incineroar|Intimidate|boost\n|-unboost|p2a: Charizard|atk|1\n|-unboost|p2b: Venusaur|atk|1\n|turn|1\n|inactive|billy_balls3 has 30 seconds left.\n|\n|t:|1776041453\n|move|p2a: Charizard|Protect|p2a: Charizard\n|-singleturn|p2a: Charizard|Protect\n|move|p2b: Venusaur|Protect|p2b: Venusaur\n|-singleturn|p2b: Venusaur|Protect\n|move|p1b: Incineroar|Fake Out|p2a: Charizard\n|-activate|p2a: Charizard|move: Protect\n|move|p1a: Whimsicott|Tailwind|p1a: Whimsicott\n|-sidestart|p1: lufox2.0|move: Tailwind\n|\n|upkeep\n|turn|2\n|inactive|lufox2.0 has 30 seconds left.\n|inactive|billy_balls3 has 30 seconds left.\n|inactive|billy_balls3 has 20 seconds left.\n|inactive|billy_balls3 has 15 seconds left.\n|inactive|billy_balls3 has 10 seconds left.\n|\n|t:|1776041499\n|detailschange|p2a: Charizard|Charizard-Mega-Y, L50, M\n|-mega|p2a: Charizard|Charizard|Charizardite Y\n|-weather|SunnyDay|[from] ability: Drought|[of] p2a: Charizard\n|move|p1a: Whimsicott|Encore|p2a: Charizard\n|-start|p2a: Charizard|Encore\n|move|p2a: Charizard|Protect||[still]\n|-fail|p2a: Charizard\n|move|p2b: Venusaur|Sleep Powder|p1b: Incineroar\n|-status|p1b: Incineroar|slp|[from] move: Sleep Powder\n|-enditem|p1b: Incineroar|Lum Berry|[eat]\n|-curestatus|p1b: Incineroar|slp|[msg]\n|move|p1b: Incineroar|Snarl|p2b: Venusaur|[spread] p2a,p2b\n|-damage|p2a: Charizard|89/100\n|-damage|p2b: Venusaur|86/100\n|-unboost|p2a: Charizard|spa|1\n|-unboost|p2b: Venusaur|spa|1\n|\n|-weather|SunnyDay|[upkeep]\n|upkeep\n|turn|3\n|inactive|billy_balls3 has 30 seconds left.\n|\n|t:|1776041526\n|switch|p1a: Glimmora|Glimmora, L50, M, shiny|100/100\n|switch|p2b: Garchomp|Garchomp, L50, F|100/100\n|move|p2a: Charizard|Protect|p2a: Charizard\n|-singleturn|p2a: Charizard|Protect\n|move|p1b: Incineroar|Snarl|p2a: Charizard|[spread] p2b\n|-activate|p2a: Charizard|move: Protect\n|-damage|p2b: Garchomp|88/100\n|-unboost|p2b: Garchomp|spa|1\n|\n|-weather|SunnyDay|[upkeep]\n|upkeep\n|turn|4\n|inactive|billy_balls3 has 30 seconds left.\n|\n|t:|1776041552\n|switch|p1a: Whimsicott|Whimsicott, L50, M, shiny|100/100\n|move|p2a: Charizard|Protect||[still]\n|-fail|p2a: Charizard\n|move|p2b: Garchomp|Earthquake|p1a: Whimsicott|[spread] p1a,p1b\n|-immune|p2a: Charizard\n|-resisted|p1a: Whimsicott|1\n|-supereffective|p1b: Incineroar|1\n|-damage|p1a: Whimsicott|80/100\n|-damage|p1b: Incineroar|31/100\n|move|p1b: Incineroar|Parting Shot|p2b: Garchomp\n|-unboost|p2b: Garchomp|atk|1\n|-unboost|p2b: Garchomp|spa|1\n|\n|t:|1776041569\n|switch|p1b: Krookodile|Krookodile, L50, F|100/100|[from] Parting Shot\n|\n|-weather|SunnyDay|[upkeep]\n|-end|p2a: Charizard|Encore\n|-sideend|p1: lufox2.0|move: Tailwind\n|upkeep\n|turn|5\n|\n|t:|1776041586\n|move|p1a: Whimsicott|Tailwind|p1a: Whimsicott\n|-sidestart|p1: lufox2.0|move: Tailwind\n|move|p1b: Krookodile|Outrage|p2b: Garchomp\n|-supereffective|p2b: Garchomp|1\n|-damage|p2b: Garchomp|0 fnt\n|-damage|p1b: Krookodile|88/100|[from] ability: Rough Skin|[of] p2b: Garchomp\n|faint|p2b: Garchomp\n|-ability|p1b: Krookodile|Moxie|boost\n|-boost|p1b: Krookodile|atk|1\n|move|p2a: Charizard|Heat Wave|p1a: Whimsicott|[spread] p1a,p1b\n|-supereffective|p1a: Whimsicott|1\n|-damage|p1a: Whimsicott|0 fnt\n|-damage|p1b: Krookodile|21/100\n|faint|p1a: Whimsicott\n|\n|-weather|SunnyDay|[upkeep]\n|upkeep\n|\n|t:|1776041608\n|switch|p2b: Sneasler|Sneasler, L50, M|100/100\n|switch|p1a: Glimmora|Glimmora, L50, M, shiny|100/100\n|turn|6\n|\n|t:|1776041622\n|switch|p2a: Venusaur|Venusaur, L50, M|86/100\n|detailschange|p1a: Glimmora|Glimmora-Mega, L50, M, shiny\n|-mega|p1a: Glimmora|Glimmora|Glimmoranite\n|move|p2b: Sneasler|Fake Out|p1b: Krookodile\n|-damage|p1b: Krookodile|4/100\n|cant|p1b: Krookodile|flinch\n|move|p1a: Glimmora|Power Gem|p2a: Venusaur\n|-damage|p2a: Venusaur|16/100\n|\n|-weather|none\n|upkeep\n|turn|7\n|inactive|billy_balls3 has 30 seconds left.\n|inactive|billy_balls3 has 20 seconds left.\n|\n|t:|1776041661\n|move|p2a: Venusaur|Protect|p2a: Venusaur\n|-singleturn|p2a: Venusaur|Protect\n|move|p1b: Krookodile|Outrage|p2b: Sneasler\n|-damage|p2b: Sneasler|0 fnt\n|faint|p2b: Sneasler\n|-ability|p1b: Krookodile|Moxie|boost\n|-boost|p1b: Krookodile|atk|1\n|move|p1a: Glimmora|Power Gem|p2a: Venusaur\n|-activate|p2a: Venusaur|move: Protect\n|\n|upkeep\n|-message|billy_balls3 forfeited.\n|\n|win|lufox2.0\n|raw|lufox2.0's rating: 1088 &rarr; <strong>1114</strong><br />(+26 for winning)\n|raw|billy_balls3's rating: 1084 &rarr; <strong>1062</strong><br />(-22 for losing)\n|l|\u2606billy_balls3\n|player|p2|\n",
  "uploadtime": 1776041749,
  "views": 16,
  "formatid": "gen9championsvgc2026regma",
  "rating": 1062,
  "private": 0,
  "password": null
}