{
  "id": "gen9championsvgc2026regma-2589438614",
  "format": "[Gen 9 Champions] VGC 2026 Reg M-A",
  "players": [
    "rgeee",
    "Ashe_Cheikes"
  ],
  "log": "|j|\u2606rgeee\n|j|\u2606Ashe_Cheikes\n|t:|1776722994\n|gametype|doubles\n|player|p1|rgeee|102|1142\n|player|p2|Ashe_Cheikes|169|1229\n|gen|9\n|tier|[Gen 9 Champions] VGC 2026 Reg M-A\n|rated|\n|rule|Species Clause: Limit one of each Pok\u00e9mon\n|rule|Item Clause: Limit 1 of each item\n|clearpoke\n|poke|p1|Scovillain, L50, M|\n|poke|p1|Milotic, L50, M|\n|poke|p1|Sneasler, L50, F|\n|poke|p1|Zoroark-Hisui, L50, F|\n|poke|p1|Kingambit, L50, M|\n|poke|p1|Aerodactyl, L50, F|\n|poke|p2|Victreebel, L50, M|\n|poke|p2|Kleavor, L50, M|\n|poke|p2|Milotic, L50, M|\n|poke|p2|Cofagrigus, L50, M|\n|poke|p2|Bellibolt, L50, M|\n|poke|p2|Armarouge, L50, M|\n|teampreview|4\nAshe_Cheikes rejected open team sheets.\n|inactive|Battle timer is ON: inactive players will automatically lose when time's up. (requested by Ashe_Cheikes)\n|inactive|Ashe_Cheikes has 60 seconds left.\n|\n|t:|1776723056\n|teamsize|p1|4\n|teamsize|p2|4\n|start\n|switch|p1a: Scovillain|Scovillain, L50, M|100/100\n|switch|p1b: Aerodactyl|Aerodactyl, L50, F|100/100\n|switch|p2a: Bugblade|Kleavor, L50, M|100/100\n|switch|p2b: Otis|Milotic, L50, M|100/100\n|-ability|p1b: Aerodactyl|Unnerve\n|turn|1\n|inactive|rgeee has 30 seconds left.\n|\n|t:|1776723084\n|detailschange|p1a: Scovillain|Scovillain-Mega, L50, M\n|-mega|p1a: Scovillain|Scovillain|Scovillainite\n|move|p1b: Aerodactyl|Tailwind|p1b: Aerodactyl\n|-sidestart|p1: rgeee|move: Tailwind\n|move|p1a: Scovillain|Leech Seed|p2b: Otis\n|-start|p2b: Otis|move: Leech Seed\n|move|p2a: Bugblade|Tailwind|p2a: Bugblade\n|-sidestart|p2: Ashe_Cheikes|move: Tailwind\n|move|p2b: Otis|Icy Wind|p1a: Scovillain|[spread] p1a,p1b\n|-supereffective|p1b: Aerodactyl|1\n|-damage|p1a: Scovillain|91/100\n|-damage|p1b: Aerodactyl|74/100\n|-unboost|p1a: Scovillain|spe|1\n|-unboost|p1b: Aerodactyl|spe|1\n|-status|p2b: Otis|brn|[from] ability: Spicy Spray|[of] p1a: Scovillain\n|\n|-damage|p2b: Otis|88/100 brn|[from] Leech Seed|[of] p1a: Scovillain\n|-heal|p1a: Scovillain|100/100|[silent]\n|-damage|p2b: Otis|82/100 brn|[from] brn\n|upkeep\n|turn|2\n|inactive|Ashe_Cheikes has 30 seconds left.\n|inactive|Ashe_Cheikes has 20 seconds left.\n|inactive|Ashe_Cheikes has 15 seconds left.\n|\n|t:|1776723128\n|move|p1a: Scovillain|Rage Powder|p1a: Scovillain\n|-singleturn|p1a: Scovillain|move: Rage Powder\n|move|p2a: Bugblade|Stone Axe|p1a: Scovillain\n|-supereffective|p1a: Scovillain|1\n|-damage|p1a: Scovillain|0 fnt\n|-status|p2a: Bugblade|brn|[from] ability: Spicy Spray|[of] p1a: Scovillain\n|-sidestart|p1: rgeee|move: Stealth Rock\n|faint|p1a: Scovillain\n|move|p1b: Aerodactyl|Rock Slide|p2a: Bugblade|[spread] p2a\n|-miss|p1b: Aerodactyl|p2b: Otis\n|-supereffective|p2a: Bugblade|1\n|-damage|p2a: Bugblade|34/100 brn\n|move|p2b: Otis|Scald|p1b: Aerodactyl\n|-supereffective|p1b: Aerodactyl|1\n|-damage|p1b: Aerodactyl|0 fnt\n|faint|p1b: Aerodactyl\n|\n|-heal|p2b: Otis|88/100 brn|[from] item: Leftovers\n|-damage|p2a: Bugblade|28/100 brn|[from] brn\n|-damage|p2b: Otis|82/100 brn|[from] brn\n|upkeep\n|\n|t:|1776723145\n|switch|p1b: Milotic|Milotic, L50, M|100/100\n|switch|p1a: Sneasler|Sneasler, L50, F|100/100\n|-damage|p1a: Sneasler|95/100|[from] Stealth Rock\n|-damage|p1b: Milotic|88/100|[from] Stealth Rock\n|turn|3\n|inactive|Ashe_Cheikes has 30 seconds left.\n|inactive|Ashe_Cheikes has 20 seconds left.\n|inactive|Ashe_Cheikes has 15 seconds left.\n|\n|t:|1776723188\n|switch|p2b: Defeatreebel|Victreebel, L50, M|100/100\n|move|p2a: Bugblade|Protect|p2a: Bugblade\n|-singleturn|p2a: Bugblade|Protect\n|move|p1a: Sneasler|Close Combat|p2b: Defeatreebel\n|-resisted|p2b: Defeatreebel|1\n|-damage|p2b: Defeatreebel|72/100\n|-unboost|p1a: Sneasler|def|1\n|-unboost|p1a: Sneasler|spd|1\n|-enditem|p1a: Sneasler|White Herb\n|-clearnegativeboost|p1a: Sneasler|[silent]\n|move|p1b: Milotic|Coil|p1b: Milotic\n|-boost|p1b: Milotic|atk|1\n|-boost|p1b: Milotic|def|1\n|-boost|p1b: Milotic|accuracy|1\n|\n|-heal|p1b: Milotic|94/100|[from] item: Leftovers\n|-damage|p2a: Bugblade|22/100 brn|[from] brn\n|upkeep\n|turn|4\n|inactive|rgeee has 30 seconds left.\n|inactive|Ashe_Cheikes has 30 seconds left.\n|\n|t:|1776723216\n|detailschange|p2b: Defeatreebel|Victreebel-Mega, L50, M\n|-mega|p2b: Defeatreebel|Victreebel|Victreebelite\n|move|p1a: Sneasler|Protect|p1a: Sneasler\n|-singleturn|p1a: Sneasler|Protect\n|move|p2a: Bugblade|Stone Axe|p1b: Milotic\n|-damage|p1b: Milotic|77/100\n|move|p1b: Milotic|Coil|p1b: Milotic\n|-boost|p1b: Milotic|atk|1\n|-boost|p1b: Milotic|def|1\n|-boost|p1b: Milotic|accuracy|1\n|move|p2b: Defeatreebel|Strength Sap|p1a: Sneasler\n|-activate|p1a: Sneasler|move: Protect\n|\n|-heal|p1b: Milotic|83/100|[from] item: Leftovers\n|-damage|p2a: Bugblade|15/100 brn|[from] brn\n|-sideend|p2: Ashe_Cheikes|move: Tailwind\n|-sideend|p1: rgeee|move: Tailwind\n|upkeep\n|turn|5\n|\n|t:|1776723237\n|move|p1a: Sneasler|Dire Claw|p2b: Defeatreebel\n|-damage|p2b: Defeatreebel|35/100\n|move|p2a: Bugblade|Tailwind|p2a: Bugblade\n|-sidestart|p2: Ashe_Cheikes|move: Tailwind\n|move|p2b: Defeatreebel|Strength Sap|p1a: Sneasler\n|-unboost|p1a: Sneasler|atk|1\n|-heal|p2b: Defeatreebel|100/100\n|move|p1b: Milotic|Hypnosis|p2b: Defeatreebel\n|-status|p2b: Defeatreebel|slp|[from] move: Hypnosis\n|\n|-heal|p1b: Milotic|89/100|[from] item: Leftovers\n|-damage|p2a: Bugblade|9/100 brn|[from] brn\n|upkeep\n|turn|6\n|inactive|Ashe_Cheikes has 30 seconds left.\n|\n|t:|1776723269\n|switch|p2a: Otis|Milotic, L50, M|82/100 brn\n|move|p1a: Sneasler|Dire Claw|p2b: Defeatreebel\n|-damage|p2b: Defeatreebel|76/100 slp\n|cant|p2b: Defeatreebel|slp\n|move|p1b: Milotic|Coil|p1b: Milotic\n|-boost|p1b: Milotic|atk|1\n|-boost|p1b: Milotic|def|1\n|-boost|p1b: Milotic|accuracy|1\n|\n|-heal|p2a: Otis|88/100 brn|[from] item: Leftovers\n|-heal|p1b: Milotic|95/100|[from] item: Leftovers\n|-damage|p2a: Otis|82/100 brn|[from] brn\n|upkeep\n|turn|7\n|\n|t:|1776723290\n|move|p1a: Sneasler|Close Combat|p2a: Otis\n|-damage|p2a: Otis|42/100 brn\n|-unboost|p1a: Sneasler|def|1\n|-unboost|p1a: Sneasler|spd|1\n|move|p2a: Otis|Haze|p2a: Otis\n|-clearallboost\n|cant|p2b: Defeatreebel|slp\n|move|p1b: Milotic|Muddy Water|p2b: Defeatreebel|[spread] p2b\n|-miss|p1b: Milotic|p2a: Otis\n|-resisted|p2b: Defeatreebel|1\n|-damage|p2b: Defeatreebel|64/100 slp\n|-unboost|p2b: Defeatreebel|accuracy|1\n|\n|-heal|p2a: Otis|48/100 brn|[from] item: Leftovers\n|-heal|p1b: Milotic|100/100|[from] item: Leftovers\n|-damage|p2a: Otis|42/100 brn|[from] brn\n|upkeep\n|turn|8\n|\n|t:|1776723311\n|move|p1a: Sneasler|Protect|p1a: Sneasler\n|-singleturn|p1a: Sneasler|Protect\n|move|p2a: Otis|Scald|p1a: Sneasler\n|-activate|p1a: Sneasler|move: Protect\n|-curestatus|p2b: Defeatreebel|slp|[msg]\n|move|p2b: Defeatreebel|Toxic|p1b: Milotic\n|-status|p1b: Milotic|tox\n|move|p1b: Milotic|Muddy Water|p2b: Defeatreebel|[spread] p2a,p2b\n|-resisted|p2a: Otis|1\n|-resisted|p2b: Defeatreebel|1\n|-crit|p2b: Defeatreebel\n|-damage|p2a: Otis|34/100 brn\n|-damage|p2b: Defeatreebel|45/100\n|\n|-heal|p2a: Otis|40/100 brn|[from] item: Leftovers\n|-damage|p1b: Milotic|94/100 tox|[from] psn\n|-damage|p2a: Otis|34/100 brn|[from] brn\n|-sideend|p2: Ashe_Cheikes|move: Tailwind\n|upkeep\n|turn|9\n|\n|t:|1776723336\n|move|p1a: Sneasler|Close Combat|p2b: Defeatreebel\n|-resisted|p2b: Defeatreebel|1\n|-damage|p2b: Defeatreebel|18/100\n|-unboost|p1a: Sneasler|def|1\n|-unboost|p1a: Sneasler|spd|1\n|move|p2a: Otis|Haze|p2a: Otis\n|-clearallboost\n|move|p1b: Milotic|Muddy Water|p2a: Otis|[spread] p2a,p2b\n|-resisted|p2a: Otis|1\n|-resisted|p2b: Defeatreebel|1\n|-damage|p2a: Otis|25/100 brn\n|-damage|p2b: Defeatreebel|5/100\n|-unboost|p2b: Defeatreebel|accuracy|1\n|move|p2b: Defeatreebel|Strength Sap|p1a: Sneasler|[miss]\n|-miss|p2b: Defeatreebel|p1a: Sneasler\n|\n|-heal|p2a: Otis|31/100 brn|[from] item: Leftovers\n|-heal|p1b: Milotic|100/100 tox|[from] item: Leftovers\n|-damage|p1b: Milotic|88/100 tox|[from] psn\n|-damage|p2a: Otis|25/100 brn|[from] brn\n|upkeep\n|turn|10\n|c|\u2606Ashe_Cheikes|THE LUCK\n|inactive|Ashe_Cheikes has 30 seconds left.\n|c|\u2606Ashe_Cheikes|Accuracy drop that turn, 30%, then the miss on a 100% accurate move\n|inactive|Ashe_Cheikes has 20 seconds left.\n|c|\u2606rgeee|Yes but also you hazed away my strength sap that didn't help.\n|inactive|Ashe_Cheikes has 15 seconds left.\n|inactive|Ashe_Cheikes has 10 seconds left.\n|c|\u2606Ashe_Cheikes|I'd be at 100%\n|inactive|Ashe_Cheikes has 5 seconds left.\n|\n|t:|1776723387\n|move|p2b: Defeatreebel|Protect|p2b: Defeatreebel\n|-singleturn|p2b: Defeatreebel|Protect\n|move|p1a: Sneasler|Close Combat|p2a: Otis\n|-damage|p2a: Otis|0 fnt\n|-unboost|p1a: Sneasler|def|1\n|-unboost|p1a: Sneasler|spd|1\n|faint|p2a: Otis\n|move|p1b: Milotic|Muddy Water|p2b: Defeatreebel\n|-activate|p2b: Defeatreebel|move: Protect\n|\n|-heal|p1b: Milotic|94/100 tox|[from] item: Leftovers\n|-damage|p1b: Milotic|76/100 tox|[from] psn\n|upkeep\n|c|\u2606rgeee|sorry\n|\n|t:|1776723401\n|switch|p2a: Bugblade|Kleavor, L50, M|9/100 brn\n|turn|11\n|\n|t:|1776723415\n|move|p1a: Sneasler|Protect|p1a: Sneasler\n|-singleturn|p1a: Sneasler|Protect\n|move|p2a: Bugblade|Tailwind|p2a: Bugblade\n|-sidestart|p2: Ashe_Cheikes|move: Tailwind\n|move|p2b: Defeatreebel|Strength Sap|p1a: Sneasler\n|-activate|p1a: Sneasler|move: Protect\n|move|p1b: Milotic|Muddy Water|p2b: Defeatreebel|[spread] p2a\n|-miss|p1b: Milotic|p2b: Defeatreebel\n|-supereffective|p2a: Bugblade|1\n|-damage|p2a: Bugblade|0 fnt\n|faint|p2a: Bugblade\n|\n|-heal|p1b: Milotic|82/100 tox|[from] item: Leftovers\n|-damage|p1b: Milotic|58/100 tox|[from] psn\n|upkeep\n|\n|t:|1776723429\n|switch|p2a: Bollibelt|Bellibolt, L50, M|100/100\n|turn|12\n|\n|t:|1776723446\n|move|p1a: Sneasler|Dire Claw|p2b: Defeatreebel\n|-damage|p2b: Defeatreebel|0 fnt\n|-damage|p1a: Sneasler|89/100|[from] ability: Innards Out|[of] p2b: Defeatreebel\n|faint|p2b: Defeatreebel\n|move|p2a: Bollibelt|Parabolic Charge|p1b: Milotic|[spread] p1a,p1b\n|-supereffective|p1b: Milotic|1\n|-damage|p1a: Sneasler|44/100\n|-damage|p1b: Milotic|32/100 tox\n|move|p1b: Milotic|Hypnosis|p2a: Bollibelt\n|-status|p2a: Bollibelt|slp|[from] move: Hypnosis\n|\n|-heal|p1b: Milotic|38/100 tox|[from] item: Leftovers\n|-damage|p1b: Milotic|8/100 tox|[from] psn\n|upkeep\n|turn|13\n|\n|t:|1776723462\n|cant|p2a: Bollibelt|slp\n|move|p1a: Sneasler|Close Combat|p2a: Bollibelt\n|-damage|p2a: Bollibelt|40/100 slp\n|-unboost|p1a: Sneasler|def|1\n|-unboost|p1a: Sneasler|spd|1\n|-start|p2a: Bollibelt|Charge|Close Combat|[from] ability: Electromorphosis\n|move|p1b: Milotic|Recover|p1b: Milotic\n|-heal|p1b: Milotic|58/100 tox\n|\n|-heal|p1b: Milotic|64/100 tox|[from] item: Leftovers\n|-damage|p1b: Milotic|27/100 tox|[from] psn\n|upkeep\n|turn|14\n|\n|t:|1776723480\n|cant|p2a: Bollibelt|slp\n|move|p1a: Sneasler|Close Combat|p2a: Bollibelt\n|-damage|p2a: Bollibelt|0 fnt\n|-unboost|p1a: Sneasler|def|1\n|-unboost|p1a: Sneasler|spd|1\n|faint|p2a: Bollibelt\n|\n|win|rgeee\n|raw|rgeee's rating: 1142 &rarr; <strong>1173</strong><br />(+31 for winning)\n|raw|Ashe_Cheikes's rating: 1229 &rarr; <strong>1198</strong><br />(-31 for losing)\n|c|\u2606Ashe_Cheikes|lolz\n|c|\u2606rgeee|GG\n|l|\u2606Ashe_Cheikes\n|player|p2|\n|c|\u2606rgeee|lol\n",
  "uploadtime": 1776723492,
  "views": 6,
  "formatid": "gen9championsvgc2026regma",
  "rating": 1173,
  "private": 0,
  "password": null
}