{
  "id": "gen9championsvgc2026regma-2583377094",
  "format": "[Gen 9 Champions] VGC 2026 Reg M-A",
  "players": [
    "PickleSavior",
    "hoooooboi26"
  ],
  "log": "|j|\u2606PickleSavior\n|j|\u2606hoooooboi26\n|t:|1776171356\n|gametype|doubles\n|player|p1|PickleSavior|169|1075\n|player|p2|hoooooboi26|101|1093\n|gen|9\n|tier|[Gen 9 Champions] VGC 2026 Reg M-A\n|rated|\n|rule|Species Clause: Limit one of each Pok\u00e9mon\n|rule|Item Clause: Limit 1 of each item\n|clearpoke\n|poke|p1|Crabominable, L50, M|\n|poke|p1|Slowking, L50, F|\n|poke|p1|Klefki, L50, F|\n|poke|p1|Venusaur, L50, F|\n|poke|p1|Incineroar, L50, M|\n|poke|p1|Garchomp, L50, M|\n|poke|p2|Typhlosion-Hisui, L50, M|\n|poke|p2|Farigiraf, L50, M|\n|poke|p2|Golurk, L50|\n|poke|p2|Sinistcha-Masterpiece, L50|\n|poke|p2|Araquanid, L50, F|\n|poke|p2|Kingambit, L50, F|\n|teampreview|4\n|inactive|Battle timer is ON: inactive players will automatically lose when time's up. (requested by hoooooboi26)\nhoooooboi26 rejected open team sheets.\n|\n|t:|1776171395\n|teamsize|p1|4\n|teamsize|p2|4\n|start\n|switch|p1a: Slowking|Slowking, L50, F|100/100\n|switch|p1b: Klefki|Klefki, L50, F|100/100\n|switch|p2a: Typhlosion|Typhlosion-Hisui, L50, M|100/100\n|switch|p2b: Sinistcha|Sinistcha-Masterpiece, L50|100/100\n|-item|p1a: Slowking|Colbur Berry|[from] ability: Frisk|[of] p2a: Typhlosion\n|-item|p1b: Klefki|Mental Herb|[from] ability: Frisk|[of] p2a: Typhlosion\n|turn|1\n|\n|t:|1776171415\n|move|p2b: Sinistcha|Rage Powder|p2b: Sinistcha\n|-singleturn|p2b: Sinistcha|move: Rage Powder\n|move|p1b: Klefki|Light Screen|p1b: Klefki\n|-sidestart|p1: PickleSavior|move: Light Screen\n|move|p2a: Typhlosion|Eruption|p1b: Klefki|[spread] p1a,p1b\n|-resisted|p1a: Slowking|1\n|-supereffective|p1b: Klefki|1\n|-damage|p1a: Slowking|88/100\n|-damage|p1b: Klefki|29/100\n|move|p1a: Slowking|Scald|p2b: Sinistcha\n|-resisted|p2b: Sinistcha|1\n|-damage|p2b: Sinistcha|84/100\n|\n|-heal|p2b: Sinistcha|90/100|[from] item: Leftovers\n|upkeep\n|turn|2\n|\n|t:|1776171434\n|move|p2b: Sinistcha|Rage Powder|p2b: Sinistcha\n|-singleturn|p2b: Sinistcha|move: Rage Powder\n|move|p1b: Klefki|Reflect|p1b: Klefki\n|-sidestart|p1: PickleSavior|Reflect\n|move|p2a: Typhlosion|Eruption|p1a: Slowking|[spread] p1a,p1b\n|-resisted|p1a: Slowking|1\n|-supereffective|p1b: Klefki|1\n|-damage|p1a: Slowking|75/100\n|-damage|p1b: Klefki|0 fnt\n|faint|p1b: Klefki\n|-prepare|p1a: Slowking|Chilly Reception|[premajor]\n|move|p1a: Slowking|Chilly Reception|p1a: Slowking\n|-weather|Snowscape\n|\n|t:|1776171443\n|switch|p1a: Crabominable|Crabominable, L50, M|100/100|[from] Chilly Reception\n|\n|-weather|Snowscape|[upkeep]\n|-heal|p2b: Sinistcha|96/100|[from] item: Leftovers\n|upkeep\n|\n|t:|1776171448\n|switch|p1b: Garchomp|Garchomp, L50, M|100/100\n|turn|3\n|\n|t:|1776171461\n|detailschange|p1a: Crabominable|Crabominable-Mega, L50, M\n|-mega|p1a: Crabominable|Crabominable|Crabominite\n|move|p2b: Sinistcha|Rage Powder|p2b: Sinistcha\n|-singleturn|p2b: Sinistcha|move: Rage Powder\n|move|p2a: Typhlosion|Eruption|p1b: Garchomp|[spread] p1a,p1b\n|-supereffective|p1a: Crabominable|1\n|-resisted|p1b: Garchomp|1\n|-damage|p1a: Crabominable|40/100\n|-damage|p1b: Garchomp|83/100\n|move|p1b: Garchomp|Rock Slide|p2a: Typhlosion|[spread] p2a,p2b\n|-supereffective|p2a: Typhlosion|1\n|-damage|p2a: Typhlosion|48/100\n|-damage|p2b: Sinistcha|80/100\n|move|p1a: Crabominable|Bulk Up|p1a: Crabominable\n|-boost|p1a: Crabominable|atk|1\n|-boost|p1a: Crabominable|def|1\n|\n|-weather|Snowscape|[upkeep]\n|-heal|p2b: Sinistcha|86/100|[from] item: Leftovers\n|upkeep\n|turn|4\n|\n|t:|1776171482\n|move|p2a: Typhlosion|Eruption|p1a: Crabominable|[spread] p1a,p1b\n|-supereffective|p1a: Crabominable|1\n|-resisted|p1b: Garchomp|1\n|-damage|p1a: Crabominable|12/100\n|-damage|p1b: Garchomp|74/100\n|move|p1b: Garchomp|Rock Slide|p2b: Sinistcha|[spread] p2a,p2b\n|-supereffective|p2a: Typhlosion|1\n|-damage|p2a: Typhlosion|0 fnt\n|-damage|p2b: Sinistcha|70/100\n|faint|p2a: Typhlosion\n|move|p1a: Crabominable|Ice Hammer|p2b: Sinistcha\n|-supereffective|p2b: Sinistcha|1\n|-damage|p2b: Sinistcha|0 fnt\n|-unboost|p1a: Crabominable|spe|1\n|faint|p2b: Sinistcha\n|\n|-weather|Snowscape|[upkeep]\n|upkeep\n|\n|t:|1776171499\n|switch|p2a: Golurk|Golurk, L50|100/100\n|switch|p2b: Araquanid|Araquanid, L50, F|100/100\n|turn|5\n|inactive|PickleSavior has 30 seconds left.\n|inactive|hoooooboi26 has 30 seconds left.\n|\n|t:|1776171530\n|detailschange|p2a: Golurk|Golurk-Mega, L50\n|-mega|p2a: Golurk|Golurk|Golurkite\n|move|p2a: Golurk|Protect|p2a: Golurk\n|-singleturn|p2a: Golurk|Protect\n|move|p1b: Garchomp|Rock Slide|p2a: Golurk|[spread] p2b\n|-activate|p2a: Golurk|move: Protect\n|-supereffective|p2b: Araquanid|1\n|-damage|p2b: Araquanid|67/100\n|move|p2b: Araquanid|Bug Bite|p1a: Crabominable\n|-resisted|p1a: Crabominable|1\n|-damage|p1a: Crabominable|9/100\n|move|p1a: Crabominable|Ice Hammer|p2a: Golurk\n|-activate|p2a: Golurk|move: Protect\n|\n|-weather|Snowscape|[upkeep]\n|-sideend|p1: PickleSavior|move: Light Screen\n|upkeep\n|turn|6\n|\n|t:|1776171552\n|move|p1a: Crabominable|Protect|p1a: Crabominable\n|-singleturn|p1a: Crabominable|Protect\n|move|p1b: Garchomp|Rock Slide|p2a: Golurk|[spread] p2a\n|-miss|p1b: Garchomp|p2b: Araquanid\n|-resisted|p2a: Golurk|1\n|-damage|p2a: Golurk|93/100\n|move|p2a: Golurk|Phantom Force||[still]\n|-prepare|p2a: Golurk|Phantom Force\n|move|p2b: Araquanid|Liquidation|p1b: Garchomp\n|-damage|p1b: Garchomp|35/100\n|-damage|p2b: Araquanid|55/100|[from] ability: Rough Skin|[of] p1b: Garchomp\n|\n|-weather|none\n|-sideend|p1: PickleSavior|Reflect\n|upkeep\n|turn|7\n|inactive|PickleSavior has 30 seconds left.\n|\n|t:|1776171578\n|move|p1b: Garchomp|Rock Slide|p2b: Araquanid|[spread] p2b\n|-miss|p1b: Garchomp|p2a: Golurk\n|-supereffective|p2b: Araquanid|1\n|-damage|p2b: Araquanid|21/100\n|move|p2a: Golurk|Phantom Force|p1a: Crabominable|[from] lockedmove\n|-damage|p1a: Crabominable|0 fnt\n|faint|p1a: Crabominable\n|move|p2b: Araquanid|Liquidation|p1b: Garchomp\n|-damage|p1b: Garchomp|0 fnt\n|-damage|p2b: Araquanid|10/100|[from] ability: Rough Skin|[of] p1b: Garchomp\n|faint|p1b: Garchomp\n|\n|upkeep\n|\n|t:|1776171599\n|switch|p1a: Slowking|Slowking, L50, F|75/100\n|turn|8\n|\n|t:|1776171619\n|move|p2a: Golurk|Phantom Force||[still]\n|-prepare|p2a: Golurk|Phantom Force\n|move|p2b: Araquanid|Bug Bite|p1a: Slowking\n|-supereffective|p1a: Slowking|1\n|-damage|p1a: Slowking|36/100\n|-enditem|p1a: Slowking|Colbur Berry|[from] stealeat|[move] Bug Bite|[of] p2b: Araquanid\n|move|p1a: Slowking|Scald|p2a: Golurk|[miss]\n|-miss|p1a: Slowking|p2a: Golurk\n|\n|upkeep\n|turn|9\n|\n|t:|1776171633\n|move|p2a: Golurk|Phantom Force|p1a: Slowking|[from] lockedmove\n|-supereffective|p1a: Slowking|1\n|-damage|p1a: Slowking|0 fnt\n|faint|p1a: Slowking\n|\n|win|hoooooboi26\n|raw|PickleSavior's rating: 1075 &rarr; <strong>1055</strong><br />(-20 for losing)\n|raw|hoooooboi26's rating: 1093 &rarr; <strong>1118</strong><br />(+25 for winning)\n|l|\u2606PickleSavior\n|player|p1|\n",
  "uploadtime": 1776171640,
  "views": 20,
  "formatid": "gen9championsvgc2026regma",
  "rating": 1055,
  "private": 0,
  "password": null
}