{
  "id": "gen9championsvgc2026regma-2586227321",
  "format": "[Gen 9 Champions] VGC 2026 Reg M-A",
  "players": [
    "iliasdelm",
    "bagiira"
  ],
  "log": "|j|\u2606iliasdelm\n|j|\u2606bagiira\n|t:|1776414763\n|gametype|doubles\n|player|p1|iliasdelm|gambler|1368\n|player|p2|bagiira|miku-ghost|1333\n|gen|9\n|tier|[Gen 9 Champions] VGC 2026 Reg M-A\n|rated|\n|rule|Species Clause: Limit one of each Pok\u00e9mon\n|rule|Item Clause: Limit 1 of each item\n|clearpoke\n|poke|p1|Heracross, L50, M|\n|poke|p1|Pelipper, L50, M|\n|poke|p1|Archaludon, L50, M|\n|poke|p1|Sneasler, L50, F|\n|poke|p1|Basculegion, L50, M|\n|poke|p1|Incineroar, L50, F|\n|poke|p2|Froslass, L50, F|\n|poke|p2|Rotom-Frost, L50|\n|poke|p2|Incineroar, L50, M|\n|poke|p2|Basculegion, L50, M|\n|poke|p2|Garchomp, L50, M|\n|poke|p2|Orthworm, L50, M|\n|teampreview|4\n|inactive|Battle timer is ON: inactive players will automatically lose when time's up. (requested by bagiira)\n|j| NoSidE417\n|inactive|iliasdelm has 60 seconds left.\n|inactive|bagiira has 60 seconds left.\n|\n|t:|1776414817\n|teamsize|p1|4\n|teamsize|p2|4\n|start\n|switch|p1a: Basculegion|Basculegion, L50, M|100/100\n|switch|p1b: Archaludon|Archaludon, L50, M|100/100\n|switch|p2a: Incineroar|Incineroar, L50, M|100/100\n|switch|p2b: Rotom|Rotom-Frost, L50|100/100\n|-ability|p2a: Incineroar|Intimidate|boost\n|-unboost|p1a: Basculegion|atk|1\n|-unboost|p1b: Archaludon|atk|1\n|turn|1\n|inactive|iliasdelm has 30 seconds left.\n|inactive|bagiira has 30 seconds left.\n|\n|t:|1776414851\n|move|p1a: Basculegion|Flip Turn|p2a: Incineroar\n|-supereffective|p2a: Incineroar|1\n|-damage|p2a: Incineroar|59/100\n|\n|t:|1776414861\n|switch|p1a: Pelipper|Pelipper, L50, M|100/100|[from] Flip Turn\n|-weather|RainDance|[from] ability: Drizzle|[of] p1a: Pelipper\n|move|p2b: Rotom|Thunderbolt|p1a: Pelipper\n|-supereffective|p1a: Pelipper|2\n|-enditem|p1a: Pelipper|Focus Sash\n|-damage|p1a: Pelipper|1/100\n|move|p1b: Archaludon|Flash Cannon|p2b: Rotom\n|-damage|p2b: Rotom|51/100\n|move|p2a: Incineroar|Darkest Lariat|p1a: Pelipper\n|-damage|p1a: Pelipper|0 fnt\n|faint|p1a: Pelipper\n|\n|-weather|RainDance|[upkeep]\n|upkeep\n|\n|t:|1776414873\n|switch|p1a: Basculegion|Basculegion, L50, M|100/100\n|turn|2\n|\n|t:|1776414886\n|move|p1a: Basculegion|Flip Turn|p2a: Incineroar\n|-supereffective|p2a: Incineroar|1\n|-crit|p2a: Incineroar\n|-damage|p2a: Incineroar|0 fnt\n|faint|p2a: Incineroar\n|\n|t:|1776414891\n|switch|p1a: Heracross|Heracross, L50, M|100/100|[from] Flip Turn\n|move|p2b: Rotom|Thunderbolt|p1a: Heracross\n|-damage|p1a: Heracross|55/100\n|-status|p1a: Heracross|par\n|move|p1b: Archaludon|Electro Shot||[still]\n|-prepare|p1b: Archaludon|Electro Shot\n|-boost|p1b: Archaludon|spa|1\n|-anim|p1b: Archaludon|Electro Shot|p2b: Rotom\n|-resisted|p2b: Rotom|1\n|-crit|p2b: Rotom\n|-damage|p2b: Rotom|0 fnt\n|faint|p2b: Rotom\n|\n|-weather|RainDance|[upkeep]\n|upkeep\n|\n|t:|1776414904\n|switch|p2b: Garchomp|Garchomp, L50, M|100/100\n|switch|p2a: Froslass|Froslass, L50, F|100/100\n|turn|3\n|\n|t:|1776414917\n|detailschange|p2a: Froslass|Froslass-Mega, L50, F\n|-mega|p2a: Froslass|Froslass|Froslassite\n|-weather|Snowscape|[from] ability: Snow Warning|[of] p2a: Froslass\n|move|p2a: Froslass|Blizzard|p1a: Heracross|[spread] p1a,p1b\n|-damage|p1a: Heracross|14/100 par\n|-damage|p1b: Archaludon|63/100\n|-ability|p1b: Archaludon|Stamina|boost\n|-boost|p1b: Archaludon|def|1\n|move|p2b: Garchomp|Earthquake|p1a: Heracross|[spread] p2a,p1a,p1b\n|-crit|p2a: Froslass\n|-resisted|p1a: Heracross|1\n|-supereffective|p1b: Archaludon|1\n|-damage|p2a: Froslass|33/100\n|-damage|p1a: Heracross|0 fnt\n|-damage|p1b: Archaludon|21/100\n|-ability|p1b: Archaludon|Stamina|boost\n|-boost|p1b: Archaludon|def|1\n|-enditem|p1b: Archaludon|Sitrus Berry|[eat]\n|-heal|p1b: Archaludon|46/100|[from] item: Sitrus Berry\n|faint|p1a: Heracross\n|move|p1b: Archaludon|Draco Meteor|p2b: Garchomp|[miss]\n|-miss|p1b: Archaludon|p2b: Garchomp\n|\n|-weather|Snowscape|[upkeep]\n|upkeep\n|\n|t:|1776414931\n|switch|p1a: Basculegion|Basculegion, L50, M|100/100\n|turn|4\n|\n|t:|1776414948\n|move|p1b: Archaludon|Protect|p1b: Archaludon\n|-singleturn|p1b: Archaludon|Protect\n|move|p1a: Basculegion|Phantom Force||[still]\n|-prepare|p1a: Basculegion|Phantom Force\n|move|p2a: Froslass|Blizzard|p1b: Archaludon|[spread] \n|-miss|p2a: Froslass|p1a: Basculegion\n|-activate|p1b: Archaludon|move: Protect\n|move|p2b: Garchomp|Earthquake|p1a: Basculegion|[spread] p2a\n|-miss|p2b: Garchomp|p1a: Basculegion\n|-activate|p1b: Archaludon|move: Protect\n|-damage|p2a: Froslass|0 fnt\n|faint|p2a: Froslass\n|\n|-weather|Snowscape|[upkeep]\n|upkeep\n|turn|5\n|\n|t:|1776414959\n|move|p1a: Basculegion|Phantom Force|p2b: Garchomp|[from] lockedmove\n|-damage|p2b: Garchomp|38/100\n|-damage|p1a: Basculegion|88/100|[from] ability: Rough Skin|[of] p2b: Garchomp\n|move|p2b: Garchomp|Earthquake|p1a: Basculegion|[spread] p1a,p1b\n|-supereffective|p1b: Archaludon|1\n|-damage|p1a: Basculegion|33/100\n|-damage|p1b: Archaludon|18/100\n|-ability|p1b: Archaludon|Stamina|boost\n|-boost|p1b: Archaludon|def|1\n|move|p1b: Archaludon|Draco Meteor|p2b: Garchomp\n|-supereffective|p2b: Garchomp|1\n|-damage|p2b: Garchomp|0 fnt\n|-unboost|p1b: Archaludon|spa|2\n|faint|p2b: Garchomp\n|\n|win|iliasdelm\n|raw|iliasdelm's rating: 1368 &rarr; <strong>1386</strong><br />(+18 for winning)\n|raw|bagiira's rating: 1333 &rarr; <strong>1315</strong><br />(-18 for losing)\n",
  "uploadtime": 1776414959,
  "views": 42,
  "formatid": "gen9championsvgc2026regma",
  "rating": 1315,
  "private": 0,
  "password": null
}