{
  "id": "gen9championsvgc2026regma-2587808599",
  "format": "[Gen 9 Champions] VGC 2026 Reg M-A",
  "players": [
    "JemJar",
    "loklastaji"
  ],
  "log": "|j|\u2606JemJar\n|j|\u2606loklastaji\n|t:|1776566138\n|gametype|doubles\n|player|p1|JemJar|169|1200\n|player|p2|loklastaji|102|1188\n|gen|9\n|tier|[Gen 9 Champions] VGC 2026 Reg M-A\n|rated|\n|rule|Species Clause: Limit one of each Pok\u00e9mon\n|rule|Item Clause: Limit 1 of each item\n|clearpoke\n|poke|p1|Delphox, L50, F|\n|poke|p1|Floette-Eternal, L50, F|\n|poke|p1|Maushold, L50|\n|poke|p1|Aerodactyl, L50, F|\n|poke|p1|Garchomp, L50, F|\n|poke|p1|Incineroar, L50, M|\n|poke|p2|Samurott-Hisui, L50, M|\n|poke|p2|Delphox, L50, M|\n|poke|p2|Tinkaton, L50, F|\n|poke|p2|Decidueye-Hisui, L50, F|\n|poke|p2|Dragonite, L50, F|\n|poke|p2|Farigiraf, L50, M|\n|teampreview|4\n|\n|t:|1776566191\n|teamsize|p1|4\n|teamsize|p2|4\n|start\n|switch|p1a: Aerodactyl|Aerodactyl, L50, F|100/100\n|switch|p1b: Garchomp|Garchomp, L50, F|100/100\n|switch|p2a: Dragonite|Dragonite, L50, F|100/100\n|switch|p2b: Tinkaton|Tinkaton, L50, F|100/100\n|turn|1\n|\n|t:|1776566226\n|detailschange|p2a: Dragonite|Dragonite-Mega, L50, F\n|-mega|p2a: Dragonite|Dragonite|Dragoninite\n|move|p2b: Tinkaton|Fake Out|p1b: Garchomp\n|-damage|p1b: Garchomp|92/100\n|-damage|p2b: Tinkaton|88/100|[from] ability: Rough Skin|[of] p1b: Garchomp\n|move|p1a: Aerodactyl|Tailwind|p1a: Aerodactyl\n|-sidestart|p1: JemJar|move: Tailwind\n|cant|p1b: Garchomp|flinch\n|move|p2a: Dragonite|Draco Meteor|p1b: Garchomp\n|-supereffective|p1b: Garchomp|1\n|-damage|p1b: Garchomp|0 fnt\n|-unboost|p2a: Dragonite|spa|2\n|faint|p1b: Garchomp\n|\n|upkeep\n|\n|t:|1776566246\n|switch|p1b: Floette|Floette-Eternal, L50, F|100/100\n|turn|2\n|\n|t:|1776566260\n|detailschange|p1b: Floette|Floette-Mega, L50, F\n|-mega|p1b: Floette|Floette|Floettite\n|-ability|p1b: Floette|Fairy Aura\n|move|p2a: Dragonite|Protect|p2a: Dragonite\n|-singleturn|p2a: Dragonite|Protect\n|move|p1a: Aerodactyl|Rock Slide|p2b: Tinkaton|[spread] p2b\n|-activate|p2a: Dragonite|move: Protect\n|-resisted|p2b: Tinkaton|1\n|-damage|p2b: Tinkaton|70/100\n|move|p1b: Floette|Dazzling Gleam|p2b: Tinkaton|[spread] p2b\n|-activate|p2a: Dragonite|move: Protect\n|-resisted|p2b: Tinkaton|1\n|-crit|p2b: Tinkaton\n|-damage|p2b: Tinkaton|29/100\n|move|p2b: Tinkaton|Gigaton Hammer|p1b: Floette\n|-supereffective|p1b: Floette|1\n|-damage|p1b: Floette|0 fnt\n|faint|p1b: Floette\n|\n|upkeep\n|\n|t:|1776566280\n|switch|p1b: Maushold|Maushold, L50|100/100\n|turn|3\n|\n|t:|1776566289\n|switch|p2b: Samurott|Samurott-Hisui, L50, M|100/100\n|move|p1a: Aerodactyl|Rock Slide|p2a: Dragonite|[spread] p2b\n|-miss|p1a: Aerodactyl|p2a: Dragonite\n|-damage|p2b: Samurott|72/100\n|move|p1b: Maushold|Super Fang|p2a: Dragonite\n|-damage|p2a: Dragonite|50/100\n|move|p2a: Dragonite|Tailwind|p2a: Dragonite\n|-sidestart|p2: loklastaji|move: Tailwind\n|\n|upkeep\n|turn|4\n|\n|t:|1776566307\n|switch|p2a: Farigiraf|Farigiraf, L50, M|100/100\n|move|p1b: Maushold|Follow Me|p1b: Maushold\n|-singleturn|p1b: Maushold|move: Follow Me\n|move|p1a: Aerodactyl|Rock Slide|p2a: Farigiraf|[spread] p2a,p2b\n|-damage|p2a: Farigiraf|74/100\n|-damage|p2b: Samurott|43/100\n|cant|p2b: Samurott|flinch\n|\n|-sideend|p1: JemJar|move: Tailwind\n|upkeep\n|turn|5\n|\n|t:|1776566331\n|move|p1b: Maushold|Follow Me|p1b: Maushold\n|-singleturn|p1b: Maushold|move: Follow Me\n|move|p2b: Samurott|Sucker Punch||[still]\n|-fail|p2b: Samurott\n|move|p1a: Aerodactyl|Rock Slide|p2a: Farigiraf|[spread] p2a,p2b\n|-damage|p2a: Farigiraf|48/100\n|-damage|p2b: Samurott|14/100\n|-enditem|p2a: Farigiraf|Sitrus Berry|[eat]\n|-heal|p2a: Farigiraf|72/100|[from] item: Sitrus Berry\n|cant|p2a: Farigiraf|flinch\n|\n|upkeep\n|turn|6\n|\n|t:|1776566349\n|move|p1b: Maushold|Follow Me|p1b: Maushold\n|-singleturn|p1b: Maushold|move: Follow Me\n|move|p2b: Samurott|Sacred Sword|p1b: Maushold\n|-supereffective|p1b: Maushold|1\n|-enditem|p1b: Maushold|Chople Berry|[eat]\n|-enditem|p1b: Maushold|Chople Berry|[weaken]\n|-damage|p1b: Maushold|40/100\n|move|p1a: Aerodactyl|Rock Slide|p2a: Farigiraf|[spread] p2a,p2b\n|-damage|p2a: Farigiraf|46/100\n|-damage|p2b: Samurott|0 fnt\n|faint|p2b: Samurott\n|cant|p2a: Farigiraf|flinch\n|\n|-sideend|p2: loklastaji|move: Tailwind\n|upkeep\n|\n|t:|1776566366\n|switch|p2b: Tinkaton|Tinkaton, L50, F|29/100\n|turn|7\n|\n|t:|1776566386\n|move|p2b: Tinkaton|Fake Out|p1a: Aerodactyl\n|-resisted|p1a: Aerodactyl|1\n|-damage|p1a: Aerodactyl|94/100\n|cant|p1a: Aerodactyl|flinch\n|move|p1b: Maushold|Super Fang|p2b: Tinkaton\n|-damage|p2b: Tinkaton|15/100\n|move|p2a: Farigiraf|Hyper Voice|p1b: Maushold|[spread] p1a,p1b\n|-resisted|p1a: Aerodactyl|1\n|-damage|p1a: Aerodactyl|78/100\n|-damage|p1b: Maushold|0 fnt\n|faint|p1b: Maushold\n|\n|upkeep\n|turn|8\n|\n|t:|1776566406\n|move|p1a: Aerodactyl|Rock Slide|p2a: Farigiraf|[spread] p2a,p2b\n|-resisted|p2b: Tinkaton|1\n|-damage|p2a: Farigiraf|20/100\n|-damage|p2b: Tinkaton|0 fnt\n|faint|p2b: Tinkaton\n|move|p2a: Farigiraf|Thunderbolt|p1a: Aerodactyl\n|-supereffective|p1a: Aerodactyl|1\n|-damage|p1a: Aerodactyl|0 fnt\n|faint|p1a: Aerodactyl\n|\n|win|loklastaji\n|raw|JemJar's rating: 1200 &rarr; <strong>1174</strong><br />(-26 for losing)\n|raw|loklastaji's rating: 1188 &rarr; <strong>1214</strong><br />(+26 for winning)\n|l|\u2606JemJar\n|player|p1|\n",
  "uploadtime": 1776566416,
  "views": 8,
  "formatid": "gen9championsvgc2026regma",
  "rating": 1174,
  "private": 0,
  "password": null
}