{
  "id": "gen9championsvgc2026regma-2587088879",
  "format": "[Gen 9 Champions] VGC 2026 Reg M-A",
  "players": [
    "Matutinha",
    "graubio"
  ],
  "log": "|j|\u2606Matutinha\n|j|\u2606graubio\n|t:|1776491814\n|gametype|doubles\n|player|p1|Matutinha|101|1386\n|player|p2|graubio|blue|1359\n|gen|9\n|tier|[Gen 9 Champions] VGC 2026 Reg M-A\n|rated|\n|rule|Species Clause: Limit one of each Pok\u00e9mon\n|rule|Item Clause: Limit 1 of each item\n|clearpoke\n|poke|p1|Meowstic, L50, M|\n|poke|p1|Alakazam, L50, F|\n|poke|p1|Whimsicott, L50, M|\n|poke|p1|Aerodactyl, L50, F|\n|poke|p1|Garchomp, L50, M|\n|poke|p1|Milotic, L50, F|\n|poke|p2|Lopunny, L50, M|\n|poke|p2|Basculegion, L50, M|\n|poke|p2|Pelipper, L50, M|\n|poke|p2|Archaludon, L50, M|\n|poke|p2|Sinistcha, L50|\n|poke|p2|Incineroar, L50, F|\n|teampreview|4\n|inactive|Battle timer is ON: inactive players will automatically lose when time's up. (requested by graubio)\n|\n|t:|1776491844\n|teamsize|p1|4\n|teamsize|p2|4\n|start\n|switch|p1a: Meowstic|Meowstic, L50, M|100/100\n|switch|p1b: Alakazam|Alakazam, L50, F|100/100\n|switch|p2a: Pombo|Pelipper, L50, M|100/100\n|switch|p2b: Peixe|Basculegion, L50, M|100/100\n|-weather|RainDance|[from] ability: Drizzle|[of] p2a: Pombo\n|turn|1\n|\n|t:|1776491868\n|move|p1b: Alakazam|Protect|p1b: Alakazam\n|-singleturn|p1b: Alakazam|Protect\n|move|p1a: Meowstic|Fake Out|p2a: Pombo\n|-damage|p2a: Pombo|94/100\n|move|p2b: Peixe|Wave Crash|p1a: Meowstic\n|-damage|p1a: Meowstic|0 fnt\n|faint|p1a: Meowstic\n|-damage|p2b: Peixe|70/100|[from] Recoil\n|cant|p2a: Pombo|flinch\n|\n|-weather|RainDance|[upkeep]\n|upkeep\n|\n|t:|1776491876\n|switch|p1a: Whimsicott|Whimsicott, L50, M|100/100\n|turn|2\n|\n|t:|1776491894\n|switch|p2b: Mate Le\u00e3o|Sinistcha, L50|100/100\n|-heal|p2a: Pombo|100/100|[from] ability: Hospitality|[of] p2b: Mate Le\u00e3o\n|detailschange|p1b: Alakazam|Alakazam-Mega, L50, F\n|-mega|p1b: Alakazam|Alakazam|Alakazite\n|-ability|p1b: Alakazam|Hospitality|Trace|[from] ability: Trace|[of] p2b: Mate Le\u00e3o\n|move|p1a: Whimsicott|Tailwind|p1a: Whimsicott\n|-sidestart|p1: Matutinha|move: Tailwind\n|move|p1b: Alakazam|Expanding Force|p2b: Mate Le\u00e3o\n|-damage|p2b: Mate Le\u00e3o|46/100\n|-enditem|p2b: Mate Le\u00e3o|Sitrus Berry|[eat]\n|-heal|p2b: Mate Le\u00e3o|71/100|[from] item: Sitrus Berry\n|move|p2a: Pombo|Tailwind|p2a: Pombo\n|-sidestart|p2: graubio|move: Tailwind\n|\n|-weather|RainDance|[upkeep]\n|upkeep\n|turn|3\n|\n|t:|1776491914\n|move|p1a: Whimsicott|Helping Hand|p1b: Alakazam\n|-singleturn|p1b: Alakazam|Helping Hand|[of] p1a: Whimsicott\n|move|p1b: Alakazam|Expanding Force|p2b: Mate Le\u00e3o\n|-damage|p2b: Mate Le\u00e3o|0 fnt\n|faint|p2b: Mate Le\u00e3o\n|move|p2a: Pombo|Hurricane|p1a: Whimsicott\n|-supereffective|p1a: Whimsicott|1\n|-enditem|p1a: Whimsicott|Focus Sash\n|-damage|p1a: Whimsicott|1/100\n|-start|p1a: Whimsicott|confusion\n|\n|-weather|RainDance|[upkeep]\n|upkeep\n|\n|t:|1776491926\n|switch|p2b: Peixe|Basculegion, L50, M|70/100\n|turn|4\n|\n|t:|1776491938\n|move|p2b: Peixe|Protect|p2b: Peixe\n|-singleturn|p2b: Peixe|Protect\n|move|p1b: Alakazam|Expanding Force|p2b: Peixe\n|-activate|p2b: Peixe|move: Protect\n|-activate|p1a: Whimsicott|confusion\n|move|p1a: Whimsicott|Moonblast|p2a: Pombo\n|-damage|p2a: Pombo|30/100\n|move|p2a: Pombo|Weather Ball|p1a: Whimsicott\n|-resisted|p1a: Whimsicott|1\n|-damage|p1a: Whimsicott|0 fnt\n|faint|p1a: Whimsicott\n|\n|-weather|RainDance|[upkeep]\n|upkeep\n|\n|t:|1776491942\n|switch|p1a: Garchomp|Garchomp, L50, M|100/100\n|turn|5\n|\n|t:|1776491961\n|switch|p2a: Pr\u00e9dio Espelhado|Archaludon, L50, M|100/100\n|move|p2b: Peixe|Wave Crash|p1a: Garchomp\n|-damage|p1a: Garchomp|0 fnt\n|-damage|p2b: Peixe|58/100|[from] ability: Rough Skin|[of] p1a: Garchomp\n|faint|p1a: Garchomp\n|-damage|p2b: Peixe|27/100|[from] Recoil\n|move|p1b: Alakazam|Expanding Force|p2b: Peixe\n|-damage|p2b: Peixe|0 fnt\n|faint|p2b: Peixe\n|\n|-weather|none\n|-sideend|p1: Matutinha|move: Tailwind\n|-sideend|p2: graubio|move: Tailwind\n|upkeep\n|\n|t:|1776491970\n|switch|p2b: Pombo|Pelipper, L50, M|30/100\n|-weather|RainDance|[from] ability: Drizzle|[of] p2b: Pombo\n|turn|6\n|\n|t:|1776491979\n|move|p1b: Alakazam|Focus Blast|p2a: Pr\u00e9dio Espelhado|[miss]\n|-miss|p1b: Alakazam|p2a: Pr\u00e9dio Espelhado\n|move|p2a: Pr\u00e9dio Espelhado|Electro Shot||[still]\n|-prepare|p2a: Pr\u00e9dio Espelhado|Electro Shot\n|-boost|p2a: Pr\u00e9dio Espelhado|spa|1\n|-anim|p2a: Pr\u00e9dio Espelhado|Electro Shot|p1b: Alakazam\n|-damage|p1b: Alakazam|0 fnt\n|faint|p1b: Alakazam\n|\n|win|graubio\n|raw|Matutinha's rating: 1386 &rarr; <strong>1364</strong><br />(-22 for losing)\n|raw|graubio's rating: 1359 &rarr; <strong>1381</strong><br />(+22 for winning)\n|l|\u2606Matutinha\n|player|p1|\n|l|\u2606graubio\n|player|p2|\n",
  "uploadtime": 1776493016,
  "views": 44,
  "formatid": "gen9championsvgc2026regma",
  "rating": 1364,
  "private": 0,
  "password": null
}