{
  "id": "gen9championsvgc2026regma-2585788734",
  "format": "[Gen 9 Champions] VGC 2026 Reg M-A",
  "players": [
    "Kuschki",
    "BigRoflet"
  ],
  "log": "|j|\u2606Kuschki\n|j|\u203dBigRoflet\n|t:|1776370717\n|gametype|doubles\n|player|p1|Kuschki|1|1198\n|player|p2|BigRoflet|harlequin|1151\n|gen|9\n|tier|[Gen 9 Champions] VGC 2026 Reg M-A\n|rated|\n|rule|Species Clause: Limit one of each Pok\u00e9mon\n|rule|Item Clause: Limit 1 of each item\n|clearpoke\n|poke|p1|Beedrill, L50, M|\n|poke|p1|Farigiraf, L50, M|\n|poke|p1|Houndoom, L50, F|\n|poke|p1|Garchomp, L50, F|\n|poke|p1|Rotom-Wash, L50|\n|poke|p1|Conkeldurr, L50, F|\n|poke|p2|Incineroar, L50, M|\n|poke|p2|Gengar, L50, M|\n|poke|p2|Kommo-o, L50, F|\n|poke|p2|Sinistcha-Masterpiece, L50|\n|poke|p2|Aerodactyl, L50, F|\n|poke|p2|Tinkaton, L50, F|\n|teampreview|4\n|\n|t:|1776370756\n|teamsize|p1|4\n|teamsize|p2|4\n|start\n|switch|p1a: Beedrill|Beedrill, L50, M|100/100\n|switch|p1b: Conkeldurr|Conkeldurr, L50, F|100/100\n|switch|p2a: Incineroar|Incineroar, L50, M, shiny|100/100\n|switch|p2b: Kommo-o|Kommo-o, L50, F|100/100\n|-ability|p2a: Incineroar|Intimidate|boost\n|-unboost|p1a: Beedrill|atk|1\n|-unboost|p1b: Conkeldurr|atk|1\n|turn|1\n|\n|t:|1776370773\n|switch|p1b: Farigiraf|Farigiraf, L50, M|100/100\n|detailschange|p1a: Beedrill|Beedrill-Mega, L50, M\n|-mega|p1a: Beedrill|Beedrill|Beedrillite\n|move|p1a: Beedrill|U-turn|p2b: Kommo-o\n|-resisted|p2b: Kommo-o|1\n|-damage|p2b: Kommo-o|82/100\n|\n|t:|1776370780\n|switch|p1a: Conkeldurr|Conkeldurr, L50, F|100/100|[from] U-turn\n|move|p2b: Kommo-o|Clangorous Soul|p2b: Kommo-o\n|-boost|p2b: Kommo-o|atk|1\n|-boost|p2b: Kommo-o|def|1\n|-boost|p2b: Kommo-o|spa|1\n|-boost|p2b: Kommo-o|spd|1\n|-boost|p2b: Kommo-o|spe|1\n|-damage|p2b: Kommo-o|50/100\n|move|p2a: Incineroar|Flare Blitz|p1a: Conkeldurr\n|-damage|p1a: Conkeldurr|45/100\n|-status|p1a: Conkeldurr|brn\n|-damage|p2a: Incineroar|81/100|[from] Recoil\n|\n|-damage|p1a: Conkeldurr|39/100 brn|[from] brn\n|upkeep\n|turn|2\n|\n|t:|1776370804\n|switch|p2a: Sinistcha|Sinistcha-Masterpiece, L50|100/100\n|-heal|p2b: Kommo-o|74/100|[from] ability: Hospitality|[of] p2a: Sinistcha\n|move|p2b: Kommo-o|Clanging Scales|p1a: Conkeldurr|[spread] p1a,p1b\n|-damage|p1a: Conkeldurr|0 fnt\n|-damage|p1b: Farigiraf|34/100\n|-enditem|p1b: Farigiraf|Sitrus Berry|[eat]\n|-heal|p1b: Farigiraf|59/100|[from] item: Sitrus Berry\n|faint|p1a: Conkeldurr\n|-unboost|p2b: Kommo-o|def|1\n|move|p1b: Farigiraf|Twin Beam|p2b: Kommo-o\n|-supereffective|p2b: Kommo-o|1\n|-crit|p2b: Kommo-o\n|-damage|p2b: Kommo-o|22/100\n|-supereffective|p2b: Kommo-o|1\n|-damage|p2b: Kommo-o|0 fnt\n|faint|p2b: Kommo-o\n|-hitcount|p2: Kommo-o|2\n|\n|upkeep\n|\n|t:|1776370826\n|switch|p2b: Gengar|Gengar, L50, M|100/100\n|switch|p1a: Beedrill|Beedrill-Mega, L50, M|100/100\n|turn|3\n|\n|t:|1776370850\n|detailschange|p2b: Gengar|Gengar-Mega, L50, M\n|-mega|p2b: Gengar|Gengar|Gengarite\n|move|p1a: Beedrill|Protect|p1a: Beedrill\n|-singleturn|p1a: Beedrill|Protect\n|move|p2b: Gengar|Sludge Bomb|p1b: Farigiraf\n|-damage|p1b: Farigiraf|8/100\n|-status|p1b: Farigiraf|psn\n|move|p2a: Sinistcha|Strength Sap|p1a: Beedrill\n|-activate|p1a: Beedrill|move: Protect\n|move|p1b: Farigiraf|Twin Beam|p2b: Gengar\n|-supereffective|p2b: Gengar|1\n|-crit|p2b: Gengar\n|-damage|p2b: Gengar|16/100\n|-supereffective|p2b: Gengar|1\n|-damage|p2b: Gengar|0 fnt\n|faint|p2b: Gengar\n|-hitcount|p2: Gengar|2\n|\n|-damage|p1b: Farigiraf|0 fnt|[from] psn\n|faint|p1b: Farigiraf\n|upkeep\n|\n|t:|1776370872\n|switch|p2b: Incineroar|Incineroar, L50, M, shiny|81/100\n|switch|p1b: Garchomp|Garchomp, L50, F|100/100\n|-ability|p2b: Incineroar|Intimidate|boost\n|-unboost|p1a: Beedrill|atk|1\n|-unboost|p1b: Garchomp|atk|1\n|turn|4\n|\n|t:|1776370892\n|move|p1a: Beedrill|Drill Run|p2b: Incineroar|[miss]\n|-miss|p1a: Beedrill|p2b: Incineroar\n|move|p1b: Garchomp|Dragon Claw|p2b: Incineroar\n|-damage|p2b: Incineroar|57/100\n|move|p2a: Sinistcha|Strength Sap|p1b: Garchomp\n|-unboost|p1b: Garchomp|atk|1\n|move|p2b: Incineroar|Flare Blitz|p1a: Beedrill\n|-supereffective|p1a: Beedrill|1\n|-damage|p1a: Beedrill|0 fnt\n|faint|p1a: Beedrill\n|-damage|p2b: Incineroar|34/100|[from] Recoil\n|\n|upkeep\n|turn|5\n|\n|t:|1776370914\n|move|p1b: Garchomp|Earthquake|p2a: Sinistcha|[spread] p2a,p2b\n|-resisted|p2a: Sinistcha|1\n|-supereffective|p2b: Incineroar|1\n|-damage|p2a: Sinistcha|92/100\n|-damage|p2b: Incineroar|0 fnt\n|faint|p2b: Incineroar\n|move|p2a: Sinistcha|Life Dew|p2a: Sinistcha\n|-heal|p2a: Sinistcha|100/100\n|\n|upkeep\n|turn|6\n|\n|t:|1776370924\n|move|p1b: Garchomp|Dragon Claw|p2a: Sinistcha\n|-damage|p2a: Sinistcha|82/100\n|move|p2a: Sinistcha|Strength Sap|p1b: Garchomp\n|-unboost|p1b: Garchomp|atk|1\n|-heal|p2a: Sinistcha|100/100\n|\n|upkeep\n|turn|7\n|-message|Kuschki forfeited.\n|\n|win|BigRoflet\n|raw|Kuschki's rating: 1198 &rarr; <strong>1170</strong><br />(-28 for losing)\n|raw|BigRoflet's rating: 1151 &rarr; <strong>1179</strong><br />(+28 for winning)\n|l|\u2606Kuschki\n|player|p1|\n",
  "uploadtime": 1776370955,
  "views": 21,
  "formatid": "gen9championsvgc2026regma",
  "rating": 1170,
  "private": 0,
  "password": null
}