{
  "id": "gen9championsvgc2026regma-2584828338",
  "format": "[Gen 9 Champions] VGC 2026 Reg M-A",
  "players": [
    "Adam2Big",
    "Syke11"
  ],
  "log": "|j|\u2606Adam2Big\n|j|\u2606Syke11\n|t:|1776286776\n|gametype|doubles\n|player|p1|Adam2Big|koga|1000\n|player|p2|Syke11|jacinthe|1097\n|gen|9\n|tier|[Gen 9 Champions] VGC 2026 Reg M-A\n|rated|\n|rule|Species Clause: Limit one of each Pok\u00e9mon\n|rule|Item Clause: Limit 1 of each item\n|clearpoke\n|poke|p1|Gengar, L50, M|\n|poke|p1|Incineroar, L50, M|\n|poke|p1|Sinistcha, L50|\n|poke|p1|Tyranitar, L50, F|\n|poke|p1|Kingambit, L50, M|\n|poke|p1|Kommo-o, L50, F|\n|poke|p2|Gallade, L50, M|\n|poke|p2|Alcremie-Matcha-Cream, L50, F|\n|poke|p2|Aerodactyl, L50, M|\n|poke|p2|Skarmory, L50, M|\n|poke|p2|Archaludon, L50, M|\n|poke|p2|Milotic, L50, M|\n|teampreview|4\n|\n|t:|1776286799\n|teamsize|p1|4\n|teamsize|p2|4\n|start\n|switch|p1a: Gengar|Gengar, L50, M|100/100\n|switch|p1b: Incineroar|Incineroar, L50, M|100/100\n|switch|p2a: Milotic|Milotic, L50, M|100/100\n|switch|p2b: Alcremie|Alcremie-Matcha-Cream, L50, F|100/100\n|-ability|p1b: Incineroar|Intimidate|boost\n|-unboost|p2a: Milotic|atk|1\n|-ability|p2a: Milotic|Competitive|boost\n|-boost|p2a: Milotic|spa|2\n|-unboost|p2b: Alcremie|atk|1\n|turn|1\n|\n|t:|1776286824\n|detailschange|p1a: Gengar|Gengar-Mega, L50, M\n|-mega|p1a: Gengar|Gengar|Gengarite\n|move|p2b: Alcremie|Protect|p2b: Alcremie\n|-singleturn|p2b: Alcremie|Protect\n|move|p1b: Incineroar|Fake Out|p2a: Milotic\n|-damage|p2a: Milotic|90/100\n|move|p1a: Gengar|Substitute|p1a: Gengar\n|-start|p1a: Gengar|Substitute\n|-damage|p1a: Gengar|76/100\n|cant|p2a: Milotic|flinch\n|\n|-heal|p2a: Milotic|96/100|[from] item: Leftovers\n|upkeep\n|turn|2\n|\n|t:|1776286855\n|switch|p1b: Sinistcha|Sinistcha, L50|100/100\n|-heal|p1a: Gengar|100/100|[from] ability: Hospitality|[of] p1b: Sinistcha\n|move|p1a: Gengar|Perish Song|p1a: Gengar\n|-start|p1a: Gengar|perish3|[silent]\n|-start|p1b: Sinistcha|perish3|[silent]\n|-start|p2a: Milotic|perish3|[silent]\n|-start|p2b: Alcremie|perish3|[silent]\n|-fieldactivate|move: Perish Song\n|move|p2a: Milotic|Muddy Water|p1a: Gengar|[spread] p1a\n|-miss|p2a: Milotic|p1b: Sinistcha\n|-end|p1a: Gengar|Substitute\n|move|p2b: Alcremie|Light Screen|p2b: Alcremie\n|-sidestart|p2: Syke11|move: Light Screen\n|\n|-heal|p2a: Milotic|100/100|[from] item: Leftovers\n|-start|p1a: Gengar|perish3\n|-start|p2a: Milotic|perish3\n|-start|p1b: Sinistcha|perish3\n|-start|p2b: Alcremie|perish3\n|upkeep\n|turn|3\n|\n|t:|1776286880\n|move|p1a: Gengar|Substitute|p1a: Gengar\n|-start|p1a: Gengar|Substitute\n|-damage|p1a: Gengar|76/100\n|move|p2a: Milotic|Flip Turn|p1a: Gengar\n|-crit|p1a: Gengar\n|-activate|p1a: Gengar|move: Substitute|[damage]\n|\n|t:|1776286900\n|switch|p2a: Aerodactyl|Aerodactyl, L50, M|100/100|[from] Flip Turn\n|-ability|p2a: Aerodactyl|Unnerve\n|move|p1b: Sinistcha|Life Dew||[still]|[spread] p1a,p1b\n|-heal|p1a: Gengar|100/100\n|-fail|p1b: Sinistcha|heal\n|move|p2b: Alcremie|Decorate|p2a: Aerodactyl\n|-boost|p2a: Aerodactyl|atk|2\n|-boost|p2a: Aerodactyl|spa|2\n|\n|-start|p1a: Gengar|perish2\n|-start|p1b: Sinistcha|perish2\n|-start|p2b: Alcremie|perish2\n|upkeep\n|turn|4\n|\n|t:|1776286934\n|switch|p1b: Incineroar|Incineroar, L50, M|100/100\n|-ability|p1b: Incineroar|Intimidate|boost\n|-unboost|p2a: Aerodactyl|atk|1\n|-unboost|p2b: Alcremie|atk|1\n|move|p2a: Aerodactyl|Rock Slide|p1a: Gengar|[spread] p1a,p1b\n|-end|p1a: Gengar|Substitute\n|-supereffective|p1b: Incineroar|1\n|-damage|p1b: Incineroar|37/100\n|move|p1a: Gengar|Shadow Ball|p2a: Aerodactyl\n|-damage|p2a: Aerodactyl|60/100\n|move|p2b: Alcremie|Decorate|p2a: Aerodactyl\n|-boost|p2a: Aerodactyl|atk|2\n|-boost|p2a: Aerodactyl|spa|2\n|\n|-start|p1a: Gengar|perish1\n|-start|p2b: Alcremie|perish1\n|upkeep\n|turn|5\n|\n|t:|1776286954\n|switch|p1a: Sinistcha|Sinistcha, L50|100/100\n|-heal|p1b: Incineroar|62/100|[from] ability: Hospitality|[of] p1a: Sinistcha\n|move|p2a: Aerodactyl|Protect|p2a: Aerodactyl\n|-singleturn|p2a: Aerodactyl|Protect\n|move|p1b: Incineroar|Fake Out|p2a: Aerodactyl\n|-activate|p2a: Aerodactyl|move: Protect\n|move|p2b: Alcremie|Decorate|p2a: Aerodactyl\n|-boost|p2a: Aerodactyl|atk|2\n|-boost|p2a: Aerodactyl|spa|2\n|\n|-start|p2b: Alcremie|perish0\n|faint|p2b: Alcremie\n|upkeep\n|\n|t:|1776286971\n|switch|p2b: Skarmory|Skarmory, L50, M|100/100\n|turn|6\n|\n|t:|1776286988\n|detailschange|p2b: Skarmory|Skarmory-Mega, L50, M\n|-mega|p2b: Skarmory|Skarmory|Skarmorite\n|move|p1b: Incineroar|Protect|p1b: Incineroar\n|-singleturn|p1b: Incineroar|Protect\n|move|p2a: Aerodactyl|Rock Slide|p1a: Sinistcha|[spread] p1a\n|-activate|p1b: Incineroar|move: Protect\n|-damage|p1a: Sinistcha|26/100\n|move|p2b: Skarmory|Iron Head|p1a: Sinistcha\n|-crit|p1a: Sinistcha\n|-damage|p1a: Sinistcha|0 fnt\n|faint|p1a: Sinistcha\n|\n|-sideend|p2: Syke11|move: Light Screen\n|upkeep\n|\n|t:|1776287001\n|switch|p1a: Gengar|Gengar-Mega, L50, M|100/100\n|turn|7\n|\n|t:|1776287009\n|switch|p1b: Kommo-o|Kommo-o, L50, F|100/100\n|move|p2a: Aerodactyl|Protect|p2a: Aerodactyl\n|-singleturn|p2a: Aerodactyl|Protect\n|move|p1a: Gengar|Protect|p1a: Gengar\n|-singleturn|p1a: Gengar|Protect\n|move|p2b: Skarmory|Iron Head|p1a: Gengar\n|-activate|p1a: Gengar|move: Protect\n|\n|upkeep\n|turn|8\n|\n|t:|1776287023\n|switch|p1a: Incineroar|Incineroar, L50, M|62/100\n|-ability|p1a: Incineroar|Intimidate|boost\n|-unboost|p2a: Aerodactyl|atk|1\n|-unboost|p2b: Skarmory|atk|1\n|move|p1b: Kommo-o|Protect|p1b: Kommo-o\n|-singleturn|p1b: Kommo-o|Protect\n|move|p2a: Aerodactyl|Dual Wingbeat|p1b: Kommo-o\n|-activate|p1b: Kommo-o|move: Protect\n|move|p2b: Skarmory|Iron Head|p1a: Incineroar\n|-resisted|p1a: Incineroar|1\n|-damage|p1a: Incineroar|50/100\n|\n|upkeep\n|turn|9\n|\n|t:|1776287052\n|switch|p2b: Milotic|Milotic, L50, M|100/100\n|move|p1a: Incineroar|Fake Out|p2a: Aerodactyl\n|-resisted|p2a: Aerodactyl|1\n|-damage|p2a: Aerodactyl|51/100\n|cant|p2a: Aerodactyl|flinch\n|move|p1b: Kommo-o|Clangorous Soul|p1b: Kommo-o\n|-boost|p1b: Kommo-o|atk|1\n|-boost|p1b: Kommo-o|def|1\n|-boost|p1b: Kommo-o|spa|1\n|-boost|p1b: Kommo-o|spd|1\n|-boost|p1b: Kommo-o|spe|1\n|-damage|p1b: Kommo-o|68/100\n|\n|-heal|p1b: Kommo-o|73/100|[from] item: Leftovers\n|upkeep\n|turn|10\n|\n|t:|1776287115\n|switch|p1a: Gengar|Gengar-Mega, L50, M|100/100\n|move|p1b: Kommo-o|Protect|p1b: Kommo-o\n|-singleturn|p1b: Kommo-o|Protect\n|move|p2a: Aerodactyl|Protect|p2a: Aerodactyl\n|-singleturn|p2a: Aerodactyl|Protect\n|move|p2b: Milotic|Muddy Water|p1a: Gengar|[spread] \n|-activate|p1b: Kommo-o|move: Protect\n|-miss|p2b: Milotic|p1a: Gengar\n|\n|-heal|p1b: Kommo-o|79/100|[from] item: Leftovers\n|upkeep\n|turn|11\n|\n|t:|1776287135\n|move|p1b: Kommo-o|Clanging Scales|p2b: Milotic|[spread] p2a,p2b\n|-damage|p2a: Aerodactyl|0 fnt\n|-damage|p2b: Milotic|63/100\n|faint|p2a: Aerodactyl\n|-unboost|p1b: Kommo-o|def|1\n|move|p1a: Gengar|Shadow Ball|p2b: Milotic\n|-damage|p2b: Milotic|36/100\n|move|p2b: Milotic|Muddy Water|p1b: Kommo-o|[spread] p1a,p1b\n|-resisted|p1b: Kommo-o|1\n|-damage|p1a: Gengar|75/100\n|-damage|p1b: Kommo-o|71/100\n|\n|-heal|p1b: Kommo-o|77/100|[from] item: Leftovers\n|-heal|p2b: Milotic|42/100|[from] item: Leftovers\n|upkeep\n|\n|t:|1776287145\n|switch|p2a: Skarmory|Skarmory-Mega, L50, M|100/100\n|turn|12\n|\n|t:|1776287161\n|move|p1b: Kommo-o|Protect|p1b: Kommo-o\n|-singleturn|p1b: Kommo-o|Protect\n|move|p1a: Gengar|Perish Song|p1a: Gengar\n|-start|p1a: Gengar|perish3|[silent]\n|-immune|p1b: Kommo-o|[from] ability: Soundproof\n|-start|p2a: Skarmory|perish3|[silent]\n|-start|p2b: Milotic|perish3|[silent]\n|-fieldactivate|move: Perish Song\n|move|p2a: Skarmory|Iron Head|p1a: Gengar\n|-damage|p1a: Gengar|29/100\n|move|p2b: Milotic|Ice Beam|p1b: Kommo-o\n|-activate|p1b: Kommo-o|move: Protect\n|\n|-heal|p1b: Kommo-o|82/100|[from] item: Leftovers\n|-heal|p2b: Milotic|48/100|[from] item: Leftovers\n|-start|p1a: Gengar|perish3\n|-start|p2a: Skarmory|perish3\n|-start|p2b: Milotic|perish3\n|upkeep\n|turn|13\n|\n|t:|1776287201\n|move|p1b: Kommo-o|Clanging Scales|p2b: Milotic|[spread] p2a,p2b\n|-resisted|p2a: Skarmory|1\n|-damage|p2a: Skarmory|69/100\n|-damage|p2b: Milotic|15/100\n|-unboost|p1b: Kommo-o|def|1\n|move|p1a: Gengar|Substitute|p1a: Gengar\n|-start|p1a: Gengar|Substitute\n|-damage|p1a: Gengar|5/100\n|move|p2a: Skarmory|Iron Head|p1a: Gengar\n|-end|p1a: Gengar|Substitute\n|move|p2b: Milotic|Muddy Water|p1a: Gengar|[spread] p1a,p1b\n|-resisted|p1b: Kommo-o|1\n|-damage|p1a: Gengar|0 fnt\n|-damage|p1b: Kommo-o|75/100\n|faint|p1a: Gengar\n|\n|-heal|p1b: Kommo-o|80/100|[from] item: Leftovers\n|-heal|p2b: Milotic|21/100|[from] item: Leftovers\n|-start|p2a: Skarmory|perish2\n|-start|p2b: Milotic|perish2\n|upkeep\n|\n|t:|1776287213\n|switch|p1a: Incineroar|Incineroar, L50, M|50/100\n|-ability|p1a: Incineroar|Intimidate|boost\n|-unboost|p2a: Skarmory|atk|1\n|-unboost|p2b: Milotic|atk|1\n|-ability|p2b: Milotic|Competitive|boost\n|-boost|p2b: Milotic|spa|2\n|turn|14\n|\n|t:|1776287227\n|move|p1a: Incineroar|Fake Out|p2b: Milotic\n|-damage|p2b: Milotic|11/100\n|move|p1b: Kommo-o|Aura Sphere|p2a: Skarmory\n|-damage|p2a: Skarmory|4/100\n|move|p2a: Skarmory|Iron Head|p1b: Kommo-o\n|-damage|p1b: Kommo-o|46/100\n|cant|p2b: Milotic|flinch\n|\n|-heal|p1b: Kommo-o|51/100|[from] item: Leftovers\n|-heal|p2b: Milotic|17/100|[from] item: Leftovers\n|-start|p2a: Skarmory|perish1\n|-start|p2b: Milotic|perish1\n|upkeep\n|turn|15\n|\n|t:|1776287239\n|move|p2a: Skarmory|Protect|p2a: Skarmory\n|-singleturn|p2a: Skarmory|Protect\n|move|p1a: Incineroar|Protect|p1a: Incineroar\n|-singleturn|p1a: Incineroar|Protect\n|move|p1b: Kommo-o|Clanging Scales|p2b: Milotic|[spread] p2b\n|-activate|p2a: Skarmory|move: Protect\n|-damage|p2b: Milotic|0 fnt\n|faint|p2b: Milotic\n|-unboost|p1b: Kommo-o|def|1\n|\n|-heal|p1b: Kommo-o|57/100|[from] item: Leftovers\n|-start|p2a: Skarmory|perish0\n|faint|p2a: Skarmory\n|\n|win|Adam2Big\n|raw|Adam2Big's rating: 1000 &rarr; <strong>1051</strong><br />(+51 for winning)\n|raw|Syke11's rating: 1097 &rarr; <strong>1066</strong><br />(-31 for losing)\n|l|\u2606Syke11\n|player|p2|\n",
  "uploadtime": 1776287271,
  "views": 31,
  "formatid": "gen9championsvgc2026regma",
  "rating": 1051,
  "private": 0,
  "password": null
}