{
  "id": "gen9championsvgc2026regma-2585769110",
  "format": "[Gen 9 Champions] VGC 2026 Reg M-A",
  "players": [
    "spud136",
    "Dlinkoto"
  ],
  "log": "|j|\u2606spud136\n|j|\u2606Dlinkoto\n|t:|1776369313\n|gametype|doubles\n|player|p1|spud136|psychic-gen4|1128\n|player|p2|Dlinkoto|170|1088\n|gen|9\n|tier|[Gen 9 Champions] VGC 2026 Reg M-A\n|rated|\n|rule|Species Clause: Limit one of each Pok\u00e9mon\n|rule|Item Clause: Limit 1 of each item\n|clearpoke\n|poke|p1|Floette-Eternal, L50, F|\n|poke|p1|Aerodactyl, L50, M|\n|poke|p1|Sinistcha-Masterpiece, L50|\n|poke|p1|Incineroar, L50, M|\n|poke|p1|Garchomp, L50, M|\n|poke|p1|Basculegion, L50, M|\n|poke|p2|Delphox, L50, F|\n|poke|p2|Incineroar, L50, F|\n|poke|p2|Whimsicott, L50, M|\n|poke|p2|Garchomp, L50, M|\n|poke|p2|Sneasler, L50, M|\n|poke|p2|Basculegion, L50, M|\n|teampreview|4\n|\n|t:|1776369365\n|teamsize|p1|4\n|teamsize|p2|4\n|start\n|switch|p1a: Aerodactyl|Aerodactyl, L50, M, shiny|100/100\n|switch|p1b: Sinistcha|Sinistcha-Masterpiece, L50, shiny|100/100\n|switch|p2a: Incineroar|Incineroar, L50, F|100/100\n|switch|p2b: Basculegion|Basculegion, L50, M|100/100\n|-ability|p1a: Aerodactyl|Unnerve\n|-ability|p2a: Incineroar|Intimidate|boost\n|-unboost|p1a: Aerodactyl|atk|1\n|-unboost|p1b: Sinistcha|atk|1\n|turn|1\n|\n|t:|1776369393\n|move|p1a: Aerodactyl|Protect|p1a: Aerodactyl\n|-singleturn|p1a: Aerodactyl|Protect\n|move|p2b: Basculegion|Flip Turn|p1a: Aerodactyl\n|-activate|p1a: Aerodactyl|move: Protect\n|move|p1b: Sinistcha|Matcha Gotcha|p2b: Basculegion|[spread] p2a,p2b\n|-resisted|p2a: Incineroar|1\n|-supereffective|p2b: Basculegion|1\n|-damage|p2a: Incineroar|92/100\n|-damage|p2b: Basculegion|43/100\n|move|p2a: Incineroar|Darkest Lariat|p1b: Sinistcha\n|-supereffective|p1b: Sinistcha|1\n|-damage|p1b: Sinistcha|47/100\n|\n|-heal|p1b: Sinistcha|53/100|[from] item: Leftovers\n|upkeep\n|turn|2\n|\n|t:|1776369418\n|move|p2b: Basculegion|Flip Turn|p1a: Aerodactyl\n|-supereffective|p1a: Aerodactyl|1\n|-enditem|p1a: Aerodactyl|Focus Sash\n|-damage|p1a: Aerodactyl|1/100\n|\n|t:|1776369424\n|switch|p2b: Whimsicott|Whimsicott, L50, M|100/100|[from] Flip Turn\n|move|p1a: Aerodactyl|Tailwind|p1a: Aerodactyl\n|-sidestart|p1: spud136|move: Tailwind\n|move|p1b: Sinistcha|Matcha Gotcha|p2a: Incineroar|[spread] p2b\n|-miss|p1b: Sinistcha|p2a: Incineroar\n|-resisted|p2b: Whimsicott|1\n|-damage|p2b: Whimsicott|82/100\n|-heal|p1b: Sinistcha|60/100|[from] drain|[of] p2b: Whimsicott\n|move|p2a: Incineroar|Darkest Lariat|p1b: Sinistcha\n|-supereffective|p1b: Sinistcha|1\n|-damage|p1b: Sinistcha|9/100\n|\n|-heal|p1b: Sinistcha|16/100|[from] item: Leftovers\n|upkeep\n|turn|3\n|\n|t:|1776369466\n|move|p2b: Whimsicott|Encore|p1a: Aerodactyl\n|-start|p1a: Aerodactyl|Encore\n|move|p1a: Aerodactyl|Tailwind||[still]\n|-fail|p1a: Aerodactyl\n|move|p1b: Sinistcha|Life Dew|p1b: Sinistcha|[spread] p1a,p1b\n|-heal|p1a: Aerodactyl|26/100\n|-heal|p1b: Sinistcha|41/100\n|move|p2a: Incineroar|Darkest Lariat|p1a: Aerodactyl\n|-damage|p1a: Aerodactyl|0 fnt\n|faint|p1a: Aerodactyl\n|\n|-heal|p1b: Sinistcha|47/100|[from] item: Leftovers\n|upkeep\n|\n|t:|1776369485\n|switch|p1a: Floette|Floette-Eternal, L50, F, shiny|100/100\n|turn|4\n|inactive|Battle timer is ON: inactive players will automatically lose when time's up. (requested by spud136)\n|\n|t:|1776369523\n|switch|p1b: Garchomp|Garchomp, L50, M, shiny|100/100\n|detailschange|p1a: Floette|Floette-Mega, L50, F, shiny\n|-mega|p1a: Floette|Floette|Floettite\n|-ability|p1a: Floette|Fairy Aura\n|move|p2b: Whimsicott|Tailwind|p2b: Whimsicott\n|-sidestart|p2: Dlinkoto|move: Tailwind\n|move|p1a: Floette|Calm Mind|p1a: Floette\n|-boost|p1a: Floette|spa|1\n|-boost|p1a: Floette|spd|1\n|move|p2a: Incineroar|Darkest Lariat|p1b: Garchomp\n|-damage|p1b: Garchomp|70/100\n|-damage|p2a: Incineroar|79/100|[from] ability: Rough Skin|[of] p1b: Garchomp\n|\n|upkeep\n|turn|5\n|inactive|Dlinkoto has 30 seconds left.\n|inactive|spud136 has 30 seconds left.\n|\n|t:|1776369558\n|move|p1b: Garchomp|Protect|p1b: Garchomp\n|-singleturn|p1b: Garchomp|Protect\n|move|p2b: Whimsicott|Encore|p1a: Floette\n|-start|p1a: Floette|Encore\n|move|p1a: Floette|Calm Mind|p1a: Floette\n|-boost|p1a: Floette|spa|1\n|-boost|p1a: Floette|spd|1\n|move|p2a: Incineroar|Parting Shot|p1b: Garchomp\n|-activate|p1b: Garchomp|move: Protect\n|\n|-sideend|p1: spud136|move: Tailwind\n|upkeep\n|turn|6\n|\n|t:|1776369575\n|move|p2b: Whimsicott|Moonblast|p1b: Garchomp\n|-supereffective|p1b: Garchomp|1\n|-damage|p1b: Garchomp|0 fnt\n|faint|p1b: Garchomp\n|move|p2a: Incineroar|Parting Shot|p1a: Floette\n|-unboost|p1a: Floette|atk|1\n|-unboost|p1a: Floette|spa|1\n|inactive|Dlinkoto has 30 seconds left.\n|\n|t:|1776369604\n|switch|p2a: Basculegion|Basculegion, L50, M|43/100|[from] Parting Shot\n|move|p1a: Floette|Calm Mind|p1a: Floette\n|-boost|p1a: Floette|spa|1\n|-boost|p1a: Floette|spd|1\n|\n|upkeep\n|\n|t:|1776369612\n|switch|p1b: Sinistcha|Sinistcha-Masterpiece, L50, shiny|47/100\n|turn|7\n|\n|t:|1776369634\n|move|p2b: Whimsicott|Helping Hand|p2a: Basculegion\n|-singleturn|p2a: Basculegion|Helping Hand|[of] p2b: Whimsicott\n|move|p1b: Sinistcha|Rage Powder|p1b: Sinistcha\n|-singleturn|p1b: Sinistcha|move: Rage Powder\n|move|p2a: Basculegion|Last Respects|p1b: Sinistcha\n|-supereffective|p1b: Sinistcha|1\n|-damage|p1b: Sinistcha|0 fnt\n|faint|p1b: Sinistcha\n|move|p1a: Floette|Calm Mind|p1a: Floette\n|-boost|p1a: Floette|spa|1\n|-boost|p1a: Floette|spd|1\n|\n|-end|p1a: Floette|Encore\n|-sideend|p2: Dlinkoto|move: Tailwind\n|upkeep\n|turn|8\n|\n|t:|1776369651\n|move|p2b: Whimsicott|Encore|p1a: Floette\n|-start|p1a: Floette|Encore\n|move|p2a: Basculegion|Last Respects|p1a: Floette\n|-damage|p1a: Floette|56/100\n|move|p1a: Floette|Calm Mind|p1a: Floette\n|-boost|p1a: Floette|spa|1\n|-boost|p1a: Floette|spd|1\n|\n|upkeep\n|turn|9\n|-message|spud136 forfeited.\n|\n|win|Dlinkoto\n|raw|spud136's rating: 1128 &rarr; <strong>1100</strong><br />(-28 for losing)\n|raw|Dlinkoto's rating: 1088 &rarr; <strong>1118</strong><br />(+30 for winning)\n|l|\u2606spud136\n|player|p1|\n",
  "uploadtime": 1776369670,
  "views": 31,
  "formatid": "gen9championsvgc2026regma",
  "rating": 1100,
  "private": 0,
  "password": null
}