{
  "id": "gen9championsvgc2026regma-2583770313",
  "format": "[Gen 9 Champions] VGC 2026 Reg M-A",
  "players": [
    "rck228",
    "CharninjaGamingYT"
  ],
  "log": "|j|\u2606rck228\n|j|\u2606CharninjaGamingYT\n|t:|1776196529\n|gametype|doubles\n|player|p1|rck228|102|1117\n|player|p2|CharninjaGamingYT|shadowtriad|1126\n|gen|9\n|tier|[Gen 9 Champions] VGC 2026 Reg M-A\n|rated|\n|rule|Species Clause: Limit one of each Pok\u00e9mon\n|rule|Item Clause: Limit 1 of each item\n|clearpoke\n|poke|p1|Aerodactyl, L50, M|\n|poke|p1|Clefable, L50, F|\n|poke|p1|Basculegion, L50, M|\n|poke|p1|Sneasler, L50, M|\n|poke|p1|Kingambit, L50, F|\n|poke|p1|Froslass, L50, F|\n|poke|p2|Charizard, L50, F|\n|poke|p2|Venusaur, L50, M|\n|poke|p2|Floette-Eternal, L50, F|\n|poke|p2|Whimsicott, L50, F|\n|poke|p2|Sneasler, L50, F|\n|poke|p2|Gengar, L50, F|\n|teampreview|4\n|inactive|Battle timer is ON: inactive players will automatically lose when time's up. (requested by CharninjaGamingYT)\n|\n|t:|1776196559\n|teamsize|p1|4\n|teamsize|p2|4\n|start\n|switch|p1a: Aerodactyl|Aerodactyl, L50, M|100/100\n|switch|p1b: Froslass|Froslass, L50, F|100/100\n|switch|p2a: Floette|Floette-Eternal, L50, F|100/100\n|switch|p2b: Whimsicott|Whimsicott, L50, F|100/100\n|-ability|p1a: Aerodactyl|Pressure\n|turn|1\n|inactive|CharninjaGamingYT has 30 seconds left.\n|inactive|CharninjaGamingYT has 20 seconds left.\n|inactive|CharninjaGamingYT has 15 seconds left.\n|inactive|CharninjaGamingYT has 10 seconds left.\n|\n|t:|1776196605\n|move|p1b: Froslass|Protect|p1b: Froslass\n|-singleturn|p1b: Froslass|Protect\n|move|p2b: Whimsicott|Tailwind|p2b: Whimsicott\n|-sidestart|p2: CharninjaGamingYT|move: Tailwind\n|move|p2a: Floette|Calm Mind|p2a: Floette\n|-boost|p2a: Floette|spa|1\n|-boost|p2a: Floette|spd|1\n|move|p1a: Aerodactyl|Tailwind|p1a: Aerodactyl\n|-sidestart|p1: rck228|move: Tailwind\n|\n|upkeep\n|turn|2\n|inactive|rck228 has 30 seconds left.\n|\n|t:|1776196633\n|switch|p1b: Kingambit|Kingambit, L50, F|100/100\n|move|p2b: Whimsicott|Encore|p1a: Aerodactyl\n|-start|p1a: Aerodactyl|Encore\n|move|p1a: Aerodactyl|Tailwind||[still]\n|-fail|p1a: Aerodactyl\n|move|p2a: Floette|Calm Mind|p2a: Floette\n|-boost|p2a: Floette|spa|1\n|-boost|p2a: Floette|spd|1\n|\n|upkeep\n|turn|3\n|inactive|CharninjaGamingYT has 30 seconds left.\n|\n|t:|1776196659\n|switch|p1a: Sneasler|Sneasler, L50, M|100/100\n|detailschange|p2a: Floette|Floette-Mega, L50, F\n|-mega|p2a: Floette|Floette|Floettite\n|-ability|p2a: Floette|Fairy Aura\n|move|p2b: Whimsicott|Helping Hand|p2a: Floette\n|-singleturn|p2a: Floette|Helping Hand|[of] p2b: Whimsicott\n|move|p2a: Floette|Moonblast|p1b: Kingambit\n|-damage|p1b: Kingambit|0 fnt\n|faint|p1b: Kingambit\n|\n|upkeep\n|\n|t:|1776196674\n|switch|p1b: Aerodactyl|Aerodactyl, L50, M|100/100\n|-ability|p1b: Aerodactyl|Pressure\n|turn|4\n|\n|t:|1776196688\n|move|p2a: Floette|Protect|p2a: Floette\n|-singleturn|p2a: Floette|Protect\n|move|p1a: Sneasler|Fake Out|p2a: Floette\n|-activate|p2a: Floette|move: Protect\n|move|p1b: Aerodactyl|Rock Slide|p2a: Floette|[spread] p2b\n|-activate|p2a: Floette|move: Protect\n|-damage|p2b: Whimsicott|72/100\n|move|p2b: Whimsicott|Dazzling Gleam|p1a: Sneasler|[spread] p1a,p1b\n|-damage|p1a: Sneasler|68/100\n|-damage|p1b: Aerodactyl|68/100\n|\n|-sideend|p1: rck228|move: Tailwind\n|-sideend|p2: CharninjaGamingYT|move: Tailwind\n|upkeep\n|turn|5\n|\n|t:|1776196702\n|move|p2b: Whimsicott|Tailwind|p2b: Whimsicott\n|-sidestart|p2: CharninjaGamingYT|move: Tailwind\n|move|p2a: Floette|Dazzling Gleam|p1b: Aerodactyl|[spread] p1a,p1b\n|-damage|p1a: Sneasler|0 fnt\n|-damage|p1b: Aerodactyl|0 fnt\n|faint|p1a: Sneasler\n|faint|p1b: Aerodactyl\n|\n|upkeep\n|-message|rck228 forfeited.\n|\n|win|CharninjaGamingYT\n|raw|rck228's rating: 1117 &rarr; <strong>1093</strong><br />(-24 for losing)\n|raw|CharninjaGamingYT's rating: 1126 &rarr; <strong>1150</strong><br />(+24 for winning)\n|l|\u2606rck228\n|player|p1|\n",
  "uploadtime": 1776196714,
  "views": 30,
  "formatid": "gen9championsvgc2026regma",
  "rating": 1093,
  "private": 0,
  "password": null
}