{
  "id": "gen9championsvgc2026regma-2583493931",
  "format": "[Gen 9 Champions] VGC 2026 Reg M-A",
  "players": [
    "CoffeeMoffee",
    "EmperorX1"
  ],
  "log": "|j|\u2606CoffeeMoffee\n|j|\u2606EmperorX1\n|t:|1776179194\n|gametype|doubles\n|player|p1|CoffeeMoffee|scientist|1033\n|player|p2|EmperorX1|shadowtriad|1072\n|gen|9\n|tier|[Gen 9 Champions] VGC 2026 Reg M-A\n|rated|\n|rule|Species Clause: Limit one of each Pok\u00e9mon\n|rule|Item Clause: Limit 1 of each item\n|clearpoke\n|poke|p1|Floette-Eternal, L50, F|\n|poke|p1|Kingambit, L50, M|\n|poke|p1|Garchomp, L50, F|\n|poke|p1|Incineroar, L50, F|\n|poke|p1|Rotom-Wash, L50|\n|poke|p1|Sinistcha, L50|\n|poke|p2|Rotom-Heat, L50|\n|poke|p2|Tyranitar, L50, F|\n|poke|p2|Aerodactyl, L50, M|\n|poke|p2|Aegislash, L50, M|\n|poke|p2|Starmie, L50|\n|poke|p2|Garchomp, L50, M|\n|teampreview|4\n|inactive|Battle timer is ON: inactive players will automatically lose when time's up. (requested by CoffeeMoffee)\n|inactive|CoffeeMoffee has 60 seconds left.\n|inactive|EmperorX1 has 60 seconds left.\n|\n|t:|1776179246\n|teamsize|p1|4\n|teamsize|p2|4\n|start\n|switch|p1a: Sinistcha|Sinistcha, L50, shiny|100/100\n|switch|p1b: Rotom|Rotom-Wash, L50, shiny|100/100\n|switch|p2a: Aerodactyl|Aerodactyl, L50, M|100/100\n|switch|p2b: Starmie|Starmie, L50|100/100\n|-ability|p2a: Aerodactyl|Unnerve\n|turn|1\n|\n|t:|1776179268\n|move|p1b: Rotom|Will-O-Wisp|p2b: Starmie|[miss]\n|-miss|p1b: Rotom|p2b: Starmie\n|move|p2a: Aerodactyl|Tailwind|p2a: Aerodactyl\n|-sidestart|p2: EmperorX1|move: Tailwind\n|move|p2b: Starmie|Skill Swap|p1b: Rotom\n|-activate|p2b: Starmie|Skill Swap|Levitate|Natural Cure|[of] p1b: Rotom\n|move|p1a: Sinistcha|Trick Room|p1a: Sinistcha\n|-fieldstart|move: Trick Room|[of] p1a: Sinistcha\n|\n|upkeep\n|turn|2\n|inactive|EmperorX1 has 30 seconds left.\n|\n|t:|1776179306\n|switch|p1b: Incineroar|Incineroar, L50, F, shiny|100/100\n|-ability|p1b: Incineroar|Intimidate|boost\n|-unboost|p2a: Aerodactyl|atk|1\n|-unboost|p2b: Starmie|atk|1\n|switch|p2b: Aegislash|Aegislash, L50, M|100/100\n|switch|p2a: Tyranitar|Tyranitar, L50, F|100/100\n|-weather|Sandstorm|[from] ability: Sand Stream|[of] p2a: Tyranitar\n|move|p1a: Sinistcha|Matcha Gotcha|p2a: Tyranitar|[spread] p2a,p2b\n|-supereffective|p2a: Tyranitar|1\n|-resisted|p2b: Aegislash|1\n|-damage|p2a: Tyranitar|65/100\n|-damage|p2b: Aegislash|89/100\n|-status|p2a: Tyranitar|brn\n|\n|-weather|Sandstorm|[upkeep]\n|-damage|p1b: Incineroar|95/100|[from] Sandstorm\n|-damage|p1a: Sinistcha|94/100|[from] Sandstorm\n|-heal|p2b: Aegislash|95/100|[from] item: Leftovers\n|-damage|p2a: Tyranitar|59/100 brn|[from] brn\n|upkeep\n|turn|3\n|inactive|CoffeeMoffee has 30 seconds left.\n|inactive|EmperorX1 has 30 seconds left.\n|inactive|CoffeeMoffee has 20 seconds left.\n|inactive|CoffeeMoffee has 15 seconds left.\n|\n|t:|1776179348\n|switch|p1a: Kingambit|Kingambit, L50, M, shiny|100/100\n|move|p1b: Incineroar|Parting Shot|p2b: Aegislash\n|-unboost|p2b: Aegislash|atk|1\n|-unboost|p2b: Aegislash|spa|1\n|\n|t:|1776179356\n|switch|p1b: Sinistcha|Sinistcha, L50, shiny|94/100|[from] Parting Shot\n|-formechange|p2b: Aegislash|Aegislash-Blade|\n|move|p2b: Aegislash|Shadow Ball|p1a: Kingambit\n|-resisted|p1a: Kingambit|1\n|-damage|p1a: Kingambit|89/100\n|move|p2a: Tyranitar|Rock Slide|p1b: Sinistcha|[spread] p1a,p1b\n|-resisted|p1a: Kingambit|1\n|-damage|p1a: Kingambit|84/100\n|-damage|p1b: Sinistcha|84/100\n|\n|-weather|Sandstorm|[upkeep]\n|-damage|p1b: Sinistcha|78/100|[from] Sandstorm\n|-heal|p2b: Aegislash|100/100|[from] item: Leftovers\n|-damage|p2a: Tyranitar|54/100 brn|[from] brn\n|upkeep\n|turn|4\n|inactive|CoffeeMoffee has 30 seconds left.\n|inactive|EmperorX1 has 30 seconds left.\n|\n|t:|1776179386\n|switch|p2a: Aerodactyl|Aerodactyl, L50, M|100/100\n|-ability|p2a: Aerodactyl|Unnerve\n|-formechange|p2b: Aegislash|Aegislash|\n|move|p2b: Aegislash|King's Shield|p2b: Aegislash\n|-singleturn|p2b: Aegislash|Protect\n|move|p1b: Sinistcha|Rage Powder|p1b: Sinistcha\n|-singleturn|p1b: Sinistcha|move: Rage Powder\n|move|p1a: Kingambit|Kowtow Cleave|p2b: Aegislash\n|-activate|p2b: Aegislash|move: Protect\n|-unboost|p1a: Kingambit|atk|1\n|-ability|p1a: Kingambit|Defiant|boost\n|-boost|p1a: Kingambit|atk|2\n|\n|-weather|Sandstorm|[upkeep]\n|-damage|p1b: Sinistcha|72/100|[from] Sandstorm\n|-sideend|p2: EmperorX1|move: Tailwind\n|upkeep\n|turn|5\n|inactive|CoffeeMoffee has 30 seconds left.\n|inactive|EmperorX1 has 30 seconds left.\n|inactive|CoffeeMoffee has 20 seconds left.\n|\n|t:|1776179422\n|switch|p1b: Incineroar|Incineroar, L50, F, shiny|95/100\n|-ability|p1b: Incineroar|Intimidate|boost\n|-unboost|p2a: Aerodactyl|atk|1\n|-unboost|p2b: Aegislash|atk|1\n|move|p2b: Aegislash|Wide Guard|p2b: Aegislash\n|-singleturn|p2b: Aegislash|Wide Guard\n|move|p1a: Kingambit|Kowtow Cleave|p2b: Aegislash\n|-supereffective|p2b: Aegislash|1\n|-damage|p2b: Aegislash|0 fnt\n|faint|p2b: Aegislash\n|move|p2a: Aerodactyl|Dual Wingbeat|p1b: Incineroar\n|-damage|p1b: Incineroar|84/100\n|-crit|p1b: Incineroar\n|-damage|p1b: Incineroar|63/100\n|-hitcount|p1b: Incineroar|2\n|\n|-weather|Sandstorm|[upkeep]\n|-damage|p1b: Incineroar|57/100|[from] Sandstorm\n|-fieldend|move: Trick Room\n|upkeep\n|\n|t:|1776179439\n|switch|p2b: Tyranitar|Tyranitar, L50, F|54/100 brn\n|turn|6\n|\n|t:|1776179455\n|move|p1b: Incineroar|Fake Out|p2a: Aerodactyl\n|-resisted|p2a: Aerodactyl|1\n|-damage|p2a: Aerodactyl|90/100\n|cant|p2a: Aerodactyl|flinch\n|move|p2b: Tyranitar|Superpower|p1a: Kingambit\n|-supereffective|p1a: Kingambit|2\n|-damage|p1a: Kingambit|30/100\n|-unboost|p2b: Tyranitar|atk|1\n|-unboost|p2b: Tyranitar|def|1\n|move|p1a: Kingambit|Iron Head|p2a: Aerodactyl\n|-supereffective|p2a: Aerodactyl|1\n|-damage|p2a: Aerodactyl|0 fnt\n|faint|p2a: Aerodactyl\n|\n|-weather|none\n|-damage|p2b: Tyranitar|48/100 brn|[from] brn\n|upkeep\n|\n|t:|1776179463\n|switch|p2a: Starmie|Starmie, L50|100/100\n|turn|7\n|\n|t:|1776179480\n|switch|p1b: Rotom|Rotom-Wash, L50, shiny|100/100\n|detailschange|p2a: Starmie|Starmie-Mega, L50\n|-mega|p2a: Starmie|Starmie|Starminite\n|move|p2a: Starmie|Protect|p2a: Starmie\n|-singleturn|p2a: Starmie|Protect\n|move|p1a: Kingambit|Protect|p1a: Kingambit\n|-singleturn|p1a: Kingambit|Protect\n|move|p2b: Tyranitar|Superpower|p1a: Kingambit\n|-activate|p1a: Kingambit|move: Protect\n|\n|-damage|p2b: Tyranitar|42/100 brn|[from] brn\n|upkeep\n|turn|8\n|inactive|CoffeeMoffee has 30 seconds left.\n|inactive|EmperorX1 has 30 seconds left.\n|\n|t:|1776179515\n|move|p2a: Starmie|Protect||[still]\n|-fail|p2a: Starmie\n|move|p1a: Kingambit|Sucker Punch|p2b: Tyranitar\n|-resisted|p2b: Tyranitar|1\n|-damage|p2b: Tyranitar|0 fnt\n|faint|p2b: Tyranitar\n|move|p1b: Rotom|Thunderbolt|p2a: Starmie\n|-supereffective|p2a: Starmie|1\n|-damage|p2a: Starmie|0 fnt\n|faint|p2a: Starmie\n|\n|win|CoffeeMoffee\n|raw|CoffeeMoffee's rating: 1033 &rarr; <strong>1072</strong><br />(+39 for winning)\n|raw|EmperorX1's rating: 1072 &rarr; <strong>1049</strong><br />(-23 for losing)\n|l|\u2606EmperorX1\n|player|p2|\n",
  "uploadtime": 1776179528,
  "views": 23,
  "formatid": "gen9championsvgc2026regma",
  "rating": 1049,
  "private": 0,
  "password": null
}