{
  "id": "gen9championsvgc2026regma-2587484629",
  "format": "[Gen 9 Champions] VGC 2026 Reg M-A",
  "players": [
    "grimlockmatt26",
    "j0johny"
  ],
  "log": "|j|\u2606grimlockmatt26\n|j|\u2606j0johny\n|t:|1776535748\n|gametype|doubles\n|player|p1|grimlockmatt26|lucas|1050\n|player|p2|j0johny|riley|1004\n|gen|9\n|tier|[Gen 9 Champions] VGC 2026 Reg M-A\n|rated|\n|rule|Species Clause: Limit one of each Pok\u00e9mon\n|rule|Item Clause: Limit 1 of each item\n|clearpoke\n|poke|p1|Basculegion, L50, M|\n|poke|p1|Floette-Eternal, L50, F|\n|poke|p1|Sneasler, L50, M|\n|poke|p1|Aerodactyl, L50, M|\n|poke|p1|Archaludon, L50, M|\n|poke|p1|Dragonite, L50, F|\n|poke|p2|Delphox, L50, F|\n|poke|p2|Samurott-Hisui, L50, M, shiny|\n|poke|p2|Whimsicott, L50, F|\n|poke|p2|Excadrill, L50, M|\n|poke|p2|Cofagrigus, L50, M|\n|poke|p2|Sneasler, L50, F|\n|teampreview|4\n|inactive|Battle timer is ON: inactive players will automatically lose when time's up. (requested by j0johny)\n|inactive|grimlockmatt26 also wants the timer to be on.\n|inactive|j0johny has 60 seconds left.\n|\n|t:|1776535783\n|teamsize|p1|4\n|teamsize|p2|4\n|start\n|switch|p1a: Aerodactyl|Aerodactyl, L50, M|100/100\n|switch|p1b: Basculegion|Basculegion, L50, M|100/100\n|switch|p2a: Whimsicott|Whimsicott, L50, F|100/100\n|switch|p2b: Sneasler|Sneasler, L50, F|100/100\n|-ability|p1a: Aerodactyl|Unnerve\n|turn|1\n|\n|t:|1776535801\n|move|p1a: Aerodactyl|Protect|p1a: Aerodactyl\n|-singleturn|p1a: Aerodactyl|Protect\n|move|p2b: Sneasler|Fake Out|p1a: Aerodactyl\n|-activate|p1a: Aerodactyl|move: Protect\n|move|p2a: Whimsicott|Tailwind|p2a: Whimsicott\n|-sidestart|p2: j0johny|move: Tailwind\n|move|p1b: Basculegion|Flip Turn|p2b: Sneasler\n|-damage|p2b: Sneasler|30/100\n|\n|t:|1776535815\n|switch|p1b: Archaludon|Archaludon, L50, M|100/100|[from] Flip Turn\n|\n|upkeep\n|turn|2\n|\n|t:|1776535827\n|move|p2a: Whimsicott|Helping Hand|p2b: Sneasler\n|-singleturn|p2b: Sneasler|Helping Hand|[of] p2a: Whimsicott\n|move|p2b: Sneasler|Close Combat|p1b: Archaludon\n|-supereffective|p1b: Archaludon|1\n|-damage|p1b: Archaludon|0 fnt\n|-unboost|p2b: Sneasler|def|1\n|-unboost|p2b: Sneasler|spd|1\n|faint|p1b: Archaludon\n|-enditem|p2b: Sneasler|White Herb\n|-clearnegativeboost|p2b: Sneasler|[silent]\n|move|p1a: Aerodactyl|Rain Dance|p1a: Aerodactyl\n|-weather|RainDance\n|\n|-weather|RainDance|[upkeep]\n|upkeep\n|\n|t:|1776535848\n|switch|p1b: Basculegion|Basculegion, L50, M|100/100\n|turn|3\n|\n|t:|1776535861\n|move|p2b: Sneasler|Protect|p2b: Sneasler\n|-singleturn|p2b: Sneasler|Protect\n|move|p2a: Whimsicott|Encore|p1a: Aerodactyl\n|-start|p1a: Aerodactyl|Encore\n|move|p1b: Basculegion|Flip Turn|p2b: Sneasler\n|-activate|p2b: Sneasler|move: Protect\n|move|p1a: Aerodactyl|Rain Dance||[still]\n|-fail|p1a: Aerodactyl\n|\n|-weather|RainDance|[upkeep]\n|upkeep\n|turn|4\n|\n|t:|1776535879\n|switch|p1a: Dragonite|Dragonite, L50, F|100/100\n|move|p2a: Whimsicott|Helping Hand|p2b: Sneasler\n|-singleturn|p2b: Sneasler|Helping Hand|[of] p2a: Whimsicott\n|move|p2b: Sneasler|Dire Claw|p1b: Basculegion\n|-resisted|p1b: Basculegion|1\n|-damage|p1b: Basculegion|62/100\n|move|p1b: Basculegion|Flip Turn|p2b: Sneasler\n|-damage|p2b: Sneasler|0 fnt\n|faint|p2b: Sneasler\n|\n|t:|1776535893\n|switch|p1b: Aerodactyl|Aerodactyl, L50, M|100/100|[from] Flip Turn\n|-ability|p1b: Aerodactyl|Unnerve\n|\n|-weather|RainDance|[upkeep]\n|-sideend|p2: j0johny|move: Tailwind\n|upkeep\n|\n|t:|1776535902\n|switch|p2b: Samurott|Samurott-Hisui, L50, M, shiny|100/100\n|turn|5\n|\n|t:|1776535920\n|detailschange|p1a: Dragonite|Dragonite-Mega, L50, F\n|-mega|p1a: Dragonite|Dragonite|Dragoninite\n|move|p2a: Whimsicott|Tailwind|p2a: Whimsicott\n|-sidestart|p2: j0johny|move: Tailwind\n|move|p2b: Samurott|Aqua Cutter|p1b: Aerodactyl\n|-supereffective|p1b: Aerodactyl|1\n|-enditem|p1b: Aerodactyl|Focus Sash\n|-damage|p1b: Aerodactyl|1/100\n|move|p1b: Aerodactyl|Rock Tomb|p2a: Whimsicott\n|-damage|p2a: Whimsicott|66/100\n|-unboost|p2a: Whimsicott|spe|1\n|move|p1a: Dragonite|Thunder|p2b: Samurott\n|-supereffective|p2b: Samurott|1\n|-damage|p2b: Samurott|0 fnt\n|faint|p2b: Samurott\n|\n|-weather|RainDance|[upkeep]\n|upkeep\n|\n|t:|1776535934\n|switch|p2b: Excadrill|Excadrill, L50, M|100/100\n|turn|6\n|\n|t:|1776535958\n|detailschange|p2b: Excadrill|Excadrill-Mega, L50, M\n|-mega|p2b: Excadrill|Excadrill|Excadrite\n|move|p2a: Whimsicott|Encore|p1a: Dragonite\n|-start|p1a: Dragonite|Encore\n|move|p2b: Excadrill|Rock Slide|p1b: Aerodactyl|[spread] p1a,p1b\n|-supereffective|p1a: Dragonite|1\n|-supereffective|p1b: Aerodactyl|1\n|-damage|p1a: Dragonite|80/100\n|-damage|p1b: Aerodactyl|0 fnt\n|faint|p1b: Aerodactyl\n|move|p1a: Dragonite|Thunder|p2a: Whimsicott\n|-resisted|p2a: Whimsicott|1\n|-damage|p2a: Whimsicott|35/100\n|\n|-weather|none\n|upkeep\n|\n|t:|1776535977\n|switch|p1b: Basculegion|Basculegion, L50, M|62/100\n|turn|7\n|\n|t:|1776535989\n|move|p2a: Whimsicott|Helping Hand|p2b: Excadrill\n|-singleturn|p2b: Excadrill|Helping Hand|[of] p2a: Whimsicott\n|move|p2b: Excadrill|Earthquake|p1a: Dragonite|[spread] p2a,p1b\n|-immune|p1a: Dragonite\n|-resisted|p2a: Whimsicott|1\n|-damage|p2a: Whimsicott|0 fnt\n|-damage|p1b: Basculegion|0 fnt\n|faint|p2a: Whimsicott\n|faint|p1b: Basculegion\n|move|p1a: Dragonite|Thunder|p2b: Excadrill\n|-immune|p2b: Excadrill\n|\n|upkeep\n|turn|8\n|\n|t:|1776536002\n|move|p2b: Excadrill|Swords Dance|p2b: Excadrill\n|-boost|p2b: Excadrill|atk|2\n|move|p1a: Dragonite|Thunder|p2b: Excadrill\n|-immune|p2b: Excadrill\n|\n|-end|p1a: Dragonite|Encore\n|-sideend|p2: j0johny|move: Tailwind\n|upkeep\n|turn|9\n|\n|t:|1776536015\n|move|p2b: Excadrill|Rock Slide|p1a: Dragonite\n|-supereffective|p1a: Dragonite|1\n|-damage|p1a: Dragonite|0 fnt\n|faint|p1a: Dragonite\n|\n|win|j0johny\n|raw|grimlockmatt26's rating: 1050 &rarr; <strong>1030</strong><br />(-20 for losing)\n|raw|j0johny's rating: 1004 &rarr; <strong>1049</strong><br />(+45 for winning)\n|l|\u2606grimlockmatt26\n|player|p1|\n",
  "uploadtime": 1776536024,
  "views": 11,
  "formatid": "gen9championsvgc2026regma",
  "rating": 1030,
  "private": 0,
  "password": null
}