{
  "id": "gen9championsvgc2026regma-2583981199",
  "format": "[Gen 9 Champions] VGC 2026 Reg M-A",
  "players": [
    "ZeroGospel",
    "slothgameplay"
  ],
  "log": "|j|\u2606ZeroGospel\n|j|\u2606slothgameplay\n|t:|1776213886\n|gametype|doubles\n|player|p1|ZeroGospel|266|1126\n|player|p2|slothgameplay|169|1144\n|gen|9\n|tier|[Gen 9 Champions] VGC 2026 Reg M-A\n|rated|\n|rule|Species Clause: Limit one of each Pok\u00e9mon\n|rule|Item Clause: Limit 1 of each item\n|clearpoke\n|poke|p1|Garchomp, L50, F|\n|poke|p1|Aerodactyl, L50, F|\n|poke|p1|Orthworm, L50, M|\n|poke|p1|Delphox, L50, M|\n|poke|p1|Basculegion, L50, M|\n|poke|p1|Clefable, L50, M|\n|poke|p2|Gengar, L50, M|\n|poke|p2|Incineroar, L50, F|\n|poke|p2|Sinistcha-Masterpiece, L50|\n|poke|p2|Kingambit, L50, F|\n|poke|p2|Tyranitar, L50, M|\n|poke|p2|Kommo-o, L50, F|\n|teampreview|4\n|\n|t:|1776213923\n|teamsize|p1|4\n|teamsize|p2|4\n|start\n|switch|p1a: Aerodactyl|Aerodactyl, L50, F|100/100\n|switch|p1b: Garchomp|Garchomp, L50, F|100/100\n|switch|p2a: Jigokudo|Gengar, L50, M, shiny|100/100\n|switch|p2b: Incineroar|Incineroar, L50, F|100/100\n|-ability|p1a: Aerodactyl|Unnerve\n|-ability|p2b: Incineroar|Intimidate|boost\n|-unboost|p1a: Aerodactyl|atk|1\n|-unboost|p1b: Garchomp|atk|1\n|turn|1\n|\n|t:|1776213947\n|detailschange|p2a: Jigokudo|Gengar-Mega, L50, M, shiny\n|-mega|p2a: Jigokudo|Gengar|Gengarite\n|move|p2b: Incineroar|Fake Out|p1b: Garchomp\n|-damage|p1b: Garchomp|89/100\n|-damage|p2b: Incineroar|88/100|[from] ability: Rough Skin|[of] p1b: Garchomp\n|move|p1a: Aerodactyl|Tailwind|p1a: Aerodactyl\n|-sidestart|p1: ZeroGospel|move: Tailwind\n|cant|p1b: Garchomp|flinch\n|move|p2a: Jigokudo|Perish Song|p2a: Jigokudo\n|-start|p1a: Aerodactyl|perish3|[silent]\n|-start|p1b: Garchomp|perish3|[silent]\n|-start|p2a: Jigokudo|perish3|[silent]\n|-start|p2b: Incineroar|perish3|[silent]\n|-fieldactivate|move: Perish Song\n|\n|-start|p1a: Aerodactyl|perish3\n|-start|p1b: Garchomp|perish3\n|-start|p2a: Jigokudo|perish3\n|-start|p2b: Incineroar|perish3\n|upkeep\n|turn|2\n|\n|t:|1776213995\n|switch|p2a: Tyranitar|Tyranitar, L50, M|100/100\n|-weather|Sandstorm|[from] ability: Sand Stream|[of] p2a: Tyranitar\n|move|p1a: Aerodactyl|Rock Slide|p2a: Tyranitar|[spread] p2a,p2b\n|-supereffective|p2b: Incineroar|1\n|-damage|p2a: Tyranitar|86/100\n|-damage|p2b: Incineroar|55/100\n|move|p1b: Garchomp|Earthquake|p2b: Incineroar|[spread] p2a,p2b\n|-immune|p1a: Aerodactyl\n|-supereffective|p2a: Tyranitar|1\n|-supereffective|p2b: Incineroar|1\n|-damage|p2a: Tyranitar|41/100\n|-damage|p2b: Incineroar|9/100\n|move|p2b: Incineroar|Parting Shot|p1b: Garchomp\n|-unboost|p1b: Garchomp|atk|1\n|-unboost|p1b: Garchomp|spa|1\n|\n|t:|1776214010\n|switch|p2b: Jigokudo|Gengar-Mega, L50, M, shiny|100/100|[from] Parting Shot\n|\n|-weather|Sandstorm|[upkeep]\n|-damage|p2b: Jigokudo|95/100|[from] Sandstorm\n|-start|p1a: Aerodactyl|perish2\n|-start|p1b: Garchomp|perish2\n|upkeep\n|turn|3\n|\n|t:|1776214033\n|switch|p2a: Incineroar|Incineroar, L50, F|9/100\n|-ability|p2a: Incineroar|Intimidate|boost\n|-unboost|p1a: Aerodactyl|atk|1\n|-unboost|p1b: Garchomp|atk|1\n|move|p2b: Jigokudo|Protect|p2b: Jigokudo\n|-singleturn|p2b: Jigokudo|Protect\n|move|p1a: Aerodactyl|Rock Slide|p2b: Jigokudo|[spread] p2a\n|-activate|p2b: Jigokudo|move: Protect\n|-supereffective|p2a: Incineroar|1\n|-crit|p2a: Incineroar\n|-damage|p2a: Incineroar|0 fnt\n|faint|p2a: Incineroar\n|move|p1b: Garchomp|Earthquake|p2b: Jigokudo|[spread] \n|-activate|p2b: Jigokudo|move: Protect\n|-immune|p1a: Aerodactyl\n|\n|-weather|Sandstorm|[upkeep]\n|-damage|p2b: Jigokudo|89/100|[from] Sandstorm\n|-start|p1a: Aerodactyl|perish1\n|-start|p1b: Garchomp|perish1\n|upkeep\n|\n|t:|1776214053\n|switch|p2a: Kingambit|Kingambit, L50, F|100/100\n|turn|4\n|\n|t:|1776214068\n|move|p2b: Jigokudo|Protect|p2b: Jigokudo\n|-singleturn|p2b: Jigokudo|Protect\n|move|p2a: Kingambit|Protect|p2a: Kingambit\n|-singleturn|p2a: Kingambit|Protect\n|move|p1a: Aerodactyl|Rock Slide|p2b: Jigokudo|[spread] \n|-activate|p2a: Kingambit|move: Protect\n|-activate|p2b: Jigokudo|move: Protect\n|move|p1b: Garchomp|Earthquake|p2b: Jigokudo|[spread] \n|-activate|p2a: Kingambit|move: Protect\n|-activate|p2b: Jigokudo|move: Protect\n|-immune|p1a: Aerodactyl\n|\n|-weather|Sandstorm|[upkeep]\n|-damage|p2b: Jigokudo|83/100|[from] Sandstorm\n|-start|p1a: Aerodactyl|perish0\n|-start|p1b: Garchomp|perish0\n|-sideend|p1: ZeroGospel|move: Tailwind\n|faint|p1a: Aerodactyl\n|faint|p1b: Garchomp\n|upkeep\n|\n|t:|1776214085\n|switch|p1a: Clefable|Clefable, L50, M|100/100\n|switch|p1b: Delphox|Delphox, L50, M|100/100\n|turn|5\n|\n|t:|1776214107\n|detailschange|p1b: Delphox|Delphox-Mega, L50, M\n|-mega|p1b: Delphox|Delphox|Delphoxite\n|move|p1a: Clefable|Follow Me|p1a: Clefable\n|-singleturn|p1a: Clefable|move: Follow Me\n|move|p2a: Kingambit|Sucker Punch||[still]\n|-fail|p2a: Kingambit\n|move|p2b: Jigokudo|Shadow Ball|p1a: Clefable\n|-damage|p1a: Clefable|64/100\n|-unboost|p1a: Clefable|spd|1\n|move|p1b: Delphox|Psychic|p2b: Jigokudo\n|-supereffective|p2b: Jigokudo|1\n|-damage|p2b: Jigokudo|0 fnt\n|faint|p2b: Jigokudo\n|\n|-weather|Sandstorm|[upkeep]\n|-damage|p1b: Delphox|95/100|[from] Sandstorm\n|-damage|p1a: Clefable|58/100|[from] Sandstorm\n|upkeep\n|\n|t:|1776214122\n|switch|p2b: Tyranitar|Tyranitar, L50, M|41/100\n|turn|6\n|\n|t:|1776214134\n|move|p1a: Clefable|Follow Me|p1a: Clefable\n|-singleturn|p1a: Clefable|move: Follow Me\n|move|p2b: Tyranitar|Rock Slide|p1a: Clefable|[spread] p1a\n|-miss|p2b: Tyranitar|p1b: Delphox\n|-damage|p1a: Clefable|26/100\n|-enditem|p1a: Clefable|Sitrus Berry|[eat]\n|-heal|p1a: Clefable|51/100|[from] item: Sitrus Berry\n|move|p1b: Delphox|Heat Wave|p2a: Kingambit|[spread] p2a,p2b\n|-supereffective|p2a: Kingambit|1\n|-resisted|p2b: Tyranitar|1\n|-damage|p2a: Kingambit|7/100\n|-damage|p2b: Tyranitar|26/100\n|-status|p2b: Tyranitar|brn\n|move|p2a: Kingambit|Iron Head|p1a: Clefable\n|-supereffective|p1a: Clefable|1\n|-crit|p1a: Clefable\n|-damage|p1a: Clefable|0 fnt\n|faint|p1a: Clefable\n|\n|-weather|none\n|-damage|p2b: Tyranitar|20/100 brn|[from] brn\n|upkeep\n|turn|7\n|\n|t:|1776214160\n|move|p1b: Delphox|Protect|p1b: Delphox\n|-singleturn|p1b: Delphox|Protect\n|move|p2a: Kingambit|Sucker Punch||[still]\n|-fail|p2a: Kingambit\n|move|p2b: Tyranitar|Rock Slide|p1b: Delphox\n|-activate|p1b: Delphox|move: Protect\n|\n|-damage|p2b: Tyranitar|13/100 brn|[from] brn\n|upkeep\n|turn|8\n|\n|t:|1776214174\n|move|p2a: Kingambit|Sucker Punch|p1b: Delphox\n|-supereffective|p1b: Delphox|1\n|-damage|p1b: Delphox|0 fnt\n|faint|p1b: Delphox\n|\n|win|slothgameplay\n|raw|ZeroGospel's rating: 1126 &rarr; <strong>1102</strong><br />(-24 for losing)\n|raw|slothgameplay's rating: 1144 &rarr; <strong>1168</strong><br />(+24 for winning)\n",
  "uploadtime": 1776214175,
  "views": 14,
  "formatid": "gen9championsvgc2026regma",
  "rating": 1102,
  "private": 0,
  "password": null
}