{
  "id": "gen9championsvgc2026regma-2580847479",
  "format": "[Gen 9 Champions] VGC 2026 Reg M-A",
  "players": [
    "PPYYY",
    "Gigithegyarados"
  ],
  "log": "|j|\u2606PPYYY\n|j|\u2606Gigithegyarados\n|t:|1775937366\n|gametype|doubles\n|player|p1|PPYYY|miku-water|\n|player|p2|Gigithegyarados|265|\n|gen|9\n|tier|[Gen 9 Champions] VGC 2026 Reg M-A\n|rated|Tournament battle\n|rule|Species Clause: Limit one of each Pok\u00e9mon\n|rule|Item Clause: Limit 1 of each item\n|clearpoke\n|poke|p1|Gengar, L50, F|\n|poke|p1|Hydreigon, L50, F|\n|poke|p1|Corviknight, L50, F|\n|poke|p1|Incineroar, L50, M|\n|poke|p1|Typhlosion-Hisui, L50, F|\n|poke|p1|Milotic, L50, F|\n|poke|p2|Sinistcha, L50|\n|poke|p2|Hawlucha, L50, M|\n|poke|p2|Snorlax, L50, F|\n|poke|p2|Incineroar, L50, M|\n|poke|p2|Glimmora, L50, F|\n|poke|p2|Glalie, L50, M|\n|teampreview|4\n|j| VGCGoomey\n|\n|t:|1775937434\n|teamsize|p1|4\n|teamsize|p2|4\n|start\n|switch|p1a: lll|Typhlosion-Hisui, L50, F|100/100\n|switch|p1b: ll|Milotic, L50, F|100/100\n|switch|p2a: Snorlax|Snorlax, L50, F|100/100\n|switch|p2b: Hawlucha|Hawlucha, L50, M|100/100\n|-item|p2a: Snorlax|Leftovers|[from] ability: Frisk|[of] p1a: lll\n|-item|p2b: Hawlucha|Hawluchanite|[from] ability: Frisk|[of] p1a: lll\n|turn|1\n|j| salt_water123\n|j| Seasidee578\n|l| VGCGoomey\n|\n|t:|1775937487\n|move|p2b: Hawlucha|Protect|p2b: Hawlucha\n|-singleturn|p2b: Hawlucha|Protect\n|move|p1a: lll|Eruption|p2b: Hawlucha|[spread] p2a\n|-activate|p2b: Hawlucha|move: Protect\n|-damage|p2a: Snorlax|82/100\n|move|p1b: ll|Coil|p1b: ll\n|-boost|p1b: ll|atk|1\n|-boost|p1b: ll|def|1\n|-boost|p1b: ll|accuracy|1\n|move|p2a: Snorlax|Smack Down|p1a: lll\n|-supereffective|p1a: lll|1\n|-damage|p1a: lll|62/100\n|\n|-heal|p2a: Snorlax|88/100|[from] item: Leftovers\n|upkeep\n|turn|2\n|l| Seasidee578\n|\n|t:|1775937521\n|switch|p1a: llal|Corviknight, L50, F|100/100\n|detailschange|p2b: Hawlucha|Hawlucha-Mega, L50, M\n|-mega|p2b: Hawlucha|Hawlucha|Hawluchanite\n|move|p2b: Hawlucha|Entrainment|p2a: Snorlax\n|-ability|p2a: Snorlax|No Guard|Thick Fat|[from] move: Entrainment|[of] p2b: Hawlucha\n|move|p1b: ll|Hypnosis|p2a: Snorlax\n|-status|p2a: Snorlax|slp|[from] move: Hypnosis\n|cant|p2a: Snorlax|slp\n|\n|-heal|p2a: Snorlax|94/100 slp|[from] item: Leftovers\n|upkeep\n|turn|3\n|\n|t:|1775937563\n|switch|p2b: Incineroar|Incineroar, L50, M|100/100\n|-ability|p2b: Incineroar|Intimidate|boost\n|-ability|p1a: llal|Mirror Armor\n|-unboost|p2b: Incineroar|atk|1\n|-unboost|p1b: ll|atk|1\n|-ability|p1b: ll|Competitive|boost\n|-boost|p1b: ll|spa|2\n|move|p1b: ll|Protect|p1b: ll\n|-singleturn|p1b: ll|Protect\n|move|p1a: llal|Brave Bird|p2b: Incineroar\n|-damage|p2b: Incineroar|65/100\n|-damage|p1a: llal|89/100|[from] Recoil\n|cant|p2a: Snorlax|slp\n|\n|-heal|p2a: Snorlax|99/100 slp|[from] item: Leftovers\n|upkeep\n|turn|4\n|\n|t:|1775937587\n|move|p2b: Incineroar|Fake Out|p1b: ll\n|-damage|p1b: ll|96/100\n|cant|p1b: ll|flinch\n|move|p1a: llal|Iron Defense|p1a: llal\n|-boost|p1a: llal|def|2\n|-curestatus|p2a: Snorlax|slp|[msg]\n|move|p2a: Snorlax|Fissure|p1b: ll\n|-damage|p1b: ll|0 fnt\n|faint|p1b: ll\n|-ohko\n|\n|-heal|p2a: Snorlax|100/100|[from] item: Leftovers\n|upkeep\n|\n|t:|1775937591\n|switch|p1b: al|Gengar, L50, F|100/100\n|turn|5\n|\n|t:|1775937615\n|detailschange|p1b: al|Gengar-Mega, L50, F\n|-mega|p1b: al|Gengar|Gengarite\n|move|p1b: al|Disable|p2a: Snorlax\n|-start|p2a: Snorlax|Disable|Fissure\n|move|p1a: llal|Body Press|p2b: Incineroar\n|-supereffective|p2b: Incineroar|1\n|-damage|p2b: Incineroar|0 fnt\n|faint|p2b: Incineroar\n|move|p2a: Snorlax|Smack Down|p1a: llal\n|-damage|p1a: llal|85/100\n|-start|p1a: llal|Smack Down\n|\n|upkeep\n|\n|t:|1775937627\n|switch|p2b: Hawlucha|Hawlucha-Mega, L50, M|100/100\n|turn|6\n|\n|t:|1775937642\n|move|p1b: al|Protect|p1b: al\n|-singleturn|p1b: al|Protect\n|move|p2a: Snorlax|Protect|p2a: Snorlax\n|-singleturn|p2a: Snorlax|Protect\n|move|p2b: Hawlucha|Entrainment|p1b: al\n|-activate|p1b: al|move: Protect\n|move|p1a: llal|Brave Bird|p2b: Hawlucha\n|-supereffective|p2b: Hawlucha|1\n|-damage|p2b: Hawlucha|20/100\n|-damage|p1a: llal|61/100|[from] Recoil\n|\n|upkeep\n|turn|7\n|\n|t:|1775937665\n|move|p2b: Hawlucha|Protect|p2b: Hawlucha\n|-singleturn|p2b: Hawlucha|Protect\n|move|p1b: al|Sludge Bomb|p2a: Snorlax\n|-damage|p2a: Snorlax|68/100\n|move|p1a: llal|Body Press|p2a: Snorlax\n|-supereffective|p2a: Snorlax|1\n|-damage|p2a: Snorlax|10/100\n|move|p2a: Snorlax|Smack Down|p1b: al\n|-damage|p1b: al|79/100\n|\n|-heal|p2a: Snorlax|16/100|[from] item: Leftovers\n|upkeep\n|turn|8\n|\n|t:|1775937677\n|move|p2a: Snorlax|Protect|p2a: Snorlax\n|-singleturn|p2a: Snorlax|Protect\n|move|p1b: al|Sludge Bomb|p2b: Hawlucha\n|-damage|p2b: Hawlucha|0 fnt\n|faint|p2b: Hawlucha\n|move|p1a: llal|Body Press|p2a: Snorlax\n|-activate|p2a: Snorlax|move: Protect\n|\n|-heal|p2a: Snorlax|22/100|[from] item: Leftovers\n|-end|p2a: Snorlax|Disable\n|upkeep\n|\n|t:|1775937682\n|switch|p2b: Sinistcha|Sinistcha, L50|100/100\n|-heal|p2a: Snorlax|47/100|[from] ability: Hospitality|[of] p2b: Sinistcha\n|turn|9\n|\n|t:|1775937722\n|move|p2b: Sinistcha|Rage Powder|p2b: Sinistcha\n|-singleturn|p2b: Sinistcha|move: Rage Powder\n|move|p1b: al|Shadow Ball|p2b: Sinistcha\n|-supereffective|p2b: Sinistcha|1\n|-damage|p2b: Sinistcha|0 fnt\n|faint|p2b: Sinistcha\n|move|p1a: llal|Brave Bird|p2a: Snorlax\n|-damage|p2a: Snorlax|22/100\n|-damage|p1a: llal|51/100|[from] Recoil\n|move|p2a: Snorlax|Fissure|p1b: al\n|-damage|p1b: al|0 fnt\n|faint|p1b: al\n|-ohko\n|\n|-heal|p2a: Snorlax|28/100|[from] item: Leftovers\n|upkeep\n|\n|t:|1775937726\n|switch|p1b: lll|Typhlosion-Hisui, L50, F|62/100\n|-item|p2a: Snorlax|Leftovers|[from] ability: Frisk|[of] p1b: lll\n|turn|10\n|\n|t:|1775937733\n|move|p2a: Snorlax|Protect|p2a: Snorlax\n|-singleturn|p2a: Snorlax|Protect\n|move|p1b: lll|Overheat|p2a: Snorlax\n|-activate|p2a: Snorlax|move: Protect\n|move|p1a: llal|Body Press|p2a: Snorlax\n|-activate|p2a: Snorlax|move: Protect\n|\n|-heal|p2a: Snorlax|34/100|[from] item: Leftovers\n|upkeep\n|turn|11\n|\n|t:|1775937738\n|move|p1b: lll|Overheat|p2a: Snorlax\n|-damage|p2a: Snorlax|0 fnt\n|-unboost|p1b: lll|spa|2\n|faint|p2a: Snorlax\n|\n|win|PPYYY\n|n|\u2606PPYYY|ppyyy\n|n|\u2606Gigithegyarados|gigithegyarados\n|n| salt_water123|saltwater123\n",
  "uploadtime": 1775937740,
  "views": 17,
  "formatid": "gen9championsvgc2026regma",
  "rating": null,
  "private": 0,
  "password": null
}