{
  "id": "gen9championsvgc2026regma-2589391186",
  "format": "[Gen 9 Champions] VGC 2026 Reg M-A",
  "players": [
    "DragonairJordan23",
    "war92_"
  ],
  "log": "|j|\u2606DragonairJordan23\n|j|\u2606war92_\n|t:|1776719189\n|gametype|doubles\n|player|p1|DragonairJordan23|dancer|1167\n|player|p2|war92_|265|1156\n|gen|9\n|tier|[Gen 9 Champions] VGC 2026 Reg M-A\n|rated|\n|rule|Species Clause: Limit one of each Pok\u00e9mon\n|rule|Item Clause: Limit 1 of each item\n|clearpoke\n|poke|p1|Pelipper, L50, M|\n|poke|p1|Scovillain, L50, F|\n|poke|p1|Archaludon, L50, F|\n|poke|p1|Conkeldurr, L50, M|\n|poke|p1|Farigiraf, L50, F|\n|poke|p1|Glimmora, L50, F|\n|poke|p2|Aggron, L50, M|\n|poke|p2|Sinistcha, L50|\n|poke|p2|Milotic, L50, M|\n|poke|p2|Talonflame, L50, M|\n|poke|p2|Garchomp, L50, M|\n|poke|p2|Rotom-Wash, L50|\n|teampreview|4\n|inactive|Battle timer is ON: inactive players will automatically lose when time's up. (requested by DragonairJordan23)\n|inactive|war92_ has 60 seconds left.\n|\n|t:|1776719275\n|teamsize|p1|4\n|teamsize|p2|4\n|start\n|switch|p1a: Scovillain|Scovillain, L50, F|100/100\n|switch|p1b: Conkeldurr|Conkeldurr, L50, M|100/100\n|switch|p2a: Rotom|Rotom-Wash, L50|100/100\n|switch|p2b: Garchomp|Garchomp, L50, M|100/100\n|turn|1\n|inactive|DragonairJordan23 has 30 seconds left.\n|inactive|war92_ has 30 seconds left.\n|inactive|DragonairJordan23 has 20 seconds left.\n|\n|t:|1776719313\n|detailschange|p1a: Scovillain|Scovillain-Mega, L50, F\n|-mega|p1a: Scovillain|Scovillain|Scovillainite\n|move|p1b: Conkeldurr|Detect|p1b: Conkeldurr\n|-singleturn|p1b: Conkeldurr|Protect\n|move|p2b: Garchomp|Rock Slide|p1b: Conkeldurr|[spread] p1a\n|-activate|p1b: Conkeldurr|move: Protect\n|-supereffective|p1a: Scovillain|1\n|-damage|p1a: Scovillain|60/100\n|-status|p2b: Garchomp|brn|[from] ability: Spicy Spray|[of] p1a: Scovillain\n|move|p2a: Rotom|Volt Switch|p1b: Conkeldurr\n|-activate|p1b: Conkeldurr|move: Protect\n|move|p1a: Scovillain|Fire Spin|p2a: Rotom\n|-resisted|p2a: Rotom|1\n|-damage|p2a: Rotom|93/100\n|-activate|p2a: Rotom|move: Fire Spin|[of] p1a: Scovillain\n|\n|-damage|p2b: Garchomp|95/100 brn|[from] brn\n|-damage|p2a: Rotom|80/100|[from] move: Fire Spin|[partiallytrapped]\n|upkeep\n|turn|2\n|\n|t:|1776719336\n|switch|p1b: Archaludon|Archaludon, L50, F|100/100\n|move|p2b: Garchomp|Rock Slide|p1a: Scovillain|[spread] p1a,p1b\n|-supereffective|p1a: Scovillain|1\n|-resisted|p1b: Archaludon|1\n|-damage|p1a: Scovillain|40/100\n|-damage|p1b: Archaludon|97/100\n|-ability|p1b: Archaludon|Stamina|boost\n|-boost|p1b: Archaludon|def|1\n|move|p2a: Rotom|Volt Switch|p1b: Archaludon\n|-resisted|p1b: Archaludon|1\n|-damage|p1b: Archaludon|80/100\n|-ability|p1b: Archaludon|Stamina|boost\n|-boost|p1b: Archaludon|def|1\n|\n|t:|1776719351\n|switch|p2a: Talonflame|Talonflame, L50, M|100/100|[from] Volt Switch\n|move|p1a: Scovillain|Leech Seed|p2a: Talonflame\n|-start|p2a: Talonflame|move: Leech Seed\n|\n|-heal|p1b: Archaludon|86/100|[from] item: Leftovers\n|-damage|p2a: Talonflame|88/100|[from] Leech Seed|[of] p1a: Scovillain\n|-heal|p1a: Scovillain|51/100|[silent]\n|-damage|p2b: Garchomp|89/100 brn|[from] brn\n|upkeep\n|turn|3\n|inactive|war92_ has 30 seconds left.\n|\n|t:|1776719384\n|switch|p2b: Sinistcha|Sinistcha, L50|100/100\n|-heal|p2a: Talonflame|100/100|[from] ability: Hospitality|[of] p2b: Sinistcha\n|move|p1b: Archaludon|Protect|p1b: Archaludon\n|-singleturn|p1b: Archaludon|Protect\n|move|p1a: Scovillain|Protect|p1a: Scovillain\n|-singleturn|p1a: Scovillain|Protect\n|move|p2a: Talonflame|Brave Bird|p1a: Scovillain\n|-activate|p1a: Scovillain|move: Protect\n|\n|-heal|p1b: Archaludon|92/100|[from] item: Leftovers\n|-damage|p2a: Talonflame|88/100|[from] Leech Seed|[of] p1a: Scovillain\n|-heal|p1a: Scovillain|62/100|[silent]\n|upkeep\n|turn|4\n|\n|t:|1776719406\n|switch|p1a: Pelipper|Pelipper, L50, M|100/100\n|-weather|RainDance|[from] ability: Drizzle|[of] p1a: Pelipper\n|move|p2b: Sinistcha|Rage Powder|p2b: Sinistcha\n|-singleturn|p2b: Sinistcha|move: Rage Powder\n|move|p2a: Talonflame|Brave Bird|p1a: Pelipper\n|-damage|p1a: Pelipper|42/100\n|-damage|p2a: Talonflame|70/100|[from] Recoil\n|move|p1b: Archaludon|Electro Shot||[still]\n|-prepare|p1b: Archaludon|Electro Shot\n|-boost|p1b: Archaludon|spa|1\n|-anim|p1b: Archaludon|Electro Shot|p2b: Sinistcha\n|-resisted|p2b: Sinistcha|1\n|-damage|p2b: Sinistcha|74/100\n|\n|-weather|RainDance|[upkeep]\n|-heal|p1b: Archaludon|98/100|[from] item: Leftovers\n|-damage|p2a: Talonflame|58/100|[from] Leech Seed|[of] p1a: Pelipper\n|-heal|p1a: Pelipper|55/100|[silent]\n|upkeep\n|turn|5\n|inactive|war92_ has 30 seconds left.\n|\n|t:|1776719440\n|switch|p2a: Rotom|Rotom-Wash, L50|80/100\n|move|p2b: Sinistcha|Protect|p2b: Sinistcha\n|-singleturn|p2b: Sinistcha|Protect\n|move|p1a: Pelipper|Hurricane|p2b: Sinistcha\n|-activate|p2b: Sinistcha|move: Protect\n|move|p1b: Archaludon|Electro Shot||[still]\n|-prepare|p1b: Archaludon|Electro Shot\n|-boost|p1b: Archaludon|spa|1\n|-anim|p1b: Archaludon|Electro Shot|p2a: Rotom\n|-damage|p2a: Rotom|0 fnt\n|faint|p2a: Rotom\n|\n|-weather|RainDance|[upkeep]\n|-heal|p1b: Archaludon|100/100|[from] item: Leftovers\n|upkeep\n|\n|t:|1776719458\n|switch|p2a: Garchomp|Garchomp, L50, M|89/100 brn\n|turn|6\n|\n|t:|1776719474\n|switch|p2b: Talonflame|Talonflame, L50, M|58/100\n|move|p2a: Garchomp|Earthquake|p1b: Archaludon|[spread] p1b\n|-immune|p2b: Talonflame\n|-immune|p1a: Pelipper\n|-supereffective|p1b: Archaludon|1\n|-damage|p1b: Archaludon|86/100\n|-ability|p1b: Archaludon|Stamina|boost\n|-boost|p1b: Archaludon|def|1\n|move|p1a: Pelipper|Hurricane|p2b: Talonflame\n|-damage|p2b: Talonflame|0 fnt\n|faint|p2b: Talonflame\n|move|p1b: Archaludon|Dragon Pulse|p2a: Garchomp\n|-supereffective|p2a: Garchomp|1\n|-damage|p2a: Garchomp|0 fnt\n|faint|p2a: Garchomp\n|\n|-weather|RainDance|[upkeep]\n|-heal|p1b: Archaludon|91/100|[from] item: Leftovers\n|upkeep\n|\n|t:|1776719492\n|switch|p2a: Sinistcha|Sinistcha, L50|74/100\n|turn|7\n|-message|war92_ forfeited.\n|\n|win|DragonairJordan23\n|raw|DragonairJordan23's rating: 1167 &rarr; <strong>1191</strong><br />(+24 for winning)\n|raw|war92_'s rating: 1156 &rarr; <strong>1132</strong><br />(-24 for losing)\n",
  "uploadtime": 1776719498,
  "views": 17,
  "formatid": "gen9championsvgc2026regma",
  "rating": 1132,
  "private": 0,
  "password": null
}