{
  "id": "gen9championsvgc2026regma-2588899817",
  "format": "[Gen 9 Champions] VGC 2026 Reg M-A",
  "players": [
    "Istorm10",
    "SoftwareSuckers"
  ],
  "log": "|j|\u2606Istorm10\n|j|\u2606SoftwareSuckers\n|t:|1776683909\n|gametype|doubles\n|player|p1|Istorm10|red|1102\n|player|p2|SoftwareSuckers|fisherman|1150\n|gen|9\n|tier|[Gen 9 Champions] VGC 2026 Reg M-A\n|rated|\n|rule|Species Clause: Limit one of each Pok\u00e9mon\n|rule|Item Clause: Limit 1 of each item\n|clearpoke\n|poke|p1|Meganium, L50, F|\n|poke|p1|Archaludon, L50, F|\n|poke|p1|Kangaskhan, L50, F|\n|poke|p1|Aerodactyl, L50, F|\n|poke|p1|Typhlosion-Hisui, L50, F|\n|poke|p1|Tauros-Paldea-Aqua, L50, M|\n|poke|p2|Feraligatr, L50, F, shiny|\n|poke|p2|Gengar, L50, F, shiny|\n|poke|p2|Sinistcha, L50|\n|poke|p2|Incineroar, L50, M|\n|poke|p2|Archaludon, L50, M|\n|poke|p2|Pelipper, L50, F, shiny|\n|teampreview|4\n|\n|t:|1776683950\n|teamsize|p1|4\n|teamsize|p2|4\n|start\n|switch|p1a: Kangaskhan|Kangaskhan, L50, F|100/100\n|switch|p1b: Archaludon|Archaludon, L50, F|100/100\n|switch|p2a: Kirito|Gengar, L50, F, shiny|100/100\n|switch|p2b: Todoroki|Incineroar, L50, M|100/100\n|-ability|p2b: Todoroki|Intimidate|boost\n|-fail|p1a: Kangaskhan|unboost|Attack|[from] ability: Inner Focus|[of] p1a: Kangaskhan\n|-unboost|p1b: Archaludon|atk|1\n|turn|1\n|\n|t:|1776683967\n|detailschange|p1a: Kangaskhan|Kangaskhan-Mega, L50, F\n|-mega|p1a: Kangaskhan|Kangaskhan|Kangaskhanite\n|move|p1b: Archaludon|Protect|p1b: Archaludon\n|-singleturn|p1b: Archaludon|Protect\n|move|p1a: Kangaskhan|Fake Out|p2b: Todoroki\n|-damage|p2b: Todoroki|77/100\n|-damage|p2b: Todoroki|72/100\n|-hitcount|p2b: Todoroki|2\n|cant|p2b: Todoroki|flinch\n|move|p2a: Kirito|Icy Wind|p1a: Kangaskhan|[spread] \n|-activate|p1b: Archaludon|move: Protect\n|-miss|p2a: Kirito|p1a: Kangaskhan\n|\n|upkeep\n|turn|2\n|\n|t:|1776683992\n|move|p1a: Kangaskhan|Sucker Punch|p2a: Kirito\n|-supereffective|p2a: Kirito|1\n|-damage|p2a: Kirito|4/100\n|-start|p1a: Kangaskhan|Disable|Sucker Punch|[from] ability: Cursed Body|[of] p2a: Kirito\n|-supereffective|p2a: Kirito|1\n|-damage|p2a: Kirito|0 fnt\n|faint|p2a: Kirito\n|-hitcount|p2: Kirito|2\n|move|p1b: Archaludon|Draco Meteor|p2b: Todoroki\n|-crit|p2b: Todoroki\n|-damage|p2b: Todoroki|0 fnt\n|-unboost|p1b: Archaludon|spa|2\n|faint|p2b: Todoroki\n|\n|upkeep\n|\n|t:|1776684002\n|switch|p2a: Deku-Chan|Feraligatr, L50, F, shiny|100/100\n|switch|p2b: Asuna|Sinistcha, L50|100/100\n|turn|3\n|\n|t:|1776684035\n|detailschange|p2a: Deku-Chan|Feraligatr-Mega, L50, F, shiny\n|-mega|p2a: Deku-Chan|Feraligatr|Feraligite\n|move|p1b: Archaludon|Protect|p1b: Archaludon\n|-singleturn|p1b: Archaludon|Protect\n|move|p2b: Asuna|Rage Powder|p2b: Asuna\n|-singleturn|p2b: Asuna|move: Rage Powder\n|move|p1a: Kangaskhan|Double-Edge|p2b: Asuna\n|-immune|p2b: Asuna\n|move|p2a: Deku-Chan|Dragon Dance|p2a: Deku-Chan\n|-boost|p2a: Deku-Chan|atk|1\n|-boost|p2a: Deku-Chan|spe|1\n|\n|upkeep\n|turn|4\n|\n|t:|1776684064\n|switch|p1a: Tauros|Tauros-Paldea-Aqua, L50, M|100/100\n|-ability|p1a: Tauros|Intimidate|boost\n|-unboost|p2a: Deku-Chan|atk|1\n|-unboost|p2b: Asuna|atk|1\n|switch|p1b: Typhlosion|Typhlosion-Hisui, L50, F|100/100\n|-item|p2a: Deku-Chan|Feraligite|[from] ability: Frisk|[of] p1b: Typhlosion\n|-item|p2b: Asuna|Mental Herb|[from] ability: Frisk|[of] p1b: Typhlosion\n|move|p2b: Asuna|Rage Powder|p2b: Asuna\n|-singleturn|p2b: Asuna|move: Rage Powder\n|move|p2a: Deku-Chan|Dragon Dance|p2a: Deku-Chan\n|-boost|p2a: Deku-Chan|atk|1\n|-boost|p2a: Deku-Chan|spe|1\n|\n|upkeep\n|turn|5\n|\n|t:|1776684094\n|switch|p1b: Archaludon|Archaludon, L50, F|100/100\n|move|p1a: Tauros|Aqua Jet|p2b: Asuna\n|-resisted|p2b: Asuna|1\n|-damage|p2b: Asuna|92/100\n|move|p2a: Deku-Chan|Liquidation|p1b: Archaludon\n|-resisted|p1b: Archaludon|1\n|-damage|p1b: Archaludon|64/100\n|move|p2b: Asuna|Matcha Gotcha|p1a: Tauros|[spread] p1a,p1b\n|-supereffective|p1a: Tauros|1\n|-resisted|p1b: Archaludon|2\n|-damage|p1a: Tauros|22/100\n|-heal|p2b: Asuna|100/100|[from] drain|[of] p1a: Tauros\n|-damage|p1b: Archaludon|53/100\n|-status|p1b: Archaludon|brn\n|\n|-heal|p1b: Archaludon|59/100 brn|[from] item: Leftovers\n|-damage|p1b: Archaludon|53/100 brn|[from] brn\n|upkeep\n|turn|6\n|\n|t:|1776684118\n|move|p1a: Tauros|Protect|p1a: Tauros\n|-singleturn|p1a: Tauros|Protect\n|move|p2a: Deku-Chan|Double-Edge|p1b: Archaludon\n|-damage|p1b: Archaludon|0 fnt\n|faint|p1b: Archaludon\n|-damage|p2a: Deku-Chan|82/100|[from] Recoil\n|move|p2b: Asuna|Matcha Gotcha|p1a: Tauros\n|-activate|p1a: Tauros|move: Protect\n|\n|upkeep\n|\n|t:|1776684128\n|switch|p1b: Kangaskhan|Kangaskhan-Mega, L50, F|100/100\n|turn|7\n|\n|t:|1776684140\n|move|p2a: Deku-Chan|Protect|p2a: Deku-Chan\n|-singleturn|p2a: Deku-Chan|Protect\n|move|p1b: Kangaskhan|Fake Out|p2a: Deku-Chan\n|-activate|p2a: Deku-Chan|move: Protect\n|move|p1a: Tauros|Close Combat|p2a: Deku-Chan\n|-activate|p2a: Deku-Chan|move: Protect\n|move|p2b: Asuna|Matcha Gotcha|p1b: Kangaskhan|[spread] p1a,p1b\n|-supereffective|p1a: Tauros|1\n|-damage|p1a: Tauros|0 fnt\n|-damage|p1b: Kangaskhan|75/100\n|faint|p1a: Tauros\n|\n|upkeep\n|\n|t:|1776684160\n|switch|p1a: Typhlosion|Typhlosion-Hisui, L50, F|100/100\n|-item|p2a: Deku-Chan|Feraligite|[from] ability: Frisk|[of] p1a: Typhlosion\n|-item|p2b: Asuna|Mental Herb|[from] ability: Frisk|[of] p1a: Typhlosion\n|turn|8\n|\n|t:|1776684168\n|move|p2b: Asuna|Rage Powder|p2b: Asuna\n|-singleturn|p2b: Asuna|move: Rage Powder\n|move|p2a: Deku-Chan|Liquidation|p1a: Typhlosion\n|-supereffective|p1a: Typhlosion|1\n|-damage|p1a: Typhlosion|0 fnt\n|faint|p1a: Typhlosion\n|move|p1b: Kangaskhan|Double-Edge|p2b: Asuna\n|-immune|p2b: Asuna\n|\n|upkeep\n|turn|9\n|-message|Istorm10 forfeited.\n|\n|win|SoftwareSuckers\n|raw|Istorm10's rating: 1102 &rarr; <strong>1080</strong><br />(-22 for losing)\n|raw|SoftwareSuckers's rating: 1150 &rarr; <strong>1172</strong><br />(+22 for winning)\n|l|\u2606Istorm10\n|player|p1|\n",
  "uploadtime": 1776684318,
  "views": 14,
  "formatid": "gen9championsvgc2026regma",
  "rating": 1080,
  "private": 0,
  "password": null
}