{
  "id": "gen9championsvgc2026regma-2586122926",
  "format": "[Gen 9 Champions] VGC 2026 Reg M-A",
  "players": [
    "sluggopeej",
    "Mark Smith"
  ],
  "log": "|j|\u2606sluggopeej\n|j|\u2606Mark Smith\n|t:|1776401749\n|gametype|doubles\n|player|p1|sluggopeej|266|1166\n|player|p2|Mark Smith|170|1266\n|gen|9\n|tier|[Gen 9 Champions] VGC 2026 Reg M-A\n|rated|\n|rule|Species Clause: Limit one of each Pok\u00e9mon\n|rule|Item Clause: Limit 1 of each item\n|clearpoke\n|poke|p1|Meganium, L50, M|\n|poke|p1|Archaludon, L50, F|\n|poke|p1|Kangaskhan, L50, F|\n|poke|p1|Aerodactyl, L50, M|\n|poke|p1|Tauros-Paldea-Aqua, L50, M|\n|poke|p1|Typhlosion-Hisui, L50, F|\n|poke|p2|Delphox, L50, F|\n|poke|p2|Garchomp, L50, F|\n|poke|p2|Blastoise, L50, F|\n|poke|p2|Maushold, L50|\n|poke|p2|Whimsicott, L50, F|\n|poke|p2|Weavile, L50, M|\n|teampreview|4\nMark Smith rejected open team sheets.\n|\n|t:|1776401789\n|teamsize|p1|4\n|teamsize|p2|4\n|start\n|switch|p1a: Aerodactyl|Aerodactyl, L50, M|100/100\n|switch|p1b: Kangaskhan|Kangaskhan, L50, F|100/100\n|switch|p2a: Whimsicott|Whimsicott, L50, F|100/100\n|switch|p2b: Weavile|Weavile, L50, M|100/100\n|-ability|p1a: Aerodactyl|Unnerve\n|-ability|p2b: Weavile|Pressure\n|turn|1\n|\n|t:|1776401806\n|move|p2b: Weavile|Fake Out|p1b: Kangaskhan\n|-damage|p1b: Kangaskhan|86/100\n|move|p1b: Kangaskhan|Fake Out|p2a: Whimsicott\n|-damage|p2a: Whimsicott|75/100\n|cant|p2a: Whimsicott|flinch\n|move|p1a: Aerodactyl|Rock Slide|p2a: Whimsicott|[spread] p2a\n|-miss|p1a: Aerodactyl|p2b: Weavile\n|-crit|p2a: Whimsicott\n|-damage|p2a: Whimsicott|26/100\n|\n|upkeep\n|turn|2\n|\n|t:|1776401823\n|switch|p1b: Archaludon|Archaludon, L50, F|100/100\n|move|p2a: Whimsicott|Tailwind|p2a: Whimsicott\n|-sidestart|p2: Mark Smith|move: Tailwind\n|move|p2b: Weavile|Taunt|p1a: Aerodactyl\n|-start|p1a: Aerodactyl|move: Taunt\n|cant|p1a: Aerodactyl|move: Taunt|Tailwind\n|\n|upkeep\n|turn|3\n|\n|t:|1776401842\n|move|p2a: Whimsicott|Memento|p1b: Archaludon\n|-unboost|p1b: Archaludon|atk|2\n|-unboost|p1b: Archaludon|spa|2\n|faint|p2a: Whimsicott\n|move|p2b: Weavile|Triple Axel|p1a: Aerodactyl\n|-supereffective|p1a: Aerodactyl|1\n|-damage|p1a: Aerodactyl|66/100\n|-supereffective|p1a: Aerodactyl|1\n|-damage|p1a: Aerodactyl|4/100\n|-supereffective|p1a: Aerodactyl|1\n|-damage|p1a: Aerodactyl|0 fnt\n|faint|p1a: Aerodactyl\n|-hitcount|p1: Aerodactyl|3\n|move|p1b: Archaludon|Draco Meteor|p2b: Weavile\n|-damage|p2b: Weavile|53/100\n|-unboost|p1b: Archaludon|spa|2\n|\n|upkeep\n|\n|t:|1776401859\n|switch|p1a: Kangaskhan|Kangaskhan, L50, F|86/100\n|switch|p2a: Delphox|Delphox, L50, F|100/100\n|turn|4\n|\n|t:|1776401879\n|switch|p1b: Meganium|Meganium, L50, M|100/100\n|detailschange|p2a: Delphox|Delphox-Mega, L50, F\n|-mega|p2a: Delphox|Delphox|Delphoxite\n|detailschange|p1a: Kangaskhan|Kangaskhan-Mega, L50, F\n|-mega|p1a: Kangaskhan|Kangaskhan|Kangaskhanite\n|move|p1a: Kangaskhan|Fake Out|p2b: Weavile\n|-damage|p2b: Weavile|11/100\n|-damage|p2b: Weavile|2/100\n|-hitcount|p2b: Weavile|2\n|move|p2a: Delphox|Nasty Plot|p2a: Delphox\n|-boost|p2a: Delphox|spa|2\n|cant|p2b: Weavile|flinch\n|\n|upkeep\n|turn|5\n|\n|t:|1776401899\n|move|p1a: Kangaskhan|Sucker Punch|p2a: Delphox\n|-supereffective|p2a: Delphox|1\n|-damage|p2a: Delphox|24/100\n|-supereffective|p2a: Delphox|1\n|-damage|p2a: Delphox|4/100\n|-hitcount|p2a: Delphox|2\n|move|p2a: Delphox|Heat Wave|p1b: Meganium|[spread] p1a,p1b\n|-supereffective|p1b: Meganium|1\n|-damage|p1a: Kangaskhan|4/100\n|-damage|p1b: Meganium|0 fnt\n|faint|p1b: Meganium\n|move|p2b: Weavile|Triple Axel|p1a: Kangaskhan\n|-damage|p1a: Kangaskhan|0 fnt\n|faint|p1a: Kangaskhan\n|-hitcount|p1: Kangaskhan|1\n|\n|-sideend|p2: Mark Smith|move: Tailwind\n|upkeep\n|\n|t:|1776401916\n|switch|p1b: Archaludon|Archaludon, L50, F|100/100\n|turn|6\n|\n|t:|1776401926\n|move|p2a: Delphox|Heat Wave|p1b: Archaludon\n|-damage|p1b: Archaludon|0 fnt\n|faint|p1b: Archaludon\n|\n|win|Mark Smith\n|raw|sluggopeej's rating: 1166 &rarr; <strong>1148</strong><br />(-18 for losing)\n|raw|Mark Smith's rating: 1266 &rarr; <strong>1284</strong><br />(+18 for winning)\n|l|\u2606sluggopeej\n|player|p1|\n",
  "uploadtime": 1776401931,
  "views": 16,
  "formatid": "gen9championsvgc2026regma",
  "rating": 1148,
  "private": 0,
  "password": null
}