{
  "id": "gen9championsvgc2026regma-2582359756",
  "format": "[Gen 9 Champions] VGC 2026 Reg M-A",
  "players": [
    "ChuletonTernera",
    "Braute"
  ],
  "log": "|j|\u2606ChuletonTernera\n|j|\u2606Braute\n|t:|1776086281\n|gametype|doubles\n|player|p1|ChuletonTernera|265|1310\n|player|p2|Braute|miku-fire|1238\n|gen|9\n|tier|[Gen 9 Champions] VGC 2026 Reg M-A\n|rated|\n|rule|Species Clause: Limit one of each Pok\u00e9mon\n|rule|Item Clause: Limit 1 of each item\n|clearpoke\n|poke|p1|Delphox, L50, M|\n|poke|p1|Kommo-o, L50, M|\n|poke|p1|Sinistcha, L50|\n|poke|p1|Milotic, L50, M|\n|poke|p1|Kangaskhan, L50, F|\n|poke|p1|Kingambit, L50, F|\n|poke|p2|Beedrill, L50, M|\n|poke|p2|Incineroar, L50, F|\n|poke|p2|Talonflame, L50, M|\n|poke|p2|Kingambit, L50, M|\n|poke|p2|Tyranitar, L50, F|\n|poke|p2|Excadrill, L50, F|\n|teampreview|4\n|inactive|Battle timer is ON: inactive players will automatically lose when time's up. (requested by Braute)\n|inactive|ChuletonTernera has 60 seconds left.\n|inactive|Braute has 60 seconds left.\n|\n|t:|1776086317\n|teamsize|p1|4\n|teamsize|p2|4\n|start\n|switch|p1a: Kommo-o|Kommo-o, L50, M|100/100\n|switch|p1b: Kangaskhan|Kangaskhan, L50, F, shiny|100/100\n|switch|p2a: Beedrill|Beedrill, L50, M, shiny|100/100\n|switch|p2b: Kingambit|Kingambit, L50, M, shiny|100/100\n|turn|1\n|\n|t:|1776086335\n|detailschange|p2a: Beedrill|Beedrill-Mega, L50, M, shiny\n|-mega|p2a: Beedrill|Beedrill|Beedrillite\n|move|p1b: Kangaskhan|Fake Out|p2a: Beedrill\n|-damage|p2a: Beedrill|58/100\n|cant|p2a: Beedrill|flinch\n|move|p1a: Kommo-o|Clangorous Soul|p1a: Kommo-o\n|-boost|p1a: Kommo-o|atk|1\n|-boost|p1a: Kommo-o|def|1\n|-boost|p1a: Kommo-o|spa|1\n|-boost|p1a: Kommo-o|spd|1\n|-boost|p1a: Kommo-o|spe|1\n|-damage|p1a: Kommo-o|68/100\n|move|p2b: Kingambit|Low Kick|p1b: Kangaskhan\n|-supereffective|p1b: Kangaskhan|1\n|-enditem|p1b: Kangaskhan|Chople Berry|[eat]\n|-enditem|p1b: Kangaskhan|Chople Berry|[weaken]\n|-damage|p1b: Kangaskhan|70/100\n|\n|-heal|p1a: Kommo-o|74/100|[from] item: Leftovers\n|upkeep\n|turn|2\n|inactive|Braute has 30 seconds left.\n|\n|t:|1776086367\n|switch|p2a: Tyranitar|Tyranitar, L50, F|100/100\n|-weather|Sandstorm|[from] ability: Sand Stream|[of] p2a: Tyranitar\n|switch|p1b: Sinistcha|Sinistcha, L50|100/100\n|-heal|p1a: Kommo-o|99/100|[from] ability: Hospitality|[of] p1b: Sinistcha\n|move|p2b: Kingambit|Protect|p2b: Kingambit\n|-singleturn|p2b: Kingambit|Protect\n|move|p1a: Kommo-o|Clanging Scales|p2a: Tyranitar|[spread] p2a\n|-activate|p2b: Kingambit|move: Protect\n|-damage|p2a: Tyranitar|68/100\n|-unboost|p1a: Kommo-o|def|1\n|\n|-weather|Sandstorm|[upkeep]\n|-damage|p1a: Kommo-o|93/100|[from] Sandstorm\n|-damage|p1b: Sinistcha|94/100|[from] Sandstorm\n|-heal|p1a: Kommo-o|99/100|[from] item: Leftovers\n|upkeep\n|turn|3\n|inactive|ChuletonTernera has 30 seconds left.\n|inactive|ChuletonTernera has 20 seconds left.\n|\n|t:|1776086404\n|move|p1b: Sinistcha|Rage Powder|p1b: Sinistcha\n|-singleturn|p1b: Sinistcha|move: Rage Powder\n|move|p1a: Kommo-o|Aura Sphere|p2b: Kingambit\n|-supereffective|p2b: Kingambit|2\n|-damage|p2b: Kingambit|0 fnt\n|faint|p2b: Kingambit\n|move|p2a: Tyranitar|Rock Slide|p1b: Sinistcha|[spread] p1a,p1b\n|-resisted|p1a: Kommo-o|1\n|-damage|p1a: Kommo-o|87/100\n|-damage|p1b: Sinistcha|66/100\n|\n|-weather|Sandstorm|[upkeep]\n|-damage|p1a: Kommo-o|81/100|[from] Sandstorm\n|-damage|p1b: Sinistcha|59/100|[from] Sandstorm\n|-heal|p1a: Kommo-o|87/100|[from] item: Leftovers\n|upkeep\n|\n|t:|1776086413\n|switch|p2b: Excadrill|Excadrill, L50, F|100/100\n|turn|4\n|inactive|ChuletonTernera has 30 seconds left.\n|inactive|ChuletonTernera has 20 seconds left.\n|\n|t:|1776086453\n|move|p2b: Excadrill|Rock Slide|p1b: Sinistcha|[spread] p1a\n|-miss|p2b: Excadrill|p1b: Sinistcha\n|-resisted|p1a: Kommo-o|1\n|-damage|p1a: Kommo-o|79/100\n|move|p1a: Kommo-o|Aura Sphere|p2b: Excadrill\n|-supereffective|p2b: Excadrill|1\n|-enditem|p2b: Excadrill|Focus Sash\n|-damage|p2b: Excadrill|1/100\n|move|p1b: Sinistcha|Life Dew|p1b: Sinistcha|[spread] p1a,p1b\n|-heal|p1a: Kommo-o|100/100\n|-heal|p1b: Sinistcha|85/100\n|move|p2a: Tyranitar|Knock Off|p1b: Sinistcha\n|-supereffective|p1b: Sinistcha|1\n|-damage|p1b: Sinistcha|0 fnt\n|-enditem|p1b: Sinistcha|Sitrus Berry|[from] move: Knock Off|[of] p2a: Tyranitar\n|faint|p1b: Sinistcha\n|\n|-weather|Sandstorm|[upkeep]\n|-damage|p1a: Kommo-o|95/100|[from] Sandstorm\n|-heal|p1a: Kommo-o|100/100|[from] item: Leftovers\n|upkeep\n|\n|t:|1776086474\n|switch|p1b: Milotic|Milotic, L50, M, shiny|100/100\n|turn|5\n|\n|t:|1776086487\n|move|p2b: Excadrill|Iron Head|p1a: Kommo-o\n|-damage|p1a: Kommo-o|65/100\n|cant|p1a: Kommo-o|flinch\n|move|p1b: Milotic|Muddy Water|p2b: Excadrill|[spread] p2a,p2b\n|-supereffective|p2a: Tyranitar|1\n|-supereffective|p2b: Excadrill|1\n|-damage|p2a: Tyranitar|27/100\n|-damage|p2b: Excadrill|0 fnt\n|-unboost|p2a: Tyranitar|accuracy|1\n|faint|p2b: Excadrill\n|move|p2a: Tyranitar|Knock Off|p1b: Milotic\n|-damage|p1b: Milotic|54/100\n|-enditem|p1b: Milotic|Mystic Water|[from] move: Knock Off|[of] p2a: Tyranitar\n|\n|-weather|Sandstorm|[upkeep]\n|-damage|p1a: Kommo-o|59/100|[from] Sandstorm\n|-damage|p1b: Milotic|48/100|[from] Sandstorm\n|-heal|p1a: Kommo-o|65/100|[from] item: Leftovers\n|upkeep\n|\n|t:|1776086497\n|switch|p2b: Beedrill|Beedrill-Mega, L50, M, shiny|58/100\n|turn|6\n|\n|t:|1776086509\n|move|p1a: Kommo-o|Protect|p1a: Kommo-o\n|-singleturn|p1a: Kommo-o|Protect\n|move|p2b: Beedrill|Poison Jab|p1a: Kommo-o\n|-activate|p1a: Kommo-o|move: Protect\n|move|p1b: Milotic|Muddy Water|p2b: Beedrill|[spread] p2a,p2b\n|-supereffective|p2a: Tyranitar|1\n|-damage|p2a: Tyranitar|0 fnt\n|-damage|p2b: Beedrill|13/100\n|faint|p2a: Tyranitar\n|\n|-weather|none\n|-heal|p1a: Kommo-o|71/100|[from] item: Leftovers\n|upkeep\n|turn|7\n|-message|Braute forfeited.\n|\n|win|ChuletonTernera\n|raw|ChuletonTernera's rating: 1310 &rarr; <strong>1326</strong><br />(+16 for winning)\n|raw|Braute's rating: 1238 &rarr; <strong>1218</strong><br />(-20 for losing)\n",
  "uploadtime": 1776086523,
  "views": 54,
  "formatid": "gen9championsvgc2026regma",
  "rating": 1218,
  "private": 0,
  "password": null
}