{
  "id": "gen9championsvgc2026regma-2583158239",
  "format": "[Gen 9 Champions] VGC 2026 Reg M-A",
  "players": [
    "HoodieStyx",
    "the great crusader"
  ],
  "log": "|j|\u2606HoodieStyx\n|j|\u203dthe great crusader\n|t:|1776149100\n|gametype|doubles\n|player|p1|HoodieStyx|skyla|1230\n|player|p2|the great crusader|plasmagrunt|1246\n|gen|9\n|tier|[Gen 9 Champions] VGC 2026 Reg M-A\n|rated|\n|rule|Species Clause: Limit one of each Pok\u00e9mon\n|rule|Item Clause: Limit 1 of each item\n|clearpoke\n|poke|p1|Starmie, L50|\n|poke|p1|Incineroar, L50, M|\n|poke|p1|Sneasler, L50, M|\n|poke|p1|Sylveon, L50, F|\n|poke|p1|Sinistcha, L50|\n|poke|p1|Kingambit, L50, F|\n|poke|p2|Pelipper, L50, M|\n|poke|p2|Basculegion, L50, M|\n|poke|p2|Archaludon, L50, M|\n|poke|p2|Sneasler, L50, F|\n|poke|p2|Tsareena, L50, F|\n|poke|p2|Dragonite, L50, M|\n|teampreview|4\n|inactive|Battle timer is ON: inactive players will automatically lose when time's up. (requested by the great crusader)\n|\n|t:|1776149182\n|teamsize|p1|4\n|teamsize|p2|4\n|start\n|switch|p1a: Sneasler|Sneasler, L50, M|100/100\n|switch|p1b: Starmie|Starmie, L50|100/100\n|switch|p2a: Tsareena|Tsareena, L50, F|100/100\n|switch|p2b: Pelipper|Pelipper, L50, M|100/100\n|-weather|RainDance|[from] ability: Drizzle|[of] p2b: Pelipper\n|turn|1\n|\n|t:|1776149197\n|detailschange|p1b: Starmie|Starmie-Mega, L50\n|-mega|p1b: Starmie|Starmie|Starminite\n|move|p2a: Tsareena|Protect|p2a: Tsareena\n|-singleturn|p2a: Tsareena|Protect\n|move|p1a: Sneasler|Coaching|p1b: Starmie\n|-boost|p1b: Starmie|atk|1\n|-boost|p1b: Starmie|def|1\n|move|p1b: Starmie|Psycho Cut|p2a: Tsareena\n|-activate|p2a: Tsareena|move: Protect\n|move|p2b: Pelipper|Tailwind|p2b: Pelipper\n|-sidestart|p2: the great crusader|move: Tailwind\n|\n|-weather|RainDance|[upkeep]\n|upkeep\n|turn|2\n|\n|t:|1776149221\n|move|p1b: Starmie|Protect|p1b: Starmie\n|-singleturn|p1b: Starmie|Protect\n|move|p2a: Tsareena|Power Whip|p1b: Starmie\n|-activate|p1b: Starmie|move: Protect\n|move|p2b: Pelipper|Hurricane|p1a: Sneasler\n|-supereffective|p1a: Sneasler|1\n|-enditem|p1a: Sneasler|Focus Sash\n|-damage|p1a: Sneasler|1/100\n|move|p1a: Sneasler|Close Combat|p2a: Tsareena\n|-damage|p2a: Tsareena|22/100\n|-unboost|p1a: Sneasler|def|1\n|-unboost|p1a: Sneasler|spd|1\n|\n|-weather|RainDance|[upkeep]\n|upkeep\n|turn|3\n|\n|t:|1776149241\n|move|p2a: Tsareena|Protect|p2a: Tsareena\n|-singleturn|p2a: Tsareena|Protect\n|move|p1a: Sneasler|Close Combat|p2a: Tsareena\n|-activate|p2a: Tsareena|move: Protect\n|move|p2b: Pelipper|Hurricane|p1a: Sneasler\n|-supereffective|p1a: Sneasler|1\n|-crit|p1a: Sneasler\n|-damage|p1a: Sneasler|0 fnt\n|faint|p1a: Sneasler\n|move|p1b: Starmie|Psycho Cut|p2b: Pelipper\n|-enditem|p2b: Pelipper|Focus Sash\n|-damage|p2b: Pelipper|1/100\n|\n|-weather|RainDance|[upkeep]\n|upkeep\n|\n|t:|1776149253\n|switch|p1a: Sylveon|Sylveon, L50, F|100/100\n|turn|4\n|inactive|HoodieStyx has 30 seconds left.\n|\n|t:|1776149285\n|move|p1b: Starmie|Protect|p1b: Starmie\n|-singleturn|p1b: Starmie|Protect\n|move|p2a: Tsareena|Power Whip|p1a: Sylveon\n|-damage|p1a: Sylveon|41/100\n|move|p2b: Pelipper|Weather Ball|p1a: Sylveon\n|-damage|p1a: Sylveon|0 fnt\n|faint|p1a: Sylveon\n|\n|-weather|RainDance|[upkeep]\n|-sideend|p2: the great crusader|move: Tailwind\n|upkeep\n|\n|t:|1776149295\n|switch|p1a: Sinistcha|Sinistcha, L50|100/100\n|turn|5\n|\n|t:|1776149308\n|move|p1b: Starmie|Substitute|p1b: Starmie\n|-start|p1b: Starmie|Substitute\n|-damage|p1b: Starmie|76/100\n|move|p2a: Tsareena|Triple Axel|p1a: Sinistcha\n|-supereffective|p1a: Sinistcha|1\n|-crit|p1a: Sinistcha\n|-damage|p1a: Sinistcha|81/100\n|-supereffective|p1a: Sinistcha|1\n|-damage|p1a: Sinistcha|56/100\n|-supereffective|p1a: Sinistcha|1\n|-damage|p1a: Sinistcha|24/100\n|-hitcount|p1a: Sinistcha|3\n|move|p2b: Pelipper|Tailwind|p2b: Pelipper\n|-sidestart|p2: the great crusader|move: Tailwind\n|move|p1a: Sinistcha|Matcha Gotcha|p2a: Tsareena|[spread] p2b\n|-miss|p1a: Sinistcha|p2a: Tsareena\n|-damage|p2b: Pelipper|0 fnt\n|-heal|p1a: Sinistcha|24/100|[from] drain|[of] p2b: Pelipper\n|faint|p2b: Pelipper\n|\n|-weather|none\n|-heal|p1a: Sinistcha|30/100|[from] item: Leftovers\n|upkeep\n|\n|t:|1776149324\n|switch|p2b: Dragonite|Dragonite, L50, M|100/100\n|turn|6\n|\n|t:|1776149334\n|detailschange|p2b: Dragonite|Dragonite-Mega, L50, M\n|-mega|p2b: Dragonite|Dragonite|Dragoninite\n|move|p2b: Dragonite|Draco Meteor|p1b: Starmie\n|-end|p1b: Starmie|Substitute\n|-unboost|p2b: Dragonite|spa|2\n|move|p2a: Tsareena|Power Whip|p1b: Starmie\n|-supereffective|p1b: Starmie|1\n|-damage|p1b: Starmie|0 fnt\n|faint|p1b: Starmie\n|move|p1a: Sinistcha|Trick Room|p1a: Sinistcha\n|-fieldstart|move: Trick Room|[of] p1a: Sinistcha\n|\n|-heal|p1a: Sinistcha|37/100|[from] item: Leftovers\n|upkeep\n|turn|7\n|-message|HoodieStyx forfeited.\n|\n|win|the great crusader\n|raw|HoodieStyx's rating: 1230 &rarr; <strong>1206</strong><br />(-24 for losing)\n|raw|the great crusader's rating: 1246 &rarr; <strong>1270</strong><br />(+24 for winning)\n|l|\u2606HoodieStyx\n|player|p1|\n",
  "uploadtime": 1776149347,
  "views": 22,
  "formatid": "gen9championsvgc2026regma",
  "rating": 1206,
  "private": 0,
  "password": null
}