{
  "id": "gen9championsvgc2026regma-2585303324",
  "format": "[Gen 9 Champions] VGC 2026 Reg M-A",
  "players": [
    "PROVAGE_YT",
    "pedi74"
  ],
  "log": "|j|\u2606PROVAGE_YT\n|j|\u2606pedi74\n|t:|1776335718\n|gametype|doubles\n|player|p1|PROVAGE_YT|265|1061\n|player|p2|pedi74|265|1091\n|gen|9\n|tier|[Gen 9 Champions] VGC 2026 Reg M-A\n|rated|\n|rule|Species Clause: Limit one of each Pok\u00e9mon\n|rule|Item Clause: Limit 1 of each item\n|clearpoke\n|poke|p1|Floette-Eternal, L50, F|\n|poke|p1|Incineroar, L50, M|\n|poke|p1|Aerodactyl, L50, F|\n|poke|p1|Basculegion, L50, M|\n|poke|p1|Pelipper, L50, M|\n|poke|p1|Archaludon, L50, F|\n|poke|p2|Gengar, L50, F|\n|poke|p2|Maushold-Four, L50|\n|poke|p2|Torkoal, L50, M|\n|poke|p2|Trevenant, L50, F|\n|poke|p2|Samurott-Hisui, L50, M|\n|poke|p2|Skarmory, L50, M|\n|teampreview|4\n|\n|t:|1776335758\n|teamsize|p1|4\n|teamsize|p2|4\n|start\n|switch|p1a: Floette|Floette-Eternal, L50, F|100/100\n|switch|p1b: Aerodactyl|Aerodactyl, L50, F|100/100\n|switch|p2a: Skarmory|Skarmory, L50, M|100/100\n|switch|p2b: Maushold|Maushold-Four, L50|100/100\n|turn|1\n|\n|t:|1776335788\n|switch|p1a: Pelipper|Pelipper, L50, M|100/100\n|-weather|RainDance|[from] ability: Drizzle|[of] p1a: Pelipper\n|detailschange|p2a: Skarmory|Skarmory-Mega, L50, M\n|-mega|p2a: Skarmory|Skarmory|Skarmorite\n|move|p2b: Maushold|Switcheroo|p1b: Aerodactyl\n|-activate|p2b: Maushold|move: Trick|[of] p1b: Aerodactyl\n|-item|p1b: Aerodactyl|Choice Scarf|[from] move: Switcheroo\n|-item|p2b: Maushold|Focus Sash|[from] move: Switcheroo\n|move|p1b: Aerodactyl|Tailwind|p1b: Aerodactyl\n|-sidestart|p1: PROVAGE_YT|move: Tailwind\n|move|p2a: Skarmory|Iron Head|p1a: Pelipper\n|-resisted|p1a: Pelipper|1\n|-damage|p1a: Pelipper|76/100\n|\n|-weather|RainDance|[upkeep]\n|upkeep\n|turn|2\n|\n|t:|1776335810\n|switch|p1b: Basculegion|Basculegion, L50, M|100/100\n|move|p2b: Maushold|Baton Pass|p2b: Maushold\n|\n|t:|1776335814\n|switch|p2b: Torkoal|Torkoal, L50, M|100/100|[from] Baton Pass\n|-weather|SunnyDay|[from] ability: Drought|[of] p2b: Torkoal\n|move|p1a: Pelipper|Ice Beam|p2a: Skarmory\n|-damage|p2a: Skarmory|81/100\n|move|p2a: Skarmory|Iron Head|p1b: Basculegion\n|-resisted|p1b: Basculegion|1\n|-damage|p1b: Basculegion|69/100\n|\n|-weather|SunnyDay|[upkeep]\n|upkeep\n|turn|3\n|\n|t:|1776335846\n|switch|p1a: Aerodactyl|Aerodactyl, L50, F|100/100\n|switch|p2a: Maushold|Maushold-Four, L50|100/100\n|move|p1b: Basculegion|Phantom Force||[still]\n|-prepare|p1b: Basculegion|Phantom Force\n|move|p2b: Torkoal|Heat Wave|p1a: Aerodactyl|[spread] p1a\n|-miss|p2b: Torkoal|p1b: Basculegion\n|-resisted|p1a: Aerodactyl|1\n|-damage|p1a: Aerodactyl|60/100\n|\n|-weather|SunnyDay|[upkeep]\n|upkeep\n|turn|4\n|\n|t:|1776335876\n|switch|p1a: Pelipper|Pelipper, L50, M|76/100\n|-weather|RainDance|[from] ability: Drizzle|[of] p1a: Pelipper\n|move|p2a: Maushold|Follow Me|p2a: Maushold\n|-singleturn|p2a: Maushold|move: Follow Me\n|move|p1b: Basculegion|Phantom Force|p2a: Maushold|[from] lockedmove\n|-immune|p2a: Maushold\n|move|p2b: Torkoal|Heat Wave|p1b: Basculegion|[spread] p1a,p1b\n|-resisted|p1a: Pelipper|1\n|-resisted|p1b: Basculegion|1\n|-damage|p1a: Pelipper|65/100\n|-damage|p1b: Basculegion|59/100\n|-status|p1a: Pelipper|brn\n|\n|-weather|RainDance|[upkeep]\n|-damage|p1a: Pelipper|60/100 brn|[from] brn\n|-sideend|p1: PROVAGE_YT|move: Tailwind\n|upkeep\n|turn|5\n|\n|t:|1776335924\n|switch|p2b: Samurott|Samurott-Hisui, L50, M|100/100\n|move|p1b: Basculegion|Phantom Force||[still]\n|-prepare|p1b: Basculegion|Phantom Force\n|move|p2a: Maushold|Baton Pass|p2a: Maushold\n|\n|t:|1776335930\n|switch|p2a: Torkoal|Torkoal, L50, M|100/100|[from] Baton Pass\n|-weather|SunnyDay|[from] ability: Drought|[of] p2a: Torkoal\n|move|p1a: Pelipper|Hurricane|p2a: Torkoal|[miss]\n|-miss|p1a: Pelipper|p2a: Torkoal\n|\n|-weather|SunnyDay|[upkeep]\n|-damage|p1a: Pelipper|54/100 brn|[from] brn\n|upkeep\n|turn|6\n|\n|t:|1776335952\n|switch|p1a: Aerodactyl|Aerodactyl, L50, F|60/100\n|move|p1b: Basculegion|Phantom Force|p2b: Samurott|[from] lockedmove\n|-resisted|p2b: Samurott|1\n|-damage|p2b: Samurott|69/100\n|move|p2b: Samurott|Ceaseless Edge|p1b: Basculegion\n|-supereffective|p1b: Basculegion|1\n|-crit|p1b: Basculegion\n|-damage|p1b: Basculegion|0 fnt\n|-sidestart|p1: PROVAGE_YT|Spikes\n|faint|p1b: Basculegion\n|move|p2a: Torkoal|Heat Wave|p1a: Aerodactyl\n|-resisted|p1a: Aerodactyl|1\n|-damage|p1a: Aerodactyl|5/100\n|\n|-weather|SunnyDay|[upkeep]\n|upkeep\n|-message|PROVAGE_YT forfeited.\n|\n|win|pedi74\n|raw|PROVAGE_YT's rating: 1061 &rarr; <strong>1043</strong><br />(-18 for losing)\n|raw|pedi74's rating: 1091 &rarr; <strong>1115</strong><br />(+24 for winning)\n|l|\u2606PROVAGE_YT\n|player|p1|\n",
  "uploadtime": 1776335993,
  "views": 23,
  "formatid": "gen9championsvgc2026regma",
  "rating": 1043,
  "private": 0,
  "password": null
}