{
  "id": "gen9championsvgc2026regma-2588309605",
  "format": "[Gen 9 Champions] VGC 2026 Reg M-A",
  "players": [
    "uyfoyiufyuo",
    "TheBallistic1"
  ],
  "log": "|j|\u2606uyfoyiufyuo\n|j|\u2606TheBallistic1\n|t:|1776622959\n|gametype|doubles\n|player|p1|uyfoyiufyuo|crasherwake|1198\n|player|p2|TheBallistic1|colress|1183\n|gen|9\n|tier|[Gen 9 Champions] VGC 2026 Reg M-A\n|rated|\n|rule|Species Clause: Limit one of each Pok\u00e9mon\n|rule|Item Clause: Limit 1 of each item\n|clearpoke\n|poke|p1|Floette-Eternal, L50, F|\n|poke|p1|Garchomp, L50, F|\n|poke|p1|Kingambit, L50, F|\n|poke|p1|Basculegion, L50, M|\n|poke|p1|Sneasler, L50, M|\n|poke|p1|Froslass, L50, F|\n|poke|p2|Floette-Eternal, L50, F|\n|poke|p2|Charizard, L50, M|\n|poke|p2|Sneasler, L50, F|\n|poke|p2|Milotic, L50, F|\n|poke|p2|Incineroar, L50, M|\n|poke|p2|Sinistcha, L50|\n|teampreview|4\n|inactive|Battle timer is ON: inactive players will automatically lose when time's up. (requested by TheBallistic1)\n|\n|t:|1776623006\n|teamsize|p1|4\n|teamsize|p2|4\n|start\n|switch|p1a: Sneasler|Sneasler, L50, M|100/100\n|switch|p1b: Froslass|Froslass, L50, F|100/100\n|switch|p2a: Sneasler|Sneasler, L50, F|100/100\n|switch|p2b: Milotic|Milotic, L50, F|100/100\n|turn|1\n|inactive|uyfoyiufyuo has 30 seconds left.\n|inactive|TheBallistic1 has 30 seconds left.\n|\n|t:|1776623041\n|detailschange|p1b: Froslass|Froslass-Mega, L50, F\n|-mega|p1b: Froslass|Froslass|Froslassite\n|-weather|Snowscape|[from] ability: Snow Warning|[of] p1b: Froslass\n|move|p1a: Sneasler|Fake Out|p2a: Sneasler\n|-damage|p2a: Sneasler|76/100\n|cant|p2a: Sneasler|flinch\n|move|p1b: Froslass|Blizzard|p2b: Milotic|[spread] p2a,p2b\n|-resisted|p2b: Milotic|1\n|-crit|p2b: Milotic\n|-damage|p2a: Sneasler|20/100\n|-damage|p2b: Milotic|75/100\n|move|p2b: Milotic|Scald|p1a: Sneasler\n|-damage|p1a: Sneasler|50/100\n|-status|p1a: Sneasler|brn\n|\n|-weather|Snowscape|[upkeep]\n|-heal|p2b: Milotic|80/100|[from] item: Leftovers\n|-damage|p1a: Sneasler|45/100 brn|[from] brn\n|upkeep\n|turn|2\n|inactive|uyfoyiufyuo has 30 seconds left.\n|inactive|TheBallistic1 has 30 seconds left.\n|\n|t:|1776623072\n|switch|p2b: Sinistcha|Sinistcha, L50|100/100\n|-heal|p2a: Sneasler|44/100|[from] ability: Hospitality|[of] p2b: Sinistcha\n|move|p2a: Sneasler|Throat Chop|p1b: Froslass\n|-supereffective|p1b: Froslass|1\n|-damage|p1b: Froslass|52/100\n|-start|p1b: Froslass|Throat Chop|[silent]\n|move|p1a: Sneasler|Dire Claw|p2b: Sinistcha\n|-damage|p2b: Sinistcha|82/100\n|move|p1b: Froslass|Blizzard|p2b: Sinistcha|[spread] p2a,p2b\n|-supereffective|p2b: Sinistcha|1\n|-damage|p2a: Sneasler|0 fnt\n|-damage|p2b: Sinistcha|0 fnt\n|faint|p2a: Sneasler\n|faint|p2b: Sinistcha\n|\n|-weather|Snowscape|[upkeep]\n|-damage|p1a: Sneasler|39/100 brn|[from] brn\n|upkeep\n|\n|t:|1776623080\n|switch|p2a: Milotic|Milotic, L50, F|80/100\n|switch|p2b: Charizard|Charizard, L50, M|100/100\n|turn|3\n|\n|t:|1776623100\n|switch|p1b: Basculegion|Basculegion, L50, M|100/100\n|move|p1a: Sneasler|Dire Claw|p2a: Milotic\n|-damage|p2a: Milotic|49/100\n|-status|p2a: Milotic|par\n|move|p2b: Charizard|Heat Wave|p1b: Basculegion|[spread] p1a,p1b\n|-resisted|p1b: Basculegion|1\n|-damage|p1a: Sneasler|0 fnt\n|-damage|p1b: Basculegion|85/100\n|faint|p1a: Sneasler\n|move|p2a: Milotic|Scald|p1b: Basculegion\n|-resisted|p1b: Basculegion|1\n|-damage|p1b: Basculegion|66/100\n|\n|-weather|Snowscape|[upkeep]\n|-heal|p2a: Milotic|55/100 par|[from] item: Leftovers\n|upkeep\n|\n|t:|1776623115\n|switch|p1a: Garchomp|Garchomp, L50, F|100/100\n|turn|4\n|inactive|uyfoyiufyuo has 30 seconds left.\n|\n|t:|1776623142\n|detailschange|p2b: Charizard|Charizard-Mega-Y, L50, M\n|-mega|p2b: Charizard|Charizard|Charizardite Y\n|-weather|SunnyDay|[from] ability: Drought|[of] p2b: Charizard\n|move|p2b: Charizard|Solar Beam||[still]\n|-prepare|p2b: Charizard|Solar Beam\n|-anim|p2b: Charizard|Solar Beam|p1b: Basculegion\n|-supereffective|p1b: Basculegion|1\n|-damage|p1b: Basculegion|0 fnt\n|faint|p1b: Basculegion\n|move|p1a: Garchomp|Rock Slide|p2b: Charizard|[spread] p2a,p2b\n|-supereffective|p2b: Charizard|2\n|-damage|p2a: Milotic|33/100 par\n|-damage|p2b: Charizard|0 fnt\n|faint|p2b: Charizard\n|cant|p2a: Milotic|par\n|\n|-weather|SunnyDay|[upkeep]\n|-heal|p2a: Milotic|39/100 par|[from] item: Leftovers\n|upkeep\n|\n|t:|1776623156\n|switch|p1b: Froslass|Froslass-Mega, L50, F|52/100\n|-weather|Snowscape|[from] ability: Snow Warning|[of] p1b: Froslass\n|turn|5\n|\n|t:|1776623165\n|move|p1b: Froslass|Shadow Ball|p2a: Milotic\n|-damage|p2a: Milotic|5/100 par\n|move|p1a: Garchomp|Dragon Claw|p2a: Milotic\n|-damage|p2a: Milotic|0 fnt\n|faint|p2a: Milotic\n|\n|win|uyfoyiufyuo\n|raw|uyfoyiufyuo's rating: 1198 &rarr; <strong>1222</strong><br />(+24 for winning)\n|raw|TheBallistic1's rating: 1183 &rarr; <strong>1159</strong><br />(-24 for losing)\n|l|\u2606uyfoyiufyuo\n|player|p1|\n",
  "uploadtime": 1776623181,
  "views": 9,
  "formatid": "gen9championsvgc2026regma",
  "rating": 1159,
  "private": 0,
  "password": null
}