{
  "id": "gen9championsvgc2026regma-2583698510",
  "format": "[Gen 9 Champions] VGC 2026 Reg M-A",
  "players": [
    "redx50",
    "bulby28"
  ],
  "log": "|j|\u2606redx50\n|j|\u2606bulby28\n|t:|1776191748\n|gametype|doubles\n|player|p1|redx50|red|1106\n|player|p2|bulby28|169|1196\n|gen|9\n|tier|[Gen 9 Champions] VGC 2026 Reg M-A\n|rated|\n|rule|Species Clause: Limit one of each Pok\u00e9mon\n|rule|Item Clause: Limit 1 of each item\n|clearpoke\n|poke|p1|Flapple, L50, M|\n|poke|p1|Espathra, L50, M|\n|poke|p1|Sableye, L50, M|\n|poke|p1|Greninja-*, L50, F|\n|poke|p1|Skeledirge, L50, M|\n|poke|p1|Clefable, L50, F|\n|poke|p2|Charizard, L50, M|\n|poke|p2|Venusaur, L50, M|\n|poke|p2|Sneasler, L50, M|\n|poke|p2|Incineroar, L50, M|\n|poke|p2|Garchomp, L50, M|\n|poke|p2|Rotom-Wash, L50|\n|teampreview|4\n|inactive|Battle timer is ON: inactive players will automatically lose when time's up. (requested by redx50)\n|inactive|redx50 has 60 seconds left.\n|\n|t:|1776191808\n|teamsize|p1|4\n|teamsize|p2|4\n|start\n|switch|p1a: Sableye|Sableye, L50, M|100/100\n|switch|p1b: Espathra|Espathra, L50, M|100/100\n|switch|p2a: Incineroar|Incineroar, L50, M|100/100\n|switch|p2b: Sneasler|Sneasler, L50, M|100/100\n|-ability|p2a: Incineroar|Intimidate|boost\n|-unboost|p1a: Sableye|atk|1\n|-unboost|p1b: Espathra|atk|1\n|turn|1\n|inactive|bulby28 has 30 seconds left.\n|\n|t:|1776191836\n|move|p1b: Espathra|Protect|p1b: Espathra\n|-singleturn|p1b: Espathra|Protect\n|move|p2b: Sneasler|Fake Out|p1b: Espathra\n|-activate|p1b: Espathra|move: Protect\n|move|p1a: Sableye|Gravity|p1a: Sableye\n|-fieldstart|move: Gravity\n|move|p2a: Incineroar|Darkest Lariat|p1b: Espathra\n|-activate|p1b: Espathra|move: Protect\n|\n|-ability|p1b: Espathra|Speed Boost|boost\n|-boost|p1b: Espathra|spe|1\n|upkeep\n|turn|2\n|c|\u2606bulby28|!dt gravity\n|c|\u2606bulby28|/raw <ul class=\"utilichart\"><li class=\"result\"><span class=\"col movenamecol\"><a href=\"https://dex.pokemonshowdown.com/moves/gravity\">Gravity</a></span> <span class=\"col typecol\"><img src=\"//play.pokemonshowdown.com/sprites/types/Psychic.png\" alt=\"Psychic\" width=\"32\" height=\"14\"><img src=\"//play.pokemonshowdown.com/sprites/categories/Status.png\" alt=\"Status\" width=\"32\" height=\"14\"></span> <span class=\"col widelabelcol\"><em>Accuracy</em><br>\u2014</span> <span class=\"col pplabelcol\"><em>PP</em><br>8</span> <span class=\"col movedesccol\">5 turns: no Ground immunities, 1.67x accuracy.</span> </li><li style=\"clear:both\"></li></ul>\n|c|\u2606bulby28|/raw <font size=\"1\"><font color=\"#686868\">Priority:</font> 0&nbsp;|&ThickSpace;<font color=\"#686868\">Gen:</font> 4&nbsp;|&ThickSpace;&#10003; Bypasses Protect&nbsp;|&ThickSpace;<font color=\"#686868\">Z-Effect:</font>  Sp. Atk +1&nbsp;|&ThickSpace;<font color=\"#686868\">Target:</font> All Pok\u00e9mon</font>\n\n|inactive|bulby28 has 30 seconds left.\n|inactive|bulby28 has 20 seconds left.\n|\n|t:|1776191874\n|move|p1b: Espathra|Hypnosis|p2a: Incineroar\n|-status|p2a: Incineroar|slp|[from] move: Hypnosis\n|move|p2b: Sneasler|Dire Claw|p1b: Espathra\n|-damage|p1b: Espathra|38/100\n|cant|p2a: Incineroar|slp\n|move|p1a: Sableye|Foul Play|p2b: Sneasler\n|-resisted|p2b: Sneasler|1\n|-damage|p2b: Sneasler|54/100\n|\n|-ability|p1b: Espathra|Speed Boost|boost\n|-boost|p1b: Espathra|spe|1\n|upkeep\n|turn|3\n|\n|t:|1776191898\n|switch|p1a: Greninja|Greninja, L50, F|100/100\n|move|p1b: Espathra|Lumina Crash|p2b: Sneasler\n|-supereffective|p2b: Sneasler|2\n|-damage|p2b: Sneasler|0 fnt\n|faint|p2b: Sneasler\n|cant|p2a: Incineroar|slp\n|\n|-ability|p1b: Espathra|Speed Boost|boost\n|-boost|p1b: Espathra|spe|1\n|upkeep\n|\n|t:|1776191917\n|switch|p2b: Charizard|Charizard, L50, M|100/100\n|turn|4\n|\n|t:|1776191933\n|detailschange|p2b: Charizard|Charizard-Mega-Y, L50, M\n|-mega|p2b: Charizard|Charizard|Charizardite Y\n|-weather|SunnyDay|[from] ability: Drought|[of] p2b: Charizard\n|move|p1b: Espathra|Hypnosis|p2b: Charizard\n|-status|p2b: Charizard|slp|[from] move: Hypnosis\n|move|p1a: Greninja|Hydro Pump|p2a: Incineroar\n|-start|p1a: Greninja|typechange|Water|[from] ability: Protean\n|-supereffective|p2a: Incineroar|1\n|-damage|p2a: Incineroar|49/100 slp\n|-enditem|p2a: Incineroar|Sitrus Berry|[eat]\n|-heal|p2a: Incineroar|74/100 slp|[from] item: Sitrus Berry\n|cant|p2b: Charizard|slp\n|-curestatus|p2a: Incineroar|slp|[msg]\n|move|p2a: Incineroar|Darkest Lariat|p1b: Espathra\n|-supereffective|p1b: Espathra|1\n|-damage|p1b: Espathra|0 fnt\n|faint|p1b: Espathra\n|\n|-weather|SunnyDay|[upkeep]\n|upkeep\n|\n|t:|1776191939\n|switch|p1b: Sableye|Sableye, L50, M|100/100\n|turn|5\n|\n|t:|1776191958\n|move|p1b: Sableye|Rain Dance|p1b: Sableye\n|-weather|RainDance\n|move|p1a: Greninja|Hydro Pump|p2a: Incineroar\n|-supereffective|p2a: Incineroar|1\n|-damage|p2a: Incineroar|0 fnt\n|faint|p2a: Incineroar\n|cant|p2b: Charizard|slp\n|\n|-weather|RainDance|[upkeep]\n|-fieldend|move: Gravity\n|upkeep\n|\n|t:|1776191964\n|switch|p2a: Venusaur|Venusaur, L50, M|100/100\n|turn|6\n|inactive|redx50 has 30 seconds left.\n|\n|t:|1776191997\n|detailschange|p1a: Greninja|Greninja-Mega, L50, F\n|-mega|p1a: Greninja|Greninja|Greninjite\n|-curestatus|p2b: Charizard|slp|[msg]\n|move|p2b: Charizard|Protect|p2b: Charizard\n|-singleturn|p2b: Charizard|Protect\n|move|p1b: Sableye|Gravity|p1b: Sableye\n|-fieldstart|move: Gravity\n|move|p1a: Greninja|Extrasensory|p2a: Venusaur\n|-start|p1a: Greninja|typechange|Psychic|[from] ability: Protean\n|-supereffective|p2a: Venusaur|1\n|-enditem|p2a: Venusaur|Focus Sash\n|-damage|p2a: Venusaur|1/100\n|move|p2a: Venusaur|Leaf Storm|p1a: Greninja\n|-damage|p1a: Greninja|7/100\n|-unboost|p2a: Venusaur|spa|2\n|\n|-weather|RainDance|[upkeep]\n|upkeep\n|turn|7\n|\n|t:|1776192018\n|move|p1a: Greninja|Hydro Pump|p2b: Charizard\n|-supereffective|p2b: Charizard|1\n|-damage|p2b: Charizard|0 fnt\n|faint|p2b: Charizard\n|move|p2a: Venusaur|Sludge Bomb|p1b: Sableye\n|-resisted|p1b: Sableye|1\n|-damage|p1b: Sableye|86/100\n|move|p1b: Sableye|Foul Play|p2a: Venusaur\n|-damage|p2a: Venusaur|0 fnt\n|faint|p2a: Venusaur\n|\n|win|redx50\n|raw|redx50's rating: 1106 &rarr; <strong>1137</strong><br />(+31 for winning)\n|raw|bulby28's rating: 1196 &rarr; <strong>1165</strong><br />(-31 for losing)\n|l|\u2606bulby28\n|player|p2|\n",
  "uploadtime": 1776192063,
  "views": 14,
  "formatid": "gen9championsvgc2026regma",
  "rating": 1137,
  "private": 0,
  "password": null
}