{
  "id": "gen9championsvgc2026regma-2586640568",
  "format": "[Gen 9 Champions] VGC 2026 Reg M-A",
  "players": [
    "Tocritamockingbird",
    "PhpRyV"
  ],
  "log": "|j|\u2606Tocritamockingbird\n|j|\u2606PhpRyV\n|t:|1776448768\n|gametype|doubles\n|player|p1|Tocritamockingbird|unknown|\n|player|p2|PhpRyV|pokemonbreeder-gen4|\n|gen|9\n|tier|[Gen 9 Champions] VGC 2026 Reg M-A\n|rated|Tournament battle\n|rule|Species Clause: Limit one of each Pok\u00e9mon\n|rule|Item Clause: Limit 1 of each item\n|raw|<div class=\"infobox\"><details class=\"readmore\" open><summary><strong>1 custom rule:</strong></summary> Force Open Team Sheets</details></div>\n|clearpoke\n|poke|p1|Charizard, L50, M|\n|poke|p1|Aerodactyl, L50, F|\n|poke|p1|Whimsicott, L50, M|\n|poke|p1|Venusaur, L50, M|\n|poke|p1|Sneasler, L50, M|\n|poke|p1|Garchomp, L50, M|\n|poke|p2|Lycanroc-Dusk, L50, M|\n|poke|p2|Garchomp, L50, F|\n|poke|p2|Incineroar, L50, M|\n|poke|p2|Ceruledge, L50, M|\n|poke|p2|Rotom-Wash, L50|\n|poke|p2|Gallade, L50, M|\n|teampreview|4\n|showteam|p1|Charizard||CharizarditeY|Blaze|AirSlash,WeatherBall,Protect,HeatWave|||M|||50|]Aerodactyl||BrightPowder|Unnerve|DualWingbeat,Tailwind,Protect,RockSlide|||F|||50|]Whimsicott||FocusSash|Prankster|Moonblast,Protect,Tailwind,HelpingHand|||M|||50|]Venusaur||SitrusBerry|Chlorophyll|SleepPowder,SludgeBomb,SolarBeam,WeatherBall|||M|||50|]Sneasler||WhiteHerb|Unburden|FakeOut,CloseCombat,DireClaw,Protect|||M|||50|]Garchomp||ChoiceScarf|RoughSkin|RockSlide,Earthquake,DragonClaw,Liquidation|||M|||50|\n|showteam|p2|Lycanroc-Dusk||FocusSash|ToughClaws|Endeavor,Accelerock,Protect,Crunch|||M|||50|]Garchomp||ChoiceScarf|RoughSkin|Earthquake,PoisonJab,DragonClaw,RockSlide|||F|||50|]Incineroar||SitrusBerry|Intimidate|FakeOut,PartingShot,FlareBlitz,DarkestLariat|||M|||50|]Ceruledge||SpellTag|FlashFire|PhantomForce,BitterBlade,ShadowSneak,CloseCombat|||M|||50|]Rotom-Wash||Magnet|Levitate|Discharge,Hex,Protect,HydroPump||||||50|]Gallade||TwistedSpoon|Sharpness|PsychoCut,WideGuard,TrickRoom,SacredSword|||M|||50|\n|inactive|Battle timer is ON: inactive players will automatically lose when time's up. (requested by Tocritamockingbird)\n|c|\u2606PhpRyV|glhf\n|inactive|Tocritamockingbird has 60 seconds left.\n|inactive|PhpRyV has 60 seconds left.\n|j| Cdogp\n|\n|t:|1776448812\n|teamsize|p1|4\n|teamsize|p2|4\n|start\n|switch|p1a: Garchomp|Garchomp, L50, M|100/100\n|switch|p1b: Whimsicott|Whimsicott, L50, M, shiny|100/100\n|switch|p2a: Easter|Incineroar, L50, M|100/100\n|switch|p2b: Gallade|Gallade, L50, M|100/100\n|-ability|p2a: Easter|Intimidate|boost\n|-unboost|p1a: Garchomp|atk|1\n|-unboost|p1b: Whimsicott|atk|1\n|turn|1\n|\n|t:|1776448834\n|move|p2a: Easter|Fake Out|p1a: Garchomp\n|-damage|p1a: Garchomp|86/100\n|-damage|p2a: Easter|88/100|[from] ability: Rough Skin|[of] p1a: Garchomp\n|cant|p1a: Garchomp|flinch\n|move|p1b: Whimsicott|Moonblast|p2b: Gallade\n|-supereffective|p2b: Gallade|1\n|-damage|p2b: Gallade|55/100\n|move|p2b: Gallade|Psycho Cut|p1a: Garchomp\n|-damage|p1a: Garchomp|20/100\n|\n|upkeep\n|turn|2\n|\n|t:|1776448861\n|move|p1a: Garchomp|Earthquake|p2b: Gallade|[spread] p1b,p2a,p2b\n|-resisted|p1b: Whimsicott|1\n|-supereffective|p2a: Easter|1\n|-damage|p1b: Whimsicott|84/100\n|-damage|p2a: Easter|34/100\n|-damage|p2b: Gallade|15/100\n|-enditem|p2a: Easter|Sitrus Berry|[eat]\n|-heal|p2a: Easter|58/100|[from] item: Sitrus Berry\n|move|p1b: Whimsicott|Moonblast|p2a: Easter\n|-damage|p2a: Easter|35/100\n|move|p2b: Gallade|Sacred Sword|p1a: Garchomp\n|-damage|p1a: Garchomp|0 fnt\n|-damage|p2b: Gallade|3/100|[from] ability: Rough Skin|[of] p1a: Garchomp\n|faint|p1a: Garchomp\n|move|p2a: Easter|Flare Blitz|p1b: Whimsicott\n|-supereffective|p1b: Whimsicott|1\n|-damage|p1b: Whimsicott|0 fnt\n|faint|p1b: Whimsicott\n|-damage|p2a: Easter|12/100|[from] Recoil\n|\n|upkeep\n|\n|t:|1776448866\n|switch|p1b: Sneasler|Sneasler, L50, M|100/100\n|switch|p1a: Charizard|Charizard, L50, M, shiny|100/100\n|turn|3\n|\n|t:|1776448888\n|switch|p2a: Garchomp|Garchomp, L50, F|100/100\n|detailschange|p1a: Charizard|Charizard-Mega-Y, L50, M, shiny\n|-mega|p1a: Charizard|Charizard|Charizardite Y\n|-weather|SunnyDay|[from] ability: Drought|[of] p1a: Charizard\n|move|p1b: Sneasler|Fake Out|p2b: Gallade\n|-damage|p2b: Gallade|0 fnt\n|faint|p2b: Gallade\n|move|p1a: Charizard|Weather Ball|p2a: Garchomp\n|-resisted|p2a: Garchomp|1\n|-damage|p2a: Garchomp|53/100\n|\n|-weather|SunnyDay|[upkeep]\n|upkeep\n|\n|t:|1776448899\n|switch|p2b: Rotom|Rotom-Wash, L50|100/100\n|turn|4\n|\n|t:|1776448903\n|move|p1a: Charizard|Protect|p1a: Charizard\n|-singleturn|p1a: Charizard|Protect\n|move|p2a: Garchomp|Rock Slide|p1a: Charizard|[spread] p1b\n|-activate|p1a: Charizard|move: Protect\n|-resisted|p1b: Sneasler|1\n|-damage|p1b: Sneasler|84/100\n|cant|p1b: Sneasler|flinch\n|move|p2b: Rotom|Discharge|p1b: Sneasler|[spread] p1b\n|-activate|p1a: Charizard|move: Protect\n|-immune|p2a: Garchomp\n|-damage|p1b: Sneasler|40/100\n|\n|-weather|SunnyDay|[upkeep]\n|upkeep\n|turn|5\n|l| Cdogp\n|\n|t:|1776448913\n|move|p1a: Charizard|Protect||[still]\n|-fail|p1a: Charizard\n|move|p2a: Garchomp|Rock Slide|p1b: Sneasler|[spread] p1a,p1b\n|-supereffective|p1a: Charizard|2\n|-resisted|p1b: Sneasler|1\n|-damage|p1a: Charizard|0 fnt\n|-damage|p1b: Sneasler|21/100\n|faint|p1a: Charizard\n|move|p1b: Sneasler|Close Combat|p2a: Garchomp\n|-damage|p2a: Garchomp|0 fnt\n|-unboost|p1b: Sneasler|def|1\n|-unboost|p1b: Sneasler|spd|1\n|-damage|p1b: Sneasler|9/100|[from] ability: Rough Skin|[of] p2a: Garchomp\n|faint|p2a: Garchomp\n|-enditem|p1b: Sneasler|White Herb\n|-clearnegativeboost|p1b: Sneasler|[silent]\n|move|p2b: Rotom|Discharge|p1b: Sneasler\n|-damage|p1b: Sneasler|0 fnt\n|faint|p1b: Sneasler\n|\n|win|PhpRyV\n|n|\u2606Tocritamockingbird|tocritamockingbird\n|n|\u2606PhpRyV|phpryv\n",
  "uploadtime": 1776448920,
  "views": 25,
  "formatid": "gen9championsvgc2026regma",
  "rating": null,
  "private": 0,
  "password": null
}