{
  "id": "gen9championsvgc2026regma-2588455105",
  "format": "[Gen 9 Champions] VGC 2026 Reg M-A",
  "players": [
    "seattleseadrasfpl",
    "dominguezz"
  ],
  "log": "|j|\u2606seattleseadrasfpl\n|j|\u2606dominguezz\n|t:|1776635015\n|gametype|doubles\n|player|p1|seattleseadrasfpl|fisherman-gen4|1372\n|player|p2|dominguezz|170|1311\n|gen|9\n|tier|[Gen 9 Champions] VGC 2026 Reg M-A\n|rated|\n|rule|Species Clause: Limit one of each Pok\u00e9mon\n|rule|Item Clause: Limit 1 of each item\n|clearpoke\n|poke|p1|Incineroar, L50, M|\n|poke|p1|Floette-Eternal, L50, F|\n|poke|p1|Kommo-o, L50, M|\n|poke|p1|Aegislash, L50, F|\n|poke|p1|Rotom-Wash, L50|\n|poke|p1|Sneasler, L50, F|\n|poke|p2|Arcanine, L50, M|\n|poke|p2|Rotom-Wash, L50|\n|poke|p2|Garchomp, L50, M|\n|poke|p2|Venusaur, L50, M|\n|poke|p2|Corviknight, L50, M|\n|poke|p2|Sneasler, L50, M|\n|teampreview|4\n|inactive|Battle timer is ON: inactive players will automatically lose when time's up. (requested by dominguezz)\ndominguezz has agreed to open team sheets.\n|inactive|seattleseadrasfpl has 60 seconds left.\n|inactive|dominguezz has 60 seconds left.\n|\n|t:|1776635056\n|teamsize|p1|4\n|teamsize|p2|4\n|start\n|switch|p1a: Rotom|Rotom-Wash, L50|100/100\n|switch|p1b: Sneasler|Sneasler, L50, F|100/100\n|switch|p2a: Venusaur|Venusaur, L50, M|100/100\n|switch|p2b: Arcanine|Arcanine, L50, M|100/100\n|-ability|p2b: Arcanine|Intimidate|boost\n|-unboost|p1a: Rotom|atk|1\n|-unboost|p1b: Sneasler|atk|1\n|-enditem|p1b: Sneasler|White Herb\n|-clearnegativeboost|p1b: Sneasler|[silent]\n|turn|1\n|inactive|dominguezz has 30 seconds left.\n|inactive|dominguezz has 20 seconds left.\n|\n|t:|1776635091\n|detailschange|p2a: Venusaur|Venusaur-Mega, L50, M\n|-mega|p2a: Venusaur|Venusaur|Venusaurite\n|move|p2b: Arcanine|Protect|p2b: Arcanine\n|-singleturn|p2b: Arcanine|Protect\n|move|p2a: Venusaur|Protect|p2a: Venusaur\n|-singleturn|p2a: Venusaur|Protect\n|move|p1b: Sneasler|Fake Out|p2a: Venusaur\n|-activate|p2a: Venusaur|move: Protect\n|move|p1a: Rotom|Hydro Pump|p2b: Arcanine\n|-activate|p2b: Arcanine|move: Protect\n|\n|upkeep\n|turn|2\n|inactive|seattleseadrasfpl has 30 seconds left.\n|inactive|dominguezz has 30 seconds left.\n|inactive|dominguezz has 20 seconds left.\n|inactive|dominguezz has 15 seconds left.\n|\n|t:|1776635135\n|switch|p1a: Incineroar|Incineroar, L50, M|100/100\n|-ability|p1a: Incineroar|Intimidate|boost\n|-unboost|p2a: Venusaur|atk|1\n|-unboost|p2b: Arcanine|atk|1\n|switch|p2b: Garchomp|Garchomp, L50, M|100/100\n|move|p1b: Sneasler|Protect|p1b: Sneasler\n|-singleturn|p1b: Sneasler|Protect\n|move|p2a: Venusaur|Giga Drain|p1a: Incineroar\n|-resisted|p1a: Incineroar|1\n|-damage|p1a: Incineroar|86/100\n|\n|upkeep\n|turn|3\n|inactive|seattleseadrasfpl has 30 seconds left.\n|inactive|dominguezz has 30 seconds left.\n|\n|t:|1776635166\n|move|p1b: Sneasler|Close Combat|p2b: Garchomp\n|-damage|p2b: Garchomp|43/100\n|-unboost|p1b: Sneasler|def|1\n|-unboost|p1b: Sneasler|spd|1\n|-damage|p1b: Sneasler|88/100|[from] ability: Rough Skin|[of] p2b: Garchomp\n|move|p2b: Garchomp|Earthquake|p1a: Incineroar|[spread] p2a,p1a,p1b\n|-supereffective|p1a: Incineroar|1\n|-supereffective|p1b: Sneasler|1\n|-damage|p2a: Venusaur|70/100\n|-damage|p1a: Incineroar|31/100\n|-damage|p1b: Sneasler|0 fnt\n|-enditem|p1a: Incineroar|Sitrus Berry|[eat]\n|-heal|p1a: Incineroar|56/100|[from] item: Sitrus Berry\n|faint|p1b: Sneasler\n|move|p2a: Venusaur|Sludge Bomb|p1a: Incineroar\n|-damage|p1a: Incineroar|19/100\n|move|p1a: Incineroar|Parting Shot|p2b: Garchomp\n|-unboost|p2b: Garchomp|atk|1\n|-unboost|p2b: Garchomp|spa|1\n|inactive|seattleseadrasfpl has 30 seconds left.\n|\n|t:|1776635192\n|switch|p1a: Rotom|Rotom-Wash, L50|100/100|[from] Parting Shot\n|-enditem|p2b: Garchomp|White Herb\n|-clearnegativeboost|p2b: Garchomp|[silent]\n|\n|upkeep\n|\n|t:|1776635198\n|switch|p1b: Incineroar|Incineroar, L50, M|19/100\n|-ability|p1b: Incineroar|Intimidate|boost\n|-unboost|p2a: Venusaur|atk|1\n|-unboost|p2b: Garchomp|atk|1\n|turn|4\n|inactive|seattleseadrasfpl has 30 seconds left.\n|inactive|dominguezz has 30 seconds left.\n|inactive|dominguezz has 20 seconds left.\n|inactive|dominguezz has 15 seconds left.\n|\n|t:|1776635238\n|move|p2b: Garchomp|Protect|p2b: Garchomp\n|-singleturn|p2b: Garchomp|Protect\n|move|p2a: Venusaur|Protect|p2a: Venusaur\n|-singleturn|p2a: Venusaur|Protect\n|move|p1b: Incineroar|Fake Out|p2a: Venusaur\n|-activate|p2a: Venusaur|move: Protect\n|move|p1a: Rotom|Hydro Pump|p2b: Garchomp\n|-activate|p2b: Garchomp|move: Protect\n|\n|upkeep\n|turn|5\n|inactive|dominguezz has 30 seconds left.\n|\n|t:|1776635264\n|switch|p2b: Sneasler|Sneasler, L50, M|100/100\n|move|p1a: Rotom|Hydro Pump|p2b: Sneasler\n|-damage|p2b: Sneasler|34/100\n|move|p2a: Venusaur|Giga Drain|p1a: Rotom\n|-supereffective|p1a: Rotom|1\n|-damage|p1a: Rotom|19/100\n|-heal|p2a: Venusaur|99/100|[from] drain|[of] p1a: Rotom\n|move|p1b: Incineroar|Flare Blitz|p2a: Venusaur\n|-supereffective|p2a: Venusaur|1\n|-damage|p2a: Venusaur|61/100\n|-damage|p1b: Incineroar|7/100|[from] Recoil\n|\n|upkeep\n|turn|6\n|inactive|seattleseadrasfpl has 30 seconds left.\n|inactive|dominguezz has 30 seconds left.\n|inactive|seattleseadrasfpl has 20 seconds left.\n|inactive|dominguezz has 20 seconds left.\n|inactive|seattleseadrasfpl has 15 seconds left.\n|inactive|dominguezz has 15 seconds left.\n|inactive|seattleseadrasfpl has 10 seconds left.\n|\n|t:|1776635312\n|switch|p1a: Kommo-o|Kommo-o, L50, M|100/100\n|move|p2b: Sneasler|Fake Out|p1a: Kommo-o\n|-damage|p1a: Kommo-o|85/100\n|move|p2a: Venusaur|Sludge Bomb|p1b: Incineroar\n|-damage|p1b: Incineroar|0 fnt\n|faint|p1b: Incineroar\n|\n|-heal|p1a: Kommo-o|91/100|[from] item: Leftovers\n|upkeep\n|\n|t:|1776635319\n|switch|p1b: Rotom|Rotom-Wash, L50|19/100\n|turn|7\n|inactive|seattleseadrasfpl has 30 seconds left.\n|inactive|dominguezz has 30 seconds left.\n|\n|t:|1776635348\n|move|p1b: Rotom|Hydro Pump|p2b: Sneasler\n|-damage|p2b: Sneasler|0 fnt\n|faint|p2b: Sneasler\n|move|p1a: Kommo-o|Clangorous Soul|p1a: Kommo-o\n|-boost|p1a: Kommo-o|atk|1\n|-boost|p1a: Kommo-o|def|1\n|-boost|p1a: Kommo-o|spa|1\n|-boost|p1a: Kommo-o|spd|1\n|-boost|p1a: Kommo-o|spe|1\n|-damage|p1a: Kommo-o|58/100\n|move|p2a: Venusaur|Giga Drain|p1b: Rotom\n|-supereffective|p1b: Rotom|1\n|-crit|p1b: Rotom\n|-damage|p1b: Rotom|0 fnt\n|-heal|p2a: Venusaur|68/100|[from] drain|[of] p1b: Rotom\n|faint|p1b: Rotom\n|\n|-heal|p1a: Kommo-o|64/100|[from] item: Leftovers\n|upkeep\n|\n|t:|1776635368\n|switch|p2b: Arcanine|Arcanine, L50, M|100/100\n|-ability|p2b: Arcanine|Intimidate|boost\n|-unboost|p1a: Kommo-o|atk|1\n|turn|8\n|\n|t:|1776635378\n|move|p1a: Kommo-o|Protect|p1a: Kommo-o\n|-singleturn|p1a: Kommo-o|Protect\n|move|p2b: Arcanine|Will-O-Wisp|p1a: Kommo-o\n|-activate|p1a: Kommo-o|move: Protect\n|move|p2a: Venusaur|Leech Seed|p1a: Kommo-o\n|-activate|p1a: Kommo-o|move: Protect\n|\n|-heal|p1a: Kommo-o|70/100|[from] item: Leftovers\n|upkeep\n|turn|9\n|\n|t:|1776635387\n|move|p1a: Kommo-o|Clanging Scales|p2b: Arcanine|[spread] p2a,p2b\n|-damage|p2a: Venusaur|28/100\n|-damage|p2b: Arcanine|42/100\n|-enditem|p2b: Arcanine|Sitrus Berry|[eat]\n|-heal|p2b: Arcanine|67/100|[from] item: Sitrus Berry\n|-unboost|p1a: Kommo-o|def|1\n|move|p2b: Arcanine|Will-O-Wisp|p1a: Kommo-o|[miss]\n|-miss|p2b: Arcanine|p1a: Kommo-o\n|move|p2a: Venusaur|Leech Seed|p1a: Kommo-o\n|-start|p1a: Kommo-o|move: Leech Seed\n|\n|-heal|p1a: Kommo-o|75/100|[from] item: Leftovers\n|-damage|p1a: Kommo-o|63/100|[from] Leech Seed|[of] p2a: Venusaur\n|-heal|p2a: Venusaur|38/100|[silent]\n|upkeep\n|turn|10\n|\n|t:|1776635411\n|move|p2a: Venusaur|Protect|p2a: Venusaur\n|-singleturn|p2a: Venusaur|Protect\n|move|p1a: Kommo-o|Clanging Scales|p2b: Arcanine|[spread] p2b\n|-activate|p2a: Venusaur|move: Protect\n|-damage|p2b: Arcanine|10/100\n|-unboost|p1a: Kommo-o|def|1\n|move|p2b: Arcanine|Will-O-Wisp|p1a: Kommo-o\n|-status|p1a: Kommo-o|brn\n|\n|-heal|p1a: Kommo-o|69/100 brn|[from] item: Leftovers\n|-damage|p1a: Kommo-o|56/100 brn|[from] Leech Seed|[of] p2a: Venusaur\n|-heal|p2a: Venusaur|48/100|[silent]\n|-damage|p1a: Kommo-o|50/100 brn|[from] brn\n|upkeep\n|turn|11\n|\n|t:|1776635433\n|move|p2b: Arcanine|Protect|p2b: Arcanine\n|-singleturn|p2b: Arcanine|Protect\n|move|p1a: Kommo-o|Clanging Scales|p2a: Venusaur|[spread] p2a\n|-activate|p2b: Arcanine|move: Protect\n|-damage|p2a: Venusaur|6/100\n|-unboost|p1a: Kommo-o|def|1\n|move|p2a: Venusaur|Sludge Bomb|p1a: Kommo-o\n|-immune|p1a: Kommo-o|[from] ability: Bulletproof\n|\n|-heal|p1a: Kommo-o|56/100 brn|[from] item: Leftovers\n|-damage|p1a: Kommo-o|44/100 brn|[from] Leech Seed|[of] p2a: Venusaur\n|-heal|p2a: Venusaur|16/100|[silent]\n|-damage|p1a: Kommo-o|38/100 brn|[from] brn\n|upkeep\n|turn|12\n|\n|t:|1776635452\n|move|p2a: Venusaur|Protect|p2a: Venusaur\n|-singleturn|p2a: Venusaur|Protect\n|move|p1a: Kommo-o|Clanging Scales|p2b: Arcanine|[spread] p2b\n|-activate|p2a: Venusaur|move: Protect\n|-crit|p2b: Arcanine\n|-damage|p2b: Arcanine|0 fnt\n|faint|p2b: Arcanine\n|-unboost|p1a: Kommo-o|def|1\n|\n|-heal|p1a: Kommo-o|44/100 brn|[from] item: Leftovers\n|-damage|p1a: Kommo-o|31/100 brn|[from] Leech Seed|[of] p2a: Venusaur\n|-heal|p2a: Venusaur|26/100|[silent]\n|-damage|p1a: Kommo-o|25/100 brn|[from] brn\n|upkeep\n|\n|t:|1776635465\n|switch|p2b: Garchomp|Garchomp, L50, M|43/100\n|turn|13\n|c|\u2606seattleseadrasfpl|gg\n|\n|t:|1776635481\n|move|p1a: Kommo-o|Clanging Scales|p2b: Garchomp|[spread] p2a,p2b\n|-supereffective|p2b: Garchomp|1\n|-damage|p2a: Venusaur|0 fnt\n|-damage|p2b: Garchomp|0 fnt\n|faint|p2a: Venusaur\n|faint|p2b: Garchomp\n|\n|win|seattleseadrasfpl\n|raw|seattleseadrasfpl's rating: 1372 &rarr; <strong>1389</strong><br />(+17 for winning)\n|raw|dominguezz's rating: 1311 &rarr; <strong>1294</strong><br />(-17 for losing)\n|l|\u2606dominguezz\n|player|p2|\n",
  "uploadtime": 1776635489,
  "views": 14,
  "formatid": "gen9championsvgc2026regma",
  "rating": 1294,
  "private": 0,
  "password": null
}