{
  "id": "gen9championsvgc2026regma-2588828381",
  "format": "[Gen 9 Champions] VGC 2026 Reg M-A",
  "players": [
    "wrjisami",
    "Lord_Neph"
  ],
  "log": "|j|\u2606wrjisami\n|j|\u2606Lord_Neph\n|t:|1776675840\n|gametype|doubles\n|player|p1|wrjisami|169|1268\n|player|p2|Lord_Neph|2|1249\n|gen|9\n|tier|[Gen 9 Champions] VGC 2026 Reg M-A\n|rated|\n|rule|Species Clause: Limit one of each Pok\u00e9mon\n|rule|Item Clause: Limit 1 of each item\n|clearpoke\n|poke|p1|Aggron, L50, M|\n|poke|p1|Incineroar, L50, M|\n|poke|p1|Farigiraf, L50, M|\n|poke|p1|Tyranitar, L50, M|\n|poke|p1|Sinistcha, L50|\n|poke|p1|Sneasler, L50, F|\n|poke|p2|Starmie, L50|\n|poke|p2|Sylveon, L50, F|\n|poke|p2|Sneasler, L50, M|\n|poke|p2|Sinistcha, L50|\n|poke|p2|Incineroar, L50, F|\n|poke|p2|Pelipper, L50, M|\n|teampreview|4\n|inactive|Battle timer is ON: inactive players will automatically lose when time's up. (requested by Lord_Neph)\n|inactive|wrjisami also wants the timer to be on.\n|inactive|wrjisami has 60 seconds left.\n|inactive|Lord_Neph has 60 seconds left.\nLord_Neph rejected open team sheets.\n|inactive|wrjisami has 30 seconds left.\n|inactive|wrjisami has 20 seconds left.\n|inactive|wrjisami has 15 seconds left.\n|inactive|wrjisami has 10 seconds left.\n|\n|t:|1776675923\n|teamsize|p1|4\n|teamsize|p2|4\n|start\n|switch|p1a: Farigiraf|Farigiraf, L50, M|100/100\n|switch|p1b: Incineroar|Incineroar, L50, M|100/100\n|switch|p2a: Sylveon|Sylveon, L50, F|100/100\n|switch|p2b: Starmie|Starmie, L50|100/100\n|-ability|p1b: Incineroar|Intimidate|boost\n|-unboost|p2a: Sylveon|atk|1\n|-unboost|p2b: Starmie|atk|1\n|turn|1\n|\n|t:|1776675944\n|detailschange|p2b: Starmie|Starmie-Mega, L50\n|-mega|p2b: Starmie|Starmie|Starminite\n|move|p1b: Incineroar|Fake Out|p2b: Starmie\n|-crit|p2b: Starmie\n|-damage|p2b: Starmie|80/100\n|cant|p2b: Starmie|flinch\n|move|p2a: Sylveon|Hyper Voice|p1a: Farigiraf|[spread] p1a,p1b\n|-damage|p1a: Farigiraf|62/100\n|-damage|p1b: Incineroar|71/100\n|move|p1a: Farigiraf|Trick Room|p1a: Farigiraf\n|-fieldstart|move: Trick Room|[of] p1a: Farigiraf\n|\n|upkeep\n|turn|2\n|inactive|wrjisami has 30 seconds left.\n|\n|t:|1776675976\n|move|p1a: Farigiraf|Hyper Voice|p2b: Starmie|[spread] p2a,p2b\n|-damage|p2a: Sylveon|79/100\n|-damage|p2b: Starmie|49/100\n|move|p1b: Incineroar|Throat Chop|p2a: Sylveon\n|-resisted|p2a: Sylveon|1\n|-damage|p2a: Sylveon|62/100\n|-start|p2a: Sylveon|Throat Chop|[silent]\n|cant|p2a: Sylveon|move: Throat Chop\n|move|p2b: Starmie|Liquidation|p1b: Incineroar\n|-supereffective|p1b: Incineroar|1\n|-damage|p1b: Incineroar|0 fnt\n|faint|p1b: Incineroar\n|\n|upkeep\n|\n|t:|1776675987\n|switch|p1b: Aggron|Aggron, L50, M|100/100\n|turn|3\n|\n|t:|1776676011\n|detailschange|p1b: Aggron|Aggron-Mega, L50, M\n|-mega|p1b: Aggron|Aggron|Aggronite\n|move|p2a: Sylveon|Protect|p2a: Sylveon\n|-singleturn|p2a: Sylveon|Protect\n|move|p2b: Starmie|Protect|p2b: Starmie\n|-singleturn|p2b: Starmie|Protect\n|move|p1b: Aggron|Iron Defense|p1b: Aggron\n|-boost|p1b: Aggron|def|2\n|move|p1a: Farigiraf|Hyper Voice|p2a: Sylveon|[spread] \n|-activate|p2a: Sylveon|move: Protect\n|-activate|p2b: Starmie|move: Protect\n|\n|-end|p2a: Sylveon|Throat Chop|[silent]\n|upkeep\n|turn|4\n|\n|t:|1776676035\n|switch|p2a: Sneasler|Sneasler, L50, M|100/100\n|move|p1b: Aggron|Heavy Slam|p2b: Starmie\n|-resisted|p2b: Starmie|1\n|-damage|p2b: Starmie|20/100\n|move|p1a: Farigiraf|Hyper Voice|p2b: Starmie|[spread] p2a,p2b\n|-damage|p2a: Sneasler|62/100\n|-damage|p2b: Starmie|0 fnt\n|faint|p2b: Starmie\n|\n|upkeep\n|\n|t:|1776676044\n|switch|p2b: Sylveon|Sylveon, L50, F|62/100\n|turn|5\n|\n|t:|1776676055\n|move|p2b: Sylveon|Protect|p2b: Sylveon\n|-singleturn|p2b: Sylveon|Protect\n|move|p1b: Aggron|Heavy Slam|p2b: Sylveon\n|-activate|p2b: Sylveon|move: Protect\n|move|p1a: Farigiraf|Psychic|p2a: Sneasler\n|-supereffective|p2a: Sneasler|2\n|-damage|p2a: Sneasler|0 fnt\n|faint|p2a: Sneasler\n|\n|-fieldend|move: Trick Room\n|upkeep\n|\n|t:|1776676064\n|switch|p2a: Pelipper|Pelipper, L50, M|100/100\n|-weather|RainDance|[from] ability: Drizzle|[of] p2a: Pelipper\n|turn|6\n|\n|t:|1776676084\n|move|p2a: Pelipper|Weather Ball|p1b: Aggron\n|-damage|p1b: Aggron|45/100\n|move|p2b: Sylveon|Hyper Voice|p1a: Farigiraf|[spread] p1a,p1b\n|-resisted|p1b: Aggron|1\n|-damage|p1a: Farigiraf|22/100\n|-damage|p1b: Aggron|25/100\n|move|p1b: Aggron|Iron Defense|p1b: Aggron\n|-boost|p1b: Aggron|def|2\n|move|p1a: Farigiraf|Trick Room|p1a: Farigiraf\n|-fieldstart|move: Trick Room|[of] p1a: Farigiraf\n|\n|-weather|RainDance|[upkeep]\n|upkeep\n|turn|7\n|\n|t:|1776676099\n|switch|p1a: Sinistcha|Sinistcha, L50|100/100\n|-heal|p1b: Aggron|50/100|[from] ability: Hospitality|[of] p1a: Sinistcha\n|move|p1b: Aggron|Protect|p1b: Aggron\n|-singleturn|p1b: Aggron|Protect\n|move|p2b: Sylveon|Hyper Voice|p1b: Aggron|[spread] p1a\n|-activate|p1b: Aggron|move: Protect\n|-damage|p1a: Sinistcha|61/100\n|move|p2a: Pelipper|Weather Ball|p1b: Aggron\n|-activate|p1b: Aggron|move: Protect\n|\n|-weather|RainDance|[upkeep]\n|-heal|p1a: Sinistcha|67/100|[from] item: Leftovers\n|upkeep\n|turn|8\n|\n|t:|1776676123\n|move|p1b: Aggron|Iron Defense|p1b: Aggron\n|-boost|p1b: Aggron|def|2\n|move|p2b: Sylveon|Hyper Voice|p1b: Aggron|[spread] p1a,p1b\n|-resisted|p1b: Aggron|1\n|-damage|p1a: Sinistcha|26/100\n|-damage|p1b: Aggron|28/100\n|move|p1a: Sinistcha|Life Dew|p1a: Sinistcha|[spread] p1a,p1b\n|-heal|p1a: Sinistcha|52/100\n|-heal|p1b: Aggron|53/100\n|move|p2a: Pelipper|Hurricane|p1a: Sinistcha\n|-supereffective|p1a: Sinistcha|1\n|-damage|p1a: Sinistcha|0 fnt\n|faint|p1a: Sinistcha\n|\n|-weather|RainDance|[upkeep]\n|upkeep\n|\n|t:|1776676137\n|switch|p1a: Farigiraf|Farigiraf, L50, M|22/100\n|turn|9\n|\n|t:|1776676147\n|move|p1a: Farigiraf|Protect|p1a: Farigiraf\n|-singleturn|p1a: Farigiraf|Protect\n|move|p2b: Sylveon|Protect|p2b: Sylveon\n|-singleturn|p2b: Sylveon|Protect\n|move|p1b: Aggron|Heavy Slam|p2a: Pelipper\n|-resisted|p2a: Pelipper|1\n|-damage|p2a: Pelipper|68/100\n|move|p2a: Pelipper|Weather Ball|p1a: Farigiraf\n|-activate|p1a: Farigiraf|move: Protect\n|\n|-weather|RainDance|[upkeep]\n|upkeep\n|turn|10\n|\n|t:|1776676162\n|move|p2b: Sylveon|Protect||[still]\n|-fail|p2b: Sylveon\n|move|p1b: Aggron|Heavy Slam|p2b: Sylveon\n|-supereffective|p2b: Sylveon|1\n|-damage|p2b: Sylveon|0 fnt\n|faint|p2b: Sylveon\n|move|p1a: Farigiraf|Hyper Voice|p2a: Pelipper\n|-damage|p2a: Pelipper|0 fnt\n|faint|p2a: Pelipper\n|\n|win|wrjisami\n|raw|wrjisami's rating: 1268 &rarr; <strong>1292</strong><br />(+24 for winning)\n|raw|Lord_Neph's rating: 1249 &rarr; <strong>1225</strong><br />(-24 for losing)\n|l|\u2606Lord_Neph\n|player|p2|\n",
  "uploadtime": 1776676201,
  "views": 9,
  "formatid": "gen9championsvgc2026regma",
  "rating": 1225,
  "private": 0,
  "password": null
}