{
  "id": "gen9championsvgc2026regma-2588283977",
  "format": "[Gen 9 Champions] VGC 2026 Reg M-A",
  "players": [
    "Davrito",
    "aranvali"
  ],
  "log": "|j|\u2606Davrito\n|j|\u2606aranvali\n|t:|1776620878\n|gametype|doubles\n|player|p1|Davrito|steven|1096\n|player|p2|aranvali|gentleman-gen4|1080\n|gen|9\n|tier|[Gen 9 Champions] VGC 2026 Reg M-A\n|rated|\n|rule|Species Clause: Limit one of each Pok\u00e9mon\n|rule|Item Clause: Limit 1 of each item\n|clearpoke\n|poke|p1|Gardevoir, L50, M|\n|poke|p1|Whimsicott, L50, M|\n|poke|p1|Gallade, L50, M|\n|poke|p1|Milotic, L50, F|\n|poke|p1|Incineroar, L50, F|\n|poke|p1|Farigiraf, L50, F|\n|poke|p2|Sableye, L50, F, shiny|\n|poke|p2|Meganium, L50, F, shiny|\n|poke|p2|Basculegion, L50, M, shiny|\n|poke|p2|Pelipper, L50, F, shiny|\n|poke|p2|Archaludon, L50, F, shiny|\n|poke|p2|Kangaskhan, L50, F, shiny|\n|teampreview|4\n|\n|t:|1776620925\n|teamsize|p1|4\n|teamsize|p2|4\n|start\n|switch|p1a: Whimsicott|Whimsicott, L50, M|100/100\n|switch|p1b: Incineroar|Incineroar, L50, F|100/100\n|switch|p2a: Sableye|Sableye, L50, F, shiny|100/100\n|switch|p2b: Basculegion|Basculegion, L50, M, shiny|100/100\n|-ability|p1b: Incineroar|Intimidate|boost\n|-unboost|p2a: Sableye|atk|1\n|-unboost|p2b: Basculegion|atk|1\n|turn|1\n|\n|t:|1776620957\n|switch|p1a: Gallade|Gallade, L50, M|100/100\n|move|p2a: Sableye|Fake Out|p1a: Gallade\n|-damage|p1a: Gallade|93/100\n|move|p2b: Basculegion|Flip Turn|p1b: Incineroar\n|-supereffective|p1b: Incineroar|1\n|-damage|p1b: Incineroar|45/100\n|-enditem|p1b: Incineroar|Sitrus Berry|[eat]\n|-heal|p1b: Incineroar|70/100|[from] item: Sitrus Berry\n|\n|t:|1776620969\n|switch|p2b: Kangaskhan|Kangaskhan, L50, F, shiny|100/100|[from] Flip Turn\n|move|p1b: Incineroar|Darkest Lariat|p2b: Kangaskhan\n|-damage|p2b: Kangaskhan|49/100\n|\n|upkeep\n|turn|2\n|\n|t:|1776620986\n|move|p2b: Kangaskhan|Fake Out|p1a: Gallade\n|-damage|p1a: Gallade|66/100\n|move|p2a: Sableye|Will-O-Wisp|p1a: Gallade\n|-status|p1a: Gallade|brn\n|cant|p1a: Gallade|flinch\n|move|p1b: Incineroar|Flare Blitz|p2a: Sableye\n|-damage|p2a: Sableye|23/100\n|-status|p2a: Sableye|brn\n|-damage|p1b: Incineroar|50/100|[from] Recoil\n|\n|-damage|p1a: Gallade|60/100 brn|[from] brn\n|-damage|p2a: Sableye|17/100 brn|[from] brn\n|upkeep\n|turn|3\n|\n|t:|1776621016\n|move|p2a: Sableye|Shadow Sneak|p1a: Gallade\n|-supereffective|p1a: Gallade|1\n|-crit|p1a: Gallade\n|-damage|p1a: Gallade|37/100 brn\n|move|p2b: Kangaskhan|Last Resort|p1b: Incineroar\n|-damage|p1b: Incineroar|0 fnt\n|faint|p1b: Incineroar\n|move|p1a: Gallade|Sacred Sword|p2b: Kangaskhan\n|-supereffective|p2b: Kangaskhan|1\n|-damage|p2b: Kangaskhan|0 fnt\n|faint|p2b: Kangaskhan\n|\n|-damage|p1a: Gallade|31/100 brn|[from] brn\n|-damage|p2a: Sableye|11/100 brn|[from] brn\n|upkeep\n|\n|t:|1776621044\n|switch|p2b: Meganium|Meganium, L50, F, shiny|100/100\n|switch|p1b: Gardevoir|Gardevoir, L50, M|100/100\n|turn|4\n|\n|t:|1776621057\n|detailschange|p1b: Gardevoir|Gardevoir-Mega, L50, M\n|-mega|p1b: Gardevoir|Gardevoir|Gardevoirite\n|move|p2b: Meganium|Protect|p2b: Meganium\n|-singleturn|p2b: Meganium|Protect\n|move|p2a: Sableye|Shadow Sneak|p1a: Gallade\n|-supereffective|p1a: Gallade|1\n|-damage|p1a: Gallade|21/100 brn\n|move|p1b: Gardevoir|Hyper Voice|p2b: Meganium|[spread] p2a\n|-activate|p2b: Meganium|move: Protect\n|-supereffective|p2a: Sableye|1\n|-damage|p2a: Sableye|0 fnt\n|faint|p2a: Sableye\n|move|p1a: Gallade|X-Scissor|p2b: Meganium\n|-activate|p2b: Meganium|move: Protect\n|\n|-damage|p1a: Gallade|15/100 brn|[from] brn\n|upkeep\n|\n|t:|1776621074\n|switch|p2a: Basculegion|Basculegion, L50, M, shiny|100/100\n|turn|5\n|\n|t:|1776621089\n|switch|p1b: Whimsicott|Whimsicott, L50, M|100/100\n|detailschange|p2b: Meganium|Meganium-Mega, L50, F, shiny\n|-mega|p2b: Meganium|Meganium|Meganiumite\n|move|p2a: Basculegion|Last Respects|p1b: Whimsicott\n|-enditem|p1b: Whimsicott|Focus Sash\n|-damage|p1b: Whimsicott|1/100\n|move|p2b: Meganium|Dazzling Gleam|p1a: Gallade|[spread] p1a,p1b\n|-supereffective|p1a: Gallade|1\n|-damage|p1a: Gallade|0 fnt\n|-damage|p1b: Whimsicott|0 fnt\n|faint|p1a: Gallade\n|faint|p1b: Whimsicott\n|\n|upkeep\n|\n|t:|1776621105\n|switch|p1a: Gardevoir|Gardevoir-Mega, L50, M|100/100\n|turn|6\n|\n|t:|1776621114\n|move|p2a: Basculegion|Last Respects|p1a: Gardevoir\n|-supereffective|p1a: Gardevoir|1\n|-damage|p1a: Gardevoir|0 fnt\n|faint|p1a: Gardevoir\n|\n|win|aranvali\n|raw|Davrito's rating: 1096 &rarr; <strong>1070</strong><br />(-26 for losing)\n|raw|aranvali's rating: 1080 &rarr; <strong>1109</strong><br />(+29 for winning)\n|l|\u2606Davrito\n|player|p1|\n",
  "uploadtime": 1776621122,
  "views": 18,
  "formatid": "gen9championsvgc2026regma",
  "rating": 1070,
  "private": 0,
  "password": null
}