{
  "id": "gen9championsvgc2026regma-2583686527",
  "format": "[Gen 9 Champions] VGC 2026 Reg M-A",
  "players": [
    "sonic9201",
    "Chopsuey55"
  ],
  "log": "|j|\u2606sonic9201\n|j|\u2606Chopsuey55\n|t:|1776191010\n|gametype|doubles\n|player|p1|sonic9201|hilbert|1100\n|player|p2|Chopsuey55|roxanne|1070\n|gen|9\n|tier|[Gen 9 Champions] VGC 2026 Reg M-A\n|rated|\n|rule|Species Clause: Limit one of each Pok\u00e9mon\n|rule|Item Clause: Limit 1 of each item\n|clearpoke\n|poke|p1|Tyranitar, L50, M|\n|poke|p1|Arcanine, L50, M|\n|poke|p1|Scizor, L50, M|\n|poke|p1|Whimsicott, L50, F|\n|poke|p1|Glimmora, L50, M|\n|poke|p1|Tinkaton, L50, F|\n|poke|p2|Empoleon, L50, M|\n|poke|p2|Araquanid, L50, F|\n|poke|p2|Farigiraf, L50, M|\n|poke|p2|Politoed, L50, F|\n|poke|p2|Sinistcha, L50|\n|poke|p2|Lopunny, L50, F|\n|teampreview|4\n|inactive|Battle timer is ON: inactive players will automatically lose when time's up. (requested by Chopsuey55)\n|inactive|sonic9201 has 60 seconds left.\n|\n|t:|1776191055\n|teamsize|p1|4\n|teamsize|p2|4\n|start\n|switch|p1a: Arcanine|Arcanine, L50, M|100/100\n|switch|p1b: Tinkaton|Tinkaton, L50, F|100/100\n|switch|p2a: Empoleon|Empoleon, L50, M|100/100\n|switch|p2b: Farigiraf|Farigiraf, L50, M|100/100\n|-ability|p1a: Arcanine|Intimidate|boost\n|-unboost|p2a: Empoleon|atk|1\n|-ability|p2a: Empoleon|Competitive|boost\n|-boost|p2a: Empoleon|spa|2\n|-unboost|p2b: Farigiraf|atk|1\n|-ability|p1b: Tinkaton|Mold Breaker\n|turn|1\n|inactive|Chopsuey55 has 30 seconds left.\n|\n|t:|1776191083\n|move|p2b: Farigiraf|Protect|p2b: Farigiraf\n|-singleturn|p2b: Farigiraf|Protect\n|move|p1b: Tinkaton|Fake Out|p2b: Farigiraf\n|-activate|p2b: Farigiraf|move: Protect\n|move|p1a: Arcanine|Flare Blitz|p2a: Empoleon\n|-damage|p2a: Empoleon|55/100\n|-damage|p1a: Arcanine|85/100|[from] Recoil\n|move|p2a: Empoleon|Surf|p1a: Arcanine|[spread] p1a,p1b\n|-activate|p2b: Farigiraf|move: Protect\n|-supereffective|p1a: Arcanine|1\n|-damage|p1a: Arcanine|0 fnt\n|-damage|p1b: Tinkaton|15/100\n|faint|p1a: Arcanine\n|\n|upkeep\n|\n|t:|1776191090\n|switch|p1a: Whimsicott|Whimsicott, L50, F|100/100\n|turn|2\n|\n|t:|1776191108\n|move|p2a: Empoleon|Protect|p2a: Empoleon\n|-singleturn|p2a: Empoleon|Protect\n|move|p1a: Whimsicott|Moonblast|p2b: Farigiraf\n|-damage|p2b: Farigiraf|66/100\n|move|p1b: Tinkaton|Gigaton Hammer|p2b: Farigiraf\n|-crit|p2b: Farigiraf\n|-damage|p2b: Farigiraf|0 fnt\n|faint|p2b: Farigiraf\n|\n|upkeep\n|\n|t:|1776191126\n|switch|p2b: Politoed|Politoed, L50, F|100/100\n|-weather|RainDance|[from] ability: Drizzle|[of] p2b: Politoed\n|turn|3\n|\n|t:|1776191145\n|move|p1b: Tinkaton|Protect|p1b: Tinkaton\n|-singleturn|p1b: Tinkaton|Protect\n|move|p1a: Whimsicott|Encore|p2a: Empoleon\n|-start|p2a: Empoleon|Encore\n|move|p2a: Empoleon|Protect||[still]\n|-fail|p2a: Empoleon\n|move|p2b: Politoed|Earth Power|p1b: Tinkaton\n|-activate|p1b: Tinkaton|move: Protect\n|\n|-weather|RainDance|[upkeep]\n|upkeep\n|turn|4\n|\n|t:|1776191162\n|move|p2a: Empoleon|Protect|p2a: Empoleon\n|-singleturn|p2a: Empoleon|Protect\n|move|p1a: Whimsicott|Moonblast|p2b: Politoed\n|-damage|p2b: Politoed|71/100\n|move|p1b: Tinkaton|Gigaton Hammer|p2b: Politoed\n|-resisted|p2b: Politoed|1\n|-damage|p2b: Politoed|36/100\n|move|p2b: Politoed|Muddy Water|p1a: Whimsicott|[spread] p1a,p1b\n|-resisted|p1a: Whimsicott|1\n|-damage|p1a: Whimsicott|69/100\n|-damage|p1b: Tinkaton|0 fnt\n|faint|p1b: Tinkaton\n|\n|-weather|RainDance|[upkeep]\n|upkeep\n|\n|t:|1776191173\n|switch|p1b: Glimmora|Glimmora, L50, M|100/100\n|turn|5\n|\n|t:|1776191200\n|detailschange|p1b: Glimmora|Glimmora-Mega, L50, M\n|-mega|p1b: Glimmora|Glimmora|Glimmoranite\n|move|p2a: Empoleon|Protect||[still]\n|-fail|p2a: Empoleon\n|move|p1a: Whimsicott|Moonblast|p2a: Empoleon\n|-resisted|p2a: Empoleon|1\n|-damage|p2a: Empoleon|38/100\n|move|p1b: Glimmora|Sludge Bomb|p2b: Politoed\n|-damage|p2b: Politoed|0 fnt\n|faint|p2b: Politoed\n|\n|-weather|RainDance|[upkeep]\n|-end|p2a: Empoleon|Encore\n|upkeep\n|\n|t:|1776191211\n|switch|p2b: Araquanid|Araquanid, L50, F|100/100\n|turn|6\n|\n|t:|1776191227\n|move|p1a: Whimsicott|Encore|p2a: Empoleon\n|-start|p2a: Empoleon|Encore\n|move|p2a: Empoleon|Protect|p2a: Empoleon\n|-singleturn|p2a: Empoleon|Protect\n|move|p1b: Glimmora|Power Gem|p2b: Araquanid\n|-supereffective|p2b: Araquanid|1\n|-damage|p2b: Araquanid|2/100\n|move|p2b: Araquanid|Liquidation|p1b: Glimmora\n|-supereffective|p1b: Glimmora|1\n|-damage|p1b: Glimmora|0 fnt\n|faint|p1b: Glimmora\n|\n|-weather|RainDance|[upkeep]\n|-heal|p2b: Araquanid|8/100|[from] item: Leftovers\n|upkeep\n|turn|7\n|\n|t:|1776191252\n|move|p2a: Empoleon|Protect||[still]\n|-fail|p2a: Empoleon\n|move|p1a: Whimsicott|Moonblast|p2b: Araquanid\n|-damage|p2b: Araquanid|0 fnt\n|faint|p2b: Araquanid\n|\n|-weather|none\n|upkeep\n|turn|8\n|\n|t:|1776191265\n|move|p2a: Empoleon|Protect|p2a: Empoleon\n|-singleturn|p2a: Empoleon|Protect\n|move|p1a: Whimsicott|Moonblast|p2a: Empoleon\n|-activate|p2a: Empoleon|move: Protect\n|\n|-end|p2a: Empoleon|Encore\n|upkeep\n|turn|9\n|\n|t:|1776191272\n|move|p1a: Whimsicott|Encore|p2a: Empoleon\n|-start|p2a: Empoleon|Encore\n|move|p2a: Empoleon|Protect||[still]\n|-fail|p2a: Empoleon\n|\n|-end|p2a: Empoleon|Encore\n|upkeep\n|turn|10\n|\n|t:|1776191275\n|move|p1a: Whimsicott|Moonblast|p2a: Empoleon\n|-resisted|p2a: Empoleon|1\n|-damage|p2a: Empoleon|21/100\n|move|p2a: Empoleon|Flash Cannon|p1a: Whimsicott\n|-supereffective|p1a: Whimsicott|1\n|-damage|p1a: Whimsicott|0 fnt\n|faint|p1a: Whimsicott\n|\n|win|Chopsuey55\n|raw|sonic9201's rating: 1100 &rarr; <strong>1073</strong><br />(-27 for losing)\n|raw|Chopsuey55's rating: 1070 &rarr; <strong>1102</strong><br />(+32 for winning)\n|l|\u2606Chopsuey55\n|player|p2|\n|l|\u2606sonic9201\n|player|p1|\n|j|\u2606sonic9201\n|player|p1|sonic9201|hilbert|\n",
  "uploadtime": 1776191539,
  "views": 16,
  "formatid": "gen9championsvgc2026regma",
  "rating": 1073,
  "private": 0,
  "password": null
}