{
  "id": "gen9championsvgc2026regma-2581743493",
  "format": "[Gen 9 Champions] VGC 2026 Reg M-A",
  "players": [
    "Okolnir",
    "Sceptilicious"
  ],
  "log": "|j|\u2606Okolnir\n|j|\u2606Sceptilicious\n|t:|1776025009\n|gametype|doubles\n|player|p1|Okolnir|266|1091\n|player|p2|Sceptilicious|170|1093\n|gen|9\n|tier|[Gen 9 Champions] VGC 2026 Reg M-A\n|rated|\n|rule|Species Clause: Limit one of each Pok\u00e9mon\n|rule|Item Clause: Limit 1 of each item\n|clearpoke\n|poke|p1|Gyarados, L50, M|\n|poke|p1|Whimsicott, L50, M|\n|poke|p1|Raichu, L50, M|\n|poke|p1|Maushold, L50|\n|poke|p1|Charizard, L50, M|\n|poke|p1|Venusaur, L50, F|\n|poke|p2|Manectric, L50, F|\n|poke|p2|Ninetales-Alola, L50, M|\n|poke|p2|Decidueye, L50, F|\n|poke|p2|Archaludon, L50, F|\n|poke|p2|Maushold, L50|\n|poke|p2|Incineroar, L50, M|\n|teampreview|4\nSceptilicious has agreed to open team sheets.\n|\n|t:|1776025052\n|teamsize|p1|4\n|teamsize|p2|4\n|start\n|switch|p1a: Charizard|Charizard, L50, M|100/100\n|switch|p1b: Maushold|Maushold, L50|100/100\n|switch|p2a: Manectric|Manectric, L50, F|100/100\n|switch|p2b: Maushold|Maushold, L50|100/100\n|turn|1\n|\n|t:|1776025068\n|detailschange|p1a: Charizard|Charizard-Mega-Y, L50, M\n|-mega|p1a: Charizard|Charizard|Charizardite Y\n|-weather|SunnyDay|[from] ability: Drought|[of] p1a: Charizard\n|move|p2a: Manectric|Protect|p2a: Manectric\n|-singleturn|p2a: Manectric|Protect\n|move|p1b: Maushold|Follow Me|p1b: Maushold\n|-singleturn|p1b: Maushold|move: Follow Me\n|move|p2b: Maushold|Thunder Wave|p1b: Maushold|[miss]\n|-miss|p2b: Maushold|p1b: Maushold\n|move|p1a: Charizard|Heat Wave|p2a: Manectric|[spread] p2b\n|-activate|p2a: Manectric|move: Protect\n|-damage|p2b: Maushold|22/100\n|\n|-weather|SunnyDay|[upkeep]\n|upkeep\n|turn|2\n|\n|t:|1776025086\n|detailschange|p2a: Manectric|Manectric-Mega, L50, F\n|-mega|p2a: Manectric|Manectric|Manectite\n|-ability|p2a: Manectric|Intimidate|boost\n|-unboost|p1a: Charizard|atk|1\n|-unboost|p1b: Maushold|atk|1\n|move|p2b: Maushold|Protect|p2b: Maushold\n|-singleturn|p2b: Maushold|Protect\n|move|p1b: Maushold|Follow Me|p1b: Maushold\n|-singleturn|p1b: Maushold|move: Follow Me\n|move|p2a: Manectric|Volt Switch|p1b: Maushold\n|-damage|p1b: Maushold|54/100\n|\n|t:|1776025094\n|switch|p2a: Ninetales|Ninetales-Alola, L50, M|100/100|[from] Volt Switch\n|-weather|Snowscape|[from] ability: Snow Warning|[of] p2a: Ninetales\n|move|p1a: Charizard|Heat Wave|p2a: Ninetales|[spread] p2a\n|-activate|p2b: Maushold|move: Protect\n|-supereffective|p2a: Ninetales|1\n|-damage|p2a: Ninetales|33/100\n|\n|-weather|Snowscape|[upkeep]\n|upkeep\n|turn|3\n|\n|t:|1776025107\n|move|p1b: Maushold|Follow Me|p1b: Maushold\n|-singleturn|p1b: Maushold|move: Follow Me\n|move|p2b: Maushold|Thunder Wave|p1b: Maushold\n|-status|p1b: Maushold|par\n|move|p2a: Ninetales|Aurora Veil|p2a: Ninetales\n|-sidestart|p2: Sceptilicious|move: Aurora Veil\n|move|p1a: Charizard|Heat Wave|p2a: Ninetales|[spread] p2a,p2b\n|-supereffective|p2a: Ninetales|1\n|-damage|p2a: Ninetales|0 fnt\n|-damage|p2b: Maushold|0 fnt\n|faint|p2a: Ninetales\n|faint|p2b: Maushold\n|\n|-weather|Snowscape|[upkeep]\n|upkeep\n|\n|t:|1776025118\n|switch|p2b: Manectric|Manectric-Mega, L50, F|100/100\n|switch|p2a: Incineroar|Incineroar, L50, M|100/100\n|-ability|p2b: Manectric|Intimidate|boost\n|-unboost|p1a: Charizard|atk|1\n|-unboost|p1b: Maushold|atk|1\n|-ability|p2a: Incineroar|Intimidate|boost\n|-unboost|p1a: Charizard|atk|1\n|-unboost|p1b: Maushold|atk|1\n|turn|4\n|\n|t:|1776025155\n|switch|p1a: Raichu|Raichu, L50, M|100/100\n|move|p2a: Incineroar|Fake Out|p1a: Raichu\n|-damage|p1a: Raichu|85/100\n|move|p2b: Manectric|Volt Switch|p1a: Raichu\n|-ability|p1a: Raichu|Lightning Rod|boost\n|-boost|p1a: Raichu|spa|1\n|cant|p1b: Maushold|par\n|\n|-weather|Snowscape|[upkeep]\n|upkeep\n|turn|5\n|\n|t:|1776025171\n|move|p1a: Raichu|Fake Out|p2b: Manectric\n|-damage|p2b: Manectric|92/100\n|cant|p2b: Manectric|flinch\n|move|p1b: Maushold|Thunder Wave|p1a: Raichu\n|-activate|p1a: Raichu|ability: Lightning Rod\n|-ability|p1a: Raichu|Lightning Rod|boost\n|-boost|p1a: Raichu|spa|1\n|move|p2a: Incineroar|Flare Blitz|p1a: Raichu\n|-damage|p1a: Raichu|18/100\n|-damage|p2a: Incineroar|83/100|[from] Recoil\n|\n|-weather|Snowscape|[upkeep]\n|-heal|p2a: Incineroar|89/100|[from] item: Leftovers\n|upkeep\n|turn|6\n|\n|t:|1776025193\n|move|p2b: Manectric|Flamethrower|p1a: Raichu\n|-damage|p1a: Raichu|0 fnt\n|faint|p1a: Raichu\n|move|p1b: Maushold|Population Bomb|p2b: Manectric\n|-damage|p2b: Manectric|89/100\n|-damage|p2b: Manectric|87/100\n|-damage|p2b: Manectric|84/100\n|-damage|p2b: Manectric|81/100\n|-damage|p2b: Manectric|78/100\n|-damage|p2b: Manectric|76/100\n|-damage|p2b: Manectric|73/100\n|-damage|p2b: Manectric|70/100\n|-damage|p2b: Manectric|67/100\n|-damage|p2b: Manectric|65/100\n|-hitcount|p2b: Manectric|10\n|move|p2a: Incineroar|Flare Blitz|p1b: Maushold\n|-damage|p1b: Maushold|0 fnt\n|faint|p1b: Maushold\n|-damage|p2a: Incineroar|70/100|[from] Recoil\n|\n|-weather|none\n|-heal|p2a: Incineroar|76/100|[from] item: Leftovers\n|upkeep\n|\n|t:|1776025197\n|switch|p1b: Gyarados|Gyarados, L50, M|100/100\n|switch|p1a: Charizard|Charizard-Mega-Y, L50, M|100/100\n|-weather|SunnyDay|[from] ability: Drought|[of] p1a: Charizard\n|turn|7\n|\n|t:|1776025216\n|move|p2b: Manectric|Protect|p2b: Manectric\n|-singleturn|p2b: Manectric|Protect\n|move|p1a: Charizard|Protect|p1a: Charizard\n|-singleturn|p1a: Charizard|Protect\n|move|p1b: Gyarados|Protect|p1b: Gyarados\n|-singleturn|p1b: Gyarados|Protect\n|move|p2a: Incineroar|Parting Shot|p1a: Charizard\n|-activate|p1a: Charizard|move: Protect\n|\n|-weather|SunnyDay|[upkeep]\n|-heal|p2a: Incineroar|82/100|[from] item: Leftovers\n|-sideend|p2: Sceptilicious|move: Aurora Veil\n|upkeep\n|turn|8\n|\n|t:|1776025242\n|move|p2b: Manectric|Volt Switch|p1b: Gyarados\n|-supereffective|p1b: Gyarados|2\n|-damage|p1b: Gyarados|0 fnt\n|faint|p1b: Gyarados\n|move|p1a: Charizard|Heat Wave|p2b: Manectric|[spread] p2a,p2b\n|-resisted|p2a: Incineroar|1\n|-damage|p2a: Incineroar|55/100\n|-damage|p2b: Manectric|0 fnt\n|faint|p2b: Manectric\n|move|p2a: Incineroar|Parting Shot|p1a: Charizard\n|-unboost|p1a: Charizard|atk|1\n|-unboost|p1a: Charizard|spa|1\n|\n|-weather|SunnyDay|[upkeep]\n|-heal|p2a: Incineroar|60/100|[from] item: Leftovers\n|upkeep\n|turn|9\n|\n|t:|1776025255\n|move|p1a: Charizard|Weather Ball|p2a: Incineroar\n|-resisted|p2a: Incineroar|1\n|-damage|p2a: Incineroar|34/100\n|move|p2a: Incineroar|Throat Chop|p1a: Charizard\n|-damage|p1a: Charizard|49/100\n|-start|p1a: Charizard|Throat Chop|[silent]\n|\n|-weather|SunnyDay|[upkeep]\n|-heal|p2a: Incineroar|40/100|[from] item: Leftovers\n|upkeep\n|turn|10\n|\n|t:|1776025264\n|move|p1a: Charizard|Weather Ball|p2a: Incineroar\n|-resisted|p2a: Incineroar|1\n|-damage|p2a: Incineroar|14/100\n|move|p2a: Incineroar|Throat Chop|p1a: Charizard\n|-damage|p1a: Charizard|4/100\n|\n|-weather|SunnyDay|[upkeep]\n|-heal|p2a: Incineroar|20/100|[from] item: Leftovers\n|-end|p1a: Charizard|Throat Chop|[silent]\n|upkeep\n|turn|11\n|c|\u2606Sceptilicious|gg wp\n|\n|t:|1776025290\n|move|p1a: Charizard|Weather Ball|p2a: Incineroar\n|-resisted|p2a: Incineroar|1\n|-damage|p2a: Incineroar|0 fnt\n|faint|p2a: Incineroar\n|\n|win|Okolnir\n|raw|Okolnir's rating: 1091 &rarr; <strong>1118</strong><br />(+27 for winning)\n|raw|Sceptilicious's rating: 1093 &rarr; <strong>1069</strong><br />(-24 for losing)\n",
  "uploadtime": 1776025295,
  "views": 12,
  "formatid": "gen9championsvgc2026regma",
  "rating": 1069,
  "private": 0,
  "password": null
}