{
  "id": "gen9championsvgc2026regma-2582435200",
  "format": "[Gen 9 Champions] VGC 2026 Reg M-A",
  "players": [
    "Wishmkroro",
    "maku8319"
  ],
  "log": "|j|\u2606Wishmkroro\n|j|\u2606maku8319\n|t:|1776091495\n|gametype|doubles\n|player|p1|Wishmkroro|caitlin|1141\n|player|p2|maku8319|red|1154\n|gen|9\n|tier|[Gen 9 Champions] VGC 2026 Reg M-A\n|rated|\n|rule|Species Clause: Limit one of each Pok\u00e9mon\n|rule|Item Clause: Limit 1 of each item\n|clearpoke\n|poke|p1|Sableye, L50, M|\n|poke|p1|Basculegion, L50, M|\n|poke|p1|Archaludon, L50, M|\n|poke|p1|Dragonite, L50, M|\n|poke|p1|Sinistcha, L50|\n|poke|p1|Incineroar, L50, F|\n|poke|p2|Corviknight, L50, F|\n|poke|p2|Raichu, L50, F|\n|poke|p2|Delphox, L50, F|\n|poke|p2|Garchomp, L50, F|\n|poke|p2|Sinistcha, L50|\n|poke|p2|Primarina, L50, F|\n|teampreview|4\n|inactive|Battle timer is ON: inactive players will automatically lose when time's up. (requested by Wishmkroro)\nWishmkroro rejected open team sheets.\n|inactive|maku8319 has 60 seconds left.\n|\n|t:|1776091564\n|teamsize|p1|4\n|teamsize|p2|4\n|start\n|switch|p1a: Sableye|Sableye, L50, M|100/100\n|switch|p1b: Basculegion|Basculegion, L50, M|100/100\n|switch|p2a: Primarina|Primarina, L50, F|100/100\n|switch|p2b: Corviknight|Corviknight, L50, F, shiny|100/100\n|turn|1\n|\n|t:|1776091584\n|move|p1a: Sableye|Protect|p1a: Sableye\n|-singleturn|p1a: Sableye|Protect\n|move|p1b: Basculegion|Flip Turn|p2a: Primarina\n|-resisted|p2a: Primarina|1\n|-damage|p2a: Primarina|78/100\n|\n|t:|1776091593\n|switch|p1b: Archaludon|Archaludon, L50, M|100/100|[from] Flip Turn\n|move|p2b: Corviknight|Iron Defense|p2b: Corviknight\n|-boost|p2b: Corviknight|def|2\n|move|p2a: Primarina|Moonblast|p1a: Sableye\n|-activate|p1a: Sableye|move: Protect\n|\n|upkeep\n|turn|2\n|\n|t:|1776091614\n|switch|p2a: Raichu|Raichu, L50, F, shiny|100/100\n|move|p1a: Sableye|Rain Dance|p1a: Sableye\n|-weather|RainDance\n|move|p1b: Archaludon|Electro Shot||[still]\n|-prepare|p1b: Archaludon|Electro Shot\n|-boost|p1b: Archaludon|spa|1\n|-anim|p1b: Archaludon|Electro Shot|p2a: Raichu\n|-ability|p2a: Raichu|Lightning Rod|boost\n|-boost|p2a: Raichu|spa|1\n|move|p2b: Corviknight|Body Press|p1b: Archaludon\n|-supereffective|p1b: Archaludon|1\n|-enditem|p1b: Archaludon|Chople Berry|[eat]\n|-enditem|p1b: Archaludon|Chople Berry|[weaken]\n|-damage|p1b: Archaludon|54/100\n|\n|-weather|RainDance|[upkeep]\n|upkeep\n|turn|3\n|\n|t:|1776091635\n|switch|p1a: Dragonite|Dragonite, L50, M|100/100\n|move|p2a: Raichu|Thunderbolt|p1a: Dragonite\n|-crit|p1a: Dragonite\n|-damage|p1a: Dragonite|57/100\n|move|p1b: Archaludon|Electro Shot||[still]\n|-prepare|p1b: Archaludon|Electro Shot\n|-boost|p1b: Archaludon|spa|1\n|-anim|p1b: Archaludon|Electro Shot|p2b: Corviknight\n|-supereffective|p2b: Corviknight|1\n|-damage|p2b: Corviknight|0 fnt\n|faint|p2b: Corviknight\n|\n|-weather|RainDance|[upkeep]\n|upkeep\n|inactive|maku8319 has 30 seconds left.\n|\n|t:|1776091662\n|switch|p2b: Garchomp|Garchomp, L50, F|100/100\n|turn|4\n|\n|t:|1776091686\n|detailschange|p1a: Dragonite|Dragonite-Mega, L50, M\n|-mega|p1a: Dragonite|Dragonite|Dragoninite\n|move|p2a: Raichu|Nuzzle|p1a: Dragonite\n|-damage|p1a: Dragonite|50/100\n|-status|p1a: Dragonite|par\n|move|p2b: Garchomp|Earthquake|p1a: Dragonite|[spread] p2a,p1b\n|-immune|p1a: Dragonite\n|-supereffective|p2a: Raichu|1\n|-supereffective|p1b: Archaludon|1\n|-enditem|p2a: Raichu|Focus Sash\n|-damage|p2a: Raichu|1/100\n|-damage|p1b: Archaludon|0 fnt\n|faint|p1b: Archaludon\n|move|p1a: Dragonite|Ice Beam|p2b: Garchomp\n|-supereffective|p2b: Garchomp|2\n|-damage|p2b: Garchomp|0 fnt\n|faint|p2b: Garchomp\n|\n|-weather|RainDance|[upkeep]\n|upkeep\n|\n|t:|1776091704\n|switch|p2b: Primarina|Primarina, L50, F|78/100\n|switch|p1b: Sableye|Sableye, L50, M|100/100\n|turn|5\n|\n|t:|1776091714\n|move|p1b: Sableye|Quash|p2b: Primarina\n|-activate|p2b: Primarina|move: Quash\n|move|p2a: Raichu|Thunderbolt|p1b: Sableye\n|-damage|p1b: Sableye|38/100\n|-status|p1b: Sableye|par\n|move|p1a: Dragonite|Hurricane|p2b: Primarina\n|-crit|p2b: Primarina\n|-damage|p2b: Primarina|0 fnt\n|faint|p2b: Primarina\n|\n|-weather|RainDance|[upkeep]\n|upkeep\n|turn|6\n|\n|t:|1776091739\n|move|p1b: Sableye|Quash|p2a: Raichu\n|-activate|p2a: Raichu|move: Quash\n|move|p1a: Dragonite|Ice Beam|p2a: Raichu\n|-damage|p2a: Raichu|0 fnt\n|faint|p2a: Raichu\n|\n|win|Wishmkroro\n|raw|Wishmkroro's rating: 1141 &rarr; <strong>1167</strong><br />(+26 for winning)\n|raw|maku8319's rating: 1154 &rarr; <strong>1128</strong><br />(-26 for losing)\n|l|\u2606maku8319\n|player|p2|\n|l|\u2606Wishmkroro\n|player|p1|\n|j|\u2606maku8319\n|player|p2|maku8319|red|\n",
  "uploadtime": 1776092027,
  "views": 21,
  "formatid": "gen9championsvgc2026regma",
  "rating": 1128,
  "private": 0,
  "password": null
}