{
  "id": "gen9championsvgc2026regma-2585049870",
  "format": "[Gen 9 Champions] VGC 2026 Reg M-A",
  "players": [
    "lakeandbake",
    "whatswrong3"
  ],
  "log": "|j|\u203dlakeandbake\n|j|\u2606whatswrong3\n|t:|1776306751\n|gametype|doubles\n|player|p1|lakeandbake|iono-masters|1188\n|player|p2|whatswrong3|102|1187\n|gen|9\n|tier|[Gen 9 Champions] VGC 2026 Reg M-A\n|rated|\n|rule|Species Clause: Limit one of each Pok\u00e9mon\n|rule|Item Clause: Limit 1 of each item\n|clearpoke\n|poke|p1|Drampa, L50, F|\n|poke|p1|Sinistcha, L50|\n|poke|p1|Torkoal, L50, F|\n|poke|p1|Sneasler, L50, F|\n|poke|p1|Incineroar, L50, F|\n|poke|p1|Farigiraf, L50, M|\n|poke|p2|Basculegion, L50, M|\n|poke|p2|Archaludon, L50, F|\n|poke|p2|Pelipper, L50, M|\n|poke|p2|Sinistcha, L50|\n|poke|p2|Meganium, L50, F|\n|poke|p2|Aerodactyl, L50, M|\n|teampreview|4\n|inactive|Battle timer is ON: inactive players will automatically lose when time's up. (requested by whatswrong3)\n|inactive|lakeandbake has 60 seconds left.\n|inactive|whatswrong3 has 60 seconds left.\nwhatswrong3 rejected open team sheets.\n|inactive|lakeandbake has 30 seconds left.\n|inactive|lakeandbake has 20 seconds left.\n|\n|t:|1776306824\n|teamsize|p1|4\n|teamsize|p2|4\n|start\n|switch|p1a: Sinistcha|Sinistcha, L50|100/100\n|switch|p1b: Incineroar|Incineroar, L50, F|100/100\n|switch|p2a: Aerodactyl|Aerodactyl, L50, M|100/100\n|switch|p2b: Basculegion|Basculegion, L50, M|100/100\n|-ability|p1b: Incineroar|Intimidate|boost\n|-unboost|p2a: Aerodactyl|atk|1\n|-unboost|p2b: Basculegion|atk|1\n|turn|1\n|\n|t:|1776306837\n|move|p2a: Aerodactyl|Protect|p2a: Aerodactyl\n|-singleturn|p2a: Aerodactyl|Protect\n|move|p1b: Incineroar|Fake Out|p2a: Aerodactyl\n|-activate|p2a: Aerodactyl|move: Protect\n|move|p2b: Basculegion|Flip Turn|p1b: Incineroar\n|-supereffective|p1b: Incineroar|1\n|-damage|p1b: Incineroar|49/100\n|inactive|whatswrong3 has 30 seconds left.\n|\n|t:|1776306863\n|switch|p2b: Pelipper|Pelipper, L50, M|100/100|[from] Flip Turn\n|-weather|RainDance|[from] ability: Drizzle|[of] p2b: Pelipper\n|move|p1a: Sinistcha|Trick Room|p1a: Sinistcha\n|-fieldstart|move: Trick Room|[of] p1a: Sinistcha\n|\n|-weather|RainDance|[upkeep]\n|upkeep\n|turn|2\n|inactive|whatswrong3 has 30 seconds left.\n|\n|t:|1776306897\n|switch|p2a: Archaludon|Archaludon, L50, F|100/100\n|move|p1a: Sinistcha|Matcha Gotcha|p2a: Archaludon|[spread] p2a,p2b\n|-resisted|p2a: Archaludon|2\n|-crit|p2a: Archaludon\n|-damage|p2a: Archaludon|90/100\n|-damage|p2b: Pelipper|58/100\n|-status|p2b: Pelipper|brn\n|-ability|p2a: Archaludon|Stamina|boost\n|-boost|p2a: Archaludon|def|1\n|move|p1b: Incineroar|Iron Head|p2a: Archaludon\n|-resisted|p2a: Archaludon|1\n|-damage|p2a: Archaludon|84/100\n|-ability|p2a: Archaludon|Stamina|boost\n|-boost|p2a: Archaludon|def|1\n|move|p2b: Pelipper|Hurricane|p1a: Sinistcha\n|-supereffective|p1a: Sinistcha|1\n|-damage|p1a: Sinistcha|26/100\n|-start|p1a: Sinistcha|confusion\n|-enditem|p1a: Sinistcha|Sitrus Berry|[eat]\n|-heal|p1a: Sinistcha|51/100|[from] item: Sitrus Berry\n|\n|-weather|RainDance|[upkeep]\n|-damage|p2b: Pelipper|52/100 brn|[from] brn\n|upkeep\n|turn|3\n|inactive|whatswrong3 has 30 seconds left.\n|inactive|whatswrong3 has 20 seconds left.\n|inactive|whatswrong3 has 15 seconds left.\n|inactive|whatswrong3 has 10 seconds left.\n|\n|t:|1776306944\n|switch|p1a: Drampa|Drampa, L50, F|100/100\n|-ability|p1a: Drampa|Cloud Nine\n|move|p2b: Pelipper|Protect|p2b: Pelipper\n|-singleturn|p2b: Pelipper|Protect\n|move|p1b: Incineroar|Parting Shot|p2a: Archaludon\n|-unboost|p2a: Archaludon|atk|1\n|-unboost|p2a: Archaludon|spa|1\n|\n|t:|1776306954\n|switch|p1b: Sneasler|Sneasler, L50, F|100/100|[from] Parting Shot\n|move|p2a: Archaludon|Electro Shot||[still]\n|-prepare|p2a: Archaludon|Electro Shot\n|-boost|p2a: Archaludon|spa|1\n|\n|-weather|RainDance|[upkeep]\n|-damage|p2b: Pelipper|46/100 brn|[from] brn\n|upkeep\n|turn|4\n|inactive|lakeandbake has 30 seconds left.\n|\n|t:|1776306984\n|switch|p2b: Basculegion|Basculegion, L50, M|100/100\n|detailschange|p1a: Drampa|Drampa-Mega, L50, F\n|-mega|p1a: Drampa|Drampa|Drampanite\n|move|p1b: Sneasler|Fake Out|p2a: Archaludon\n|-resisted|p2a: Archaludon|1\n|-damage|p2a: Archaludon|82/100\n|-ability|p2a: Archaludon|Stamina|boost\n|-boost|p2a: Archaludon|def|1\n|move|p1a: Drampa|Hyper Voice|p2a: Archaludon|[spread] p2a\n|-immune|p2b: Basculegion\n|-resisted|p2a: Archaludon|1\n|-damage|p2a: Archaludon|53/100\n|-ability|p2a: Archaludon|Stamina|boost\n|-boost|p2a: Archaludon|def|1\n|cant|p2a: Archaludon|flinch\n|\n|-weather|RainDance|[upkeep]\n|upkeep\n|turn|5\n|inactive|whatswrong3 has 30 seconds left.\n|\n|t:|1776307010\n|move|p2b: Basculegion|Aqua Jet|p1a: Drampa\n|-resisted|p1a: Drampa|1\n|-damage|p1a: Drampa|82/100\n|move|p1a: Drampa|Dragon Pulse|p2a: Archaludon\n|-damage|p2a: Archaludon|0 fnt\n|faint|p2a: Archaludon\n|move|p1b: Sneasler|Dire Claw|p2b: Basculegion\n|-resisted|p2b: Basculegion|1\n|-damage|p2b: Basculegion|72/100\n|-status|p2b: Basculegion|psn\n|\n|-weather|none\n|-damage|p2b: Basculegion|59/100 psn|[from] psn\n|-fieldend|move: Trick Room\n|upkeep\n|\n|t:|1776307028\n|switch|p2a: Aerodactyl|Aerodactyl, L50, M|100/100\n|turn|6\n|\n|t:|1776307039\n|switch|p2b: Pelipper|Pelipper, L50, M|46/100 brn\n|-weather|RainDance|[from] ability: Drizzle|[of] p2b: Pelipper\n|switch|p1b: Incineroar|Incineroar, L50, F|49/100\n|-ability|p1b: Incineroar|Intimidate|boost\n|-unboost|p2a: Aerodactyl|atk|1\n|-unboost|p2b: Pelipper|atk|1\n|move|p2a: Aerodactyl|Dual Wingbeat|p1b: Incineroar|[miss]\n|-miss|p2a: Aerodactyl|p1b: Incineroar\n|move|p1a: Drampa|Dragon Pulse|p2b: Pelipper\n|-damage|p2b: Pelipper|0 fnt\n|faint|p2b: Pelipper\n|\n|-weather|RainDance|[upkeep]\n|upkeep\n|\n|t:|1776307052\n|switch|p2b: Basculegion|Basculegion, L50, M|59/100 psn\n|turn|7\n|\n|t:|1776307071\n|move|p1b: Incineroar|Fake Out|p2a: Aerodactyl\n|-resisted|p2a: Aerodactyl|1\n|-damage|p2a: Aerodactyl|91/100\n|cant|p2a: Aerodactyl|flinch\n|move|p2b: Basculegion|Wave Crash|p1a: Drampa\n|-resisted|p1a: Drampa|1\n|-damage|p1a: Drampa|30/100\n|-damage|p2b: Basculegion|44/100 psn|[from] Recoil\n|-ability|p1a: Drampa|Berserk|boost\n|-boost|p1a: Drampa|spa|1\n|move|p1a: Drampa|Dragon Pulse|p2b: Basculegion\n|-damage|p2b: Basculegion|0 fnt\n|faint|p2b: Basculegion\n|\n|-weather|RainDance|[upkeep]\n|upkeep\n|turn|8\n|\n|t:|1776307088\n|switch|p1b: Sinistcha|Sinistcha, L50|51/100\n|-heal|p1a: Drampa|55/100|[from] ability: Hospitality|[of] p1b: Sinistcha\n|move|p1a: Drampa|Protect|p1a: Drampa\n|-singleturn|p1a: Drampa|Protect\n|move|p2a: Aerodactyl|Rock Slide|p1a: Drampa|[spread] p1b\n|-activate|p1a: Drampa|move: Protect\n|-damage|p1b: Sinistcha|34/100\n|\n|-weather|RainDance|[upkeep]\n|upkeep\n|turn|9\n|-message|whatswrong3 forfeited.\n|\n|win|lakeandbake\n|raw|lakeandbake's rating: 1188 &rarr; <strong>1213</strong><br />(+25 for winning)\n|raw|whatswrong3's rating: 1187 &rarr; <strong>1162</strong><br />(-25 for losing)\n",
  "uploadtime": 1776307096,
  "views": 18,
  "formatid": "gen9championsvgc2026regma",
  "rating": 1162,
  "private": 0,
  "password": null
}