{
  "id": "gen9championsvgc2026regma-2588317006",
  "format": "[Gen 9 Champions] VGC 2026 Reg M-A",
  "players": [
    "sintist",
    "Snoopyninenine"
  ],
  "log": "|j|\u2606sintist\n|j|\u2606Snoopyninenine\n|t:|1776623566\n|gametype|doubles\n|player|p1|sintist|265|1035\n|player|p2|Snoopyninenine|lance|1089\n|gen|9\n|tier|[Gen 9 Champions] VGC 2026 Reg M-A\n|rated|\n|rule|Species Clause: Limit one of each Pok\u00e9mon\n|rule|Item Clause: Limit 1 of each item\n|clearpoke\n|poke|p1|Farigiraf, L50, F|\n|poke|p1|Sinistcha-Masterpiece, L50|\n|poke|p1|Excadrill, L50, M|\n|poke|p1|Camerupt, L50, M|\n|poke|p1|Torkoal, L50, F|\n|poke|p1|Blastoise, L50, F|\n|poke|p2|Scovillain, L50, M|\n|poke|p2|Corviknight, L50, M|\n|poke|p2|Garchomp, L50, F|\n|poke|p2|Rotom-Wash, L50|\n|poke|p2|Torkoal, L50, F|\n|poke|p2|Gengar, L50, F|\n|teampreview|4\n|\n|t:|1776623632\n|teamsize|p1|4\n|teamsize|p2|4\n|start\n|switch|p1a: Farigiraf|Farigiraf, L50, F|100/100\n|switch|p1b: Camerupt|Camerupt, L50, M|100/100\n|switch|p2a: Scovillain|Scovillain, L50, M|100/100\n|switch|p2b: Rotom|Rotom-Wash, L50|100/100\n|turn|1\n|\n|t:|1776623663\n|move|p1b: Camerupt|Protect|p1b: Camerupt\n|-singleturn|p1b: Camerupt|Protect\n|move|p2b: Rotom|Hydro Pump|p1b: Camerupt\n|-activate|p1b: Camerupt|move: Protect\n|move|p2a: Scovillain|Leech Seed|p1a: Farigiraf\n|-start|p1a: Farigiraf|move: Leech Seed\n|move|p1a: Farigiraf|Trick Room|p1a: Farigiraf\n|-fieldstart|move: Trick Room|[of] p1a: Farigiraf\n|\n|-damage|p1a: Farigiraf|88/100|[from] Leech Seed|[of] p2a: Scovillain\n|-ability|p2a: Scovillain|Moody|boost\n|-boost|p2a: Scovillain|def|2\n|-unboost|p2a: Scovillain|atk|1\n|upkeep\n|turn|2\n|\n|t:|1776623693\n|switch|p1a: Torkoal|Torkoal, L50, F|100/100\n|-weather|SunnyDay|[from] ability: Drought|[of] p1a: Torkoal\n|detailschange|p1b: Camerupt|Camerupt-Mega, L50, M\n|-mega|p1b: Camerupt|Camerupt|Cameruptite\n|detailschange|p2a: Scovillain|Scovillain-Mega, L50, M\n|-mega|p2a: Scovillain|Scovillain|Scovillainite\n|move|p2a: Scovillain|Protect|p2a: Scovillain\n|-singleturn|p2a: Scovillain|Protect\n|move|p1b: Camerupt|Eruption|p2a: Scovillain|[spread] p2b\n|-activate|p2a: Scovillain|move: Protect\n|-resisted|p2b: Rotom|1\n|-damage|p2b: Rotom|34/100\n|move|p2b: Rotom|Hydro Pump|p1b: Camerupt\n|-supereffective|p1b: Camerupt|2\n|-damage|p1b: Camerupt|6/100\n|\n|-weather|SunnyDay|[upkeep]\n|-heal|p2b: Rotom|39/100|[from] item: Leftovers\n|upkeep\n|turn|3\n|\n|t:|1776623722\n|move|p2b: Rotom|Protect|p2b: Rotom\n|-singleturn|p2b: Rotom|Protect\n|move|p1a: Torkoal|Eruption|p2a: Scovillain|[spread] p2a\n|-activate|p2b: Rotom|move: Protect\n|-damage|p2a: Scovillain|27/100\n|-immune|p1a: Torkoal\n|move|p1b: Camerupt|Ancient Power|p2b: Rotom\n|-activate|p2b: Rotom|move: Protect\n|move|p2a: Scovillain|Leech Seed|p1b: Camerupt\n|-start|p1b: Camerupt|move: Leech Seed\n|\n|-weather|SunnyDay|[upkeep]\n|-heal|p2b: Rotom|45/100|[from] item: Leftovers\n|-damage|p1b: Camerupt|0 fnt|[from] Leech Seed|[of] p2a: Scovillain\n|-heal|p2a: Scovillain|32/100|[silent]\n|faint|p1b: Camerupt\n|upkeep\n|\n|t:|1776623742\n|switch|p1b: Sinistcha|Sinistcha-Masterpiece, L50|100/100\n|turn|4\n|\n|t:|1776623773\n|move|p2a: Scovillain|Protect|p2a: Scovillain\n|-singleturn|p2a: Scovillain|Protect\n|move|p1b: Sinistcha|Rage Powder|p1b: Sinistcha\n|-singleturn|p1b: Sinistcha|move: Rage Powder\n|move|p1a: Torkoal|Eruption|p2a: Scovillain|[spread] p2b\n|-activate|p2a: Scovillain|move: Protect\n|-resisted|p2b: Rotom|1\n|-damage|p2b: Rotom|0 fnt\n|faint|p2b: Rotom\n|\n|-weather|SunnyDay|[upkeep]\n|upkeep\n|\n|t:|1776623783\n|switch|p2b: Garchomp|Garchomp, L50, F|100/100\n|turn|5\n|\n|t:|1776623798\n|move|p1a: Torkoal|Eruption|p2a: Scovillain|[spread] p2a,p2b\n|-resisted|p2b: Garchomp|1\n|-crit|p2b: Garchomp\n|-damage|p2a: Scovillain|0 fnt\n|-damage|p2b: Garchomp|44/100\n|-immune|p1a: Torkoal\n|faint|p2a: Scovillain\n|move|p1b: Sinistcha|Matcha Gotcha|p2b: Garchomp\n|-damage|p2b: Garchomp|15/100\n|-status|p2b: Garchomp|brn\n|move|p2b: Garchomp|Earthquake|p1b: Sinistcha|[spread] p1a,p1b\n|-supereffective|p1a: Torkoal|1\n|-resisted|p1b: Sinistcha|1\n|-damage|p1a: Torkoal|73/100\n|-damage|p1b: Sinistcha|95/100\n|\n|-weather|SunnyDay|[upkeep]\n|-damage|p2b: Garchomp|9/100 brn|[from] brn\n|-fieldend|move: Trick Room\n|upkeep\n|\n|t:|1776623814\n|switch|p2a: Gengar|Gengar, L50, F|100/100\n|turn|6\n|\n|t:|1776623832\n|switch|p1a: Farigiraf|Farigiraf, L50, F|88/100\n|move|p2a: Gengar|Sludge Bomb|p1b: Sinistcha\n|-damage|p1b: Sinistcha|45/100\n|move|p2b: Garchomp|Rock Slide|p1a: Farigiraf|[spread] p1a,p1b\n|-damage|p1a: Farigiraf|81/100\n|-damage|p1b: Sinistcha|39/100\n|move|p1b: Sinistcha|Matcha Gotcha|p2b: Garchomp|[spread] p2a,p2b\n|-resisted|p2a: Gengar|1\n|-damage|p2a: Gengar|85/100\n|-heal|p1b: Sinistcha|47/100|[from] drain|[of] p2a: Gengar\n|-damage|p2b: Garchomp|0 fnt\n|-heal|p1b: Sinistcha|51/100|[from] drain|[of] p2b: Garchomp\n|faint|p2b: Garchomp\n|\n|-weather|none\n|upkeep\n|turn|7\n|\n|t:|1776623875\n|move|p2a: Gengar|Sludge Bomb|p1b: Sinistcha\n|-damage|p1b: Sinistcha|0 fnt\n|faint|p1b: Sinistcha\n|move|p1a: Farigiraf|Trick Room|p1a: Farigiraf\n|-fieldstart|move: Trick Room|[of] p1a: Farigiraf\n|\n|upkeep\n|\n|t:|1776623880\n|switch|p1b: Torkoal|Torkoal, L50, F|73/100\n|-weather|SunnyDay|[from] ability: Drought|[of] p1b: Torkoal\n|turn|8\n|\n|t:|1776623887\n|move|p1b: Torkoal|Earth Power|p2a: Gengar\n|-supereffective|p2a: Gengar|1\n|-damage|p2a: Gengar|8/100\n|move|p1a: Farigiraf|Psychic|p2a: Gengar\n|-supereffective|p2a: Gengar|1\n|-damage|p2a: Gengar|0 fnt\n|faint|p2a: Gengar\n|\n|win|sintist\n|raw|sintist's rating: 1035 &rarr; <strong>1075</strong><br />(+40 for winning)\n|raw|Snoopyninenine's rating: 1089 &rarr; <strong>1062</strong><br />(-27 for losing)\n|l|\u2606Snoopyninenine\n|player|p2|\n",
  "uploadtime": 1776623896,
  "views": 38,
  "formatid": "gen9championsvgc2026regma",
  "rating": 1062,
  "private": 0,
  "password": null
}