{
  "id": "gen9championsvgc2026regma-2582963330",
  "format": "[Gen 9 Champions] VGC 2026 Reg M-A",
  "players": [
    "UGECptAjani",
    "Hyjack"
  ],
  "log": "|j|\u2606UGECptAjani\n|j|\u2606Hyjack\n|t:|1776128912\n|gametype|doubles\n|player|p1|UGECptAjani|2|1097\n|player|p2|Hyjack|cynthia-gen4|1000\n|gen|9\n|tier|[Gen 9 Champions] VGC 2026 Reg M-A\n|rated|\n|rule|Species Clause: Limit one of each Pok\u00e9mon\n|rule|Item Clause: Limit 1 of each item\n|clearpoke\n|poke|p1|Floette-Eternal, L50, F|\n|poke|p1|Aerodactyl, L50, F|\n|poke|p1|Incineroar, L50, M|\n|poke|p1|Garchomp, L50, M|\n|poke|p1|Charizard, L50, M|\n|poke|p1|Venusaur, L50, F|\n|poke|p2|Lucario, L50, M|\n|poke|p2|Milotic, L50, M|\n|poke|p2|Aerodactyl, L50, M|\n|poke|p2|Hydrapple, L50, F|\n|poke|p2|Flapple, L50, F|\n|teampreview|4\n|\n|t:|1776128925\n|teamsize|p1|4\n|teamsize|p2|4\n|start\n|switch|p1a: Aerodactyl|Aerodactyl, L50, F|100/100\n|switch|p1b: Garchomp|Garchomp, L50, M|100/100\n|switch|p2a: Milotic|Milotic, L50, M|100/100\n|switch|p2b: Lucario|Lucario, L50, M|100/100\n|-ability|p1a: Aerodactyl|Unnerve\n|turn|1\n|\n|t:|1776128937\n|move|p2b: Lucario|Protect|p2b: Lucario\n|-singleturn|p2b: Lucario|Protect\n|move|p1b: Garchomp|Earthquake|p2b: Lucario|[spread] p2a\n|-activate|p2b: Lucario|move: Protect\n|-immune|p1a: Aerodactyl\n|-damage|p2a: Milotic|68/100\n|move|p1a: Aerodactyl|Tailwind|p1a: Aerodactyl\n|-sidestart|p1: UGECptAjani|move: Tailwind\n|move|p2a: Milotic|Icy Wind|p1b: Garchomp|[spread] p1a,p1b\n|-supereffective|p1a: Aerodactyl|1\n|-supereffective|p1b: Garchomp|2\n|-damage|p1a: Aerodactyl|71/100\n|-damage|p1b: Garchomp|52/100\n|-unboost|p1a: Aerodactyl|spe|1\n|-unboost|p1b: Garchomp|spe|1\n|\n|upkeep\n|turn|2\n|\n|t:|1776128967\n|switch|p2b: Hydrapple|Hydrapple, L50, F|100/100\n|-ability|p2b: Hydrapple|Supersweet Syrup\n|-unboost|p1a: Aerodactyl|evasion|1\n|-unboost|p1b: Garchomp|evasion|1\n|move|p1b: Garchomp|Earthquake|p2b: Hydrapple|[spread] p2a,p2b\n|-immune|p1a: Aerodactyl\n|-resisted|p2b: Hydrapple|1\n|-damage|p2a: Milotic|34/100\n|-damage|p2b: Hydrapple|81/100\n|move|p1a: Aerodactyl|Dual Wingbeat|p2b: Hydrapple\n|-supereffective|p2b: Hydrapple|1\n|-damage|p2b: Hydrapple|44/100\n|-supereffective|p2b: Hydrapple|1\n|-damage|p2b: Hydrapple|10/100\n|-hitcount|p2b: Hydrapple|2\n|move|p2a: Milotic|Icy Wind|p1b: Garchomp|[spread] p1a,p1b\n|-supereffective|p1a: Aerodactyl|1\n|-supereffective|p1b: Garchomp|2\n|-damage|p1a: Aerodactyl|39/100\n|-damage|p1b: Garchomp|2/100\n|-unboost|p1a: Aerodactyl|spe|1\n|-unboost|p1b: Garchomp|spe|1\n|\n|upkeep\n|turn|3\n|\n|t:|1776129002\n|move|p1b: Garchomp|Earthquake|p2a: Milotic|[spread] p2a,p2b\n|-immune|p1a: Aerodactyl\n|-resisted|p2b: Hydrapple|1\n|-damage|p2a: Milotic|0 fnt\n|-damage|p2b: Hydrapple|0 fnt\n|faint|p2a: Milotic\n|faint|p2b: Hydrapple\n|move|p1a: Aerodactyl|Rock Slide|p2: Milotic|[notarget]\n|-fail|p1a: Aerodactyl\n|\n|upkeep\n|\n|t:|1776129005\n|switch|p2a: Lucario|Lucario, L50, M|100/100\n|switch|p2b: Aerodactyl|Aerodactyl, L50, M|100/100\n|-ability|p2b: Aerodactyl|Unnerve\n|turn|4\n|\n|t:|1776129025\n|detailschange|p2b: Aerodactyl|Aerodactyl-Mega, L50, M\n|-mega|p2b: Aerodactyl|Aerodactyl|Aerodactylite\n|move|p2a: Lucario|Protect|p2a: Lucario\n|-singleturn|p2a: Lucario|Protect\n|move|p1b: Garchomp|Earthquake|p2b: Aerodactyl|[spread] \n|-activate|p2a: Lucario|move: Protect\n|-immune|p1a: Aerodactyl\n|-immune|p2b: Aerodactyl\n|move|p2b: Aerodactyl|Rock Slide|p1b: Garchomp|[spread] p1a,p1b\n|-supereffective|p1a: Aerodactyl|1\n|-resisted|p1b: Garchomp|1\n|-damage|p1a: Aerodactyl|0 fnt\n|-damage|p1b: Garchomp|0 fnt\n|faint|p1a: Aerodactyl\n|faint|p1b: Garchomp\n|\n|-sideend|p1: UGECptAjani|move: Tailwind\n|upkeep\n|\n|t:|1776129040\n|switch|p1a: Charizard|Charizard, L50, M|100/100\n|switch|p1b: Venusaur|Venusaur, L50, F|100/100\n|turn|5\n|\n|t:|1776129058\n|detailschange|p1a: Charizard|Charizard-Mega-Y, L50, M\n|-mega|p1a: Charizard|Charizard|Charizardite Y\n|-weather|SunnyDay|[from] ability: Drought|[of] p1a: Charizard\n|move|p1b: Venusaur|Sleep Powder|p2b: Aerodactyl|[miss]\n|-miss|p1b: Venusaur|p2b: Aerodactyl\n|move|p2b: Aerodactyl|Tailwind|p2b: Aerodactyl\n|-sidestart|p2: Hyjack|move: Tailwind\n|move|p2a: Lucario|Meteor Mash|p1b: Venusaur|[miss]\n|-miss|p2a: Lucario|p1b: Venusaur\n|move|p1a: Charizard|Heat Wave|p2b: Aerodactyl|[spread] p2a,p2b\n|-supereffective|p2a: Lucario|1\n|-resisted|p2b: Aerodactyl|1\n|-damage|p2a: Lucario|0 fnt\n|-damage|p2b: Aerodactyl|55/100\n|faint|p2a: Lucario\n|\n|-weather|SunnyDay|[upkeep]\n|upkeep\n|turn|6\n|\n|t:|1776129092\n|move|p2b: Aerodactyl|Rock Slide|p1b: Venusaur|[spread] p1b\n|-miss|p2b: Aerodactyl|p1a: Charizard\n|-damage|p1b: Venusaur|53/100\n|move|p1b: Venusaur|Sleep Powder|p2b: Aerodactyl\n|-status|p2b: Aerodactyl|slp|[from] move: Sleep Powder\n|move|p1a: Charizard|Weather Ball|p2b: Aerodactyl\n|-resisted|p2b: Aerodactyl|1\n|-damage|p2b: Aerodactyl|0 fnt\n|faint|p2b: Aerodactyl\n|\n|win|UGECptAjani\n|raw|UGECptAjani's rating: 1097 &rarr; <strong>1116</strong><br />(+19 for winning)\n|raw|Hyjack's rating: 1000 &rarr; <strong>1000</strong><br />(+0 for losing)\n|l|\u2606Hyjack\n|player|p2|\n",
  "uploadtime": 1776129106,
  "views": 11,
  "formatid": "gen9championsvgc2026regma",
  "rating": 1000,
  "private": 0,
  "password": null
}