{
  "id": "gen9championsvgc2026regma-2583935002",
  "format": "[Gen 9 Champions] VGC 2026 Reg M-A",
  "players": [
    "Ryderrrrr",
    "rusiavsucrania"
  ],
  "log": "|j|\u2606Ryderrrrr\n|j|\u2606rusiavsucrania\n|t:|1776209694\n|gametype|doubles\n|player|p1|Ryderrrrr|wallace|1417\n|player|p2|rusiavsucrania|169|1375\n|gen|9\n|tier|[Gen 9 Champions] VGC 2026 Reg M-A\n|rated|\n|rule|Species Clause: Limit one of each Pok\u00e9mon\n|rule|Item Clause: Limit 1 of each item\n|clearpoke\n|poke|p1|Glimmora, L50, M|\n|poke|p1|Pelipper, L50, M|\n|poke|p1|Archaludon, L50, M|\n|poke|p1|Basculegion, L50, M|\n|poke|p1|Incineroar, L50, M|\n|poke|p1|Sylveon, L50, M|\n|poke|p2|Aerodactyl, L50, F|\n|poke|p2|Floette-Eternal, L50, F|\n|poke|p2|Incineroar, L50, F|\n|poke|p2|Scizor, L50, F|\n|poke|p2|Milotic, L50, F|\n|poke|p2|Garchomp, L50, M|\n|teampreview|4\n|inactive|Battle timer is ON: inactive players will automatically lose when time's up. (requested by Ryderrrrr)\n|inactive|Ryderrrrr has 60 seconds left.\n|\n|t:|1776209741\n|teamsize|p1|4\n|teamsize|p2|4\n|start\n|switch|p1a: Pelipper|Pelipper, L50, M|100/100\n|switch|p1b: Basculegion|Basculegion, L50, M|100/100\n|switch|p2a: Aerodactyl|Aerodactyl, L50, F, shiny|100/100\n|switch|p2b: Garchomp|Garchomp, L50, M|100/100\n|-ability|p2a: Aerodactyl|Unnerve\n|-weather|RainDance|[from] ability: Drizzle|[of] p1a: Pelipper\n|turn|1\n|\n|t:|1776209752\n|move|p2a: Aerodactyl|Tailwind|p2a: Aerodactyl\n|-sidestart|p2: rusiavsucrania|move: Tailwind\n|move|p2b: Garchomp|Rock Slide|p1a: Pelipper|[spread] p1a,p1b\n|-supereffective|p1a: Pelipper|1\n|-crit|p1b: Basculegion\n|-damage|p1a: Pelipper|49/100\n|-damage|p1b: Basculegion|64/100\n|cant|p1b: Basculegion|flinch\n|move|p1a: Pelipper|Tailwind|p1a: Pelipper\n|-sidestart|p1: Ryderrrrr|move: Tailwind\n|\n|-weather|RainDance|[upkeep]\n|upkeep\n|turn|2\n|j| p74\n|\n|t:|1776209764\n|move|p2a: Aerodactyl|Rock Slide|p1b: Basculegion|[spread] p1a,p1b\n|-supereffective|p1a: Pelipper|1\n|-damage|p1a: Pelipper|0 fnt\n|-damage|p1b: Basculegion|33/100\n|faint|p1a: Pelipper\n|move|p1b: Basculegion|Flip Turn|p2a: Aerodactyl\n|-supereffective|p2a: Aerodactyl|1\n|-enditem|p2a: Aerodactyl|Focus Sash\n|-damage|p2a: Aerodactyl|1/100\n|\n|t:|1776209768\n|switch|p1b: Incineroar|Incineroar, L50, M|100/100|[from] Flip Turn\n|-ability|p1b: Incineroar|Intimidate|boost\n|-unboost|p2a: Aerodactyl|atk|1\n|-unboost|p2b: Garchomp|atk|1\n|-enditem|p2b: Garchomp|White Herb\n|-clearnegativeboost|p2b: Garchomp|[silent]\n|move|p2b: Garchomp|Rock Slide|p1b: Incineroar\n|-supereffective|p1b: Incineroar|1\n|-damage|p1b: Incineroar|56/100\n|\n|-weather|RainDance|[upkeep]\n|upkeep\n|\n|t:|1776209772\n|switch|p1a: Sylveon|Sylveon, L50, M|100/100\n|turn|3\n|\n|t:|1776209790\n|move|p1b: Incineroar|Fake Out|p2b: Garchomp\n|-damage|p2b: Garchomp|89/100\n|-damage|p1b: Incineroar|44/100|[from] ability: Rough Skin|[of] p2b: Garchomp\n|move|p2a: Aerodactyl|Rock Slide|p1b: Incineroar|[spread] p1a,p1b\n|-supereffective|p1b: Incineroar|1\n|-damage|p1a: Sylveon|80/100\n|-damage|p1b: Incineroar|17/100\n|cant|p2b: Garchomp|flinch\n|move|p1a: Sylveon|Calm Mind|p1a: Sylveon\n|-boost|p1a: Sylveon|spa|1\n|-boost|p1a: Sylveon|spd|1\n|\n|-weather|RainDance|[upkeep]\n|upkeep\n|turn|4\n|\n|t:|1776209806\n|move|p2a: Aerodactyl|Rock Slide|p1a: Sylveon|[spread] p1b\n|-miss|p2a: Aerodactyl|p1a: Sylveon\n|-supereffective|p1b: Incineroar|1\n|-damage|p1b: Incineroar|0 fnt\n|faint|p1b: Incineroar\n|move|p2b: Garchomp|Rock Slide|p1a: Sylveon\n|-damage|p1a: Sylveon|48/100\n|move|p1a: Sylveon|Hyper Voice|p2a: Aerodactyl|[spread] p2a,p2b\n|-supereffective|p2b: Garchomp|1\n|-damage|p2a: Aerodactyl|0 fnt\n|-damage|p2b: Garchomp|0 fnt\n|faint|p2a: Aerodactyl\n|faint|p2b: Garchomp\n|\n|-weather|RainDance|[upkeep]\n|-sideend|p2: rusiavsucrania|move: Tailwind\n|-sideend|p1: Ryderrrrr|move: Tailwind\n|upkeep\n|\n|t:|1776209816\n|switch|p2a: Scizor|Scizor, L50, F|100/100\n|switch|p2b: Floette|Floette-Eternal, L50, F|100/100\n|switch|p1b: Basculegion|Basculegion, L50, M|33/100\n|turn|5\n|\n|t:|1776209825\n|detailschange|p2b: Floette|Floette-Mega, L50, F\n|-mega|p2b: Floette|Floette|Floettite\n|-ability|p2b: Floette|Fairy Aura\n|move|p2a: Scizor|Bullet Punch|p1a: Sylveon\n|-supereffective|p1a: Sylveon|1\n|-damage|p1a: Sylveon|0 fnt\n|faint|p1a: Sylveon\n|move|p1b: Basculegion|Last Respects|p2a: Scizor\n|-damage|p2a: Scizor|0 fnt\n|faint|p2a: Scizor\n|move|p2b: Floette|Moonblast|p1b: Basculegion\n|-damage|p1b: Basculegion|0 fnt\n|faint|p1b: Basculegion\n|\n|win|rusiavsucrania\n|raw|Ryderrrrr's rating: 1417 &rarr; <strong>1395</strong><br />(-22 for losing)\n|raw|rusiavsucrania's rating: 1375 &rarr; <strong>1397</strong><br />(+22 for winning)\n|l|\u2606rusiavsucrania\n|player|p2|\n|l|\u2606Ryderrrrr\n|player|p1|\n",
  "uploadtime": 1776209838,
  "views": 42,
  "formatid": "gen9championsvgc2026regma",
  "rating": 1395,
  "private": 0,
  "password": null
}