{
  "id": "gen9championsvgc2026regma-2582103516",
  "format": "[Gen 9 Champions] VGC 2026 Reg M-A",
  "players": [
    "It'sJustKen VGC",
    "Khalid201"
  ],
  "log": "|j|\u2606It'sJustKen VGC\n|j|\u2606Khalid201\n|t:|1776058299\n|gametype|doubles\n|player|p1|It'sJustKen VGC|265|1168\n|player|p2|Khalid201|101|1210\n|gen|9\n|tier|[Gen 9 Champions] VGC 2026 Reg M-A\n|rated|\n|rule|Species Clause: Limit one of each Pok\u00e9mon\n|rule|Item Clause: Limit 1 of each item\n|clearpoke\n|poke|p1|Kingambit, L50, F|\n|poke|p1|Clefable, L50, F|\n|poke|p1|Chimecho, L50, F|\n|poke|p1|Golurk, L50|\n|poke|p1|Torkoal, L50, M|\n|poke|p1|Hawlucha, L50, F|\n|poke|p2|Floette-Eternal, L50, F|\n|poke|p2|Sneasler, L50, F|\n|poke|p2|Incineroar, L50, M|\n|poke|p2|Excadrill, L50, M|\n|poke|p2|Dragonite, L50, F|\n|poke|p2|Palafin, L50, F|\n|teampreview|4\n|inactive|Battle timer is ON: inactive players will automatically lose when time's up. (requested by It'sJustKen VGC)\n|inactive|It'sJustKen VGC has 60 seconds left.\n|inactive|Khalid201 has 60 seconds left.\n|\n|t:|1776058343\n|teamsize|p1|4\n|teamsize|p2|4\n|start\n|switch|p1a: Chimecho|Chimecho, L50, F|100/100\n|switch|p1b: Clefable|Clefable, L50, F|100/100\n|switch|p2a: Incineroar|Incineroar, L50, M|100/100\n|switch|p2b: Palafin|Palafin, L50, F|100/100\n|-ability|p2a: Incineroar|Intimidate|boost\n|-unboost|p1a: Chimecho|atk|1\n|-unboost|p1b: Clefable|atk|1\n|turn|1\n|\n|t:|1776058364\n|move|p1b: Clefable|Protect|p1b: Clefable\n|-singleturn|p1b: Clefable|Protect\n|move|p1a: Chimecho|Protect|p1a: Chimecho\n|-singleturn|p1a: Chimecho|Protect\n|move|p2a: Incineroar|Fake Out|p1a: Chimecho\n|-activate|p1a: Chimecho|move: Protect\n|move|p2b: Palafin|Flip Turn|p1b: Clefable\n|-activate|p1b: Clefable|move: Protect\n|\n|upkeep\n|turn|2\n|\n|t:|1776058378\n|move|p1b: Clefable|Follow Me|p1b: Clefable\n|-singleturn|p1b: Clefable|move: Follow Me\n|move|p2b: Palafin|Flip Turn|p1b: Clefable\n|-damage|p1b: Clefable|75/100\n|\n|t:|1776058387\n|detailschange|p2b: Palafin|Palafin-Hero, L50, F\n|switch|p2b: Sneasler|Sneasler, L50, F|100/100|[from] Flip Turn\n|move|p2a: Incineroar|Throat Chop|p1b: Clefable\n|-resisted|p1b: Clefable|1\n|-damage|p1b: Clefable|59/100\n|-start|p1b: Clefable|Throat Chop|[silent]\n|move|p1a: Chimecho|Trick Room|p1a: Chimecho\n|-fieldstart|move: Trick Room|[of] p1a: Chimecho\n|\n|-heal|p1b: Clefable|65/100|[from] item: Leftovers\n|upkeep\n|turn|3\n|\n|t:|1776058404\n|switch|p1b: Golurk|Golurk, L50|100/100\n|detailschange|p1a: Chimecho|Chimecho-Mega, L50, F\n|-mega|p1a: Chimecho|Chimecho|Chimechite\n|move|p2b: Sneasler|Fake Out|p1b: Golurk\n|-immune|p1b: Golurk\n|move|p1a: Chimecho|Skill Swap|p1b: Golurk\n|-activate|p1a: Chimecho|Skill Swap|||[of] p1b: Golurk\n|move|p2a: Incineroar|Throat Chop|p1a: Chimecho\n|-supereffective|p1a: Chimecho|1\n|-damage|p1a: Chimecho|44/100\n|-start|p1a: Chimecho|Throat Chop|[silent]\n|\n|upkeep\n|turn|4\n|inactive|Khalid201 has 30 seconds left.\n|inactive|Khalid201 has 20 seconds left.\n|inactive|Khalid201 has 15 seconds left.\n|inactive|Khalid201 has 10 seconds left.\n|\n|t:|1776058453\n|move|p1b: Golurk|Reflect|p1b: Golurk\n|-sidestart|p1: It'sJustKen VGC|Reflect\n|move|p1a: Chimecho|Hypnosis|p2a: Incineroar\n|-status|p2a: Incineroar|slp|[from] move: Hypnosis\n|cant|p2a: Incineroar|slp\n|move|p2b: Sneasler|Close Combat|p1a: Chimecho\n|-damage|p1a: Chimecho|11/100\n|-unboost|p2b: Sneasler|def|1\n|-unboost|p2b: Sneasler|spd|1\n|\n|-end|p1a: Chimecho|Throat Chop|[silent]\n|upkeep\n|turn|5\n|\n|t:|1776058474\n|switch|p1b: Kingambit|Kingambit, L50, F|100/100\n|switch|p2b: Palafin|Palafin-Hero, L50, F|100/100\n|-activate|p2b: Palafin|ability: Zero to Hero\n|move|p1a: Chimecho|Skill Swap|p1b: Kingambit\n|-activate|p1a: Chimecho|Skill Swap|||[of] p1b: Kingambit\n|cant|p2a: Incineroar|slp\n|\n|upkeep\n|turn|6\n|\n|t:|1776058493\n|switch|p1a: Clefable|Clefable, L50, F|65/100\n|move|p2b: Palafin|Jet Punch|p1a: Clefable\n|-damage|p1a: Clefable|38/100\n|move|p1b: Kingambit|Guillotine|p2a: Incineroar\n|-damage|p2a: Incineroar|0 fnt\n|faint|p2a: Incineroar\n|-ohko\n|\n|-heal|p1a: Clefable|44/100|[from] item: Leftovers\n|-fieldend|move: Trick Room\n|upkeep\n|inactive|Khalid201 has 30 seconds left.\n|inactive|Khalid201 has 20 seconds left.\n|\n|t:|1776058531\n|switch|p2a: Floette|Floette-Eternal, L50, F|100/100\n|turn|7\n|\n|t:|1776058546\n|detailschange|p2a: Floette|Floette-Mega, L50, F\n|-mega|p2a: Floette|Floette|Floettite\n|-ability|p2a: Floette|Fairy Aura\n|move|p1a: Clefable|Protect|p1a: Clefable\n|-singleturn|p1a: Clefable|Protect\n|move|p2a: Floette|Dazzling Gleam|p1a: Clefable|[spread] p1b\n|-activate|p1a: Clefable|move: Protect\n|-damage|p1b: Kingambit|61/100\n|move|p2b: Palafin|Wave Crash|p1b: Kingambit\n|-damage|p1b: Kingambit|16/100\n|-enditem|p1b: Kingambit|Sitrus Berry|[eat]\n|-heal|p1b: Kingambit|41/100|[from] item: Sitrus Berry\n|-damage|p2b: Palafin|83/100|[from] Recoil\n|move|p1b: Kingambit|Guillotine|p2b: Palafin\n|-damage|p2b: Palafin|0 fnt\n|faint|p2b: Palafin\n|-ohko\n|\n|-heal|p1a: Clefable|50/100|[from] item: Leftovers\n|upkeep\n|\n|t:|1776058563\n|switch|p2b: Sneasler|Sneasler, L50, F|100/100\n|turn|8\n|\n|t:|1776058586\n|move|p1a: Clefable|Follow Me|p1a: Clefable\n|-singleturn|p1a: Clefable|move: Follow Me\n|move|p2b: Sneasler|Rock Slide|p1a: Clefable|[spread] p1a,p1b\n|-resisted|p1b: Kingambit|1\n|-damage|p1a: Clefable|40/100\n|-damage|p1b: Kingambit|37/100\n|move|p2a: Floette|Dazzling Gleam|p1b: Kingambit|[spread] p1a,p1b\n|-damage|p1a: Clefable|0 fnt\n|-damage|p1b: Kingambit|2/100\n|faint|p1a: Clefable\n|move|p1b: Kingambit|Guillotine|p2a: Floette\n|-damage|p2a: Floette|0 fnt\n|faint|p2a: Floette\n|-ohko\n|\n|-sideend|p1: It'sJustKen VGC|Reflect\n|upkeep\n|\n|t:|1776058600\n|switch|p1a: Golurk|Golurk, L50|100/100\n|turn|9\n|\n|t:|1776058605\n|move|p1b: Kingambit|Protect|p1b: Kingambit\n|-singleturn|p1b: Kingambit|Protect\n|move|p2b: Sneasler|Rock Slide|p1b: Kingambit|[spread] p1a\n|-activate|p1b: Kingambit|move: Protect\n|-resisted|p1a: Golurk|1\n|-damage|p1a: Golurk|91/100\n|move|p1a: Golurk|Reflect|p1a: Golurk\n|-sidestart|p1: It'sJustKen VGC|Reflect\n|\n|upkeep\n|turn|10\n|\n|t:|1776058617\n|switch|p1b: Chimecho|Chimecho-Mega, L50, F|11/100\n|move|p2b: Sneasler|Rock Slide|p1a: Golurk|[spread] p1a,p1b\n|-resisted|p1a: Golurk|1\n|-resisted|p1b: Chimecho|1\n|-damage|p1a: Golurk|85/100\n|-damage|p1b: Chimecho|6/100\n|move|p1a: Golurk|Curse|p2b: Sneasler\n|-start|p2b: Sneasler|Curse|[of] p1a: Golurk\n|-damage|p1a: Golurk|35/100\n|\n|-damage|p2b: Sneasler|76/100|[from] Curse\n|upkeep\n|turn|11\n|\n|t:|1776058634\n|move|p1b: Chimecho|Protect|p1b: Chimecho\n|-singleturn|p1b: Chimecho|Protect\n|move|p1a: Golurk|Protect|p1a: Golurk\n|-singleturn|p1a: Golurk|Protect\n|move|p2b: Sneasler|Rock Slide|p1b: Chimecho|[spread] \n|-activate|p1a: Golurk|move: Protect\n|-activate|p1b: Chimecho|move: Protect\n|\n|-damage|p2b: Sneasler|51/100|[from] Curse\n|upkeep\n|turn|12\n|inactive|It'sJustKen VGC has 30 seconds left.\n|inactive|It'sJustKen VGC has 20 seconds left.\n|\n|t:|1776058673\n|move|p2b: Sneasler|Rock Slide|p1b: Chimecho|[spread] p1a,p1b\n|-resisted|p1a: Golurk|1\n|-resisted|p1b: Chimecho|1\n|-damage|p1a: Golurk|30/100\n|-damage|p1b: Chimecho|1/100\n|move|p1a: Golurk|Dynamic Punch|p2b: Sneasler\n|-resisted|p2b: Sneasler|1\n|-damage|p2b: Sneasler|26/100\n|-start|p2b: Sneasler|confusion\n|move|p1b: Chimecho|Trick Room|p1b: Chimecho\n|-fieldstart|move: Trick Room|[of] p1b: Chimecho\n|\n|-damage|p2b: Sneasler|2/100|[from] Curse\n|upkeep\n|turn|13\n|\n|t:|1776058684\n|move|p1a: Golurk|Protect|p1a: Golurk\n|-singleturn|p1a: Golurk|Protect\n|move|p1b: Chimecho|Protect|p1b: Chimecho\n|-singleturn|p1b: Chimecho|Protect\n|-activate|p2b: Sneasler|confusion\n|move|p2b: Sneasler|Rock Slide|p1a: Golurk|[spread] \n|-activate|p1a: Golurk|move: Protect\n|-activate|p1b: Chimecho|move: Protect\n|\n|-damage|p2b: Sneasler|0 fnt|[from] Curse\n|faint|p2b: Sneasler\n|\n|win|It'sJustKen VGC\n|raw|It&apos;sJustKen VGC's rating: 1168 &rarr; <strong>1196</strong><br />(+28 for winning)\n|raw|Khalid201's rating: 1210 &rarr; <strong>1182</strong><br />(-28 for losing)\n|l|\u2606Khalid201\n|player|p2|\n",
  "uploadtime": 1776058690,
  "views": 12,
  "formatid": "gen9championsvgc2026regma",
  "rating": 1182,
  "private": 0,
  "password": null
}