{
  "id": "gen9championsvgc2026regma-2580798904",
  "format": "[Gen 9 Champions] VGC 2026 Reg M-A",
  "players": [
    "parsleyVGC",
    "Portallus"
  ],
  "log": "|j|\u2606parsleyVGC\n|j|\u2606Portallus\n|t:|1775933394\n|gametype|doubles\n|player|p1|parsleyVGC|102|1059\n|player|p2|Portallus|ethan-gen2|1016\n|gen|9\n|tier|[Gen 9 Champions] VGC 2026 Reg M-A\n|rated|\n|rule|Species Clause: Limit one of each Pok\u00e9mon\n|rule|Item Clause: Limit 1 of each item\n|clearpoke\n|poke|p1|Slowbro, L50, F|\n|poke|p1|Meowstic, L50, M|\n|poke|p1|Rotom-Wash, L50|\n|poke|p1|Drampa, L50, F|\n|poke|p1|Garchomp, L50, M|\n|poke|p1|Armarouge, L50, M|\n|poke|p2|Chandelure, L50, F|\n|poke|p2|Basculegion, L50, M|\n|poke|p2|Kingambit, L50, M|\n|poke|p2|Aerodactyl, L50, M|\n|poke|p2|Conkeldurr, L50, M|\n|poke|p2|Clefable, L50, M|\n|teampreview|4\n|inactive|Battle timer is ON: inactive players will automatically lose when time's up. (requested by Portallus)\n|inactive|parsleyVGC has 60 seconds left.\n|\n|t:|1775933431\n|teamsize|p1|4\n|teamsize|p2|4\n|start\n|switch|p1a: Slowbro|Slowbro, L50, F, shiny|100/100\n|switch|p1b: Meowstic|Meowstic, L50, M, shiny|100/100\n|switch|p2a: Aerodactyl|Aerodactyl, L50, M|100/100\n|switch|p2b: Clefable|Clefable, L50, M|100/100\n|-ability|p2a: Aerodactyl|Unnerve\n|turn|1\n|inactive|Portallus has 30 seconds left.\n|\n|t:|1775933464\n|detailschange|p2a: Aerodactyl|Aerodactyl-Mega, L50, M\n|-mega|p2a: Aerodactyl|Aerodactyl|Aerodactylite\n|move|p1b: Meowstic|Fake Out|p2a: Aerodactyl\n|-resisted|p2a: Aerodactyl|1\n|-damage|p2a: Aerodactyl|98/100\n|move|p2b: Clefable|Follow Me|p2b: Clefable\n|-singleturn|p2b: Clefable|move: Follow Me\n|cant|p2a: Aerodactyl|flinch\n|move|p1a: Slowbro|Calm Mind|p1a: Slowbro\n|-boost|p1a: Slowbro|spa|1\n|-boost|p1a: Slowbro|spd|1\n|\n|upkeep\n|turn|2\n|inactive|parsleyVGC has 30 seconds left.\n|\n|t:|1775933498\n|detailschange|p1a: Slowbro|Slowbro-Mega, L50, F, shiny\n|-mega|p1a: Slowbro|Slowbro|Slowbronite\n|move|p2b: Clefable|Follow Me|p2b: Clefable\n|-singleturn|p2b: Clefable|move: Follow Me\n|move|p2a: Aerodactyl|Tailwind|p2a: Aerodactyl\n|-sidestart|p2: Portallus|move: Tailwind\n|move|p1a: Slowbro|Scald|p2b: Clefable\n|-damage|p2b: Clefable|69/100\n|move|p1b: Meowstic|Trick Room|p1b: Meowstic\n|-fieldstart|move: Trick Room|[of] p1b: Meowstic\n|\n|upkeep\n|turn|3\n|\n|t:|1775933517\n|switch|p2b: Chandelure|Chandelure, L50, F|100/100\n|move|p2a: Aerodactyl|Protect|p2a: Aerodactyl\n|-singleturn|p2a: Aerodactyl|Protect\n|move|p1b: Meowstic|Psychic Terrain|p1b: Meowstic\n|-fieldstart|move: Psychic Terrain\n|move|p1a: Slowbro|Expanding Force|p2a: Aerodactyl|[spread] p2b\n|-activate|p2a: Aerodactyl|move: Protect\n|-enditem|p2b: Chandelure|Focus Sash\n|-damage|p2b: Chandelure|1/100\n|\n|upkeep\n|turn|4\n|\n|t:|1775933537\n|switch|p2a: Clefable|Clefable, L50, M|69/100\n|move|p2b: Chandelure|Protect|p2b: Chandelure\n|-singleturn|p2b: Chandelure|Protect\n|move|p1a: Slowbro|Expanding Force|p2a: Clefable|[spread] p2a\n|-activate|p2b: Chandelure|move: Protect\n|-damage|p2a: Clefable|17/100\n|-enditem|p2a: Clefable|Sitrus Berry|[eat]\n|-heal|p2a: Clefable|42/100|[from] item: Sitrus Berry\n|move|p1b: Meowstic|Expanding Force|p2b: Chandelure|[spread] p2a\n|-activate|p2b: Chandelure|move: Protect\n|-damage|p2a: Clefable|13/100\n|\n|upkeep\n|turn|5\n|\n|t:|1775933562\n|switch|p1b: Armarouge|Armarouge, L50, M, shiny|100/100\n|move|p1a: Slowbro|Expanding Force|p2a: Clefable|[spread] p2a,p2b\n|-damage|p2a: Clefable|0 fnt\n|-damage|p2b: Chandelure|0 fnt\n|faint|p2a: Clefable\n|faint|p2b: Chandelure\n|\n|-sideend|p2: Portallus|move: Tailwind\n|upkeep\n|\n|t:|1775933569\n|switch|p2a: Aerodactyl|Aerodactyl-Mega, L50, M|98/100\n|switch|p2b: Basculegion|Basculegion, L50, M|100/100\n|turn|6\n|\n|t:|1775933577\n|move|p2b: Basculegion|Protect|p2b: Basculegion\n|-singleturn|p2b: Basculegion|Protect\n|move|p2a: Aerodactyl|Protect|p2a: Aerodactyl\n|-singleturn|p2a: Aerodactyl|Protect\n|move|p1a: Slowbro|Expanding Force|p2b: Basculegion|[spread] \n|-activate|p2a: Aerodactyl|move: Protect\n|-activate|p2b: Basculegion|move: Protect\n|move|p1b: Armarouge|Expanding Force|p2b: Basculegion|[spread] \n|-activate|p2a: Aerodactyl|move: Protect\n|-activate|p2b: Basculegion|move: Protect\n|\n|-fieldend|move: Trick Room\n|upkeep\n|turn|7\n|\n|t:|1775933597\n|move|p1b: Armarouge|Ally Switch|p1b: Armarouge\n|swap|p1b: Armarouge|0|[from] move: Ally Switch\n|move|p2a: Aerodactyl|Rock Slide|p1b: Slowbro|[spread] p1a,p1b\n|-supereffective|p1a: Armarouge|1\n|-damage|p1a: Armarouge|40/100\n|-damage|p1b: Slowbro|83/100\n|move|p2b: Basculegion|Last Respects|p1a: Armarouge\n|-supereffective|p1a: Armarouge|1\n|-damage|p1a: Armarouge|0 fnt\n|faint|p1a: Armarouge\n|move|p1b: Slowbro|Expanding Force|p2a: Aerodactyl|[spread] p2a,p2b\n|-damage|p2a: Aerodactyl|0 fnt\n|-damage|p2b: Basculegion|0 fnt\n|faint|p2a: Aerodactyl\n|faint|p2b: Basculegion\n|\n|win|parsleyVGC\n|raw|parsleyVGC's rating: 1059 &rarr; <strong>1086</strong><br />(+27 for winning)\n|raw|Portallus's rating: 1016 &rarr; <strong>1005</strong><br />(-11 for losing)\n|l|\u2606Portallus\n|player|p2|\n",
  "uploadtime": 1775933814,
  "views": 17,
  "formatid": "gen9championsvgc2026regma",
  "rating": 1005,
  "private": 0,
  "password": null
}