{
  "id": "gen9championsvgc2026regma-2582886995",
  "format": "[Gen 9 Champions] VGC 2026 Reg M-A",
  "players": [
    "IfIFindJessie",
    "learningplz"
  ],
  "log": "|j|\u2606IfIFindJessie\n|j|\u2606learningplz\n|t:|1776122138\n|gametype|doubles\n|player|p1|IfIFindJessie|miku-ghost|1112\n|player|p2|learningplz|1|1170\n|gen|9\n|tier|[Gen 9 Champions] VGC 2026 Reg M-A\n|rated|\n|rule|Species Clause: Limit one of each Pok\u00e9mon\n|rule|Item Clause: Limit 1 of each item\n|clearpoke\n|poke|p1|Glimmora, L50, F|\n|poke|p1|Mimikyu, L50, F|\n|poke|p1|Ninetales-Alola, L50, F|\n|poke|p1|Incineroar, L50, M|\n|poke|p1|Noivern, L50, M|\n|poke|p1|Farigiraf, L50, M|\n|poke|p2|Talonflame, L50, F|\n|poke|p2|Meowscarada, L50, F|\n|poke|p2|Milotic, L50, F|\n|poke|p2|Lucario, L50, F|\n|poke|p2|Garchomp, L50, F|\n|poke|p2|Gardevoir, L50, F|\n|teampreview|4\n|\n|t:|1776122191\n|teamsize|p1|4\n|teamsize|p2|4\n|start\n|switch|p1a: Glimmora|Glimmora, L50, F|100/100\n|switch|p1b: Noivern|Noivern, L50, M|100/100\n|switch|p2a: Meowscarada|Meowscarada, L50, F, shiny|100/100\n|switch|p2b: Milotic|Milotic, L50, F, shiny|100/100\n|turn|1\n|\n|t:|1776122213\n|move|p1a: Glimmora|Protect|p1a: Glimmora\n|-singleturn|p1a: Glimmora|Protect\n|move|p2a: Meowscarada|Knock Off|p1a: Glimmora\n|-activate|p1a: Glimmora|move: Protect\n|move|p1b: Noivern|Air Slash|p2a: Meowscarada\n|-supereffective|p2a: Meowscarada|1\n|-enditem|p2a: Meowscarada|Focus Sash\n|-damage|p2a: Meowscarada|1/100\n|move|p2b: Milotic|Ice Beam|p1b: Noivern\n|-supereffective|p1b: Noivern|2\n|-enditem|p1b: Noivern|Focus Sash\n|-damage|p1b: Noivern|1/100\n|\n|upkeep\n|turn|2\n|\n|t:|1776122251\n|switch|p1a: Mimikyu|Mimikyu, L50, F|100/100\n|move|p1b: Noivern|Protect|p1b: Noivern\n|-singleturn|p1b: Noivern|Protect\n|move|p2a: Meowscarada|Sucker Punch||[still]\n|-fail|p2a: Meowscarada\n|move|p2b: Milotic|Ice Beam|p1b: Noivern\n|-activate|p1b: Noivern|move: Protect\n|\n|upkeep\n|turn|3\n|\n|t:|1776122277\n|move|p1a: Mimikyu|Shadow Sneak|p2a: Meowscarada\n|-resisted|p2a: Meowscarada|1\n|-damage|p2a: Meowscarada|0 fnt\n|faint|p2a: Meowscarada\n|move|p1b: Noivern|Air Slash|p2b: Milotic\n|-damage|p2b: Milotic|78/100\n|move|p2b: Milotic|Ice Beam|p1a: Mimikyu\n|-activate|p1a: Mimikyu|ability: Disguise\n|-damage|p1a: Mimikyu|100/100\n|detailschange|p1a: Mimikyu|Mimikyu-Busted, L50, F\n|-damage|p1a: Mimikyu|89/100|[from] pokemon: Mimikyu-Busted\n|\n|-heal|p2b: Milotic|84/100|[from] item: Leftovers\n|upkeep\n|\n|t:|1776122297\n|switch|p2a: Gardevoir|Gardevoir, L50, F, shiny|100/100\n|turn|4\n|\n|t:|1776122309\n|detailschange|p2a: Gardevoir|Gardevoir-Mega, L50, F, shiny\n|-mega|p2a: Gardevoir|Gardevoir|Gardevoirite\n|move|p1a: Mimikyu|Shadow Sneak|p2a: Gardevoir\n|-supereffective|p2a: Gardevoir|1\n|-damage|p2a: Gardevoir|49/100\n|move|p1b: Noivern|Air Slash|p2a: Gardevoir\n|-damage|p2a: Gardevoir|24/100\n|cant|p2a: Gardevoir|flinch\n|move|p2b: Milotic|Ice Beam|p1b: Noivern\n|-supereffective|p1b: Noivern|2\n|-damage|p1b: Noivern|0 fnt\n|faint|p1b: Noivern\n|\n|-heal|p2b: Milotic|90/100|[from] item: Leftovers\n|upkeep\n|\n|t:|1776122322\n|switch|p1b: Ninetales|Ninetales-Alola, L50, F|100/100\n|-weather|Snowscape|[from] ability: Snow Warning|[of] p1b: Ninetales\n|turn|5\n|\n|t:|1776122332\n|move|p2a: Gardevoir|Protect|p2a: Gardevoir\n|-singleturn|p2a: Gardevoir|Protect\n|move|p1a: Mimikyu|Shadow Sneak|p2a: Gardevoir\n|-activate|p2a: Gardevoir|move: Protect\n|move|p1b: Ninetales|Aurora Veil|p1b: Ninetales\n|-sidestart|p1: IfIFindJessie|move: Aurora Veil\n|move|p2b: Milotic|Scald|p1b: Ninetales\n|-damage|p1b: Ninetales|79/100\n|-status|p1b: Ninetales|brn\n|\n|-weather|Snowscape|[upkeep]\n|-heal|p2b: Milotic|96/100|[from] item: Leftovers\n|-damage|p1b: Ninetales|73/100 brn|[from] brn\n|upkeep\n|turn|6\n|\n|t:|1776122358\n|switch|p2a: Garchomp|Garchomp, L50, F, shiny|100/100\n|move|p1a: Mimikyu|Shadow Sneak|p2a: Garchomp\n|-crit|p2a: Garchomp\n|-damage|p2a: Garchomp|70/100\n|-damage|p1a: Mimikyu|77/100|[from] ability: Rough Skin|[of] p2a: Garchomp\n|move|p1b: Ninetales|Dazzling Gleam|p2a: Garchomp|[spread] p2a,p2b\n|-supereffective|p2a: Garchomp|1\n|-damage|p2a: Garchomp|26/100\n|-damage|p2b: Milotic|84/100\n|move|p2b: Milotic|Scald|p1b: Ninetales\n|-damage|p1b: Ninetales|52/100 brn\n|\n|-weather|Snowscape|[upkeep]\n|-heal|p2b: Milotic|90/100|[from] item: Leftovers\n|-damage|p1b: Ninetales|46/100 brn|[from] brn\n|upkeep\n|turn|7\n|\n|t:|1776122385\n|move|p1b: Ninetales|Ice Beam|p2a: Garchomp\n|-supereffective|p2a: Garchomp|2\n|-damage|p2a: Garchomp|0 fnt\n|faint|p2a: Garchomp\n|move|p1a: Mimikyu|Play Rough|p2b: Milotic\n|-damage|p2b: Milotic|52/100\n|move|p2b: Milotic|Scald|p1b: Ninetales\n|-damage|p1b: Ninetales|26/100 brn\n|\n|-weather|Snowscape|[upkeep]\n|-heal|p2b: Milotic|58/100|[from] item: Leftovers\n|-damage|p1b: Ninetales|20/100 brn|[from] brn\n|upkeep\n|-message|learningplz forfeited.\n|\n|win|IfIFindJessie\n|raw|IfIFindJessie's rating: 1112 &rarr; <strong>1141</strong><br />(+29 for winning)\n|raw|learningplz's rating: 1170 &rarr; <strong>1141</strong><br />(-29 for losing)\n|l|\u2606learningplz\n|player|p2|\n",
  "uploadtime": 1776122393,
  "views": 16,
  "formatid": "gen9championsvgc2026regma",
  "rating": 1141,
  "private": 0,
  "password": null
}