{
  "id": "gen9championsvgc2026regma-2583776623",
  "format": "[Gen 9 Champions] VGC 2026 Reg M-A",
  "players": [
    "Mykei4",
    "WaluigiVGC"
  ],
  "log": "|j|\u2606Mykei4\n|j|\u2606WaluigiVGC\n|t:|1776196943\n|gametype|doubles\n|player|p1|Mykei4|harlequin|1197\n|player|p2|WaluigiVGC|266|1155\n|gen|9\n|tier|[Gen 9 Champions] VGC 2026 Reg M-A\n|rated|\n|rule|Species Clause: Limit one of each Pok\u00e9mon\n|rule|Item Clause: Limit 1 of each item\n|clearpoke\n|poke|p1|Pelipper, L50, F|\n|poke|p1|Dragonite, L50, M|\n|poke|p1|Archaludon, L50, M|\n|poke|p1|Basculegion, L50, M|\n|poke|p1|Sneasler, L50, M|\n|poke|p1|Meowscarada, L50, F|\n|poke|p2|Archaludon, L50, M|\n|poke|p2|Pelipper, L50, M|\n|poke|p2|Basculegion, L50, M|\n|poke|p2|Sneasler, L50, F|\n|poke|p2|Dragonite, L50, F|\n|poke|p2|Sinistcha, L50|\n|teampreview|4\n|\n|t:|1776196972\n|teamsize|p1|4\n|teamsize|p2|4\n|start\n|switch|p1a: Slow|Sneasler, L50, M|100/100\n|switch|p1b: Archaludon|Archaludon, L50, M, shiny|100/100\n|switch|p2a: Sneasler|Sneasler, L50, F|100/100\n|switch|p2b: Dragonite|Dragonite, L50, F|100/100\n|turn|1\n|inactive|Battle timer is ON: inactive players will automatically lose when time's up. (requested by Mykei4)\n|\n|t:|1776196993\n|move|p2b: Dragonite|Protect|p2b: Dragonite\n|-singleturn|p2b: Dragonite|Protect\n|move|p1a: Slow|Fake Out|p2a: Sneasler\n|-damage|p2a: Sneasler|76/100\n|cant|p2a: Sneasler|flinch\n|move|p1b: Archaludon|Dragon Pulse|p2b: Dragonite\n|-activate|p2b: Dragonite|move: Protect\n|\n|upkeep\n|turn|2\n|\n|t:|1776197011\n|switch|p2b: Pelipper|Pelipper, L50, M|100/100\n|-weather|RainDance|[from] ability: Drizzle|[of] p2b: Pelipper\n|move|p1a: Slow|Taunt|p2b: Pelipper\n|-start|p2b: Pelipper|move: Taunt\n|move|p2a: Sneasler|Close Combat|p1b: Archaludon\n|-supereffective|p1b: Archaludon|1\n|-damage|p1b: Archaludon|6/100\n|-unboost|p2a: Sneasler|def|1\n|-unboost|p2a: Sneasler|spd|1\n|-ability|p1b: Archaludon|Stamina|boost\n|-boost|p1b: Archaludon|def|1\n|-enditem|p2a: Sneasler|White Herb\n|-clearnegativeboost|p2a: Sneasler|[silent]\n|move|p1b: Archaludon|Dragon Pulse|p2b: Pelipper\n|-damage|p2b: Pelipper|34/100\n|\n|-weather|RainDance|[upkeep]\n|-heal|p1b: Archaludon|12/100|[from] item: Leftovers\n|upkeep\n|turn|3\n|inactive|Mykei4 has 30 seconds left.\n|inactive|WaluigiVGC has 30 seconds left.\n|inactive|Mykei4 has 20 seconds left.\n|inactive|WaluigiVGC has 20 seconds left.\n|inactive|Mykei4 has 15 seconds left.\n|\n|t:|1776197055\n|switch|p2b: Dragonite|Dragonite, L50, F|100/100\n|move|p1b: Archaludon|Protect|p1b: Archaludon\n|-singleturn|p1b: Archaludon|Protect\n|move|p2a: Sneasler|Close Combat|p1b: Archaludon\n|-activate|p1b: Archaludon|move: Protect\n|move|p1a: Slow|Close Combat|p2b: Dragonite\n|-resisted|p2b: Dragonite|1\n|-damage|p2b: Dragonite|85/100\n|-unboost|p1a: Slow|def|1\n|-unboost|p1a: Slow|spd|1\n|\n|-weather|RainDance|[upkeep]\n|-heal|p1b: Archaludon|18/100|[from] item: Leftovers\n|upkeep\n|turn|4\n|\n|t:|1776197074\n|move|p2b: Dragonite|Protect|p2b: Dragonite\n|-singleturn|p2b: Dragonite|Protect\n|move|p2a: Sneasler|Close Combat|p1b: Archaludon\n|-supereffective|p1b: Archaludon|1\n|-damage|p1b: Archaludon|0 fnt\n|-unboost|p2a: Sneasler|def|1\n|-unboost|p2a: Sneasler|spd|1\n|faint|p1b: Archaludon\n|move|p1a: Slow|Taunt|p2b: Dragonite\n|-activate|p2b: Dragonite|move: Protect\n|\n|-weather|RainDance|[upkeep]\n|upkeep\n|\n|t:|1776197078\n|switch|p1b: Meowscarada|Meowscarada, L50, F, shiny|100/100\n|turn|5\n|\n|t:|1776197109\n|detailschange|p2b: Dragonite|Dragonite-Mega, L50, F\n|-mega|p2b: Dragonite|Dragonite|Dragoninite\n|move|p2a: Sneasler|Close Combat|p1b: Meowscarada\n|-supereffective|p1b: Meowscarada|1\n|-damage|p1b: Meowscarada|0 fnt\n|-unboost|p2a: Sneasler|def|1\n|-unboost|p2a: Sneasler|spd|1\n|faint|p1b: Meowscarada\n|move|p1a: Slow|Dire Claw|p2a: Sneasler\n|-resisted|p2a: Sneasler|1\n|-damage|p2a: Sneasler|2/100\n|move|p2b: Dragonite|Hurricane|p1a: Slow\n|-supereffective|p1a: Slow|1\n|-damage|p1a: Slow|0 fnt\n|faint|p1a: Slow\n|\n|-weather|RainDance|[upkeep]\n|upkeep\n|\n|t:|1776197121\n|switch|p1b: Dragonite|Dragonite, L50, M, shiny|100/100\n|turn|6\n|\n|t:|1776197134\n|detailschange|p1b: Dragonite|Dragonite-Mega, L50, M, shiny\n|-mega|p1b: Dragonite|Dragonite|Dragoninite\n|move|p2a: Sneasler|Dire Claw|p1b: Dragonite\n|-damage|p1b: Dragonite|81/100\n|move|p1b: Dragonite|Dragon Pulse|p2b: Dragonite\n|-supereffective|p2b: Dragonite|1\n|-damage|p2b: Dragonite|0 fnt\n|faint|p2b: Dragonite\n|\n|-weather|none\n|upkeep\n|\n|t:|1776197146\n|switch|p2b: Archaludon|Archaludon, L50, M|100/100\n|turn|7\n|\n|t:|1776197161\n|switch|p2a: Pelipper|Pelipper, L50, M|34/100\n|-weather|RainDance|[from] ability: Drizzle|[of] p2a: Pelipper\n|move|p1b: Dragonite|Dragon Pulse|p2b: Archaludon\n|-damage|p2b: Archaludon|26/100\n|move|p2b: Archaludon|Electro Shot||[still]\n|-prepare|p2b: Archaludon|Electro Shot\n|-boost|p2b: Archaludon|spa|1\n|-anim|p2b: Archaludon|Electro Shot|p1b: Dragonite\n|-damage|p1b: Dragonite|0 fnt\n|faint|p1b: Dragonite\n|\n|win|WaluigiVGC\n|raw|Mykei4's rating: 1197 &rarr; <strong>1169</strong><br />(-28 for losing)\n|raw|WaluigiVGC's rating: 1155 &rarr; <strong>1183</strong><br />(+28 for winning)\n|l|\u2606Mykei4\n|player|p1|\n",
  "uploadtime": 1776197176,
  "views": 17,
  "formatid": "gen9championsvgc2026regma",
  "rating": 1169,
  "private": 0,
  "password": null
}