{
  "id": "gen9championsvgc2026regma-2589466370",
  "format": "[Gen 9 Champions] VGC 2026 Reg M-A",
  "players": [
    "SniffLazer",
    "scolipede44"
  ],
  "log": "|j|\u2606SniffLazer\n|j|\u2606scolipede44\n|t:|1776725470\n|gametype|doubles\n|player|p1|SniffLazer|102|1139\n|player|p2|scolipede44|marshal|1057\n|gen|9\n|tier|[Gen 9 Champions] VGC 2026 Reg M-A\n|rated|\n|rule|Species Clause: Limit one of each Pok\u00e9mon\n|rule|Item Clause: Limit 1 of each item\n|clearpoke\n|poke|p1|Charizard, L50, M|\n|poke|p1|Chandelure, L50, M|\n|poke|p1|Torkoal, L50, M|\n|poke|p1|Venusaur, L50, M|\n|poke|p1|Dragonite, L50, F|\n|poke|p1|Sinistcha, L50|\n|poke|p2|Noivern, L50, F|\n|poke|p2|Dragapult, L50, M|\n|poke|p2|Incineroar, L50, F|\n|poke|p2|Lucario, L50, F|\n|poke|p2|Sinistcha, L50|\n|poke|p2|Milotic, L50, M|\n|teampreview|4\n|inactive|Battle timer is ON: inactive players will automatically lose when time's up. (requested by scolipede44)\n|\n|t:|1776725499\n|teamsize|p1|4\n|teamsize|p2|4\n|start\n|switch|p1a: Chandelure|Chandelure, L50, M|100/100\n|switch|p1b: Sinistcha|Sinistcha, L50|100/100\n|switch|p2a: Noivern|Noivern, L50, F|100/100\n|switch|p2b: Dragapult|Dragapult, L50, M|100/100\n|-item|p1a: Chandelure|Chandelurite|[from] ability: Frisk|[of] p2a: Noivern\n|-item|p1b: Sinistcha|Sitrus Berry|[from] ability: Frisk|[of] p2a: Noivern\n|turn|1\n|\n|t:|1776725516\n|move|p2b: Dragapult|Protect|p2b: Dragapult\n|-singleturn|p2b: Dragapult|Protect\n|move|p1a: Chandelure|Protect|p1a: Chandelure\n|-singleturn|p1a: Chandelure|Protect\n|move|p2a: Noivern|Tailwind|p2a: Noivern\n|-sidestart|p2: scolipede44|move: Tailwind\n|move|p1b: Sinistcha|Trick Room|p1b: Sinistcha\n|-fieldstart|move: Trick Room|[of] p1b: Sinistcha\n|\n|upkeep\n|turn|2\n|\n|t:|1776725533\n|switch|p1b: Charizard|Charizard, L50, M|100/100\n|switch|p2b: Milotic|Milotic, L50, M|100/100\n|move|p1a: Chandelure|Shadow Ball|p2b: Milotic\n|-damage|p2b: Milotic|69/100\n|-unboost|p2b: Milotic|spd|1\n|-ability|p2b: Milotic|Competitive|boost\n|-boost|p2b: Milotic|spa|2\n|move|p2a: Noivern|Draco Meteor|p1a: Chandelure|[miss]\n|-miss|p2a: Noivern|p1a: Chandelure\n|\n|-heal|p2b: Milotic|75/100|[from] item: Leftovers\n|upkeep\n|turn|3\n|inactive|SniffLazer has 30 seconds left.\n|\n|t:|1776725560\n|detailschange|p1b: Charizard|Charizard-Mega-Y, L50, M\n|-mega|p1b: Charizard|Charizard|Charizardite Y\n|-weather|SunnyDay|[from] ability: Drought|[of] p1b: Charizard\n|move|p2b: Milotic|Protect|p2b: Milotic\n|-singleturn|p2b: Milotic|Protect\n|move|p1a: Chandelure|Shadow Ball|p2b: Milotic\n|-activate|p2b: Milotic|move: Protect\n|move|p1b: Charizard|Heat Wave|p2a: Noivern|[spread] p2a\n|-activate|p2b: Milotic|move: Protect\n|-resisted|p2a: Noivern|1\n|-damage|p2a: Noivern|51/100\n|move|p2a: Noivern|Draco Meteor|p1a: Chandelure\n|-damage|p1a: Chandelure|34/100\n|-unboost|p2a: Noivern|spa|2\n|\n|-weather|SunnyDay|[upkeep]\n|-heal|p2b: Milotic|81/100|[from] item: Leftovers\n|upkeep\n|turn|4\n|inactive|scolipede44 has 30 seconds left.\n|\n|t:|1776725586\n|switch|p2a: Incineroar|Incineroar, L50, F|100/100\n|-ability|p2a: Incineroar|Intimidate|boost\n|-unboost|p1a: Chandelure|atk|1\n|-unboost|p1b: Charizard|atk|1\n|move|p1a: Chandelure|Shadow Ball|p2b: Milotic\n|-damage|p2b: Milotic|30/100\n|-unboost|p2b: Milotic|spd|1\n|-ability|p2b: Milotic|Competitive|boost\n|-boost|p2b: Milotic|spa|2\n|move|p1b: Charizard|Heat Wave|p2a: Incineroar|[spread] p2a,p2b\n|-resisted|p2a: Incineroar|1\n|-resisted|p2b: Milotic|1\n|-damage|p2a: Incineroar|74/100\n|-damage|p2b: Milotic|0 fnt\n|faint|p2b: Milotic\n|\n|-weather|SunnyDay|[upkeep]\n|-sideend|p2: scolipede44|move: Tailwind\n|upkeep\n|\n|t:|1776725599\n|switch|p2b: Dragapult|Dragapult, L50, M|100/100\n|turn|5\n|\n|t:|1776725612\n|move|p2b: Dragapult|Protect|p2b: Dragapult\n|-singleturn|p2b: Dragapult|Protect\n|move|p2a: Incineroar|Parting Shot|p1b: Charizard\n|-unboost|p1b: Charizard|atk|1\n|-unboost|p1b: Charizard|spa|1\n|\n|t:|1776725618\n|switch|p2a: Noivern|Noivern, L50, F|51/100|[from] Parting Shot\n|-item|p1a: Chandelure|Chandelurite|[from] ability: Frisk|[of] p2a: Noivern\n|-item|p1b: Charizard|Charizardite Y|[from] ability: Frisk|[of] p2a: Noivern\n|move|p1a: Chandelure|Shadow Ball|p2b: Dragapult\n|-activate|p2b: Dragapult|move: Protect\n|move|p1b: Charizard|Heat Wave|p2a: Noivern|[spread] p2a\n|-activate|p2b: Dragapult|move: Protect\n|-resisted|p2a: Noivern|1\n|-damage|p2a: Noivern|21/100\n|\n|-weather|SunnyDay|[upkeep]\n|-fieldend|move: Trick Room\n|upkeep\n|turn|6\n|\n|t:|1776725631\n|switch|p1b: Sinistcha|Sinistcha, L50|100/100\n|-heal|p1a: Chandelure|59/100|[from] ability: Hospitality|[of] p1b: Sinistcha\n|move|p2b: Dragapult|Shadow Ball|p1a: Chandelure\n|-supereffective|p1a: Chandelure|1\n|-damage|p1a: Chandelure|0 fnt\n|faint|p1a: Chandelure\n|move|p2a: Noivern|Dragon Cheer|p2b: Dragapult\n|-start|p2b: Dragapult|move: Dragon Cheer\n|\n|-weather|SunnyDay|[upkeep]\n|upkeep\n|\n|t:|1776725652\n|switch|p1a: Venusaur|Venusaur, L50, M|100/100\n|turn|7\n|\n|t:|1776725659\n|move|p2b: Dragapult|Shadow Ball|p1b: Sinistcha\n|-supereffective|p1b: Sinistcha|1\n|-crit|p1b: Sinistcha\n|-damage|p1b: Sinistcha|8/100\n|-enditem|p1b: Sinistcha|Sitrus Berry|[eat]\n|-heal|p1b: Sinistcha|33/100|[from] item: Sitrus Berry\n|move|p1a: Venusaur|Leech Seed|p2b: Dragapult\n|-start|p2b: Dragapult|move: Leech Seed\n|move|p2a: Noivern|Draco Meteor|p1a: Venusaur\n|-damage|p1a: Venusaur|50/100\n|-unboost|p2a: Noivern|spa|2\n|move|p1b: Sinistcha|Matcha Gotcha|p2b: Dragapult|[spread] p2b\n|-miss|p1b: Sinistcha|p2a: Noivern\n|-resisted|p2b: Dragapult|1\n|-damage|p2b: Dragapult|83/100\n|-heal|p1b: Sinistcha|41/100|[from] drain|[of] p2b: Dragapult\n|\n|-weather|none\n|-damage|p2b: Dragapult|71/100|[from] Leech Seed|[of] p1a: Venusaur\n|-heal|p1a: Venusaur|61/100|[silent]\n|upkeep\n|turn|8\n|\n|t:|1776725682\n|switch|p2a: Incineroar|Incineroar, L50, F|74/100\n|-ability|p2a: Incineroar|Intimidate|boost\n|-unboost|p1a: Venusaur|atk|1\n|-unboost|p1b: Sinistcha|atk|1\n|move|p1a: Venusaur|Protect|p1a: Venusaur\n|-singleturn|p1a: Venusaur|Protect\n|move|p2b: Dragapult|Shadow Ball|p1b: Sinistcha\n|-supereffective|p1b: Sinistcha|1\n|-crit|p1b: Sinistcha\n|-damage|p1b: Sinistcha|0 fnt\n|faint|p1b: Sinistcha\n|\n|-damage|p2b: Dragapult|59/100|[from] Leech Seed|[of] p1a: Venusaur\n|-heal|p1a: Venusaur|72/100|[silent]\n|upkeep\n|\n|t:|1776725692\n|switch|p1b: Charizard|Charizard-Mega-Y, L50, M|100/100\n|-weather|SunnyDay|[from] ability: Drought|[of] p1b: Charizard\n|turn|9\n|\n|t:|1776725700\n|move|p2a: Incineroar|Fake Out|p1a: Venusaur\n|-damage|p1a: Venusaur|62/100\n|move|p2b: Dragapult|Thunderbolt|p1b: Charizard\n|-supereffective|p1b: Charizard|1\n|-crit|p1b: Charizard\n|-damage|p1b: Charizard|31/100\n|cant|p1a: Venusaur|flinch\n|move|p1b: Charizard|Air Slash|p2a: Incineroar\n|-damage|p2a: Incineroar|38/100\n|\n|-weather|SunnyDay|[upkeep]\n|-damage|p2b: Dragapult|47/100|[from] Leech Seed|[of] p1a: Venusaur\n|-heal|p1a: Venusaur|73/100|[silent]\n|upkeep\n|turn|10\n|\n|t:|1776725716\n|switch|p2a: Noivern|Noivern, L50, F|21/100\n|-item|p1a: Venusaur|Occa Berry|[from] ability: Frisk|[of] p2a: Noivern\n|-item|p1b: Charizard|Charizardite Y|[from] ability: Frisk|[of] p2a: Noivern\n|move|p1a: Venusaur|Protect|p1a: Venusaur\n|-singleturn|p1a: Venusaur|Protect\n|move|p1b: Charizard|Protect|p1b: Charizard\n|-singleturn|p1b: Charizard|Protect\n|move|p2b: Dragapult|Shadow Ball|p1b: Charizard\n|-activate|p1b: Charizard|move: Protect\n|\n|-weather|SunnyDay|[upkeep]\n|-damage|p2b: Dragapult|34/100|[from] Leech Seed|[of] p1a: Venusaur\n|-heal|p1a: Venusaur|83/100|[silent]\n|upkeep\n|turn|11\n|\n|t:|1776725735\n|switch|p2b: Incineroar|Incineroar, L50, F|38/100\n|-ability|p2b: Incineroar|Intimidate|boost\n|-unboost|p1a: Venusaur|atk|1\n|-unboost|p1b: Charizard|atk|1\n|move|p1a: Venusaur|Sludge Bomb|p2a: Noivern\n|-damage|p2a: Noivern|0 fnt\n|faint|p2a: Noivern\n|move|p1b: Charizard|Air Slash|p2b: Incineroar\n|-damage|p2b: Incineroar|6/100\n|\n|-weather|SunnyDay|[upkeep]\n|upkeep\n|\n|t:|1776725744\n|switch|p2a: Dragapult|Dragapult, L50, M|34/100\n|turn|12\n|\n|t:|1776725755\n|move|p1a: Venusaur|Protect|p1a: Venusaur\n|-singleturn|p1a: Venusaur|Protect\n|move|p1b: Charizard|Protect|p1b: Charizard\n|-singleturn|p1b: Charizard|Protect\n|move|p2b: Incineroar|Fake Out|p1a: Venusaur\n|-activate|p1a: Venusaur|move: Protect\n|move|p2a: Dragapult|Thunderbolt|p1b: Charizard\n|-activate|p1b: Charizard|move: Protect\n|\n|-weather|SunnyDay|[upkeep]\n|upkeep\n|turn|13\n|\n|t:|1776725768\n|move|p2a: Dragapult|Thunderbolt|p1b: Charizard\n|-supereffective|p1b: Charizard|1\n|-crit|p1b: Charizard\n|-damage|p1b: Charizard|0 fnt\n|faint|p1b: Charizard\n|move|p1a: Venusaur|Sludge Bomb|p2b: Incineroar\n|-damage|p2b: Incineroar|0 fnt\n|faint|p2b: Incineroar\n|\n|-weather|none\n|upkeep\n|turn|14\n|\n|t:|1776725777\n|move|p2a: Dragapult|Draco Meteor|p1a: Venusaur\n|-damage|p1a: Venusaur|35/100\n|-unboost|p2a: Dragapult|spa|2\n|move|p1a: Venusaur|Leech Seed|p2a: Dragapult|[miss]\n|-miss|p1a: Venusaur|p2a: Dragapult\n|\n|upkeep\n|turn|15\n|\n|t:|1776725787\n|move|p2a: Dragapult|Shadow Ball|p1a: Venusaur\n|-damage|p1a: Venusaur|20/100\n|move|p1a: Venusaur|Leech Seed|p2a: Dragapult\n|-start|p2a: Dragapult|move: Leech Seed\n|\n|-damage|p2a: Dragapult|22/100|[from] Leech Seed|[of] p1a: Venusaur\n|-heal|p1a: Venusaur|31/100|[silent]\n|upkeep\n|turn|16\n|\n|t:|1776725793\n|move|p1a: Venusaur|Protect|p1a: Venusaur\n|-singleturn|p1a: Venusaur|Protect\n|move|p2a: Dragapult|Draco Meteor|p1a: Venusaur\n|-activate|p1a: Venusaur|move: Protect\n|\n|-damage|p2a: Dragapult|10/100|[from] Leech Seed|[of] p1a: Venusaur\n|-heal|p1a: Venusaur|42/100|[silent]\n|upkeep\n|turn|17\n|\n|t:|1776725800\n|move|p1a: Venusaur|Protect||[still]\n|-fail|p1a: Venusaur\n|move|p2a: Dragapult|Draco Meteor|p1a: Venusaur\n|-crit|p1a: Venusaur\n|-damage|p1a: Venusaur|0 fnt\n|-unboost|p2a: Dragapult|spa|2\n|faint|p1a: Venusaur\n|\n|win|scolipede44\n|raw|SniffLazer's rating: 1139 &rarr; <strong>1108</strong><br />(-31 for losing)\n|raw|scolipede44's rating: 1057 &rarr; <strong>1096</strong><br />(+39 for winning)\n|c|\u2606SniffLazer|woooow\n|c|\u2606scolipede44|gg\n|l|\u2606SniffLazer\n|player|p1|\n",
  "uploadtime": 1776725815,
  "views": 4,
  "formatid": "gen9championsvgc2026regma",
  "rating": 1096,
  "private": 0,
  "password": null
}