{
  "id": "gen9championsvgc2026regma-2589430459",
  "format": "[Gen 9 Champions] VGC 2026 Reg M-A",
  "players": [
    "Renguts",
    "Cayde6ix"
  ],
  "log": "|j|\u2606Renguts\n|j|\u2606Cayde6ix\n|t:|1776722306\n|gametype|doubles\n|player|p1|Renguts|ingo|1132\n|player|p2|Cayde6ix|red|1147\n|gen|9\n|tier|[Gen 9 Champions] VGC 2026 Reg M-A\n|rated|\n|rule|Species Clause: Limit one of each Pok\u00e9mon\n|rule|Item Clause: Limit 1 of each item\n|clearpoke\n|poke|p1|Meowstic-F, L50, F, shiny|\n|poke|p1|Slowbro-Galar, L50, M|\n|poke|p1|Empoleon, L50, M|\n|poke|p1|Farigiraf, L50, M|\n|poke|p1|Chesnaught, L50, M, shiny|\n|poke|p1|Pelipper, L50, F|\n|poke|p2|Tyranitar, L50, M, shiny|\n|poke|p2|Steelix, L50, M, shiny|\n|poke|p2|Milotic, L50, F, shiny|\n|poke|p2|Gardevoir, L50, F, shiny|\n|poke|p2|Garchomp, L50, F, shiny|\n|poke|p2|Decidueye-Hisui, L50, M|\n|teampreview|4\n|inactive|Battle timer is ON: inactive players will automatically lose when time's up. (requested by Cayde6ix)\nRenguts rejected open team sheets.\n|inactive|Renguts has 60 seconds left.\n|inactive|Cayde6ix has 60 seconds left.\n|inactive|Renguts has 30 seconds left.\n|inactive|Cayde6ix has 30 seconds left.\n|\n|t:|1776722371\n|teamsize|p1|4\n|teamsize|p2|4\n|start\n|switch|p1a: Empoleon|Empoleon, L50, M|100/100\n|switch|p1b: Farigiraf|Farigiraf, L50, M|100/100\n|switch|p2a: Tyranitar|Tyranitar, L50, M, shiny|100/100\n|switch|p2b: Garchomp|Garchomp, L50, F, shiny|100/100\n|-weather|Sandstorm|[from] ability: Sand Stream|[of] p2a: Tyranitar\n|turn|1\n|\n|t:|1776722391\n|move|p2b: Garchomp|Dragon Claw|p1b: Farigiraf\n|-damage|p1b: Farigiraf|60/100\n|move|p1a: Empoleon|Ice Beam|p2b: Garchomp\n|-supereffective|p2b: Garchomp|2\n|-damage|p2b: Garchomp|0 fnt\n|faint|p2b: Garchomp\n|move|p2a: Tyranitar|Crunch|p1b: Farigiraf\n|-supereffective|p1b: Farigiraf|1\n|-damage|p1b: Farigiraf|0 fnt\n|faint|p1b: Farigiraf\n|\n|-weather|Sandstorm|[upkeep]\n|upkeep\n|\n|t:|1776722402\n|switch|p2b: Gardevoir|Gardevoir, L50, F, shiny|100/100\n|switch|p1b: Pelipper|Pelipper, L50, F|100/100\n|-weather|RainDance|[from] ability: Drizzle|[of] p1b: Pelipper\n|turn|2\n|\n|t:|1776722414\n|switch|p2a: Steelix|Steelix, L50, M, shiny|100/100\n|move|p1b: Pelipper|Tailwind|p1b: Pelipper\n|-sidestart|p1: Renguts|move: Tailwind\n|move|p1a: Empoleon|Flash Cannon|p2b: Gardevoir\n|-supereffective|p2b: Gardevoir|1\n|-damage|p2b: Gardevoir|41/100\n|move|p2b: Gardevoir|Trick Room|p2b: Gardevoir\n|-fieldstart|move: Trick Room|[of] p2b: Gardevoir\n|\n|-weather|RainDance|[upkeep]\n|upkeep\n|turn|3\n|inactive|Cayde6ix has 30 seconds left.\n|\n|t:|1776722439\n|switch|p2b: Tyranitar|Tyranitar, L50, M, shiny|100/100\n|-weather|Sandstorm|[from] ability: Sand Stream|[of] p2b: Tyranitar\n|detailschange|p2a: Steelix|Steelix-Mega, L50, M, shiny\n|-mega|p2a: Steelix|Steelix|Steelixite\n|move|p2a: Steelix|Body Press|p1a: Empoleon\n|-supereffective|p1a: Empoleon|1\n|-enditem|p1a: Empoleon|Chople Berry|[eat]\n|-enditem|p1a: Empoleon|Chople Berry|[weaken]\n|-damage|p1a: Empoleon|64/100\n|move|p1a: Empoleon|Hydro Pump|p2a: Steelix|[miss]\n|-miss|p1a: Empoleon|p2a: Steelix\n|move|p1b: Pelipper|Weather Ball|p2a: Steelix\n|-resisted|p2a: Steelix|2\n|-damage|p2a: Steelix|96/100\n|\n|-weather|Sandstorm|[upkeep]\n|-damage|p1b: Pelipper|95/100|[from] Sandstorm\n|upkeep\n|turn|4\n|\n|t:|1776722461\n|switch|p1b: Chesnaught|Chesnaught, L50, M, shiny|100/100\n|move|p1a: Empoleon|Protect|p1a: Empoleon\n|-singleturn|p1a: Empoleon|Protect\n|move|p2a: Steelix|Body Press|p1a: Empoleon\n|-activate|p1a: Empoleon|move: Protect\n|move|p2b: Tyranitar|Low Kick|p1a: Empoleon\n|-activate|p1a: Empoleon|move: Protect\n|\n|-weather|Sandstorm|[upkeep]\n|-damage|p1b: Chesnaught|94/100|[from] Sandstorm\n|upkeep\n|turn|5\n|inactive|Renguts has 30 seconds left.\n|\n|t:|1776722487\n|switch|p1a: Pelipper|Pelipper, L50, F|95/100\n|-weather|RainDance|[from] ability: Drizzle|[of] p1a: Pelipper\n|detailschange|p1b: Chesnaught|Chesnaught-Mega, L50, M, shiny\n|-mega|p1b: Chesnaught|Chesnaught|Chesnaughtite\n|move|p2a: Steelix|Protect|p2a: Steelix\n|-singleturn|p2a: Steelix|Protect\n|move|p1b: Chesnaught|Spiky Shield|p1b: Chesnaught\n|-singleturn|p1b: Chesnaught|move: Protect\n|move|p2b: Tyranitar|Low Kick|p1a: Pelipper\n|-resisted|p1a: Pelipper|1\n|-damage|p1a: Pelipper|83/100\n|\n|-weather|RainDance|[upkeep]\n|-sideend|p1: Renguts|move: Tailwind\n|upkeep\n|turn|6\n|\n|t:|1776722512\n|switch|p2b: Gardevoir|Gardevoir, L50, F, shiny|41/100\n|move|p2a: Steelix|Gyro Ball|p1a: Pelipper\n|-resisted|p1a: Pelipper|1\n|-damage|p1a: Pelipper|72/100\n|move|p1b: Chesnaught|Drain Punch|p2a: Steelix\n|-supereffective|p2a: Steelix|1\n|-damage|p2a: Steelix|57/100\n|-heal|p1b: Chesnaught|100/100|[from] drain|[of] p2a: Steelix\n|move|p1a: Pelipper|Weather Ball|p2b: Gardevoir\n|-damage|p2b: Gardevoir|0 fnt\n|faint|p2b: Gardevoir\n|\n|-weather|RainDance|[upkeep]\n|-fieldend|move: Trick Room\n|upkeep\n|\n|t:|1776722521\n|switch|p2b: Tyranitar|Tyranitar, L50, M, shiny|100/100\n|-weather|Sandstorm|[from] ability: Sand Stream|[of] p2b: Tyranitar\n|turn|7\n|inactive|Cayde6ix has 30 seconds left.\n|inactive|Cayde6ix has 20 seconds left.\n|\n|t:|1776722558\n|switch|p1a: Empoleon|Empoleon, L50, M|64/100\n|move|p1b: Chesnaught|Spiky Shield|p1b: Chesnaught\n|-singleturn|p1b: Chesnaught|move: Protect\n|move|p2b: Tyranitar|Crunch|p1b: Chesnaught\n|-activate|p1b: Chesnaught|move: Protect\n|-damage|p2b: Tyranitar|88/100|[from] Spiky Shield|[of] p1b: Chesnaught\n|move|p2a: Steelix|Earthquake|p1a: Empoleon|[spread] p2b,p1a\n|-activate|p1b: Chesnaught|move: Protect\n|-supereffective|p2b: Tyranitar|1\n|-supereffective|p1a: Empoleon|1\n|-damage|p2b: Tyranitar|29/100\n|-damage|p1a: Empoleon|0 fnt\n|faint|p1a: Empoleon\n|\n|-weather|Sandstorm|[upkeep]\n|-damage|p1b: Chesnaught|94/100|[from] Sandstorm\n|upkeep\n|\n|t:|1776722572\n|switch|p1a: Pelipper|Pelipper, L50, F|72/100\n|-weather|RainDance|[from] ability: Drizzle|[of] p1a: Pelipper\n|turn|8\n|inactive|Renguts has 30 seconds left.\n|inactive|Renguts has 20 seconds left.\n|l|\u2606Cayde6ix\n|inactive|Cayde6ix disconnected and has a minute to reconnect!\n|player|p2|\n|\n|t:|1776722610\n|move|p1a: Pelipper|Weather Ball|p2a: Steelix\n|-supereffective|p2a: Steelix|1\n|-damage|p2a: Steelix|0 fnt\n|faint|p2a: Steelix\n|move|p2b: Tyranitar|Low Kick|p1b: Chesnaught\n|-damage|p1b: Chesnaught|78/100\n|move|p1b: Chesnaught|Drain Punch|p2b: Tyranitar\n|-supereffective|p2b: Tyranitar|2\n|-enditem|p2b: Tyranitar|Chople Berry|[eat]\n|-enditem|p2b: Tyranitar|Chople Berry|[weaken]\n|-damage|p2b: Tyranitar|0 fnt\n|-heal|p1b: Chesnaught|94/100|[from] drain|[of] p2b: Tyranitar\n|faint|p2b: Tyranitar\n|\n|win|Renguts\n|raw|Renguts's rating: 1132 &rarr; <strong>1158</strong><br />(+26 for winning)\n|raw|Cayde6ix's rating: 1147 &rarr; <strong>1121</strong><br />(-26 for losing)\n|j|\u2606Cayde6ix\n|player|p2|Cayde6ix|red|\n|l|\u2606Cayde6ix\n|player|p2|\n",
  "uploadtime": 1776722751,
  "views": 11,
  "formatid": "gen9championsvgc2026regma",
  "rating": 1121,
  "private": 0,
  "password": null
}