{
  "id": "gen9championsvgc2026regma-2588710340",
  "format": "[Gen 9 Champions] VGC 2026 Reg M-A",
  "players": [
    "Ratrap",
    "Jah_08"
  ],
  "log": "|j|\u2606Ratrap\n|j|\u2606Jah_08\n|t:|1776660534\n|gametype|doubles\n|player|p1|Ratrap|elesa|1325\n|player|p2|Jah_08|alder|1351\n|gen|9\n|tier|[Gen 9 Champions] VGC 2026 Reg M-A\n|rated|\n|rule|Species Clause: Limit one of each Pok\u00e9mon\n|rule|Item Clause: Limit 1 of each item\n|clearpoke\n|poke|p1|Aerodactyl, L50, M|\n|poke|p1|Sneasler, L50, F|\n|poke|p1|Kangaskhan, L50, F|\n|poke|p1|Venusaur, L50, M, shiny|\n|poke|p1|Sableye, L50, M|\n|poke|p1|Basculegion, L50, M|\n|poke|p2|Excadrill, L50, M|\n|poke|p2|Whimsicott, L50, M, shiny|\n|poke|p2|Chandelure, L50, F|\n|poke|p2|Zoroark-Hisui, L50, M|\n|poke|p2|Basculegion, L50, M|\n|poke|p2|Hydreigon, L50, M|\n|teampreview|4\n|inactive|Battle timer is ON: inactive players will automatically lose when time's up. (requested by Ratrap)\n|inactive|Jah_08 has 60 seconds left.\nRatrap rejected open team sheets.\n|\n|t:|1776660586\n|teamsize|p1|4\n|teamsize|p2|4\n|start\n|switch|p1a: Venusaur|Venusaur, L50, M, shiny|100/100\n|switch|p1b: Sableye|Sableye, L50, M|100/100\n|switch|p2a: Hydreigon|Hydreigon, L50, M|100/100\n|switch|p2b: Basculegion|Basculegion, L50, M|100/100\n|turn|1\n|inactive|Ratrap has 30 seconds left.\n|\n|t:|1776660612\n|detailschange|p1a: Venusaur|Venusaur-Mega, L50, M, shiny\n|-mega|p1a: Venusaur|Venusaur|Venusaurite\n|move|p1b: Sableye|Light Screen|p1b: Sableye\n|-sidestart|p1: Ratrap|move: Light Screen\n|move|p2b: Basculegion|Shadow Ball|p1a: Venusaur\n|-damage|p1a: Venusaur|76/100\n|move|p2a: Hydreigon|Dark Pulse|p1a: Venusaur\n|-damage|p1a: Venusaur|58/100\n|move|p1a: Venusaur|Leech Seed|p2a: Hydreigon\n|-start|p2a: Hydreigon|move: Leech Seed\n|\n|-damage|p2a: Hydreigon|89/100|[from] Leech Seed|[of] p1a: Venusaur\n|-heal|p1a: Venusaur|68/100|[silent]\n|upkeep\n|turn|2\n|\n|t:|1776660637\n|switch|p2a: Chandelure|Chandelure, L50, F|100/100\n|move|p2b: Basculegion|Shadow Ball|p1b: Sableye\n|-damage|p1b: Sableye|58/100\n|move|p1a: Venusaur|Leech Seed|p2b: Basculegion\n|-start|p2b: Basculegion|move: Leech Seed\n|move|p1b: Sableye|Foul Play|p2b: Basculegion\n|-supereffective|p2b: Basculegion|1\n|-damage|p2b: Basculegion|0 fnt\n|replace|p2b: Zoroark|Zoroark-Hisui, L50, M\n|-end|p2b: Zoroark|Illusion\n|faint|p2b: Zoroark\n|\n|-heal|p1b: Sableye|64/100|[from] item: Leftovers\n|upkeep\n|\n|t:|1776660656\n|switch|p2b: Hydreigon|Hydreigon, L50, M|89/100\n|turn|3\n|\n|t:|1776660666\n|detailschange|p2a: Chandelure|Chandelure-Mega, L50, F\n|-mega|p2a: Chandelure|Chandelure|Chandelurite\n|move|p2b: Hydreigon|Dark Pulse|p1a: Venusaur\n|-damage|p1a: Venusaur|50/100\n|move|p2a: Chandelure|Heat Wave|p1a: Venusaur|[spread] p1a,p1b\n|-supereffective|p1a: Venusaur|1\n|-damage|p1a: Venusaur|11/100\n|-damage|p1b: Sableye|0 fnt\n|faint|p1b: Sableye\n|cant|p1a: Venusaur|flinch\n|\n|upkeep\n|\n|t:|1776660678\n|switch|p1b: Basculegion|Basculegion, L50, M|100/100\n|turn|4\n|\n|t:|1776660689\n|move|p2a: Chandelure|Protect|p2a: Chandelure\n|-singleturn|p2a: Chandelure|Protect\n|move|p1b: Basculegion|Flip Turn|p2b: Hydreigon\n|-resisted|p2b: Hydreigon|1\n|-damage|p2b: Hydreigon|65/100\n|\n|t:|1776660696\n|switch|p1b: Sneasler|Sneasler, L50, F|100/100|[from] Flip Turn\n|move|p2b: Hydreigon|Dark Pulse|p1b: Sneasler\n|-resisted|p1b: Sneasler|1\n|-damage|p1b: Sneasler|81/100\n|move|p1a: Venusaur|Leech Seed|p2b: Hydreigon\n|-start|p2b: Hydreigon|move: Leech Seed\n|\n|-damage|p2b: Hydreigon|53/100|[from] Leech Seed|[of] p1a: Venusaur\n|-heal|p1a: Venusaur|22/100|[silent]\n|upkeep\n|turn|5\n|inactive|Ratrap has 30 seconds left.\n|\n|t:|1776660724\n|move|p1a: Venusaur|Protect|p1a: Venusaur\n|-singleturn|p1a: Venusaur|Protect\n|move|p1b: Sneasler|Dire Claw|p2a: Chandelure\n|-resisted|p2a: Chandelure|1\n|-damage|p2a: Chandelure|78/100\n|move|p2b: Hydreigon|Draco Meteor|p1a: Venusaur\n|-activate|p1a: Venusaur|move: Protect\n|move|p2a: Chandelure|Heat Wave|p1b: Sneasler|[spread] p1b\n|-activate|p1a: Venusaur|move: Protect\n|-damage|p1b: Sneasler|12/100\n|\n|-damage|p2b: Hydreigon|41/100|[from] Leech Seed|[of] p1a: Venusaur\n|-heal|p1a: Venusaur|33/100|[silent]\n|-sideend|p1: Ratrap|move: Light Screen\n|upkeep\n|turn|6\n|\n|t:|1776660745\n|move|p1b: Sneasler|Close Combat|p2b: Hydreigon\n|-supereffective|p2b: Hydreigon|1\n|-enditem|p2b: Hydreigon|Chople Berry|[eat]\n|-enditem|p2b: Hydreigon|Chople Berry|[weaken]\n|-damage|p2b: Hydreigon|0 fnt\n|-unboost|p1b: Sneasler|def|1\n|-unboost|p1b: Sneasler|spd|1\n|faint|p2b: Hydreigon\n|-enditem|p1b: Sneasler|White Herb\n|-clearnegativeboost|p1b: Sneasler|[silent]\n|move|p2a: Chandelure|Heat Wave|p1b: Sneasler|[spread] p1a,p1b\n|-supereffective|p1a: Venusaur|1\n|-damage|p1a: Venusaur|0 fnt\n|-damage|p1b: Sneasler|0 fnt\n|faint|p1a: Venusaur\n|faint|p1b: Sneasler\n|\n|upkeep\n|\n|t:|1776660760\n|switch|p1b: Basculegion|Basculegion, L50, M|100/100\n|switch|p2b: Basculegion|Basculegion, L50, M|100/100\n|turn|7\n|\n|t:|1776660771\n|move|p2b: Basculegion|Last Respects|p1b: Basculegion\n|-supereffective|p1b: Basculegion|1\n|-damage|p1b: Basculegion|0 fnt\n|faint|p1b: Basculegion\n|\n|win|Jah_08\n|raw|Ratrap's rating: 1325 &rarr; <strong>1306</strong><br />(-19 for losing)\n|raw|Jah_08's rating: 1351 &rarr; <strong>1370</strong><br />(+19 for winning)\n",
  "uploadtime": 1776660778,
  "views": 6,
  "formatid": "gen9championsvgc2026regma",
  "rating": 1306,
  "private": 0,
  "password": null
}