{
  "id": "gen9championsvgc2026regma-2584226954",
  "format": "[Gen 9 Champions] VGC 2026 Reg M-A",
  "players": [
    "SimMikaze",
    "Spottedwoot"
  ],
  "log": "|j|\u2606SimMikaze\n|j|\u2606Spottedwoot\n|t:|1776240554\n|gametype|doubles\n|player|p1|SimMikaze|miku-ghost|1307\n|player|p2|Spottedwoot|101|1260\n|gen|9\n|tier|[Gen 9 Champions] VGC 2026 Reg M-A\n|rated|\n|rule|Species Clause: Limit one of each Pok\u00e9mon\n|rule|Item Clause: Limit 1 of each item\n|clearpoke\n|poke|p1|Gengar, L50, M|\n|poke|p1|Maushold, L50|\n|poke|p1|Incineroar, L50, M|\n|poke|p1|Sinistcha, L50|\n|poke|p1|Kommo-o, L50, F|\n|poke|p1|Politoed, L50, F|\n|poke|p2|Garchomp, L50, M|\n|poke|p2|Charizard, L50, F|\n|poke|p2|Venusaur, L50, M|\n|poke|p2|Rotom-Wash, L50|\n|poke|p2|Sneasler, L50, F|\n|poke|p2|Incineroar, L50, M|\n|teampreview|4\n|\n|t:|1776240599\n|teamsize|p1|4\n|teamsize|p2|4\n|start\n|switch|p1a: Gengar|Gengar, L50, M, shiny|100/100\n|switch|p1b: Maushold|Maushold, L50|100/100\n|switch|p2a: Charizard|Charizard, L50, F|100/100\n|switch|p2b: Garchomp|Garchomp, L50, M|100/100\n|turn|1\n|\n|t:|1776240631\n|switch|p1b: Incineroar|Incineroar, L50, M, shiny|100/100\n|-ability|p1b: Incineroar|Intimidate|boost\n|-unboost|p2a: Charizard|atk|1\n|-unboost|p2b: Garchomp|atk|1\n|detailschange|p1a: Gengar|Gengar-Mega, L50, M, shiny\n|-mega|p1a: Gengar|Gengar|Gengarite\n|detailschange|p2a: Charizard|Charizard-Mega-Y, L50, F\n|-mega|p2a: Charizard|Charizard|Charizardite Y\n|-weather|SunnyDay|[from] ability: Drought|[of] p2a: Charizard\n|move|p1a: Gengar|Protect|p1a: Gengar\n|-singleturn|p1a: Gengar|Protect\n|move|p2b: Garchomp|Earthquake|p1b: Incineroar|[spread] p1b\n|-activate|p1a: Gengar|move: Protect\n|-immune|p2a: Charizard\n|-supereffective|p1b: Incineroar|1\n|-damage|p1b: Incineroar|62/100\n|move|p2a: Charizard|Heat Wave|p1a: Gengar|[spread] \n|-activate|p1a: Gengar|move: Protect\n|-miss|p2a: Charizard|p1b: Incineroar\n|\n|-weather|SunnyDay|[upkeep]\n|upkeep\n|turn|2\n|\n|t:|1776240653\n|move|p1b: Incineroar|Fake Out|p2b: Garchomp\n|-damage|p2b: Garchomp|88/100\n|-damage|p1b: Incineroar|49/100|[from] ability: Rough Skin|[of] p2b: Garchomp\n|cant|p2b: Garchomp|flinch\n|move|p1a: Gengar|Perish Song|p1a: Gengar\n|-start|p1a: Gengar|perish3|[silent]\n|-start|p1b: Incineroar|perish3|[silent]\n|-start|p2a: Charizard|perish3|[silent]\n|-start|p2b: Garchomp|perish3|[silent]\n|-fieldactivate|move: Perish Song\n|move|p2a: Charizard|Heat Wave|p1b: Incineroar|[spread] p1a,p1b\n|-resisted|p1b: Incineroar|1\n|-damage|p1a: Gengar|34/100\n|-damage|p1b: Incineroar|19/100\n|\n|-weather|SunnyDay|[upkeep]\n|-start|p2b: Garchomp|perish3\n|-start|p1a: Gengar|perish3\n|-start|p2a: Charizard|perish3\n|-start|p1b: Incineroar|perish3\n|upkeep\n|turn|3\n|c|\u2606SimMikaze|Scarf Garchomp??\n|c|\u2606SimMikaze|Lmao\n|\n|t:|1776240689\n|move|p1a: Gengar|Protect|p1a: Gengar\n|-singleturn|p1a: Gengar|Protect\n|move|p1b: Incineroar|Protect|p1b: Incineroar\n|-singleturn|p1b: Incineroar|Protect\n|move|p2b: Garchomp|Earthquake|p1b: Incineroar|[spread] \n|-activate|p1a: Gengar|move: Protect\n|-activate|p1b: Incineroar|move: Protect\n|-immune|p2a: Charizard\n|move|p2a: Charizard|Heat Wave|p1a: Gengar|[spread] \n|-activate|p1a: Gengar|move: Protect\n|-activate|p1b: Incineroar|move: Protect\n|\n|-weather|SunnyDay|[upkeep]\n|-start|p2b: Garchomp|perish2\n|-start|p1a: Gengar|perish2\n|-start|p2a: Charizard|perish2\n|-start|p1b: Incineroar|perish2\n|upkeep\n|turn|4\n|inactive|Battle timer is ON: inactive players will automatically lose when time's up. (requested by Spottedwoot)\n|\n|t:|1776240705\n|switch|p1a: Politoed|Politoed, L50, F|100/100\n|-weather|RainDance|[from] ability: Drizzle|[of] p1a: Politoed\n|move|p2b: Garchomp|Earthquake|p1a: Politoed|[spread] p1a,p1b\n|-immune|p2a: Charizard\n|-supereffective|p1b: Incineroar|1\n|-damage|p1a: Politoed|82/100\n|-damage|p1b: Incineroar|0 fnt\n|faint|p1b: Incineroar\n|move|p2a: Charizard|Heat Wave|p1a: Politoed\n|-resisted|p1a: Politoed|1\n|-damage|p1a: Politoed|69/100\n|\n|-weather|RainDance|[upkeep]\n|-heal|p1a: Politoed|75/100|[from] item: Leftovers\n|-start|p2b: Garchomp|perish1\n|-start|p2a: Charizard|perish1\n|upkeep\n|\n|t:|1776240729\n|switch|p1b: Gengar|Gengar-Mega, L50, M, shiny|34/100\n|turn|5\n|-message|Spottedwoot forfeited.\n|\n|win|SimMikaze\n|raw|SimMikaze's rating: 1307 &rarr; <strong>1324</strong><br />(+17 for winning)\n|raw|Spottedwoot's rating: 1260 &rarr; <strong>1238</strong><br />(-22 for losing)\n|l|\u2606Spottedwoot\n|player|p2|\n|c|\u2606SimMikaze|Why would you scarf a garchomp\n",
  "uploadtime": 1776240745,
  "views": 23,
  "formatid": "gen9championsvgc2026regma",
  "rating": 1238,
  "private": 0,
  "password": null
}