{
  "id": "gen9championsvgc2026regma-2585390875",
  "format": "[Gen 9 Champions] VGC 2026 Reg M-A",
  "players": [
    "testdigi",
    "Liragon"
  ],
  "log": "|j|\u2606testdigi\n|j|\u2606Liragon\n|t:|1776343781\n|gametype|doubles\n|player|p1|testdigi|170|1000\n|player|p2|Liragon|alder|1010\n|gen|9\n|tier|[Gen 9 Champions] VGC 2026 Reg M-A\n|rated|\n|rule|Species Clause: Limit one of each Pok\u00e9mon\n|rule|Item Clause: Limit 1 of each item\n|clearpoke\n|poke|p1|Mimikyu, L50, F|\n|poke|p1|Floette-Eternal, L50, F|\n|poke|p1|Sneasler, L50, M|\n|poke|p1|Incineroar, L50, M|\n|poke|p1|Tyranitar, L50, F|\n|poke|p1|Corviknight, L50, F|\n|poke|p2|Glimmora, L50, F|\n|poke|p2|Corviknight, L50, F|\n|poke|p2|Meowscarada, L50, F|\n|poke|p2|Mamoswine, L50, M|\n|poke|p2|Rotom-Wash, L50|\n|poke|p2|Hydreigon, L50, M|\n|teampreview|4\n|\n|t:|1776343877\n|teamsize|p1|4\n|teamsize|p2|4\n|start\n|switch|p1a: Incineroar|Incineroar, L50, M|100/100\n|switch|p1b: Corviknight|Corviknight, L50, F, shiny|100/100\n|switch|p2a: Rotom|Rotom-Wash, L50|100/100\n|switch|p2b: Meowscarada|Meowscarada, L50, F|100/100\n|-ability|p1a: Incineroar|Intimidate|boost\n|-unboost|p2a: Rotom|atk|1\n|-unboost|p2b: Meowscarada|atk|1\n|turn|1\n|\n|t:|1776343903\n|switch|p2b: Glimmora|Glimmora, L50, F|100/100\n|move|p1a: Incineroar|Fake Out|p2a: Rotom\n|-damage|p2a: Rotom|88/100\n|move|p1b: Corviknight|Tailwind|p1b: Corviknight\n|-sidestart|p1: testdigi|move: Tailwind\n|cant|p2a: Rotom|flinch\n|\n|upkeep\n|turn|2\n|\n|t:|1776343935\n|move|p2b: Glimmora|Spiky Shield|p2b: Glimmora\n|-singleturn|p2b: Glimmora|move: Protect\n|move|p1b: Corviknight|Iron Head|p2b: Glimmora\n|-activate|p2b: Glimmora|move: Protect\n|-damage|p1b: Corviknight|88/100|[from] Spiky Shield|[of] p2b: Glimmora\n|move|p1a: Incineroar|Parting Shot|p2b: Glimmora\n|-activate|p2b: Glimmora|move: Protect\n|move|p2a: Rotom|Thunderbolt|p1b: Corviknight\n|-supereffective|p1b: Corviknight|1\n|-damage|p1b: Corviknight|22/100\n|\n|upkeep\n|turn|3\n|\n|t:|1776343958\n|switch|p2b: Corviknight|Corviknight, L50, F|100/100\n|move|p2a: Rotom|Protect|p2a: Rotom\n|-singleturn|p2a: Rotom|Protect\n|move|p1b: Corviknight|Iron Head|p2b: Corviknight\n|-resisted|p2b: Corviknight|1\n|-damage|p2b: Corviknight|93/100\n|move|p1a: Incineroar|Parting Shot|p2a: Rotom\n|-activate|p2a: Rotom|move: Protect\n|\n|-heal|p2b: Corviknight|99/100|[from] item: Leftovers\n|upkeep\n|turn|4\n|\n|t:|1776343972\n|switch|p2b: Glimmora|Glimmora, L50, F|100/100\n|move|p1b: Corviknight|Protect|p1b: Corviknight\n|-singleturn|p1b: Corviknight|Protect\n|move|p1a: Incineroar|Parting Shot|p2a: Rotom\n|-unboost|p2a: Rotom|atk|1\n|-unboost|p2a: Rotom|spa|1\n|\n|t:|1776343983\n|switch|p1a: Mimikyu|Mimikyu, L50, F|100/100|[from] Parting Shot\n|move|p2a: Rotom|Thunderbolt|p1b: Corviknight\n|-activate|p1b: Corviknight|move: Protect\n|\n|-sideend|p1: testdigi|move: Tailwind\n|upkeep\n|turn|5\n|\n|t:|1776344000\n|detailschange|p2b: Glimmora|Glimmora-Mega, L50, F\n|-mega|p2b: Glimmora|Glimmora|Glimmoranite\n|move|p1a: Mimikyu|Protect|p1a: Mimikyu\n|-singleturn|p1a: Mimikyu|Protect\n|move|p2b: Glimmora|Sludge Bomb|p1a: Mimikyu\n|-activate|p1a: Mimikyu|move: Protect\n|move|p1b: Corviknight|Tailwind|p1b: Corviknight\n|-sidestart|p1: testdigi|move: Tailwind\n|move|p2a: Rotom|Hydro Pump|p1a: Mimikyu\n|-activate|p1a: Mimikyu|move: Protect\n|\n|upkeep\n|turn|6\n|\n|t:|1776344039\n|move|p2b: Glimmora|Spiky Shield|p2b: Glimmora\n|-singleturn|p2b: Glimmora|move: Protect\n|move|p1b: Corviknight|Brave Bird|p2a: Rotom\n|-resisted|p2a: Rotom|1\n|-damage|p2a: Rotom|69/100\n|-damage|p1b: Corviknight|17/100|[from] Recoil\n|move|p1a: Mimikyu|Swords Dance|p1a: Mimikyu\n|-boost|p1a: Mimikyu|atk|2\n|move|p2a: Rotom|Thunderbolt|p1b: Corviknight\n|-supereffective|p1b: Corviknight|1\n|-damage|p1b: Corviknight|0 fnt\n|faint|p1b: Corviknight\n|\n|upkeep\n|\n|t:|1776344046\n|switch|p1b: Incineroar|Incineroar, L50, M|100/100\n|-ability|p1b: Incineroar|Intimidate|boost\n|-unboost|p2a: Rotom|atk|1\n|-unboost|p2b: Glimmora|atk|1\n|turn|7\n|\n|t:|1776344070\n|switch|p2a: Corviknight|Corviknight, L50, F|99/100\n|move|p1b: Incineroar|Fake Out|p2b: Glimmora\n|-resisted|p2b: Glimmora|1\n|-damage|p2b: Glimmora|96/100\n|move|p1a: Mimikyu|Play Rough|p2a: Corviknight\n|-resisted|p2a: Corviknight|1\n|-damage|p2a: Corviknight|78/100\n|cant|p2b: Glimmora|flinch\n|\n|-heal|p2a: Corviknight|84/100|[from] item: Leftovers\n|upkeep\n|turn|8\n|\n|t:|1776344088\n|move|p1a: Mimikyu|Protect|p1a: Mimikyu\n|-singleturn|p1a: Mimikyu|Protect\n|move|p1b: Incineroar|Parting Shot|p2a: Corviknight\n|-ability|p2a: Corviknight|Mirror Armor\n|-unboost|p1b: Incineroar|atk|1\n|-ability|p2a: Corviknight|Mirror Armor\n|-unboost|p1b: Incineroar|spa|1\n|\n|t:|1776344094\n|switch|p1b: Floette|Floette-Eternal, L50, F, shiny|100/100|[from] Parting Shot\n|move|p2b: Glimmora|Sludge Bomb|p1a: Mimikyu\n|-activate|p1a: Mimikyu|move: Protect\n|move|p2a: Corviknight|Tailwind|p2a: Corviknight\n|-sidestart|p2: Liragon|move: Tailwind\n|\n|-heal|p2a: Corviknight|90/100|[from] item: Leftovers\n|-sideend|p1: testdigi|move: Tailwind\n|upkeep\n|turn|9\n|\n|t:|1776344141\n|detailschange|p1b: Floette|Floette-Mega, L50, F, shiny\n|-mega|p1b: Floette|Floette|Floettite\n|-ability|p1b: Floette|Fairy Aura\n|move|p2b: Glimmora|Sludge Bomb|p1b: Floette\n|-supereffective|p1b: Floette|1\n|-damage|p1b: Floette|10/100\n|move|p2a: Corviknight|Body Press|p1a: Mimikyu\n|-immune|p1a: Mimikyu\n|move|p1b: Floette|Light of Ruin|p2b: Glimmora\n|-resisted|p2b: Glimmora|1\n|-damage|p2b: Glimmora|45/100\n|-damage|p1b: Floette|0 fnt|[from] Recoil\n|faint|p1b: Floette\n|move|p1a: Mimikyu|Play Rough|p2b: Glimmora\n|-resisted|p2b: Glimmora|1\n|-damage|p2b: Glimmora|12/100\n|\n|-heal|p2a: Corviknight|96/100|[from] item: Leftovers\n|upkeep\n|\n|t:|1776344146\n|switch|p1b: Incineroar|Incineroar, L50, M|100/100\n|-ability|p1b: Incineroar|Intimidate|boost\n|-ability|p2a: Corviknight|Mirror Armor\n|-unboost|p1b: Incineroar|atk|1\n|-unboost|p2b: Glimmora|atk|1\n|turn|10\n|\n|t:|1776344175\n|switch|p2a: Rotom|Rotom-Wash, L50|69/100\n|move|p2b: Glimmora|Spiky Shield|p2b: Glimmora\n|-singleturn|p2b: Glimmora|move: Protect\n|move|p1a: Mimikyu|Swords Dance|p1a: Mimikyu\n|-boost|p1a: Mimikyu|atk|2\n|move|p1b: Incineroar|Parting Shot|p2b: Glimmora\n|-activate|p2b: Glimmora|move: Protect\n|\n|upkeep\n|turn|11\n|\n|t:|1776344191\n|move|p1a: Mimikyu|Shadow Sneak|p2b: Glimmora\n|-crit|p2b: Glimmora\n|-damage|p2b: Glimmora|0 fnt\n|faint|p2b: Glimmora\n|move|p2a: Rotom|Hydro Pump|p1a: Mimikyu\n|-activate|p1a: Mimikyu|ability: Disguise\n|-damage|p1a: Mimikyu|100/100\n|detailschange|p1a: Mimikyu|Mimikyu-Busted, L50, F\n|-damage|p1a: Mimikyu|88/100|[from] pokemon: Mimikyu-Busted\n|move|p1b: Incineroar|Throat Chop|p2a: Rotom\n|-damage|p2a: Rotom|43/100\n|-start|p2a: Rotom|Throat Chop|[silent]\n|-enditem|p2a: Rotom|Sitrus Berry|[eat]\n|-heal|p2a: Rotom|68/100|[from] item: Sitrus Berry\n|\n|-sideend|p2: Liragon|move: Tailwind\n|upkeep\n|\n|t:|1776344205\n|switch|p2b: Meowscarada|Meowscarada, L50, F|100/100\n|turn|12\n|\n|t:|1776344224\n|move|p1a: Mimikyu|Protect|p1a: Mimikyu\n|-singleturn|p1a: Mimikyu|Protect\n|move|p2b: Meowscarada|Flower Trick|p1a: Mimikyu\n|-start|p2b: Meowscarada|typechange|Grass|[from] ability: Protean\n|-activate|p1a: Mimikyu|move: Protect\n|move|p2a: Rotom|Hydro Pump|p1b: Incineroar\n|-supereffective|p1b: Incineroar|1\n|-damage|p1b: Incineroar|13/100\n|move|p1b: Incineroar|Parting Shot|p2a: Rotom\n|-unboost|p2a: Rotom|atk|1\n|-unboost|p2a: Rotom|spa|1\n|\n|-end|p2a: Rotom|Throat Chop|[silent]\n|upkeep\n|turn|13\n|-message|testdigi forfeited.\n|\n|win|Liragon\n",
  "uploadtime": 1776343783,
  "views": 21,
  "formatid": "gen9championsvgc2026regma",
  "rating": null,
  "private": 0,
  "password": null
}