{
  "id": "gen9championsvgc2026regma-2588537056",
  "format": "[Gen 9 Champions] VGC 2026 Reg M-A",
  "players": [
    "Aux.Asahina",
    "jasontbest"
  ],
  "log": "|j|\u2606Aux.Asahina\n|j|\u2606jasontbest\n|t:|1776642744\n|gametype|doubles\n|player|p1|Aux.Asahina|rocketgruntf|1140\n|player|p2|jasontbest|li|1132\n|gen|9\n|tier|[Gen 9 Champions] VGC 2026 Reg M-A\n|rated|\n|rule|Species Clause: Limit one of each Pok\u00e9mon\n|rule|Item Clause: Limit 1 of each item\n|clearpoke\n|poke|p1|Kingambit, L50, F|\n|poke|p1|Sylveon, L50, F|\n|poke|p1|Incineroar, L50, F|\n|poke|p1|Sneasler, L50, F|\n|poke|p1|Starmie, L50|\n|poke|p1|Sinistcha, L50|\n|poke|p2|Blastoise, L50, M|\n|poke|p2|Scovillain, L50, F|\n|poke|p2|Skeledirge, L50, F|\n|poke|p2|Scizor, L50, M|\n|poke|p2|Garchomp, L50, M|\n|poke|p2|Alakazam, L50, F|\n|teampreview|4\n|inactive|Battle timer is ON: inactive players will automatically lose when time's up. (requested by Aux.Asahina)\n|inactive|Aux.Asahina has 60 seconds left.\n|inactive|jasontbest has 60 seconds left.\n|\n|t:|1776642795\n|teamsize|p1|4\n|teamsize|p2|4\n|start\n|switch|p1a: Kingambit|Kingambit, L50, F|100/100\n|switch|p1b: Sneasler|Sneasler, L50, F|100/100\n|switch|p2a: Blastoise|Blastoise, L50, M|100/100\n|switch|p2b: Scovillain|Scovillain, L50, F|100/100\n|turn|1\n|\n|t:|1776642811\n|move|p2a: Blastoise|Protect|p2a: Blastoise\n|-singleturn|p2a: Blastoise|Protect\n|move|p2b: Scovillain|Protect|p2b: Scovillain\n|-singleturn|p2b: Scovillain|Protect\n|move|p1a: Kingambit|Protect|p1a: Kingambit\n|-singleturn|p1a: Kingambit|Protect\n|move|p1b: Sneasler|Coaching|p1a: Kingambit\n|-boost|p1a: Kingambit|atk|1\n|-boost|p1a: Kingambit|def|1\n|\n|-ability|p2b: Scovillain|Moody|boost\n|-boost|p2b: Scovillain|spa|2\n|-unboost|p2b: Scovillain|def|1\n|upkeep\n|turn|2\n|inactive|Aux.Asahina has 30 seconds left.\n|inactive|jasontbest has 30 seconds left.\n|\n|t:|1776642845\n|detailschange|p2b: Scovillain|Scovillain-Mega, L50, F\n|-mega|p2b: Scovillain|Scovillain|Scovillainite\n|move|p2b: Scovillain|Rage Powder|p2b: Scovillain\n|-singleturn|p2b: Scovillain|move: Rage Powder\n|move|p1a: Kingambit|Sucker Punch||[still]\n|-fail|p1a: Kingambit\n|move|p1b: Sneasler|Coaching|p1a: Kingambit\n|-boost|p1a: Kingambit|atk|1\n|-boost|p1a: Kingambit|def|1\n|move|p2a: Blastoise|Shell Smash|p2a: Blastoise\n|-unboost|p2a: Blastoise|def|1\n|-unboost|p2a: Blastoise|spd|1\n|-boost|p2a: Blastoise|atk|2\n|-boost|p2a: Blastoise|spa|2\n|-boost|p2a: Blastoise|spe|2\n|-enditem|p2a: Blastoise|White Herb\n|-clearnegativeboost|p2a: Blastoise|[silent]\n|\n|upkeep\n|turn|3\n|inactive|jasontbest has 30 seconds left.\n|\n|t:|1776642872\n|switch|p1b: Sinistcha|Sinistcha, L50|100/100\n|move|p1a: Kingambit|Protect|p1a: Kingambit\n|-singleturn|p1a: Kingambit|Protect\n|move|p2a: Blastoise|Water Spout|p1a: Kingambit|[spread] p1b\n|-activate|p1a: Kingambit|move: Protect\n|-resisted|p1b: Sinistcha|1\n|-damage|p1b: Sinistcha|59/100\n|move|p2b: Scovillain|Flamethrower|p1a: Kingambit\n|-activate|p1a: Kingambit|move: Protect\n|\n|-heal|p1b: Sinistcha|65/100|[from] item: Leftovers\n|upkeep\n|turn|4\n|inactive|Aux.Asahina has 30 seconds left.\n|inactive|jasontbest has 30 seconds left.\n|inactive|jasontbest has 20 seconds left.\n|inactive|jasontbest has 15 seconds left.\n|inactive|jasontbest has 10 seconds left.\n|\n|t:|1776642918\n|move|p2a: Blastoise|Protect|p2a: Blastoise\n|-singleturn|p2a: Blastoise|Protect\n|move|p1a: Kingambit|Sucker Punch|p2b: Scovillain\n|-damage|p2b: Scovillain|0 fnt\n|-status|p1a: Kingambit|brn|[from] ability: Spicy Spray|[of] p2b: Scovillain\n|faint|p2b: Scovillain\n|move|p1b: Sinistcha|Trick Room|p1b: Sinistcha\n|-fieldstart|move: Trick Room|[of] p1b: Sinistcha\n|\n|-heal|p1b: Sinistcha|71/100|[from] item: Leftovers\n|-damage|p1a: Kingambit|95/100 brn|[from] brn\n|upkeep\n|\n|t:|1776642931\n|switch|p2b: Skeledirge|Skeledirge, L50, F|100/100\n|turn|5\n|\n|t:|1776642952\n|move|p1b: Sinistcha|Rage Powder|p1b: Sinistcha\n|-singleturn|p1b: Sinistcha|move: Rage Powder\n|move|p1a: Kingambit|Sucker Punch|p2a: Blastoise\n|-crit|p2a: Blastoise\n|-damage|p2a: Blastoise|26/100\n|move|p2b: Skeledirge|Torch Song|p1b: Sinistcha\n|-supereffective|p1b: Sinistcha|1\n|-damage|p1b: Sinistcha|16/100\n|-boost|p2b: Skeledirge|spa|1\n|move|p2a: Blastoise|Water Spout|p1a: Kingambit|[spread] p1a,p1b\n|-resisted|p1b: Sinistcha|1\n|-damage|p1a: Kingambit|56/100 brn\n|-damage|p1b: Sinistcha|0 fnt\n|faint|p1b: Sinistcha\n|\n|-damage|p1a: Kingambit|50/100 brn|[from] brn\n|upkeep\n|\n|t:|1776642971\n|switch|p1b: Incineroar|Incineroar, L50, F|100/100\n|-ability|p1b: Incineroar|Intimidate|boost\n|-unboost|p2a: Blastoise|atk|1\n|-unboost|p2b: Skeledirge|atk|1\n|turn|6\n|inactive|Aux.Asahina has 30 seconds left.\n|inactive|jasontbest has 30 seconds left.\n|\n|t:|1776643002\n|move|p2a: Blastoise|Protect|p2a: Blastoise\n|-singleturn|p2a: Blastoise|Protect\n|move|p1b: Incineroar|Fake Out|p2a: Blastoise\n|-activate|p2a: Blastoise|move: Protect\n|move|p1a: Kingambit|Kowtow Cleave|p2b: Skeledirge\n|-supereffective|p2b: Skeledirge|1\n|-damage|p2b: Skeledirge|62/100\n|move|p2b: Skeledirge|Torch Song|p1a: Kingambit\n|-supereffective|p1a: Kingambit|1\n|-damage|p1a: Kingambit|0 fnt\n|-boost|p2b: Skeledirge|spa|1\n|faint|p1a: Kingambit\n|\n|-heal|p2b: Skeledirge|68/100|[from] item: Leftovers\n|upkeep\n|\n|t:|1776643011\n|switch|p1a: Sneasler|Sneasler, L50, F|100/100\n|turn|7\n|inactive|Aux.Asahina has 30 seconds left.\n|inactive|jasontbest has 30 seconds left.\n|\n|t:|1776643042\n|move|p1b: Incineroar|Darkest Lariat|p2b: Skeledirge\n|-supereffective|p2b: Skeledirge|1\n|-damage|p2b: Skeledirge|0 fnt\n|faint|p2b: Skeledirge\n|move|p1a: Sneasler|Rock Slide|p2a: Blastoise\n|-damage|p2a: Blastoise|0 fnt\n|faint|p2a: Blastoise\n|\n|upkeep\n|\n|t:|1776643052\n|switch|p2b: Garchomp|Garchomp, L50, M|100/100\n|turn|8\n|\n|t:|1776643065\n|move|p1b: Incineroar|Parting Shot|p2b: Garchomp\n|-unboost|p2b: Garchomp|atk|1\n|-unboost|p2b: Garchomp|spa|1\n|move|p2b: Garchomp|Earthquake|p1a: Sneasler|[spread] p1a,p1b\n|-supereffective|p1a: Sneasler|1\n|-supereffective|p1b: Incineroar|1\n|-damage|p1a: Sneasler|11/100\n|-damage|p1b: Incineroar|47/100\n|-enditem|p1b: Incineroar|Sitrus Berry|[eat]\n|-heal|p1b: Incineroar|72/100|[from] item: Sitrus Berry\n|move|p1a: Sneasler|Close Combat|p2b: Garchomp\n|-crit|p2b: Garchomp\n|-damage|p2b: Garchomp|11/100\n|-unboost|p1a: Sneasler|def|1\n|-unboost|p1a: Sneasler|spd|1\n|-damage|p1a: Sneasler|0 fnt|[from] ability: Rough Skin|[of] p2b: Garchomp\n|-enditem|p2b: Garchomp|Sitrus Berry|[eat]\n|-heal|p2b: Garchomp|36/100|[from] item: Sitrus Berry\n|faint|p1a: Sneasler\n|\n|-fieldend|move: Trick Room\n|upkeep\n|turn|9\n|\n|t:|1776643090\n|move|p2b: Garchomp|Earthquake|p1b: Incineroar\n|-supereffective|p1b: Incineroar|1\n|-damage|p1b: Incineroar|5/100\n|move|p1b: Incineroar|Flare Blitz|p2b: Garchomp\n|-resisted|p2b: Garchomp|1\n|-damage|p2b: Garchomp|4/100\n|-damage|p1b: Incineroar|0 fnt|[from] ability: Rough Skin|[of] p2b: Garchomp\n|faint|p1b: Incineroar\n|\n|win|jasontbest\n|raw|Aux.Asahina's rating: 1140 &rarr; <strong>1114</strong><br />(-26 for losing)\n|raw|jasontbest's rating: 1132 &rarr; <strong>1158</strong><br />(+26 for winning)\n|c|\u2606Aux.Asahina|owww\n|c|\u2606Aux.Asahina|wp\n|c|\u2606jasontbest|Gg\n|l|\u2606Aux.Asahina\n|player|p1|\n",
  "uploadtime": 1776643283,
  "views": 8,
  "formatid": "gen9championsvgc2026regma",
  "rating": 1114,
  "private": 0,
  "password": null
}