{
  "id": "gen9championsvgc2026regma-2585445293",
  "format": "[Gen 9 Champions] VGC 2026 Reg M-A",
  "players": [
    "czeee___",
    "miseryserp"
  ],
  "log": "|j|\u2606czeee___\n|j|\u2606miseryserp\n|t:|1776347782\n|gametype|doubles\n|player|p1|czeee___|cynthia|1049\n|player|p2|miseryserp|102|1059\n|gen|9\n|tier|[Gen 9 Champions] VGC 2026 Reg M-A\n|rated|\n|rule|Species Clause: Limit one of each Pok\u00e9mon\n|rule|Item Clause: Limit 1 of each item\n|clearpoke\n|poke|p1|Gengar, L50, F|\n|poke|p1|Incineroar, L50, F|\n|poke|p1|Orthworm, L50, M|\n|poke|p1|Sinistcha, L50|\n|poke|p1|Garchomp, L50, M|\n|poke|p1|Gardevoir, L50, M|\n|poke|p2|Altaria, L50, F|\n|poke|p2|Gengar, L50, M|\n|poke|p2|Corviknight, L50, M|\n|poke|p2|Garchomp, L50, F|\n|poke|p2|Clawitzer, L50, F|\n|poke|p2|Rampardos, L50, M|\n|teampreview|4\n|inactive|Battle timer is ON: inactive players will automatically lose when time's up. (requested by czeee___)\nczeee___ rejected open team sheets.\n|inactive|miseryserp has 60 seconds left.\n|\n|t:|1776347835\n|teamsize|p1|4\n|teamsize|p2|4\n|start\n|switch|p1a: Gardevoir|Gardevoir, L50, M|100/100\n|switch|p1b: Gengar|Gengar, L50, F|100/100\n|switch|p2a: Altaria|Altaria, L50, F|100/100\n|switch|p2b: Gengar|Gengar, L50, M|100/100\n|-ability|p2a: Altaria|Cloud Nine\n|turn|1\n|\n|t:|1776347852\n|detailschange|p1b: Gengar|Gengar-Mega, L50, F\n|-mega|p1b: Gengar|Gengar|Gengarite\n|detailschange|p2b: Gengar|Gengar-Mega, L50, M\n|-mega|p2b: Gengar|Gengar|Gengarite\n|move|p1a: Gardevoir|Dazzling Gleam|p2a: Altaria|[spread] p2a,p2b\n|-supereffective|p2a: Altaria|1\n|-resisted|p2b: Gengar|1\n|-damage|p2a: Altaria|39/100\n|-damage|p2b: Gengar|83/100\n|move|p1b: Gengar|Shadow Ball|p2b: Gengar\n|-supereffective|p2b: Gengar|1\n|-damage|p2b: Gengar|0 fnt\n|faint|p2b: Gengar\n|move|p2a: Altaria|Heat Wave|p1a: Gardevoir|[spread] p1a\n|-miss|p2a: Altaria|p1b: Gengar\n|-damage|p1a: Gardevoir|84/100\n|\n|upkeep\n|\n|t:|1776347866\n|switch|p2b: Rampardos|Rampardos, L50, M|100/100\n|-ability|p2b: Rampardos|Mold Breaker\n|turn|2\n|\n|t:|1776347874\n|switch|p1b: Incineroar|Incineroar, L50, F|100/100\n|-ability|p1b: Incineroar|Intimidate|boost\n|-unboost|p2a: Altaria|atk|1\n|-unboost|p2b: Rampardos|atk|1\n|-enditem|p2a: Altaria|White Herb\n|-clearnegativeboost|p2a: Altaria|[silent]\n|move|p2a: Altaria|Protect|p2a: Altaria\n|-singleturn|p2a: Altaria|Protect\n|move|p1a: Gardevoir|Dazzling Gleam|p2a: Altaria|[spread] p2b\n|-activate|p2a: Altaria|move: Protect\n|-damage|p2b: Rampardos|51/100\n|move|p2b: Rampardos|Substitute|p2b: Rampardos\n|-start|p2b: Rampardos|Substitute\n|-damage|p2b: Rampardos|26/100\n|\n|upkeep\n|turn|3\n|inactive|miseryserp has 30 seconds left.\n|inactive|czeee___ has 30 seconds left.\n|\n|t:|1776347910\n|move|p1a: Gardevoir|Dazzling Gleam|p2b: Rampardos|[spread] p2a,p2b\n|-end|p2b: Rampardos|Substitute\n|-supereffective|p2a: Altaria|1\n|-damage|p2a: Altaria|0 fnt\n|faint|p2a: Altaria\n|move|p1b: Incineroar|Parting Shot|p2b: Rampardos\n|-unboost|p2b: Rampardos|atk|1\n|-unboost|p2b: Rampardos|spa|1\n|\n|t:|1776347917\n|switch|p1b: Orthworm|Orthworm, L50, M|100/100|[from] Parting Shot\n|move|p2b: Rampardos|Rock Slide|p1b: Orthworm|[spread] p1a,p1b\n|-resisted|p1b: Orthworm|1\n|-damage|p1a: Gardevoir|52/100\n|-damage|p1b: Orthworm|95/100\n|\n|upkeep\n|\n|t:|1776347926\n|switch|p2a: Corviknight|Corviknight, L50, M|100/100\n|turn|4\n|\n|t:|1776347935\n|switch|p1a: Incineroar|Incineroar, L50, F|100/100\n|-ability|p1a: Incineroar|Intimidate|boost\n|-ability|p2a: Corviknight|Mirror Armor\n|-unboost|p1a: Incineroar|atk|1\n|-unboost|p2b: Rampardos|atk|1\n|move|p2a: Corviknight|Tailwind|p2a: Corviknight\n|-sidestart|p2: miseryserp|move: Tailwind\n|move|p2b: Rampardos|Rock Slide|p1a: Incineroar|[spread] p1a,p1b\n|-supereffective|p1a: Incineroar|1\n|-resisted|p1b: Orthworm|1\n|-damage|p1a: Incineroar|77/100\n|-damage|p1b: Orthworm|90/100\n|move|p1b: Orthworm|Body Press|p2b: Rampardos\n|-supereffective|p2b: Rampardos|1\n|-damage|p2b: Rampardos|0 fnt\n|faint|p2b: Rampardos\n|\n|upkeep\n|turn|5\n|\n|t:|1776347951\n|switch|p1b: Gengar|Gengar-Mega, L50, F|100/100\n|move|p2a: Corviknight|Substitute|p2a: Corviknight\n|-start|p2a: Corviknight|Substitute\n|-damage|p2a: Corviknight|75/100\n|move|p1a: Incineroar|Parting Shot|p2a: Corviknight\n|-ability|p2a: Corviknight|Mirror Armor\n|-unboost|p1a: Incineroar|atk|1\n|-ability|p2a: Corviknight|Mirror Armor\n|-unboost|p1a: Incineroar|spa|1\n|\n|t:|1776347953\n|switch|p1a: Gardevoir|Gardevoir, L50, M|52/100|[from] Parting Shot\n|\n|upkeep\n|turn|6\n|\n|t:|1776347961\n|move|p1a: Gardevoir|Encore|p2a: Corviknight\n|-start|p2a: Corviknight|Encore\n|-activate|p2a: Corviknight|item: Quick Claw\n|move|p2a: Corviknight|Substitute|p2a: Corviknight\n|-fail|p2a: Corviknight|move: Substitute\n|move|p1b: Gengar|Disable|p2a: Corviknight\n|-start|p2a: Corviknight|Disable|Substitute\n|\n|upkeep\n|turn|7\n|\n|t:|1776347974\n|switch|p1a: Incineroar|Incineroar, L50, F|77/100\n|-ability|p1a: Incineroar|Intimidate|boost\n|-immune|p2a: Corviknight\n|-activate|p2a: Corviknight|move: Struggle\n|move|p2a: Corviknight|Struggle|p1b: Gengar\n|-damage|p1b: Gengar|86/100\n|-damage|p2a: Corviknight|50/100|[from] recoil\n|move|p1b: Gengar|Nasty Plot|p1b: Gengar\n|-boost|p1b: Gengar|spa|2\n|\n|-sideend|p2: miseryserp|move: Tailwind\n|upkeep\n|turn|8\n|\n|t:|1776347985\n|switch|p1b: Gardevoir|Gardevoir, L50, M|52/100\n|-activate|p2a: Corviknight|move: Struggle\n|move|p2a: Corviknight|Struggle|p1b: Gardevoir\n|-damage|p1b: Gardevoir|31/100\n|-damage|p2a: Corviknight|25/100|[from] recoil\n|move|p1a: Incineroar|Flare Blitz|p2a: Corviknight\n|-supereffective|p2a: Corviknight|1\n|-end|p2a: Corviknight|Substitute\n|-damage|p1a: Incineroar|69/100|[from] Recoil|[of] p2a: Corviknight\n|\n|-end|p2a: Corviknight|Encore\n|upkeep\n|turn|9\n|-activate|p2a: Corviknight|item: Quick Claw\n|\n|t:|1776347997\n|switch|p1a: Gengar|Gengar-Mega, L50, F|86/100\n|move|p2a: Corviknight|Iron Head|p1b: Gardevoir\n|-supereffective|p1b: Gardevoir|1\n|-damage|p1b: Gardevoir|0 fnt\n|faint|p1b: Gardevoir\n|\n|upkeep\n|\n|t:|1776348003\n|switch|p1b: Incineroar|Incineroar, L50, F|69/100\n|-ability|p1b: Incineroar|Intimidate|boost\n|-ability|p2a: Corviknight|Mirror Armor\n|-unboost|p1b: Incineroar|atk|1\n|turn|10\n|-activate|p2a: Corviknight|item: Quick Claw\n|\n|t:|1776348011\n|move|p2a: Corviknight|Hurricane|p1a: Gengar\n|-damage|p1a: Gengar|60/100\n|move|p1a: Gengar|Shadow Ball|p2a: Corviknight\n|-damage|p2a: Corviknight|0 fnt\n|faint|p2a: Corviknight\n|\n|win|czeee___\n|raw|czeee___'s rating: 1049 &rarr; <strong>1083</strong><br />(+34 for winning)\n|raw|miseryserp's rating: 1059 &rarr; <strong>1040</strong><br />(-19 for losing)\n|l|\u2606miseryserp\n|player|p2|\n",
  "uploadtime": 1776348019,
  "views": 37,
  "formatid": "gen9championsvgc2026regma",
  "rating": 1040,
  "private": 0,
  "password": null
}