{
  "id": "gen9championsvgc2026regma-2588346667",
  "format": "[Gen 9 Champions] VGC 2026 Reg M-A",
  "players": [
    "24Smguld",
    "1#MiraidonHater"
  ],
  "log": "|j|\u260624Smguld\n|j|\u26061#MiraidonHater\n|t:|1776625983\n|gametype|doubles\n|player|p1|24Smguld|102|1469\n|player|p2|1#MiraidonHater|volkner|1484\n|gen|9\n|tier|[Gen 9 Champions] VGC 2026 Reg M-A\n|rated|\n|rule|Species Clause: Limit one of each Pok\u00e9mon\n|rule|Item Clause: Limit 1 of each item\n|clearpoke\n|poke|p1|Meganium, L50, F|\n|poke|p1|Aerodactyl, L50, F|\n|poke|p1|Incineroar, L50, F|\n|poke|p1|Farigiraf, L50, F|\n|poke|p1|Kingambit, L50, F|\n|poke|p1|Basculegion, L50, M|\n|poke|p2|Gardevoir, L50, M|\n|poke|p2|Basculegion, L50, M|\n|poke|p2|Tsareena, L50, F|\n|poke|p2|Incineroar, L50, M|\n|poke|p2|Pelipper, L50, M|\n|poke|p2|Archaludon, L50, F|\n|teampreview|4\n|j| B. Farro\n|\n|t:|1776626024\n|teamsize|p1|4\n|teamsize|p2|4\n|start\n|switch|p1a: Incineroar|Incineroar, L50, F|100/100\n|switch|p1b: Farigiraf|Farigiraf, L50, F|100/100\n|switch|p2a: EVERY LAST DROP|Archaludon, L50, F|100/100\n|switch|p2b: Bishow|Gardevoir, L50, M|100/100\n|-ability|p2b: Bishow|Intimidate|Trace|[from] ability: Trace|[of] p1a: Incineroar\n|-ability|p2b: Bishow|Intimidate|boost\n|-unboost|p1a: Incineroar|atk|1\n|-unboost|p1b: Farigiraf|atk|1\n|-ability|p1a: Incineroar|Intimidate|boost\n|-unboost|p2a: EVERY LAST DROP|atk|1\n|-unboost|p2b: Bishow|atk|1\n|turn|1\n|\n|t:|1776626042\n|detailschange|p2b: Bishow|Gardevoir-Mega, L50, M\n|-mega|p2b: Bishow|Gardevoir|Gardevoirite\n|move|p1a: Incineroar|Fake Out|p2b: Bishow\n|-damage|p2b: Bishow|87/100\n|cant|p2b: Bishow|flinch\n|move|p2a: EVERY LAST DROP|Electro Shot||[still]\n|-prepare|p2a: EVERY LAST DROP|Electro Shot\n|-boost|p2a: EVERY LAST DROP|spa|1\n|move|p1b: Farigiraf|Trick Room|p1b: Farigiraf\n|-fieldstart|move: Trick Room|[of] p1b: Farigiraf\n|\n|upkeep\n|turn|2\n|j| HoleyMole\n|\n|t:|1776626061\n|move|p1b: Farigiraf|Hyper Voice|p2a: EVERY LAST DROP|[spread] p2a,p2b\n|-resisted|p2a: EVERY LAST DROP|1\n|-damage|p2a: EVERY LAST DROP|74/100\n|-damage|p2b: Bishow|60/100\n|move|p1a: Incineroar|Flare Blitz|p2a: EVERY LAST DROP\n|-damage|p2a: EVERY LAST DROP|39/100\n|-damage|p1a: Incineroar|91/100|[from] Recoil\n|move|p2a: EVERY LAST DROP|Electro Shot|p1a: Incineroar|[from] lockedmove\n|-damage|p1a: Incineroar|0 fnt\n|faint|p1a: Incineroar\n|move|p2b: Bishow|Calm Mind|p2b: Bishow\n|-boost|p2b: Bishow|spa|1\n|-boost|p2b: Bishow|spd|1\n|\n|upkeep\n|\n|t:|1776626082\n|switch|p1a: Meganium|Meganium, L50, F|100/100\n|turn|3\n|\n|t:|1776626093\n|switch|p2a: Bohemian Rhapsody|Pelipper, L50, M|100/100\n|-weather|RainDance|[from] ability: Drizzle|[of] p2a: Bohemian Rhapsody\n|detailschange|p1a: Meganium|Meganium-Mega, L50, F\n|-mega|p1a: Meganium|Meganium|Meganiumite\n|move|p2b: Bishow|Protect|p2b: Bishow\n|-singleturn|p2b: Bishow|Protect\n|move|p1b: Farigiraf|Hyper Voice|p2a: Bohemian Rhapsody|[spread] p2a\n|-activate|p2b: Bishow|move: Protect\n|-damage|p2a: Bohemian Rhapsody|46/100\n|move|p1a: Meganium|Dazzling Gleam|p2a: Bohemian Rhapsody|[spread] p2a\n|-activate|p2b: Bishow|move: Protect\n|-damage|p2a: Bohemian Rhapsody|0 fnt\n|faint|p2a: Bohemian Rhapsody\n|\n|-weather|RainDance|[upkeep]\n|upkeep\n|\n|t:|1776626114\n|switch|p2a: EVERY LAST DROP|Archaludon, L50, F|39/100\n|turn|4\n|\n|t:|1776626124\n|move|p1b: Farigiraf|Hyper Voice|p2a: EVERY LAST DROP|[spread] p2a,p2b\n|-resisted|p2a: EVERY LAST DROP|1\n|-damage|p2a: EVERY LAST DROP|14/100\n|-damage|p2b: Bishow|40/100\n|move|p1a: Meganium|Dazzling Gleam|p2b: Bishow|[spread] p2a,p2b\n|-damage|p2a: EVERY LAST DROP|0 fnt\n|-damage|p2b: Bishow|21/100\n|faint|p2a: EVERY LAST DROP\n|move|p2b: Bishow|Hyper Voice|p1a: Meganium|[spread] p1a,p1b\n|-damage|p1a: Meganium|41/100\n|-damage|p1b: Farigiraf|23/100\n|\n|-weather|RainDance|[upkeep]\n|upkeep\n|\n|t:|1776626134\n|switch|p2a: Killer Queen|Tsareena, L50, F|100/100\n|turn|5\n|\n|t:|1776626160\n|move|p2a: Killer Queen|Protect|p2a: Killer Queen\n|-singleturn|p2a: Killer Queen|Protect\n|move|p2b: Bishow|Protect|p2b: Bishow\n|-singleturn|p2b: Bishow|Protect\n|move|p1b: Farigiraf|Hyper Voice|p2a: Killer Queen|[spread] \n|-activate|p2a: Killer Queen|move: Protect\n|-activate|p2b: Bishow|move: Protect\n|move|p1a: Meganium|Weather Ball|p2a: Killer Queen\n|-activate|p2a: Killer Queen|move: Protect\n|\n|-weather|RainDance|[upkeep]\n|-fieldend|move: Trick Room\n|upkeep\n|turn|6\n|\n|t:|1776626185\n|move|p1a: Meganium|Protect|p1a: Meganium\n|-singleturn|p1a: Meganium|Protect\n|move|p2b: Bishow|Hyper Voice|p1a: Meganium|[spread] p1b\n|-activate|p1a: Meganium|move: Protect\n|-damage|p1b: Farigiraf|0 fnt\n|faint|p1b: Farigiraf\n|move|p2a: Killer Queen|Low Kick|p1a: Meganium\n|-activate|p1a: Meganium|move: Protect\n|\n|-weather|RainDance|[upkeep]\n|upkeep\n|\n|t:|1776626198\n|switch|p1b: Kingambit|Kingambit, L50, F|100/100\n|turn|7\n|\n|t:|1776626206\n|move|p1b: Kingambit|Sucker Punch||[still]\n|cant|p2a: Killer Queen|ability: Queenly Majesty|Sucker Punch|[of] p1b: Kingambit\n|move|p2b: Bishow|Hyper Voice|p1b: Kingambit|[spread] p1a,p1b\n|-damage|p1a: Meganium|0 fnt\n|-damage|p1b: Kingambit|33/100\n|faint|p1a: Meganium\n|move|p2a: Killer Queen|Low Kick|p1b: Kingambit\n|-supereffective|p1b: Kingambit|2\n|-enditem|p1b: Kingambit|Chople Berry|[eat]\n|-enditem|p1b: Kingambit|Chople Berry|[weaken]\n|-damage|p1b: Kingambit|0 fnt\n|faint|p1b: Kingambit\n|\n|win|1#MiraidonHater\n",
  "uploadtime": 1776625985,
  "views": 9,
  "formatid": "gen9championsvgc2026regma",
  "rating": null,
  "private": 0,
  "password": null
}