{
  "id": "gen9championsvgc2026regma-2588474970",
  "format": "[Gen 9 Champions] VGC 2026 Reg M-A",
  "players": [
    "bignsenek44",
    "adagerna"
  ],
  "log": "|j|\u2606bignsenek44\n|j|\u2606adagerna\n|t:|1776636811\n|gametype|doubles\n|player|p1|bignsenek44|169|1027\n|player|p2|adagerna|266|1084\n|gen|9\n|tier|[Gen 9 Champions] VGC 2026 Reg M-A\n|rated|\n|rule|Species Clause: Limit one of each Pok\u00e9mon\n|rule|Item Clause: Limit 1 of each item\n|clearpoke\n|poke|p1|Gardevoir, L50, F, shiny|\n|poke|p1|Aerodactyl, L50, F|\n|poke|p1|Garchomp, L50, M|\n|poke|p1|Sinistcha-Masterpiece, L50|\n|poke|p1|Kingambit, L50, F|\n|poke|p1|Incineroar, L50, M|\n|poke|p2|Manectric, L50, M|\n|poke|p2|Incineroar, L50, F|\n|poke|p2|Ditto, L50|\n|poke|p2|Milotic, L50, F|\n|poke|p2|Aerodactyl, L50, F|\n|poke|p2|Sableye, L50, M|\n|teampreview|4\n|inactive|Battle timer is ON: inactive players will automatically lose when time's up. (requested by adagerna)\n|\n|t:|1776636840\n|teamsize|p1|4\n|teamsize|p2|4\n|start\n|switch|p1a: Sinistcha|Sinistcha-Masterpiece, L50|100/100\n|switch|p1b: Aerodactyl|Aerodactyl, L50, F|100/100\n|switch|p2a: Aerodactyl|Aerodactyl, L50, F|100/100\n|switch|p2b: Milotic|Milotic, L50, F|100/100\n|-ability|p1b: Aerodactyl|Unnerve\n|-ability|p2a: Aerodactyl|Unnerve\n|turn|1\n|\n|t:|1776636863\n|move|p2a: Aerodactyl|Tailwind|p2a: Aerodactyl\n|-sidestart|p2: adagerna|move: Tailwind\n|move|p2b: Milotic|Icy Wind|p1b: Aerodactyl|[spread] p1a,p1b\n|-supereffective|p1a: Sinistcha|1\n|-supereffective|p1b: Aerodactyl|1\n|-crit|p1b: Aerodactyl\n|-damage|p1a: Sinistcha|77/100\n|-damage|p1b: Aerodactyl|49/100\n|-unboost|p1a: Sinistcha|spe|1\n|-unboost|p1b: Aerodactyl|spe|1\n|move|p1b: Aerodactyl|Tailwind|p1b: Aerodactyl\n|-sidestart|p1: bignsenek44|move: Tailwind\n|move|p1a: Sinistcha|Matcha Gotcha|p2a: Aerodactyl|[spread] p2a,p2b\n|-supereffective|p2b: Milotic|1\n|-damage|p2a: Aerodactyl|67/100\n|-heal|p1a: Sinistcha|93/100|[from] drain|[of] p2a: Aerodactyl\n|-damage|p2b: Milotic|67/100\n|-heal|p1a: Sinistcha|100/100|[from] drain|[of] p2b: Milotic\n|\n|-heal|p2b: Milotic|73/100|[from] item: Leftovers\n|upkeep\n|turn|2\n|inactive|adagerna has 30 seconds left.\n|\n|t:|1776636894\n|move|p2a: Aerodactyl|Wide Guard|p2a: Aerodactyl\n|-singleturn|p2a: Aerodactyl|Wide Guard\n|move|p1b: Aerodactyl|Rock Slide|p2b: Milotic|[spread] \n|-activate|p2a: Aerodactyl|move: Wide Guard\n|-activate|p2b: Milotic|move: Wide Guard\n|move|p2b: Milotic|Icy Wind|p1b: Aerodactyl|[spread] p1a,p1b\n|-supereffective|p1a: Sinistcha|1\n|-supereffective|p1b: Aerodactyl|1\n|-damage|p1a: Sinistcha|77/100\n|-damage|p1b: Aerodactyl|15/100\n|-unboost|p1a: Sinistcha|spe|1\n|-unboost|p1b: Aerodactyl|spe|1\n|move|p1a: Sinistcha|Matcha Gotcha|p2a: Aerodactyl|[spread] \n|-activate|p2a: Aerodactyl|move: Wide Guard\n|-activate|p2b: Milotic|move: Wide Guard\n|\n|-heal|p2b: Milotic|79/100|[from] item: Leftovers\n|-heal|p1a: Sinistcha|83/100|[from] item: Leftovers\n|upkeep\n|turn|3\n|\n|t:|1776636915\n|move|p2a: Aerodactyl|Wide Guard|p2a: Aerodactyl\n|-singleturn|p2a: Aerodactyl|Wide Guard\n|move|p2b: Milotic|Scald|p1b: Aerodactyl\n|-supereffective|p1b: Aerodactyl|1\n|-damage|p1b: Aerodactyl|0 fnt\n|faint|p1b: Aerodactyl\n|move|p1a: Sinistcha|Trick Room|p1a: Sinistcha\n|-fieldstart|move: Trick Room|[of] p1a: Sinistcha\n|\n|-heal|p1a: Sinistcha|89/100|[from] item: Leftovers\n|-heal|p2b: Milotic|85/100|[from] item: Leftovers\n|upkeep\n|\n|t:|1776636925\n|switch|p1b: Gardevoir|Gardevoir, L50, F, shiny|100/100\n|turn|4\n|\n|t:|1776636937\n|detailschange|p1b: Gardevoir|Gardevoir-Mega, L50, F, shiny\n|-mega|p1b: Gardevoir|Gardevoir|Gardevoirite\n|move|p2a: Aerodactyl|Protect||[still]\n|-fail|p2a: Aerodactyl\n|move|p1a: Sinistcha|Matcha Gotcha|p2a: Aerodactyl|[spread] p2a,p2b\n|-supereffective|p2b: Milotic|1\n|-damage|p2a: Aerodactyl|33/100\n|-heal|p1a: Sinistcha|100/100|[from] drain|[of] p2a: Aerodactyl\n|-damage|p2b: Milotic|55/100\n|-status|p2b: Milotic|brn\n|move|p1b: Gardevoir|Hyper Voice|p2a: Aerodactyl|[spread] p2a,p2b\n|-damage|p2a: Aerodactyl|0 fnt\n|-damage|p2b: Milotic|28/100 brn\n|faint|p2a: Aerodactyl\n|move|p2b: Milotic|Mirror Coat|p1b: Gardevoir\n|-damage|p1b: Gardevoir|30/100\n|\n|-heal|p2b: Milotic|34/100 brn|[from] item: Leftovers\n|-damage|p2b: Milotic|28/100 brn|[from] brn\n|-sideend|p1: bignsenek44|move: Tailwind\n|-sideend|p2: adagerna|move: Tailwind\n|upkeep\n|\n|t:|1776636957\n|switch|p2a: Ditto|Ditto, L50|100/100\n|-transform|p2a: Ditto|p1b: Gardevoir|[from] ability: Imposter\n|turn|5\n|\n|t:|1776636976\n|switch|p1a: Garchomp|Garchomp, L50, M|100/100\n|move|p1b: Gardevoir|Protect|p1b: Gardevoir\n|-singleturn|p1b: Gardevoir|Protect\n|move|p2b: Milotic|Icy Wind|p1a: Garchomp|[spread] p1a\n|-activate|p1b: Gardevoir|move: Protect\n|-supereffective|p1a: Garchomp|2\n|-damage|p1a: Garchomp|56/100\n|-unboost|p1a: Garchomp|spe|1\n|-enditem|p1a: Garchomp|White Herb\n|-clearnegativeboost|p1a: Garchomp|[silent]\n|move|p2a: Ditto|Imprison|p2a: Ditto\n|-start|p2a: Ditto|move: Imprison\n|\n|-heal|p2b: Milotic|34/100 brn|[from] item: Leftovers\n|-damage|p2b: Milotic|28/100 brn|[from] brn\n|upkeep\n|turn|6\n|inactive|bignsenek44 has 30 seconds left.\n|inactive|adagerna has 30 seconds left.\n|c|\u2606bignsenek44|lmao my own strat\n|inactive|bignsenek44 has 20 seconds left.\n|c|\u2606adagerna|lmao\n|inactive|bignsenek44 has 15 seconds left.\n|\n|t:|1776637019\n|switch|p1b: Sinistcha|Sinistcha-Masterpiece, L50|100/100\n|-heal|p1a: Garchomp|81/100|[from] ability: Hospitality|[of] p1b: Sinistcha\n|move|p2b: Milotic|Protect|p2b: Milotic\n|-singleturn|p2b: Milotic|Protect\n|move|p1a: Garchomp|Dragon Claw|p2b: Milotic\n|-activate|p2b: Milotic|move: Protect\n|move|p2a: Ditto|Hyper Voice|p1a: Garchomp|[spread] p1a,p1b\n|-supereffective|p1a: Garchomp|1\n|-damage|p1a: Garchomp|0 fnt\n|-damage|p1b: Sinistcha|48/100\n|faint|p1a: Garchomp\n|\n|-heal|p1b: Sinistcha|54/100|[from] item: Leftovers\n|-heal|p2b: Milotic|34/100 brn|[from] item: Leftovers\n|-damage|p2b: Milotic|28/100 brn|[from] brn\n|upkeep\n|c|\u2606adagerna|like minds\n|\n|t:|1776637028\n|switch|p1a: Gardevoir|Gardevoir-Mega, L50, F, shiny|30/100\n|turn|7\n|c|\u2606adagerna|i do the same but with a farfarig in champs\n|inactive|adagerna has 30 seconds left.\n|\n|t:|1776637056\n|move|p2a: Ditto|Protect|p2a: Ditto\n|-singleturn|p2a: Ditto|Protect\n|move|p1b: Sinistcha|Matcha Gotcha|p2b: Milotic|[spread] p2b\n|-activate|p2a: Ditto|move: Protect\n|-supereffective|p2b: Milotic|1\n|-damage|p2b: Milotic|0 fnt\n|-heal|p1b: Sinistcha|70/100|[from] drain|[of] p2b: Milotic\n|faint|p2b: Milotic\n|-activate|p1a: Gardevoir|move: Struggle\n|move|p1a: Gardevoir|Struggle|p2a: Ditto\n|-activate|p2a: Ditto|move: Protect\n|\n|-heal|p1b: Sinistcha|76/100|[from] item: Leftovers\n|-fieldend|move: Trick Room\n|upkeep\n|\n|t:|1776637069\n|switch|p2b: Manectric|Manectric, L50, M|100/100\n|turn|8\n|\n|t:|1776637077\n|detailschange|p2b: Manectric|Manectric-Mega, L50, M\n|-mega|p2b: Manectric|Manectric|Manectite\n|-ability|p2b: Manectric|Intimidate|boost\n|-unboost|p1a: Gardevoir|atk|1\n|-unboost|p1b: Sinistcha|atk|1\n|move|p2b: Manectric|Snarl|p1b: Sinistcha|[spread] p1a,p1b\n|-supereffective|p1b: Sinistcha|1\n|-damage|p1a: Gardevoir|17/100\n|-damage|p1b: Sinistcha|44/100\n|-unboost|p1a: Gardevoir|spa|1\n|-unboost|p1b: Sinistcha|spa|1\n|-activate|p1a: Gardevoir|move: Struggle\n|move|p1a: Gardevoir|Struggle|p2b: Manectric\n|-damage|p2b: Manectric|91/100\n|-damage|p1a: Gardevoir|0 fnt|[from] recoil\n|faint|p1a: Gardevoir\n|move|p2a: Ditto|Hyper Voice|p1b: Sinistcha\n|-damage|p1b: Sinistcha|0 fnt\n|faint|p1b: Sinistcha\n|\n|win|adagerna\n|raw|bignsenek44's rating: 1027 &rarr; <strong>1015</strong><br />(-12 for losing)\n|raw|adagerna's rating: 1084 &rarr; <strong>1107</strong><br />(+23 for winning)\n|c|\u2606bignsenek44|ggs lol\n|c|\u2606adagerna|ggs\n|c|\u2606adagerna|lol\n",
  "uploadtime": 1776637097,
  "views": 16,
  "formatid": "gen9championsvgc2026regma",
  "rating": 1015,
  "private": 0,
  "password": null
}