{
  "id": "gen9championsvgc2026regma-2582873700",
  "format": "[Gen 9 Champions] VGC 2026 Reg M-A",
  "players": [
    "4victor1",
    "Leu_vgc"
  ],
  "log": "|j|\u26064victor1\n|j|\u2606Leu_vgc\n|t:|1776120993\n|gametype|doubles\n|player|p1|4victor1|doctor-gen8|1222\n|player|p2|Leu_vgc|acetrainer|1309\n|gen|9\n|tier|[Gen 9 Champions] VGC 2026 Reg M-A\n|rated|\n|rule|Species Clause: Limit one of each Pok\u00e9mon\n|rule|Item Clause: Limit 1 of each item\n|clearpoke\n|poke|p1|Hatterene, L50, F|\n|poke|p1|Oranguru, L50, M|\n|poke|p1|Sneasler, L50, M|\n|poke|p1|Meowstic-F, L50, F|\n|poke|p1|Whimsicott, L50, M|\n|poke|p1|Tyranitar, L50, F|\n|poke|p2|Tyranitar, L50, M|\n|poke|p2|Excadrill, L50, M|\n|poke|p2|Incineroar, L50, M|\n|poke|p2|Milotic, L50, M|\n|poke|p2|Rotom-Mow, L50|\n|poke|p2|Kommo-o, L50, F|\n|teampreview|4\n|inactive|Battle timer is ON: inactive players will automatically lose when time's up. (requested by 4victor1)\n|\n|t:|1776121017\n|teamsize|p1|4\n|teamsize|p2|4\n|start\n|switch|p1a: Mankira|Sneasler, L50, M|100/100\n|switch|p1b: Sasha|Meowstic-F, L50, F|100/100\n|switch|p2a: Excadrill|Excadrill, L50, M|100/100\n|switch|p2b: Incineroar|Incineroar, L50, M|100/100\n|-ability|p2b: Incineroar|Intimidate|boost\n|-unboost|p1a: Mankira|atk|1\n|-unboost|p1b: Sasha|atk|1\n|-ability|p1b: Sasha|Competitive|boost\n|-boost|p1b: Sasha|spa|2\n|-enditem|p1a: Mankira|White Herb\n|-clearnegativeboost|p1a: Mankira|[silent]\n|turn|1\n|\n|t:|1776121032\n|move|p1b: Sasha|Protect|p1b: Sasha\n|-singleturn|p1b: Sasha|Protect\n|move|p1a: Mankira|Fake Out|p2b: Incineroar\n|-damage|p2b: Incineroar|89/100\n|cant|p2b: Incineroar|flinch\n|move|p2a: Excadrill|High Horsepower|p1a: Mankira\n|-supereffective|p1a: Mankira|1\n|-damage|p1a: Mankira|0 fnt\n|faint|p1a: Mankira\n|\n|upkeep\n|\n|t:|1776121044\n|switch|p1a: 100% Algod\u00e3o|Whimsicott, L50, M|100/100\n|turn|2\n|\n|t:|1776121061\n|switch|p2b: Tyranitar|Tyranitar, L50, M|100/100\n|-weather|Sandstorm|[from] ability: Sand Stream|[of] p2b: Tyranitar\n|detailschange|p1b: Sasha|Meowstic-F-Mega, L50, F\n|-mega|p1b: Sasha|Meowstic|Meowsticite\n|-ability|p1b: Sasha|Sand Rush|Trace|[from] ability: Trace|[of] p2a: Excadrill\n|move|p1a: 100% Algod\u00e3o|Tailwind|p1a: 100% Algod\u00e3o\n|-sidestart|p1: 4victor1|move: Tailwind\n|move|p1b: Sasha|Dark Pulse|p2a: Excadrill\n|-crit|p2a: Excadrill\n|-enditem|p2a: Excadrill|Focus Sash\n|-damage|p2a: Excadrill|1/100\n|move|p2a: Excadrill|High Horsepower|p1b: Sasha\n|-damage|p1b: Sasha|14/100\n|\n|-weather|Sandstorm|[upkeep]\n|-damage|p1a: 100% Algod\u00e3o|95/100|[from] Sandstorm\n|upkeep\n|turn|3\n|inactive|4victor1 has 30 seconds left.\n|inactive|4victor1 has 20 seconds left.\n|\n|t:|1776121098\n|detailschange|p2b: Tyranitar|Tyranitar-Mega, L50, M\n|-mega|p2b: Tyranitar|Tyranitar|Tyranitarite\n|move|p2a: Excadrill|Protect|p2a: Excadrill\n|-singleturn|p2a: Excadrill|Protect\n|move|p1b: Sasha|Alluring Voice|p2b: Tyranitar\n|-supereffective|p2b: Tyranitar|1\n|-damage|p2b: Tyranitar|37/100\n|move|p1a: 100% Algod\u00e3o|Moonblast|p2a: Excadrill\n|-activate|p2a: Excadrill|move: Protect\n|move|p2b: Tyranitar|Rock Slide|p1b: Sasha|[spread] p1a,p1b\n|-damage|p1a: 100% Algod\u00e3o|50/100\n|-damage|p1b: Sasha|0 fnt\n|faint|p1b: Sasha\n|\n|-weather|Sandstorm|[upkeep]\n|-damage|p1a: 100% Algod\u00e3o|44/100|[from] Sandstorm\n|upkeep\n|\n|t:|1776121107\n|switch|p1b: Guinevere|Hatterene, L50, F|100/100\n|turn|4\n|\n|t:|1776121116\n|switch|p2a: Incineroar|Incineroar, L50, M|89/100\n|-ability|p2a: Incineroar|Intimidate|boost\n|-unboost|p1a: 100% Algod\u00e3o|atk|1\n|-unboost|p1b: Guinevere|atk|1\n|move|p2b: Tyranitar|Protect|p2b: Tyranitar\n|-singleturn|p2b: Tyranitar|Protect\n|move|p1a: 100% Algod\u00e3o|Encore|p2a: Incineroar\n|-hint|Since gen 7, Dark is immune to Prankster moves.\n|-immune|p2a: Incineroar\n|move|p1b: Guinevere|Dazzling Gleam|p2b: Tyranitar|[spread] p2a\n|-activate|p2b: Tyranitar|move: Protect\n|-damage|p2a: Incineroar|51/100\n|\n|-weather|Sandstorm|[upkeep]\n|-damage|p1a: 100% Algod\u00e3o|38/100|[from] Sandstorm\n|-damage|p1b: Guinevere|94/100|[from] Sandstorm\n|-damage|p2a: Incineroar|46/100|[from] Sandstorm\n|upkeep\n|turn|5\n|\n|t:|1776121134\n|move|p2a: Incineroar|Fake Out|p1b: Guinevere\n|-damage|p1b: Guinevere|83/100\n|move|p1a: 100% Algod\u00e3o|Moonblast|p2a: Incineroar\n|-damage|p2a: Incineroar|21/100\n|move|p2b: Tyranitar|Rock Slide|p1a: 100% Algod\u00e3o|[spread] p1a\n|-miss|p2b: Tyranitar|p1b: Guinevere\n|-damage|p1a: 100% Algod\u00e3o|0 fnt\n|faint|p1a: 100% Algod\u00e3o\n|cant|p1b: Guinevere|flinch\n|\n|-weather|Sandstorm|[upkeep]\n|-damage|p1b: Guinevere|77/100|[from] Sandstorm\n|-damage|p2a: Incineroar|16/100|[from] Sandstorm\n|-sideend|p1: 4victor1|move: Tailwind\n|upkeep\n|turn|6\n|\n|t:|1776121144\n|move|p2b: Tyranitar|Knock Off|p1b: Guinevere\n|-crit|p1b: Guinevere\n|-damage|p1b: Guinevere|0 fnt\n|-enditem|p1b: Guinevere|Fairy Feather|[from] move: Knock Off|[of] p2b: Tyranitar\n|faint|p1b: Guinevere\n|\n|win|Leu_vgc\n|raw|4victor1's rating: 1222 &rarr; <strong>1203</strong><br />(-19 for losing)\n|raw|Leu_vgc's rating: 1309 &rarr; <strong>1324</strong><br />(+15 for winning)\n|l|\u26064victor1\n|player|p1|\n",
  "uploadtime": 1776121231,
  "views": 36,
  "formatid": "gen9championsvgc2026regma",
  "rating": 1203,
  "private": 0,
  "password": null
}