{
  "id": "gen9championsvgc2026regma-2585475660",
  "format": "[Gen 9 Champions] VGC 2026 Reg M-A",
  "players": [
    "slyvesterccd",
    "gthamsrim"
  ],
  "log": "|j|\u2606slyvesterccd\n|j|\u2606gthamsrim\n|l|\u2606gthamsrim\n|player|p2|\n|t:|1776349893\n|gametype|doubles\n|player|p1|slyvesterccd|265|\n|player|p2|gthamsrim|102|\n|gen|9\n|tier|[Gen 9 Champions] VGC 2026 Reg M-A\n|rule|Species Clause: Limit one of each Pok\u00e9mon\n|rule|Item Clause: Limit 1 of each item\n|clearpoke\n|poke|p1|Gengar, L50, M|\n|poke|p1|Incineroar, L50, M|\n|poke|p1|Kingambit, L50, M|\n|poke|p1|Kommo-o, L50, M|\n|poke|p1|Sinistcha-Masterpiece, L50|\n|poke|p1|Tyranitar, L50, M|\n|poke|p2|Pelipper, L50, F|\n|poke|p2|Jolteon, L50, F|\n|poke|p2|Conkeldurr, L50, F|\n|poke|p2|Hatterene, L50, F|\n|poke|p2|Beartic, L50, M|\n|poke|p2|Arbok, L50, F|\n|teampreview|4\n|j|\u2606gthamsrim\n|player|p2|gthamsrim|102|\n|\n|t:|1776350028\n|teamsize|p1|4\n|teamsize|p2|4\n|start\n|switch|p1a: Incineroar|Incineroar, L50, M|100/100\n|switch|p1b: Kommo-o|Kommo-o, L50, M|100/100\n|switch|p2a: Jolteon|Jolteon, L50, F|100/100\n|switch|p2b: Conkeldurr|Conkeldurr, L50, F|100/100\n|-ability|p1a: Incineroar|Intimidate|boost\n|-unboost|p2a: Jolteon|atk|1\n|-unboost|p2b: Conkeldurr|atk|1\n|turn|1\n|\n|t:|1776350052\n|switch|p2b: Pelipper|Pelipper, L50, F|100/100\n|-weather|RainDance|[from] ability: Drizzle|[of] p2b: Pelipper\n|move|p1a: Incineroar|Fake Out|p2b: Pelipper\n|-damage|p2b: Pelipper|84/100\n|move|p2a: Jolteon|Volt Switch|p1a: Incineroar\n|-damage|p1a: Incineroar|69/100\n|\n|t:|1776350061\n|switch|p2a: Beartic|Beartic, L50, M|100/100|[from] Volt Switch\n|move|p1b: Kommo-o|Clangorous Soul|p1b: Kommo-o\n|-boost|p1b: Kommo-o|atk|1\n|-boost|p1b: Kommo-o|def|1\n|-boost|p1b: Kommo-o|spa|1\n|-boost|p1b: Kommo-o|spd|1\n|-boost|p1b: Kommo-o|spe|1\n|-damage|p1b: Kommo-o|68/100\n|\n|-weather|RainDance|[upkeep]\n|upkeep\n|turn|2\n|\n|t:|1776350082\n|move|p2a: Beartic|Protect|p2a: Beartic\n|-singleturn|p2a: Beartic|Protect\n|move|p1b: Kommo-o|Clanging Scales|p2a: Beartic|[spread] p2b\n|-activate|p2a: Beartic|move: Protect\n|-damage|p2b: Pelipper|4/100\n|-unboost|p1b: Kommo-o|def|1\n|move|p2b: Pelipper|Tailwind|p2b: Pelipper\n|-sidestart|p2: gthamsrim|move: Tailwind\n|move|p1a: Incineroar|Flare Blitz|p2a: Beartic\n|-activate|p2a: Beartic|move: Protect\n|\n|-weather|RainDance|[upkeep]\n|upkeep\n|turn|3\n|\n|t:|1776350103\n|move|p1b: Kommo-o|Protect|p1b: Kommo-o\n|-singleturn|p1b: Kommo-o|Protect\n|move|p2a: Beartic|Icicle Crash|p1b: Kommo-o\n|-activate|p1b: Kommo-o|move: Protect\n|move|p2b: Pelipper|Weather Ball|p1a: Incineroar\n|-supereffective|p1a: Incineroar|1\n|-damage|p1a: Incineroar|0 fnt\n|faint|p1a: Incineroar\n|\n|-weather|RainDance|[upkeep]\n|upkeep\n|\n|t:|1776350115\n|switch|p1a: Kingambit|Kingambit, L50, M, shiny|100/100\n|turn|4\n|\n|t:|1776350134\n|switch|p2b: Conkeldurr|Conkeldurr, L50, F|100/100\n|move|p2a: Beartic|Icicle Crash|p1b: Kommo-o\n|-supereffective|p1b: Kommo-o|1\n|-damage|p1b: Kommo-o|0 fnt\n|faint|p1b: Kommo-o\n|move|p1a: Kingambit|Iron Head|p2a: Beartic\n|-supereffective|p2a: Beartic|1\n|-damage|p2a: Beartic|0 fnt\n|faint|p2a: Beartic\n|\n|-weather|RainDance|[upkeep]\n|upkeep\n|\n|t:|1776350144\n|switch|p1b: Gengar|Gengar, L50, M, shiny|100/100\n|switch|p2a: Jolteon|Jolteon, L50, F|100/100\n|turn|5\n|\n|t:|1776350156\n|detailschange|p1b: Gengar|Gengar-Mega, L50, M, shiny\n|-mega|p1b: Gengar|Gengar|Gengarite\n|move|p1b: Gengar|Protect|p1b: Gengar\n|-singleturn|p1b: Gengar|Protect\n|move|p1a: Kingambit|Sucker Punch|p2a: Jolteon\n|-damage|p2a: Jolteon|10/100\n|move|p2a: Jolteon|Shadow Ball|p1b: Gengar\n|-activate|p1b: Gengar|move: Protect\n|move|p2b: Conkeldurr|Drain Punch|p1a: Kingambit\n|-supereffective|p1a: Kingambit|2\n|-damage|p1a: Kingambit|0 fnt\n|faint|p1a: Kingambit\n|\n|-weather|none\n|-sideend|p2: gthamsrim|move: Tailwind\n|upkeep\n|turn|6\n|\n|t:|1776350173\n|move|p1b: Gengar|Shadow Ball|p2a: Jolteon\n|-damage|p2a: Jolteon|0 fnt\n|faint|p2a: Jolteon\n|move|p2b: Conkeldurr|Knock Off|p1b: Gengar\n|-supereffective|p1b: Gengar|1\n|-damage|p1b: Gengar|20/100\n|\n|upkeep\n|\n|t:|1776350176\n|switch|p2a: Pelipper|Pelipper, L50, F|4/100\n|-weather|RainDance|[from] ability: Drizzle|[of] p2a: Pelipper\n|turn|7\n|\n|t:|1776350197\n|move|p1b: Gengar|Destiny Bond|p1b: Gengar\n|-singlemove|p1b: Gengar|Destiny Bond\n|move|p2a: Pelipper|Weather Ball|p1b: Gengar\n|-damage|p1b: Gengar|0 fnt\n|faint|p1b: Gengar\n|-activate|p1b: Gengar|move: Destiny Bond\n|faint|p2a: Pelipper\n|\n|win|gthamsrim\n|l|\u2606slyvesterccd\n|player|p1|\n|l|\u2606gthamsrim\n|player|p2|\n",
  "uploadtime": 1776350362,
  "views": 24,
  "formatid": "gen9championsvgc2026regma",
  "rating": null,
  "private": 0,
  "password": null
}