{
  "id": "gen9championsvgc2026regma-2583754032",
  "format": "[Gen 9 Champions] VGC 2026 Reg M-A",
  "players": [
    "mura10900",
    "Coco07"
  ],
  "log": "|j|\u2606mura10900\n|j|\u2606Coco07\n|t:|1776195414\n|gametype|doubles\n|player|p1|mura10900|170|1018\n|player|p2|Coco07|265|1107\n|gen|9\n|tier|[Gen 9 Champions] VGC 2026 Reg M-A\n|rated|\n|rule|Species Clause: Limit one of each Pok\u00e9mon\n|rule|Item Clause: Limit 1 of each item\n|clearpoke\n|poke|p1|Lucario, L50, M|\n|poke|p1|Incineroar, L50, F|\n|poke|p1|Zoroark-Hisui, L50, M|\n|poke|p1|Torkoal, L50, M|\n|poke|p1|Gengar, L50, M|\n|poke|p1|Aerodactyl, L50, M|\n|poke|p2|Aerodactyl, L50, M|\n|poke|p2|Heracross, L50, F|\n|poke|p2|Sinistcha, L50|\n|poke|p2|Incineroar, L50, M|\n|poke|p2|Primarina, L50, M|\n|poke|p2|Kingambit, L50, F|\n|teampreview|4\n|inactive|Battle timer is ON: inactive players will automatically lose when time's up. (requested by Coco07)\nmura10900 has agreed to open team sheets.\n|inactive|Coco07 has 60 seconds left.\n|\n|t:|1776195468\n|teamsize|p1|4\n|teamsize|p2|4\n|start\n|switch|p1a: Incineroar|Incineroar, L50, F|100/100\n|switch|p1b: Gengar|Gengar, L50, M|100/100\n|switch|p2a: Aerodactyl|Aerodactyl, L50, M|100/100\n|switch|p2b: Heracross|Heracross, L50, F|100/100\n|-ability|p2a: Aerodactyl|Unnerve\n|turn|1\n|inactive|Coco07 has 30 seconds left.\n|inactive|Coco07 has 20 seconds left.\n|\n|t:|1776195506\n|detailschange|p1b: Gengar|Gengar-Mega, L50, M\n|-mega|p1b: Gengar|Gengar|Gengarite\n|detailschange|p2b: Heracross|Heracross-Mega, L50, F\n|-mega|p2b: Heracross|Heracross|Heracronite\n|move|p1a: Incineroar|Trick|p2a: Aerodactyl\n|-activate|p1a: Incineroar|move: Trick|[of] p2a: Aerodactyl\n|-item|p2a: Aerodactyl|Choice Scarf|[from] move: Trick\n|-item|p1a: Incineroar|Focus Sash|[from] move: Trick\n|move|p2a: Aerodactyl|Tailwind|p2a: Aerodactyl\n|-sidestart|p2: Coco07|move: Tailwind\n|move|p1b: Gengar|Will-O-Wisp|p2b: Heracross\n|-status|p2b: Heracross|brn\n|move|p2b: Heracross|Rock Blast|p1a: Incineroar\n|-damage|p1a: Incineroar|89/100\n|replace|p1a: Zoroark|Zoroark-Hisui, L50, M\n|-end|p1a: Zoroark|Illusion\n|-damage|p1a: Zoroark|77/100\n|-damage|p1a: Zoroark|66/100\n|-damage|p1a: Zoroark|54/100\n|-damage|p1a: Zoroark|41/100\n|-hitcount|p1a: Zoroark|5\n|\n|-damage|p2b: Heracross|95/100 brn|[from] brn\n|upkeep\n|turn|2\n|inactive|Coco07 has 30 seconds left.\n|inactive|mura10900 has 30 seconds left.\n|inactive|Coco07 has 20 seconds left.\n|inactive|Coco07 has 15 seconds left.\n|\n|t:|1776195547\n|switch|p1a: Lucario|Lucario, L50, M|100/100\n|move|p2a: Aerodactyl|Tailwind||[still]\n|-fail|p2a: Aerodactyl\n|move|p1b: Gengar|Disable|p2b: Heracross\n|-start|p2b: Heracross|Disable|Rock Blast\n|cant|p2b: Heracross|Disable|Rock Blast\n|\n|-damage|p2b: Heracross|89/100 brn|[from] brn\n|upkeep\n|turn|3\n|\n|t:|1776195569\n|move|p1a: Lucario|Detect|p1a: Lucario\n|-singleturn|p1a: Lucario|Protect\n|move|p2a: Aerodactyl|Tailwind||[still]\n|-fail|p2a: Aerodactyl\n|move|p1b: Gengar|Shadow Ball|p2b: Heracross\n|-damage|p2b: Heracross|42/100 brn\n|move|p2b: Heracross|Close Combat|p1a: Lucario\n|-activate|p1a: Lucario|move: Protect\n|\n|-damage|p2b: Heracross|36/100 brn|[from] brn\n|upkeep\n|turn|4\n|inactive|Coco07 has 30 seconds left.\n|\n|t:|1776195598\n|switch|p1a: Incineroar|Incineroar, L50, F|41/100\n|move|p2a: Aerodactyl|Tailwind||[still]\n|-fail|p2a: Aerodactyl\n|move|p1b: Gengar|Shadow Ball|p2b: Heracross\n|-damage|p2b: Heracross|0 fnt\n|faint|p2b: Heracross\n|\n|-sideend|p2: Coco07|move: Tailwind\n|upkeep\n|\n|t:|1776195616\n|switch|p2b: Kingambit|Kingambit, L50, F|100/100\n|turn|5\n|\n|t:|1776195627\n|switch|p1a: Lucario|Lucario, L50, M|100/100\n|move|p2a: Aerodactyl|Tailwind|p2a: Aerodactyl\n|-sidestart|p2: Coco07|move: Tailwind\n|move|p1b: Gengar|Will-O-Wisp|p2b: Kingambit\n|-status|p2b: Kingambit|brn\n|move|p2b: Kingambit|Swords Dance|p2b: Kingambit\n|-boost|p2b: Kingambit|atk|2\n|\n|-damage|p2b: Kingambit|95/100 brn|[from] brn\n|upkeep\n|turn|6\n|\n|t:|1776195644\n|move|p2b: Kingambit|Sucker Punch||[still]\n|-fail|p2b: Kingambit\n|move|p2a: Aerodactyl|Tailwind||[still]\n|-fail|p2a: Aerodactyl\n|move|p1b: Gengar|Disable|p2b: Kingambit\n|-start|p2b: Kingambit|Disable|Sucker Punch\n|move|p1a: Lucario|Close Combat|p2b: Kingambit\n|-supereffective|p2b: Kingambit|2\n|-enditem|p2b: Kingambit|Chople Berry|[eat]\n|-enditem|p2b: Kingambit|Chople Berry|[weaken]\n|-damage|p2b: Kingambit|2/100 brn\n|-unboost|p1a: Lucario|def|1\n|-unboost|p1a: Lucario|spd|1\n|\n|-damage|p2b: Kingambit|0 fnt|[from] brn\n|faint|p2b: Kingambit\n|upkeep\n|-message|Coco07 forfeited.\n|\n|win|mura10900\n|raw|mura10900's rating: 1018 &rarr; <strong>1065</strong><br />(+47 for winning)\n|raw|Coco07's rating: 1107 &rarr; <strong>1076</strong><br />(-31 for losing)\n|l|\u2606Coco07\n|player|p2|\n|c|\u2606mura10900|ggs\n",
  "uploadtime": 1776195661,
  "views": 16,
  "formatid": "gen9championsvgc2026regma",
  "rating": 1065,
  "private": 0,
  "password": null
}