{
  "id": "gen9championsvgc2026regma-2584875878",
  "format": "[Gen 9 Champions] VGC 2026 Reg M-A",
  "players": [
    "Ayldus",
    "ninyim26"
  ],
  "log": "|j|\u2606Ayldus\n|j|\u2606ninyim26\n|t:|1776290681\n|gametype|doubles\n|player|p1|Ayldus|265|1059\n|player|p2|ninyim26|169|1052\n|gen|9\n|tier|[Gen 9 Champions] VGC 2026 Reg M-A\n|rated|\n|rule|Species Clause: Limit one of each Pok\u00e9mon\n|rule|Item Clause: Limit 1 of each item\n|clearpoke\n|poke|p1|Aggron, L50, F|\n|poke|p1|Incineroar, L50, F|\n|poke|p1|Basculegion, L50, M|\n|poke|p1|Sinistcha, L50|\n|poke|p1|Dragonite, L50, F|\n|poke|p1|Pelipper, L50, F|\n|poke|p2|Froslass, L50, F|\n|poke|p2|Incineroar, L50, M|\n|poke|p2|Sinistcha, L50|\n|poke|p2|Ditto, L50|\n|poke|p2|Farigiraf, L50, M|\n|poke|p2|Ninetales-Alola, L50, M|\n|teampreview|4\n|inactive|Battle timer is ON: inactive players will automatically lose when time's up. (requested by Ayldus)\n|l|\u2606Ayldus\n|inactive|Ayldus disconnected and has a minute to reconnect!\n|player|p1|\n|j|\u2606Ayldus\n|inactive|Ayldus reconnected and has 65 seconds left.\n|player|p1|Ayldus|265|\n|\n|t:|1776290713\n|teamsize|p1|4\n|teamsize|p2|4\n|start\n|switch|p1a: Incineroar|Incineroar, L50, F|100/100\n|switch|p1b: Basculegion|Basculegion, L50, M|100/100\n|switch|p2a: Froslass|Froslass, L50, F|100/100\n|switch|p2b: Incineroar|Incineroar, L50, M|100/100\n|-ability|p1a: Incineroar|Intimidate|boost\n|-unboost|p2a: Froslass|atk|1\n|-unboost|p2b: Incineroar|atk|1\n|-ability|p2b: Incineroar|Intimidate|boost\n|-unboost|p1a: Incineroar|atk|1\n|-unboost|p1b: Basculegion|atk|1\n|turn|1\n|l|\u2606ninyim26\n|inactive|ninyim26 disconnected and has a minute to reconnect!\n|player|p2|\n|j|\u2606ninyim26\n|inactive|ninyim26 reconnected and has 55 seconds left.\n|player|p2|ninyim26|169|\n|inactive|ninyim26 has 30 seconds left.\n|\n|t:|1776290742\n|move|p2a: Froslass|Protect|p2a: Froslass\n|-singleturn|p2a: Froslass|Protect\n|move|p1a: Incineroar|Fake Out|p2b: Incineroar\n|-damage|p2b: Incineroar|94/100\n|move|p1b: Basculegion|Last Respects|p2a: Froslass\n|-activate|p2a: Froslass|move: Protect\n|cant|p2b: Incineroar|flinch\n|\n|upkeep\n|turn|2\n|inactive|ninyim26 has 30 seconds left.\n|\n|t:|1776290771\n|switch|p1b: Aggron|Aggron, L50, F|100/100\n|switch|p2b: Ditto|Ditto, L50|100/100\n|-transform|p2b: Ditto|p1a: Incineroar|[from] ability: Imposter\n|-ability|p2b: Ditto|Intimidate|boost\n|-unboost|p1a: Incineroar|atk|1\n|-unboost|p1b: Aggron|atk|1\n|detailschange|p2a: Froslass|Froslass-Mega, L50, F\n|-mega|p2a: Froslass|Froslass|Froslassite\n|-weather|Snowscape|[from] ability: Snow Warning|[of] p2a: Froslass\n|move|p2a: Froslass|Aurora Veil|p2a: Froslass\n|-sidestart|p2: ninyim26|move: Aurora Veil\n|move|p1a: Incineroar|Parting Shot|p2a: Froslass\n|-unboost|p2a: Froslass|atk|1\n|-unboost|p2a: Froslass|spa|1\n|inactive|Ayldus has 30 seconds left.\n|\n|t:|1776290799\n|switch|p1a: Pelipper|Pelipper, L50, F|100/100|[from] Parting Shot\n|-weather|RainDance|[from] ability: Drizzle|[of] p1a: Pelipper\n|\n|-weather|RainDance|[upkeep]\n|upkeep\n|turn|3\n|inactive|ninyim26 has 30 seconds left.\n|\n|t:|1776290836\n|switch|p2a: Incineroar|Incineroar, L50, M|94/100\n|-ability|p2a: Incineroar|Intimidate|boost\n|-unboost|p1a: Pelipper|atk|1\n|-unboost|p1b: Aggron|atk|1\n|detailschange|p1b: Aggron|Aggron-Mega, L50, F\n|-mega|p1b: Aggron|Aggron|Aggronite\n|move|p1a: Pelipper|Protect|p1a: Pelipper\n|-singleturn|p1a: Pelipper|Protect\n|move|p2b: Ditto|Fake Out|p1a: Pelipper\n|-activate|p1a: Pelipper|move: Protect\n|move|p1b: Aggron|Iron Defense|p1b: Aggron\n|-boost|p1b: Aggron|def|2\n|\n|-weather|RainDance|[upkeep]\n|upkeep\n|turn|4\n|\n|t:|1776290854\n|switch|p2b: Froslass|Froslass-Mega, L50, F|100/100\n|-weather|Snowscape|[from] ability: Snow Warning|[of] p2b: Froslass\n|move|p2a: Incineroar|Fake Out|p1b: Aggron\n|-resisted|p1b: Aggron|1\n|-damage|p1b: Aggron|99/100\n|move|p1a: Pelipper|Tailwind|p1a: Pelipper\n|-sidestart|p1: Ayldus|move: Tailwind\n|cant|p1b: Aggron|flinch\n|\n|-weather|Snowscape|[upkeep]\n|upkeep\n|turn|5\n|l|\u2606Ayldus\n|inactive|Ayldus disconnected and has a minute to reconnect!\n|player|p1|\n|j|\u2606Ayldus\n|inactive|Ayldus reconnected.\n|player|p1|Ayldus|265|\n|inactive|ninyim26 has 30 seconds left.\n|\n|t:|1776290880\n|switch|p2b: Sinistcha|Sinistcha, L50|100/100\n|-heal|p2a: Incineroar|100/100|[from] ability: Hospitality|[of] p2b: Sinistcha\n|switch|p2a: Ditto|Ditto, L50|100/100\n|-transform|p2a: Ditto|p1b: Aggron|[from] ability: Imposter\n|move|p1a: Pelipper|Weather Ball|p2a: Ditto\n|-resisted|p2a: Ditto|1\n|-damage|p2a: Ditto|92/100\n|move|p1b: Aggron|Heavy Slam|p2b: Sinistcha\n|-damage|p2b: Sinistcha|84/100\n|\n|-weather|Snowscape|[upkeep]\n|upkeep\n|turn|6\n|\n|t:|1776290903\n|move|p1b: Aggron|Protect|p1b: Aggron\n|-singleturn|p1b: Aggron|Protect\n|move|p1a: Pelipper|Hurricane|p2b: Sinistcha\n|-supereffective|p2b: Sinistcha|1\n|-damage|p2b: Sinistcha|30/100\n|move|p2a: Ditto|Body Press|p1b: Aggron\n|-activate|p1b: Aggron|move: Protect\n|move|p2b: Sinistcha|Pain Split|p1a: Pelipper\n|-sethp|p1a: Pelipper|69/100|[from] move: Pain Split|[silent]\n|-sethp|p2b: Sinistcha|53/100|[from] move: Pain Split\n|\n|-weather|Snowscape|[upkeep]\n|-sideend|p2: ninyim26|move: Aurora Veil\n|upkeep\n|turn|7\n|\n|t:|1776290924\n|switch|p1a: Incineroar|Incineroar, L50, F|100/100\n|-ability|p1a: Incineroar|Intimidate|boost\n|-unboost|p2a: Ditto|atk|1\n|-unboost|p2b: Sinistcha|atk|1\n|move|p2b: Sinistcha|Protect|p2b: Sinistcha\n|-singleturn|p2b: Sinistcha|Protect\n|move|p1b: Aggron|Body Press|p2a: Ditto\n|-supereffective|p2a: Ditto|1\n|-damage|p2a: Ditto|62/100\n|move|p2a: Ditto|Body Press|p1b: Aggron\n|-supereffective|p1b: Aggron|1\n|-damage|p1b: Aggron|70/100\n|\n|-weather|Snowscape|[upkeep]\n|-sideend|p1: Ayldus|move: Tailwind\n|upkeep\n|turn|8\n|\n|t:|1776290941\n|switch|p1b: Pelipper|Pelipper, L50, F|69/100\n|-weather|RainDance|[from] ability: Drizzle|[of] p1b: Pelipper\n|move|p2a: Ditto|Body Press|p1a: Incineroar\n|-supereffective|p1a: Incineroar|1\n|-damage|p1a: Incineroar|0 fnt\n|faint|p1a: Incineroar\n|move|p2b: Sinistcha|Life Dew|p2b: Sinistcha|[spread] p2a,p2b\n|-heal|p2a: Ditto|88/100\n|-heal|p2b: Sinistcha|79/100\n|\n|-weather|RainDance|[upkeep]\n|upkeep\n|-message|Ayldus forfeited.\n|\n|win|ninyim26\n|raw|Ayldus's rating: 1059 &rarr; <strong>1040</strong><br />(-19 for losing)\n|raw|ninyim26's rating: 1052 &rarr; <strong>1085</strong><br />(+33 for winning)\n|l|\u2606Ayldus\n|player|p1|\n",
  "uploadtime": 1776290957,
  "views": 20,
  "formatid": "gen9championsvgc2026regma",
  "rating": 1040,
  "private": 0,
  "password": null
}