{
  "id": "gen9championsvgc2026regma-2584793046",
  "format": "[Gen 9 Champions] VGC 2026 Reg M-A",
  "players": [
    "ascasf",
    "hellopops3"
  ],
  "log": "|j|\u2606ascasf\n|j|\u2606hellopops3\n|t:|1776284049\n|gametype|doubles\n|player|p1|ascasf|265|1020\n|player|p2|hellopops3|1|1000\n|gen|9\n|tier|[Gen 9 Champions] VGC 2026 Reg M-A\n|rated|\n|rule|Species Clause: Limit one of each Pok\u00e9mon\n|rule|Item Clause: Limit 1 of each item\n|clearpoke\n|poke|p1|Glimmora, L50, F|\n|poke|p1|Dragonite, L50, F|\n|poke|p1|Tyranitar, L50, F|\n|poke|p1|Mamoswine, L50, F|\n|poke|p1|Alakazam, L50, M|\n|poke|p1|Ninetales-Alola, L50, M|\n|poke|p2|Pikachu, L50, M|\n|poke|p2|Starmie, L50|\n|poke|p2|Pelipper, L50, F|\n|poke|p2|Dragonite, L50, M|\n|poke|p2|Garchomp, L50, F|\n|poke|p2|Sneasler, L50, F|\n|teampreview|4\nhellopops3 has agreed to open team sheets.\n|\n|t:|1776284109\n|teamsize|p1|4\n|teamsize|p2|4\n|start\n|switch|p1a: Dragonite|Dragonite, L50, F|100/100\n|switch|p1b: Alakazam|Alakazam, L50, M, shiny|100/100\n|switch|p2a: Pikachu|Pikachu, L50, M|100/100\n|switch|p2b: Starmie|Starmie, L50|100/100\n|turn|1\n|inactive|Battle timer is ON: inactive players will automatically lose when time's up. (requested by ascasf)\n|\n|t:|1776284139\n|detailschange|p2b: Starmie|Starmie-Mega, L50\n|-mega|p2b: Starmie|Starmie|Starminite\n|move|p2a: Pikachu|Fake Out|p1b: Alakazam\n|-damage|p1b: Alakazam|73/100\n|move|p1b: Alakazam|Energy Ball|p2b: Starmie\n|-supereffective|p2b: Starmie|1\n|-damage|p2b: Starmie|41/100\n|move|p2b: Starmie|Skill Swap|p2a: Pikachu\n|-activate|p2b: Starmie|Skill Swap|||[of] p2a: Pikachu\n|move|p1a: Dragonite|Tailwind|p1a: Dragonite\n|-sidestart|p1: ascasf|move: Tailwind\n|\n|upkeep\n|turn|2\n|inactive|ascasf has 30 seconds left.\n|\n|t:|1776284165\n|move|p1b: Alakazam|Ally Switch|p1b: Alakazam\n|swap|p1b: Alakazam|0|[from] move: Ally Switch\n|move|p1b: Dragonite|Breaking Swipe|p2b: Starmie|[spread] p2a,p2b\n|-damage|p2a: Pikachu|65/100\n|-damage|p2b: Starmie|19/100\n|-unboost|p2a: Pikachu|atk|1\n|-unboost|p2b: Starmie|atk|1\n|move|p2b: Starmie|Liquidation|p1b: Dragonite\n|-resisted|p1b: Dragonite|1\n|-damage|p1b: Dragonite|92/100\n|move|p2a: Pikachu|Volt Tackle|p2b: Starmie\n|-activate|p2b: Starmie|ability: Lightning Rod\n|-ability|p2b: Starmie|Lightning Rod|boost\n|-boost|p2b: Starmie|spa|1\n|\n|upkeep\n|turn|3\n|\n|t:|1776284186\n|move|p1a: Alakazam|Energy Ball|p2b: Starmie\n|-supereffective|p2b: Starmie|1\n|-damage|p2b: Starmie|0 fnt\n|faint|p2b: Starmie\n|move|p1b: Dragonite|Breaking Swipe|p2a: Pikachu\n|-damage|p2a: Pikachu|20/100\n|-unboost|p2a: Pikachu|atk|1\n|move|p2a: Pikachu|Knock Off|p1a: Alakazam\n|-supereffective|p1a: Alakazam|1\n|-damage|p1a: Alakazam|0 fnt\n|-enditem|p1a: Alakazam|Twisted Spoon|[from] move: Knock Off|[of] p2a: Pikachu\n|faint|p1a: Alakazam\n|\n|upkeep\n|\n|t:|1776284202\n|switch|p1a: Mamoswine|Mamoswine, L50, F|100/100\n|switch|p2b: Pelipper|Pelipper, L50, F|100/100\n|-weather|RainDance|[from] ability: Drizzle|[of] p2b: Pelipper\n|turn|4\n|\n|t:|1776284223\n|move|p1a: Mamoswine|Rock Tomb|p2b: Pelipper\n|-supereffective|p2b: Pelipper|1\n|-damage|p2b: Pelipper|67/100\n|-unboost|p2b: Pelipper|spe|1\n|move|p1b: Dragonite|Tailwind||[still]\n|-fail|p1b: Dragonite\n|move|p2a: Pikachu|Knock Off|p1b: Dragonite\n|-damage|p1b: Dragonite|71/100\n|-enditem|p1b: Dragonite|Yache Berry|[from] move: Knock Off|[of] p2a: Pikachu\n|move|p2b: Pelipper|Weather Ball|p1a: Mamoswine\n|-supereffective|p1a: Mamoswine|1\n|-damage|p1a: Mamoswine|0 fnt\n|faint|p1a: Mamoswine\n|\n|-weather|RainDance|[upkeep]\n|-sideend|p1: ascasf|move: Tailwind\n|upkeep\n|\n|t:|1776284240\n|switch|p1a: Tyranitar|Tyranitar, L50, F|100/100\n|-weather|Sandstorm|[from] ability: Sand Stream|[of] p1a: Tyranitar\n|turn|5\n|\n|t:|1776284248\n|switch|p2b: Sneasler|Sneasler, L50, F|100/100\n|move|p2a: Pikachu|Knock Off|p1a: Tyranitar\n|-resisted|p1a: Tyranitar|1\n|-damage|p1a: Tyranitar|92/100\n|-enditem|p1a: Tyranitar|Chople Berry|[from] move: Knock Off|[of] p2a: Pikachu\n|move|p1b: Dragonite|Tailwind|p1b: Dragonite\n|-sidestart|p1: ascasf|move: Tailwind\n|move|p1a: Tyranitar|Rock Slide|p2a: Pikachu|[spread] p2a,p2b\n|-resisted|p2b: Sneasler|1\n|-damage|p2a: Pikachu|0 fnt\n|-damage|p2b: Sneasler|83/100\n|faint|p2a: Pikachu\n|\n|-weather|Sandstorm|[upkeep]\n|-damage|p1b: Dragonite|65/100|[from] Sandstorm\n|-damage|p2b: Sneasler|77/100|[from] Sandstorm\n|upkeep\n|\n|t:|1776284262\n|switch|p2a: Pelipper|Pelipper, L50, F|67/100\n|-weather|RainDance|[from] ability: Drizzle|[of] p2a: Pelipper\n|turn|6\n|\n|t:|1776284275\n|move|p1a: Tyranitar|Protect|p1a: Tyranitar\n|-singleturn|p1a: Tyranitar|Protect\n|move|p1b: Dragonite|Breaking Swipe|p2b: Sneasler|[spread] p2a,p2b\n|-damage|p2a: Pelipper|44/100\n|-damage|p2b: Sneasler|50/100\n|-unboost|p2a: Pelipper|atk|1\n|-unboost|p2b: Sneasler|atk|1\n|-enditem|p2b: Sneasler|White Herb\n|-clearnegativeboost|p2b: Sneasler|[silent]\n|move|p2b: Sneasler|Close Combat|p1a: Tyranitar\n|-activate|p1a: Tyranitar|move: Protect\n|move|p2a: Pelipper|Tailwind|p2a: Pelipper\n|-sidestart|p2: hellopops3|move: Tailwind\n|\n|-weather|RainDance|[upkeep]\n|upkeep\n|turn|7\n|\n|t:|1776284294\n|move|p2a: Pelipper|Wide Guard|p2a: Pelipper\n|-singleturn|p2a: Pelipper|Wide Guard\n|move|p2b: Sneasler|Close Combat|p1a: Tyranitar\n|-supereffective|p1a: Tyranitar|2\n|-damage|p1a: Tyranitar|0 fnt\n|-unboost|p2b: Sneasler|def|1\n|-unboost|p2b: Sneasler|spd|1\n|faint|p1a: Tyranitar\n|move|p1b: Dragonite|Aerial Ace|p2b: Sneasler\n|-supereffective|p2b: Sneasler|1\n|-damage|p2b: Sneasler|0 fnt\n|faint|p2b: Sneasler\n|\n|-weather|RainDance|[upkeep]\n|upkeep\n|turn|8\n|\n|t:|1776284311\n|move|p1b: Dragonite|Breaking Swipe|p2a: Pelipper\n|-damage|p2a: Pelipper|16/100\n|-unboost|p2a: Pelipper|atk|1\n|move|p2a: Pelipper|Weather Ball|p1b: Dragonite\n|-resisted|p1b: Dragonite|1\n|-damage|p1b: Dragonite|43/100\n|\n|-weather|RainDance|[upkeep]\n|-sideend|p1: ascasf|move: Tailwind\n|upkeep\n|turn|9\n|-message|hellopops3 forfeited.\n|\n|win|ascasf\n|raw|ascasf's rating: 1020 &rarr; <strong>1055</strong><br />(+35 for winning)\n|raw|hellopops3's rating: 1000 &rarr; <strong>1000</strong><br />(+0 for losing)\n|l|\u2606hellopops3\n|player|p2|\n",
  "uploadtime": 1776284328,
  "views": 26,
  "formatid": "gen9championsvgc2026regma",
  "rating": 1000,
  "private": 0,
  "password": null
}