{
  "id": "gen9championsvgc2026regma-2587305996",
  "format": "[Gen 9 Champions] VGC 2026 Reg M-A",
  "players": [
    "Mimikyu778",
    "mqmqmqmqmqmqmqmq"
  ],
  "log": "|j|\u2606Mimikyu778\n|j|\u2606mqmqmqmqmqmqmqmq\n|t:|1776520349\n|gametype|doubles\n|player|p1|Mimikyu778|bellelba|1149\n|player|p2|mqmqmqmqmqmqmqmq|169|1231\n|gen|9\n|tier|[Gen 9 Champions] VGC 2026 Reg M-A\n|rated|\n|rule|Species Clause: Limit one of each Pok\u00e9mon\n|rule|Item Clause: Limit 1 of each item\n|clearpoke\n|poke|p1|Farigiraf, L50, M, shiny|\n|poke|p1|Torkoal, L50, M, shiny|\n|poke|p1|Araquanid, L50, M, shiny|\n|poke|p1|Golurk, L50, shiny|\n|poke|p1|Kingambit, L50, F, shiny|\n|poke|p1|Sinistcha-Masterpiece, L50, shiny|\n|poke|p2|Floette-Eternal, L50, F|\n|poke|p2|Incineroar, L50, F, shiny|\n|poke|p2|Garchomp, L50, F, shiny|\n|poke|p2|Aerodactyl, L50, F, shiny|\n|poke|p2|Sinistcha-Masterpiece, L50, shiny|\n|poke|p2|Kingambit, L50, F|\n|teampreview|4\n|inactive|Battle timer is ON: inactive players will automatically lose when time's up. (requested by Mimikyu778)\n|\n|t:|1776520389\n|teamsize|p1|4\n|teamsize|p2|4\n|start\n|switch|p1a: Farigiraf|Farigiraf, L50, M, shiny|100/100\n|switch|p1b: Kingambit|Kingambit, L50, F, shiny|100/100\n|switch|p2a: Aerodactyl|Aerodactyl, L50, F, shiny|100/100\n|switch|p2b: Kingambit|Kingambit, L50, F|100/100\n|-ability|p2a: Aerodactyl|Unnerve\n|turn|1\n|\n|t:|1776520404\n|move|p1a: Farigiraf|Protect|p1a: Farigiraf\n|-singleturn|p1a: Farigiraf|Protect\n|move|p2a: Aerodactyl|Taunt|p1a: Farigiraf\n|-activate|p1a: Farigiraf|move: Protect\n|move|p2b: Kingambit|Low Kick|p1b: Kingambit\n|-supereffective|p1b: Kingambit|2\n|-damage|p1b: Kingambit|0 fnt\n|faint|p1b: Kingambit\n|\n|upkeep\n|\n|t:|1776520416\n|switch|p1b: Torkoal|Torkoal, L50, M, shiny|100/100\n|-weather|SunnyDay|[from] ability: Drought|[of] p1b: Torkoal\n|turn|2\n|\n|t:|1776520440\n|move|p2a: Aerodactyl|Taunt|p1a: Farigiraf\n|-start|p1a: Farigiraf|move: Taunt\n|move|p2b: Kingambit|Low Kick|p1b: Torkoal\n|-damage|p1b: Torkoal|78/100\n|move|p1b: Torkoal|Eruption|p2b: Kingambit|[spread] p2a,p2b\n|-resisted|p2a: Aerodactyl|1\n|-supereffective|p2b: Kingambit|1\n|-damage|p2a: Aerodactyl|58/100\n|-damage|p2b: Kingambit|0 fnt\n|faint|p2b: Kingambit\n|cant|p1a: Farigiraf|move: Taunt|Trick Room\n|\n|-weather|SunnyDay|[upkeep]\n|upkeep\n|\n|t:|1776520452\n|switch|p2b: Floette|Floette-Eternal, L50, F|100/100\n|turn|3\n|\n|t:|1776520462\n|detailschange|p2b: Floette|Floette-Mega, L50, F\n|-mega|p2b: Floette|Floette|Floettite\n|-ability|p2b: Floette|Fairy Aura\n|move|p2a: Aerodactyl|Rock Slide|p1a: Farigiraf|[spread] p1a\n|-miss|p2a: Aerodactyl|p1b: Torkoal\n|-damage|p1a: Farigiraf|75/100\n|move|p2b: Floette|Calm Mind|p2b: Floette\n|-boost|p2b: Floette|spa|1\n|-boost|p2b: Floette|spd|1\n|cant|p1a: Farigiraf|flinch\n|move|p1b: Torkoal|Eruption|p2b: Floette|[spread] p2a,p2b\n|-resisted|p2a: Aerodactyl|1\n|-damage|p2a: Aerodactyl|19/100\n|-damage|p2b: Floette|73/100\n|\n|-weather|SunnyDay|[upkeep]\n|upkeep\n|turn|4\n|\n|t:|1776520487\n|move|p2a: Aerodactyl|Rock Slide|p1b: Torkoal|[spread] p1a,p1b\n|-supereffective|p1b: Torkoal|1\n|-damage|p1a: Farigiraf|49/100\n|-damage|p1b: Torkoal|41/100\n|move|p2b: Floette|Dazzling Gleam|p1b: Torkoal|[spread] p1a,p1b\n|-resisted|p1b: Torkoal|1\n|-damage|p1a: Farigiraf|0 fnt\n|-damage|p1b: Torkoal|0 fnt\n|faint|p1a: Farigiraf\n|faint|p1b: Torkoal\n|\n|-weather|SunnyDay|[upkeep]\n|upkeep\n|\n|t:|1776520496\n|switch|p1b: Golurk|Golurk, L50, shiny|100/100\n|turn|5\n|\n|t:|1776520504\n|detailschange|p1b: Golurk|Golurk-Mega, L50, shiny\n|-mega|p1b: Golurk|Golurk|Golurkite\n|move|p2a: Aerodactyl|Dual Wingbeat|p1b: Golurk\n|-damage|p1b: Golurk|82/100\n|-damage|p1b: Golurk|65/100\n|-hitcount|p1b: Golurk|2\n|move|p2b: Floette|Moonblast|p1b: Golurk\n|-damage|p1b: Golurk|0 fnt\n|faint|p1b: Golurk\n|\n|win|mqmqmqmqmqmqmqmq\n|raw|Mimikyu778's rating: 1149 &rarr; <strong>1130</strong><br />(-19 for losing)\n|raw|mqmqmqmqmqmqmqmq's rating: 1231 &rarr; <strong>1250</strong><br />(+19 for winning)\n|l|\u2606Mimikyu778\n|player|p1|\n",
  "uploadtime": 1776520515,
  "views": 21,
  "formatid": "gen9championsvgc2026regma",
  "rating": 1130,
  "private": 0,
  "password": null
}