{
  "id": "gen9championsvgc2026regma-2582914903",
  "format": "[Gen 9 Champions] VGC 2026 Reg M-A",
  "players": [
    "Cube Holder",
    "torrmentor20"
  ],
  "log": "|j|\u2606Cube Holder\n|j|\u2606torrmentor20\n|t:|1776124593\n|gametype|doubles\n|player|p1|Cube Holder|102|1000\n|player|p2|torrmentor20|volo|1000\n|gen|9\n|tier|[Gen 9 Champions] VGC 2026 Reg M-A\n|rated|\n|rule|Species Clause: Limit one of each Pok\u00e9mon\n|rule|Item Clause: Limit 1 of each item\n|clearpoke\n|poke|p1|Aerodactyl, L50, M|\n|poke|p1|Greninja-*, L50, M|\n|poke|p1|Charizard, L50, F|\n|poke|p1|Garchomp, L50, M|\n|poke|p1|Sneasler, L50, M|\n|poke|p1|Kangaskhan, L50, F|\n|poke|p2|Blastoise, L50, M|\n|poke|p2|Whimsicott, L50, F|\n|poke|p2|Kingambit, L50, M|\n|poke|p2|Maushold, L50|\n|poke|p2|Pelipper, L50, F|\n|poke|p2|Dragonite, L50, F|\n|teampreview|4\nCube Holder has agreed to open team sheets.\n|inactive|Battle timer is ON: inactive players will automatically lose when time's up. (requested by torrmentor20)\n|\n|t:|1776124629\n|teamsize|p1|4\n|teamsize|p2|4\n|start\n|switch|p1a: Kangaskhan|Kangaskhan, L50, F|100/100\n|switch|p1b: Sneasler|Sneasler, L50, M|100/100\n|switch|p2a: Maushold|Maushold, L50|100/100\n|switch|p2b: Blastoise|Blastoise, L50, M|100/100\n|turn|1\n|\n|t:|1776124643\n|detailschange|p1a: Kangaskhan|Kangaskhan-Mega, L50, F\n|-mega|p1a: Kangaskhan|Kangaskhan|Kangaskhanite\n|move|p1b: Sneasler|Fake Out|p2b: Blastoise\n|-damage|p2b: Blastoise|88/100\n|move|p1a: Kangaskhan|Fake Out|p2a: Maushold\n|-damage|p2a: Maushold|72/100\n|-damage|p2a: Maushold|66/100\n|-hitcount|p2a: Maushold|2\n|cant|p2a: Maushold|flinch\n|cant|p2b: Blastoise|flinch\n|\n|-heal|p2a: Maushold|72/100|[from] item: Leftovers\n|upkeep\n|turn|2\n|inactive|torrmentor20 has 30 seconds left.\n|\n|t:|1776124672\n|detailschange|p2b: Blastoise|Blastoise-Mega, L50, M\n|-mega|p2b: Blastoise|Blastoise|Blastoisinite\n|move|p2a: Maushold|Helping Hand|p2b: Blastoise\n|-singleturn|p2b: Blastoise|Helping Hand|[of] p2a: Maushold\n|move|p1b: Sneasler|Dire Claw|p2b: Blastoise\n|-damage|p2b: Blastoise|54/100\n|-status|p2b: Blastoise|slp\n|move|p1a: Kangaskhan|Rock Slide|p2a: Maushold|[spread] p2a,p2b\n|-damage|p2a: Maushold|46/100\n|-damage|p2b: Blastoise|40/100 slp\n|cant|p2b: Blastoise|slp\n|\n|-heal|p2a: Maushold|52/100|[from] item: Leftovers\n|upkeep\n|turn|3\n|inactive|Cube Holder has 30 seconds left.\n|inactive|torrmentor20 has 30 seconds left.\n|\n|t:|1776124702\n|switch|p2b: Whimsicott|Whimsicott, L50, F|100/100\n|move|p2a: Maushold|Follow Me|p2a: Maushold\n|-singleturn|p2a: Maushold|move: Follow Me\n|move|p1b: Sneasler|Close Combat|p2a: Maushold\n|-supereffective|p2a: Maushold|1\n|-damage|p2a: Maushold|0 fnt\n|-unboost|p1b: Sneasler|def|1\n|-unboost|p1b: Sneasler|spd|1\n|faint|p2a: Maushold\n|-enditem|p1b: Sneasler|White Herb\n|-clearnegativeboost|p1b: Sneasler|[silent]\n|move|p1a: Kangaskhan|Ice Punch|p2b: Whimsicott\n|-supereffective|p2b: Whimsicott|1\n|-damage|p2b: Whimsicott|23/100\n|-supereffective|p2b: Whimsicott|1\n|-damage|p2b: Whimsicott|7/100\n|-hitcount|p2b: Whimsicott|2\n|\n|upkeep\n|\n|t:|1776124716\n|switch|p2a: Pelipper|Pelipper, L50, F|100/100\n|-weather|RainDance|[from] ability: Drizzle|[of] p2a: Pelipper\n|turn|4\n|\n|t:|1776124736\n|move|p2a: Pelipper|Wide Guard|p2a: Pelipper\n|-singleturn|p2a: Pelipper|Wide Guard\n|move|p2b: Whimsicott|Tailwind|p2b: Whimsicott\n|-sidestart|p2: torrmentor20|move: Tailwind\n|move|p1b: Sneasler|Dire Claw|p2a: Pelipper\n|-damage|p2a: Pelipper|36/100\n|-status|p2a: Pelipper|slp\n|move|p1a: Kangaskhan|Rock Slide|p2b: Whimsicott|[spread] \n|-activate|p2a: Pelipper|move: Wide Guard\n|-activate|p2b: Whimsicott|move: Wide Guard\n|\n|-weather|RainDance|[upkeep]\n|upkeep\n|turn|5\n|\n|t:|1776124756\n|move|p2b: Whimsicott|Moonblast|p1a: Kangaskhan\n|-damage|p1a: Kangaskhan|69/100\n|move|p1b: Sneasler|Dire Claw|p2b: Whimsicott\n|-supereffective|p2b: Whimsicott|2\n|-damage|p2b: Whimsicott|0 fnt\n|faint|p2b: Whimsicott\n|cant|p2a: Pelipper|slp\n|move|p1a: Kangaskhan|Rock Slide|p2a: Pelipper\n|-supereffective|p2a: Pelipper|1\n|-damage|p2a: Pelipper|0 fnt\n|faint|p2a: Pelipper\n|-hitcount|p2: Pelipper|1\n|\n|-weather|RainDance|[upkeep]\n|upkeep\n|-message|torrmentor20 forfeited.\n|\n|win|Cube Holder\n|raw|Cube Holder's rating: 1000 &rarr; <strong>1040</strong><br />(+40 for winning)\n|raw|torrmentor20's rating: 1000 &rarr; <strong>1000</strong><br />(+0 for losing)\n|l|\u2606torrmentor20\n|player|p2|\n",
  "uploadtime": 1776124858,
  "views": 17,
  "formatid": "gen9championsvgc2026regma",
  "rating": 1000,
  "private": 0,
  "password": null
}