{
  "id": "gen9championsvgc2026regma-2589388296",
  "format": "[Gen 9 Champions] VGC 2026 Reg M-A",
  "players": [
    "TheNoxzer64",
    "pikachu passeios"
  ],
  "log": "|j|\u2606TheNoxzer64\n|j|\u2606pikachu passeios\n|t:|1776718969\n|gametype|doubles\n|player|p1|TheNoxzer64|102|1157\n|player|p2|pikachu passeios|roughneck-gen4|1164\n|gen|9\n|tier|[Gen 9 Champions] VGC 2026 Reg M-A\n|rated|\n|rule|Species Clause: Limit one of each Pok\u00e9mon\n|rule|Item Clause: Limit 1 of each item\n|clearpoke\n|poke|p1|Aerodactyl, L50, M, shiny|\n|poke|p1|Gengar, L50, F, shiny|\n|poke|p1|Ditto, L50, shiny|\n|poke|p1|Tyranitar, L50, M|\n|poke|p1|Garchomp, L50, M|\n|poke|p1|Rotom-Wash, L50, shiny|\n|poke|p2|Charizard, L50, M|\n|poke|p2|Kingambit, L50, M|\n|poke|p2|Sneasler, L50, F|\n|poke|p2|Venusaur, L50, M|\n|poke|p2|Milotic, L50, M|\n|poke|p2|Sinistcha, L50|\n|teampreview|4\n|inactive|Battle timer is ON: inactive players will automatically lose when time's up. (requested by pikachu passeios)\n|inactive|TheNoxzer64 has 60 seconds left.\n|\n|t:|1776719040\n|teamsize|p1|4\n|teamsize|p2|4\n|start\n|switch|p1a: Rotom|Rotom-Wash, L50, shiny|100/100\n|switch|p1b: Aerodactyl|Aerodactyl, L50, M, shiny|100/100\n|switch|p2a: Kingambit|Kingambit, L50, M|100/100\n|switch|p2b: Sneasler|Sneasler, L50, F|100/100\n|turn|1\n|inactive|pikachu passeios has 30 seconds left.\n|\n|t:|1776719069\n|move|p1b: Aerodactyl|Protect|p1b: Aerodactyl\n|-singleturn|p1b: Aerodactyl|Protect\n|move|p2b: Sneasler|Fake Out|p1a: Rotom\n|-damage|p1a: Rotom|82/100\n|cant|p1a: Rotom|flinch\n|move|p2a: Kingambit|Iron Head|p1b: Aerodactyl\n|-activate|p1b: Aerodactyl|move: Protect\n|\n|upkeep\n|turn|2\n|inactive|TheNoxzer64 has 30 seconds left.\n|inactive|TheNoxzer64 has 20 seconds left.\n|\n|t:|1776719105\n|move|p2b: Sneasler|Protect|p2b: Sneasler\n|-singleturn|p2b: Sneasler|Protect\n|move|p1b: Aerodactyl|Tailwind|p1b: Aerodactyl\n|-sidestart|p1: TheNoxzer64|move: Tailwind\n|move|p1a: Rotom|Volt Switch|p2b: Sneasler\n|-activate|p2b: Sneasler|move: Protect\n|move|p2a: Kingambit|Iron Head|p1b: Aerodactyl\n|-supereffective|p1b: Aerodactyl|1\n|-enditem|p1b: Aerodactyl|Focus Sash\n|-damage|p1b: Aerodactyl|1/100\n|\n|upkeep\n|turn|3\n|\n|t:|1776719128\n|switch|p1b: Tyranitar|Tyranitar, L50, M|100/100\n|-weather|Sandstorm|[from] ability: Sand Stream|[of] p1b: Tyranitar\n|switch|p2b: Venusaur|Venusaur, L50, M|100/100\n|move|p2a: Kingambit|Sucker Punch||[still]\n|-fail|p2a: Kingambit\n|move|p1a: Rotom|Volt Switch|p2a: Kingambit\n|-damage|p2a: Kingambit|66/100\n|\n|t:|1776719139\n|switch|p1a: Ditto|Ditto, L50, shiny|100/100|[from] Volt Switch\n|-transform|p1a: Ditto|p2b: Venusaur|[from] ability: Imposter\n|\n|-weather|Sandstorm|[upkeep]\n|-damage|p1a: Ditto|95/100|[from] Sandstorm\n|-damage|p2b: Venusaur|95/100|[from] Sandstorm\n|upkeep\n|turn|4\n|\n|t:|1776719162\n|move|p1b: Tyranitar|Protect|p1b: Tyranitar\n|-singleturn|p1b: Tyranitar|Protect\n|move|p2b: Venusaur|Protect|p2b: Venusaur\n|-singleturn|p2b: Venusaur|Protect\n|move|p1a: Ditto|Sludge Bomb|p2b: Venusaur\n|-activate|p2b: Venusaur|move: Protect\n|move|p2a: Kingambit|Iron Head|p1b: Tyranitar\n|-activate|p1b: Tyranitar|move: Protect\n|\n|-weather|Sandstorm|[upkeep]\n|-damage|p1a: Ditto|89/100|[from] Sandstorm\n|-damage|p2b: Venusaur|89/100|[from] Sandstorm\n|upkeep\n|turn|5\n|inactive|TheNoxzer64 has 30 seconds left.\n|\n|t:|1776719194\n|switch|p1b: Rotom|Rotom-Wash, L50, shiny|82/100\n|move|p1a: Ditto|Sludge Bomb|p2b: Venusaur\n|-damage|p2b: Venusaur|39/100\n|move|p2b: Venusaur|Energy Ball|p1b: Rotom\n|-supereffective|p1b: Rotom|1\n|-damage|p1b: Rotom|0 fnt\n|faint|p1b: Rotom\n|move|p2a: Kingambit|Iron Head|p1a: Ditto\n|-damage|p1a: Ditto|20/100\n|\n|-weather|Sandstorm|[upkeep]\n|-damage|p1a: Ditto|15/100|[from] Sandstorm\n|-damage|p2b: Venusaur|33/100|[from] Sandstorm\n|-sideend|p1: TheNoxzer64|move: Tailwind\n|upkeep\n|\n|t:|1776719211\n|switch|p1b: Aerodactyl|Aerodactyl, L50, M, shiny|1/100\n|turn|6\n|\n|t:|1776719224\n|move|p1a: Ditto|Protect|p1a: Ditto\n|-singleturn|p1a: Ditto|Protect\n|move|p2a: Kingambit|Sucker Punch||[still]\n|-fail|p2a: Kingambit\n|move|p1b: Aerodactyl|Dual Wingbeat|p2b: Venusaur\n|-supereffective|p2b: Venusaur|1\n|-damage|p2b: Venusaur|0 fnt\n|faint|p2b: Venusaur\n|-hitcount|p2: Venusaur|1\n|\n|-weather|Sandstorm|[upkeep]\n|-damage|p1a: Ditto|9/100|[from] Sandstorm\n|upkeep\n|\n|t:|1776719235\n|switch|p2b: Sneasler|Sneasler, L50, F|100/100\n|turn|7\n|inactive|TheNoxzer64 has 30 seconds left.\n|\n|t:|1776719263\n|move|p1b: Aerodactyl|Protect|p1b: Aerodactyl\n|-singleturn|p1b: Aerodactyl|Protect\n|move|p2a: Kingambit|Sucker Punch||[still]\n|-fail|p2a: Kingambit\n|move|p2b: Sneasler|Close Combat|p1b: Aerodactyl\n|-activate|p1b: Aerodactyl|move: Protect\n|move|p1a: Ditto|Sleep Powder|p2a: Kingambit\n|-status|p2a: Kingambit|slp|[from] move: Sleep Powder\n|\n|-weather|none\n|upkeep\n|turn|8\n|inactive|TheNoxzer64 has 30 seconds left.\n|\n|t:|1776719300\n|switch|p1a: Tyranitar|Tyranitar, L50, M|100/100\n|-weather|Sandstorm|[from] ability: Sand Stream|[of] p1a: Tyranitar\n|move|p1b: Aerodactyl|Dual Wingbeat|p2b: Sneasler\n|-supereffective|p2b: Sneasler|1\n|-damage|p2b: Sneasler|38/100\n|-supereffective|p2b: Sneasler|1\n|-damage|p2b: Sneasler|0 fnt\n|faint|p2b: Sneasler\n|-hitcount|p2: Sneasler|2\n|cant|p2a: Kingambit|slp\n|\n|-weather|Sandstorm|[upkeep]\n|upkeep\n|\n|t:|1776719312\n|switch|p2b: Milotic|Milotic, L50, M|100/100\n|turn|9\n|\n|t:|1776719327\n|-curestatus|p2a: Kingambit|slp|[msg]\n|move|p2a: Kingambit|Sucker Punch||[still]\n|-fail|p2a: Kingambit\n|move|p1b: Aerodactyl|Tailwind|p1b: Aerodactyl\n|-sidestart|p1: TheNoxzer64|move: Tailwind\n|move|p1a: Tyranitar|Stomping Tantrum|p2a: Kingambit\n|-supereffective|p2a: Kingambit|1\n|-damage|p2a: Kingambit|23/100\n|move|p2b: Milotic|Life Dew||[still]|[spread] p2a,p2b\n|-heal|p2a: Kingambit|48/100\n|-fail|p2b: Milotic|heal\n|\n|-weather|Sandstorm|[upkeep]\n|-damage|p2b: Milotic|95/100|[from] Sandstorm\n|-heal|p2b: Milotic|100/100|[from] item: Leftovers\n|upkeep\n|turn|10\n|\n|t:|1776719350\n|switch|p1b: Ditto|Ditto, L50, shiny|9/100\n|-transform|p1b: Ditto|p2a: Kingambit|[from] ability: Imposter\n|move|p2a: Kingambit|Sucker Punch||[still]\n|-fail|p2a: Kingambit\n|move|p1a: Tyranitar|Rock Slide|p2b: Milotic|[spread] p2a,p2b\n|-resisted|p2a: Kingambit|1\n|-damage|p2a: Kingambit|36/100\n|-damage|p2b: Milotic|74/100\n|cant|p2b: Milotic|flinch\n|\n|-weather|Sandstorm|[upkeep]\n|-damage|p2b: Milotic|68/100|[from] Sandstorm\n|-heal|p2b: Milotic|74/100|[from] item: Leftovers\n|upkeep\n|turn|11\n|\n|t:|1776719373\n|move|p1a: Tyranitar|Stomping Tantrum|p2a: Kingambit\n|-supereffective|p2a: Kingambit|1\n|-damage|p2a: Kingambit|0 fnt\n|faint|p2a: Kingambit\n|move|p1b: Ditto|Kowtow Cleave|p2b: Milotic\n|-damage|p2b: Milotic|35/100\n|move|p2b: Milotic|Scald|p1a: Tyranitar\n|-supereffective|p1a: Tyranitar|1\n|-damage|p1a: Tyranitar|65/100\n|\n|-weather|Sandstorm|[upkeep]\n|-damage|p2b: Milotic|29/100|[from] Sandstorm\n|-heal|p2b: Milotic|35/100|[from] item: Leftovers\n|upkeep\n|turn|12\n|l|\u2606pikachu passeios\n|inactive|pikachu passeios disconnected and has a minute to reconnect!\n|player|p2|\n|inactive|pikachu passeios has 30 seconds left.\n|inactive|pikachu passeios has 20 seconds left.\n|inactive|pikachu passeios has 15 seconds left.\n|inactive|pikachu passeios has 10 seconds left.\n|inactive|pikachu passeios has 5 seconds left.\n|-message|pikachu passeios lost due to inactivity.\n|\n|win|TheNoxzer64\n|raw|TheNoxzer64's rating: 1157 &rarr; <strong>1183</strong><br />(+26 for winning)\n|raw|pikachu passeios's rating: 1164 &rarr; <strong>1138</strong><br />(-26 for losing)\n",
  "uploadtime": 1776719444,
  "views": 5,
  "formatid": "gen9championsvgc2026regma",
  "rating": 1138,
  "private": 0,
  "password": null
}