{
  "id": "gen9championsvgc2026regma-2586456780",
  "format": "[Gen 9 Champions] VGC 2026 Reg M-A",
  "players": [
    "Sfayne",
    "Kaizer_Ifrit"
  ],
  "log": "|j|\u2606Sfayne\n|j|\u2606Kaizer_Ifrit\n|t:|1776435955\n|gametype|doubles\n|player|p1|Sfayne|2|1404\n|player|p2|Kaizer_Ifrit|caitlin|1440\n|gen|9\n|tier|[Gen 9 Champions] VGC 2026 Reg M-A\n|rated|\n|rule|Species Clause: Limit one of each Pok\u00e9mon\n|rule|Item Clause: Limit 1 of each item\n|clearpoke\n|poke|p1|Sneasler, L50, F|\n|poke|p1|Kingambit, L50, M|\n|poke|p1|Delphox, L50, F|\n|poke|p1|Basculegion, L50, M|\n|poke|p1|Aegislash, L50, F|\n|poke|p1|Hydreigon, L50, M|\n|poke|p2|Froslass, L50, F|\n|poke|p2|Floette-Eternal, L50, F|\n|poke|p2|Sneasler, L50, F|\n|poke|p2|Garchomp, L50, F|\n|poke|p2|Kingambit, L50, M|\n|poke|p2|Basculegion, L50, M|\n|teampreview|4\n|inactive|Battle timer is ON: inactive players will automatically lose when time's up. (requested by Sfayne)\n|inactive|Kaizer_Ifrit also wants the timer to be on.\n|inactive|Sfayne has 60 seconds left.\n|inactive|Kaizer_Ifrit has 60 seconds left.\n|\n|t:|1776435995\n|teamsize|p1|4\n|teamsize|p2|4\n|start\n|switch|p1a: Delphox|Delphox, L50, F|100/100\n|switch|p1b: Sneasler|Sneasler, L50, F|100/100\n|switch|p2a: Babu|Floette-Eternal, L50, F|100/100\n|switch|p2b: A.K.I.|Sneasler, L50, F|100/100\n|turn|1\n|\n|t:|1776436012\n|detailschange|p1a: Delphox|Delphox-Mega, L50, F\n|-mega|p1a: Delphox|Delphox|Delphoxite\n|detailschange|p2a: Babu|Floette-Mega, L50, F\n|-mega|p2a: Babu|Floette|Floettite\n|-ability|p2a: Babu|Fairy Aura\n|move|p2b: A.K.I.|Fake Out|p1b: Sneasler\n|-damage|p1b: Sneasler|78/100\n|cant|p1b: Sneasler|flinch\n|move|p1a: Delphox|Substitute|p1a: Delphox\n|-start|p1a: Delphox|Substitute\n|-damage|p1a: Delphox|75/100\n|move|p2a: Babu|Dazzling Gleam|p1b: Sneasler|[spread] p1a,p1b\n|-resisted|p1a: Delphox|1\n|-end|p1a: Delphox|Substitute\n|-crit|p1b: Sneasler\n|-damage|p1b: Sneasler|0 fnt\n|faint|p1b: Sneasler\n|\n|upkeep\n|\n|t:|1776436031\n|switch|p1b: Basculegion|Basculegion, L50, M|100/100\n|turn|2\n|\n|t:|1776436046\n|switch|p2b: Oda|Kingambit, L50, M|100/100\n|move|p2a: Babu|Protect|p2a: Babu\n|-singleturn|p2a: Babu|Protect\n|move|p1b: Basculegion|Wave Crash|p2a: Babu\n|-activate|p2a: Babu|move: Protect\n|move|p1a: Delphox|Heat Wave|p2a: Babu|[spread] \n|-activate|p2a: Babu|move: Protect\n|-miss|p1a: Delphox|p2b: Oda\n|\n|upkeep\n|turn|3\n|\n|t:|1776436060\n|move|p2b: Oda|Sucker Punch|p1b: Basculegion\n|-supereffective|p1b: Basculegion|1\n|-damage|p1b: Basculegion|0 fnt\n|faint|p1b: Basculegion\n|move|p1a: Delphox|Substitute|p1a: Delphox\n|-start|p1a: Delphox|Substitute\n|-damage|p1a: Delphox|50/100\n|move|p2a: Babu|Moonblast|p1a: Delphox\n|-resisted|p1a: Delphox|1\n|-crit|p1a: Delphox\n|-end|p1a: Delphox|Substitute\n|\n|upkeep\n|\n|t:|1776436069\n|switch|p1b: Hydreigon|Hydreigon, L50, M|100/100\n|turn|4\n|inactive|Sfayne has 30 seconds left.\n|\n|t:|1776436097\n|move|p1b: Hydreigon|Protect|p1b: Hydreigon\n|-singleturn|p1b: Hydreigon|Protect\n|move|p2b: Oda|Sucker Punch|p1a: Delphox\n|-supereffective|p1a: Delphox|1\n|-damage|p1a: Delphox|0 fnt\n|faint|p1a: Delphox\n|move|p2a: Babu|Dazzling Gleam|p1b: Hydreigon\n|-activate|p1b: Hydreigon|move: Protect\n|\n|upkeep\n|turn|5\n|-message|Sfayne forfeited.\n|\n|win|Kaizer_Ifrit\n|raw|Sfayne's rating: 1404 &rarr; <strong>1386</strong><br />(-18 for losing)\n|raw|Kaizer_Ifrit's rating: 1440 &rarr; <strong>1458</strong><br />(+18 for winning)\n|l|\u2606Sfayne\n|player|p1|\n",
  "uploadtime": 1776436117,
  "views": 85,
  "formatid": "gen9championsvgc2026regma",
  "rating": 1386,
  "private": 0,
  "password": null
}