{
  "id": "gen9championsvgc2026regma-2581296138",
  "format": "[Gen 9 Champions] VGC 2026 Reg M-A",
  "players": [
    "Niko highway",
    "iacidicowl"
  ],
  "log": "|j|\u2606Niko highway\n|j|\u2606iacidicowl\n|t:|1775982851\n|gametype|doubles\n|player|p1|Niko highway|101|1273\n|player|p2|iacidicowl|170|1313\n|gen|9\n|tier|[Gen 9 Champions] VGC 2026 Reg M-A\n|rated|\n|rule|Species Clause: Limit one of each Pok\u00e9mon\n|rule|Item Clause: Limit 1 of each item\n|clearpoke\n|poke|p1|Incineroar, L50, M|\n|poke|p1|Conkeldurr, L50, F|\n|poke|p1|Sinistcha, L50|\n|poke|p1|Cofagrigus, L50, F|\n|poke|p1|Drampa, L50, M|\n|poke|p1|Aggron, L50, M|\n|poke|p2|Garchomp, L50, M|\n|poke|p2|Orthworm, L50, M|\n|poke|p2|Floette-Eternal, L50, F|\n|poke|p2|Meowscarada, L50, F|\n|poke|p2|Sinistcha, L50|\n|poke|p2|Pelipper, L50, F|\n|teampreview|4\n|inactive|Battle timer is ON: inactive players will automatically lose when time's up. (requested by iacidicowl)\n|inactive|Niko highway has 60 seconds left.\n|j| gE1xjZRtuhW2DdT0AK\n|\n|t:|1775982902\n|teamsize|p1|4\n|teamsize|p2|4\n|start\n|switch|p1a: Incineroar|Incineroar, L50, M|100/100\n|switch|p1b: Cofagrigus|Cofagrigus, L50, F|100/100\n|switch|p2a: Orthworm|Orthworm, L50, M|100/100\n|switch|p2b: Garchomp|Garchomp, L50, M|100/100\n|-ability|p1a: Incineroar|Intimidate|boost\n|-unboost|p2a: Orthworm|atk|1\n|-unboost|p2b: Garchomp|atk|1\n|turn|1\n|\n|t:|1775982919\n|move|p1a: Incineroar|Fake Out|p2a: Orthworm\n|-resisted|p2a: Orthworm|1\n|-damage|p2a: Orthworm|96/100\n|move|p2b: Garchomp|Earthquake|p1a: Incineroar|[spread] p1a,p1b\n|-heal|p2a: Orthworm|100/100|[from] ability: Earth Eater|[of] p2b: Garchomp\n|-supereffective|p1a: Incineroar|1\n|-damage|p1a: Incineroar|55/100\n|-damage|p1b: Cofagrigus|81/100\n|cant|p2a: Orthworm|flinch\n|move|p1b: Cofagrigus|Trick Room|p1b: Cofagrigus\n|-fieldstart|move: Trick Room|[of] p1b: Cofagrigus\n|\n|-heal|p1b: Cofagrigus|87/100|[from] item: Leftovers\n|upkeep\n|turn|2\n|\n|t:|1775982933\n|move|p1b: Cofagrigus|Will-O-Wisp|p2b: Garchomp\n|-status|p2b: Garchomp|brn\n|move|p1a: Incineroar|Flare Blitz|p2a: Orthworm\n|-supereffective|p2a: Orthworm|1\n|-damage|p2a: Orthworm|25/100\n|-enditem|p2a: Orthworm|Sitrus Berry|[eat]\n|-heal|p2a: Orthworm|50/100|[from] item: Sitrus Berry\n|-damage|p1a: Incineroar|33/100|[from] Recoil\n|-enditem|p1a: Incineroar|Sitrus Berry|[eat]\n|-heal|p1a: Incineroar|58/100|[from] item: Sitrus Berry\n|move|p2a: Orthworm|Iron Defense|p2a: Orthworm\n|-boost|p2a: Orthworm|def|2\n|move|p2b: Garchomp|Earthquake|p1b: Cofagrigus|[spread] p1a,p1b\n|-heal|p2a: Orthworm|75/100|[from] ability: Earth Eater|[of] p2b: Garchomp\n|-supereffective|p1a: Incineroar|1\n|-crit|p1b: Cofagrigus\n|-damage|p1a: Incineroar|34/100\n|-damage|p1b: Cofagrigus|67/100\n|\n|-heal|p1b: Cofagrigus|74/100|[from] item: Leftovers\n|-damage|p2b: Garchomp|95/100 brn|[from] brn\n|upkeep\n|turn|3\n|\n|t:|1775982955\n|move|p1b: Cofagrigus|Shadow Ball|p2a: Orthworm\n|-damage|p2a: Orthworm|39/100\n|move|p1a: Incineroar|Flare Blitz|p2a: Orthworm\n|-supereffective|p2a: Orthworm|1\n|-damage|p2a: Orthworm|0 fnt\n|faint|p2a: Orthworm\n|-damage|p1a: Incineroar|23/100|[from] Recoil\n|move|p2b: Garchomp|Earthquake|p1a: Incineroar|[spread] p1a,p1b\n|-supereffective|p1a: Incineroar|1\n|-damage|p1a: Incineroar|0 fnt\n|-damage|p1b: Cofagrigus|64/100\n|faint|p1a: Incineroar\n|\n|-heal|p1b: Cofagrigus|70/100|[from] item: Leftovers\n|-damage|p2b: Garchomp|89/100 brn|[from] brn\n|upkeep\n|\n|t:|1775982969\n|switch|p1a: Aggron|Aggron, L50, M|100/100\n|switch|p2a: Sinistcha|Sinistcha, L50|100/100\n|-heal|p2b: Garchomp|100/100 brn|[from] ability: Hospitality|[of] p2a: Sinistcha\n|turn|4\n|\n|t:|1775982979\n|detailschange|p1a: Aggron|Aggron-Mega, L50, M\n|-mega|p1a: Aggron|Aggron|Aggronite\n|move|p1b: Cofagrigus|Shadow Ball|p2a: Sinistcha\n|-supereffective|p2a: Sinistcha|1\n|-enditem|p2a: Sinistcha|Kasib Berry|[eat]\n|-enditem|p2a: Sinistcha|Kasib Berry|[weaken]\n|-damage|p2a: Sinistcha|66/100\n|move|p1a: Aggron|Heavy Slam|p2a: Sinistcha\n|-damage|p2a: Sinistcha|6/100\n|move|p2a: Sinistcha|Shadow Ball|p1b: Cofagrigus\n|-supereffective|p1b: Cofagrigus|1\n|-damage|p1b: Cofagrigus|0 fnt\n|faint|p1b: Cofagrigus\n|move|p2b: Garchomp|Earthquake|p1a: Aggron|[spread] p2a,p1a\n|-resisted|p2a: Sinistcha|1\n|-supereffective|p1a: Aggron|1\n|-crit|p1a: Aggron\n|-damage|p2a: Sinistcha|0 fnt\n|-damage|p1a: Aggron|81/100\n|faint|p2a: Sinistcha\n|\n|-damage|p2b: Garchomp|95/100 brn|[from] brn\n|upkeep\n|\n|t:|1775982991\n|switch|p1b: Conkeldurr|Conkeldurr, L50, F|100/100\n|switch|p2a: Floette|Floette-Eternal, L50, F|100/100\n|turn|5\n|\n|t:|1775983000\n|move|p2a: Floette|Protect|p2a: Floette\n|-singleturn|p2a: Floette|Protect\n|move|p1b: Conkeldurr|Drain Punch|p2b: Garchomp\n|-damage|p2b: Garchomp|26/100 brn\n|-damage|p1b: Conkeldurr|88/100|[from] ability: Rough Skin|[of] p2b: Garchomp\n|move|p1a: Aggron|Heavy Slam|p2a: Floette\n|-activate|p2a: Floette|move: Protect\n|move|p2b: Garchomp|Earthquake|p1b: Conkeldurr|[spread] p1a,p1b\n|-activate|p2a: Floette|move: Protect\n|-supereffective|p1a: Aggron|1\n|-damage|p1a: Aggron|72/100\n|-damage|p1b: Conkeldurr|77/100\n|\n|-damage|p2b: Garchomp|20/100 brn|[from] brn\n|-fieldend|move: Trick Room\n|upkeep\n|turn|6\n|inactive|Niko highway has 30 seconds left.\n|inactive|iacidicowl has 30 seconds left.\n|\n|t:|1775983034\n|detailschange|p2a: Floette|Floette-Mega, L50, F\n|-mega|p2a: Floette|Floette|Floettite\n|-ability|p2a: Floette|Fairy Aura\n|move|p1b: Conkeldurr|Wide Guard|p1b: Conkeldurr\n|-singleturn|p1b: Conkeldurr|Wide Guard\n|move|p2b: Garchomp|Earthquake|p1a: Aggron|[spread] p2a\n|-activate|p1a: Aggron|move: Wide Guard\n|-activate|p1b: Conkeldurr|move: Wide Guard\n|-damage|p2a: Floette|84/100\n|move|p2a: Floette|Dazzling Gleam|p1b: Conkeldurr|[spread] \n|-activate|p1a: Aggron|move: Wide Guard\n|-activate|p1b: Conkeldurr|move: Wide Guard\n|move|p1a: Aggron|Heavy Slam|p2a: Floette\n|-supereffective|p2a: Floette|1\n|-damage|p2a: Floette|0 fnt\n|faint|p2a: Floette\n|\n|-damage|p2b: Garchomp|14/100 brn|[from] brn\n|upkeep\n|turn|7\n|-message|iacidicowl forfeited.\n|\n|win|Niko highway\n|raw|Niko highway's rating: 1273 &rarr; <strong>1301</strong><br />(+28 for winning)\n|raw|iacidicowl's rating: 1313 &rarr; <strong>1291</strong><br />(-22 for losing)\n|l|\u2606iacidicowl\n|player|p2|\n",
  "uploadtime": 1775983052,
  "views": 40,
  "formatid": "gen9championsvgc2026regma",
  "rating": 1291,
  "private": 0,
  "password": null
}