{
  "id": "gen9championsvgc2026regma-2586998462",
  "format": "[Gen 9 Champions] VGC 2026 Reg M-A",
  "players": [
    "oirgor",
    "Quetzal06"
  ],
  "log": "|j|\u2606oirgor\n|j|\u2606Quetzal06\n|t:|1776479689\n|gametype|doubles\n|player|p1|oirgor|red|1132\n|player|p2|Quetzal06|volkner|1178\n|gen|9\n|tier|[Gen 9 Champions] VGC 2026 Reg M-A\n|rated|\n|rule|Species Clause: Limit one of each Pok\u00e9mon\n|rule|Item Clause: Limit 1 of each item\n|clearpoke\n|poke|p1|Froslass, L50, F|\n|poke|p1|Incineroar, L50, F|\n|poke|p1|Kingambit, L50, F|\n|poke|p1|Sneasler, L50, F|\n|poke|p1|Garchomp, L50, M|\n|poke|p1|Rotom-Frost, L50|\n|poke|p2|Tyranitar, L50, M|\n|poke|p2|Excadrill, L50, M|\n|poke|p2|Corviknight, L50, F|\n|poke|p2|Sinistcha, L50|\n|poke|p2|Sneasler, L50, M|\n|poke|p2|Rotom-Wash, L50|\n|teampreview|4\noirgor rejected open team sheets.\n|inactive|Battle timer is ON: inactive players will automatically lose when time's up. (requested by oirgor)\n|\n|t:|1776479722\n|teamsize|p1|4\n|teamsize|p2|4\n|start\n|switch|p1a: Incineroar|Incineroar, L50, F, shiny|100/100\n|switch|p1b: Froslass|Froslass, L50, F, shiny|100/100\n|switch|p2a: Surge|Rotom-Wash, L50, shiny|100/100\n|switch|p2b: Dreadwing|Corviknight, L50, F, shiny|100/100\n|-ability|p1a: Incineroar|Intimidate|boost\n|-unboost|p2a: Surge|atk|1\n|-ability|p2b: Dreadwing|Mirror Armor\n|-unboost|p1a: Incineroar|atk|1\n|turn|1\n|inactive|oirgor has 30 seconds left.\n|inactive|Quetzal06 has 30 seconds left.\n|\n|t:|1776479752\n|switch|p2b: Gojira|Tyranitar, L50, M|100/100\n|-weather|Sandstorm|[from] ability: Sand Stream|[of] p2b: Gojira\n|detailschange|p1b: Froslass|Froslass-Mega, L50, F, shiny\n|-mega|p1b: Froslass|Froslass|Froslassite\n|-weather|Snowscape|[from] ability: Snow Warning|[of] p1b: Froslass\n|move|p1a: Incineroar|Fake Out|p2a: Surge\n|-damage|p2a: Surge|92/100\n|move|p1b: Froslass|Aurora Veil|p1b: Froslass\n|-sidestart|p1: oirgor|move: Aurora Veil\n|cant|p2a: Surge|flinch\n|\n|-weather|Snowscape|[upkeep]\n|upkeep\n|turn|2\n|\n|t:|1776479775\n|detailschange|p2b: Gojira|Tyranitar-Mega, L50, M\n|-mega|p2b: Gojira|Tyranitar|Tyranitarite\n|-weather|Sandstorm|[from] ability: Sand Stream|[of] p2b: Gojira\n|move|p1b: Froslass|Blizzard|p2a: Surge|[spread] \n|-miss|p1b: Froslass|p2a: Surge\n|-miss|p1b: Froslass|p2b: Gojira\n|move|p2a: Surge|Trick|p1a: Incineroar\n|-activate|p2a: Surge|move: Trick|[of] p1a: Incineroar\n|-item|p1a: Incineroar|Choice Scarf|[from] move: Trick\n|-item|p2a: Surge|Sitrus Berry|[from] move: Trick\n|move|p1a: Incineroar|Parting Shot|p2b: Gojira\n|-unboost|p2b: Gojira|atk|1\n|-unboost|p2b: Gojira|spa|1\n|\n|t:|1776479787\n|switch|p1a: Kingambit|Kingambit, L50, F|100/100|[from] Parting Shot\n|move|p2b: Gojira|Rock Slide|p1a: Kingambit|[spread] p1a,p1b\n|-resisted|p1a: Kingambit|1\n|-supereffective|p1b: Froslass|1\n|-damage|p1a: Kingambit|94/100\n|-damage|p1b: Froslass|48/100\n|\n|-weather|Sandstorm|[upkeep]\n|-damage|p1b: Froslass|42/100|[from] Sandstorm\n|-damage|p2a: Surge|86/100|[from] Sandstorm\n|upkeep\n|turn|3\n|\n|t:|1776479811\n|switch|p1b: Incineroar|Incineroar, L50, F, shiny|100/100\n|-ability|p1b: Incineroar|Intimidate|boost\n|-unboost|p2a: Surge|atk|1\n|-unboost|p2b: Gojira|atk|1\n|switch|p2b: Dreadwing|Corviknight, L50, F, shiny|100/100\n|move|p2a: Surge|Will-O-Wisp|p1a: Kingambit|[miss]\n|-miss|p2a: Surge|p1a: Kingambit\n|move|p1a: Kingambit|Swords Dance|p1a: Kingambit\n|-boost|p1a: Kingambit|atk|2\n|\n|-weather|Sandstorm|[upkeep]\n|-damage|p1b: Incineroar|95/100|[from] Sandstorm\n|-damage|p2a: Surge|80/100|[from] Sandstorm\n|upkeep\n|turn|4\n|inactive|Quetzal06 has 30 seconds left.\n|\n|t:|1776479846\n|move|p1b: Incineroar|Fake Out|p2a: Surge\n|-damage|p2a: Surge|70/100\n|cant|p2a: Surge|flinch\n|move|p2b: Dreadwing|Tailwind|p2b: Dreadwing\n|-sidestart|p2: Quetzal06|move: Tailwind\n|move|p1a: Kingambit|Kowtow Cleave|p2b: Dreadwing\n|-damage|p2b: Dreadwing|30/100\n|\n|-weather|Sandstorm|[upkeep]\n|-damage|p2a: Surge|64/100|[from] Sandstorm\n|-damage|p1b: Incineroar|89/100|[from] Sandstorm\n|-heal|p2b: Dreadwing|36/100|[from] item: Leftovers\n|upkeep\n|turn|5\n|\n|t:|1776479866\n|switch|p1b: Sneasler|Sneasler, L50, F, shiny|100/100\n|move|p1a: Kingambit|Sucker Punch||[still]\n|-fail|p1a: Kingambit\n|move|p2a: Surge|Will-O-Wisp|p1a: Kingambit\n|-status|p1a: Kingambit|brn\n|move|p2b: Dreadwing|Roost|p2b: Dreadwing\n|-heal|p2b: Dreadwing|86/100\n|-singleturn|p2b: Dreadwing|move: Roost\n|\n|-weather|Sandstorm|[upkeep]\n|-damage|p2a: Surge|59/100|[from] Sandstorm\n|-damage|p1b: Sneasler|95/100|[from] Sandstorm\n|-heal|p2b: Dreadwing|92/100|[from] item: Leftovers\n|-damage|p1a: Kingambit|88/100 brn|[from] brn\n|-sideend|p1: oirgor|move: Aurora Veil\n|upkeep\n|turn|6\n|inactive|Quetzal06 has 30 seconds left.\n|\n|t:|1776479895\n|move|p1b: Sneasler|Fake Out|p2a: Surge\n|-damage|p2a: Surge|44/100\n|-enditem|p2a: Surge|Sitrus Berry|[eat]\n|-heal|p2a: Surge|68/100|[from] item: Sitrus Berry\n|cant|p2a: Surge|flinch\n|move|p2b: Dreadwing|Body Press|p1a: Kingambit\n|-supereffective|p1a: Kingambit|2\n|-damage|p1a: Kingambit|15/100 brn\n|move|p1a: Kingambit|Kowtow Cleave|p2a: Surge\n|-damage|p2a: Surge|14/100\n|\n|-weather|none\n|-heal|p2b: Dreadwing|98/100|[from] item: Leftovers\n|-damage|p1a: Kingambit|9/100 brn|[from] brn\n|upkeep\n|turn|7\n|inactive|Quetzal06 has 30 seconds left.\n|inactive|Quetzal06 has 20 seconds left.\n|inactive|Quetzal06 has 15 seconds left.\n|\n|t:|1776479938\n|move|p1b: Sneasler|Protect|p1b: Sneasler\n|-singleturn|p1b: Sneasler|Protect\n|move|p1a: Kingambit|Sucker Punch|p2b: Dreadwing\n|-damage|p2b: Dreadwing|69/100\n|move|p2a: Surge|Thunderbolt|p1a: Kingambit\n|-damage|p1a: Kingambit|0 fnt\n|faint|p1a: Kingambit\n|move|p2b: Dreadwing|Brave Bird|p1b: Sneasler\n|-activate|p1b: Sneasler|move: Protect\n|\n|-heal|p2b: Dreadwing|75/100|[from] item: Leftovers\n|-sideend|p2: Quetzal06|move: Tailwind\n|upkeep\n|\n|t:|1776479947\n|switch|p1a: Froslass|Froslass-Mega, L50, F, shiny|42/100\n|-weather|Snowscape|[from] ability: Snow Warning|[of] p1a: Froslass\n|turn|8\n|inactive|Quetzal06 has 30 seconds left.\n|inactive|Quetzal06 has 20 seconds left.\n|\n|t:|1776479983\n|switch|p1a: Incineroar|Incineroar, L50, F, shiny|89/100\n|-ability|p1a: Incineroar|Intimidate|boost\n|-unboost|p2a: Surge|atk|1\n|-ability|p2b: Dreadwing|Mirror Armor\n|-unboost|p1a: Incineroar|atk|1\n|move|p1b: Sneasler|Dire Claw|p2a: Surge\n|-damage|p2a: Surge|0 fnt\n|faint|p2a: Surge\n|move|p2b: Dreadwing|Tailwind|p2b: Dreadwing\n|-sidestart|p2: Quetzal06|move: Tailwind\n|\n|-weather|Snowscape|[upkeep]\n|-heal|p2b: Dreadwing|81/100|[from] item: Leftovers\n|upkeep\n|\n|t:|1776480003\n|switch|p2a: Ragnar|Excadrill, L50, M|100/100\n|turn|9\n|inactive|oirgor has 30 seconds left.\n|\n|t:|1776480028\n|switch|p1a: Froslass|Froslass-Mega, L50, F, shiny|42/100\n|move|p2a: Ragnar|Protect|p2a: Ragnar\n|-singleturn|p2a: Ragnar|Protect\n|move|p1b: Sneasler|Protect|p1b: Sneasler\n|-singleturn|p1b: Sneasler|Protect\n|move|p2b: Dreadwing|Brave Bird|p1b: Sneasler\n|-activate|p1b: Sneasler|move: Protect\n|\n|-weather|Snowscape|[upkeep]\n|-heal|p2b: Dreadwing|87/100|[from] item: Leftovers\n|upkeep\n|turn|10\n|\n|t:|1776480046\n|switch|p1b: Incineroar|Incineroar, L50, F, shiny|89/100\n|-ability|p1b: Incineroar|Intimidate|boost\n|-unboost|p2a: Ragnar|atk|1\n|-ability|p2b: Dreadwing|Mirror Armor\n|-unboost|p1b: Incineroar|atk|1\n|switch|p2b: Gojira|Tyranitar-Mega, L50, M|100/100\n|-weather|Sandstorm|[from] ability: Sand Stream|[of] p2b: Gojira\n|move|p1a: Froslass|Protect|p1a: Froslass\n|-singleturn|p1a: Froslass|Protect\n|move|p2a: Ragnar|Iron Head|p1a: Froslass\n|-activate|p1a: Froslass|move: Protect\n|\n|-weather|Sandstorm|[upkeep]\n|-damage|p1a: Froslass|36/100|[from] Sandstorm\n|-damage|p1b: Incineroar|83/100|[from] Sandstorm\n|upkeep\n|turn|11\n|inactive|oirgor has 30 seconds left.\n|inactive|Quetzal06 has 30 seconds left.\n|\n|t:|1776480080\n|switch|p2a: Dreadwing|Corviknight, L50, F, shiny|87/100\n|switch|p1a: Sneasler|Sneasler, L50, F, shiny|95/100\n|move|p2b: Gojira|Rock Slide|p1b: Incineroar|[spread] p1a,p1b\n|-resisted|p1a: Sneasler|1\n|-supereffective|p1b: Incineroar|1\n|-damage|p1a: Sneasler|60/100\n|-damage|p1b: Incineroar|19/100\n|cant|p1b: Incineroar|flinch\n|\n|-weather|Sandstorm|[upkeep]\n|-damage|p1a: Sneasler|55/100|[from] Sandstorm\n|-damage|p1b: Incineroar|13/100|[from] Sandstorm\n|-heal|p2a: Dreadwing|93/100|[from] item: Leftovers\n|-sideend|p2: Quetzal06|move: Tailwind\n|upkeep\n|turn|12\n|\n|t:|1776480104\n|move|p2b: Gojira|Protect|p2b: Gojira\n|-singleturn|p2b: Gojira|Protect\n|move|p1a: Sneasler|Close Combat|p2b: Gojira\n|-activate|p2b: Gojira|move: Protect\n|move|p1b: Incineroar|Flare Blitz|p2a: Dreadwing\n|-supereffective|p2a: Dreadwing|1\n|-damage|p2a: Dreadwing|52/100\n|-status|p2a: Dreadwing|brn\n|-damage|p1b: Incineroar|0 fnt|[from] Recoil\n|faint|p1b: Incineroar\n|move|p2a: Dreadwing|Tailwind|p2a: Dreadwing\n|-sidestart|p2: Quetzal06|move: Tailwind\n|\n|-weather|Sandstorm|[upkeep]\n|-damage|p1a: Sneasler|49/100|[from] Sandstorm\n|-heal|p2a: Dreadwing|58/100 brn|[from] item: Leftovers\n|-damage|p2a: Dreadwing|52/100 brn|[from] brn\n|upkeep\n|\n|t:|1776480110\n|switch|p1b: Froslass|Froslass-Mega, L50, F, shiny|36/100\n|-weather|Snowscape|[from] ability: Snow Warning|[of] p1b: Froslass\n|turn|13\n|inactive|Quetzal06 has 30 seconds left.\n|inactive|Quetzal06 has 20 seconds left.\n|\n|t:|1776480147\n|switch|p2b: Ragnar|Excadrill, L50, M|100/100\n|move|p1a: Sneasler|Close Combat|p2b: Ragnar\n|-supereffective|p2b: Ragnar|1\n|-enditem|p2b: Ragnar|Focus Sash\n|-damage|p2b: Ragnar|1/100\n|-unboost|p1a: Sneasler|def|1\n|-unboost|p1a: Sneasler|spd|1\n|move|p1b: Froslass|Blizzard|p2b: Ragnar|[spread] p2a,p2b\n|-damage|p2a: Dreadwing|10/100 brn\n|-damage|p2b: Ragnar|0 fnt\n|faint|p2b: Ragnar\n|move|p2a: Dreadwing|Brave Bird|p1a: Sneasler\n|-supereffective|p1a: Sneasler|1\n|-damage|p1a: Sneasler|0 fnt\n|faint|p1a: Sneasler\n|-damage|p2a: Dreadwing|0 fnt|[from] Recoil\n|faint|p2a: Dreadwing\n|\n|-weather|Snowscape|[upkeep]\n|upkeep\n|\n|t:|1776480167\n|switch|p2a: Gojira|Tyranitar-Mega, L50, M|100/100\n|-weather|Sandstorm|[from] ability: Sand Stream|[of] p2a: Gojira\n|turn|14\n|\n|t:|1776480171\n|move|p1b: Froslass|Blizzard|p2a: Gojira|[miss]\n|-miss|p1b: Froslass|p2a: Gojira\n|move|p2a: Gojira|Crunch|p1b: Froslass\n|-supereffective|p1b: Froslass|1\n|-damage|p1b: Froslass|0 fnt\n|faint|p1b: Froslass\n|\n|win|Quetzal06\n|raw|oirgor's rating: 1132 &rarr; <strong>1110</strong><br />(-22 for losing)\n|raw|Quetzal06's rating: 1178 &rarr; <strong>1200</strong><br />(+22 for winning)\n|l|\u2606oirgor\n|player|p1|\n",
  "uploadtime": 1776480265,
  "views": 13,
  "formatid": "gen9championsvgc2026regma",
  "rating": 1110,
  "private": 0,
  "password": null
}