{
  "id": "gen9championsvgc2026regma-2584206424",
  "format": "[Gen 9 Champions] VGC 2026 Reg M-A",
  "players": [
    "Beegit",
    "Alcalinoterri"
  ],
  "log": "|j|\u2606Beegit\n|j|\u2606Alcalinoterri\n|t:|1776238144\n|gametype|doubles\n|player|p1|Beegit|gentleman-gen4|1000\n|player|p2|Alcalinoterri|170|1081\n|gen|9\n|tier|[Gen 9 Champions] VGC 2026 Reg M-A\n|rated|\n|rule|Species Clause: Limit one of each Pok\u00e9mon\n|rule|Item Clause: Limit 1 of each item\n|clearpoke\n|poke|p1|Slowbro, L50, M|\n|poke|p1|Politoed, L50, M|\n|poke|p1|Manectric, L50, F|\n|poke|p1|Incineroar, L50, M|\n|poke|p1|Basculegion, L50, M|\n|poke|p1|Goodra, L50, F|\n|poke|p2|Froslass, L50, F|\n|poke|p2|Garchomp, L50, F|\n|poke|p2|Orthworm, L50, F|\n|poke|p2|Basculegion, L50, M|\n|poke|p2|Rotom-Frost, L50|\n|poke|p2|Incineroar, L50, F|\n|teampreview|4\n|\n|t:|1776238180\n|teamsize|p1|4\n|teamsize|p2|4\n|start\n|switch|p1a: Incineroar|Incineroar, L50, M|100/100\n|switch|p1b: Basculegion|Basculegion, L50, M|100/100\n|switch|p2a: Incineroar|Incineroar, L50, F|100/100\n|switch|p2b: Orthworm|Orthworm, L50, F|100/100\n|-ability|p2a: Incineroar|Intimidate|boost\n|-unboost|p1a: Incineroar|atk|1\n|-unboost|p1b: Basculegion|atk|1\n|-ability|p1a: Incineroar|Intimidate|boost\n|-unboost|p2a: Incineroar|atk|1\n|-unboost|p2b: Orthworm|atk|1\n|turn|1\n|\n|t:|1776238223\n|move|p2a: Incineroar|Fake Out|p1a: Incineroar\n|-damage|p1a: Incineroar|95/100\n|cant|p1a: Incineroar|flinch\n|move|p1b: Basculegion|Flip Turn|p2a: Incineroar\n|-supereffective|p2a: Incineroar|1\n|-damage|p2a: Incineroar|55/100\n|\n|t:|1776238233\n|switch|p1b: Slowbro|Slowbro, L50, M|100/100|[from] Flip Turn\n|move|p2b: Orthworm|Shed Tail|p2b: Orthworm\n|-start|p2b: Orthworm|Substitute|[from] move: Shed Tail\n|-damage|p2b: Orthworm|50/100\n|-enditem|p2b: Orthworm|Sitrus Berry|[eat]\n|-heal|p2b: Orthworm|75/100|[from] item: Sitrus Berry\n|\n|t:|1776238240\n|switch|p2b: Froslass|Froslass, L50, F, shiny|100/100|[from] Shed Tail\n|\n|upkeep\n|turn|2\n|\n|t:|1776238265\n|detailschange|p2b: Froslass|Froslass-Mega, L50, F, shiny\n|-mega|p2b: Froslass|Froslass|Froslassite\n|-weather|Snowscape|[from] ability: Snow Warning|[of] p2b: Froslass\n|detailschange|p1b: Slowbro|Slowbro-Mega, L50, M\n|-mega|p1b: Slowbro|Slowbro|Slowbronite\n|move|p2b: Froslass|Nasty Plot|p2b: Froslass\n|-boost|p2b: Froslass|spa|2\n|move|p1a: Incineroar|Parting Shot|p2b: Froslass\n|-unboost|p2b: Froslass|atk|1\n|-unboost|p2b: Froslass|spa|1\n|\n|t:|1776238274\n|switch|p1a: Politoed|Politoed, L50, M|100/100|[from] Parting Shot\n|-weather|RainDance|[from] ability: Drizzle|[of] p1a: Politoed\n|move|p2a: Incineroar|Parting Shot|p1a: Politoed\n|-unboost|p1a: Politoed|atk|1\n|-unboost|p1a: Politoed|spa|1\n|\n|t:|1776238288\n|switch|p2a: Orthworm|Orthworm, L50, F|75/100|[from] Parting Shot\n|move|p1b: Slowbro|Trick Room|p1b: Slowbro\n|-fieldstart|move: Trick Room|[of] p1b: Slowbro\n|\n|-weather|RainDance|[upkeep]\n|upkeep\n|turn|3\n|\n|t:|1776238314\n|switch|p1a: Incineroar|Incineroar, L50, M|95/100\n|-ability|p1a: Incineroar|Intimidate|boost\n|-unboost|p2a: Orthworm|atk|1\n|-immune|p2b: Froslass\n|switch|p2b: Garchomp|Garchomp, L50, F|100/100\n|move|p1b: Slowbro|Surf|p2a: Orthworm|[spread] p1a,p2a,p2b\n|-supereffective|p1a: Incineroar|1\n|-crit|p1a: Incineroar\n|-damage|p1a: Incineroar|0 fnt\n|-damage|p2a: Orthworm|0 fnt\n|-damage|p2b: Garchomp|30/100\n|faint|p1a: Incineroar\n|faint|p2a: Orthworm\n|\n|-weather|RainDance|[upkeep]\n|upkeep\n|\n|t:|1776238332\n|switch|p1a: Basculegion|Basculegion, L50, M|100/100\n|switch|p2a: Froslass|Froslass-Mega, L50, F, shiny|100/100\n|-weather|Snowscape|[from] ability: Snow Warning|[of] p2a: Froslass\n|turn|4\n|\n|t:|1776238374\n|move|p2b: Garchomp|Protect|p2b: Garchomp\n|-singleturn|p2b: Garchomp|Protect\n|move|p1b: Slowbro|Psychic|p2a: Froslass\n|-damage|p2a: Froslass|31/100\n|-unboost|p2a: Froslass|spd|1\n|move|p1a: Basculegion|Flip Turn|p2b: Garchomp\n|-activate|p2b: Garchomp|move: Protect\n|move|p2a: Froslass|Shadow Ball|p1a: Basculegion\n|-supereffective|p1a: Basculegion|1\n|-damage|p1a: Basculegion|7/100\n|\n|-weather|Snowscape|[upkeep]\n|upkeep\n|turn|5\n|\n|t:|1776238402\n|move|p2a: Froslass|Protect|p2a: Froslass\n|-singleturn|p2a: Froslass|Protect\n|move|p1b: Slowbro|Surf|p2a: Froslass|[spread] p1a,p2b\n|-activate|p2a: Froslass|move: Protect\n|-resisted|p1a: Basculegion|1\n|-damage|p1a: Basculegion|0 fnt\n|-damage|p2b: Garchomp|0 fnt\n|faint|p1a: Basculegion\n|faint|p2b: Garchomp\n|\n|-weather|Snowscape|[upkeep]\n|upkeep\n|\n|t:|1776238412\n|switch|p1a: Politoed|Politoed, L50, M|100/100\n|switch|p2b: Incineroar|Incineroar, L50, F|55/100\n|-ability|p2b: Incineroar|Intimidate|boost\n|-unboost|p1a: Politoed|atk|1\n|-unboost|p1b: Slowbro|atk|1\n|-weather|RainDance|[from] ability: Drizzle|[of] p1a: Politoed\n|turn|6\n|inactive|Battle timer is ON: inactive players will automatically lose when time's up. (requested by Beegit)\n|inactive|Alcalinoterri has 60 seconds left.\n|inactive|Alcalinoterri has 30 seconds left.\n|l|\u2606Alcalinoterri\n|inactive|Alcalinoterri disconnected and has a minute to reconnect!\n|player|p2|\n|inactive|Alcalinoterri has 20 seconds left.\n|inactive|Alcalinoterri has 15 seconds left.\n|inactive|Alcalinoterri has 10 seconds left.\n|inactive|Alcalinoterri has 5 seconds left.\n|-message|Alcalinoterri lost due to inactivity.\n|\n|win|Beegit\n|raw|Beegit's rating: 1000 &rarr; <strong>1047</strong><br />(+47 for winning)\n|raw|Alcalinoterri's rating: 1064 &rarr; <strong>1041</strong><br />(-23 for losing)\n",
  "uploadtime": 1776238610,
  "views": 23,
  "formatid": "gen9championsvgc2026regma",
  "rating": 1041,
  "private": 0,
  "password": null
}