{
  "id": "gen9championsvgc2026regma-2582711448",
  "format": "[Gen 9 Champions] VGC 2026 Reg M-A",
  "players": [
    "Sergimedina",
    "debouls"
  ],
  "log": "|j|\u203dSergimedina\n|j|\u2606debouls\n|t:|1776108903\n|gametype|doubles\n|player|p1|Sergimedina|266|1176\n|player|p2|debouls|1|1236\n|gen|9\n|tier|[Gen 9 Champions] VGC 2026 Reg M-A\n|rated|\n|rule|Species Clause: Limit one of each Pok\u00e9mon\n|rule|Item Clause: Limit 1 of each item\n|clearpoke\n|poke|p1|Charizard, L50, M|\n|poke|p1|Venusaur, L50, F|\n|poke|p1|Rotom-Wash, L50|\n|poke|p1|Garchomp, L50, M|\n|poke|p1|Maushold-Four, L50|\n|poke|p1|Kingambit, L50, M|\n|poke|p2|Arcanine, L50, F|\n|poke|p2|Rotom-Wash, L50|\n|poke|p2|Garchomp, L50, M|\n|poke|p2|Venusaur, L50, F|\n|poke|p2|Corviknight, L50, M|\n|poke|p2|Sneasler, L50, M|\n|teampreview|4\n|inactive|Battle timer is ON: inactive players will automatically lose when time's up. (requested by Sergimedina)\n|\n|t:|1776108959\n|teamsize|p1|4\n|teamsize|p2|4\n|start\n|switch|p1a: Charizard|Charizard, L50, M|100/100\n|switch|p1b: Venusaur|Venusaur, L50, F|100/100\n|switch|p2a: Rotom|Rotom-Wash, L50|100/100\n|switch|p2b: Arcanine|Arcanine, L50, F|100/100\n|-ability|p2b: Arcanine|Intimidate|boost\n|-unboost|p1a: Charizard|atk|1\n|-unboost|p1b: Venusaur|atk|1\n|turn|1\n|\n|t:|1776108984\n|detailschange|p1a: Charizard|Charizard-Mega-Y, L50, M\n|-mega|p1a: Charizard|Charizard|Charizardite Y\n|-weather|SunnyDay|[from] ability: Drought|[of] p1a: Charizard\n|move|p2b: Arcanine|Protect|p2b: Arcanine\n|-singleturn|p2b: Arcanine|Protect\n|move|p1b: Venusaur|Sleep Powder|p2a: Rotom\n|-status|p2a: Rotom|slp|[from] move: Sleep Powder\n|cant|p2a: Rotom|slp\n|move|p1a: Charizard|Scorching Sands|p2b: Arcanine\n|-activate|p2b: Arcanine|move: Protect\n|\n|-weather|SunnyDay|[upkeep]\n|upkeep\n|turn|2\n|\n|t:|1776109018\n|move|p1b: Venusaur|Sludge Bomb|p2b: Arcanine\n|-damage|p2b: Arcanine|53/100\n|-status|p2b: Arcanine|psn\n|-curestatus|p2a: Rotom|slp|[msg]\n|move|p2a: Rotom|Thunderbolt|p1a: Charizard\n|-supereffective|p1a: Charizard|1\n|-damage|p1a: Charizard|4/100\n|move|p1a: Charizard|Scorching Sands|p2b: Arcanine\n|-supereffective|p2b: Arcanine|1\n|-damage|p2b: Arcanine|0 fnt\n|faint|p2b: Arcanine\n|\n|-weather|SunnyDay|[upkeep]\n|upkeep\n|\n|t:|1776109033\n|switch|p2b: Venusaur|Venusaur, L50, F|100/100\n|turn|3\n|\n|t:|1776109045\n|switch|p1a: Garchomp|Garchomp, L50, M|100/100\n|detailschange|p2b: Venusaur|Venusaur-Mega, L50, F\n|-mega|p2b: Venusaur|Venusaur|Venusaurite\n|move|p1b: Venusaur|Energy Ball|p2a: Rotom\n|-supereffective|p2a: Rotom|1\n|-damage|p2a: Rotom|0 fnt\n|faint|p2a: Rotom\n|move|p2b: Venusaur|Sludge Bomb|p1b: Venusaur\n|-damage|p1b: Venusaur|55/100\n|\n|-weather|SunnyDay|[upkeep]\n|upkeep\n|\n|t:|1776109056\n|switch|p2a: Garchomp|Garchomp, L50, M|100/100\n|turn|4\n|\n|t:|1776109076\n|move|p2a: Garchomp|Protect|p2a: Garchomp\n|-singleturn|p2a: Garchomp|Protect\n|move|p1a: Garchomp|Dragon Claw|p2a: Garchomp\n|-activate|p2a: Garchomp|move: Protect\n|move|p1b: Venusaur|Energy Ball|p2a: Garchomp\n|-activate|p2a: Garchomp|move: Protect\n|move|p2b: Venusaur|Leech Seed|p1a: Garchomp\n|-start|p1a: Garchomp|move: Leech Seed\n|\n|-weather|SunnyDay|[upkeep]\n|-damage|p1a: Garchomp|88/100|[from] Leech Seed|[of] p2b: Venusaur\n|upkeep\n|turn|5\n|inactive|debouls has 30 seconds left.\n|inactive|debouls has 20 seconds left.\n|inactive|debouls has 15 seconds left.\n|\n|t:|1776109121\n|switch|p1a: Rotom|Rotom-Wash, L50|100/100\n|move|p2a: Garchomp|Protect|p2a: Garchomp\n|-singleturn|p2a: Garchomp|Protect\n|move|p1b: Venusaur|Energy Ball|p2a: Garchomp\n|-activate|p2a: Garchomp|move: Protect\n|move|p2b: Venusaur|Sludge Bomb|p1b: Venusaur\n|-damage|p1b: Venusaur|9/100\n|\n|-weather|none\n|upkeep\n|turn|6\n|\n|t:|1776109140\n|switch|p1b: Garchomp|Garchomp, L50, M|88/100\n|move|p2a: Garchomp|Dragon Claw|p1b: Garchomp\n|-supereffective|p1b: Garchomp|1\n|-damage|p1b: Garchomp|5/100\n|-damage|p2a: Garchomp|88/100|[from] ability: Rough Skin|[of] p1b: Garchomp\n|move|p2b: Venusaur|Giga Drain|p1a: Rotom\n|-supereffective|p1a: Rotom|1\n|-damage|p1a: Rotom|23/100\n|move|p1a: Rotom|Will-O-Wisp|p2a: Garchomp\n|-status|p2a: Garchomp|brn\n|\n|-heal|p1a: Rotom|29/100|[from] item: Leftovers\n|-damage|p2a: Garchomp|82/100 brn|[from] brn\n|upkeep\n|turn|7\n|\n|t:|1776109161\n|move|p2a: Garchomp|Protect|p2a: Garchomp\n|-singleturn|p2a: Garchomp|Protect\n|move|p1a: Rotom|Protect|p1a: Rotom\n|-singleturn|p1a: Rotom|Protect\n|move|p1b: Garchomp|Earthquake|p2b: Venusaur|[spread] p2b\n|-activate|p1a: Rotom|move: Protect\n|-activate|p2a: Garchomp|move: Protect\n|-damage|p2b: Venusaur|68/100\n|move|p2b: Venusaur|Giga Drain|p1b: Garchomp\n|-damage|p1b: Garchomp|0 fnt\n|-heal|p2b: Venusaur|71/100|[from] drain|[of] p1b: Garchomp\n|faint|p1b: Garchomp\n|\n|-heal|p1a: Rotom|34/100|[from] item: Leftovers\n|-damage|p2a: Garchomp|77/100 brn|[from] brn\n|upkeep\n|\n|t:|1776109174\n|switch|p1b: Charizard|Charizard-Mega-Y, L50, M|4/100\n|-weather|SunnyDay|[from] ability: Drought|[of] p1b: Charizard\n|turn|8\n|\n|t:|1776109190\n|move|p2a: Garchomp|Dragon Claw|p1b: Charizard\n|-damage|p1b: Charizard|0 fnt\n|faint|p1b: Charizard\n|move|p2b: Venusaur|Giga Drain|p1a: Rotom\n|-supereffective|p1a: Rotom|1\n|-damage|p1a: Rotom|0 fnt\n|-heal|p2b: Venusaur|86/100|[from] drain|[of] p1a: Rotom\n|faint|p1a: Rotom\n|\n|-weather|SunnyDay|[upkeep]\n|-damage|p2a: Garchomp|71/100 brn|[from] brn\n|upkeep\n|-message|Sergimedina forfeited.\n|\n|win|debouls\n|raw|Sergimedina's rating: 1176 &rarr; <strong>1155</strong><br />(-21 for losing)\n|raw|debouls's rating: 1236 &rarr; <strong>1257</strong><br />(+21 for winning)\n|l|\u203dSergimedina\n|player|p1|\n",
  "uploadtime": 1776109200,
  "views": 12,
  "formatid": "gen9championsvgc2026regma",
  "rating": 1155,
  "private": 0,
  "password": null
}