{
  "id": "gen9championsvgc2026regma-2587590753",
  "format": "[Gen 9 Champions] VGC 2026 Reg M-A",
  "players": [
    "perucetus",
    "seattleseadrasfpl"
  ],
  "log": "|j|\u2606perucetus\n|j|\u2606seattleseadrasfpl\n|t:|1776544997\n|gametype|doubles\n|player|p1|perucetus|pokemaniac|1340\n|player|p2|seattleseadrasfpl|fisherman-gen4|1411\n|gen|9\n|tier|[Gen 9 Champions] VGC 2026 Reg M-A\n|rated|\n|rule|Species Clause: Limit one of each Pok\u00e9mon\n|rule|Item Clause: Limit 1 of each item\n|clearpoke\n|poke|p1|Crabominable, L50, F, shiny|\n|poke|p1|Slowking-Galar, L50, M|\n|poke|p1|Kingambit, L50, M|\n|poke|p1|Incineroar, L50, M|\n|poke|p1|Primarina, L50, F|\n|poke|p1|Sinistcha-Masterpiece, L50|\n|poke|p2|Pelipper, L50, M|\n|poke|p2|Archaludon, L50, F|\n|poke|p2|Blastoise, L50, M|\n|poke|p2|Scizor, L50, F|\n|poke|p2|Sinistcha, L50|\n|poke|p2|Sneasler, L50, M|\n|teampreview|4\nperucetus rejected open team sheets.\n|inactive|Battle timer is ON: inactive players will automatically lose when time's up. (requested by perucetus)\n|inactive|perucetus has 60 seconds left.\n|inactive|seattleseadrasfpl has 60 seconds left.\n|\n|t:|1776545044\n|teamsize|p1|4\n|teamsize|p2|4\n|start\n|switch|p1a: Slowking|Slowking-Galar, L50, M|100/100\n|switch|p1b: Sinistcha|Sinistcha-Masterpiece, L50|100/100\n|switch|p2a: Blastoise|Blastoise, L50, M|100/100\n|switch|p2b: Sneasler|Sneasler, L50, M|100/100\n|turn|1\n|\n|t:|1776545062\n|detailschange|p2a: Blastoise|Blastoise-Mega, L50, M\n|-mega|p2a: Blastoise|Blastoise|Blastoisinite\n|move|p2b: Sneasler|Dire Claw|p1b: Sinistcha\n|-damage|p1b: Sinistcha|64/100\n|-status|p1b: Sinistcha|par\n|move|p2a: Blastoise|Dark Pulse|p1b: Sinistcha\n|-supereffective|p1b: Sinistcha|1\n|-damage|p1b: Sinistcha|0 fnt\n|faint|p1b: Sinistcha\n|-prepare|p1a: Slowking|Chilly Reception|[premajor]\n|move|p1a: Slowking|Chilly Reception|p1a: Slowking\n|-weather|Snowscape\n|\n|t:|1776545075\n|switch|p1a: Crabominable|Crabominable, L50, F, shiny|100/100|[from] Chilly Reception\n|\n|-weather|Snowscape|[upkeep]\n|upkeep\n|\n|t:|1776545077\n|switch|p1b: Slowking|Slowking-Galar, L50, M|100/100\n|turn|2\n|inactive|seattleseadrasfpl has 30 seconds left.\n|\n|t:|1776545110\n|switch|p2b: Scizor|Scizor, L50, F|100/100\n|move|p1a: Crabominable|Protect|p1a: Crabominable\n|-singleturn|p1a: Crabominable|Protect\n|move|p2a: Blastoise|Water Pulse|p1a: Crabominable\n|-activate|p1a: Crabominable|move: Protect\n|move|p1b: Slowking|Trick Room|p1b: Slowking\n|-fieldstart|move: Trick Room|[of] p1b: Slowking\n|\n|-weather|Snowscape|[upkeep]\n|upkeep\n|turn|3\n|\n|t:|1776545132\n|detailschange|p1a: Crabominable|Crabominable-Mega, L50, F, shiny\n|-mega|p1a: Crabominable|Crabominable|Crabominite\n|move|p2b: Scizor|Bullet Punch|p1a: Crabominable\n|-supereffective|p1a: Crabominable|1\n|-damage|p1a: Crabominable|51/100\n|move|p1b: Slowking|Sludge Bomb|p2a: Blastoise\n|-damage|p2a: Blastoise|63/100\n|move|p1a: Crabominable|Drain Punch|p2a: Blastoise\n|-damage|p2a: Blastoise|8/100\n|-heal|p1a: Crabominable|76/100|[from] drain|[of] p2a: Blastoise\n|move|p2a: Blastoise|Water Pulse|p1a: Crabominable\n|-damage|p1a: Crabominable|37/100\n|\n|-weather|Snowscape|[upkeep]\n|upkeep\n|turn|4\n|inactive|perucetus has 30 seconds left.\n|\n|t:|1776545172\n|move|p1a: Crabominable|Protect|p1a: Crabominable\n|-singleturn|p1a: Crabominable|Protect\n|move|p2a: Blastoise|Protect|p2a: Blastoise\n|-singleturn|p2a: Blastoise|Protect\n|move|p1b: Slowking|Psychic Noise|p2a: Blastoise\n|-activate|p2a: Blastoise|move: Protect\n|move|p2b: Scizor|Swords Dance|p2b: Scizor\n|-boost|p2b: Scizor|atk|2\n|\n|-weather|Snowscape|[upkeep]\n|upkeep\n|turn|5\n|\n|t:|1776545196\n|switch|p2a: Sinistcha|Sinistcha, L50|100/100\n|move|p1a: Crabominable|Mach Punch|p2a: Sinistcha\n|-immune|p2a: Sinistcha\n|move|p2b: Scizor|Bullet Punch|p1a: Crabominable\n|-supereffective|p1a: Crabominable|1\n|-damage|p1a: Crabominable|0 fnt\n|faint|p1a: Crabominable\n|move|p1b: Slowking|Psychic Noise|p2b: Scizor\n|-resisted|p2b: Scizor|1\n|-damage|p2b: Scizor|84/100\n|-start|p2b: Scizor|move: Heal Block\n|\n|-weather|none\n|upkeep\n|\n|t:|1776545207\n|switch|p1a: Primarina|Primarina, L50, F|100/100\n|turn|6\n|\n|t:|1776545223\n|move|p2b: Scizor|Protect|p2b: Scizor\n|-singleturn|p2b: Scizor|Protect\n|move|p2a: Sinistcha|Protect|p2a: Sinistcha\n|-singleturn|p2a: Sinistcha|Protect\n|move|p1b: Slowking|Psychic Noise|p2a: Sinistcha\n|-activate|p2a: Sinistcha|move: Protect\n|move|p1a: Primarina|Calm Mind|p1a: Primarina\n|-boost|p1a: Primarina|spa|1\n|-boost|p1a: Primarina|spd|1\n|\n|-end|p2b: Scizor|move: Heal Block\n|-fieldend|move: Trick Room\n|upkeep\n|turn|7\n|\n|t:|1776545247\n|move|p2a: Sinistcha|Matcha Gotcha|p1a: Primarina|[spread] p1a,p1b\n|-supereffective|p1a: Primarina|1\n|-resisted|p1b: Slowking|1\n|-damage|p1a: Primarina|73/100\n|-damage|p1b: Slowking|92/100\n|move|p1a: Primarina|Calm Mind|p1a: Primarina\n|-boost|p1a: Primarina|spa|1\n|-boost|p1a: Primarina|spd|1\n|move|p2b: Scizor|Bug Bite|p1b: Slowking\n|-damage|p1b: Slowking|2/100\n|-enditem|p1b: Slowking|Colbur Berry|[from] stealeat|[move] Bug Bite|[of] p2b: Scizor\n|move|p1b: Slowking|Trick Room|p1b: Slowking\n|-fieldstart|move: Trick Room|[of] p1b: Slowking\n|\n|-heal|p1a: Primarina|79/100|[from] item: Leftovers\n|upkeep\n|turn|8\n|\n|t:|1776545266\n|move|p2b: Scizor|Bullet Punch|p1a: Primarina\n|-damage|p1a: Primarina|0 fnt\n|faint|p1a: Primarina\n|move|p1b: Slowking|Psychic Noise|p2a: Sinistcha\n|-damage|p2a: Sinistcha|77/100\n|-start|p2a: Sinistcha|move: Heal Block\n|move|p2a: Sinistcha|Trick Room|p2a: Sinistcha\n|-fieldend|move: Trick Room\n|\n|upkeep\n|turn|9\n|-message|perucetus forfeited.\n|\n|win|seattleseadrasfpl\n|raw|perucetus's rating: 1340 &rarr; <strong>1324</strong><br />(-16 for losing)\n|raw|seattleseadrasfpl's rating: 1411 &rarr; <strong>1427</strong><br />(+16 for winning)\n|l|\u2606perucetus\n|player|p1|\n",
  "uploadtime": 1776545278,
  "views": 19,
  "formatid": "gen9championsvgc2026regma",
  "rating": 1324,
  "private": 0,
  "password": null
}