{
  "id": "gen9championsvgc2026regma-2583690720",
  "format": "[Gen 9 Champions] VGC 2026 Reg M-A",
  "players": [
    "360Yes",
    "PyroPeepo"
  ],
  "log": "|j|\u2606360Yes\n|j|\u2606PyroPeepo\n|t:|1776191275\n|gametype|doubles\n|player|p1|360Yes|170|1102\n|player|p2|PyroPeepo|benga|1000\n|gen|9\n|tier|[Gen 9 Champions] VGC 2026 Reg M-A\n|rated|\n|rule|Species Clause: Limit one of each Pok\u00e9mon\n|rule|Item Clause: Limit 1 of each item\n|clearpoke\n|poke|p1|Floette-Eternal, L50, F|\n|poke|p1|Aerodactyl, L50, M|\n|poke|p1|Incineroar, L50, F|\n|poke|p1|Samurott-Hisui, L50, F|\n|poke|p1|Dragapult, L50, M|\n|poke|p1|Garchomp, L50, M|\n|poke|p2|Incineroar, L50, M|\n|poke|p2|Whimsicott, L50, F|\n|poke|p2|Charizard, L50, M|\n|poke|p2|Venusaur, L50, M|\n|poke|p2|Hydreigon, L50, M|\n|poke|p2|Sneasler, L50, F|\n|teampreview|4\n|inactive|Battle timer is ON: inactive players will automatically lose when time's up. (requested by PyroPeepo)\n360Yes rejected open team sheets.\n|inactive|PyroPeepo has 60 seconds left.\n|\n|t:|1776191325\n|teamsize|p1|4\n|teamsize|p2|4\n|start\n|switch|p1a: Floette|Floette-Eternal, L50, F, shiny|100/100\n|switch|p1b: Aerodactyl|Aerodactyl, L50, M, shiny|100/100\n|switch|p2a: Snoozeler|Sneasler, L50, F|100/100\n|switch|p2b: Dandelion|Whimsicott, L50, F|100/100\n|-ability|p1b: Aerodactyl|Unnerve\n|turn|1\n|\n|t:|1776191355\n|detailschange|p1a: Floette|Floette-Mega, L50, F, shiny\n|-mega|p1a: Floette|Floette|Floettite\n|-ability|p1a: Floette|Fairy Aura\n|move|p1a: Floette|Protect|p1a: Floette\n|-singleturn|p1a: Floette|Protect\n|move|p2b: Dandelion|Tailwind|p2b: Dandelion\n|-sidestart|p2: PyroPeepo|move: Tailwind\n|move|p2a: Snoozeler|Dire Claw|p1a: Floette\n|-activate|p1a: Floette|move: Protect\n|move|p1b: Aerodactyl|Dual Wingbeat|p2a: Snoozeler\n|-supereffective|p2a: Snoozeler|1\n|-damage|p2a: Snoozeler|39/100\n|-supereffective|p2a: Snoozeler|1\n|-damage|p2a: Snoozeler|0 fnt\n|faint|p2a: Snoozeler\n|-hitcount|p2: Snoozeler|2\n|\n|upkeep\n|\n|t:|1776191374\n|switch|p2a: Smaug|Charizard, L50, M, shiny|100/100\n|turn|2\n|\n|t:|1776191397\n|detailschange|p2a: Smaug|Charizard-Mega-Y, L50, M, shiny\n|-mega|p2a: Smaug|Charizard|Charizardite Y\n|-weather|SunnyDay|[from] ability: Drought|[of] p2a: Smaug\n|move|p2b: Dandelion|Encore|p1a: Floette\n|-start|p1a: Floette|Encore\n|move|p1a: Floette|Protect|p1a: Floette\n|-singleturn|p1a: Floette|Protect\n|move|p2a: Smaug|Solar Beam||[still]\n|-prepare|p2a: Smaug|Solar Beam\n|-anim|p2a: Smaug|Solar Beam|p1b: Aerodactyl\n|-damage|p1b: Aerodactyl|43/100\n|move|p1b: Aerodactyl|Tailwind|p1b: Aerodactyl\n|-sidestart|p1: 360Yes|move: Tailwind\n|\n|-weather|SunnyDay|[upkeep]\n|upkeep\n|turn|3\n|inactive|360Yes has 30 seconds left.\n|\n|t:|1776191426\n|switch|p1a: Incineroar|Incineroar, L50, F|100/100\n|-ability|p1a: Incineroar|Intimidate|boost\n|-unboost|p2a: Smaug|atk|1\n|-unboost|p2b: Dandelion|atk|1\n|move|p2a: Smaug|Protect|p2a: Smaug\n|-singleturn|p2a: Smaug|Protect\n|move|p1b: Aerodactyl|Rock Slide|p2a: Smaug|[spread] p2b\n|-activate|p2a: Smaug|move: Protect\n|-damage|p2b: Dandelion|73/100\n|move|p2b: Dandelion|Moonblast|p1b: Aerodactyl\n|-damage|p1b: Aerodactyl|4/100\n|-unboost|p1b: Aerodactyl|spa|1\n|\n|-weather|SunnyDay|[upkeep]\n|upkeep\n|turn|4\n|inactive|PyroPeepo has 30 seconds left.\n|inactive|360Yes has 30 seconds left.\n|inactive|PyroPeepo has 20 seconds left.\n|inactive|PyroPeepo has 15 seconds left.\n|inactive|PyroPeepo has 10 seconds left.\n|\n|t:|1776191472\n|switch|p2a: Bruteroot|Venusaur, L50, M|100/100\n|move|p1a: Incineroar|Fake Out|p2b: Dandelion\n|-damage|p2b: Dandelion|60/100\n|move|p1b: Aerodactyl|Rock Slide|p2b: Dandelion|[spread] p2a,p2b\n|-damage|p2a: Bruteroot|76/100\n|-damage|p2b: Dandelion|33/100\n|cant|p2b: Dandelion|flinch\n|\n|-weather|SunnyDay|[upkeep]\n|-sideend|p2: PyroPeepo|move: Tailwind\n|upkeep\n|turn|5\n|inactive|360Yes has 30 seconds left.\n|inactive|PyroPeepo has 30 seconds left.\n|inactive|360Yes has 20 seconds left.\n|inactive|PyroPeepo has 20 seconds left.\n|inactive|PyroPeepo has 15 seconds left.\n|\n|t:|1776191518\n|move|p1b: Aerodactyl|Protect|p1b: Aerodactyl\n|-singleturn|p1b: Aerodactyl|Protect\n|move|p2b: Dandelion|Encore|p1a: Incineroar\n|-hint|Since gen 7, Dark is immune to Prankster moves.\n|-immune|p1a: Incineroar\n|move|p2a: Bruteroot|Sleep Powder|p1b: Aerodactyl\n|-activate|p1b: Aerodactyl|move: Protect\n|move|p1a: Incineroar|Flare Blitz|p2b: Dandelion\n|-supereffective|p2b: Dandelion|1\n|-damage|p2b: Dandelion|0 fnt\n|faint|p2b: Dandelion\n|-damage|p1a: Incineroar|92/100|[from] Recoil\n|\n|-weather|SunnyDay|[upkeep]\n|-sideend|p1: 360Yes|move: Tailwind\n|upkeep\n|\n|t:|1776191525\n|switch|p2b: Smaug|Charizard-Mega-Y, L50, M, shiny|100/100\n|turn|6\n|\n|t:|1776191539\n|move|p2a: Bruteroot|Protect|p2a: Bruteroot\n|-singleturn|p2a: Bruteroot|Protect\n|move|p1b: Aerodactyl|Tailwind|p1b: Aerodactyl\n|-sidestart|p1: 360Yes|move: Tailwind\n|move|p1a: Incineroar|Flare Blitz|p2a: Bruteroot\n|-activate|p2a: Bruteroot|move: Protect\n|move|p2b: Smaug|Heat Wave|p1a: Incineroar|[spread] p1a,p1b\n|-resisted|p1a: Incineroar|1\n|-resisted|p1b: Aerodactyl|1\n|-damage|p1a: Incineroar|65/100\n|-damage|p1b: Aerodactyl|0 fnt\n|faint|p1b: Aerodactyl\n|\n|-weather|none\n|upkeep\n|\n|t:|1776191553\n|switch|p1b: Dragapult|Dragapult, L50, M|100/100\n|turn|7\n|\n|t:|1776191565\n|move|p1b: Dragapult|Light Screen|p1b: Dragapult\n|-sidestart|p1: 360Yes|move: Light Screen\n|move|p1a: Incineroar|Flare Blitz|p2a: Bruteroot\n|-supereffective|p2a: Bruteroot|1\n|-damage|p2a: Bruteroot|0 fnt\n|faint|p2a: Bruteroot\n|-damage|p1a: Incineroar|40/100|[from] Recoil\n|-enditem|p1a: Incineroar|Sitrus Berry|[eat]\n|-heal|p1a: Incineroar|65/100|[from] item: Sitrus Berry\n|move|p2b: Smaug|Heat Wave|p1b: Dragapult|[spread] p1a,p1b\n|-resisted|p1a: Incineroar|1\n|-crit|p1a: Incineroar\n|-resisted|p1b: Dragapult|1\n|-damage|p1a: Incineroar|40/100\n|-damage|p1b: Dragapult|84/100\n|\n|upkeep\n|turn|8\n|-message|PyroPeepo forfeited.\n|\n|win|360Yes\n|raw|360Yes's rating: 1102 &rarr; <strong>1120</strong><br />(+18 for winning)\n|raw|PyroPeepo's rating: 1000 &rarr; <strong>1000</strong><br />(+0 for losing)\n|l|\u2606PyroPeepo\n|player|p2|\n",
  "uploadtime": 1776192473,
  "views": 13,
  "formatid": "gen9championsvgc2026regma",
  "rating": 1000,
  "private": 0,
  "password": null
}