{
  "id": "gen9championsvgc2026regma-2588697523",
  "format": "[Gen 9 Champions] VGC 2026 Reg M-A",
  "players": [
    "gimwepaw",
    "Jackalope11"
  ],
  "log": "|j|\u2606gimwepaw\n|j|\u2606Jackalope11\n|html|<table width=\"100%\"><tr><td align=\"left\">gimwepaw</td><td align=\"right\">Jackalope11</tr><tr><td align=\"left\"><i class=\"fa fa-circle-o\"></i> <i class=\"fa fa-circle-o\"></i> </td><td align=\"right\"><i class=\"fa fa-circle-o\"></i> <i class=\"fa fa-circle\"></i> </tr></table>\n|uhtml|bestof|<h2><strong>Game 2</strong> of <a href=\"/game-bestof3-gen9championsvgc2026regma-2588693939\">a best-of-3</a></h2>\n|t:|1776658966\n|gametype|doubles\n|player|p1|gimwepaw|265|\n|player|p2|Jackalope11|2|\n|gen|9\n|tier|[Gen 9 Champions] VGC 2026 Reg M-A\n|rule|Species Clause: Limit one of each Pok\u00e9mon\n|rule|Item Clause: Limit 1 of each item\n|raw|<div class=\"infobox\"><details class=\"readmore\" open><summary><strong>1 custom rule:</strong></summary> Best of = 3</details></div>\n|clearpoke\n|poke|p1|Feraligatr, L50, F|\n|poke|p1|Sinistcha, L50|\n|poke|p1|Arcanine-Hisui, L50, F|\n|poke|p1|Aerodactyl, L50, F|\n|poke|p1|Archaludon, L50, M|\n|poke|p1|Klefki, L50, M|\n|poke|p2|Rotom-Wash, L50|\n|poke|p2|Excadrill, L50, M|\n|poke|p2|Tyranitar, L50, F|\n|poke|p2|Sinistcha, L50|\n|poke|p2|Sneasler, L50, F|\n|poke|p2|Delphox, L50, M|\n|teampreview|4\n|inactive|Battle timer is ON: inactive players will automatically lose when time's up. (requested by gimwepaw)\n|c|\u2606gimwepaw|I\u2019m trying now by the way\n|c|\u2606gimwepaw|Just letting you know\n|inactive|Jackalope11 has 60 seconds left.\n|\n|t:|1776659051\n|teamsize|p1|4\n|teamsize|p2|4\n|start\n|switch|p1a: Feraligatr|Feraligatr, L50, F|100/100\n|switch|p1b: Arcanine|Arcanine-Hisui, L50, F|100/100\n|switch|p2a: Excadrill|Excadrill, L50, M|100/100\n|switch|p2b: Sneasler|Sneasler, L50, F|100/100\n|-ability|p1b: Arcanine|Intimidate|boost\n|-unboost|p2a: Excadrill|atk|1\n|-unboost|p2b: Sneasler|atk|1\n|-enditem|p2b: Sneasler|White Herb\n|-clearnegativeboost|p2b: Sneasler|[silent]\n|turn|1\n|inactive|Jackalope11 has 30 seconds left.\n|inactive|Jackalope11 has 20 seconds left.\n|inactive|Jackalope11 has 15 seconds left.\n|\n|t:|1776659094\n|switch|p1b: Aerodactyl|Aerodactyl, L50, F|100/100\n|-ability|p1b: Aerodactyl|Pressure\n|switch|p2a: Sinistcha|Sinistcha, L50|100/100\n|move|p1a: Feraligatr|Protect|p1a: Feraligatr\n|-singleturn|p1a: Feraligatr|Protect\n|move|p2b: Sneasler|Fake Out|p1a: Feraligatr\n|-activate|p1a: Feraligatr|move: Protect\n|\n|upkeep\n|turn|2\n|c|\u2606Jackalope11|w tech\n|inactive|gimwepaw has 30 seconds left.\n|\n|t:|1776659121\n|detailschange|p1a: Feraligatr|Feraligatr-Mega, L50, F\n|-mega|p1a: Feraligatr|Feraligatr|Feraligite\n|move|p2b: Sneasler|Taunt|p1b: Aerodactyl\n|-start|p1b: Aerodactyl|move: Taunt\n|move|p1b: Aerodactyl|Dual Wingbeat|p2b: Sneasler\n|-supereffective|p2b: Sneasler|1\n|-damage|p2b: Sneasler|44/100\n|-supereffective|p2b: Sneasler|1\n|-damage|p2b: Sneasler|0 fnt\n|faint|p2b: Sneasler\n|-hitcount|p2: Sneasler|2\n|move|p1a: Feraligatr|Double-Edge|p2a: Sinistcha\n|-damage|p2a: Sinistcha|25/100\n|-enditem|p2a: Sinistcha|Sitrus Berry|[eat]\n|-heal|p2a: Sinistcha|50/100|[from] item: Sitrus Berry\n|-damage|p1a: Feraligatr|74/100|[from] Recoil\n|move|p2a: Sinistcha|Matcha Gotcha|p1b: Aerodactyl|[spread] p1a,p1b\n|-damage|p1a: Feraligatr|47/100\n|-heal|p2a: Sinistcha|62/100|[from] drain|[of] p1a: Feraligatr\n|-damage|p1b: Aerodactyl|67/100\n|-heal|p2a: Sinistcha|78/100|[from] drain|[of] p1b: Aerodactyl\n|\n|upkeep\n|c|\u2606Jackalope11|fuck\n|\n|t:|1776659145\n|switch|p2b: Excadrill|Excadrill, L50, M|100/100\n|turn|3\n|\n|t:|1776659154\n|switch|p1a: Arcanine|Arcanine-Hisui, L50, F|100/100\n|-ability|p1a: Arcanine|Intimidate|boost\n|-unboost|p2a: Sinistcha|atk|1\n|-unboost|p2b: Excadrill|atk|1\n|move|p2a: Sinistcha|Rage Powder|p2a: Sinistcha\n|-singleturn|p2a: Sinistcha|move: Rage Powder\n|move|p1b: Aerodactyl|Dual Wingbeat|p2a: Sinistcha\n|-supereffective|p2a: Sinistcha|1\n|-damage|p2a: Sinistcha|45/100\n|-supereffective|p2a: Sinistcha|1\n|-damage|p2a: Sinistcha|9/100\n|-hitcount|p2a: Sinistcha|2\n|move|p2b: Excadrill|Rock Slide|p1b: Aerodactyl|[spread] p1a,p1b\n|-supereffective|p1a: Arcanine|1\n|-supereffective|p1b: Aerodactyl|1\n|-damage|p1a: Arcanine|70/100\n|-damage|p1b: Aerodactyl|18/100\n|\n|-heal|p1a: Arcanine|76/100|[from] item: Leftovers\n|upkeep\n|turn|4\n|inactive|Jackalope11 has 30 seconds left.\n|\n|t:|1776659179\n|switch|p2a: Tyranitar|Tyranitar, L50, F|100/100\n|-weather|Sandstorm|[from] ability: Sand Stream|[of] p2a: Tyranitar\n|move|p2b: Excadrill|Rock Slide|p1b: Aerodactyl|[spread] p1a,p1b\n|-supereffective|p1a: Arcanine|1\n|-supereffective|p1b: Aerodactyl|1\n|-damage|p1a: Arcanine|41/100\n|-damage|p1b: Aerodactyl|0 fnt\n|faint|p1b: Aerodactyl\n|move|p1a: Arcanine|Will-O-Wisp|p2b: Excadrill\n|-status|p2b: Excadrill|brn\n|\n|-weather|Sandstorm|[upkeep]\n|-heal|p1a: Arcanine|47/100|[from] item: Leftovers\n|-damage|p2b: Excadrill|95/100 brn|[from] brn\n|upkeep\n|\n|t:|1776659195\n|switch|p1b: Sinistcha|Sinistcha, L50|100/100\n|-heal|p1a: Arcanine|72/100|[from] ability: Hospitality|[of] p1b: Sinistcha\n|turn|5\n|\n|t:|1776659216\n|detailschange|p2a: Tyranitar|Tyranitar-Mega, L50, F\n|-mega|p2a: Tyranitar|Tyranitar|Tyranitarite\n|move|p2a: Tyranitar|Protect|p2a: Tyranitar\n|-singleturn|p2a: Tyranitar|Protect\n|move|p2b: Excadrill|Earthquake|p1a: Arcanine|[spread] p1a,p1b\n|-activate|p2a: Tyranitar|move: Protect\n|-supereffective|p1a: Arcanine|2\n|-resisted|p1b: Sinistcha|1\n|-damage|p1a: Arcanine|12/100\n|-damage|p1b: Sinistcha|95/100\n|move|p1a: Arcanine|Will-O-Wisp|p2a: Tyranitar\n|-activate|p2a: Tyranitar|move: Protect\n|move|p1b: Sinistcha|Matcha Gotcha|p2b: Excadrill|[spread] p2b\n|-activate|p2a: Tyranitar|move: Protect\n|-damage|p2b: Excadrill|56/100 brn\n|-heal|p1b: Sinistcha|100/100|[from] drain|[of] p2b: Excadrill\n|\n|-weather|Sandstorm|[upkeep]\n|-damage|p1b: Sinistcha|94/100|[from] Sandstorm\n|-heal|p1a: Arcanine|17/100|[from] item: Leftovers\n|-damage|p2b: Excadrill|50/100 brn|[from] brn\n|upkeep\n|turn|6\n|inactive|gimwepaw has 30 seconds left.\n|inactive|gimwepaw has 20 seconds left.\n|inactive|gimwepaw has 15 seconds left.\n|\n|t:|1776659261\n|switch|p2a: Sinistcha|Sinistcha, L50|9/100\n|-heal|p2b: Excadrill|75/100 brn|[from] ability: Hospitality|[of] p2a: Sinistcha\n|move|p2b: Excadrill|Earthquake|p1b: Sinistcha|[spread] p2a,p1a,p1b\n|-resisted|p2a: Sinistcha|1\n|-supereffective|p1a: Arcanine|2\n|-resisted|p1b: Sinistcha|1\n|-damage|p2a: Sinistcha|2/100\n|-damage|p1a: Arcanine|0 fnt\n|-damage|p1b: Sinistcha|88/100\n|faint|p1a: Arcanine\n|move|p1b: Sinistcha|Matcha Gotcha|p2b: Excadrill|[spread] p2b\n|-miss|p1b: Sinistcha|p2a: Sinistcha\n|-damage|p2b: Excadrill|36/100 brn\n|-heal|p1b: Sinistcha|100/100|[from] drain|[of] p2b: Excadrill\n|\n|-weather|Sandstorm|[upkeep]\n|-damage|p2a: Sinistcha|0 fnt|[from] Sandstorm\n|-damage|p1b: Sinistcha|94/100|[from] Sandstorm\n|faint|p2a: Sinistcha\n|-damage|p2b: Excadrill|30/100 brn|[from] brn\n|upkeep\n|\n|t:|1776659277\n|switch|p1a: Feraligatr|Feraligatr-Mega, L50, F|47/100\n|switch|p2a: Tyranitar|Tyranitar-Mega, L50, F|100/100\n|turn|7\n|c|\u2606gimwepaw|Bro I\u2019m confused\n|inactive|gimwepaw has 30 seconds left.\n|inactive|gimwepaw has 20 seconds left.\n|\n|t:|1776659316\n|move|p1a: Feraligatr|Protect|p1a: Feraligatr\n|-singleturn|p1a: Feraligatr|Protect\n|move|p2b: Excadrill|Rock Slide|p1b: Sinistcha|[spread] p1b\n|-activate|p1a: Feraligatr|move: Protect\n|-damage|p1b: Sinistcha|88/100\n|move|p2a: Tyranitar|Rock Slide|p1a: Feraligatr|[spread] p1b\n|-activate|p1a: Feraligatr|move: Protect\n|-crit|p1b: Sinistcha\n|-damage|p1b: Sinistcha|35/100\n|-enditem|p1b: Sinistcha|Sitrus Berry|[eat]\n|-heal|p1b: Sinistcha|59/100|[from] item: Sitrus Berry\n|move|p1b: Sinistcha|Matcha Gotcha|p2b: Excadrill|[spread] p2a,p2b\n|-supereffective|p2a: Tyranitar|1\n|-damage|p2a: Tyranitar|65/100\n|-heal|p1b: Sinistcha|78/100|[from] drain|[of] p2a: Tyranitar\n|-damage|p2b: Excadrill|0 fnt\n|-heal|p1b: Sinistcha|94/100|[from] drain|[of] p2b: Excadrill\n|-status|p2a: Tyranitar|brn\n|faint|p2b: Excadrill\n|\n|-weather|Sandstorm|[upkeep]\n|-damage|p1a: Feraligatr|41/100|[from] Sandstorm\n|-damage|p1b: Sinistcha|88/100|[from] Sandstorm\n|-damage|p2a: Tyranitar|59/100 brn|[from] brn\n|upkeep\n|turn|8\n|inactive|Jackalope11 has 30 seconds left.\n|c|\u2606gimwepaw|HOLY BLESS\n|c|\u2606Jackalope11|fuck\n|\n|t:|1776659349\n|move|p1a: Feraligatr|Liquidation|p2a: Tyranitar\n|-supereffective|p2a: Tyranitar|1\n|-damage|p2a: Tyranitar|0 fnt\n|faint|p2a: Tyranitar\n|\n|win|gimwepaw\n|c|\u2606gimwepaw|If I flinched I would\u2019ve blown a casket\n|inactive|gimwepaw has 30 seconds to confirm battle start!\n|inactive|Jackalope11 has 30 seconds to confirm battle start!\n||gimwepaw is ready for game 3.\n||Jackalope11 is ready for game 3.\n|uhtml|next|Next: <a href=\"/battle-gen9championsvgc2026regma-2588700876\"><strong>Game 3 of 3</strong></a>\n",
  "uploadtime": 1776659696,
  "views": 4,
  "formatid": "gen9championsvgc2026regma",
  "rating": null,
  "private": 0,
  "password": null
}