{
  "id": "gen9championsvgc2026regma-2583056079",
  "format": "[Gen 9 Champions] VGC 2026 Reg M-A",
  "players": [
    "Jah_08",
    "MeeChaaaN"
  ],
  "log": "|j|\u2606Jah_08\n|j|\u2606MeeChaaaN\n|t:|1776137277\n|gametype|doubles\n|player|p1|Jah_08|alder|1322\n|player|p2|MeeChaaaN|266|1326\n|gen|9\n|tier|[Gen 9 Champions] VGC 2026 Reg M-A\n|rated|\n|rule|Species Clause: Limit one of each Pok\u00e9mon\n|rule|Item Clause: Limit 1 of each item\n|clearpoke\n|poke|p1|Excadrill, L50, M|\n|poke|p1|Whimsicott, L50, M|\n|poke|p1|Chandelure, L50, M|\n|poke|p1|Zoroark-Hisui, L50, F|\n|poke|p1|Basculegion, L50, M|\n|poke|p1|Conkeldurr, L50, M|\n|poke|p2|Whimsicott, L50, M|\n|poke|p2|Blastoise, L50, F|\n|poke|p2|Tyranitar, L50, M|\n|poke|p2|Tsareena, L50, F|\n|poke|p2|Mimikyu, L50, F|\n|poke|p2|Pelipper, L50, F|\n|teampreview|4\n|\n|t:|1776137341\n|teamsize|p1|4\n|teamsize|p2|4\n|start\n|switch|p1a: Whimsicott|Whimsicott, L50, M, shiny|100/100\n|switch|p1b: Basculegion|Basculegion, L50, M|100/100\n|switch|p2a: Whimsicott|Whimsicott, L50, M|100/100\n|switch|p2b: Blastoise|Blastoise, L50, F|100/100\n|turn|1\n|inactive|Battle timer is ON: inactive players will automatically lose when time's up. (requested by Jah_08)\n|\n|t:|1776137370\n|detailschange|p2b: Blastoise|Blastoise-Mega, L50, F\n|-mega|p2b: Blastoise|Blastoise|Blastoisinite\n|move|p2b: Blastoise|Fake Out|p1a: Whimsicott\n|-damage|p1a: Whimsicott|88/100\n|cant|p1a: Whimsicott|flinch\n|move|p1b: Basculegion|Flip Turn|p2b: Blastoise\n|-resisted|p2b: Blastoise|1\n|-damage|p2b: Blastoise|83/100\n|inactive|Jah_08 has 30 seconds left.\n|\n|t:|1776137399\n|switch|p1b: Chandelure|Chandelure, L50, M|100/100|[from] Flip Turn\n|move|p2a: Whimsicott|Trick Room|p2a: Whimsicott\n|-fieldstart|move: Trick Room|[of] p2a: Whimsicott\n|\n|upkeep\n|turn|2\n|j| tsetse\n|\n|t:|1776137418\n|switch|p2a: Tsareena|Tsareena, L50, F|100/100\n|detailschange|p1b: Chandelure|Chandelure-Mega, L50, M\n|-mega|p1b: Chandelure|Chandelure|Chandelurite\n|move|p1a: Whimsicott|Encore||[still]\n|cant|p2a: Tsareena|ability: Queenly Majesty|Encore|[of] p1a: Whimsicott\n|move|p2b: Blastoise|Water Spout|p1b: Chandelure|[spread] p1a,p1b\n|-resisted|p1a: Whimsicott|1\n|-supereffective|p1b: Chandelure|1\n|-damage|p1a: Whimsicott|48/100\n|-damage|p1b: Chandelure|0 fnt\n|faint|p1b: Chandelure\n|\n|upkeep\n|\n|t:|1776137438\n|switch|p1b: Excadrill|Excadrill, L50, M|100/100\n|-ability|p1b: Excadrill|Mold Breaker\n|turn|3\n|\n|t:|1776137458\n|move|p1b: Excadrill|Protect|p1b: Excadrill\n|-singleturn|p1b: Excadrill|Protect\n|move|p2a: Tsareena|Triple Axel|p1a: Whimsicott\n|-supereffective|p1a: Whimsicott|1\n|-damage|p1a: Whimsicott|26/100\n|-supereffective|p1a: Whimsicott|1\n|-damage|p1a: Whimsicott|0 fnt\n|faint|p1a: Whimsicott\n|-hitcount|p1: Whimsicott|2\n|move|p2b: Blastoise|Water Spout|p1b: Excadrill\n|-activate|p1b: Excadrill|move: Protect\n|\n|upkeep\n|\n|t:|1776137471\n|switch|p1a: Basculegion|Basculegion, L50, M|100/100\n|turn|4\n|\n|t:|1776137482\n|move|p2a: Tsareena|Low Kick|p1b: Excadrill\n|-supereffective|p1b: Excadrill|1\n|-damage|p1b: Excadrill|33/100\n|move|p2b: Blastoise|Water Spout|p1a: Basculegion|[spread] p1a,p1b\n|-resisted|p1a: Basculegion|1\n|-supereffective|p1b: Excadrill|1\n|-damage|p1a: Basculegion|68/100\n|-damage|p1b: Excadrill|0 fnt\n|faint|p1b: Excadrill\n|move|p1a: Basculegion|Last Respects|p2b: Blastoise\n|-damage|p2b: Blastoise|0 fnt\n|faint|p2b: Blastoise\n|\n|upkeep\n|\n|t:|1776137501\n|switch|p2b: Mimikyu|Mimikyu, L50, F|100/100\n|turn|5\n|\n|t:|1776137506\n|move|p2a: Tsareena|Power Whip|p1a: Basculegion\n|-supereffective|p1a: Basculegion|1\n|-damage|p1a: Basculegion|0 fnt\n|faint|p1a: Basculegion\n|\n|win|MeeChaaaN\n|raw|Jah_08's rating: 1322 &rarr; <strong>1302</strong><br />(-20 for losing)\n|raw|MeeChaaaN's rating: 1326 &rarr; <strong>1346</strong><br />(+20 for winning)\n",
  "uploadtime": 1776137513,
  "views": 37,
  "formatid": "gen9championsvgc2026regma",
  "rating": 1302,
  "private": 0,
  "password": null
}