{
  "id": "gen9championsvgc2026regma-2587400880",
  "format": "[Gen 9 Champions] VGC 2026 Reg M-A",
  "players": [
    "SparkelzVGC",
    "Loudflamingo"
  ],
  "log": "|j|\u2606SparkelzVGC\n|j|\u2606Loudflamingo\n|t:|1776528722\n|gametype|doubles\n|player|p1|SparkelzVGC|riley|1254\n|player|p2|Loudflamingo|102|1308\n|gen|9\n|tier|[Gen 9 Champions] VGC 2026 Reg M-A\n|rated|\n|rule|Species Clause: Limit one of each Pok\u00e9mon\n|rule|Item Clause: Limit 1 of each item\n|clearpoke\n|poke|p1|Aggron, L50, M, shiny|\n|poke|p1|Sinistcha, L50|\n|poke|p1|Farigiraf, L50, F|\n|poke|p1|Milotic, L50, F|\n|poke|p1|Rotom-Wash, L50|\n|poke|p1|Sneasler, L50, M|\n|poke|p2|Sableye, L50, F|\n|poke|p2|Espathra, L50, F|\n|poke|p2|Milotic, L50, F|\n|poke|p2|Garchomp, L50, M|\n|poke|p2|Maushold-Four, L50|\n|poke|p2|Medicham, L50, F|\n|teampreview|4\n|inactive|Battle timer is ON: inactive players will automatically lose when time's up. (requested by SparkelzVGC)\n|inactive|SparkelzVGC has 60 seconds left.\n|inactive|Loudflamingo has 60 seconds left.\n|inactive|SparkelzVGC has 30 seconds left.\n|inactive|SparkelzVGC has 20 seconds left.\n|\n|t:|1776528794\n|teamsize|p1|4\n|teamsize|p2|4\n|start\n|switch|p1a: Rotom|Rotom-Wash, L50|100/100\n|switch|p1b: Aggron|Aggron, L50, M, shiny|100/100\n|switch|p2a: Sableye|Sableye, L50, F|100/100\n|switch|p2b: Medicham|Medicham, L50, F|100/100\n|turn|1\n|inactive|Loudflamingo has 30 seconds left.\n|\n|t:|1776528823\n|detailschange|p2b: Medicham|Medicham-Mega, L50, F\n|-mega|p2b: Medicham|Medicham|Medichamite\n|detailschange|p1b: Aggron|Aggron-Mega, L50, M, shiny\n|-mega|p1b: Aggron|Aggron|Aggronite\n|move|p2a: Sableye|Gravity|p2a: Sableye\n|-fieldstart|move: Gravity\n|move|p1a: Rotom|Will-O-Wisp|p2b: Medicham\n|-status|p2b: Medicham|brn\n|move|p2b: Medicham|Dynamic Punch|p1a: Rotom\n|-damage|p1a: Rotom|60/100\n|-start|p1a: Rotom|confusion\n|move|p1b: Aggron|Iron Defense|p1b: Aggron\n|-boost|p1b: Aggron|def|2\n|\n|-damage|p2b: Medicham|95/100 brn|[from] brn\n|upkeep\n|turn|2\n|\n|t:|1776528850\n|switch|p1a: Sinistcha|Sinistcha, L50|100/100\n|move|p2a: Sableye|Encore|p1b: Aggron\n|-start|p1b: Aggron|Encore\n|move|p2b: Medicham|Dynamic Punch|p1b: Aggron\n|-supereffective|p1b: Aggron|1\n|-damage|p1b: Aggron|89/100\n|-start|p1b: Aggron|confusion\n|-activate|p1b: Aggron|confusion\n|move|p1b: Aggron|Iron Defense|p1b: Aggron\n|-boost|p1b: Aggron|def|2\n|\n|-damage|p2b: Medicham|89/100 brn|[from] brn\n|upkeep\n|turn|3\n|\n|t:|1776528862\n|switch|p2b: Espathra|Espathra, L50, F|100/100\n|move|p1a: Sinistcha|Matcha Gotcha|p2b: Espathra|[spread] p2a,p2b\n|-damage|p2a: Sableye|62/100\n|-damage|p2b: Espathra|72/100\n|move|p2a: Sableye|Foul Play|p1a: Sinistcha\n|-supereffective|p1a: Sinistcha|1\n|-damage|p1a: Sinistcha|60/100\n|-activate|p1b: Aggron|confusion\n|move|p1b: Aggron|Iron Defense|p1b: Aggron\n|-boost|p1b: Aggron|def|2\n|\n|-heal|p1a: Sinistcha|66/100|[from] item: Leftovers\n|upkeep\n|turn|4\n|\n|t:|1776528876\n|move|p2b: Espathra|Hypnosis|p1a: Sinistcha\n|-status|p1a: Sinistcha|slp|[from] move: Hypnosis\n|cant|p1a: Sinistcha|slp\n|move|p2a: Sableye|Foul Play|p1a: Sinistcha\n|-supereffective|p1a: Sinistcha|1\n|-damage|p1a: Sinistcha|28/100 slp\n|-activate|p1b: Aggron|confusion\n|-damage|p1b: Aggron|87/100|[from] confusion\n|\n|-heal|p1a: Sinistcha|34/100 slp|[from] item: Leftovers\n|-end|p1b: Aggron|Encore\n|-ability|p2b: Espathra|Speed Boost|boost\n|-boost|p2b: Espathra|spe|1\n|upkeep\n|turn|5\n|\n|t:|1776528889\n|switch|p1a: Farigiraf|Farigiraf, L50, F|100/100\n|move|p2b: Espathra|Hypnosis|p1b: Aggron\n|-status|p1b: Aggron|slp|[from] move: Hypnosis\n|move|p2a: Sableye|Foul Play|p1a: Farigiraf\n|-supereffective|p1a: Farigiraf|1\n|-damage|p1a: Farigiraf|40/100\n|cant|p1b: Aggron|slp\n|\n|-fieldend|move: Gravity\n|-ability|p2b: Espathra|Speed Boost|boost\n|-boost|p2b: Espathra|spe|1\n|upkeep\n|turn|6\n|\n|t:|1776528903\n|move|p2b: Espathra|Lumina Crash|p1b: Aggron\n|-resisted|p1b: Aggron|1\n|-damage|p1b: Aggron|76/100 slp\n|-unboost|p1b: Aggron|spd|2\n|move|p2a: Sableye|Foul Play|p1a: Farigiraf\n|-supereffective|p1a: Farigiraf|1\n|-damage|p1a: Farigiraf|0 fnt\n|faint|p1a: Farigiraf\n|cant|p1b: Aggron|slp\n|\n|-ability|p2b: Espathra|Speed Boost|boost\n|-boost|p2b: Espathra|spe|1\n|upkeep\n|\n|t:|1776528910\n|switch|p1a: Rotom|Rotom-Wash, L50|60/100\n|turn|7\n|\n|t:|1776528925\n|move|p2a: Sableye|Gravity|p2a: Sableye\n|-fieldstart|move: Gravity\n|move|p2b: Espathra|Hypnosis|p1a: Rotom\n|-status|p1a: Rotom|slp|[from] move: Hypnosis\n|cant|p1a: Rotom|slp\n|-curestatus|p1b: Aggron|slp|[msg]\n|-activate|p1b: Aggron|confusion\n|-damage|p1b: Aggron|75/100|[from] confusion\n|\n|-ability|p2b: Espathra|Speed Boost|boost\n|-boost|p2b: Espathra|spe|1\n|upkeep\n|turn|8\n|\n|t:|1776528942\n|move|p2b: Espathra|Hypnosis|p1b: Aggron\n|-status|p1b: Aggron|slp|[from] move: Hypnosis\n|cant|p1a: Rotom|slp\n|move|p2a: Sableye|Foul Play|p1a: Rotom\n|-damage|p1a: Rotom|39/100 slp\n|cant|p1b: Aggron|slp\n|\n|-ability|p2b: Espathra|Speed Boost|boost\n|-boost|p2b: Espathra|spe|1\n|upkeep\n|turn|9\n|\n|t:|1776528947\n|move|p2b: Espathra|Lumina Crash|p1b: Aggron\n|-resisted|p1b: Aggron|1\n|-damage|p1b: Aggron|52/100 slp\n|-unboost|p1b: Aggron|spd|2\n|-curestatus|p1a: Rotom|slp|[msg]\n|move|p1a: Rotom|Hydro Pump|p2a: Sableye\n|-damage|p2a: Sableye|0 fnt\n|faint|p2a: Sableye\n|cant|p1b: Aggron|slp\n|\n|-ability|p2b: Espathra|Speed Boost|boost\n|-boost|p2b: Espathra|spe|1\n|upkeep\n|\n|t:|1776528954\n|switch|p2a: Garchomp|Garchomp, L50, M|100/100\n|turn|10\n|\n|t:|1776528961\n|switch|p1a: Sinistcha|Sinistcha, L50|34/100 slp\n|-heal|p1b: Aggron|77/100 slp|[from] ability: Hospitality|[of] p1a: Sinistcha\n|move|p2b: Espathra|Lumina Crash|p1b: Aggron\n|-resisted|p1b: Aggron|1\n|-damage|p1b: Aggron|43/100 slp\n|-unboost|p1b: Aggron|spd|2\n|move|p2a: Garchomp|Stomping Tantrum|p1a: Sinistcha\n|-resisted|p1a: Sinistcha|1\n|-damage|p1a: Sinistcha|16/100 slp\n|-curestatus|p1b: Aggron|slp|[msg]\n|-end|p1b: Aggron|confusion\n|move|p1b: Aggron|Body Press|p2b: Espathra\n|-resisted|p2b: Espathra|1\n|-damage|p2b: Espathra|0 fnt\n|faint|p2b: Espathra\n|\n|-heal|p1a: Sinistcha|23/100 slp|[from] item: Leftovers\n|upkeep\n|\n|t:|1776528968\n|switch|p2b: Medicham|Medicham-Mega, L50, F|89/100 brn\n|turn|11\n|\n|t:|1776528990\n|-curestatus|p1a: Sinistcha|slp|[msg]\n|move|p1a: Sinistcha|Rage Powder|p1a: Sinistcha\n|-singleturn|p1a: Sinistcha|move: Rage Powder\n|move|p2a: Garchomp|Earthquake|p1a: Sinistcha|[spread] p2b,p1a,p1b\n|-resisted|p1a: Sinistcha|1\n|-supereffective|p1b: Aggron|1\n|-damage|p2b: Medicham|37/100 brn\n|-damage|p1a: Sinistcha|4/100\n|-damage|p1b: Aggron|36/100\n|move|p2b: Medicham|Skill Swap|p1a: Sinistcha\n|-activate|p2b: Medicham|Skill Swap|Hospitality|Pure Power|[of] p1a: Sinistcha\n|move|p1b: Aggron|Body Press|p2a: Garchomp\n|-damage|p2a: Garchomp|0 fnt\n|-damage|p1b: Aggron|24/100|[from] ability: Rough Skin|[of] p2a: Garchomp\n|faint|p2a: Garchomp\n|\n|-heal|p1a: Sinistcha|11/100|[from] item: Leftovers\n|-damage|p2b: Medicham|31/100 brn|[from] brn\n|-fieldend|move: Gravity\n|upkeep\n|turn|12\n|-message|Loudflamingo forfeited.\n|\n|win|SparkelzVGC\n|raw|SparkelzVGC's rating: 1254 &rarr; <strong>1283</strong><br />(+29 for winning)\n|raw|Loudflamingo's rating: 1308 &rarr; <strong>1285</strong><br />(-23 for losing)\n|l|\u2606Loudflamingo\n|player|p2|\n",
  "uploadtime": 1776529012,
  "views": 32,
  "formatid": "gen9championsvgc2026regma",
  "rating": 1283,
  "private": 0,
  "password": null
}