{
  "id": "gen9championsvgc2026regma-2585129504",
  "format": "[Gen 9 Champions] VGC 2026 Reg M-A",
  "players": [
    "Zzag",
    "Noobilio"
  ],
  "log": "|j|\u2606Zzag\n|j|\u2606Noobilio\n|t:|1776315269\n|gametype|doubles\n|player|p1|Zzag|101|1167\n|player|p2|Noobilio|nurse|1239\n|gen|9\n|tier|[Gen 9 Champions] VGC 2026 Reg M-A\n|rated|\n|rule|Species Clause: Limit one of each Pok\u00e9mon\n|rule|Item Clause: Limit 1 of each item\n|clearpoke\n|poke|p1|Maushold-Four, L50|\n|poke|p1|Garchomp, L50, F|\n|poke|p1|Floette-Eternal, L50, F|\n|poke|p1|Talonflame, L50, M|\n|poke|p1|Delphox, L50, M|\n|poke|p1|Sneasler, L50, M|\n|poke|p2|Gardevoir, L50, F|\n|poke|p2|Garchomp, L50, F|\n|poke|p2|Aerodactyl, L50, F|\n|poke|p2|Rotom-Wash, L50|\n|poke|p2|Sneasler, L50, F|\n|poke|p2|Incineroar, L50, F|\n|teampreview|4\n|\n|t:|1776315302\n|teamsize|p1|4\n|teamsize|p2|4\n|start\n|switch|p1a: Floette|Floette-Eternal, L50, F|100/100\n|switch|p1b: Talonflame|Talonflame, L50, M, shiny|100/100\n|switch|p2a: Gardevoir|Gardevoir, L50, F, shiny|100/100\n|switch|p2b: Incineroar|Incineroar, L50, F|100/100\n|-ability|p2b: Incineroar|Intimidate|boost\n|-unboost|p1a: Floette|atk|1\n|-unboost|p1b: Talonflame|atk|1\n|turn|1\n|\n|t:|1776315315\n|detailschange|p2a: Gardevoir|Gardevoir-Mega, L50, F, shiny\n|-mega|p2a: Gardevoir|Gardevoir|Gardevoirite\n|move|p1b: Talonflame|Quick Guard|p1b: Talonflame\n|-singleturn|p1b: Talonflame|Quick Guard\n|move|p2b: Incineroar|Fake Out|p1a: Floette\n|-activate|p1a: Floette|move: Quick Guard\n|move|p1a: Floette|Dazzling Gleam|p2b: Incineroar|[spread] p2a,p2b\n|-damage|p2a: Gardevoir|74/100\n|-damage|p2b: Incineroar|70/100\n|move|p2a: Gardevoir|Trick Room|p2a: Gardevoir\n|-fieldstart|move: Trick Room|[of] p2a: Gardevoir\n|\n|upkeep\n|turn|2\n|\n|t:|1776315336\n|move|p2a: Gardevoir|Protect|p2a: Gardevoir\n|-singleturn|p2a: Gardevoir|Protect\n|move|p1b: Talonflame|Dual Wingbeat|p2a: Gardevoir\n|-activate|p2a: Gardevoir|move: Protect\n|move|p2b: Incineroar|Throat Chop|p1b: Talonflame\n|-damage|p1b: Talonflame|55/100\n|-start|p1b: Talonflame|Throat Chop|[silent]\n|move|p1a: Floette|Dazzling Gleam|p2a: Gardevoir|[spread] p2b\n|-activate|p2a: Gardevoir|move: Protect\n|-damage|p2b: Incineroar|40/100\n|-enditem|p2b: Incineroar|Sitrus Berry|[eat]\n|-heal|p2b: Incineroar|65/100|[from] item: Sitrus Berry\n|\n|upkeep\n|turn|3\n|\n|t:|1776315358\n|move|p2b: Incineroar|Parting Shot|p1b: Talonflame\n|-unboost|p1b: Talonflame|atk|1\n|-unboost|p1b: Talonflame|spa|1\n|\n|t:|1776315363\n|switch|p2b: Rotom|Rotom-Wash, L50, shiny|100/100|[from] Parting Shot\n|move|p2a: Gardevoir|Psyshock|p1a: Floette\n|-damage|p1a: Floette|22/100\n|move|p1b: Talonflame|Dual Wingbeat|p2a: Gardevoir|[miss]\n|-miss|p1b: Talonflame|p2a: Gardevoir\n|move|p1a: Floette|Dazzling Gleam|p2a: Gardevoir|[spread] p2a,p2b\n|-damage|p2a: Gardevoir|48/100\n|-damage|p2b: Rotom|66/100\n|\n|-end|p1b: Talonflame|Throat Chop|[silent]\n|upkeep\n|turn|4\n|\n|t:|1776315382\n|switch|p1b: Tierra|Garchomp, L50, F|100/100\n|switch|p2b: Incineroar|Incineroar, L50, F|65/100\n|-ability|p2b: Incineroar|Intimidate|boost\n|-unboost|p1a: Floette|atk|1\n|-unboost|p1b: Tierra|atk|1\n|move|p2a: Gardevoir|Hyper Voice|p1b: Tierra|[spread] p1a,p1b\n|-supereffective|p1b: Tierra|1\n|-damage|p1a: Floette|0 fnt\n|-enditem|p1b: Tierra|Focus Sash\n|-damage|p1b: Tierra|1/100\n|faint|p1a: Floette\n|\n|upkeep\n|\n|t:|1776315396\n|switch|p1a: Wizz|Delphox, L50, M, shiny|100/100\n|turn|5\n|\n|t:|1776315417\n|switch|p2a: Rotom|Rotom-Wash, L50, shiny|66/100\n|move|p1a: Wizz|Protect|p1a: Wizz\n|-singleturn|p1a: Wizz|Protect\n|move|p1b: Tierra|Protect|p1b: Tierra\n|-singleturn|p1b: Tierra|Protect\n|move|p2b: Incineroar|Throat Chop|p1a: Wizz\n|-activate|p1a: Wizz|move: Protect\n|\n|-fieldend|move: Trick Room\n|upkeep\n|turn|6\n|\n|t:|1776315438\n|detailschange|p1a: Wizz|Delphox-Mega, L50, M, shiny\n|-mega|p1a: Wizz|Delphox|Delphoxite\n|move|p2a: Rotom|Will-O-Wisp|p1b: Tierra\n|-status|p1b: Tierra|brn\n|move|p1a: Wizz|Psychic|p2a: Rotom\n|-damage|p2a: Rotom|10/100\n|move|p1b: Tierra|Earthquake|p2a: Rotom|[spread] p2b\n|-immune|p1a: Wizz|[from] ability: Levitate\n|-immune|p2a: Rotom|[from] ability: Levitate\n|-supereffective|p2b: Incineroar|1\n|-damage|p2b: Incineroar|47/100\n|move|p2b: Incineroar|Throat Chop|p1a: Wizz\n|-supereffective|p1a: Wizz|1\n|-damage|p1a: Wizz|29/100\n|-start|p1a: Wizz|Throat Chop|[silent]\n|\n|-damage|p1b: Tierra|0 fnt|[from] brn\n|faint|p1b: Tierra\n|upkeep\n|\n|t:|1776315450\n|switch|p1b: Talonflame|Talonflame, L50, M, shiny|55/100\n|turn|7\n|\n|t:|1776315472\n|switch|p2a: Aerodactyl|Aerodactyl, L50, F|100/100\n|-ability|p2a: Aerodactyl|Unnerve\n|move|p1a: Wizz|Heat Wave|p2b: Incineroar|[spread] p2a,p2b\n|-resisted|p2a: Aerodactyl|1\n|-resisted|p2b: Incineroar|1\n|-damage|p2a: Aerodactyl|74/100\n|-damage|p2b: Incineroar|29/100\n|move|p1b: Talonflame|Dual Wingbeat|p2b: Incineroar\n|-damage|p2b: Incineroar|18/100\n|-damage|p2b: Incineroar|6/100\n|-hitcount|p2b: Incineroar|2\n|move|p2b: Incineroar|Throat Chop|p1a: Wizz\n|-supereffective|p1a: Wizz|1\n|-damage|p1a: Wizz|0 fnt\n|faint|p1a: Wizz\n|\n|upkeep\n|turn|8\n|-message|Zzag forfeited.\n|\n|win|Noobilio\n|raw|Zzag's rating: 1167 &rarr; <strong>1147</strong><br />(-20 for losing)\n|raw|Noobilio's rating: 1239 &rarr; <strong>1259</strong><br />(+20 for winning)\n",
  "uploadtime": 1776315490,
  "views": 26,
  "formatid": "gen9championsvgc2026regma",
  "rating": 1147,
  "private": 0,
  "password": null
}