{
  "id": "gen9championsvgc2026regma-2589566042",
  "format": "[Gen 9 Champions] VGC 2026 Reg M-A",
  "players": [
    "mangoat007",
    "Unwelcome School"
  ],
  "log": "|j|\u2606mangoat007\n|j|\u2606Unwelcome School\n|t:|1776734722\n|gametype|doubles\n|player|p1|mangoat007|scientistf|1166\n|player|p2|Unwelcome School|emmet|1211\n|gen|9\n|tier|[Gen 9 Champions] VGC 2026 Reg M-A\n|rated|\n|rule|Species Clause: Limit one of each Pok\u00e9mon\n|rule|Item Clause: Limit 1 of each item\n|clearpoke\n|poke|p1|Charizard, L50, F|\n|poke|p1|Tyranitar, L50, F|\n|poke|p1|Milotic, L50, M|\n|poke|p1|Incineroar, L50, M|\n|poke|p1|Sinistcha, L50|\n|poke|p1|Sneasler, L50, F|\n|poke|p2|Floette-Eternal, L50, F|\n|poke|p2|Incineroar, L50, M|\n|poke|p2|Snorlax, L50, F|\n|poke|p2|Basculegion, L50, M|\n|poke|p2|Ariados, L50, F|\n|poke|p2|Kommo-o, L50, F|\n|teampreview|4\n|inactive|Battle timer is ON: inactive players will automatically lose when time's up. (requested by Unwelcome School)\n|inactive|mangoat007 has 60 seconds left.\n|inactive|Unwelcome School has 60 seconds left.\n|\n|t:|1776734766\n|teamsize|p1|4\n|teamsize|p2|4\n|start\n|switch|p1a: Milotic|Milotic, L50, M|100/100\n|switch|p1b: Incineroar|Incineroar, L50, M|100/100\n|switch|p2a: Kommo-o|Kommo-o, L50, F|100/100\n|switch|p2b: Snorlax|Snorlax, L50, F|100/100\n|-ability|p1b: Incineroar|Intimidate|boost\n|-unboost|p2a: Kommo-o|atk|1\n|-unboost|p2b: Snorlax|atk|1\n|turn|1\n|\n|t:|1776734780\n|move|p2a: Kommo-o|Protect|p2a: Kommo-o\n|-singleturn|p2a: Kommo-o|Protect\n|move|p1b: Incineroar|Fake Out|p2b: Snorlax\n|-damage|p2b: Snorlax|91/100\n|move|p1a: Milotic|Icy Wind|p2b: Snorlax|[spread] p2b\n|-activate|p2a: Kommo-o|move: Protect\n|-damage|p2b: Snorlax|87/100\n|-unboost|p2b: Snorlax|spe|1\n|cant|p2b: Snorlax|flinch\n|\n|upkeep\n|turn|2\n|inactive|mangoat007 has 30 seconds left.\n|\n|t:|1776734807\n|move|p2b: Snorlax|Helping Hand|p2a: Kommo-o\n|-singleturn|p2a: Kommo-o|Helping Hand|[of] p2b: Snorlax\n|move|p2a: Kommo-o|Clanging Scales|p1a: Milotic|[spread] p1a,p1b\n|-damage|p1a: Milotic|57/100\n|-damage|p1b: Incineroar|46/100\n|-enditem|p1b: Incineroar|Sitrus Berry|[eat]\n|-heal|p1b: Incineroar|71/100|[from] item: Sitrus Berry\n|-unboost|p2a: Kommo-o|def|1\n|move|p1a: Milotic|Icy Wind|p2a: Kommo-o|[spread] p2b\n|-miss|p1a: Milotic|p2a: Kommo-o\n|-damage|p2b: Snorlax|83/100\n|-unboost|p2b: Snorlax|spe|1\n|move|p1b: Incineroar|Flare Blitz|p2b: Snorlax\n|-damage|p2b: Snorlax|63/100\n|-damage|p1b: Incineroar|63/100|[from] Recoil\n|\n|-heal|p1a: Milotic|63/100|[from] item: Leftovers\n|upkeep\n|turn|3\n|\n|t:|1776734827\n|move|p2b: Snorlax|Helping Hand|p2a: Kommo-o\n|-singleturn|p2a: Kommo-o|Helping Hand|[of] p2b: Snorlax\n|move|p2a: Kommo-o|Clanging Scales|p1b: Incineroar|[spread] p1a,p1b\n|-damage|p1a: Milotic|16/100\n|-damage|p1b: Incineroar|8/100\n|-unboost|p2a: Kommo-o|def|1\n|move|p1a: Milotic|Icy Wind|p2a: Kommo-o|[spread] p2a,p2b\n|-supereffective|p2a: Kommo-o|1\n|-crit|p2b: Snorlax\n|-damage|p2a: Kommo-o|78/100\n|-damage|p2b: Snorlax|58/100\n|-unboost|p2a: Kommo-o|spe|1\n|-unboost|p2b: Snorlax|spe|1\n|move|p1b: Incineroar|Parting Shot|p2a: Kommo-o\n|-immune|p2a: Kommo-o|[from] ability: Soundproof\n|\n|-heal|p1a: Milotic|22/100|[from] item: Leftovers\n|-heal|p2a: Kommo-o|84/100|[from] item: Leftovers\n|upkeep\n|turn|4\n|\n|t:|1776734851\n|switch|p1b: Sinistcha|Sinistcha, L50|100/100\n|-heal|p1a: Milotic|46/100|[from] ability: Hospitality|[of] p1b: Sinistcha\n|move|p2b: Snorlax|Helping Hand|p2a: Kommo-o\n|-singleturn|p2a: Kommo-o|Helping Hand|[of] p2b: Snorlax\n|move|p1a: Milotic|Recover|p1a: Milotic\n|-heal|p1a: Milotic|96/100\n|move|p2a: Kommo-o|Clanging Scales|p1a: Milotic|[spread] p1a,p1b\n|-damage|p1a: Milotic|54/100\n|-damage|p1b: Sinistcha|45/100\n|-unboost|p2a: Kommo-o|def|1\n|\n|-heal|p1a: Milotic|60/100|[from] item: Leftovers\n|-heal|p2a: Kommo-o|90/100|[from] item: Leftovers\n|upkeep\n|turn|5\n|inactive|mangoat007 has 30 seconds left.\n|\n|t:|1776734878\n|move|p2b: Snorlax|Helping Hand|p2a: Kommo-o\n|-singleturn|p2a: Kommo-o|Helping Hand|[of] p2b: Snorlax\n|move|p1a: Milotic|Scald|p2a: Kommo-o\n|-resisted|p2a: Kommo-o|1\n|-damage|p2a: Kommo-o|73/100\n|move|p1b: Sinistcha|Matcha Gotcha|p2a: Kommo-o|[spread] p2a,p2b\n|-resisted|p2a: Kommo-o|1\n|-damage|p2a: Kommo-o|61/100\n|-heal|p1b: Sinistcha|50/100|[from] drain|[of] p2a: Kommo-o\n|-damage|p2b: Snorlax|40/100\n|-heal|p1b: Sinistcha|62/100|[from] drain|[of] p2b: Snorlax\n|move|p2a: Kommo-o|Clanging Scales|p1b: Sinistcha|[spread] p1a,p1b\n|-damage|p1a: Milotic|19/100\n|-damage|p1b: Sinistcha|11/100\n|-unboost|p2a: Kommo-o|def|1\n|\n|-heal|p1a: Milotic|25/100|[from] item: Leftovers\n|-heal|p2a: Kommo-o|67/100|[from] item: Leftovers\n|upkeep\n|turn|6\n|inactive|Unwelcome School has 30 seconds left.\n|\n|t:|1776734912\n|move|p2b: Snorlax|Helping Hand|p2a: Kommo-o\n|-singleturn|p2a: Kommo-o|Helping Hand|[of] p2b: Snorlax\n|move|p1a: Milotic|Recover|p1a: Milotic\n|-heal|p1a: Milotic|75/100\n|move|p1b: Sinistcha|Life Dew|p1b: Sinistcha|[spread] p1a,p1b\n|-heal|p1a: Milotic|100/100\n|-heal|p1b: Sinistcha|36/100\n|move|p2a: Kommo-o|Clanging Scales|p1b: Sinistcha|[spread] p1a,p1b\n|-damage|p1a: Milotic|58/100\n|-damage|p1b: Sinistcha|0 fnt\n|faint|p1b: Sinistcha\n|-unboost|p2a: Kommo-o|def|1\n|\n|-heal|p1a: Milotic|64/100|[from] item: Leftovers\n|-heal|p2a: Kommo-o|73/100|[from] item: Leftovers\n|upkeep\n|\n|t:|1776734924\n|switch|p1b: Charizard|Charizard, L50, F|100/100\n|turn|7\n|\n|t:|1776734940\n|detailschange|p1b: Charizard|Charizard-Mega-X, L50, F\n|-mega|p1b: Charizard|Charizard|Charizardite X\n|move|p2a: Kommo-o|Protect|p2a: Kommo-o\n|-singleturn|p2a: Kommo-o|Protect\n|move|p1b: Charizard|Dragon Dance|p1b: Charizard\n|-boost|p1b: Charizard|atk|1\n|-boost|p1b: Charizard|spe|1\n|move|p1a: Milotic|Scald|p2b: Snorlax\n|-damage|p2b: Snorlax|19/100\n|move|p2b: Snorlax|Self-Destruct|p1b: Charizard|[spread] p1a,p1b\n|-activate|p2a: Kommo-o|move: Protect\n|-damage|p1a: Milotic|15/100\n|-damage|p1b: Charizard|50/100\n|faint|p2b: Snorlax\n|\n|-heal|p1a: Milotic|21/100|[from] item: Leftovers\n|-heal|p2a: Kommo-o|79/100|[from] item: Leftovers\n|upkeep\n|\n|t:|1776734960\n|switch|p2b: Floette|Floette-Eternal, L50, F|100/100\n|turn|8\n|inactive|mangoat007 has 30 seconds left.\n|\n|t:|1776734986\n|detailschange|p2b: Floette|Floette-Mega, L50, F\n|-mega|p2b: Floette|Floette|Floettite\n|-ability|p2b: Floette|Fairy Aura\n|move|p1b: Charizard|Flare Blitz|p2b: Floette\n|-damage|p2b: Floette|0 fnt\n|faint|p2b: Floette\n|-damage|p1b: Charizard|20/100|[from] Recoil\n|move|p1a: Milotic|Recover|p1a: Milotic\n|-heal|p1a: Milotic|71/100\n|move|p2a: Kommo-o|Clanging Scales|p1b: Charizard|[spread] p1a,p1b\n|-supereffective|p1b: Charizard|1\n|-damage|p1a: Milotic|41/100\n|-damage|p1b: Charizard|0 fnt\n|faint|p1b: Charizard\n|-unboost|p2a: Kommo-o|def|1\n|\n|-heal|p1a: Milotic|47/100|[from] item: Leftovers\n|-heal|p2a: Kommo-o|85/100|[from] item: Leftovers\n|upkeep\n|\n|t:|1776734998\n|switch|p2b: Basculegion|Basculegion, L50, M|100/100\n|switch|p1b: Incineroar|Incineroar, L50, M|8/100\n|-ability|p1b: Incineroar|Intimidate|boost\n|-unboost|p2a: Kommo-o|atk|1\n|-unboost|p2b: Basculegion|atk|1\n|turn|9\n|\n|t:|1776735021\n|move|p2b: Basculegion|Protect|p2b: Basculegion\n|-singleturn|p2b: Basculegion|Protect\n|move|p2a: Kommo-o|Protect|p2a: Kommo-o\n|-singleturn|p2a: Kommo-o|Protect\n|move|p1b: Incineroar|Fake Out|p2a: Kommo-o\n|-activate|p2a: Kommo-o|move: Protect\n|move|p1a: Milotic|Icy Wind|p2a: Kommo-o|[spread] \n|-activate|p2a: Kommo-o|move: Protect\n|-activate|p2b: Basculegion|move: Protect\n|\n|-heal|p1a: Milotic|53/100|[from] item: Leftovers\n|-heal|p2a: Kommo-o|91/100|[from] item: Leftovers\n|upkeep\n|turn|10\n|\n|t:|1776735036\n|move|p2b: Basculegion|Last Respects|p1a: Milotic\n|-damage|p1a: Milotic|0 fnt\n|faint|p1a: Milotic\n|move|p1b: Incineroar|Throat Chop|p2b: Basculegion\n|-supereffective|p2b: Basculegion|1\n|-damage|p2b: Basculegion|12/100\n|-start|p2b: Basculegion|Throat Chop|[silent]\n|move|p2a: Kommo-o|Clanging Scales|p1b: Incineroar\n|-damage|p1b: Incineroar|0 fnt\n|faint|p1b: Incineroar\n|\n|win|Unwelcome School\n|raw|mangoat007's rating: 1166 &rarr; <strong>1144</strong><br />(-22 for losing)\n|raw|Unwelcome School's rating: 1211 &rarr; <strong>1233</strong><br />(+22 for winning)\n|l|\u2606mangoat007\n|player|p1|\n|c|\u2606Unwelcome School|gg\n",
  "uploadtime": 1776735051,
  "views": 2,
  "formatid": "gen9championsvgc2026regma",
  "rating": 1144,
  "private": 0,
  "password": null
}