{
  "id": "gen9championsvgc2026regma-2588811887",
  "format": "[Gen 9 Champions] VGC 2026 Reg M-A",
  "players": [
    "Dum03",
    "Tamejo"
  ],
  "log": "|j|\u2606Dum03\n|j|\u2606Tamejo\n|t:|1776673848\n|gametype|doubles\n|player|p1|Dum03|hilbert|1320\n|player|p2|Tamejo|caitlin|1407\n|gen|9\n|tier|[Gen 9 Champions] VGC 2026 Reg M-A\n|rated|\n|rule|Species Clause: Limit one of each Pok\u00e9mon\n|rule|Item Clause: Limit 1 of each item\n|clearpoke\n|poke|p1|Charizard, L50, F, shiny|\n|poke|p1|Sinistcha, L50|\n|poke|p1|Incineroar, L50, M|\n|poke|p1|Floette-Eternal, L50, F|\n|poke|p1|Milotic, L50, F|\n|poke|p1|Sneasler, L50, F|\n|poke|p2|Dragapult, L50, F|\n|poke|p2|Sylveon, L50, F|\n|poke|p2|Whimsicott, L50, F|\n|poke|p2|Glimmora, L50, M|\n|poke|p2|Charizard, L50, M|\n|poke|p2|Kingambit, L50, F|\n|teampreview|4\n|inactive|Battle timer is ON: inactive players will automatically lose when time's up. (requested by Dum03)\n|\n|t:|1776673889\n|teamsize|p1|4\n|teamsize|p2|4\n|start\n|switch|p1a: Charizard|Charizard, L50, F, shiny|100/100\n|switch|p1b: Sneasler|Sneasler, L50, F|100/100\n|switch|p2a: Whimsicott|Whimsicott, L50, F|100/100\n|switch|p2b: Dragapult|Dragapult, L50, F|100/100\n|turn|1\n|\n|t:|1776673900\n|switch|p2a: Glimmora|Glimmora, L50, M|100/100\n|move|p1b: Sneasler|Fake Out|p2a: Glimmora\n|-resisted|p2a: Glimmora|1\n|-damage|p2a: Glimmora|92/100\n|-activate|p2a: Glimmora|ability: Toxic Debris\n|-sidestart|p1: Dum03|move: Toxic Spikes\n|move|p2b: Dragapult|Dragon Darts|p1b: Sneasler\n|-damage|p1b: Sneasler|60/100\n|-anim|p2b: Dragapult|Dragon Darts|p1a: Charizard\n|-damage|p1a: Charizard|76/100\n|move|p1a: Charizard|Dragon Dance|p1a: Charizard\n|-boost|p1a: Charizard|atk|1\n|-boost|p1a: Charizard|spe|1\n|\n|upkeep\n|turn|2\n|inactive|Dum03 has 30 seconds left.\n|inactive|Tamejo has 30 seconds left.\n|inactive|Dum03 has 20 seconds left.\n|inactive|Tamejo has 20 seconds left.\n|inactive|Tamejo has 15 seconds left.\n|inactive|Tamejo has 10 seconds left.\n|\n|t:|1776673947\n|switch|p1b: Sinistcha|Sinistcha, L50|100/100\n|-status|p1b: Sinistcha|psn\n|-heal|p1a: Charizard|100/100|[from] ability: Hospitality|[of] p1b: Sinistcha\n|switch|p2a: Whimsicott|Whimsicott, L50, F|100/100\n|detailschange|p1a: Charizard|Charizard-Mega-X, L50, F, shiny\n|-mega|p1a: Charizard|Charizard|Charizardite X\n|move|p2b: Dragapult|Protect|p2b: Dragapult\n|-singleturn|p2b: Dragapult|Protect\n|move|p1a: Charizard|Flare Blitz|p2b: Dragapult\n|-activate|p2b: Dragapult|move: Protect\n|\n|-damage|p1b: Sinistcha|88/100 psn|[from] psn\n|upkeep\n|turn|3\n|\n|t:|1776673967\n|move|p2a: Whimsicott|Tailwind|p2a: Whimsicott\n|-sidestart|p2: Tamejo|move: Tailwind\n|move|p2b: Dragapult|Phantom Force||[still]\n|-prepare|p2b: Dragapult|Phantom Force\n|move|p1a: Charizard|Dragon Claw|p2b: Dragapult|[miss]\n|-miss|p1a: Charizard|p2b: Dragapult\n|move|p1b: Sinistcha|Trick Room|p1b: Sinistcha\n|-fieldstart|move: Trick Room|[of] p1b: Sinistcha\n|\n|-heal|p1b: Sinistcha|94/100 psn|[from] item: Leftovers\n|-damage|p1b: Sinistcha|82/100 psn|[from] psn\n|upkeep\n|turn|4\n|\n|t:|1776673990\n|switch|p1a: Milotic|Milotic, L50, F|100/100\n|-status|p1a: Milotic|psn\n|-enditem|p1a: Milotic|Lum Berry|[eat]\n|-curestatus|p1a: Milotic|psn|[msg]\n|move|p2a: Whimsicott|Encore||[still]\n|-fail|p2a: Whimsicott\n|move|p1b: Sinistcha|Life Dew||[still]|[spread] p1a,p1b\n|-fail|p1a: Milotic|heal\n|-heal|p1b: Sinistcha|100/100 psn\n|move|p2b: Dragapult|Phantom Force|p1b: Sinistcha|[from] lockedmove\n|-supereffective|p1b: Sinistcha|1\n|-damage|p1b: Sinistcha|18/100 psn\n|\n|-heal|p1b: Sinistcha|24/100 psn|[from] item: Leftovers\n|-damage|p1b: Sinistcha|12/100 psn|[from] psn\n|upkeep\n|turn|5\n|inactive|Tamejo has 30 seconds left.\n|\n|t:|1776674019\n|switch|p1b: Sneasler|Sneasler, L50, F|60/100\n|-sideend|p1: Dum03|move: Toxic Spikes|[of] p1b: Sneasler\n|switch|p2a: Sylveon|Sylveon, L50, F|100/100\n|move|p1a: Milotic|Icy Wind|p2a: Sylveon|[spread] p2a,p2b\n|-supereffective|p2b: Dragapult|1\n|-damage|p2a: Sylveon|92/100\n|-damage|p2b: Dragapult|71/100\n|-unboost|p2a: Sylveon|spe|1\n|move|p2b: Dragapult|U-turn|p1b: Sneasler\n|-resisted|p1b: Sneasler|2\n|-damage|p1b: Sneasler|51/100\n|inactive|Tamejo has 30 seconds left.\n|\n|t:|1776674049\n|switch|p2b: Whimsicott|Whimsicott, L50, F|100/100|[from] U-turn\n|\n|-heal|p2a: Sylveon|98/100|[from] item: Leftovers\n|upkeep\n|turn|6\n|\n|t:|1776674059\n|move|p2b: Whimsicott|Encore|p1a: Milotic\n|-start|p1a: Milotic|Encore\n|move|p1a: Milotic|Icy Wind|p2b: Whimsicott|[spread] p2a,p2b\n|-supereffective|p2b: Whimsicott|1\n|-damage|p2a: Sylveon|90/100\n|-damage|p2b: Whimsicott|69/100\n|-unboost|p2a: Sylveon|spe|1\n|-unboost|p2b: Whimsicott|spe|1\n|move|p2a: Sylveon|Hyper Voice|p1a: Milotic|[spread] p1a,p1b\n|-damage|p1a: Milotic|71/100\n|-damage|p1b: Sneasler|2/100\n|move|p1b: Sneasler|Dire Claw|p2b: Whimsicott\n|-supereffective|p2b: Whimsicott|2\n|-crit|p2b: Whimsicott\n|-damage|p2b: Whimsicott|0 fnt\n|faint|p2b: Whimsicott\n|\n|-heal|p2a: Sylveon|96/100|[from] item: Leftovers\n|-sideend|p2: Tamejo|move: Tailwind\n|upkeep\n|\n|t:|1776674073\n|switch|p2b: Dragapult|Dragapult, L50, F|71/100\n|turn|7\n|\n|t:|1776674090\n|move|p1b: Sneasler|Protect|p1b: Sneasler\n|-singleturn|p1b: Sneasler|Protect\n|move|p2a: Sylveon|Hyper Voice|p1b: Sneasler|[spread] p1a\n|-activate|p1b: Sneasler|move: Protect\n|-damage|p1a: Milotic|41/100\n|move|p1a: Milotic|Icy Wind|p2b: Dragapult|[spread] p2a,p2b\n|-supereffective|p2b: Dragapult|1\n|-damage|p2a: Sylveon|87/100\n|-damage|p2b: Dragapult|40/100\n|-unboost|p2a: Sylveon|spe|1\n|move|p2b: Dragapult|Phantom Force||[still]\n|-prepare|p2b: Dragapult|Phantom Force\n|\n|-heal|p2a: Sylveon|93/100|[from] item: Leftovers\n|-fieldend|move: Trick Room\n|upkeep\n|turn|8\n|\n|t:|1776674112\n|move|p2b: Dragapult|Phantom Force|p1b: Sneasler|[from] lockedmove\n|-damage|p1b: Sneasler|0 fnt\n|faint|p1b: Sneasler\n|move|p1a: Milotic|Icy Wind|p2a: Sylveon|[spread] p2a,p2b\n|-supereffective|p2b: Dragapult|1\n|-damage|p2a: Sylveon|84/100\n|-damage|p2b: Dragapult|10/100\n|-unboost|p2a: Sylveon|spe|1\n|move|p2a: Sylveon|Hyper Voice|p1a: Milotic\n|-damage|p1a: Milotic|3/100\n|\n|-heal|p2a: Sylveon|90/100|[from] item: Leftovers\n|-end|p1a: Milotic|Encore\n|upkeep\n|\n|t:|1776674132\n|switch|p1b: Sinistcha|Sinistcha, L50|12/100 psn\n|-heal|p1a: Milotic|28/100|[from] ability: Hospitality|[of] p1b: Sinistcha\n|turn|9\n|\n|t:|1776674152\n|switch|p1b: Charizard|Charizard-Mega-X, L50, F, shiny|100/100\n|move|p2b: Dragapult|Dragon Darts|p1a: Milotic\n|-damage|p1a: Milotic|3/100\n|-anim|p2b: Dragapult|Dragon Darts|p1b: Charizard\n|-supereffective|p1b: Charizard|1\n|-damage|p1b: Charizard|55/100\n|move|p1a: Milotic|Recover|p1a: Milotic\n|-heal|p1a: Milotic|53/100\n|move|p2a: Sylveon|Hyper Voice|p1b: Charizard|[spread] p1a,p1b\n|-damage|p1a: Milotic|24/100\n|-damage|p1b: Charizard|18/100\n|\n|-heal|p2a: Sylveon|96/100|[from] item: Leftovers\n|upkeep\n|turn|10\n|\n|t:|1776674168\n|move|p1b: Charizard|Protect|p1b: Charizard\n|-singleturn|p1b: Charizard|Protect\n|move|p2b: Dragapult|Dragon Darts|p1a: Milotic\n|-damage|p1a: Milotic|0 fnt\n|faint|p1a: Milotic\n|move|p2a: Sylveon|Hyper Voice|p1b: Charizard\n|-activate|p1b: Charizard|move: Protect\n|\n|-heal|p2a: Sylveon|100/100|[from] item: Leftovers\n|upkeep\n|\n|t:|1776674176\n|switch|p1a: Sinistcha|Sinistcha, L50|12/100 psn\n|-heal|p1b: Charizard|43/100|[from] ability: Hospitality|[of] p1a: Sinistcha\n|turn|11\n|\n|t:|1776674184\n|move|p1a: Sinistcha|Rage Powder|p1a: Sinistcha\n|-singleturn|p1a: Sinistcha|move: Rage Powder\n|move|p2b: Dragapult|Dragon Darts|p1a: Sinistcha\n|-damage|p1a: Sinistcha|0 fnt\n|faint|p1a: Sinistcha\n|move|p1b: Charizard|Dragon Dance|p1b: Charizard\n|-boost|p1b: Charizard|atk|1\n|-boost|p1b: Charizard|spe|1\n|move|p2a: Sylveon|Hyper Voice|p1b: Charizard\n|-damage|p1b: Charizard|0 fnt\n|faint|p1b: Charizard\n|\n|win|Tamejo\n|raw|Dum03's rating: 1320 &rarr; <strong>1305</strong><br />(-15 for losing)\n|raw|Tamejo's rating: 1407 &rarr; <strong>1422</strong><br />(+15 for winning)\n|l|\u2606Dum03\n|player|p1|\n|c|\u2606Tamejo|Gg\n",
  "uploadtime": 1776674197,
  "views": 11,
  "formatid": "gen9championsvgc2026regma",
  "rating": 1305,
  "private": 0,
  "password": null
}