{
  "id": "gen9championsvgc2026regma-2587331500",
  "format": "[Gen 9 Champions] VGC 2026 Reg M-A",
  "players": [
    "KebabCorner",
    "irisirisiris"
  ],
  "log": "|j|\u2606KebabCorner\n|j|\u2606irisirisiris\n|t:|1776522731\n|gametype|doubles\n|player|p1|KebabCorner|266|1023\n|player|p2|irisirisiris|169|1056\n|gen|9\n|tier|[Gen 9 Champions] VGC 2026 Reg M-A\n|rated|\n|rule|Species Clause: Limit one of each Pok\u00e9mon\n|rule|Item Clause: Limit 1 of each item\n|clearpoke\n|poke|p1|Dragonite, L50, F|\n|poke|p1|Pelipper, L50, M|\n|poke|p1|Basculegion, L50, M|\n|poke|p1|Incineroar, L50, F|\n|poke|p1|Sneasler, L50, F|\n|poke|p1|Kingambit, L50, F|\n|poke|p2|Lopunny, L50, F|\n|poke|p2|Maushold-Four, L50|\n|poke|p2|Tyranitar, L50, M|\n|poke|p2|Delphox, L50, M|\n|poke|p2|Excadrill, L50, M|\n|poke|p2|Dragonite, L50, M|\n|teampreview|4\n|\n|t:|1776522750\n|teamsize|p1|4\n|teamsize|p2|4\n|start\n|switch|p1a: Dragonite|Dragonite, L50, F|100/100\n|switch|p1b: Sneasler|Sneasler, L50, F|100/100\n|switch|p2a: Dragonite|Dragonite, L50, M|100/100\n|switch|p2b: Lopunny|Lopunny, L50, F|100/100\n|turn|1\n|\n|t:|1776522766\n|detailschange|p2b: Lopunny|Lopunny-Mega, L50, F\n|-mega|p2b: Lopunny|Lopunny|Lopunnite\n|detailschange|p1a: Dragonite|Dragonite-Mega, L50, F\n|-mega|p1a: Dragonite|Dragonite|Dragoninite\n|move|p2b: Lopunny|Fake Out|p1b: Sneasler\n|-damage|p1b: Sneasler|67/100\n|cant|p1b: Sneasler|flinch\n|move|p1a: Dragonite|Draco Meteor|p2a: Dragonite\n|-supereffective|p2a: Dragonite|1\n|-damage|p2a: Dragonite|0 fnt\n|-unboost|p1a: Dragonite|spa|2\n|faint|p2a: Dragonite\n|\n|upkeep\n|j| Koefoedgeilan10B\n|\n|t:|1776522781\n|switch|p2a: Tyranitar|Tyranitar, L50, M|100/100\n|-weather|Sandstorm|[from] ability: Sand Stream|[of] p2a: Tyranitar\n|turn|2\n|\n|t:|1776522798\n|move|p2b: Lopunny|Close Combat|p1b: Sneasler\n|-resisted|p1b: Sneasler|1\n|-damage|p1b: Sneasler|17/100\n|-unboost|p2b: Lopunny|def|1\n|-unboost|p2b: Lopunny|spd|1\n|move|p2a: Tyranitar|Rock Slide|p1a: Dragonite|[spread] p1b\n|-miss|p2a: Tyranitar|p1a: Dragonite\n|-resisted|p1b: Sneasler|1\n|-damage|p1b: Sneasler|0 fnt\n|faint|p1b: Sneasler\n|move|p1a: Dragonite|Hurricane|p2b: Lopunny|[miss]\n|-miss|p1a: Dragonite|p2b: Lopunny\n|\n|-weather|Sandstorm|[upkeep]\n|-damage|p2b: Lopunny|95/100|[from] Sandstorm\n|-damage|p1a: Dragonite|94/100|[from] Sandstorm\n|upkeep\n|\n|t:|1776522813\n|switch|p1b: Pelipper|Pelipper, L50, M|100/100\n|-weather|RainDance|[from] ability: Drizzle|[of] p1b: Pelipper\n|turn|3\n|\n|t:|1776522829\n|move|p2b: Lopunny|Protect|p2b: Lopunny\n|-singleturn|p2b: Lopunny|Protect\n|move|p2a: Tyranitar|Rock Slide|p1b: Pelipper|[spread] p1a,p1b\n|-supereffective|p1a: Dragonite|1\n|-supereffective|p1b: Pelipper|1\n|-damage|p1a: Dragonite|36/100\n|-damage|p1b: Pelipper|16/100\n|move|p1a: Dragonite|Hurricane|p2b: Lopunny\n|-activate|p2b: Lopunny|move: Protect\n|cant|p1b: Pelipper|flinch\n|\n|-weather|RainDance|[upkeep]\n|upkeep\n|turn|4\n|n|!KebabCorner|kebabcorner\n|\n|t:|1776522856\n|move|p2b: Lopunny|Close Combat|p1a: Dragonite\n|-resisted|p1a: Dragonite|1\n|-damage|p1a: Dragonite|6/100\n|-unboost|p2b: Lopunny|def|1\n|-unboost|p2b: Lopunny|spd|1\n|move|p2a: Tyranitar|Rock Slide|p1b: Pelipper|[spread] p1b\n|-miss|p2a: Tyranitar|p1a: Dragonite\n|-supereffective|p1b: Pelipper|1\n|-damage|p1b: Pelipper|0 fnt\n|faint|p1b: Pelipper\n|move|p1a: Dragonite|Hurricane|p2b: Lopunny\n|-supereffective|p2b: Lopunny|1\n|-damage|p2b: Lopunny|0 fnt\n|faint|p2b: Lopunny\n|\n|-weather|RainDance|[upkeep]\n|upkeep\n|\n|t:|1776522871\n|switch|p2b: Excadrill|Excadrill, L50, M|100/100\n|switch|p1b: Basculegion|Basculegion, L50, M|100/100\n|turn|5\n|\n|t:|1776522894\n|move|p1a: Dragonite|Protect|p1a: Dragonite\n|-singleturn|p1a: Dragonite|Protect\n|move|p1b: Basculegion|Wave Crash|p2a: Tyranitar\n|-supereffective|p2a: Tyranitar|1\n|-damage|p2a: Tyranitar|0 fnt\n|faint|p2a: Tyranitar\n|-damage|p1b: Basculegion|71/100|[from] Recoil\n|move|p2b: Excadrill|Stomping Tantrum|p1b: Basculegion\n|-damage|p1b: Basculegion|13/100\n|\n|-weather|RainDance|[upkeep]\n|upkeep\n|turn|6\n|-message|irisirisiris forfeited.\n|\n|win|KebabCorner\n",
  "uploadtime": 1776522842,
  "views": 11,
  "formatid": "gen9championsvgc2026regma",
  "rating": null,
  "private": 0,
  "password": null
}