{
  "id": "gen9championsvgc2026regma-2583045372",
  "format": "[Gen 9 Champions] VGC 2026 Reg M-A",
  "players": [
    "EDJPP",
    "random1213"
  ],
  "log": "|j|\u2606EDJPP\n|j|\u2606random1213\n|t:|1776136262\n|gametype|doubles\n|player|p1|EDJPP|volkner|\n|player|p2|random1213|mars|\n|gen|9\n|tier|[Gen 9 Champions] VGC 2026 Reg M-A\n|rated|Tournament battle\n|rule|Species Clause: Limit one of each Pok\u00e9mon\n|rule|Item Clause: Limit 1 of each item\n|raw|<div class=\"infobox\"><details class=\"readmore\" open><summary><strong>1 custom rule:</strong></summary> Force Open Team Sheets</details></div>\n|clearpoke\n|poke|p1|Floette-Eternal, L50, F|\n|poke|p1|Tyranitar, L50, M|\n|poke|p1|Garchomp, L50, M|\n|poke|p1|Sinistcha, L50|\n|poke|p1|Talonflame, L50, M|\n|poke|p1|Orthworm, L50, M|\n|poke|p2|Runerigus, L50, F|\n|poke|p2|Farigiraf, L50, M|\n|poke|p2|Kingambit, L50, M|\n|poke|p2|Tyranitar, L50, F|\n|poke|p2|Clefable, L50, M|\n|poke|p2|Sinistcha, L50|\n|teampreview|4\n|showteam|p1|Floette-Eternal||Floettite|FlowerVeil|DazzlingGleam,DrainingKiss,Protect,CalmMind|||F|||50|]Tyranitar||Tyranitarite|SandStream|RockSlide,Crunch,HeavySlam,Protect|||M|||50|]Garchomp||BrightPowder|SandVeil|Earthquake,DragonClaw,SwordsDance,Protect|||M|||50|]Sinistcha||Leftovers|Hospitality|LifeDew,MatchaGotcha,TrickRoom,RagePowder||||||50|]Talonflame||ChartiBerry|GaleWings|BraveBird,Tailwind,Taunt,FlareBlitz|||M|||50|]Orthworm||SitrusBerry|EarthEater|ShedTail,BodyPress,IronHead,RockSlide|||M|||50|\n|showteam|p2|Runerigus||SitrusBerry|WanderingSpirit|BodyPress,TrickRoom,AllySwitch,WillOWisp|||F|||50|]Farigiraf||Leftovers|ArmorTail|TrickRoom,FoulPlay,Protect,Psychic|||M|||50|]Kingambit||ChopleBerry|Defiant|KowtowCleave,SwordsDance,Protect,IronHead|||M|||50|]Tyranitar||Tyranitarite|SandStream|RockSlide,KnockOff,HighHorsepower,Protect|||F|||50|]Clefable||FocusSash|MagicGuard|FollowMe,Moonblast,LightScreen,Reflect|||M|||50|]Sinistcha||MiracleSeed|Hospitality|RagePowder,MatchaGotcha,ShadowBall,Protect||||||50|\n|inactive|Battle timer is ON: inactive players will automatically lose when time's up. (requested by random1213)\n|inactive|EDJPP also wants the timer to be on.\n|c|\u2606random1213|glhf\n|inactive|EDJPP has 60 seconds left.\n|inactive|random1213 has 60 seconds left.\n|c|\u2606EDJPP|u 2\n|j| Carrielis\n|inactive|EDJPP has 30 seconds left.\n|\n|t:|1776136326\n|teamsize|p1|4\n|teamsize|p2|4\n|start\n|switch|p1a: Matcha|Sinistcha, L50|100/100\n|switch|p1b: Orthworm|Orthworm, L50, M|100/100\n|switch|p2a: Runerigus|Runerigus, L50, F, shiny|100/100\n|switch|p2b: Clefable|Clefable, L50, M|100/100\n|turn|1\n|inactive|random1213 has 30 seconds left.\n|\n|t:|1776136357\n|move|p1a: Matcha|Rage Powder|p1a: Matcha\n|-singleturn|p1a: Matcha|move: Rage Powder\n|move|p2b: Clefable|Follow Me|p2b: Clefable\n|-singleturn|p2b: Clefable|move: Follow Me\n|move|p1b: Orthworm|Shed Tail|p1b: Orthworm\n|-start|p1b: Orthworm|Substitute|[from] move: Shed Tail\n|-damage|p1b: Orthworm|50/100\n|-enditem|p1b: Orthworm|Sitrus Berry|[eat]\n|-heal|p1b: Orthworm|75/100|[from] item: Sitrus Berry\n|\n|t:|1776136368\n|switch|p1b: Garchomp|Garchomp, L50, M|100/100|[from] Shed Tail\n|move|p2a: Runerigus|Trick Room|p2a: Runerigus\n|-fieldstart|move: Trick Room|[of] p2a: Runerigus\n|\n|upkeep\n|turn|2\n|inactive|random1213 has 30 seconds left.\n|\n|t:|1776136396\n|switch|p2a: Kingambit|Kingambit, L50, M|100/100\n|switch|p1a: Tyranitar|Tyranitar, L50, M, shiny|100/100\n|-weather|Sandstorm|[from] ability: Sand Stream|[of] p1a: Tyranitar\n|move|p2b: Clefable|Moonblast|p1b: Garchomp\n|-supereffective|p1b: Garchomp|1\n|-end|p1b: Garchomp|Substitute\n|move|p1b: Garchomp|Swords Dance|p1b: Garchomp\n|-boost|p1b: Garchomp|atk|2\n|\n|-weather|Sandstorm|[upkeep]\n|upkeep\n|turn|3\n|inactive|EDJPP has 30 seconds left.\n|inactive|random1213 has 30 seconds left.\n|inactive|random1213 has 20 seconds left.\n|\n|t:|1776136432\n|move|p1b: Garchomp|Protect|p1b: Garchomp\n|-singleturn|p1b: Garchomp|Protect\n|move|p2a: Kingambit|Iron Head|p1a: Tyranitar\n|-supereffective|p1a: Tyranitar|1\n|-damage|p1a: Tyranitar|18/100\n|move|p2b: Clefable|Moonblast|p1b: Garchomp\n|-activate|p1b: Garchomp|move: Protect\n|cant|p1a: Tyranitar|flinch\n|\n|-weather|Sandstorm|[upkeep]\n|upkeep\n|turn|4\n|\n|t:|1776136457\n|switch|p1a: Orthworm|Orthworm, L50, M|75/100\n|move|p2a: Kingambit|Iron Head|p1a: Orthworm\n|-resisted|p1a: Orthworm|1\n|-damage|p1a: Orthworm|59/100\n|move|p2b: Clefable|Moonblast|p1b: Garchomp|[miss]\n|-miss|p2b: Clefable|p1b: Garchomp\n|move|p1b: Garchomp|Earthquake|p2a: Kingambit|[spread] p2a,p2b\n|-heal|p1a: Orthworm|84/100|[from] ability: Earth Eater|[of] p1b: Garchomp\n|-supereffective|p2a: Kingambit|1\n|-damage|p2a: Kingambit|0 fnt\n|-damage|p2b: Clefable|11/100\n|faint|p2a: Kingambit\n|\n|-weather|Sandstorm|[upkeep]\n|upkeep\n|\n|t:|1776136471\n|switch|p2a: Runerigus|Runerigus, L50, F, shiny|100/100\n|turn|5\n|\n|t:|1776136481\n|move|p2a: Runerigus|Body Press|p1a: Orthworm\n|-supereffective|p1a: Orthworm|1\n|-damage|p1a: Orthworm|29/100\n|move|p1a: Orthworm|Iron Head|p2b: Clefable\n|-supereffective|p2b: Clefable|1\n|-damage|p2b: Clefable|0 fnt\n|faint|p2b: Clefable\n|move|p1b: Garchomp|Earthquake|p2a: Runerigus|[spread] p2a\n|-heal|p1a: Orthworm|54/100|[from] ability: Earth Eater|[of] p1b: Garchomp\n|-damage|p2a: Runerigus|49/100\n|-enditem|p2a: Runerigus|Sitrus Berry|[eat]\n|-heal|p2a: Runerigus|74/100|[from] item: Sitrus Berry\n|\n|-weather|Sandstorm|[upkeep]\n|-fieldend|move: Trick Room\n|upkeep\n|\n|t:|1776136493\n|switch|p2b: Tyranitar|Tyranitar, L50, F|100/100\n|turn|6\n|inactive|EDJPP has 30 seconds left.\n|inactive|random1213 has 30 seconds left.\n|inactive|EDJPP has 20 seconds left.\n|inactive|EDJPP has 15 seconds left.\n|inactive|EDJPP has 10 seconds left.\n|inactive|EDJPP has 5 seconds left.\n|\n|t:|1776136548\n|detailschange|p2b: Tyranitar|Tyranitar-Mega, L50, F\n|-mega|p2b: Tyranitar|Tyranitar|Tyranitarite\n|move|p2b: Tyranitar|Protect|p2b: Tyranitar\n|-singleturn|p2b: Tyranitar|Protect\n|move|p1b: Garchomp|Earthquake|p2b: Tyranitar|[spread] p2a\n|-activate|p2b: Tyranitar|move: Protect\n|-heal|p1a: Orthworm|79/100|[from] ability: Earth Eater|[of] p1b: Garchomp\n|-damage|p2a: Runerigus|22/100\n|move|p1a: Orthworm|Shed Tail|p1a: Orthworm\n|-start|p1a: Orthworm|Substitute|[from] move: Shed Tail\n|-damage|p1a: Orthworm|29/100\n|\n|t:|1776136564\n|switch|p1a: Matcha|Sinistcha, L50|100/100|[from] Shed Tail\n|move|p2a: Runerigus|Body Press|p1a: Matcha\n|-immune|p1a: Matcha\n|\n|-weather|none\n|upkeep\n|turn|7\n|c|\u2606random1213|oooof good play\n|\n|t:|1776136585\n|move|p1b: Garchomp|Dragon Claw|p2b: Tyranitar\n|-damage|p2b: Tyranitar|47/100\n|move|p2b: Tyranitar|Rock Slide|p1b: Garchomp|[spread] p1a,p1b\n|-end|p1a: Matcha|Substitute\n|-resisted|p1b: Garchomp|1\n|-damage|p1b: Garchomp|85/100\n|move|p1a: Matcha|Matcha Gotcha|p2a: Runerigus|[spread] p2a,p2b\n|-supereffective|p2a: Runerigus|1\n|-supereffective|p2b: Tyranitar|1\n|-damage|p2a: Runerigus|0 fnt\n|-damage|p2b: Tyranitar|5/100\n|faint|p2a: Runerigus\n|\n|upkeep\n|turn|8\n|inactive|EDJPP has 30 seconds left.\n|\n|t:|1776136619\n|move|p1b: Garchomp|Earthquake|p2b: Tyranitar|[spread] p1a,p2b\n|-resisted|p1a: Matcha|1\n|-supereffective|p2b: Tyranitar|1\n|-damage|p1a: Matcha|67/100\n|-damage|p2b: Tyranitar|0 fnt\n|faint|p2b: Tyranitar\n|\n|win|EDJPP\n|n|\u2606EDJPP|edjpp\n|n|\u2606random1213|random1213\n|n| Carrielis|carrielis\n",
  "uploadtime": 1776136624,
  "views": 12,
  "formatid": "gen9championsvgc2026regma",
  "rating": null,
  "private": 0,
  "password": null
}