{
  "id": "gen9championsvgc2026regma-2582042286",
  "format": "[Gen 9 Champions] VGC 2026 Reg M-A",
  "players": [
    "StrawberryBalloons",
    "Nddair"
  ],
  "log": "|j|\u2606StrawberryBalloons\n|j|\u2606Nddair\n|t:|1776051185\n|gametype|doubles\n|player|p1|StrawberryBalloons|fisherman-gen4|1229\n|player|p2|Nddair|1|1263\n|gen|9\n|tier|[Gen 9 Champions] VGC 2026 Reg M-A\n|rated|\n|rule|Species Clause: Limit one of each Pok\u00e9mon\n|rule|Item Clause: Limit 1 of each item\n|clearpoke\n|poke|p1|Tinkaton, L50, F|\n|poke|p1|Floette-Eternal, L50, F|\n|poke|p1|Garchomp, L50, M|\n|poke|p1|Gyarados, L50, M|\n|poke|p1|Whimsicott, L50, F|\n|poke|p1|Raichu-Alola, L50, F|\n|poke|p2|Ampharos, L50, F|\n|poke|p2|Abomasnow, L50, F|\n|poke|p2|Torkoal, L50, M|\n|poke|p2|Oranguru, L50, F|\n|poke|p2|Maushold-Four, L50|\n|poke|p2|Rhyperior, L50, F|\n|teampreview|4\n|inactive|Battle timer is ON: inactive players will automatically lose when time's up. (requested by StrawberryBalloons)\n|inactive|StrawberryBalloons has 60 seconds left.\n|\n|t:|1776051231\n|teamsize|p1|4\n|teamsize|p2|4\n|start\n|switch|p1a: Raichu|Raichu-Alola, L50, F|100/100\n|switch|p1b: Garchomp|Garchomp, L50, M|100/100\n|switch|p2a: Maushold|Maushold-Four, L50|100/100\n|switch|p2b: Oranguru|Oranguru, L50, F|100/100\n|turn|1\n|\n|t:|1776051243\n|move|p2a: Maushold|Follow Me|p2a: Maushold\n|-singleturn|p2a: Maushold|move: Follow Me\n|move|p1b: Garchomp|Earthquake|p2b: Oranguru|[spread] p1a,p2a,p2b\n|-supereffective|p1a: Raichu|1\n|-enditem|p1a: Raichu|Focus Sash\n|-damage|p1a: Raichu|1/100\n|-damage|p2a: Maushold|49/100\n|-damage|p2b: Oranguru|74/100\n|move|p1a: Raichu|Endeavor|p2a: Maushold\n|-damage|p2a: Maushold|1/100\n|move|p2b: Oranguru|Trick Room|p2b: Oranguru\n|-fieldstart|move: Trick Room|[of] p2b: Oranguru\n|\n|upkeep\n|turn|2\n|\n|t:|1776051270\n|move|p2b: Oranguru|Hyper Voice|p1a: Raichu|[spread] p1a,p1b\n|-damage|p1a: Raichu|0 fnt\n|-damage|p1b: Garchomp|76/100\n|faint|p1a: Raichu\n|move|p1b: Garchomp|Stomping Tantrum|p2b: Oranguru\n|-damage|p2b: Oranguru|45/100\n|move|p2a: Maushold|Super Fang|p1b: Garchomp\n|-damage|p1b: Garchomp|39/100\n|\n|upkeep\n|\n|t:|1776051273\n|switch|p1a: Gyarados|Gyarados, L50, M, shiny|100/100\n|-ability|p1a: Gyarados|Intimidate|boost\n|-unboost|p2a: Maushold|atk|1\n|-unboost|p2b: Oranguru|atk|1\n|turn|3\n|\n|t:|1776051288\n|move|p2b: Oranguru|Hyper Voice|p1a: Gyarados|[spread] p1a,p1b\n|-damage|p1a: Gyarados|82/100\n|-damage|p1b: Garchomp|15/100\n|move|p1a: Gyarados|Waterfall|p2a: Maushold\n|-damage|p2a: Maushold|0 fnt\n|faint|p2a: Maushold\n|move|p1b: Garchomp|Earthquake|p2b: Oranguru|[spread] p2b\n|-immune|p1a: Gyarados\n|-damage|p2b: Oranguru|8/100\n|\n|upkeep\n|\n|t:|1776051299\n|switch|p2a: Ampharos|Ampharos, L50, F|100/100\n|turn|4\n|\n|t:|1776051307\n|switch|p1a: MeowMeow|Tinkaton, L50, F, shiny|100/100\n|-ability|p1a: MeowMeow|Mold Breaker\n|detailschange|p2a: Ampharos|Ampharos-Mega, L50, F\n|-mega|p2a: Ampharos|Ampharos|Ampharosite\n|-ability|p2a: Ampharos|Mold Breaker\n|move|p1b: Garchomp|Protect|p1b: Garchomp\n|-singleturn|p1b: Garchomp|Protect\n|move|p2a: Ampharos|Discharge|p1a: MeowMeow|[spread] p2b,p1a\n|-activate|p1b: Garchomp|move: Protect\n|-damage|p2b: Oranguru|0 fnt\n|-damage|p1a: MeowMeow|62/100\n|-status|p1a: MeowMeow|par\n|faint|p2b: Oranguru\n|\n|upkeep\n|\n|t:|1776051323\n|switch|p2b: Abomasnow|Abomasnow, L50, F|100/100\n|-weather|Snowscape|[from] ability: Snow Warning|[of] p2b: Abomasnow\n|turn|5\n|\n|t:|1776051347\n|switch|p1b: Gyarados|Gyarados, L50, M, shiny|82/100\n|-ability|p1b: Gyarados|Intimidate|boost\n|-unboost|p2a: Ampharos|atk|1\n|-unboost|p2b: Abomasnow|atk|1\n|move|p2a: Ampharos|Volt Switch|p1a: MeowMeow\n|-damage|p1a: MeowMeow|15/100 par\n|move|p1a: MeowMeow|Gigaton Hammer|p2b: Abomasnow\n|-supereffective|p2b: Abomasnow|1\n|-damage|p2b: Abomasnow|15/100\n|move|p2b: Abomasnow|Blizzard|p1a: MeowMeow|[spread] p1a,p1b\n|-resisted|p1a: MeowMeow|1\n|-damage|p1a: MeowMeow|0 fnt\n|-damage|p1b: Gyarados|39/100\n|faint|p1a: MeowMeow\n|\n|-weather|Snowscape|[upkeep]\n|-fieldend|move: Trick Room\n|upkeep\n|\n|t:|1776051358\n|switch|p1a: Garchomp|Garchomp, L50, M|15/100\n|turn|6\n|\n|t:|1776051368\n|move|p1b: Gyarados|Helping Hand|p1a: Garchomp\n|-singleturn|p1a: Garchomp|Helping Hand|[of] p1b: Gyarados\n|move|p2a: Ampharos|Protect|p2a: Ampharos\n|-singleturn|p2a: Ampharos|Protect\n|move|p1a: Garchomp|Earthquake|p2b: Abomasnow|[spread] p2b\n|-activate|p2a: Ampharos|move: Protect\n|-immune|p1b: Gyarados\n|-resisted|p2b: Abomasnow|1\n|-damage|p2b: Abomasnow|0 fnt\n|faint|p2b: Abomasnow\n|\n|-weather|Snowscape|[upkeep]\n|upkeep\n|turn|7\n|-message|Nddair forfeited.\n|\n|win|StrawberryBalloons\n|raw|StrawberryBalloons's rating: 1229 &rarr; <strong>1256</strong><br />(+27 for winning)\n|raw|Nddair's rating: 1263 &rarr; <strong>1236</strong><br />(-27 for losing)\n|l|\u2606Nddair\n|player|p2|\n",
  "uploadtime": 1776051384,
  "views": 33,
  "formatid": "gen9championsvgc2026regma",
  "rating": 1236,
  "private": 0,
  "password": null
}