{
  "id": "gen9championsvgc2026regma-2580445450",
  "format": "[Gen 9 Champions] VGC 2026 Reg M-A",
  "players": [
    "Sklapr",
    "undeadmilkman"
  ],
  "log": "|j|\u2606Sklapr\n|j|\u2606undeadmilkman\n|t:|1775897676\n|gametype|doubles\n|player|p1|Sklapr|265|1245\n|player|p2|undeadmilkman|lady|1240\n|gen|9\n|tier|[Gen 9 Champions] VGC 2026 Reg M-A\n|rated|\n|rule|Species Clause: Limit one of each Pok\u00e9mon\n|rule|Item Clause: Limit 1 of each item\n|clearpoke\n|poke|p1|Greninja-*, L50, F|\n|poke|p1|Whimsicott, L50, F|\n|poke|p1|Volcarona, L50, M|\n|poke|p1|Charizard, L50, F|\n|poke|p1|Garchomp, L50, F|\n|poke|p1|Dragapult, L50, M|\n|poke|p2|Lopunny, L50, M|\n|poke|p2|Corviknight, L50, F|\n|poke|p2|Dragapult, L50, F|\n|poke|p2|Sylveon, L50, M|\n|poke|p2|Rotom-Heat, L50|\n|poke|p2|Garchomp, L50, F|\n|teampreview|4\n|inactive|Battle timer is ON: inactive players will automatically lose when time's up. (requested by undeadmilkman)\n|inactive|Sklapr has 60 seconds left.\n|\n|t:|1775897719\n|teamsize|p1|4\n|teamsize|p2|4\n|start\n|switch|p1a: Charizard|Charizard, L50, F, shiny|100/100\n|switch|p1b: Whimsicott|Whimsicott, L50, F, shiny|100/100\n|switch|p2a: Sylveon|Sylveon, L50, M|100/100\n|switch|p2b: Lopunny|Lopunny, L50, M|100/100\n|turn|1\n|inactive|Sklapr has 30 seconds left.\n|j| kho ga ba mia\n|\n|t:|1775897751\n|detailschange|p2b: Lopunny|Lopunny-Mega, L50, M\n|-mega|p2b: Lopunny|Lopunny|Lopunnite\n|detailschange|p1a: Charizard|Charizard-Mega-Y, L50, F, shiny\n|-mega|p1a: Charizard|Charizard|Charizardite Y\n|-weather|SunnyDay|[from] ability: Drought|[of] p1a: Charizard\n|move|p2b: Lopunny|Fake Out|p1a: Charizard\n|-damage|p1a: Charizard|68/100\n|move|p1b: Whimsicott|Moonblast|p2b: Lopunny\n|-supereffective|p2b: Lopunny|1\n|-damage|p2b: Lopunny|8/100\n|cant|p1a: Charizard|flinch\n|move|p2a: Sylveon|Calm Mind|p2a: Sylveon\n|-boost|p2a: Sylveon|spa|1\n|-boost|p2a: Sylveon|spd|1\n|\n|-weather|SunnyDay|[upkeep]\n|upkeep\n|turn|2\n|l| kho ga ba mia\n|\n|t:|1775897768\n|switch|p2b: Rotom|Rotom-Heat, L50|100/100\n|move|p1a: Charizard|Protect|p1a: Charizard\n|-singleturn|p1a: Charizard|Protect\n|move|p1b: Whimsicott|Encore|p2a: Sylveon\n|-start|p2a: Sylveon|Encore\n|move|p2a: Sylveon|Calm Mind|p2a: Sylveon\n|-boost|p2a: Sylveon|spa|1\n|-boost|p2a: Sylveon|spd|1\n|\n|-weather|SunnyDay|[upkeep]\n|upkeep\n|turn|3\n|\n|t:|1775897778\n|switch|p1a: Garchomp|Garchomp, L50, F, shiny|100/100\n|move|p1b: Whimsicott|Tailwind|p1b: Whimsicott\n|-sidestart|p1: Sklapr|move: Tailwind\n|move|p2b: Rotom|Overheat|p1b: Whimsicott\n|-supereffective|p1b: Whimsicott|1\n|-enditem|p1b: Whimsicott|Focus Sash\n|-damage|p1b: Whimsicott|1/100\n|-unboost|p2b: Rotom|spa|2\n|move|p2a: Sylveon|Calm Mind|p2a: Sylveon\n|-boost|p2a: Sylveon|spa|1\n|-boost|p2a: Sylveon|spd|1\n|\n|-weather|SunnyDay|[upkeep]\n|upkeep\n|turn|4\n|\n|t:|1775897789\n|switch|p1b: Charizard|Charizard-Mega-Y, L50, F, shiny|68/100\n|move|p1a: Garchomp|Earthquake|p2b: Rotom|[spread] p2a\n|-immune|p1b: Charizard\n|-immune|p2b: Rotom|[from] ability: Levitate\n|-damage|p2a: Sylveon|60/100\n|move|p2b: Rotom|Will-O-Wisp|p1a: Garchomp\n|-status|p1a: Garchomp|brn\n|move|p2a: Sylveon|Calm Mind|p2a: Sylveon\n|-boost|p2a: Sylveon|spa|1\n|-boost|p2a: Sylveon|spd|1\n|\n|-weather|SunnyDay|[upkeep]\n|-damage|p1a: Garchomp|95/100 brn|[from] brn\n|-end|p2a: Sylveon|Encore\n|upkeep\n|turn|5\n|\n|t:|1775897811\n|move|p2a: Sylveon|Protect|p2a: Sylveon\n|-singleturn|p2a: Sylveon|Protect\n|move|p1a: Garchomp|Rock Slide|p2b: Rotom|[spread] \n|-activate|p2a: Sylveon|move: Protect\n|-miss|p1a: Garchomp|p2b: Rotom\n|move|p1b: Charizard|Heat Wave|p2b: Rotom|[spread] p2b\n|-activate|p2a: Sylveon|move: Protect\n|-resisted|p2b: Rotom|1\n|-damage|p2b: Rotom|69/100\n|move|p2b: Rotom|Volt Switch|p1b: Charizard\n|-supereffective|p1b: Charizard|1\n|-damage|p1b: Charizard|41/100\n|\n|t:|1775897815\n|switch|p2b: Lopunny|Lopunny-Mega, L50, M|8/100|[from] Volt Switch\n|\n|-weather|none\n|-damage|p1a: Garchomp|89/100 brn|[from] brn\n|upkeep\n|turn|6\n|inactive|Sklapr has 30 seconds left.\n|inactive|Sklapr has 20 seconds left.\n|inactive|Sklapr has 15 seconds left.\n|inactive|Sklapr has 10 seconds left.\n|inactive|Sklapr has 5 seconds left.\n|\n|t:|1775897868\n|move|p1b: Charizard|Protect|p1b: Charizard\n|-singleturn|p1b: Charizard|Protect\n|move|p2b: Lopunny|Fake Out|p1a: Garchomp\n|-damage|p1a: Garchomp|66/100 brn\n|-damage|p2b: Lopunny|0 fnt|[from] ability: Rough Skin|[of] p1a: Garchomp\n|faint|p2b: Lopunny\n|cant|p1a: Garchomp|flinch\n|move|p2a: Sylveon|Hyper Voice|p1a: Garchomp|[spread] p1a\n|-activate|p1b: Charizard|move: Protect\n|-supereffective|p1a: Garchomp|1\n|-damage|p1a: Garchomp|0 fnt\n|faint|p1a: Garchomp\n|\n|-sideend|p1: Sklapr|move: Tailwind\n|upkeep\n|\n|t:|1775897883\n|switch|p2b: Rotom|Rotom-Heat, L50|69/100\n|switch|p1a: Dragapult|Dragapult, L50, M|100/100\n|turn|7\n|\n|t:|1775897892\n|move|p1a: Dragapult|Phantom Force||[still]\n|-prepare|p1a: Dragapult|Phantom Force\n|move|p1b: Charizard|Heat Wave|p2b: Rotom|[spread] p2a,p2b\n|-resisted|p2b: Rotom|1\n|-damage|p2a: Sylveon|50/100\n|-damage|p2b: Rotom|48/100\n|-enditem|p2b: Rotom|Sitrus Berry|[eat]\n|-heal|p2b: Rotom|72/100|[from] item: Sitrus Berry\n|move|p2b: Rotom|Volt Switch|p1b: Charizard\n|-supereffective|p1b: Charizard|1\n|-damage|p1b: Charizard|0 fnt\n|faint|p1b: Charizard\n|\n|t:|1775897896\n|switch|p2b: Dragapult|Dragapult, L50, F|100/100|[from] Volt Switch\n|move|p2a: Sylveon|Hyper Voice|p1a: Dragapult|[miss]\n|-miss|p2a: Sylveon|p1a: Dragapult\n|\n|upkeep\n|\n|t:|1775897898\n|switch|p1b: Whimsicott|Whimsicott, L50, F, shiny|1/100\n|turn|8\n|\n|t:|1775897917\n|move|p1a: Dragapult|Phantom Force|p2a: Sylveon|[from] lockedmove\n|-damage|p2a: Sylveon|0 fnt\n|faint|p2a: Sylveon\n|move|p2b: Dragapult|Shadow Ball|p1b: Whimsicott\n|-damage|p1b: Whimsicott|0 fnt\n|faint|p1b: Whimsicott\n|\n|upkeep\n|\n|t:|1775897919\n|switch|p2a: Rotom|Rotom-Heat, L50|72/100\n|turn|9\n|\n|t:|1775897927\n|move|p1a: Dragapult|Phantom Force||[still]\n|-prepare|p1a: Dragapult|Phantom Force\n|move|p2b: Dragapult|Shadow Ball|p1a: Dragapult|[miss]\n|-miss|p2b: Dragapult|p1a: Dragapult\n|move|p2a: Rotom|Volt Switch|p1a: Dragapult|[miss]\n|-miss|p2a: Rotom|p1a: Dragapult\n|\n|upkeep\n|turn|10\n|\n|t:|1775897934\n|move|p1a: Dragapult|Phantom Force|p2b: Dragapult|[from] lockedmove\n|-supereffective|p2b: Dragapult|1\n|-enditem|p2b: Dragapult|Focus Sash\n|-damage|p2b: Dragapult|1/100\n|move|p2b: Dragapult|Shadow Ball|p1a: Dragapult\n|-supereffective|p1a: Dragapult|1\n|-damage|p1a: Dragapult|2/100\n|move|p2a: Rotom|Will-O-Wisp|p1a: Dragapult\n|-status|p1a: Dragapult|brn\n|\n|-damage|p1a: Dragapult|0 fnt|[from] brn\n|faint|p1a: Dragapult\n|\n|win|undeadmilkman\n|raw|Sklapr's rating: 1245 &rarr; <strong>1220</strong><br />(-25 for losing)\n|raw|undeadmilkman's rating: 1240 &rarr; <strong>1265</strong><br />(+25 for winning)\n|l|\u2606undeadmilkman\n|player|p2|\n",
  "uploadtime": 1775897938,
  "views": 34,
  "formatid": "gen9championsvgc2026regma",
  "rating": 1220,
  "private": 0,
  "password": null
}