{
  "id": "gen9championsvgc2026regma-2581706332",
  "format": "[Gen 9 Champions] VGC 2026 Reg M-A",
  "players": [
    "FortuneMC",
    "muzinvgc"
  ],
  "log": "|j|\u2606FortuneMC\n|j|\u2606muzinvgc\n|t:|1776022194\n|gametype|doubles\n|player|p1|FortuneMC|veteran|1098\n|player|p2|muzinvgc|iris-gen5bw2|1000\n|gen|9\n|tier|[Gen 9 Champions] VGC 2026 Reg M-A\n|rated|\n|rule|Species Clause: Limit one of each Pok\u00e9mon\n|rule|Item Clause: Limit 1 of each item\n|clearpoke\n|poke|p1|Whimsicott, L50, M|\n|poke|p1|Incineroar, L50, F|\n|poke|p1|Glimmora, L50, F|\n|poke|p1|Garchomp, L50, M|\n|poke|p1|Kangaskhan, L50, F|\n|poke|p1|Kingambit, L50, F|\n|poke|p2|Gengar, L50, M|\n|poke|p2|Aerodactyl, L50, F|\n|poke|p2|Maushold-Four, L50|\n|poke|p2|Politoed, L50, F|\n|poke|p2|Archaludon, L50, M|\n|poke|p2|Gallade, L50, M|\n|teampreview|4\n|\n|t:|1776022216\n|teamsize|p1|4\n|teamsize|p2|4\n|start\n|switch|p1a: Whimsicott|Whimsicott, L50, M|100/100\n|switch|p1b: Glimmora|Glimmora, L50, F|100/100\n|switch|p2a: Politoed|Politoed, L50, F|100/100\n|switch|p2b: Archaludon|Archaludon, L50, M|100/100\n|-weather|RainDance|[from] ability: Drizzle|[of] p2a: Politoed\n|turn|1\n|\n|t:|1776022241\n|detailschange|p1b: Glimmora|Glimmora-Mega, L50, F\n|-mega|p1b: Glimmora|Glimmora|Glimmoranite\n|move|p1b: Glimmora|Earth Power|p2b: Archaludon\n|-supereffective|p2b: Archaludon|1\n|-damage|p2b: Archaludon|18/100\n|-ability|p2b: Archaludon|Stamina|boost\n|-boost|p2b: Archaludon|def|1\n|move|p1a: Whimsicott|Moonblast|p2b: Archaludon\n|-damage|p2b: Archaludon|0 fnt\n|faint|p2b: Archaludon\n|move|p2a: Politoed|Muddy Water|p1b: Glimmora|[spread] p1a,p1b\n|-resisted|p1a: Whimsicott|1\n|-supereffective|p1b: Glimmora|1\n|-damage|p1a: Whimsicott|84/100\n|-damage|p1b: Glimmora|31/100\n|-unboost|p1a: Whimsicott|accuracy|1\n|\n|-weather|RainDance|[upkeep]\n|upkeep\n|\n|t:|1776022252\n|switch|p2b: Gengar|Gengar, L50, M|100/100\n|turn|2\n|\n|t:|1776022259\n|detailschange|p2b: Gengar|Gengar-Mega, L50, M\n|-mega|p2b: Gengar|Gengar|Gengarite\n|move|p1b: Glimmora|Spiky Shield|p1b: Glimmora\n|-singleturn|p1b: Glimmora|move: Protect\n|move|p1a: Whimsicott|Tailwind|p1a: Whimsicott\n|-sidestart|p1: FortuneMC|move: Tailwind\n|move|p2b: Gengar|Shadow Ball|p1b: Glimmora\n|-activate|p1b: Glimmora|move: Protect\n|move|p2a: Politoed|Ice Beam|p1a: Whimsicott\n|-supereffective|p1a: Whimsicott|1\n|-damage|p1a: Whimsicott|45/100\n|\n|-weather|RainDance|[upkeep]\n|upkeep\n|turn|3\n|\n|t:|1776022277\n|move|p2b: Gengar|Protect|p2b: Gengar\n|-singleturn|p2b: Gengar|Protect\n|move|p1a: Whimsicott|Encore|p2a: Politoed|[miss]\n|-miss|p1a: Whimsicott|p2a: Politoed\n|move|p1b: Glimmora|Earth Power|p2b: Gengar\n|-activate|p2b: Gengar|move: Protect\n|move|p2a: Politoed|Muddy Water|p1a: Whimsicott|[spread] p1a,p1b\n|-resisted|p1a: Whimsicott|1\n|-supereffective|p1b: Glimmora|1\n|-damage|p1a: Whimsicott|29/100\n|-damage|p1b: Glimmora|0 fnt\n|-unboost|p1a: Whimsicott|accuracy|1\n|faint|p1b: Glimmora\n|\n|-weather|RainDance|[upkeep]\n|upkeep\n|\n|t:|1776022287\n|switch|p1b: Garchomp|Garchomp, L50, M|100/100\n|turn|4\n|\n|t:|1776022305\n|switch|p2b: Gallade|Gallade, L50, M|100/100\n|move|p1a: Whimsicott|Encore|p2a: Politoed|[miss]\n|-miss|p1a: Whimsicott|p2a: Politoed\n|move|p1b: Garchomp|Earthquake|p2a: Politoed|[spread] p1a,p2a,p2b\n|-resisted|p1a: Whimsicott|1\n|-damage|p1a: Whimsicott|8/100\n|-damage|p2a: Politoed|68/100\n|-damage|p2b: Gallade|42/100\n|move|p2a: Politoed|Ice Beam|p1b: Garchomp\n|-supereffective|p1b: Garchomp|2\n|-damage|p1b: Garchomp|20/100\n|\n|-weather|RainDance|[upkeep]\n|upkeep\n|turn|5\n|\n|t:|1776022346\n|move|p1a: Whimsicott|Protect|p1a: Whimsicott\n|-singleturn|p1a: Whimsicott|Protect\n|move|p2b: Gallade|Protect|p2b: Gallade\n|-singleturn|p2b: Gallade|Protect\n|move|p2a: Politoed|Protect|p2a: Politoed\n|-singleturn|p2a: Politoed|Protect\n|move|p1b: Garchomp|Earthquake|p2a: Politoed|[spread] \n|-activate|p1a: Whimsicott|move: Protect\n|-activate|p2a: Politoed|move: Protect\n|-activate|p2b: Gallade|move: Protect\n|\n|-weather|none\n|-sideend|p1: FortuneMC|move: Tailwind\n|upkeep\n|turn|6\n|\n|t:|1776022359\n|move|p1a: Whimsicott|Encore|p2a: Politoed\n|-start|p2a: Politoed|Encore\n|move|p2a: Politoed|Protect||[still]\n|-fail|p2a: Politoed\n|move|p1b: Garchomp|Earthquake|p2a: Politoed|[spread] p1a,p2a,p2b\n|-resisted|p1a: Whimsicott|1\n|-damage|p1a: Whimsicott|0 fnt\n|-damage|p2a: Politoed|32/100\n|-damage|p2b: Gallade|0 fnt\n|-enditem|p2a: Politoed|Sitrus Berry|[eat]\n|-heal|p2a: Politoed|57/100|[from] item: Sitrus Berry\n|faint|p1a: Whimsicott\n|faint|p2b: Gallade\n|\n|upkeep\n|\n|t:|1776022365\n|switch|p1a: Kingambit|Kingambit, L50, F|100/100\n|switch|p2b: Gengar|Gengar-Mega, L50, M|100/100\n|turn|7\n|\n|t:|1776022372\n|move|p2b: Gengar|Protect|p2b: Gengar\n|-singleturn|p2b: Gengar|Protect\n|move|p2a: Politoed|Protect|p2a: Politoed\n|-singleturn|p2a: Politoed|Protect\n|move|p1b: Garchomp|Earthquake|p2a: Politoed|[spread] p1a\n|-activate|p2a: Politoed|move: Protect\n|-activate|p2b: Gengar|move: Protect\n|-supereffective|p1a: Kingambit|1\n|-damage|p1a: Kingambit|42/100\n|move|p1a: Kingambit|Kowtow Cleave|p2b: Gengar\n|-activate|p2b: Gengar|move: Protect\n|\n|upkeep\n|turn|8\n|inactive|Battle timer is ON: inactive players will automatically lose when time's up. (requested by FortuneMC)\n|\n|t:|1776022419\n|move|p2a: Politoed|Protect||[still]\n|-fail|p2a: Politoed\n|move|p1a: Kingambit|Protect|p1a: Kingambit\n|-singleturn|p1a: Kingambit|Protect\n|move|p1b: Garchomp|Earthquake|p2b: Gengar|[spread] p2a,p2b\n|-activate|p1a: Kingambit|move: Protect\n|-supereffective|p2b: Gengar|1\n|-damage|p2a: Politoed|22/100\n|-damage|p2b: Gengar|11/100\n|move|p2b: Gengar|Disable|p1a: Kingambit\n|-activate|p1a: Kingambit|move: Protect\n|\n|-end|p2a: Politoed|Encore\n|upkeep\n|turn|9\n|\n|t:|1776022435\n|move|p1a: Kingambit|Sucker Punch|p2b: Gengar\n|-supereffective|p2b: Gengar|1\n|-damage|p2b: Gengar|0 fnt\n|faint|p2b: Gengar\n|move|p1b: Garchomp|Earthquake|p2a: Politoed|[spread] p1a,p2a\n|-supereffective|p1a: Kingambit|1\n|-damage|p1a: Kingambit|0 fnt\n|-damage|p2a: Politoed|0 fnt\n|faint|p1a: Kingambit\n|faint|p2a: Politoed\n|\n|win|FortuneMC\n|raw|FortuneMC's rating: 1098 &rarr; <strong>1116</strong><br />(+18 for winning)\n|raw|muzinvgc's rating: 1000 &rarr; <strong>1000</strong><br />(+0 for losing)\n",
  "uploadtime": 1776022444,
  "views": 14,
  "formatid": "gen9championsvgc2026regma",
  "rating": 1000,
  "private": 0,
  "password": null
}