{
  "id": "gen9championsvgc2026regma-2581814842",
  "format": "[Gen 9 Champions] VGC 2026 Reg M-A",
  "players": [
    "Lyric_02",
    "DavidTIS"
  ],
  "log": "|j|\u2606Lyric_02\n|j|\u2606DavidTIS\n|t:|1776030614\n|gametype|doubles\n|player|p1|Lyric_02|lady-gen4|1099\n|player|p2|DavidTIS|265|1158\n|gen|9\n|tier|[Gen 9 Champions] VGC 2026 Reg M-A\n|rated|\n|rule|Species Clause: Limit one of each Pok\u00e9mon\n|rule|Item Clause: Limit 1 of each item\n|clearpoke\n|poke|p1|Delphox, L50, F|\n|poke|p1|Garchomp, L50, F|\n|poke|p1|Aerodactyl, L50, F|\n|poke|p1|Golurk, L50|\n|poke|p1|Sneasler, L50, M|\n|poke|p1|Rotom-Wash, L50|\n|poke|p2|Garganacl, L50, F|\n|poke|p2|Mimikyu, L50, M|\n|poke|p2|Chimecho, L50, F|\n|poke|p2|Slowbro, L50, F|\n|poke|p2|Lucario, L50, F|\n|poke|p2|Drampa, L50, F|\n|teampreview|4\n|inactive|Battle timer is ON: inactive players will automatically lose when time's up. (requested by DavidTIS)\n|inactive|DavidTIS has 60 seconds left.\n|\n|t:|1776030652\n|teamsize|p1|4\n|teamsize|p2|4\n|start\n|switch|p1a: Rotom|Rotom-Wash, L50|100/100\n|switch|p1b: Aerodactyl|Aerodactyl, L50, F|100/100\n|switch|p2a: Mimikyu|Mimikyu, L50, M|100/100\n|switch|p2b: Slowbro|Slowbro, L50, F|100/100\n|-ability|p1b: Aerodactyl|Unnerve\n|turn|1\n|\n|t:|1776030669\n|move|p2b: Slowbro|Protect|p2b: Slowbro\n|-singleturn|p2b: Slowbro|Protect\n|move|p1a: Rotom|Trick|p2b: Slowbro\n|-activate|p2b: Slowbro|move: Protect\n|move|p1b: Aerodactyl|Dual Wingbeat|p2a: Mimikyu\n|-activate|p2a: Mimikyu|ability: Disguise\n|-damage|p2a: Mimikyu|100/100\n|detailschange|p2a: Mimikyu|Mimikyu-Busted, L50, M\n|-damage|p2a: Mimikyu|88/100|[from] pokemon: Mimikyu-Busted\n|-damage|p2a: Mimikyu|60/100\n|-hitcount|p2a: Mimikyu|2\n|move|p2a: Mimikyu|Trick Room|p2a: Mimikyu\n|-fieldstart|move: Trick Room|[of] p2a: Mimikyu\n|\n|upkeep\n|turn|2\n|\n|t:|1776030689\n|move|p2b: Slowbro|Ice Beam|p1b: Aerodactyl\n|-supereffective|p1b: Aerodactyl|1\n|-damage|p1b: Aerodactyl|15/100\n|-status|p1b: Aerodactyl|frz\n|move|p2a: Mimikyu|Shadow Claw|p1b: Aerodactyl\n|-damage|p1b: Aerodactyl|0 fnt\n|faint|p1b: Aerodactyl\n|move|p1a: Rotom|Trick|p2b: Slowbro\n|-activate|p1a: Rotom|move: Trick|[of] p2b: Slowbro\n|-item|p2b: Slowbro|Choice Scarf|[from] move: Trick\n|-item|p1a: Rotom|Leftovers|[from] move: Trick\n|\n|upkeep\n|\n|t:|1776030698\n|switch|p1b: Golurk|Golurk, L50|100/100\n|turn|3\n|inactive|Lyric_02 has 30 seconds left.\n|\n|t:|1776030732\n|detailschange|p1b: Golurk|Golurk-Mega, L50\n|-mega|p1b: Golurk|Golurk|Golurkite\n|move|p2b: Slowbro|Ice Beam|p1b: Golurk\n|-supereffective|p1b: Golurk|1\n|-damage|p1b: Golurk|47/100\n|move|p1b: Golurk|Poltergeist|p2b: Slowbro\n|-activate|p2b: Slowbro|move: Poltergeist|Choice Scarf\n|-supereffective|p2b: Slowbro|1\n|-damage|p2b: Slowbro|0 fnt\n|faint|p2b: Slowbro\n|move|p2a: Mimikyu|Shadow Claw|p1b: Golurk\n|-supereffective|p1b: Golurk|1\n|-damage|p1b: Golurk|0 fnt\n|faint|p1b: Golurk\n|move|p1a: Rotom|Volt Switch|p2a: Mimikyu\n|-damage|p2a: Mimikyu|25/100\n|-enditem|p2a: Mimikyu|Sitrus Berry|[eat]\n|-heal|p2a: Mimikyu|50/100|[from] item: Sitrus Berry\n|\n|t:|1776030745\n|switch|p1a: Garchomp|Garchomp, L50, F|100/100|[from] Volt Switch\n|\n|upkeep\n|\n|t:|1776030752\n|switch|p2b: Drampa|Drampa, L50, F|100/100\n|switch|p1b: Rotom|Rotom-Wash, L50|100/100\n|-ability|p2b: Drampa|Cloud Nine\n|turn|4\n|\n|t:|1776030762\n|move|p1a: Garchomp|Protect|p1a: Garchomp\n|-singleturn|p1a: Garchomp|Protect\n|move|p2b: Drampa|Ice Beam|p1a: Garchomp\n|-activate|p1a: Garchomp|move: Protect\n|move|p2a: Mimikyu|Shadow Claw|p1b: Rotom\n|-damage|p1b: Rotom|57/100\n|move|p1b: Rotom|Thunderbolt|p2a: Mimikyu\n|-damage|p2a: Mimikyu|7/100\n|\n|-heal|p1b: Rotom|63/100|[from] item: Leftovers\n|upkeep\n|turn|5\n|\n|t:|1776030778\n|move|p1a: Garchomp|Protect|p1a: Garchomp\n|-singleturn|p1a: Garchomp|Protect\n|move|p2b: Drampa|Ice Beam|p1a: Garchomp\n|-activate|p1a: Garchomp|move: Protect\n|move|p2a: Mimikyu|Shadow Claw|p1b: Rotom\n|-damage|p1b: Rotom|18/100\n|move|p1b: Rotom|Volt Switch|p2a: Mimikyu\n|-damage|p2a: Mimikyu|0 fnt\n|faint|p2a: Mimikyu\n|\n|-heal|p1b: Rotom|23/100|[from] item: Leftovers\n|-fieldend|move: Trick Room\n|upkeep\n|c|\u2606DavidTIS|i like your team\n|\n|t:|1776030791\n|switch|p2a: Lucario|Lucario, L50, F|100/100\n|turn|6\n|inactive|DavidTIS has 30 seconds left.\n|c|\u2606DavidTIS|i think you've won with that double protect haha\n|inactive|DavidTIS has 20 seconds left.\n|inactive|DavidTIS has 15 seconds left.\n|\n|t:|1776030834\n|move|p1b: Rotom|Hydro Pump|p2b: Drampa\n|-resisted|p2b: Drampa|1\n|-damage|p2b: Drampa|77/100\n|move|p2a: Lucario|Dragon Pulse|p1a: Garchomp\n|-supereffective|p1a: Garchomp|1\n|-damage|p1a: Garchomp|57/100\n|move|p1a: Garchomp|Earthquake|p2a: Lucario|[spread] p2a,p2b\n|-immune|p1b: Rotom|[from] ability: Levitate\n|-supereffective|p2a: Lucario|1\n|-enditem|p2a: Lucario|Focus Sash\n|-damage|p2a: Lucario|1/100\n|-damage|p2b: Drampa|45/100\n|move|p2b: Drampa|Ice Beam|p1a: Garchomp\n|-supereffective|p1a: Garchomp|2\n|-enditem|p1a: Garchomp|Yache Berry|[eat]\n|-enditem|p1a: Garchomp|Yache Berry|[weaken]\n|-damage|p1a: Garchomp|6/100\n|\n|-heal|p1b: Rotom|29/100|[from] item: Leftovers\n|upkeep\n|turn|7\n|\n|t:|1776030855\n|move|p2a: Lucario|Bullet Punch|p1a: Garchomp\n|-damage|p1a: Garchomp|0 fnt\n|-damage|p2a: Lucario|0 fnt|[from] ability: Rough Skin|[of] p1a: Garchomp\n|faint|p1a: Garchomp\n|faint|p2a: Lucario\n|move|p1b: Rotom|Thunderbolt|p2b: Drampa\n|-resisted|p2b: Drampa|1\n|-damage|p2b: Drampa|23/100\n|move|p2b: Drampa|Hyper Voice|p1b: Rotom\n|-damage|p1b: Rotom|0 fnt\n|faint|p1b: Rotom\n|\n|win|DavidTIS\n|raw|Lyric_02's rating: 1099 &rarr; <strong>1078</strong><br />(-21 for losing)\n|raw|DavidTIS's rating: 1158 &rarr; <strong>1179</strong><br />(+21 for winning)\n|l|\u2606Lyric_02\n|player|p1|\n|c|\u2606DavidTIS|oof you almost got me\n|c|\u2606DavidTIS|gg\n",
  "uploadtime": 1776030877,
  "views": 13,
  "formatid": "gen9championsvgc2026regma",
  "rating": 1078,
  "private": 0,
  "password": null
}