{
  "id": "gen9championsvgc2026regma-2588946314",
  "format": "[Gen 9 Champions] VGC 2026 Reg M-A",
  "players": [
    "gundi8",
    "Azxlcore"
  ],
  "log": "|j|\u2606gundi8\n|j|\u2606Azxlcore\n|t:|1776688429\n|gametype|doubles\n|player|p1|gundi8|ethan|1124\n|player|p2|Azxlcore|2|1224\n|gen|9\n|tier|[Gen 9 Champions] VGC 2026 Reg M-A\n|rated|\n|rule|Species Clause: Limit one of each Pok\u00e9mon\n|rule|Item Clause: Limit 1 of each item\n|clearpoke\n|poke|p1|Venusaur, L50, M, shiny|\n|poke|p1|Incineroar, L50, M, shiny|\n|poke|p1|Tyranitar, L50, M|\n|poke|p1|Garchomp, L50, M|\n|poke|p1|Rotom-Wash, L50|\n|poke|p1|Gardevoir, L50, F|\n|poke|p2|Heliolisk, L50, F, shiny|\n|poke|p2|Sneasler, L50, F, shiny|\n|poke|p2|Floette-Eternal, L50, F|\n|poke|p2|Aerodactyl, L50, M|\n|poke|p2|Kingambit, L50, M, shiny|\n|poke|p2|Garchomp, L50, M|\n|teampreview|4\n|inactive|Battle timer is ON: inactive players will automatically lose when time's up. (requested by gundi8)\n|inactive|gundi8 has 60 seconds left.\nAzxlcore rejected open team sheets.\n|inactive|gundi8 has 30 seconds left.\n|inactive|gundi8 has 20 seconds left.\n|\n|t:|1776688504\n|teamsize|p1|4\n|teamsize|p2|4\n|start\n|switch|p1a: Venusaur|Venusaur, L50, M, shiny|100/100\n|switch|p1b: Gardevoir|Gardevoir, L50, F|100/100\n|switch|p2a: Femboy|Floette-Eternal, L50, F|100/100\n|switch|p2b: Nakamura|Kingambit, L50, M, shiny|100/100\n|turn|1\n|\n|t:|1776688522\n|detailschange|p2a: Femboy|Floette-Mega, L50, F\n|-mega|p2a: Femboy|Floette|Floettite\n|-ability|p2a: Femboy|Fairy Aura\n|detailschange|p1a: Venusaur|Venusaur-Mega, L50, M, shiny\n|-mega|p1a: Venusaur|Venusaur|Venusaurite\n|move|p1b: Gardevoir|Moonblast|p2b: Nakamura\n|-crit|p2b: Nakamura\n|-damage|p2b: Nakamura|0 fnt\n|faint|p2b: Nakamura\n|move|p2a: Femboy|Calm Mind|p2a: Femboy\n|-boost|p2a: Femboy|spa|1\n|-boost|p2a: Femboy|spd|1\n|move|p1a: Venusaur|Leech Seed|p2a: Femboy\n|-start|p2a: Femboy|move: Leech Seed\n|\n|-damage|p2a: Femboy|89/100|[from] Leech Seed|[of] p1a: Venusaur\n|upkeep\n|\n|t:|1776688540\n|switch|p2b: Rawr|Aerodactyl, L50, M|100/100\n|-ability|p2b: Rawr|Unnerve\n|turn|2\n|\n|t:|1776688551\n|move|p2b: Rawr|Dual Wingbeat|p1a: Venusaur\n|-supereffective|p1a: Venusaur|1\n|-damage|p1a: Venusaur|77/100\n|-supereffective|p1a: Venusaur|1\n|-crit|p1a: Venusaur\n|-damage|p1a: Venusaur|41/100\n|-hitcount|p1a: Venusaur|2\n|move|p1b: Gardevoir|Moonblast|p2b: Rawr\n|-damage|p2b: Rawr|20/100\n|move|p2a: Femboy|Moonblast|p1b: Gardevoir\n|-damage|p1b: Gardevoir|0 fnt\n|faint|p1b: Gardevoir\n|move|p1a: Venusaur|Sludge Bomb|p2a: Femboy\n|-supereffective|p2a: Femboy|1\n|-damage|p2a: Femboy|40/100\n|\n|-damage|p2a: Femboy|28/100|[from] Leech Seed|[of] p1a: Venusaur\n|-heal|p1a: Venusaur|50/100|[silent]\n|upkeep\n|\n|t:|1776688571\n|switch|p1b: Rotom|Rotom-Wash, L50|100/100\n|turn|3\n|\n|t:|1776688585\n|move|p1a: Venusaur|Protect|p1a: Venusaur\n|-singleturn|p1a: Venusaur|Protect\n|move|p2b: Rawr|Dual Wingbeat|p1a: Venusaur\n|-activate|p1a: Venusaur|move: Protect\n|move|p2a: Femboy|Moonblast|p1b: Rotom\n|-damage|p1b: Rotom|0 fnt\n|faint|p1b: Rotom\n|\n|-damage|p2a: Femboy|16/100|[from] Leech Seed|[of] p1a: Venusaur\n|-heal|p1a: Venusaur|60/100|[silent]\n|upkeep\n|\n|t:|1776688596\n|switch|p1b: Garchomp|Garchomp, L50, M|100/100\n|turn|4\n|\n|t:|1776688605\n|move|p1b: Garchomp|Protect|p1b: Garchomp\n|-singleturn|p1b: Garchomp|Protect\n|move|p2b: Rawr|Dual Wingbeat|p1a: Venusaur\n|-supereffective|p1a: Venusaur|1\n|-damage|p1a: Venusaur|37/100\n|-supereffective|p1a: Venusaur|1\n|-damage|p1a: Venusaur|14/100\n|-hitcount|p1a: Venusaur|2\n|move|p2a: Femboy|Moonblast|p1b: Garchomp\n|-activate|p1b: Garchomp|move: Protect\n|move|p1a: Venusaur|Sludge Bomb|p2a: Femboy\n|-supereffective|p2a: Femboy|1\n|-damage|p2a: Femboy|0 fnt\n|faint|p2a: Femboy\n|\n|upkeep\n|\n|t:|1776688618\n|switch|p2a: Malfoy|Garchomp, L50, M|100/100\n|turn|5\n|\n|t:|1776688631\n|move|p2a: Malfoy|Dragon Claw|p1b: Garchomp\n|-supereffective|p1b: Garchomp|1\n|-damage|p1b: Garchomp|22/100\n|-damage|p2a: Malfoy|88/100|[from] ability: Rough Skin|[of] p1b: Garchomp\n|move|p2b: Rawr|Tailwind|p2b: Rawr\n|-sidestart|p2: Azxlcore|move: Tailwind\n|move|p1b: Garchomp|Dragon Claw|p2b: Rawr\n|-damage|p2b: Rawr|0 fnt\n|faint|p2b: Rawr\n|move|p1a: Venusaur|Leech Seed|p2a: Malfoy\n|-start|p2a: Malfoy|move: Leech Seed\n|\n|-damage|p2a: Malfoy|76/100|[from] Leech Seed|[of] p1a: Venusaur\n|-heal|p1a: Venusaur|26/100|[silent]\n|upkeep\n|turn|6\n|\n|t:|1776688646\n|move|p1b: Garchomp|Protect|p1b: Garchomp\n|-singleturn|p1b: Garchomp|Protect\n|move|p1a: Venusaur|Protect|p1a: Venusaur\n|-singleturn|p1a: Venusaur|Protect\n|move|p2a: Malfoy|Dragon Claw|p1b: Garchomp\n|-activate|p1b: Garchomp|move: Protect\n|\n|-damage|p2a: Malfoy|63/100|[from] Leech Seed|[of] p1a: Venusaur\n|-heal|p1a: Venusaur|38/100|[silent]\n|upkeep\n|turn|7\n|\n|t:|1776688664\n|move|p2a: Malfoy|Dragon Claw|p1b: Garchomp\n|-supereffective|p1b: Garchomp|1\n|-crit|p1b: Garchomp\n|-damage|p1b: Garchomp|0 fnt\n|-damage|p2a: Malfoy|51/100|[from] ability: Rough Skin|[of] p1b: Garchomp\n|faint|p1b: Garchomp\n|move|p1a: Venusaur|Earth Power|p2a: Malfoy\n|-damage|p2a: Malfoy|14/100\n|\n|-damage|p2a: Malfoy|2/100|[from] Leech Seed|[of] p1a: Venusaur\n|-heal|p1a: Venusaur|51/100|[silent]\n|upkeep\n|turn|8\n|\n|t:|1776688675\n|move|p1a: Venusaur|Protect|p1a: Venusaur\n|-singleturn|p1a: Venusaur|Protect\n|move|p2a: Malfoy|Dragon Claw|p1a: Venusaur\n|-activate|p1a: Venusaur|move: Protect\n|\n|-damage|p2a: Malfoy|0 fnt|[from] Leech Seed|[of] p1a: Venusaur\n|-heal|p1a: Venusaur|52/100|[silent]\n|faint|p2a: Malfoy\n|\n|win|gundi8\n|raw|gundi8's rating: 1124 &rarr; <strong>1156</strong><br />(+32 for winning)\n|raw|Azxlcore's rating: 1224 &rarr; <strong>1192</strong><br />(-32 for losing)\n",
  "uploadtime": 1776688675,
  "views": 7,
  "formatid": "gen9championsvgc2026regma",
  "rating": 1156,
  "private": 0,
  "password": null
}