{
  "id": "gen9championsvgc2026regma-2585892271",
  "format": "[Gen 9 Champions] VGC 2026 Reg M-A",
  "players": [
    "BroDontFuckWithMe",
    "arisu_saka"
  ],
  "log": "|j|\u2606BroDontFuckWithMe\n|j|\u2606arisu_saka\n|t:|1776378987\n|gametype|doubles\n|player|p1|BroDontFuckWithMe|169|1259\n|player|p2|arisu_saka|265|1249\n|gen|9\n|tier|[Gen 9 Champions] VGC 2026 Reg M-A\n|rated|\n|rule|Species Clause: Limit one of each Pok\u00e9mon\n|rule|Item Clause: Limit 1 of each item\n|clearpoke\n|poke|p1|Starmie, L50|\n|poke|p1|Rotom-Heat, L50|\n|poke|p1|Excadrill, L50, M|\n|poke|p1|Sinistcha, L50|\n|poke|p1|Tyranitar, L50, M|\n|poke|p1|Gardevoir, L50, F|\n|poke|p2|Cofagrigus, L50, M|\n|poke|p2|Drampa, L50, M|\n|poke|p2|Aggron, L50, M|\n|poke|p2|Farigiraf, L50, F|\n|poke|p2|Incineroar, L50, M|\n|poke|p2|Abomasnow, L50, M|\n|teampreview|4\n|\n|t:|1776379009\n|teamsize|p1|4\n|teamsize|p2|4\n|start\n|switch|p1a: Rotom|Rotom-Heat, L50|100/100\n|switch|p1b: Tyranitar|Tyranitar, L50, M|100/100\n|switch|p2a: Cofagrigus|Cofagrigus, L50, M|100/100\n|switch|p2b: Incineroar|Incineroar, L50, M|100/100\n|-weather|Sandstorm|[from] ability: Sand Stream|[of] p1b: Tyranitar\n|-ability|p2b: Incineroar|Intimidate|boost\n|-unboost|p1a: Rotom|atk|1\n|-unboost|p1b: Tyranitar|atk|1\n|turn|1\n|\n|t:|1776379022\n|move|p2b: Incineroar|Fake Out|p1b: Tyranitar\n|-resisted|p1b: Tyranitar|1\n|-crit|p1b: Tyranitar\n|-damage|p1b: Tyranitar|93/100\n|move|p1a: Rotom|Thunderbolt|p2a: Cofagrigus\n|-damage|p2a: Cofagrigus|64/100\n|cant|p1b: Tyranitar|flinch\n|move|p2a: Cofagrigus|Trick Room|p2a: Cofagrigus\n|-fieldstart|move: Trick Room|[of] p2a: Cofagrigus\n|\n|-weather|Sandstorm|[upkeep]\n|-damage|p2a: Cofagrigus|57/100|[from] Sandstorm\n|-damage|p2b: Incineroar|95/100|[from] Sandstorm\n|-damage|p1a: Rotom|95/100|[from] Sandstorm\n|-heal|p2b: Incineroar|100/100|[from] item: Leftovers\n|upkeep\n|turn|2\n|\n|t:|1776379039\n|move|p2a: Cofagrigus|Body Press|p1b: Tyranitar\n|-supereffective|p1b: Tyranitar|2\n|-damage|p1b: Tyranitar|0 fnt\n|faint|p1b: Tyranitar\n|move|p2b: Incineroar|Parting Shot|p1a: Rotom\n|-unboost|p1a: Rotom|atk|1\n|-unboost|p1a: Rotom|spa|1\n|\n|t:|1776379052\n|switch|p2b: Aggron|Aggron, L50, M, shiny|100/100|[from] Parting Shot\n|move|p1a: Rotom|Thunderbolt|p2a: Cofagrigus\n|-damage|p2a: Cofagrigus|33/100\n|\n|-weather|Sandstorm|[upkeep]\n|-damage|p2a: Cofagrigus|27/100|[from] Sandstorm\n|-damage|p1a: Rotom|89/100|[from] Sandstorm\n|upkeep\n|\n|t:|1776379056\n|switch|p1b: Excadrill|Excadrill, L50, M|100/100\n|turn|3\n|\n|t:|1776379067\n|move|p1b: Excadrill|Protect|p1b: Excadrill\n|-singleturn|p1b: Excadrill|Protect\n|move|p2a: Cofagrigus|Shadow Ball|p1b: Excadrill\n|-activate|p1b: Excadrill|move: Protect\n|move|p2b: Aggron|Body Press|p1b: Excadrill\n|-activate|p1b: Excadrill|move: Protect\n|move|p1a: Rotom|Volt Switch|p2a: Cofagrigus\n|-damage|p2a: Cofagrigus|8/100\n|\n|t:|1776379073\n|switch|p1a: Sinistcha|Sinistcha, L50|100/100|[from] Volt Switch\n|\n|-weather|Sandstorm|[upkeep]\n|-damage|p2a: Cofagrigus|2/100|[from] Sandstorm\n|-damage|p1a: Sinistcha|94/100|[from] Sandstorm\n|-heal|p1a: Sinistcha|100/100|[from] item: Leftovers\n|upkeep\n|turn|4\n|\n|t:|1776379092\n|detailschange|p2b: Aggron|Aggron-Mega, L50, M, shiny\n|-mega|p2b: Aggron|Aggron|Aggronite\n|move|p2a: Cofagrigus|Shadow Ball|p1a: Sinistcha\n|-supereffective|p1a: Sinistcha|1\n|-damage|p1a: Sinistcha|49/100\n|move|p2b: Aggron|Body Press|p1b: Excadrill\n|-supereffective|p1b: Excadrill|1\n|-enditem|p1b: Excadrill|Focus Sash\n|-damage|p1b: Excadrill|1/100\n|move|p1a: Sinistcha|Strength Sap|p2b: Aggron\n|-unboost|p2b: Aggron|atk|1\n|-heal|p1a: Sinistcha|100/100\n|move|p1b: Excadrill|Earthquake|p2a: Cofagrigus|[spread] p1a,p2a,p2b\n|-resisted|p1a: Sinistcha|1\n|-supereffective|p2b: Aggron|1\n|-damage|p1a: Sinistcha|83/100\n|-damage|p2a: Cofagrigus|0 fnt\n|-damage|p2b: Aggron|70/100\n|faint|p2a: Cofagrigus\n|\n|-weather|Sandstorm|[upkeep]\n|-damage|p1a: Sinistcha|76/100|[from] Sandstorm\n|-heal|p1a: Sinistcha|83/100|[from] item: Leftovers\n|upkeep\n|\n|t:|1776379113\n|switch|p2a: Drampa|Drampa, L50, M, shiny|100/100\n|turn|5\n|\n|t:|1776379133\n|move|p1b: Excadrill|Protect|p1b: Excadrill\n|-singleturn|p1b: Excadrill|Protect\n|move|p2a: Drampa|Calm Mind|p2a: Drampa\n|-boost|p2a: Drampa|spa|1\n|-boost|p2a: Drampa|spd|1\n|move|p2b: Aggron|Heavy Slam|p1a: Sinistcha\n|-damage|p1a: Sinistcha|48/100\n|move|p1a: Sinistcha|Matcha Gotcha|p2b: Aggron|[spread] p2a,p2b\n|-resisted|p2a: Drampa|1\n|-resisted|p2b: Aggron|1\n|-damage|p2a: Drampa|92/100\n|-heal|p1a: Sinistcha|53/100|[from] drain|[of] p2a: Drampa\n|-damage|p2b: Aggron|59/100\n|-heal|p1a: Sinistcha|58/100|[from] drain|[of] p2b: Aggron\n|-status|p2b: Aggron|brn\n|\n|-weather|none\n|-heal|p1a: Sinistcha|65/100|[from] item: Leftovers\n|-damage|p2b: Aggron|52/100 brn|[from] brn\n|-fieldend|move: Trick Room\n|upkeep\n|turn|6\n|\n|t:|1776379144\n|move|p2b: Aggron|Protect|p2b: Aggron\n|-singleturn|p2b: Aggron|Protect\n|move|p1b: Excadrill|Earthquake|p2a: Drampa|[spread] p1a,p2a\n|-activate|p2b: Aggron|move: Protect\n|-resisted|p1a: Sinistcha|1\n|-damage|p1a: Sinistcha|44/100\n|-damage|p2a: Drampa|41/100\n|-ability|p2a: Drampa|Berserk|boost\n|-boost|p2a: Drampa|spa|1\n|move|p1a: Sinistcha|Strength Sap|p2a: Drampa\n|-unboost|p2a: Drampa|atk|1\n|-heal|p1a: Sinistcha|84/100\n|move|p2a: Drampa|Heat Wave|p1b: Excadrill|[spread] p1a,p1b\n|-supereffective|p1a: Sinistcha|1\n|-supereffective|p1b: Excadrill|1\n|-damage|p1a: Sinistcha|0 fnt\n|-damage|p1b: Excadrill|0 fnt\n|faint|p1a: Sinistcha\n|faint|p1b: Excadrill\n|\n|-damage|p2b: Aggron|46/100 brn|[from] brn\n|upkeep\n|-message|BroDontFuckWithMe forfeited.\n|\n|win|arisu_saka\n|raw|BroDontFuckWithMe's rating: 1259 &rarr; <strong>1233</strong><br />(-26 for losing)\n|raw|arisu_saka's rating: 1249 &rarr; <strong>1275</strong><br />(+26 for winning)\n",
  "uploadtime": 1776379158,
  "views": 34,
  "formatid": "gen9championsvgc2026regma",
  "rating": 1233,
  "private": 0,
  "password": null
}