{
  "id": "gen9championsvgc2026regma-2581736445",
  "format": "[Gen 9 Champions] VGC 2026 Reg M-A",
  "players": [
    "Mlgreefa",
    "Braute"
  ],
  "log": "|j|\u2606Mlgreefa\n|j|\u2606Braute\n|t:|1776024469\n|gametype|doubles\n|player|p1|Mlgreefa|cynthia-gen4|1090\n|player|p2|Braute|miku-fire|1135\n|gen|9\n|tier|[Gen 9 Champions] VGC 2026 Reg M-A\n|rated|\n|rule|Species Clause: Limit one of each Pok\u00e9mon\n|rule|Item Clause: Limit 1 of each item\n|clearpoke\n|poke|p1|Pinsir, L50, F|\n|poke|p1|Raichu-Alola, L50, M|\n|poke|p1|Gyarados, L50, F|\n|poke|p1|Klefki, L50, F|\n|poke|p1|Archaludon, L50, M|\n|poke|p1|Skeledirge, L50, M|\n|poke|p2|Beedrill, L50, M|\n|poke|p2|Incineroar, L50, F|\n|poke|p2|Talonflame, L50, F|\n|poke|p2|Kingambit, L50, M|\n|poke|p2|Tyranitar, L50, M|\n|poke|p2|Excadrill, L50, F|\n|teampreview|4\n|inactive|Battle timer is ON: inactive players will automatically lose when time's up. (requested by Braute)\n|c|\u2606Mlgreefa|beedril now thats my goat right there hahaha\n|j| ddd57\n|inactive|Braute has 60 seconds left.\n|\n|t:|1776024518\n|teamsize|p1|4\n|teamsize|p2|4\n|start\n|switch|p1a: Pinsir|Pinsir, L50, F|100/100\n|switch|p1b: Raichu|Raichu-Alola, L50, M|100/100\n|switch|p2a: Talonflame|Talonflame, L50, F|100/100\n|switch|p2b: Tyranitar|Tyranitar, L50, M|100/100\n|-weather|Sandstorm|[from] ability: Sand Stream|[of] p2b: Tyranitar\n|turn|1\n|\n|t:|1776024538\n|switch|p1a: Gyarados|Gyarados, L50, F|100/100\n|-ability|p1a: Gyarados|Intimidate|boost\n|-unboost|p2a: Talonflame|atk|1\n|-unboost|p2b: Tyranitar|atk|1\n|move|p2a: Talonflame|Dual Wingbeat|p1a: Gyarados\n|-damage|p1a: Gyarados|86/100\n|-damage|p1a: Gyarados|72/100\n|-hitcount|p1a: Gyarados|2\n|move|p1b: Raichu|Nuzzle|p2a: Talonflame\n|-supereffective|p2a: Talonflame|1\n|-damage|p2a: Talonflame|81/100\n|-status|p2a: Talonflame|par\n|move|p2b: Tyranitar|Knock Off|p1b: Raichu\n|-supereffective|p1b: Raichu|1\n|-damage|p1b: Raichu|0 fnt\n|-enditem|p1b: Raichu|Lum Berry|[from] move: Knock Off|[of] p2b: Tyranitar\n|faint|p1b: Raichu\n|\n|-weather|Sandstorm|[upkeep]\n|-damage|p1a: Gyarados|66/100|[from] Sandstorm\n|-damage|p2a: Talonflame|75/100 par|[from] Sandstorm\n|upkeep\n|l| ddd57\n|\n|t:|1776024557\n|switch|p1b: Klefki|Klefki, L50, F|100/100\n|turn|2\n|\n|t:|1776024567\n|move|p1b: Klefki|Rain Dance|p1b: Klefki\n|-weather|RainDance\n|move|p1a: Gyarados|Waterfall|p2b: Tyranitar\n|-supereffective|p2b: Tyranitar|1\n|-damage|p2b: Tyranitar|0 fnt\n|faint|p2b: Tyranitar\n|move|p2a: Talonflame|Tailwind|p2a: Talonflame\n|-sidestart|p2: Braute|move: Tailwind\n|\n|-weather|RainDance|[upkeep]\n|upkeep\n|\n|t:|1776024588\n|switch|p2b: Excadrill|Excadrill, L50, F|100/100\n|turn|3\n|\n|t:|1776024594\n|move|p1b: Klefki|Reflect|p1b: Klefki\n|-sidestart|p1: Mlgreefa|Reflect\n|move|p2b: Excadrill|Rock Slide|p1a: Gyarados|[spread] p1b\n|-miss|p2b: Excadrill|p1a: Gyarados\n|-resisted|p1b: Klefki|1\n|-damage|p1b: Klefki|93/100\n|move|p2a: Talonflame|Dual Wingbeat|p1a: Gyarados\n|-damage|p1a: Gyarados|56/100\n|-damage|p1a: Gyarados|46/100\n|-hitcount|p1a: Gyarados|2\n|move|p1a: Gyarados|Waterfall|p2b: Excadrill\n|-supereffective|p2b: Excadrill|1\n|-enditem|p2b: Excadrill|Focus Sash\n|-damage|p2b: Excadrill|1/100\n|\n|-weather|RainDance|[upkeep]\n|upkeep\n|turn|4\n|\n|t:|1776024615\n|move|p1a: Gyarados|Protect|p1a: Gyarados\n|-singleturn|p1a: Gyarados|Protect\n|move|p2b: Excadrill|High Horsepower|p1b: Klefki\n|-supereffective|p1b: Klefki|1\n|-damage|p1b: Klefki|12/100\n|-enditem|p1b: Klefki|Sitrus Berry|[eat]\n|-heal|p1b: Klefki|37/100|[from] item: Sitrus Berry\n|move|p2a: Talonflame|Dual Wingbeat|p1a: Gyarados\n|-activate|p1a: Gyarados|move: Protect\n|move|p1b: Klefki|Dazzling Gleam|p2b: Excadrill|[spread] p2a,p2b\n|-resisted|p2a: Talonflame|1\n|-resisted|p2b: Excadrill|1\n|-damage|p2a: Talonflame|63/100 par\n|-damage|p2b: Excadrill|0 fnt\n|faint|p2b: Excadrill\n|\n|-weather|RainDance|[upkeep]\n|upkeep\n|\n|t:|1776024619\n|switch|p2b: Beedrill|Beedrill, L50, M, shiny|100/100\n|turn|5\n|\n|t:|1776024642\n|detailschange|p2b: Beedrill|Beedrill-Mega, L50, M, shiny\n|-mega|p2b: Beedrill|Beedrill|Beedrillite\n|move|p2b: Beedrill|Poison Jab|p1a: Gyarados\n|-damage|p1a: Gyarados|0 fnt\n|faint|p1a: Gyarados\n|move|p2a: Talonflame|Flare Blitz|p1b: Klefki\n|-supereffective|p1b: Klefki|1\n|-damage|p1b: Klefki|15/100\n|-status|p1b: Klefki|brn\n|-damage|p2a: Talonflame|55/100 par|[from] Recoil\n|move|p1b: Klefki|Dazzling Gleam|p2a: Talonflame|[spread] p2a,p2b\n|-resisted|p2a: Talonflame|1\n|-resisted|p2b: Beedrill|1\n|-damage|p2a: Talonflame|41/100 par\n|-damage|p2b: Beedrill|86/100\n|\n|-weather|RainDance|[upkeep]\n|-damage|p1b: Klefki|9/100 brn|[from] brn\n|-sideend|p2: Braute|move: Tailwind\n|upkeep\n|\n|t:|1776024656\n|switch|p1a: Pinsir|Pinsir, L50, F|100/100\n|turn|6\n|\n|t:|1776024677\n|detailschange|p1a: Pinsir|Pinsir-Mega, L50, F\n|-mega|p1a: Pinsir|Pinsir|Pinsirite\n|move|p2b: Beedrill|Protect|p2b: Beedrill\n|-singleturn|p2b: Beedrill|Protect\n|move|p1a: Pinsir|Body Slam|p2b: Beedrill\n|-activate|p2b: Beedrill|move: Protect\n|move|p1b: Klefki|Dazzling Gleam|p2b: Beedrill|[spread] p2a\n|-activate|p2b: Beedrill|move: Protect\n|-resisted|p2a: Talonflame|1\n|-damage|p2a: Talonflame|27/100 par\n|move|p2a: Talonflame|Dual Wingbeat|p1a: Pinsir\n|-supereffective|p1a: Pinsir|1\n|-damage|p1a: Pinsir|83/100\n|-supereffective|p1a: Pinsir|1\n|-damage|p1a: Pinsir|65/100\n|-hitcount|p1a: Pinsir|2\n|\n|-weather|none\n|-damage|p1b: Klefki|3/100 brn|[from] brn\n|upkeep\n|turn|7\n|\n|t:|1776024698\n|move|p2b: Beedrill|Poison Jab|p1a: Pinsir\n|-damage|p1a: Pinsir|14/100\n|move|p1a: Pinsir|Body Slam|p2b: Beedrill\n|-supereffective|p2b: Beedrill|1\n|-damage|p2b: Beedrill|0 fnt\n|faint|p2b: Beedrill\n|move|p1b: Klefki|Dazzling Gleam|p2a: Talonflame\n|-resisted|p2a: Talonflame|1\n|-damage|p2a: Talonflame|10/100 par\n|move|p2a: Talonflame|Flare Blitz|p1a: Pinsir\n|-supereffective|p1a: Pinsir|1\n|-damage|p1a: Pinsir|0 fnt\n|faint|p1a: Pinsir\n|-damage|p2a: Talonflame|6/100 par|[from] Recoil\n|\n|-damage|p1b: Klefki|0 fnt|[from] brn\n|faint|p1b: Klefki\n|\n|win|Braute\n|raw|Mlgreefa's rating: 1090 &rarr; <strong>1070</strong><br />(-20 for losing)\n|raw|Braute's rating: 1135 &rarr; <strong>1157</strong><br />(+22 for winning)\n|c|\u2606Braute|gg\n|c|\u2606Mlgreefa|gg!!!\n|l|\u2606Mlgreefa\n|player|p1|\n",
  "uploadtime": 1776024698,
  "views": 41,
  "formatid": "gen9championsvgc2026regma",
  "rating": 1070,
  "private": 0,
  "password": null
}