{
  "id": "gen9championsvgc2026regma-2588964644",
  "format": "[Gen 9 Champions] VGC 2026 Reg M-A",
  "players": [
    "Jun BF",
    "FarrN"
  ],
  "log": "|j|\u2606Jun BF\n|j|\u2606FarrN\n|t:|1776690018\n|gametype|doubles\n|player|p1|Jun BF|burglar|1189\n|player|p2|FarrN|volkner|1135\n|gen|9\n|tier|[Gen 9 Champions] VGC 2026 Reg M-A\n|rated|\n|rule|Species Clause: Limit one of each Pok\u00e9mon\n|rule|Item Clause: Limit 1 of each item\n|clearpoke\n|poke|p1|Floette-Eternal, L50, F|\n|poke|p1|Basculegion, L50, M|\n|poke|p1|Pelipper, L50, F|\n|poke|p1|Incineroar, L50, M|\n|poke|p1|Sinistcha, L50|\n|poke|p1|Sneasler, L50, F|\n|poke|p2|Feraligatr, L50, M|\n|poke|p2|Sinistcha, L50|\n|poke|p2|Kingambit, L50, F|\n|poke|p2|Talonflame, L50, F|\n|poke|p2|Sneasler, L50, F|\n|poke|p2|Gardevoir, L50, M, shiny|\n|teampreview|4\n|inactive|Battle timer is ON: inactive players will automatically lose when time's up. (requested by FarrN)\nJun BF rejected open team sheets.\n|inactive|Jun BF has 60 seconds left.\n|inactive|FarrN has 60 seconds left.\n|\n|t:|1776690076\n|teamsize|p1|4\n|teamsize|p2|4\n|start\n|switch|p1a: Incineroar|Incineroar, L50, M|100/100\n|switch|p1b: Basculegion|Basculegion, L50, M|100/100\n|switch|p2a: Feraligatr|Feraligatr, L50, M|100/100\n|switch|p2b: Gardevoir|Gardevoir, L50, M, shiny|100/100\n|-ability|p1a: Incineroar|Intimidate|boost\n|-unboost|p2a: Feraligatr|atk|1\n|-unboost|p2b: Gardevoir|atk|1\n|turn|1\n|inactive|Jun BF has 30 seconds left.\n|inactive|FarrN has 30 seconds left.\n|inactive|FarrN has 20 seconds left.\n|inactive|FarrN has 15 seconds left.\n|inactive|FarrN has 10 seconds left.\n|inactive|FarrN has 5 seconds left.\n|\n|t:|1776690131\n|move|p2b: Gardevoir|Protect|p2b: Gardevoir\n|-singleturn|p2b: Gardevoir|Protect\n|move|p1b: Basculegion|Flip Turn|p2b: Gardevoir\n|-activate|p2b: Gardevoir|move: Protect\n|move|p2a: Feraligatr|Liquidation|p1b: Basculegion\n|-resisted|p1b: Basculegion|1\n|-damage|p1b: Basculegion|83/100\n|move|p1a: Incineroar|Parting Shot|p2a: Feraligatr\n|-unboost|p2a: Feraligatr|atk|1\n|-unboost|p2a: Feraligatr|spa|1\n|\n|t:|1776690142\n|switch|p1a: Sinistcha|Sinistcha, L50|100/100|[from] Parting Shot\n|-heal|p1b: Basculegion|100/100|[from] ability: Hospitality|[of] p1a: Sinistcha\n|\n|upkeep\n|turn|2\n|inactive|FarrN has 30 seconds left.\n|inactive|FarrN has 20 seconds left.\n|\n|t:|1776690178\n|detailschange|p2a: Feraligatr|Feraligatr-Mega, L50, M\n|-mega|p2a: Feraligatr|Feraligatr|Feraligite\n|move|p1b: Basculegion|Flip Turn|p2b: Gardevoir\n|-damage|p2b: Gardevoir|47/100\n|\n|t:|1776690184\n|switch|p1b: Incineroar|Incineroar, L50, M|100/100|[from] Flip Turn\n|-ability|p1b: Incineroar|Intimidate|boost\n|-unboost|p2a: Feraligatr|atk|1\n|-unboost|p2b: Gardevoir|atk|1\n|move|p2a: Feraligatr|Double-Edge|p1b: Incineroar\n|-damage|p1b: Incineroar|71/100\n|-damage|p2a: Feraligatr|91/100|[from] Recoil\n|move|p1a: Sinistcha|Matcha Gotcha|p2b: Gardevoir|[spread] p2a,p2b\n|-damage|p2a: Feraligatr|64/100\n|-damage|p2b: Gardevoir|26/100\n|move|p2b: Gardevoir|Trick Room|p2b: Gardevoir\n|-fieldstart|move: Trick Room|[of] p2b: Gardevoir\n|\n|upkeep\n|turn|3\n|inactive|Jun BF has 30 seconds left.\n|\n|t:|1776690210\n|switch|p2b: Sinistcha|Sinistcha, L50|100/100\n|-heal|p2a: Feraligatr|89/100|[from] ability: Hospitality|[of] p2b: Sinistcha\n|move|p1b: Incineroar|Flare Blitz|p2b: Sinistcha\n|-supereffective|p2b: Sinistcha|1\n|-damage|p2b: Sinistcha|26/100\n|-enditem|p2b: Sinistcha|Sitrus Berry|[eat]\n|-heal|p2b: Sinistcha|51/100|[from] item: Sitrus Berry\n|-damage|p1b: Incineroar|49/100|[from] Recoil\n|move|p2a: Feraligatr|Liquidation|p1b: Incineroar\n|-supereffective|p1b: Incineroar|1\n|-enditem|p1b: Incineroar|Passho Berry|[eat]\n|-enditem|p1b: Incineroar|Passho Berry|[weaken]\n|-damage|p1b: Incineroar|30/100\n|move|p1a: Sinistcha|Trick Room|p1a: Sinistcha\n|-fieldend|move: Trick Room\n|\n|upkeep\n|turn|4\n|inactive|Jun BF has 30 seconds left.\n|inactive|Jun BF has 20 seconds left.\n|\n|t:|1776690245\n|move|p2a: Feraligatr|Aqua Jet|p1b: Incineroar\n|-supereffective|p1b: Incineroar|1\n|-damage|p1b: Incineroar|12/100\n|move|p1b: Incineroar|Flare Blitz|p2b: Sinistcha\n|-supereffective|p2b: Sinistcha|1\n|-damage|p2b: Sinistcha|0 fnt\n|faint|p2b: Sinistcha\n|-damage|p1b: Incineroar|0 fnt|[from] Recoil\n|faint|p1b: Incineroar\n|move|p1a: Sinistcha|Matcha Gotcha|p2a: Feraligatr|[miss]\n|-miss|p1a: Sinistcha|p2a: Feraligatr\n|\n|upkeep\n|\n|t:|1776690260\n|switch|p2b: Kingambit|Kingambit, L50, F|100/100\n|switch|p1b: Sneasler|Sneasler, L50, F|100/100\n|turn|5\n|\n|t:|1776690273\n|move|p2b: Kingambit|Protect|p2b: Kingambit\n|-singleturn|p2b: Kingambit|Protect\n|move|p1b: Sneasler|Close Combat|p2b: Kingambit\n|-activate|p2b: Kingambit|move: Protect\n|move|p2a: Feraligatr|Double-Edge|p1b: Sneasler\n|-damage|p1b: Sneasler|40/100\n|-damage|p2a: Feraligatr|72/100|[from] Recoil\n|move|p1a: Sinistcha|Matcha Gotcha|p2b: Kingambit|[spread] p2a\n|-activate|p2b: Kingambit|move: Protect\n|-damage|p2a: Feraligatr|48/100\n|\n|upkeep\n|turn|6\n|\n|t:|1776690296\n|move|p1a: Sinistcha|Rage Powder|p1a: Sinistcha\n|-singleturn|p1a: Sinistcha|move: Rage Powder\n|move|p2a: Feraligatr|Aqua Jet|p1a: Sinistcha\n|-resisted|p1a: Sinistcha|1\n|-damage|p1a: Sinistcha|96/100\n|move|p2b: Kingambit|Sucker Punch||[still]\n|-fail|p2b: Kingambit\n|move|p1b: Sneasler|Close Combat|p2b: Kingambit\n|-supereffective|p2b: Kingambit|2\n|-damage|p2b: Kingambit|0 fnt\n|-unboost|p1b: Sneasler|def|1\n|-unboost|p1b: Sneasler|spd|1\n|faint|p2b: Kingambit\n|-enditem|p1b: Sneasler|White Herb\n|-clearnegativeboost|p1b: Sneasler|[silent]\n|\n|upkeep\n|\n|t:|1776690306\n|switch|p2b: Gardevoir|Gardevoir, L50, M, shiny|26/100\n|turn|7\n|\n|t:|1776690321\n|move|p2b: Gardevoir|Protect|p2b: Gardevoir\n|-singleturn|p2b: Gardevoir|Protect\n|move|p1b: Sneasler|Dire Claw|p2a: Feraligatr\n|-crit|p2a: Feraligatr\n|-damage|p2a: Feraligatr|2/100\n|move|p2a: Feraligatr|Double-Edge|p1b: Sneasler\n|-damage|p1b: Sneasler|0 fnt\n|faint|p1b: Sneasler\n|-damage|p2a: Feraligatr|0 fnt|[from] Recoil\n|faint|p2a: Feraligatr\n|move|p1a: Sinistcha|Matcha Gotcha|p2b: Gardevoir\n|-activate|p2b: Gardevoir|move: Protect\n|\n|upkeep\n|\n|t:|1776690335\n|switch|p1b: Basculegion|Basculegion, L50, M|100/100\n|turn|8\n|-message|FarrN forfeited.\n|\n|win|Jun BF\n|raw|Jun BF's rating: 1189 &rarr; <strong>1210</strong><br />(+21 for winning)\n|raw|FarrN's rating: 1135 &rarr; <strong>1114</strong><br />(-21 for losing)\n|l|\u2606FarrN\n|player|p2|\n",
  "uploadtime": 1776690353,
  "views": 1,
  "formatid": "gen9championsvgc2026regma",
  "rating": 1114,
  "private": 0,
  "password": null
}