{
  "id": "gen9championsvgc2026regma-2589419205",
  "format": "[Gen 9 Champions] VGC 2026 Reg M-A",
  "players": [
    "UtterlyIncapable",
    "nemesis5164"
  ],
  "log": "|j|\u2606UtterlyIncapable\n|j|\u2606nemesis5164\n|t:|1776721372\n|gametype|doubles\n|player|p1|UtterlyIncapable|firebreather|1273\n|player|p2|nemesis5164|169|1287\n|gen|9\n|tier|[Gen 9 Champions] VGC 2026 Reg M-A\n|rated|\n|rule|Species Clause: Limit one of each Pok\u00e9mon\n|rule|Item Clause: Limit 1 of each item\n|clearpoke\n|poke|p1|Zoroark-Hisui, L50, F|\n|poke|p1|Froslass, L50, F|\n|poke|p1|Rotom-Frost, L50|\n|poke|p1|Garchomp, L50, M|\n|poke|p1|Whimsicott, L50, F|\n|poke|p1|Sneasler, L50, M|\n|poke|p2|Charizard, L50, F|\n|poke|p2|Venusaur, L50, F|\n|poke|p2|Garchomp, L50, F|\n|poke|p2|Incineroar, L50, F|\n|poke|p2|Gardevoir, L50, M|\n|poke|p2|Milotic, L50, F|\n|teampreview|4\n|\n|t:|1776721448\n|teamsize|p1|4\n|teamsize|p2|4\n|start\n|switch|p1a: Whimsicott|Whimsicott, L50, F|100/100\n|switch|p1b: Garchomp|Garchomp, L50, M|100/100\n|switch|p2a: Incineroar|Incineroar, L50, F|100/100\n|switch|p2b: Gardevoir|Gardevoir, L50, M|100/100\n|-ability|p2b: Gardevoir|Prankster|Trace|[from] ability: Trace|[of] p1a: Whimsicott\n|-ability|p2a: Incineroar|Intimidate|boost\n|-unboost|p1a: Whimsicott|atk|1\n|-unboost|p1b: Garchomp|atk|1\n|turn|1\n|\n|t:|1776721471\n|switch|p1b: Sneasler|Sneasler, L50, M|100/100\n|-ability|p1b: Sneasler|Pressure\n|move|p1a: Whimsicott|Protect|p1a: Whimsicott\n|-singleturn|p1a: Whimsicott|Protect\n|move|p2a: Incineroar|Fake Out|p1a: Whimsicott\n|-activate|p1a: Whimsicott|move: Protect\n|move|p2b: Gardevoir|Moonblast|p1a: Whimsicott\n|-activate|p1a: Whimsicott|move: Protect\n|\n|upkeep\n|turn|2\n|\n|t:|1776721505\n|move|p2b: Gardevoir|Moonblast|p1b: Sneasler\n|-damage|p1b: Sneasler|27/100\n|move|p1a: Whimsicott|Moonblast|p2b: Gardevoir\n|-damage|p2b: Gardevoir|70/100\n|-unboost|p2b: Gardevoir|spa|1\n|move|p1b: Sneasler|Dire Claw|p2b: Gardevoir\n|-supereffective|p2b: Gardevoir|1\n|-crit|p2b: Gardevoir\n|-damage|p2b: Gardevoir|0 fnt\n|faint|p2b: Gardevoir\n|move|p2a: Incineroar|Flare Blitz|p1b: Sneasler\n|-damage|p1b: Sneasler|0 fnt\n|faint|p1b: Sneasler\n|-damage|p2a: Incineroar|94/100|[from] Recoil\n|\n|upkeep\n|\n|t:|1776721528\n|switch|p1b: Garchomp|Garchomp, L50, M|100/100\n|switch|p2b: Milotic|Milotic, L50, F|100/100\n|turn|3\n|\n|t:|1776721544\n|switch|p2a: Charizard|Charizard, L50, F|100/100\n|move|p1a: Whimsicott|Tailwind|p1a: Whimsicott\n|-sidestart|p1: UtterlyIncapable|move: Tailwind\n|move|p1b: Garchomp|Rock Slide|p2a: Charizard|[spread] p2a,p2b\n|-supereffective|p2a: Charizard|2\n|-damage|p2a: Charizard|8/100\n|-damage|p2b: Milotic|81/100\n|cant|p2b: Milotic|flinch\n|\n|-heal|p2b: Milotic|87/100|[from] item: Leftovers\n|upkeep\n|turn|4\n|\n|t:|1776721560\n|move|p1b: Garchomp|Protect|p1b: Garchomp\n|-singleturn|p1b: Garchomp|Protect\n|move|p2a: Charizard|Protect|p2a: Charizard\n|-singleturn|p2a: Charizard|Protect\n|move|p1a: Whimsicott|Moonblast|p2b: Milotic\n|-damage|p2b: Milotic|66/100\n|move|p2b: Milotic|Icy Wind|p1a: Whimsicott|[spread] p1a\n|-activate|p1b: Garchomp|move: Protect\n|-supereffective|p1a: Whimsicott|1\n|-damage|p1a: Whimsicott|65/100\n|-unboost|p1a: Whimsicott|spe|1\n|\n|-heal|p2b: Milotic|72/100|[from] item: Leftovers\n|upkeep\n|turn|5\n|\n|t:|1776721585\n|move|p2a: Charizard|Protect||[still]\n|-fail|p2a: Charizard\n|move|p1b: Garchomp|Rock Slide|p2b: Milotic|[spread] p2a,p2b\n|-supereffective|p2a: Charizard|2\n|-crit|p2b: Milotic\n|-damage|p2a: Charizard|0 fnt\n|-damage|p2b: Milotic|43/100\n|faint|p2a: Charizard\n|move|p1a: Whimsicott|Moonblast|p2b: Milotic\n|-damage|p2b: Milotic|23/100\n|cant|p2b: Milotic|flinch\n|\n|-heal|p2b: Milotic|29/100|[from] item: Leftovers\n|upkeep\n|\n|t:|1776721600\n|switch|p2a: Incineroar|Incineroar, L50, F|94/100\n|-ability|p2a: Incineroar|Intimidate|boost\n|-unboost|p1a: Whimsicott|atk|1\n|-unboost|p1b: Garchomp|atk|1\n|turn|6\n|\n|t:|1776721607\n|move|p1a: Whimsicott|Protect|p1a: Whimsicott\n|-singleturn|p1a: Whimsicott|Protect\n|move|p1b: Garchomp|Protect|p1b: Garchomp\n|-singleturn|p1b: Garchomp|Protect\n|move|p2a: Incineroar|Fake Out|p1b: Garchomp\n|-activate|p1b: Garchomp|move: Protect\n|move|p2b: Milotic|Icy Wind|p1b: Garchomp|[spread] \n|-activate|p1a: Whimsicott|move: Protect\n|-activate|p1b: Garchomp|move: Protect\n|\n|-heal|p2b: Milotic|35/100|[from] item: Leftovers\n|-sideend|p1: UtterlyIncapable|move: Tailwind\n|upkeep\n|turn|7\n|inactive|Battle timer is ON: inactive players will automatically lose when time's up. (requested by UtterlyIncapable)\n|inactive|nemesis5164 has 60 seconds left.\n|inactive|nemesis5164 has 30 seconds left.\n|inactive|nemesis5164 has 20 seconds left.\n|inactive|nemesis5164 has 15 seconds left.\n|inactive|nemesis5164 has 10 seconds left.\n|inactive|nemesis5164 has 5 seconds left.\n|\n|t:|1776721796\n|move|p2a: Incineroar|Fake Out||[still]\n|-hint|Fake Out only works on your first turn out.\n|-fail|p2a: Incineroar\n|move|p1b: Garchomp|Earthquake|p2a: Incineroar|[spread] p1a,p2a,p2b\n|-resisted|p1a: Whimsicott|1\n|-supereffective|p2a: Incineroar|1\n|-damage|p1a: Whimsicott|48/100\n|-damage|p2a: Incineroar|55/100\n|-damage|p2b: Milotic|7/100\n|move|p1a: Whimsicott|Moonblast|p2b: Milotic\n|-crit|p2b: Milotic\n|-damage|p2b: Milotic|0 fnt\n|faint|p2b: Milotic\n|\n|upkeep\n|turn|8\n|inactive|nemesis5164 has 30 seconds left.\n|inactive|nemesis5164 has 20 seconds left.\n|inactive|nemesis5164 has 15 seconds left.\n|inactive|nemesis5164 has 10 seconds left.\n|inactive|nemesis5164 has 5 seconds left.\n|\n|t:|1776721851\n|move|p1a: Whimsicott|Protect|p1a: Whimsicott\n|-singleturn|p1a: Whimsicott|Protect\n|move|p1b: Garchomp|Earthquake|p2a: Incineroar|[spread] p2a\n|-activate|p1a: Whimsicott|move: Protect\n|-supereffective|p2a: Incineroar|1\n|-damage|p2a: Incineroar|18/100\n|-enditem|p2a: Incineroar|Sitrus Berry|[eat]\n|-heal|p2a: Incineroar|43/100|[from] item: Sitrus Berry\n|move|p2a: Incineroar|Flare Blitz|p1a: Whimsicott\n|-activate|p1a: Whimsicott|move: Protect\n|\n|upkeep\n|turn|9\n|inactive|nemesis5164 has 30 seconds left.\n|inactive|nemesis5164 has 20 seconds left.\n|inactive|nemesis5164 has 15 seconds left.\n|inactive|nemesis5164 has 10 seconds left.\n|inactive|nemesis5164 has 5 seconds left.\n|\n|t:|1776721906\n|move|p1b: Garchomp|Earthquake|p2a: Incineroar|[spread] p1a,p2a\n|-resisted|p1a: Whimsicott|1\n|-supereffective|p2a: Incineroar|1\n|-damage|p1a: Whimsicott|32/100\n|-damage|p2a: Incineroar|7/100\n|move|p1a: Whimsicott|Moonblast|p2a: Incineroar\n|-damage|p2a: Incineroar|0 fnt\n|faint|p2a: Incineroar\n|\n|win|UtterlyIncapable\n|raw|UtterlyIncapable's rating: 1273 &rarr; <strong>1297</strong><br />(+24 for winning)\n|raw|nemesis5164's rating: 1257 &rarr; <strong>1233</strong><br />(-24 for losing)\n|l|\u2606UtterlyIncapable\n|player|p1|\n|l|\u2606nemesis5164\n|player|p2|\n|j|\u2606UtterlyIncapable\n|player|p1|UtterlyIncapable|firebreather|\n",
  "uploadtime": 1776722560,
  "views": 6,
  "formatid": "gen9championsvgc2026regma",
  "rating": 1233,
  "private": 0,
  "password": null
}