{
  "id": "gen9championsvgc2026regma-2581191989",
  "format": "[Gen 9 Champions] VGC 2026 Reg M-A",
  "players": [
    "Golurk365",
    "CaptKraken"
  ],
  "log": "|j|\u2606Golurk365\n|j|\u2606CaptKraken\n|t:|1775969086\n|gametype|doubles\n|player|p1|Golurk365|hugh|1076\n|player|p2|CaptKraken|ethan|1157\n|gen|9\n|tier|[Gen 9 Champions] VGC 2026 Reg M-A\n|rated|\n|rule|Species Clause: Limit one of each Pok\u00e9mon\n|rule|Item Clause: Limit 1 of each item\n|clearpoke\n|poke|p1|Golurk, L50|\n|poke|p1|Farigiraf, L50, M|\n|poke|p1|Incineroar, L50, M|\n|poke|p1|Clefable, L50, M|\n|poke|p1|Arcanine-Hisui, L50, M|\n|poke|p1|Archaludon, L50, F|\n|poke|p2|Delphox, L50, M|\n|poke|p2|Meowstic, L50, M|\n|poke|p2|Sneasler, L50, F|\n|poke|p2|Milotic, L50, M|\n|poke|p2|Corviknight, L50, M|\n|poke|p2|Gardevoir, L50, F|\n|teampreview|4\n|inactive|Battle timer is ON: inactive players will automatically lose when time's up. (requested by Golurk365)\n|inactive|Golurk365 has 60 seconds left.\n|\n|t:|1775969128\n|teamsize|p1|4\n|teamsize|p2|4\n|start\n|switch|p1a: Arcanine|Arcanine-Hisui, L50, M|100/100\n|switch|p1b: Farigiraf|Farigiraf, L50, M|100/100\n|switch|p2a: Meowstic|Meowstic, L50, M|100/100\n|switch|p2b: Sneasler|Sneasler, L50, F|100/100\n|-ability|p1a: Arcanine|Intimidate|boost\n|-unboost|p2a: Meowstic|atk|1\n|-unboost|p2b: Sneasler|atk|1\n|-enditem|p2b: Sneasler|White Herb\n|-clearnegativeboost|p2b: Sneasler|[silent]\n|turn|1\n|inactive|Golurk365 has 30 seconds left.\n|\n|t:|1775969154\n|move|p2a: Meowstic|Reflect|p2a: Meowstic\n|-sidestart|p2: CaptKraken|Reflect\n|move|p2b: Sneasler|Throat Chop|p1b: Farigiraf\n|-supereffective|p1b: Farigiraf|1\n|-damage|p1b: Farigiraf|37/100\n|-start|p1b: Farigiraf|Throat Chop|[silent]\n|move|p1a: Arcanine|Rock Slide|p2a: Meowstic|[spread] p2a,p2b\n|-resisted|p2b: Sneasler|1\n|-damage|p2a: Meowstic|75/100\n|-damage|p2b: Sneasler|86/100\n|move|p1b: Farigiraf|Trick Room|p1b: Farigiraf\n|-fieldstart|move: Trick Room|[of] p1b: Farigiraf\n|\n|-heal|p1b: Farigiraf|43/100|[from] item: Leftovers\n|upkeep\n|turn|2\n|\n|t:|1775969174\n|switch|p1a: Archaludon|Archaludon, L50, F|100/100\n|switch|p2b: Milotic|Milotic, L50, M|100/100\n|move|p2a: Meowstic|Psychic Terrain|p2a: Meowstic\n|-fieldstart|move: Psychic Terrain\n|move|p1b: Farigiraf|Psychic|p2b: Milotic\n|-damage|p2b: Milotic|57/100\n|\n|-heal|p1b: Farigiraf|49/100|[from] item: Leftovers\n|-heal|p2b: Milotic|63/100|[from] item: Leftovers\n|-end|p1b: Farigiraf|Throat Chop|[silent]\n|upkeep\n|turn|3\n|inactive|Golurk365 has 30 seconds left.\n|inactive|CaptKraken has 30 seconds left.\n|inactive|Golurk365 has 20 seconds left.\n|inactive|Golurk365 has 15 seconds left.\n|inactive|Golurk365 has 10 seconds left.\n|\n|t:|1775969221\n|move|p1b: Farigiraf|Dazzling Gleam|p2a: Meowstic|[spread] p2a,p2b\n|-damage|p2a: Meowstic|51/100\n|-damage|p2b: Milotic|49/100\n|move|p2b: Milotic|Ice Beam|p1a: Archaludon\n|-damage|p1a: Archaludon|71/100\n|move|p1a: Archaludon|Draco Meteor|p2b: Milotic\n|-crit|p2b: Milotic\n|-damage|p2b: Milotic|0 fnt\n|-unboost|p1a: Archaludon|spa|2\n|faint|p2b: Milotic\n|move|p2a: Meowstic|Expanding Force|p1b: Farigiraf|[spread] p1a,p1b\n|-resisted|p1a: Archaludon|1\n|-resisted|p1b: Farigiraf|1\n|-damage|p1a: Archaludon|43/100\n|-damage|p1b: Farigiraf|27/100\n|\n|-heal|p1b: Farigiraf|33/100|[from] item: Leftovers\n|upkeep\n|\n|t:|1775969240\n|switch|p2b: Gardevoir|Gardevoir, L50, F|100/100\n|turn|4\n|\n|t:|1775969256\n|detailschange|p2b: Gardevoir|Gardevoir-Mega, L50, F\n|-mega|p2b: Gardevoir|Gardevoir|Gardevoirite\n|move|p1b: Farigiraf|Psychic|p2b: Gardevoir\n|-resisted|p2b: Gardevoir|1\n|-damage|p2b: Gardevoir|73/100\n|-unboost|p2b: Gardevoir|spd|1\n|move|p1a: Archaludon|Flash Cannon|p2b: Gardevoir\n|-supereffective|p2b: Gardevoir|1\n|-damage|p2b: Gardevoir|10/100\n|move|p2a: Meowstic|Expanding Force|p1b: Farigiraf|[spread] p1a,p1b\n|-resisted|p1a: Archaludon|1\n|-resisted|p1b: Farigiraf|1\n|-damage|p1a: Archaludon|11/100\n|-damage|p1b: Farigiraf|12/100\n|move|p2b: Gardevoir|Hyper Voice|p1a: Archaludon|[spread] p1a,p1b\n|-damage|p1a: Archaludon|0 fnt\n|-damage|p1b: Farigiraf|0 fnt\n|faint|p1a: Archaludon\n|faint|p1b: Farigiraf\n|\n|upkeep\n|\n|t:|1775969270\n|switch|p1b: Arcanine|Arcanine-Hisui, L50, M|100/100\n|switch|p1a: Golurk|Golurk, L50|100/100\n|-ability|p1b: Arcanine|Intimidate|boost\n|-unboost|p2a: Meowstic|atk|1\n|-unboost|p2b: Gardevoir|atk|1\n|turn|5\n|\n|t:|1775969293\n|detailschange|p1a: Golurk|Golurk-Mega, L50\n|-mega|p1a: Golurk|Golurk|Golurkite\n|move|p1a: Golurk|Ice Punch|p2b: Gardevoir\n|-damage|p2b: Gardevoir|0 fnt\n|faint|p2b: Gardevoir\n|move|p2a: Meowstic|Expanding Force|p1b: Arcanine|[spread] p1a,p1b\n|-crit|p1a: Golurk\n|-damage|p1a: Golurk|31/100\n|-damage|p1b: Arcanine|40/100\n|move|p1b: Arcanine|Rock Slide|p2a: Meowstic|[miss]\n|-miss|p1b: Arcanine|p2a: Meowstic\n|\n|-sideend|p2: CaptKraken|Reflect\n|-fieldend|move: Trick Room\n|upkeep\n|\n|t:|1775969304\n|switch|p2b: Sneasler|Sneasler, L50, F|86/100\n|turn|6\n|\n|t:|1775969318\n|move|p1b: Arcanine|Rock Slide|p2a: Meowstic|[spread] p2a,p2b\n|-crit|p2a: Meowstic\n|-resisted|p2b: Sneasler|1\n|-damage|p2a: Meowstic|0 fnt\n|-damage|p2b: Sneasler|60/100\n|faint|p2a: Meowstic\n|move|p2b: Sneasler|Close Combat|p1b: Arcanine\n|-supereffective|p1b: Arcanine|1\n|-damage|p1b: Arcanine|0 fnt\n|-unboost|p2b: Sneasler|def|1\n|-unboost|p2b: Sneasler|spd|1\n|faint|p1b: Arcanine\n|move|p1a: Golurk|Headlong Rush|p2b: Sneasler\n|-supereffective|p2b: Sneasler|1\n|-damage|p2b: Sneasler|0 fnt\n|-unboost|p1a: Golurk|def|1\n|-unboost|p1a: Golurk|spd|1\n|faint|p2b: Sneasler\n|\n|win|Golurk365\n|raw|Golurk365's rating: 1076 &rarr; <strong>1111</strong><br />(+35 for winning)\n|raw|CaptKraken's rating: 1157 &rarr; <strong>1126</strong><br />(-31 for losing)\n|l|\u2606CaptKraken\n|player|p2|\n",
  "uploadtime": 1775969337,
  "views": 22,
  "formatid": "gen9championsvgc2026regma",
  "rating": 1111,
  "private": 0,
  "password": null
}