{
  "id": "gen9championsvgc2026regma-2582944619",
  "format": "[Gen 9 Champions] VGC 2026 Reg M-A",
  "players": [
    "Leinad Noscaj",
    "BlackDasein"
  ],
  "log": "|j|\u2606Leinad Noscaj\n|j|\u2606BlackDasein\n|t:|1776127254\n|gametype|doubles\n|player|p1|Leinad Noscaj|youngathlete|1121\n|player|p2|BlackDasein|265|1176\n|gen|9\n|tier|[Gen 9 Champions] VGC 2026 Reg M-A\n|rated|\n|rule|Species Clause: Limit one of each Pok\u00e9mon\n|rule|Item Clause: Limit 1 of each item\n|clearpoke\n|poke|p1|Crabominable, L50, M|\n|poke|p1|Vanilluxe, L50, M|\n|poke|p1|Sinistcha, L50|\n|poke|p1|Alakazam, L50, F|\n|poke|p1|Empoleon, L50, F|\n|poke|p1|Excadrill, L50, M|\n|poke|p2|Sinistcha, L50|\n|poke|p2|Basculegion, L50, M|\n|poke|p2|Pelipper, L50, F|\n|poke|p2|Kangaskhan, L50, F|\n|poke|p2|Archaludon, L50, F|\n|poke|p2|Starmie, L50|\n|teampreview|4\n|inactive|Battle timer is ON: inactive players will automatically lose when time's up. (requested by BlackDasein)\n|\n|t:|1776127300\n|teamsize|p1|4\n|teamsize|p2|4\n|start\n|switch|p1a: Sinistcha|Sinistcha, L50|100/100\n|switch|p1b: Empoleon|Empoleon, L50, F|100/100\n|switch|p2a: Pelipper|Pelipper, L50, F|100/100\n|switch|p2b: Archaludon|Archaludon, L50, F|100/100\n|-weather|RainDance|[from] ability: Drizzle|[of] p2a: Pelipper\n|turn|1\n|\n|t:|1776127316\n|switch|p1a: Vanilluxe|Vanilluxe, L50, M|100/100\n|-weather|Snowscape|[from] ability: Snow Warning|[of] p1a: Vanilluxe\n|move|p2a: Pelipper|Hurricane|p1a: Vanilluxe|[miss]\n|-miss|p2a: Pelipper|p1a: Vanilluxe\n|move|p2b: Archaludon|Electro Shot||[still]\n|-prepare|p2b: Archaludon|Electro Shot\n|-boost|p2b: Archaludon|spa|1\n|move|p1b: Empoleon|Blizzard|p2a: Pelipper|[spread] p2a,p2b\n|-damage|p2a: Pelipper|55/100\n|-damage|p2b: Archaludon|68/100\n|-status|p2a: Pelipper|frz\n|-status|p2b: Archaludon|frz\n|-ability|p2b: Archaludon|Stamina|boost\n|-boost|p2b: Archaludon|def|1\n|\n|-weather|Snowscape|[upkeep]\n|-heal|p2b: Archaludon|74/100 frz|[from] item: Leftovers\n|upkeep\n|turn|2\n|c|\u2606Leinad Noscaj|NO SHOT\n|c|\u2606Leinad Noscaj|okay i cant sell this\n|inactive|Leinad Noscaj has 30 seconds left.\n|inactive|Leinad Noscaj has 20 seconds left.\n|inactive|Leinad Noscaj has 15 seconds left.\n|\n|t:|1776127357\n|switch|p2a: Kangaskhan|Kangaskhan, L50, F|100/100\n|move|p1b: Empoleon|Vacuum Wave|p2b: Archaludon\n|-supereffective|p2b: Archaludon|1\n|-damage|p2b: Archaludon|44/100 frz\n|-ability|p2b: Archaludon|Stamina|boost\n|-boost|p2b: Archaludon|def|1\n|move|p1a: Vanilluxe|Aurora Veil|p1a: Vanilluxe\n|-sidestart|p1: Leinad Noscaj|move: Aurora Veil\n|cant|p2b: Archaludon|frz\n|\n|-weather|Snowscape|[upkeep]\n|-heal|p2b: Archaludon|50/100 frz|[from] item: Leftovers\n|upkeep\n|turn|3\n|\n|t:|1776127377\n|move|p2a: Kangaskhan|Fake Out|p1a: Vanilluxe\n|-damage|p1a: Vanilluxe|90/100\n|move|p1b: Empoleon|Vacuum Wave|p2a: Kangaskhan\n|-supereffective|p2a: Kangaskhan|1\n|-damage|p2a: Kangaskhan|74/100\n|cant|p1a: Vanilluxe|flinch\n|cant|p2b: Archaludon|frz\n|\n|-weather|Snowscape|[upkeep]\n|-heal|p2b: Archaludon|56/100 frz|[from] item: Leftovers\n|upkeep\n|turn|4\n|inactive|BlackDasein has 30 seconds left.\n|\n|t:|1776127409\n|switch|p2a: Pelipper|Pelipper, L50, F|55/100 frz\n|-weather|RainDance|[from] ability: Drizzle|[of] p2a: Pelipper\n|move|p1a: Vanilluxe|Icy Wind|p2a: Pelipper|[spread] p2a,p2b\n|-damage|p2a: Pelipper|27/100 frz\n|-damage|p2b: Archaludon|38/100 frz\n|-unboost|p2a: Pelipper|spe|1\n|-unboost|p2b: Archaludon|spe|1\n|-ability|p2b: Archaludon|Stamina|boost\n|-boost|p2b: Archaludon|def|1\n|move|p1b: Empoleon|Blizzard|p2a: Pelipper|[spread] p2a,p2b\n|-damage|p2a: Pelipper|0 fnt\n|-damage|p2b: Archaludon|6/100 frz\n|-ability|p2b: Archaludon|Stamina|boost\n|-boost|p2b: Archaludon|def|1\n|faint|p2a: Pelipper\n|-curestatus|p2b: Archaludon|frz|[msg]\n|move|p2b: Archaludon|Electro Shot||[still]\n|-prepare|p2b: Archaludon|Electro Shot\n|-boost|p2b: Archaludon|spa|1\n|-anim|p2b: Archaludon|Electro Shot|p1b: Empoleon\n|-supereffective|p1b: Empoleon|1\n|-damage|p1b: Empoleon|0 fnt\n|faint|p1b: Empoleon\n|\n|-weather|RainDance|[upkeep]\n|-heal|p2b: Archaludon|12/100|[from] item: Leftovers\n|upkeep\n|\n|t:|1776127433\n|switch|p2a: Basculegion|Basculegion, L50, M|100/100\n|switch|p1b: Sinistcha|Sinistcha, L50|100/100\n|-heal|p1a: Vanilluxe|100/100|[from] ability: Hospitality|[of] p1b: Sinistcha\n|turn|5\n|\n|t:|1776127446\n|move|p2b: Archaludon|Protect|p2b: Archaludon\n|-singleturn|p2b: Archaludon|Protect\n|move|p2a: Basculegion|Last Respects|p1b: Sinistcha\n|-supereffective|p1b: Sinistcha|1\n|-damage|p1b: Sinistcha|21/100\n|-enditem|p1b: Sinistcha|Sitrus Berry|[eat]\n|-heal|p1b: Sinistcha|46/100|[from] item: Sitrus Berry\n|move|p1a: Vanilluxe|Light Screen|p1a: Vanilluxe\n|-sidestart|p1: Leinad Noscaj|move: Light Screen\n|move|p1b: Sinistcha|Matcha Gotcha|p2b: Archaludon|[spread] p2a\n|-activate|p2b: Archaludon|move: Protect\n|-supereffective|p2a: Basculegion|1\n|-damage|p2a: Basculegion|48/100\n|-heal|p1b: Sinistcha|75/100|[from] drain|[of] p2a: Basculegion\n|\n|-weather|RainDance|[upkeep]\n|-heal|p2b: Archaludon|18/100|[from] item: Leftovers\n|upkeep\n|turn|6\n|\n|t:|1776127470\n|move|p2a: Basculegion|Last Respects|p1b: Sinistcha\n|-supereffective|p1b: Sinistcha|1\n|-damage|p1b: Sinistcha|0 fnt\n|faint|p1b: Sinistcha\n|move|p1a: Vanilluxe|Icy Wind|p2a: Basculegion|[spread] p2a,p2b\n|-resisted|p2a: Basculegion|1\n|-damage|p2a: Basculegion|40/100\n|-damage|p2b: Archaludon|0 fnt\n|-unboost|p2a: Basculegion|spe|1\n|faint|p2b: Archaludon\n|\n|-weather|RainDance|[upkeep]\n|-sideend|p1: Leinad Noscaj|move: Aurora Veil\n|upkeep\n|\n|t:|1776127480\n|switch|p2b: Kangaskhan|Kangaskhan, L50, F|74/100\n|switch|p1b: Excadrill|Excadrill, L50, M|100/100\n|turn|7\n|\n|t:|1776127498\n|detailschange|p1b: Excadrill|Excadrill-Mega, L50, M\n|-mega|p1b: Excadrill|Excadrill|Excadrite\n|detailschange|p2b: Kangaskhan|Kangaskhan-Mega, L50, F\n|-mega|p2b: Kangaskhan|Kangaskhan|Kangaskhanite\n|move|p1b: Excadrill|Protect|p1b: Excadrill\n|-singleturn|p1b: Excadrill|Protect\n|move|p2b: Kangaskhan|Fake Out|p1b: Excadrill\n|-activate|p1b: Excadrill|move: Protect\n|move|p1a: Vanilluxe|Frost Breath|p2b: Kangaskhan\n|-crit|p2b: Kangaskhan\n|-damage|p2b: Kangaskhan|46/100\n|move|p2a: Basculegion|Last Respects|p1a: Vanilluxe\n|-crit|p1a: Vanilluxe\n|-enditem|p1a: Vanilluxe|Focus Sash\n|-damage|p1a: Vanilluxe|1/100\n|\n|-weather|RainDance|[upkeep]\n|upkeep\n|turn|8\n|\n|t:|1776127523\n|move|p1b: Excadrill|Rock Slide|p2b: Kangaskhan|[spread] p2a,p2b\n|-damage|p2a: Basculegion|8/100\n|-damage|p2b: Kangaskhan|25/100\n|move|p1a: Vanilluxe|Icy Wind|p2a: Basculegion|[spread] p2a,p2b\n|-resisted|p2a: Basculegion|1\n|-damage|p2a: Basculegion|0 fnt\n|-damage|p2b: Kangaskhan|12/100\n|-unboost|p2b: Kangaskhan|spe|1\n|faint|p2a: Basculegion\n|move|p2b: Kangaskhan|Double-Edge|p1b: Excadrill\n|-resisted|p1b: Excadrill|1\n|-damage|p1b: Excadrill|70/100\n|-resisted|p1b: Excadrill|1\n|-damage|p1b: Excadrill|63/100\n|-hitcount|p1b: Excadrill|2\n|-damage|p2b: Kangaskhan|1/100|[from] Recoil\n|\n|-weather|none\n|upkeep\n|turn|9\n|-message|BlackDasein forfeited.\n|\n|win|Leinad Noscaj\n|raw|Leinad Noscaj's rating: 1121 &rarr; <strong>1150</strong><br />(+29 for winning)\n|raw|BlackDasein's rating: 1176 &rarr; <strong>1147</strong><br />(-29 for losing)\n|l|\u2606BlackDasein\n|player|p2|\n",
  "uploadtime": 1776127557,
  "views": 11,
  "formatid": "gen9championsvgc2026regma",
  "rating": 1147,
  "private": 0,
  "password": null
}