{
  "id": "gen9championsvgc2026regma-2582098544",
  "format": "[Gen 9 Champions] VGC 2026 Reg M-A",
  "players": [
    "henitusec",
    "benis_cult"
  ],
  "log": "|j|\u2606henitusec\n|j|\u2606benis_cult\n|t:|1776057661\n|gametype|doubles\n|player|p1|henitusec|volo|1085\n|player|p2|benis_cult|marlon|1046\n|gen|9\n|tier|[Gen 9 Champions] VGC 2026 Reg M-A\n|rated|\n|rule|Species Clause: Limit one of each Pok\u00e9mon\n|rule|Item Clause: Limit 1 of each item\n|clearpoke\n|poke|p1|Froslass, L50, F|\n|poke|p1|Garchomp, L50, M|\n|poke|p1|Rotom-Frost, L50|\n|poke|p1|Empoleon, L50, M|\n|poke|p1|Incineroar, L50, M|\n|poke|p1|Kingambit, L50, M|\n|poke|p2|Incineroar, L50, M|\n|poke|p2|Archaludon, L50, M|\n|poke|p2|Meganium, L50, F|\n|poke|p2|Pelipper, L50, F|\n|poke|p2|Hawlucha, L50, F|\n|poke|p2|Altaria, L50, F|\n|teampreview|4\n|inactive|Battle timer is ON: inactive players will automatically lose when time's up. (requested by henitusec)\nhenitusec rejected open team sheets.\n|inactive|benis_cult has 60 seconds left.\n|\n|t:|1776057721\n|teamsize|p1|4\n|teamsize|p2|4\n|start\n|switch|p1a: Kingambit|Kingambit, L50, M|100/100\n|switch|p1b: Froslass|Froslass, L50, F|100/100\n|switch|p2a: Incineroar|Incineroar, L50, M|100/100\n|switch|p2b: Hawlucha|Hawlucha, L50, F|100/100\n|-ability|p2a: Incineroar|Intimidate|boost\n|-unboost|p1a: Kingambit|atk|1\n|-ability|p1a: Kingambit|Defiant|boost\n|-boost|p1a: Kingambit|atk|2\n|-unboost|p1b: Froslass|atk|1\n|turn|1\n|inactive|henitusec has 30 seconds left.\n|inactive|benis_cult has 30 seconds left.\n|inactive|henitusec has 20 seconds left.\n|inactive|benis_cult has 20 seconds left.\n|inactive|benis_cult has 15 seconds left.\n|\n|t:|1776057766\n|detailschange|p1b: Froslass|Froslass-Mega, L50, F\n|-mega|p1b: Froslass|Froslass|Froslassite\n|-weather|Snowscape|[from] ability: Snow Warning|[of] p1b: Froslass\n|move|p2a: Incineroar|Fake Out|p1a: Kingambit\n|-resisted|p1a: Kingambit|1\n|-damage|p1a: Kingambit|95/100\n|move|p2b: Hawlucha|Taunt|p1b: Froslass\n|-start|p1b: Froslass|move: Taunt\n|move|p1b: Froslass|Blizzard|p2b: Hawlucha|[spread] p2a,p2b\n|-resisted|p2a: Incineroar|1\n|-supereffective|p2b: Hawlucha|1\n|-damage|p2a: Incineroar|79/100\n|-damage|p2b: Hawlucha|0 fnt\n|faint|p2b: Hawlucha\n|cant|p1a: Kingambit|flinch\n|\n|-weather|Snowscape|[upkeep]\n|-heal|p2a: Incineroar|85/100|[from] item: Leftovers\n|upkeep\n|\n|t:|1776057779\n|switch|p2b: Pelipper|Pelipper, L50, F|100/100\n|-weather|RainDance|[from] ability: Drizzle|[of] p2b: Pelipper\n|turn|2\n|\n|t:|1776057799\n|switch|p1b: Empoleon|Empoleon, L50, M|100/100\n|move|p2b: Pelipper|Protect|p2b: Pelipper\n|-singleturn|p2b: Pelipper|Protect\n|move|p1a: Kingambit|Low Kick|p2a: Incineroar\n|-supereffective|p2a: Incineroar|1\n|-damage|p2a: Incineroar|12/100\n|move|p2a: Incineroar|Parting Shot|p1b: Empoleon\n|-unboost|p1b: Empoleon|atk|1\n|-ability|p1b: Empoleon|Competitive|boost\n|-boost|p1b: Empoleon|spa|2\n|-unboost|p1b: Empoleon|spa|1\n|-ability|p1b: Empoleon|Competitive|boost\n|-boost|p1b: Empoleon|spa|2\n|\n|t:|1776057812\n|switch|p2a: Archaludon|Archaludon, L50, M|100/100|[from] Parting Shot\n|\n|-weather|RainDance|[upkeep]\n|upkeep\n|turn|3\n|inactive|henitusec has 30 seconds left.\n|inactive|benis_cult has 30 seconds left.\n|inactive|henitusec has 20 seconds left.\n|inactive|henitusec has 15 seconds left.\n|\n|t:|1776057853\n|move|p1b: Empoleon|Protect|p1b: Empoleon\n|-singleturn|p1b: Empoleon|Protect\n|move|p2a: Archaludon|Electro Shot||[still]\n|-prepare|p2a: Archaludon|Electro Shot\n|-boost|p2a: Archaludon|spa|1\n|-anim|p2a: Archaludon|Electro Shot|p1b: Empoleon\n|-activate|p1b: Empoleon|move: Protect\n|move|p2b: Pelipper|Hurricane|p1b: Empoleon\n|-activate|p1b: Empoleon|move: Protect\n|move|p1a: Kingambit|Low Kick|p2a: Archaludon\n|-supereffective|p2a: Archaludon|1\n|-damage|p2a: Archaludon|31/100\n|\n|-weather|RainDance|[upkeep]\n|upkeep\n|turn|4\n|inactive|henitusec has 30 seconds left.\n|inactive|benis_cult has 30 seconds left.\n|inactive|henitusec has 20 seconds left.\n|inactive|benis_cult has 20 seconds left.\n|inactive|henitusec has 15 seconds left.\n|\n|t:|1776057897\n|move|p2a: Archaludon|Electro Shot||[still]\n|-prepare|p2a: Archaludon|Electro Shot\n|-boost|p2a: Archaludon|spa|1\n|-anim|p2a: Archaludon|Electro Shot|p1a: Kingambit\n|-damage|p1a: Kingambit|0 fnt\n|faint|p1a: Kingambit\n|move|p2b: Pelipper|Weather Ball|p1b: Empoleon\n|-resisted|p1b: Empoleon|1\n|-damage|p1b: Empoleon|74/100\n|move|p1b: Empoleon|Flash Cannon|p2b: Pelipper\n|-resisted|p2b: Pelipper|1\n|-damage|p2b: Pelipper|18/100\n|\n|-weather|RainDance|[upkeep]\n|-heal|p1b: Empoleon|80/100|[from] item: Leftovers\n|upkeep\n|\n|t:|1776057910\n|switch|p1a: Froslass|Froslass-Mega, L50, F|100/100\n|-weather|Snowscape|[from] ability: Snow Warning|[of] p1a: Froslass\n|turn|5\n|inactive|benis_cult has 30 seconds left.\n|inactive|benis_cult has 20 seconds left.\n|inactive|benis_cult has 15 seconds left.\n|inactive|benis_cult has 10 seconds left.\n|inactive|benis_cult has 5 seconds left.\n|\n|t:|1776057960\n|move|p2a: Archaludon|Electro Shot||[still]\n|-prepare|p2a: Archaludon|Electro Shot\n|-boost|p2a: Archaludon|spa|1\n|move|p1a: Froslass|Shadow Ball|p2a: Archaludon\n|-damage|p2a: Archaludon|0 fnt\n|faint|p2a: Archaludon\n|move|p2b: Pelipper|Hurricane|p1a: Froslass\n|-damage|p1a: Froslass|47/100\n|move|p1b: Empoleon|Flash Cannon|p2b: Pelipper\n|-resisted|p2b: Pelipper|1\n|-damage|p2b: Pelipper|0 fnt\n|faint|p2b: Pelipper\n|\n|-weather|Snowscape|[upkeep]\n|-heal|p1b: Empoleon|85/100|[from] item: Leftovers\n|upkeep\n|\n|t:|1776057972\n|switch|p2b: Incineroar|Incineroar, L50, M|12/100\n|-ability|p2b: Incineroar|Intimidate|boost\n|-unboost|p1a: Froslass|atk|1\n|-unboost|p1b: Empoleon|atk|1\n|-ability|p1b: Empoleon|Competitive|boost\n|-boost|p1b: Empoleon|spa|2\n|turn|6\n|\n|t:|1776057980\n|move|p1a: Froslass|Blizzard|p2b: Incineroar\n|-resisted|p2b: Incineroar|1\n|-damage|p2b: Incineroar|0 fnt\n|faint|p2b: Incineroar\n|\n|win|henitusec\n|raw|henitusec's rating: 1085 &rarr; <strong>1109</strong><br />(+24 for winning)\n|raw|benis_cult's rating: 1046 &rarr; <strong>1031</strong><br />(-15 for losing)\n",
  "uploadtime": 1776057983,
  "views": 10,
  "formatid": "gen9championsvgc2026regma",
  "rating": 1031,
  "private": 0,
  "password": null
}