{
  "id": "gen9championsvgc2026regma-2584440572",
  "format": "[Gen 9 Champions] VGC 2026 Reg M-A",
  "players": [
    "slyvesterccd",
    "winronronwin"
  ],
  "log": "|j|\u2606slyvesterccd\n|j|\u2606winronronwin\n|t:|1776261040\n|gametype|doubles\n|player|p1|slyvesterccd|169|1097\n|player|p2|winronronwin|hilda|1128\n|gen|9\n|tier|[Gen 9 Champions] VGC 2026 Reg M-A\n|rated|\n|rule|Species Clause: Limit one of each Pok\u00e9mon\n|rule|Item Clause: Limit 1 of each item\n|clearpoke\n|poke|p1|Gyarados, L50, M|\n|poke|p1|Sinistcha, L50|\n|poke|p1|Arcanine, L50, M|\n|poke|p1|Kingambit, L50, M|\n|poke|p1|Dragapult, L50, M|\n|poke|p1|Raichu, L50, F|\n|poke|p2|Gardevoir, L50, F|\n|poke|p2|Meowstic, L50, M|\n|poke|p2|Gallade, L50, M|\n|poke|p2|Sinistcha, L50|\n|poke|p2|Rhyperior, L50, M|\n|poke|p2|Torkoal, L50, F|\n|teampreview|4\n|\n|t:|1776261073\n|teamsize|p1|4\n|teamsize|p2|4\n|start\n|switch|p1a: Gyarados|Gyarados, L50, M, shiny|100/100\n|switch|p1b: Raichu|Raichu, L50, F|100/100\n|switch|p2a: Rhyperior|Rhyperior, L50, M, shiny|100/100\n|switch|p2b: Gallade|Gallade, L50, M, shiny|100/100\n|-ability|p1a: Gyarados|Intimidate|boost\n|-unboost|p2a: Rhyperior|atk|1\n|-unboost|p2b: Gallade|atk|1\n|-enditem|p2b: Gallade|White Herb\n|-clearnegativeboost|p2b: Gallade|[silent]\n|turn|1\n|\n|t:|1776261093\n|move|p2a: Rhyperior|Protect|p2a: Rhyperior\n|-singleturn|p2a: Rhyperior|Protect\n|move|p1b: Raichu|Fake Out|p2b: Gallade\n|-damage|p2b: Gallade|88/100\n|move|p1a: Gyarados|Waterfall|p2a: Rhyperior\n|-activate|p2a: Rhyperior|move: Protect\n|cant|p2b: Gallade|flinch\n|\n|upkeep\n|turn|2\n|\n|t:|1776261116\n|move|p1b: Raichu|Nuzzle|p2a: Rhyperior\n|-activate|p2a: Rhyperior|ability: Lightning Rod\n|-ability|p2a: Rhyperior|Lightning Rod|boost\n|-boost|p2a: Rhyperior|spa|1\n|move|p1a: Gyarados|Waterfall|p2a: Rhyperior\n|-supereffective|p2a: Rhyperior|2\n|-crit|p2a: Rhyperior\n|-damage|p2a: Rhyperior|0 fnt\n|faint|p2a: Rhyperior\n|move|p2b: Gallade|Trick Room|p2b: Gallade\n|-fieldstart|move: Trick Room|[of] p2b: Gallade\n|\n|upkeep\n|\n|t:|1776261127\n|switch|p2a: Gardevoir|Gardevoir, L50, F, shiny|100/100\n|-ability|p2a: Gardevoir|Lightning Rod|Trace|[from] ability: Trace|[of] p1b: Raichu\n|turn|3\n|\n|t:|1776261146\n|switch|p1a: Kingambit|Kingambit, L50, M|100/100\n|detailschange|p2a: Gardevoir|Gardevoir-Mega, L50, F, shiny\n|-mega|p2a: Gardevoir|Gardevoir|Gardevoirite\n|move|p1b: Raichu|Protect|p1b: Raichu\n|-singleturn|p1b: Raichu|Protect\n|move|p2b: Gallade|Psycho Cut|p1a: Kingambit\n|-immune|p1a: Kingambit\n|move|p2a: Gardevoir|Hyper Voice|p1a: Kingambit|[spread] p1a\n|-activate|p1b: Raichu|move: Protect\n|-damage|p1a: Kingambit|43/100\n|\n|upkeep\n|turn|4\n|\n|t:|1776261177\n|move|p2a: Gardevoir|Protect|p2a: Gardevoir\n|-singleturn|p2a: Gardevoir|Protect\n|move|p1a: Kingambit|Iron Head|p2a: Gardevoir\n|-activate|p2a: Gardevoir|move: Protect\n|move|p2b: Gallade|Sacred Sword|p1a: Kingambit\n|-supereffective|p1a: Kingambit|2\n|-damage|p1a: Kingambit|0 fnt\n|faint|p1a: Kingambit\n|move|p1b: Raichu|Thunderbolt|p2b: Gallade\n|-damage|p2b: Gallade|52/100\n|\n|upkeep\n|\n|t:|1776261186\n|switch|p1a: Gyarados|Gyarados, L50, M, shiny|100/100\n|-ability|p1a: Gyarados|Intimidate|boost\n|-unboost|p2a: Gardevoir|atk|1\n|-unboost|p2b: Gallade|atk|1\n|turn|5\n|\n|t:|1776261198\n|switch|p1b: Sinistcha|Sinistcha, L50|100/100\n|move|p1a: Gyarados|Protect|p1a: Gyarados\n|-singleturn|p1a: Gyarados|Protect\n|move|p2b: Gallade|Psycho Cut|p1b: Sinistcha\n|-crit|p1b: Sinistcha\n|-damage|p1b: Sinistcha|35/100\n|move|p2a: Gardevoir|Hyper Voice|p1b: Sinistcha|[spread] p1b\n|-activate|p1a: Gyarados|move: Protect\n|-damage|p1b: Sinistcha|0 fnt\n|faint|p1b: Sinistcha\n|\n|upkeep\n|\n|t:|1776261204\n|switch|p1b: Raichu|Raichu, L50, F|100/100\n|turn|6\n|\n|t:|1776261221\n|move|p1b: Raichu|Fake Out|p2a: Gardevoir\n|-damage|p2a: Gardevoir|87/100\n|move|p2b: Gallade|Psycho Cut|p1a: Gyarados\n|-damage|p1a: Gyarados|47/100\n|cant|p2a: Gardevoir|flinch\n|move|p1a: Gyarados|Waterfall|p2b: Gallade\n|-damage|p2b: Gallade|0 fnt\n|faint|p2b: Gallade\n|\n|-fieldend|move: Trick Room\n|upkeep\n|\n|t:|1776261232\n|switch|p2b: Meowstic|Meowstic, L50, M|100/100\n|turn|7\n|\n|t:|1776261244\n|detailschange|p1a: Gyarados|Gyarados-Mega, L50, M, shiny\n|-mega|p1a: Gyarados|Gyarados|Gyaradosite\n|-ability|p1a: Gyarados|Mold Breaker\n|move|p2b: Meowstic|Fake Out|p1a: Gyarados\n|-damage|p1a: Gyarados|42/100\n|move|p1b: Raichu|Nuzzle|p2a: Gardevoir\n|-damage|p2a: Gardevoir|77/100\n|-status|p2a: Gardevoir|par\n|cant|p1a: Gyarados|flinch\n|move|p2a: Gardevoir|Trick Room|p2a: Gardevoir\n|-fieldstart|move: Trick Room|[of] p2a: Gardevoir\n|\n|upkeep\n|turn|8\n|\n|t:|1776261266\n|move|p1a: Gyarados|Protect|p1a: Gyarados\n|-singleturn|p1a: Gyarados|Protect\n|move|p2b: Meowstic|Psychic Terrain|p2b: Meowstic\n|-fieldstart|move: Psychic Terrain\n|move|p2a: Gardevoir|Hyper Voice|p1b: Raichu|[spread] p1b\n|-activate|p1a: Gyarados|move: Protect\n|-damage|p1b: Raichu|16/100\n|move|p1b: Raichu|Thunderbolt|p2a: Gardevoir\n|-damage|p2a: Gardevoir|50/100 par\n|\n|upkeep\n|turn|9\n|\n|t:|1776261283\n|move|p2b: Meowstic|Helping Hand|p2a: Gardevoir\n|-singleturn|p2a: Gardevoir|Helping Hand|[of] p2b: Meowstic\n|move|p2a: Gardevoir|Hyper Voice|p1a: Gyarados|[spread] p1a,p1b\n|-supereffective|p1a: Gyarados|1\n|-damage|p1a: Gyarados|0 fnt\n|-damage|p1b: Raichu|0 fnt\n|faint|p1a: Gyarados\n|faint|p1b: Raichu\n|\n|win|winronronwin\n|raw|slyvesterccd's rating: 1097 &rarr; <strong>1075</strong><br />(-22 for losing)\n|raw|winronronwin's rating: 1128 &rarr; <strong>1151</strong><br />(+23 for winning)\n|l|\u2606slyvesterccd\n|player|p1|\n",
  "uploadtime": 1776261295,
  "views": 22,
  "formatid": "gen9championsvgc2026regma",
  "rating": 1075,
  "private": 0,
  "password": null
}