{
  "id": "gen9championsvgc2026regma-2581200356",
  "format": "[Gen 9 Champions] VGC 2026 Reg M-A",
  "players": [
    "maykeyjazz",
    "Golurk365"
  ],
  "log": "|j|\u2606maykeyjazz\n|j|\u2606Golurk365\n|t:|1775970017\n|gametype|doubles\n|player|p1|maykeyjazz|1|1086\n|player|p2|Golurk365|hugh|1089\n|gen|9\n|tier|[Gen 9 Champions] VGC 2026 Reg M-A\n|rated|\n|rule|Species Clause: Limit one of each Pok\u00e9mon\n|rule|Item Clause: Limit 1 of each item\n|clearpoke\n|poke|p1|Hydreigon, L50, M|\n|poke|p1|Incineroar, L50, F|\n|poke|p1|Gengar, L50, M|\n|poke|p1|Sinistcha, L50|\n|poke|p1|Milotic, L50, F|\n|poke|p1|Aerodactyl, L50, F|\n|poke|p2|Golurk, L50|\n|poke|p2|Farigiraf, L50, M|\n|poke|p2|Incineroar, L50, F|\n|poke|p2|Clefable, L50, F|\n|poke|p2|Arcanine-Hisui, L50, M|\n|poke|p2|Archaludon, L50, F|\n|teampreview|4\n|inactive|Battle timer is ON: inactive players will automatically lose when time's up. (requested by Golurk365)\n|inactive|maykeyjazz has 60 seconds left.\n|inactive|Golurk365 has 60 seconds left.\nGolurk365 has agreed to open team sheets.\n|inactive|maykeyjazz has 30 seconds left.\n|inactive|maykeyjazz has 20 seconds left.\n|inactive|maykeyjazz has 15 seconds left.\n|inactive|maykeyjazz has 10 seconds left.\n|inactive|maykeyjazz has 5 seconds left.\n|\n|t:|1775970106\n|teamsize|p1|4\n|teamsize|p2|4\n|start\n|switch|p1a: Hydreigon|Hydreigon, L50, M|100/100\n|switch|p1b: Aerodactyl|Aerodactyl, L50, F|100/100\n|switch|p2a: Farigiraf|Farigiraf, L50, M|100/100\n|switch|p2b: Archaludon|Archaludon, L50, F|100/100\n|turn|1\n|inactive|maykeyjazz has 30 seconds left.\n|inactive|Golurk365 has 30 seconds left.\n|inactive|maykeyjazz has 20 seconds left.\n|inactive|maykeyjazz has 15 seconds left.\n|inactive|maykeyjazz has 10 seconds left.\n|inactive|maykeyjazz has 5 seconds left.\n|\n|t:|1775970160\n|move|p1a: Hydreigon|Protect|p1a: Hydreigon\n|-singleturn|p1a: Hydreigon|Protect\n|move|p1b: Aerodactyl|Dual Wingbeat|p2a: Farigiraf|[miss]\n|-miss|p1b: Aerodactyl|p2a: Farigiraf\n|move|p2b: Archaludon|Substitute|p2b: Archaludon\n|-start|p2b: Archaludon|Substitute\n|-damage|p2b: Archaludon|76/100\n|move|p2a: Farigiraf|Dazzling Gleam|p1a: Hydreigon|[spread] p1b\n|-activate|p1a: Hydreigon|move: Protect\n|-crit|p1b: Aerodactyl\n|-damage|p1b: Aerodactyl|57/100\n|\n|upkeep\n|turn|2\n|inactive|maykeyjazz has 30 seconds left.\n|inactive|maykeyjazz has 20 seconds left.\n|inactive|maykeyjazz has 15 seconds left.\n|\n|t:|1775970202\n|switch|p1b: Gengar|Gengar, L50, M|100/100\n|move|p1a: Hydreigon|Dark Pulse|p2a: Farigiraf\n|-supereffective|p2a: Farigiraf|1\n|-damage|p2a: Farigiraf|20/100\n|move|p2b: Archaludon|Flash Cannon|p1b: Gengar\n|-damage|p1b: Gengar|40/100\n|-unboost|p1b: Gengar|spd|1\n|cant|p2a: Farigiraf|flinch\n|\n|-heal|p2a: Farigiraf|26/100|[from] item: Leftovers\n|upkeep\n|turn|3\n|inactive|maykeyjazz has 30 seconds left.\n|inactive|Golurk365 has 30 seconds left.\n|inactive|Golurk365 has 20 seconds left.\n|inactive|Golurk365 has 15 seconds left.\n|inactive|Golurk365 has 10 seconds left.\n|inactive|Golurk365 has 5 seconds left.\n|\n|t:|1775970252\n|switch|p1a: Aerodactyl|Aerodactyl, L50, F|57/100\n|detailschange|p1b: Gengar|Gengar-Mega, L50, M\n|-mega|p1b: Gengar|Gengar|Gengarite\n|move|p1b: Gengar|Protect|p1b: Gengar\n|-singleturn|p1b: Gengar|Protect\n|move|p2b: Archaludon|Flash Cannon|p1b: Gengar\n|-activate|p1b: Gengar|move: Protect\n|move|p2a: Farigiraf|Dazzling Gleam|p1a: Aerodactyl|[spread] p1a\n|-activate|p1b: Gengar|move: Protect\n|-damage|p1a: Aerodactyl|30/100\n|\n|-heal|p2a: Farigiraf|33/100|[from] item: Leftovers\n|upkeep\n|turn|4\n|inactive|maykeyjazz has 30 seconds left.\n|inactive|Golurk365 has 30 seconds left.\n|inactive|maykeyjazz has 20 seconds left.\n|inactive|Golurk365 has 20 seconds left.\n|\n|t:|1775970291\n|switch|p1b: Incineroar|Incineroar, L50, F|100/100\n|-ability|p1b: Incineroar|Intimidate|boost\n|-unboost|p2a: Farigiraf|atk|1\n|-immune|p2b: Archaludon\n|move|p1a: Aerodactyl|Rock Slide|p2b: Archaludon|[spread] p2b\n|-miss|p1a: Aerodactyl|p2a: Farigiraf\n|-resisted|p2b: Archaludon|1\n|-activate|p2b: Archaludon|move: Substitute|[damage]\n|move|p2b: Archaludon|Flash Cannon|p1b: Incineroar\n|-resisted|p1b: Incineroar|1\n|-damage|p1b: Incineroar|78/100\n|move|p2a: Farigiraf|Psychic|p1b: Incineroar\n|-immune|p1b: Incineroar\n|\n|-heal|p2a: Farigiraf|39/100|[from] item: Leftovers\n|upkeep\n|turn|5\n|inactive|maykeyjazz has 30 seconds left.\n|inactive|Golurk365 has 30 seconds left.\n|inactive|maykeyjazz has 20 seconds left.\n|inactive|Golurk365 has 20 seconds left.\n|\n|t:|1775970329\n|switch|p2a: Clefable|Clefable, L50, F|100/100\n|move|p1a: Aerodactyl|Rock Slide|p2b: Archaludon|[spread] p2a,p2b\n|-resisted|p2b: Archaludon|1\n|-activate|p2b: Archaludon|move: Substitute|[damage]\n|-damage|p2a: Clefable|75/100\n|move|p2b: Archaludon|Flash Cannon|p1a: Aerodactyl\n|-supereffective|p1a: Aerodactyl|1\n|-damage|p1a: Aerodactyl|0 fnt\n|faint|p1a: Aerodactyl\n|move|p1b: Incineroar|Flare Blitz|p2a: Clefable\n|-damage|p2a: Clefable|29/100\n|-status|p2a: Clefable|brn\n|-damage|p1b: Incineroar|62/100|[from] Recoil\n|\n|-damage|p2a: Clefable|23/100 brn|[from] brn\n|upkeep\n|\n|t:|1775970345\n|switch|p1a: Gengar|Gengar-Mega, L50, M|40/100\n|turn|6\n|\n|t:|1775970369\n|move|p1a: Gengar|Protect|p1a: Gengar\n|-singleturn|p1a: Gengar|Protect\n|move|p2a: Clefable|Follow Me|p2a: Clefable\n|-singleturn|p2a: Clefable|move: Follow Me\n|move|p2b: Archaludon|Draco Meteor|p1b: Incineroar\n|-damage|p1b: Incineroar|0 fnt\n|-unboost|p2b: Archaludon|spa|2\n|faint|p1b: Incineroar\n|\n|-damage|p2a: Clefable|17/100 brn|[from] brn\n|upkeep\n|\n|t:|1775970379\n|switch|p1b: Hydreigon|Hydreigon, L50, M|100/100\n|turn|7\n|\n|t:|1775970395\n|move|p2a: Clefable|Follow Me|p2a: Clefable\n|-singleturn|p2a: Clefable|move: Follow Me\n|move|p1a: Gengar|Shadow Ball|p2a: Clefable\n|-damage|p2a: Clefable|0 fnt\n|faint|p2a: Clefable\n|move|p1b: Hydreigon|Focus Energy|p1b: Hydreigon\n|-start|p1b: Hydreigon|move: Focus Energy\n|move|p2b: Archaludon|Draco Meteor|p1a: Gengar\n|-damage|p1a: Gengar|0 fnt\n|-unboost|p2b: Archaludon|spa|2\n|faint|p1a: Gengar\n|\n|upkeep\n|\n|t:|1775970415\n|switch|p2a: Farigiraf|Farigiraf, L50, M|39/100\n|turn|8\n|\n|t:|1775970424\n|move|p1b: Hydreigon|Dark Pulse|p2a: Farigiraf\n|-supereffective|p2a: Farigiraf|1\n|-crit|p2a: Farigiraf\n|-damage|p2a: Farigiraf|0 fnt\n|faint|p2a: Farigiraf\n|move|p2b: Archaludon|Draco Meteor|p1b: Hydreigon\n|-supereffective|p1b: Hydreigon|1\n|-damage|p1b: Hydreigon|39/100\n|-unboost|p2b: Archaludon|spa|2\n|\n|upkeep\n|\n|t:|1775970428\n|switch|p2a: Golurk|Golurk, L50|100/100\n|turn|9\n|\n|t:|1775970438\n|detailschange|p2a: Golurk|Golurk-Mega, L50\n|-mega|p2a: Golurk|Golurk|Golurkite\n|move|p2a: Golurk|Protect|p2a: Golurk\n|-singleturn|p2a: Golurk|Protect\n|move|p1b: Hydreigon|Dark Pulse|p2a: Golurk\n|-activate|p2a: Golurk|move: Protect\n|move|p2b: Archaludon|Draco Meteor|p1b: Hydreigon\n|-supereffective|p1b: Hydreigon|1\n|-damage|p1b: Hydreigon|0 fnt\n|faint|p1b: Hydreigon\n|\n|win|Golurk365\n|raw|maykeyjazz's rating: 1086 &rarr; <strong>1063</strong><br />(-23 for losing)\n|raw|Golurk365's rating: 1089 &rarr; <strong>1115</strong><br />(+26 for winning)\n",
  "uploadtime": 1775970449,
  "views": 13,
  "formatid": "gen9championsvgc2026regma",
  "rating": 1063,
  "private": 0,
  "password": null
}