{
  "id": "gen9championsvgc2026regma-2583447440",
  "format": "[Gen 9 Champions] VGC 2026 Reg M-A",
  "players": [
    "MeltGO",
    "Mirthinion"
  ],
  "log": "|j|\u203dMeltGO\n|j|\u2606Mirthinion\n|t:|1776176262\n|gametype|doubles\n|player|p1|MeltGO|1|1039\n|player|p2|Mirthinion|janitor|1073\n|gen|9\n|tier|[Gen 9 Champions] VGC 2026 Reg M-A\n|rated|\n|rule|Species Clause: Limit one of each Pok\u00e9mon\n|rule|Item Clause: Limit 1 of each item\n|clearpoke\n|poke|p1|Palafin, L50, F|\n|poke|p1|Sinistcha, L50|\n|poke|p1|Incineroar, L50, F|\n|poke|p1|Kleavor, L50, M|\n|poke|p1|Tyranitar, L50, F|\n|poke|p1|Sneasler, L50, F|\n|poke|p2|Tyranitar, L50, M|\n|poke|p2|Lycanroc, L50, M|\n|poke|p2|Primarina, L50, F|\n|poke|p2|Corviknight, L50, M|\n|poke|p2|Kommo-o, L50, M|\n|poke|p2|Aerodactyl, L50, M|\n|teampreview|4\n|inactive|Battle timer is ON: inactive players will automatically lose when time's up. (requested by Mirthinion)\nMirthinion rejected open team sheets.\n|inactive|Mirthinion has 60 seconds left.\n|\n|t:|1776176323\n|teamsize|p1|4\n|teamsize|p2|4\n|start\n|switch|p1a: Sneasler|Sneasler, L50, F|100/100\n|switch|p1b: Kleavor|Kleavor, L50, M|100/100\n|switch|p2a: Primarina|Primarina, L50, F|100/100\n|switch|p2b: Corviknight|Corviknight, L50, M|100/100\n|turn|1\n|\n|t:|1776176344\n|move|p1b: Kleavor|Stone Axe|p2b: Corviknight\n|-crit|p2b: Corviknight\n|-damage|p2b: Corviknight|40/100\n|-sidestart|p2: Mirthinion|move: Stealth Rock\n|-enditem|p2b: Corviknight|Sitrus Berry|[eat]\n|-heal|p2b: Corviknight|65/100|[from] item: Sitrus Berry\n|move|p1a: Sneasler|Dire Claw|p2a: Primarina\n|-supereffective|p2a: Primarina|1\n|-damage|p2a: Primarina|0 fnt\n|faint|p2a: Primarina\n|move|p2b: Corviknight|Brave Bird|p1a: Sneasler\n|-supereffective|p1a: Sneasler|1\n|-damage|p1a: Sneasler|0 fnt\n|faint|p1a: Sneasler\n|-damage|p2b: Corviknight|40/100|[from] Recoil\n|\n|upkeep\n|\n|t:|1776176366\n|switch|p1a: Palafin|Palafin, L50, F|100/100\n|switch|p2a: Kommo-o|Kommo-o, L50, M, shiny|100/100\n|-damage|p2a: Kommo-o|94/100|[from] Stealth Rock\n|turn|2\n|\n|t:|1776176382\n|move|p1b: Kleavor|Stone Axe|p2b: Corviknight\n|-damage|p2b: Corviknight|0 fnt\n|faint|p2b: Corviknight\n|move|p1a: Palafin|Flip Turn|p2a: Kommo-o\n|-resisted|p2a: Kommo-o|1\n|-damage|p2a: Kommo-o|85/100\n|\n|t:|1776176389\n|detailschange|p1a: Palafin|Palafin-Hero, L50, F\n|switch|p1a: Tyranitar|Tyranitar, L50, F|100/100|[from] Flip Turn\n|-weather|Sandstorm|[from] ability: Sand Stream|[of] p1a: Tyranitar\n|move|p2a: Kommo-o|Clangorous Soul|p2a: Kommo-o\n|-boost|p2a: Kommo-o|atk|1\n|-boost|p2a: Kommo-o|def|1\n|-boost|p2a: Kommo-o|spa|1\n|-boost|p2a: Kommo-o|spd|1\n|-boost|p2a: Kommo-o|spe|1\n|-damage|p2a: Kommo-o|52/100\n|\n|-weather|Sandstorm|[upkeep]\n|-damage|p2a: Kommo-o|46/100|[from] Sandstorm\n|-heal|p2a: Kommo-o|52/100|[from] item: Leftovers\n|upkeep\n|\n|t:|1776176401\n|switch|p2b: Tyranitar|Tyranitar, L50, M|100/100\n|-damage|p2b: Tyranitar|88/100|[from] Stealth Rock\n|turn|3\n|inactive|Mirthinion has 30 seconds left.\n|\n|t:|1776176434\n|switch|p1b: Palafin|Palafin-Hero, L50, F|100/100\n|-activate|p1b: Palafin|ability: Zero to Hero\n|detailschange|p2b: Tyranitar|Tyranitar-Mega, L50, M\n|-mega|p2b: Tyranitar|Tyranitar|Tyranitarite\n|detailschange|p1a: Tyranitar|Tyranitar-Mega, L50, F\n|-mega|p1a: Tyranitar|Tyranitar|Tyranitarite\n|move|p2a: Kommo-o|Aura Sphere|p1a: Tyranitar\n|-supereffective|p1a: Tyranitar|2\n|-damage|p1a: Tyranitar|12/100\n|move|p2b: Tyranitar|Rock Slide|p1a: Tyranitar|[spread] p1a,p1b\n|-damage|p1a: Tyranitar|0 fnt\n|-damage|p1b: Palafin|62/100\n|faint|p1a: Tyranitar\n|\n|-weather|Sandstorm|[upkeep]\n|-damage|p2a: Kommo-o|46/100|[from] Sandstorm\n|-damage|p1b: Palafin|55/100|[from] Sandstorm\n|-heal|p2a: Kommo-o|52/100|[from] item: Leftovers\n|upkeep\n|\n|t:|1776176450\n|switch|p1a: Kleavor|Kleavor, L50, M|100/100\n|turn|4\n|\n|t:|1776176456\n|move|p2b: Tyranitar|Protect|p2b: Tyranitar\n|-singleturn|p2b: Tyranitar|Protect\n|move|p1b: Palafin|Jet Punch|p2b: Tyranitar\n|-activate|p2b: Tyranitar|move: Protect\n|move|p2a: Kommo-o|Clanging Scales|p1a: Kleavor|[spread] p1a,p1b\n|-damage|p1a: Kleavor|47/100\n|-damage|p1b: Palafin|4/100\n|-unboost|p2a: Kommo-o|def|1\n|move|p1a: Kleavor|Dual Wingbeat|p2a: Kommo-o\n|-supereffective|p2a: Kommo-o|1\n|-damage|p2a: Kommo-o|26/100\n|-supereffective|p2a: Kommo-o|1\n|-damage|p2a: Kommo-o|0 fnt\n|faint|p2a: Kommo-o\n|-hitcount|p2: Kommo-o|2\n|\n|-weather|Sandstorm|[upkeep]\n|-damage|p1b: Palafin|0 fnt|[from] Sandstorm\n|faint|p1b: Palafin\n|upkeep\n|turn|5\n|\n|t:|1776176475\n|move|p1a: Kleavor|Dual Wingbeat|p2b: Tyranitar\n|-resisted|p2b: Tyranitar|1\n|-damage|p2b: Tyranitar|82/100\n|-resisted|p2b: Tyranitar|1\n|-damage|p2b: Tyranitar|77/100\n|-hitcount|p2b: Tyranitar|2\n|move|p2b: Tyranitar|Knock Off|p1a: Kleavor\n|-damage|p1a: Kleavor|0 fnt\n|-enditem|p1a: Kleavor|Choice Scarf|[from] move: Knock Off|[of] p2b: Tyranitar\n|faint|p1a: Kleavor\n|\n|win|Mirthinion\n|raw|MeltGO's rating: 1039 &rarr; <strong>1025</strong><br />(-14 for losing)\n|raw|Mirthinion's rating: 1073 &rarr; <strong>1099</strong><br />(+26 for winning)\n|l|\u203dMeltGO\n|player|p1|\n",
  "uploadtime": 1776176486,
  "views": 17,
  "formatid": "gen9championsvgc2026regma",
  "rating": 1025,
  "private": 0,
  "password": null
}