{
  "id": "gen9championsvgc2026regma-2581201586",
  "format": "[Gen 9 Champions] VGC 2026 Reg M-A",
  "players": [
    "ving_star",
    "ffaow"
  ],
  "log": "|j|\u2606ving_star\n|j|\u2606ffaow\n|t:|1775970157\n|gametype|doubles\n|player|p1|ving_star|wallace|1106\n|player|p2|ffaow|170|1010\n|gen|9\n|tier|[Gen 9 Champions] VGC 2026 Reg M-A\n|rated|\n|rule|Species Clause: Limit one of each Pok\u00e9mon\n|rule|Item Clause: Limit 1 of each item\n|clearpoke\n|poke|p1|Meganium, L50, F|\n|poke|p1|Pelipper, L50, F|\n|poke|p1|Archaludon, L50, M|\n|poke|p1|Basculegion, L50, M|\n|poke|p1|Incineroar, L50, M|\n|poke|p1|Sinistcha, L50|\n|poke|p2|Gengar, L50, F|\n|poke|p2|Incineroar, L50, F|\n|poke|p2|Sneasler, L50, M|\n|poke|p2|Tinkaton, L50, F|\n|poke|p2|Rotom-Heat, L50|\n|poke|p2|Dragapult, L50, F|\n|teampreview|4\n|j| Sourumeiji\n|\n|t:|1775970195\n|teamsize|p1|4\n|teamsize|p2|4\n|start\n|switch|p1a: Incineroar|Incineroar, L50, M|100/100\n|switch|p1b: Basculegion|Basculegion, L50, M|100/100\n|switch|p2a: Dragapult|Dragapult, L50, F|100/100\n|switch|p2b: Gengar|Gengar, L50, F|100/100\n|-ability|p1a: Incineroar|Intimidate|boost\n|-fail|p2a: Dragapult|unboost|[from] ability: Clear Body|[of] p2a: Dragapult\n|-unboost|p2b: Gengar|atk|1\n|turn|1\n|-activate|p1a: Incineroar|item: Quick Claw\n|\n|t:|1775970243\n|switch|p2a: Incineroar|Incineroar, L50, F|100/100\n|-ability|p2a: Incineroar|Intimidate|boost\n|-unboost|p1a: Incineroar|atk|1\n|-unboost|p1b: Basculegion|atk|1\n|detailschange|p2b: Gengar|Gengar-Mega, L50, F\n|-mega|p2b: Gengar|Gengar|Gengarite\n|move|p1b: Basculegion|Protect|p1b: Basculegion\n|-singleturn|p1b: Basculegion|Protect\n|move|p1a: Incineroar|Darkest Lariat|p2b: Gengar\n|-supereffective|p2b: Gengar|1\n|-damage|p2b: Gengar|41/100\n|move|p2b: Gengar|Shadow Ball|p1b: Basculegion\n|-activate|p1b: Basculegion|move: Protect\n|\n|upkeep\n|turn|2\n|\n|t:|1775970289\n|move|p2a: Incineroar|Fake Out|p1a: Incineroar\n|-damage|p1a: Incineroar|90/100\n|move|p2b: Gengar|Shadow Ball|p1b: Basculegion\n|-supereffective|p1b: Basculegion|1\n|-damage|p1b: Basculegion|0 fnt\n|faint|p1b: Basculegion\n|cant|p1a: Incineroar|flinch\n|\n|upkeep\n|\n|t:|1775970306\n|switch|p1b: Pelipper|Pelipper, L50, F|100/100\n|-weather|RainDance|[from] ability: Drizzle|[of] p1b: Pelipper\n|turn|3\n|\n|t:|1775970340\n|switch|p2b: Sneasler|Sneasler, L50, M|100/100\n|move|p1b: Pelipper|Tailwind|p1b: Pelipper\n|-sidestart|p1: ving_star|move: Tailwind\n|move|p1a: Incineroar|Darkest Lariat|p2b: Sneasler\n|-resisted|p2b: Sneasler|1\n|-damage|p2b: Sneasler|79/100\n|move|p2a: Incineroar|Parting Shot|p1b: Pelipper\n|-unboost|p1b: Pelipper|atk|1\n|-unboost|p1b: Pelipper|spa|1\n|\n|t:|1775970356\n|switch|p2a: Gengar|Gengar-Mega, L50, F|41/100|[from] Parting Shot\n|\n|-weather|RainDance|[upkeep]\n|upkeep\n|turn|4\n|-activate|p1a: Incineroar|item: Quick Claw\n|\n|t:|1775970424\n|switch|p2a: Incineroar|Incineroar, L50, F|100/100\n|-ability|p2a: Incineroar|Intimidate|boost\n|-unboost|p1a: Incineroar|atk|1\n|-unboost|p1b: Pelipper|atk|1\n|move|p2b: Sneasler|Protect|p2b: Sneasler\n|-singleturn|p2b: Sneasler|Protect\n|move|p1a: Incineroar|Darkest Lariat|p2a: Incineroar\n|-resisted|p2a: Incineroar|1\n|-damage|p2a: Incineroar|93/100\n|move|p1b: Pelipper|Hurricane|p2b: Sneasler\n|-activate|p2b: Sneasler|move: Protect\n|\n|-weather|RainDance|[upkeep]\n|upkeep\n|turn|5\n|\n|t:|1775970448\n|switch|p1a: Archaludon|Archaludon, L50, M|100/100\n|move|p2a: Incineroar|Fake Out|p1b: Pelipper\n|-damage|p1b: Pelipper|88/100\n|move|p2b: Sneasler|Close Combat|p1a: Archaludon\n|-supereffective|p1a: Archaludon|1\n|-damage|p1a: Archaludon|13/100\n|-unboost|p2b: Sneasler|def|1\n|-unboost|p2b: Sneasler|spd|1\n|-ability|p1a: Archaludon|Stamina|boost\n|-boost|p1a: Archaludon|def|1\n|cant|p1b: Pelipper|flinch\n|\n|-weather|RainDance|[upkeep]\n|upkeep\n|turn|6\n|\n|t:|1775970481\n|switch|p2b: Dragapult|Dragapult, L50, F|100/100\n|move|p1a: Archaludon|Protect|p1a: Archaludon\n|-singleturn|p1a: Archaludon|Protect\n|move|p1b: Pelipper|Tailwind||[still]\n|-fail|p1b: Pelipper\n|move|p2a: Incineroar|Parting Shot|p1a: Archaludon\n|-activate|p1a: Archaludon|move: Protect\n|\n|-weather|RainDance|[upkeep]\n|-sideend|p1: ving_star|move: Tailwind\n|upkeep\n|turn|7\n|\n|t:|1775970520\n|switch|p1a: Incineroar|Incineroar, L50, M|90/100\n|-ability|p1a: Incineroar|Intimidate|boost\n|-unboost|p2a: Incineroar|atk|1\n|-fail|p2b: Dragapult|unboost|[from] ability: Clear Body|[of] p2b: Dragapult\n|move|p2b: Dragapult|Shadow Ball|p1a: Incineroar\n|-resisted|p1a: Incineroar|1\n|-damage|p1a: Incineroar|75/100\n|move|p1b: Pelipper|Hurricane|p2a: Incineroar\n|-damage|p2a: Incineroar|67/100\n|move|p2a: Incineroar|Parting Shot|p1b: Pelipper\n|-unboost|p1b: Pelipper|atk|1\n|-unboost|p1b: Pelipper|spa|1\n|\n|t:|1775970535\n|switch|p2a: Gengar|Gengar-Mega, L50, F|41/100|[from] Parting Shot\n|\n|-weather|none\n|upkeep\n|turn|8\n|-activate|p1a: Incineroar|item: Quick Claw\n|\n|t:|1775970571\n|switch|p2b: Incineroar|Incineroar, L50, F|67/100\n|-ability|p2b: Incineroar|Intimidate|boost\n|-unboost|p1a: Incineroar|atk|1\n|-unboost|p1b: Pelipper|atk|1\n|move|p2a: Gengar|Protect|p2a: Gengar\n|-singleturn|p2a: Gengar|Protect\n|move|p1a: Incineroar|Darkest Lariat|p2b: Incineroar\n|-resisted|p2b: Incineroar|1\n|-damage|p2b: Incineroar|58/100\n|move|p1b: Pelipper|Icy Wind|p2a: Gengar|[spread] p2b\n|-activate|p2a: Gengar|move: Protect\n|-resisted|p2b: Incineroar|1\n|-damage|p2b: Incineroar|55/100\n|-unboost|p2b: Incineroar|spe|1\n|\n|upkeep\n|turn|9\n|\n|t:|1775970601\n|move|p2b: Incineroar|Fake Out|p1a: Incineroar\n|-damage|p1a: Incineroar|65/100\n|move|p2a: Gengar|Perish Song|p2a: Gengar\n|-start|p1a: Incineroar|perish3|[silent]\n|-start|p1b: Pelipper|perish3|[silent]\n|-start|p2a: Gengar|perish3|[silent]\n|-start|p2b: Incineroar|perish3|[silent]\n|-fieldactivate|move: Perish Song\n|move|p1b: Pelipper|Tailwind|p1b: Pelipper\n|-sidestart|p1: ving_star|move: Tailwind\n|cant|p1a: Incineroar|flinch\n|\n|-start|p2a: Gengar|perish3\n|-start|p1b: Pelipper|perish3\n|-start|p1a: Incineroar|perish3\n|-start|p2b: Incineroar|perish3\n|upkeep\n|turn|10\n|\n|t:|1775970621\n|move|p2a: Gengar|Protect|p2a: Gengar\n|-singleturn|p2a: Gengar|Protect\n|move|p2b: Incineroar|Protect|p2b: Incineroar\n|-singleturn|p2b: Incineroar|Protect\n|move|p1b: Pelipper|Hurricane|p2a: Gengar\n|-activate|p2a: Gengar|move: Protect\n|move|p1a: Incineroar|Close Combat|p2b: Incineroar\n|-activate|p2b: Incineroar|move: Protect\n|\n|-start|p2a: Gengar|perish2\n|-start|p1b: Pelipper|perish2\n|-start|p1a: Incineroar|perish2\n|-start|p2b: Incineroar|perish2\n|upkeep\n|turn|11\n|\n|t:|1775970655\n|switch|p2a: Sneasler|Sneasler, L50, M|79/100\n|move|p1b: Pelipper|Icy Wind|p2b: Incineroar|[spread] p2a,p2b\n|-resisted|p2b: Incineroar|1\n|-damage|p2a: Sneasler|71/100\n|-damage|p2b: Incineroar|53/100\n|-unboost|p2a: Sneasler|spe|1\n|-unboost|p2b: Incineroar|spe|1\n|move|p1a: Incineroar|Darkest Lariat|p2a: Sneasler\n|-resisted|p2a: Sneasler|1\n|-damage|p2a: Sneasler|52/100\n|move|p2b: Incineroar|Parting Shot|p2a: Sneasler\n|-unboost|p2a: Sneasler|atk|1\n|-unboost|p2a: Sneasler|spa|1\n|\n|t:|1775970669\n|switch|p2b: Gengar|Gengar-Mega, L50, F|41/100|[from] Parting Shot\n|\n|-start|p1b: Pelipper|perish1\n|-start|p1a: Incineroar|perish1\n|upkeep\n|turn|12\n|\n|t:|1775970705\n|move|p2b: Gengar|Protect|p2b: Gengar\n|-singleturn|p2b: Gengar|Protect\n|move|p2a: Sneasler|Protect|p2a: Sneasler\n|-singleturn|p2a: Sneasler|Protect\n|move|p1b: Pelipper|Icy Wind|p2a: Sneasler|[spread] \n|-activate|p2a: Sneasler|move: Protect\n|-activate|p2b: Gengar|move: Protect\n|move|p1a: Incineroar|Darkest Lariat|p2b: Gengar\n|-activate|p2b: Gengar|move: Protect\n|\n|-start|p1b: Pelipper|perish0\n|-start|p1a: Incineroar|perish0\n|-sideend|p1: ving_star|move: Tailwind\n|faint|p1b: Pelipper\n|faint|p1a: Incineroar\n|upkeep\n|\n|t:|1775970725\n|switch|p1a: Archaludon|Archaludon, L50, M|13/100\n|turn|13\n|\n|t:|1775970732\n|move|p1a: Archaludon|Protect|p1a: Archaludon\n|-singleturn|p1a: Archaludon|Protect\n|move|p2b: Gengar|Shadow Ball|p1a: Archaludon\n|-activate|p1a: Archaludon|move: Protect\n|move|p2a: Sneasler|Close Combat|p1a: Archaludon\n|-activate|p1a: Archaludon|move: Protect\n|\n|upkeep\n|turn|14\n|\n|t:|1775970744\n|move|p1a: Archaludon|Protect||[still]\n|-fail|p1a: Archaludon\n|move|p2b: Gengar|Shadow Ball|p1a: Archaludon\n|-damage|p1a: Archaludon|0 fnt\n|faint|p1a: Archaludon\n|\n|win|ffaow\n|raw|ving_star's rating: 1106 &rarr; <strong>1074</strong><br />(-32 for losing)\n|raw|ffaow's rating: 1010 &rarr; <strong>1059</strong><br />(+49 for winning)\n|l|\u2606ving_star\n|player|p1|\n",
  "uploadtime": 1775970778,
  "views": 32,
  "formatid": "gen9championsvgc2026regma",
  "rating": 1059,
  "private": 0,
  "password": null
}