{
  "id": "gen9championsvgc2026regma-2583785902",
  "format": "[Gen 9 Champions] VGC 2026 Reg M-A",
  "players": [
    "lisarb660",
    "mofriu4334"
  ],
  "log": "|j|\u2606lisarb660\n|j|\u2606mofriu4334\n|t:|1776197581\n|gametype|doubles\n|player|p1|lisarb660|169|\n|player|p2|mofriu4334|bianca|\n|gen|9\n|tier|[Gen 9 Champions] VGC 2026 Reg M-A\n|rule|Species Clause: Limit one of each Pok\u00e9mon\n|rule|Item Clause: Limit 1 of each item\n|clearpoke\n|poke|p1|Basculegion, L50, M|\n|poke|p1|Pelipper, L50, M|\n|poke|p1|Dragonite, L50, M|\n|poke|p1|Archaludon, L50, F|\n|poke|p1|Sneasler, L50, M|\n|poke|p1|Rotom-Heat, L50|\n|poke|p2|Scizor, L50, M|\n|poke|p2|Rotom-Wash, L50|\n|poke|p2|Sylveon, L50, F|\n|poke|p2|Incineroar, L50, F|\n|poke|p2|Garchomp, L50, F|\n|poke|p2|Dragonite, L50, F|\n|teampreview|4\n|\n|t:|1776197615\n|teamsize|p1|4\n|teamsize|p2|4\n|start\n|switch|p1a: pelicano|Pelipper, L50, M|100/100\n|switch|p1b: lagartixa pan\u00e7uda|Dragonite, L50, M, shiny|100/100\n|switch|p2a: Garchomp|Garchomp, L50, F|100/100\n|switch|p2b: Sylveon|Sylveon, L50, F, shiny|100/100\n|-weather|RainDance|[from] ability: Drizzle|[of] p1a: pelicano\n|turn|1\n|\n|t:|1776197636\n|detailschange|p1b: lagartixa pan\u00e7uda|Dragonite-Mega, L50, M, shiny\n|-mega|p1b: lagartixa pan\u00e7uda|Dragonite|Dragoninite\n|move|p2b: Sylveon|Helping Hand|p2a: Garchomp\n|-singleturn|p2a: Garchomp|Helping Hand|[of] p2b: Sylveon\n|move|p2a: Garchomp|Rock Slide|p1b: lagartixa pan\u00e7uda|[spread] p1a,p1b\n|-supereffective|p1a: pelicano|1\n|-supereffective|p1b: lagartixa pan\u00e7uda|1\n|-damage|p1a: pelicano|19/100\n|-damage|p1b: lagartixa pan\u00e7uda|71/100\n|move|p1b: lagartixa pan\u00e7uda|Dragon Pulse|p2a: Garchomp\n|-supereffective|p2a: Garchomp|1\n|-damage|p2a: Garchomp|0 fnt\n|faint|p2a: Garchomp\n|move|p1a: pelicano|Tailwind|p1a: pelicano\n|-sidestart|p1: lisarb660|move: Tailwind\n|\n|-weather|RainDance|[upkeep]\n|upkeep\n|\n|t:|1776197655\n|switch|p2a: Rotom|Rotom-Wash, L50|100/100\n|turn|2\n|\n|t:|1776197693\n|move|p1b: lagartixa pan\u00e7uda|Thunder|p2b: Sylveon\n|-damage|p2b: Sylveon|79/100\n|-status|p2b: Sylveon|par\n|move|p1a: pelicano|Hurricane|p2b: Sylveon\n|-damage|p2b: Sylveon|52/100 par\n|move|p2a: Rotom|Thunderbolt|p1a: pelicano\n|-supereffective|p1a: pelicano|2\n|-damage|p1a: pelicano|0 fnt\n|faint|p1a: pelicano\n|move|p2b: Sylveon|Hyper Voice|p1b: lagartixa pan\u00e7uda\n|-supereffective|p1b: lagartixa pan\u00e7uda|1\n|-damage|p1b: lagartixa pan\u00e7uda|0 fnt\n|faint|p1b: lagartixa pan\u00e7uda\n|\n|-weather|RainDance|[upkeep]\n|-heal|p2b: Sylveon|58/100 par|[from] item: Leftovers\n|upkeep\n|\n|t:|1776197710\n|switch|p1b: 09/11|Archaludon, L50, F|100/100\n|switch|p1a: sasukemon|Sneasler, L50, M|100/100\n|turn|3\n|\n|t:|1776197740\n|move|p2b: Sylveon|Protect|p2b: Sylveon\n|-singleturn|p2b: Sylveon|Protect\n|move|p1a: sasukemon|Fake Out|p2b: Sylveon\n|-activate|p2b: Sylveon|move: Protect\n|move|p1b: 09/11|Flash Cannon|p2b: Sylveon\n|-activate|p2b: Sylveon|move: Protect\n|move|p2a: Rotom|Will-O-Wisp|p1a: sasukemon\n|-status|p1a: sasukemon|brn\n|\n|-weather|RainDance|[upkeep]\n|-heal|p2b: Sylveon|64/100 par|[from] item: Leftovers\n|-damage|p1a: sasukemon|95/100 brn|[from] brn\n|upkeep\n|turn|4\n|\n|t:|1776197764\n|switch|p2b: Dragonite|Dragonite, L50, F, shiny|100/100\n|move|p1a: sasukemon|Dire Claw|p2b: Dragonite\n|-damage|p2b: Dragonite|87/100\n|-status|p2b: Dragonite|par\n|move|p1b: 09/11|Flash Cannon|p2b: Dragonite\n|-damage|p2b: Dragonite|45/100 par\n|move|p2a: Rotom|Thunderbolt|p1b: 09/11\n|-resisted|p1b: 09/11|1\n|-damage|p1b: 09/11|84/100\n|-ability|p1b: 09/11|Stamina|boost\n|-boost|p1b: 09/11|def|1\n|\n|-weather|RainDance|[upkeep]\n|-heal|p1b: 09/11|90/100|[from] item: Leftovers\n|-damage|p1a: sasukemon|89/100 brn|[from] brn\n|-sideend|p1: lisarb660|move: Tailwind\n|upkeep\n|turn|5\n|\n|t:|1776197789\n|detailschange|p2b: Dragonite|Dragonite-Mega, L50, F, shiny\n|-mega|p2b: Dragonite|Dragonite|Dragoninite\n|move|p1a: sasukemon|Close Combat|p2a: Rotom\n|-damage|p2a: Rotom|71/100\n|-unboost|p1a: sasukemon|def|1\n|-unboost|p1a: sasukemon|spd|1\n|-enditem|p1a: sasukemon|White Herb\n|-clearnegativeboost|p1a: sasukemon|[silent]\n|move|p2a: Rotom|Thunderbolt|p1a: sasukemon\n|-damage|p1a: sasukemon|44/100 brn\n|move|p1b: 09/11|Dragon Pulse|p2b: Dragonite\n|-supereffective|p2b: Dragonite|1\n|-damage|p2b: Dragonite|0 fnt\n|faint|p2b: Dragonite\n|\n|-weather|none\n|-heal|p1b: 09/11|96/100|[from] item: Leftovers\n|-damage|p1a: sasukemon|39/100 brn|[from] brn\n|upkeep\n|\n|t:|1776197802\n|switch|p2b: Sylveon|Sylveon, L50, F, shiny|64/100 par\n|turn|6\n|\n|t:|1776197816\n|move|p2b: Sylveon|Helping Hand|p2a: Rotom\n|-singleturn|p2a: Rotom|Helping Hand|[of] p2b: Sylveon\n|move|p1a: sasukemon|Protect|p1a: sasukemon\n|-singleturn|p1a: sasukemon|Protect\n|move|p1b: 09/11|Protect|p1b: 09/11\n|-singleturn|p1b: 09/11|Protect\n|move|p2a: Rotom|Thunderbolt|p1a: sasukemon\n|-activate|p1a: sasukemon|move: Protect\n|\n|-heal|p1b: 09/11|100/100|[from] item: Leftovers\n|-heal|p2b: Sylveon|70/100 par|[from] item: Leftovers\n|-damage|p1a: sasukemon|33/100 brn|[from] brn\n|upkeep\n|turn|7\n|\n|t:|1776197837\n|move|p2b: Sylveon|Protect|p2b: Sylveon\n|-singleturn|p2b: Sylveon|Protect\n|move|p1a: sasukemon|Dire Claw|p2a: Rotom\n|-damage|p2a: Rotom|52/100\n|move|p2a: Rotom|Thunderbolt|p1a: sasukemon\n|-damage|p1a: sasukemon|0 fnt\n|faint|p1a: sasukemon\n|move|p1b: 09/11|Dragon Pulse|p2a: Rotom\n|-damage|p2a: Rotom|4/100\n|-enditem|p2a: Rotom|Sitrus Berry|[eat]\n|-heal|p2a: Rotom|29/100|[from] item: Sitrus Berry\n|\n|-heal|p2b: Sylveon|76/100 par|[from] item: Leftovers\n|upkeep\n|turn|8\n|\n|t:|1776197855\n|move|p2b: Sylveon|Protect||[still]\n|-fail|p2b: Sylveon\n|move|p2a: Rotom|Will-O-Wisp|p1b: 09/11\n|-status|p1b: 09/11|brn\n|move|p1b: 09/11|Flash Cannon|p2b: Sylveon\n|-supereffective|p2b: Sylveon|1\n|-damage|p2b: Sylveon|36/100 par\n|\n|-heal|p2b: Sylveon|42/100 par|[from] item: Leftovers\n|-damage|p1b: 09/11|94/100 brn|[from] brn\n|upkeep\n|turn|9\n|\n|t:|1776197881\n|move|p2b: Sylveon|Helping Hand|p2a: Rotom\n|-singleturn|p2a: Rotom|Helping Hand|[of] p2b: Sylveon\n|move|p2a: Rotom|Thunderbolt|p1b: 09/11\n|-resisted|p1b: 09/11|1\n|-damage|p1b: 09/11|69/100 brn\n|-ability|p1b: 09/11|Stamina|boost\n|-boost|p1b: 09/11|def|1\n|move|p1b: 09/11|Dragon Pulse|p2a: Rotom\n|-damage|p2a: Rotom|0 fnt\n|faint|p2a: Rotom\n|\n|-heal|p1b: 09/11|75/100 brn|[from] item: Leftovers\n|-heal|p2b: Sylveon|48/100 par|[from] item: Leftovers\n|-damage|p1b: 09/11|69/100 brn|[from] brn\n|upkeep\n|turn|10\n|\n|t:|1776197895\n|move|p1b: 09/11|Protect|p1b: 09/11\n|-singleturn|p1b: 09/11|Protect\n|move|p2b: Sylveon|Hyper Voice|p1b: 09/11\n|-activate|p1b: 09/11|move: Protect\n|\n|-heal|p1b: 09/11|75/100 brn|[from] item: Leftovers\n|-heal|p2b: Sylveon|54/100 par|[from] item: Leftovers\n|-damage|p1b: 09/11|69/100 brn|[from] brn\n|upkeep\n|turn|11\n|\n|t:|1776197903\n|move|p1b: 09/11|Electro Shot||[still]\n|-prepare|p1b: 09/11|Electro Shot\n|-boost|p1b: 09/11|spa|1\n|move|p2b: Sylveon|Hyper Voice|p1b: 09/11\n|-damage|p1b: 09/11|28/100 brn\n|-ability|p1b: 09/11|Stamina|boost\n|-boost|p1b: 09/11|def|1\n|\n|-heal|p1b: 09/11|34/100 brn|[from] item: Leftovers\n|-heal|p2b: Sylveon|60/100 par|[from] item: Leftovers\n|-damage|p1b: 09/11|28/100 brn|[from] brn\n|upkeep\n|turn|12\n|\n|t:|1776197913\n|move|p1b: 09/11|Electro Shot|p2b: Sylveon|[from] lockedmove\n|-damage|p2b: Sylveon|23/100 par\n|move|p2b: Sylveon|Hyper Voice|p1b: 09/11\n|-damage|p1b: 09/11|0 fnt\n|faint|p1b: 09/11\n|\n|win|mofriu4334\n",
  "uploadtime": 1776197941,
  "views": 16,
  "formatid": "gen9championsvgc2026regma",
  "rating": null,
  "private": 0,
  "password": null
}