{
  "id": "gen9championsvgc2026regma-2582205849",
  "format": "[Gen 9 Champions] VGC 2026 Reg M-A",
  "players": [
    "rajyesh1",
    "sdfhgbsidfjnv"
  ],
  "log": "|j|\u2606rajyesh1\n|j|\u2606sdfhgbsidfjnv\n|t:|1776071156\n|gametype|doubles\n|player|p1|rajyesh1|lucas|1172\n|player|p2|sdfhgbsidfjnv|170|1128\n|gen|9\n|tier|[Gen 9 Champions] VGC 2026 Reg M-A\n|rated|\n|rule|Species Clause: Limit one of each Pok\u00e9mon\n|rule|Item Clause: Limit 1 of each item\n|clearpoke\n|poke|p1|Charizard, L50, F|\n|poke|p1|Venusaur, L50, F|\n|poke|p1|Garchomp, L50, F|\n|poke|p1|Rotom-Wash, L50|\n|poke|p1|Sneasler, L50, M|\n|poke|p1|Incineroar, L50, F|\n|poke|p2|Aerodactyl, L50, F|\n|poke|p2|Incineroar, L50, F|\n|poke|p2|Floette-Eternal, L50, F|\n|poke|p2|Basculegion, L50, M|\n|poke|p2|Garchomp, L50, F|\n|poke|p2|Sneasler, L50, M|\n|teampreview|4\n|inactive|Battle timer is ON: inactive players will automatically lose when time's up. (requested by rajyesh1)\n|inactive|rajyesh1 has 60 seconds left.\n|inactive|sdfhgbsidfjnv has 60 seconds left.\n|inactive|rajyesh1 has 30 seconds left.\n|inactive|rajyesh1 has 20 seconds left.\n|inactive|rajyesh1 has 15 seconds left.\n|inactive|rajyesh1 has 10 seconds left.\n|inactive|rajyesh1 has 5 seconds left.\n|\n|t:|1776071242\n|teamsize|p1|4\n|teamsize|p2|4\n|start\n|switch|p1a: Charizard|Charizard, L50, F|100/100\n|switch|p1b: Venusaur|Venusaur, L50, F|100/100\n|switch|p2a: Aerodactyl|Aerodactyl, L50, F|100/100\n|switch|p2b: Sneasler|Sneasler, L50, M|100/100\n|-ability|p2a: Aerodactyl|Unnerve\n|turn|1\n|\n|t:|1776071260\n|move|p1a: Charizard|Protect|p1a: Charizard\n|-singleturn|p1a: Charizard|Protect\n|move|p1b: Venusaur|Protect|p1b: Venusaur\n|-singleturn|p1b: Venusaur|Protect\n|move|p2a: Aerodactyl|Tailwind|p2a: Aerodactyl\n|-sidestart|p2: sdfhgbsidfjnv|move: Tailwind\n|move|p2b: Sneasler|Rock Tomb|p1a: Charizard\n|-activate|p1a: Charizard|move: Protect\n|\n|upkeep\n|turn|2\n|inactive|rajyesh1 has 30 seconds left.\n|inactive|rajyesh1 has 20 seconds left.\n|inactive|rajyesh1 has 15 seconds left.\n|\n|t:|1776071303\n|switch|p1a: Rotom|Rotom-Wash, L50|100/100\n|move|p2b: Sneasler|Protect|p2b: Sneasler\n|-singleturn|p2b: Sneasler|Protect\n|move|p2a: Aerodactyl|Rock Slide|p1a: Rotom|[spread] p1a,p1b\n|-damage|p1a: Rotom|79/100\n|-damage|p1b: Venusaur|68/100\n|move|p1b: Venusaur|Sleep Powder|p2b: Sneasler\n|-activate|p2b: Sneasler|move: Protect\n|\n|-heal|p1a: Rotom|85/100|[from] item: Leftovers\n|upkeep\n|turn|3\n|\n|t:|1776071322\n|move|p1b: Venusaur|Protect|p1b: Venusaur\n|-singleturn|p1b: Venusaur|Protect\n|move|p2a: Aerodactyl|Dual Wingbeat|p1b: Venusaur\n|-activate|p1b: Venusaur|move: Protect\n|move|p2b: Sneasler|Close Combat|p1a: Rotom\n|-damage|p1a: Rotom|25/100\n|-unboost|p2b: Sneasler|def|1\n|-unboost|p2b: Sneasler|spd|1\n|-enditem|p2b: Sneasler|White Herb\n|-clearnegativeboost|p2b: Sneasler|[silent]\n|move|p1a: Rotom|Will-O-Wisp|p2b: Sneasler\n|-status|p2b: Sneasler|brn\n|\n|-heal|p1a: Rotom|30/100|[from] item: Leftovers\n|-damage|p2b: Sneasler|95/100 brn|[from] brn\n|upkeep\n|turn|4\n|\n|t:|1776071345\n|switch|p1b: Charizard|Charizard, L50, F|100/100\n|move|p2b: Sneasler|Dire Claw|p1a: Rotom\n|-damage|p1a: Rotom|11/100\n|move|p2a: Aerodactyl|Rock Slide|p1b: Charizard|[spread] p1a,p1b\n|-supereffective|p1b: Charizard|2\n|-damage|p1a: Rotom|0 fnt\n|-damage|p1b: Charizard|0 fnt\n|faint|p1a: Rotom\n|faint|p1b: Charizard\n|\n|-damage|p2b: Sneasler|89/100 brn|[from] brn\n|-sideend|p2: sdfhgbsidfjnv|move: Tailwind\n|upkeep\n|\n|t:|1776071354\n|switch|p1b: Venusaur|Venusaur, L50, F|68/100\n|switch|p1a: Sneasler|Sneasler, L50, M|100/100\n|turn|5\n|inactive|rajyesh1 has 30 seconds left.\n|\n|t:|1776071384\n|move|p1b: Venusaur|Protect|p1b: Venusaur\n|-singleturn|p1b: Venusaur|Protect\n|move|p2b: Sneasler|Dire Claw|p1b: Venusaur\n|-activate|p1b: Venusaur|move: Protect\n|move|p2a: Aerodactyl|Tailwind|p2a: Aerodactyl\n|-sidestart|p2: sdfhgbsidfjnv|move: Tailwind\n|move|p1a: Sneasler|Rock Tomb|p2a: Aerodactyl\n|-supereffective|p2a: Aerodactyl|1\n|-damage|p2a: Aerodactyl|37/100\n|-unboost|p2a: Aerodactyl|spe|1\n|\n|-damage|p2b: Sneasler|83/100 brn|[from] brn\n|upkeep\n|turn|6\n|-message|rajyesh1 forfeited.\n|\n|win|sdfhgbsidfjnv\n|raw|rajyesh1's rating: 1172 &rarr; <strong>1144</strong><br />(-28 for losing)\n|raw|sdfhgbsidfjnv's rating: 1128 &rarr; <strong>1156</strong><br />(+28 for winning)\n",
  "uploadtime": 1776071398,
  "views": 10,
  "formatid": "gen9championsvgc2026regma",
  "rating": 1144,
  "private": 0,
  "password": null
}