{
  "id": "gen9championsvgc2026regma-2580865882",
  "format": "[Gen 9 Champions] VGC 2026 Reg M-A",
  "players": [
    "yuriimon",
    "mr brewster"
  ],
  "log": "|j|\u2606yuriimon\n|j|\u2606mr brewster\n|t:|1775938892\n|gametype|doubles\n|player|p1|yuriimon|waitress-gen4|1142\n|player|p2|mr brewster|102|1045\n|gen|9\n|tier|[Gen 9 Champions] VGC 2026 Reg M-A\n|rated|\n|rule|Species Clause: Limit one of each Pok\u00e9mon\n|rule|Item Clause: Limit 1 of each item\n|clearpoke\n|poke|p1|Floette-Eternal, L50, F|\n|poke|p1|Maushold-Four, L50|\n|poke|p1|Glimmora, L50, F|\n|poke|p1|Talonflame, L50, F|\n|poke|p1|Garchomp, L50, F|\n|poke|p1|Farigiraf, L50, M|\n|poke|p2|Incineroar, L50, F|\n|poke|p2|Victreebel, L50, M|\n|poke|p2|Pelipper, L50, M|\n|poke|p2|Archaludon, L50, F|\n|poke|p2|Sneasler, L50, F|\n|poke|p2|Basculegion, L50, M|\n|teampreview|4\n|inactive|Battle timer is ON: inactive players will automatically lose when time's up. (requested by yuriimon)\n|inactive|mr brewster has 60 seconds left.\n|\n|t:|1775938951\n|teamsize|p1|4\n|teamsize|p2|4\n|start\n|switch|p1a: Floette|Floette-Eternal, L50, F|100/100\n|switch|p1b: Talonflame|Talonflame, L50, F|100/100\n|switch|p2a: Incineroar|Incineroar, L50, F|100/100\n|switch|p2b: Victreebel|Victreebel, L50, M|100/100\n|-ability|p2a: Incineroar|Intimidate|boost\n|-unboost|p1a: Floette|atk|1\n|-unboost|p1b: Talonflame|atk|1\n|turn|1\n|\n|t:|1775938973\n|switch|p1a: Farigiraf|Farigiraf, L50, M|100/100\n|detailschange|p2b: Victreebel|Victreebel-Mega, L50, M\n|-mega|p2b: Victreebel|Victreebel|Victreebelite\n|move|p2a: Incineroar|Fake Out||[still]\n|cant|p1a: Farigiraf|ability: Armor Tail|Fake Out|[of] p2a: Incineroar\n|move|p1b: Talonflame|Brave Bird|p2b: Victreebel\n|-supereffective|p2b: Victreebel|1\n|-damage|p2b: Victreebel|16/100\n|-damage|p1b: Talonflame|67/100|[from] Recoil\n|move|p2b: Victreebel|Sludge Bomb|p1a: Farigiraf\n|-damage|p1a: Farigiraf|69/100\n|\n|upkeep\n|turn|2\n|\n|t:|1775938993\n|switch|p2b: Archaludon|Archaludon, L50, F|100/100\n|move|p1b: Talonflame|Tailwind|p1b: Talonflame\n|-sidestart|p1: yuriimon|move: Tailwind\n|move|p1a: Farigiraf|Psychic|p2b: Archaludon\n|-resisted|p2b: Archaludon|1\n|-damage|p2b: Archaludon|77/100\n|-ability|p2b: Archaludon|Stamina|boost\n|-boost|p2b: Archaludon|def|1\n|move|p2a: Incineroar|Throat Chop|p1a: Farigiraf\n|-supereffective|p1a: Farigiraf|1\n|-damage|p1a: Farigiraf|2/100\n|-start|p1a: Farigiraf|Throat Chop|[silent]\n|\n|upkeep\n|turn|3\n|inactive|yuriimon has 30 seconds left.\n|inactive|mr brewster has 30 seconds left.\n|\n|t:|1775939025\n|switch|p1b: Glimmora|Glimmora, L50, F|100/100\n|switch|p2b: Pelipper|Pelipper, L50, M|100/100\n|-weather|RainDance|[from] ability: Drizzle|[of] p2b: Pelipper\n|move|p1a: Farigiraf|Psychic|p2b: Pelipper\n|-damage|p2b: Pelipper|50/100\n|move|p2a: Incineroar|Throat Chop|p1a: Farigiraf\n|-supereffective|p1a: Farigiraf|1\n|-damage|p1a: Farigiraf|0 fnt\n|faint|p1a: Farigiraf\n|\n|-weather|RainDance|[upkeep]\n|upkeep\n|\n|t:|1775939038\n|switch|p1a: Floette|Floette-Eternal, L50, F|100/100\n|turn|4\n|inactive|yuriimon has 30 seconds left.\n|\n|t:|1775939065\n|detailschange|p1a: Floette|Floette-Mega, L50, F\n|-mega|p1a: Floette|Floette|Floettite\n|-ability|p1a: Floette|Fairy Aura\n|move|p1b: Glimmora|Power Gem|p2a: Incineroar\n|-supereffective|p2a: Incineroar|1\n|-damage|p2a: Incineroar|31/100\n|move|p1a: Floette|Moonblast|p2b: Pelipper\n|-damage|p2b: Pelipper|0 fnt\n|faint|p2b: Pelipper\n|move|p2a: Incineroar|Parting Shot|p1a: Floette\n|-unboost|p1a: Floette|atk|1\n|-unboost|p1a: Floette|spa|1\n|\n|t:|1775939076\n|switch|p2a: Archaludon|Archaludon, L50, F|77/100|[from] Parting Shot\n|\n|-weather|RainDance|[upkeep]\n|upkeep\n|\n|t:|1775939079\n|switch|p2b: Incineroar|Incineroar, L50, F|31/100\n|-ability|p2b: Incineroar|Intimidate|boost\n|-unboost|p1a: Floette|atk|1\n|-unboost|p1b: Glimmora|atk|1\n|turn|5\n|\n|t:|1775939087\n|move|p1b: Glimmora|Spiky Shield|p1b: Glimmora\n|-singleturn|p1b: Glimmora|move: Protect\n|move|p1a: Floette|Protect|p1a: Floette\n|-singleturn|p1a: Floette|Protect\n|move|p2b: Incineroar|Fake Out|p1a: Floette\n|-activate|p1a: Floette|move: Protect\n|move|p2a: Archaludon|Flash Cannon|p1a: Floette\n|-activate|p1a: Floette|move: Protect\n|\n|-weather|RainDance|[upkeep]\n|-sideend|p1: yuriimon|move: Tailwind\n|upkeep\n|turn|6\n|\n|t:|1775939101\n|switch|p1a: Talonflame|Talonflame, L50, F|67/100\n|move|p1b: Glimmora|Earth Power|p2a: Archaludon\n|-supereffective|p2a: Archaludon|1\n|-enditem|p2a: Archaludon|Shuca Berry|[eat]\n|-enditem|p2a: Archaludon|Shuca Berry|[weaken]\n|-damage|p2a: Archaludon|29/100\n|-ability|p2a: Archaludon|Stamina|boost\n|-boost|p2a: Archaludon|def|1\n|move|p2a: Archaludon|Flash Cannon|p1a: Talonflame\n|-resisted|p1a: Talonflame|1\n|-damage|p1a: Talonflame|32/100\n|move|p2b: Incineroar|Parting Shot|p1a: Talonflame\n|-unboost|p1a: Talonflame|atk|1\n|-unboost|p1a: Talonflame|spa|1\n|-message|mr brewster forfeited.\n|\n|win|yuriimon\n|raw|yuriimon's rating: 1142 &rarr; <strong>1160</strong><br />(+18 for winning)\n|raw|mr brewster's rating: 1045 &rarr; <strong>1033</strong><br />(-12 for losing)\n|l|\u2606mr brewster\n|player|p2|\n",
  "uploadtime": 1775939117,
  "views": 13,
  "formatid": "gen9championsvgc2026regma",
  "rating": 1033,
  "private": 0,
  "password": null
}