{
  "id": "gen9championsvgc2026regma-2588544770",
  "format": "[Gen 9 Champions] VGC 2026 Reg M-A",
  "players": [
    "mertering",
    "ROMIPLAYER"
  ],
  "log": "|j|\u2606mertering\n|j|\u2606ROMIPLAYER\n|t:|1776643496\n|gametype|doubles\n|player|p1|mertering|flint|1145\n|player|p2|ROMIPLAYER|n|1066\n|gen|9\n|tier|[Gen 9 Champions] VGC 2026 Reg M-A\n|rated|\n|rule|Species Clause: Limit one of each Pok\u00e9mon\n|rule|Item Clause: Limit 1 of each item\n|clearpoke\n|poke|p1|Volcarona, L50, F|\n|poke|p1|Incineroar, L50, M|\n|poke|p1|Kangaskhan, L50, F|\n|poke|p1|Basculegion, L50, M|\n|poke|p1|Whimsicott, L50, F|\n|poke|p1|Aegislash, L50, F|\n|poke|p2|Beedrill, L50, M|\n|poke|p2|Blastoise, L50, M|\n|poke|p2|Sinistcha-Masterpiece, L50|\n|poke|p2|Delphox, L50, F|\n|poke|p2|Sableye, L50, F|\n|poke|p2|Krookodile, L50, F|\n|teampreview|4\n|\n|t:|1776643533\n|teamsize|p1|4\n|teamsize|p2|4\n|start\n|switch|p1a: Kangaskhan|Kangaskhan, L50, F|100/100\n|switch|p1b: Volcarona|Volcarona, L50, F|100/100\n|switch|p2a: Beedrill|Beedrill, L50, M|100/100\n|switch|p2b: Sableye|Sableye, L50, F|100/100\n|turn|1\n|\n|t:|1776643558\n|detailschange|p2a: Beedrill|Beedrill-Mega, L50, M\n|-mega|p2a: Beedrill|Beedrill|Beedrillite\n|detailschange|p1a: Kangaskhan|Kangaskhan-Mega, L50, F\n|-mega|p1a: Kangaskhan|Kangaskhan|Kangaskhanite\n|move|p2a: Beedrill|Protect|p2a: Beedrill\n|-singleturn|p2a: Beedrill|Protect\n|move|p1a: Kangaskhan|Fake Out|p2a: Beedrill\n|-activate|p2a: Beedrill|move: Protect\n|move|p2b: Sableye|Encore|p1a: Kangaskhan\n|-start|p1a: Kangaskhan|Encore\n|move|p1b: Volcarona|Quiver Dance|p1b: Volcarona\n|-boost|p1b: Volcarona|spa|1\n|-boost|p1b: Volcarona|spd|1\n|-boost|p1b: Volcarona|spe|1\n|\n|upkeep\n|turn|2\n|\n|t:|1776643596\n|switch|p1a: Basculegion|Basculegion, L50, M|100/100\n|move|p2b: Sableye|Encore|p1b: Volcarona\n|-start|p1b: Volcarona|Encore\n|move|p1b: Volcarona|Quiver Dance|p1b: Volcarona\n|-boost|p1b: Volcarona|spa|1\n|-boost|p1b: Volcarona|spd|1\n|-boost|p1b: Volcarona|spe|1\n|move|p2a: Beedrill|U-turn|p1b: Volcarona\n|-resisted|p1b: Volcarona|1\n|-damage|p1b: Volcarona|68/100\n|\n|t:|1776643603\n|switch|p2a: Sinistcha|Sinistcha-Masterpiece, L50|100/100|[from] U-turn\n|\n|-heal|p1b: Volcarona|74/100|[from] item: Leftovers\n|upkeep\n|turn|3\n|\n|t:|1776643615\n|move|p2a: Sinistcha|Rage Powder|p2a: Sinistcha\n|-singleturn|p2a: Sinistcha|move: Rage Powder\n|move|p1b: Volcarona|Quiver Dance|p1b: Volcarona\n|-boost|p1b: Volcarona|spa|1\n|-boost|p1b: Volcarona|spd|1\n|-boost|p1b: Volcarona|spe|1\n|move|p1a: Basculegion|Wave Crash|p2a: Sinistcha\n|-resisted|p2a: Sinistcha|1\n|-damage|p2a: Sinistcha|71/100\n|-damage|p1a: Basculegion|92/100|[from] Recoil\n|move|p2b: Sableye|Foul Play|p1a: Basculegion\n|-supereffective|p1a: Basculegion|1\n|-damage|p1a: Basculegion|0 fnt\n|faint|p1a: Basculegion\n|\n|-heal|p1b: Volcarona|80/100|[from] item: Leftovers\n|upkeep\n|\n|t:|1776643631\n|switch|p1a: Incineroar|Incineroar, L50, M|100/100\n|-ability|p1a: Incineroar|Intimidate|boost\n|-unboost|p2a: Sinistcha|atk|1\n|-unboost|p2b: Sableye|atk|1\n|turn|4\n|\n|t:|1776643639\n|switch|p2a: Blastoise|Blastoise, L50, M|100/100\n|move|p2b: Sableye|Thunder Wave|p1b: Volcarona\n|-status|p1b: Volcarona|par\n|move|p1b: Volcarona|Quiver Dance|p1b: Volcarona\n|-boost|p1b: Volcarona|spa|1\n|-boost|p1b: Volcarona|spd|1\n|-boost|p1b: Volcarona|spe|1\n|move|p1a: Incineroar|Flare Blitz|p2a: Blastoise\n|-resisted|p2a: Blastoise|1\n|-damage|p2a: Blastoise|80/100\n|-damage|p1a: Incineroar|94/100|[from] Recoil\n|\n|-heal|p1b: Volcarona|86/100 par|[from] item: Leftovers\n|-end|p1b: Volcarona|Encore\n|upkeep\n|turn|5\n|\n|t:|1776643668\n|move|p1b: Volcarona|Protect|p1b: Volcarona\n|-singleturn|p1b: Volcarona|Protect\n|move|p2b: Sableye|Encore|p1b: Volcarona\n|-activate|p1b: Volcarona|move: Protect\n|move|p1a: Incineroar|Flare Blitz|p2b: Sableye\n|-damage|p2b: Sableye|54/100\n|-damage|p1a: Incineroar|82/100|[from] Recoil\n|move|p2a: Blastoise|Flip Turn|p1a: Incineroar\n|-supereffective|p1a: Incineroar|1\n|-damage|p1a: Incineroar|41/100\n|-enditem|p1a: Incineroar|Sitrus Berry|[eat]\n|-heal|p1a: Incineroar|65/100|[from] item: Sitrus Berry\n|\n|t:|1776643670\n|switch|p2a: Beedrill|Beedrill-Mega, L50, M|100/100|[from] Flip Turn\n|\n|-heal|p1b: Volcarona|93/100 par|[from] item: Leftovers\n|upkeep\n|turn|6\n|\n|t:|1776643696\n|move|p1b: Volcarona|Protect|p1b: Volcarona\n|-singleturn|p1b: Volcarona|Protect\n|move|p2b: Sableye|Encore|p1b: Volcarona\n|-activate|p1b: Volcarona|move: Protect\n|move|p2a: Beedrill|Poison Jab|p1a: Incineroar\n|-damage|p1a: Incineroar|2/100\n|move|p1a: Incineroar|Flare Blitz|p2b: Sableye\n|-damage|p2b: Sableye|9/100\n|-damage|p1a: Incineroar|0 fnt|[from] Recoil\n|faint|p1a: Incineroar\n|\n|-heal|p1b: Volcarona|99/100 par|[from] item: Leftovers\n|upkeep\n|\n|t:|1776643709\n|switch|p1a: Kangaskhan|Kangaskhan-Mega, L50, F|100/100\n|turn|7\n|\n|t:|1776643715\n|move|p2a: Beedrill|Protect|p2a: Beedrill\n|-singleturn|p2a: Beedrill|Protect\n|move|p2b: Sableye|Encore|p1b: Volcarona\n|-start|p1b: Volcarona|Encore\n|cant|p1b: Volcarona|par\n|move|p1a: Kangaskhan|Bite|p2b: Sableye\n|-damage|p2b: Sableye|0 fnt\n|faint|p2b: Sableye\n|-hitcount|p2: Sableye|1\n|\n|-heal|p1b: Volcarona|100/100 par|[from] item: Leftovers\n|upkeep\n|\n|t:|1776643728\n|switch|p2b: Blastoise|Blastoise, L50, M|80/100\n|turn|8\n|\n|t:|1776643734\n|move|p1b: Volcarona|Protect|p1b: Volcarona\n|-singleturn|p1b: Volcarona|Protect\n|move|p2b: Blastoise|Fake Out|p1a: Kangaskhan\n|-damage|p1a: Kangaskhan|94/100\n|move|p2a: Beedrill|Poison Jab|p1b: Volcarona\n|-activate|p1b: Volcarona|move: Protect\n|cant|p1a: Kangaskhan|flinch\n|\n|upkeep\n|turn|9\n|\n|t:|1776643753\n|move|p1b: Volcarona|Protect||[still]\n|-fail|p1b: Volcarona\n|move|p2a: Beedrill|Protect|p2a: Beedrill\n|-singleturn|p2a: Beedrill|Protect\n|move|p1a: Kangaskhan|Double-Edge|p2b: Blastoise\n|-damage|p2b: Blastoise|21/100\n|-damage|p2b: Blastoise|6/100\n|-hitcount|p2b: Blastoise|2\n|-damage|p1a: Kangaskhan|72/100|[from] Recoil\n|move|p2b: Blastoise|Hydro Pump|p1b: Volcarona\n|-supereffective|p1b: Volcarona|1\n|-damage|p1b: Volcarona|54/100 par\n|\n|-heal|p1b: Volcarona|60/100 par|[from] item: Leftovers\n|-end|p1b: Volcarona|Encore\n|upkeep\n|turn|10\n|\n|t:|1776643770\n|move|p2b: Blastoise|Helping Hand|p2a: Beedrill\n|-singleturn|p2a: Beedrill|Helping Hand|[of] p2b: Blastoise\n|cant|p1b: Volcarona|par\n|move|p2a: Beedrill|Poison Jab|p1a: Kangaskhan\n|-damage|p1a: Kangaskhan|0 fnt\n|faint|p1a: Kangaskhan\n|\n|-heal|p1b: Volcarona|66/100 par|[from] item: Leftovers\n|upkeep\n|turn|11\n|\n|t:|1776643781\n|move|p2a: Beedrill|Protect|p2a: Beedrill\n|-singleturn|p2a: Beedrill|Protect\n|move|p1b: Volcarona|Heat Wave|p2a: Beedrill|[spread] p2b\n|-activate|p2a: Beedrill|move: Protect\n|-resisted|p2b: Blastoise|1\n|-damage|p2b: Blastoise|0 fnt\n|faint|p2b: Blastoise\n|\n|-heal|p1b: Volcarona|72/100 par|[from] item: Leftovers\n|upkeep\n|\n|t:|1776643787\n|switch|p2b: Sinistcha|Sinistcha-Masterpiece, L50|71/100\n|turn|12\n|\n|t:|1776643851\n|move|p1b: Volcarona|Protect|p1b: Volcarona\n|-singleturn|p1b: Volcarona|Protect\n|move|p2a: Beedrill|Poison Jab|p1b: Volcarona\n|-activate|p1b: Volcarona|move: Protect\n|move|p2b: Sinistcha|Shadow Ball|p1b: Volcarona\n|-activate|p1b: Volcarona|move: Protect\n|\n|-heal|p1b: Volcarona|79/100 par|[from] item: Leftovers\n|upkeep\n|turn|13\n|\n|t:|1776643860\n|move|p2a: Beedrill|Protect|p2a: Beedrill\n|-singleturn|p2a: Beedrill|Protect\n|move|p2b: Sinistcha|Protect|p2b: Sinistcha\n|-singleturn|p2b: Sinistcha|Protect\n|move|p1b: Volcarona|Heat Wave|p2b: Sinistcha|[spread] \n|-activate|p2a: Beedrill|move: Protect\n|-activate|p2b: Sinistcha|move: Protect\n|\n|-heal|p1b: Volcarona|85/100 par|[from] item: Leftovers\n|upkeep\n|turn|14\n|\n|t:|1776643871\n|move|p1b: Volcarona|Heat Wave|p2b: Sinistcha|[spread] p2a,p2b\n|-supereffective|p2a: Beedrill|1\n|-supereffective|p2b: Sinistcha|1\n|-damage|p2a: Beedrill|0 fnt\n|-damage|p2b: Sinistcha|0 fnt\n|faint|p2a: Beedrill\n|faint|p2b: Sinistcha\n|\n|win|mertering\n|raw|mertering's rating: 1145 &rarr; <strong>1164</strong><br />(+19 for winning)\n|raw|ROMIPLAYER's rating: 1066 &rarr; <strong>1051</strong><br />(-15 for losing)\n|c|\u2606mertering|gg\n",
  "uploadtime": 1776643878,
  "views": 7,
  "formatid": "gen9championsvgc2026regma",
  "rating": 1051,
  "private": 0,
  "password": null
}