{
  "id": "gen9championsvgc2026regma-2588442689",
  "format": "[Gen 9 Champions] VGC 2026 Reg M-A",
  "players": [
    "SparkelzVGC",
    "Burroughs"
  ],
  "log": "|j|\u2606SparkelzVGC\n|j|\u2606Burroughs\n|t:|1776633935\n|gametype|doubles\n|player|p1|SparkelzVGC|riley|1568\n|player|p2|Burroughs|170|1516\n|gen|9\n|tier|[Gen 9 Champions] VGC 2026 Reg M-A\n|rated|\n|rule|Species Clause: Limit one of each Pok\u00e9mon\n|rule|Item Clause: Limit 1 of each item\n|clearpoke\n|poke|p1|Aggron, L50, M, shiny|\n|poke|p1|Sinistcha, L50|\n|poke|p1|Farigiraf, L50, F|\n|poke|p1|Milotic, L50, F|\n|poke|p1|Tyranitar, L50, M|\n|poke|p1|Sneasler, L50, F|\n|poke|p2|Floette-Eternal, L50, F, shiny|\n|poke|p2|Incineroar, L50, M|\n|poke|p2|Kommo-o, L50, M|\n|poke|p2|Sneasler, L50, M|\n|poke|p2|Rotom-Wash, L50|\n|poke|p2|Aegislash, L50, M|\n|teampreview|4\n|inactive|Battle timer is ON: inactive players will automatically lose when time's up. (requested by SparkelzVGC)\n|\n|t:|1776633964\n|teamsize|p1|4\n|teamsize|p2|4\n|start\n|switch|p1a: Tyranitar|Tyranitar, L50, M|100/100\n|switch|p1b: Farigiraf|Farigiraf, L50, F|100/100\n|switch|p2a: Aegislash|Aegislash, L50, M|100/100\n|switch|p2b: Floette|Floette-Eternal, L50, F, shiny|100/100\n|-weather|Sandstorm|[from] ability: Sand Stream|[of] p1a: Tyranitar\n|turn|1\n|j| iRenzo\n|\n|t:|1776633982\n|detailschange|p2b: Floette|Floette-Mega, L50, F, shiny\n|-mega|p2b: Floette|Floette|Floettite\n|-ability|p2b: Floette|Fairy Aura\n|move|p2b: Floette|Dazzling Gleam|p1a: Tyranitar|[spread] p1a,p1b\n|-supereffective|p1a: Tyranitar|1\n|-damage|p1a: Tyranitar|48/100\n|-damage|p1b: Farigiraf|56/100\n|move|p1a: Tyranitar|Knock Off|p2a: Aegislash\n|-supereffective|p2a: Aegislash|1\n|-damage|p2a: Aegislash|10/100\n|-enditem|p2a: Aegislash|Spell Tag|[from] move: Knock Off|[of] p1a: Tyranitar\n|-formechange|p2a: Aegislash|Aegislash-Blade|\n|move|p2a: Aegislash|Iron Head|p1b: Farigiraf\n|-damage|p1b: Farigiraf|4/100\n|cant|p1b: Farigiraf|flinch\n|\n|-weather|Sandstorm|[upkeep]\n|-damage|p2b: Floette|94/100|[from] Sandstorm\n|-damage|p1b: Farigiraf|0 fnt|[from] Sandstorm\n|faint|p1b: Farigiraf\n|upkeep\n|c|\u2606SparkelzVGC|Ughhhhhhh\n|inactive|SparkelzVGC has 30 seconds left.\n|\n|t:|1776634008\n|switch|p1b: Aggron|Aggron, L50, M, shiny|100/100\n|turn|2\n|\n|t:|1776634023\n|switch|p2a: Incineroar|Incineroar, L50, M|100/100\n|-ability|p2a: Incineroar|Intimidate|boost\n|-unboost|p1a: Tyranitar|atk|1\n|-unboost|p1b: Aggron|atk|1\n|detailschange|p1b: Aggron|Aggron-Mega, L50, M, shiny\n|-mega|p1b: Aggron|Aggron|Aggronite\n|move|p2b: Floette|Protect|p2b: Floette\n|-singleturn|p2b: Floette|Protect\n|move|p1a: Tyranitar|Protect|p1a: Tyranitar\n|-singleturn|p1a: Tyranitar|Protect\n|move|p1b: Aggron|Heavy Slam|p2b: Floette\n|-activate|p2b: Floette|move: Protect\n|\n|-weather|Sandstorm|[upkeep]\n|-damage|p2b: Floette|88/100|[from] Sandstorm\n|-damage|p2a: Incineroar|95/100|[from] Sandstorm\n|upkeep\n|turn|3\n|\n|t:|1776634047\n|switch|p1a: Milotic|Milotic, L50, F|100/100\n|move|p1b: Aggron|Protect|p1b: Aggron\n|-singleturn|p1b: Aggron|Protect\n|move|p2a: Incineroar|Fake Out|p1b: Aggron\n|-activate|p1b: Aggron|move: Protect\n|move|p2b: Floette|Moonblast|p1a: Milotic\n|-damage|p1a: Milotic|47/100\n|-enditem|p1a: Milotic|Sitrus Berry|[eat]\n|-heal|p1a: Milotic|72/100|[from] item: Sitrus Berry\n|\n|-weather|Sandstorm|[upkeep]\n|-damage|p2b: Floette|82/100|[from] Sandstorm\n|-damage|p1a: Milotic|66/100|[from] Sandstorm\n|-damage|p2a: Incineroar|89/100|[from] Sandstorm\n|upkeep\n|turn|4\n|\n|t:|1776634065\n|move|p2b: Floette|Protect|p2b: Floette\n|-singleturn|p2b: Floette|Protect\n|move|p1a: Milotic|Muddy Water|p2a: Incineroar|[spread] p2a\n|-activate|p2b: Floette|move: Protect\n|-supereffective|p2a: Incineroar|1\n|-damage|p2a: Incineroar|44/100\n|-enditem|p2a: Incineroar|Sitrus Berry|[eat]\n|-heal|p2a: Incineroar|69/100|[from] item: Sitrus Berry\n|move|p2a: Incineroar|Parting Shot|p1b: Aggron\n|-unboost|p1b: Aggron|atk|1\n|-unboost|p1b: Aggron|spa|1\n|\n|t:|1776634076\n|switch|p2a: Aegislash|Aegislash, L50, M|10/100|[from] Parting Shot\n|move|p1b: Aggron|Iron Defense|p1b: Aggron\n|-boost|p1b: Aggron|def|2\n|\n|-weather|Sandstorm|[upkeep]\n|-damage|p2b: Floette|76/100|[from] Sandstorm\n|-damage|p1a: Milotic|60/100|[from] Sandstorm\n|upkeep\n|turn|5\n|\n|t:|1776634086\n|-formechange|p2a: Aegislash|Aegislash-Blade|\n|move|p2a: Aegislash|Shadow Sneak|p1a: Milotic\n|-damage|p1a: Milotic|38/100\n|move|p2b: Floette|Moonblast|p1a: Milotic\n|-damage|p1a: Milotic|0 fnt\n|faint|p1a: Milotic\n|move|p1b: Aggron|Heavy Slam|p2b: Floette\n|-supereffective|p2b: Floette|1\n|-damage|p2b: Floette|40/100\n|\n|-weather|none\n|upkeep\n|\n|t:|1776634092\n|switch|p1a: Tyranitar|Tyranitar, L50, M|48/100\n|-weather|Sandstorm|[from] ability: Sand Stream|[of] p1a: Tyranitar\n|turn|6\n|\n|t:|1776634106\n|switch|p2a: Incineroar|Incineroar, L50, M|69/100\n|-ability|p2a: Incineroar|Intimidate|boost\n|-unboost|p1a: Tyranitar|atk|1\n|-unboost|p1b: Aggron|atk|1\n|move|p2b: Floette|Moonblast|p1a: Tyranitar\n|-supereffective|p1a: Tyranitar|1\n|-damage|p1a: Tyranitar|0 fnt\n|faint|p1a: Tyranitar\n|move|p1b: Aggron|Body Press|p2a: Incineroar\n|-supereffective|p2a: Incineroar|1\n|-damage|p2a: Incineroar|0 fnt\n|faint|p2a: Incineroar\n|\n|-weather|Sandstorm|[upkeep]\n|-damage|p2b: Floette|34/100|[from] Sandstorm\n|upkeep\n|\n|t:|1776634119\n|switch|p2a: Aegislash|Aegislash, L50, M|10/100\n|turn|7\n|\n|t:|1776634126\n|move|p2b: Floette|Moonblast|p1b: Aggron\n|-resisted|p1b: Aggron|1\n|-damage|p1b: Aggron|72/100\n|-formechange|p2a: Aegislash|Aegislash-Blade|\n|move|p2a: Aegislash|Poltergeist|p1b: Aggron\n|-activate|p1b: Aggron|move: Poltergeist|Aggronite\n|-crit|p1b: Aggron\n|-damage|p1b: Aggron|25/100\n|move|p1b: Aggron|Heavy Slam|p2b: Floette\n|-supereffective|p2b: Floette|1\n|-damage|p2b: Floette|4/100\n|\n|-weather|Sandstorm|[upkeep]\n|-damage|p2b: Floette|0 fnt|[from] Sandstorm\n|faint|p2b: Floette\n|upkeep\n|\n|t:|1776634139\n|switch|p2b: Kommo-o|Kommo-o, L50, M|100/100\n|turn|8\n|\n|t:|1776634144\n|move|p2b: Kommo-o|Aura Sphere|p1b: Aggron\n|-supereffective|p1b: Aggron|1\n|-damage|p1b: Aggron|0 fnt\n|faint|p1b: Aggron\n|\n|win|Burroughs\n|raw|SparkelzVGC's rating: 1568 &rarr; <strong>1545</strong><br />(-23 for losing)\n|raw|Burroughs's rating: 1516 &rarr; <strong>1539</strong><br />(+23 for winning)\n|l|\u2606Burroughs\n|player|p2|\n|l|\u2606SparkelzVGC\n|player|p1|\n|l| iRenzo\n|j|\u2606SparkelzVGC\n|player|p1|SparkelzVGC|riley|\n",
  "uploadtime": 1776634749,
  "views": 27,
  "formatid": "gen9championsvgc2026regma",
  "rating": 1539,
  "private": 0,
  "password": null
}