{
  "id": "gen9championsvgc2026regma-2585900206",
  "format": "[Gen 9 Champions] VGC 2026 Reg M-A",
  "players": [
    "Zaikanoa",
    "rijdenderechter"
  ],
  "log": "|j|\u2606Zaikanoa\n|j|\u2606rijdenderechter\n|t:|1776379702\n|gametype|doubles\n|player|p1|Zaikanoa|265|1329\n|player|p2|rijdenderechter|roughneck-gen4|1392\n|gen|9\n|tier|[Gen 9 Champions] VGC 2026 Reg M-A\n|rated|\n|rule|Species Clause: Limit one of each Pok\u00e9mon\n|rule|Item Clause: Limit 1 of each item\n|clearpoke\n|poke|p1|Charizard, L50, M|\n|poke|p1|Milotic, L50, F|\n|poke|p1|Whimsicott, L50, F|\n|poke|p1|Sneasler, L50, F|\n|poke|p1|Sinistcha, L50|\n|poke|p1|Basculegion, L50, M|\n|poke|p2|Skarmory, L50, F|\n|poke|p2|Sinistcha, L50|\n|poke|p2|Garchomp, L50, F|\n|poke|p2|Rotom-Heat, L50|\n|poke|p2|Milotic, L50, M|\n|poke|p2|Sneasler, L50, M|\n|teampreview|4\n|\n|t:|1776379735\n|teamsize|p1|4\n|teamsize|p2|4\n|start\n|switch|p1a: Basculegion|Basculegion, L50, M|100/100\n|switch|p1b: Sneasler|Sneasler, L50, F|100/100\n|switch|p2a: Skarmory|Skarmory, L50, F|100/100\n|switch|p2b: Sneasler|Sneasler, L50, M|100/100\n|turn|1\n|\n|t:|1776379742\n|detailschange|p2a: Skarmory|Skarmory-Mega, L50, F\n|-mega|p2a: Skarmory|Skarmory|Skarmorite\n|move|p1b: Sneasler|Fake Out|p2a: Skarmory\n|-resisted|p2a: Skarmory|1\n|-damage|p2a: Skarmory|93/100\n|move|p1a: Basculegion|Flip Turn|p2b: Sneasler\n|-damage|p2b: Sneasler|35/100\n|\n|t:|1776379753\n|switch|p1a: Whimsicott|Whimsicott, L50, F|100/100|[from] Flip Turn\n|move|p2b: Sneasler|Coaching|p2a: Skarmory\n|-boost|p2a: Skarmory|atk|1\n|-boost|p2a: Skarmory|def|1\n|cant|p2a: Skarmory|flinch\n|\n|upkeep\n|turn|2\n|\n|t:|1776379776\n|move|p1a: Whimsicott|Encore|p2b: Sneasler\n|-start|p2b: Sneasler|Encore\n|move|p2b: Sneasler|Coaching|p2a: Skarmory\n|-boost|p2a: Skarmory|atk|1\n|-boost|p2a: Skarmory|def|1\n|move|p1b: Sneasler|Close Combat|p2a: Skarmory\n|-damage|p2a: Skarmory|58/100\n|-unboost|p1b: Sneasler|def|1\n|-unboost|p1b: Sneasler|spd|1\n|-enditem|p1b: Sneasler|White Herb\n|-clearnegativeboost|p1b: Sneasler|[silent]\n|move|p2a: Skarmory|Iron Head|p1a: Whimsicott\n|-supereffective|p1a: Whimsicott|1\n|-enditem|p1a: Whimsicott|Focus Sash\n|-damage|p1a: Whimsicott|1/100\n|\n|upkeep\n|turn|3\n|\n|t:|1776379801\n|switch|p1b: Charizard|Charizard, L50, M|100/100\n|switch|p2b: Sinistcha|Sinistcha, L50|100/100\n|-heal|p2a: Skarmory|83/100|[from] ability: Hospitality|[of] p2b: Sinistcha\n|move|p1a: Whimsicott|Protect|p1a: Whimsicott\n|-singleturn|p1a: Whimsicott|Protect\n|move|p2a: Skarmory|Rock Slide|p1a: Whimsicott|[spread] p1b\n|-activate|p1a: Whimsicott|move: Protect\n|-supereffective|p1b: Charizard|2\n|-crit|p1b: Charizard\n|-damage|p1b: Charizard|0 fnt\n|faint|p1b: Charizard\n|\n|upkeep\n|\n|t:|1776379810\n|switch|p1b: Sneasler|Sneasler, L50, F|100/100\n|turn|4\n|\n|t:|1776379827\n|move|p2a: Skarmory|Protect|p2a: Skarmory\n|-singleturn|p2a: Skarmory|Protect\n|move|p2b: Sinistcha|Protect|p2b: Sinistcha\n|-singleturn|p2b: Sinistcha|Protect\n|move|p1b: Sneasler|Fake Out|p2a: Skarmory\n|-activate|p2a: Skarmory|move: Protect\n|move|p1a: Whimsicott|Endeavor|p2a: Skarmory\n|-activate|p2a: Skarmory|move: Protect\n|\n|upkeep\n|turn|5\n|\n|t:|1776379854\n|switch|p1b: Basculegion|Basculegion, L50, M|100/100\n|switch|p2a: Garchomp|Garchomp, L50, F|100/100\n|move|p1a: Whimsicott|Endeavor|p2a: Garchomp\n|-damage|p2a: Garchomp|1/100\n|-damage|p1a: Whimsicott|0 fnt|[from] ability: Rough Skin|[of] p2a: Garchomp\n|faint|p1a: Whimsicott\n|move|p2b: Sinistcha|Matcha Gotcha|p1b: Basculegion\n|-supereffective|p1b: Basculegion|1\n|-damage|p1b: Basculegion|29/100\n|\n|upkeep\n|\n|t:|1776379857\n|switch|p1a: Sneasler|Sneasler, L50, F|100/100\n|turn|6\n|\n|t:|1776379880\n|move|p1a: Sneasler|Fake Out|p2a: Garchomp\n|-damage|p2a: Garchomp|0 fnt\n|-damage|p1a: Sneasler|88/100|[from] ability: Rough Skin|[of] p2a: Garchomp\n|faint|p2a: Garchomp\n|move|p1b: Basculegion|Last Respects|p2b: Sinistcha\n|-supereffective|p2b: Sinistcha|1\n|-enditem|p2b: Sinistcha|Kasib Berry|[eat]\n|-enditem|p2b: Sinistcha|Kasib Berry|[weaken]\n|-damage|p2b: Sinistcha|3/100\n|move|p2b: Sinistcha|Matcha Gotcha|p1a: Sneasler|[spread] p1a,p1b\n|-resisted|p1a: Sneasler|1\n|-supereffective|p1b: Basculegion|1\n|-damage|p1a: Sneasler|70/100\n|-heal|p2b: Sinistcha|11/100|[from] drain|[of] p1a: Sneasler\n|-damage|p1b: Basculegion|0 fnt\n|-heal|p2b: Sinistcha|26/100|[from] drain|[of] p1b: Basculegion\n|faint|p1b: Basculegion\n|\n|upkeep\n|-message|Zaikanoa forfeited.\n|\n|win|rijdenderechter\n|raw|Zaikanoa's rating: 1329 &rarr; <strong>1313</strong><br />(-16 for losing)\n|raw|rijdenderechter's rating: 1392 &rarr; <strong>1408</strong><br />(+16 for winning)\n|l|\u2606Zaikanoa\n|player|p1|\n",
  "uploadtime": 1776379910,
  "views": 45,
  "formatid": "gen9championsvgc2026regma",
  "rating": 1313,
  "private": 0,
  "password": null
}