{
  "id": "gen9championsvgc2026regma-2583738387",
  "format": "[Gen 9 Champions] VGC 2026 Reg M-A",
  "players": [
    "Nachofrize",
    "grasshopperwater"
  ],
  "log": "|j|\u2606Nachofrize\n|j|\u2606grasshopperwater\n|t:|1776194348\n|gametype|doubles\n|player|p1|Nachofrize|cynthia|1104\n|player|p2|grasshopperwater|erika|1037\n|gen|9\n|tier|[Gen 9 Champions] VGC 2026 Reg M-A\n|rated|\n|rule|Species Clause: Limit one of each Pok\u00e9mon\n|rule|Item Clause: Limit 1 of each item\n|clearpoke\n|poke|p1|Sableye, L50, F|\n|poke|p1|Aggron, L50, M|\n|poke|p1|Toxapex, L50, M|\n|poke|p1|Clefable, L50, M|\n|poke|p1|Conkeldurr, L50, F|\n|poke|p1|Rotom-Mow, L50|\n|poke|p2|Froslass, L50, F|\n|poke|p2|Clefable, L50, F|\n|poke|p2|Incineroar, L50, M|\n|poke|p2|Kommo-o, L50, M|\n|poke|p2|Whimsicott, L50, M|\n|poke|p2|Mamoswine, L50, M|\n|teampreview|4\n|inactive|Battle timer is ON: inactive players will automatically lose when time's up. (requested by grasshopperwater)\n|\n|t:|1776194381\n|teamsize|p1|4\n|teamsize|p2|4\n|start\n|switch|p1a: Sableye|Sableye, L50, F|100/100\n|switch|p1b: Aggron|Aggron, L50, M, shiny|100/100\n|switch|p2a: Incineroar|Incineroar, L50, M|100/100\n|switch|p2b: Kommo-o|Kommo-o, L50, M|100/100\n|-ability|p2a: Incineroar|Intimidate|boost\n|-unboost|p1a: Sableye|atk|1\n|-unboost|p1b: Aggron|atk|1\n|turn|1\n|\n|t:|1776194394\n|detailschange|p1b: Aggron|Aggron-Mega, L50, M, shiny\n|-mega|p1b: Aggron|Aggron|Aggronite\n|move|p2a: Incineroar|Fake Out|p1b: Aggron\n|-resisted|p1b: Aggron|1\n|-damage|p1b: Aggron|98/100\n|move|p1a: Sableye|Fake Out|p2b: Kommo-o\n|-damage|p2b: Kommo-o|97/100\n|cant|p2b: Kommo-o|flinch\n|cant|p1b: Aggron|flinch\n|\n|-heal|p2b: Kommo-o|100/100|[from] item: Leftovers\n|upkeep\n|turn|2\n|\n|t:|1776194407\n|move|p1a: Sableye|Light Screen|p1a: Sableye\n|-sidestart|p1: Nachofrize|move: Light Screen\n|move|p2b: Kommo-o|Body Press|p1b: Aggron\n|-supereffective|p1b: Aggron|1\n|-damage|p1b: Aggron|64/100\n|move|p2a: Incineroar|Taunt|p1a: Sableye\n|-start|p1a: Sableye|move: Taunt\n|move|p1b: Aggron|Iron Defense|p1b: Aggron\n|-boost|p1b: Aggron|def|2\n|\n|upkeep\n|turn|3\n|\n|t:|1776194425\n|move|p2b: Kommo-o|Body Press|p1b: Aggron\n|-supereffective|p1b: Aggron|1\n|-damage|p1b: Aggron|45/100\n|move|p2a: Incineroar|Flare Blitz|p1b: Aggron\n|-supereffective|p1b: Aggron|1\n|-damage|p1b: Aggron|26/100\n|-damage|p2a: Incineroar|95/100|[from] Recoil\n|move|p1b: Aggron|Body Press|p2a: Incineroar\n|-supereffective|p2a: Incineroar|1\n|-damage|p2a: Incineroar|0 fnt\n|faint|p2a: Incineroar\n|move|p1a: Sableye|Foul Play|p2b: Kommo-o\n|-resisted|p2b: Kommo-o|1\n|-damage|p2b: Kommo-o|91/100\n|\n|-heal|p2b: Kommo-o|97/100|[from] item: Leftovers\n|upkeep\n|\n|t:|1776194444\n|switch|p2a: Froslass|Froslass, L50, F|100/100\n|turn|4\n|\n|t:|1776194464\n|switch|p1b: Toxapex|Toxapex, L50, M|100/100\n|detailschange|p2a: Froslass|Froslass-Mega, L50, F\n|-mega|p2a: Froslass|Froslass|Froslassite\n|-weather|Snowscape|[from] ability: Snow Warning|[of] p2a: Froslass\n|move|p2a: Froslass|Blizzard|p1b: Toxapex|[spread] p1a,p1b\n|-resisted|p1b: Toxapex|1\n|-damage|p1a: Sableye|60/100\n|-damage|p1b: Toxapex|92/100\n|move|p2b: Kommo-o|Body Press|p1b: Toxapex\n|-resisted|p1b: Toxapex|1\n|-damage|p1b: Toxapex|74/100\n|move|p1a: Sableye|Foul Play|p2a: Froslass\n|-supereffective|p2a: Froslass|1\n|-damage|p2a: Froslass|62/100\n|\n|-weather|Snowscape|[upkeep]\n|-heal|p2b: Kommo-o|100/100|[from] item: Leftovers\n|-heal|p1b: Toxapex|80/100|[from] item: Leftovers\n|upkeep\n|turn|5\n|inactive|Nachofrize has 30 seconds left.\n|\n|t:|1776194490\n|switch|p2b: Clefable|Clefable, L50, F|100/100\n|move|p2a: Froslass|Protect|p2a: Froslass\n|-singleturn|p2a: Froslass|Protect\n|move|p1a: Sableye|Foul Play|p2a: Froslass\n|-activate|p2a: Froslass|move: Protect\n|move|p1b: Toxapex|Toxic|p2b: Clefable\n|-status|p2b: Clefable|tox\n|\n|-weather|Snowscape|[upkeep]\n|-heal|p1b: Toxapex|86/100|[from] item: Leftovers\n|-end|p1a: Sableye|move: Taunt\n|upkeep\n|turn|6\n|inactive|Nachofrize has 30 seconds left.\n|\n|t:|1776194524\n|move|p2a: Froslass|Blizzard|p1b: Toxapex|[spread] p1a,p1b\n|-resisted|p1b: Toxapex|1\n|-damage|p1a: Sableye|25/100\n|-damage|p1b: Toxapex|76/100\n|move|p2b: Clefable|Moonblast|p1a: Sableye\n|-supereffective|p1a: Sableye|1\n|-damage|p1a: Sableye|0 fnt\n|faint|p1a: Sableye\n|move|p1b: Toxapex|Liquidation|p2a: Froslass\n|-damage|p2a: Froslass|48/100\n|\n|-weather|Snowscape|[upkeep]\n|-heal|p1b: Toxapex|82/100|[from] item: Leftovers\n|-sideend|p1: Nachofrize|move: Light Screen\n|upkeep\n|\n|t:|1776194539\n|switch|p1a: Aggron|Aggron-Mega, L50, M, shiny|26/100\n|turn|7\n|\n|t:|1776194547\n|move|p1b: Toxapex|Wide Guard|p1b: Toxapex\n|-singleturn|p1b: Toxapex|Wide Guard\n|move|p2b: Clefable|Follow Me|p2b: Clefable\n|-singleturn|p2b: Clefable|move: Follow Me\n|move|p2a: Froslass|Nasty Plot|p2a: Froslass\n|-boost|p2a: Froslass|spa|2\n|move|p1a: Aggron|Heavy Slam|p2b: Clefable\n|-supereffective|p2b: Clefable|1\n|-enditem|p2b: Clefable|Babiri Berry|[eat]\n|-enditem|p2b: Clefable|Babiri Berry|[weaken]\n|-damage|p2b: Clefable|53/100 tox\n|\n|-weather|Snowscape|[upkeep]\n|-heal|p1b: Toxapex|88/100|[from] item: Leftovers\n|upkeep\n|turn|8\n|inactive|Nachofrize has 30 seconds left.\n|inactive|Nachofrize has 20 seconds left.\n|inactive|Nachofrize has 15 seconds left.\n|\n|t:|1776194587\n|move|p1a: Aggron|Protect|p1a: Aggron\n|-singleturn|p1a: Aggron|Protect\n|move|p2a: Froslass|Shadow Ball|p1a: Aggron\n|-activate|p1a: Aggron|move: Protect\n|move|p2b: Clefable|Life Dew|p2b: Clefable|[spread] p2a,p2b\n|-heal|p2a: Froslass|73/100\n|-heal|p2b: Clefable|78/100 tox\n|move|p1b: Toxapex|Toxic|p2a: Froslass\n|-status|p2a: Froslass|tox\n|\n|-weather|none\n|-heal|p1b: Toxapex|93/100|[from] item: Leftovers\n|-damage|p2a: Froslass|67/100 tox|[from] psn\n|upkeep\n|turn|9\n|\n|t:|1776194609\n|switch|p1a: Clefable|Clefable, L50, M|100/100\n|move|p2a: Froslass|Shadow Ball|p1a: Clefable\n|-damage|p1a: Clefable|66/100\n|move|p2b: Clefable|Life Dew|p2b: Clefable|[spread] p2a,p2b\n|-heal|p2a: Froslass|91/100 tox\n|-heal|p2b: Clefable|100/100 tox\n|move|p1b: Toxapex|Liquidation|p2a: Froslass\n|-damage|p2a: Froslass|69/100 tox\n|\n|-heal|p1b: Toxapex|99/100|[from] item: Leftovers\n|-damage|p2a: Froslass|57/100 tox|[from] psn\n|upkeep\n|turn|10\n|inactive|grasshopperwater has 30 seconds left.\n|\n|t:|1776194635\n|switch|p2a: Kommo-o|Kommo-o, L50, M|100/100\n|move|p2b: Clefable|Moonblast|p1a: Clefable\n|-damage|p1a: Clefable|38/100\n|-enditem|p1a: Clefable|Sitrus Berry|[eat]\n|-heal|p1a: Clefable|63/100|[from] item: Sitrus Berry\n|move|p1a: Clefable|Moonblast|p2a: Kommo-o\n|-supereffective|p2a: Kommo-o|2\n|-damage|p2a: Kommo-o|0 fnt\n|faint|p2a: Kommo-o\n|move|p1b: Toxapex|Liquidation|p2b: Clefable\n|-damage|p2b: Clefable|81/100 tox\n|\n|-heal|p1b: Toxapex|100/100|[from] item: Leftovers\n|upkeep\n|\n|t:|1776194644\n|switch|p2a: Froslass|Froslass-Mega, L50, F|57/100 tox\n|-weather|Snowscape|[from] ability: Snow Warning|[of] p2a: Froslass\n|turn|11\n|\n|t:|1776194665\n|move|p2b: Clefable|Follow Me|p2b: Clefable\n|-singleturn|p2b: Clefable|move: Follow Me\n|move|p2a: Froslass|Nasty Plot|p2a: Froslass\n|-boost|p2a: Froslass|spa|2\n|move|p1a: Clefable|Moonblast|p2b: Clefable\n|-damage|p2b: Clefable|54/100 tox\n|move|p1b: Toxapex|Liquidation|p2b: Clefable\n|-damage|p2b: Clefable|37/100 tox\n|\n|-weather|Snowscape|[upkeep]\n|-damage|p2a: Froslass|51/100 tox|[from] psn\n|upkeep\n|turn|12\n|\n|t:|1776194683\n|move|p1a: Clefable|Protect|p1a: Clefable\n|-singleturn|p1a: Clefable|Protect\n|move|p2a: Froslass|Shadow Ball|p1a: Clefable\n|-activate|p1a: Clefable|move: Protect\n|move|p2b: Clefable|Life Dew|p2b: Clefable|[spread] p2a,p2b\n|-heal|p2a: Froslass|76/100 tox\n|-heal|p2b: Clefable|62/100 tox\n|move|p1b: Toxapex|Liquidation|p2b: Clefable\n|-damage|p2b: Clefable|44/100 tox\n|\n|-weather|Snowscape|[upkeep]\n|-damage|p2a: Froslass|63/100 tox|[from] psn\n|upkeep\n|turn|13\n|inactive|Nachofrize has 30 seconds left.\n|\n|t:|1776194714\n|switch|p1b: Aggron|Aggron-Mega, L50, M, shiny|26/100\n|move|p2a: Froslass|Shadow Ball|p1a: Clefable\n|-damage|p1a: Clefable|25/100\n|move|p2b: Clefable|Life Dew|p2b: Clefable|[spread] p2a,p2b\n|-heal|p2a: Froslass|88/100 tox\n|-heal|p2b: Clefable|69/100 tox\n|move|p1a: Clefable|Life Dew|p1a: Clefable|[spread] p1a,p1b\n|-heal|p1a: Clefable|50/100\n|-heal|p1b: Aggron|51/100\n|\n|-weather|Snowscape|[upkeep]\n|-damage|p2a: Froslass|69/100 tox|[from] psn\n|upkeep\n|turn|14\n|inactive|grasshopperwater has 30 seconds left.\n|inactive|grasshopperwater has 20 seconds left.\n|inactive|grasshopperwater has 15 seconds left.\n|inactive|grasshopperwater has 10 seconds left.\n|inactive|grasshopperwater has 5 seconds left.\n|\n|t:|1776194769\n|move|p1a: Clefable|Follow Me|p1a: Clefable\n|-singleturn|p1a: Clefable|move: Follow Me\n|move|p2b: Clefable|Follow Me|p2b: Clefable\n|-singleturn|p2b: Clefable|move: Follow Me\n|move|p2a: Froslass|Nasty Plot|p2a: Froslass\n|-boost|p2a: Froslass|spa|2\n|move|p1b: Aggron|Heavy Slam|p2b: Clefable\n|-supereffective|p2b: Clefable|1\n|-damage|p2b: Clefable|0 fnt\n|faint|p2b: Clefable\n|\n|-weather|Snowscape|[upkeep]\n|-damage|p2a: Froslass|45/100 tox|[from] psn\n|upkeep\n|turn|15\n|inactive|grasshopperwater has 30 seconds left.\n|inactive|grasshopperwater has 20 seconds left.\n|inactive|grasshopperwater has 15 seconds left.\n|inactive|grasshopperwater has 10 seconds left.\n|inactive|grasshopperwater has 5 seconds left.\n|\n|t:|1776194824\n|move|p1a: Clefable|Follow Me|p1a: Clefable\n|-singleturn|p1a: Clefable|move: Follow Me\n|move|p2a: Froslass|Nasty Plot|p2a: Froslass\n|-boost|p2a: Froslass|spa|2\n|move|p1b: Aggron|Heavy Slam|p2a: Froslass\n|-supereffective|p2a: Froslass|1\n|-damage|p2a: Froslass|0 fnt\n|faint|p2a: Froslass\n|\n|win|Nachofrize\n|raw|Nachofrize's rating: 1104 &rarr; <strong>1124</strong><br />(+20 for winning)\n|raw|grasshopperwater's rating: 1037 &rarr; <strong>1024</strong><br />(-13 for losing)\n",
  "uploadtime": 1776194835,
  "views": 16,
  "formatid": "gen9championsvgc2026regma",
  "rating": 1024,
  "private": 0,
  "password": null
}