{
  "id": "gen9championsvgc2026regma-2581358041",
  "format": "[Gen 9 Champions] VGC 2026 Reg M-A",
  "players": [
    "viperino7",
    "Energoblock4th"
  ],
  "log": "|j|\u2606viperino7\n|j|\u2606Energoblock4th\n|t:|1775991260\n|gametype|doubles\n|player|p1|viperino7|102|1160\n|player|p2|Energoblock4th|flannery|1172\n|gen|9\n|tier|[Gen 9 Champions] VGC 2026 Reg M-A\n|rated|\n|rule|Species Clause: Limit one of each Pok\u00e9mon\n|rule|Item Clause: Limit 1 of each item\n|clearpoke\n|poke|p1|Garchomp, L50, F|\n|poke|p1|Sneasler, L50, F|\n|poke|p1|Floette-Eternal, L50, F|\n|poke|p1|Rotom-Wash, L50|\n|poke|p1|Incineroar, L50, F|\n|poke|p1|Aerodactyl, L50, F|\n|poke|p2|Garchomp, L50, F|\n|poke|p2|Rotom-Wash, L50|\n|poke|p2|Floette-Eternal, L50, F|\n|poke|p2|Talonflame, L50, F|\n|poke|p2|Aegislash, L50, F|\n|poke|p2|Maushold-Four, L50|\n|teampreview|4\n|\n|t:|1775991297\n|teamsize|p1|4\n|teamsize|p2|4\n|start\n|switch|p1a: Aerodactyl|Aerodactyl, L50, F|100/100\n|switch|p1b: Incineroar|Incineroar, L50, F, shiny|100/100\n|switch|p2a: Talonflame|Talonflame, L50, F|100/100\n|switch|p2b: Garchomp|Garchomp, L50, F|100/100\n|-ability|p1a: Aerodactyl|Unnerve\n|-ability|p1b: Incineroar|Intimidate|boost\n|-unboost|p2a: Talonflame|atk|1\n|-unboost|p2b: Garchomp|atk|1\n|turn|1\n|\n|t:|1775991310\n|move|p2a: Talonflame|Protect|p2a: Talonflame\n|-singleturn|p2a: Talonflame|Protect\n|move|p2b: Garchomp|Protect|p2b: Garchomp\n|-singleturn|p2b: Garchomp|Protect\n|move|p1a: Aerodactyl|Tailwind|p1a: Aerodactyl\n|-sidestart|p1: viperino7|move: Tailwind\n|move|p1b: Incineroar|Parting Shot|p2b: Garchomp\n|-activate|p2b: Garchomp|move: Protect\n|\n|upkeep\n|turn|2\n|\n|t:|1775991337\n|move|p2a: Talonflame|Tailwind|p2a: Talonflame\n|-sidestart|p2: Energoblock4th|move: Tailwind\n|move|p1a: Aerodactyl|Rock Slide|p2a: Talonflame|[spread] p2b\n|-miss|p1a: Aerodactyl|p2a: Talonflame\n|-resisted|p2b: Garchomp|1\n|-damage|p2b: Garchomp|88/100\n|move|p2b: Garchomp|Stone Edge|p1a: Aerodactyl|[miss]\n|-miss|p2b: Garchomp|p1a: Aerodactyl\n|move|p1b: Incineroar|Parting Shot|p2b: Garchomp\n|-unboost|p2b: Garchomp|atk|1\n|-unboost|p2b: Garchomp|spa|1\n|\n|t:|1775991354\n|switch|p1b: Floette|Floette-Eternal, L50, F|100/100|[from] Parting Shot\n|\n|upkeep\n|turn|3\n|\n|t:|1775991362\n|switch|p2b: Aegislash|Aegislash, L50, F|100/100\n|detailschange|p1b: Floette|Floette-Mega, L50, F\n|-mega|p1b: Floette|Floette|Floettite\n|-ability|p1b: Floette|Fairy Aura\n|move|p1a: Aerodactyl|Rock Slide|p2a: Talonflame|[spread] p2a,p2b\n|-supereffective|p2a: Talonflame|2\n|-resisted|p2b: Aegislash|1\n|-damage|p2a: Talonflame|0 fnt\n|-damage|p2b: Aegislash|90/100\n|faint|p2a: Talonflame\n|move|p1b: Floette|Calm Mind|p1b: Floette\n|-boost|p1b: Floette|spa|1\n|-boost|p1b: Floette|spd|1\n|\n|upkeep\n|\n|t:|1775991374\n|switch|p2a: Rotom|Rotom-Wash, L50|100/100\n|turn|4\n|\n|t:|1775991387\n|switch|p1a: Incineroar|Incineroar, L50, F, shiny|100/100\n|-ability|p1a: Incineroar|Intimidate|boost\n|-unboost|p2a: Rotom|atk|1\n|-unboost|p2b: Aegislash|atk|1\n|move|p1b: Floette|Calm Mind|p1b: Floette\n|-boost|p1b: Floette|spa|1\n|-boost|p1b: Floette|spd|1\n|move|p2a: Rotom|Thunderbolt|p1b: Floette\n|-damage|p1b: Floette|86/100\n|-formechange|p2b: Aegislash|Aegislash-Blade|\n|move|p2b: Aegislash|Iron Head|p1b: Floette\n|-supereffective|p1b: Floette|1\n|-crit|p1b: Floette\n|-damage|p1b: Floette|0 fnt\n|faint|p1b: Floette\n|\n|-sideend|p1: viperino7|move: Tailwind\n|upkeep\n|\n|t:|1775991406\n|switch|p1b: Sneasler|Sneasler, L50, F|100/100\n|turn|5\n|\n|t:|1775991418\n|move|p1b: Sneasler|Fake Out|p2a: Rotom\n|-damage|p2a: Rotom|85/100\n|cant|p2a: Rotom|flinch\n|move|p2b: Aegislash|Poltergeist|p1b: Sneasler\n|-activate|p1b: Sneasler|move: Poltergeist|White Herb\n|-damage|p1b: Sneasler|18/100\n|move|p1a: Incineroar|Parting Shot|p2a: Rotom\n|-unboost|p2a: Rotom|atk|1\n|-unboost|p2a: Rotom|spa|1\n|\n|t:|1775991427\n|switch|p1a: Aerodactyl|Aerodactyl, L50, F|100/100|[from] Parting Shot\n|-ability|p1a: Aerodactyl|Unnerve\n|\n|-sideend|p2: Energoblock4th|move: Tailwind\n|upkeep\n|turn|6\n|\n|t:|1775991443\n|switch|p1b: Incineroar|Incineroar, L50, F, shiny|100/100\n|-ability|p1b: Incineroar|Intimidate|boost\n|-unboost|p2a: Rotom|atk|1\n|-unboost|p2b: Aegislash|atk|1\n|move|p2b: Aegislash|Shadow Sneak|p1b: Incineroar\n|-resisted|p1b: Incineroar|1\n|-damage|p1b: Incineroar|95/100\n|move|p1a: Aerodactyl|Tailwind|p1a: Aerodactyl\n|-sidestart|p1: viperino7|move: Tailwind\n|move|p2a: Rotom|Hydro Pump|p1a: Aerodactyl\n|-supereffective|p1a: Aerodactyl|1\n|-damage|p1a: Aerodactyl|8/100\n|\n|upkeep\n|turn|7\n|\n|t:|1775991456\n|move|p2b: Aegislash|Shadow Sneak|p1a: Aerodactyl\n|-damage|p1a: Aerodactyl|0 fnt\n|faint|p1a: Aerodactyl\n|move|p1b: Incineroar|Throat Chop|p2b: Aegislash\n|-supereffective|p2b: Aegislash|1\n|-damage|p2b: Aegislash|0 fnt\n|faint|p2b: Aegislash\n|move|p2a: Rotom|Hydro Pump|p1b: Incineroar\n|-supereffective|p1b: Incineroar|1\n|-enditem|p1b: Incineroar|Passho Berry|[eat]\n|-enditem|p1b: Incineroar|Passho Berry|[weaken]\n|-damage|p1b: Incineroar|68/100\n|\n|upkeep\n|\n|t:|1775991464\n|switch|p1a: Sneasler|Sneasler, L50, F|18/100\n|switch|p2b: Garchomp|Garchomp, L50, F|88/100\n|turn|8\n|\n|t:|1775991485\n|move|p2b: Garchomp|Protect|p2b: Garchomp\n|-singleturn|p2b: Garchomp|Protect\n|move|p1a: Sneasler|Fake Out|p2a: Rotom\n|-damage|p2a: Rotom|69/100\n|move|p1b: Incineroar|Throat Chop|p2a: Rotom\n|-damage|p2a: Rotom|38/100\n|-start|p2a: Rotom|Throat Chop|[silent]\n|-enditem|p2a: Rotom|Sitrus Berry|[eat]\n|-heal|p2a: Rotom|63/100|[from] item: Sitrus Berry\n|cant|p2a: Rotom|flinch\n|\n|upkeep\n|turn|9\n|\n|t:|1775991503\n|move|p1b: Incineroar|Helping Hand|p1a: Sneasler\n|-singleturn|p1a: Sneasler|Helping Hand|[of] p1b: Incineroar\n|move|p1a: Sneasler|Close Combat|p2b: Garchomp\n|-damage|p2b: Garchomp|2/100\n|-unboost|p1a: Sneasler|def|1\n|-unboost|p1a: Sneasler|spd|1\n|-damage|p1a: Sneasler|6/100|[from] ability: Rough Skin|[of] p2b: Garchomp\n|-enditem|p1a: Sneasler|White Herb\n|-clearnegativeboost|p1a: Sneasler|[silent]\n|move|p2b: Garchomp|Earthquake|p1a: Sneasler|[spread] p1a,p1b\n|-immune|p2a: Rotom|[from] ability: Levitate\n|-supereffective|p1a: Sneasler|1\n|-supereffective|p1b: Incineroar|1\n|-damage|p1a: Sneasler|0 fnt\n|-damage|p1b: Incineroar|0 fnt\n|faint|p1a: Sneasler\n|faint|p1b: Incineroar\n|\n|win|Energoblock4th\n|raw|viperino7's rating: 1160 &rarr; <strong>1136</strong><br />(-24 for losing)\n|raw|Energoblock4th's rating: 1172 &rarr; <strong>1196</strong><br />(+24 for winning)\n",
  "uploadtime": 1775991515,
  "views": 26,
  "formatid": "gen9championsvgc2026regma",
  "rating": 1136,
  "private": 0,
  "password": null
}