{
  "id": "gen9championsvgc2026regma-2588954138",
  "format": "[Gen 9 Champions] VGC 2026 Reg M-A",
  "players": [
    "Apezilla",
    "tomtom147"
  ],
  "log": "|j|\u2606Apezilla\n|j|\u2606tomtom147\n|t:|1776689119\n|gametype|doubles\n|player|p1|Apezilla|marshal|1139\n|player|p2|tomtom147|benga|1232\n|gen|9\n|tier|[Gen 9 Champions] VGC 2026 Reg M-A\n|rated|\n|rule|Species Clause: Limit one of each Pok\u00e9mon\n|rule|Item Clause: Limit 1 of each item\n|clearpoke\n|poke|p1|Farigiraf, L50, F|\n|poke|p1|Blastoise, L50, F|\n|poke|p1|Kingambit, L50, M|\n|poke|p1|Sinistcha, L50|\n|poke|p1|Sneasler, L50, F|\n|poke|p1|Araquanid, L50, M|\n|poke|p2|Aggron, L50, M|\n|poke|p2|Incineroar, L50, M|\n|poke|p2|Pelipper, L50, F|\n|poke|p2|Sinistcha, L50|\n|poke|p2|Sneasler, L50, F|\n|poke|p2|Reuniclus, L50, M|\n|teampreview|4\n|inactive|Battle timer is ON: inactive players will automatically lose when time's up. (requested by tomtom147)\n|inactive|Apezilla has 60 seconds left.\n|inactive|Apezilla has 30 seconds left.\n|inactive|Apezilla has 20 seconds left.\n|inactive|Apezilla has 15 seconds left.\ntomtom147 rejected open team sheets.\n|\n|t:|1776689198\n|teamsize|p1|4\n|teamsize|p2|4\n|start\n|switch|p1a: Farigiraf|Farigiraf, L50, F|100/100\n|switch|p1b: Blastoise|Blastoise, L50, F|100/100\n|switch|p2a: Sinistcha|Sinistcha, L50|100/100\n|switch|p2b: Sneasler|Sneasler, L50, F|100/100\n|turn|1\n|inactive|tomtom147 has 30 seconds left.\n|inactive|tomtom147 has 20 seconds left.\n|\n|t:|1776689234\n|switch|p2b: Reuniclus|Reuniclus, L50, M|100/100\n|move|p1b: Blastoise|Protect|p1b: Blastoise\n|-singleturn|p1b: Blastoise|Protect\n|move|p2a: Sinistcha|Trick Room|p2a: Sinistcha\n|-fieldstart|move: Trick Room|[of] p2a: Sinistcha\n|move|p1a: Farigiraf|Trick Room|p1a: Farigiraf\n|-fieldend|move: Trick Room\n|\n|upkeep\n|turn|2\n|inactive|tomtom147 has 30 seconds left.\n|\n|t:|1776689260\n|detailschange|p1b: Blastoise|Blastoise-Mega, L50, F\n|-mega|p1b: Blastoise|Blastoise|Blastoisinite\n|move|p1b: Blastoise|Dark Pulse|p2b: Reuniclus\n|-supereffective|p2b: Reuniclus|1\n|-damage|p2b: Reuniclus|18/100\n|move|p2b: Reuniclus|Psychic|p1b: Blastoise\n|-damage|p1b: Blastoise|50/100\n|move|p2a: Sinistcha|Trick Room|p2a: Sinistcha\n|-fieldstart|move: Trick Room|[of] p2a: Sinistcha\n|move|p1a: Farigiraf|Trick Room|p1a: Farigiraf\n|-fieldend|move: Trick Room\n|\n|upkeep\n|turn|3\n|\n|t:|1776689280\n|move|p1a: Farigiraf|Helping Hand|p1b: Blastoise\n|-singleturn|p1b: Blastoise|Helping Hand|[of] p1a: Farigiraf\n|move|p1b: Blastoise|Dark Pulse|p2a: Sinistcha\n|-supereffective|p2a: Sinistcha|1\n|-damage|p2a: Sinistcha|0 fnt\n|faint|p2a: Sinistcha\n|move|p2b: Reuniclus|Psychic|p1b: Blastoise\n|-damage|p1b: Blastoise|2/100\n|\n|upkeep\n|\n|t:|1776689290\n|switch|p2a: Aggron|Aggron, L50, M|100/100\n|turn|4\n|\n|t:|1776689312\n|detailschange|p2a: Aggron|Aggron-Mega, L50, M\n|-mega|p2a: Aggron|Aggron|Aggronite\n|move|p1b: Blastoise|Dark Pulse|p2b: Reuniclus\n|-supereffective|p2b: Reuniclus|1\n|-damage|p2b: Reuniclus|0 fnt\n|faint|p2b: Reuniclus\n|move|p2a: Aggron|Iron Defense|p2a: Aggron\n|-boost|p2a: Aggron|def|2\n|move|p1a: Farigiraf|Trick Room|p1a: Farigiraf\n|-fieldstart|move: Trick Room|[of] p1a: Farigiraf\n|\n|upkeep\n|\n|t:|1776689319\n|switch|p2b: Sneasler|Sneasler, L50, F|100/100\n|turn|5\n|\n|t:|1776689328\n|move|p2b: Sneasler|Protect|p2b: Sneasler\n|-singleturn|p2b: Sneasler|Protect\n|move|p2a: Aggron|Body Press|p1a: Farigiraf\n|-damage|p1a: Farigiraf|43/100\n|-enditem|p1a: Farigiraf|Sitrus Berry|[eat]\n|-heal|p1a: Farigiraf|68/100|[from] item: Sitrus Berry\n|move|p1a: Farigiraf|Psychic Noise|p2b: Sneasler\n|-activate|p2b: Sneasler|move: Protect\n|move|p1b: Blastoise|Dark Pulse|p2a: Aggron\n|-damage|p2a: Aggron|60/100\n|\n|upkeep\n|turn|6\n|\n|t:|1776689345\n|move|p2a: Aggron|Body Press|p1a: Farigiraf\n|-damage|p1a: Farigiraf|14/100\n|move|p1a: Farigiraf|Psychic Noise|p2b: Sneasler\n|-supereffective|p2b: Sneasler|2\n|-damage|p2b: Sneasler|0 fnt\n|faint|p2b: Sneasler\n|move|p1b: Blastoise|Dark Pulse|p2a: Aggron\n|-damage|p2a: Aggron|23/100\n|\n|upkeep\n|turn|7\n|\n|t:|1776689361\n|move|p2a: Aggron|Body Press|p1b: Blastoise\n|-damage|p1b: Blastoise|0 fnt\n|faint|p1b: Blastoise\n|move|p1a: Farigiraf|Rain Dance|p1a: Farigiraf\n|-weather|RainDance\n|\n|-weather|RainDance|[upkeep]\n|upkeep\n|\n|t:|1776689367\n|switch|p1b: Araquanid|Araquanid, L50, M|100/100\n|turn|8\n|\n|t:|1776689374\n|move|p1a: Farigiraf|Helping Hand|p1b: Araquanid\n|-singleturn|p1b: Araquanid|Helping Hand|[of] p1a: Farigiraf\n|move|p2a: Aggron|Protect|p2a: Aggron\n|-singleturn|p2a: Aggron|Protect\n|move|p1b: Araquanid|Liquidation|p2a: Aggron\n|-activate|p2a: Aggron|move: Protect\n|\n|-weather|RainDance|[upkeep]\n|-fieldend|move: Trick Room\n|upkeep\n|turn|9\n|\n|t:|1776689381\n|move|p1a: Farigiraf|Helping Hand|p1b: Araquanid\n|-singleturn|p1b: Araquanid|Helping Hand|[of] p1a: Farigiraf\n|move|p2a: Aggron|Protect||[still]\n|-fail|p2a: Aggron\n|move|p1b: Araquanid|Liquidation|p2a: Aggron\n|-damage|p2a: Aggron|0 fnt\n|faint|p2a: Aggron\n|\n|win|Apezilla\n|raw|Apezilla's rating: 1139 &rarr; <strong>1171</strong><br />(+32 for winning)\n|raw|tomtom147's rating: 1232 &rarr; <strong>1200</strong><br />(-32 for losing)\n",
  "uploadtime": 1776689398,
  "views": 5,
  "formatid": "gen9championsvgc2026regma",
  "rating": 1171,
  "private": 0,
  "password": null
}