{
  "id": "gen9championsvgc2026regma-2586566186",
  "format": "[Gen 9 Champions] VGC 2026 Reg M-A",
  "players": [
    "mkugmrs_guest",
    "DylanNoPancakes"
  ],
  "log": "|j|\u2606mkugmrs_guest\n|j|\u2606DylanNoPancakes\n|t:|1776443472\n|gametype|doubles\n|player|p1|mkugmrs_guest|iono-masters2|1067\n|player|p2|DylanNoPancakes|265|1123\n|gen|9\n|tier|[Gen 9 Champions] VGC 2026 Reg M-A\n|rated|\n|rule|Species Clause: Limit one of each Pok\u00e9mon\n|rule|Item Clause: Limit 1 of each item\n|clearpoke\n|poke|p1|Aurorus, L50, M|\n|poke|p1|Tyranitar, L50, M|\n|poke|p1|Clefable, L50, M|\n|poke|p1|Garchomp, L50, M|\n|poke|p1|Chesnaught, L50, M|\n|poke|p1|Orthworm, L50, F|\n|poke|p2|Pelipper, L50, F|\n|poke|p2|Basculegion, L50, M|\n|poke|p2|Incineroar, L50, F|\n|poke|p2|Sinistcha, L50|\n|poke|p2|Glalie, L50, F|\n|poke|p2|Sneasler, L50, M|\n|teampreview|4\nmkugmrs_guest rejected open team sheets.\n|\n|t:|1776443532\n|teamsize|p1|4\n|teamsize|p2|4\n|start\n|switch|p1a: Clefable|Clefable, L50, M|100/100\n|switch|p1b: Aurorus|Aurorus, L50, M|100/100\n|switch|p2a: Sneasler|Sneasler, L50, M|100/100\n|switch|p2b: Incineroar|Incineroar, L50, F|100/100\n|-ability|p2b: Incineroar|Intimidate|boost\n|-unboost|p1a: Clefable|atk|1\n|-unboost|p1b: Aurorus|atk|1\n|turn|1\n|\n|t:|1776443543\n|move|p2b: Incineroar|Fake Out|p1b: Aurorus\n|-resisted|p1b: Aurorus|1\n|-damage|p1b: Aurorus|94/100\n|move|p1a: Clefable|Follow Me|p1a: Clefable\n|-singleturn|p1a: Clefable|move: Follow Me\n|cant|p1b: Aurorus|flinch\n|move|p2a: Sneasler|Dire Claw|p1a: Clefable\n|-supereffective|p1a: Clefable|1\n|-damage|p1a: Clefable|13/100\n|-status|p1a: Clefable|slp\n|\n|-heal|p1a: Clefable|19/100 slp|[from] item: Leftovers\n|upkeep\n|turn|2\n|\n|t:|1776443561\n|cant|p1a: Clefable|slp\n|move|p1b: Aurorus|Hyper Voice|p2a: Sneasler|[spread] p2a,p2b\n|-resisted|p2b: Incineroar|1\n|-damage|p2a: Sneasler|57/100\n|-damage|p2b: Incineroar|89/100\n|move|p2a: Sneasler|Close Combat|p1b: Aurorus\n|-supereffective|p1b: Aurorus|2\n|-damage|p1b: Aurorus|0 fnt\n|-unboost|p2a: Sneasler|def|1\n|-unboost|p2a: Sneasler|spd|1\n|faint|p1b: Aurorus\n|-enditem|p2a: Sneasler|White Herb\n|-clearnegativeboost|p2a: Sneasler|[silent]\n|move|p2b: Incineroar|Throat Chop|p1a: Clefable\n|-resisted|p1a: Clefable|1\n|-damage|p1a: Clefable|7/100 slp\n|-start|p1a: Clefable|Throat Chop|[silent]\n|\n|-heal|p1a: Clefable|13/100 slp|[from] item: Leftovers\n|upkeep\n|\n|t:|1776443566\n|switch|p1b: Garchomp|Garchomp, L50, M|100/100\n|turn|3\n|\n|t:|1776443587\n|move|p1b: Garchomp|Protect|p1b: Garchomp\n|-singleturn|p1b: Garchomp|Protect\n|-curestatus|p1a: Clefable|slp|[msg]\n|move|p1a: Clefable|Follow Me|p1a: Clefable\n|-singleturn|p1a: Clefable|move: Follow Me\n|move|p2a: Sneasler|Close Combat|p1a: Clefable\n|-resisted|p1a: Clefable|1\n|-damage|p1a: Clefable|0 fnt\n|-unboost|p2a: Sneasler|def|1\n|-unboost|p2a: Sneasler|spd|1\n|faint|p1a: Clefable\n|move|p2b: Incineroar|Flare Blitz|p1b: Garchomp\n|-activate|p1b: Garchomp|move: Protect\n|\n|upkeep\n|\n|t:|1776443596\n|switch|p1a: Tyranitar|Tyranitar, L50, M|100/100\n|-weather|Sandstorm|[from] ability: Sand Stream|[of] p1a: Tyranitar\n|turn|4\n|\n|t:|1776443636\n|switch|p2b: Pelipper|Pelipper, L50, F|100/100\n|-weather|RainDance|[from] ability: Drizzle|[of] p2b: Pelipper\n|detailschange|p1b: Garchomp|Garchomp-Mega, L50, M\n|-mega|p1b: Garchomp|Garchomp|Garchompite\n|move|p1a: Tyranitar|Protect|p1a: Tyranitar\n|-singleturn|p1a: Tyranitar|Protect\n|move|p2a: Sneasler|Close Combat|p1a: Tyranitar\n|-activate|p1a: Tyranitar|move: Protect\n|move|p1b: Garchomp|Earthquake|p2b: Pelipper|[spread] p2a\n|-activate|p1a: Tyranitar|move: Protect\n|-immune|p2b: Pelipper\n|-supereffective|p2a: Sneasler|1\n|-damage|p2a: Sneasler|0 fnt\n|faint|p2a: Sneasler\n|\n|-weather|RainDance|[upkeep]\n|upkeep\n|\n|t:|1776443643\n|switch|p2a: Basculegion|Basculegion, L50, M|100/100\n|turn|5\n|\n|t:|1776443658\n|move|p2a: Basculegion|Wave Crash|p1b: Garchomp\n|-damage|p1b: Garchomp|8/100\n|-damage|p2a: Basculegion|72/100|[from] Recoil\n|move|p1b: Garchomp|Thunder Fang|p2a: Basculegion\n|-supereffective|p2a: Basculegion|1\n|-damage|p2a: Basculegion|4/100\n|move|p2b: Pelipper|Weather Ball|p1a: Tyranitar\n|-supereffective|p1a: Tyranitar|1\n|-enditem|p1a: Tyranitar|Focus Sash\n|-damage|p1a: Tyranitar|1/100\n|move|p1a: Tyranitar|Rock Slide|p2a: Basculegion|[spread] p2a,p2b\n|-supereffective|p2b: Pelipper|1\n|-damage|p2a: Basculegion|0 fnt\n|-damage|p2b: Pelipper|33/100\n|faint|p2a: Basculegion\n|\n|-weather|RainDance|[upkeep]\n|upkeep\n|\n|t:|1776443667\n|switch|p2a: Incineroar|Incineroar, L50, F|89/100\n|-ability|p2a: Incineroar|Intimidate|boost\n|-unboost|p1a: Tyranitar|atk|1\n|-unboost|p1b: Garchomp|atk|1\n|turn|6\n|\n|t:|1776443680\n|move|p1b: Garchomp|Protect|p1b: Garchomp\n|-singleturn|p1b: Garchomp|Protect\n|move|p1a: Tyranitar|Protect|p1a: Tyranitar\n|-singleturn|p1a: Tyranitar|Protect\n|move|p2a: Incineroar|Fake Out|p1a: Tyranitar\n|-activate|p1a: Tyranitar|move: Protect\n|move|p2b: Pelipper|Weather Ball|p1b: Garchomp\n|-activate|p1b: Garchomp|move: Protect\n|\n|-weather|RainDance|[upkeep]\n|upkeep\n|turn|7\n|\n|t:|1776443708\n|move|p2b: Pelipper|Protect|p2b: Pelipper\n|-singleturn|p2b: Pelipper|Protect\n|move|p1b: Garchomp|Thunder Fang|p2a: Incineroar\n|-damage|p2a: Incineroar|70/100\n|move|p1a: Tyranitar|Rock Slide|p2b: Pelipper|[spread] p2a\n|-activate|p2b: Pelipper|move: Protect\n|-supereffective|p2a: Incineroar|1\n|-damage|p2a: Incineroar|32/100\n|cant|p2a: Incineroar|flinch\n|\n|-weather|RainDance|[upkeep]\n|upkeep\n|turn|8\n|c|\u2606DylanNoPancakes|gg\n|inactive|Battle timer is ON: inactive players will automatically lose when time's up. (requested by DylanNoPancakes)\n|\n|t:|1776443743\n|move|p1b: Garchomp|Thunder Fang|p2b: Pelipper|[miss]\n|-miss|p1b: Garchomp|p2b: Pelipper\n|move|p2b: Pelipper|Weather Ball|p1b: Garchomp\n|-damage|p1b: Garchomp|0 fnt\n|faint|p1b: Garchomp\n|move|p1a: Tyranitar|Rock Slide|p2a: Incineroar|[spread] p2a,p2b\n|-supereffective|p2a: Incineroar|1\n|-supereffective|p2b: Pelipper|1\n|-damage|p2a: Incineroar|0 fnt\n|-damage|p2b: Pelipper|0 fnt\n|faint|p2a: Incineroar\n|faint|p2b: Pelipper\n|\n|win|mkugmrs_guest\n|raw|mkugmrs_guest's rating: 1067 &rarr; <strong>1102</strong><br />(+35 for winning)\n|raw|DylanNoPancakes's rating: 1123 &rarr; <strong>1094</strong><br />(-29 for losing)\n|c|\u2606mkugmrs_guest|gg\n|c|\u2606DylanNoPancakes|lmao that was so funn\n|c|\u2606DylanNoPancakes|gg\n|c|\u2606mkugmrs_guest|very\n|l|\u2606DylanNoPancakes\n|player|p2|\n",
  "uploadtime": 1776443757,
  "views": 32,
  "formatid": "gen9championsvgc2026regma",
  "rating": 1094,
  "private": 0,
  "password": null
}