{
  "id": "gen9championsvgc2026regma-2587546677",
  "format": "[Gen 9 Champions] VGC 2026 Reg M-A",
  "players": [
    "Volkayn0",
    "Aze77"
  ],
  "log": "|j|\u2606Volkayn0\n|j|\u2606Aze77\n|t:|1776541141\n|gametype|doubles\n|player|p1|Volkayn0|2|1116\n|player|p2|Aze77|1|1099\n|gen|9\n|tier|[Gen 9 Champions] VGC 2026 Reg M-A\n|rated|\n|rule|Species Clause: Limit one of each Pok\u00e9mon\n|rule|Item Clause: Limit 1 of each item\n|clearpoke\n|poke|p1|Charizard, L50, M|\n|poke|p1|Aerodactyl, L50, F|\n|poke|p1|Venusaur, L50, F|\n|poke|p1|Sneasler, L50, F|\n|poke|p1|Kingambit, L50, M|\n|poke|p1|Garchomp, L50, M|\n|poke|p2|Froslass, L50, F, shiny|\n|poke|p2|Sneasler, L50, M, shiny|\n|poke|p2|Basculegion, L50, M, shiny|\n|poke|p2|Ninetales-Alola, L50, F, shiny|\n|poke|p2|Mimikyu, L50, F, shiny|\n|poke|p2|Altaria, L50, F, shiny|\n|teampreview|4\n|inactive|Battle timer is ON: inactive players will automatically lose when time's up. (requested by Aze77)\n|inactive|Volkayn0 has 60 seconds left.\n|inactive|Aze77 has 60 seconds left.\n|\n|t:|1776541177\n|teamsize|p1|4\n|teamsize|p2|4\n|start\n|switch|p1a: Aerodactyl|Aerodactyl, L50, F|100/100\n|switch|p1b: Sneasler|Sneasler, L50, F|100/100\n|switch|p2a: Basculegion|Basculegion, L50, M, shiny|100/100\n|switch|p2b: Sneasler|Sneasler, L50, M, shiny|100/100\n|-ability|p1a: Aerodactyl|Unnerve\n|turn|1\n|\n|t:|1776541200\n|move|p1b: Sneasler|Fake Out|p2a: Basculegion\n|-immune|p2a: Basculegion\n|move|p2b: Sneasler|Fake Out|p1b: Sneasler\n|-damage|p1b: Sneasler|80/100\n|move|p1a: Aerodactyl|Tailwind|p1a: Aerodactyl\n|-sidestart|p1: Volkayn0|move: Tailwind\n|move|p2a: Basculegion|Flip Turn|p1a: Aerodactyl\n|-supereffective|p1a: Aerodactyl|1\n|-enditem|p1a: Aerodactyl|Focus Sash\n|-damage|p1a: Aerodactyl|1/100\n|\n|t:|1776541212\n|switch|p2a: Mimikyu|Mimikyu, L50, F, shiny|100/100|[from] Flip Turn\n|\n|upkeep\n|turn|2\n|inactive|Volkayn0 has 30 seconds left.\n|inactive|Aze77 has 30 seconds left.\n|inactive|Volkayn0 has 20 seconds left.\n|\n|t:|1776541247\n|switch|p1b: Charizard|Charizard, L50, M|100/100\n|move|p1a: Aerodactyl|Dual Wingbeat|p2b: Sneasler\n|-supereffective|p2b: Sneasler|1\n|-damage|p2b: Sneasler|59/100\n|-supereffective|p2b: Sneasler|1\n|-damage|p2b: Sneasler|16/100\n|-hitcount|p2b: Sneasler|2\n|move|p2b: Sneasler|Dire Claw|p1a: Aerodactyl\n|-resisted|p1a: Aerodactyl|1\n|-damage|p1a: Aerodactyl|0 fnt\n|faint|p1a: Aerodactyl\n|move|p2a: Mimikyu|Trick Room|p2a: Mimikyu\n|-fieldstart|move: Trick Room|[of] p2a: Mimikyu\n|\n|upkeep\n|\n|t:|1776541260\n|switch|p1a: Kingambit|Kingambit, L50, M|100/100\n|turn|3\n|\n|t:|1776541278\n|detailschange|p1b: Charizard|Charizard-Mega-Y, L50, M\n|-mega|p1b: Charizard|Charizard|Charizardite Y\n|-weather|SunnyDay|[from] ability: Drought|[of] p1b: Charizard\n|move|p2a: Mimikyu|Will-O-Wisp|p1a: Kingambit\n|-status|p1a: Kingambit|brn\n|move|p1a: Kingambit|Iron Head|p2a: Mimikyu\n|-activate|p2a: Mimikyu|ability: Disguise\n|-damage|p2a: Mimikyu|100/100\n|detailschange|p2a: Mimikyu|Mimikyu-Busted, L50, F, shiny\n|-damage|p2a: Mimikyu|88/100|[from] pokemon: Mimikyu-Busted\n|move|p2b: Sneasler|Dire Claw|p1b: Charizard\n|-damage|p1b: Charizard|50/100\n|move|p1b: Charizard|Heat Wave|p2a: Mimikyu|[spread] p2a,p2b\n|-damage|p2a: Mimikyu|23/100\n|-damage|p2b: Sneasler|0 fnt\n|faint|p2b: Sneasler\n|\n|-weather|SunnyDay|[upkeep]\n|-damage|p1a: Kingambit|95/100 brn|[from] brn\n|upkeep\n|\n|t:|1776541300\n|switch|p2b: Altaria|Altaria, L50, F, shiny|100/100\n|-ability|p2b: Altaria|Cloud Nine\n|turn|4\n|inactive|Volkayn0 has 30 seconds left.\n|inactive|Aze77 has 30 seconds left.\n|\n|t:|1776541333\n|switch|p2a: Basculegion|Basculegion, L50, M, shiny|100/100\n|switch|p1b: Sneasler|Sneasler, L50, F|80/100\n|detailschange|p2b: Altaria|Altaria-Mega, L50, F, shiny\n|-mega|p2b: Altaria|Altaria|Altarianite\n|move|p1a: Kingambit|Sucker Punch||[still]\n|-fail|p1a: Kingambit\n|move|p2b: Altaria|Flamethrower|p1a: Kingambit\n|-supereffective|p1a: Kingambit|1\n|-damage|p1a: Kingambit|7/100 brn\n|\n|-weather|SunnyDay|[upkeep]\n|-heal|p1a: Kingambit|12/100 brn|[from] item: Leftovers\n|-damage|p1a: Kingambit|7/100 brn|[from] brn\n|-sideend|p1: Volkayn0|move: Tailwind\n|upkeep\n|turn|5\n|inactive|Volkayn0 has 30 seconds left.\n|inactive|Aze77 has 30 seconds left.\n|inactive|Aze77 has 20 seconds left.\n|\n|t:|1776541369\n|move|p1a: Kingambit|Sucker Punch|p2a: Basculegion\n|-supereffective|p2a: Basculegion|1\n|-damage|p2a: Basculegion|50/100\n|move|p2b: Altaria|Hyper Voice|p1a: Kingambit|[spread] p1a,p1b\n|-damage|p1a: Kingambit|0 fnt\n|-damage|p1b: Sneasler|27/100\n|faint|p1a: Kingambit\n|move|p1b: Sneasler|Dire Claw|p2b: Altaria\n|-supereffective|p2b: Altaria|1\n|-damage|p2b: Altaria|24/100\n|move|p2a: Basculegion|Flip Turn|p1b: Sneasler\n|-damage|p1b: Sneasler|0 fnt\n|faint|p1b: Sneasler\n|\n|t:|1776541387\n|switch|p2a: Mimikyu|Mimikyu-Busted, L50, F, shiny|23/100|[from] Flip Turn\n|\n|-weather|SunnyDay|[upkeep]\n|upkeep\n|\n|t:|1776541392\n|switch|p1a: Charizard|Charizard-Mega-Y, L50, M|50/100\n|turn|6\n|\n|t:|1776541405\n|move|p2b: Altaria|Hyper Voice|p1a: Charizard\n|-resisted|p1a: Charizard|1\n|-damage|p1a: Charizard|22/100\n|move|p2a: Mimikyu|Taunt|p1a: Charizard\n|-start|p1a: Charizard|move: Taunt\n|move|p1a: Charizard|Heat Wave|p2a: Mimikyu|[spread] p2a,p2b\n|-resisted|p2b: Altaria|1\n|-damage|p2a: Mimikyu|0 fnt\n|-damage|p2b: Altaria|0 fnt\n|faint|p2a: Mimikyu\n|faint|p2b: Altaria\n|\n|-weather|SunnyDay|[upkeep]\n|-fieldend|move: Trick Room\n|upkeep\n|\n|t:|1776541420\n|switch|p2a: Basculegion|Basculegion, L50, M, shiny|50/100\n|turn|7\n|\n|t:|1776541427\n|move|p2a: Basculegion|Last Respects|p1a: Charizard\n|-damage|p1a: Charizard|0 fnt\n|faint|p1a: Charizard\n|\n|win|Aze77\n|raw|Volkayn0's rating: 1116 &rarr; <strong>1090</strong><br />(-26 for losing)\n|raw|Aze77's rating: 1099 &rarr; <strong>1125</strong><br />(+26 for winning)\n|l|\u2606Volkayn0\n|player|p1|\n",
  "uploadtime": 1776541461,
  "views": 32,
  "formatid": "gen9championsvgc2026regma",
  "rating": 1090,
  "private": 0,
  "password": null
}