{
  "id": "gen9championsvgc2026regma-2580744244",
  "format": "[Gen 9 Champions] VGC 2026 Reg M-A",
  "players": [
    "HeliosAtDawn",
    "JAZZNINE"
  ],
  "log": "|j|\u2606HeliosAtDawn\n|j|\u2606JAZZNINE\n|t:|1775928928\n|gametype|doubles\n|player|p1|HeliosAtDawn|dawn|1210\n|player|p2|JAZZNINE|artist|1144\n|gen|9\n|tier|[Gen 9 Champions] VGC 2026 Reg M-A\n|rated|\n|rule|Species Clause: Limit one of each Pok\u00e9mon\n|rule|Item Clause: Limit 1 of each item\n|clearpoke\n|poke|p1|Aerodactyl, L50, M|\n|poke|p1|Froslass, L50, F|\n|poke|p1|Incineroar, L50, M|\n|poke|p1|Klefki, L50, M|\n|poke|p1|Sneasler, L50, M|\n|poke|p1|Palafin, L50, M|\n|poke|p2|Alakazam, L50, M|\n|poke|p2|Farigiraf, L50, F|\n|poke|p2|Aggron, L50, M|\n|poke|p2|Incineroar, L50, F|\n|poke|p2|Milotic, L50, M|\n|poke|p2|Aerodactyl, L50, F|\n|teampreview|4\n|\n|t:|1775928966\n|teamsize|p1|4\n|teamsize|p2|4\n|start\n|switch|p1a: Incineroar|Incineroar, L50, M|100/100\n|switch|p1b: Palafin|Palafin, L50, M|100/100\n|switch|p2a: Aggron|Aggron, L50, M|100/100\n|switch|p2b: Milotic|Milotic, L50, M|100/100\n|-ability|p1a: Incineroar|Intimidate|boost\n|-unboost|p2a: Aggron|atk|1\n|-unboost|p2b: Milotic|atk|1\n|-ability|p2b: Milotic|Competitive|boost\n|-boost|p2b: Milotic|spa|2\n|turn|1\n|\n|t:|1775928987\n|switch|p2a: Farigiraf|Farigiraf, L50, F|100/100\n|move|p1a: Incineroar|Fake Out||[still]\n|cant|p2a: Farigiraf|ability: Armor Tail|Fake Out|[of] p1a: Incineroar\n|move|p1b: Palafin|Close Combat|p2a: Farigiraf\n|-crit|p2a: Farigiraf\n|-damage|p2a: Farigiraf|60/100\n|-unboost|p1b: Palafin|def|1\n|-unboost|p1b: Palafin|spd|1\n|move|p2b: Milotic|Scald|p1a: Incineroar\n|-supereffective|p1a: Incineroar|1\n|-damage|p1a: Incineroar|1/100\n|\n|-heal|p1a: Incineroar|7/100|[from] item: Leftovers\n|upkeep\n|turn|2\n|\n|t:|1775929014\n|move|p1b: Palafin|Close Combat|p2a: Farigiraf\n|-damage|p2a: Farigiraf|34/100\n|-unboost|p1b: Palafin|def|1\n|-unboost|p1b: Palafin|spd|1\n|-enditem|p2a: Farigiraf|Sitrus Berry|[eat]\n|-heal|p2a: Farigiraf|59/100|[from] item: Sitrus Berry\n|move|p2b: Milotic|Icy Wind|p1a: Incineroar|[spread] p1a,p1b\n|-resisted|p1a: Incineroar|1\n|-resisted|p1b: Palafin|1\n|-damage|p1a: Incineroar|0 fnt\n|-damage|p1b: Palafin|71/100\n|-unboost|p1b: Palafin|spe|1\n|faint|p1a: Incineroar\n|move|p2a: Farigiraf|Hyper Voice|p1b: Palafin\n|-damage|p1b: Palafin|0 fnt\n|faint|p1b: Palafin\n|\n|upkeep\n|\n|t:|1775929025\n|switch|p1b: Froslass|Froslass, L50, F|100/100\n|switch|p1a: Aerodactyl|Aerodactyl, L50, M|100/100\n|turn|3\n|\n|t:|1775929044\n|detailschange|p1b: Froslass|Froslass-Mega, L50, F\n|-mega|p1b: Froslass|Froslass|Froslassite\n|-weather|Snowscape|[from] ability: Snow Warning|[of] p1b: Froslass\n|move|p1a: Aerodactyl|Rock Slide|p2b: Milotic|[spread] p2a,p2b\n|-damage|p2a: Farigiraf|35/100\n|-damage|p2b: Milotic|76/100\n|move|p1b: Froslass|Blizzard|p2a: Farigiraf|[spread] p2a,p2b\n|-resisted|p2b: Milotic|1\n|-damage|p2a: Farigiraf|0 fnt\n|-damage|p2b: Milotic|60/100\n|faint|p2a: Farigiraf\n|cant|p2b: Milotic|flinch\n|\n|-weather|Snowscape|[upkeep]\n|-heal|p2b: Milotic|66/100|[from] item: Leftovers\n|upkeep\n|\n|t:|1775929059\n|switch|p2a: Aggron|Aggron, L50, M|100/100\n|turn|4\n|\n|t:|1775929100\n|move|p1a: Aerodactyl|Rock Slide|p2a: Aggron|[spread] p2a,p2b\n|-resisted|p2a: Aggron|1\n|-crit|p2a: Aggron\n|-damage|p2a: Aggron|90/100\n|-damage|p2b: Milotic|40/100\n|move|p1b: Froslass|Shadow Ball|p2b: Milotic\n|-damage|p2b: Milotic|8/100\n|move|p2b: Milotic|Scald|p1b: Froslass\n|-damage|p1b: Froslass|27/100\n|move|p2a: Aggron|Body Press|p1a: Aerodactyl\n|-damage|p1a: Aerodactyl|35/100\n|\n|-weather|Snowscape|[upkeep]\n|-heal|p2b: Milotic|14/100|[from] item: Leftovers\n|upkeep\n|turn|5\n|\n|t:|1775929121\n|move|p2b: Milotic|Protect|p2b: Milotic\n|-singleturn|p2b: Milotic|Protect\n|move|p1a: Aerodactyl|Rock Slide|p2a: Aggron|[spread] p2a\n|-activate|p2b: Milotic|move: Protect\n|-resisted|p2a: Aggron|1\n|-damage|p2a: Aggron|83/100\n|move|p1b: Froslass|Shadow Ball|p2a: Aggron\n|-damage|p2a: Aggron|20/100\n|cant|p2a: Aggron|flinch\n|\n|-weather|Snowscape|[upkeep]\n|-heal|p2b: Milotic|20/100|[from] item: Leftovers\n|upkeep\n|turn|6\n|\n|t:|1775929144\n|move|p2a: Aggron|Protect|p2a: Aggron\n|-singleturn|p2a: Aggron|Protect\n|move|p1a: Aerodactyl|Rock Slide|p2a: Aggron|[spread] p2b\n|-activate|p2a: Aggron|move: Protect\n|-damage|p2b: Milotic|0 fnt\n|faint|p2b: Milotic\n|move|p1b: Froslass|Shadow Ball|p2a: Aggron\n|-activate|p2a: Aggron|move: Protect\n|\n|-weather|Snowscape|[upkeep]\n|upkeep\n|\n|t:|1775929154\n|switch|p2b: Aerodactyl|Aerodactyl, L50, F|100/100\n|turn|7\n|\n|t:|1775929166\n|detailschange|p2b: Aerodactyl|Aerodactyl-Mega, L50, F\n|-mega|p2b: Aerodactyl|Aerodactyl|Aerodactylite\n|move|p2b: Aerodactyl|Rock Slide|p1a: Aerodactyl|[spread] p1a\n|-miss|p2b: Aerodactyl|p1b: Froslass\n|-supereffective|p1a: Aerodactyl|1\n|-damage|p1a: Aerodactyl|0 fnt\n|faint|p1a: Aerodactyl\n|move|p1b: Froslass|Blizzard|p2a: Aggron|[spread] p2a,p2b\n|-resisted|p2a: Aggron|1\n|-supereffective|p2b: Aerodactyl|1\n|-damage|p2a: Aggron|0 fnt\n|-damage|p2b: Aerodactyl|0 fnt\n|faint|p2a: Aggron\n|faint|p2b: Aerodactyl\n|\n|win|HeliosAtDawn\n|raw|HeliosAtDawn's rating: 1210 &rarr; <strong>1230</strong><br />(+20 for winning)\n|raw|JAZZNINE's rating: 1144 &rarr; <strong>1124</strong><br />(-20 for losing)\n|l|\u2606JAZZNINE\n|player|p2|\n",
  "uploadtime": 1775929178,
  "views": 13,
  "formatid": "gen9championsvgc2026regma",
  "rating": 1124,
  "private": 0,
  "password": null
}