{
  "id": "gen9championsvgc2026regma-2581793109",
  "format": "[Gen 9 Champions] VGC 2026 Reg M-A",
  "players": [
    "Ismael_BR",
    "GriefersVGC"
  ],
  "log": "|j|\u2606Ismael_BR\n|j|\u2606GriefersVGC\n|t:|1776028846\n|gametype|doubles\n|player|p1|Ismael_BR|169|1079\n|player|p2|GriefersVGC|pokemaniac|1040\n|gen|9\n|tier|[Gen 9 Champions] VGC 2026 Reg M-A\n|rated|\n|rule|Species Clause: Limit one of each Pok\u00e9mon\n|rule|Item Clause: Limit 1 of each item\n|clearpoke\n|poke|p1|Aggron, L50, M|\n|poke|p1|Tyranitar, L50, M|\n|poke|p1|Incineroar, L50, M|\n|poke|p1|Whimsicott, L50, F|\n|poke|p1|Garchomp, L50, F|\n|poke|p1|Zoroark-Hisui, L50, M|\n|poke|p2|Clefable, L50, M|\n|poke|p2|Garchomp, L50, F|\n|poke|p2|Corviknight, L50, M|\n|poke|p2|Incineroar, L50, F|\n|poke|p2|Sneasler, L50, F|\n|poke|p2|Rotom-Wash, L50|\n|teampreview|4\n|inactive|Battle timer is ON: inactive players will automatically lose when time's up. (requested by Ismael_BR)\n|\n|t:|1776028890\n|teamsize|p1|4\n|teamsize|p2|4\n|start\n|switch|p1a: Incineroar|Incineroar, L50, M|100/100\n|switch|p1b: Aggron|Aggron, L50, M|100/100\n|switch|p2a: Incineroar|Incineroar, L50, F, shiny|100/100\n|switch|p2b: Rotom|Rotom-Wash, L50, shiny|100/100\n|-ability|p2a: Incineroar|Intimidate|boost\n|-unboost|p1a: Incineroar|atk|1\n|-unboost|p1b: Aggron|atk|1\n|-ability|p1a: Incineroar|Intimidate|boost\n|-unboost|p2a: Incineroar|atk|1\n|-unboost|p2b: Rotom|atk|1\n|turn|1\n|\n|t:|1776028913\n|move|p2a: Incineroar|Fake Out|p1a: Incineroar\n|-damage|p1a: Incineroar|94/100\n|cant|p1a: Incineroar|flinch\n|move|p1b: Aggron|Hyper Voice|p2a: Incineroar|[spread] p2a,p2b\n|-damage|p2a: Incineroar|72/100\n|-damage|p2b: Rotom|68/100\n|move|p2b: Rotom|Hydro Pump|p1b: Aggron\n|-damage|p1b: Aggron|9/100\n|replace|p1b: Zoroark|Zoroark-Hisui, L50, M\n|-end|p1b: Zoroark|Illusion\n|\n|upkeep\n|turn|2\n|\n|t:|1776028937\n|move|p1b: Zoroark|Hyper Voice|p2b: Rotom|[spread] p2a,p2b\n|-damage|p2a: Incineroar|42/100\n|-damage|p2b: Rotom|33/100\n|move|p2b: Rotom|Hydro Pump|p1a: Incineroar\n|-supereffective|p1a: Incineroar|1\n|-damage|p1a: Incineroar|15/100\n|-enditem|p1a: Incineroar|Sitrus Berry|[eat]\n|-heal|p1a: Incineroar|40/100|[from] item: Sitrus Berry\n|move|p2a: Incineroar|Throat Chop|p1b: Zoroark\n|-supereffective|p1b: Zoroark|1\n|-enditem|p1b: Zoroark|Colbur Berry|[eat]\n|-enditem|p1b: Zoroark|Colbur Berry|[weaken]\n|-damage|p1b: Zoroark|0 fnt\n|faint|p1b: Zoroark\n|move|p1a: Incineroar|Parting Shot|p2b: Rotom\n|-unboost|p2b: Rotom|atk|1\n|-unboost|p2b: Rotom|spa|1\n|\n|t:|1776028953\n|switch|p1a: Tyranitar|Tyranitar, L50, M|100/100|[from] Parting Shot\n|-weather|Sandstorm|[from] ability: Sand Stream|[of] p1a: Tyranitar\n|\n|-weather|Sandstorm|[upkeep]\n|-damage|p2b: Rotom|27/100|[from] Sandstorm\n|-damage|p2a: Incineroar|36/100|[from] Sandstorm\n|upkeep\n|\n|t:|1776028960\n|switch|p1b: Incineroar|Incineroar, L50, M|40/100\n|-ability|p1b: Incineroar|Intimidate|boost\n|-unboost|p2a: Incineroar|atk|1\n|-unboost|p2b: Rotom|atk|1\n|turn|3\n|\n|t:|1776028973\n|move|p1b: Incineroar|Fake Out|p2b: Rotom\n|-damage|p2b: Rotom|16/100\n|move|p1a: Tyranitar|Rock Slide|p2b: Rotom|[spread] p2b\n|-miss|p1a: Tyranitar|p2a: Incineroar\n|-damage|p2b: Rotom|0 fnt\n|faint|p2b: Rotom\n|move|p2a: Incineroar|Parting Shot|p1a: Tyranitar\n|-unboost|p1a: Tyranitar|atk|1\n|-unboost|p1a: Tyranitar|spa|1\n|\n|t:|1776028989\n|switch|p2a: Sneasler|Sneasler, L50, F, shiny|100/100|[from] Parting Shot\n|\n|-weather|Sandstorm|[upkeep]\n|-damage|p2a: Sneasler|95/100|[from] Sandstorm\n|-damage|p1b: Incineroar|34/100|[from] Sandstorm\n|upkeep\n|\n|t:|1776028992\n|switch|p2b: Incineroar|Incineroar, L50, F, shiny|36/100\n|-ability|p2b: Incineroar|Intimidate|boost\n|-unboost|p1a: Tyranitar|atk|1\n|-unboost|p1b: Incineroar|atk|1\n|turn|4\n|inactive|GriefersVGC has 30 seconds left.\n|\n|t:|1776029021\n|switch|p1b: Aggron|Aggron, L50, M|100/100\n|move|p2b: Incineroar|Fake Out|p1a: Tyranitar\n|-resisted|p1a: Tyranitar|1\n|-damage|p1a: Tyranitar|95/100\n|move|p2a: Sneasler|Close Combat|p1b: Aggron\n|-supereffective|p1b: Aggron|2\n|-ability|p1b: Aggron|Sturdy\n|-damage|p1b: Aggron|1/100\n|-unboost|p2a: Sneasler|def|1\n|-unboost|p2a: Sneasler|spd|1\n|cant|p1a: Tyranitar|flinch\n|\n|-weather|Sandstorm|[upkeep]\n|-damage|p2a: Sneasler|89/100|[from] Sandstorm\n|-damage|p2b: Incineroar|30/100|[from] Sandstorm\n|upkeep\n|turn|5\n|inactive|Ismael_BR has 30 seconds left.\n|inactive|GriefersVGC has 30 seconds left.\n|\n|t:|1776029054\n|switch|p2b: Corviknight|Corviknight, L50, M, shiny|100/100\n|move|p1b: Aggron|Protect|p1b: Aggron\n|-singleturn|p1b: Aggron|Protect\n|move|p2a: Sneasler|Close Combat|p1a: Tyranitar\n|-supereffective|p1a: Tyranitar|2\n|-damage|p1a: Tyranitar|0 fnt\n|-unboost|p2a: Sneasler|def|1\n|-unboost|p2a: Sneasler|spd|1\n|faint|p1a: Tyranitar\n|\n|-weather|Sandstorm|[upkeep]\n|-damage|p2a: Sneasler|83/100|[from] Sandstorm\n|upkeep\n|-message|Ismael_BR forfeited.\n|\n|win|GriefersVGC\n|raw|Ismael_BR's rating: 1079 &rarr; <strong>1055</strong><br />(-24 for losing)\n|raw|GriefersVGC's rating: 1040 &rarr; <strong>1078</strong><br />(+38 for winning)\n|l|\u2606Ismael_BR\n|player|p1|\n",
  "uploadtime": 1776029068,
  "views": 13,
  "formatid": "gen9championsvgc2026regma",
  "rating": 1055,
  "private": 0,
  "password": null
}