{
  "id": "gen9championsvgc2026regma-2582787159",
  "format": "[Gen 9 Champions] VGC 2026 Reg M-A",
  "players": [
    "ryanline97",
    "buglover9"
  ],
  "log": "|j|\u2606ryanline97\n|j|\u2606buglover9\n|t:|1776114104\n|gametype|doubles\n|player|p1|ryanline97|266|1081\n|player|p2|buglover9|bugcatcher-gen4dp|1085\n|gen|9\n|tier|[Gen 9 Champions] VGC 2026 Reg M-A\n|rated|\n|rule|Species Clause: Limit one of each Pok\u00e9mon\n|rule|Item Clause: Limit 1 of each item\n|clearpoke\n|poke|p1|Charizard, L50, F|\n|poke|p1|Venusaur, L50, F|\n|poke|p1|Garchomp, L50, F|\n|poke|p1|Incineroar, L50, F|\n|poke|p1|Sneasler, L50, M|\n|poke|p1|Rotom-Wash, L50|\n|poke|p2|Araquanid, L50, M|\n|poke|p2|Arcanine, L50, M|\n|poke|p2|Kommo-o, L50, M|\n|poke|p2|Kangaskhan, L50, F|\n|poke|p2|Sinistcha, L50|\n|poke|p2|Clefable, L50, F|\n|teampreview|4\n|inactive|Battle timer is ON: inactive players will automatically lose when time's up. (requested by buglover9)\nbuglover9 rejected open team sheets.\n|inactive|ryanline97 has 60 seconds left.\n|inactive|buglover9 has 60 seconds left.\n|\n|t:|1776114145\n|teamsize|p1|4\n|teamsize|p2|4\n|start\n|switch|p1a: Sneasler|Sneasler, L50, M|100/100\n|switch|p1b: Incineroar|Incineroar, L50, F|100/100\n|switch|p2a: Araquanid|Araquanid, L50, M|100/100\n|switch|p2b: Kangaskhan|Kangaskhan, L50, F|100/100\n|-ability|p1b: Incineroar|Intimidate|boost\n|-unboost|p2a: Araquanid|atk|1\n|-fail|p2b: Kangaskhan|unboost|Attack|[from] ability: Scrappy|[of] p2b: Kangaskhan\n|turn|1\n|\n|t:|1776114168\n|detailschange|p2b: Kangaskhan|Kangaskhan-Mega, L50, F\n|-mega|p2b: Kangaskhan|Kangaskhan|Kangaskhanite\n|move|p1a: Sneasler|Fake Out|p2b: Kangaskhan\n|-damage|p2b: Kangaskhan|87/100\n|cant|p2b: Kangaskhan|flinch\n|move|p1b: Incineroar|Fake Out|p2a: Araquanid\n|-damage|p2a: Araquanid|88/100\n|cant|p2a: Araquanid|flinch\n|\n|upkeep\n|turn|2\n|\n|t:|1776114186\n|switch|p2b: Clefable|Clefable, L50, F|100/100\n|move|p1a: Sneasler|Close Combat|p2b: Clefable\n|-resisted|p2b: Clefable|1\n|-damage|p2b: Clefable|63/100\n|-unboost|p1a: Sneasler|def|1\n|-unboost|p1a: Sneasler|spd|1\n|-enditem|p1a: Sneasler|White Herb\n|-clearnegativeboost|p1a: Sneasler|[silent]\n|move|p1b: Incineroar|Parting Shot|p2a: Araquanid\n|-unboost|p2a: Araquanid|atk|1\n|-unboost|p2a: Araquanid|spa|1\n|\n|t:|1776114199\n|switch|p1b: Charizard|Charizard, L50, F|100/100|[from] Parting Shot\n|move|p2a: Araquanid|Liquidation|p1b: Charizard\n|-supereffective|p1b: Charizard|1\n|-damage|p1b: Charizard|37/100\n|-unboost|p1b: Charizard|def|1\n|\n|upkeep\n|turn|3\n|\n|t:|1776114218\n|switch|p2a: Sinistcha|Sinistcha, L50|100/100\n|-heal|p2b: Clefable|88/100|[from] ability: Hospitality|[of] p2a: Sinistcha\n|detailschange|p1b: Charizard|Charizard-Mega-Y, L50, F\n|-mega|p1b: Charizard|Charizard|Charizardite Y\n|-weather|SunnyDay|[from] ability: Drought|[of] p1b: Charizard\n|move|p1b: Charizard|Protect|p1b: Charizard\n|-singleturn|p1b: Charizard|Protect\n|move|p1a: Sneasler|Dire Claw|p2b: Clefable\n|-supereffective|p2b: Clefable|1\n|-enditem|p2b: Clefable|Kebia Berry|[eat]\n|-enditem|p2b: Clefable|Kebia Berry|[weaken]\n|-damage|p2b: Clefable|39/100\n|-status|p2b: Clefable|par\n|move|p2b: Clefable|Psychic|p1a: Sneasler\n|-supereffective|p1a: Sneasler|2\n|-damage|p1a: Sneasler|0 fnt\n|faint|p1a: Sneasler\n|\n|-weather|SunnyDay|[upkeep]\n|upkeep\n|\n|t:|1776114239\n|switch|p1a: Venusaur|Venusaur, L50, F|100/100\n|turn|4\n|\n|t:|1776114262\n|switch|p2b: Kangaskhan|Kangaskhan-Mega, L50, F|87/100\n|move|p1a: Venusaur|Sludge Bomb|p2b: Kangaskhan\n|-damage|p2b: Kangaskhan|46/100\n|move|p1b: Charizard|Heat Wave|p2a: Sinistcha|[spread] p2a,p2b\n|-supereffective|p2a: Sinistcha|1\n|-damage|p2a: Sinistcha|0 fnt\n|-damage|p2b: Kangaskhan|0 fnt\n|faint|p2a: Sinistcha\n|faint|p2b: Kangaskhan\n|\n|-weather|SunnyDay|[upkeep]\n|upkeep\n|\n|t:|1776114272\n|switch|p2b: Clefable|Clefable, L50, F|39/100 par\n|switch|p2a: Araquanid|Araquanid, L50, M|88/100\n|turn|5\n|inactive|ryanline97 has 30 seconds left.\n|\n|t:|1776114298\n|move|p1a: Venusaur|Sleep Powder|p2a: Araquanid|[miss]\n|-miss|p1a: Venusaur|p2a: Araquanid\n|move|p1b: Charizard|Heat Wave|p2a: Araquanid|[spread] p2a,p2b\n|-damage|p2a: Araquanid|66/100\n|-damage|p2b: Clefable|0 fnt\n|faint|p2b: Clefable\n|move|p2a: Araquanid|Liquidation|p1b: Charizard\n|-supereffective|p1b: Charizard|1\n|-damage|p1b: Charizard|0 fnt\n|faint|p1b: Charizard\n|\n|-weather|SunnyDay|[upkeep]\n|upkeep\n|-message|buglover9 forfeited.\n|\n|win|ryanline97\n|raw|ryanline97's rating: 1081 &rarr; <strong>1109</strong><br />(+28 for winning)\n|raw|buglover9's rating: 1085 &rarr; <strong>1062</strong><br />(-23 for losing)\n|l|\u2606buglover9\n|player|p2|\n",
  "uploadtime": 1776114313,
  "views": 13,
  "formatid": "gen9championsvgc2026regma",
  "rating": 1062,
  "private": 0,
  "password": null
}