{
  "id": "gen9championsvgc2026regma-2586660704",
  "format": "[Gen 9 Champions] VGC 2026 Reg M-A",
  "players": [
    "Supernovakush",
    "mazuki0929"
  ],
  "log": "|j|\u2606Supernovakush\n|j|\u2606mazuki0929\n|t:|1776450145\n|gametype|doubles\n|player|p1|Supernovakush|iris-gen5bw2|1234\n|player|p2|mazuki0929|102|1268\n|gen|9\n|tier|[Gen 9 Champions] VGC 2026 Reg M-A\n|rated|\n|rule|Species Clause: Limit one of each Pok\u00e9mon\n|rule|Item Clause: Limit 1 of each item\n|clearpoke\n|poke|p1|Floette-Eternal, L50, F|\n|poke|p1|Maushold, L50|\n|poke|p1|Garchomp, L50, F|\n|poke|p1|Talonflame, L50, M|\n|poke|p1|Rotom-Wash, L50|\n|poke|p1|Aegislash, L50, F|\n|poke|p2|Blastoise, L50, F|\n|poke|p2|Talonflame, L50, F|\n|poke|p2|Venusaur, L50, F|\n|poke|p2|Pelipper, L50, M|\n|poke|p2|Garchomp, L50, F|\n|poke|p2|Basculegion, L50, M|\n|teampreview|4\n|inactive|Battle timer is ON: inactive players will automatically lose when time's up. (requested by mazuki0929)\n|\n|t:|1776450208\n|teamsize|p1|4\n|teamsize|p2|4\n|start\n|switch|p1a: Talonflame|Talonflame, L50, M|100/100\n|switch|p1b: Rotom|Rotom-Wash, L50|100/100\n|switch|p2a: Talonflame|Talonflame, L50, F|100/100\n|switch|p2b: Venusaur|Venusaur, L50, F|100/100\n|turn|1\n|inactive|mazuki0929 has 30 seconds left.\n|\n|t:|1776450238\n|detailschange|p2b: Venusaur|Venusaur-Mega, L50, F\n|-mega|p2b: Venusaur|Venusaur|Venusaurite\n|move|p2a: Talonflame|Protect|p2a: Talonflame\n|-singleturn|p2a: Talonflame|Protect\n|move|p1a: Talonflame|Tailwind|p1a: Talonflame\n|-sidestart|p1: Supernovakush|move: Tailwind\n|move|p1b: Rotom|Volt Switch|p2a: Talonflame\n|-activate|p2a: Talonflame|move: Protect\n|move|p2b: Venusaur|Leech Seed|p1a: Talonflame\n|-start|p1a: Talonflame|move: Leech Seed\n|\n|-damage|p1a: Talonflame|88/100|[from] Leech Seed|[of] p2b: Venusaur\n|upkeep\n|turn|2\n|\n|t:|1776450261\n|move|p2a: Talonflame|Tailwind|p2a: Talonflame\n|-sidestart|p2: mazuki0929|move: Tailwind\n|move|p1a: Talonflame|Acrobatics|p2b: Venusaur\n|-supereffective|p2b: Venusaur|1\n|-damage|p2b: Venusaur|36/100\n|move|p1b: Rotom|Volt Switch|p2a: Talonflame\n|-supereffective|p2a: Talonflame|1\n|-damage|p2a: Talonflame|2/100\n|\n|t:|1776450271\n|switch|p1b: Aegislash|Aegislash, L50, F|100/100|[from] Volt Switch\n|move|p2b: Venusaur|Giga Drain|p1b: Aegislash\n|-resisted|p1b: Aegislash|1\n|-damage|p1b: Aegislash|84/100\n|-heal|p2b: Venusaur|44/100|[from] drain|[of] p1b: Aegislash\n|\n|-damage|p1a: Talonflame|76/100|[from] Leech Seed|[of] p2b: Venusaur\n|-heal|p2b: Venusaur|54/100|[silent]\n|upkeep\n|turn|3\n|\n|t:|1776450285\n|switch|p2a: Garchomp|Garchomp, L50, F|100/100\n|move|p2b: Venusaur|Protect|p2b: Venusaur\n|-singleturn|p2b: Venusaur|Protect\n|-formechange|p1b: Aegislash|Aegislash-Blade|\n|move|p1b: Aegislash|Shadow Sneak|p2a: Garchomp\n|-damage|p2a: Garchomp|73/100\n|-damage|p1b: Aegislash|72/100|[from] ability: Rough Skin|[of] p2a: Garchomp\n|move|p1a: Talonflame|Acrobatics|p2b: Venusaur\n|-activate|p2b: Venusaur|move: Protect\n|\n|-damage|p1a: Talonflame|64/100|[from] Leech Seed|[of] p2b: Venusaur\n|-heal|p2b: Venusaur|64/100|[silent]\n|upkeep\n|turn|4\n|\n|t:|1776450310\n|-formechange|p1b: Aegislash|Aegislash|\n|move|p1b: Aegislash|King's Shield|p1b: Aegislash\n|-singleturn|p1b: Aegislash|Protect\n|move|p2a: Garchomp|Rock Slide|p1a: Talonflame|[spread] p1a\n|-activate|p1b: Aegislash|move: Protect\n|-supereffective|p1a: Talonflame|2\n|-damage|p1a: Talonflame|0 fnt\n|faint|p1a: Talonflame\n|move|p2b: Venusaur|Leech Seed|p1b: Aegislash\n|-start|p1b: Aegislash|move: Leech Seed\n|\n|-damage|p1b: Aegislash|60/100|[from] Leech Seed|[of] p2b: Venusaur\n|-heal|p2b: Venusaur|75/100|[silent]\n|-sideend|p1: Supernovakush|move: Tailwind\n|upkeep\n|\n|t:|1776450330\n|switch|p1a: Rotom|Rotom-Wash, L50|100/100\n|turn|5\n|\n|t:|1776450351\n|move|p1a: Rotom|Helping Hand|p1b: Aegislash\n|-singleturn|p1b: Aegislash|Helping Hand|[of] p1a: Rotom\n|move|p2b: Venusaur|Protect|p2b: Venusaur\n|-singleturn|p2b: Venusaur|Protect\n|move|p2a: Garchomp|Rock Slide|p1b: Aegislash|[spread] p1a,p1b\n|-resisted|p1b: Aegislash|1\n|-damage|p1a: Rotom|74/100\n|-damage|p1b: Aegislash|51/100\n|-formechange|p1b: Aegislash|Aegislash-Blade|\n|move|p1b: Aegislash|Poltergeist|p2a: Garchomp\n|-activate|p2a: Garchomp|move: Poltergeist|Choice Scarf\n|-damage|p2a: Garchomp|0 fnt\n|faint|p2a: Garchomp\n|\n|-damage|p1b: Aegislash|39/100|[from] Leech Seed|[of] p2b: Venusaur\n|-heal|p2b: Venusaur|86/100|[silent]\n|-sideend|p2: mazuki0929|move: Tailwind\n|upkeep\n|\n|t:|1776450371\n|switch|p2a: Talonflame|Talonflame, L50, F|2/100\n|turn|6\n|\n|t:|1776450386\n|move|p2a: Talonflame|Quick Guard|p2a: Talonflame\n|-singleturn|p2a: Talonflame|Quick Guard\n|move|p1b: Aegislash|Shadow Sneak|p2a: Talonflame\n|-activate|p2a: Talonflame|move: Quick Guard\n|move|p1a: Rotom|Volt Switch|p2b: Venusaur\n|-resisted|p2b: Venusaur|1\n|-damage|p2b: Venusaur|72/100\n|\n|t:|1776450396\n|switch|p1a: Floette|Floette-Eternal, L50, F|100/100|[from] Volt Switch\n|move|p2b: Venusaur|Giga Drain|p1a: Floette\n|-damage|p1a: Floette|64/100\n|-heal|p2b: Venusaur|87/100|[from] drain|[of] p1a: Floette\n|\n|-damage|p1b: Aegislash|27/100|[from] Leech Seed|[of] p2b: Venusaur\n|-heal|p2b: Venusaur|97/100|[silent]\n|upkeep\n|turn|7\n|\n|t:|1776450420\n|detailschange|p1a: Floette|Floette-Mega, L50, F\n|-mega|p1a: Floette|Floette|Floettite\n|-ability|p1a: Floette|Fairy Aura\n|move|p2a: Talonflame|Protect|p2a: Talonflame\n|-singleturn|p2a: Talonflame|Protect\n|move|p1b: Aegislash|Shadow Sneak|p2a: Talonflame\n|-activate|p2a: Talonflame|move: Protect\n|move|p1a: Floette|Calm Mind|p1a: Floette\n|-boost|p1a: Floette|spa|1\n|-boost|p1a: Floette|spd|1\n|move|p2b: Venusaur|Sludge Bomb|p1a: Floette\n|-supereffective|p1a: Floette|1\n|-damage|p1a: Floette|7/100\n|\n|-damage|p1b: Aegislash|15/100|[from] Leech Seed|[of] p2b: Venusaur\n|-heal|p2b: Venusaur|100/100|[silent]\n|upkeep\n|turn|8\n|inactive|Supernovakush has 30 seconds left.\n|\n|t:|1776450449\n|move|p1a: Floette|Protect|p1a: Floette\n|-singleturn|p1a: Floette|Protect\n|move|p2a: Talonflame|Tailwind|p2a: Talonflame\n|-sidestart|p2: mazuki0929|move: Tailwind\n|move|p2b: Venusaur|Sludge Bomb|p1a: Floette\n|-activate|p1a: Floette|move: Protect\n|move|p1b: Aegislash|Poltergeist|p2b: Venusaur\n|-activate|p2b: Venusaur|move: Poltergeist|Venusaurite\n|-damage|p2b: Venusaur|35/100\n|\n|-damage|p1b: Aegislash|3/100|[from] Leech Seed|[of] p2b: Venusaur\n|-heal|p2b: Venusaur|45/100|[silent]\n|upkeep\n|turn|9\n|inactive|Supernovakush has 30 seconds left.\n|inactive|Supernovakush has 20 seconds left.\n|inactive|Supernovakush has 15 seconds left.\n|\n|t:|1776450494\n|switch|p1b: Rotom|Rotom-Wash, L50|74/100\n|move|p2a: Talonflame|Quick Guard|p2a: Talonflame\n|-singleturn|p2a: Talonflame|Quick Guard\n|move|p2b: Venusaur|Sludge Bomb|p1a: Floette\n|-supereffective|p1a: Floette|1\n|-damage|p1a: Floette|0 fnt\n|faint|p1a: Floette\n|\n|upkeep\n|\n|t:|1776450503\n|switch|p1a: Aegislash|Aegislash, L50, F|3/100\n|turn|10\n|\n|t:|1776450521\n|move|p1a: Aegislash|King's Shield|p1a: Aegislash\n|-singleturn|p1a: Aegislash|Protect\n|move|p2a: Talonflame|Quick Guard|p2a: Talonflame\n|-singleturn|p2a: Talonflame|Quick Guard\n|move|p2b: Venusaur|Giga Drain|p1b: Rotom\n|-supereffective|p1b: Rotom|1\n|-damage|p1b: Rotom|0 fnt\n|-heal|p2b: Venusaur|71/100|[from] drain|[of] p1b: Rotom\n|faint|p1b: Rotom\n|\n|upkeep\n|turn|11\n|\n|t:|1776450541\n|move|p2a: Talonflame|Quick Guard|p2a: Talonflame\n|-singleturn|p2a: Talonflame|Quick Guard\n|-formechange|p1a: Aegislash|Aegislash-Blade|\n|move|p1a: Aegislash|Shadow Sneak|p2a: Talonflame\n|-activate|p2a: Talonflame|move: Quick Guard\n|move|p2b: Venusaur|Giga Drain|p1a: Aegislash\n|-resisted|p1a: Aegislash|1\n|-damage|p1a: Aegislash|0 fnt\n|-heal|p2b: Venusaur|72/100|[from] drain|[of] p1a: Aegislash\n|faint|p1a: Aegislash\n|\n|win|mazuki0929\n|raw|Supernovakush's rating: 1234 &rarr; <strong>1211</strong><br />(-23 for losing)\n|raw|mazuki0929's rating: 1268 &rarr; <strong>1291</strong><br />(+23 for winning)\n|l|\u2606Supernovakush\n|player|p1|\n",
  "uploadtime": 1776450587,
  "views": 58,
  "formatid": "gen9championsvgc2026regma",
  "rating": 1211,
  "private": 0,
  "password": null
}