{
  "id": "gen9championsvgc2026regma-2585026993",
  "format": "[Gen 9 Champions] VGC 2026 Reg M-A",
  "players": [
    "kanudigit",
    "nikbutawesome"
  ],
  "log": "|j|\u2606kanudigit\n|j|\u2606nikbutawesome\n|t:|1776304597\n|gametype|doubles\n|player|p1|kanudigit|265|1188\n|player|p2|nikbutawesome|pokemaniac|1260\n|gen|9\n|tier|[Gen 9 Champions] VGC 2026 Reg M-A\n|rated|\n|rule|Species Clause: Limit one of each Pok\u00e9mon\n|rule|Item Clause: Limit 1 of each item\n|clearpoke\n|poke|p1|Gengar, L50, F|\n|poke|p1|Farigiraf, L50, F|\n|poke|p1|Sinistcha, L50|\n|poke|p1|Sneasler, L50, M|\n|poke|p1|Incineroar, L50, M|\n|poke|p1|Kingambit, L50, F|\n|poke|p2|Scizor, L50, M|\n|poke|p2|Tyranitar, L50, F|\n|poke|p2|Aerodactyl, L50, F|\n|poke|p2|Incineroar, L50, M|\n|poke|p2|Rotom-Wash, L50|\n|poke|p2|Maushold-Four, L50|\n|teampreview|4\n|inactive|Battle timer is ON: inactive players will automatically lose when time's up. (requested by kanudigit)\n|\n|t:|1776304630\n|teamsize|p1|4\n|teamsize|p2|4\n|start\n|switch|p1a: Gengar|Gengar, L50, F|100/100\n|switch|p1b: Sneasler|Sneasler, L50, M|100/100\n|switch|p2a: Tyranitar|Tyranitar, L50, F|100/100\n|switch|p2b: Aerodactyl|Aerodactyl, L50, F|100/100\n|-ability|p2b: Aerodactyl|Unnerve\n|-weather|Sandstorm|[from] ability: Sand Stream|[of] p2a: Tyranitar\n|turn|1\n|inactive|nikbutawesome has 30 seconds left.\n|inactive|nikbutawesome has 20 seconds left.\n|\n|t:|1776304667\n|detailschange|p1a: Gengar|Gengar-Mega, L50, F\n|-mega|p1a: Gengar|Gengar|Gengarite\n|move|p2a: Tyranitar|Protect|p2a: Tyranitar\n|-singleturn|p2a: Tyranitar|Protect\n|move|p1b: Sneasler|Fake Out|p2a: Tyranitar\n|-activate|p2a: Tyranitar|move: Protect\n|move|p2b: Aerodactyl|Dual Wingbeat|p1b: Sneasler\n|-supereffective|p1b: Sneasler|1\n|-damage|p1b: Sneasler|39/100\n|-supereffective|p1b: Sneasler|1\n|-damage|p1b: Sneasler|0 fnt\n|faint|p1b: Sneasler\n|-hitcount|p1: Sneasler|2\n|move|p1a: Gengar|Perish Song|p1a: Gengar\n|-start|p1a: Gengar|perish3|[silent]\n|-start|p2a: Tyranitar|perish3|[silent]\n|-start|p2b: Aerodactyl|perish3|[silent]\n|-fieldactivate|move: Perish Song\n|\n|-weather|Sandstorm|[upkeep]\n|-damage|p1a: Gengar|95/100|[from] Sandstorm\n|-start|p2b: Aerodactyl|perish3\n|-start|p1a: Gengar|perish3\n|-start|p2a: Tyranitar|perish3\n|upkeep\n|\n|t:|1776304692\n|switch|p1b: Incineroar|Incineroar, L50, M|100/100\n|-ability|p1b: Incineroar|Intimidate|boost\n|-unboost|p2a: Tyranitar|atk|1\n|-unboost|p2b: Aerodactyl|atk|1\n|-enditem|p2a: Tyranitar|White Herb\n|-clearnegativeboost|p2a: Tyranitar|[silent]\n|turn|2\n|\n|t:|1776304711\n|move|p1a: Gengar|Protect|p1a: Gengar\n|-singleturn|p1a: Gengar|Protect\n|move|p1b: Incineroar|Fake Out|p2a: Tyranitar\n|-resisted|p2a: Tyranitar|1\n|-damage|p2a: Tyranitar|95/100\n|move|p2b: Aerodactyl|Rock Slide|p1b: Incineroar|[spread] p1b\n|-activate|p1a: Gengar|move: Protect\n|-supereffective|p1b: Incineroar|1\n|-damage|p1b: Incineroar|74/100\n|cant|p2a: Tyranitar|flinch\n|\n|-weather|Sandstorm|[upkeep]\n|-damage|p1a: Gengar|89/100|[from] Sandstorm\n|-damage|p1b: Incineroar|68/100|[from] Sandstorm\n|-start|p2b: Aerodactyl|perish2\n|-start|p1a: Gengar|perish2\n|-start|p2a: Tyranitar|perish2\n|upkeep\n|turn|3\n|inactive|kanudigit has 30 seconds left.\n|\n|t:|1776304744\n|switch|p1a: Sinistcha|Sinistcha, L50|100/100\n|-heal|p1b: Incineroar|93/100|[from] ability: Hospitality|[of] p1a: Sinistcha\n|move|p2b: Aerodactyl|Tailwind|p2b: Aerodactyl\n|-sidestart|p2: nikbutawesome|move: Tailwind\n|move|p2a: Tyranitar|Knock Off|p1a: Sinistcha\n|-supereffective|p1a: Sinistcha|1\n|-damage|p1a: Sinistcha|0 fnt\n|-enditem|p1a: Sinistcha|Leftovers|[from] move: Knock Off|[of] p2a: Tyranitar\n|faint|p1a: Sinistcha\n|move|p1b: Incineroar|Parting Shot|p2a: Tyranitar\n|-unboost|p2a: Tyranitar|atk|1\n|-unboost|p2a: Tyranitar|spa|1\n|\n|t:|1776304757\n|switch|p1b: Gengar|Gengar-Mega, L50, F|89/100|[from] Parting Shot\n|\n|-weather|Sandstorm|[upkeep]\n|-damage|p1b: Gengar|83/100|[from] Sandstorm\n|-start|p2b: Aerodactyl|perish1\n|-start|p2a: Tyranitar|perish1\n|upkeep\n|\n|t:|1776304766\n|switch|p1a: Incineroar|Incineroar, L50, M|93/100\n|-ability|p1a: Incineroar|Intimidate|boost\n|-unboost|p2a: Tyranitar|atk|1\n|-unboost|p2b: Aerodactyl|atk|1\n|turn|4\n|\n|t:|1776304773\n|move|p1b: Gengar|Protect|p1b: Gengar\n|-singleturn|p1b: Gengar|Protect\n|move|p1a: Incineroar|Protect|p1a: Incineroar\n|-singleturn|p1a: Incineroar|Protect\n|move|p2b: Aerodactyl|Rock Slide|p1a: Incineroar|[spread] \n|-activate|p1a: Incineroar|move: Protect\n|-activate|p1b: Gengar|move: Protect\n|move|p2a: Tyranitar|Rock Slide|p1b: Gengar|[spread] \n|-activate|p1a: Incineroar|move: Protect\n|-activate|p1b: Gengar|move: Protect\n|\n|-weather|Sandstorm|[upkeep]\n|-damage|p1b: Gengar|77/100|[from] Sandstorm\n|-damage|p1a: Incineroar|87/100|[from] Sandstorm\n|-start|p2b: Aerodactyl|perish0\n|-start|p2a: Tyranitar|perish0\n|faint|p2b: Aerodactyl\n|faint|p2a: Tyranitar\n|upkeep\n|\n|t:|1776304777\n|switch|p2b: Scizor|Scizor, L50, M|100/100\n|switch|p2a: Rotom|Rotom-Wash, L50|100/100\n|turn|5\n|inactive|kanudigit has 30 seconds left.\n|\n|t:|1776304806\n|detailschange|p2b: Scizor|Scizor-Mega, L50, M\n|-mega|p2b: Scizor|Scizor|Scizorite\n|move|p2a: Rotom|Hydro Pump|p1a: Incineroar\n|-supereffective|p1a: Incineroar|1\n|-damage|p1a: Incineroar|9/100\n|-enditem|p1a: Incineroar|Sitrus Berry|[eat]\n|-heal|p1a: Incineroar|34/100|[from] item: Sitrus Berry\n|move|p2b: Scizor|Swords Dance|p2b: Scizor\n|-boost|p2b: Scizor|atk|2\n|move|p1b: Gengar|Perish Song|p1b: Gengar\n|-start|p1a: Incineroar|perish3|[silent]\n|-start|p1b: Gengar|perish3|[silent]\n|-start|p2a: Rotom|perish3|[silent]\n|-start|p2b: Scizor|perish3|[silent]\n|-fieldactivate|move: Perish Song\n|move|p1a: Incineroar|Flare Blitz|p2b: Scizor\n|-supereffective|p2b: Scizor|2\n|-damage|p2b: Scizor|0 fnt\n|faint|p2b: Scizor\n|-damage|p1a: Incineroar|10/100|[from] Recoil\n|\n|-weather|none\n|-start|p2a: Rotom|perish3\n|-start|p1b: Gengar|perish3\n|-start|p1a: Incineroar|perish3\n|upkeep\n|turn|6\n|inactive|kanudigit has 30 seconds left.\n|\n|t:|1776304834\n|move|p1b: Gengar|Protect|p1b: Gengar\n|-singleturn|p1b: Gengar|Protect\n|move|p1a: Incineroar|Protect|p1a: Incineroar\n|-singleturn|p1a: Incineroar|Protect\n|move|p2a: Rotom|Hydro Pump|p1b: Gengar\n|-activate|p1b: Gengar|move: Protect\n|\n|-start|p2a: Rotom|perish2\n|-start|p1b: Gengar|perish2\n|-start|p1a: Incineroar|perish2\n|-sideend|p2: nikbutawesome|move: Tailwind\n|upkeep\n|turn|7\n|inactive|kanudigit has 30 seconds left.\n|\n|t:|1776304868\n|move|p2a: Rotom|Hydro Pump|p1b: Gengar\n|-damage|p1b: Gengar|17/100\n|move|p1b: Gengar|Shadow Ball|p2a: Rotom\n|-damage|p2a: Rotom|39/100\n|move|p1a: Incineroar|Parting Shot|p2a: Rotom\n|-unboost|p2a: Rotom|atk|1\n|-unboost|p2a: Rotom|spa|1\n|\n|-start|p2a: Rotom|perish1\n|-start|p1b: Gengar|perish1\n|-start|p1a: Incineroar|perish1\n|upkeep\n|turn|8\n|\n|t:|1776304883\n|move|p1b: Gengar|Protect|p1b: Gengar\n|-singleturn|p1b: Gengar|Protect\n|move|p1a: Incineroar|Protect|p1a: Incineroar\n|-singleturn|p1a: Incineroar|Protect\n|move|p2a: Rotom|Hydro Pump|p1a: Incineroar\n|-activate|p1a: Incineroar|move: Protect\n|\n|-start|p2a: Rotom|perish0\n|-start|p1b: Gengar|perish0\n|-start|p1a: Incineroar|perish0\n|faint|p2a: Rotom\n|faint|p1b: Gengar\n|faint|p1a: Incineroar\n|\n|win|kanudigit\n|raw|kanudigit's rating: 1188 &rarr; <strong>1218</strong><br />(+30 for winning)\n|raw|nikbutawesome's rating: 1260 &rarr; <strong>1230</strong><br />(-30 for losing)\n|j| Scapegoat11\n|j| Shadydraw\n|j| SeulClef\n|l| SeulClef\n|l| Scapegoat11\n|l|\u2606nikbutawesome\n|player|p2|\n|l| Shadydraw\n",
  "uploadtime": 1776304889,
  "views": 25,
  "formatid": "gen9championsvgc2026regma",
  "rating": 1218,
  "private": 0,
  "password": null
}