{
  "id": "gen9championsvgc2026regma-2584670636",
  "format": "[Gen 9 Champions] VGC 2026 Reg M-A",
  "players": [
    "JayTodd13",
    "jimmythunder"
  ],
  "log": "|j|\u2606JayTodd13\n|j|\u2606jimmythunder\n|t:|1776275740\n|gametype|doubles\n|player|p1|JayTodd13|169|1300\n|player|p2|jimmythunder|gentleman-gen4|1304\n|gen|9\n|tier|[Gen 9 Champions] VGC 2026 Reg M-A\n|rated|\n|rule|Species Clause: Limit one of each Pok\u00e9mon\n|rule|Item Clause: Limit 1 of each item\n|clearpoke\n|poke|p1|Garchomp, L50, F|\n|poke|p1|Tyranitar, L50, F|\n|poke|p1|Rotom-Wash, L50|\n|poke|p1|Whimsicott, L50, M|\n|poke|p1|Floette-Eternal, L50, F|\n|poke|p1|Incineroar, L50, M|\n|poke|p2|Archaludon, L50, M|\n|poke|p2|Sableye, L50, M|\n|poke|p2|Pelipper, L50, M|\n|poke|p2|Sneasler, L50, M|\n|poke|p2|Charizard, L50, F|\n|poke|p2|Venusaur, L50, M|\n|teampreview|4\n|l|\u2606JayTodd13\n|player|p1|\n|j|\u2606JayTodd13\n|player|p1|JayTodd13|169|\n|\n|t:|1776275790\n|teamsize|p1|4\n|teamsize|p2|4\n|start\n|switch|p1a: Garchomp|Garchomp, L50, F|100/100\n|switch|p1b: Tyranitar|Tyranitar, L50, F|100/100\n|switch|p2a: Pelipper|Pelipper, L50, M|100/100\n|switch|p2b: Archaludon|Archaludon, L50, M|100/100\n|-weather|RainDance|[from] ability: Drizzle|[of] p2a: Pelipper\n|-weather|Sandstorm|[from] ability: Sand Stream|[of] p1b: Tyranitar\n|turn|1\n|\n|t:|1776275808\n|move|p2a: Pelipper|Wide Guard|p2a: Pelipper\n|-singleturn|p2a: Pelipper|Wide Guard\n|move|p1a: Garchomp|Stomping Tantrum|p2b: Archaludon\n|-supereffective|p2b: Archaludon|1\n|-crit|p2b: Archaludon\n|-damage|p2b: Archaludon|10/100\n|-ability|p2b: Archaludon|Stamina|boost\n|-boost|p2b: Archaludon|def|1\n|move|p2b: Archaludon|Dragon Pulse|p1a: Garchomp\n|-supereffective|p1a: Garchomp|1\n|-damage|p1a: Garchomp|2/100\n|move|p1b: Tyranitar|Rock Slide|p2a: Pelipper|[spread] \n|-activate|p2a: Pelipper|move: Wide Guard\n|-activate|p2b: Archaludon|move: Wide Guard\n|\n|-weather|Sandstorm|[upkeep]\n|-damage|p2a: Pelipper|95/100|[from] Sandstorm\n|-heal|p2b: Archaludon|16/100|[from] item: Leftovers\n|upkeep\n|turn|2\n|\n|t:|1776275838\n|switch|p2b: Charizard|Charizard, L50, F, shiny|100/100\n|move|p2a: Pelipper|Wide Guard|p2a: Pelipper\n|-singleturn|p2a: Pelipper|Wide Guard\n|move|p1a: Garchomp|Dragon Claw|p2b: Charizard\n|-damage|p2b: Charizard|35/100\n|move|p1b: Tyranitar|Knock Off|p2a: Pelipper\n|-damage|p2a: Pelipper|28/100\n|-enditem|p2a: Pelipper|Wacan Berry|[from] move: Knock Off|[of] p1b: Tyranitar\n|\n|-weather|Sandstorm|[upkeep]\n|-damage|p2b: Charizard|29/100|[from] Sandstorm\n|-damage|p2a: Pelipper|22/100|[from] Sandstorm\n|upkeep\n|turn|3\n|\n|t:|1776275872\n|switch|p1a: Rotom|Rotom-Wash, L50|100/100\n|detailschange|p2b: Charizard|Charizard-Mega-Y, L50, F, shiny\n|-mega|p2b: Charizard|Charizard|Charizardite Y\n|-weather|SunnyDay|[from] ability: Drought|[of] p2b: Charizard\n|detailschange|p1b: Tyranitar|Tyranitar-Mega, L50, F\n|-mega|p1b: Tyranitar|Tyranitar|Tyranitarite\n|-weather|Sandstorm|[from] ability: Sand Stream|[of] p1b: Tyranitar\n|move|p2b: Charizard|Protect|p2b: Charizard\n|-singleturn|p2b: Charizard|Protect\n|move|p2a: Pelipper|Ice Beam|p1a: Rotom\n|-resisted|p1a: Rotom|1\n|-damage|p1a: Rotom|83/100\n|move|p1b: Tyranitar|Knock Off|p2b: Charizard\n|-activate|p2b: Charizard|move: Protect\n|\n|-weather|Sandstorm|[upkeep]\n|-damage|p1a: Rotom|77/100|[from] Sandstorm\n|-damage|p2b: Charizard|23/100|[from] Sandstorm\n|-damage|p2a: Pelipper|16/100|[from] Sandstorm\n|upkeep\n|turn|4\n|\n|t:|1776275890\n|switch|p2b: Sneasler|Sneasler, L50, M|100/100\n|switch|p2a: Archaludon|Archaludon, L50, M|16/100\n|move|p1a: Rotom|Volt Switch|p2b: Sneasler\n|-damage|p2b: Sneasler|55/100\n|\n|t:|1776275900\n|switch|p1a: Whimsicott|Whimsicott, L50, M|100/100|[from] Volt Switch\n|move|p1b: Tyranitar|Knock Off|p2a: Archaludon\n|-damage|p2a: Archaludon|0 fnt\n|-enditem|p2a: Archaludon|Leftovers|[from] move: Knock Off|[of] p1b: Tyranitar\n|faint|p2a: Archaludon\n|\n|-weather|Sandstorm|[upkeep]\n|-damage|p2b: Sneasler|50/100|[from] Sandstorm\n|-damage|p1a: Whimsicott|95/100|[from] Sandstorm\n|upkeep\n|\n|t:|1776275905\n|switch|p2a: Charizard|Charizard-Mega-Y, L50, F, shiny|23/100\n|-weather|SunnyDay|[from] ability: Drought|[of] p2a: Charizard\n|turn|5\n|\n|t:|1776275924\n|move|p1a: Whimsicott|Protect|p1a: Whimsicott\n|-singleturn|p1a: Whimsicott|Protect\n|move|p1b: Tyranitar|Protect|p1b: Tyranitar\n|-singleturn|p1b: Tyranitar|Protect\n|move|p2b: Sneasler|Fake Out|p1a: Whimsicott\n|-activate|p1a: Whimsicott|move: Protect\n|move|p2a: Charizard|Solar Beam||[still]\n|-prepare|p2a: Charizard|Solar Beam\n|-anim|p2a: Charizard|Solar Beam|p1b: Tyranitar\n|-activate|p1b: Tyranitar|move: Protect\n|\n|-weather|SunnyDay|[upkeep]\n|upkeep\n|turn|6\n|\n|t:|1776275955\n|switch|p2b: Pelipper|Pelipper, L50, M|16/100\n|-weather|RainDance|[from] ability: Drizzle|[of] p2b: Pelipper\n|move|p2a: Charizard|Protect|p2a: Charizard\n|-singleturn|p2a: Charizard|Protect\n|move|p1a: Whimsicott|Encore||[still]\n|-fail|p1a: Whimsicott\n|move|p1b: Tyranitar|Rock Slide|p2b: Pelipper|[spread] p2b\n|-activate|p2a: Charizard|move: Protect\n|-supereffective|p2b: Pelipper|1\n|-damage|p2b: Pelipper|0 fnt\n|faint|p2b: Pelipper\n|\n|-weather|RainDance|[upkeep]\n|upkeep\n|\n|t:|1776275959\n|switch|p2b: Sneasler|Sneasler, L50, M|50/100\n|turn|7\n|\n|t:|1776275979\n|move|p1a: Whimsicott|Encore|p2a: Charizard\n|-start|p2a: Charizard|Encore\n|move|p2a: Charizard|Protect||[still]\n|-fail|p2a: Charizard\n|move|p2b: Sneasler|Gunk Shot|p1a: Whimsicott\n|-supereffective|p1a: Whimsicott|2\n|-damage|p1a: Whimsicott|0 fnt\n|faint|p1a: Whimsicott\n|move|p1b: Tyranitar|Knock Off|p2b: Sneasler\n|-resisted|p2b: Sneasler|1\n|-damage|p2b: Sneasler|0 fnt\n|-enditem|p2b: Sneasler|White Herb|[from] move: Knock Off|[of] p1b: Tyranitar\n|faint|p2b: Sneasler\n|\n|-weather|RainDance|[upkeep]\n|upkeep\n|c|\u2606jimmythunder|gg\n|\n|t:|1776275986\n|switch|p1a: Rotom|Rotom-Wash, L50|77/100\n|turn|8\n|-message|jimmythunder forfeited.\n|\n|win|JayTodd13\n|raw|JayTodd13's rating: 1300 &rarr; <strong>1325</strong><br />(+25 for winning)\n|raw|jimmythunder's rating: 1304 &rarr; <strong>1284</strong><br />(-20 for losing)\n|l|\u2606jimmythunder\n|player|p2|\n|c|\u2606JayTodd13|gg wp\n|l|\u2606JayTodd13\n|player|p1|\n|j|\u2606JayTodd13\n|player|p1|JayTodd13|169|\n",
  "uploadtime": 1776276368,
  "views": 42,
  "formatid": "gen9championsvgc2026regma",
  "rating": 1284,
  "private": 0,
  "password": null
}