{
  "id": "gen9championsvgc2026regma-2581083246",
  "format": "[Gen 9 Champions] VGC 2026 Reg M-A",
  "players": [
    "ShadowS3raph",
    "DropaDunsparce"
  ],
  "log": "|j|\u2606ShadowS3raph\n|j|\u2606DropaDunsparce\n|t:|1775958248\n|gametype|doubles\n|player|p1|ShadowS3raph|170|1073\n|player|p2|DropaDunsparce|101|1000\n|gen|9\n|tier|[Gen 9 Champions] VGC 2026 Reg M-A\n|rated|\n|rule|Species Clause: Limit one of each Pok\u00e9mon\n|rule|Item Clause: Limit 1 of each item\n|clearpoke\n|poke|p1|Glimmora, L50, F|\n|poke|p1|Basculegion, L50, M|\n|poke|p1|Aerodactyl, L50, M|\n|poke|p1|Lopunny, L50, F|\n|poke|p1|Incineroar, L50, M|\n|poke|p1|Hydrapple, L50, M|\n|poke|p2|Tyranitar, L50, M|\n|poke|p2|Lycanroc, L50, M|\n|poke|p2|Volcarona, L50, F|\n|poke|p2|Rotom-Wash, L50|\n|poke|p2|Garchomp, L50, F|\n|poke|p2|Corviknight, L50, M|\n|teampreview|4\n|inactive|Battle timer is ON: inactive players will automatically lose when time's up. (requested by DropaDunsparce)\n|\n|t:|1775958278\n|teamsize|p1|4\n|teamsize|p2|4\n|start\n|switch|p1a: Incineroar|Incineroar, L50, M|100/100\n|switch|p1b: Lopunny|Lopunny, L50, F|100/100\n|switch|p2a: Rotom|Rotom-Wash, L50|100/100\n|switch|p2b: Corviknight|Corviknight, L50, M|100/100\n|-ability|p1a: Incineroar|Intimidate|boost\n|-unboost|p2a: Rotom|atk|1\n|-ability|p2b: Corviknight|Mirror Armor\n|-unboost|p1a: Incineroar|atk|1\n|turn|1\n|\n|t:|1775958298\n|detailschange|p1b: Lopunny|Lopunny-Mega, L50, F\n|-mega|p1b: Lopunny|Lopunny|Lopunnite\n|move|p1b: Lopunny|Fake Out|p2b: Corviknight\n|-resisted|p2b: Corviknight|1\n|-damage|p2b: Corviknight|94/100\n|move|p1a: Incineroar|Fake Out|p2a: Rotom\n|-damage|p2a: Rotom|92/100\n|cant|p2a: Rotom|flinch\n|cant|p2b: Corviknight|flinch\n|\n|-heal|p2b: Corviknight|99/100|[from] item: Leftovers\n|upkeep\n|turn|2\n|\n|t:|1775958317\n|move|p1b: Lopunny|Protect|p1b: Lopunny\n|-singleturn|p1b: Lopunny|Protect\n|move|p2a: Rotom|Volt Switch|p1b: Lopunny\n|-activate|p1b: Lopunny|move: Protect\n|move|p2b: Corviknight|Tailwind|p2b: Corviknight\n|-sidestart|p2: DropaDunsparce|move: Tailwind\n|move|p1a: Incineroar|Flare Blitz|p2b: Corviknight\n|-supereffective|p2b: Corviknight|1\n|-damage|p2b: Corviknight|62/100\n|-damage|p1a: Incineroar|88/100|[from] Recoil\n|\n|-heal|p2b: Corviknight|68/100|[from] item: Leftovers\n|upkeep\n|turn|3\n|\n|t:|1775958331\n|switch|p1b: Hydrapple|Hydrapple, L50, M|100/100\n|move|p2a: Rotom|Volt Switch|p1a: Incineroar\n|-damage|p1a: Incineroar|57/100\n|\n|t:|1775958339\n|switch|p2a: Tyranitar|Tyranitar, L50, M|100/100|[from] Volt Switch\n|-weather|Sandstorm|[from] ability: Sand Stream|[of] p2a: Tyranitar\n|move|p2b: Corviknight|Bulk Up|p2b: Corviknight\n|-boost|p2b: Corviknight|atk|1\n|-boost|p2b: Corviknight|def|1\n|move|p1a: Incineroar|Parting Shot|p2a: Tyranitar\n|-unboost|p2a: Tyranitar|atk|1\n|-unboost|p2a: Tyranitar|spa|1\n|\n|t:|1775958350\n|switch|p1a: Lopunny|Lopunny-Mega, L50, F|100/100|[from] Parting Shot\n|\n|-weather|Sandstorm|[upkeep]\n|-damage|p1a: Lopunny|95/100|[from] Sandstorm\n|-damage|p1b: Hydrapple|94/100|[from] Sandstorm\n|-heal|p2b: Corviknight|74/100|[from] item: Leftovers\n|-heal|p1b: Hydrapple|100/100|[from] item: Leftovers\n|upkeep\n|turn|4\n|\n|t:|1775958374\n|switch|p2a: Rotom|Rotom-Wash, L50|92/100\n|move|p1a: Lopunny|Fake Out|p2b: Corviknight\n|-resisted|p2b: Corviknight|1\n|-damage|p2b: Corviknight|69/100\n|cant|p2b: Corviknight|flinch\n|move|p1b: Hydrapple|Earth Power|p2a: Rotom\n|-immune|p2a: Rotom|[from] ability: Levitate\n|\n|-weather|Sandstorm|[upkeep]\n|-damage|p2a: Rotom|86/100|[from] Sandstorm\n|-damage|p1a: Lopunny|89/100|[from] Sandstorm\n|-damage|p1b: Hydrapple|94/100|[from] Sandstorm\n|-heal|p2b: Corviknight|75/100|[from] item: Leftovers\n|-heal|p1b: Hydrapple|100/100|[from] item: Leftovers\n|upkeep\n|turn|5\n|\n|t:|1775958393\n|move|p1a: Lopunny|Protect|p1a: Lopunny\n|-singleturn|p1a: Lopunny|Protect\n|move|p1b: Hydrapple|Protect|p1b: Hydrapple\n|-singleturn|p1b: Hydrapple|Protect\n|move|p2a: Rotom|Hydro Pump|p1a: Lopunny\n|-activate|p1a: Lopunny|move: Protect\n|move|p2b: Corviknight|Body Press|p1b: Hydrapple\n|-activate|p1b: Hydrapple|move: Protect\n|\n|-weather|Sandstorm|[upkeep]\n|-damage|p2a: Rotom|80/100|[from] Sandstorm\n|-damage|p1a: Lopunny|83/100|[from] Sandstorm\n|-damage|p1b: Hydrapple|94/100|[from] Sandstorm\n|-heal|p2b: Corviknight|81/100|[from] item: Leftovers\n|-heal|p1b: Hydrapple|100/100|[from] item: Leftovers\n|-sideend|p2: DropaDunsparce|move: Tailwind\n|upkeep\n|turn|6\n|inactive|ShadowS3raph has 30 seconds left.\n|inactive|ShadowS3raph has 20 seconds left.\n|inactive|ShadowS3raph has 15 seconds left.\n|inactive|ShadowS3raph has 10 seconds left.\n|\n|t:|1775958439\n|switch|p1a: Basculegion|Basculegion, L50, M|100/100\n|move|p2a: Rotom|Hydro Pump|p1a: Basculegion\n|-resisted|p1a: Basculegion|1\n|-crit|p1a: Basculegion\n|-damage|p1a: Basculegion|52/100\n|move|p2b: Corviknight|Body Press|p1b: Hydrapple\n|-damage|p1b: Hydrapple|71/100\n|move|p1b: Hydrapple|Giga Drain|p2a: Rotom\n|-supereffective|p2a: Rotom|1\n|-enditem|p2a: Rotom|Rindo Berry|[eat]\n|-enditem|p2a: Rotom|Rindo Berry|[weaken]\n|-damage|p2a: Rotom|35/100\n|-heal|p1b: Hydrapple|85/100|[from] drain|[of] p2a: Rotom\n|\n|-weather|Sandstorm|[upkeep]\n|-damage|p1a: Basculegion|46/100|[from] Sandstorm\n|-damage|p2a: Rotom|29/100|[from] Sandstorm\n|-damage|p1b: Hydrapple|79/100|[from] Sandstorm\n|-heal|p2b: Corviknight|87/100|[from] item: Leftovers\n|-heal|p1b: Hydrapple|85/100|[from] item: Leftovers\n|upkeep\n|turn|7\n|\n|t:|1775958462\n|move|p1a: Basculegion|Protect|p1a: Basculegion\n|-singleturn|p1a: Basculegion|Protect\n|move|p2a: Rotom|Volt Switch|p1a: Basculegion\n|-activate|p1a: Basculegion|move: Protect\n|move|p2b: Corviknight|Tailwind|p2b: Corviknight\n|-sidestart|p2: DropaDunsparce|move: Tailwind\n|move|p1b: Hydrapple|Giga Drain|p2a: Rotom\n|-supereffective|p2a: Rotom|1\n|-damage|p2a: Rotom|0 fnt\n|-heal|p1b: Hydrapple|95/100|[from] drain|[of] p2a: Rotom\n|faint|p2a: Rotom\n|\n|-weather|none\n|-heal|p2b: Corviknight|93/100|[from] item: Leftovers\n|-heal|p1b: Hydrapple|100/100|[from] item: Leftovers\n|upkeep\n|\n|t:|1775958470\n|switch|p2a: Tyranitar|Tyranitar, L50, M|100/100\n|-weather|Sandstorm|[from] ability: Sand Stream|[of] p2a: Tyranitar\n|turn|8\n|\n|t:|1775958488\n|move|p1a: Basculegion|Aqua Jet|p2a: Tyranitar\n|-supereffective|p2a: Tyranitar|1\n|-damage|p2a: Tyranitar|49/100\n|move|p2a: Tyranitar|Ice Punch|p1b: Hydrapple\n|-supereffective|p1b: Hydrapple|2\n|-damage|p1b: Hydrapple|16/100\n|move|p2b: Corviknight|Body Press|p1b: Hydrapple\n|-damage|p1b: Hydrapple|0 fnt\n|faint|p1b: Hydrapple\n|\n|-weather|Sandstorm|[upkeep]\n|-damage|p1a: Basculegion|40/100|[from] Sandstorm\n|-heal|p2b: Corviknight|99/100|[from] item: Leftovers\n|upkeep\n|\n|t:|1775958497\n|switch|p1b: Incineroar|Incineroar, L50, M|57/100\n|-ability|p1b: Incineroar|Intimidate|boost\n|-unboost|p2a: Tyranitar|atk|1\n|-ability|p2b: Corviknight|Mirror Armor\n|-unboost|p1b: Incineroar|atk|1\n|turn|9\n|\n|t:|1775958515\n|switch|p2a: Lycanroc|Lycanroc, L50, M|100/100\n|move|p1b: Incineroar|Fake Out|p2b: Corviknight\n|-resisted|p2b: Corviknight|1\n|-damage|p2b: Corviknight|97/100\n|move|p1a: Basculegion|Aqua Jet|p2a: Lycanroc\n|-supereffective|p2a: Lycanroc|1\n|-damage|p2a: Lycanroc|6/100\n|cant|p2b: Corviknight|flinch\n|\n|-weather|Sandstorm|[upkeep]\n|-damage|p1a: Basculegion|34/100|[from] Sandstorm\n|-damage|p1b: Incineroar|51/100|[from] Sandstorm\n|-heal|p2b: Corviknight|100/100|[from] item: Leftovers\n|upkeep\n|turn|10\n|inactive|ShadowS3raph has 30 seconds left.\n|inactive|DropaDunsparce has 30 seconds left.\n|inactive|DropaDunsparce has 20 seconds left.\n|inactive|DropaDunsparce has 15 seconds left.\n|inactive|DropaDunsparce has 10 seconds left.\n|\n|t:|1775958564\n|move|p1a: Basculegion|Protect|p1a: Basculegion\n|-singleturn|p1a: Basculegion|Protect\n|move|p2a: Lycanroc|Rock Slide|p1b: Incineroar|[spread] p1b\n|-activate|p1a: Basculegion|move: Protect\n|-supereffective|p1b: Incineroar|1\n|-damage|p1b: Incineroar|12/100\n|-enditem|p1b: Incineroar|Sitrus Berry|[eat]\n|-heal|p1b: Incineroar|37/100|[from] item: Sitrus Berry\n|move|p2b: Corviknight|Tailwind||[still]\n|-fail|p2b: Corviknight\n|move|p1b: Incineroar|Throat Chop|p2a: Lycanroc\n|-damage|p2a: Lycanroc|0 fnt\n|faint|p2a: Lycanroc\n|\n|-weather|Sandstorm|[upkeep]\n|-damage|p1a: Basculegion|28/100|[from] Sandstorm\n|-damage|p1b: Incineroar|31/100|[from] Sandstorm\n|-sideend|p2: DropaDunsparce|move: Tailwind\n|upkeep\n|\n|t:|1775958577\n|switch|p2a: Tyranitar|Tyranitar, L50, M|49/100\n|turn|11\n|\n|t:|1775958594\n|move|p1a: Basculegion|Aqua Jet|p2a: Tyranitar\n|-supereffective|p2a: Tyranitar|1\n|-damage|p2a: Tyranitar|0 fnt\n|faint|p2a: Tyranitar\n|move|p2b: Corviknight|Body Press|p1b: Incineroar\n|-supereffective|p1b: Incineroar|1\n|-crit|p1b: Incineroar\n|-damage|p1b: Incineroar|0 fnt\n|faint|p1b: Incineroar\n|\n|-weather|Sandstorm|[upkeep]\n|-damage|p1a: Basculegion|22/100|[from] Sandstorm\n|upkeep\n|-message|DropaDunsparce forfeited.\n|\n|win|ShadowS3raph\n|raw|ShadowS3raph's rating: 1073 &rarr; <strong>1096</strong><br />(+23 for winning)\n|raw|DropaDunsparce's rating: 1000 &rarr; <strong>1000</strong><br />(+0 for losing)\n|l|\u2606DropaDunsparce\n|player|p2|\n",
  "uploadtime": 1775958609,
  "views": 20,
  "formatid": "gen9championsvgc2026regma",
  "rating": 1000,
  "private": 0,
  "password": null
}