{
  "id": "gen9championsvgc2026regma-2587621489",
  "format": "[Gen 9 Champions] VGC 2026 Reg M-A",
  "players": [
    "lolgz",
    "Florugaxd"
  ],
  "log": "|j|\u2606lolgz\n|j|\u2606Florugaxd\n|t:|1776547736\n|gametype|doubles\n|player|p1|lolgz|dawn|1428\n|player|p2|Florugaxd|265|1458\n|gen|9\n|tier|[Gen 9 Champions] VGC 2026 Reg M-A\n|rated|\n|rule|Species Clause: Limit one of each Pok\u00e9mon\n|rule|Item Clause: Limit 1 of each item\n|clearpoke\n|poke|p1|Charizard, L50, M|\n|poke|p1|Basculegion, L50, M|\n|poke|p1|Garchomp, L50, M|\n|poke|p1|Floette-Eternal, L50, F|\n|poke|p1|Aerodactyl, L50, M|\n|poke|p1|Sinistcha, L50|\n|poke|p2|Venusaur, L50, M|\n|poke|p2|Aerodactyl, L50, F|\n|poke|p2|Incineroar, L50, M|\n|poke|p2|Clefable, L50, F|\n|poke|p2|Aegislash, L50, F|\n|poke|p2|Milotic, L50, F|\n|teampreview|4\n|\n|t:|1776547780\n|teamsize|p1|4\n|teamsize|p2|4\n|start\n|switch|p1a: Aerodactyl|Aerodactyl, L50, M|100/100\n|switch|p1b: Garchomp|Garchomp, L50, M|100/100\n|switch|p2a: Aerodactyl|Aerodactyl, L50, F|100/100\n|switch|p2b: Venusaur|Venusaur, L50, M|100/100\n|-ability|p1a: Aerodactyl|Unnerve\n|-ability|p2a: Aerodactyl|Unnerve\n|turn|1\n|\n|t:|1776547801\n|move|p2b: Venusaur|Protect|p2b: Venusaur\n|-singleturn|p2b: Venusaur|Protect\n|move|p1a: Aerodactyl|Tailwind|p1a: Aerodactyl\n|-sidestart|p1: lolgz|move: Tailwind\n|move|p1b: Garchomp|Dragon Claw|p2b: Venusaur\n|-activate|p2b: Venusaur|move: Protect\n|move|p2a: Aerodactyl|Tailwind|p2a: Aerodactyl\n|-sidestart|p2: Florugaxd|move: Tailwind\n|\n|upkeep\n|turn|2\n|\n|t:|1776547816\n|detailschange|p2b: Venusaur|Venusaur-Mega, L50, M\n|-mega|p2b: Venusaur|Venusaur|Venusaurite\n|move|p2a: Aerodactyl|Rock Slide|p1b: Garchomp|[spread] p1a,p1b\n|-supereffective|p1a: Aerodactyl|1\n|-resisted|p1b: Garchomp|1\n|-damage|p1a: Aerodactyl|19/100\n|-damage|p1b: Garchomp|89/100\n|cant|p1a: Aerodactyl|flinch\n|move|p1b: Garchomp|Dragon Claw|p2a: Aerodactyl\n|-damage|p2a: Aerodactyl|36/100\n|move|p2b: Venusaur|Energy Ball|p1b: Garchomp\n|-damage|p1b: Garchomp|39/100\n|\n|upkeep\n|turn|3\n|\n|t:|1776547834\n|move|p2a: Aerodactyl|Rock Slide|p1a: Aerodactyl|[spread] p1a,p1b\n|-supereffective|p1a: Aerodactyl|1\n|-resisted|p1b: Garchomp|1\n|-damage|p1a: Aerodactyl|0 fnt\n|-damage|p1b: Garchomp|27/100\n|faint|p1a: Aerodactyl\n|cant|p1b: Garchomp|flinch\n|move|p2b: Venusaur|Energy Ball|p1b: Garchomp\n|-damage|p1b: Garchomp|0 fnt\n|faint|p1b: Garchomp\n|\n|upkeep\n|\n|t:|1776547840\n|switch|p1a: Charizard|Charizard, L50, M|100/100\n|switch|p1b: Basculegion|Basculegion, L50, M|100/100\n|turn|4\n|\n|t:|1776547874\n|detailschange|p1a: Charizard|Charizard-Mega-Y, L50, M\n|-mega|p1a: Charizard|Charizard|Charizardite Y\n|-weather|SunnyDay|[from] ability: Drought|[of] p1a: Charizard\n|move|p1b: Basculegion|Wave Crash|p2a: Aerodactyl\n|-supereffective|p2a: Aerodactyl|1\n|-damage|p2a: Aerodactyl|0 fnt\n|faint|p2a: Aerodactyl\n|-damage|p1b: Basculegion|91/100|[from] Recoil\n|move|p1a: Charizard|Air Slash|p2b: Venusaur\n|-supereffective|p2b: Venusaur|1\n|-damage|p2b: Venusaur|30/100\n|move|p2b: Venusaur|Energy Ball|p1b: Basculegion\n|-supereffective|p1b: Basculegion|1\n|-damage|p1b: Basculegion|0 fnt\n|faint|p1b: Basculegion\n|\n|-weather|SunnyDay|[upkeep]\n|-sideend|p1: lolgz|move: Tailwind\n|-sideend|p2: Florugaxd|move: Tailwind\n|upkeep\n|\n|t:|1776547896\n|switch|p2a: Clefable|Clefable, L50, F|100/100\n|turn|5\n|\n|t:|1776547904\n|move|p1a: Charizard|Heat Wave|p2a: Clefable|[spread] p2a,p2b\n|-supereffective|p2b: Venusaur|1\n|-damage|p2a: Clefable|49/100\n|-damage|p2b: Venusaur|0 fnt\n|-status|p2a: Clefable|brn\n|-enditem|p2a: Clefable|Sitrus Berry|[eat]\n|-heal|p2a: Clefable|73/100 brn|[from] item: Sitrus Berry\n|faint|p2b: Venusaur\n|move|p2a: Clefable|Moonblast|p1a: Charizard\n|-resisted|p1a: Charizard|1\n|-damage|p1a: Charizard|85/100\n|\n|-weather|SunnyDay|[upkeep]\n|-damage|p2a: Clefable|67/100 brn|[from] brn\n|upkeep\n|\n|t:|1776547917\n|switch|p2b: Aegislash|Aegislash, L50, F|100/100\n|turn|6\n|\n|t:|1776547924\n|move|p2a: Clefable|Helping Hand|p2b: Aegislash\n|-singleturn|p2b: Aegislash|Helping Hand|[of] p2a: Clefable\n|-formechange|p2b: Aegislash|Aegislash-Blade|\n|move|p2b: Aegislash|Shadow Sneak|p1a: Charizard\n|-damage|p1a: Charizard|36/100\n|move|p1a: Charizard|Heat Wave|p2a: Clefable|[spread] p2a,p2b\n|-supereffective|p2b: Aegislash|1\n|-damage|p2a: Clefable|15/100 brn\n|-damage|p2b: Aegislash|0 fnt\n|faint|p2b: Aegislash\n|\n|-weather|SunnyDay|[upkeep]\n|-damage|p2a: Clefable|9/100 brn|[from] brn\n|upkeep\n|turn|7\n|-message|Florugaxd forfeited.\n|\n|win|lolgz\n|raw|lolgz's rating: 1428 &rarr; <strong>1450</strong><br />(+22 for winning)\n|raw|Florugaxd's rating: 1458 &rarr; <strong>1436</strong><br />(-22 for losing)\n|l|\u2606Florugaxd\n|player|p2|\n|l|\u2606lolgz\n|player|p1|\n",
  "uploadtime": 1776547933,
  "views": 16,
  "formatid": "gen9championsvgc2026regma",
  "rating": 1436,
  "private": 0,
  "password": null
}