{
  "id": "gen9championsvgc2026regma-2582178223",
  "format": "[Gen 9 Champions] VGC 2026 Reg M-A",
  "players": [
    "kiepa66",
    "itsthebandit"
  ],
  "log": "|j|\u2606kiepa66\n|j|\u2606itsthebandit\n|t:|1776067890\n|gametype|doubles\n|player|p1|kiepa66|burgh|1055\n|player|p2|itsthebandit|miku-water|1060\n|gen|9\n|tier|[Gen 9 Champions] VGC 2026 Reg M-A\n|rated|\n|rule|Species Clause: Limit one of each Pok\u00e9mon\n|rule|Item Clause: Limit 1 of each item\n|clearpoke\n|poke|p1|Farigiraf, L50, M|\n|poke|p1|Alakazam, L50, M|\n|poke|p1|Whimsicott, L50, F|\n|poke|p1|Aegislash, L50, M|\n|poke|p1|Incineroar, L50, M|\n|poke|p1|Gyarados, L50, F|\n|poke|p2|Tyranitar, L50, M|\n|poke|p2|Primarina, L50, M|\n|poke|p2|Excadrill, L50, F|\n|poke|p2|Corviknight, L50, F|\n|poke|p2|Incineroar, L50, M|\n|poke|p2|Sinistcha, L50|\n|teampreview|4\n|inactive|Battle timer is ON: inactive players will automatically lose when time's up. (requested by kiepa66)\n|inactive|kiepa66 has 60 seconds left.\n|\n|t:|1776067939\n|teamsize|p1|4\n|teamsize|p2|4\n|start\n|switch|p1a: Farigiraf|Farigiraf, L50, M|100/100\n|switch|p1b: Incineroar|Incineroar, L50, M|100/100\n|switch|p2a: Tyranitar|Tyranitar, L50, M|100/100\n|switch|p2b: Incineroar|Incineroar, L50, M, shiny|100/100\n|-ability|p2b: Incineroar|Intimidate|boost\n|-unboost|p1a: Farigiraf|atk|1\n|-unboost|p1b: Incineroar|atk|1\n|-weather|Sandstorm|[from] ability: Sand Stream|[of] p2a: Tyranitar\n|-ability|p1b: Incineroar|Intimidate|boost\n|-unboost|p2a: Tyranitar|atk|1\n|-unboost|p2b: Incineroar|atk|1\n|turn|1\n|\n|t:|1776067963\n|switch|p2a: Sinistcha|Sinistcha, L50|100/100\n|move|p2b: Incineroar|Parting Shot|p1b: Incineroar\n|-unboost|p1b: Incineroar|atk|1\n|-unboost|p1b: Incineroar|spa|1\n|\n|t:|1776067968\n|switch|p2b: Tyranitar|Tyranitar, L50, M|100/100|[from] Parting Shot\n|move|p1a: Farigiraf|Calm Mind|p1a: Farigiraf\n|-boost|p1a: Farigiraf|spa|1\n|-boost|p1a: Farigiraf|spd|1\n|move|p1b: Incineroar|Close Combat|p2a: Sinistcha\n|-immune|p2a: Sinistcha\n|\n|-weather|Sandstorm|[upkeep]\n|-damage|p2a: Sinistcha|94/100|[from] Sandstorm\n|-damage|p1a: Farigiraf|94/100|[from] Sandstorm\n|-damage|p1b: Incineroar|95/100|[from] Sandstorm\n|upkeep\n|turn|2\n|inactive|itsthebandit has 30 seconds left.\n|inactive|itsthebandit has 20 seconds left.\n|\n|t:|1776068003\n|detailschange|p2b: Tyranitar|Tyranitar-Mega, L50, M\n|-mega|p2b: Tyranitar|Tyranitar|Tyranitarite\n|move|p2a: Sinistcha|Rage Powder|p2a: Sinistcha\n|-singleturn|p2a: Sinistcha|move: Rage Powder\n|move|p2b: Tyranitar|Knock Off|p1a: Farigiraf\n|-supereffective|p1a: Farigiraf|1\n|-damage|p1a: Farigiraf|0 fnt\n|-enditem|p1a: Farigiraf|Bright Powder|[from] move: Knock Off|[of] p2b: Tyranitar\n|faint|p1a: Farigiraf\n|move|p1b: Incineroar|Parting Shot|p2a: Sinistcha\n|-unboost|p2a: Sinistcha|atk|1\n|-unboost|p2a: Sinistcha|spa|1\n|\n|t:|1776068012\n|switch|p1b: Whimsicott|Whimsicott, L50, F|100/100|[from] Parting Shot\n|\n|-weather|Sandstorm|[upkeep]\n|-damage|p1b: Whimsicott|95/100|[from] Sandstorm\n|-damage|p2a: Sinistcha|88/100|[from] Sandstorm\n|upkeep\n|\n|t:|1776068020\n|switch|p1a: Incineroar|Incineroar, L50, M|95/100\n|-ability|p1a: Incineroar|Intimidate|boost\n|-unboost|p2a: Sinistcha|atk|1\n|-unboost|p2b: Tyranitar|atk|1\n|turn|3\n|\n|t:|1776068039\n|switch|p2a: Incineroar|Incineroar, L50, M, shiny|100/100\n|-ability|p2a: Incineroar|Intimidate|boost\n|-unboost|p1a: Incineroar|atk|1\n|-unboost|p1b: Whimsicott|atk|1\n|move|p2b: Tyranitar|Protect|p2b: Tyranitar\n|-singleturn|p2b: Tyranitar|Protect\n|move|p1b: Whimsicott|Tailwind|p1b: Whimsicott\n|-sidestart|p1: kiepa66|move: Tailwind\n|move|p1a: Incineroar|Flare Blitz|p2a: Incineroar\n|-resisted|p2a: Incineroar|1\n|-damage|p2a: Incineroar|78/100\n|-damage|p1a: Incineroar|88/100|[from] Recoil\n|\n|-weather|Sandstorm|[upkeep]\n|-damage|p1b: Whimsicott|89/100|[from] Sandstorm\n|-damage|p1a: Incineroar|82/100|[from] Sandstorm\n|-damage|p2a: Incineroar|72/100|[from] Sandstorm\n|upkeep\n|turn|4\n|inactive|kiepa66 has 30 seconds left.\n|inactive|itsthebandit has 30 seconds left.\n|inactive|itsthebandit has 20 seconds left.\n|\n|t:|1776068077\n|switch|p2b: Sinistcha|Sinistcha, L50|88/100\n|-heal|p2a: Incineroar|97/100|[from] ability: Hospitality|[of] p2b: Sinistcha\n|move|p2a: Incineroar|Fake Out|p1a: Incineroar\n|-damage|p1a: Incineroar|68/100\n|move|p1b: Whimsicott|Dazzling Gleam|p2a: Incineroar|[spread] p2a,p2b\n|-crit|p2b: Sinistcha\n|-damage|p2a: Incineroar|72/100\n|-damage|p2b: Sinistcha|52/100\n|cant|p1a: Incineroar|flinch\n|\n|-weather|Sandstorm|[upkeep]\n|-damage|p1b: Whimsicott|83/100|[from] Sandstorm\n|-damage|p1a: Incineroar|62/100|[from] Sandstorm\n|-damage|p2a: Incineroar|67/100|[from] Sandstorm\n|-damage|p2b: Sinistcha|45/100|[from] Sandstorm\n|-enditem|p2b: Sinistcha|Sitrus Berry|[eat]\n|-heal|p2b: Sinistcha|70/100|[from] item: Sitrus Berry\n|upkeep\n|turn|5\n|inactive|itsthebandit has 30 seconds left.\n|\n|t:|1776068103\n|move|p1b: Whimsicott|Charm|p2a: Incineroar\n|-hint|Since gen 7, Dark is immune to Prankster moves.\n|-immune|p2a: Incineroar\n|move|p1a: Incineroar|Flare Blitz|p2b: Sinistcha\n|-supereffective|p2b: Sinistcha|1\n|-damage|p2b: Sinistcha|1/100\n|-damage|p1a: Incineroar|43/100|[from] Recoil\n|-enditem|p1a: Incineroar|Sitrus Berry|[eat]\n|-heal|p1a: Incineroar|67/100|[from] item: Sitrus Berry\n|move|p2a: Incineroar|Flare Blitz|p1b: Whimsicott\n|-supereffective|p1b: Whimsicott|1\n|-damage|p1b: Whimsicott|0 fnt\n|faint|p1b: Whimsicott\n|-damage|p2a: Incineroar|47/100|[from] Recoil\n|move|p2b: Sinistcha|Strength Sap|p1a: Incineroar\n|-unboost|p1a: Incineroar|atk|1\n|-heal|p2b: Sinistcha|70/100\n|\n|-weather|none\n|upkeep\n|\n|t:|1776068110\n|switch|p1b: Gyarados|Gyarados, L50, F|100/100\n|-ability|p1b: Gyarados|Intimidate|boost\n|-unboost|p2a: Incineroar|atk|1\n|-unboost|p2b: Sinistcha|atk|1\n|turn|6\n|\n|t:|1776068130\n|detailschange|p1b: Gyarados|Gyarados-Mega, L50, F\n|-mega|p1b: Gyarados|Gyarados|Gyaradosite\n|-ability|p1b: Gyarados|Mold Breaker\n|move|p2b: Sinistcha|Rage Powder|p2b: Sinistcha\n|-singleturn|p2b: Sinistcha|move: Rage Powder\n|move|p1b: Gyarados|Crunch|p2b: Sinistcha\n|-supereffective|p2b: Sinistcha|1\n|-damage|p2b: Sinistcha|0 fnt\n|faint|p2b: Sinistcha\n|move|p1a: Incineroar|Close Combat|p2a: Incineroar\n|-supereffective|p2a: Incineroar|1\n|-enditem|p2a: Incineroar|Chople Berry|[eat]\n|-enditem|p2a: Incineroar|Chople Berry|[weaken]\n|-damage|p2a: Incineroar|26/100\n|-unboost|p1a: Incineroar|def|1\n|-unboost|p1a: Incineroar|spd|1\n|move|p2a: Incineroar|Will-O-Wisp|p1b: Gyarados\n|-status|p1b: Gyarados|brn\n|\n|-damage|p1b: Gyarados|95/100 brn|[from] brn\n|-sideend|p1: kiepa66|move: Tailwind\n|upkeep\n|\n|t:|1776068146\n|switch|p2b: Tyranitar|Tyranitar-Mega, L50, M|100/100\n|-weather|Sandstorm|[from] ability: Sand Stream|[of] p2b: Tyranitar\n|turn|7\n|\n|t:|1776068161\n|move|p1b: Gyarados|Waterfall|p2b: Tyranitar\n|-supereffective|p2b: Tyranitar|1\n|-damage|p2b: Tyranitar|71/100\n|move|p2a: Incineroar|Parting Shot|p1b: Gyarados\n|-unboost|p1b: Gyarados|atk|1\n|-unboost|p1b: Gyarados|spa|1\n|\n|t:|1776068166\n|switch|p2a: Excadrill|Excadrill, L50, F|100/100|[from] Parting Shot\n|move|p2b: Tyranitar|Rock Slide|p1a: Incineroar|[spread] p1a,p1b\n|-supereffective|p1a: Incineroar|1\n|-damage|p1a: Incineroar|0 fnt\n|-damage|p1b: Gyarados|61/100 brn\n|faint|p1a: Incineroar\n|\n|-weather|Sandstorm|[upkeep]\n|-damage|p1b: Gyarados|55/100 brn|[from] Sandstorm\n|-damage|p1b: Gyarados|49/100 brn|[from] brn\n|upkeep\n|turn|8\n|\n|t:|1776068175\n|move|p2a: Excadrill|High Horsepower|p1b: Gyarados\n|-damage|p1b: Gyarados|0 fnt\n|faint|p1b: Gyarados\n|\n|win|itsthebandit\n|raw|kiepa66's rating: 1055 &rarr; <strong>1037</strong><br />(-18 for losing)\n|raw|itsthebandit's rating: 1060 &rarr; <strong>1091</strong><br />(+31 for winning)\n",
  "uploadtime": 1776068180,
  "views": 27,
  "formatid": "gen9championsvgc2026regma",
  "rating": 1037,
  "private": 0,
  "password": null
}