{
  "id": "gen9championsvgc2026regma-2582838128",
  "format": "[Gen 9 Champions] VGC 2026 Reg M-A",
  "players": [
    "smatsaw",
    "P0keJr"
  ],
  "log": "|j|\u2606smatsaw\n|j|\u2606P0keJr\n|t:|1776118009\n|gametype|doubles\n|player|p1|smatsaw|steven|1049\n|player|p2|P0keJr|101|1099\n|gen|9\n|tier|[Gen 9 Champions] VGC 2026 Reg M-A\n|rated|\n|rule|Species Clause: Limit one of each Pok\u00e9mon\n|rule|Item Clause: Limit 1 of each item\n|clearpoke\n|poke|p1|Feraligatr, L50, M|\n|poke|p1|Pelipper, L50, F|\n|poke|p1|Raichu, L50, F|\n|poke|p1|Sinistcha, L50|\n|poke|p1|Meganium, L50, M|\n|poke|p1|Sableye, L50, F|\n|poke|p2|Pelipper, L50, F|\n|poke|p2|Archaludon, L50, M|\n|poke|p2|Glimmora, L50, M|\n|poke|p2|Dragonite, L50, M|\n|poke|p2|Basculegion, L50, M|\n|poke|p2|Sneasler, L50, M|\n|teampreview|4\n|\n|t:|1776118033\n|teamsize|p1|4\n|teamsize|p2|4\n|start\n|switch|p1a: Pelipper|Pelipper, L50, F|100/100\n|switch|p1b: Meganium|Meganium, L50, M|100/100\n|switch|p2a: Glimmora|Glimmora, L50, M|100/100\n|switch|p2b: Pelipper|Pelipper, L50, F|100/100\n|-weather|RainDance|[from] ability: Drizzle|[of] p2b: Pelipper\n|turn|1\n|\n|t:|1776118063\n|detailschange|p2a: Glimmora|Glimmora-Mega, L50, M\n|-mega|p2a: Glimmora|Glimmora|Glimmoranite\n|move|p1b: Meganium|Protect|p1b: Meganium\n|-singleturn|p1b: Meganium|Protect\n|move|p2b: Pelipper|Icy Wind|p1a: Pelipper|[spread] p1a\n|-activate|p1b: Meganium|move: Protect\n|-damage|p1a: Pelipper|82/100\n|-unboost|p1a: Pelipper|spe|1\n|move|p2a: Glimmora|Sludge Bomb|p1b: Meganium\n|-activate|p1b: Meganium|move: Protect\n|move|p1a: Pelipper|Tailwind|p1a: Pelipper\n|-sidestart|p1: smatsaw|move: Tailwind\n|\n|-weather|RainDance|[upkeep]\n|upkeep\n|turn|2\n|\n|t:|1776118084\n|switch|p1b: Sableye|Sableye, L50, F|100/100\n|move|p2b: Pelipper|Icy Wind|p1b: Sableye|[spread] p1a,p1b\n|-damage|p1a: Pelipper|64/100\n|-damage|p1b: Sableye|80/100\n|-unboost|p1a: Pelipper|spe|1\n|-unboost|p1b: Sableye|spe|1\n|move|p2a: Glimmora|Sludge Bomb|p1b: Sableye\n|-resisted|p1b: Sableye|1\n|-damage|p1b: Sableye|18/100\n|-status|p1b: Sableye|psn\n|-enditem|p1b: Sableye|Sitrus Berry|[eat]\n|-heal|p1b: Sableye|43/100 psn|[from] item: Sitrus Berry\n|move|p1a: Pelipper|Muddy Water|p2a: Glimmora|[spread] p2b\n|-miss|p1a: Pelipper|p2a: Glimmora\n|-resisted|p2b: Pelipper|1\n|-damage|p2b: Pelipper|66/100\n|\n|-weather|RainDance|[upkeep]\n|-damage|p1b: Sableye|31/100 psn|[from] psn\n|upkeep\n|turn|3\n|\n|t:|1776118115\n|switch|p2a: Archaludon|Archaludon, L50, M|100/100\n|move|p1b: Sableye|Quash||[still]\n|-fail|p1b: Sableye\n|move|p2b: Pelipper|Icy Wind|p1a: Pelipper|[spread] p1a,p1b\n|-damage|p1a: Pelipper|43/100\n|-damage|p1b: Sableye|12/100 psn\n|-unboost|p1a: Pelipper|spe|1\n|-unboost|p1b: Sableye|spe|1\n|move|p1a: Pelipper|Muddy Water|p2b: Pelipper|[spread] p2a,p2b\n|-resisted|p2a: Archaludon|1\n|-resisted|p2b: Pelipper|1\n|-damage|p2a: Archaludon|78/100\n|-damage|p2b: Pelipper|34/100\n|-unboost|p2a: Archaludon|accuracy|1\n|-ability|p2a: Archaludon|Stamina|boost\n|-boost|p2a: Archaludon|def|1\n|\n|-weather|RainDance|[upkeep]\n|-heal|p2a: Archaludon|84/100|[from] item: Leftovers\n|-damage|p1b: Sableye|0 fnt|[from] psn\n|faint|p1b: Sableye\n|upkeep\n|\n|t:|1776118137\n|switch|p1b: Raichu|Raichu, L50, F|100/100\n|turn|4\n|\n|t:|1776118152\n|switch|p2b: Glimmora|Glimmora-Mega, L50, M|100/100\n|move|p1a: Pelipper|Wide Guard|p1a: Pelipper\n|-singleturn|p1a: Pelipper|Wide Guard\n|move|p1b: Raichu|Electroweb|p2b: Glimmora|[spread] p2a\n|-miss|p1b: Raichu|p2b: Glimmora\n|-resisted|p2a: Archaludon|1\n|-damage|p2a: Archaludon|74/100\n|-unboost|p2a: Archaludon|spe|1\n|-ability|p2a: Archaludon|Stamina|boost\n|-boost|p2a: Archaludon|def|1\n|move|p2a: Archaludon|Dragon Pulse|p1b: Raichu\n|-damage|p1b: Raichu|32/100\n|\n|-weather|RainDance|[upkeep]\n|-heal|p2a: Archaludon|81/100|[from] item: Leftovers\n|-sideend|p1: smatsaw|move: Tailwind\n|upkeep\n|turn|5\n|\n|t:|1776118193\n|move|p1b: Raichu|Protect|p1b: Raichu\n|-singleturn|p1b: Raichu|Protect\n|move|p2b: Glimmora|Sludge Bomb|p1a: Pelipper\n|-damage|p1a: Pelipper|0 fnt\n|faint|p1a: Pelipper\n|move|p2a: Archaludon|Electro Shot||[still]\n|-prepare|p2a: Archaludon|Electro Shot\n|-boost|p2a: Archaludon|spa|1\n|-anim|p2a: Archaludon|Electro Shot|p1b: Raichu\n|-activate|p1b: Raichu|move: Protect\n|\n|-weather|none\n|-heal|p2a: Archaludon|87/100|[from] item: Leftovers\n|upkeep\n|-message|smatsaw forfeited.\n|\n|win|P0keJr\n|raw|smatsaw's rating: 1049 &rarr; <strong>1034</strong><br />(-15 for losing)\n|raw|P0keJr's rating: 1099 &rarr; <strong>1121</strong><br />(+22 for winning)\n|l|\u2606smatsaw\n|player|p1|\n",
  "uploadtime": 1776118211,
  "views": 12,
  "formatid": "gen9championsvgc2026regma",
  "rating": 1034,
  "private": 0,
  "password": null
}