{
  "id": "gen9championsvgc2026regma-2586857906",
  "format": "[Gen 9 Champions] VGC 2026 Reg M-A",
  "players": [
    "DanimalsFruitSnack",
    "Ayldus"
  ],
  "log": "|j|\u2606DanimalsFruitSnack\n|j|\u2606Ayldus\n|t:|1776465902\n|gametype|doubles\n|player|p1|DanimalsFruitSnack|102|1188\n|player|p2|Ayldus|rosa|1277\n|gen|9\n|tier|[Gen 9 Champions] VGC 2026 Reg M-A\n|rated|\n|rule|Species Clause: Limit one of each Pok\u00e9mon\n|rule|Item Clause: Limit 1 of each item\n|clearpoke\n|poke|p1|Lopunny, L50, M|\n|poke|p1|Basculegion, L50, M|\n|poke|p1|Kingambit, L50, F|\n|poke|p1|Sinistcha, L50|\n|poke|p1|Aerodactyl, L50, F|\n|poke|p1|Primarina, L50, M|\n|poke|p2|Aggron, L50, F|\n|poke|p2|Incineroar, L50, M|\n|poke|p2|Basculegion, L50, M|\n|poke|p2|Sinistcha, L50|\n|poke|p2|Dragonite, L50, F|\n|poke|p2|Pelipper, L50, M|\n|teampreview|4\n|inactive|Battle timer is ON: inactive players will automatically lose when time's up. (requested by Ayldus)\n|inactive|DanimalsFruitSnack has 60 seconds left.\n|\n|t:|1776465951\n|teamsize|p1|4\n|teamsize|p2|4\n|start\n|switch|p1a: Primarina|Primarina, L50, M|100/100\n|switch|p1b: Basculegion|Basculegion, L50, M|100/100\n|switch|p2a: Aggron|Aggron, L50, F|100/100\n|switch|p2b: Incineroar|Incineroar, L50, M|100/100\n|-ability|p2b: Incineroar|Intimidate|boost\n|-unboost|p1a: Primarina|atk|1\n|-unboost|p1b: Basculegion|atk|1\n|turn|1\n|\n|t:|1776465963\n|detailschange|p2a: Aggron|Aggron-Mega, L50, F\n|-mega|p2a: Aggron|Aggron|Aggronite\n|move|p1a: Primarina|Protect|p1a: Primarina\n|-singleturn|p1a: Primarina|Protect\n|move|p2b: Incineroar|Fake Out|p1a: Primarina\n|-activate|p1a: Primarina|move: Protect\n|move|p1b: Basculegion|Flip Turn|p2b: Incineroar\n|-supereffective|p2b: Incineroar|1\n|-damage|p2b: Incineroar|59/100\n|\n|t:|1776465972\n|switch|p1b: Lopunny|Lopunny, L50, M|100/100|[from] Flip Turn\n|move|p2a: Aggron|Iron Defense|p2a: Aggron\n|-boost|p2a: Aggron|def|2\n|\n|upkeep\n|turn|2\n|inactive|DanimalsFruitSnack has 30 seconds left.\n|\n|t:|1776465998\n|switch|p1b: Basculegion|Basculegion, L50, M|100/100\n|switch|p2b: Basculegion|Basculegion, L50, M|100/100\n|move|p1a: Primarina|Hyper Voice|p2b: Basculegion|[spread] p2a,p2b\n|-resisted|p2b: Basculegion|1\n|-damage|p2a: Aggron|75/100\n|-damage|p2b: Basculegion|84/100\n|move|p2a: Aggron|Body Press|p1b: Basculegion\n|-immune|p1b: Basculegion\n|\n|upkeep\n|turn|3\n|inactive|DanimalsFruitSnack has 30 seconds left.\n|\n|t:|1776466032\n|switch|p2b: Sinistcha|Sinistcha, L50|100/100\n|-heal|p2a: Aggron|99/100|[from] ability: Hospitality|[of] p2b: Sinistcha\n|move|p1b: Basculegion|Wave Crash|p2b: Sinistcha\n|-resisted|p2b: Sinistcha|1\n|-damage|p2b: Sinistcha|67/100\n|-damage|p1b: Basculegion|91/100|[from] Recoil\n|move|p1a: Primarina|Calm Mind|p1a: Primarina\n|-boost|p1a: Primarina|spa|1\n|-boost|p1a: Primarina|spd|1\n|move|p2a: Aggron|Iron Defense|p2a: Aggron\n|-boost|p2a: Aggron|def|2\n|\n|upkeep\n|turn|4\n|inactive|DanimalsFruitSnack has 30 seconds left.\n|inactive|Ayldus has 30 seconds left.\n|inactive|DanimalsFruitSnack has 20 seconds left.\n|\n|t:|1776466070\n|move|p1b: Basculegion|Wave Crash|p2b: Sinistcha\n|-resisted|p2b: Sinistcha|1\n|-damage|p2b: Sinistcha|37/100\n|-enditem|p2b: Sinistcha|Sitrus Berry|[eat]\n|-heal|p2b: Sinistcha|62/100|[from] item: Sitrus Berry\n|-damage|p1b: Basculegion|82/100|[from] Recoil\n|move|p2b: Sinistcha|Life Dew|p2b: Sinistcha|[spread] p2a,p2b\n|-heal|p2a: Aggron|100/100\n|-heal|p2b: Sinistcha|87/100\n|move|p1a: Primarina|Calm Mind|p1a: Primarina\n|-boost|p1a: Primarina|spa|1\n|-boost|p1a: Primarina|spd|1\n|move|p2a: Aggron|Body Press|p1a: Primarina\n|-resisted|p1a: Primarina|1\n|-damage|p1a: Primarina|55/100\n|\n|-heal|p1a: Primarina|61/100|[from] item: Leftovers\n|upkeep\n|turn|5\n|inactive|DanimalsFruitSnack has 30 seconds left.\n|inactive|Ayldus has 30 seconds left.\n|\n|t:|1776466102\n|switch|p1b: Lopunny|Lopunny, L50, M|100/100\n|move|p2b: Sinistcha|Life Dew||[still]|[spread] p2a,p2b\n|-fail|p2a: Aggron|heal\n|-heal|p2b: Sinistcha|100/100\n|move|p1a: Primarina|Hyper Voice|p2a: Aggron|[spread] p2a,p2b\n|-resisted|p2b: Sinistcha|1\n|-damage|p2a: Aggron|50/100\n|-damage|p2b: Sinistcha|77/100\n|move|p2a: Aggron|Heavy Slam|p1a: Primarina\n|-damage|p1a: Primarina|16/100\n|\n|-heal|p1a: Primarina|22/100|[from] item: Leftovers\n|upkeep\n|turn|6\n|\n|t:|1776466120\n|switch|p2b: Basculegion|Basculegion, L50, M|84/100\n|detailschange|p1b: Lopunny|Lopunny-Mega, L50, M\n|-mega|p1b: Lopunny|Lopunny|Lopunnite\n|move|p2a: Aggron|Protect|p2a: Aggron\n|-singleturn|p2a: Aggron|Protect\n|move|p1b: Lopunny|Fake Out|p2b: Basculegion\n|-damage|p2b: Basculegion|54/100\n|move|p1a: Primarina|Hyper Voice|p2a: Aggron|[spread] p2b\n|-activate|p2a: Aggron|move: Protect\n|-resisted|p2b: Basculegion|1\n|-damage|p2b: Basculegion|23/100\n|\n|-heal|p1a: Primarina|28/100|[from] item: Leftovers\n|upkeep\n|turn|7\n|inactive|DanimalsFruitSnack has 30 seconds left.\n|inactive|Ayldus has 30 seconds left.\n|inactive|DanimalsFruitSnack has 20 seconds left.\n|\n|t:|1776466157\n|move|p1a: Primarina|Protect|p1a: Primarina\n|-singleturn|p1a: Primarina|Protect\n|move|p1b: Lopunny|Close Combat|p2b: Basculegion\n|-damage|p2b: Basculegion|0 fnt\n|-unboost|p1b: Lopunny|def|1\n|-unboost|p1b: Lopunny|spd|1\n|faint|p2b: Basculegion\n|move|p2a: Aggron|Body Press|p1b: Lopunny\n|-supereffective|p1b: Lopunny|1\n|-damage|p1b: Lopunny|0 fnt\n|faint|p1b: Lopunny\n|\n|-heal|p1a: Primarina|34/100|[from] item: Leftovers\n|upkeep\n|\n|t:|1776466172\n|switch|p1b: Kingambit|Kingambit, L50, F|100/100\n|switch|p2b: Incineroar|Incineroar, L50, M|59/100\n|-ability|p2b: Incineroar|Intimidate|boost\n|-unboost|p1a: Primarina|atk|1\n|-unboost|p1b: Kingambit|atk|1\n|-ability|p1b: Kingambit|Defiant|boost\n|-boost|p1b: Kingambit|atk|2\n|turn|8\n|\n|t:|1776466192\n|move|p2b: Incineroar|Fake Out|p1b: Kingambit\n|-resisted|p1b: Kingambit|1\n|-damage|p1b: Kingambit|97/100\n|move|p1a: Primarina|Hyper Voice|p2a: Aggron|[spread] p2a,p2b\n|-supereffective|p2b: Incineroar|1\n|-damage|p2a: Aggron|2/100\n|-damage|p2b: Incineroar|0 fnt\n|faint|p2b: Incineroar\n|move|p2a: Aggron|Heavy Slam|p1a: Primarina\n|-damage|p1a: Primarina|0 fnt\n|faint|p1a: Primarina\n|cant|p1b: Kingambit|flinch\n|\n|upkeep\n|\n|t:|1776466197\n|switch|p2b: Sinistcha|Sinistcha, L50|77/100\n|switch|p1a: Basculegion|Basculegion, L50, M|82/100\n|-heal|p2a: Aggron|27/100|[from] ability: Hospitality|[of] p2b: Sinistcha\n|turn|9\n|inactive|DanimalsFruitSnack has 30 seconds left.\n|\n|t:|1776466231\n|move|p2a: Aggron|Protect|p2a: Aggron\n|-singleturn|p2a: Aggron|Protect\n|move|p1a: Basculegion|Last Respects|p2a: Aggron\n|-activate|p2a: Aggron|move: Protect\n|move|p2b: Sinistcha|Matcha Gotcha|p1a: Basculegion|[spread] p1a,p1b\n|-supereffective|p1a: Basculegion|1\n|-resisted|p1b: Kingambit|1\n|-damage|p1a: Basculegion|24/100\n|-heal|p2b: Sinistcha|100/100|[from] drain|[of] p1a: Basculegion\n|-damage|p1b: Kingambit|85/100\n|-status|p1b: Kingambit|brn\n|move|p1b: Kingambit|Kowtow Cleave|p2a: Aggron\n|-activate|p2a: Aggron|move: Protect\n|\n|-damage|p1b: Kingambit|79/100 brn|[from] brn\n|upkeep\n|turn|10\n|\n|t:|1776466251\n|move|p2b: Sinistcha|Rage Powder|p2b: Sinistcha\n|-singleturn|p2b: Sinistcha|move: Rage Powder\n|move|p1a: Basculegion|Last Respects|p2b: Sinistcha\n|-supereffective|p2b: Sinistcha|1\n|-damage|p2b: Sinistcha|0 fnt\n|faint|p2b: Sinistcha\n|move|p2a: Aggron|Heavy Slam|p1a: Basculegion\n|-resisted|p1a: Basculegion|1\n|-damage|p1a: Basculegion|0 fnt\n|faint|p1a: Basculegion\n|move|p1b: Kingambit|Iron Head|p2a: Aggron\n|-resisted|p2a: Aggron|1\n|-damage|p2a: Aggron|24/100\n|\n|-damage|p1b: Kingambit|73/100 brn|[from] brn\n|upkeep\n|turn|11\n|\n|t:|1776466267\n|move|p1b: Kingambit|Iron Head|p2a: Aggron\n|-resisted|p2a: Aggron|1\n|-damage|p2a: Aggron|21/100\n|move|p2a: Aggron|Body Press|p1b: Kingambit\n|-supereffective|p1b: Kingambit|2\n|-enditem|p1b: Kingambit|Chople Berry|[eat]\n|-enditem|p1b: Kingambit|Chople Berry|[weaken]\n|-damage|p1b: Kingambit|0 fnt\n|faint|p1b: Kingambit\n|\n|win|Ayldus\n|raw|DanimalsFruitSnack's rating: 1188 &rarr; <strong>1169</strong><br />(-19 for losing)\n|raw|Ayldus's rating: 1277 &rarr; <strong>1296</strong><br />(+19 for winning)\n|l|\u2606DanimalsFruitSnack\n|player|p1|\n",
  "uploadtime": 1776466273,
  "views": 25,
  "formatid": "gen9championsvgc2026regma",
  "rating": 1169,
  "private": 0,
  "password": null
}