{
  "id": "gen9championsvgc2026regma-2582100707",
  "format": "[Gen 9 Champions] VGC 2026 Reg M-A",
  "players": [
    "Stinko Man",
    "Couch Potato309"
  ],
  "log": "|j|\u2606Stinko Man\n|j|\u2606Couch Potato309\n|t:|1776057930\n|gametype|doubles\n|player|p1|Stinko Man|nate|\n|player|p2|Couch Potato309|steven|\n|gen|9\n|tier|[Gen 9 Champions] VGC 2026 Reg M-A\n|rule|Species Clause: Limit one of each Pok\u00e9mon\n|rule|Item Clause: Limit 1 of each item\n|clearpoke\n|poke|p1|Glimmora, L50, F|\n|poke|p1|Corviknight, L50, F|\n|poke|p1|Sinistcha, L50|\n|poke|p1|Ninetales-Alola, L50, F|\n|poke|p1|Incineroar, L50, F|\n|poke|p1|Quaquaval, L50, F|\n|poke|p2|Aggron, L50, M|\n|poke|p2|Clawitzer, L50, M|\n|poke|p2|Pelipper, L50, M|\n|poke|p2|Sinistcha-Masterpiece, L50|\n|poke|p2|Clefable, L50, M|\n|poke|p2|Incineroar, L50, M|\n|teampreview|4\n|inactive|Battle timer is ON: inactive players will automatically lose when time's up. (requested by Couch Potato309)\n|j| Teccccaaaaa\n|inactive|Stinko Man has 60 seconds left.\n|l| Teccccaaaaa\n|\n|t:|1776057963\n|teamsize|p1|4\n|teamsize|p2|4\n|start\n|switch|p1a: The Jobber|Glimmora, L50, F, shiny|100/100\n|switch|p1b: mfw|Incineroar, L50, F|100/100\n|switch|p2a: THE WALL|Aggron, L50, M, shiny|100/100\n|switch|p2b: THE GUN|Clawitzer, L50, M|100/100\n|-ability|p1b: mfw|Intimidate|boost\n|-unboost|p2a: THE WALL|atk|1\n|-unboost|p2b: THE GUN|atk|1\n|turn|1\n|\n|t:|1776057980\n|detailschange|p1a: The Jobber|Glimmora-Mega, L50, F, shiny\n|-mega|p1a: The Jobber|Glimmora|Glimmoranite\n|detailschange|p2a: THE WALL|Aggron-Mega, L50, M, shiny\n|-mega|p2a: THE WALL|Aggron|Aggronite\n|move|p1b: mfw|Fake Out|p2b: THE GUN\n|-damage|p2b: THE GUN|84/100\n|cant|p2b: THE GUN|flinch\n|move|p1a: The Jobber|Earth Power|p2a: THE WALL\n|-supereffective|p2a: THE WALL|1\n|-damage|p2a: THE WALL|36/100\n|move|p2a: THE WALL|Iron Defense|p2a: THE WALL\n|-boost|p2a: THE WALL|def|2\n|\n|upkeep\n|turn|2\n|inactive|Stinko Man has 30 seconds left.\n|inactive|Stinko Man has 20 seconds left.\n|inactive|Stinko Man has 15 seconds left.\n|\n|t:|1776058023\n|move|p2b: THE GUN|Heal Pulse|p2a: THE WALL\n|-heal|p2a: THE WALL|100/100\n|move|p1a: The Jobber|Power Gem|p2b: THE GUN\n|-damage|p2b: THE GUN|7/100\n|move|p1b: mfw|Parting Shot|p2b: THE GUN\n|-unboost|p2b: THE GUN|atk|1\n|-unboost|p2b: THE GUN|spa|1\n|\n|t:|1776058037\n|switch|p1b: Giblin|Sinistcha, L50|100/100|[from] Parting Shot\n|move|p2a: THE WALL|Body Press|p1a: The Jobber\n|-damage|p1a: The Jobber|0 fnt\n|faint|p1a: The Jobber\n|\n|upkeep\n|\n|t:|1776058046\n|switch|p1a: mfw|Incineroar, L50, F|100/100\n|-ability|p1a: mfw|Intimidate|boost\n|-unboost|p2a: THE WALL|atk|1\n|-unboost|p2b: THE GUN|atk|1\n|turn|3\n|\n|t:|1776058057\n|switch|p2b: THE CUP|Sinistcha-Masterpiece, L50|100/100\n|move|p1a: mfw|Fake Out|p2b: THE CUP\n|-immune|p2b: THE CUP\n|move|p1b: Giblin|Shadow Ball|p2a: THE WALL\n|-damage|p2a: THE WALL|62/100\n|move|p2a: THE WALL|Iron Defense|p2a: THE WALL\n|-boost|p2a: THE WALL|def|2\n|\n|upkeep\n|turn|4\n|inactive|Couch Potato309 has 30 seconds left.\n|\n|t:|1776058082\n|move|p2b: THE CUP|Protect|p2b: THE CUP\n|-singleturn|p2b: THE CUP|Protect\n|move|p1a: mfw|Flare Blitz|p2b: THE CUP\n|-activate|p2b: THE CUP|move: Protect\n|move|p2a: THE WALL|Iron Defense|p2a: THE WALL\n|-boost|p2a: THE WALL|def|2\n|move|p1b: Giblin|Trick Room|p1b: Giblin\n|-fieldstart|move: Trick Room|[of] p1b: Giblin\n|\n|upkeep\n|turn|5\n|\n|t:|1776058097\n|move|p1b: Giblin|Rage Powder|p1b: Giblin\n|-singleturn|p1b: Giblin|move: Rage Powder\n|move|p2a: THE WALL|Body Press|p1b: Giblin\n|-immune|p1b: Giblin\n|move|p1a: mfw|Flare Blitz|p2b: THE CUP\n|-supereffective|p2b: THE CUP|1\n|-damage|p2b: THE CUP|0 fnt\n|faint|p2b: THE CUP\n|-damage|p1a: mfw|70/100|[from] Recoil\n|\n|upkeep\n|\n|t:|1776058103\n|switch|p2b: THE CAT|Incineroar, L50, M|100/100\n|-ability|p2b: THE CAT|Intimidate|boost\n|-unboost|p1a: mfw|atk|1\n|-unboost|p1b: Giblin|atk|1\n|turn|6\n|inactive|Stinko Man has 30 seconds left.\n|inactive|Stinko Man has 20 seconds left.\n|inactive|Stinko Man has 15 seconds left.\n|inactive|Stinko Man has 10 seconds left.\n|\n|t:|1776058149\n|move|p2a: THE WALL|Body Press|p1a: mfw\n|-supereffective|p1a: mfw|1\n|-damage|p1a: mfw|0 fnt\n|faint|p1a: mfw\n|move|p1b: Giblin|Shadow Ball|p2a: THE WALL\n|-damage|p2a: THE WALL|19/100\n|move|p2b: THE CAT|Flare Blitz|p1b: Giblin\n|-supereffective|p1b: Giblin|1\n|-damage|p1b: Giblin|30/100\n|-damage|p2b: THE CAT|77/100|[from] Recoil\n|\n|-heal|p1b: Giblin|36/100|[from] item: Leftovers\n|upkeep\n|\n|t:|1776058157\n|switch|p1a: Renaissance Men|Corviknight, L50, F|100/100\n|turn|7\n|inactive|Stinko Man has 30 seconds left.\n|\n|t:|1776058191\n|move|p2a: THE WALL|Rest|p2a: THE WALL\n|-status|p2a: THE WALL|slp|[from] move: Rest\n|-heal|p2a: THE WALL|100/100 slp|[silent]\n|move|p1a: Renaissance Men|Brave Bird|p2b: THE CAT\n|-damage|p2b: THE CAT|21/100\n|-damage|p1a: Renaissance Men|84/100|[from] Recoil\n|move|p2b: THE CAT|Flare Blitz|p1b: Giblin\n|-supereffective|p1b: Giblin|1\n|-damage|p1b: Giblin|0 fnt\n|faint|p1b: Giblin\n|-damage|p2b: THE CAT|9/100|[from] Recoil\n|\n|upkeep\n|turn|8\n|\n|t:|1776058206\n|cant|p2a: THE WALL|slp\n|move|p1a: Renaissance Men|U-turn|p2b: THE CAT|[miss]\n|-miss|p1a: Renaissance Men|p2b: THE CAT\n|move|p2b: THE CAT|Parting Shot|p1a: Renaissance Men\n|-ability|p1a: Renaissance Men|Mirror Armor\n|-unboost|p2b: THE CAT|atk|1\n|-ability|p1a: Renaissance Men|Mirror Armor\n|-unboost|p2b: THE CAT|spa|1\n|\n|t:|1776058214\n|switch|p2b: THE GUN|Clawitzer, L50, M|7/100|[from] Parting Shot\n|\n|-fieldend|move: Trick Room\n|upkeep\n|turn|9\n|\n|t:|1776058223\n|move|p2b: THE GUN|Water Pulse|p1a: Renaissance Men\n|-damage|p1a: Renaissance Men|38/100\n|move|p1a: Renaissance Men|U-turn|p2b: THE GUN\n|-damage|p2b: THE GUN|0 fnt\n|faint|p2b: THE GUN\n|cant|p2a: THE WALL|slp\n|\n|upkeep\n|\n|t:|1776058226\n|switch|p2b: THE CAT|Incineroar, L50, M|9/100\n|-ability|p2b: THE CAT|Intimidate|boost\n|-ability|p1a: Renaissance Men|Mirror Armor\n|-unboost|p2b: THE CAT|atk|1\n|turn|10\n|\n|t:|1776058232\n|move|p2b: THE CAT|Fake Out|p1a: Renaissance Men\n|-resisted|p1a: Renaissance Men|1\n|-damage|p1a: Renaissance Men|35/100\n|cant|p1a: Renaissance Men|flinch\n|-curestatus|p2a: THE WALL|slp|[msg]\n|move|p2a: THE WALL|Body Press|p1a: Renaissance Men\n|-damage|p1a: Renaissance Men|0 fnt\n|faint|p1a: Renaissance Men\n|\n|win|Couch Potato309\n|l|\u2606Stinko Man\n|player|p1|\n",
  "uploadtime": 1776058241,
  "views": 20,
  "formatid": "gen9championsvgc2026regma",
  "rating": null,
  "private": 0,
  "password": null
}