{
  "id": "gen9championsvgc2026regma-2585302614",
  "format": "[Gen 9 Champions] VGC 2026 Reg M-A",
  "players": [
    "pqlatrxn",
    "Jdkddddfgf"
  ],
  "log": "|j|\u2606pqlatrxn\n|j|\u2606Jdkddddfgf\n|t:|1776335644\n|gametype|doubles\n|player|p1|pqlatrxn|dawn|1000\n|player|p2|Jdkddddfgf|102|1000\n|gen|9\n|tier|[Gen 9 Champions] VGC 2026 Reg M-A\n|rated|\n|rule|Species Clause: Limit one of each Pok\u00e9mon\n|rule|Item Clause: Limit 1 of each item\n|clearpoke\n|poke|p1|Froslass, L50, F|\n|poke|p1|Sneasler, L50, M|\n|poke|p1|Kingambit, L50, F|\n|poke|p1|Kangaskhan, L50, F|\n|poke|p1|Whimsicott, L50, F|\n|poke|p1|Milotic, L50, F|\n|poke|p2|Aggron, L50, M|\n|poke|p2|Aerodactyl, L50, M|\n|poke|p2|Sinistcha, L50|\n|poke|p2|Sneasler, L50, M|\n|poke|p2|Tyranitar, L50, M|\n|poke|p2|Hydreigon, L50, M|\n|teampreview|4\n|inactive|Battle timer is ON: inactive players will automatically lose when time's up. (requested by Jdkddddfgf)\n|j| Vugvzgvgz\n|\n|t:|1776335671\n|teamsize|p1|4\n|teamsize|p2|4\n|start\n|switch|p1a: Milotic|Milotic, L50, F|100/100\n|switch|p1b: Whimsicott|Whimsicott, L50, F|100/100\n|switch|p2a: Aggron|Aggron, L50, M, shiny|100/100\n|switch|p2b: Sneasler|Sneasler, L50, M|100/100\n|turn|1\n|inactive|pqlatrxn has 30 seconds left.\n|\n|t:|1776335700\n|detailschange|p2a: Aggron|Aggron-Mega, L50, M, shiny\n|-mega|p2a: Aggron|Aggron|Aggronite\n|move|p1b: Whimsicott|Protect|p1b: Whimsicott\n|-singleturn|p1b: Whimsicott|Protect\n|move|p2b: Sneasler|Fake Out|p1b: Whimsicott\n|-activate|p1b: Whimsicott|move: Protect\n|move|p1a: Milotic|Scald|p2a: Aggron\n|-damage|p2a: Aggron|67/100\n|move|p2a: Aggron|Iron Defense|p2a: Aggron\n|-boost|p2a: Aggron|def|2\n|\n|upkeep\n|turn|2\n|inactive|pqlatrxn has 30 seconds left.\n|\n|t:|1776335730\n|switch|p1a: Kangaskhan|Kangaskhan, L50, F|100/100\n|move|p2a: Aggron|Protect|p2a: Aggron\n|-singleturn|p2a: Aggron|Protect\n|move|p1b: Whimsicott|Tailwind|p1b: Whimsicott\n|-sidestart|p1: pqlatrxn|move: Tailwind\n|move|p2b: Sneasler|Dire Claw|p1b: Whimsicott\n|-supereffective|p1b: Whimsicott|2\n|-enditem|p1b: Whimsicott|Focus Sash\n|-damage|p1b: Whimsicott|1/100\n|-status|p1b: Whimsicott|par\n|\n|upkeep\n|turn|3\n|\n|t:|1776335754\n|detailschange|p1a: Kangaskhan|Kangaskhan-Mega, L50, F\n|-mega|p1a: Kangaskhan|Kangaskhan|Kangaskhanite\n|move|p1a: Kangaskhan|Drain Punch|p2a: Aggron\n|-supereffective|p2a: Aggron|1\n|-damage|p2a: Aggron|56/100\n|-supereffective|p2a: Aggron|1\n|-damage|p2a: Aggron|55/100\n|-hitcount|p2a: Aggron|2\n|move|p2b: Sneasler|Close Combat|p1a: Kangaskhan\n|-supereffective|p1a: Kangaskhan|1\n|-damage|p1a: Kangaskhan|0 fnt\n|-unboost|p2b: Sneasler|def|1\n|-unboost|p2b: Sneasler|spd|1\n|faint|p1a: Kangaskhan\n|-enditem|p2b: Sneasler|White Herb\n|-clearnegativeboost|p2b: Sneasler|[silent]\n|move|p1b: Whimsicott|Moonblast|p2b: Sneasler\n|-crit|p2b: Sneasler\n|-damage|p2b: Sneasler|34/100\n|move|p2a: Aggron|Body Press|p1b: Whimsicott\n|-resisted|p1b: Whimsicott|1\n|-damage|p1b: Whimsicott|0 fnt\n|faint|p1b: Whimsicott\n|\n|upkeep\n|\n|t:|1776335776\n|switch|p1b: Sneasler|Sneasler, L50, M|100/100\n|switch|p1a: Milotic|Milotic, L50, F|100/100\n|turn|4\n|\n|t:|1776335791\n|move|p2a: Aggron|Protect|p2a: Aggron\n|-singleturn|p2a: Aggron|Protect\n|move|p1b: Sneasler|Fake Out|p2a: Aggron\n|-activate|p2a: Aggron|move: Protect\n|move|p2b: Sneasler|Coaching|p2a: Aggron\n|-boost|p2a: Aggron|atk|1\n|-boost|p2a: Aggron|def|1\n|move|p1a: Milotic|Scald|p2b: Sneasler\n|-damage|p2b: Sneasler|0 fnt\n|faint|p2b: Sneasler\n|\n|upkeep\n|\n|t:|1776335802\n|switch|p2b: Sinistcha|Sinistcha, L50|100/100\n|-heal|p2a: Aggron|80/100|[from] ability: Hospitality|[of] p2b: Sinistcha\n|turn|5\n|\n|t:|1776335820\n|move|p1b: Sneasler|Protect|p1b: Sneasler\n|-singleturn|p1b: Sneasler|Protect\n|move|p1a: Milotic|Ice Beam|p2b: Sinistcha\n|-supereffective|p2b: Sinistcha|1\n|-damage|p2b: Sinistcha|36/100\n|move|p2b: Sinistcha|Matcha Gotcha|p1b: Sneasler|[spread] p1a\n|-activate|p1b: Sneasler|move: Protect\n|-supereffective|p1a: Milotic|1\n|-damage|p1a: Milotic|60/100\n|-heal|p2b: Sinistcha|58/100|[from] drain|[of] p1a: Milotic\n|-status|p1a: Milotic|brn\n|move|p2a: Aggron|Body Press|p1a: Milotic\n|-damage|p1a: Milotic|0 fnt\n|faint|p1a: Milotic\n|\n|-sideend|p1: pqlatrxn|move: Tailwind\n|upkeep\n|turn|6\n|\n|t:|1776335844\n|move|p1b: Sneasler|Close Combat|p2a: Aggron\n|-supereffective|p2a: Aggron|1\n|-damage|p2a: Aggron|61/100\n|-unboost|p1b: Sneasler|def|1\n|-unboost|p1b: Sneasler|spd|1\n|-enditem|p1b: Sneasler|White Herb\n|-clearnegativeboost|p1b: Sneasler|[silent]\n|move|p2b: Sinistcha|Life Dew|p2b: Sinistcha|[spread] p2a,p2b\n|-heal|p2a: Aggron|86/100\n|-heal|p2b: Sinistcha|84/100\n|move|p2a: Aggron|Heavy Slam|p1b: Sneasler\n|-damage|p1b: Sneasler|0 fnt\n|faint|p1b: Sneasler\n|\n|win|Jdkddddfgf\n|raw|pqlatrxn's rating: 1000 &rarr; <strong>1000</strong><br />(+0 for losing)\n|raw|Jdkddddfgf's rating: 1000 &rarr; <strong>1040</strong><br />(+40 for winning)\n|l|\u2606pqlatrxn\n|player|p1|\n",
  "uploadtime": 1776335862,
  "views": 19,
  "formatid": "gen9championsvgc2026regma",
  "rating": 1000,
  "private": 0,
  "password": null
}