{
  "id": "gen9championsvgc2026regma-2581674667",
  "format": "[Gen 9 Champions] VGC 2026 Reg M-A",
  "players": [
    "StrikerMohamud",
    "Pever3ll"
  ],
  "log": "|j|\u2606StrikerMohamud\n|j|\u2606Pever3ll\n|t:|1776019791\n|gametype|doubles\n|player|p1|StrikerMohamud|unknown|1205\n|player|p2|Pever3ll|miku-flying|1300\n|gen|9\n|tier|[Gen 9 Champions] VGC 2026 Reg M-A\n|rated|\n|rule|Species Clause: Limit one of each Pok\u00e9mon\n|rule|Item Clause: Limit 1 of each item\n|clearpoke\n|poke|p1|Kangaskhan, L50, F|\n|poke|p1|Incineroar, L50, M|\n|poke|p1|Azumarill, L50, F|\n|poke|p1|Froslass, L50, F|\n|poke|p1|Garchomp, L50, F|\n|poke|p1|Talonflame, L50, F|\n|poke|p2|Hatterene, L50, F|\n|poke|p2|Charizard, L50, F|\n|poke|p2|Rotom-Wash, L50|\n|poke|p2|Sinistcha-Masterpiece, L50|\n|poke|p2|Excadrill, L50, F|\n|poke|p2|Tyranitar, L50, M|\n|teampreview|4\n|\n|t:|1776019843\n|teamsize|p1|4\n|teamsize|p2|4\n|start\n|switch|p1a: Froslass|Froslass, L50, F, shiny|100/100\n|switch|p1b: Azumarill|Azumarill, L50, F, shiny|100/100\n|switch|p2a: Excadrill|Excadrill, L50, F|100/100\n|switch|p2b: Tyranitar|Tyranitar, L50, M|100/100\n|-weather|Sandstorm|[from] ability: Sand Stream|[of] p2b: Tyranitar\n|turn|1\n|\n|t:|1776019861\n|switch|p2b: Rotom|Rotom-Wash, L50|100/100\n|detailschange|p1a: Froslass|Froslass-Mega, L50, F, shiny\n|-mega|p1a: Froslass|Froslass|Froslassite\n|-weather|Snowscape|[from] ability: Snow Warning|[of] p1a: Froslass\n|move|p1a: Froslass|Aurora Veil|p1a: Froslass\n|-sidestart|p1: StrikerMohamud|move: Aurora Veil\n|move|p2a: Excadrill|Iron Head|p1a: Froslass\n|-supereffective|p1a: Froslass|1\n|-damage|p1a: Froslass|35/100\n|move|p1b: Azumarill|Belly Drum|p1b: Azumarill\n|-damage|p1b: Azumarill|50/100\n|-setboost|p1b: Azumarill|atk|6|[from] move: Belly Drum\n|-enditem|p1b: Azumarill|Sitrus Berry|[eat]\n|-heal|p1b: Azumarill|75/100|[from] item: Sitrus Berry\n|\n|-weather|Snowscape|[upkeep]\n|upkeep\n|turn|2\n|\n|t:|1776019894\n|switch|p1a: Incineroar|Incineroar, L50, M, shiny|100/100\n|-ability|p1a: Incineroar|Intimidate|boost\n|-unboost|p2a: Excadrill|atk|1\n|-unboost|p2b: Rotom|atk|1\n|move|p1b: Azumarill|Protect|p1b: Azumarill\n|-singleturn|p1b: Azumarill|Protect\n|move|p2b: Rotom|Electroweb|p1b: Azumarill|[spread] p1a\n|-activate|p1b: Azumarill|move: Protect\n|-damage|p1a: Incineroar|90/100\n|-unboost|p1a: Incineroar|spe|1\n|move|p2a: Excadrill|Rock Slide|p1b: Azumarill|[spread] p1a\n|-activate|p1b: Azumarill|move: Protect\n|-supereffective|p1a: Incineroar|1\n|-damage|p1a: Incineroar|70/100\n|\n|-weather|Snowscape|[upkeep]\n|upkeep\n|turn|3\n|\n|t:|1776019909\n|switch|p2b: Tyranitar|Tyranitar, L50, M|100/100\n|-weather|Sandstorm|[from] ability: Sand Stream|[of] p2b: Tyranitar\n|move|p1a: Incineroar|Fake Out|p2b: Tyranitar\n|-resisted|p2b: Tyranitar|1\n|-damage|p2b: Tyranitar|95/100\n|move|p2a: Excadrill|Earthquake|p1a: Incineroar|[spread] p2b,p1a,p1b\n|-supereffective|p2b: Tyranitar|1\n|-supereffective|p1a: Incineroar|1\n|-enditem|p1a: Incineroar|Shuca Berry|[eat]\n|-enditem|p1a: Incineroar|Shuca Berry|[weaken]\n|-damage|p2b: Tyranitar|46/100\n|-damage|p1a: Incineroar|50/100\n|-damage|p1b: Azumarill|55/100\n|move|p1b: Azumarill|Play Rough|p2b: Tyranitar\n|-supereffective|p2b: Tyranitar|1\n|-damage|p2b: Tyranitar|0 fnt\n|faint|p2b: Tyranitar\n|\n|-weather|Sandstorm|[upkeep]\n|-damage|p1b: Azumarill|49/100|[from] Sandstorm\n|-damage|p1a: Incineroar|45/100|[from] Sandstorm\n|upkeep\n|\n|t:|1776019915\n|switch|p2b: Rotom|Rotom-Wash, L50|100/100\n|turn|4\n|\n|t:|1776019943\n|switch|p1a: Froslass|Froslass-Mega, L50, F, shiny|35/100\n|-weather|Snowscape|[from] ability: Snow Warning|[of] p1a: Froslass\n|move|p1b: Azumarill|Aqua Jet|p2a: Excadrill\n|-supereffective|p2a: Excadrill|1\n|-enditem|p2a: Excadrill|Focus Sash\n|-damage|p2a: Excadrill|1/100\n|move|p2b: Rotom|Thunderbolt|p1b: Azumarill\n|-supereffective|p1b: Azumarill|1\n|-crit|p1b: Azumarill\n|-damage|p1b: Azumarill|0 fnt\n|faint|p1b: Azumarill\n|move|p2a: Excadrill|Earthquake|p1a: Froslass|[spread] p1a\n|-immune|p2b: Rotom|[from] ability: Levitate\n|-damage|p1a: Froslass|13/100\n|\n|-weather|Snowscape|[upkeep]\n|upkeep\n|\n|t:|1776019951\n|switch|p1b: Garchomp|Garchomp, L50, F|100/100\n|turn|5\n|\n|t:|1776019973\n|move|p2a: Excadrill|Protect|p2a: Excadrill\n|-singleturn|p2a: Excadrill|Protect\n|move|p1b: Garchomp|Rock Slide|p2a: Excadrill|[spread] p2b\n|-activate|p2a: Excadrill|move: Protect\n|-damage|p2b: Rotom|75/100\n|move|p1a: Froslass|Shadow Ball|p2b: Rotom\n|-damage|p2b: Rotom|28/100\n|move|p2b: Rotom|Thunderbolt|p1a: Froslass\n|-damage|p1a: Froslass|0 fnt\n|faint|p1a: Froslass\n|\n|-weather|Snowscape|[upkeep]\n|-sideend|p1: StrikerMohamud|move: Aurora Veil\n|upkeep\n|\n|t:|1776019983\n|switch|p1a: Incineroar|Incineroar, L50, M, shiny|45/100\n|-ability|p1a: Incineroar|Intimidate|boost\n|-unboost|p2a: Excadrill|atk|1\n|-unboost|p2b: Rotom|atk|1\n|turn|6\n|\n|t:|1776019992\n|move|p1b: Garchomp|Rock Slide|p2b: Rotom|[spread] p2a\n|-miss|p1b: Garchomp|p2b: Rotom\n|-resisted|p2a: Excadrill|2\n|-damage|p2a: Excadrill|0 fnt\n|faint|p2a: Excadrill\n|move|p2b: Rotom|Thunderbolt|p1a: Incineroar\n|-damage|p1a: Incineroar|7/100\n|move|p1a: Incineroar|Throat Chop|p2b: Rotom\n|-damage|p2b: Rotom|0 fnt\n|faint|p2b: Rotom\n|\n|-weather|Snowscape|[upkeep]\n|upkeep\n|\n|t:|1776019996\n|switch|p2b: Charizard|Charizard, L50, F|100/100\n|turn|7\n|\n|t:|1776020004\n|move|p1b: Garchomp|Rock Slide|p2b: Charizard|[miss]\n|-miss|p1b: Garchomp|p2b: Charizard\n|move|p2b: Charizard|Weather Ball|p1b: Garchomp\n|-supereffective|p1b: Garchomp|2\n|-damage|p1b: Garchomp|0 fnt\n|faint|p1b: Garchomp\n|move|p1a: Incineroar|Throat Chop|p2b: Charizard\n|-crit|p2b: Charizard\n|-damage|p2b: Charizard|25/100\n|-start|p2b: Charizard|Throat Chop|[silent]\n|\n|-weather|Snowscape|[upkeep]\n|upkeep\n|turn|8\n|c|\u2606StrikerMohamud|thanks garchomp\n|c|\u2606StrikerMohamud|ggwp\n|\n|t:|1776020022\n|detailschange|p2b: Charizard|Charizard-Mega-Y, L50, F\n|-mega|p2b: Charizard|Charizard|Charizardite Y\n|-weather|SunnyDay|[from] ability: Drought|[of] p2b: Charizard\n|move|p2b: Charizard|Weather Ball|p1a: Incineroar\n|-resisted|p1a: Incineroar|1\n|-damage|p1a: Incineroar|0 fnt\n|faint|p1a: Incineroar\n|\n|win|Pever3ll\n|raw|StrikerMohamud's rating: 1205 &rarr; <strong>1187</strong><br />(-18 for losing)\n|raw|Pever3ll's rating: 1300 &rarr; <strong>1318</strong><br />(+18 for winning)\n|c|\u2606Pever3ll|gg\n|l|\u2606Pever3ll\n|player|p2|\n",
  "uploadtime": 1776019794,
  "views": 34,
  "formatid": "gen9championsvgc2026regma",
  "rating": 1187,
  "private": 0,
  "password": null
}