{
  "id": "gen9championsvgc2026regma-2587905907",
  "format": "[Gen 9 Champions] VGC 2026 Reg M-A",
  "players": [
    "PsquareGames",
    "e2345"
  ],
  "log": "|j|\u2606PsquareGames\n|j|\u2606e2345\n|t:|1776577213\n|gametype|doubles\n|player|p1|PsquareGames|ash|1131\n|player|p2|e2345|giovanni|1096\n|gen|9\n|tier|[Gen 9 Champions] VGC 2026 Reg M-A\n|rated|\n|rule|Species Clause: Limit one of each Pok\u00e9mon\n|rule|Item Clause: Limit 1 of each item\n|clearpoke\n|poke|p1|Gengar, L50, F|\n|poke|p1|Sneasler, L50, M|\n|poke|p1|Incineroar, L50, M, shiny|\n|poke|p1|Garchomp, L50, F|\n|poke|p1|Aerodactyl, L50, M|\n|poke|p1|Archaludon, L50, F|\n|poke|p2|Crabominable, L50, F|\n|poke|p2|Cofagrigus, L50, F|\n|poke|p2|Incineroar, L50, M|\n|poke|p2|Primarina, L50, M|\n|poke|p2|Meowscarada, L50, M|\n|poke|p2|Aerodactyl, L50, M|\n|teampreview|4\n|inactive|Battle timer is ON: inactive players will automatically lose when time's up. (requested by e2345)\nPsquareGames has agreed to open team sheets.\n|\n|t:|1776577243\n|teamsize|p1|4\n|teamsize|p2|4\n|start\n|switch|p1a: Gengayyy|Gengar, L50, F|100/100\n|switch|p1b: Dr. Saahab|Sneasler, L50, M|100/100\n|switch|p2a: Incineroar|Incineroar, L50, M|100/100\n|switch|p2b: Cofagrigus|Cofagrigus, L50, F|100/100\n|-ability|p2a: Incineroar|Intimidate|boost\n|-unboost|p1a: Gengayyy|atk|1\n|-unboost|p1b: Dr. Saahab|atk|1\n|-enditem|p1b: Dr. Saahab|White Herb\n|-clearnegativeboost|p1b: Dr. Saahab|[silent]\n|turn|1\n|\n|t:|1776577256\n|detailschange|p1a: Gengayyy|Gengar-Mega, L50, F\n|-mega|p1a: Gengayyy|Gengar|Gengarite\n|move|p1b: Dr. Saahab|Fake Out|p2a: Incineroar\n|-damage|p2a: Incineroar|86/100\n|cant|p2a: Incineroar|flinch\n|move|p1a: Gengayyy|Shadow Ball|p2b: Cofagrigus\n|-supereffective|p2b: Cofagrigus|1\n|-damage|p2b: Cofagrigus|17/100\n|-unboost|p2b: Cofagrigus|spd|1\n|move|p2b: Cofagrigus|Trick Room|p2b: Cofagrigus\n|-fieldstart|move: Trick Room|[of] p2b: Cofagrigus\n|\n|-heal|p2a: Incineroar|92/100|[from] item: Leftovers\n|upkeep\n|turn|2\n|l|\u2606e2345\n|inactive|e2345 disconnected and has a minute to reconnect!\n|player|p2|\n|inactive|PsquareGames has 30 seconds left.\n|j|\u2606e2345\n|inactive|e2345 reconnected.\n|player|p2|e2345|giovanni|\n|inactive|PsquareGames has 20 seconds left.\n|\n|t:|1776577293\n|move|p2b: Cofagrigus|Shadow Ball|p1b: Dr. Saahab\n|-damage|p1b: Dr. Saahab|66/100\n|move|p2a: Incineroar|Flare Blitz|p1b: Dr. Saahab\n|-crit|p1b: Dr. Saahab\n|-damage|p1b: Dr. Saahab|0 fnt\n|faint|p1b: Dr. Saahab\n|-damage|p2a: Incineroar|75/100|[from] Recoil\n|move|p1a: Gengayyy|Shadow Ball|p2b: Cofagrigus\n|-supereffective|p2b: Cofagrigus|1\n|-damage|p2b: Cofagrigus|0 fnt\n|faint|p2b: Cofagrigus\n|\n|-heal|p2a: Incineroar|81/100|[from] item: Leftovers\n|upkeep\n|\n|t:|1776577306\n|switch|p2b: Crabominable|Crabominable, L50, F|100/100\n|switch|p1b: Aerodactyl|Aerodactyl, L50, M|100/100\n|-ability|p1b: Aerodactyl|Unnerve\n|turn|3\n|\n|t:|1776577327\n|detailschange|p2b: Crabominable|Crabominable-Mega, L50, F\n|-mega|p2b: Crabominable|Crabominable|Crabominite\n|move|p1b: Aerodactyl|Protect|p1b: Aerodactyl\n|-singleturn|p1b: Aerodactyl|Protect\n|move|p1a: Gengayyy|Protect|p1a: Gengayyy\n|-singleturn|p1a: Gengayyy|Protect\n|move|p2b: Crabominable|Close Combat|p1b: Aerodactyl\n|-activate|p1b: Aerodactyl|move: Protect\n|move|p2a: Incineroar|Darkest Lariat|p1a: Gengayyy\n|-activate|p1a: Gengayyy|move: Protect\n|\n|-heal|p2a: Incineroar|87/100|[from] item: Leftovers\n|upkeep\n|turn|4\n|\n|t:|1776577351\n|switch|p1a: Garchomp|Garchomp, L50, F|100/100\n|move|p2b: Crabominable|Close Combat|p1b: Aerodactyl\n|-enditem|p1b: Aerodactyl|Focus Sash\n|-damage|p1b: Aerodactyl|1/100\n|-unboost|p2b: Crabominable|def|1\n|-unboost|p2b: Crabominable|spd|1\n|move|p2a: Incineroar|Darkest Lariat|p1a: Garchomp\n|-damage|p1a: Garchomp|56/100\n|-damage|p2a: Incineroar|75/100|[from] ability: Rough Skin|[of] p1a: Garchomp\n|move|p1b: Aerodactyl|Rock Slide|p2a: Incineroar|[spread] p2a,p2b\n|-supereffective|p2a: Incineroar|1\n|-damage|p2a: Incineroar|27/100\n|-damage|p2b: Crabominable|70/100\n|\n|-heal|p2a: Incineroar|33/100|[from] item: Leftovers\n|upkeep\n|turn|5\n|\n|t:|1776577374\n|move|p1a: Garchomp|Protect|p1a: Garchomp\n|-singleturn|p1a: Garchomp|Protect\n|move|p1b: Aerodactyl|Protect|p1b: Aerodactyl\n|-singleturn|p1b: Aerodactyl|Protect\n|move|p2b: Crabominable|Drain Punch|p1a: Garchomp\n|-activate|p1a: Garchomp|move: Protect\n|move|p2a: Incineroar|Parting Shot|p1a: Garchomp\n|-activate|p1a: Garchomp|move: Protect\n|\n|-heal|p2a: Incineroar|39/100|[from] item: Leftovers\n|-fieldend|move: Trick Room\n|upkeep\n|turn|6\n|\n|t:|1776577398\n|move|p1b: Aerodactyl|Dual Wingbeat|p2b: Crabominable|[miss]\n|-miss|p1b: Aerodactyl|p2b: Crabominable\n|move|p1a: Garchomp|Earthquake|p2a: Incineroar|[spread] p2a,p2b\n|-immune|p1b: Aerodactyl\n|-supereffective|p2a: Incineroar|1\n|-crit|p2a: Incineroar\n|-damage|p2a: Incineroar|0 fnt\n|-damage|p2b: Crabominable|29/100\n|faint|p2a: Incineroar\n|move|p2b: Crabominable|Drain Punch|p1a: Garchomp\n|-damage|p1a: Garchomp|0 fnt\n|-heal|p2b: Crabominable|54/100|[from] drain|[of] p1a: Garchomp\n|-damage|p2b: Crabominable|42/100|[from] ability: Rough Skin|[of] p1a: Garchomp\n|faint|p1a: Garchomp\n|\n|upkeep\n|\n|t:|1776577409\n|switch|p1a: Gengayyy|Gengar-Mega, L50, F|100/100\n|switch|p2a: Primarina|Primarina, L50, M|100/100\n|turn|7\n|\n|t:|1776577419\n|move|p1b: Aerodactyl|Protect|p1b: Aerodactyl\n|-singleturn|p1b: Aerodactyl|Protect\n|move|p1a: Gengayyy|Sludge Wave|p2a: Primarina|[spread] p2a,p2b\n|-activate|p1b: Aerodactyl|move: Protect\n|-supereffective|p2a: Primarina|1\n|-damage|p2a: Primarina|17/100\n|-damage|p2b: Crabominable|0 fnt\n|faint|p2b: Crabominable\n|move|p2a: Primarina|Hyper Voice|p1a: Gengayyy|[spread] p1a\n|-activate|p1b: Aerodactyl|move: Protect\n|-damage|p1a: Gengayyy|40/100\n|\n|upkeep\n|turn|8\n|-message|e2345 forfeited.\n|\n|win|PsquareGames\n|raw|PsquareGames's rating: 1131 &rarr; <strong>1153</strong><br />(+22 for winning)\n|raw|e2345's rating: 1096 &rarr; <strong>1074</strong><br />(-22 for losing)\n|l|\u2606e2345\n|player|p2|\n|l|\u2606PsquareGames\n|player|p1|\n|j|\u2606PsquareGames\n|player|p1|PsquareGames|lance-gen3|\n|l|\u2606PsquareGames\n|player|p1|\n|j|\u2606PsquareGames\n|player|p1|PsquareGames|lance-gen3|\n",
  "uploadtime": 1776577585,
  "views": 21,
  "formatid": "gen9championsvgc2026regma",
  "rating": 1074,
  "private": 0,
  "password": null
}