{
  "id": "gen9championsvgc2026regma-2585572070",
  "format": "[Gen 9 Champions] VGC 2026 Reg M-A",
  "players": [
    "etrdyfyiu",
    "yamzinyobooty"
  ],
  "log": "|j|\u2606etrdyfyiu\n|j|\u2606yamzinyobooty\n|html|<table width=\"100%\"><tr><td align=\"left\">etrdyfyiu</td><td align=\"right\">yamzinyobooty</tr><tr><td align=\"left\"><i class=\"fa fa-circle\"></i> <i class=\"fa fa-circle-o\"></i> </td><td align=\"right\"><i class=\"fa fa-circle-o\"></i> <i class=\"fa fa-circle\"></i> </tr></table>\n|uhtml|bestof|<h2><strong>Game 3</strong> of <a href=\"/game-bestof3-gen9championsvgc2026regma-2585562917\">a best-of-3</a></h2>\n|t:|1776356306\n|gametype|doubles\n|player|p1|etrdyfyiu|265|\n|player|p2|yamzinyobooty|266|\n|gen|9\n|tier|[Gen 9 Champions] VGC 2026 Reg M-A\n|rated|Tournament battle\n|rule|Species Clause: Limit one of each Pok\u00e9mon\n|rule|Item Clause: Limit 1 of each item\n|raw|<div class=\"infobox\"><details class=\"readmore\" open><summary><strong>2 custom rules:</strong></summary> Force Open Team Sheets, Best of = 3</details></div>\n|clearpoke\n|poke|p1|Sinistcha, L50|\n|poke|p1|Drampa, L50, M|\n|poke|p1|Pelipper, L50, F|\n|poke|p1|Alakazam, L50, M|\n|poke|p1|Scizor, L50, M|\n|poke|p1|Basculegion, L50, M|\n|poke|p2|Charizard, L50, M|\n|poke|p2|Venusaur, L50, M|\n|poke|p2|Garchomp, L50, M|\n|poke|p2|Incineroar, L50, F|\n|poke|p2|Gardevoir, L50, F|\n|poke|p2|Milotic, L50, F|\n|teampreview|4\n|showteam|p1|Sinistcha||SitrusBerry|Hospitality|MatchaGotcha,LifeDew,TrickRoom,RagePowder||||||50|]Drampa||Drampanite|CloudNine|HyperVoice,CalmMind,Protect,EarthPower|||M|||50|]Pelipper||FocusSash|Drizzle|Tailwind,Protect,Hurricane,WeatherBall|||F|||50|]Alakazam||ColburBerry|InnerFocus|SpeedSwap,Psychic,LightScreen,Reflect|||M|||50|]Scizor||Scizorite|Technician|BulletPunch,BugBite,Protect,SwordsDance|||M|||50|]Basculegion||MysticWater|SwiftSwim|WaveCrash,AquaJet,LastRespects,Protect|||M|||50|\n|showteam|p2|Charizard||CharizarditeY|SolarPower|HeatWave,WeatherBall,SolarBeam,Protect|||M|||50|]Venusaur||FocusSash|Chlorophyll|EnergyBall,SludgeBomb,SleepPowder,Protect|||M|||50|]Garchomp||YacheBerry|RoughSkin|DragonClaw,Earthquake,RockSlide,Protect|||M|||50|]Incineroar||SitrusBerry|Intimidate|FlareBlitz,ThroatChop,HelpingHand,FakeOut|||F|||50|]Gardevoir||ChoiceScarf|Telepathy|Moonblast,DazzlingGleam,Psychic,IcyWind|||F|||50|]Milotic||Leftovers|Competitive|Scald,IceBeam,LifeDew,Protect|||F|||50|\n|j| thebeast4895\n|c| thebeast4895|bros back at it again\n|c|\u2606etrdyfyiu|the drampa set is my main\n|c|\u2606etrdyfyiu|im too locked with it\n|j| Bowdidee\n|l| Bowdidee\n|\n|t:|1776356367\n|teamsize|p1|4\n|teamsize|p2|4\n|start\n|switch|p1a: Scizor|Scizor, L50, M|100/100\n|switch|p1b: Pelipper|Pelipper, L50, F|100/100\n|switch|p2a: Garchomp|Garchomp, L50, M|100/100\n|switch|p2b: Gardevoir|Gardevoir, L50, F|100/100\n|-weather|RainDance|[from] ability: Drizzle|[of] p1b: Pelipper\n|turn|1\n|\n|t:|1776356385\n|switch|p2b: Venusaur|Venusaur, L50, M|100/100\n|detailschange|p1a: Scizor|Scizor-Mega, L50, M\n|-mega|p1a: Scizor|Scizor|Scizorite\n|move|p2a: Garchomp|Rock Slide|p1b: Pelipper|[spread] p1a,p1b\n|-supereffective|p1b: Pelipper|1\n|-damage|p1a: Scizor|85/100\n|-damage|p1b: Pelipper|45/100\n|cant|p1b: Pelipper|flinch\n|move|p1a: Scizor|Swords Dance|p1a: Scizor\n|-boost|p1a: Scizor|atk|2\n|\n|-weather|RainDance|[upkeep]\n|upkeep\n|turn|2\n|\n|t:|1776356405\n|switch|p1b: Sinistcha|Sinistcha, L50|100/100\n|-heal|p1a: Scizor|100/100|[from] ability: Hospitality|[of] p1b: Sinistcha\n|move|p2b: Venusaur|Protect|p2b: Venusaur\n|-singleturn|p2b: Venusaur|Protect\n|move|p2a: Garchomp|Earthquake|p1b: Sinistcha|[spread] p1a,p1b\n|-activate|p2b: Venusaur|move: Protect\n|-resisted|p1b: Sinistcha|1\n|-damage|p1a: Scizor|70/100\n|-damage|p1b: Sinistcha|86/100\n|move|p1a: Scizor|Bug Bite|p2a: Garchomp\n|-damage|p2a: Garchomp|0 fnt\n|-enditem|p2a: Garchomp|Yache Berry|[from] stealeat|[move] Bug Bite|[of] p1a: Scizor\n|-damage|p1a: Scizor|58/100|[from] ability: Rough Skin|[of] p2a: Garchomp\n|faint|p2a: Garchomp\n|\n|-weather|RainDance|[upkeep]\n|upkeep\n|\n|t:|1776356408\n|switch|p2a: Charizard|Charizard, L50, M|100/100\n|turn|3\n|\n|t:|1776356434\n|detailschange|p2a: Charizard|Charizard-Mega-Y, L50, M\n|-mega|p2a: Charizard|Charizard|Charizardite Y\n|-weather|SunnyDay|[from] ability: Drought|[of] p2a: Charizard\n|move|p1a: Scizor|Protect|p1a: Scizor\n|-singleturn|p1a: Scizor|Protect\n|move|p2b: Venusaur|Sleep Powder|p1a: Scizor\n|-activate|p1a: Scizor|move: Protect\n|move|p2a: Charizard|Heat Wave|p1a: Scizor|[spread] p1b\n|-activate|p1a: Scizor|move: Protect\n|-supereffective|p1b: Sinistcha|1\n|-damage|p1b: Sinistcha|0 fnt\n|faint|p1b: Sinistcha\n|\n|-weather|SunnyDay|[upkeep]\n|upkeep\n|j| Bowdidee\n|l| Bowdidee\n|c|\u2606etrdyfyiu|so stupid bro\n|\n|t:|1776356453\n|switch|p1b: Pelipper|Pelipper, L50, F|45/100\n|-weather|RainDance|[from] ability: Drizzle|[of] p1b: Pelipper\n|turn|4\n|\n|t:|1776356479\n|switch|p2b: Gardevoir|Gardevoir, L50, F|100/100\n|switch|p1a: Basculegion|Basculegion, L50, M|100/100\n|move|p2a: Charizard|Protect|p2a: Charizard\n|-singleturn|p2a: Charizard|Protect\n|move|p1b: Pelipper|Hurricane|p2b: Gardevoir\n|-damage|p2b: Gardevoir|42/100\n|\n|-weather|RainDance|[upkeep]\n|upkeep\n|turn|5\n|j| Bowdidee\n|c| thebeast4895|bring scizor here is a crime\n|c|\u2606etrdyfyiu|dw bro\n|\n|t:|1776356518\n|move|p1b: Pelipper|Protect|p1b: Pelipper\n|-singleturn|p1b: Pelipper|Protect\n|move|p1a: Basculegion|Wave Crash|p2a: Charizard\n|-supereffective|p2a: Charizard|1\n|-damage|p2a: Charizard|0 fnt\n|faint|p2a: Charizard\n|-damage|p1a: Basculegion|75/100|[from] Recoil\n|move|p2b: Gardevoir|Icy Wind|p1a: Basculegion|[spread] p1a\n|-activate|p1b: Pelipper|move: Protect\n|-resisted|p1a: Basculegion|1\n|-damage|p1a: Basculegion|66/100\n|-unboost|p1a: Basculegion|spe|1\n|\n|-weather|RainDance|[upkeep]\n|upkeep\n|c| Bowdidee|with the power of scizor anything is possible\n|c| thebeast4895|i know im just saying for what scizor will end up doing drampa coulda done the same\n|c|\u2606etrdyfyiu|yeah but they lead garchomp gardevior\n|c| Bowdidee|im only joking about a single fire move and scizor is ruined\n|j| LaClaveTeam\n|c|\u2606etrdyfyiu|scare out the gardevoir and play from there\n|inactive|Battle timer is ON: inactive players will automatically lose when time's up. (requested by etrdyfyiu)\n|\n|t:|1776356596\n|switch|p2a: Venusaur|Venusaur, L50, M|100/100\n|turn|6\n|c|\u2606etrdyfyiu|even pick up a free ko on gchomp\n|\n|t:|1776356621\n|move|p2a: Venusaur|Protect|p2a: Venusaur\n|-singleturn|p2a: Venusaur|Protect\n|move|p2b: Gardevoir|Icy Wind|p1b: Pelipper|[spread] p1a,p1b\n|-resisted|p1a: Basculegion|1\n|-damage|p1a: Basculegion|58/100\n|-damage|p1b: Pelipper|19/100\n|-unboost|p1a: Basculegion|spe|1\n|-unboost|p1b: Pelipper|spe|1\n|move|p1a: Basculegion|Last Respects|p2b: Gardevoir\n|-supereffective|p2b: Gardevoir|1\n|-damage|p2b: Gardevoir|0 fnt\n|faint|p2b: Gardevoir\n|move|p1b: Pelipper|Hurricane|p2a: Venusaur\n|-activate|p2a: Venusaur|move: Protect\n|\n|-weather|RainDance|[upkeep]\n|upkeep\n|turn|7\n|c|\u2606yamzinyobooty|mb im workin rn\n|c|\u2606etrdyfyiu|alg brochacho\n|inactiveoff|Battle timer is now OFF.\n|l| Bowdidee\n|\n|t:|1776356645\n|move|p2a: Venusaur|Energy Ball|p1a: Basculegion\n|-supereffective|p1a: Basculegion|1\n|-crit|p1a: Basculegion\n|-damage|p1a: Basculegion|0 fnt\n|faint|p1a: Basculegion\n|move|p1b: Pelipper|Hurricane|p2a: Venusaur\n|-supereffective|p2a: Venusaur|1\n|-enditem|p2a: Venusaur|Focus Sash\n|-damage|p2a: Venusaur|1/100\n|\n|-weather|RainDance|[upkeep]\n|upkeep\n|l| LaClaveTeam\n|\n|t:|1776356653\n|switch|p1a: Scizor|Scizor-Mega, L50, M|58/100\n|turn|8\n|\n|t:|1776356658\n|move|p1a: Scizor|Bullet Punch|p2a: Venusaur\n|-damage|p2a: Venusaur|0 fnt\n|faint|p2a: Venusaur\n|\n|win|etrdyfyiu\n",
  "uploadtime": 1776356659,
  "views": 13,
  "formatid": "gen9championsvgc2026regma",
  "rating": null,
  "private": 0,
  "password": null
}