{
  "id": "gen9championsvgc2026regma-2587243785",
  "format": "[Gen 9 Champions] VGC 2026 Reg M-A",
  "players": [
    "HallKerXXII",
    "KinimaP"
  ],
  "log": "|j|\u2606HallKerXXII\n|j|\u2606KinimaP\n|t:|1776513630\n|gametype|doubles\n|player|p1|HallKerXXII|hiker-gen4|1320\n|player|p2|KinimaP|102|1368\n|gen|9\n|tier|[Gen 9 Champions] VGC 2026 Reg M-A\n|rated|\n|rule|Species Clause: Limit one of each Pok\u00e9mon\n|rule|Item Clause: Limit 1 of each item\n|clearpoke\n|poke|p1|Charizard, L50, F|\n|poke|p1|Maushold-Four, L50|\n|poke|p1|Sneasler, L50, M|\n|poke|p1|Dragapult, L50, F|\n|poke|p1|Kingambit, L50, F|\n|poke|p1|Garchomp, L50, M|\n|poke|p2|Floette-Eternal, L50, F|\n|poke|p2|Delphox, L50, F|\n|poke|p2|Maushold-Four, L50|\n|poke|p2|Basculegion, L50, M|\n|poke|p2|Garchomp, L50, F|\n|poke|p2|Kingambit, L50, M|\n|teampreview|4\n|inactive|Battle timer is ON: inactive players will automatically lose when time's up. (requested by HallKerXXII)\n|inactive|KinimaP has 60 seconds left.\nHallKerXXII rejected open team sheets.\n|inactive|KinimaP has 30 seconds left.\n|\n|t:|1776513700\n|teamsize|p1|4\n|teamsize|p2|4\n|start\n|switch|p1a: Sneasler|Sneasler, L50, M|100/100\n|switch|p1b: Kingambit|Kingambit, L50, F|100/100\n|switch|p2a: Floette|Floette-Eternal, L50, F|100/100\n|switch|p2b: Maushold|Maushold-Four, L50|100/100\n|turn|1\n|\n|t:|1776513721\n|move|p2b: Maushold|Protect|p2b: Maushold\n|-singleturn|p2b: Maushold|Protect\n|move|p2a: Floette|Protect|p2a: Floette\n|-singleturn|p2a: Floette|Protect\n|move|p1a: Sneasler|Feint|p2a: Floette\n|-activate|p2a: Floette|move: Feint\n|-damage|p2a: Floette|87/100\n|move|p1b: Kingambit|Iron Head|p2a: Floette\n|-supereffective|p2a: Floette|1\n|-damage|p2a: Floette|0 fnt\n|faint|p2a: Floette\n|\n|upkeep\n|l|\u2606HallKerXXII\n|inactive|HallKerXXII disconnected and has a minute to reconnect!\n|player|p1|\n|j|\u2606HallKerXXII\n|inactive|HallKerXXII reconnected.\n|player|p1|HallKerXXII|hiker-gen4|\n|\n|t:|1776513734\n|switch|p2a: Garchomp|Garchomp, L50, F|100/100\n|turn|2\n|\n|t:|1776513745\n|move|p1b: Kingambit|Protect|p1b: Kingambit\n|-singleturn|p1b: Kingambit|Protect\n|move|p1a: Sneasler|Close Combat|p2b: Maushold\n|-supereffective|p2b: Maushold|1\n|-enditem|p2b: Maushold|Chople Berry|[eat]\n|-enditem|p2b: Maushold|Chople Berry|[weaken]\n|-damage|p2b: Maushold|24/100\n|-unboost|p1a: Sneasler|def|1\n|-unboost|p1a: Sneasler|spd|1\n|-enditem|p1a: Sneasler|White Herb\n|-clearnegativeboost|p1a: Sneasler|[silent]\n|move|p2b: Maushold|Super Fang|p1b: Kingambit\n|-activate|p1b: Kingambit|move: Protect\n|move|p2a: Garchomp|Earthquake|p1b: Kingambit|[spread] p2b,p1a\n|-activate|p1b: Kingambit|move: Protect\n|-supereffective|p1a: Sneasler|1\n|-damage|p2b: Maushold|0 fnt\n|-damage|p1a: Sneasler|0 fnt\n|faint|p2b: Maushold\n|faint|p1a: Sneasler\n|\n|upkeep\n|\n|t:|1776513761\n|switch|p1a: Garchomp|Garchomp, L50, M|100/100\n|switch|p2b: Basculegion|Basculegion, L50, M|100/100\n|turn|3\n|\n|t:|1776513769\n|switch|p1b: Charizard|Charizard, L50, F|100/100\n|move|p2b: Basculegion|Protect|p2b: Basculegion\n|-singleturn|p2b: Basculegion|Protect\n|move|p1a: Garchomp|Dragon Claw|p2a: Garchomp\n|-supereffective|p2a: Garchomp|1\n|-damage|p2a: Garchomp|17/100\n|-damage|p1a: Garchomp|88/100|[from] ability: Rough Skin|[of] p2a: Garchomp\n|-enditem|p2a: Garchomp|Sitrus Berry|[eat]\n|-heal|p2a: Garchomp|42/100|[from] item: Sitrus Berry\n|move|p2a: Garchomp|Earthquake|p1a: Garchomp|[spread] p1a\n|-activate|p2b: Basculegion|move: Protect\n|-immune|p1b: Charizard\n|-damage|p1a: Garchomp|51/100\n|\n|upkeep\n|turn|4\n|\n|t:|1776513783\n|detailschange|p1b: Charizard|Charizard-Mega-Y, L50, F\n|-mega|p1b: Charizard|Charizard|Charizardite Y\n|-weather|SunnyDay|[from] ability: Drought|[of] p1b: Charizard\n|move|p1a: Garchomp|Dragon Claw|p2a: Garchomp\n|-supereffective|p2a: Garchomp|1\n|-damage|p2a: Garchomp|0 fnt\n|-damage|p1a: Garchomp|38/100|[from] ability: Rough Skin|[of] p2a: Garchomp\n|faint|p2a: Garchomp\n|move|p1b: Charizard|Solar Beam||[still]\n|-prepare|p1b: Charizard|Solar Beam\n|-anim|p1b: Charizard|Solar Beam|p2b: Basculegion\n|-supereffective|p2b: Basculegion|1\n|-enditem|p2b: Basculegion|Focus Sash\n|-damage|p2b: Basculegion|1/100\n|move|p2b: Basculegion|Last Respects|p1a: Garchomp\n|-damage|p1a: Garchomp|0 fnt\n|faint|p1a: Garchomp\n|\n|-weather|SunnyDay|[upkeep]\n|upkeep\n|\n|t:|1776513799\n|switch|p1a: Kingambit|Kingambit, L50, F|100/100\n|turn|5\n|\n|t:|1776513810\n|move|p1a: Kingambit|Sucker Punch|p2b: Basculegion\n|-supereffective|p2b: Basculegion|1\n|-crit|p2b: Basculegion\n|-damage|p2b: Basculegion|0 fnt\n|faint|p2b: Basculegion\n|\n|win|HallKerXXII\n|raw|HallKerXXII's rating: 1320 &rarr; <strong>1343</strong><br />(+23 for winning)\n|raw|KinimaP's rating: 1368 &rarr; <strong>1345</strong><br />(-23 for losing)\n",
  "uploadtime": 1776513815,
  "views": 36,
  "formatid": "gen9championsvgc2026regma",
  "rating": 1343,
  "private": 0,
  "password": null
}