{
  "id": "gen9championsvgc2026regma-2587386634",
  "format": "[Gen 9 Champions] VGC 2026 Reg M-A",
  "players": [
    "JZ21",
    "Vinzyyyyyyyy"
  ],
  "log": "|j|\u2606JZ21\n|j|\u2606Vinzyyyyyyyy\n|t:|1776527522\n|gametype|doubles\n|player|p1|JZ21|brendan-e|1106\n|player|p2|Vinzyyyyyyyy|265|1099\n|gen|9\n|tier|[Gen 9 Champions] VGC 2026 Reg M-A\n|rated|\n|rule|Species Clause: Limit one of each Pok\u00e9mon\n|rule|Item Clause: Limit 1 of each item\n|clearpoke\n|poke|p1|Froslass, L50, F, shiny|\n|poke|p1|Sneasler, L50, M, shiny|\n|poke|p1|Kingambit, L50, M, shiny|\n|poke|p1|Milotic, L50, F, shiny|\n|poke|p1|Aerodactyl, L50, M, shiny|\n|poke|p1|Sinistcha, L50, shiny|\n|poke|p2|Tyranitar, L50, M|\n|poke|p2|Excadrill, L50, M|\n|poke|p2|Rotom-Wash, L50|\n|poke|p2|Whimsicott, L50, F|\n|poke|p2|Chandelure, L50, F|\n|poke|p2|Hatterene, L50, F|\n|teampreview|4\n|\n|t:|1776527549\n|teamsize|p1|4\n|teamsize|p2|4\n|start\n|switch|p1a: Milothicc|Milotic, L50, F, shiny|100/100\n|switch|p1b: BossbabyTape|Sneasler, L50, M, shiny|100/100\n|switch|p2a: Rotom|Rotom-Wash, L50|100/100\n|switch|p2b: Chandelure|Chandelure, L50, F|100/100\n|turn|1\n|inactive|Battle timer is ON: inactive players will automatically lose when time's up. (requested by JZ21)\n|\n|t:|1776527564\n|move|p1b: BossbabyTape|Fake Out|p2a: Rotom\n|-damage|p2a: Rotom|87/100\n|move|p2b: Chandelure|Heat Wave|p1a: Milothicc|[spread] p1a\n|-miss|p2b: Chandelure|p1b: BossbabyTape\n|-resisted|p1a: Milothicc|1\n|-damage|p1a: Milothicc|86/100\n|cant|p2a: Rotom|flinch\n|move|p1a: Milothicc|Scald|p2b: Chandelure\n|-supereffective|p2b: Chandelure|1\n|-damage|p2b: Chandelure|7/100\n|\n|-heal|p2a: Rotom|93/100|[from] item: Leftovers\n|-heal|p1a: Milothicc|92/100|[from] item: Leftovers\n|upkeep\n|turn|2\n|inactive|Vinzyyyyyyyy has 30 seconds left.\n|inactive|JZ21 has 30 seconds left.\n|inactive|JZ21 has 20 seconds left.\n|\n|t:|1776527608\n|move|p1b: BossbabyTape|Dire Claw|p2b: Chandelure\n|-resisted|p2b: Chandelure|1\n|-damage|p2b: Chandelure|0 fnt\n|faint|p2b: Chandelure\n|move|p2a: Rotom|Thunderbolt|p1a: Milothicc\n|-supereffective|p1a: Milothicc|1\n|-crit|p1a: Milothicc\n|-damage|p1a: Milothicc|8/100\n|-status|p1a: Milothicc|par\n|move|p1a: Milothicc|Recover|p1a: Milothicc\n|-heal|p1a: Milothicc|58/100 par\n|\n|-heal|p2a: Rotom|99/100|[from] item: Leftovers\n|-heal|p1a: Milothicc|64/100 par|[from] item: Leftovers\n|upkeep\n|inactive|Vinzyyyyyyyy has 30 seconds left.\n|\n|t:|1776527635\n|switch|p2b: Tyranitar|Tyranitar, L50, M|100/100\n|-weather|Sandstorm|[from] ability: Sand Stream|[of] p2b: Tyranitar\n|turn|3\n|\n|t:|1776527657\n|move|p1a: Milothicc|Protect|p1a: Milothicc\n|-singleturn|p1a: Milothicc|Protect\n|move|p1b: BossbabyTape|Close Combat|p2b: Tyranitar\n|-supereffective|p2b: Tyranitar|2\n|-damage|p2b: Tyranitar|0 fnt\n|-unboost|p1b: BossbabyTape|def|1\n|-unboost|p1b: BossbabyTape|spd|1\n|faint|p2b: Tyranitar\n|move|p2a: Rotom|Thunderbolt|p1b: BossbabyTape\n|-damage|p1b: BossbabyTape|27/100\n|\n|-weather|Sandstorm|[upkeep]\n|-damage|p1b: BossbabyTape|21/100|[from] Sandstorm\n|-damage|p2a: Rotom|93/100|[from] Sandstorm\n|-damage|p1a: Milothicc|58/100 par|[from] Sandstorm\n|-heal|p2a: Rotom|99/100|[from] item: Leftovers\n|-heal|p1a: Milothicc|64/100 par|[from] item: Leftovers\n|upkeep\n|\n|t:|1776527672\n|switch|p2b: Excadrill|Excadrill, L50, M|100/100\n|turn|4\n|\n|t:|1776527694\n|move|p1b: BossbabyTape|Protect|p1b: BossbabyTape\n|-singleturn|p1b: BossbabyTape|Protect\n|move|p2b: Excadrill|Swords Dance|p2b: Excadrill\n|-boost|p2b: Excadrill|atk|2\n|move|p2a: Rotom|Thunderbolt|p1a: Milothicc\n|-supereffective|p1a: Milothicc|1\n|-damage|p1a: Milothicc|8/100 par\n|move|p1a: Milothicc|Icy Wind|p2b: Excadrill|[spread] p2b\n|-miss|p1a: Milothicc|p2a: Rotom\n|-damage|p2b: Excadrill|84/100\n|-unboost|p2b: Excadrill|spe|1\n|\n|-weather|Sandstorm|[upkeep]\n|-damage|p1b: BossbabyTape|15/100|[from] Sandstorm\n|-damage|p2a: Rotom|93/100|[from] Sandstorm\n|-damage|p1a: Milothicc|2/100 par|[from] Sandstorm\n|-heal|p2a: Rotom|99/100|[from] item: Leftovers\n|-heal|p1a: Milothicc|8/100 par|[from] item: Leftovers\n|upkeep\n|turn|5\n|inactive|JZ21 has 30 seconds left.\n|\n|t:|1776527720\n|move|p2b: Excadrill|Earthquake|p1a: Milothicc|[spread] p1a,p1b\n|-immune|p2a: Rotom|[from] ability: Levitate\n|-supereffective|p1b: BossbabyTape|1\n|-damage|p1a: Milothicc|0 fnt\n|-damage|p1b: BossbabyTape|0 fnt\n|faint|p1a: Milothicc\n|faint|p1b: BossbabyTape\n|move|p2a: Rotom|Thunderbolt|p1: Milothicc|[notarget]\n|-fail|p2a: Rotom\n|\n|-weather|Sandstorm|[upkeep]\n|-damage|p2a: Rotom|93/100|[from] Sandstorm\n|-heal|p2a: Rotom|99/100|[from] item: Leftovers\n|upkeep\n|\n|t:|1776527723\n|switch|p1b: Sinistcha|Sinistcha, L50, shiny|100/100\n|switch|p1a: SixSeven|Froslass, L50, F, shiny|100/100\n|turn|6\n|\n|t:|1776527741\n|detailschange|p1a: SixSeven|Froslass-Mega, L50, F, shiny\n|-mega|p1a: SixSeven|Froslass|Froslassite\n|-weather|Snowscape|[from] ability: Snow Warning|[of] p1a: SixSeven\n|move|p1b: Sinistcha|Rage Powder|p1b: Sinistcha\n|-singleturn|p1b: Sinistcha|move: Rage Powder\n|move|p1a: SixSeven|Blizzard|p2b: Excadrill|[spread] p2a,p2b\n|-resisted|p2a: Rotom|1\n|-damage|p2a: Rotom|72/100\n|-damage|p2b: Excadrill|19/100\n|move|p2a: Rotom|Foul Play|p1b: Sinistcha\n|-supereffective|p1b: Sinistcha|1\n|-damage|p1b: Sinistcha|79/100\n|move|p2b: Excadrill|Iron Head|p1b: Sinistcha\n|-damage|p1b: Sinistcha|15/100\n|-enditem|p1b: Sinistcha|Sitrus Berry|[eat]\n|-heal|p1b: Sinistcha|40/100|[from] item: Sitrus Berry\n|\n|-weather|Snowscape|[upkeep]\n|-heal|p2a: Rotom|78/100|[from] item: Leftovers\n|upkeep\n|turn|7\n|inactive|JZ21 has 30 seconds left.\n|inactive|Vinzyyyyyyyy has 30 seconds left.\n|\n|t:|1776527774\n|move|p1a: SixSeven|Blizzard|p2a: Rotom|[spread] p2a,p2b\n|-resisted|p2a: Rotom|1\n|-damage|p2a: Rotom|56/100\n|-damage|p2b: Excadrill|0 fnt\n|faint|p2b: Excadrill\n|move|p2a: Rotom|Thunderbolt|p1a: SixSeven\n|-damage|p1a: SixSeven|60/100\n|move|p1b: Sinistcha|Life Dew|p1b: Sinistcha|[spread] p1a,p1b\n|-heal|p1a: SixSeven|85/100\n|-heal|p1b: Sinistcha|65/100\n|\n|-weather|Snowscape|[upkeep]\n|-heal|p2a: Rotom|62/100|[from] item: Leftovers\n|upkeep\n|turn|8\n|\n|t:|1776527788\n|move|p1a: SixSeven|Shadow Ball|p2a: Rotom\n|-damage|p2a: Rotom|13/100\n|move|p2a: Rotom|Foul Play|p1a: SixSeven\n|-supereffective|p1a: SixSeven|1\n|-damage|p1a: SixSeven|47/100\n|move|p1b: Sinistcha|Life Dew|p1b: Sinistcha|[spread] p1a,p1b\n|-heal|p1a: SixSeven|72/100\n|-heal|p1b: Sinistcha|90/100\n|\n|-weather|Snowscape|[upkeep]\n|-heal|p2a: Rotom|19/100|[from] item: Leftovers\n|upkeep\n|turn|9\n|\n|t:|1776527801\n|move|p1a: SixSeven|Protect|p1a: SixSeven\n|-singleturn|p1a: SixSeven|Protect\n|move|p2a: Rotom|Thunderbolt|p1a: SixSeven\n|-activate|p1a: SixSeven|move: Protect\n|move|p1b: Sinistcha|Matcha Gotcha|p2a: Rotom\n|-supereffective|p2a: Rotom|1\n|-damage|p2a: Rotom|0 fnt\n|-heal|p1b: Sinistcha|99/100|[from] drain|[of] p2a: Rotom\n|faint|p2a: Rotom\n|\n|win|JZ21\n|raw|JZ21's rating: 1106 &rarr; <strong>1130</strong><br />(+24 for winning)\n|raw|Vinzyyyyyyyy's rating: 1099 &rarr; <strong>1075</strong><br />(-24 for losing)\n",
  "uploadtime": 1776527813,
  "views": 15,
  "formatid": "gen9championsvgc2026regma",
  "rating": 1075,
  "private": 0,
  "password": null
}