{
  "id": "gen9championsvgc2026regma-2588663283",
  "format": "[Gen 9 Champions] VGC 2026 Reg M-A",
  "players": [
    "thevietguy",
    "DMAngel"
  ],
  "log": "|j|\u2606thevietguy\n|j|\u2606DMAngel\n|t:|1776655164\n|gametype|doubles\n|player|p1|thevietguy|flannery|1034\n|player|p2|DMAngel|169|1041\n|gen|9\n|tier|[Gen 9 Champions] VGC 2026 Reg M-A\n|rated|\n|rule|Species Clause: Limit one of each Pok\u00e9mon\n|rule|Item Clause: Limit 1 of each item\n|clearpoke\n|poke|p1|Floette-Eternal, L50, F|\n|poke|p1|Whimsicott, L50, M|\n|poke|p1|Garchomp, L50, F|\n|poke|p1|Incineroar, L50, F|\n|poke|p1|Venusaur, L50, M|\n|poke|p1|Conkeldurr, L50, F|\n|poke|p2|Dragonite, L50, M|\n|poke|p2|Dragapult, L50, F|\n|poke|p2|Goodra-Hisui, L50, F|\n|poke|p2|Kommo-o, L50, M|\n|poke|p2|Hydrapple, L50, M, shiny|\n|poke|p2|Noivern, L50, M|\n|teampreview|4\n|inactive|Battle timer is ON: inactive players will automatically lose when time's up. (requested by thevietguy)\n|\n|t:|1776655192\n|teamsize|p1|4\n|teamsize|p2|4\n|start\n|switch|p1a: Whimsicott|Whimsicott, L50, M|100/100\n|switch|p1b: Incineroar|Incineroar, L50, F|100/100\n|switch|p2a: Goodra|Goodra-Hisui, L50, F|100/100\n|switch|p2b: Noivern|Noivern, L50, M|100/100\n|-item|p1a: Whimsicott|Focus Sash|[from] ability: Frisk|[of] p2b: Noivern\n|-item|p1b: Incineroar|Sitrus Berry|[from] ability: Frisk|[of] p2b: Noivern\n|-ability|p1b: Incineroar|Intimidate|boost\n|-unboost|p2a: Goodra|atk|1\n|-unboost|p2b: Noivern|atk|1\n|turn|1\n|\n|t:|1776655214\n|move|p1a: Whimsicott|Tailwind|p1a: Whimsicott\n|-sidestart|p1: thevietguy|move: Tailwind\n|move|p2b: Noivern|Tailwind|p2b: Noivern\n|-sidestart|p2: DMAngel|move: Tailwind\n|move|p1b: Incineroar|Will-O-Wisp|p2a: Goodra\n|-status|p2a: Goodra|brn\n|move|p2a: Goodra|Flash Cannon|p1a: Whimsicott\n|-supereffective|p1a: Whimsicott|1\n|-enditem|p1a: Whimsicott|Focus Sash\n|-damage|p1a: Whimsicott|1/100\n|\n|-damage|p2a: Goodra|95/100 brn|[from] brn\n|upkeep\n|turn|2\n|\n|t:|1776655233\n|move|p1a: Whimsicott|Encore|p2b: Noivern\n|-start|p2b: Noivern|Encore\n|move|p2b: Noivern|Tailwind||[still]\n|-fail|p2b: Noivern\n|move|p2a: Goodra|Rain Dance|p2a: Goodra\n|-weather|RainDance\n|move|p1b: Incineroar|Parting Shot|p2a: Goodra\n|-unboost|p2a: Goodra|atk|1\n|-unboost|p2a: Goodra|spa|1\n|\n|t:|1776655243\n|switch|p1b: Floette|Floette-Eternal, L50, F|100/100|[from] Parting Shot\n|\n|-weather|RainDance|[upkeep]\n|-damage|p2a: Goodra|89/100 brn|[from] brn\n|upkeep\n|turn|3\n|\n|t:|1776655256\n|switch|p2b: Dragapult|Dragapult, L50, F|100/100\n|switch|p2a: Dragonite|Dragonite, L50, M|100/100\n|detailschange|p1b: Floette|Floette-Mega, L50, F\n|-mega|p1b: Floette|Floette|Floettite\n|-ability|p1b: Floette|Fairy Aura\n|move|p1a: Whimsicott|Encore||[still]\n|-fail|p1a: Whimsicott\n|move|p1b: Floette|Dazzling Gleam|p2a: Dragonite|[spread] p2a,p2b\n|-supereffective|p2a: Dragonite|1\n|-supereffective|p2b: Dragapult|1\n|-damage|p2a: Dragonite|0 fnt\n|-damage|p2b: Dragapult|0 fnt\n|faint|p2a: Dragonite\n|faint|p2b: Dragapult\n|\n|-weather|RainDance|[upkeep]\n|upkeep\n|\n|t:|1776655269\n|switch|p2b: Noivern|Noivern, L50, M|100/100\n|switch|p2a: Goodra|Goodra-Hisui, L50, F|89/100 brn\n|-item|p1b: Floette|Floettite|[from] ability: Frisk|[of] p2b: Noivern\n|turn|4\n|\n|t:|1776655285\n|move|p2b: Noivern|Hurricane|p1b: Floette\n|-damage|p1b: Floette|62/100\n|move|p1a: Whimsicott|Moonblast|p2a: Goodra\n|-damage|p2a: Goodra|53/100 brn\n|move|p1b: Floette|Dazzling Gleam|p2a: Goodra|[spread] p2a,p2b\n|-supereffective|p2b: Noivern|1\n|-damage|p2a: Goodra|18/100 brn\n|-enditem|p2b: Noivern|Focus Sash\n|-damage|p2b: Noivern|1/100\n|move|p2a: Goodra|Flash Cannon|p1b: Floette\n|-supereffective|p1b: Floette|1\n|-damage|p1b: Floette|0 fnt\n|faint|p1b: Floette\n|\n|-weather|RainDance|[upkeep]\n|-damage|p2a: Goodra|12/100 brn|[from] brn\n|-sideend|p2: DMAngel|move: Tailwind\n|-sideend|p1: thevietguy|move: Tailwind\n|upkeep\n|\n|t:|1776655299\n|switch|p1b: Garchomp|Garchomp, L50, F|100/100\n|turn|5\n|\n|t:|1776655308\n|move|p1b: Garchomp|Dragon Claw|p2a: Goodra\n|-damage|p2a: Goodra|0 fnt\n|faint|p2a: Goodra\n|move|p2b: Noivern|Tailwind|p2b: Noivern\n|-sidestart|p2: DMAngel|move: Tailwind\n|move|p1a: Whimsicott|Moonblast|p2b: Noivern\n|-supereffective|p2b: Noivern|1\n|-damage|p2b: Noivern|0 fnt\n|faint|p2b: Noivern\n|\n|win|thevietguy\n|raw|thevietguy's rating: 1034 &rarr; <strong>1070</strong><br />(+36 for winning)\n|raw|DMAngel's rating: 1041 &rarr; <strong>1025</strong><br />(-16 for losing)\n|l|\u2606DMAngel\n|player|p2|\n",
  "uploadtime": 1776655319,
  "views": 13,
  "formatid": "gen9championsvgc2026regma",
  "rating": 1025,
  "private": 0,
  "password": null
}