{
  "id": "gen9championsvgc2026regma-2588360654",
  "format": "[Gen 9 Champions] VGC 2026 Reg M-A",
  "players": [
    "tikini",
    "Red Fang X"
  ],
  "log": "|j|\u2606tikini\n|j|\u2606Red Fang X\n|t:|1776627099\n|gametype|doubles\n|player|p1|tikini|swimmerf-gen4|\n|player|p2|Red Fang X|steven|\n|gen|9\n|tier|[Gen 9 Champions] VGC 2026 Reg M-A\n|rated|Tournament battle\n|rule|Species Clause: Limit one of each Pok\u00e9mon\n|rule|Item Clause: Limit 1 of each item\n|clearpoke\n|poke|p1|Floette-Eternal, L50, F|\n|poke|p1|Tinkaton, L50, F|\n|poke|p1|Sinistcha-Masterpiece, L50|\n|poke|p1|Incineroar, L50, F|\n|poke|p1|Garchomp, L50, M|\n|poke|p1|Rotom-Wash, L50|\n|poke|p2|Floette-Eternal, L50, F|\n|poke|p2|Garchomp, L50, M|\n|poke|p2|Kingambit, L50, M|\n|poke|p2|Basculegion, L50, M|\n|poke|p2|Sneasler, L50, M|\n|poke|p2|Froslass, L50, F|\n|teampreview|4\n|inactive|Battle timer is ON: inactive players will automatically lose when time's up. (requested by Red Fang X)\n|j| SeulClef\ntikini has agreed to open team sheets.\nRed Fang X has agreed to open team sheets.\n|showteam|p1|Floette-Eternal||Floettite|FlowerVeil|Moonblast,DazzlingGleam,CalmMind,Protect|||F|||50|]Tinkaton||OccaBerry|OwnTempo|GigatonHammer,PlayRough,FakeOut,Encore|||F|||50|]Sinistcha-Masterpiece||Leftovers|Hospitality|MatchaGotcha,Protect,RagePowder,TrickRoom||||||50|]Incineroar||SitrusBerry|Intimidate|FlareBlitz,DarkestLariat,PartingShot,FakeOut|||F|||50|]Garchomp||SoftSand|RoughSkin|StompingTantrum,Earthquake,RockTomb,Protect|||M|||50|]Rotom-Wash||ChoiceScarf|Levitate|VoltSwitch,Electroweb,WillOWisp,HydroPump||||||50|\n|showteam|p2|Floette-Eternal||Floettite|FlowerVeil|Moonblast,DazzlingGleam,LightofRuin,Protect|||F|||50|]Garchomp||HabanBerry|RoughSkin|DragonClaw,Earthquake,RockSlide,Protect|||M|||50|]Kingambit||ChopleBerry|Defiant|KowtowCleave,SuckerPunch,LowKick,Protect|||M|||50|]Basculegion||SitrusBerry|Adaptability|WaveCrash,LastRespects,AquaJet,Protect|||M|||50|]Sneasler||FocusSash|PoisonTouch|FakeOut,CloseCombat,DireClaw,Protect|||M|||50|]Froslass||Froslassite|SnowCloak|Blizzard,ShadowBall,Substitute,Protect|||F|||50|\n|inactive|tikini has 60 seconds left.\n|inactive|Red Fang X has 60 seconds left.\n|inactive|tikini has 30 seconds left.\n|inactive|tikini has 20 seconds left.\n|\n|t:|1776627175\n|teamsize|p1|4\n|teamsize|p2|4\n|start\n|switch|p1a: Rotom|Rotom-Wash, L50|100/100\n|switch|p1b: Tinkaton|Tinkaton, L50, F|100/100\n|switch|p2a: Sneasler|Sneasler, L50, M|100/100\n|switch|p2b: Garchomp|Garchomp, L50, M|100/100\n|turn|1\n|l| SeulClef\n|\n|t:|1776627197\n|switch|p2b: Floette|Floette-Eternal, L50, F|100/100\n|move|p2a: Sneasler|Fake Out|p1b: Tinkaton\n|-resisted|p1b: Tinkaton|1\n|-damage|p1b: Tinkaton|91/100\n|cant|p1b: Tinkaton|flinch\n|move|p1a: Rotom|Will-O-Wisp|p2a: Sneasler|[miss]\n|-miss|p1a: Rotom|p2a: Sneasler\n|\n|upkeep\n|turn|2\n|\n|t:|1776627211\n|move|p2b: Floette|Protect|p2b: Floette\n|-singleturn|p2b: Floette|Protect\n|move|p1a: Rotom|Will-O-Wisp|p2a: Sneasler\n|-status|p2a: Sneasler|brn\n|move|p2a: Sneasler|Close Combat|p1b: Tinkaton\n|-damage|p1b: Tinkaton|52/100\n|-unboost|p2a: Sneasler|def|1\n|-unboost|p2a: Sneasler|spd|1\n|move|p1b: Tinkaton|Gigaton Hammer|p2b: Floette\n|-activate|p2b: Floette|move: Protect\n|\n|-damage|p2a: Sneasler|95/100 brn|[from] brn\n|upkeep\n|turn|3\n|\n|t:|1776627229\n|switch|p1a: Incineroar|Incineroar, L50, F|100/100\n|-ability|p1a: Incineroar|Intimidate|boost\n|-unboost|p2a: Sneasler|atk|1\n|-unboost|p2b: Floette|atk|1\n|detailschange|p2b: Floette|Floette-Mega, L50, F\n|-mega|p2b: Floette|Floette|Floettite\n|-ability|p2b: Floette|Fairy Aura\n|move|p2a: Sneasler|Close Combat|p1b: Tinkaton\n|-damage|p1b: Tinkaton|25/100\n|-unboost|p2a: Sneasler|def|1\n|-unboost|p2a: Sneasler|spd|1\n|-immune|p1b: Tinkaton\n|move|p1b: Tinkaton|Encore|p2b: Floette\n|-start|p2b: Floette|Encore\n|move|p2b: Floette|Protect||[still]\n|-fail|p2b: Floette\n|\n|-damage|p2a: Sneasler|89/100 brn|[from] brn\n|upkeep\n|turn|4\n|inactive|tikini has 30 seconds left.\n|\n|t:|1776627261\n|switch|p1b: Floette|Floette-Eternal, L50, F|100/100\n|switch|p2b: Garchomp|Garchomp, L50, M|100/100\n|move|p2a: Sneasler|Protect|p2a: Sneasler\n|-singleturn|p2a: Sneasler|Protect\n|move|p1a: Incineroar|Parting Shot|p2a: Sneasler\n|-activate|p2a: Sneasler|move: Protect\n|\n|-damage|p2a: Sneasler|83/100 brn|[from] brn\n|upkeep\n|turn|5\n|j| poyolo33\n|\n|t:|1776627285\n|move|p1b: Floette|Protect|p1b: Floette\n|-singleturn|p1b: Floette|Protect\n|move|p2a: Sneasler|Dire Claw|p1b: Floette\n|-activate|p1b: Floette|move: Protect\n|move|p2b: Garchomp|Rock Slide|p1b: Floette|[spread] p1a\n|-activate|p1b: Floette|move: Protect\n|-supereffective|p1a: Incineroar|1\n|-damage|p1a: Incineroar|70/100\n|cant|p1a: Incineroar|flinch\n|\n|-damage|p2a: Sneasler|77/100 brn|[from] brn\n|upkeep\n|turn|6\n|inactive|tikini has 30 seconds left.\n|inactive|tikini has 20 seconds left.\n|\n|t:|1776627321\n|switch|p1a: Rotom|Rotom-Wash, L50|100/100\n|detailschange|p1b: Floette|Floette-Mega, L50, F\n|-mega|p1b: Floette|Floette|Floettite\n|-ability|p1b: Floette|Fairy Aura\n|move|p2a: Sneasler|Dire Claw|p1b: Floette\n|-supereffective|p1b: Floette|1\n|-damage|p1b: Floette|61/100\n|move|p2b: Garchomp|Rock Slide|p1a: Rotom|[spread] p1a,p1b\n|-damage|p1a: Rotom|80/100\n|-damage|p1b: Floette|38/100\n|move|p1b: Floette|Dazzling Gleam|p2a: Sneasler|[spread] p2a,p2b\n|-supereffective|p2b: Garchomp|1\n|-damage|p2a: Sneasler|0 fnt\n|-damage|p2b: Garchomp|3/100\n|faint|p2a: Sneasler\n|\n|upkeep\n|j|+holdingb\n|j|+Hasayo\n|\n|t:|1776627339\n|switch|p2a: Floette|Floette-Mega, L50, F|100/100\n|-ability|p2a: Floette|Fairy Aura\n|turn|7\n|inactive|tikini has 30 seconds left.\n|\n|t:|1776627365\n|move|p1b: Floette|Protect|p1b: Floette\n|-singleturn|p1b: Floette|Protect\n|move|p2b: Garchomp|Protect|p2b: Garchomp\n|-singleturn|p2b: Garchomp|Protect\n|move|p1a: Rotom|Volt Switch|p2a: Floette\n|-damage|p2a: Floette|78/100\n|inactive|tikini has 30 seconds left.\n|\n|t:|1776627392\n|switch|p1a: Incineroar|Incineroar, L50, F|70/100|[from] Volt Switch\n|-ability|p1a: Incineroar|Intimidate|boost\n|-unboost|p2a: Floette|atk|1\n|-unboost|p2b: Garchomp|atk|1\n|move|p2a: Floette|Dazzling Gleam|p1b: Floette|[spread] p1a\n|-activate|p1b: Floette|move: Protect\n|-damage|p1a: Incineroar|37/100\n|-enditem|p1a: Incineroar|Sitrus Berry|[eat]\n|-heal|p1a: Incineroar|62/100|[from] item: Sitrus Berry\n|\n|upkeep\n|turn|8\n|\n|t:|1776627409\n|switch|p2b: Basculegion|Basculegion, L50, M|100/100\n|move|p1a: Incineroar|Fake Out|p2a: Floette\n|-damage|p2a: Floette|66/100\n|cant|p2a: Floette|flinch\n|move|p1b: Floette|Dazzling Gleam|p2a: Floette|[spread] p2a,p2b\n|-damage|p2a: Floette|28/100\n|-damage|p2b: Basculegion|50/100\n|-enditem|p2b: Basculegion|Sitrus Berry|[eat]\n|-heal|p2b: Basculegion|75/100|[from] item: Sitrus Berry\n|\n|upkeep\n|turn|9\n|inactive|tikini has 30 seconds left.\n|\n|t:|1776627439\n|move|p1b: Floette|Protect|p1b: Floette\n|-singleturn|p1b: Floette|Protect\n|move|p2a: Floette|Moonblast|p1b: Floette\n|-activate|p1b: Floette|move: Protect\n|move|p2b: Basculegion|Wave Crash|p1a: Incineroar\n|-supereffective|p1a: Incineroar|1\n|-damage|p1a: Incineroar|0 fnt\n|faint|p1a: Incineroar\n|-damage|p2b: Basculegion|56/100|[from] Recoil\n|\n|upkeep\n|inactive|tikini has 30 seconds left.\n|\n|t:|1776627468\n|switch|p1a: Rotom|Rotom-Wash, L50|80/100\n|turn|10\n|j| Rigbert\n|inactive|Red Fang X has 30 seconds left.\n|\n|t:|1776627497\n|switch|p1b: Tinkaton|Tinkaton, L50, F|25/100\n|move|p2b: Basculegion|Aqua Jet|p1b: Tinkaton\n|-damage|p1b: Tinkaton|0 fnt\n|faint|p1b: Tinkaton\n|move|p1a: Rotom|Volt Switch|p2b: Basculegion\n|-supereffective|p2b: Basculegion|1\n|-crit|p2b: Basculegion\n|-damage|p2b: Basculegion|0 fnt\n|faint|p2b: Basculegion\n|\n|t:|1776627506\n|switch|p1a: Floette|Floette-Mega, L50, F|38/100|[from] Volt Switch\n|-ability|p1a: Floette|Fairy Aura\n|move|p2a: Floette|Moonblast|p1a: Floette\n|-damage|p1a: Floette|0 fnt\n|faint|p1a: Floette\n|\n|upkeep\n|\n|t:|1776627513\n|switch|p1b: Rotom|Rotom-Wash, L50|80/100\n|switch|p2b: Garchomp|Garchomp, L50, M|3/100\n|turn|11\n|l|+holdingb\n|\n|t:|1776627535\n|move|p1b: Rotom|Hydro Pump|p2a: Floette\n|-damage|p2a: Floette|0 fnt\n|faint|p2a: Floette\n|move|p2b: Garchomp|Dragon Claw|p1b: Rotom\n|-damage|p1b: Rotom|37/100\n|\n|upkeep\n|turn|12\n|\n|t:|1776627541\n|move|p1b: Rotom|Hydro Pump|p2b: Garchomp\n|-damage|p2b: Garchomp|0 fnt\n|faint|p2b: Garchomp\n|\n|win|tikini\n|n|\u2606tikini|tikini\n|n|\u2606Red Fang X|redfangx\n|n| poyolo33|poyolo33\n|n| Hasayo|hasayo\n|n| Rigbert|rigbert\n",
  "uploadtime": 1776627547,
  "views": 7,
  "formatid": "gen9championsvgc2026regma",
  "rating": null,
  "private": 0,
  "password": null
}