{
  "id": "gen9championsvgc2026regma-2585809214",
  "format": "[Gen 9 Champions] VGC 2026 Reg M-A",
  "players": [
    "Dangu-0M",
    "2sweep4u"
  ],
  "log": "|j|\u2606Dangu-0M\n|j|\u26062sweep4u\n|t:|1776372210\n|gametype|doubles\n|player|p1|Dangu-0M|roughneck|1053\n|player|p2|2sweep4u|unknownf|1136\n|gen|9\n|tier|[Gen 9 Champions] VGC 2026 Reg M-A\n|rated|\n|rule|Species Clause: Limit one of each Pok\u00e9mon\n|rule|Item Clause: Limit 1 of each item\n|clearpoke\n|poke|p1|Tyranitar, L50, F|\n|poke|p1|Garchomp, L50, F|\n|poke|p1|Rotom-Wash, L50|\n|poke|p1|Whimsicott, L50, F|\n|poke|p1|Sneasler, L50, F|\n|poke|p1|Delphox, L50, F|\n|poke|p2|Incineroar, L50, M|\n|poke|p2|Sneasler, L50, F|\n|poke|p2|Milotic, L50, M|\n|poke|p2|Aerodactyl, L50, F|\n|poke|p2|Tyranitar, L50, M|\n|poke|p2|Excadrill, L50, M|\n|teampreview|4\n|inactive|Battle timer is ON: inactive players will automatically lose when time's up. (requested by 2sweep4u)\n|\n|t:|1776372273\n|teamsize|p1|4\n|teamsize|p2|4\n|start\n|switch|p1a: Garchomp|Garchomp, L50, F|100/100\n|switch|p1b: Sneasler|Sneasler, L50, F|100/100\n|switch|p2a: Incineroar|Incineroar, L50, M|100/100\n|switch|p2b: Milotic|Milotic, L50, M|100/100\n|-ability|p2a: Incineroar|Intimidate|boost\n|-unboost|p1a: Garchomp|atk|1\n|-unboost|p1b: Sneasler|atk|1\n|turn|1\n|\n|t:|1776372296\n|switch|p1a: Rotom|Rotom-Wash, L50|100/100\n|move|p1b: Sneasler|Fake Out|p2b: Milotic\n|-damage|p2b: Milotic|91/100\n|move|p2a: Incineroar|Fake Out|p1a: Rotom\n|-damage|p1a: Rotom|85/100\n|cant|p2b: Milotic|flinch\n|\n|-heal|p1a: Rotom|91/100|[from] item: Leftovers\n|-heal|p2b: Milotic|97/100|[from] item: Leftovers\n|upkeep\n|turn|2\n|\n|t:|1776372319\n|move|p2b: Milotic|Protect|p2b: Milotic\n|-singleturn|p2b: Milotic|Protect\n|move|p1b: Sneasler|Close Combat|p2a: Incineroar\n|-supereffective|p2a: Incineroar|1\n|-damage|p2a: Incineroar|32/100\n|-unboost|p1b: Sneasler|def|1\n|-unboost|p1b: Sneasler|spd|1\n|move|p1a: Rotom|Nasty Plot|p1a: Rotom\n|-boost|p1a: Rotom|spa|2\n|move|p2a: Incineroar|Parting Shot|p1a: Rotom\n|-unboost|p1a: Rotom|atk|1\n|-unboost|p1a: Rotom|spa|1\n|\n|t:|1776372337\n|switch|p2a: Sneasler|Sneasler, L50, F|100/100|[from] Parting Shot\n|\n|-heal|p1a: Rotom|96/100|[from] item: Leftovers\n|-heal|p2b: Milotic|100/100|[from] item: Leftovers\n|upkeep\n|turn|3\n|\n|t:|1776372355\n|switch|p1b: Garchomp|Garchomp, L50, F|100/100\n|move|p2a: Sneasler|Fake Out|p1a: Rotom\n|-damage|p1a: Rotom|77/100\n|cant|p1a: Rotom|flinch\n|move|p2b: Milotic|Icy Wind|p1b: Garchomp|[spread] p1a,p1b\n|-resisted|p1a: Rotom|1\n|-supereffective|p1b: Garchomp|2\n|-damage|p1a: Rotom|70/100\n|-damage|p1b: Garchomp|54/100\n|-unboost|p1a: Rotom|spe|1\n|-unboost|p1b: Garchomp|spe|1\n|\n|-heal|p1a: Rotom|76/100|[from] item: Leftovers\n|upkeep\n|turn|4\n|\n|t:|1776372380\n|move|p1b: Garchomp|Protect|p1b: Garchomp\n|-singleturn|p1b: Garchomp|Protect\n|move|p2a: Sneasler|Close Combat|p1a: Rotom\n|-damage|p1a: Rotom|0 fnt\n|-unboost|p2a: Sneasler|def|1\n|-unboost|p2a: Sneasler|spd|1\n|faint|p1a: Rotom\n|-enditem|p2a: Sneasler|White Herb\n|-clearnegativeboost|p2a: Sneasler|[silent]\n|move|p2b: Milotic|Icy Wind|p1b: Garchomp\n|-activate|p1b: Garchomp|move: Protect\n|\n|upkeep\n|\n|t:|1776372392\n|switch|p1a: Tyranitar|Tyranitar, L50, F|100/100\n|-weather|Sandstorm|[from] ability: Sand Stream|[of] p1a: Tyranitar\n|turn|5\n|\n|t:|1776372412\n|move|p1a: Tyranitar|Protect|p1a: Tyranitar\n|-singleturn|p1a: Tyranitar|Protect\n|move|p2a: Sneasler|Close Combat|p1b: Garchomp\n|-damage|p1b: Garchomp|0 fnt\n|-unboost|p2a: Sneasler|def|1\n|-unboost|p2a: Sneasler|spd|1\n|faint|p1b: Garchomp\n|move|p2b: Milotic|Icy Wind|p1a: Tyranitar\n|-activate|p1a: Tyranitar|move: Protect\n|\n|-weather|Sandstorm|[upkeep]\n|-damage|p2a: Sneasler|95/100|[from] Sandstorm\n|-damage|p2b: Milotic|95/100|[from] Sandstorm\n|-heal|p2b: Milotic|100/100|[from] item: Leftovers\n|upkeep\n|\n|t:|1776372425\n|switch|p1b: Sneasler|Sneasler, L50, F|100/100\n|turn|6\n|\n|t:|1776372442\n|move|p1b: Sneasler|Fake Out|p2a: Sneasler\n|-damage|p2a: Sneasler|58/100\n|cant|p2a: Sneasler|flinch\n|move|p1a: Tyranitar|Rock Slide|p2a: Sneasler|[spread] p2a,p2b\n|-resisted|p2a: Sneasler|1\n|-damage|p2a: Sneasler|21/100\n|-damage|p2b: Milotic|75/100\n|cant|p2b: Milotic|flinch\n|\n|-weather|Sandstorm|[upkeep]\n|-damage|p2a: Sneasler|15/100|[from] Sandstorm\n|-damage|p1b: Sneasler|95/100|[from] Sandstorm\n|-damage|p2b: Milotic|69/100|[from] Sandstorm\n|-heal|p2b: Milotic|75/100|[from] item: Leftovers\n|upkeep\n|turn|7\n|inactive|Dangu-0M has 30 seconds left.\n|inactive|Dangu-0M has 20 seconds left.\n|inactive|Dangu-0M has 15 seconds left.\n|\n|t:|1776372483\n|move|p2a: Sneasler|Coaching|p2b: Milotic\n|-boost|p2b: Milotic|atk|1\n|-boost|p2b: Milotic|def|1\n|move|p1b: Sneasler|Close Combat|p2a: Sneasler\n|-resisted|p2a: Sneasler|1\n|-damage|p2a: Sneasler|0 fnt\n|-unboost|p1b: Sneasler|def|1\n|-unboost|p1b: Sneasler|spd|1\n|faint|p2a: Sneasler\n|move|p1a: Tyranitar|Knock Off|p2b: Milotic\n|-damage|p2b: Milotic|42/100\n|-enditem|p2b: Milotic|Leftovers|[from] move: Knock Off|[of] p1a: Tyranitar\n|move|p2b: Milotic|Icy Wind|p1a: Tyranitar|[spread] p1b\n|-miss|p2b: Milotic|p1a: Tyranitar\n|-damage|p1b: Sneasler|73/100\n|-unboost|p1b: Sneasler|spe|1\n|\n|-weather|Sandstorm|[upkeep]\n|-damage|p1b: Sneasler|68/100|[from] Sandstorm\n|-damage|p2b: Milotic|36/100|[from] Sandstorm\n|upkeep\n|\n|t:|1776372494\n|switch|p2a: Incineroar|Incineroar, L50, M|32/100\n|-ability|p2a: Incineroar|Intimidate|boost\n|-unboost|p1a: Tyranitar|atk|1\n|-unboost|p1b: Sneasler|atk|1\n|turn|8\n|\n|t:|1776372507\n|move|p2a: Incineroar|Fake Out|p1b: Sneasler\n|-damage|p1b: Sneasler|40/100\n|cant|p1b: Sneasler|flinch\n|move|p1a: Tyranitar|Rock Slide|p2b: Milotic|[spread] p2a,p2b\n|-supereffective|p2a: Incineroar|1\n|-damage|p2a: Incineroar|0 fnt\n|-damage|p2b: Milotic|24/100\n|faint|p2a: Incineroar\n|cant|p2b: Milotic|flinch\n|\n|-weather|Sandstorm|[upkeep]\n|-damage|p1b: Sneasler|35/100|[from] Sandstorm\n|-damage|p2b: Milotic|18/100|[from] Sandstorm\n|upkeep\n|\n|t:|1776372516\n|switch|p2a: Excadrill|Excadrill, L50, M|100/100\n|turn|9\n|\n|t:|1776372528\n|move|p2b: Milotic|Protect|p2b: Milotic\n|-singleturn|p2b: Milotic|Protect\n|move|p2a: Excadrill|Stomping Tantrum|p1b: Sneasler\n|-supereffective|p1b: Sneasler|1\n|-damage|p1b: Sneasler|0 fnt\n|faint|p1b: Sneasler\n|move|p1a: Tyranitar|Rock Slide|p2b: Milotic|[spread] p2a\n|-activate|p2b: Milotic|move: Protect\n|-resisted|p2a: Excadrill|2\n|-damage|p2a: Excadrill|95/100\n|\n|-weather|none\n|upkeep\n|turn|10\n|\n|t:|1776372546\n|move|p1a: Tyranitar|Protect|p1a: Tyranitar\n|-singleturn|p1a: Tyranitar|Protect\n|move|p2a: Excadrill|Iron Head|p1a: Tyranitar\n|-activate|p1a: Tyranitar|move: Protect\n|move|p2b: Milotic|Life Dew|p2b: Milotic|[spread] p2a,p2b\n|-heal|p2a: Excadrill|100/100\n|-heal|p2b: Milotic|44/100\n|\n|upkeep\n|turn|11\n|\n|t:|1776372558\n|move|p2a: Excadrill|Iron Head|p1a: Tyranitar\n|-supereffective|p1a: Tyranitar|1\n|-damage|p1a: Tyranitar|17/100\n|move|p1a: Tyranitar|Rock Slide|p2a: Excadrill|[spread] p2b\n|-miss|p1a: Tyranitar|p2a: Excadrill\n|-damage|p2b: Milotic|30/100\n|move|p2b: Milotic|Life Dew||[still]|[spread] p2a,p2b\n|-fail|p2a: Excadrill|heal\n|-heal|p2b: Milotic|55/100\n|\n|upkeep\n|turn|12\n|-message|Dangu-0M forfeited.\n|\n|win|2sweep4u\n|raw|Dangu-0M's rating: 1053 &rarr; <strong>1039</strong><br />(-14 for losing)\n|raw|2sweep4u's rating: 1136 &rarr; <strong>1155</strong><br />(+19 for winning)\n",
  "uploadtime": 1776372569,
  "views": 18,
  "formatid": "gen9championsvgc2026regma",
  "rating": 1039,
  "private": 0,
  "password": null
}