{
  "id": "gen9championsvgc2026regma-2582472046",
  "format": "[Gen 9 Champions] VGC 2026 Reg M-A",
  "players": [
    "gothboisick",
    "abeldyne"
  ],
  "log": "|j|\u2606gothboisick\n|j|\u2606abeldyne\n|t:|1776093883\n|gametype|doubles\n|player|p1|gothboisick|169|1105\n|player|p2|abeldyne|101|1146\n|gen|9\n|tier|[Gen 9 Champions] VGC 2026 Reg M-A\n|rated|\n|rule|Species Clause: Limit one of each Pok\u00e9mon\n|rule|Item Clause: Limit 1 of each item\n|clearpoke\n|poke|p1|Tyranitar, L50, F|\n|poke|p1|Gardevoir, L50, F|\n|poke|p1|Gyarados, L50, F|\n|poke|p1|Excadrill, L50, M|\n|poke|p1|Sinistcha, L50|\n|poke|p1|Rotom-Heat, L50|\n|poke|p2|Charizard, L50, M|\n|poke|p2|Venusaur, L50, F|\n|poke|p2|Incineroar, L50, F|\n|poke|p2|Rotom-Wash, L50|\n|poke|p2|Garchomp, L50, M|\n|poke|p2|Sneasler, L50, F|\n|teampreview|4\n|inactive|Battle timer is ON: inactive players will automatically lose when time's up. (requested by abeldyne)\n|inactive|gothboisick has 60 seconds left.\n|\n|t:|1776093955\n|teamsize|p1|4\n|teamsize|p2|4\n|start\n|switch|p1a: Rotom|Rotom-Heat, L50|100/100\n|switch|p1b: Gyarados|Gyarados, L50, F|100/100\n|switch|p2a: Charizard|Charizard, L50, M|100/100\n|switch|p2b: Incineroar|Incineroar, L50, F|100/100\n|-ability|p1b: Gyarados|Intimidate|boost\n|-unboost|p2a: Charizard|atk|1\n|-unboost|p2b: Incineroar|atk|1\n|-ability|p2b: Incineroar|Intimidate|boost\n|-unboost|p1a: Rotom|atk|1\n|-unboost|p1b: Gyarados|atk|1\n|turn|1\n|\n|t:|1776093974\n|move|p2a: Charizard|Protect|p2a: Charizard\n|-singleturn|p2a: Charizard|Protect\n|move|p1b: Gyarados|Protect|p1b: Gyarados\n|-singleturn|p1b: Gyarados|Protect\n|move|p2b: Incineroar|Fake Out|p1a: Rotom\n|-damage|p1a: Rotom|89/100\n|cant|p1a: Rotom|flinch\n|\n|upkeep\n|turn|2\n|\n|t:|1776093991\n|switch|p2a: Rotom|Rotom-Wash, L50|100/100\n|move|p1a: Rotom|Volt Switch|p2a: Rotom\n|-damage|p2a: Rotom|68/100\n|\n|t:|1776094000\n|switch|p1a: Tyranitar|Tyranitar, L50, F|100/100|[from] Volt Switch\n|-weather|Sandstorm|[from] ability: Sand Stream|[of] p1a: Tyranitar\n|move|p1b: Gyarados|Waterfall|p2b: Incineroar\n|-supereffective|p2b: Incineroar|1\n|-damage|p2b: Incineroar|52/100\n|move|p2b: Incineroar|Parting Shot|p1b: Gyarados\n|-unboost|p1b: Gyarados|atk|1\n|-unboost|p1b: Gyarados|spa|1\n|\n|t:|1776094010\n|switch|p2b: Garchomp|Garchomp, L50, M|100/100|[from] Parting Shot\n|\n|-weather|Sandstorm|[upkeep]\n|-damage|p2a: Rotom|62/100|[from] Sandstorm\n|-damage|p1b: Gyarados|95/100|[from] Sandstorm\n|-heal|p2a: Rotom|68/100|[from] item: Leftovers\n|-heal|p1b: Gyarados|100/100|[from] item: Leftovers\n|upkeep\n|turn|3\n|\n|t:|1776094029\n|switch|p1b: Excadrill|Excadrill, L50, M|100/100\n|move|p1a: Tyranitar|Protect|p1a: Tyranitar\n|-singleturn|p1a: Tyranitar|Protect\n|move|p2b: Garchomp|Earthquake|p1b: Excadrill|[spread] p1b\n|-activate|p1a: Tyranitar|move: Protect\n|-immune|p2a: Rotom|[from] ability: Levitate\n|-supereffective|p1b: Excadrill|1\n|-enditem|p1b: Excadrill|Focus Sash\n|-damage|p1b: Excadrill|1/100\n|move|p2a: Rotom|Thunderbolt|p1b: Excadrill\n|-immune|p1b: Excadrill\n|\n|-weather|Sandstorm|[upkeep]\n|-damage|p2a: Rotom|62/100|[from] Sandstorm\n|-heal|p2a: Rotom|68/100|[from] item: Leftovers\n|upkeep\n|turn|4\n|\n|t:|1776094049\n|detailschange|p1a: Tyranitar|Tyranitar-Mega, L50, F\n|-mega|p1a: Tyranitar|Tyranitar|Tyranitarite\n|move|p1b: Excadrill|Rock Slide|p2a: Rotom|[spread] p2a,p2b\n|-resisted|p2b: Garchomp|1\n|-damage|p2a: Rotom|48/100\n|-damage|p2b: Garchomp|91/100\n|move|p2b: Garchomp|Earthquake|p1b: Excadrill|[spread] p1a,p1b\n|-immune|p2a: Rotom|[from] ability: Levitate\n|-supereffective|p1a: Tyranitar|1\n|-supereffective|p1b: Excadrill|1\n|-damage|p1a: Tyranitar|42/100\n|-damage|p1b: Excadrill|0 fnt\n|faint|p1b: Excadrill\n|move|p1a: Tyranitar|Dragon Dance|p1a: Tyranitar\n|-boost|p1a: Tyranitar|atk|1\n|-boost|p1a: Tyranitar|spe|1\n|cant|p2a: Rotom|flinch\n|\n|-weather|Sandstorm|[upkeep]\n|-damage|p2a: Rotom|43/100|[from] Sandstorm\n|-heal|p2a: Rotom|48/100|[from] item: Leftovers\n|upkeep\n|\n|t:|1776094062\n|switch|p1b: Gyarados|Gyarados, L50, F|100/100\n|-ability|p1b: Gyarados|Intimidate|boost\n|-unboost|p2a: Rotom|atk|1\n|-unboost|p2b: Garchomp|atk|1\n|turn|5\n|\n|t:|1776094071\n|move|p2b: Garchomp|Earthquake|p1b: Gyarados|[spread] p1a\n|-immune|p2a: Rotom|[from] ability: Levitate\n|-immune|p1b: Gyarados\n|-supereffective|p1a: Tyranitar|1\n|-damage|p1a: Tyranitar|3/100\n|move|p1a: Tyranitar|Rock Slide|p2a: Rotom|[spread] p2a,p2b\n|-resisted|p2b: Garchomp|1\n|-damage|p2a: Rotom|0 fnt\n|-damage|p2b: Garchomp|65/100\n|faint|p2a: Rotom\n|move|p1b: Gyarados|Waterfall|p2b: Garchomp\n|-damage|p2b: Garchomp|34/100\n|-damage|p1b: Gyarados|88/100|[from] ability: Rough Skin|[of] p2b: Garchomp\n|\n|-weather|Sandstorm|[upkeep]\n|-damage|p1b: Gyarados|82/100|[from] Sandstorm\n|-heal|p1b: Gyarados|88/100|[from] item: Leftovers\n|upkeep\n|\n|t:|1776094089\n|switch|p2a: Incineroar|Incineroar, L50, F|52/100\n|-ability|p2a: Incineroar|Intimidate|boost\n|-unboost|p1a: Tyranitar|atk|1\n|-unboost|p1b: Gyarados|atk|1\n|turn|6\n|\n|t:|1776094101\n|move|p1a: Tyranitar|Protect|p1a: Tyranitar\n|-singleturn|p1a: Tyranitar|Protect\n|move|p1b: Gyarados|Protect|p1b: Gyarados\n|-singleturn|p1b: Gyarados|Protect\n|move|p2a: Incineroar|Fake Out|p1b: Gyarados\n|-activate|p1b: Gyarados|move: Protect\n|move|p2b: Garchomp|Earthquake|p1a: Tyranitar|[spread] p2a\n|-activate|p1a: Tyranitar|move: Protect\n|-activate|p1b: Gyarados|move: Protect\n|-supereffective|p2a: Incineroar|1\n|-damage|p2a: Incineroar|0 fnt\n|faint|p2a: Incineroar\n|\n|-weather|none\n|-heal|p1b: Gyarados|94/100|[from] item: Leftovers\n|upkeep\n|\n|t:|1776094115\n|switch|p2a: Charizard|Charizard, L50, M|100/100\n|turn|7\n|\n|t:|1776094133\n|switch|p1a: Rotom|Rotom-Heat, L50|89/100\n|detailschange|p2a: Charizard|Charizard-Mega-Y, L50, M\n|-mega|p2a: Charizard|Charizard|Charizardite Y\n|-weather|SunnyDay|[from] ability: Drought|[of] p2a: Charizard\n|move|p2b: Garchomp|Earthquake|p1b: Gyarados|[spread] \n|-immune|p2a: Charizard\n|-immune|p1a: Rotom|[from] ability: Levitate\n|-immune|p1b: Gyarados\n|move|p2a: Charizard|Solar Beam||[still]\n|-prepare|p2a: Charizard|Solar Beam\n|-anim|p2a: Charizard|Solar Beam|p1b: Gyarados\n|-damage|p1b: Gyarados|60/100\n|move|p1b: Gyarados|Waterfall|p2b: Garchomp\n|-damage|p2b: Garchomp|22/100\n|-damage|p1b: Gyarados|48/100|[from] ability: Rough Skin|[of] p2b: Garchomp\n|\n|-weather|SunnyDay|[upkeep]\n|-heal|p1b: Gyarados|53/100|[from] item: Leftovers\n|upkeep\n|turn|8\n|\n|t:|1776094154\n|move|p1b: Gyarados|Protect|p1b: Gyarados\n|-singleturn|p1b: Gyarados|Protect\n|move|p2b: Garchomp|Earthquake|p1b: Gyarados|[spread] \n|-activate|p1b: Gyarados|move: Protect\n|-immune|p2a: Charizard\n|-immune|p1a: Rotom|[from] ability: Levitate\n|move|p1a: Rotom|Discharge|p2a: Charizard|[spread] p2a\n|-activate|p1b: Gyarados|move: Protect\n|-immune|p2b: Garchomp\n|-supereffective|p2a: Charizard|1\n|-damage|p2a: Charizard|42/100\n|move|p2a: Charizard|Weather Ball|p1b: Gyarados\n|-activate|p1b: Gyarados|move: Protect\n|\n|-weather|SunnyDay|[upkeep]\n|-heal|p1b: Gyarados|59/100|[from] item: Leftovers\n|upkeep\n|turn|9\n|inactive|gothboisick has 30 seconds left.\n|\n|t:|1776094189\n|move|p2b: Garchomp|Earthquake|p1a: Rotom|[spread] \n|-immune|p2a: Charizard\n|-immune|p1a: Rotom|[from] ability: Levitate\n|-immune|p1b: Gyarados\n|move|p1a: Rotom|Discharge|p2b: Garchomp|[spread] p1b,p2a\n|-immune|p2b: Garchomp\n|-supereffective|p1b: Gyarados|2\n|-supereffective|p2a: Charizard|1\n|-damage|p1b: Gyarados|0 fnt\n|-damage|p2a: Charizard|0 fnt\n|faint|p1b: Gyarados\n|faint|p2a: Charizard\n|\n|-weather|SunnyDay|[upkeep]\n|upkeep\n|\n|t:|1776094199\n|switch|p1b: Tyranitar|Tyranitar-Mega, L50, F|3/100\n|-weather|Sandstorm|[from] ability: Sand Stream|[of] p1b: Tyranitar\n|turn|10\n|\n|t:|1776094211\n|move|p2b: Garchomp|Earthquake|p1a: Rotom|[spread] p1b\n|-immune|p1a: Rotom|[from] ability: Levitate\n|-supereffective|p1b: Tyranitar|1\n|-damage|p1b: Tyranitar|0 fnt\n|faint|p1b: Tyranitar\n|move|p1a: Rotom|Discharge|p2b: Garchomp\n|-immune|p2b: Garchomp\n|\n|-weather|Sandstorm|[upkeep]\n|-damage|p1a: Rotom|83/100|[from] Sandstorm\n|upkeep\n|turn|11\n|c|\u2606gothboisick|lol\n|c|\u2606abeldyne|lmao\n|\n|t:|1776094221\n|move|p2b: Garchomp|Earthquake|p1a: Rotom\n|-immune|p1a: Rotom|[from] ability: Levitate\n|move|p1a: Rotom|Discharge|p2b: Garchomp\n|-immune|p2b: Garchomp\n|\n|-weather|Sandstorm|[upkeep]\n|-damage|p1a: Rotom|77/100|[from] Sandstorm\n|upkeep\n|turn|12\n|\n|t:|1776094228\n|move|p2b: Garchomp|Earthquake|p1a: Rotom\n|-immune|p1a: Rotom|[from] ability: Levitate\n|move|p1a: Rotom|Discharge|p2b: Garchomp\n|-immune|p2b: Garchomp\n|\n|-weather|Sandstorm|[upkeep]\n|-damage|p1a: Rotom|71/100|[from] Sandstorm\n|upkeep\n|turn|13\n|\n|t:|1776094236\n|move|p2b: Garchomp|Earthquake|p1a: Rotom\n|-immune|p1a: Rotom|[from] ability: Levitate\n|move|p1a: Rotom|Discharge|p2b: Garchomp\n|-immune|p2b: Garchomp\n|\n|-weather|Sandstorm|[upkeep]\n|-damage|p1a: Rotom|65/100|[from] Sandstorm\n|upkeep\n|turn|14\n|\n|t:|1776094243\n|move|p2b: Garchomp|Earthquake|p1a: Rotom\n|-immune|p1a: Rotom|[from] ability: Levitate\n|move|p1a: Rotom|Discharge|p2b: Garchomp\n|-immune|p2b: Garchomp\n|\n|-weather|none\n|upkeep\n|turn|15\n|c|\u2606abeldyne|i think it's gg for me cause of struggle dmg\n|\n|t:|1776094252\n|-activate|p2b: Garchomp|move: Struggle\n|move|p2b: Garchomp|Struggle|p1a: Rotom\n|-damage|p1a: Rotom|47/100\n|-damage|p2b: Garchomp|0 fnt|[from] recoil\n|faint|p2b: Garchomp\n|\n|win|gothboisick\n|raw|gothboisick's rating: 1105 &rarr; <strong>1133</strong><br />(+28 for winning)\n|raw|abeldyne's rating: 1146 &rarr; <strong>1118</strong><br />(-28 for losing)\n|c|\u2606gothboisick|yeah\n|c|\u2606gothboisick|gg\n|c|\u2606abeldyne|gg\n",
  "uploadtime": 1776094261,
  "views": 13,
  "formatid": "gen9championsvgc2026regma",
  "rating": 1118,
  "private": 0,
  "password": null
}