{
  "id": "gen9championsvgc2026regma-2585695476",
  "format": "[Gen 9 Champions] VGC 2026 Reg M-A",
  "players": [
    "4isspecial",
    "miredsvgc"
  ],
  "log": "|j|\u26064isspecial\n|j|\u2606miredsvgc\n|t:|1776364305\n|gametype|doubles\n|player|p1|4isspecial|sisandbro|1487\n|player|p2|miredsvgc|265|1446\n|gen|9\n|tier|[Gen 9 Champions] VGC 2026 Reg M-A\n|rated|\n|rule|Species Clause: Limit one of each Pok\u00e9mon\n|rule|Item Clause: Limit 1 of each item\n|clearpoke\n|poke|p1|Floette-Eternal, L50, F|\n|poke|p1|Maushold-Four, L50|\n|poke|p1|Garchomp, L50, F|\n|poke|p1|Talonflame, L50, M|\n|poke|p1|Archaludon, L50, F|\n|poke|p1|Sneasler, L50, M|\n|poke|p2|Sneasler, L50, F|\n|poke|p2|Kingambit, L50, F|\n|poke|p2|Garchomp, L50, F|\n|poke|p2|Basculegion, L50, M|\n|poke|p2|Floette-Eternal, L50, F|\n|poke|p2|Froslass, L50, F|\n|teampreview|4\n|inactive|Battle timer is ON: inactive players will automatically lose when time's up. (requested by 4isspecial)\n|\n|t:|1776364403\n|teamsize|p1|4\n|teamsize|p2|4\n|start\n|switch|p1a: Floette|Floette-Eternal, L50, F|100/100\n|switch|p1b: Maushold|Maushold-Four, L50|100/100\n|switch|p2a: Froslass|Froslass, L50, F|100/100\n|switch|p2b: Sneasler|Sneasler, L50, F|100/100\n|turn|1\n|inactive|4isspecial has 30 seconds left.\n|inactive|miredsvgc has 30 seconds left.\n|inactive|4isspecial has 20 seconds left.\n|inactive|miredsvgc has 20 seconds left.\n|\n|t:|1776364440\n|switch|p1a: Talonflame|Talonflame, L50, M|100/100\n|detailschange|p2a: Froslass|Froslass-Mega, L50, F\n|-mega|p2a: Froslass|Froslass|Froslassite\n|-weather|Snowscape|[from] ability: Snow Warning|[of] p2a: Froslass\n|move|p2b: Sneasler|Fake Out|p1b: Maushold\n|-damage|p1b: Maushold|81/100\n|cant|p1b: Maushold|flinch\n|move|p2a: Froslass|Blizzard|p1a: Talonflame|[spread] p1a,p1b\n|-damage|p1a: Talonflame|50/100\n|-damage|p1b: Maushold|28/100\n|\n|-weather|Snowscape|[upkeep]\n|upkeep\n|turn|2\n|inactive|miredsvgc has 30 seconds left.\n|inactive|miredsvgc has 20 seconds left.\n|inactive|miredsvgc has 15 seconds left.\n|\n|t:|1776364485\n|switch|p2b: Basculegion|Basculegion, L50, M|100/100\n|move|p1b: Maushold|Follow Me|p1b: Maushold\n|-singleturn|p1b: Maushold|move: Follow Me\n|move|p1a: Talonflame|Tailwind|p1a: Talonflame\n|-sidestart|p1: 4isspecial|move: Tailwind\n|move|p2a: Froslass|Blizzard|p1b: Maushold|[spread] p1a,p1b\n|-damage|p1a: Talonflame|3/100\n|-damage|p1b: Maushold|0 fnt\n|faint|p1b: Maushold\n|\n|-weather|Snowscape|[upkeep]\n|upkeep\n|\n|t:|1776364496\n|switch|p1b: Floette|Floette-Eternal, L50, F|100/100\n|turn|3\n|\n|t:|1776364509\n|detailschange|p1b: Floette|Floette-Mega, L50, F\n|-mega|p1b: Floette|Floette|Floettite\n|-ability|p1b: Floette|Fairy Aura\n|move|p1a: Talonflame|Acrobatics|p2b: Basculegion\n|-damage|p2b: Basculegion|58/100\n|move|p1b: Floette|Dazzling Gleam|p2a: Froslass|[spread] p2a,p2b\n|-damage|p2a: Froslass|43/100\n|-damage|p2b: Basculegion|7/100\n|-enditem|p2b: Basculegion|Sitrus Berry|[eat]\n|-heal|p2b: Basculegion|31/100|[from] item: Sitrus Berry\n|move|p2a: Froslass|Blizzard|p1b: Floette|[spread] p1a,p1b\n|-damage|p1a: Talonflame|0 fnt\n|-damage|p1b: Floette|71/100\n|faint|p1a: Talonflame\n|move|p2b: Basculegion|Wave Crash|p1b: Floette\n|-damage|p1b: Floette|0 fnt\n|faint|p1b: Floette\n|-damage|p2b: Basculegion|12/100|[from] Recoil\n|\n|-weather|Snowscape|[upkeep]\n|upkeep\n|\n|t:|1776364525\n|switch|p1b: Garchomp|Garchomp, L50, F|100/100\n|turn|4\n|\n|t:|1776364533\n|move|p2b: Basculegion|Aqua Jet|p1b: Garchomp\n|-damage|p1b: Garchomp|71/100\n|-damage|p2b: Basculegion|0 fnt|[from] ability: Rough Skin|[of] p1b: Garchomp\n|faint|p2b: Basculegion\n|move|p1b: Garchomp|Rock Slide|p2a: Froslass\n|-supereffective|p2a: Froslass|1\n|-crit|p2a: Froslass\n|-damage|p2a: Froslass|0 fnt\n|faint|p2a: Froslass\n|\n|-weather|Snowscape|[upkeep]\n|upkeep\n|\n|t:|1776364541\n|switch|p2a: Sneasler|Sneasler, L50, F|100/100\n|switch|p2b: Kingambit|Kingambit, L50, F|100/100\n|turn|5\n|\n|t:|1776364552\n|move|p2a: Sneasler|Fake Out|p1b: Garchomp\n|-crit|p1b: Garchomp\n|-damage|p1b: Garchomp|48/100\n|-damage|p2a: Sneasler|88/100|[from] ability: Rough Skin|[of] p1b: Garchomp\n|cant|p1b: Garchomp|flinch\n|move|p2b: Kingambit|Kowtow Cleave|p1b: Garchomp\n|-damage|p1b: Garchomp|0 fnt\n|-damage|p2b: Kingambit|88/100|[from] ability: Rough Skin|[of] p1b: Garchomp\n|faint|p1b: Garchomp\n|\n|win|miredsvgc\n|raw|4isspecial's rating: 1487 &rarr; <strong>1465</strong><br />(-22 for losing)\n|raw|miredsvgc's rating: 1446 &rarr; <strong>1468</strong><br />(+22 for winning)\n|l|\u2606miredsvgc\n|player|p2|\n",
  "uploadtime": 1776364567,
  "views": 52,
  "formatid": "gen9championsvgc2026regma",
  "rating": 1465,
  "private": 0,
  "password": null
}