{
  "id": "gen9championsvgc2026regma-2583978904",
  "format": "[Gen 9 Champions] VGC 2026 Reg M-A",
  "players": [
    "ADUSTTHUNDA",
    "ZeroGospel"
  ],
  "log": "|j|\u2606ADUSTTHUNDA\n|j|\u2606ZeroGospel\n|t:|1776213677\n|gametype|doubles\n|player|p1|ADUSTTHUNDA|infielder|1188\n|player|p2|ZeroGospel|266|1148\n|gen|9\n|tier|[Gen 9 Champions] VGC 2026 Reg M-A\n|rated|\n|rule|Species Clause: Limit one of each Pok\u00e9mon\n|rule|Item Clause: Limit 1 of each item\n|clearpoke\n|poke|p1|Tyranitar, L50, F|\n|poke|p1|Sylveon, L50, F|\n|poke|p1|Sinistcha-Masterpiece, L50|\n|poke|p1|Rotom-Wash, L50|\n|poke|p1|Incineroar, L50, M|\n|poke|p1|Excadrill, L50, F|\n|poke|p2|Garchomp, L50, M|\n|poke|p2|Aerodactyl, L50, M|\n|poke|p2|Orthworm, L50, F|\n|poke|p2|Delphox, L50, F|\n|poke|p2|Basculegion, L50, M|\n|poke|p2|Clefable, L50, M|\n|teampreview|4\n|inactive|Battle timer is ON: inactive players will automatically lose when time's up. (requested by ADUSTTHUNDA)\n|\n|t:|1776213716\n|teamsize|p1|4\n|teamsize|p2|4\n|start\n|switch|p1a: Ryu|Sylveon, L50, F|100/100\n|switch|p1b: Rotom|Rotom-Wash, L50|100/100\n|switch|p2a: Garchomp|Garchomp, L50, M|100/100\n|switch|p2b: Basculegion|Basculegion, L50, M|100/100\n|turn|1\n|\n|t:|1776213730\n|switch|p1b: Incineroar|Incineroar, L50, M|100/100\n|-ability|p1b: Incineroar|Intimidate|boost\n|-unboost|p2a: Garchomp|atk|1\n|-unboost|p2b: Basculegion|atk|1\n|move|p2b: Basculegion|Flip Turn|p1a: Ryu\n|-damage|p1a: Ryu|57/100\n|\n|t:|1776213737\n|switch|p2b: Orthworm|Orthworm, L50, F|100/100|[from] Flip Turn\n|move|p2a: Garchomp|Earthquake|p1a: Ryu|[spread] p1a,p1b\n|-immune|p2b: Orthworm|[from] ability: Earth Eater\n|-supereffective|p1b: Incineroar|1\n|-damage|p1a: Ryu|16/100\n|-damage|p1b: Incineroar|53/100\n|move|p1a: Ryu|Hyper Voice|p2a: Garchomp|[spread] p2a,p2b\n|-supereffective|p2a: Garchomp|1\n|-resisted|p2b: Orthworm|1\n|-damage|p2a: Garchomp|0 fnt\n|-damage|p2b: Orthworm|71/100\n|faint|p2a: Garchomp\n|\n|upkeep\n|\n|t:|1776213748\n|switch|p2a: Basculegion|Basculegion, L50, M|100/100\n|turn|2\n|\n|t:|1776213758\n|move|p1a: Ryu|Protect|p1a: Ryu\n|-singleturn|p1a: Ryu|Protect\n|move|p2a: Basculegion|Flip Turn|p1b: Incineroar\n|-supereffective|p1b: Incineroar|1\n|-damage|p1b: Incineroar|0 fnt\n|faint|p1b: Incineroar\n|\n|t:|1776213769\n|switch|p2a: Delphox|Delphox, L50, F|100/100|[from] Flip Turn\n|move|p2b: Orthworm|Shed Tail|p2b: Orthworm\n|-start|p2b: Orthworm|Substitute|[from] move: Shed Tail\n|-damage|p2b: Orthworm|21/100\n|\n|t:|1776213774\n|switch|p2b: Basculegion|Basculegion, L50, M|100/100|[from] Shed Tail\n|\n|upkeep\n|\n|t:|1776213777\n|switch|p1b: Sinistcha|Sinistcha-Masterpiece, L50|100/100\n|-heal|p1a: Ryu|41/100|[from] ability: Hospitality|[of] p1b: Sinistcha\n|turn|3\n|\n|t:|1776213791\n|detailschange|p2a: Delphox|Delphox-Mega, L50, F\n|-mega|p2a: Delphox|Delphox|Delphoxite\n|move|p1a: Ryu|Protect|p1a: Ryu\n|-singleturn|p1a: Ryu|Protect\n|move|p2b: Basculegion|Flip Turn|p1a: Ryu\n|-activate|p1a: Ryu|move: Protect\n|move|p2a: Delphox|Heat Wave|p1b: Sinistcha|[spread] p1b\n|-activate|p1a: Ryu|move: Protect\n|-supereffective|p1b: Sinistcha|1\n|-damage|p1b: Sinistcha|2/100\n|-enditem|p1b: Sinistcha|Sitrus Berry|[eat]\n|-heal|p1b: Sinistcha|26/100|[from] item: Sitrus Berry\n|move|p1b: Sinistcha|Trick Room|p1b: Sinistcha\n|-fieldstart|move: Trick Room|[of] p1b: Sinistcha\n|\n|upkeep\n|turn|4\n|\n|t:|1776213816\n|move|p2a: Delphox|Protect|p2a: Delphox\n|-singleturn|p2a: Delphox|Protect\n|move|p1b: Sinistcha|Life Dew|p1b: Sinistcha|[spread] p1a,p1b\n|-heal|p1a: Ryu|66/100\n|-heal|p1b: Sinistcha|52/100\n|move|p1a: Ryu|Hyper Voice|p2a: Delphox|[spread] p2b\n|-activate|p2a: Delphox|move: Protect\n|-damage|p2b: Basculegion|40/100\n|move|p2b: Basculegion|Flip Turn|p1b: Sinistcha\n|-resisted|p1b: Sinistcha|1\n|-damage|p1b: Sinistcha|37/100\n|\n|t:|1776213828\n|switch|p2b: Orthworm|Orthworm, L50, F|21/100|[from] Flip Turn\n|\n|upkeep\n|turn|5\n|\n|t:|1776213836\n|move|p2b: Orthworm|Helping Hand|p2a: Delphox\n|-singleturn|p2a: Delphox|Helping Hand|[of] p2b: Orthworm\n|move|p1b: Sinistcha|Life Dew|p1b: Sinistcha|[spread] p1a,p1b\n|-heal|p1a: Ryu|92/100\n|-heal|p1b: Sinistcha|62/100\n|move|p1a: Ryu|Hyper Voice|p2b: Orthworm|[spread] p2a,p2b\n|-resisted|p2a: Delphox|1\n|-resisted|p2b: Orthworm|1\n|-damage|p2a: Delphox|75/100\n|-damage|p2b: Orthworm|0 fnt\n|faint|p2b: Orthworm\n|move|p2a: Delphox|Heat Wave|p1b: Sinistcha|[spread] p1a,p1b\n|-supereffective|p1b: Sinistcha|1\n|-damage|p1a: Ryu|37/100\n|-damage|p1b: Sinistcha|0 fnt\n|faint|p1b: Sinistcha\n|\n|upkeep\n|\n|t:|1776213849\n|switch|p1b: Rotom|Rotom-Wash, L50|100/100\n|switch|p2b: Basculegion|Basculegion, L50, M|40/100\n|turn|6\n|\n|t:|1776213863\n|move|p2a: Delphox|Protect|p2a: Delphox\n|-singleturn|p2a: Delphox|Protect\n|move|p1b: Rotom|Hydro Pump|p2a: Delphox\n|-activate|p2a: Delphox|move: Protect\n|move|p1a: Ryu|Hyper Voice|p2b: Basculegion|[spread] p2b\n|-activate|p2a: Delphox|move: Protect\n|-damage|p2b: Basculegion|0 fnt\n|faint|p2b: Basculegion\n|\n|upkeep\n|turn|7\n|\n|t:|1776213877\n|move|p1b: Rotom|Hydro Pump|p2a: Delphox\n|-supereffective|p2a: Delphox|1\n|-damage|p2a: Delphox|0 fnt\n|faint|p2a: Delphox\n|\n|win|ADUSTTHUNDA\n|raw|ADUSTTHUNDA's rating: 1188 &rarr; <strong>1210</strong><br />(+22 for winning)\n|raw|ZeroGospel's rating: 1148 &rarr; <strong>1126</strong><br />(-22 for losing)\n|l|\u2606ZeroGospel\n|player|p2|\n",
  "uploadtime": 1776213884,
  "views": 17,
  "formatid": "gen9championsvgc2026regma",
  "rating": 1126,
  "private": 0,
  "password": null
}