{
  "id": "gen9championsvgc2026regma-2588175839",
  "format": "[Gen 9 Champions] VGC 2026 Reg M-A",
  "players": [
    "NotMugen",
    "monfernep"
  ],
  "log": "|j|\u2606NotMugen\n|j|\u203dmonfernep\n|t:|1776611641\n|gametype|doubles\n|player|p1|NotMugen|n|1013\n|player|p2|monfernep|skyla|1097\n|gen|9\n|tier|[Gen 9 Champions] VGC 2026 Reg M-A\n|rated|\n|rule|Species Clause: Limit one of each Pok\u00e9mon\n|rule|Item Clause: Limit 1 of each item\n|clearpoke\n|poke|p1|Sinistcha, L50|\n|poke|p1|Tyranitar, L50, M|\n|poke|p1|Incineroar, L50, F|\n|poke|p1|Excadrill, L50, M|\n|poke|p1|Corviknight, L50, M|\n|poke|p1|Dragonite, L50, F|\n|poke|p2|Crabominable, L50, M, shiny|\n|poke|p2|Arcanine, L50, M|\n|poke|p2|Slowking, L50, F|\n|poke|p2|Azumarill, L50, F|\n|poke|p2|Cofagrigus, L50, M|\n|poke|p2|Ariados, L50, M|\n|teampreview|4\n|\n|t:|1776611678\n|teamsize|p1|4\n|teamsize|p2|4\n|start\n|switch|p1a: Aouga|Incineroar, L50, F|100/100\n|switch|p1b: Big T|Tyranitar, L50, M|100/100\n|switch|p2a: Cofagrigus|Cofagrigus, L50, M|100/100\n|switch|p2b: Ariados|Ariados, L50, M|100/100\n|-weather|Sandstorm|[from] ability: Sand Stream|[of] p1b: Big T\n|-ability|p1a: Aouga|Intimidate|boost\n|-unboost|p2a: Cofagrigus|atk|1\n|-unboost|p2b: Ariados|atk|1\n|turn|1\n|\n|t:|1776611695\n|detailschange|p1b: Big T|Tyranitar-Mega, L50, M\n|-mega|p1b: Big T|Tyranitar|Tyranitarite\n|move|p1a: Aouga|Fake Out|p2b: Ariados\n|-damage|p2b: Ariados|83/100\n|cant|p2b: Ariados|flinch\n|move|p1b: Big T|Knock Off|p2a: Cofagrigus\n|-supereffective|p2a: Cofagrigus|1\n|-damage|p2a: Cofagrigus|0 fnt\n|-activate|p2a: Cofagrigus|ability: Mummy|p1b: Big T|[ability] Sand Stream\n|-enditem|p2a: Cofagrigus|Shell Bell|[from] move: Knock Off|[of] p1b: Big T\n|faint|p2a: Cofagrigus\n|\n|-weather|Sandstorm|[upkeep]\n|-damage|p1a: Aouga|95/100|[from] Sandstorm\n|-damage|p2b: Ariados|77/100|[from] Sandstorm\n|upkeep\n|\n|t:|1776611700\n|switch|p2a: Crabominable|Crabominable, L50, M, shiny|100/100\n|turn|2\n|\n|t:|1776611714\n|detailschange|p2a: Crabominable|Crabominable-Mega, L50, M, shiny\n|-mega|p2a: Crabominable|Crabominable|Crabominite\n|move|p1b: Big T|Protect|p1b: Big T\n|-singleturn|p1b: Big T|Protect\n|move|p2b: Ariados|Rage Powder|p2b: Ariados\n|-singleturn|p2b: Ariados|move: Rage Powder\n|move|p1a: Aouga|Flare Blitz|p2b: Ariados\n|-supereffective|p2b: Ariados|1\n|-damage|p2b: Ariados|0 fnt\n|faint|p2b: Ariados\n|-damage|p1a: Aouga|72/100|[from] Recoil\n|move|p2a: Crabominable|Bulk Up|p2a: Crabominable\n|-boost|p2a: Crabominable|atk|1\n|-boost|p2a: Crabominable|def|1\n|\n|-weather|Sandstorm|[upkeep]\n|-damage|p1a: Aouga|66/100|[from] Sandstorm\n|-damage|p2a: Crabominable|94/100|[from] Sandstorm\n|upkeep\n|\n|t:|1776611724\n|switch|p2b: Azumarill|Azumarill, L50, F|100/100\n|turn|3\n|\n|t:|1776611737\n|move|p2a: Crabominable|Mach Punch|p1a: Aouga\n|-supereffective|p1a: Aouga|1\n|-damage|p1a: Aouga|0 fnt\n|faint|p1a: Aouga\n|move|p1b: Big T|Rock Slide|p2a: Crabominable|[spread] p2a,p2b\n|-damage|p2a: Crabominable|76/100\n|-damage|p2b: Azumarill|61/100\n|move|p2b: Azumarill|Belly Drum|p2b: Azumarill\n|-damage|p2b: Azumarill|11/100\n|-setboost|p2b: Azumarill|atk|6|[from] move: Belly Drum\n|\n|-weather|Sandstorm|[upkeep]\n|-damage|p2b: Azumarill|6/100|[from] Sandstorm\n|-damage|p2a: Crabominable|70/100|[from] Sandstorm\n|upkeep\n|\n|t:|1776611751\n|switch|p1a: Bird|Corviknight, L50, M|100/100\n|turn|4\n|\n|t:|1776611765\n|move|p1b: Big T|Protect|p1b: Big T\n|-singleturn|p1b: Big T|Protect\n|move|p2b: Azumarill|Aqua Jet|p1a: Bird\n|-damage|p1a: Bird|0 fnt\n|faint|p1a: Bird\n|move|p2a: Crabominable|Drain Punch|p1b: Big T\n|-activate|p1b: Big T|move: Protect\n|\n|-weather|Sandstorm|[upkeep]\n|-damage|p2b: Azumarill|0 fnt|[from] Sandstorm\n|-damage|p2a: Crabominable|64/100|[from] Sandstorm\n|faint|p2b: Azumarill\n|upkeep\n|\n|t:|1776611773\n|switch|p1a: General Sipper|Sinistcha, L50|100/100\n|turn|5\n|\n|t:|1776611793\n|move|p1b: Big T|Rock Slide|p2a: Crabominable\n|-damage|p2a: Crabominable|39/100\n|move|p1a: General Sipper|Shadow Ball|p2a: Crabominable\n|-damage|p2a: Crabominable|9/100\n|move|p2a: Crabominable|Ice Hammer|p1a: General Sipper\n|-supereffective|p1a: General Sipper|1\n|-damage|p1a: General Sipper|0 fnt\n|-unboost|p2a: Crabominable|spe|1\n|faint|p1a: General Sipper\n|\n|-weather|none\n|upkeep\n|turn|6\n|\n|t:|1776611805\n|move|p2a: Crabominable|Mach Punch|p1b: Big T\n|-supereffective|p1b: Big T|2\n|-damage|p1b: Big T|0 fnt\n|-activate|p1b: Big T|ability: Mummy|p2a: Crabominable|[ability] Iron Fist\n|faint|p1b: Big T\n|\n|win|monfernep\n|raw|NotMugen's rating: 1013 &rarr; <strong>1004</strong><br />(-9 for losing)\n|raw|monfernep's rating: 1097 &rarr; <strong>1116</strong><br />(+19 for winning)\n|l|\u2606NotMugen\n|player|p1|\n|l|\u203dmonfernep\n|player|p2|\n|j|\u203dmonfernep\n|player|p2|monfernep|skyla|\n|n|\u203dmonfernep|monfernep\n",
  "uploadtime": 1776611838,
  "views": 10,
  "formatid": "gen9championsvgc2026regma",
  "rating": 1004,
  "private": 0,
  "password": null
}