{
  "id": "gen9championsvgc2026regma-2586812170",
  "format": "[Gen 9 Champions] VGC 2026 Reg M-A",
  "players": [
    "Kyus",
    "askeru"
  ],
  "log": "|j|\u203dKyus\n|j|\u2606askeru\n|t:|1776461917\n|gametype|doubles\n|player|p1|Kyus|adaman|1067\n|player|p2|askeru|aromalady|1087\n|gen|9\n|tier|[Gen 9 Champions] VGC 2026 Reg M-A\n|rated|\n|rule|Species Clause: Limit one of each Pok\u00e9mon\n|rule|Item Clause: Limit 1 of each item\n|clearpoke\n|poke|p1|Aromatisse, L50, F|\n|poke|p1|Chesnaught, L50, M|\n|poke|p1|Empoleon, L50, M|\n|poke|p1|Forretress, L50, M|\n|poke|p1|Chandelure, L50, F|\n|poke|p1|Zoroark-Hisui, L50, F|\n|poke|p2|Gardevoir, L50, F|\n|poke|p2|Ninetales-Alola, L50, F|\n|poke|p2|Corviknight, L50, F|\n|poke|p2|Sneasler, L50, M|\n|poke|p2|Umbreon, L50, F|\n|poke|p2|Clefable, L50, F|\n|teampreview|4\naskeru rejected open team sheets.\n|\n|t:|1776461959\n|teamsize|p1|4\n|teamsize|p2|4\n|start\n|switch|p1a: Empoleon|Empoleon, L50, M|100/100\n|switch|p1b: Forretress|Forretress, L50, M|100/100\n|switch|p2a: Ninetales|Ninetales-Alola, L50, F|100/100\n|switch|p2b: Umbreon|Umbreon, L50, F|100/100\n|-weather|Snowscape|[from] ability: Snow Warning|[of] p2a: Ninetales\n|turn|1\n|\n|t:|1776461986\n|move|p1b: Forretress|Nasty Plot|p1b: Forretress\n|-boost|p1b: Forretress|spa|2\n|move|p2a: Ninetales|Aurora Veil|p2a: Ninetales\n|-sidestart|p2: askeru|move: Aurora Veil\n|move|p2b: Umbreon|Yawn|p1a: Empoleon\n|-start|p1a: Empoleon|move: Yawn|[of] p2b: Umbreon\n|move|p1a: Empoleon|Stealth Rock|p2b: Umbreon\n|-sidestart|p2: askeru|move: Stealth Rock\n|\n|-weather|Snowscape|[upkeep]\n|upkeep\n|turn|2\n|c|\u2606askeru|oh\n|c|\u2606askeru|hell\n|c|\u2606askeru|nawl\n|c|\u2606askeru|HES GONNA BLOW\n|\n|t:|1776462023\n|move|p1b: Forretress|Protect|p1b: Forretress\n|-singleturn|p1b: Forretress|Protect\n|move|p2a: Ninetales|Fake Tears|p1a: Empoleon\n|-unboost|p1a: Empoleon|spd|2\n|-ability|p1a: Empoleon|Competitive|boost\n|-boost|p1a: Empoleon|spa|2\n|move|p2b: Umbreon|Snarl|p1b: Forretress|[spread] p1a\n|-activate|p1b: Forretress|move: Protect\n|-damage|p1a: Empoleon|84/100\n|-unboost|p1a: Empoleon|spa|1\n|-ability|p1a: Empoleon|Competitive|boost\n|-boost|p1a: Empoleon|spa|2\n|move|p1a: Empoleon|Flip Turn|p2a: Ninetales\n|-damage|p2a: Ninetales|90/100\n|\n|t:|1776462042\n|switch|p1a: Forretress|Forretress, L50, M|100/100|[from] Flip Turn\n|\n|-weather|Snowscape|[upkeep]\n|upkeep\n|turn|3\n|c|\u2606askeru|LOL\n|l|\u203dKyus\n|player|p1|\n|\n|t:|1776462083\n|move|p2a: Ninetales|Protect|p2a: Ninetales\n|-singleturn|p2a: Ninetales|Protect\n|move|p1b: Forretress|Bitter Malice|p2a: Ninetales\n|-activate|p2a: Ninetales|move: Protect\n|move|p2b: Umbreon|Yawn|p1b: Forretress\n|-start|p1b: Forretress|move: Yawn|[of] p2b: Umbreon\n|move|p1a: Forretress|Toxic Spikes|p2b: Umbreon\n|-sidestart|p2: askeru|move: Toxic Spikes\n|\n|-weather|Snowscape|[upkeep]\n|upkeep\n|turn|4\n|j|\u2606Kyus\n|player|p1|Kyus|adaman|\n|\n|t:|1776462102\n|move|p1b: Forretress|Bitter Malice|p2a: Ninetales\n|-damage|p2a: Ninetales|41/100\n|-unboost|p2a: Ninetales|atk|1\n|move|p2a: Ninetales|Fake Tears|p1a: Forretress\n|-unboost|p1a: Forretress|spd|2\n|move|p2b: Umbreon|Yawn||[still]\n|-fail|p2b: Umbreon\n|move|p1a: Forretress|Toxic Spikes|p2a: Ninetales\n|-sidestart|p2: askeru|move: Toxic Spikes\n|\n|-weather|Snowscape|[upkeep]\n|-end|p1b: Forretress|move: Yawn|[silent]\n|-status|p1b: Forretress|slp\n|upkeep\n|turn|5\n|\n|t:|1776462131\n|switch|p2a: Corviknight|Corviknight, L50, F|100/100\n|-damage|p2a: Corviknight|88/100|[from] Stealth Rock\n|cant|p1b: Forretress|slp\n|move|p2b: Umbreon|Yawn|p1a: Forretress\n|-start|p1a: Forretress|move: Yawn|[of] p2b: Umbreon\n|move|p1a: Forretress|Gyro Ball|p2a: Corviknight\n|-resisted|p2a: Corviknight|1\n|-damage|p2a: Corviknight|85/100\n|\n|-weather|none\n|-sideend|p2: askeru|move: Aurora Veil\n|upkeep\n|turn|6\n|\n|t:|1776462152\n|cant|p1b: Forretress|slp\n|move|p2a: Corviknight|Tailwind|p2a: Corviknight\n|-sidestart|p2: askeru|move: Tailwind\n|move|p2b: Umbreon|Wish|p2b: Umbreon\n|move|p1a: Forretress|Thunder Wave|p2b: Umbreon\n|-status|p2b: Umbreon|par\n|\n|-end|p1a: Forretress|move: Yawn|[silent]\n|-status|p1a: Forretress|slp\n|upkeep\n|turn|7\n|\n|t:|1776462178\n|switch|p2a: Gardevoir|Gardevoir, L50, F|100/100\n|-damage|p2a: Gardevoir|88/100|[from] Stealth Rock\n|-status|p2a: Gardevoir|tox\n|-ability|p2a: Gardevoir|Sturdy|Trace|[from] ability: Trace|[of] p1a: Forretress\n|switch|p2b: Ninetales|Ninetales-Alola, L50, F|41/100\n|-damage|p2b: Ninetales|16/100|[from] Stealth Rock\n|-status|p2b: Ninetales|tox\n|-weather|Snowscape|[from] ability: Snow Warning|[of] p2b: Ninetales\n|-curestatus|p1b: Forretress|slp|[msg]\n|move|p1b: Forretress|Bitter Malice|p2a: Gardevoir\n|-supereffective|p2a: Gardevoir|1\n|-damage|p2a: Gardevoir|0 fnt\n|faint|p2a: Gardevoir\n|cant|p1a: Forretress|slp\n|\n|-weather|Snowscape|[upkeep]\n|-heal|p2b: Ninetales|72/100 tox|[from] move: Wish|[wisher] Umbreon\n|-damage|p2b: Ninetales|66/100 tox|[from] psn\n|upkeep\n|c|\u2606askeru|holy FAWK\n|c|\u2606Kyus|this is the power of forretress\n|\n|t:|1776462204\n|switch|p2a: Umbreon|Umbreon, L50, F|100/100 par\n|-damage|p2a: Umbreon|88/100 par|[from] Stealth Rock\n|turn|8\n|\n|t:|1776462223\n|move|p2b: Ninetales|Aurora Veil|p2b: Ninetales\n|-sidestart|p2: askeru|move: Aurora Veil\n|move|p1b: Forretress|Bitter Malice|p2a: Umbreon\n|-resisted|p2a: Umbreon|1\n|-damage|p2a: Umbreon|71/100 par\n|-unboost|p2a: Umbreon|atk|1\n|move|p2a: Umbreon|Yawn|p1b: Forretress\n|-start|p1b: Forretress|move: Yawn|[of] p2a: Umbreon\n|-curestatus|p1a: Forretress|slp|[msg]\n|move|p1a: Forretress|Gyro Ball|p2b: Ninetales\n|-supereffective|p2b: Ninetales|2\n|-damage|p2b: Ninetales|0 fnt\n|faint|p2b: Ninetales\n|\n|-weather|Snowscape|[upkeep]\n|-heal|p2a: Umbreon|77/100 par|[from] item: Leftovers\n|upkeep\n|\n|t:|1776462239\n|switch|p2b: Corviknight|Corviknight, L50, F|85/100\n|-damage|p2b: Corviknight|73/100|[from] Stealth Rock\n|turn|9\n|\n|t:|1776462253\n|move|p1b: Forretress|Bitter Malice|p2b: Corviknight\n|-damage|p2b: Corviknight|19/100\n|-ability|p2b: Corviknight|Mirror Armor\n|-unboost|p1b: Forretress|atk|1\n|move|p2b: Corviknight|Brave Bird|p1b: Forretress\n|-damage|p1b: Forretress|0 fnt\n|replace|p1b: Zoroark|Zoroark-Hisui, L50, F\n|-end|p1b: Zoroark|Illusion\n|faint|p1b: Zoroark\n|-damage|p2b: Corviknight|0 fnt|[from] Recoil\n|faint|p2b: Corviknight\n|move|p2a: Umbreon|Snarl|p1a: Forretress\n|-damage|p1a: Forretress|60/100\n|-unboost|p1a: Forretress|spa|1\n|move|p1a: Forretress|Thunder Wave|p2a: Umbreon|[miss]\n|-miss|p1a: Forretress|p2a: Umbreon\n|\n|-weather|Snowscape|[upkeep]\n|-heal|p2a: Umbreon|83/100 par|[from] item: Leftovers\n|-sideend|p2: askeru|move: Tailwind\n|upkeep\n|c|\u2606askeru|i wanna go hoooOoome\n|c|\u2606askeru|*crying*\n|\n|t:|1776462273\n|switch|p1b: Chandelure|Chandelure, L50, F, shiny|100/100\n|turn|10\n|\n|t:|1776462284\n|detailschange|p1b: Chandelure|Chandelure-Mega, L50, F, shiny\n|-mega|p1b: Chandelure|Chandelure|Chandelurite\n|move|p1b: Chandelure|Heat Wave|p2a: Umbreon\n|-damage|p2a: Umbreon|43/100 par\n|move|p1a: Forretress|Gyro Ball|p2a: Umbreon\n|-damage|p2a: Umbreon|39/100 par\n|move|p2a: Umbreon|Foul Play|p1b: Chandelure\n|-supereffective|p1b: Chandelure|1\n|-damage|p1b: Chandelure|48/100\n|\n|-weather|Snowscape|[upkeep]\n|-heal|p2a: Umbreon|45/100 par|[from] item: Leftovers\n|upkeep\n|turn|11\n|\n|t:|1776462297\n|move|p1b: Chandelure|Heat Wave|p2a: Umbreon|[miss]\n|-miss|p1b: Chandelure|p2a: Umbreon\n|move|p1a: Forretress|Gyro Ball|p2a: Umbreon\n|-damage|p2a: Umbreon|42/100 par\n|move|p2a: Umbreon|Wish|p2a: Umbreon\n|\n|-weather|none\n|-heal|p2a: Umbreon|48/100 par|[from] item: Leftovers\n|upkeep\n|turn|12\n|\n|t:|1776462310\n|move|p1b: Chandelure|Heat Wave|p2a: Umbreon\n|-damage|p2a: Umbreon|13/100 par\n|move|p1a: Forretress|Gyro Ball|p2a: Umbreon\n|-damage|p2a: Umbreon|10/100 par\n|move|p2a: Umbreon|Yawn|p1a: Forretress\n|-start|p1a: Forretress|move: Yawn|[of] p2a: Umbreon\n|\n|-heal|p2a: Umbreon|60/100 par|[from] move: Wish|[wisher] Umbreon\n|-heal|p2a: Umbreon|66/100 par|[from] item: Leftovers\n|-sideend|p2: askeru|move: Aurora Veil\n|upkeep\n|turn|13\n|\n|t:|1776462327\n|move|p1b: Chandelure|Heat Wave|p2a: Umbreon|[miss]\n|-miss|p1b: Chandelure|p2a: Umbreon\n|move|p1a: Forretress|Gyro Ball|p2a: Umbreon\n|-crit|p2a: Umbreon\n|-damage|p2a: Umbreon|58/100 par\n|cant|p2a: Umbreon|par\n|\n|-heal|p2a: Umbreon|64/100 par|[from] item: Leftovers\n|-end|p1a: Forretress|move: Yawn|[silent]\n|-status|p1a: Forretress|slp\n|upkeep\n|turn|14\n|\n|t:|1776462338\n|move|p1b: Chandelure|Calm Mind|p1b: Chandelure\n|-boost|p1b: Chandelure|spa|1\n|-boost|p1b: Chandelure|spd|1\n|cant|p1a: Forretress|slp\n|move|p2a: Umbreon|Wish|p2a: Umbreon\n|\n|-heal|p2a: Umbreon|70/100 par|[from] item: Leftovers\n|upkeep\n|turn|15\n|\n|t:|1776462349\n|move|p1b: Chandelure|Calm Mind|p1b: Chandelure\n|-boost|p1b: Chandelure|spa|1\n|-boost|p1b: Chandelure|spd|1\n|-curestatus|p1a: Forretress|slp|[msg]\n|move|p1a: Forretress|Gyro Ball|p2a: Umbreon\n|-damage|p2a: Umbreon|65/100 par\n|move|p2a: Umbreon|Yawn|p1b: Chandelure\n|-start|p1b: Chandelure|move: Yawn|[of] p2a: Umbreon\n|\n|-heal|p2a: Umbreon|100/100 par|[from] move: Wish|[wisher] Umbreon\n|upkeep\n|turn|16\n|\n|t:|1776462362\n|move|p1b: Chandelure|Heat Wave|p2a: Umbreon|[miss]\n|-miss|p1b: Chandelure|p2a: Umbreon\n|move|p1a: Forretress|Gyro Ball|p2a: Umbreon\n|-damage|p2a: Umbreon|96/100 par\n|move|p2a: Umbreon|Wish|p2a: Umbreon\n|\n|-heal|p2a: Umbreon|100/100 par|[from] item: Leftovers\n|-end|p1b: Chandelure|move: Yawn|[silent]\n|-status|p1b: Chandelure|slp\n|upkeep\n|turn|17\n|\n|t:|1776462380\n|cant|p1b: Chandelure|slp\n|move|p1a: Forretress|Rapid Spin|p2a: Umbreon\n|-damage|p2a: Umbreon|93/100 par\n|-boost|p1a: Forretress|spe|1\n|move|p2a: Umbreon|Foul Play|p1b: Chandelure\n|-supereffective|p1b: Chandelure|1\n|-damage|p1b: Chandelure|0 fnt\n|faint|p1b: Chandelure\n|\n|-heal|p2a: Umbreon|100/100 par|[from] move: Wish|[wisher] Umbreon\n|upkeep\n|\n|t:|1776462387\n|switch|p1b: Empoleon|Empoleon, L50, M|84/100\n|turn|18\n|\n|t:|1776462395\n|move|p1a: Forretress|Rapid Spin|p2a: Umbreon\n|-damage|p2a: Umbreon|93/100 par\n|-boost|p1a: Forretress|spe|1\n|move|p1b: Empoleon|Surf|p2a: Umbreon|[spread] p1a,p2a\n|-damage|p1a: Forretress|0 fnt\n|-damage|p2a: Umbreon|78/100 par\n|faint|p1a: Forretress\n|move|p2a: Umbreon|Yawn|p1b: Empoleon\n|-start|p1b: Empoleon|move: Yawn|[of] p2a: Umbreon\n|\n|-heal|p2a: Umbreon|84/100 par|[from] item: Leftovers\n|upkeep\n|turn|19\n|c|\u2606Kyus|so this is the power of umbreon\n|-message|Kyus forfeited.\n|\n|win|askeru\n|raw|Kyus's rating: 1067 &rarr; <strong>1048</strong><br />(-19 for losing)\n|raw|askeru's rating: 1087 &rarr; <strong>1112</strong><br />(+25 for winning)\n|l|\u2606Kyus\n|player|p1|\n|c|\u2606askeru|bro yes\n",
  "uploadtime": 1776462596,
  "views": 22,
  "formatid": "gen9championsvgc2026regma",
  "rating": 1048,
  "private": 0,
  "password": null
}