{
  "id": "gen9championsvgc2026regma-2586930769",
  "format": "[Gen 9 Champions] VGC 2026 Reg M-A",
  "players": [
    "noRNGplz",
    "gallantman"
  ],
  "log": "|j|\u2606noRNGplz\n|j|\u2606gallantman\n|t:|1776472924\n|gametype|doubles\n|player|p1|noRNGplz|2|1442\n|player|p2|gallantman|lance|1384\n|gen|9\n|tier|[Gen 9 Champions] VGC 2026 Reg M-A\n|rated|\n|rule|Species Clause: Limit one of each Pok\u00e9mon\n|rule|Item Clause: Limit 1 of each item\n|clearpoke\n|poke|p1|Pidgeot, L50, F|\n|poke|p1|Goodra-Hisui, L50, M|\n|poke|p1|Sneasler, L50, F|\n|poke|p1|Basculegion, L50, M|\n|poke|p1|Incineroar, L50, M|\n|poke|p1|Sinistcha-Masterpiece, L50|\n|poke|p2|Tyranitar, L50, M|\n|poke|p2|Excadrill, L50, M|\n|poke|p2|Rotom-Mow, L50|\n|poke|p2|Corviknight, L50, M|\n|poke|p2|Milotic, L50, F|\n|poke|p2|Incineroar, L50, M|\n|teampreview|4\n|inactive|Battle timer is ON: inactive players will automatically lose when time's up. (requested by noRNGplz)\n|\n|t:|1776472956\n|teamsize|p1|4\n|teamsize|p2|4\n|start\n|switch|p1a: Sneasler|Sneasler, L50, F|100/100\n|switch|p1b: Goodra|Goodra-Hisui, L50, M|100/100\n|switch|p2a: Milotic|Milotic, L50, F|100/100\n|switch|p2b: Corviknight|Corviknight, L50, M|100/100\n|turn|1\n|\n|t:|1776472972\n|move|p1a: Sneasler|Fake Out|p2b: Corviknight\n|-resisted|p2b: Corviknight|1\n|-damage|p2b: Corviknight|95/100\n|move|p2a: Milotic|Scald|p1a: Sneasler\n|-damage|p1a: Sneasler|58/100\n|cant|p2b: Corviknight|flinch\n|move|p1b: Goodra|Shelter|p1b: Goodra\n|-boost|p1b: Goodra|def|2\n|\n|-heal|p2b: Corviknight|100/100|[from] item: Leftovers\n|upkeep\n|turn|2\n|\n|t:|1776472992\n|move|p1a: Sneasler|Protect|p1a: Sneasler\n|-singleturn|p1a: Sneasler|Protect\n|move|p2a: Milotic|Scald|p1a: Sneasler\n|-activate|p1a: Sneasler|move: Protect\n|move|p2b: Corviknight|Tailwind|p2b: Corviknight\n|-sidestart|p2: gallantman|move: Tailwind\n|move|p1b: Goodra|Shelter|p1b: Goodra\n|-boost|p1b: Goodra|def|2\n|\n|upkeep\n|turn|3\n|\n|t:|1776473006\n|switch|p1a: Sinistcha|Sinistcha-Masterpiece, L50|100/100\n|move|p2a: Milotic|Ice Beam|p1b: Goodra\n|-damage|p1b: Goodra|86/100\n|move|p2b: Corviknight|Iron Defense|p2b: Corviknight\n|-boost|p2b: Corviknight|def|2\n|move|p1b: Goodra|Body Press|p2b: Corviknight\n|-damage|p2b: Corviknight|70/100\n|\n|-heal|p2b: Corviknight|76/100|[from] item: Leftovers\n|-heal|p1b: Goodra|91/100|[from] item: Leftovers\n|upkeep\n|turn|4\n|\n|t:|1776473028\n|move|p1a: Sinistcha|Protect|p1a: Sinistcha\n|-singleturn|p1a: Sinistcha|Protect\n|move|p2a: Milotic|Ice Beam|p1a: Sinistcha\n|-activate|p1a: Sinistcha|move: Protect\n|move|p2b: Corviknight|Iron Defense|p2b: Corviknight\n|-boost|p2b: Corviknight|def|2\n|move|p1b: Goodra|Shelter|p1b: Goodra\n|-boost|p1b: Goodra|def|2\n|\n|-heal|p2b: Corviknight|81/100|[from] item: Leftovers\n|-heal|p1b: Goodra|97/100|[from] item: Leftovers\n|upkeep\n|turn|5\n|\n|t:|1776473042\n|switch|p1a: Sneasler|Sneasler, L50, F|58/100\n|move|p2a: Milotic|Ice Beam|p1a: Sneasler\n|-damage|p1a: Sneasler|30/100\n|move|p2b: Corviknight|Iron Defense|p2b: Corviknight\n|-boost|p2b: Corviknight|def|2\n|move|p1b: Goodra|Body Press|p2a: Milotic\n|-damage|p2a: Milotic|19/100\n|\n|-heal|p2b: Corviknight|87/100|[from] item: Leftovers\n|-heal|p1b: Goodra|100/100|[from] item: Leftovers\n|-sideend|p2: gallantman|move: Tailwind\n|upkeep\n|turn|6\n|\n|t:|1776473061\n|move|p1a: Sneasler|Close Combat|p2a: Milotic\n|-damage|p2a: Milotic|0 fnt\n|-unboost|p1a: Sneasler|def|1\n|-unboost|p1a: Sneasler|spd|1\n|faint|p2a: Milotic\n|-enditem|p1a: Sneasler|White Herb\n|-clearnegativeboost|p1a: Sneasler|[silent]\n|move|p2b: Corviknight|Body Press|p1b: Goodra\n|-supereffective|p1b: Goodra|1\n|-damage|p1b: Goodra|73/100\n|move|p1b: Goodra|Body Press|p2b: Corviknight\n|-damage|p2b: Corviknight|67/100\n|\n|-heal|p2b: Corviknight|73/100|[from] item: Leftovers\n|-heal|p1b: Goodra|79/100|[from] item: Leftovers\n|upkeep\n|\n|t:|1776473075\n|switch|p2a: Tyranitar|Tyranitar, L50, M, shiny|100/100\n|-weather|Sandstorm|[from] ability: Sand Stream|[of] p2a: Tyranitar\n|turn|7\n|\n|t:|1776473085\n|switch|p1a: Sinistcha|Sinistcha-Masterpiece, L50|100/100\n|-heal|p1b: Goodra|100/100|[from] ability: Hospitality|[of] p1a: Sinistcha\n|move|p2a: Tyranitar|Protect|p2a: Tyranitar\n|-singleturn|p2a: Tyranitar|Protect\n|move|p2b: Corviknight|Body Press|p1a: Sinistcha\n|-immune|p1a: Sinistcha\n|move|p1b: Goodra|Body Press|p2a: Tyranitar\n|-activate|p2a: Tyranitar|move: Protect\n|\n|-weather|Sandstorm|[upkeep]\n|-damage|p1a: Sinistcha|94/100|[from] Sandstorm\n|-heal|p2b: Corviknight|79/100|[from] item: Leftovers\n|upkeep\n|turn|8\n|\n|t:|1776473105\n|detailschange|p2a: Tyranitar|Tyranitar-Mega, L50, M, shiny\n|-mega|p2a: Tyranitar|Tyranitar|Tyranitarite\n|move|p1a: Sinistcha|Protect|p1a: Sinistcha\n|-singleturn|p1a: Sinistcha|Protect\n|move|p2a: Tyranitar|Knock Off|p1a: Sinistcha\n|-activate|p1a: Sinistcha|move: Protect\n|move|p2b: Corviknight|Body Press|p1b: Goodra\n|-supereffective|p1b: Goodra|1\n|-damage|p1b: Goodra|72/100\n|move|p1b: Goodra|Body Press|p2a: Tyranitar\n|-supereffective|p2a: Tyranitar|2\n|-damage|p2a: Tyranitar|0 fnt\n|faint|p2a: Tyranitar\n|\n|-weather|Sandstorm|[upkeep]\n|-damage|p1a: Sinistcha|88/100|[from] Sandstorm\n|-heal|p2b: Corviknight|85/100|[from] item: Leftovers\n|-heal|p1b: Goodra|78/100|[from] item: Leftovers\n|upkeep\n|\n|t:|1776473121\n|switch|p2a: Excadrill|Excadrill, L50, M|100/100\n|turn|9\n|\n|t:|1776473129\n|switch|p1a: Sneasler|Sneasler, L50, F|30/100\n|move|p2a: Excadrill|Earthquake|p1a: Sneasler|[spread] p1a,p1b\n|-immune|p2b: Corviknight\n|-supereffective|p1a: Sneasler|1\n|-supereffective|p1b: Goodra|1\n|-damage|p1a: Sneasler|0 fnt\n|-damage|p1b: Goodra|61/100\n|faint|p1a: Sneasler\n|move|p2b: Corviknight|Brave Bird|p1b: Goodra\n|-resisted|p1b: Goodra|1\n|-damage|p1b: Goodra|58/100\n|-damage|p2b: Corviknight|84/100|[from] Recoil\n|move|p1b: Goodra|Body Press|p2a: Excadrill\n|-supereffective|p2a: Excadrill|1\n|-enditem|p2a: Excadrill|Focus Sash\n|-damage|p2a: Excadrill|1/100\n|\n|-weather|Sandstorm|[upkeep]\n|-heal|p2b: Corviknight|90/100|[from] item: Leftovers\n|-heal|p1b: Goodra|64/100|[from] item: Leftovers\n|upkeep\n|\n|t:|1776473139\n|switch|p1a: Sinistcha|Sinistcha-Masterpiece, L50|88/100\n|-heal|p1b: Goodra|89/100|[from] ability: Hospitality|[of] p1a: Sinistcha\n|turn|10\n|\n|t:|1776473154\n|move|p2a: Excadrill|Protect|p2a: Excadrill\n|-singleturn|p2a: Excadrill|Protect\n|move|p1a: Sinistcha|Protect|p1a: Sinistcha\n|-singleturn|p1a: Sinistcha|Protect\n|move|p2b: Corviknight|Body Press|p1b: Goodra\n|-supereffective|p1b: Goodra|1\n|-damage|p1b: Goodra|60/100\n|move|p1b: Goodra|Body Press|p2a: Excadrill\n|-activate|p2a: Excadrill|move: Protect\n|\n|-weather|Sandstorm|[upkeep]\n|-damage|p1a: Sinistcha|82/100|[from] Sandstorm\n|-heal|p2b: Corviknight|96/100|[from] item: Leftovers\n|-heal|p1b: Goodra|66/100|[from] item: Leftovers\n|upkeep\n|turn|11\n|\n|t:|1776473170\n|move|p1b: Goodra|Protect|p1b: Goodra\n|-singleturn|p1b: Goodra|Protect\n|move|p2a: Excadrill|Earthquake|p1b: Goodra|[spread] p1a\n|-activate|p1b: Goodra|move: Protect\n|-immune|p2b: Corviknight\n|-resisted|p1a: Sinistcha|1\n|-damage|p1a: Sinistcha|62/100\n|move|p1a: Sinistcha|Matcha Gotcha|p2b: Corviknight|[spread] p2a,p2b\n|-resisted|p2b: Corviknight|2\n|-damage|p2a: Excadrill|0 fnt\n|-heal|p1a: Sinistcha|62/100|[from] drain|[of] p2a: Excadrill\n|-damage|p2b: Corviknight|91/100\n|-heal|p1a: Sinistcha|65/100|[from] drain|[of] p2b: Corviknight\n|faint|p2a: Excadrill\n|move|p2b: Corviknight|Brave Bird|p1a: Sinistcha\n|-supereffective|p1a: Sinistcha|1\n|-enditem|p1a: Sinistcha|Coba Berry|[eat]\n|-enditem|p1a: Sinistcha|Coba Berry|[weaken]\n|-damage|p1a: Sinistcha|30/100\n|-damage|p2b: Corviknight|80/100|[from] Recoil\n|\n|-weather|none\n|-heal|p2b: Corviknight|86/100|[from] item: Leftovers\n|-heal|p1b: Goodra|72/100|[from] item: Leftovers\n|upkeep\n|turn|12\n|\n|t:|1776473195\n|switch|p1a: Basculegion|Basculegion, L50, M|100/100\n|move|p2b: Corviknight|Tailwind|p2b: Corviknight\n|-sidestart|p2: gallantman|move: Tailwind\n|move|p1b: Goodra|Body Press|p2b: Corviknight\n|-damage|p2b: Corviknight|63/100\n|\n|-heal|p2b: Corviknight|69/100|[from] item: Leftovers\n|-heal|p1b: Goodra|78/100|[from] item: Leftovers\n|upkeep\n|turn|13\n|\n|t:|1776473213\n|move|p1b: Goodra|Protect|p1b: Goodra\n|-singleturn|p1b: Goodra|Protect\n|move|p1a: Basculegion|Last Respects|p2b: Corviknight\n|-damage|p2b: Corviknight|55/100\n|move|p2b: Corviknight|Brave Bird|p1a: Basculegion\n|-damage|p1a: Basculegion|54/100\n|-damage|p2b: Corviknight|40/100|[from] Recoil\n|\n|-heal|p2b: Corviknight|46/100|[from] item: Leftovers\n|-heal|p1b: Goodra|83/100|[from] item: Leftovers\n|upkeep\n|turn|14\n|-message|gallantman forfeited.\n|\n|win|noRNGplz\n|raw|noRNGplz's rating: 1442 &rarr; <strong>1459</strong><br />(+17 for winning)\n|raw|gallantman's rating: 1384 &rarr; <strong>1367</strong><br />(-17 for losing)\n|l|\u2606gallantman\n|player|p2|\n",
  "uploadtime": 1776473234,
  "views": 47,
  "formatid": "gen9championsvgc2026regma",
  "rating": 1367,
  "private": 0,
  "password": null
}