{
  "id": "gen9championsvgc2026regma-2580388998",
  "format": "[Gen 9 Champions] VGC 2026 Reg M-A",
  "players": [
    "Rogart",
    "Salamitotem"
  ],
  "log": "|j|\u2606Rogart\n|j|\u2606Salamitotem\n|t:|1775889158\n|gametype|doubles\n|player|p1|Rogart|blue|1000\n|player|p2|Salamitotem|102|1000\n|gen|9\n|tier|[Gen 9 Champions] VGC 2026 Reg M-A\n|rated|\n|rule|Species Clause: Limit one of each Pok\u00e9mon\n|rule|Item Clause: Limit 1 of each item\n|clearpoke\n|poke|p1|Crabominable, L50, M|\n|poke|p1|Farigiraf, L50, M|\n|poke|p1|Incineroar, L50, F|\n|poke|p1|Sinistcha, L50|\n|poke|p1|Basculegion, L50, M|\n|poke|p1|Garganacl, L50, M|\n|poke|p2|Aggron, L50, M|\n|poke|p2|Aerodactyl, L50, F|\n|poke|p2|Tyrantrum, L50, M|\n|poke|p2|Tyranitar, L50, M|\n|poke|p2|Lycanroc, L50, F|\n|poke|p2|Glimmora, L50, M|\n|teampreview|4\n|\n|t:|1775889200\n|teamsize|p1|4\n|teamsize|p2|4\n|start\n|switch|p1a: Farigiraf|Farigiraf, L50, M|100/100\n|switch|p1b: Sinistcha|Sinistcha, L50|100/100\n|switch|p2a: Glimmora|Glimmora, L50, M|100/100\n|switch|p2b: Tyranitar|Tyranitar, L50, M|100/100\n|-weather|Sandstorm|[from] ability: Sand Stream|[of] p2b: Tyranitar\n|turn|1\n|-activate|p2b: Tyranitar|item: Quick Claw\n|\n|t:|1775889233\n|move|p2b: Tyranitar|Protect|p2b: Tyranitar\n|-singleturn|p2b: Tyranitar|Protect\n|move|p1b: Sinistcha|Rage Powder|p1b: Sinistcha\n|-singleturn|p1b: Sinistcha|move: Rage Powder\n|move|p2a: Glimmora|Mortal Spin|p1b: Sinistcha|[spread] p1a,p1b\n|-damage|p1a: Farigiraf|96/100\n|-damage|p1b: Sinistcha|97/100\n|-status|p1a: Farigiraf|psn\n|-status|p1b: Sinistcha|psn\n|move|p1a: Farigiraf|Trick Room|p1a: Farigiraf\n|-fieldstart|move: Trick Room|[of] p1a: Farigiraf\n|\n|-weather|Sandstorm|[upkeep]\n|-damage|p1a: Farigiraf|90/100 psn|[from] Sandstorm\n|-damage|p1b: Sinistcha|90/100 psn|[from] Sandstorm\n|-damage|p1a: Farigiraf|78/100 psn|[from] psn\n|-damage|p1b: Sinistcha|78/100 psn|[from] psn\n|upkeep\n|turn|2\n|\n|t:|1775889260\n|switch|p1b: Crabominable|Crabominable, L50, M|100/100\n|move|p2a: Glimmora|Spiky Shield|p2a: Glimmora\n|-singleturn|p2a: Glimmora|move: Protect\n|move|p1a: Farigiraf|Psychic|p2a: Glimmora\n|-activate|p2a: Glimmora|move: Protect\n|move|p2b: Tyranitar|Ice Beam|p1b: Crabominable\n|-resisted|p1b: Crabominable|1\n|-damage|p1b: Crabominable|85/100\n|\n|-weather|Sandstorm|[upkeep]\n|-damage|p1b: Crabominable|79/100|[from] Sandstorm\n|-damage|p1a: Farigiraf|71/100 psn|[from] Sandstorm\n|-damage|p1a: Farigiraf|59/100 psn|[from] psn\n|upkeep\n|turn|3\n|\n|t:|1775889293\n|switch|p2a: Aggron|Aggron, L50, M|100/100\n|detailschange|p1b: Crabominable|Crabominable-Mega, L50, M\n|-mega|p1b: Crabominable|Crabominable|Crabominite\n|move|p2b: Tyranitar|Protect|p2b: Tyranitar\n|-singleturn|p2b: Tyranitar|Protect\n|move|p1b: Crabominable|Drain Punch|p2b: Tyranitar\n|-activate|p2b: Tyranitar|move: Protect\n|move|p1a: Farigiraf|Psychic|p2a: Aggron\n|-resisted|p2a: Aggron|1\n|-damage|p2a: Aggron|84/100\n|\n|-weather|Sandstorm|[upkeep]\n|-damage|p1b: Crabominable|73/100|[from] Sandstorm\n|-damage|p1a: Farigiraf|53/100 psn|[from] Sandstorm\n|-damage|p1a: Farigiraf|41/100 psn|[from] psn\n|upkeep\n|turn|4\n|\n|t:|1775889328\n|switch|p1a: Basculegion|Basculegion, L50, M|100/100\n|switch|p2b: Glimmora|Glimmora, L50, M|100/100\n|move|p2a: Aggron|Protect|p2a: Aggron\n|-singleturn|p2a: Aggron|Protect\n|move|p1b: Crabominable|Drain Punch|p2b: Glimmora\n|-damage|p2b: Glimmora|33/100\n|-heal|p1b: Crabominable|99/100|[from] drain|[of] p2b: Glimmora\n|-activate|p2b: Glimmora|ability: Toxic Debris\n|-sidestart|p1: Rogart|move: Toxic Spikes\n|-enditem|p2b: Glimmora|Sitrus Berry|[eat]\n|-heal|p2b: Glimmora|58/100|[from] item: Sitrus Berry\n|\n|-weather|Sandstorm|[upkeep]\n|-damage|p1b: Crabominable|94/100|[from] Sandstorm\n|-damage|p1a: Basculegion|94/100|[from] Sandstorm\n|upkeep\n|turn|5\n|\n|t:|1775889355\n|detailschange|p2a: Aggron|Aggron-Mega, L50, M\n|-mega|p2a: Aggron|Aggron|Aggronite\n|move|p2b: Glimmora|Spiky Shield|p2b: Glimmora\n|-singleturn|p2b: Glimmora|move: Protect\n|move|p1b: Crabominable|Drain Punch|p2a: Aggron\n|-supereffective|p2a: Aggron|1\n|-damage|p2a: Aggron|35/100\n|-heal|p1b: Crabominable|100/100|[from] drain|[of] p2a: Aggron\n|move|p2a: Aggron|Iron Defense|p2a: Aggron\n|-boost|p2a: Aggron|def|2\n|move|p1a: Basculegion|Wave Crash|p2a: Aggron\n|-damage|p2a: Aggron|11/100\n|-damage|p1a: Basculegion|89/100|[from] Recoil\n|\n|-weather|none\n|-fieldend|move: Trick Room\n|upkeep\n|turn|6\n|\n|t:|1775889383\n|move|p2a: Aggron|Protect|p2a: Aggron\n|-singleturn|p2a: Aggron|Protect\n|move|p2b: Glimmora|Energy Ball|p1a: Basculegion\n|-supereffective|p1a: Basculegion|1\n|-damage|p1a: Basculegion|26/100\n|move|p1a: Basculegion|Wave Crash|p2a: Aggron\n|-activate|p2a: Aggron|move: Protect\n|move|p1b: Crabominable|Drain Punch|p2b: Glimmora\n|-damage|p2b: Glimmora|0 fnt\n|-activate|p2b: Glimmora|ability: Toxic Debris\n|-sidestart|p1: Rogart|move: Toxic Spikes\n|faint|p2b: Glimmora\n|\n|upkeep\n|\n|t:|1775889403\n|switch|p2b: Aerodactyl|Aerodactyl, L50, F|100/100\n|-ability|p2b: Aerodactyl|Unnerve\n|turn|7\n|\n|t:|1775889435\n|move|p2a: Aggron|Protect||[still]\n|-fail|p2a: Aggron\n|move|p2b: Aerodactyl|Rock Slide|p1b: Crabominable|[spread] p1a,p1b\n|-damage|p1a: Basculegion|1/100\n|-damage|p1b: Crabominable|81/100\n|move|p1a: Basculegion|Wave Crash|p2a: Aggron\n|-damage|p2a: Aggron|0 fnt\n|faint|p2a: Aggron\n|-damage|p1a: Basculegion|0 fnt|[from] Recoil\n|faint|p1a: Basculegion\n|move|p1b: Crabominable|Ice Hammer|p2b: Aerodactyl|[miss]\n|-miss|p1b: Crabominable|p2b: Aerodactyl\n|\n|upkeep\n|\n|t:|1775889451\n|switch|p1a: Farigiraf|Farigiraf, L50, M|41/100 psn\n|switch|p2a: Tyranitar|Tyranitar, L50, M|100/100\n|-weather|Sandstorm|[from] ability: Sand Stream|[of] p2a: Tyranitar\n|turn|8\n|\n|t:|1775889481\n|move|p2b: Aerodactyl|Rock Slide|p1b: Crabominable|[spread] p1a,p1b\n|-damage|p1a: Farigiraf|15/100 psn\n|-damage|p1b: Crabominable|64/100\n|move|p2a: Tyranitar|Power Gem|p1b: Crabominable\n|-damage|p1b: Crabominable|36/100\n|move|p1b: Crabominable|Drain Punch|p2a: Tyranitar\n|-supereffective|p2a: Tyranitar|2\n|-crit|p2a: Tyranitar\n|-damage|p2a: Tyranitar|0 fnt\n|-heal|p1b: Crabominable|87/100|[from] drain|[of] p2a: Tyranitar\n|faint|p2a: Tyranitar\n|move|p1a: Farigiraf|Trick Room|p1a: Farigiraf\n|-fieldstart|move: Trick Room|[of] p1a: Farigiraf\n|\n|-weather|Sandstorm|[upkeep]\n|-damage|p1b: Crabominable|81/100|[from] Sandstorm\n|-damage|p1a: Farigiraf|9/100 psn|[from] Sandstorm\n|-damage|p1a: Farigiraf|0 fnt|[from] psn\n|faint|p1a: Farigiraf\n|upkeep\n|\n|t:|1775889496\n|switch|p1a: Sinistcha|Sinistcha, L50|78/100 psn\n|-heal|p1b: Crabominable|100/100|[from] ability: Hospitality|[of] p1a: Sinistcha\n|turn|9\n|\n|t:|1775889507\n|move|p1b: Crabominable|Ice Hammer|p2b: Aerodactyl\n|-supereffective|p2b: Aerodactyl|1\n|-damage|p2b: Aerodactyl|0 fnt\n|-unboost|p1b: Crabominable|spe|1\n|faint|p2b: Aerodactyl\n|\n|win|Rogart\n|raw|Rogart's rating: 1000 &rarr; <strong>1040</strong><br />(+40 for winning)\n|raw|Salamitotem's rating: 1000 &rarr; <strong>1000</strong><br />(+0 for losing)\n|l|\u2606Salamitotem\n|player|p2|\n",
  "uploadtime": 1775889513,
  "views": 13,
  "formatid": "gen9championsvgc2026regma",
  "rating": 1000,
  "private": 0,
  "password": null
}