{
  "id": "gen9championsvgc2026regma-2583545053",
  "format": "[Gen 9 Champions] VGC 2026 Reg M-A",
  "players": [
    "blastedviperfish",
    "banri the banri"
  ],
  "log": "|j|\u203dblastedviperfish\n|j|\u2606banri the banri\n|t:|1776182393\n|gametype|doubles\n|player|p1|blastedviperfish|misty-masters|1078\n|player|p2|banri the banri|265|1121\n|gen|9\n|tier|[Gen 9 Champions] VGC 2026 Reg M-A\n|rated|\n|rule|Species Clause: Limit one of each Pok\u00e9mon\n|rule|Item Clause: Limit 1 of each item\n|clearpoke\n|poke|p1|Crabominable, L50, F|\n|poke|p1|Farigiraf, L50, M|\n|poke|p1|Goodra-Hisui, L50, M|\n|poke|p1|Incineroar, L50, F|\n|poke|p1|Politoed, L50, M|\n|poke|p1|Gengar, L50, M|\n|poke|p2|Aegislash, L50, M|\n|poke|p2|Arcanine-Hisui, L50, M|\n|poke|p2|Tauros-Paldea-Aqua, L50, M|\n|poke|p2|Sinistcha, L50|\n|poke|p2|Aerodactyl, L50, M|\n|poke|p2|Altaria, L50, F|\n|teampreview|4\n|inactive|Battle timer is ON: inactive players will automatically lose when time's up. (requested by blastedviperfish)\n|inactive|blastedviperfish has 60 seconds left.\n|inactive|banri the banri has 60 seconds left.\n|inactive|banri the banri has 30 seconds left.\n|\n|t:|1776182463\n|teamsize|p1|4\n|teamsize|p2|4\n|start\n|switch|p1a: Gengar|Gengar, L50, M|100/100\n|switch|p1b: Incineroar|Incineroar, L50, F|100/100\n|switch|p2a: Aegislash|Aegislash, L50, M|100/100\n|switch|p2b: Sinistcha|Sinistcha, L50|100/100\n|-ability|p1b: Incineroar|Intimidate|boost\n|-unboost|p2a: Aegislash|atk|1\n|-unboost|p2b: Sinistcha|atk|1\n|turn|1\n|inactive|banri the banri has 30 seconds left.\n|\n|t:|1776182493\n|detailschange|p1a: Gengar|Gengar-Mega, L50, M\n|-mega|p1a: Gengar|Gengar|Gengarite\n|move|p2b: Sinistcha|Protect|p2b: Sinistcha\n|-singleturn|p2b: Sinistcha|Protect\n|move|p1a: Gengar|Sludge Bomb|p2b: Sinistcha\n|-activate|p2b: Sinistcha|move: Protect\n|move|p1b: Incineroar|Flare Blitz|p2a: Aegislash\n|-supereffective|p2a: Aegislash|1\n|-damage|p2a: Aegislash|13/100\n|-status|p2a: Aegislash|brn\n|-enditem|p2a: Aegislash|Lum Berry|[eat]\n|-curestatus|p2a: Aegislash|brn|[msg]\n|-damage|p1b: Incineroar|76/100|[from] Recoil\n|-formechange|p2a: Aegislash|Aegislash-Blade|\n|move|p2a: Aegislash|Iron Head|p1a: Gengar\n|-damage|p1a: Gengar|54/100\n|\n|upkeep\n|turn|2\n|inactive|banri the banri has 30 seconds left.\n|\n|t:|1776182529\n|switch|p2b: Tauros|Tauros-Paldea-Aqua, L50, M|100/100\n|-ability|p2b: Tauros|Intimidate|boost\n|-unboost|p1a: Gengar|atk|1\n|-unboost|p1b: Incineroar|atk|1\n|move|p1a: Gengar|Protect|p1a: Gengar\n|-singleturn|p1a: Gengar|Protect\n|move|p2a: Aegislash|Shadow Sneak|p1a: Gengar\n|-activate|p1a: Gengar|move: Protect\n|move|p1b: Incineroar|Flare Blitz|p2b: Tauros\n|-resisted|p2b: Tauros|1\n|-damage|p2b: Tauros|81/100\n|-damage|p1b: Incineroar|71/100|[from] Recoil\n|\n|upkeep\n|turn|3\n|inactive|blastedviperfish has 30 seconds left.\n|inactive|blastedviperfish has 20 seconds left.\n|\n|t:|1776182565\n|switch|p1a: Goodra|Goodra-Hisui, L50, M|100/100\n|-formechange|p2a: Aegislash|Aegislash|\n|move|p2a: Aegislash|King's Shield|p2a: Aegislash\n|-singleturn|p2a: Aegislash|Protect\n|move|p2b: Tauros|Raging Bull|p1b: Incineroar\n|-supereffective|p1b: Incineroar|1\n|-damage|p1b: Incineroar|0 fnt\n|faint|p1b: Incineroar\n|\n|upkeep\n|\n|t:|1776182569\n|switch|p1b: Politoed|Politoed, L50, M|100/100\n|-weather|RainDance|[from] ability: Drizzle|[of] p1b: Politoed\n|turn|4\n|\n|t:|1776182588\n|switch|p2a: Sinistcha|Sinistcha, L50|100/100\n|-heal|p2b: Tauros|100/100|[from] ability: Hospitality|[of] p2a: Sinistcha\n|move|p2b: Tauros|Close Combat|p1a: Goodra\n|-supereffective|p1a: Goodra|1\n|-damage|p1a: Goodra|2/100\n|-unboost|p2b: Tauros|def|1\n|-unboost|p2b: Tauros|spd|1\n|-ability|p1a: Goodra|Gooey\n|-unboost|p2b: Tauros|spe|1\n|-enditem|p2b: Tauros|White Herb\n|-clearnegativeboost|p2b: Tauros|[silent]\n|move|p1b: Politoed|Weather Ball|p2a: Sinistcha\n|-resisted|p2a: Sinistcha|1\n|-damage|p2a: Sinistcha|73/100\n|move|p1a: Goodra|Shelter|p1a: Goodra\n|-boost|p1a: Goodra|def|2\n|\n|-weather|RainDance|[upkeep]\n|-heal|p2a: Sinistcha|79/100|[from] item: Leftovers\n|-heal|p1a: Goodra|8/100|[from] item: Leftovers\n|upkeep\n|turn|5\n|inactive|blastedviperfish has 30 seconds left.\n|\n|t:|1776182626\n|move|p1a: Goodra|Protect|p1a: Goodra\n|-singleturn|p1a: Goodra|Protect\n|move|p2b: Tauros|Raging Bull|p1a: Goodra\n|-activate|p1a: Goodra|move: Protect\n|move|p1b: Politoed|Encore|p2b: Tauros\n|-start|p2b: Tauros|Encore\n|move|p2a: Sinistcha|Matcha Gotcha|p1b: Politoed|[spread] p1b\n|-activate|p1a: Goodra|move: Protect\n|-supereffective|p1b: Politoed|1\n|-damage|p1b: Politoed|56/100\n|-heal|p2a: Sinistcha|100/100|[from] drain|[of] p1b: Politoed\n|\n|-weather|RainDance|[upkeep]\n|-heal|p1a: Goodra|14/100|[from] item: Leftovers\n|upkeep\n|turn|6\n|\n|t:|1776182645\n|move|p2b: Tauros|Raging Bull|p1a: Goodra\n|-resisted|p1a: Goodra|1\n|-damage|p1a: Goodra|0 fnt\n|-ability|p1a: Goodra|Gooey\n|-unboost|p2b: Tauros|spe|1\n|faint|p1a: Goodra\n|move|p1b: Politoed|Weather Ball|p2b: Tauros\n|-resisted|p2b: Tauros|1\n|-damage|p2b: Tauros|63/100\n|move|p2a: Sinistcha|Matcha Gotcha|p1b: Politoed\n|-supereffective|p1b: Politoed|1\n|-damage|p1b: Politoed|0 fnt\n|faint|p1b: Politoed\n|\n|-weather|RainDance|[upkeep]\n|upkeep\n|\n|t:|1776182654\n|switch|p1b: Gengar|Gengar-Mega, L50, M|54/100\n|turn|7\n|\n|t:|1776182666\n|move|p2a: Sinistcha|Rage Powder|p2a: Sinistcha\n|-singleturn|p2a: Sinistcha|move: Rage Powder\n|move|p1b: Gengar|Sludge Bomb|p2a: Sinistcha\n|-damage|p2a: Sinistcha|47/100\n|move|p2b: Tauros|Raging Bull|p1b: Gengar\n|-damage|p1b: Gengar|0 fnt\n|faint|p1b: Gengar\n|\n|win|banri the banri\n|raw|blastedviperfish's rating: 1078 &rarr; <strong>1059</strong><br />(-19 for losing)\n|raw|banri the banri's rating: 1121 &rarr; <strong>1143</strong><br />(+22 for winning)\n|l|\u203dblastedviperfish\n|player|p1|\n",
  "uploadtime": 1776182702,
  "views": 27,
  "formatid": "gen9championsvgc2026regma",
  "rating": 1059,
  "private": 0,
  "password": null
}