{
  "id": "gen9championsvgc2026regma-2584247790",
  "format": "[Gen 9 Champions] VGC 2026 Reg M-A",
  "players": [
    "Terypagos",
    "xiaoliyunVGC"
  ],
  "log": "|j|\u2606Terypagos\n|j|\u2606xiaoliyunVGC\n|t:|1776242923\n|gametype|doubles\n|player|p1|Terypagos|turo-ai|1329\n|player|p2|xiaoliyunVGC|liko|1389\n|gen|9\n|tier|[Gen 9 Champions] VGC 2026 Reg M-A\n|rated|\n|rule|Species Clause: Limit one of each Pok\u00e9mon\n|rule|Item Clause: Limit 1 of each item\n|clearpoke\n|poke|p1|Floette-Eternal, L50, F|\n|poke|p1|Aerodactyl, L50, M|\n|poke|p1|Garchomp, L50, M|\n|poke|p1|Incineroar, L50, F|\n|poke|p1|Basculegion, L50, M|\n|poke|p1|Sneasler, L50, F|\n|poke|p2|Ninetales-Alola, L50, M|\n|poke|p2|Manectric, L50, F|\n|poke|p2|Sneasler, L50, F|\n|poke|p2|Rotom-Wash, L50|\n|poke|p2|Corviknight, L50, F|\n|poke|p2|Tsareena, L50, F|\n|teampreview|4\n|inactive|Battle timer is ON: inactive players will automatically lose when time's up. (requested by xiaoliyunVGC)\n|inactive|Terypagos has 60 seconds left.\n|\n|t:|1776242966\n|teamsize|p1|4\n|teamsize|p2|4\n|start\n|switch|p1a: Aerodactyl|Aerodactyl, L50, M|100/100\n|switch|p1b: Floette|Floette-Eternal, L50, F|100/100\n|switch|p2a: Ninetales|Ninetales-Alola, L50, M, shiny|100/100\n|switch|p2b: Manectric|Manectric, L50, F, shiny|100/100\n|-ability|p1a: Aerodactyl|Unnerve\n|-weather|Snowscape|[from] ability: Snow Warning|[of] p2a: Ninetales\n|turn|1\n|\n|t:|1776242980\n|detailschange|p2b: Manectric|Manectric-Mega, L50, F, shiny\n|-mega|p2b: Manectric|Manectric|Manectite\n|-ability|p2b: Manectric|Intimidate|boost\n|-unboost|p1a: Aerodactyl|atk|1\n|-unboost|p1b: Floette|atk|1\n|move|p1b: Floette|Protect|p1b: Floette\n|-singleturn|p1b: Floette|Protect\n|move|p2a: Ninetales|Blizzard|p1a: Aerodactyl|[spread] p1a\n|-activate|p1b: Floette|move: Protect\n|-supereffective|p1a: Aerodactyl|1\n|-damage|p1a: Aerodactyl|5/100\n|move|p2b: Manectric|Thunderbolt|p1a: Aerodactyl\n|-supereffective|p1a: Aerodactyl|1\n|-damage|p1a: Aerodactyl|0 fnt\n|faint|p1a: Aerodactyl\n|\n|-weather|Snowscape|[upkeep]\n|upkeep\n|\n|t:|1776242985\n|switch|p1a: Sneasler|Sneasler, L50, F, shiny|100/100\n|turn|2\n|\n|t:|1776243001\n|switch|p2b: Tsareena|Tsareena, L50, F, shiny|100/100\n|detailschange|p1b: Floette|Floette-Mega, L50, F\n|-mega|p1b: Floette|Floette|Floettite\n|-ability|p1b: Floette|Fairy Aura\n|move|p2a: Ninetales|Blizzard|p1b: Floette|[spread] p1a,p1b\n|-damage|p1a: Sneasler|62/100\n|-damage|p1b: Floette|74/100\n|move|p1a: Sneasler|Dire Claw|p2a: Ninetales\n|-supereffective|p2a: Ninetales|1\n|-damage|p2a: Ninetales|12/100\n|move|p1b: Floette|Light of Ruin|p2b: Tsareena\n|-crit|p2b: Tsareena\n|-enditem|p2b: Tsareena|Focus Sash\n|-damage|p2b: Tsareena|1/100\n|-damage|p1b: Floette|15/100|[from] Recoil\n|\n|-weather|Snowscape|[upkeep]\n|upkeep\n|turn|3\n|inactive|Terypagos has 30 seconds left.\n|\n|t:|1776243029\n|switch|p2b: Manectric|Manectric-Mega, L50, F, shiny|100/100\n|-ability|p2b: Manectric|Intimidate|boost\n|-unboost|p1a: Sneasler|atk|1\n|-unboost|p1b: Floette|atk|1\n|-enditem|p1a: Sneasler|White Herb\n|-clearnegativeboost|p1a: Sneasler|[silent]\n|move|p1b: Floette|Protect|p1b: Floette\n|-singleturn|p1b: Floette|Protect\n|move|p1a: Sneasler|Close Combat|p2a: Ninetales\n|-crit|p2a: Ninetales\n|-damage|p2a: Ninetales|0 fnt\n|-unboost|p1a: Sneasler|def|1\n|-unboost|p1a: Sneasler|spd|1\n|faint|p2a: Ninetales\n|\n|-weather|Snowscape|[upkeep]\n|upkeep\n|\n|t:|1776243040\n|switch|p2a: Sneasler|Sneasler, L50, F, shiny|100/100\n|turn|4\n|\n|t:|1776243055\n|switch|p1b: Garchomp|Garchomp, L50, M|100/100\n|move|p2a: Sneasler|Fake Out|p1b: Garchomp\n|-damage|p1b: Garchomp|85/100\n|-damage|p2a: Sneasler|88/100|[from] ability: Rough Skin|[of] p1b: Garchomp\n|move|p1a: Sneasler|Rock Tomb|p2b: Manectric\n|-damage|p2b: Manectric|66/100\n|-unboost|p2b: Manectric|spe|1\n|move|p2b: Manectric|Thunderbolt|p1a: Sneasler\n|-damage|p1a: Sneasler|0 fnt\n|faint|p1a: Sneasler\n|\n|-weather|Snowscape|[upkeep]\n|upkeep\n|\n|t:|1776243060\n|switch|p1a: Floette|Floette-Mega, L50, F|15/100\n|-ability|p1a: Floette|Fairy Aura\n|turn|5\n|\n|t:|1776243080\n|move|p2a: Sneasler|Protect|p2a: Sneasler\n|-singleturn|p2a: Sneasler|Protect\n|move|p1a: Floette|Protect|p1a: Floette\n|-singleturn|p1a: Floette|Protect\n|move|p1b: Garchomp|Earthquake|p2a: Sneasler|[spread] p2b\n|-activate|p1a: Floette|move: Protect\n|-activate|p2a: Sneasler|move: Protect\n|-supereffective|p2b: Manectric|1\n|-damage|p2b: Manectric|0 fnt\n|faint|p2b: Manectric\n|\n|-weather|none\n|upkeep\n|\n|t:|1776243086\n|switch|p2b: Tsareena|Tsareena, L50, F, shiny|1/100\n|turn|6\n|\n|t:|1776243097\n|move|p2a: Sneasler|Close Combat|p1b: Garchomp\n|-damage|p1b: Garchomp|21/100\n|-unboost|p2a: Sneasler|def|1\n|-unboost|p2a: Sneasler|spd|1\n|-damage|p2a: Sneasler|76/100|[from] ability: Rough Skin|[of] p1b: Garchomp\n|-enditem|p2a: Sneasler|White Herb\n|-clearnegativeboost|p2a: Sneasler|[silent]\n|move|p1b: Garchomp|Earthquake|p2a: Sneasler|[spread] p1a,p2a,p2b\n|-supereffective|p2a: Sneasler|1\n|-resisted|p2b: Tsareena|1\n|-damage|p1a: Floette|0 fnt\n|-damage|p2a: Sneasler|0 fnt\n|-damage|p2b: Tsareena|0 fnt\n|faint|p1a: Floette\n|faint|p2a: Sneasler\n|faint|p2b: Tsareena\n|\n|win|Terypagos\n|raw|Terypagos's rating: 1329 &rarr; <strong>1352</strong><br />(+23 for winning)\n|raw|xiaoliyunVGC's rating: 1389 &rarr; <strong>1366</strong><br />(-23 for losing)\n|l|\u2606xiaoliyunVGC\n|player|p2|\n|l|\u2606Terypagos\n|player|p1|\n|j|\u2606Terypagos\n|player|p1|Terypagos|turo-ai|\n",
  "uploadtime": 1776243144,
  "views": 32,
  "formatid": "gen9championsvgc2026regma",
  "rating": 1352,
  "private": 0,
  "password": null
}