{
  "id": "gen9championsvgc2026regma-2586392774",
  "format": "[Gen 9 Champions] VGC 2026 Reg M-A",
  "players": [
    "PogChester",
    "Rizalynn"
  ],
  "log": "|j|\u2606PogChester\n|j|\u2606Rizalynn\n|t:|1776431402\n|gametype|doubles\n|player|p1|PogChester|266|1169\n|player|p2|Rizalynn|cheryl|1073\n|gen|9\n|tier|[Gen 9 Champions] VGC 2026 Reg M-A\n|rated|\n|rule|Species Clause: Limit one of each Pok\u00e9mon\n|rule|Item Clause: Limit 1 of each item\n|clearpoke\n|poke|p1|Charizard, L50, M|\n|poke|p1|Basculegion, L50, M|\n|poke|p1|Incineroar, L50, F|\n|poke|p1|Sneasler, L50, M|\n|poke|p1|Garchomp, L50, M|\n|poke|p1|Venusaur, L50, M|\n|poke|p2|Aggron, L50, M|\n|poke|p2|Basculegion, L50, M|\n|poke|p2|Pelipper, L50, F|\n|poke|p2|Sinistcha, L50|\n|poke|p2|Incineroar, L50, M|\n|poke|p2|Dragonite, L50, F|\n|teampreview|4\n|inactive|Battle timer is ON: inactive players will automatically lose when time's up. (requested by Rizalynn)\nRizalynn rejected open team sheets.\n|\n|t:|1776431420\n|teamsize|p1|4\n|teamsize|p2|4\n|start\n|switch|p1a: Venusaur|Venusaur, L50, M|100/100\n|switch|p1b: Incineroar|Incineroar, L50, F|100/100\n|switch|p2a: Wolfey|Incineroar, L50, M|100/100\n|switch|p2b: Dragonih|Dragonite, L50, F, shiny|100/100\n|-ability|p1b: Incineroar|Intimidate|boost\n|-unboost|p2a: Wolfey|atk|1\n|-unboost|p2b: Dragonih|atk|1\n|-ability|p2a: Wolfey|Intimidate|boost\n|-unboost|p1a: Venusaur|atk|1\n|-unboost|p1b: Incineroar|atk|1\n|turn|1\n|inactive|Rizalynn has 30 seconds left.\n|\n|t:|1776431452\n|detailschange|p2b: Dragonih|Dragonite-Mega, L50, F, shiny\n|-mega|p2b: Dragonih|Dragonite|Dragoninite\n|move|p1b: Incineroar|Fake Out|p2a: Wolfey\n|-damage|p2a: Wolfey|94/100\n|cant|p2a: Wolfey|flinch\n|move|p2b: Dragonih|Hurricane|p1a: Venusaur\n|-supereffective|p1a: Venusaur|1\n|-enditem|p1a: Venusaur|Focus Sash\n|-damage|p1a: Venusaur|1/100\n|move|p1a: Venusaur|Sleep Powder|p2b: Dragonih|[miss]\n|-miss|p1a: Venusaur|p2b: Dragonih\n|\n|upkeep\n|turn|2\n|\n|t:|1776431474\n|switch|p2a: Tiffany|Pelipper, L50, F, shiny|100/100\n|-weather|RainDance|[from] ability: Drizzle|[of] p2a: Tiffany\n|move|p2b: Dragonih|Thunder|p1a: Venusaur\n|-resisted|p1a: Venusaur|1\n|-damage|p1a: Venusaur|0 fnt\n|faint|p1a: Venusaur\n|move|p1b: Incineroar|Parting Shot|p2b: Dragonih\n|-unboost|p2b: Dragonih|atk|1\n|-unboost|p2b: Dragonih|spa|1\n|\n|t:|1776431488\n|switch|p1b: Charizard|Charizard, L50, M, shiny|100/100|[from] Parting Shot\n|\n|-weather|RainDance|[upkeep]\n|upkeep\n|\n|t:|1776431493\n|switch|p1a: Incineroar|Incineroar, L50, F|100/100\n|-ability|p1a: Incineroar|Intimidate|boost\n|-unboost|p2a: Tiffany|atk|1\n|-unboost|p2b: Dragonih|atk|1\n|turn|3\n|\n|t:|1776431512\n|switch|p2b: Fih|Basculegion, L50, M|100/100\n|switch|p2a: Wolfey|Incineroar, L50, M|94/100\n|-ability|p2a: Wolfey|Intimidate|boost\n|-unboost|p1a: Incineroar|atk|1\n|-unboost|p1b: Charizard|atk|1\n|detailschange|p1b: Charizard|Charizard-Mega-Y, L50, M, shiny\n|-mega|p1b: Charizard|Charizard|Charizardite Y\n|-weather|SunnyDay|[from] ability: Drought|[of] p1b: Charizard\n|move|p1a: Incineroar|Fake Out|p2b: Fih\n|-immune|p2b: Fih\n|move|p1b: Charizard|Air Slash|p2a: Wolfey\n|-damage|p2a: Wolfey|56/100\n|\n|-weather|SunnyDay|[upkeep]\n|upkeep\n|turn|4\n|inactive|Rizalynn has 30 seconds left.\n|inactive|Rizalynn has 20 seconds left.\n|\n|t:|1776431550\n|switch|p2a: Tiffany|Pelipper, L50, F, shiny|100/100\n|-weather|RainDance|[from] ability: Drizzle|[of] p2a: Tiffany\n|move|p2b: Fih|Flip Turn|p1a: Incineroar\n|-supereffective|p1a: Incineroar|1\n|-damage|p1a: Incineroar|8/100\n|-enditem|p1a: Incineroar|Sitrus Berry|[eat]\n|-heal|p1a: Incineroar|33/100|[from] item: Sitrus Berry\n|\n|t:|1776431558\n|switch|p2b: Dragonih|Dragonite-Mega, L50, F, shiny|100/100|[from] Flip Turn\n|move|p1b: Charizard|Air Slash|p2a: Tiffany\n|-damage|p2a: Tiffany|18/100\n|move|p1a: Incineroar|Parting Shot|p2b: Dragonih\n|-unboost|p2b: Dragonih|atk|1\n|-unboost|p2b: Dragonih|spa|1\n|\n|t:|1776431566\n|switch|p1a: Garchomp|Garchomp, L50, M|100/100|[from] Parting Shot\n|\n|-weather|RainDance|[upkeep]\n|upkeep\n|turn|5\n|\n|t:|1776431574\n|switch|p2a: Wolfey|Incineroar, L50, M|56/100\n|-ability|p2a: Wolfey|Intimidate|boost\n|-unboost|p1a: Garchomp|atk|1\n|-unboost|p1b: Charizard|atk|1\n|move|p2b: Dragonih|Draco Meteor|p1a: Garchomp\n|-supereffective|p1a: Garchomp|1\n|-enditem|p1a: Garchomp|Haban Berry|[eat]\n|-enditem|p1a: Garchomp|Haban Berry|[weaken]\n|-damage|p1a: Garchomp|53/100\n|-unboost|p2b: Dragonih|spa|2\n|move|p1b: Charizard|Air Slash|p2a: Wolfey\n|-damage|p2a: Wolfey|19/100\n|move|p1a: Garchomp|Rock Slide|p2a: Wolfey|[spread] p2a,p2b\n|-supereffective|p2a: Wolfey|1\n|-supereffective|p2b: Dragonih|1\n|-damage|p2a: Wolfey|0 fnt\n|-damage|p2b: Dragonih|87/100\n|faint|p2a: Wolfey\n|\n|-weather|RainDance|[upkeep]\n|upkeep\n|\n|t:|1776431584\n|switch|p2a: Fih|Basculegion, L50, M|100/100\n|turn|6\n|\n|t:|1776431600\n|move|p1b: Charizard|Protect|p1b: Charizard\n|-singleturn|p1b: Charizard|Protect\n|move|p2a: Fih|Wave Crash|p1a: Garchomp\n|-damage|p1a: Garchomp|0 fnt\n|-damage|p2a: Fih|88/100|[from] ability: Rough Skin|[of] p1a: Garchomp\n|faint|p1a: Garchomp\n|-damage|p2a: Fih|70/100|[from] Recoil\n|move|p2b: Dragonih|Roost|p2b: Dragonih\n|-heal|p2b: Dragonih|100/100\n|-singleturn|p2b: Dragonih|move: Roost\n|\n|-weather|RainDance|[upkeep]\n|upkeep\n|\n|t:|1776431612\n|switch|p1a: Incineroar|Incineroar, L50, F|33/100\n|-ability|p1a: Incineroar|Intimidate|boost\n|-unboost|p2a: Fih|atk|1\n|-unboost|p2b: Dragonih|atk|1\n|turn|7\n|\n|t:|1776431625\n|move|p1a: Incineroar|Fake Out|p2b: Dragonih\n|-damage|p2b: Dragonih|95/100\n|move|p2a: Fih|Flip Turn|p1a: Incineroar\n|-supereffective|p1a: Incineroar|1\n|-damage|p1a: Incineroar|0 fnt\n|faint|p1a: Incineroar\n|\n|t:|1776431629\n|switch|p2a: Tiffany|Pelipper, L50, F, shiny|18/100|[from] Flip Turn\n|cant|p2b: Dragonih|flinch\n|move|p1b: Charizard|Air Slash|p2b: Dragonih\n|-damage|p2b: Dragonih|57/100\n|\n|-weather|RainDance|[upkeep]\n|upkeep\n|turn|8\n|\n|t:|1776431642\n|switch|p2b: Fih|Basculegion, L50, M|70/100\n|move|p2a: Tiffany|Wide Guard|p2a: Tiffany\n|-singleturn|p2a: Tiffany|Wide Guard\n|move|p1b: Charizard|Air Slash|p2a: Tiffany\n|-damage|p2a: Tiffany|0 fnt\n|faint|p2a: Tiffany\n|\n|-weather|none\n|upkeep\n|\n|t:|1776431649\n|switch|p2a: Dragonih|Dragonite-Mega, L50, F, shiny|57/100\n|turn|9\n|c|\u2606Rizalynn|GET EM FIH !\n|\n|t:|1776431661\n|move|p2a: Dragonih|Roost|p2a: Dragonih\n|-heal|p2a: Dragonih|100/100\n|-singleturn|p2a: Dragonih|move: Roost\n|move|p1b: Charizard|Air Slash|p2a: Dragonih\n|-damage|p2a: Dragonih|81/100\n|move|p2b: Fih|Wave Crash|p1b: Charizard\n|-supereffective|p1b: Charizard|1\n|-damage|p1b: Charizard|0 fnt\n|faint|p1b: Charizard\n|-damage|p2b: Fih|43/100|[from] Recoil\n|\n|win|Rizalynn\n|raw|PogChester's rating: 1169 &rarr; <strong>1137</strong><br />(-32 for losing)\n|raw|Rizalynn's rating: 1073 &rarr; <strong>1110</strong><br />(+37 for winning)\n|c|\u2606PogChester|yo well played\n|c|\u2606PogChester|ggs\n|c|\u2606Rizalynn|ggs you too\n",
  "uploadtime": 1776431692,
  "views": 35,
  "formatid": "gen9championsvgc2026regma",
  "rating": 1110,
  "private": 0,
  "password": null
}