{
  "id": "gen9championsvgc2026regma-2587789336",
  "format": "[Gen 9 Champions] VGC 2026 Reg M-A",
  "players": [
    "Twishts",
    "lOI0IOl"
  ],
  "log": "|j|\u2606Twishts\n|j|\u2606lOI0IOl\n|t:|1776564180\n|gametype|doubles\n|player|p1|Twishts|policeman-gen4|1439\n|player|p2|lOI0IOl|169|1434\n|gen|9\n|tier|[Gen 9 Champions] VGC 2026 Reg M-A\n|rated|\n|rule|Species Clause: Limit one of each Pok\u00e9mon\n|rule|Item Clause: Limit 1 of each item\n|clearpoke\n|poke|p1|Aerodactyl, L50, F|\n|poke|p1|Garchomp, L50, M|\n|poke|p1|Milotic, L50, F|\n|poke|p1|Floette-Eternal, L50, F|\n|poke|p1|Incineroar, L50, F|\n|poke|p1|Scizor, L50, F|\n|poke|p2|Meowscarada, L50, F|\n|poke|p2|Talonflame, L50, F|\n|poke|p2|Floette-Eternal, L50, F|\n|poke|p2|Garchomp, L50, M|\n|poke|p2|Delphox, L50, M|\n|poke|p2|Raichu, L50, F|\n|teampreview|4\n|inactive|Battle timer is ON: inactive players will automatically lose when time's up. (requested by lOI0IOl)\nTwishts rejected open team sheets.\n|inactive|lOI0IOl has 60 seconds left.\n|\n|t:|1776564228\n|teamsize|p1|4\n|teamsize|p2|4\n|start\n|switch|p1a: Aerodactyl|Aerodactyl, L50, F|100/100\n|switch|p1b: Garchomp|Garchomp, L50, M|100/100\n|switch|p2a: Talonflame|Talonflame, L50, F|100/100\n|switch|p2b: Meowscarada|Meowscarada, L50, F|100/100\n|-ability|p1a: Aerodactyl|Unnerve\n|turn|1\n|inactive|lOI0IOl has 30 seconds left.\n|inactive|lOI0IOl has 20 seconds left.\n|\n|t:|1776564264\n|move|p2a: Talonflame|Tailwind|p2a: Talonflame\n|-sidestart|p2: lOI0IOl|move: Tailwind\n|move|p2b: Meowscarada|Triple Axel|p1a: Aerodactyl\n|-supereffective|p1a: Aerodactyl|1\n|-damage|p1a: Aerodactyl|79/100\n|-supereffective|p1a: Aerodactyl|1\n|-damage|p1a: Aerodactyl|37/100\n|-supereffective|p1a: Aerodactyl|1\n|-damage|p1a: Aerodactyl|0 fnt\n|faint|p1a: Aerodactyl\n|-hitcount|p1: Aerodactyl|3\n|move|p1b: Garchomp|Rock Slide|p2b: Meowscarada|[spread] p2b\n|-miss|p1b: Garchomp|p2a: Talonflame\n|-damage|p2b: Meowscarada|70/100\n|\n|upkeep\n|\n|t:|1776564278\n|switch|p1a: Milotic|Milotic, L50, F|100/100\n|turn|2\n|\n|t:|1776564290\n|move|p1b: Garchomp|Protect|p1b: Garchomp\n|-singleturn|p1b: Garchomp|Protect\n|move|p2a: Talonflame|Acrobatics|p1b: Garchomp\n|-activate|p1b: Garchomp|move: Protect\n|move|p2b: Meowscarada|Flower Trick|p1a: Milotic\n|-supereffective|p1a: Milotic|1\n|-crit|p1a: Milotic\n|-damage|p1a: Milotic|5/100\n|move|p1a: Milotic|Icy Wind|p2b: Meowscarada|[spread] p2b\n|-miss|p1a: Milotic|p2a: Talonflame\n|-supereffective|p2b: Meowscarada|1\n|-damage|p2b: Meowscarada|42/100\n|-unboost|p2b: Meowscarada|spe|1\n|\n|-heal|p1a: Milotic|11/100|[from] item: Leftovers\n|upkeep\n|turn|3\n|c|\u2606Twishts|gg\n|inactive|Twishts has 30 seconds left.\n|\n|t:|1776564317\n|move|p2a: Talonflame|Acrobatics|p1a: Milotic\n|-damage|p1a: Milotic|0 fnt\n|faint|p1a: Milotic\n|move|p2b: Meowscarada|Triple Axel|p1b: Garchomp\n|-supereffective|p1b: Garchomp|2\n|-damage|p1b: Garchomp|72/100\n|-damage|p2b: Meowscarada|29/100|[from] ability: Rough Skin|[of] p1b: Garchomp\n|-supereffective|p1b: Garchomp|2\n|-damage|p1b: Garchomp|25/100\n|-damage|p2b: Meowscarada|17/100|[from] ability: Rough Skin|[of] p1b: Garchomp\n|-supereffective|p1b: Garchomp|2\n|-damage|p1b: Garchomp|0 fnt\n|-damage|p2b: Meowscarada|4/100|[from] ability: Rough Skin|[of] p1b: Garchomp\n|faint|p1b: Garchomp\n|-hitcount|p1: Garchomp|3\n|\n|upkeep\n|\n|t:|1776564323\n|switch|p1b: Floette|Floette-Eternal, L50, F|100/100\n|turn|4\n|\n|t:|1776564339\n|switch|p2a: Delphox|Delphox, L50, M|100/100\n|detailschange|p1b: Floette|Floette-Mega, L50, F\n|-mega|p1b: Floette|Floette|Floettite\n|-ability|p1b: Floette|Fairy Aura\n|move|p2b: Meowscarada|Flower Trick|p1b: Floette\n|-crit|p1b: Floette\n|-damage|p1b: Floette|19/100\n|move|p1b: Floette|Dazzling Gleam|p2a: Delphox|[spread] p2a,p2b\n|-resisted|p2a: Delphox|1\n|-supereffective|p2b: Meowscarada|1\n|-damage|p2a: Delphox|72/100\n|-damage|p2b: Meowscarada|0 fnt\n|faint|p2b: Meowscarada\n|\n|-sideend|p2: lOI0IOl|move: Tailwind\n|upkeep\n|\n|t:|1776564351\n|switch|p2b: Talonflame|Talonflame, L50, F|100/100\n|turn|5\n|\n|t:|1776564356\n|detailschange|p2a: Delphox|Delphox-Mega, L50, M\n|-mega|p2a: Delphox|Delphox|Delphoxite\n|move|p2b: Talonflame|Acrobatics|p1b: Floette\n|-damage|p1b: Floette|0 fnt\n|faint|p1b: Floette\n|\n|win|lOI0IOl\n|raw|Twishts's rating: 1439 &rarr; <strong>1419</strong><br />(-20 for losing)\n|raw|lOI0IOl's rating: 1434 &rarr; <strong>1454</strong><br />(+20 for winning)\n|l|\u2606Twishts\n|player|p1|\n",
  "uploadtime": 1776564376,
  "views": 16,
  "formatid": "gen9championsvgc2026regma",
  "rating": 1419,
  "private": 0,
  "password": null
}