{
  "id": "gen9championsvgc2026regma-2582293473",
  "format": "[Gen 9 Champions] VGC 2026 Reg M-A",
  "players": [
    "Mb_Deagle",
    "ray_game0"
  ],
  "log": "|j|\u2606Mb_Deagle\n|j|\u2606ray_game0\n|t:|1776080580\n|gametype|doubles\n|player|p1|Mb_Deagle|cynthia|1037\n|player|p2|ray_game0|hiker-gen4|1041\n|gen|9\n|tier|[Gen 9 Champions] VGC 2026 Reg M-A\n|rated|\n|rule|Species Clause: Limit one of each Pok\u00e9mon\n|rule|Item Clause: Limit 1 of each item\n|clearpoke\n|poke|p1|Charizard, L50, M|\n|poke|p1|Whimsicott, L50, F|\n|poke|p1|Sneasler, L50, F|\n|poke|p1|Incineroar, L50, M|\n|poke|p1|Espeon, L50, F|\n|poke|p1|Sinistcha, L50|\n|poke|p2|Pelipper, L50, F|\n|poke|p2|Azumarill, L50, F|\n|poke|p2|Charizard, L50, F|\n|poke|p2|Garchomp, L50, F|\n|teampreview|4\n|inactive|Battle timer is ON: inactive players will automatically lose when time's up. (requested by Mb_Deagle)\n|\n|t:|1776080603\n|teamsize|p1|4\n|teamsize|p2|4\n|start\n|switch|p1a: Sneasler|Sneasler, L50, F|100/100\n|switch|p1b: Whimsicott|Whimsicott, L50, F|100/100\n|switch|p2a: Pelipper|Pelipper, L50, F|100/100\n|switch|p2b: Azumarill|Azumarill, L50, F|100/100\n|-weather|RainDance|[from] ability: Drizzle|[of] p2a: Pelipper\n|turn|1\n|inactive|ray_game0 has 30 seconds left.\n|inactive|ray_game0 has 20 seconds left.\n|inactive|ray_game0 has 15 seconds left.\n|\n|t:|1776080647\n|move|p1b: Whimsicott|Tailwind|p1b: Whimsicott\n|-sidestart|p1: Mb_Deagle|move: Tailwind\n|move|p1a: Sneasler|Dire Claw|p2b: Azumarill\n|-supereffective|p2b: Azumarill|1\n|-damage|p2b: Azumarill|5/100\n|-status|p2b: Azumarill|par\n|-enditem|p2b: Azumarill|Sitrus Berry|[eat]\n|-heal|p2b: Azumarill|29/100 par|[from] item: Sitrus Berry\n|move|p2a: Pelipper|Tailwind|p2a: Pelipper\n|-sidestart|p2: ray_game0|move: Tailwind\n|move|p2b: Azumarill|Belly Drum||[still]\n|-fail|p2b: Azumarill\n|\n|-weather|RainDance|[upkeep]\n|upkeep\n|turn|2\n|inactive|Mb_Deagle has 30 seconds left.\n|inactive|Mb_Deagle has 20 seconds left.\n|\n|t:|1776080684\n|move|p1b: Whimsicott|Encore|p2a: Pelipper\n|-start|p2a: Pelipper|Encore\n|move|p2b: Azumarill|Aqua Jet|p1b: Whimsicott\n|-resisted|p1b: Whimsicott|1\n|-damage|p1b: Whimsicott|73/100\n|move|p1a: Sneasler|Close Combat|p2a: Pelipper\n|-resisted|p2a: Pelipper|1\n|-damage|p2a: Pelipper|65/100\n|-unboost|p1a: Sneasler|def|1\n|-unboost|p1a: Sneasler|spd|1\n|-enditem|p1a: Sneasler|White Herb\n|-clearnegativeboost|p1a: Sneasler|[silent]\n|move|p2a: Pelipper|Tailwind||[still]\n|-fail|p2a: Pelipper\n|\n|-weather|RainDance|[upkeep]\n|upkeep\n|turn|3\n|inactive|Mb_Deagle has 30 seconds left.\n|inactive|ray_game0 has 30 seconds left.\n|\n|t:|1776080716\n|move|p1a: Sneasler|Dire Claw|p2b: Azumarill\n|-supereffective|p2b: Azumarill|1\n|-crit|p2b: Azumarill\n|-damage|p2b: Azumarill|0 fnt\n|faint|p2b: Azumarill\n|move|p1b: Whimsicott|Dazzling Gleam|p2a: Pelipper\n|-damage|p2a: Pelipper|24/100\n|move|p2a: Pelipper|Tailwind||[still]\n|-fail|p2a: Pelipper\n|\n|-weather|RainDance|[upkeep]\n|upkeep\n|\n|t:|1776080734\n|switch|p2b: Garchomp|Garchomp, L50, F|100/100\n|turn|4\n|\n|t:|1776080751\n|move|p1a: Sneasler|Dire Claw|p2a: Pelipper\n|-damage|p2a: Pelipper|0 fnt\n|faint|p2a: Pelipper\n|move|p1b: Whimsicott|Dazzling Gleam|p2b: Garchomp\n|-supereffective|p2b: Garchomp|1\n|-damage|p2b: Garchomp|42/100\n|move|p2b: Garchomp|Earthquake|p1a: Sneasler|[spread] p1a,p1b\n|-supereffective|p1a: Sneasler|1\n|-resisted|p1b: Whimsicott|1\n|-damage|p1a: Sneasler|0 fnt\n|-damage|p1b: Whimsicott|41/100\n|faint|p1a: Sneasler\n|\n|-weather|RainDance|[upkeep]\n|-sideend|p1: Mb_Deagle|move: Tailwind\n|-sideend|p2: ray_game0|move: Tailwind\n|upkeep\n|\n|t:|1776080769\n|switch|p1a: Charizard|Charizard, L50, M|100/100\n|switch|p2a: Charizard|Charizard, L50, F|100/100\n|turn|5\n|inactive|ray_game0 has 30 seconds left.\n|inactive|ray_game0 has 20 seconds left.\n|inactive|ray_game0 has 15 seconds left.\n|inactive|ray_game0 has 10 seconds left.\n|\n|t:|1776080818\n|detailschange|p2a: Charizard|Charizard-Mega-Y, L50, F\n|-mega|p2a: Charizard|Charizard|Charizardite Y\n|-weather|SunnyDay|[from] ability: Drought|[of] p2a: Charizard\n|detailschange|p1a: Charizard|Charizard-Mega-Y, L50, M\n|-mega|p1a: Charizard|Charizard|Charizardite Y\n|move|p1b: Whimsicott|Tailwind|p1b: Whimsicott\n|-sidestart|p1: Mb_Deagle|move: Tailwind\n|move|p1a: Charizard|Heat Wave|p2b: Garchomp|[spread] p2a,p2b\n|-resisted|p2a: Charizard|1\n|-resisted|p2b: Garchomp|1\n|-damage|p2a: Charizard|71/100\n|-damage|p2b: Garchomp|8/100\n|move|p2b: Garchomp|Rock Slide|p1a: Charizard|[spread] p1a,p1b\n|-supereffective|p1a: Charizard|2\n|-damage|p1a: Charizard|0 fnt\n|-damage|p1b: Whimsicott|13/100\n|faint|p1a: Charizard\n|move|p2a: Charizard|Heat Wave|p1b: Whimsicott\n|-supereffective|p1b: Whimsicott|1\n|-damage|p1b: Whimsicott|0 fnt\n|faint|p1b: Whimsicott\n|\n|-weather|SunnyDay|[upkeep]\n|upkeep\n|\n|t:|1776080838\n|switch|p1a: Sinistcha|Sinistcha, L50|100/100\n|turn|6\n|\n|t:|1776080847\n|move|p1a: Sinistcha|Matcha Gotcha|p2a: Charizard|[spread] p2a,p2b\n|-resisted|p2a: Charizard|2\n|-damage|p2a: Charizard|64/100\n|-damage|p2b: Garchomp|0 fnt\n|faint|p2b: Garchomp\n|move|p2a: Charizard|Heat Wave|p1a: Sinistcha\n|-supereffective|p1a: Sinistcha|1\n|-damage|p1a: Sinistcha|0 fnt\n|faint|p1a: Sinistcha\n|\n|win|ray_game0\n",
  "uploadtime": 1776080583,
  "views": 16,
  "formatid": "gen9championsvgc2026regma",
  "rating": null,
  "private": 0,
  "password": null
}