{
  "id": "gen9championsvgc2026regma-2581765821",
  "format": "[Gen 9 Champions] VGC 2026 Reg M-A",
  "players": [
    "SavPass9",
    "detypeac1er"
  ],
  "log": "|j|\u2606SavPass9\n|j|\u2606detypeac1er\n|t:|1776026707\n|gametype|doubles\n|player|p1|SavPass9|102|1048\n|player|p2|detypeac1er|2|1016\n|gen|9\n|tier|[Gen 9 Champions] VGC 2026 Reg M-A\n|rated|\n|rule|Species Clause: Limit one of each Pok\u00e9mon\n|rule|Item Clause: Limit 1 of each item\n|clearpoke\n|poke|p1|Gengar, L50, F|\n|poke|p1|Incineroar, L50, M|\n|poke|p1|Sinistcha, L50|\n|poke|p1|Tyranitar, L50, M|\n|poke|p1|Kingambit, L50, M|\n|poke|p1|Kommo-o, L50, M|\n|poke|p2|Tyranitar, L50, M|\n|poke|p2|Excadrill, L50, F|\n|poke|p2|Garchomp, L50, M|\n|poke|p2|Sinistcha, L50|\n|poke|p2|Glimmora, L50, M|\n|poke|p2|Tinkaton, L50, F|\n|teampreview|4\n|\n|t:|1776026724\n|teamsize|p1|4\n|teamsize|p2|4\n|start\n|switch|p1a: Incineroar|Incineroar, L50, M|100/100\n|switch|p1b: Gengar|Gengar, L50, F|100/100\n|switch|p2a: Tinkaton|Tinkaton, L50, F|100/100\n|switch|p2b: Glimmora|Glimmora, L50, M|100/100\n|-ability|p2a: Tinkaton|Mold Breaker\n|-ability|p1a: Incineroar|Intimidate|boost\n|-unboost|p2a: Tinkaton|atk|1\n|-unboost|p2b: Glimmora|atk|1\n|turn|1\n|\n|t:|1776026740\n|detailschange|p1b: Gengar|Gengar-Mega, L50, F\n|-mega|p1b: Gengar|Gengar|Gengarite\n|detailschange|p2b: Glimmora|Glimmora-Mega, L50, M\n|-mega|p2b: Glimmora|Glimmora|Glimmoranite\n|move|p2a: Tinkaton|Fake Out|p1a: Incineroar\n|-damage|p1a: Incineroar|96/100\n|cant|p1a: Incineroar|flinch\n|move|p1b: Gengar|Perish Song|p1b: Gengar\n|-start|p1a: Incineroar|perish3|[silent]\n|-start|p1b: Gengar|perish3|[silent]\n|-start|p2a: Tinkaton|perish3|[silent]\n|-start|p2b: Glimmora|perish3|[silent]\n|-fieldactivate|move: Perish Song\n|move|p2b: Glimmora|Earth Power|p1b: Gengar\n|-supereffective|p1b: Gengar|1\n|-damage|p1b: Gengar|30/100\n|\n|-start|p1b: Gengar|perish3\n|-start|p2b: Glimmora|perish3\n|-start|p2a: Tinkaton|perish3\n|-start|p1a: Incineroar|perish3\n|upkeep\n|turn|2\n|\n|t:|1776026761\n|move|p1b: Gengar|Protect|p1b: Gengar\n|-singleturn|p1b: Gengar|Protect\n|move|p1a: Incineroar|Protect|p1a: Incineroar\n|-singleturn|p1a: Incineroar|Protect\n|move|p2b: Glimmora|Power Gem|p1a: Incineroar\n|-activate|p1a: Incineroar|move: Protect\n|move|p2a: Tinkaton|Knock Off|p1b: Gengar\n|-activate|p1b: Gengar|move: Protect\n|\n|-start|p1b: Gengar|perish2\n|-start|p2b: Glimmora|perish2\n|-start|p2a: Tinkaton|perish2\n|-start|p1a: Incineroar|perish2\n|upkeep\n|turn|3\n|\n|t:|1776026789\n|switch|p1b: Kingambit|Kingambit, L50, M|100/100\n|move|p2b: Glimmora|Power Gem|p1b: Kingambit\n|-resisted|p1b: Kingambit|1\n|-damage|p1b: Kingambit|70/100\n|move|p2a: Tinkaton|Knock Off|p1b: Kingambit\n|-resisted|p1b: Kingambit|1\n|-damage|p1b: Kingambit|65/100\n|-enditem|p1b: Kingambit|Chople Berry|[from] move: Knock Off|[of] p2a: Tinkaton\n|move|p1a: Incineroar|Parting Shot|p2b: Glimmora\n|-unboost|p2b: Glimmora|atk|1\n|-unboost|p2b: Glimmora|spa|1\n|\n|t:|1776026800\n|switch|p1a: Gengar|Gengar-Mega, L50, F|30/100|[from] Parting Shot\n|\n|-start|p2b: Glimmora|perish1\n|-start|p2a: Tinkaton|perish1\n|upkeep\n|turn|4\n|\n|t:|1776026817\n|switch|p1b: Incineroar|Incineroar, L50, M|96/100\n|-ability|p1b: Incineroar|Intimidate|boost\n|-unboost|p2a: Tinkaton|atk|1\n|-unboost|p2b: Glimmora|atk|1\n|move|p1a: Gengar|Protect|p1a: Gengar\n|-singleturn|p1a: Gengar|Protect\n|move|p2b: Glimmora|Earth Power|p1b: Incineroar\n|-supereffective|p1b: Incineroar|1\n|-enditem|p1b: Incineroar|Shuca Berry|[eat]\n|-enditem|p1b: Incineroar|Shuca Berry|[weaken]\n|-damage|p1b: Incineroar|77/100\n|-unboost|p1b: Incineroar|spd|1\n|move|p2a: Tinkaton|Gigaton Hammer|p1b: Incineroar\n|-resisted|p1b: Incineroar|1\n|-damage|p1b: Incineroar|67/100\n|\n|-start|p2b: Glimmora|perish0\n|-start|p2a: Tinkaton|perish0\n|faint|p2b: Glimmora\n|faint|p2a: Tinkaton\n|upkeep\n|\n|t:|1776026830\n|switch|p2b: Sinistcha|Sinistcha, L50|100/100\n|switch|p2a: Garchomp|Garchomp, L50, M|100/100\n|turn|5\n|\n|t:|1776026846\n|move|p1b: Incineroar|Fake Out|p2a: Garchomp\n|-damage|p2a: Garchomp|90/100\n|-damage|p1b: Incineroar|54/100|[from] ability: Rough Skin|[of] p2a: Garchomp\n|move|p1a: Gengar|Perish Song|p1a: Gengar\n|-start|p1a: Gengar|perish3|[silent]\n|-start|p1b: Incineroar|perish3|[silent]\n|-start|p2a: Garchomp|perish3|[silent]\n|-start|p2b: Sinistcha|perish3|[silent]\n|-fieldactivate|move: Perish Song\n|cant|p2a: Garchomp|flinch\n|move|p2b: Sinistcha|Matcha Gotcha|p1b: Incineroar|[spread] \n|-miss|p2b: Sinistcha|p1a: Gengar\n|-miss|p2b: Sinistcha|p1b: Incineroar\n|\n|-start|p1a: Gengar|perish3\n|-start|p2a: Garchomp|perish3\n|-start|p2b: Sinistcha|perish3\n|-start|p1b: Incineroar|perish3\n|upkeep\n|turn|6\n|-message|detypeac1er forfeited.\n|\n|win|SavPass9\n|raw|SavPass9's rating: 1048 &rarr; <strong>1078</strong><br />(+30 for winning)\n|raw|detypeac1er's rating: 1016 &rarr; <strong>1005</strong><br />(-11 for losing)\n|l|\u2606detypeac1er\n|player|p2|\n",
  "uploadtime": 1776026864,
  "views": 20,
  "formatid": "gen9championsvgc2026regma",
  "rating": 1005,
  "private": 0,
  "password": null
}