{
  "id": "gen9championsvgc2026regma-2586818429",
  "format": "[Gen 9 Champions] VGC 2026 Reg M-A",
  "players": [
    "Xelemental 4ever",
    "Flipsicle"
  ],
  "log": "|j|\u2606Xelemental 4ever\n|j|\u2606Flipsicle\n|t:|1776462442\n|gametype|doubles\n|player|p1|Xelemental 4ever|2|1313\n|player|p2|Flipsicle|elesa-masters|1383\n|gen|9\n|tier|[Gen 9 Champions] VGC 2026 Reg M-A\n|rated|\n|rule|Species Clause: Limit one of each Pok\u00e9mon\n|rule|Item Clause: Limit 1 of each item\n|clearpoke\n|poke|p1|Froslass, L50, F|\n|poke|p1|Empoleon, L50, F|\n|poke|p1|Tsareena, L50, F|\n|poke|p1|Garchomp, L50, F|\n|poke|p1|Armarouge, L50, M|\n|poke|p1|Sableye, L50, F|\n|poke|p2|Pelipper, L50, F|\n|poke|p2|Kingambit, L50, M|\n|poke|p2|Sharpedo, L50, M|\n|poke|p2|Garchomp, L50, M|\n|poke|p2|Sneasler, L50, F|\n|poke|p2|Aegislash, L50, F|\n|teampreview|4\nFlipsicle rejected open team sheets.\n|inactive|Battle timer is ON: inactive players will automatically lose when time's up. (requested by Flipsicle)\n|c|\u2606Xelemental 4ever|Gl hf\n|c|\u2606Flipsicle|glhf\n|\n|t:|1776462477\n|teamsize|p1|4\n|teamsize|p2|4\n|start\n|switch|p1a: Froslass|Froslass, L50, F|100/100\n|switch|p1b: Tsareena|Tsareena, L50, F|100/100\n|switch|p2a: Sharpedo|Sharpedo, L50, M|100/100\n|switch|p2b: Sneasler|Sneasler, L50, F|100/100\n|turn|1\n|inactive|Flipsicle has 30 seconds left.\n|inactive|Flipsicle has 20 seconds left.\n|inactive|Flipsicle has 15 seconds left.\n|inactive|Flipsicle has 10 seconds left.\n|\n|t:|1776462524\n|detailschange|p1a: Froslass|Froslass-Mega, L50, F\n|-mega|p1a: Froslass|Froslass|Froslassite\n|-weather|Snowscape|[from] ability: Snow Warning|[of] p1a: Froslass\n|move|p2a: Sharpedo|Protect|p2a: Sharpedo\n|-singleturn|p2a: Sharpedo|Protect\n|move|p2b: Sneasler|Dire Claw|p1b: Tsareena\n|-supereffective|p1b: Tsareena|1\n|-damage|p1b: Tsareena|3/100\n|move|p1a: Froslass|Aurora Veil|p1a: Froslass\n|-sidestart|p1: Xelemental 4ever|move: Aurora Veil\n|move|p1b: Tsareena|Triple Axel|p2b: Sneasler\n|-damage|p2b: Sneasler|89/100\n|-damage|p2b: Sneasler|64/100\n|-damage|p2b: Sneasler|32/100\n|-hitcount|p2b: Sneasler|3\n|\n|-weather|Snowscape|[upkeep]\n|-ability|p2a: Sharpedo|Speed Boost|boost\n|-boost|p2a: Sharpedo|spe|1\n|upkeep\n|turn|2\n|\n|t:|1776462545\n|detailschange|p2a: Sharpedo|Sharpedo-Mega, L50, M\n|-mega|p2a: Sharpedo|Sharpedo|Sharpedonite\n|move|p2a: Sharpedo|Crunch|p1a: Froslass\n|-supereffective|p1a: Froslass|1\n|-damage|p1a: Froslass|7/100\n|move|p1a: Froslass|Blizzard|p2b: Sneasler|[spread] p2a,p2b\n|-resisted|p2a: Sharpedo|1\n|-damage|p2a: Sharpedo|62/100\n|-damage|p2b: Sneasler|0 fnt\n|faint|p2b: Sneasler\n|move|p1b: Tsareena|Trop Kick|p2a: Sharpedo\n|-supereffective|p2a: Sharpedo|1\n|-crit|p2a: Sharpedo\n|-damage|p2a: Sharpedo|0 fnt\n|faint|p2a: Sharpedo\n|\n|-weather|Snowscape|[upkeep]\n|upkeep\n|\n|t:|1776462553\n|switch|p2b: Pelipper|Pelipper, L50, F, shiny|100/100\n|switch|p2a: Kingambit|Kingambit, L50, M|100/100\n|-weather|RainDance|[from] ability: Drizzle|[of] p2b: Pelipper\n|turn|3\n|\n|t:|1776462575\n|move|p2b: Pelipper|Muddy Water|p1b: Tsareena|[spread] p1a,p1b\n|-resisted|p1b: Tsareena|1\n|-damage|p1a: Froslass|0 fnt\n|-damage|p1b: Tsareena|0 fnt\n|faint|p1a: Froslass\n|faint|p1b: Tsareena\n|move|p2a: Kingambit|Swords Dance|p2a: Kingambit\n|-boost|p2a: Kingambit|atk|2\n|\n|-weather|RainDance|[upkeep]\n|upkeep\n|\n|t:|1776462582\n|switch|p1a: Armarouge|Armarouge, L50, M|100/100\n|switch|p1b: Garchomp|Garchomp, L50, F|100/100\n|turn|4\n|\n|t:|1776462594\n|move|p1a: Armarouge|Wide Guard|p1a: Armarouge\n|-singleturn|p1a: Armarouge|Wide Guard\n|move|p2a: Kingambit|Sucker Punch|p1b: Garchomp\n|-damage|p1b: Garchomp|37/100\n|-damage|p2a: Kingambit|88/100|[from] ability: Rough Skin|[of] p1b: Garchomp\n|move|p2b: Pelipper|Muddy Water|p1b: Garchomp|[spread] \n|-activate|p1a: Armarouge|move: Wide Guard\n|-activate|p1b: Garchomp|move: Wide Guard\n|move|p1b: Garchomp|Earthquake|p2a: Kingambit|[spread] p2a\n|-activate|p1a: Armarouge|move: Wide Guard\n|-immune|p2b: Pelipper\n|-supereffective|p2a: Kingambit|1\n|-damage|p2a: Kingambit|20/100\n|\n|-weather|RainDance|[upkeep]\n|upkeep\n|turn|5\n|inactive|Xelemental 4ever has 30 seconds left.\n|\n|t:|1776462620\n|move|p1b: Garchomp|Protect|p1b: Garchomp\n|-singleturn|p1b: Garchomp|Protect\n|move|p1a: Armarouge|Wide Guard|p1a: Armarouge\n|-singleturn|p1a: Armarouge|Wide Guard\n|move|p2a: Kingambit|Sucker Punch||[still]\n|-fail|p2a: Kingambit\n|move|p2b: Pelipper|Muddy Water|p1a: Armarouge|[spread] \n|-activate|p1a: Armarouge|move: Wide Guard\n|-activate|p1b: Garchomp|move: Wide Guard\n|\n|-weather|RainDance|[upkeep]\n|-sideend|p1: Xelemental 4ever|move: Aurora Veil\n|upkeep\n|turn|6\n|\n|t:|1776462632\n|move|p2a: Kingambit|Protect|p2a: Kingambit\n|-singleturn|p2a: Kingambit|Protect\n|move|p1a: Armarouge|Wide Guard|p1a: Armarouge\n|-singleturn|p1a: Armarouge|Wide Guard\n|move|p2b: Pelipper|Muddy Water|p1a: Armarouge|[spread] \n|-activate|p1a: Armarouge|move: Wide Guard\n|-activate|p1b: Garchomp|move: Wide Guard\n|move|p1b: Garchomp|Dragon Claw|p2a: Kingambit\n|-activate|p2a: Kingambit|move: Protect\n|\n|-weather|RainDance|[upkeep]\n|upkeep\n|turn|7\n|\n|t:|1776462643\n|move|p1b: Garchomp|Protect|p1b: Garchomp\n|-singleturn|p1b: Garchomp|Protect\n|move|p1a: Armarouge|Wide Guard|p1a: Armarouge\n|-singleturn|p1a: Armarouge|Wide Guard\n|move|p2a: Kingambit|Sucker Punch||[still]\n|-fail|p2a: Kingambit\n|move|p2b: Pelipper|Muddy Water|p1a: Armarouge|[spread] \n|-activate|p1a: Armarouge|move: Wide Guard\n|-activate|p1b: Garchomp|move: Wide Guard\n|\n|-weather|none\n|upkeep\n|turn|8\n|\n|t:|1776462660\n|move|p1b: Garchomp|Protect||[still]\n|-fail|p1b: Garchomp\n|move|p2a: Kingambit|Sucker Punch||[still]\n|-fail|p2a: Kingambit\n|move|p2b: Pelipper|Muddy Water|p1b: Garchomp|[spread] p1a,p1b\n|-supereffective|p1a: Armarouge|1\n|-damage|p1a: Armarouge|43/100\n|-damage|p1b: Garchomp|8/100\n|move|p1a: Armarouge|Armor Cannon|p2a: Kingambit\n|-supereffective|p2a: Kingambit|1\n|-damage|p2a: Kingambit|0 fnt\n|-unboost|p1a: Armarouge|def|1\n|-unboost|p1a: Armarouge|spd|1\n|faint|p2a: Kingambit\n|\n|upkeep\n|turn|9\n|-message|Flipsicle forfeited.\n|\n|win|Xelemental 4ever\n|raw|Xelemental 4ever's rating: 1313 &rarr; <strong>1337</strong><br />(+24 for winning)\n|raw|Flipsicle's rating: 1383 &rarr; <strong>1359</strong><br />(-24 for losing)\n",
  "uploadtime": 1776462679,
  "views": 35,
  "formatid": "gen9championsvgc2026regma",
  "rating": 1337,
  "private": 0,
  "password": null
}