{
  "id": "gen9championsvgc2026regma-2583287010",
  "format": "[Gen 9 Champions] VGC 2026 Reg M-A",
  "players": [
    "Filo0o0o",
    "DonkeyVGCP"
  ],
  "log": "|j|\u2606Filo0o0o\n|j|\u2606DonkeyVGCP\n|t:|1776163349\n|gametype|doubles\n|player|p1|Filo0o0o|101|1202\n|player|p2|DonkeyVGCP|102|1208\n|gen|9\n|tier|[Gen 9 Champions] VGC 2026 Reg M-A\n|rated|\n|rule|Species Clause: Limit one of each Pok\u00e9mon\n|rule|Item Clause: Limit 1 of each item\n|clearpoke\n|poke|p1|Aerodactyl, L50, F|\n|poke|p1|Scovillain, L50, F|\n|poke|p1|Primarina, L50, F|\n|poke|p1|Garchomp, L50, F|\n|poke|p1|Sneasler, L50, F|\n|poke|p1|Sinistcha, L50|\n|poke|p2|Umbreon, L50, M|\n|poke|p2|Aerodactyl, L50, F|\n|poke|p2|Garchomp, L50, F|\n|poke|p2|Charizard, L50, F|\n|poke|p2|Venusaur, L50, F|\n|poke|p2|Aegislash, L50, F|\n|teampreview|4\n|inactive|Battle timer is ON: inactive players will automatically lose when time's up. (requested by DonkeyVGCP)\n|inactive|DonkeyVGCP has 60 seconds left.\n|\n|t:|1776163383\n|teamsize|p1|4\n|teamsize|p2|4\n|start\n|switch|p1a: Scovillain|Scovillain, L50, F|100/100\n|switch|p1b: Primarina|Primarina, L50, F|100/100\n|switch|p2a: Charizard|Charizard, L50, F, shiny|100/100\n|switch|p2b: Venusaur|Venusaur, L50, F|100/100\n|turn|1\n|inactive|Filo0o0o has 30 seconds left.\n|inactive|Filo0o0o has 20 seconds left.\n|\n|t:|1776163422\n|detailschange|p1a: Scovillain|Scovillain-Mega, L50, F\n|-mega|p1a: Scovillain|Scovillain|Scovillainite\n|move|p2a: Charizard|Protect|p2a: Charizard\n|-singleturn|p2a: Charizard|Protect\n|move|p1b: Primarina|Protect|p1b: Primarina\n|-singleturn|p1b: Primarina|Protect\n|move|p2b: Venusaur|Sludge Bomb|p1a: Scovillain\n|-supereffective|p1a: Scovillain|1\n|-damage|p1a: Scovillain|0 fnt\n|-status|p2b: Venusaur|brn|[from] ability: Spicy Spray|[of] p1a: Scovillain\n|faint|p1a: Scovillain\n|\n|-damage|p2b: Venusaur|94/100 brn|[from] brn\n|upkeep\n|\n|t:|1776163435\n|switch|p1a: Aerodactyl|Aerodactyl, L50, F|100/100\n|-ability|p1a: Aerodactyl|Unnerve\n|turn|2\n|\n|t:|1776163447\n|switch|p2a: Aegislash|Aegislash, L50, F|100/100\n|move|p2b: Venusaur|Protect|p2b: Venusaur\n|-singleturn|p2b: Venusaur|Protect\n|move|p1a: Aerodactyl|Rock Slide|p2a: Aegislash|[spread] p2a\n|-activate|p2b: Venusaur|move: Protect\n|-resisted|p2a: Aegislash|1\n|-damage|p2a: Aegislash|91/100\n|move|p1b: Primarina|Hyper Voice|p2a: Aegislash|[spread] p2a\n|-activate|p2b: Venusaur|move: Protect\n|-damage|p2a: Aegislash|65/100\n|\n|-damage|p2b: Venusaur|88/100 brn|[from] brn\n|upkeep\n|turn|3\n|inactive|DonkeyVGCP has 30 seconds left.\n|\n|t:|1776163480\n|switch|p2b: Charizard|Charizard, L50, F, shiny|100/100\n|switch|p1b: Sneasler|Sneasler, L50, F|100/100\n|move|p2a: Aegislash|Wide Guard|p2a: Aegislash\n|-singleturn|p2a: Aegislash|Wide Guard\n|move|p1a: Aerodactyl|Dual Wingbeat|p2b: Charizard\n|-damage|p2b: Charizard|77/100\n|-damage|p2b: Charizard|54/100\n|-hitcount|p2b: Charizard|2\n|\n|upkeep\n|turn|4\n|inactive|Filo0o0o has 30 seconds left.\n|inactive|DonkeyVGCP has 30 seconds left.\n|\n|t:|1776163509\n|move|p2b: Charizard|Protect|p2b: Charizard\n|-singleturn|p2b: Charizard|Protect\n|move|p1a: Aerodactyl|Dual Wingbeat|p2b: Charizard\n|-activate|p2b: Charizard|move: Protect\n|move|p1b: Sneasler|Rock Slide|p2a: Aegislash|[spread] p2a\n|-activate|p2b: Charizard|move: Protect\n|-resisted|p2a: Aegislash|1\n|-damage|p2a: Aegislash|58/100\n|cant|p2a: Aegislash|flinch\n|\n|upkeep\n|turn|5\n|inactive|DonkeyVGCP has 30 seconds left.\n|\n|t:|1776163538\n|detailschange|p2b: Charizard|Charizard-Mega-Y, L50, F, shiny\n|-mega|p2b: Charizard|Charizard|Charizardite Y\n|-weather|SunnyDay|[from] ability: Drought|[of] p2b: Charizard\n|move|p2a: Aegislash|Wide Guard|p2a: Aegislash\n|-singleturn|p2a: Aegislash|Wide Guard\n|move|p1a: Aerodactyl|Dual Wingbeat|p2b: Charizard\n|-damage|p2b: Charizard|34/100\n|-damage|p2b: Charizard|11/100\n|-hitcount|p2b: Charizard|2\n|move|p1b: Sneasler|Close Combat|p2b: Charizard\n|-resisted|p2b: Charizard|1\n|-damage|p2b: Charizard|0 fnt\n|-unboost|p1b: Sneasler|def|1\n|-unboost|p1b: Sneasler|spd|1\n|faint|p2b: Charizard\n|-enditem|p1b: Sneasler|White Herb\n|-clearnegativeboost|p1b: Sneasler|[silent]\n|\n|-weather|SunnyDay|[upkeep]\n|upkeep\n|\n|t:|1776163551\n|switch|p2b: Venusaur|Venusaur, L50, F|88/100 brn\n|turn|6\n|\n|t:|1776163560\n|move|p2b: Venusaur|Protect|p2b: Venusaur\n|-singleturn|p2b: Venusaur|Protect\n|move|p1b: Sneasler|Rock Slide|p2a: Aegislash|[spread] p2a\n|-activate|p2b: Venusaur|move: Protect\n|-resisted|p2a: Aegislash|1\n|-damage|p2a: Aegislash|50/100\n|move|p1a: Aerodactyl|Rock Slide|p2b: Venusaur|[spread] p2a\n|-activate|p2b: Venusaur|move: Protect\n|-resisted|p2a: Aegislash|1\n|-damage|p2a: Aegislash|41/100\n|cant|p2a: Aegislash|flinch\n|\n|-weather|SunnyDay|[upkeep]\n|-damage|p2b: Venusaur|82/100 brn|[from] brn\n|upkeep\n|turn|7\n|n|!DonkeyVGCP|donkeyvgcp\n|-message|DonkeyVGCP forfeited.\n|\n|win|Filo0o0o\n",
  "uploadtime": 1776163573,
  "views": 12,
  "formatid": "gen9championsvgc2026regma",
  "rating": null,
  "private": 0,
  "password": null
}