{
  "id": "gen9championsvgc2026regma-2586067247",
  "format": "[Gen 9 Champions] VGC 2026 Reg M-A",
  "players": [
    "thalasus",
    "jeazoal"
  ],
  "log": "|j|\u2606thalasus\n|j|\u2606jeazoal\n|t:|1776395501\n|gametype|doubles\n|player|p1|thalasus|bellelba|1066\n|player|p2|jeazoal|1|1055\n|gen|9\n|tier|[Gen 9 Champions] VGC 2026 Reg M-A\n|rated|\n|rule|Species Clause: Limit one of each Pok\u00e9mon\n|rule|Item Clause: Limit 1 of each item\n|clearpoke\n|poke|p1|Milotic, L50, F|\n|poke|p1|Altaria, L50, M|\n|poke|p1|Garchomp, L50, M|\n|poke|p1|Incineroar, L50, F|\n|poke|p1|Froslass, L50, F|\n|poke|p1|Meowscarada, L50, F|\n|poke|p2|Archaludon, L50, F|\n|poke|p2|Rotom-Heat, L50|\n|poke|p2|Basculegion, L50, M|\n|poke|p2|Dragonite, L50, F|\n|poke|p2|Pelipper, L50, F|\n|poke|p2|Sneasler, L50, M|\n|teampreview|4\n|\n|t:|1776395565\n|teamsize|p1|4\n|teamsize|p2|4\n|start\n|switch|p1a: Altaria|Altaria, L50, M|100/100\n|switch|p1b: Garchomp|Garchomp, L50, M|100/100\n|switch|p2a: Archaludon|Archaludon, L50, F|100/100\n|switch|p2b: Pelipper|Pelipper, L50, F|100/100\n|-ability|p1a: Altaria|Cloud Nine\n|-weather|RainDance|[from] ability: Drizzle|[of] p2b: Pelipper\n|turn|1\n|\n|t:|1776395591\n|move|p1a: Altaria|Protect|p1a: Altaria\n|-singleturn|p1a: Altaria|Protect\n|move|p1b: Garchomp|Earthquake|p2b: Pelipper|[spread] p2a\n|-activate|p1a: Altaria|move: Protect\n|-immune|p2b: Pelipper\n|-supereffective|p2a: Archaludon|1\n|-damage|p2a: Archaludon|43/100\n|-ability|p2a: Archaludon|Stamina|boost\n|-boost|p2a: Archaludon|def|1\n|move|p2a: Archaludon|Dragon Pulse|p1b: Garchomp\n|-supereffective|p1b: Garchomp|1\n|-damage|p1b: Garchomp|9/100\n|move|p2b: Pelipper|Hurricane|p1b: Garchomp\n|-damage|p1b: Garchomp|0 fnt\n|faint|p1b: Garchomp\n|\n|-weather|RainDance|[upkeep]\n|-heal|p2a: Archaludon|49/100|[from] item: Leftovers\n|upkeep\n|\n|t:|1776395608\n|switch|p1b: Milotic|Milotic, L50, F|100/100\n|turn|2\n|\n|t:|1776395640\n|switch|p2b: Basculegion|Basculegion, L50, M|100/100\n|move|p2a: Archaludon|Protect|p2a: Archaludon\n|-singleturn|p2a: Archaludon|Protect\n|move|p1a: Altaria|Moonblast|p2a: Archaludon\n|-activate|p2a: Archaludon|move: Protect\n|move|p1b: Milotic|Ice Beam|p2a: Archaludon\n|-activate|p2a: Archaludon|move: Protect\n|\n|-weather|RainDance|[upkeep]\n|-heal|p2a: Archaludon|55/100|[from] item: Leftovers\n|upkeep\n|turn|3\n|\n|t:|1776395716\n|switch|p2a: Dragonite|Dragonite, L50, F|100/100\n|move|p1a: Altaria|Tailwind|p1a: Altaria\n|-sidestart|p1: thalasus|move: Tailwind\n|move|p1b: Milotic|Ice Beam|p2a: Dragonite\n|-supereffective|p2a: Dragonite|2\n|-damage|p2a: Dragonite|39/100\n|move|p2b: Basculegion|Flip Turn|p1a: Altaria\n|-resisted|p1a: Altaria|1\n|-damage|p1a: Altaria|83/100\n|\n|t:|1776395729\n|switch|p2b: Pelipper|Pelipper, L50, F|100/100|[from] Flip Turn\n|\n|-weather|RainDance|[upkeep]\n|upkeep\n|turn|4\n|\n|t:|1776395764\n|detailschange|p2a: Dragonite|Dragonite-Mega, L50, F\n|-mega|p2a: Dragonite|Dragonite|Dragoninite\n|move|p1a: Altaria|Moonblast|p2b: Pelipper\n|-damage|p2b: Pelipper|72/100\n|move|p1b: Milotic|Ice Beam|p2b: Pelipper\n|-damage|p2b: Pelipper|26/100\n|move|p2a: Dragonite|Thunder|p1b: Milotic\n|-supereffective|p1b: Milotic|1\n|-damage|p1b: Milotic|27/100\n|-status|p1b: Milotic|par\n|move|p2b: Pelipper|Tailwind|p2b: Pelipper\n|-sidestart|p2: jeazoal|move: Tailwind\n|\n|-weather|RainDance|[upkeep]\n|-heal|p1b: Milotic|33/100 par|[from] item: Leftovers\n|upkeep\n|turn|5\n|\n|t:|1776395793\n|switch|p2a: Archaludon|Archaludon, L50, F|55/100\n|switch|p2b: Basculegion|Basculegion, L50, M|100/100\n|move|p1b: Milotic|Protect|p1b: Milotic\n|-singleturn|p1b: Milotic|Protect\n|move|p1a: Altaria|Moonblast|p2a: Archaludon\n|-damage|p2a: Archaludon|37/100\n|-unboost|p2a: Archaludon|spa|1\n|-ability|p2a: Archaludon|Stamina|boost\n|-boost|p2a: Archaludon|def|1\n|\n|-weather|none\n|-heal|p2a: Archaludon|43/100|[from] item: Leftovers\n|-heal|p1b: Milotic|39/100 par|[from] item: Leftovers\n|upkeep\n|turn|6\n|\n|t:|1776395818\n|switch|p1b: Incineroar|Incineroar, L50, F|100/100\n|-ability|p1b: Incineroar|Intimidate|boost\n|-unboost|p2a: Archaludon|atk|1\n|-unboost|p2b: Basculegion|atk|1\n|move|p1a: Altaria|Protect|p1a: Altaria\n|-singleturn|p1a: Altaria|Protect\n|move|p2a: Archaludon|Protect|p2a: Archaludon\n|-singleturn|p2a: Archaludon|Protect\n|move|p2b: Basculegion|Flip Turn|p1a: Altaria\n|-activate|p1a: Altaria|move: Protect\n|\n|-heal|p2a: Archaludon|49/100|[from] item: Leftovers\n|-sideend|p1: thalasus|move: Tailwind\n|upkeep\n|turn|7\n|\n|t:|1776395838\n|switch|p2a: Dragonite|Dragonite-Mega, L50, F|39/100\n|move|p2b: Basculegion|Flip Turn|p1b: Incineroar\n|-supereffective|p1b: Incineroar|1\n|-damage|p1b: Incineroar|54/100\n|\n|t:|1776395847\n|switch|p2b: Pelipper|Pelipper, L50, F|26/100|[from] Flip Turn\n|-weather|RainDance|[from] ability: Drizzle|[of] p2b: Pelipper\n|move|p1a: Altaria|Tailwind|p1a: Altaria\n|-sidestart|p1: thalasus|move: Tailwind\n|move|p1b: Incineroar|Flare Blitz|p2a: Dragonite\n|-resisted|p2a: Dragonite|1\n|-damage|p2a: Dragonite|14/100\n|-damage|p1b: Incineroar|47/100|[from] Recoil\n|-enditem|p1b: Incineroar|Sitrus Berry|[eat]\n|-heal|p1b: Incineroar|72/100|[from] item: Sitrus Berry\n|\n|-weather|RainDance|[upkeep]\n|-sideend|p2: jeazoal|move: Tailwind\n|upkeep\n|turn|8\n|\n|t:|1776395872\n|move|p2b: Pelipper|Protect|p2b: Pelipper\n|-singleturn|p2b: Pelipper|Protect\n|move|p1a: Altaria|Breaking Swipe|p2b: Pelipper|[spread] p2a\n|-activate|p2b: Pelipper|move: Protect\n|-supereffective|p2a: Dragonite|1\n|-damage|p2a: Dragonite|0 fnt\n|faint|p2a: Dragonite\n|move|p1b: Incineroar|Flare Blitz|p2b: Pelipper\n|-activate|p2b: Pelipper|move: Protect\n|\n|-weather|RainDance|[upkeep]\n|upkeep\n|\n|t:|1776395882\n|switch|p2a: Basculegion|Basculegion, L50, M|100/100\n|turn|9\n|\n|t:|1776395923\n|move|p2a: Basculegion|Aqua Jet|p1b: Incineroar\n|-supereffective|p1b: Incineroar|1\n|-damage|p1b: Incineroar|33/100\n|move|p1a: Altaria|Moonblast|p2a: Basculegion\n|-crit|p2a: Basculegion\n|-damage|p2a: Basculegion|71/100\n|move|p1b: Incineroar|Parting Shot|p2a: Basculegion\n|-unboost|p2a: Basculegion|atk|1\n|-unboost|p2a: Basculegion|spa|1\n|\n|t:|1776395927\n|switch|p1b: Milotic|Milotic, L50, F|39/100 par|[from] Parting Shot\n|move|p2b: Pelipper|Weather Ball|p1a: Altaria\n|-damage|p1a: Altaria|69/100\n|\n|-weather|RainDance|[upkeep]\n|-heal|p1b: Milotic|45/100 par|[from] item: Leftovers\n|upkeep\n|turn|10\n|\n|t:|1776395956\n|move|p1a: Altaria|Breaking Swipe|p2b: Pelipper|[spread] p2a,p2b\n|-damage|p2a: Basculegion|56/100\n|-damage|p2b: Pelipper|12/100\n|-unboost|p2a: Basculegion|atk|1\n|-unboost|p2b: Pelipper|atk|1\n|move|p2a: Basculegion|Last Respects|p1a: Altaria\n|-damage|p1a: Altaria|41/100\n|move|p2b: Pelipper|Hurricane|p1b: Milotic\n|-damage|p1b: Milotic|8/100 par\n|-start|p1b: Milotic|confusion\n|-activate|p1b: Milotic|confusion\n|-damage|p1b: Milotic|2/100 par|[from] confusion\n|\n|-weather|RainDance|[upkeep]\n|-heal|p1b: Milotic|8/100 par|[from] item: Leftovers\n|-sideend|p1: thalasus|move: Tailwind\n|upkeep\n|turn|11\n|\n|t:|1776395978\n|move|p2b: Pelipper|Protect|p2b: Pelipper\n|-singleturn|p2b: Pelipper|Protect\n|-end|p1b: Milotic|confusion\n|cant|p1b: Milotic|par\n|move|p1a: Altaria|Breaking Swipe|p2a: Basculegion|[spread] p2a\n|-activate|p2b: Pelipper|move: Protect\n|-damage|p2a: Basculegion|41/100\n|-unboost|p2a: Basculegion|atk|1\n|move|p2a: Basculegion|Flip Turn|p1b: Milotic\n|-resisted|p1b: Milotic|1\n|-damage|p1b: Milotic|0 fnt\n|faint|p1b: Milotic\n|\n|t:|1776396000\n|switch|p2a: Archaludon|Archaludon, L50, F|49/100|[from] Flip Turn\n|\n|-weather|none\n|-heal|p2a: Archaludon|55/100|[from] item: Leftovers\n|upkeep\n|\n|t:|1776396005\n|switch|p1b: Incineroar|Incineroar, L50, F|33/100\n|-ability|p1b: Incineroar|Intimidate|boost\n|-unboost|p2a: Archaludon|atk|1\n|-unboost|p2b: Pelipper|atk|1\n|turn|12\n|\n|t:|1776396015\n|move|p2a: Archaludon|Protect|p2a: Archaludon\n|-singleturn|p2a: Archaludon|Protect\n|move|p1b: Incineroar|Fake Out|p2a: Archaludon\n|-activate|p2a: Archaludon|move: Protect\n|move|p1a: Altaria|Breaking Swipe|p2b: Pelipper|[spread] p2b\n|-activate|p2a: Archaludon|move: Protect\n|-damage|p2b: Pelipper|0 fnt\n|faint|p2b: Pelipper\n|\n|-heal|p2a: Archaludon|61/100|[from] item: Leftovers\n|upkeep\n|\n|t:|1776396027\n|switch|p2b: Basculegion|Basculegion, L50, M|41/100\n|turn|13\n|\n|t:|1776396052\n|move|p2b: Basculegion|Aqua Jet|p1a: Altaria\n|-resisted|p1a: Altaria|1\n|-damage|p1a: Altaria|29/100\n|move|p1a: Altaria|Breaking Swipe|p2a: Archaludon|[spread] p2a,p2b\n|-damage|p2a: Archaludon|53/100\n|-damage|p2b: Basculegion|28/100\n|-unboost|p2a: Archaludon|atk|1\n|-unboost|p2b: Basculegion|atk|1\n|-ability|p2a: Archaludon|Stamina|boost\n|-boost|p2a: Archaludon|def|1\n|move|p2a: Archaludon|Dragon Pulse|p1b: Incineroar\n|-damage|p1b: Incineroar|3/100\n|move|p1b: Incineroar|Flare Blitz|p2a: Archaludon\n|-damage|p2a: Archaludon|30/100\n|-ability|p2a: Archaludon|Stamina|boost\n|-boost|p2a: Archaludon|def|1\n|-damage|p1b: Incineroar|0 fnt|[from] Recoil\n|faint|p1b: Incineroar\n|\n|-heal|p2a: Archaludon|36/100|[from] item: Leftovers\n|upkeep\n|turn|14\n|-message|thalasus forfeited.\n|\n|win|jeazoal\n|raw|thalasus's rating: 1066 &rarr; <strong>1045</strong><br />(-21 for losing)\n|raw|jeazoal's rating: 1055 &rarr; <strong>1088</strong><br />(+33 for winning)\n|l|\u2606thalasus\n|player|p1|\n",
  "uploadtime": 1776396167,
  "views": 15,
  "formatid": "gen9championsvgc2026regma",
  "rating": 1045,
  "private": 0,
  "password": null
}