{
  "id": "gen9championsvgc2026regma-2582673211",
  "format": "[Gen 9 Champions] VGC 2026 Reg M-A",
  "players": [
    "Kdog2025",
    "1#MiraidonHater"
  ],
  "log": "|j|\u2606Kdog2025\n|j|\u26061#MiraidonHater\n|t:|1776106404\n|gametype|doubles\n|player|p1|Kdog2025|266|1265\n|player|p2|1#MiraidonHater|170|1231\n|gen|9\n|tier|[Gen 9 Champions] VGC 2026 Reg M-A\n|rated|\n|rule|Species Clause: Limit one of each Pok\u00e9mon\n|rule|Item Clause: Limit 1 of each item\n|clearpoke\n|poke|p1|Empoleon, L50, M|\n|poke|p1|Floette-Eternal, L50, F|\n|poke|p1|Ninetales-Alola, L50, F|\n|poke|p1|Incineroar, L50, F|\n|poke|p1|Aerodactyl, L50, M|\n|poke|p1|Farigiraf, L50, M|\n|poke|p2|Kommo-o, L50, M|\n|poke|p2|Incineroar, L50, M|\n|poke|p2|Glimmora, L50, F|\n|poke|p2|Sinistcha, L50|\n|poke|p2|Talonflame, L50, F|\n|poke|p2|Palafin, L50, F|\n|teampreview|4\n|inactive|Battle timer is ON: inactive players will automatically lose when time's up. (requested by Kdog2025)\n|inactive|Kdog2025 has 60 seconds left.\n|inactive|1#MiraidonHater has 60 seconds left.\n|inactive|1#MiraidonHater has 30 seconds left.\n|\n|t:|1776106477\n|teamsize|p1|4\n|teamsize|p2|4\n|start\n|switch|p1a: Aerodactyl|Aerodactyl, L50, M|100/100\n|switch|p1b: Empoleon|Empoleon, L50, M|100/100\n|switch|p2a: Glimmora|Glimmora, L50, F|100/100\n|switch|p2b: Talonflame|Talonflame, L50, F|100/100\n|-ability|p1a: Aerodactyl|Unnerve\n|turn|1\n|\n|t:|1776106489\n|switch|p2a: Palafin|Palafin, L50, F|100/100\n|move|p2b: Talonflame|Tailwind|p2b: Talonflame\n|-sidestart|p2: 1#MiraidonHater|move: Tailwind\n|move|p1a: Aerodactyl|Tailwind|p1a: Aerodactyl\n|-sidestart|p1: Kdog2025|move: Tailwind\n|move|p1b: Empoleon|Icy Wind|p2b: Talonflame|[spread] p2a,p2b\n|-resisted|p2a: Palafin|1\n|-crit|p2a: Palafin\n|-damage|p2a: Palafin|89/100\n|-damage|p2b: Talonflame|84/100\n|-unboost|p2a: Palafin|spe|1\n|-unboost|p2b: Talonflame|spe|1\n|\n|upkeep\n|turn|2\n|\n|t:|1776106509\n|detailschange|p2a: Palafin|Palafin-Hero, L50, F\n|switch|p2a: Sinistcha|Sinistcha, L50|100/100\n|-heal|p2b: Talonflame|100/100|[from] ability: Hospitality|[of] p2a: Sinistcha\n|move|p2b: Talonflame|Protect|p2b: Talonflame\n|-singleturn|p2b: Talonflame|Protect\n|move|p1a: Aerodactyl|Rock Slide|p2a: Sinistcha|[spread] p2a\n|-activate|p2b: Talonflame|move: Protect\n|-damage|p2a: Sinistcha|80/100\n|move|p1b: Empoleon|Chilling Water|p2a: Sinistcha\n|-resisted|p2a: Sinistcha|1\n|-damage|p2a: Sinistcha|70/100\n|-unboost|p2a: Sinistcha|atk|1\n|\n|upkeep\n|turn|3\n|\n|t:|1776106532\n|switch|p2b: Palafin|Palafin-Hero, L50, F|89/100\n|-activate|p2b: Palafin|ability: Zero to Hero\n|move|p1a: Aerodactyl|Rock Slide|p2a: Sinistcha|[spread] p2a,p2b\n|-damage|p2a: Sinistcha|48/100\n|-damage|p2b: Palafin|62/100\n|cant|p2a: Sinistcha|flinch\n|move|p1b: Empoleon|Icy Wind|p2b: Palafin|[spread] p2a,p2b\n|-supereffective|p2a: Sinistcha|1\n|-resisted|p2b: Palafin|1\n|-damage|p2a: Sinistcha|29/100\n|-damage|p2b: Palafin|56/100\n|-unboost|p2a: Sinistcha|spe|1\n|-unboost|p2b: Palafin|spe|1\n|\n|upkeep\n|turn|4\n|\n|t:|1776106558\n|move|p1a: Aerodactyl|Protect|p1a: Aerodactyl\n|-singleturn|p1a: Aerodactyl|Protect\n|move|p2b: Palafin|Jet Punch|p1a: Aerodactyl\n|-activate|p1a: Aerodactyl|move: Protect\n|move|p1b: Empoleon|Icy Wind|p2b: Palafin|[spread] p2a\n|-miss|p1b: Empoleon|p2b: Palafin\n|-supereffective|p2a: Sinistcha|1\n|-damage|p2a: Sinistcha|10/100\n|-unboost|p2a: Sinistcha|spe|1\n|move|p2a: Sinistcha|Life Dew|p2a: Sinistcha|[spread] p2a,p2b\n|-heal|p2a: Sinistcha|35/100\n|-heal|p2b: Palafin|81/100\n|\n|-sideend|p1: Kdog2025|move: Tailwind\n|-sideend|p2: 1#MiraidonHater|move: Tailwind\n|upkeep\n|turn|5\n|\n|t:|1776106572\n|switch|p2a: Glimmora|Glimmora, L50, F|100/100\n|move|p2b: Palafin|Jet Punch|p1a: Aerodactyl\n|-supereffective|p1a: Aerodactyl|1\n|-enditem|p1a: Aerodactyl|Focus Sash\n|-damage|p1a: Aerodactyl|1/100\n|move|p1a: Aerodactyl|Tailwind|p1a: Aerodactyl\n|-sidestart|p1: Kdog2025|move: Tailwind\n|move|p1b: Empoleon|Chilling Water|p2b: Palafin\n|-resisted|p2b: Palafin|1\n|-damage|p2b: Palafin|71/100\n|-unboost|p2b: Palafin|atk|1\n|\n|upkeep\n|turn|6\n|inactive|1#MiraidonHater has 30 seconds left.\n|\n|t:|1776106602\n|move|p2a: Glimmora|Spiky Shield|p2a: Glimmora\n|-singleturn|p2a: Glimmora|move: Protect\n|move|p2b: Palafin|Jet Punch|p1a: Aerodactyl\n|-supereffective|p1a: Aerodactyl|1\n|-damage|p1a: Aerodactyl|0 fnt\n|faint|p1a: Aerodactyl\n|move|p1b: Empoleon|Flash Cannon|p2a: Glimmora\n|-activate|p2a: Glimmora|move: Protect\n|\n|upkeep\n|\n|t:|1776106610\n|switch|p1a: Ninetales|Ninetales-Alola, L50, F|100/100\n|-weather|Snowscape|[from] ability: Snow Warning|[of] p1a: Ninetales\n|turn|7\n|inactive|1#MiraidonHater has 30 seconds left.\n|\n|t:|1776106641\n|switch|p2a: Sinistcha|Sinistcha, L50|35/100\n|-heal|p2b: Palafin|96/100|[from] ability: Hospitality|[of] p2a: Sinistcha\n|switch|p2b: Talonflame|Talonflame, L50, F|100/100\n|move|p1a: Ninetales|Aurora Veil|p1a: Ninetales\n|-sidestart|p1: Kdog2025|move: Aurora Veil\n|move|p1b: Empoleon|Flash Cannon|p2a: Sinistcha\n|-damage|p2a: Sinistcha|3/100\n|\n|-weather|Snowscape|[upkeep]\n|upkeep\n|turn|8\n|\n|t:|1776106661\n|move|p2a: Sinistcha|Rage Powder|p2a: Sinistcha\n|-singleturn|p2a: Sinistcha|move: Rage Powder\n|move|p2b: Talonflame|Tailwind|p2b: Talonflame\n|-sidestart|p2: 1#MiraidonHater|move: Tailwind\n|move|p1a: Ninetales|Blizzard|p2a: Sinistcha|[spread] p2a,p2b\n|-supereffective|p2a: Sinistcha|1\n|-damage|p2a: Sinistcha|0 fnt\n|-damage|p2b: Talonflame|38/100\n|-status|p2b: Talonflame|frz\n|faint|p2a: Sinistcha\n|move|p1b: Empoleon|Chilling Water|p2b: Talonflame\n|-supereffective|p2b: Talonflame|1\n|-damage|p2b: Talonflame|0 fnt\n|faint|p2b: Talonflame\n|\n|-weather|Snowscape|[upkeep]\n|-sideend|p1: Kdog2025|move: Tailwind\n|upkeep\n|\n|t:|1776106667\n|switch|p2b: Palafin|Palafin-Hero, L50, F|96/100\n|switch|p2a: Glimmora|Glimmora, L50, F|100/100\n|turn|9\n|\n|t:|1776106690\n|move|p2a: Glimmora|Spiky Shield|p2a: Glimmora\n|-singleturn|p2a: Glimmora|move: Protect\n|move|p1b: Empoleon|Protect|p1b: Empoleon\n|-singleturn|p1b: Empoleon|Protect\n|move|p2b: Palafin|Close Combat|p1b: Empoleon\n|-activate|p1b: Empoleon|move: Protect\n|move|p1a: Ninetales|Freeze-Dry|p2b: Palafin\n|-supereffective|p2b: Palafin|1\n|-crit|p2b: Palafin\n|-damage|p2b: Palafin|0 fnt\n|faint|p2b: Palafin\n|\n|-weather|Snowscape|[upkeep]\n|upkeep\n|turn|10\n|c|\u2606Kdog2025|Gg\n|c|\u26061#MiraidonHater|wow\n|-message|1#MiraidonHater forfeited.\n|\n|win|Kdog2025\n",
  "uploadtime": 1776106406,
  "views": 31,
  "formatid": "gen9championsvgc2026regma",
  "rating": null,
  "private": 0,
  "password": null
}