{
  "id": "gen9championsvgc2026regma-2582980813",
  "format": "[Gen 9 Champions] VGC 2026 Reg M-A",
  "players": [
    "4nil0m",
    "Frogspit351"
  ],
  "log": "|j|\u26064nil0m\n|j|\u2606Frogspit351\n|t:|1776130450\n|gametype|doubles\n|player|p1|4nil0m|101|1058\n|player|p2|Frogspit351|ingo|1152\n|gen|9\n|tier|[Gen 9 Champions] VGC 2026 Reg M-A\n|rated|\n|rule|Species Clause: Limit one of each Pok\u00e9mon\n|rule|Item Clause: Limit 1 of each item\n|clearpoke\n|poke|p1|Aurorus, L50, M|\n|poke|p1|Greninja-*, L50, F|\n|poke|p1|Talonflame, L50, F|\n|poke|p1|Rotom-Frost, L50|\n|poke|p1|Garchomp, L50, F|\n|poke|p1|Basculegion, L50, M|\n|poke|p2|Pelipper, L50, M|\n|poke|p2|Archaludon, L50, M|\n|poke|p2|Basculegion, L50, M|\n|poke|p2|Meganium, L50, M|\n|poke|p2|Garchomp, L50, M|\n|poke|p2|Delphox, L50, F|\n|teampreview|4\n|inactive|Battle timer is ON: inactive players will automatically lose when time's up. (requested by Frogspit351)\n|inactive|4nil0m has 60 seconds left.\n|\n|t:|1776130492\n|teamsize|p1|4\n|teamsize|p2|4\n|start\n|switch|p1a: Aurorus|Aurorus, L50, M|100/100\n|switch|p1b: Talonflame|Talonflame, L50, F|100/100\n|switch|p2a: Delphox|Delphox, L50, F|100/100\n|switch|p2b: Garchomp|Garchomp, L50, M|100/100\n|-weather|Snowscape|[from] ability: Snow Warning|[of] p1a: Aurorus\n|turn|1\n|\n|t:|1776130513\n|detailschange|p2a: Delphox|Delphox-Mega, L50, F\n|-mega|p2a: Delphox|Delphox|Delphoxite\n|move|p1b: Talonflame|Tailwind|p1b: Talonflame\n|-sidestart|p1: 4nil0m|move: Tailwind\n|move|p2a: Delphox|Flamethrower|p1a: Aurorus\n|-damage|p1a: Aurorus|50/100\n|move|p1a: Aurorus|Aurora Veil|p1a: Aurorus\n|-sidestart|p1: 4nil0m|move: Aurora Veil\n|move|p2b: Garchomp|Earthquake|p1a: Aurorus|[spread] p1a\n|-immune|p2a: Delphox|[from] ability: Levitate\n|-immune|p1b: Talonflame\n|-supereffective|p1a: Aurorus|1\n|-damage|p1a: Aurorus|19/100\n|\n|-weather|Snowscape|[upkeep]\n|upkeep\n|turn|2\n|inactive|4nil0m has 30 seconds left.\n|\n|t:|1776130539\n|move|p1b: Talonflame|Acrobatics|p2a: Delphox\n|-damage|p2a: Delphox|41/100\n|move|p2a: Delphox|Flamethrower|p1a: Aurorus\n|-crit|p1a: Aurorus\n|-damage|p1a: Aurorus|0 fnt\n|faint|p1a: Aurorus\n|move|p2b: Garchomp|Rock Slide|p1b: Talonflame\n|-supereffective|p1b: Talonflame|2\n|-damage|p1b: Talonflame|0 fnt\n|faint|p1b: Talonflame\n|\n|-weather|Snowscape|[upkeep]\n|upkeep\n|\n|t:|1776130550\n|switch|p1b: Basculegion|Basculegion, L50, M|100/100\n|switch|p1a: Greninja|Greninja, L50, F|100/100\n|turn|3\n|inactive|4nil0m has 30 seconds left.\n|\n|t:|1776130584\n|detailschange|p1a: Greninja|Greninja-Mega, L50, F\n|-mega|p1a: Greninja|Greninja|Greninjite\n|move|p2a: Delphox|Protect|p2a: Delphox\n|-singleturn|p2a: Delphox|Protect\n|move|p2b: Garchomp|Protect|p2b: Garchomp\n|-singleturn|p2b: Garchomp|Protect\n|move|p1b: Basculegion|Last Respects|p2b: Garchomp\n|-activate|p2b: Garchomp|move: Protect\n|move|p1a: Greninja|Blizzard|p2a: Delphox|[spread] \n|-start|p1a: Greninja|typechange|Ice|[from] ability: Protean\n|-activate|p2a: Delphox|move: Protect\n|-activate|p2b: Garchomp|move: Protect\n|\n|-weather|Snowscape|[upkeep]\n|upkeep\n|turn|4\n|\n|t:|1776130613\n|move|p1b: Basculegion|Last Respects|p2a: Delphox\n|-supereffective|p2a: Delphox|1\n|-damage|p2a: Delphox|0 fnt\n|faint|p2a: Delphox\n|move|p1a: Greninja|Blizzard|p2b: Garchomp\n|-supereffective|p2b: Garchomp|2\n|-enditem|p2b: Garchomp|Focus Sash\n|-damage|p2b: Garchomp|1/100\n|move|p2b: Garchomp|Earthquake|p1b: Basculegion|[spread] p1a,p1b\n|-damage|p1a: Greninja|73/100\n|-damage|p1b: Basculegion|67/100\n|\n|-weather|Snowscape|[upkeep]\n|-sideend|p1: 4nil0m|move: Tailwind\n|upkeep\n|\n|t:|1776130625\n|switch|p2a: Pelipper|Pelipper, L50, M|100/100\n|-weather|RainDance|[from] ability: Drizzle|[of] p2a: Pelipper\n|turn|5\n|\n|t:|1776130647\n|move|p1b: Basculegion|Last Respects|p2a: Pelipper\n|-damage|p2a: Pelipper|0 fnt\n|faint|p2a: Pelipper\n|move|p1a: Greninja|Blizzard|p2b: Garchomp\n|-supereffective|p2b: Garchomp|2\n|-damage|p2b: Garchomp|0 fnt\n|faint|p2b: Garchomp\n|\n|-weather|RainDance|[upkeep]\n|-sideend|p1: 4nil0m|move: Aurora Veil\n|upkeep\n|\n|t:|1776130663\n|switch|p2a: Archaludon|Archaludon, L50, M|100/100\n|turn|6\n|\n|t:|1776130678\n|move|p1b: Basculegion|Last Respects|p2a: Archaludon\n|-damage|p2a: Archaludon|29/100\n|move|p1a: Greninja|Blizzard|p2a: Archaludon\n|-damage|p2a: Archaludon|0 fnt\n|faint|p2a: Archaludon\n|\n|win|4nil0m\n|raw|4nil0m's rating: 1058 &rarr; <strong>1098</strong><br />(+40 for winning)\n|raw|Frogspit351's rating: 1152 &rarr; <strong>1120</strong><br />(-32 for losing)\n|c|\u26064nil0m|u suk\n",
  "uploadtime": 1776130689,
  "views": 12,
  "formatid": "gen9championsvgc2026regma",
  "rating": 1098,
  "private": 0,
  "password": null
}