{
  "id": "gen9championsvgc2026regma-2581190341",
  "format": "[Gen 9 Champions] VGC 2026 Reg M-A",
  "players": [
    "disciple of blahaj",
    "jonbazte"
  ],
  "log": "|j|\u2606disciple of blahaj\n|j|\u2606jonbazte\n|t:|1775968910\n|gametype|doubles\n|player|p1|disciple of blahaj|jacinthe|1086\n|player|p2|jonbazte|rocketgrunt|1156\n|gen|9\n|tier|[Gen 9 Champions] VGC 2026 Reg M-A\n|rated|\n|rule|Species Clause: Limit one of each Pok\u00e9mon\n|rule|Item Clause: Limit 1 of each item\n|clearpoke\n|poke|p1|Lopunny, L50, M|\n|poke|p1|Basculegion, L50, M|\n|poke|p1|Whimsicott, L50, F|\n|poke|p1|Pelipper, L50, F|\n|poke|p1|Garchomp, L50, F|\n|poke|p1|Aegislash, L50, F|\n|poke|p2|Arcanine-Hisui, L50, F|\n|poke|p2|Charizard, L50, M|\n|poke|p2|Sneasler, L50, M|\n|poke|p2|Ninetales-Alola, L50, M|\n|poke|p2|Kingambit, L50, M|\n|poke|p2|Sinistcha, L50|\n|teampreview|4\njonbazte has agreed to open team sheets.\n|inactive|Battle timer is ON: inactive players will automatically lose when time's up. (requested by disciple of blahaj)\n|inactive|jonbazte has 60 seconds left.\n|\n|t:|1775968965\n|teamsize|p1|4\n|teamsize|p2|4\n|start\n|switch|p1a: Basculegion|Basculegion, L50, M|100/100\n|switch|p1b: Aegislash|Aegislash, L50, F|100/100\n|switch|p2a: Arcanine|Arcanine-Hisui, L50, F|100/100\n|switch|p2b: Sneasler|Sneasler, L50, M|100/100\n|-ability|p2a: Arcanine|Intimidate|boost\n|-unboost|p1a: Basculegion|atk|1\n|-unboost|p1b: Aegislash|atk|1\n|-ability|p2b: Sneasler|Pressure\n|turn|1\n|inactive|disciple of blahaj has 30 seconds left.\n|inactive|jonbazte has 30 seconds left.\n|\n|t:|1775968993\n|move|p1b: Aegislash|King's Shield|p1b: Aegislash\n|-singleturn|p1b: Aegislash|Protect\n|move|p2a: Arcanine|Flare Blitz|p1b: Aegislash\n|-activate|p1b: Aegislash|move: Protect\n|-unboost|p2a: Arcanine|atk|1\n|move|p1a: Basculegion|Flip Turn|p2a: Arcanine\n|-supereffective|p2a: Arcanine|2\n|-damage|p2a: Arcanine|0 fnt\n|faint|p2a: Arcanine\n|\n|t:|1775969004\n|switch|p1a: Lopunny|Lopunny, L50, M, shiny|100/100|[from] Flip Turn\n|move|p2b: Sneasler|Rock Tomb|p1a: Lopunny\n|-damage|p1a: Lopunny|66/100\n|-unboost|p1a: Lopunny|spe|1\n|\n|upkeep\n|\n|t:|1775969012\n|switch|p2a: Ninetales|Ninetales-Alola, L50, M|100/100\n|turn|2\n|\n|t:|1775969030\n|switch|p1a: Basculegion|Basculegion, L50, M|100/100\n|move|p2a: Ninetales|Aurora Veil||[still]\n|-fail|p2a: Ninetales\n|move|p2b: Sneasler|Close Combat|p1a: Basculegion\n|-immune|p1a: Basculegion\n|-formechange|p1b: Aegislash|Aegislash-Blade|\n|move|p1b: Aegislash|Iron Head|p2a: Ninetales\n|-supereffective|p2a: Ninetales|2\n|-enditem|p2a: Ninetales|Focus Sash\n|-damage|p2a: Ninetales|1/100\n|\n|upkeep\n|turn|3\n|\n|t:|1775969050\n|move|p1a: Basculegion|Flip Turn|p2a: Ninetales\n|-damage|p2a: Ninetales|0 fnt\n|faint|p2a: Ninetales\n|\n|t:|1775969054\n|switch|p1a: Lopunny|Lopunny, L50, M, shiny|66/100|[from] Flip Turn\n|move|p2b: Sneasler|Rock Tomb|p1b: Aegislash\n|-resisted|p1b: Aegislash|1\n|-damage|p1b: Aegislash|80/100\n|-unboost|p1b: Aegislash|spe|1\n|move|p1b: Aegislash|Shadow Ball|p2b: Sneasler\n|-damage|p2b: Sneasler|46/100\n|\n|-heal|p1b: Aegislash|86/100|[from] item: Leftovers\n|upkeep\n|\n|t:|1775969057\n|switch|p2a: Charizard|Charizard, L50, M|100/100\n|turn|4\n|\n|t:|1775969072\n|detailschange|p1a: Lopunny|Lopunny-Mega, L50, M, shiny\n|-mega|p1a: Lopunny|Lopunny|Lopunnite\n|move|p1a: Lopunny|Fake Out|p2a: Charizard\n|-damage|p2a: Charizard|70/100\n|move|p2b: Sneasler|Close Combat|p1a: Lopunny\n|-supereffective|p1a: Lopunny|1\n|-damage|p1a: Lopunny|0 fnt\n|-unboost|p2b: Sneasler|def|1\n|-unboost|p2b: Sneasler|spd|1\n|faint|p1a: Lopunny\n|-enditem|p2b: Sneasler|White Herb\n|-clearnegativeboost|p2b: Sneasler|[silent]\n|cant|p2a: Charizard|flinch\n|move|p1b: Aegislash|Shadow Ball|p2b: Sneasler\n|-damage|p2b: Sneasler|0 fnt\n|faint|p2b: Sneasler\n|\n|-heal|p1b: Aegislash|92/100|[from] item: Leftovers\n|upkeep\n|\n|t:|1775969080\n|switch|p1a: Basculegion|Basculegion, L50, M|100/100\n|turn|5\n|\n|t:|1775969094\n|detailschange|p2a: Charizard|Charizard-Mega-X, L50, M\n|-mega|p2a: Charizard|Charizard|Charizardite X\n|move|p1a: Basculegion|Flip Turn|p2a: Charizard\n|-damage|p2a: Charizard|29/100\n|\n|t:|1775969099\n|switch|p1a: Pelipper|Pelipper, L50, F|100/100|[from] Flip Turn\n|-weather|RainDance|[from] ability: Drizzle|[of] p1a: Pelipper\n|move|p2a: Charizard|Dragon Claw|p1a: Pelipper\n|-damage|p1a: Pelipper|28/100\n|move|p1b: Aegislash|Shadow Ball|p2a: Charizard\n|-damage|p2a: Charizard|0 fnt\n|faint|p2a: Charizard\n|\n|win|disciple of blahaj\n|raw|disciple of blahaj's rating: 1086 &rarr; <strong>1118</strong><br />(+32 for winning)\n|raw|jonbazte's rating: 1156 &rarr; <strong>1126</strong><br />(-30 for losing)\n|l|\u2606jonbazte\n|player|p2|\n",
  "uploadtime": 1775969111,
  "views": 24,
  "formatid": "gen9championsvgc2026regma",
  "rating": 1118,
  "private": 0,
  "password": null
}