{
  "id": "gen9championsvgc2026regma-2585475551",
  "format": "[Gen 9 Champions] VGC 2026 Reg M-A",
  "players": [
    "vitor3561",
    "dr.ultraball head"
  ],
  "log": "|j|\u2606vitor3561\n|j|\u2606dr.ultraball head\n|t:|1776349886\n|gametype|doubles\n|player|p1|vitor3561|102|1044\n|player|p2|dr.ultraball head|gardenia-masters|1069\n|gen|9\n|tier|[Gen 9 Champions] VGC 2026 Reg M-A\n|rated|\n|rule|Species Clause: Limit one of each Pok\u00e9mon\n|rule|Item Clause: Limit 1 of each item\n|clearpoke\n|poke|p1|Lucario, L50, M|\n|poke|p1|Rotom-Wash, L50|\n|poke|p1|Sableye, L50, F|\n|poke|p1|Sneasler, L50, F|\n|poke|p1|Primarina, L50, M|\n|poke|p1|Krookodile, L50, F|\n|poke|p2|Starmie, L50|\n|poke|p2|Sneasler, L50, M|\n|poke|p2|Tyranitar, L50, M|\n|poke|p2|Talonflame, L50, M|\n|poke|p2|Garchomp, L50, F|\n|poke|p2|Sinistcha, L50|\n|teampreview|4\n|l|\u2606vitor3561\n|player|p1|\n|j|\u2606vitor3561\n|player|p1|vitor3561|102|\n|n|\u2606vitor3561|vitor3561\n|n|\u2606vitor3561|vitor3561\n|\n|t:|1776350088\n|teamsize|p1|4\n|teamsize|p2|4\n|start\n|switch|p1a: Sneasler|Sneasler, L50, F|100/100\n|switch|p1b: Krookodile|Krookodile, L50, F|100/100\n|switch|p2a: Starmie|Starmie, L50|100/100\n|switch|p2b: Talonflame|Talonflame, L50, M|100/100\n|-ability|p1b: Krookodile|Intimidate|boost\n|-unboost|p2a: Starmie|atk|1\n|-unboost|p2b: Talonflame|atk|1\n|turn|1\n|\n|t:|1776350105\n|detailschange|p2a: Starmie|Starmie-Mega, L50\n|-mega|p2a: Starmie|Starmie|Starminite\n|move|p2b: Talonflame|Protect|p2b: Talonflame\n|-singleturn|p2b: Talonflame|Protect\n|move|p2a: Starmie|Protect|p2a: Starmie\n|-singleturn|p2a: Starmie|Protect\n|move|p1a: Sneasler|Fake Out|p2b: Talonflame\n|-activate|p2b: Talonflame|move: Protect\n|move|p1b: Krookodile|Taunt|p2b: Talonflame\n|-activate|p2b: Talonflame|move: Protect\n|\n|upkeep\n|turn|2\n|\n|t:|1776350125\n|move|p1a: Sneasler|Protect|p1a: Sneasler\n|-singleturn|p1a: Sneasler|Protect\n|move|p2b: Talonflame|Tailwind|p2b: Talonflame\n|-sidestart|p2: dr.ultraball head|move: Tailwind\n|move|p2a: Starmie|Skill Swap|p2b: Talonflame\n|-activate|p2a: Starmie|Skill Swap|||[of] p2b: Talonflame\n|move|p1b: Krookodile|Crunch|p2a: Starmie\n|-supereffective|p2a: Starmie|1\n|-damage|p2a: Starmie|35/100\n|\n|upkeep\n|turn|3\n|\n|t:|1776350160\n|switch|p1a: Primarina|Primarina, L50, M, shiny|100/100\n|move|p2b: Talonflame|Dual Wingbeat|p1a: Primarina\n|-damage|p1a: Primarina|81/100\n|-damage|p1a: Primarina|63/100\n|-hitcount|p1a: Primarina|2\n|move|p2a: Starmie|Scald|p1b: Krookodile\n|-supereffective|p1b: Krookodile|1\n|-damage|p1b: Krookodile|14/100\n|-status|p1b: Krookodile|brn\n|move|p1b: Krookodile|Crunch|p2a: Starmie\n|-supereffective|p2a: Starmie|1\n|-damage|p2a: Starmie|0 fnt\n|faint|p2a: Starmie\n|\n|-damage|p1b: Krookodile|8/100 brn|[from] brn\n|upkeep\n|\n|t:|1776350173\n|switch|p2a: Garchomp|Garchomp, L50, F|100/100\n|turn|4\n|\n|t:|1776350199\n|move|p2b: Talonflame|Dual Wingbeat|p1a: Primarina|[miss]\n|-miss|p2b: Talonflame|p1a: Primarina\n|move|p2a: Garchomp|Earthquake|p1b: Krookodile|[spread] p1a,p1b\n|-immune|p2b: Talonflame\n|-damage|p1a: Primarina|24/100\n|-damage|p1b: Krookodile|0 fnt\n|faint|p1b: Krookodile\n|move|p1a: Primarina|Hyper Voice|p2a: Garchomp|[spread] p2a,p2b\n|-supereffective|p2b: Talonflame|1\n|-damage|p2a: Garchomp|63/100\n|-enditem|p2b: Talonflame|Focus Sash\n|-damage|p2b: Talonflame|1/100\n|\n|upkeep\n|\n|t:|1776350212\n|switch|p1b: Sneasler|Sneasler, L50, F|100/100\n|turn|5\n|\n|t:|1776350230\n|move|p1b: Sneasler|Fake Out|p2b: Talonflame\n|-damage|p2b: Talonflame|0 fnt\n|faint|p2b: Talonflame\n|move|p2a: Garchomp|Earthquake|p1b: Sneasler|[spread] p1a,p1b\n|-supereffective|p1b: Sneasler|1\n|-damage|p1a: Primarina|0 fnt\n|-enditem|p1b: Sneasler|Focus Sash\n|-damage|p1b: Sneasler|1/100\n|faint|p1a: Primarina\n|\n|-sideend|p2: dr.ultraball head|move: Tailwind\n|upkeep\n|\n|t:|1776350250\n|switch|p2b: Sinistcha|Sinistcha, L50|100/100\n|switch|p1a: Lucario|Lucario, L50, M, shiny|100/100\n|-heal|p2a: Garchomp|87/100|[from] ability: Hospitality|[of] p2b: Sinistcha\n|turn|6\n|\n|t:|1776350264\n|detailschange|p1a: Lucario|Lucario-Mega, L50, M, shiny\n|-mega|p1a: Lucario|Lucario|Lucarionite\n|move|p2b: Sinistcha|Rage Powder|p2b: Sinistcha\n|-singleturn|p2b: Sinistcha|move: Rage Powder\n|move|p1b: Sneasler|Coaching|p1a: Lucario\n|-boost|p1a: Lucario|atk|1\n|-boost|p1a: Lucario|def|1\n|move|p1a: Lucario|Close Combat|p2b: Sinistcha\n|-immune|p2b: Sinistcha\n|move|p2a: Garchomp|Earthquake|p1b: Sneasler|[spread] p2b,p1a,p1b\n|-resisted|p2b: Sinistcha|1\n|-supereffective|p1a: Lucario|1\n|-supereffective|p1b: Sneasler|1\n|-damage|p2b: Sinistcha|84/100\n|-damage|p1a: Lucario|35/100\n|-damage|p1b: Sneasler|0 fnt\n|faint|p1b: Sneasler\n|\n|upkeep\n|turn|7\n|-message|vitor3561 forfeited.\n|\n|win|dr.ultraball head\n|raw|vitor3561's rating: 1044 &rarr; <strong>1026</strong><br />(-18 for losing)\n|raw|dr.ultraball head's rating: 1023 &rarr; <strong>1062</strong><br />(+39 for winning)\n|l|\u2606vitor3561\n|player|p1|\n",
  "uploadtime": 1776350327,
  "views": 26,
  "formatid": "gen9championsvgc2026regma",
  "rating": 1026,
  "private": 0,
  "password": null
}