{
  "id": "gen9championsvgc2026regma-2582733634",
  "format": "[Gen 9 Champions] VGC 2026 Reg M-A",
  "players": [
    "dhb123",
    "CoolTrainerBu"
  ],
  "log": "|j|\u2606dhb123\n|j|\u2606CoolTrainerBu\n|t:|1776110371\n|gametype|doubles\n|player|p1|dhb123|265|1196\n|player|p2|CoolTrainerBu|101|1163\n|gen|9\n|tier|[Gen 9 Champions] VGC 2026 Reg M-A\n|rated|\n|rule|Species Clause: Limit one of each Pok\u00e9mon\n|rule|Item Clause: Limit 1 of each item\n|clearpoke\n|poke|p1|Venusaur, L50, F|\n|poke|p1|Vaporeon, L50, M|\n|poke|p1|Volcarona, L50, M|\n|poke|p1|Sinistcha, L50|\n|poke|p1|Incineroar, L50, M|\n|poke|p1|Florges, L50, F|\n|poke|p2|Charizard, L50, M|\n|poke|p2|Whimsicott, L50, M|\n|poke|p2|Garchomp, L50, M|\n|poke|p2|Sneasler, L50, F|\n|poke|p2|Maushold, L50|\n|poke|p2|Incineroar, L50, M|\n|teampreview|4\n|inactive|Battle timer is ON: inactive players will automatically lose when time's up. (requested by dhb123)\n|inactive|CoolTrainerBu has 60 seconds left.\n|\n|t:|1776110437\n|teamsize|p1|4\n|teamsize|p2|4\n|start\n|switch|p1a: Venusaur|Venusaur, L50, F|100/100\n|switch|p1b: Vaporeon|Vaporeon, L50, M|100/100\n|switch|p2a: Sneasler|Sneasler, L50, F|100/100\n|switch|p2b: Whimsicott|Whimsicott, L50, M|100/100\n|turn|1\n|\n|t:|1776110454\n|detailschange|p1a: Venusaur|Venusaur-Mega, L50, F\n|-mega|p1a: Venusaur|Venusaur|Venusaurite\n|move|p2b: Whimsicott|Tailwind|p2b: Whimsicott\n|-sidestart|p2: CoolTrainerBu|move: Tailwind\n|move|p2a: Sneasler|Close Combat|p1b: Vaporeon\n|-damage|p1b: Vaporeon|21/100\n|-unboost|p2a: Sneasler|def|1\n|-unboost|p2a: Sneasler|spd|1\n|-enditem|p2a: Sneasler|White Herb\n|-clearnegativeboost|p2a: Sneasler|[silent]\n|move|p1a: Venusaur|Leech Seed|p2a: Sneasler\n|-start|p2a: Sneasler|move: Leech Seed\n|move|p1b: Vaporeon|Whirlpool|p2a: Sneasler\n|-damage|p2a: Sneasler|79/100\n|-activate|p2a: Sneasler|move: Whirlpool|[of] p1b: Vaporeon\n|\n|-heal|p1b: Vaporeon|27/100|[from] item: Leftovers\n|-damage|p2a: Sneasler|67/100|[from] Leech Seed|[of] p1a: Venusaur\n|-damage|p2a: Sneasler|55/100|[from] move: Whirlpool|[partiallytrapped]\n|upkeep\n|turn|2\n|inactive|CoolTrainerBu has 30 seconds left.\n|inactive|CoolTrainerBu has 20 seconds left.\n|inactive|CoolTrainerBu has 15 seconds left.\n|inactive|CoolTrainerBu has 10 seconds left.\n|\n|t:|1776110503\n|switch|p1b: Incineroar|Incineroar, L50, M|100/100\n|-ability|p1b: Incineroar|Intimidate|boost\n|-unboost|p2a: Sneasler|atk|1\n|-unboost|p2b: Whimsicott|atk|1\n|move|p2a: Sneasler|Dire Claw|p1b: Incineroar\n|-damage|p1b: Incineroar|71/100\n|move|p2b: Whimsicott|Moonblast|p1b: Incineroar\n|-damage|p1b: Incineroar|39/100\n|-enditem|p1b: Incineroar|Sitrus Berry|[eat]\n|-heal|p1b: Incineroar|64/100|[from] item: Sitrus Berry\n|move|p1a: Venusaur|Toxic|p2b: Whimsicott\n|-status|p2b: Whimsicott|tox\n|\n|-damage|p2a: Sneasler|43/100|[from] Leech Seed|[of] p1a: Venusaur\n|-damage|p2b: Whimsicott|95/100 tox|[from] psn\n|-end|p2a: Sneasler|Whirlpool|[partiallytrapped]|[silent]\n|upkeep\n|turn|3\n|inactive|CoolTrainerBu has 30 seconds left.\n|inactive|dhb123 has 30 seconds left.\n|inactive|CoolTrainerBu has 20 seconds left.\n|\n|t:|1776110540\n|move|p2b: Whimsicott|Tailwind||[still]\n|-fail|p2b: Whimsicott\n|move|p2a: Sneasler|Close Combat|p1b: Incineroar\n|-supereffective|p1b: Incineroar|1\n|-damage|p1b: Incineroar|0 fnt\n|-unboost|p2a: Sneasler|def|1\n|-unboost|p2a: Sneasler|spd|1\n|faint|p1b: Incineroar\n|move|p1a: Venusaur|Giga Drain|p2a: Sneasler\n|-resisted|p2a: Sneasler|1\n|-damage|p2a: Sneasler|13/100\n|\n|-damage|p2a: Sneasler|0 fnt|[from] Leech Seed|[of] p1a: Venusaur\n|faint|p2a: Sneasler\n|-damage|p2b: Whimsicott|83/100 tox|[from] psn\n|upkeep\n|\n|t:|1776110559\n|switch|p2a: Charizard|Charizard, L50, M|100/100\n|switch|p1b: Vaporeon|Vaporeon, L50, M|27/100\n|turn|4\n|\n|t:|1776110571\n|switch|p2b: Maushold|Maushold, L50|100/100\n|detailschange|p2a: Charizard|Charizard-Mega-Y, L50, M\n|-mega|p2a: Charizard|Charizard|Charizardite Y\n|-weather|SunnyDay|[from] ability: Drought|[of] p2a: Charizard\n|move|p1b: Vaporeon|Protect|p1b: Vaporeon\n|-singleturn|p1b: Vaporeon|Protect\n|move|p2a: Charizard|Heat Wave|p1a: Venusaur|[spread] p1a\n|-activate|p1b: Vaporeon|move: Protect\n|-supereffective|p1a: Venusaur|1\n|-damage|p1a: Venusaur|46/100\n|move|p1a: Venusaur|Leech Seed|p2a: Charizard\n|-start|p2a: Charizard|move: Leech Seed\n|\n|-weather|SunnyDay|[upkeep]\n|-heal|p1b: Vaporeon|33/100|[from] item: Leftovers\n|-damage|p2a: Charizard|88/100|[from] Leech Seed|[of] p1a: Venusaur\n|-heal|p1a: Venusaur|57/100|[silent]\n|-sideend|p2: CoolTrainerBu|move: Tailwind\n|upkeep\n|turn|5\n|\n|t:|1776110592\n|move|p1a: Venusaur|Protect|p1a: Venusaur\n|-singleturn|p1a: Venusaur|Protect\n|move|p2b: Maushold|Follow Me|p2b: Maushold\n|-singleturn|p2b: Maushold|move: Follow Me\n|move|p2a: Charizard|Heat Wave|p1b: Vaporeon|[spread] p1b\n|-activate|p1a: Venusaur|move: Protect\n|-resisted|p1b: Vaporeon|1\n|-damage|p1b: Vaporeon|14/100\n|move|p1b: Vaporeon|Scald|p2b: Maushold\n|-damage|p2b: Maushold|80/100\n|\n|-weather|SunnyDay|[upkeep]\n|-heal|p1b: Vaporeon|19/100|[from] item: Leftovers\n|-damage|p2a: Charizard|76/100|[from] Leech Seed|[of] p1a: Venusaur\n|-heal|p1a: Venusaur|68/100|[silent]\n|upkeep\n|turn|6\n|\n|t:|1776110618\n|move|p2b: Maushold|Protect|p2b: Maushold\n|-singleturn|p2b: Maushold|Protect\n|move|p1b: Vaporeon|Protect|p1b: Vaporeon\n|-singleturn|p1b: Vaporeon|Protect\n|move|p2a: Charizard|Weather Ball|p1a: Venusaur\n|-supereffective|p1a: Venusaur|1\n|-damage|p1a: Venusaur|0 fnt\n|faint|p1a: Venusaur\n|\n|-weather|SunnyDay|[upkeep]\n|-heal|p1b: Vaporeon|25/100|[from] item: Leftovers\n|upkeep\n|\n|t:|1776110628\n|switch|p1a: Sinistcha|Sinistcha, L50|100/100\n|-heal|p1b: Vaporeon|50/100|[from] ability: Hospitality|[of] p1a: Sinistcha\n|turn|7\n|\n|t:|1776110647\n|switch|p2a: Whimsicott|Whimsicott, L50, M|83/100 tox\n|move|p2b: Maushold|Taunt|p1a: Sinistcha\n|-start|p1a: Sinistcha|move: Taunt\n|-enditem|p1a: Sinistcha|Mental Herb\n|-end|p1a: Sinistcha|move: Taunt\n|move|p1a: Sinistcha|Shadow Ball|p2a: Whimsicott\n|-damage|p2a: Whimsicott|46/100 tox\n|move|p1b: Vaporeon|Whirlpool|p2a: Whimsicott|[miss]\n|-miss|p1b: Vaporeon|p2a: Whimsicott\n|\n|-weather|SunnyDay|[upkeep]\n|-heal|p1b: Vaporeon|56/100|[from] item: Leftovers\n|-damage|p2a: Whimsicott|41/100 tox|[from] psn\n|upkeep\n|turn|8\n|inactive|CoolTrainerBu has 30 seconds left.\n|inactive|dhb123 has 30 seconds left.\n|inactive|CoolTrainerBu has 20 seconds left.\n|inactive|CoolTrainerBu has 15 seconds left.\n|inactive|CoolTrainerBu has 10 seconds left.\n|\n|t:|1776110694\n|move|p2b: Maushold|Follow Me|p2b: Maushold\n|-singleturn|p2b: Maushold|move: Follow Me\n|move|p2a: Whimsicott|Moonblast|p1b: Vaporeon\n|-damage|p1b: Vaporeon|38/100\n|move|p1a: Sinistcha|Shadow Ball|p2b: Maushold\n|-immune|p2b: Maushold\n|move|p1b: Vaporeon|Wish|p1b: Vaporeon\n|\n|-weather|none\n|-heal|p1b: Vaporeon|44/100|[from] item: Leftovers\n|-damage|p2a: Whimsicott|29/100 tox|[from] psn\n|upkeep\n|turn|9\n|\n|t:|1776110715\n|switch|p2a: Charizard|Charizard-Mega-Y, L50, M|76/100\n|-weather|SunnyDay|[from] ability: Drought|[of] p2a: Charizard\n|move|p2b: Maushold|Protect|p2b: Maushold\n|-singleturn|p2b: Maushold|Protect\n|move|p1a: Sinistcha|Matcha Gotcha|p2b: Maushold|[spread] \n|-activate|p2b: Maushold|move: Protect\n|-miss|p1a: Sinistcha|p2a: Charizard\n|move|p1b: Vaporeon|Whirlpool|p2a: Charizard\n|-supereffective|p2a: Charizard|1\n|-damage|p2a: Charizard|68/100\n|-activate|p2a: Charizard|move: Whirlpool|[of] p1b: Vaporeon\n|\n|-weather|SunnyDay|[upkeep]\n|-heal|p1b: Vaporeon|94/100|[from] move: Wish|[wisher] Vaporeon\n|-heal|p1b: Vaporeon|99/100|[from] item: Leftovers\n|-damage|p2a: Charizard|55/100|[from] move: Whirlpool|[partiallytrapped]\n|upkeep\n|turn|10\n|inactive|dhb123 has 30 seconds left.\n|inactive|CoolTrainerBu has 30 seconds left.\n|\n|t:|1776110742\n|move|p2b: Maushold|Super Fang|p1b: Vaporeon\n|-damage|p1b: Vaporeon|50/100\n|move|p2a: Charizard|Weather Ball|p1a: Sinistcha\n|-supereffective|p1a: Sinistcha|1\n|-damage|p1a: Sinistcha|0 fnt\n|faint|p1a: Sinistcha\n|move|p1b: Vaporeon|Whirlpool|p2b: Maushold\n|-damage|p2b: Maushold|71/100\n|-activate|p2b: Maushold|move: Whirlpool|[of] p1b: Vaporeon\n|\n|-weather|SunnyDay|[upkeep]\n|-heal|p1b: Vaporeon|56/100|[from] item: Leftovers\n|-damage|p2b: Maushold|59/100|[from] move: Whirlpool|[partiallytrapped]\n|-damage|p2a: Charizard|43/100|[from] move: Whirlpool|[partiallytrapped]\n|upkeep\n|turn|11\n|\n|t:|1776110762\n|move|p1b: Vaporeon|Protect|p1b: Vaporeon\n|-singleturn|p1b: Vaporeon|Protect\n|move|p2b: Maushold|Taunt|p1b: Vaporeon\n|-activate|p1b: Vaporeon|move: Protect\n|move|p2a: Charizard|Solar Beam||[still]\n|-prepare|p2a: Charizard|Solar Beam\n|-anim|p2a: Charizard|Solar Beam|p1b: Vaporeon\n|-activate|p1b: Vaporeon|move: Protect\n|\n|-weather|SunnyDay|[upkeep]\n|-heal|p1b: Vaporeon|62/100|[from] item: Leftovers\n|-damage|p2b: Maushold|47/100|[from] move: Whirlpool|[partiallytrapped]\n|-damage|p2a: Charizard|31/100|[from] move: Whirlpool|[partiallytrapped]\n|upkeep\n|turn|12\n|\n|t:|1776110777\n|move|p2b: Maushold|Taunt|p1b: Vaporeon\n|-start|p1b: Vaporeon|move: Taunt\n|move|p2a: Charizard|Solar Beam||[still]\n|-prepare|p2a: Charizard|Solar Beam\n|-anim|p2a: Charizard|Solar Beam|p1b: Vaporeon\n|-supereffective|p1b: Vaporeon|1\n|-damage|p1b: Vaporeon|8/100\n|move|p1b: Vaporeon|Scald|p2a: Charizard\n|-supereffective|p2a: Charizard|1\n|-damage|p2a: Charizard|10/100\n|\n|-weather|SunnyDay|[upkeep]\n|-heal|p1b: Vaporeon|14/100|[from] item: Leftovers\n|-damage|p2b: Maushold|35/100|[from] move: Whirlpool|[partiallytrapped]\n|-damage|p2a: Charizard|0 fnt|[from] move: Whirlpool|[partiallytrapped]\n|faint|p2a: Charizard\n|upkeep\n|\n|t:|1776110790\n|switch|p2a: Whimsicott|Whimsicott, L50, M|29/100 tox\n|turn|13\n|\n|t:|1776110799\n|move|p2a: Whimsicott|Moonblast|p1b: Vaporeon\n|-damage|p1b: Vaporeon|0 fnt\n|faint|p1b: Vaporeon\n|\n|win|CoolTrainerBu\n|raw|dhb123's rating: 1196 &rarr; <strong>1169</strong><br />(-27 for losing)\n|raw|CoolTrainerBu's rating: 1163 &rarr; <strong>1190</strong><br />(+27 for winning)\n|l|\u2606dhb123\n|player|p1|\n",
  "uploadtime": 1776110808,
  "views": 19,
  "formatid": "gen9championsvgc2026regma",
  "rating": 1169,
  "private": 0,
  "password": null
}