{
  "id": "gen9championsvgc2026regma-2583064469",
  "format": "[Gen 9 Champions] VGC 2026 Reg M-A",
  "players": [
    "zazzles_silver",
    "LaserDedenee"
  ],
  "log": "|j|\u2606zazzles_silver\n|j|\u2606LaserDedenee\n|t:|1776138114\n|gametype|doubles\n|player|p1|zazzles_silver|2|1126\n|player|p2|LaserDedenee|2|1126\n|gen|9\n|tier|[Gen 9 Champions] VGC 2026 Reg M-A\n|rated|\n|rule|Species Clause: Limit one of each Pok\u00e9mon\n|rule|Item Clause: Limit 1 of each item\n|clearpoke\n|poke|p1|Drampa, L50, F|\n|poke|p1|Torkoal, L50, M|\n|poke|p1|Sinistcha, L50|\n|poke|p1|Venusaur, L50, M|\n|poke|p1|Incineroar, L50, M|\n|poke|p1|Golurk, L50|\n|poke|p2|Glimmora, L50, F|\n|poke|p2|Corviknight, L50, M|\n|poke|p2|Incineroar, L50, M|\n|poke|p2|Ninetales-Alola, L50, M|\n|poke|p2|Kommo-o, L50, F|\n|poke|p2|Rotom-Wash, L50|\n|teampreview|4\n|\n|t:|1776138178\n|teamsize|p1|4\n|teamsize|p2|4\n|start\n|switch|p1a: Marlboro|Torkoal, L50, M|100/100\n|switch|p1b: Mushy|Venusaur, L50, M|100/100\n|switch|p2a: Incineroar|Incineroar, L50, M|100/100\n|switch|p2b: Ninetales|Ninetales-Alola, L50, M|100/100\n|-weather|Snowscape|[from] ability: Snow Warning|[of] p2b: Ninetales\n|-ability|p2a: Incineroar|Intimidate|boost\n|-unboost|p1a: Marlboro|atk|1\n|-unboost|p1b: Mushy|atk|1\n|-weather|SunnyDay|[from] ability: Drought|[of] p1a: Marlboro\n|turn|1\n|\n|t:|1776138203\n|switch|p2b: Glimmora|Glimmora, L50, F|100/100\n|move|p2a: Incineroar|Fake Out|p1a: Marlboro\n|-damage|p1a: Marlboro|92/100\n|move|p1b: Mushy|Sludge Bomb|p2a: Incineroar\n|-crit|p2a: Incineroar\n|-damage|p2a: Incineroar|57/100\n|-status|p2a: Incineroar|psn\n|cant|p1a: Marlboro|flinch\n|\n|-weather|SunnyDay|[upkeep]\n|-damage|p2a: Incineroar|44/100 psn|[from] psn\n|upkeep\n|turn|2\n|\n|t:|1776138235\n|switch|p2a: Ninetales|Ninetales-Alola, L50, M|100/100\n|-weather|Snowscape|[from] ability: Snow Warning|[of] p2a: Ninetales\n|detailschange|p2b: Glimmora|Glimmora-Mega, L50, F\n|-mega|p2b: Glimmora|Glimmora|Glimmoranite\n|move|p2b: Glimmora|Power Gem|p1a: Marlboro\n|-supereffective|p1a: Marlboro|1\n|-damage|p1a: Marlboro|0 fnt\n|faint|p1a: Marlboro\n|move|p1b: Mushy|Sludge Bomb|p2a: Ninetales\n|-supereffective|p2a: Ninetales|1\n|-damage|p2a: Ninetales|6/100\n|\n|-weather|Snowscape|[upkeep]\n|upkeep\n|\n|t:|1776138245\n|switch|p1a: Jubel|Sinistcha, L50|100/100\n|turn|3\n|\n|t:|1776138256\n|move|p2a: Ninetales|Blizzard|p1a: Jubel|[spread] p1a,p1b\n|-supereffective|p1a: Jubel|1\n|-supereffective|p1b: Mushy|1\n|-damage|p1a: Jubel|25/100\n|-damage|p1b: Mushy|24/100\n|move|p2b: Glimmora|Sludge Bomb|p1a: Jubel\n|-damage|p1a: Jubel|0 fnt\n|faint|p1a: Jubel\n|move|p1b: Mushy|Sludge Bomb|p2a: Ninetales\n|-supereffective|p2a: Ninetales|1\n|-damage|p2a: Ninetales|0 fnt\n|faint|p2a: Ninetales\n|\n|-weather|Snowscape|[upkeep]\n|upkeep\n|\n|t:|1776138268\n|switch|p2a: Kommo-o|Kommo-o, L50, F|100/100\n|switch|p1a: Unleashed|Golurk, L50|100/100\n|turn|4\n|\n|t:|1776138296\n|detailschange|p1a: Unleashed|Golurk-Mega, L50\n|-mega|p1a: Unleashed|Golurk|Golurkite\n|move|p1b: Mushy|Protect|p1b: Mushy\n|-singleturn|p1b: Mushy|Protect\n|move|p2b: Glimmora|Power Gem|p1a: Unleashed\n|-resisted|p1a: Unleashed|1\n|-damage|p1a: Unleashed|75/100\n|move|p2a: Kommo-o|Clanging Scales|p1a: Unleashed|[spread] p1a\n|-activate|p1b: Mushy|move: Protect\n|-damage|p1a: Unleashed|38/100\n|-unboost|p2a: Kommo-o|def|1\n|move|p1a: Unleashed|Earthquake|p2b: Glimmora|[spread] p2a,p2b\n|-activate|p1b: Mushy|move: Protect\n|-supereffective|p2b: Glimmora|2\n|-crit|p2b: Glimmora\n|-damage|p2a: Kommo-o|33/100\n|-damage|p2b: Glimmora|0 fnt\n|faint|p2b: Glimmora\n|\n|-weather|Snowscape|[upkeep]\n|-heal|p2a: Kommo-o|39/100|[from] item: Leftovers\n|upkeep\n|\n|t:|1776138300\n|switch|p2b: Incineroar|Incineroar, L50, M|44/100 psn\n|-ability|p2b: Incineroar|Intimidate|boost\n|-unboost|p1a: Unleashed|atk|1\n|-unboost|p1b: Mushy|atk|1\n|turn|5\n|\n|t:|1776138316\n|move|p1b: Mushy|Weather Ball|p2a: Kommo-o\n|-supereffective|p2a: Kommo-o|1\n|-damage|p2a: Kommo-o|0 fnt\n|faint|p2a: Kommo-o\n|move|p2b: Incineroar|Darkest Lariat|p1a: Unleashed\n|-supereffective|p1a: Unleashed|1\n|-damage|p1a: Unleashed|0 fnt\n|faint|p1a: Unleashed\n|\n|-weather|Snowscape|[upkeep]\n|-damage|p2b: Incineroar|32/100 psn|[from] psn\n|upkeep\n|turn|6\n|\n|t:|1776138321\n|move|p1b: Mushy|Sludge Bomb|p2b: Incineroar\n|-damage|p2b: Incineroar|4/100 psn\n|move|p2b: Incineroar|Flare Blitz|p1b: Mushy\n|-supereffective|p1b: Mushy|1\n|-damage|p1b: Mushy|0 fnt\n|faint|p1b: Mushy\n|-damage|p2b: Incineroar|0 fnt|[from] Recoil\n|faint|p2b: Incineroar\n|\n|win|LaserDedenee\n|raw|zazzles_silver's rating: 1126 &rarr; <strong>1101</strong><br />(-25 for losing)\n|raw|LaserDedenee's rating: 1126 &rarr; <strong>1151</strong><br />(+25 for winning)\n|c|\u2606zazzles_silver|Gg!\n|c|\u2606LaserDedenee|Gg\n|l|\u2606zazzles_silver\n|player|p1|\n",
  "uploadtime": 1776138349,
  "views": 16,
  "formatid": "gen9championsvgc2026regma",
  "rating": 1101,
  "private": 0,
  "password": null
}