{
  "id": "gen9championsvgc2026regma-2581496509",
  "format": "[Gen 9 Champions] VGC 2026 Reg M-A",
  "players": [
    "SimMikaze",
    "whac"
  ],
  "log": "|j|\u2606SimMikaze\n|j|\u2606whac\n|t:|1776005804\n|gametype|doubles\n|player|p1|SimMikaze|miku-ghost|1030\n|player|p2|whac|janitor|1115\n|gen|9\n|tier|[Gen 9 Champions] VGC 2026 Reg M-A\n|rated|\n|rule|Species Clause: Limit one of each Pok\u00e9mon\n|rule|Item Clause: Limit 1 of each item\n|clearpoke\n|poke|p1|Delphox, L50, F|\n|poke|p1|Garchomp, L50, F|\n|poke|p1|Orthworm, L50, M|\n|poke|p1|Sneasler, L50, F|\n|poke|p1|Whimsicott, L50, M|\n|poke|p1|Basculegion, L50, M|\n|poke|p2|Charizard, L50, M|\n|poke|p2|Venusaur, L50, F|\n|poke|p2|Incineroar, L50, M|\n|poke|p2|Sneasler, L50, M|\n|poke|p2|Garchomp, L50, M|\n|poke|p2|Rotom-Wash, L50|\n|teampreview|4\n|inactive|Battle timer is ON: inactive players will automatically lose when time's up. (requested by SimMikaze)\n|\n|t:|1776005835\n|teamsize|p1|4\n|teamsize|p2|4\n|start\n|switch|p1a: Orthworm|Orthworm, L50, M|100/100\n|switch|p1b: Sneasler|Sneasler, L50, F|100/100\n|switch|p2a: Charizard|Charizard, L50, M|100/100\n|switch|p2b: Garchomp|Garchomp, L50, M|100/100\n|turn|1\n|c|\u2606whac|glhf\n|inactive|whac has 30 seconds left.\n|\n|t:|1776005867\n|move|p2a: Charizard|Protect|p2a: Charizard\n|-singleturn|p2a: Charizard|Protect\n|move|p1b: Sneasler|Fake Out|p2a: Charizard\n|-activate|p2a: Charizard|move: Protect\n|move|p2b: Garchomp|Earthquake|p1a: Orthworm|[spread] p1b\n|-activate|p2a: Charizard|move: Protect\n|-immune|p1a: Orthworm|[from] ability: Earth Eater\n|-supereffective|p1b: Sneasler|1\n|-damage|p1b: Sneasler|0 fnt\n|faint|p1b: Sneasler\n|move|p1a: Orthworm|Shed Tail|p1a: Orthworm\n|-start|p1a: Orthworm|Substitute|[from] move: Shed Tail\n|-damage|p1a: Orthworm|50/100\n|-enditem|p1a: Orthworm|Sitrus Berry|[eat]\n|-heal|p1a: Orthworm|75/100|[from] item: Sitrus Berry\n|\n|t:|1776005883\n|switch|p1a: Delphox|Delphox, L50, F|100/100|[from] Shed Tail\n|\n|upkeep\n|\n|t:|1776005886\n|switch|p1b: Basculegion|Basculegion, L50, M|100/100\n|turn|2\n|\n|t:|1776005904\n|detailschange|p1a: Delphox|Delphox-Mega, L50, F\n|-mega|p1a: Delphox|Delphox|Delphoxite\n|detailschange|p2a: Charizard|Charizard-Mega-Y, L50, M\n|-mega|p2a: Charizard|Charizard|Charizardite Y\n|-weather|SunnyDay|[from] ability: Drought|[of] p2a: Charizard\n|move|p1a: Delphox|Nasty Plot|p1a: Delphox\n|-boost|p1a: Delphox|spa|2\n|move|p1b: Basculegion|Flip Turn|p2a: Charizard\n|-supereffective|p2a: Charizard|1\n|-damage|p2a: Charizard|46/100\n|\n|t:|1776005914\n|switch|p1b: Orthworm|Orthworm, L50, M|75/100|[from] Flip Turn\n|move|p2b: Garchomp|Rock Slide|p1a: Delphox|[spread] p1a,p1b\n|-supereffective|p1a: Delphox|1\n|-end|p1a: Delphox|Substitute\n|-resisted|p1b: Orthworm|1\n|-damage|p1b: Orthworm|69/100\n|move|p2a: Charizard|Solar Beam||[still]\n|-prepare|p2a: Charizard|Solar Beam\n|-anim|p2a: Charizard|Solar Beam|p1b: Orthworm\n|-resisted|p1b: Orthworm|1\n|-damage|p1b: Orthworm|24/100\n|\n|-weather|SunnyDay|[upkeep]\n|upkeep\n|turn|3\n|inactive|SimMikaze has 30 seconds left.\n|inactive|whac has 30 seconds left.\n|\n|t:|1776005941\n|move|p1a: Delphox|Heat Wave|p2b: Garchomp|[spread] p2b\n|-miss|p1a: Delphox|p2a: Charizard\n|-resisted|p2b: Garchomp|1\n|-damage|p2b: Garchomp|45/100\n|move|p2b: Garchomp|Rock Slide|p1a: Delphox|[spread] p1a,p1b\n|-supereffective|p1a: Delphox|1\n|-resisted|p1b: Orthworm|1\n|-damage|p1a: Delphox|55/100\n|-damage|p1b: Orthworm|19/100\n|move|p2a: Charizard|Heat Wave|p1a: Delphox|[spread] p1a,p1b\n|-resisted|p1a: Delphox|1\n|-supereffective|p1b: Orthworm|1\n|-crit|p1b: Orthworm\n|-damage|p1a: Delphox|26/100\n|-damage|p1b: Orthworm|0 fnt\n|faint|p1b: Orthworm\n|\n|-weather|SunnyDay|[upkeep]\n|upkeep\n|\n|t:|1776005954\n|switch|p1b: Basculegion|Basculegion, L50, M|100/100\n|turn|4\n|\n|t:|1776005974\n|move|p1a: Delphox|Heat Wave|p2b: Garchomp|[spread] p2a,p2b\n|-resisted|p2a: Charizard|1\n|-resisted|p2b: Garchomp|1\n|-damage|p2a: Charizard|0 fnt\n|-damage|p2b: Garchomp|0 fnt\n|faint|p2a: Charizard\n|faint|p2b: Garchomp\n|move|p1b: Basculegion|Last Respects|p2: Charizard|[notarget]\n|-fail|p1b: Basculegion\n|\n|-weather|SunnyDay|[upkeep]\n|upkeep\n|\n|t:|1776005984\n|switch|p2b: Incineroar|Incineroar, L50, M|100/100\n|switch|p2a: Venusaur|Venusaur, L50, F|100/100\n|-ability|p2b: Incineroar|Intimidate|boost\n|-unboost|p1a: Delphox|atk|1\n|-unboost|p1b: Basculegion|atk|1\n|turn|5\n|inactive|SimMikaze has 30 seconds left.\n|inactive|whac has 30 seconds left.\n|c|\u2606SimMikaze|Oh well\n|inactive|SimMikaze has 20 seconds left.\n|inactive|SimMikaze has 15 seconds left.\n|inactive|whac has 20 seconds left.\n|inactive|SimMikaze has 10 seconds left.\n|inactive|whac has 15 seconds left.\n|inactive|whac has 10 seconds left.\n|inactive|whac has 5 seconds left.\n|\n|t:|1776006039\n|move|p2b: Incineroar|Fake Out|p1a: Delphox\n|-damage|p1a: Delphox|13/100\n|cant|p1a: Delphox|flinch\n|move|p2a: Venusaur|Leaf Storm|p1a: Delphox\n|-resisted|p1a: Delphox|1\n|-damage|p1a: Delphox|0 fnt\n|-unboost|p2a: Venusaur|spa|2\n|faint|p1a: Delphox\n|move|p1b: Basculegion|Last Respects|p2a: Venusaur\n|-damage|p2a: Venusaur|5/100\n|\n|-weather|SunnyDay|[upkeep]\n|upkeep\n|turn|6\n|c|\u2606whac|bro that delphox is terrifying\n|inactive|whac has 30 seconds left.\n|\n|t:|1776006064\n|move|p2a: Venusaur|Leaf Storm|p1b: Basculegion\n|-supereffective|p1b: Basculegion|1\n|-damage|p1b: Basculegion|46/100\n|-unboost|p2a: Venusaur|spa|2\n|move|p1b: Basculegion|Last Respects|p2a: Venusaur\n|-damage|p2a: Venusaur|0 fnt\n|faint|p2a: Venusaur\n|move|p2b: Incineroar|Darkest Lariat|p1b: Basculegion\n|-supereffective|p1b: Basculegion|1\n|-damage|p1b: Basculegion|0 fnt\n|faint|p1b: Basculegion\n|\n|win|whac\n|raw|SimMikaze's rating: 1030 &rarr; <strong>1019</strong><br />(-11 for losing)\n|raw|whac's rating: 1115 &rarr; <strong>1134</strong><br />(+19 for winning)\n|c|\u2606whac|ggs\n|c|\u2606SimMikaze|ggs\n",
  "uploadtime": 1776006072,
  "views": 16,
  "formatid": "gen9championsvgc2026regma",
  "rating": 1019,
  "private": 0,
  "password": null
}