{
  "id": "gen9championsvgc2026regma-2582157189",
  "format": "[Gen 9 Champions] VGC 2026 Reg M-A",
  "players": [
    "yadazei",
    "MakoGP"
  ],
  "log": "|j|\u2606yadazei\n|j|\u2606MakoGP\n|t:|1776065331\n|gametype|doubles\n|player|p1|yadazei|twins|1187\n|player|p2|MakoGP|elesa-masters2|1146\n|gen|9\n|tier|[Gen 9 Champions] VGC 2026 Reg M-A\n|rated|\n|rule|Species Clause: Limit one of each Pok\u00e9mon\n|rule|Item Clause: Limit 1 of each item\n|clearpoke\n|poke|p1|Greninja-*, L50, F|\n|poke|p1|Pelipper, L50, F|\n|poke|p1|Palafin, L50, M|\n|poke|p1|Archaludon, L50, M|\n|poke|p1|Maushold, L50|\n|poke|p1|Sneasler, L50, F|\n|poke|p2|Tyranitar, L50, M|\n|poke|p2|Excadrill, L50, F|\n|poke|p2|Delphox, L50, F|\n|poke|p2|Rotom-Wash, L50|\n|poke|p2|Conkeldurr, L50, F|\n|poke|p2|Sinistcha, L50|\n|teampreview|4\n|inactive|Battle timer is ON: inactive players will automatically lose when time's up. (requested by yadazei)\n|inactive|yadazei has 60 seconds left.\n|inactive|yadazei has 30 seconds left.\n|inactive|yadazei has 20 seconds left.\n|inactive|MakoGP has 60 seconds left.\n|\n|t:|1776065410\n|teamsize|p1|4\n|teamsize|p2|4\n|start\n|switch|p1a: Greninja|Greninja, L50, F|100/100\n|switch|p1b: Palafin|Palafin, L50, M|100/100\n|switch|p2a: Cuptonia|Sinistcha, L50|100/100\n|switch|p2b: Goilla|Conkeldurr, L50, F|100/100\n|turn|1\n|\n|t:|1776065424\n|detailschange|p1b: Palafin|Palafin-Hero, L50, M\n|switch|p1b: Pelipper|Pelipper, L50, F|100/100\n|-weather|RainDance|[from] ability: Drizzle|[of] p1b: Pelipper\n|detailschange|p1a: Greninja|Greninja-Mega, L50, F\n|-mega|p1a: Greninja|Greninja|Greninjite\n|move|p2b: Goilla|Mach Punch|p1a: Greninja\n|-supereffective|p1a: Greninja|1\n|-damage|p1a: Greninja|0 fnt\n|faint|p1a: Greninja\n|move|p2a: Cuptonia|Matcha Gotcha|p1b: Pelipper\n|-damage|p1b: Pelipper|46/100\n|\n|-weather|RainDance|[upkeep]\n|upkeep\n|\n|t:|1776065437\n|switch|p1a: Palafin|Palafin-Hero, L50, M|100/100\n|-activate|p1a: Palafin|ability: Zero to Hero\n|turn|2\n|\n|t:|1776065455\n|move|p2b: Goilla|Protect|p2b: Goilla\n|-singleturn|p2b: Goilla|Protect\n|move|p1b: Pelipper|Wide Guard|p1b: Pelipper\n|-singleturn|p1b: Pelipper|Wide Guard\n|move|p1a: Palafin|Wave Crash|p2b: Goilla\n|-activate|p2b: Goilla|move: Protect\n|move|p2a: Cuptonia|Trick Room|p2a: Cuptonia\n|-fieldstart|move: Trick Room|[of] p2a: Cuptonia\n|\n|-weather|RainDance|[upkeep]\n|upkeep\n|turn|3\n|\n|t:|1776065478\n|move|p1a: Palafin|Protect|p1a: Palafin\n|-singleturn|p1a: Palafin|Protect\n|move|p2b: Goilla|Ice Punch|p1b: Pelipper\n|-damage|p1b: Pelipper|0 fnt\n|faint|p1b: Pelipper\n|move|p2a: Cuptonia|Strength Sap|p1a: Palafin\n|-activate|p1a: Palafin|move: Protect\n|\n|-weather|RainDance|[upkeep]\n|upkeep\n|\n|t:|1776065483\n|switch|p1b: Archaludon|Archaludon, L50, M|100/100\n|turn|4\n|\n|t:|1776065504\n|move|p1b: Archaludon|Protect|p1b: Archaludon\n|-singleturn|p1b: Archaludon|Protect\n|move|p2b: Goilla|Drain Punch|p1b: Archaludon\n|-activate|p1b: Archaludon|move: Protect\n|move|p2a: Cuptonia|Strength Sap|p1a: Palafin\n|-unboost|p1a: Palafin|atk|1\n|move|p1a: Palafin|Wave Crash|p2b: Goilla\n|-damage|p2b: Goilla|20/100\n|-damage|p1a: Palafin|69/100|[from] Recoil\n|\n|-weather|RainDance|[upkeep]\n|upkeep\n|turn|5\n|inactive|yadazei has 30 seconds left.\n|\n|t:|1776065529\n|move|p2b: Goilla|Protect|p2b: Goilla\n|-singleturn|p2b: Goilla|Protect\n|move|p1a: Palafin|Jet Punch|p2b: Goilla\n|-activate|p2b: Goilla|move: Protect\n|move|p2a: Cuptonia|Matcha Gotcha|p1a: Palafin|[spread] p1a,p1b\n|-supereffective|p1a: Palafin|1\n|-resisted|p1b: Archaludon|2\n|-damage|p1a: Palafin|15/100\n|-damage|p1b: Archaludon|92/100\n|-status|p1a: Palafin|brn\n|-ability|p1b: Archaludon|Stamina|boost\n|-boost|p1b: Archaludon|def|1\n|move|p1b: Archaludon|Electro Shot||[still]\n|-prepare|p1b: Archaludon|Electro Shot\n|-boost|p1b: Archaludon|spa|1\n|-anim|p1b: Archaludon|Electro Shot|p2a: Cuptonia\n|-resisted|p2a: Cuptonia|1\n|-damage|p2a: Cuptonia|71/100\n|\n|-weather|none\n|-heal|p1b: Archaludon|98/100|[from] item: Leftovers\n|-damage|p1a: Palafin|8/100 brn|[from] brn\n|upkeep\n|turn|6\n|inactive|MakoGP has 30 seconds left.\n|\n|t:|1776065558\n|move|p2a: Cuptonia|Rage Powder|p2a: Cuptonia\n|-singleturn|p2a: Cuptonia|move: Rage Powder\n|move|p1a: Palafin|Jet Punch|p2a: Cuptonia\n|-resisted|p2a: Cuptonia|1\n|-damage|p2a: Cuptonia|66/100\n|move|p2b: Goilla|Drain Punch|p1b: Archaludon\n|-supereffective|p1b: Archaludon|1\n|-damage|p1b: Archaludon|40/100\n|-heal|p2b: Goilla|47/100|[from] drain|[of] p1b: Archaludon\n|-ability|p1b: Archaludon|Stamina|boost\n|-boost|p1b: Archaludon|def|1\n|move|p1b: Archaludon|Dragon Pulse|p2a: Cuptonia\n|-damage|p2a: Cuptonia|12/100\n|-enditem|p2a: Cuptonia|Sitrus Berry|[eat]\n|-heal|p2a: Cuptonia|36/100|[from] item: Sitrus Berry\n|\n|-heal|p1b: Archaludon|46/100|[from] item: Leftovers\n|-damage|p1a: Palafin|2/100 brn|[from] brn\n|-fieldend|move: Trick Room\n|upkeep\n|turn|7\n|\n|t:|1776065578\n|move|p2a: Cuptonia|Rage Powder|p2a: Cuptonia\n|-singleturn|p2a: Cuptonia|move: Rage Powder\n|move|p1a: Palafin|Ice Punch|p2a: Cuptonia\n|-supereffective|p2a: Cuptonia|1\n|-damage|p2a: Cuptonia|18/100\n|move|p1b: Archaludon|Dragon Pulse|p2a: Cuptonia\n|-damage|p2a: Cuptonia|0 fnt\n|faint|p2a: Cuptonia\n|move|p2b: Goilla|Drain Punch|p1b: Archaludon\n|-supereffective|p1b: Archaludon|1\n|-damage|p1b: Archaludon|0 fnt\n|-heal|p2b: Goilla|68/100|[from] drain|[of] p1b: Archaludon\n|faint|p1b: Archaludon\n|\n|-damage|p1a: Palafin|0 fnt|[from] brn\n|faint|p1a: Palafin\n|\n|win|MakoGP\n|raw|yadazei's rating: 1187 &rarr; <strong>1159</strong><br />(-28 for losing)\n|raw|MakoGP's rating: 1146 &rarr; <strong>1174</strong><br />(+28 for winning)\n|l|\u2606yadazei\n|player|p1|\n",
  "uploadtime": 1776065593,
  "views": 11,
  "formatid": "gen9championsvgc2026regma",
  "rating": 1159,
  "private": 0,
  "password": null
}