{
  "id": "gen9championsvgc2026regma-2583766824",
  "format": "[Gen 9 Champions] VGC 2026 Reg M-A",
  "players": [
    "thattube",
    "Kulks"
  ],
  "log": "|j|\u2606thattube\n|j|\u2606Kulks\n|t:|1776196299\n|gametype|doubles\n|player|p1|thattube|bellelba|1054\n|player|p2|Kulks|swimmer-gen4|1005\n|gen|9\n|tier|[Gen 9 Champions] VGC 2026 Reg M-A\n|rated|\n|rule|Species Clause: Limit one of each Pok\u00e9mon\n|rule|Item Clause: Limit 1 of each item\n|clearpoke\n|poke|p1|Tyranitar, L50, F|\n|poke|p1|Milotic, L50, F|\n|poke|p1|Tinkaton, L50, F|\n|poke|p1|Aerodactyl, L50, M|\n|poke|p1|Excadrill, L50, F|\n|poke|p1|Hydreigon, L50, M|\n|poke|p2|Aerodactyl, L50, M|\n|poke|p2|Sneasler, L50, M|\n|poke|p2|Kingambit, L50, M|\n|poke|p2|Meganium, L50, F|\n|poke|p2|Primarina, L50, M|\n|poke|p2|Meowstic, L50, M|\n|teampreview|4\n|inactive|Battle timer is ON: inactive players will automatically lose when time's up. (requested by Kulks)\n|inactive|thattube has 60 seconds left.\n|inactive|Kulks has 60 seconds left.\n|\n|t:|1776196337\n|teamsize|p1|4\n|teamsize|p2|4\n|start\n|switch|p1a: Tinkaton|Tinkaton, L50, F|100/100\n|switch|p1b: Tyranitar|Tyranitar, L50, F|100/100\n|switch|p2a: Primarina|Primarina, L50, M|100/100\n|switch|p2b: Sneasler|Sneasler, L50, M|100/100\n|-ability|p1a: Tinkaton|Mold Breaker\n|-weather|Sandstorm|[from] ability: Sand Stream|[of] p1b: Tyranitar\n|turn|1\n|inactive|thattube has 30 seconds left.\n|\n|t:|1776196368\n|move|p2b: Sneasler|Fake Out|p1a: Tinkaton\n|-resisted|p1a: Tinkaton|1\n|-damage|p1a: Tinkaton|92/100\n|cant|p1a: Tinkaton|flinch\n|move|p2a: Primarina|Hyper Voice|p1b: Tyranitar|[spread] p1a,p1b\n|-supereffective|p1b: Tyranitar|1\n|-damage|p1a: Tinkaton|59/100\n|-damage|p1b: Tyranitar|56/100\n|move|p1b: Tyranitar|Rock Slide|p2b: Sneasler|[spread] p2a,p2b\n|-resisted|p2b: Sneasler|1\n|-damage|p2a: Primarina|58/100\n|-damage|p2b: Sneasler|76/100\n|\n|-weather|Sandstorm|[upkeep]\n|-damage|p2b: Sneasler|70/100|[from] Sandstorm\n|-damage|p2a: Primarina|53/100|[from] Sandstorm\n|upkeep\n|turn|2\n|\n|t:|1776196389\n|move|p1b: Tyranitar|Protect|p1b: Tyranitar\n|-singleturn|p1b: Tyranitar|Protect\n|move|p2b: Sneasler|Close Combat|p1a: Tinkaton\n|-damage|p1a: Tinkaton|0 fnt\n|-unboost|p2b: Sneasler|def|1\n|-unboost|p2b: Sneasler|spd|1\n|faint|p1a: Tinkaton\n|move|p2a: Primarina|Hyper Voice|p1b: Tyranitar\n|-activate|p1b: Tyranitar|move: Protect\n|\n|-weather|Sandstorm|[upkeep]\n|-damage|p2b: Sneasler|64/100|[from] Sandstorm\n|-damage|p2a: Primarina|47/100|[from] Sandstorm\n|upkeep\n|\n|t:|1776196402\n|switch|p1a: Excadrill|Excadrill, L50, F|100/100\n|turn|3\n|\n|t:|1776196416\n|switch|p2b: Meganium|Meganium, L50, F|100/100\n|move|p1a: Excadrill|Stomping Tantrum|p2b: Meganium\n|-resisted|p2b: Meganium|1\n|-damage|p2b: Meganium|79/100\n|move|p2a: Primarina|Hyper Voice|p1a: Excadrill|[spread] p1a,p1b\n|-supereffective|p1a: Excadrill|1\n|-supereffective|p1b: Tyranitar|1\n|-damage|p1a: Excadrill|2/100\n|-damage|p1b: Tyranitar|11/100\n|-enditem|p1b: Tyranitar|Sitrus Berry|[eat]\n|-heal|p1b: Tyranitar|36/100|[from] item: Sitrus Berry\n|move|p1b: Tyranitar|Rock Slide|p2b: Meganium|[spread] p2a,p2b\n|-damage|p2a: Primarina|0 fnt\n|-damage|p2b: Meganium|43/100\n|faint|p2a: Primarina\n|\n|-weather|Sandstorm|[upkeep]\n|-damage|p2b: Meganium|37/100|[from] Sandstorm\n|upkeep\n|\n|t:|1776196435\n|switch|p2a: Sneasler|Sneasler, L50, M|64/100\n|turn|4\n|\n|t:|1776196447\n|move|p2a: Sneasler|Fake Out|p1a: Excadrill\n|-resisted|p1a: Excadrill|1\n|-damage|p1a: Excadrill|0 fnt\n|faint|p1a: Excadrill\n|move|p2b: Meganium|Synthesis|p2b: Meganium\n|-heal|p2b: Meganium|62/100\n|move|p1b: Tyranitar|Fire Punch|p2b: Meganium\n|-supereffective|p2b: Meganium|1\n|-damage|p2b: Meganium|0 fnt\n|faint|p2b: Meganium\n|\n|-weather|Sandstorm|[upkeep]\n|-damage|p2a: Sneasler|58/100|[from] Sandstorm\n|upkeep\n|\n|t:|1776196461\n|switch|p1a: Milotic|Milotic, L50, F|100/100\n|switch|p2b: Kingambit|Kingambit, L50, M|100/100\n|turn|5\n|\n|t:|1776196477\n|move|p1b: Tyranitar|Protect|p1b: Tyranitar\n|-singleturn|p1b: Tyranitar|Protect\n|move|p2a: Sneasler|Close Combat|p1b: Tyranitar\n|-activate|p1b: Tyranitar|move: Protect\n|move|p1a: Milotic|Icy Wind|p2b: Kingambit|[spread] p2a,p2b\n|-resisted|p2b: Kingambit|1\n|-damage|p2a: Sneasler|43/100\n|-damage|p2b: Kingambit|95/100\n|-unboost|p2a: Sneasler|spe|1\n|-unboost|p2b: Kingambit|spe|1\n|-ability|p2b: Kingambit|Defiant|boost\n|-boost|p2b: Kingambit|atk|2\n|move|p2b: Kingambit|Swords Dance|p2b: Kingambit\n|-boost|p2b: Kingambit|atk|2\n|\n|-weather|none\n|upkeep\n|turn|6\n|inactive|thattube has 30 seconds left.\n|\n|t:|1776196507\n|move|p2b: Kingambit|Sucker Punch|p1a: Milotic\n|-damage|p1a: Milotic|0 fnt\n|faint|p1a: Milotic\n|move|p2a: Sneasler|Close Combat|p1b: Tyranitar\n|-supereffective|p1b: Tyranitar|2\n|-damage|p1b: Tyranitar|0 fnt\n|-unboost|p2a: Sneasler|def|1\n|-unboost|p2a: Sneasler|spd|1\n|faint|p1b: Tyranitar\n|\n|win|Kulks\n|raw|thattube's rating: 1054 &rarr; <strong>1033</strong><br />(-21 for losing)\n|raw|Kulks's rating: 1005 &rarr; <strong>1050</strong><br />(+45 for winning)\n|l|\u2606Kulks\n|player|p2|\n",
  "uploadtime": 1776196516,
  "views": 21,
  "formatid": "gen9championsvgc2026regma",
  "rating": 1033,
  "private": 0,
  "password": null
}