{
  "id": "gen9championsvgc2026regma-2587142019",
  "format": "[Gen 9 Champions] VGC 2026 Reg M-A",
  "players": [
    "Gusta_Poke123",
    "TalesOfXanthar"
  ],
  "log": "|j|\u2606Gusta_Poke123\n|j|\u2606TalesOfXanthar\n|t:|1776499537\n|gametype|doubles\n|player|p1|Gusta_Poke123|steven|1000\n|player|p2|TalesOfXanthar|101|1025\n|gen|9\n|tier|[Gen 9 Champions] VGC 2026 Reg M-A\n|rated|\n|rule|Species Clause: Limit one of each Pok\u00e9mon\n|rule|Item Clause: Limit 1 of each item\n|clearpoke\n|poke|p1|Floette-Eternal, L50, F|\n|poke|p1|Whimsicott, L50, M|\n|poke|p1|Arcanine-Hisui, L50, F|\n|poke|p1|Dragapult, L50, M|\n|poke|p1|Corviknight, L50, M|\n|poke|p1|Rotom-Wash, L50|\n|poke|p2|Appletun, L50, M|\n|poke|p2|Floette-Eternal, L50, F|\n|poke|p2|Runerigus, L50, M|\n|poke|p2|Sinistcha-Masterpiece, L50|\n|poke|p2|Araquanid, L50, M|\n|poke|p2|Archaludon, L50, M|\n|teampreview|4\n|\n|t:|1776499569\n|teamsize|p1|4\n|teamsize|p2|4\n|start\n|switch|p1a: Floette|Floette-Eternal, L50, F|100/100\n|switch|p1b: Corviknight|Corviknight, L50, M|100/100\n|switch|p2a: Araquanid|Araquanid, L50, M|100/100\n|switch|p2b: Sinistcha|Sinistcha-Masterpiece, L50|100/100\n|turn|1\n|\n|t:|1776499580\n|detailschange|p1a: Floette|Floette-Mega, L50, F\n|-mega|p1a: Floette|Floette|Floettite\n|-ability|p1a: Floette|Fairy Aura\n|move|p1a: Floette|Protect|p1a: Floette\n|-singleturn|p1a: Floette|Protect\n|move|p1b: Corviknight|Tailwind|p1b: Corviknight\n|-sidestart|p1: Gusta_Poke123|move: Tailwind\n|move|p2a: Araquanid|Poison Jab|p1a: Floette\n|-activate|p1a: Floette|move: Protect\n|move|p2b: Sinistcha|Trick Room|p2b: Sinistcha\n|-fieldstart|move: Trick Room|[of] p2b: Sinistcha\n|\n|upkeep\n|turn|2\n|\n|t:|1776499608\n|switch|p1a: Rotom|Rotom-Wash, L50|100/100\n|move|p2a: Araquanid|Poison Jab|p1a: Rotom\n|-damage|p1a: Rotom|80/100\n|move|p2b: Sinistcha|Curse|p1b: Corviknight\n|-start|p1b: Corviknight|Curse|[of] p2b: Sinistcha\n|-damage|p2b: Sinistcha|50/100\n|move|p1b: Corviknight|Drill Peck|p2b: Sinistcha\n|-supereffective|p2b: Sinistcha|1\n|-damage|p2b: Sinistcha|9/100\n|\n|-heal|p2b: Sinistcha|15/100|[from] item: Leftovers\n|-heal|p1a: Rotom|86/100|[from] item: Leftovers\n|-damage|p1b: Corviknight|76/100|[from] Curse\n|upkeep\n|turn|3\n|\n|t:|1776499645\n|switch|p2b: Archaludon|Archaludon, L50, M|100/100\n|move|p2a: Araquanid|Skitter Smack|p1a: Rotom\n|-damage|p1a: Rotom|56/100\n|-unboost|p1a: Rotom|spa|1\n|move|p1b: Corviknight|Drill Peck|p2b: Archaludon\n|-resisted|p2b: Archaludon|1\n|-damage|p2b: Archaludon|92/100\n|-ability|p2b: Archaludon|Stamina|boost\n|-boost|p2b: Archaludon|def|1\n|move|p1a: Rotom|Thunderbolt|p2a: Araquanid\n|-supereffective|p2a: Araquanid|1\n|-damage|p2a: Araquanid|62/100\n|-status|p2a: Araquanid|par\n|\n|-heal|p1a: Rotom|62/100|[from] item: Leftovers\n|-damage|p1b: Corviknight|51/100|[from] Curse\n|upkeep\n|turn|4\n|\n|t:|1776499677\n|move|p2a: Araquanid|Skitter Smack|p1a: Rotom\n|-damage|p1a: Rotom|35/100\n|-unboost|p1a: Rotom|spa|1\n|move|p2b: Archaludon|Flash Cannon|p1a: Rotom\n|-resisted|p1a: Rotom|2\n|-damage|p1a: Rotom|25/100\n|move|p1b: Corviknight|Drill Peck|p2a: Araquanid\n|-supereffective|p2a: Araquanid|1\n|-damage|p2a: Araquanid|0 fnt\n|faint|p2a: Araquanid\n|move|p1a: Rotom|Will-O-Wisp|p2b: Archaludon|[miss]\n|-miss|p1a: Rotom|p2b: Archaludon\n|\n|-heal|p1a: Rotom|31/100|[from] item: Leftovers\n|-damage|p1b: Corviknight|27/100|[from] Curse\n|-sideend|p1: Gusta_Poke123|move: Tailwind\n|upkeep\n|\n|t:|1776499693\n|switch|p2a: Sinistcha|Sinistcha-Masterpiece, L50|15/100\n|-heal|p2b: Archaludon|100/100|[from] ability: Hospitality|[of] p2a: Sinistcha\n|turn|5\n|\n|t:|1776499712\n|move|p2a: Sinistcha|Life Dew||[still]|[spread] p2a,p2b\n|-heal|p2a: Sinistcha|40/100\n|-fail|p2b: Archaludon|heal\n|move|p1b: Corviknight|Drill Peck|p2a: Sinistcha\n|-supereffective|p2a: Sinistcha|1\n|-damage|p2a: Sinistcha|0 fnt\n|faint|p2a: Sinistcha\n|move|p2b: Archaludon|Flash Cannon|p1b: Corviknight\n|-resisted|p1b: Corviknight|1\n|-damage|p1b: Corviknight|5/100\n|move|p1a: Rotom|Pain Split|p2b: Archaludon\n|-sethp|p2b: Archaludon|61/100|[from] move: Pain Split|[silent]\n|-sethp|p1a: Rotom|84/100|[from] move: Pain Split\n|\n|-heal|p1a: Rotom|90/100|[from] item: Leftovers\n|-damage|p1b: Corviknight|0 fnt|[from] Curse\n|faint|p1b: Corviknight\n|-fieldend|move: Trick Room\n|upkeep\n|\n|t:|1776499731\n|switch|p1b: Floette|Floette-Mega, L50, F|100/100\n|switch|p2a: Floette|Floette-Eternal, L50, F|100/100\n|-ability|p1b: Floette|Fairy Aura\n|turn|6\n|\n|t:|1776499751\n|detailschange|p2a: Floette|Floette-Mega, L50, F\n|-mega|p2a: Floette|Floette|Floettite\n|-ability|p2a: Floette|Fairy Aura\n|move|p1b: Floette|Dazzling Gleam|p2a: Floette|[spread] p2a,p2b\n|-damage|p2a: Floette|59/100\n|-damage|p2b: Archaludon|0 fnt\n|faint|p2b: Archaludon\n|move|p2a: Floette|Substitute|p2a: Floette\n|-start|p2a: Floette|Substitute\n|-damage|p2a: Floette|34/100\n|move|p1a: Rotom|Will-O-Wisp||[still]\n|-fail|p1a: Rotom\n|\n|-heal|p1a: Rotom|96/100|[from] item: Leftovers\n|upkeep\n|turn|7\n|\n|t:|1776499769\n|move|p1b: Floette|Moonblast|p2a: Floette\n|-end|p2a: Floette|Substitute\n|move|p2a: Floette|Draining Kiss|p1a: Rotom\n|-damage|p1a: Rotom|56/100\n|-heal|p2a: Floette|63/100|[from] drain|[of] p1a: Rotom\n|move|p1a: Rotom|Thunderbolt|p2a: Floette\n|-damage|p2a: Floette|49/100\n|\n|-heal|p1a: Rotom|61/100|[from] item: Leftovers\n|upkeep\n|turn|8\n|\n|t:|1776499782\n|move|p1b: Floette|Moonblast|p2a: Floette\n|-damage|p2a: Floette|0 fnt\n|faint|p2a: Floette\n|\n|win|Gusta_Poke123\n|raw|Gusta_Poke123's rating: 1000 &rarr; <strong>1043</strong><br />(+43 for winning)\n|raw|TalesOfXanthar's rating: 1025 &rarr; <strong>1010</strong><br />(-15 for losing)\n|l|\u2606TalesOfXanthar\n|player|p2|\n",
  "uploadtime": 1776499791,
  "views": 15,
  "formatid": "gen9championsvgc2026regma",
  "rating": 1010,
  "private": 0,
  "password": null
}