{
  "id": "gen9championsvgc2026regma-2585165657",
  "format": "[Gen 9 Champions] VGC 2026 Reg M-A",
  "players": [
    "larnyayprim",
    "rgeee"
  ],
  "log": "|j|\u2606larnyayprim\n|j|\u2606rgeee\n|t:|1776319944\n|gametype|doubles\n|player|p1|larnyayprim|169|1043\n|player|p2|rgeee|266|1101\n|gen|9\n|tier|[Gen 9 Champions] VGC 2026 Reg M-A\n|rated|\n|rule|Species Clause: Limit one of each Pok\u00e9mon\n|rule|Item Clause: Limit 1 of each item\n|clearpoke\n|poke|p1|Scovillain, L50, F|\n|poke|p1|Typhlosion-Hisui, L50, F|\n|poke|p1|Sinistcha-Masterpiece, L50|\n|poke|p1|Farigiraf, L50, F|\n|poke|p1|Torkoal, L50, F|\n|poke|p1|Talonflame, L50, M|\n|poke|p2|Cofagrigus, L50, M|\n|poke|p2|Torkoal, L50, F|\n|poke|p2|Incineroar, L50, F|\n|poke|p2|Farigiraf, L50, M|\n|poke|p2|Kangaskhan, L50, F|\n|poke|p2|Audino, L50, M|\n|teampreview|4\n|\n|t:|1776319967\n|teamsize|p1|4\n|teamsize|p2|4\n|start\n|switch|p1a: Farigiraf|Farigiraf, L50, F|100/100\n|switch|p1b: Scovillain|Scovillain, L50, F|100/100\n|switch|p2a: Kangaskhan|Kangaskhan, L50, F|100/100\n|switch|p2b: Farigiraf|Farigiraf, L50, M|100/100\n|turn|1\n|\n|t:|1776319993\n|switch|p2a: Torkoal|Torkoal, L50, F|100/100\n|-weather|SunnyDay|[from] ability: Drought|[of] p2a: Torkoal\n|detailschange|p1b: Scovillain|Scovillain-Mega, L50, F\n|-mega|p1b: Scovillain|Scovillain|Scovillainite\n|move|p1b: Scovillain|Rage Powder|p1b: Scovillain\n|-singleturn|p1b: Scovillain|move: Rage Powder\n|move|p2b: Farigiraf|Hyper Voice|p1b: Scovillain|[spread] p1a,p1b\n|-damage|p1a: Farigiraf|74/100\n|-damage|p1b: Scovillain|71/100\n|-status|p2b: Farigiraf|brn|[from] ability: Spicy Spray|[of] p1b: Scovillain\n|move|p1a: Farigiraf|Light Screen|p1a: Farigiraf\n|-sidestart|p1: larnyayprim|move: Light Screen\n|\n|-weather|SunnyDay|[upkeep]\n|-heal|p1a: Farigiraf|80/100|[from] item: Leftovers\n|-damage|p2b: Farigiraf|94/100 brn|[from] brn\n|upkeep\n|turn|2\n|\n|t:|1776320019\n|move|p2a: Torkoal|Protect|p2a: Torkoal\n|-singleturn|p2a: Torkoal|Protect\n|move|p1b: Scovillain|Burning Jealousy|p2b: Farigiraf|[spread] p2b\n|-activate|p2a: Torkoal|move: Protect\n|-damage|p2b: Farigiraf|58/100 brn\n|move|p1a: Farigiraf|Psychic|p2a: Torkoal\n|-activate|p2a: Torkoal|move: Protect\n|move|p2b: Farigiraf|Trick Room|p2b: Farigiraf\n|-fieldstart|move: Trick Room|[of] p2b: Farigiraf\n|\n|-weather|SunnyDay|[upkeep]\n|-heal|p1a: Farigiraf|86/100|[from] item: Leftovers\n|-damage|p2b: Farigiraf|52/100 brn|[from] brn\n|upkeep\n|turn|3\n|\n|t:|1776320039\n|move|p1b: Scovillain|Protect|p1b: Scovillain\n|-singleturn|p1b: Scovillain|Protect\n|move|p2a: Torkoal|Eruption|p1a: Farigiraf|[spread] p1a\n|-activate|p1b: Scovillain|move: Protect\n|-damage|p1a: Farigiraf|38/100\n|move|p1a: Farigiraf|Psychic|p2a: Torkoal\n|-damage|p2a: Torkoal|52/100\n|move|p2b: Farigiraf|Psychic|p1b: Scovillain\n|-activate|p1b: Scovillain|move: Protect\n|\n|-weather|SunnyDay|[upkeep]\n|-heal|p1a: Farigiraf|45/100|[from] item: Leftovers\n|-damage|p2b: Farigiraf|46/100 brn|[from] brn\n|upkeep\n|-enditem|p2b: Farigiraf|Sitrus Berry|[eat]\n|-heal|p2b: Farigiraf|71/100 brn|[from] item: Sitrus Berry\n|turn|4\n|\n|t:|1776320067\n|switch|p2b: Audino|Audino, L50, M|100/100\n|move|p2a: Torkoal|Heat Wave|p1a: Farigiraf|[spread] p1a,p1b\n|-damage|p1a: Farigiraf|17/100\n|-damage|p1b: Scovillain|34/100\n|-immune|p2a: Torkoal\n|move|p1a: Farigiraf|Psychic|p2a: Torkoal\n|-damage|p2a: Torkoal|6/100\n|move|p1b: Scovillain|Burning Jealousy|p2b: Audino|[spread] p2a,p2b\n|-resisted|p2a: Torkoal|1\n|-damage|p2a: Torkoal|0 fnt\n|-damage|p2b: Audino|66/100\n|faint|p2a: Torkoal\n|\n|-weather|SunnyDay|[upkeep]\n|-heal|p1a: Farigiraf|23/100|[from] item: Leftovers\n|upkeep\n|\n|t:|1776320076\n|switch|p2a: Farigiraf|Farigiraf, L50, M|71/100 brn\n|turn|5\n|\n|t:|1776320088\n|switch|p1a: Sinistcha|Sinistcha-Masterpiece, L50|100/100\n|-heal|p1b: Scovillain|59/100|[from] ability: Hospitality|[of] p1a: Sinistcha\n|detailschange|p2b: Audino|Audino-Mega, L50, M\n|-mega|p2b: Audino|Audino|Audinite\n|move|p1b: Scovillain|Rage Powder|p1b: Scovillain\n|-singleturn|p1b: Scovillain|move: Rage Powder\n|move|p2b: Audino|Heal Pulse|p1b: Scovillain\n|-heal|p1b: Scovillain|100/100\n|move|p2a: Farigiraf|Psychic|p1b: Scovillain\n|-damage|p1b: Scovillain|73/100\n|\n|-weather|none\n|-activate|p2b: Audino|ability: Healer\n|-curestatus|p2a: Farigiraf|brn|[msg]\n|-sideend|p1: larnyayprim|move: Light Screen\n|upkeep\n|turn|6\n|\n|t:|1776320112\n|move|p2b: Audino|Helping Hand|p2a: Farigiraf\n|-singleturn|p2a: Farigiraf|Helping Hand|[of] p2b: Audino\n|move|p2a: Farigiraf|Psychic|p1b: Scovillain\n|-damage|p1b: Scovillain|12/100\n|-status|p2a: Farigiraf|brn|[from] ability: Spicy Spray|[of] p1b: Scovillain\n|move|p1a: Sinistcha|Stun Spore|p2b: Audino|[miss]\n|-miss|p1a: Sinistcha|p2b: Audino\n|move|p1b: Scovillain|Burning Jealousy|p2a: Farigiraf|[spread] p2a,p2b\n|-damage|p2a: Farigiraf|47/100 brn\n|-damage|p2b: Audino|50/100\n|\n|-activate|p2b: Audino|ability: Healer\n|-curestatus|p2a: Farigiraf|brn|[msg]\n|-fieldend|move: Trick Room\n|upkeep\n|turn|7\n|\n|t:|1776320131\n|move|p1b: Scovillain|Protect|p1b: Scovillain\n|-singleturn|p1b: Scovillain|Protect\n|move|p1a: Sinistcha|Stun Spore|p2b: Audino|[miss]\n|-miss|p1a: Sinistcha|p2b: Audino\n|move|p2a: Farigiraf|Hyper Voice|p1a: Sinistcha|[spread] \n|-activate|p1b: Scovillain|move: Protect\n|-immune|p1a: Sinistcha\n|move|p2b: Audino|Heal Pulse|p2a: Farigiraf\n|-heal|p2a: Farigiraf|97/100\n|\n|upkeep\n|turn|8\n|\n|t:|1776320155\n|switch|p1b: Torkoal|Torkoal, L50, F|100/100\n|-weather|SunnyDay|[from] ability: Drought|[of] p1b: Torkoal\n|move|p2b: Audino|Protect|p2b: Audino\n|-singleturn|p2b: Audino|Protect\n|move|p1a: Sinistcha|Matcha Gotcha|p2b: Audino|[spread] p2a\n|-activate|p2b: Audino|move: Protect\n|-damage|p2a: Farigiraf|70/100\n|-status|p2a: Farigiraf|brn\n|move|p2a: Farigiraf|Psychic|p1b: Torkoal\n|-damage|p1b: Torkoal|38/100\n|\n|-weather|SunnyDay|[upkeep]\n|-damage|p2a: Farigiraf|64/100 brn|[from] brn\n|upkeep\n|turn|9\n|\n|t:|1776320181\n|move|p2b: Audino|Helping Hand|p2a: Farigiraf\n|-singleturn|p2a: Farigiraf|Helping Hand|[of] p2b: Audino\n|move|p1b: Torkoal|Protect|p1b: Torkoal\n|-singleturn|p1b: Torkoal|Protect\n|move|p1a: Sinistcha|Life Dew||[still]|[spread] p1a,p1b\n|-fail|p1a: Sinistcha|heal\n|-heal|p1b: Torkoal|63/100\n|move|p2a: Farigiraf|Hyper Voice|p1b: Torkoal|[spread] \n|-activate|p1b: Torkoal|move: Protect\n|-immune|p1a: Sinistcha\n|\n|-weather|SunnyDay|[upkeep]\n|-damage|p2a: Farigiraf|58/100 brn|[from] brn\n|upkeep\n|turn|10\n|\n|t:|1776320208\n|move|p1a: Sinistcha|Stun Spore|p2a: Farigiraf|[miss]\n|-miss|p1a: Sinistcha|p2a: Farigiraf\n|move|p2a: Farigiraf|Hyper Voice|p1a: Sinistcha|[spread] p1b\n|-immune|p1a: Sinistcha\n|-damage|p1b: Torkoal|21/100\n|move|p2b: Audino|Heal Pulse|p2a: Farigiraf\n|-heal|p2a: Farigiraf|100/100 brn\n|move|p1b: Torkoal|Eruption|p2a: Farigiraf|[spread] p2a,p2b\n|-damage|p2a: Farigiraf|84/100 brn\n|-damage|p2b: Audino|41/100\n|\n|-weather|SunnyDay|[upkeep]\n|-activate|p2b: Audino|ability: Healer\n|-curestatus|p2a: Farigiraf|brn|[msg]\n|upkeep\n|turn|11\n|\n|t:|1776320227\n|move|p2b: Audino|Helping Hand|p2a: Farigiraf\n|-singleturn|p2a: Farigiraf|Helping Hand|[of] p2b: Audino\n|move|p1b: Torkoal|Protect|p1b: Torkoal\n|-singleturn|p1b: Torkoal|Protect\n|move|p1a: Sinistcha|Life Dew||[still]|[spread] p1a,p1b\n|-fail|p1a: Sinistcha|heal\n|-heal|p1b: Torkoal|46/100\n|move|p2a: Farigiraf|Psychic|p1a: Sinistcha|[miss]\n|-miss|p2a: Farigiraf|p1a: Sinistcha\n|\n|-weather|SunnyDay|[upkeep]\n|upkeep\n|turn|12\n|\n|t:|1776320249\n|switch|p1a: Farigiraf|Farigiraf, L50, F|23/100\n|move|p2b: Audino|Helping Hand|p2a: Farigiraf\n|-singleturn|p2a: Farigiraf|Helping Hand|[of] p2b: Audino\n|move|p2a: Farigiraf|Psychic|p1b: Torkoal\n|-damage|p1b: Torkoal|0 fnt\n|faint|p1b: Torkoal\n|\n|-weather|none\n|-heal|p1a: Farigiraf|30/100|[from] item: Leftovers\n|upkeep\n|\n|t:|1776320264\n|switch|p1b: Scovillain|Scovillain-Mega, L50, F|12/100\n|turn|13\n|\n|t:|1776320277\n|switch|p1a: Sinistcha|Sinistcha-Masterpiece, L50|100/100\n|-heal|p1b: Scovillain|37/100|[from] ability: Hospitality|[of] p1a: Sinistcha\n|move|p2b: Audino|Helping Hand|p2a: Farigiraf\n|-singleturn|p2a: Farigiraf|Helping Hand|[of] p2b: Audino\n|move|p1b: Scovillain|Protect|p1b: Scovillain\n|-singleturn|p1b: Scovillain|Protect\n|move|p2a: Farigiraf|Hyper Voice|p1a: Sinistcha|[spread] \n|-activate|p1b: Scovillain|move: Protect\n|-immune|p1a: Sinistcha\n|\n|upkeep\n|turn|14\n|\n|t:|1776320296\n|move|p2b: Audino|Helping Hand|p2a: Farigiraf\n|-singleturn|p2a: Farigiraf|Helping Hand|[of] p2b: Audino\n|move|p1b: Scovillain|Burning Jealousy|p2a: Farigiraf|[spread] p2a,p2b\n|-damage|p2a: Farigiraf|60/100\n|-damage|p2b: Audino|25/100\n|move|p1a: Sinistcha|Life Dew||[still]|[spread] p1a,p1b\n|-fail|p1a: Sinistcha|heal\n|-heal|p1b: Scovillain|62/100\n|move|p2a: Farigiraf|Hyper Voice|p1a: Sinistcha|[spread] p1b\n|-immune|p1a: Sinistcha\n|-damage|p1b: Scovillain|12/100\n|-status|p2a: Farigiraf|brn|[from] ability: Spicy Spray|[of] p1b: Scovillain\n|\n|-activate|p2b: Audino|ability: Healer\n|-curestatus|p2a: Farigiraf|brn|[msg]\n|upkeep\n|turn|15\n|\n|t:|1776320315\n|move|p1b: Scovillain|Protect|p1b: Scovillain\n|-singleturn|p1b: Scovillain|Protect\n|move|p1a: Sinistcha|Life Dew||[still]|[spread] p1a,p1b\n|-fail|p1a: Sinistcha|heal\n|-heal|p1b: Scovillain|37/100\n|move|p2a: Farigiraf|Psychic|p1a: Sinistcha\n|-damage|p1a: Sinistcha|58/100\n|move|p2b: Audino|Heal Pulse|p2a: Farigiraf\n|-heal|p2a: Farigiraf|100/100\n|\n|upkeep\n|turn|16\n|\n|t:|1776320330\n|move|p2b: Audino|Helping Hand|p2a: Farigiraf\n|-singleturn|p2a: Farigiraf|Helping Hand|[of] p2b: Audino\n|move|p1b: Scovillain|Burning Jealousy|p2a: Farigiraf|[spread] p2a,p2b\n|-damage|p2a: Farigiraf|76/100\n|-damage|p2b: Audino|10/100\n|move|p1a: Sinistcha|Matcha Gotcha|p2b: Audino|[spread] p2a\n|-miss|p1a: Sinistcha|p2b: Audino\n|-damage|p2a: Farigiraf|52/100\n|-heal|p1a: Sinistcha|73/100|[from] drain|[of] p2a: Farigiraf\n|move|p2a: Farigiraf|Psychic|p1b: Scovillain\n|-damage|p1b: Scovillain|0 fnt\n|-status|p2a: Farigiraf|brn|[from] ability: Spicy Spray|[of] p1b: Scovillain\n|faint|p1b: Scovillain\n|\n|-activate|p2b: Audino|ability: Healer\n|-curestatus|p2a: Farigiraf|brn|[msg]\n|upkeep\n|\n|t:|1776320348\n|switch|p1b: Farigiraf|Farigiraf, L50, F|30/100\n|turn|17\n|\n|t:|1776320358\n|move|p2b: Audino|Helping Hand|p2a: Farigiraf\n|-singleturn|p2a: Farigiraf|Helping Hand|[of] p2b: Audino\n|move|p1a: Sinistcha|Matcha Gotcha|p2a: Farigiraf|[spread] p2a,p2b\n|-damage|p2a: Farigiraf|29/100\n|-heal|p1a: Sinistcha|88/100|[from] drain|[of] p2a: Farigiraf\n|-damage|p2b: Audino|0 fnt\n|-heal|p1a: Sinistcha|94/100|[from] drain|[of] p2b: Audino\n|faint|p2b: Audino\n|move|p2a: Farigiraf|Hyper Voice|p1a: Sinistcha|[spread] p1b\n|-immune|p1a: Sinistcha\n|-damage|p1b: Farigiraf|0 fnt\n|faint|p1b: Farigiraf\n|\n|upkeep\n|\n|t:|1776320363\n|switch|p2b: Kangaskhan|Kangaskhan, L50, F|100/100\n|turn|18\n|\n|t:|1776320379\n|move|p2b: Kangaskhan|Sucker Punch||[still]\n|-fail|p2b: Kangaskhan\n|move|p1a: Sinistcha|Stun Spore|p2b: Kangaskhan\n|-status|p2b: Kangaskhan|par\n|move|p2a: Farigiraf|Psychic|p1a: Sinistcha\n|-damage|p1a: Sinistcha|48/100\n|\n|upkeep\n|turn|19\n|\n|t:|1776320387\n|move|p2b: Kangaskhan|Sucker Punch|p1a: Sinistcha\n|-supereffective|p1a: Sinistcha|1\n|-damage|p1a: Sinistcha|18/100\n|move|p1a: Sinistcha|Matcha Gotcha|p2a: Farigiraf|[spread] p2a,p2b\n|-crit|p2a: Farigiraf\n|-damage|p2a: Farigiraf|0 fnt\n|-heal|p1a: Sinistcha|36/100|[from] drain|[of] p2a: Farigiraf\n|-damage|p2b: Kangaskhan|79/100 par\n|-heal|p1a: Sinistcha|49/100|[from] drain|[of] p2b: Kangaskhan\n|faint|p2a: Farigiraf\n|\n|upkeep\n|turn|20\n|\n|t:|1776320412\n|move|p1a: Sinistcha|Matcha Gotcha|p2b: Kangaskhan\n|-damage|p2b: Kangaskhan|50/100 par\n|-heal|p1a: Sinistcha|66/100|[from] drain|[of] p2b: Kangaskhan\n|move|p2b: Kangaskhan|Drain Punch|p1a: Sinistcha\n|-damage|p1a: Sinistcha|49/100\n|-heal|p2b: Kangaskhan|58/100 par|[from] drain|[of] p1a: Sinistcha\n|\n|upkeep\n|turn|21\n|\n|t:|1776320424\n|move|p2b: Kangaskhan|Sucker Punch|p1a: Sinistcha\n|-supereffective|p1a: Sinistcha|1\n|-damage|p1a: Sinistcha|17/100\n|move|p1a: Sinistcha|Matcha Gotcha|p2b: Kangaskhan\n|-damage|p2b: Kangaskhan|26/100 par\n|-heal|p1a: Sinistcha|35/100|[from] drain|[of] p2b: Kangaskhan\n|\n|upkeep\n|turn|22\n|\n|t:|1776320436\n|move|p2b: Kangaskhan|Sucker Punch||[still]\n|-fail|p2b: Kangaskhan\n|move|p1a: Sinistcha|Life Dew|p1a: Sinistcha\n|-heal|p1a: Sinistcha|61/100\n|\n|upkeep\n|turn|23\n|-message|rgeee forfeited.\n|\n|win|larnyayprim\n|raw|larnyayprim's rating: 1043 &rarr; <strong>1082</strong><br />(+39 for winning)\n|raw|rgeee's rating: 1101 &rarr; <strong>1072</strong><br />(-29 for losing)\n",
  "uploadtime": 1776320445,
  "views": 22,
  "formatid": "gen9championsvgc2026regma",
  "rating": 1072,
  "private": 0,
  "password": null
}