{
  "id": "gen9championsvgc2026regma-2588378834",
  "format": "[Gen 9 Champions] VGC 2026 Reg M-A",
  "players": [
    "yikes master",
    "MvillMpersonality"
  ],
  "log": "|j|\u2606yikes master\n|j|\u2606MvillMpersonality\n|t:|1776628566\n|gametype|doubles\n|player|p1|yikes master|wattson|1041\n|player|p2|MvillMpersonality|169|1139\n|gen|9\n|tier|[Gen 9 Champions] VGC 2026 Reg M-A\n|rated|\n|rule|Species Clause: Limit one of each Pok\u00e9mon\n|rule|Item Clause: Limit 1 of each item\n|clearpoke\n|poke|p1|Meganium, L50, F|\n|poke|p1|Aerodactyl, L50, M|\n|poke|p1|Archaludon, L50, M|\n|poke|p1|Typhlosion-Hisui, L50, M|\n|poke|p1|Kangaskhan, L50, F|\n|poke|p1|Tauros-Paldea-Aqua, L50, M|\n|poke|p2|Scovillain, L50, F|\n|poke|p2|Rhyperior, L50, F|\n|poke|p2|Sinistcha, L50|\n|poke|p2|Empoleon, L50, F|\n|poke|p2|Tyranitar, L50, M|\n|poke|p2|Aegislash, L50, F|\n|teampreview|4\n|inactive|Battle timer is ON: inactive players will automatically lose when time's up. (requested by yikes master)\n|inactive|MvillMpersonality has 60 seconds left.\n|inactive|MvillMpersonality has 30 seconds left.\n|\n|t:|1776628628\n|teamsize|p1|4\n|teamsize|p2|4\n|start\n|switch|p1a: Meganium|Meganium, L50, F|100/100\n|switch|p1b: Aerodactyl|Aerodactyl, L50, M|100/100\n|switch|p2a: The Antagonist|Scovillain, L50, F|100/100\n|switch|p2b: The Beef|Rhyperior, L50, F|100/100\n|-ability|p1b: Aerodactyl|Unnerve\n|turn|1\n|inactive|yikes master has 30 seconds left.\n|inactive|yikes master has 20 seconds left.\n|inactive|yikes master has 15 seconds left.\n|inactive|yikes master has 10 seconds left.\n|\n|t:|1776628677\n|detailschange|p1a: Meganium|Meganium-Mega, L50, F\n|-mega|p1a: Meganium|Meganium|Meganiumite\n|detailschange|p2a: The Antagonist|Scovillain-Mega, L50, F\n|-mega|p2a: The Antagonist|Scovillain|Scovillainite\n|move|p2b: The Beef|Protect|p2b: The Beef\n|-singleturn|p2b: The Beef|Protect\n|move|p1b: Aerodactyl|Tailwind|p1b: Aerodactyl\n|-sidestart|p1: yikes master|move: Tailwind\n|move|p1a: Meganium|Solar Beam||[still]\n|-prepare|p1a: Meganium|Solar Beam\n|-activate|p1a: Meganium|ability: Mega Sol\n|-anim|p1a: Meganium|Solar Beam|p2b: The Beef\n|-activate|p2b: The Beef|move: Protect\n|move|p2a: The Antagonist|Overheat|p1a: Meganium\n|-supereffective|p1a: Meganium|1\n|-damage|p1a: Meganium|1/100\n|-unboost|p2a: The Antagonist|spa|2\n|\n|upkeep\n|turn|2\n|c|\u2606MvillMpersonality|omg 1%? I didn't realize people were calcing the overheat now lol\n|inactive|MvillMpersonality has 30 seconds left.\n|\n|t:|1776628705\n|move|p2a: The Antagonist|Rage Powder|p2a: The Antagonist\n|-singleturn|p2a: The Antagonist|move: Rage Powder\n|move|p1b: Aerodactyl|Dual Wingbeat|p2a: The Antagonist\n|-supereffective|p2a: The Antagonist|1\n|-damage|p2a: The Antagonist|58/100\n|-status|p1b: Aerodactyl|brn|[from] ability: Spicy Spray|[of] p2a: The Antagonist\n|-supereffective|p2a: The Antagonist|1\n|-damage|p2a: The Antagonist|37/100\n|-hitcount|p2a: The Antagonist|2\n|move|p1a: Meganium|Solar Beam||[still]\n|-prepare|p1a: Meganium|Solar Beam\n|-activate|p1a: Meganium|ability: Mega Sol\n|-anim|p1a: Meganium|Solar Beam|p2b: The Beef\n|-supereffective|p2b: The Beef|2\n|-damage|p2b: The Beef|0 fnt\n|faint|p2b: The Beef\n|\n|-damage|p1b: Aerodactyl|95/100 brn|[from] brn\n|upkeep\n|\n|t:|1776628724\n|switch|p2b: Tyranitar|Tyranitar, L50, M|100/100\n|-weather|Sandstorm|[from] ability: Sand Stream|[of] p2b: Tyranitar\n|turn|3\n|\n|t:|1776628747\n|switch|p2a: Empoleon|Empoleon, L50, F|100/100\n|move|p2b: Tyranitar|Protect|p2b: Tyranitar\n|-singleturn|p2b: Tyranitar|Protect\n|move|p1b: Aerodactyl|Rock Slide|p2b: Tyranitar|[spread] p2a\n|-activate|p2b: Tyranitar|move: Protect\n|-resisted|p2a: Empoleon|1\n|-damage|p2a: Empoleon|93/100\n|move|p1a: Meganium|Dazzling Gleam|p2a: Empoleon|[spread] p2a\n|-activate|p2b: Tyranitar|move: Protect\n|-resisted|p2a: Empoleon|1\n|-damage|p2a: Empoleon|77/100\n|\n|-weather|Sandstorm|[upkeep]\n|-damage|p1a: Meganium|0 fnt|[from] Sandstorm\n|faint|p1a: Meganium\n|-damage|p1b: Aerodactyl|89/100 brn|[from] brn\n|upkeep\n|\n|t:|1776628768\n|switch|p1a: Archaludon|Archaludon, L50, M|100/100\n|turn|4\n|\n|t:|1776628787\n|move|p1b: Aerodactyl|Protect|p1b: Aerodactyl\n|-singleturn|p1b: Aerodactyl|Protect\n|move|p1a: Archaludon|Flash Cannon|p2b: Tyranitar\n|-supereffective|p2b: Tyranitar|1\n|-damage|p2b: Tyranitar|48/100\n|-unboost|p2b: Tyranitar|spd|1\n|move|p2a: Empoleon|Flash Cannon|p1b: Aerodactyl\n|-activate|p1b: Aerodactyl|move: Protect\n|move|p2b: Tyranitar|Brick Break|p1a: Archaludon\n|-supereffective|p1a: Archaludon|1\n|-damage|p1a: Archaludon|54/100\n|\n|-weather|Sandstorm|[upkeep]\n|-damage|p1b: Aerodactyl|83/100 brn|[from] brn\n|-sideend|p1: yikes master|move: Tailwind\n|upkeep\n|turn|5\n|inactive|MvillMpersonality has 30 seconds left.\n|\n|t:|1776628814\n|move|p2b: Tyranitar|Protect|p2b: Tyranitar\n|-singleturn|p2b: Tyranitar|Protect\n|move|p1b: Aerodactyl|Tailwind|p1b: Aerodactyl\n|-sidestart|p1: yikes master|move: Tailwind\n|move|p1a: Archaludon|Flash Cannon|p2b: Tyranitar\n|-activate|p2b: Tyranitar|move: Protect\n|move|p2a: Empoleon|Surf|p1b: Aerodactyl|[spread] p1a,p1b\n|-activate|p2b: Tyranitar|move: Protect\n|-resisted|p1a: Archaludon|1\n|-supereffective|p1b: Aerodactyl|1\n|-damage|p1a: Archaludon|28/100\n|-damage|p1b: Aerodactyl|2/100 brn\n|\n|-weather|Sandstorm|[upkeep]\n|-damage|p1b: Aerodactyl|0 fnt|[from] brn\n|faint|p1b: Aerodactyl\n|upkeep\n|\n|t:|1776628827\n|switch|p1b: Typhlosion|Typhlosion-Hisui, L50, M|100/100\n|-item|p2a: Empoleon|Mystic Water|[from] ability: Frisk|[of] p1b: Typhlosion\n|-item|p2b: Tyranitar|Chople Berry|[from] ability: Frisk|[of] p1b: Typhlosion\n|turn|6\n|\n|t:|1776628848\n|move|p1b: Typhlosion|Heat Wave|p2a: Empoleon|[spread] p2a,p2b\n|-resisted|p2b: Tyranitar|1\n|-damage|p2a: Empoleon|44/100\n|-damage|p2b: Tyranitar|33/100\n|move|p1a: Archaludon|Flash Cannon|p2b: Tyranitar\n|-supereffective|p2b: Tyranitar|1\n|-damage|p2b: Tyranitar|0 fnt\n|faint|p2b: Tyranitar\n|move|p2a: Empoleon|Surf|p1a: Archaludon|[spread] p1a,p1b\n|-resisted|p1a: Archaludon|1\n|-supereffective|p1b: Typhlosion|1\n|-damage|p1a: Archaludon|2/100\n|-damage|p1b: Typhlosion|0 fnt\n|faint|p1b: Typhlosion\n|\n|-weather|Sandstorm|[upkeep]\n|upkeep\n|-message|yikes master forfeited.\n|\n|win|MvillMpersonality\n|raw|yikes master's rating: 1041 &rarr; <strong>1029</strong><br />(-12 for losing)\n|raw|MvillMpersonality's rating: 1139 &rarr; <strong>1157</strong><br />(+18 for winning)\n|l|\u2606yikes master\n|player|p1|\n",
  "uploadtime": 1776628864,
  "views": 16,
  "formatid": "gen9championsvgc2026regma",
  "rating": 1029,
  "private": 0,
  "password": null
}