{
  "id": "gen9championsvgc2026regma-2582720633",
  "format": "[Gen 9 Champions] VGC 2026 Reg M-A",
  "players": [
    "jakehus8",
    "Juya"
  ],
  "log": "|j|\u2606jakehus8\n|j|\u2606Juya\n|t:|1776109510\n|gametype|doubles\n|player|p1|jakehus8|sabrina-lgpe|1209\n|player|p2|Juya|265|1154\n|gen|9\n|tier|[Gen 9 Champions] VGC 2026 Reg M-A\n|rated|\n|rule|Species Clause: Limit one of each Pok\u00e9mon\n|rule|Item Clause: Limit 1 of each item\n|clearpoke\n|poke|p1|Primarina, L50, M|\n|poke|p1|Aerodactyl, L50, F|\n|poke|p1|Scovillain, L50, F|\n|poke|p1|Sneasler, L50, F|\n|poke|p1|Farigiraf, L50, M|\n|poke|p1|Basculegion, L50, M|\n|poke|p2|Gengar, L50, F|\n|poke|p2|Azumarill, L50, F|\n|poke|p2|Tsareena, L50, F|\n|poke|p2|Corviknight, L50, M|\n|poke|p2|Garchomp, L50, M|\n|poke|p2|Incineroar, L50, F|\n|teampreview|4\n|inactive|Battle timer is ON: inactive players will automatically lose when time's up. (requested by Juya)\n|inactive|jakehus8 has 60 seconds left.\n|\n|t:|1776109558\n|teamsize|p1|4\n|teamsize|p2|4\n|start\n|switch|p1a: Primarina|Primarina, L50, M|100/100\n|switch|p1b: Scovillain|Scovillain, L50, F|100/100\n|switch|p2a: Gengar|Gengar, L50, F|100/100\n|switch|p2b: Tsareena|Tsareena, L50, F|100/100\n|turn|1\n|inactive|jakehus8 has 30 seconds left.\n|\n|t:|1776109591\n|switch|p1a: Aerodactyl|Aerodactyl, L50, F|100/100\n|-ability|p1a: Aerodactyl|Unnerve\n|detailschange|p2a: Gengar|Gengar-Mega, L50, F\n|-mega|p2a: Gengar|Gengar|Gengarite\n|move|p2a: Gengar|Protect|p2a: Gengar\n|-singleturn|p2a: Gengar|Protect\n|move|p1b: Scovillain|Protect|p1b: Scovillain\n|-singleturn|p1b: Scovillain|Protect\n|move|p2b: Tsareena|Trop Kick|p1a: Aerodactyl\n|-damage|p1a: Aerodactyl|22/100\n|-unboost|p1a: Aerodactyl|atk|1\n|\n|-ability|p1b: Scovillain|Moody|boost\n|-boost|p1b: Scovillain|def|2\n|-unboost|p1b: Scovillain|atk|1\n|upkeep\n|turn|2\n|inactive|Juya has 30 seconds left.\n|inactive|Juya has 20 seconds left.\n|inactive|Juya has 15 seconds left.\n|\n|t:|1776109635\n|switch|p2a: Azumarill|Azumarill, L50, F|100/100\n|detailschange|p1b: Scovillain|Scovillain-Mega, L50, F\n|-mega|p1b: Scovillain|Scovillain|Scovillainite\n|move|p2b: Tsareena|Protect|p2b: Tsareena\n|-singleturn|p2b: Tsareena|Protect\n|move|p1b: Scovillain|Rage Powder|p1b: Scovillain\n|-singleturn|p1b: Scovillain|move: Rage Powder\n|move|p1a: Aerodactyl|Tailwind|p1a: Aerodactyl\n|-sidestart|p1: jakehus8|move: Tailwind\n|\n|upkeep\n|turn|3\n|\n|t:|1776109650\n|switch|p2b: Corviknight|Corviknight, L50, M|100/100\n|move|p1b: Scovillain|Rage Powder|p1b: Scovillain\n|-singleturn|p1b: Scovillain|move: Rage Powder\n|move|p1a: Aerodactyl|Dual Wingbeat|p2b: Corviknight\n|-resisted|p2b: Corviknight|1\n|-damage|p2b: Corviknight|96/100\n|-resisted|p2b: Corviknight|1\n|-damage|p2b: Corviknight|92/100\n|-hitcount|p2b: Corviknight|2\n|move|p2a: Azumarill|Perish Song|p2a: Azumarill\n|-start|p1a: Aerodactyl|perish3|[silent]\n|-start|p1b: Scovillain|perish3|[silent]\n|-start|p2a: Azumarill|perish3|[silent]\n|-start|p2b: Corviknight|perish3|[silent]\n|-fieldactivate|move: Perish Song\n|\n|-heal|p2b: Corviknight|98/100|[from] item: Leftovers\n|-start|p1a: Aerodactyl|perish3\n|-start|p1b: Scovillain|perish3\n|-start|p2b: Corviknight|perish3\n|-start|p2a: Azumarill|perish3\n|upkeep\n|turn|4\n|inactive|jakehus8 has 30 seconds left.\n|\n|t:|1776109678\n|move|p2a: Azumarill|Protect|p2a: Azumarill\n|-singleturn|p2a: Azumarill|Protect\n|move|p1a: Aerodactyl|Rock Slide|p2a: Azumarill|[spread] p2b\n|-activate|p2a: Azumarill|move: Protect\n|-damage|p2b: Corviknight|87/100\n|move|p1b: Scovillain|Flamethrower|p2b: Corviknight\n|-supereffective|p2b: Corviknight|1\n|-damage|p2b: Corviknight|4/100\n|-status|p2b: Corviknight|brn\n|cant|p2b: Corviknight|flinch\n|\n|-heal|p2b: Corviknight|10/100 brn|[from] item: Leftovers\n|-damage|p2b: Corviknight|4/100 brn|[from] brn\n|-start|p1a: Aerodactyl|perish2\n|-start|p1b: Scovillain|perish2\n|-start|p2b: Corviknight|perish2\n|-start|p2a: Azumarill|perish2\n|upkeep\n|turn|5\n|\n|t:|1776109702\n|move|p1a: Aerodactyl|Protect|p1a: Aerodactyl\n|-singleturn|p1a: Aerodactyl|Protect\n|move|p1b: Scovillain|Protect|p1b: Scovillain\n|-singleturn|p1b: Scovillain|Protect\n|move|p2a: Azumarill|Aqua Jet|p1a: Aerodactyl\n|-activate|p1a: Aerodactyl|move: Protect\n|move|p2b: Corviknight|Tailwind|p2b: Corviknight\n|-sidestart|p2: Juya|move: Tailwind\n|\n|-heal|p2b: Corviknight|10/100 brn|[from] item: Leftovers\n|-damage|p2b: Corviknight|4/100 brn|[from] brn\n|-start|p1a: Aerodactyl|perish1\n|-start|p1b: Scovillain|perish1\n|-start|p2b: Corviknight|perish1\n|-start|p2a: Azumarill|perish1\n|-sideend|p1: jakehus8|move: Tailwind\n|upkeep\n|turn|6\n|\n|t:|1776109726\n|switch|p2a: Gengar|Gengar-Mega, L50, F|100/100\n|switch|p1b: Sneasler|Sneasler, L50, F|100/100\n|move|p1a: Aerodactyl|Tailwind|p1a: Aerodactyl\n|-sidestart|p1: jakehus8|move: Tailwind\n|move|p2b: Corviknight|Drill Peck|p1b: Sneasler\n|-supereffective|p1b: Sneasler|1\n|-damage|p1b: Sneasler|48/100\n|\n|-heal|p2b: Corviknight|10/100 brn|[from] item: Leftovers\n|-damage|p2b: Corviknight|4/100 brn|[from] brn\n|-start|p1a: Aerodactyl|perish0\n|-start|p2b: Corviknight|perish0\n|faint|p1a: Aerodactyl\n|faint|p2b: Corviknight\n|upkeep\n|\n|t:|1776109741\n|switch|p1a: Primarina|Primarina, L50, M|100/100\n|switch|p2b: Tsareena|Tsareena, L50, F|100/100\n|turn|7\n|\n|t:|1776109766\n|move|p1a: Primarina|Protect|p1a: Primarina\n|-singleturn|p1a: Primarina|Protect\n|move|p1b: Sneasler|Dire Claw|p2b: Tsareena\n|-supereffective|p2b: Tsareena|1\n|-damage|p2b: Tsareena|8/100\n|-status|p2b: Tsareena|psn\n|move|p2a: Gengar|Sludge Bomb|p1a: Primarina\n|-activate|p1a: Primarina|move: Protect\n|move|p2b: Tsareena|Trop Kick|p1a: Primarina\n|-activate|p1a: Primarina|move: Protect\n|\n|-damage|p2b: Tsareena|0 fnt|[from] psn\n|faint|p2b: Tsareena\n|upkeep\n|\n|t:|1776109774\n|switch|p2b: Azumarill|Azumarill, L50, F|100/100\n|turn|8\n|\n|t:|1776109795\n|move|p2b: Azumarill|Aqua Jet|p1b: Sneasler\n|-damage|p1b: Sneasler|0 fnt\n|faint|p1b: Sneasler\n|move|p2a: Gengar|Sludge Bomb|p1a: Primarina\n|-supereffective|p1a: Primarina|1\n|-damage|p1a: Primarina|0 fnt\n|faint|p1a: Primarina\n|\n|-sideend|p2: Juya|move: Tailwind\n|upkeep\n|\n|t:|1776109801\n|switch|p1b: Scovillain|Scovillain-Mega, L50, F|100/100\n|turn|9\n|\n|t:|1776109808\n|move|p2b: Azumarill|Protect|p2b: Azumarill\n|-singleturn|p2b: Azumarill|Protect\n|move|p1b: Scovillain|Leech Seed|p2a: Gengar\n|-start|p2a: Gengar|move: Leech Seed\n|move|p2a: Gengar|Sludge Bomb|p1b: Scovillain\n|-supereffective|p1b: Scovillain|1\n|-damage|p1b: Scovillain|0 fnt\n|-status|p2a: Gengar|brn|[from] ability: Spicy Spray|[of] p1b: Scovillain\n|faint|p1b: Scovillain\n|\n|win|Juya\n|raw|jakehus8's rating: 1209 &rarr; <strong>1180</strong><br />(-29 for losing)\n|raw|Juya's rating: 1154 &rarr; <strong>1183</strong><br />(+29 for winning)\n|l|\u2606jakehus8\n|player|p1|\n",
  "uploadtime": 1776109819,
  "views": 19,
  "formatid": "gen9championsvgc2026regma",
  "rating": 1180,
  "private": 0,
  "password": null
}