{
  "id": "gen9championsvgc2026regma-2587330750",
  "format": "[Gen 9 Champions] VGC 2026 Reg M-A",
  "players": [
    "cheertestacc",
    "ddggii"
  ],
  "log": "|j|\u2606cheertestacc\n|j|\u2606ddggii\n|t:|1776522661\n|gametype|doubles\n|player|p1|cheertestacc|swimmer-gen4dp|1055\n|player|p2|ddggii|2|1066\n|gen|9\n|tier|[Gen 9 Champions] VGC 2026 Reg M-A\n|rated|\n|rule|Species Clause: Limit one of each Pok\u00e9mon\n|rule|Item Clause: Limit 1 of each item\n|clearpoke\n|poke|p1|Aerodactyl, L50, M|\n|poke|p1|Tyranitar, L50, M|\n|poke|p1|Excadrill, L50, F, shiny|\n|poke|p1|Garchomp, L50, M|\n|poke|p1|Primarina, L50, M|\n|poke|p1|Sinistcha, L50|\n|poke|p2|Blastoise, L50, M, shiny|\n|poke|p2|Sinistcha, L50|\n|poke|p2|Incineroar, L50, M|\n|poke|p2|Garchomp, L50, M|\n|poke|p2|Pelipper, L50, F|\n|poke|p2|Gengar, L50, F|\n|teampreview|4\n|inactive|Battle timer is ON: inactive players will automatically lose when time's up. (requested by cheertestacc)\n|inactive|cheertestacc has 60 seconds left.\n|\n|t:|1776522719\n|teamsize|p1|4\n|teamsize|p2|4\n|start\n|switch|p1a: Excadrill|Excadrill, L50, F, shiny|100/100\n|switch|p1b: Sinistcha|Sinistcha, L50|100/100\n|switch|p2a: Incineroar|Incineroar, L50, M|100/100\n|switch|p2b: Sinistcha|Sinistcha, L50|100/100\n|-ability|p2a: Incineroar|Intimidate|boost\n|-unboost|p1a: Excadrill|atk|1\n|-unboost|p1b: Sinistcha|atk|1\n|turn|1\n|inactive|cheertestacc has 30 seconds left.\n|inactive|ddggii has 30 seconds left.\n|inactive|cheertestacc has 20 seconds left.\n|inactive|cheertestacc has 15 seconds left.\n|inactive|cheertestacc has 10 seconds left.\n|\n|t:|1776522766\n|switch|p1a: Tyranitar|Tyranitar, L50, M|100/100\n|-weather|Sandstorm|[from] ability: Sand Stream|[of] p1a: Tyranitar\n|move|p2a: Incineroar|Darkest Lariat|p1b: Sinistcha\n|-supereffective|p1b: Sinistcha|1\n|-damage|p1b: Sinistcha|49/100\n|-enditem|p1b: Sinistcha|Sitrus Berry|[eat]\n|-heal|p1b: Sinistcha|74/100|[from] item: Sitrus Berry\n|move|p1b: Sinistcha|Substitute|p1b: Sinistcha\n|-start|p1b: Sinistcha|Substitute\n|-damage|p1b: Sinistcha|49/100\n|move|p2b: Sinistcha|Trick Room|p2b: Sinistcha\n|-fieldstart|move: Trick Room|[of] p2b: Sinistcha\n|\n|-weather|Sandstorm|[upkeep]\n|-damage|p1b: Sinistcha|43/100|[from] Sandstorm\n|-damage|p2b: Sinistcha|94/100|[from] Sandstorm\n|-damage|p2a: Incineroar|94/100|[from] Sandstorm\n|-heal|p2a: Incineroar|100/100|[from] item: Leftovers\n|upkeep\n|turn|2\n|inactive|cheertestacc has 30 seconds left.\n|inactive|ddggii has 30 seconds left.\n|\n|t:|1776522799\n|switch|p2b: Pelipper|Pelipper, L50, F|100/100\n|-weather|RainDance|[from] ability: Drizzle|[of] p2b: Pelipper\n|move|p1b: Sinistcha|Life Dew||[still]|[spread] p1a,p1b\n|-fail|p1a: Tyranitar|heal\n|-heal|p1b: Sinistcha|68/100\n|move|p1a: Tyranitar|Knock Off|p2b: Pelipper\n|-damage|p2b: Pelipper|37/100\n|-enditem|p2b: Pelipper|Charti Berry|[from] move: Knock Off|[of] p1a: Tyranitar\n|move|p2a: Incineroar|Parting Shot|p1a: Tyranitar\n|-unboost|p1a: Tyranitar|atk|1\n|-unboost|p1a: Tyranitar|spa|1\n|\n|t:|1776522823\n|switch|p2a: Sinistcha|Sinistcha, L50|94/100|[from] Parting Shot\n|-heal|p2b: Pelipper|62/100|[from] ability: Hospitality|[of] p2a: Sinistcha\n|\n|-weather|RainDance|[upkeep]\n|upkeep\n|turn|3\n|\n|t:|1776522840\n|switch|p2b: Incineroar|Incineroar, L50, M|100/100\n|-ability|p2b: Incineroar|Intimidate|boost\n|-unboost|p1a: Tyranitar|atk|1\n|-immune|p1b: Sinistcha\n|move|p1a: Tyranitar|Protect|p1a: Tyranitar\n|-singleturn|p1a: Tyranitar|Protect\n|move|p1b: Sinistcha|Matcha Gotcha|p2a: Sinistcha|[spread] p2a\n|-miss|p1b: Sinistcha|p2b: Incineroar\n|-resisted|p2a: Sinistcha|1\n|-damage|p2a: Sinistcha|82/100\n|-heal|p1b: Sinistcha|74/100|[from] drain|[of] p2a: Sinistcha\n|move|p2a: Sinistcha|Matcha Gotcha|p1a: Tyranitar|[spread] p1b\n|-activate|p1a: Tyranitar|move: Protect\n|-resisted|p1b: Sinistcha|1\n|-activate|p1b: Sinistcha|move: Substitute|[damage]\n|-heal|p2a: Sinistcha|90/100|[from] drain|[of] p1b: Sinistcha\n|\n|-weather|RainDance|[upkeep]\n|upkeep\n|turn|4\n|inactive|cheertestacc has 30 seconds left.\n|inactive|ddggii has 30 seconds left.\n|inactive|cheertestacc has 20 seconds left.\n|inactive|cheertestacc has 15 seconds left.\n|\n|t:|1776522882\n|switch|p1a: Excadrill|Excadrill, L50, F, shiny|100/100\n|switch|p2a: Blastoise|Blastoise, L50, M, shiny|100/100\n|move|p1b: Sinistcha|Rage Powder|p1b: Sinistcha\n|-singleturn|p1b: Sinistcha|move: Rage Powder\n|move|p2b: Incineroar|Parting Shot|p1b: Sinistcha\n|-unboost|p1b: Sinistcha|atk|1\n|-unboost|p1b: Sinistcha|spa|1\n|\n|t:|1776522899\n|switch|p2b: Pelipper|Pelipper, L50, F|62/100|[from] Parting Shot\n|\n|-weather|RainDance|[upkeep]\n|upkeep\n|turn|5\n|\n|t:|1776522914\n|switch|p1a: Tyranitar|Tyranitar, L50, M|100/100\n|-weather|Sandstorm|[from] ability: Sand Stream|[of] p1a: Tyranitar\n|detailschange|p2a: Blastoise|Blastoise-Mega, L50, M, shiny\n|-mega|p2a: Blastoise|Blastoise|Blastoisinite\n|move|p2b: Pelipper|Wide Guard|p2b: Pelipper\n|-singleturn|p2b: Pelipper|Wide Guard\n|move|p1b: Sinistcha|Matcha Gotcha|p2a: Blastoise|[spread] \n|-activate|p2a: Blastoise|move: Wide Guard\n|-activate|p2b: Pelipper|move: Wide Guard\n|move|p2a: Blastoise|Water Spout|p1a: Tyranitar|[spread] p1a,p1b\n|-resisted|p1b: Sinistcha|1\n|-end|p1b: Sinistcha|Substitute\n|-supereffective|p1a: Tyranitar|1\n|-damage|p1a: Tyranitar|34/100\n|\n|-weather|Sandstorm|[upkeep]\n|-damage|p1b: Sinistcha|68/100|[from] Sandstorm\n|-damage|p2a: Blastoise|94/100|[from] Sandstorm\n|-damage|p2b: Pelipper|56/100|[from] Sandstorm\n|-fieldend|move: Trick Room\n|upkeep\n|turn|6\n|inactive|cheertestacc has 30 seconds left.\n|inactive|ddggii has 30 seconds left.\n|inactive|cheertestacc has 20 seconds left.\n|inactive|ddggii has 20 seconds left.\n|inactive|cheertestacc has 15 seconds left.\n|inactive|ddggii has 15 seconds left.\n|inactive|ddggii has 10 seconds left.\n|\n|t:|1776522961\n|switch|p2b: Incineroar|Incineroar, L50, M|100/100\n|-ability|p2b: Incineroar|Intimidate|boost\n|-unboost|p1a: Tyranitar|atk|1\n|-unboost|p1b: Sinistcha|atk|1\n|switch|p2a: Sinistcha|Sinistcha, L50|90/100\n|move|p1a: Tyranitar|Protect|p1a: Tyranitar\n|-singleturn|p1a: Tyranitar|Protect\n|move|p1b: Sinistcha|Matcha Gotcha|p2a: Sinistcha|[spread] p2a,p2b\n|-resisted|p2a: Sinistcha|1\n|-resisted|p2b: Incineroar|1\n|-damage|p2a: Sinistcha|83/100\n|-heal|p1b: Sinistcha|71/100|[from] drain|[of] p2a: Sinistcha\n|-damage|p2b: Incineroar|93/100\n|-heal|p1b: Sinistcha|75/100|[from] drain|[of] p2b: Incineroar\n|-status|p2a: Sinistcha|brn\n|\n|-weather|Sandstorm|[upkeep]\n|-damage|p2b: Incineroar|87/100|[from] Sandstorm\n|-damage|p2a: Sinistcha|77/100 brn|[from] Sandstorm\n|-damage|p1b: Sinistcha|69/100|[from] Sandstorm\n|-heal|p2b: Incineroar|93/100|[from] item: Leftovers\n|-damage|p2a: Sinistcha|71/100 brn|[from] brn\n|upkeep\n|turn|7\n|inactive|cheertestacc has 30 seconds left.\n|inactive|ddggii has 30 seconds left.\n|inactive|ddggii has 20 seconds left.\n|inactive|cheertestacc has 20 seconds left.\n|inactive|ddggii has 15 seconds left.\n|inactive|ddggii has 10 seconds left.\n|inactive|ddggii has 5 seconds left.\n|\n|t:|1776523015\n|switch|p1a: Excadrill|Excadrill, L50, F, shiny|100/100\n|move|p2b: Incineroar|Fake Out|p1a: Excadrill\n|-resisted|p1a: Excadrill|1\n|-damage|p1a: Excadrill|93/100\n|move|p1b: Sinistcha|Rage Powder|p1b: Sinistcha\n|-singleturn|p1b: Sinistcha|move: Rage Powder\n|move|p2a: Sinistcha|Matcha Gotcha|p1a: Excadrill|[spread] p1a,p1b\n|-resisted|p1b: Sinistcha|1\n|-damage|p1a: Excadrill|62/100\n|-heal|p2a: Sinistcha|90/100 brn|[from] drain|[of] p1a: Excadrill\n|-damage|p1b: Sinistcha|54/100\n|-heal|p2a: Sinistcha|98/100 brn|[from] drain|[of] p1b: Sinistcha\n|-status|p1a: Excadrill|brn\n|\n|-weather|Sandstorm|[upkeep]\n|-damage|p2b: Incineroar|87/100|[from] Sandstorm\n|-damage|p2a: Sinistcha|92/100 brn|[from] Sandstorm\n|-damage|p1b: Sinistcha|48/100|[from] Sandstorm\n|-heal|p2b: Incineroar|93/100|[from] item: Leftovers\n|-damage|p1a: Excadrill|56/100 brn|[from] brn\n|-damage|p2a: Sinistcha|86/100 brn|[from] brn\n|upkeep\n|turn|8\n|inactive|ddggii has 30 seconds left.\n|inactive|ddggii has 20 seconds left.\n|\n|t:|1776523053\n|switch|p2a: Pelipper|Pelipper, L50, F|56/100\n|-weather|RainDance|[from] ability: Drizzle|[of] p2a: Pelipper\n|switch|p1b: Aerodactyl|Aerodactyl, L50, M|100/100\n|-ability|p1b: Aerodactyl|Unnerve\n|move|p1a: Excadrill|Rock Slide|p2a: Pelipper|[spread] p2a,p2b\n|-supereffective|p2a: Pelipper|1\n|-supereffective|p2b: Incineroar|1\n|-damage|p2a: Pelipper|33/100\n|-damage|p2b: Incineroar|67/100\n|move|p2b: Incineroar|Darkest Lariat|p1b: Aerodactyl\n|-damage|p1b: Aerodactyl|41/100\n|\n|-weather|RainDance|[upkeep]\n|-heal|p2b: Incineroar|73/100|[from] item: Leftovers\n|-damage|p1a: Excadrill|50/100 brn|[from] brn\n|upkeep\n|turn|9\n|inactive|cheertestacc has 30 seconds left.\n|inactive|ddggii has 30 seconds left.\n|\n|t:|1776523082\n|switch|p1a: Sinistcha|Sinistcha, L50|48/100\n|-heal|p1b: Aerodactyl|66/100|[from] ability: Hospitality|[of] p1a: Sinistcha\n|switch|p2b: Sinistcha|Sinistcha, L50|86/100 brn\n|-heal|p2a: Pelipper|57/100|[from] ability: Hospitality|[of] p2b: Sinistcha\n|move|p2a: Pelipper|Wide Guard|p2a: Pelipper\n|-singleturn|p2a: Pelipper|Wide Guard\n|move|p1b: Aerodactyl|Tailwind|p1b: Aerodactyl\n|-sidestart|p1: cheertestacc|move: Tailwind\n|\n|-weather|RainDance|[upkeep]\n|-damage|p2b: Sinistcha|80/100 brn|[from] brn\n|upkeep\n|turn|10\n|\n|t:|1776523107\n|switch|p1b: Tyranitar|Tyranitar, L50, M|34/100\n|-weather|Sandstorm|[from] ability: Sand Stream|[of] p1b: Tyranitar\n|switch|p2a: Incineroar|Incineroar, L50, M|73/100\n|-ability|p2a: Incineroar|Intimidate|boost\n|-unboost|p1a: Sinistcha|atk|1\n|-unboost|p1b: Tyranitar|atk|1\n|move|p1a: Sinistcha|Life Dew|p1a: Sinistcha|[spread] p1a,p1b\n|-heal|p1a: Sinistcha|74/100\n|-heal|p1b: Tyranitar|59/100\n|move|p2b: Sinistcha|Trick Room|p2b: Sinistcha\n|-fieldstart|move: Trick Room|[of] p2b: Sinistcha\n|\n|-weather|Sandstorm|[upkeep]\n|-damage|p2b: Sinistcha|74/100 brn|[from] Sandstorm\n|-damage|p2a: Incineroar|67/100|[from] Sandstorm\n|-damage|p1a: Sinistcha|67/100|[from] Sandstorm\n|-heal|p2a: Incineroar|73/100|[from] item: Leftovers\n|-damage|p2b: Sinistcha|68/100 brn|[from] brn\n|upkeep\n|turn|11\n|inactive|cheertestacc has 30 seconds left.\n|\n|t:|1776523141\n|switch|p2b: Pelipper|Pelipper, L50, F|57/100\n|-weather|RainDance|[from] ability: Drizzle|[of] p2b: Pelipper\n|move|p1b: Tyranitar|Protect|p1b: Tyranitar\n|-singleturn|p1b: Tyranitar|Protect\n|move|p2a: Incineroar|Fake Out|p1b: Tyranitar\n|-activate|p1b: Tyranitar|move: Protect\n|move|p1a: Sinistcha|Life Dew|p1a: Sinistcha|[spread] p1a,p1b\n|-heal|p1a: Sinistcha|93/100\n|-heal|p1b: Tyranitar|84/100\n|\n|-weather|RainDance|[upkeep]\n|-heal|p2a: Incineroar|79/100|[from] item: Leftovers\n|upkeep\n|turn|12\n|inactive|cheertestacc has 30 seconds left.\n|inactive|ddggii has 30 seconds left.\n|\n|t:|1776523172\n|switch|p1b: Excadrill|Excadrill, L50, F, shiny|50/100 brn\n|move|p2a: Incineroar|Parting Shot|p1b: Excadrill\n|-unboost|p1b: Excadrill|atk|1\n|-unboost|p1b: Excadrill|spa|1\n|\n|t:|1776523179\n|switch|p2a: Blastoise|Blastoise-Mega, L50, M, shiny|94/100|[from] Parting Shot\n|move|p2b: Pelipper|Weather Ball|p1b: Excadrill\n|-supereffective|p1b: Excadrill|1\n|-damage|p1b: Excadrill|0 fnt\n|faint|p1b: Excadrill\n|move|p1a: Sinistcha|Substitute|p1a: Sinistcha\n|-start|p1a: Sinistcha|Substitute\n|-damage|p1a: Sinistcha|68/100\n|\n|-weather|RainDance|[upkeep]\n|-sideend|p1: cheertestacc|move: Tailwind\n|upkeep\n|\n|t:|1776523192\n|switch|p1b: Tyranitar|Tyranitar, L50, M|84/100\n|-weather|Sandstorm|[from] ability: Sand Stream|[of] p1b: Tyranitar\n|turn|13\n|\n|t:|1776523207\n|detailschange|p1b: Tyranitar|Tyranitar-Mega, L50, M\n|-mega|p1b: Tyranitar|Tyranitar|Tyranitarite\n|move|p2b: Pelipper|Wide Guard|p2b: Pelipper\n|-singleturn|p2b: Pelipper|Wide Guard\n|move|p1a: Sinistcha|Matcha Gotcha|p2b: Pelipper|[spread] \n|-activate|p2a: Blastoise|move: Wide Guard\n|-activate|p2b: Pelipper|move: Wide Guard\n|move|p1b: Tyranitar|High Horsepower|p2a: Blastoise\n|-damage|p2a: Blastoise|61/100\n|move|p2a: Blastoise|Water Spout|p1a: Sinistcha|[spread] p1a,p1b\n|-resisted|p1a: Sinistcha|1\n|-activate|p1a: Sinistcha|move: Substitute|[damage]\n|-supereffective|p1b: Tyranitar|1\n|-damage|p1b: Tyranitar|50/100\n|\n|-weather|Sandstorm|[upkeep]\n|-damage|p1a: Sinistcha|62/100|[from] Sandstorm\n|-damage|p2a: Blastoise|55/100|[from] Sandstorm\n|-damage|p2b: Pelipper|51/100|[from] Sandstorm\n|upkeep\n|turn|14\n|inactive|ddggii has 30 seconds left.\n|inactive|cheertestacc has 30 seconds left.\n|inactive|ddggii has 20 seconds left.\n|\n|t:|1776523235\n|switch|p1b: Aerodactyl|Aerodactyl, L50, M|66/100\n|-ability|p1b: Aerodactyl|Unnerve\n|switch|p2a: Sinistcha|Sinistcha, L50|68/100 brn\n|-heal|p2b: Pelipper|76/100|[from] ability: Hospitality|[of] p2a: Sinistcha\n|switch|p2b: Incineroar|Incineroar, L50, M|79/100\n|-ability|p2b: Incineroar|Intimidate|boost\n|-immune|p1a: Sinistcha\n|-unboost|p1b: Aerodactyl|atk|1\n|move|p1a: Sinistcha|Matcha Gotcha|p2a: Sinistcha|[spread] p2a,p2b\n|-resisted|p2a: Sinistcha|1\n|-resisted|p2b: Incineroar|1\n|-damage|p2a: Sinistcha|56/100 brn\n|-heal|p1a: Sinistcha|67/100|[from] drain|[of] p2a: Sinistcha\n|-damage|p2b: Incineroar|68/100\n|-heal|p1a: Sinistcha|73/100|[from] drain|[of] p2b: Incineroar\n|\n|-weather|Sandstorm|[upkeep]\n|-damage|p1a: Sinistcha|67/100|[from] Sandstorm\n|-damage|p2a: Sinistcha|50/100 brn|[from] Sandstorm\n|-damage|p2b: Incineroar|62/100|[from] Sandstorm\n|-heal|p2b: Incineroar|68/100|[from] item: Leftovers\n|-damage|p2a: Sinistcha|44/100 brn|[from] brn\n|-fieldend|move: Trick Room\n|upkeep\n|turn|15\n|inactive|cheertestacc has 30 seconds left this turn.\n|inactive|ddggii has 20 seconds left this turn.\n|inactive|ddggii has 15 seconds left.\n|inactive|cheertestacc has 20 seconds left.\n|inactive|ddggii has 10 seconds left.\n|inactive|cheertestacc has 15 seconds left.\n|inactive|ddggii has 5 seconds left.\n|inactive|cheertestacc has 10 seconds left.\n|-message|ddggii lost due to inactivity.\n|\n|win|cheertestacc\n|raw|cheertestacc's rating: 1055 &rarr; <strong>1088</strong><br />(+33 for winning)\n|raw|ddggii's rating: 1066 &rarr; <strong>1045</strong><br />(-21 for losing)\n|c|\u2606cheertestacc|What\n|c|\u2606cheertestacc|GG man\n|l|\u2606ddggii\n|player|p2|\n",
  "uploadtime": 1776523278,
  "views": 20,
  "formatid": "gen9championsvgc2026regma",
  "rating": 1045,
  "private": 0,
  "password": null
}