{
  "id": "gen9championsvgc2026regma-2581979142",
  "format": "[Gen 9 Champions] VGC 2026 Reg M-A",
  "players": [
    "KeoneSpirit",
    "BadLoserKei"
  ],
  "log": "|j|\u2606KeoneSpirit\n|j|\u2606BadLoserKei\n|t:|1776045146\n|gametype|doubles\n|player|p1|KeoneSpirit|266|1042\n|player|p2|BadLoserKei|266|1104\n|gen|9\n|tier|[Gen 9 Champions] VGC 2026 Reg M-A\n|rated|\n|rule|Species Clause: Limit one of each Pok\u00e9mon\n|rule|Item Clause: Limit 1 of each item\n|clearpoke\n|poke|p1|Slowbro, L50, F|\n|poke|p1|Oranguru, L50, F|\n|poke|p1|Torkoal, L50, F|\n|poke|p1|Sinistcha-Masterpiece, L50|\n|poke|p1|Venusaur, L50, M|\n|poke|p1|Golurk, L50|\n|poke|p2|Dragonite, L50, M|\n|poke|p2|Scizor, L50, F|\n|poke|p2|Pelipper, L50, M|\n|poke|p2|Noivern, L50, M|\n|teampreview|4\n|c|\u2606BadLoserKei|good luck and have fun\n|inactive|Battle timer is ON: inactive players will automatically lose when time's up. (requested by BadLoserKei)\n|\n|t:|1776045178\n|teamsize|p1|4\n|teamsize|p2|4\n|start\n|switch|p1a: Torkoal|Torkoal, L50, F, shiny|100/100\n|switch|p1b: Venusaur|Venusaur, L50, M, shiny|100/100\n|switch|p2a: Dragonite|Dragonite, L50, M|100/100\n|switch|p2b: Noivern|Noivern, L50, M|100/100\n|-item|p1a: Torkoal|Charcoal|[from] ability: Frisk|[of] p2b: Noivern\n|-item|p1b: Venusaur|Focus Sash|[from] ability: Frisk|[of] p2b: Noivern\n|-weather|SunnyDay|[from] ability: Drought|[of] p1a: Torkoal\n|turn|1\n|\n|t:|1776045191\n|switch|p1a: Slowbro|Slowbro, L50, F, shiny|100/100\n|move|p2b: Noivern|Protect|p2b: Noivern\n|-singleturn|p2b: Noivern|Protect\n|move|p1b: Venusaur|Sludge Bomb|p2a: Dragonite\n|-damage|p2a: Dragonite|63/100\n|move|p2a: Dragonite|Tailwind|p2a: Dragonite\n|-sidestart|p2: BadLoserKei|move: Tailwind\n|\n|-weather|SunnyDay|[upkeep]\n|upkeep\n|turn|2\n|c|\u2606KeoneSpirit|You too\n|inactive|KeoneSpirit has 30 seconds left.\n|\n|t:|1776045221\n|move|p2b: Noivern|Hyper Voice|p1a: Slowbro|[spread] p1a,p1b\n|-damage|p1a: Slowbro|78/100\n|-damage|p1b: Venusaur|76/100\n|move|p2a: Dragonite|Dragon Cheer|p2b: Noivern\n|-start|p2b: Noivern|move: Dragon Cheer\n|move|p1b: Venusaur|Sludge Bomb|p2a: Dragonite\n|-damage|p2a: Dragonite|25/100\n|move|p1a: Slowbro|Calm Mind|p1a: Slowbro\n|-boost|p1a: Slowbro|spa|1\n|-boost|p1a: Slowbro|spd|1\n|\n|-weather|SunnyDay|[upkeep]\n|upkeep\n|turn|3\n|\n|t:|1776045245\n|move|p2a: Dragonite|Helping Hand|p2b: Noivern\n|-singleturn|p2b: Noivern|Helping Hand|[of] p2a: Dragonite\n|move|p2b: Noivern|Boomburst|p1a: Slowbro|[spread] p2a,p1a,p1b\n|-crit|p2a: Dragonite\n|-crit|p1a: Slowbro\n|-crit|p1b: Venusaur\n|-damage|p2a: Dragonite|0 fnt\n|-damage|p1a: Slowbro|0 fnt\n|-damage|p1b: Venusaur|0 fnt\n|faint|p2a: Dragonite\n|faint|p1a: Slowbro\n|faint|p1b: Venusaur\n|\n|-weather|SunnyDay|[upkeep]\n|upkeep\n|\n|t:|1776045256\n|switch|p2a: Pelipper|Pelipper, L50, M|100/100\n|switch|p1b: Golurk|Golurk, L50, shiny|100/100\n|switch|p1a: Torkoal|Torkoal, L50, F, shiny|100/100\n|-weather|RainDance|[from] ability: Drizzle|[of] p2a: Pelipper\n|-weather|SunnyDay|[from] ability: Drought|[of] p1a: Torkoal\n|turn|4\n|\n|t:|1776045273\n|switch|p2a: Scizor|Scizor, L50, F|100/100\n|detailschange|p1b: Golurk|Golurk-Mega, L50, shiny\n|-mega|p1b: Golurk|Golurk|Golurkite\n|move|p1a: Torkoal|Protect|p1a: Torkoal\n|-singleturn|p1a: Torkoal|Protect\n|move|p2b: Noivern|Heat Wave|p1a: Torkoal|[spread] p1b\n|-activate|p1a: Torkoal|move: Protect\n|-crit|p1b: Golurk\n|-damage|p1b: Golurk|64/100\n|move|p1b: Golurk|Poltergeist|p2b: Noivern\n|-activate|p2b: Noivern|move: Poltergeist|Scope Lens\n|-crit|p2b: Noivern\n|-damage|p2b: Noivern|0 fnt\n|faint|p2b: Noivern\n|\n|-weather|SunnyDay|[upkeep]\n|-sideend|p2: BadLoserKei|move: Tailwind\n|upkeep\n|\n|t:|1776045286\n|switch|p2b: Pelipper|Pelipper, L50, M|100/100\n|-weather|RainDance|[from] ability: Drizzle|[of] p2b: Pelipper\n|turn|5\n|\n|t:|1776045305\n|detailschange|p2a: Scizor|Scizor-Mega, L50, F\n|-mega|p2a: Scizor|Scizor|Scizorite\n|move|p2a: Scizor|Swords Dance|p2a: Scizor\n|-boost|p2a: Scizor|atk|2\n|move|p2b: Pelipper|Weather Ball|p1a: Torkoal\n|-supereffective|p1a: Torkoal|1\n|-damage|p1a: Torkoal|0 fnt\n|faint|p1a: Torkoal\n|move|p1b: Golurk|Poltergeist|p2b: Pelipper\n|-activate|p2b: Pelipper|move: Poltergeist|Focus Sash\n|-crit|p2b: Pelipper\n|-enditem|p2b: Pelipper|Focus Sash\n|-damage|p2b: Pelipper|1/100\n|\n|-weather|RainDance|[upkeep]\n|upkeep\n|turn|6\n|-message|KeoneSpirit forfeited.\n|\n|win|BadLoserKei\n|raw|KeoneSpirit's rating: 1042 &rarr; <strong>1029</strong><br />(-13 for losing)\n|raw|BadLoserKei's rating: 1104 &rarr; <strong>1125</strong><br />(+21 for winning)\n|l|\u2606KeoneSpirit\n|player|p1|\n|c|\u2606BadLoserKei|damn crit again\n",
  "uploadtime": 1776045323,
  "views": 12,
  "formatid": "gen9championsvgc2026regma",
  "rating": 1029,
  "private": 0,
  "password": null
}