{
  "id": "gen9championsvgc2026regma-2585023152",
  "format": "[Gen 9 Champions] VGC 2026 Reg M-A",
  "players": [
    "DragonairJordan23",
    "Harry_EH"
  ],
  "log": "|j|\u2606DragonairJordan23\n|j|\u2606Harry_EH\n|t:|1776304246\n|gametype|doubles\n|player|p1|DragonairJordan23|dancer|1263\n|player|p2|Harry_EH|1|1164\n|gen|9\n|tier|[Gen 9 Champions] VGC 2026 Reg M-A\n|rated|\n|rule|Species Clause: Limit one of each Pok\u00e9mon\n|rule|Item Clause: Limit 1 of each item\n|clearpoke\n|poke|p1|Oranguru, L50, F|\n|poke|p1|Froslass, L50, F|\n|poke|p1|Incineroar, L50, F|\n|poke|p1|Dragapult, L50, F|\n|poke|p1|Primarina, L50, F|\n|poke|p1|Mamoswine, L50, M|\n|poke|p2|Floette-Eternal, L50, F|\n|poke|p2|Basculegion, L50, M|\n|poke|p2|Aerodactyl, L50, F|\n|poke|p2|Garchomp, L50, M|\n|poke|p2|Incineroar, L50, F|\n|poke|p2|Sneasler, L50, M|\n|teampreview|4\n|inactive|Battle timer is ON: inactive players will automatically lose when time's up. (requested by Harry_EH)\n|inactive|Harry_EH has 60 seconds left.\n|\n|t:|1776304295\n|teamsize|p1|4\n|teamsize|p2|4\n|start\n|switch|p1a: Incineroar|Incineroar, L50, F|100/100\n|switch|p1b: Froslass|Froslass, L50, F|100/100\n|switch|p2a: Floette|Floette-Eternal, L50, F|100/100\n|switch|p2b: Aerodactyl|Aerodactyl, L50, F|100/100\n|-ability|p2b: Aerodactyl|Unnerve\n|-ability|p1a: Incineroar|Intimidate|boost\n|-unboost|p2a: Floette|atk|1\n|-unboost|p2b: Aerodactyl|atk|1\n|turn|1\n|\n|t:|1776304315\n|detailschange|p1b: Froslass|Froslass-Mega, L50, F\n|-mega|p1b: Froslass|Froslass|Froslassite\n|-weather|Snowscape|[from] ability: Snow Warning|[of] p1b: Froslass\n|detailschange|p2a: Floette|Floette-Mega, L50, F\n|-mega|p2a: Floette|Floette|Floettite\n|-ability|p2a: Floette|Fairy Aura\n|move|p1a: Incineroar|Fake Out|p2a: Floette\n|-damage|p2a: Floette|85/100\n|move|p2b: Aerodactyl|Tailwind|p2b: Aerodactyl\n|-sidestart|p2: Harry_EH|move: Tailwind\n|cant|p2a: Floette|flinch\n|move|p1b: Froslass|Blizzard|p2b: Aerodactyl|[spread] p2a,p2b\n|-supereffective|p2b: Aerodactyl|1\n|-damage|p2a: Floette|51/100\n|-enditem|p2b: Aerodactyl|Focus Sash\n|-damage|p2b: Aerodactyl|1/100\n|\n|-weather|Snowscape|[upkeep]\n|upkeep\n|turn|2\n|\n|t:|1776304331\n|move|p2b: Aerodactyl|Rock Slide|p1b: Froslass|[spread] p1a,p1b\n|-supereffective|p1a: Incineroar|1\n|-supereffective|p1b: Froslass|1\n|-damage|p1a: Incineroar|77/100\n|-damage|p1b: Froslass|65/100\n|move|p2a: Floette|Moonblast|p1b: Froslass\n|-damage|p1b: Froslass|0 fnt\n|faint|p1b: Froslass\n|move|p1a: Incineroar|Parting Shot|p2a: Floette\n|-unboost|p2a: Floette|atk|1\n|-unboost|p2a: Floette|spa|1\n|\n|t:|1776304338\n|switch|p1a: Primarina|Primarina, L50, F|100/100|[from] Parting Shot\n|\n|-weather|Snowscape|[upkeep]\n|upkeep\n|\n|t:|1776304342\n|switch|p1b: Incineroar|Incineroar, L50, F|77/100\n|-ability|p1b: Incineroar|Intimidate|boost\n|-unboost|p2a: Floette|atk|1\n|-unboost|p2b: Aerodactyl|atk|1\n|turn|3\n|\n|t:|1776304356\n|switch|p2b: Basculegion|Basculegion, L50, M|100/100\n|switch|p2a: Sneasler|Sneasler, L50, M|100/100\n|move|p1a: Primarina|Calm Mind|p1a: Primarina\n|-boost|p1a: Primarina|spa|1\n|-boost|p1a: Primarina|spd|1\n|move|p1b: Incineroar|Parting Shot|p2a: Sneasler\n|-unboost|p2a: Sneasler|atk|1\n|-unboost|p2a: Sneasler|spa|1\n|\n|t:|1776304361\n|switch|p1b: Oranguru|Oranguru, L50, F|100/100|[from] Parting Shot\n|-enditem|p2a: Sneasler|White Herb\n|-clearnegativeboost|p2a: Sneasler|[silent]\n|\n|-weather|Snowscape|[upkeep]\n|upkeep\n|turn|4\n|inactive|Harry_EH has 30 seconds left.\n|\n|t:|1776304392\n|move|p1a: Primarina|Protect|p1a: Primarina\n|-singleturn|p1a: Primarina|Protect\n|move|p2a: Sneasler|Dire Claw|p1a: Primarina\n|-activate|p1a: Primarina|move: Protect\n|move|p2b: Basculegion|Wave Crash|p1b: Oranguru\n|-damage|p1b: Oranguru|7/100\n|-damage|p2b: Basculegion|74/100|[from] Recoil\n|move|p1b: Oranguru|Psyshock|p2a: Sneasler\n|-supereffective|p2a: Sneasler|2\n|-damage|p2a: Sneasler|0 fnt\n|faint|p2a: Sneasler\n|\n|-weather|Snowscape|[upkeep]\n|-sideend|p2: Harry_EH|move: Tailwind\n|upkeep\n|\n|t:|1776304404\n|switch|p2a: Aerodactyl|Aerodactyl, L50, F|1/100\n|-ability|p2a: Aerodactyl|Unnerve\n|turn|5\n|inactive|Harry_EH has 30 seconds left.\n|\n|t:|1776304434\n|switch|p1b: Incineroar|Incineroar, L50, F|77/100\n|-ability|p1b: Incineroar|Intimidate|boost\n|-unboost|p2a: Aerodactyl|atk|1\n|-unboost|p2b: Basculegion|atk|1\n|move|p2b: Basculegion|Wave Crash|p1a: Primarina\n|-resisted|p1a: Primarina|1\n|-damage|p1a: Primarina|77/100\n|-damage|p2b: Basculegion|67/100|[from] Recoil\n|move|p2a: Aerodactyl|Rock Slide|p1b: Incineroar|[spread] p1a,p1b\n|-supereffective|p1b: Incineroar|1\n|-damage|p1a: Primarina|60/100\n|-damage|p1b: Incineroar|50/100\n|move|p1a: Primarina|Hyper Voice|p2a: Aerodactyl|[spread] p2a,p2b\n|-supereffective|p2a: Aerodactyl|1\n|-resisted|p2b: Basculegion|1\n|-damage|p2a: Aerodactyl|0 fnt\n|-damage|p2b: Basculegion|40/100\n|-enditem|p1b: Incineroar|Sitrus Berry|[eat]\n|-heal|p1b: Incineroar|75/100|[from] item: Sitrus Berry\n|faint|p2a: Aerodactyl\n|\n|-weather|none\n|-heal|p1a: Primarina|66/100|[from] item: Leftovers\n|upkeep\n|\n|t:|1776304445\n|switch|p2a: Floette|Floette-Mega, L50, F|51/100\n|-ability|p2a: Floette|Fairy Aura\n|turn|6\n|inactive|DragonairJordan23 has 30 seconds left.\n|inactive|Harry_EH has 30 seconds left.\n|inactive|Harry_EH has 20 seconds left.\n|\n|t:|1776304486\n|move|p2b: Basculegion|Wave Crash|p1b: Incineroar\n|-supereffective|p1b: Incineroar|1\n|-damage|p1b: Incineroar|0 fnt\n|faint|p1b: Incineroar\n|-damage|p2b: Basculegion|15/100|[from] Recoil\n|move|p2a: Floette|Light of Ruin|p1a: Primarina\n|-damage|p1a: Primarina|0 fnt\n|faint|p1a: Primarina\n|-damage|p2a: Floette|9/100|[from] Recoil\n|\n|upkeep\n|\n|t:|1776304496\n|switch|p1b: Oranguru|Oranguru, L50, F|7/100\n|turn|7\n|\n|t:|1776304501\n|move|p2b: Basculegion|Wave Crash|p1b: Oranguru\n|-crit|p1b: Oranguru\n|-damage|p1b: Oranguru|0 fnt\n|faint|p1b: Oranguru\n|-damage|p2b: Basculegion|13/100|[from] Recoil\n|\n|win|Harry_EH\n|raw|DragonairJordan23's rating: 1263 &rarr; <strong>1231</strong><br />(-32 for losing)\n|raw|Harry_EH's rating: 1164 &rarr; <strong>1196</strong><br />(+32 for winning)\n",
  "uploadtime": 1776304502,
  "views": 18,
  "formatid": "gen9championsvgc2026regma",
  "rating": 1196,
  "private": 0,
  "password": null
}