{
  "id": "gen9championsvgc2026regma-2589532826",
  "format": "[Gen 9 Champions] VGC 2026 Reg M-A",
  "players": [
    "Strin",
    "Sugopon789"
  ],
  "log": "|j|\u2606Strin\n|j|\u2606Sugopon789\n|t:|1776731617\n|gametype|doubles\n|player|p1|Strin|265|1197\n|player|p2|Sugopon789|thorton|1181\n|gen|9\n|tier|[Gen 9 Champions] VGC 2026 Reg M-A\n|rated|\n|rule|Species Clause: Limit one of each Pok\u00e9mon\n|rule|Item Clause: Limit 1 of each item\n|clearpoke\n|poke|p1|Slowbro-Galar, L50, F|\n|poke|p1|Sinistcha, L50|\n|poke|p1|Farigiraf, L50, F|\n|poke|p1|Basculegion-F, L50, F|\n|poke|p1|Pelipper, L50, F|\n|poke|p1|Aggron, L50, F|\n|poke|p2|Kangaskhan, L50, F|\n|poke|p2|Incineroar, L50, M|\n|poke|p2|Sinistcha, L50|\n|poke|p2|Volcarona, L50, F|\n|poke|p2|Kommo-o, L50, M|\n|poke|p2|Milotic, L50, M|\n|teampreview|4\n|inactive|Battle timer is ON: inactive players will automatically lose when time's up. (requested by Strin)\n|\n|t:|1776731655\n|teamsize|p1|4\n|teamsize|p2|4\n|start\n|switch|p1a: Farigiraf|Farigiraf, L50, F|100/100\n|switch|p1b: Haunted House|Slowbro-Galar, L50, F|100/100\n|switch|p2a: Milotic|Milotic, L50, M|100/100\n|switch|p2b: Volcarona|Volcarona, L50, F|100/100\n|turn|1\n|\n|t:|1776731666\n|move|p2b: Volcarona|Struggle Bug|p1a: Farigiraf|[spread] p1a,p1b\n|-supereffective|p1a: Farigiraf|1\n|-crit|p1b: Haunted House\n|-damage|p1a: Farigiraf|74/100\n|-damage|p1b: Haunted House|79/100\n|-unboost|p1a: Farigiraf|spa|1\n|-unboost|p1b: Haunted House|spa|1\n|move|p2a: Milotic|Scald|p1a: Farigiraf\n|-damage|p1a: Farigiraf|51/100\n|move|p1b: Haunted House|Belly Drum|p1b: Haunted House\n|-damage|p1b: Haunted House|29/100\n|-setboost|p1b: Haunted House|atk|6|[from] move: Belly Drum\n|move|p1a: Farigiraf|Trick Room|p1a: Farigiraf\n|-fieldstart|move: Trick Room|[of] p1a: Farigiraf\n|\n|upkeep\n|turn|2\n|\n|t:|1776731685\n|switch|p1a: Haunt My House|Sinistcha, L50|100/100\n|-heal|p1b: Haunted House|54/100|[from] ability: Hospitality|[of] p1a: Haunt My House\n|move|p2b: Volcarona|Rage Powder|p2b: Volcarona\n|-singleturn|p2b: Volcarona|move: Rage Powder\n|move|p1b: Haunted House|Shell Side Arm|p2b: Volcarona|[anim] Shell Side Arm Physical\n|-damage|p2b: Volcarona|0 fnt\n|-hint|Physical Shell Side Arm\n|faint|p2b: Volcarona\n|move|p2a: Milotic|Scald|p1b: Haunted House\n|-damage|p1b: Haunted House|29/100\n|\n|upkeep\n|\n|t:|1776731694\n|switch|p2b: Kangaskhan|Kangaskhan, L50, F|100/100\n|turn|3\n|\n|t:|1776731715\n|detailschange|p2b: Kangaskhan|Kangaskhan-Mega, L50, F\n|-mega|p2b: Kangaskhan|Kangaskhan|Kangaskhanite\n|move|p1a: Haunt My House|Rage Powder|p1a: Haunt My House\n|-singleturn|p1a: Haunt My House|move: Rage Powder\n|move|p2b: Kangaskhan|Sucker Punch||[still]\n|-fail|p2b: Kangaskhan\n|move|p1b: Haunted House|Drain Punch|p2b: Kangaskhan\n|-supereffective|p2b: Kangaskhan|1\n|-damage|p2b: Kangaskhan|0 fnt\n|-heal|p1b: Haunted House|74/100|[from] drain|[of] p2b: Kangaskhan\n|faint|p2b: Kangaskhan\n|move|p2a: Milotic|Icy Wind|p1a: Haunt My House|[spread] p1a,p1b\n|-supereffective|p1a: Haunt My House|1\n|-damage|p1a: Haunt My House|85/100\n|-damage|p1b: Haunted House|65/100\n|-unboost|p1a: Haunt My House|spe|1\n|-unboost|p1b: Haunted House|spe|1\n|\n|-heal|p1a: Haunt My House|91/100|[from] item: Leftovers\n|upkeep\n|\n|t:|1776731722\n|switch|p2b: Kommo-o|Kommo-o, L50, M|100/100\n|turn|4\n|-activate|p1b: Haunted House|ability: Quick Draw\n|\n|t:|1776731733\n|move|p1a: Haunt My House|Rage Powder|p1a: Haunt My House\n|-singleturn|p1a: Haunt My House|move: Rage Powder\n|move|p1b: Haunted House|Shell Side Arm|p2a: Milotic|[anim] Shell Side Arm Physical\n|-damage|p2a: Milotic|0 fnt\n|-hint|Physical Shell Side Arm\n|faint|p2a: Milotic\n|move|p2b: Kommo-o|Clangorous Soul|p2b: Kommo-o\n|-boost|p2b: Kommo-o|atk|1\n|-boost|p2b: Kommo-o|def|1\n|-boost|p2b: Kommo-o|spa|1\n|-boost|p2b: Kommo-o|spd|1\n|-boost|p2b: Kommo-o|spe|1\n|-damage|p2b: Kommo-o|68/100\n|\n|-heal|p1a: Haunt My House|97/100|[from] item: Leftovers\n|-heal|p2b: Kommo-o|74/100|[from] item: Leftovers\n|upkeep\n|turn|5\n|-activate|p1b: Haunted House|ability: Quick Draw\n|\n|t:|1776731748\n|move|p1b: Haunted House|Shell Side Arm|p2b: Kommo-o|[anim] Shell Side Arm Physical\n|-damage|p2b: Kommo-o|0 fnt\n|-hint|Physical Shell Side Arm\n|faint|p2b: Kommo-o\n|\n|win|Strin\n|raw|Strin's rating: 1197 &rarr; <strong>1221</strong><br />(+24 for winning)\n|raw|Sugopon789's rating: 1181 &rarr; <strong>1157</strong><br />(-24 for losing)\n|l|\u2606Sugopon789\n|player|p2|\n",
  "uploadtime": 1776731760,
  "views": 4,
  "formatid": "gen9championsvgc2026regma",
  "rating": 1157,
  "private": 0,
  "password": null
}