{
  "id": "gen9championsvgc2026regma-2588686371",
  "format": "[Gen 9 Champions] VGC 2026 Reg M-A",
  "players": [
    "Hi jump kicker",
    "hypermans039393"
  ],
  "log": "|j|\u2606Hi jump kicker\n|j|\u2606hypermans039393\n|t:|1776657683\n|gametype|doubles\n|player|p1|Hi jump kicker|psychicf-gen4|1099\n|player|p2|hypermans039393|266|1037\n|gen|9\n|tier|[Gen 9 Champions] VGC 2026 Reg M-A\n|rated|\n|rule|Species Clause: Limit one of each Pok\u00e9mon\n|rule|Item Clause: Limit 1 of each item\n|clearpoke\n|poke|p1|Altaria, L50, M|\n|poke|p1|Arcanine, L50, F|\n|poke|p1|Basculegion-F, L50, F|\n|poke|p1|Excadrill, L50, M|\n|poke|p1|Meowscarada, L50, M|\n|poke|p1|Sylveon, L50, M|\n|poke|p2|Charizard, L50, F, shiny|\n|poke|p2|Whimsicott, L50, F, shiny|\n|poke|p2|Incineroar, L50, M, shiny|\n|poke|p2|Sneasler, L50, F, shiny|\n|poke|p2|Clefable, L50, F, shiny|\n|poke|p2|Venusaur, L50, F|\n|teampreview|4\nhypermans039393 rejected open team sheets.\n|inactive|Battle timer is ON: inactive players will automatically lose when time's up. (requested by hypermans039393)\n|\n|t:|1776657718\n|teamsize|p1|4\n|teamsize|p2|4\n|start\n|switch|p1a: Arcanine|Arcanine, L50, F|100/100\n|switch|p1b: Basculegion|Basculegion-F, L50, F|100/100\n|switch|p2a: Whimsicott|Whimsicott, L50, F, shiny|100/100\n|switch|p2b: Incineroar|Incineroar, L50, M, shiny|100/100\n|-ability|p1a: Arcanine|Intimidate|boost\n|-unboost|p2a: Whimsicott|atk|1\n|-unboost|p2b: Incineroar|atk|1\n|-ability|p2b: Incineroar|Intimidate|boost\n|-unboost|p1a: Arcanine|atk|1\n|-unboost|p1b: Basculegion|atk|1\n|turn|1\n|inactive|Hi jump kicker has 30 seconds left.\n|\n|t:|1776657748\n|switch|p1a: Excadrill|Excadrill, L50, M|100/100\n|-ability|p1a: Excadrill|Mold Breaker\n|move|p2a: Whimsicott|Protect|p2a: Whimsicott\n|-singleturn|p2a: Whimsicott|Protect\n|move|p2b: Incineroar|Fake Out|p1a: Excadrill\n|-resisted|p1a: Excadrill|1\n|-damage|p1a: Excadrill|95/100\n|move|p1b: Basculegion|Muddy Water|p2a: Whimsicott|[spread] p2b\n|-activate|p2a: Whimsicott|move: Protect\n|-supereffective|p2b: Incineroar|1\n|-damage|p2b: Incineroar|5/100\n|-unboost|p2b: Incineroar|accuracy|1\n|-enditem|p2b: Incineroar|Sitrus Berry|[eat]\n|-heal|p2b: Incineroar|30/100|[from] item: Sitrus Berry\n|\n|upkeep\n|turn|2\n|inactive|hypermans039393 has 30 seconds left.\n|\n|t:|1776657780\n|switch|p1a: Arcanine|Arcanine, L50, F|100/100\n|-ability|p1a: Arcanine|Intimidate|boost\n|-unboost|p2a: Whimsicott|atk|1\n|-unboost|p2b: Incineroar|atk|1\n|move|p2a: Whimsicott|Tailwind|p2a: Whimsicott\n|-sidestart|p2: hypermans039393|move: Tailwind\n|move|p2b: Incineroar|Parting Shot|p1b: Basculegion\n|-unboost|p1b: Basculegion|atk|1\n|-unboost|p1b: Basculegion|spa|1\n|\n|t:|1776657788\n|switch|p2b: Venusaur|Venusaur, L50, F|100/100|[from] Parting Shot\n|move|p1b: Basculegion|Muddy Water|p2b: Venusaur|[spread] p2b\n|-miss|p1b: Basculegion|p2a: Whimsicott\n|-resisted|p2b: Venusaur|1\n|-damage|p2b: Venusaur|83/100\n|\n|-heal|p2b: Venusaur|89/100|[from] item: Leftovers\n|upkeep\n|turn|3\n|\n|t:|1776657811\n|move|p2a: Whimsicott|Protect|p2a: Whimsicott\n|-singleturn|p2a: Whimsicott|Protect\n|move|p1b: Basculegion|Protect|p1b: Basculegion\n|-singleturn|p1b: Basculegion|Protect\n|move|p2b: Venusaur|Sleep Powder|p1b: Basculegion\n|-activate|p1b: Basculegion|move: Protect\n|move|p1a: Arcanine|Flare Blitz|p2b: Venusaur\n|-supereffective|p2b: Venusaur|1\n|-damage|p2b: Venusaur|0 fnt\n|faint|p2b: Venusaur\n|-damage|p1a: Arcanine|72/100|[from] Recoil\n|\n|upkeep\n|\n|t:|1776657824\n|switch|p2b: Charizard|Charizard, L50, F, shiny|100/100\n|turn|4\n|\n|t:|1776657837\n|switch|p1b: Altaria|Altaria, L50, M|100/100\n|-ability|p1b: Altaria|Cloud Nine\n|detailschange|p2b: Charizard|Charizard-Mega-Y, L50, F, shiny\n|-mega|p2b: Charizard|Charizard|Charizardite Y\n|-weather|SunnyDay|[from] ability: Drought|[of] p2b: Charizard\n|move|p2a: Whimsicott|Taunt|p1a: Arcanine\n|-start|p1a: Arcanine|move: Taunt\n|move|p2b: Charizard|Solar Beam||[still]\n|-prepare|p2b: Charizard|Solar Beam\n|move|p1a: Arcanine|Flare Blitz|p2a: Whimsicott\n|-supereffective|p2a: Whimsicott|1\n|-enditem|p2a: Whimsicott|Focus Sash\n|-damage|p2a: Whimsicott|1/100\n|-damage|p1a: Arcanine|43/100|[from] Recoil\n|\n|-weather|SunnyDay|[upkeep]\n|upkeep\n|turn|5\n|\n|t:|1776657861\n|move|p1a: Arcanine|Extreme Speed|p2a: Whimsicott\n|-damage|p2a: Whimsicott|0 fnt\n|faint|p2a: Whimsicott\n|move|p2b: Charizard|Solar Beam|p1b: Altaria|[from] lockedmove\n|-resisted|p1b: Altaria|2\n|-damage|p1b: Altaria|88/100\n|move|p1b: Altaria|Tailwind|p1b: Altaria\n|-sidestart|p1: Hi jump kicker|move: Tailwind\n|\n|-weather|SunnyDay|[upkeep]\n|-sideend|p2: hypermans039393|move: Tailwind\n|upkeep\n|\n|t:|1776657872\n|switch|p2a: Incineroar|Incineroar, L50, M, shiny|30/100\n|-ability|p2a: Incineroar|Intimidate|boost\n|-unboost|p1a: Arcanine|atk|1\n|-unboost|p1b: Altaria|atk|1\n|turn|6\n|\n|t:|1776657891\n|switch|p1a: Basculegion|Basculegion-F, L50, F|100/100\n|move|p1b: Altaria|Protect|p1b: Altaria\n|-singleturn|p1b: Altaria|Protect\n|move|p2a: Incineroar|Fake Out|p1b: Altaria\n|-activate|p1b: Altaria|move: Protect\n|move|p2b: Charizard|Heat Wave|p1b: Altaria|[spread] p1a\n|-activate|p1b: Altaria|move: Protect\n|-resisted|p1a: Basculegion|1\n|-damage|p1a: Basculegion|75/100\n|\n|-weather|SunnyDay|[upkeep]\n|upkeep\n|turn|7\n|-message|hypermans039393 forfeited.\n|\n|win|Hi jump kicker\n|raw|Hi jump kicker's rating: 1099 &rarr; <strong>1120</strong><br />(+21 for winning)\n|raw|hypermans039393's rating: 1037 &rarr; <strong>1024</strong><br />(-13 for losing)\n|l|\u2606hypermans039393\n|player|p2|\n",
  "uploadtime": 1776657911,
  "views": 8,
  "formatid": "gen9championsvgc2026regma",
  "rating": 1024,
  "private": 0,
  "password": null
}