{
  "id": "gen9championsvgc2026regma-2584401554",
  "format": "[Gen 9 Champions] VGC 2026 Reg M-A",
  "players": [
    "el elemao",
    "smp on whimsicott"
  ],
  "log": "|j|\u2606el elemao\n|j|\u2606smp on whimsicott\n|t:|1776258214\n|gametype|doubles\n|player|p1|el elemao|koga|1292\n|player|p2|smp on whimsicott|artist-gen4|1377\n|gen|9\n|tier|[Gen 9 Champions] VGC 2026 Reg M-A\n|rated|\n|rule|Species Clause: Limit one of each Pok\u00e9mon\n|rule|Item Clause: Limit 1 of each item\n|clearpoke\n|poke|p1|Espathra, L50, F|\n|poke|p1|Sableye, L50, F|\n|poke|p1|Milotic, L50, F|\n|poke|p1|Charizard, L50, M|\n|poke|p1|Garchomp, L50, M|\n|poke|p1|Gardevoir, L50, F|\n|poke|p2|Arcanine, L50, M|\n|poke|p2|Venusaur, L50, F|\n|poke|p2|Sneasler, L50, F|\n|poke|p2|Rotom-Wash, L50|\n|poke|p2|Garchomp, L50, F|\n|poke|p2|Corviknight, L50, F|\n|teampreview|4\n|\n|t:|1776258251\n|teamsize|p1|4\n|teamsize|p2|4\n|start\n|switch|p1a: Espathra|Espathra, L50, F|100/100\n|switch|p1b: Sableye|Sableye, L50, F|100/100\n|switch|p2a: Corviknight|Corviknight, L50, F|100/100\n|switch|p2b: Garchomp|Garchomp, L50, F|100/100\n|turn|1\n|\n|t:|1776258264\n|move|p1a: Espathra|Protect|p1a: Espathra\n|-singleturn|p1a: Espathra|Protect\n|move|p1b: Sableye|Fake Out|p2b: Garchomp\n|-damage|p2b: Garchomp|93/100\n|-damage|p1b: Sableye|88/100|[from] ability: Rough Skin|[of] p2b: Garchomp\n|cant|p2b: Garchomp|flinch\n|move|p2a: Corviknight|Brave Bird|p1b: Sableye\n|-damage|p1b: Sableye|30/100\n|-damage|p2a: Corviknight|85/100|[from] Recoil\n|\n|-heal|p2a: Corviknight|91/100|[from] item: Leftovers\n|-ability|p1a: Espathra|Speed Boost|boost\n|-boost|p1a: Espathra|spe|1\n|upkeep\n|turn|2\n|\n|t:|1776258280\n|move|p1b: Sableye|Gravity|p1b: Sableye\n|-fieldstart|move: Gravity\n|move|p1a: Espathra|Hypnosis|p2b: Garchomp\n|-status|p2b: Garchomp|slp|[from] move: Hypnosis\n|cant|p2b: Garchomp|slp\n|move|p2a: Corviknight|Tailwind|p2a: Corviknight\n|-sidestart|p2: smp on whimsicott|move: Tailwind\n|\n|-heal|p2a: Corviknight|97/100|[from] item: Leftovers\n|-ability|p1a: Espathra|Speed Boost|boost\n|-boost|p1a: Espathra|spe|1\n|upkeep\n|turn|3\n|\n|t:|1776258300\n|move|p1a: Espathra|Lumina Crash|p2b: Garchomp\n|-damage|p2b: Garchomp|52/100 slp\n|-unboost|p2b: Garchomp|spd|2\n|-enditem|p2b: Garchomp|White Herb\n|-clearnegativeboost|p2b: Garchomp|[silent]\n|cant|p2b: Garchomp|slp\n|move|p2a: Corviknight|Brave Bird|p1a: Espathra\n|-damage|p1a: Espathra|32/100\n|-damage|p2a: Corviknight|77/100|[from] Recoil\n|move|p1b: Sableye|Foul Play|p2b: Garchomp\n|-damage|p2b: Garchomp|1/100 slp\n|-damage|p1b: Sableye|18/100|[from] ability: Rough Skin|[of] p2b: Garchomp\n|\n|-heal|p2a: Corviknight|83/100|[from] item: Leftovers\n|-ability|p1a: Espathra|Speed Boost|boost\n|-boost|p1a: Espathra|spe|1\n|upkeep\n|turn|4\n|\n|t:|1776258325\n|move|p1a: Espathra|Protect|p1a: Espathra\n|-singleturn|p1a: Espathra|Protect\n|-curestatus|p2b: Garchomp|slp|[msg]\n|move|p2b: Garchomp|Protect|p2b: Garchomp\n|-singleturn|p2b: Garchomp|Protect\n|move|p1b: Sableye|Feint|p2b: Garchomp\n|-activate|p2b: Garchomp|move: Feint\n|-damage|p2b: Garchomp|0 fnt\n|faint|p2b: Garchomp\n|move|p2a: Corviknight|Brave Bird|p1a: Espathra\n|-activate|p1a: Espathra|move: Protect\n|\n|-heal|p2a: Corviknight|90/100|[from] item: Leftovers\n|-ability|p1a: Espathra|Speed Boost|boost\n|-boost|p1a: Espathra|spe|1\n|upkeep\n|\n|t:|1776258334\n|switch|p2b: Rotom|Rotom-Wash, L50|100/100\n|turn|5\n|\n|t:|1776258351\n|move|p1b: Sableye|Feint|p2b: Rotom\n|-damage|p2b: Rotom|95/100\n|move|p1a: Espathra|Lumina Crash|p2b: Rotom\n|-damage|p2b: Rotom|56/100\n|-unboost|p2b: Rotom|spd|2\n|move|p2b: Rotom|Thunderbolt|p1a: Espathra\n|-damage|p1a: Espathra|0 fnt\n|faint|p1a: Espathra\n|move|p2a: Corviknight|Brave Bird|p1b: Sableye\n|-damage|p1b: Sableye|0 fnt\n|faint|p1b: Sableye\n|-damage|p2a: Corviknight|85/100|[from] Recoil\n|\n|-heal|p2a: Corviknight|91/100|[from] item: Leftovers\n|-sideend|p2: smp on whimsicott|move: Tailwind\n|upkeep\n|\n|t:|1776258370\n|switch|p1a: Charizard|Charizard, L50, M|100/100\n|switch|p1b: Garchomp|Garchomp, L50, M|100/100\n|turn|6\n|\n|t:|1776258384\n|detailschange|p1a: Charizard|Charizard-Mega-Y, L50, M\n|-mega|p1a: Charizard|Charizard|Charizardite Y\n|-weather|SunnyDay|[from] ability: Drought|[of] p1a: Charizard\n|move|p1a: Charizard|Protect|p1a: Charizard\n|-singleturn|p1a: Charizard|Protect\n|move|p2b: Rotom|Thunderbolt|p1a: Charizard\n|-activate|p1a: Charizard|move: Protect\n|move|p1b: Garchomp|Earthquake|p2b: Rotom|[spread] p2a,p2b\n|-activate|p1a: Charizard|move: Protect\n|-supereffective|p2a: Corviknight|1\n|-supereffective|p2b: Rotom|1\n|-damage|p2a: Corviknight|25/100\n|-damage|p2b: Rotom|0 fnt\n|faint|p2b: Rotom\n|move|p2a: Corviknight|Tailwind|p2a: Corviknight\n|-sidestart|p2: smp on whimsicott|move: Tailwind\n|\n|-weather|SunnyDay|[upkeep]\n|-heal|p2a: Corviknight|32/100|[from] item: Leftovers\n|-fieldend|move: Gravity\n|upkeep\n|\n|t:|1776258393\n|switch|p2b: Venusaur|Venusaur, L50, F|100/100\n|turn|7\n|\n|t:|1776258408\n|detailschange|p2b: Venusaur|Venusaur-Mega, L50, F\n|-mega|p2b: Venusaur|Venusaur|Venusaurite\n|move|p2b: Venusaur|Leech Seed|p1a: Charizard\n|-start|p1a: Charizard|move: Leech Seed\n|move|p2a: Corviknight|Brave Bird|p1a: Charizard\n|-damage|p1a: Charizard|48/100\n|-damage|p2a: Corviknight|16/100|[from] Recoil\n|move|p1b: Garchomp|Earthquake|p2b: Venusaur|[spread] p2b\n|-immune|p1a: Charizard\n|-immune|p2a: Corviknight\n|-damage|p2b: Venusaur|71/100\n|move|p1a: Charizard|Heat Wave|p2b: Venusaur|[spread] p2a,p2b\n|-supereffective|p2a: Corviknight|1\n|-supereffective|p2b: Venusaur|1\n|-damage|p2a: Corviknight|0 fnt\n|-damage|p2b: Venusaur|19/100\n|faint|p2a: Corviknight\n|\n|-weather|SunnyDay|[upkeep]\n|-damage|p1a: Charizard|35/100|[from] Leech Seed|[of] p2b: Venusaur\n|-heal|p2b: Venusaur|30/100|[silent]\n|upkeep\n|turn|8\n|\n|t:|1776258429\n|move|p2b: Venusaur|Protect|p2b: Venusaur\n|-singleturn|p2b: Venusaur|Protect\n|move|p1b: Garchomp|Dragon Claw|p2b: Venusaur\n|-activate|p2b: Venusaur|move: Protect\n|move|p1a: Charizard|Weather Ball|p2b: Venusaur\n|-activate|p2b: Venusaur|move: Protect\n|\n|-weather|SunnyDay|[upkeep]\n|-damage|p1a: Charizard|23/100|[from] Leech Seed|[of] p2b: Venusaur\n|-heal|p2b: Venusaur|42/100|[silent]\n|upkeep\n|turn|9\n|\n|t:|1776258446\n|move|p2b: Venusaur|Leech Seed|p1b: Garchomp\n|-start|p1b: Garchomp|move: Leech Seed\n|move|p1b: Garchomp|Dragon Claw|p2b: Venusaur\n|-damage|p2b: Venusaur|10/100\n|move|p1a: Charizard|Weather Ball|p2b: Venusaur\n|-supereffective|p2b: Venusaur|1\n|-damage|p2b: Venusaur|0 fnt\n|faint|p2b: Venusaur\n|\n|win|el elemao\n|raw|el elemao's rating: 1292 &rarr; <strong>1323</strong><br />(+31 for winning)\n|raw|smp on whimsicott's rating: 1377 &rarr; <strong>1352</strong><br />(-25 for losing)\n",
  "uploadtime": 1776258446,
  "views": 29,
  "formatid": "gen9championsvgc2026regma",
  "rating": 1323,
  "private": 0,
  "password": null
}