{
  "id": "gen9championsvgc2026regma-2585692483",
  "format": "[Gen 9 Champions] VGC 2026 Reg M-A",
  "players": [
    "fallacy277",
    "lasesino"
  ],
  "log": "|j|\u2606fallacy277\n|j|\u2606lasesino\n|t:|1776364107\n|gametype|doubles\n|player|p1|fallacy277|dawn|1429\n|player|p2|lasesino|170|1467\n|gen|9\n|tier|[Gen 9 Champions] VGC 2026 Reg M-A\n|rated|\n|rule|Species Clause: Limit one of each Pok\u00e9mon\n|rule|Item Clause: Limit 1 of each item\n|clearpoke\n|poke|p1|Gardevoir, L50, F|\n|poke|p1|Typhlosion-Hisui, L50, M|\n|poke|p1|Torkoal, L50, F|\n|poke|p1|Incineroar, L50, M|\n|poke|p1|Kingambit, L50, F|\n|poke|p1|Weavile, L50, M|\n|poke|p2|Rotom-Wash, L50|\n|poke|p2|Garchomp, L50, M|\n|poke|p2|Floette-Eternal, L50, F|\n|poke|p2|Talonflame, L50, F|\n|poke|p2|Aegislash, L50, M|\n|poke|p2|Incineroar, L50, M|\n|teampreview|4\n|inactive|Battle timer is ON: inactive players will automatically lose when time's up. (requested by fallacy277)\n|\n|t:|1776364134\n|teamsize|p1|4\n|teamsize|p2|4\n|start\n|switch|p1a: Gardevoir|Gardevoir, L50, F|100/100\n|switch|p1b: Incineroar|Incineroar, L50, M|100/100\n|switch|p2a: Talonflame|Talonflame, L50, F|100/100\n|switch|p2b: Garchomp|Garchomp, L50, M|100/100\n|-ability|p1a: Gardevoir|Gale Wings|Trace|[from] ability: Trace|[of] p2a: Talonflame\n|-ability|p1b: Incineroar|Intimidate|boost\n|-unboost|p2a: Talonflame|atk|1\n|-unboost|p2b: Garchomp|atk|1\n|-enditem|p2b: Garchomp|White Herb\n|-clearnegativeboost|p2b: Garchomp|[silent]\n|turn|1\n|\n|t:|1776364155\n|detailschange|p1a: Gardevoir|Gardevoir-Mega, L50, F\n|-mega|p1a: Gardevoir|Gardevoir|Gardevoirite\n|move|p1b: Incineroar|Fake Out|p2a: Talonflame\n|-damage|p2a: Talonflame|81/100\n|cant|p2a: Talonflame|flinch\n|move|p2b: Garchomp|Earthquake|p1a: Gardevoir|[spread] p1a,p1b\n|-immune|p2a: Talonflame\n|-supereffective|p1b: Incineroar|1\n|-damage|p1a: Gardevoir|54/100\n|-damage|p1b: Incineroar|22/100\n|-enditem|p1b: Incineroar|Sitrus Berry|[eat]\n|-heal|p1b: Incineroar|47/100|[from] item: Sitrus Berry\n|move|p1a: Gardevoir|Trick Room|p1a: Gardevoir\n|-fieldstart|move: Trick Room|[of] p1a: Gardevoir\n|\n|upkeep\n|turn|2\n|\n|t:|1776364179\n|switch|p1b: Torkoal|Torkoal, L50, F|100/100\n|-weather|SunnyDay|[from] ability: Drought|[of] p1b: Torkoal\n|move|p1a: Gardevoir|Hyper Voice|p2b: Garchomp|[spread] p2a,p2b\n|-resisted|p2a: Talonflame|1\n|-supereffective|p2b: Garchomp|1\n|-damage|p2a: Talonflame|46/100\n|-damage|p2b: Garchomp|0 fnt\n|faint|p2b: Garchomp\n|move|p2a: Talonflame|Flare Blitz|p1a: Gardevoir\n|-damage|p1a: Gardevoir|0 fnt\n|faint|p1a: Gardevoir\n|-damage|p2a: Talonflame|26/100|[from] Recoil\n|\n|-weather|SunnyDay|[upkeep]\n|upkeep\n|\n|t:|1776364190\n|switch|p1a: Kingambit|Kingambit, L50, F|100/100\n|switch|p2b: Rotom|Rotom-Wash, L50|100/100\n|turn|3\n|\n|t:|1776364205\n|move|p2a: Talonflame|Protect|p2a: Talonflame\n|-singleturn|p2a: Talonflame|Protect\n|move|p1b: Torkoal|Eruption|p2a: Talonflame|[spread] p2b\n|-activate|p2a: Talonflame|move: Protect\n|-resisted|p2b: Rotom|1\n|-damage|p2b: Rotom|52/100\n|move|p1a: Kingambit|Low Kick|p2b: Rotom\n|-damage|p2b: Rotom|44/100\n|-enditem|p2b: Rotom|Sitrus Berry|[eat]\n|-heal|p2b: Rotom|69/100|[from] item: Sitrus Berry\n|move|p2b: Rotom|Thunderbolt|p1b: Torkoal\n|-damage|p1b: Torkoal|51/100\n|\n|-weather|SunnyDay|[upkeep]\n|upkeep\n|turn|4\n|\n|t:|1776364220\n|move|p2b: Rotom|Protect|p2b: Rotom\n|-singleturn|p2b: Rotom|Protect\n|move|p1a: Kingambit|Sucker Punch||[still]\n|-fail|p1a: Kingambit\n|move|p1b: Torkoal|Heat Wave|p2b: Rotom|[spread] p2a\n|-activate|p2b: Rotom|move: Protect\n|-resisted|p2a: Talonflame|1\n|-damage|p2a: Talonflame|0 fnt\n|faint|p2a: Talonflame\n|\n|-weather|SunnyDay|[upkeep]\n|upkeep\n|\n|t:|1776364228\n|switch|p2a: Floette|Floette-Eternal, L50, F|100/100\n|turn|5\n|\n|t:|1776364241\n|move|p2a: Floette|Protect|p2a: Floette\n|-singleturn|p2a: Floette|Protect\n|move|p1a: Kingambit|Sucker Punch||[still]\n|-fail|p1a: Kingambit\n|move|p1b: Torkoal|Heat Wave|p2b: Rotom|[spread] p2b\n|-activate|p2a: Floette|move: Protect\n|-resisted|p2b: Rotom|1\n|-damage|p2b: Rotom|38/100\n|move|p2b: Rotom|Will-O-Wisp|p1a: Kingambit\n|-status|p1a: Kingambit|brn\n|\n|-weather|SunnyDay|[upkeep]\n|-damage|p1a: Kingambit|95/100 brn|[from] brn\n|-fieldend|move: Trick Room\n|upkeep\n|turn|6\n|\n|t:|1776364263\n|detailschange|p2a: Floette|Floette-Mega, L50, F\n|-mega|p2a: Floette|Floette|Floettite\n|-ability|p2a: Floette|Fairy Aura\n|move|p1b: Torkoal|Helping Hand|p1a: Kingambit\n|-singleturn|p1a: Kingambit|Helping Hand|[of] p1b: Torkoal\n|move|p2a: Floette|Calm Mind|p2a: Floette\n|-boost|p2a: Floette|spa|1\n|-boost|p2a: Floette|spd|1\n|move|p2b: Rotom|Thunderbolt|p1b: Torkoal\n|-damage|p1b: Torkoal|0 fnt\n|faint|p1b: Torkoal\n|move|p1a: Kingambit|Iron Head|p2a: Floette\n|-supereffective|p2a: Floette|1\n|-damage|p2a: Floette|37/100\n|\n|-weather|none\n|-damage|p1a: Kingambit|89/100 brn|[from] brn\n|upkeep\n|\n|t:|1776364276\n|switch|p1b: Incineroar|Incineroar, L50, M|47/100\n|-ability|p1b: Incineroar|Intimidate|boost\n|-unboost|p2a: Floette|atk|1\n|-unboost|p2b: Rotom|atk|1\n|turn|7\n|c|\u2606lasesino|ggs\n|\n|t:|1776364289\n|move|p2a: Floette|Protect|p2a: Floette\n|-singleturn|p2a: Floette|Protect\n|move|p2b: Rotom|Protect|p2b: Rotom\n|-singleturn|p2b: Rotom|Protect\n|move|p1b: Incineroar|Close Combat|p2b: Rotom\n|-activate|p2b: Rotom|move: Protect\n|move|p1a: Kingambit|Iron Head|p2a: Floette\n|-activate|p2a: Floette|move: Protect\n|\n|-damage|p1a: Kingambit|83/100 brn|[from] brn\n|upkeep\n|turn|8\n|\n|t:|1776364302\n|move|p2a: Floette|Dazzling Gleam|p1b: Incineroar|[spread] p1a,p1b\n|-damage|p1a: Kingambit|25/100 brn\n|-damage|p1b: Incineroar|0 fnt\n|faint|p1b: Incineroar\n|move|p2b: Rotom|Thunderbolt|p1a: Kingambit\n|-damage|p1a: Kingambit|0 fnt\n|faint|p1a: Kingambit\n|\n|win|lasesino\n|raw|fallacy277's rating: 1429 &rarr; <strong>1411</strong><br />(-18 for losing)\n|raw|lasesino's rating: 1467 &rarr; <strong>1485</strong><br />(+18 for winning)\n|l|\u2606fallacy277\n|player|p1|\n",
  "uploadtime": 1776364309,
  "views": 33,
  "formatid": "gen9championsvgc2026regma",
  "rating": 1411,
  "private": 0,
  "password": null
}