{
  "id": "gen9championsvgc2026regma-2587882388",
  "format": "[Gen 9 Champions] VGC 2026 Reg M-A",
  "players": [
    "luxarcadiaaaa",
    "masgin"
  ],
  "log": "|j|\u2606luxarcadiaaaa\n|j|\u2606masgin\n|t:|1776574209\n|gametype|doubles\n|player|p1|luxarcadiaaaa|veteran|1089\n|player|p2|masgin|102|1040\n|gen|9\n|tier|[Gen 9 Champions] VGC 2026 Reg M-A\n|rated|\n|rule|Species Clause: Limit one of each Pok\u00e9mon\n|rule|Item Clause: Limit 1 of each item\n|clearpoke\n|poke|p1|Rotom-Wash, L50|\n|poke|p1|Gyarados, L50, F|\n|poke|p1|Garchomp, L50, F|\n|poke|p1|Sinistcha-Masterpiece, L50|\n|poke|p1|Incineroar, L50, F|\n|poke|p1|Pelipper, L50, F|\n|poke|p2|Greninja, L50, M|\n|poke|p2|Toxicroak, L50, M|\n|poke|p2|Corviknight, L50, F|\n|poke|p2|Ninetales-Alola, L50, M|\n|poke|p2|Sinistcha-Masterpiece, L50|\n|poke|p2|Farigiraf, L50, M|\n|teampreview|4\n|inactive|Battle timer is ON: inactive players will automatically lose when time's up. (requested by luxarcadiaaaa)\n|inactive|masgin has 60 seconds left.\n|\n|t:|1776574250\n|teamsize|p1|4\n|teamsize|p2|4\n|start\n|switch|p1a: Rotom|Rotom-Wash, L50|100/100\n|switch|p1b: Pelipper|Pelipper, L50, F|100/100\n|switch|p2a: Greninja|Greninja, L50, M|100/100\n|switch|p2b: Farigiraf|Farigiraf, L50, M|100/100\n|-weather|RainDance|[from] ability: Drizzle|[of] p1b: Pelipper\n|turn|1\n|inactive|luxarcadiaaaa has 30 seconds left.\n|\n|t:|1776574277\n|switch|p2b: Ninetales|Ninetales-Alola, L50, M|100/100\n|-weather|Snowscape|[from] ability: Snow Warning|[of] p2b: Ninetales\n|detailschange|p2a: Greninja|Greninja-Mega, L50, M\n|-mega|p2a: Greninja|Greninja|Greninjite\n|move|p1a: Rotom|Hydro Pump|p2b: Ninetales\n|-damage|p2b: Ninetales|32/100\n|move|p2a: Greninja|Blizzard|p1a: Rotom|[spread] p1a,p1b\n|-start|p2a: Greninja|typechange|Ice|[from] ability: Protean\n|-resisted|p1a: Rotom|1\n|-damage|p1a: Rotom|66/100\n|-damage|p1b: Pelipper|16/100\n|move|p1b: Pelipper|Knock Off|p2b: Ninetales\n|-resisted|p2b: Ninetales|1\n|-damage|p2b: Ninetales|25/100\n|-enditem|p2b: Ninetales|Choice Scarf|[from] move: Knock Off|[of] p1b: Pelipper\n|\n|-weather|Snowscape|[upkeep]\n|upkeep\n|turn|2\n|inactive|luxarcadiaaaa has 30 seconds left.\n|inactive|masgin has 30 seconds left.\n|\n|t:|1776574311\n|switch|p2b: Sinistcha|Sinistcha-Masterpiece, L50|100/100\n|move|p1b: Pelipper|Wide Guard|p1b: Pelipper\n|-singleturn|p1b: Pelipper|Wide Guard\n|move|p1a: Rotom|Hydro Pump|p2b: Sinistcha\n|-resisted|p2b: Sinistcha|1\n|-damage|p2b: Sinistcha|74/100\n|move|p2a: Greninja|Blizzard|p1b: Pelipper|[spread] \n|-activate|p1a: Rotom|move: Wide Guard\n|-activate|p1b: Pelipper|move: Wide Guard\n|\n|-weather|Snowscape|[upkeep]\n|upkeep\n|turn|3\n|inactive|masgin has 30 seconds left.\n|\n|t:|1776574341\n|switch|p2a: Ninetales|Ninetales-Alola, L50, M|25/100\n|move|p1a: Rotom|Hydro Pump|p2a: Ninetales\n|-damage|p2a: Ninetales|0 fnt\n|faint|p2a: Ninetales\n|move|p1b: Pelipper|Tailwind|p1b: Pelipper\n|-sidestart|p1: luxarcadiaaaa|move: Tailwind\n|move|p2b: Sinistcha|Life Dew|p2b: Sinistcha\n|-heal|p2b: Sinistcha|99/100\n|\n|-weather|Snowscape|[upkeep]\n|upkeep\n|\n|t:|1776574348\n|switch|p2a: Farigiraf|Farigiraf, L50, M|100/100\n|turn|4\n|\n|t:|1776574362\n|move|p1a: Rotom|Hydro Pump|p2a: Farigiraf\n|-damage|p2a: Farigiraf|40/100\n|move|p1b: Pelipper|Knock Off|p2a: Farigiraf\n|-supereffective|p2a: Farigiraf|1\n|-enditem|p2a: Farigiraf|Colbur Berry|[eat]\n|-enditem|p2a: Farigiraf|Colbur Berry|[weaken]\n|-damage|p2a: Farigiraf|29/100\n|move|p2a: Farigiraf|Twin Beam|p1b: Pelipper\n|-damage|p1b: Pelipper|0 fnt\n|faint|p1b: Pelipper\n|-hitcount|p1: Pelipper|1\n|move|p2b: Sinistcha|Trick Room|p2b: Sinistcha\n|-fieldstart|move: Trick Room|[of] p2b: Sinistcha\n|\n|-weather|Snowscape|[upkeep]\n|upkeep\n|\n|t:|1776574380\n|switch|p1b: Gyarados|Gyarados, L50, F|100/100\n|-ability|p1b: Gyarados|Intimidate|boost\n|-unboost|p2a: Farigiraf|atk|1\n|-unboost|p2b: Sinistcha|atk|1\n|turn|5\n|\n|t:|1776574400\n|detailschange|p1b: Gyarados|Gyarados-Mega, L50, F\n|-mega|p1b: Gyarados|Gyarados|Gyaradosite\n|-ability|p1b: Gyarados|Mold Breaker\n|move|p2b: Sinistcha|Rage Powder|p2b: Sinistcha\n|-singleturn|p2b: Sinistcha|move: Rage Powder\n|move|p2a: Farigiraf|Thunderbolt|p1b: Gyarados\n|-supereffective|p1b: Gyarados|1\n|-damage|p1b: Gyarados|60/100\n|move|p1b: Gyarados|Crunch|p2b: Sinistcha\n|-supereffective|p2b: Sinistcha|1\n|-damage|p2b: Sinistcha|3/100\n|-enditem|p2b: Sinistcha|Sitrus Berry|[eat]\n|-heal|p2b: Sinistcha|28/100|[from] item: Sitrus Berry\n|move|p1a: Rotom|Hydro Pump|p2b: Sinistcha\n|-resisted|p2b: Sinistcha|1\n|-damage|p2b: Sinistcha|3/100\n|\n|-weather|none\n|upkeep\n|turn|6\n|\n|t:|1776574423\n|move|p2a: Farigiraf|Hyper Voice|p1b: Gyarados|[spread] p1a,p1b\n|-damage|p1a: Rotom|24/100\n|-damage|p1b: Gyarados|37/100\n|move|p2b: Sinistcha|Life Dew|p2b: Sinistcha|[spread] p2a,p2b\n|-heal|p2a: Farigiraf|54/100\n|-heal|p2b: Sinistcha|28/100\n|move|p1b: Gyarados|Crunch|p2a: Farigiraf\n|-supereffective|p2a: Farigiraf|1\n|-damage|p2a: Farigiraf|0 fnt\n|faint|p2a: Farigiraf\n|move|p1a: Rotom|Hydro Pump|p2b: Sinistcha\n|-resisted|p2b: Sinistcha|1\n|-damage|p2b: Sinistcha|3/100\n|\n|-sideend|p1: luxarcadiaaaa|move: Tailwind\n|upkeep\n|\n|t:|1776574439\n|switch|p2a: Greninja|Greninja-Mega, L50, M|100/100\n|turn|7\n|\n|t:|1776574451\n|move|p2a: Greninja|Protect|p2a: Greninja\n|-start|p2a: Greninja|typechange|Normal|[from] ability: Protean\n|-singleturn|p2a: Greninja|Protect\n|move|p2b: Sinistcha|Matcha Gotcha|p1b: Gyarados|[spread] p1a,p1b\n|-supereffective|p1a: Rotom|1\n|-supereffective|p1b: Gyarados|1\n|-damage|p1a: Rotom|0 fnt\n|-heal|p2b: Sinistcha|11/100|[from] drain|[of] p1a: Rotom\n|-damage|p1b: Gyarados|0 fnt\n|-heal|p2b: Sinistcha|32/100|[from] drain|[of] p1b: Gyarados\n|faint|p1a: Rotom\n|faint|p1b: Gyarados\n|\n|upkeep\n|-message|luxarcadiaaaa forfeited.\n|\n|win|masgin\n|raw|luxarcadiaaaa's rating: 1089 &rarr; <strong>1062</strong><br />(-27 for losing)\n|raw|masgin's rating: 1040 &rarr; <strong>1079</strong><br />(+39 for winning)\n|l|\u2606luxarcadiaaaa\n|player|p1|\n",
  "uploadtime": 1776574478,
  "views": 12,
  "formatid": "gen9championsvgc2026regma",
  "rating": 1062,
  "private": 0,
  "password": null
}