{
  "id": "gen9championsvgc2026regma-2584737973",
  "format": "[Gen 9 Champions] VGC 2026 Reg M-A",
  "players": [
    "Murphy's kitchen",
    "albertito2005"
  ],
  "log": "|j|\u2606Murphy's kitchen\n|j|\u2606albertito2005\n|t:|1776280161\n|gametype|doubles\n|player|p1|Murphy's kitchen|102|1599\n|player|p2|albertito2005|veteran|1568\n|gen|9\n|tier|[Gen 9 Champions] VGC 2026 Reg M-A\n|rated|\n|rule|Species Clause: Limit one of each Pok\u00e9mon\n|rule|Item Clause: Limit 1 of each item\n|clearpoke\n|poke|p1|Basculegion, L50, M|\n|poke|p1|Aerodactyl, L50, F|\n|poke|p1|Kommo-o, L50, F|\n|poke|p1|Scovillain, L50, M|\n|poke|p1|Scizor, L50, F|\n|poke|p1|Sneasler, L50, M|\n|poke|p2|Scovillain, L50, M|\n|poke|p2|Incineroar, L50, F|\n|poke|p2|Farigiraf, L50, F|\n|poke|p2|Gallade, L50, M|\n|poke|p2|Kingambit, L50, M|\n|poke|p2|Pelipper, L50, F|\n|teampreview|4\n|inactive|Battle timer is ON: inactive players will automatically lose when time's up. (requested by albertito2005)\n|inactive|Murphy's kitchen has 60 seconds left.\n|\n|t:|1776280227\n|teamsize|p1|4\n|teamsize|p2|4\n|start\n|switch|p1a: Kommo-o|Kommo-o, L50, F|100/100\n|switch|p1b: Basculegion|Basculegion, L50, M|100/100\n|switch|p2a: Farigiraf|Farigiraf, L50, F|100/100\n|switch|p2b: Incineroar|Incineroar, L50, F|100/100\n|-ability|p2b: Incineroar|Intimidate|boost\n|-unboost|p1a: Kommo-o|atk|1\n|-unboost|p1b: Basculegion|atk|1\n|turn|1\n|inactive|Murphy's kitchen has 30 seconds left.\n|\n|t:|1776280253\n|move|p2b: Incineroar|Fake Out|p1a: Kommo-o\n|-crit|p1a: Kommo-o\n|-damage|p1a: Kommo-o|78/100\n|cant|p1a: Kommo-o|flinch\n|move|p1b: Basculegion|Wave Crash|p2b: Incineroar\n|-supereffective|p2b: Incineroar|1\n|-damage|p2b: Incineroar|5/100\n|-damage|p1b: Basculegion|68/100|[from] Recoil\n|move|p2a: Farigiraf|Trick Room|p2a: Farigiraf\n|-fieldstart|move: Trick Room|[of] p2a: Farigiraf\n|\n|-heal|p1a: Kommo-o|84/100|[from] item: Leftovers\n|upkeep\n|turn|2\n|inactive|Murphy's kitchen has 30 seconds left.\n|\n|t:|1776280278\n|switch|p2b: Kingambit|Kingambit, L50, M|100/100\n|switch|p1b: Scovillain|Scovillain, L50, M|100/100\n|move|p1a: Kommo-o|Protect|p1a: Kommo-o\n|-singleturn|p1a: Kommo-o|Protect\n|move|p2a: Farigiraf|Psychic|p1a: Kommo-o\n|-activate|p1a: Kommo-o|move: Protect\n|\n|-heal|p1a: Kommo-o|90/100|[from] item: Leftovers\n|upkeep\n|turn|3\n|\n|t:|1776280299\n|switch|p2b: Incineroar|Incineroar, L50, F|5/100\n|-ability|p2b: Incineroar|Intimidate|boost\n|-unboost|p1a: Kommo-o|atk|1\n|-unboost|p1b: Scovillain|atk|1\n|detailschange|p1b: Scovillain|Scovillain-Mega, L50, M\n|-mega|p1b: Scovillain|Scovillain|Scovillainite\n|move|p1b: Scovillain|Rage Powder|p1b: Scovillain\n|-singleturn|p1b: Scovillain|move: Rage Powder\n|move|p2a: Farigiraf|Nasty Plot|p2a: Farigiraf\n|-boost|p2a: Farigiraf|spa|2\n|move|p1a: Kommo-o|Clangorous Soul|p1a: Kommo-o\n|-boost|p1a: Kommo-o|atk|1\n|-boost|p1a: Kommo-o|def|1\n|-boost|p1a: Kommo-o|spa|1\n|-boost|p1a: Kommo-o|spd|1\n|-boost|p1a: Kommo-o|spe|1\n|-damage|p1a: Kommo-o|57/100\n|\n|-heal|p1a: Kommo-o|63/100|[from] item: Leftovers\n|upkeep\n|turn|4\n|\n|t:|1776280321\n|move|p1b: Scovillain|Protect|p1b: Scovillain\n|-singleturn|p1b: Scovillain|Protect\n|move|p1a: Kommo-o|Protect|p1a: Kommo-o\n|-singleturn|p1a: Kommo-o|Protect\n|move|p2a: Farigiraf|Hyper Voice|p1b: Scovillain|[spread] \n|-activate|p1a: Kommo-o|move: Protect\n|-activate|p1b: Scovillain|move: Protect\n|move|p2b: Incineroar|Flare Blitz|p1a: Kommo-o\n|-activate|p1a: Kommo-o|move: Protect\n|\n|-heal|p1a: Kommo-o|69/100|[from] item: Leftovers\n|upkeep\n|turn|5\n|j| eduardosquid\n|l| eduardosquid\n|\n|t:|1776280342\n|move|p1b: Scovillain|Rage Powder|p1b: Scovillain\n|-singleturn|p1b: Scovillain|move: Rage Powder\n|move|p2b: Incineroar|Flare Blitz|p1b: Scovillain\n|-damage|p1b: Scovillain|46/100\n|-immune|p2b: Incineroar\n|-damage|p2b: Incineroar|0 fnt|[from] Recoil\n|faint|p2b: Incineroar\n|move|p2a: Farigiraf|Hyper Voice|p1a: Kommo-o|[spread] p1b\n|-immune|p1a: Kommo-o|[from] ability: Soundproof\n|-damage|p1b: Scovillain|0 fnt\n|-status|p2a: Farigiraf|brn|[from] ability: Spicy Spray|[of] p1b: Scovillain\n|faint|p1b: Scovillain\n|move|p1a: Kommo-o|Clanging Scales|p2a: Farigiraf\n|-damage|p2a: Farigiraf|33/100 brn\n|-enditem|p2a: Farigiraf|Sitrus Berry|[eat]\n|-heal|p2a: Farigiraf|58/100 brn|[from] item: Sitrus Berry\n|-unboost|p1a: Kommo-o|def|1\n|\n|-heal|p1a: Kommo-o|75/100|[from] item: Leftovers\n|-damage|p2a: Farigiraf|51/100 brn|[from] brn\n|-fieldend|move: Trick Room\n|upkeep\n|inactive|Murphy's kitchen has 30 seconds left.\n|inactive|albertito2005 has 30 seconds left.\n|\n|t:|1776280369\n|switch|p1b: Sneasler|Sneasler, L50, M|100/100\n|switch|p2b: Kingambit|Kingambit, L50, M|100/100\n|turn|6\n|inactive|albertito2005 has 30 seconds left.\n|inactive|albertito2005 has 20 seconds left.\n|inactive|albertito2005 has 15 seconds left.\n|\n|t:|1776280411\n|move|p1a: Kommo-o|Clanging Scales|p2a: Farigiraf|[spread] p2a,p2b\n|-resisted|p2b: Kingambit|1\n|-damage|p2a: Farigiraf|3/100 brn\n|-damage|p2b: Kingambit|75/100\n|-unboost|p1a: Kommo-o|def|1\n|move|p1b: Sneasler|Close Combat|p2b: Kingambit\n|-supereffective|p2b: Kingambit|2\n|-damage|p2b: Kingambit|0 fnt\n|-unboost|p1b: Sneasler|def|1\n|-unboost|p1b: Sneasler|spd|1\n|faint|p2b: Kingambit\n|-enditem|p1b: Sneasler|White Herb\n|-clearnegativeboost|p1b: Sneasler|[silent]\n|move|p2a: Farigiraf|Psychic|p1a: Kommo-o\n|-supereffective|p1a: Kommo-o|1\n|-damage|p1a: Kommo-o|0 fnt\n|faint|p1a: Kommo-o\n|\n|-damage|p2a: Farigiraf|0 fnt|[from] brn\n|faint|p2a: Farigiraf\n|upkeep\n|\n|t:|1776280430\n|switch|p1a: Basculegion|Basculegion, L50, M|68/100\n|switch|p2b: Gallade|Gallade, L50, M|100/100\n|turn|7\n|\n|t:|1776280449\n|move|p1b: Sneasler|Dire Claw|p2b: Gallade\n|-damage|p2b: Gallade|40/100\n|move|p1a: Basculegion|Last Respects|p2b: Gallade\n|-supereffective|p2b: Gallade|1\n|-damage|p2b: Gallade|0 fnt\n|faint|p2b: Gallade\n|\n|win|Murphy's kitchen\n|raw|Murphy&apos;s kitchen's rating: 1599 &rarr; <strong>1617</strong><br />(+18 for winning)\n|raw|albertito2005's rating: 1568 &rarr; <strong>1550</strong><br />(-18 for losing)\n|l|\u2606albertito2005\n|player|p2|\n",
  "uploadtime": 1776280461,
  "views": 101,
  "formatid": "gen9championsvgc2026regma",
  "rating": 1550,
  "private": 0,
  "password": null
}