{
  "id": "gen9championsvgc2026regma-2580621767",
  "format": "[Gen 9 Champions] VGC 2026 Reg M-A",
  "players": [
    "hadfhafas",
    "waiseng"
  ],
  "log": "|j|\u2606hadfhafas\n|j|\u2606waiseng\n|t:|1775918877\n|gametype|doubles\n|player|p1|hadfhafas|1|1244\n|player|p2|waiseng|giovanni|1358\n|gen|9\n|tier|[Gen 9 Champions] VGC 2026 Reg M-A\n|rated|\n|rule|Species Clause: Limit one of each Pok\u00e9mon\n|rule|Item Clause: Limit 1 of each item\n|clearpoke\n|poke|p1|Lucario, L50, M|\n|poke|p1|Gengar, L50, M|\n|poke|p1|Incineroar, L50, M|\n|poke|p1|Whimsicott, L50, M|\n|poke|p1|Rotom-Wash, L50|\n|poke|p1|Garchomp, L50, F|\n|poke|p2|Incineroar, L50, M|\n|poke|p2|Kingambit, L50, M|\n|poke|p2|Sinistcha, L50|\n|poke|p2|Sneasler, L50, F|\n|poke|p2|Starmie, L50|\n|poke|p2|Sylveon, L50, F|\n|teampreview|4\n|inactive|Battle timer is ON: inactive players will automatically lose when time's up. (requested by hadfhafas)\n|inactive|hadfhafas has 60 seconds left.\n|inactive|waiseng has 60 seconds left.\n|\n|t:|1775918929\n|teamsize|p1|4\n|teamsize|p2|4\n|start\n|switch|p1a: Garchomp|Garchomp, L50, F|100/100\n|switch|p1b: Incineroar|Incineroar, L50, M|100/100\n|switch|p2a: Incineroar|Incineroar, L50, M|100/100\n|switch|p2b: Starmie|Starmie, L50|100/100\n|-ability|p2a: Incineroar|Intimidate|boost\n|-unboost|p1a: Garchomp|atk|1\n|-unboost|p1b: Incineroar|atk|1\n|-ability|p1b: Incineroar|Intimidate|boost\n|-unboost|p2a: Incineroar|atk|1\n|-unboost|p2b: Starmie|atk|1\n|-enditem|p1a: Garchomp|White Herb\n|-clearnegativeboost|p1a: Garchomp|[silent]\n|turn|1\n|inactive|waiseng has 30 seconds left.\n|\n|t:|1775918956\n|switch|p2b: Sinistcha|Sinistcha, L50|100/100\n|move|p1b: Incineroar|Fake Out|p2b: Sinistcha\n|-immune|p2b: Sinistcha\n|move|p1a: Garchomp|Swords Dance|p1a: Garchomp\n|-boost|p1a: Garchomp|atk|2\n|move|p2a: Incineroar|Parting Shot|p1a: Garchomp\n|-unboost|p1a: Garchomp|atk|1\n|-unboost|p1a: Garchomp|spa|1\n|\n|t:|1775918969\n|switch|p2a: Starmie|Starmie, L50|100/100|[from] Parting Shot\n|\n|upkeep\n|turn|2\n|\n|t:|1775918979\n|switch|p2b: Incineroar|Incineroar, L50, M|100/100\n|-ability|p2b: Incineroar|Intimidate|boost\n|-unboost|p1a: Garchomp|atk|1\n|-unboost|p1b: Incineroar|atk|1\n|detailschange|p2a: Starmie|Starmie-Mega, L50\n|-mega|p2a: Starmie|Starmie|Starminite\n|move|p2a: Starmie|Liquidation|p1b: Incineroar\n|-supereffective|p1b: Incineroar|1\n|-damage|p1b: Incineroar|0 fnt\n|faint|p1b: Incineroar\n|move|p1a: Garchomp|Dragon Claw|p2b: Incineroar\n|-crit|p2b: Incineroar\n|-damage|p2b: Incineroar|38/100\n|-enditem|p2b: Incineroar|Sitrus Berry|[eat]\n|-heal|p2b: Incineroar|63/100|[from] item: Sitrus Berry\n|\n|upkeep\n|\n|t:|1775918984\n|switch|p1b: Gengar|Gengar, L50, M, shiny|100/100\n|turn|3\n|inactive|waiseng has 30 seconds left.\n|inactive|waiseng has 20 seconds left.\n|\n|t:|1775919020\n|switch|p1a: Rotom|Rotom-Wash, L50|100/100\n|detailschange|p1b: Gengar|Gengar-Mega, L50, M, shiny\n|-mega|p1b: Gengar|Gengar|Gengarite\n|move|p1b: Gengar|Protect|p1b: Gengar\n|-singleturn|p1b: Gengar|Protect\n|move|p2a: Starmie|Protect|p2a: Starmie\n|-singleturn|p2a: Starmie|Protect\n|move|p2b: Incineroar|Darkest Lariat|p1b: Gengar\n|-activate|p1b: Gengar|move: Protect\n|\n|upkeep\n|turn|4\n|\n|t:|1775919039\n|move|p1b: Gengar|Shadow Ball|p2a: Starmie\n|-supereffective|p2a: Starmie|1\n|-damage|p2a: Starmie|0 fnt\n|faint|p2a: Starmie\n|move|p1a: Rotom|Hydro Pump|p2b: Incineroar\n|-supereffective|p2b: Incineroar|1\n|-damage|p2b: Incineroar|0 fnt\n|faint|p2b: Incineroar\n|\n|upkeep\n|\n|t:|1775919048\n|switch|p2a: Kingambit|Kingambit, L50, M|100/100\n|switch|p2b: Sinistcha|Sinistcha, L50|100/100\n|turn|5\n|\n|t:|1775919060\n|move|p2a: Kingambit|Protect|p2a: Kingambit\n|-singleturn|p2a: Kingambit|Protect\n|move|p1b: Gengar|Substitute|p1b: Gengar\n|-start|p1b: Gengar|Substitute\n|-damage|p1b: Gengar|75/100\n|move|p1a: Rotom|Will-O-Wisp|p2a: Kingambit\n|-activate|p2a: Kingambit|move: Protect\n|move|p2b: Sinistcha|Trick Room|p2b: Sinistcha\n|-fieldstart|move: Trick Room|[of] p2b: Sinistcha\n|\n|upkeep\n|turn|6\n|\n|t:|1775919076\n|move|p2a: Kingambit|Kowtow Cleave|p1a: Rotom\n|-damage|p1a: Rotom|53/100\n|move|p2b: Sinistcha|Matcha Gotcha|p1b: Gengar|[spread] p1a,p1b\n|-resisted|p1b: Gengar|1\n|-activate|p1b: Gengar|move: Substitute|[damage]\n|-supereffective|p1a: Rotom|1\n|-damage|p1a: Rotom|6/100\n|-enditem|p1a: Rotom|Sitrus Berry|[eat]\n|-heal|p1a: Rotom|30/100|[from] item: Sitrus Berry\n|move|p1a: Rotom|Will-O-Wisp|p2a: Kingambit\n|-status|p2a: Kingambit|brn\n|move|p1b: Gengar|Shadow Ball|p2b: Sinistcha\n|-supereffective|p2b: Sinistcha|1\n|-damage|p2b: Sinistcha|11/100\n|-unboost|p2b: Sinistcha|spd|1\n|\n|-heal|p2b: Sinistcha|17/100|[from] item: Leftovers\n|-damage|p2a: Kingambit|95/100 brn|[from] brn\n|upkeep\n|turn|7\n|inactive|waiseng has 30 seconds left.\n|\n|t:|1775919104\n|move|p2a: Kingambit|Kowtow Cleave|p1b: Gengar\n|-supereffective|p1b: Gengar|1\n|-end|p1b: Gengar|Substitute\n|move|p2b: Sinistcha|Matcha Gotcha|p1b: Gengar|[spread] p1a,p1b\n|-supereffective|p1a: Rotom|1\n|-resisted|p1b: Gengar|1\n|-damage|p1a: Rotom|0 fnt\n|-heal|p2b: Sinistcha|31/100|[from] drain|[of] p1a: Rotom\n|-damage|p1b: Gengar|60/100\n|-heal|p2b: Sinistcha|38/100|[from] drain|[of] p1b: Gengar\n|-status|p1b: Gengar|brn\n|faint|p1a: Rotom\n|move|p1b: Gengar|Shadow Ball|p2b: Sinistcha\n|-supereffective|p2b: Sinistcha|1\n|-damage|p2b: Sinistcha|0 fnt\n|faint|p2b: Sinistcha\n|\n|-damage|p2a: Kingambit|89/100 brn|[from] brn\n|-damage|p1b: Gengar|54/100 brn|[from] brn\n|upkeep\n|\n|t:|1775919108\n|switch|p1a: Garchomp|Garchomp, L50, F|100/100\n|turn|8\n|\n|t:|1775919129\n|move|p2a: Kingambit|Kowtow Cleave|p1a: Garchomp\n|-damage|p1a: Garchomp|77/100\n|-damage|p2a: Kingambit|77/100 brn|[from] ability: Rough Skin|[of] p1a: Garchomp\n|move|p1a: Garchomp|Swords Dance|p1a: Garchomp\n|-boost|p1a: Garchomp|atk|2\n|move|p1b: Gengar|Substitute|p1b: Gengar\n|-start|p1b: Gengar|Substitute\n|-damage|p1b: Gengar|29/100 brn\n|\n|-damage|p2a: Kingambit|71/100 brn|[from] brn\n|-damage|p1b: Gengar|23/100 brn|[from] brn\n|upkeep\n|turn|9\n|\n|t:|1775919136\n|move|p1a: Garchomp|Protect|p1a: Garchomp\n|-singleturn|p1a: Garchomp|Protect\n|move|p1b: Gengar|Protect|p1b: Gengar\n|-singleturn|p1b: Gengar|Protect\n|move|p2a: Kingambit|Kowtow Cleave|p1b: Gengar\n|-activate|p1b: Gengar|move: Protect\n|\n|-damage|p2a: Kingambit|65/100 brn|[from] brn\n|-damage|p1b: Gengar|17/100 brn|[from] brn\n|-fieldend|move: Trick Room\n|upkeep\n|turn|10\n|\n|t:|1775919146\n|move|p2a: Kingambit|Protect|p2a: Kingambit\n|-singleturn|p2a: Kingambit|Protect\n|move|p1b: Gengar|Shadow Ball|p2a: Kingambit\n|-activate|p2a: Kingambit|move: Protect\n|move|p1a: Garchomp|Earthquake|p2a: Kingambit|[spread] p1b\n|-activate|p2a: Kingambit|move: Protect\n|-supereffective|p1b: Gengar|1\n|-end|p1b: Gengar|Substitute\n|\n|-damage|p1b: Gengar|11/100 brn|[from] brn\n|-damage|p2a: Kingambit|59/100 brn|[from] brn\n|upkeep\n|turn|11\n|\n|t:|1775919161\n|move|p2a: Kingambit|Sucker Punch|p1a: Garchomp\n|-damage|p1a: Garchomp|56/100\n|-damage|p2a: Kingambit|47/100 brn|[from] ability: Rough Skin|[of] p1a: Garchomp\n|move|p1b: Gengar|Shadow Ball|p2a: Kingambit\n|-resisted|p2a: Kingambit|1\n|-damage|p2a: Kingambit|23/100 brn\n|move|p1a: Garchomp|Earthquake|p2a: Kingambit|[spread] p1b,p2a\n|-supereffective|p1b: Gengar|1\n|-supereffective|p2a: Kingambit|1\n|-damage|p1b: Gengar|0 fnt\n|-damage|p2a: Kingambit|0 fnt\n|faint|p1b: Gengar\n|faint|p2a: Kingambit\n|\n|win|hadfhafas\n|raw|hadfhafas's rating: 1244 &rarr; <strong>1277</strong><br />(+33 for winning)\n|raw|waiseng's rating: 1358 &rarr; <strong>1332</strong><br />(-26 for losing)\n|l|\u2606waiseng\n|player|p2|\n",
  "uploadtime": 1775919196,
  "views": 44,
  "formatid": "gen9championsvgc2026regma",
  "rating": 1277,
  "private": 0,
  "password": null
}