{
  "id": "gen9championsvgc2026regma-2584970357",
  "format": "[Gen 9 Champions] VGC 2026 Reg M-A",
  "players": [
    "Jengibrelol1311",
    "JBM220"
  ],
  "log": "|j|\u2606Jengibrelol1311\n|j|\u2606JBM220\n|t:|1776299295\n|gametype|doubles\n|player|p1|Jengibrelol1311|caitlin|1198\n|player|p2|JBM220|266|1143\n|gen|9\n|tier|[Gen 9 Champions] VGC 2026 Reg M-A\n|rated|\n|rule|Species Clause: Limit one of each Pok\u00e9mon\n|rule|Item Clause: Limit 1 of each item\n|clearpoke\n|poke|p1|Dragapult, L50, F|\n|poke|p1|Gardevoir, L50, M|\n|poke|p1|Whimsicott, L50, F|\n|poke|p1|Milotic, L50, F|\n|poke|p1|Typhlosion-Hisui, L50, M|\n|poke|p1|Rotom-Heat, L50|\n|poke|p2|Froslass, L50, F|\n|poke|p2|Rotom-Frost, L50|\n|poke|p2|Orthworm, L50, M|\n|poke|p2|Garchomp, L50, F|\n|poke|p2|Sneasler, L50, M|\n|poke|p2|Sinistcha, L50|\n|teampreview|4\n|inactive|Battle timer is ON: inactive players will automatically lose when time's up. (requested by Jengibrelol1311)\n|\n|t:|1776299325\n|teamsize|p1|4\n|teamsize|p2|4\n|start\n|switch|p1a: Milotic|Milotic, L50, F, shiny|100/100\n|switch|p1b: Rotom|Rotom-Heat, L50|100/100\n|switch|p2a: Sneasler|Sneasler, L50, M|100/100\n|switch|p2b: Orthworm|Orthworm, L50, M|100/100\n|turn|1\n|inactive|JBM220 has 30 seconds left.\n|\n|t:|1776299354\n|move|p2a: Sneasler|Fake Out|p1b: Rotom\n|-crit|p1b: Rotom\n|-damage|p1b: Rotom|78/100\n|cant|p1b: Rotom|flinch\n|move|p1a: Milotic|Mud Shot|p2b: Orthworm\n|-immune|p2b: Orthworm|[from] ability: Earth Eater\n|move|p2b: Orthworm|Shed Tail|p2b: Orthworm\n|-start|p2b: Orthworm|Substitute|[from] move: Shed Tail\n|-damage|p2b: Orthworm|50/100\n|-enditem|p2b: Orthworm|Sitrus Berry|[eat]\n|-heal|p2b: Orthworm|75/100|[from] item: Sitrus Berry\n|\n|t:|1776299366\n|switch|p2b: Froslass|Froslass, L50, F|100/100|[from] Shed Tail\n|\n|upkeep\n|turn|2\n|\n|t:|1776299380\n|detailschange|p2b: Froslass|Froslass-Mega, L50, F\n|-mega|p2b: Froslass|Froslass|Froslassite\n|-weather|Snowscape|[from] ability: Snow Warning|[of] p2b: Froslass\n|move|p2b: Froslass|Aurora Veil|p2b: Froslass\n|-sidestart|p2: JBM220|move: Aurora Veil\n|move|p2a: Sneasler|Dire Claw|p1a: Milotic\n|-damage|p1a: Milotic|65/100\n|move|p1b: Rotom|Foul Play|p2b: Froslass\n|-supereffective|p2b: Froslass|1\n|-end|p2b: Froslass|Substitute\n|move|p1a: Milotic|Scald|p2b: Froslass\n|-damage|p2b: Froslass|77/100\n|\n|-weather|Snowscape|[upkeep]\n|-heal|p1a: Milotic|71/100|[from] item: Leftovers\n|upkeep\n|turn|3\n|inactive|JBM220 has 30 seconds left.\n|\n|t:|1776299405\n|move|p2a: Sneasler|Close Combat|p1b: Rotom\n|-damage|p1b: Rotom|17/100\n|-unboost|p2a: Sneasler|def|1\n|-unboost|p2a: Sneasler|spd|1\n|-enditem|p1b: Rotom|Sitrus Berry|[eat]\n|-heal|p1b: Rotom|42/100|[from] item: Sitrus Berry\n|move|p2b: Froslass|Shadow Ball|p1a: Milotic\n|-damage|p1a: Milotic|42/100\n|move|p1b: Rotom|Overheat|p2b: Froslass\n|-supereffective|p2b: Froslass|1\n|-damage|p2b: Froslass|0 fnt\n|-unboost|p1b: Rotom|spa|2\n|faint|p2b: Froslass\n|move|p1a: Milotic|Scald|p2a: Sneasler\n|-damage|p2a: Sneasler|63/100\n|-status|p2a: Sneasler|brn\n|\n|-weather|Snowscape|[upkeep]\n|-heal|p1a: Milotic|48/100|[from] item: Leftovers\n|-damage|p2a: Sneasler|57/100 brn|[from] brn\n|upkeep\n|\n|t:|1776299429\n|switch|p2b: Rotom|Rotom-Frost, L50|100/100\n|turn|4\n|\n|t:|1776299453\n|move|p2a: Sneasler|Close Combat|p1b: Rotom\n|-damage|p1b: Rotom|9/100\n|-unboost|p2a: Sneasler|def|1\n|-unboost|p2a: Sneasler|spd|1\n|move|p2b: Rotom|Volt Switch|p1a: Milotic\n|-supereffective|p1a: Milotic|1\n|-damage|p1a: Milotic|6/100\n|\n|t:|1776299461\n|switch|p2b: Orthworm|Orthworm, L50, M|75/100|[from] Volt Switch\n|move|p1b: Rotom|Overheat|p2b: Orthworm\n|-supereffective|p2b: Orthworm|1\n|-damage|p2b: Orthworm|31/100\n|-unboost|p1b: Rotom|spa|2\n|move|p1a: Milotic|Scald|p2a: Sneasler\n|-damage|p2a: Sneasler|8/100 brn\n|\n|-weather|Snowscape|[upkeep]\n|-heal|p1a: Milotic|12/100|[from] item: Leftovers\n|-damage|p2a: Sneasler|2/100 brn|[from] brn\n|upkeep\n|turn|5\n|\n|t:|1776299484\n|move|p2a: Sneasler|Close Combat|p1a: Milotic\n|-damage|p1a: Milotic|0 fnt\n|-unboost|p2a: Sneasler|def|1\n|-unboost|p2a: Sneasler|spd|1\n|faint|p1a: Milotic\n|move|p1b: Rotom|Overheat|p2b: Orthworm\n|-supereffective|p2b: Orthworm|1\n|-damage|p2b: Orthworm|1/100\n|-unboost|p1b: Rotom|spa|2\n|move|p2b: Orthworm|Body Press|p1b: Rotom\n|-damage|p1b: Rotom|0 fnt\n|faint|p1b: Rotom\n|\n|-weather|Snowscape|[upkeep]\n|-damage|p2a: Sneasler|0 fnt|[from] brn\n|faint|p2a: Sneasler\n|upkeep\n|\n|t:|1776299501\n|switch|p2a: Rotom|Rotom-Frost, L50|100/100\n|switch|p1b: Typhlosion|Typhlosion-Hisui, L50, M|100/100\n|switch|p1a: Gardevoir|Gardevoir, L50, M, shiny|100/100\n|-item|p2a: Rotom|Never-Melt Ice|[from] ability: Frisk|[of] p1b: Typhlosion\n|turn|6\n|\n|t:|1776299525\n|detailschange|p1a: Gardevoir|Gardevoir-Mega, L50, M, shiny\n|-mega|p1a: Gardevoir|Gardevoir|Gardevoirite\n|move|p1b: Typhlosion|Eruption|p2a: Rotom|[spread] p2a,p2b\n|-supereffective|p2a: Rotom|1\n|-supereffective|p2b: Orthworm|1\n|-damage|p2a: Rotom|0 fnt\n|-damage|p2b: Orthworm|0 fnt\n|faint|p2a: Rotom\n|faint|p2b: Orthworm\n|\n|win|Jengibrelol1311\n|raw|Jengibrelol1311's rating: 1198 &rarr; <strong>1219</strong><br />(+21 for winning)\n|raw|JBM220's rating: 1143 &rarr; <strong>1122</strong><br />(-21 for losing)\n|c|\u2606Jengibrelol1311|Gg\n|l|\u2606JBM220\n|player|p2|\n",
  "uploadtime": 1776299547,
  "views": 20,
  "formatid": "gen9championsvgc2026regma",
  "rating": 1122,
  "private": 0,
  "password": null
}