{
  "id": "gen9championsvgc2026regma-2588020723",
  "format": "[Gen 9 Champions] VGC 2026 Reg M-A",
  "players": [
    "devilchildrobin",
    "lolnezan78"
  ],
  "log": "|j|\u2606devilchildrobin\n|j|\u2606lolnezan78\n|t:|1776593985\n|gametype|doubles\n|player|p1|devilchildrobin|102|1206\n|player|p2|lolnezan78|brycen|1294\n|gen|9\n|tier|[Gen 9 Champions] VGC 2026 Reg M-A\n|rated|\n|rule|Species Clause: Limit one of each Pok\u00e9mon\n|rule|Item Clause: Limit 1 of each item\n|clearpoke\n|poke|p1|Starmie, L50|\n|poke|p1|Garchomp, L50, F|\n|poke|p1|Tyranitar, L50, M|\n|poke|p1|Aerodactyl, L50, M|\n|poke|p1|Rotom-Heat, L50|\n|poke|p1|Aegislash, L50, F|\n|poke|p2|Gallade, L50, M|\n|poke|p2|Kingambit, L50, M|\n|poke|p2|Aegislash, L50, M|\n|poke|p2|Aerodactyl, L50, F|\n|poke|p2|Arcanine, L50, M|\n|poke|p2|Venusaur, L50, F|\n|teampreview|4\n|inactive|Battle timer is ON: inactive players will automatically lose when time's up. (requested by devilchildrobin)\n|\n|t:|1776594007\n|teamsize|p1|4\n|teamsize|p2|4\n|start\n|switch|p1a: Starmie|Starmie, L50|100/100\n|switch|p1b: Garchomp|Garchomp, L50, F|100/100\n|switch|p2a: Kingambit|Kingambit, L50, M|100/100\n|switch|p2b: Arcanine|Arcanine, L50, M|100/100\n|-ability|p2b: Arcanine|Intimidate|boost\n|-unboost|p1a: Starmie|atk|1\n|-unboost|p1b: Garchomp|atk|1\n|turn|1\n|\n|t:|1776594030\n|detailschange|p1a: Starmie|Starmie-Mega, L50\n|-mega|p1a: Starmie|Starmie|Starminite\n|move|p2a: Kingambit|Protect|p2a: Kingambit\n|-singleturn|p2a: Kingambit|Protect\n|move|p1a: Starmie|Skill Swap|p1b: Garchomp\n|-activate|p1a: Starmie|Skill Swap|||[of] p1b: Garchomp\n|move|p1b: Garchomp|Rock Slide|p2b: Arcanine|[spread] p2b\n|-activate|p2a: Kingambit|move: Protect\n|-supereffective|p2b: Arcanine|1\n|-damage|p2b: Arcanine|45/100\n|-enditem|p2b: Arcanine|Sitrus Berry|[eat]\n|-heal|p2b: Arcanine|70/100|[from] item: Sitrus Berry\n|move|p2b: Arcanine|Will-O-Wisp|p1b: Garchomp\n|-status|p1b: Garchomp|brn\n|\n|-damage|p1b: Garchomp|95/100 brn|[from] brn\n|upkeep\n|turn|2\n|inactive|lolnezan78 has 30 seconds left.\n|\n|t:|1776594057\n|switch|p1a: Aerodactyl|Aerodactyl, L50, M|100/100\n|-ability|p1a: Aerodactyl|Unnerve\n|move|p2a: Kingambit|Sucker Punch||[still]\n|-fail|p2a: Kingambit\n|move|p1b: Garchomp|Earthquake|p2a: Kingambit|[spread] p2a,p2b\n|-immune|p1a: Aerodactyl\n|-supereffective|p2a: Kingambit|1\n|-supereffective|p2b: Arcanine|1\n|-damage|p2a: Kingambit|59/100\n|-damage|p2b: Arcanine|14/100\n|move|p2b: Arcanine|Snarl|p1b: Garchomp|[spread] p1a\n|-miss|p2b: Arcanine|p1b: Garchomp\n|-damage|p1a: Aerodactyl|87/100\n|-unboost|p1a: Aerodactyl|spa|1\n|\n|-damage|p1b: Garchomp|89/100 brn|[from] brn\n|upkeep\n|turn|3\n|\n|t:|1776594079\n|switch|p2b: Venusaur|Venusaur, L50, F|100/100\n|move|p1a: Aerodactyl|Tailwind|p1a: Aerodactyl\n|-sidestart|p1: devilchildrobin|move: Tailwind\n|move|p1b: Garchomp|Earthquake|p2b: Venusaur|[spread] p2a,p2b\n|-immune|p1a: Aerodactyl\n|-supereffective|p2a: Kingambit|1\n|-damage|p2a: Kingambit|16/100\n|-damage|p2b: Venusaur|78/100\n|move|p2a: Kingambit|Iron Head|p1a: Aerodactyl\n|-supereffective|p1a: Aerodactyl|1\n|-damage|p1a: Aerodactyl|0 fnt\n|faint|p1a: Aerodactyl\n|\n|-damage|p1b: Garchomp|83/100 brn|[from] brn\n|upkeep\n|\n|t:|1776594097\n|switch|p1a: Starmie|Starmie-Mega, L50|100/100\n|turn|4\n|\n|t:|1776594110\n|detailschange|p2b: Venusaur|Venusaur-Mega, L50, F\n|-mega|p2b: Venusaur|Venusaur|Venusaurite\n|move|p2a: Kingambit|Protect|p2a: Kingambit\n|-singleturn|p2a: Kingambit|Protect\n|move|p1a: Starmie|Zen Headbutt|p2b: Venusaur\n|-supereffective|p2b: Venusaur|1\n|-crit|p2b: Venusaur\n|-damage|p2b: Venusaur|0 fnt\n|faint|p2b: Venusaur\n|move|p1b: Garchomp|Dragon Claw|p2a: Kingambit\n|-activate|p2a: Kingambit|move: Protect\n|\n|-damage|p1b: Garchomp|77/100 brn|[from] brn\n|upkeep\n|\n|t:|1776594123\n|switch|p2b: Arcanine|Arcanine, L50, M|14/100\n|-ability|p2b: Arcanine|Intimidate|boost\n|-unboost|p1a: Starmie|atk|1\n|-unboost|p1b: Garchomp|atk|1\n|turn|5\n|\n|t:|1776594141\n|switch|p1b: Aegislash|Aegislash, L50, F|100/100\n|move|p1a: Starmie|Protect|p1a: Starmie\n|-singleturn|p1a: Starmie|Protect\n|move|p2b: Arcanine|Protect|p2b: Arcanine\n|-singleturn|p2b: Arcanine|Protect\n|move|p2a: Kingambit|Sucker Punch||[still]\n|-fail|p2a: Kingambit\n|\n|upkeep\n|turn|6\n|inactive|devilchildrobin has 30 seconds left.\n|inactive|lolnezan78 has 30 seconds left.\n|inactive|lolnezan78 has 20 seconds left.\n|inactive|devilchildrobin has 20 seconds left.\n|\n|t:|1776594182\n|switch|p2b: Aegislash|Aegislash, L50, M|100/100\n|move|p1b: Aegislash|King's Shield|p1b: Aegislash\n|-singleturn|p1b: Aegislash|Protect\n|move|p2a: Kingambit|Sucker Punch||[still]\n|-fail|p2a: Kingambit\n|move|p1a: Starmie|Liquidation|p2b: Aegislash\n|-damage|p2b: Aegislash|69/100\n|\n|-sideend|p1: devilchildrobin|move: Tailwind\n|upkeep\n|turn|7\n|\n|t:|1776594200\n|switch|p1a: Garchomp|Garchomp, L50, F|77/100 brn\n|move|p2a: Kingambit|Sucker Punch|p1b: Aegislash\n|-supereffective|p1b: Aegislash|1\n|-damage|p1b: Aegislash|25/100\n|-formechange|p2b: Aegislash|Aegislash-Blade|\n|move|p2b: Aegislash|Poltergeist|p1a: Garchomp\n|-activate|p1a: Garchomp|move: Poltergeist|Bright Powder\n|-damage|p1a: Garchomp|11/100 brn\n|-formechange|p1b: Aegislash|Aegislash-Blade|\n|move|p1b: Aegislash|Shadow Ball|p2b: Aegislash\n|-supereffective|p2b: Aegislash|1\n|-damage|p2b: Aegislash|0 fnt\n|faint|p2b: Aegislash\n|\n|-heal|p1b: Aegislash|31/100|[from] item: Leftovers\n|-damage|p1a: Garchomp|5/100 brn|[from] brn\n|upkeep\n|\n|t:|1776594213\n|switch|p2b: Arcanine|Arcanine, L50, M|14/100\n|-ability|p2b: Arcanine|Intimidate|boost\n|-unboost|p1a: Garchomp|atk|1\n|-unboost|p1b: Aegislash|atk|1\n|turn|8\n|\n|t:|1776594226\n|move|p2b: Arcanine|Protect|p2b: Arcanine\n|-singleturn|p2b: Arcanine|Protect\n|move|p2a: Kingambit|Protect|p2a: Kingambit\n|-singleturn|p2a: Kingambit|Protect\n|move|p1b: Aegislash|Wide Guard|p1b: Aegislash\n|-singleturn|p1b: Aegislash|Wide Guard\n|move|p1a: Garchomp|Earthquake|p2b: Arcanine|[spread] \n|-activate|p1b: Aegislash|move: Wide Guard\n|-activate|p2a: Kingambit|move: Protect\n|-activate|p2b: Arcanine|move: Protect\n|\n|-heal|p1b: Aegislash|37/100|[from] item: Leftovers\n|-damage|p1a: Garchomp|0 fnt|[from] brn\n|faint|p1a: Garchomp\n|upkeep\n|\n|t:|1776594242\n|switch|p1a: Starmie|Starmie-Mega, L50|100/100\n|turn|9\n|\n|t:|1776594258\n|move|p1b: Aegislash|Wide Guard|p1b: Aegislash\n|-singleturn|p1b: Aegislash|Wide Guard\n|move|p2a: Kingambit|Sucker Punch|p1a: Starmie\n|-supereffective|p1a: Starmie|1\n|-damage|p1a: Starmie|0 fnt\n|faint|p1a: Starmie\n|move|p2b: Arcanine|Will-O-Wisp|p1b: Aegislash\n|-status|p1b: Aegislash|brn\n|\n|-heal|p1b: Aegislash|43/100 brn|[from] item: Leftovers\n|-damage|p1b: Aegislash|37/100 brn|[from] brn\n|upkeep\n|turn|10\n|-message|devilchildrobin forfeited.\n|\n|win|lolnezan78\n|raw|devilchildrobin's rating: 1206 &rarr; <strong>1187</strong><br />(-19 for losing)\n|raw|lolnezan78's rating: 1294 &rarr; <strong>1313</strong><br />(+19 for winning)\n|l|\u2606devilchildrobin\n|player|p1|\n",
  "uploadtime": 1776594292,
  "views": 8,
  "formatid": "gen9championsvgc2026regma",
  "rating": 1187,
  "private": 0,
  "password": null
}