{
  "id": "gen9championsvgc2026regma-2586598208",
  "format": "[Gen 9 Champions] VGC 2026 Reg M-A",
  "players": [
    "PyProd.",
    "Fabiosa"
  ],
  "log": "|j|\u2606PyProd.\n|j|\u2606Fabiosa\n|t:|1776445798\n|gametype|doubles\n|player|p1|PyProd.|#lcplxiskittycommittee|1179\n|player|p2|Fabiosa|wallace|1208\n|gen|9\n|tier|[Gen 9 Champions] VGC 2026 Reg M-A\n|rated|\n|rule|Species Clause: Limit one of each Pok\u00e9mon\n|rule|Item Clause: Limit 1 of each item\n|clearpoke\n|poke|p1|Basculegion, L50, M|\n|poke|p1|Kingambit, L50, M|\n|poke|p1|Maushold, L50|\n|poke|p1|Sneasler, L50, F|\n|poke|p1|Floette-Eternal, L50, F|\n|poke|p1|Pelipper, L50, M|\n|poke|p2|Aggron, L50, F|\n|poke|p2|Sinistcha, L50|\n|poke|p2|Farigiraf, L50, M|\n|poke|p2|Pelipper, L50, M|\n|poke|p2|Milotic, L50, F|\n|poke|p2|Incineroar, L50, F|\n|teampreview|4\n|\n|t:|1776445845\n|teamsize|p1|4\n|teamsize|p2|4\n|start\n|switch|p1a: Sneasler|Sneasler, L50, F|100/100\n|switch|p1b: Basculegion|Basculegion, L50, M|100/100\n|switch|p2a: Aggron|Aggron, L50, F|100/100\n|switch|p2b: Farigiraf|Farigiraf, L50, M|100/100\n|turn|1\n|\n|t:|1776445861\n|detailschange|p2a: Aggron|Aggron-Mega, L50, F\n|-mega|p2a: Aggron|Aggron|Aggronite\n|move|p1b: Basculegion|Wave Crash|p2b: Farigiraf\n|-damage|p2b: Farigiraf|41/100\n|-damage|p1b: Basculegion|78/100|[from] Recoil\n|move|p1a: Sneasler|Close Combat|p2b: Farigiraf\n|-damage|p2b: Farigiraf|0 fnt\n|-unboost|p1a: Sneasler|def|1\n|-unboost|p1a: Sneasler|spd|1\n|faint|p2b: Farigiraf\n|-enditem|p1a: Sneasler|White Herb\n|-clearnegativeboost|p1a: Sneasler|[silent]\n|move|p2a: Aggron|Iron Defense|p2a: Aggron\n|-boost|p2a: Aggron|def|2\n|\n|upkeep\n|\n|t:|1776445874\n|switch|p2b: Incineroar|Incineroar, L50, F|100/100\n|-ability|p2b: Incineroar|Intimidate|boost\n|-unboost|p1a: Sneasler|atk|1\n|-unboost|p1b: Basculegion|atk|1\n|turn|2\n|\n|t:|1776445906\n|switch|p1a: Pelipper|Pelipper, L50, M|100/100\n|-weather|RainDance|[from] ability: Drizzle|[of] p1a: Pelipper\n|switch|p2b: Sinistcha|Sinistcha, L50|100/100\n|move|p1b: Basculegion|Wave Crash|p2b: Sinistcha\n|-resisted|p2b: Sinistcha|1\n|-damage|p2b: Sinistcha|79/100\n|-damage|p1b: Basculegion|71/100|[from] Recoil\n|move|p2a: Aggron|Heavy Slam|p1a: Pelipper\n|-resisted|p1a: Pelipper|1\n|-damage|p1a: Pelipper|65/100\n|\n|-weather|RainDance|[upkeep]\n|upkeep\n|turn|3\n|\n|t:|1776445929\n|move|p1b: Basculegion|Wave Crash|p2a: Aggron\n|-damage|p2a: Aggron|85/100\n|-damage|p1b: Basculegion|66/100|[from] Recoil\n|move|p1a: Pelipper|Hurricane|p2b: Sinistcha\n|-supereffective|p2b: Sinistcha|1\n|-damage|p2b: Sinistcha|0 fnt\n|faint|p2b: Sinistcha\n|move|p2a: Aggron|Heavy Slam|p1a: Pelipper\n|-resisted|p1a: Pelipper|1\n|-damage|p1a: Pelipper|30/100\n|\n|-weather|RainDance|[upkeep]\n|upkeep\n|\n|t:|1776445940\n|switch|p2b: Incineroar|Incineroar, L50, F|100/100\n|-ability|p2b: Incineroar|Intimidate|boost\n|-unboost|p1a: Pelipper|atk|1\n|-unboost|p1b: Basculegion|atk|1\n|turn|4\n|\n|t:|1776445955\n|move|p1a: Pelipper|Protect|p1a: Pelipper\n|-singleturn|p1a: Pelipper|Protect\n|move|p1b: Basculegion|Wave Crash|p2b: Incineroar\n|-supereffective|p2b: Incineroar|1\n|-damage|p2b: Incineroar|2/100\n|-damage|p1b: Basculegion|35/100|[from] Recoil\n|move|p2b: Incineroar|Darkest Lariat|p1b: Basculegion\n|-supereffective|p1b: Basculegion|1\n|-damage|p1b: Basculegion|0 fnt\n|faint|p1b: Basculegion\n|move|p2a: Aggron|Body Press|p1a: Pelipper\n|-activate|p1a: Pelipper|move: Protect\n|\n|-weather|RainDance|[upkeep]\n|upkeep\n|\n|t:|1776445963\n|switch|p1b: Floette|Floette-Eternal, L50, F|100/100\n|turn|5\n|\n|t:|1776445978\n|detailschange|p1b: Floette|Floette-Mega, L50, F\n|-mega|p1b: Floette|Floette|Floettite\n|-ability|p1b: Floette|Fairy Aura\n|move|p1b: Floette|Dazzling Gleam|p2b: Incineroar|[spread] p2a,p2b\n|-resisted|p2a: Aggron|1\n|-damage|p2a: Aggron|66/100\n|-damage|p2b: Incineroar|0 fnt\n|faint|p2b: Incineroar\n|move|p1a: Pelipper|Weather Ball|p2a: Aggron\n|-damage|p2a: Aggron|8/100\n|move|p2a: Aggron|Heavy Slam|p1b: Floette\n|-supereffective|p1b: Floette|1\n|-crit|p1b: Floette\n|-damage|p1b: Floette|0 fnt\n|faint|p1b: Floette\n|\n|-weather|RainDance|[upkeep]\n|upkeep\n|\n|t:|1776445992\n|switch|p1b: Sneasler|Sneasler, L50, F|100/100\n|turn|6\n|\n|t:|1776446011\n|move|p1b: Sneasler|Fake Out|p2a: Aggron\n|-resisted|p2a: Aggron|1\n|-damage|p2a: Aggron|7/100\n|move|p1a: Pelipper|Weather Ball|p2a: Aggron\n|-damage|p2a: Aggron|0 fnt\n|faint|p2a: Aggron\n|\n|win|PyProd.\n|raw|PyProd.'s rating: 1179 &rarr; <strong>1206</strong><br />(+27 for winning)\n|raw|Fabiosa's rating: 1208 &rarr; <strong>1181</strong><br />(-27 for losing)\n|l|\u2606Fabiosa\n|player|p2|\n",
  "uploadtime": 1776446022,
  "views": 26,
  "formatid": "gen9championsvgc2026regma",
  "rating": 1181,
  "private": 0,
  "password": null
}