{
  "id": "gen9championsvgc2026regma-2586289573",
  "format": "[Gen 9 Champions] VGC 2026 Reg M-A",
  "players": [
    "nanamixd",
    "daniperez19"
  ],
  "log": "|j|\u2606nanamixd\n|j|\u2606daniperez19\n|t:|1776421756\n|gametype|doubles\n|player|p1|nanamixd|102|1100\n|player|p2|daniperez19|lance|1061\n|gen|9\n|tier|[Gen 9 Champions] VGC 2026 Reg M-A\n|rated|\n|rule|Species Clause: Limit one of each Pok\u00e9mon\n|rule|Item Clause: Limit 1 of each item\n|clearpoke\n|poke|p1|Delphox, L50, F|\n|poke|p1|Froslass, L50, F|\n|poke|p1|Garchomp, L50, F|\n|poke|p1|Sneasler, L50, F|\n|poke|p1|Kingambit, L50, M|\n|poke|p1|Basculegion, L50, M|\n|poke|p2|Dragonite, L50, M|\n|poke|p2|Sneasler, L50, M|\n|poke|p2|Kingambit, L50, M|\n|poke|p2|Incineroar, L50, F|\n|poke|p2|Meowscarada, L50, M|\n|poke|p2|Politoed, L50, M|\n|teampreview|4\ndaniperez19 rejected open team sheets.\n|inactive|Battle timer is ON: inactive players will automatically lose when time's up. (requested by daniperez19)\n|\n|t:|1776421793\n|teamsize|p1|4\n|teamsize|p2|4\n|start\n|switch|p1a: Delphox|Delphox, L50, F, shiny|100/100\n|switch|p1b: Sneasler|Sneasler, L50, F|100/100\n|switch|p2a: Politoed|Politoed, L50, M, shiny|100/100\n|switch|p2b: Incineroar|Incineroar, L50, F, shiny|100/100\n|-weather|RainDance|[from] ability: Drizzle|[of] p2a: Politoed\n|-ability|p2b: Incineroar|Intimidate|boost\n|-unboost|p1a: Delphox|atk|1\n|-unboost|p1b: Sneasler|atk|1\n|-enditem|p1b: Sneasler|White Herb\n|-clearnegativeboost|p1b: Sneasler|[silent]\n|turn|1\n|inactive|daniperez19 has 30 seconds left.\n|\n|t:|1776421820\n|switch|p1a: Basculegion|Basculegion, L50, M|100/100\n|move|p2b: Incineroar|Fake Out|p1a: Basculegion\n|-immune|p1a: Basculegion\n|move|p1b: Sneasler|Close Combat|p2b: Incineroar\n|-supereffective|p2b: Incineroar|1\n|-damage|p2b: Incineroar|0 fnt\n|-unboost|p1b: Sneasler|def|1\n|-unboost|p1b: Sneasler|spd|1\n|faint|p2b: Incineroar\n|move|p2a: Politoed|Earth Power|p1b: Sneasler\n|-supereffective|p1b: Sneasler|1\n|-damage|p1b: Sneasler|21/100\n|\n|-weather|RainDance|[upkeep]\n|upkeep\n|\n|t:|1776421834\n|switch|p2b: Dragonite|Dragonite, L50, M, shiny|100/100\n|turn|2\n|\n|t:|1776421844\n|detailschange|p2b: Dragonite|Dragonite-Mega, L50, M, shiny\n|-mega|p2b: Dragonite|Dragonite|Dragoninite\n|move|p1b: Sneasler|Protect|p1b: Sneasler\n|-singleturn|p1b: Sneasler|Protect\n|move|p1a: Basculegion|Wave Crash|p2b: Dragonite\n|-resisted|p2b: Dragonite|1\n|-damage|p2b: Dragonite|72/100\n|-damage|p1a: Basculegion|92/100|[from] Recoil\n|move|p2b: Dragonite|Tailwind|p2b: Dragonite\n|-sidestart|p2: daniperez19|move: Tailwind\n|move|p2a: Politoed|Earth Power|p1b: Sneasler\n|-activate|p1b: Sneasler|move: Protect\n|\n|-weather|RainDance|[upkeep]\n|upkeep\n|turn|3\n|inactive|nanamixd has 30 seconds left.\n|\n|t:|1776421869\n|move|p1b: Sneasler|Dire Claw|p2b: Dragonite\n|-damage|p2b: Dragonite|33/100\n|-status|p2b: Dragonite|psn\n|move|p2b: Dragonite|Draco Meteor|p1a: Basculegion\n|-damage|p1a: Basculegion|5/100\n|-unboost|p2b: Dragonite|spa|2\n|move|p1a: Basculegion|Wave Crash|p2b: Dragonite\n|-resisted|p2b: Dragonite|1\n|-damage|p2b: Dragonite|0 fnt\n|faint|p2b: Dragonite\n|-damage|p1a: Basculegion|0 fnt|[from] Recoil\n|faint|p1a: Basculegion\n|move|p2a: Politoed|Earth Power|p1b: Sneasler\n|-supereffective|p1b: Sneasler|1\n|-damage|p1b: Sneasler|0 fnt\n|faint|p1b: Sneasler\n|\n|-weather|RainDance|[upkeep]\n|upkeep\n|\n|t:|1776421887\n|switch|p1b: Garchomp|Garchomp, L50, F|100/100\n|switch|p2b: Meowscarada|Meowscarada, L50, M, shiny|100/100\n|switch|p1a: Delphox|Delphox, L50, F, shiny|100/100\n|turn|4\n|\n|t:|1776421901\n|detailschange|p1a: Delphox|Delphox-Mega, L50, F, shiny\n|-mega|p1a: Delphox|Delphox|Delphoxite\n|move|p1a: Delphox|Protect|p1a: Delphox\n|-singleturn|p1a: Delphox|Protect\n|move|p2b: Meowscarada|Triple Axel|p1b: Garchomp\n|-start|p2b: Meowscarada|typechange|Ice|[from] ability: Protean\n|-supereffective|p1b: Garchomp|2\n|-damage|p1b: Garchomp|62/100\n|-damage|p2b: Meowscarada|88/100|[from] ability: Rough Skin|[of] p1b: Garchomp\n|-hitcount|p1b: Garchomp|1\n|move|p2a: Politoed|Weather Ball|p1a: Delphox\n|-activate|p1a: Delphox|move: Protect\n|move|p1b: Garchomp|Dragon Claw|p2b: Meowscarada\n|-damage|p2b: Meowscarada|25/100\n|\n|-weather|RainDance|[upkeep]\n|upkeep\n|turn|5\n|inactive|nanamixd has 30 seconds left.\n|inactive|daniperez19 has 30 seconds left.\n|inactive|daniperez19 has 20 seconds left.\n|\n|t:|1776421939\n|move|p1b: Garchomp|Protect|p1b: Garchomp\n|-singleturn|p1b: Garchomp|Protect\n|move|p2b: Meowscarada|Triple Axel|p1b: Garchomp\n|-activate|p1b: Garchomp|move: Protect\n|move|p1a: Delphox|Heat Wave|p2b: Meowscarada|[spread] p2a,p2b\n|-resisted|p2a: Politoed|1\n|-supereffective|p2b: Meowscarada|1\n|-damage|p2a: Politoed|92/100\n|-damage|p2b: Meowscarada|0 fnt\n|faint|p2b: Meowscarada\n|move|p2a: Politoed|Weather Ball|p1a: Delphox\n|-supereffective|p1a: Delphox|1\n|-damage|p1a: Delphox|17/100\n|\n|-weather|none\n|-heal|p2a: Politoed|98/100|[from] item: Leftovers\n|-sideend|p2: daniperez19|move: Tailwind\n|upkeep\n|turn|6\n|\n|t:|1776421960\n|move|p1a: Delphox|Psyshock|p2a: Politoed\n|-damage|p2a: Politoed|58/100\n|move|p1b: Garchomp|Dragon Claw|p2a: Politoed\n|-damage|p2a: Politoed|18/100\n|move|p2a: Politoed|Ice Beam|p1b: Garchomp\n|-supereffective|p1b: Garchomp|2\n|-damage|p1b: Garchomp|0 fnt\n|faint|p1b: Garchomp\n|\n|-heal|p2a: Politoed|24/100|[from] item: Leftovers\n|upkeep\n|turn|7\n|\n|t:|1776421971\n|move|p2a: Politoed|Protect|p2a: Politoed\n|-singleturn|p2a: Politoed|Protect\n|move|p1a: Delphox|Psyshock|p2a: Politoed\n|-activate|p2a: Politoed|move: Protect\n|\n|-heal|p2a: Politoed|30/100|[from] item: Leftovers\n|upkeep\n|turn|8\n|\n|t:|1776421986\n|move|p1a: Delphox|Psyshock|p2a: Politoed\n|-damage|p2a: Politoed|0 fnt\n|faint|p2a: Politoed\n|\n|win|nanamixd\n|raw|nanamixd's rating: 1100 &rarr; <strong>1122</strong><br />(+22 for winning)\n|raw|daniperez19's rating: 1061 &rarr; <strong>1044</strong><br />(-17 for losing)\n",
  "uploadtime": 1776421986,
  "views": 24,
  "formatid": "gen9championsvgc2026regma",
  "rating": 1044,
  "private": 0,
  "password": null
}