{
  "id": "gen9championsvgc2026regma-2582818452",
  "format": "[Gen 9 Champions] VGC 2026 Reg M-A",
  "players": [
    "sougaleo",
    "PlayingViking"
  ],
  "log": "|j|\u2606sougaleo\n|j|\u2606PlayingViking\n|t:|1776116450\n|gametype|doubles\n|player|p1|sougaleo|170|1000\n|player|p2|PlayingViking|101|1000\n|gen|9\n|tier|[Gen 9 Champions] VGC 2026 Reg M-A\n|rated|\n|rule|Species Clause: Limit one of each Pok\u00e9mon\n|rule|Item Clause: Limit 1 of each item\n|clearpoke\n|poke|p1|Tyranitar, L50, M|\n|poke|p1|Excadrill, L50, M|\n|poke|p1|Aggron, L50, M|\n|poke|p1|Whimsicott, L50, F|\n|poke|p1|Garchomp, L50, F|\n|poke|p1|Volcarona, L50, M|\n|poke|p2|Gyarados, L50, F|\n|poke|p2|Manectric, L50, M|\n|poke|p2|Gliscor, L50, F|\n|poke|p2|Tsareena, L50, F|\n|poke|p2|Aegislash, L50, F|\n|poke|p2|Rotom-Heat, L50|\n|teampreview|4\n|inactive|Battle timer is ON: inactive players will automatically lose when time's up. (requested by sougaleo)\n|\n|t:|1776116510\n|teamsize|p1|4\n|teamsize|p2|4\n|start\n|switch|p1a: Tyranitar|Tyranitar, L50, M|100/100\n|switch|p1b: Excadrill|Excadrill, L50, M|100/100\n|switch|p2a: Tsareena|Tsareena, L50, F|100/100\n|switch|p2b: Gyarados|Gyarados, L50, F|100/100\n|-ability|p2b: Gyarados|Intimidate|boost\n|-unboost|p1a: Tyranitar|atk|1\n|-unboost|p1b: Excadrill|atk|1\n|-weather|Sandstorm|[from] ability: Sand Stream|[of] p1a: Tyranitar\n|turn|1\n|inactive|PlayingViking has 30 seconds left.\n|\n|t:|1776116537\n|switch|p2b: Aegislash|Aegislash, L50, F|100/100\n|move|p2a: Tsareena|Protect|p2a: Tsareena\n|-singleturn|p2a: Tsareena|Protect\n|move|p1a: Tyranitar|Protect|p1a: Tyranitar\n|-singleturn|p1a: Tyranitar|Protect\n|move|p1b: Excadrill|Swords Dance|p1b: Excadrill\n|-boost|p1b: Excadrill|atk|2\n|\n|-weather|Sandstorm|[upkeep]\n|-damage|p2a: Tsareena|94/100|[from] Sandstorm\n|upkeep\n|turn|2\n|inactive|PlayingViking has 30 seconds left.\n|\n|t:|1776116562\n|move|p2b: Aegislash|Wide Guard|p2b: Aegislash\n|-singleturn|p2b: Aegislash|Wide Guard\n|move|p1b: Excadrill|Iron Head|p2a: Tsareena\n|-damage|p2a: Tsareena|24/100\n|cant|p2a: Tsareena|flinch\n|move|p1a: Tyranitar|Knock Off|p2b: Aegislash\n|-supereffective|p2b: Aegislash|1\n|-damage|p2b: Aegislash|42/100\n|-enditem|p2b: Aegislash|Spell Tag|[from] move: Knock Off|[of] p1a: Tyranitar\n|\n|-weather|Sandstorm|[upkeep]\n|-damage|p2a: Tsareena|18/100|[from] Sandstorm\n|upkeep\n|turn|3\n|inactive|PlayingViking has 30 seconds left.\n|\n|t:|1776116595\n|move|p1a: Tyranitar|Protect|p1a: Tyranitar\n|-singleturn|p1a: Tyranitar|Protect\n|move|p2b: Aegislash|King's Shield||[still]\n|-fail|p2b: Aegislash\n|move|p1b: Excadrill|Earthquake|p2b: Aegislash|[spread] p2a,p2b\n|-activate|p1a: Tyranitar|move: Protect\n|-resisted|p2a: Tsareena|1\n|-supereffective|p2b: Aegislash|1\n|-damage|p2a: Tsareena|0 fnt\n|-damage|p2b: Aegislash|0 fnt\n|faint|p2a: Tsareena\n|faint|p2b: Aegislash\n|\n|-weather|Sandstorm|[upkeep]\n|upkeep\n|\n|t:|1776116606\n|switch|p2a: Gliscor|Gliscor, L50, F|100/100\n|switch|p2b: Gyarados|Gyarados, L50, F|100/100\n|-ability|p2b: Gyarados|Intimidate|boost\n|-unboost|p1a: Tyranitar|atk|1\n|-unboost|p1b: Excadrill|atk|1\n|turn|4\n|inactive|PlayingViking has 30 seconds left.\n|\n|t:|1776116638\n|move|p2b: Gyarados|Protect|p2b: Gyarados\n|-singleturn|p2b: Gyarados|Protect\n|move|p1b: Excadrill|Iron Head|p2b: Gyarados\n|-activate|p2b: Gyarados|move: Protect\n|move|p2a: Gliscor|Earthquake|p1b: Excadrill|[spread] p1a,p1b\n|-activate|p2b: Gyarados|move: Protect\n|-supereffective|p1a: Tyranitar|1\n|-supereffective|p1b: Excadrill|1\n|-damage|p1a: Tyranitar|57/100\n|-damage|p1b: Excadrill|35/100\n|move|p1a: Tyranitar|Knock Off|p2a: Gliscor\n|-damage|p2a: Gliscor|82/100\n|-enditem|p2a: Gliscor|Yache Berry|[from] move: Knock Off|[of] p1a: Tyranitar\n|\n|-weather|Sandstorm|[upkeep]\n|-damage|p2b: Gyarados|95/100|[from] Sandstorm\n|-heal|p1b: Excadrill|40/100|[from] item: Leftovers\n|upkeep\n|turn|5\n|inactive|sougaleo has 30 seconds left.\n|inactive|PlayingViking has 30 seconds left.\n|\n|t:|1776116664\n|move|p1b: Excadrill|Iron Head|p2b: Gyarados\n|-resisted|p2b: Gyarados|1\n|-crit|p2b: Gyarados\n|-damage|p2b: Gyarados|56/100\n|move|p2a: Gliscor|Earthquake|p1b: Excadrill|[spread] p1a,p1b\n|-immune|p2b: Gyarados\n|-supereffective|p1a: Tyranitar|1\n|-supereffective|p1b: Excadrill|1\n|-damage|p1a: Tyranitar|18/100\n|-damage|p1b: Excadrill|0 fnt\n|-enditem|p1a: Tyranitar|Sitrus Berry|[eat]\n|-heal|p1a: Tyranitar|43/100|[from] item: Sitrus Berry\n|faint|p1b: Excadrill\n|move|p2b: Gyarados|Icy Wind|p1a: Tyranitar\n|-damage|p1a: Tyranitar|39/100\n|-unboost|p1a: Tyranitar|spe|1\n|move|p1a: Tyranitar|Stone Edge|p2a: Gliscor\n|-crit|p2a: Gliscor\n|-damage|p2a: Gliscor|31/100\n|\n|-weather|none\n|upkeep\n|\n|t:|1776116683\n|switch|p1b: Aggron|Aggron, L50, M|100/100\n|turn|6\n|\n|t:|1776116696\n|detailschange|p1b: Aggron|Aggron-Mega, L50, M\n|-mega|p1b: Aggron|Aggron|Aggronite\n|move|p1a: Tyranitar|Protect|p1a: Tyranitar\n|-singleturn|p1a: Tyranitar|Protect\n|move|p2a: Gliscor|Earthquake|p1a: Tyranitar|[spread] p1b\n|-activate|p1a: Tyranitar|move: Protect\n|-immune|p2b: Gyarados\n|-supereffective|p1b: Aggron|1\n|-damage|p1b: Aggron|83/100\n|move|p2b: Gyarados|Waterfall|p1a: Tyranitar\n|-activate|p1a: Tyranitar|move: Protect\n|move|p1b: Aggron|Iron Defense|p1b: Aggron\n|-boost|p1b: Aggron|def|2\n|\n|upkeep\n|turn|7\n|\n|t:|1776116719\n|move|p2a: Gliscor|Earthquake|p1a: Tyranitar|[spread] p1a,p1b\n|-immune|p2b: Gyarados\n|-supereffective|p1a: Tyranitar|1\n|-supereffective|p1b: Aggron|1\n|-damage|p1a: Tyranitar|0 fnt\n|-damage|p1b: Aggron|77/100\n|faint|p1a: Tyranitar\n|move|p2b: Gyarados|Thunder Wave|p1b: Aggron\n|-status|p1b: Aggron|par\n|move|p1b: Aggron|Heavy Slam|p2b: Gyarados\n|-resisted|p2b: Gyarados|1\n|-damage|p2b: Gyarados|47/100\n|-enditem|p2b: Gyarados|Sitrus Berry|[eat]\n|-heal|p2b: Gyarados|71/100|[from] item: Sitrus Berry\n|\n|upkeep\n|\n|t:|1776116732\n|switch|p1a: Volcarona|Volcarona, L50, M|100/100\n|turn|8\n|\n|t:|1776116753\n|move|p2b: Gyarados|Protect|p2b: Gyarados\n|-singleturn|p2b: Gyarados|Protect\n|move|p1a: Volcarona|Quiver Dance|p1a: Volcarona\n|-boost|p1a: Volcarona|spa|1\n|-boost|p1a: Volcarona|spd|1\n|-boost|p1a: Volcarona|spe|1\n|move|p2a: Gliscor|Rock Slide|p1b: Aggron|[spread] p1a,p1b\n|-supereffective|p1a: Volcarona|2\n|-resisted|p1b: Aggron|1\n|-damage|p1a: Volcarona|24/100\n|-damage|p1b: Aggron|76/100 par\n|move|p1b: Aggron|Body Press|p2a: Gliscor\n|-resisted|p2a: Gliscor|1\n|-damage|p2a: Gliscor|5/100\n|\n|upkeep\n|turn|9\n|inactive|sougaleo has 30 seconds left.\n|\n|t:|1776116781\n|move|p1a: Volcarona|Fiery Dance|p2a: Gliscor\n|-damage|p2a: Gliscor|0 fnt\n|-boost|p1a: Volcarona|spa|1\n|faint|p2a: Gliscor\n|move|p2b: Gyarados|Waterfall|p1a: Volcarona\n|-supereffective|p1a: Volcarona|1\n|-damage|p1a: Volcarona|0 fnt\n|faint|p1a: Volcarona\n|move|p1b: Aggron|Body Press|p2b: Gyarados\n|-resisted|p2b: Gyarados|1\n|-damage|p2b: Gyarados|22/100\n|\n|upkeep\n|turn|10\n|\n|t:|1776116795\n|move|p2b: Gyarados|Waterfall|p1b: Aggron\n|-damage|p1b: Aggron|69/100 par\n|move|p1b: Aggron|Body Press|p2b: Gyarados\n|-resisted|p2b: Gyarados|1\n|-damage|p2b: Gyarados|0 fnt\n|faint|p2b: Gyarados\n|\n|win|sougaleo\n|raw|sougaleo's rating: 1000 &rarr; <strong>1040</strong><br />(+40 for winning)\n|raw|PlayingViking's rating: 1000 &rarr; <strong>1000</strong><br />(+0 for losing)\n|c|\u2606sougaleo|gg\n",
  "uploadtime": 1776116803,
  "views": 15,
  "formatid": "gen9championsvgc2026regma",
  "rating": 1000,
  "private": 0,
  "password": null
}