{
  "id": "gen9championsvgc2026regma-2588869065",
  "format": "[Gen 9 Champions] VGC 2026 Reg M-A",
  "players": [
    "BlackWu",
    "kigighf"
  ],
  "log": "|j|\u2606BlackWu\n|j|\u2606kigighf\n|t:|1776680574\n|gametype|doubles\n|player|p1|BlackWu|2|1333\n|player|p2|kigighf|265|1279\n|gen|9\n|tier|[Gen 9 Champions] VGC 2026 Reg M-A\n|rated|\n|rule|Species Clause: Limit one of each Pok\u00e9mon\n|rule|Item Clause: Limit 1 of each item\n|clearpoke\n|poke|p1|Tyranitar, L50, F|\n|poke|p1|Sneasler, L50, F|\n|poke|p1|Gyarados, L50, F, shiny|\n|poke|p1|Goodra-Hisui, L50, M|\n|poke|p1|Sinistcha, L50|\n|poke|p1|Farigiraf, L50, F|\n|poke|p2|Floette-Eternal, L50, F|\n|poke|p2|Sinistcha, L50|\n|poke|p2|Incineroar, L50, M, shiny|\n|poke|p2|Aerodactyl, L50, M|\n|poke|p2|Sneasler, L50, F|\n|poke|p2|Basculegion, L50, M|\n|teampreview|4\nkigighf rejected open team sheets.\n|inactive|Battle timer is ON: inactive players will automatically lose when time's up. (requested by kigighf)\n|\n|t:|1776680623\n|teamsize|p1|4\n|teamsize|p2|4\n|start\n|switch|p1a: Goodra|Goodra-Hisui, L50, M|100/100\n|switch|p1b: Gyarados|Gyarados, L50, F, shiny|100/100\n|switch|p2a: Floette|Floette-Eternal, L50, F|100/100\n|switch|p2b: Basculegion|Basculegion, L50, M|100/100\n|-ability|p1b: Gyarados|Intimidate|boost\n|-unboost|p2a: Floette|atk|1\n|-unboost|p2b: Basculegion|atk|1\n|turn|1\n|inactive|kigighf has 30 seconds left.\n|inactive|kigighf has 20 seconds left.\n|\n|t:|1776680660\n|detailschange|p2a: Floette|Floette-Mega, L50, F\n|-mega|p2a: Floette|Floette|Floettite\n|-ability|p2a: Floette|Fairy Aura\n|move|p2b: Basculegion|Flip Turn|p1b: Gyarados\n|-resisted|p1b: Gyarados|1\n|-damage|p1b: Gyarados|90/100\n|\n|t:|1776680666\n|switch|p2b: Incineroar|Incineroar, L50, M, shiny|100/100|[from] Flip Turn\n|-ability|p2b: Incineroar|Intimidate|boost\n|-unboost|p1a: Goodra|atk|1\n|-unboost|p1b: Gyarados|atk|1\n|move|p2a: Floette|Dazzling Gleam|p1a: Goodra|[spread] p1a,p1b\n|-damage|p1a: Goodra|72/100\n|-damage|p1b: Gyarados|48/100\n|-enditem|p1b: Gyarados|Sitrus Berry|[eat]\n|-heal|p1b: Gyarados|73/100|[from] item: Sitrus Berry\n|move|p1b: Gyarados|Icy Wind|p2b: Incineroar|[spread] p2a,p2b\n|-resisted|p2b: Incineroar|1\n|-damage|p2a: Floette|95/100\n|-damage|p2b: Incineroar|98/100\n|-unboost|p2a: Floette|spe|1\n|-unboost|p2b: Incineroar|spe|1\n|move|p1a: Goodra|Heavy Slam|p2a: Floette\n|-supereffective|p2a: Floette|1\n|-damage|p2a: Floette|46/100\n|\n|-heal|p1a: Goodra|78/100|[from] item: Leftovers\n|upkeep\n|turn|2\n|inactive|kigighf has 30 seconds left.\n|\n|t:|1776680698\n|move|p2b: Incineroar|Fake Out|p1a: Goodra\n|-resisted|p1a: Goodra|1\n|-damage|p1a: Goodra|74/100\n|move|p2a: Floette|Moonblast|p1b: Gyarados\n|-damage|p1b: Gyarados|9/100\n|move|p1b: Gyarados|Icy Wind|p2a: Floette|[spread] p2a,p2b\n|-resisted|p2b: Incineroar|1\n|-damage|p2a: Floette|41/100\n|-damage|p2b: Incineroar|96/100\n|-unboost|p2a: Floette|spe|1\n|-unboost|p2b: Incineroar|spe|1\n|cant|p1a: Goodra|flinch\n|\n|-heal|p1a: Goodra|80/100|[from] item: Leftovers\n|upkeep\n|turn|3\n|\n|t:|1776680714\n|switch|p2a: Basculegion|Basculegion, L50, M|100/100\n|move|p1b: Gyarados|Waterfall|p2a: Basculegion\n|-resisted|p2a: Basculegion|1\n|-damage|p2a: Basculegion|84/100\n|move|p1a: Goodra|Body Press|p2b: Incineroar\n|-supereffective|p2b: Incineroar|1\n|-enditem|p2b: Incineroar|Chople Berry|[eat]\n|-enditem|p2b: Incineroar|Chople Berry|[weaken]\n|-damage|p2b: Incineroar|74/100\n|move|p2b: Incineroar|Will-O-Wisp|p1a: Goodra\n|-status|p1a: Goodra|brn\n|\n|-heal|p1a: Goodra|86/100 brn|[from] item: Leftovers\n|-damage|p1a: Goodra|80/100 brn|[from] brn\n|upkeep\n|turn|4\n|inactive|BlackWu has 30 seconds left.\n|\n|t:|1776680740\n|switch|p1b: Sinistcha|Sinistcha, L50|100/100\n|-heal|p1a: Goodra|100/100 brn|[from] ability: Hospitality|[of] p1b: Sinistcha\n|move|p2a: Basculegion|Flip Turn|p1b: Sinistcha\n|-resisted|p1b: Sinistcha|1\n|-damage|p1b: Sinistcha|84/100\n|\n|t:|1776680746\n|switch|p2a: Floette|Floette-Mega, L50, F|41/100|[from] Flip Turn\n|-ability|p2a: Floette|Fairy Aura\n|move|p1a: Goodra|Shelter|p1a: Goodra\n|-boost|p1a: Goodra|def|2\n|move|p2b: Incineroar|Parting Shot|p1a: Goodra\n|-unboost|p1a: Goodra|atk|1\n|-unboost|p1a: Goodra|spa|1\n|\n|t:|1776680759\n|switch|p2b: Basculegion|Basculegion, L50, M|84/100|[from] Parting Shot\n|\n|-damage|p1a: Goodra|95/100 brn|[from] brn\n|upkeep\n|turn|5\n|inactive|BlackWu has 30 seconds left.\n|inactive|BlackWu has 20 seconds left.\n|inactive|BlackWu has 15 seconds left.\n|\n|t:|1776680799\n|move|p1b: Sinistcha|Protect|p1b: Sinistcha\n|-singleturn|p1b: Sinistcha|Protect\n|move|p2b: Basculegion|Flip Turn|p1b: Sinistcha\n|-activate|p1b: Sinistcha|move: Protect\n|move|p2a: Floette|Moonblast|p1b: Sinistcha\n|-activate|p1b: Sinistcha|move: Protect\n|move|p1a: Goodra|Heavy Slam|p2a: Floette\n|-supereffective|p2a: Floette|1\n|-damage|p2a: Floette|21/100\n|\n|-heal|p1a: Goodra|100/100 brn|[from] item: Leftovers\n|-damage|p1a: Goodra|95/100 brn|[from] brn\n|upkeep\n|turn|6\n|inactive|BlackWu has 30 seconds left.\n|inactive|BlackWu has 20 seconds left.\n|inactive|BlackWu has 15 seconds left.\n|\n|t:|1776680844\n|move|p2b: Basculegion|Flip Turn|p1b: Sinistcha\n|-resisted|p1b: Sinistcha|1\n|-damage|p1b: Sinistcha|67/100\n|\n|t:|1776680848\n|switch|p2b: Incineroar|Incineroar, L50, M, shiny|74/100|[from] Flip Turn\n|-ability|p2b: Incineroar|Intimidate|boost\n|-unboost|p1a: Goodra|atk|1\n|-unboost|p1b: Sinistcha|atk|1\n|move|p2a: Floette|Moonblast|p1b: Sinistcha\n|-damage|p1b: Sinistcha|0 fnt\n|faint|p1b: Sinistcha\n|move|p1a: Goodra|Shelter|p1a: Goodra\n|-boost|p1a: Goodra|def|2\n|\n|-heal|p1a: Goodra|100/100 brn|[from] item: Leftovers\n|-damage|p1a: Goodra|95/100 brn|[from] brn\n|upkeep\n|\n|t:|1776680863\n|switch|p1b: Sneasler|Sneasler, L50, F|100/100\n|turn|7\n|inactive|kigighf has 30 seconds left.\n|\n|t:|1776680893\n|switch|p2a: Sneasler|Sneasler, L50, F|100/100\n|switch|p2b: Basculegion|Basculegion, L50, M|84/100\n|move|p1b: Sneasler|Fake Out|p2b: Basculegion\n|-immune|p2b: Basculegion\n|move|p1a: Goodra|Heavy Slam|p2a: Sneasler\n|-damage|p2a: Sneasler|87/100\n|\n|-heal|p1a: Goodra|100/100 brn|[from] item: Leftovers\n|-damage|p1a: Goodra|95/100 brn|[from] brn\n|upkeep\n|turn|8\n|\n|t:|1776680917\n|switch|p1b: Gyarados|Gyarados, L50, F, shiny|9/100\n|-ability|p1b: Gyarados|Intimidate|boost\n|-unboost|p2a: Sneasler|atk|1\n|-unboost|p2b: Basculegion|atk|1\n|-enditem|p2a: Sneasler|White Herb\n|-clearnegativeboost|p2a: Sneasler|[silent]\n|move|p2a: Sneasler|Close Combat|p1a: Goodra\n|-supereffective|p1a: Goodra|1\n|-damage|p1a: Goodra|65/100 brn\n|-unboost|p2a: Sneasler|def|1\n|-unboost|p2a: Sneasler|spd|1\n|move|p2b: Basculegion|Wave Crash|p1b: Gyarados\n|-resisted|p1b: Gyarados|1\n|-damage|p1b: Gyarados|0 fnt\n|faint|p1b: Gyarados\n|-damage|p2b: Basculegion|81/100|[from] Recoil\n|move|p1a: Goodra|Body Press|p2a: Sneasler\n|-resisted|p2a: Sneasler|1\n|-damage|p2a: Sneasler|39/100\n|\n|-heal|p1a: Goodra|71/100 brn|[from] item: Leftovers\n|-damage|p1a: Goodra|65/100 brn|[from] brn\n|upkeep\n|\n|t:|1776680935\n|switch|p1b: Sneasler|Sneasler, L50, F|100/100\n|turn|9\n|\n|t:|1776680945\n|switch|p2b: Incineroar|Incineroar, L50, M, shiny|74/100\n|-ability|p2b: Incineroar|Intimidate|boost\n|-unboost|p1a: Goodra|atk|1\n|-unboost|p1b: Sneasler|atk|1\n|-enditem|p1b: Sneasler|White Herb\n|-clearnegativeboost|p1b: Sneasler|[silent]\n|move|p2a: Sneasler|Protect|p2a: Sneasler\n|-singleturn|p2a: Sneasler|Protect\n|move|p1b: Sneasler|Throat Chop|p2b: Incineroar\n|-resisted|p2b: Incineroar|1\n|-damage|p2b: Incineroar|62/100\n|-start|p2b: Incineroar|Throat Chop|[silent]\n|move|p1a: Goodra|Heavy Slam|p2a: Sneasler\n|-activate|p2a: Sneasler|move: Protect\n|\n|-heal|p1a: Goodra|71/100 brn|[from] item: Leftovers\n|-damage|p1a: Goodra|65/100 brn|[from] brn\n|upkeep\n|turn|10\n|\n|t:|1776680966\n|move|p2b: Incineroar|Fake Out|p1b: Sneasler\n|-damage|p1b: Sneasler|81/100\n|move|p2a: Sneasler|Close Combat|p1a: Goodra\n|-supereffective|p1a: Goodra|1\n|-damage|p1a: Goodra|36/100 brn\n|-unboost|p2a: Sneasler|def|1\n|-unboost|p2a: Sneasler|spd|1\n|cant|p1b: Sneasler|flinch\n|move|p1a: Goodra|Body Press|p2b: Incineroar\n|-supereffective|p2b: Incineroar|1\n|-damage|p2b: Incineroar|0 fnt\n|faint|p2b: Incineroar\n|\n|-heal|p1a: Goodra|42/100 brn|[from] item: Leftovers\n|-damage|p1a: Goodra|36/100 brn|[from] brn\n|upkeep\n|\n|t:|1776680971\n|switch|p2b: Basculegion|Basculegion, L50, M|81/100\n|turn|11\n|\n|t:|1776680984\n|move|p2a: Sneasler|Close Combat|p1a: Goodra\n|-supereffective|p1a: Goodra|1\n|-damage|p1a: Goodra|4/100 brn\n|-unboost|p2a: Sneasler|def|1\n|-unboost|p2a: Sneasler|spd|1\n|move|p1b: Sneasler|Throat Chop|p2b: Basculegion\n|-supereffective|p2b: Basculegion|1\n|-damage|p2b: Basculegion|8/100\n|-start|p2b: Basculegion|Throat Chop|[silent]\n|move|p2b: Basculegion|Wave Crash|p1b: Sneasler\n|-damage|p1b: Sneasler|0 fnt\n|faint|p1b: Sneasler\n|-damage|p2b: Basculegion|0 fnt|[from] Recoil\n|faint|p2b: Basculegion\n|move|p1a: Goodra|Body Press|p2a: Sneasler\n|-resisted|p2a: Sneasler|1\n|-damage|p2a: Sneasler|0 fnt\n|faint|p2a: Sneasler\n|\n|-heal|p1a: Goodra|10/100 brn|[from] item: Leftovers\n|-damage|p1a: Goodra|4/100 brn|[from] brn\n|upkeep\n|\n|t:|1776680994\n|switch|p2b: Floette|Floette-Mega, L50, F|21/100\n|-ability|p2b: Floette|Fairy Aura\n|turn|12\n|\n|t:|1776680997\n|move|p2b: Floette|Moonblast|p1a: Goodra\n|-damage|p1a: Goodra|0 fnt\n|faint|p1a: Goodra\n|\n|win|kigighf\n|raw|BlackWu's rating: 1333 &rarr; <strong>1310</strong><br />(-23 for losing)\n|raw|kigighf's rating: 1279 &rarr; <strong>1308</strong><br />(+29 for winning)\n",
  "uploadtime": 1776680999,
  "views": 9,
  "formatid": "gen9championsvgc2026regma",
  "rating": 1308,
  "private": 0,
  "password": null
}