{
  "id": "gen9championsvgc2026regma-2580941323",
  "format": "[Gen 9 Champions] VGC 2026 Reg M-A",
  "players": [
    "CaraTheShark",
    "hbee6902"
  ],
  "log": "|j|\u2606CaraTheShark\n|j|\u2606hbee6902\n|t:|1775945220\n|gametype|doubles\n|player|p1|CaraTheShark|hilda|1071\n|player|p2|hbee6902|dawn-gen4pt|1108\n|gen|9\n|tier|[Gen 9 Champions] VGC 2026 Reg M-A\n|rated|\n|rule|Species Clause: Limit one of each Pok\u00e9mon\n|rule|Item Clause: Limit 1 of each item\n|clearpoke\n|poke|p1|Garchomp, L50, M|\n|poke|p1|Whimsicott, L50, M|\n|poke|p1|Charizard, L50, F|\n|poke|p1|Incineroar, L50, F|\n|poke|p1|Meowscarada, L50, M|\n|poke|p1|Kingambit, L50, M|\n|poke|p2|Incineroar, L50, F|\n|poke|p2|Drampa, L50, F|\n|poke|p2|Mimikyu, L50, F|\n|poke|p2|Kangaskhan, L50, F|\n|poke|p2|Empoleon, L50, M|\n|poke|p2|Crabominable, L50, M|\n|teampreview|4\n|\n|t:|1775945293\n|teamsize|p1|4\n|teamsize|p2|4\n|start\n|switch|p1a: Kingambit|Kingambit, L50, M|100/100\n|switch|p1b: Whimsicott|Whimsicott, L50, M|100/100\n|switch|p2a: Kangaskhan|Kangaskhan, L50, F|100/100\n|switch|p2b: Mimikyu|Mimikyu, L50, F|100/100\n|turn|1\n|\n|t:|1775945319\n|switch|p1b: Incineroar|Incineroar, L50, F|100/100\n|-ability|p1b: Incineroar|Intimidate|boost\n|-fail|p2a: Kangaskhan|unboost|Attack|[from] ability: Scrappy|[of] p2a: Kangaskhan\n|-unboost|p2b: Mimikyu|atk|1\n|move|p2a: Kangaskhan|Fake Out|p1a: Kingambit\n|-resisted|p1a: Kingambit|1\n|-damage|p1a: Kingambit|93/100\n|cant|p1a: Kingambit|flinch\n|move|p2b: Mimikyu|Trick Room|p2b: Mimikyu\n|-fieldstart|move: Trick Room|[of] p2b: Mimikyu\n|\n|upkeep\n|turn|2\n|\n|t:|1775945335\n|move|p2a: Kangaskhan|Protect|p2a: Kangaskhan\n|-singleturn|p2a: Kangaskhan|Protect\n|move|p1b: Incineroar|Fake Out|p2a: Kangaskhan\n|-activate|p2a: Kangaskhan|move: Protect\n|move|p1a: Kingambit|Iron Head|p2b: Mimikyu\n|-activate|p2b: Mimikyu|ability: Disguise\n|-damage|p2b: Mimikyu|100/100\n|detailschange|p2b: Mimikyu|Mimikyu-Busted, L50, F\n|-damage|p2b: Mimikyu|88/100|[from] pokemon: Mimikyu-Busted\n|move|p2b: Mimikyu|Charm|p1b: Incineroar\n|-unboost|p1b: Incineroar|atk|2\n|\n|upkeep\n|turn|3\n|\n|t:|1775945355\n|switch|p1a: Whimsicott|Whimsicott, L50, M|100/100\n|switch|p2a: Empoleon|Empoleon, L50, M|100/100\n|switch|p2b: Drampa|Drampa, L50, F|100/100\n|-ability|p2b: Drampa|Cloud Nine\n|move|p1b: Incineroar|Parting Shot|p2a: Empoleon\n|-unboost|p2a: Empoleon|atk|1\n|-ability|p2a: Empoleon|Competitive|boost\n|-boost|p2a: Empoleon|spa|2\n|-unboost|p2a: Empoleon|spa|1\n|-ability|p2a: Empoleon|Competitive|boost\n|-boost|p2a: Empoleon|spa|2\n|\n|t:|1775945371\n|switch|p1b: Kingambit|Kingambit, L50, M|93/100|[from] Parting Shot\n|\n|upkeep\n|turn|4\n|\n|t:|1775945391\n|move|p2b: Drampa|Protect|p2b: Drampa\n|-singleturn|p2b: Drampa|Protect\n|move|p2a: Empoleon|Surf|p1b: Kingambit|[spread] p1a,p1b\n|-activate|p2b: Drampa|move: Protect\n|-resisted|p1a: Whimsicott|1\n|-damage|p1a: Whimsicott|28/100\n|-damage|p1b: Kingambit|3/100\n|move|p1b: Kingambit|Kowtow Cleave|p2a: Empoleon\n|-damage|p2a: Empoleon|51/100\n|move|p1a: Whimsicott|Moonblast|p2b: Drampa\n|-activate|p2b: Drampa|move: Protect\n|\n|upkeep\n|turn|5\n|\n|t:|1775945431\n|detailschange|p2b: Drampa|Drampa-Mega, L50, F\n|-mega|p2b: Drampa|Drampa|Drampanite\n|move|p1a: Whimsicott|Protect|p1a: Whimsicott\n|-singleturn|p1a: Whimsicott|Protect\n|move|p1b: Kingambit|Protect|p1b: Kingambit\n|-singleturn|p1b: Kingambit|Protect\n|move|p2b: Drampa|Hyper Voice|p1b: Kingambit|[spread] \n|-activate|p1a: Whimsicott|move: Protect\n|-activate|p1b: Kingambit|move: Protect\n|move|p2a: Empoleon|Surf|p1a: Whimsicott|[spread] p2b\n|-activate|p1a: Whimsicott|move: Protect\n|-activate|p1b: Kingambit|move: Protect\n|-resisted|p2b: Drampa|1\n|-damage|p2b: Drampa|62/100\n|\n|-fieldend|move: Trick Room\n|upkeep\n|turn|6\n|\n|t:|1775945454\n|switch|p2b: Mimikyu|Mimikyu-Busted, L50, F|88/100\n|move|p1a: Whimsicott|Tailwind|p1a: Whimsicott\n|-sidestart|p1: CaraTheShark|move: Tailwind\n|move|p1b: Kingambit|Sucker Punch|p2a: Empoleon\n|-damage|p2a: Empoleon|9/100\n|move|p2a: Empoleon|Flash Cannon|p1b: Kingambit\n|-resisted|p1b: Kingambit|1\n|-damage|p1b: Kingambit|0 fnt\n|faint|p1b: Kingambit\n|\n|upkeep\n|\n|t:|1775945467\n|switch|p1b: Incineroar|Incineroar, L50, F|100/100\n|-ability|p1b: Incineroar|Intimidate|boost\n|-unboost|p2a: Empoleon|atk|1\n|-ability|p2a: Empoleon|Competitive|boost\n|-boost|p2a: Empoleon|spa|2\n|-unboost|p2b: Mimikyu|atk|1\n|turn|7\n|\n|t:|1775945501\n|move|p2a: Empoleon|Protect|p2a: Empoleon\n|-singleturn|p2a: Empoleon|Protect\n|move|p1b: Incineroar|Fake Out|p2a: Empoleon\n|-activate|p2a: Empoleon|move: Protect\n|move|p1a: Whimsicott|Moonblast|p2b: Mimikyu\n|-damage|p2b: Mimikyu|58/100\n|move|p2b: Mimikyu|Trick Room|p2b: Mimikyu\n|-fieldstart|move: Trick Room|[of] p2b: Mimikyu\n|\n|upkeep\n|turn|8\n|\n|t:|1775945527\n|move|p1a: Whimsicott|Protect|p1a: Whimsicott\n|-singleturn|p1a: Whimsicott|Protect\n|move|p2a: Empoleon|Surf|p1b: Incineroar|[spread] p2b,p1b\n|-activate|p1a: Whimsicott|move: Protect\n|-supereffective|p1b: Incineroar|1\n|-damage|p2b: Mimikyu|0 fnt\n|-damage|p1b: Incineroar|0 fnt\n|faint|p2b: Mimikyu\n|faint|p1b: Incineroar\n|\n|upkeep\n|\n|t:|1775945537\n|switch|p1b: Charizard|Charizard, L50, F|100/100\n|switch|p2b: Kangaskhan|Kangaskhan, L50, F|100/100\n|turn|9\n|\n|t:|1775945560\n|detailschange|p1b: Charizard|Charizard-Mega-Y, L50, F\n|-mega|p1b: Charizard|Charizard|Charizardite Y\n|-weather|SunnyDay|[from] ability: Drought|[of] p1b: Charizard\n|move|p1b: Charizard|Protect|p1b: Charizard\n|-singleturn|p1b: Charizard|Protect\n|move|p2b: Kangaskhan|Fake Out|p1a: Whimsicott\n|-damage|p1a: Whimsicott|0 fnt\n|faint|p1a: Whimsicott\n|move|p2a: Empoleon|Surf|p1b: Charizard|[spread] p2b\n|-activate|p1b: Charizard|move: Protect\n|-damage|p2b: Kangaskhan|40/100\n|\n|-weather|SunnyDay|[upkeep]\n|-heal|p2b: Kangaskhan|46/100|[from] item: Leftovers\n|-sideend|p1: CaraTheShark|move: Tailwind\n|upkeep\n|turn|10\n|\n|t:|1775945590\n|move|p2b: Kangaskhan|Helping Hand|p2a: Empoleon\n|-singleturn|p2a: Empoleon|Helping Hand|[of] p2b: Kangaskhan\n|move|p2a: Empoleon|Surf|p1b: Charizard|[spread] p2b,p1b\n|-supereffective|p1b: Charizard|1\n|-damage|p2b: Kangaskhan|0 fnt\n|-damage|p1b: Charizard|0 fnt\n|faint|p2b: Kangaskhan\n|faint|p1b: Charizard\n|\n|win|hbee6902\n|raw|CaraTheShark's rating: 1071 &rarr; <strong>1053</strong><br />(-18 for losing)\n|raw|hbee6902's rating: 1108 &rarr; <strong>1130</strong><br />(+22 for winning)\n|l|\u2606CaraTheShark\n|player|p1|\n|l|\u2606hbee6902\n|player|p2|\n|j|\u2606hbee6902\n|player|p2|hbee6902|dawn-gen4pt|\n",
  "uploadtime": 1775945746,
  "views": 13,
  "formatid": "gen9championsvgc2026regma",
  "rating": 1053,
  "private": 0,
  "password": null
}