{
  "id": "gen9championsvgc2026regma-2586865589",
  "format": "[Gen 9 Champions] VGC 2026 Reg M-A",
  "players": [
    "Jackal.dd",
    "Mob777"
  ],
  "log": "|j|\u2606Jackal.dd\n|j|\u2606Mob777\n|t:|1776466602\n|gametype|doubles\n|player|p1|Jackal.dd|cheryl|1056\n|player|p2|Mob777|veteran|1130\n|gen|9\n|tier|[Gen 9 Champions] VGC 2026 Reg M-A\n|rated|\n|rule|Species Clause: Limit one of each Pok\u00e9mon\n|rule|Item Clause: Limit 1 of each item\n|clearpoke\n|poke|p1|Froslass, L50, F|\n|poke|p1|Rotom-Frost, L50|\n|poke|p1|Garchomp, L50, F|\n|poke|p1|Incineroar, L50, F|\n|poke|p1|Empoleon, L50, F|\n|poke|p1|Kingambit, L50, F|\n|poke|p2|Gardevoir, L50, M|\n|poke|p2|Aegislash, L50, F|\n|poke|p2|Hydreigon, L50, M|\n|poke|p2|Tauros-Paldea-Aqua, L50, M|\n|poke|p2|Aerodactyl, L50, F|\n|poke|p2|Rotom-Heat, L50|\n|teampreview|4\n|\n|t:|1776466617\n|teamsize|p1|4\n|teamsize|p2|4\n|start\n|switch|p1a: Incineroar|Incineroar, L50, F|100/100\n|switch|p1b: Kingambit|Kingambit, L50, F|100/100\n|switch|p2a: Aerodactyl|Aerodactyl, L50, F|100/100\n|switch|p2b: Rotom|Rotom-Heat, L50|100/100\n|-ability|p2a: Aerodactyl|Unnerve\n|-ability|p1a: Incineroar|Intimidate|boost\n|-unboost|p2a: Aerodactyl|atk|1\n|-unboost|p2b: Rotom|atk|1\n|turn|1\n|\n|t:|1776466635\n|move|p2a: Aerodactyl|Protect|p2a: Aerodactyl\n|-singleturn|p2a: Aerodactyl|Protect\n|move|p1a: Incineroar|Fake Out|p2b: Rotom\n|-damage|p2b: Rotom|84/100\n|cant|p2b: Rotom|flinch\n|move|p1b: Kingambit|Iron Head|p2a: Aerodactyl\n|-activate|p2a: Aerodactyl|move: Protect\n|\n|upkeep\n|turn|2\n|\n|t:|1776466649\n|move|p2b: Rotom|Overheat|p1b: Kingambit\n|-supereffective|p1b: Kingambit|1\n|-enditem|p1b: Kingambit|Focus Sash\n|-damage|p1b: Kingambit|1/100\n|-unboost|p2b: Rotom|spa|2\n|move|p2a: Aerodactyl|Tailwind|p2a: Aerodactyl\n|-sidestart|p2: Mob777|move: Tailwind\n|move|p1b: Kingambit|Iron Head|p2a: Aerodactyl\n|-supereffective|p2a: Aerodactyl|1\n|-enditem|p2a: Aerodactyl|Focus Sash\n|-damage|p2a: Aerodactyl|1/100\n|move|p1a: Incineroar|Parting Shot|p2a: Aerodactyl\n|-unboost|p2a: Aerodactyl|atk|1\n|-unboost|p2a: Aerodactyl|spa|1\n|\n|t:|1776466670\n|switch|p1a: Froslass|Froslass, L50, F|100/100|[from] Parting Shot\n|\n|upkeep\n|turn|3\n|\n|t:|1776466683\n|switch|p2b: Aegislash|Aegislash, L50, F|100/100\n|move|p1a: Froslass|Protect|p1a: Froslass\n|-singleturn|p1a: Froslass|Protect\n|move|p1b: Kingambit|Sucker Punch|p2a: Aerodactyl\n|-damage|p2a: Aerodactyl|0 fnt\n|faint|p2a: Aerodactyl\n|\n|upkeep\n|\n|t:|1776466693\n|switch|p2a: Gardevoir|Gardevoir, L50, M, shiny|100/100\n|turn|4\n|\n|t:|1776466701\n|switch|p1a: Rotom|Rotom-Frost, L50|100/100\n|detailschange|p2a: Gardevoir|Gardevoir-Mega, L50, M, shiny\n|-mega|p2a: Gardevoir|Gardevoir|Gardevoirite\n|move|p2a: Gardevoir|Hyper Voice|p1a: Rotom|[spread] p1a,p1b\n|-damage|p1a: Rotom|41/100\n|-damage|p1b: Kingambit|0 fnt\n|faint|p1b: Kingambit\n|-formechange|p2b: Aegislash|Aegislash-Blade|\n|move|p2b: Aegislash|Iron Head|p1a: Rotom\n|-damage|p1a: Rotom|0 fnt\n|faint|p1a: Rotom\n|\n|upkeep\n|\n|t:|1776466712\n|switch|p1a: Incineroar|Incineroar, L50, F|100/100\n|switch|p1b: Froslass|Froslass, L50, F|100/100\n|-ability|p1a: Incineroar|Intimidate|boost\n|-unboost|p2a: Gardevoir|atk|1\n|-unboost|p2b: Aegislash|atk|1\n|turn|5\n|\n|t:|1776466728\n|switch|p2b: Rotom|Rotom-Heat, L50|84/100\n|detailschange|p1b: Froslass|Froslass-Mega, L50, F\n|-mega|p1b: Froslass|Froslass|Froslassite\n|-weather|Snowscape|[from] ability: Snow Warning|[of] p1b: Froslass\n|move|p1a: Incineroar|Fake Out|p2a: Gardevoir\n|-damage|p2a: Gardevoir|83/100\n|cant|p2a: Gardevoir|flinch\n|move|p1b: Froslass|Shadow Ball|p2b: Rotom\n|-damage|p2b: Rotom|30/100\n|\n|-weather|Snowscape|[upkeep]\n|-sideend|p2: Mob777|move: Tailwind\n|upkeep\n|turn|6\n|\n|t:|1776466746\n|move|p1b: Froslass|Protect|p1b: Froslass\n|-singleturn|p1b: Froslass|Protect\n|move|p2b: Rotom|Electroweb|p1a: Incineroar|[spread] p1a\n|-activate|p1b: Froslass|move: Protect\n|-damage|p1a: Incineroar|85/100\n|-unboost|p1a: Incineroar|spe|1\n|move|p2a: Gardevoir|Hyper Voice|p1b: Froslass|[spread] p1a\n|-activate|p1b: Froslass|move: Protect\n|-damage|p1a: Incineroar|39/100\n|-enditem|p1a: Incineroar|Sitrus Berry|[eat]\n|-heal|p1a: Incineroar|64/100|[from] item: Sitrus Berry\n|move|p1a: Incineroar|Darkest Lariat|p2a: Gardevoir\n|-damage|p2a: Gardevoir|27/100\n|\n|-weather|Snowscape|[upkeep]\n|upkeep\n|turn|7\n|\n|t:|1776466765\n|switch|p2b: Aegislash|Aegislash, L50, F|100/100\n|move|p1b: Froslass|Blizzard|p2a: Gardevoir|[spread] p2a,p2b\n|-resisted|p2b: Aegislash|1\n|-damage|p2a: Gardevoir|0 fnt\n|-damage|p2b: Aegislash|81/100\n|faint|p2a: Gardevoir\n|move|p1a: Incineroar|Darkest Lariat|p2b: Aegislash\n|-supereffective|p2b: Aegislash|1\n|-damage|p2b: Aegislash|12/100\n|\n|-weather|Snowscape|[upkeep]\n|upkeep\n|\n|t:|1776466770\n|switch|p2a: Rotom|Rotom-Heat, L50|30/100\n|turn|8\n|\n|t:|1776466777\n|move|p2a: Rotom|Thunderbolt|p1a: Incineroar\n|-damage|p1a: Incineroar|26/100\n|move|p1b: Froslass|Blizzard|p2a: Rotom|[spread] p2a,p2b\n|-resisted|p2a: Rotom|1\n|-resisted|p2b: Aegislash|1\n|-crit|p2b: Aegislash\n|-damage|p2a: Rotom|3/100\n|-damage|p2b: Aegislash|0 fnt\n|faint|p2b: Aegislash\n|move|p1a: Incineroar|Darkest Lariat|p2a: Rotom\n|-damage|p2a: Rotom|0 fnt\n|faint|p2a: Rotom\n|\n|win|Jackal.dd\n|raw|Jackal.dd's rating: 1056 &rarr; <strong>1094</strong><br />(+38 for winning)\n|raw|Mob777's rating: 1130 &rarr; <strong>1100</strong><br />(-30 for losing)\n|l|\u2606Mob777\n|player|p2|\n",
  "uploadtime": 1776466789,
  "views": 24,
  "formatid": "gen9championsvgc2026regma",
  "rating": 1094,
  "private": 0,
  "password": null
}