{
  "id": "gen9championsvgc2026regma-2589440873",
  "format": "[Gen 9 Champions] VGC 2026 Reg M-A",
  "players": [
    "zCamii",
    "00Coosm0"
  ],
  "log": "|j|\u2606zCamii\n|j|\u260600Coosm0\n|html|<table width=\"100%\"><tr><td align=\"left\">zCamii</td><td align=\"right\">00Coosm0</tr><tr><td align=\"left\"><i class=\"fa fa-circle-o\"></i> <i class=\"fa fa-circle-o\"></i> </td><td align=\"right\"><i class=\"fa fa-circle-o\"></i> <i class=\"fa fa-circle-o\"></i> </tr></table>\n|uhtml|bestof|<h2><strong>Game 1</strong> of <a href=\"/game-bestof3-gen9championsvgc2026regma-2589440872\">a best-of-3</a></h2>\n|t:|1776723192\n|gametype|doubles\n|player|p1|zCamii|iono-masters|\n|player|p2|00Coosm0|harlequin|\n|gen|9\n|tier|[Gen 9 Champions] VGC 2026 Reg M-A\n|rule|Species Clause: Limit one of each Pok\u00e9mon\n|rule|Item Clause: Limit 1 of each item\n|raw|<div class=\"infobox\"><details class=\"readmore\" open><summary><strong>1 custom rule:</strong></summary> Best of = 3</details></div>\n|clearpoke\n|poke|p1|Glimmora, L50, F|\n|poke|p1|Tyranitar, L50, F, shiny|\n|poke|p1|Milotic, L50, M, shiny|\n|poke|p1|Gliscor, L50, M|\n|poke|p1|Arcanine-Hisui, L50, F, shiny|\n|poke|p1|Simisage, L50, F, shiny|\n|poke|p2|Meganium, L50, M|\n|poke|p2|Corviknight, L50, F|\n|poke|p2|Politoed, L50, F|\n|poke|p2|Toxicroak, L50, M|\n|poke|p2|Sinistcha, L50|\n|poke|p2|Scizor, L50, M|\n|teampreview|4\n|inactive|Battle timer is ON: inactive players will automatically lose when time's up. (requested by zCamii)\n|inactiveoff|Battle timer is now OFF.\n|c|\u2606zCamii|gl\n|c|\u260600Coosm0|oigan pijes como se juega vgc\n|c|\u2606zCamii|con las manos\n|\n|t:|1776723231\n|teamsize|p1|4\n|teamsize|p2|4\n|start\n|switch|p1a: Gaga|Tyranitar, L50, F, shiny|100/100\n|switch|p1b: er hueso|Arcanine-Hisui, L50, F, shiny|100/100\n|switch|p2a: Meganium|Meganium, L50, M|100/100\n|switch|p2b: Corviknight|Corviknight, L50, F|100/100\n|-weather|Sandstorm|[from] ability: Sand Stream|[of] p1a: Gaga\n|turn|1\n|j| notConnG\n|\n|t:|1776723303\n|detailschange|p2a: Meganium|Meganium-Mega, L50, M\n|-mega|p2a: Meganium|Meganium|Meganiumite\n|move|p1b: er hueso|Flare Blitz|p2a: Meganium\n|-supereffective|p2a: Meganium|1\n|-damage|p2a: Meganium|0 fnt\n|faint|p2a: Meganium\n|move|p2b: Corviknight|Tailwind|p2b: Corviknight\n|-sidestart|p2: 00Coosm0|move: Tailwind\n|move|p1a: Gaga|Rock Slide|p2b: Corviknight\n|-damage|p2b: Corviknight|66/100\n|\n|-weather|Sandstorm|[upkeep]\n|-heal|p2b: Corviknight|72/100|[from] item: Leftovers\n|upkeep\n|\n|t:|1776723320\n|switch|p2a: Toxicroak|Toxicroak, L50, M|100/100\n|turn|2\n|\n|t:|1776723331\n|switch|p1b: Labubu|Gliscor, L50, M|100/100\n|switch|p2b: Politoed|Politoed, L50, F|100/100\n|-weather|RainDance|[from] ability: Drizzle|[of] p2b: Politoed\n|move|p1a: Gaga|Protect|p1a: Gaga\n|-singleturn|p1a: Gaga|Protect\n|move|p2a: Toxicroak|Close Combat|p1a: Gaga\n|-activate|p1a: Gaga|move: Protect\n|\n|-weather|RainDance|[upkeep]\n|upkeep\n|turn|3\n|\n|t:|1776723355\n|switch|p1a: Delfin|Milotic, L50, M, shiny|100/100\n|move|p2a: Toxicroak|Close Combat|p1a: Delfin\n|-damage|p1a: Delfin|55/100\n|-unboost|p2a: Toxicroak|def|1\n|-unboost|p2a: Toxicroak|spd|1\n|move|p2b: Politoed|Weather Ball|p1b: Labubu\n|-supereffective|p1b: Labubu|1\n|-damage|p1b: Labubu|0 fnt\n|faint|p1b: Labubu\n|\n|-weather|RainDance|[upkeep]\n|-heal|p1a: Delfin|61/100|[from] item: Leftovers\n|upkeep\n|\n|t:|1776723367\n|switch|p1b: Gaga|Tyranitar, L50, F, shiny|100/100\n|-weather|Sandstorm|[from] ability: Sand Stream|[of] p1b: Gaga\n|turn|4\n|j| SakikoPlushie\n|\n|t:|1776723379\n|switch|p2a: Corviknight|Corviknight, L50, F|72/100\n|move|p1b: Gaga|Protect|p1b: Gaga\n|-singleturn|p1b: Gaga|Protect\n|move|p2b: Politoed|Hypnosis|p1b: Gaga\n|-activate|p1b: Gaga|move: Protect\n|move|p1a: Delfin|Icy Wind|p2a: Corviknight|[spread] p2b\n|-miss|p1a: Delfin|p2a: Corviknight\n|-resisted|p2b: Politoed|1\n|-damage|p2b: Politoed|96/100\n|-unboost|p2b: Politoed|spe|1\n|\n|-weather|Sandstorm|[upkeep]\n|-damage|p2b: Politoed|90/100|[from] Sandstorm\n|-damage|p1a: Delfin|55/100|[from] Sandstorm\n|-heal|p2a: Corviknight|78/100|[from] item: Leftovers\n|-heal|p1a: Delfin|61/100|[from] item: Leftovers\n|-sideend|p2: 00Coosm0|move: Tailwind\n|upkeep\n|turn|5\n|\n|t:|1776723404\n|switch|p2b: Toxicroak|Toxicroak, L50, M|100/100\n|move|p1a: Delfin|Icy Wind|p2a: Corviknight|[spread] p2a,p2b\n|-damage|p2a: Corviknight|70/100\n|-damage|p2b: Toxicroak|85/100\n|-ability|p2a: Corviknight|Mirror Armor\n|-unboost|p1a: Delfin|spe|1\n|-ability|p1a: Delfin|Competitive|boost\n|-boost|p1a: Delfin|spa|2\n|-unboost|p2b: Toxicroak|spe|1\n|move|p2a: Corviknight|Brave Bird|p1a: Delfin\n|-crit|p1a: Delfin\n|-damage|p1a: Delfin|4/100\n|-damage|p2a: Corviknight|51/100|[from] Recoil\n|move|p1b: Gaga|Knock Off|p2b: Toxicroak\n|-resisted|p2b: Toxicroak|1\n|-damage|p2b: Toxicroak|44/100\n|-enditem|p2b: Toxicroak|Poison Barb|[from] move: Knock Off|[of] p1b: Gaga\n|\n|-weather|Sandstorm|[upkeep]\n|-damage|p2b: Toxicroak|38/100|[from] Sandstorm\n|-damage|p1a: Delfin|0 fnt|[from] Sandstorm\n|faint|p1a: Delfin\n|-heal|p2a: Corviknight|57/100|[from] item: Leftovers\n|upkeep\n|c|\u260600Coosm0|ala\n|\n|t:|1776723421\n|switch|p1a: er hueso|Arcanine-Hisui, L50, F, shiny|100/100\n|turn|6\n|c|\u260600Coosm0|ala\n|\n|t:|1776723436\n|detailschange|p1b: Gaga|Tyranitar-Mega, L50, F, shiny\n|-mega|p1b: Gaga|Tyranitar|Tyranitarite\n|move|p2b: Toxicroak|Fake Out|p1a: er hueso\n|-resisted|p1a: er hueso|1\n|-damage|p1a: er hueso|93/100\n|cant|p1a: er hueso|flinch\n|move|p1b: Gaga|Rock Slide|p2b: Toxicroak|[spread] p2a,p2b\n|-resisted|p2b: Toxicroak|1\n|-damage|p2a: Corviknight|27/100\n|-damage|p2b: Toxicroak|7/100\n|cant|p2a: Corviknight|flinch\n|\n|-weather|Sandstorm|[upkeep]\n|-damage|p2b: Toxicroak|1/100|[from] Sandstorm\n|-heal|p2a: Corviknight|33/100|[from] item: Leftovers\n|upkeep\n|turn|7\n|\n|t:|1776723467\n|move|p1a: er hueso|Flare Blitz|p2b: Toxicroak\n|-damage|p2b: Toxicroak|0 fnt\n|faint|p2b: Toxicroak\n|move|p1b: Gaga|Rock Slide|p2a: Corviknight\n|-damage|p2a: Corviknight|0 fnt\n|faint|p2a: Corviknight\n|\n|-weather|Sandstorm|[upkeep]\n|upkeep\n|\n|t:|1776723476\n|switch|p2a: Politoed|Politoed, L50, F|90/100\n|-weather|RainDance|[from] ability: Drizzle|[of] p2a: Politoed\n|turn|8\n|\n|t:|1776723503\n|move|p2a: Politoed|Protect|p2a: Politoed\n|-singleturn|p2a: Politoed|Protect\n|move|p1a: er hueso|Flare Blitz|p2a: Politoed\n|-activate|p2a: Politoed|move: Protect\n|move|p1b: Gaga|Knock Off|p2a: Politoed\n|-activate|p2a: Politoed|move: Protect\n|\n|-weather|RainDance|[upkeep]\n|upkeep\n|turn|9\n|\n|t:|1776723512\n|move|p1a: er hueso|Flare Blitz|p2a: Politoed\n|-resisted|p2a: Politoed|1\n|-damage|p2a: Politoed|75/100\n|move|p1b: Gaga|Knock Off|p2a: Politoed\n|-damage|p2a: Politoed|0 fnt\n|-enditem|p2a: Politoed|Sitrus Berry|[from] move: Knock Off|[of] p1b: Gaga\n|faint|p2a: Politoed\n|\n|win|zCamii\n||00Coosm0 is ready for game 2.\n||zCamii is ready for game 2.\n|uhtml|next|Next: <a href=\"/battle-gen9championsvgc2026regma-2589444655\"><strong>Game 2 of 3</strong></a>\n|j| 1heis\n|l|\u260600Coosm0\n|player|p2|\n",
  "uploadtime": 1776723670,
  "views": 6,
  "formatid": "gen9championsvgc2026regma",
  "rating": null,
  "private": 0,
  "password": null
}