{
  "id": "gen9championsvgc2026regma-2580986451",
  "format": "[Gen 9 Champions] VGC 2026 Reg M-A",
  "players": [
    "RealCynthia",
    "happidoodledoo"
  ],
  "log": "|j|\u2606RealCynthia\n|j|\u2606happidoodledoo\n|t:|1775949218\n|gametype|doubles\n|player|p1|RealCynthia|cynthia-gen4|1350\n|player|p2|happidoodledoo|ghetsis|1411\n|gen|9\n|tier|[Gen 9 Champions] VGC 2026 Reg M-A\n|rated|\n|rule|Species Clause: Limit one of each Pok\u00e9mon\n|rule|Item Clause: Limit 1 of each item\n|clearpoke\n|poke|p1|Gardevoir, L50, M|\n|poke|p1|Garchomp, L50, F|\n|poke|p1|Glimmora, L50, F|\n|poke|p1|Weavile, L50, M|\n|poke|p1|Talonflame, L50, F|\n|poke|p1|Heliolisk, L50, F|\n|poke|p2|Starmie, L50|\n|poke|p2|Rotom-Mow, L50|\n|poke|p2|Archaludon, L50, F|\n|poke|p2|Sneasler, L50, M|\n|poke|p2|Pelipper, L50, F|\n|poke|p2|Incineroar, L50, M|\n|teampreview|4\n|inactive|Battle timer is ON: inactive players will automatically lose when time's up. (requested by happidoodledoo)\nRealCynthia rejected open team sheets.\n|j| gE1xjZRtuhW2DdT0AK\n|\n|t:|1775949268\n|teamsize|p1|4\n|teamsize|p2|4\n|start\n|switch|p1a: Weavile|Weavile, L50, M|100/100\n|switch|p1b: Heliolisk|Heliolisk, L50, F|100/100\n|switch|p2a: Archaludon|Archaludon, L50, F|100/100\n|switch|p2b: Pelipper|Pelipper, L50, F|100/100\n|-weather|RainDance|[from] ability: Drizzle|[of] p2b: Pelipper\n|turn|1\n|inactive|happidoodledoo has 30 seconds left.\n|\n|t:|1775949300\n|move|p1a: Weavile|Fake Out|p2a: Archaludon\n|-resisted|p2a: Archaludon|1\n|-damage|p2a: Archaludon|95/100\n|move|p1b: Heliolisk|Volt Switch|p2b: Pelipper\n|-supereffective|p2b: Pelipper|2\n|-enditem|p2b: Pelipper|Focus Sash\n|-damage|p2b: Pelipper|1/100\n|\n|t:|1775949312\n|switch|p1b: Talonflame|Talonflame, L50, F|100/100|[from] Volt Switch\n|cant|p2a: Archaludon|flinch\n|move|p2b: Pelipper|Tailwind|p2b: Pelipper\n|-sidestart|p2: happidoodledoo|move: Tailwind\n|\n|-weather|RainDance|[upkeep]\n|upkeep\n|turn|2\n|inactive|RealCynthia has 30 seconds left.\n|inactive|happidoodledoo has 30 seconds left.\n|inactive|happidoodledoo has 20 seconds left.\n|inactive|happidoodledoo has 15 seconds left.\n|\n|t:|1775949353\n|move|p1b: Talonflame|Tailwind|p1b: Talonflame\n|-sidestart|p1: RealCynthia|move: Tailwind\n|move|p2a: Archaludon|Electro Shot||[still]\n|-prepare|p2a: Archaludon|Electro Shot\n|-boost|p2a: Archaludon|spa|1\n|-anim|p2a: Archaludon|Electro Shot|p1a: Weavile\n|-enditem|p1a: Weavile|Focus Sash\n|-damage|p1a: Weavile|1/100\n|move|p1a: Weavile|Knock Off|p2b: Pelipper\n|-damage|p2b: Pelipper|0 fnt\n|faint|p2b: Pelipper\n|\n|-weather|RainDance|[upkeep]\n|upkeep\n|\n|t:|1775949368\n|switch|p2b: Sneasler|Sneasler, L50, M|100/100\n|turn|3\n|\n|t:|1775949381\n|move|p1b: Talonflame|Protect|p1b: Talonflame\n|-singleturn|p1b: Talonflame|Protect\n|move|p2b: Sneasler|Fake Out|p1b: Talonflame\n|-activate|p1b: Talonflame|move: Protect\n|move|p2a: Archaludon|Electro Shot||[still]\n|-prepare|p2a: Archaludon|Electro Shot\n|-boost|p2a: Archaludon|spa|1\n|-anim|p2a: Archaludon|Electro Shot|p1a: Weavile\n|-damage|p1a: Weavile|0 fnt\n|faint|p1a: Weavile\n|\n|-weather|RainDance|[upkeep]\n|upkeep\n|\n|t:|1775949394\n|switch|p1a: Gardevoir|Gardevoir, L50, M|100/100\n|turn|4\n|\n|t:|1775949418\n|switch|p2b: Starmie|Starmie, L50|100/100\n|detailschange|p1a: Gardevoir|Gardevoir-Mega, L50, M\n|-mega|p1a: Gardevoir|Gardevoir|Gardevoirite\n|move|p1a: Gardevoir|Protect|p1a: Gardevoir\n|-singleturn|p1a: Gardevoir|Protect\n|move|p1b: Talonflame|Dual Wingbeat|p2b: Starmie\n|-damage|p2b: Starmie|74/100\n|-damage|p2b: Starmie|44/100\n|-hitcount|p2b: Starmie|2\n|move|p2a: Archaludon|Electro Shot||[still]\n|-prepare|p2a: Archaludon|Electro Shot\n|-boost|p2a: Archaludon|spa|1\n|-anim|p2a: Archaludon|Electro Shot|p1b: Talonflame\n|-supereffective|p1b: Talonflame|1\n|-crit|p1b: Talonflame\n|-damage|p1b: Talonflame|0 fnt\n|faint|p1b: Talonflame\n|\n|-weather|RainDance|[upkeep]\n|-sideend|p2: happidoodledoo|move: Tailwind\n|upkeep\n|\n|t:|1775949422\n|switch|p1b: Heliolisk|Heliolisk, L50, F|100/100\n|turn|5\n|inactive|RealCynthia has 30 seconds left.\n|inactive|happidoodledoo has 30 seconds left.\n|inactive|RealCynthia has 20 seconds left.\n|inactive|RealCynthia has 15 seconds left.\n|\n|t:|1775949464\n|detailschange|p2b: Starmie|Starmie-Mega, L50\n|-mega|p2b: Starmie|Starmie|Starminite\n|move|p2b: Starmie|Protect|p2b: Starmie\n|-singleturn|p2b: Starmie|Protect\n|move|p1b: Heliolisk|Thunderbolt|p2a: Archaludon\n|-resisted|p2a: Archaludon|1\n|-damage|p2a: Archaludon|63/100\n|move|p1a: Gardevoir|Hyper Voice|p2a: Archaludon|[spread] p2a\n|-activate|p2b: Starmie|move: Protect\n|-damage|p2a: Archaludon|0 fnt\n|faint|p2a: Archaludon\n|\n|-weather|none\n|-sideend|p1: RealCynthia|move: Tailwind\n|upkeep\n|j| grapplebeam\n|\n|t:|1775949473\n|switch|p2a: Sneasler|Sneasler, L50, M|100/100\n|turn|6\n|\n|t:|1775949493\n|move|p1a: Gardevoir|Protect|p1a: Gardevoir\n|-singleturn|p1a: Gardevoir|Protect\n|move|p2a: Sneasler|Fake Out|p1b: Heliolisk\n|-damage|p1b: Heliolisk|72/100\n|cant|p1b: Heliolisk|flinch\n|move|p2b: Starmie|Zen Headbutt|p1b: Heliolisk|[miss]\n|-miss|p2b: Starmie|p1b: Heliolisk\n|\n|upkeep\n|turn|7\n|inactive|RealCynthia has 30 seconds left.\n|inactive|happidoodledoo has 30 seconds left.\n|inactive|RealCynthia has 20 seconds left.\n|inactive|happidoodledoo has 20 seconds left.\n|inactive|RealCynthia has 15 seconds left.\n|\n|t:|1775949535\n|move|p2b: Starmie|Protect|p2b: Starmie\n|-singleturn|p2b: Starmie|Protect\n|move|p1a: Gardevoir|Protect||[still]\n|-fail|p1a: Gardevoir\n|move|p1b: Heliolisk|Thunderbolt|p2a: Sneasler\n|-damage|p2a: Sneasler|42/100\n|move|p2a: Sneasler|Dire Claw|p1a: Gardevoir\n|-supereffective|p1a: Gardevoir|1\n|-damage|p1a: Gardevoir|0 fnt\n|faint|p1a: Gardevoir\n|\n|upkeep\n|turn|8\n|\n|t:|1775949552\n|move|p1b: Heliolisk|Thunderbolt|p2a: Sneasler\n|-damage|p2a: Sneasler|0 fnt\n|faint|p2a: Sneasler\n|move|p2b: Starmie|Zen Headbutt|p1b: Heliolisk\n|-damage|p1b: Heliolisk|0 fnt\n|faint|p1b: Heliolisk\n|\n|win|happidoodledoo\n|raw|RealCynthia's rating: 1350 &rarr; <strong>1333</strong><br />(-17 for losing)\n|raw|happidoodledoo's rating: 1411 &rarr; <strong>1428</strong><br />(+17 for winning)\n|l|\u2606happidoodledoo\n|player|p2|\n",
  "uploadtime": 1775949567,
  "views": 39,
  "formatid": "gen9championsvgc2026regma",
  "rating": 1333,
  "private": 0,
  "password": null
}