{
  "id": "gen9championsvgc2026regma-2586428958",
  "format": "[Gen 9 Champions] VGC 2026 Reg M-A",
  "players": [
    "StrawberryBalloons",
    "hhashem"
  ],
  "log": "|j|\u203dStrawberryBalloons\n|j|\u2606hhashem\n|t:|1776434051\n|gametype|doubles\n|player|p1|StrawberryBalloons|fisherman-gen4|1264\n|player|p2|hhashem|265|1217\n|gen|9\n|tier|[Gen 9 Champions] VGC 2026 Reg M-A\n|rated|\n|rule|Species Clause: Limit one of each Pok\u00e9mon\n|rule|Item Clause: Limit 1 of each item\n|clearpoke\n|poke|p1|Snorlax, L50, M|\n|poke|p1|Sinistcha, L50|\n|poke|p1|Incineroar, L50, F|\n|poke|p1|Aggron, L50, F|\n|poke|p1|Milotic, L50, M|\n|poke|p1|Sneasler, L50, M|\n|poke|p2|Jolteon, L50, M|\n|poke|p2|Arcanine-Hisui, L50, M|\n|poke|p2|Froslass, L50, F|\n|poke|p2|Garchomp, L50, F|\n|poke|p2|Hydreigon, L50, F|\n|poke|p2|Sneasler, L50, F|\n|teampreview|4\n|inactive|Battle timer is ON: inactive players will automatically lose when time's up. (requested by StrawberryBalloons)\n|inactive|hhashem has 60 seconds left.\n|\n|t:|1776434107\n|teamsize|p1|4\n|teamsize|p2|4\n|start\n|switch|p1a: Snorlax|Snorlax, L50, M|100/100\n|switch|p1b: Milotic|Milotic, L50, M|100/100\n|switch|p2a: Garchomp|Garchomp, L50, F|100/100\n|switch|p2b: Sneasler|Sneasler, L50, F|100/100\n|turn|1\n|\n|t:|1776434124\n|move|p1a: Snorlax|Protect|p1a: Snorlax\n|-singleturn|p1a: Snorlax|Protect\n|move|p2a: Garchomp|Rock Slide|p1a: Snorlax|[spread] p1b\n|-activate|p1a: Snorlax|move: Protect\n|-damage|p1b: Milotic|80/100\n|move|p2b: Sneasler|Close Combat|p1a: Snorlax\n|-activate|p1a: Snorlax|move: Protect\n|move|p1b: Milotic|Coil|p1b: Milotic\n|-boost|p1b: Milotic|atk|1\n|-boost|p1b: Milotic|def|1\n|-boost|p1b: Milotic|accuracy|1\n|\n|-heal|p1b: Milotic|86/100|[from] item: Leftovers\n|upkeep\n|turn|2\n|\n|t:|1776434138\n|switch|p2a: Froslass|Froslass, L50, F|100/100\n|switch|p1a: Sinistcha|Sinistcha, L50|100/100\n|-heal|p1b: Milotic|100/100|[from] ability: Hospitality|[of] p1a: Sinistcha\n|move|p2b: Sneasler|Dire Claw|p1b: Milotic\n|-damage|p1b: Milotic|68/100\n|move|p1b: Milotic|Hypnosis|p2a: Froslass\n|-status|p2a: Froslass|slp|[from] move: Hypnosis\n|\n|-heal|p1b: Milotic|74/100|[from] item: Leftovers\n|upkeep\n|turn|3\n|\n|t:|1776434150\n|switch|p1a: Aggron|Aggron, L50, F|100/100\n|move|p2b: Sneasler|Protect|p2b: Sneasler\n|-singleturn|p2b: Sneasler|Protect\n|cant|p2a: Froslass|slp\n|move|p1b: Milotic|Coil|p1b: Milotic\n|-boost|p1b: Milotic|atk|1\n|-boost|p1b: Milotic|def|1\n|-boost|p1b: Milotic|accuracy|1\n|\n|-heal|p1b: Milotic|80/100|[from] item: Leftovers\n|upkeep\n|turn|4\n|\n|t:|1776434167\n|switch|p2a: Garchomp|Garchomp, L50, F|100/100\n|detailschange|p1a: Aggron|Aggron-Mega, L50, F\n|-mega|p1a: Aggron|Aggron|Aggronite\n|move|p1a: Aggron|Protect|p1a: Aggron\n|-singleturn|p1a: Aggron|Protect\n|move|p2b: Sneasler|Dire Claw|p1b: Milotic\n|-crit|p1b: Milotic\n|-damage|p1b: Milotic|7/100\n|move|p1b: Milotic|Hypnosis|p2b: Sneasler\n|-status|p2b: Sneasler|slp|[from] move: Hypnosis\n|\n|-heal|p1b: Milotic|13/100|[from] item: Leftovers\n|upkeep\n|turn|5\n|\n|t:|1776434183\n|switch|p2b: Hydreigon|Hydreigon, L50, F|100/100\n|switch|p1a: Sinistcha|Sinistcha, L50|100/100\n|-heal|p1b: Milotic|38/100|[from] ability: Hospitality|[of] p1a: Sinistcha\n|move|p2a: Garchomp|Earthquake|p1b: Milotic|[spread] p1a,p1b\n|-immune|p2b: Hydreigon|[from] ability: Levitate\n|-resisted|p1a: Sinistcha|1\n|-damage|p1a: Sinistcha|79/100\n|-damage|p1b: Milotic|17/100\n|move|p1b: Milotic|Hypnosis|p2a: Garchomp\n|-status|p2a: Garchomp|slp|[from] move: Hypnosis\n|\n|-heal|p1b: Milotic|23/100|[from] item: Leftovers\n|upkeep\n|turn|6\n|\n|t:|1776434200\n|move|p1a: Sinistcha|Rage Powder|p1a: Sinistcha\n|-singleturn|p1a: Sinistcha|move: Rage Powder\n|cant|p2a: Garchomp|slp\n|move|p2b: Hydreigon|Dark Pulse|p1a: Sinistcha\n|-supereffective|p1a: Sinistcha|1\n|-damage|p1a: Sinistcha|0 fnt\n|faint|p1a: Sinistcha\n|move|p1b: Milotic|Draining Kiss|p2b: Hydreigon\n|-supereffective|p2b: Hydreigon|2\n|-damage|p2b: Hydreigon|43/100\n|-heal|p1b: Milotic|60/100|[from] drain|[of] p2b: Hydreigon\n|-enditem|p2b: Hydreigon|Sitrus Berry|[eat]\n|-heal|p2b: Hydreigon|68/100|[from] item: Sitrus Berry\n|\n|-heal|p1b: Milotic|66/100|[from] item: Leftovers\n|upkeep\n|\n|t:|1776434215\n|switch|p1a: Aggron|Aggron-Mega, L50, F|100/100\n|turn|7\n|inactive|hhashem has 30 seconds left.\n|inactive|hhashem has 20 seconds left.\n|\n|t:|1776434251\n|cant|p2a: Garchomp|slp\n|move|p2b: Hydreigon|Dark Pulse|p1b: Milotic\n|-damage|p1b: Milotic|37/100\n|move|p1b: Milotic|Draining Kiss|p2b: Hydreigon\n|-supereffective|p2b: Hydreigon|2\n|-damage|p2b: Hydreigon|15/100\n|-heal|p1b: Milotic|71/100|[from] drain|[of] p2b: Hydreigon\n|move|p1a: Aggron|Iron Defense|p1a: Aggron\n|-boost|p1a: Aggron|def|2\n|\n|-heal|p1b: Milotic|77/100|[from] item: Leftovers\n|upkeep\n|turn|8\n|\n|t:|1776434266\n|-curestatus|p2a: Garchomp|slp|[msg]\n|move|p2a: Garchomp|Earthquake|p1b: Milotic|[spread] p1a,p1b\n|-immune|p2b: Hydreigon|[from] ability: Levitate\n|-supereffective|p1a: Aggron|1\n|-damage|p1a: Aggron|85/100\n|-damage|p1b: Milotic|54/100\n|move|p2b: Hydreigon|Dark Pulse|p1b: Milotic\n|-damage|p1b: Milotic|26/100\n|cant|p1b: Milotic|flinch\n|move|p1a: Aggron|Iron Defense|p1a: Aggron\n|-boost|p1a: Aggron|def|2\n|\n|-heal|p1b: Milotic|32/100|[from] item: Leftovers\n|upkeep\n|turn|9\n|inactive|hhashem has 30 seconds left.\n|inactive|hhashem has 20 seconds left.\n|inactive|hhashem has 15 seconds left.\n|inactive|hhashem has 10 seconds left.\n|inactive|hhashem has 5 seconds left.\n|\n|t:|1776434317\n|move|p2a: Garchomp|Earthquake|p1b: Milotic|[spread] p1a,p1b\n|-immune|p2b: Hydreigon|[from] ability: Levitate\n|-supereffective|p1a: Aggron|1\n|-damage|p1a: Aggron|74/100\n|-damage|p1b: Milotic|11/100\n|move|p2b: Hydreigon|Dark Pulse|p1b: Milotic\n|-damage|p1b: Milotic|0 fnt\n|faint|p1b: Milotic\n|move|p1a: Aggron|Body Press|p2b: Hydreigon\n|-supereffective|p2b: Hydreigon|1\n|-damage|p2b: Hydreigon|0 fnt\n|faint|p2b: Hydreigon\n|\n|upkeep\n|\n|t:|1776434329\n|switch|p2b: Sneasler|Sneasler, L50, F|100/100 slp\n|switch|p1b: Snorlax|Snorlax, L50, M|100/100\n|turn|10\n|\n|t:|1776434338\n|switch|p2a: Froslass|Froslass, L50, F|100/100 slp\n|cant|p2b: Sneasler|slp\n|move|p1a: Aggron|Heavy Slam|p2b: Sneasler\n|-damage|p2b: Sneasler|6/100 slp\n|move|p1b: Snorlax|Body Slam|p2b: Sneasler\n|-damage|p2b: Sneasler|0 fnt\n|faint|p2b: Sneasler\n|\n|upkeep\n|\n|t:|1776434347\n|switch|p2b: Garchomp|Garchomp, L50, F|100/100\n|turn|11\n|\n|t:|1776434368\n|detailschange|p2a: Froslass|Froslass-Mega, L50, F\n|-mega|p2a: Froslass|Froslass|Froslassite\n|-weather|Snowscape|[from] ability: Snow Warning|[of] p2a: Froslass\n|move|p2b: Garchomp|Stomping Tantrum|p1a: Aggron\n|-supereffective|p1a: Aggron|1\n|-damage|p1a: Aggron|64/100\n|cant|p2a: Froslass|slp\n|move|p1a: Aggron|Heavy Slam|p2a: Froslass\n|-supereffective|p2a: Froslass|1\n|-damage|p2a: Froslass|0 fnt\n|faint|p2a: Froslass\n|move|p1b: Snorlax|Body Slam|p2b: Garchomp\n|-damage|p2b: Garchomp|59/100\n|-damage|p1b: Snorlax|88/100|[from] ability: Rough Skin|[of] p2b: Garchomp\n|\n|-weather|Snowscape|[upkeep]\n|upkeep\n|turn|12\n|-message|hhashem forfeited.\n|\n|win|StrawberryBalloons\n|raw|StrawberryBalloons's rating: 1264 &rarr; <strong>1286</strong><br />(+22 for winning)\n|raw|hhashem's rating: 1217 &rarr; <strong>1195</strong><br />(-22 for losing)\n|l|\u2606hhashem\n|player|p2|\n|l|\u203dStrawberryBalloons\n|player|p1|\n|j|\u203dStrawberryBalloons\n|player|p1|StrawberryBalloons|fisherman-gen4|\n|n|\u203dStrawberryBalloons|strawberryballoons\n",
  "uploadtime": 1776434402,
  "views": 21,
  "formatid": "gen9championsvgc2026regma",
  "rating": 1195,
  "private": 0,
  "password": null
}