{
  "id": "gen9championsvgc2026regma-2583100016",
  "format": "[Gen 9 Champions] VGC 2026 Reg M-A",
  "players": [
    "soapeggs",
    "LyRooster"
  ],
  "log": "|j|\u2606soapeggs\n|j|\u2606LyRooster\n|t:|1776141967\n|gametype|doubles\n|player|p1|soapeggs|266|1133\n|player|p2|LyRooster|169|1043\n|gen|9\n|tier|[Gen 9 Champions] VGC 2026 Reg M-A\n|rated|\n|rule|Species Clause: Limit one of each Pok\u00e9mon\n|rule|Item Clause: Limit 1 of each item\n|clearpoke\n|poke|p1|Charizard, L50, F|\n|poke|p1|Heliolisk, L50, F|\n|poke|p1|Venusaur, L50, F|\n|poke|p1|Incineroar, L50, F|\n|poke|p1|Talonflame, L50, F|\n|poke|p1|Whimsicott, L50, F|\n|poke|p2|Aggron, L50, F|\n|poke|p2|Sinistcha, L50|\n|poke|p2|Tyranitar, L50, F|\n|poke|p2|Arcanine-Hisui, L50, M|\n|poke|p2|Rotom-Wash, L50|\n|poke|p2|Decidueye-Hisui, L50, M|\n|teampreview|4\n|\n|t:|1776142003\n|teamsize|p1|4\n|teamsize|p2|4\n|start\n|switch|p1a: Gravelyn|Charizard, L50, F|100/100\n|switch|p1b: Heliolisk|Heliolisk, L50, F|100/100\n|switch|p2a: Tyranitar|Tyranitar, L50, F|100/100\n|switch|p2b: Aggron|Aggron, L50, F|100/100\n|-weather|Sandstorm|[from] ability: Sand Stream|[of] p2a: Tyranitar\n|turn|1\n|\n|t:|1776142025\n|detailschange|p1a: Gravelyn|Charizard-Mega-Y, L50, F\n|-mega|p1a: Gravelyn|Charizard|Charizardite Y\n|-weather|SunnyDay|[from] ability: Drought|[of] p1a: Gravelyn\n|detailschange|p2b: Aggron|Aggron-Mega, L50, F\n|-mega|p2b: Aggron|Aggron|Aggronite\n|move|p1b: Heliolisk|Rain Dance|p1b: Heliolisk\n|-weather|RainDance\n|move|p1a: Gravelyn|Weather Ball|p2a: Tyranitar\n|-supereffective|p2a: Tyranitar|1\n|-damage|p2a: Tyranitar|0 fnt\n|faint|p2a: Tyranitar\n|move|p2b: Aggron|Iron Defense|p2b: Aggron\n|-boost|p2b: Aggron|def|2\n|\n|-weather|RainDance|[upkeep]\n|upkeep\n|\n|t:|1776142041\n|switch|p2a: Decidueye|Decidueye-Hisui, L50, M|100/100\n|turn|2\n|\n|t:|1776142052\n|switch|p1b: Talonflame|Talonflame, L50, F|100/100\n|move|p1a: Gravelyn|Hurricane|p2a: Decidueye\n|-supereffective|p2a: Decidueye|2\n|-damage|p2a: Decidueye|0 fnt\n|faint|p2a: Decidueye\n|move|p2b: Aggron|Body Press|p1b: Talonflame\n|-resisted|p1b: Talonflame|1\n|-damage|p1b: Talonflame|47/100\n|\n|-weather|RainDance|[upkeep]\n|upkeep\n|\n|t:|1776142061\n|switch|p2a: Arcanine|Arcanine-Hisui, L50, M|100/100\n|-ability|p2a: Arcanine|Intimidate|boost\n|-unboost|p1a: Gravelyn|atk|1\n|-unboost|p1b: Talonflame|atk|1\n|turn|3\n|\n|t:|1776142072\n|switch|p1b: Incineroar|Incineroar, L50, F|100/100\n|-ability|p1b: Incineroar|Intimidate|boost\n|-unboost|p2a: Arcanine|atk|1\n|-unboost|p2b: Aggron|atk|1\n|move|p2a: Arcanine|Protect|p2a: Arcanine\n|-singleturn|p2a: Arcanine|Protect\n|move|p1a: Gravelyn|Weather Ball|p2a: Arcanine\n|-activate|p2a: Arcanine|move: Protect\n|move|p2b: Aggron|Body Press|p1b: Incineroar\n|-supereffective|p1b: Incineroar|1\n|-enditem|p1b: Incineroar|Chople Berry|[eat]\n|-enditem|p1b: Incineroar|Chople Berry|[weaken]\n|-damage|p1b: Incineroar|22/100\n|\n|-weather|RainDance|[upkeep]\n|upkeep\n|turn|4\n|\n|t:|1776142091\n|move|p1b: Incineroar|Fake Out|p2a: Arcanine\n|-resisted|p2a: Arcanine|1\n|-damage|p2a: Arcanine|93/100\n|move|p1a: Gravelyn|Weather Ball|p2a: Arcanine\n|-supereffective|p2a: Arcanine|2\n|-enditem|p2a: Arcanine|Passho Berry|[eat]\n|-enditem|p2a: Arcanine|Passho Berry|[weaken]\n|-damage|p2a: Arcanine|0 fnt\n|faint|p2a: Arcanine\n|move|p2b: Aggron|Body Press|p1b: Incineroar\n|-supereffective|p1b: Incineroar|1\n|-damage|p1b: Incineroar|0 fnt\n|faint|p1b: Incineroar\n|\n|-weather|RainDance|[upkeep]\n|upkeep\n|\n|t:|1776142107\n|switch|p1b: Talonflame|Talonflame, L50, F|47/100\n|turn|5\n|\n|t:|1776142113\n|switch|p1a: Heliolisk|Heliolisk, L50, F|100/100\n|move|p1b: Talonflame|Will-O-Wisp|p2b: Aggron\n|-status|p2b: Aggron|brn\n|move|p2b: Aggron|Body Press|p1b: Talonflame\n|-resisted|p1b: Talonflame|1\n|-damage|p1b: Talonflame|16/100\n|\n|-weather|none\n|-damage|p2b: Aggron|94/100 brn|[from] brn\n|upkeep\n|turn|6\n|\n|t:|1776142125\n|move|p1b: Talonflame|Flare Blitz|p2b: Aggron\n|-supereffective|p2b: Aggron|1\n|-damage|p2b: Aggron|78/100 brn\n|-damage|p1b: Talonflame|10/100|[from] Recoil\n|move|p1a: Heliolisk|Thunderbolt|p2b: Aggron\n|-damage|p2b: Aggron|39/100 brn\n|move|p2b: Aggron|Body Press|p1b: Talonflame\n|-resisted|p1b: Talonflame|1\n|-damage|p1b: Talonflame|0 fnt\n|faint|p1b: Talonflame\n|\n|-damage|p2b: Aggron|33/100 brn|[from] brn\n|upkeep\n|\n|t:|1776142128\n|switch|p1b: Gravelyn|Charizard-Mega-Y, L50, F|100/100\n|-weather|SunnyDay|[from] ability: Drought|[of] p1b: Gravelyn\n|turn|7\n|\n|t:|1776142140\n|move|p1a: Heliolisk|Electroweb|p2b: Aggron\n|-damage|p2b: Aggron|11/100 brn\n|-unboost|p2b: Aggron|spe|1\n|move|p1b: Gravelyn|Weather Ball|p2b: Aggron\n|-supereffective|p2b: Aggron|1\n|-damage|p2b: Aggron|0 fnt\n|faint|p2b: Aggron\n|\n|win|soapeggs\n|raw|soapeggs's rating: 1133 &rarr; <strong>1152</strong><br />(+19 for winning)\n|raw|LyRooster's rating: 1043 &rarr; <strong>1031</strong><br />(-12 for losing)\n|l|\u2606LyRooster\n|player|p2|\n",
  "uploadtime": 1776142176,
  "views": 13,
  "formatid": "gen9championsvgc2026regma",
  "rating": 1031,
  "private": 0,
  "password": null
}