{
  "id": "gen9championsvgc2026regma-2585210737",
  "format": "[Gen 9 Champions] VGC 2026 Reg M-A",
  "players": [
    "TailwindWickedBlow",
    "tomcheung22"
  ],
  "log": "|j|\u2606TailwindWickedBlow\n|j|\u2606tomcheung22\n|html|<table width=\"100%\"><tr><td align=\"left\">TailwindWickedBlow</td><td align=\"right\">tomcheung22</tr><tr><td align=\"left\"><i class=\"fa fa-circle-o\"></i> <i class=\"fa fa-circle-o\"></i> </td><td align=\"right\"><i class=\"fa fa-circle-o\"></i> <i class=\"fa fa-circle-o\"></i> </tr></table>\n|uhtml|bestof|<h2><strong>Game 1</strong> of <a href=\"/game-bestof3-gen9championsvgc2026regma-2585210736\">a best-of-3</a></h2>\n|t:|1776325432\n|gametype|doubles\n|player|p1|TailwindWickedBlow|steven|\n|player|p2|tomcheung22|bianca|\n|gen|9\n|tier|[Gen 9 Champions] VGC 2026 Reg M-A\n|rated|Tournament battle\n|rule|Species Clause: Limit one of each Pok\u00e9mon\n|rule|Item Clause: Limit 1 of each item\n|raw|<div class=\"infobox\"><details class=\"readmore\" open><summary><strong>2 custom rules:</strong></summary> Force Open Team Sheets, Best of = 3</details></div>\n|clearpoke\n|poke|p1|Stunfisk, L50, M|\n|poke|p1|Tyranitar, L50, M|\n|poke|p1|Skarmory, L50, M|\n|poke|p1|Reuniclus, L50, M|\n|poke|p1|Basculegion, L50, M|\n|poke|p1|Gallade, L50, M|\n|poke|p2|Scizor, L50, F|\n|poke|p2|Aerodactyl, L50, F|\n|poke|p2|Excadrill, L50, M|\n|poke|p2|Milotic, L50, F|\n|poke|p2|Salazzle, L50, F|\n|poke|p2|Serperior, L50, F|\n|teampreview|4\n|showteam|p1|Stunfisk||BrightPowder|SandVeil|FoulPlay,Protect,ThunderWave,Electroweb|||M|||50|]Tyranitar||FocusSash|SandStream|RockSlide,KnockOff,LowKick,Protect|||M|||50|]Skarmory||Skarmorite|Sturdy|BraveBird,Protect,IronHead,Tailwind|||M|||50|]Reuniclus||SitrusBerry|Overcoat|Psyshock,Protect,TrickRoom,AllySwitch|||M|||50|]Basculegion||ChoiceScarf|Adaptability|WaveCrash,AquaJet,LastRespects,FlipTurn|||M|||50|]Gallade||BlackBelt|Sharpness|PsychoCut,SacredSword,PoisonJab,NightSlash|||M|||50|\n|showteam|p2|Scizor||WhiteHerb|Technician|BulletPunch,CloseCombat,SwordsDance,Protect|||F|||50|]Aerodactyl||Aerodactylite|Unnerve|RockSlide,DualWingbeat,Tailwind,Protect|||F|||50|]Excadrill||FocusSash|MoldBreaker|IronHead,HighHorsepower,SwordsDance,Protect|||M|||50|]Milotic||WacanBerry|Competitive|Scald,IcyWind,Recover,Hypnosis|||F|||50|]Salazzle||KingsRock|Oblivious|Overheat,SludgeBomb,FakeOut,Fling|||F|||50|]Serperior||KasibBerry|Contrary|LeafStorm,Glare,HelpingHand,Protect|||F|||50|\n|inactive|Battle timer is ON: inactive players will automatically lose when time's up. (requested by TailwindWickedBlow)\n|inactive|tomcheung22 has 60 seconds left.\n|inactive|tomcheung22 has 30 seconds left.\n|\n|t:|1776325496\n|teamsize|p1|4\n|teamsize|p2|4\n|start\n|switch|p1a: Skarmory|Skarmory, L50, M|100/100\n|switch|p1b: Tyranitar|Tyranitar, L50, M|100/100\n|switch|p2a: Salazzle|Salazzle, L50, F|100/100\n|switch|p2b: Excadrill|Excadrill, L50, M|100/100\n|-ability|p2b: Excadrill|Mold Breaker\n|-weather|Sandstorm|[from] ability: Sand Stream|[of] p1b: Tyranitar\n|turn|1\n|\n|t:|1776325508\n|detailschange|p1a: Skarmory|Skarmory-Mega, L50, M\n|-mega|p1a: Skarmory|Skarmory|Skarmorite\n|move|p2a: Salazzle|Overheat|p1a: Skarmory\n|-supereffective|p1a: Skarmory|1\n|-crit|p1a: Skarmory\n|-damage|p1a: Skarmory|0 fnt\n|-unboost|p2a: Salazzle|spa|2\n|faint|p1a: Skarmory\n|move|p2b: Excadrill|Swords Dance|p2b: Excadrill\n|-boost|p2b: Excadrill|atk|2\n|move|p1b: Tyranitar|Rock Slide|p2a: Salazzle|[spread] p2a,p2b\n|-supereffective|p2a: Salazzle|1\n|-resisted|p2b: Excadrill|2\n|-damage|p2a: Salazzle|6/100\n|-damage|p2b: Excadrill|88/100\n|\n|-weather|Sandstorm|[upkeep]\n|-damage|p2a: Salazzle|0 fnt|[from] Sandstorm\n|faint|p2a: Salazzle\n|upkeep\n|\n|t:|1776325520\n|switch|p2a: Serperior|Serperior, L50, F|100/100\n|switch|p1a: Gallade|Gallade, L50, M|100/100\n|turn|2\n|inactive|TailwindWickedBlow has 30 seconds left.\n|inactive|TailwindWickedBlow has 20 seconds left.\n|\n|t:|1776325557\n|move|p2a: Serperior|Leaf Storm|p1b: Tyranitar|[miss]\n|-miss|p2a: Serperior|p1b: Tyranitar\n|move|p2b: Excadrill|Iron Head|p1a: Gallade\n|-damage|p1a: Gallade|0 fnt\n|faint|p1a: Gallade\n|move|p1b: Tyranitar|Knock Off|p2b: Excadrill\n|-damage|p2b: Excadrill|6/100\n|-enditem|p2b: Excadrill|Focus Sash|[from] move: Knock Off|[of] p1b: Tyranitar\n|\n|-weather|Sandstorm|[upkeep]\n|-damage|p2a: Serperior|94/100|[from] Sandstorm\n|upkeep\n|\n|t:|1776325564\n|switch|p1a: Stunfisk|Stunfisk, L50, M|100/100\n|turn|3\n|\n|t:|1776325580\n|move|p1b: Tyranitar|Protect|p1b: Tyranitar\n|-singleturn|p1b: Tyranitar|Protect\n|move|p2a: Serperior|Leaf Storm|p1b: Tyranitar\n|-activate|p1b: Tyranitar|move: Protect\n|move|p2b: Excadrill|Iron Head|p1b: Tyranitar\n|-activate|p1b: Tyranitar|move: Protect\n|move|p1a: Stunfisk|Foul Play|p2b: Excadrill\n|-damage|p2b: Excadrill|0 fnt\n|faint|p2b: Excadrill\n|\n|-weather|Sandstorm|[upkeep]\n|-damage|p2a: Serperior|88/100|[from] Sandstorm\n|upkeep\n|\n|t:|1776325583\n|switch|p2b: Aerodactyl|Aerodactyl, L50, F|100/100\n|-ability|p2b: Aerodactyl|Unnerve\n|turn|4\n|c|\u2606TailwindWickedBlow|u just got to believe in the fisk\n|\n|t:|1776325603\n|detailschange|p2b: Aerodactyl|Aerodactyl-Mega, L50, F\n|-mega|p2b: Aerodactyl|Aerodactyl|Aerodactylite\n|move|p2b: Aerodactyl|Rock Slide|p1a: Stunfisk|[spread] p1a,p1b\n|-resisted|p1a: Stunfisk|1\n|-damage|p1a: Stunfisk|88/100\n|-damage|p1b: Tyranitar|76/100\n|move|p2a: Serperior|Leaf Storm|p1b: Tyranitar\n|-supereffective|p1b: Tyranitar|1\n|-damage|p1b: Tyranitar|27/100\n|-boost|p2a: Serperior|spa|2\n|move|p1b: Tyranitar|Rock Slide|p2b: Aerodactyl|[spread] p2a,p2b\n|-supereffective|p2b: Aerodactyl|1\n|-damage|p2a: Serperior|51/100\n|-damage|p2b: Aerodactyl|19/100\n|cant|p1a: Stunfisk|flinch\n|\n|-weather|Sandstorm|[upkeep]\n|-damage|p2a: Serperior|45/100|[from] Sandstorm\n|upkeep\n|turn|5\n|\n|t:|1776325619\n|move|p2b: Aerodactyl|Protect|p2b: Aerodactyl\n|-singleturn|p2b: Aerodactyl|Protect\n|move|p2a: Serperior|Protect|p2a: Serperior\n|-singleturn|p2a: Serperior|Protect\n|move|p1b: Tyranitar|Protect|p1b: Tyranitar\n|-singleturn|p1b: Tyranitar|Protect\n|move|p1a: Stunfisk|Foul Play|p2b: Aerodactyl\n|-activate|p2b: Aerodactyl|move: Protect\n|\n|-weather|none\n|upkeep\n|turn|6\n|\n|t:|1776325628\n|move|p2b: Aerodactyl|Rock Slide|p1b: Tyranitar|[spread] p1b\n|-miss|p2b: Aerodactyl|p1a: Stunfisk\n|-damage|p1b: Tyranitar|2/100\n|move|p2a: Serperior|Leaf Storm|p1b: Tyranitar\n|-supereffective|p1b: Tyranitar|1\n|-damage|p1b: Tyranitar|0 fnt\n|-boost|p2a: Serperior|spa|2\n|faint|p1b: Tyranitar\n|move|p1a: Stunfisk|Foul Play|p2b: Aerodactyl\n|-damage|p2b: Aerodactyl|0 fnt\n|faint|p2b: Aerodactyl\n|\n|upkeep\n|turn|7\n|\n|t:|1776325638\n|move|p2a: Serperior|Leaf Storm|p1a: Stunfisk\n|-supereffective|p1a: Stunfisk|1\n|-damage|p1a: Stunfisk|0 fnt\n|-boost|p2a: Serperior|spa|2\n|faint|p1a: Stunfisk\n|\n|win|tomcheung22\n||TailwindWickedBlow is ready for game 2.\n||tomcheung22 is ready for game 2.\n|uhtml|next|Next: <a href=\"/battle-gen9championsvgc2026regma-2585212544\"><strong>Game 2 of 3</strong></a>\n|l|\u2606TailwindWickedBlow\n|player|p1|\n",
  "uploadtime": 1776327606,
  "views": 17,
  "formatid": "gen9championsvgc2026regma",
  "rating": null,
  "private": 0,
  "password": null
}