{
  "id": "gen9championsvgc2026regma-2586577411",
  "format": "[Gen 9 Champions] VGC 2026 Reg M-A",
  "players": [
    "zhz2021",
    "Isidino"
  ],
  "log": "|j|\u2606zhz2021\n|j|\u2606Isidino\n|t:|1776444358\n|gametype|doubles\n|player|p1|zhz2021|marley|1322\n|player|p2|Isidino|266|1243\n|gen|9\n|tier|[Gen 9 Champions] VGC 2026 Reg M-A\n|rated|\n|rule|Species Clause: Limit one of each Pok\u00e9mon\n|rule|Item Clause: Limit 1 of each item\n|clearpoke\n|poke|p1|Sableye, L50, M|\n|poke|p1|Archaludon, L50, F|\n|poke|p1|Scovillain, L50, M|\n|poke|p1|Basculegion-F, L50, F|\n|poke|p1|Orthworm, L50, M|\n|poke|p1|Chandelure, L50, M|\n|poke|p2|Pelipper, L50, F|\n|poke|p2|Basculegion-F, L50, F|\n|poke|p2|Starmie, L50|\n|poke|p2|Sneasler, L50, M|\n|poke|p2|Sableye, L50, M|\n|poke|p2|Lucario, L50, F|\n|teampreview|4\n|inactive|Battle timer is ON: inactive players will automatically lose when time's up. (requested by Isidino)\n|\n|t:|1776444385\n|teamsize|p1|4\n|teamsize|p2|4\n|start\n|switch|p1a: Scovillain|Scovillain, L50, M, shiny|100/100\n|switch|p1b: Orthworm|Orthworm, L50, M|100/100\n|switch|p2a: Basculegion|Basculegion-F, L50, F, shiny|100/100\n|switch|p2b: Starmie|Starmie, L50, shiny|100/100\n|turn|1\n|\n|t:|1776444390\n|switch|p2b: Pelipper|Pelipper, L50, F|100/100\n|-weather|RainDance|[from] ability: Drizzle|[of] p2b: Pelipper\n|detailschange|p1a: Scovillain|Scovillain-Mega, L50, M, shiny\n|-mega|p1a: Scovillain|Scovillain|Scovillainite\n|move|p1a: Scovillain|Rage Powder|p1a: Scovillain\n|-singleturn|p1a: Scovillain|move: Rage Powder\n|move|p2a: Basculegion|Muddy Water|p1b: Orthworm|[spread] p1a\n|-miss|p2a: Basculegion|p1b: Orthworm\n|-damage|p1a: Scovillain|43/100\n|-unboost|p1a: Scovillain|accuracy|1\n|-status|p2a: Basculegion|brn|[from] ability: Spicy Spray|[of] p1a: Scovillain\n|move|p1b: Orthworm|Shed Tail|p1b: Orthworm\n|-start|p1b: Orthworm|Substitute|[from] move: Shed Tail\n|-damage|p1b: Orthworm|50/100\n|-enditem|p1b: Orthworm|Sitrus Berry|[eat]\n|-heal|p1b: Orthworm|75/100|[from] item: Sitrus Berry\n|\n|t:|1776444395\n|switch|p1b: Chandelure|Chandelure, L50, M|100/100|[from] Shed Tail\n|\n|-weather|RainDance|[upkeep]\n|-damage|p2a: Basculegion|94/100 brn|[from] brn\n|upkeep\n|turn|2\n|\n|t:|1776444411\n|move|p1a: Scovillain|Protect|p1a: Scovillain\n|-singleturn|p1a: Scovillain|Protect\n|move|p2a: Basculegion|Muddy Water|p1b: Chandelure|[spread] p1b\n|-activate|p1a: Scovillain|move: Protect\n|-supereffective|p1b: Chandelure|1\n|-end|p1b: Chandelure|Substitute\n|move|p1b: Chandelure|Hex|p2a: Basculegion\n|-supereffective|p2a: Basculegion|1\n|-damage|p2a: Basculegion|0 fnt\n|faint|p2a: Basculegion\n|move|p2b: Pelipper|Tailwind|p2b: Pelipper\n|-sidestart|p2: Isidino|move: Tailwind\n|\n|-weather|RainDance|[upkeep]\n|upkeep\n|\n|t:|1776444422\n|switch|p2a: Starmie|Starmie, L50, shiny|100/100\n|turn|3\n|\n|t:|1776444435\n|detailschange|p2a: Starmie|Starmie-Mega, L50, shiny\n|-mega|p2a: Starmie|Starmie|Starminite\n|move|p1a: Scovillain|Rage Powder|p1a: Scovillain\n|-singleturn|p1a: Scovillain|move: Rage Powder\n|move|p2a: Starmie|Liquidation|p1a: Scovillain\n|-damage|p1a: Scovillain|0 fnt\n|-status|p2a: Starmie|brn|[from] ability: Spicy Spray|[of] p1a: Scovillain\n|faint|p1a: Scovillain\n|move|p2b: Pelipper|Weather Ball|p1b: Chandelure\n|-supereffective|p1b: Chandelure|1\n|-damage|p1b: Chandelure|0 fnt\n|faint|p1b: Chandelure\n|\n|-weather|RainDance|[upkeep]\n|-damage|p2a: Starmie|95/100 brn|[from] brn\n|upkeep\n|\n|t:|1776444442\n|switch|p1b: Basculegion|Basculegion-F, L50, F, shiny|100/100\n|switch|p1a: Orthworm|Orthworm, L50, M|75/100\n|turn|4\n|\n|t:|1776444451\n|move|p1a: Orthworm|Protect|p1a: Orthworm\n|-singleturn|p1a: Orthworm|Protect\n|move|p2a: Starmie|Liquidation|p1a: Orthworm\n|-activate|p1a: Orthworm|move: Protect\n|move|p2b: Pelipper|Hurricane|p1b: Basculegion\n|-damage|p1b: Basculegion|50/100\n|-start|p1b: Basculegion|confusion\n|-activate|p1b: Basculegion|confusion\n|move|p1b: Basculegion|Hex|p2a: Starmie\n|-supereffective|p2a: Starmie|1\n|-damage|p2a: Starmie|0 fnt\n|faint|p2a: Starmie\n|\n|-weather|RainDance|[upkeep]\n|upkeep\n|\n|t:|1776444457\n|switch|p2a: Sneasler|Sneasler, L50, M|100/100\n|turn|5\n|\n|t:|1776444477\n|move|p2a: Sneasler|Close Combat|p1a: Orthworm\n|-supereffective|p1a: Orthworm|1\n|-damage|p1a: Orthworm|0 fnt\n|-unboost|p2a: Sneasler|def|1\n|-unboost|p2a: Sneasler|spd|1\n|faint|p1a: Orthworm\n|-enditem|p2a: Sneasler|White Herb\n|-clearnegativeboost|p2a: Sneasler|[silent]\n|move|p2b: Pelipper|Hurricane|p1b: Basculegion\n|-damage|p1b: Basculegion|0 fnt\n|faint|p1b: Basculegion\n|\n|win|Isidino\n|raw|zhz2021's rating: 1322 &rarr; <strong>1298</strong><br />(-24 for losing)\n|raw|Isidino's rating: 1243 &rarr; <strong>1274</strong><br />(+31 for winning)\n|l|\u2606zhz2021\n|player|p1|\n",
  "uploadtime": 1776444481,
  "views": 40,
  "formatid": "gen9championsvgc2026regma",
  "rating": 1274,
  "private": 0,
  "password": null
}