{
  "id": "gen9championsvgc2026regma-2582492510",
  "format": "[Gen 9 Champions] VGC 2026 Reg M-A",
  "players": [
    "thatoneguywithapen",
    "pinkfluit"
  ],
  "log": "|j|\u2606thatoneguywithapen\n|j|\u2606pinkfluit\n|t:|1776095163\n|gametype|doubles\n|player|p1|thatoneguywithapen|266|1098\n|player|p2|pinkfluit|wattson|1188\n|gen|9\n|tier|[Gen 9 Champions] VGC 2026 Reg M-A\n|rated|\n|rule|Species Clause: Limit one of each Pok\u00e9mon\n|rule|Item Clause: Limit 1 of each item\n|clearpoke\n|poke|p1|Golurk, L50|\n|poke|p1|Farigiraf, L50, M|\n|poke|p1|Incineroar, L50, M|\n|poke|p1|Torkoal, L50, F|\n|poke|p1|Sneasler, L50, M|\n|poke|p1|Venusaur, L50, M|\n|poke|p2|Glimmora, L50, M|\n|poke|p2|Corviknight, L50, F|\n|poke|p2|Sinistcha, L50|\n|poke|p2|Primarina, L50, M|\n|poke|p2|Incineroar, L50, M|\n|poke|p2|Dragapult, L50, M|\n|teampreview|4\n|\n|t:|1776095190\n|teamsize|p1|4\n|teamsize|p2|4\n|start\n|switch|p1a: Incineroar|Incineroar, L50, M, shiny|100/100\n|switch|p1b: Farigiraf|Farigiraf, L50, M, shiny|100/100\n|switch|p2a: Dragapult|Dragapult, L50, M|100/100\n|switch|p2b: Glimmora|Glimmora, L50, M|100/100\n|-ability|p1a: Incineroar|Intimidate|boost\n|-fail|p2a: Dragapult|unboost|[from] ability: Clear Body|[of] p2a: Dragapult\n|-unboost|p2b: Glimmora|atk|1\n|turn|1\n|\n|t:|1776095206\n|move|p1a: Incineroar|Fake Out|p2b: Glimmora\n|-resisted|p2b: Glimmora|1\n|-damage|p2b: Glimmora|95/100\n|-activate|p2b: Glimmora|ability: Toxic Debris\n|-sidestart|p1: thatoneguywithapen|move: Toxic Spikes\n|move|p2a: Dragapult|U-turn|p1b: Farigiraf\n|-supereffective|p1b: Farigiraf|1\n|-damage|p1b: Farigiraf|54/100\n|\n|t:|1776095213\n|switch|p2a: Primarina|Primarina, L50, M|100/100|[from] U-turn\n|cant|p2b: Glimmora|flinch\n|move|p1b: Farigiraf|Trick Room|p1b: Farigiraf\n|-fieldstart|move: Trick Room|[of] p1b: Farigiraf\n|\n|upkeep\n|turn|2\n|\n|t:|1776095240\n|detailschange|p2b: Glimmora|Glimmora-Mega, L50, M\n|-mega|p2b: Glimmora|Glimmora|Glimmoranite\n|move|p2b: Glimmora|Spiky Shield|p2b: Glimmora\n|-singleturn|p2b: Glimmora|move: Protect\n|move|p1b: Farigiraf|Psychic|p2b: Glimmora\n|-activate|p2b: Glimmora|move: Protect\n|move|p1a: Incineroar|Throat Chop|p2a: Primarina\n|-resisted|p2a: Primarina|1\n|-damage|p2a: Primarina|80/100\n|-start|p2a: Primarina|Throat Chop|[silent]\n|cant|p2a: Primarina|move: Throat Chop\n|\n|upkeep\n|turn|3\n|\n|t:|1776095263\n|move|p1b: Farigiraf|Psychic|p2b: Glimmora\n|-supereffective|p2b: Glimmora|1\n|-damage|p2b: Glimmora|3/100\n|move|p1a: Incineroar|Parting Shot|p2a: Primarina\n|-unboost|p2a: Primarina|atk|1\n|-unboost|p2a: Primarina|spa|1\n|\n|t:|1776095268\n|switch|p1a: Golurk|Golurk, L50, shiny|100/100|[from] Parting Shot\n|-status|p1a: Golurk|psn\n|move|p2a: Primarina|Moonblast|p1b: Farigiraf\n|-damage|p1b: Farigiraf|23/100\n|-enditem|p1b: Farigiraf|Sitrus Berry|[eat]\n|-heal|p1b: Farigiraf|47/100|[from] item: Sitrus Berry\n|move|p2b: Glimmora|Power Gem|p1a: Golurk\n|-resisted|p1a: Golurk|1\n|-damage|p1a: Golurk|63/100 psn\n|\n|-damage|p1a: Golurk|51/100 psn|[from] psn\n|-end|p2a: Primarina|Throat Chop|[silent]\n|upkeep\n|turn|4\n|\n|t:|1776095294\n|detailschange|p1a: Golurk|Golurk-Mega, L50, shiny\n|-mega|p1a: Golurk|Golurk|Golurkite\n|move|p1b: Farigiraf|Psychic|p2b: Glimmora\n|-supereffective|p2b: Glimmora|1\n|-damage|p2b: Glimmora|0 fnt\n|faint|p2b: Glimmora\n|move|p1a: Golurk|Headlong Rush|p2a: Primarina\n|-damage|p2a: Primarina|0 fnt\n|-unboost|p1a: Golurk|def|1\n|-unboost|p1a: Golurk|spd|1\n|faint|p2a: Primarina\n|\n|-damage|p1a: Golurk|39/100 psn|[from] psn\n|upkeep\n|\n|t:|1776095306\n|switch|p2a: Incineroar|Incineroar, L50, M|100/100\n|switch|p2b: Dragapult|Dragapult, L50, M|100/100\n|-ability|p2a: Incineroar|Intimidate|boost\n|-unboost|p1a: Golurk|atk|1\n|-unboost|p1b: Farigiraf|atk|1\n|turn|5\n|\n|t:|1776095345\n|move|p1b: Farigiraf|Hyper Voice|p2b: Dragapult|[spread] p2a\n|-immune|p2b: Dragapult\n|-damage|p2a: Incineroar|76/100\n|move|p1a: Golurk|Poltergeist|p2b: Dragapult\n|-activate|p2b: Dragapult|move: Poltergeist|Focus Sash\n|-supereffective|p2b: Dragapult|1\n|-enditem|p2b: Dragapult|Focus Sash\n|-damage|p2b: Dragapult|1/100\n|move|p2a: Incineroar|Darkest Lariat|p1b: Farigiraf\n|-supereffective|p1b: Farigiraf|1\n|-damage|p1b: Farigiraf|0 fnt\n|faint|p1b: Farigiraf\n|move|p2b: Dragapult|Dragon Darts|p1a: Golurk\n|-damage|p1a: Golurk|1/100 psn\n|-anim|p2b: Dragapult|Dragon Darts|p1a: Golurk\n|-damage|p1a: Golurk|0 fnt\n|faint|p1a: Golurk\n|\n|-fieldend|move: Trick Room\n|upkeep\n|\n|t:|1776095361\n|switch|p1a: Torkoal|Torkoal, L50, F, shiny|100/100\n|switch|p1b: Incineroar|Incineroar, L50, M, shiny|100/100\n|-status|p1b: Incineroar|psn\n|-ability|p1b: Incineroar|Intimidate|boost\n|-unboost|p2a: Incineroar|atk|1\n|-fail|p2b: Dragapult|unboost|[from] ability: Clear Body|[of] p2b: Dragapult\n|-status|p1a: Torkoal|psn\n|-weather|SunnyDay|[from] ability: Drought|[of] p1a: Torkoal\n|turn|6\n|\n|t:|1776095381\n|move|p1b: Incineroar|Fake Out|p2a: Incineroar\n|-damage|p2a: Incineroar|67/100\n|move|p2b: Dragapult|Dragon Darts|p1a: Torkoal\n|-damage|p1a: Torkoal|79/100 psn\n|-anim|p2b: Dragapult|Dragon Darts|p1b: Incineroar\n|-damage|p1b: Incineroar|82/100 psn\n|cant|p2a: Incineroar|flinch\n|move|p1a: Torkoal|Weather Ball|p2b: Dragapult\n|-resisted|p2b: Dragapult|1\n|-damage|p2b: Dragapult|0 fnt\n|faint|p2b: Dragapult\n|\n|-weather|SunnyDay|[upkeep]\n|-damage|p1b: Incineroar|69/100 psn|[from] psn\n|-damage|p1a: Torkoal|67/100 psn|[from] psn\n|upkeep\n|turn|7\n|\n|t:|1776095404\n|move|p1b: Incineroar|Throat Chop|p2a: Incineroar\n|-resisted|p2a: Incineroar|1\n|-damage|p2a: Incineroar|54/100\n|-start|p2a: Incineroar|Throat Chop|[silent]\n|move|p2a: Incineroar|Flare Blitz|p1b: Incineroar\n|-resisted|p1b: Incineroar|1\n|-damage|p1b: Incineroar|51/100 psn\n|-damage|p2a: Incineroar|48/100|[from] Recoil\n|move|p1a: Torkoal|Weather Ball|p2a: Incineroar\n|-resisted|p2a: Incineroar|1\n|-damage|p2a: Incineroar|14/100\n|\n|-weather|SunnyDay|[upkeep]\n|-damage|p1b: Incineroar|39/100 psn|[from] psn\n|-damage|p1a: Torkoal|54/100 psn|[from] psn\n|upkeep\n|turn|8\n|\n|t:|1776095422\n|move|p1b: Incineroar|Throat Chop|p2a: Incineroar\n|-resisted|p2a: Incineroar|1\n|-damage|p2a: Incineroar|2/100\n|move|p2a: Incineroar|Flare Blitz|p1a: Torkoal\n|-resisted|p1a: Torkoal|1\n|-damage|p1a: Torkoal|36/100 psn\n|-damage|p2a: Incineroar|0 fnt|[from] Recoil\n|faint|p2a: Incineroar\n|\n|win|thatoneguywithapen\n|raw|thatoneguywithapen's rating: 1098 &rarr; <strong>1130</strong><br />(+32 for winning)\n|raw|pinkfluit's rating: 1188 &rarr; <strong>1157</strong><br />(-31 for losing)\n|l|\u2606pinkfluit\n|player|p2|\n",
  "uploadtime": 1776095435,
  "views": 63,
  "formatid": "gen9championsvgc2026regma",
  "rating": 1130,
  "private": 0,
  "password": null
}