{
  "id": "gen9championsvgc2026regma-2587858462",
  "format": "[Gen 9 Champions] VGC 2026 Reg M-A",
  "players": [
    "HueCicero",
    "Anicredible"
  ],
  "log": "|j|\u2606HueCicero\n|j|\u2606Anicredible\n|t:|1776571405\n|gametype|doubles\n|player|p1|HueCicero|170|1000\n|player|p2|Anicredible|schoolkid-gen4|1073\n|gen|9\n|tier|[Gen 9 Champions] VGC 2026 Reg M-A\n|rated|\n|rule|Species Clause: Limit one of each Pok\u00e9mon\n|rule|Item Clause: Limit 1 of each item\n|clearpoke\n|poke|p1|Tyranitar, L50, F|\n|poke|p1|Glimmora, L50, M|\n|poke|p1|Excadrill, L50, M|\n|poke|p1|Sinistcha, L50|\n|poke|p1|Corviknight, L50, F|\n|poke|p1|Milotic, L50, F|\n|poke|p2|Kangaskhan, L50, F|\n|poke|p2|Sinistcha, L50|\n|poke|p2|Sneasler, L50, F|\n|poke|p2|Whimsicott, L50, F|\n|poke|p2|Corviknight, L50, F|\n|poke|p2|Primarina, L50, F|\n|teampreview|4\n|inactive|Battle timer is ON: inactive players will automatically lose when time's up. (requested by Anicredible)\nAnicredible rejected open team sheets.\n|inactive|HueCicero has 60 seconds left.\n|inactive|Anicredible has 60 seconds left.\n|inactive|Anicredible has 30 seconds left.\n|\n|t:|1776571467\n|teamsize|p1|4\n|teamsize|p2|4\n|start\n|switch|p1a: Corviknight|Corviknight, L50, F|100/100\n|switch|p1b: Tyranitar|Tyranitar, L50, F|100/100\n|switch|p2a: Primarina|Primarina, L50, F|100/100\n|switch|p2b: Whimsicott|Whimsicott, L50, F|100/100\n|-weather|Sandstorm|[from] ability: Sand Stream|[of] p1b: Tyranitar\n|turn|1\n|\n|t:|1776571490\n|move|p2b: Whimsicott|Taunt|p1a: Corviknight\n|-start|p1a: Corviknight|move: Taunt\n|move|p2a: Primarina|Calm Mind|p2a: Primarina\n|-boost|p2a: Primarina|spa|1\n|-boost|p2a: Primarina|spd|1\n|cant|p1a: Corviknight|move: Taunt|Bulk Up\n|move|p1b: Tyranitar|Rock Slide|p2b: Whimsicott|[spread] p2a,p2b\n|-damage|p2a: Primarina|64/100\n|-damage|p2b: Whimsicott|49/100\n|\n|-weather|Sandstorm|[upkeep]\n|-damage|p2b: Whimsicott|44/100|[from] Sandstorm\n|-damage|p2a: Primarina|58/100|[from] Sandstorm\n|upkeep\n|turn|2\n|inactive|HueCicero has 30 seconds left.\n|\n|t:|1776571521\n|switch|p1a: Glimmora|Glimmora, L50, M|100/100\n|move|p2b: Whimsicott|Moonblast|p1b: Tyranitar\n|-supereffective|p1b: Tyranitar|1\n|-damage|p1b: Tyranitar|57/100\n|move|p2a: Primarina|Hyper Voice|p1b: Tyranitar|[spread] p1a,p1b\n|-supereffective|p1a: Glimmora|1\n|-supereffective|p1b: Tyranitar|1\n|-damage|p1a: Glimmora|0 fnt\n|-damage|p1b: Tyranitar|0 fnt\n|faint|p1a: Glimmora\n|faint|p1b: Tyranitar\n|\n|-weather|Sandstorm|[upkeep]\n|-damage|p2b: Whimsicott|38/100|[from] Sandstorm\n|-damage|p2a: Primarina|52/100|[from] Sandstorm\n|upkeep\n|\n|t:|1776571536\n|switch|p1a: Corviknight|Corviknight, L50, F|100/100\n|switch|p1b: Sinistcha|Sinistcha, L50|100/100\n|turn|3\n|\n|t:|1776571548\n|move|p2a: Primarina|Protect|p2a: Primarina\n|-singleturn|p2a: Primarina|Protect\n|move|p2b: Whimsicott|Taunt|p1a: Corviknight\n|-start|p1a: Corviknight|move: Taunt\n|move|p1b: Sinistcha|Matcha Gotcha|p2b: Whimsicott|[spread] p2b\n|-activate|p2a: Primarina|move: Protect\n|-resisted|p2b: Whimsicott|1\n|-damage|p2b: Whimsicott|17/100\n|cant|p1a: Corviknight|move: Taunt|Bulk Up\n|\n|-weather|Sandstorm|[upkeep]\n|-damage|p2b: Whimsicott|11/100|[from] Sandstorm\n|-damage|p2a: Primarina|46/100|[from] Sandstorm\n|-damage|p1b: Sinistcha|94/100|[from] Sandstorm\n|upkeep\n|turn|4\n|\n|t:|1776571570\n|move|p2b: Whimsicott|Taunt|p1b: Sinistcha\n|-start|p1b: Sinistcha|move: Taunt\n|move|p2a: Primarina|Hyper Voice|p1b: Sinistcha|[spread] p1a,p1b\n|-resisted|p1b: Sinistcha|1\n|-damage|p1a: Corviknight|46/100\n|-damage|p1b: Sinistcha|58/100\n|move|p1b: Sinistcha|Matcha Gotcha|p2b: Whimsicott|[spread] p2a,p2b\n|-supereffective|p2a: Primarina|1\n|-resisted|p2b: Whimsicott|1\n|-damage|p2a: Primarina|14/100\n|-heal|p1b: Sinistcha|75/100|[from] drain|[of] p2a: Primarina\n|-damage|p2b: Whimsicott|0 fnt\n|-heal|p1b: Sinistcha|79/100|[from] drain|[of] p2b: Whimsicott\n|faint|p2b: Whimsicott\n|move|p1a: Corviknight|Body Press|p2a: Primarina\n|-resisted|p2a: Primarina|1\n|-damage|p2a: Primarina|0 fnt\n|faint|p2a: Primarina\n|\n|-weather|Sandstorm|[upkeep]\n|-damage|p1b: Sinistcha|72/100|[from] Sandstorm\n|-heal|p1a: Corviknight|52/100|[from] item: Leftovers\n|upkeep\n|\n|t:|1776571580\n|switch|p2b: Sneasler|Sneasler, L50, F|100/100\n|switch|p2a: Corviknight|Corviknight, L50, F|100/100\n|turn|5\n|\n|t:|1776571602\n|move|p2b: Sneasler|Coaching|p2a: Corviknight\n|-boost|p2a: Corviknight|atk|1\n|-boost|p2a: Corviknight|def|1\n|move|p1b: Sinistcha|Matcha Gotcha|p2a: Corviknight|[spread] p2a,p2b\n|-resisted|p2a: Corviknight|2\n|-resisted|p2b: Sneasler|1\n|-damage|p2a: Corviknight|94/100\n|-heal|p1b: Sinistcha|76/100|[from] drain|[of] p2a: Corviknight\n|-damage|p2b: Sneasler|82/100\n|-heal|p1b: Sinistcha|84/100|[from] drain|[of] p2b: Sneasler\n|move|p2a: Corviknight|Brave Bird|p1b: Sinistcha\n|-supereffective|p1b: Sinistcha|1\n|-damage|p1b: Sinistcha|0 fnt\n|faint|p1b: Sinistcha\n|-damage|p2a: Corviknight|66/100|[from] Recoil\n|move|p1a: Corviknight|Body Press|p2a: Corviknight\n|-damage|p2a: Corviknight|53/100\n|\n|-weather|none\n|-heal|p1a: Corviknight|58/100|[from] item: Leftovers\n|-heal|p2a: Corviknight|59/100|[from] item: Leftovers\n|-end|p1a: Corviknight|move: Taunt\n|upkeep\n|turn|6\n|inactive|HueCicero has 30 seconds left.\n|c|\u2606Anicredible|ggwp\n|inactive|HueCicero has 20 seconds left.\n|inactive|HueCicero has 15 seconds left.\n|inactive|HueCicero has 10 seconds left.\n|inactive|Anicredible has 30 seconds left.\n|inactive|HueCicero has 5 seconds left.\n|\n|t:|1776571657\n|move|p2b: Sneasler|Close Combat|p1a: Corviknight\n|-damage|p1a: Corviknight|21/100\n|-unboost|p2b: Sneasler|def|1\n|-unboost|p2b: Sneasler|spd|1\n|-enditem|p2b: Sneasler|White Herb\n|-clearnegativeboost|p2b: Sneasler|[silent]\n|move|p2a: Corviknight|Body Press|p1a: Corviknight\n|-damage|p1a: Corviknight|0 fnt\n|faint|p1a: Corviknight\n|\n|win|Anicredible\n|raw|HueCicero's rating: 1000 &rarr; <strong>1000</strong><br />(+0 for losing)\n|raw|Anicredible's rating: 1073 &rarr; <strong>1096</strong><br />(+23 for winning)\n",
  "uploadtime": 1776571666,
  "views": 7,
  "formatid": "gen9championsvgc2026regma",
  "rating": 1000,
  "private": 0,
  "password": null
}