{
  "id": "gen9championsvgc2026regma-2585671268",
  "format": "[Gen 9 Champions] VGC 2026 Reg M-A",
  "players": [
    "Ziocinghia98",
    "Phillip Blevin"
  ],
  "log": "|j|\u2606Ziocinghia98\n|j|\u2606Phillip Blevin\n|t:|1776362618\n|gametype|doubles\n|player|p1|Ziocinghia98|lucas|1320\n|player|p2|Phillip Blevin|cynthia-masters4|1272\n|gen|9\n|tier|[Gen 9 Champions] VGC 2026 Reg M-A\n|rated|\n|rule|Species Clause: Limit one of each Pok\u00e9mon\n|rule|Item Clause: Limit 1 of each item\n|clearpoke\n|poke|p1|Scizor, L50, M|\n|poke|p1|Meganium, L50, M|\n|poke|p1|Basculegion, L50, M|\n|poke|p1|Archaludon, L50, F|\n|poke|p1|Incineroar, L50, F|\n|poke|p1|Pelipper, L50, F|\n|poke|p2|Lopunny, L50, F|\n|poke|p2|Corviknight, L50, M|\n|poke|p2|Garchomp, L50, M|\n|poke|p2|Arcanine-Hisui, L50, F|\n|poke|p2|Froslass, L50, F|\n|poke|p2|Rotom-Wash, L50|\n|teampreview|4\n|inactive|Battle timer is ON: inactive players will automatically lose when time's up. (requested by Phillip Blevin)\nPhillip Blevin has agreed to open team sheets.\n|inactive|Ziocinghia98 has 60 seconds left.\n|\n|t:|1776362672\n|teamsize|p1|4\n|teamsize|p2|4\n|start\n|switch|p1a: Archaludon|Archaludon, L50, F|100/100\n|switch|p1b: Basculegion|Basculegion, L50, M|100/100\n|switch|p2a: Rotom|Rotom-Wash, L50|100/100\n|switch|p2b: Lopunny|Lopunny, L50, F|100/100\n|turn|1\n|inactive|Ziocinghia98 has 30 seconds left.\n|inactive|Phillip Blevin has 30 seconds left.\n|\n|t:|1776362707\n|detailschange|p2b: Lopunny|Lopunny-Mega, L50, F\n|-mega|p2b: Lopunny|Lopunny|Lopunnite\n|move|p2b: Lopunny|Fake Out|p1b: Basculegion\n|-damage|p1b: Basculegion|78/100\n|move|p2a: Rotom|Electroweb|p1b: Basculegion|[spread] p1a,p1b\n|-resisted|p1a: Archaludon|1\n|-supereffective|p1b: Basculegion|1\n|-damage|p1a: Archaludon|91/100\n|-damage|p1b: Basculegion|43/100\n|-unboost|p1a: Archaludon|spe|1\n|-unboost|p1b: Basculegion|spe|1\n|-ability|p1a: Archaludon|Stamina|boost\n|-boost|p1a: Archaludon|def|1\n|cant|p1b: Basculegion|flinch\n|move|p1a: Archaludon|Electro Shot||[still]\n|-prepare|p1a: Archaludon|Electro Shot\n|-boost|p1a: Archaludon|spa|1\n|\n|upkeep\n|turn|2\n|inactive|Ziocinghia98 has 30 seconds left.\n|\n|t:|1776362734\n|switch|p1b: Incineroar|Incineroar, L50, F|100/100\n|-ability|p1b: Incineroar|Intimidate|boost\n|-unboost|p2a: Rotom|atk|1\n|-fail|p2b: Lopunny|unboost|Attack|[from] ability: Scrappy|[of] p2b: Lopunny\n|move|p2b: Lopunny|Protect|p2b: Lopunny\n|-singleturn|p2b: Lopunny|Protect\n|move|p2a: Rotom|Electroweb|p1b: Incineroar|[spread] p1a,p1b\n|-resisted|p1a: Archaludon|1\n|-damage|p1a: Archaludon|82/100\n|-damage|p1b: Incineroar|89/100\n|-unboost|p1a: Archaludon|spe|1\n|-unboost|p1b: Incineroar|spe|1\n|-ability|p1a: Archaludon|Stamina|boost\n|-boost|p1a: Archaludon|def|1\n|move|p1a: Archaludon|Electro Shot|p2a: Rotom|[from] lockedmove\n|-damage|p2a: Rotom|29/100\n|\n|upkeep\n|turn|3\n|inactive|Ziocinghia98 has 30 seconds left.\n|inactive|Ziocinghia98 has 20 seconds left.\n|\n|t:|1776362771\n|switch|p2a: Garchomp|Garchomp, L50, M|100/100\n|move|p1b: Incineroar|Fake Out|p2b: Lopunny\n|-damage|p2b: Lopunny|88/100\n|cant|p2b: Lopunny|flinch\n|move|p1a: Archaludon|Dragon Pulse|p2b: Lopunny\n|-damage|p2b: Lopunny|5/100\n|\n|upkeep\n|turn|4\n|inactive|Phillip Blevin has 30 seconds left.\n|\n|t:|1776362797\n|switch|p2b: Rotom|Rotom-Wash, L50|29/100\n|switch|p1b: Pelipper|Pelipper, L50, F|100/100\n|-weather|RainDance|[from] ability: Drizzle|[of] p1b: Pelipper\n|move|p1a: Archaludon|Protect|p1a: Archaludon\n|-singleturn|p1a: Archaludon|Protect\n|move|p2a: Garchomp|Earthquake|p1b: Pelipper|[spread] \n|-activate|p1a: Archaludon|move: Protect\n|-immune|p2b: Rotom|[from] ability: Levitate\n|-immune|p1b: Pelipper\n|\n|-weather|RainDance|[upkeep]\n|upkeep\n|turn|5\n|inactive|Ziocinghia98 has 30 seconds left.\n|inactive|Phillip Blevin has 30 seconds left.\n|\n|t:|1776362831\n|move|p2a: Garchomp|Protect|p2a: Garchomp\n|-singleturn|p2a: Garchomp|Protect\n|move|p2b: Rotom|Trick|p1a: Archaludon\n|-activate|p2b: Rotom|move: Trick|[of] p1a: Archaludon\n|-item|p1a: Archaludon|Choice Scarf|[from] move: Trick\n|-item|p2b: Rotom|Sitrus Berry|[from] move: Trick\n|-enditem|p2b: Rotom|Sitrus Berry|[eat]\n|-heal|p2b: Rotom|53/100|[from] item: Sitrus Berry\n|move|p1b: Pelipper|Tailwind|p1b: Pelipper\n|-sidestart|p1: Ziocinghia98|move: Tailwind\n|move|p1a: Archaludon|Dragon Pulse|p2a: Garchomp\n|-activate|p2a: Garchomp|move: Protect\n|\n|-weather|RainDance|[upkeep]\n|upkeep\n|turn|6\n|inactive|Phillip Blevin has 30 seconds left.\n|\n|t:|1776362859\n|move|p1b: Pelipper|Hurricane|p2b: Rotom\n|-resisted|p2b: Rotom|1\n|-damage|p2b: Rotom|26/100\n|move|p2a: Garchomp|Rock Slide|p1b: Pelipper|[spread] p1a,p1b\n|-resisted|p1a: Archaludon|1\n|-supereffective|p1b: Pelipper|1\n|-damage|p1a: Archaludon|79/100\n|-damage|p1b: Pelipper|50/100\n|-ability|p1a: Archaludon|Stamina|boost\n|-boost|p1a: Archaludon|def|1\n|cant|p1a: Archaludon|flinch\n|move|p2b: Rotom|Electroweb|p1b: Pelipper|[spread] p1a,p1b\n|-resisted|p1a: Archaludon|1\n|-supereffective|p1b: Pelipper|2\n|-damage|p1a: Archaludon|70/100\n|-damage|p1b: Pelipper|0 fnt\n|-unboost|p1a: Archaludon|spe|1\n|-ability|p1a: Archaludon|Stamina|boost\n|-boost|p1a: Archaludon|def|1\n|faint|p1b: Pelipper\n|\n|-weather|RainDance|[upkeep]\n|upkeep\n|\n|t:|1776362878\n|switch|p1b: Basculegion|Basculegion, L50, M|43/100\n|turn|7\n|\n|t:|1776362891\n|move|p1b: Basculegion|Flip Turn|p2b: Rotom\n|-resisted|p2b: Rotom|1\n|-damage|p2b: Rotom|0 fnt\n|faint|p2b: Rotom\n|\n|t:|1776362895\n|switch|p1b: Incineroar|Incineroar, L50, F|89/100|[from] Flip Turn\n|-ability|p1b: Incineroar|Intimidate|boost\n|-unboost|p2a: Garchomp|atk|1\n|move|p2a: Garchomp|Earthquake|p1b: Incineroar|[spread] p1a,p1b\n|-supereffective|p1a: Archaludon|1\n|-supereffective|p1b: Incineroar|1\n|-enditem|p1b: Incineroar|Shuca Berry|[eat]\n|-enditem|p1b: Incineroar|Shuca Berry|[weaken]\n|-damage|p1a: Archaludon|54/100\n|-damage|p1b: Incineroar|63/100\n|-ability|p1a: Archaludon|Stamina|boost\n|-boost|p1a: Archaludon|def|1\n|move|p1a: Archaludon|Dragon Pulse|p2a: Garchomp\n|-supereffective|p2a: Garchomp|1\n|-damage|p2a: Garchomp|0 fnt\n|faint|p2a: Garchomp\n|\n|-weather|RainDance|[upkeep]\n|upkeep\n|\n|t:|1776362903\n|switch|p2a: Lopunny|Lopunny-Mega, L50, F|5/100\n|switch|p2b: Froslass|Froslass, L50, F|100/100\n|turn|8\n|inactive|Ziocinghia98 has 30 seconds left.\n|inactive|Ziocinghia98 has 20 seconds left.\n|\n|t:|1776362940\n|move|p2a: Lopunny|Protect|p2a: Lopunny\n|-singleturn|p2a: Lopunny|Protect\n|move|p2b: Froslass|Protect|p2b: Froslass\n|-singleturn|p2b: Froslass|Protect\n|move|p1b: Incineroar|Fake Out|p2b: Froslass\n|-activate|p2b: Froslass|move: Protect\n|move|p1a: Archaludon|Dragon Pulse|p2a: Lopunny\n|-activate|p2a: Lopunny|move: Protect\n|\n|-weather|none\n|-sideend|p1: Ziocinghia98|move: Tailwind\n|upkeep\n|turn|9\n|\n|t:|1776362954\n|move|p2a: Lopunny|Close Combat|p1a: Archaludon\n|-supereffective|p1a: Archaludon|1\n|-damage|p1a: Archaludon|27/100\n|-unboost|p2a: Lopunny|def|1\n|-unboost|p2a: Lopunny|spd|1\n|-ability|p1a: Archaludon|Stamina|boost\n|-boost|p1a: Archaludon|def|1\n|move|p2b: Froslass|Blizzard|p1b: Incineroar|[spread] p1a,p1b\n|-crit|p1a: Archaludon\n|-resisted|p1b: Incineroar|1\n|-damage|p1a: Archaludon|0 fnt\n|-damage|p1b: Incineroar|51/100\n|faint|p1a: Archaludon\n|move|p1b: Incineroar|Parting Shot|p2b: Froslass\n|-unboost|p2b: Froslass|atk|1\n|-unboost|p2b: Froslass|spa|1\n|\n|t:|1776362967\n|switch|p1b: Basculegion|Basculegion, L50, M|43/100|[from] Parting Shot\n|\n|upkeep\n|\n|t:|1776362972\n|switch|p1a: Incineroar|Incineroar, L50, F|51/100\n|-ability|p1a: Incineroar|Intimidate|boost\n|-fail|p2a: Lopunny|unboost|Attack|[from] ability: Scrappy|[of] p2a: Lopunny\n|-unboost|p2b: Froslass|atk|1\n|turn|10\n|\n|t:|1776362981\n|move|p2a: Lopunny|Protect|p2a: Lopunny\n|-singleturn|p2a: Lopunny|Protect\n|move|p1a: Incineroar|Fake Out|p2a: Lopunny\n|-activate|p2a: Lopunny|move: Protect\n|move|p1b: Basculegion|Last Respects|p2b: Froslass\n|-supereffective|p2b: Froslass|1\n|-damage|p2b: Froslass|0 fnt\n|faint|p2b: Froslass\n|\n|upkeep\n|turn|11\n|\n|t:|1776362996\n|move|p1b: Basculegion|Last Respects|p2a: Lopunny\n|-immune|p2a: Lopunny\n|move|p2a: Lopunny|Close Combat|p1a: Incineroar\n|-supereffective|p1a: Incineroar|1\n|-crit|p1a: Incineroar\n|-damage|p1a: Incineroar|0 fnt\n|-unboost|p2a: Lopunny|def|1\n|-unboost|p2a: Lopunny|spd|1\n|faint|p1a: Incineroar\n|\n|upkeep\n|turn|12\n|\n|t:|1776363015\n|move|p1b: Basculegion|Last Respects|p2a: Lopunny\n|-immune|p2a: Lopunny\n|move|p2a: Lopunny|Close Combat|p1b: Basculegion\n|-damage|p1b: Basculegion|0 fnt\n|-unboost|p2a: Lopunny|def|1\n|-unboost|p2a: Lopunny|spd|1\n|faint|p1b: Basculegion\n|\n|win|Phillip Blevin\n|raw|Ziocinghia98's rating: 1320 &rarr; <strong>1297</strong><br />(-23 for losing)\n|raw|Phillip Blevin's rating: 1272 &rarr; <strong>1300</strong><br />(+28 for winning)\n",
  "uploadtime": 1776363027,
  "views": 49,
  "formatid": "gen9championsvgc2026regma",
  "rating": 1297,
  "private": 0,
  "password": null
}