{
  "id": "gen9championsvgc2026regma-2587618089",
  "format": "[Gen 9 Champions] VGC 2026 Reg M-A",
  "players": [
    "lolgz",
    "enieshobby"
  ],
  "log": "|j|\u2606lolgz\n|j|\u2606enieshobby\n|t:|1776547434\n|gametype|doubles\n|player|p1|lolgz|dawn|1396\n|player|p2|enieshobby|170|1323\n|gen|9\n|tier|[Gen 9 Champions] VGC 2026 Reg M-A\n|rated|\n|rule|Species Clause: Limit one of each Pok\u00e9mon\n|rule|Item Clause: Limit 1 of each item\n|clearpoke\n|poke|p1|Charizard, L50, F|\n|poke|p1|Basculegion, L50, M|\n|poke|p1|Garchomp, L50, F|\n|poke|p1|Floette-Eternal, L50, F|\n|poke|p1|Aerodactyl, L50, F|\n|poke|p1|Sinistcha, L50|\n|poke|p2|Corviknight, L50, F|\n|poke|p2|Ninetales-Alola, L50, F|\n|poke|p2|Glimmora, L50, F|\n|poke|p2|Tyranitar, L50, M|\n|poke|p2|Rotom-Wash, L50|\n|poke|p2|Excadrill, L50, F|\n|teampreview|4\n|\n|t:|1776547457\n|teamsize|p1|4\n|teamsize|p2|4\n|start\n|switch|p1a: Aerodactyl|Aerodactyl, L50, F|100/100\n|switch|p1b: Garchomp|Garchomp, L50, F|100/100\n|switch|p2a: Glimmora|Glimmora, L50, F|100/100\n|switch|p2b: Excadrill|Excadrill, L50, F|100/100\n|-ability|p1a: Aerodactyl|Unnerve\n|turn|1\n|\n|t:|1776547476\n|switch|p2b: Corviknight|Corviknight, L50, F|100/100\n|move|p2a: Glimmora|Spiky Shield|p2a: Glimmora\n|-singleturn|p2a: Glimmora|move: Protect\n|move|p1a: Aerodactyl|Tailwind|p1a: Aerodactyl\n|-sidestart|p1: lolgz|move: Tailwind\n|move|p1b: Garchomp|Earthquake|p2a: Glimmora|[spread] \n|-activate|p2a: Glimmora|move: Protect\n|-immune|p1a: Aerodactyl\n|-immune|p2b: Corviknight\n|\n|upkeep\n|turn|2\n|\n|t:|1776547491\n|switch|p1a: Basculegion|Basculegion, L50, M|100/100\n|move|p1b: Garchomp|Stomping Tantrum|p2a: Glimmora\n|-supereffective|p2a: Glimmora|2\n|-damage|p2a: Glimmora|0 fnt\n|-activate|p2a: Glimmora|ability: Toxic Debris\n|-sidestart|p1: lolgz|move: Toxic Spikes\n|faint|p2a: Glimmora\n|move|p2b: Corviknight|Iron Defense|p2b: Corviknight\n|-boost|p2b: Corviknight|def|2\n|\n|upkeep\n|\n|t:|1776547499\n|switch|p2a: Tyranitar|Tyranitar, L50, M|100/100\n|-weather|Sandstorm|[from] ability: Sand Stream|[of] p2a: Tyranitar\n|turn|3\n|\n|t:|1776547505\n|detailschange|p2a: Tyranitar|Tyranitar-Mega, L50, M\n|-mega|p2a: Tyranitar|Tyranitar|Tyranitarite\n|move|p2a: Tyranitar|Protect|p2a: Tyranitar\n|-singleturn|p2a: Tyranitar|Protect\n|move|p1a: Basculegion|Wave Crash|p2b: Corviknight\n|-damage|p2b: Corviknight|65/100\n|-damage|p1a: Basculegion|88/100|[from] Recoil\n|move|p1b: Garchomp|Stomping Tantrum|p2a: Tyranitar\n|-activate|p2a: Tyranitar|move: Protect\n|move|p2b: Corviknight|Iron Defense|p2b: Corviknight\n|-boost|p2b: Corviknight|def|2\n|\n|-weather|Sandstorm|[upkeep]\n|-damage|p1a: Basculegion|82/100|[from] Sandstorm\n|upkeep\n|turn|4\n|\n|t:|1776547531\n|move|p1a: Basculegion|Wave Crash|p2b: Corviknight\n|-damage|p2b: Corviknight|44/100\n|-damage|p1a: Basculegion|74/100|[from] Recoil\n|move|p1b: Garchomp|Stomping Tantrum|p2a: Tyranitar\n|-supereffective|p2a: Tyranitar|1\n|-damage|p2a: Tyranitar|59/100\n|move|p2a: Tyranitar|Knock Off|p1a: Basculegion\n|-supereffective|p1a: Basculegion|1\n|-damage|p1a: Basculegion|0 fnt\n|-enditem|p1a: Basculegion|Choice Scarf|[from] move: Knock Off|[of] p2a: Tyranitar\n|faint|p1a: Basculegion\n|move|p2b: Corviknight|Iron Defense|p2b: Corviknight\n|-boost|p2b: Corviknight|def|2\n|\n|-weather|Sandstorm|[upkeep]\n|-sideend|p1: lolgz|move: Tailwind\n|upkeep\n|\n|t:|1776547542\n|switch|p1a: Floette|Floette-Eternal, L50, F|100/100\n|-status|p1a: Floette|psn\n|turn|5\n|\n|t:|1776547556\n|detailschange|p1a: Floette|Floette-Mega, L50, F\n|-mega|p1a: Floette|Floette|Floettite\n|-ability|p1a: Floette|Fairy Aura\n|move|p2a: Tyranitar|Protect|p2a: Tyranitar\n|-singleturn|p2a: Tyranitar|Protect\n|move|p1b: Garchomp|Stomping Tantrum|p2a: Tyranitar\n|-activate|p2a: Tyranitar|move: Protect\n|move|p1a: Floette|Light of Ruin|p2b: Corviknight\n|-resisted|p2b: Corviknight|1\n|-damage|p2b: Corviknight|3/100\n|-damage|p1a: Floette|72/100 psn|[from] Recoil\n|move|p2b: Corviknight|Heavy Slam|p1a: Floette\n|-supereffective|p1a: Floette|1\n|-damage|p1a: Floette|36/100 psn\n|\n|-weather|Sandstorm|[upkeep]\n|-damage|p1a: Floette|30/100 psn|[from] Sandstorm\n|-damage|p1a: Floette|18/100 psn|[from] psn\n|upkeep\n|turn|6\n|\n|t:|1776547585\n|switch|p2a: Excadrill|Excadrill, L50, F|100/100\n|move|p2b: Corviknight|Protect|p2b: Corviknight\n|-singleturn|p2b: Corviknight|Protect\n|move|p1a: Floette|Dazzling Gleam|p2a: Excadrill|[spread] p2a\n|-activate|p2b: Corviknight|move: Protect\n|-resisted|p2a: Excadrill|1\n|-damage|p2a: Excadrill|67/100\n|move|p1b: Garchomp|Stomping Tantrum|p2a: Excadrill\n|-supereffective|p2a: Excadrill|1\n|-damage|p2a: Excadrill|0 fnt\n|faint|p2a: Excadrill\n|\n|-weather|Sandstorm|[upkeep]\n|-damage|p1a: Floette|12/100 psn|[from] Sandstorm\n|-damage|p1a: Floette|0 fnt|[from] psn\n|faint|p1a: Floette\n|upkeep\n|\n|t:|1776547597\n|switch|p1a: Aerodactyl|Aerodactyl, L50, F|100/100\n|switch|p2a: Tyranitar|Tyranitar-Mega, L50, M|59/100\n|-ability|p1a: Aerodactyl|Unnerve\n|turn|7\n|\n|t:|1776547606\n|move|p1a: Aerodactyl|Dual Wingbeat|p2b: Corviknight\n|-resisted|p2b: Corviknight|1\n|-damage|p2b: Corviknight|1/100\n|-resisted|p2b: Corviknight|1\n|-crit|p2b: Corviknight\n|-damage|p2b: Corviknight|0 fnt\n|faint|p2b: Corviknight\n|-hitcount|p2: Corviknight|2\n|move|p1b: Garchomp|Stomping Tantrum|p2a: Tyranitar\n|-supereffective|p2a: Tyranitar|1\n|-damage|p2a: Tyranitar|13/100\n|move|p2a: Tyranitar|Ice Punch|p1b: Garchomp\n|-supereffective|p1b: Garchomp|2\n|-damage|p1b: Garchomp|0 fnt\n|-damage|p2a: Tyranitar|0 fnt|[from] ability: Rough Skin|[of] p1b: Garchomp\n|faint|p1b: Garchomp\n|faint|p2a: Tyranitar\n|\n|win|lolgz\n|raw|lolgz's rating: 1396 &rarr; <strong>1412</strong><br />(+16 for winning)\n|raw|enieshobby's rating: 1323 &rarr; <strong>1307</strong><br />(-16 for losing)\n",
  "uploadtime": 1776547606,
  "views": 20,
  "formatid": "gen9championsvgc2026regma",
  "rating": 1307,
  "private": 0,
  "password": null
}