{
  "id": "gen9championsvgc2026regma-2581675548",
  "format": "[Gen 9 Champions] VGC 2026 Reg M-A",
  "players": [
    "TeaTimeTrainer",
    "DracoSpirit"
  ],
  "log": "|j|\u2606TeaTimeTrainer\n|j|\u2606DracoSpirit\n|t:|1776019857\n|gametype|doubles\n|player|p1|TeaTimeTrainer|1|1390\n|player|p2|DracoSpirit|ingo|1342\n|gen|9\n|tier|[Gen 9 Champions] VGC 2026 Reg M-A\n|rated|\n|rule|Species Clause: Limit one of each Pok\u00e9mon\n|rule|Item Clause: Limit 1 of each item\n|clearpoke\n|poke|p1|Tyranitar, L50, F|\n|poke|p1|Excadrill, L50, M|\n|poke|p1|Talonflame, L50, F|\n|poke|p1|Floette-Eternal, L50, F|\n|poke|p1|Milotic, L50, F|\n|poke|p1|Sinistcha, L50|\n|poke|p2|Skarmory, L50, M|\n|poke|p2|Alcremie, L50, F|\n|poke|p2|Whimsicott, L50, F|\n|poke|p2|Tauros-Paldea-Blaze, L50, M|\n|poke|p2|Kingambit, L50, M|\n|poke|p2|Garchomp, L50, F|\n|teampreview|4\n|inactive|Battle timer is ON: inactive players will automatically lose when time's up. (requested by TeaTimeTrainer)\n|inactive|DracoSpirit has 60 seconds left.\n|\n|t:|1776019911\n|teamsize|p1|4\n|teamsize|p2|4\n|start\n|switch|p1a: Tyranitar|Tyranitar, L50, F|100/100\n|switch|p1b: Talonflame|Talonflame, L50, F|100/100\n|switch|p2a: Skarmory|Skarmory, L50, M|100/100\n|switch|p2b: Alcremie|Alcremie, L50, F|100/100\n|-weather|Sandstorm|[from] ability: Sand Stream|[of] p1a: Tyranitar\n|turn|1\n|inactive|DracoSpirit has 30 seconds left.\n|inactive|DracoSpirit has 20 seconds left.\n|inactive|DracoSpirit has 15 seconds left.\n|inactive|DracoSpirit has 10 seconds left.\n|\n|t:|1776019961\n|detailschange|p2a: Skarmory|Skarmory-Mega, L50, M\n|-mega|p2a: Skarmory|Skarmory|Skarmorite\n|move|p1b: Talonflame|Will-O-Wisp|p2a: Skarmory|[miss]\n|-miss|p1b: Talonflame|p2a: Skarmory\n|move|p1a: Tyranitar|Rock Slide|p2b: Alcremie|[spread] p2a,p2b\n|-damage|p2a: Skarmory|72/100\n|-damage|p2b: Alcremie|73/100\n|cant|p2a: Skarmory|flinch\n|move|p2b: Alcremie|Decorate|p2a: Skarmory\n|-boost|p2a: Skarmory|atk|2\n|-boost|p2a: Skarmory|spa|2\n|\n|-weather|Sandstorm|[upkeep]\n|-damage|p1b: Talonflame|95/100|[from] Sandstorm\n|-damage|p2b: Alcremie|67/100|[from] Sandstorm\n|-heal|p2b: Alcremie|73/100|[from] item: Leftovers\n|upkeep\n|turn|2\n|\n|t:|1776019979\n|switch|p2b: Tauros|Tauros-Paldea-Blaze, L50, M|100/100\n|-ability|p2b: Tauros|Intimidate|boost\n|-unboost|p1a: Tyranitar|atk|1\n|-unboost|p1b: Talonflame|atk|1\n|move|p2a: Skarmory|Protect|p2a: Skarmory\n|-singleturn|p2a: Skarmory|Protect\n|move|p1b: Talonflame|Will-O-Wisp|p2a: Skarmory\n|-activate|p2a: Skarmory|move: Protect\n|move|p1a: Tyranitar|Rock Slide|p2b: Tauros|[spread] p2b\n|-activate|p2a: Skarmory|move: Protect\n|-damage|p2b: Tauros|78/100\n|\n|-weather|Sandstorm|[upkeep]\n|-damage|p1b: Talonflame|89/100|[from] Sandstorm\n|-damage|p2b: Tauros|72/100|[from] Sandstorm\n|upkeep\n|turn|3\n|inactive|DracoSpirit has 30 seconds left.\n|\n|t:|1776020009\n|move|p1b: Talonflame|Will-O-Wisp|p2a: Skarmory\n|-status|p2a: Skarmory|brn\n|move|p1a: Tyranitar|Rock Slide|p2a: Skarmory|[spread] p2a,p2b\n|-damage|p2a: Skarmory|53/100 brn\n|-damage|p2b: Tauros|51/100\n|cant|p2a: Skarmory|flinch\n|move|p2b: Tauros|Close Combat|p1a: Tyranitar\n|-supereffective|p1a: Tyranitar|2\n|-damage|p1a: Tyranitar|0 fnt\n|-unboost|p2b: Tauros|def|1\n|-unboost|p2b: Tauros|spd|1\n|faint|p1a: Tyranitar\n|\n|-weather|Sandstorm|[upkeep]\n|-damage|p1b: Talonflame|83/100|[from] Sandstorm\n|-damage|p2b: Tauros|45/100|[from] Sandstorm\n|-enditem|p2b: Tauros|Sitrus Berry|[eat]\n|-heal|p2b: Tauros|70/100|[from] item: Sitrus Berry\n|-damage|p2a: Skarmory|47/100 brn|[from] brn\n|upkeep\n|\n|t:|1776020028\n|switch|p1a: Excadrill|Excadrill, L50, M|100/100\n|turn|4\n|\n|t:|1776020038\n|switch|p2b: Garchomp|Garchomp, L50, F|100/100\n|move|p2a: Skarmory|Protect|p2a: Skarmory\n|-singleturn|p2a: Skarmory|Protect\n|move|p1a: Excadrill|High Horsepower|p2b: Garchomp\n|-damage|p2b: Garchomp|49/100\n|-damage|p1a: Excadrill|88/100|[from] ability: Rough Skin|[of] p2b: Garchomp\n|move|p1b: Talonflame|Tailwind|p1b: Talonflame\n|-sidestart|p1: TeaTimeTrainer|move: Tailwind\n|\n|-weather|Sandstorm|[upkeep]\n|-damage|p1b: Talonflame|77/100|[from] Sandstorm\n|-damage|p2a: Skarmory|41/100 brn|[from] brn\n|upkeep\n|turn|5\n|inactive|TeaTimeTrainer has 30 seconds left.\n|\n|t:|1776020065\n|move|p2b: Garchomp|Protect|p2b: Garchomp\n|-singleturn|p2b: Garchomp|Protect\n|move|p1a: Excadrill|High Horsepower|p2b: Garchomp\n|-activate|p2b: Garchomp|move: Protect\n|move|p1b: Talonflame|Acrobatics|p2b: Garchomp\n|-activate|p2b: Garchomp|move: Protect\n|move|p2a: Skarmory|Rock Tomb|p1b: Talonflame\n|-supereffective|p1b: Talonflame|2\n|-damage|p1b: Talonflame|0 fnt\n|faint|p1b: Talonflame\n|\n|-weather|none\n|-damage|p2a: Skarmory|35/100 brn|[from] brn\n|upkeep\n|\n|t:|1776020068\n|switch|p1b: Floette|Floette-Eternal, L50, F|100/100\n|turn|6\n|inactive|DracoSpirit has 30 seconds left.\n|inactive|DracoSpirit has 20 seconds left.\n|\n|t:|1776020103\n|switch|p2b: Tauros|Tauros-Paldea-Blaze, L50, M|70/100\n|-ability|p2b: Tauros|Intimidate|boost\n|-unboost|p1a: Excadrill|atk|1\n|-unboost|p1b: Floette|atk|1\n|detailschange|p1b: Floette|Floette-Mega, L50, F\n|-mega|p1b: Floette|Floette|Floettite\n|-ability|p1b: Floette|Fairy Aura\n|move|p1b: Floette|Moonblast|p2a: Skarmory\n|-resisted|p2a: Skarmory|1\n|-damage|p2a: Skarmory|0 fnt\n|faint|p2a: Skarmory\n|move|p1a: Excadrill|High Horsepower|p2b: Tauros\n|-supereffective|p2b: Tauros|1\n|-damage|p2b: Tauros|1/100\n|\n|upkeep\n|inactive|DracoSpirit has 30 seconds left.\n|inactive|DracoSpirit has 20 seconds left.\n|inactive|DracoSpirit has 15 seconds left.\n|\n|t:|1776020146\n|switch|p2a: Alcremie|Alcremie, L50, F|73/100\n|turn|7\n|\n|t:|1776020159\n|move|p2b: Tauros|Protect|p2b: Tauros\n|-singleturn|p2b: Tauros|Protect\n|move|p1b: Floette|Dazzling Gleam|p2a: Alcremie|[spread] p2a\n|-activate|p2b: Tauros|move: Protect\n|-crit|p2a: Alcremie\n|-damage|p2a: Alcremie|18/100\n|move|p1a: Excadrill|Iron Head|p2a: Alcremie\n|-supereffective|p2a: Alcremie|1\n|-damage|p2a: Alcremie|0 fnt\n|faint|p2a: Alcremie\n|\n|-sideend|p1: TeaTimeTrainer|move: Tailwind\n|upkeep\n|\n|t:|1776020167\n|switch|p2a: Garchomp|Garchomp, L50, F|49/100\n|turn|8\n|\n|t:|1776020182\n|move|p2a: Garchomp|Stomping Tantrum|p1b: Floette\n|-damage|p1b: Floette|52/100\n|move|p1b: Floette|Dazzling Gleam|p2a: Garchomp|[spread] p2a,p2b\n|-supereffective|p2a: Garchomp|1\n|-enditem|p2a: Garchomp|Roseli Berry|[eat]\n|-enditem|p2a: Garchomp|Roseli Berry|[weaken]\n|-damage|p2a: Garchomp|0 fnt\n|-damage|p2b: Tauros|0 fnt\n|faint|p2a: Garchomp\n|faint|p2b: Tauros\n|\n|win|TeaTimeTrainer\n|raw|TeaTimeTrainer's rating: 1390 &rarr; <strong>1407</strong><br />(+17 for winning)\n|raw|DracoSpirit's rating: 1342 &rarr; <strong>1325</strong><br />(-17 for losing)\n|l|\u2606DracoSpirit\n|player|p2|\n",
  "uploadtime": 1776020197,
  "views": 32,
  "formatid": "gen9championsvgc2026regma",
  "rating": 1325,
  "private": 0,
  "password": null
}