{
  "id": "gen9championsvgc2026regma-2584866856",
  "format": "[Gen 9 Champions] VGC 2026 Reg M-A",
  "players": [
    "nanismo",
    "Missed Ledgedash"
  ],
  "log": "|j|\u2606nanismo\n|j|\u2606Missed Ledgedash\n|t:|1776289924\n|gametype|doubles\n|player|p1|nanismo|2|1282\n|player|p2|Missed Ledgedash|juan-gen3|1220\n|gen|9\n|tier|[Gen 9 Champions] VGC 2026 Reg M-A\n|rated|\n|rule|Species Clause: Limit one of each Pok\u00e9mon\n|rule|Item Clause: Limit 1 of each item\n|clearpoke\n|poke|p1|Sneasler, L50, F|\n|poke|p1|Kingambit, L50, F|\n|poke|p1|Clefable, L50, F|\n|poke|p1|Delphox, L50, M|\n|poke|p1|Dragonite, L50, F|\n|poke|p1|Basculegion, L50, M|\n|poke|p2|Incineroar, L50, F|\n|poke|p2|Gengar, L50, F|\n|poke|p2|Gyarados, L50, M|\n|poke|p2|Tyranitar, L50, F|\n|poke|p2|Sneasler, L50, F|\n|poke|p2|Excadrill, L50, M|\n|teampreview|4\n|inactive|Battle timer is ON: inactive players will automatically lose when time's up. (requested by Missed Ledgedash)\n|\n|t:|1776290005\n|teamsize|p1|4\n|teamsize|p2|4\n|start\n|switch|p1a: Sneasler|Sneasler, L50, F|100/100\n|switch|p1b: Basculegion|Basculegion, L50, M|100/100\n|switch|p2a: Tyranitar|Tyranitar, L50, F|100/100\n|switch|p2b: Sneasler|Sneasler, L50, F|100/100\n|-weather|Sandstorm|[from] ability: Sand Stream|[of] p2a: Tyranitar\n|turn|1\n|\n|t:|1776290025\n|switch|p2b: Incineroar|Incineroar, L50, F|100/100\n|-ability|p2b: Incineroar|Intimidate|boost\n|-unboost|p1a: Sneasler|atk|1\n|-unboost|p1b: Basculegion|atk|1\n|move|p2a: Tyranitar|Protect|p2a: Tyranitar\n|-singleturn|p2a: Tyranitar|Protect\n|move|p1a: Sneasler|Fake Out|p2b: Incineroar\n|-damage|p2b: Incineroar|93/100\n|move|p1b: Basculegion|Wave Crash|p2a: Tyranitar\n|-activate|p2a: Tyranitar|move: Protect\n|\n|-weather|Sandstorm|[upkeep]\n|-damage|p1b: Basculegion|94/100|[from] Sandstorm\n|-damage|p1a: Sneasler|95/100|[from] Sandstorm\n|-damage|p2b: Incineroar|87/100|[from] Sandstorm\n|upkeep\n|turn|2\n|\n|t:|1776290038\n|switch|p1b: Clefable|Clefable, L50, F|100/100\n|detailschange|p2a: Tyranitar|Tyranitar-Mega, L50, F\n|-mega|p2a: Tyranitar|Tyranitar|Tyranitarite\n|move|p2b: Incineroar|Fake Out|p1a: Sneasler\n|-damage|p1a: Sneasler|78/100\n|cant|p1a: Sneasler|flinch\n|move|p2a: Tyranitar|Knock Off|p1b: Clefable\n|-resisted|p1b: Clefable|1\n|-damage|p1b: Clefable|75/100\n|-enditem|p1b: Clefable|Sitrus Berry|[from] move: Knock Off|[of] p2a: Tyranitar\n|\n|-weather|Sandstorm|[upkeep]\n|-damage|p1a: Sneasler|72/100|[from] Sandstorm\n|-damage|p1b: Clefable|69/100|[from] Sandstorm\n|-damage|p2b: Incineroar|81/100|[from] Sandstorm\n|upkeep\n|turn|3\n|\n|t:|1776290058\n|move|p2a: Tyranitar|Protect|p2a: Tyranitar\n|-singleturn|p2a: Tyranitar|Protect\n|move|p1b: Clefable|Follow Me|p1b: Clefable\n|-singleturn|p1b: Clefable|move: Follow Me\n|move|p1a: Sneasler|Close Combat|p2b: Incineroar\n|-supereffective|p2b: Incineroar|1\n|-damage|p2b: Incineroar|18/100\n|-unboost|p1a: Sneasler|def|1\n|-unboost|p1a: Sneasler|spd|1\n|move|p2b: Incineroar|Parting Shot|p1b: Clefable\n|-unboost|p1b: Clefable|atk|1\n|-unboost|p1b: Clefable|spa|1\n|\n|t:|1776290068\n|switch|p2b: Excadrill|Excadrill, L50, M|100/100|[from] Parting Shot\n|\n|-weather|Sandstorm|[upkeep]\n|-damage|p1a: Sneasler|66/100|[from] Sandstorm\n|-damage|p1b: Clefable|63/100|[from] Sandstorm\n|upkeep\n|turn|4\n|\n|t:|1776290075\n|move|p1a: Sneasler|Protect|p1a: Sneasler\n|-singleturn|p1a: Sneasler|Protect\n|move|p1b: Clefable|Protect|p1b: Clefable\n|-singleturn|p1b: Clefable|Protect\n|move|p2b: Excadrill|Iron Head|p1a: Sneasler\n|-activate|p1a: Sneasler|move: Protect\n|move|p2a: Tyranitar|Rock Slide|p1a: Sneasler|[spread] \n|-activate|p1a: Sneasler|move: Protect\n|-activate|p1b: Clefable|move: Protect\n|\n|-weather|Sandstorm|[upkeep]\n|-damage|p1a: Sneasler|60/100|[from] Sandstorm\n|-damage|p1b: Clefable|57/100|[from] Sandstorm\n|upkeep\n|turn|5\n|\n|t:|1776290102\n|switch|p1a: Basculegion|Basculegion, L50, M|94/100\n|switch|p2a: Incineroar|Incineroar, L50, F|18/100\n|-ability|p2a: Incineroar|Intimidate|boost\n|-unboost|p1a: Basculegion|atk|1\n|-unboost|p1b: Clefable|atk|1\n|move|p1b: Clefable|Follow Me|p1b: Clefable\n|-singleturn|p1b: Clefable|move: Follow Me\n|move|p2b: Excadrill|Iron Head|p1b: Clefable\n|-supereffective|p1b: Clefable|1\n|-damage|p1b: Clefable|0 fnt\n|faint|p1b: Clefable\n|\n|-weather|none\n|upkeep\n|\n|t:|1776290110\n|switch|p1b: Sneasler|Sneasler, L50, F|60/100\n|turn|6\n|\n|t:|1776290120\n|move|p2b: Excadrill|Protect|p2b: Excadrill\n|-singleturn|p2b: Excadrill|Protect\n|move|p1b: Sneasler|Fake Out|p2a: Incineroar\n|-damage|p2a: Incineroar|8/100\n|move|p1a: Basculegion|Wave Crash|p2b: Excadrill\n|-activate|p2b: Excadrill|move: Protect\n|cant|p2a: Incineroar|flinch\n|\n|upkeep\n|turn|7\n|\n|t:|1776290138\n|switch|p2a: Tyranitar|Tyranitar-Mega, L50, F|100/100\n|-weather|Sandstorm|[from] ability: Sand Stream|[of] p2a: Tyranitar\n|move|p2b: Excadrill|Iron Head|p1b: Sneasler\n|-damage|p1b: Sneasler|0 fnt\n|faint|p1b: Sneasler\n|move|p1a: Basculegion|Wave Crash|p2b: Excadrill\n|-supereffective|p2b: Excadrill|1\n|-enditem|p2b: Excadrill|Focus Sash\n|-damage|p2b: Excadrill|1/100\n|-damage|p1a: Basculegion|63/100|[from] Recoil\n|\n|-weather|Sandstorm|[upkeep]\n|-damage|p1a: Basculegion|57/100|[from] Sandstorm\n|upkeep\n|\n|t:|1776290142\n|switch|p1b: Dragonite|Dragonite, L50, F|100/100\n|turn|8\n|\n|t:|1776290156\n|move|p1b: Dragonite|Extreme Speed|p2b: Excadrill\n|-resisted|p2b: Excadrill|1\n|-damage|p2b: Excadrill|0 fnt\n|faint|p2b: Excadrill\n|move|p1a: Basculegion|Wave Crash|p2a: Tyranitar\n|-supereffective|p2a: Tyranitar|1\n|-damage|p2a: Tyranitar|43/100\n|-damage|p1a: Basculegion|37/100|[from] Recoil\n|move|p2a: Tyranitar|Rock Slide|p1b: Dragonite|[spread] p1a,p1b\n|-supereffective|p1b: Dragonite|1\n|-damage|p1a: Basculegion|0 fnt\n|-damage|p1b: Dragonite|56/100\n|faint|p1a: Basculegion\n|\n|-weather|Sandstorm|[upkeep]\n|-damage|p1b: Dragonite|50/100|[from] Sandstorm\n|upkeep\n|\n|t:|1776290167\n|switch|p2b: Incineroar|Incineroar, L50, F|8/100\n|-ability|p2b: Incineroar|Intimidate|boost\n|-unboost|p1b: Dragonite|atk|1\n|turn|9\n|\n|t:|1776290171\n|move|p1b: Dragonite|Protect|p1b: Dragonite\n|-singleturn|p1b: Dragonite|Protect\n|move|p2b: Incineroar|Fake Out|p1b: Dragonite\n|-activate|p1b: Dragonite|move: Protect\n|move|p2a: Tyranitar|Rock Slide|p1b: Dragonite\n|-activate|p1b: Dragonite|move: Protect\n|\n|-weather|Sandstorm|[upkeep]\n|-damage|p1b: Dragonite|44/100|[from] Sandstorm\n|-damage|p2b: Incineroar|2/100|[from] Sandstorm\n|upkeep\n|turn|10\n|\n|t:|1776290181\n|move|p1b: Dragonite|Extreme Speed|p2a: Tyranitar\n|-resisted|p2a: Tyranitar|1\n|-damage|p2a: Tyranitar|36/100\n|move|p2a: Tyranitar|Rock Slide|p1b: Dragonite\n|-supereffective|p1b: Dragonite|1\n|-damage|p1b: Dragonite|0 fnt\n|faint|p1b: Dragonite\n|\n|win|Missed Ledgedash\n|raw|nanismo's rating: 1282 &rarr; <strong>1253</strong><br />(-29 for losing)\n|raw|Missed Ledgedash's rating: 1220 &rarr; <strong>1249</strong><br />(+29 for winning)\n",
  "uploadtime": 1776290181,
  "views": 48,
  "formatid": "gen9championsvgc2026regma",
  "rating": 1249,
  "private": 0,
  "password": null
}