{
  "id": "gen9championsvgc2026regma-2583706030",
  "format": "[Gen 9 Champions] VGC 2026 Reg M-A",
  "players": [
    "MamaDuck415",
    "h2obama"
  ],
  "log": "|j|\u2606MamaDuck415\n|j|\u2606h2obama\n|t:|1776192219\n|gametype|doubles\n|player|p1|MamaDuck415|iris-gen5bw2|1083\n|player|p2|h2obama|102|1177\n|gen|9\n|tier|[Gen 9 Champions] VGC 2026 Reg M-A\n|rated|\n|rule|Species Clause: Limit one of each Pok\u00e9mon\n|rule|Item Clause: Limit 1 of each item\n|clearpoke\n|poke|p1|Froslass, L50, F|\n|poke|p1|Incineroar, L50, F|\n|poke|p1|Orthworm, L50, M|\n|poke|p1|Garchomp, L50, M|\n|poke|p1|Basculegion, L50, M|\n|poke|p1|Rotom-Frost, L50|\n|poke|p2|Scovillain, L50, M|\n|poke|p2|Dragapult, L50, M|\n|poke|p2|Corviknight, L50, M|\n|poke|p2|Gyarados, L50, F|\n|poke|p2|Sneasler, L50, M|\n|poke|p2|Garchomp, L50, F|\n|teampreview|4\n|\n|t:|1776192276\n|teamsize|p1|4\n|teamsize|p2|4\n|start\n|switch|p1a: Froslass|Froslass, L50, F|100/100\n|switch|p1b: Incineroar|Incineroar, L50, F|100/100\n|switch|p2a: Scovillain|Scovillain, L50, M|100/100\n|switch|p2b: Sneasler|Sneasler, L50, M|100/100\n|-ability|p1b: Incineroar|Intimidate|boost\n|-unboost|p2a: Scovillain|atk|1\n|-unboost|p2b: Sneasler|atk|1\n|-enditem|p2b: Sneasler|White Herb\n|-clearnegativeboost|p2b: Sneasler|[silent]\n|turn|1\n|\n|t:|1776192299\n|detailschange|p2a: Scovillain|Scovillain-Mega, L50, M\n|-mega|p2a: Scovillain|Scovillain|Scovillainite\n|move|p2b: Sneasler|Fake Out|p1b: Incineroar\n|-damage|p1b: Incineroar|86/100\n|cant|p1b: Incineroar|flinch\n|move|p1a: Froslass|Nasty Plot|p1a: Froslass\n|-boost|p1a: Froslass|spa|2\n|move|p2a: Scovillain|Giga Drain|p1b: Incineroar\n|-resisted|p1b: Incineroar|1\n|-damage|p1b: Incineroar|70/100\n|\n|upkeep\n|turn|2\n|\n|t:|1776192336\n|switch|p1b: Garchomp|Garchomp, L50, M|100/100\n|move|p2b: Sneasler|Dire Claw|p1a: Froslass\n|-resisted|p1a: Froslass|1\n|-damage|p1a: Froslass|67/100\n|-status|p1a: Froslass|par\n|move|p2a: Scovillain|Flamethrower|p1a: Froslass\n|-supereffective|p1a: Froslass|1\n|-damage|p1a: Froslass|0 fnt\n|faint|p1a: Froslass\n|\n|upkeep\n|\n|t:|1776192348\n|switch|p1a: Incineroar|Incineroar, L50, F|70/100\n|-ability|p1a: Incineroar|Intimidate|boost\n|-unboost|p2a: Scovillain|atk|1\n|-unboost|p2b: Sneasler|atk|1\n|turn|3\n|\n|t:|1776192357\n|switch|p1a: Orthworm|Orthworm, L50, M|100/100\n|move|p2b: Sneasler|Protect|p2b: Sneasler\n|-singleturn|p2b: Sneasler|Protect\n|move|p2a: Scovillain|Protect|p2a: Scovillain\n|-singleturn|p2a: Scovillain|Protect\n|move|p1b: Garchomp|Earthquake|p2a: Scovillain|[spread] \n|-activate|p2a: Scovillain|move: Protect\n|-activate|p2b: Sneasler|move: Protect\n|-immune|p1a: Orthworm|[from] ability: Earth Eater\n|\n|upkeep\n|turn|4\n|\n|t:|1776192378\n|switch|p2b: Corviknight|Corviknight, L50, M|100/100\n|move|p1b: Garchomp|Earthquake|p2a: Scovillain|[spread] p2a\n|-immune|p1a: Orthworm|[from] ability: Earth Eater\n|-immune|p2b: Corviknight\n|-damage|p2a: Scovillain|69/100\n|-status|p1b: Garchomp|brn|[from] ability: Spicy Spray|[of] p2a: Scovillain\n|move|p2a: Scovillain|Leech Seed|p1b: Garchomp\n|-start|p1b: Garchomp|move: Leech Seed\n|move|p1a: Orthworm|Iron Defense|p1a: Orthworm\n|-boost|p1a: Orthworm|def|2\n|\n|-damage|p1b: Garchomp|88/100 brn|[from] Leech Seed|[of] p2a: Scovillain\n|-heal|p2a: Scovillain|82/100|[silent]\n|-damage|p1b: Garchomp|82/100 brn|[from] brn\n|upkeep\n|turn|5\n|\n|t:|1776192404\n|move|p1b: Garchomp|Rock Slide|p2a: Scovillain|[spread] p2a\n|-miss|p1b: Garchomp|p2b: Corviknight\n|-supereffective|p2a: Scovillain|1\n|-damage|p2a: Scovillain|67/100\n|cant|p2a: Scovillain|flinch\n|move|p2b: Corviknight|Tailwind|p2b: Corviknight\n|-sidestart|p2: h2obama|move: Tailwind\n|move|p1a: Orthworm|Body Press|p2b: Corviknight\n|-damage|p2b: Corviknight|66/100\n|\n|-heal|p2b: Corviknight|72/100|[from] item: Leftovers\n|-damage|p1b: Garchomp|70/100 brn|[from] Leech Seed|[of] p2a: Scovillain\n|-heal|p2a: Scovillain|81/100|[silent]\n|-damage|p1b: Garchomp|64/100 brn|[from] brn\n|upkeep\n|turn|6\n|\n|t:|1776192428\n|move|p2a: Scovillain|Flamethrower|p1a: Orthworm\n|-supereffective|p1a: Orthworm|1\n|-damage|p1a: Orthworm|11/100\n|-enditem|p1a: Orthworm|Sitrus Berry|[eat]\n|-heal|p1a: Orthworm|36/100|[from] item: Sitrus Berry\n|move|p2b: Corviknight|Body Press|p1a: Orthworm\n|-supereffective|p1a: Orthworm|1\n|-damage|p1a: Orthworm|17/100\n|move|p1b: Garchomp|Rock Slide|p2b: Corviknight|[spread] p2a,p2b\n|-supereffective|p2a: Scovillain|1\n|-damage|p2a: Scovillain|64/100\n|-damage|p2b: Corviknight|66/100\n|move|p1a: Orthworm|Iron Defense|p1a: Orthworm\n|-boost|p1a: Orthworm|def|2\n|\n|-heal|p2b: Corviknight|72/100|[from] item: Leftovers\n|-damage|p1b: Garchomp|51/100 brn|[from] Leech Seed|[of] p2a: Scovillain\n|-heal|p2a: Scovillain|77/100|[silent]\n|-damage|p1b: Garchomp|45/100 brn|[from] brn\n|upkeep\n|turn|7\n|\n|t:|1776192449\n|move|p2a: Scovillain|Flamethrower|p1a: Orthworm\n|-supereffective|p1a: Orthworm|1\n|-damage|p1a: Orthworm|0 fnt\n|faint|p1a: Orthworm\n|move|p2b: Corviknight|Body Press|p1b: Garchomp\n|-damage|p1b: Garchomp|22/100 brn\n|-damage|p2b: Corviknight|60/100|[from] ability: Rough Skin|[of] p1b: Garchomp\n|move|p1b: Garchomp|Rock Slide|p2b: Corviknight|[spread] p2a,p2b\n|-supereffective|p2a: Scovillain|1\n|-damage|p2a: Scovillain|61/100\n|-damage|p2b: Corviknight|54/100\n|\n|-heal|p2b: Corviknight|60/100|[from] item: Leftovers\n|-damage|p1b: Garchomp|10/100 brn|[from] Leech Seed|[of] p2a: Scovillain\n|-heal|p2a: Scovillain|74/100|[silent]\n|-damage|p1b: Garchomp|4/100 brn|[from] brn\n|upkeep\n|\n|t:|1776192452\n|switch|p1a: Incineroar|Incineroar, L50, F|70/100\n|-ability|p1a: Incineroar|Intimidate|boost\n|-unboost|p2a: Scovillain|atk|1\n|-ability|p2b: Corviknight|Mirror Armor\n|-unboost|p1a: Incineroar|atk|1\n|turn|8\n|-message|MamaDuck415 forfeited.\n|\n|win|h2obama\n|raw|MamaDuck415's rating: 1083 &rarr; <strong>1066</strong><br />(-17 for losing)\n|raw|h2obama's rating: 1177 &rarr; <strong>1195</strong><br />(+18 for winning)\n|l|\u2606MamaDuck415\n|player|p1|\n",
  "uploadtime": 1776192463,
  "views": 24,
  "formatid": "gen9championsvgc2026regma",
  "rating": 1066,
  "private": 0,
  "password": null
}