{
  "id": "gen9championsvgc2026regma-2587608048",
  "format": "[Gen 9 Champions] VGC 2026 Reg M-A",
  "players": [
    "silyyyyyyyyyyy",
    "Driving account"
  ],
  "log": "|j|\u2606silyyyyyyyyyyy\n|j|\u2606Driving account\n|t:|1776546536\n|gametype|doubles\n|player|p1|silyyyyyyyyyyy|elesa|1079\n|player|p2|Driving account|2|1054\n|gen|9\n|tier|[Gen 9 Champions] VGC 2026 Reg M-A\n|rated|\n|rule|Species Clause: Limit one of each Pok\u00e9mon\n|rule|Item Clause: Limit 1 of each item\n|clearpoke\n|poke|p1|Skarmory, L50, M|\n|poke|p1|Rhyperior, L50, M|\n|poke|p1|Sinistcha, L50|\n|poke|p1|Talonflame, L50, F|\n|poke|p1|Greninja, L50, F, shiny|\n|poke|p1|Sneasler, L50, M|\n|poke|p2|Banette, L50, M|\n|poke|p2|Primarina, L50, M|\n|poke|p2|Incineroar, L50, M|\n|poke|p2|Pelipper, L50, F|\n|poke|p2|Archaludon, L50, F|\n|poke|p2|Kingambit, L50, F|\n|teampreview|4\n|\n|t:|1776546558\n|teamsize|p1|4\n|teamsize|p2|4\n|start\n|switch|p1a: big bird|Talonflame, L50, F|100/100\n|switch|p1b: tea time|Sinistcha, L50|100/100\n|switch|p2a: Banette|Banette, L50, M|100/100\n|switch|p2b: Primarina|Primarina, L50, M|100/100\n|-item|p1a: big bird|Bright Powder|[from] ability: Frisk|[of] p2a: Banette\n|-item|p1b: tea time|Leftovers|[from] ability: Frisk|[of] p2a: Banette\n|turn|1\n|inactive|Battle timer is ON: inactive players will automatically lose when time's up. (requested by Driving account)\n|\n|t:|1776546573\n|detailschange|p2a: Banette|Banette-Mega, L50, M\n|-mega|p2a: Banette|Banette|Banettite\n|move|p1a: big bird|Tailwind|p1a: big bird\n|-sidestart|p1: silyyyyyyyyyyy|move: Tailwind\n|move|p1b: tea time|Matcha Gotcha|p2a: Banette|[spread] p2a,p2b\n|-supereffective|p2b: Primarina|1\n|-damage|p2a: Banette|74/100\n|-damage|p2b: Primarina|59/100\n|move|p2a: Banette|Poltergeist|p1b: tea time\n|-activate|p1b: tea time|move: Poltergeist|Leftovers\n|-supereffective|p1b: tea time|1\n|-damage|p1b: tea time|0 fnt\n|faint|p1b: tea time\n|move|p2b: Primarina|Hyper Voice|p1a: big bird|[miss]\n|-miss|p2b: Primarina|p1a: big bird\n|\n|-heal|p2b: Primarina|65/100|[from] item: Leftovers\n|upkeep\n|\n|t:|1776546590\n|switch|p1b: DAMN|Skarmory, L50, M|100/100\n|turn|2\n|\n|t:|1776546605\n|detailschange|p1b: DAMN|Skarmory-Mega, L50, M\n|-mega|p1b: DAMN|Skarmory|Skarmorite\n|move|p1a: big bird|Brave Bird|p2a: Banette\n|-damage|p2a: Banette|11/100\n|-damage|p1a: big bird|77/100|[from] Recoil\n|move|p2a: Banette|Encore|p1a: big bird\n|-start|p1a: big bird|Encore\n|move|p1b: DAMN|Iron Head|p2b: Primarina\n|-damage|p2b: Primarina|7/100\n|move|p2b: Primarina|Hyper Voice|p1b: DAMN|[spread] p1a,p1b\n|-supereffective|p1a: big bird|1\n|-damage|p1a: big bird|0 fnt\n|-damage|p1b: DAMN|53/100\n|faint|p1a: big bird\n|\n|-heal|p2b: Primarina|13/100|[from] item: Leftovers\n|upkeep\n|\n|t:|1776546620\n|switch|p1a: sneezer|Sneasler, L50, M|100/100\n|turn|3\n|\n|t:|1776546635\n|move|p2b: Primarina|Protect|p2b: Primarina\n|-singleturn|p2b: Primarina|Protect\n|move|p2a: Banette|Will-O-Wisp|p1a: sneezer\n|-status|p1a: sneezer|brn\n|move|p1a: sneezer|Coaching|p1b: DAMN\n|-boost|p1b: DAMN|atk|1\n|-boost|p1b: DAMN|def|1\n|move|p1b: DAMN|Iron Head|p2a: Banette\n|-damage|p2a: Banette|0 fnt\n|faint|p2a: Banette\n|\n|-heal|p2b: Primarina|19/100|[from] item: Leftovers\n|-damage|p1a: sneezer|95/100 brn|[from] brn\n|upkeep\n|\n|t:|1776546648\n|switch|p2a: Pelipper|Pelipper, L50, F|100/100\n|-weather|RainDance|[from] ability: Drizzle|[of] p2a: Pelipper\n|turn|4\n|\n|t:|1776546663\n|move|p2b: Primarina|Protect|p2b: Primarina\n|-singleturn|p2b: Primarina|Protect\n|move|p1a: sneezer|Dire Claw|p2b: Primarina\n|-activate|p2b: Primarina|move: Protect\n|move|p1b: DAMN|Brave Bird|p2a: Pelipper\n|-damage|p2a: Pelipper|0 fnt\n|faint|p2a: Pelipper\n|-damage|p1b: DAMN|22/100|[from] Recoil\n|\n|-weather|RainDance|[upkeep]\n|-heal|p2b: Primarina|25/100|[from] item: Leftovers\n|-damage|p1a: sneezer|89/100 brn|[from] brn\n|-sideend|p1: silyyyyyyyyyyy|move: Tailwind\n|upkeep\n|\n|t:|1776546675\n|switch|p2a: Archaludon|Archaludon, L50, F|100/100\n|turn|5\n|\n|t:|1776546687\n|move|p1a: sneezer|Dire Claw|p2b: Primarina\n|-supereffective|p2b: Primarina|1\n|-damage|p2b: Primarina|0 fnt\n|faint|p2b: Primarina\n|move|p1b: DAMN|Drill Run|p2a: Archaludon\n|-supereffective|p2a: Archaludon|1\n|-damage|p2a: Archaludon|33/100\n|-ability|p2a: Archaludon|Stamina|boost\n|-boost|p2a: Archaludon|def|1\n|move|p2a: Archaludon|Electro Shot||[still]\n|-prepare|p2a: Archaludon|Electro Shot\n|-boost|p2a: Archaludon|spa|1\n|-anim|p2a: Archaludon|Electro Shot|p1a: sneezer\n|-damage|p1a: sneezer|0 fnt\n|faint|p1a: sneezer\n|\n|-weather|RainDance|[upkeep]\n|upkeep\n|turn|6\n|\n|t:|1776546703\n|move|p1b: DAMN|Drill Run|p2a: Archaludon\n|-supereffective|p2a: Archaludon|1\n|-damage|p2a: Archaludon|0 fnt\n|faint|p2a: Archaludon\n|\n|win|silyyyyyyyyyyy\n|raw|silyyyyyyyyyyy's rating: 1079 &rarr; <strong>1105</strong><br />(+26 for winning)\n|raw|Driving account's rating: 1054 &rarr; <strong>1037</strong><br />(-17 for losing)\n|l|\u2606Driving account\n|player|p2|\n",
  "uploadtime": 1776546708,
  "views": 21,
  "formatid": "gen9championsvgc2026regma",
  "rating": 1037,
  "private": 0,
  "password": null
}