{
  "id": "gen9championsvgc2026regma-2585835574",
  "format": "[Gen 9 Champions] VGC 2026 Reg M-A",
  "players": [
    "Tetra20244",
    "Laur3tta"
  ],
  "log": "|j|\u2606Tetra20244\n|j|\u2606Laur3tta\n|t:|1776374253\n|gametype|doubles\n|player|p1|Tetra20244|lance|1143\n|player|p2|Laur3tta|265|1205\n|gen|9\n|tier|[Gen 9 Champions] VGC 2026 Reg M-A\n|rated|\n|rule|Species Clause: Limit one of each Pok\u00e9mon\n|rule|Item Clause: Limit 1 of each item\n|clearpoke\n|poke|p1|Gengar, L50, F|\n|poke|p1|Aerodactyl, L50, F|\n|poke|p1|Incineroar, L50, F|\n|poke|p1|Politoed, L50, F|\n|poke|p1|Dragonite, L50, F|\n|poke|p1|Torterra, L50, F|\n|poke|p2|Meganium, L50, M|\n|poke|p2|Scizor, L50, F|\n|poke|p2|Sneasler, L50, F|\n|poke|p2|Aerodactyl, L50, M|\n|poke|p2|Basculegion, L50, M|\n|poke|p2|Pelipper, L50, M|\n|teampreview|4\nTetra20244 has agreed to open team sheets.\n|\n|t:|1776374298\n|teamsize|p1|4\n|teamsize|p2|4\n|start\n|switch|p1a: Incineroar|Incineroar, L50, F|100/100\n|switch|p1b: Dragonite|Dragonite, L50, F|100/100\n|switch|p2a: Scizor|Scizor, L50, F|100/100\n|switch|p2b: Sneasler|Sneasler, L50, F|100/100\n|-ability|p1a: Incineroar|Intimidate|boost\n|-unboost|p2a: Scizor|atk|1\n|-unboost|p2b: Sneasler|atk|1\n|-enditem|p2a: Scizor|White Herb\n|-clearnegativeboost|p2a: Scizor|[silent]\n|turn|1\n|inactive|Battle timer is ON: inactive players will automatically lose when time's up. (requested by Tetra20244)\n|inactive|Tetra20244 has 60 seconds left.\n|\n|t:|1776374349\n|move|p2b: Sneasler|Fake Out|p1a: Incineroar\n|-damage|p1a: Incineroar|92/100\n|cant|p1a: Incineroar|flinch\n|move|p1b: Dragonite|Dragon Pulse|p2b: Sneasler\n|-damage|p2b: Sneasler|52/100\n|move|p2a: Scizor|Swords Dance|p2a: Scizor\n|-boost|p2a: Scizor|atk|2\n|\n|upkeep\n|turn|2\n|\n|t:|1776374371\n|detailschange|p1b: Dragonite|Dragonite-Mega, L50, F\n|-mega|p1b: Dragonite|Dragonite|Dragoninite\n|move|p2a: Scizor|Protect|p2a: Scizor\n|-singleturn|p2a: Scizor|Protect\n|move|p2b: Sneasler|Close Combat|p1a: Incineroar\n|-supereffective|p1a: Incineroar|1\n|-damage|p1a: Incineroar|28/100\n|-unboost|p2b: Sneasler|def|1\n|-unboost|p2b: Sneasler|spd|1\n|-enditem|p1a: Incineroar|Sitrus Berry|[eat]\n|-heal|p1a: Incineroar|52/100|[from] item: Sitrus Berry\n|move|p1b: Dragonite|Dragon Pulse|p2b: Sneasler\n|-damage|p2b: Sneasler|0 fnt\n|faint|p2b: Sneasler\n|move|p1a: Incineroar|Flare Blitz|p2a: Scizor\n|-activate|p2a: Scizor|move: Protect\n|\n|upkeep\n|\n|t:|1776374394\n|switch|p2b: Pelipper|Pelipper, L50, M|100/100\n|-weather|RainDance|[from] ability: Drizzle|[of] p2b: Pelipper\n|turn|3\n|inactive|Tetra20244 has 30 seconds left.\n|inactive|Laur3tta has 30 seconds left.\n|inactive|Laur3tta has 20 seconds left.\n|inactive|Laur3tta has 15 seconds left.\n|\n|t:|1776374434\n|switch|p1a: Politoed|Politoed, L50, F|100/100\n|move|p1b: Dragonite|Hurricane|p2a: Scizor\n|-damage|p2a: Scizor|24/100\n|move|p2b: Pelipper|Tailwind|p2b: Pelipper\n|-sidestart|p2: Laur3tta|move: Tailwind\n|move|p2a: Scizor|Close Combat|p1a: Politoed\n|-damage|p1a: Politoed|0 fnt\n|-unboost|p2a: Scizor|def|1\n|-unboost|p2a: Scizor|spd|1\n|faint|p1a: Politoed\n|\n|-weather|RainDance|[upkeep]\n|upkeep\n|\n|t:|1776374450\n|switch|p1a: Incineroar|Incineroar, L50, F|52/100\n|-ability|p1a: Incineroar|Intimidate|boost\n|-unboost|p2a: Scizor|atk|1\n|-unboost|p2b: Pelipper|atk|1\n|turn|4\n|\n|t:|1776374468\n|move|p1a: Incineroar|Fake Out|p2b: Pelipper\n|-damage|p2b: Pelipper|84/100\n|move|p2a: Scizor|Bullet Punch|p1b: Dragonite\n|-damage|p1b: Dragonite|75/100\n|cant|p2b: Pelipper|flinch\n|move|p1b: Dragonite|Thunder|p2b: Pelipper\n|-supereffective|p2b: Pelipper|2\n|-enditem|p2b: Pelipper|Wacan Berry|[eat]\n|-enditem|p2b: Pelipper|Wacan Berry|[weaken]\n|-damage|p2b: Pelipper|0 fnt\n|faint|p2b: Pelipper\n|\n|-weather|RainDance|[upkeep]\n|upkeep\n|\n|t:|1776374483\n|switch|p2b: Meganium|Meganium, L50, M|100/100\n|turn|5\n|\n|t:|1776374501\n|detailschange|p2b: Meganium|Meganium-Mega, L50, M\n|-mega|p2b: Meganium|Meganium|Meganiumite\n|move|p1b: Dragonite|Protect|p1b: Dragonite\n|-singleturn|p1b: Dragonite|Protect\n|move|p2b: Meganium|Dazzling Gleam|p1a: Incineroar|[spread] p1a\n|-activate|p1b: Dragonite|move: Protect\n|-damage|p1a: Incineroar|10/100\n|move|p2a: Scizor|Close Combat|p1a: Incineroar\n|-supereffective|p1a: Incineroar|1\n|-damage|p1a: Incineroar|0 fnt\n|-unboost|p2a: Scizor|def|1\n|-unboost|p2a: Scizor|spd|1\n|faint|p1a: Incineroar\n|\n|-weather|RainDance|[upkeep]\n|upkeep\n|\n|t:|1776374514\n|switch|p1a: Gengar|Gengar, L50, F|100/100\n|turn|6\n|\n|t:|1776374526\n|move|p1a: Gengar|Protect|p1a: Gengar\n|-singleturn|p1a: Gengar|Protect\n|move|p2a: Scizor|Bullet Punch|p1a: Gengar\n|-activate|p1a: Gengar|move: Protect\n|move|p2b: Meganium|Dazzling Gleam|p1a: Gengar|[spread] p1b\n|-activate|p1a: Gengar|move: Protect\n|-supereffective|p1b: Dragonite|1\n|-crit|p1b: Dragonite\n|-damage|p1b: Dragonite|0 fnt\n|faint|p1b: Dragonite\n|\n|-weather|RainDance|[upkeep]\n|-sideend|p2: Laur3tta|move: Tailwind\n|upkeep\n|turn|7\n|inactive|Laur3tta has 30 seconds left.\n|\n|t:|1776374560\n|move|p2a: Scizor|Bullet Punch|p1a: Gengar\n|-damage|p1a: Gengar|1/100\n|move|p1a: Gengar|Shadow Ball|p2a: Scizor\n|-damage|p2a: Scizor|0 fnt\n|faint|p2a: Scizor\n|move|p2b: Meganium|Weather Ball|p1a: Gengar\n|-damage|p1a: Gengar|0 fnt\n|-start|p2b: Meganium|Disable|Weather Ball|[from] ability: Cursed Body|[of] p1a: Gengar\n|faint|p1a: Gengar\n|\n|win|Laur3tta\n|raw|Tetra20244's rating: 1143 &rarr; <strong>1122</strong><br />(-21 for losing)\n|raw|Laur3tta's rating: 1205 &rarr; <strong>1226</strong><br />(+21 for winning)\n|l|\u2606Tetra20244\n|player|p1|\n",
  "uploadtime": 1776374586,
  "views": 24,
  "formatid": "gen9championsvgc2026regma",
  "rating": 1122,
  "private": 0,
  "password": null
}