{
  "id": "gen9championsvgc2026regma-2586783380",
  "format": "[Gen 9 Champions] VGC 2026 Reg M-A",
  "players": [
    "sirae",
    "jvniperberry"
  ],
  "log": "|j|\u2606sirae\n|j|\u2606jvniperberry\n|t:|1776459567\n|gametype|doubles\n|player|p1|sirae|caitlin|1153\n|player|p2|jvniperberry|265|1122\n|gen|9\n|tier|[Gen 9 Champions] VGC 2026 Reg M-A\n|rated|\n|rule|Species Clause: Limit one of each Pok\u00e9mon\n|rule|Item Clause: Limit 1 of each item\n|clearpoke\n|poke|p1|Gengar, L50, F|\n|poke|p1|Farigiraf, L50, F|\n|poke|p1|Incineroar, L50, F|\n|poke|p1|Sylveon, L50, F|\n|poke|p1|Aegislash, L50, F|\n|poke|p1|Feraligatr, L50, F|\n|poke|p2|Aerodactyl, L50, F|\n|poke|p2|Delphox, L50, F|\n|poke|p2|Garchomp, L50, M|\n|poke|p2|Rotom-Wash, L50|\n|poke|p2|Kingambit, L50, M|\n|poke|p2|Maushold-Four, L50|\n|teampreview|4\n|inactive|Battle timer is ON: inactive players will automatically lose when time's up. (requested by jvniperberry)\n|inactive|sirae also wants the timer to be on.\n|inactive|sirae has 60 seconds left.\n|inactive|jvniperberry has 60 seconds left.\n|\n|t:|1776459621\n|teamsize|p1|4\n|teamsize|p2|4\n|start\n|switch|p1a: Feraligatr|Feraligatr, L50, F|100/100\n|switch|p1b: Sylveon|Sylveon, L50, F|100/100\n|switch|p2a: Kingambit|Kingambit, L50, M|100/100\n|switch|p2b: Aerodactyl|Aerodactyl, L50, F|100/100\n|-ability|p2b: Aerodactyl|Unnerve\n|turn|1\n|inactive|sirae has 30 seconds left.\n|\n|t:|1776459649\n|switch|p1b: Aegislash|Aegislash, L50, F, shiny|100/100\n|detailschange|p1a: Feraligatr|Feraligatr-Mega, L50, F\n|-mega|p1a: Feraligatr|Feraligatr|Feraligite\n|move|p2b: Aerodactyl|Tailwind|p2b: Aerodactyl\n|-sidestart|p2: jvniperberry|move: Tailwind\n|move|p2a: Kingambit|Iron Head|p1b: Aegislash\n|-resisted|p1b: Aegislash|1\n|-damage|p1b: Aegislash|81/100\n|move|p1a: Feraligatr|Liquidation|p2a: Kingambit\n|-damage|p2a: Kingambit|57/100\n|\n|upkeep\n|turn|2\n|inactive|jvniperberry has 30 seconds left.\n|inactive|jvniperberry has 20 seconds left.\n|inactive|jvniperberry has 15 seconds left.\n|\n|t:|1776459690\n|move|p1b: Aegislash|King's Shield|p1b: Aegislash\n|-singleturn|p1b: Aegislash|Protect\n|move|p2a: Kingambit|Sucker Punch||[still]\n|-fail|p2a: Kingambit\n|move|p2b: Aerodactyl|Dual Wingbeat|p1a: Feraligatr\n|-damage|p1a: Feraligatr|86/100\n|-damage|p1a: Feraligatr|69/100\n|-hitcount|p1a: Feraligatr|2\n|move|p1a: Feraligatr|Liquidation|p2a: Kingambit\n|-damage|p2a: Kingambit|14/100\n|\n|upkeep\n|turn|3\n|\n|t:|1776459709\n|move|p1a: Feraligatr|Aqua Jet|p2a: Kingambit\n|-damage|p2a: Kingambit|0 fnt\n|faint|p2a: Kingambit\n|move|p2b: Aerodactyl|Rock Slide|p1b: Aegislash|[spread] p1a,p1b\n|-resisted|p1b: Aegislash|1\n|-damage|p1a: Feraligatr|48/100\n|-damage|p1b: Aegislash|70/100\n|-formechange|p1b: Aegislash|Aegislash-Blade|\n|move|p1b: Aegislash|Iron Head|p2b: Aerodactyl\n|-supereffective|p2b: Aerodactyl|1\n|-enditem|p2b: Aerodactyl|Focus Sash\n|-damage|p2b: Aerodactyl|1/100\n|\n|upkeep\n|\n|t:|1776459725\n|switch|p2a: Delphox|Delphox, L50, F|100/100\n|turn|4\n|\n|t:|1776459743\n|switch|p1b: Incineroar|Incineroar, L50, F|100/100\n|-ability|p1b: Incineroar|Intimidate|boost\n|-unboost|p2a: Delphox|atk|1\n|-unboost|p2b: Aerodactyl|atk|1\n|detailschange|p2a: Delphox|Delphox-Mega, L50, F\n|-mega|p2a: Delphox|Delphox|Delphoxite\n|move|p2a: Delphox|Heat Wave|p1a: Feraligatr|[spread] p1b\n|-miss|p2a: Delphox|p1a: Feraligatr\n|-resisted|p1b: Incineroar|1\n|-crit|p1b: Incineroar\n|-damage|p1b: Incineroar|69/100\n|move|p2b: Aerodactyl|Dual Wingbeat|p1a: Feraligatr\n|-damage|p1a: Feraligatr|38/100\n|-crit|p1a: Feraligatr\n|-damage|p1a: Feraligatr|15/100\n|-hitcount|p1a: Feraligatr|2\n|move|p1a: Feraligatr|Liquidation|p2a: Delphox\n|-supereffective|p2a: Delphox|1\n|-damage|p2a: Delphox|0 fnt\n|faint|p2a: Delphox\n|\n|-sideend|p2: jvniperberry|move: Tailwind\n|upkeep\n|\n|t:|1776459760\n|switch|p2a: Garchomp|Garchomp, L50, M|100/100\n|turn|5\n|\n|t:|1776459772\n|move|p2b: Aerodactyl|Protect|p2b: Aerodactyl\n|-singleturn|p2b: Aerodactyl|Protect\n|move|p1b: Incineroar|Fake Out|p2a: Garchomp\n|-damage|p2a: Garchomp|91/100\n|-damage|p1b: Incineroar|57/100|[from] ability: Rough Skin|[of] p2a: Garchomp\n|move|p1a: Feraligatr|Aqua Jet|p2b: Aerodactyl\n|-activate|p2b: Aerodactyl|move: Protect\n|cant|p2a: Garchomp|flinch\n|\n|upkeep\n|turn|6\n|\n|t:|1776459786\n|move|p2b: Aerodactyl|Protect|p2b: Aerodactyl\n|-singleturn|p2b: Aerodactyl|Protect\n|move|p1a: Feraligatr|Aqua Jet|p2b: Aerodactyl\n|-activate|p2b: Aerodactyl|move: Protect\n|move|p2a: Garchomp|Earthquake|p1b: Incineroar|[spread] p1a,p1b\n|-activate|p2b: Aerodactyl|move: Protect\n|-supereffective|p1b: Incineroar|1\n|-damage|p1a: Feraligatr|0 fnt\n|-damage|p1b: Incineroar|0 fnt\n|faint|p1a: Feraligatr\n|faint|p1b: Incineroar\n|\n|upkeep\n|\n|t:|1776459797\n|switch|p1b: Sylveon|Sylveon, L50, F|100/100\n|switch|p1a: Aegislash|Aegislash, L50, F, shiny|70/100\n|turn|7\n|\n|t:|1776459817\n|move|p2a: Garchomp|Earthquake|p1b: Sylveon|[spread] p1a,p1b\n|-immune|p2b: Aerodactyl\n|-supereffective|p1a: Aegislash|1\n|-damage|p1a: Aegislash|2/100\n|-damage|p1b: Sylveon|42/100\n|move|p1b: Sylveon|Hyper Voice|p2b: Aerodactyl|[spread] p2a,p2b\n|-supereffective|p2a: Garchomp|1\n|-damage|p2a: Garchomp|12/100\n|-damage|p2b: Aerodactyl|0 fnt\n|faint|p2b: Aerodactyl\n|-formechange|p1a: Aegislash|Aegislash-Blade|\n|move|p1a: Aegislash|Shadow Claw|p2a: Garchomp\n|-damage|p2a: Garchomp|0 fnt\n|-damage|p1a: Aegislash|0 fnt|[from] ability: Rough Skin|[of] p2a: Garchomp\n|faint|p2a: Garchomp\n|faint|p1a: Aegislash\n|\n|win|sirae\n|raw|sirae's rating: 1153 &rarr; <strong>1176</strong><br />(+23 for winning)\n|raw|jvniperberry's rating: 1122 &rarr; <strong>1099</strong><br />(-23 for losing)\n|l|\u2606jvniperberry\n|player|p2|\n",
  "uploadtime": 1776459830,
  "views": 26,
  "formatid": "gen9championsvgc2026regma",
  "rating": 1099,
  "private": 0,
  "password": null
}