{
  "id": "gen9championsvgc2026regma-2580347271",
  "format": "[Gen 9 Champions] VGC 2026 Reg M-A",
  "players": [
    "slugpup stew",
    "jello1231"
  ],
  "log": "|j|\u2606slugpup stew\n|j|\u2606jello1231\n|inactive|Battle timer is ON: inactive players will automatically lose when time's up.\n|t:|1775883418\n|gametype|doubles\n|player|p1|slugpup stew|102|\n|player|p2|jello1231|#dplxspindas|\n|gen|9\n|tier|[Gen 9 Champions] VGC 2026 Reg M-A\n|rated|Tournament battle\n|rule|Species Clause: Limit one of each Pok\u00e9mon\n|rule|Item Clause: Limit 1 of each item\n|clearpoke\n|poke|p1|Blastoise, L50, M|\n|poke|p1|Sylveon, L50, F|\n|poke|p1|Sinistcha, L50|\n|poke|p1|Volcarona, L50, M|\n|poke|p1|Ninetales-Alola, L50, F|\n|poke|p1|Incineroar, L50, M|\n|poke|p2|Venusaur, L50, M|\n|poke|p2|Charizard, L50, F|\n|poke|p2|Whimsicott, L50, M|\n|poke|p2|Snorlax, L50, M|\n|poke|p2|Incineroar, L50, F|\n|poke|p2|Farigiraf, L50, F|\n|teampreview|4\n|j|@eragon\njello1231 has agreed to open team sheets.\n|j| Razachu\n|c|\u2606slugpup stew|glhf\nslugpup stew has agreed to open team sheets.\n|showteam|p1|Blastoise||Blastoisinite|RainDish|WaterSpout,IceBeam,ShellSmash,Protect|||M|||50|]Sylveon||FairyFeather|Pixilate|HyperVoice,MysticalFire,PsychUp,Protect|||F|||50|]Sinistcha||Leftovers|Hospitality|MatchaGotcha,RagePowder,PsychUp,Protect||||||50|]Volcarona||LumBerry|FlameBody|HeatWave,BugBuzz,QuiverDance,Protect|||M|||50|]Ninetales-Alola||MentalHerb|SnowWarning|Blizzard,Moonblast,AuroraVeil,Encore|||F|||50|]Incineroar||SitrusBerry|Intimidate|FlareBlitz,LashOut,PartingShot,FakeOut|||M|||50|\n|showteam|p2|Venusaur||MiracleSeed|Chlorophyll|WeatherBall,SolarBeam,EarthPower,SleepPowder|||M|||50|]Charizard||CharizarditeY|SolarPower|HeatWave,SolarBeam,Overheat,Protect|||F|||50|]Whimsicott||FocusSash|Prankster|Moonblast,Encore,Tailwind,Protect|||M|||50|]Snorlax||SitrusBerry|ThickFat|BellyDrum,HighHorsepower,BodySlam,Protect|||M|||50|]Incineroar||Leftovers|Intimidate|FakeOut,FlareBlitz,Snarl,PartingShot|||F|||50|]Farigiraf||MentalHerb|ArmorTail|TrickRoom,Psychic,HyperVoice,Protect|||F|||50|\n|j| Lifetouches\n|inactive|jello1231 has 60 seconds left.\n|\n|t:|1775883460\n|teamsize|p1|4\n|teamsize|p2|4\n|start\n|switch|p1a: Volcarona|Volcarona, L50, M|100/100\n|switch|p1b: Incineroar|Incineroar, L50, M|100/100\n|switch|p2a: Snorlax|Snorlax, L50, M|100/100\n|switch|p2b: Incineroar|Incineroar, L50, F|100/100\n|-ability|p1b: Incineroar|Intimidate|boost\n|-unboost|p2a: Snorlax|atk|1\n|-unboost|p2b: Incineroar|atk|1\n|-ability|p2b: Incineroar|Intimidate|boost\n|-unboost|p1a: Volcarona|atk|1\n|-unboost|p1b: Incineroar|atk|1\n|turn|1\n|c|\u2606slugpup stew|lifetouches i require encouragement\n|j| Circular Qy\n|j| WHKW10086\n|c| Lifetouches|no????\n|c|\u2606jello1231|LOL\n|c| Lifetouches|go jello!\n|inactive|slugpup stew has 30 seconds left.\n|inactive|jello1231 has 30 seconds left.\n|inactive|jello1231 has 20 seconds left.\n|inactive|jello1231 has 15 seconds left.\n|inactive|jello1231 has 10 seconds left.\n|c|\u2606slugpup stew|im sad now\n|inactive|jello1231 has 5 seconds left.\n|\n|t:|1775883515\n|switch|p1a: Ninetales|Ninetales-Alola, L50, F|100/100\n|-weather|Snowscape|[from] ability: Snow Warning|[of] p1a: Ninetales\n|move|p2b: Incineroar|Fake Out|p1b: Incineroar\n|-damage|p1b: Incineroar|91/100\n|cant|p1b: Incineroar|flinch\n|move|p2a: Snorlax|Belly Drum|p2a: Snorlax\n|-damage|p2a: Snorlax|51/100\n|-setboost|p2a: Snorlax|atk|6|[from] move: Belly Drum\n|\n|-weather|Snowscape|[upkeep]\n|upkeep\n|turn|2\n|inactive|jello1231 has 30 seconds left.\n|inactive|jello1231 has 20 seconds left.\n|inactive|jello1231 has 15 seconds left.\n|inactive|jello1231 has 10 seconds left.\n|inactive|jello1231 has 5 seconds left.\n|\n|t:|1775883565\n|move|p1a: Ninetales|Encore|p2a: Snorlax\n|-start|p2a: Snorlax|Encore\n|move|p1b: Incineroar|Parting Shot|p2b: Incineroar\n|-unboost|p2b: Incineroar|atk|1\n|-unboost|p2b: Incineroar|spa|1\n|c|\u2606jello1231|:(\n|\n|t:|1775883578\n|switch|p1b: Blastoise|Blastoise, L50, M|100/100|[from] Parting Shot\n|move|p2b: Incineroar|Parting Shot|p1b: Blastoise\n|-unboost|p1b: Blastoise|atk|1\n|-unboost|p1b: Blastoise|spa|1\n|\n|t:|1775883585\n|switch|p2b: Farigiraf|Farigiraf, L50, F|100/100|[from] Parting Shot\n|move|p2a: Snorlax|Belly Drum||[still]\n|-fail|p2a: Snorlax\n|\n|-weather|Snowscape|[upkeep]\n|upkeep\n|turn|3\n|\n|t:|1775883606\n|detailschange|p1b: Blastoise|Blastoise-Mega, L50, M\n|-mega|p1b: Blastoise|Blastoise|Blastoisinite\n|move|p1a: Ninetales|Aurora Veil|p1a: Ninetales\n|-sidestart|p1: slugpup stew|move: Aurora Veil\n|move|p1b: Blastoise|Water Spout|p2b: Farigiraf|[spread] p2a,p2b\n|-damage|p2a: Snorlax|22/100\n|-damage|p2b: Farigiraf|67/100\n|-enditem|p2a: Snorlax|Sitrus Berry|[eat]\n|-heal|p2a: Snorlax|47/100|[from] item: Sitrus Berry\n|move|p2a: Snorlax|Belly Drum||[still]\n|-fail|p2a: Snorlax\n|move|p2b: Farigiraf|Trick Room|p2b: Farigiraf\n|-fieldstart|move: Trick Room|[of] p2b: Farigiraf\n|\n|-weather|Snowscape|[upkeep]\n|upkeep\n|turn|4\n|\n|t:|1775883624\n|move|p2a: Snorlax|Belly Drum||[still]\n|-fail|p2a: Snorlax\n|move|p2b: Farigiraf|Psychic|p1b: Blastoise\n|-damage|p1b: Blastoise|77/100\n|move|p1b: Blastoise|Water Spout|p2a: Snorlax|[spread] p2a,p2b\n|-crit|p2a: Snorlax\n|-damage|p2a: Snorlax|0 fnt\n|-damage|p2b: Farigiraf|40/100\n|faint|p2a: Snorlax\n|move|p1a: Ninetales|Blizzard|p2b: Farigiraf\n|-damage|p2b: Farigiraf|9/100\n|\n|-weather|Snowscape|[upkeep]\n|upkeep\n|c|\u2606jello1231|:((((\n|c|\u2606slugpup stew|mb\n|c| Razachu|:(\n|c| Lifetouches|:(\n|\n|t:|1775883648\n|switch|p2a: Venusaur|Venusaur, L50, M|100/100\n|turn|5\n|c|\u2606slugpup stew|blame lifetouches\n|j| Anish Tatsugiri\n|inactive|jello1231 has 30 seconds left.\n|\n|t:|1775883674\n|switch|p2b: Incineroar|Incineroar, L50, F|100/100\n|-ability|p2b: Incineroar|Intimidate|boost\n|-unboost|p1a: Ninetales|atk|1\n|-unboost|p1b: Blastoise|atk|1\n|switch|p1b: Incineroar|Incineroar, L50, M|91/100\n|-ability|p1b: Incineroar|Intimidate|boost\n|-unboost|p2a: Venusaur|atk|1\n|-unboost|p2b: Incineroar|atk|1\n|move|p2a: Venusaur|Sleep Powder|p1b: Incineroar\n|-status|p1b: Incineroar|slp|[from] move: Sleep Powder\n|move|p1a: Ninetales|Blizzard|p2a: Venusaur|[spread] p2a,p2b\n|-supereffective|p2a: Venusaur|1\n|-resisted|p2b: Incineroar|1\n|-damage|p2a: Venusaur|27/100\n|-damage|p2b: Incineroar|87/100\n|\n|-weather|none\n|-heal|p2b: Incineroar|93/100|[from] item: Leftovers\n|upkeep\n|turn|6\n|\n|t:|1775883695\n|switch|p1a: Volcarona|Volcarona, L50, M|100/100\n|move|p2b: Incineroar|Flare Blitz|p1a: Volcarona\n|-damage|p1a: Volcarona|63/100\n|-immune|p2b: Incineroar\n|-damage|p2b: Incineroar|83/100|[from] Recoil\n|cant|p1b: Incineroar|slp\n|move|p2a: Venusaur|Earth Power|p1a: Volcarona\n|-damage|p1a: Volcarona|45/100\n|-unboost|p1a: Volcarona|spd|1\n|\n|-heal|p2b: Incineroar|89/100|[from] item: Leftovers\n|upkeep\n|turn|7\n|\n|t:|1775883710\n|move|p1a: Volcarona|Protect|p1a: Volcarona\n|-singleturn|p1a: Volcarona|Protect\n|move|p2b: Incineroar|Flare Blitz|p1b: Incineroar\n|-resisted|p1b: Incineroar|1\n|-damage|p1b: Incineroar|79/100 slp\n|-damage|p2b: Incineroar|85/100|[from] Recoil\n|cant|p1b: Incineroar|slp\n|move|p2a: Venusaur|Earth Power|p1a: Volcarona\n|-activate|p1a: Volcarona|move: Protect\n|\n|-heal|p2b: Incineroar|91/100|[from] item: Leftovers\n|-sideend|p1: slugpup stew|move: Aurora Veil\n|-fieldend|move: Trick Room\n|upkeep\n|turn|8\n|c|\u2606jello1231|oh woah\n|c|\u2606jello1231|I cant click fake out\n|inactive|jello1231 has 30 seconds left.\n|\n|t:|1775883738\n|switch|p2a: Farigiraf|Farigiraf, L50, F|9/100\n|move|p1a: Volcarona|Heat Wave|p2a: Farigiraf|[spread] p2b\n|-miss|p1a: Volcarona|p2a: Farigiraf\n|-resisted|p2b: Incineroar|1\n|-damage|p2b: Incineroar|74/100\n|-curestatus|p1b: Incineroar|slp|[msg]\n|move|p1b: Incineroar|Parting Shot|p2b: Incineroar\n|-unboost|p2b: Incineroar|atk|1\n|-unboost|p2b: Incineroar|spa|1\n|c| Lifetouches|yeah i think it only works on the 1st turn of a game\n|\n|t:|1775883750\n|switch|p1b: Blastoise|Blastoise-Mega, L50, M|77/100|[from] Parting Shot\n|move|p2b: Incineroar|Flare Blitz|p1a: Volcarona\n|-damage|p1a: Volcarona|0 fnt\n|faint|p1a: Volcarona\n|-damage|p2b: Incineroar|61/100|[from] Recoil\n|\n|-heal|p2b: Incineroar|67/100|[from] item: Leftovers\n|upkeep\n|\n|t:|1775883759\n|switch|p1a: Ninetales|Ninetales-Alola, L50, F|100/100\n|-weather|Snowscape|[from] ability: Snow Warning|[of] p1a: Ninetales\n|turn|9\n|c| Lifetouches|meaning if you dont click it on turn 1, you cant click it again iirc\n|c|\u2606slugpup stew|yh\n|c|\u2606slugpup stew|they fhanged it\n|c|\u2606slugpup stew|u struggle if ur encored\n|c|\u2606jello1231|uhm\n|inactive|jello1231 has 30 seconds left.\n|c|\u2606jello1231|did u say of the game?\n|\n|t:|1775883786\n|switch|p2b: Venusaur|Venusaur, L50, M|27/100\n|move|p1a: Ninetales|Blizzard|p2a: Farigiraf|[spread] p2a,p2b\n|-supereffective|p2b: Venusaur|1\n|-damage|p2a: Farigiraf|0 fnt\n|-damage|p2b: Venusaur|0 fnt\n|faint|p2a: Farigiraf\n|faint|p2b: Venusaur\n|move|p1b: Blastoise|Water Spout|p2: Farigiraf|[notarget]\n|-fail|p1b: Blastoise\n|\n|-weather|Snowscape|[upkeep]\n|upkeep\n|c|\u2606jello1231|that cant be right\n|\n|t:|1775883793\n|switch|p2b: Incineroar|Incineroar, L50, F|67/100\n|-ability|p2b: Incineroar|Intimidate|boost\n|-unboost|p1a: Ninetales|atk|1\n|-unboost|p1b: Blastoise|atk|1\n|turn|10\n|c| Lifetouches|yeah i think so\n|c|\u2606slugpup stew|lmao\n|c| Lifetouches|try now\n|\n|t:|1775883802\n|move|p2b: Incineroar|Fake Out|p1a: Ninetales\n|-damage|p1a: Ninetales|88/100\n|cant|p1a: Ninetales|flinch\n|move|p1b: Blastoise|Water Spout|p2b: Incineroar\n|-supereffective|p2b: Incineroar|1\n|-damage|p2b: Incineroar|0 fnt\n|faint|p2b: Incineroar\n|\n|win|slugpup stew\n|n|\u2606slugpup stew|slugpupstew\n|n|\u2606jello1231|jello1231\n|n|+eragon|eragon\n|n| Razachu|razachu\n|n| Lifetouches|lifetouches\n|n| Circular Qy|circularqy\n|n| WHKW10086|whkw10086\n|n| Anish Tatsugiri|anishtatsugiri\n",
  "uploadtime": 1775883802,
  "views": 15,
  "formatid": "gen9championsvgc2026regma",
  "rating": null,
  "private": 0,
  "password": null
}