{
  "id": "gen9championsvgc2026regma-2586638069",
  "format": "[Gen 9 Champions] VGC 2026 Reg M-A",
  "players": [
    "g1g1o",
    "Smirkc_01"
  ],
  "log": "|j|\u2606g1g1o\n|j|\u2606Smirkc_01\n|t:|1776448591\n|gametype|doubles\n|player|p1|g1g1o|giovanni|\n|player|p2|Smirkc_01|veteran|\n|gen|9\n|tier|[Gen 9 Champions] VGC 2026 Reg M-A\n|rated|Tournament battle\n|rule|Species Clause: Limit one of each Pok\u00e9mon\n|rule|Item Clause: Limit 1 of each item\n|raw|<div class=\"infobox\"><details class=\"readmore\" open><summary><strong>1 custom rule:</strong></summary> Force Open Team Sheets</details></div>\n|clearpoke\n|poke|p1|Aegislash, L50, F|\n|poke|p1|Politoed, L50, F|\n|poke|p1|Dragonite, L50, F|\n|poke|p1|Klefki, L50, F|\n|poke|p1|Tsareena, L50, F|\n|poke|p1|Sneasler, L50, M|\n|poke|p2|Gardevoir, L50, M|\n|poke|p2|Kingambit, L50, F|\n|poke|p2|Sneasler, L50, F|\n|poke|p2|Aerodactyl, L50, F|\n|poke|p2|Incineroar, L50, M|\n|poke|p2|Sinistcha, L50|\n|teampreview|4\n|showteam|p1|Aegislash||Leftovers|StanceChange|KingsShield,FlashCannon,ShadowBall,Substitute|||F|||50|]Politoed||WacanBerry|Drizzle|HelpingHand,IcyWind,MuddyWater,Protect|||F|||50|]Dragonite||Dragoninite|InnerFocus|Hurricane,DracoMeteor,Thunder,Tailwind|||F|||50|]Klefki||SitrusBerry|Prankster|RainDance,LightScreen,Reflect,DazzlingGleam|||F|||50|]Tsareena||NeverMeltIce|QueenlyMajesty|TripleAxel,TropKick,Protect,KnockOff|||F|||50|]Sneasler||WhiteHerb|Unburden|FakeOut,CloseCombat,DireClaw,Protect|||M|||50|\n|showteam|p2|Gardevoir||Gardevoirite|Synchronize|HyperVoice,Psychic,CalmMind,Protect|||M|||50|]Kingambit||QuickClaw|Defiant|KowtowCleave,SuckerPunch,IronHead,Protect|||F|||50|]Sneasler||WhiteHerb|Unburden|CloseCombat,DireClaw,FakeOut,Protect|||F|||50|]Aerodactyl||FocusSash|Unnerve|RockSlide,DualWingbeat,Tailwind,Protect|||F|||50|]Incineroar||SitrusBerry|Intimidate|FlareBlitz,ThroatChop,FakeOut,PartingShot|||M|||50|]Sinistcha||MiracleSeed|Hospitality|MatchaGotcha,RagePowder,TrickRoom,Protect||||||50|\n|inactive|Battle timer is ON: inactive players will automatically lose when time's up. (requested by Smirkc_01)\n|inactive|g1g1o has 60 seconds left.\n|inactive|Smirkc_01 has 60 seconds left.\n|\n|t:|1776448633\n|teamsize|p1|4\n|teamsize|p2|4\n|start\n|switch|p1a: Klefki|Klefki, L50, F|100/100\n|switch|p1b: Sneasler|Sneasler, L50, M|100/100\n|switch|p2a: Incineroar|Incineroar, L50, M|100/100\n|switch|p2b: Aerodactyl|Aerodactyl, L50, F|100/100\n|-ability|p2b: Aerodactyl|Unnerve\n|-ability|p2a: Incineroar|Intimidate|boost\n|-unboost|p1a: Klefki|atk|1\n|-unboost|p1b: Sneasler|atk|1\n|-enditem|p1b: Sneasler|White Herb\n|-clearnegativeboost|p1b: Sneasler|[silent]\n|turn|1\n|inactive|g1g1o has 30 seconds left.\n|inactive|g1g1o has 20 seconds left.\n|inactive|g1g1o has 15 seconds left.\n|inactive|g1g1o has 10 seconds left.\n|\n|t:|1776448685\n|move|p1a: Klefki|Reflect|p1a: Klefki\n|-sidestart|p1: g1g1o|Reflect\n|move|p1b: Sneasler|Close Combat|p2b: Aerodactyl\n|-enditem|p2b: Aerodactyl|Focus Sash\n|-damage|p2b: Aerodactyl|1/100\n|-unboost|p1b: Sneasler|def|1\n|-unboost|p1b: Sneasler|spd|1\n|move|p2b: Aerodactyl|Dual Wingbeat|p1b: Sneasler\n|-supereffective|p1b: Sneasler|1\n|-damage|p1b: Sneasler|36/100\n|-supereffective|p1b: Sneasler|1\n|-damage|p1b: Sneasler|0 fnt\n|faint|p1b: Sneasler\n|-hitcount|p1: Sneasler|2\n|move|p2a: Incineroar|Flare Blitz|p1a: Klefki\n|-supereffective|p1a: Klefki|1\n|-crit|p1a: Klefki\n|-damage|p1a: Klefki|0 fnt\n|faint|p1a: Klefki\n|-damage|p2a: Incineroar|74/100|[from] Recoil\n|\n|upkeep\n|\n|t:|1776448700\n|switch|p1b: Aegislash|Aegislash, L50, F, shiny|100/100\n|switch|p1a: Dragonite|Dragonite, L50, F, shiny|100/100\n|turn|2\n|c|\u2606g1g1o|ofc crit\n|inactive|Smirkc_01 has 30 seconds left.\n|\n|t:|1776448726\n|detailschange|p1a: Dragonite|Dragonite-Mega, L50, F, shiny\n|-mega|p1a: Dragonite|Dragonite|Dragoninite\n|move|p2b: Aerodactyl|Protect|p2b: Aerodactyl\n|-singleturn|p2b: Aerodactyl|Protect\n|move|p1a: Dragonite|Tailwind|p1a: Dragonite\n|-sidestart|p1: g1g1o|move: Tailwind\n|-formechange|p1b: Aegislash|Aegislash-Blade|\n|move|p1b: Aegislash|Flash Cannon|p2b: Aerodactyl\n|-activate|p2b: Aerodactyl|move: Protect\n|move|p2a: Incineroar|Parting Shot|p1a: Dragonite\n|-unboost|p1a: Dragonite|atk|1\n|-unboost|p1a: Dragonite|spa|1\n|\n|t:|1776448742\n|switch|p2a: Gardevoir|Gardevoir, L50, M, shiny|100/100|[from] Parting Shot\n|\n|upkeep\n|turn|3\n|\n|t:|1776448754\n|switch|p2b: Incineroar|Incineroar, L50, M|74/100\n|-ability|p2b: Incineroar|Intimidate|boost\n|-unboost|p1a: Dragonite|atk|1\n|-unboost|p1b: Aegislash|atk|1\n|move|p2a: Gardevoir|Protect|p2a: Gardevoir\n|-singleturn|p2a: Gardevoir|Protect\n|move|p1a: Dragonite|Thunder|p2b: Incineroar\n|-damage|p2b: Incineroar|50/100\n|-enditem|p2b: Incineroar|Sitrus Berry|[eat]\n|-heal|p2b: Incineroar|74/100|[from] item: Sitrus Berry\n|move|p1b: Aegislash|Flash Cannon|p2a: Gardevoir\n|-activate|p2a: Gardevoir|move: Protect\n|\n|upkeep\n|turn|4\n|inactive|Smirkc_01 has 30 seconds left.\n|inactive|Smirkc_01 has 20 seconds left.\n|inactive|Smirkc_01 has 15 seconds left.\n|inactive|Smirkc_01 has 10 seconds left.\n|\n|t:|1776448801\n|detailschange|p2a: Gardevoir|Gardevoir-Mega, L50, M, shiny\n|-mega|p2a: Gardevoir|Gardevoir|Gardevoirite\n|move|p1a: Dragonite|Hurricane|p2b: Incineroar|[miss]\n|-miss|p1a: Dragonite|p2b: Incineroar\n|move|p1b: Aegislash|Substitute|p1b: Aegislash\n|-start|p1b: Aegislash|Substitute\n|-damage|p1b: Aegislash|76/100\n|move|p2a: Gardevoir|Calm Mind|p2a: Gardevoir\n|-boost|p2a: Gardevoir|spa|1\n|-boost|p2a: Gardevoir|spd|1\n|move|p2b: Incineroar|Flare Blitz|p1b: Aegislash\n|-supereffective|p1b: Aegislash|1\n|-end|p1b: Aegislash|Substitute\n|-damage|p2b: Incineroar|67/100|[from] Recoil|[of] p1b: Aegislash\n|\n|-heal|p1b: Aegislash|82/100|[from] item: Leftovers\n|upkeep\n|turn|5\n|\n|t:|1776448822\n|move|p1a: Dragonite|Thunder|p2b: Incineroar\n|-damage|p2b: Incineroar|44/100\n|move|p1b: Aegislash|Flash Cannon|p2a: Gardevoir\n|-supereffective|p2a: Gardevoir|1\n|-damage|p2a: Gardevoir|48/100\n|move|p2a: Gardevoir|Calm Mind|p2a: Gardevoir\n|-boost|p2a: Gardevoir|spa|1\n|-boost|p2a: Gardevoir|spd|1\n|move|p2b: Incineroar|Flare Blitz|p1b: Aegislash\n|-supereffective|p1b: Aegislash|1\n|-damage|p1b: Aegislash|0 fnt\n|faint|p1b: Aegislash\n|-damage|p2b: Incineroar|21/100|[from] Recoil\n|\n|-sideend|p1: g1g1o|Reflect\n|-sideend|p1: g1g1o|move: Tailwind\n|upkeep\n|turn|6\n|-message|g1g1o forfeited.\n|\n|win|Smirkc_01\n|n|\u2606g1g1o|g1g1o\n|n|\u2606Smirkc_01|smirkc01\n|l|\u2606g1g1o\n|player|p1|\n",
  "uploadtime": 1776449576,
  "views": 23,
  "formatid": "gen9championsvgc2026regma",
  "rating": null,
  "private": 0,
  "password": null
}