{
  "id": "gen9championsvgc2026regma-2585213991",
  "format": "[Gen 9 Champions] VGC 2026 Reg M-A",
  "players": [
    "comprestrict",
    "Sharkhy_"
  ],
  "log": "|j|\u2606comprestrict\n|j|\u2606Sharkhy_\n|t:|1776325803\n|gametype|doubles\n|player|p1|comprestrict|170|1027\n|player|p2|Sharkhy_|170|1051\n|gen|9\n|tier|[Gen 9 Champions] VGC 2026 Reg M-A\n|rated|\n|rule|Species Clause: Limit one of each Pok\u00e9mon\n|rule|Item Clause: Limit 1 of each item\n|clearpoke\n|poke|p1|Hydreigon, L50, F|\n|poke|p1|Gallade, L50, M|\n|poke|p1|Drampa, L50, F|\n|poke|p1|Talonflame, L50, F|\n|poke|p1|Banette, L50, F|\n|poke|p1|Milotic, L50, M|\n|poke|p2|Charizard, L50, F|\n|poke|p2|Maushold-Four, L50|\n|poke|p2|Sneasler, L50, F|\n|poke|p2|Dragapult, L50, F|\n|poke|p2|Kingambit, L50, F|\n|poke|p2|Garchomp, L50, M|\n|teampreview|4\n|inactive|Battle timer is ON: inactive players will automatically lose when time's up. (requested by comprestrict)\n|inactive|comprestrict has 60 seconds left.\n|\n|t:|1776325846\n|teamsize|p1|4\n|teamsize|p2|4\n|start\n|switch|p1a: Talonflame|Talonflame, L50, F|100/100\n|switch|p1b: Gallade|Gallade, L50, M|100/100\n|switch|p2a: Kingambit|Kingambit, L50, F|100/100\n|switch|p2b: Maushold|Maushold-Four, L50|100/100\n|turn|1\n|inactive|comprestrict has 30 seconds left.\n|\n|t:|1776325873\n|move|p2b: Maushold|Follow Me|p2b: Maushold\n|-singleturn|p2b: Maushold|move: Follow Me\n|move|p1a: Talonflame|Tailwind|p1a: Talonflame\n|-sidestart|p1: comprestrict|move: Tailwind\n|move|p2a: Kingambit|Sucker Punch|p1b: Gallade\n|-damage|p1b: Gallade|8/100\n|move|p1b: Gallade|Sacred Sword|p2b: Maushold\n|-supereffective|p2b: Maushold|1\n|-enditem|p2b: Maushold|Chople Berry|[eat]\n|-enditem|p2b: Maushold|Chople Berry|[weaken]\n|-damage|p2b: Maushold|0 fnt\n|faint|p2b: Maushold\n|\n|upkeep\n|\n|t:|1776325885\n|switch|p2b: Sneasler|Sneasler, L50, F|100/100\n|turn|2\n|\n|t:|1776325895\n|move|p1b: Gallade|Protect|p1b: Gallade\n|-singleturn|p1b: Gallade|Protect\n|move|p2a: Kingambit|Protect|p2a: Kingambit\n|-singleturn|p2a: Kingambit|Protect\n|move|p1a: Talonflame|Upper Hand||[still]\n|-fail|p1a: Talonflame\n|move|p2b: Sneasler|Fake Out|p1b: Gallade\n|-activate|p1b: Gallade|move: Protect\n|\n|upkeep\n|turn|3\n|\n|t:|1776325910\n|move|p1a: Talonflame|Upper Hand|p2a: Kingambit\n|-supereffective|p2a: Kingambit|2\n|-damage|p2a: Kingambit|42/100\n|cant|p2a: Kingambit|flinch\n|move|p1b: Gallade|Psycho Cut|p2b: Sneasler\n|-supereffective|p2b: Sneasler|2\n|-enditem|p2b: Sneasler|Focus Sash\n|-damage|p2b: Sneasler|1/100\n|move|p2b: Sneasler|Dire Claw|p1a: Talonflame\n|-damage|p1a: Talonflame|39/100\n|-status|p1a: Talonflame|par\n|\n|upkeep\n|turn|4\n|\n|t:|1776325932\n|move|p2a: Kingambit|Protect|p2a: Kingambit\n|-singleturn|p2a: Kingambit|Protect\n|move|p1a: Talonflame|Upper Hand||[still]\n|-fail|p1a: Talonflame\n|move|p2b: Sneasler|Close Combat|p1a: Talonflame\n|-resisted|p1a: Talonflame|1\n|-damage|p1a: Talonflame|0 fnt\n|-unboost|p2b: Sneasler|def|1\n|-unboost|p2b: Sneasler|spd|1\n|faint|p1a: Talonflame\n|move|p1b: Gallade|Psycho Cut|p2b: Sneasler\n|-supereffective|p2b: Sneasler|2\n|-damage|p2b: Sneasler|0 fnt\n|faint|p2b: Sneasler\n|\n|-sideend|p1: comprestrict|move: Tailwind\n|upkeep\n|\n|t:|1776325948\n|switch|p2b: Charizard|Charizard, L50, F|100/100\n|switch|p1a: Hydreigon|Hydreigon, L50, F|100/100\n|turn|5\n|\n|t:|1776325969\n|detailschange|p2b: Charizard|Charizard-Mega-Y, L50, F\n|-mega|p2b: Charizard|Charizard|Charizardite Y\n|-weather|SunnyDay|[from] ability: Drought|[of] p2b: Charizard\n|move|p1b: Gallade|Wide Guard|p1b: Gallade\n|-singleturn|p1b: Gallade|Wide Guard\n|move|p2a: Kingambit|Sucker Punch||[still]\n|-fail|p2a: Kingambit\n|move|p1a: Hydreigon|Dark Pulse|p2b: Charizard\n|-damage|p2b: Charizard|61/100\n|cant|p2b: Charizard|flinch\n|\n|-weather|SunnyDay|[upkeep]\n|upkeep\n|turn|6\n|\n|t:|1776325994\n|move|p1b: Gallade|Protect||[still]\n|-fail|p1b: Gallade\n|move|p2a: Kingambit|Sucker Punch||[still]\n|-fail|p2a: Kingambit\n|move|p1a: Hydreigon|Draco Meteor|p2b: Charizard\n|-damage|p2b: Charizard|0 fnt\n|-unboost|p1a: Hydreigon|spa|2\n|faint|p2b: Charizard\n|\n|-weather|SunnyDay|[upkeep]\n|upkeep\n|turn|7\n|\n|t:|1776326007\n|switch|p1a: Banette|Banette, L50, F|100/100\n|-item|p2a: Kingambit|Black Glasses|[from] ability: Frisk|[of] p1a: Banette\n|move|p2a: Kingambit|Sucker Punch|p1b: Gallade\n|-damage|p1b: Gallade|0 fnt\n|faint|p1b: Gallade\n|\n|-weather|SunnyDay|[upkeep]\n|upkeep\n|\n|t:|1776326012\n|switch|p1b: Hydreigon|Hydreigon, L50, F|100/100\n|turn|8\n|\n|t:|1776326027\n|detailschange|p1a: Banette|Banette-Mega, L50, F\n|-mega|p1a: Banette|Banette|Banettite\n|move|p1a: Banette|Destiny Bond|p1a: Banette\n|-singlemove|p1a: Banette|Destiny Bond\n|move|p1b: Hydreigon|Draco Meteor|p2a: Kingambit\n|-resisted|p2a: Kingambit|1\n|-damage|p2a: Kingambit|5/100\n|-unboost|p1b: Hydreigon|spa|2\n|move|p2a: Kingambit|Kowtow Cleave|p1a: Banette\n|-supereffective|p1a: Banette|1\n|-damage|p1a: Banette|0 fnt\n|faint|p1a: Banette\n|-activate|p1a: Banette|move: Destiny Bond\n|faint|p2a: Kingambit\n|\n|win|comprestrict\n|raw|comprestrict's rating: 1027 &rarr; <strong>1065</strong><br />(+38 for winning)\n|raw|Sharkhy_'s rating: 1051 &rarr; <strong>1032</strong><br />(-19 for losing)\n",
  "uploadtime": 1776326041,
  "views": 28,
  "formatid": "gen9championsvgc2026regma",
  "rating": 1032,
  "private": 0,
  "password": null
}