{
  "id": "gen9championsvgc2026regma-2586280649",
  "format": "[Gen 9 Champions] VGC 2026 Reg M-A",
  "players": [
    "apple sauce mafia",
    "Paolett6732"
  ],
  "log": "|j|\u2606apple sauce mafia\n|j|\u2606Paolett6732\n|t:|1776420790\n|gametype|doubles\n|player|p1|apple sauce mafia|jacq|1230\n|player|p2|Paolett6732|101|1226\n|gen|9\n|tier|[Gen 9 Champions] VGC 2026 Reg M-A\n|rated|\n|rule|Species Clause: Limit one of each Pok\u00e9mon\n|rule|Item Clause: Limit 1 of each item\n|clearpoke\n|poke|p1|Starmie, L50|\n|poke|p1|Orthworm, L50, M|\n|poke|p1|Garchomp, L50, F|\n|poke|p1|Aerodactyl, L50, M|\n|poke|p1|Froslass, L50, F|\n|poke|p1|Rotom-Frost, L50|\n|poke|p2|Dragonite, L50, F|\n|poke|p2|Pelipper, L50, M|\n|poke|p2|Basculegion, L50, M|\n|poke|p2|Tsareena, L50, F|\n|poke|p2|Archaludon, L50, M|\n|poke|p2|Wyrdeer, L50, F|\n|teampreview|4\n|inactive|Battle timer is ON: inactive players will automatically lose when time's up. (requested by Paolett6732)\n|\n|t:|1776420810\n|teamsize|p1|4\n|teamsize|p2|4\n|start\n|switch|p1a: Orthworm|Orthworm, L50, M|100/100\n|switch|p1b: Aerodactyl|Aerodactyl, L50, M|100/100\n|switch|p2a: Dragonite|Dragonite, L50, F|100/100\n|switch|p2b: Pelipper|Pelipper, L50, M|100/100\n|-ability|p1b: Aerodactyl|Unnerve\n|-weather|RainDance|[from] ability: Drizzle|[of] p2b: Pelipper\n|turn|1\n|\n|t:|1776420849\n|move|p1b: Aerodactyl|Rock Slide|p2b: Pelipper|[spread] p2a,p2b\n|-supereffective|p2a: Dragonite|1\n|-supereffective|p2b: Pelipper|1\n|-damage|p2a: Dragonite|73/100\n|-damage|p2b: Pelipper|45/100\n|move|p2a: Dragonite|Hydro Pump|p1b: Aerodactyl\n|-supereffective|p1b: Aerodactyl|1\n|-enditem|p1b: Aerodactyl|Focus Sash\n|-damage|p1b: Aerodactyl|1/100\n|move|p1a: Orthworm|Shed Tail|p1a: Orthworm\n|-start|p1a: Orthworm|Substitute|[from] move: Shed Tail\n|-damage|p1a: Orthworm|50/100\n|-enditem|p1a: Orthworm|Sitrus Berry|[eat]\n|-heal|p1a: Orthworm|75/100|[from] item: Sitrus Berry\n|\n|t:|1776420861\n|switch|p1a: Starmie|Starmie, L50|100/100|[from] Shed Tail\n|move|p2b: Pelipper|Tailwind|p2b: Pelipper\n|-sidestart|p2: Paolett6732|move: Tailwind\n|\n|-weather|RainDance|[upkeep]\n|upkeep\n|turn|2\n|\n|t:|1776420879\n|detailschange|p2a: Dragonite|Dragonite-Mega, L50, F\n|-mega|p2a: Dragonite|Dragonite|Dragoninite\n|detailschange|p1a: Starmie|Starmie-Mega, L50\n|-mega|p1a: Starmie|Starmie|Starminite\n|move|p1b: Aerodactyl|Protect|p1b: Aerodactyl\n|-singleturn|p1b: Aerodactyl|Protect\n|move|p2a: Dragonite|Hurricane|p1b: Aerodactyl\n|-activate|p1b: Aerodactyl|move: Protect\n|move|p1a: Starmie|Zen Headbutt|p2a: Dragonite|[miss]\n|-miss|p1a: Starmie|p2a: Dragonite\n|move|p2b: Pelipper|Hurricane|p1a: Starmie\n|-end|p1a: Starmie|Substitute\n|\n|-weather|RainDance|[upkeep]\n|upkeep\n|turn|3\n|inactive|apple sauce mafia has 30 seconds left.\n|\n|t:|1776420904\n|switch|p1b: Orthworm|Orthworm, L50, M|75/100\n|move|p2a: Dragonite|Hurricane|p1a: Starmie\n|-damage|p1a: Starmie|20/100\n|move|p1a: Starmie|Zen Headbutt|p2a: Dragonite\n|-damage|p2a: Dragonite|3/100\n|move|p2b: Pelipper|Hurricane|p1b: Orthworm\n|-resisted|p1b: Orthworm|1\n|-damage|p1b: Orthworm|42/100\n|\n|-weather|RainDance|[upkeep]\n|upkeep\n|turn|4\n|\n|t:|1776420923\n|move|p2a: Dragonite|Hurricane|p1a: Starmie\n|-damage|p1a: Starmie|0 fnt\n|faint|p1a: Starmie\n|move|p2b: Pelipper|Hydro Pump|p1b: Orthworm\n|-damage|p1b: Orthworm|0 fnt\n|faint|p1b: Orthworm\n|\n|-weather|RainDance|[upkeep]\n|-sideend|p2: Paolett6732|move: Tailwind\n|upkeep\n|\n|t:|1776420927\n|switch|p1a: Garchomp|Garchomp, L50, F|100/100\n|switch|p1b: Aerodactyl|Aerodactyl, L50, M|1/100\n|-ability|p1b: Aerodactyl|Unnerve\n|turn|5\n|\n|t:|1776420949\n|switch|p2b: Wyrdeer|Wyrdeer, L50, F|100/100\n|-ability|p2b: Wyrdeer|Intimidate|boost\n|-unboost|p1a: Garchomp|atk|1\n|-unboost|p1b: Aerodactyl|atk|1\n|move|p1b: Aerodactyl|Tailwind|p1b: Aerodactyl\n|-sidestart|p1: apple sauce mafia|move: Tailwind\n|move|p1a: Garchomp|Rock Slide|p2a: Dragonite|[spread] p2a,p2b\n|-supereffective|p2a: Dragonite|1\n|-crit|p2a: Dragonite\n|-damage|p2a: Dragonite|0 fnt\n|-damage|p2b: Wyrdeer|87/100\n|faint|p2a: Dragonite\n|\n|-weather|none\n|upkeep\n|\n|t:|1776420961\n|switch|p2a: Pelipper|Pelipper, L50, M|45/100\n|-weather|RainDance|[from] ability: Drizzle|[of] p2a: Pelipper\n|turn|6\n|\n|t:|1776420968\n|move|p2a: Pelipper|Protect|p2a: Pelipper\n|-singleturn|p2a: Pelipper|Protect\n|move|p1b: Aerodactyl|Rock Slide|p2b: Wyrdeer|[spread] p2b\n|-activate|p2a: Pelipper|move: Protect\n|-damage|p2b: Wyrdeer|70/100\n|move|p1a: Garchomp|Rock Slide|p2b: Wyrdeer|[spread] p2b\n|-activate|p2a: Pelipper|move: Protect\n|-damage|p2b: Wyrdeer|54/100\n|move|p2b: Wyrdeer|Trick Room|p2b: Wyrdeer\n|-fieldstart|move: Trick Room|[of] p2b: Wyrdeer\n|\n|-weather|RainDance|[upkeep]\n|upkeep\n|turn|7\n|\n|t:|1776420990\n|move|p1b: Aerodactyl|Protect|p1b: Aerodactyl\n|-singleturn|p1b: Aerodactyl|Protect\n|move|p2a: Pelipper|Hurricane|p1a: Garchomp\n|-damage|p1a: Garchomp|35/100\n|move|p2b: Wyrdeer|Body Slam|p1b: Aerodactyl\n|-activate|p1b: Aerodactyl|move: Protect\n|move|p1a: Garchomp|Rock Slide|p2b: Wyrdeer|[spread] p2a,p2b\n|-supereffective|p2a: Pelipper|1\n|-damage|p2a: Pelipper|15/100\n|-damage|p2b: Wyrdeer|40/100\n|\n|-weather|RainDance|[upkeep]\n|upkeep\n|turn|8\n|\n|t:|1776421005\n|move|p1a: Garchomp|Protect|p1a: Garchomp\n|-singleturn|p1a: Garchomp|Protect\n|move|p2b: Wyrdeer|Body Slam|p1b: Aerodactyl\n|-resisted|p1b: Aerodactyl|1\n|-crit|p1b: Aerodactyl\n|-damage|p1b: Aerodactyl|0 fnt\n|faint|p1b: Aerodactyl\n|move|p2a: Pelipper|Hurricane|p1a: Garchomp\n|-activate|p1a: Garchomp|move: Protect\n|\n|-weather|RainDance|[upkeep]\n|-sideend|p1: apple sauce mafia|move: Tailwind\n|upkeep\n|turn|9\n|\n|t:|1776421019\n|move|p1a: Garchomp|Protect||[still]\n|-fail|p1a: Garchomp\n|move|p2b: Wyrdeer|Psyshield Bash|p1a: Garchomp\n|-damage|p1a: Garchomp|0 fnt\n|-boost|p2b: Wyrdeer|def|1\n|-damage|p2b: Wyrdeer|27/100|[from] ability: Rough Skin|[of] p1a: Garchomp\n|faint|p1a: Garchomp\n|\n|win|Paolett6732\n|raw|apple sauce mafia's rating: 1230 &rarr; <strong>1205</strong><br />(-25 for losing)\n|raw|Paolett6732's rating: 1226 &rarr; <strong>1251</strong><br />(+25 for winning)\n|l|\u2606apple sauce mafia\n|player|p1|\n",
  "uploadtime": 1776421031,
  "views": 43,
  "formatid": "gen9championsvgc2026regma",
  "rating": 1205,
  "private": 0,
  "password": null
}