{
  "id": "gen9championsvgc2026regma-2586799220",
  "format": "[Gen 9 Champions] VGC 2026 Reg M-A",
  "players": [
    "Orxatilla",
    "skittycel"
  ],
  "log": "|j|\u2606Orxatilla\n|j|\u2606skittycel\n|t:|1776460835\n|gametype|doubles\n|player|p1|Orxatilla|266|\n|player|p2|skittycel|#pmpliiidachsbuns|\n|gen|9\n|tier|[Gen 9 Champions] VGC 2026 Reg M-A\n|rated|Tournament battle\n|rule|Species Clause: Limit one of each Pok\u00e9mon\n|rule|Item Clause: Limit 1 of each item\n|raw|<div class=\"infobox\"><details class=\"readmore\" open><summary><strong>1 custom rule:</strong></summary> Force Open Team Sheets</details></div>\n|clearpoke\n|poke|p1|Delphox, L50, M|\n|poke|p1|Venusaur, L50, M|\n|poke|p1|Aerodactyl, L50, M|\n|poke|p1|Milotic, L50, F|\n|poke|p1|Raichu, L50, M|\n|poke|p1|Sinistcha, L50|\n|poke|p2|Dragonite, L50, M|\n|poke|p2|Gardevoir, L50, M|\n|poke|p2|Rotom-Wash, L50|\n|poke|p2|Maushold, L50|\n|poke|p2|Kingambit, L50, F|\n|poke|p2|Gengar, L50, F|\n|teampreview|4\n|showteam|p1|Delphox||Delphoxite|Blaze|HeatWave,Protect,Psychic,NastyPlot|||M|||50|]Venusaur||Venusaurite|Chlorophyll|GigaDrain,Protect,LeechSeed,SludgeBomb|||M|||50|]Aerodactyl||FocusSash|Unnerve|RockSlide,DualWingbeat,Earthquake,Tailwind|||M|||50|]Milotic||Leftovers|Competitive|Scald,IceBeam,Protect,LifeDew|||F|||50|]Raichu||BrightPowder|LightningRod|RainDance,Nuzzle,FakeOut,Thunder|||M|||50|]Sinistcha||SitrusBerry|Hospitality|MatchaGotcha,RagePowder,Protect,Imprison||||||50|\n|showteam|p2|Dragonite||LumBerry|Multiscale|DragonClaw,FirePunch,Tailwind,Protect|||M|||50|]Gardevoir||Gardevoirite|Trace|HyperVoice,Psyshock,TrickRoom,Protect|||M|||50|]Rotom-Wash||SitrusBerry|Levitate|HydroPump,VoltSwitch,WillOWisp,Thunderbolt||||||50|]Maushold||FocusSash|FriendGuard|SuperFang,FollowMe,Protect,Feint||||||50|]Kingambit||BlackGlasses|Defiant|KowtowCleave,SuckerPunch,LowKick,Protect|||F|||50|]Gengar||Gengarite|CursedBody|ShadowBall,SludgeBomb,Psychic,Protect|||F|||50|\n|inactive|Battle timer is ON: inactive players will automatically lose when time's up. (requested by skittycel)\nOrxatilla has agreed to open team sheets.\n|inactive|Orxatilla has 60 seconds left.\n|inactive|skittycel has 60 seconds left.\n|j| flashfire125\n|\n|t:|1776460893\n|teamsize|p1|4\n|teamsize|p2|4\n|start\n|switch|p1a: Raichu|Raichu, L50, M|100/100\n|switch|p1b: tax evasion|Venusaur, L50, M, shiny|100/100\n|switch|p2a: Gengar|Gengar, L50, F|100/100\n|switch|p2b: Rotom|Rotom-Wash, L50|100/100\n|turn|1\n|\n|t:|1776460919\n|detailschange|p2a: Gengar|Gengar-Mega, L50, F\n|-mega|p2a: Gengar|Gengar|Gengarite\n|move|p2a: Gengar|Protect|p2a: Gengar\n|-singleturn|p2a: Gengar|Protect\n|move|p1b: tax evasion|Protect|p1b: tax evasion\n|-singleturn|p1b: tax evasion|Protect\n|move|p1a: Raichu|Nuzzle|p2a: Gengar\n|-activate|p2a: Gengar|move: Protect\n|move|p2b: Rotom|Hydro Pump|p1a: Raichu\n|-damage|p1a: Raichu|45/100\n|\n|upkeep\n|turn|2\n|\n|t:|1776460937\n|detailschange|p1b: tax evasion|Venusaur-Mega, L50, M, shiny\n|-mega|p1b: tax evasion|Venusaur|Venusaurite\n|move|p2a: Gengar|Sludge Bomb|p1a: Raichu\n|-damage|p1a: Raichu|0 fnt\n|faint|p1a: Raichu\n|move|p2b: Rotom|Volt Switch|p1b: tax evasion\n|-resisted|p1b: tax evasion|1\n|-damage|p1b: tax evasion|89/100\n|\n|t:|1776460941\n|switch|p2b: Maushold|Maushold, L50|100/100|[from] Volt Switch\n|move|p1b: tax evasion|Giga Drain|p2b: Maushold\n|-damage|p2b: Maushold|56/100\n|-heal|p1b: tax evasion|100/100|[from] drain|[of] p2b: Maushold\n|\n|upkeep\n|\n|t:|1776460949\n|switch|p1a: D\u00e0til|Aerodactyl, L50, M, shiny|100/100\n|-ability|p1a: D\u00e0til|Unnerve\n|turn|3\n|\n|t:|1776460967\n|switch|p2b: Dragonite|Dragonite, L50, M|100/100\n|move|p1b: tax evasion|Protect|p1b: tax evasion\n|-singleturn|p1b: tax evasion|Protect\n|move|p2a: Gengar|Shadow Ball|p1a: D\u00e0til\n|-damage|p1a: D\u00e0til|24/100\n|move|p1a: D\u00e0til|Earthquake|p2b: Dragonite|[spread] p2a\n|-activate|p1b: tax evasion|move: Protect\n|-immune|p2b: Dragonite\n|-supereffective|p2a: Gengar|1\n|-damage|p2a: Gengar|34/100\n|\n|upkeep\n|turn|4\n|inactive|Orxatilla has 30 seconds left.\n|inactive|Orxatilla has 20 seconds left.\n|\n|t:|1776461005\n|switch|p2a: Rotom|Rotom-Wash, L50|100/100\n|move|p1a: D\u00e0til|Rock Slide|p2b: Dragonite|[spread] p2a,p2b\n|-supereffective|p2b: Dragonite|1\n|-damage|p2a: Rotom|75/100\n|-damage|p2b: Dragonite|73/100\n|cant|p2b: Dragonite|flinch\n|move|p1b: tax evasion|Giga Drain|p2a: Rotom\n|-supereffective|p2a: Rotom|1\n|-damage|p2a: Rotom|6/100\n|\n|upkeep\n|turn|5\n|\n|t:|1776461025\n|move|p1a: D\u00e0til|Tailwind|p1a: D\u00e0til\n|-sidestart|p1: Orxatilla|move: Tailwind\n|move|p1b: tax evasion|Giga Drain|p2a: Rotom\n|-supereffective|p2a: Rotom|1\n|-damage|p2a: Rotom|0 fnt\n|faint|p2a: Rotom\n|move|p2b: Dragonite|Dragon Claw|p1a: D\u00e0til\n|-damage|p1a: D\u00e0til|0 fnt\n|faint|p1a: D\u00e0til\n|\n|upkeep\n|\n|t:|1776461035\n|switch|p1a: Sinistcha|Sinistcha, L50|100/100\n|switch|p2a: Gengar|Gengar-Mega, L50, F|34/100\n|turn|6\n|\n|t:|1776461051\n|move|p1b: tax evasion|Protect|p1b: tax evasion\n|-singleturn|p1b: tax evasion|Protect\n|move|p2a: Gengar|Protect|p2a: Gengar\n|-singleturn|p2a: Gengar|Protect\n|move|p1a: Sinistcha|Matcha Gotcha|p2b: Dragonite|[spread] p2b\n|-activate|p2a: Gengar|move: Protect\n|-resisted|p2b: Dragonite|2\n|-damage|p2b: Dragonite|67/100\n|-status|p2b: Dragonite|brn\n|-enditem|p2b: Dragonite|Lum Berry|[eat]\n|-curestatus|p2b: Dragonite|brn|[msg]\n|move|p2b: Dragonite|Tailwind|p2b: Dragonite\n|-sidestart|p2: skittycel|move: Tailwind\n|\n|upkeep\n|turn|7\n|inactive|Orxatilla has 30 seconds left.\n|\n|t:|1776461078\n|move|p1a: Sinistcha|Rage Powder|p1a: Sinistcha\n|-singleturn|p1a: Sinistcha|move: Rage Powder\n|move|p2a: Gengar|Shadow Ball|p1a: Sinistcha\n|-supereffective|p1a: Sinistcha|1\n|-damage|p1a: Sinistcha|0 fnt\n|faint|p1a: Sinistcha\n|move|p2b: Dragonite|Dragon Claw|p1b: tax evasion\n|-damage|p1b: tax evasion|60/100\n|move|p1b: tax evasion|Giga Drain|p2a: Gengar\n|-resisted|p2a: Gengar|1\n|-damage|p2a: Gengar|13/100\n|-heal|p1b: tax evasion|68/100|[from] drain|[of] p2a: Gengar\n|\n|upkeep\n|turn|8\n|\n|t:|1776461086\n|move|p2a: Gengar|Psychic|p1b: tax evasion\n|-supereffective|p1b: tax evasion|1\n|-damage|p1b: tax evasion|18/100\n|move|p2b: Dragonite|Dragon Claw|p1b: tax evasion\n|-damage|p1b: tax evasion|0 fnt\n|faint|p1b: tax evasion\n|\n|win|skittycel\n|n|\u2606Orxatilla|orxatilla\n|n|\u2606skittycel|skittycel\n|n| flashfire125|flashfire125\n|c|\u2606Orxatilla|GG\n|c|\u2606skittycel|gg\n",
  "uploadtime": 1776461099,
  "views": 15,
  "formatid": "gen9championsvgc2026regma",
  "rating": null,
  "private": 0,
  "password": null
}