{
  "id": "gen9championsvgc2026regma-2582536692",
  "format": "[Gen 9 Champions] VGC 2026 Reg M-A",
  "players": [
    "thatoneguywithapen",
    "GiveMeFeedbackPls"
  ],
  "log": "|j|\u2606thatoneguywithapen\n|j|\u2606GiveMeFeedbackPls\n|t:|1776097952\n|gametype|doubles\n|player|p1|thatoneguywithapen|266|1097\n|player|p2|GiveMeFeedbackPls|101|1107\n|gen|9\n|tier|[Gen 9 Champions] VGC 2026 Reg M-A\n|rated|\n|rule|Species Clause: Limit one of each Pok\u00e9mon\n|rule|Item Clause: Limit 1 of each item\n|clearpoke\n|poke|p1|Golurk, L50|\n|poke|p1|Farigiraf, L50, M|\n|poke|p1|Incineroar, L50, M|\n|poke|p1|Torkoal, L50, F|\n|poke|p1|Sneasler, L50, M|\n|poke|p1|Venusaur, L50, F|\n|poke|p2|Gengar, L50, F|\n|poke|p2|Sinistcha, L50|\n|poke|p2|Incineroar, L50, M|\n|poke|p2|Kingambit, L50, F|\n|poke|p2|Primarina, L50, F|\n|poke|p2|Ampharos, L50, M|\n|teampreview|4\n|\n|t:|1776097976\n|teamsize|p1|4\n|teamsize|p2|4\n|start\n|switch|p1a: Incineroar|Incineroar, L50, M, shiny|100/100\n|switch|p1b: Farigiraf|Farigiraf, L50, M, shiny|100/100\n|switch|p2a: Gengar|Gengar, L50, F, shiny|100/100\n|switch|p2b: Incineroar|Incineroar, L50, M, shiny|100/100\n|-ability|p1a: Incineroar|Intimidate|boost\n|-unboost|p2a: Gengar|atk|1\n|-unboost|p2b: Incineroar|atk|1\n|-ability|p2b: Incineroar|Intimidate|boost\n|-unboost|p1a: Incineroar|atk|1\n|-unboost|p1b: Farigiraf|atk|1\n|turn|1\n|\n|t:|1776097997\n|detailschange|p2a: Gengar|Gengar-Mega, L50, F, shiny\n|-mega|p2a: Gengar|Gengar|Gengarite\n|move|p2b: Incineroar|Fake Out||[still]\n|cant|p1b: Farigiraf|ability: Armor Tail|Fake Out|[of] p2b: Incineroar\n|move|p2a: Gengar|Perish Song|p2a: Gengar\n|-start|p1a: Incineroar|perish3|[silent]\n|-start|p1b: Farigiraf|perish3|[silent]\n|-start|p2a: Gengar|perish3|[silent]\n|-start|p2b: Incineroar|perish3|[silent]\n|-fieldactivate|move: Perish Song\n|move|p1a: Incineroar|Throat Chop|p2a: Gengar\n|-supereffective|p2a: Gengar|1\n|-damage|p2a: Gengar|58/100\n|-start|p2a: Gengar|Throat Chop|[silent]\n|move|p1b: Farigiraf|Trick Room|p1b: Farigiraf\n|-fieldstart|move: Trick Room|[of] p1b: Farigiraf\n|\n|-start|p1b: Farigiraf|perish3\n|-start|p2b: Incineroar|perish3\n|-start|p1a: Incineroar|perish3\n|-start|p2a: Gengar|perish3\n|upkeep\n|turn|2\n|\n|t:|1776098026\n|move|p2a: Gengar|Protect|p2a: Gengar\n|-singleturn|p2a: Gengar|Protect\n|move|p1b: Farigiraf|Psychic|p2a: Gengar\n|-activate|p2a: Gengar|move: Protect\n|move|p2b: Incineroar|Parting Shot|p1a: Incineroar\n|-unboost|p1a: Incineroar|atk|1\n|-unboost|p1a: Incineroar|spa|1\n|\n|t:|1776098035\n|switch|p2b: Sinistcha|Sinistcha, L50, shiny|100/100|[from] Parting Shot\n|-heal|p2a: Gengar|82/100|[from] ability: Hospitality|[of] p2b: Sinistcha\n|move|p1a: Incineroar|Parting Shot|p2b: Sinistcha\n|-unboost|p2b: Sinistcha|atk|1\n|-unboost|p2b: Sinistcha|spa|1\n|\n|t:|1776098042\n|switch|p1a: Golurk|Golurk, L50, shiny|100/100|[from] Parting Shot\n|\n|-end|p2a: Gengar|Throat Chop|[silent]\n|-start|p1b: Farigiraf|perish2\n|-start|p2a: Gengar|perish2\n|upkeep\n|turn|3\n|\n|t:|1776098075\n|detailschange|p1a: Golurk|Golurk-Mega, L50, shiny\n|-mega|p1a: Golurk|Golurk|Golurkite\n|move|p1b: Farigiraf|Psychic|p2b: Sinistcha\n|-damage|p2b: Sinistcha|63/100\n|move|p1a: Golurk|Poltergeist|p2a: Gengar\n|-activate|p2a: Gengar|move: Poltergeist|Gengarite\n|-supereffective|p2a: Gengar|1\n|-damage|p2a: Gengar|0 fnt\n|faint|p2a: Gengar\n|move|p2b: Sinistcha|Matcha Gotcha|p1a: Golurk|[spread] p1a,p1b\n|-supereffective|p1a: Golurk|1\n|-damage|p1a: Golurk|72/100\n|-heal|p2b: Sinistcha|80/100|[from] drain|[of] p1a: Golurk\n|-damage|p1b: Farigiraf|87/100\n|-heal|p2b: Sinistcha|90/100|[from] drain|[of] p1b: Farigiraf\n|\n|-heal|p2b: Sinistcha|96/100|[from] item: Leftovers\n|-start|p1b: Farigiraf|perish1\n|upkeep\n|\n|t:|1776098084\n|switch|p2a: Incineroar|Incineroar, L50, M, shiny|100/100\n|-ability|p2a: Incineroar|Intimidate|boost\n|-unboost|p1a: Golurk|atk|1\n|-unboost|p1b: Farigiraf|atk|1\n|turn|4\n|\n|t:|1776098100\n|switch|p1b: Incineroar|Incineroar, L50, M, shiny|100/100\n|-ability|p1b: Incineroar|Intimidate|boost\n|-unboost|p2a: Incineroar|atk|1\n|-unboost|p2b: Sinistcha|atk|1\n|move|p1a: Golurk|Protect|p1a: Golurk\n|-singleturn|p1a: Golurk|Protect\n|move|p2a: Incineroar|Will-O-Wisp|p1a: Golurk\n|-activate|p1a: Golurk|move: Protect\n|move|p2b: Sinistcha|Trick Room|p2b: Sinistcha\n|-fieldend|move: Trick Room\n|\n|-heal|p2b: Sinistcha|100/100|[from] item: Leftovers\n|upkeep\n|turn|5\n|\n|t:|1776098119\n|move|p1b: Incineroar|Fake Out|p2a: Incineroar\n|-damage|p2a: Incineroar|91/100\n|move|p2b: Sinistcha|Rage Powder|p2b: Sinistcha\n|-singleturn|p2b: Sinistcha|move: Rage Powder\n|cant|p2a: Incineroar|flinch\n|move|p1a: Golurk|Poltergeist|p2b: Sinistcha|[miss]\n|-miss|p1a: Golurk|p2b: Sinistcha\n|\n|upkeep\n|turn|6\n|\n|t:|1776098140\n|switch|p1b: Farigiraf|Farigiraf, L50, M, shiny|87/100\n|move|p1a: Golurk|Protect|p1a: Golurk\n|-singleturn|p1a: Golurk|Protect\n|move|p2b: Sinistcha|Matcha Gotcha|p1b: Farigiraf|[spread] p1b\n|-activate|p1a: Golurk|move: Protect\n|-damage|p1b: Farigiraf|72/100\n|move|p2a: Incineroar|Will-O-Wisp|p1a: Golurk\n|-activate|p1a: Golurk|move: Protect\n|\n|upkeep\n|turn|7\n|\n|t:|1776098169\n|switch|p2b: Primarina|Primarina, L50, F, shiny|100/100\n|switch|p1a: Torkoal|Torkoal, L50, F, shiny|100/100\n|-weather|SunnyDay|[from] ability: Drought|[of] p1a: Torkoal\n|move|p2a: Incineroar|Will-O-Wisp|p1a: Torkoal\n|-immune|p1a: Torkoal\n|move|p1b: Farigiraf|Trick Room|p1b: Farigiraf\n|-fieldstart|move: Trick Room|[of] p1b: Farigiraf\n|\n|-weather|SunnyDay|[upkeep]\n|upkeep\n|turn|8\n|\n|t:|1776098189\n|move|p1b: Farigiraf|Helping Hand|p1a: Torkoal\n|-singleturn|p1a: Torkoal|Helping Hand|[of] p1b: Farigiraf\n|move|p1a: Torkoal|Eruption|p2a: Incineroar|[spread] p2a,p2b\n|-resisted|p2a: Incineroar|1\n|-resisted|p2b: Primarina|1\n|-damage|p2a: Incineroar|35/100\n|-damage|p2b: Primarina|46/100\n|-enditem|p2a: Incineroar|Sitrus Berry|[eat]\n|-heal|p2a: Incineroar|60/100|[from] item: Sitrus Berry\n|move|p2a: Incineroar|Parting Shot|p1a: Torkoal\n|-unboost|p1a: Torkoal|atk|1\n|-unboost|p1a: Torkoal|spa|1\n|\n|t:|1776098201\n|switch|p2a: Sinistcha|Sinistcha, L50, shiny|100/100|[from] Parting Shot\n|-heal|p2b: Primarina|71/100|[from] ability: Hospitality|[of] p2a: Sinistcha\n|move|p2b: Primarina|Hyper Voice|p1b: Farigiraf|[spread] p1a,p1b\n|-supereffective|p1a: Torkoal|1\n|-damage|p1a: Torkoal|64/100\n|-damage|p1b: Farigiraf|58/100\n|\n|-weather|SunnyDay|[upkeep]\n|upkeep\n|turn|9\n|\n|t:|1776098215\n|move|p1b: Farigiraf|Helping Hand|p1a: Torkoal\n|-singleturn|p1a: Torkoal|Helping Hand|[of] p1b: Farigiraf\n|move|p1a: Torkoal|Weather Ball|p2a: Sinistcha\n|-supereffective|p2a: Sinistcha|1\n|-damage|p2a: Sinistcha|0 fnt\n|faint|p2a: Sinistcha\n|move|p2b: Primarina|Hyper Voice|p1a: Torkoal|[spread] p1a,p1b\n|-supereffective|p1a: Torkoal|1\n|-damage|p1a: Torkoal|24/100\n|-damage|p1b: Farigiraf|44/100\n|-enditem|p1b: Farigiraf|Sitrus Berry|[eat]\n|-heal|p1b: Farigiraf|69/100|[from] item: Sitrus Berry\n|\n|-weather|SunnyDay|[upkeep]\n|upkeep\n|\n|t:|1776098227\n|switch|p2a: Incineroar|Incineroar, L50, M, shiny|60/100\n|-ability|p2a: Incineroar|Intimidate|boost\n|-unboost|p1a: Torkoal|atk|1\n|-unboost|p1b: Farigiraf|atk|1\n|turn|10\n|\n|t:|1776098246\n|switch|p1a: Incineroar|Incineroar, L50, M, shiny|100/100\n|-ability|p1a: Incineroar|Intimidate|boost\n|-unboost|p2a: Incineroar|atk|1\n|-unboost|p2b: Primarina|atk|1\n|move|p1b: Farigiraf|Hyper Voice|p2b: Primarina|[spread] p2a,p2b\n|-damage|p2a: Incineroar|39/100\n|-damage|p2b: Primarina|46/100\n|move|p2b: Primarina|Dazzling Gleam|p1b: Farigiraf|[spread] p1a,p1b\n|-damage|p1a: Incineroar|75/100\n|-damage|p1b: Farigiraf|44/100\n|move|p2a: Incineroar|Flare Blitz|p1a: Incineroar\n|-resisted|p1a: Incineroar|1\n|-damage|p1a: Incineroar|58/100\n|-damage|p2a: Incineroar|32/100|[from] Recoil\n|\n|-weather|SunnyDay|[upkeep]\n|upkeep\n|turn|11\n|\n|t:|1776098266\n|move|p2b: Primarina|Protect|p2b: Primarina\n|-singleturn|p2b: Primarina|Protect\n|move|p1b: Farigiraf|Hyper Voice|p2b: Primarina|[spread] p2a\n|-activate|p2b: Primarina|move: Protect\n|-damage|p2a: Incineroar|10/100\n|move|p2a: Incineroar|Parting Shot|p1b: Farigiraf\n|-unboost|p1b: Farigiraf|atk|1\n|-unboost|p1b: Farigiraf|spa|1\n|move|p1a: Incineroar|Throat Chop|p2b: Primarina\n|-activate|p2b: Primarina|move: Protect\n|\n|-weather|none\n|-fieldend|move: Trick Room\n|upkeep\n|turn|12\n|\n|t:|1776098293\n|move|p1a: Incineroar|Throat Chop|p2b: Primarina\n|-resisted|p2b: Primarina|1\n|-damage|p2b: Primarina|33/100\n|-start|p2b: Primarina|Throat Chop|[silent]\n|move|p2a: Incineroar|Parting Shot|p1a: Incineroar\n|-unboost|p1a: Incineroar|atk|1\n|-unboost|p1a: Incineroar|spa|1\n|cant|p2b: Primarina|move: Throat Chop\n|move|p1b: Farigiraf|Trick Room|p1b: Farigiraf\n|-fieldstart|move: Trick Room|[of] p1b: Farigiraf\n|\n|upkeep\n|turn|13\n|-message|GiveMeFeedbackPls forfeited.\n|\n|win|thatoneguywithapen\n|raw|thatoneguywithapen's rating: 1097 &rarr; <strong>1123</strong><br />(+26 for winning)\n|raw|GiveMeFeedbackPls's rating: 1107 &rarr; <strong>1081</strong><br />(-26 for losing)\n|l|\u2606GiveMeFeedbackPls\n|player|p2|\n",
  "uploadtime": 1776098312,
  "views": 131,
  "formatid": "gen9championsvgc2026regma",
  "rating": 1081,
  "private": 0,
  "password": null
}