{
  "id": "gen9championsvgc2026regma-2586290022",
  "format": "[Gen 9 Champions] VGC 2026 Reg M-A",
  "players": [
    "ScooteezyVGC",
    "srsrsrsrprojectAxD"
  ],
  "log": "|j|\u2606ScooteezyVGC\n|j|\u2606srsrsrsrprojectAxD\n|t:|1776421806\n|gametype|doubles\n|player|p1|ScooteezyVGC|red|1078\n|player|p2|srsrsrsrprojectAxD|265|1127\n|gen|9\n|tier|[Gen 9 Champions] VGC 2026 Reg M-A\n|rated|\n|rule|Species Clause: Limit one of each Pok\u00e9mon\n|rule|Item Clause: Limit 1 of each item\n|clearpoke\n|poke|p1|Simipour, L50, M|\n|poke|p1|Floette-Eternal, L50, F|\n|poke|p1|Garchomp, L50, F|\n|poke|p1|Aerodactyl, L50, F|\n|poke|p1|Rotom-Heat, L50|\n|poke|p1|Archaludon, L50, F|\n|poke|p2|Slowbro, L50, F|\n|poke|p2|Rhyperior, L50, M|\n|poke|p2|Vivillon-Pokeball, L50, F|\n|poke|p2|Torkoal, L50, M|\n|poke|p2|Typhlosion-Hisui, L50, M|\n|poke|p2|Whimsicott, L50, M|\n|teampreview|4\n|inactive|Battle timer is ON: inactive players will automatically lose when time's up. (requested by srsrsrsrprojectAxD)\n|\n|t:|1776421841\n|teamsize|p1|4\n|teamsize|p2|4\n|start\n|switch|p1a: Rotom|Rotom-Heat, L50|100/100\n|switch|p1b: Garchomp|Garchomp, L50, F|100/100\n|switch|p2a: Slowbro|Slowbro, L50, F, shiny|100/100\n|switch|p2b: Rhyperior|Rhyperior, L50, M, shiny|100/100\n|turn|1\n|\n|t:|1776421859\n|detailschange|p2a: Slowbro|Slowbro-Mega, L50, F, shiny\n|-mega|p2a: Slowbro|Slowbro|Slowbronite\n|move|p1a: Rotom|Thunderbolt|p2a: Slowbro\n|-supereffective|p2a: Slowbro|1\n|-damage|p2a: Slowbro|49/100\n|move|p1b: Garchomp|Earthquake|p2b: Rhyperior|[spread] p2a,p2b\n|-immune|p1a: Rotom|[from] ability: Levitate\n|-supereffective|p2b: Rhyperior|1\n|-damage|p2a: Slowbro|26/100\n|-damage|p2b: Rhyperior|49/100\n|move|p2b: Rhyperior|High Horsepower|p1a: Rotom\n|-immune|p1a: Rotom|[from] ability: Levitate\n|move|p2a: Slowbro|Trick Room|p2a: Slowbro\n|-fieldstart|move: Trick Room|[of] p2a: Slowbro\n|\n|upkeep\n|turn|2\n|inactive|ScooteezyVGC has 30 seconds left.\n|\n|t:|1776421886\n|switch|p2a: Torkoal|Torkoal, L50, M, shiny|100/100\n|-weather|SunnyDay|[from] ability: Drought|[of] p2a: Torkoal\n|switch|p1a: Simipour|Simipour, L50, M|100/100\n|move|p1b: Garchomp|Protect|p1b: Garchomp\n|-singleturn|p1b: Garchomp|Protect\n|move|p2b: Rhyperior|Ice Punch|p1b: Garchomp\n|-activate|p1b: Garchomp|move: Protect\n|\n|-weather|SunnyDay|[upkeep]\n|upkeep\n|turn|3\n|\n|t:|1776421897\n|move|p1a: Simipour|Fake Out|p2a: Torkoal\n|-damage|p2a: Torkoal|93/100\n|cant|p2a: Torkoal|flinch\n|move|p2b: Rhyperior|Ice Punch|p1b: Garchomp\n|-supereffective|p1b: Garchomp|2\n|-damage|p1b: Garchomp|0 fnt\n|-damage|p2b: Rhyperior|37/100|[from] ability: Rough Skin|[of] p1b: Garchomp\n|faint|p1b: Garchomp\n|\n|-weather|SunnyDay|[upkeep]\n|upkeep\n|\n|t:|1776421911\n|switch|p1b: Rotom|Rotom-Heat, L50|100/100\n|turn|4\n|\n|t:|1776421920\n|move|p2a: Torkoal|Solar Beam||[still]\n|-prepare|p2a: Torkoal|Solar Beam\n|-anim|p2a: Torkoal|Solar Beam|p1a: Simipour\n|-supereffective|p1a: Simipour|1\n|-crit|p1a: Simipour\n|-enditem|p1a: Simipour|Focus Sash\n|-damage|p1a: Simipour|1/100\n|move|p2b: Rhyperior|Rock Slide|p1b: Rotom|[spread] p1b\n|-miss|p2b: Rhyperior|p1a: Simipour\n|-supereffective|p1b: Rotom|1\n|-damage|p1b: Rotom|28/100\n|move|p1a: Simipour|Scald|p2b: Rhyperior\n|-supereffective|p2b: Rhyperior|2\n|-damage|p2b: Rhyperior|0 fnt\n|faint|p2b: Rhyperior\n|cant|p1b: Rotom|flinch\n|\n|-weather|SunnyDay|[upkeep]\n|upkeep\n|\n|t:|1776421935\n|switch|p2b: Slowbro|Slowbro-Mega, L50, F, shiny|26/100\n|turn|5\n|\n|t:|1776421960\n|move|p2b: Slowbro|Body Press|p1b: Rotom\n|-damage|p1b: Rotom|0 fnt\n|faint|p1b: Rotom\n|move|p2a: Torkoal|Eruption|p1a: Simipour\n|-resisted|p1a: Simipour|1\n|-damage|p1a: Simipour|0 fnt\n|faint|p1a: Simipour\n|\n|-weather|SunnyDay|[upkeep]\n|-fieldend|move: Trick Room\n|upkeep\n|\n|t:|1776421964\n|switch|p1b: Aerodactyl|Aerodactyl, L50, F|100/100\n|turn|6\n|\n|t:|1776421978\n|detailschange|p1b: Aerodactyl|Aerodactyl-Mega, L50, F\n|-mega|p1b: Aerodactyl|Aerodactyl|Aerodactylite\n|move|p1b: Aerodactyl|Dual Wingbeat|p2b: Slowbro\n|-damage|p2b: Slowbro|13/100\n|-damage|p2b: Slowbro|0 fnt\n|faint|p2b: Slowbro\n|-hitcount|p2: Slowbro|2\n|move|p2a: Torkoal|Eruption|p1b: Aerodactyl\n|-resisted|p1b: Aerodactyl|1\n|-damage|p1b: Aerodactyl|35/100\n|\n|-weather|none\n|upkeep\n|\n|t:|1776421982\n|switch|p2b: Vivillon|Vivillon-Pokeball, L50, F, shiny|100/100\n|turn|7\n|\n|t:|1776421991\n|move|p1b: Aerodactyl|Rock Slide|p2b: Vivillon|[spread] p2a,p2b\n|-supereffective|p2a: Torkoal|1\n|-supereffective|p2b: Vivillon|2\n|-damage|p2a: Torkoal|39/100\n|-enditem|p2b: Vivillon|Focus Sash\n|-damage|p2b: Vivillon|1/100\n|move|p2b: Vivillon|Sleep Powder|p1b: Aerodactyl\n|-status|p1b: Aerodactyl|slp|[from] move: Sleep Powder\n|cant|p2a: Torkoal|flinch\n|\n|upkeep\n|turn|8\n|\n|t:|1776421999\n|cant|p1b: Aerodactyl|slp\n|move|p2b: Vivillon|Hurricane|p1b: Aerodactyl\n|-resisted|p1b: Aerodactyl|1\n|-damage|p1b: Aerodactyl|11/100 slp\n|move|p2a: Torkoal|Heat Wave|p1b: Aerodactyl\n|-resisted|p1b: Aerodactyl|1\n|-damage|p1b: Aerodactyl|0 fnt\n|faint|p1b: Aerodactyl\n|\n|win|srsrsrsrprojectAxD\n|raw|ScooteezyVGC's rating: 1078 &rarr; <strong>1059</strong><br />(-19 for losing)\n|raw|srsrsrsrprojectAxD's rating: 1127 &rarr; <strong>1148</strong><br />(+21 for winning)\n",
  "uploadtime": 1776422003,
  "views": 24,
  "formatid": "gen9championsvgc2026regma",
  "rating": 1059,
  "private": 0,
  "password": null
}