{
  "id": "gen9championsvgc2026regma-2589552836",
  "format": "[Gen 9 Champions] VGC 2026 Reg M-A",
  "players": [
    "Snow_Rob",
    "cheesechessflavour"
  ],
  "log": "|j|\u2606Snow_Rob\n|j|\u2606cheesechessflavour\n|t:|1776733500\n|gametype|doubles\n|player|p1|Snow_Rob|workerice|1104\n|player|p2|cheesechessflavour|pokemaniac|1125\n|gen|9\n|tier|[Gen 9 Champions] VGC 2026 Reg M-A\n|rated|\n|rule|Species Clause: Limit one of each Pok\u00e9mon\n|rule|Item Clause: Limit 1 of each item\n|clearpoke\n|poke|p1|Gardevoir, L50, M|\n|poke|p1|Farigiraf, L50, F|\n|poke|p1|Venusaur, L50, F|\n|poke|p1|Torkoal, L50, F|\n|poke|p1|Basculegion, L50, M|\n|poke|p1|Garchomp, L50, M|\n|poke|p2|Pelipper, L50, M|\n|poke|p2|Starmie, L50|\n|poke|p2|Archaludon, L50, F|\n|poke|p2|Incineroar, L50, F|\n|poke|p2|Sneasler, L50, F|\n|poke|p2|Basculegion, L50, M|\n|teampreview|4\n|inactive|Battle timer is ON: inactive players will automatically lose when time's up. (requested by cheesechessflavour)\n|\n|t:|1776733522\n|teamsize|p1|4\n|teamsize|p2|4\n|start\n|switch|p1a: Farigiraf|Farigiraf, L50, F|100/100\n|switch|p1b: Basculegion|Basculegion, L50, M|100/100\n|switch|p2a: Pelipper|Pelipper, L50, M|100/100\n|switch|p2b: Archaludon|Archaludon, L50, F|100/100\n|-weather|RainDance|[from] ability: Drizzle|[of] p2a: Pelipper\n|turn|1\n|inactive|cheesechessflavour has 30 seconds left.\n|inactive|cheesechessflavour has 20 seconds left.\n|\n|t:|1776733559\n|move|p1b: Basculegion|Crunch|p2a: Pelipper\n|-crit|p2a: Pelipper\n|-damage|p2a: Pelipper|52/100\n|move|p2a: Pelipper|Tailwind|p2a: Pelipper\n|-sidestart|p2: cheesechessflavour|move: Tailwind\n|move|p2b: Archaludon|Electro Shot||[still]\n|-prepare|p2b: Archaludon|Electro Shot\n|-boost|p2b: Archaludon|spa|1\n|-anim|p2b: Archaludon|Electro Shot|p1b: Basculegion\n|-supereffective|p1b: Basculegion|1\n|-damage|p1b: Basculegion|0 fnt\n|faint|p1b: Basculegion\n|move|p1a: Farigiraf|Trick Room|p1a: Farigiraf\n|-fieldstart|move: Trick Room|[of] p1a: Farigiraf\n|\n|-weather|RainDance|[upkeep]\n|upkeep\n|\n|t:|1776733575\n|switch|p1b: Garchomp|Garchomp, L50, M|100/100\n|turn|2\n|c|\u2606cheesechessflavour|fuck\n|c|\u2606cheesechessflavour|shouldve predict that\n|inactive|cheesechessflavour has 30 seconds left.\n|\n|t:|1776733603\n|move|p1a: Farigiraf|Twin Beam|p2a: Pelipper\n|-damage|p2a: Pelipper|22/100\n|-damage|p2a: Pelipper|0 fnt\n|faint|p2a: Pelipper\n|-hitcount|p2: Pelipper|2\n|move|p1b: Garchomp|Swords Dance|p1b: Garchomp\n|-boost|p1b: Garchomp|atk|2\n|move|p2b: Archaludon|Electro Shot||[still]\n|-prepare|p2b: Archaludon|Electro Shot\n|-boost|p2b: Archaludon|spa|1\n|-anim|p2b: Archaludon|Electro Shot|p1a: Farigiraf\n|-damage|p1a: Farigiraf|9/100\n|-enditem|p1a: Farigiraf|Sitrus Berry|[eat]\n|-heal|p1a: Farigiraf|34/100|[from] item: Sitrus Berry\n|\n|-weather|RainDance|[upkeep]\n|upkeep\n|\n|t:|1776733625\n|switch|p2a: Basculegion|Basculegion, L50, M|100/100\n|turn|3\n|\n|t:|1776733643\n|move|p1a: Farigiraf|Helping Hand|p1b: Garchomp\n|-singleturn|p1b: Garchomp|Helping Hand|[of] p1a: Farigiraf\n|move|p2a: Basculegion|Aqua Jet||[still]\n|cant|p1a: Farigiraf|ability: Armor Tail|Aqua Jet|[of] p2a: Basculegion\n|move|p1b: Garchomp|Stomping Tantrum|p2b: Archaludon\n|-supereffective|p2b: Archaludon|1\n|-damage|p2b: Archaludon|0 fnt\n|faint|p2b: Archaludon\n|\n|-weather|RainDance|[upkeep]\n|upkeep\n|\n|t:|1776733655\n|switch|p2b: Incineroar|Incineroar, L50, F|100/100\n|-ability|p2b: Incineroar|Intimidate|boost\n|-unboost|p1a: Farigiraf|atk|1\n|-unboost|p1b: Garchomp|atk|1\n|turn|4\n|\n|t:|1776733672\n|move|p1a: Farigiraf|Helping Hand|p1b: Garchomp\n|-singleturn|p1b: Garchomp|Helping Hand|[of] p1a: Farigiraf\n|move|p2b: Incineroar|Fake Out||[still]\n|cant|p1a: Farigiraf|ability: Armor Tail|Fake Out|[of] p2b: Incineroar\n|move|p1b: Garchomp|Stomping Tantrum|p2b: Incineroar\n|-supereffective|p2b: Incineroar|1\n|-damage|p2b: Incineroar|0 fnt\n|faint|p2b: Incineroar\n|move|p2a: Basculegion|Last Respects|p1b: Garchomp\n|-damage|p1b: Garchomp|9/100\n|\n|-weather|RainDance|[upkeep]\n|-sideend|p2: cheesechessflavour|move: Tailwind\n|upkeep\n|turn|5\n|\n|t:|1776733694\n|move|p1a: Farigiraf|Twin Beam|p2a: Basculegion\n|-damage|p2a: Basculegion|81/100\n|-damage|p2a: Basculegion|63/100\n|-hitcount|p2a: Basculegion|2\n|move|p1b: Garchomp|Dragon Claw|p2a: Basculegion\n|-damage|p2a: Basculegion|0 fnt\n|faint|p2a: Basculegion\n|\n|win|Snow_Rob\n|raw|Snow_Rob's rating: 1104 &rarr; <strong>1131</strong><br />(+27 for winning)\n|raw|cheesechessflavour's rating: 1125 &rarr; <strong>1098</strong><br />(-27 for losing)\n",
  "uploadtime": 1776733705,
  "views": 4,
  "formatid": "gen9championsvgc2026regma",
  "rating": 1098,
  "private": 0,
  "password": null
}