{
  "id": "gen9championsvgc2026regma-2584733115",
  "format": "[Gen 9 Champions] VGC 2026 Reg M-A",
  "players": [
    "mikko_cmp",
    "E9969"
  ],
  "log": "|j|\u2606mikko_cmp\n|j|\u2606E9969\n|t:|1776279816\n|gametype|doubles\n|player|p1|mikko_cmp|policeman-gen4|\n|player|p2|E9969|palmer|\n|gen|9\n|tier|[Gen 9 Champions] VGC 2026 Reg M-A\n|rule|Species Clause: Limit one of each Pok\u00e9mon\n|rule|Item Clause: Limit 1 of each item\n|clearpoke\n|poke|p1|Sneasler, L50, F|\n|poke|p1|Glimmora, L50, F|\n|poke|p1|Sinistcha, L50|\n|poke|p1|Archaludon, L50, F|\n|poke|p1|Kangaskhan, L50, F|\n|poke|p1|Golurk, L50|\n|poke|p2|Meganium, L50, M|\n|poke|p2|Arcanine-Hisui, L50, M|\n|poke|p2|Maushold-Four, L50|\n|poke|p2|Araquanid, L50, M|\n|poke|p2|Whimsicott, L50, F|\n|poke|p2|Farigiraf, L50, F|\n|teampreview|4\n|\n|t:|1776279850\n|teamsize|p1|4\n|teamsize|p2|4\n|start\n|switch|p1a: urushifu knockoff|Golurk, L50|100/100\n|switch|p1b: legally british|Sinistcha, L50|100/100\n|switch|p2a: Farigiraf|Farigiraf, L50, F|100/100\n|switch|p2b: Araquanid|Araquanid, L50, M|100/100\n|turn|1\n|\n|t:|1776279866\n|switch|p1a: Nah I'd OU|Archaludon, L50, F|100/100\n|move|p1b: legally british|Shadow Ball|p2a: Farigiraf\n|-immune|p2a: Farigiraf\n|move|p2b: Araquanid|Liquidation|p1a: Nah I'd OU\n|-resisted|p1a: Nah I'd OU|1\n|-damage|p1a: Nah I'd OU|71/100\n|-ability|p1a: Nah I'd OU|Stamina|boost\n|-boost|p1a: Nah I'd OU|def|1\n|move|p2a: Farigiraf|Trick Room|p2a: Farigiraf\n|-fieldstart|move: Trick Room|[of] p2a: Farigiraf\n|\n|upkeep\n|turn|2\n|\n|t:|1776279892\n|move|p2b: Araquanid|Leech Life|p1b: legally british\n|-damage|p1b: legally british|68/100\n|move|p1b: legally british|Life Dew|p1b: legally british|[spread] p1a,p1b\n|-heal|p1a: Nah I'd OU|96/100\n|-heal|p1b: legally british|93/100\n|move|p2a: Farigiraf|Hyper Voice|p1a: Nah I'd OU|[spread] p1a\n|-immune|p1b: legally british\n|-resisted|p1a: Nah I'd OU|1\n|-damage|p1a: Nah I'd OU|69/100\n|-ability|p1a: Nah I'd OU|Stamina|boost\n|-boost|p1a: Nah I'd OU|def|1\n|move|p1a: Nah I'd OU|Thunder Wave|p2a: Farigiraf\n|-status|p2a: Farigiraf|par\n|\n|-heal|p1b: legally british|99/100|[from] item: Leftovers\n|upkeep\n|turn|3\n|\n|t:|1776279908\n|move|p2a: Farigiraf|Hyper Voice|p1b: legally british|[spread] p1a\n|-immune|p1b: legally british\n|-resisted|p1a: Nah I'd OU|1\n|-damage|p1a: Nah I'd OU|41/100\n|-ability|p1a: Nah I'd OU|Stamina|boost\n|-boost|p1a: Nah I'd OU|def|1\n|move|p2b: Araquanid|Poison Jab|p1b: legally british\n|-damage|p1b: legally british|79/100\n|move|p1b: legally british|Life Dew|p1b: legally british|[spread] p1a,p1b\n|-heal|p1a: Nah I'd OU|66/100\n|-heal|p1b: legally british|100/100\n|move|p1a: Nah I'd OU|Thunder Wave|p2b: Araquanid\n|-status|p2b: Araquanid|par\n|\n|upkeep\n|turn|4\n|\n|t:|1776279921\n|cant|p2b: Araquanid|par\n|move|p2a: Farigiraf|Hyper Voice|p1a: Nah I'd OU|[spread] p1a\n|-immune|p1b: legally british\n|-resisted|p1a: Nah I'd OU|1\n|-damage|p1a: Nah I'd OU|40/100\n|-ability|p1a: Nah I'd OU|Stamina|boost\n|-boost|p1a: Nah I'd OU|def|1\n|move|p1b: legally british|Life Dew||[still]|[spread] p1a,p1b\n|-heal|p1a: Nah I'd OU|65/100\n|-fail|p1b: legally british|heal\n|move|p1a: Nah I'd OU|Electro Shot||[still]\n|-prepare|p1a: Nah I'd OU|Electro Shot\n|-boost|p1a: Nah I'd OU|spa|1\n|\n|upkeep\n|turn|5\n|\n|t:|1776279936\n|switch|p2a: Meganium|Meganium, L50, M|100/100\n|move|p2b: Araquanid|Poison Jab|p1b: legally british\n|-damage|p1b: legally british|81/100\n|move|p1b: legally british|Life Dew|p1b: legally british|[spread] p1a,p1b\n|-heal|p1a: Nah I'd OU|90/100\n|-heal|p1b: legally british|100/100\n|move|p1a: Nah I'd OU|Electro Shot|p2b: Araquanid|[from] lockedmove\n|-supereffective|p2b: Araquanid|1\n|-damage|p2b: Araquanid|0 fnt\n|faint|p2b: Araquanid\n|\n|-fieldend|move: Trick Room\n|upkeep\n|\n|t:|1776279939\n|switch|p2b: Farigiraf|Farigiraf, L50, F|100/100 par\n|turn|6\n|\n|t:|1776279956\n|detailschange|p2a: Meganium|Meganium-Mega, L50, M\n|-mega|p2a: Meganium|Meganium|Meganiumite\n|move|p2a: Meganium|Protect|p2a: Meganium\n|-singleturn|p2a: Meganium|Protect\n|move|p1b: legally british|Rage Powder|p1b: legally british\n|-singleturn|p1b: legally british|move: Rage Powder\n|move|p1a: Nah I'd OU|Aura Sphere|p2b: Farigiraf\n|-damage|p2b: Farigiraf|55/100 par\n|move|p2b: Farigiraf|Trick Room|p2b: Farigiraf\n|-fieldstart|move: Trick Room|[of] p2b: Farigiraf\n|\n|upkeep\n|turn|7\n|-message|mikko_cmp forfeited.\n|\n|win|E9969\n|l|\u2606mikko_cmp\n|player|p1|\n",
  "uploadtime": 1776279968,
  "views": 14,
  "formatid": "gen9championsvgc2026regma",
  "rating": null,
  "private": 0,
  "password": null
}