{
  "id": "gen9championsvgc2026regma-2583124623",
  "format": "[Gen 9 Champions] VGC 2026 Reg M-A",
  "players": [
    "jadensucks",
    "Spark the Pikagoss"
  ],
  "log": "|j|\u2606jadensucks\n|j|\u2606Spark the Pikagoss\n|t:|1776144945\n|gametype|doubles\n|player|p1|jadensucks|firebreather|1145\n|player|p2|Spark the Pikagoss|gentleman|1166\n|gen|9\n|tier|[Gen 9 Champions] VGC 2026 Reg M-A\n|rated|\n|rule|Species Clause: Limit one of each Pok\u00e9mon\n|rule|Item Clause: Limit 1 of each item\n|clearpoke\n|poke|p1|Whimsicott, L50, M|\n|poke|p1|Gengar, L50, F|\n|poke|p1|Maushold, L50|\n|poke|p1|Incineroar, L50, F|\n|poke|p1|Gardevoir, L50, F|\n|poke|p1|Aegislash, L50, F|\n|poke|p2|Politoed, L50, M|\n|poke|p2|Gengar, L50, F|\n|poke|p2|Incineroar, L50, M|\n|poke|p2|Maushold, L50|\n|poke|p2|Basculegion, L50, M|\n|poke|p2|Archaludon, L50, F|\n|teampreview|4\n|inactive|Battle timer is ON: inactive players will automatically lose when time's up. (requested by jadensucks)\n|inactive|Spark the Pikagoss has 60 seconds left.\n|\n|t:|1776144997\n|teamsize|p1|4\n|teamsize|p2|4\n|start\n|switch|p1a: Whimsicott|Whimsicott, L50, M|100/100\n|switch|p1b: Gardevoir|Gardevoir, L50, F|100/100\n|switch|p2a: Politoed|Politoed, L50, M|100/100\n|switch|p2b: Basculegion|Basculegion, L50, M|100/100\n|-weather|RainDance|[from] ability: Drizzle|[of] p2a: Politoed\n|turn|1\n|inactive|jadensucks has 30 seconds left.\n|inactive|Spark the Pikagoss has 30 seconds left.\n|inactive|Spark the Pikagoss has 20 seconds left.\n|inactive|Spark the Pikagoss has 15 seconds left.\n|inactive|Spark the Pikagoss has 10 seconds left.\n|inactive|Spark the Pikagoss has 5 seconds left.\n|\n|t:|1776145048\n|detailschange|p1b: Gardevoir|Gardevoir-Mega, L50, F\n|-mega|p1b: Gardevoir|Gardevoir|Gardevoirite\n|move|p1a: Whimsicott|Tailwind|p1a: Whimsicott\n|-sidestart|p1: jadensucks|move: Tailwind\n|move|p1b: Gardevoir|Hyper Voice|p2a: Politoed|[spread] p2a,p2b\n|-damage|p2a: Politoed|68/100\n|-damage|p2b: Basculegion|45/100\n|move|p2b: Basculegion|Wave Crash|p1b: Gardevoir\n|-damage|p1b: Gardevoir|0 fnt\n|faint|p1b: Gardevoir\n|-damage|p2b: Basculegion|21/100|[from] Recoil\n|move|p2a: Politoed|Encore|p1a: Whimsicott\n|-start|p1a: Whimsicott|Encore\n|\n|-weather|RainDance|[upkeep]\n|-heal|p2a: Politoed|74/100|[from] item: Leftovers\n|upkeep\n|\n|t:|1776145061\n|switch|p1b: Aegislash|Aegislash, L50, F|100/100\n|turn|2\n|\n|t:|1776145082\n|switch|p1a: Incineroar|Incineroar, L50, F|100/100\n|-ability|p1a: Incineroar|Intimidate|boost\n|-unboost|p2a: Politoed|atk|1\n|-unboost|p2b: Basculegion|atk|1\n|switch|p2b: Maushold|Maushold, L50|100/100\n|-formechange|p1b: Aegislash|Aegislash-Blade|\n|move|p1b: Aegislash|Shadow Sneak|p2b: Maushold\n|-immune|p2b: Maushold\n|move|p2a: Politoed|Encore|p1b: Aegislash\n|-start|p1b: Aegislash|Encore\n|\n|-weather|RainDance|[upkeep]\n|-heal|p2a: Politoed|80/100|[from] item: Leftovers\n|upkeep\n|turn|3\n|\n|t:|1776145105\n|switch|p2a: Archaludon|Archaludon, L50, F|100/100\n|move|p2b: Maushold|Protect|p2b: Maushold\n|-singleturn|p2b: Maushold|Protect\n|move|p1a: Incineroar|Fake Out|p2a: Archaludon\n|-resisted|p2a: Archaludon|1\n|-damage|p2a: Archaludon|97/100\n|-ability|p2a: Archaludon|Stamina|boost\n|-boost|p2a: Archaludon|def|1\n|move|p1b: Aegislash|Shadow Sneak|p2a: Archaludon\n|-damage|p2a: Archaludon|86/100\n|-ability|p2a: Archaludon|Stamina|boost\n|-boost|p2a: Archaludon|def|1\n|\n|-weather|RainDance|[upkeep]\n|upkeep\n|turn|4\n|inactive|Spark the Pikagoss has 30 seconds left.\n|\n|t:|1776145132\n|switch|p1b: Whimsicott|Whimsicott, L50, M|100/100\n|move|p2b: Maushold|Population Bomb|p2a: Archaludon|[miss]\n|-miss|p2b: Maushold|p2a: Archaludon\n|move|p1a: Incineroar|Flare Blitz|p2b: Maushold\n|-damage|p2b: Maushold|63/100\n|-damage|p1a: Incineroar|88/100|[from] Recoil\n|move|p2a: Archaludon|Electro Shot||[still]\n|-prepare|p2a: Archaludon|Electro Shot\n|-boost|p2a: Archaludon|spa|1\n|-anim|p2a: Archaludon|Electro Shot|p1b: Whimsicott\n|-resisted|p1b: Whimsicott|1\n|-damage|p1b: Whimsicott|52/100\n|\n|-weather|RainDance|[upkeep]\n|-sideend|p1: jadensucks|move: Tailwind\n|upkeep\n|turn|5\n|inactive|Spark the Pikagoss has 30 seconds left.\n|\n|t:|1776145166\n|move|p2b: Maushold|Follow Me|p2b: Maushold\n|-singleturn|p2b: Maushold|move: Follow Me\n|move|p1b: Whimsicott|Moonblast|p2b: Maushold\n|-damage|p2b: Maushold|23/100\n|move|p2a: Archaludon|Electro Shot||[still]\n|-prepare|p2a: Archaludon|Electro Shot\n|-boost|p2a: Archaludon|spa|1\n|-anim|p2a: Archaludon|Electro Shot|p1b: Whimsicott\n|-resisted|p1b: Whimsicott|1\n|-damage|p1b: Whimsicott|0 fnt\n|faint|p1b: Whimsicott\n|move|p1a: Incineroar|Flare Blitz|p2b: Maushold\n|-damage|p2b: Maushold|0 fnt\n|faint|p2b: Maushold\n|-damage|p1a: Incineroar|81/100|[from] Recoil\n|\n|-weather|none\n|upkeep\n|\n|t:|1776145180\n|switch|p2b: Politoed|Politoed, L50, M|80/100\n|switch|p1b: Aegislash|Aegislash, L50, F|100/100\n|-weather|RainDance|[from] ability: Drizzle|[of] p2b: Politoed\n|turn|6\n|inactive|Spark the Pikagoss has 30 seconds left.\n|\n|t:|1776145214\n|move|p2a: Archaludon|Electro Shot||[still]\n|-prepare|p2a: Archaludon|Electro Shot\n|-boost|p2a: Archaludon|spa|1\n|-anim|p2a: Archaludon|Electro Shot|p1b: Aegislash\n|-damage|p1b: Aegislash|0 fnt\n|faint|p1b: Aegislash\n|move|p2b: Politoed|Encore|p1a: Incineroar\n|-start|p1a: Incineroar|Encore\n|move|p1a: Incineroar|Flare Blitz|p2a: Archaludon\n|-damage|p2a: Archaludon|75/100\n|-ability|p2a: Archaludon|Stamina|boost\n|-boost|p2a: Archaludon|def|1\n|-damage|p1a: Incineroar|77/100|[from] Recoil\n|\n|-weather|RainDance|[upkeep]\n|-heal|p2b: Politoed|86/100|[from] item: Leftovers\n|upkeep\n|turn|7\n|-message|jadensucks forfeited.\n|\n|win|Spark the Pikagoss\n|raw|jadensucks's rating: 1145 &rarr; <strong>1122</strong><br />(-23 for losing)\n|raw|Spark the Pikagoss's rating: 1166 &rarr; <strong>1189</strong><br />(+23 for winning)\n|l|\u2606jadensucks\n|player|p1|\n",
  "uploadtime": 1776145225,
  "views": 53,
  "formatid": "gen9championsvgc2026regma",
  "rating": 1122,
  "private": 0,
  "password": null
}