{
  "id": "gen9championsvgc2026regma-2581002877",
  "format": "[Gen 9 Champions] VGC 2026 Reg M-A",
  "players": [
    "Lesserangel",
    "citricyew83745"
  ],
  "log": "|j|\u2606Lesserangel\n|j|\u2606citricyew83745\n|html|<table width=\"100%\"><tr><td align=\"left\">Lesserangel</td><td align=\"right\">citricyew83745</tr><tr><td align=\"left\"><i class=\"fa fa-circle-o\"></i> <i class=\"fa fa-circle-o\"></i> </td><td align=\"right\"><i class=\"fa fa-circle-o\"></i> <i class=\"fa fa-circle-o\"></i> </tr></table>\n|uhtml|bestof|<h2><strong>Game 1</strong> of <a href=\"/game-bestof3-gen9championsvgc2026regma-2581002876\">a best-of-3</a></h2>\n|t:|1775950732\n|gametype|doubles\n|player|p1|Lesserangel|waitress-gen4|\n|player|p2|citricyew83745|volkner|\n|gen|9\n|tier|[Gen 9 Champions] VGC 2026 Reg M-A\n|rule|Species Clause: Limit one of each Pok\u00e9mon\n|rule|Item Clause: Limit 1 of each item\n|raw|<div class=\"infobox\"><details class=\"readmore\" open><summary><strong>1 custom rule:</strong></summary> Best of = 3</details></div>\n|clearpoke\n|poke|p1|Tyranitar, L50, M|\n|poke|p1|Garchomp, L50, F|\n|poke|p1|Whimsicott, L50, F|\n|poke|p1|Incineroar, L50, F|\n|poke|p1|Milotic, L50, F|\n|poke|p1|Mamoswine, L50, M|\n|poke|p2|Tyranitar, L50, M|\n|poke|p2|Excadrill, L50, F|\n|poke|p2|Incineroar, L50, M|\n|poke|p2|Sneasler, L50, F|\n|poke|p2|Primarina, L50, M|\n|poke|p2|Sinistcha, L50|\n|teampreview|4\ncitricyew83745 has agreed to open team sheets.\nLesserangel has agreed to open team sheets.\n|showteam|p1|Tyranitar||Tyranitarite|Unnerve|RockSlide,KnockOff,Protect,FirePunch|||M|||50|]Garchomp||YacheBerry|SandVeil|RockSlide,Earthquake,ScaleShot,Protect|||F|||50|]Whimsicott||FocusSash|Prankster|Moonblast,Tailwind,Encore,Protect|||F|||50|]Incineroar||SitrusBerry|Intimidate|FakeOut,Snarl,Protect,FlareBlitz|||F|||50|]Milotic||Leftovers|Competitive|Protect,Scald,IcyWind,DrainingKiss|||F|||50|]Mamoswine||ChoiceScarf|Oblivious|IcicleCrash,RockSlide,HighHorsepower,BodyPress|||M|||50|\n|showteam|p2|Tyranitar||Tyranitarite|SandStream|RockSlide,Earthquake,KnockOff,Protect|||M|||50|]Excadrill||FocusSash|SandRush|RockSlide,IronHead,Earthquake,Protect|||F|||50|]Incineroar||Leftovers|Intimidate|FakeOut,PartingShot,FlareBlitz,Taunt|||M|||50|]Sneasler||WhiteHerb|Unburden|FakeOut,DireClaw,CloseCombat,Protect|||F|||50|]Primarina||SitrusBerry|LiquidVoice|HyperVoice,Moonblast,Haze,Protect|||M|||50|]Sinistcha||MentalHerb|Hospitality|MatchaGotcha,RagePowder,TrickRoom,Protect||||||50|\n|\n|t:|1775950775\n|teamsize|p1|4\n|teamsize|p2|4\n|start\n|switch|p1a: Incineroar|Incineroar, L50, F|100/100\n|switch|p1b: Tyranitar|Tyranitar, L50, M, shiny|100/100\n|switch|p2a: Incineroar|Incineroar, L50, M|100/100\n|switch|p2b: Primarina|Primarina, L50, M, shiny|100/100\n|-ability|p1b: Tyranitar|Unnerve\n|-ability|p1a: Incineroar|Intimidate|boost\n|-unboost|p2a: Incineroar|atk|1\n|-unboost|p2b: Primarina|atk|1\n|-ability|p2a: Incineroar|Intimidate|boost\n|-unboost|p1a: Incineroar|atk|1\n|-unboost|p1b: Tyranitar|atk|1\n|turn|1\n|\n|t:|1775950827\n|move|p1b: Tyranitar|Protect|p1b: Tyranitar\n|-singleturn|p1b: Tyranitar|Protect\n|move|p1a: Incineroar|Fake Out|p2b: Primarina\n|-damage|p2b: Primarina|93/100\n|move|p2a: Incineroar|Fake Out|p1a: Incineroar\n|-damage|p1a: Incineroar|93/100\n|cant|p2b: Primarina|flinch\n|\n|upkeep\n|turn|2\n|\n|t:|1775950861\n|detailschange|p1b: Tyranitar|Tyranitar-Mega, L50, M, shiny\n|-mega|p1b: Tyranitar|Tyranitar|Tyranitarite\n|-weather|Sandstorm|[from] ability: Sand Stream|[of] p1b: Tyranitar\n|move|p1b: Tyranitar|Rock Slide|p2b: Primarina|[spread] p2a,p2b\n|-supereffective|p2a: Incineroar|1\n|-damage|p2a: Incineroar|59/100\n|-damage|p2b: Primarina|61/100\n|move|p1a: Incineroar|Snarl|p2a: Incineroar|[spread] p2a,p2b\n|-resisted|p2a: Incineroar|1\n|-resisted|p2b: Primarina|1\n|-damage|p2a: Incineroar|54/100\n|-damage|p2b: Primarina|56/100\n|-unboost|p2a: Incineroar|spa|1\n|-unboost|p2b: Primarina|spa|1\n|cant|p2a: Incineroar|flinch\n|move|p2b: Primarina|Hyper Voice|p1b: Tyranitar|[spread] p1a,p1b\n|-supereffective|p1a: Incineroar|1\n|-supereffective|p1b: Tyranitar|1\n|-damage|p1a: Incineroar|60/100\n|-damage|p1b: Tyranitar|77/100\n|\n|-weather|Sandstorm|[upkeep]\n|-damage|p1a: Incineroar|54/100|[from] Sandstorm\n|-damage|p2b: Primarina|50/100|[from] Sandstorm\n|-damage|p2a: Incineroar|49/100|[from] Sandstorm\n|-enditem|p2b: Primarina|Sitrus Berry|[eat]\n|-heal|p2b: Primarina|75/100|[from] item: Sitrus Berry\n|-heal|p2a: Incineroar|54/100|[from] item: Leftovers\n|upkeep\n|turn|3\n|\n|t:|1775950892\n|switch|p1a: Garchomp|Garchomp, L50, F|100/100\n|switch|p2a: Sinistcha|Sinistcha, L50|100/100\n|-heal|p2b: Primarina|99/100|[from] ability: Hospitality|[of] p2a: Sinistcha\n|move|p1b: Tyranitar|Rock Slide|p2a: Sinistcha|[spread] p2a,p2b\n|-damage|p2a: Sinistcha|79/100\n|-damage|p2b: Primarina|69/100\n|move|p2b: Primarina|Moonblast|p1b: Tyranitar\n|-supereffective|p1b: Tyranitar|1\n|-damage|p1b: Tyranitar|43/100\n|\n|-weather|Sandstorm|[upkeep]\n|-damage|p2a: Sinistcha|72/100|[from] Sandstorm\n|-damage|p2b: Primarina|63/100|[from] Sandstorm\n|upkeep\n|turn|4\n|\n|t:|1775950916\n|move|p2b: Primarina|Protect|p2b: Primarina\n|-singleturn|p2b: Primarina|Protect\n|move|p1a: Garchomp|Rock Slide|p2a: Sinistcha|[spread] p2a\n|-activate|p2b: Primarina|move: Protect\n|-damage|p2a: Sinistcha|57/100\n|move|p1b: Tyranitar|Knock Off|p2a: Sinistcha\n|-supereffective|p2a: Sinistcha|1\n|-damage|p2a: Sinistcha|0 fnt\n|-enditem|p2a: Sinistcha|Mental Herb|[from] move: Knock Off|[of] p1b: Tyranitar\n|faint|p2a: Sinistcha\n|\n|-weather|Sandstorm|[upkeep]\n|-damage|p2b: Primarina|57/100|[from] Sandstorm\n|upkeep\n|\n|t:|1775950925\n|switch|p2a: Incineroar|Incineroar, L50, M|54/100\n|-ability|p2a: Incineroar|Intimidate|boost\n|-unboost|p1a: Garchomp|atk|1\n|-unboost|p1b: Tyranitar|atk|1\n|turn|5\n|\n|t:|1775950939\n|switch|p1b: Incineroar|Incineroar, L50, F|54/100\n|-ability|p1b: Incineroar|Intimidate|boost\n|-unboost|p2a: Incineroar|atk|1\n|-unboost|p2b: Primarina|atk|1\n|move|p2a: Incineroar|Fake Out|p1a: Garchomp|[miss]\n|-miss|p2a: Incineroar|p1a: Garchomp\n|move|p1a: Garchomp|Earthquake|p2b: Primarina|[spread] p1b,p2a,p2b\n|-supereffective|p1b: Incineroar|1\n|-supereffective|p2a: Incineroar|1\n|-damage|p1b: Incineroar|4/100\n|-damage|p2a: Incineroar|15/100\n|-damage|p2b: Primarina|25/100\n|-enditem|p1b: Incineroar|Sitrus Berry|[eat]\n|-heal|p1b: Incineroar|29/100|[from] item: Sitrus Berry\n|move|p2b: Primarina|Hyper Voice|p1b: Incineroar|[spread] p1b\n|-miss|p2b: Primarina|p1a: Garchomp\n|-supereffective|p1b: Incineroar|1\n|-damage|p1b: Incineroar|0 fnt\n|faint|p1b: Incineroar\n|\n|-weather|Sandstorm|[upkeep]\n|-damage|p2b: Primarina|19/100|[from] Sandstorm\n|-damage|p2a: Incineroar|9/100|[from] Sandstorm\n|-heal|p2a: Incineroar|15/100|[from] item: Leftovers\n|upkeep\n|c|\u2606Lesserangel|sand viel gaming wtf\n|\n|t:|1775950962\n|switch|p1b: Whimsicott|Whimsicott, L50, F|100/100\n|turn|6\n|\n|t:|1775950975\n|switch|p2b: Tyranitar|Tyranitar, L50, M, shiny|100/100\n|move|p1b: Whimsicott|Encore|p2a: Incineroar\n|-hint|Since gen 7, Dark is immune to Prankster moves.\n|-immune|p2a: Incineroar\n|move|p1a: Garchomp|Rock Slide|p2a: Incineroar|[spread] p2a,p2b\n|-supereffective|p2a: Incineroar|1\n|-damage|p2a: Incineroar|0 fnt\n|-damage|p2b: Tyranitar|90/100\n|faint|p2a: Incineroar\n|\n|-weather|none\n|upkeep\n|c|\u2606Lesserangel|im dumb\n|\n|t:|1775950984\n|switch|p2a: Primarina|Primarina, L50, M, shiny|19/100\n|turn|7\n|\n|t:|1775951005\n|detailschange|p2b: Tyranitar|Tyranitar-Mega, L50, M, shiny\n|-mega|p2b: Tyranitar|Tyranitar|Tyranitarite\n|-weather|Sandstorm|[from] ability: Sand Stream|[of] p2b: Tyranitar\n|move|p2a: Primarina|Protect|p2a: Primarina\n|-singleturn|p2a: Primarina|Protect\n|move|p1b: Whimsicott|Moonblast|p2b: Tyranitar\n|-supereffective|p2b: Tyranitar|1\n|-damage|p2b: Tyranitar|55/100\n|move|p1a: Garchomp|Earthquake|p2b: Tyranitar|[spread] p1b,p2b\n|-activate|p2a: Primarina|move: Protect\n|-resisted|p1b: Whimsicott|1\n|-supereffective|p2b: Tyranitar|1\n|-damage|p1b: Whimsicott|83/100\n|-damage|p2b: Tyranitar|25/100\n|move|p2b: Tyranitar|Rock Slide|p1a: Garchomp|[spread] p1a,p1b\n|-resisted|p1a: Garchomp|1\n|-damage|p1a: Garchomp|80/100\n|-damage|p1b: Whimsicott|23/100\n|\n|-weather|Sandstorm|[upkeep]\n|-damage|p1b: Whimsicott|17/100|[from] Sandstorm\n|-damage|p2a: Primarina|13/100|[from] Sandstorm\n|upkeep\n|turn|8\n|\n|t:|1775951031\n|move|p2b: Tyranitar|Protect|p2b: Tyranitar\n|-singleturn|p2b: Tyranitar|Protect\n|move|p1b: Whimsicott|Encore|p2a: Primarina\n|-start|p2a: Primarina|Encore\n|move|p2a: Primarina|Protect||[still]\n|-fail|p2a: Primarina\n|move|p1a: Garchomp|Earthquake|p2a: Primarina|[spread] p1b,p2a\n|-activate|p2b: Tyranitar|move: Protect\n|-resisted|p1b: Whimsicott|1\n|-crit|p1b: Whimsicott\n|-damage|p1b: Whimsicott|0 fnt\n|-damage|p2a: Primarina|0 fnt\n|faint|p1b: Whimsicott\n|faint|p2a: Primarina\n|\n|-weather|Sandstorm|[upkeep]\n|upkeep\n|\n|t:|1775951044\n|switch|p1b: Tyranitar|Tyranitar-Mega, L50, M, shiny|43/100\n|turn|9\n|\n|t:|1775951054\n|move|p1a: Garchomp|Rock Slide|p2b: Tyranitar\n|-damage|p2b: Tyranitar|14/100\n|move|p2b: Tyranitar|Rock Slide|p1b: Tyranitar|[spread] p1a,p1b\n|-resisted|p1a: Garchomp|1\n|-damage|p1a: Garchomp|62/100\n|-damage|p1b: Tyranitar|18/100\n|move|p1b: Tyranitar|Rock Slide|p2b: Tyranitar\n|-damage|p2b: Tyranitar|0 fnt\n|faint|p2b: Tyranitar\n|\n|win|Lesserangel\n||citricyew83745 is ready for game 2.\n||Lesserangel is ready for game 2.\n|uhtml|next|Next: <a href=\"/battle-gen9championsvgc2026regma-2581006445\"><strong>Game 2 of 3</strong></a>\n|l|\u2606citricyew83745\n|player|p2|\n",
  "uploadtime": 1775951685,
  "views": 11,
  "formatid": "gen9championsvgc2026regma",
  "rating": null,
  "private": 0,
  "password": null
}