{
  "id": "gen9championsvgc2026regma-2587085380",
  "format": "[Gen 9 Champions] VGC 2026 Reg M-A",
  "players": [
    "koxicity",
    "minjaneb"
  ],
  "log": "|j|\u2606koxicity\n|j|\u2606minjaneb\n|t:|1776491340\n|gametype|doubles\n|player|p1|koxicity|1|1072\n|player|p2|minjaneb|170|1000\n|gen|9\n|tier|[Gen 9 Champions] VGC 2026 Reg M-A\n|rated|\n|rule|Species Clause: Limit one of each Pok\u00e9mon\n|rule|Item Clause: Limit 1 of each item\n|clearpoke\n|poke|p1|Delphox, L50, F|\n|poke|p1|Rotom-Wash, L50|\n|poke|p1|Incineroar, L50, M|\n|poke|p1|Sinistcha-Masterpiece, L50|\n|poke|p1|Sneasler, L50, F|\n|poke|p1|Ninetales-Alola, L50, F|\n|poke|p2|Froslass, L50, F|\n|poke|p2|Rotom-Frost, L50|\n|poke|p2|Milotic, L50, F|\n|poke|p2|Aerodactyl, L50, F|\n|poke|p2|Scizor, L50, F|\n|poke|p2|Whimsicott, L50, M|\n|teampreview|4\n|\n|t:|1776491391\n|teamsize|p1|4\n|teamsize|p2|4\n|start\n|switch|p1a: Delphox|Delphox, L50, F|100/100\n|switch|p1b: Incineroar|Incineroar, L50, M|100/100\n|switch|p2a: Froslass|Froslass, L50, F|100/100\n|switch|p2b: Aerodactyl|Aerodactyl, L50, F|100/100\n|-ability|p2b: Aerodactyl|Unnerve\n|-ability|p1b: Incineroar|Intimidate|boost\n|-unboost|p2a: Froslass|atk|1\n|-unboost|p2b: Aerodactyl|atk|1\n|turn|1\n|\n|t:|1776491412\n|switch|p2b: Milotic|Milotic, L50, F|100/100\n|detailschange|p1a: Delphox|Delphox-Mega, L50, F\n|-mega|p1a: Delphox|Delphox|Delphoxite\n|detailschange|p2a: Froslass|Froslass-Mega, L50, F\n|-mega|p2a: Froslass|Froslass|Froslassite\n|-weather|Snowscape|[from] ability: Snow Warning|[of] p2a: Froslass\n|move|p2a: Froslass|Protect|p2a: Froslass\n|-singleturn|p2a: Froslass|Protect\n|move|p1b: Incineroar|Fake Out|p2b: Milotic\n|-damage|p2b: Milotic|90/100\n|move|p1a: Delphox|Heat Wave|p2a: Froslass|[spread] \n|-activate|p2a: Froslass|move: Protect\n|-miss|p1a: Delphox|p2b: Milotic\n|\n|-weather|Snowscape|[upkeep]\n|upkeep\n|turn|2\n|\n|t:|1776491442\n|switch|p2a: Aerodactyl|Aerodactyl, L50, F|100/100\n|-ability|p2a: Aerodactyl|Unnerve\n|move|p1a: Delphox|Protect|p1a: Delphox\n|-singleturn|p1a: Delphox|Protect\n|move|p1b: Incineroar|Parting Shot|p2a: Aerodactyl\n|-unboost|p2a: Aerodactyl|atk|1\n|-unboost|p2a: Aerodactyl|spa|1\n|\n|t:|1776491451\n|switch|p1b: Ninetales|Ninetales-Alola, L50, F|100/100|[from] Parting Shot\n|move|p2b: Milotic|Mirror Coat||[still]\n|-fail|p2b: Milotic\n|\n|-weather|Snowscape|[upkeep]\n|upkeep\n|turn|3\n|\n|t:|1776491491\n|switch|p2a: Froslass|Froslass-Mega, L50, F|100/100\n|move|p1a: Delphox|Encore|p2b: Milotic\n|-start|p2b: Milotic|Encore\n|move|p1b: Ninetales|Freeze-Dry|p2a: Froslass\n|-resisted|p2a: Froslass|1\n|-damage|p2a: Froslass|85/100\n|move|p2b: Milotic|Mirror Coat||[still]\n|-fail|p2b: Milotic\n|\n|-weather|Snowscape|[upkeep]\n|upkeep\n|turn|4\n|\n|t:|1776491523\n|switch|p1a: Incineroar|Incineroar, L50, M|100/100\n|-ability|p1a: Incineroar|Intimidate|boost\n|-unboost|p2a: Froslass|atk|1\n|-unboost|p2b: Milotic|atk|1\n|-ability|p2b: Milotic|Competitive|boost\n|-boost|p2b: Milotic|spa|2\n|switch|p2b: Aerodactyl|Aerodactyl, L50, F|100/100\n|-ability|p2b: Aerodactyl|Unnerve\n|move|p2a: Froslass|Protect|p2a: Froslass\n|-singleturn|p2a: Froslass|Protect\n|move|p1b: Ninetales|Freeze-Dry|p2b: Aerodactyl\n|-supereffective|p2b: Aerodactyl|1\n|-damage|p2b: Aerodactyl|20/100\n|\n|-weather|Snowscape|[upkeep]\n|upkeep\n|turn|5\n|\n|t:|1776491550\n|move|p1a: Incineroar|Fake Out|p2b: Aerodactyl\n|-resisted|p2b: Aerodactyl|1\n|-damage|p2b: Aerodactyl|11/100\n|cant|p2b: Aerodactyl|flinch\n|move|p1b: Ninetales|Blizzard|p2b: Aerodactyl|[spread] p2a,p2b\n|-resisted|p2a: Froslass|1\n|-supereffective|p2b: Aerodactyl|1\n|-damage|p2a: Froslass|65/100\n|-damage|p2b: Aerodactyl|0 fnt\n|faint|p2b: Aerodactyl\n|move|p2a: Froslass|Aurora Veil|p2a: Froslass\n|-sidestart|p2: minjaneb|move: Aurora Veil\n|\n|-weather|none\n|upkeep\n|\n|t:|1776491562\n|switch|p2b: Milotic|Milotic, L50, F|90/100\n|turn|6\n|\n|t:|1776491581\n|switch|p2a: Rotom|Rotom-Frost, L50|100/100\n|move|p1b: Ninetales|Blizzard|p2b: Milotic|[spread] p2a\n|-miss|p1b: Ninetales|p2b: Milotic\n|-resisted|p2a: Rotom|1\n|-damage|p2a: Rotom|92/100\n|move|p2b: Milotic|Coil|p2b: Milotic\n|-boost|p2b: Milotic|atk|1\n|-boost|p2b: Milotic|def|1\n|-boost|p2b: Milotic|accuracy|1\n|move|p1a: Incineroar|Parting Shot|p2a: Rotom\n|-unboost|p2a: Rotom|atk|1\n|-unboost|p2a: Rotom|spa|1\n|\n|t:|1776491598\n|switch|p1a: Sneasler|Sneasler, L50, F|100/100|[from] Parting Shot\n|\n|upkeep\n|turn|7\n|\n|t:|1776491619\n|move|p1a: Sneasler|Fake Out|p2b: Milotic\n|-damage|p2b: Milotic|84/100\n|move|p1b: Ninetales|Freeze-Dry|p2b: Milotic\n|-supereffective|p2b: Milotic|1\n|-damage|p2b: Milotic|60/100\n|move|p2a: Rotom|Volt Switch|p1a: Sneasler\n|-damage|p1a: Sneasler|75/100\n|\n|t:|1776491627\n|switch|p2a: Froslass|Froslass-Mega, L50, F|65/100|[from] Volt Switch\n|-weather|Snowscape|[from] ability: Snow Warning|[of] p2a: Froslass\n|cant|p2b: Milotic|flinch\n|\n|-weather|Snowscape|[upkeep]\n|upkeep\n|turn|8\n|\n|t:|1776491675\n|move|p1a: Sneasler|Dire Claw|p2a: Froslass\n|-resisted|p2a: Froslass|1\n|-damage|p2a: Froslass|49/100\n|move|p1b: Ninetales|Aurora Veil|p1b: Ninetales\n|-sidestart|p1: koxicity|move: Aurora Veil\n|move|p2a: Froslass|Shadow Ball|p1b: Ninetales\n|-damage|p1b: Ninetales|62/100\n|-unboost|p1b: Ninetales|spd|1\n|move|p2b: Milotic|Mirror Coat||[still]\n|-fail|p2b: Milotic\n|\n|-weather|Snowscape|[upkeep]\n|upkeep\n|turn|9\n|\n|t:|1776491703\n|move|p2a: Froslass|Protect|p2a: Froslass\n|-singleturn|p2a: Froslass|Protect\n|move|p1a: Sneasler|Dire Claw|p2b: Milotic\n|-damage|p2b: Milotic|45/100\n|move|p1b: Ninetales|Moonblast|p2a: Froslass\n|-activate|p2a: Froslass|move: Protect\n|move|p2b: Milotic|Mirror Coat||[still]\n|-fail|p2b: Milotic\n|\n|-weather|Snowscape|[upkeep]\n|-sideend|p2: minjaneb|move: Aurora Veil\n|upkeep\n|turn|10\n|\n|t:|1776491722\n|move|p1a: Sneasler|Dire Claw|p2b: Milotic\n|-damage|p2b: Milotic|21/100\n|-status|p2b: Milotic|slp\n|move|p1b: Ninetales|Freeze-Dry|p2b: Milotic\n|-supereffective|p2b: Milotic|1\n|-damage|p2b: Milotic|0 fnt\n|faint|p2b: Milotic\n|move|p2a: Froslass|Aurora Veil|p2a: Froslass\n|-sidestart|p2: minjaneb|move: Aurora Veil\n|\n|-weather|Snowscape|[upkeep]\n|upkeep\n|\n|t:|1776491731\n|switch|p2b: Rotom|Rotom-Frost, L50|92/100\n|turn|11\n|\n|t:|1776491739\n|move|p1a: Sneasler|Dire Claw|p2b: Rotom\n|-damage|p2b: Rotom|74/100\n|move|p1b: Ninetales|Moonblast|p2a: Froslass\n|-damage|p2a: Froslass|22/100\n|move|p2a: Froslass|Shadow Ball|p1b: Ninetales\n|-damage|p1b: Ninetales|6/100\n|move|p2b: Rotom|Nasty Plot|p2b: Rotom\n|-boost|p2b: Rotom|spa|2\n|\n|-weather|none\n|upkeep\n|turn|12\n|\n|t:|1776491765\n|move|p2a: Froslass|Protect|p2a: Froslass\n|-singleturn|p2a: Froslass|Protect\n|move|p1a: Sneasler|Close Combat|p2b: Rotom\n|-supereffective|p2b: Rotom|1\n|-damage|p2b: Rotom|0 fnt\n|-unboost|p1a: Sneasler|def|1\n|-unboost|p1a: Sneasler|spd|1\n|faint|p2b: Rotom\n|-enditem|p1a: Sneasler|White Herb\n|-clearnegativeboost|p1a: Sneasler|[silent]\n|move|p1b: Ninetales|Moonblast|p2a: Froslass\n|-activate|p2a: Froslass|move: Protect\n|\n|-sideend|p1: koxicity|move: Aurora Veil\n|upkeep\n|turn|13\n|-message|minjaneb forfeited.\n|\n|win|koxicity\n|raw|koxicity's rating: 1072 &rarr; <strong>1095</strong><br />(+23 for winning)\n|raw|minjaneb's rating: 1000 &rarr; <strong>1000</strong><br />(+0 for losing)\n|l|\u2606minjaneb\n|player|p2|\n",
  "uploadtime": 1776491783,
  "views": 26,
  "formatid": "gen9championsvgc2026regma",
  "rating": 1000,
  "private": 0,
  "password": null
}