{
  "id": "gen9championsvgc2026regma-2584438813",
  "format": "[Gen 9 Champions] VGC 2026 Reg M-A",
  "players": [
    "GK SHOWDOWN",
    "alvarriderr"
  ],
  "log": "|j|\u2606GK SHOWDOWN\n|j|\u2606alvarriderr\n|t:|1776260916\n|gametype|doubles\n|player|p1|GK SHOWDOWN|n|1082\n|player|p2|alvarriderr|hilbert-wonderlauncher|1185\n|gen|9\n|tier|[Gen 9 Champions] VGC 2026 Reg M-A\n|rated|\n|rule|Species Clause: Limit one of each Pok\u00e9mon\n|rule|Item Clause: Limit 1 of each item\n|clearpoke\n|poke|p1|Crabominable, L50, M|\n|poke|p1|Slowking, L50, M|\n|poke|p1|Farigiraf, L50, F|\n|poke|p1|Camerupt, L50, M|\n|poke|p1|Incineroar, L50, F|\n|poke|p1|Torkoal, L50, M|\n|poke|p2|Hawlucha, L50, M|\n|poke|p2|Excadrill, L50, M|\n|poke|p2|Tyranitar, L50, F|\n|poke|p2|Sinistcha, L50|\n|poke|p2|Rotom-Wash, L50|\n|poke|p2|Volcarona, L50, F|\n|teampreview|4\n|j| muzukkashiomoshiro\nalvarriderr has agreed to open team sheets.\n|l| muzukkashiomoshiro\n|inactive|Battle timer is ON: inactive players will automatically lose when time's up. (requested by GK SHOWDOWN)\n|\n|t:|1776260971\n|teamsize|p1|4\n|teamsize|p2|4\n|start\n|switch|p1a: Slowking|Slowking, L50, M, shiny|100/100\n|switch|p1b: Incineroar|Incineroar, L50, F|100/100\n|switch|p2a: Hawlucha|Hawlucha, L50, M|100/100\n|switch|p2b: Excadrill|Excadrill, L50, M|100/100\n|-ability|p1b: Incineroar|Intimidate|boost\n|-unboost|p2a: Hawlucha|atk|1\n|-unboost|p2b: Excadrill|atk|1\n|turn|1\n|\n|t:|1776260991\n|detailschange|p2a: Hawlucha|Hawlucha-Mega, L50, M\n|-mega|p2a: Hawlucha|Hawlucha|Hawluchanite\n|move|p2a: Hawlucha|Upper Hand|p1b: Incineroar\n|-supereffective|p1b: Incineroar|1\n|-damage|p1b: Incineroar|68/100\n|cant|p1b: Incineroar|flinch\n|move|p2b: Excadrill|Earthquake|p1b: Incineroar|[spread] p1a,p1b\n|-immune|p2a: Hawlucha\n|-supereffective|p1b: Incineroar|1\n|-damage|p1a: Slowking|77/100\n|-damage|p1b: Incineroar|22/100\n|-enditem|p1b: Incineroar|Sitrus Berry|[eat]\n|-heal|p1b: Incineroar|47/100|[from] item: Sitrus Berry\n|move|p1a: Slowking|Trick Room|p1a: Slowking\n|-fieldstart|move: Trick Room|[of] p1a: Slowking\n|\n|-heal|p1a: Slowking|83/100|[from] item: Leftovers\n|upkeep\n|turn|2\n|inactive|GK SHOWDOWN has 30 seconds left.\n|inactive|alvarriderr has 30 seconds left.\n|inactive|alvarriderr has 20 seconds left.\n|\n|t:|1776261029\n|move|p2b: Excadrill|Protect|p2b: Excadrill\n|-singleturn|p2b: Excadrill|Protect\n|move|p1a: Slowking|Psychic|p2a: Hawlucha\n|-supereffective|p2a: Hawlucha|1\n|-damage|p2a: Hawlucha|36/100\n|move|p1b: Incineroar|Parting Shot|p2a: Hawlucha\n|-unboost|p2a: Hawlucha|atk|1\n|-unboost|p2a: Hawlucha|spa|1\n|\n|t:|1776261048\n|switch|p1b: Crabominable|Crabominable, L50, M|100/100|[from] Parting Shot\n|move|p2a: Hawlucha|Entrainment|p1a: Slowking\n|-ability|p1a: Slowking|No Guard|Oblivious|[from] move: Entrainment|[of] p2a: Hawlucha\n|\n|-heal|p1a: Slowking|89/100|[from] item: Leftovers\n|upkeep\n|turn|3\n|\n|t:|1776261072\n|switch|p2a: Tyranitar|Tyranitar, L50, F|100/100\n|-weather|Sandstorm|[from] ability: Sand Stream|[of] p2a: Tyranitar\n|detailschange|p1b: Crabominable|Crabominable-Mega, L50, M\n|-mega|p1b: Crabominable|Crabominable|Crabominite\n|move|p1a: Slowking|Hydro Pump|p2b: Excadrill\n|-supereffective|p2b: Excadrill|1\n|-enditem|p2b: Excadrill|Focus Sash\n|-damage|p2b: Excadrill|1/100\n|move|p1b: Crabominable|Ice Hammer|p2a: Tyranitar\n|-damage|p2a: Tyranitar|33/100\n|-unboost|p1b: Crabominable|spe|1\n|move|p2b: Excadrill|Iron Head|p1b: Crabominable\n|-supereffective|p1b: Crabominable|1\n|-damage|p1b: Crabominable|53/100\n|\n|-weather|Sandstorm|[upkeep]\n|-damage|p1b: Crabominable|47/100|[from] Sandstorm\n|-damage|p1a: Slowking|83/100|[from] Sandstorm\n|-heal|p1a: Slowking|89/100|[from] item: Leftovers\n|upkeep\n|turn|4\n|inactive|alvarriderr has 30 seconds left.\n|\n|t:|1776261102\n|move|p2a: Tyranitar|Protect|p2a: Tyranitar\n|-singleturn|p2a: Tyranitar|Protect\n|move|p2b: Excadrill|Protect|p2b: Excadrill\n|-singleturn|p2b: Excadrill|Protect\n|move|p1b: Crabominable|Drain Punch|p2a: Tyranitar\n|-activate|p2a: Tyranitar|move: Protect\n|-prepare|p1a: Slowking|Chilly Reception|[premajor]\n|move|p1a: Slowking|Chilly Reception|p1a: Slowking\n|-weather|Snowscape\n|\n|t:|1776261115\n|switch|p1a: Incineroar|Incineroar, L50, F|47/100|[from] Chilly Reception\n|-ability|p1a: Incineroar|Intimidate|boost\n|-unboost|p2a: Tyranitar|atk|1\n|-unboost|p2b: Excadrill|atk|1\n|-enditem|p2a: Tyranitar|White Herb\n|-clearnegativeboost|p2a: Tyranitar|[silent]\n|\n|-weather|Snowscape|[upkeep]\n|upkeep\n|turn|5\n|inactive|alvarriderr has 30 seconds left.\n|\n|t:|1776261142\n|move|p1a: Incineroar|Fake Out|p2b: Excadrill\n|-resisted|p2b: Excadrill|1\n|-damage|p2b: Excadrill|0 fnt\n|faint|p2b: Excadrill\n|move|p1b: Crabominable|Drain Punch|p2a: Tyranitar\n|-supereffective|p2a: Tyranitar|2\n|-damage|p2a: Tyranitar|0 fnt\n|-heal|p1b: Crabominable|64/100|[from] drain|[of] p2a: Tyranitar\n|faint|p2a: Tyranitar\n|\n|-weather|Snowscape|[upkeep]\n|-fieldend|move: Trick Room\n|upkeep\n|\n|t:|1776261153\n|switch|p2b: Sinistcha|Sinistcha, L50|100/100\n|switch|p2a: Hawlucha|Hawlucha-Mega, L50, M|36/100\n|-heal|p2a: Hawlucha|60/100|[from] ability: Hospitality|[of] p2b: Sinistcha\n|turn|6\n|inactive|alvarriderr has 30 seconds left.\n|\n|t:|1776261184\n|switch|p1b: Slowking|Slowking, L50, M, shiny|89/100\n|move|p2a: Hawlucha|Flying Press|p1b: Slowking\n|-resisted|p1b: Slowking|1\n|-damage|p1b: Slowking|69/100\n|move|p2b: Sinistcha|Matcha Gotcha|p1b: Slowking|[spread] p1a,p1b\n|-resisted|p1a: Incineroar|1\n|-supereffective|p1b: Slowking|1\n|-damage|p1a: Incineroar|37/100\n|-damage|p1b: Slowking|37/100\n|move|p1a: Incineroar|Flare Blitz|p2b: Sinistcha\n|-supereffective|p2b: Sinistcha|1\n|-damage|p2b: Sinistcha|33/100\n|-enditem|p2b: Sinistcha|Sitrus Berry|[eat]\n|-heal|p2b: Sinistcha|58/100|[from] item: Sitrus Berry\n|-damage|p1a: Incineroar|17/100|[from] Recoil\n|\n|-weather|Snowscape|[upkeep]\n|-heal|p1b: Slowking|43/100|[from] item: Leftovers\n|upkeep\n|turn|7\n|inactive|GK SHOWDOWN has 30 seconds left.\n|inactive|alvarriderr has 30 seconds left.\n|inactive|GK SHOWDOWN has 20 seconds left.\n|\n|t:|1776261222\n|move|p2a: Hawlucha|Rock Tomb|p1a: Incineroar\n|-supereffective|p1a: Incineroar|1\n|-damage|p1a: Incineroar|0 fnt\n|faint|p1a: Incineroar\n|move|p2b: Sinistcha|Matcha Gotcha|p1b: Slowking\n|-supereffective|p1b: Slowking|1\n|-damage|p1b: Slowking|0 fnt\n|-heal|p2b: Sinistcha|82/100|[from] drain|[of] p1b: Slowking\n|faint|p1b: Slowking\n|\n|-weather|Snowscape|[upkeep]\n|upkeep\n|\n|t:|1776261235\n|switch|p1a: Crabominable|Crabominable-Mega, L50, M|64/100\n|switch|p1b: Torkoal|Torkoal, L50, M|100/100\n|-weather|SunnyDay|[from] ability: Drought|[of] p1b: Torkoal\n|turn|8\n|inactive|alvarriderr has 30 seconds left.\n|inactive|alvarriderr has 20 seconds left.\n|inactive|alvarriderr has 15 seconds left.\n|\n|t:|1776261277\n|move|p2b: Sinistcha|Rage Powder|p2b: Sinistcha\n|-singleturn|p2b: Sinistcha|move: Rage Powder\n|move|p2a: Hawlucha|Rock Tomb|p1b: Torkoal\n|-supereffective|p1b: Torkoal|1\n|-damage|p1b: Torkoal|70/100\n|-unboost|p1b: Torkoal|spe|1\n|move|p1a: Crabominable|Ice Hammer|p2b: Sinistcha\n|-supereffective|p2b: Sinistcha|1\n|-damage|p2b: Sinistcha|0 fnt\n|-unboost|p1a: Crabominable|spe|1\n|faint|p2b: Sinistcha\n|move|p1b: Torkoal|Eruption|p2a: Hawlucha\n|-damage|p2a: Hawlucha|0 fnt\n|faint|p2a: Hawlucha\n|\n|win|GK SHOWDOWN\n|raw|GK SHOWDOWN's rating: 1082 &rarr; <strong>1118</strong><br />(+36 for winning)\n|raw|alvarriderr's rating: 1185 &rarr; <strong>1153</strong><br />(-32 for losing)\n|c|\u2606alvarriderr|gg\n",
  "uploadtime": 1776261325,
  "views": 37,
  "formatid": "gen9championsvgc2026regma",
  "rating": 1118,
  "private": 0,
  "password": null
}