{
  "id": "gen9championsvgc2026regma-2583883138",
  "format": "[Gen 9 Champions] VGC 2026 Reg M-A",
  "players": [
    "Blitz39112",
    "Hiimoliver"
  ],
  "log": "|j|\u2606Blitz39112\n|j|\u2606Hiimoliver\n|t:|1776205231\n|gametype|doubles\n|player|p1|Blitz39112|101|1000\n|player|p2|Hiimoliver|lance|1014\n|gen|9\n|tier|[Gen 9 Champions] VGC 2026 Reg M-A\n|rated|\n|rule|Species Clause: Limit one of each Pok\u00e9mon\n|rule|Item Clause: Limit 1 of each item\n|clearpoke\n|poke|p1|Froslass, L50, F|\n|poke|p1|Garchomp, L50, M|\n|poke|p1|Empoleon, L50, M|\n|poke|p1|Kingambit, L50, F|\n|poke|p1|Rotom-Frost, L50|\n|poke|p1|Incineroar, L50, M|\n|poke|p2|Incineroar, L50, M|\n|poke|p2|Milotic, L50, F|\n|poke|p2|Pelipper, L50, M|\n|poke|p2|Sneasler, L50, M|\n|poke|p2|Corviknight, L50, M|\n|poke|p2|Meganium, L50, F|\n|teampreview|4\nBlitz39112 rejected open team sheets.\n|inactive|Battle timer is ON: inactive players will automatically lose when time's up. (requested by Blitz39112)\n|inactive|Blitz39112 has 60 seconds left.\n|inactive|Hiimoliver has 60 seconds left.\n|\n|t:|1776205293\n|teamsize|p1|4\n|teamsize|p2|4\n|start\n|switch|p1a: Froslass|Froslass, L50, F|100/100\n|switch|p1b: Rotom|Rotom-Frost, L50|100/100\n|switch|p2a: Sneasler|Sneasler, L50, M|100/100\n|switch|p2b: Incineroar|Incineroar, L50, M|100/100\n|-ability|p2b: Incineroar|Intimidate|boost\n|-unboost|p1a: Froslass|atk|1\n|-unboost|p1b: Rotom|atk|1\n|turn|1\n|inactive|Blitz39112 has 30 seconds left.\n|inactive|Blitz39112 has 20 seconds left.\n|\n|t:|1776205331\n|detailschange|p1a: Froslass|Froslass-Mega, L50, F\n|-mega|p1a: Froslass|Froslass|Froslassite\n|-weather|Snowscape|[from] ability: Snow Warning|[of] p1a: Froslass\n|move|p1a: Froslass|Protect|p1a: Froslass\n|-singleturn|p1a: Froslass|Protect\n|move|p1b: Rotom|Electroweb|p2b: Incineroar|[spread] p2a,p2b\n|-damage|p2a: Sneasler|76/100\n|-damage|p2b: Incineroar|84/100\n|-unboost|p2a: Sneasler|spe|1\n|-unboost|p2b: Incineroar|spe|1\n|move|p2a: Sneasler|Close Combat|p1b: Rotom\n|-supereffective|p1b: Rotom|1\n|-damage|p1b: Rotom|0 fnt\n|-unboost|p2a: Sneasler|def|1\n|-unboost|p2a: Sneasler|spd|1\n|faint|p1b: Rotom\n|move|p2b: Incineroar|Flare Blitz|p1a: Froslass\n|-activate|p1a: Froslass|move: Protect\n|\n|-weather|Snowscape|[upkeep]\n|upkeep\n|\n|t:|1776205350\n|switch|p1b: Garchomp|Garchomp, L50, M|100/100\n|turn|2\n|inactive|Blitz39112 has 30 seconds left.\n|\n|t:|1776205376\n|switch|p1a: Empoleon|Empoleon, L50, M|100/100\n|switch|p2a: Corviknight|Corviknight, L50, M|100/100\n|switch|p2b: Meganium|Meganium, L50, F|100/100\n|move|p1b: Garchomp|Rock Slide|p2b: Meganium|[spread] p2a,p2b\n|-damage|p2a: Corviknight|83/100\n|-damage|p2b: Meganium|81/100\n|\n|-weather|Snowscape|[upkeep]\n|upkeep\n|turn|3\n|inactive|Blitz39112 has 30 seconds left.\n|\n|t:|1776205410\n|detailschange|p2b: Meganium|Meganium-Mega, L50, F\n|-mega|p2b: Meganium|Meganium|Meganiumite\n|move|p1b: Garchomp|Protect|p1b: Garchomp\n|-singleturn|p1b: Garchomp|Protect\n|move|p2b: Meganium|Weather Ball|p1b: Garchomp\n|-activate|p1b: Garchomp|move: Protect\n|move|p2a: Corviknight|Bulk Up|p2a: Corviknight\n|-boost|p2a: Corviknight|atk|1\n|-boost|p2a: Corviknight|def|1\n|move|p1a: Empoleon|Roar|p2b: Meganium\n|drag|p2b: Sneasler|Sneasler, L50, M|76/100\n|\n|-weather|Snowscape|[upkeep]\n|upkeep\n|turn|4\n|\n|t:|1776205430\n|move|p1a: Empoleon|Protect|p1a: Empoleon\n|-singleturn|p1a: Empoleon|Protect\n|move|p2b: Sneasler|Close Combat|p1a: Empoleon\n|-activate|p1a: Empoleon|move: Protect\n|move|p1b: Garchomp|Earthquake|p2a: Corviknight|[spread] p2b\n|-activate|p1a: Empoleon|move: Protect\n|-immune|p2a: Corviknight\n|-supereffective|p2b: Sneasler|1\n|-crit|p2b: Sneasler\n|-damage|p2b: Sneasler|0 fnt\n|faint|p2b: Sneasler\n|move|p2a: Corviknight|Bulk Up|p2a: Corviknight\n|-boost|p2a: Corviknight|atk|1\n|-boost|p2a: Corviknight|def|1\n|\n|-weather|Snowscape|[upkeep]\n|upkeep\n|\n|t:|1776205437\n|switch|p2b: Incineroar|Incineroar, L50, M|84/100\n|-ability|p2b: Incineroar|Intimidate|boost\n|-unboost|p1a: Empoleon|atk|1\n|-ability|p1a: Empoleon|Competitive|boost\n|-boost|p1a: Empoleon|spa|2\n|-unboost|p1b: Garchomp|atk|1\n|-enditem|p1b: Garchomp|White Herb\n|-clearnegativeboost|p1b: Garchomp|[silent]\n|turn|5\n|-activate|p2a: Corviknight|item: Quick Claw\n|\n|t:|1776205457\n|move|p2b: Incineroar|Fake Out|p1a: Empoleon\n|-resisted|p1a: Empoleon|1\n|-damage|p1a: Empoleon|96/100\n|move|p2a: Corviknight|Brave Bird|p1a: Empoleon\n|-resisted|p1a: Empoleon|1\n|-damage|p1a: Empoleon|46/100\n|-damage|p2a: Corviknight|66/100|[from] Recoil\n|move|p1b: Garchomp|Rock Slide|p2a: Corviknight|[spread] p2a,p2b\n|-supereffective|p2b: Incineroar|1\n|-damage|p2a: Corviknight|57/100\n|-damage|p2b: Incineroar|55/100\n|cant|p1a: Empoleon|flinch\n|\n|-weather|none\n|-heal|p1a: Empoleon|51/100|[from] item: Leftovers\n|upkeep\n|turn|6\n|inactive|Hiimoliver has 30 seconds left.\n|\n|t:|1776205491\n|move|p1b: Garchomp|Rock Slide|p2b: Incineroar|[spread] p2b\n|-miss|p1b: Garchomp|p2a: Corviknight\n|-supereffective|p2b: Incineroar|1\n|-damage|p2b: Incineroar|24/100\n|-enditem|p2b: Incineroar|Sitrus Berry|[eat]\n|-heal|p2b: Incineroar|49/100|[from] item: Sitrus Berry\n|cant|p2b: Incineroar|flinch\n|move|p2a: Corviknight|Brave Bird|p1a: Empoleon\n|-resisted|p1a: Empoleon|1\n|-damage|p1a: Empoleon|1/100\n|-damage|p2a: Corviknight|40/100|[from] Recoil\n|move|p1a: Empoleon|Water Pulse|p2b: Incineroar\n|-supereffective|p2b: Incineroar|1\n|-damage|p2b: Incineroar|0 fnt\n|faint|p2b: Incineroar\n|\n|-heal|p1a: Empoleon|7/100|[from] item: Leftovers\n|upkeep\n|\n|t:|1776205502\n|switch|p2b: Meganium|Meganium-Mega, L50, F|81/100\n|turn|7\n|\n|t:|1776205519\n|move|p1a: Empoleon|Protect|p1a: Empoleon\n|-singleturn|p1a: Empoleon|Protect\n|move|p1b: Garchomp|Rock Slide|p2a: Corviknight|[spread] p2a,p2b\n|-damage|p2a: Corviknight|31/100\n|-damage|p2b: Meganium|64/100\n|move|p2b: Meganium|Solar Beam||[still]\n|-prepare|p2b: Meganium|Solar Beam\n|-activate|p2b: Meganium|ability: Mega Sol\n|-anim|p2b: Meganium|Solar Beam|p1b: Garchomp\n|-damage|p1b: Garchomp|32/100\n|move|p2a: Corviknight|Iron Head|p1a: Empoleon\n|-activate|p1a: Empoleon|move: Protect\n|\n|-heal|p1a: Empoleon|13/100|[from] item: Leftovers\n|upkeep\n|turn|8\n|\n|t:|1776205542\n|move|p1b: Garchomp|Protect|p1b: Garchomp\n|-singleturn|p1b: Garchomp|Protect\n|move|p2b: Meganium|Dazzling Gleam|p1a: Empoleon|[spread] p1a\n|-activate|p1b: Garchomp|move: Protect\n|-resisted|p1a: Empoleon|1\n|-damage|p1a: Empoleon|2/100\n|move|p2a: Corviknight|Iron Head|p1a: Empoleon\n|-resisted|p1a: Empoleon|2\n|-damage|p1a: Empoleon|0 fnt\n|faint|p1a: Empoleon\n|\n|upkeep\n|\n|t:|1776205552\n|switch|p1a: Froslass|Froslass-Mega, L50, F|100/100\n|-weather|Snowscape|[from] ability: Snow Warning|[of] p1a: Froslass\n|turn|9\n|\n|t:|1776205562\n|move|p1b: Garchomp|Rock Slide|p2a: Corviknight|[spread] p2a,p2b\n|-damage|p2a: Corviknight|21/100\n|-damage|p2b: Meganium|46/100\n|move|p1a: Froslass|Blizzard|p2b: Meganium|[spread] p2a,p2b\n|-supereffective|p2b: Meganium|1\n|-damage|p2a: Corviknight|0 fnt\n|-damage|p2b: Meganium|0 fnt\n|faint|p2a: Corviknight\n|faint|p2b: Meganium\n|\n|win|Blitz39112\n|raw|Blitz39112's rating: 1000 &rarr; <strong>1042</strong><br />(+42 for winning)\n|raw|Hiimoliver's rating: 1014 &rarr; <strong>1001</strong><br />(-13 for losing)\n|l|\u2606Hiimoliver\n|player|p2|\n|c|\u2606Blitz39112|ggs\n",
  "uploadtime": 1776205587,
  "views": 19,
  "formatid": "gen9championsvgc2026regma",
  "rating": 1001,
  "private": 0,
  "password": null
}