{
  "id": "gen9championsvgc2026regma-2586727479",
  "format": "[Gen 9 Champions] VGC 2026 Reg M-A",
  "players": [
    "thefilmguy",
    "StrawberryBalloons"
  ],
  "log": "|j|\u2606thefilmguy\n|j|\u203dStrawberryBalloons\n|t:|1776455229\n|gametype|doubles\n|player|p1|thefilmguy|102|1275\n|player|p2|StrawberryBalloons|fisherman-gen4|1351\n|gen|9\n|tier|[Gen 9 Champions] VGC 2026 Reg M-A\n|rated|\n|rule|Species Clause: Limit one of each Pok\u00e9mon\n|rule|Item Clause: Limit 1 of each item\n|clearpoke\n|poke|p1|Aromatisse, L50, M|\n|poke|p1|Aggron, L50, F|\n|poke|p1|Sinistcha, L50|\n|poke|p1|Pelipper, L50, F|\n|poke|p1|Araquanid, L50, F|\n|poke|p1|Skeledirge, L50, F|\n|poke|p2|Sableye, L50, F|\n|poke|p2|Floette-Eternal, L50, F|\n|poke|p2|Incineroar, L50, M|\n|poke|p2|Aggron, L50, F|\n|poke|p2|Sinistcha, L50|\n|poke|p2|Milotic, L50, F|\n|teampreview|4\n|inactive|Battle timer is ON: inactive players will automatically lose when time's up. (requested by StrawberryBalloons)\n|inactive|thefilmguy has 60 seconds left.\n|l|\u2606thefilmguy\n|inactive|thefilmguy disconnected and has a minute to reconnect!\n|player|p1|\n|inactive|thefilmguy has 30 seconds left.\n|j|\u2606thefilmguy\n|inactive|thefilmguy reconnected and has 25 seconds left.\n|player|p1|thefilmguy|102|\n|inactive|thefilmguy has 20 seconds left.\n|inactive|thefilmguy has 15 seconds left.\n|inactive|thefilmguy has 10 seconds left.\n|inactive|thefilmguy has 5 seconds left.\n|\n|t:|1776455315\n|teamsize|p1|4\n|teamsize|p2|4\n|start\n|switch|p1a: Araquanid|Araquanid, L50, F|100/100\n|switch|p1b: Skeledirge|Skeledirge, L50, F|100/100\n|switch|p2a: Sableye|Sableye, L50, F|100/100\n|switch|p2b: Floette|Floette-Eternal, L50, F|100/100\n|turn|1\n|\n|t:|1776455330\n|move|p2b: Floette|Protect|p2b: Floette\n|-singleturn|p2b: Floette|Protect\n|move|p1b: Skeledirge|Torch Song|p2b: Floette\n|-activate|p2b: Floette|move: Protect\n|move|p2a: Sableye|Metal Burst||[still]\n|-fail|p2a: Sableye\n|move|p1a: Araquanid|Waterfall|p2b: Floette\n|-activate|p2b: Floette|move: Protect\n|\n|upkeep\n|turn|2\n|\n|t:|1776455346\n|detailschange|p2b: Floette|Floette-Mega, L50, F\n|-mega|p2b: Floette|Floette|Floettite\n|-ability|p2b: Floette|Fairy Aura\n|move|p2a: Sableye|Disable|p1a: Araquanid\n|-start|p1a: Araquanid|Disable|Waterfall\n|move|p2b: Floette|Calm Mind|p2b: Floette\n|-boost|p2b: Floette|spa|1\n|-boost|p2b: Floette|spd|1\n|move|p1b: Skeledirge|Torch Song|p2b: Floette\n|-damage|p2b: Floette|71/100\n|-boost|p1b: Skeledirge|spa|1\n|cant|p1a: Araquanid|Disable|Waterfall\n|\n|upkeep\n|turn|3\n|inactive|thefilmguy has 30 seconds left.\n|inactive|StrawberryBalloons has 30 seconds left.\n|inactive|thefilmguy has 20 seconds left.\n|\n|t:|1776455383\n|move|p1a: Araquanid|Protect|p1a: Araquanid\n|-singleturn|p1a: Araquanid|Protect\n|move|p2b: Floette|Calm Mind|p2b: Floette\n|-boost|p2b: Floette|spa|1\n|-boost|p2b: Floette|spd|1\n|move|p1b: Skeledirge|Shadow Ball|p2a: Sableye\n|-damage|p2a: Sableye|8/100\n|move|p2a: Sableye|Metal Burst|p1b: Skeledirge\n|-damage|p1b: Skeledirge|0 fnt\n|faint|p1b: Skeledirge\n|\n|upkeep\n|\n|t:|1776455395\n|switch|p1b: Cant Stop|Aggron, L50, F|100/100\n|turn|4\n|\n|t:|1776455419\n|detailschange|p1b: Cant Stop|Aggron-Mega, L50, F\n|-mega|p1b: Cant Stop|Aggron|Aggronite\n|move|p2b: Floette|Protect|p2b: Floette\n|-singleturn|p2b: Floette|Protect\n|move|p2a: Sableye|Encore|p1a: Araquanid\n|-start|p1a: Araquanid|Encore\n|move|p1a: Araquanid|Protect||[still]\n|-fail|p1a: Araquanid\n|move|p1b: Cant Stop|Heavy Slam|p2b: Floette\n|-activate|p2b: Floette|move: Protect\n|\n|upkeep\n|turn|5\n|\n|t:|1776455432\n|move|p1a: Araquanid|Protect|p1a: Araquanid\n|-singleturn|p1a: Araquanid|Protect\n|move|p2a: Sableye|Pain Split|p1b: Cant Stop\n|-sethp|p1b: Cant Stop|54/100|[from] move: Pain Split|[silent]\n|-sethp|p2a: Sableye|61/100|[from] move: Pain Split\n|move|p2b: Floette|Moonblast|p1b: Cant Stop\n|-resisted|p1b: Cant Stop|1\n|-damage|p1b: Cant Stop|0 fnt\n|faint|p1b: Cant Stop\n|\n|-end|p1a: Araquanid|Disable\n|upkeep\n|\n|t:|1776455441\n|switch|p1b: The Medic|Sinistcha, L50|100/100\n|turn|6\n|\n|t:|1776455457\n|switch|p2a: Sinistcha|Sinistcha, L50|100/100\n|-heal|p2b: Floette|96/100|[from] ability: Hospitality|[of] p2a: Sinistcha\n|move|p1a: Araquanid|Protect||[still]\n|-fail|p1a: Araquanid\n|move|p2b: Floette|Moonblast|p1b: The Medic\n|-damage|p1b: The Medic|0 fnt\n|faint|p1b: The Medic\n|\n|-end|p1a: Araquanid|Encore\n|upkeep\n|turn|7\n|-message|thefilmguy forfeited.\n|\n|win|StrawberryBalloons\n|raw|thefilmguy's rating: 1275 &rarr; <strong>1255</strong><br />(-20 for losing)\n|raw|StrawberryBalloons's rating: 1351 &rarr; <strong>1367</strong><br />(+16 for winning)\n|l|\u2606thefilmguy\n|player|p1|\n",
  "uploadtime": 1776455469,
  "views": 59,
  "formatid": "gen9championsvgc2026regma",
  "rating": 1255,
  "private": 0,
  "password": null
}