{
  "id": "gen9championsvgc2026regma-2586529387",
  "format": "[Gen 9 Champions] VGC 2026 Reg M-A",
  "players": [
    "mynamegrassgreen",
    "salt_water123"
  ],
  "log": "|j|\u2606mynamegrassgreen\n|j|\u203dsalt_water123\n|t:|1776440885\n|gametype|doubles\n|player|p1|mynamegrassgreen|n-masters|\n|player|p2|salt_water123|psychicf-gen4|\n|gen|9\n|tier|[Gen 9 Champions] VGC 2026 Reg M-A\n|rated|Tournament battle\n|rule|Species Clause: Limit one of each Pok\u00e9mon\n|rule|Item Clause: Limit 1 of each item\n|clearpoke\n|poke|p1|Kommo-o, L50, M|\n|poke|p1|Gengar, L50, M|\n|poke|p1|Whimsicott, L50, M|\n|poke|p1|Sinistcha-Masterpiece, L50|\n|poke|p1|Incineroar, L50, F|\n|poke|p1|Tyranitar, L50, F|\n|poke|p2|Delphox, L50, M|\n|poke|p2|Sneasler, L50, F|\n|poke|p2|Kingambit, L50, M|\n|poke|p2|Basculegion, L50, M|\n|poke|p2|Clefable, L50, M|\n|poke|p2|Tsareena, L50, F|\n|teampreview|4\n|inactive|Battle timer is ON: inactive players will automatically lose when time's up. (requested by salt_water123)\n|j| Zonkah\n|j| z123z\n|j| ghostistheman\nmynamegrassgreen has agreed to open team sheets.\n|j| FBIsurveillanceman\n|j| reanschawrzer\n|j| bulgariareal\n|c|\u2606mynamegrassgreen|u got to see my sheets last round :(\n|inactive|mynamegrassgreen has 60 seconds left.\n|j| samuelkutty\nsalt_water123 has agreed to open team sheets.\n|showteam|p1|Kommo-o||Leftovers|Overcoat|ClangorousSoul,ClangingScales,AuraSphere,Protect|||M|||50|]Gengar||Gengarite|CursedBody|ShadowBall,PerishSong,Substitute,Protect|||M|||50|]Whimsicott||FocusSash|Prankster|Moonblast,Encore,Tailwind,Protect|||M|||50|]Sinistcha-Masterpiece||SitrusBerry|Hospitality|MatchaGotcha,RagePowder,TrickRoom,StrengthSap||||||50|]Incineroar||ShucaBerry|Intimidate|FakeOut,FlareBlitz,Protect,PartingShot|||F|||50|]Tyranitar||ChoiceScarf|SandStream|RockSlide,KnockOff,StoneEdge,LowKick|||F|||50|\n|showteam|p2|Delphox||Delphoxite|Blaze|HeatWave,Psychic,Protect,Substitute|||M|||50|]Sneasler||WhiteHerb|Unburden|CloseCombat,GunkShot,Protect,FakeOut|||F|||50|]Kingambit||BlackGlasses|Defiant|KowtowCleave,SuckerPunch,SwordsDance,Protect|||M|||50|]Basculegion||ChoiceScarf|Adaptability|WaveCrash,LastRespects,FlipTurn,AquaJet|||M|||50|]Clefable||SitrusBerry|Unaware|Moonblast,FollowMe,HelpingHand,Protect|||M|||50|]Tsareena||MiracleSeed|QueenlyMajesty|PowerWhip,LowKick,Protect,HelpingHand|||F|||50|\n|l| samuelkutty\n|j| samuelkutty\n|l| samuelkutty\n|inactive|salt_water123 has 60 seconds left.\n|j| samuelkutty\n|l| samuelkutty\n|inactive|mynamegrassgreen has 30 seconds left.\n|j| samuelkutty\n|inactive|mynamegrassgreen has 20 seconds left.\n|j| 4Test4\n|l| samuelkutty\n|\n|t:|1776440971\n|teamsize|p1|4\n|teamsize|p2|4\n|start\n|switch|p1a: :3|Whimsicott, L50, M|100/100\n|switch|p1b: thinking of name|Tyranitar, L50, F|100/100\n|switch|p2a: Delphox|Delphox, L50, M|100/100\n|switch|p2b: Basculegion|Basculegion, L50, M|100/100\n|-weather|Sandstorm|[from] ability: Sand Stream|[of] p1b: thinking of name\n|turn|1\n|j| Mishsire\n|j| samuelkutty\n|l| samuelkutty\n|l| 4Test4\n|\n|t:|1776440996\n|switch|p2b: Tsareena|Tsareena, L50, F|100/100\n|detailschange|p2a: Delphox|Delphox-Mega, L50, M\n|-mega|p2a: Delphox|Delphox|Delphoxite\n|move|p1a: :3|Tailwind|p1a: :3\n|-sidestart|p1: mynamegrassgreen|move: Tailwind\n|move|p1b: thinking of name|Rock Slide|p2a: Delphox|[spread] p2a,p2b\n|-supereffective|p2a: Delphox|1\n|-damage|p2a: Delphox|14/100\n|-damage|p2b: Tsareena|70/100\n|move|p2a: Delphox|Heat Wave|p1b: thinking of name|[spread] p1a,p1b\n|-supereffective|p1a: :3|1\n|-resisted|p1b: thinking of name|1\n|-enditem|p1a: :3|Focus Sash\n|-damage|p1a: :3|1/100\n|-damage|p1b: thinking of name|86/100\n|\n|-weather|Sandstorm|[upkeep]\n|-damage|p1a: :3|0 fnt|[from] Sandstorm\n|-damage|p2a: Delphox|8/100|[from] Sandstorm\n|-damage|p2b: Tsareena|64/100|[from] Sandstorm\n|faint|p1a: :3\n|upkeep\n|j| Gemem\n|j| MegaHappyDragonite\n|l| Gemem\n|\n|t:|1776441018\n|switch|p1a: STAY WITH ME \ud83c\udfb5|Gengar, L50, M|100/100\n|turn|2\n|\n|t:|1776441033\n|switch|p2a: Sneasler|Sneasler, L50, F|100/100\n|detailschange|p1a: STAY WITH ME \ud83c\udfb5|Gengar-Mega, L50, M\n|-mega|p1a: STAY WITH ME \ud83c\udfb5|Gengar|Gengarite\n|move|p2b: Tsareena|Protect|p2b: Tsareena\n|-singleturn|p2b: Tsareena|Protect\n|move|p1a: STAY WITH ME \ud83c\udfb5|Shadow Ball|p2b: Tsareena\n|-activate|p2b: Tsareena|move: Protect\n|move|p1b: thinking of name|Rock Slide|p2b: Tsareena|[spread] p2a\n|-activate|p2b: Tsareena|move: Protect\n|-resisted|p2a: Sneasler|1\n|-damage|p2a: Sneasler|77/100\n|\n|-weather|Sandstorm|[upkeep]\n|-damage|p1a: STAY WITH ME \ud83c\udfb5|95/100|[from] Sandstorm\n|-damage|p2a: Sneasler|71/100|[from] Sandstorm\n|-damage|p2b: Tsareena|57/100|[from] Sandstorm\n|upkeep\n|turn|3\n|\n|t:|1776441051\n|move|p2a: Sneasler|Fake Out|p1b: thinking of name\n|-resisted|p1b: thinking of name|1\n|-damage|p1b: thinking of name|80/100\n|move|p1a: STAY WITH ME \ud83c\udfb5|Shadow Ball|p2a: Sneasler\n|-damage|p2a: Sneasler|14/100\n|cant|p1b: thinking of name|flinch\n|move|p2b: Tsareena|Power Whip|p1b: thinking of name\n|-supereffective|p1b: thinking of name|1\n|-damage|p1b: thinking of name|0 fnt\n|faint|p1b: thinking of name\n|\n|-weather|Sandstorm|[upkeep]\n|-damage|p1a: STAY WITH ME \ud83c\udfb5|89/100|[from] Sandstorm\n|-damage|p2a: Sneasler|8/100|[from] Sandstorm\n|-damage|p2b: Tsareena|51/100|[from] Sandstorm\n|upkeep\n|\n|t:|1776441056\n|switch|p1b: LET IT RIP|Kommo-o, L50, M|100/100\n|turn|4\n|\n|t:|1776441075\n|move|p1a: STAY WITH ME \ud83c\udfb5|Shadow Ball|p2a: Sneasler\n|-damage|p2a: Sneasler|0 fnt\n|faint|p2a: Sneasler\n|move|p1b: LET IT RIP|Clangorous Soul|p1b: LET IT RIP\n|-boost|p1b: LET IT RIP|atk|1\n|-boost|p1b: LET IT RIP|def|1\n|-boost|p1b: LET IT RIP|spa|1\n|-boost|p1b: LET IT RIP|spd|1\n|-boost|p1b: LET IT RIP|spe|1\n|-damage|p1b: LET IT RIP|68/100\n|move|p2b: Tsareena|Power Whip|p1b: LET IT RIP|[miss]\n|-miss|p2b: Tsareena|p1b: LET IT RIP\n|\n|-weather|Sandstorm|[upkeep]\n|-damage|p1a: STAY WITH ME \ud83c\udfb5|83/100|[from] Sandstorm\n|-damage|p2b: Tsareena|45/100|[from] Sandstorm\n|-heal|p1b: LET IT RIP|74/100|[from] item: Leftovers\n|-sideend|p1: mynamegrassgreen|move: Tailwind\n|upkeep\n|j| shocco<3\n|\n|t:|1776441083\n|switch|p2a: Basculegion|Basculegion, L50, M|100/100\n|turn|5\n|\n|t:|1776441096\n|move|p2b: Tsareena|Helping Hand|p2a: Basculegion\n|-singleturn|p2a: Basculegion|Helping Hand|[of] p2b: Tsareena\n|move|p1b: LET IT RIP|Protect|p1b: LET IT RIP\n|-singleturn|p1b: LET IT RIP|Protect\n|move|p1a: STAY WITH ME \ud83c\udfb5|Protect|p1a: STAY WITH ME \ud83c\udfb5\n|-singleturn|p1a: STAY WITH ME \ud83c\udfb5|Protect\n|move|p2a: Basculegion|Last Respects|p1b: LET IT RIP\n|-activate|p1b: LET IT RIP|move: Protect\n|\n|-weather|none\n|-heal|p1b: LET IT RIP|80/100|[from] item: Leftovers\n|upkeep\n|turn|6\n|c| z123z|this is the end\n|c| z123z|holy you\u2019re breeath\n|\n|t:|1776441108\n|move|p1b: LET IT RIP|Clanging Scales|p2a: Basculegion|[spread] p2a,p2b\n|-damage|p2a: Basculegion|50/100\n|-damage|p2b: Tsareena|3/100\n|-unboost|p1b: LET IT RIP|def|1\n|move|p2a: Basculegion|Last Respects|p1a: STAY WITH ME \ud83c\udfb5\n|-supereffective|p1a: STAY WITH ME \ud83c\udfb5|1\n|-damage|p1a: STAY WITH ME \ud83c\udfb5|0 fnt\n|faint|p1a: STAY WITH ME \ud83c\udfb5\n|move|p2b: Tsareena|Power Whip|p1b: LET IT RIP\n|-resisted|p1b: LET IT RIP|1\n|-damage|p1b: LET IT RIP|49/100\n|\n|-heal|p1b: LET IT RIP|55/100|[from] item: Leftovers\n|upkeep\n|turn|7\n|\n|t:|1776441116\n|move|p2b: Tsareena|Helping Hand|p2a: Basculegion\n|-singleturn|p2a: Basculegion|Helping Hand|[of] p2b: Tsareena\n|move|p1b: LET IT RIP|Clanging Scales|p2b: Tsareena|[spread] p2a,p2b\n|-damage|p2a: Basculegion|0 fnt\n|-damage|p2b: Tsareena|0 fnt\n|faint|p2a: Basculegion\n|faint|p2b: Tsareena\n|-unboost|p1b: LET IT RIP|def|1\n|\n|-heal|p1b: LET IT RIP|61/100|[from] item: Leftovers\n|upkeep\n|c|\u2606mynamegrassgreen|ggs\n|\n|t:|1776441123\n|switch|p2b: Delphox|Delphox-Mega, L50, M|8/100\n|turn|8\n|c|\u2606mynamegrassgreen|wp\n|\n|t:|1776441131\n|move|p1b: LET IT RIP|Clanging Scales|p2b: Delphox\n|-damage|p2b: Delphox|0 fnt\n|faint|p2b: Delphox\n|\n|win|mynamegrassgreen\n|n|\u2606mynamegrassgreen|mynamegrassgreen\n|n|\u203dsalt_water123|saltwater123\n|n| Zonkah|zonkah\n|n| z123z|z123z\n|n| ghostistheman|ghostistheman\n|n| FBIsurveillanceman|fbisurveillanceman\n|n| reanschawrzer|reanschawrzer\n|n| bulgariareal|bulgariareal\n|n| Mishsire|mishsire\n|n| MegaHappyDragonite|megahappydragonite\n|n| shocco<3|shocco3\n",
  "uploadtime": 1776441131,
  "views": 16,
  "formatid": "gen9championsvgc2026regma",
  "rating": null,
  "private": 0,
  "password": null
}