{
  "id": "gen9championsvgc2026regma-2589399880",
  "format": "[Gen 9 Champions] VGC 2026 Reg M-A",
  "players": [
    "Isloe",
    "Arcato"
  ],
  "log": "|j|\u2606Isloe\n|j|\u2606Arcato\n|t:|1776719860\n|gametype|doubles\n|player|p1|Isloe|102|1190\n|player|p2|Arcato|266|1092\n|gen|9\n|tier|[Gen 9 Champions] VGC 2026 Reg M-A\n|rated|\n|rule|Species Clause: Limit one of each Pok\u00e9mon\n|rule|Item Clause: Limit 1 of each item\n|clearpoke\n|poke|p1|Sinistcha, L50|\n|poke|p1|Talonflame, L50, M|\n|poke|p1|Blastoise, L50, F|\n|poke|p1|Maushold, L50|\n|poke|p1|Gengar, L50, M|\n|poke|p1|Meowscarada, L50, M|\n|poke|p2|Venusaur, L50, F, shiny|\n|poke|p2|Corviknight, L50, F|\n|poke|p2|Incineroar, L50, M|\n|poke|p2|Primarina, L50, M|\n|poke|p2|Torkoal, L50, M, shiny|\n|poke|p2|Farigiraf, L50, F, shiny|\n|teampreview|4\n|c|\u2606Arcato|GLHF\n|\n|t:|1776719925\n|teamsize|p1|4\n|teamsize|p2|4\n|start\n|switch|p1a: Blastoise|Blastoise, L50, F|100/100\n|switch|p1b: Maushold|Maushold, L50|100/100\n|switch|p2a: Incineroar|Incineroar, L50, M|100/100\n|switch|p2b: Farigiraf|Farigiraf, L50, F, shiny|100/100\n|-ability|p2a: Incineroar|Intimidate|boost\n|-unboost|p1a: Blastoise|atk|1\n|-unboost|p1b: Maushold|atk|1\n|turn|1\n|\n|t:|1776719951\n|detailschange|p1a: Blastoise|Blastoise-Mega, L50, F\n|-mega|p1a: Blastoise|Blastoise|Blastoisinite\n|move|p1a: Blastoise|Protect|p1a: Blastoise\n|-singleturn|p1a: Blastoise|Protect\n|move|p2a: Incineroar|Fake Out|p1a: Blastoise\n|-activate|p1a: Blastoise|move: Protect\n|move|p1b: Maushold|Encore|p2a: Incineroar\n|-start|p2a: Incineroar|Encore\n|move|p2b: Farigiraf|Trick Room|p2b: Farigiraf\n|-fieldstart|move: Trick Room|[of] p2b: Farigiraf\n|\n|upkeep\n|turn|2\n|\n|t:|1776719976\n|switch|p2a: Venusaur|Venusaur, L50, F, shiny|100/100\n|move|p1b: Maushold|Follow Me|p1b: Maushold\n|-singleturn|p1b: Maushold|move: Follow Me\n|move|p2b: Farigiraf|Hyper Voice|p1b: Maushold|[spread] p1a,p1b\n|-damage|p1a: Blastoise|77/100\n|-damage|p1b: Maushold|57/100\n|move|p1a: Blastoise|Water Spout|p2b: Farigiraf|[spread] p2a,p2b\n|-resisted|p2a: Venusaur|1\n|-damage|p2a: Venusaur|78/100\n|-damage|p2b: Farigiraf|50/100\n|\n|upkeep\n|turn|3\n|\n|t:|1776720005\n|detailschange|p2a: Venusaur|Venusaur-Mega, L50, F, shiny\n|-mega|p2a: Venusaur|Venusaur|Venusaurite\n|move|p1a: Blastoise|Protect|p1a: Blastoise\n|-singleturn|p1a: Blastoise|Protect\n|move|p1b: Maushold|Protect|p1b: Maushold\n|-singleturn|p1b: Maushold|Protect\n|move|p2b: Farigiraf|Hyper Voice|p1a: Blastoise|[spread] \n|-activate|p1a: Blastoise|move: Protect\n|-activate|p1b: Maushold|move: Protect\n|move|p2a: Venusaur|Giga Drain|p1b: Maushold\n|-activate|p1b: Maushold|move: Protect\n|\n|upkeep\n|turn|4\n|\n|t:|1776720032\n|switch|p1a: Sinistcha|Sinistcha, L50|100/100\n|-heal|p1b: Maushold|82/100|[from] ability: Hospitality|[of] p1a: Sinistcha\n|switch|p1b: Talonflame|Talonflame, L50, M|100/100\n|move|p2b: Farigiraf|Hyper Voice|p1b: Talonflame|[spread] p1b\n|-immune|p1a: Sinistcha\n|-damage|p1b: Talonflame|44/100\n|move|p2a: Venusaur|Giga Drain|p1a: Sinistcha\n|-resisted|p1a: Sinistcha|1\n|-damage|p1a: Sinistcha|78/100\n|-heal|p2a: Venusaur|89/100|[from] drain|[of] p1a: Sinistcha\n|\n|-heal|p1a: Sinistcha|85/100|[from] item: Leftovers\n|upkeep\n|turn|5\n|\n|t:|1776720058\n|switch|p2a: Incineroar|Incineroar, L50, M|100/100\n|-ability|p2a: Incineroar|Intimidate|boost\n|-unboost|p1a: Sinistcha|atk|1\n|-unboost|p1b: Talonflame|atk|1\n|move|p1b: Talonflame|Protect|p1b: Talonflame\n|-singleturn|p1b: Talonflame|Protect\n|move|p2b: Farigiraf|Psychic|p1a: Sinistcha\n|-damage|p1a: Sinistcha|29/100\n|move|p1a: Sinistcha|Matcha Gotcha|p2b: Farigiraf|[spread] p2b\n|-miss|p1a: Sinistcha|p2a: Incineroar\n|-damage|p2b: Farigiraf|24/100\n|-heal|p1a: Sinistcha|46/100|[from] drain|[of] p2b: Farigiraf\n|\n|-heal|p1a: Sinistcha|52/100|[from] item: Leftovers\n|-fieldend|move: Trick Room\n|upkeep\n|turn|6\n|\n|t:|1776720098\n|move|p2a: Incineroar|Fake Out|p1b: Talonflame\n|-crit|p1b: Talonflame\n|-damage|p1b: Talonflame|19/100\n|cant|p1b: Talonflame|flinch\n|move|p1a: Sinistcha|Matcha Gotcha|p2a: Incineroar|[spread] p2a,p2b\n|-resisted|p2a: Incineroar|1\n|-damage|p2a: Incineroar|89/100\n|-heal|p1a: Sinistcha|59/100|[from] drain|[of] p2a: Incineroar\n|-damage|p2b: Farigiraf|0 fnt\n|-heal|p1a: Sinistcha|74/100|[from] drain|[of] p2b: Farigiraf\n|faint|p2b: Farigiraf\n|\n|-heal|p1a: Sinistcha|80/100|[from] item: Leftovers\n|upkeep\n|\n|t:|1776720123\n|switch|p2b: Torkoal|Torkoal, L50, M, shiny|100/100\n|-weather|SunnyDay|[from] ability: Drought|[of] p2b: Torkoal\n|turn|7\n|\n|t:|1776720139\n|switch|p1a: Blastoise|Blastoise-Mega, L50, F|77/100\n|move|p1b: Talonflame|Rain Dance|p1b: Talonflame\n|-weather|RainDance\n|move|p2a: Incineroar|Darkest Lariat|p1b: Talonflame\n|-damage|p1b: Talonflame|0 fnt\n|faint|p1b: Talonflame\n|move|p2b: Torkoal|Weather Ball|p1a: Blastoise\n|-resisted|p1a: Blastoise|1\n|-damage|p1a: Blastoise|57/100\n|\n|-weather|RainDance|[upkeep]\n|upkeep\n|\n|t:|1776720149\n|switch|p1b: Sinistcha|Sinistcha, L50|80/100\n|-heal|p1a: Blastoise|82/100|[from] ability: Hospitality|[of] p1b: Sinistcha\n|turn|8\n|\n|t:|1776720167\n|switch|p2a: Venusaur|Venusaur-Mega, L50, F, shiny|89/100\n|move|p2b: Torkoal|Protect|p2b: Torkoal\n|-singleturn|p2b: Torkoal|Protect\n|move|p1b: Sinistcha|Rage Powder|p1b: Sinistcha\n|-singleturn|p1b: Sinistcha|move: Rage Powder\n|move|p1a: Blastoise|Shell Smash|p1a: Blastoise\n|-unboost|p1a: Blastoise|def|1\n|-unboost|p1a: Blastoise|spd|1\n|-boost|p1a: Blastoise|atk|2\n|-boost|p1a: Blastoise|spa|2\n|-boost|p1a: Blastoise|spe|2\n|\n|-weather|RainDance|[upkeep]\n|-heal|p1b: Sinistcha|86/100|[from] item: Leftovers\n|upkeep\n|turn|9\n|\n|t:|1776720199\n|switch|p1b: Maushold|Maushold, L50|82/100\n|move|p1a: Blastoise|Ice Beam|p2a: Venusaur\n|-supereffective|p2a: Venusaur|1\n|-damage|p2a: Venusaur|39/100\n|move|p2a: Venusaur|Sludge Bomb|p1a: Blastoise\n|-damage|p1a: Blastoise|31/100\n|move|p2b: Torkoal|Eruption|p1a: Blastoise|[spread] p1a,p1b\n|-resisted|p1a: Blastoise|1\n|-damage|p1a: Blastoise|15/100\n|-damage|p1b: Maushold|49/100\n|\n|-weather|RainDance|[upkeep]\n|upkeep\n|turn|10\n|\n|t:|1776720270\n|switch|p1b: Sinistcha|Sinistcha, L50|86/100\n|-heal|p1a: Blastoise|40/100|[from] ability: Hospitality|[of] p1b: Sinistcha\n|move|p2a: Venusaur|Protect|p2a: Venusaur\n|-singleturn|p2a: Venusaur|Protect\n|move|p1a: Blastoise|Ice Beam|p2a: Venusaur\n|-activate|p2a: Venusaur|move: Protect\n|move|p2b: Torkoal|Weather Ball|p1b: Sinistcha\n|-resisted|p1b: Sinistcha|1\n|-damage|p1b: Sinistcha|64/100\n|\n|-weather|RainDance|[upkeep]\n|-heal|p1b: Sinistcha|71/100|[from] item: Leftovers\n|upkeep\n|turn|11\n|\n|t:|1776720286\n|switch|p2a: Incineroar|Incineroar, L50, M|89/100\n|-ability|p2a: Incineroar|Intimidate|boost\n|-unboost|p1a: Blastoise|atk|1\n|-unboost|p1b: Sinistcha|atk|1\n|switch|p1b: Maushold|Maushold, L50|49/100\n|move|p1a: Blastoise|Ice Beam|p2a: Incineroar\n|-resisted|p2a: Incineroar|1\n|-damage|p2a: Incineroar|55/100\n|move|p2b: Torkoal|Eruption|p1a: Blastoise|[spread] p1a,p1b\n|-resisted|p1a: Blastoise|1\n|-damage|p1a: Blastoise|23/100\n|-damage|p1b: Maushold|16/100\n|\n|-weather|none\n|upkeep\n|turn|12\n|\n|t:|1776720304\n|move|p1a: Blastoise|Protect|p1a: Blastoise\n|-singleturn|p1a: Blastoise|Protect\n|move|p1b: Maushold|Protect|p1b: Maushold\n|-singleturn|p1b: Maushold|Protect\n|move|p2a: Incineroar|Fake Out|p1a: Blastoise\n|-activate|p1a: Blastoise|move: Protect\n|move|p2b: Torkoal|Eruption|p1a: Blastoise|[spread] \n|-activate|p1a: Blastoise|move: Protect\n|-activate|p1b: Maushold|move: Protect\n|\n|upkeep\n|turn|13\n|\n|t:|1776720319\n|switch|p1b: Sinistcha|Sinistcha, L50|71/100\n|-heal|p1a: Blastoise|48/100|[from] ability: Hospitality|[of] p1b: Sinistcha\n|switch|p2b: Venusaur|Venusaur-Mega, L50, F, shiny|39/100\n|move|p1a: Blastoise|Water Spout|p2b: Venusaur|[spread] p2a,p2b\n|-supereffective|p2a: Incineroar|1\n|-resisted|p2b: Venusaur|1\n|-damage|p2a: Incineroar|0 fnt\n|-damage|p2b: Venusaur|14/100\n|faint|p2a: Incineroar\n|\n|-heal|p1b: Sinistcha|77/100|[from] item: Leftovers\n|upkeep\n|\n|t:|1776720322\n|switch|p2a: Torkoal|Torkoal, L50, M, shiny|100/100\n|-weather|SunnyDay|[from] ability: Drought|[of] p2a: Torkoal\n|turn|14\n|\n|t:|1776720351\n|switch|p1b: Maushold|Maushold, L50|16/100\n|move|p1a: Blastoise|Protect|p1a: Blastoise\n|-singleturn|p1a: Blastoise|Protect\n|move|p2b: Venusaur|Giga Drain|p1b: Maushold\n|-damage|p1b: Maushold|0 fnt\n|-heal|p2b: Venusaur|22/100|[from] drain|[of] p1b: Maushold\n|faint|p1b: Maushold\n|move|p2a: Torkoal|Solar Beam||[still]\n|-prepare|p2a: Torkoal|Solar Beam\n|-anim|p2a: Torkoal|Solar Beam|p1a: Blastoise\n|-activate|p1a: Blastoise|move: Protect\n|\n|-weather|SunnyDay|[upkeep]\n|upkeep\n|\n|t:|1776720361\n|switch|p1b: Sinistcha|Sinistcha, L50|77/100\n|-heal|p1a: Blastoise|73/100|[from] ability: Hospitality|[of] p1b: Sinistcha\n|turn|15\n|\n|t:|1776720379\n|move|p1b: Sinistcha|Rage Powder|p1b: Sinistcha\n|-singleturn|p1b: Sinistcha|move: Rage Powder\n|move|p1a: Blastoise|Water Spout|p2b: Venusaur|[spread] p2a,p2b\n|-supereffective|p2a: Torkoal|1\n|-resisted|p2b: Venusaur|1\n|-damage|p2a: Torkoal|0 fnt\n|-damage|p2b: Venusaur|4/100\n|faint|p2a: Torkoal\n|move|p2b: Venusaur|Giga Drain|p1a: Blastoise\n|-supereffective|p1a: Blastoise|1\n|-damage|p1a: Blastoise|0 fnt\n|-heal|p2b: Venusaur|37/100|[from] drain|[of] p1a: Blastoise\n|faint|p1a: Blastoise\n|\n|-weather|SunnyDay|[upkeep]\n|-heal|p1b: Sinistcha|83/100|[from] item: Leftovers\n|upkeep\n|turn|16\n|\n|t:|1776720388\n|move|p2b: Venusaur|Sludge Bomb|p1b: Sinistcha\n|-damage|p1b: Sinistcha|34/100\n|move|p1b: Sinistcha|Matcha Gotcha|p2b: Venusaur|[miss]\n|-miss|p1b: Sinistcha|p2b: Venusaur\n|\n|-weather|SunnyDay|[upkeep]\n|-heal|p1b: Sinistcha|40/100|[from] item: Leftovers\n|upkeep\n|turn|17\n|\n|t:|1776720391\n|move|p2b: Venusaur|Sludge Bomb|p1b: Sinistcha\n|-damage|p1b: Sinistcha|0 fnt\n|faint|p1b: Sinistcha\n|\n|win|Arcato\n|raw|Isloe's rating: 1190 &rarr; <strong>1158</strong><br />(-32 for losing)\n|raw|Arcato's rating: 1092 &rarr; <strong>1125</strong><br />(+33 for winning)\n|l|\u2606Isloe\n|player|p1|\n|c|\u2606Arcato|Gg\n",
  "uploadtime": 1776720404,
  "views": 4,
  "formatid": "gen9championsvgc2026regma",
  "rating": 1125,
  "private": 0,
  "password": null
}