{
  "id": "gen9championsvgc2026regma-2588715475",
  "format": "[Gen 9 Champions] VGC 2026 Reg M-A",
  "players": [
    "Gideon.prager20",
    "disciple of blahaj"
  ],
  "log": "|j|\u2606Gideon.prager20\n|j|\u2606disciple of blahaj\n|t:|1776661184\n|gametype|doubles\n|player|p1|Gideon.prager20|170|1330\n|player|p2|disciple of blahaj|jacinthe|1413\n|gen|9\n|tier|[Gen 9 Champions] VGC 2026 Reg M-A\n|rated|\n|rule|Species Clause: Limit one of each Pok\u00e9mon\n|rule|Item Clause: Limit 1 of each item\n|clearpoke\n|poke|p1|Dragonite, L50, F|\n|poke|p1|Espathra, L50, M|\n|poke|p1|Incineroar, L50, M|\n|poke|p1|Milotic, L50, F|\n|poke|p1|Sneasler, L50, M|\n|poke|p1|Venusaur, L50, M|\n|poke|p2|Golurk, L50|\n|poke|p2|Oranguru, L50, M|\n|poke|p2|Hatterene, L50, F|\n|poke|p2|Meowstic, L50, M|\n|poke|p2|Torkoal, L50, M|\n|poke|p2|Aggron, L50, F|\n|teampreview|4\n|inactive|Battle timer is ON: inactive players will automatically lose when time's up. (requested by disciple of blahaj)\n|\n|t:|1776661220\n|teamsize|p1|4\n|teamsize|p2|4\n|start\n|switch|p1a: Espathra|Espathra, L50, M|100/100\n|switch|p1b: Milotic|Milotic, L50, F|100/100\n|switch|p2a: Oranguru|Oranguru, L50, M|100/100\n|switch|p2b: Torkoal|Torkoal, L50, M|100/100\n|-weather|SunnyDay|[from] ability: Drought|[of] p2b: Torkoal\n|turn|1\n|\n|t:|1776661236\n|switch|p1a: Dragonite|Dragonite, L50, F|100/100\n|move|p1b: Milotic|Scald|p2b: Torkoal\n|-supereffective|p2b: Torkoal|1\n|-damage|p2b: Torkoal|56/100\n|move|p2b: Torkoal|Eruption|p1b: Milotic|[spread] p1a,p1b\n|-resisted|p1a: Dragonite|1\n|-resisted|p1b: Milotic|1\n|-damage|p1a: Dragonite|88/100\n|-damage|p1b: Milotic|83/100\n|move|p2a: Oranguru|Trick Room|p2a: Oranguru\n|-fieldstart|move: Trick Room|[of] p2a: Oranguru\n|\n|-weather|SunnyDay|[upkeep]\n|-heal|p1b: Milotic|89/100|[from] item: Leftovers\n|upkeep\n|turn|2\n|\n|t:|1776661252\n|detailschange|p1a: Dragonite|Dragonite-Mega, L50, F\n|-mega|p1a: Dragonite|Dragonite|Dragoninite\n|move|p2b: Torkoal|Solar Beam||[still]\n|-prepare|p2b: Torkoal|Solar Beam\n|-anim|p2b: Torkoal|Solar Beam|p1b: Milotic\n|-supereffective|p1b: Milotic|1\n|-damage|p1b: Milotic|46/100\n|move|p2a: Oranguru|Instruct||[still]\n|-fail|p2a: Oranguru\n|move|p1b: Milotic|Scald|p2b: Torkoal\n|-supereffective|p2b: Torkoal|1\n|-damage|p2b: Torkoal|9/100\n|move|p1a: Dragonite|Dragon Pulse|p2b: Torkoal\n|-damage|p2b: Torkoal|0 fnt\n|faint|p2b: Torkoal\n|\n|-weather|SunnyDay|[upkeep]\n|-heal|p1b: Milotic|52/100|[from] item: Leftovers\n|upkeep\n|\n|t:|1776661269\n|switch|p2b: Hatterene|Hatterene, L50, F|100/100\n|turn|3\n|inactive|Gideon.prager20 has 30 seconds left.\n|\n|t:|1776661301\n|move|p2b: Hatterene|Dazzling Gleam|p1b: Milotic|[spread] p1a,p1b\n|-supereffective|p1a: Dragonite|1\n|-damage|p1a: Dragonite|18/100\n|-damage|p1b: Milotic|29/100\n|move|p2a: Oranguru|Instruct|p2b: Hatterene\n|-singleturn|p2b: Hatterene|move: Instruct|[of] p2a: Oranguru\n|move|p2b: Hatterene|Dazzling Gleam|p1b: Milotic|[spread] p1a,p1b\n|-supereffective|p1a: Dragonite|1\n|-damage|p1a: Dragonite|0 fnt\n|-damage|p1b: Milotic|8/100\n|faint|p1a: Dragonite\n|move|p1b: Milotic|Scald|p2b: Hatterene\n|-damage|p2b: Hatterene|82/100\n|\n|-weather|SunnyDay|[upkeep]\n|-heal|p1b: Milotic|13/100|[from] item: Leftovers\n|upkeep\n|\n|t:|1776661309\n|switch|p1a: Sneasler|Sneasler, L50, M|100/100\n|turn|4\n|\n|t:|1776661331\n|move|p1a: Sneasler|Protect|p1a: Sneasler\n|-singleturn|p1a: Sneasler|Protect\n|move|p2b: Hatterene|Dazzling Gleam|p1b: Milotic|[spread] p1b\n|-activate|p1a: Sneasler|move: Protect\n|-damage|p1b: Milotic|0 fnt\n|faint|p1b: Milotic\n|move|p2a: Oranguru|Psychic|p1a: Sneasler\n|-activate|p1a: Sneasler|move: Protect\n|\n|-weather|SunnyDay|[upkeep]\n|upkeep\n|\n|t:|1776661336\n|switch|p1b: Espathra|Espathra, L50, M|100/100\n|turn|5\n|\n|t:|1776661344\n|move|p1b: Espathra|Protect|p1b: Espathra\n|-singleturn|p1b: Espathra|Protect\n|move|p2b: Hatterene|Mystical Fire|p1b: Espathra\n|-activate|p1b: Espathra|move: Protect\n|move|p2a: Oranguru|Psychic|p1a: Sneasler\n|-supereffective|p1a: Sneasler|2\n|-crit|p1a: Sneasler\n|-damage|p1a: Sneasler|0 fnt\n|faint|p1a: Sneasler\n|\n|-weather|none\n|-fieldend|move: Trick Room\n|-ability|p1b: Espathra|Speed Boost|boost\n|-boost|p1b: Espathra|spe|1\n|upkeep\n|turn|6\n|-message|Gideon.prager20 forfeited.\n|\n|win|disciple of blahaj\n|raw|Gideon.prager20's rating: 1330 &rarr; <strong>1315</strong><br />(-15 for losing)\n|raw|disciple of blahaj's rating: 1413 &rarr; <strong>1428</strong><br />(+15 for winning)\n|l|\u2606Gideon.prager20\n|player|p1|\n",
  "uploadtime": 1776661358,
  "views": 5,
  "formatid": "gen9championsvgc2026regma",
  "rating": 1315,
  "private": 0,
  "password": null
}