{
  "id": "gen9championsvgc2026regma-2587718782",
  "format": "[Gen 9 Champions] VGC 2026 Reg M-A",
  "players": [
    "Jbucci",
    "radioiamp"
  ],
  "log": "|j|\u2606Jbucci\n|j|\u2606radioiamp\n|t:|1776557060\n|gametype|doubles\n|player|p1|Jbucci|101|1305\n|player|p2|radioiamp|170|1356\n|gen|9\n|tier|[Gen 9 Champions] VGC 2026 Reg M-A\n|rated|\n|rule|Species Clause: Limit one of each Pok\u00e9mon\n|rule|Item Clause: Limit 1 of each item\n|clearpoke\n|poke|p1|Meganium, L50, M|\n|poke|p1|Pelipper, L50, M|\n|poke|p1|Basculegion, L50, M|\n|poke|p1|Archaludon, L50, M|\n|poke|p1|Sneasler, L50, M|\n|poke|p1|Klefki, L50, M|\n|poke|p2|Golurk, L50|\n|poke|p2|Sneasler, L50, F|\n|poke|p2|Venusaur, L50, M|\n|poke|p2|Torkoal, L50, F|\n|poke|p2|Farigiraf, L50, M|\n|poke|p2|Kleavor, L50, M|\n|teampreview|4\n|\n|t:|1776557088\n|teamsize|p1|4\n|teamsize|p2|4\n|start\n|switch|p1a: Klefki|Klefki, L50, M|100/100\n|switch|p1b: Basculegion|Basculegion, L50, M|100/100\n|switch|p2a: Venusaur|Venusaur, L50, M|100/100\n|switch|p2b: Farigiraf|Farigiraf, L50, M|100/100\n|turn|1\n|\n|t:|1776557122\n|move|p2b: Farigiraf|Protect|p2b: Farigiraf\n|-singleturn|p2b: Farigiraf|Protect\n|move|p1b: Basculegion|Wave Crash|p2b: Farigiraf\n|-activate|p2b: Farigiraf|move: Protect\n|move|p2a: Venusaur|Sleep Powder|p1b: Basculegion\n|-status|p1b: Basculegion|slp|[from] move: Sleep Powder\n|move|p1a: Klefki|Foul Play|p2b: Farigiraf\n|-activate|p2b: Farigiraf|move: Protect\n|\n|upkeep\n|turn|2\n|\n|t:|1776557140\n|detailschange|p2a: Venusaur|Venusaur-Mega, L50, M\n|-mega|p2a: Venusaur|Venusaur|Venusaurite\n|cant|p1b: Basculegion|slp\n|move|p2a: Venusaur|Giga Drain|p1b: Basculegion\n|-supereffective|p1b: Basculegion|1\n|-damage|p1b: Basculegion|10/100 slp\n|move|p1a: Klefki|Foul Play|p2b: Farigiraf\n|-supereffective|p2b: Farigiraf|1\n|-damage|p2b: Farigiraf|65/100\n|move|p2b: Farigiraf|Psychic|p1b: Basculegion\n|-damage|p1b: Basculegion|0 fnt\n|faint|p1b: Basculegion\n|\n|upkeep\n|\n|t:|1776557156\n|switch|p1b: Pelipper|Pelipper, L50, M|100/100\n|-weather|RainDance|[from] ability: Drizzle|[of] p1b: Pelipper\n|turn|3\n|\n|t:|1776557168\n|switch|p2a: Torkoal|Torkoal, L50, F|100/100\n|-weather|SunnyDay|[from] ability: Drought|[of] p2a: Torkoal\n|move|p1b: Pelipper|Hurricane|p2a: Torkoal\n|-damage|p2a: Torkoal|37/100\n|-start|p2a: Torkoal|confusion\n|move|p1a: Klefki|Trick Room|p1a: Klefki\n|-fieldstart|move: Trick Room|[of] p1a: Klefki\n|move|p2b: Farigiraf|Trick Room|p2b: Farigiraf\n|-fieldend|move: Trick Room\n|\n|-weather|SunnyDay|[upkeep]\n|upkeep\n|turn|4\n|\n|t:|1776557191\n|move|p1a: Klefki|Rain Dance|p1a: Klefki\n|-weather|RainDance\n|move|p1b: Pelipper|Weather Ball|p2b: Farigiraf\n|-damage|p2b: Farigiraf|1/100\n|-enditem|p2b: Farigiraf|Sitrus Berry|[eat]\n|-heal|p2b: Farigiraf|26/100|[from] item: Sitrus Berry\n|move|p2b: Farigiraf|Psychic|p1b: Pelipper\n|-damage|p1b: Pelipper|35/100\n|-activate|p2a: Torkoal|confusion\n|-damage|p2a: Torkoal|31/100|[from] confusion\n|\n|-weather|RainDance|[upkeep]\n|upkeep\n|turn|5\n|\n|t:|1776557214\n|move|p2b: Farigiraf|Protect|p2b: Farigiraf\n|-singleturn|p2b: Farigiraf|Protect\n|move|p1b: Pelipper|Tailwind|p1b: Pelipper\n|-sidestart|p1: Jbucci|move: Tailwind\n|move|p1a: Klefki|Foul Play|p2b: Farigiraf\n|-activate|p2b: Farigiraf|move: Protect\n|-activate|p2a: Torkoal|confusion\n|-damage|p2a: Torkoal|24/100|[from] confusion\n|\n|-weather|RainDance|[upkeep]\n|upkeep\n|turn|6\n|\n|t:|1776557241\n|move|p1b: Pelipper|Weather Ball|p2b: Farigiraf\n|-damage|p2b: Farigiraf|0 fnt\n|faint|p2b: Farigiraf\n|move|p1a: Klefki|Foul Play|p2a: Torkoal\n|-damage|p2a: Torkoal|8/100\n|-activate|p2a: Torkoal|confusion\n|-damage|p2a: Torkoal|2/100|[from] confusion\n|\n|-weather|RainDance|[upkeep]\n|upkeep\n|\n|t:|1776557255\n|switch|p2b: Golurk|Golurk, L50|100/100\n|turn|7\n|\n|t:|1776557264\n|switch|p2a: Venusaur|Venusaur-Mega, L50, M|100/100\n|move|p2b: Golurk|Protect|p2b: Golurk\n|-singleturn|p2b: Golurk|Protect\n|move|p1b: Pelipper|Weather Ball|p2b: Golurk\n|-activate|p2b: Golurk|move: Protect\n|move|p1a: Klefki|Foul Play|p2b: Golurk\n|-activate|p2b: Golurk|move: Protect\n|\n|-weather|RainDance|[upkeep]\n|upkeep\n|turn|8\n|\n|t:|1776557280\n|switch|p2a: Torkoal|Torkoal, L50, F|2/100\n|-weather|SunnyDay|[from] ability: Drought|[of] p2a: Torkoal\n|move|p1b: Pelipper|Weather Ball|p2b: Golurk\n|-damage|p2b: Golurk|47/100\n|move|p1a: Klefki|Foul Play|p2b: Golurk\n|-supereffective|p2b: Golurk|1\n|-damage|p2b: Golurk|0 fnt\n|faint|p2b: Golurk\n|\n|-weather|SunnyDay|[upkeep]\n|-sideend|p1: Jbucci|move: Tailwind\n|upkeep\n|\n|t:|1776557291\n|switch|p2b: Venusaur|Venusaur-Mega, L50, M|100/100\n|turn|9\n|\n|t:|1776557308\n|move|p1b: Pelipper|Protect|p1b: Pelipper\n|-singleturn|p1b: Pelipper|Protect\n|move|p1a: Klefki|Rain Dance|p1a: Klefki\n|-weather|RainDance\n|move|p2b: Venusaur|Giga Drain|p1b: Pelipper\n|-activate|p1b: Pelipper|move: Protect\n|move|p2a: Torkoal|Weather Ball|p1a: Klefki\n|-damage|p1a: Klefki|63/100\n|\n|-weather|RainDance|[upkeep]\n|upkeep\n|turn|10\n|\n|t:|1776557335\n|move|p2a: Torkoal|Protect|p2a: Torkoal\n|-singleturn|p2a: Torkoal|Protect\n|move|p1b: Pelipper|Hurricane|p2b: Venusaur\n|-supereffective|p2b: Venusaur|1\n|-damage|p2b: Venusaur|8/100\n|-start|p2b: Venusaur|confusion\n|-activate|p2b: Venusaur|confusion\n|-damage|p2b: Venusaur|0 fnt|[from] confusion\n|faint|p2b: Venusaur\n|move|p1a: Klefki|Foul Play|p2a: Torkoal\n|-activate|p2a: Torkoal|move: Protect\n|\n|-weather|RainDance|[upkeep]\n|upkeep\n|turn|11\n|-message|radioiamp forfeited.\n|\n|win|Jbucci\n|raw|Jbucci's rating: 1305 &rarr; <strong>1328</strong><br />(+23 for winning)\n|raw|radioiamp's rating: 1356 &rarr; <strong>1333</strong><br />(-23 for losing)\n|l|\u2606radioiamp\n|player|p2|\n",
  "uploadtime": 1776557364,
  "views": 18,
  "formatid": "gen9championsvgc2026regma",
  "rating": 1328,
  "private": 0,
  "password": null
}