{
  "id": "gen9championsvgc2026regma-2588781025",
  "format": "[Gen 9 Champions] VGC 2026 Reg M-A",
  "players": [
    "MurdurusIntend",
    "kirbo5500"
  ],
  "log": "|j|\u2606MurdurusIntend\n|j|\u2606kirbo5500\n|t:|1776669952\n|gametype|doubles\n|player|p1|MurdurusIntend|170|1127\n|player|p2|kirbo5500|265|1133\n|gen|9\n|tier|[Gen 9 Champions] VGC 2026 Reg M-A\n|rated|\n|rule|Species Clause: Limit one of each Pok\u00e9mon\n|rule|Item Clause: Limit 1 of each item\n|clearpoke\n|poke|p1|Farigiraf, L50, F|\n|poke|p1|Meganium, L50, F|\n|poke|p1|Golurk, L50|\n|poke|p1|Aromatisse, L50, F|\n|poke|p1|Goodra-Hisui, L50, F|\n|poke|p1|Politoed, L50, F|\n|poke|p2|Meganium, L50, F|\n|poke|p2|Primarina, L50, F|\n|poke|p2|Incineroar, L50, M|\n|poke|p2|Garchomp, L50, M|\n|poke|p2|Talonflame, L50, M|\n|poke|p2|Lucario, L50, M|\n|teampreview|4\n|\n|t:|1776669991\n|teamsize|p1|4\n|teamsize|p2|4\n|start\n|switch|p1a: Goodra|Goodra-Hisui, L50, F|100/100\n|switch|p1b: Aromatisse|Aromatisse, L50, F|100/100\n|switch|p2a: Shorky|Garchomp, L50, M|100/100\n|switch|p2b: Primarina|Primarina, L50, F|100/100\n|turn|1\n|\n|t:|1776670023\n|move|p2a: Shorky|Stealth Rock|p1a: Goodra\n|-sidestart|p1: MurdurusIntend|move: Stealth Rock\n|move|p2b: Primarina|Dazzling Gleam|p1a: Goodra|[spread] p1a\n|-miss|p2b: Primarina|p1b: Aromatisse\n|-damage|p1a: Goodra|76/100\n|move|p1a: Goodra|Heavy Slam|p2b: Primarina\n|-damage|p2b: Primarina|50/100\n|move|p1b: Aromatisse|Light Screen|p1b: Aromatisse\n|-sidestart|p1: MurdurusIntend|move: Light Screen\n|\n|-heal|p1a: Goodra|82/100|[from] item: Leftovers\n|upkeep\n|turn|2\n|\n|t:|1776670037\n|move|p2b: Primarina|Protect|p2b: Primarina\n|-singleturn|p2b: Primarina|Protect\n|move|p2a: Shorky|Earthquake|p1b: Aromatisse|[spread] p1a,p1b\n|-activate|p2b: Primarina|move: Protect\n|-supereffective|p1a: Goodra|1\n|-damage|p1a: Goodra|17/100\n|-damage|p1b: Aromatisse|63/100\n|move|p1a: Goodra|Shelter|p1a: Goodra\n|-boost|p1a: Goodra|def|2\n|move|p1b: Aromatisse|Trick Room|p1b: Aromatisse\n|-fieldstart|move: Trick Room|[of] p1b: Aromatisse\n|\n|-heal|p1a: Goodra|22/100|[from] item: Leftovers\n|upkeep\n|turn|3\n|\n|t:|1776670058\n|move|p1b: Aromatisse|Protect|p1b: Aromatisse\n|-singleturn|p1b: Aromatisse|Protect\n|move|p2a: Shorky|Protect|p2a: Shorky\n|-singleturn|p2a: Shorky|Protect\n|move|p1a: Goodra|Draco Meteor|p2a: Shorky\n|-activate|p2a: Shorky|move: Protect\n|move|p2b: Primarina|Dazzling Gleam|p1a: Goodra|[spread] p1a\n|-activate|p1b: Aromatisse|move: Protect\n|-damage|p1a: Goodra|7/100\n|\n|-heal|p1a: Goodra|13/100|[from] item: Leftovers\n|upkeep\n|turn|4\n|\n|t:|1776670079\n|move|p2b: Primarina|Protect|p2b: Primarina\n|-singleturn|p2b: Primarina|Protect\n|move|p1b: Aromatisse|Ally Switch|p1b: Aromatisse\n|swap|p1b: Aromatisse|0|[from] move: Ally Switch\n|move|p1b: Goodra|Draco Meteor|p2a: Shorky\n|-supereffective|p2a: Shorky|1\n|-damage|p2a: Shorky|0 fnt\n|-unboost|p1b: Goodra|spa|2\n|faint|p2a: Shorky\n|\n|-heal|p1b: Goodra|19/100|[from] item: Leftovers\n|upkeep\n|\n|t:|1776670088\n|switch|p2a: Incineroar|Incineroar, L50, M|100/100\n|-ability|p2a: Incineroar|Intimidate|boost\n|-unboost|p1a: Aromatisse|atk|1\n|-unboost|p1b: Goodra|atk|1\n|turn|5\n|\n|t:|1776670108\n|switch|p1a: Farigiraf|Farigiraf, L50, F|100/100\n|-damage|p1a: Farigiraf|88/100|[from] Stealth Rock\n|move|p2a: Incineroar|Fake Out||[still]\n|cant|p1a: Farigiraf|ability: Armor Tail|Fake Out|[of] p2a: Incineroar\n|move|p1b: Goodra|Body Press|p2a: Incineroar\n|-supereffective|p2a: Incineroar|1\n|-damage|p2a: Incineroar|8/100\n|-enditem|p2a: Incineroar|Sitrus Berry|[eat]\n|-heal|p2a: Incineroar|33/100|[from] item: Sitrus Berry\n|move|p2b: Primarina|Dazzling Gleam|p1b: Goodra|[spread] p1a,p1b\n|-damage|p1a: Farigiraf|67/100\n|-damage|p1b: Goodra|4/100\n|\n|-heal|p1b: Goodra|10/100|[from] item: Leftovers\n|-sideend|p1: MurdurusIntend|move: Light Screen\n|upkeep\n|turn|6\n|\n|t:|1776670133\n|move|p2b: Primarina|Dazzling Gleam|p1b: Goodra|[spread] p1a,p1b\n|-damage|p1a: Farigiraf|34/100\n|-damage|p1b: Goodra|0 fnt\n|faint|p1b: Goodra\n|move|p1a: Farigiraf|Hyper Voice|p2b: Primarina|[spread] p2a,p2b\n|-damage|p2a: Incineroar|0 fnt\n|-damage|p2b: Primarina|20/100\n|faint|p2a: Incineroar\n|\n|-fieldend|move: Trick Room\n|upkeep\n|\n|t:|1776670145\n|switch|p2a: Meganium|Meganium, L50, F|100/100\n|switch|p1b: Golurk|Golurk, L50|100/100\n|-damage|p1b: Golurk|94/100|[from] Stealth Rock\n|turn|7\n|\n|t:|1776670161\n|detailschange|p2a: Meganium|Meganium-Mega, L50, F\n|-mega|p2a: Meganium|Meganium|Meganiumite\n|move|p1b: Golurk|Protect|p1b: Golurk\n|-singleturn|p1b: Golurk|Protect\n|move|p2a: Meganium|Solar Beam||[still]\n|-prepare|p2a: Meganium|Solar Beam\n|-activate|p2a: Meganium|ability: Mega Sol\n|-anim|p2a: Meganium|Solar Beam|p1b: Golurk\n|-activate|p1b: Golurk|move: Protect\n|move|p2b: Primarina|Hyper Voice|p1a: Farigiraf|[spread] p1a\n|-activate|p1b: Golurk|move: Protect\n|-damage|p1a: Farigiraf|0 fnt\n|faint|p1a: Farigiraf\n|\n|upkeep\n|\n|t:|1776670174\n|switch|p1a: Aromatisse|Aromatisse, L50, F|63/100\n|-damage|p1a: Aromatisse|50/100|[from] Stealth Rock\n|turn|8\n|\n|t:|1776670187\n|detailschange|p1b: Golurk|Golurk-Mega, L50\n|-mega|p1b: Golurk|Golurk|Golurkite\n|move|p1a: Aromatisse|Ally Switch|p1a: Aromatisse\n|swap|p1a: Aromatisse|1|[from] move: Ally Switch\n|move|p2a: Meganium|Solar Beam||[still]\n|-prepare|p2a: Meganium|Solar Beam\n|-activate|p2a: Meganium|ability: Mega Sol\n|-anim|p2a: Meganium|Solar Beam|p1a: Golurk\n|-supereffective|p1a: Golurk|1\n|-damage|p1a: Golurk|0 fnt\n|faint|p1a: Golurk\n|move|p2b: Primarina|Hyper Voice|p1b: Aromatisse\n|-crit|p1b: Aromatisse\n|-damage|p1b: Aromatisse|0 fnt\n|faint|p1b: Aromatisse\n|\n|win|kirbo5500\n|raw|MurdurusIntend's rating: 1127 &rarr; <strong>1102</strong><br />(-25 for losing)\n|raw|kirbo5500's rating: 1133 &rarr; <strong>1158</strong><br />(+25 for winning)\n|l|\u2606MurdurusIntend\n|player|p1|\n",
  "uploadtime": 1776670199,
  "views": 10,
  "formatid": "gen9championsvgc2026regma",
  "rating": 1102,
  "private": 0,
  "password": null
}