{
  "id": "gen9championsvgc2026regma-2588467066",
  "format": "[Gen 9 Champions] VGC 2026 Reg M-A",
  "players": [
    "malamarie",
    "Dr Gaster PHD"
  ],
  "log": "|j|\u2606malamarie\n|j|\u2606Dr Gaster PHD\n|t:|1776636087\n|gametype|doubles\n|player|p1|malamarie|dahlia|1269\n|player|p2|Dr Gaster PHD|ghetsis|1331\n|gen|9\n|tier|[Gen 9 Champions] VGC 2026 Reg M-A\n|rated|\n|rule|Species Clause: Limit one of each Pok\u00e9mon\n|rule|Item Clause: Limit 1 of each item\n|clearpoke\n|poke|p1|Tinkaton, L50, F|\n|poke|p1|Basculegion, L50, M|\n|poke|p1|Dragonite, L50, M|\n|poke|p1|Froslass, L50, F|\n|poke|p1|Sneasler, L50, F|\n|poke|p1|Incineroar, L50, M|\n|poke|p2|Pelipper, L50, F|\n|poke|p2|Basculegion, L50, M, shiny|\n|poke|p2|Archaludon, L50, F, shiny|\n|poke|p2|Sinistcha-Masterpiece, L50|\n|poke|p2|Meganium, L50, F|\n|poke|p2|Victreebel, L50, F|\n|teampreview|4\n|inactive|Battle timer is ON: inactive players will automatically lose when time's up. (requested by malamarie)\n|inactive|malamarie has 60 seconds left.\n|\n|t:|1776636125\n|teamsize|p1|4\n|teamsize|p2|4\n|start\n|switch|p1a: Tinkaton|Tinkaton, L50, F|100/100\n|switch|p1b: Froslass|Froslass, L50, F|100/100\n|switch|p2a: Purple Rain|Basculegion, L50, M, shiny|100/100\n|switch|p2b: Bridget|Archaludon, L50, F, shiny|100/100\n|turn|1\n|\n|t:|1776636146\n|move|p1b: Froslass|Protect|p1b: Froslass\n|-singleturn|p1b: Froslass|Protect\n|move|p2a: Purple Rain|Flip Turn|p1b: Froslass\n|-activate|p1b: Froslass|move: Protect\n|move|p1a: Tinkaton|Thunder Wave|p2b: Bridget|[miss]\n|-miss|p1a: Tinkaton|p2b: Bridget\n|move|p2b: Bridget|Electro Shot||[still]\n|-prepare|p2b: Bridget|Electro Shot\n|-boost|p2b: Bridget|spa|1\n|\n|upkeep\n|turn|2\n|inactive|malamarie has 30 seconds left.\n|\n|t:|1776636181\n|move|p1b: Froslass|Protect||[still]\n|-fail|p1b: Froslass\n|move|p2a: Purple Rain|Flip Turn|p1b: Froslass\n|-damage|p1b: Froslass|38/100\n|-start|p2a: Purple Rain|Disable|Flip Turn|[from] ability: Cursed Body|[of] p1b: Froslass\n|\n|t:|1776636187\n|switch|p2a: Sky Toilet|Pelipper, L50, F|100/100|[from] Flip Turn\n|-weather|RainDance|[from] ability: Drizzle|[of] p2a: Sky Toilet\n|move|p1a: Tinkaton|Thunder Wave|p2b: Bridget\n|-status|p2b: Bridget|par\n|cant|p2b: Bridget|par\n|\n|-weather|RainDance|[upkeep]\n|upkeep\n|turn|3\n|\n|t:|1776636209\n|switch|p2a: Purple Rain|Basculegion, L50, M, shiny|100/100\n|detailschange|p1b: Froslass|Froslass-Mega, L50, F\n|-mega|p1b: Froslass|Froslass|Froslassite\n|-weather|Snowscape|[from] ability: Snow Warning|[of] p1b: Froslass\n|move|p1b: Froslass|Protect|p1b: Froslass\n|-singleturn|p1b: Froslass|Protect\n|move|p1a: Tinkaton|Thunder Wave|p2a: Purple Rain\n|-status|p2a: Purple Rain|par\n|move|p2b: Bridget|Flash Cannon|p1b: Froslass\n|-activate|p1b: Froslass|move: Protect\n|\n|-weather|Snowscape|[upkeep]\n|upkeep\n|turn|4\n|\n|t:|1776636228\n|switch|p1b: Basculegion|Basculegion, L50, M|100/100\n|switch|p2a: Sky Toilet|Pelipper, L50, F|100/100\n|-weather|RainDance|[from] ability: Drizzle|[of] p2a: Sky Toilet\n|move|p1a: Tinkaton|Brick Break|p2b: Bridget\n|-supereffective|p2b: Bridget|1\n|-damage|p2b: Bridget|69/100 par\n|-ability|p2b: Bridget|Stamina|boost\n|-boost|p2b: Bridget|def|1\n|move|p2b: Bridget|Electro Shot||[still]\n|-prepare|p2b: Bridget|Electro Shot\n|-boost|p2b: Bridget|spa|1\n|-anim|p2b: Bridget|Electro Shot|p1b: Basculegion\n|-supereffective|p1b: Basculegion|1\n|-damage|p1b: Basculegion|0 fnt\n|faint|p1b: Basculegion\n|\n|-weather|RainDance|[upkeep]\n|-heal|p2b: Bridget|75/100 par|[from] item: Leftovers\n|upkeep\n|\n|t:|1776636242\n|switch|p1b: Froslass|Froslass-Mega, L50, F|38/100\n|-weather|Snowscape|[from] ability: Snow Warning|[of] p1b: Froslass\n|turn|5\n|\n|t:|1776636267\n|switch|p2a: Purple Rain|Basculegion, L50, M, shiny|100/100 par\n|move|p1b: Froslass|Nasty Plot|p1b: Froslass\n|-boost|p1b: Froslass|spa|2\n|move|p1a: Tinkaton|Thunder Wave|p2a: Purple Rain\n|-fail|p2a: Purple Rain|par\n|move|p2b: Bridget|Flash Cannon|p1b: Froslass\n|-supereffective|p1b: Froslass|1\n|-damage|p1b: Froslass|0 fnt\n|faint|p1b: Froslass\n|\n|-weather|Snowscape|[upkeep]\n|-heal|p2b: Bridget|81/100 par|[from] item: Leftovers\n|upkeep\n|\n|t:|1776636273\n|switch|p1b: Sneasler|Sneasler, L50, F|100/100\n|turn|6\n|inactive|Dr Gaster PHD has 30 seconds left.\n|\n|t:|1776636302\n|move|p1b: Sneasler|Close Combat|p2b: Bridget\n|-supereffective|p2b: Bridget|1\n|-damage|p2b: Bridget|10/100 par\n|-unboost|p1b: Sneasler|def|1\n|-unboost|p1b: Sneasler|spd|1\n|-ability|p2b: Bridget|Stamina|boost\n|-boost|p2b: Bridget|def|1\n|-enditem|p1b: Sneasler|White Herb\n|-clearnegativeboost|p1b: Sneasler|[silent]\n|move|p1a: Tinkaton|Gigaton Hammer|p2a: Purple Rain\n|-resisted|p2a: Purple Rain|1\n|-damage|p2a: Purple Rain|54/100 par\n|move|p2a: Purple Rain|Flip Turn|p1b: Sneasler\n|-damage|p1b: Sneasler|33/100\n|\n|t:|1776636314\n|switch|p2a: Sky Toilet|Pelipper, L50, F|100/100|[from] Flip Turn\n|-weather|RainDance|[from] ability: Drizzle|[of] p2a: Sky Toilet\n|move|p2b: Bridget|Electro Shot||[still]\n|-prepare|p2b: Bridget|Electro Shot\n|-boost|p2b: Bridget|spa|1\n|-anim|p2b: Bridget|Electro Shot|p1b: Sneasler\n|-damage|p1b: Sneasler|0 fnt\n|faint|p1b: Sneasler\n|\n|-weather|RainDance|[upkeep]\n|-heal|p2b: Bridget|16/100 par|[from] item: Leftovers\n|upkeep\n|turn|7\n|-message|malamarie forfeited.\n|\n|win|Dr Gaster PHD\n|raw|malamarie's rating: 1269 &rarr; <strong>1248</strong><br />(-21 for losing)\n|raw|Dr Gaster PHD's rating: 1331 &rarr; <strong>1347</strong><br />(+16 for winning)\n|l|\u2606malamarie\n|player|p1|\n",
  "uploadtime": 1776636330,
  "views": 12,
  "formatid": "gen9championsvgc2026regma",
  "rating": 1248,
  "private": 0,
  "password": null
}