{
  "id": "gen9championsvgc2026regma-2584808986",
  "format": "[Gen 9 Champions] VGC 2026 Reg M-A",
  "players": [
    "Mind goblin games",
    "eevee1ynn"
  ],
  "log": "|j|\u2606Mind goblin games\n|j|\u2606eevee1ynn\n|t:|1776285251\n|gametype|doubles\n|player|p1|Mind goblin games|102|1197\n|player|p2|eevee1ynn|lass-gen8|1204\n|gen|9\n|tier|[Gen 9 Champions] VGC 2026 Reg M-A\n|rated|\n|rule|Species Clause: Limit one of each Pok\u00e9mon\n|rule|Item Clause: Limit 1 of each item\n|clearpoke\n|poke|p1|Gengar, L50, M|\n|poke|p1|Whimsicott, L50, F|\n|poke|p1|Mamoswine, L50, F|\n|poke|p1|Tyranitar, L50, M|\n|poke|p1|Tauros-Paldea-Aqua, L50, M|\n|poke|p1|Archaludon, L50, F|\n|poke|p2|Altaria, L50, M|\n|poke|p2|Talonflame, L50, M|\n|poke|p2|Excadrill, L50, M|\n|poke|p2|Milotic, L50, M|\n|poke|p2|Sinistcha, L50|\n|poke|p2|Incineroar, L50, M|\n|teampreview|4\n|j| Ragingkiwi\n|inactive|Battle timer is ON: inactive players will automatically lose when time's up. (requested by Mind goblin games)\n|\n|t:|1776285293\n|teamsize|p1|4\n|teamsize|p2|4\n|start\n|switch|p1a: Gengar|Gengar, L50, M|100/100\n|switch|p1b: Mamoswine|Mamoswine, L50, F|100/100\n|switch|p2a: Excadrill|Excadrill, L50, M|100/100\n|switch|p2b: Talonflame|Talonflame, L50, M|100/100\n|-ability|p2a: Excadrill|Mold Breaker\n|turn|1\n|\n|t:|1776285316\n|switch|p1a: Tauros|Tauros-Paldea-Aqua, L50, M|100/100\n|-ability|p1a: Tauros|Intimidate|boost\n|-unboost|p2a: Excadrill|atk|1\n|-unboost|p2b: Talonflame|atk|1\n|move|p2b: Talonflame|Tailwind|p2b: Talonflame\n|-sidestart|p2: eevee1ynn|move: Tailwind\n|move|p2a: Excadrill|Earthquake|p1a: Tauros|[spread] p1a,p1b\n|-immune|p2b: Talonflame\n|-damage|p1a: Tauros|72/100\n|-damage|p1b: Mamoswine|63/100\n|move|p1b: Mamoswine|Stomping Tantrum|p2a: Excadrill\n|-supereffective|p2a: Excadrill|1\n|-damage|p2a: Excadrill|0 fnt\n|faint|p2a: Excadrill\n|\n|upkeep\n|\n|t:|1776285322\n|switch|p2a: Milotic|Milotic, L50, M|100/100\n|turn|2\n|\n|t:|1776285343\n|move|p2b: Talonflame|Brave Bird|p1a: Tauros\n|-supereffective|p1a: Tauros|1\n|-damage|p1a: Tauros|1/100\n|-damage|p2b: Talonflame|73/100|[from] Recoil\n|move|p1a: Tauros|Aqua Jet|p2b: Talonflame\n|-supereffective|p2b: Talonflame|1\n|-damage|p2b: Talonflame|8/100\n|move|p2a: Milotic|Scald|p1b: Mamoswine\n|-supereffective|p1b: Mamoswine|1\n|-damage|p1b: Mamoswine|0 fnt\n|faint|p1b: Mamoswine\n|\n|upkeep\n|\n|t:|1776285356\n|switch|p1b: Gengar|Gengar, L50, M|100/100\n|turn|3\n|\n|t:|1776285379\n|switch|p2b: Incineroar|Incineroar, L50, M|100/100\n|-ability|p2b: Incineroar|Intimidate|boost\n|-unboost|p1a: Tauros|atk|1\n|-unboost|p1b: Gengar|atk|1\n|detailschange|p1b: Gengar|Gengar-Mega, L50, M\n|-mega|p1b: Gengar|Gengar|Gengarite\n|move|p1b: Gengar|Protect|p1b: Gengar\n|-singleturn|p1b: Gengar|Protect\n|move|p1a: Tauros|Protect|p1a: Tauros\n|-singleturn|p1a: Tauros|Protect\n|move|p2a: Milotic|Scald|p1a: Tauros\n|-activate|p1a: Tauros|move: Protect\n|\n|upkeep\n|turn|4\n|inactive|Mind goblin games has 30 seconds left.\n|\n|t:|1776285406\n|switch|p1a: Whimsicott|Whimsicott, L50, F|100/100\n|move|p2b: Incineroar|Fake Out|p1a: Whimsicott\n|-damage|p1a: Whimsicott|82/100\n|move|p2a: Milotic|Scald|p1b: Gengar\n|-damage|p1b: Gengar|52/100\n|move|p1b: Gengar|Shadow Ball|p2a: Milotic\n|-damage|p2a: Milotic|63/100\n|\n|-heal|p2a: Milotic|69/100|[from] item: Leftovers\n|-sideend|p2: eevee1ynn|move: Tailwind\n|upkeep\n|turn|5\n|inactive|Mind goblin games has 30 seconds left.\n|inactive|Mind goblin games has 20 seconds left.\n|inactive|Mind goblin games has 15 seconds left.\n|\n|t:|1776285446\n|move|p1b: Gengar|Shadow Ball|p2a: Milotic\n|-damage|p2a: Milotic|34/100\n|move|p1a: Whimsicott|Moonblast|p2a: Milotic\n|-damage|p2a: Milotic|9/100\n|move|p2b: Incineroar|Darkest Lariat|p1b: Gengar\n|-supereffective|p1b: Gengar|1\n|-damage|p1b: Gengar|0 fnt\n|faint|p1b: Gengar\n|move|p2a: Milotic|Ice Beam|p1a: Whimsicott\n|-supereffective|p1a: Whimsicott|1\n|-damage|p1a: Whimsicott|0 fnt\n|faint|p1a: Whimsicott\n|\n|-heal|p2a: Milotic|15/100|[from] item: Leftovers\n|upkeep\n|\n|t:|1776285455\n|switch|p1b: Tauros|Tauros-Paldea-Aqua, L50, M|1/100\n|-ability|p1b: Tauros|Intimidate|boost\n|-unboost|p2a: Milotic|atk|1\n|-ability|p2a: Milotic|Competitive|boost\n|-boost|p2a: Milotic|spa|2\n|-unboost|p2b: Incineroar|atk|1\n|turn|6\n|\n|t:|1776285459\n|move|p1b: Tauros|Wave Crash|p2b: Incineroar\n|-supereffective|p2b: Incineroar|1\n|-enditem|p2b: Incineroar|Passho Berry|[eat]\n|-enditem|p2b: Incineroar|Passho Berry|[weaken]\n|-damage|p2b: Incineroar|35/100\n|-damage|p1b: Tauros|0 fnt|[from] Recoil\n|faint|p1b: Tauros\n|\n|win|eevee1ynn\n|raw|Mind goblin games's rating: 1197 &rarr; <strong>1173</strong><br />(-24 for losing)\n|raw|eevee1ynn's rating: 1204 &rarr; <strong>1228</strong><br />(+24 for winning)\n|l| Ragingkiwi\n",
  "uploadtime": 1776285459,
  "views": 21,
  "formatid": "gen9championsvgc2026regma",
  "rating": 1173,
  "private": 0,
  "password": null
}