{
  "id": "gen9championsvgc2026regma-2584175842",
  "format": "[Gen 9 Champions] VGC 2026 Reg M-A",
  "players": [
    "Evil Yarrack",
    "San gerger"
  ],
  "log": "|j|\u2606Evil Yarrack\n|j|\u2606San gerger\n|t:|1776234458\n|gametype|doubles\n|player|p1|Evil Yarrack|youngster-gen4dp|1456\n|player|p2|San gerger|1|1530\n|gen|9\n|tier|[Gen 9 Champions] VGC 2026 Reg M-A\n|rated|\n|rule|Species Clause: Limit one of each Pok\u00e9mon\n|rule|Item Clause: Limit 1 of each item\n|clearpoke\n|poke|p1|Sinistcha, L50|\n|poke|p1|Scizor, L50, F|\n|poke|p1|Tyranitar, L50, F|\n|poke|p1|Basculegion, L50, M|\n|poke|p1|Lycanroc, L50, M|\n|poke|p1|Kommo-o, L50, M|\n|poke|p2|Delphox, L50, F|\n|poke|p2|Floette-Eternal, L50, F|\n|poke|p2|Aerodactyl, L50, M|\n|poke|p2|Kingambit, L50, F|\n|poke|p2|Basculegion-F, L50, F|\n|poke|p2|Sneasler, L50, M|\n|teampreview|4\n|inactive|Battle timer is ON: inactive players will automatically lose when time's up. (requested by Evil Yarrack)\n|inactive|San gerger has 60 seconds left.\n|\n|t:|1776234506\n|teamsize|p1|4\n|teamsize|p2|4\n|start\n|switch|p1a: Lycanroc|Lycanroc, L50, M|100/100\n|switch|p1b: Tyranitar|Tyranitar, L50, F|100/100\n|switch|p2a: Sneasler|Sneasler, L50, M|100/100\n|switch|p2b: Basculegion|Basculegion-F, L50, F|100/100\n|-weather|Sandstorm|[from] ability: Sand Stream|[of] p1b: Tyranitar\n|turn|1\n|\n|t:|1776234530\n|move|p1a: Lycanroc|Protect|p1a: Lycanroc\n|-singleturn|p1a: Lycanroc|Protect\n|move|p1b: Tyranitar|Protect|p1b: Tyranitar\n|-singleturn|p1b: Tyranitar|Protect\n|move|p2a: Sneasler|Fake Out|p1b: Tyranitar\n|-activate|p1b: Tyranitar|move: Protect\n|move|p2b: Basculegion|Muddy Water|p1a: Lycanroc|[spread] \n|-activate|p1a: Lycanroc|move: Protect\n|-activate|p1b: Tyranitar|move: Protect\n|\n|-weather|Sandstorm|[upkeep]\n|-damage|p2b: Basculegion|94/100|[from] Sandstorm\n|-damage|p2a: Sneasler|95/100|[from] Sandstorm\n|upkeep\n|turn|2\n|\n|t:|1776234546\n|detailschange|p1b: Tyranitar|Tyranitar-Mega, L50, F\n|-mega|p1b: Tyranitar|Tyranitar|Tyranitarite\n|move|p1a: Lycanroc|Psychic Fangs|p2a: Sneasler\n|-supereffective|p2a: Sneasler|2\n|-damage|p2a: Sneasler|0 fnt\n|faint|p2a: Sneasler\n|move|p2b: Basculegion|Muddy Water|p1b: Tyranitar|[spread] p1a,p1b\n|-supereffective|p1a: Lycanroc|1\n|-supereffective|p1b: Tyranitar|1\n|-damage|p1a: Lycanroc|2/100\n|-damage|p1b: Tyranitar|58/100\n|-unboost|p1a: Lycanroc|accuracy|1\n|move|p1b: Tyranitar|Assurance|p2b: Basculegion\n|-supereffective|p2b: Basculegion|1\n|-damage|p2b: Basculegion|0 fnt\n|faint|p2b: Basculegion\n|\n|-weather|Sandstorm|[upkeep]\n|upkeep\n|\n|t:|1776234563\n|switch|p2a: Floette|Floette-Eternal, L50, F|100/100\n|switch|p2b: Kingambit|Kingambit, L50, F|100/100\n|turn|3\n|\n|t:|1776234573\n|detailschange|p2a: Floette|Floette-Mega, L50, F\n|-mega|p2a: Floette|Floette|Floettite\n|-ability|p2a: Floette|Fairy Aura\n|move|p1a: Lycanroc|Endeavor|p2b: Kingambit|[miss]\n|-miss|p1a: Lycanroc|p2b: Kingambit\n|move|p2a: Floette|Dazzling Gleam|p1a: Lycanroc|[spread] p1a,p1b\n|-supereffective|p1b: Tyranitar|1\n|-damage|p1a: Lycanroc|0 fnt\n|-damage|p1b: Tyranitar|6/100\n|faint|p1a: Lycanroc\n|move|p1b: Tyranitar|Rock Slide|p2b: Kingambit|[spread] p2a,p2b\n|-resisted|p2b: Kingambit|1\n|-damage|p2a: Floette|67/100\n|-damage|p2b: Kingambit|86/100\n|move|p2b: Kingambit|Iron Head|p1b: Tyranitar\n|-supereffective|p1b: Tyranitar|1\n|-damage|p1b: Tyranitar|0 fnt\n|faint|p1b: Tyranitar\n|\n|-weather|Sandstorm|[upkeep]\n|-damage|p2a: Floette|61/100|[from] Sandstorm\n|upkeep\n|\n|t:|1776234579\n|switch|p1a: Scizor|Scizor, L50, F|100/100\n|switch|p1b: Basculegion|Basculegion, L50, M|100/100\n|turn|4\n|inactive|San gerger has 30 seconds left.\n|\n|t:|1776234612\n|move|p2a: Floette|Protect|p2a: Floette\n|-singleturn|p2a: Floette|Protect\n|move|p1b: Basculegion|Wave Crash|p2b: Kingambit\n|-damage|p2b: Kingambit|30/100\n|-damage|p1b: Basculegion|81/100|[from] Recoil\n|move|p1a: Scizor|Close Combat|p2b: Kingambit\n|-supereffective|p2b: Kingambit|2\n|-enditem|p2b: Kingambit|Chople Berry|[eat]\n|-enditem|p2b: Kingambit|Chople Berry|[weaken]\n|-damage|p2b: Kingambit|0 fnt\n|-unboost|p1a: Scizor|def|1\n|-unboost|p1a: Scizor|spd|1\n|faint|p2b: Kingambit\n|\n|-weather|Sandstorm|[upkeep]\n|-damage|p1b: Basculegion|75/100|[from] Sandstorm\n|-damage|p2a: Floette|55/100|[from] Sandstorm\n|upkeep\n|turn|5\n|-message|San gerger forfeited.\n|\n|win|Evil Yarrack\n|raw|Evil Yarrack's rating: 1474 &rarr; <strong>1497</strong><br />(+23 for winning)\n|raw|San gerger's rating: 1530 &rarr; <strong>1507</strong><br />(-23 for losing)\n|l|\u2606San gerger\n|player|p2|\n",
  "uploadtime": 1776234630,
  "views": 66,
  "formatid": "gen9championsvgc2026regma",
  "rating": 1497,
  "private": 0,
  "password": null
}