{
  "id": "gen9championsvgc2026regma-2588671559",
  "format": "[Gen 9 Champions] VGC 2026 Reg M-A",
  "players": [
    "w4toto",
    "Jah_08"
  ],
  "log": "|j|\u2606w4toto\n|j|\u2606Jah_08\n|t:|1776656043\n|gametype|doubles\n|player|p1|w4toto|volkner|1261\n|player|p2|Jah_08|alder|1334\n|gen|9\n|tier|[Gen 9 Champions] VGC 2026 Reg M-A\n|rated|\n|rule|Species Clause: Limit one of each Pok\u00e9mon\n|rule|Item Clause: Limit 1 of each item\n|clearpoke\n|poke|p1|Gengar, L50, F|\n|poke|p1|Empoleon, L50, F|\n|poke|p1|Farigiraf, L50, F|\n|poke|p1|Arcanine-Hisui, L50, M|\n|poke|p1|Sableye, L50, F|\n|poke|p1|Corviknight, L50, F|\n|poke|p2|Excadrill, L50, M|\n|poke|p2|Whimsicott, L50, M, shiny|\n|poke|p2|Chandelure, L50, M|\n|poke|p2|Zoroark-Hisui, L50, M|\n|poke|p2|Basculegion, L50, M|\n|poke|p2|Hydreigon, L50, M|\n|teampreview|4\n|inactive|Battle timer is ON: inactive players will automatically lose when time's up. (requested by w4toto)\n|inactive|w4toto has 60 seconds left.\n|inactive|Jah_08 has 60 seconds left.\n|\n|t:|1776656101\n|teamsize|p1|4\n|teamsize|p2|4\n|start\n|switch|p1a: Farigiraf|Farigiraf, L50, F|100/100\n|switch|p1b: Sableye|Sableye, L50, F|100/100\n|switch|p2a: Hydreigon|Hydreigon, L50, M|100/100\n|switch|p2b: Chandelure|Chandelure, L50, M|100/100\n|turn|1\n|inactive|Jah_08 has 30 seconds left.\n|inactive|Jah_08 has 20 seconds left.\n|inactive|Jah_08 has 15 seconds left.\n|inactive|Jah_08 has 10 seconds left.\n|inactive|Jah_08 has 5 seconds left.\n|\n|t:|1776656153\n|detailschange|p2b: Chandelure|Chandelure-Mega, L50, M\n|-mega|p2b: Chandelure|Chandelure|Chandelurite\n|move|p1b: Sableye|Fake Out|p2a: Hydreigon\n|-damage|p2a: Hydreigon|92/100\n|cant|p2a: Hydreigon|flinch\n|move|p2b: Chandelure|Substitute|p2b: Chandelure\n|-start|p2b: Chandelure|Substitute\n|-damage|p2b: Chandelure|76/100\n|move|p1a: Farigiraf|Psychic|p2b: Chandelure\n|-end|p2b: Chandelure|Substitute\n|\n|upkeep\n|turn|2\n|inactive|w4toto has 30 seconds left.\n|\n|t:|1776656181\n|move|p1b: Sableye|Will-O-Wisp|p2a: Hydreigon\n|-hint|Since gen 7, Dark is immune to Prankster moves.\n|-immune|p2a: Hydreigon\n|move|p2a: Hydreigon|Dark Pulse|p1a: Farigiraf\n|-supereffective|p1a: Farigiraf|1\n|-damage|p1a: Farigiraf|30/100\n|-enditem|p1a: Farigiraf|Sitrus Berry|[eat]\n|-heal|p1a: Farigiraf|54/100|[from] item: Sitrus Berry\n|move|p2b: Chandelure|Heat Wave|p1b: Sableye|[spread] p1a,p1b\n|-damage|p1a: Farigiraf|12/100\n|-damage|p1b: Sableye|35/100\n|move|p1a: Farigiraf|Hyper Voice|p2b: Chandelure|[spread] p2a\n|-immune|p2b: Chandelure\n|-damage|p2a: Hydreigon|65/100\n|\n|upkeep\n|turn|3\n|\n|t:|1776656203\n|move|p1b: Sableye|Disable|p2b: Chandelure\n|-start|p2b: Chandelure|Disable|Heat Wave\n|move|p2a: Hydreigon|Dark Pulse|p1a: Farigiraf\n|-supereffective|p1a: Farigiraf|1\n|-damage|p1a: Farigiraf|0 fnt\n|faint|p1a: Farigiraf\n|cant|p2b: Chandelure|Disable|Heat Wave\n|\n|upkeep\n|\n|t:|1776656212\n|switch|p1a: Empoleon|Empoleon, L50, F|100/100\n|turn|4\n|\n|t:|1776656225\n|switch|p1b: Gengar|Gengar, L50, F|100/100\n|move|p2b: Chandelure|Protect|p2b: Chandelure\n|-singleturn|p2b: Chandelure|Protect\n|move|p2a: Hydreigon|Earth Power|p1a: Empoleon\n|-supereffective|p1a: Empoleon|1\n|-damage|p1a: Empoleon|43/100\n|move|p1a: Empoleon|Hydro Pump|p2b: Chandelure\n|-activate|p2b: Chandelure|move: Protect\n|\n|-heal|p1a: Empoleon|49/100|[from] item: Leftovers\n|upkeep\n|turn|5\n|inactive|Jah_08 has 30 seconds left.\n|\n|t:|1776656252\n|detailschange|p1b: Gengar|Gengar-Mega, L50, F\n|-mega|p1b: Gengar|Gengar|Gengarite\n|move|p1b: Gengar|Icy Wind|p2b: Chandelure|[spread] p2a,p2b\n|-supereffective|p2a: Hydreigon|1\n|-crit|p2a: Hydreigon\n|-resisted|p2b: Chandelure|1\n|-damage|p2a: Hydreigon|8/100\n|-damage|p2b: Chandelure|68/100\n|-unboost|p2a: Hydreigon|spe|1\n|-unboost|p2b: Chandelure|spe|1\n|move|p2a: Hydreigon|Earth Power|p1a: Empoleon\n|-supereffective|p1a: Empoleon|1\n|-damage|p1a: Empoleon|0 fnt\n|faint|p1a: Empoleon\n|move|p2b: Chandelure|Shadow Ball|p1b: Gengar\n|-supereffective|p1b: Gengar|1\n|-damage|p1b: Gengar|0 fnt\n|faint|p1b: Gengar\n|\n|upkeep\n|-message|w4toto forfeited.\n|\n|win|Jah_08\n|raw|w4toto's rating: 1261 &rarr; <strong>1241</strong><br />(-20 for losing)\n|raw|Jah_08's rating: 1334 &rarr; <strong>1350</strong><br />(+16 for winning)\n|l|\u2606w4toto\n|player|p1|\n",
  "uploadtime": 1776656274,
  "views": 7,
  "formatid": "gen9championsvgc2026regma",
  "rating": 1241,
  "private": 0,
  "password": null
}