{
  "id": "gen9championsvgc2026regma-2584467269",
  "format": "[Gen 9 Champions] VGC 2026 Reg M-A",
  "players": [
    "KogaAF1219",
    "finallyst"
  ],
  "log": "|j|\u2606KogaAF1219\n|j|\u2606finallyst\n|t:|1776262839\n|gametype|doubles\n|player|p1|KogaAF1219|koga|1332\n|player|p2|finallyst|cynthia-gen4|1327\n|gen|9\n|tier|[Gen 9 Champions] VGC 2026 Reg M-A\n|rated|\n|rule|Species Clause: Limit one of each Pok\u00e9mon\n|rule|Item Clause: Limit 1 of each item\n|clearpoke\n|poke|p1|Rotom-Mow, L50|\n|poke|p1|Excadrill, L50, F|\n|poke|p1|Garchomp, L50, M|\n|poke|p1|Incineroar, L50, M|\n|poke|p1|Gengar, L50, M|\n|poke|p1|Hippowdon, L50, M|\n|poke|p2|Golurk, L50|\n|poke|p2|Kingambit, L50, F|\n|poke|p2|Drampa, L50, M|\n|poke|p2|Farigiraf, L50, M|\n|poke|p2|Torkoal, L50, M|\n|poke|p2|Slowbro, L50, F|\n|teampreview|4\n|\n|t:|1776262870\n|teamsize|p1|4\n|teamsize|p2|4\n|start\n|switch|p1a: Rotom|Rotom-Mow, L50|100/100\n|switch|p1b: Excadrill|Excadrill, L50, F|100/100\n|switch|p2a: Farigiraf|Farigiraf, L50, M|100/100\n|switch|p2b: Kingambit|Kingambit, L50, F|100/100\n|turn|1\n|\n|t:|1776262888\n|move|p2b: Kingambit|Protect|p2b: Kingambit\n|-singleturn|p2b: Kingambit|Protect\n|move|p1a: Rotom|Will-O-Wisp|p2b: Kingambit\n|-activate|p2b: Kingambit|move: Protect\n|move|p1b: Excadrill|Earthquake|p2b: Kingambit|[spread] p2a\n|-activate|p2b: Kingambit|move: Protect\n|-immune|p1a: Rotom|[from] ability: Levitate\n|-damage|p2a: Farigiraf|70/100\n|move|p2a: Farigiraf|Trick Room|p2a: Farigiraf\n|-fieldstart|move: Trick Room|[of] p2a: Farigiraf\n|\n|upkeep\n|turn|2\n|\n|t:|1776262913\n|switch|p2b: Torkoal|Torkoal, L50, M|100/100\n|-weather|SunnyDay|[from] ability: Drought|[of] p2b: Torkoal\n|move|p2a: Farigiraf|Protect|p2a: Farigiraf\n|-singleturn|p2a: Farigiraf|Protect\n|move|p1b: Excadrill|Earthquake|p2a: Farigiraf|[spread] p2b\n|-activate|p2a: Farigiraf|move: Protect\n|-immune|p1a: Rotom|[from] ability: Levitate\n|-supereffective|p2b: Torkoal|1\n|-damage|p2b: Torkoal|35/100\n|move|p1a: Rotom|Will-O-Wisp|p2b: Torkoal\n|-immune|p2b: Torkoal\n|\n|-weather|SunnyDay|[upkeep]\n|upkeep\n|turn|3\n|inactive|Battle timer is ON: inactive players will automatically lose when time's up. (requested by KogaAF1219)\n|\n|t:|1776262932\n|switch|p1a: Hippowdon|Hippowdon, L50, M|100/100\n|-weather|Sandstorm|[from] ability: Sand Stream|[of] p1a: Hippowdon\n|move|p2a: Farigiraf|Helping Hand|p2b: Torkoal\n|-singleturn|p2b: Torkoal|Helping Hand|[of] p2a: Farigiraf\n|move|p1b: Excadrill|Protect|p1b: Excadrill\n|-singleturn|p1b: Excadrill|Protect\n|move|p2b: Torkoal|Eruption|p1b: Excadrill|[spread] p1a\n|-activate|p1b: Excadrill|move: Protect\n|-crit|p1a: Hippowdon\n|-damage|p1a: Hippowdon|75/100\n|\n|-weather|Sandstorm|[upkeep]\n|-damage|p2b: Torkoal|29/100|[from] Sandstorm\n|-damage|p2a: Farigiraf|64/100|[from] Sandstorm\n|upkeep\n|turn|4\n|inactive|KogaAF1219 has 30 seconds left.\n|inactive|finallyst has 30 seconds left.\n|inactive|KogaAF1219 has 20 seconds left.\n|inactive|KogaAF1219 has 15 seconds left.\n|inactive|KogaAF1219 has 10 seconds left.\n|\n|t:|1776262978\n|switch|p2b: Golurk|Golurk, L50, shiny|100/100\n|move|p2a: Farigiraf|Protect|p2a: Farigiraf\n|-singleturn|p2a: Farigiraf|Protect\n|move|p1a: Hippowdon|Body Press|p2b: Golurk\n|-immune|p2b: Golurk\n|move|p1b: Excadrill|Rock Slide|p2a: Farigiraf|[spread] p2b\n|-activate|p2a: Farigiraf|move: Protect\n|-resisted|p2b: Golurk|1\n|-damage|p2b: Golurk|88/100\n|\n|-weather|Sandstorm|[upkeep]\n|-damage|p2a: Farigiraf|58/100|[from] Sandstorm\n|upkeep\n|turn|5\n|inactive|finallyst has 30 seconds left.\n|inactive|KogaAF1219 has 30 seconds left.\n|\n|t:|1776263010\n|switch|p1b: Gengar|Gengar, L50, M|100/100\n|detailschange|p2b: Golurk|Golurk-Mega, L50, shiny\n|-mega|p2b: Golurk|Golurk|Golurkite\n|move|p1a: Hippowdon|Yawn|p2b: Golurk\n|-start|p2b: Golurk|move: Yawn|[of] p1a: Hippowdon\n|move|p2b: Golurk|Ice Punch|p1a: Hippowdon\n|-supereffective|p1a: Hippowdon|1\n|-enditem|p1a: Hippowdon|Yache Berry|[eat]\n|-enditem|p1a: Hippowdon|Yache Berry|[weaken]\n|-damage|p1a: Hippowdon|49/100\n|move|p2a: Farigiraf|Hyper Voice|p1a: Hippowdon|[spread] p1a\n|-immune|p1b: Gengar\n|-damage|p1a: Hippowdon|32/100\n|\n|-weather|Sandstorm|[upkeep]\n|-damage|p2a: Farigiraf|52/100|[from] Sandstorm\n|-damage|p1b: Gengar|95/100|[from] Sandstorm\n|-fieldend|move: Trick Room\n|upkeep\n|turn|6\n|inactive|finallyst has 30 seconds left.\n|\n|t:|1776263035\n|move|p2a: Farigiraf|Protect|p2a: Farigiraf\n|-singleturn|p2a: Farigiraf|Protect\n|move|p1b: Gengar|Substitute|p1b: Gengar\n|-start|p1b: Gengar|Substitute\n|-damage|p1b: Gengar|70/100\n|move|p2b: Golurk|Poltergeist|p1b: Gengar\n|-activate|p1b: Gengar|move: Poltergeist|Gengarite\n|-supereffective|p1b: Gengar|1\n|-end|p1b: Gengar|Substitute\n|move|p1a: Hippowdon|Yawn|p2a: Farigiraf\n|-activate|p2a: Farigiraf|move: Protect\n|\n|-weather|Sandstorm|[upkeep]\n|-damage|p1b: Gengar|64/100|[from] Sandstorm\n|-damage|p2a: Farigiraf|45/100|[from] Sandstorm\n|-enditem|p2a: Farigiraf|Sitrus Berry|[eat]\n|-heal|p2a: Farigiraf|70/100|[from] item: Sitrus Berry\n|-end|p2b: Golurk|move: Yawn|[silent]\n|-status|p2b: Golurk|slp\n|upkeep\n|turn|7\n|inactive|finallyst has 30 seconds left.\n|inactive|KogaAF1219 has 30 seconds left.\n|\n|t:|1776263070\n|move|p1b: Gengar|Sludge Bomb|p2a: Farigiraf\n|-damage|p2a: Farigiraf|33/100\n|cant|p2b: Golurk|slp\n|move|p1a: Hippowdon|Slack Off|p1a: Hippowdon\n|-heal|p1a: Hippowdon|82/100\n|move|p2a: Farigiraf|Trick Room|p2a: Farigiraf\n|-fieldstart|move: Trick Room|[of] p2a: Farigiraf\n|\n|-weather|none\n|upkeep\n|turn|8\n|inactive|finallyst has 30 seconds left.\n|inactive|finallyst has 20 seconds left.\n|inactive|finallyst has 15 seconds left.\n|inactive|KogaAF1219 has 30 seconds left.\n|\n|t:|1776263116\n|switch|p1b: Rotom|Rotom-Mow, L50|100/100\n|move|p2a: Farigiraf|Protect|p2a: Farigiraf\n|-singleturn|p2a: Farigiraf|Protect\n|move|p1a: Hippowdon|Body Press|p2a: Farigiraf\n|-activate|p2a: Farigiraf|move: Protect\n|cant|p2b: Golurk|slp\n|\n|upkeep\n|turn|9\n|\n|t:|1776263140\n|switch|p2a: Torkoal|Torkoal, L50, M|29/100\n|-weather|SunnyDay|[from] ability: Drought|[of] p2a: Torkoal\n|move|p1a: Hippowdon|Yawn||[still]\n|-fail|p1a: Hippowdon\n|-curestatus|p2b: Golurk|slp|[msg]\n|move|p2b: Golurk|Ice Punch|p1a: Hippowdon\n|-supereffective|p1a: Hippowdon|1\n|-damage|p1a: Hippowdon|32/100\n|move|p1b: Rotom|Discharge|p2b: Golurk|[spread] p2a\n|-immune|p1a: Hippowdon\n|-immune|p2b: Golurk\n|-damage|p2a: Torkoal|0 fnt\n|faint|p2a: Torkoal\n|\n|-weather|SunnyDay|[upkeep]\n|upkeep\n|\n|t:|1776263160\n|switch|p2a: Farigiraf|Farigiraf, L50, M|33/100\n|turn|10\n|\n|t:|1776263172\n|move|p2a: Farigiraf|Protect|p2a: Farigiraf\n|-singleturn|p2a: Farigiraf|Protect\n|move|p1a: Hippowdon|Slack Off|p1a: Hippowdon\n|-heal|p1a: Hippowdon|82/100\n|move|p2b: Golurk|Ice Punch|p1b: Rotom\n|-supereffective|p1b: Rotom|1\n|-damage|p1b: Rotom|4/100\n|move|p1b: Rotom|Discharge|p2b: Golurk|[spread] \n|-activate|p2a: Farigiraf|move: Protect\n|-immune|p1a: Hippowdon\n|-immune|p2b: Golurk\n|\n|-weather|SunnyDay|[upkeep]\n|upkeep\n|turn|11\n|inactive|finallyst has 30 seconds left.\n|\n|t:|1776263200\n|switch|p1b: Excadrill|Excadrill, L50, F|100/100\n|move|p1a: Hippowdon|Yawn|p2b: Golurk\n|-start|p2b: Golurk|move: Yawn|[of] p1a: Hippowdon\n|move|p2b: Golurk|Ice Punch|p1a: Hippowdon\n|-supereffective|p1a: Hippowdon|1\n|-damage|p1a: Hippowdon|32/100\n|move|p2a: Farigiraf|Hyper Voice|p1b: Excadrill|[spread] p1a,p1b\n|-resisted|p1b: Excadrill|1\n|-damage|p1a: Hippowdon|13/100\n|-damage|p1b: Excadrill|85/100\n|\n|-weather|SunnyDay|[upkeep]\n|-fieldend|move: Trick Room\n|upkeep\n|turn|12\n|inactive|finallyst has 30 seconds left.\n|\n|t:|1776263228\n|switch|p2b: Kingambit|Kingambit, L50, F|100/100\n|switch|p1a: Rotom|Rotom-Mow, L50|4/100\n|move|p1b: Excadrill|Earthquake|p2a: Farigiraf|[spread] p2a,p2b\n|-immune|p1a: Rotom|[from] ability: Levitate\n|-crit|p2a: Farigiraf\n|-supereffective|p2b: Kingambit|1\n|-damage|p2a: Farigiraf|0 fnt\n|-damage|p2b: Kingambit|31/100\n|faint|p2a: Farigiraf\n|\n|-weather|SunnyDay|[upkeep]\n|upkeep\n|\n|t:|1776263239\n|switch|p2a: Golurk|Golurk-Mega, L50, shiny|88/100\n|turn|13\n|\n|t:|1776263256\n|switch|p1a: Hippowdon|Hippowdon, L50, M|13/100\n|-weather|Sandstorm|[from] ability: Sand Stream|[of] p1a: Hippowdon\n|move|p2b: Kingambit|Sucker Punch||[still]\n|-fail|p2b: Kingambit\n|move|p1b: Excadrill|Earthquake|p2b: Kingambit|[spread] p1a,p2a,p2b\n|-supereffective|p2b: Kingambit|1\n|-damage|p1a: Hippowdon|0 fnt\n|-damage|p2a: Golurk|48/100\n|-damage|p2b: Kingambit|0 fnt\n|faint|p1a: Hippowdon\n|faint|p2b: Kingambit\n|move|p2a: Golurk|Headlong Rush|p1b: Excadrill\n|-supereffective|p1b: Excadrill|1\n|-damage|p1b: Excadrill|0 fnt\n|-unboost|p2a: Golurk|def|1\n|-unboost|p2a: Golurk|spd|1\n|faint|p1b: Excadrill\n|\n|-weather|Sandstorm|[upkeep]\n|upkeep\n|\n|t:|1776263265\n|switch|p1b: Rotom|Rotom-Mow, L50|4/100\n|switch|p1a: Gengar|Gengar, L50, M|64/100\n|turn|14\n|\n|t:|1776263279\n|move|p1b: Rotom|Leaf Storm|p2a: Golurk\n|-supereffective|p2a: Golurk|1\n|-damage|p2a: Golurk|0 fnt\n|-unboost|p1b: Rotom|spa|2\n|faint|p2a: Golurk\n|\n|win|KogaAF1219\n|raw|KogaAF1219's rating: 1332 &rarr; <strong>1352</strong><br />(+20 for winning)\n|raw|finallyst's rating: 1327 &rarr; <strong>1307</strong><br />(-20 for losing)\n",
  "uploadtime": 1776263281,
  "views": 45,
  "formatid": "gen9championsvgc2026regma",
  "rating": 1307,
  "private": 0,
  "password": null
}