{
  "id": "gen9championsvgc2026regma-2581270947",
  "format": "[Gen 9 Champions] VGC 2026 Reg M-A",
  "players": [
    "mrfelicia",
    "badaaabum"
  ],
  "log": "|j|\u2606mrfelicia\n|j|\u2606badaaabum\n|t:|1775979283\n|gametype|doubles\n|player|p1|mrfelicia|169|1327\n|player|p2|badaaabum|rocketgrunt|1253\n|gen|9\n|tier|[Gen 9 Champions] VGC 2026 Reg M-A\n|rated|\n|rule|Species Clause: Limit one of each Pok\u00e9mon\n|rule|Item Clause: Limit 1 of each item\n|clearpoke\n|poke|p1|Tyranitar, L50, F|\n|poke|p1|Gardevoir, L50, M|\n|poke|p1|Gyarados, L50, M|\n|poke|p1|Excadrill, L50, F|\n|poke|p1|Sinistcha, L50|\n|poke|p1|Rotom-Heat, L50|\n|poke|p2|Espathra, L50, F|\n|poke|p2|Scovillain, L50, M|\n|poke|p2|Gengar, L50, M|\n|poke|p2|Milotic, L50, F|\n|poke|p2|Goodra-Hisui, L50, M|\n|poke|p2|Zoroark-Hisui, L50, M|\n|teampreview|4\n|j| gE1xjZRtuhW2DdT0AK\n|inactive|Battle timer is ON: inactive players will automatically lose when time's up. (requested by badaaabum)\n|\n|t:|1775979300\n|teamsize|p1|4\n|teamsize|p2|4\n|start\n|switch|p1a: Gardevoir|Gardevoir, L50, M|100/100\n|switch|p1b: Excadrill|Excadrill, L50, F|100/100\n|switch|p2a: Espathra|Espathra, L50, F, shiny|100/100\n|switch|p2b: Milotic|Milotic, L50, F, shiny|100/100\n|turn|1\n|j| Azuiir\n|l| Azuiir\n|inactive|badaaabum has 30 seconds left.\n|\n|t:|1775979325\n|move|p2a: Espathra|Protect|p2a: Espathra\n|-singleturn|p2a: Espathra|Protect\n|move|p1b: Excadrill|Earthquake|p2b: Milotic|[spread] p2b\n|-activate|p2a: Espathra|move: Protect\n|-activate|p1a: Gardevoir|ability: Telepathy\n|-damage|p2b: Milotic|67/100\n|move|p1a: Gardevoir|Calm Mind|p1a: Gardevoir\n|-boost|p1a: Gardevoir|spa|1\n|-boost|p1a: Gardevoir|spd|1\n|move|p2b: Milotic|Icy Wind|p1b: Excadrill|[spread] p1a,p1b\n|-damage|p1a: Gardevoir|94/100\n|-damage|p1b: Excadrill|86/100\n|-unboost|p1a: Gardevoir|spe|1\n|-unboost|p1b: Excadrill|spe|1\n|\n|-heal|p2b: Milotic|72/100|[from] item: Leftovers\n|-ability|p2a: Espathra|Speed Boost|boost\n|-boost|p2a: Espathra|spe|1\n|upkeep\n|turn|2\n|inactive|badaaabum has 30 seconds left.\n|\n|t:|1775979355\n|switch|p1b: Sinistcha|Sinistcha, L50|100/100\n|-heal|p1a: Gardevoir|100/100|[from] ability: Hospitality|[of] p1b: Sinistcha\n|detailschange|p1a: Gardevoir|Gardevoir-Mega, L50, M\n|-mega|p1a: Gardevoir|Gardevoir|Gardevoirite\n|move|p2a: Espathra|Baton Pass|p2a: Espathra\n|\n|t:|1775979364\n|switch|p2a: Scovillain|Scovillain, L50, M, shiny|100/100|[from] Baton Pass\n|move|p2b: Milotic|Light Screen|p2b: Milotic\n|-sidestart|p2: badaaabum|move: Light Screen\n|move|p1a: Gardevoir|Hyper Voice|p2a: Scovillain|[spread] p2a,p2b\n|-resisted|p2a: Scovillain|1\n|-damage|p2a: Scovillain|71/100\n|-damage|p2b: Milotic|39/100\n|\n|-heal|p2b: Milotic|45/100|[from] item: Leftovers\n|-ability|p2a: Scovillain|Moody|boost\n|-boost|p2a: Scovillain|spa|2\n|-unboost|p2a: Scovillain|atk|1\n|upkeep\n|turn|3\n|\n|t:|1775979383\n|detailschange|p2a: Scovillain|Scovillain-Mega, L50, M, shiny\n|-mega|p2a: Scovillain|Scovillain|Scovillainite\n|move|p2a: Scovillain|Giga Drain|p1a: Gardevoir\n|-damage|p1a: Gardevoir|61/100\n|-heal|p2a: Scovillain|91/100|[from] drain|[of] p1a: Gardevoir\n|move|p2b: Milotic|Recover|p2b: Milotic\n|-heal|p2b: Milotic|95/100\n|move|p1a: Gardevoir|Calm Mind|p1a: Gardevoir\n|-boost|p1a: Gardevoir|spa|1\n|-boost|p1a: Gardevoir|spd|1\n|move|p1b: Sinistcha|Trick Room|p1b: Sinistcha\n|-fieldstart|move: Trick Room|[of] p1b: Sinistcha\n|\n|-heal|p2b: Milotic|100/100|[from] item: Leftovers\n|upkeep\n|turn|4\n|\n|t:|1775979407\n|move|p1b: Sinistcha|Rage Powder|p1b: Sinistcha\n|-singleturn|p1b: Sinistcha|move: Rage Powder\n|move|p1a: Gardevoir|Calm Mind|p1a: Gardevoir\n|-boost|p1a: Gardevoir|spa|1\n|-boost|p1a: Gardevoir|spd|1\n|move|p2b: Milotic|Scald|p1b: Sinistcha\n|-resisted|p1b: Sinistcha|1\n|-damage|p1b: Sinistcha|85/100\n|move|p2a: Scovillain|Flamethrower|p1b: Sinistcha\n|-supereffective|p1b: Sinistcha|1\n|-crit|p1b: Sinistcha\n|-damage|p1b: Sinistcha|0 fnt\n|faint|p1b: Sinistcha\n|\n|upkeep\n|\n|t:|1775979426\n|switch|p1b: Excadrill|Excadrill, L50, F|86/100\n|turn|5\n|\n|t:|1775979442\n|move|p1a: Gardevoir|Psyshock|p2a: Scovillain\n|-damage|p2a: Scovillain|15/100\n|-status|p1a: Gardevoir|brn|[from] ability: Spicy Spray|[of] p2a: Scovillain\n|move|p2b: Milotic|Scald|p1a: Gardevoir\n|-damage|p1a: Gardevoir|51/100 brn\n|move|p2a: Scovillain|Flamethrower|p1b: Excadrill\n|-supereffective|p1b: Excadrill|1\n|-damage|p1b: Excadrill|0 fnt\n|faint|p1b: Excadrill\n|\n|-damage|p1a: Gardevoir|45/100 brn|[from] brn\n|upkeep\n|\n|t:|1775979453\n|switch|p1b: Rotom|Rotom-Heat, L50|100/100\n|turn|6\n|\n|t:|1775979468\n|move|p2a: Scovillain|Protect|p2a: Scovillain\n|-singleturn|p2a: Scovillain|Protect\n|move|p1a: Gardevoir|Hyper Voice|p2b: Milotic|[spread] p2b\n|-activate|p2a: Scovillain|move: Protect\n|-damage|p2b: Milotic|38/100\n|move|p2b: Milotic|Scald|p1b: Rotom\n|-supereffective|p1b: Rotom|1\n|-damage|p1b: Rotom|24/100\n|move|p1b: Rotom|Trick|p2b: Milotic\n|-activate|p1b: Rotom|move: Trick|[of] p2b: Milotic\n|-item|p2b: Milotic|Choice Scarf|[from] move: Trick\n|-item|p1b: Rotom|Leftovers|[from] move: Trick\n|\n|-heal|p1b: Rotom|30/100|[from] item: Leftovers\n|-damage|p1a: Gardevoir|39/100 brn|[from] brn\n|-sideend|p2: badaaabum|move: Light Screen\n|upkeep\n|turn|7\n|inactive|badaaabum has 30 seconds left.\n|\n|t:|1775979493\n|move|p2a: Scovillain|Protect||[still]\n|-fail|p2a: Scovillain\n|move|p1a: Gardevoir|Hyper Voice|p2a: Scovillain|[spread] p2a,p2b\n|-resisted|p2a: Scovillain|1\n|-damage|p2a: Scovillain|0 fnt\n|-damage|p2b: Milotic|0 fnt\n|faint|p2a: Scovillain\n|faint|p2b: Milotic\n|move|p1b: Rotom|Volt Switch|p2: Scovillain|[notarget]\n|-fail|p1b: Rotom\n|\n|-heal|p1b: Rotom|36/100|[from] item: Leftovers\n|-damage|p1a: Gardevoir|34/100 brn|[from] brn\n|-fieldend|move: Trick Room\n|upkeep\n|\n|t:|1775979507\n|switch|p2b: Goodra|Goodra-Hisui, L50, M, shiny|100/100\n|switch|p2a: Espathra|Espathra, L50, F, shiny|100/100\n|turn|8\n|\n|t:|1775979516\n|move|p2a: Espathra|Lumina Crash|p1b: Rotom\n|-damage|p1b: Rotom|0 fnt\n|faint|p1b: Rotom\n|move|p2b: Goodra|Heavy Slam|p1a: Gardevoir\n|-supereffective|p1a: Gardevoir|1\n|-damage|p1a: Gardevoir|0 fnt\n|faint|p1a: Gardevoir\n|\n|win|badaaabum\n|raw|mrfelicia's rating: 1327 &rarr; <strong>1303</strong><br />(-24 for losing)\n|raw|badaaabum's rating: 1253 &rarr; <strong>1283</strong><br />(+30 for winning)\n|l|\u2606mrfelicia\n|player|p1|\n",
  "uploadtime": 1775979604,
  "views": 23,
  "formatid": "gen9championsvgc2026regma",
  "rating": 1283,
  "private": 0,
  "password": null
}