{
  "id": "gen9championsvgc2026regma-2581826322",
  "format": "[Gen 9 Champions] VGC 2026 Reg M-A",
  "players": [
    "Magia Beyser",
    "loklastaji"
  ],
  "log": "|j|\u2606Magia Beyser\n|j|\u2606loklastaji\n|t:|1776031555\n|gametype|doubles\n|player|p1|Magia Beyser|2|1208\n|player|p2|loklastaji|169|1268\n|gen|9\n|tier|[Gen 9 Champions] VGC 2026 Reg M-A\n|rated|\n|rule|Species Clause: Limit one of each Pok\u00e9mon\n|rule|Item Clause: Limit 1 of each item\n|clearpoke\n|poke|p1|Floette-Eternal, L50, F|\n|poke|p1|Maushold-Four, L50|\n|poke|p1|Glimmora, L50, M|\n|poke|p1|Talonflame, L50, F|\n|poke|p1|Corviknight, L50, F|\n|poke|p1|Garchomp, L50, M|\n|poke|p2|Samurott-Hisui, L50, F|\n|poke|p2|Mamoswine, L50, M|\n|poke|p2|Delphox, L50, M|\n|poke|p2|Tsareena, L50, F|\n|poke|p2|Corviknight, L50, M|\n|poke|p2|Altaria, L50, M|\n|teampreview|4\n|\n|t:|1776031604\n|teamsize|p1|4\n|teamsize|p2|4\n|start\n|switch|p1a: Glimmora|Glimmora, L50, M|100/100\n|switch|p1b: Maushold|Maushold-Four, L50|100/100\n|switch|p2a: Mamoswine|Mamoswine, L50, M|100/100\n|switch|p2b: Corviknight|Corviknight, L50, M|100/100\n|turn|1\n|\n|t:|1776031625\n|move|p2a: Mamoswine|Earthquake|p1b: Maushold|[spread] p1a,p1b\n|-immune|p2b: Corviknight\n|-supereffective|p1a: Glimmora|2\n|-crit|p1a: Glimmora\n|-enditem|p1a: Glimmora|Focus Sash\n|-damage|p1a: Glimmora|1/100\n|-damage|p1b: Maushold|66/100\n|-activate|p1a: Glimmora|ability: Toxic Debris\n|-sidestart|p2: loklastaji|move: Toxic Spikes\n|move|p1a: Glimmora|Power Gem|p2a: Mamoswine\n|-damage|p2a: Mamoswine|43/100\n|move|p1b: Maushold|Super Fang|p2b: Corviknight\n|-damage|p2b: Corviknight|51/100\n|move|p2b: Corviknight|Tailwind|p2b: Corviknight\n|-sidestart|p2: loklastaji|move: Tailwind\n|\n|-heal|p2b: Corviknight|57/100|[from] item: Leftovers\n|upkeep\n|turn|2\n|\n|t:|1776031665\n|move|p1b: Maushold|Protect|p1b: Maushold\n|-singleturn|p1b: Maushold|Protect\n|move|p2a: Mamoswine|Earthquake|p1a: Glimmora|[spread] p1a\n|-activate|p1b: Maushold|move: Protect\n|-immune|p2b: Corviknight\n|-supereffective|p1a: Glimmora|2\n|-damage|p1a: Glimmora|0 fnt\n|-activate|p1a: Glimmora|ability: Toxic Debris\n|-sidestart|p2: loklastaji|move: Toxic Spikes\n|faint|p1a: Glimmora\n|move|p2b: Corviknight|Iron Head|p1b: Maushold\n|-activate|p1b: Maushold|move: Protect\n|\n|-heal|p2b: Corviknight|62/100|[from] item: Leftovers\n|upkeep\n|\n|t:|1776031698\n|switch|p1a: Garchomp|Garchomp, L50, M|100/100\n|turn|3\n|\n|t:|1776031725\n|move|p2a: Mamoswine|Earthquake|p1b: Maushold|[spread] p1a,p1b\n|-immune|p2b: Corviknight\n|-crit|p1a: Garchomp\n|-damage|p1a: Garchomp|61/100\n|-damage|p1b: Maushold|34/100\n|-enditem|p1b: Maushold|Sitrus Berry|[eat]\n|-heal|p1b: Maushold|59/100|[from] item: Sitrus Berry\n|move|p2b: Corviknight|Brave Bird|p1a: Garchomp\n|-damage|p1a: Garchomp|30/100\n|-damage|p2b: Corviknight|50/100|[from] ability: Rough Skin|[of] p1a: Garchomp\n|-damage|p2b: Corviknight|37/100|[from] Recoil\n|move|p1b: Maushold|Super Fang|p2b: Corviknight\n|-damage|p2b: Corviknight|19/100\n|move|p1a: Garchomp|Dragon Claw|p2a: Mamoswine\n|-damage|p2a: Mamoswine|0 fnt\n|faint|p2a: Mamoswine\n|\n|-heal|p2b: Corviknight|25/100|[from] item: Leftovers\n|upkeep\n|\n|t:|1776031746\n|switch|p2a: Delphox|Delphox, L50, M|100/100\n|-status|p2a: Delphox|tox\n|turn|4\n|\n|t:|1776031772\n|detailschange|p2a: Delphox|Delphox-Mega, L50, M\n|-mega|p2a: Delphox|Delphox|Delphoxite\n|move|p1b: Maushold|Protect|p1b: Maushold\n|-singleturn|p1b: Maushold|Protect\n|move|p1a: Garchomp|Protect|p1a: Garchomp\n|-singleturn|p1a: Garchomp|Protect\n|move|p2a: Delphox|Heat Wave|p1a: Garchomp|[spread] \n|-activate|p1a: Garchomp|move: Protect\n|-activate|p1b: Maushold|move: Protect\n|move|p2b: Corviknight|Iron Head|p1a: Garchomp\n|-activate|p1a: Garchomp|move: Protect\n|\n|-heal|p2b: Corviknight|31/100|[from] item: Leftovers\n|-damage|p2a: Delphox|94/100 tox|[from] psn\n|-sideend|p2: loklastaji|move: Tailwind\n|upkeep\n|turn|5\n|\n|t:|1776031800\n|move|p2a: Delphox|Psychic|p1a: Garchomp\n|-damage|p1a: Garchomp|0 fnt\n|faint|p1a: Garchomp\n|move|p1b: Maushold|Super Fang|p2a: Delphox\n|-damage|p2a: Delphox|48/100 tox\n|move|p2b: Corviknight|Iron Head|p1b: Maushold\n|-damage|p1b: Maushold|29/100\n|\n|-heal|p2b: Corviknight|36/100|[from] item: Leftovers\n|-damage|p2a: Delphox|36/100 tox|[from] psn\n|upkeep\n|\n|t:|1776031811\n|switch|p1a: Floette|Floette-Eternal, L50, F|100/100\n|turn|6\n|\n|t:|1776031834\n|detailschange|p1a: Floette|Floette-Mega, L50, F\n|-mega|p1a: Floette|Floette|Floettite\n|-ability|p1a: Floette|Fairy Aura\n|move|p1b: Maushold|Follow Me|p1b: Maushold\n|-singleturn|p1b: Maushold|move: Follow Me\n|move|p2a: Delphox|Heat Wave|p1b: Maushold|[spread] p1a,p1b\n|-damage|p1a: Floette|78/100\n|-damage|p1b: Maushold|0 fnt\n|faint|p1b: Maushold\n|move|p1a: Floette|Dazzling Gleam|p2b: Corviknight|[spread] p2a,p2b\n|-resisted|p2a: Delphox|1\n|-resisted|p2b: Corviknight|1\n|-damage|p2a: Delphox|12/100 tox\n|-damage|p2b: Corviknight|8/100\n|move|p2b: Corviknight|Iron Head|p1a: Floette\n|-supereffective|p1a: Floette|1\n|-damage|p1a: Floette|5/100\n|\n|-heal|p2b: Corviknight|14/100|[from] item: Leftovers\n|-damage|p2a: Delphox|0 fnt|[from] psn\n|faint|p2a: Delphox\n|upkeep\n|\n|t:|1776031853\n|switch|p2a: Samurott|Samurott-Hisui, L50, F|100/100\n|-status|p2a: Samurott|tox\n|turn|7\n|\n|t:|1776031863\n|move|p2b: Corviknight|Protect|p2b: Corviknight\n|-singleturn|p2b: Corviknight|Protect\n|move|p2a: Samurott|Sucker Punch|p1a: Floette\n|-resisted|p1a: Floette|1\n|-damage|p1a: Floette|0 fnt\n|faint|p1a: Floette\n|\n|win|loklastaji\n|raw|Magia Beyser's rating: 1208 &rarr; <strong>1187</strong><br />(-21 for losing)\n|raw|loklastaji's rating: 1268 &rarr; <strong>1289</strong><br />(+21 for winning)\n",
  "uploadtime": 1776031871,
  "views": 15,
  "formatid": "gen9championsvgc2026regma",
  "rating": 1187,
  "private": 0,
  "password": null
}