{
  "id": "gen9championsvgc2026regma-2588122825",
  "format": "[Gen 9 Champions] VGC 2026 Reg M-A",
  "players": [
    "wingedkuribohlvl9",
    "yuriimon"
  ],
  "log": "|j|\u2606wingedkuribohlvl9\n|j|\u2606yuriimon\n|t:|1776606714\n|gametype|doubles\n|player|p1|wingedkuribohlvl9|2|1343\n|player|p2|yuriimon|waitress-gen4|1245\n|gen|9\n|tier|[Gen 9 Champions] VGC 2026 Reg M-A\n|rated|\n|rule|Species Clause: Limit one of each Pok\u00e9mon\n|rule|Item Clause: Limit 1 of each item\n|clearpoke\n|poke|p1|Decidueye-Hisui, L50, F, shiny|\n|poke|p1|Talonflame, L50, F|\n|poke|p1|Farigiraf, L50, M|\n|poke|p1|Arcanine-Hisui, L50, M|\n|poke|p1|Blastoise, L50, F|\n|poke|p1|Kangaskhan, L50, F|\n|poke|p2|Glimmora, L50, F|\n|poke|p2|Incineroar, L50, M|\n|poke|p2|Politoed, L50, M|\n|poke|p2|Basculegion, L50, M|\n|poke|p2|Chesnaught, L50, F|\n|poke|p2|Dragapult, L50, F|\n|teampreview|4\n|inactive|Battle timer is ON: inactive players will automatically lose when time's up. (requested by yuriimon)\n|\n|t:|1776606737\n|teamsize|p1|4\n|teamsize|p2|4\n|start\n|switch|p1a: Decidueye|Decidueye-Hisui, L50, F, shiny|100/100\n|switch|p1b: Talonflame|Talonflame, L50, F|100/100\n|switch|p2a: Chesnaught|Chesnaught, L50, F|100/100\n|switch|p2b: Basculegion|Basculegion, L50, M|100/100\n|turn|1\n|\n|t:|1776606748\n|detailschange|p2a: Chesnaught|Chesnaught-Mega, L50, F\n|-mega|p2a: Chesnaught|Chesnaught|Chesnaughtite\n|move|p1b: Talonflame|Tailwind|p1b: Talonflame\n|-sidestart|p1: wingedkuribohlvl9|move: Tailwind\n|move|p2b: Basculegion|Aqua Jet|p1b: Talonflame\n|-supereffective|p1b: Talonflame|1\n|-damage|p1b: Talonflame|32/100\n|move|p1a: Decidueye|Swords Dance|p1a: Decidueye\n|-boost|p1a: Decidueye|atk|2\n|move|p2a: Chesnaught|Iron Defense|p2a: Chesnaught\n|-boost|p2a: Chesnaught|def|2\n|\n|upkeep\n|turn|2\n|\n|t:|1776606762\n|move|p1b: Talonflame|Quick Guard|p1b: Talonflame\n|-singleturn|p1b: Talonflame|Quick Guard\n|move|p2b: Basculegion|Aqua Jet|p1b: Talonflame\n|-activate|p1b: Talonflame|move: Quick Guard\n|move|p1a: Decidueye|Leaf Blade|p2b: Basculegion\n|-supereffective|p2b: Basculegion|1\n|-crit|p2b: Basculegion\n|-damage|p2b: Basculegion|0 fnt\n|faint|p2b: Basculegion\n|move|p2a: Chesnaught|Body Press|p1a: Decidueye\n|-damage|p1a: Decidueye|0 fnt\n|faint|p1a: Decidueye\n|\n|upkeep\n|\n|t:|1776606776\n|switch|p2b: Politoed|Politoed, L50, M|100/100\n|switch|p1a: Arcanine|Arcanine-Hisui, L50, M|100/100\n|-ability|p1a: Arcanine|Intimidate|boost\n|-unboost|p2a: Chesnaught|atk|1\n|-unboost|p2b: Politoed|atk|1\n|-weather|RainDance|[from] ability: Drizzle|[of] p2b: Politoed\n|turn|3\n|\n|t:|1776606792\n|move|p2a: Chesnaught|Protect|p2a: Chesnaught\n|-singleturn|p2a: Chesnaught|Protect\n|move|p1a: Arcanine|Flare Blitz|p2a: Chesnaught\n|-activate|p2a: Chesnaught|move: Protect\n|move|p1b: Talonflame|Will-O-Wisp|p2a: Chesnaught\n|-activate|p2a: Chesnaught|move: Protect\n|move|p2b: Politoed|Weather Ball|p1b: Talonflame\n|-supereffective|p1b: Talonflame|1\n|-damage|p1b: Talonflame|0 fnt\n|faint|p1b: Talonflame\n|\n|-weather|RainDance|[upkeep]\n|upkeep\n|\n|t:|1776606794\n|switch|p1b: Blastoise|Blastoise, L50, F|100/100\n|turn|4\n|\n|t:|1776606815\n|detailschange|p1b: Blastoise|Blastoise-Mega, L50, F\n|-mega|p1b: Blastoise|Blastoise|Blastoisinite\n|move|p1a: Arcanine|Flare Blitz|p2a: Chesnaught\n|-supereffective|p2a: Chesnaught|1\n|-damage|p2a: Chesnaught|88/100\n|-damage|p1a: Arcanine|96/100|[from] Recoil\n|move|p1b: Blastoise|Ice Beam|p2a: Chesnaught\n|-supereffective|p2a: Chesnaught|1\n|-damage|p2a: Chesnaught|33/100\n|-status|p2a: Chesnaught|frz\n|move|p2b: Politoed|Encore|p1b: Blastoise\n|-start|p1b: Blastoise|Encore\n|cant|p2a: Chesnaught|frz\n|\n|-weather|RainDance|[upkeep]\n|-sideend|p1: wingedkuribohlvl9|move: Tailwind\n|upkeep\n|turn|5\n|\n|t:|1776606832\n|switch|p2a: Incineroar|Incineroar, L50, M|100/100\n|-ability|p2a: Incineroar|Intimidate|boost\n|-unboost|p1a: Arcanine|atk|1\n|-unboost|p1b: Blastoise|atk|1\n|move|p1a: Arcanine|Flare Blitz|p2b: Politoed\n|-resisted|p2b: Politoed|1\n|-damage|p2b: Politoed|92/100\n|-damage|p1a: Arcanine|94/100|[from] Recoil\n|move|p1b: Blastoise|Ice Beam|p2a: Incineroar\n|-resisted|p2a: Incineroar|1\n|-damage|p2a: Incineroar|83/100\n|move|p2b: Politoed|Weather Ball|p1a: Arcanine\n|-supereffective|p1a: Arcanine|2\n|-damage|p1a: Arcanine|0 fnt\n|faint|p1a: Arcanine\n|\n|-weather|RainDance|[upkeep]\n|upkeep\n|turn|6\n|-message|wingedkuribohlvl9 forfeited.\n|\n|win|yuriimon\n|raw|wingedkuribohlvl9's rating: 1343 &rarr; <strong>1318</strong><br />(-25 for losing)\n|raw|yuriimon's rating: 1245 &rarr; <strong>1277</strong><br />(+32 for winning)\n|l|\u2606wingedkuribohlvl9\n|player|p1|\n",
  "uploadtime": 1776606854,
  "views": 12,
  "formatid": "gen9championsvgc2026regma",
  "rating": 1277,
  "private": 0,
  "password": null
}