{
  "id": "gen9championsvgc2026regma-2582786943",
  "format": "[Gen 9 Champions] VGC 2026 Reg M-A",
  "players": [
    "cloud1114",
    "SukyShiro"
  ],
  "log": "|j|\u2606cloud1114\n|j|\u2606SukyShiro\n|t:|1776114087\n|gametype|doubles\n|player|p1|cloud1114|nate|1161\n|player|p2|SukyShiro|1|1245\n|gen|9\n|tier|[Gen 9 Champions] VGC 2026 Reg M-A\n|rated|\n|rule|Species Clause: Limit one of each Pok\u00e9mon\n|rule|Item Clause: Limit 1 of each item\n|clearpoke\n|poke|p1|Floette-Eternal, L50, F|\n|poke|p1|Raichu, L50, M|\n|poke|p1|Whimsicott, L50, F|\n|poke|p1|Kingambit, L50, M|\n|poke|p1|Lycanroc-Dusk, L50, M|\n|poke|p1|Delphox, L50, F|\n|poke|p2|Sneasler, L50, M|\n|poke|p2|Kingambit, L50, M|\n|poke|p2|Clefable, L50, F|\n|poke|p2|Delphox, L50, F|\n|poke|p2|Dragonite, L50, F|\n|poke|p2|Basculegion, L50, M|\n|teampreview|4\n|inactive|Battle timer is ON: inactive players will automatically lose when time's up. (requested by SukyShiro)\nSukyShiro rejected open team sheets.\n|\n|t:|1776114102\n|teamsize|p1|4\n|teamsize|p2|4\n|start\n|switch|p1a: Floette|Floette-Eternal, L50, F|100/100\n|switch|p1b: Whimsicott|Whimsicott, L50, F|100/100\n|switch|p2a: Kingambit|Kingambit, L50, M|100/100\n|switch|p2b: Sneasler|Sneasler, L50, M|100/100\n|turn|1\n|\n|t:|1776114112\n|detailschange|p1a: Floette|Floette-Mega, L50, F\n|-mega|p1a: Floette|Floette|Floettite\n|-ability|p1a: Floette|Fairy Aura\n|move|p2b: Sneasler|Fake Out|p1b: Whimsicott\n|-crit|p1b: Whimsicott\n|-damage|p1b: Whimsicott|66/100\n|cant|p1b: Whimsicott|flinch\n|move|p1a: Floette|Moonblast|p2b: Sneasler\n|-damage|p2b: Sneasler|5/100\n|move|p2a: Kingambit|Swords Dance|p2a: Kingambit\n|-boost|p2a: Kingambit|atk|2\n|\n|upkeep\n|turn|2\n|inactive|cloud1114 has 30 seconds left.\n|\n|t:|1776114138\n|move|p2b: Sneasler|Protect|p2b: Sneasler\n|-singleturn|p2b: Sneasler|Protect\n|move|p1b: Whimsicott|Tailwind|p1b: Whimsicott\n|-sidestart|p1: cloud1114|move: Tailwind\n|move|p2a: Kingambit|Sucker Punch|p1a: Floette\n|-resisted|p1a: Floette|1\n|-damage|p1a: Floette|35/100\n|move|p1a: Floette|Dazzling Gleam|p2a: Kingambit|[spread] p2a\n|-activate|p2b: Sneasler|move: Protect\n|-damage|p2a: Kingambit|52/100\n|\n|upkeep\n|turn|3\n|\n|t:|1776114160\n|move|p1a: Floette|Protect|p1a: Floette\n|-singleturn|p1a: Floette|Protect\n|move|p1b: Whimsicott|Moonblast|p2b: Sneasler\n|-damage|p2b: Sneasler|0 fnt\n|faint|p2b: Sneasler\n|move|p2a: Kingambit|Kowtow Cleave|p1b: Whimsicott\n|-resisted|p1b: Whimsicott|1\n|-damage|p1b: Whimsicott|0 fnt\n|faint|p1b: Whimsicott\n|\n|upkeep\n|\n|t:|1776114174\n|switch|p2b: Basculegion|Basculegion, L50, M|100/100\n|switch|p1b: Raichu|Raichu, L50, M|100/100\n|turn|4\n|\n|t:|1776114189\n|move|p1b: Raichu|Fake Out|p2a: Kingambit\n|-resisted|p2a: Kingambit|1\n|-crit|p2a: Kingambit\n|-damage|p2a: Kingambit|48/100\n|cant|p2a: Kingambit|flinch\n|move|p1a: Floette|Dazzling Gleam|p2b: Basculegion|[spread] p2a,p2b\n|-damage|p2a: Kingambit|0 fnt\n|-damage|p2b: Basculegion|43/100\n|faint|p2a: Kingambit\n|move|p2b: Basculegion|Flip Turn|p1a: Floette\n|-damage|p1a: Floette|0 fnt\n|faint|p1a: Floette\n|\n|t:|1776114200\n|switch|p2b: Delphox|Delphox, L50, F|100/100|[from] Flip Turn\n|\n|upkeep\n|\n|t:|1776114204\n|switch|p1a: Kingambit|Kingambit, L50, M|100/100\n|switch|p2a: Basculegion|Basculegion, L50, M|43/100\n|turn|5\n|\n|t:|1776114215\n|move|p1a: Kingambit|Sucker Punch||[still]\n|-fail|p1a: Kingambit\n|move|p1b: Raichu|Electroweb|p2b: Delphox|[spread] p2a,p2b\n|-supereffective|p2a: Basculegion|1\n|-damage|p2a: Basculegion|11/100\n|-damage|p2b: Delphox|86/100\n|-unboost|p2a: Basculegion|spe|1\n|-unboost|p2b: Delphox|spe|1\n|move|p2a: Basculegion|Wave Crash|p1a: Kingambit\n|-damage|p1a: Kingambit|49/100\n|-damage|p2a: Basculegion|0 fnt|[from] Recoil\n|faint|p2a: Basculegion\n|move|p2b: Delphox|Substitute|p2b: Delphox\n|-start|p2b: Delphox|Substitute\n|-damage|p2b: Delphox|62/100\n|\n|-sideend|p1: cloud1114|move: Tailwind\n|upkeep\n|turn|6\n|\n|t:|1776114234\n|detailschange|p2b: Delphox|Delphox-Mega, L50, F\n|-mega|p2b: Delphox|Delphox|Delphoxite\n|move|p1b: Raichu|Volt Switch|p2b: Delphox\n|-activate|p2b: Delphox|move: Substitute|[damage]\n|move|p2b: Delphox|Heat Wave|p1a: Kingambit|[spread] p1a,p1b\n|-supereffective|p1a: Kingambit|1\n|-crit|p1b: Raichu\n|-damage|p1a: Kingambit|0 fnt\n|-damage|p1b: Raichu|15/100\n|-enditem|p1b: Raichu|Sitrus Berry|[eat]\n|-heal|p1b: Raichu|40/100|[from] item: Sitrus Berry\n|faint|p1a: Kingambit\n|\n|upkeep\n|turn|7\n|\n|t:|1776114247\n|move|p1b: Raichu|Wish|p1b: Raichu\n|move|p2b: Delphox|Heat Wave|p1b: Raichu\n|-damage|p1b: Raichu|0 fnt\n|faint|p1b: Raichu\n|\n|win|SukyShiro\n|raw|cloud1114's rating: 1161 &rarr; <strong>1142</strong><br />(-19 for losing)\n|raw|SukyShiro's rating: 1245 &rarr; <strong>1264</strong><br />(+19 for winning)\n",
  "uploadtime": 1776114257,
  "views": 15,
  "formatid": "gen9championsvgc2026regma",
  "rating": 1142,
  "private": 0,
  "password": null
}