{
  "id": "gen9championsvgc2026regma-2588577030",
  "format": "[Gen 9 Champions] VGC 2026 Reg M-A",
  "players": [
    "Master of Capture",
    "venusaurrr"
  ],
  "log": "|j|\u2606Master of Capture\n|j|\u203dvenusaurrr\n|t:|1776646661\n|gametype|doubles\n|player|p1|Master of Capture|169|1409\n|player|p2|venusaurrr|boarder|1495\n|gen|9\n|tier|[Gen 9 Champions] VGC 2026 Reg M-A\n|rated|\n|rule|Species Clause: Limit one of each Pok\u00e9mon\n|rule|Item Clause: Limit 1 of each item\n|clearpoke\n|poke|p1|Incineroar, L50, M|\n|poke|p1|Sinistcha, L50|\n|poke|p1|Floette-Eternal, L50, F|\n|poke|p1|Gengar, L50, M|\n|poke|p1|Kommo-o, L50, F|\n|poke|p1|Palafin, L50, M|\n|poke|p2|Golurk, L50|\n|poke|p2|Farigiraf, L50, F|\n|poke|p2|Incineroar, L50, M|\n|poke|p2|Torkoal, L50, M|\n|poke|p2|Sneasler, L50, F|\n|poke|p2|Venusaur, L50, F|\n|teampreview|4\n|inactive|Battle timer is ON: inactive players will automatically lose when time's up. (requested by venusaurrr)\n|\n|t:|1776646701\n|teamsize|p1|4\n|teamsize|p2|4\n|start\n|switch|p1a: Kommo-o|Kommo-o, L50, F|100/100\n|switch|p1b: Palafin|Palafin, L50, M|100/100\n|switch|p2a: Incineroar|Incineroar, L50, M|100/100\n|switch|p2b: Farigiraf|Farigiraf, L50, F|100/100\n|-ability|p2a: Incineroar|Intimidate|boost\n|-unboost|p1a: Kommo-o|atk|1\n|-unboost|p1b: Palafin|atk|1\n|turn|1\n|j| Scarret\n|inactive|venusaurrr has 30 seconds left.\n|\n|t:|1776646727\n|detailschange|p1b: Palafin|Palafin-Hero, L50, M\n|switch|p1b: Incineroar|Incineroar, L50, M|100/100\n|-ability|p1b: Incineroar|Intimidate|boost\n|-unboost|p2a: Incineroar|atk|1\n|-unboost|p2b: Farigiraf|atk|1\n|move|p2a: Incineroar|Fake Out|p1a: Kommo-o\n|-crit|p1a: Kommo-o\n|-damage|p1a: Kommo-o|86/100\n|cant|p1a: Kommo-o|flinch\n|move|p2b: Farigiraf|Trick Room|p2b: Farigiraf\n|-fieldstart|move: Trick Room|[of] p2b: Farigiraf\n|\n|-heal|p1a: Kommo-o|92/100|[from] item: Leftovers\n|upkeep\n|turn|2\n|j| Wiselugia\n|\n|t:|1776646748\n|switch|p1a: Palafin|Palafin-Hero, L50, M|100/100\n|-activate|p1a: Palafin|ability: Zero to Hero\n|move|p2b: Farigiraf|Psychic|p1a: Palafin\n|-crit|p1a: Palafin\n|-damage|p1a: Palafin|42/100\n|move|p2a: Incineroar|Parting Shot|p1b: Incineroar\n|-unboost|p1b: Incineroar|atk|1\n|-unboost|p1b: Incineroar|spa|1\n|\n|t:|1776646761\n|switch|p2a: Torkoal|Torkoal, L50, M|100/100|[from] Parting Shot\n|-weather|SunnyDay|[from] ability: Drought|[of] p2a: Torkoal\n|move|p1b: Incineroar|Parting Shot|p2b: Farigiraf\n|-unboost|p2b: Farigiraf|atk|1\n|-unboost|p2b: Farigiraf|spa|1\n|\n|t:|1776646766\n|switch|p1b: Kommo-o|Kommo-o, L50, F|92/100|[from] Parting Shot\n|\n|-weather|SunnyDay|[upkeep]\n|-heal|p1b: Kommo-o|98/100|[from] item: Leftovers\n|upkeep\n|turn|3\n|\n|t:|1776646776\n|switch|p1a: Incineroar|Incineroar, L50, M|100/100\n|-ability|p1a: Incineroar|Intimidate|boost\n|-unboost|p2a: Torkoal|atk|1\n|-unboost|p2b: Farigiraf|atk|1\n|move|p2b: Farigiraf|Helping Hand|p2a: Torkoal\n|-singleturn|p2a: Torkoal|Helping Hand|[of] p2b: Farigiraf\n|move|p1b: Kommo-o|Protect|p1b: Kommo-o\n|-singleturn|p1b: Kommo-o|Protect\n|move|p2a: Torkoal|Eruption|p1a: Incineroar|[spread] p1a\n|-activate|p1b: Kommo-o|move: Protect\n|-resisted|p1a: Incineroar|1\n|-damage|p1a: Incineroar|46/100\n|-enditem|p1a: Incineroar|Sitrus Berry|[eat]\n|-heal|p1a: Incineroar|70/100|[from] item: Sitrus Berry\n|\n|-weather|SunnyDay|[upkeep]\n|-heal|p1b: Kommo-o|100/100|[from] item: Leftovers\n|upkeep\n|turn|4\n|j| NanshanVGC\n|inactive|venusaurrr has 30 seconds left.\n|\n|t:|1776646803\n|move|p2a: Torkoal|Eruption|p1b: Kommo-o|[spread] p1a,p1b\n|-resisted|p1a: Incineroar|1\n|-resisted|p1b: Kommo-o|1\n|-damage|p1a: Incineroar|33/100\n|-damage|p1b: Kommo-o|60/100\n|move|p2b: Farigiraf|Psychic|p1b: Kommo-o\n|-supereffective|p1b: Kommo-o|1\n|-damage|p1b: Kommo-o|11/100\n|move|p1a: Incineroar|Parting Shot|p2a: Torkoal\n|-unboost|p2a: Torkoal|atk|1\n|-unboost|p2a: Torkoal|spa|1\n|\n|t:|1776646821\n|switch|p1a: Palafin|Palafin-Hero, L50, M|42/100|[from] Parting Shot\n|move|p1b: Kommo-o|Clangorous Soul||[still]\n|-fail|p1b: Kommo-o\n|\n|-weather|SunnyDay|[upkeep]\n|-heal|p1b: Kommo-o|17/100|[from] item: Leftovers\n|upkeep\n|turn|5\n|\n|t:|1776646838\n|switch|p2a: Incineroar|Incineroar, L50, M|100/100\n|-ability|p2a: Incineroar|Intimidate|boost\n|-unboost|p1a: Palafin|atk|1\n|-unboost|p1b: Kommo-o|atk|1\n|move|p1a: Palafin|Protect|p1a: Palafin\n|-singleturn|p1a: Palafin|Protect\n|move|p1b: Kommo-o|Protect|p1b: Kommo-o\n|-singleturn|p1b: Kommo-o|Protect\n|move|p2b: Farigiraf|Psychic|p1a: Palafin\n|-activate|p1a: Palafin|move: Protect\n|\n|-weather|SunnyDay|[upkeep]\n|-heal|p1b: Kommo-o|23/100|[from] item: Leftovers\n|-fieldend|move: Trick Room\n|upkeep\n|turn|6\n|\n|t:|1776646855\n|switch|p1b: Incineroar|Incineroar, L50, M|33/100\n|-ability|p1b: Incineroar|Intimidate|boost\n|-unboost|p2a: Incineroar|atk|1\n|-unboost|p2b: Farigiraf|atk|1\n|move|p2a: Incineroar|Fake Out|p1a: Palafin\n|-damage|p1a: Palafin|35/100\n|cant|p1a: Palafin|flinch\n|move|p2b: Farigiraf|Trick Room|p2b: Farigiraf\n|-fieldstart|move: Trick Room|[of] p2b: Farigiraf\n|\n|-weather|none\n|upkeep\n|turn|7\n|\n|t:|1776646871\n|move|p2b: Farigiraf|Psychic|p1a: Palafin\n|-damage|p1a: Palafin|10/100\n|move|p1b: Incineroar|Parting Shot|p2a: Incineroar\n|-unboost|p2a: Incineroar|atk|1\n|-unboost|p2a: Incineroar|spa|1\n|\n|t:|1776646878\n|switch|p1b: Floette|Floette-Eternal, L50, F|100/100|[from] Parting Shot\n|move|p2a: Incineroar|Throat Chop|p1a: Palafin\n|-damage|p1a: Palafin|0 fnt\n|faint|p1a: Palafin\n|\n|upkeep\n|\n|t:|1776646883\n|switch|p1a: Incineroar|Incineroar, L50, M|33/100\n|-ability|p1a: Incineroar|Intimidate|boost\n|-unboost|p2a: Incineroar|atk|1\n|-unboost|p2b: Farigiraf|atk|1\n|turn|8\n|\n|t:|1776646902\n|switch|p2b: Torkoal|Torkoal, L50, M|100/100\n|-weather|SunnyDay|[from] ability: Drought|[of] p2b: Torkoal\n|detailschange|p1b: Floette|Floette-Mega, L50, F\n|-mega|p1b: Floette|Floette|Floettite\n|-ability|p1b: Floette|Fairy Aura\n|move|p1a: Incineroar|Protect|p1a: Incineroar\n|-singleturn|p1a: Incineroar|Protect\n|move|p2a: Incineroar|Parting Shot|p1b: Floette\n|-unboost|p1b: Floette|atk|1\n|-unboost|p1b: Floette|spa|1\n|\n|t:|1776646914\n|switch|p2a: Golurk|Golurk, L50|100/100|[from] Parting Shot\n|move|p1b: Floette|Calm Mind|p1b: Floette\n|-boost|p1b: Floette|spa|1\n|-boost|p1b: Floette|spd|1\n|\n|-weather|SunnyDay|[upkeep]\n|upkeep\n|turn|9\n|\n|t:|1776646927\n|switch|p1a: Kommo-o|Kommo-o, L50, F|23/100\n|detailschange|p2a: Golurk|Golurk-Mega, L50\n|-mega|p2a: Golurk|Golurk|Golurkite\n|move|p1b: Floette|Protect|p1b: Floette\n|-singleturn|p1b: Floette|Protect\n|move|p2b: Torkoal|Weather Ball|p1a: Kommo-o\n|-resisted|p1a: Kommo-o|1\n|-damage|p1a: Kommo-o|0 fnt\n|faint|p1a: Kommo-o\n|move|p2a: Golurk|Headlong Rush|p1b: Floette\n|-ability|p2a: Golurk|Unseen Fist\n|-zbroken|p1b: Floette\n|-damage|p1b: Floette|78/100\n|-unboost|p2a: Golurk|def|1\n|-unboost|p2a: Golurk|spd|1\n|\n|-weather|SunnyDay|[upkeep]\n|upkeep\n|\n|t:|1776646937\n|switch|p1a: Incineroar|Incineroar, L50, M|33/100\n|-ability|p1a: Incineroar|Intimidate|boost\n|-unboost|p2a: Golurk|atk|1\n|-unboost|p2b: Torkoal|atk|1\n|turn|10\n|inactive|venusaurrr has 30 seconds left.\n|inactive|venusaurrr has 20 seconds left.\n|inactive|venusaurrr has 15 seconds left.\n|\n|t:|1776646981\n|move|p1a: Incineroar|Fake Out|p2b: Torkoal\n|-damage|p2b: Torkoal|90/100\n|cant|p2b: Torkoal|flinch\n|move|p2a: Golurk|Headlong Rush|p1b: Floette\n|-damage|p1b: Floette|24/100\n|-unboost|p2a: Golurk|def|1\n|-unboost|p2a: Golurk|spd|1\n|move|p1b: Floette|Calm Mind|p1b: Floette\n|-boost|p1b: Floette|spa|1\n|-boost|p1b: Floette|spd|1\n|\n|-weather|SunnyDay|[upkeep]\n|-fieldend|move: Trick Room\n|upkeep\n|turn|11\n|\n|t:|1776646997\n|move|p2a: Golurk|Protect|p2a: Golurk\n|-singleturn|p2a: Golurk|Protect\n|move|p1b: Floette|Draining Kiss|p2a: Golurk\n|-activate|p2a: Golurk|move: Protect\n|move|p1a: Incineroar|Parting Shot|p2b: Torkoal\n|-unboost|p2b: Torkoal|atk|1\n|-unboost|p2b: Torkoal|spa|1\n|move|p2b: Torkoal|Weather Ball|p1b: Floette\n|-damage|p1b: Floette|5/100\n|\n|-weather|SunnyDay|[upkeep]\n|upkeep\n|turn|12\n|\n|t:|1776647018\n|switch|p2a: Incineroar|Incineroar, L50, M|100/100\n|-ability|p2a: Incineroar|Intimidate|boost\n|-unboost|p1a: Incineroar|atk|1\n|-unboost|p1b: Floette|atk|1\n|switch|p2b: Farigiraf|Farigiraf, L50, F|100/100\n|move|p1b: Floette|Draining Kiss|p2a: Incineroar\n|-damage|p2a: Incineroar|55/100\n|-heal|p1b: Floette|43/100|[from] drain|[of] p2a: Incineroar\n|move|p1a: Incineroar|Flare Blitz|p2b: Farigiraf\n|-damage|p2b: Farigiraf|55/100\n|-damage|p1a: Incineroar|16/100|[from] Recoil\n|\n|-weather|none\n|upkeep\n|turn|13\n|inactive|venusaurrr has 30 seconds left.\n|inactive|venusaurrr has 20 seconds left.\n|inactive|venusaurrr has 15 seconds left.\n|\n|t:|1776647058\n|switch|p2b: Torkoal|Torkoal, L50, M|90/100\n|-weather|SunnyDay|[from] ability: Drought|[of] p2b: Torkoal\n|move|p1b: Floette|Protect|p1b: Floette\n|-singleturn|p1b: Floette|Protect\n|move|p1a: Incineroar|Parting Shot|p2a: Incineroar\n|-unboost|p2a: Incineroar|atk|1\n|-unboost|p2a: Incineroar|spa|1\n|move|p2a: Incineroar|Flare Blitz|p1a: Incineroar\n|-resisted|p1a: Incineroar|1\n|-damage|p1a: Incineroar|0 fnt\n|faint|p1a: Incineroar\n|-damage|p2a: Incineroar|50/100|[from] Recoil\n|\n|-weather|SunnyDay|[upkeep]\n|upkeep\n|turn|14\n|\n|t:|1776647079\n|move|p1b: Floette|Draining Kiss|p2a: Incineroar\n|-damage|p2a: Incineroar|2/100\n|-heal|p1b: Floette|83/100|[from] drain|[of] p2a: Incineroar\n|move|p2a: Incineroar|Flare Blitz|p1b: Floette\n|-damage|p1b: Floette|30/100\n|-damage|p2a: Incineroar|0 fnt|[from] Recoil\n|faint|p2a: Incineroar\n|move|p2b: Torkoal|Weather Ball|p1b: Floette\n|-damage|p1b: Floette|0 fnt\n|faint|p1b: Floette\n|\n|win|venusaurrr\n|raw|Master of Capture's rating: 1409 &rarr; <strong>1394</strong><br />(-15 for losing)\n|raw|venusaurrr's rating: 1495 &rarr; <strong>1510</strong><br />(+15 for winning)\n",
  "uploadtime": 1776647080,
  "views": 10,
  "formatid": "gen9championsvgc2026regma",
  "rating": 1394,
  "private": 0,
  "password": null
}