{
  "id": "gen9championsvgc2026regma-2582294761",
  "format": "[Gen 9 Champions] VGC 2026 Reg M-A",
  "players": [
    "porygon-epilepz",
    "Raynobi"
  ],
  "log": "|j|\u2606porygon-epilepz\n|j|\u2606Raynobi\n|t:|1776080699\n|gametype|doubles\n|player|p1|porygon-epilepz|hiker-gen4|1114\n|player|p2|Raynobi|red|1136\n|gen|9\n|tier|[Gen 9 Champions] VGC 2026 Reg M-A\n|rated|\n|rule|Species Clause: Limit one of each Pok\u00e9mon\n|rule|Item Clause: Limit 1 of each item\n|clearpoke\n|poke|p1|Kommo-o, L50, F|\n|poke|p1|Incineroar, L50, F|\n|poke|p1|Glimmora, L50, F|\n|poke|p1|Sinistcha, L50|\n|poke|p1|Talonflame, L50, F|\n|poke|p1|Orthworm, L50, M|\n|poke|p2|Gengar, L50, F|\n|poke|p2|Whimsicott, L50, M|\n|poke|p2|Incineroar, L50, M|\n|poke|p2|Basculegion, L50, M|\n|poke|p2|Maushold, L50|\n|poke|p2|Kingambit, L50, F|\n|teampreview|4\n|inactive|Battle timer is ON: inactive players will automatically lose when time's up. (requested by Raynobi)\n|\n|t:|1776080724\n|teamsize|p1|4\n|teamsize|p2|4\n|start\n|switch|p1a: Orthworm|Orthworm, L50, M|100/100\n|switch|p1b: Kommo-o|Kommo-o, L50, F|100/100\n|switch|p2a: Gengar|Gengar, L50, F|100/100\n|switch|p2b: Whimsicott|Whimsicott, L50, M|100/100\n|turn|1\n|\n|t:|1776080737\n|detailschange|p2a: Gengar|Gengar-Mega, L50, F\n|-mega|p2a: Gengar|Gengar|Gengarite\n|move|p1b: Kommo-o|Protect|p1b: Kommo-o\n|-singleturn|p1b: Kommo-o|Protect\n|move|p2b: Whimsicott|Tailwind|p2b: Whimsicott\n|-sidestart|p2: Raynobi|move: Tailwind\n|move|p2a: Gengar|Sludge Bomb|p1b: Kommo-o\n|-activate|p1b: Kommo-o|move: Protect\n|move|p1a: Orthworm|Heavy Slam|p2b: Whimsicott\n|-supereffective|p2b: Whimsicott|1\n|-enditem|p2b: Whimsicott|Focus Sash\n|-damage|p2b: Whimsicott|1/100\n|\n|upkeep\n|turn|2\n|\n|t:|1776080754\n|move|p2a: Gengar|Shadow Ball|p1a: Orthworm\n|-damage|p1a: Orthworm|47/100\n|-enditem|p1a: Orthworm|Sitrus Berry|[eat]\n|-heal|p1a: Orthworm|72/100|[from] item: Sitrus Berry\n|move|p2b: Whimsicott|Moonblast|p1b: Kommo-o\n|-supereffective|p1b: Kommo-o|2\n|-damage|p1b: Kommo-o|0 fnt\n|faint|p1b: Kommo-o\n|move|p1a: Orthworm|Heavy Slam|p2b: Whimsicott\n|-supereffective|p2b: Whimsicott|1\n|-damage|p2b: Whimsicott|0 fnt\n|faint|p2b: Whimsicott\n|\n|upkeep\n|\n|t:|1776080773\n|switch|p2b: Maushold|Maushold, L50|100/100\n|switch|p1b: Sinistcha|Sinistcha, L50|100/100\n|-heal|p1a: Orthworm|97/100|[from] ability: Hospitality|[of] p1b: Sinistcha\n|turn|3\n|\n|t:|1776080786\n|move|p1b: Sinistcha|Protect|p1b: Sinistcha\n|-singleturn|p1b: Sinistcha|Protect\n|move|p2a: Gengar|Shadow Ball|p1b: Sinistcha\n|-activate|p1b: Sinistcha|move: Protect\n|move|p2b: Maushold|Super Fang|p1a: Orthworm\n|-damage|p1a: Orthworm|49/100\n|move|p1a: Orthworm|Iron Defense|p1a: Orthworm\n|-boost|p1a: Orthworm|def|2\n|\n|upkeep\n|turn|4\n|\n|t:|1776080804\n|move|p2b: Maushold|Follow Me|p2b: Maushold\n|-singleturn|p2b: Maushold|move: Follow Me\n|move|p2a: Gengar|Shadow Ball|p1b: Sinistcha\n|-supereffective|p1b: Sinistcha|1\n|-crit|p1b: Sinistcha\n|-damage|p1b: Sinistcha|0 fnt\n|faint|p1b: Sinistcha\n|move|p1a: Orthworm|Body Press|p2b: Maushold\n|-supereffective|p2b: Maushold|1\n|-damage|p2b: Maushold|0 fnt\n|faint|p2b: Maushold\n|\n|-sideend|p2: Raynobi|move: Tailwind\n|upkeep\n|\n|t:|1776080812\n|switch|p2b: Basculegion|Basculegion, L50, M|100/100\n|switch|p1b: Glimmora|Glimmora, L50, F|100/100\n|turn|5\n|inactive|porygon-epilepz has 30 seconds left.\n|inactive|porygon-epilepz has 20 seconds left.\n|\n|t:|1776080852\n|detailschange|p1b: Glimmora|Glimmora-Mega, L50, F\n|-mega|p1b: Glimmora|Glimmora|Glimmoranite\n|move|p2b: Basculegion|Wave Crash|p1b: Glimmora\n|-supereffective|p1b: Glimmora|1\n|-damage|p1b: Glimmora|0 fnt\n|faint|p1b: Glimmora\n|-damage|p2b: Basculegion|74/100|[from] Recoil\n|move|p2a: Gengar|Shadow Ball|p1a: Orthworm\n|-damage|p1a: Orthworm|1/100\n|move|p1a: Orthworm|Heavy Slam|p2a: Gengar\n|-damage|p2a: Gengar|47/100\n|\n|upkeep\n|turn|6\n|-message|porygon-epilepz forfeited.\n|\n|win|Raynobi\n|raw|porygon-epilepz's rating: 1114 &rarr; <strong>1091</strong><br />(-23 for losing)\n|raw|Raynobi's rating: 1136 &rarr; <strong>1159</strong><br />(+23 for winning)\n",
  "uploadtime": 1776080702,
  "views": 15,
  "formatid": "gen9championsvgc2026regma",
  "rating": 1091,
  "private": 0,
  "password": null
}