{
  "id": "gen9championsvgc2026regma-2586060446",
  "format": "[Gen 9 Champions] VGC 2026 Reg M-A",
  "players": [
    "Drcheems19",
    "piouytr"
  ],
  "log": "|j|\u2606Drcheems19\n|j|\u2606piouytr\n|t:|1776394810\n|gametype|doubles\n|player|p1|Drcheems19|101|1055\n|player|p2|piouytr|2|1087\n|gen|9\n|tier|[Gen 9 Champions] VGC 2026 Reg M-A\n|rated|\n|rule|Species Clause: Limit one of each Pok\u00e9mon\n|rule|Item Clause: Limit 1 of each item\n|clearpoke\n|poke|p1|Diggersby, L50, F|\n|poke|p1|Heracross, L50, F|\n|poke|p1|Spiritomb, L50, F|\n|poke|p1|Kingambit, L50, F|\n|poke|p1|Torkoal, L50, F|\n|poke|p1|Greninja-*, L50, M|\n|poke|p2|Basculegion, L50, M|\n|poke|p2|Pelipper, L50, M|\n|poke|p2|Meganium, L50, M|\n|poke|p2|Incineroar, L50, M|\n|poke|p2|Blastoise, L50, M|\n|poke|p2|Archaludon, L50, F|\n|teampreview|4\n|inactive|Battle timer is ON: inactive players will automatically lose when time's up. (requested by piouytr)\n|\n|t:|1776394820\n|teamsize|p1|4\n|teamsize|p2|4\n|start\n|switch|p1a: Diggersby|Diggersby, L50, F|100/100\n|switch|p1b: Spiritomb|Spiritomb, L50, F|100/100\n|switch|p2a: Pelipper|Pelipper, L50, M|100/100\n|switch|p2b: Incineroar|Incineroar, L50, M|100/100\n|-ability|p2b: Incineroar|Intimidate|boost\n|-unboost|p1a: Diggersby|atk|1\n|-unboost|p1b: Spiritomb|atk|1\n|-weather|RainDance|[from] ability: Drizzle|[of] p2a: Pelipper\n|-ability|p1b: Spiritomb|Pressure\n|turn|1\n|\n|t:|1776394834\n|move|p1a: Diggersby|Protect|p1a: Diggersby\n|-singleturn|p1a: Diggersby|Protect\n|move|p2b: Incineroar|Fake Out|p1a: Diggersby\n|-activate|p1a: Diggersby|move: Protect\n|move|p2a: Pelipper|Tailwind|p2a: Pelipper\n|-sidestart|p2: piouytr|move: Tailwind\n|move|p1b: Spiritomb|Trick Room|p1b: Spiritomb\n|-fieldstart|move: Trick Room|[of] p1b: Spiritomb\n|\n|-weather|RainDance|[upkeep]\n|upkeep\n|turn|2\n|inactive|piouytr has 30 seconds left.\n|\n|t:|1776394864\n|switch|p2b: Archaludon|Archaludon, L50, F|100/100\n|move|p1b: Spiritomb|Will-O-Wisp|p1a: Diggersby\n|-status|p1a: Diggersby|brn\n|move|p1a: Diggersby|Facade|p2a: Pelipper\n|-damage|p2a: Pelipper|0 fnt\n|faint|p2a: Pelipper\n|\n|-weather|RainDance|[upkeep]\n|-damage|p1a: Diggersby|94/100 brn|[from] brn\n|upkeep\n|\n|t:|1776394868\n|switch|p2a: Incineroar|Incineroar, L50, M|100/100\n|-ability|p2a: Incineroar|Intimidate|boost\n|-unboost|p1a: Diggersby|atk|1\n|-unboost|p1b: Spiritomb|atk|1\n|turn|3\n|\n|t:|1776394881\n|switch|p1a: Torkoal|Torkoal, L50, F|100/100\n|-weather|SunnyDay|[from] ability: Drought|[of] p1a: Torkoal\n|move|p2a: Incineroar|Fake Out|p1a: Torkoal\n|-damage|p1a: Torkoal|92/100\n|move|p1b: Spiritomb|Foul Play|p2a: Incineroar\n|-resisted|p2a: Incineroar|1\n|-damage|p2a: Incineroar|78/100\n|move|p2b: Archaludon|Electro Shot||[still]\n|-prepare|p2b: Archaludon|Electro Shot\n|-boost|p2b: Archaludon|spa|1\n|\n|-weather|SunnyDay|[upkeep]\n|upkeep\n|turn|4\n|\n|t:|1776394899\n|move|p1a: Torkoal|Eruption|p2b: Archaludon|[spread] p2a,p2b\n|-resisted|p2a: Incineroar|1\n|-damage|p2a: Incineroar|32/100\n|-damage|p2b: Archaludon|0 fnt\n|-enditem|p2a: Incineroar|Sitrus Berry|[eat]\n|-heal|p2a: Incineroar|56/100|[from] item: Sitrus Berry\n|faint|p2b: Archaludon\n|move|p1b: Spiritomb|Foul Play|p2a: Incineroar\n|-resisted|p2a: Incineroar|1\n|-damage|p2a: Incineroar|32/100\n|move|p2a: Incineroar|Darkest Lariat|p1b: Spiritomb\n|-damage|p1b: Spiritomb|69/100\n|\n|-weather|SunnyDay|[upkeep]\n|-sideend|p2: piouytr|move: Tailwind\n|upkeep\n|\n|t:|1776394903\n|switch|p2b: Blastoise|Blastoise, L50, M|100/100\n|turn|5\n|\n|t:|1776394927\n|detailschange|p2b: Blastoise|Blastoise-Mega, L50, M\n|-mega|p2b: Blastoise|Blastoise|Blastoisinite\n|move|p1a: Torkoal|Eruption|p2b: Blastoise|[spread] p2a,p2b\n|-resisted|p2a: Incineroar|1\n|-resisted|p2b: Blastoise|1\n|-damage|p2a: Incineroar|0 fnt\n|-damage|p2b: Blastoise|57/100\n|faint|p2a: Incineroar\n|move|p1b: Spiritomb|Foul Play|p2b: Blastoise\n|-damage|p2b: Blastoise|29/100\n|move|p2b: Blastoise|Dark Pulse|p1a: Torkoal\n|-damage|p1a: Torkoal|37/100\n|\n|-weather|SunnyDay|[upkeep]\n|-fieldend|move: Trick Room\n|upkeep\n|turn|6\n|\n|t:|1776394941\n|move|p1a: Torkoal|Protect|p1a: Torkoal\n|-singleturn|p1a: Torkoal|Protect\n|move|p2b: Blastoise|Surf|p1b: Spiritomb|[spread] p1b\n|-activate|p1a: Torkoal|move: Protect\n|-damage|p1b: Spiritomb|53/100\n|move|p1b: Spiritomb|Trick Room|p1b: Spiritomb\n|-fieldstart|move: Trick Room|[of] p1b: Spiritomb\n|\n|-weather|SunnyDay|[upkeep]\n|upkeep\n|turn|7\n|c|\u2606Drcheems19|ez bot?\n|\n|t:|1776394955\n|move|p1a: Torkoal|Solar Beam||[still]\n|-prepare|p1a: Torkoal|Solar Beam\n|-anim|p1a: Torkoal|Solar Beam|p2b: Blastoise\n|-supereffective|p2b: Blastoise|1\n|-damage|p2b: Blastoise|0 fnt\n|faint|p2b: Blastoise\n|\n|win|Drcheems19\n|raw|Drcheems19's rating: 1055 &rarr; <strong>1090</strong><br />(+35 for winning)\n|raw|piouytr's rating: 1087 &rarr; <strong>1062</strong><br />(-25 for losing)\n|c|\u2606piouytr|gg\n",
  "uploadtime": 1776394961,
  "views": 28,
  "formatid": "gen9championsvgc2026regma",
  "rating": 1062,
  "private": 0,
  "password": null
}