{
  "id": "gen9championsvgc2026regma-2584078541",
  "format": "[Gen 9 Champions] VGC 2026 Reg M-A",
  "players": [
    "Aekyn",
    "albedowo"
  ],
  "log": "|j|\u2606Aekyn\n|j|\u2606albedowo\n|t:|1776222932\n|gametype|doubles\n|player|p1|Aekyn|bugcatcher-gen4dp|1090\n|player|p2|albedowo|170|1000\n|gen|9\n|tier|[Gen 9 Champions] VGC 2026 Reg M-A\n|rated|\n|rule|Species Clause: Limit one of each Pok\u00e9mon\n|rule|Item Clause: Limit 1 of each item\n|clearpoke\n|poke|p1|Cofagrigus, L50, F|\n|poke|p1|Scovillain, L50, F|\n|poke|p1|Sinistcha, L50|\n|poke|p1|Florges-Blue, L50, F|\n|poke|p1|Greninja-*, L50, F|\n|poke|p1|Vaporeon, L50, F|\n|poke|p2|Milotic, L50, F|\n|poke|p2|Incineroar, L50, F|\n|poke|p2|Garchomp, L50, M|\n|poke|p2|Delphox, L50, F|\n|poke|p2|Whimsicott, L50, M|\n|poke|p2|Klefki, L50, M|\n|teampreview|4\n|inactive|Battle timer is ON: inactive players will automatically lose when time's up. (requested by Aekyn)\n|inactive|albedowo has 60 seconds left.\n|\n|t:|1776222987\n|teamsize|p1|4\n|teamsize|p2|4\n|start\n|switch|p1a: Greninja|Greninja, L50, F|100/100\n|switch|p1b: Vaporeon|Vaporeon, L50, F|100/100\n|switch|p2a: Milotic|Milotic, L50, F, shiny|100/100\n|switch|p2b: Incineroar|Incineroar, L50, F|100/100\n|-ability|p2b: Incineroar|Intimidate|boost\n|-unboost|p1a: Greninja|atk|1\n|-unboost|p1b: Vaporeon|atk|1\n|turn|1\n|\n|t:|1776223010\n|detailschange|p1a: Greninja|Greninja-Mega, L50, F\n|-mega|p1a: Greninja|Greninja|Greninjite\n|move|p2b: Incineroar|Protect|p2b: Incineroar\n|-singleturn|p2b: Incineroar|Protect\n|move|p1a: Greninja|Role Play|p1b: Vaporeon\n|-start|p1a: Greninja|typechange|Psychic|[from] ability: Protean\n|-ability|p1a: Greninja|Water Absorb|Protean|[from] move: Role Play|[of] p1b: Vaporeon\n|move|p2a: Milotic|Icy Wind|p1a: Greninja|[spread] p1a,p1b\n|-resisted|p1b: Vaporeon|1\n|-damage|p1a: Greninja|90/100\n|-damage|p1b: Vaporeon|98/100\n|-unboost|p1a: Greninja|spe|1\n|-unboost|p1b: Vaporeon|spe|1\n|move|p1b: Vaporeon|Calm Mind|p1b: Vaporeon\n|-boost|p1b: Vaporeon|spa|1\n|-boost|p1b: Vaporeon|spd|1\n|\n|-heal|p1b: Vaporeon|100/100|[from] item: Leftovers\n|upkeep\n|turn|2\n|\n|t:|1776223034\n|move|p1a: Greninja|Surf|p2b: Incineroar|[spread] p2a,p2b\n|-immune|p1b: Vaporeon|[from] ability: Water Absorb\n|-resisted|p2a: Milotic|1\n|-crit|p2a: Milotic\n|-supereffective|p2b: Incineroar|1\n|-damage|p2a: Milotic|85/100\n|-damage|p2b: Incineroar|60/100\n|move|p2a: Milotic|Icy Wind|p1b: Vaporeon|[spread] p1a,p1b\n|-resisted|p1b: Vaporeon|1\n|-crit|p1b: Vaporeon\n|-damage|p1a: Greninja|80/100\n|-damage|p1b: Vaporeon|95/100\n|-unboost|p1a: Greninja|spe|1\n|-unboost|p1b: Vaporeon|spe|1\n|-heal|p2a: Milotic|87/100|[from] item: Shell Bell|[of] p1b: Vaporeon\n|move|p2b: Incineroar|Flare Blitz|p1a: Greninja\n|-crit|p1a: Greninja\n|-damage|p1a: Greninja|0 fnt\n|faint|p1a: Greninja\n|-damage|p2b: Incineroar|41/100|[from] Recoil\n|-enditem|p2b: Incineroar|Sitrus Berry|[eat]\n|-heal|p2b: Incineroar|65/100|[from] item: Sitrus Berry\n|move|p1b: Vaporeon|Surf|p2a: Milotic|[spread] p2a,p2b\n|-resisted|p2a: Milotic|1\n|-supereffective|p2b: Incineroar|1\n|-damage|p2a: Milotic|69/100\n|-damage|p2b: Incineroar|0 fnt\n|faint|p2b: Incineroar\n|\n|-heal|p1b: Vaporeon|100/100|[from] item: Leftovers\n|upkeep\n|inactive|Aekyn has 30 seconds left.\n|inactive|albedowo has 30 seconds left.\n|\n|t:|1776223061\n|switch|p1a: Cofagrigus|Cofagrigus, L50, F|100/100\n|switch|p2b: Garchomp|Garchomp, L50, M|100/100\n|turn|3\n|\n|t:|1776223080\n|move|p2b: Garchomp|Dragon Claw|p1b: Vaporeon\n|-damage|p1b: Vaporeon|56/100\n|move|p2a: Milotic|Scald|p1a: Cofagrigus\n|-damage|p1a: Cofagrigus|69/100\n|-heal|p2a: Milotic|72/100|[from] item: Shell Bell|[of] p1a: Cofagrigus\n|move|p1b: Vaporeon|Calm Mind|p1b: Vaporeon\n|-boost|p1b: Vaporeon|spa|1\n|-boost|p1b: Vaporeon|spd|1\n|move|p1a: Cofagrigus|Trick Room|p1a: Cofagrigus\n|-fieldstart|move: Trick Room|[of] p1a: Cofagrigus\n|\n|-heal|p1b: Vaporeon|62/100|[from] item: Leftovers\n|upkeep\n|turn|4\n|inactive|Aekyn has 30 seconds left.\n|inactive|Aekyn has 20 seconds left.\n|\n|t:|1776223121\n|switch|p2b: Whimsicott|Whimsicott, L50, M|100/100\n|move|p1b: Vaporeon|Surf|p2b: Whimsicott|[spread] p1a,p2a,p2b\n|-resisted|p2a: Milotic|1\n|-crit|p2a: Milotic\n|-resisted|p2b: Whimsicott|1\n|-damage|p1a: Cofagrigus|1/100\n|-damage|p2a: Milotic|36/100\n|-damage|p2b: Whimsicott|59/100\n|move|p1a: Cofagrigus|Hex|p2a: Milotic\n|-damage|p2a: Milotic|15/100\n|move|p2a: Milotic|Scald|p1a: Cofagrigus\n|-damage|p1a: Cofagrigus|0 fnt\n|faint|p1a: Cofagrigus\n|-heal|p2a: Milotic|16/100|[from] item: Shell Bell|[of] p1: Cofagrigus\n|\n|-heal|p1b: Vaporeon|68/100|[from] item: Leftovers\n|upkeep\n|\n|t:|1776223135\n|switch|p1a: Sinistcha|Sinistcha, L50|100/100\n|-heal|p1b: Vaporeon|93/100|[from] ability: Hospitality|[of] p1a: Sinistcha\n|turn|5\n|inactive|albedowo has 30 seconds left.\n|\n|t:|1776223165\n|move|p2a: Milotic|Protect|p2a: Milotic\n|-singleturn|p2a: Milotic|Protect\n|move|p1b: Vaporeon|Calm Mind|p1b: Vaporeon\n|-boost|p1b: Vaporeon|spa|1\n|-boost|p1b: Vaporeon|spd|1\n|move|p1a: Sinistcha|Matcha Gotcha|p2b: Whimsicott|[spread] p2b\n|-activate|p2a: Milotic|move: Protect\n|-resisted|p2b: Whimsicott|1\n|-damage|p2b: Whimsicott|32/100\n|-status|p2b: Whimsicott|brn\n|move|p2b: Whimsicott|Moonblast|p1b: Vaporeon\n|-damage|p1b: Vaporeon|85/100\n|\n|-heal|p1b: Vaporeon|91/100|[from] item: Leftovers\n|-damage|p2b: Whimsicott|26/100 brn|[from] brn\n|upkeep\n|turn|6\n|\n|t:|1776223185\n|move|p2b: Whimsicott|Encore|p1b: Vaporeon\n|-start|p1b: Vaporeon|Encore\n|move|p1b: Vaporeon|Calm Mind|p1b: Vaporeon\n|-boost|p1b: Vaporeon|spa|1\n|-boost|p1b: Vaporeon|spd|1\n|move|p1a: Sinistcha|Matcha Gotcha|p2a: Milotic|[spread] p2b\n|-miss|p1a: Sinistcha|p2a: Milotic\n|-resisted|p2b: Whimsicott|1\n|-damage|p2b: Whimsicott|0 fnt\n|faint|p2b: Whimsicott\n|move|p2a: Milotic|Recover|p2a: Milotic\n|-heal|p2a: Milotic|66/100\n|\n|-heal|p1b: Vaporeon|97/100|[from] item: Leftovers\n|upkeep\n|\n|t:|1776223195\n|switch|p2b: Garchomp|Garchomp, L50, M|100/100\n|turn|7\n|\n|t:|1776223212\n|move|p1b: Vaporeon|Calm Mind|p1b: Vaporeon\n|-boost|p1b: Vaporeon|spa|1\n|-boost|p1b: Vaporeon|spd|1\n|move|p1a: Sinistcha|Scald|p2b: Garchomp\n|-damage|p2b: Garchomp|68/100\n|-status|p2b: Garchomp|brn\n|move|p2a: Milotic|Icy Wind|p1b: Vaporeon|[spread] p1a,p1b\n|-supereffective|p1a: Sinistcha|1\n|-resisted|p1b: Vaporeon|1\n|-damage|p1a: Sinistcha|80/100\n|-damage|p1b: Vaporeon|96/100\n|-unboost|p1a: Sinistcha|spe|1\n|-unboost|p1b: Vaporeon|spe|1\n|-heal|p2a: Milotic|68/100|[from] item: Shell Bell|[of] p1b: Vaporeon\n|move|p2b: Garchomp|Dragon Claw|p1b: Vaporeon\n|-damage|p1b: Vaporeon|70/100\n|\n|-heal|p1b: Vaporeon|76/100|[from] item: Leftovers\n|-damage|p2b: Garchomp|62/100 brn|[from] brn\n|-fieldend|move: Trick Room\n|upkeep\n|turn|8\n|\n|t:|1776223236\n|move|p2b: Garchomp|Dragon Claw|p1b: Vaporeon\n|-damage|p1b: Vaporeon|55/100\n|move|p2a: Milotic|Icy Wind|p1a: Sinistcha|[spread] p1a,p1b\n|-supereffective|p1a: Sinistcha|1\n|-resisted|p1b: Vaporeon|1\n|-damage|p1a: Sinistcha|57/100\n|-damage|p1b: Vaporeon|54/100\n|-unboost|p1a: Sinistcha|spe|1\n|-unboost|p1b: Vaporeon|spe|1\n|-heal|p2a: Milotic|70/100|[from] item: Shell Bell|[of] p1b: Vaporeon\n|move|p1a: Sinistcha|Strength Sap|p2b: Garchomp\n|-unboost|p2b: Garchomp|atk|1\n|-heal|p1a: Sinistcha|100/100\n|move|p1b: Vaporeon|Calm Mind|p1b: Vaporeon\n|-boost|p1b: Vaporeon|spa|1\n|-boost|p1b: Vaporeon|spd|1\n|\n|-heal|p1b: Vaporeon|60/100|[from] item: Leftovers\n|-damage|p2b: Garchomp|56/100 brn|[from] brn\n|-end|p1b: Vaporeon|Encore\n|upkeep\n|turn|9\n|-message|albedowo forfeited.\n|\n|win|Aekyn\n|raw|Aekyn's rating: 1090 &rarr; <strong>1110</strong><br />(+20 for winning)\n|raw|albedowo's rating: 1000 &rarr; <strong>1000</strong><br />(+0 for losing)\n|l|\u2606albedowo\n|player|p2|\n",
  "uploadtime": 1776223257,
  "views": 19,
  "formatid": "gen9championsvgc2026regma",
  "rating": 1000,
  "private": 0,
  "password": null
}