{
  "id": "gen9championsvgc2026regma-2586192400",
  "format": "[Gen 9 Champions] VGC 2026 Reg M-A",
  "players": [
    "cosmitx",
    "caustic soda"
  ],
  "log": "|j|\u2606cosmitx\n|j|\u2606caustic soda\n|t:|1776410653\n|gametype|doubles\n|player|p1|cosmitx|169|1157\n|player|p2|caustic soda|1|1241\n|gen|9\n|tier|[Gen 9 Champions] VGC 2026 Reg M-A\n|rated|\n|rule|Species Clause: Limit one of each Pok\u00e9mon\n|rule|Item Clause: Limit 1 of each item\n|clearpoke\n|poke|p1|Salazzle, L50, F|\n|poke|p1|Whimsicott, L50, F|\n|poke|p1|Raichu, L50, F|\n|poke|p1|Gallade, L50, M|\n|poke|p1|Ninetales-Alola, L50, M|\n|poke|p1|Manectric, L50, F|\n|poke|p2|Chandelure, L50, M|\n|poke|p2|Charizard, L50, F|\n|poke|p2|Raichu, L50, F|\n|poke|p2|Garchomp, L50, M|\n|poke|p2|Torkoal, L50, F|\n|poke|p2|Mimikyu, L50, F|\n|teampreview|4\n|inactive|Battle timer is ON: inactive players will automatically lose when time's up. (requested by cosmitx)\n|inactive|cosmitx has 60 seconds left.\n|inactive|cosmitx has 30 seconds left.\n|inactive|cosmitx has 20 seconds left.\n|inactive|cosmitx has 15 seconds left.\n|\n|t:|1776410736\n|teamsize|p1|4\n|teamsize|p2|4\n|start\n|switch|p1a: Gallade|Gallade, L50, M, shiny|100/100\n|switch|p1b: Whimsicott|Whimsicott, L50, F, shiny|100/100\n|switch|p2a: Chandelure|Chandelure, L50, M, shiny|100/100\n|switch|p2b: Mimikyu|Mimikyu, L50, F|100/100\n|turn|1\n|\n|t:|1776410754\n|move|p1b: Whimsicott|Taunt|p2b: Mimikyu\n|-start|p2b: Mimikyu|move: Taunt\n|-enditem|p2b: Mimikyu|Mental Herb\n|-end|p2b: Mimikyu|move: Taunt\n|move|p2a: Chandelure|Shadow Ball|p1a: Gallade\n|-supereffective|p1a: Gallade|1\n|-damage|p1a: Gallade|0 fnt\n|faint|p1a: Gallade\n|move|p2b: Mimikyu|Trick Room|p2b: Mimikyu\n|-fieldstart|move: Trick Room|[of] p2b: Mimikyu\n|\n|upkeep\n|\n|t:|1776410767\n|switch|p1a: Manectric|Manectric, L50, F, shiny|100/100\n|turn|2\n|\n|t:|1776410789\n|switch|p2a: Garchomp|Garchomp, L50, M, shiny|100/100\n|detailschange|p1a: Manectric|Manectric-Mega, L50, F, shiny\n|-mega|p1a: Manectric|Manectric|Manectite\n|-ability|p1a: Manectric|Intimidate|boost\n|-unboost|p2a: Garchomp|atk|1\n|-unboost|p2b: Mimikyu|atk|1\n|-enditem|p2a: Garchomp|White Herb\n|-clearnegativeboost|p2a: Garchomp|[silent]\n|move|p1a: Manectric|Protect|p1a: Manectric\n|-singleturn|p1a: Manectric|Protect\n|move|p2b: Mimikyu|Play Rough|p1b: Whimsicott\n|-damage|p1b: Whimsicott|60/100\n|move|p1b: Whimsicott|Moonblast|p2a: Garchomp\n|-supereffective|p2a: Garchomp|1\n|-damage|p2a: Garchomp|24/100\n|\n|upkeep\n|turn|3\n|\n|t:|1776410813\n|switch|p2b: Chandelure|Chandelure, L50, M, shiny|100/100\n|move|p2a: Garchomp|Stomping Tantrum|p1a: Manectric\n|-supereffective|p1a: Manectric|1\n|-damage|p1a: Manectric|0 fnt\n|faint|p1a: Manectric\n|move|p1b: Whimsicott|Moonblast|p2a: Garchomp\n|-supereffective|p2a: Garchomp|1\n|-damage|p2a: Garchomp|0 fnt\n|faint|p2a: Garchomp\n|\n|upkeep\n|\n|t:|1776410822\n|switch|p2a: Torkoal|Torkoal, L50, F|100/100\n|switch|p1a: Ninetales|Ninetales-Alola, L50, M|100/100\n|-weather|SunnyDay|[from] ability: Drought|[of] p2a: Torkoal\n|-weather|Snowscape|[from] ability: Snow Warning|[of] p1a: Ninetales\n|turn|4\n|\n|t:|1776410839\n|move|p1a: Ninetales|Protect|p1a: Ninetales\n|-singleturn|p1a: Ninetales|Protect\n|move|p2a: Torkoal|Eruption|p1a: Ninetales|[spread] p1b\n|-activate|p1a: Ninetales|move: Protect\n|-supereffective|p1b: Whimsicott|1\n|-damage|p1b: Whimsicott|0 fnt\n|faint|p1b: Whimsicott\n|move|p2b: Chandelure|Heat Wave|p1a: Ninetales\n|-activate|p1a: Ninetales|move: Protect\n|\n|-weather|Snowscape|[upkeep]\n|upkeep\n|turn|5\n|-message|cosmitx forfeited.\n|\n|win|caustic soda\n|raw|cosmitx's rating: 1157 &rarr; <strong>1138</strong><br />(-19 for losing)\n|raw|caustic soda's rating: 1241 &rarr; <strong>1260</strong><br />(+19 for winning)\n|l|\u2606cosmitx\n|player|p1|\n",
  "uploadtime": 1776410870,
  "views": 27,
  "formatid": "gen9championsvgc2026regma",
  "rating": 1138,
  "private": 0,
  "password": null
}