{
  "id": "gen9championsvgc2026regma-2588235536",
  "format": "[Gen 9 Champions] VGC 2026 Reg M-A",
  "players": [
    "drizzleswim",
    "youlookgreattoday"
  ],
  "log": "|j|\u2606drizzleswim\n|j|\u2606youlookgreattoday\n|t:|1776616825\n|gametype|doubles\n|player|p1|drizzleswim|102|1183\n|player|p2|youlookgreattoday|265|1239\n|gen|9\n|tier|[Gen 9 Champions] VGC 2026 Reg M-A\n|rated|\n|rule|Species Clause: Limit one of each Pok\u00e9mon\n|rule|Item Clause: Limit 1 of each item\n|clearpoke\n|poke|p1|Whimsicott, L50, F|\n|poke|p1|Meowstic, L50, M|\n|poke|p1|Alakazam, L50, M|\n|poke|p1|Incineroar, L50, F|\n|poke|p1|Maushold-Four, L50|\n|poke|p1|Oranguru, L50, M|\n|poke|p2|Floette-Eternal, L50, F|\n|poke|p2|Whimsicott, L50, F|\n|poke|p2|Dragapult, L50, F|\n|poke|p2|Sneasler, L50, M|\n|poke|p2|Ninetales-Alola, L50, F|\n|poke|p2|Volcarona, L50, F|\n|teampreview|4\n|inactive|Battle timer is ON: inactive players will automatically lose when time's up. (requested by youlookgreattoday)\n|inactive|drizzleswim also wants the timer to be on.\n|inactive|drizzleswim has 60 seconds left.\n|inactive|youlookgreattoday has 60 seconds left.\n|\n|t:|1776616861\n|teamsize|p1|4\n|teamsize|p2|4\n|start\n|switch|p1a: Whimsicott|Whimsicott, L50, F|100/100\n|switch|p1b: Incineroar|Incineroar, L50, F|100/100\n|switch|p2a: Floette|Floette-Eternal, L50, F|100/100\n|switch|p2b: Ninetales|Ninetales-Alola, L50, F|100/100\n|-weather|Snowscape|[from] ability: Snow Warning|[of] p2b: Ninetales\n|-ability|p1b: Incineroar|Intimidate|boost\n|-unboost|p2a: Floette|atk|1\n|-unboost|p2b: Ninetales|atk|1\n|turn|1\n|\n|t:|1776616878\n|detailschange|p2a: Floette|Floette-Mega, L50, F\n|-mega|p2a: Floette|Floette|Floettite\n|-ability|p2a: Floette|Fairy Aura\n|move|p1a: Whimsicott|Tailwind|p1a: Whimsicott\n|-sidestart|p1: drizzleswim|move: Tailwind\n|move|p1b: Incineroar|Flare Blitz|p2b: Ninetales\n|-supereffective|p2b: Ninetales|1\n|-damage|p2b: Ninetales|0 fnt\n|faint|p2b: Ninetales\n|-damage|p1b: Incineroar|72/100|[from] Recoil\n|move|p2a: Floette|Dazzling Gleam|p1a: Whimsicott|[spread] p1a,p1b\n|-damage|p1a: Whimsicott|21/100\n|-damage|p1b: Incineroar|18/100\n|\n|-weather|Snowscape|[upkeep]\n|upkeep\n|\n|t:|1776616890\n|switch|p2b: Whimsicott|Whimsicott, L50, F|100/100\n|turn|2\n|inactive|drizzleswim has 30 seconds left.\n|\n|t:|1776616922\n|move|p1a: Whimsicott|Fake Tears|p2a: Floette\n|-unboost|p2a: Floette|spd|2\n|move|p2b: Whimsicott|Tailwind|p2b: Whimsicott\n|-sidestart|p2: youlookgreattoday|move: Tailwind\n|move|p2a: Floette|Dazzling Gleam|p1a: Whimsicott|[spread] p1a,p1b\n|-damage|p1a: Whimsicott|0 fnt\n|-damage|p1b: Incineroar|0 fnt\n|faint|p1a: Whimsicott\n|faint|p1b: Incineroar\n|\n|-weather|Snowscape|[upkeep]\n|upkeep\n|\n|t:|1776616927\n|switch|p1a: Alakazam|Alakazam, L50, M|100/100\n|switch|p1b: Meowstic|Meowstic, L50, M|100/100\n|turn|3\n|\n|t:|1776616938\n|detailschange|p1a: Alakazam|Alakazam-Mega, L50, M\n|-mega|p1a: Alakazam|Alakazam|Alakazite\n|-ability|p1a: Alakazam|Prankster|Trace|[from] ability: Trace|[of] p2b: Whimsicott\n|move|p2a: Floette|Protect|p2a: Floette\n|-singleturn|p2a: Floette|Protect\n|move|p1b: Meowstic|Psychic Terrain|p1b: Meowstic\n|-fieldstart|move: Psychic Terrain\n|move|p1a: Alakazam|Expanding Force|p2b: Whimsicott|[spread] p2b\n|-activate|p2a: Floette|move: Protect\n|-damage|p2b: Whimsicott|0 fnt\n|faint|p2b: Whimsicott\n|\n|-weather|Snowscape|[upkeep]\n|upkeep\n|\n|t:|1776616948\n|switch|p2b: Sneasler|Sneasler, L50, M|100/100\n|turn|4\n|\n|t:|1776616965\n|move|p2b: Sneasler|Protect|p2b: Sneasler\n|-singleturn|p2b: Sneasler|Protect\n|move|p1a: Alakazam|Expanding Force|p2a: Floette|[spread] p2a\n|-activate|p2b: Sneasler|move: Protect\n|-damage|p2a: Floette|0 fnt\n|faint|p2a: Floette\n|move|p1b: Meowstic|Expanding Force|p2b: Sneasler\n|-activate|p2b: Sneasler|move: Protect\n|\n|-weather|Snowscape|[upkeep]\n|-sideend|p1: drizzleswim|move: Tailwind\n|upkeep\n|turn|5\n|-message|youlookgreattoday forfeited.\n|\n|win|drizzleswim\n|raw|drizzleswim's rating: 1183 &rarr; <strong>1212</strong><br />(+29 for winning)\n|raw|youlookgreattoday's rating: 1239 &rarr; <strong>1210</strong><br />(-29 for losing)\n|l|\u2606youlookgreattoday\n|player|p2|\n",
  "uploadtime": 1776616978,
  "views": 16,
  "formatid": "gen9championsvgc2026regma",
  "rating": 1210,
  "private": 0,
  "password": null
}