{
  "id": "gen9championsvgc2026regma-2582540743",
  "format": "[Gen 9 Champions] VGC 2026 Reg M-A",
  "players": [
    "Regarel",
    "hyunbelievable"
  ],
  "log": "|j|\u2606Regarel\n|j|\u2606hyunbelievable\n|t:|1776098197\n|gametype|doubles\n|player|p1|Regarel|pokemaniac|1000\n|player|p2|hyunbelievable|guzma|1000\n|gen|9\n|tier|[Gen 9 Champions] VGC 2026 Reg M-A\n|rated|\n|rule|Species Clause: Limit one of each Pok\u00e9mon\n|rule|Item Clause: Limit 1 of each item\n|clearpoke\n|poke|p1|Weavile, L50, F|\n|poke|p1|Lycanroc-Dusk, L50, M|\n|poke|p1|Whimsicott, L50, M|\n|poke|p1|Arcanine, L50, M|\n|poke|p1|Lucario, L50, M|\n|poke|p1|Clefable, L50, F|\n|poke|p2|Blastoise, L50, M|\n|poke|p2|Maushold, L50|\n|poke|p2|Pelipper, L50, M|\n|poke|p2|Volcarona, L50, F|\n|poke|p2|Archaludon, L50, F|\n|poke|p2|Mimikyu, L50, F|\n|teampreview|4\n|\n|t:|1776098221\n|teamsize|p1|4\n|teamsize|p2|4\n|start\n|switch|p1a: Whimsicott|Whimsicott, L50, M|100/100\n|switch|p1b: Arcanine|Arcanine, L50, M|100/100\n|switch|p2a: The Defect|Blastoise, L50, M|100/100\n|switch|p2b: The Silent|Maushold, L50|100/100\n|-ability|p1b: Arcanine|Intimidate|boost\n|-unboost|p2a: The Defect|atk|1\n|-unboost|p2b: The Silent|atk|1\n|turn|1\n|\n|t:|1776098244\n|switch|p2a: The Necrobinder|Mimikyu, L50, F|100/100\n|move|p1a: Whimsicott|Sunny Day|p1a: Whimsicott\n|-weather|SunnyDay\n|move|p2b: The Silent|Population Bomb|p1a: Whimsicott\n|-damage|p1a: Whimsicott|90/100\n|-damage|p1a: Whimsicott|80/100\n|-damage|p1a: Whimsicott|71/100\n|-crit|p1a: Whimsicott\n|-damage|p1a: Whimsicott|48/100\n|-damage|p1a: Whimsicott|37/100\n|-damage|p1a: Whimsicott|26/100\n|-damage|p1a: Whimsicott|17/100\n|-damage|p1a: Whimsicott|6/100\n|-damage|p1a: Whimsicott|0 fnt\n|faint|p1a: Whimsicott\n|-hitcount|p1: Whimsicott|9\n|move|p1b: Arcanine|Snarl|p2b: The Silent|[spread] p2a,p2b\n|-crit|p2b: The Silent\n|-activate|p2a: The Necrobinder|ability: Disguise\n|-damage|p2a: The Necrobinder|100/100\n|-damage|p2b: The Silent|75/100\n|-unboost|p2a: The Necrobinder|spa|1\n|-unboost|p2b: The Silent|spa|1\n|detailschange|p2a: The Necrobinder|Mimikyu-Busted, L50, F\n|-damage|p2a: The Necrobinder|88/100|[from] pokemon: Mimikyu-Busted\n|\n|-weather|SunnyDay|[upkeep]\n|upkeep\n|\n|t:|1776098273\n|switch|p1a: Clefable|Clefable, L50, F|100/100\n|turn|2\n|\n|t:|1776098292\n|switch|p2b: The Regent|Pelipper, L50, M|100/100\n|-weather|RainDance|[from] ability: Drizzle|[of] p2b: The Regent\n|detailschange|p1a: Clefable|Clefable-Mega, L50, F\n|-mega|p1a: Clefable|Clefable|Clefablite\n|move|p2a: The Necrobinder|Play Rough|p1a: Clefable\n|-damage|p1a: Clefable|67/100\n|-unboost|p1a: Clefable|atk|1\n|move|p1b: Arcanine|Heat Wave|p2a: The Necrobinder|[spread] p2a,p2b\n|-resisted|p2b: The Regent|1\n|-damage|p2a: The Necrobinder|71/100\n|-damage|p2b: The Regent|87/100\n|move|p1a: Clefable|Dazzling Gleam|p2b: The Regent|[spread] p2a,p2b\n|-damage|p2a: The Necrobinder|36/100\n|-damage|p2b: The Regent|30/100\n|\n|-weather|RainDance|[upkeep]\n|upkeep\n|turn|3\n|\n|t:|1776098317\n|move|p2b: The Regent|Tailwind|p2b: The Regent\n|-sidestart|p2: hyunbelievable|move: Tailwind\n|move|p2a: The Necrobinder|Play Rough|p1a: Clefable\n|-damage|p1a: Clefable|30/100\n|move|p1b: Arcanine|Snarl|p2a: The Necrobinder|[spread] p2a,p2b\n|-damage|p2a: The Necrobinder|21/100\n|-damage|p2b: The Regent|9/100\n|-unboost|p2a: The Necrobinder|spa|1\n|-unboost|p2b: The Regent|spa|1\n|move|p1a: Clefable|Dazzling Gleam|p2b: The Regent|[spread] p2a,p2b\n|-damage|p2a: The Necrobinder|0 fnt\n|-damage|p2b: The Regent|0 fnt\n|faint|p2a: The Necrobinder\n|faint|p2b: The Regent\n|\n|-weather|RainDance|[upkeep]\n|upkeep\n|\n|t:|1776098322\n|switch|p2b: The Silent|Maushold, L50|75/100\n|switch|p2a: The Defect|Blastoise, L50, M|100/100\n|turn|4\n|\n|t:|1776098343\n|detailschange|p2a: The Defect|Blastoise-Mega, L50, M\n|-mega|p2a: The Defect|Blastoise|Blastoisinite\n|move|p2b: The Silent|Population Bomb|p1b: Arcanine\n|-crit|p1b: Arcanine\n|-damage|p1b: Arcanine|83/100\n|-hitcount|p1b: Arcanine|1\n|move|p2a: The Defect|Shell Smash|p2a: The Defect\n|-unboost|p2a: The Defect|def|1\n|-unboost|p2a: The Defect|spd|1\n|-boost|p2a: The Defect|atk|2\n|-boost|p2a: The Defect|spa|2\n|-boost|p2a: The Defect|spe|2\n|move|p1b: Arcanine|Snarl|p2b: The Silent|[spread] p2a,p2b\n|-damage|p2a: The Defect|84/100\n|-damage|p2b: The Silent|59/100\n|-unboost|p2a: The Defect|spa|1\n|-unboost|p2b: The Silent|spa|1\n|move|p1a: Clefable|Dazzling Gleam|p2b: The Silent|[spread] p2a,p2b\n|-damage|p2a: The Defect|36/100\n|-damage|p2b: The Silent|19/100\n|\n|-weather|RainDance|[upkeep]\n|-heal|p1b: Arcanine|89/100|[from] item: Leftovers\n|upkeep\n|turn|5\n|\n|t:|1776098385\n|move|p2a: The Defect|Water Spout|p1b: Arcanine|[spread] p1a,p1b\n|-supereffective|p1b: Arcanine|1\n|-damage|p1a: Clefable|0 fnt\n|-damage|p1b: Arcanine|0 fnt\n|faint|p1a: Clefable\n|faint|p1b: Arcanine\n|move|p2b: The Silent|Population Bomb|p1: Clefable|[notarget]\n|-fail|p2b: The Silent\n|\n|-weather|RainDance|[upkeep]\n|upkeep\n|c|\u2606Regarel|Do you have a Neow on that team?\n|\n|t:|1776098398\n|switch|p1b: Weavile|Weavile, L50, F|100/100\n|turn|6\n|c|\u2606hyunbelievable|My last SV team was all the Ancients lol\n|c|\u2606Regarel|Awesome.\n|\n|t:|1776098424\n|move|p1b: Weavile|Fake Out|p2a: The Defect\n|-damage|p2a: The Defect|18/100\n|cant|p2a: The Defect|flinch\n|move|p2b: The Silent|Population Bomb|p1b: Weavile\n|-damage|p1b: Weavile|83/100\n|-damage|p1b: Weavile|64/100\n|-damage|p1b: Weavile|47/100\n|-damage|p1b: Weavile|29/100\n|-damage|p1b: Weavile|10/100\n|-damage|p1b: Weavile|0 fnt\n|faint|p1b: Weavile\n|-hitcount|p1: Weavile|6\n|\n|win|hyunbelievable\n|raw|Regarel's rating: 1000 &rarr; <strong>1000</strong><br />(+0 for losing)\n|raw|hyunbelievable's rating: 1000 &rarr; <strong>1040</strong><br />(+40 for winning)\n|c|\u2606hyunbelievable|ggwp\n|c|\u2606Regarel|gg\n",
  "uploadtime": 1776098437,
  "views": 9,
  "formatid": "gen9championsvgc2026regma",
  "rating": 1000,
  "private": 0,
  "password": null
}