{
  "id": "gen9championsvgc2026regma-2585906853",
  "format": "[Gen 9 Champions] VGC 2026 Reg M-A",
  "players": [
    "alacran",
    "BroDontFuckWithMe"
  ],
  "log": "|j|\u2606alacran\n|j|\u2606BroDontFuckWithMe\n|t:|1776380302\n|gametype|doubles\n|player|p1|alacran|volkner|1331\n|player|p2|BroDontFuckWithMe|169|1284\n|gen|9\n|tier|[Gen 9 Champions] VGC 2026 Reg M-A\n|rated|\n|rule|Species Clause: Limit one of each Pok\u00e9mon\n|rule|Item Clause: Limit 1 of each item\n|clearpoke\n|poke|p1|Incineroar, L50, F|\n|poke|p1|Sneasler, L50, M|\n|poke|p1|Sinistcha, L50|\n|poke|p1|Farigiraf, L50, M|\n|poke|p1|Kangaskhan, L50, F|\n|poke|p1|Zoroark-Hisui, L50, M|\n|poke|p2|Starmie, L50|\n|poke|p2|Rotom-Heat, L50|\n|poke|p2|Excadrill, L50, M|\n|poke|p2|Sinistcha, L50|\n|poke|p2|Tyranitar, L50, F|\n|poke|p2|Gardevoir, L50, M|\n|teampreview|4\n|\n|t:|1776380347\n|teamsize|p1|4\n|teamsize|p2|4\n|start\n|switch|p1a: Sneasler|Sneasler, L50, M|100/100\n|switch|p1b: Kangaskhan|Kangaskhan, L50, F|100/100\n|switch|p2a: Starmie|Starmie, L50|100/100\n|switch|p2b: Gardevoir|Gardevoir, L50, M|100/100\n|turn|1\n|\n|t:|1776380367\n|detailschange|p1b: Kangaskhan|Kangaskhan-Mega, L50, F\n|-mega|p1b: Kangaskhan|Kangaskhan|Kangaskhanite\n|move|p2a: Starmie|Protect|p2a: Starmie\n|-singleturn|p2a: Starmie|Protect\n|move|p1b: Kangaskhan|Fake Out|p2a: Starmie\n|-activate|p2a: Starmie|move: Protect\n|move|p2b: Gardevoir|Psyshock|p1a: Sneasler\n|-supereffective|p1a: Sneasler|2\n|-enditem|p1a: Sneasler|Focus Sash\n|-damage|p1a: Sneasler|1/100\n|move|p1a: Sneasler|Coaching|p1b: Kangaskhan\n|-boost|p1b: Kangaskhan|atk|1\n|-boost|p1b: Kangaskhan|def|1\n|\n|upkeep\n|turn|2\n|\n|t:|1776380385\n|switch|p1a: Sinistcha|Sinistcha, L50|100/100\n|switch|p2b: Excadrill|Excadrill, L50, M|100/100\n|switch|p2a: Tyranitar|Tyranitar, L50, F|100/100\n|-weather|Sandstorm|[from] ability: Sand Stream|[of] p2a: Tyranitar\n|move|p1b: Kangaskhan|Sucker Punch||[still]\n|-fail|p1b: Kangaskhan\n|\n|-weather|Sandstorm|[upkeep]\n|-damage|p1b: Kangaskhan|94/100|[from] Sandstorm\n|-damage|p1a: Sinistcha|94/100|[from] Sandstorm\n|-heal|p1a: Sinistcha|100/100|[from] item: Leftovers\n|upkeep\n|turn|3\n|\n|t:|1776380405\n|move|p1a: Sinistcha|Rage Powder|p1a: Sinistcha\n|-singleturn|p1a: Sinistcha|move: Rage Powder\n|move|p2b: Excadrill|Iron Head|p1a: Sinistcha\n|-damage|p1a: Sinistcha|58/100\n|move|p1b: Kangaskhan|Drain Punch|p2a: Tyranitar\n|-supereffective|p2a: Tyranitar|2\n|-damage|p2a: Tyranitar|0 fnt\n|-heal|p1b: Kangaskhan|100/100|[from] drain|[of] p2a: Tyranitar\n|faint|p2a: Tyranitar\n|-hitcount|p2: Tyranitar|1\n|\n|-weather|Sandstorm|[upkeep]\n|-damage|p1b: Kangaskhan|94/100|[from] Sandstorm\n|-damage|p1a: Sinistcha|52/100|[from] Sandstorm\n|-heal|p1a: Sinistcha|58/100|[from] item: Leftovers\n|upkeep\n|\n|t:|1776380409\n|switch|p2a: Gardevoir|Gardevoir, L50, M|100/100\n|turn|4\n|\n|t:|1776380426\n|move|p1a: Sinistcha|Rage Powder|p1a: Sinistcha\n|-singleturn|p1a: Sinistcha|move: Rage Powder\n|move|p2b: Excadrill|Earthquake|p1b: Kangaskhan|[spread] p1a,p1b\n|-activate|p2a: Gardevoir|ability: Telepathy\n|-resisted|p1a: Sinistcha|1\n|-damage|p1a: Sinistcha|40/100\n|-damage|p1b: Kangaskhan|71/100\n|move|p2a: Gardevoir|Dazzling Gleam|p1a: Sinistcha|[spread] p1a,p1b\n|-damage|p1a: Sinistcha|11/100\n|-damage|p1b: Kangaskhan|44/100\n|move|p1b: Kangaskhan|Drain Punch|p2b: Excadrill\n|-supereffective|p2b: Excadrill|1\n|-enditem|p2b: Excadrill|Focus Sash\n|-damage|p2b: Excadrill|1/100\n|-heal|p1b: Kangaskhan|88/100|[from] drain|[of] p2b: Excadrill\n|-supereffective|p2b: Excadrill|1\n|-damage|p2b: Excadrill|0 fnt\n|-heal|p1b: Kangaskhan|89/100|[from] drain|[of] p2b: Excadrill\n|faint|p2b: Excadrill\n|-hitcount|p2: Excadrill|2\n|\n|-weather|Sandstorm|[upkeep]\n|-damage|p2a: Gardevoir|95/100|[from] Sandstorm\n|-damage|p1b: Kangaskhan|83/100|[from] Sandstorm\n|-damage|p1a: Sinistcha|4/100|[from] Sandstorm\n|-heal|p1a: Sinistcha|11/100|[from] item: Leftovers\n|upkeep\n|\n|t:|1776380431\n|switch|p2b: Starmie|Starmie, L50|100/100\n|turn|5\n|\n|t:|1776380461\n|detailschange|p2b: Starmie|Starmie-Mega, L50\n|-mega|p2b: Starmie|Starmie|Starminite\n|move|p1a: Sinistcha|Rage Powder|p1a: Sinistcha\n|-singleturn|p1a: Sinistcha|move: Rage Powder\n|move|p2b: Starmie|Aqua Jet|p1a: Sinistcha\n|-resisted|p1a: Sinistcha|1\n|-damage|p1a: Sinistcha|0 fnt\n|faint|p1a: Sinistcha\n|move|p1b: Kangaskhan|Sucker Punch|p2a: Gardevoir\n|-damage|p2a: Gardevoir|33/100\n|-damage|p2a: Gardevoir|18/100\n|-hitcount|p2a: Gardevoir|2\n|move|p2a: Gardevoir|Dazzling Gleam|p1b: Kangaskhan\n|-damage|p1b: Kangaskhan|49/100\n|\n|-weather|Sandstorm|[upkeep]\n|-damage|p2a: Gardevoir|12/100|[from] Sandstorm\n|-damage|p2b: Starmie|95/100|[from] Sandstorm\n|-damage|p1b: Kangaskhan|42/100|[from] Sandstorm\n|upkeep\n|\n|t:|1776380481\n|switch|p1a: Incineroar|Incineroar, L50, F|100/100\n|-ability|p1a: Incineroar|Intimidate|boost\n|-unboost|p2a: Gardevoir|atk|1\n|-unboost|p2b: Starmie|atk|1\n|turn|6\n|\n|t:|1776380488\n|move|p1a: Incineroar|Fake Out|p2b: Starmie\n|-damage|p2b: Starmie|81/100\n|move|p1b: Kangaskhan|Sucker Punch|p2a: Gardevoir\n|-damage|p2a: Gardevoir|0 fnt\n|faint|p2a: Gardevoir\n|-hitcount|p2: Gardevoir|1\n|cant|p2b: Starmie|flinch\n|\n|-weather|none\n|upkeep\n|turn|7\n|\n|t:|1776380502\n|move|p2b: Starmie|Liquidation|p1a: Incineroar\n|-supereffective|p1a: Incineroar|1\n|-damage|p1a: Incineroar|19/100\n|move|p1b: Kangaskhan|Body Slam|p2b: Starmie\n|-damage|p2b: Starmie|0 fnt\n|faint|p2b: Starmie\n|-hitcount|p2: Starmie|1\n|\n|win|alacran\n|raw|alacran's rating: 1331 &rarr; <strong>1348</strong><br />(+17 for winning)\n|raw|BroDontFuckWithMe's rating: 1284 &rarr; <strong>1262</strong><br />(-22 for losing)\n",
  "uploadtime": 1776380502,
  "views": 25,
  "formatid": "gen9championsvgc2026regma",
  "rating": 1262,
  "private": 0,
  "password": null
}