{
  "id": "gen9championsvgc2026regma-2582733410",
  "format": "[Gen 9 Champions] VGC 2026 Reg M-A",
  "players": [
    "finishedfiend",
    "WaluigiVGC"
  ],
  "log": "|j|\u2606finishedfiend\n|j|\u2606WaluigiVGC\n|t:|1776110356\n|gametype|doubles\n|player|p1|finishedfiend|elesa|1161\n|player|p2|WaluigiVGC|102|1185\n|gen|9\n|tier|[Gen 9 Champions] VGC 2026 Reg M-A\n|rated|\n|rule|Species Clause: Limit one of each Pok\u00e9mon\n|rule|Item Clause: Limit 1 of each item\n|clearpoke\n|poke|p1|Floette-Eternal, L50, F|\n|poke|p1|Talonflame, L50, F|\n|poke|p1|Primarina, L50, M|\n|poke|p1|Maushold, L50|\n|poke|p1|Garchomp, L50, M|\n|poke|p1|Incineroar, L50, M|\n|poke|p2|Archaludon, L50, F|\n|poke|p2|Pelipper, L50, M|\n|poke|p2|Sneasler, L50, M|\n|poke|p2|Incineroar, L50, F|\n|poke|p2|Basculegion, L50, M|\n|poke|p2|Gengar, L50, F|\n|teampreview|4\n|inactive|Battle timer is ON: inactive players will automatically lose when time's up. (requested by WaluigiVGC)\n|\n|t:|1776110423\n|teamsize|p1|4\n|teamsize|p2|4\n|start\n|switch|p1a: Incineroar|Incineroar, L50, M|100/100\n|switch|p1b: Garchomp|Garchomp, L50, M|100/100\n|switch|p2a: Sneasler|Sneasler, L50, M|100/100\n|switch|p2b: Basculegion|Basculegion, L50, M|100/100\n|-ability|p1a: Incineroar|Intimidate|boost\n|-unboost|p2a: Sneasler|atk|1\n|-unboost|p2b: Basculegion|atk|1\n|-enditem|p2a: Sneasler|White Herb\n|-clearnegativeboost|p2a: Sneasler|[silent]\n|turn|1\n|inactive|finishedfiend has 30 seconds left.\n|inactive|WaluigiVGC has 30 seconds left.\n|inactive|WaluigiVGC has 20 seconds left.\n|\n|t:|1776110460\n|move|p2a: Sneasler|Fake Out|p1b: Garchomp\n|-damage|p1b: Garchomp|84/100\n|-damage|p2a: Sneasler|88/100|[from] ability: Rough Skin|[of] p1b: Garchomp\n|move|p2b: Basculegion|Wave Crash|p1a: Incineroar\n|-supereffective|p1a: Incineroar|1\n|-damage|p1a: Incineroar|1/100\n|-enditem|p1a: Incineroar|Sitrus Berry|[eat]\n|-heal|p1a: Incineroar|26/100|[from] item: Sitrus Berry\n|-damage|p2b: Basculegion|67/100|[from] Recoil\n|cant|p1b: Garchomp|flinch\n|move|p1a: Incineroar|Throat Chop|p2b: Basculegion\n|-supereffective|p2b: Basculegion|1\n|-damage|p2b: Basculegion|0 fnt\n|faint|p2b: Basculegion\n|\n|upkeep\n|\n|t:|1776110482\n|switch|p2b: Pelipper|Pelipper, L50, M|100/100\n|-weather|RainDance|[from] ability: Drizzle|[of] p2b: Pelipper\n|turn|2\n|\n|t:|1776110494\n|move|p2a: Sneasler|Protect|p2a: Sneasler\n|-singleturn|p2a: Sneasler|Protect\n|move|p1b: Garchomp|Stomping Tantrum|p2a: Sneasler\n|-activate|p2a: Sneasler|move: Protect\n|move|p2b: Pelipper|Tailwind|p2b: Pelipper\n|-sidestart|p2: WaluigiVGC|move: Tailwind\n|move|p1a: Incineroar|Parting Shot|p2a: Sneasler\n|-activate|p2a: Sneasler|move: Protect\n|\n|-weather|RainDance|[upkeep]\n|upkeep\n|turn|3\n|\n|t:|1776110514\n|move|p2a: Sneasler|Close Combat|p1a: Incineroar\n|-supereffective|p1a: Incineroar|1\n|-damage|p1a: Incineroar|0 fnt\n|-unboost|p2a: Sneasler|def|1\n|-unboost|p2a: Sneasler|spd|1\n|faint|p1a: Incineroar\n|move|p2b: Pelipper|Weather Ball|p1b: Garchomp\n|-damage|p1b: Garchomp|14/100\n|move|p1b: Garchomp|Stomping Tantrum|p2a: Sneasler\n|-supereffective|p2a: Sneasler|1\n|-damage|p2a: Sneasler|0 fnt\n|faint|p2a: Sneasler\n|\n|-weather|RainDance|[upkeep]\n|upkeep\n|\n|t:|1776110531\n|switch|p2a: Archaludon|Archaludon, L50, F|100/100\n|switch|p1a: Talonflame|Talonflame, L50, F|100/100\n|turn|4\n|\n|t:|1776110549\n|move|p2a: Archaludon|Protect|p2a: Archaludon\n|-singleturn|p2a: Archaludon|Protect\n|move|p1a: Talonflame|Tailwind|p1a: Talonflame\n|-sidestart|p1: finishedfiend|move: Tailwind\n|move|p1b: Garchomp|Stomping Tantrum|p2a: Archaludon\n|-activate|p2a: Archaludon|move: Protect\n|move|p2b: Pelipper|Weather Ball|p1b: Garchomp\n|-damage|p1b: Garchomp|0 fnt\n|faint|p1b: Garchomp\n|\n|-weather|RainDance|[upkeep]\n|upkeep\n|\n|t:|1776110558\n|switch|p1b: Primarina|Primarina, L50, M|100/100\n|turn|5\n|\n|t:|1776110575\n|move|p1a: Talonflame|Protect|p1a: Talonflame\n|-singleturn|p1a: Talonflame|Protect\n|move|p2a: Archaludon|Electro Shot||[still]\n|-prepare|p2a: Archaludon|Electro Shot\n|-boost|p2a: Archaludon|spa|1\n|-anim|p2a: Archaludon|Electro Shot|p1b: Primarina\n|-supereffective|p1b: Primarina|1\n|-damage|p1b: Primarina|0 fnt\n|faint|p1b: Primarina\n|move|p2b: Pelipper|Weather Ball|p1a: Talonflame\n|-activate|p1a: Talonflame|move: Protect\n|\n|-weather|RainDance|[upkeep]\n|-sideend|p2: WaluigiVGC|move: Tailwind\n|upkeep\n|turn|6\n|-message|finishedfiend forfeited.\n|\n|win|WaluigiVGC\n|raw|finishedfiend's rating: 1161 &rarr; <strong>1138</strong><br />(-23 for losing)\n|raw|WaluigiVGC's rating: 1185 &rarr; <strong>1208</strong><br />(+23 for winning)\n|l|\u2606finishedfiend\n|player|p1|\n",
  "uploadtime": 1776110590,
  "views": 20,
  "formatid": "gen9championsvgc2026regma",
  "rating": 1138,
  "private": 0,
  "password": null
}