{
  "id": "gen9championsvgc2026regma-2585774196",
  "format": "[Gen 9 Champions] VGC 2026 Reg M-A",
  "players": [
    "Govek314",
    "Dampeons"
  ],
  "log": "|j|\u2606Govek314\n|j|\u2606Dampeons\n|t:|1776369674\n|gametype|doubles\n|player|p1|Govek314|266|1271\n|player|p2|Dampeons|102|1339\n|gen|9\n|tier|[Gen 9 Champions] VGC 2026 Reg M-A\n|rated|\n|rule|Species Clause: Limit one of each Pok\u00e9mon\n|rule|Item Clause: Limit 1 of each item\n|clearpoke\n|poke|p1|Tyranitar, L50, F|\n|poke|p1|Excadrill, L50, F|\n|poke|p1|Meganium, L50, M|\n|poke|p1|Sneasler, L50, F|\n|poke|p1|Dragapult, L50, F|\n|poke|p1|Rotom-Wash, L50|\n|poke|p2|Excadrill, L50, M|\n|poke|p2|Tyranitar, L50, F|\n|poke|p2|Sinistcha, L50|\n|poke|p2|Sneasler, L50, F|\n|poke|p2|Rotom-Wash, L50|\n|poke|p2|Talonflame, L50, F|\n|teampreview|4\n|c|\u2606Dampeons|good taste\n|c|\u2606Govek314|yeah really\n|\n|t:|1776369777\n|teamsize|p1|4\n|teamsize|p2|4\n|start\n|switch|p1a: Sneasler|Sneasler, L50, F|100/100\n|switch|p1b: Rotom|Rotom-Wash, L50|100/100\n|switch|p2a: Sneasler|Sneasler, L50, F|100/100\n|switch|p2b: Rotom|Rotom-Wash, L50|100/100\n|turn|1\n|c|\u2606Dampeons|very good taste\n|c|\u2606Govek314|Great minds think alike\n|\n|t:|1776369820\n|move|p2a: Sneasler|Fake Out|p1a: Sneasler\n|-damage|p1a: Sneasler|76/100\n|move|p2b: Rotom|Electroweb|p1a: Sneasler|[spread] p1a,p1b\n|-damage|p1a: Sneasler|51/100\n|-damage|p1b: Rotom|77/100\n|-unboost|p1a: Sneasler|spe|1\n|-unboost|p1b: Rotom|spe|1\n|-enditem|p1a: Sneasler|White Herb\n|-clearnegativeboost|p1a: Sneasler|[silent]\n|cant|p1a: Sneasler|flinch\n|move|p1b: Rotom|Hydro Pump|p2a: Sneasler\n|-damage|p2a: Sneasler|25/100\n|\n|upkeep\n|turn|2\n|\n|t:|1776369847\n|move|p2a: Sneasler|Protect|p2a: Sneasler\n|-singleturn|p2a: Sneasler|Protect\n|move|p1a: Sneasler|Close Combat|p2b: Rotom\n|-damage|p2b: Rotom|0 fnt\n|-unboost|p1a: Sneasler|def|1\n|-unboost|p1a: Sneasler|spd|1\n|faint|p2b: Rotom\n|move|p1b: Rotom|Hydro Pump|p2a: Sneasler\n|-activate|p2a: Sneasler|move: Protect\n|\n|upkeep\n|\n|t:|1776369855\n|switch|p2b: Talonflame|Talonflame, L50, F|100/100\n|turn|3\n|\n|t:|1776369893\n|switch|p1a: Excadrill|Excadrill, L50, F|100/100\n|move|p2b: Talonflame|Tailwind|p2b: Talonflame\n|-sidestart|p2: Dampeons|move: Tailwind\n|move|p2a: Sneasler|Close Combat|p1b: Rotom\n|-damage|p1b: Rotom|0 fnt\n|-unboost|p2a: Sneasler|def|1\n|-unboost|p2a: Sneasler|spd|1\n|faint|p1b: Rotom\n|-enditem|p2a: Sneasler|White Herb\n|-clearnegativeboost|p2a: Sneasler|[silent]\n|\n|upkeep\n|\n|t:|1776369908\n|switch|p1b: Sneasler|Sneasler, L50, F|51/100\n|turn|4\n|\n|t:|1776369938\n|move|p1b: Sneasler|Fake Out|p2b: Talonflame\n|-damage|p2b: Talonflame|78/100\n|move|p2a: Sneasler|Close Combat|p1a: Excadrill\n|-supereffective|p1a: Excadrill|1\n|-enditem|p1a: Excadrill|Focus Sash\n|-damage|p1a: Excadrill|1/100\n|-unboost|p2a: Sneasler|def|1\n|-unboost|p2a: Sneasler|spd|1\n|cant|p2b: Talonflame|flinch\n|move|p1a: Excadrill|High Horsepower|p2a: Sneasler\n|-supereffective|p2a: Sneasler|1\n|-damage|p2a: Sneasler|0 fnt\n|faint|p2a: Sneasler\n|\n|upkeep\n|\n|t:|1776369949\n|switch|p2a: Excadrill|Excadrill, L50, M|100/100\n|turn|5\n|\n|t:|1776369996\n|switch|p1b: Meganium|Meganium, L50, M|100/100\n|move|p1a: Excadrill|Protect|p1a: Excadrill\n|-singleturn|p1a: Excadrill|Protect\n|move|p2b: Talonflame|Dual Wingbeat|p1a: Excadrill\n|-activate|p1a: Excadrill|move: Protect\n|move|p2a: Excadrill|Iron Head|p1b: Meganium\n|-damage|p1b: Meganium|59/100\n|\n|upkeep\n|turn|6\n|\n|t:|1776370045\n|detailschange|p2a: Excadrill|Excadrill-Mega, L50, M\n|-mega|p2a: Excadrill|Excadrill|Excadrite\n|move|p1b: Meganium|Protect|p1b: Meganium\n|-singleturn|p1b: Meganium|Protect\n|move|p2b: Talonflame|Dual Wingbeat|p1a: Excadrill\n|-resisted|p1a: Excadrill|1\n|-damage|p1a: Excadrill|0 fnt\n|faint|p1a: Excadrill\n|-hitcount|p1: Excadrill|1\n|move|p2a: Excadrill|Iron Head|p1b: Meganium\n|-ability|p2a: Excadrill|Piercing Drill\n|-zbroken|p1b: Meganium\n|-damage|p1b: Meganium|48/100\n|\n|-sideend|p2: Dampeons|move: Tailwind\n|upkeep\n|\n|t:|1776370056\n|switch|p1a: Sneasler|Sneasler, L50, F|51/100\n|turn|7\n|\n|t:|1776370075\n|detailschange|p1b: Meganium|Meganium-Mega, L50, M\n|-mega|p1b: Meganium|Meganium|Meganiumite\n|move|p2b: Talonflame|Protect|p2b: Talonflame\n|-singleturn|p2b: Talonflame|Protect\n|move|p2a: Excadrill|Protect|p2a: Excadrill\n|-singleturn|p2a: Excadrill|Protect\n|move|p1a: Sneasler|Fake Out|p2b: Talonflame\n|-activate|p2b: Talonflame|move: Protect\n|move|p1b: Meganium|Weather Ball|p2a: Excadrill\n|-activate|p2a: Excadrill|move: Protect\n|\n|upkeep\n|turn|8\n|\n|t:|1776370094\n|move|p2b: Talonflame|Dual Wingbeat|p1a: Sneasler\n|-supereffective|p1a: Sneasler|1\n|-damage|p1a: Sneasler|0 fnt\n|faint|p1a: Sneasler\n|-hitcount|p1: Sneasler|1\n|move|p2a: Excadrill|Iron Head|p1b: Meganium\n|-supereffective|p1b: Meganium|1\n|-damage|p1b: Meganium|0 fnt\n|faint|p1b: Meganium\n|\n|win|Dampeons\n|raw|Govek314's rating: 1271 &rarr; <strong>1251</strong><br />(-20 for losing)\n|raw|Dampeons's rating: 1339 &rarr; <strong>1355</strong><br />(+16 for winning)\n|c|\u2606Dampeons|gg\n",
  "uploadtime": 1776370103,
  "views": 24,
  "formatid": "gen9championsvgc2026regma",
  "rating": 1251,
  "private": 0,
  "password": null
}