{
  "id": "gen9championsvgc2026regma-2582942295",
  "format": "[Gen 9 Champions] VGC 2026 Reg M-A",
  "players": [
    "boysenorange",
    "qfwwfqwffwqfqw"
  ],
  "log": "|j|\u2606boysenorange\n|j|\u2606qfwwfqwffwqfqw\n|t:|1776127045\n|gametype|doubles\n|player|p1|boysenorange|turo|1107\n|player|p2|qfwwfqwffwqfqw|266|1098\n|gen|9\n|tier|[Gen 9 Champions] VGC 2026 Reg M-A\n|rated|\n|rule|Species Clause: Limit one of each Pok\u00e9mon\n|rule|Item Clause: Limit 1 of each item\n|clearpoke\n|poke|p1|Torkoal, L50, M|\n|poke|p1|Farigiraf, L50, M|\n|poke|p1|Maushold-Four, L50|\n|poke|p1|Camerupt, L50, F|\n|poke|p1|Hatterene, L50, F|\n|poke|p1|Meowstic, L50, M|\n|poke|p2|Delphox, L50, F|\n|poke|p2|Dragapult, L50, M|\n|poke|p2|Garchomp, L50, F|\n|poke|p2|Skarmory, L50, M|\n|poke|p2|Medicham, L50, M|\n|poke|p2|Torkoal, L50, M|\n|teampreview|4\n|\n|t:|1776127115\n|teamsize|p1|4\n|teamsize|p2|4\n|start\n|switch|p1a: Maushold|Maushold-Four, L50|100/100\n|switch|p1b: Farigiraf|Farigiraf, L50, M|100/100\n|switch|p2a: Skarmory|Skarmory, L50, M|100/100\n|switch|p2b: Medicham|Medicham, L50, M|100/100\n|turn|1\n|\n|t:|1776127135\n|detailschange|p2a: Skarmory|Skarmory-Mega, L50, M\n|-mega|p2a: Skarmory|Skarmory|Skarmorite\n|move|p1a: Maushold|Follow Me|p1a: Maushold\n|-singleturn|p1a: Maushold|move: Follow Me\n|move|p2b: Medicham|Coaching|p2a: Skarmory\n|-boost|p2a: Skarmory|atk|1\n|-boost|p2a: Skarmory|def|1\n|move|p2a: Skarmory|Brave Bird|p1b: Farigiraf\n|-damage|p1b: Farigiraf|25/100\n|-enditem|p1b: Farigiraf|Sitrus Berry|[eat]\n|-heal|p1b: Farigiraf|49/100|[from] item: Sitrus Berry\n|-damage|p2a: Skarmory|60/100|[from] Recoil\n|move|p1b: Farigiraf|Trick Room|p1b: Farigiraf\n|-fieldstart|move: Trick Room|[of] p1b: Farigiraf\n|\n|upkeep\n|turn|2\n|\n|t:|1776127170\n|move|p1a: Maushold|Helping Hand|p1b: Farigiraf\n|-singleturn|p1b: Farigiraf|Helping Hand|[of] p1a: Maushold\n|move|p1b: Farigiraf|Hyper Voice|p2a: Skarmory|[spread] p2a,p2b\n|-resisted|p2a: Skarmory|1\n|-damage|p2a: Skarmory|36/100\n|-damage|p2b: Medicham|50/100\n|move|p2a: Skarmory|Brave Bird|p1a: Maushold\n|-enditem|p1a: Maushold|Focus Sash\n|-damage|p1a: Maushold|1/100\n|-damage|p2a: Skarmory|0 fnt|[from] Recoil\n|faint|p2a: Skarmory\n|move|p2b: Medicham|Coaching|p2: Skarmory|[notarget]\n|-fail|p2b: Medicham\n|\n|upkeep\n|\n|t:|1776127181\n|switch|p2a: Garchomp|Garchomp, L50, F|100/100\n|turn|3\n|\n|t:|1776127190\n|switch|p2b: Dragapult|Dragapult, L50, M|100/100\n|move|p1a: Maushold|Helping Hand|p1b: Farigiraf\n|-singleturn|p1b: Farigiraf|Helping Hand|[of] p1a: Maushold\n|move|p2a: Garchomp|Protect|p2a: Garchomp\n|-singleturn|p2a: Garchomp|Protect\n|move|p1b: Farigiraf|Hyper Voice|p2b: Dragapult|[spread] \n|-activate|p2a: Garchomp|move: Protect\n|-immune|p2b: Dragapult\n|\n|upkeep\n|turn|4\n|\n|t:|1776127211\n|switch|p1a: Hatterene|Hatterene, L50, F|100/100\n|move|p1b: Farigiraf|Expanding Force|p2b: Dragapult\n|-damage|p2b: Dragapult|59/100\n|move|p2a: Garchomp|Substitute|p2a: Garchomp\n|-start|p2a: Garchomp|Substitute\n|-damage|p2a: Garchomp|76/100\n|move|p2b: Dragapult|Dragon Dance|p2b: Dragapult\n|-boost|p2b: Dragapult|atk|1\n|-boost|p2b: Dragapult|spe|1\n|\n|upkeep\n|turn|5\n|\n|t:|1776127237\n|move|p2b: Dragapult|Protect|p2b: Dragapult\n|-singleturn|p2b: Dragapult|Protect\n|move|p1a: Hatterene|Dazzling Gleam|p2b: Dragapult|[spread] p2a\n|-activate|p2b: Dragapult|move: Protect\n|-supereffective|p2a: Garchomp|1\n|-end|p2a: Garchomp|Substitute\n|move|p1b: Farigiraf|Expanding Force|p2a: Garchomp\n|-damage|p2a: Garchomp|43/100\n|move|p2a: Garchomp|Earthquake|p1b: Farigiraf|[spread] p1a,p1b\n|-activate|p2b: Dragapult|move: Protect\n|-damage|p1a: Hatterene|42/100\n|-damage|p1b: Farigiraf|0 fnt\n|faint|p1b: Farigiraf\n|\n|-fieldend|move: Trick Room\n|upkeep\n|\n|t:|1776127248\n|switch|p1b: Maushold|Maushold-Four, L50|1/100\n|turn|6\n|\n|t:|1776127267\n|move|p1b: Maushold|Follow Me|p1b: Maushold\n|-singleturn|p1b: Maushold|move: Follow Me\n|move|p2b: Dragapult|Dragon Darts|p1b: Maushold\n|-damage|p1b: Maushold|0 fnt\n|faint|p1b: Maushold\n|move|p2a: Garchomp|Earthquake|p1a: Hatterene|[spread] p2b,p1a\n|-crit|p1a: Hatterene\n|-damage|p2b: Dragapult|0 fnt\n|-damage|p1a: Hatterene|0 fnt\n|faint|p2b: Dragapult\n|faint|p1a: Hatterene\n|\n|upkeep\n|-message|boysenorange forfeited.\n|\n|win|qfwwfqwffwqfqw\n|raw|boysenorange's rating: 1107 &rarr; <strong>1080</strong><br />(-27 for losing)\n|raw|qfwwfqwffwqfqw's rating: 1075 &rarr; <strong>1106</strong><br />(+31 for winning)\n",
  "uploadtime": 1776127284,
  "views": 11,
  "formatid": "gen9championsvgc2026regma",
  "rating": 1080,
  "private": 0,
  "password": null
}