{
  "id": "gen9championsvgc2026regma-2586272116",
  "format": "[Gen 9 Champions] VGC 2026 Reg M-A",
  "players": [
    "ranqu",
    "RandomGuyInSchool"
  ],
  "log": "|j|\u2606ranqu\n|j|\u2606RandomGuyInSchool\n|t:|1776419855\n|gametype|doubles\n|player|p1|ranqu|266|1121\n|player|p2|RandomGuyInSchool|schoolkid-gen4|1064\n|gen|9\n|tier|[Gen 9 Champions] VGC 2026 Reg M-A\n|rated|\n|rule|Species Clause: Limit one of each Pok\u00e9mon\n|rule|Item Clause: Limit 1 of each item\n|clearpoke\n|poke|p1|Drampa, L50, M|\n|poke|p1|Crabominable, L50, M|\n|poke|p1|Slowking, L50, F|\n|poke|p1|Incineroar, L50, M|\n|poke|p1|Aegislash, L50, F|\n|poke|p1|Sinistcha, L50|\n|poke|p2|Kangaskhan, L50, F|\n|poke|p2|Sinistcha, L50|\n|poke|p2|Sneasler, L50, F|\n|poke|p2|Talonflame, L50, M|\n|poke|p2|Corviknight, L50, F|\n|poke|p2|Primarina, L50, M|\n|teampreview|4\n|inactive|Battle timer is ON: inactive players will automatically lose when time's up. (requested by RandomGuyInSchool)\nRandomGuyInSchool rejected open team sheets.\n|inactive|RandomGuyInSchool has 60 seconds left.\n|\n|t:|1776419892\n|teamsize|p1|4\n|teamsize|p2|4\n|start\n|switch|p1a: Incineroar|Incineroar, L50, M|100/100\n|switch|p1b: Sinistcha|Sinistcha, L50|100/100\n|switch|p2a: Corviknight|Corviknight, L50, F|100/100\n|switch|p2b: Sneasler|Sneasler, L50, F|100/100\n|-ability|p1a: Incineroar|Intimidate|boost\n|-ability|p2a: Corviknight|Mirror Armor\n|-unboost|p1a: Incineroar|atk|1\n|-unboost|p2b: Sneasler|atk|1\n|-enditem|p2b: Sneasler|White Herb\n|-clearnegativeboost|p2b: Sneasler|[silent]\n|turn|1\n|\n|t:|1776419915\n|move|p1a: Incineroar|Fake Out|p2b: Sneasler\n|-damage|p2b: Sneasler|85/100\n|cant|p2b: Sneasler|flinch\n|move|p2a: Corviknight|Body Press|p1a: Incineroar\n|-supereffective|p1a: Incineroar|1\n|-damage|p1a: Incineroar|48/100\n|move|p1b: Sinistcha|Trick Room|p1b: Sinistcha\n|-fieldstart|move: Trick Room|[of] p1b: Sinistcha\n|\n|-heal|p1a: Incineroar|54/100|[from] item: Leftovers\n|upkeep\n|turn|2\n|\n|t:|1776419937\n|switch|p1b: Slowking|Slowking, L50, F|100/100\n|move|p2a: Corviknight|Protect|p2a: Corviknight\n|-singleturn|p2a: Corviknight|Protect\n|move|p1a: Incineroar|Parting Shot|p2b: Sneasler\n|-unboost|p2b: Sneasler|atk|1\n|-unboost|p2b: Sneasler|spa|1\n|\n|t:|1776419946\n|switch|p1a: Crabominable|Crabominable, L50, M|100/100|[from] Parting Shot\n|move|p2b: Sneasler|Coaching|p2a: Corviknight\n|-boost|p2a: Corviknight|atk|1\n|-boost|p2a: Corviknight|def|1\n|\n|upkeep\n|turn|3\n|\n|t:|1776419971\n|switch|p2b: Sinistcha|Sinistcha, L50|100/100\n|detailschange|p1a: Crabominable|Crabominable-Mega, L50, M\n|-mega|p1a: Crabominable|Crabominable|Crabominite\n|-prepare|p1b: Slowking|Chilly Reception|[premajor]\n|move|p1b: Slowking|Chilly Reception|p1b: Slowking\n|-weather|Snowscape\n|\n|t:|1776419979\n|switch|p1b: Incineroar|Incineroar, L50, M|54/100|[from] Chilly Reception\n|-ability|p1b: Incineroar|Intimidate|boost\n|-ability|p2a: Corviknight|Mirror Armor\n|-unboost|p1b: Incineroar|atk|1\n|-unboost|p2b: Sinistcha|atk|1\n|move|p1a: Crabominable|Ice Hammer|p2a: Corviknight\n|-damage|p2a: Corviknight|62/100\n|-unboost|p1a: Crabominable|spe|1\n|move|p2a: Corviknight|Brave Bird|p1a: Crabominable\n|-supereffective|p1a: Crabominable|1\n|-damage|p1a: Crabominable|44/100\n|-damage|p2a: Corviknight|40/100|[from] Recoil\n|\n|-weather|Snowscape|[upkeep]\n|-heal|p1b: Incineroar|60/100|[from] item: Leftovers\n|-heal|p2a: Corviknight|46/100|[from] item: Leftovers\n|upkeep\n|turn|4\n|inactive|ranqu has 30 seconds left.\n|inactive|ranqu has 20 seconds left.\n|\n|t:|1776420018\n|switch|p2b: Sneasler|Sneasler, L50, F|85/100\n|move|p2a: Corviknight|Protect|p2a: Corviknight\n|-singleturn|p2a: Corviknight|Protect\n|move|p1b: Incineroar|Fake Out|p2a: Corviknight\n|-activate|p2a: Corviknight|move: Protect\n|move|p1a: Crabominable|Ice Hammer|p2b: Sneasler\n|-damage|p2b: Sneasler|0 fnt\n|-unboost|p1a: Crabominable|spe|1\n|faint|p2b: Sneasler\n|\n|-weather|Snowscape|[upkeep]\n|-heal|p1b: Incineroar|66/100|[from] item: Leftovers\n|-heal|p2a: Corviknight|52/100|[from] item: Leftovers\n|upkeep\n|\n|t:|1776420029\n|switch|p2b: Sinistcha|Sinistcha, L50|100/100\n|-heal|p2a: Corviknight|76/100|[from] ability: Hospitality|[of] p2b: Sinistcha\n|turn|5\n|\n|t:|1776420052\n|switch|p2b: Primarina|Primarina, L50, M|100/100\n|move|p1a: Crabominable|Close Combat|p2a: Corviknight\n|-damage|p2a: Corviknight|42/100\n|-unboost|p1a: Crabominable|def|1\n|-unboost|p1a: Crabominable|spd|1\n|move|p1b: Incineroar|Flare Blitz|p2a: Corviknight\n|-supereffective|p2a: Corviknight|1\n|-damage|p2a: Corviknight|3/100\n|-damage|p1b: Incineroar|55/100|[from] Recoil\n|move|p2a: Corviknight|Body Press|p1b: Incineroar\n|-supereffective|p1b: Incineroar|1\n|-damage|p1b: Incineroar|0 fnt\n|faint|p1b: Incineroar\n|\n|-weather|Snowscape|[upkeep]\n|-heal|p2a: Corviknight|9/100|[from] item: Leftovers\n|-fieldend|move: Trick Room\n|upkeep\n|\n|t:|1776420076\n|switch|p1b: Sinistcha|Sinistcha, L50|100/100\n|-heal|p1a: Crabominable|69/100|[from] ability: Hospitality|[of] p1b: Sinistcha\n|turn|6\n|\n|t:|1776420087\n|switch|p2b: Sinistcha|Sinistcha, L50|100/100\n|-heal|p2a: Corviknight|34/100|[from] ability: Hospitality|[of] p2b: Sinistcha\n|switch|p1a: Slowking|Slowking, L50, F|100/100\n|move|p2a: Corviknight|Roost|p2a: Corviknight\n|-heal|p2a: Corviknight|84/100\n|-singleturn|p2a: Corviknight|move: Roost\n|move|p1b: Sinistcha|Trick Room|p1b: Sinistcha\n|-fieldstart|move: Trick Room|[of] p1b: Sinistcha\n|\n|-weather|Snowscape|[upkeep]\n|-heal|p2a: Corviknight|90/100|[from] item: Leftovers\n|upkeep\n|turn|7\n|inactive|ranqu has 30 seconds left.\n|\n|t:|1776420116\n|-prepare|p1a: Slowking|Chilly Reception|[premajor]\n|move|p1a: Slowking|Chilly Reception|p1a: Slowking\n|\n|t:|1776420120\n|switch|p1a: Crabominable|Crabominable-Mega, L50, M|69/100|[from] Chilly Reception\n|move|p1b: Sinistcha|Shadow Ball|p2b: Sinistcha\n|-supereffective|p2b: Sinistcha|1\n|-damage|p2b: Sinistcha|29/100\n|-unboost|p2b: Sinistcha|spd|1\n|move|p2a: Corviknight|Brave Bird|p1b: Sinistcha\n|-supereffective|p1b: Sinistcha|1\n|-damage|p1b: Sinistcha|9/100\n|-damage|p2a: Corviknight|59/100|[from] Recoil\n|move|p2b: Sinistcha|Trick Room|p2b: Sinistcha\n|-fieldend|move: Trick Room\n|\n|-weather|none\n|-heal|p2a: Corviknight|65/100|[from] item: Leftovers\n|upkeep\n|turn|8\n|inactive|ranqu has 30 seconds left.\n|inactive|RandomGuyInSchool has 30 seconds left.\n|inactive|ranqu has 20 seconds left.\n|\n|t:|1776420160\n|move|p2a: Corviknight|Brave Bird|p1b: Sinistcha\n|-supereffective|p1b: Sinistcha|1\n|-damage|p1b: Sinistcha|0 fnt\n|faint|p1b: Sinistcha\n|-damage|p2a: Corviknight|62/100|[from] Recoil\n|move|p2b: Sinistcha|Strength Sap|p1a: Crabominable\n|-unboost|p1a: Crabominable|atk|1\n|-heal|p2b: Sinistcha|100/100\n|move|p1a: Crabominable|Ice Hammer|p2b: Sinistcha\n|-supereffective|p2b: Sinistcha|1\n|-damage|p2b: Sinistcha|2/100\n|-unboost|p1a: Crabominable|spe|1\n|\n|-heal|p2a: Corviknight|68/100|[from] item: Leftovers\n|upkeep\n|\n|t:|1776420174\n|switch|p1b: Slowking|Slowking, L50, F|100/100\n|turn|9\n|\n|t:|1776420184\n|move|p1a: Crabominable|Protect|p1a: Crabominable\n|-singleturn|p1a: Crabominable|Protect\n|move|p2a: Corviknight|Roost|p2a: Corviknight\n|-heal|p2a: Corviknight|100/100\n|-singleturn|p2a: Corviknight|move: Roost\n|move|p2b: Sinistcha|Trick Room|p2b: Sinistcha\n|-fieldstart|move: Trick Room|[of] p2b: Sinistcha\n|move|p1b: Slowking|Trick Room|p1b: Slowking\n|-fieldend|move: Trick Room\n|\n|upkeep\n|turn|10\n|-message|ranqu forfeited.\n|\n|win|RandomGuyInSchool\n|raw|ranqu's rating: 1121 &rarr; <strong>1092</strong><br />(-29 for losing)\n|raw|RandomGuyInSchool's rating: 1064 &rarr; <strong>1099</strong><br />(+35 for winning)\n|l|\u2606ranqu\n|player|p1|\n|l|\u2606RandomGuyInSchool\n|player|p2|\n|j|\u2606RandomGuyInSchool\n|player|p2|RandomGuyInSchool|schoolkid-gen4|\n",
  "uploadtime": 1776420199,
  "views": 20,
  "formatid": "gen9championsvgc2026regma",
  "rating": 1092,
  "private": 0,
  "password": null
}