{
  "id": "gen9championsvgc2026regma-2582845919",
  "format": "[Gen 9 Champions] VGC 2026 Reg M-A",
  "players": [
    "TyTheKing2005",
    "kjlhkgyfut"
  ],
  "log": "|j|\u2606TyTheKing2005\n|j|\u2606kjlhkgyfut\n|t:|1776118653\n|gametype|doubles\n|player|p1|TyTheKing2005|evelyn|1137\n|player|p2|kjlhkgyfut|170|1051\n|gen|9\n|tier|[Gen 9 Champions] VGC 2026 Reg M-A\n|rated|\n|rule|Species Clause: Limit one of each Pok\u00e9mon\n|rule|Item Clause: Limit 1 of each item\n|clearpoke\n|poke|p1|Charizard, L50, F|\n|poke|p1|Venusaur, L50, F|\n|poke|p1|Garchomp, L50, M|\n|poke|p1|Milotic, L50, M|\n|poke|p1|Gardevoir, L50, F|\n|poke|p1|Incineroar, L50, M|\n|poke|p2|Gardevoir, L50, F|\n|poke|p2|Incineroar, L50, F|\n|poke|p2|Rotom-Wash, L50|\n|poke|p2|Aerodactyl, L50, M|\n|poke|p2|Scizor, L50, F|\n|poke|p2|Garchomp, L50, F|\n|teampreview|4\n|\n|t:|1776118692\n|teamsize|p1|4\n|teamsize|p2|4\n|start\n|switch|p1a: Incineroar|Incineroar, L50, M|100/100\n|switch|p1b: Milotic|Milotic, L50, M|100/100\n|switch|p2a: Rotom|Rotom-Wash, L50|100/100\n|switch|p2b: Scizor|Scizor, L50, F|100/100\n|-ability|p1a: Incineroar|Intimidate|boost\n|-unboost|p2a: Rotom|atk|1\n|-unboost|p2b: Scizor|atk|1\n|turn|1\n|\n|t:|1776118716\n|move|p1b: Milotic|Protect|p1b: Milotic\n|-singleturn|p1b: Milotic|Protect\n|move|p2a: Rotom|Discharge|p1b: Milotic|[spread] p2b,p1a\n|-activate|p1b: Milotic|move: Protect\n|-damage|p2b: Scizor|63/100\n|-damage|p1a: Incineroar|78/100\n|-status|p1a: Incineroar|par\n|move|p2b: Scizor|Tailwind|p2b: Scizor\n|-sidestart|p2: kjlhkgyfut|move: Tailwind\n|move|p1a: Incineroar|Flare Blitz|p2b: Scizor\n|-supereffective|p2b: Scizor|2\n|-crit|p2b: Scizor\n|-damage|p2b: Scizor|0 fnt\n|faint|p2b: Scizor\n|-damage|p1a: Incineroar|60/100 par|[from] Recoil\n|\n|upkeep\n|\n|t:|1776118733\n|switch|p2b: Rem|Gardevoir, L50, F, shiny|100/100\n|turn|2\n|\n|t:|1776118741\n|switch|p1b: Gardevoir|Gardevoir, L50, F, shiny|100/100\n|move|p2b: Rem|Psyshock|p1b: Gardevoir\n|-resisted|p1b: Gardevoir|1\n|-damage|p1b: Gardevoir|64/100\n|move|p2a: Rotom|Discharge|p1a: Incineroar|[spread] p1a,p1b\n|-activate|p2b: Rem|ability: Telepathy\n|-damage|p1a: Incineroar|36/100 par\n|-damage|p1b: Gardevoir|35/100\n|-enditem|p1a: Incineroar|Sitrus Berry|[eat]\n|-heal|p1a: Incineroar|61/100 par|[from] item: Sitrus Berry\n|move|p1a: Incineroar|Parting Shot|p2b: Rem\n|-unboost|p2b: Rem|atk|1\n|-unboost|p2b: Rem|spa|1\n|\n|t:|1776118757\n|switch|p1a: Milotic|Milotic, L50, M|100/100|[from] Parting Shot\n|\n|upkeep\n|turn|3\n|\n|t:|1776118798\n|move|p1a: Milotic|Protect|p1a: Milotic\n|-singleturn|p1a: Milotic|Protect\n|move|p2b: Rem|Hyper Voice|p1b: Gardevoir|[spread] p1b\n|-activate|p1a: Milotic|move: Protect\n|-damage|p1b: Gardevoir|20/100\n|move|p1b: Gardevoir|Moonblast|p2a: Rotom\n|-damage|p2a: Rotom|55/100\n|move|p2a: Rotom|Discharge|p1a: Milotic|[spread] p1b\n|-activate|p1a: Milotic|move: Protect\n|-activate|p2b: Rem|ability: Telepathy\n|-damage|p1b: Gardevoir|0 fnt\n|faint|p1b: Gardevoir\n|\n|upkeep\n|\n|t:|1776118815\n|switch|p1b: Charizard|Charizard, L50, F, shiny|100/100\n|turn|4\n|\n|t:|1776118839\n|switch|p1a: Incineroar|Incineroar, L50, M|61/100 par\n|-ability|p1a: Incineroar|Intimidate|boost\n|-unboost|p2a: Rotom|atk|1\n|-unboost|p2b: Rem|atk|1\n|detailschange|p2b: Rem|Gardevoir-Mega, L50, F, shiny\n|-mega|p2b: Rem|Gardevoir|Gardevoirite\n|move|p1b: Charizard|Protect|p1b: Charizard\n|-singleturn|p1b: Charizard|Protect\n|move|p2b: Rem|Hyper Voice|p1b: Charizard|[spread] p1a\n|-activate|p1b: Charizard|move: Protect\n|-damage|p1a: Incineroar|35/100 par\n|move|p2a: Rotom|Discharge|p1b: Charizard|[spread] p2b,p1a\n|-activate|p1b: Charizard|move: Protect\n|-damage|p2b: Rem|69/100\n|-damage|p1a: Incineroar|9/100 par\n|\n|-sideend|p2: kjlhkgyfut|move: Tailwind\n|upkeep\n|turn|5\n|\n|t:|1776118857\n|detailschange|p1b: Charizard|Charizard-Mega-Y, L50, F, shiny\n|-mega|p1b: Charizard|Charizard|Charizardite Y\n|-weather|SunnyDay|[from] ability: Drought|[of] p1b: Charizard\n|move|p1a: Incineroar|Fake Out|p2a: Rotom\n|-damage|p2a: Rotom|41/100\n|move|p2b: Rem|Hyper Voice|p1a: Incineroar|[spread] p1a,p1b\n|-resisted|p1b: Charizard|1\n|-damage|p1a: Incineroar|0 fnt\n|-damage|p1b: Charizard|85/100\n|faint|p1a: Incineroar\n|move|p1b: Charizard|Heat Wave|p2a: Rotom|[spread] p2a,p2b\n|-resisted|p2a: Rotom|1\n|-damage|p2a: Rotom|9/100\n|-damage|p2b: Rem|3/100\n|cant|p2a: Rotom|flinch\n|\n|-weather|SunnyDay|[upkeep]\n|upkeep\n|\n|t:|1776118870\n|switch|p1a: Milotic|Milotic, L50, M|100/100\n|turn|6\n|\n|t:|1776118877\n|switch|p2b: Aerodactyl|Aerodactyl, L50, M|100/100\n|-ability|p2b: Aerodactyl|Unnerve\n|move|p1b: Charizard|Heat Wave|p2a: Rotom|[spread] p2a,p2b\n|-resisted|p2a: Rotom|1\n|-resisted|p2b: Aerodactyl|1\n|-damage|p2a: Rotom|0 fnt\n|-damage|p2b: Aerodactyl|55/100\n|faint|p2a: Rotom\n|move|p1a: Milotic|Icy Wind|p2b: Aerodactyl\n|-supereffective|p2b: Aerodactyl|1\n|-damage|p2b: Aerodactyl|13/100\n|-unboost|p2b: Aerodactyl|spe|1\n|\n|-weather|SunnyDay|[upkeep]\n|upkeep\n|\n|t:|1776118883\n|switch|p2a: Rem|Gardevoir-Mega, L50, F, shiny|3/100\n|turn|7\n|\n|t:|1776118893\n|move|p1b: Charizard|Protect|p1b: Charizard\n|-singleturn|p1b: Charizard|Protect\n|move|p2b: Aerodactyl|Wide Guard|p2b: Aerodactyl\n|-singleturn|p2b: Aerodactyl|Wide Guard\n|move|p2a: Rem|Hyper Voice|p1a: Milotic|[spread] p1a\n|-activate|p1b: Charizard|move: Protect\n|-damage|p1a: Milotic|63/100\n|move|p1a: Milotic|Icy Wind|p2a: Rem|[spread] \n|-activate|p2a: Rem|move: Wide Guard\n|-activate|p2b: Aerodactyl|move: Wide Guard\n|\n|-weather|SunnyDay|[upkeep]\n|-heal|p1a: Milotic|69/100|[from] item: Leftovers\n|upkeep\n|turn|8\n|\n|t:|1776118913\n|move|p2a: Rem|Psyshock|p1a: Milotic\n|-damage|p1a: Milotic|18/100\n|move|p1b: Charizard|Solar Beam||[still]\n|-prepare|p1b: Charizard|Solar Beam\n|-anim|p1b: Charizard|Solar Beam|p2a: Rem\n|-damage|p2a: Rem|0 fnt\n|faint|p2a: Rem\n|move|p2b: Aerodactyl|Rock Slide|p1a: Milotic|[spread] p1a,p1b\n|-supereffective|p1b: Charizard|2\n|-damage|p1a: Milotic|0 fnt\n|-damage|p1b: Charizard|0 fnt\n|faint|p1a: Milotic\n|faint|p1b: Charizard\n|\n|win|kjlhkgyfut\n|raw|TyTheKing2005's rating: 1137 &rarr; <strong>1106</strong><br />(-31 for losing)\n|raw|kjlhkgyfut's rating: 1051 &rarr; <strong>1091</strong><br />(+40 for winning)\n|l|\u2606TyTheKing2005\n|player|p1|\n",
  "uploadtime": 1776119006,
  "views": 22,
  "formatid": "gen9championsvgc2026regma",
  "rating": 1091,
  "private": 0,
  "password": null
}