{
  "id": "gen9championsvgc2026regma-2584928691",
  "format": "[Gen 9 Champions] VGC 2026 Reg M-A",
  "players": [
    "mgdocontra",
    "turito999"
  ],
  "log": "|j|\u2606mgdocontra\n|j|\u2606turito999\n|t:|1776295397\n|gametype|doubles\n|player|p1|mgdocontra|1|1076\n|player|p2|turito999|170|1000\n|gen|9\n|tier|[Gen 9 Champions] VGC 2026 Reg M-A\n|rated|\n|rule|Species Clause: Limit one of each Pok\u00e9mon\n|rule|Item Clause: Limit 1 of each item\n|clearpoke\n|poke|p1|Charizard, L50, M|\n|poke|p1|Venusaur, L50, M|\n|poke|p1|Incineroar, L50, F|\n|poke|p1|Garchomp, L50, F|\n|poke|p1|Sneasler, L50, F|\n|poke|p1|Basculegion, L50, M|\n|poke|p2|Milotic, L50, F|\n|poke|p2|Aerodactyl, L50, M|\n|poke|p2|Sinistcha, L50|\n|poke|p2|Sneasler, L50, F|\n|poke|p2|Gardevoir, L50, M|\n|poke|p2|Incineroar, L50, F|\n|teampreview|4\n|\n|t:|1776295426\n|teamsize|p1|4\n|teamsize|p2|4\n|start\n|switch|p1a: Charizard|Charizard, L50, M|100/100\n|switch|p1b: Incineroar|Incineroar, L50, F|100/100\n|switch|p2a: Milotic|Milotic, L50, F, shiny|100/100\n|switch|p2b: Incineroar|Incineroar, L50, F, shiny|100/100\n|-ability|p1b: Incineroar|Intimidate|boost\n|-unboost|p2a: Milotic|atk|1\n|-ability|p2a: Milotic|Competitive|boost\n|-boost|p2a: Milotic|spa|2\n|-unboost|p2b: Incineroar|atk|1\n|-ability|p2b: Incineroar|Intimidate|boost\n|-unboost|p1a: Charizard|atk|1\n|-unboost|p1b: Incineroar|atk|1\n|turn|1\n|inactive|Battle timer is ON: inactive players will automatically lose when time's up. (requested by turito999)\n|inactive|turito999 has 60 seconds left.\n|\n|t:|1776295458\n|detailschange|p1a: Charizard|Charizard-Mega-Y, L50, M\n|-mega|p1a: Charizard|Charizard|Charizardite Y\n|-weather|SunnyDay|[from] ability: Drought|[of] p1a: Charizard\n|move|p2a: Milotic|Protect|p2a: Milotic\n|-singleturn|p2a: Milotic|Protect\n|move|p2b: Incineroar|Protect|p2b: Incineroar\n|-singleturn|p2b: Incineroar|Protect\n|move|p1b: Incineroar|Fake Out|p2b: Incineroar\n|-activate|p2b: Incineroar|move: Protect\n|move|p1a: Charizard|Air Slash|p2b: Incineroar\n|-activate|p2b: Incineroar|move: Protect\n|\n|-weather|SunnyDay|[upkeep]\n|upkeep\n|turn|2\n|inactive|mgdocontra has 30 seconds left.\n|inactive|turito999 has 30 seconds left.\n|inactive|mgdocontra has 20 seconds left.\n|\n|t:|1776295496\n|move|p1a: Charizard|Air Slash|p2b: Incineroar\n|-damage|p2b: Incineroar|38/100\n|move|p1b: Incineroar|Parting Shot|p2a: Milotic\n|-unboost|p2a: Milotic|atk|1\n|-ability|p2a: Milotic|Competitive|boost\n|-boost|p2a: Milotic|spa|2\n|-unboost|p2a: Milotic|spa|1\n|-ability|p2a: Milotic|Competitive|boost\n|-boost|p2a: Milotic|spa|2\n|\n|t:|1776295507\n|switch|p1b: Venusaur|Venusaur, L50, M, shiny|100/100|[from] Parting Shot\n|move|p2a: Milotic|Muddy Water|p1a: Charizard|[spread] p1b\n|-miss|p2a: Milotic|p1a: Charizard\n|-resisted|p1b: Venusaur|1\n|-damage|p1b: Venusaur|72/100\n|cant|p2b: Incineroar|flinch\n|\n|-weather|SunnyDay|[upkeep]\n|upkeep\n|turn|3\n|\n|t:|1776295525\n|switch|p2b: Aerodactyl|Aerodactyl, L50, M|100/100\n|-ability|p2b: Aerodactyl|Pressure\n|move|p2a: Milotic|Protect|p2a: Milotic\n|-singleturn|p2a: Milotic|Protect\n|move|p1b: Venusaur|Energy Ball|p2a: Milotic\n|-activate|p2a: Milotic|move: Protect\n|move|p1a: Charizard|Air Slash|p2b: Aerodactyl\n|-resisted|p2b: Aerodactyl|1\n|-damage|p2b: Aerodactyl|64/100\n|\n|-weather|SunnyDay|[upkeep]\n|upkeep\n|turn|4\n|inactive|turito999 has 30 seconds left.\n|\n|t:|1776295555\n|switch|p2a: Sinistcha|Sinistcha, L50|100/100\n|-heal|p2b: Aerodactyl|88/100|[from] ability: Hospitality|[of] p2a: Sinistcha\n|detailschange|p2b: Aerodactyl|Aerodactyl-Mega, L50, M\n|-mega|p2b: Aerodactyl|Aerodactyl|Aerodactylite\n|move|p1a: Charizard|Protect|p1a: Charizard\n|-singleturn|p1a: Charizard|Protect\n|move|p1b: Venusaur|Energy Ball|p2a: Sinistcha\n|-resisted|p2a: Sinistcha|1\n|-damage|p2a: Sinistcha|81/100\n|move|p2b: Aerodactyl|Tailwind|p2b: Aerodactyl\n|-sidestart|p2: turito999|move: Tailwind\n|\n|-weather|SunnyDay|[upkeep]\n|-heal|p2a: Sinistcha|88/100|[from] item: Leftovers\n|upkeep\n|turn|5\n|inactive|turito999 has 30 seconds left.\n|\n|t:|1776295588\n|move|p2a: Sinistcha|Rage Powder|p2a: Sinistcha\n|-singleturn|p2a: Sinistcha|move: Rage Powder\n|move|p2b: Aerodactyl|Rock Slide|p1a: Charizard|[spread] p1a,p1b\n|-supereffective|p1a: Charizard|2\n|-damage|p1a: Charizard|0 fnt\n|-damage|p1b: Venusaur|30/100\n|faint|p1a: Charizard\n|move|p1b: Venusaur|Sleep Powder|p2b: Aerodactyl\n|-status|p2b: Aerodactyl|slp|[from] move: Sleep Powder\n|\n|-weather|none\n|-heal|p2a: Sinistcha|94/100|[from] item: Leftovers\n|upkeep\n|\n|t:|1776295604\n|switch|p1a: Basculegion|Basculegion, L50, M|100/100\n|turn|6\n|\n|t:|1776295625\n|switch|p2b: Incineroar|Incineroar, L50, F, shiny|38/100\n|-ability|p2b: Incineroar|Intimidate|boost\n|-unboost|p1a: Basculegion|atk|1\n|-unboost|p1b: Venusaur|atk|1\n|move|p1a: Basculegion|Last Respects|p2a: Sinistcha\n|-supereffective|p2a: Sinistcha|1\n|-damage|p2a: Sinistcha|8/100\n|move|p2a: Sinistcha|Strength Sap|p1a: Basculegion\n|-unboost|p1a: Basculegion|atk|1\n|-heal|p2a: Sinistcha|76/100\n|move|p1b: Venusaur|Sludge Bomb|p2b: Incineroar\n|-damage|p2b: Incineroar|0 fnt\n|faint|p2b: Incineroar\n|\n|-heal|p2a: Sinistcha|82/100|[from] item: Leftovers\n|upkeep\n|\n|t:|1776295643\n|switch|p2b: Milotic|Milotic, L50, F, shiny|100/100\n|turn|7\n|\n|t:|1776295655\n|move|p2a: Sinistcha|Protect|p2a: Sinistcha\n|-singleturn|p2a: Sinistcha|Protect\n|move|p2b: Milotic|Icy Wind|p1a: Basculegion|[spread] p1a,p1b\n|-resisted|p1a: Basculegion|1\n|-supereffective|p1b: Venusaur|1\n|-damage|p1a: Basculegion|94/100\n|-damage|p1b: Venusaur|3/100\n|-unboost|p1a: Basculegion|spe|1\n|-unboost|p1b: Venusaur|spe|1\n|move|p1a: Basculegion|Last Respects|p2a: Sinistcha\n|-activate|p2a: Sinistcha|move: Protect\n|move|p1b: Venusaur|Energy Ball|p2b: Milotic\n|-supereffective|p2b: Milotic|1\n|-damage|p2b: Milotic|41/100\n|-enditem|p2b: Milotic|Sitrus Berry|[eat]\n|-heal|p2b: Milotic|66/100|[from] item: Sitrus Berry\n|\n|-heal|p2a: Sinistcha|88/100|[from] item: Leftovers\n|-sideend|p2: turito999|move: Tailwind\n|upkeep\n|turn|8\n|inactive|turito999 has 30 seconds left.\n|\n|t:|1776295687\n|move|p1a: Basculegion|Last Respects|p2b: Milotic\n|-damage|p2b: Milotic|31/100\n|move|p2b: Milotic|Life Dew|p2b: Milotic|[spread] p2a,p2b\n|-heal|p2a: Sinistcha|100/100\n|-heal|p2b: Milotic|56/100\n|move|p2a: Sinistcha|Matcha Gotcha|p1b: Venusaur|[spread] p1a,p1b\n|-supereffective|p1a: Basculegion|1\n|-resisted|p1b: Venusaur|2\n|-crit|p1b: Venusaur\n|-damage|p1a: Basculegion|41/100\n|-damage|p1b: Venusaur|0 fnt\n|faint|p1b: Venusaur\n|\n|upkeep\n|\n|t:|1776295702\n|switch|p1b: Incineroar|Incineroar, L50, F|100/100\n|-ability|p1b: Incineroar|Intimidate|boost\n|-unboost|p2a: Sinistcha|atk|1\n|-unboost|p2b: Milotic|atk|1\n|-ability|p2b: Milotic|Competitive|boost\n|-boost|p2b: Milotic|spa|2\n|turn|9\n|\n|t:|1776295716\n|move|p2b: Milotic|Protect|p2b: Milotic\n|-singleturn|p2b: Milotic|Protect\n|move|p2a: Sinistcha|Protect|p2a: Sinistcha\n|-singleturn|p2a: Sinistcha|Protect\n|move|p1b: Incineroar|Fake Out|p2b: Milotic\n|-activate|p2b: Milotic|move: Protect\n|move|p1a: Basculegion|Last Respects|p2a: Sinistcha\n|-activate|p2a: Sinistcha|move: Protect\n|\n|upkeep\n|turn|10\n|\n|t:|1776295740\n|switch|p2a: Aerodactyl|Aerodactyl-Mega, L50, M|88/100 slp\n|move|p1a: Basculegion|Last Respects|p2a: Aerodactyl\n|-damage|p2a: Aerodactyl|25/100 slp\n|move|p1b: Incineroar|Throat Chop|p2b: Milotic\n|-damage|p2b: Milotic|27/100\n|-start|p2b: Milotic|Throat Chop|[silent]\n|move|p2b: Milotic|Life Dew|p2b: Milotic|[spread] p2a,p2b\n|-heal|p2a: Aerodactyl|50/100 slp\n|-heal|p2b: Milotic|52/100\n|\n|upkeep\n|turn|11\n|inactive|mgdocontra has 30 seconds left.\n|inactive|turito999 has 30 seconds left.\n|\n|t:|1776295773\n|move|p2b: Milotic|Protect|p2b: Milotic\n|-singleturn|p2b: Milotic|Protect\n|cant|p2a: Aerodactyl|slp\n|move|p1a: Basculegion|Last Respects|p2a: Aerodactyl\n|-damage|p2a: Aerodactyl|0 fnt\n|faint|p2a: Aerodactyl\n|move|p1b: Incineroar|Throat Chop|p2b: Milotic\n|-activate|p2b: Milotic|move: Protect\n|\n|-end|p2b: Milotic|Throat Chop|[silent]\n|upkeep\n|\n|t:|1776295782\n|switch|p2a: Sinistcha|Sinistcha, L50|100/100\n|-heal|p2b: Milotic|77/100|[from] ability: Hospitality|[of] p2a: Sinistcha\n|turn|12\n|\n|t:|1776295792\n|move|p2a: Sinistcha|Rage Powder|p2a: Sinistcha\n|-singleturn|p2a: Sinistcha|move: Rage Powder\n|move|p1a: Basculegion|Last Respects|p2a: Sinistcha\n|-supereffective|p2a: Sinistcha|1\n|-damage|p2a: Sinistcha|0 fnt\n|faint|p2a: Sinistcha\n|move|p1b: Incineroar|Throat Chop|p2b: Milotic\n|-damage|p2b: Milotic|45/100\n|-start|p2b: Milotic|Throat Chop|[silent]\n|move|p2b: Milotic|Muddy Water|p1a: Basculegion|[spread] p1a,p1b\n|-resisted|p1a: Basculegion|1\n|-supereffective|p1b: Incineroar|1\n|-damage|p1a: Basculegion|10/100\n|-damage|p1b: Incineroar|0 fnt\n|-unboost|p1a: Basculegion|accuracy|1\n|faint|p1b: Incineroar\n|\n|upkeep\n|turn|13\n|\n|t:|1776295809\n|move|p1a: Basculegion|Last Respects|p2b: Milotic\n|-damage|p2b: Milotic|0 fnt\n|faint|p2b: Milotic\n|\n|win|mgdocontra\n|raw|mgdocontra's rating: 1076 &rarr; <strong>1098</strong><br />(+22 for winning)\n|raw|turito999's rating: 1000 &rarr; <strong>1000</strong><br />(+0 for losing)\n",
  "uploadtime": 1776295817,
  "views": 23,
  "formatid": "gen9championsvgc2026regma",
  "rating": 1000,
  "private": 0,
  "password": null
}