{
  "id": "gen9championsvgc2026regma-2585803634",
  "format": "[Gen 9 Champions] VGC 2026 Reg M-A",
  "players": [
    "jeffxyuki",
    "outofthebox215"
  ],
  "log": "|j|\u2606jeffxyuki\n|j|\u2606outofthebox215\n|t:|1776371794\n|gametype|doubles\n|player|p1|jeffxyuki|hiker-gen4|1110\n|player|p2|outofthebox215|101|1111\n|gen|9\n|tier|[Gen 9 Champions] VGC 2026 Reg M-A\n|rated|\n|rule|Species Clause: Limit one of each Pok\u00e9mon\n|rule|Item Clause: Limit 1 of each item\n|clearpoke\n|poke|p1|Gallade, L50, M|\n|poke|p1|Aerodactyl, L50, F|\n|poke|p1|Jolteon, L50, F|\n|poke|p1|Sneasler, L50, F|\n|poke|p1|Basculegion, L50, M|\n|poke|p1|Pelipper, L50, M|\n|poke|p2|Tyranitar, L50, F|\n|poke|p2|Starmie, L50|\n|poke|p2|Gyarados, L50, F|\n|poke|p2|Runerigus, L50, M|\n|poke|p2|Meowscarada, L50, F|\n|poke|p2|Floette-Eternal, L50, F|\n|teampreview|4\n|inactive|Battle timer is ON: inactive players will automatically lose when time's up. (requested by outofthebox215)\n|\n|t:|1776371811\n|teamsize|p1|4\n|teamsize|p2|4\n|start\n|switch|p1a: Pelipper|Pelipper, L50, M|100/100\n|switch|p1b: Jolteon|Jolteon, L50, F|100/100\n|switch|p2a: Gyarados|Gyarados, L50, F, shiny|100/100\n|switch|p2b: Meowscarada|Meowscarada, L50, F, shiny|100/100\n|-ability|p2a: Gyarados|Intimidate|boost\n|-unboost|p1a: Pelipper|atk|1\n|-unboost|p1b: Jolteon|atk|1\n|-weather|RainDance|[from] ability: Drizzle|[of] p1a: Pelipper\n|turn|1\n|\n|t:|1776371827\n|switch|p2a: Tyranitar|Tyranitar, L50, F, shiny|100/100\n|-weather|Sandstorm|[from] ability: Sand Stream|[of] p2a: Tyranitar\n|move|p1a: Pelipper|Protect|p1a: Pelipper\n|-singleturn|p1a: Pelipper|Protect\n|move|p2b: Meowscarada|Flower Trick|p1b: Jolteon\n|-start|p2b: Meowscarada|typechange|Grass|[from] ability: Protean\n|-crit|p1b: Jolteon\n|-damage|p1b: Jolteon|3/100\n|move|p1b: Jolteon|Calm Mind|p1b: Jolteon\n|-boost|p1b: Jolteon|spa|1\n|-boost|p1b: Jolteon|spd|1\n|\n|-weather|Sandstorm|[upkeep]\n|-damage|p2b: Meowscarada|95/100|[from] Sandstorm\n|-damage|p1b: Jolteon|0 fnt|[from] Sandstorm\n|-damage|p1a: Pelipper|95/100|[from] Sandstorm\n|faint|p1b: Jolteon\n|-heal|p1a: Pelipper|100/100|[from] item: Leftovers\n|upkeep\n|\n|t:|1776371850\n|switch|p1b: Sneasler|Sneasler, L50, F, shiny|100/100\n|turn|2\n|\n|t:|1776371860\n|switch|p2a: Gyarados|Gyarados, L50, F, shiny|100/100\n|-ability|p2a: Gyarados|Intimidate|boost\n|-unboost|p1a: Pelipper|atk|1\n|-unboost|p1b: Sneasler|atk|1\n|switch|p1a: Basculegion|Basculegion, L50, M, shiny|100/100\n|move|p1b: Sneasler|Fake Out|p2a: Gyarados\n|-damage|p2a: Gyarados|90/100\n|move|p2b: Meowscarada|Triple Axel|p1a: Basculegion\n|-resisted|p1a: Basculegion|1\n|-damage|p1a: Basculegion|97/100\n|-resisted|p1a: Basculegion|1\n|-damage|p1a: Basculegion|89/100\n|-resisted|p1a: Basculegion|1\n|-damage|p1a: Basculegion|77/100\n|-hitcount|p1a: Basculegion|3\n|\n|-weather|Sandstorm|[upkeep]\n|-damage|p1a: Basculegion|71/100|[from] Sandstorm\n|-damage|p2b: Meowscarada|89/100|[from] Sandstorm\n|-damage|p1b: Sneasler|95/100|[from] Sandstorm\n|-damage|p2a: Gyarados|84/100|[from] Sandstorm\n|upkeep\n|turn|3\n|inactive|jeffxyuki has 30 seconds left.\n|\n|t:|1776371894\n|switch|p1b: Pelipper|Pelipper, L50, M|100/100\n|-weather|RainDance|[from] ability: Drizzle|[of] p1b: Pelipper\n|move|p2b: Meowscarada|Sucker Punch|p1a: Basculegion\n|-supereffective|p1a: Basculegion|1\n|-damage|p1a: Basculegion|1/100\n|move|p1a: Basculegion|Crunch|p2a: Gyarados\n|-damage|p2a: Gyarados|55/100\n|move|p2a: Gyarados|Dragon Dance|p2a: Gyarados\n|-boost|p2a: Gyarados|atk|1\n|-boost|p2a: Gyarados|spe|1\n|\n|-weather|RainDance|[upkeep]\n|upkeep\n|turn|4\n|\n|t:|1776371915\n|switch|p1a: Sneasler|Sneasler, L50, F, shiny|95/100\n|switch|p2b: Tyranitar|Tyranitar, L50, F, shiny|100/100\n|-weather|Sandstorm|[from] ability: Sand Stream|[of] p2b: Tyranitar\n|move|p2a: Gyarados|Protect|p2a: Gyarados\n|-singleturn|p2a: Gyarados|Protect\n|move|p1b: Pelipper|Hurricane|p2b: Tyranitar\n|-resisted|p2b: Tyranitar|1\n|-damage|p2b: Tyranitar|86/100\n|\n|-weather|Sandstorm|[upkeep]\n|-damage|p2a: Gyarados|50/100|[from] Sandstorm\n|-damage|p1a: Sneasler|89/100|[from] Sandstorm\n|-damage|p1b: Pelipper|95/100|[from] Sandstorm\n|-heal|p1b: Pelipper|100/100|[from] item: Leftovers\n|upkeep\n|turn|5\n|\n|t:|1776371935\n|switch|p2b: Starmie|Starmie, L50, shiny|100/100\n|move|p1b: Pelipper|Protect|p1b: Pelipper\n|-singleturn|p1b: Pelipper|Protect\n|move|p2a: Gyarados|Waterfall|p1a: Sneasler\n|-damage|p1a: Sneasler|0 fnt\n|faint|p1a: Sneasler\n|\n|-weather|Sandstorm|[upkeep]\n|-damage|p2a: Gyarados|44/100|[from] Sandstorm\n|-damage|p2b: Starmie|95/100|[from] Sandstorm\n|-damage|p1b: Pelipper|95/100|[from] Sandstorm\n|-heal|p1b: Pelipper|100/100|[from] item: Leftovers\n|upkeep\n|\n|t:|1776371946\n|switch|p1a: Basculegion|Basculegion, L50, M, shiny|1/100\n|turn|6\n|\n|t:|1776371963\n|switch|p2a: Tyranitar|Tyranitar, L50, F, shiny|86/100\n|move|p2b: Starmie|Protect|p2b: Starmie\n|-singleturn|p2b: Starmie|Protect\n|move|p1a: Basculegion|Last Respects|p2b: Starmie\n|-activate|p2b: Starmie|move: Protect\n|move|p1b: Pelipper|Hurricane|p2a: Tyranitar\n|-resisted|p2a: Tyranitar|1\n|-damage|p2a: Tyranitar|71/100\n|\n|-weather|Sandstorm|[upkeep]\n|-damage|p1a: Basculegion|0 fnt|[from] Sandstorm\n|-damage|p2b: Starmie|89/100|[from] Sandstorm\n|-damage|p1b: Pelipper|95/100|[from] Sandstorm\n|faint|p1a: Basculegion\n|-heal|p1b: Pelipper|100/100|[from] item: Leftovers\n|upkeep\n|turn|7\n|-message|jeffxyuki forfeited.\n|\n|win|outofthebox215\n|raw|jeffxyuki's rating: 1110 &rarr; <strong>1085</strong><br />(-25 for losing)\n|raw|outofthebox215's rating: 1111 &rarr; <strong>1136</strong><br />(+25 for winning)\n|l|\u2606jeffxyuki\n|player|p1|\n",
  "uploadtime": 1776372002,
  "views": 24,
  "formatid": "gen9championsvgc2026regma",
  "rating": 1085,
  "private": 0,
  "password": null
}