{
  "id": "gen9championsvgc2026regma-2581568388",
  "format": "[Gen 9 Champions] VGC 2026 Reg M-A",
  "players": [
    "yiokm",
    "emma grande"
  ],
  "log": "|j|\u2606yiokm\n|j|\u2606emma grande\n|t:|1776011644\n|gametype|doubles\n|player|p1|yiokm|n|1323\n|player|p2|emma grande|ninjaboy|1357\n|gen|9\n|tier|[Gen 9 Champions] VGC 2026 Reg M-A\n|rated|\n|rule|Species Clause: Limit one of each Pok\u00e9mon\n|rule|Item Clause: Limit 1 of each item\n|clearpoke\n|poke|p1|Sneasler, L50, M|\n|poke|p1|Corviknight, L50, F|\n|poke|p1|Incineroar, L50, M|\n|poke|p1|Rotom-Wash, L50|\n|poke|p1|Excadrill, L50, F|\n|poke|p1|Tyranitar, L50, F|\n|poke|p2|Delphox, L50, M|\n|poke|p2|Primarina, L50, M|\n|poke|p2|Krookodile, L50, M|\n|poke|p2|Ninetales-Alola, L50, M|\n|poke|p2|Dragonite, L50, M|\n|poke|p2|Sneasler, L50, M|\n|teampreview|4\n|j| Junglebolt\n|l| Junglebolt\n|\n|t:|1776011700\n|teamsize|p1|4\n|teamsize|p2|4\n|start\n|switch|p1a: Rotom|Rotom-Wash, L50|100/100\n|switch|p1b: Corviknight|Corviknight, L50, F|100/100\n|switch|p2a: Primarina|Primarina, L50, M|100/100\n|switch|p2b: Sneasler|Sneasler, L50, M|100/100\n|turn|1\n|j| oscuover\n|\n|t:|1776011721\n|move|p2b: Sneasler|Fake Out|p1a: Rotom\n|-damage|p1a: Rotom|85/100\n|cant|p1a: Rotom|flinch\n|move|p1b: Corviknight|Brave Bird|p2b: Sneasler\n|-supereffective|p2b: Sneasler|1\n|-damage|p2b: Sneasler|0 fnt\n|faint|p2b: Sneasler\n|-damage|p1b: Corviknight|76/100|[from] Recoil\n|move|p2a: Primarina|Calm Mind|p2a: Primarina\n|-boost|p2a: Primarina|spa|1\n|-boost|p2a: Primarina|spd|1\n|\n|-heal|p1b: Corviknight|81/100|[from] item: Leftovers\n|upkeep\n|\n|t:|1776011725\n|switch|p2b: Ninetales|Ninetales-Alola, L50, M|100/100\n|-weather|Snowscape|[from] ability: Snow Warning|[of] p2b: Ninetales\n|turn|2\n|\n|t:|1776011742\n|switch|p1b: Tyranitar|Tyranitar, L50, F|100/100\n|-weather|Sandstorm|[from] ability: Sand Stream|[of] p1b: Tyranitar\n|move|p2b: Ninetales|Blizzard|p1b: Tyranitar|[spread] p1a,p1b\n|-resisted|p1a: Rotom|1\n|-damage|p1a: Rotom|67/100\n|-damage|p1b: Tyranitar|79/100\n|move|p1a: Rotom|Thunderbolt|p2a: Primarina\n|-supereffective|p2a: Primarina|1\n|-damage|p2a: Primarina|59/100\n|move|p2a: Primarina|Hyper Voice|p1a: Rotom|[spread] p1a,p1b\n|-resisted|p1a: Rotom|1\n|-supereffective|p1b: Tyranitar|1\n|-damage|p1a: Rotom|43/100\n|-damage|p1b: Tyranitar|3/100\n|-enditem|p1a: Rotom|Sitrus Berry|[eat]\n|-heal|p1a: Rotom|67/100|[from] item: Sitrus Berry\n|\n|-weather|Sandstorm|[upkeep]\n|-damage|p2b: Ninetales|94/100|[from] Sandstorm\n|-damage|p1a: Rotom|62/100|[from] Sandstorm\n|-damage|p2a: Primarina|53/100|[from] Sandstorm\n|-heal|p2a: Primarina|59/100|[from] item: Leftovers\n|upkeep\n|turn|3\n|\n|t:|1776011786\n|move|p2a: Primarina|Protect|p2a: Primarina\n|-singleturn|p2a: Primarina|Protect\n|move|p2b: Ninetales|Blizzard|p1b: Tyranitar|[spread] p1a\n|-miss|p2b: Ninetales|p1b: Tyranitar\n|-resisted|p1a: Rotom|1\n|-damage|p1a: Rotom|44/100\n|move|p1a: Rotom|Thunderbolt|p2a: Primarina\n|-activate|p2a: Primarina|move: Protect\n|move|p1b: Tyranitar|Rock Slide|p2a: Primarina|[spread] p2b\n|-activate|p2a: Primarina|move: Protect\n|-supereffective|p2b: Ninetales|1\n|-crit|p2b: Ninetales\n|-damage|p2b: Ninetales|0 fnt\n|faint|p2b: Ninetales\n|\n|-weather|Sandstorm|[upkeep]\n|-damage|p1a: Rotom|39/100|[from] Sandstorm\n|-damage|p2a: Primarina|53/100|[from] Sandstorm\n|-heal|p2a: Primarina|59/100|[from] item: Leftovers\n|upkeep\n|\n|t:|1776011792\n|switch|p2b: Krookodile|Krookodile, L50, M|100/100\n|-ability|p2b: Krookodile|Intimidate|boost\n|-unboost|p1a: Rotom|atk|1\n|-unboost|p1b: Tyranitar|atk|1\n|turn|4\n|\n|t:|1776011808\n|switch|p1b: Incineroar|Incineroar, L50, M|100/100\n|-ability|p1b: Incineroar|Intimidate|boost\n|-unboost|p2a: Primarina|atk|1\n|-unboost|p2b: Krookodile|atk|1\n|move|p2b: Krookodile|Rock Slide|p1a: Rotom|[spread] p1a,p1b\n|-supereffective|p1b: Incineroar|1\n|-damage|p1a: Rotom|24/100\n|-damage|p1b: Incineroar|81/100\n|move|p1a: Rotom|Thunderbolt|p2a: Primarina\n|-supereffective|p2a: Primarina|1\n|-damage|p2a: Primarina|11/100\n|move|p2a: Primarina|Calm Mind|p2a: Primarina\n|-boost|p2a: Primarina|spa|1\n|-boost|p2a: Primarina|spd|1\n|\n|-weather|Sandstorm|[upkeep]\n|-damage|p1a: Rotom|18/100|[from] Sandstorm\n|-damage|p2a: Primarina|5/100|[from] Sandstorm\n|-damage|p1b: Incineroar|75/100|[from] Sandstorm\n|-heal|p2a: Primarina|11/100|[from] item: Leftovers\n|upkeep\n|turn|5\n|\n|t:|1776011821\n|move|p2a: Primarina|Protect|p2a: Primarina\n|-singleturn|p2a: Primarina|Protect\n|move|p1b: Incineroar|Fake Out|p2b: Krookodile\n|-damage|p2b: Krookodile|87/100\n|cant|p2b: Krookodile|flinch\n|move|p1a: Rotom|Hydro Pump|p2b: Krookodile|[miss]\n|-miss|p1a: Rotom|p2b: Krookodile\n|\n|-weather|Sandstorm|[upkeep]\n|-damage|p1a: Rotom|13/100|[from] Sandstorm\n|-damage|p2a: Primarina|5/100|[from] Sandstorm\n|-damage|p1b: Incineroar|69/100|[from] Sandstorm\n|-heal|p2a: Primarina|11/100|[from] item: Leftovers\n|upkeep\n|turn|6\n|\n|t:|1776011845\n|move|p1a: Rotom|Protect|p1a: Rotom\n|-singleturn|p1a: Rotom|Protect\n|move|p2b: Krookodile|Rock Slide|p1a: Rotom|[spread] p1b\n|-activate|p1a: Rotom|move: Protect\n|-supereffective|p1b: Incineroar|1\n|-damage|p1b: Incineroar|49/100\n|move|p2a: Primarina|Hyper Voice|p1a: Rotom|[spread] p1b\n|-activate|p1a: Rotom|move: Protect\n|-supereffective|p1b: Incineroar|1\n|-damage|p1b: Incineroar|0 fnt\n|faint|p1b: Incineroar\n|\n|-weather|none\n|-heal|p2a: Primarina|17/100|[from] item: Leftovers\n|upkeep\n|\n|t:|1776011856\n|switch|p1b: Tyranitar|Tyranitar, L50, F|3/100\n|-weather|Sandstorm|[from] ability: Sand Stream|[of] p1b: Tyranitar\n|turn|7\n|\n|t:|1776011868\n|switch|p1a: Corviknight|Corviknight, L50, F|81/100\n|detailschange|p1b: Tyranitar|Tyranitar-Mega, L50, F\n|-mega|p1b: Tyranitar|Tyranitar|Tyranitarite\n|move|p2b: Krookodile|Rock Slide|p1a: Corviknight|[spread] p1a,p1b\n|-damage|p1a: Corviknight|71/100\n|-damage|p1b: Tyranitar|0 fnt\n|faint|p1b: Tyranitar\n|move|p2a: Primarina|Hyper Voice|p1a: Corviknight\n|-damage|p1a: Corviknight|0 fnt\n|faint|p1a: Corviknight\n|\n|-weather|Sandstorm|[upkeep]\n|-damage|p2a: Primarina|11/100|[from] Sandstorm\n|-heal|p2a: Primarina|17/100|[from] item: Leftovers\n|upkeep\n|\n|t:|1776011876\n|switch|p1b: Rotom|Rotom-Wash, L50|13/100\n|turn|8\n|\n|t:|1776011881\n|move|p2b: Krookodile|Rock Slide|p1b: Rotom\n|-damage|p1b: Rotom|0 fnt\n|faint|p1b: Rotom\n|\n|win|emma grande\n|raw|yiokm's rating: 1323 &rarr; <strong>1305</strong><br />(-18 for losing)\n|raw|emma grande's rating: 1357 &rarr; <strong>1375</strong><br />(+18 for winning)\n|l|\u2606yiokm\n|player|p1|\n",
  "uploadtime": 1776011885,
  "views": 38,
  "formatid": "gen9championsvgc2026regma",
  "rating": 1305,
  "private": 0,
  "password": null
}