{
  "id": "gen9championsvgc2026regma-2583110798",
  "format": "[Gen 9 Champions] VGC 2026 Reg M-A",
  "players": [
    "DioSyn420",
    "iiSilverkx"
  ],
  "log": "|j|\u2606DioSyn420\n|j|\u2606iiSilverkx\n|t:|1776143242\n|gametype|doubles\n|player|p1|DioSyn420|265|1051\n|player|p2|iiSilverkx|miku-ground|1121\n|gen|9\n|tier|[Gen 9 Champions] VGC 2026 Reg M-A\n|rated|\n|rule|Species Clause: Limit one of each Pok\u00e9mon\n|rule|Item Clause: Limit 1 of each item\n|clearpoke\n|poke|p1|Hippowdon, L50, M|\n|poke|p1|Glimmora, L50, M|\n|poke|p1|Tyranitar, L50, M|\n|poke|p1|Mamoswine, L50, M|\n|poke|p1|Runerigus, L50, M|\n|poke|p1|Orthworm, L50, M|\n|poke|p2|Hawlucha, L50, F|\n|poke|p2|Excadrill, L50, M|\n|poke|p2|Volcarona, L50, M|\n|poke|p2|Incineroar, L50, F|\n|poke|p2|Kingambit, L50, F|\n|poke|p2|Sinistcha, L50|\n|teampreview|4\n|inactive|Battle timer is ON: inactive players will automatically lose when time's up. (requested by iiSilverkx)\niiSilverkx rejected open team sheets.\n|inactive|iiSilverkx has 60 seconds left.\n|\n|t:|1776143293\n|teamsize|p1|4\n|teamsize|p2|4\n|start\n|switch|p1a: Hippowdon|Hippowdon, L50, M|100/100\n|switch|p1b: Runerigus|Runerigus, L50, M|100/100\n|switch|p2a: \u30b9\u30c8\u30ec\u30f3\u30b0\u30b9|Hawlucha, L50, F|100/100\n|switch|p2b: \u30b8\u30e3\u30c3\u30b8\u30e1\u30f3\u30c8|Incineroar, L50, F|100/100\n|-ability|p2b: \u30b8\u30e3\u30c3\u30b8\u30e1\u30f3\u30c8|Intimidate|boost\n|-unboost|p1a: Hippowdon|atk|1\n|-unboost|p1b: Runerigus|atk|1\n|-weather|Sandstorm|[from] ability: Sand Stream|[of] p1a: Hippowdon\n|turn|1\n|inactive|iiSilverkx has 30 seconds left.\n|\n|t:|1776143319\n|detailschange|p2a: \u30b9\u30c8\u30ec\u30f3\u30b0\u30b9|Hawlucha-Mega, L50, F\n|-mega|p2a: \u30b9\u30c8\u30ec\u30f3\u30b0\u30b9|Hawlucha|Hawluchanite\n|move|p2a: \u30b9\u30c8\u30ec\u30f3\u30b0\u30b9|High Jump Kick|p1a: Hippowdon\n|-damage|p1a: Hippowdon|65/100\n|move|p2b: \u30b8\u30e3\u30c3\u30b8\u30e1\u30f3\u30c8|Darkest Lariat|p1b: Runerigus\n|-supereffective|p1b: Runerigus|1\n|-damage|p1b: Runerigus|28/100\n|-activate|p2b: \u30b8\u30e3\u30c3\u30b8\u30e1\u30f3\u30c8|Skill Swap|Wandering Spirit|Intimidate|[of] p1b: Runerigus\n|-ability|p1b: Runerigus|Intimidate|boost\n|-unboost|p2a: \u30b9\u30c8\u30ec\u30f3\u30b0\u30b9|atk|1\n|-unboost|p2b: \u30b8\u30e3\u30c3\u30b8\u30e1\u30f3\u30c8|atk|1\n|move|p1a: Hippowdon|Stealth Rock|p2b: \u30b8\u30e3\u30c3\u30b8\u30e1\u30f3\u30c8\n|-sidestart|p2: iiSilverkx|move: Stealth Rock\n|move|p1b: Runerigus|Toxic Spikes|p2b: \u30b8\u30e3\u30c3\u30b8\u30e1\u30f3\u30c8\n|-sidestart|p2: iiSilverkx|move: Toxic Spikes\n|\n|-weather|Sandstorm|[upkeep]\n|-damage|p2a: \u30b9\u30c8\u30ec\u30f3\u30b0\u30b9|95/100|[from] Sandstorm\n|-damage|p2b: \u30b8\u30e3\u30c3\u30b8\u30e1\u30f3\u30c8|95/100|[from] Sandstorm\n|-heal|p1a: Hippowdon|71/100|[from] item: Leftovers\n|upkeep\n|turn|2\n|inactive|DioSyn420 has 30 seconds left.\n|inactive|iiSilverkx has 30 seconds left.\n|\n|t:|1776143355\n|switch|p2b: \u30a8\u30f3\u30da\u30e9\u30fc|Kingambit, L50, F|100/100\n|-damage|p2b: \u30a8\u30f3\u30da\u30e9\u30fc|94/100|[from] Stealth Rock\n|move|p1b: Runerigus|Ally Switch|p1b: Runerigus\n|swap|p1b: Runerigus|0|[from] move: Ally Switch\n|move|p2a: \u30b9\u30c8\u30ec\u30f3\u30b0\u30b9|Entrainment|p2b: \u30a8\u30f3\u30da\u30e9\u30fc\n|-end|p2b: \u30a8\u30f3\u30da\u30e9\u30fc|fallenundefined|[silent]\n|-ability|p2b: \u30a8\u30f3\u30da\u30e9\u30fc|No Guard|Supreme Overlord|[from] move: Entrainment|[of] p2a: \u30b9\u30c8\u30ec\u30f3\u30b0\u30b9\n|move|p1b: Hippowdon|Roar|p2a: \u30b9\u30c8\u30ec\u30f3\u30b0\u30b9\n|drag|p2a: \u30cf\u30a4\u30d7\u30ea\u30a8\u30b9\u30c6\u30b9|Sinistcha, L50|100/100\n|-damage|p2a: \u30cf\u30a4\u30d7\u30ea\u30a8\u30b9\u30c6\u30b9|88/100|[from] Stealth Rock\n|-status|p2a: \u30cf\u30a4\u30d7\u30ea\u30a8\u30b9\u30c6\u30b9|psn\n|-heal|p2b: \u30a8\u30f3\u30da\u30e9\u30fc|100/100|[from] ability: Hospitality|[of] p2a: \u30cf\u30a4\u30d7\u30ea\u30a8\u30b9\u30c6\u30b9\n|\n|-weather|Sandstorm|[upkeep]\n|-damage|p2a: \u30cf\u30a4\u30d7\u30ea\u30a8\u30b9\u30c6\u30b9|82/100 psn|[from] Sandstorm\n|-heal|p1b: Hippowdon|77/100|[from] item: Leftovers\n|-damage|p2a: \u30cf\u30a4\u30d7\u30ea\u30a8\u30b9\u30c6\u30b9|70/100 psn|[from] psn\n|upkeep\n|turn|3\n|\n|t:|1776143378\n|move|p2a: \u30cf\u30a4\u30d7\u30ea\u30a8\u30b9\u30c6\u30b9|Rage Powder|p2a: \u30cf\u30a4\u30d7\u30ea\u30a8\u30b9\u30c6\u30b9\n|-singleturn|p2a: \u30cf\u30a4\u30d7\u30ea\u30a8\u30b9\u30c6\u30b9|move: Rage Powder\n|move|p2b: \u30a8\u30f3\u30da\u30e9\u30fc|Guillotine|p1b: Hippowdon\n|-damage|p1b: Hippowdon|0 fnt\n|faint|p1b: Hippowdon\n|-ohko\n|move|p1a: Runerigus|Toxic Spikes|p2b: \u30a8\u30f3\u30da\u30e9\u30fc\n|-sidestart|p2: iiSilverkx|move: Toxic Spikes\n|\n|-weather|Sandstorm|[upkeep]\n|-damage|p2a: \u30cf\u30a4\u30d7\u30ea\u30a8\u30b9\u30c6\u30b9|63/100 psn|[from] Sandstorm\n|-damage|p2a: \u30cf\u30a4\u30d7\u30ea\u30a8\u30b9\u30c6\u30b9|51/100 psn|[from] psn\n|upkeep\n|\n|t:|1776143398\n|switch|p1b: Tyranitar|Tyranitar, L50, M|100/100\n|turn|4\n|\n|t:|1776143412\n|move|p2b: \u30a8\u30f3\u30da\u30e9\u30fc|Protect|p2b: \u30a8\u30f3\u30da\u30e9\u30fc\n|-singleturn|p2b: \u30a8\u30f3\u30da\u30e9\u30fc|Protect\n|move|p1a: Runerigus|Ally Switch|p1a: Runerigus\n|swap|p1a: Runerigus|1|[from] move: Ally Switch\n|move|p2a: \u30cf\u30a4\u30d7\u30ea\u30a8\u30b9\u30c6\u30b9|Matcha Gotcha|p1a: Tyranitar|[spread] p1a,p1b\n|-supereffective|p1a: Tyranitar|1\n|-crit|p1a: Tyranitar\n|-supereffective|p1b: Runerigus|1\n|-damage|p1a: Tyranitar|65/100\n|-heal|p2a: \u30cf\u30a4\u30d7\u30ea\u30a8\u30b9\u30c6\u30b9|68/100 psn|[from] drain|[of] p1a: Tyranitar\n|-damage|p1b: Runerigus|0 fnt\n|-heal|p2a: \u30cf\u30a4\u30d7\u30ea\u30a8\u30b9\u30c6\u30b9|81/100 psn|[from] drain|[of] p1b: Runerigus\n|faint|p1b: Runerigus\n|move|p1a: Tyranitar|Dragon Tail|p2b: \u30a8\u30f3\u30da\u30e9\u30fc\n|-activate|p2b: \u30a8\u30f3\u30da\u30e9\u30fc|move: Protect\n|\n|-weather|Sandstorm|[upkeep]\n|-damage|p2a: \u30cf\u30a4\u30d7\u30ea\u30a8\u30b9\u30c6\u30b9|75/100 psn|[from] Sandstorm\n|-damage|p2a: \u30cf\u30a4\u30d7\u30ea\u30a8\u30b9\u30c6\u30b9|63/100 psn|[from] psn\n|upkeep\n|\n|t:|1776143431\n|switch|p1b: Glimmora|Glimmora, L50, M, shiny|100/100\n|turn|5\n|\n|t:|1776143448\n|move|p1b: Glimmora|Spiky Shield|p1b: Glimmora\n|-singleturn|p1b: Glimmora|move: Protect\n|move|p2a: \u30cf\u30a4\u30d7\u30ea\u30a8\u30b9\u30c6\u30b9|Rage Powder|p2a: \u30cf\u30a4\u30d7\u30ea\u30a8\u30b9\u30c6\u30b9\n|-singleturn|p2a: \u30cf\u30a4\u30d7\u30ea\u30a8\u30b9\u30c6\u30b9|move: Rage Powder\n|move|p2b: \u30a8\u30f3\u30da\u30e9\u30fc|Guillotine|p1a: Tyranitar\n|-damage|p1a: Tyranitar|0 fnt\n|faint|p1a: Tyranitar\n|-ohko\n|\n|-weather|none\n|-damage|p2a: \u30cf\u30a4\u30d7\u30ea\u30a8\u30b9\u30c6\u30b9|50/100 psn|[from] psn\n|upkeep\n|turn|6\n|-message|DioSyn420 forfeited.\n|\n|win|iiSilverkx\n|raw|DioSyn420's rating: 1051 &rarr; <strong>1037</strong><br />(-14 for losing)\n|raw|iiSilverkx's rating: 1121 &rarr; <strong>1141</strong><br />(+20 for winning)\n|l|\u2606DioSyn420\n|player|p1|\n",
  "uploadtime": 1776143469,
  "views": 13,
  "formatid": "gen9championsvgc2026regma",
  "rating": 1037,
  "private": 0,
  "password": null
}