{
  "id": "gen9championsvgc2026regma-2582191478",
  "format": "[Gen 9 Champions] VGC 2026 Reg M-A",
  "players": [
    "sjysjysjy6",
    "trinciastokke"
  ],
  "log": "|j|\u2606sjysjysjy6\n|j|\u2606trinciastokke\n|t:|1776069480\n|gametype|doubles\n|player|p1|sjysjysjy6|170|1091\n|player|p2|trinciastokke|1|1000\n|gen|9\n|tier|[Gen 9 Champions] VGC 2026 Reg M-A\n|rated|\n|rule|Species Clause: Limit one of each Pok\u00e9mon\n|rule|Item Clause: Limit 1 of each item\n|clearpoke\n|poke|p1|Gengar, L50, M|\n|poke|p1|Garchomp, L50, F|\n|poke|p1|Whimsicott, L50, M|\n|poke|p1|Kingambit, L50, F|\n|poke|p1|Rotom-Wash, L50|\n|poke|p1|Delphox, L50, M|\n|poke|p2|Sableye, L50, M|\n|poke|p2|Blastoise, L50, F|\n|poke|p2|Basculegion, L50, M|\n|poke|p2|Leafeon, L50, M|\n|poke|p2|Raichu, L50, F|\n|poke|p2|Houndoom, L50, M|\n|teampreview|4\n|inactive|Battle timer is ON: inactive players will automatically lose when time's up. (requested by trinciastokke)\n|\n|t:|1776069547\n|teamsize|p1|4\n|teamsize|p2|4\n|start\n|switch|p1a: Garchomp|Garchomp, L50, F|100/100\n|switch|p1b: Rotom|Rotom-Wash, L50|100/100\n|switch|p2a: Sableye|Sableye, L50, M, shiny|100/100\n|switch|p2b: Blastoise|Blastoise, L50, F|100/100\n|turn|1\n|\n|t:|1776069560\n|move|p2a: Sableye|Rain Dance|p2a: Sableye\n|-weather|RainDance\n|move|p2b: Blastoise|Water Spout|p1b: Rotom|[spread] p1a,p1b\n|-resisted|p1b: Rotom|1\n|-damage|p1a: Garchomp|20/100\n|-damage|p1b: Rotom|65/100\n|move|p1a: Garchomp|Earthquake|p2b: Blastoise|[spread] p2a,p2b\n|-immune|p1b: Rotom|[from] ability: Levitate\n|-damage|p2a: Sableye|53/100\n|-damage|p2b: Blastoise|58/100\n|move|p1b: Rotom|Thunderbolt|p2b: Blastoise\n|-supereffective|p2b: Blastoise|1\n|-damage|p2b: Blastoise|0 fnt\n|faint|p2b: Blastoise\n|\n|-weather|RainDance|[upkeep]\n|-heal|p1a: Garchomp|26/100|[from] item: Leftovers\n|upkeep\n|\n|t:|1776069581\n|switch|p2b: Leafeon|Leafeon, L50, M|100/100\n|turn|2\n|\n|t:|1776069603\n|switch|p1b: Whimsicott|Whimsicott, L50, M|100/100\n|move|p2a: Sableye|Sunny Day|p2a: Sableye\n|-weather|SunnyDay\n|move|p2b: Leafeon|Solar Blade||[still]\n|-prepare|p2b: Leafeon|Solar Blade\n|-anim|p2b: Leafeon|Solar Blade|p1b: Whimsicott\n|-resisted|p1b: Whimsicott|1\n|-damage|p1b: Whimsicott|43/100\n|move|p1a: Garchomp|Earthquake|p2b: Leafeon|[spread] p1b,p2a,p2b\n|-resisted|p1b: Whimsicott|1\n|-resisted|p2b: Leafeon|1\n|-damage|p1b: Whimsicott|15/100\n|-damage|p2a: Sableye|0 fnt\n|-damage|p2b: Leafeon|85/100\n|faint|p2a: Sableye\n|\n|-weather|SunnyDay|[upkeep]\n|-heal|p1a: Garchomp|32/100|[from] item: Leftovers\n|upkeep\n|\n|t:|1776069616\n|switch|p2a: Houndoom|Houndoom, L50, M|100/100\n|turn|3\n|\n|t:|1776069628\n|detailschange|p2a: Houndoom|Houndoom-Mega, L50, M\n|-mega|p2a: Houndoom|Houndoom|Houndoominite\n|move|p1b: Whimsicott|Tailwind|p1b: Whimsicott\n|-sidestart|p1: sjysjysjy6|move: Tailwind\n|move|p1a: Garchomp|Earthquake|p2b: Leafeon|[spread] p1b,p2a,p2b\n|-resisted|p1b: Whimsicott|1\n|-supereffective|p2a: Houndoom|1\n|-resisted|p2b: Leafeon|1\n|-damage|p1b: Whimsicott|0 fnt\n|-damage|p2a: Houndoom|15/100\n|-damage|p2b: Leafeon|70/100\n|faint|p1b: Whimsicott\n|move|p2b: Leafeon|Solar Blade||[still]\n|-prepare|p2b: Leafeon|Solar Blade\n|-anim|p2b: Leafeon|Solar Blade|p1a: Garchomp\n|-damage|p1a: Garchomp|0 fnt\n|-damage|p2b: Leafeon|57/100|[from] ability: Rough Skin|[of] p1a: Garchomp\n|faint|p1a: Garchomp\n|move|p2a: Houndoom|Heat Wave|p1: Garchomp|[notarget]\n|-fail|p2a: Houndoom\n|\n|-weather|SunnyDay|[upkeep]\n|-damage|p2a: Houndoom|3/100|[from] ability: Solar Power|[of] p2a: Houndoom\n|upkeep\n|\n|t:|1776069645\n|switch|p1b: Rotom|Rotom-Wash, L50|65/100\n|switch|p1a: Gengar|Gengar, L50, M|100/100\n|turn|4\n|\n|t:|1776069658\n|detailschange|p1a: Gengar|Gengar-Mega, L50, M\n|-mega|p1a: Gengar|Gengar|Gengarite\n|move|p1a: Gengar|Protect|p1a: Gengar\n|-singleturn|p1a: Gengar|Protect\n|move|p1b: Rotom|Will-O-Wisp|p2b: Leafeon\n|-status|p2b: Leafeon|brn\n|move|p2b: Leafeon|Solar Blade||[still]\n|-prepare|p2b: Leafeon|Solar Blade\n|-anim|p2b: Leafeon|Solar Blade|p1b: Rotom\n|-supereffective|p1b: Rotom|1\n|-crit|p1b: Rotom\n|-damage|p1b: Rotom|0 fnt\n|faint|p1b: Rotom\n|move|p2a: Houndoom|Flamethrower|p1a: Gengar\n|-activate|p1a: Gengar|move: Protect\n|\n|-weather|SunnyDay|[upkeep]\n|-damage|p2a: Houndoom|0 fnt|[from] ability: Solar Power|[of] p2a: Houndoom\n|faint|p2a: Houndoom\n|-damage|p2b: Leafeon|52/100 brn|[from] brn\n|upkeep\n|turn|5\n|\n|t:|1776069679\n|move|p1a: Gengar|Sludge Wave|p2b: Leafeon\n|-supereffective|p2b: Leafeon|1\n|-damage|p2b: Leafeon|0 fnt\n|faint|p2b: Leafeon\n|\n|win|sjysjysjy6\n|raw|sjysjysjy6's rating: 1091 &rarr; <strong>1111</strong><br />(+20 for winning)\n|raw|trinciastokke's rating: 1000 &rarr; <strong>1000</strong><br />(+0 for losing)\n",
  "uploadtime": 1776069685,
  "views": 15,
  "formatid": "gen9championsvgc2026regma",
  "rating": 1000,
  "private": 0,
  "password": null
}