{
  "id": "gen9championsvgc2026regma-2580783849",
  "format": "[Gen 9 Champions] VGC 2026 Reg M-A",
  "players": [
    "syn001",
    "nerdium"
  ],
  "log": "|j|\u2606syn001\n|j|\u2606nerdium\n|t:|1775932174\n|gametype|doubles\n|player|p1|syn001|cynthia-gen4|1033\n|player|p2|nerdium|schoolkid-gen4|1000\n|gen|9\n|tier|[Gen 9 Champions] VGC 2026 Reg M-A\n|rated|\n|rule|Species Clause: Limit one of each Pok\u00e9mon\n|rule|Item Clause: Limit 1 of each item\n|clearpoke\n|poke|p1|Sylveon, L50, F|\n|poke|p1|Glimmora, L50, F|\n|poke|p1|Tsareena, L50, F|\n|poke|p1|Aerodactyl, L50, M|\n|poke|p1|Sneasler, L50, M|\n|poke|p1|Basculegion, L50, M|\n|poke|p2|Steelix, L50, F|\n|poke|p2|Armarouge, L50, M|\n|poke|p2|Hawlucha, L50, M|\n|poke|p2|Sinistcha, L50|\n|poke|p2|Rotom-Wash, L50|\n|poke|p2|Gyarados, L50, M|\n|teampreview|4\n|inactive|Battle timer is ON: inactive players will automatically lose when time's up. (requested by nerdium)\n|inactive|syn001 has 60 seconds left.\nnerdium rejected open team sheets.\n|inactive|syn001 has 30 seconds left.\n|\n|t:|1775932239\n|teamsize|p1|4\n|teamsize|p2|4\n|start\n|switch|p1a: Aerodactyl|Aerodactyl, L50, M|100/100\n|switch|p1b: Sneasler|Sneasler, L50, M|100/100\n|switch|p2a: Steelix|Steelix, L50, F|100/100\n|switch|p2b: Armarouge|Armarouge, L50, M|100/100\n|-ability|p1a: Aerodactyl|Unnerve\n|turn|1\n|\n|t:|1775932261\n|detailschange|p2a: Steelix|Steelix-Mega, L50, F\n|-mega|p2a: Steelix|Steelix|Steelixite\n|move|p1b: Sneasler|Fake Out|p2b: Armarouge\n|-damage|p2b: Armarouge|88/100\n|move|p1a: Aerodactyl|Dragon Dance|p1a: Aerodactyl\n|-boost|p1a: Aerodactyl|atk|1\n|-boost|p1a: Aerodactyl|spe|1\n|move|p2a: Steelix|Curse|p2a: Steelix\n|-unboost|p2a: Steelix|spe|1\n|-boost|p2a: Steelix|atk|1\n|-boost|p2a: Steelix|def|1\n|cant|p2b: Armarouge|flinch\n|\n|upkeep\n|turn|2\n|inactive|syn001 has 30 seconds left.\n|\n|t:|1775932291\n|detailschange|p1a: Aerodactyl|Aerodactyl-Mega, L50, M\n|-mega|p1a: Aerodactyl|Aerodactyl|Aerodactylite\n|move|p1a: Aerodactyl|Rock Slide|p2b: Armarouge|[spread] p2a,p2b\n|-resisted|p2a: Steelix|2\n|-supereffective|p2b: Armarouge|1\n|-damage|p2a: Steelix|97/100\n|-damage|p2b: Armarouge|0 fnt\n|faint|p2b: Armarouge\n|move|p1b: Sneasler|Close Combat|p2a: Steelix\n|-supereffective|p2a: Steelix|1\n|-damage|p2a: Steelix|59/100\n|-unboost|p1b: Sneasler|def|1\n|-unboost|p1b: Sneasler|spd|1\n|move|p2a: Steelix|Rock Slide|p1a: Aerodactyl|[spread] p1a,p1b\n|-supereffective|p1a: Aerodactyl|1\n|-resisted|p1b: Sneasler|1\n|-damage|p1a: Aerodactyl|14/100\n|-damage|p1b: Sneasler|62/100\n|\n|upkeep\n|\n|t:|1775932307\n|switch|p2b: Sinistcha|Sinistcha, L50|100/100\n|-heal|p2a: Steelix|84/100|[from] ability: Hospitality|[of] p2b: Sinistcha\n|turn|3\n|\n|t:|1775932332\n|move|p2a: Steelix|Protect|p2a: Steelix\n|-singleturn|p2a: Steelix|Protect\n|move|p1a: Aerodactyl|Dual Wingbeat|p2b: Sinistcha\n|-supereffective|p2b: Sinistcha|1\n|-crit|p2b: Sinistcha\n|-enditem|p2b: Sinistcha|Focus Sash\n|-damage|p2b: Sinistcha|1/100\n|-supereffective|p2b: Sinistcha|1\n|-damage|p2b: Sinistcha|0 fnt\n|faint|p2b: Sinistcha\n|-hitcount|p2: Sinistcha|2\n|move|p1b: Sneasler|Close Combat|p2a: Steelix\n|-activate|p2a: Steelix|move: Protect\n|\n|upkeep\n|\n|t:|1775932339\n|switch|p2b: Rotom|Rotom-Wash, L50|100/100\n|turn|4\n|\n|t:|1775932360\n|move|p1a: Aerodactyl|Rock Slide|p2b: Rotom|[spread] p2a,p2b\n|-resisted|p2a: Steelix|2\n|-damage|p2a: Steelix|81/100\n|-damage|p2b: Rotom|36/100\n|move|p2b: Rotom|Thunderbolt|p1a: Aerodactyl\n|-supereffective|p1a: Aerodactyl|1\n|-damage|p1a: Aerodactyl|0 fnt\n|faint|p1a: Aerodactyl\n|move|p1b: Sneasler|Close Combat|p2a: Steelix\n|-supereffective|p2a: Steelix|1\n|-damage|p2a: Steelix|38/100\n|-unboost|p1b: Sneasler|def|1\n|-unboost|p1b: Sneasler|spd|1\n|cant|p2a: Steelix|flinch\n|\n|upkeep\n|inactive|syn001 has 30 seconds left.\n|\n|t:|1775932388\n|switch|p1a: Basculegion|Basculegion, L50, M|100/100\n|turn|5\n|\n|t:|1775932404\n|move|p1a: Basculegion|Flip Turn|p2a: Steelix\n|-supereffective|p2a: Steelix|1\n|-crit|p2a: Steelix\n|-damage|p2a: Steelix|0 fnt\n|faint|p2a: Steelix\n|\n|t:|1775932409\n|switch|p1a: Tsareena|Tsareena, L50, F|100/100|[from] Flip Turn\n|move|p2b: Rotom|Thunderbolt|p1b: Sneasler\n|-damage|p1b: Sneasler|0 fnt\n|faint|p1b: Sneasler\n|\n|upkeep\n|\n|t:|1775932416\n|switch|p1b: Basculegion|Basculegion, L50, M|100/100\n|turn|6\n|\n|t:|1775932421\n|move|p1b: Basculegion|Last Respects|p2b: Rotom\n|-damage|p2b: Rotom|0 fnt\n|faint|p2b: Rotom\n|\n|win|syn001\n|raw|syn001's rating: 1033 &rarr; <strong>1065</strong><br />(+32 for winning)\n|raw|nerdium's rating: 1000 &rarr; <strong>1000</strong><br />(+0 for losing)\n|l|\u2606nerdium\n|player|p2|\n",
  "uploadtime": 1775932424,
  "views": 12,
  "formatid": "gen9championsvgc2026regma",
  "rating": 1000,
  "private": 0,
  "password": null
}