{
  "id": "gen9championsvgc2026regma-2584463836",
  "format": "[Gen 9 Champions] VGC 2026 Reg M-A",
  "players": [
    "sudokuenigma",
    "CaliberChamp"
  ],
  "log": "|j|\u2606sudokuenigma\n|j|\u2606CaliberChamp\n|t:|1776262614\n|gametype|doubles\n|player|p1|sudokuenigma|lucas|1173\n|player|p2|CaliberChamp|red-masters|1166\n|gen|9\n|tier|[Gen 9 Champions] VGC 2026 Reg M-A\n|rated|\n|rule|Species Clause: Limit one of each Pok\u00e9mon\n|rule|Item Clause: Limit 1 of each item\n|clearpoke\n|poke|p1|Dragonite, L50, M|\n|poke|p1|Pelipper, L50, F|\n|poke|p1|Heracross, L50, M|\n|poke|p1|Archaludon, L50, M|\n|poke|p1|Basculegion, L50, M|\n|poke|p1|Golurk, L50|\n|poke|p2|Greninja-*, L50, M|\n|poke|p2|Aegislash, L50, F|\n|poke|p2|Hawlucha, L50, M|\n|poke|p2|Klefki, L50, F|\n|poke|p2|Tyrantrum, L50, M|\n|poke|p2|Noivern, L50, F|\n|teampreview|4\n|inactive|Battle timer is ON: inactive players will automatically lose when time's up. (requested by sudokuenigma)\n|\n|t:|1776262689\n|teamsize|p1|4\n|teamsize|p2|4\n|start\n|switch|p1a: Dragonite|Dragonite, L50, M, shiny|100/100\n|switch|p1b: Pelipper|Pelipper, L50, F|100/100\n|switch|p2a: Greninja|Greninja, L50, M|100/100\n|switch|p2b: Noivern|Noivern, L50, F|100/100\n|-weather|RainDance|[from] ability: Drizzle|[of] p1b: Pelipper\n|turn|1\n|inactive|CaliberChamp has 30 seconds left.\n|\n|t:|1776262717\n|detailschange|p1a: Dragonite|Dragonite-Mega, L50, M, shiny\n|-mega|p1a: Dragonite|Dragonite|Dragoninite\n|move|p2a: Greninja|Icy Wind|p1a: Dragonite|[spread] p1a,p1b\n|-start|p2a: Greninja|typechange|Ice|[from] ability: Protean\n|-supereffective|p1a: Dragonite|2\n|-damage|p1a: Dragonite|70/100\n|-damage|p1b: Pelipper|66/100\n|-unboost|p1a: Dragonite|spe|1\n|-unboost|p1b: Pelipper|spe|1\n|move|p2b: Noivern|Air Slash|p1b: Pelipper\n|-damage|p1b: Pelipper|0 fnt\n|faint|p1b: Pelipper\n|move|p1a: Dragonite|Draco Meteor|p2b: Noivern\n|-supereffective|p2b: Noivern|1\n|-enditem|p2b: Noivern|Focus Sash\n|-damage|p2b: Noivern|1/100\n|-unboost|p1a: Dragonite|spa|2\n|\n|-weather|RainDance|[upkeep]\n|upkeep\n|\n|t:|1776262735\n|switch|p1b: Archaludon|Archaludon, L50, M|100/100\n|turn|2\n|\n|t:|1776262754\n|move|p1a: Dragonite|Extreme Speed|p2b: Noivern\n|-damage|p2b: Noivern|0 fnt\n|faint|p2b: Noivern\n|move|p2a: Greninja|Icy Wind|p1b: Archaludon|[spread] p1a,p1b\n|-supereffective|p1a: Dragonite|2\n|-damage|p1a: Dragonite|14/100\n|-damage|p1b: Archaludon|71/100\n|-unboost|p1a: Dragonite|spe|1\n|-unboost|p1b: Archaludon|spe|1\n|move|p1b: Archaludon|Electro Shot||[still]\n|-prepare|p1b: Archaludon|Electro Shot\n|-boost|p1b: Archaludon|spa|1\n|-anim|p1b: Archaludon|Electro Shot|p2a: Greninja\n|-damage|p2a: Greninja|0 fnt\n|faint|p2a: Greninja\n|\n|-weather|RainDance|[upkeep]\n|upkeep\n|\n|t:|1776262771\n|switch|p2b: Hawlucha|Hawlucha, L50, M|100/100\n|switch|p2a: Klefki|Klefki, L50, F|100/100\n|-ability|p2b: Hawlucha|Mold Breaker\n|turn|3\n|\n|t:|1776262794\n|detailschange|p2b: Hawlucha|Hawlucha-Mega, L50, M\n|-mega|p2b: Hawlucha|Hawlucha|Hawluchanite\n|move|p2b: Hawlucha|Cross Chop|p1b: Archaludon\n|-supereffective|p1b: Archaludon|1\n|-damage|p1b: Archaludon|0 fnt\n|faint|p1b: Archaludon\n|move|p2a: Klefki|Foul Play|p1a: Dragonite\n|-damage|p1a: Dragonite|0 fnt\n|faint|p1a: Dragonite\n|\n|-weather|RainDance|[upkeep]\n|upkeep\n|\n|t:|1776262803\n|switch|p1b: Golurk|Golurk, L50|100/100\n|turn|4\n|\n|t:|1776262811\n|move|p2b: Hawlucha|Detect|p2b: Hawlucha\n|-singleturn|p2b: Hawlucha|Protect\n|move|p2a: Klefki|Reflect|p2a: Klefki\n|-sidestart|p2: CaliberChamp|Reflect\n|move|p1b: Golurk|Dynamic Punch|p2b: Hawlucha\n|-activate|p2b: Hawlucha|move: Protect\n|\n|-weather|RainDance|[upkeep]\n|upkeep\n|turn|5\n|c|\u2606sudokuenigma|gg\n|c|\u2606sudokuenigma|i can\u2019t win\n|\n|t:|1776262829\n|move|p2b: Hawlucha|Dual Wingbeat|p1b: Golurk\n|-damage|p1b: Golurk|71/100\n|-damage|p1b: Golurk|40/100\n|-hitcount|p1b: Golurk|2\n|move|p1b: Golurk|Dynamic Punch|p2b: Hawlucha\n|-resisted|p2b: Hawlucha|1\n|-damage|p2b: Hawlucha|86/100\n|-start|p2b: Hawlucha|confusion\n|move|p2a: Klefki|Foul Play|p1b: Golurk\n|-supereffective|p1b: Golurk|1\n|-damage|p1b: Golurk|0 fnt\n|faint|p1b: Golurk\n|\n|win|CaliberChamp\n|raw|sudokuenigma's rating: 1173 &rarr; <strong>1147</strong><br />(-26 for losing)\n|raw|CaliberChamp's rating: 1166 &rarr; <strong>1192</strong><br />(+26 for winning)\n|l|\u2606sudokuenigma\n|player|p1|\n",
  "uploadtime": 1776262854,
  "views": 27,
  "formatid": "gen9championsvgc2026regma",
  "rating": 1147,
  "private": 0,
  "password": null
}