{
  "id": "gen9championsvgc2026regma-2583558005",
  "format": "[Gen 9 Champions] VGC 2026 Reg M-A",
  "players": [
    "NetoPeixe",
    "KHlausac"
  ],
  "log": "|j|\u2606NetoPeixe\n|j|\u2606KHlausac\n|t:|1776183199\n|gametype|doubles\n|player|p1|NetoPeixe|hau|1133\n|player|p2|KHlausac|plasmagrunt|1054\n|gen|9\n|tier|[Gen 9 Champions] VGC 2026 Reg M-A\n|rated|\n|rule|Species Clause: Limit one of each Pok\u00e9mon\n|rule|Item Clause: Limit 1 of each item\n|clearpoke\n|poke|p1|Pelipper, L50, F|\n|poke|p1|Meganium, L50, M|\n|poke|p1|Alakazam, L50, F|\n|poke|p1|Archaludon, L50, M|\n|poke|p1|Politoed, L50, F|\n|poke|p1|Scizor, L50, F|\n|poke|p2|Scovillain, L50, M|\n|poke|p2|Incineroar, L50, M|\n|poke|p2|Starmie, L50|\n|poke|p2|Sinistcha, L50|\n|poke|p2|Golurk, L50|\n|poke|p2|Whimsicott, L50, F|\n|teampreview|4\n|inactive|Battle timer is ON: inactive players will automatically lose when time's up. (requested by NetoPeixe)\nNetoPeixe rejected open team sheets.\n|\n|t:|1776183263\n|teamsize|p1|4\n|teamsize|p2|4\n|start\n|switch|p1a: Alakazam|Alakazam, L50, F|100/100\n|switch|p1b: Meganium|Meganium, L50, M|100/100\n|switch|p2a: Sinistcha|Sinistcha, L50|100/100\n|switch|p2b: Incineroar|Incineroar, L50, M|100/100\n|-ability|p2b: Incineroar|Intimidate|boost\n|-fail|p1a: Alakazam|unboost|Attack|[from] ability: Inner Focus|[of] p1a: Alakazam\n|-unboost|p1b: Meganium|atk|1\n|turn|1\n|inactive|KHlausac has 30 seconds left.\n|\n|t:|1776183292\n|detailschange|p1b: Meganium|Meganium-Mega, L50, M\n|-mega|p1b: Meganium|Meganium|Meganiumite\n|move|p1b: Meganium|Protect|p1b: Meganium\n|-singleturn|p1b: Meganium|Protect\n|move|p1a: Alakazam|Light Screen|p1a: Alakazam\n|-sidestart|p1: NetoPeixe|move: Light Screen\n|move|p2b: Incineroar|Taunt|p1a: Alakazam\n|-start|p1a: Alakazam|move: Taunt\n|-enditem|p1a: Alakazam|Mental Herb\n|-end|p1a: Alakazam|move: Taunt\n|move|p2a: Sinistcha|Trick Room|p2a: Sinistcha\n|-fieldstart|move: Trick Room|[of] p2a: Sinistcha\n|\n|upkeep\n|turn|2\n|\n|t:|1776183314\n|switch|p1b: Pelipper|Pelipper, L50, F|100/100\n|-weather|RainDance|[from] ability: Drizzle|[of] p1b: Pelipper\n|move|p2b: Incineroar|Parting Shot|p1b: Pelipper\n|-unboost|p1b: Pelipper|atk|1\n|-unboost|p1b: Pelipper|spa|1\n|\n|t:|1776183328\n|switch|p2b: Golurk|Golurk, L50|100/100|[from] Parting Shot\n|move|p2a: Sinistcha|Matcha Gotcha|p1b: Pelipper|[spread] p1b\n|-miss|p2a: Sinistcha|p1a: Alakazam\n|-damage|p1b: Pelipper|74/100\n|-status|p1b: Pelipper|brn\n|move|p1a: Alakazam|Speed Swap|p2a: Sinistcha\n|-activate|p1a: Alakazam|move: Speed Swap|[of] p2a: Sinistcha\n|\n|-weather|RainDance|[upkeep]\n|-damage|p1b: Pelipper|68/100 brn|[from] brn\n|upkeep\n|turn|3\n|inactive|NetoPeixe has 30 seconds left.\n|\n|t:|1776183362\n|detailschange|p2b: Golurk|Golurk-Mega, L50\n|-mega|p2b: Golurk|Golurk|Golurkite\n|move|p2b: Golurk|Poltergeist||[still]\n|-fail|p2b: Golurk\n|move|p1a: Alakazam|Reflect|p1a: Alakazam\n|-sidestart|p1: NetoPeixe|Reflect\n|move|p1b: Pelipper|Weather Ball|p2b: Golurk\n|-supereffective|p2b: Golurk|1\n|-damage|p2b: Golurk|32/100\n|move|p2a: Sinistcha|Matcha Gotcha|p1a: Alakazam|[spread] p1a,p1b\n|-damage|p1a: Alakazam|83/100\n|-damage|p1b: Pelipper|41/100 brn\n|\n|-weather|RainDance|[upkeep]\n|-damage|p1b: Pelipper|35/100 brn|[from] brn\n|upkeep\n|turn|4\n|inactive|NetoPeixe has 30 seconds left.\n|inactive|KHlausac has 30 seconds left.\n|inactive|KHlausac has 20 seconds left.\n|inactive|KHlausac has 15 seconds left.\n|inactive|NetoPeixe has 20 seconds left.\n|\n|t:|1776183409\n|move|p1b: Pelipper|Wide Guard|p1b: Pelipper\n|-singleturn|p1b: Pelipper|Wide Guard\n|move|p2b: Golurk|Dynamic Punch|p1a: Alakazam|[miss]\n|-miss|p2b: Golurk|p1a: Alakazam\n|move|p1a: Alakazam|Psychic|p2b: Golurk\n|-damage|p2b: Golurk|0 fnt\n|faint|p2b: Golurk\n|move|p2a: Sinistcha|Life Dew||[still]\n|-fail|p2a: Sinistcha|heal\n|\n|-weather|RainDance|[upkeep]\n|-damage|p1b: Pelipper|29/100 brn|[from] brn\n|upkeep\n|\n|t:|1776183421\n|switch|p2b: Scovillain|Scovillain, L50, M|100/100\n|turn|5\n|inactive|KHlausac has 30 seconds left.\n|inactive|NetoPeixe has 30 seconds left.\n|inactive|KHlausac has 20 seconds left.\n|inactive|NetoPeixe has 20 seconds left.\n|\n|t:|1776183468\n|switch|p1a: Meganium|Meganium-Mega, L50, M|100/100\n|move|p1b: Pelipper|Protect||[still]\n|-fail|p1b: Pelipper\n|move|p2b: Scovillain|Giga Drain|p1b: Pelipper\n|-crit|p1b: Pelipper\n|-damage|p1b: Pelipper|0 fnt\n|faint|p1b: Pelipper\n|move|p2a: Sinistcha|Matcha Gotcha|p1a: Meganium\n|-resisted|p1a: Meganium|1\n|-damage|p1a: Meganium|92/100\n|\n|-weather|RainDance|[upkeep]\n|-sideend|p1: NetoPeixe|move: Light Screen\n|-fieldend|move: Trick Room\n|upkeep\n|\n|t:|1776183484\n|switch|p1b: Alakazam|Alakazam, L50, F|83/100\n|turn|6\n|inactive|KHlausac has 30 seconds left.\n|inactive|KHlausac has 20 seconds left.\n|\n|t:|1776183520\n|move|p2b: Scovillain|Protect|p2b: Scovillain\n|-singleturn|p2b: Scovillain|Protect\n|move|p1b: Alakazam|Speed Swap|p1a: Meganium\n|-activate|p1b: Alakazam|move: Speed Swap|[of] p1a: Meganium\n|move|p1a: Meganium|Weather Ball|p2a: Sinistcha\n|-supereffective|p2a: Sinistcha|1\n|-damage|p2a: Sinistcha|0 fnt\n|faint|p2a: Sinistcha\n|\n|-weather|none\n|upkeep\n|\n|t:|1776183527\n|switch|p2a: Incineroar|Incineroar, L50, M|100/100\n|-ability|p2a: Incineroar|Intimidate|boost\n|-unboost|p1a: Meganium|atk|1\n|-fail|p1b: Alakazam|unboost|Attack|[from] ability: Inner Focus|[of] p1b: Alakazam\n|turn|7\n|c|\u2606NetoPeixe|Gg\n|inactive|NetoPeixe has 30 seconds left.\n|\n|t:|1776183558\n|move|p2a: Incineroar|Fake Out|p1a: Meganium\n|-damage|p1a: Meganium|86/100\n|cant|p1a: Meganium|flinch\n|move|p2b: Scovillain|Overheat|p1a: Meganium\n|-supereffective|p1a: Meganium|1\n|-damage|p1a: Meganium|7/100\n|-unboost|p2b: Scovillain|spa|2\n|move|p1b: Alakazam|Reflect||[still]\n|-fail|p1b: Alakazam\n|\n|-sideend|p1: NetoPeixe|Reflect\n|upkeep\n|turn|8\n|inactive|NetoPeixe has 30 seconds left.\n|inactive|KHlausac has 30 seconds left.\n|\n|t:|1776183592\n|move|p2b: Scovillain|Rage Powder|p2b: Scovillain\n|-singleturn|p2b: Scovillain|move: Rage Powder\n|move|p1a: Meganium|Dazzling Gleam|p2b: Scovillain|[spread] p2a,p2b\n|-resisted|p2b: Scovillain|1\n|-damage|p2a: Incineroar|73/100\n|-damage|p2b: Scovillain|76/100\n|move|p1b: Alakazam|Reflect|p1b: Alakazam\n|-sidestart|p1: NetoPeixe|Reflect\n|move|p2a: Incineroar|Flare Blitz|p1a: Meganium\n|-supereffective|p1a: Meganium|1\n|-damage|p1a: Meganium|0 fnt\n|faint|p1a: Meganium\n|-damage|p2a: Incineroar|71/100|[from] Recoil\n|\n|upkeep\n|\n|t:|1776183601\n|switch|p1a: Archaludon|Archaludon, L50, M, shiny|100/100\n|turn|9\n|inactive|NetoPeixe has 30 seconds left.\n|inactive|KHlausac has 30 seconds left.\n|inactive|KHlausac has 20 seconds left.\n|\n|t:|1776183638\n|move|p2b: Scovillain|Giga Drain|p1b: Alakazam\n|-damage|p1b: Alakazam|65/100\n|-heal|p2b: Scovillain|84/100|[from] drain|[of] p1b: Alakazam\n|move|p1a: Archaludon|Dragon Pulse|p2a: Incineroar\n|-damage|p2a: Incineroar|35/100\n|-enditem|p2a: Incineroar|Sitrus Berry|[eat]\n|-heal|p2a: Incineroar|60/100|[from] item: Sitrus Berry\n|move|p1b: Alakazam|Speed Swap|p2b: Scovillain\n|-activate|p1b: Alakazam|move: Speed Swap|[of] p2b: Scovillain\n|move|p2a: Incineroar|Flare Blitz|p1b: Alakazam\n|-damage|p1b: Alakazam|7/100\n|-status|p1b: Alakazam|brn\n|-damage|p2a: Incineroar|45/100|[from] Recoil\n|\n|-damage|p1b: Alakazam|0 fnt|[from] brn\n|faint|p1b: Alakazam\n|upkeep\n|turn|10\n|\n|t:|1776183663\n|move|p1a: Archaludon|Electro Shot||[still]\n|-prepare|p1a: Archaludon|Electro Shot\n|-boost|p1a: Archaludon|spa|1\n|move|p2b: Scovillain|Overheat|p1a: Archaludon|[miss]\n|-miss|p2b: Scovillain|p1a: Archaludon\n|move|p2a: Incineroar|Flare Blitz|p1a: Archaludon\n|-damage|p1a: Archaludon|76/100\n|-damage|p2a: Incineroar|37/100|[from] Recoil\n|\n|upkeep\n|turn|11\n|\n|t:|1776183674\n|move|p2b: Scovillain|Rage Powder|p2b: Scovillain\n|-singleturn|p2b: Scovillain|move: Rage Powder\n|move|p1a: Archaludon|Electro Shot|p2a: Incineroar|[from] lockedmove\n|-damage|p2a: Incineroar|0 fnt\n|faint|p2a: Incineroar\n|\n|upkeep\n|turn|12\n|\n|t:|1776183689\n|move|p1a: Archaludon|Dragon Pulse|p2b: Scovillain\n|-damage|p2b: Scovillain|0 fnt\n|faint|p2b: Scovillain\n|\n|win|NetoPeixe\n|raw|NetoPeixe's rating: 1133 &rarr; <strong>1152</strong><br />(+19 for winning)\n|raw|KHlausac's rating: 1054 &rarr; <strong>1040</strong><br />(-14 for losing)\n",
  "uploadtime": 1776183695,
  "views": 16,
  "formatid": "gen9championsvgc2026regma",
  "rating": 1040,
  "private": 0,
  "password": null
}