{
  "id": "gen9championsvgc2026regma-2584913188",
  "format": "[Gen 9 Champions] VGC 2026 Reg M-A",
  "players": [
    "filipelima0617",
    "zCesarsub"
  ],
  "log": "|j|\u2606filipelima0617\n|j|\u2606zCesarsub\n|t:|1776293959\n|gametype|doubles\n|player|p1|filipelima0617|skier|\n|player|p2|zCesarsub|iris-gen5bw2|\n|gen|9\n|tier|[Gen 9 Champions] VGC 2026 Reg M-A\n|rule|Species Clause: Limit one of each Pok\u00e9mon\n|rule|Item Clause: Limit 1 of each item\n|clearpoke\n|poke|p1|Gardevoir, L50, F|\n|poke|p1|Rotom-Heat, L50|\n|poke|p1|Toxapex, L50, F|\n|poke|p1|Mamoswine, L50, F|\n|poke|p1|Tyranitar, L50, F|\n|poke|p1|Jolteon, L50, M|\n|poke|p2|Politoed, L50, M|\n|poke|p2|Basculegion, L50, M|\n|poke|p2|Sinistcha, L50|\n|poke|p2|Incineroar, L50, M|\n|poke|p2|Jolteon, L50, F|\n|poke|p2|Scizor, L50, M|\n|teampreview|4\n|j| Jeanmixed\n|j| lisarb660\n|c| lisarb660|T\u00f4 aq\n|\n|t:|1776294029\n|teamsize|p1|4\n|teamsize|p2|4\n|start\n|switch|p1a: Gardevoir|Gardevoir, L50, F|100/100\n|switch|p1b: Rotom|Rotom-Heat, L50|100/100\n|switch|p2a: Sinistcha|Sinistcha, L50|100/100\n|switch|p2b: Scizor|Scizor, L50, M, shiny|100/100\n|turn|1\n|\n|t:|1776294059\n|switch|p1a: Jolteon|Jolteon, L50, M|100/100\n|move|p2a: Sinistcha|Rage Powder|p2a: Sinistcha\n|-singleturn|p2a: Sinistcha|move: Rage Powder\n|move|p2b: Scizor|Bullet Punch|p1a: Jolteon\n|-resisted|p1a: Jolteon|1\n|-crit|p1a: Jolteon\n|-damage|p1a: Jolteon|50/100\n|move|p1b: Rotom|Overheat|p2a: Sinistcha\n|-supereffective|p2a: Sinistcha|1\n|-damage|p2a: Sinistcha|12/100\n|-unboost|p1b: Rotom|spa|2\n|\n|-heal|p2a: Sinistcha|18/100|[from] item: Leftovers\n|upkeep\n|turn|2\n|\n|t:|1776294108\n|move|p1a: Jolteon|Protect|p1a: Jolteon\n|-singleturn|p1a: Jolteon|Protect\n|move|p2a: Sinistcha|Protect|p2a: Sinistcha\n|-singleturn|p2a: Sinistcha|Protect\n|move|p2b: Scizor|Bullet Punch|p1a: Jolteon\n|-activate|p1a: Jolteon|move: Protect\n|move|p1b: Rotom|Overheat|p2b: Scizor|[miss]\n|-miss|p1b: Rotom|p2b: Scizor\n|\n|-heal|p2a: Sinistcha|24/100|[from] item: Leftovers\n|upkeep\n|turn|3\n|\n|t:|1776294152\n|switch|p1a: Tyranitar|Tyranitar, L50, F|100/100\n|-weather|Sandstorm|[from] ability: Sand Stream|[of] p1a: Tyranitar\n|move|p1b: Rotom|Protect|p1b: Rotom\n|-singleturn|p1b: Rotom|Protect\n|move|p2b: Scizor|Bullet Punch|p1a: Tyranitar\n|-supereffective|p1a: Tyranitar|1\n|-damage|p1a: Tyranitar|48/100\n|move|p2a: Sinistcha|Matcha Gotcha|p1a: Tyranitar|[spread] p1a\n|-activate|p1b: Rotom|move: Protect\n|-supereffective|p1a: Tyranitar|1\n|-damage|p1a: Tyranitar|19/100\n|-heal|p2a: Sinistcha|41/100|[from] drain|[of] p1a: Tyranitar\n|\n|-weather|Sandstorm|[upkeep]\n|-damage|p1b: Rotom|95/100|[from] Sandstorm\n|-damage|p2a: Sinistcha|35/100|[from] Sandstorm\n|-heal|p2a: Sinistcha|41/100|[from] item: Leftovers\n|upkeep\n|turn|4\n|\n|t:|1776294219\n|move|p1b: Rotom|Overheat|p2b: Scizor\n|-supereffective|p2b: Scizor|2\n|-enditem|p2b: Scizor|Occa Berry|[eat]\n|-enditem|p2b: Scizor|Occa Berry|[weaken]\n|-damage|p2b: Scizor|45/100\n|-unboost|p1b: Rotom|spa|2\n|move|p2a: Sinistcha|Matcha Gotcha|p1b: Rotom|[spread] p1a,p1b\n|-supereffective|p1a: Tyranitar|1\n|-resisted|p1b: Rotom|1\n|-damage|p1a: Tyranitar|0 fnt\n|-heal|p2a: Sinistcha|53/100|[from] drain|[of] p1a: Tyranitar\n|-damage|p1b: Rotom|83/100\n|-heal|p2a: Sinistcha|59/100|[from] drain|[of] p1b: Rotom\n|faint|p1a: Tyranitar\n|move|p2b: Scizor|U-turn|p1b: Rotom\n|-resisted|p1b: Rotom|1\n|-damage|p1b: Rotom|67/100\n|\n|t:|1776294234\n|switch|p2b: Basculegion|Basculegion, L50, M, shiny|100/100|[from] U-turn\n|\n|-weather|Sandstorm|[upkeep]\n|-damage|p2b: Basculegion|94/100|[from] Sandstorm\n|-damage|p1b: Rotom|62/100|[from] Sandstorm\n|-damage|p2a: Sinistcha|53/100|[from] Sandstorm\n|-heal|p2a: Sinistcha|59/100|[from] item: Leftovers\n|upkeep\n|\n|t:|1776294255\n|switch|p1a: Jolteon|Jolteon, L50, M|50/100\n|turn|5\n|\n|t:|1776294263\n|switch|p2a: Politoed|Politoed, L50, M|100/100\n|-weather|RainDance|[from] ability: Drizzle|[of] p2a: Politoed\n|move|p2b: Basculegion|Wave Crash|p1a: Jolteon\n|-damage|p1a: Jolteon|0 fnt\n|faint|p1a: Jolteon\n|-damage|p2b: Basculegion|84/100|[from] Recoil\n|move|p1b: Rotom|Overheat|p2a: Politoed\n|-resisted|p2a: Politoed|1\n|-damage|p2a: Politoed|98/100\n|-unboost|p1b: Rotom|spa|2\n|\n|-weather|RainDance|[upkeep]\n|upkeep\n|\n|t:|1776294278\n|switch|p1a: Gardevoir|Gardevoir, L50, F|100/100\n|turn|6\n|\n|t:|1776294293\n|detailschange|p1a: Gardevoir|Gardevoir-Mega, L50, F\n|-mega|p1a: Gardevoir|Gardevoir|Gardevoirite\n|move|p2a: Politoed|Helping Hand|p2b: Basculegion\n|-singleturn|p2b: Basculegion|Helping Hand|[of] p2a: Politoed\n|move|p1b: Rotom|Protect|p1b: Rotom\n|-singleturn|p1b: Rotom|Protect\n|move|p2b: Basculegion|Last Respects|p1a: Gardevoir\n|-supereffective|p1a: Gardevoir|1\n|-damage|p1a: Gardevoir|0 fnt\n|faint|p1a: Gardevoir\n|\n|-weather|RainDance|[upkeep]\n|upkeep\n|turn|7\n|-message|filipelima0617 forfeited.\n|\n|win|zCesarsub\n|l|\u2606filipelima0617\n|player|p1|\n",
  "uploadtime": 1776294312,
  "views": 18,
  "formatid": "gen9championsvgc2026regma",
  "rating": null,
  "private": 0,
  "password": null
}