{
  "id": "gen9championsvgc2026regma-2582740131",
  "format": "[Gen 9 Champions] VGC 2026 Reg M-A",
  "players": [
    "Whatever0512",
    "Code Spaz"
  ],
  "log": "|j|\u2606Whatever0512\n|j|\u2606Code Spaz\n|t:|1776110816\n|gametype|doubles\n|player|p1|Whatever0512|1|1043\n|player|p2|Code Spaz|169|1132\n|gen|9\n|tier|[Gen 9 Champions] VGC 2026 Reg M-A\n|rated|\n|rule|Species Clause: Limit one of each Pok\u00e9mon\n|rule|Item Clause: Limit 1 of each item\n|clearpoke\n|poke|p1|Gengar, L50, F|\n|poke|p1|Incineroar, L50, M|\n|poke|p1|Kommo-o, L50, F|\n|poke|p1|Sinistcha, L50|\n|poke|p1|Politoed, L50, F|\n|poke|p1|Corviknight, L50, M|\n|poke|p2|Politoed, L50, M|\n|poke|p2|Sneasler, L50, F|\n|poke|p2|Liepard, L50, M|\n|poke|p2|Froslass, L50, F|\n|poke|p2|Sinistcha, L50|\n|poke|p2|Garchomp, L50, F|\n|teampreview|4\n|inactive|Battle timer is ON: inactive players will automatically lose when time's up. (requested by Code Spaz)\n|inactive|Code Spaz has 60 seconds left.\n|\n|t:|1776110859\n|teamsize|p1|4\n|teamsize|p2|4\n|start\n|switch|p1a: Gengar|Gengar, L50, F|100/100\n|switch|p1b: Incineroar|Incineroar, L50, M|100/100\n|switch|p2a: Sinistcha|Sinistcha, L50|100/100\n|switch|p2b: Froslass|Froslass, L50, F|100/100\n|-ability|p1b: Incineroar|Intimidate|boost\n|-unboost|p2a: Sinistcha|atk|1\n|-unboost|p2b: Froslass|atk|1\n|turn|1\n|inactive|Whatever0512 has 30 seconds left.\n|inactive|Code Spaz has 30 seconds left.\n|inactive|Whatever0512 has 20 seconds left.\n|inactive|Code Spaz has 20 seconds left.\n|inactive|Whatever0512 has 15 seconds left.\n|\n|t:|1776110903\n|switch|p1a: Corviknight|Corviknight, L50, M|100/100\n|switch|p2a: Garchomp|Garchomp, L50, F|100/100\n|move|p2b: Froslass|Protect|p2b: Froslass\n|-singleturn|p2b: Froslass|Protect\n|move|p1b: Incineroar|Throat Chop|p2b: Froslass\n|-activate|p2b: Froslass|move: Protect\n|\n|upkeep\n|turn|2\n|\n|t:|1776110926\n|detailschange|p2b: Froslass|Froslass-Mega, L50, F\n|-mega|p2b: Froslass|Froslass|Froslassite\n|-weather|Snowscape|[from] ability: Snow Warning|[of] p2b: Froslass\n|move|p2a: Garchomp|Rock Slide|p1b: Incineroar|[spread] p1a\n|-miss|p2a: Garchomp|p1b: Incineroar\n|-damage|p1a: Corviknight|80/100\n|move|p2b: Froslass|Blizzard|p1b: Incineroar|[spread] p1a,p1b\n|-resisted|p1b: Incineroar|1\n|-damage|p1a: Corviknight|40/100\n|-damage|p1b: Incineroar|82/100\n|move|p1a: Corviknight|Tailwind|p1a: Corviknight\n|-sidestart|p1: Whatever0512|move: Tailwind\n|move|p1b: Incineroar|Flare Blitz|p2b: Froslass\n|-supereffective|p2b: Froslass|1\n|-damage|p2b: Froslass|0 fnt\n|faint|p2b: Froslass\n|-damage|p1b: Incineroar|58/100|[from] Recoil\n|\n|-weather|Snowscape|[upkeep]\n|upkeep\n|\n|t:|1776110951\n|switch|p2b: Politoed|Politoed, L50, M|100/100\n|-weather|RainDance|[from] ability: Drizzle|[of] p2b: Politoed\n|turn|3\n|\n|t:|1776110974\n|switch|p1b: Kommo-o|Kommo-o, L50, F|100/100\n|move|p1a: Corviknight|Protect|p1a: Corviknight\n|-singleturn|p1a: Corviknight|Protect\n|move|p2a: Garchomp|Rock Slide|p1a: Corviknight|[spread] p1b\n|-activate|p1a: Corviknight|move: Protect\n|-resisted|p1b: Kommo-o|1\n|-crit|p1b: Kommo-o\n|-damage|p1b: Kommo-o|87/100\n|move|p2b: Politoed|Muddy Water|p1b: Kommo-o|[spread] p1b\n|-activate|p1a: Corviknight|move: Protect\n|-resisted|p1b: Kommo-o|1\n|-damage|p1b: Kommo-o|69/100\n|\n|-weather|RainDance|[upkeep]\n|-heal|p1b: Kommo-o|75/100|[from] item: Leftovers\n|upkeep\n|turn|4\n|inactive|Code Spaz has 30 seconds left.\n|inactive|Whatever0512 has 30 seconds left.\n|\n|t:|1776111014\n|switch|p2a: Sinistcha|Sinistcha, L50|100/100\n|switch|p1a: Incineroar|Incineroar, L50, M|58/100\n|-ability|p1a: Incineroar|Intimidate|boost\n|-unboost|p2a: Sinistcha|atk|1\n|-unboost|p2b: Politoed|atk|1\n|move|p1b: Kommo-o|Protect|p1b: Kommo-o\n|-singleturn|p1b: Kommo-o|Protect\n|move|p2b: Politoed|Ice Beam|p1b: Kommo-o\n|-activate|p1b: Kommo-o|move: Protect\n|\n|-weather|RainDance|[upkeep]\n|-heal|p1b: Kommo-o|82/100|[from] item: Leftovers\n|upkeep\n|turn|5\n|inactive|Code Spaz has 30 seconds left.\n|\n|t:|1776111046\n|move|p2a: Sinistcha|Protect|p2a: Sinistcha\n|-singleturn|p2a: Sinistcha|Protect\n|move|p1a: Incineroar|Fake Out|p2b: Politoed\n|-damage|p2b: Politoed|88/100\n|move|p1b: Kommo-o|Clangorous Soul|p1b: Kommo-o\n|-boost|p1b: Kommo-o|atk|1\n|-boost|p1b: Kommo-o|def|1\n|-boost|p1b: Kommo-o|spa|1\n|-boost|p1b: Kommo-o|spd|1\n|-boost|p1b: Kommo-o|spe|1\n|-damage|p1b: Kommo-o|49/100\n|cant|p2b: Politoed|flinch\n|\n|-weather|RainDance|[upkeep]\n|-heal|p1b: Kommo-o|55/100|[from] item: Leftovers\n|-sideend|p1: Whatever0512|move: Tailwind\n|upkeep\n|turn|6\n|inactive|Whatever0512 has 30 seconds left.\n|inactive|Code Spaz has 30 seconds left.\n|\n|t:|1776111076\n|move|p1b: Kommo-o|Clanging Scales|p2a: Sinistcha|[spread] p2a,p2b\n|-damage|p2a: Sinistcha|39/100\n|-damage|p2b: Politoed|46/100\n|-enditem|p2b: Politoed|Sitrus Berry|[eat]\n|-heal|p2b: Politoed|71/100|[from] item: Sitrus Berry\n|-unboost|p1b: Kommo-o|def|1\n|move|p2b: Politoed|Muddy Water|p1b: Kommo-o|[spread] p1a,p1b\n|-supereffective|p1a: Incineroar|1\n|-crit|p1a: Incineroar\n|-resisted|p1b: Kommo-o|1\n|-damage|p1a: Incineroar|0 fnt\n|-damage|p1b: Kommo-o|41/100\n|faint|p1a: Incineroar\n|move|p2a: Sinistcha|Strength Sap|p1b: Kommo-o\n|-unboost|p1b: Kommo-o|atk|1\n|-heal|p2a: Sinistcha|100/100\n|\n|-weather|RainDance|[upkeep]\n|-heal|p1b: Kommo-o|48/100|[from] item: Leftovers\n|upkeep\n|\n|t:|1776111086\n|switch|p1a: Gengar|Gengar, L50, F|100/100\n|turn|7\n|inactive|Code Spaz has 30 seconds left.\n|\n|t:|1776111117\n|move|p2a: Sinistcha|Protect|p2a: Sinistcha\n|-singleturn|p2a: Sinistcha|Protect\n|move|p1b: Kommo-o|Clanging Scales|p2b: Politoed|[spread] p2b\n|-activate|p2a: Sinistcha|move: Protect\n|-damage|p2b: Politoed|32/100\n|-unboost|p1b: Kommo-o|def|1\n|move|p1a: Gengar|Sludge Bomb|p2b: Politoed\n|-damage|p2b: Politoed|2/100\n|-status|p2b: Politoed|psn\n|move|p2b: Politoed|Ice Beam|p1b: Kommo-o\n|-supereffective|p1b: Kommo-o|1\n|-damage|p1b: Kommo-o|18/100\n|\n|-weather|none\n|-heal|p1b: Kommo-o|24/100|[from] item: Leftovers\n|-damage|p2b: Politoed|0 fnt|[from] psn\n|faint|p2b: Politoed\n|upkeep\n|\n|t:|1776111136\n|switch|p2b: Garchomp|Garchomp, L50, F|100/100\n|turn|8\n|\n|t:|1776111157\n|switch|p1a: Corviknight|Corviknight, L50, M|40/100\n|move|p1b: Kommo-o|Protect|p1b: Kommo-o\n|-singleturn|p1b: Kommo-o|Protect\n|move|p2a: Sinistcha|Rage Powder|p2a: Sinistcha\n|-singleturn|p2a: Sinistcha|move: Rage Powder\n|move|p2b: Garchomp|Rock Slide|p1b: Kommo-o|[spread] p1a\n|-activate|p1b: Kommo-o|move: Protect\n|-damage|p1a: Corviknight|21/100\n|\n|-heal|p1b: Kommo-o|31/100|[from] item: Leftovers\n|upkeep\n|turn|9\n|inactive|Code Spaz has 30 seconds left.\n|\n|t:|1776111190\n|move|p1a: Corviknight|Protect|p1a: Corviknight\n|-singleturn|p1a: Corviknight|Protect\n|move|p2b: Garchomp|Rock Slide|p1a: Corviknight|[spread] p1b\n|-activate|p1a: Corviknight|move: Protect\n|-resisted|p1b: Kommo-o|1\n|-damage|p1b: Kommo-o|17/100\n|move|p1b: Kommo-o|Clanging Scales|p2a: Sinistcha|[spread] p2a,p2b\n|-supereffective|p2b: Garchomp|1\n|-damage|p2a: Sinistcha|44/100\n|-damage|p2b: Garchomp|0 fnt\n|faint|p2b: Garchomp\n|-unboost|p1b: Kommo-o|def|1\n|move|p2a: Sinistcha|Matcha Gotcha|p1a: Corviknight|[spread] p1b\n|-activate|p1a: Corviknight|move: Protect\n|-resisted|p1b: Kommo-o|1\n|-damage|p1b: Kommo-o|8/100\n|-heal|p2a: Sinistcha|49/100|[from] drain|[of] p1b: Kommo-o\n|\n|-heal|p1b: Kommo-o|15/100|[from] item: Leftovers\n|-heal|p2a: Sinistcha|55/100|[from] item: Leftovers\n|upkeep\n|turn|10\n|\n|t:|1776111213\n|move|p1b: Kommo-o|Clanging Scales|p2a: Sinistcha\n|-damage|p2a: Sinistcha|0 fnt\n|faint|p2a: Sinistcha\n|\n|win|Whatever0512\n|raw|Whatever0512's rating: 1043 &rarr; <strong>1085</strong><br />(+42 for winning)\n|raw|Code Spaz's rating: 1132 &rarr; <strong>1101</strong><br />(-31 for losing)\n|l|\u2606Code Spaz\n|player|p2|\n",
  "uploadtime": 1776111230,
  "views": 14,
  "formatid": "gen9championsvgc2026regma",
  "rating": 1085,
  "private": 0,
  "password": null
}