{
  "id": "gen9championsvgc2026regma-2586092729",
  "format": "[Gen 9 Champions] VGC 2026 Reg M-A",
  "players": [
    "marillamuser",
    "sdbjj"
  ],
  "log": "|j|\u2606marillamuser\n|j|\u2606sdbjj\n|t:|1776398164\n|gametype|doubles\n|player|p1|marillamuser|101|1438\n|player|p2|sdbjj|101|1532\n|gen|9\n|tier|[Gen 9 Champions] VGC 2026 Reg M-A\n|rated|\n|rule|Species Clause: Limit one of each Pok\u00e9mon\n|rule|Item Clause: Limit 1 of each item\n|clearpoke\n|poke|p1|Charizard, L50, M|\n|poke|p1|Garchomp, L50, F|\n|poke|p1|Sneasler, L50, F|\n|poke|p1|Venusaur, L50, M|\n|poke|p1|Rotom-Wash, L50|\n|poke|p1|Incineroar, L50, F|\n|poke|p2|Blastoise, L50, F|\n|poke|p2|Torkoal, L50, F|\n|poke|p2|Meowscarada, L50, M|\n|poke|p2|Sinistcha, L50|\n|poke|p2|Farigiraf, L50, M|\n|poke|p2|Sylveon, L50, F|\n|teampreview|4\n|inactive|Battle timer is ON: inactive players will automatically lose when time's up. (requested by sdbjj)\n|\n|t:|1776398220\n|teamsize|p1|4\n|teamsize|p2|4\n|start\n|switch|p1a: Charizard|Charizard, L50, M, shiny|100/100\n|switch|p1b: Incineroar|Incineroar, L50, F, shiny|100/100\n|switch|p2a: Meowscarada|Meowscarada, L50, M|100/100\n|switch|p2b: Farigiraf|Farigiraf, L50, M|100/100\n|-ability|p1b: Incineroar|Intimidate|boost\n|-unboost|p2a: Meowscarada|atk|1\n|-unboost|p2b: Farigiraf|atk|1\n|turn|1\n|\n|t:|1776398242\n|detailschange|p1a: Charizard|Charizard-Mega-Y, L50, M, shiny\n|-mega|p1a: Charizard|Charizard|Charizardite Y\n|-weather|SunnyDay|[from] ability: Drought|[of] p1a: Charizard\n|move|p2a: Meowscarada|Thunder Punch|p1a: Charizard\n|-start|p2a: Meowscarada|typechange|Electric|[from] ability: Protean\n|-supereffective|p1a: Charizard|1\n|-damage|p1a: Charizard|31/100\n|move|p1a: Charizard|Weather Ball|p2b: Farigiraf\n|-damage|p2b: Farigiraf|33/100\n|move|p1b: Incineroar|Throat Chop|p2b: Farigiraf\n|-supereffective|p2b: Farigiraf|1\n|-enditem|p2b: Farigiraf|Colbur Berry|[eat]\n|-enditem|p2b: Farigiraf|Colbur Berry|[weaken]\n|-damage|p2b: Farigiraf|1/100\n|-start|p2b: Farigiraf|Throat Chop|[silent]\n|move|p2b: Farigiraf|Trick Room|p2b: Farigiraf\n|-fieldstart|move: Trick Room|[of] p2b: Farigiraf\n|\n|-weather|SunnyDay|[upkeep]\n|upkeep\n|turn|2\n|c|\u2606marillamuser|:|\n|c|\u2606marillamuser|that is definitely a damage roll\n|inactive|marillamuser has 30 seconds left.\n|\n|t:|1776398271\n|move|p1a: Charizard|Protect|p1a: Charizard\n|-singleturn|p1a: Charizard|Protect\n|move|p2b: Farigiraf|Rain Dance|p2b: Farigiraf\n|-weather|RainDance\n|move|p1b: Incineroar|Flare Blitz|p2a: Meowscarada\n|-damage|p2a: Meowscarada|63/100\n|-damage|p1b: Incineroar|91/100|[from] Recoil\n|move|p2a: Meowscarada|Thunder Punch|p1a: Charizard\n|-activate|p1a: Charizard|move: Protect\n|\n|-weather|RainDance|[upkeep]\n|-end|p2b: Farigiraf|Throat Chop|[silent]\n|upkeep\n|turn|3\n|\n|t:|1776398286\n|switch|p2b: Blastoise|Blastoise, L50, F|100/100\n|switch|p1a: Garchomp|Garchomp, L50, F|100/100\n|move|p1b: Incineroar|Throat Chop|p2b: Blastoise\n|-crit|p2b: Blastoise\n|-damage|p2b: Blastoise|49/100\n|-start|p2b: Blastoise|Throat Chop|[silent]\n|move|p2a: Meowscarada|Thunder Punch|p1a: Garchomp\n|-immune|p1a: Garchomp\n|\n|-weather|RainDance|[upkeep]\n|-heal|p2b: Blastoise|55/100|[from] ability: Rain Dish\n|upkeep\n|turn|4\n|\n|t:|1776398309\n|switch|p1b: Charizard|Charizard-Mega-Y, L50, M, shiny|31/100\n|-weather|SunnyDay|[from] ability: Drought|[of] p1b: Charizard\n|switch|p2a: Farigiraf|Farigiraf, L50, M|1/100\n|detailschange|p2b: Blastoise|Blastoise-Mega, L50, F\n|-mega|p2b: Blastoise|Blastoise|Blastoisinite\n|move|p2b: Blastoise|Water Spout|p1a: Garchomp|[spread] p1a,p1b\n|-supereffective|p1b: Charizard|1\n|-damage|p1a: Garchomp|80/100\n|-damage|p1b: Charizard|0 fnt\n|faint|p1b: Charizard\n|move|p1a: Garchomp|Earthquake|p2a: Farigiraf|[spread] p2a,p2b\n|-damage|p2a: Farigiraf|0 fnt\n|-damage|p2b: Blastoise|20/100\n|faint|p2a: Farigiraf\n|\n|-weather|SunnyDay|[upkeep]\n|-end|p2b: Blastoise|Throat Chop|[silent]\n|upkeep\n|\n|t:|1776398328\n|switch|p2a: Torkoal|Torkoal, L50, F|100/100\n|switch|p1b: Incineroar|Incineroar, L50, F, shiny|91/100\n|-ability|p1b: Incineroar|Intimidate|boost\n|-unboost|p2a: Torkoal|atk|1\n|-unboost|p2b: Blastoise|atk|1\n|turn|5\n|\n|t:|1776398339\n|move|p2a: Torkoal|Protect|p2a: Torkoal\n|-singleturn|p2a: Torkoal|Protect\n|move|p1b: Incineroar|Fake Out|p2a: Torkoal\n|-activate|p2a: Torkoal|move: Protect\n|move|p2b: Blastoise|Aura Sphere|p1b: Incineroar\n|-supereffective|p1b: Incineroar|1\n|-damage|p1b: Incineroar|15/100\n|-enditem|p1b: Incineroar|Sitrus Berry|[eat]\n|-heal|p1b: Incineroar|40/100|[from] item: Sitrus Berry\n|move|p1a: Garchomp|Earthquake|p2b: Blastoise|[spread] p1b,p2b\n|-activate|p2a: Torkoal|move: Protect\n|-supereffective|p1b: Incineroar|1\n|-damage|p1b: Incineroar|0 fnt\n|-damage|p2b: Blastoise|0 fnt\n|faint|p1b: Incineroar\n|faint|p2b: Blastoise\n|\n|-weather|SunnyDay|[upkeep]\n|-fieldend|move: Trick Room\n|upkeep\n|j| TR34SUR3\n|\n|t:|1776398357\n|switch|p2b: Meowscarada|Meowscarada, L50, M|63/100\n|switch|p1b: Rotom|Rotom-Wash, L50|100/100\n|turn|6\n|\n|t:|1776398374\n|move|p2b: Meowscarada|Flower Trick|p1a: Garchomp\n|-start|p2b: Meowscarada|typechange|Grass|[from] ability: Protean\n|-crit|p1a: Garchomp\n|-damage|p1a: Garchomp|27/100\n|move|p1a: Garchomp|Earthquake|p2a: Torkoal|[spread] p2a,p2b\n|-immune|p1b: Rotom|[from] ability: Levitate\n|-supereffective|p2a: Torkoal|1\n|-resisted|p2b: Meowscarada|1\n|-damage|p2a: Torkoal|38/100\n|-damage|p2b: Meowscarada|32/100\n|move|p1b: Rotom|Will-O-Wisp|p2b: Meowscarada\n|-status|p2b: Meowscarada|brn\n|move|p2a: Torkoal|Weather Ball|p1a: Garchomp\n|-resisted|p1a: Garchomp|1\n|-damage|p1a: Garchomp|0 fnt\n|faint|p1a: Garchomp\n|\n|-weather|SunnyDay|[upkeep]\n|-damage|p2b: Meowscarada|26/100 brn|[from] brn\n|upkeep\n|turn|7\n|c|\u2606marillamuser|rip\n|inactive|sdbjj has 30 seconds left.\n|c|\u2606marillamuser|i underestimated meowscarada\n|\n|t:|1776398401\n|move|p2a: Torkoal|Protect|p2a: Torkoal\n|-singleturn|p2a: Torkoal|Protect\n|move|p2b: Meowscarada|Flower Trick|p1b: Rotom\n|-supereffective|p1b: Rotom|1\n|-crit|p1b: Rotom\n|-damage|p1b: Rotom|39/100\n|move|p1b: Rotom|Hydro Pump|p2a: Torkoal\n|-activate|p2a: Torkoal|move: Protect\n|\n|-weather|SunnyDay|[upkeep]\n|-heal|p1b: Rotom|45/100|[from] item: Leftovers\n|-damage|p2b: Meowscarada|20/100 brn|[from] brn\n|upkeep\n|turn|8\n|-message|marillamuser forfeited.\n|\n|win|sdbjj\n|raw|marillamuser's rating: 1438 &rarr; <strong>1423</strong><br />(-15 for losing)\n|raw|sdbjj's rating: 1532 &rarr; <strong>1547</strong><br />(+15 for winning)\n|l|\u2606marillamuser\n|player|p1|\n",
  "uploadtime": 1776398448,
  "views": 44,
  "formatid": "gen9championsvgc2026regma",
  "rating": 1423,
  "private": 0,
  "password": null
}