{
  "id": "gen9championsvgc2026regma-2588893080",
  "format": "[Gen 9 Champions] VGC 2026 Reg M-A",
  "players": [
    "notcheetofingers",
    "bryan0711111"
  ],
  "log": "|j|\u2606notcheetofingers\n|j|\u2606bryan0711111\n|t:|1776683198\n|gametype|doubles\n|player|p1|notcheetofingers|pokemaniac|1148\n|player|p2|bryan0711111|veteran|1202\n|gen|9\n|tier|[Gen 9 Champions] VGC 2026 Reg M-A\n|rated|\n|rule|Species Clause: Limit one of each Pok\u00e9mon\n|rule|Item Clause: Limit 1 of each item\n|clearpoke\n|poke|p1|Ampharos, L50, F|\n|poke|p1|Klefki, L50, F|\n|poke|p1|Farigiraf, L50, M|\n|poke|p1|Primarina, L50, F|\n|poke|p1|Incineroar, L50, M|\n|poke|p1|Snorlax, L50, M|\n|poke|p2|Charizard, L50, M, shiny|\n|poke|p2|Whimsicott, L50, F|\n|poke|p2|Kingambit, L50, M|\n|poke|p2|Garchomp, L50, F|\n|poke|p2|Farigiraf, L50, F|\n|poke|p2|Sneasler, L50, F|\n|teampreview|4\nnotcheetofingers has agreed to open team sheets.\n|\n|t:|1776683255\n|teamsize|p1|4\n|teamsize|p2|4\n|start\n|switch|p1a: Klefki|Klefki, L50, F|100/100\n|switch|p1b: Primarina|Primarina, L50, F|100/100\n|switch|p2a: Charizard|Charizard, L50, M, shiny|100/100\n|switch|p2b: Garchomp|Garchomp, L50, F|100/100\n|turn|1\n|inactive|Battle timer is ON: inactive players will automatically lose when time's up. (requested by bryan0711111)\n|\n|t:|1776683287\n|detailschange|p2a: Charizard|Charizard-Mega-Y, L50, M, shiny\n|-mega|p2a: Charizard|Charizard|Charizardite Y\n|-weather|SunnyDay|[from] ability: Drought|[of] p2a: Charizard\n|move|p1b: Primarina|Protect|p1b: Primarina\n|-singleturn|p1b: Primarina|Protect\n|move|p1a: Klefki|Rain Dance|p1a: Klefki\n|-weather|RainDance\n|move|p2b: Garchomp|Earthquake|p1b: Primarina|[spread] p1a\n|-activate|p1b: Primarina|move: Protect\n|-immune|p2a: Charizard\n|-supereffective|p1a: Klefki|1\n|-damage|p1a: Klefki|20/100\n|move|p2a: Charizard|Solar Beam||[still]\n|-prepare|p2a: Charizard|Solar Beam\n|\n|-weather|RainDance|[upkeep]\n|upkeep\n|turn|2\n|inactive|bryan0711111 has 30 seconds left.\n|\n|t:|1776683316\n|move|p1a: Klefki|Protect|p1a: Klefki\n|-singleturn|p1a: Klefki|Protect\n|move|p2b: Garchomp|Earthquake|p1b: Primarina|[spread] p1b\n|-activate|p1a: Klefki|move: Protect\n|-immune|p2a: Charizard\n|-damage|p1b: Primarina|56/100\n|move|p2a: Charizard|Solar Beam|p1b: Primarina|[from] lockedmove\n|-supereffective|p1b: Primarina|1\n|-enditem|p1b: Primarina|Rindo Berry|[eat]\n|-enditem|p1b: Primarina|Rindo Berry|[weaken]\n|-damage|p1b: Primarina|36/100\n|move|p1b: Primarina|Hyper Voice|p2b: Garchomp|[spread] p2a,p2b\n|-supereffective|p2a: Charizard|1\n|-damage|p2a: Charizard|0 fnt\n|-damage|p2b: Garchomp|37/100\n|faint|p2a: Charizard\n|\n|-weather|RainDance|[upkeep]\n|upkeep\n|\n|t:|1776683332\n|switch|p2a: Sneasler|Sneasler, L50, F|100/100\n|turn|3\n|inactive|notcheetofingers has 30 seconds left.\n|\n|t:|1776683367\n|switch|p2b: Kingambit|Kingambit, L50, M|100/100\n|move|p1b: Primarina|Protect|p1b: Primarina\n|-singleturn|p1b: Primarina|Protect\n|move|p2a: Sneasler|Fake Out|p1b: Primarina\n|-activate|p1b: Primarina|move: Protect\n|move|p1a: Klefki|Trick Room|p1a: Klefki\n|-fieldstart|move: Trick Room|[of] p1a: Klefki\n|\n|-weather|RainDance|[upkeep]\n|upkeep\n|turn|4\n|\n|t:|1776683390\n|move|p2b: Kingambit|Iron Head|p1b: Primarina\n|-damage|p1b: Primarina|0 fnt\n|faint|p1b: Primarina\n|move|p1a: Klefki|Foul Play|p2a: Sneasler\n|-resisted|p2a: Sneasler|1\n|-damage|p2a: Sneasler|70/100\n|move|p2a: Sneasler|Close Combat|p1a: Klefki\n|-damage|p1a: Klefki|0 fnt\n|-unboost|p2a: Sneasler|def|1\n|-unboost|p2a: Sneasler|spd|1\n|faint|p1a: Klefki\n|-enditem|p2a: Sneasler|White Herb\n|-clearnegativeboost|p2a: Sneasler|[silent]\n|\n|-weather|RainDance|[upkeep]\n|upkeep\n|\n|t:|1776683403\n|switch|p1b: Incineroar|Incineroar, L50, M|100/100\n|switch|p1a: Snorlax|Snorlax, L50, M|100/100\n|-ability|p1b: Incineroar|Intimidate|boost\n|-unboost|p2a: Sneasler|atk|1\n|-unboost|p2b: Kingambit|atk|1\n|-ability|p2b: Kingambit|Defiant|boost\n|-boost|p2b: Kingambit|atk|2\n|turn|5\n|\n|t:|1776683427\n|move|p1b: Incineroar|Fake Out|p2a: Sneasler\n|-crit|p2a: Sneasler\n|-damage|p2a: Sneasler|39/100\n|move|p1a: Snorlax|Curse|p1a: Snorlax\n|-unboost|p1a: Snorlax|spe|1\n|-boost|p1a: Snorlax|atk|1\n|-boost|p1a: Snorlax|def|1\n|move|p2b: Kingambit|Kowtow Cleave|p1a: Snorlax\n|-damage|p1a: Snorlax|50/100\n|cant|p2a: Sneasler|flinch\n|\n|-weather|none\n|-heal|p1a: Snorlax|56/100|[from] item: Leftovers\n|upkeep\n|turn|6\n|inactive|notcheetofingers has 30 seconds left.\n|\n|t:|1776683458\n|move|p2b: Kingambit|Protect|p2b: Kingambit\n|-singleturn|p2b: Kingambit|Protect\n|move|p1a: Snorlax|High Horsepower|p2a: Sneasler\n|-supereffective|p2a: Sneasler|1\n|-damage|p2a: Sneasler|0 fnt\n|faint|p2a: Sneasler\n|move|p1b: Incineroar|Will-O-Wisp|p2b: Kingambit\n|-activate|p2b: Kingambit|move: Protect\n|\n|-heal|p1a: Snorlax|62/100|[from] item: Leftovers\n|upkeep\n|\n|t:|1776683472\n|switch|p2a: Garchomp|Garchomp, L50, F|37/100\n|turn|7\n|inactive|bryan0711111 has 30 seconds left.\n|\n|t:|1776683500\n|move|p2b: Kingambit|Protect|p2b: Kingambit\n|-singleturn|p2b: Kingambit|Protect\n|move|p1a: Snorlax|Double-Edge|p2a: Garchomp\n|-damage|p2a: Garchomp|0 fnt\n|-damage|p1a: Snorlax|50/100|[from] ability: Rough Skin|[of] p2a: Garchomp\n|faint|p2a: Garchomp\n|-damage|p1a: Snorlax|41/100|[from] Recoil\n|move|p1b: Incineroar|Will-O-Wisp|p2b: Kingambit\n|-activate|p2b: Kingambit|move: Protect\n|\n|-heal|p1a: Snorlax|47/100|[from] item: Leftovers\n|-fieldend|move: Trick Room\n|upkeep\n|turn|8\n|\n|t:|1776683524\n|move|p1a: Snorlax|Protect|p1a: Snorlax\n|-singleturn|p1a: Snorlax|Protect\n|move|p1b: Incineroar|Will-O-Wisp|p2b: Kingambit\n|-status|p2b: Kingambit|brn\n|move|p2b: Kingambit|Kowtow Cleave|p1a: Snorlax\n|-activate|p1a: Snorlax|move: Protect\n|\n|-heal|p1a: Snorlax|54/100|[from] item: Leftovers\n|-damage|p2b: Kingambit|95/100 brn|[from] brn\n|upkeep\n|turn|9\n|-message|bryan0711111 forfeited.\n|\n|win|notcheetofingers\n|raw|notcheetofingers's rating: 1148 &rarr; <strong>1177</strong><br />(+29 for winning)\n|raw|bryan0711111's rating: 1202 &rarr; <strong>1173</strong><br />(-29 for losing)\n|l|\u2606bryan0711111\n|player|p2|\n",
  "uploadtime": 1776683535,
  "views": 13,
  "formatid": "gen9championsvgc2026regma",
  "rating": 1173,
  "private": 0,
  "password": null
}