{
  "id": "gen9championsvgc2026regma-2580597617",
  "format": "[Gen 9 Champions] VGC 2026 Reg M-A",
  "players": [
    "Nomad3929",
    "minkangshik"
  ],
  "log": "|j|\u2606Nomad3929\n|j|\u2606minkangshik\n|t:|1775916662\n|gametype|doubles\n|player|p1|Nomad3929|hilbert|1111\n|player|p2|minkangshik|n|1100\n|gen|9\n|tier|[Gen 9 Champions] VGC 2026 Reg M-A\n|rated|\n|rule|Species Clause: Limit one of each Pok\u00e9mon\n|rule|Item Clause: Limit 1 of each item\n|clearpoke\n|poke|p1|Charizard, L50, M|\n|poke|p1|Venusaur, L50, M|\n|poke|p1|Garchomp, L50, M|\n|poke|p1|Rotom-Wash, L50|\n|poke|p1|Sneasler, L50, F|\n|poke|p1|Incineroar, L50, M|\n|poke|p2|Aerodactyl, L50, F|\n|poke|p2|Floette-Eternal, L50, F|\n|poke|p2|Garchomp, L50, M|\n|poke|p2|Incineroar, L50, F|\n|poke|p2|Sneasler, L50, M|\n|poke|p2|Basculegion, L50, M|\n|teampreview|4\n|inactive|Battle timer is ON: inactive players will automatically lose when time's up. (requested by Nomad3929)\n|inactive|Nomad3929 has 60 seconds left.\n|inactive|minkangshik has 60 seconds left.\n|inactive|Nomad3929 has 30 seconds left.\n|inactive|minkangshik has 30 seconds left.\n|inactive|Nomad3929 has 20 seconds left.\n|inactive|Nomad3929 has 15 seconds left.\n|inactive|Nomad3929 has 10 seconds left.\n|\n|t:|1775916745\n|teamsize|p1|4\n|teamsize|p2|4\n|start\n|switch|p1a: Garchomp|Garchomp, L50, M|100/100\n|switch|p1b: Sneasler|Sneasler, L50, F|100/100\n|switch|p2a: Sneasler|Sneasler, L50, M|100/100\n|switch|p2b: Floette|Floette-Eternal, L50, F|100/100\n|turn|1\n|inactive|Nomad3929 has 30 seconds left.\n|inactive|minkangshik has 30 seconds left.\n|inactive|Nomad3929 has 20 seconds left.\n|\n|t:|1775916784\n|switch|p1a: Charizard|Charizard, L50, M|100/100\n|switch|p2a: Aerodactyl|Aerodactyl, L50, F|100/100\n|-ability|p2a: Aerodactyl|Unnerve\n|move|p2b: Floette|Protect|p2b: Floette\n|-singleturn|p2b: Floette|Protect\n|move|p1b: Sneasler|Dire Claw|p2b: Floette\n|-activate|p2b: Floette|move: Protect\n|\n|upkeep\n|turn|2\n|inactive|minkangshik has 30 seconds left.\n|\n|t:|1775916816\n|detailschange|p2b: Floette|Floette-Mega, L50, F\n|-mega|p2b: Floette|Floette|Floettite\n|-ability|p2b: Floette|Fairy Aura\n|move|p1a: Charizard|Protect|p1a: Charizard\n|-singleturn|p1a: Charizard|Protect\n|move|p2a: Aerodactyl|Dual Wingbeat|p1b: Sneasler\n|-supereffective|p1b: Sneasler|1\n|-damage|p1b: Sneasler|35/100\n|-supereffective|p1b: Sneasler|1\n|-damage|p1b: Sneasler|0 fnt\n|faint|p1b: Sneasler\n|-hitcount|p1: Sneasler|2\n|move|p2b: Floette|Moonblast|p1a: Charizard\n|-activate|p1a: Charizard|move: Protect\n|\n|upkeep\n|\n|t:|1775916825\n|switch|p1b: Venusaur|Venusaur, L50, M|100/100\n|turn|3\n|inactive|minkangshik has 30 seconds left.\n|\n|t:|1775916858\n|detailschange|p1a: Charizard|Charizard-Mega-Y, L50, M\n|-mega|p1a: Charizard|Charizard|Charizardite Y\n|-weather|SunnyDay|[from] ability: Drought|[of] p1a: Charizard\n|move|p1b: Venusaur|Sleep Powder|p2a: Aerodactyl|[miss]\n|-miss|p1b: Venusaur|p2a: Aerodactyl\n|move|p2a: Aerodactyl|Dual Wingbeat|p1b: Venusaur\n|-supereffective|p1b: Venusaur|1\n|-damage|p1b: Venusaur|54/100\n|-supereffective|p1b: Venusaur|1\n|-damage|p1b: Venusaur|7/100\n|-hitcount|p1b: Venusaur|2\n|move|p1a: Charizard|Heat Wave|p2b: Floette|[spread] p2a,p2b\n|-resisted|p2a: Aerodactyl|1\n|-damage|p2a: Aerodactyl|57/100\n|-damage|p2b: Floette|47/100\n|move|p2b: Floette|Moonblast|p1b: Venusaur\n|-resisted|p1b: Venusaur|1\n|-damage|p1b: Venusaur|0 fnt\n|faint|p1b: Venusaur\n|\n|-weather|SunnyDay|[upkeep]\n|upkeep\n|\n|t:|1775916866\n|switch|p1b: Garchomp|Garchomp, L50, M|100/100\n|turn|4\n|inactive|minkangshik has 30 seconds left.\n|inactive|Nomad3929 has 30 seconds left.\n|\n|t:|1775916897\n|switch|p2b: Incineroar|Incineroar, L50, F|100/100\n|-ability|p2b: Incineroar|Intimidate|boost\n|-unboost|p1a: Charizard|atk|1\n|-unboost|p1b: Garchomp|atk|1\n|move|p2a: Aerodactyl|Protect|p2a: Aerodactyl\n|-singleturn|p2a: Aerodactyl|Protect\n|move|p1b: Garchomp|Rock Slide|p2b: Incineroar|[spread] p2b\n|-activate|p2a: Aerodactyl|move: Protect\n|-supereffective|p2b: Incineroar|1\n|-damage|p2b: Incineroar|77/100\n|move|p1a: Charizard|Heat Wave|p2a: Aerodactyl|[spread] p2b\n|-activate|p2a: Aerodactyl|move: Protect\n|-resisted|p2b: Incineroar|1\n|-damage|p2b: Incineroar|54/100\n|\n|-weather|SunnyDay|[upkeep]\n|upkeep\n|turn|5\n|-message|Nomad3929 forfeited.\n|\n|win|minkangshik\n|raw|Nomad3929's rating: 1111 &rarr; <strong>1085</strong><br />(-26 for losing)\n|raw|minkangshik's rating: 1100 &rarr; <strong>1126</strong><br />(+26 for winning)\n|l|\u2606minkangshik\n|player|p2|\n",
  "uploadtime": 1775916957,
  "views": 12,
  "formatid": "gen9championsvgc2026regma",
  "rating": 1085,
  "private": 0,
  "password": null
}