{
  "id": "gen9championsvgc2026regma-2582750809",
  "format": "[Gen 9 Champions] VGC 2026 Reg M-A",
  "players": [
    "yuriimon",
    "sascha zverev"
  ],
  "log": "|j|\u2606yuriimon\n|j|\u2606sascha zverev\n|t:|1776111543\n|gametype|doubles\n|player|p1|yuriimon|waitress-gen4|1074\n|player|p2|sascha zverev|fantina|1099\n|gen|9\n|tier|[Gen 9 Champions] VGC 2026 Reg M-A\n|rated|\n|rule|Species Clause: Limit one of each Pok\u00e9mon\n|rule|Item Clause: Limit 1 of each item\n|clearpoke\n|poke|p1|Feraligatr, L50, M|\n|poke|p1|Talonflame, L50, F|\n|poke|p1|Sneasler, L50, F|\n|poke|p1|Mimikyu, L50, F|\n|poke|p1|Camerupt, L50, M|\n|poke|p1|Kingambit, L50, M|\n|poke|p2|Floette-Eternal, L50, F|\n|poke|p2|Talonflame, L50, M|\n|poke|p2|Garchomp, L50, M|\n|poke|p2|Maushold, L50|\n|poke|p2|Rotom-Wash, L50|\n|poke|p2|Aegislash, L50, M|\n|teampreview|4\n|inactive|Battle timer is ON: inactive players will automatically lose when time's up. (requested by sascha zverev)\n|inactive|yuriimon also wants the timer to be on.\n|j| JDDoc\n|inactive|sascha zverev has 60 seconds left.\n|\n|t:|1776111597\n|teamsize|p1|4\n|teamsize|p2|4\n|start\n|switch|p1a: Sneasler|Sneasler, L50, F|100/100\n|switch|p1b: Mimikyu|Mimikyu, L50, F|100/100\n|switch|p2a: Maushold|Maushold, L50, shiny|100/100\n|switch|p2b: Floette|Floette-Eternal, L50, F|100/100\n|turn|1\n|\n|t:|1776111608\n|detailschange|p2b: Floette|Floette-Mega, L50, F\n|-mega|p2b: Floette|Floette|Floettite\n|-ability|p2b: Floette|Fairy Aura\n|move|p1a: Sneasler|Fake Out|p2b: Floette\n|-damage|p2b: Floette|87/100\n|move|p2a: Maushold|Follow Me|p2a: Maushold\n|-singleturn|p2a: Maushold|move: Follow Me\n|cant|p2b: Floette|flinch\n|move|p1b: Mimikyu|Trick Room|p1b: Mimikyu\n|-fieldstart|move: Trick Room|[of] p1b: Mimikyu\n|\n|upkeep\n|turn|2\n|inactive|sascha zverev has 30 seconds left.\n|\n|t:|1776111640\n|switch|p2b: Talonflame|Talonflame, L50, M, shiny|100/100\n|move|p1b: Mimikyu|Sunny Day|p1b: Mimikyu\n|-weather|SunnyDay\n|move|p2a: Maushold|Super Fang|p1a: Sneasler\n|-damage|p1a: Sneasler|51/100\n|move|p1a: Sneasler|Close Combat|p2a: Maushold\n|-supereffective|p2a: Maushold|1\n|-enditem|p2a: Maushold|Focus Sash\n|-damage|p2a: Maushold|1/100\n|-unboost|p1a: Sneasler|def|1\n|-unboost|p1a: Sneasler|spd|1\n|\n|-weather|SunnyDay|[upkeep]\n|upkeep\n|turn|3\n|\n|t:|1776111664\n|move|p2a: Maushold|Follow Me|p2a: Maushold\n|-singleturn|p2a: Maushold|move: Follow Me\n|move|p1b: Mimikyu|Shadow Sneak|p2a: Maushold\n|-immune|p2a: Maushold\n|move|p2b: Talonflame|Acrobatics|p1a: Sneasler\n|-supereffective|p1a: Sneasler|1\n|-damage|p1a: Sneasler|0 fnt\n|faint|p1a: Sneasler\n|\n|-weather|SunnyDay|[upkeep]\n|upkeep\n|\n|t:|1776111670\n|switch|p1a: Camerupt|Camerupt, L50, M|100/100\n|turn|4\n|\n|t:|1776111682\n|switch|p1b: Kingambit|Kingambit, L50, M|100/100\n|detailschange|p1a: Camerupt|Camerupt-Mega, L50, M\n|-mega|p1a: Camerupt|Camerupt|Cameruptite\n|move|p2a: Maushold|Protect|p2a: Maushold\n|-singleturn|p2a: Maushold|Protect\n|move|p2b: Talonflame|Protect|p2b: Talonflame\n|-singleturn|p2b: Talonflame|Protect\n|move|p1a: Camerupt|Eruption|p2b: Talonflame|[spread] \n|-activate|p2a: Maushold|move: Protect\n|-activate|p2b: Talonflame|move: Protect\n|\n|-weather|SunnyDay|[upkeep]\n|upkeep\n|turn|5\n|\n|t:|1776111693\n|move|p2a: Maushold|Follow Me|p2a: Maushold\n|-singleturn|p2a: Maushold|move: Follow Me\n|move|p1b: Kingambit|Sucker Punch||[still]\n|-fail|p1b: Kingambit\n|move|p1a: Camerupt|Eruption|p2a: Maushold|[spread] p2a,p2b\n|-resisted|p2b: Talonflame|1\n|-damage|p2a: Maushold|0 fnt\n|-damage|p2b: Talonflame|45/100\n|faint|p2a: Maushold\n|move|p2b: Talonflame|Flare Blitz|p1b: Kingambit\n|-supereffective|p1b: Kingambit|1\n|-damage|p1b: Kingambit|0 fnt\n|faint|p1b: Kingambit\n|-damage|p2b: Talonflame|8/100|[from] Recoil\n|\n|-weather|SunnyDay|[upkeep]\n|-fieldend|move: Trick Room\n|upkeep\n|\n|t:|1776111706\n|switch|p2a: Rotom|Rotom-Wash, L50, shiny|100/100\n|switch|p1b: Mimikyu|Mimikyu, L50, F|100/100\n|turn|6\n|\n|t:|1776111717\n|move|p1a: Camerupt|Protect|p1a: Camerupt\n|-singleturn|p1a: Camerupt|Protect\n|move|p2b: Talonflame|Flare Blitz|p1b: Mimikyu\n|-activate|p1b: Mimikyu|ability: Disguise\n|-damage|p1b: Mimikyu|100/100\n|detailschange|p1b: Mimikyu|Mimikyu-Busted, L50, F\n|-damage|p1b: Mimikyu|88/100|[from] pokemon: Mimikyu-Busted\n|move|p2a: Rotom|Hydro Pump|p1a: Camerupt\n|-activate|p1a: Camerupt|move: Protect\n|move|p1b: Mimikyu|Trick Room|p1b: Mimikyu\n|-fieldstart|move: Trick Room|[of] p1b: Mimikyu\n|\n|-weather|none\n|upkeep\n|turn|7\n|\n|t:|1776111739\n|move|p2b: Talonflame|Protect|p2b: Talonflame\n|-singleturn|p2b: Talonflame|Protect\n|move|p1a: Camerupt|Eruption|p2b: Talonflame|[spread] p2a\n|-activate|p2b: Talonflame|move: Protect\n|-resisted|p2a: Rotom|1\n|-crit|p2a: Rotom\n|-damage|p2a: Rotom|53/100\n|move|p1b: Mimikyu|Sunny Day|p1b: Mimikyu\n|-weather|SunnyDay\n|move|p2a: Rotom|Hydro Pump|p1a: Camerupt|[miss]\n|-miss|p2a: Rotom|p1a: Camerupt\n|\n|-weather|SunnyDay|[upkeep]\n|upkeep\n|turn|8\n|inactive|sascha zverev has 30 seconds left.\n|\n|t:|1776111770\n|move|p2a: Rotom|Protect|p2a: Rotom\n|-singleturn|p2a: Rotom|Protect\n|move|p1a: Camerupt|Eruption|p2a: Rotom|[spread] p2b\n|-activate|p2a: Rotom|move: Protect\n|-resisted|p2b: Talonflame|1\n|-damage|p2b: Talonflame|0 fnt\n|faint|p2b: Talonflame\n|move|p1b: Mimikyu|Play Rough|p2a: Rotom\n|-activate|p2a: Rotom|move: Protect\n|\n|-weather|SunnyDay|[upkeep]\n|upkeep\n|\n|t:|1776111774\n|switch|p2b: Floette|Floette-Mega, L50, F|87/100\n|-ability|p2b: Floette|Fairy Aura\n|turn|9\n|\n|t:|1776111792\n|move|p2b: Floette|Protect|p2b: Floette\n|-singleturn|p2b: Floette|Protect\n|move|p1a: Camerupt|Eruption|p2a: Rotom|[spread] p2a\n|-activate|p2b: Floette|move: Protect\n|-resisted|p2a: Rotom|1\n|-damage|p2a: Rotom|0 fnt\n|faint|p2a: Rotom\n|move|p1b: Mimikyu|Play Rough|p2b: Floette\n|-activate|p2b: Floette|move: Protect\n|\n|-weather|SunnyDay|[upkeep]\n|upkeep\n|turn|10\n|\n|t:|1776111811\n|move|p2b: Floette|Protect||[still]\n|-fail|p2b: Floette\n|move|p1a: Camerupt|Eruption|p2b: Floette\n|-damage|p2b: Floette|0 fnt\n|faint|p2b: Floette\n|\n|win|yuriimon\n|raw|yuriimon's rating: 1074 &rarr; <strong>1105</strong><br />(+31 for winning)\n|raw|sascha zverev's rating: 1099 &rarr; <strong>1072</strong><br />(-27 for losing)\n|c|\u2606yuriimon|gg\n|l|\u2606sascha zverev\n|player|p2|\n",
  "uploadtime": 1776111820,
  "views": 11,
  "formatid": "gen9championsvgc2026regma",
  "rating": 1072,
  "private": 0,
  "password": null
}