{
  "id": "gen9championsvgc2026regma-2586568126",
  "format": "[Gen 9 Champions] VGC 2026 Reg M-A",
  "players": [
    "BroDontFuckWithMe",
    "Ivyzinha089"
  ],
  "log": "|j|\u2606BroDontFuckWithMe\n|j|\u2606Ivyzinha089\n|t:|1776443601\n|gametype|doubles\n|player|p1|BroDontFuckWithMe|170|1261\n|player|p2|Ivyzinha089|miku-flying|1273\n|gen|9\n|tier|[Gen 9 Champions] VGC 2026 Reg M-A\n|rated|\n|rule|Species Clause: Limit one of each Pok\u00e9mon\n|rule|Item Clause: Limit 1 of each item\n|clearpoke\n|poke|p1|Starmie, L50|\n|poke|p1|Rotom-Heat, L50|\n|poke|p1|Excadrill, L50, M|\n|poke|p1|Sinistcha, L50|\n|poke|p1|Tyranitar, L50, M|\n|poke|p1|Gardevoir, L50, F|\n|poke|p2|Meganium, L50, F|\n|poke|p2|Tyranitar, L50, M|\n|poke|p2|Excadrill, L50, F|\n|poke|p2|Rotom-Wash, L50|\n|poke|p2|Sneasler, L50, M|\n|poke|p2|Gyarados, L50, M|\n|teampreview|4\n|inactive|Battle timer is ON: inactive players will automatically lose when time's up. (requested by Ivyzinha089)\n|\n|t:|1776443619\n|teamsize|p1|4\n|teamsize|p2|4\n|start\n|switch|p1a: Starmie|Starmie, L50|100/100\n|switch|p1b: Rotom|Rotom-Heat, L50|100/100\n|switch|p2a: Meganium|Meganium, L50, F|100/100\n|switch|p2b: Sneasler|Sneasler, L50, M|100/100\n|turn|1\n|\n|t:|1776443634\n|detailschange|p2a: Meganium|Meganium-Mega, L50, F\n|-mega|p2a: Meganium|Meganium|Meganiumite\n|move|p1a: Starmie|Protect|p1a: Starmie\n|-singleturn|p1a: Starmie|Protect\n|move|p2b: Sneasler|Fake Out|p1b: Rotom\n|-damage|p1b: Rotom|85/100\n|cant|p1b: Rotom|flinch\n|move|p2a: Meganium|Solar Beam||[still]\n|-prepare|p2a: Meganium|Solar Beam\n|-activate|p2a: Meganium|ability: Mega Sol\n|-anim|p2a: Meganium|Solar Beam|p1a: Starmie\n|-activate|p1a: Starmie|move: Protect\n|\n|upkeep\n|turn|2\n|\n|t:|1776443655\n|switch|p1a: Gardevoir|Gardevoir, L50, F|100/100\n|switch|p2a: Tyranitar|Tyranitar, L50, M|100/100\n|-weather|Sandstorm|[from] ability: Sand Stream|[of] p2a: Tyranitar\n|move|p2b: Sneasler|Protect|p2b: Sneasler\n|-singleturn|p2b: Sneasler|Protect\n|move|p1b: Rotom|Overheat|p2a: Tyranitar\n|-resisted|p2a: Tyranitar|1\n|-damage|p2a: Tyranitar|84/100\n|-unboost|p1b: Rotom|spa|2\n|\n|-weather|Sandstorm|[upkeep]\n|-damage|p1a: Gardevoir|94/100|[from] Sandstorm\n|-damage|p2b: Sneasler|95/100|[from] Sandstorm\n|-damage|p1b: Rotom|79/100|[from] Sandstorm\n|upkeep\n|turn|3\n|inactive|Ivyzinha089 has 30 seconds left.\n|\n|t:|1776443683\n|switch|p2b: Excadrill|Excadrill, L50, F|100/100\n|switch|p1b: Excadrill|Excadrill, L50, M|100/100\n|move|p2a: Tyranitar|Protect|p2a: Tyranitar\n|-singleturn|p2a: Tyranitar|Protect\n|move|p1a: Gardevoir|Psyshock|p2b: Excadrill\n|-resisted|p2b: Excadrill|1\n|-damage|p2b: Excadrill|73/100\n|\n|-weather|Sandstorm|[upkeep]\n|-damage|p1a: Gardevoir|88/100|[from] Sandstorm\n|upkeep\n|turn|4\n|\n|t:|1776443705\n|switch|p1a: Rotom|Rotom-Heat, L50|79/100\n|switch|p2a: Sneasler|Sneasler, L50, M|95/100\n|move|p1b: Excadrill|Earthquake|p2b: Excadrill|[spread] p2a,p2b\n|-immune|p1a: Rotom|[from] ability: Levitate\n|-supereffective|p2a: Sneasler|1\n|-supereffective|p2b: Excadrill|1\n|-damage|p2a: Sneasler|0 fnt\n|-damage|p2b: Excadrill|0 fnt\n|faint|p2a: Sneasler\n|faint|p2b: Excadrill\n|\n|-weather|Sandstorm|[upkeep]\n|-damage|p1a: Rotom|73/100|[from] Sandstorm\n|upkeep\n|\n|t:|1776443710\n|switch|p2a: Meganium|Meganium-Mega, L50, F|100/100\n|switch|p2b: Tyranitar|Tyranitar, L50, M|84/100\n|turn|5\n|\n|t:|1776443722\n|move|p2a: Meganium|Protect|p2a: Meganium\n|-singleturn|p2a: Meganium|Protect\n|move|p1b: Excadrill|High Horsepower|p2b: Tyranitar\n|-supereffective|p2b: Tyranitar|1\n|-damage|p2b: Tyranitar|0 fnt\n|faint|p2b: Tyranitar\n|move|p1a: Rotom|Volt Switch|p2a: Meganium\n|-activate|p2a: Meganium|move: Protect\n|\n|-weather|Sandstorm|[upkeep]\n|-damage|p1a: Rotom|67/100|[from] Sandstorm\n|-damage|p2a: Meganium|95/100|[from] Sandstorm\n|upkeep\n|turn|6\n|-message|Ivyzinha089 forfeited.\n|\n|win|BroDontFuckWithMe\n|raw|BroDontFuckWithMe's rating: 1261 &rarr; <strong>1287</strong><br />(+26 for winning)\n|raw|Ivyzinha089's rating: 1273 &rarr; <strong>1247</strong><br />(-26 for losing)\n",
  "uploadtime": 1776443723,
  "views": 46,
  "formatid": "gen9championsvgc2026regma",
  "rating": 1247,
  "private": 0,
  "password": null
}