{
  "id": "gen9championsvgc2026regma-2587705023",
  "format": "[Gen 9 Champions] VGC 2026 Reg M-A",
  "players": [
    "Xtron_247",
    "akiravn"
  ],
  "log": "|j|\u2606Xtron_247\n|j|\u2606akiravn\n|t:|1776555694\n|gametype|doubles\n|player|p1|Xtron_247|1|1039\n|player|p2|akiravn|marnie-masters3|1141\n|gen|9\n|tier|[Gen 9 Champions] VGC 2026 Reg M-A\n|rated|\n|rule|Species Clause: Limit one of each Pok\u00e9mon\n|rule|Item Clause: Limit 1 of each item\n|clearpoke\n|poke|p1|Farigiraf, L50, F|\n|poke|p1|Meganium, L50, F|\n|poke|p1|Slowking, L50, M|\n|poke|p1|Incineroar, L50, F|\n|poke|p1|Archaludon, L50, M|\n|poke|p1|Politoed, L50, F|\n|poke|p2|Archaludon, L50, M|\n|poke|p2|Dragonite, L50, F|\n|poke|p2|Blastoise, L50, F|\n|poke|p2|Pelipper, L50, F|\n|poke|p2|Sinistcha, L50|\n|poke|p2|Sneasler, L50, F|\n|teampreview|4\n|inactive|Battle timer is ON: inactive players will automatically lose when time's up. (requested by akiravn)\n|inactive|Xtron_247 has 60 seconds left.\n|inactive|akiravn has 60 seconds left.\n|inactive|akiravn has 30 seconds left.\n|inactive|akiravn has 20 seconds left.\n|\n|t:|1776555770\n|teamsize|p1|4\n|teamsize|p2|4\n|start\n|switch|p1a: Politoed|Politoed, L50, F|100/100\n|switch|p1b: Archaludon|Archaludon, L50, M|100/100\n|switch|p2a: Blastoise|Blastoise, L50, F|100/100\n|switch|p2b: Archaludon|Archaludon, L50, M|100/100\n|-weather|RainDance|[from] ability: Drizzle|[of] p1a: Politoed\n|turn|1\n|inactive|Xtron_247 has 30 seconds left.\n|inactive|Xtron_247 has 20 seconds left.\n|\n|t:|1776555807\n|switch|p1a: Meganium|Meganium, L50, F|100/100\n|detailschange|p2a: Blastoise|Blastoise-Mega, L50, F\n|-mega|p2a: Blastoise|Blastoise|Blastoisinite\n|move|p2a: Blastoise|Fake Out|p1b: Archaludon\n|-resisted|p1b: Archaludon|1\n|-damage|p1b: Archaludon|97/100\n|-ability|p1b: Archaludon|Stamina|boost\n|-boost|p1b: Archaludon|def|1\n|move|p2b: Archaludon|Electro Shot||[still]\n|-prepare|p2b: Archaludon|Electro Shot\n|-boost|p2b: Archaludon|spa|1\n|-anim|p2b: Archaludon|Electro Shot|p1a: Meganium\n|-resisted|p1a: Meganium|1\n|-damage|p1a: Meganium|71/100\n|cant|p1b: Archaludon|flinch\n|\n|-weather|RainDance|[upkeep]\n|-heal|p1b: Archaludon|100/100|[from] item: Leftovers\n|upkeep\n|turn|2\n|inactive|Xtron_247 has 30 seconds left.\n|\n|t:|1776555838\n|detailschange|p1a: Meganium|Meganium-Mega, L50, F\n|-mega|p1a: Meganium|Meganium|Meganiumite\n|move|p2a: Blastoise|Ice Beam|p1a: Meganium\n|-supereffective|p1a: Meganium|1\n|-damage|p1a: Meganium|12/100\n|move|p2b: Archaludon|Dragon Pulse|p1b: Archaludon\n|-damage|p1b: Archaludon|13/100\n|-ability|p1b: Archaludon|Stamina|boost\n|-boost|p1b: Archaludon|def|1\n|move|p1b: Archaludon|Electro Shot||[still]\n|-prepare|p1b: Archaludon|Electro Shot\n|-boost|p1b: Archaludon|spa|1\n|-anim|p1b: Archaludon|Electro Shot|p2a: Blastoise\n|-supereffective|p2a: Blastoise|1\n|-damage|p2a: Blastoise|0 fnt\n|faint|p2a: Blastoise\n|move|p1a: Meganium|Solar Beam||[still]\n|-prepare|p1a: Meganium|Solar Beam\n|-activate|p1a: Meganium|ability: Mega Sol\n|-anim|p1a: Meganium|Solar Beam|p2b: Archaludon\n|-resisted|p2b: Archaludon|2\n|-damage|p2b: Archaludon|80/100\n|-ability|p2b: Archaludon|Stamina|boost\n|-boost|p2b: Archaludon|def|1\n|\n|-weather|RainDance|[upkeep]\n|-heal|p2b: Archaludon|86/100|[from] item: Leftovers\n|-heal|p1b: Archaludon|19/100|[from] item: Leftovers\n|upkeep\n|\n|t:|1776555847\n|switch|p2a: Sinistcha|Sinistcha, L50|100/100\n|-heal|p2b: Archaludon|100/100|[from] ability: Hospitality|[of] p2a: Sinistcha\n|turn|3\n|\n|t:|1776555871\n|move|p1b: Archaludon|Protect|p1b: Archaludon\n|-singleturn|p1b: Archaludon|Protect\n|move|p2a: Sinistcha|Rage Powder|p2a: Sinistcha\n|-singleturn|p2a: Sinistcha|move: Rage Powder\n|move|p2b: Archaludon|Electro Shot||[still]\n|-prepare|p2b: Archaludon|Electro Shot\n|-boost|p2b: Archaludon|spa|1\n|-anim|p2b: Archaludon|Electro Shot|p1a: Meganium\n|-resisted|p1a: Meganium|1\n|-damage|p1a: Meganium|0 fnt\n|faint|p1a: Meganium\n|\n|-weather|RainDance|[upkeep]\n|-heal|p1b: Archaludon|25/100|[from] item: Leftovers\n|upkeep\n|\n|t:|1776555890\n|switch|p1a: Slowking|Slowking, L50, M|100/100\n|turn|4\n|\n|t:|1776555907\n|move|p2b: Archaludon|Electro Shot||[still]\n|-prepare|p2b: Archaludon|Electro Shot\n|-boost|p2b: Archaludon|spa|1\n|-anim|p2b: Archaludon|Electro Shot|p1a: Slowking\n|-supereffective|p1a: Slowking|1\n|-damage|p1a: Slowking|0 fnt\n|faint|p1a: Slowking\n|move|p1b: Archaludon|Dragon Pulse|p2b: Archaludon\n|-damage|p2b: Archaludon|30/100\n|-ability|p2b: Archaludon|Stamina|boost\n|-boost|p2b: Archaludon|def|1\n|move|p2a: Sinistcha|Matcha Gotcha|p1b: Archaludon\n|-resisted|p1b: Archaludon|2\n|-damage|p1b: Archaludon|14/100\n|-ability|p1b: Archaludon|Stamina|boost\n|-boost|p1b: Archaludon|def|1\n|\n|-weather|RainDance|[upkeep]\n|-heal|p2b: Archaludon|36/100|[from] item: Leftovers\n|-heal|p1b: Archaludon|20/100|[from] item: Leftovers\n|upkeep\n|\n|t:|1776555923\n|switch|p1a: Politoed|Politoed, L50, F|100/100\n|turn|5\n|\n|t:|1776555932\n|move|p1a: Politoed|Protect|p1a: Politoed\n|-singleturn|p1a: Politoed|Protect\n|move|p2a: Sinistcha|Rage Powder|p2a: Sinistcha\n|-singleturn|p2a: Sinistcha|move: Rage Powder\n|move|p2b: Archaludon|Electro Shot||[still]\n|-prepare|p2b: Archaludon|Electro Shot\n|-boost|p2b: Archaludon|spa|1\n|-anim|p2b: Archaludon|Electro Shot|p1a: Politoed\n|-activate|p1a: Politoed|move: Protect\n|move|p1b: Archaludon|Dragon Pulse|p2a: Sinistcha\n|-damage|p2a: Sinistcha|35/100\n|-enditem|p2a: Sinistcha|Sitrus Berry|[eat]\n|-heal|p2a: Sinistcha|59/100|[from] item: Sitrus Berry\n|\n|-weather|none\n|-heal|p2b: Archaludon|42/100|[from] item: Leftovers\n|-heal|p1b: Archaludon|26/100|[from] item: Leftovers\n|upkeep\n|turn|6\n|inactive|Xtron_247 has 30 seconds left.\n|inactive|Xtron_247 has 20 seconds left.\n|\n|t:|1776555968\n|move|p1b: Archaludon|Protect|p1b: Archaludon\n|-singleturn|p1b: Archaludon|Protect\n|move|p2a: Sinistcha|Rage Powder|p2a: Sinistcha\n|-singleturn|p2a: Sinistcha|move: Rage Powder\n|move|p2b: Archaludon|Dragon Pulse|p1b: Archaludon\n|-activate|p1b: Archaludon|move: Protect\n|move|p1a: Politoed|Hydro Pump|p2a: Sinistcha\n|-resisted|p2a: Sinistcha|1\n|-damage|p2a: Sinistcha|37/100\n|\n|-heal|p2b: Archaludon|48/100|[from] item: Leftovers\n|-heal|p1b: Archaludon|32/100|[from] item: Leftovers\n|upkeep\n|turn|7\n|\n|t:|1776555989\n|move|p2a: Sinistcha|Rage Powder|p2a: Sinistcha\n|-singleturn|p2a: Sinistcha|move: Rage Powder\n|move|p2b: Archaludon|Dragon Pulse|p1b: Archaludon\n|-damage|p1b: Archaludon|0 fnt\n|faint|p1b: Archaludon\n|move|p1a: Politoed|Hydro Pump|p2a: Sinistcha\n|-resisted|p2a: Sinistcha|1\n|-damage|p2a: Sinistcha|13/100\n|\n|-heal|p2b: Archaludon|54/100|[from] item: Leftovers\n|upkeep\n|turn|8\n|-message|Xtron_247 forfeited.\n|\n|win|akiravn\n|raw|Xtron_247's rating: 1039 &rarr; <strong>1028</strong><br />(-11 for losing)\n|raw|akiravn's rating: 1141 &rarr; <strong>1159</strong><br />(+18 for winning)\n|l|\u2606Xtron_247\n|player|p1|\n",
  "uploadtime": 1776556005,
  "views": 24,
  "formatid": "gen9championsvgc2026regma",
  "rating": 1028,
  "private": 0,
  "password": null
}