{
  "id": "gen9championsvgc2026regma-2588052637",
  "format": "[Gen 9 Champions] VGC 2026 Reg M-A",
  "players": [
    "kao play game",
    "chuboor"
  ],
  "log": "|j|\u2606kao play game\n|j|\u2606chuboor\n|t:|1776598456\n|gametype|doubles\n|player|p1|kao play game|cynthia-gen4|1073\n|player|p2|chuboor|rood|1000\n|gen|9\n|tier|[Gen 9 Champions] VGC 2026 Reg M-A\n|rated|\n|rule|Species Clause: Limit one of each Pok\u00e9mon\n|rule|Item Clause: Limit 1 of each item\n|clearpoke\n|poke|p1|Castform, L50, M|\n|poke|p1|Whimsicott, L50, M|\n|poke|p1|Klefki, L50, F|\n|poke|p1|Ninetales-Alola, L50, M|\n|poke|p1|Beedrill, L50, F|\n|poke|p1|Sableye, L50, M|\n|poke|p2|Steelix, L50, F|\n|poke|p2|Hippowdon, L50, F|\n|poke|p2|Aegislash, L50, F, shiny|\n|poke|p2|Sableye, L50, F|\n|poke|p2|Krookodile, L50, F|\n|poke|p2|Lucario, L50, M|\n|teampreview|4\n|\n|t:|1776598497\n|teamsize|p1|4\n|teamsize|p2|4\n|start\n|switch|p1a: Klefki|Klefki, L50, F|100/100\n|switch|p1b: Castform|Castform, L50, M|100/100\n|switch|p2a: Steelix|Steelix, L50, F|100/100\n|switch|p2b: Hippowdon|Hippowdon, L50, F|100/100\n|-weather|Sandstorm|[from] ability: Sand Stream|[of] p2b: Hippowdon\n|turn|1\n|inactive|Battle timer is ON: inactive players will automatically lose when time's up. (requested by kao play game)\n|\n|t:|1776598544\n|detailschange|p2a: Steelix|Steelix-Mega, L50, F\n|-mega|p2a: Steelix|Steelix|Steelixite\n|move|p1a: Klefki|Rain Dance|p1a: Klefki\n|-weather|RainDance\n|-formechange|p1b: Castform|Castform-Rainy|[msg]|[from] ability: Forecast\n|move|p1b: Castform|Weather Ball|p2a: Steelix\n|-supereffective|p2a: Steelix|1\n|-damage|p2a: Steelix|0 fnt\n|faint|p2a: Steelix\n|move|p2b: Hippowdon|High Horsepower|p1a: Klefki\n|-supereffective|p1a: Klefki|1\n|-damage|p1a: Klefki|0 fnt\n|faint|p1a: Klefki\n|\n|-weather|RainDance|[upkeep]\n|upkeep\n|\n|t:|1776598562\n|switch|p1a: Whimsicott|Whimsicott, L50, M|100/100\n|switch|p2a: Sableye|Sableye, L50, F|100/100\n|turn|2\n|inactive|chuboor has 30 seconds left.\n|inactive|chuboor has 20 seconds left.\n|inactive|chuboor has 15 seconds left.\n|\n|t:|1776598605\n|move|p2a: Sableye|Fake Out|p1b: Castform\n|-damage|p1b: Castform|88/100\n|move|p1a: Whimsicott|Moonblast|p2a: Sableye\n|-supereffective|p2a: Sableye|1\n|-enditem|p2a: Sableye|Focus Sash\n|-damage|p2a: Sableye|1/100\n|cant|p1b: Castform|flinch\n|move|p2b: Hippowdon|Yawn|p1a: Whimsicott\n|-start|p1a: Whimsicott|move: Yawn|[of] p2b: Hippowdon\n|\n|-weather|RainDance|[upkeep]\n|upkeep\n|turn|3\n|\n|t:|1776598630\n|move|p1a: Whimsicott|Encore|p2b: Hippowdon\n|-start|p2b: Hippowdon|Encore\n|move|p2a: Sableye|Quash|p1b: Castform\n|-activate|p1b: Castform|move: Quash\n|move|p2b: Hippowdon|Yawn|p1b: Castform\n|-start|p1b: Castform|move: Yawn|[of] p2b: Hippowdon\n|move|p1b: Castform|Weather Ball|p2b: Hippowdon\n|-supereffective|p2b: Hippowdon|1\n|-damage|p2b: Hippowdon|0 fnt\n|faint|p2b: Hippowdon\n|\n|-weather|RainDance|[upkeep]\n|-end|p1a: Whimsicott|move: Yawn|[silent]\n|-status|p1a: Whimsicott|slp\n|upkeep\n|\n|t:|1776598642\n|switch|p2b: Krookodile|Krookodile, L50, F|100/100\n|-ability|p2b: Krookodile|Intimidate|boost\n|-unboost|p1a: Whimsicott|atk|1\n|-unboost|p1b: Castform|atk|1\n|turn|4\n|\n|t:|1776598667\n|move|p2a: Sableye|Quash|p1b: Castform\n|-activate|p1b: Castform|move: Quash\n|move|p2b: Krookodile|High Horsepower|p1b: Castform\n|-damage|p1b: Castform|13/100\n|cant|p1a: Whimsicott|slp\n|move|p1b: Castform|Weather Ball|p2b: Krookodile\n|-supereffective|p2b: Krookodile|1\n|-damage|p2b: Krookodile|0 fnt\n|faint|p2b: Krookodile\n|\n|-weather|RainDance|[upkeep]\n|-end|p1b: Castform|move: Yawn|[silent]\n|-status|p1b: Castform|slp\n|upkeep\n|turn|5\n|c|\u2606chuboor|castform uber\n|\n|t:|1776598689\n|cant|p1b: Castform|slp\n|cant|p1a: Whimsicott|slp\n|move|p2a: Sableye|Taunt|p1a: Whimsicott\n|-start|p1a: Whimsicott|move: Taunt\n|\n|-weather|none\n|-formechange|p1b: Castform|Castform|[msg]|[from] ability: Forecast\n|upkeep\n|turn|6\n|c|\u2606kao play game|Hahaha\n|c|\u2606kao play game|New meta\n|\n|t:|1776598705\n|switch|p1a: Beedrill|Beedrill, L50, F|100/100\n|cant|p1b: Castform|slp\n|move|p2a: Sableye|Taunt|p1b: Castform\n|-start|p1b: Castform|move: Taunt\n|\n|upkeep\n|turn|7\n|\n|t:|1776598714\n|switch|p1b: Whimsicott|Whimsicott, L50, M|100/100 slp\n|move|p1a: Beedrill|Protect|p1a: Beedrill\n|-singleturn|p1a: Beedrill|Protect\n|move|p2a: Sableye|Quash|p1a: Beedrill\n|-activate|p1a: Beedrill|move: Protect\n|\n|upkeep\n|turn|8\n|\n|t:|1776598725\n|switch|p1a: Castform|Castform, L50, M|13/100 slp\n|-curestatus|p1b: Whimsicott|slp|[msg]\n|move|p1b: Whimsicott|Sunny Day|p1b: Whimsicott\n|-weather|SunnyDay\n|-formechange|p1a: Castform|Castform-Sunny|[msg]|[from] ability: Forecast\n|move|p2a: Sableye|Quash||[still]\n|-fail|p2a: Sableye\n|\n|-weather|SunnyDay|[upkeep]\n|upkeep\n|turn|9\n|\n|t:|1776598735\n|switch|p1b: Beedrill|Beedrill, L50, F|100/100\n|move|p2a: Sableye|Taunt|p1b: Beedrill\n|-start|p1b: Beedrill|move: Taunt\n|-curestatus|p1a: Castform|slp|[msg]\n|move|p1a: Castform|Weather Ball|p2a: Sableye\n|-damage|p2a: Sableye|0 fnt\n|faint|p2a: Sableye\n|\n|win|kao play game\n|raw|kao play game's rating: 1073 &rarr; <strong>1096</strong><br />(+23 for winning)\n|raw|chuboor's rating: 1000 &rarr; <strong>1000</strong><br />(+0 for losing)\n|c|\u2606kao play game|GG\n|c|\u2606chuboor|gg\n|l|\u2606chuboor\n|player|p2|\n",
  "uploadtime": 1776598910,
  "views": 9,
  "formatid": "gen9championsvgc2026regma",
  "rating": 1000,
  "private": 0,
  "password": null
}