{
  "id": "gen9championsvgc2026regma-2586949140",
  "format": "[Gen 9 Champions] VGC 2026 Reg M-A",
  "players": [
    "Rabbit_soup_",
    "Wo-Chien<3"
  ],
  "log": "|j|\u2606Rabbit_soup_\n|j|\u2606Wo-Chien<3\n|t:|1776474718\n|gametype|doubles\n|player|p1|Rabbit_soup_|169|1336\n|player|p2|Wo-Chien<3|miku-ground|1300\n|gen|9\n|tier|[Gen 9 Champions] VGC 2026 Reg M-A\n|rated|\n|rule|Species Clause: Limit one of each Pok\u00e9mon\n|rule|Item Clause: Limit 1 of each item\n|clearpoke\n|poke|p1|Pelipper, L50, F|\n|poke|p1|Basculegion, L50, M|\n|poke|p1|Zoroark-Hisui, L50, F|\n|poke|p1|Dragonite, L50, M|\n|poke|p1|Archaludon, L50, F|\n|poke|p1|Sableye, L50, M|\n|poke|p2|Froslass, L50, F|\n|poke|p2|Rotom-Frost, L50|\n|poke|p2|Sneasler, L50, M|\n|poke|p2|Kingambit, L50, M|\n|poke|p2|Garchomp, L50, M|\n|poke|p2|Aerodactyl, L50, M|\n|teampreview|4\n|inactive|Battle timer is ON: inactive players will automatically lose when time's up. (requested by Rabbit_soup_)\n|\n|t:|1776474742\n|teamsize|p1|4\n|teamsize|p2|4\n|start\n|switch|p1a: Sableye|Sableye, L50, M|100/100\n|switch|p1b: Dragonite|Dragonite, L50, M|100/100\n|switch|p2a: Rotom|Rotom-Frost, L50|100/100\n|switch|p2b: Froslass|Froslass, L50, F|100/100\n|turn|1\n|\n|t:|1776474752\n|detailschange|p2b: Froslass|Froslass-Mega, L50, F\n|-mega|p2b: Froslass|Froslass|Froslassite\n|-weather|Snowscape|[from] ability: Snow Warning|[of] p2b: Froslass\n|move|p1b: Dragonite|Protect|p1b: Dragonite\n|-singleturn|p1b: Dragonite|Protect\n|move|p1a: Sableye|Rain Dance|p1a: Sableye\n|-weather|RainDance\n|move|p2a: Rotom|Blizzard|p1a: Sableye|[spread] \n|-activate|p1b: Dragonite|move: Protect\n|-miss|p2a: Rotom|p1a: Sableye\n|move|p2b: Froslass|Blizzard|p1a: Sableye|[spread] p1a\n|-activate|p1b: Dragonite|move: Protect\n|-damage|p1a: Sableye|51/100\n|\n|-weather|RainDance|[upkeep]\n|upkeep\n|turn|2\n|\n|t:|1776474766\n|switch|p1b: Archaludon|Archaludon, L50, F|100/100\n|move|p1a: Sableye|Thunder Wave|p2b: Froslass\n|-status|p2b: Froslass|par\n|move|p2a: Rotom|Blizzard|p1b: Archaludon|[spread] p1a,p1b\n|-crit|p1a: Sableye\n|-damage|p1a: Sableye|0 fnt\n|-damage|p1b: Archaludon|59/100\n|faint|p1a: Sableye\n|move|p2b: Froslass|Blizzard|p1b: Archaludon\n|-damage|p1b: Archaludon|0 fnt\n|faint|p1b: Archaludon\n|\n|-weather|RainDance|[upkeep]\n|upkeep\n|\n|t:|1776474775\n|switch|p1b: Dragonite|Dragonite, L50, M|100/100\n|switch|p1a: Pelipper|Pelipper, L50, F|100/100\n|turn|3\n|\n|t:|1776474796\n|switch|p2a: Sneasler|Sneasler, L50, M|100/100\n|switch|p2b: Kingambit|Kingambit, L50, M|100/100\n|detailschange|p1b: Dragonite|Dragonite-Mega, L50, M\n|-mega|p1b: Dragonite|Dragonite|Dragoninite\n|move|p1a: Pelipper|Wide Guard|p1a: Pelipper\n|-singleturn|p1a: Pelipper|Wide Guard\n|move|p1b: Dragonite|Hurricane|p2a: Sneasler\n|-supereffective|p2a: Sneasler|1\n|-damage|p2a: Sneasler|0 fnt\n|faint|p2a: Sneasler\n|\n|-weather|RainDance|[upkeep]\n|upkeep\n|\n|t:|1776474806\n|switch|p2a: Rotom|Rotom-Frost, L50|100/100\n|turn|4\n|\n|t:|1776474830\n|move|p1a: Pelipper|Wide Guard|p1a: Pelipper\n|-singleturn|p1a: Pelipper|Wide Guard\n|move|p2a: Rotom|Thunderbolt|p1a: Pelipper\n|-supereffective|p1a: Pelipper|2\n|-damage|p1a: Pelipper|0 fnt\n|faint|p1a: Pelipper\n|move|p1b: Dragonite|Thunder|p2b: Kingambit\n|-damage|p2b: Kingambit|58/100\n|move|p2b: Kingambit|Kowtow Cleave|p1b: Dragonite\n|-damage|p1b: Dragonite|74/100\n|\n|-weather|RainDance|[upkeep]\n|upkeep\n|turn|5\n|-message|Rabbit_soup_ forfeited.\n|\n|win|Wo-Chien<3\n|raw|Rabbit_soup_'s rating: 1336 &rarr; <strong>1314</strong><br />(-22 for losing)\n|raw|Wo-Chien&lt;3's rating: 1300 &rarr; <strong>1328</strong><br />(+28 for winning)\n|l|\u2606Rabbit_soup_\n|player|p1|\n",
  "uploadtime": 1776474841,
  "views": 27,
  "formatid": "gen9championsvgc2026regma",
  "rating": 1314,
  "private": 0,
  "password": null
}