{
  "id": "gen9championsvgc2026regma-2580591839",
  "format": "[Gen 9 Champions] VGC 2026 Reg M-A",
  "players": [
    "miguelon611",
    "senzumi_here"
  ],
  "log": "|j|\u2606miguelon611\n|j|\u2606senzumi_here\n|t:|1775916107\n|gametype|doubles\n|player|p1|miguelon611|102|1119\n|player|p2|senzumi_here|psychicf-gen4|1193\n|gen|9\n|tier|[Gen 9 Champions] VGC 2026 Reg M-A\n|rated|\n|rule|Species Clause: Limit one of each Pok\u00e9mon\n|rule|Item Clause: Limit 1 of each item\n|clearpoke\n|poke|p1|Hatterene, L50, F|\n|poke|p1|Kangaskhan, L50, F|\n|poke|p1|Crabominable, L50, F|\n|poke|p1|Torkoal, L50, M|\n|poke|p1|Farigiraf, L50, F|\n|poke|p1|Gallade, L50, M|\n|poke|p2|Floette-Eternal, L50, F|\n|poke|p2|Delphox, L50, F|\n|poke|p2|Aerodactyl, L50, M|\n|poke|p2|Maushold, L50|\n|poke|p2|Incineroar, L50, M|\n|poke|p2|Garchomp, L50, M|\n|teampreview|4\n|\n|t:|1775916150\n|teamsize|p1|4\n|teamsize|p2|4\n|start\n|switch|p1a: Kangaskhan|Kangaskhan, L50, F|100/100\n|switch|p1b: Farigiraf|Farigiraf, L50, F|100/100\n|switch|p2a: Floette|Floette-Eternal, L50, F|100/100\n|switch|p2b: Maushold|Maushold, L50|100/100\n|turn|1\n|inactive|Battle timer is ON: inactive players will automatically lose when time's up. (requested by senzumi_here)\n|\n|t:|1775916180\n|detailschange|p2a: Floette|Floette-Mega, L50, F\n|-mega|p2a: Floette|Floette|Floettite\n|-ability|p2a: Floette|Fairy Aura\n|move|p1a: Kangaskhan|Fake Out|p2b: Maushold\n|-damage|p2b: Maushold|76/100\n|cant|p2b: Maushold|flinch\n|move|p2a: Floette|Calm Mind|p2a: Floette\n|-boost|p2a: Floette|spa|1\n|-boost|p2a: Floette|spd|1\n|move|p1b: Farigiraf|Trick Room|p1b: Farigiraf\n|-fieldstart|move: Trick Room|[of] p1b: Farigiraf\n|\n|upkeep\n|turn|2\n|\n|t:|1775916204\n|detailschange|p1a: Kangaskhan|Kangaskhan-Mega, L50, F\n|-mega|p1a: Kangaskhan|Kangaskhan|Kangaskhanite\n|move|p2a: Floette|Protect|p2a: Floette\n|-singleturn|p2a: Floette|Protect\n|move|p2b: Maushold|Protect|p2b: Maushold\n|-singleturn|p2b: Maushold|Protect\n|move|p1b: Farigiraf|Ally Switch|p1b: Farigiraf\n|swap|p1b: Farigiraf|0|[from] move: Ally Switch\n|move|p1b: Kangaskhan|Double-Edge|p2a: Floette\n|-activate|p2a: Floette|move: Protect\n|\n|upkeep\n|turn|3\n|inactive|miguelon611 has 30 seconds left.\n|\n|t:|1775916234\n|move|p2b: Maushold|Follow Me|p2b: Maushold\n|-singleturn|p2b: Maushold|move: Follow Me\n|move|p1a: Farigiraf|Foul Play|p2b: Maushold\n|-damage|p2b: Maushold|57/100\n|move|p1b: Kangaskhan|Double-Edge|p2b: Maushold\n|-damage|p2b: Maushold|0 fnt\n|faint|p2b: Maushold\n|-hitcount|p2: Maushold|1\n|-damage|p1b: Kangaskhan|83/100|[from] Recoil\n|move|p2a: Floette|Dazzling Gleam|p1b: Kangaskhan|[spread] p1a,p1b\n|-damage|p1a: Farigiraf|37/100\n|-damage|p1b: Kangaskhan|21/100\n|\n|upkeep\n|\n|t:|1775916240\n|switch|p2b: Incineroar|Incineroar, L50, M|100/100\n|-ability|p2b: Incineroar|Intimidate|boost\n|-unboost|p1a: Farigiraf|atk|1\n|-unboost|p1b: Kangaskhan|atk|1\n|turn|4\n|\n|t:|1775916256\n|move|p1a: Farigiraf|Helping Hand|p1b: Kangaskhan\n|-singleturn|p1b: Kangaskhan|Helping Hand|[of] p1a: Farigiraf\n|move|p2b: Incineroar|Flare Blitz|p1b: Kangaskhan\n|-damage|p1b: Kangaskhan|0 fnt\n|faint|p1b: Kangaskhan\n|-damage|p2b: Incineroar|94/100|[from] Recoil\n|move|p2a: Floette|Dazzling Gleam|p1a: Farigiraf\n|-damage|p1a: Farigiraf|0 fnt\n|faint|p1a: Farigiraf\n|\n|upkeep\n|\n|t:|1775916266\n|switch|p1a: Hatterene|Hatterene, L50, F|100/100\n|switch|p1b: Crabominable|Crabominable, L50, F|100/100\n|turn|5\n|\n|t:|1775916284\n|switch|p2b: Delphox|Delphox, L50, F|100/100\n|move|p2a: Floette|Protect|p2a: Floette\n|-singleturn|p2a: Floette|Protect\n|move|p1a: Hatterene|Dazzling Gleam|p2a: Floette|[spread] p2b\n|-activate|p2a: Floette|move: Protect\n|-resisted|p2b: Delphox|1\n|-damage|p2b: Delphox|71/100\n|move|p1b: Crabominable|Close Combat|p2b: Delphox\n|-resisted|p2b: Delphox|1\n|-damage|p2b: Delphox|29/100\n|-unboost|p1b: Crabominable|def|1\n|-unboost|p1b: Crabominable|spd|1\n|\n|-fieldend|move: Trick Room\n|upkeep\n|turn|6\n|\n|t:|1775916303\n|move|p2b: Delphox|Psychic|p1b: Crabominable\n|-supereffective|p1b: Crabominable|1\n|-damage|p1b: Crabominable|0 fnt\n|faint|p1b: Crabominable\n|move|p2a: Floette|Dazzling Gleam|p1a: Hatterene\n|-damage|p1a: Hatterene|1/100\n|move|p1a: Hatterene|Trick Room|p1a: Hatterene\n|-fieldstart|move: Trick Room|[of] p1a: Hatterene\n|\n|upkeep\n|turn|7\n|c|\u2606senzumi_here|gg\n|\n|t:|1775916313\n|switch|p2b: Incineroar|Incineroar, L50, M|94/100\n|-ability|p2b: Incineroar|Intimidate|boost\n|-unboost|p1a: Hatterene|atk|1\n|move|p1a: Hatterene|Dazzling Gleam|p2b: Incineroar|[spread] p2a,p2b\n|-damage|p2a: Floette|71/100\n|-damage|p2b: Incineroar|52/100\n|move|p2a: Floette|Moonblast|p1a: Hatterene\n|-damage|p1a: Hatterene|0 fnt\n|faint|p1a: Hatterene\n|\n|win|senzumi_here\n|raw|miguelon611's rating: 1119 &rarr; <strong>1099</strong><br />(-20 for losing)\n|raw|senzumi_here's rating: 1193 &rarr; <strong>1213</strong><br />(+20 for winning)\n",
  "uploadtime": 1775916338,
  "views": 35,
  "formatid": "gen9championsvgc2026regma",
  "rating": 1099,
  "private": 0,
  "password": null
}