{
  "id": "gen9championsvgc2026regma-2580747155",
  "format": "[Gen 9 Champions] VGC 2026 Reg M-A",
  "players": [
    "Realphoenixking",
    "Brasegalishiny"
  ],
  "log": "|j|\u2606Realphoenixking\n|j|\u2606Brasegalishiny\n|t:|1775929170\n|gametype|doubles\n|player|p1|Realphoenixking|ghetsis-gen5bw|1059\n|player|p2|Brasegalishiny|169|1000\n|gen|9\n|tier|[Gen 9 Champions] VGC 2026 Reg M-A\n|rated|\n|rule|Species Clause: Limit one of each Pok\u00e9mon\n|rule|Item Clause: Limit 1 of each item\n|clearpoke\n|poke|p1|Tyranitar, L50, M|\n|poke|p1|Gengar, L50, M|\n|poke|p1|Kingambit, L50, F|\n|poke|p1|Sinistcha, L50|\n|poke|p1|Incineroar, L50, F|\n|poke|p1|Sneasler, L50, F|\n|poke|p2|Sneasler, L50, F|\n|poke|p2|Beedrill, L50, F|\n|poke|p2|Basculegion, L50, M|\n|poke|p2|Froslass, L50, F|\n|poke|p2|Garchomp, L50, F|\n|poke|p2|Talonflame, L50, F|\n|teampreview|4\n|inactive|Battle timer is ON: inactive players will automatically lose when time's up. (requested by Brasegalishiny)\n|inactive|Realphoenixking has 60 seconds left.\n|inactive|Brasegalishiny has 60 seconds left.\n|\n|t:|1775929229\n|teamsize|p1|4\n|teamsize|p2|4\n|start\n|switch|p1a: Gengar|Gengar, L50, M|100/100\n|switch|p1b: Sneasler|Sneasler, L50, F|100/100\n|switch|p2a: Froslass|Froslass, L50, F, shiny|100/100\n|switch|p2b: Basculegion|Basculegion, L50, M, shiny|100/100\n|turn|1\n|inactive|Realphoenixking has 30 seconds left.\n|inactive|Brasegalishiny has 30 seconds left.\n|\n|t:|1775929258\n|detailschange|p2a: Froslass|Froslass-Mega, L50, F, shiny\n|-mega|p2a: Froslass|Froslass|Froslassite\n|-weather|Snowscape|[from] ability: Snow Warning|[of] p2a: Froslass\n|move|p1a: Gengar|Protect|p1a: Gengar\n|-singleturn|p1a: Gengar|Protect\n|move|p2b: Basculegion|Last Respects|p1a: Gengar\n|-activate|p1a: Gengar|move: Protect\n|move|p1b: Sneasler|Dire Claw|p2a: Froslass\n|-resisted|p2a: Froslass|1\n|-damage|p2a: Froslass|84/100\n|move|p2a: Froslass|Aurora Veil|p2a: Froslass\n|-sidestart|p2: Brasegalishiny|move: Aurora Veil\n|\n|-weather|Snowscape|[upkeep]\n|upkeep\n|turn|2\n|inactive|Realphoenixking has 30 seconds left.\n|inactive|Brasegalishiny has 30 seconds left.\n|\n|t:|1775929291\n|switch|p2b: Sneasler|Sneasler, L50, F, shiny|100/100\n|detailschange|p1a: Gengar|Gengar-Mega, L50, M\n|-mega|p1a: Gengar|Gengar|Gengarite\n|move|p1a: Gengar|Disable||[still]\n|-fail|p1a: Gengar\n|move|p1b: Sneasler|Dire Claw|p2a: Froslass\n|-resisted|p2a: Froslass|1\n|-damage|p2a: Froslass|72/100\n|move|p2a: Froslass|Blizzard|p1a: Gengar|[spread] p1a,p1b\n|-damage|p1a: Gengar|47/100\n|-damage|p1b: Sneasler|39/100\n|\n|-weather|Snowscape|[upkeep]\n|upkeep\n|turn|3\n|inactive|Brasegalishiny has 30 seconds left.\n|\n|t:|1775929320\n|move|p1a: Gengar|Shadow Ball|p2a: Froslass\n|-supereffective|p2a: Froslass|1\n|-damage|p2a: Froslass|6/100\n|move|p2b: Sneasler|Close Combat|p1b: Sneasler\n|-resisted|p1b: Sneasler|1\n|-damage|p1b: Sneasler|0 fnt\n|-unboost|p2b: Sneasler|def|1\n|-unboost|p2b: Sneasler|spd|1\n|faint|p1b: Sneasler\n|-enditem|p2b: Sneasler|White Herb\n|-clearnegativeboost|p2b: Sneasler|[silent]\n|move|p2a: Froslass|Blizzard|p1a: Gengar\n|-damage|p1a: Gengar|0 fnt\n|faint|p1a: Gengar\n|\n|-weather|Snowscape|[upkeep]\n|upkeep\n|\n|t:|1775929329\n|switch|p1a: Kingambit|Kingambit, L50, F|100/100\n|switch|p1b: Sinistcha|Sinistcha, L50|100/100\n|turn|4\n|inactive|Brasegalishiny has 30 seconds left.\n|\n|t:|1775929358\n|switch|p2a: Garchomp|Garchomp, L50, F, shiny|100/100\n|move|p1b: Sinistcha|Rage Powder|p1b: Sinistcha\n|-singleturn|p1b: Sinistcha|move: Rage Powder\n|move|p1a: Kingambit|Sucker Punch||[still]\n|-fail|p1a: Kingambit\n|move|p2b: Sneasler|Close Combat|p1b: Sinistcha\n|-immune|p1b: Sinistcha\n|\n|-weather|Snowscape|[upkeep]\n|upkeep\n|turn|5\n|\n|t:|1775929368\n|move|p2b: Sneasler|Protect|p2b: Sneasler\n|-singleturn|p2b: Sneasler|Protect\n|move|p1a: Kingambit|Protect|p1a: Kingambit\n|-singleturn|p1a: Kingambit|Protect\n|move|p2a: Garchomp|Earthquake|p1a: Kingambit|[spread] p1b\n|-activate|p2b: Sneasler|move: Protect\n|-activate|p1a: Kingambit|move: Protect\n|-resisted|p1b: Sinistcha|1\n|-damage|p1b: Sinistcha|85/100\n|move|p1b: Sinistcha|Matcha Gotcha|p2a: Garchomp|[spread] p2a\n|-activate|p2b: Sneasler|move: Protect\n|-damage|p2a: Garchomp|81/100\n|-heal|p1b: Sinistcha|95/100|[from] drain|[of] p2a: Garchomp\n|\n|-weather|none\n|-sideend|p2: Brasegalishiny|move: Aurora Veil\n|upkeep\n|turn|6\n|inactive|Realphoenixking has 30 seconds left.\n|inactive|Brasegalishiny has 30 seconds left.\n|\n|t:|1775929398\n|move|p2a: Garchomp|Protect|p2a: Garchomp\n|-singleturn|p2a: Garchomp|Protect\n|move|p1a: Kingambit|Protect|p1a: Kingambit\n|-singleturn|p1a: Kingambit|Protect\n|move|p2b: Sneasler|Close Combat|p1a: Kingambit\n|-activate|p1a: Kingambit|move: Protect\n|move|p1b: Sinistcha|Trick Room|p1b: Sinistcha\n|-fieldstart|move: Trick Room|[of] p1b: Sinistcha\n|\n|upkeep\n|turn|7\n|\n|t:|1775929413\n|move|p1a: Kingambit|Iron Head|p2b: Sneasler\n|-damage|p2b: Sneasler|23/100\n|move|p1b: Sinistcha|Matcha Gotcha|p2a: Garchomp|[spread] p2a,p2b\n|-resisted|p2b: Sneasler|1\n|-damage|p2a: Garchomp|52/100\n|-heal|p1b: Sinistcha|100/100|[from] drain|[of] p2a: Garchomp\n|-damage|p2b: Sneasler|8/100\n|move|p2a: Garchomp|Earthquake|p1b: Sinistcha|[spread] p2b,p1a,p1b\n|-supereffective|p2b: Sneasler|1\n|-supereffective|p1a: Kingambit|1\n|-resisted|p1b: Sinistcha|1\n|-damage|p2b: Sneasler|0 fnt\n|-damage|p1a: Kingambit|39/100\n|-damage|p1b: Sinistcha|84/100\n|faint|p2b: Sneasler\n|\n|upkeep\n|\n|t:|1775929425\n|switch|p2b: Froslass|Froslass-Mega, L50, F, shiny|6/100\n|-weather|Snowscape|[from] ability: Snow Warning|[of] p2b: Froslass\n|turn|8\n|\n|t:|1775929433\n|move|p2b: Froslass|Protect|p2b: Froslass\n|-singleturn|p2b: Froslass|Protect\n|move|p1a: Kingambit|Iron Head|p2a: Garchomp\n|-damage|p2a: Garchomp|5/100\n|-damage|p1a: Kingambit|27/100|[from] ability: Rough Skin|[of] p2a: Garchomp\n|move|p1b: Sinistcha|Matcha Gotcha|p2a: Garchomp|[spread] p2a\n|-activate|p2b: Froslass|move: Protect\n|-damage|p2a: Garchomp|0 fnt\n|-heal|p1b: Sinistcha|86/100|[from] drain|[of] p2a: Garchomp\n|faint|p2a: Garchomp\n|\n|-weather|Snowscape|[upkeep]\n|upkeep\n|\n|t:|1775929443\n|switch|p2a: Basculegion|Basculegion, L50, M, shiny|100/100\n|turn|9\n|\n|t:|1775929457\n|move|p1a: Kingambit|Sucker Punch|p2a: Basculegion\n|-supereffective|p2a: Basculegion|1\n|-damage|p2a: Basculegion|0 fnt\n|faint|p2a: Basculegion\n|move|p1b: Sinistcha|Matcha Gotcha|p2b: Froslass\n|-damage|p2b: Froslass|0 fnt\n|-heal|p1b: Sinistcha|89/100|[from] drain|[of] p2b: Froslass\n|faint|p2b: Froslass\n|\n|win|Realphoenixking\n|raw|Realphoenixking's rating: 1059 &rarr; <strong>1085</strong><br />(+26 for winning)\n|raw|Brasegalishiny's rating: 1000 &rarr; <strong>1000</strong><br />(+0 for losing)\n|l|\u2606Brasegalishiny\n|player|p2|\n",
  "uploadtime": 1775929467,
  "views": 12,
  "formatid": "gen9championsvgc2026regma",
  "rating": 1000,
  "private": 0,
  "password": null
}