{
  "id": "gen9championsvgc2026regma-2582484813",
  "format": "[Gen 9 Champions] VGC 2026 Reg M-A",
  "players": [
    "thealex610",
    "dbutt12"
  ],
  "log": "|j|\u2606thealex610\n|j|\u2606dbutt12\n|t:|1776094684\n|gametype|doubles\n|player|p1|thealex610|265|1146\n|player|p2|dbutt12|2|1129\n|gen|9\n|tier|[Gen 9 Champions] VGC 2026 Reg M-A\n|rated|\n|rule|Species Clause: Limit one of each Pok\u00e9mon\n|rule|Item Clause: Limit 1 of each item\n|clearpoke\n|poke|p1|Sneasler, L50, M|\n|poke|p1|Talonflame, L50, F|\n|poke|p1|Milotic, L50, F|\n|poke|p1|Aegislash, L50, F|\n|poke|p1|Scizor, L50, F|\n|poke|p1|Tyranitar, L50, F|\n|poke|p2|Meganium, L50, M|\n|poke|p2|Pelipper, L50, F|\n|poke|p2|Basculegion, L50, M|\n|poke|p2|Archaludon, L50, M|\n|poke|p2|Incineroar, L50, F|\n|poke|p2|Maushold, L50|\n|teampreview|4\n|inactive|Battle timer is ON: inactive players will automatically lose when time's up. (requested by dbutt12)\n|\n|t:|1776094735\n|teamsize|p1|4\n|teamsize|p2|4\n|start\n|switch|p1a: Milotic|Milotic, L50, F|100/100\n|switch|p1b: Sneasler|Sneasler, L50, M|100/100\n|switch|p2a: Meganium|Meganium, L50, M|100/100\n|switch|p2b: Maushold|Maushold, L50|100/100\n|turn|1\n|\n|t:|1776094759\n|detailschange|p2a: Meganium|Meganium-Mega, L50, M\n|-mega|p2a: Meganium|Meganium|Meganiumite\n|move|p2b: Maushold|Follow Me|p2b: Maushold\n|-singleturn|p2b: Maushold|move: Follow Me\n|move|p1b: Sneasler|Close Combat|p2b: Maushold\n|-supereffective|p2b: Maushold|1\n|-enditem|p2b: Maushold|Focus Sash\n|-damage|p2b: Maushold|1/100\n|-unboost|p1b: Sneasler|def|1\n|-unboost|p1b: Sneasler|spd|1\n|-enditem|p1b: Sneasler|White Herb\n|-clearnegativeboost|p1b: Sneasler|[silent]\n|move|p1a: Milotic|Icy Wind|p2b: Maushold|[spread] p2a,p2b\n|-supereffective|p2a: Meganium|1\n|-damage|p2a: Meganium|83/100\n|-damage|p2b: Maushold|0 fnt\n|-unboost|p2a: Meganium|spe|1\n|faint|p2b: Maushold\n|move|p2a: Meganium|Dazzling Gleam|p1a: Milotic|[spread] p1a,p1b\n|-damage|p1a: Milotic|68/100\n|-damage|p1b: Sneasler|54/100\n|\n|upkeep\n|\n|t:|1776094778\n|switch|p2b: Basculegion|Basculegion, L50, M|100/100\n|turn|2\n|\n|t:|1776094785\n|move|p2a: Meganium|Protect|p2a: Meganium\n|-singleturn|p2a: Meganium|Protect\n|move|p2b: Basculegion|Aqua Jet|p1b: Sneasler\n|-damage|p1b: Sneasler|10/100\n|move|p1b: Sneasler|Dire Claw|p2a: Meganium\n|-activate|p2a: Meganium|move: Protect\n|move|p1a: Milotic|Icy Wind|p2a: Meganium|[spread] p2b\n|-activate|p2a: Meganium|move: Protect\n|-resisted|p2b: Basculegion|1\n|-damage|p2b: Basculegion|94/100\n|-unboost|p2b: Basculegion|spe|1\n|\n|upkeep\n|turn|3\n|inactive|thealex610 has 30 seconds left.\n|\n|t:|1776094814\n|switch|p1b: Aegislash|Aegislash, L50, F|100/100\n|move|p2b: Basculegion|Aqua Jet|p1b: Aegislash\n|-damage|p1b: Aegislash|80/100\n|move|p1a: Milotic|Icy Wind|p2b: Basculegion|[spread] p2a,p2b\n|-supereffective|p2a: Meganium|1\n|-resisted|p2b: Basculegion|1\n|-damage|p2a: Meganium|60/100\n|-damage|p2b: Basculegion|87/100\n|-unboost|p2a: Meganium|spe|1\n|-unboost|p2b: Basculegion|spe|1\n|move|p2a: Meganium|Solar Beam||[still]\n|-prepare|p2a: Meganium|Solar Beam\n|-activate|p2a: Meganium|ability: Mega Sol\n|-anim|p2a: Meganium|Solar Beam|p1a: Milotic\n|-supereffective|p1a: Milotic|1\n|-crit|p1a: Milotic\n|-damage|p1a: Milotic|0 fnt\n|faint|p1a: Milotic\n|\n|-heal|p1b: Aegislash|86/100|[from] item: Leftovers\n|upkeep\n|\n|t:|1776094839\n|switch|p1a: Sneasler|Sneasler, L50, M|10/100\n|turn|4\n|inactive|dbutt12 has 30 seconds left.\n|\n|t:|1776094865\n|move|p2a: Meganium|Protect|p2a: Meganium\n|-singleturn|p2a: Meganium|Protect\n|move|p1a: Sneasler|Fake Out|p2a: Meganium\n|-activate|p2a: Meganium|move: Protect\n|-formechange|p1b: Aegislash|Aegislash-Blade|\n|move|p1b: Aegislash|Shadow Sneak|p2b: Basculegion\n|-supereffective|p2b: Basculegion|1\n|-damage|p2b: Basculegion|31/100\n|move|p2b: Basculegion|Aqua Jet|p1a: Sneasler\n|-damage|p1a: Sneasler|0 fnt\n|faint|p1a: Sneasler\n|\n|-heal|p1b: Aegislash|92/100|[from] item: Leftovers\n|upkeep\n|\n|t:|1776094876\n|switch|p1a: Tyranitar|Tyranitar, L50, F|100/100\n|-weather|Sandstorm|[from] ability: Sand Stream|[of] p1a: Tyranitar\n|turn|5\n|\n|t:|1776094900\n|switch|p2b: Pelipper|Pelipper, L50, F|100/100\n|-weather|RainDance|[from] ability: Drizzle|[of] p2b: Pelipper\n|move|p1a: Tyranitar|Protect|p1a: Tyranitar\n|-singleturn|p1a: Tyranitar|Protect\n|move|p1b: Aegislash|Shadow Sneak|p2b: Pelipper\n|-damage|p2b: Pelipper|80/100\n|move|p2a: Meganium|Weather Ball|p1b: Aegislash\n|-supereffective|p1b: Aegislash|1\n|-damage|p1b: Aegislash|0 fnt\n|faint|p1b: Aegislash\n|\n|-weather|RainDance|[upkeep]\n|upkeep\n|turn|6\n|inactive|dbutt12 has 30 seconds left.\n|\n|t:|1776094927\n|switch|p2b: Basculegion|Basculegion, L50, M|31/100\n|detailschange|p1a: Tyranitar|Tyranitar-Mega, L50, F\n|-mega|p1a: Tyranitar|Tyranitar|Tyranitarite\n|-weather|Sandstorm|[from] ability: Sand Stream|[of] p1a: Tyranitar\n|move|p1a: Tyranitar|Rock Slide|p2b: Basculegion|[spread] p2a,p2b\n|-damage|p2a: Meganium|23/100\n|-damage|p2b: Basculegion|0 fnt\n|faint|p2b: Basculegion\n|cant|p2a: Meganium|flinch\n|\n|-weather|Sandstorm|[upkeep]\n|-damage|p2a: Meganium|17/100|[from] Sandstorm\n|upkeep\n|\n|t:|1776094936\n|switch|p2b: Pelipper|Pelipper, L50, F|80/100\n|-weather|RainDance|[from] ability: Drizzle|[of] p2b: Pelipper\n|turn|7\n|\n|t:|1776094942\n|move|p1a: Tyranitar|Rock Slide|p2a: Meganium|[spread] p2a,p2b\n|-supereffective|p2b: Pelipper|1\n|-damage|p2a: Meganium|0 fnt\n|-damage|p2b: Pelipper|0 fnt\n|faint|p2a: Meganium\n|faint|p2b: Pelipper\n|\n|win|thealex610\n|raw|thealex610's rating: 1146 &rarr; <strong>1170</strong><br />(+24 for winning)\n|raw|dbutt12's rating: 1129 &rarr; <strong>1105</strong><br />(-24 for losing)\n|l|\u2606dbutt12\n|player|p2|\n",
  "uploadtime": 1776094956,
  "views": 28,
  "formatid": "gen9championsvgc2026regma",
  "rating": 1105,
  "private": 0,
  "password": null
}