{
  "id": "gen9championsvgc2026regma-2588291421",
  "format": "[Gen 9 Champions] VGC 2026 Reg M-A",
  "players": [
    "capacete5",
    "DAVID867"
  ],
  "log": "|j|\u2606capacete5\n|j|\u2606DAVID867\n|t:|1776621490\n|gametype|doubles\n|player|p1|capacete5|byron|\n|player|p2|DAVID867|266|\n|gen|9\n|tier|[Gen 9 Champions] VGC 2026 Reg M-A\n|rule|Species Clause: Limit one of each Pok\u00e9mon\n|rule|Item Clause: Limit 1 of each item\n|clearpoke\n|poke|p1|Froslass, L50, F|\n|poke|p1|Incineroar, L50, M|\n|poke|p1|Gallade, L50, M|\n|poke|p1|Sylveon, L50, F|\n|poke|p1|Rotom-Wash, L50|\n|poke|p1|Corviknight, L50, F|\n|poke|p2|Floette-Eternal, L50, F|\n|poke|p2|Incineroar, L50, F|\n|poke|p2|Sneasler, L50, M|\n|poke|p2|Sinistcha-Masterpiece, L50|\n|poke|p2|Aerodactyl, L50, M|\n|poke|p2|Dragapult, L50, F|\n|teampreview|4\n|inactive|Battle timer is ON: inactive players will automatically lose when time's up. (requested by capacete5)\nDAVID867 has agreed to open team sheets.\ncapacete5 has agreed to open team sheets.\n|showteam|p1|Froslass||Froslassite|SnowCloak|Protect,IcyWind,Blizzard,ShadowBall|||F|||50|]Incineroar||Charcoal|Intimidate|PartingShot,ThroatChop,FlareBlitz,FakeOut|||M|||50|]Gallade||Galladite|Sharpness|PsychoCut,SacredSword,LeafBlade,Protect|||M|||50|]Sylveon||SitrusBerry|Pixilate|HyperVoice,MysticalFire,Protect,Yawn|||F|||50|]Rotom-Wash||Leftovers|Levitate|Thunderbolt,VoltSwitch,Protect,HydroPump||||||50|]Corviknight||MentalHerb|MirrorArmor|Tailwind,BraveBird,IronHead,Protect|||F|||50|\n|showteam|p2|Floette-Eternal||Floettite|FlowerVeil|CalmMind,DrainingKiss,Moonblast,Protect|||F|||50|]Incineroar||ChopleBerry|Intimidate|FakeOut,PartingShot,ThroatChop,FlareBlitz|||F|||50|]Sneasler||FocusSash|Unburden|CloseCombat,FakeOut,Protect,DireClaw|||M|||50|]Sinistcha-Masterpiece||SitrusBerry|Hospitality|StrengthSap,MatchaGotcha,ShadowBall,RagePowder||||||50|]Aerodactyl||Aerodactylite|Unnerve|RockBlast,DualWingbeat,IceFang,Protect|||M|||50|]Dragapult||KasibBerry|ClearBody|ShadowBall,BreakingSwipe,WillOWisp,Uturn|||F|||50|\n|inactive|capacete5 has 60 seconds left.\n|\n|t:|1776621527\n|teamsize|p1|4\n|teamsize|p2|4\n|start\n|switch|p1a: Froslass|Froslass, L50, F|100/100\n|switch|p1b: Corviknight|Corviknight, L50, F|100/100\n|switch|p2a: Aerodactyl|Aerodactyl, L50, M|100/100\n|switch|p2b: Incineroar|Incineroar, L50, F|100/100\n|-ability|p2a: Aerodactyl|Unnerve\n|-ability|p2b: Incineroar|Intimidate|boost\n|-unboost|p1a: Froslass|atk|1\n|-ability|p1b: Corviknight|Mirror Armor\n|-unboost|p2b: Incineroar|atk|1\n|turn|1\n|\n|t:|1776621549\n|detailschange|p2a: Aerodactyl|Aerodactyl-Mega, L50, M\n|-mega|p2a: Aerodactyl|Aerodactyl|Aerodactylite\n|detailschange|p1a: Froslass|Froslass-Mega, L50, F\n|-mega|p1a: Froslass|Froslass|Froslassite\n|-weather|Snowscape|[from] ability: Snow Warning|[of] p1a: Froslass\n|move|p1a: Froslass|Protect|p1a: Froslass\n|-singleturn|p1a: Froslass|Protect\n|move|p2a: Aerodactyl|Rock Blast|p1a: Froslass\n|-activate|p1a: Froslass|move: Protect\n|move|p1b: Corviknight|Tailwind|p1b: Corviknight\n|-sidestart|p1: capacete5|move: Tailwind\n|move|p2b: Incineroar|Throat Chop|p1a: Froslass\n|-activate|p1a: Froslass|move: Protect\n|\n|-weather|Snowscape|[upkeep]\n|upkeep\n|turn|2\n|\n|t:|1776621572\n|move|p2a: Aerodactyl|Protect|p2a: Aerodactyl\n|-singleturn|p2a: Aerodactyl|Protect\n|move|p1a: Froslass|Blizzard|p2b: Incineroar|[spread] p2b\n|-activate|p2a: Aerodactyl|move: Protect\n|-resisted|p2b: Incineroar|1\n|-damage|p2b: Incineroar|78/100\n|move|p1b: Corviknight|Brave Bird|p2b: Incineroar\n|-damage|p2b: Incineroar|41/100\n|-damage|p1b: Corviknight|88/100|[from] Recoil\n|move|p2b: Incineroar|Flare Blitz|p1a: Froslass\n|-supereffective|p1a: Froslass|1\n|-damage|p1a: Froslass|38/100\n|-damage|p2b: Incineroar|26/100|[from] Recoil\n|\n|-weather|Snowscape|[upkeep]\n|upkeep\n|turn|3\n|inactive|DAVID867 has 30 seconds left.\n|\n|t:|1776621607\n|switch|p2a: Dragapult|Dragapult, L50, F|100/100\n|move|p1a: Froslass|Blizzard|p2a: Dragapult|[spread] p2a,p2b\n|-supereffective|p2a: Dragapult|1\n|-resisted|p2b: Incineroar|1\n|-damage|p2a: Dragapult|0 fnt\n|-damage|p2b: Incineroar|3/100\n|faint|p2a: Dragapult\n|move|p1b: Corviknight|Brave Bird|p2b: Incineroar\n|-damage|p2b: Incineroar|0 fnt\n|faint|p2b: Incineroar\n|-damage|p1b: Corviknight|87/100|[from] Recoil\n|\n|-weather|Snowscape|[upkeep]\n|upkeep\n|\n|t:|1776621628\n|switch|p2a: Aerodactyl|Aerodactyl-Mega, L50, M|100/100\n|switch|p2b: Sneasler|Sneasler, L50, M|100/100\n|turn|4\n|inactive|capacete5 has 30 seconds left.\n|inactive|capacete5 has 20 seconds left.\n|\n|t:|1776621667\n|move|p2a: Aerodactyl|Protect|p2a: Aerodactyl\n|-singleturn|p2a: Aerodactyl|Protect\n|move|p1a: Froslass|Blizzard|p2a: Aerodactyl|[spread] p2b\n|-activate|p2a: Aerodactyl|move: Protect\n|-damage|p2b: Sneasler|37/100\n|-status|p2b: Sneasler|frz\n|move|p1b: Corviknight|Brave Bird|p2b: Sneasler\n|-supereffective|p2b: Sneasler|1\n|-damage|p2b: Sneasler|0 fnt\n|faint|p2b: Sneasler\n|-damage|p1b: Corviknight|78/100|[from] Recoil\n|\n|-weather|Snowscape|[upkeep]\n|-sideend|p1: capacete5|move: Tailwind\n|upkeep\n|turn|5\n|\n|t:|1776621687\n|move|p2a: Aerodactyl|Rock Blast|p1a: Froslass|[miss]\n|-miss|p2a: Aerodactyl|p1a: Froslass\n|move|p1a: Froslass|Blizzard|p2a: Aerodactyl\n|-supereffective|p2a: Aerodactyl|1\n|-damage|p2a: Aerodactyl|0 fnt\n|faint|p2a: Aerodactyl\n|\n|win|capacete5\n",
  "uploadtime": 1776621688,
  "views": 6,
  "formatid": "gen9championsvgc2026regma",
  "rating": null,
  "private": 0,
  "password": null
}