{
  "id": "gen9championsvgc2026regma-2588217206",
  "format": "[Gen 9 Champions] VGC 2026 Reg M-A",
  "players": [
    "RTKS",
    "SDLT 2KRL March"
  ],
  "log": "|raw|<div class=\"broadcast-blue\"><strong>This battle is required to be public due to a player having a name starting with 'sdlt'.</div>\n|j|\u2606RTKS\n|j|\u2606SDLT 2KRL March\n|t:|1776615281\n|gametype|doubles\n|player|p1|RTKS|hooligans|1096\n|player|p2|SDLT 2KRL March|valerie|1114\n|gen|9\n|tier|[Gen 9 Champions] VGC 2026 Reg M-A\n|rated|\n|rule|Species Clause: Limit one of each Pok\u00e9mon\n|rule|Item Clause: Limit 1 of each item\n|clearpoke\n|poke|p1|Meganium, L50, M, shiny|\n|poke|p1|Pelipper, L50, F|\n|poke|p1|Basculegion, L50, M|\n|poke|p1|Incineroar, L50, M|\n|poke|p1|Archaludon, L50, M|\n|poke|p1|Sinistcha, L50|\n|poke|p2|Kangaskhan, L50, F, shiny|\n|poke|p2|Farigiraf, L50, M, shiny|\n|poke|p2|Talonflame, L50, M, shiny|\n|poke|p2|Floette-Eternal, L50, F|\n|poke|p2|Sneasler, L50, M, shiny|\n|poke|p2|Basculegion, L50, M|\n|teampreview|4\n|inactive|Battle timer is ON: inactive players will automatically lose when time's up. (requested by SDLT 2KRL March)\n|\n|t:|1776615299\n|teamsize|p1|4\n|teamsize|p2|4\n|start\n|switch|p1a: Sinistcha|Sinistcha, L50|100/100\n|switch|p1b: Meganium|Meganium, L50, M, shiny|100/100\n|switch|p2a: Ryoiki Tenkai|Farigiraf, L50, M, shiny|100/100\n|switch|p2b: Kangaskhan|Kangaskhan, L50, F, shiny|100/100\n|turn|1\n|j| sdlt 2krl coolguy\n|\n|t:|1776615322\n|detailschange|p1b: Meganium|Meganium-Mega, L50, M, shiny\n|-mega|p1b: Meganium|Meganium|Meganiumite\n|move|p2b: Kangaskhan|Fake Out|p1a: Sinistcha\n|-damage|p1a: Sinistcha|81/100\n|cant|p1a: Sinistcha|flinch\n|move|p1b: Meganium|Swords Dance|p1b: Meganium\n|-boost|p1b: Meganium|atk|2\n|move|p2a: Ryoiki Tenkai|Trick Room|p2a: Ryoiki Tenkai\n|-fieldstart|move: Trick Room|[of] p2a: Ryoiki Tenkai\n|\n|upkeep\n|turn|2\n|l| sdlt 2krl coolguy\n|inactive|RTKS has 30 seconds left.\n|\n|t:|1776615352\n|detailschange|p2b: Kangaskhan|Kangaskhan-Mega, L50, F, shiny\n|-mega|p2b: Kangaskhan|Kangaskhan|Kangaskhanite\n|move|p2a: Ryoiki Tenkai|Hyper Voice|p1a: Sinistcha|[spread] p1b\n|-immune|p1a: Sinistcha\n|-damage|p1b: Meganium|70/100\n|move|p1a: Sinistcha|Matcha Gotcha|p2a: Ryoiki Tenkai|[spread] p2a,p2b\n|-damage|p2a: Ryoiki Tenkai|67/100\n|-heal|p1a: Sinistcha|100/100|[from] drain|[of] p2a: Ryoiki Tenkai\n|-damage|p2b: Kangaskhan|77/100\n|move|p1b: Meganium|Swords Dance|p1b: Meganium\n|-boost|p1b: Meganium|atk|2\n|move|p2b: Kangaskhan|Crunch|p1a: Sinistcha\n|-supereffective|p1a: Sinistcha|1\n|-crit|p1a: Sinistcha\n|-damage|p1a: Sinistcha|21/100\n|-supereffective|p1a: Sinistcha|1\n|-damage|p1a: Sinistcha|6/100\n|-unboost|p1a: Sinistcha|def|1\n|-hitcount|p1a: Sinistcha|2\n|\n|upkeep\n|turn|3\n|\n|t:|1776615375\n|switch|p1a: Pelipper|Pelipper, L50, F|100/100\n|-weather|RainDance|[from] ability: Drizzle|[of] p1a: Pelipper\n|move|p2a: Ryoiki Tenkai|Shadow Ball|p1a: Pelipper\n|-damage|p1a: Pelipper|56/100\n|move|p1b: Meganium|Solar Beam||[still]\n|-prepare|p1b: Meganium|Solar Beam\n|-activate|p1b: Meganium|ability: Mega Sol\n|-anim|p1b: Meganium|Solar Beam|p2b: Kangaskhan\n|-damage|p2b: Kangaskhan|32/100\n|move|p2b: Kangaskhan|Double-Edge|p1b: Meganium\n|-crit|p1b: Meganium\n|-damage|p1b: Meganium|0 fnt\n|faint|p1b: Meganium\n|-hitcount|p1: Meganium|1\n|-damage|p2b: Kangaskhan|16/100|[from] Recoil\n|\n|-weather|RainDance|[upkeep]\n|upkeep\n|\n|t:|1776615393\n|switch|p1b: Basculegion|Basculegion, L50, M|100/100\n|turn|4\n|\n|t:|1776615416\n|move|p1b: Basculegion|Aqua Jet||[still]\n|cant|p2a: Ryoiki Tenkai|ability: Armor Tail|Aqua Jet|[of] p1b: Basculegion\n|move|p2a: Ryoiki Tenkai|Shadow Ball|p1b: Basculegion\n|-supereffective|p1b: Basculegion|1\n|-damage|p1b: Basculegion|58/100\n|move|p1a: Pelipper|Tailwind|p1a: Pelipper\n|-sidestart|p1: RTKS|move: Tailwind\n|move|p2b: Kangaskhan|Crunch|p1b: Basculegion\n|-supereffective|p1b: Basculegion|1\n|-damage|p1b: Basculegion|0 fnt\n|faint|p1b: Basculegion\n|-hitcount|p1: Basculegion|1\n|\n|-weather|RainDance|[upkeep]\n|upkeep\n|\n|t:|1776615428\n|switch|p1b: Sinistcha|Sinistcha, L50|6/100\n|-heal|p1a: Pelipper|80/100|[from] ability: Hospitality|[of] p1b: Sinistcha\n|turn|5\n|\n|t:|1776615438\n|move|p2a: Ryoiki Tenkai|Psychic|p1b: Sinistcha\n|-damage|p1b: Sinistcha|0 fnt\n|faint|p1b: Sinistcha\n|move|p2b: Kangaskhan|Double-Edge|p1a: Pelipper\n|-damage|p1a: Pelipper|11/100\n|-damage|p1a: Pelipper|0 fnt\n|faint|p1a: Pelipper\n|-hitcount|p1: Pelipper|2\n|-damage|p2b: Kangaskhan|0 fnt|[from] Recoil\n|faint|p2b: Kangaskhan\n|\n|win|SDLT 2KRL March\n|raw|RTKS's rating: 1096 &rarr; <strong>1073</strong><br />(-23 for losing)\n|raw|SDLT 2KRL March's rating: 1114 &rarr; <strong>1138</strong><br />(+24 for winning)\n",
  "uploadtime": 1776615438,
  "views": 11,
  "formatid": "gen9championsvgc2026regma",
  "rating": 1073,
  "private": 0,
  "password": null
}