{
  "id": "gen9championsvgc2026regma-2582819963",
  "format": "[Gen 9 Champions] VGC 2026 Reg M-A",
  "players": [
    "KilamanolaVGC",
    "owl_with_scarf"
  ],
  "log": "|j|\u203dKilamanolaVGC\n|j|\u2606owl_with_scarf\n|t:|1776116563\n|gametype|doubles\n|player|p1|KilamanolaVGC|benga|1312\n|player|p2|owl_with_scarf|#owlwithscarf|1245\n|gen|9\n|tier|[Gen 9 Champions] VGC 2026 Reg M-A\n|rated|\n|rule|Species Clause: Limit one of each Pok\u00e9mon\n|rule|Item Clause: Limit 1 of each item\n|clearpoke\n|poke|p1|Floette-Eternal, L50, F|\n|poke|p1|Garchomp, L50, M|\n|poke|p1|Aerodactyl, L50, M|\n|poke|p1|Kingambit, L50, F|\n|poke|p1|Basculegion, L50, M|\n|poke|p1|Sneasler, L50, M|\n|poke|p2|Talonflame, L50, M|\n|poke|p2|Floette-Eternal, L50, F|\n|poke|p2|Rotom-Wash, L50|\n|poke|p2|Sneasler, L50, M|\n|poke|p2|Primarina, L50, F|\n|poke|p2|Garchomp, L50, F|\n|teampreview|4\n|inactive|Battle timer is ON: inactive players will automatically lose when time's up. (requested by owl_with_scarf)\n|inactive|KilamanolaVGC also wants the timer to be on.\nKilamanolaVGC has agreed to open team sheets.\n|\n|t:|1776116591\n|teamsize|p1|4\n|teamsize|p2|4\n|start\n|switch|p1a: Sneasler|Sneasler, L50, M, shiny|100/100\n|switch|p1b: Aerodactyl|Aerodactyl, L50, M|100/100\n|switch|p2a: Garchomp|Garchomp, L50, F|100/100\n|switch|p2b: Rotom|Rotom-Wash, L50|100/100\n|-ability|p1b: Aerodactyl|Unnerve\n|turn|1\n|\n|t:|1776116610\n|move|p2a: Garchomp|Protect|p2a: Garchomp\n|-singleturn|p2a: Garchomp|Protect\n|move|p2b: Rotom|Protect|p2b: Rotom\n|-singleturn|p2b: Rotom|Protect\n|move|p1a: Sneasler|Fake Out|p2a: Garchomp\n|-activate|p2a: Garchomp|move: Protect\n|move|p1b: Aerodactyl|Tailwind|p1b: Aerodactyl\n|-sidestart|p1: KilamanolaVGC|move: Tailwind\n|\n|upkeep\n|turn|2\n|\n|t:|1776116627\n|move|p1b: Aerodactyl|Rock Slide|p2a: Garchomp|[spread] p2a,p2b\n|-resisted|p2a: Garchomp|1\n|-damage|p2a: Garchomp|89/100\n|-damage|p2b: Rotom|81/100\n|move|p1a: Sneasler|Close Combat|p2b: Rotom\n|-damage|p2b: Rotom|30/100\n|-unboost|p1a: Sneasler|def|1\n|-unboost|p1a: Sneasler|spd|1\n|-enditem|p1a: Sneasler|White Herb\n|-clearnegativeboost|p1a: Sneasler|[silent]\n|cant|p2a: Garchomp|flinch\n|move|p2b: Rotom|Hydro Pump|p1b: Aerodactyl|[miss]\n|-miss|p2b: Rotom|p1b: Aerodactyl\n|\n|-heal|p2b: Rotom|36/100|[from] item: Leftovers\n|upkeep\n|turn|3\n|inactive|KilamanolaVGC has 30 seconds left.\n|\n|t:|1776116653\n|switch|p2b: Sneasler|Sneasler, L50, M|100/100\n|move|p1a: Sneasler|Close Combat|p2b: Sneasler\n|-resisted|p2b: Sneasler|1\n|-damage|p2b: Sneasler|44/100\n|-unboost|p1a: Sneasler|def|1\n|-unboost|p1a: Sneasler|spd|1\n|move|p1b: Aerodactyl|Rock Slide|p2b: Sneasler|[spread] p2a,p2b\n|-resisted|p2a: Garchomp|1\n|-resisted|p2b: Sneasler|1\n|-damage|p2a: Garchomp|78/100\n|-damage|p2b: Sneasler|23/100\n|cant|p2a: Garchomp|flinch\n|\n|upkeep\n|turn|4\n|c|\u2606owl_with_scarf|Dude\n|\n|t:|1776116677\n|move|p1a: Sneasler|Protect|p1a: Sneasler\n|-singleturn|p1a: Sneasler|Protect\n|move|p1b: Aerodactyl|Protect|p1b: Aerodactyl\n|-singleturn|p1b: Aerodactyl|Protect\n|move|p2b: Sneasler|Fake Out|p1a: Sneasler\n|-activate|p1a: Sneasler|move: Protect\n|move|p2a: Garchomp|Rock Slide|p1a: Sneasler|[spread] \n|-activate|p1a: Sneasler|move: Protect\n|-activate|p1b: Aerodactyl|move: Protect\n|\n|-sideend|p1: KilamanolaVGC|move: Tailwind\n|upkeep\n|turn|5\n|\n|t:|1776116692\n|move|p1a: Sneasler|Close Combat|p2a: Garchomp\n|-crit|p2a: Garchomp\n|-damage|p2a: Garchomp|0 fnt\n|-unboost|p1a: Sneasler|def|1\n|-unboost|p1a: Sneasler|spd|1\n|-damage|p1a: Sneasler|88/100|[from] ability: Rough Skin|[of] p2a: Garchomp\n|faint|p2a: Garchomp\n|move|p1b: Aerodactyl|Tailwind|p1b: Aerodactyl\n|-sidestart|p1: KilamanolaVGC|move: Tailwind\n|move|p2b: Sneasler|Close Combat|p1a: Sneasler\n|-resisted|p1a: Sneasler|1\n|-damage|p1a: Sneasler|0 fnt\n|-unboost|p2b: Sneasler|def|1\n|-unboost|p2b: Sneasler|spd|1\n|faint|p1a: Sneasler\n|-enditem|p2b: Sneasler|White Herb\n|-clearnegativeboost|p2b: Sneasler|[silent]\n|\n|upkeep\n|\n|t:|1776116703\n|switch|p1a: Floette|Floette-Eternal, L50, F|100/100\n|switch|p2a: Primarina|Primarina, L50, F|100/100\n|turn|6\n|\n|t:|1776116713\n|detailschange|p1a: Floette|Floette-Mega, L50, F\n|-mega|p1a: Floette|Floette|Floettite\n|-ability|p1a: Floette|Fairy Aura\n|move|p2b: Sneasler|Protect|p2b: Sneasler\n|-singleturn|p2b: Sneasler|Protect\n|move|p1b: Aerodactyl|Dual Wingbeat|p2b: Sneasler\n|-activate|p2b: Sneasler|move: Protect\n|move|p1a: Floette|Calm Mind|p1a: Floette\n|-boost|p1a: Floette|spa|1\n|-boost|p1a: Floette|spd|1\n|move|p2a: Primarina|Hyper Voice|p1b: Aerodactyl|[spread] p1a,p1b\n|-supereffective|p1b: Aerodactyl|1\n|-damage|p1a: Floette|82/100\n|-enditem|p1b: Aerodactyl|Focus Sash\n|-damage|p1b: Aerodactyl|1/100\n|\n|upkeep\n|turn|7\n|\n|t:|1776116736\n|switch|p2b: Rotom|Rotom-Wash, L50|36/100\n|move|p1b: Aerodactyl|Dual Wingbeat|p2b: Rotom\n|-resisted|p2b: Rotom|1\n|-damage|p2b: Rotom|29/100\n|-resisted|p2b: Rotom|1\n|-damage|p2b: Rotom|21/100\n|-hitcount|p2b: Rotom|2\n|move|p1a: Floette|Moonblast|p2a: Primarina\n|-damage|p2a: Primarina|7/100\n|move|p2a: Primarina|Hyper Voice|p1b: Aerodactyl|[spread] p1a,p1b\n|-supereffective|p1b: Aerodactyl|1\n|-damage|p1a: Floette|63/100\n|-damage|p1b: Aerodactyl|0 fnt\n|faint|p1b: Aerodactyl\n|\n|-heal|p2b: Rotom|27/100|[from] item: Leftovers\n|upkeep\n|\n|t:|1776116749\n|switch|p1b: Garchomp|Garchomp, L50, M, shiny|100/100\n|turn|8\n|\n|t:|1776116755\n|move|p2b: Rotom|Protect|p2b: Rotom\n|-singleturn|p2b: Rotom|Protect\n|move|p1b: Garchomp|Rock Slide|p2a: Primarina|[spread] \n|-activate|p2b: Rotom|move: Protect\n|-miss|p1b: Garchomp|p2a: Primarina\n|move|p1a: Floette|Dazzling Gleam|p2b: Rotom|[spread] p2a\n|-activate|p2b: Rotom|move: Protect\n|-damage|p2a: Primarina|0 fnt\n|faint|p2a: Primarina\n|\n|-heal|p2b: Rotom|32/100|[from] item: Leftovers\n|-sideend|p1: KilamanolaVGC|move: Tailwind\n|upkeep\n|\n|t:|1776116756\n|switch|p2a: Sneasler|Sneasler, L50, M|23/100\n|turn|9\n|\n|t:|1776116768\n|move|p1b: Garchomp|Protect|p1b: Garchomp\n|-singleturn|p1b: Garchomp|Protect\n|move|p2a: Sneasler|Fake Out|p1b: Garchomp\n|-activate|p1b: Garchomp|move: Protect\n|move|p1a: Floette|Dazzling Gleam|p2b: Rotom|[spread] p2a,p2b\n|-damage|p2a: Sneasler|0 fnt\n|-damage|p2b: Rotom|0 fnt\n|faint|p2a: Sneasler\n|faint|p2b: Rotom\n|\n|win|KilamanolaVGC\n|raw|KilamanolaVGC's rating: 1312 &rarr; <strong>1328</strong><br />(+16 for winning)\n|raw|owl_with_scarf's rating: 1245 &rarr; <strong>1225</strong><br />(-20 for losing)\n|l|\u2606owl_with_scarf\n|player|p2|\n",
  "uploadtime": 1776116789,
  "views": 47,
  "formatid": "gen9championsvgc2026regma",
  "rating": 1225,
  "private": 0,
  "password": null
}