{
  "id": "gen9championsvgc2026regma-2587639780",
  "format": "[Gen 9 Champions] VGC 2026 Reg M-A",
  "players": [
    "bookworm2818",
    "Da1mon!"
  ],
  "log": "|j|\u2606bookworm2818\n|j|\u2606Da1mon!\n|t:|1776549431\n|gametype|doubles\n|player|p1|bookworm2818|flannery|1128\n|player|p2|Da1mon!|ghetsis|1225\n|gen|9\n|tier|[Gen 9 Champions] VGC 2026 Reg M-A\n|rated|\n|rule|Species Clause: Limit one of each Pok\u00e9mon\n|rule|Item Clause: Limit 1 of each item\n|clearpoke\n|poke|p1|Aggron, L50, M, shiny|\n|poke|p1|Farigiraf, L50, F|\n|poke|p1|Sinistcha, L50|\n|poke|p1|Sneasler, L50, M|\n|poke|p1|Incineroar, L50, M|\n|poke|p1|Hatterene, L50, F|\n|poke|p2|Chesnaught, L50, M, shiny|\n|poke|p2|Slowking-Galar, L50, F|\n|poke|p2|Kingambit, L50, M|\n|poke|p2|Armarouge, L50, F|\n|poke|p2|Oranguru, L50, F|\n|poke|p2|Primarina, L50, F|\n|teampreview|4\n|\n|t:|1776549516\n|teamsize|p1|4\n|teamsize|p2|4\n|start\n|switch|p1a: THE WALL|Aggron, L50, M, shiny|100/100\n|switch|p1b: Farigiraf|Farigiraf, L50, F|100/100\n|switch|p2a: Oranguru|Oranguru, L50, F|100/100\n|switch|p2b: Primarina|Primarina, L50, F|100/100\n|turn|1\n|\n|t:|1776549551\n|detailschange|p1a: THE WALL|Aggron-Mega, L50, M, shiny\n|-mega|p1a: THE WALL|Aggron|Aggronite\n|move|p1b: Farigiraf|Light Screen|p1b: Farigiraf\n|-sidestart|p1: bookworm2818|move: Light Screen\n|move|p2b: Primarina|Hyper Voice|p1b: Farigiraf|[spread] p1a,p1b\n|-damage|p1a: THE WALL|78/100\n|-damage|p1b: Farigiraf|80/100\n|move|p1a: THE WALL|Heavy Slam|p2b: Primarina\n|-damage|p2b: Primarina|36/100\n|move|p2a: Oranguru|Trick Room|p2a: Oranguru\n|-fieldstart|move: Trick Room|[of] p2a: Oranguru\n|\n|-heal|p2b: Primarina|42/100|[from] item: Leftovers\n|upkeep\n|turn|2\n|\n|t:|1776549589\n|switch|p2a: Kingambit|Kingambit, L50, M|100/100\n|move|p2b: Primarina|Protect|p2b: Primarina\n|-singleturn|p2b: Primarina|Protect\n|move|p1a: THE WALL|Iron Defense|p1a: THE WALL\n|-boost|p1a: THE WALL|def|2\n|move|p1b: Farigiraf|Shadow Ball|p2a: Kingambit\n|-resisted|p2a: Kingambit|1\n|-damage|p2a: Kingambit|89/100\n|\n|-heal|p2b: Primarina|48/100|[from] item: Leftovers\n|upkeep\n|turn|3\n|\n|t:|1776549617\n|move|p2a: Kingambit|Protect|p2a: Kingambit\n|-singleturn|p2a: Kingambit|Protect\n|move|p1a: THE WALL|Body Press|p2a: Kingambit\n|-activate|p2a: Kingambit|move: Protect\n|move|p2b: Primarina|Hyper Voice|p1a: THE WALL|[spread] p1a,p1b\n|-crit|p1a: THE WALL\n|-damage|p1a: THE WALL|34/100\n|-damage|p1b: Farigiraf|60/100\n|move|p1b: Farigiraf|Twin Beam|p2b: Primarina\n|-damage|p2b: Primarina|34/100\n|-crit|p2b: Primarina\n|-damage|p2b: Primarina|12/100\n|-hitcount|p2b: Primarina|2\n|\n|-heal|p2b: Primarina|18/100|[from] item: Leftovers\n|upkeep\n|turn|4\n|\n|t:|1776549640\n|switch|p1b: Sinistcha|Sinistcha, L50|100/100\n|-heal|p1a: THE WALL|59/100|[from] ability: Hospitality|[of] p1b: Sinistcha\n|move|p1a: THE WALL|Protect|p1a: THE WALL\n|-singleturn|p1a: THE WALL|Protect\n|move|p2a: Kingambit|Kowtow Cleave|p1a: THE WALL\n|-activate|p1a: THE WALL|move: Protect\n|move|p2b: Primarina|Hyper Voice|p1b: Sinistcha|[spread] p1b\n|-activate|p1a: THE WALL|move: Protect\n|-resisted|p1b: Sinistcha|1\n|-damage|p1b: Sinistcha|90/100\n|\n|-heal|p2b: Primarina|24/100|[from] item: Leftovers\n|upkeep\n|turn|5\n|\n|t:|1776549672\n|move|p2a: Kingambit|Protect|p2a: Kingambit\n|-singleturn|p2a: Kingambit|Protect\n|move|p2b: Primarina|Protect|p2b: Primarina\n|-singleturn|p2b: Primarina|Protect\n|move|p1a: THE WALL|Body Press|p2a: Kingambit\n|-activate|p2a: Kingambit|move: Protect\n|move|p1b: Sinistcha|Matcha Gotcha|p2a: Kingambit|[spread] \n|-activate|p2a: Kingambit|move: Protect\n|-activate|p2b: Primarina|move: Protect\n|\n|-heal|p2b: Primarina|30/100|[from] item: Leftovers\n|-sideend|p1: bookworm2818|move: Light Screen\n|-fieldend|move: Trick Room\n|upkeep\n|turn|6\n|\n|t:|1776549691\n|move|p1a: THE WALL|Protect|p1a: THE WALL\n|-singleturn|p1a: THE WALL|Protect\n|move|p2b: Primarina|Hyper Voice|p1b: Sinistcha|[spread] p1b\n|-activate|p1a: THE WALL|move: Protect\n|-resisted|p1b: Sinistcha|1\n|-damage|p1b: Sinistcha|73/100\n|move|p2a: Kingambit|Kowtow Cleave|p1b: Sinistcha\n|-supereffective|p1b: Sinistcha|1\n|-damage|p1b: Sinistcha|0 fnt\n|faint|p1b: Sinistcha\n|\n|-heal|p2b: Primarina|36/100|[from] item: Leftovers\n|upkeep\n|\n|t:|1776549705\n|switch|p1b: Incineroar|Incineroar, L50, M|100/100\n|-ability|p1b: Incineroar|Intimidate|boost\n|-unboost|p2a: Kingambit|atk|1\n|-ability|p2a: Kingambit|Defiant|boost\n|-boost|p2a: Kingambit|atk|2\n|-unboost|p2b: Primarina|atk|1\n|turn|7\n|\n|t:|1776549718\n|move|p2b: Primarina|Protect|p2b: Primarina\n|-singleturn|p2b: Primarina|Protect\n|move|p2a: Kingambit|Protect|p2a: Kingambit\n|-singleturn|p2a: Kingambit|Protect\n|move|p1b: Incineroar|Fake Out|p2a: Kingambit\n|-activate|p2a: Kingambit|move: Protect\n|move|p1a: THE WALL|Body Press|p2a: Kingambit\n|-activate|p2a: Kingambit|move: Protect\n|\n|-heal|p2b: Primarina|42/100|[from] item: Leftovers\n|upkeep\n|turn|8\n|\n|t:|1776549745\n|move|p1b: Incineroar|Snarl|p2b: Primarina|[spread] p2a,p2b\n|-resisted|p2a: Kingambit|1\n|-resisted|p2b: Primarina|1\n|-damage|p2a: Kingambit|84/100\n|-damage|p2b: Primarina|37/100\n|-unboost|p2a: Kingambit|spa|1\n|-ability|p2a: Kingambit|Defiant|boost\n|-boost|p2a: Kingambit|atk|2\n|-unboost|p2b: Primarina|spa|1\n|move|p2b: Primarina|Hyper Voice|p1b: Incineroar|[spread] p1a,p1b\n|-supereffective|p1b: Incineroar|1\n|-damage|p1a: THE WALL|36/100\n|-damage|p1b: Incineroar|59/100\n|move|p1a: THE WALL|Body Press|p2a: Kingambit\n|-supereffective|p2a: Kingambit|2\n|-damage|p2a: Kingambit|0 fnt\n|faint|p2a: Kingambit\n|\n|-heal|p2b: Primarina|43/100|[from] item: Leftovers\n|upkeep\n|\n|t:|1776549770\n|switch|p2a: Armarouge|Armarouge, L50, F|100/100\n|turn|9\n|\n|t:|1776549791\n|move|p1a: THE WALL|Protect|p1a: THE WALL\n|-singleturn|p1a: THE WALL|Protect\n|move|p2a: Armarouge|Heat Wave|p1b: Incineroar|[spread] p1b\n|-activate|p1a: THE WALL|move: Protect\n|-resisted|p1b: Incineroar|1\n|-damage|p1b: Incineroar|42/100\n|-enditem|p1b: Incineroar|Sitrus Berry|[eat]\n|-heal|p1b: Incineroar|66/100|[from] item: Sitrus Berry\n|move|p1b: Incineroar|Parting Shot|p2a: Armarouge\n|-unboost|p2a: Armarouge|atk|1\n|-unboost|p2a: Armarouge|spa|1\n|\n|t:|1776549802\n|switch|p1b: Farigiraf|Farigiraf, L50, F|60/100|[from] Parting Shot\n|move|p2b: Primarina|Hyper Voice|p1a: THE WALL|[spread] p1b\n|-activate|p1a: THE WALL|move: Protect\n|-damage|p1b: Farigiraf|37/100\n|\n|-heal|p2b: Primarina|49/100|[from] item: Leftovers\n|upkeep\n|turn|10\n|\n|t:|1776549832\n|move|p2a: Armarouge|Heat Wave|p1b: Farigiraf|[spread] p1a,p1b\n|-supereffective|p1a: THE WALL|1\n|-damage|p1a: THE WALL|2/100\n|-damage|p1b: Farigiraf|14/100\n|move|p1b: Farigiraf|Light Screen|p1b: Farigiraf\n|-sidestart|p1: bookworm2818|move: Light Screen\n|move|p2b: Primarina|Hyper Voice|p1b: Farigiraf|[spread] p1a,p1b\n|-damage|p1a: THE WALL|0 fnt\n|-damage|p1b: Farigiraf|0 fnt\n|faint|p1a: THE WALL\n|faint|p1b: Farigiraf\n|\n|-heal|p2b: Primarina|55/100|[from] item: Leftovers\n|upkeep\n|\n|t:|1776549845\n|switch|p1b: Incineroar|Incineroar, L50, M|66/100\n|-ability|p1b: Incineroar|Intimidate|boost\n|-unboost|p2a: Armarouge|atk|1\n|-unboost|p2b: Primarina|atk|1\n|turn|11\n|\n|t:|1776549856\n|switch|p2b: Oranguru|Oranguru, L50, F|100/100\n|move|p2a: Armarouge|Protect|p2a: Armarouge\n|-singleturn|p2a: Armarouge|Protect\n|move|p1b: Incineroar|Snarl|p2a: Armarouge|[spread] p2b\n|-activate|p2a: Armarouge|move: Protect\n|-supereffective|p2b: Oranguru|1\n|-enditem|p2b: Oranguru|Colbur Berry|[eat]\n|-enditem|p2b: Oranguru|Colbur Berry|[weaken]\n|-damage|p2b: Oranguru|90/100\n|-unboost|p2b: Oranguru|spa|1\n|\n|upkeep\n|turn|12\n|\n|t:|1776549872\n|switch|p2a: Primarina|Primarina, L50, F|55/100\n|move|p1b: Incineroar|Snarl|p2a: Primarina|[spread] p2b\n|-miss|p1b: Incineroar|p2a: Primarina\n|-supereffective|p2b: Oranguru|1\n|-damage|p2b: Oranguru|71/100\n|-unboost|p2b: Oranguru|spa|1\n|move|p2b: Oranguru|Trick Room|p2b: Oranguru\n|-fieldstart|move: Trick Room|[of] p2b: Oranguru\n|\n|-heal|p2a: Primarina|60/100|[from] item: Leftovers\n|upkeep\n|turn|13\n|\n|t:|1776549884\n|move|p1b: Incineroar|Snarl|p2a: Primarina|[spread] p2a,p2b\n|-resisted|p2a: Primarina|1\n|-supereffective|p2b: Oranguru|1\n|-damage|p2a: Primarina|56/100\n|-damage|p2b: Oranguru|51/100\n|-unboost|p2a: Primarina|spa|1\n|-unboost|p2b: Oranguru|spa|1\n|move|p2a: Primarina|Hyper Voice|p1b: Incineroar\n|-supereffective|p1b: Incineroar|1\n|-damage|p1b: Incineroar|30/100\n|move|p2b: Oranguru|Instruct|p2a: Primarina\n|-singleturn|p2a: Primarina|move: Instruct|[of] p2b: Oranguru\n|move|p2a: Primarina|Hyper Voice|p1b: Incineroar\n|-supereffective|p1b: Incineroar|1\n|-damage|p1b: Incineroar|0 fnt\n|faint|p1b: Incineroar\n|\n|win|Da1mon!\n|raw|bookworm2818's rating: 1128 &rarr; <strong>1110</strong><br />(-18 for losing)\n|raw|Da1mon!'s rating: 1225 &rarr; <strong>1243</strong><br />(+18 for winning)\n|l|\u2606bookworm2818\n|player|p1|\n",
  "uploadtime": 1776549903,
  "views": 11,
  "formatid": "gen9championsvgc2026regma",
  "rating": 1110,
  "private": 0,
  "password": null
}