{
  "id": "gen9championsvgc2026regma-2588759579",
  "format": "[Gen 9 Champions] VGC 2026 Reg M-A",
  "players": [
    "PurelyCynical",
    "luka1234.4"
  ],
  "log": "|j|\u2606PurelyCynical\n|j|\u2606luka1234.4\n|t:|1776667130\n|gametype|doubles\n|player|p1|PurelyCynical|ingo|1097\n|player|p2|luka1234.4|rosa|1118\n|gen|9\n|tier|[Gen 9 Champions] VGC 2026 Reg M-A\n|rated|\n|rule|Species Clause: Limit one of each Pok\u00e9mon\n|rule|Item Clause: Limit 1 of each item\n|clearpoke\n|poke|p1|Incineroar, L50, M, shiny|\n|poke|p1|Gardevoir, L50, F, shiny|\n|poke|p1|Dragapult, L50, M, shiny|\n|poke|p1|Maushold, L50, shiny|\n|poke|p1|Sneasler, L50, F, shiny|\n|poke|p1|Rotom-Mow, L50, shiny|\n|poke|p2|Gardevoir, L50, F|\n|poke|p2|Maushold-Four, L50|\n|poke|p2|Basculegion, L50, M|\n|poke|p2|Talonflame, L50, F|\n|poke|p2|Kingambit, L50, F|\n|poke|p2|Garchomp, L50, M|\n|teampreview|4\n|inactive|Battle timer is ON: inactive players will automatically lose when time's up. (requested by PurelyCynical)\n|\n|t:|1776667178\n|teamsize|p1|4\n|teamsize|p2|4\n|start\n|switch|p1a: Dragapult|Dragapult, L50, M, shiny|100/100\n|switch|p1b: Sneasler|Sneasler, L50, F, shiny|100/100\n|switch|p2a: Gardevoir|Gardevoir, L50, F|100/100\n|switch|p2b: Maushold|Maushold-Four, L50|100/100\n|turn|1\n|inactive|PurelyCynical has 30 seconds left.\n|inactive|PurelyCynical has 20 seconds left.\n|inactive|PurelyCynical has 15 seconds left.\n|\n|t:|1776667220\n|switch|p1a: Incineroar|Incineroar, L50, M, shiny|100/100\n|-ability|p1a: Incineroar|Intimidate|boost\n|-unboost|p2a: Gardevoir|atk|1\n|-unboost|p2b: Maushold|atk|1\n|move|p2b: Maushold|Protect|p2b: Maushold\n|-singleturn|p2b: Maushold|Protect\n|move|p2a: Gardevoir|Protect|p2a: Gardevoir\n|-singleturn|p2a: Gardevoir|Protect\n|move|p1b: Sneasler|Close Combat|p2b: Maushold\n|-activate|p2b: Maushold|move: Protect\n|\n|upkeep\n|turn|2\n|inactive|luka1234.4 has 30 seconds left.\n|inactive|luka1234.4 has 20 seconds left.\n|inactive|luka1234.4 has 15 seconds left.\n|inactive|luka1234.4 has 10 seconds left.\n|\n|t:|1776667269\n|detailschange|p2a: Gardevoir|Gardevoir-Mega, L50, F\n|-mega|p2a: Gardevoir|Gardevoir|Gardevoirite\n|move|p1a: Incineroar|Fake Out|p2a: Gardevoir\n|-damage|p2a: Gardevoir|86/100\n|move|p1b: Sneasler|Close Combat|p2b: Maushold\n|-supereffective|p2b: Maushold|1\n|-enditem|p2b: Maushold|Focus Sash\n|-damage|p2b: Maushold|1/100\n|-unboost|p1b: Sneasler|def|1\n|-unboost|p1b: Sneasler|spd|1\n|move|p2b: Maushold|Super Fang|p1a: Incineroar\n|-damage|p1a: Incineroar|50/100\n|cant|p2a: Gardevoir|flinch\n|\n|upkeep\n|turn|3\n|inactive|PurelyCynical has 30 seconds left.\n|\n|t:|1776667298\n|move|p2b: Maushold|Follow Me|p2b: Maushold\n|-singleturn|p2b: Maushold|move: Follow Me\n|move|p1b: Sneasler|Dire Claw|p2b: Maushold\n|-damage|p2b: Maushold|0 fnt\n|faint|p2b: Maushold\n|move|p2a: Gardevoir|Psyshock|p1b: Sneasler\n|-supereffective|p1b: Sneasler|2\n|-enditem|p1b: Sneasler|Focus Sash\n|-damage|p1b: Sneasler|1/100\n|move|p1a: Incineroar|Flare Blitz|p2a: Gardevoir\n|-damage|p2a: Gardevoir|0 fnt\n|faint|p2a: Gardevoir\n|-damage|p1a: Incineroar|30/100|[from] Recoil\n|\n|upkeep\n|\n|t:|1776667314\n|switch|p2b: Basculegion|Basculegion, L50, M|100/100\n|switch|p2a: Garchomp|Garchomp, L50, M|100/100\n|turn|4\n|\n|t:|1776667328\n|switch|p1a: Dragapult|Dragapult, L50, M, shiny|100/100\n|move|p1b: Sneasler|Protect|p1b: Sneasler\n|-singleturn|p1b: Sneasler|Protect\n|move|p2b: Basculegion|Protect|p2b: Basculegion\n|-singleturn|p2b: Basculegion|Protect\n|move|p2a: Garchomp|Earthquake|p1b: Sneasler|[spread] p1a\n|-activate|p2b: Basculegion|move: Protect\n|-activate|p1b: Sneasler|move: Protect\n|-damage|p1a: Dragapult|40/100\n|\n|upkeep\n|turn|5\n|inactive|luka1234.4 has 30 seconds left.\n|\n|t:|1776667360\n|switch|p1a: Incineroar|Incineroar, L50, M, shiny|30/100\n|-ability|p1a: Incineroar|Intimidate|boost\n|-unboost|p2a: Garchomp|atk|1\n|-unboost|p2b: Basculegion|atk|1\n|move|p2b: Basculegion|Aqua Jet|p1b: Sneasler\n|-damage|p1b: Sneasler|0 fnt\n|faint|p1b: Sneasler\n|move|p2a: Garchomp|Earthquake|p1a: Incineroar|[spread] p2b,p1a\n|-supereffective|p1a: Incineroar|1\n|-damage|p2b: Basculegion|70/100\n|-damage|p1a: Incineroar|0 fnt\n|faint|p1a: Incineroar\n|\n|upkeep\n|\n|t:|1776667371\n|switch|p1b: Gardevoir|Gardevoir, L50, F, shiny|100/100\n|switch|p1a: Dragapult|Dragapult, L50, M, shiny|40/100\n|turn|6\n|\n|t:|1776667382\n|detailschange|p1b: Gardevoir|Gardevoir-Mega, L50, F, shiny\n|-mega|p1b: Gardevoir|Gardevoir|Gardevoirite\n|move|p2b: Basculegion|Protect|p2b: Basculegion\n|-singleturn|p2b: Basculegion|Protect\n|move|p1a: Dragapult|Dragon Darts|p2a: Garchomp\n|-supereffective|p2a: Garchomp|1\n|-damage|p2a: Garchomp|43/100\n|-anim|p1a: Dragapult|Dragon Darts|p2a: Garchomp\n|-supereffective|p2a: Garchomp|1\n|-damage|p2a: Garchomp|0 fnt\n|faint|p2a: Garchomp\n|move|p1b: Gardevoir|Hyper Voice|p2b: Basculegion\n|-activate|p2b: Basculegion|move: Protect\n|\n|upkeep\n|turn|7\n|\n|t:|1776667397\n|move|p1a: Dragapult|Dragon Darts|p2b: Basculegion\n|-damage|p2b: Basculegion|31/100\n|-enditem|p2b: Basculegion|Sitrus Berry|[eat]\n|-heal|p2b: Basculegion|55/100|[from] item: Sitrus Berry\n|-anim|p1a: Dragapult|Dragon Darts|p2b: Basculegion\n|-damage|p2b: Basculegion|16/100\n|move|p1b: Gardevoir|Hyper Voice|p2b: Basculegion\n|-damage|p2b: Basculegion|0 fnt\n|faint|p2b: Basculegion\n|\n|win|PurelyCynical\n|raw|PurelyCynical's rating: 1097 &rarr; <strong>1124</strong><br />(+27 for winning)\n|raw|luka1234.4's rating: 1118 &rarr; <strong>1091</strong><br />(-27 for losing)\n|l|\u2606luka1234.4\n|player|p2|\n",
  "uploadtime": 1776667409,
  "views": 10,
  "formatid": "gen9championsvgc2026regma",
  "rating": 1091,
  "private": 0,
  "password": null
}