{
  "id": "gen9championsvgc2026regma-2581740832",
  "format": "[Gen 9 Champions] VGC 2026 Reg M-A",
  "players": [
    "SimMikaze",
    "Daw_Shark"
  ],
  "log": "|j|\u2606SimMikaze\n|j|\u2606Daw_Shark\n|t:|1776024811\n|gametype|doubles\n|player|p1|SimMikaze|miku-ghost|1232\n|player|p2|Daw_Shark|riley|1162\n|gen|9\n|tier|[Gen 9 Champions] VGC 2026 Reg M-A\n|rated|\n|rule|Species Clause: Limit one of each Pok\u00e9mon\n|rule|Item Clause: Limit 1 of each item\n|clearpoke\n|poke|p1|Hawlucha, L50, M|\n|poke|p1|Snorlax, L50, M|\n|poke|p1|Excadrill, L50, M|\n|poke|p1|Incineroar, L50, M|\n|poke|p1|Sinistcha, L50|\n|poke|p1|Basculegion, L50, M|\n|poke|p2|Scizor, L50, M|\n|poke|p2|Charizard, L50, M|\n|poke|p2|Venusaur, L50, M|\n|poke|p2|Garchomp, L50, F|\n|poke|p2|Dragonite, L50, F|\n|poke|p2|Starmie, L50|\n|teampreview|4\n|\n|t:|1776024855\n|teamsize|p1|4\n|teamsize|p2|4\n|start\n|switch|p1a: Hawlucha|Hawlucha, L50, M|100/100\n|switch|p1b: Excadrill|Excadrill, L50, M|100/100\n|switch|p2a: Starmie|Starmie, L50|100/100\n|switch|p2b: Charizard|Charizard, L50, M|100/100\n|turn|1\n|\n|t:|1776024891\n|detailschange|p1a: Hawlucha|Hawlucha-Mega, L50, M\n|-mega|p1a: Hawlucha|Hawlucha|Hawluchanite\n|detailschange|p2a: Starmie|Starmie-Mega, L50\n|-mega|p2a: Starmie|Starmie|Starminite\n|move|p1a: Hawlucha|Entrainment|p1b: Excadrill\n|-ability|p1b: Excadrill|No Guard|Sand Rush|[from] move: Entrainment|[of] p1a: Hawlucha\n|move|p2a: Starmie|Liquidation|p1b: Excadrill\n|-supereffective|p1b: Excadrill|1\n|-enditem|p1b: Excadrill|Focus Sash\n|-damage|p1b: Excadrill|1/100\n|-unboost|p1b: Excadrill|def|1\n|move|p1b: Excadrill|Horn Drill|p2a: Starmie\n|-damage|p2a: Starmie|0 fnt\n|faint|p2a: Starmie\n|-ohko\n|move|p2b: Charizard|Heat Wave|p1b: Excadrill|[spread] p1a,p1b\n|-supereffective|p1b: Excadrill|1\n|-damage|p1a: Hawlucha|65/100\n|-damage|p1b: Excadrill|0 fnt\n|faint|p1b: Excadrill\n|\n|upkeep\n|\n|t:|1776024910\n|switch|p2a: Scizor|Scizor, L50, M|100/100\n|switch|p1b: Incineroar|Incineroar, L50, M, shiny|100/100\n|-ability|p1b: Incineroar|Intimidate|boost\n|-unboost|p2a: Scizor|atk|1\n|-unboost|p2b: Charizard|atk|1\n|turn|2\n|\n|t:|1776024927\n|switch|p2a: Garchomp|Garchomp, L50, F|100/100\n|move|p1b: Incineroar|Fake Out|p2a: Garchomp\n|-damage|p2a: Garchomp|90/100\n|-damage|p1b: Incineroar|88/100|[from] ability: Rough Skin|[of] p2a: Garchomp\n|move|p1a: Hawlucha|Dual Wingbeat|p2b: Charizard\n|-damage|p2b: Charizard|77/100\n|-crit|p2b: Charizard\n|-damage|p2b: Charizard|45/100\n|-hitcount|p2b: Charizard|2\n|move|p2b: Charizard|Air Slash|p1a: Hawlucha\n|-supereffective|p1a: Hawlucha|1\n|-damage|p1a: Hawlucha|0 fnt\n|faint|p1a: Hawlucha\n|\n|upkeep\n|\n|t:|1776024931\n|switch|p1a: Basculegion|Basculegion, L50, M|100/100\n|turn|3\n|\n|t:|1776024950\n|move|p2b: Charizard|Protect|p2b: Charizard\n|-singleturn|p2b: Charizard|Protect\n|move|p1a: Basculegion|Last Respects|p2a: Garchomp\n|-damage|p2a: Garchomp|0 fnt\n|faint|p2a: Garchomp\n|move|p1b: Incineroar|Darkest Lariat|p2b: Charizard\n|-activate|p2b: Charizard|move: Protect\n|\n|upkeep\n|\n|t:|1776024960\n|switch|p2a: Scizor|Scizor, L50, M|100/100\n|turn|4\n|\n|t:|1776024986\n|move|p1a: Basculegion|Last Respects|p2b: Charizard\n|-damage|p2b: Charizard|0 fnt\n|faint|p2b: Charizard\n|move|p2a: Scizor|Close Combat|p1b: Incineroar\n|-supereffective|p1b: Incineroar|1\n|-damage|p1b: Incineroar|2/100\n|-unboost|p2a: Scizor|def|1\n|-unboost|p2a: Scizor|spd|1\n|move|p1b: Incineroar|Flare Blitz|p2a: Scizor\n|-supereffective|p2a: Scizor|2\n|-enditem|p2a: Scizor|Focus Sash\n|-damage|p2a: Scizor|1/100\n|-damage|p1b: Incineroar|0 fnt|[from] Recoil\n|faint|p1b: Incineroar\n|\n|upkeep\n|turn|5\n|\n|t:|1776025009\n|move|p2a: Scizor|Bullet Punch|p1a: Basculegion\n|-resisted|p1a: Basculegion|1\n|-damage|p1a: Basculegion|79/100\n|move|p1a: Basculegion|Last Respects|p2a: Scizor\n|-damage|p2a: Scizor|0 fnt\n|faint|p2a: Scizor\n|\n|win|SimMikaze\n|raw|SimMikaze's rating: 1232 &rarr; <strong>1252</strong><br />(+20 for winning)\n|raw|Daw_Shark's rating: 1162 &rarr; <strong>1142</strong><br />(-20 for losing)\n|l|\u2606Daw_Shark\n|player|p2|\n",
  "uploadtime": 1776025013,
  "views": 16,
  "formatid": "gen9championsvgc2026regma",
  "rating": 1142,
  "private": 0,
  "password": null
}