{
  "id": "gen9championsvgc2026regma-2588744777",
  "format": "[Gen 9 Champions] VGC 2026 Reg M-A",
  "players": [
    "po87jbtu",
    "Nickeeyyy"
  ],
  "log": "|j|\u2606po87jbtu\n|j|\u2606Nickeeyyy\n|t:|1776665088\n|gametype|doubles\n|player|p1|po87jbtu|101|1000\n|player|p2|Nickeeyyy|veteran|1094\n|gen|9\n|tier|[Gen 9 Champions] VGC 2026 Reg M-A\n|rated|\n|rule|Species Clause: Limit one of each Pok\u00e9mon\n|rule|Item Clause: Limit 1 of each item\n|clearpoke\n|poke|p1|Garchomp, L50, F|\n|poke|p1|Incineroar, L50, F|\n|poke|p1|Sneasler, L50, M|\n|poke|p1|Tyranitar, L50, F|\n|poke|p1|Kingambit, L50, F|\n|poke|p1|Whimsicott, L50, F|\n|poke|p2|Crabominable, L50, M|\n|poke|p2|Farigiraf, L50, M|\n|poke|p2|Incineroar, L50, M|\n|poke|p2|Kingambit, L50, M|\n|poke|p2|Sinistcha-Masterpiece, L50|\n|poke|p2|Drampa, L50, M|\n|teampreview|4\n|inactive|Battle timer is ON: inactive players will automatically lose when time's up. (requested by Nickeeyyy)\n|inactive|po87jbtu has 60 seconds left.\n|\n|t:|1776665139\n|teamsize|p1|4\n|teamsize|p2|4\n|start\n|switch|p1a: Whimsicott|Whimsicott, L50, F|100/100\n|switch|p1b: Kingambit|Kingambit, L50, F|100/100\n|switch|p2a: Farigiraf|Farigiraf, L50, M|100/100\n|switch|p2b: Incineroar|Incineroar, L50, M|100/100\n|-ability|p2b: Incineroar|Intimidate|boost\n|-unboost|p1a: Whimsicott|atk|1\n|-unboost|p1b: Kingambit|atk|1\n|-ability|p1b: Kingambit|Defiant|boost\n|-boost|p1b: Kingambit|atk|2\n|turn|1\n|inactive|po87jbtu has 30 seconds left.\n|inactive|Nickeeyyy has 30 seconds left.\n|inactive|po87jbtu has 20 seconds left.\n|\n|t:|1776665177\n|move|p2a: Farigiraf|Helping Hand|p2b: Incineroar\n|-singleturn|p2b: Incineroar|Helping Hand|[of] p2a: Farigiraf\n|move|p1a: Whimsicott|Light Screen|p1a: Whimsicott\n|-sidestart|p1: po87jbtu|move: Light Screen\n|move|p1b: Kingambit|Kowtow Cleave|p2a: Farigiraf\n|-supereffective|p2a: Farigiraf|1\n|-damage|p2a: Farigiraf|0 fnt\n|faint|p2a: Farigiraf\n|move|p2b: Incineroar|Flare Blitz|p1b: Kingambit\n|-supereffective|p1b: Kingambit|1\n|-damage|p1b: Kingambit|0 fnt\n|faint|p1b: Kingambit\n|-damage|p2b: Incineroar|72/100|[from] Recoil\n|\n|upkeep\n|\n|t:|1776665196\n|switch|p1b: Incineroar|Incineroar, L50, F|100/100\n|switch|p2a: Crabominable|Crabominable, L50, M|100/100\n|-ability|p1b: Incineroar|Intimidate|boost\n|-fail|p2a: Crabominable|unboost|Attack|[from] ability: Hyper Cutter|[of] p2a: Crabominable\n|-unboost|p2b: Incineroar|atk|1\n|turn|2\n|\n|t:|1776665219\n|move|p1a: Whimsicott|Protect|p1a: Whimsicott\n|-singleturn|p1a: Whimsicott|Protect\n|move|p2a: Crabominable|Protect|p2a: Crabominable\n|-singleturn|p2a: Crabominable|Protect\n|move|p1b: Incineroar|Fake Out|p2a: Crabominable\n|-activate|p2a: Crabominable|move: Protect\n|move|p2b: Incineroar|Flare Blitz|p1b: Incineroar\n|-resisted|p1b: Incineroar|1\n|-damage|p1b: Incineroar|82/100\n|-damage|p2b: Incineroar|65/100|[from] Recoil\n|\n|upkeep\n|turn|3\n|\n|t:|1776665240\n|detailschange|p2a: Crabominable|Crabominable-Mega, L50, M\n|-mega|p2a: Crabominable|Crabominable|Crabominite\n|move|p1a: Whimsicott|Tailwind|p1a: Whimsicott\n|-sidestart|p1: po87jbtu|move: Tailwind\n|move|p1b: Incineroar|Will-O-Wisp|p2a: Crabominable\n|-status|p2a: Crabominable|brn\n|move|p2b: Incineroar|Flare Blitz|p1a: Whimsicott\n|-supereffective|p1a: Whimsicott|1\n|-damage|p1a: Whimsicott|35/100\n|-damage|p2b: Incineroar|48/100|[from] Recoil\n|move|p2a: Crabominable|Drain Punch|p1b: Incineroar\n|-supereffective|p1b: Incineroar|1\n|-damage|p1b: Incineroar|28/100\n|-enditem|p1b: Incineroar|Sitrus Berry|[eat]\n|-heal|p1b: Incineroar|53/100|[from] item: Sitrus Berry\n|\n|-damage|p2a: Crabominable|95/100 brn|[from] brn\n|upkeep\n|turn|4\n|inactive|po87jbtu has 30 seconds left.\n|inactive|Nickeeyyy has 30 seconds left.\n|\n|t:|1776665275\n|switch|p1a: Tyranitar|Tyranitar, L50, F|100/100\n|-weather|Sandstorm|[from] ability: Sand Stream|[of] p1a: Tyranitar\n|move|p1b: Incineroar|Parting Shot|p2a: Crabominable\n|-unboost|p2a: Crabominable|atk|1\n|-unboost|p2a: Crabominable|spa|1\n|\n|t:|1776665284\n|switch|p1b: Whimsicott|Whimsicott, L50, F|35/100|[from] Parting Shot\n|move|p2b: Incineroar|Parting Shot|p1a: Tyranitar\n|-unboost|p1a: Tyranitar|atk|1\n|-unboost|p1a: Tyranitar|spa|1\n|\n|t:|1776665291\n|switch|p2b: Kingambit|Kingambit, L50, M|100/100|[from] Parting Shot\n|move|p2a: Crabominable|Drain Punch|p1b: Whimsicott\n|-resisted|p1b: Whimsicott|1\n|-damage|p1b: Whimsicott|26/100\n|-heal|p2a: Crabominable|98/100 brn|[from] drain|[of] p1b: Whimsicott\n|\n|-weather|Sandstorm|[upkeep]\n|-damage|p1b: Whimsicott|20/100|[from] Sandstorm\n|-damage|p2a: Crabominable|92/100 brn|[from] Sandstorm\n|-damage|p2a: Crabominable|86/100 brn|[from] brn\n|upkeep\n|turn|5\n|inactive|po87jbtu has 30 seconds left.\n|\n|t:|1776665317\n|switch|p2a: Incineroar|Incineroar, L50, M|48/100\n|-ability|p2a: Incineroar|Intimidate|boost\n|-unboost|p1a: Tyranitar|atk|1\n|-unboost|p1b: Whimsicott|atk|1\n|detailschange|p1a: Tyranitar|Tyranitar-Mega, L50, F\n|-mega|p1a: Tyranitar|Tyranitar|Tyranitarite\n|move|p1b: Whimsicott|Protect|p1b: Whimsicott\n|-singleturn|p1b: Whimsicott|Protect\n|move|p1a: Tyranitar|Rock Slide|p2b: Kingambit|[spread] p2a,p2b\n|-supereffective|p2a: Incineroar|1\n|-resisted|p2b: Kingambit|1\n|-damage|p2a: Incineroar|17/100\n|-damage|p2b: Kingambit|95/100\n|cant|p2b: Kingambit|flinch\n|\n|-weather|Sandstorm|[upkeep]\n|-damage|p1b: Whimsicott|14/100|[from] Sandstorm\n|-damage|p2a: Incineroar|11/100|[from] Sandstorm\n|-sideend|p1: po87jbtu|move: Light Screen\n|upkeep\n|turn|6\n|inactive|po87jbtu has 30 seconds left.\n|inactive|Nickeeyyy has 30 seconds left.\n|inactive|po87jbtu has 20 seconds left.\n|inactive|Nickeeyyy has 20 seconds left.\n|inactive|po87jbtu has 15 seconds left.\n|\n|t:|1776665359\n|move|p1b: Whimsicott|Protect|p1b: Whimsicott\n|-singleturn|p1b: Whimsicott|Protect\n|move|p1a: Tyranitar|Protect|p1a: Tyranitar\n|-singleturn|p1a: Tyranitar|Protect\n|move|p2a: Incineroar|Fake Out|p1a: Tyranitar\n|-activate|p1a: Tyranitar|move: Protect\n|move|p2b: Kingambit|Iron Head|p1a: Tyranitar\n|-activate|p1a: Tyranitar|move: Protect\n|\n|-weather|Sandstorm|[upkeep]\n|-damage|p1b: Whimsicott|8/100|[from] Sandstorm\n|-damage|p2a: Incineroar|5/100|[from] Sandstorm\n|-sideend|p1: po87jbtu|move: Tailwind\n|upkeep\n|turn|7\n|\n|t:|1776665382\n|switch|p2a: Crabominable|Crabominable-Mega, L50, M|86/100 brn\n|move|p1b: Whimsicott|Encore|p2b: Kingambit\n|-hint|Since gen 7, Dark is immune to Prankster moves.\n|-immune|p2b: Kingambit\n|move|p1a: Tyranitar|Rock Slide|p2b: Kingambit|[spread] p2a,p2b\n|-resisted|p2b: Kingambit|1\n|-damage|p2a: Crabominable|74/100 brn\n|-damage|p2b: Kingambit|90/100\n|cant|p2b: Kingambit|flinch\n|\n|-weather|Sandstorm|[upkeep]\n|-damage|p1b: Whimsicott|2/100|[from] Sandstorm\n|-damage|p2a: Crabominable|68/100 brn|[from] Sandstorm\n|-damage|p2a: Crabominable|62/100 brn|[from] brn\n|upkeep\n|turn|8\n|inactive|po87jbtu has 30 seconds left.\n|\n|t:|1776665410\n|switch|p1a: Incineroar|Incineroar, L50, F|53/100\n|-ability|p1a: Incineroar|Intimidate|boost\n|-unboost|p2a: Crabominable|atk|1\n|-unboost|p2b: Kingambit|atk|1\n|-ability|p2b: Kingambit|Defiant|boost\n|-boost|p2b: Kingambit|atk|2\n|move|p1b: Whimsicott|Tailwind|p1b: Whimsicott\n|-sidestart|p1: po87jbtu|move: Tailwind\n|move|p2b: Kingambit|Iron Head|p1a: Incineroar\n|-resisted|p1a: Incineroar|1\n|-damage|p1a: Incineroar|22/100\n|move|p2a: Crabominable|Drain Punch|p1b: Whimsicott\n|-resisted|p1b: Whimsicott|1\n|-damage|p1b: Whimsicott|0 fnt\n|-heal|p2a: Crabominable|63/100 brn|[from] drain|[of] p1b: Whimsicott\n|faint|p1b: Whimsicott\n|\n|-weather|none\n|-damage|p2a: Crabominable|57/100 brn|[from] brn\n|upkeep\n|\n|t:|1776665429\n|switch|p1b: Tyranitar|Tyranitar-Mega, L50, F|100/100\n|-weather|Sandstorm|[from] ability: Sand Stream|[of] p1b: Tyranitar\n|turn|9\n|inactive|Nickeeyyy has 30 seconds left.\n|\n|t:|1776665454\n|switch|p2a: Incineroar|Incineroar, L50, M|5/100\n|-ability|p2a: Incineroar|Intimidate|boost\n|-unboost|p1a: Incineroar|atk|1\n|-unboost|p1b: Tyranitar|atk|1\n|move|p2b: Kingambit|Protect|p2b: Kingambit\n|-singleturn|p2b: Kingambit|Protect\n|move|p1a: Incineroar|Flare Blitz|p2b: Kingambit\n|-activate|p2b: Kingambit|move: Protect\n|move|p1b: Tyranitar|Rock Slide|p2b: Kingambit|[spread] p2a\n|-activate|p2b: Kingambit|move: Protect\n|-supereffective|p2a: Incineroar|1\n|-damage|p2a: Incineroar|0 fnt\n|faint|p2a: Incineroar\n|\n|-weather|Sandstorm|[upkeep]\n|-damage|p1a: Incineroar|16/100|[from] Sandstorm\n|upkeep\n|inactive|Nickeeyyy has 30 seconds left.\n|inactive|Nickeeyyy has 20 seconds left.\n|inactive|Nickeeyyy has 15 seconds left.\n|inactive|Nickeeyyy has 10 seconds left.\n|inactive|Nickeeyyy has 5 seconds left.\n|\n|t:|1776665509\n|switch|p2a: Crabominable|Crabominable-Mega, L50, M|57/100 brn\n|turn|10\n|\n|t:|1776665524\n|move|p2b: Kingambit|Protect|p2b: Kingambit\n|-singleturn|p2b: Kingambit|Protect\n|move|p1a: Incineroar|Flare Blitz|p2b: Kingambit\n|-activate|p2b: Kingambit|move: Protect\n|move|p1b: Tyranitar|Rock Slide|p2b: Kingambit|[spread] p2a\n|-activate|p2b: Kingambit|move: Protect\n|-damage|p2a: Crabominable|44/100 brn\n|cant|p2a: Crabominable|flinch\n|\n|-weather|Sandstorm|[upkeep]\n|-damage|p1a: Incineroar|10/100|[from] Sandstorm\n|-damage|p2a: Crabominable|38/100 brn|[from] Sandstorm\n|-damage|p2a: Crabominable|32/100 brn|[from] brn\n|upkeep\n|turn|11\n|inactive|Nickeeyyy has 30 seconds left.\n|inactive|Nickeeyyy has 20 seconds left.\n|\n|t:|1776665559\n|move|p2b: Kingambit|Protect||[still]\n|-fail|p2b: Kingambit\n|move|p1a: Incineroar|Flare Blitz|p2b: Kingambit\n|-supereffective|p2b: Kingambit|1\n|-damage|p2b: Kingambit|43/100\n|-damage|p1a: Incineroar|0 fnt|[from] Recoil\n|faint|p1a: Incineroar\n|move|p1b: Tyranitar|Rock Slide|p2a: Crabominable|[spread] p2a,p2b\n|-resisted|p2b: Kingambit|1\n|-damage|p2a: Crabominable|17/100 brn\n|-damage|p2b: Kingambit|36/100\n|cant|p2a: Crabominable|flinch\n|\n|-weather|Sandstorm|[upkeep]\n|-damage|p2a: Crabominable|11/100 brn|[from] Sandstorm\n|-damage|p2a: Crabominable|5/100 brn|[from] brn\n|-sideend|p1: po87jbtu|move: Tailwind\n|upkeep\n|turn|12\n|\n|t:|1776665579\n|move|p1b: Tyranitar|Rock Slide|p2b: Kingambit|[spread] p2b\n|-miss|p1b: Tyranitar|p2a: Crabominable\n|-resisted|p2b: Kingambit|1\n|-damage|p2b: Kingambit|28/100\n|move|p2b: Kingambit|Iron Head|p1b: Tyranitar\n|-supereffective|p1b: Tyranitar|1\n|-damage|p1b: Tyranitar|17/100\n|move|p2a: Crabominable|Drain Punch|p1b: Tyranitar\n|-supereffective|p1b: Tyranitar|2\n|-damage|p1b: Tyranitar|0 fnt\n|-heal|p2a: Crabominable|13/100 brn|[from] drain|[of] p1b: Tyranitar\n|faint|p1b: Tyranitar\n|\n|win|Nickeeyyy\n|raw|po87jbtu's rating: 1000 &rarr; <strong>1000</strong><br />(+0 for losing)\n|raw|Nickeeyyy's rating: 1094 &rarr; <strong>1113</strong><br />(+19 for winning)\n|l|\u2606Nickeeyyy\n|player|p2|\n|j|\u2606Nickeeyyy\n|player|p2|Nickeeyyy|veteran|\n",
  "uploadtime": 1776665798,
  "views": 14,
  "formatid": "gen9championsvgc2026regma",
  "rating": 1000,
  "private": 0,
  "password": null
}