{
  "id": "gen9championsvgc2026regma-2588524825",
  "format": "[Gen 9 Champions] VGC 2026 Reg M-A",
  "players": [
    "mimiat",
    "bullgod4ever"
  ],
  "log": "|j|\u2606mimiat\n|j|\u2606bullgod4ever\n|t:|1776641560\n|gametype|doubles\n|player|p1|mimiat|cress|1446\n|player|p2|bullgod4ever|2|1430\n|gen|9\n|tier|[Gen 9 Champions] VGC 2026 Reg M-A\n|rated|\n|rule|Species Clause: Limit one of each Pok\u00e9mon\n|rule|Item Clause: Limit 1 of each item\n|clearpoke\n|poke|p1|Venusaur, L50, M|\n|poke|p1|Aerodactyl, L50, M|\n|poke|p1|Incineroar, L50, F|\n|poke|p1|Sinistcha, L50|\n|poke|p1|Primarina, L50, M|\n|poke|p1|Sneasler, L50, F|\n|poke|p2|Golurk, L50|\n|poke|p2|Incineroar, L50, M|\n|poke|p2|Farigiraf, L50, F|\n|poke|p2|Torkoal, L50, M|\n|poke|p2|Venusaur, L50, M|\n|poke|p2|Kangaskhan, L50, F|\n|teampreview|4\n|inactive|Battle timer is ON: inactive players will automatically lose when time's up. (requested by bullgod4ever)\n|\n|t:|1776641613\n|teamsize|p1|4\n|teamsize|p2|4\n|start\n|switch|p1a: Primarina|Primarina, L50, M|100/100\n|switch|p1b: Incineroar|Incineroar, L50, F|100/100\n|switch|p2a: Farigiraf|Farigiraf, L50, F|100/100\n|switch|p2b: Kangaskhan|Kangaskhan, L50, F|100/100\n|-ability|p1b: Incineroar|Intimidate|boost\n|-unboost|p2a: Farigiraf|atk|1\n|-fail|p2b: Kangaskhan|unboost|Attack|[from] ability: Scrappy|[of] p2b: Kangaskhan\n|turn|1\n|inactive|bullgod4ever has 30 seconds left.\n|\n|t:|1776641638\n|move|p2b: Kangaskhan|Fake Out|p1b: Incineroar\n|-damage|p1b: Incineroar|86/100\n|cant|p1b: Incineroar|flinch\n|move|p1a: Primarina|Calm Mind|p1a: Primarina\n|-boost|p1a: Primarina|spa|1\n|-boost|p1a: Primarina|spd|1\n|move|p2a: Farigiraf|Trick Room|p2a: Farigiraf\n|-fieldstart|move: Trick Room|[of] p2a: Farigiraf\n|\n|upkeep\n|turn|2\n|inactive|bullgod4ever has 30 seconds left.\n|\n|t:|1776641668\n|move|p2a: Farigiraf|Helping Hand|p2b: Kangaskhan\n|-singleturn|p2b: Kangaskhan|Helping Hand|[of] p2a: Farigiraf\n|move|p1a: Primarina|Calm Mind|p1a: Primarina\n|-boost|p1a: Primarina|spa|1\n|-boost|p1a: Primarina|spd|1\n|move|p1b: Incineroar|Will-O-Wisp|p2b: Kangaskhan\n|-status|p2b: Kangaskhan|brn\n|move|p2b: Kangaskhan|Double-Edge|p1a: Primarina\n|-damage|p1a: Primarina|54/100\n|-damage|p2b: Kangaskhan|87/100 brn|[from] Recoil\n|\n|-heal|p1a: Primarina|61/100|[from] item: Leftovers\n|-damage|p2b: Kangaskhan|80/100 brn|[from] brn\n|upkeep\n|turn|3\n|inactive|bullgod4ever has 30 seconds left.\n|inactive|bullgod4ever has 20 seconds left.\n|inactive|bullgod4ever has 15 seconds left.\n|inactive|bullgod4ever has 10 seconds left.\n|inactive|bullgod4ever has 5 seconds left.\n|\n|t:|1776641718\n|detailschange|p2b: Kangaskhan|Kangaskhan-Mega, L50, F\n|-mega|p2b: Kangaskhan|Kangaskhan|Kangaskhanite\n|move|p2a: Farigiraf|Hyper Voice|p1b: Incineroar|[spread] p1a,p1b\n|-damage|p1a: Primarina|50/100\n|-damage|p1b: Incineroar|58/100\n|move|p1a: Primarina|Hyper Voice|p2b: Kangaskhan|[spread] p2a,p2b\n|-damage|p2a: Farigiraf|35/100\n|-damage|p2b: Kangaskhan|19/100 brn\n|-enditem|p2a: Farigiraf|Sitrus Berry|[eat]\n|-heal|p2a: Farigiraf|60/100|[from] item: Sitrus Berry\n|move|p1b: Incineroar|Parting Shot|p2b: Kangaskhan\n|-unboost|p2b: Kangaskhan|atk|1\n|-unboost|p2b: Kangaskhan|spa|1\n|\n|t:|1776641725\n|switch|p1b: Sinistcha|Sinistcha, L50|100/100|[from] Parting Shot\n|-heal|p1a: Primarina|75/100|[from] ability: Hospitality|[of] p1b: Sinistcha\n|move|p2b: Kangaskhan|Double-Edge|p1a: Primarina\n|-damage|p1a: Primarina|53/100\n|-crit|p1a: Primarina\n|-damage|p1a: Primarina|40/100\n|-hitcount|p1a: Primarina|2\n|-damage|p2b: Kangaskhan|8/100 brn|[from] Recoil\n|\n|-heal|p1a: Primarina|47/100|[from] item: Leftovers\n|-damage|p2b: Kangaskhan|2/100 brn|[from] brn\n|upkeep\n|turn|4\n|inactive|bullgod4ever has 30 seconds left.\n|inactive|bullgod4ever has 20 seconds left.\n|inactive|bullgod4ever has 15 seconds left.\n|inactive|bullgod4ever has 10 seconds left.\n|inactive|bullgod4ever has 5 seconds left.\n|\n|t:|1776641778\n|move|p2a: Farigiraf|Psychic|p1b: Sinistcha\n|-damage|p1b: Sinistcha|65/100\n|move|p1b: Sinistcha|Life Dew|p1b: Sinistcha|[spread] p1a,p1b\n|-heal|p1a: Primarina|72/100\n|-heal|p1b: Sinistcha|90/100\n|move|p1a: Primarina|Hyper Voice|p2b: Kangaskhan|[spread] p2a,p2b\n|-damage|p2a: Farigiraf|0 fnt\n|-damage|p2b: Kangaskhan|0 fnt\n|faint|p2a: Farigiraf\n|faint|p2b: Kangaskhan\n|\n|-heal|p1a: Primarina|78/100|[from] item: Leftovers\n|upkeep\n|\n|t:|1776641792\n|switch|p2a: Golurk|Golurk, L50|100/100\n|switch|p2b: Torkoal|Torkoal, L50, M|100/100\n|-weather|SunnyDay|[from] ability: Drought|[of] p2b: Torkoal\n|turn|5\n|\n|t:|1776641812\n|switch|p1b: Incineroar|Incineroar, L50, F|58/100\n|-ability|p1b: Incineroar|Intimidate|boost\n|-unboost|p2a: Golurk|atk|1\n|-unboost|p2b: Torkoal|atk|1\n|move|p1a: Primarina|Protect|p1a: Primarina\n|-singleturn|p1a: Primarina|Protect\n|move|p2b: Torkoal|Eruption|p1a: Primarina|[spread] p1b\n|-activate|p1a: Primarina|move: Protect\n|-resisted|p1b: Incineroar|1\n|-damage|p1b: Incineroar|19/100\n|move|p2a: Golurk|Headlong Rush|p1a: Primarina\n|-activate|p1a: Primarina|move: Protect\n|\n|-weather|SunnyDay|[upkeep]\n|-heal|p1a: Primarina|84/100|[from] item: Leftovers\n|-fieldend|move: Trick Room\n|upkeep\n|turn|6\n|inactive|bullgod4ever has 30 seconds left.\n|inactive|bullgod4ever has 20 seconds left.\n|inactive|bullgod4ever has 15 seconds left.\n|\n|t:|1776641852\n|move|p1b: Incineroar|Fake Out|p2b: Torkoal\n|-damage|p2b: Torkoal|93/100\n|move|p1a: Primarina|Hyper Voice|p2b: Torkoal|[spread] p2a,p2b\n|-supereffective|p2a: Golurk|1\n|-supereffective|p2b: Torkoal|1\n|-damage|p2a: Golurk|27/100\n|-damage|p2b: Torkoal|11/100\n|move|p2a: Golurk|Poltergeist|p1a: Primarina|[miss]\n|-miss|p2a: Golurk|p1a: Primarina\n|cant|p2b: Torkoal|flinch\n|\n|-weather|SunnyDay|[upkeep]\n|-heal|p1a: Primarina|90/100|[from] item: Leftovers\n|upkeep\n|turn|7\n|-message|bullgod4ever forfeited.\n|\n|win|mimiat\n|raw|mimiat's rating: 1446 &rarr; <strong>1465</strong><br />(+19 for winning)\n|raw|bullgod4ever's rating: 1430 &rarr; <strong>1411</strong><br />(-19 for losing)\n|l|\u2606bullgod4ever\n|player|p2|\n",
  "uploadtime": 1776642100,
  "views": 15,
  "formatid": "gen9championsvgc2026regma",
  "rating": 1411,
  "private": 0,
  "password": null
}