{
  "id": "gen9championsvgc2026regma-2584778504",
  "format": "[Gen 9 Champions] VGC 2026 Reg M-A",
  "players": [
    "battle sim trainer",
    "Slawppi"
  ],
  "log": "|j|\u2606battle sim trainer\n|j|\u2606Slawppi\n|t:|1776283011\n|gametype|doubles\n|player|p1|battle sim trainer|turo|1155\n|player|p2|Slawppi|1|1229\n|gen|9\n|tier|[Gen 9 Champions] VGC 2026 Reg M-A\n|rated|\n|rule|Species Clause: Limit one of each Pok\u00e9mon\n|rule|Item Clause: Limit 1 of each item\n|clearpoke\n|poke|p1|Farigiraf, L50, M|\n|poke|p1|Sinistcha, L50|\n|poke|p1|Slowbro, L50, M|\n|poke|p1|Crabominable, L50, M|\n|poke|p1|Medicham, L50, M|\n|poke|p1|Torkoal, L50, M|\n|poke|p2|Froslass, L50, F|\n|poke|p2|Hawlucha, L50, M|\n|poke|p2|Whimsicott, L50, F|\n|poke|p2|Incineroar, L50, F|\n|poke|p2|Basculegion, L50, M|\n|poke|p2|Garchomp, L50, M|\n|teampreview|4\n|j| sanspunsmaster\n|c|\u2606battle sim trainer|glhf\n|l| sanspunsmaster\n|\n|t:|1776283043\n|teamsize|p1|4\n|teamsize|p2|4\n|start\n|switch|p1a: Farigiraf|Farigiraf, L50, M|100/100\n|switch|p1b: Medicham|Medicham, L50, M|100/100\n|switch|p2a: Incineroar|Incineroar, L50, F|100/100\n|switch|p2b: Whimsicott|Whimsicott, L50, F, shiny|100/100\n|-ability|p2a: Incineroar|Intimidate|boost\n|-unboost|p1a: Farigiraf|atk|1\n|-unboost|p1b: Medicham|atk|1\n|turn|1\n|inactive|Battle timer is ON: inactive players will automatically lose when time's up. (requested by battle sim trainer)\n|\n|t:|1776283084\n|move|p2b: Whimsicott|Helping Hand|p2a: Incineroar\n|-singleturn|p2a: Incineroar|Helping Hand|[of] p2b: Whimsicott\n|move|p1b: Medicham|Fake Out|p2b: Whimsicott\n|-crit|p2b: Whimsicott\n|-damage|p2b: Whimsicott|60/100\n|move|p2a: Incineroar|Flare Blitz|p1a: Farigiraf\n|-damage|p1a: Farigiraf|37/100\n|-enditem|p1a: Farigiraf|Sitrus Berry|[eat]\n|-heal|p1a: Farigiraf|62/100|[from] item: Sitrus Berry\n|-damage|p2a: Incineroar|77/100|[from] Recoil\n|move|p1a: Farigiraf|Trick Room|p1a: Farigiraf\n|-fieldstart|move: Trick Room|[of] p1a: Farigiraf\n|\n|upkeep\n|turn|2\n|inactive|Slawppi has 30 seconds left.\n|\n|t:|1776283113\n|switch|p1a: Torkoal|Torkoal, L50, M|100/100\n|-weather|SunnyDay|[from] ability: Drought|[of] p1a: Torkoal\n|move|p2a: Incineroar|Darkest Lariat|p1a: Torkoal\n|-damage|p1a: Torkoal|73/100\n|move|p1b: Medicham|Close Combat|p2a: Incineroar\n|-supereffective|p2a: Incineroar|1\n|-damage|p2a: Incineroar|0 fnt\n|-unboost|p1b: Medicham|def|1\n|-unboost|p1b: Medicham|spd|1\n|faint|p2a: Incineroar\n|move|p2b: Whimsicott|Trick Room|p2b: Whimsicott\n|-fieldend|move: Trick Room\n|\n|-weather|SunnyDay|[upkeep]\n|upkeep\n|\n|t:|1776283130\n|switch|p2a: Basculegion|Basculegion, L50, M|100/100\n|turn|3\n|j| camala64\n|\n|t:|1776283145\n|switch|p1b: Farigiraf|Farigiraf, L50, M|62/100\n|move|p2b: Whimsicott|Dazzling Gleam|p1b: Farigiraf|[spread] p1a,p1b\n|-resisted|p1a: Torkoal|1\n|-damage|p1a: Torkoal|56/100\n|-damage|p1b: Farigiraf|40/100\n|move|p2a: Basculegion|Last Respects|p1a: Torkoal\n|-damage|p1a: Torkoal|1/100\n|move|p1a: Torkoal|Weather Ball|p2b: Whimsicott\n|-supereffective|p2b: Whimsicott|1\n|-damage|p2b: Whimsicott|0 fnt\n|faint|p2b: Whimsicott\n|\n|-weather|SunnyDay|[upkeep]\n|upkeep\n|\n|t:|1776283157\n|switch|p2b: Froslass|Froslass, L50, F|100/100\n|turn|4\n|c|\u2606battle sim trainer|ahh this is tricky now\n|\n|t:|1776283181\n|detailschange|p2b: Froslass|Froslass-Mega, L50, F\n|-mega|p2b: Froslass|Froslass|Froslassite\n|-weather|Snowscape|[from] ability: Snow Warning|[of] p2b: Froslass\n|move|p2b: Froslass|Blizzard|p1a: Torkoal|[spread] p1a,p1b\n|-resisted|p1a: Torkoal|1\n|-damage|p1a: Torkoal|0 fnt\n|-damage|p1b: Farigiraf|2/100\n|faint|p1a: Torkoal\n|move|p2a: Basculegion|Last Respects|p1b: Farigiraf\n|-immune|p1b: Farigiraf\n|move|p1b: Farigiraf|Trick Room|p1b: Farigiraf\n|-fieldstart|move: Trick Room|[of] p1b: Farigiraf\n|\n|-weather|Snowscape|[upkeep]\n|upkeep\n|\n|t:|1776283193\n|switch|p1a: Medicham|Medicham, L50, M|100/100\n|turn|5\n|\n|t:|1776283201\n|move|p1b: Farigiraf|Psyshock|p2a: Basculegion\n|-damage|p2a: Basculegion|65/100\n|move|p1a: Medicham|Psycho Cut|p2a: Basculegion\n|-damage|p2a: Basculegion|12/100\n|move|p2a: Basculegion|Last Respects|p1a: Medicham\n|-supereffective|p1a: Medicham|1\n|-enditem|p1a: Medicham|Focus Sash\n|-damage|p1a: Medicham|1/100\n|move|p2b: Froslass|Blizzard|p1b: Farigiraf|[spread] p1a,p1b\n|-crit|p1a: Medicham\n|-damage|p1a: Medicham|0 fnt\n|-damage|p1b: Farigiraf|0 fnt\n|faint|p1a: Medicham\n|faint|p1b: Farigiraf\n|\n|-weather|Snowscape|[upkeep]\n|upkeep\n|\n|t:|1776283218\n|switch|p1b: Crabominable|Crabominable, L50, M|100/100\n|turn|6\n|\n|t:|1776283233\n|detailschange|p1b: Crabominable|Crabominable-Mega, L50, M\n|-mega|p1b: Crabominable|Crabominable|Crabominite\n|move|p1b: Crabominable|Thunder Punch|p2a: Basculegion\n|-supereffective|p2a: Basculegion|1\n|-damage|p2a: Basculegion|0 fnt\n|faint|p2a: Basculegion\n|move|p2b: Froslass|Shadow Ball|p1b: Crabominable\n|-damage|p1b: Crabominable|58/100\n|-unboost|p1b: Crabominable|spd|1\n|\n|-weather|Snowscape|[upkeep]\n|upkeep\n|turn|7\n|c|\u2606battle sim trainer|F\n|\n|t:|1776283247\n|move|p1b: Crabominable|Thunder Punch|p2b: Froslass\n|-damage|p2b: Froslass|56/100\n|move|p2b: Froslass|Shadow Ball|p1b: Crabominable\n|-damage|p1b: Crabominable|2/100\n|-unboost|p1b: Crabominable|spd|1\n|\n|-weather|Snowscape|[upkeep]\n|upkeep\n|turn|8\n|c|\u2606battle sim trainer|i need crit or para...\n|\n|t:|1776283261\n|move|p1b: Crabominable|Thunder Punch|p2b: Froslass\n|-damage|p2b: Froslass|13/100\n|move|p2b: Froslass|Shadow Ball|p1b: Crabominable\n|-damage|p1b: Crabominable|0 fnt\n|faint|p1b: Crabominable\n|\n|win|Slawppi\n|raw|battle sim trainer's rating: 1155 &rarr; <strong>1135</strong><br />(-20 for losing)\n|raw|Slawppi's rating: 1229 &rarr; <strong>1249</strong><br />(+20 for winning)\n|c|\u2606battle sim trainer|gg\n",
  "uploadtime": 1776283268,
  "views": 18,
  "formatid": "gen9championsvgc2026regma",
  "rating": 1135,
  "private": 0,
  "password": null
}