{
  "id": "gen9championsvgc2026regma-2585246526",
  "format": "[Gen 9 Champions] VGC 2026 Reg M-A",
  "players": [
    "HMVH",
    "23456789XB"
  ],
  "log": "|j|\u2606HMVH\n|j|\u260623456789XB\n|t:|1776329529\n|gametype|doubles\n|player|p1|HMVH|swimmerf-gen4|1089\n|player|p2|23456789XB|cynthia|1182\n|gen|9\n|tier|[Gen 9 Champions] VGC 2026 Reg M-A\n|rated|\n|rule|Species Clause: Limit one of each Pok\u00e9mon\n|rule|Item Clause: Limit 1 of each item\n|clearpoke\n|poke|p1|Charizard, L50, F|\n|poke|p1|Whimsicott, L50, M|\n|poke|p1|Dragapult, L50, M|\n|poke|p1|Torkoal, L50, F|\n|poke|p1|Excadrill, L50, M|\n|poke|p1|Venusaur, L50, M|\n|poke|p2|Slowbro, L50, F|\n|poke|p2|Corviknight, L50, F|\n|poke|p2|Incineroar, L50, F|\n|poke|p2|Sinistcha, L50|\n|poke|p2|Sneasler, L50, F|\n|poke|p2|Rotom-Heat, L50|\n|teampreview|4\n|inactive|Battle timer is ON: inactive players will automatically lose when time's up. (requested by 23456789XB)\n|inactive|HMVH has 60 seconds left.\n|inactive|23456789XB has 60 seconds left.\n|\n|t:|1776329583\n|teamsize|p1|4\n|teamsize|p2|4\n|start\n|switch|p1a: Charizard|Charizard, L50, F|100/100\n|switch|p1b: Whimsicott|Whimsicott, L50, M|100/100\n|switch|p2a: Slowvro|Slowbro, L50, F|100/100\n|switch|p2b: Grandma|Rotom-Heat, L50|100/100\n|turn|1\n|\n|t:|1776329598\n|detailschange|p2a: Slowvro|Slowbro-Mega, L50, F\n|-mega|p2a: Slowvro|Slowbro|Slowbronite\n|move|p1a: Charizard|Protect|p1a: Charizard\n|-singleturn|p1a: Charizard|Protect\n|move|p1b: Whimsicott|Sunny Day|p1b: Whimsicott\n|-weather|SunnyDay\n|move|p2b: Grandma|Overheat|p1b: Whimsicott\n|-supereffective|p1b: Whimsicott|1\n|-enditem|p1b: Whimsicott|Focus Sash\n|-damage|p1b: Whimsicott|1/100\n|-unboost|p2b: Grandma|spa|2\n|move|p2a: Slowvro|Calm Mind|p2a: Slowvro\n|-boost|p2a: Slowvro|spa|1\n|-boost|p2a: Slowvro|spd|1\n|\n|-weather|SunnyDay|[upkeep]\n|-damage|p1a: Charizard|88/100|[from] ability: Solar Power|[of] p1a: Charizard\n|upkeep\n|turn|2\n|inactive|HMVH has 30 seconds left.\n|\n|t:|1776329624\n|move|p1b: Whimsicott|Encore|p2a: Slowvro\n|-start|p2a: Slowvro|Encore\n|move|p2b: Grandma|Overheat|p1b: Whimsicott\n|-supereffective|p1b: Whimsicott|1\n|-damage|p1b: Whimsicott|0 fnt\n|-unboost|p2b: Grandma|spa|2\n|faint|p1b: Whimsicott\n|move|p1a: Charizard|Heat Wave|p2b: Grandma|[spread] p2a,p2b\n|-resisted|p2a: Slowvro|1\n|-resisted|p2b: Grandma|1\n|-damage|p2a: Slowvro|71/100\n|-damage|p2b: Grandma|40/100\n|move|p2a: Slowvro|Calm Mind|p2a: Slowvro\n|-boost|p2a: Slowvro|spa|1\n|-boost|p2a: Slowvro|spd|1\n|\n|-weather|SunnyDay|[upkeep]\n|-damage|p1a: Charizard|76/100|[from] ability: Solar Power|[of] p1a: Charizard\n|upkeep\n|\n|t:|1776329641\n|switch|p1b: Excadrill|Excadrill, L50, M|100/100\n|turn|3\n|\n|t:|1776329651\n|switch|p2b: Wolfe bot|Incineroar, L50, F|100/100\n|-ability|p2b: Wolfe bot|Intimidate|boost\n|-unboost|p1a: Charizard|atk|1\n|-unboost|p1b: Excadrill|atk|1\n|detailschange|p1b: Excadrill|Excadrill-Mega, L50, M\n|-mega|p1b: Excadrill|Excadrill|Excadrite\n|move|p1b: Excadrill|Earthquake|p2a: Slowvro|[spread] p2a,p2b\n|-immune|p1a: Charizard\n|-supereffective|p2b: Wolfe bot|1\n|-damage|p2a: Slowvro|54/100\n|-damage|p2b: Wolfe bot|47/100\n|-enditem|p2b: Wolfe bot|Sitrus Berry|[eat]\n|-heal|p2b: Wolfe bot|72/100|[from] item: Sitrus Berry\n|move|p1a: Charizard|Heat Wave|p2a: Slowvro|[spread] p2a,p2b\n|-resisted|p2a: Slowvro|1\n|-resisted|p2b: Wolfe bot|1\n|-damage|p2a: Slowvro|33/100\n|-damage|p2b: Wolfe bot|35/100\n|move|p2a: Slowvro|Calm Mind|p2a: Slowvro\n|-boost|p2a: Slowvro|spa|1\n|-boost|p2a: Slowvro|spd|1\n|\n|-weather|SunnyDay|[upkeep]\n|-damage|p1a: Charizard|63/100|[from] ability: Solar Power|[of] p1a: Charizard\n|upkeep\n|turn|4\n|\n|t:|1776329674\n|switch|p1b: Dragapult|Dragapult, L50, M|100/100\n|switch|p2b: Health pack|Sinistcha, L50|100/100\n|-heal|p2a: Slowvro|58/100|[from] ability: Hospitality|[of] p2b: Health pack\n|move|p1a: Charizard|Protect|p1a: Charizard\n|-singleturn|p1a: Charizard|Protect\n|move|p2a: Slowvro|Calm Mind|p2a: Slowvro\n|-boost|p2a: Slowvro|spa|1\n|-boost|p2a: Slowvro|spd|1\n|\n|-weather|SunnyDay|[upkeep]\n|-damage|p1a: Charizard|51/100|[from] ability: Solar Power|[of] p1a: Charizard\n|-end|p2a: Slowvro|Encore\n|upkeep\n|turn|5\n|\n|t:|1776329694\n|move|p1b: Dragapult|Dragon Darts|p2a: Slowvro\n|-damage|p2a: Slowvro|40/100\n|-anim|p1b: Dragapult|Dragon Darts|p2b: Health pack\n|-damage|p2b: Health pack|70/100\n|move|p1a: Charizard|Heat Wave|p2b: Health pack|[spread] p2b\n|-miss|p1a: Charizard|p2a: Slowvro\n|-supereffective|p2b: Health pack|1\n|-enditem|p2b: Health pack|Occa Berry|[eat]\n|-enditem|p2b: Health pack|Occa Berry|[weaken]\n|-damage|p2b: Health pack|0 fnt\n|faint|p2b: Health pack\n|move|p2a: Slowvro|Psychic|p1a: Charizard\n|-damage|p1a: Charizard|0 fnt\n|faint|p1a: Charizard\n|\n|-weather|none\n|upkeep\n|\n|t:|1776329710\n|switch|p1a: Excadrill|Excadrill-Mega, L50, M|100/100\n|switch|p2b: Grandma|Rotom-Heat, L50|40/100\n|turn|6\n|inactive|HMVH has 30 seconds left.\n|\n|t:|1776329743\n|move|p2b: Grandma|Will-O-Wisp|p1b: Dragapult\n|-status|p1b: Dragapult|brn\n|move|p1b: Dragapult|Dragon Darts|p2a: Slowvro\n|-damage|p2a: Slowvro|32/100\n|-anim|p1b: Dragapult|Dragon Darts|p2b: Grandma\n|-damage|p2b: Grandma|16/100\n|move|p1a: Excadrill|Rock Slide|p2b: Grandma|[spread] p2a,p2b\n|-supereffective|p2b: Grandma|1\n|-damage|p2a: Slowvro|19/100\n|-damage|p2b: Grandma|0 fnt\n|faint|p2b: Grandma\n|move|p2a: Slowvro|Scald|p1a: Excadrill\n|-supereffective|p1a: Excadrill|1\n|-damage|p1a: Excadrill|0 fnt\n|faint|p1a: Excadrill\n|\n|-damage|p1b: Dragapult|94/100 brn|[from] brn\n|upkeep\n|\n|t:|1776329751\n|switch|p2b: Wolfe bot|Incineroar, L50, F|35/100\n|-ability|p2b: Wolfe bot|Intimidate|boost\n|-fail|p1b: Dragapult|unboost|[from] ability: Clear Body|[of] p1b: Dragapult\n|turn|7\n|\n|t:|1776329770\n|move|p1b: Dragapult|Dragon Darts|p2a: Slowvro\n|-damage|p2a: Slowvro|11/100\n|-anim|p1b: Dragapult|Dragon Darts|p2b: Wolfe bot\n|-damage|p2b: Wolfe bot|20/100\n|move|p2b: Wolfe bot|Throat Chop|p1b: Dragapult\n|-supereffective|p1b: Dragapult|1\n|-damage|p1b: Dragapult|10/100 brn\n|-start|p1b: Dragapult|Throat Chop|[silent]\n|move|p2a: Slowvro|Psychic|p1b: Dragapult\n|-damage|p1b: Dragapult|0 fnt\n|faint|p1b: Dragapult\n|\n|win|23456789XB\n|raw|HMVH's rating: 1089 &rarr; <strong>1072</strong><br />(-17 for losing)\n|raw|23456789XB's rating: 1182 &rarr; <strong>1200</strong><br />(+18 for winning)\n|l|\u2606HMVH\n|player|p1|\n",
  "uploadtime": 1776329780,
  "views": 23,
  "formatid": "gen9championsvgc2026regma",
  "rating": 1072,
  "private": 0,
  "password": null
}