{
  "id": "gen9championsvgc2026regma-2585590107",
  "format": "[Gen 9 Champions] VGC 2026 Reg M-A",
  "players": [
    "4bied",
    "Icarus#UPAD"
  ],
  "log": "|j|\u26064bied\n|j|\u2606Icarus#UPAD\n|t:|1776357454\n|gametype|doubles\n|player|p1|4bied|giovanni|1247\n|player|p2|Icarus#UPAD|170|1307\n|gen|9\n|tier|[Gen 9 Champions] VGC 2026 Reg M-A\n|rated|\n|rule|Species Clause: Limit one of each Pok\u00e9mon\n|rule|Item Clause: Limit 1 of each item\n|clearpoke\n|poke|p1|Gengar, L50, M|\n|poke|p1|Incineroar, L50, F|\n|poke|p1|Kingambit, L50, F|\n|poke|p1|Sinistcha, L50|\n|poke|p1|Kommo-o, L50, F|\n|poke|p1|Tyranitar, L50, M|\n|poke|p2|Gengar, L50, M|\n|poke|p2|Incineroar, L50, M|\n|poke|p2|Sinistcha, L50|\n|poke|p2|Kingambit, L50, M|\n|poke|p2|Primarina, L50, M|\n|poke|p2|Kommo-o, L50, F|\n|teampreview|4\n|inactive|Battle timer is ON: inactive players will automatically lose when time's up. (requested by Icarus#UPAD)\n|\n|t:|1776357482\n|teamsize|p1|4\n|teamsize|p2|4\n|start\n|switch|p1a: Kommo-o|Kommo-o, L50, F|100/100\n|switch|p1b: Tyranitar|Tyranitar, L50, M|100/100\n|switch|p2a: Kingambit|Kingambit, L50, M|100/100\n|switch|p2b: Primarina|Primarina, L50, M|100/100\n|-weather|Sandstorm|[from] ability: Sand Stream|[of] p1b: Tyranitar\n|turn|1\n|inactive|Icarus#UPAD has 30 seconds left.\n|inactive|Icarus#UPAD has 20 seconds left.\n|inactive|Icarus#UPAD has 15 seconds left.\n|inactive|Icarus#UPAD has 10 seconds left.\n|\n|t:|1776357529\n|switch|p1a: Sinistcha|Sinistcha, L50|100/100\n|switch|p2a: Gengar|Gengar, L50, M|100/100\n|move|p1b: Tyranitar|Low Kick|p2a: Gengar\n|-immune|p2a: Gengar\n|move|p2b: Primarina|Moonblast|p1b: Tyranitar\n|-supereffective|p1b: Tyranitar|1\n|-damage|p1b: Tyranitar|23/100\n|\n|-weather|Sandstorm|[upkeep]\n|-damage|p2a: Gengar|95/100|[from] Sandstorm\n|-damage|p1a: Sinistcha|94/100|[from] Sandstorm\n|-damage|p2b: Primarina|95/100|[from] Sandstorm\n|upkeep\n|turn|2\n|inactive|4bied has 30 seconds left.\n|\n|t:|1776357557\n|switch|p1b: Kingambit|Kingambit, L50, F|100/100\n|detailschange|p2a: Gengar|Gengar-Mega, L50, M\n|-mega|p2a: Gengar|Gengar|Gengarite\n|move|p1a: Sinistcha|Protect|p1a: Sinistcha\n|-singleturn|p1a: Sinistcha|Protect\n|move|p2a: Gengar|Shadow Ball|p1a: Sinistcha\n|-activate|p1a: Sinistcha|move: Protect\n|move|p2b: Primarina|Moonblast|p1b: Kingambit\n|-damage|p1b: Kingambit|49/100\n|\n|-weather|Sandstorm|[upkeep]\n|-damage|p2a: Gengar|89/100|[from] Sandstorm\n|-damage|p1a: Sinistcha|88/100|[from] Sandstorm\n|-damage|p2b: Primarina|89/100|[from] Sandstorm\n|upkeep\n|turn|3\n|inactive|Icarus#UPAD has 30 seconds left.\n|inactive|Icarus#UPAD has 20 seconds left.\n|\n|t:|1776357595\n|move|p2a: Gengar|Protect|p2a: Gengar\n|-singleturn|p2a: Gengar|Protect\n|move|p1b: Kingambit|Sucker Punch||[still]\n|-fail|p1b: Kingambit\n|move|p1a: Sinistcha|Matcha Gotcha|p2a: Gengar|[spread] \n|-activate|p2a: Gengar|move: Protect\n|-miss|p1a: Sinistcha|p2b: Primarina\n|move|p2b: Primarina|Moonblast|p1a: Sinistcha\n|-damage|p1a: Sinistcha|43/100\n|-enditem|p1a: Sinistcha|Sitrus Berry|[eat]\n|-heal|p1a: Sinistcha|68/100|[from] item: Sitrus Berry\n|\n|-weather|Sandstorm|[upkeep]\n|-damage|p2a: Gengar|83/100|[from] Sandstorm\n|-damage|p1a: Sinistcha|62/100|[from] Sandstorm\n|-damage|p2b: Primarina|83/100|[from] Sandstorm\n|upkeep\n|turn|4\n|inactive|Icarus#UPAD has 30 seconds left.\n|\n|t:|1776357626\n|switch|p2a: Kingambit|Kingambit, L50, M|100/100\n|move|p2b: Primarina|Protect|p2b: Primarina\n|-singleturn|p2b: Primarina|Protect\n|move|p1b: Kingambit|Sucker Punch||[still]\n|-fail|p1b: Kingambit\n|move|p1a: Sinistcha|Matcha Gotcha|p2a: Kingambit|[spread] p2a\n|-activate|p2b: Primarina|move: Protect\n|-resisted|p2a: Kingambit|1\n|-damage|p2a: Kingambit|87/100\n|-heal|p1a: Sinistcha|69/100|[from] drain|[of] p2a: Kingambit\n|\n|-weather|Sandstorm|[upkeep]\n|-damage|p1a: Sinistcha|63/100|[from] Sandstorm\n|-damage|p2b: Primarina|77/100|[from] Sandstorm\n|upkeep\n|turn|5\n|\n|t:|1776357647\n|move|p2a: Kingambit|Sucker Punch||[still]\n|-fail|p2a: Kingambit\n|move|p1a: Sinistcha|Life Dew|p1a: Sinistcha|[spread] p1a,p1b\n|-heal|p1a: Sinistcha|88/100\n|-heal|p1b: Kingambit|74/100\n|move|p2b: Primarina|Moonblast|p1b: Kingambit\n|-damage|p1b: Kingambit|22/100\n|-unboost|p1b: Kingambit|spa|1\n|-ability|p1b: Kingambit|Defiant|boost\n|-boost|p1b: Kingambit|atk|2\n|move|p1b: Kingambit|Low Kick|p2a: Kingambit\n|-supereffective|p2a: Kingambit|2\n|-damage|p2a: Kingambit|0 fnt\n|faint|p2a: Kingambit\n|\n|-weather|none\n|upkeep\n|\n|t:|1776357653\n|switch|p2a: Sinistcha|Sinistcha, L50|100/100\n|-heal|p2b: Primarina|100/100|[from] ability: Hospitality|[of] p2a: Sinistcha\n|turn|6\n|\n|t:|1776357674\n|move|p1b: Kingambit|Protect|p1b: Kingambit\n|-singleturn|p1b: Kingambit|Protect\n|move|p2a: Sinistcha|Rage Powder|p2a: Sinistcha\n|-singleturn|p2a: Sinistcha|move: Rage Powder\n|move|p1a: Sinistcha|Life Dew|p1a: Sinistcha|[spread] p1a,p1b\n|-heal|p1a: Sinistcha|100/100\n|-heal|p1b: Kingambit|47/100\n|move|p2b: Primarina|Hyper Voice|p1a: Sinistcha|[spread] p1a\n|-activate|p1b: Kingambit|move: Protect\n|-resisted|p1a: Sinistcha|1\n|-damage|p1a: Sinistcha|83/100\n|\n|upkeep\n|turn|7\n|inactive|4bied has 30 seconds left.\n|inactive|4bied has 20 seconds left.\n|inactive|4bied has 15 seconds left.\n|\n|t:|1776357715\n|move|p1a: Sinistcha|Matcha Gotcha|p2a: Sinistcha|[spread] p2a,p2b\n|-resisted|p2a: Sinistcha|1\n|-supereffective|p2b: Primarina|1\n|-damage|p2a: Sinistcha|90/100\n|-heal|p1a: Sinistcha|89/100|[from] drain|[of] p2a: Sinistcha\n|-damage|p2b: Primarina|62/100\n|-heal|p1a: Sinistcha|100/100|[from] drain|[of] p2b: Primarina\n|move|p2a: Sinistcha|Matcha Gotcha|p1a: Sinistcha|[spread] p1a,p1b\n|-resisted|p1a: Sinistcha|1\n|-resisted|p1b: Kingambit|1\n|-damage|p1a: Sinistcha|90/100\n|-heal|p2a: Sinistcha|95/100|[from] drain|[of] p1a: Sinistcha\n|-damage|p1b: Kingambit|34/100\n|-heal|p2a: Sinistcha|100/100|[from] drain|[of] p1b: Kingambit\n|move|p2b: Primarina|Hyper Voice|p1a: Sinistcha|[spread] p1a,p1b\n|-resisted|p1a: Sinistcha|1\n|-damage|p1a: Sinistcha|73/100\n|-damage|p1b: Kingambit|0 fnt\n|faint|p1b: Kingambit\n|\n|upkeep\n|\n|t:|1776357738\n|switch|p1b: Tyranitar|Tyranitar, L50, M|23/100\n|-weather|Sandstorm|[from] ability: Sand Stream|[of] p1b: Tyranitar\n|turn|8\n|\n|t:|1776357755\n|move|p2b: Primarina|Protect|p2b: Primarina\n|-singleturn|p2b: Primarina|Protect\n|move|p1b: Tyranitar|Ice Punch|p2a: Sinistcha\n|-supereffective|p2a: Sinistcha|1\n|-damage|p2a: Sinistcha|54/100\n|move|p1a: Sinistcha|Matcha Gotcha|p2b: Primarina|[spread] p2a\n|-activate|p2b: Primarina|move: Protect\n|-resisted|p2a: Sinistcha|1\n|-damage|p2a: Sinistcha|43/100\n|-heal|p1a: Sinistcha|79/100|[from] drain|[of] p2a: Sinistcha\n|move|p2a: Sinistcha|Matcha Gotcha|p1a: Sinistcha|[spread] p1a,p1b\n|-resisted|p1a: Sinistcha|1\n|-supereffective|p1b: Tyranitar|1\n|-crit|p1b: Tyranitar\n|-damage|p1a: Sinistcha|69/100\n|-heal|p2a: Sinistcha|48/100|[from] drain|[of] p1a: Sinistcha\n|-damage|p1b: Tyranitar|0 fnt\n|-heal|p2a: Sinistcha|59/100|[from] drain|[of] p1b: Tyranitar\n|faint|p1b: Tyranitar\n|\n|-weather|Sandstorm|[upkeep]\n|-damage|p1a: Sinistcha|63/100|[from] Sandstorm\n|-damage|p2a: Sinistcha|53/100|[from] Sandstorm\n|-damage|p2b: Primarina|56/100|[from] Sandstorm\n|upkeep\n|inactive|4bied has 30 seconds left.\n|\n|t:|1776357782\n|switch|p1b: Kommo-o|Kommo-o, L50, F|100/100\n|turn|9\n|\n|t:|1776357792\n|move|p1b: Kommo-o|Protect|p1b: Kommo-o\n|-singleturn|p1b: Kommo-o|Protect\n|move|p2a: Sinistcha|Rage Powder|p2a: Sinistcha\n|-singleturn|p2a: Sinistcha|move: Rage Powder\n|move|p1a: Sinistcha|Matcha Gotcha|p2b: Primarina|[spread] p2a,p2b\n|-resisted|p2a: Sinistcha|1\n|-supereffective|p2b: Primarina|1\n|-damage|p2a: Sinistcha|42/100\n|-heal|p1a: Sinistcha|68/100|[from] drain|[of] p2a: Sinistcha\n|-damage|p2b: Primarina|20/100\n|-heal|p1a: Sinistcha|88/100|[from] drain|[of] p2b: Primarina\n|move|p2b: Primarina|Moonblast|p1b: Kommo-o\n|-activate|p1b: Kommo-o|move: Protect\n|\n|-weather|Sandstorm|[upkeep]\n|-damage|p1b: Kommo-o|95/100|[from] Sandstorm\n|-damage|p1a: Sinistcha|81/100|[from] Sandstorm\n|-damage|p2a: Sinistcha|36/100|[from] Sandstorm\n|-damage|p2b: Primarina|14/100|[from] Sandstorm\n|-heal|p1b: Kommo-o|100/100|[from] item: Leftovers\n|upkeep\n|turn|10\n|\n|t:|1776357816\n|switch|p2a: Gengar|Gengar-Mega, L50, M|83/100\n|move|p2b: Primarina|Protect|p2b: Primarina\n|-singleturn|p2b: Primarina|Protect\n|move|p1a: Sinistcha|Rage Powder|p1a: Sinistcha\n|-singleturn|p1a: Sinistcha|move: Rage Powder\n|move|p1b: Kommo-o|Clanging Scales|p2b: Primarina|[spread] p2a\n|-activate|p2b: Primarina|move: Protect\n|-damage|p2a: Gengar|37/100\n|-unboost|p1b: Kommo-o|def|1\n|\n|-weather|Sandstorm|[upkeep]\n|-damage|p2a: Gengar|31/100|[from] Sandstorm\n|-damage|p1b: Kommo-o|95/100|[from] Sandstorm\n|-damage|p1a: Sinistcha|75/100|[from] Sandstorm\n|-damage|p2b: Primarina|8/100|[from] Sandstorm\n|-heal|p1b: Kommo-o|100/100|[from] item: Leftovers\n|upkeep\n|turn|11\n|\n|t:|1776357837\n|switch|p2b: Sinistcha|Sinistcha, L50|36/100\n|-heal|p2a: Gengar|56/100|[from] ability: Hospitality|[of] p2b: Sinistcha\n|move|p1a: Sinistcha|Rage Powder|p1a: Sinistcha\n|-singleturn|p1a: Sinistcha|move: Rage Powder\n|move|p2a: Gengar|Perish Song|p2a: Gengar\n|-start|p1a: Sinistcha|perish3|[silent]\n|-immune|p1b: Kommo-o|[from] ability: Soundproof\n|-start|p2a: Gengar|perish3|[silent]\n|-start|p2b: Sinistcha|perish3|[silent]\n|-fieldactivate|move: Perish Song\n|move|p1b: Kommo-o|Clanging Scales|p2a: Gengar|[spread] p2a,p2b\n|-damage|p2a: Gengar|10/100\n|-damage|p2b: Sinistcha|0 fnt\n|faint|p2b: Sinistcha\n|-unboost|p1b: Kommo-o|def|1\n|\n|-weather|Sandstorm|[upkeep]\n|-damage|p2a: Gengar|4/100|[from] Sandstorm\n|-damage|p1b: Kommo-o|95/100|[from] Sandstorm\n|-damage|p1a: Sinistcha|69/100|[from] Sandstorm\n|-heal|p1b: Kommo-o|100/100|[from] item: Leftovers\n|-start|p2a: Gengar|perish3\n|-start|p1a: Sinistcha|perish3\n|upkeep\n|\n|t:|1776357849\n|switch|p2b: Primarina|Primarina, L50, M|8/100\n|turn|12\n|\n|t:|1776357862\n|move|p2b: Primarina|Protect|p2b: Primarina\n|-singleturn|p2b: Primarina|Protect\n|move|p2a: Gengar|Shadow Ball|p1a: Sinistcha\n|-supereffective|p1a: Sinistcha|1\n|-damage|p1a: Sinistcha|0 fnt\n|faint|p1a: Sinistcha\n|move|p1b: Kommo-o|Clanging Scales|p2a: Gengar|[spread] p2a\n|-activate|p2b: Primarina|move: Protect\n|-damage|p2a: Gengar|0 fnt\n|faint|p2a: Gengar\n|-unboost|p1b: Kommo-o|def|1\n|\n|-weather|none\n|upkeep\n|turn|13\n|\n|t:|1776357879\n|move|p1b: Kommo-o|Aura Sphere|p2b: Primarina\n|-resisted|p2b: Primarina|1\n|-damage|p2b: Primarina|0 fnt\n|faint|p2b: Primarina\n|\n|win|4bied\n|raw|4bied's rating: 1247 &rarr; <strong>1276</strong><br />(+29 for winning)\n|raw|Icarus#UPAD's rating: 1307 &rarr; <strong>1284</strong><br />(-23 for losing)\n|l|\u2606Icarus#UPAD\n|player|p2|\n|c|\u26064bied|Gg\n",
  "uploadtime": 1776357894,
  "views": 49,
  "formatid": "gen9championsvgc2026regma",
  "rating": 1276,
  "private": 0,
  "password": null
}