{
  "id": "gen9championsvgc2026regma-2584418737",
  "format": "[Gen 9 Champions] VGC 2026 Reg M-A",
  "players": [
    "g7ez",
    "Vintagish"
  ],
  "log": "|j|\u2606g7ez\n|j|\u2606Vintagish\n|t:|1776259498\n|gametype|doubles\n|player|p1|g7ez|bugcatcher-gen4dp|1094\n|player|p2|Vintagish|266|1097\n|gen|9\n|tier|[Gen 9 Champions] VGC 2026 Reg M-A\n|rated|\n|rule|Species Clause: Limit one of each Pok\u00e9mon\n|rule|Item Clause: Limit 1 of each item\n|clearpoke\n|poke|p1|Hawlucha, L50, M|\n|poke|p1|Excadrill, L50, M|\n|poke|p1|Tyranitar, L50, M|\n|poke|p1|Sableye, L50, F|\n|poke|p1|Whimsicott, L50, F|\n|poke|p1|Zoroark-Hisui, L50, F|\n|poke|p2|Arcanine-Hisui, L50, M|\n|poke|p2|Basculegion, L50, M|\n|poke|p2|Froslass, L50, F|\n|poke|p2|Kingambit, L50, M|\n|poke|p2|Sneasler, L50, F|\n|poke|p2|Sinistcha, L50|\n|teampreview|4\n|inactive|Battle timer is ON: inactive players will automatically lose when time's up. (requested by g7ez)\n|inactive|Vintagish has 60 seconds left.\n|inactive|Vintagish has 30 seconds left.\ng7ez has agreed to open team sheets.\n|inactive|Vintagish has 20 seconds left.\n|inactive|Vintagish has 15 seconds left.\n|c|\u2606g7ez|Hey, idiot\n|inactive|Vintagish has 10 seconds left.\n|inactive|Vintagish has 5 seconds left.\n|\n|t:|1776259590\n|teamsize|p1|4\n|teamsize|p2|4\n|start\n|switch|p1a: Sableye|Sableye, L50, F|100/100\n|switch|p1b: Excadrill|Excadrill, L50, M|100/100\n|switch|p2a: Froslass|Froslass, L50, F|100/100\n|switch|p2b: Sneasler|Sneasler, L50, F|100/100\n|turn|1\n|inactive|g7ez has 30 seconds left.\n|\n|t:|1776259615\n|detailschange|p2a: Froslass|Froslass-Mega, L50, F\n|-mega|p2a: Froslass|Froslass|Froslassite\n|-weather|Snowscape|[from] ability: Snow Warning|[of] p2a: Froslass\n|move|p2b: Sneasler|Fake Out|p1b: Excadrill\n|-immune|p1b: Excadrill\n|move|p1a: Sableye|Sucker Punch||[still]\n|-fail|p1a: Sableye\n|move|p2a: Froslass|Aurora Veil|p2a: Froslass\n|-sidestart|p2: Vintagish|move: Aurora Veil\n|move|p1b: Excadrill|Shadow Ball|p2a: Froslass\n|-supereffective|p2a: Froslass|1\n|-damage|p2a: Froslass|36/100\n|-unboost|p2a: Froslass|spd|1\n|\n|-weather|Snowscape|[upkeep]\n|upkeep\n|turn|2\n|inactive|g7ez has 30 seconds left.\n|inactive|Vintagish has 30 seconds left.\n|inactive|g7ez has 20 seconds left.\n|\n|t:|1776259653\n|move|p1a: Sableye|Encore|p2b: Sneasler\n|-start|p2b: Sneasler|Encore\n|move|p2b: Sneasler|Fake Out||[still]\n|-hint|Fake Out only works on your first turn out.\n|-fail|p2b: Sneasler\n|move|p2a: Froslass|Shadow Ball|p1b: Excadrill\n|-immune|p1b: Excadrill\n|move|p1b: Excadrill|Shadow Ball|p2a: Froslass\n|-supereffective|p2a: Froslass|1\n|-damage|p2a: Froslass|0 fnt\n|faint|p2a: Froslass\n|\n|-weather|Snowscape|[upkeep]\n|upkeep\n|\n|t:|1776259666\n|switch|p2a: Basculegion|Basculegion, L50, M|100/100\n|turn|3\n|\n|t:|1776259680\n|switch|p2b: Sinistcha|Sinistcha, L50|100/100\n|move|p1a: Sableye|Sucker Punch|p2a: Basculegion\n|-supereffective|p2a: Basculegion|1\n|-damage|p2a: Basculegion|53/100\n|move|p1b: Excadrill|Shadow Ball|p2a: Basculegion\n|-supereffective|p2a: Basculegion|1\n|-damage|p2a: Basculegion|0 fnt\n|faint|p2a: Basculegion\n|\n|-weather|Snowscape|[upkeep]\n|upkeep\n|\n|t:|1776259690\n|switch|p2a: Sneasler|Sneasler, L50, F|100/100\n|turn|4\n|inactive|Vintagish has 30 seconds left.\n|\n|t:|1776259719\n|move|p1a: Sableye|Sucker Punch|p2b: Sinistcha\n|-supereffective|p2b: Sinistcha|1\n|-damage|p2b: Sinistcha|70/100\n|move|p2a: Sneasler|Dire Claw|p1b: Excadrill\n|-resisted|p1b: Excadrill|1\n|-damage|p1b: Excadrill|57/100\n|replace|p1b: Zoroark|Zoroark-Hisui, L50, F\n|-end|p1b: Zoroark|Illusion\n|move|p1b: Zoroark|Shadow Ball|p2b: Sinistcha\n|-supereffective|p2b: Sinistcha|1\n|-damage|p2b: Sinistcha|10/100\n|-enditem|p2b: Sinistcha|Sitrus Berry|[eat]\n|-heal|p2b: Sinistcha|35/100|[from] item: Sitrus Berry\n|move|p2b: Sinistcha|Matcha Gotcha|p1b: Zoroark|[spread] p1a,p1b\n|-damage|p1a: Sableye|64/100\n|-heal|p2b: Sinistcha|55/100|[from] drain|[of] p1a: Sableye\n|-damage|p1b: Zoroark|4/100\n|-heal|p2b: Sinistcha|79/100|[from] drain|[of] p1b: Zoroark\n|-status|p1b: Zoroark|brn\n|\n|-weather|Snowscape|[upkeep]\n|-heal|p1a: Sableye|69/100|[from] item: Leftovers\n|-damage|p1b: Zoroark|0 fnt|[from] brn\n|faint|p1b: Zoroark\n|upkeep\n|inactive|g7ez has 30 seconds left.\n|\n|t:|1776259749\n|switch|p1b: Hawlucha|Hawlucha, L50, M|100/100\n|turn|5\n|inactive|g7ez has 30 seconds left.\n|\n|t:|1776259783\n|detailschange|p1b: Hawlucha|Hawlucha-Mega, L50, M\n|-mega|p1b: Hawlucha|Hawlucha|Hawluchanite\n|move|p1a: Sableye|Sucker Punch|p2a: Sneasler\n|-resisted|p2a: Sneasler|1\n|-damage|p2a: Sneasler|86/100\n|move|p2a: Sneasler|Dire Claw|p1a: Sableye\n|-resisted|p1a: Sableye|1\n|-damage|p1a: Sableye|39/100\n|move|p1b: Hawlucha|Brave Bird|p2b: Sinistcha\n|-supereffective|p2b: Sinistcha|1\n|-damage|p2b: Sinistcha|0 fnt\n|faint|p2b: Sinistcha\n|-damage|p1b: Hawlucha|76/100|[from] Recoil\n|\n|-weather|none\n|-heal|p1a: Sableye|45/100|[from] item: Leftovers\n|-sideend|p2: Vintagish|move: Aurora Veil\n|upkeep\n|turn|6\n|\n|t:|1776259805\n|switch|p1a: Excadrill|Excadrill, L50, M|100/100\n|move|p2a: Sneasler|Dire Claw|p1b: Hawlucha\n|-damage|p1b: Hawlucha|24/100\n|move|p1b: Hawlucha|Brave Bird|p2a: Sneasler\n|-supereffective|p2a: Sneasler|1\n|-damage|p2a: Sneasler|0 fnt\n|faint|p2a: Sneasler\n|-damage|p1b: Hawlucha|0 fnt|[from] Recoil\n|faint|p1b: Hawlucha\n|\n|win|g7ez\n|raw|g7ez's rating: 1094 &rarr; <strong>1120</strong><br />(+26 for winning)\n|raw|Vintagish's rating: 1097 &rarr; <strong>1072</strong><br />(-25 for losing)\n|l|\u2606Vintagish\n|player|p2|\n|l|\u2606g7ez\n|player|p1|\n|j|\u2606g7ez\n|player|p1|g7ez|bugcatcher-gen4dp|\n",
  "uploadtime": 1776259835,
  "views": 18,
  "formatid": "gen9championsvgc2026regma",
  "rating": 1072,
  "private": 0,
  "password": null
}