{
  "id": "gen9championsvgc2026regma-2582999711",
  "format": "[Gen 9 Champions] VGC 2026 Reg M-A",
  "players": [
    "25Arcanines",
    "Tarowalker"
  ],
  "log": "|j|\u260625Arcanines\n|j|\u2606Tarowalker\n|t:|1776132129\n|gametype|doubles\n|player|p1|25Arcanines|rei|1069\n|player|p2|Tarowalker|1|1000\n|gen|9\n|tier|[Gen 9 Champions] VGC 2026 Reg M-A\n|rated|\n|rule|Species Clause: Limit one of each Pok\u00e9mon\n|rule|Item Clause: Limit 1 of each item\n|clearpoke\n|poke|p1|Arcanine-Hisui, L50, M|\n|poke|p1|Sneasler, L50, M|\n|poke|p1|Gyarados, L50, M|\n|poke|p1|Whimsicott, L50, F|\n|poke|p1|Aegislash, L50, M|\n|poke|p1|Garchomp, L50, M|\n|poke|p2|Talonflame, L50, F|\n|poke|p2|Froslass, L50, F|\n|poke|p2|Decidueye-Hisui, L50, M|\n|poke|p2|Farigiraf, L50, F|\n|poke|p2|Golurk, L50|\n|poke|p2|Slowbro, L50, M|\n|teampreview|4\n|c|\u260625Arcanines|glhf\n|\n|t:|1776132173\n|teamsize|p1|4\n|teamsize|p2|4\n|start\n|switch|p1a: Chargoyle|Arcanine-Hisui, L50, M|100/100\n|switch|p1b: ew|Sneasler, L50, M|100/100\n|switch|p2a: Golurk|Golurk, L50|100/100\n|switch|p2b: Farigiraf|Farigiraf, L50, F|100/100\n|-ability|p1a: Chargoyle|Intimidate|boost\n|-unboost|p2a: Golurk|atk|1\n|-unboost|p2b: Farigiraf|atk|1\n|turn|1\n|\n|t:|1776132204\n|switch|p1a: THE ATROCITY|Gyarados, L50, M|100/100\n|-ability|p1a: THE ATROCITY|Intimidate|boost\n|-unboost|p2a: Golurk|atk|1\n|-unboost|p2b: Farigiraf|atk|1\n|move|p2a: Golurk|Protect|p2a: Golurk\n|-singleturn|p2a: Golurk|Protect\n|move|p1b: ew|Coaching|p1a: THE ATROCITY\n|-boost|p1a: THE ATROCITY|atk|1\n|-boost|p1a: THE ATROCITY|def|1\n|move|p2b: Farigiraf|Trick Room|p2b: Farigiraf\n|-fieldstart|move: Trick Room|[of] p2b: Farigiraf\n|\n|upkeep\n|turn|2\n|\n|t:|1776132230\n|switch|p1b: Chargoyle|Arcanine-Hisui, L50, M|100/100\n|-ability|p1b: Chargoyle|Intimidate|boost\n|-unboost|p2a: Golurk|atk|1\n|-unboost|p2b: Farigiraf|atk|1\n|detailschange|p1a: THE ATROCITY|Gyarados-Mega, L50, M\n|-mega|p1a: THE ATROCITY|Gyarados|Gyaradosite\n|-ability|p1a: THE ATROCITY|Mold Breaker\n|move|p2b: Farigiraf|Twin Beam|p1b: Chargoyle\n|-damage|p1b: Chargoyle|75/100\n|-damage|p1b: Chargoyle|48/100\n|-hitcount|p1b: Chargoyle|2\n|move|p2a: Golurk|Smack Down|p1a: THE ATROCITY\n|-damage|p1a: THE ATROCITY|96/100\n|move|p1a: THE ATROCITY|Crunch|p2a: Golurk\n|-supereffective|p2a: Golurk|1\n|-damage|p2a: Golurk|0 fnt\n|faint|p2a: Golurk\n|\n|upkeep\n|\n|t:|1776132247\n|switch|p2a: Froslass|Froslass, L50, F|100/100\n|turn|3\n|\n|t:|1776132278\n|detailschange|p2a: Froslass|Froslass-Mega, L50, F\n|-mega|p2a: Froslass|Froslass|Froslassite\n|-weather|Snowscape|[from] ability: Snow Warning|[of] p2a: Froslass\n|move|p2b: Farigiraf|Dazzling Gleam|p1b: Chargoyle|[spread] p1a,p1b\n|-supereffective|p1a: THE ATROCITY|1\n|-resisted|p1b: Chargoyle|1\n|-damage|p1a: THE ATROCITY|70/100\n|-damage|p1b: Chargoyle|35/100\n|move|p1a: THE ATROCITY|Crunch|p2a: Froslass\n|-supereffective|p2a: Froslass|1\n|-damage|p2a: Froslass|0 fnt\n|faint|p2a: Froslass\n|move|p1b: Chargoyle|Rock Slide|p2b: Farigiraf\n|-damage|p2b: Farigiraf|50/100\n|\n|-weather|Snowscape|[upkeep]\n|-heal|p2b: Farigiraf|56/100|[from] item: Leftovers\n|upkeep\n|\n|t:|1776132293\n|switch|p2a: Talonflame|Talonflame, L50, F|100/100\n|turn|4\n|\n|t:|1776132324\n|move|p2a: Talonflame|Protect|p2a: Talonflame\n|-singleturn|p2a: Talonflame|Protect\n|move|p2b: Farigiraf|Energy Ball|p1a: THE ATROCITY\n|-supereffective|p1a: THE ATROCITY|1\n|-damage|p1a: THE ATROCITY|27/100\n|move|p1a: THE ATROCITY|Waterfall|p2b: Farigiraf\n|-damage|p2b: Farigiraf|0 fnt\n|faint|p2b: Farigiraf\n|move|p1b: Chargoyle|Rock Slide|p2a: Talonflame\n|-activate|p2a: Talonflame|move: Protect\n|\n|-weather|Snowscape|[upkeep]\n|upkeep\n|turn|5\n|-message|Tarowalker forfeited.\n|\n|win|25Arcanines\n|raw|25Arcanines's rating: 1069 &rarr; <strong>1093</strong><br />(+24 for winning)\n|raw|Tarowalker's rating: 1000 &rarr; <strong>1000</strong><br />(+0 for losing)\n|l|\u2606Tarowalker\n|player|p2|\n|c|\u260625Arcanines|gg\n|c|\u260625Arcanines|INTIMIDATE BOTS SHALL PREVAIL\n",
  "uploadtime": 1776132356,
  "views": 14,
  "formatid": "gen9championsvgc2026regma",
  "rating": 1000,
  "private": 0,
  "password": null
}