{
  "id": "gen9championsvgc2026regma-2585450022",
  "format": "[Gen 9 Champions] VGC 2026 Reg M-A",
  "players": [
    "kaguyaxxx",
    "campeondelfitness"
  ],
  "log": "|j|\u2606kaguyaxxx\n|j|\u2606campeondelfitness\n|t:|1776348098\n|gametype|doubles\n|player|p1|kaguyaxxx|rocketgruntf|1073\n|player|p2|campeondelfitness|swimmer|1098\n|gen|9\n|tier|[Gen 9 Champions] VGC 2026 Reg M-A\n|rated|\n|rule|Species Clause: Limit one of each Pok\u00e9mon\n|rule|Item Clause: Limit 1 of each item\n|clearpoke\n|poke|p1|Drampa, L50, F|\n|poke|p1|Sinistcha, L50|\n|poke|p1|Alakazam, L50, M|\n|poke|p1|Basculegion, L50, M|\n|poke|p1|Scizor, L50, M|\n|poke|p1|Pelipper, L50, M|\n|poke|p2|Tyranitar, L50, M|\n|poke|p2|Garchomp, L50, F|\n|poke|p2|Heliolisk, L50, F|\n|poke|p2|Rotom-Heat, L50|\n|poke|p2|Orthworm, L50, M|\n|poke|p2|Aerodactyl, L50, F|\n|teampreview|4\n|inactive|Battle timer is ON: inactive players will automatically lose when time's up. (requested by campeondelfitness)\n|inactive|campeondelfitness has 60 seconds left.\n|\n|t:|1776348130\n|teamsize|p1|4\n|teamsize|p2|4\n|start\n|switch|p1a: Drampa|Drampa, L50, F|100/100\n|switch|p1b: Alakazam|Alakazam, L50, M|100/100\n|switch|p2a: Aerodactyl|Aerodactyl, L50, F|100/100\n|switch|p2b: Rotom|Rotom-Heat, L50|100/100\n|-ability|p2a: Aerodactyl|Unnerve\n|-ability|p1a: Drampa|Cloud Nine\n|turn|1\n|inactive|kaguyaxxx has 30 seconds left.\n|\n|t:|1776348159\n|detailschange|p1a: Drampa|Drampa-Mega, L50, F\n|-mega|p1a: Drampa|Drampa|Drampanite\n|move|p2a: Aerodactyl|Rock Slide|p1b: Alakazam|[spread] p1a,p1b\n|-damage|p1a: Drampa|76/100\n|-damage|p1b: Alakazam|54/100\n|move|p1b: Alakazam|Light Screen|p1b: Alakazam\n|-sidestart|p1: kaguyaxxx|move: Light Screen\n|move|p2b: Rotom|Volt Switch|p1b: Alakazam\n|-damage|p1b: Alakazam|35/100\n|inactive|campeondelfitness has 30 seconds left.\n|\n|t:|1776348185\n|switch|p2b: Tyranitar|Tyranitar, L50, M|100/100|[from] Volt Switch\n|-weather|Sandstorm|[from] ability: Sand Stream|[of] p2b: Tyranitar\n|cant|p1a: Drampa|flinch\n|\n|-weather|Sandstorm|[upkeep]\n|-damage|p1b: Alakazam|29/100|[from] Sandstorm\n|-damage|p1a: Drampa|70/100|[from] Sandstorm\n|upkeep\n|turn|2\n|inactive|kaguyaxxx has 30 seconds left.\n|inactive|campeondelfitness has 30 seconds left.\n|\n|t:|1776348218\n|switch|p1b: Pelipper|Pelipper, L50, M|100/100\n|-weather|RainDance|[from] ability: Drizzle|[of] p1b: Pelipper\n|move|p2a: Aerodactyl|Tailwind|p2a: Aerodactyl\n|-sidestart|p2: campeondelfitness|move: Tailwind\n|move|p2b: Tyranitar|Knock Off|p1b: Pelipper\n|-damage|p1b: Pelipper|48/100\n|-enditem|p1b: Pelipper|Focus Sash|[from] move: Knock Off|[of] p2b: Tyranitar\n|move|p1a: Drampa|Earth Power|p2b: Tyranitar\n|-supereffective|p2b: Tyranitar|1\n|-damage|p2b: Tyranitar|30/100\n|\n|-weather|RainDance|[upkeep]\n|upkeep\n|turn|3\n|\n|t:|1776348242\n|switch|p2b: Rotom|Rotom-Heat, L50|100/100\n|move|p2a: Aerodactyl|Rock Slide|p1b: Pelipper|[spread] p1a,p1b\n|-supereffective|p1b: Pelipper|1\n|-damage|p1a: Drampa|48/100\n|-damage|p1b: Pelipper|0 fnt\n|faint|p1b: Pelipper\n|-ability|p1a: Drampa|Berserk|boost\n|-boost|p1a: Drampa|spa|1\n|move|p1a: Drampa|Earth Power|p2b: Rotom\n|-immune|p2b: Rotom|[from] ability: Levitate\n|\n|-weather|RainDance|[upkeep]\n|upkeep\n|\n|t:|1776348247\n|switch|p1b: Sinistcha|Sinistcha, L50|100/100\n|-heal|p1a: Drampa|72/100|[from] ability: Hospitality|[of] p1b: Sinistcha\n|turn|4\n|\n|t:|1776348264\n|switch|p2b: Tyranitar|Tyranitar, L50, M|30/100\n|-weather|Sandstorm|[from] ability: Sand Stream|[of] p2b: Tyranitar\n|move|p2a: Aerodactyl|Wide Guard|p2a: Aerodactyl\n|-singleturn|p2a: Aerodactyl|Wide Guard\n|move|p1a: Drampa|Hyper Voice|p2b: Tyranitar|[spread] \n|-activate|p2a: Aerodactyl|move: Wide Guard\n|-activate|p2b: Tyranitar|move: Wide Guard\n|move|p1b: Sinistcha|Trick Room|p1b: Sinistcha\n|-fieldstart|move: Trick Room|[of] p1b: Sinistcha\n|\n|-weather|Sandstorm|[upkeep]\n|-damage|p1a: Drampa|66/100|[from] Sandstorm\n|-damage|p1b: Sinistcha|94/100|[from] Sandstorm\n|upkeep\n|turn|5\n|inactive|kaguyaxxx has 30 seconds left.\n|inactive|kaguyaxxx has 20 seconds left.\n|\n|t:|1776348300\n|switch|p2b: Rotom|Rotom-Heat, L50|100/100\n|move|p2a: Aerodactyl|Wide Guard|p2a: Aerodactyl\n|-singleturn|p2a: Aerodactyl|Wide Guard\n|move|p1a: Drampa|Earth Power|p2b: Rotom\n|-immune|p2b: Rotom|[from] ability: Levitate\n|move|p1b: Sinistcha|Matcha Gotcha|p2b: Rotom|[spread] \n|-activate|p2a: Aerodactyl|move: Wide Guard\n|-activate|p2b: Rotom|move: Wide Guard\n|\n|-weather|Sandstorm|[upkeep]\n|-damage|p1a: Drampa|60/100|[from] Sandstorm\n|-damage|p1b: Sinistcha|88/100|[from] Sandstorm\n|-damage|p2b: Rotom|95/100|[from] Sandstorm\n|-sideend|p1: kaguyaxxx|move: Light Screen\n|-sideend|p2: campeondelfitness|move: Tailwind\n|upkeep\n|turn|6\n|\n|t:|1776348321\n|move|p2a: Aerodactyl|Wide Guard|p2a: Aerodactyl\n|-singleturn|p2a: Aerodactyl|Wide Guard\n|move|p1b: Sinistcha|Rage Powder|p1b: Sinistcha\n|-singleturn|p1b: Sinistcha|move: Rage Powder\n|move|p1a: Drampa|Calm Mind|p1a: Drampa\n|-boost|p1a: Drampa|spa|1\n|-boost|p1a: Drampa|spd|1\n|move|p2b: Rotom|Overheat|p1b: Sinistcha\n|-supereffective|p1b: Sinistcha|1\n|-damage|p1b: Sinistcha|13/100\n|-unboost|p2b: Rotom|spa|2\n|\n|-weather|Sandstorm|[upkeep]\n|-damage|p1a: Drampa|55/100|[from] Sandstorm\n|-damage|p1b: Sinistcha|7/100|[from] Sandstorm\n|-damage|p2b: Rotom|89/100|[from] Sandstorm\n|upkeep\n|turn|7\n|inactive|kaguyaxxx has 30 seconds left.\n|\n|t:|1776348347\n|move|p2a: Aerodactyl|Wide Guard|p2a: Aerodactyl\n|-singleturn|p2a: Aerodactyl|Wide Guard\n|move|p1a: Drampa|Hyper Voice|p2b: Rotom|[spread] \n|-activate|p2a: Aerodactyl|move: Wide Guard\n|-activate|p2b: Rotom|move: Wide Guard\n|move|p1b: Sinistcha|Life Dew|p1b: Sinistcha|[spread] p1a,p1b\n|-heal|p1a: Drampa|79/100\n|-heal|p1b: Sinistcha|32/100\n|move|p2b: Rotom|Will-O-Wisp|p1a: Drampa\n|-status|p1a: Drampa|brn\n|\n|-weather|Sandstorm|[upkeep]\n|-damage|p1a: Drampa|73/100 brn|[from] Sandstorm\n|-damage|p1b: Sinistcha|26/100|[from] Sandstorm\n|-damage|p2b: Rotom|83/100|[from] Sandstorm\n|-damage|p1a: Drampa|68/100 brn|[from] brn\n|upkeep\n|turn|8\n|\n|t:|1776348368\n|switch|p1b: Alakazam|Alakazam, L50, M|29/100\n|move|p2a: Aerodactyl|Wide Guard|p2a: Aerodactyl\n|-singleturn|p2a: Aerodactyl|Wide Guard\n|move|p1a: Drampa|Hyper Voice|p2a: Aerodactyl|[spread] \n|-activate|p2a: Aerodactyl|move: Wide Guard\n|-activate|p2b: Rotom|move: Wide Guard\n|move|p2b: Rotom|Will-O-Wisp|p1b: Alakazam\n|-status|p1b: Alakazam|brn\n|\n|-weather|none\n|-damage|p1a: Drampa|62/100 brn|[from] brn\n|-damage|p1b: Alakazam|23/100 brn|[from] brn\n|-fieldend|move: Trick Room\n|upkeep\n|turn|9\n|inactive|campeondelfitness has 30 seconds left.\n|inactive|campeondelfitness has 20 seconds left.\n|\n|t:|1776348403\n|switch|p2a: Tyranitar|Tyranitar, L50, M|30/100\n|-weather|Sandstorm|[from] ability: Sand Stream|[of] p2a: Tyranitar\n|move|p1b: Alakazam|Psychic|p2a: Tyranitar\n|-immune|p2a: Tyranitar\n|move|p2b: Rotom|Volt Switch|p1b: Alakazam\n|-damage|p1b: Alakazam|8/100 brn\n|\n|t:|1776348414\n|switch|p2b: Aerodactyl|Aerodactyl, L50, F|100/100|[from] Volt Switch\n|-ability|p2b: Aerodactyl|Unnerve\n|move|p1a: Drampa|Hyper Voice|p2b: Aerodactyl|[spread] p2a,p2b\n|-resisted|p2a: Tyranitar|1\n|-resisted|p2b: Aerodactyl|1\n|-damage|p2a: Tyranitar|6/100\n|-damage|p2b: Aerodactyl|58/100\n|\n|-weather|Sandstorm|[upkeep]\n|-damage|p1b: Alakazam|2/100 brn|[from] Sandstorm\n|-damage|p1a: Drampa|56/100 brn|[from] Sandstorm\n|-damage|p1b: Alakazam|0 fnt|[from] brn\n|faint|p1b: Alakazam\n|-damage|p1a: Drampa|50/100 brn|[from] brn\n|upkeep\n|\n|t:|1776348420\n|switch|p1b: Sinistcha|Sinistcha, L50|26/100\n|-heal|p1a: Drampa|75/100 brn|[from] ability: Hospitality|[of] p1b: Sinistcha\n|turn|10\n|\n|t:|1776348433\n|move|p2b: Aerodactyl|Wide Guard|p2b: Aerodactyl\n|-singleturn|p2b: Aerodactyl|Wide Guard\n|move|p2a: Tyranitar|Knock Off|p1b: Sinistcha\n|-supereffective|p1b: Sinistcha|1\n|-damage|p1b: Sinistcha|0 fnt\n|-enditem|p1b: Sinistcha|Sitrus Berry|[from] move: Knock Off|[of] p2a: Tyranitar\n|faint|p1b: Sinistcha\n|move|p1a: Drampa|Hyper Voice|p2b: Aerodactyl|[spread] \n|-activate|p2a: Tyranitar|move: Wide Guard\n|-activate|p2b: Aerodactyl|move: Wide Guard\n|\n|-weather|Sandstorm|[upkeep]\n|-damage|p1a: Drampa|69/100 brn|[from] Sandstorm\n|-damage|p1a: Drampa|63/100 brn|[from] brn\n|upkeep\n|turn|11\n|\n|t:|1776348449\n|move|p2b: Aerodactyl|Wide Guard|p2b: Aerodactyl\n|-singleturn|p2b: Aerodactyl|Wide Guard\n|move|p2a: Tyranitar|Knock Off|p1a: Drampa\n|-damage|p1a: Drampa|37/100 brn\n|-ability|p1a: Drampa|Berserk|boost\n|-boost|p1a: Drampa|spa|1\n|move|p1a: Drampa|Earth Power|p2a: Tyranitar\n|-supereffective|p2a: Tyranitar|1\n|-damage|p2a: Tyranitar|0 fnt\n|faint|p2a: Tyranitar\n|\n|-weather|Sandstorm|[upkeep]\n|-damage|p1a: Drampa|31/100 brn|[from] Sandstorm\n|-damage|p1a: Drampa|25/100 brn|[from] brn\n|upkeep\n|\n|t:|1776348462\n|switch|p2a: Rotom|Rotom-Heat, L50|83/100\n|turn|12\n|\n|t:|1776348469\n|move|p2b: Aerodactyl|Wide Guard|p2b: Aerodactyl\n|-singleturn|p2b: Aerodactyl|Wide Guard\n|move|p2a: Rotom|Volt Switch|p1a: Drampa\n|-resisted|p1a: Drampa|1\n|-damage|p1a: Drampa|18/100 brn\n|\n|t:|1776348475\n|switch|p2a: Garchomp|Garchomp, L50, F|100/100|[from] Volt Switch\n|move|p1a: Drampa|Hyper Voice|p2b: Aerodactyl|[spread] \n|-activate|p2a: Garchomp|move: Wide Guard\n|-activate|p2b: Aerodactyl|move: Wide Guard\n|\n|-weather|Sandstorm|[upkeep]\n|-damage|p1a: Drampa|12/100 brn|[from] Sandstorm\n|-damage|p1a: Drampa|6/100 brn|[from] brn\n|upkeep\n|turn|13\n|\n|t:|1776348488\n|detailschange|p2a: Garchomp|Garchomp-Mega, L50, F\n|-mega|p2a: Garchomp|Garchomp|Garchompite\n|move|p2b: Aerodactyl|Wide Guard|p2b: Aerodactyl\n|-singleturn|p2b: Aerodactyl|Wide Guard\n|move|p2a: Garchomp|Dragon Claw|p1a: Drampa\n|-supereffective|p1a: Drampa|1\n|-damage|p1a: Drampa|0 fnt\n|faint|p1a: Drampa\n|\n|win|campeondelfitness\n|raw|kaguyaxxx's rating: 1073 &rarr; <strong>1054</strong><br />(-19 for losing)\n|raw|campeondelfitness's rating: 1098 &rarr; <strong>1121</strong><br />(+23 for winning)\n",
  "uploadtime": 1776348498,
  "views": 47,
  "formatid": "gen9championsvgc2026regma",
  "rating": 1054,
  "private": 0,
  "password": null
}