{
  "id": "gen9championsvgc2026regma-2585097264",
  "format": "[Gen 9 Champions] VGC 2026 Reg M-A",
  "players": [
    "Dudeguy47",
    "Leemo1218"
  ],
  "log": "|j|\u2606Dudeguy47\n|j|\u2606Leemo1218\n|t:|1776311451\n|gametype|doubles\n|player|p1|Dudeguy47|101|1166\n|player|p2|Leemo1218|riley|1107\n|gen|9\n|tier|[Gen 9 Champions] VGC 2026 Reg M-A\n|rated|\n|rule|Species Clause: Limit one of each Pok\u00e9mon\n|rule|Item Clause: Limit 1 of each item\n|clearpoke\n|poke|p1|Delphox, L50, M|\n|poke|p1|Garchomp, L50, F|\n|poke|p1|Sneasler, L50, F|\n|poke|p1|Clefable, L50, F|\n|poke|p1|Aegislash, L50, M|\n|poke|p1|Meowscarada, L50, M|\n|poke|p2|Incineroar, L50, F|\n|poke|p2|Gengar, L50, M|\n|poke|p2|Kingambit, L50, F|\n|poke|p2|Maushold-Four, L50|\n|poke|p2|Palafin, L50, F|\n|poke|p2|Kommo-o, L50, M|\n|teampreview|4\n|inactive|Battle timer is ON: inactive players will automatically lose when time's up. (requested by Dudeguy47)\nDudeguy47 rejected open team sheets.\n|\n|t:|1776311477\n|teamsize|p1|4\n|teamsize|p2|4\n|start\n|switch|p1a: Clefable|Clefable, L50, F|100/100\n|switch|p1b: Garchomp|Garchomp, L50, F|100/100\n|switch|p2a: Gengar|Gengar, L50, M, shiny|100/100\n|switch|p2b: Incineroar|Incineroar, L50, F|100/100\n|-ability|p2b: Incineroar|Intimidate|boost\n|-unboost|p1a: Clefable|atk|1\n|-unboost|p1b: Garchomp|atk|1\n|turn|1\n|\n|t:|1776311492\n|detailschange|p2a: Gengar|Gengar-Mega, L50, M, shiny\n|-mega|p2a: Gengar|Gengar|Gengarite\n|move|p1a: Clefable|Protect|p1a: Clefable\n|-singleturn|p1a: Clefable|Protect\n|move|p2b: Incineroar|Fake Out|p1b: Garchomp\n|-damage|p1b: Garchomp|89/100\n|-damage|p2b: Incineroar|88/100|[from] ability: Rough Skin|[of] p1b: Garchomp\n|move|p2a: Gengar|Perish Song|p2a: Gengar\n|-start|p1a: Clefable|perish3|[silent]\n|-start|p1b: Garchomp|perish3|[silent]\n|-start|p2a: Gengar|perish3|[silent]\n|-start|p2b: Incineroar|perish3|[silent]\n|-fieldactivate|move: Perish Song\n|cant|p1b: Garchomp|flinch\n|\n|-start|p2a: Gengar|perish3\n|-start|p1b: Garchomp|perish3\n|-start|p2b: Incineroar|perish3\n|-start|p1a: Clefable|perish3\n|upkeep\n|turn|2\n|inactive|Leemo1218 has 30 seconds left.\n|\n|t:|1776311519\n|switch|p2b: Palafin|Palafin, L50, F|100/100\n|move|p2a: Gengar|Protect|p2a: Gengar\n|-singleturn|p2a: Gengar|Protect\n|move|p1a: Clefable|Follow Me|p1a: Clefable\n|-singleturn|p1a: Clefable|move: Follow Me\n|move|p1b: Garchomp|Earthquake|p2b: Palafin|[spread] p1a,p2b\n|-activate|p2a: Gengar|move: Protect\n|-damage|p1a: Clefable|61/100\n|-damage|p2b: Palafin|62/100\n|\n|-start|p2a: Gengar|perish2\n|-start|p1b: Garchomp|perish2\n|-start|p1a: Clefable|perish2\n|upkeep\n|turn|3\n|\n|t:|1776311539\n|switch|p2a: Incineroar|Incineroar, L50, F|88/100\n|-ability|p2a: Incineroar|Intimidate|boost\n|-unboost|p1a: Clefable|atk|1\n|-unboost|p1b: Garchomp|atk|1\n|move|p1a: Clefable|Protect|p1a: Clefable\n|-singleturn|p1a: Clefable|Protect\n|move|p1b: Garchomp|Earthquake|p2b: Palafin|[spread] p2a,p2b\n|-activate|p1a: Clefable|move: Protect\n|-supereffective|p2a: Incineroar|1\n|-damage|p2a: Incineroar|47/100\n|-damage|p2b: Palafin|31/100\n|-enditem|p2a: Incineroar|Sitrus Berry|[eat]\n|-heal|p2a: Incineroar|71/100|[from] item: Sitrus Berry\n|move|p2b: Palafin|Flip Turn|p1b: Garchomp\n|-damage|p1b: Garchomp|63/100\n|-damage|p2b: Palafin|19/100|[from] ability: Rough Skin|[of] p1b: Garchomp\n|\n|t:|1776311556\n|detailschange|p2b: Palafin|Palafin-Hero, L50, F\n|switch|p2b: Gengar|Gengar-Mega, L50, M, shiny|100/100|[from] Flip Turn\n|\n|-start|p1b: Garchomp|perish1\n|-start|p1a: Clefable|perish1\n|upkeep\n|turn|4\n|\n|t:|1776311569\n|move|p2b: Gengar|Protect|p2b: Gengar\n|-singleturn|p2b: Gengar|Protect\n|move|p2a: Incineroar|Fake Out|p1b: Garchomp\n|-damage|p1b: Garchomp|53/100\n|-damage|p2a: Incineroar|59/100|[from] ability: Rough Skin|[of] p1b: Garchomp\n|cant|p1b: Garchomp|flinch\n|move|p1a: Clefable|Thunder Wave|p2a: Incineroar|[miss]\n|-miss|p1a: Clefable|p2a: Incineroar\n|\n|-start|p1b: Garchomp|perish0\n|-start|p1a: Clefable|perish0\n|faint|p1b: Garchomp\n|faint|p1a: Clefable\n|upkeep\n|\n|t:|1776311578\n|switch|p1b: Sneasler|Sneasler, L50, F|100/100\n|switch|p1a: Meowscarada|Meowscarada, L50, M|100/100\n|turn|5\n|\n|t:|1776311595\n|move|p2b: Gengar|Perish Song|p2b: Gengar\n|-start|p1a: Meowscarada|perish3|[silent]\n|-start|p1b: Sneasler|perish3|[silent]\n|-start|p2a: Incineroar|perish3|[silent]\n|-start|p2b: Gengar|perish3|[silent]\n|-fieldactivate|move: Perish Song\n|move|p1a: Meowscarada|Knock Off|p2b: Gengar\n|-supereffective|p2b: Gengar|1\n|-damage|p2b: Gengar|38/100\n|move|p1b: Sneasler|Close Combat|p2a: Incineroar\n|-supereffective|p2a: Incineroar|1\n|-damage|p2a: Incineroar|0 fnt\n|-unboost|p1b: Sneasler|def|1\n|-unboost|p1b: Sneasler|spd|1\n|faint|p2a: Incineroar\n|-enditem|p1b: Sneasler|White Herb\n|-clearnegativeboost|p1b: Sneasler|[silent]\n|\n|-start|p1b: Sneasler|perish3\n|-start|p2b: Gengar|perish3\n|-start|p1a: Meowscarada|perish3\n|upkeep\n|\n|t:|1776311609\n|switch|p2a: Maushold|Maushold-Four, L50|100/100\n|turn|6\n|\n|t:|1776311620\n|move|p2b: Gengar|Protect|p2b: Gengar\n|-singleturn|p2b: Gengar|Protect\n|move|p2a: Maushold|Protect|p2a: Maushold\n|-singleturn|p2a: Maushold|Protect\n|move|p1b: Sneasler|Close Combat|p2a: Maushold\n|-activate|p2a: Maushold|move: Protect\n|move|p1a: Meowscarada|Knock Off|p2b: Gengar\n|-activate|p2b: Gengar|move: Protect\n|\n|-start|p1b: Sneasler|perish2\n|-start|p2b: Gengar|perish2\n|-start|p1a: Meowscarada|perish2\n|upkeep\n|turn|7\n|\n|t:|1776311643\n|move|p2a: Maushold|Follow Me|p2a: Maushold\n|-singleturn|p2a: Maushold|move: Follow Me\n|move|p1b: Sneasler|Close Combat|p2a: Maushold\n|-supereffective|p2a: Maushold|1\n|-damage|p2a: Maushold|0 fnt\n|-unboost|p1b: Sneasler|def|1\n|-unboost|p1b: Sneasler|spd|1\n|faint|p2a: Maushold\n|move|p2b: Gengar|Substitute|p2b: Gengar\n|-start|p2b: Gengar|Substitute\n|-damage|p2b: Gengar|14/100\n|move|p1a: Meowscarada|Knock Off|p2b: Gengar\n|-supereffective|p2b: Gengar|1\n|-end|p2b: Gengar|Substitute\n|\n|-start|p1b: Sneasler|perish1\n|-start|p2b: Gengar|perish1\n|-start|p1a: Meowscarada|perish1\n|upkeep\n|\n|t:|1776311654\n|switch|p2a: Palafin|Palafin-Hero, L50, F|19/100\n|-activate|p2a: Palafin|ability: Zero to Hero\n|turn|8\n|\n|t:|1776311665\n|move|p2b: Gengar|Protect|p2b: Gengar\n|-singleturn|p2b: Gengar|Protect\n|move|p2a: Palafin|Protect|p2a: Palafin\n|-singleturn|p2a: Palafin|Protect\n|move|p1a: Meowscarada|Sucker Punch||[still]\n|-fail|p1a: Meowscarada\n|move|p1b: Sneasler|Dire Claw|p2a: Palafin\n|-activate|p2a: Palafin|move: Protect\n|\n|-start|p1b: Sneasler|perish0\n|-start|p2b: Gengar|perish0\n|-start|p1a: Meowscarada|perish0\n|faint|p1b: Sneasler\n|faint|p2b: Gengar\n|faint|p1a: Meowscarada\n|\n|win|Leemo1218\n|raw|Dudeguy47's rating: 1166 &rarr; <strong>1137</strong><br />(-29 for losing)\n|raw|Leemo1218's rating: 1107 &rarr; <strong>1136</strong><br />(+29 for winning)\n|l|\u2606Dudeguy47\n|player|p1|\n",
  "uploadtime": 1776311681,
  "views": 25,
  "formatid": "gen9championsvgc2026regma",
  "rating": 1136,
  "private": 0,
  "password": null
}