{
  "id": "gen9championsvgc2026regma-2583189424",
  "format": "[Gen 9 Champions] VGC 2026 Reg M-A",
  "players": [
    "RandomGuyInSchool",
    "greenpoad"
  ],
  "log": "|j|\u2606RandomGuyInSchool\n|j|\u2606greenpoad\n|t:|1776152755\n|gametype|doubles\n|player|p1|RandomGuyInSchool|schoolkid-gen4|1096\n|player|p2|greenpoad|ingo|1019\n|gen|9\n|tier|[Gen 9 Champions] VGC 2026 Reg M-A\n|rated|\n|rule|Species Clause: Limit one of each Pok\u00e9mon\n|rule|Item Clause: Limit 1 of each item\n|clearpoke\n|poke|p1|Rotom-Wash, L50|\n|poke|p1|Incineroar, L50, F|\n|poke|p1|Sinistcha, L50|\n|poke|p1|Drampa, L50, F|\n|poke|p1|Gallade, L50, M|\n|poke|p1|Gengar, L50, M|\n|poke|p2|Golurk, L50|\n|poke|p2|Farigiraf, L50, M|\n|poke|p2|Gallade, L50, M|\n|poke|p2|Incineroar, L50, M|\n|poke|p2|Tyranitar, L50, M|\n|poke|p2|Primarina, L50, M|\n|teampreview|4\n|inactive|Battle timer is ON: inactive players will automatically lose when time's up. (requested by RandomGuyInSchool)\nRandomGuyInSchool rejected open team sheets.\n|inactive|greenpoad has 60 seconds left.\n|\n|t:|1776152797\n|teamsize|p1|4\n|teamsize|p2|4\n|start\n|switch|p1a: Drampa|Drampa, L50, F|100/100\n|switch|p1b: Incineroar|Incineroar, L50, F|100/100\n|switch|p2a: Gallade|Gallade, L50, M|100/100\n|switch|p2b: Golurk|Golurk, L50|100/100\n|-ability|p1b: Incineroar|Intimidate|boost\n|-unboost|p2a: Gallade|atk|1\n|-unboost|p2b: Golurk|atk|1\n|turn|1\n|\n|t:|1776152821\n|switch|p2b: Farigiraf|Farigiraf, L50, M|100/100\n|detailschange|p1a: Drampa|Drampa-Mega, L50, F\n|-mega|p1a: Drampa|Drampa|Drampanite\n|move|p1b: Incineroar|Fake Out||[still]\n|cant|p2b: Farigiraf|ability: Armor Tail|Fake Out|[of] p1b: Incineroar\n|move|p1a: Drampa|Calm Mind|p1a: Drampa\n|-boost|p1a: Drampa|spa|1\n|-boost|p1a: Drampa|spd|1\n|move|p2a: Gallade|Trick Room|p2a: Gallade\n|-fieldstart|move: Trick Room|[of] p2a: Gallade\n|\n|upkeep\n|turn|2\n|\n|t:|1776152845\n|move|p1a: Drampa|Protect|p1a: Drampa\n|-singleturn|p1a: Drampa|Protect\n|move|p2b: Farigiraf|Protect|p2b: Farigiraf\n|-singleturn|p2b: Farigiraf|Protect\n|move|p1b: Incineroar|Parting Shot|p2a: Gallade\n|-unboost|p2a: Gallade|atk|1\n|-unboost|p2a: Gallade|spa|1\n|\n|t:|1776152852\n|switch|p1b: Sinistcha|Sinistcha, L50|100/100|[from] Parting Shot\n|move|p2a: Gallade|Sacred Sword|p1a: Drampa\n|-activate|p1a: Drampa|move: Protect\n|\n|upkeep\n|turn|3\n|l|\u2606RandomGuyInSchool\n|inactive|RandomGuyInSchool disconnected and has a minute to reconnect!\n|player|p1|\n|inactive|RandomGuyInSchool has 30 seconds left.\n|inactive|RandomGuyInSchool has 20 seconds left.\n|j|\u2606RandomGuyInSchool\n|inactive|RandomGuyInSchool reconnected and has 20 seconds left.\n|player|p1|RandomGuyInSchool|schoolkid-gen4|\n|inactive|RandomGuyInSchool has 15 seconds left.\n|\n|t:|1776152893\n|switch|p1b: Incineroar|Incineroar, L50, F|100/100\n|-ability|p1b: Incineroar|Intimidate|boost\n|-unboost|p2a: Gallade|atk|1\n|-unboost|p2b: Farigiraf|atk|1\n|switch|p2a: Tyranitar|Tyranitar, L50, M|100/100\n|-weather|Sandstorm|[from] ability: Sand Stream|[of] p2a: Tyranitar\n|move|p1a: Drampa|Calm Mind|p1a: Drampa\n|-boost|p1a: Drampa|spa|1\n|-boost|p1a: Drampa|spd|1\n|move|p2b: Farigiraf|Psychic|p1a: Drampa\n|-damage|p1a: Drampa|82/100\n|\n|-weather|Sandstorm|[upkeep]\n|-damage|p1a: Drampa|76/100|[from] Sandstorm\n|-damage|p2b: Farigiraf|94/100|[from] Sandstorm\n|-damage|p1b: Incineroar|95/100|[from] Sandstorm\n|upkeep\n|turn|4\n|inactive|greenpoad has 30 seconds left.\n|\n|t:|1776152925\n|move|p2b: Farigiraf|Protect|p2b: Farigiraf\n|-singleturn|p2b: Farigiraf|Protect\n|move|p1a: Drampa|Earth Power|p2a: Tyranitar\n|-supereffective|p2a: Tyranitar|1\n|-damage|p2a: Tyranitar|2/100\n|move|p1b: Incineroar|Darkest Lariat|p2b: Farigiraf\n|-activate|p2b: Farigiraf|move: Protect\n|move|p2a: Tyranitar|Low Kick|p1a: Drampa\n|-supereffective|p1a: Drampa|1\n|-damage|p1a: Drampa|0 fnt\n|faint|p1a: Drampa\n|\n|-weather|Sandstorm|[upkeep]\n|-damage|p1b: Incineroar|89/100|[from] Sandstorm\n|-damage|p2b: Farigiraf|88/100|[from] Sandstorm\n|upkeep\n|\n|t:|1776152940\n|switch|p1a: Sinistcha|Sinistcha, L50|100/100\n|-heal|p1b: Incineroar|100/100|[from] ability: Hospitality|[of] p1a: Sinistcha\n|turn|5\n|\n|t:|1776152956\n|move|p2a: Tyranitar|Protect|p2a: Tyranitar\n|-singleturn|p2a: Tyranitar|Protect\n|move|p2b: Farigiraf|Psychic|p1a: Sinistcha\n|-damage|p1a: Sinistcha|59/100\n|move|p1b: Incineroar|Darkest Lariat|p2a: Tyranitar\n|-activate|p2a: Tyranitar|move: Protect\n|move|p1a: Sinistcha|Matcha Gotcha|p2a: Tyranitar|[spread] p2b\n|-activate|p2a: Tyranitar|move: Protect\n|-damage|p2b: Farigiraf|63/100\n|-heal|p1a: Sinistcha|76/100|[from] drain|[of] p2b: Farigiraf\n|\n|-weather|Sandstorm|[upkeep]\n|-damage|p2b: Farigiraf|57/100|[from] Sandstorm\n|-damage|p1b: Incineroar|95/100|[from] Sandstorm\n|-damage|p1a: Sinistcha|70/100|[from] Sandstorm\n|-fieldend|move: Trick Room\n|upkeep\n|turn|6\n|\n|t:|1776152977\n|move|p2a: Tyranitar|Low Kick|p1b: Incineroar\n|-supereffective|p1b: Incineroar|1\n|-damage|p1b: Incineroar|49/100\n|move|p1a: Sinistcha|Life Dew|p1a: Sinistcha|[spread] p1a,p1b\n|-heal|p1a: Sinistcha|95/100\n|-heal|p1b: Incineroar|74/100\n|move|p2b: Farigiraf|Psychic|p1a: Sinistcha\n|-damage|p1a: Sinistcha|52/100\n|move|p1b: Incineroar|Darkest Lariat|p2b: Farigiraf\n|-supereffective|p2b: Farigiraf|1\n|-damage|p2b: Farigiraf|0 fnt\n|faint|p2b: Farigiraf\n|\n|-weather|Sandstorm|[upkeep]\n|-damage|p1a: Sinistcha|46/100|[from] Sandstorm\n|-damage|p1b: Incineroar|68/100|[from] Sandstorm\n|-enditem|p1a: Sinistcha|Sitrus Berry|[eat]\n|-heal|p1a: Sinistcha|71/100|[from] item: Sitrus Berry\n|upkeep\n|\n|t:|1776152999\n|switch|p2b: Gallade|Gallade, L50, M|100/100\n|turn|7\n|\n|t:|1776153018\n|move|p1a: Sinistcha|Rage Powder|p1a: Sinistcha\n|-singleturn|p1a: Sinistcha|move: Rage Powder\n|move|p2b: Gallade|Sacred Sword|p1a: Sinistcha\n|-immune|p1a: Sinistcha\n|move|p2a: Tyranitar|Rock Slide|p1b: Incineroar|[spread] p1a,p1b\n|-crit|p1a: Sinistcha\n|-supereffective|p1b: Incineroar|1\n|-damage|p1a: Sinistcha|31/100\n|-damage|p1b: Incineroar|27/100\n|move|p1b: Incineroar|Darkest Lariat|p2a: Tyranitar\n|-resisted|p2a: Tyranitar|1\n|-damage|p2a: Tyranitar|0 fnt\n|faint|p2a: Tyranitar\n|\n|-weather|none\n|upkeep\n|\n|t:|1776153031\n|switch|p2a: Golurk|Golurk, L50|100/100\n|turn|8\n|\n|t:|1776153050\n|detailschange|p2a: Golurk|Golurk-Mega, L50\n|-mega|p2a: Golurk|Golurk|Golurkite\n|move|p2b: Gallade|Psycho Cut|p1a: Sinistcha\n|-damage|p1a: Sinistcha|0 fnt\n|faint|p1a: Sinistcha\n|move|p1b: Incineroar|Parting Shot|p2a: Golurk\n|-unboost|p2a: Golurk|atk|1\n|-unboost|p2a: Golurk|spa|1\n|\n|t:|1776153054\n|switch|p1b: Gengar|Gengar, L50, M|100/100|[from] Parting Shot\n|move|p2a: Golurk|Headlong Rush|p1b: Gengar\n|-supereffective|p1b: Gengar|1\n|-damage|p1b: Gengar|0 fnt\n|-unboost|p2a: Golurk|def|1\n|-unboost|p2a: Golurk|spd|1\n|faint|p1b: Gengar\n|\n|upkeep\n|\n|t:|1776153065\n|switch|p1b: Incineroar|Incineroar, L50, F|27/100\n|-ability|p1b: Incineroar|Intimidate|boost\n|-unboost|p2a: Golurk|atk|1\n|-unboost|p2b: Gallade|atk|1\n|turn|9\n|c|\u2606RandomGuyInSchool|ggwp\n|\n|t:|1776153073\n|move|p2b: Gallade|Sacred Sword|p1b: Incineroar\n|-supereffective|p1b: Incineroar|1\n|-damage|p1b: Incineroar|0 fnt\n|faint|p1b: Incineroar\n|\n|win|greenpoad\n|raw|RandomGuyInSchool's rating: 1096 &rarr; <strong>1066</strong><br />(-30 for losing)\n|raw|greenpoad's rating: 1019 &rarr; <strong>1064</strong><br />(+45 for winning)\n",
  "uploadtime": 1776153077,
  "views": 22,
  "formatid": "gen9championsvgc2026regma",
  "rating": 1064,
  "private": 0,
  "password": null
}