{
  "id": "gen9championsvgc2026regma-2581270042",
  "format": "[Gen 9 Champions] VGC 2026 Reg M-A",
  "players": [
    "massan2580",
    "sonic1"
  ],
  "log": "|j|\u2606massan2580\n|j|\u2606sonic1\n|t:|1775979143\n|gametype|doubles\n|player|p1|massan2580|266|1318\n|player|p2|sonic1|169|1301\n|gen|9\n|tier|[Gen 9 Champions] VGC 2026 Reg M-A\n|rated|\n|rule|Species Clause: Limit one of each Pok\u00e9mon\n|rule|Item Clause: Limit 1 of each item\n|clearpoke\n|poke|p1|Floette-Eternal, L50, F|\n|poke|p1|Sneasler, L50, F|\n|poke|p1|Basculegion, L50, M|\n|poke|p1|Garchomp, L50, F|\n|poke|p1|Aerodactyl, L50, F|\n|poke|p1|Sylveon, L50, M|\n|poke|p2|Whimsicott, L50, M|\n|poke|p2|Charizard, L50, F|\n|poke|p2|Sneasler, L50, F|\n|poke|p2|Garchomp, L50, M|\n|poke|p2|Kingambit, L50, M|\n|poke|p2|Farigiraf, L50, M|\n|teampreview|4\n|inactive|Battle timer is ON: inactive players will automatically lose when time's up. (requested by sonic1)\n|inactive|sonic1 has 60 seconds left.\n|\n|t:|1775979173\n|teamsize|p1|4\n|teamsize|p2|4\n|start\n|switch|p1a: Aerodactyl|Aerodactyl, L50, F|100/100\n|switch|p1b: Floette|Floette-Eternal, L50, F|100/100\n|switch|p2a: Farigiraf|Farigiraf, L50, M|100/100\n|switch|p2b: Garchomp|Garchomp, L50, M|100/100\n|-ability|p1a: Aerodactyl|Unnerve\n|turn|1\n|\n|t:|1775979201\n|switch|p2b: Sneasler|Sneasler, L50, F|100/100\n|detailschange|p1b: Floette|Floette-Mega, L50, F\n|-mega|p1b: Floette|Floette|Floettite\n|-ability|p1b: Floette|Fairy Aura\n|move|p1a: Aerodactyl|Rock Slide|p2a: Farigiraf|[spread] p2a,p2b\n|-resisted|p2b: Sneasler|1\n|-damage|p2a: Farigiraf|74/100\n|-damage|p2b: Sneasler|81/100\n|move|p1b: Floette|Calm Mind|p1b: Floette\n|-boost|p1b: Floette|spa|1\n|-boost|p1b: Floette|spd|1\n|move|p2a: Farigiraf|Trick Room|p2a: Farigiraf\n|-fieldstart|move: Trick Room|[of] p2a: Farigiraf\n|\n|upkeep\n|turn|2\n|inactive|massan2580 has 30 seconds left.\n|inactive|sonic1 has 30 seconds left.\n|inactive|massan2580 has 20 seconds left.\n|j| gE1xjZRtuhW2DdT0AK\n|inactive|sonic1 has 20 seconds left.\n|\n|t:|1775979244\n|move|p1b: Floette|Protect|p1b: Floette\n|-singleturn|p1b: Floette|Protect\n|move|p1a: Aerodactyl|Protect|p1a: Aerodactyl\n|-singleturn|p1a: Aerodactyl|Protect\n|move|p2b: Sneasler|Fake Out|p1a: Aerodactyl\n|-activate|p1a: Aerodactyl|move: Protect\n|move|p2a: Farigiraf|Hyper Voice|p1b: Floette|[spread] \n|-activate|p1a: Aerodactyl|move: Protect\n|-activate|p1b: Floette|move: Protect\n|\n|upkeep\n|turn|3\n|\n|t:|1775979259\n|move|p2a: Farigiraf|Psychic|p1a: Aerodactyl\n|-damage|p1a: Aerodactyl|38/100\n|move|p1b: Floette|Moonblast|p2b: Sneasler\n|-crit|p2b: Sneasler\n|-damage|p2b: Sneasler|0 fnt\n|faint|p2b: Sneasler\n|move|p1a: Aerodactyl|Dual Wingbeat|p2a: Farigiraf\n|-damage|p2a: Farigiraf|55/100\n|-damage|p2a: Farigiraf|38/100\n|-hitcount|p2a: Farigiraf|2\n|\n|upkeep\n|\n|t:|1775979269\n|switch|p2b: Kingambit|Kingambit, L50, M|100/100\n|turn|4\n|\n|t:|1775979288\n|move|p1b: Floette|Protect|p1b: Floette\n|-singleturn|p1b: Floette|Protect\n|move|p2b: Kingambit|Swords Dance|p2b: Kingambit\n|-boost|p2b: Kingambit|atk|2\n|move|p2a: Farigiraf|Hyper Voice|p1b: Floette|[spread] p1a\n|-activate|p1b: Floette|move: Protect\n|-resisted|p1a: Aerodactyl|1\n|-damage|p1a: Aerodactyl|13/100\n|move|p1a: Aerodactyl|Dual Wingbeat|p2a: Farigiraf|[miss]\n|-miss|p1a: Aerodactyl|p2a: Farigiraf\n|\n|upkeep\n|turn|5\n|inactive|massan2580 has 30 seconds left.\n|inactive|sonic1 has 30 seconds left.\n|\n|t:|1775979321\n|move|p1a: Aerodactyl|Protect|p1a: Aerodactyl\n|-singleturn|p1a: Aerodactyl|Protect\n|move|p2b: Kingambit|Kowtow Cleave|p1b: Floette\n|-resisted|p1b: Floette|1\n|-damage|p1b: Floette|45/100\n|move|p2a: Farigiraf|Hyper Voice|p1a: Aerodactyl|[spread] p1b\n|-activate|p1a: Aerodactyl|move: Protect\n|-damage|p1b: Floette|25/100\n|move|p1b: Floette|Moonblast|p2b: Kingambit\n|-damage|p2b: Kingambit|0 fnt\n|faint|p2b: Kingambit\n|\n|-fieldend|move: Trick Room\n|upkeep\n|\n|t:|1775979334\n|switch|p2b: Garchomp|Garchomp, L50, M|100/100\n|turn|6\n|\n|t:|1775979344\n|move|p2b: Garchomp|Rock Slide|p1b: Floette|[spread] p1a,p1b\n|-supereffective|p1a: Aerodactyl|1\n|-crit|p1b: Floette\n|-damage|p1a: Aerodactyl|0 fnt\n|-damage|p1b: Floette|0 fnt\n|-enditem|p2a: Farigiraf|Sitrus Berry|[eat]\n|-heal|p2a: Farigiraf|62/100|[from] item: Sitrus Berry\n|faint|p1a: Aerodactyl\n|faint|p1b: Floette\n|move|p2a: Farigiraf|Hyper Voice|p1: Aerodactyl|[notarget]\n|-fail|p2a: Farigiraf\n|\n|upkeep\n|\n|t:|1775979348\n|switch|p1a: Garchomp|Garchomp, L50, F|100/100\n|switch|p1b: Basculegion|Basculegion, L50, M|100/100\n|turn|7\n|\n|t:|1775979360\n|move|p2b: Garchomp|Rock Slide|p1a: Garchomp|[spread] p1a,p1b\n|-resisted|p1a: Garchomp|1\n|-damage|p1a: Garchomp|91/100\n|-damage|p1b: Basculegion|76/100\n|move|p1b: Basculegion|Last Respects|p2b: Garchomp\n|-damage|p2b: Garchomp|3/100\n|move|p1a: Garchomp|Dragon Claw|p2a: Farigiraf\n|-damage|p2a: Farigiraf|16/100\n|move|p2a: Farigiraf|Psychic|p1a: Garchomp\n|-damage|p1a: Garchomp|44/100\n|-enditem|p1a: Garchomp|Sitrus Berry|[eat]\n|-heal|p1a: Garchomp|68/100|[from] item: Sitrus Berry\n|\n|upkeep\n|turn|8\n|\n|t:|1775979376\n|move|p2b: Garchomp|Rock Slide|p1b: Basculegion|[spread] p1a,p1b\n|-resisted|p1a: Garchomp|1\n|-damage|p1a: Garchomp|58/100\n|-damage|p1b: Basculegion|53/100\n|move|p1b: Basculegion|Last Respects|p2b: Garchomp\n|-damage|p2b: Garchomp|0 fnt\n|faint|p2b: Garchomp\n|move|p1a: Garchomp|Dragon Claw|p2a: Farigiraf\n|-damage|p2a: Farigiraf|0 fnt\n|faint|p2a: Farigiraf\n|\n|win|massan2580\n|raw|massan2580's rating: 1318 &rarr; <strong>1337</strong><br />(+19 for winning)\n|raw|sonic1's rating: 1301 &rarr; <strong>1282</strong><br />(-19 for losing)\n|l|\u2606sonic1\n|player|p2|\n|l|\u2606massan2580\n|player|p1|\n",
  "uploadtime": 1775979505,
  "views": 32,
  "formatid": "gen9championsvgc2026regma",
  "rating": 1282,
  "private": 0,
  "password": null
}