{
  "id": "gen9championsvgc2026regma-2586950960",
  "format": "[Gen 9 Champions] VGC 2026 Reg M-A",
  "players": [
    "AmbrosePlays",
    "arielsome"
  ],
  "log": "|j|\u2606AmbrosePlays\n|j|\u2606arielsome\n|t:|1776474897\n|gametype|doubles\n|player|p1|AmbrosePlays|169|1115\n|player|p2|arielsome|2|1060\n|gen|9\n|tier|[Gen 9 Champions] VGC 2026 Reg M-A\n|rated|\n|rule|Species Clause: Limit one of each Pok\u00e9mon\n|rule|Item Clause: Limit 1 of each item\n|clearpoke\n|poke|p1|Victreebel, L50, M|\n|poke|p1|Sneasler, L50, F|\n|poke|p1|Ninetales-Alola, L50, F|\n|poke|p1|Incineroar, L50, M|\n|poke|p1|Milotic, L50, M|\n|poke|p1|Garchomp, L50, F|\n|poke|p2|Golurk, L50|\n|poke|p2|Farigiraf, L50, F|\n|poke|p2|Sneasler, L50, F|\n|poke|p2|Tyranitar, L50, M|\n|poke|p2|Clawitzer, L50, M|\n|poke|p2|Klefki, L50, M|\n|teampreview|4\n|inactive|Battle timer is ON: inactive players will automatically lose when time's up. (requested by arielsome)\n|inactive|arielsome has 60 seconds left.\nAmbrosePlays rejected open team sheets.\n|\n|t:|1776474935\n|teamsize|p1|4\n|teamsize|p2|4\n|start\n|switch|p1a: Victreebel|Victreebel, L50, M|100/100\n|switch|p1b: Sneasler|Sneasler, L50, F|100/100\n|switch|p2a: Tyranitar|Tyranitar, L50, M|100/100\n|switch|p2b: Klefki|Klefki, L50, M|100/100\n|-weather|Sandstorm|[from] ability: Sand Stream|[of] p2a: Tyranitar\n|turn|1\n|inactive|AmbrosePlays has 30 seconds left.\n|\n|t:|1776474962\n|detailschange|p1a: Victreebel|Victreebel-Mega, L50, M\n|-mega|p1a: Victreebel|Victreebel|Victreebelite\n|move|p2b: Klefki|Protect|p2b: Klefki\n|-singleturn|p2b: Klefki|Protect\n|move|p2a: Tyranitar|Protect|p2a: Tyranitar\n|-singleturn|p2a: Tyranitar|Protect\n|move|p1b: Sneasler|Close Combat|p2a: Tyranitar\n|-activate|p2a: Tyranitar|move: Protect\n|move|p1a: Victreebel|Giga Drain|p2a: Tyranitar\n|-activate|p2a: Tyranitar|move: Protect\n|\n|-weather|Sandstorm|[upkeep]\n|-damage|p1b: Sneasler|95/100|[from] Sandstorm\n|-damage|p1a: Victreebel|95/100|[from] Sandstorm\n|upkeep\n|turn|2\n|inactive|arielsome has 30 seconds left.\n|inactive|arielsome has 20 seconds left.\n|\n|t:|1776474998\n|move|p1b: Sneasler|Close Combat|p2a: Tyranitar\n|-supereffective|p2a: Tyranitar|2\n|-enditem|p2a: Tyranitar|Chople Berry|[eat]\n|-enditem|p2a: Tyranitar|Chople Berry|[weaken]\n|-damage|p2a: Tyranitar|0 fnt\n|-unboost|p1b: Sneasler|def|1\n|-unboost|p1b: Sneasler|spd|1\n|faint|p2a: Tyranitar\n|-enditem|p1b: Sneasler|White Herb\n|-clearnegativeboost|p1b: Sneasler|[silent]\n|move|p1a: Victreebel|Giga Drain|p2b: Klefki\n|-resisted|p2b: Klefki|1\n|-damage|p2b: Klefki|83/100\n|-heal|p1a: Victreebel|100/100|[from] drain|[of] p2b: Klefki\n|move|p2b: Klefki|Trick Room|p2b: Klefki\n|-fieldstart|move: Trick Room|[of] p2b: Klefki\n|\n|-weather|Sandstorm|[upkeep]\n|-damage|p1a: Victreebel|95/100|[from] Sandstorm\n|-damage|p1b: Sneasler|89/100|[from] Sandstorm\n|upkeep\n|inactive|arielsome has 30 seconds left.\n|\n|t:|1776475026\n|switch|p2a: Golurk|Golurk, L50|100/100\n|turn|3\n|\n|t:|1776475048\n|detailschange|p2a: Golurk|Golurk-Mega, L50\n|-mega|p2a: Golurk|Golurk|Golurkite\n|move|p2b: Klefki|Thunder Wave|p1b: Sneasler\n|-status|p1b: Sneasler|par\n|move|p2a: Golurk|High Horsepower|p1a: Victreebel\n|-damage|p1a: Victreebel|23/100\n|move|p1a: Victreebel|Giga Drain|p2a: Golurk\n|-supereffective|p2a: Golurk|1\n|-damage|p2a: Golurk|38/100\n|-heal|p1a: Victreebel|56/100|[from] drain|[of] p2a: Golurk\n|move|p1b: Sneasler|Dire Claw|p2a: Golurk\n|-resisted|p2a: Golurk|2\n|-damage|p2a: Golurk|28/100\n|-status|p2a: Golurk|par\n|\n|-weather|Sandstorm|[upkeep]\n|-damage|p1a: Victreebel|50/100|[from] Sandstorm\n|-damage|p1b: Sneasler|83/100 par|[from] Sandstorm\n|upkeep\n|turn|4\n|inactive|AmbrosePlays has 30 seconds left.\n|\n|t:|1776475075\n|switch|p1b: Incineroar|Incineroar, L50, M|100/100\n|-ability|p1b: Incineroar|Intimidate|boost\n|-unboost|p2a: Golurk|atk|1\n|-unboost|p2b: Klefki|atk|1\n|move|p2a: Golurk|High Horsepower|p1a: Victreebel\n|-damage|p1a: Victreebel|5/100\n|move|p2b: Klefki|Dazzling Gleam|p1a: Victreebel|[spread] p1a,p1b\n|-resisted|p1a: Victreebel|1\n|-damage|p1a: Victreebel|0 fnt\n|-damage|p1b: Incineroar|84/100\n|-damage|p2b: Klefki|77/100|[from] ability: Innards Out|[of] p1a: Victreebel\n|faint|p1a: Victreebel\n|\n|-weather|Sandstorm|[upkeep]\n|-damage|p1b: Incineroar|78/100|[from] Sandstorm\n|upkeep\n|\n|t:|1776475090\n|switch|p1a: Milotic|Milotic, L50, M|100/100\n|turn|5\n|\n|t:|1776475102\n|move|p1b: Incineroar|Fake Out|p2b: Klefki\n|-resisted|p2b: Klefki|1\n|-damage|p2b: Klefki|71/100\n|cant|p2b: Klefki|flinch\n|cant|p2a: Golurk|par\n|move|p1a: Milotic|Icy Wind|p2b: Klefki|[spread] p2a,p2b\n|-supereffective|p2a: Golurk|1\n|-resisted|p2b: Klefki|1\n|-damage|p2a: Golurk|6/100 par\n|-damage|p2b: Klefki|66/100\n|-unboost|p2a: Golurk|spe|1\n|-unboost|p2b: Klefki|spe|1\n|\n|-weather|none\n|upkeep\n|turn|6\n|\n|t:|1776475122\n|move|p2b: Klefki|Thunder Wave|p1b: Incineroar\n|-hint|Since gen 7, Dark is immune to Prankster moves.\n|-immune|p1b: Incineroar\n|cant|p2a: Golurk|par\n|move|p1a: Milotic|Icy Wind|p2b: Klefki|[spread] p2a,p2b\n|-supereffective|p2a: Golurk|1\n|-crit|p2a: Golurk\n|-resisted|p2b: Klefki|1\n|-damage|p2a: Golurk|0 fnt\n|-damage|p2b: Klefki|61/100\n|-unboost|p2b: Klefki|spe|1\n|faint|p2a: Golurk\n|move|p1b: Incineroar|Darkest Lariat|p2b: Klefki\n|-resisted|p2b: Klefki|1\n|-damage|p2b: Klefki|41/100\n|\n|-fieldend|move: Trick Room\n|upkeep\n|-message|arielsome forfeited.\n|\n|win|AmbrosePlays\n|raw|AmbrosePlays's rating: 1115 &rarr; <strong>1136</strong><br />(+21 for winning)\n|raw|arielsome's rating: 1060 &rarr; <strong>1044</strong><br />(-16 for losing)\n|l|\u2606arielsome\n|player|p2|\n",
  "uploadtime": 1776475139,
  "views": 18,
  "formatid": "gen9championsvgc2026regma",
  "rating": 1044,
  "private": 0,
  "password": null
}