{
  "id": "gen9championsvgc2026regma-2583693526",
  "format": "[Gen 9 Champions] VGC 2026 Reg M-A",
  "players": [
    "Nexxus3000",
    "aceac3"
  ],
  "log": "|j|\u2606Nexxus3000\n|j|\u2606aceac3\n|t:|1776191443\n|gametype|doubles\n|player|p1|Nexxus3000|101|1093\n|player|p2|aceac3|riley|1054\n|gen|9\n|tier|[Gen 9 Champions] VGC 2026 Reg M-A\n|rated|\n|rule|Species Clause: Limit one of each Pok\u00e9mon\n|rule|Item Clause: Limit 1 of each item\n|clearpoke\n|poke|p1|Altaria, L50, M|\n|poke|p1|Meowstic, L50, M|\n|poke|p1|Maushold-Four, L50|\n|poke|p1|Kingambit, L50, M|\n|poke|p1|Rotom-Wash, L50|\n|poke|p1|Alakazam, L50, M|\n|poke|p2|Hawlucha, L50, F|\n|poke|p2|Snorlax, L50, M|\n|poke|p2|Clefable, L50, F|\n|poke|p2|Sinistcha, L50|\n|poke|p2|Kingambit, L50, F|\n|poke|p2|Mr. Rime, L50, F|\n|teampreview|4\n|\n|t:|1776191456\n|teamsize|p1|4\n|teamsize|p2|4\n|start\n|switch|p1a: Meowstic|Meowstic, L50, M|100/100\n|switch|p1b: Alakazam|Alakazam, L50, M|100/100\n|switch|p2a: Hawlucha|Hawlucha, L50, F|100/100\n|switch|p2b: Snorlax|Snorlax, L50, M|100/100\n|turn|1\n|inactive|Battle timer is ON: inactive players will automatically lose when time's up. (requested by aceac3)\n|\n|t:|1776191469\n|detailschange|p1b: Alakazam|Alakazam-Mega, L50, M\n|-mega|p1b: Alakazam|Alakazam|Alakazite\n|-ability|p1b: Alakazam|Limber|Trace|[from] ability: Trace|[of] p2a: Hawlucha\n|detailschange|p2a: Hawlucha|Hawlucha-Mega, L50, F\n|-mega|p2a: Hawlucha|Hawlucha|Hawluchanite\n|move|p1a: Meowstic|Psychic Terrain|p1a: Meowstic\n|-fieldstart|move: Psychic Terrain\n|move|p1b: Alakazam|Expanding Force|p2b: Snorlax|[spread] p2a,p2b\n|-supereffective|p2a: Hawlucha|1\n|-crit|p2a: Hawlucha\n|-damage|p2a: Hawlucha|0 fnt\n|-damage|p2b: Snorlax|65/100\n|faint|p2a: Hawlucha\n|move|p2b: Snorlax|Fissure|p1b: Alakazam\n|-damage|p1b: Alakazam|0 fnt\n|faint|p1b: Alakazam\n|-ohko\n|\n|upkeep\n|c|\u2606Nexxus3000|Bro still hit it oml\n|inactive|Nexxus3000 has 30 seconds left.\n|\n|t:|1776191495\n|switch|p1b: Kingambit|Kingambit, L50, M|100/100\n|switch|p2a: Sinistcha|Sinistcha, L50|100/100\n|-heal|p2b: Snorlax|89/100|[from] ability: Hospitality|[of] p2a: Sinistcha\n|turn|2\n|\n|t:|1776191511\n|move|p1a: Meowstic|Thunder Wave|p2b: Snorlax\n|-activate|p2b: Snorlax|move: Psychic Terrain\n|move|p2a: Sinistcha|Matcha Gotcha|p1a: Meowstic|[spread] p1a,p1b\n|-resisted|p1b: Kingambit|1\n|-damage|p1a: Meowstic|57/100\n|-damage|p1b: Kingambit|80/100\n|move|p1b: Kingambit|Kowtow Cleave|p2a: Sinistcha\n|-supereffective|p2a: Sinistcha|1\n|-damage|p2a: Sinistcha|0 fnt\n|faint|p2a: Sinistcha\n|move|p2b: Snorlax|Fissure|p1b: Kingambit\n|-damage|p1b: Kingambit|0 fnt\n|faint|p1b: Kingambit\n|-ohko\n|\n|upkeep\n|c|\u2606Nexxus3000|hey\n|c|\u2606Nexxus3000|what\n|\n|t:|1776191531\n|switch|p2a: Clefable|Clefable, L50, F|100/100\n|switch|p1b: Rotom|Rotom-Wash, L50|100/100\n|turn|3\n|\n|t:|1776191543\n|move|p1a: Meowstic|Helping Hand|p1b: Rotom\n|-singleturn|p1b: Rotom|Helping Hand|[of] p1a: Meowstic\n|move|p2a: Clefable|Follow Me|p2a: Clefable\n|-singleturn|p2a: Clefable|move: Follow Me\n|move|p1b: Rotom|Hydro Pump|p2a: Clefable|[miss]\n|-miss|p1b: Rotom|p2a: Clefable\n|move|p2b: Snorlax|Fissure|p1b: Rotom\n|-immune|p1b: Rotom|[from] ability: Levitate\n|\n|upkeep\n|turn|4\n|\n|t:|1776191560\n|move|p1a: Meowstic|Helping Hand|p1b: Rotom\n|-singleturn|p1b: Rotom|Helping Hand|[of] p1a: Meowstic\n|move|p2a: Clefable|Follow Me|p2a: Clefable\n|-singleturn|p2a: Clefable|move: Follow Me\n|move|p1b: Rotom|Hydro Pump|p2a: Clefable\n|-damage|p2a: Clefable|54/100\n|move|p2b: Snorlax|Smack Down|p1b: Rotom\n|-damage|p1b: Rotom|87/100\n|-start|p1b: Rotom|Smack Down\n|\n|-heal|p1b: Rotom|93/100|[from] item: Leftovers\n|upkeep\n|turn|5\n|c|\u2606Nexxus3000|HEY NOW\n|\n|t:|1776191579\n|move|p1a: Meowstic|Helping Hand|p1b: Rotom\n|-singleturn|p1b: Rotom|Helping Hand|[of] p1a: Meowstic\n|move|p2a: Clefable|Follow Me|p2a: Clefable\n|-singleturn|p2a: Clefable|move: Follow Me\n|move|p1b: Rotom|Hydro Pump|p2a: Clefable\n|-damage|p2a: Clefable|12/100\n|move|p2b: Snorlax|Fissure|p1b: Rotom|[miss]\n|-miss|p2b: Snorlax|p1b: Rotom\n|\n|-heal|p1b: Rotom|99/100|[from] item: Leftovers\n|-fieldend|move: Psychic Terrain\n|upkeep\n|turn|6\n|c|\u2606aceac3|i believe\n|c|\u2606aceac3|XD\n|\n|t:|1776191597\n|move|p2a: Clefable|Protect|p2a: Clefable\n|-singleturn|p2a: Clefable|Protect\n|move|p1a: Meowstic|Thunder Wave|p2b: Snorlax|[miss]\n|-miss|p1a: Meowstic|p2b: Snorlax\n|move|p1b: Rotom|Volt Switch|p2a: Clefable\n|-activate|p2a: Clefable|move: Protect\n|move|p2b: Snorlax|Fissure|p1b: Rotom|[miss]\n|-miss|p2b: Snorlax|p1b: Rotom\n|\n|-heal|p1b: Rotom|100/100|[from] item: Leftovers\n|upkeep\n|turn|7\n|c|\u2606Nexxus3000|I can\u2019t hit 90% accurate moves and you got back to back fissures lmao\n|\n|t:|1776191621\n|move|p1a: Meowstic|Thunder Wave|p2b: Snorlax|[miss]\n|-miss|p1a: Meowstic|p2b: Snorlax\n|move|p1b: Rotom|Volt Switch|p2a: Clefable\n|-damage|p2a: Clefable|0 fnt\n|faint|p2a: Clefable\n|move|p2b: Snorlax|Fissure|p1b: Rotom\n|-damage|p1b: Rotom|0 fnt\n|faint|p1b: Rotom\n|-ohko\n|\n|upkeep\n|turn|8\n|c|\u2606Nexxus3000|fuck\n|inactive|Nexxus3000 has 30 seconds left.\n|c|\u2606Nexxus3000|you actually hit 3/5\n|\n|t:|1776191653\n|move|p1a: Meowstic|Thunder Wave|p2b: Snorlax\n|-status|p2b: Snorlax|par\n|move|p2b: Snorlax|Fissure|p1a: Meowstic\n|-damage|p1a: Meowstic|0 fnt\n|faint|p1a: Meowstic\n|-ohko\n|\n|win|aceac3\n|raw|Nexxus3000's rating: 1093 &rarr; <strong>1066</strong><br />(-27 for losing)\n|raw|aceac3's rating: 1054 &rarr; <strong>1089</strong><br />(+35 for winning)\n|c|\u2606aceac3|hahahah\n|c|\u2606Nexxus3000|okay insult to injury\n|c|\u2606aceac3|thats crazy\n|c|\u2606Nexxus3000|it was my time to lose ig\n|c|\u2606Nexxus3000|glnm\n|c|\u2606aceac3|gg\n",
  "uploadtime": 1776191679,
  "views": 57,
  "formatid": "gen9championsvgc2026regma",
  "rating": 1066,
  "private": 0,
  "password": null
}