{
  "id": "gen9championsvgc2026regma-2585004509",
  "format": "[Gen 9 Champions] VGC 2026 Reg M-A",
  "players": [
    "areestoo",
    "navinsachump"
  ],
  "log": "|j|\u2606areestoo\n|j|\u2606navinsachump\n|t:|1776302504\n|gametype|doubles\n|player|p1|areestoo|101|1208\n|player|p2|navinsachump|smasher|1274\n|gen|9\n|tier|[Gen 9 Champions] VGC 2026 Reg M-A\n|rated|\n|rule|Species Clause: Limit one of each Pok\u00e9mon\n|rule|Item Clause: Limit 1 of each item\n|clearpoke\n|poke|p1|Blastoise, L50, F|\n|poke|p1|Pelipper, L50, F|\n|poke|p1|Floette-Eternal, L50, F|\n|poke|p1|Wyrdeer, L50, F|\n|poke|p1|Weavile, L50, F|\n|poke|p1|Rhyperior, L50, M|\n|poke|p2|Charizard, L50, M|\n|poke|p2|Venusaur, L50, F|\n|poke|p2|Garchomp, L50, F|\n|poke|p2|Rotom-Wash, L50|\n|poke|p2|Sneasler, L50, F|\n|poke|p2|Incineroar, L50, F|\n|teampreview|4\n|inactive|Battle timer is ON: inactive players will automatically lose when time's up. (requested by areestoo)\n|inactive|areestoo has 60 seconds left.\n|\n|t:|1776302542\n|teamsize|p1|4\n|teamsize|p2|4\n|start\n|switch|p1a: Weavile|Weavile, L50, F|100/100\n|switch|p1b: Wyrdeer|Wyrdeer, L50, F|100/100\n|switch|p2a: Charizard|Charizard, L50, M, shiny|100/100\n|switch|p2b: Venusaur|Venusaur, L50, F, shiny|100/100\n|-ability|p1a: Weavile|Pressure\n|-ability|p1b: Wyrdeer|Intimidate|boost\n|-unboost|p2a: Charizard|atk|1\n|-unboost|p2b: Venusaur|atk|1\n|turn|1\n|\n|t:|1776302553\n|move|p2a: Charizard|Protect|p2a: Charizard\n|-singleturn|p2a: Charizard|Protect\n|move|p2b: Venusaur|Protect|p2b: Venusaur\n|-singleturn|p2b: Venusaur|Protect\n|move|p1a: Weavile|Fake Out|p2b: Venusaur\n|-activate|p2b: Venusaur|move: Protect\n|move|p1b: Wyrdeer|Trick Room|p1b: Wyrdeer\n|-fieldstart|move: Trick Room|[of] p1b: Wyrdeer\n|\n|upkeep\n|turn|2\n|inactive|areestoo has 30 seconds left.\n|\n|t:|1776302590\n|detailschange|p2a: Charizard|Charizard-Mega-Y, L50, M, shiny\n|-mega|p2a: Charizard|Charizard|Charizardite Y\n|-weather|SunnyDay|[from] ability: Drought|[of] p2a: Charizard\n|move|p1b: Wyrdeer|Double-Edge|p2a: Charizard\n|-damage|p2a: Charizard|10/100\n|-damage|p1b: Wyrdeer|79/100|[from] Recoil\n|move|p2a: Charizard|Heat Wave|p1b: Wyrdeer|[spread] p1a,p1b\n|-supereffective|p1a: Weavile|1\n|-enditem|p1a: Weavile|Focus Sash\n|-damage|p1a: Weavile|1/100\n|-damage|p1b: Wyrdeer|14/100\n|-enditem|p1b: Wyrdeer|Sitrus Berry|[eat]\n|-heal|p1b: Wyrdeer|39/100|[from] item: Sitrus Berry\n|move|p1a: Weavile|Triple Axel|p2a: Charizard\n|-damage|p2a: Charizard|0 fnt\n|faint|p2a: Charizard\n|-hitcount|p2: Charizard|1\n|move|p2b: Venusaur|Sleep Powder|p1a: Weavile\n|-status|p1a: Weavile|slp|[from] move: Sleep Powder\n|\n|-weather|SunnyDay|[upkeep]\n|upkeep\n|\n|t:|1776302606\n|switch|p2a: Sneasler|Sneasler, L50, F|100/100\n|turn|3\n|\n|t:|1776302617\n|move|p1b: Wyrdeer|Protect|p1b: Wyrdeer\n|-singleturn|p1b: Wyrdeer|Protect\n|move|p2a: Sneasler|Fake Out|p1b: Wyrdeer\n|-activate|p1b: Wyrdeer|move: Protect\n|cant|p1a: Weavile|slp\n|move|p2b: Venusaur|Sleep Powder|p1b: Wyrdeer\n|-activate|p1b: Wyrdeer|move: Protect\n|\n|-weather|SunnyDay|[upkeep]\n|upkeep\n|turn|4\n|inactive|navinsachump has 30 seconds left.\n|\n|t:|1776302644\n|move|p1b: Wyrdeer|Psyshield Bash|p2a: Sneasler\n|-supereffective|p2a: Sneasler|2\n|-damage|p2a: Sneasler|0 fnt\n|-boost|p1b: Wyrdeer|def|1\n|faint|p2a: Sneasler\n|cant|p1a: Weavile|slp\n|move|p2b: Venusaur|Sludge Bomb|p1a: Weavile\n|-damage|p1a: Weavile|0 fnt\n|faint|p1a: Weavile\n|\n|-weather|SunnyDay|[upkeep]\n|upkeep\n|\n|t:|1776302669\n|switch|p2a: Garchomp|Garchomp, L50, F|100/100\n|switch|p1a: Rhyperior|Rhyperior, L50, M|100/100\n|turn|5\n|\n|t:|1776302683\n|move|p1a: Rhyperior|Stomping Tantrum|p2b: Venusaur\n|-damage|p2b: Venusaur|45/100\n|move|p1b: Wyrdeer|Psyshield Bash|p2b: Venusaur\n|-supereffective|p2b: Venusaur|1\n|-damage|p2b: Venusaur|0 fnt\n|-boost|p1b: Wyrdeer|def|1\n|faint|p2b: Venusaur\n|move|p2a: Garchomp|Dragon Claw|p1b: Wyrdeer\n|-damage|p1b: Wyrdeer|13/100\n|\n|-weather|SunnyDay|[upkeep]\n|-fieldend|move: Trick Room\n|upkeep\n|turn|6\n|-message|navinsachump forfeited.\n|\n|win|areestoo\n|raw|areestoo's rating: 1208 &rarr; <strong>1238</strong><br />(+30 for winning)\n|raw|navinsachump's rating: 1274 &rarr; <strong>1244</strong><br />(-30 for losing)\n",
  "uploadtime": 1776302689,
  "views": 40,
  "formatid": "gen9championsvgc2026regma",
  "rating": 1238,
  "private": 0,
  "password": null
}