{
  "id": "gen9championsvgc2026regma-2588141435",
  "format": "[Gen 9 Champions] VGC 2026 Reg M-A",
  "players": [
    "MvillMpersonality",
    "Frustri"
  ],
  "log": "|j|\u2606MvillMpersonality\n|j|\u2606Frustri\n|t:|1776608516\n|gametype|doubles\n|player|p1|MvillMpersonality|169|1066\n|player|p2|Frustri|266|1060\n|gen|9\n|tier|[Gen 9 Champions] VGC 2026 Reg M-A\n|rated|\n|rule|Species Clause: Limit one of each Pok\u00e9mon\n|rule|Item Clause: Limit 1 of each item\n|clearpoke\n|poke|p1|Scovillain, L50, M|\n|poke|p1|Sinistcha, L50|\n|poke|p1|Gallade, L50, M|\n|poke|p1|Kingambit, L50, F|\n|poke|p1|Rhyperior, L50, M|\n|poke|p1|Primarina, L50, M|\n|poke|p2|Glimmora, L50, M|\n|poke|p2|Kommo-o, L50, F|\n|poke|p2|Incineroar, L50, F|\n|poke|p2|Rotom-Wash, L50|\n|poke|p2|Corviknight, L50, M|\n|poke|p2|Ninetales-Alola, L50, F|\n|teampreview|4\n|c|\u2606MvillMpersonality|glhf\nMvillMpersonality has agreed to open team sheets.\n|\n|t:|1776608585\n|teamsize|p1|4\n|teamsize|p2|4\n|start\n|switch|p1a: The Antagonist|Scovillain, L50, M|100/100\n|switch|p1b: Kingambit|Kingambit, L50, F|100/100\n|switch|p2a: Corviknight|Corviknight, L50, M|100/100\n|switch|p2b: Rotom|Rotom-Wash, L50|100/100\n|turn|1\n|\n|t:|1776608635\n|detailschange|p1a: The Antagonist|Scovillain-Mega, L50, M\n|-mega|p1a: The Antagonist|Scovillain|Scovillainite\n|move|p2b: Rotom|Will-O-Wisp|p1b: Kingambit\n|-status|p1b: Kingambit|brn\n|move|p2a: Corviknight|Brave Bird|p1a: The Antagonist\n|-supereffective|p1a: The Antagonist|1\n|-damage|p1a: The Antagonist|23/100\n|-status|p2a: Corviknight|brn|[from] ability: Spicy Spray|[of] p1a: The Antagonist\n|-damage|p2a: Corviknight|79/100 brn|[from] Recoil\n|move|p1a: The Antagonist|Leaf Storm|p2b: Rotom\n|-supereffective|p2b: Rotom|1\n|-damage|p2b: Rotom|0 fnt\n|-unboost|p1a: The Antagonist|spa|2\n|faint|p2b: Rotom\n|move|p1b: Kingambit|Kowtow Cleave|p2a: Corviknight\n|-damage|p2a: Corviknight|58/100 brn\n|\n|-damage|p2a: Corviknight|52/100 brn|[from] brn\n|-damage|p1b: Kingambit|95/100 brn|[from] brn\n|upkeep\n|\n|t:|1776608658\n|switch|p2b: Kommo-o|Kommo-o, L50, F|100/100\n|turn|2\n|\n|t:|1776608693\n|switch|p1b: Gallade|Gallade, L50, M|100/100\n|move|p1a: The Antagonist|Protect|p1a: The Antagonist\n|-singleturn|p1a: The Antagonist|Protect\n|move|p2b: Kommo-o|Clangorous Soul|p2b: Kommo-o\n|-boost|p2b: Kommo-o|atk|1\n|-boost|p2b: Kommo-o|def|1\n|-boost|p2b: Kommo-o|spa|1\n|-boost|p2b: Kommo-o|spd|1\n|-boost|p2b: Kommo-o|spe|1\n|-damage|p2b: Kommo-o|68/100\n|move|p2a: Corviknight|Body Press|p1b: Gallade\n|-resisted|p1b: Gallade|1\n|-damage|p1b: Gallade|92/100\n|\n|-heal|p2b: Kommo-o|74/100|[from] item: Leftovers\n|-damage|p2a: Corviknight|47/100 brn|[from] brn\n|upkeep\n|-enditem|p2a: Corviknight|Sitrus Berry|[eat]\n|-heal|p2a: Corviknight|72/100 brn|[from] item: Sitrus Berry\n|turn|3\n|\n|t:|1776608725\n|move|p1a: The Antagonist|Rage Powder|p1a: The Antagonist\n|-singleturn|p1a: The Antagonist|move: Rage Powder\n|move|p2b: Kommo-o|Clanging Scales|p1b: Gallade|[spread] p1a,p1b\n|-damage|p1a: The Antagonist|0 fnt\n|-damage|p1b: Gallade|35/100\n|-status|p2b: Kommo-o|brn|[from] ability: Spicy Spray|[of] p1a: The Antagonist\n|faint|p1a: The Antagonist\n|-unboost|p2b: Kommo-o|def|1\n|move|p1b: Gallade|Sacred Sword|p2b: Kommo-o\n|-damage|p2b: Kommo-o|0 fnt\n|faint|p2b: Kommo-o\n|move|p2a: Corviknight|Brave Bird|p1b: Gallade\n|-supereffective|p1b: Gallade|1\n|-damage|p1b: Gallade|0 fnt\n|faint|p1b: Gallade\n|-damage|p2a: Corviknight|62/100 brn|[from] Recoil\n|\n|-damage|p2a: Corviknight|56/100 brn|[from] brn\n|upkeep\n|\n|t:|1776608746\n|switch|p2b: Ninetales|Ninetales-Alola, L50, F|100/100\n|switch|p1b: Kingambit|Kingambit, L50, F|95/100 brn\n|switch|p1a: The Beef|Rhyperior, L50, M|100/100\n|-weather|Snowscape|[from] ability: Snow Warning|[of] p2b: Ninetales\n|turn|4\n|\n|t:|1776608774\n|move|p2b: Ninetales|Icy Wind|p1b: Kingambit|[spread] p1a,p1b\n|-supereffective|p1a: The Beef|1\n|-resisted|p1b: Kingambit|1\n|-damage|p1a: The Beef|77/100\n|-damage|p1b: Kingambit|86/100 brn\n|-unboost|p1a: The Beef|spe|1\n|-unboost|p1b: Kingambit|spe|1\n|-ability|p1b: Kingambit|Defiant|boost\n|-boost|p1b: Kingambit|atk|2\n|move|p2a: Corviknight|Roost|p2a: Corviknight\n|-heal|p2a: Corviknight|100/100 brn\n|-singleturn|p2a: Corviknight|move: Roost\n|move|p1b: Kingambit|Iron Head|p2b: Ninetales\n|-supereffective|p2b: Ninetales|2\n|-crit|p2b: Ninetales\n|-enditem|p2b: Ninetales|Focus Sash\n|-damage|p2b: Ninetales|1/100\n|move|p1a: The Beef|Rock Slide|p2b: Ninetales|[spread] p2a,p2b\n|-resisted|p2a: Corviknight|1\n|-supereffective|p2b: Ninetales|1\n|-damage|p2a: Corviknight|86/100 brn\n|-damage|p2b: Ninetales|0 fnt\n|faint|p2b: Ninetales\n|\n|-weather|Snowscape|[upkeep]\n|-damage|p2a: Corviknight|80/100 brn|[from] brn\n|-damage|p1b: Kingambit|80/100 brn|[from] brn\n|upkeep\n|turn|5\n|\n|t:|1776608799\n|move|p1b: Kingambit|Sucker Punch||[still]\n|-fail|p1b: Kingambit\n|move|p2a: Corviknight|Bulk Up|p2a: Corviknight\n|-boost|p2a: Corviknight|atk|1\n|-boost|p2a: Corviknight|def|1\n|move|p1a: The Beef|Rock Slide|p2a: Corviknight\n|-damage|p2a: Corviknight|53/100 brn\n|\n|-weather|Snowscape|[upkeep]\n|-damage|p2a: Corviknight|48/100 brn|[from] brn\n|-damage|p1b: Kingambit|74/100 brn|[from] brn\n|upkeep\n|turn|6\n|\n|t:|1776608811\n|move|p1b: Kingambit|Protect|p1b: Kingambit\n|-singleturn|p1b: Kingambit|Protect\n|move|p2a: Corviknight|Roost|p2a: Corviknight\n|-heal|p2a: Corviknight|98/100 brn\n|-singleturn|p2a: Corviknight|move: Roost\n|move|p1a: The Beef|Swords Dance|p1a: The Beef\n|-boost|p1a: The Beef|atk|2\n|\n|-weather|Snowscape|[upkeep]\n|-damage|p2a: Corviknight|92/100 brn|[from] brn\n|-damage|p1b: Kingambit|68/100 brn|[from] brn\n|upkeep\n|turn|7\n|\n|t:|1776608842\n|move|p2a: Corviknight|Bulk Up|p2a: Corviknight\n|-boost|p2a: Corviknight|atk|1\n|-boost|p2a: Corviknight|def|1\n|move|p1b: Kingambit|Kowtow Cleave|p2a: Corviknight\n|-damage|p2a: Corviknight|70/100 brn\n|move|p1a: The Beef|Swords Dance|p1a: The Beef\n|-boost|p1a: The Beef|atk|2\n|\n|-weather|Snowscape|[upkeep]\n|-damage|p2a: Corviknight|64/100 brn|[from] brn\n|-damage|p1b: Kingambit|63/100 brn|[from] brn\n|upkeep\n|turn|8\n|\n|t:|1776608860\n|move|p2a: Corviknight|Body Press|p1a: The Beef\n|-supereffective|p1a: The Beef|1\n|-damage|p1a: The Beef|54/100\n|move|p1b: Kingambit|Kowtow Cleave|p2a: Corviknight\n|-damage|p2a: Corviknight|43/100 brn\n|move|p1a: The Beef|Swords Dance|p1a: The Beef\n|-boost|p1a: The Beef|atk|2\n|\n|-weather|none\n|-damage|p2a: Corviknight|37/100 brn|[from] brn\n|-damage|p1b: Kingambit|57/100 brn|[from] brn\n|upkeep\n|turn|9\n|-message|Frustri forfeited.\n|\n|win|MvillMpersonality\n|raw|MvillMpersonality's rating: 1066 &rarr; <strong>1096</strong><br />(+30 for winning)\n|raw|Frustri's rating: 1060 &rarr; <strong>1041</strong><br />(-19 for losing)\n|l|\u2606Frustri\n|player|p2|\n",
  "uploadtime": 1776608947,
  "views": 11,
  "formatid": "gen9championsvgc2026regma",
  "rating": 1041,
  "private": 0,
  "password": null
}