{
  "id": "gen9championsvgc2026regma-2586515662",
  "format": "[Gen 9 Champions] VGC 2026 Reg M-A",
  "players": [
    "MegaAuraMaxxing",
    "lograf"
  ],
  "log": "|j|\u2606MegaAuraMaxxing\n|j|\u2606lograf\n|t:|1776439978\n|gametype|doubles\n|player|p1|MegaAuraMaxxing|red|1079\n|player|p2|lograf|1|1160\n|gen|9\n|tier|[Gen 9 Champions] VGC 2026 Reg M-A\n|rated|\n|rule|Species Clause: Limit one of each Pok\u00e9mon\n|rule|Item Clause: Limit 1 of each item\n|clearpoke\n|poke|p1|Gengar, L50, F|\n|poke|p1|Lucario, L50, F|\n|poke|p1|Tyranitar, L50, F|\n|poke|p1|Rotom-Wash, L50|\n|poke|p1|Corviknight, L50, M|\n|poke|p1|Clefable, L50, F|\n|poke|p2|Froslass, L50, F|\n|poke|p2|Farigiraf, L50, F|\n|poke|p2|Arcanine, L50, F|\n|poke|p2|Sinistcha, L50|\n|poke|p2|Lucario, L50, M|\n|poke|p2|Aerodactyl, L50, M|\n|teampreview|4\n|inactive|Battle timer is ON: inactive players will automatically lose when time's up. (requested by lograf)\n|inactive|lograf has 60 seconds left.\n|\n|t:|1776440011\n|teamsize|p1|4\n|teamsize|p2|4\n|start\n|switch|p1a: Gengar|Gengar, L50, F|100/100\n|switch|p1b: Rotom|Rotom-Wash, L50|100/100\n|switch|p2a: Farigiraf|Farigiraf, L50, F|100/100\n|switch|p2b: Arcanine|Arcanine, L50, F|100/100\n|-ability|p2b: Arcanine|Intimidate|boost\n|-unboost|p1a: Gengar|atk|1\n|-unboost|p1b: Rotom|atk|1\n|turn|1\n|\n|t:|1776440024\n|detailschange|p1a: Gengar|Gengar-Mega, L50, F\n|-mega|p1a: Gengar|Gengar|Gengarite\n|move|p1b: Rotom|Hydro Pump|p2b: Arcanine\n|-supereffective|p2b: Arcanine|1\n|-damage|p2b: Arcanine|0 fnt\n|faint|p2b: Arcanine\n|move|p1a: Gengar|Shadow Ball|p2a: Farigiraf\n|-immune|p2a: Farigiraf\n|move|p2a: Farigiraf|Nasty Plot|p2a: Farigiraf\n|-boost|p2a: Farigiraf|spa|2\n|\n|upkeep\n|\n|t:|1776440037\n|switch|p2b: Sinistcha|Sinistcha, L50|100/100\n|turn|2\n|\n|t:|1776440047\n|switch|p1b: Tyranitar|Tyranitar, L50, F|100/100\n|-weather|Sandstorm|[from] ability: Sand Stream|[of] p1b: Tyranitar\n|move|p1a: Gengar|Shadow Ball|p2b: Sinistcha\n|-supereffective|p2b: Sinistcha|1\n|-damage|p2b: Sinistcha|0 fnt\n|faint|p2b: Sinistcha\n|move|p2a: Farigiraf|Nasty Plot|p2a: Farigiraf\n|-boost|p2a: Farigiraf|spa|2\n|\n|-weather|Sandstorm|[upkeep]\n|-damage|p1a: Gengar|95/100|[from] Sandstorm\n|-damage|p2a: Farigiraf|94/100|[from] Sandstorm\n|upkeep\n|\n|t:|1776440064\n|switch|p2b: Froslass|Froslass, L50, F|100/100\n|turn|3\n|\n|t:|1776440076\n|switch|p1b: Corviknight|Corviknight, L50, M|100/100\n|detailschange|p2b: Froslass|Froslass-Mega, L50, F\n|-mega|p2b: Froslass|Froslass|Froslassite\n|-weather|Snowscape|[from] ability: Snow Warning|[of] p2b: Froslass\n|move|p1a: Gengar|Protect|p1a: Gengar\n|-singleturn|p1a: Gengar|Protect\n|move|p2b: Froslass|Protect|p2b: Froslass\n|-singleturn|p2b: Froslass|Protect\n|move|p2a: Farigiraf|Psychic|p1a: Gengar\n|-activate|p1a: Gengar|move: Protect\n|\n|-weather|Snowscape|[upkeep]\n|upkeep\n|turn|4\n|\n|t:|1776440095\n|move|p1a: Gengar|Shadow Ball|p2b: Froslass\n|-supereffective|p2b: Froslass|1\n|-damage|p2b: Froslass|0 fnt\n|faint|p2b: Froslass\n|move|p1b: Corviknight|Brave Bird|p2a: Farigiraf\n|-damage|p2a: Farigiraf|56/100\n|-damage|p1b: Corviknight|85/100|[from] Recoil\n|move|p2a: Farigiraf|Psychic|p1a: Gengar\n|-supereffective|p1a: Gengar|1\n|-damage|p1a: Gengar|0 fnt\n|faint|p1a: Gengar\n|\n|-weather|Snowscape|[upkeep]\n|-heal|p1b: Corviknight|91/100|[from] item: Leftovers\n|upkeep\n|\n|t:|1776440099\n|switch|p1a: Tyranitar|Tyranitar, L50, F|100/100\n|-weather|Sandstorm|[from] ability: Sand Stream|[of] p1a: Tyranitar\n|turn|5\n|\n|t:|1776440114\n|move|p1a: Tyranitar|Crunch|p2a: Farigiraf\n|-supereffective|p2a: Farigiraf|1\n|-damage|p2a: Farigiraf|0 fnt\n|faint|p2a: Farigiraf\n|\n|win|MegaAuraMaxxing\n|raw|MegaAuraMaxxing's rating: 1079 &rarr; <strong>1114</strong><br />(+35 for winning)\n|raw|lograf's rating: 1160 &rarr; <strong>1129</strong><br />(-31 for losing)\n|l|\u2606lograf\n|player|p2|\n",
  "uploadtime": 1776440120,
  "views": 19,
  "formatid": "gen9championsvgc2026regma",
  "rating": 1114,
  "private": 0,
  "password": null
}