{
  "id": "gen9championsvgc2026regma-2581249979",
  "format": "[Gen 9 Champions] VGC 2026 Reg M-A",
  "players": [
    "morkemon",
    "Lolfeever"
  ],
  "log": "|j|\u2606morkemon\n|j|\u2606Lolfeever\n|t:|1775976279\n|gametype|doubles\n|player|p1|morkemon|biker-gen4|1090\n|player|p2|Lolfeever|lucas|1131\n|gen|9\n|tier|[Gen 9 Champions] VGC 2026 Reg M-A\n|rated|\n|rule|Species Clause: Limit one of each Pok\u00e9mon\n|rule|Item Clause: Limit 1 of each item\n|clearpoke\n|poke|p1|Gengar, L50, M|\n|poke|p1|Maushold, L50|\n|poke|p1|Archaludon, L50, F|\n|poke|p1|Armarouge, L50, M|\n|poke|p1|Incineroar, L50, M|\n|poke|p1|Politoed, L50, M|\n|poke|p2|Floette-Eternal, L50, F|\n|poke|p2|Tyranitar, L50, F|\n|poke|p2|Incineroar, L50, M|\n|poke|p2|Garchomp, L50, M|\n|poke|p2|Whimsicott, L50, F|\n|poke|p2|Maushold-Four, L50|\n|teampreview|4\n|inactive|Battle timer is ON: inactive players will automatically lose when time's up. (requested by Lolfeever)\nLolfeever has agreed to open team sheets.\n|\n|t:|1775976296\n|teamsize|p1|4\n|teamsize|p2|4\n|start\n|switch|p1a: El Grito|Gengar, L50, M|100/100\n|switch|p1b: Im Here Now|Armarouge, L50, M|100/100\n|switch|p2a: Garchomp|Garchomp, L50, M|100/100\n|switch|p2b: Whimsicott|Whimsicott, L50, F|100/100\n|turn|1\n|\n|t:|1775976307\n|detailschange|p1a: El Grito|Gengar-Mega, L50, M\n|-mega|p1a: El Grito|Gengar|Gengarite\n|move|p2b: Whimsicott|Protect|p2b: Whimsicott\n|-singleturn|p2b: Whimsicott|Protect\n|move|p1b: Im Here Now|Wide Guard|p1b: Im Here Now\n|-singleturn|p1b: Im Here Now|Wide Guard\n|move|p1a: El Grito|Perish Song|p1a: El Grito\n|-start|p1a: El Grito|perish3|[silent]\n|-start|p1b: Im Here Now|perish3|[silent]\n|-start|p2a: Garchomp|perish3|[silent]\n|-start|p2b: Whimsicott|perish3|[silent]\n|-fieldactivate|move: Perish Song\n|move|p2a: Garchomp|Earthquake|p1a: El Grito|[spread] \n|-activate|p1a: El Grito|move: Wide Guard\n|-activate|p1b: Im Here Now|move: Wide Guard\n|-activate|p2b: Whimsicott|move: Protect\n|\n|-start|p1a: El Grito|perish3\n|-start|p2b: Whimsicott|perish3\n|-start|p2a: Garchomp|perish3\n|-start|p1b: Im Here Now|perish3\n|upkeep\n|turn|2\n|\n|t:|1775976327\n|move|p1b: Im Here Now|Wide Guard|p1b: Im Here Now\n|-singleturn|p1b: Im Here Now|Wide Guard\n|move|p2b: Whimsicott|Encore|p1b: Im Here Now\n|-start|p1b: Im Here Now|Encore\n|move|p1a: El Grito|Sludge Bomb|p2b: Whimsicott\n|-supereffective|p2b: Whimsicott|2\n|-enditem|p2b: Whimsicott|Focus Sash\n|-damage|p2b: Whimsicott|1/100\n|move|p2a: Garchomp|Dragon Claw|p1a: El Grito\n|-damage|p1a: El Grito|30/100\n|\n|-start|p1a: El Grito|perish2\n|-start|p2b: Whimsicott|perish2\n|-start|p2a: Garchomp|perish2\n|-start|p1b: Im Here Now|perish2\n|upkeep\n|turn|3\n|\n|t:|1775976352\n|move|p1a: El Grito|Protect|p1a: El Grito\n|-singleturn|p1a: El Grito|Protect\n|move|p1b: Im Here Now|Wide Guard|p1b: Im Here Now\n|-singleturn|p1b: Im Here Now|Wide Guard\n|move|p2b: Whimsicott|Tailwind|p2b: Whimsicott\n|-sidestart|p2: Lolfeever|move: Tailwind\n|move|p2a: Garchomp|Dragon Claw|p1a: El Grito\n|-activate|p1a: El Grito|move: Protect\n|\n|-start|p2b: Whimsicott|perish1\n|-start|p2a: Garchomp|perish1\n|-start|p1a: El Grito|perish1\n|-start|p1b: Im Here Now|perish1\n|upkeep\n|turn|4\n|\n|t:|1775976369\n|switch|p1a: Golden Gate|Archaludon, L50, F|100/100\n|switch|p1b: Stay for a while|Politoed, L50, M|100/100\n|-weather|RainDance|[from] ability: Drizzle|[of] p1b: Stay for a while\n|move|p2b: Whimsicott|Moonblast|p1b: Stay for a while\n|-damage|p1b: Stay for a while|76/100\n|move|p2a: Garchomp|Dragon Claw|p1a: Golden Gate\n|-damage|p1a: Golden Gate|72/100\n|-ability|p1a: Golden Gate|Stamina|boost\n|-boost|p1a: Golden Gate|def|1\n|\n|-weather|RainDance|[upkeep]\n|-start|p2b: Whimsicott|perish0\n|-start|p2a: Garchomp|perish0\n|faint|p2b: Whimsicott\n|faint|p2a: Garchomp\n|upkeep\n|\n|t:|1775976372\n|switch|p2b: Maushold|Maushold-Four, L50|100/100\n|switch|p2a: Floette|Floette-Eternal, L50, F|100/100\n|turn|5\n|inactive|morkemon has 30 seconds left.\n|\n|t:|1775976402\n|detailschange|p2a: Floette|Floette-Mega, L50, F\n|-mega|p2a: Floette|Floette|Floettite\n|-ability|p2a: Floette|Fairy Aura\n|move|p2b: Maushold|Follow Me|p2b: Maushold\n|-singleturn|p2b: Maushold|move: Follow Me\n|move|p2a: Floette|Calm Mind|p2a: Floette\n|-boost|p2a: Floette|spa|1\n|-boost|p2a: Floette|spd|1\n|move|p1b: Stay for a while|Weather Ball|p2b: Maushold\n|-damage|p2b: Maushold|33/100\n|move|p1a: Golden Gate|Flash Cannon|p2b: Maushold\n|-damage|p2b: Maushold|0 fnt\n|faint|p2b: Maushold\n|\n|-weather|RainDance|[upkeep]\n|upkeep\n|turn|6\n|\n|t:|1775976421\n|move|p2a: Floette|Dazzling Gleam|p1a: Golden Gate|[spread] p1a,p1b\n|-damage|p1a: Golden Gate|0 fnt\n|-damage|p1b: Stay for a while|2/100\n|faint|p1a: Golden Gate\n|move|p1b: Stay for a while|Encore|p2a: Floette\n|-start|p2a: Floette|Encore\n|\n|-weather|RainDance|[upkeep]\n|-sideend|p2: Lolfeever|move: Tailwind\n|upkeep\n|-message|Lolfeever forfeited.\n|\n|win|morkemon\n|raw|morkemon's rating: 1090 &rarr; <strong>1120</strong><br />(+30 for winning)\n|raw|Lolfeever's rating: 1131 &rarr; <strong>1103</strong><br />(-28 for losing)\n|l|\u2606Lolfeever\n|player|p2|\n",
  "uploadtime": 1775976440,
  "views": 29,
  "formatid": "gen9championsvgc2026regma",
  "rating": 1103,
  "private": 0,
  "password": null
}