{
  "id": "gen9championsvgc2026regma-2580462129",
  "format": "[Gen 9 Champions] VGC 2026 Reg M-A",
  "players": [
    "Pacman_po",
    "nextxenp"
  ],
  "log": "|j|\u2606Pacman_po\n|j|\u2606nextxenp\n|t:|1775900161\n|gametype|doubles\n|player|p1|Pacman_po|ballguy|1132\n|player|p2|nextxenp|skier|1046\n|gen|9\n|tier|[Gen 9 Champions] VGC 2026 Reg M-A\n|rated|\n|rule|Species Clause: Limit one of each Pok\u00e9mon\n|rule|Item Clause: Limit 1 of each item\n|clearpoke\n|poke|p1|Politoed, L50, M|\n|poke|p1|Gengar, L50, M|\n|poke|p1|Incineroar, L50, M|\n|poke|p1|Archaludon, L50, M|\n|poke|p1|Sableye, L50, M|\n|poke|p1|Venusaur, L50, M|\n|poke|p2|Gengar, L50, F|\n|poke|p2|Incineroar, L50, M|\n|poke|p2|Sinistcha, L50|\n|poke|p2|Kingambit, L50, M|\n|poke|p2|Tyranitar, L50, M|\n|poke|p2|Kommo-o, L50, M|\n|teampreview|4\n|inactive|Battle timer is ON: inactive players will automatically lose when time's up. (requested by Pacman_po)\n|\n|t:|1775900190\n|teamsize|p1|4\n|teamsize|p2|4\n|start\n|switch|p1a: Sableye|Sableye, L50, M, shiny|100/100\n|switch|p1b: Archaludon|Archaludon, L50, M|100/100\n|switch|p2a: Kommo-o|Kommo-o, L50, M|100/100\n|switch|p2b: Incineroar|Incineroar, L50, M|100/100\n|-ability|p2b: Incineroar|Intimidate|boost\n|-unboost|p1a: Sableye|atk|1\n|-unboost|p1b: Archaludon|atk|1\n|turn|1\n|inactive|nextxenp has 30 seconds left.\n|\n|t:|1775900216\n|move|p1a: Sableye|Detect|p1a: Sableye\n|-singleturn|p1a: Sableye|Protect\n|move|p2b: Incineroar|Fake Out|p1b: Archaludon\n|-resisted|p1b: Archaludon|1\n|-crit|p1b: Archaludon\n|-damage|p1b: Archaludon|94/100\n|cant|p1b: Archaludon|flinch\n|move|p2a: Kommo-o|Aura Sphere|p1b: Archaludon\n|-supereffective|p1b: Archaludon|1\n|-damage|p1b: Archaludon|0 fnt\n|faint|p1b: Archaludon\n|\n|upkeep\n|\n|t:|1775900223\n|switch|p1b: Politoed|Politoed, L50, M|100/100\n|-weather|RainDance|[from] ability: Drizzle|[of] p1b: Politoed\n|turn|2\n|inactive|nextxenp has 30 seconds left.\n|\n|t:|1775900253\n|move|p1a: Sableye|Encore|p2a: Kommo-o\n|-start|p2a: Kommo-o|Encore\n|move|p2a: Kommo-o|Aura Sphere|p1a: Sableye\n|-immune|p1a: Sableye\n|move|p1b: Politoed|Weather Ball|p2b: Incineroar\n|-supereffective|p2b: Incineroar|1\n|-damage|p2b: Incineroar|23/100\n|move|p2b: Incineroar|Throat Chop|p1b: Politoed\n|-damage|p1b: Politoed|68/100\n|-start|p1b: Politoed|Throat Chop|[silent]\n|\n|-weather|RainDance|[upkeep]\n|-heal|p1b: Politoed|74/100|[from] item: Leftovers\n|upkeep\n|turn|3\n|inactive|Pacman_po has 30 seconds left.\n|inactive|nextxenp has 30 seconds left.\n|inactive|nextxenp has 20 seconds left.\n|inactive|nextxenp has 15 seconds left.\n|inactive|nextxenp has 10 seconds left.\n|\n|t:|1775900299\n|switch|p2a: Kingambit|Kingambit, L50, M|100/100\n|switch|p2b: Gengar|Gengar, L50, F|100/100\n|move|p1a: Sableye|Taunt|p2a: Kingambit\n|-hint|Since gen 7, Dark is immune to Prankster moves.\n|-immune|p2a: Kingambit\n|move|p1b: Politoed|Weather Ball|p2b: Gengar\n|-damage|p2b: Gengar|41/100\n|-start|p1b: Politoed|Disable|Weather Ball|[from] ability: Cursed Body|[of] p2b: Gengar\n|\n|-weather|RainDance|[upkeep]\n|-heal|p1b: Politoed|80/100|[from] item: Leftovers\n|-end|p1b: Politoed|Throat Chop|[silent]\n|upkeep\n|turn|4\n|inactive|nextxenp has 30 seconds left.\n|inactive|nextxenp has 20 seconds left.\n|\n|t:|1775900337\n|switch|p1b: Venusaur|Venusaur, L50, M, shiny|100/100\n|detailschange|p2b: Gengar|Gengar-Mega, L50, F\n|-mega|p2b: Gengar|Gengar|Gengarite\n|move|p2b: Gengar|Protect|p2b: Gengar\n|-singleturn|p2b: Gengar|Protect\n|move|p2a: Kingambit|Sucker Punch||[still]\n|-fail|p2a: Kingambit\n|move|p1a: Sableye|Taunt|p2b: Gengar\n|-activate|p2b: Gengar|move: Protect\n|\n|-weather|RainDance|[upkeep]\n|upkeep\n|turn|5\n|inactive|nextxenp has 30 seconds left.\n|inactive|nextxenp has 20 seconds left.\n|\n|t:|1775900373\n|switch|p2b: Incineroar|Incineroar, L50, M|23/100\n|-ability|p2b: Incineroar|Intimidate|boost\n|-unboost|p1a: Sableye|atk|1\n|-unboost|p1b: Venusaur|atk|1\n|move|p2a: Kingambit|Sucker Punch||[still]\n|-fail|p2a: Kingambit\n|move|p1a: Sableye|Encore|p2b: Incineroar\n|-hint|Since gen 7, Dark is immune to Prankster moves.\n|-immune|p2b: Incineroar\n|move|p1b: Venusaur|Sleep Powder|p2a: Kingambit\n|-status|p2a: Kingambit|slp|[from] move: Sleep Powder\n|\n|-weather|RainDance|[upkeep]\n|upkeep\n|turn|6\n|\n|t:|1775900394\n|switch|p2a: Kommo-o|Kommo-o, L50, M|100/100\n|move|p1a: Sableye|Detect|p1a: Sableye\n|-singleturn|p1a: Sableye|Protect\n|move|p1b: Venusaur|Sludge Bomb|p2b: Incineroar\n|-damage|p2b: Incineroar|2/100\n|-status|p2b: Incineroar|psn\n|move|p2b: Incineroar|Flare Blitz|p1b: Venusaur\n|-supereffective|p1b: Venusaur|1\n|-damage|p1b: Venusaur|62/100\n|-damage|p2b: Incineroar|0 fnt|[from] Recoil\n|faint|p2b: Incineroar\n|\n|-weather|none\n|upkeep\n|\n|t:|1775900408\n|switch|p2b: Gengar|Gengar-Mega, L50, F|41/100\n|turn|7\n|inactive|nextxenp has 30 seconds left.\n|\n|t:|1775900434\n|move|p1a: Sableye|Taunt|p2b: Gengar\n|-start|p2b: Gengar|move: Taunt\n|move|p2b: Gengar|Shadow Ball|p1b: Venusaur\n|-crit|p1b: Venusaur\n|-damage|p1b: Venusaur|0 fnt\n|faint|p1b: Venusaur\n|move|p2a: Kommo-o|Clangorous Soul|p2a: Kommo-o\n|-boost|p2a: Kommo-o|atk|1\n|-boost|p2a: Kommo-o|def|1\n|-boost|p2a: Kommo-o|spa|1\n|-boost|p2a: Kommo-o|spd|1\n|-boost|p2a: Kommo-o|spe|1\n|-damage|p2a: Kommo-o|68/100\n|\n|-heal|p2a: Kommo-o|73/100|[from] item: Leftovers\n|upkeep\n|\n|t:|1775900440\n|switch|p1b: Politoed|Politoed, L50, M|80/100\n|-weather|RainDance|[from] ability: Drizzle|[of] p1b: Politoed\n|turn|8\n|inactive|nextxenp has 30 seconds left.\n|\n|t:|1775900466\n|switch|p2b: Kingambit|Kingambit, L50, M|100/100 slp\n|move|p1a: Sableye|Encore|p2a: Kommo-o\n|-start|p2a: Kommo-o|Encore\n|move|p2a: Kommo-o|Clangorous Soul|p2a: Kommo-o\n|-boost|p2a: Kommo-o|atk|1\n|-boost|p2a: Kommo-o|def|1\n|-boost|p2a: Kommo-o|spa|1\n|-boost|p2a: Kommo-o|spd|1\n|-boost|p2a: Kommo-o|spe|1\n|-damage|p2a: Kommo-o|40/100\n|move|p1b: Politoed|Weather Ball|p2b: Kingambit\n|-damage|p2b: Kingambit|53/100 slp\n|\n|-weather|RainDance|[upkeep]\n|-heal|p2a: Kommo-o|46/100|[from] item: Leftovers\n|-heal|p1b: Politoed|86/100|[from] item: Leftovers\n|upkeep\n|turn|9\n|inactive|Pacman_po has 30 seconds left.\n|inactive|nextxenp has 30 seconds left.\n|inactive|Pacman_po has 20 seconds left.\n|\n|t:|1775900506\n|switch|p2a: Gengar|Gengar-Mega, L50, F|41/100\n|cant|p2b: Kingambit|slp\n|move|p1a: Sableye|Taunt|p2a: Gengar\n|-start|p2a: Gengar|move: Taunt\n|move|p1b: Politoed|Weather Ball|p2b: Kingambit\n|-damage|p2b: Kingambit|6/100 slp\n|\n|-weather|RainDance|[upkeep]\n|-heal|p1b: Politoed|92/100|[from] item: Leftovers\n|upkeep\n|turn|10\n|\n|t:|1775900524\n|switch|p2b: Kommo-o|Kommo-o, L50, M|46/100\n|move|p1a: Sableye|Detect|p1a: Sableye\n|-singleturn|p1a: Sableye|Protect\n|move|p1b: Politoed|Protect|p1b: Politoed\n|-singleturn|p1b: Politoed|Protect\n|move|p2a: Gengar|Shadow Ball|p1b: Politoed\n|-activate|p1b: Politoed|move: Protect\n|\n|-weather|RainDance|[upkeep]\n|-heal|p2b: Kommo-o|52/100|[from] item: Leftovers\n|-heal|p1b: Politoed|98/100|[from] item: Leftovers\n|upkeep\n|turn|11\n|\n|t:|1775900549\n|move|p1a: Sableye|Disable|p2a: Gengar\n|-start|p2a: Gengar|Disable|Shadow Ball\n|cant|p2a: Gengar|Disable|Shadow Ball\n|move|p2b: Kommo-o|Clanging Scales|p1b: Politoed|[spread] p1a,p1b\n|-damage|p1a: Sableye|55/100\n|-damage|p1b: Politoed|68/100\n|-unboost|p2b: Kommo-o|def|1\n|move|p1b: Politoed|Weather Ball|p2b: Kommo-o\n|-resisted|p2b: Kommo-o|1\n|-damage|p2b: Kommo-o|26/100\n|\n|-weather|RainDance|[upkeep]\n|-heal|p2b: Kommo-o|31/100|[from] item: Leftovers\n|-heal|p1b: Politoed|74/100|[from] item: Leftovers\n|-end|p2a: Gengar|move: Taunt\n|upkeep\n|turn|12\n|inactive|Pacman_po has 30 seconds left.\n|inactive|nextxenp has 30 seconds left.\n|inactive|Pacman_po has 20 seconds left.\n|inactive|Pacman_po has 15 seconds left.\n|inactive|Pacman_po has 10 seconds left.\n|inactive|Pacman_po has 5 seconds left.\n|\n|t:|1775900604\n|move|p1a: Sableye|Detect|p1a: Sableye\n|-singleturn|p1a: Sableye|Protect\n|move|p2b: Kommo-o|Protect|p2b: Kommo-o\n|-singleturn|p2b: Kommo-o|Protect\n|move|p1b: Politoed|Protect|p1b: Politoed\n|-singleturn|p1b: Politoed|Protect\n|move|p2a: Gengar|Perish Song|p2a: Gengar\n|-start|p1a: Sableye|perish3|[silent]\n|-start|p1b: Politoed|perish3|[silent]\n|-start|p2a: Gengar|perish3|[silent]\n|-immune|p2b: Kommo-o|[from] ability: Soundproof\n|-fieldactivate|move: Perish Song\n|\n|-weather|none\n|-heal|p2b: Kommo-o|37/100|[from] item: Leftovers\n|-heal|p1b: Politoed|80/100|[from] item: Leftovers\n|-start|p2a: Gengar|perish3\n|-start|p1b: Politoed|perish3\n|-start|p1a: Sableye|perish3\n|upkeep\n|turn|13\n|inactive|Pacman_po has 30 seconds left.\n|inactive|nextxenp has 30 seconds left.\n|inactive|Pacman_po has 20 seconds left.\n|inactive|Pacman_po has 15 seconds left.\n|inactive|Pacman_po has 10 seconds left.\n|inactive|Pacman_po has 5 seconds left.\n|-message|Pacman_po forfeited.\n|\n|win|nextxenp\n|raw|Pacman_po's rating: 1132 &rarr; <strong>1101</strong><br />(-31 for losing)\n|raw|nextxenp's rating: 1046 &rarr; <strong>1087</strong><br />(+41 for winning)\n|l|\u2606Pacman_po\n|player|p1|\n",
  "uploadtime": 1775900788,
  "views": 42,
  "formatid": "gen9championsvgc2026regma",
  "rating": 1087,
  "private": 0,
  "password": null
}