{
  "id": "gen9championsvgc2026regma-2588231383",
  "format": "[Gen 9 Champions] VGC 2026 Reg M-A",
  "players": [
    "Devta",
    "Pa7mmm"
  ],
  "log": "|j|\u2606Devta\n|j|\u2606Pa7mmm\n|t:|1776616477\n|gametype|doubles\n|player|p1|Devta|hexmaniac-gen6|1311\n|player|p2|Pa7mmm|265|1352\n|gen|9\n|tier|[Gen 9 Champions] VGC 2026 Reg M-A\n|rated|\n|rule|Species Clause: Limit one of each Pok\u00e9mon\n|rule|Item Clause: Limit 1 of each item\n|clearpoke\n|poke|p1|Floette-Eternal, L50, F|\n|poke|p1|Sinistcha-Masterpiece, L50, shiny|\n|poke|p1|Incineroar, L50, F|\n|poke|p1|Rotom-Wash, L50, shiny|\n|poke|p1|Garchomp, L50, F|\n|poke|p1|Aerodactyl, L50, F|\n|poke|p2|Corviknight, L50, F|\n|poke|p2|Garchomp, L50, M|\n|poke|p2|Sinistcha, L50|\n|poke|p2|Incineroar, L50, M|\n|poke|p2|Venusaur, L50, F|\n|poke|p2|Tyranitar, L50, M|\n|teampreview|4\n|inactive|Battle timer is ON: inactive players will automatically lose when time's up. (requested by Pa7mmm)\n|inactive|Devta has 60 seconds left.\n|\n|t:|1776616525\n|teamsize|p1|4\n|teamsize|p2|4\n|start\n|switch|p1a: Aerodactyl|Aerodactyl, L50, F|100/100\n|switch|p1b: Incineroar|Incineroar, L50, F|100/100\n|switch|p2a: Incineroar|Incineroar, L50, M|100/100\n|switch|p2b: Venusaur|Venusaur, L50, F|100/100\n|-ability|p1a: Aerodactyl|Unnerve\n|-ability|p1b: Incineroar|Intimidate|boost\n|-unboost|p2a: Incineroar|atk|1\n|-unboost|p2b: Venusaur|atk|1\n|-ability|p2a: Incineroar|Intimidate|boost\n|-unboost|p1a: Aerodactyl|atk|1\n|-unboost|p1b: Incineroar|atk|1\n|turn|1\n|inactive|Devta has 30 seconds left.\n|inactive|Pa7mmm has 30 seconds left.\n|\n|t:|1776616558\n|detailschange|p2b: Venusaur|Venusaur-Mega, L50, F\n|-mega|p2b: Venusaur|Venusaur|Venusaurite\n|move|p1b: Incineroar|Fake Out|p2b: Venusaur\n|-damage|p2b: Venusaur|94/100\n|move|p2a: Incineroar|Fake Out|p1a: Aerodactyl\n|-resisted|p1a: Aerodactyl|1\n|-damage|p1a: Aerodactyl|95/100\n|cant|p1a: Aerodactyl|flinch\n|cant|p2b: Venusaur|flinch\n|\n|upkeep\n|turn|2\n|\n|t:|1776616583\n|move|p1a: Aerodactyl|Dual Wingbeat|p2b: Venusaur\n|-supereffective|p2b: Venusaur|1\n|-damage|p2b: Venusaur|76/100\n|-supereffective|p2b: Venusaur|1\n|-damage|p2b: Venusaur|56/100\n|-hitcount|p2b: Venusaur|2\n|move|p2b: Venusaur|Giga Drain|p1a: Aerodactyl\n|-damage|p1a: Aerodactyl|46/100\n|-heal|p2b: Venusaur|77/100|[from] drain|[of] p1a: Aerodactyl\n|move|p1b: Incineroar|Flare Blitz|p2b: Venusaur\n|-supereffective|p2b: Venusaur|1\n|-damage|p2b: Venusaur|47/100\n|-status|p2b: Venusaur|brn\n|-damage|p1b: Incineroar|92/100|[from] Recoil\n|move|p2a: Incineroar|Parting Shot|p1b: Incineroar\n|-unboost|p1b: Incineroar|atk|1\n|-unboost|p1b: Incineroar|spa|1\n|\n|t:|1776616599\n|switch|p2a: Sinistcha|Sinistcha, L50|100/100|[from] Parting Shot\n|-heal|p2b: Venusaur|72/100 brn|[from] ability: Hospitality|[of] p2a: Sinistcha\n|\n|-damage|p2b: Venusaur|66/100 brn|[from] brn\n|upkeep\n|turn|3\n|inactive|Pa7mmm has 30 seconds left.\n|\n|t:|1776616624\n|move|p1a: Aerodactyl|Protect|p1a: Aerodactyl\n|-singleturn|p1a: Aerodactyl|Protect\n|move|p2b: Venusaur|Protect|p2b: Venusaur\n|-singleturn|p2b: Venusaur|Protect\n|move|p2a: Sinistcha|Life Dew||[still]|[spread] p2a,p2b\n|-fail|p2a: Sinistcha|heal\n|-heal|p2b: Venusaur|91/100 brn\n|move|p1b: Incineroar|Parting Shot|p2b: Venusaur\n|-activate|p2b: Venusaur|move: Protect\n|\n|-damage|p2b: Venusaur|85/100 brn|[from] brn\n|upkeep\n|turn|4\n|\n|t:|1776616644\n|move|p1a: Aerodactyl|Dual Wingbeat|p2b: Venusaur\n|-supereffective|p2b: Venusaur|1\n|-damage|p2b: Venusaur|67/100 brn\n|-supereffective|p2b: Venusaur|1\n|-damage|p2b: Venusaur|49/100 brn\n|-hitcount|p2b: Venusaur|2\n|move|p2b: Venusaur|Giga Drain|p1a: Aerodactyl\n|-damage|p1a: Aerodactyl|0 fnt\n|-heal|p2b: Venusaur|69/100 brn|[from] drain|[of] p1a: Aerodactyl\n|faint|p1a: Aerodactyl\n|move|p1b: Incineroar|Parting Shot|p2b: Venusaur\n|-unboost|p2b: Venusaur|atk|1\n|-unboost|p2b: Venusaur|spa|1\n|\n|t:|1776616651\n|switch|p1b: Floette|Floette-Eternal, L50, F|100/100|[from] Parting Shot\n|move|p2a: Sinistcha|Trick Room|p2a: Sinistcha\n|-fieldstart|move: Trick Room|[of] p2a: Sinistcha\n|\n|-damage|p2b: Venusaur|63/100 brn|[from] brn\n|upkeep\n|\n|t:|1776616653\n|switch|p1a: Incineroar|Incineroar, L50, F|92/100\n|-ability|p1a: Incineroar|Intimidate|boost\n|-unboost|p2a: Sinistcha|atk|1\n|-unboost|p2b: Venusaur|atk|1\n|turn|5\n|inactive|Pa7mmm has 30 seconds left.\n|\n|t:|1776616685\n|switch|p2a: Incineroar|Incineroar, L50, M|100/100\n|-ability|p2a: Incineroar|Intimidate|boost\n|-unboost|p1a: Incineroar|atk|1\n|-unboost|p1b: Floette|atk|1\n|switch|p2b: Corviknight|Corviknight, L50, F|100/100\n|detailschange|p1b: Floette|Floette-Mega, L50, F\n|-mega|p1b: Floette|Floette|Floettite\n|-ability|p1b: Floette|Fairy Aura\n|move|p1b: Floette|Protect|p1b: Floette\n|-singleturn|p1b: Floette|Protect\n|move|p1a: Incineroar|Throat Chop|p2a: Incineroar\n|-resisted|p2a: Incineroar|1\n|-damage|p2a: Incineroar|93/100\n|-start|p2a: Incineroar|Throat Chop|[silent]\n|\n|upkeep\n|turn|6\n|inactive|Pa7mmm has 30 seconds left.\n|inactive|Pa7mmm has 20 seconds left.\n|\n|t:|1776616721\n|switch|p1b: Rotom|Rotom-Wash, L50, shiny|100/100\n|move|p2a: Incineroar|Flare Blitz|p1b: Rotom\n|-resisted|p1b: Rotom|1\n|-damage|p1b: Rotom|70/100\n|-damage|p2a: Incineroar|86/100|[from] Recoil\n|move|p1a: Incineroar|Flare Blitz|p2b: Corviknight\n|-supereffective|p2b: Corviknight|1\n|-damage|p2b: Corviknight|40/100\n|-damage|p1a: Incineroar|72/100|[from] Recoil\n|move|p2b: Corviknight|Iron Head|p1b: Rotom\n|-resisted|p1b: Rotom|2\n|-damage|p1b: Rotom|60/100\n|\n|-heal|p2b: Corviknight|46/100|[from] item: Leftovers\n|-end|p2a: Incineroar|Throat Chop|[silent]\n|upkeep\n|turn|7\n|inactive|Pa7mmm has 30 seconds left.\n|\n|t:|1776616755\n|switch|p2b: Venusaur|Venusaur-Mega, L50, F|63/100 brn\n|move|p2a: Incineroar|Parting Shot|p1a: Incineroar\n|-unboost|p1a: Incineroar|atk|1\n|-unboost|p1a: Incineroar|spa|1\n|\n|t:|1776616760\n|switch|p2a: Sinistcha|Sinistcha, L50|100/100|[from] Parting Shot\n|-heal|p2b: Venusaur|88/100 brn|[from] ability: Hospitality|[of] p2a: Sinistcha\n|move|p1a: Incineroar|Parting Shot|p2a: Sinistcha\n|-unboost|p2a: Sinistcha|atk|1\n|-unboost|p2a: Sinistcha|spa|1\n|\n|t:|1776616762\n|switch|p1a: Floette|Floette-Mega, L50, F|100/100|[from] Parting Shot\n|-ability|p1a: Floette|Fairy Aura\n|move|p1b: Rotom|Volt Switch|p2b: Venusaur\n|-resisted|p2b: Venusaur|1\n|-damage|p2b: Venusaur|77/100 brn\n|\n|t:|1776616764\n|switch|p1b: Incineroar|Incineroar, L50, F|72/100|[from] Volt Switch\n|-ability|p1b: Incineroar|Intimidate|boost\n|-unboost|p2a: Sinistcha|atk|1\n|-unboost|p2b: Venusaur|atk|1\n|\n|-damage|p2b: Venusaur|70/100 brn|[from] brn\n|upkeep\n|turn|8\n|\n|t:|1776616786\n|switch|p2a: Incineroar|Incineroar, L50, M|86/100\n|-ability|p2a: Incineroar|Intimidate|boost\n|-unboost|p1a: Floette|atk|1\n|-unboost|p1b: Incineroar|atk|1\n|move|p1b: Incineroar|Fake Out|p2b: Venusaur\n|-crit|p2b: Venusaur\n|-damage|p2b: Venusaur|56/100 brn\n|cant|p2b: Venusaur|flinch\n|move|p1a: Floette|Moonblast|p2a: Incineroar\n|-damage|p2a: Incineroar|22/100\n|-enditem|p2a: Incineroar|Sitrus Berry|[eat]\n|-heal|p2a: Incineroar|47/100|[from] item: Sitrus Berry\n|\n|-damage|p2b: Venusaur|50/100 brn|[from] brn\n|-fieldend|move: Trick Room\n|upkeep\n|turn|9\n|\n|t:|1776616811\n|move|p1a: Floette|Moonblast|p2b: Venusaur\n|-resisted|p2b: Venusaur|1\n|-damage|p2b: Venusaur|22/100 brn\n|move|p2b: Venusaur|Earth Power|p1b: Incineroar\n|-supereffective|p1b: Incineroar|1\n|-damage|p1b: Incineroar|31/100\n|move|p1b: Incineroar|Flare Blitz|p2b: Venusaur\n|-supereffective|p2b: Venusaur|1\n|-damage|p2b: Venusaur|0 fnt\n|faint|p2b: Venusaur\n|-damage|p1b: Incineroar|25/100|[from] Recoil\n|move|p2a: Incineroar|Parting Shot|p1b: Incineroar\n|-unboost|p1b: Incineroar|atk|1\n|-unboost|p1b: Incineroar|spa|1\n|\n|t:|1776616825\n|switch|p2a: Corviknight|Corviknight, L50, F|46/100|[from] Parting Shot\n|\n|-heal|p2a: Corviknight|52/100|[from] item: Leftovers\n|upkeep\n|\n|t:|1776616830\n|switch|p2b: Incineroar|Incineroar, L50, M|47/100\n|-ability|p2b: Incineroar|Intimidate|boost\n|-unboost|p1a: Floette|atk|1\n|-unboost|p1b: Incineroar|atk|1\n|turn|10\n|\n|t:|1776616854\n|switch|p1b: Rotom|Rotom-Wash, L50, shiny|60/100\n|switch|p2b: Sinistcha|Sinistcha, L50|100/100\n|-heal|p2a: Corviknight|77/100|[from] ability: Hospitality|[of] p2b: Sinistcha\n|move|p1a: Floette|Protect|p1a: Floette\n|-singleturn|p1a: Floette|Protect\n|move|p2a: Corviknight|Tailwind|p2a: Corviknight\n|-sidestart|p2: Pa7mmm|move: Tailwind\n|\n|-heal|p2a: Corviknight|83/100|[from] item: Leftovers\n|upkeep\n|turn|11\n|\n|t:|1776616871\n|move|p2b: Sinistcha|Rage Powder|p2b: Sinistcha\n|-singleturn|p2b: Sinistcha|move: Rage Powder\n|move|p1b: Rotom|Electroweb|p2b: Sinistcha|[spread] p2a,p2b\n|-supereffective|p2a: Corviknight|1\n|-resisted|p2b: Sinistcha|1\n|-damage|p2a: Corviknight|52/100\n|-damage|p2b: Sinistcha|92/100\n|-ability|p2a: Corviknight|Mirror Armor\n|-unboost|p1b: Rotom|spe|1\n|-unboost|p2b: Sinistcha|spe|1\n|move|p2a: Corviknight|Bulk Up|p2a: Corviknight\n|-boost|p2a: Corviknight|atk|1\n|-boost|p2a: Corviknight|def|1\n|move|p1a: Floette|Moonblast|p2b: Sinistcha\n|-damage|p2b: Sinistcha|17/100\n|\n|-heal|p2a: Corviknight|58/100|[from] item: Leftovers\n|upkeep\n|turn|12\n|inactive|Pa7mmm has 30 seconds left.\n|\n|t:|1776616903\n|move|p2a: Corviknight|Bulk Up|p2a: Corviknight\n|-boost|p2a: Corviknight|atk|1\n|-boost|p2a: Corviknight|def|1\n|move|p1b: Rotom|Electroweb|p2b: Sinistcha|[spread] p2a,p2b\n|-supereffective|p2a: Corviknight|1\n|-resisted|p2b: Sinistcha|1\n|-damage|p2a: Corviknight|28/100\n|-damage|p2b: Sinistcha|8/100\n|-ability|p2a: Corviknight|Mirror Armor\n|-unboost|p1b: Rotom|spe|1\n|-unboost|p2b: Sinistcha|spe|1\n|move|p1a: Floette|Dazzling Gleam|p2b: Sinistcha|[spread] p2a,p2b\n|-resisted|p2a: Corviknight|1\n|-damage|p2a: Corviknight|8/100\n|-damage|p2b: Sinistcha|0 fnt\n|faint|p2b: Sinistcha\n|\n|-heal|p2a: Corviknight|14/100|[from] item: Leftovers\n|upkeep\n|\n|t:|1776616915\n|switch|p2b: Incineroar|Incineroar, L50, M|47/100\n|-ability|p2b: Incineroar|Intimidate|boost\n|-unboost|p1a: Floette|atk|1\n|-unboost|p1b: Rotom|atk|1\n|turn|13\n|\n|t:|1776616929\n|move|p2b: Incineroar|Fake Out|p1b: Rotom\n|-damage|p1b: Rotom|48/100\n|move|p2a: Corviknight|Iron Head|p1a: Floette\n|-supereffective|p1a: Floette|1\n|-damage|p1a: Floette|0 fnt\n|faint|p1a: Floette\n|cant|p1b: Rotom|flinch\n|\n|-heal|p2a: Corviknight|20/100|[from] item: Leftovers\n|-sideend|p2: Pa7mmm|move: Tailwind\n|upkeep\n|\n|t:|1776616932\n|switch|p1a: Incineroar|Incineroar, L50, F|25/100\n|-ability|p1a: Incineroar|Intimidate|boost\n|-ability|p2a: Corviknight|Mirror Armor\n|-unboost|p1a: Incineroar|atk|1\n|-unboost|p2b: Incineroar|atk|1\n|turn|14\n|\n|t:|1776616957\n|move|p1a: Incineroar|Fake Out|p2b: Incineroar\n|-damage|p2b: Incineroar|41/100\n|move|p1b: Rotom|Electroweb|p2a: Corviknight|[spread] \n|-miss|p1b: Rotom|p2a: Corviknight\n|-miss|p1b: Rotom|p2b: Incineroar\n|move|p2a: Corviknight|Brave Bird|p1b: Rotom\n|-resisted|p1b: Rotom|1\n|-damage|p1b: Rotom|0 fnt\n|faint|p1b: Rotom\n|-damage|p2a: Corviknight|10/100|[from] Recoil\n|cant|p2b: Incineroar|flinch\n|\n|-heal|p2a: Corviknight|16/100|[from] item: Leftovers\n|upkeep\n|turn|15\n|-message|Devta forfeited.\n|\n|win|Pa7mmm\n|raw|Devta's rating: 1311 &rarr; <strong>1293</strong><br />(-18 for losing)\n|raw|Pa7mmm's rating: 1352 &rarr; <strong>1370</strong><br />(+18 for winning)\n",
  "uploadtime": 1776616971,
  "views": 11,
  "formatid": "gen9championsvgc2026regma",
  "rating": 1293,
  "private": 0,
  "password": null
}