{
  "id": "gen9championsvgc2026regma-2580767181",
  "format": "[Gen 9 Champions] VGC 2026 Reg M-A",
  "players": [
    "the xpurt",
    "Ascalon017"
  ],
  "log": "|j|\u2606the xpurt\n|j|\u2606Ascalon017\n|t:|1775930821\n|gametype|doubles\n|player|p1|the xpurt|harlequin|1000\n|player|p2|Ascalon017|benga|1089\n|gen|9\n|tier|[Gen 9 Champions] VGC 2026 Reg M-A\n|rated|\n|rule|Species Clause: Limit one of each Pok\u00e9mon\n|rule|Item Clause: Limit 1 of each item\n|clearpoke\n|poke|p1|Beedrill, L50, M|\n|poke|p1|Incineroar, L50, F|\n|poke|p1|Ninetales-Alola, L50, F|\n|poke|p1|Whimsicott, L50, F|\n|poke|p1|Crabominable, L50, M|\n|poke|p1|Sinistcha, L50|\n|poke|p2|Gardevoir, L50, F|\n|poke|p2|Incineroar, L50, M|\n|poke|p2|Garchomp, L50, M|\n|poke|p2|Rotom-Wash, L50|\n|poke|p2|Sinistcha, L50|\n|poke|p2|Sneasler, L50, M|\n|teampreview|4\n|inactive|Battle timer is ON: inactive players will automatically lose when time's up. (requested by Ascalon017)\n|\n|t:|1775930845\n|teamsize|p1|4\n|teamsize|p2|4\n|start\n|switch|p1a: Beedrill|Beedrill, L50, M, shiny|100/100\n|switch|p1b: Incineroar|Incineroar, L50, F|100/100\n|switch|p2a: Garchomp|Garchomp, L50, M|100/100\n|switch|p2b: Incineroar|Incineroar, L50, M|100/100\n|-ability|p1b: Incineroar|Intimidate|boost\n|-unboost|p2a: Garchomp|atk|1\n|-unboost|p2b: Incineroar|atk|1\n|-ability|p2b: Incineroar|Intimidate|boost\n|-unboost|p1a: Beedrill|atk|1\n|-unboost|p1b: Incineroar|atk|1\n|-enditem|p2a: Garchomp|White Herb\n|-clearnegativeboost|p2a: Garchomp|[silent]\n|turn|1\n|inactive|the xpurt has 30 seconds left.\n|inactive|Ascalon017 has 30 seconds left.\n|inactive|the xpurt has 20 seconds left.\n|inactive|the xpurt has 15 seconds left.\n|\n|t:|1775930888\n|detailschange|p1a: Beedrill|Beedrill-Mega, L50, M, shiny\n|-mega|p1a: Beedrill|Beedrill|Beedrillite\n|move|p1b: Incineroar|Fake Out|p2a: Garchomp\n|-damage|p2a: Garchomp|92/100\n|-damage|p1b: Incineroar|88/100|[from] ability: Rough Skin|[of] p2a: Garchomp\n|move|p2b: Incineroar|Fake Out|p1b: Incineroar\n|-damage|p1b: Incineroar|81/100\n|move|p1a: Beedrill|U-turn|p2b: Incineroar\n|-damage|p2b: Incineroar|62/100\n|\n|t:|1775930897\n|switch|p1a: Ninetales|Ninetales-Alola, L50, F, shiny|100/100|[from] U-turn\n|-weather|Snowscape|[from] ability: Snow Warning|[of] p1a: Ninetales\n|cant|p2a: Garchomp|flinch\n|\n|-weather|Snowscape|[upkeep]\n|upkeep\n|turn|2\n|\n|t:|1775930916\n|switch|p2a: Rotom|Rotom-Wash, L50|100/100\n|move|p1a: Ninetales|Aurora Veil|p1a: Ninetales\n|-sidestart|p1: the xpurt|move: Aurora Veil\n|move|p1b: Incineroar|Parting Shot|p2b: Incineroar\n|-unboost|p2b: Incineroar|atk|1\n|-unboost|p2b: Incineroar|spa|1\n|\n|t:|1775930923\n|switch|p1b: Beedrill|Beedrill-Mega, L50, M, shiny|100/100|[from] Parting Shot\n|move|p2b: Incineroar|Parting Shot|p1a: Ninetales\n|-unboost|p1a: Ninetales|atk|1\n|-unboost|p1a: Ninetales|spa|1\n|\n|t:|1775930933\n|switch|p2b: Gardevoir|Gardevoir, L50, F, shiny|100/100|[from] Parting Shot\n|\n|-weather|Snowscape|[upkeep]\n|upkeep\n|turn|3\n|\n|t:|1775930957\n|detailschange|p2b: Gardevoir|Gardevoir-Mega, L50, F, shiny\n|-mega|p2b: Gardevoir|Gardevoir|Gardevoirite\n|move|p2b: Gardevoir|Protect|p2b: Gardevoir\n|-singleturn|p2b: Gardevoir|Protect\n|move|p1b: Beedrill|U-turn|p2b: Gardevoir\n|-activate|p2b: Gardevoir|move: Protect\n|move|p1a: Ninetales|Blizzard|p2b: Gardevoir|[spread] p2a\n|-activate|p2b: Gardevoir|move: Protect\n|-resisted|p2a: Rotom|1\n|-damage|p2a: Rotom|85/100\n|move|p2a: Rotom|Electroweb|p1b: Beedrill|[spread] p1a,p1b\n|-damage|p1a: Ninetales|87/100\n|-damage|p1b: Beedrill|83/100\n|-unboost|p1a: Ninetales|spe|1\n|-unboost|p1b: Beedrill|spe|1\n|\n|-weather|Snowscape|[upkeep]\n|-heal|p2a: Rotom|90/100|[from] item: Leftovers\n|upkeep\n|turn|4\n|inactive|the xpurt has 30 seconds left.\n|inactive|Ascalon017 has 30 seconds left.\n|inactive|Ascalon017 has 20 seconds left.\n|inactive|Ascalon017 has 15 seconds left.\n|\n|t:|1775930999\n|move|p2b: Gardevoir|Psyshock|p1b: Beedrill\n|-supereffective|p1b: Beedrill|1\n|-damage|p1b: Beedrill|0 fnt\n|faint|p1b: Beedrill\n|move|p2a: Rotom|Electroweb|p1a: Ninetales\n|-damage|p1a: Ninetales|69/100\n|-unboost|p1a: Ninetales|spe|1\n|move|p1a: Ninetales|Blizzard|p2b: Gardevoir|[spread] p2a,p2b\n|-resisted|p2a: Rotom|1\n|-crit|p2b: Gardevoir\n|-damage|p2a: Rotom|76/100\n|-damage|p2b: Gardevoir|42/100\n|-status|p2a: Rotom|frz\n|\n|-weather|Snowscape|[upkeep]\n|-heal|p2a: Rotom|82/100 frz|[from] item: Leftovers\n|upkeep\n|\n|t:|1775931015\n|switch|p1b: Incineroar|Incineroar, L50, F|81/100\n|-ability|p1b: Incineroar|Intimidate|boost\n|-unboost|p2a: Rotom|atk|1\n|-unboost|p2b: Gardevoir|atk|1\n|turn|5\n|\n|t:|1775931028\n|switch|p1a: Sinistcha|Sinistcha, L50|100/100\n|-heal|p1b: Incineroar|100/100|[from] ability: Hospitality|[of] p1a: Sinistcha\n|move|p2b: Gardevoir|Protect|p2b: Gardevoir\n|-singleturn|p2b: Gardevoir|Protect\n|-curestatus|p2a: Rotom|frz|[msg]\n|move|p2a: Rotom|Hydro Pump|p1b: Incineroar|[miss]\n|-miss|p2a: Rotom|p1b: Incineroar\n|move|p1b: Incineroar|Throat Chop|p2b: Gardevoir\n|-activate|p2b: Gardevoir|move: Protect\n|\n|-weather|none\n|-heal|p2a: Rotom|88/100|[from] item: Leftovers\n|upkeep\n|turn|6\n|inactive|the xpurt has 30 seconds left.\n|\n|t:|1775931054\n|switch|p2b: Garchomp|Garchomp, L50, M|92/100\n|move|p2a: Rotom|Hydro Pump|p1b: Incineroar\n|-supereffective|p1b: Incineroar|1\n|-crit|p1b: Incineroar\n|-damage|p1b: Incineroar|0 fnt\n|faint|p1b: Incineroar\n|move|p1a: Sinistcha|Trick Room|p1a: Sinistcha\n|-fieldstart|move: Trick Room|[of] p1a: Sinistcha\n|\n|-heal|p2a: Rotom|93/100|[from] item: Leftovers\n|-sideend|p1: the xpurt|move: Aurora Veil\n|upkeep\n|\n|t:|1775931064\n|switch|p1b: Ninetales|Ninetales-Alola, L50, F, shiny|69/100\n|-weather|Snowscape|[from] ability: Snow Warning|[of] p1b: Ninetales\n|turn|7\n|\n|t:|1775931086\n|move|p1a: Sinistcha|Matcha Gotcha|p2a: Rotom|[spread] p2a,p2b\n|-supereffective|p2a: Rotom|1\n|-damage|p2a: Rotom|8/100\n|-damage|p2b: Garchomp|55/100\n|move|p2a: Rotom|Hydro Pump|p1b: Ninetales\n|-damage|p1b: Ninetales|17/100\n|move|p1b: Ninetales|Blizzard|p2b: Garchomp|[spread] p2a,p2b\n|-resisted|p2a: Rotom|1\n|-supereffective|p2b: Garchomp|2\n|-damage|p2a: Rotom|0 fnt\n|-damage|p2b: Garchomp|0 fnt\n|faint|p2a: Rotom\n|faint|p2b: Garchomp\n|\n|-weather|Snowscape|[upkeep]\n|upkeep\n|\n|t:|1775931102\n|switch|p2a: Incineroar|Incineroar, L50, M|62/100\n|switch|p2b: Gardevoir|Gardevoir-Mega, L50, F, shiny|42/100\n|-ability|p2a: Incineroar|Intimidate|boost\n|-unboost|p1a: Sinistcha|atk|1\n|-unboost|p1b: Ninetales|atk|1\n|turn|8\n|\n|t:|1775931118\n|move|p1b: Ninetales|Protect|p1b: Ninetales\n|-singleturn|p1b: Ninetales|Protect\n|move|p2a: Incineroar|Fake Out|p1b: Ninetales\n|-activate|p1b: Ninetales|move: Protect\n|move|p1a: Sinistcha|Matcha Gotcha|p2a: Incineroar|[spread] p2a,p2b\n|-resisted|p2a: Incineroar|1\n|-damage|p2a: Incineroar|50/100\n|-damage|p2b: Gardevoir|8/100\n|-status|p2b: Gardevoir|brn\n|-enditem|p2a: Incineroar|Sitrus Berry|[eat]\n|-heal|p2a: Incineroar|75/100|[from] item: Sitrus Berry\n|move|p2b: Gardevoir|Hyper Voice|p1b: Ninetales|[spread] p1a\n|-activate|p1b: Ninetales|move: Protect\n|-damage|p1a: Sinistcha|45/100\n|\n|-weather|Snowscape|[upkeep]\n|-heal|p1a: Sinistcha|51/100|[from] item: Leftovers\n|-damage|p2b: Gardevoir|3/100 brn|[from] brn\n|upkeep\n|turn|9\n|inactive|the xpurt has 30 seconds left.\n|inactive|Ascalon017 has 30 seconds left.\n|inactive|the xpurt has 20 seconds left.\n|\n|t:|1775931156\n|move|p1a: Sinistcha|Matcha Gotcha|p2b: Gardevoir|[spread] p2a,p2b\n|-resisted|p2a: Incineroar|1\n|-damage|p2a: Incineroar|62/100\n|-heal|p1a: Sinistcha|58/100|[from] drain|[of] p2a: Incineroar\n|-damage|p2b: Gardevoir|0 fnt\n|-heal|p1a: Sinistcha|59/100|[from] drain|[of] p2b: Gardevoir\n|faint|p2b: Gardevoir\n|move|p2a: Incineroar|Flare Blitz|p1a: Sinistcha\n|-supereffective|p1a: Sinistcha|1\n|-damage|p1a: Sinistcha|0 fnt\n|faint|p1a: Sinistcha\n|-damage|p2a: Incineroar|44/100|[from] Recoil\n|move|p1b: Ninetales|Moonblast|p2a: Incineroar\n|-damage|p2a: Incineroar|16/100\n|\n|-weather|Snowscape|[upkeep]\n|upkeep\n|turn|10\n|\n|t:|1775931176\n|move|p1b: Ninetales|Protect|p1b: Ninetales\n|-singleturn|p1b: Ninetales|Protect\n|move|p2a: Incineroar|Flare Blitz|p1b: Ninetales\n|-activate|p1b: Ninetales|move: Protect\n|\n|-weather|Snowscape|[upkeep]\n|-fieldend|move: Trick Room\n|upkeep\n|turn|11\n|\n|t:|1775931185\n|move|p1b: Ninetales|Moonblast|p2a: Incineroar\n|-damage|p2a: Incineroar|0 fnt\n|faint|p2a: Incineroar\n|\n|win|the xpurt\n|raw|the xpurt's rating: 1000 &rarr; <strong>1050</strong><br />(+50 for winning)\n|raw|Ascalon017's rating: 1089 &rarr; <strong>1060</strong><br />(-29 for losing)\n|c|\u2606the xpurt|gg\n|l|\u2606Ascalon017\n|player|p2|\n",
  "uploadtime": 1775931202,
  "views": 23,
  "formatid": "gen9championsvgc2026regma",
  "rating": 1050,
  "private": 0,
  "password": null
}