{
  "id": "gen9championsvgc2026regma-2583656594",
  "format": "[Gen 9 Champions] VGC 2026 Reg M-A",
  "players": [
    "Dinothunder",
    "A5h3r"
  ],
  "log": "|j|\u2606Dinothunder\n|j|\u2606A5h3r\n|t:|1776189155\n|gametype|doubles\n|player|p1|Dinothunder|n|1065\n|player|p2|A5h3r|alder|1057\n|gen|9\n|tier|[Gen 9 Champions] VGC 2026 Reg M-A\n|rated|\n|rule|Species Clause: Limit one of each Pok\u00e9mon\n|rule|Item Clause: Limit 1 of each item\n|clearpoke\n|poke|p1|Ceruledge, L50, M|\n|poke|p1|Toxapex, L50, F|\n|poke|p1|Corviknight, L50, F|\n|poke|p1|Hydrapple, L50, M|\n|poke|p2|Pelipper, L50, M|\n|poke|p2|Starmie, L50|\n|poke|p2|Archaludon, L50, M|\n|poke|p2|Sneasler, L50, M|\n|poke|p2|Garchomp, L50, M|\n|poke|p2|Meganium, L50, M|\n|teampreview|4\n|c|\u2606A5h3r|gljhf\n|\n|t:|1776189189\n|teamsize|p1|4\n|teamsize|p2|4\n|start\n|switch|p1a: Ceruledge|Ceruledge, L50, M|100/100\n|switch|p1b: Hydrapple|Hydrapple, L50, M|100/100\n|switch|p2a: Unity Towers|Archaludon, L50, M|100/100\n|switch|p2b: DUMPSTER|Pelipper, L50, M|100/100\n|-weather|RainDance|[from] ability: Drizzle|[of] p2b: DUMPSTER\n|turn|1\n|\n|t:|1776189214\n|switch|p1b: Corviknight|Corviknight, L50, F, shiny|100/100\n|move|p1a: Ceruledge|Close Combat|p2a: Unity Towers\n|-supereffective|p2a: Unity Towers|1\n|-damage|p2a: Unity Towers|38/100\n|-unboost|p1a: Ceruledge|def|1\n|-unboost|p1a: Ceruledge|spd|1\n|move|p2b: DUMPSTER|Weather Ball|p1a: Ceruledge\n|-supereffective|p1a: Ceruledge|1\n|-damage|p1a: Ceruledge|0 fnt\n|faint|p1a: Ceruledge\n|move|p2a: Unity Towers|Draco Meteor|p1b: Corviknight\n|-resisted|p1b: Corviknight|1\n|-damage|p1b: Corviknight|64/100\n|-unboost|p2a: Unity Towers|spa|2\n|-enditem|p2a: Unity Towers|White Herb\n|-clearnegativeboost|p2a: Unity Towers|[silent]\n|\n|-weather|RainDance|[upkeep]\n|-heal|p1b: Corviknight|69/100|[from] item: Leftovers\n|upkeep\n|\n|t:|1776189235\n|switch|p1a: Toxapex|Toxapex, L50, F|100/100\n|turn|2\n|\n|t:|1776189245\n|switch|p1b: Hydrapple|Hydrapple, L50, M|100/100\n|move|p2b: DUMPSTER|Tailwind|p2b: DUMPSTER\n|-sidestart|p2: A5h3r|move: Tailwind\n|move|p2a: Unity Towers|Electro Shot||[still]\n|-prepare|p2a: Unity Towers|Electro Shot\n|-boost|p2a: Unity Towers|spa|1\n|-anim|p2a: Unity Towers|Electro Shot|p1b: Hydrapple\n|-resisted|p1b: Hydrapple|2\n|-damage|p1b: Hydrapple|83/100\n|move|p1a: Toxapex|Toxic|p2b: DUMPSTER\n|-status|p2b: DUMPSTER|tox\n|\n|-weather|RainDance|[upkeep]\n|-damage|p2b: DUMPSTER|95/100 tox|[from] psn\n|upkeep\n|turn|3\n|\n|t:|1776189275\n|switch|p2b: STRUT IT|Starmie, L50, shiny|100/100\n|move|p1a: Toxapex|Baneful Bunker|p1a: Toxapex\n|-singleturn|p1a: Toxapex|move: Protect\n|move|p2a: Unity Towers|Electro Shot||[still]\n|-prepare|p2a: Unity Towers|Electro Shot\n|-boost|p2a: Unity Towers|spa|1\n|-anim|p2a: Unity Towers|Electro Shot|p1a: Toxapex\n|-activate|p1a: Toxapex|move: Protect\n|move|p1b: Hydrapple|Fickle Beam|p2a: Unity Towers\n|-damage|p2a: Unity Towers|0 fnt\n|faint|p2a: Unity Towers\n|-heal|p1b: Hydrapple|87/100|[from] item: Shell Bell|[of] p2: Unity Towers\n|\n|-weather|RainDance|[upkeep]\n|upkeep\n|\n|t:|1776189290\n|switch|p2a: Rocc Climbing|Sneasler, L50, M, shiny|100/100\n|turn|4\n|\n|t:|1776189314\n|switch|p1b: Corviknight|Corviknight, L50, F, shiny|69/100\n|detailschange|p2b: STRUT IT|Starmie-Mega, L50, shiny\n|-mega|p2b: STRUT IT|Starmie|Starminite\n|move|p2a: Rocc Climbing|Fake Out|p1b: Corviknight\n|-resisted|p1b: Corviknight|1\n|-damage|p1b: Corviknight|65/100\n|move|p2b: STRUT IT|Psychic|p1a: Toxapex\n|-supereffective|p1a: Toxapex|1\n|-damage|p1a: Toxapex|36/100\n|move|p1a: Toxapex|Toxic|p2b: STRUT IT\n|-status|p2b: STRUT IT|tox\n|\n|-weather|RainDance|[upkeep]\n|-heal|p1b: Corviknight|70/100|[from] item: Leftovers\n|-damage|p2b: STRUT IT|95/100 tox|[from] psn\n|upkeep\n|turn|5\n|\n|t:|1776189338\n|move|p1a: Toxapex|Baneful Bunker|p1a: Toxapex\n|-singleturn|p1a: Toxapex|move: Protect\n|move|p2a: Rocc Climbing|Coaching|p2b: STRUT IT\n|-boost|p2b: STRUT IT|atk|1\n|-boost|p2b: STRUT IT|def|1\n|move|p2b: STRUT IT|Liquidation|p1b: Corviknight\n|-damage|p1b: Corviknight|0 fnt\n|faint|p1b: Corviknight\n|\n|-weather|none\n|-damage|p2b: STRUT IT|83/100 tox|[from] psn\n|-sideend|p2: A5h3r|move: Tailwind\n|upkeep\n|\n|t:|1776189352\n|switch|p1b: Hydrapple|Hydrapple, L50, M|100/100\n|turn|6\n|\n|t:|1776189364\n|move|p2a: Rocc Climbing|Dire Claw|p1b: Hydrapple\n|-supereffective|p1b: Hydrapple|1\n|-damage|p1b: Hydrapple|21/100\n|move|p2b: STRUT IT|Psychic|p1a: Toxapex\n|-supereffective|p1a: Toxapex|1\n|-damage|p1a: Toxapex|0 fnt\n|faint|p1a: Toxapex\n|move|p1b: Hydrapple|Giga Drain|p2b: STRUT IT\n|-supereffective|p2b: STRUT IT|1\n|-damage|p2b: STRUT IT|0 fnt\n|-heal|p1b: Hydrapple|52/100|[from] drain|[of] p2b: STRUT IT\n|faint|p2b: STRUT IT\n|-heal|p1b: Hydrapple|59/100|[from] item: Shell Bell|[of] p2: STRUT IT\n|\n|upkeep\n|\n|t:|1776189370\n|switch|p2b: DUMPSTER|Pelipper, L50, M|95/100 tox\n|-weather|RainDance|[from] ability: Drizzle|[of] p2b: DUMPSTER\n|turn|7\n|\n|t:|1776189386\n|move|p2a: Rocc Climbing|Dire Claw|p1b: Hydrapple\n|-supereffective|p1b: Hydrapple|1\n|-damage|p1b: Hydrapple|0 fnt\n|faint|p1b: Hydrapple\n|\n|win|A5h3r\n|raw|Dinothunder's rating: 1065 &rarr; <strong>1045</strong><br />(-20 for losing)\n|raw|A5h3r's rating: 1057 &rarr; <strong>1089</strong><br />(+32 for winning)\n|c|\u2606A5h3r|ggwp\n|l|\u2606Dinothunder\n|player|p1|\n",
  "uploadtime": 1776189407,
  "views": 19,
  "formatid": "gen9championsvgc2026regma",
  "rating": 1045,
  "private": 0,
  "password": null
}