{
  "id": "gen9championsvgc2026regma-2582636583",
  "format": "[Gen 9 Champions] VGC 2026 Reg M-A",
  "players": [
    "saldocep",
    "Freakaz0id"
  ],
  "log": "|j|\u2606saldocep\n|j|\u2606Freakaz0id\n|t:|1776104106\n|gametype|doubles\n|player|p1|saldocep|101|1001\n|player|p2|Freakaz0id|hilda-wonderlauncher|1010\n|gen|9\n|tier|[Gen 9 Champions] VGC 2026 Reg M-A\n|rated|\n|rule|Species Clause: Limit one of each Pok\u00e9mon\n|rule|Item Clause: Limit 1 of each item\n|clearpoke\n|poke|p1|Tyranitar, L50, F|\n|poke|p1|Garchomp, L50, M|\n|poke|p1|Garganacl, L50, F|\n|poke|p1|Aerodactyl, L50, M|\n|poke|p1|Glimmora, L50, M|\n|poke|p1|Aegislash, L50, M|\n|poke|p2|Gengar, L50, M|\n|poke|p2|Incineroar, L50, F|\n|poke|p2|Basculegion, L50, M|\n|poke|p2|Ninetales-Alola, L50, M|\n|poke|p2|Raichu, L50, M|\n|poke|p2|Tyranitar, L50, M|\n|teampreview|4\n|inactive|Battle timer is ON: inactive players will automatically lose when time's up. (requested by Freakaz0id)\n|inactive|Freakaz0id has 60 seconds left.\n|\n|t:|1776104164\n|teamsize|p1|4\n|teamsize|p2|4\n|start\n|switch|p1a: Aerodactyl|Aerodactyl, L50, M|100/100\n|switch|p1b: Garganacl|Garganacl, L50, F|100/100\n|switch|p2a: Basculegion|Basculegion, L50, M|100/100\n|switch|p2b: Incineroar|Incineroar, L50, F|100/100\n|-ability|p1a: Aerodactyl|Unnerve\n|-ability|p2b: Incineroar|Intimidate|boost\n|-unboost|p1a: Aerodactyl|atk|1\n|-unboost|p1b: Garganacl|atk|1\n|turn|1\n|inactive|Freakaz0id has 30 seconds left.\n|inactive|Freakaz0id has 20 seconds left.\n|inactive|saldocep has 30 seconds left.\n|\n|t:|1776104208\n|move|p1a: Aerodactyl|Protect|p1a: Aerodactyl\n|-singleturn|p1a: Aerodactyl|Protect\n|move|p2b: Incineroar|Fake Out|p1a: Aerodactyl\n|-activate|p1a: Aerodactyl|move: Protect\n|move|p2a: Basculegion|Liquidation|p1a: Aerodactyl\n|-activate|p1a: Aerodactyl|move: Protect\n|move|p1b: Garganacl|Body Press|p2b: Incineroar\n|-supereffective|p2b: Incineroar|1\n|-damage|p2b: Incineroar|25/100\n|\n|upkeep\n|turn|2\n|\n|t:|1776104230\n|move|p2b: Incineroar|Helping Hand|p2a: Basculegion\n|-singleturn|p2a: Basculegion|Helping Hand|[of] p2b: Incineroar\n|move|p1a: Aerodactyl|Tailwind|p1a: Aerodactyl\n|-sidestart|p1: saldocep|move: Tailwind\n|move|p1b: Garganacl|Salt Cure|p2a: Basculegion\n|-damage|p2a: Basculegion|87/100\n|-start|p2a: Basculegion|Salt Cure\n|move|p2a: Basculegion|Liquidation|p1b: Garganacl\n|-supereffective|p1b: Garganacl|1\n|-damage|p1b: Garganacl|0 fnt\n|faint|p1b: Garganacl\n|\n|-damage|p2a: Basculegion|74/100|[from] Salt Cure\n|upkeep\n|\n|t:|1776104248\n|switch|p1b: Glimmora|Glimmora, L50, M|100/100\n|turn|3\n|inactive|Freakaz0id has 30 seconds left.\n|\n|t:|1776104276\n|switch|p2b: Ninetales|Ninetales-Alola, L50, M|100/100\n|-weather|Snowscape|[from] ability: Snow Warning|[of] p2b: Ninetales\n|detailschange|p1b: Glimmora|Glimmora-Mega, L50, M\n|-mega|p1b: Glimmora|Glimmora|Glimmoranite\n|move|p2a: Basculegion|Protect|p2a: Basculegion\n|-singleturn|p2a: Basculegion|Protect\n|move|p1a: Aerodactyl|Rock Slide|p2b: Ninetales|[spread] \n|-activate|p2a: Basculegion|move: Protect\n|-miss|p1a: Aerodactyl|p2b: Ninetales\n|move|p1b: Glimmora|Energy Ball|p2a: Basculegion\n|-activate|p2a: Basculegion|move: Protect\n|\n|-weather|Snowscape|[upkeep]\n|-damage|p2a: Basculegion|62/100|[from] Salt Cure\n|upkeep\n|turn|4\n|\n|t:|1776104301\n|switch|p1a: Tyranitar|Tyranitar, L50, F|100/100\n|-weather|Sandstorm|[from] ability: Sand Stream|[of] p1a: Tyranitar\n|move|p1b: Glimmora|Sludge Bomb|p2b: Ninetales\n|-supereffective|p2b: Ninetales|1\n|-damage|p2b: Ninetales|0 fnt\n|faint|p2b: Ninetales\n|move|p2a: Basculegion|Liquidation|p1b: Glimmora\n|-supereffective|p1b: Glimmora|1\n|-damage|p1b: Glimmora|0 fnt\n|faint|p1b: Glimmora\n|\n|-weather|Sandstorm|[upkeep]\n|-damage|p2a: Basculegion|56/100|[from] Sandstorm\n|-damage|p2a: Basculegion|44/100|[from] Salt Cure\n|upkeep\n|\n|t:|1776104314\n|switch|p2b: Gengar|Gengar, L50, M|100/100\n|switch|p1b: Aerodactyl|Aerodactyl, L50, M|100/100\n|-ability|p1b: Aerodactyl|Unnerve\n|turn|5\n|\n|t:|1776104327\n|detailschange|p2b: Gengar|Gengar-Mega, L50, M\n|-mega|p2b: Gengar|Gengar|Gengarite\n|move|p2a: Basculegion|Protect|p2a: Basculegion\n|-singleturn|p2a: Basculegion|Protect\n|move|p1b: Aerodactyl|Dual Wingbeat|p2a: Basculegion\n|-activate|p2a: Basculegion|move: Protect\n|move|p2b: Gengar|Perish Song|p2b: Gengar\n|-start|p1a: Tyranitar|perish3|[silent]\n|-start|p1b: Aerodactyl|perish3|[silent]\n|-start|p2a: Basculegion|perish3|[silent]\n|-start|p2b: Gengar|perish3|[silent]\n|-fieldactivate|move: Perish Song\n|move|p1a: Tyranitar|Knock Off|p2b: Gengar\n|-supereffective|p2b: Gengar|1\n|-damage|p2b: Gengar|2/100\n|\n|-weather|Sandstorm|[upkeep]\n|-damage|p2b: Gengar|0 fnt|[from] Sandstorm\n|-damage|p2a: Basculegion|37/100|[from] Sandstorm\n|faint|p2b: Gengar\n|-damage|p2a: Basculegion|25/100|[from] Salt Cure\n|-start|p1b: Aerodactyl|perish3\n|-start|p1a: Tyranitar|perish3\n|-start|p2a: Basculegion|perish3\n|-sideend|p1: saldocep|move: Tailwind\n|upkeep\n|\n|t:|1776104345\n|switch|p2b: Incineroar|Incineroar, L50, F|25/100\n|-ability|p2b: Incineroar|Intimidate|boost\n|-unboost|p1a: Tyranitar|atk|1\n|-unboost|p1b: Aerodactyl|atk|1\n|turn|6\n|inactive|Freakaz0id has 30 seconds left.\n|\n|t:|1776104374\n|move|p2b: Incineroar|Fake Out|p1a: Tyranitar\n|-resisted|p1a: Tyranitar|1\n|-damage|p1a: Tyranitar|95/100\n|move|p1b: Aerodactyl|Rock Slide|p2a: Basculegion|[spread] p2a,p2b\n|-supereffective|p2b: Incineroar|1\n|-damage|p2a: Basculegion|0 fnt\n|-damage|p2b: Incineroar|0 fnt\n|faint|p2a: Basculegion\n|faint|p2b: Incineroar\n|\n|win|saldocep\n|raw|saldocep's rating: 1001 &rarr; <strong>1042</strong><br />(+41 for winning)\n|raw|Freakaz0id's rating: 1010 &rarr; <strong>1000</strong><br />(-10 for losing)\n|l|\u2606Freakaz0id\n|player|p2|\n",
  "uploadtime": 1776104395,
  "views": 18,
  "formatid": "gen9championsvgc2026regma",
  "rating": 1000,
  "private": 0,
  "password": null
}