{
  "id": "gen9championsvgc2026regma-2588000015",
  "format": "[Gen 9 Champions] VGC 2026 Reg M-A",
  "players": [
    "yexus",
    "Yamh"
  ],
  "log": "|j|\u2606yexus\n|j|\u2606Yamh\n|t:|1776591016\n|gametype|doubles\n|player|p1|yexus|265|1337\n|player|p2|Yamh|darach-caitlin|1343\n|gen|9\n|tier|[Gen 9 Champions] VGC 2026 Reg M-A\n|rated|\n|rule|Species Clause: Limit one of each Pok\u00e9mon\n|rule|Item Clause: Limit 1 of each item\n|clearpoke\n|poke|p1|Blastoise, L50, M|\n|poke|p1|Rotom-Heat, L50|\n|poke|p1|Archaludon, L50, M|\n|poke|p1|Pelipper, L50, M|\n|poke|p1|Farigiraf, L50, F|\n|poke|p1|Scizor, L50, F|\n|poke|p2|Sneasler, L50, F|\n|poke|p2|Kingambit, L50, F|\n|poke|p2|Whimsicott, L50, F|\n|poke|p2|Milotic, L50, F|\n|poke|p2|Gardevoir, L50, F|\n|poke|p2|Basculegion, L50, M|\n|teampreview|4\n|inactive|Battle timer is ON: inactive players will automatically lose when time's up. (requested by yexus)\n|\n|t:|1776591053\n|teamsize|p1|4\n|teamsize|p2|4\n|start\n|switch|p1a: Blastoise|Blastoise, L50, M|100/100\n|switch|p1b: Farigiraf|Farigiraf, L50, F|100/100\n|switch|p2a: Watame|Whimsicott, L50, F|100/100\n|switch|p2b: \u660e\u661f\u30d2\u30de\u30ea|Gardevoir, L50, F|100/100\n|turn|1\n|\n|t:|1776591063\n|detailschange|p2b: \u660e\u661f\u30d2\u30de\u30ea|Gardevoir-Mega, L50, F\n|-mega|p2b: \u660e\u661f\u30d2\u30de\u30ea|Gardevoir|Gardevoirite\n|detailschange|p1a: Blastoise|Blastoise-Mega, L50, M\n|-mega|p1a: Blastoise|Blastoise|Blastoisinite\n|move|p1a: Blastoise|Fake Out|p2b: \u660e\u661f\u30d2\u30de\u30ea\n|-damage|p2b: \u660e\u661f\u30d2\u30de\u30ea|85/100\n|move|p2a: Watame|Moonblast|p1b: Farigiraf\n|-damage|p1b: Farigiraf|66/100\n|cant|p2b: \u660e\u661f\u30d2\u30de\u30ea|flinch\n|move|p1b: Farigiraf|Trick Room|p1b: Farigiraf\n|-fieldstart|move: Trick Room|[of] p1b: Farigiraf\n|\n|upkeep\n|turn|2\n|\n|t:|1776591083\n|move|p1b: Farigiraf|Helping Hand|p1a: Blastoise\n|-singleturn|p1a: Blastoise|Helping Hand|[of] p1b: Farigiraf\n|move|p2b: \u660e\u661f\u30d2\u30de\u30ea|Protect|p2b: \u660e\u661f\u30d2\u30de\u30ea\n|-singleturn|p2b: \u660e\u661f\u30d2\u30de\u30ea|Protect\n|move|p1a: Blastoise|Water Spout|p2a: Watame|[spread] p2a\n|-activate|p2b: \u660e\u661f\u30d2\u30de\u30ea|move: Protect\n|-resisted|p2a: Watame|1\n|-damage|p2a: Watame|22/100\n|move|p2a: Watame|Moonblast|p1b: Farigiraf\n|-damage|p1b: Farigiraf|30/100\n|-enditem|p1b: Farigiraf|Sitrus Berry|[eat]\n|-heal|p1b: Farigiraf|55/100|[from] item: Sitrus Berry\n|\n|upkeep\n|turn|3\n|\n|t:|1776591099\n|move|p1b: Farigiraf|Helping Hand|p1a: Blastoise\n|-singleturn|p1a: Blastoise|Helping Hand|[of] p1b: Farigiraf\n|move|p2a: Watame|Protect|p2a: Watame\n|-singleturn|p2a: Watame|Protect\n|move|p1a: Blastoise|Water Spout|p2a: Watame|[spread] p2b\n|-activate|p2a: Watame|move: Protect\n|-damage|p2b: \u660e\u661f\u30d2\u30de\u30ea|0 fnt\n|faint|p2b: \u660e\u661f\u30d2\u30de\u30ea\n|\n|upkeep\n|\n|t:|1776591108\n|switch|p2b: Solid Snake|Milotic, L50, F|100/100\n|turn|4\n|\n|t:|1776591131\n|move|p1b: Farigiraf|Helping Hand|p1a: Blastoise\n|-singleturn|p1a: Blastoise|Helping Hand|[of] p1b: Farigiraf\n|move|p2a: Watame|Protect|p2a: Watame\n|-singleturn|p2a: Watame|Protect\n|move|p1a: Blastoise|Water Spout|p2a: Watame|[spread] p2b\n|-activate|p2a: Watame|move: Protect\n|-resisted|p2b: Solid Snake|1\n|-damage|p2b: Solid Snake|73/100\n|move|p2b: Solid Snake|Scald|p1b: Farigiraf\n|-damage|p1b: Farigiraf|28/100\n|\n|upkeep\n|turn|5\n|inactive|yexus has 30 seconds left.\n|inactive|Yamh has 30 seconds left.\n|\n|t:|1776591167\n|switch|p1b: Pelipper|Pelipper, L50, M|100/100\n|-weather|RainDance|[from] ability: Drizzle|[of] p1b: Pelipper\n|move|p2a: Watame|Tailwind|p2a: Watame\n|-sidestart|p2: Yamh|move: Tailwind\n|move|p1a: Blastoise|Water Spout|p2a: Watame|[spread] p2a,p2b\n|-resisted|p2a: Watame|1\n|-resisted|p2b: Solid Snake|1\n|-damage|p2a: Watame|0 fnt\n|-damage|p2b: Solid Snake|46/100\n|-enditem|p2b: Solid Snake|Sitrus Berry|[eat]\n|-heal|p2b: Solid Snake|71/100|[from] item: Sitrus Berry\n|faint|p2a: Watame\n|move|p2b: Solid Snake|Scald|p1b: Pelipper\n|-resisted|p1b: Pelipper|1\n|-damage|p1b: Pelipper|77/100\n|\n|-weather|RainDance|[upkeep]\n|-heal|p1b: Pelipper|83/100|[from] item: Leftovers\n|-fieldend|move: Trick Room\n|upkeep\n|\n|t:|1776591175\n|switch|p2a: Greta|Basculegion, L50, M|100/100\n|turn|6\n|\n|t:|1776591198\n|move|p2a: Greta|Last Respects|p1a: Blastoise\n|-damage|p1a: Blastoise|30/100\n|move|p2b: Solid Snake|Ice Beam|p1b: Pelipper\n|-damage|p1b: Pelipper|59/100\n|move|p1a: Blastoise|Water Spout|p2a: Greta|[spread] p2a,p2b\n|-resisted|p2a: Greta|1\n|-resisted|p2b: Solid Snake|1\n|-damage|p2a: Greta|84/100\n|-damage|p2b: Solid Snake|63/100\n|move|p1b: Pelipper|Hurricane|p2a: Greta\n|-damage|p2a: Greta|30/100\n|\n|-weather|RainDance|[upkeep]\n|-heal|p1b: Pelipper|65/100|[from] item: Leftovers\n|upkeep\n|turn|7\n|inactive|yexus has 30 seconds left.\n|inactive|Yamh has 30 seconds left.\n|\n|t:|1776591226\n|switch|p1a: Archaludon|Archaludon, L50, M|100/100\n|move|p2a: Greta|Last Respects|p1b: Pelipper\n|-crit|p1b: Pelipper\n|-damage|p1b: Pelipper|0 fnt\n|faint|p1b: Pelipper\n|move|p2b: Solid Snake|Recover|p2b: Solid Snake\n|-heal|p2b: Solid Snake|100/100\n|\n|-weather|RainDance|[upkeep]\n|upkeep\n|inactive|yexus has 30 seconds left.\n|\n|t:|1776591256\n|switch|p1b: Farigiraf|Farigiraf, L50, F|28/100\n|turn|8\n|\n|t:|1776591268\n|move|p2a: Greta|Last Respects|p1a: Archaludon\n|-damage|p1a: Archaludon|23/100\n|-ability|p1a: Archaludon|Stamina|boost\n|-boost|p1a: Archaludon|def|1\n|move|p2b: Solid Snake|Ice Beam|p1a: Archaludon\n|-damage|p1a: Archaludon|0 fnt\n|faint|p1a: Archaludon\n|move|p1b: Farigiraf|Trick Room|p1b: Farigiraf\n|-fieldstart|move: Trick Room|[of] p1b: Farigiraf\n|\n|-weather|RainDance|[upkeep]\n|-sideend|p2: Yamh|move: Tailwind\n|upkeep\n|\n|t:|1776591279\n|switch|p1a: Blastoise|Blastoise-Mega, L50, M|30/100\n|turn|9\n|\n|t:|1776591290\n|move|p1b: Farigiraf|Helping Hand|p1a: Blastoise\n|-singleturn|p1a: Blastoise|Helping Hand|[of] p1b: Farigiraf\n|move|p1a: Blastoise|Water Spout|p2a: Greta|[spread] p2a,p2b\n|-resisted|p2a: Greta|1\n|-resisted|p2b: Solid Snake|1\n|-damage|p2a: Greta|6/100\n|-damage|p2b: Solid Snake|89/100\n|move|p2b: Solid Snake|Scald|p1a: Blastoise\n|-resisted|p1a: Blastoise|1\n|-damage|p1a: Blastoise|11/100\n|move|p2a: Greta|Last Respects|p1a: Blastoise\n|-damage|p1a: Blastoise|0 fnt\n|faint|p1a: Blastoise\n|\n|-weather|none\n|upkeep\n|turn|10\n|c|\u2606Yamh|Why are you always clicking water spout?\n|inactive|Yamh has 30 seconds left.\n|c|\u2606Yamh|Do you not have any other moves\n|\n|t:|1776591322\n|move|p1b: Farigiraf|Psychic|p2a: Greta\n|-damage|p2a: Greta|0 fnt\n|faint|p2a: Greta\n|move|p2b: Solid Snake|Scald|p1b: Farigiraf\n|-damage|p1b: Farigiraf|0 fnt\n|faint|p1b: Farigiraf\n|\n|win|Yamh\n|raw|yexus's rating: 1337 &rarr; <strong>1317</strong><br />(-20 for losing)\n|raw|Yamh's rating: 1343 &rarr; <strong>1363</strong><br />(+20 for winning)\n",
  "uploadtime": 1776591346,
  "views": 18,
  "formatid": "gen9championsvgc2026regma",
  "rating": 1317,
  "private": 0,
  "password": null
}