{
  "id": "gen9championsvgc2026regma-2583843619",
  "format": "[Gen 9 Champions] VGC 2026 Reg M-A",
  "players": [
    "Poliwhirl100",
    "CrystalDialga"
  ],
  "log": "|j|\u2606Poliwhirl100\n|j|\u2606CrystalDialga\n|t:|1776202069\n|gametype|doubles\n|player|p1|Poliwhirl100|preschooler|1216\n|player|p2|CrystalDialga|larry|1309\n|gen|9\n|tier|[Gen 9 Champions] VGC 2026 Reg M-A\n|rated|\n|rule|Species Clause: Limit one of each Pok\u00e9mon\n|rule|Item Clause: Limit 1 of each item\n|clearpoke\n|poke|p1|Dragapult, L50, F|\n|poke|p1|Sneasler, L50, M|\n|poke|p1|Excadrill, L50, M|\n|poke|p1|Tyranitar, L50, F|\n|poke|p1|Farigiraf, L50, F|\n|poke|p1|Incineroar, L50, M|\n|poke|p2|Starmie, L50|\n|poke|p2|Kingambit, L50, M|\n|poke|p2|Sneasler, L50, M|\n|poke|p2|Sinistcha, L50|\n|poke|p2|Pelipper, L50, F|\n|poke|p2|Floette-Eternal, L50, F|\n|teampreview|4\n|\n|t:|1776202111\n|teamsize|p1|4\n|teamsize|p2|4\n|start\n|switch|p1a: Sneasler|Sneasler, L50, M|100/100\n|switch|p1b: Excadrill|Excadrill, L50, M|100/100\n|switch|p2a: Sneasler|Sneasler, L50, M|100/100\n|switch|p2b: Kingambit|Kingambit, L50, M|100/100\n|turn|1\n|\n|t:|1776202130\n|switch|p1b: Farigiraf|Farigiraf, L50, F|100/100\n|move|p2a: Sneasler|Fake Out||[still]\n|cant|p1b: Farigiraf|ability: Armor Tail|Fake Out|[of] p2a: Sneasler\n|move|p1a: Sneasler|Close Combat|p2b: Kingambit\n|-supereffective|p2b: Kingambit|2\n|-enditem|p2b: Kingambit|Chople Berry|[eat]\n|-enditem|p2b: Kingambit|Chople Berry|[weaken]\n|-damage|p2b: Kingambit|5/100\n|-unboost|p1a: Sneasler|def|1\n|-unboost|p1a: Sneasler|spd|1\n|-enditem|p1a: Sneasler|White Herb\n|-clearnegativeboost|p1a: Sneasler|[silent]\n|move|p2b: Kingambit|Iron Head|p1a: Sneasler\n|-damage|p1a: Sneasler|13/100\n|\n|upkeep\n|turn|2\n|\n|t:|1776202145\n|move|p1a: Sneasler|Protect|p1a: Sneasler\n|-singleturn|p1a: Sneasler|Protect\n|move|p2b: Kingambit|Protect|p2b: Kingambit\n|-singleturn|p2b: Kingambit|Protect\n|move|p2a: Sneasler|Close Combat|p1a: Sneasler\n|-activate|p1a: Sneasler|move: Protect\n|move|p1b: Farigiraf|Hyper Voice|p2a: Sneasler|[spread] p2a\n|-activate|p2b: Kingambit|move: Protect\n|-damage|p2a: Sneasler|66/100\n|\n|upkeep\n|turn|3\n|\n|t:|1776202159\n|move|p1a: Sneasler|Close Combat|p2b: Kingambit\n|-supereffective|p2b: Kingambit|2\n|-crit|p2b: Kingambit\n|-damage|p2b: Kingambit|0 fnt\n|-unboost|p1a: Sneasler|def|1\n|-unboost|p1a: Sneasler|spd|1\n|faint|p2b: Kingambit\n|move|p2a: Sneasler|Close Combat|p1a: Sneasler\n|-resisted|p1a: Sneasler|1\n|-damage|p1a: Sneasler|0 fnt\n|-unboost|p2a: Sneasler|def|1\n|-unboost|p2a: Sneasler|spd|1\n|faint|p1a: Sneasler\n|-enditem|p2a: Sneasler|White Herb\n|-clearnegativeboost|p2a: Sneasler|[silent]\n|move|p1b: Farigiraf|Twin Beam|p2a: Sneasler\n|-supereffective|p2a: Sneasler|2\n|-damage|p2a: Sneasler|0 fnt\n|faint|p2a: Sneasler\n|-hitcount|p2: Sneasler|1\n|\n|upkeep\n|\n|t:|1776202167\n|switch|p2a: Starmie|Starmie, L50|100/100\n|switch|p1a: Excadrill|Excadrill, L50, M|100/100\n|switch|p2b: Pelipper|Pelipper, L50, F|100/100\n|-weather|RainDance|[from] ability: Drizzle|[of] p2b: Pelipper\n|turn|4\n|\n|t:|1776202180\n|detailschange|p2a: Starmie|Starmie-Mega, L50\n|-mega|p2a: Starmie|Starmie|Starminite\n|move|p1a: Excadrill|Protect|p1a: Excadrill\n|-singleturn|p1a: Excadrill|Protect\n|move|p2a: Starmie|Liquidation|p1b: Farigiraf\n|-damage|p1b: Farigiraf|0 fnt\n|faint|p1b: Farigiraf\n|move|p2b: Pelipper|Tailwind|p2b: Pelipper\n|-sidestart|p2: CrystalDialga|move: Tailwind\n|\n|-weather|RainDance|[upkeep]\n|upkeep\n|\n|t:|1776202186\n|switch|p1b: Tyranitar|Tyranitar, L50, F|100/100\n|-weather|Sandstorm|[from] ability: Sand Stream|[of] p1b: Tyranitar\n|turn|5\n|\n|t:|1776202211\n|detailschange|p1b: Tyranitar|Tyranitar-Mega, L50, F\n|-mega|p1b: Tyranitar|Tyranitar|Tyranitarite\n|move|p2a: Starmie|Liquidation|p1b: Tyranitar\n|-supereffective|p1b: Tyranitar|1\n|-damage|p1b: Tyranitar|14/100\n|-unboost|p1b: Tyranitar|def|1\n|move|p1a: Excadrill|Rock Slide|p2a: Starmie|[spread] p2a,p2b\n|-supereffective|p2b: Pelipper|1\n|-damage|p2a: Starmie|70/100\n|-damage|p2b: Pelipper|44/100\n|move|p2b: Pelipper|Weather Ball|p1a: Excadrill\n|-resisted|p1a: Excadrill|2\n|-damage|p1a: Excadrill|91/100\n|move|p1b: Tyranitar|Rock Slide|p2b: Pelipper|[spread] p2a,p2b\n|-supereffective|p2b: Pelipper|1\n|-damage|p2a: Starmie|25/100\n|-damage|p2b: Pelipper|0 fnt\n|faint|p2b: Pelipper\n|\n|-weather|Sandstorm|[upkeep]\n|-damage|p2a: Starmie|19/100|[from] Sandstorm\n|upkeep\n|turn|6\n|\n|t:|1776202233\n|move|p1b: Tyranitar|Protect|p1b: Tyranitar\n|-singleturn|p1b: Tyranitar|Protect\n|move|p2a: Starmie|Liquidation|p1b: Tyranitar\n|-activate|p1b: Tyranitar|move: Protect\n|move|p1a: Excadrill|Iron Head|p2a: Starmie\n|-resisted|p2a: Starmie|1\n|-damage|p2a: Starmie|0 fnt\n|faint|p2a: Starmie\n|\n|win|Poliwhirl100\n|raw|Poliwhirl100's rating: 1216 &rarr; <strong>1248</strong><br />(+32 for winning)\n|raw|CrystalDialga's rating: 1309 &rarr; <strong>1284</strong><br />(-25 for losing)\n|l|\u2606CrystalDialga\n|player|p2|\n",
  "uploadtime": 1776202240,
  "views": 31,
  "formatid": "gen9championsvgc2026regma",
  "rating": 1248,
  "private": 0,
  "password": null
}