{
  "id": "gen9championsvgc2026regma-2583193847",
  "format": "[Gen 9 Champions] VGC 2026 Reg M-A",
  "players": [
    "lolgz",
    "cundangcap"
  ],
  "log": "|j|\u2606lolgz\n|j|\u2606cundangcap\n|html|<table width=\"100%\"><tr><td align=\"left\">lolgz</td><td align=\"right\">cundangcap</tr><tr><td align=\"left\"><i class=\"fa fa-circle\"></i> <i class=\"fa fa-circle-o\"></i> </td><td align=\"right\"><i class=\"fa fa-circle-o\"></i> <i class=\"fa fa-circle-o\"></i> </tr></table>\n|uhtml|bestof|<h2><strong>Game 2</strong> of <a href=\"/game-bestof3-gen9championsvgc2026regma-2583190136\">a best-of-3</a></h2>\n|t:|1776153258\n|gametype|doubles\n|player|p1|lolgz|1|\n|player|p2|cundangcap|1|\n|gen|9\n|tier|[Gen 9 Champions] VGC 2026 Reg M-A\n|rated|Tournament battle\n|rule|Species Clause: Limit one of each Pok\u00e9mon\n|rule|Item Clause: Limit 1 of each item\n|raw|<div class=\"infobox\"><details class=\"readmore\" open><summary><strong>2 custom rules:</strong></summary> Force Open Team Sheets, Best of = 3</details></div>\n|clearpoke\n|poke|p1|Floette-Eternal, L50, F|\n|poke|p1|Incineroar, L50, F|\n|poke|p1|Sneasler, L50, M|\n|poke|p1|Charizard, L50, M|\n|poke|p1|Basculegion, L50, M|\n|poke|p1|Whimsicott, L50, F|\n|poke|p2|Charizard, L50, F|\n|poke|p2|Venusaur, L50, F|\n|poke|p2|Sneasler, L50, M|\n|poke|p2|Kingambit, L50, F|\n|poke|p2|Farigiraf, L50, M|\n|poke|p2|Garchomp, L50, M|\n|teampreview|4\n|showteam|p1|Floette-Eternal||Floettite|FlowerVeil|DazzlingGleam,DrainingKiss,Protect,CalmMind|||F|||50|]Incineroar||SitrusBerry|Intimidate|FakeOut,ThroatChop,FlareBlitz,PartingShot|||F|||50|]Sneasler||WhiteHerb|Pressure|FakeOut,CloseCombat,DireClaw,Protect|||M|||50|]Charizard||CharizarditeY|Blaze|HeatWave,SolarBeam,AirSlash,Protect|||M|||50|]Basculegion||ChoiceScarf|Adaptability|WaveCrash,AquaJet,FlipTurn,LastRespects|||M|||50|]Whimsicott||FocusSash|Prankster|Tailwind,Moonblast,SunnyDay,Encore|||F|||50|\n|showteam|p2|Charizard||CharizarditeY|SolarPower|HeatWave,SolarBeam,WeatherBall,Protect|||F|||50|]Venusaur||MentalHerb|Chlorophyll|SleepPowder,SludgeBomb,EnergyBall,Protect|||F|||50|]Sneasler||WhiteHerb|Unburden|DireClaw,CloseCombat,FakeOut,Protect|||M|||50|]Kingambit||FocusSash|Defiant|IronHead,SwordsDance,KowtowCleave,Protect|||F|||50|]Farigiraf||SitrusBerry|ArmorTail|HyperVoice,Psychic,TrickRoom,HelpingHand|||M|||50|]Garchomp||ChoiceScarf|RoughSkin|DragonClaw,Earthquake,StompingTantrum,RockSlide|||M|||50|\n|j| z123z\n|j|+chromate\n|j| SH0CKING BLUE\n|j| Lolitcher\n|j| you'reseafood\n|j| pr.iyanshu768500\n|j| Rengoku Stan\n|c| z123z|double protect after that sucker + sludge bomb but it was a 50/50 ngl with protect mindgames\n|j| minionbanana57\n|l| minionbanana57\n|\n|t:|1776153330\n|teamsize|p1|4\n|teamsize|p2|4\n|start\n|switch|p1a: Incineroar|Incineroar, L50, F|100/100\n|switch|p1b: Basculegion|Basculegion, L50, M|100/100\n|switch|p2a: Kingambit|Kingambit, L50, F|100/100\n|switch|p2b: Farigiraf|Farigiraf, L50, M|100/100\n|-ability|p1a: Incineroar|Intimidate|boost\n|-unboost|p2a: Kingambit|atk|1\n|-ability|p2a: Kingambit|Defiant|boost\n|-boost|p2a: Kingambit|atk|2\n|-unboost|p2b: Farigiraf|atk|1\n|turn|1\n|l| z123z\n|\n|t:|1776153355\n|switch|p1b: Whimsicott|Whimsicott, L50, F|100/100\n|move|p1a: Incineroar|Flare Blitz|p2a: Kingambit\n|-supereffective|p2a: Kingambit|1\n|-damage|p2a: Kingambit|31/100\n|-damage|p1a: Incineroar|77/100|[from] Recoil\n|move|p2a: Kingambit|Kowtow Cleave|p1b: Whimsicott\n|-resisted|p1b: Whimsicott|1\n|-damage|p1b: Whimsicott|45/100\n|move|p2b: Farigiraf|Trick Room|p2b: Farigiraf\n|-fieldstart|move: Trick Room|[of] p2b: Farigiraf\n|\n|upkeep\n|turn|2\n|\n|t:|1776153378\n|move|p2a: Kingambit|Kowtow Cleave|p1a: Incineroar\n|-resisted|p1a: Incineroar|1\n|-damage|p1a: Incineroar|45/100\n|-enditem|p1a: Incineroar|Sitrus Berry|[eat]\n|-heal|p1a: Incineroar|70/100|[from] item: Sitrus Berry\n|move|p1a: Incineroar|Flare Blitz|p2a: Kingambit\n|-supereffective|p2a: Kingambit|1\n|-damage|p2a: Kingambit|0 fnt\n|faint|p2a: Kingambit\n|-damage|p1a: Incineroar|59/100|[from] Recoil\n|move|p2b: Farigiraf|Hyper Voice|p1b: Whimsicott|[spread] p1a,p1b\n|-damage|p1a: Incineroar|37/100\n|-damage|p1b: Whimsicott|0 fnt\n|faint|p1b: Whimsicott\n|\n|upkeep\n|j| OnToTheOther\n|\n|t:|1776153402\n|switch|p2a: Sneasler|Sneasler, L50, M|100/100\n|switch|p1b: Charizard|Charizard, L50, M|100/100\n|turn|3\n|j| z123z\n|\n|t:|1776153422\n|detailschange|p1b: Charizard|Charizard-Mega-Y, L50, M\n|-mega|p1b: Charizard|Charizard|Charizardite Y\n|-weather|SunnyDay|[from] ability: Drought|[of] p1b: Charizard\n|move|p2a: Sneasler|Fake Out|p1a: Incineroar\n|-damage|p1a: Incineroar|23/100\n|move|p2b: Farigiraf|Hyper Voice|p1b: Charizard|[spread] p1a,p1b\n|-damage|p1a: Incineroar|2/100\n|-damage|p1b: Charizard|74/100\n|cant|p1a: Incineroar|flinch\n|move|p1b: Charizard|Heat Wave|p2a: Sneasler|[spread] p2a,p2b\n|-crit|p2b: Farigiraf\n|-damage|p2a: Sneasler|15/100\n|-damage|p2b: Farigiraf|5/100\n|-enditem|p2b: Farigiraf|Sitrus Berry|[eat]\n|-heal|p2b: Farigiraf|30/100|[from] item: Sitrus Berry\n|\n|-weather|SunnyDay|[upkeep]\n|upkeep\n|turn|4\n|\n|t:|1776153454\n|move|p2a: Sneasler|Protect|p2a: Sneasler\n|-singleturn|p2a: Sneasler|Protect\n|move|p1a: Incineroar|Flare Blitz|p2b: Farigiraf\n|-crit|p2b: Farigiraf\n|-damage|p2b: Farigiraf|0 fnt\n|faint|p2b: Farigiraf\n|-damage|p1a: Incineroar|0 fnt|[from] Recoil\n|faint|p1a: Incineroar\n|move|p1b: Charizard|Air Slash|p2a: Sneasler\n|-activate|p2a: Sneasler|move: Protect\n|\n|-weather|SunnyDay|[upkeep]\n|upkeep\n|c| pr.iyanshu768500|Zard Y does Insane damage\n|j| Pierre Goriot\n|\n|t:|1776153465\n|switch|p2b: Charizard|Charizard, L50, F|100/100\n|switch|p1a: Basculegion|Basculegion, L50, M|100/100\n|turn|5\n|\n|t:|1776153484\n|detailschange|p2b: Charizard|Charizard-Mega-Y, L50, F\n|-mega|p2b: Charizard|Charizard|Charizardite Y\n|move|p2a: Sneasler|Protect||[still]\n|-fail|p2a: Sneasler\n|move|p2b: Charizard|Solar Beam||[still]\n|-prepare|p2b: Charizard|Solar Beam\n|-anim|p2b: Charizard|Solar Beam|p1a: Basculegion\n|-supereffective|p1a: Basculegion|1\n|-damage|p1a: Basculegion|0 fnt\n|faint|p1a: Basculegion\n|move|p1b: Charizard|Heat Wave|p2b: Charizard|[spread] p2a,p2b\n|-resisted|p2b: Charizard|1\n|-damage|p2a: Sneasler|0 fnt\n|-damage|p2b: Charizard|70/100\n|faint|p2a: Sneasler\n|\n|-weather|SunnyDay|[upkeep]\n|-fieldend|move: Trick Room\n|upkeep\n|turn|6\n|c| pr.iyanshu768500|It is a Zard vs Zard\n|c| z123z|i think the trick room zard\n|c| z123z|is slower\n|c| z123z|so its gg prob\n|\n|t:|1776153521\n|move|p1b: Charizard|Air Slash|p2b: Charizard\n|-damage|p2b: Charizard|27/100\n|cant|p2b: Charizard|flinch\n|\n|-weather|SunnyDay|[upkeep]\n|upkeep\n|turn|7\n|c| z123z|lol\n|\n|t:|1776153529\n|move|p2b: Charizard|Weather Ball|p1b: Charizard\n|-resisted|p1b: Charizard|1\n|-damage|p1b: Charizard|29/100\n|move|p1b: Charizard|Air Slash|p2b: Charizard|[miss]\n|-miss|p1b: Charizard|p2b: Charizard\n|\n|-weather|none\n|upkeep\n|turn|8\n|c| pr.iyanshu768500|Speed tie\n|c|\u2606cundangcap|lol\n|c| you'reseafood|:O\n|c| z123z|wt\n|c| z123z|wtf\n|c| z123z|ahhahhahahaha\n|c|\u2606cundangcap|i still lose though\n|c|\u2606cundangcap|gg\n|j| wizzpuffer\n|c| you'reseafood|no more sun\n|\n|t:|1776153563\n|move|p2b: Charizard|Heat Wave|p1b: Charizard\n|-resisted|p1b: Charizard|1\n|-damage|p1b: Charizard|0 fnt\n|faint|p1b: Charizard\n|\n|win|cundangcap\n",
  "uploadtime": 1776153564,
  "views": 21,
  "formatid": "gen9championsvgc2026regma",
  "rating": null,
  "private": 0,
  "password": null
}