{
  "id": "gen9championsvgc2026regma-2587827053",
  "format": "[Gen 9 Champions] VGC 2026 Reg M-A",
  "players": [
    "Rabbit_soup_",
    "teratera mega"
  ],
  "log": "|j|\u2606Rabbit_soup_\n|j|\u2606teratera mega\n|t:|1776568043\n|gametype|doubles\n|player|p1|Rabbit_soup_|1|1417\n|player|p2|teratera mega|102|1516\n|gen|9\n|tier|[Gen 9 Champions] VGC 2026 Reg M-A\n|rated|\n|rule|Species Clause: Limit one of each Pok\u00e9mon\n|rule|Item Clause: Limit 1 of each item\n|clearpoke\n|poke|p1|Pelipper, L50, F|\n|poke|p1|Basculegion, L50, M|\n|poke|p1|Araquanid, L50, F|\n|poke|p1|Dragonite, L50, M|\n|poke|p1|Archaludon, L50, M|\n|poke|p1|Sableye, L50, M|\n|poke|p2|Dragapult, L50, M|\n|poke|p2|Charizard, L50, F, shiny|\n|poke|p2|Venusaur, L50, F|\n|poke|p2|Sneasler, L50, M|\n|poke|p2|Aerodactyl, L50, M|\n|poke|p2|Kingambit, L50, F|\n|teampreview|4\n|inactive|Battle timer is ON: inactive players will automatically lose when time's up. (requested by teratera mega)\n|inactive|Rabbit_soup_ has 60 seconds left.\n|\n|t:|1776568100\n|teamsize|p1|4\n|teamsize|p2|4\n|start\n|switch|p1a: Sableye|Sableye, L50, M|100/100\n|switch|p1b: Dragonite|Dragonite, L50, M|100/100\n|switch|p2a: Dragapult|Dragapult, L50, M|100/100\n|switch|p2b: Aerodactyl|Aerodactyl, L50, M|100/100\n|-ability|p2b: Aerodactyl|Unnerve\n|turn|1\n|\n|t:|1776568112\n|move|p1b: Dragonite|Protect|p1b: Dragonite\n|-singleturn|p1b: Dragonite|Protect\n|move|p1a: Sableye|Thunder Wave|p2b: Aerodactyl|[miss]\n|-miss|p1a: Sableye|p2b: Aerodactyl\n|move|p2a: Dragapult|Dragon Darts|p1a: Sableye\n|-damage|p1a: Sableye|71/100\n|-anim|p2a: Dragapult|Dragon Darts|p1a: Sableye\n|-damage|p1a: Sableye|44/100\n|move|p2b: Aerodactyl|Rock Slide|p1a: Sableye|[spread] p1a\n|-activate|p1b: Dragonite|move: Protect\n|-damage|p1a: Sableye|2/100\n|\n|upkeep\n|turn|2\n|\n|t:|1776568128\n|detailschange|p1b: Dragonite|Dragonite-Mega, L50, M\n|-mega|p1b: Dragonite|Dragonite|Dragoninite\n|move|p1a: Sableye|Thunder Wave|p2b: Aerodactyl\n|-status|p2b: Aerodactyl|par\n|move|p2a: Dragapult|Dragon Darts|p1a: Sableye\n|-damage|p1a: Sableye|0 fnt\n|-anim|p2a: Dragapult|Dragon Darts|p1b: Dragonite\n|-supereffective|p1b: Dragonite|1\n|-damage|p1b: Dragonite|80/100\n|faint|p1a: Sableye\n|move|p1b: Dragonite|Dragon Pulse|p2a: Dragapult\n|-supereffective|p2a: Dragapult|1\n|-damage|p2a: Dragapult|0 fnt\n|faint|p2a: Dragapult\n|cant|p2b: Aerodactyl|par\n|\n|upkeep\n|\n|t:|1776568149\n|switch|p2a: Charizard|Charizard, L50, F, shiny|100/100\n|switch|p1a: Pelipper|Pelipper, L50, F|100/100\n|-weather|RainDance|[from] ability: Drizzle|[of] p1a: Pelipper\n|turn|3\n|\n|t:|1776568158\n|detailschange|p2a: Charizard|Charizard-Mega-Y, L50, F, shiny\n|-mega|p2a: Charizard|Charizard|Charizardite Y\n|-weather|SunnyDay|[from] ability: Drought|[of] p2a: Charizard\n|move|p2a: Charizard|Weather Ball|p1a: Pelipper\n|-resisted|p1a: Pelipper|1\n|-damage|p1a: Pelipper|35/100\n|move|p1b: Dragonite|Thunder|p2a: Charizard|[miss]\n|-miss|p1b: Dragonite|p2a: Charizard\n|move|p2b: Aerodactyl|Tailwind|p2b: Aerodactyl\n|-sidestart|p2: teratera mega|move: Tailwind\n|move|p1a: Pelipper|Rain Dance|p1a: Pelipper\n|-weather|RainDance\n|\n|-weather|RainDance|[upkeep]\n|-heal|p1a: Pelipper|41/100|[from] item: Leftovers\n|upkeep\n|turn|4\n|\n|t:|1776568178\n|move|p2a: Charizard|Weather Ball|p1a: Pelipper\n|-resisted|p1a: Pelipper|1\n|-damage|p1a: Pelipper|0 fnt\n|faint|p1a: Pelipper\n|move|p2b: Aerodactyl|Rock Slide|p1b: Dragonite\n|-supereffective|p1b: Dragonite|1\n|-damage|p1b: Dragonite|3/100\n|cant|p1b: Dragonite|flinch\n|\n|-weather|RainDance|[upkeep]\n|upkeep\n|\n|t:|1776568181\n|switch|p1a: Archaludon|Archaludon, L50, M|100/100\n|turn|5\n|\n|t:|1776568192\n|switch|p2a: Kingambit|Kingambit, L50, F|100/100\n|move|p1b: Dragonite|Protect|p1b: Dragonite\n|-singleturn|p1b: Dragonite|Protect\n|move|p2b: Aerodactyl|Dual Wingbeat|p1b: Dragonite\n|-activate|p1b: Dragonite|move: Protect\n|move|p1a: Archaludon|Electro Shot||[still]\n|-prepare|p1a: Archaludon|Electro Shot\n|-boost|p1a: Archaludon|spa|1\n|-anim|p1a: Archaludon|Electro Shot|p2a: Kingambit\n|-damage|p2a: Kingambit|26/100\n|\n|-weather|RainDance|[upkeep]\n|upkeep\n|turn|6\n|inactive|Rabbit_soup_ has 30 seconds left.\n|inactive|Rabbit_soup_ has 20 seconds left.\n|\n|t:|1776568231\n|move|p2a: Kingambit|Sucker Punch|p1b: Dragonite\n|-damage|p1b: Dragonite|0 fnt\n|faint|p1b: Dragonite\n|move|p2b: Aerodactyl|Rock Slide|p1a: Archaludon\n|-resisted|p1a: Archaludon|1\n|-damage|p1a: Archaludon|82/100\n|move|p1a: Archaludon|Electro Shot||[still]\n|-prepare|p1a: Archaludon|Electro Shot\n|-boost|p1a: Archaludon|spa|1\n|-anim|p1a: Archaludon|Electro Shot|p2a: Kingambit\n|-damage|p2a: Kingambit|0 fnt\n|faint|p2a: Kingambit\n|\n|-weather|RainDance|[upkeep]\n|-sideend|p2: teratera mega|move: Tailwind\n|upkeep\n|\n|t:|1776568234\n|switch|p2a: Charizard|Charizard-Mega-Y, L50, F, shiny|100/100\n|-weather|SunnyDay|[from] ability: Drought|[of] p2a: Charizard\n|turn|7\n|\n|t:|1776568239\n|move|p2a: Charizard|Weather Ball|p1a: Archaludon\n|-damage|p1a: Archaludon|0 fnt\n|faint|p1a: Archaludon\n|\n|win|teratera mega\n|raw|Rabbit_soup_'s rating: 1417 &rarr; <strong>1403</strong><br />(-14 for losing)\n|raw|teratera mega's rating: 1516 &rarr; <strong>1530</strong><br />(+14 for winning)\n|l|\u2606Rabbit_soup_\n|player|p1|\n|j| sammap\n",
  "uploadtime": 1776568243,
  "views": 18,
  "formatid": "gen9championsvgc2026regma",
  "rating": 1403,
  "private": 0,
  "password": null
}