{
  "id": "gen9championsvgc2026regma-2582741378",
  "format": "[Gen 9 Champions] VGC 2026 Reg M-A",
  "players": [
    "free-bean-joe",
    "campeondelfitness"
  ],
  "log": "|j|\u2606free-bean-joe\n|j|\u2606campeondelfitness\n|t:|1776110903\n|gametype|doubles\n|player|p1|free-bean-joe|266|1068\n|player|p2|campeondelfitness|swimmer|1066\n|gen|9\n|tier|[Gen 9 Champions] VGC 2026 Reg M-A\n|rated|\n|rule|Species Clause: Limit one of each Pok\u00e9mon\n|rule|Item Clause: Limit 1 of each item\n|clearpoke\n|poke|p1|Klefki, L50, M|\n|poke|p1|Sneasler, L50, M|\n|poke|p1|Corviknight, L50, F|\n|poke|p1|Slowbro, L50, F|\n|poke|p1|Aegislash, L50, F|\n|poke|p1|Sinistcha, L50|\n|poke|p2|Greninja-*, L50, M|\n|poke|p2|Aerodactyl, L50, M|\n|poke|p2|Tyranitar, L50, F|\n|poke|p2|Sneasler, L50, F|\n|poke|p2|Excadrill, L50, F|\n|poke|p2|Rotom-Mow, L50|\n|teampreview|4\n|inactive|Battle timer is ON: inactive players will automatically lose when time's up. (requested by campeondelfitness)\n|inactive|free-bean-joe has 60 seconds left.\n|inactive|campeondelfitness has 60 seconds left.\n|\n|t:|1776110945\n|teamsize|p1|4\n|teamsize|p2|4\n|start\n|switch|p1a: Sneasler|Sneasler, L50, M|100/100\n|switch|p1b: Corviknight|Corviknight, L50, F|100/100\n|switch|p2a: Excadrill|Excadrill, L50, F|100/100\n|switch|p2b: Tyranitar|Tyranitar, L50, F|100/100\n|-ability|p1b: Corviknight|Unnerve\n|-weather|Sandstorm|[from] ability: Sand Stream|[of] p2b: Tyranitar\n|turn|1\n|inactive|free-bean-joe has 30 seconds left.\n|\n|t:|1776110975\n|move|p2a: Excadrill|Protect|p2a: Excadrill\n|-singleturn|p2a: Excadrill|Protect\n|move|p1a: Sneasler|Close Combat|p2a: Excadrill\n|-activate|p2a: Excadrill|move: Protect\n|move|p1b: Corviknight|Tailwind|p1b: Corviknight\n|-sidestart|p1: free-bean-joe|move: Tailwind\n|move|p2b: Tyranitar|Knock Off|p1b: Corviknight\n|-damage|p1b: Corviknight|56/100\n|-enditem|p1b: Corviknight|Sharp Beak|[from] move: Knock Off|[of] p2b: Tyranitar\n|\n|-weather|Sandstorm|[upkeep]\n|-damage|p1a: Sneasler|95/100|[from] Sandstorm\n|upkeep\n|turn|2\n|inactive|free-bean-joe has 30 seconds left.\n|inactive|campeondelfitness has 30 seconds left.\n|inactive|free-bean-joe has 20 seconds left.\n|\n|t:|1776111011\n|move|p2b: Tyranitar|Protect|p2b: Tyranitar\n|-singleturn|p2b: Tyranitar|Protect\n|move|p1a: Sneasler|Close Combat|p2b: Tyranitar\n|-activate|p2b: Tyranitar|move: Protect\n|move|p2a: Excadrill|Earthquake|p1b: Corviknight|[spread] p1a\n|-activate|p2b: Tyranitar|move: Protect\n|-immune|p1b: Corviknight\n|-supereffective|p1a: Sneasler|1\n|-damage|p1a: Sneasler|0 fnt\n|faint|p1a: Sneasler\n|move|p1b: Corviknight|Assurance|p2a: Excadrill\n|-damage|p2a: Excadrill|72/100\n|\n|-weather|Sandstorm|[upkeep]\n|upkeep\n|\n|t:|1776111032\n|switch|p1a: Slowbro|Slowbro, L50, F|100/100\n|turn|3\n|inactive|free-bean-joe has 30 seconds left.\n|\n|t:|1776111061\n|switch|p2a: Greninja|Greninja, L50, M|100/100\n|detailschange|p1a: Slowbro|Slowbro-Mega, L50, F\n|-mega|p1a: Slowbro|Slowbro|Slowbronite\n|move|p1b: Corviknight|Protect|p1b: Corviknight\n|-singleturn|p1b: Corviknight|Protect\n|move|p1a: Slowbro|Surf|p2b: Tyranitar|[spread] p2a,p2b\n|-activate|p1b: Corviknight|move: Protect\n|-resisted|p2a: Greninja|1\n|-supereffective|p2b: Tyranitar|1\n|-damage|p2a: Greninja|78/100\n|-damage|p2b: Tyranitar|52/100\n|move|p2b: Tyranitar|Knock Off|p1a: Slowbro\n|-supereffective|p1a: Slowbro|1\n|-damage|p1a: Slowbro|62/100\n|\n|-weather|Sandstorm|[upkeep]\n|-damage|p2a: Greninja|72/100|[from] Sandstorm\n|-damage|p1a: Slowbro|56/100|[from] Sandstorm\n|upkeep\n|turn|4\n|inactive|campeondelfitness has 30 seconds left.\n|inactive|campeondelfitness has 20 seconds left.\n|inactive|campeondelfitness has 15 seconds left.\n|\n|t:|1776111102\n|switch|p1a: Klefki|Klefki, L50, M|100/100\n|move|p1b: Corviknight|Brave Bird|p2a: Greninja\n|-damage|p2a: Greninja|0 fnt\n|faint|p2a: Greninja\n|-damage|p1b: Corviknight|39/100|[from] Recoil\n|move|p2b: Tyranitar|Thunder Wave|p1b: Corviknight\n|-status|p1b: Corviknight|par\n|\n|-weather|Sandstorm|[upkeep]\n|-sideend|p1: free-bean-joe|move: Tailwind\n|upkeep\n|\n|t:|1776111117\n|switch|p2a: Excadrill|Excadrill, L50, F|72/100\n|turn|5\n|inactive|free-bean-joe has 30 seconds left.\n|inactive|free-bean-joe has 20 seconds left.\n|inactive|free-bean-joe has 15 seconds left.\n|\n|t:|1776111159\n|switch|p1b: Slowbro|Slowbro-Mega, L50, F|56/100\n|move|p1a: Klefki|Rain Dance|p1a: Klefki\n|-weather|RainDance\n|move|p2a: Excadrill|Iron Head|p1a: Klefki\n|-damage|p1a: Klefki|41/100\n|move|p2b: Tyranitar|Thunder Wave|p1a: Klefki\n|-status|p1a: Klefki|par\n|\n|-weather|RainDance|[upkeep]\n|upkeep\n|turn|6\n|\n|t:|1776111176\n|switch|p2b: Aerodactyl|Aerodactyl, L50, M|100/100\n|move|p2a: Excadrill|Earthquake|p1b: Slowbro|[spread] p1a,p1b\n|-immune|p2b: Aerodactyl\n|-supereffective|p1a: Klefki|1\n|-damage|p1a: Klefki|0 fnt\n|-damage|p1b: Slowbro|33/100\n|faint|p1a: Klefki\n|move|p1b: Slowbro|Surf|p2a: Excadrill|[spread] p2a,p2b\n|-supereffective|p2a: Excadrill|1\n|-supereffective|p2b: Aerodactyl|1\n|-damage|p2a: Excadrill|0 fnt\n|-damage|p2b: Aerodactyl|0 fnt\n|faint|p2a: Excadrill\n|faint|p2b: Aerodactyl\n|\n|-weather|RainDance|[upkeep]\n|upkeep\n|\n|t:|1776111191\n|switch|p2b: Tyranitar|Tyranitar, L50, F|52/100\n|switch|p1a: Corviknight|Corviknight, L50, F|39/100 par\n|-ability|p1a: Corviknight|Unnerve\n|-weather|Sandstorm|[from] ability: Sand Stream|[of] p2b: Tyranitar\n|turn|7\n|inactive|free-bean-joe has 30 seconds left.\n|\n|t:|1776111218\n|move|p2b: Tyranitar|Knock Off|p1b: Slowbro\n|-supereffective|p1b: Slowbro|1\n|-damage|p1b: Slowbro|0 fnt\n|faint|p1b: Slowbro\n|move|p1a: Corviknight|Brave Bird|p2b: Tyranitar\n|-resisted|p2b: Tyranitar|1\n|-damage|p2b: Tyranitar|33/100\n|-damage|p1a: Corviknight|34/100 par|[from] Recoil\n|\n|-weather|Sandstorm|[upkeep]\n|upkeep\n|turn|8\n|inactive|free-bean-joe has 30 seconds left.\n|inactive|free-bean-joe has 20 seconds left.\n|inactive|free-bean-joe has 15 seconds left.\n|inactive|free-bean-joe has 10 seconds left.\n|inactive|free-bean-joe has 5 seconds left.\n|\n|t:|1776111273\n|move|p2b: Tyranitar|Knock Off|p1a: Corviknight\n|-damage|p1a: Corviknight|3/100 par\n|move|p1a: Corviknight|Brave Bird|p2b: Tyranitar\n|-resisted|p2b: Tyranitar|1\n|-damage|p2b: Tyranitar|15/100\n|-damage|p1a: Corviknight|0 fnt|[from] Recoil\n|faint|p1a: Corviknight\n|\n|win|campeondelfitness\n|raw|free-bean-joe's rating: 1068 &rarr; <strong>1048</strong><br />(-20 for losing)\n|raw|campeondelfitness's rating: 1066 &rarr; <strong>1096</strong><br />(+30 for winning)\n|l|\u2606free-bean-joe\n|player|p1|\n",
  "uploadtime": 1776111558,
  "views": 22,
  "formatid": "gen9championsvgc2026regma",
  "rating": 1048,
  "private": 0,
  "password": null
}