{
  "id": "gen9championsvgc2026regma-2582156648",
  "format": "[Gen 9 Champions] VGC 2026 Reg M-A",
  "players": [
    "skyhigh1234",
    "Mask4M"
  ],
  "log": "|j|\u2606skyhigh1234\n|j|\u2606Mask4M\n|t:|1776065259\n|gametype|doubles\n|player|p1|skyhigh1234|265|1042\n|player|p2|Mask4M|1|1117\n|gen|9\n|tier|[Gen 9 Champions] VGC 2026 Reg M-A\n|rated|\n|rule|Species Clause: Limit one of each Pok\u00e9mon\n|rule|Item Clause: Limit 1 of each item\n|clearpoke\n|poke|p1|Slowbro, L50, M|\n|poke|p1|Sinistcha, L50|\n|poke|p1|Volcarona, L50, M|\n|poke|p1|Basculegion, L50, M|\n|poke|p1|Pelipper, L50, M|\n|poke|p1|Incineroar, L50, F|\n|poke|p2|Glimmora, L50, M|\n|poke|p2|Froslass, L50, F|\n|poke|p2|Sneasler, L50, M|\n|poke|p2|Incineroar, L50, F|\n|poke|p2|Whimsicott, L50, F|\n|poke|p2|Gyarados, L50, F|\n|teampreview|4\n|inactive|Battle timer is ON: inactive players will automatically lose when time's up. (requested by Mask4M)\n|inactive|skyhigh1234 also wants the timer to be on.\n|inactive|Mask4M has 60 seconds left.\n|\n|t:|1776065306\n|teamsize|p1|4\n|teamsize|p2|4\n|start\n|switch|p1a: Volcarona|Volcarona, L50, M, shiny|100/100\n|switch|p1b: Basculegion|Basculegion, L50, M, shiny|100/100\n|switch|p2a: Glimmora|Glimmora, L50, M|100/100\n|switch|p2b: Whimsicott|Whimsicott, L50, F|100/100\n|turn|1\n|\n|t:|1776065330\n|move|p2a: Glimmora|Spiky Shield|p2a: Glimmora\n|-singleturn|p2a: Glimmora|move: Protect\n|move|p2b: Whimsicott|Tailwind|p2b: Whimsicott\n|-sidestart|p2: Mask4M|move: Tailwind\n|move|p1b: Basculegion|Wave Crash|p2a: Glimmora\n|-activate|p2a: Glimmora|move: Protect\n|-damage|p1b: Basculegion|88/100|[from] Spiky Shield|[of] p2a: Glimmora\n|move|p1a: Volcarona|Quiver Dance|p1a: Volcarona\n|-boost|p1a: Volcarona|spa|1\n|-boost|p1a: Volcarona|spd|1\n|-boost|p1a: Volcarona|spe|1\n|\n|upkeep\n|turn|2\n|\n|t:|1776065351\n|detailschange|p2a: Glimmora|Glimmora-Mega, L50, M\n|-mega|p2a: Glimmora|Glimmora|Glimmoranite\n|move|p1a: Volcarona|Protect|p1a: Volcarona\n|-singleturn|p1a: Volcarona|Protect\n|move|p2b: Whimsicott|Sunny Day|p2b: Whimsicott\n|-weather|SunnyDay\n|move|p2a: Glimmora|Power Gem|p1a: Volcarona\n|-activate|p1a: Volcarona|move: Protect\n|move|p1b: Basculegion|Wave Crash|p2a: Glimmora\n|-supereffective|p2a: Glimmora|1\n|-damage|p2a: Glimmora|14/100\n|-damage|p1b: Basculegion|65/100|[from] Recoil\n|\n|-weather|SunnyDay|[upkeep]\n|upkeep\n|turn|3\n|inactive|skyhigh1234 has 30 seconds left.\n|inactive|Mask4M has 30 seconds left.\n|inactive|skyhigh1234 has 20 seconds left.\n|inactive|Mask4M has 20 seconds left.\n|inactive|Mask4M has 15 seconds left.\n|inactive|Mask4M has 10 seconds left.\n|\n|t:|1776065397\n|switch|p2a: Incineroar|Incineroar, L50, F|100/100\n|-ability|p2a: Incineroar|Intimidate|boost\n|-unboost|p1a: Volcarona|atk|1\n|-unboost|p1b: Basculegion|atk|1\n|move|p2b: Whimsicott|Moonblast|p1b: Basculegion\n|-damage|p1b: Basculegion|19/100\n|move|p1a: Volcarona|Heat Wave|p2b: Whimsicott|[spread] p2a,p2b\n|-resisted|p2a: Incineroar|1\n|-supereffective|p2b: Whimsicott|1\n|-damage|p2a: Incineroar|56/100\n|-enditem|p2b: Whimsicott|Focus Sash\n|-damage|p2b: Whimsicott|1/100\n|move|p1b: Basculegion|Wave Crash|p2b: Whimsicott\n|-resisted|p2b: Whimsicott|1\n|-damage|p2b: Whimsicott|0 fnt\n|faint|p2b: Whimsicott\n|-damage|p1b: Basculegion|18/100|[from] Recoil\n|\n|-weather|SunnyDay|[upkeep]\n|upkeep\n|\n|t:|1776065412\n|switch|p2b: Glimmora|Glimmora-Mega, L50, M|14/100\n|turn|4\n|inactive|skyhigh1234 has 30 seconds left.\n|\n|t:|1776065445\n|switch|p2a: Sneasler|Sneasler, L50, M|100/100\n|move|p2b: Glimmora|Spiky Shield|p2b: Glimmora\n|-singleturn|p2b: Glimmora|move: Protect\n|move|p1a: Volcarona|Protect|p1a: Volcarona\n|-singleturn|p1a: Volcarona|Protect\n|move|p1b: Basculegion|Wave Crash|p2a: Sneasler\n|-damage|p2a: Sneasler|53/100\n|-damage|p1b: Basculegion|6/100|[from] Recoil\n|\n|-weather|SunnyDay|[upkeep]\n|-sideend|p2: Mask4M|move: Tailwind\n|upkeep\n|turn|5\n|inactive|skyhigh1234 has 30 seconds left.\n|inactive|skyhigh1234 has 20 seconds left.\n|inactive|skyhigh1234 has 15 seconds left.\n|\n|t:|1776065486\n|switch|p1a: Sinistcha|Sinistcha, L50|100/100\n|-heal|p1b: Basculegion|31/100|[from] ability: Hospitality|[of] p1a: Sinistcha\n|move|p2a: Sneasler|Fake Out|p1a: Sinistcha\n|-immune|p1a: Sinistcha\n|move|p1b: Basculegion|Wave Crash|p2b: Glimmora\n|-supereffective|p2b: Glimmora|1\n|-damage|p2b: Glimmora|0 fnt\n|faint|p2b: Glimmora\n|-damage|p1b: Basculegion|27/100|[from] Recoil\n|\n|-weather|SunnyDay|[upkeep]\n|upkeep\n|\n|t:|1776065498\n|switch|p2b: Incineroar|Incineroar, L50, F|56/100\n|-ability|p2b: Incineroar|Intimidate|boost\n|-unboost|p1a: Sinistcha|atk|1\n|-unboost|p1b: Basculegion|atk|1\n|turn|6\n|-message|Mask4M forfeited.\n|\n|win|skyhigh1234\n|raw|skyhigh1234's rating: 1042 &rarr; <strong>1083</strong><br />(+41 for winning)\n|raw|Mask4M's rating: 1117 &rarr; <strong>1087</strong><br />(-30 for losing)\n|l|\u2606skyhigh1234\n|player|p1|\n",
  "uploadtime": 1776065522,
  "views": 20,
  "formatid": "gen9championsvgc2026regma",
  "rating": 1083,
  "private": 0,
  "password": null
}