{
  "id": "gen9championsvgc2026regma-2584998586",
  "format": "[Gen 9 Champions] VGC 2026 Reg M-A",
  "players": [
    "gkeveee17",
    "Cooltrainerbu"
  ],
  "log": "|j|\u2606gkeveee17\n|j|\u2606Cooltrainerbu\n|t:|1776301952\n|gametype|doubles\n|player|p1|gkeveee17|169|1059\n|player|p2|Cooltrainerbu|n|1139\n|gen|9\n|tier|[Gen 9 Champions] VGC 2026 Reg M-A\n|rated|\n|rule|Species Clause: Limit one of each Pok\u00e9mon\n|rule|Item Clause: Limit 1 of each item\n|clearpoke\n|poke|p1|Aggron, L50, F|\n|poke|p1|Tyranitar, L50, F|\n|poke|p1|Aerodactyl, L50, F|\n|poke|p1|Sinistcha, L50|\n|poke|p1|Incineroar, L50, M|\n|poke|p1|Basculegion, L50, M|\n|poke|p2|Charizard, L50, F|\n|poke|p2|Whimsicott, L50, F|\n|poke|p2|Garchomp, L50, M|\n|poke|p2|Sneasler, L50, M|\n|poke|p2|Maushold, L50|\n|poke|p2|Incineroar, L50, F|\n|teampreview|4\n|inactive|Battle timer is ON: inactive players will automatically lose when time's up. (requested by gkeveee17)\n|inactive|Cooltrainerbu has 60 seconds left.\n|\n|t:|1776301996\n|teamsize|p1|4\n|teamsize|p2|4\n|start\n|switch|p1a: Tyranitar|Tyranitar, L50, F|100/100\n|switch|p1b: Basculegion|Basculegion, L50, M|100/100\n|switch|p2a: Whimsicott|Whimsicott, L50, F|100/100\n|switch|p2b: Incineroar|Incineroar, L50, F|100/100\n|-weather|Sandstorm|[from] ability: Sand Stream|[of] p1a: Tyranitar\n|-ability|p2b: Incineroar|Intimidate|boost\n|-unboost|p1a: Tyranitar|atk|1\n|-unboost|p1b: Basculegion|atk|1\n|turn|1\n|inactive|gkeveee17 has 30 seconds left.\n|\n|t:|1776302033\n|move|p2a: Whimsicott|Sunny Day|p2a: Whimsicott\n|-weather|SunnyDay\n|move|p1b: Basculegion|Flip Turn|p2b: Incineroar\n|-supereffective|p2b: Incineroar|1\n|-damage|p2b: Incineroar|77/100\n|\n|t:|1776302039\n|switch|p1b: Incineroar|Incineroar, L50, M|100/100|[from] Flip Turn\n|-ability|p1b: Incineroar|Intimidate|boost\n|-unboost|p2a: Whimsicott|atk|1\n|-unboost|p2b: Incineroar|atk|1\n|move|p1a: Tyranitar|Rock Slide|p2b: Incineroar|[spread] p2a,p2b\n|-supereffective|p2b: Incineroar|1\n|-damage|p2a: Whimsicott|67/100\n|-damage|p2b: Incineroar|38/100\n|-enditem|p2b: Incineroar|Sitrus Berry|[eat]\n|-heal|p2b: Incineroar|63/100|[from] item: Sitrus Berry\n|move|p2b: Incineroar|Darkest Lariat|p1b: Incineroar\n|-resisted|p1b: Incineroar|1\n|-damage|p1b: Incineroar|89/100\n|\n|-weather|SunnyDay|[upkeep]\n|upkeep\n|turn|2\n|inactive|gkeveee17 has 30 seconds left.\n|inactive|Cooltrainerbu has 30 seconds left.\n|inactive|gkeveee17 has 20 seconds left.\n|\n|t:|1776302074\n|switch|p1a: Aggron|Aggron, L50, F, shiny|100/100\n|move|p2a: Whimsicott|Tailwind|p2a: Whimsicott\n|-sidestart|p2: Cooltrainerbu|move: Tailwind\n|move|p2b: Incineroar|Parting Shot|p1a: Aggron\n|-unboost|p1a: Aggron|atk|1\n|-unboost|p1a: Aggron|spa|1\n|\n|t:|1776302085\n|switch|p2b: Garchomp|Garchomp, L50, M|100/100|[from] Parting Shot\n|move|p1b: Incineroar|Parting Shot|p2b: Garchomp\n|-unboost|p2b: Garchomp|atk|1\n|-unboost|p2b: Garchomp|spa|1\n|inactive|gkeveee17 has 30 seconds left.\n|\n|t:|1776302114\n|switch|p1b: Tyranitar|Tyranitar, L50, F|100/100|[from] Parting Shot\n|-weather|Sandstorm|[from] ability: Sand Stream|[of] p1b: Tyranitar\n|\n|-weather|Sandstorm|[upkeep]\n|-damage|p2a: Whimsicott|61/100|[from] Sandstorm\n|upkeep\n|turn|3\n|\n|t:|1776302138\n|switch|p1b: Incineroar|Incineroar, L50, M|89/100\n|-ability|p1b: Incineroar|Intimidate|boost\n|-unboost|p2a: Whimsicott|atk|1\n|-unboost|p2b: Garchomp|atk|1\n|detailschange|p1a: Aggron|Aggron-Mega, L50, F, shiny\n|-mega|p1a: Aggron|Aggron|Aggronite\n|move|p2a: Whimsicott|Sunny Day|p2a: Whimsicott\n|-weather|SunnyDay\n|move|p2b: Garchomp|Earthquake|p1b: Incineroar|[spread] p2a,p1a,p1b\n|-resisted|p2a: Whimsicott|1\n|-supereffective|p1a: Aggron|1\n|-supereffective|p1b: Incineroar|1\n|-damage|p2a: Whimsicott|47/100\n|-damage|p1a: Aggron|88/100\n|-damage|p1b: Incineroar|50/100\n|-enditem|p1b: Incineroar|Sitrus Berry|[eat]\n|-heal|p1b: Incineroar|75/100|[from] item: Sitrus Berry\n|move|p1a: Aggron|Iron Defense|p1a: Aggron\n|-boost|p1a: Aggron|def|2\n|\n|-weather|SunnyDay|[upkeep]\n|upkeep\n|turn|4\n|inactive|gkeveee17 has 30 seconds left.\n|inactive|Cooltrainerbu has 30 seconds left.\n|\n|t:|1776302167\n|switch|p2b: Charizard|Charizard, L50, F|100/100\n|move|p1b: Incineroar|Fake Out|p2a: Whimsicott\n|-damage|p2a: Whimsicott|29/100\n|cant|p2a: Whimsicott|flinch\n|move|p1a: Aggron|Body Press|p2b: Charizard\n|-resisted|p2b: Charizard|1\n|-damage|p2b: Charizard|51/100\n|\n|-weather|SunnyDay|[upkeep]\n|upkeep\n|turn|5\n|inactive|gkeveee17 has 30 seconds left.\n|inactive|Cooltrainerbu has 30 seconds left.\n|\n|t:|1776302197\n|switch|p1a: Tyranitar|Tyranitar, L50, F|100/100\n|-weather|Sandstorm|[from] ability: Sand Stream|[of] p1a: Tyranitar\n|detailschange|p2b: Charizard|Charizard-Mega-Y, L50, F\n|-mega|p2b: Charizard|Charizard|Charizardite Y\n|-weather|SunnyDay|[from] ability: Drought|[of] p2b: Charizard\n|move|p2a: Whimsicott|Sunny Day||[still]\n|-fail|p2a: Whimsicott\n|move|p2b: Charizard|Weather Ball|p1a: Tyranitar\n|-resisted|p1a: Tyranitar|1\n|-damage|p1a: Tyranitar|60/100\n|move|p1b: Incineroar|Parting Shot|p2b: Charizard\n|-unboost|p2b: Charizard|atk|1\n|-unboost|p2b: Charizard|spa|1\n|inactive|gkeveee17 has 30 seconds left.\n|\n|t:|1776302223\n|switch|p1b: Aggron|Aggron-Mega, L50, F, shiny|88/100|[from] Parting Shot\n|\n|-weather|SunnyDay|[upkeep]\n|-sideend|p2: Cooltrainerbu|move: Tailwind\n|upkeep\n|turn|6\n|\n|t:|1776302247\n|switch|p1b: Incineroar|Incineroar, L50, M|75/100\n|-ability|p1b: Incineroar|Intimidate|boost\n|-unboost|p2a: Whimsicott|atk|1\n|-unboost|p2b: Charizard|atk|1\n|move|p2a: Whimsicott|Sunny Day||[still]\n|-fail|p2a: Whimsicott\n|move|p2b: Charizard|Solar Beam||[still]\n|-prepare|p2b: Charizard|Solar Beam\n|-anim|p2b: Charizard|Solar Beam|p1a: Tyranitar\n|-supereffective|p1a: Tyranitar|1\n|-damage|p1a: Tyranitar|0 fnt\n|faint|p1a: Tyranitar\n|\n|-weather|SunnyDay|[upkeep]\n|upkeep\n|inactive|gkeveee17 has 30 seconds left.\n|\n|t:|1776302273\n|switch|p1a: Basculegion|Basculegion, L50, M|100/100\n|turn|7\n|\n|t:|1776302285\n|switch|p2b: Incineroar|Incineroar, L50, F|63/100\n|-ability|p2b: Incineroar|Intimidate|boost\n|-unboost|p1a: Basculegion|atk|1\n|-unboost|p1b: Incineroar|atk|1\n|move|p1b: Incineroar|Fake Out|p2a: Whimsicott\n|-damage|p2a: Whimsicott|16/100\n|cant|p2a: Whimsicott|flinch\n|move|p1a: Basculegion|Last Respects|p2b: Incineroar\n|-resisted|p2b: Incineroar|1\n|-damage|p2b: Incineroar|42/100\n|\n|-weather|SunnyDay|[upkeep]\n|upkeep\n|turn|8\n|\n|t:|1776302310\n|switch|p1b: Aggron|Aggron-Mega, L50, F, shiny|88/100\n|move|p2a: Whimsicott|Tailwind|p2a: Whimsicott\n|-sidestart|p2: Cooltrainerbu|move: Tailwind\n|move|p1a: Basculegion|Last Respects|p2a: Whimsicott\n|-damage|p2a: Whimsicott|0 fnt\n|faint|p2a: Whimsicott\n|move|p2b: Incineroar|Darkest Lariat|p1a: Basculegion\n|-supereffective|p1a: Basculegion|1\n|-damage|p1a: Basculegion|11/100\n|\n|-weather|SunnyDay|[upkeep]\n|upkeep\n|\n|t:|1776302335\n|switch|p2a: Garchomp|Garchomp, L50, M|100/100\n|turn|9\n|\n|t:|1776302343\n|switch|p1a: Incineroar|Incineroar, L50, M|75/100\n|-ability|p1a: Incineroar|Intimidate|boost\n|-unboost|p2a: Garchomp|atk|1\n|-unboost|p2b: Incineroar|atk|1\n|switch|p2b: Charizard|Charizard-Mega-Y, L50, F|51/100\n|move|p2a: Garchomp|Earthquake|p1a: Incineroar|[spread] p1a,p1b\n|-immune|p2b: Charizard\n|-supereffective|p1a: Incineroar|1\n|-supereffective|p1b: Aggron|1\n|-damage|p1a: Incineroar|24/100\n|-damage|p1b: Aggron|70/100\n|move|p1b: Aggron|Iron Defense|p1b: Aggron\n|-boost|p1b: Aggron|def|2\n|\n|-weather|none\n|upkeep\n|turn|10\n|inactive|Cooltrainerbu has 30 seconds left.\n|inactive|Cooltrainerbu has 20 seconds left.\n|inactive|Cooltrainerbu has 15 seconds left.\n|inactive|Cooltrainerbu has 10 seconds left.\n|\n|t:|1776302391\n|switch|p2b: Incineroar|Incineroar, L50, F|42/100\n|-ability|p2b: Incineroar|Intimidate|boost\n|-unboost|p1a: Incineroar|atk|1\n|-unboost|p1b: Aggron|atk|1\n|move|p1a: Incineroar|Fake Out|p2b: Incineroar\n|-damage|p2b: Incineroar|34/100\n|move|p2a: Garchomp|Rock Slide|p1b: Aggron|[spread] p1a,p1b\n|-supereffective|p1a: Incineroar|1\n|-resisted|p1b: Aggron|1\n|-damage|p1a: Incineroar|0 fnt\n|-damage|p1b: Aggron|69/100\n|faint|p1a: Incineroar\n|move|p1b: Aggron|Body Press|p2a: Garchomp\n|-damage|p2a: Garchomp|13/100\n|-damage|p1b: Aggron|57/100|[from] ability: Rough Skin|[of] p2a: Garchomp\n|\n|upkeep\n|\n|t:|1776302408\n|switch|p1a: Basculegion|Basculegion, L50, M|11/100\n|turn|11\n|\n|t:|1776302426\n|move|p2b: Incineroar|Fake Out|p1b: Aggron\n|-resisted|p1b: Aggron|1\n|-damage|p1b: Aggron|56/100\n|move|p1a: Basculegion|Aqua Jet|p2a: Garchomp\n|-damage|p2a: Garchomp|0 fnt\n|-damage|p1a: Basculegion|0 fnt|[from] ability: Rough Skin|[of] p2a: Garchomp\n|faint|p2a: Garchomp\n|faint|p1a: Basculegion\n|cant|p1b: Aggron|flinch\n|\n|-sideend|p2: Cooltrainerbu|move: Tailwind\n|upkeep\n|\n|t:|1776302437\n|switch|p2a: Charizard|Charizard-Mega-Y, L50, F|51/100\n|-weather|SunnyDay|[from] ability: Drought|[of] p2a: Charizard\n|turn|12\n|\n|t:|1776302444\n|move|p2a: Charizard|Weather Ball|p1b: Aggron\n|-supereffective|p1b: Aggron|1\n|-damage|p1b: Aggron|0 fnt\n|faint|p1b: Aggron\n|\n|win|Cooltrainerbu\n|raw|gkeveee17's rating: 1059 &rarr; <strong>1044</strong><br />(-15 for losing)\n|raw|Cooltrainerbu's rating: 1139 &rarr; <strong>1158</strong><br />(+19 for winning)\n",
  "uploadtime": 1776302480,
  "views": 18,
  "formatid": "gen9championsvgc2026regma",
  "rating": 1044,
  "private": 0,
  "password": null
}