{
  "id": "gen9championsvgc2026regma-2584455830",
  "format": "[Gen 9 Champions] VGC 2026 Reg M-A",
  "players": [
    "Yoruwx",
    "larryzang"
  ],
  "log": "|j|\u2606Yoruwx\n|j|\u2606larryzang\n|t:|1776262092\n|gametype|doubles\n|player|p1|Yoruwx|morty|1143\n|player|p2|larryzang|101|1106\n|gen|9\n|tier|[Gen 9 Champions] VGC 2026 Reg M-A\n|rated|\n|rule|Species Clause: Limit one of each Pok\u00e9mon\n|rule|Item Clause: Limit 1 of each item\n|clearpoke\n|poke|p1|Charizard, L50, M|\n|poke|p1|Venusaur, L50, F|\n|poke|p1|Whimsicott, L50, F|\n|poke|p1|Incineroar, L50, M|\n|poke|p1|Garchomp, L50, M|\n|poke|p1|Sneasler, L50, M|\n|poke|p2|Archaludon, L50, M|\n|poke|p2|Pelipper, L50, F|\n|poke|p2|Banette, L50, F|\n|poke|p2|Scizor, L50, M|\n|poke|p2|Basculegion, L50, M|\n|poke|p2|Primarina, L50, F|\n|teampreview|4\n|inactive|Battle timer is ON: inactive players will automatically lose when time's up. (requested by Yoruwx)\n|\n|t:|1776262122\n|teamsize|p1|4\n|teamsize|p2|4\n|start\n|switch|p1a: Incineroar|Incineroar, L50, M|100/100\n|switch|p1b: Whimsicott|Whimsicott, L50, F|100/100\n|switch|p2a: Banette|Banette, L50, F|100/100\n|switch|p2b: Basculegion|Basculegion, L50, M|100/100\n|-ability|p1a: Incineroar|Intimidate|boost\n|-unboost|p2a: Banette|atk|1\n|-unboost|p2b: Basculegion|atk|1\n|turn|1\n|\n|t:|1776262142\n|detailschange|p2a: Banette|Banette-Mega, L50, F\n|-mega|p2a: Banette|Banette|Banettite\n|move|p1b: Whimsicott|Tailwind|p1b: Whimsicott\n|-sidestart|p1: Yoruwx|move: Tailwind\n|move|p2a: Banette|Rain Dance|p2a: Banette\n|-weather|RainDance\n|move|p2b: Basculegion|Flip Turn|p1a: Incineroar\n|-supereffective|p1a: Incineroar|1\n|-damage|p1a: Incineroar|29/100\n|-enditem|p1a: Incineroar|Sitrus Berry|[eat]\n|-heal|p1a: Incineroar|54/100|[from] item: Sitrus Berry\n|\n|t:|1776262153\n|switch|p2b: Primarina|Primarina, L50, F|100/100|[from] Flip Turn\n|move|p1a: Incineroar|Darkest Lariat|p2b: Primarina\n|-resisted|p2b: Primarina|1\n|-damage|p2b: Primarina|74/100\n|\n|-weather|RainDance|[upkeep]\n|upkeep\n|turn|2\n|\n|t:|1776262166\n|move|p1b: Whimsicott|Encore|p2a: Banette\n|-start|p2a: Banette|Encore\n|move|p2a: Banette|Rain Dance||[still]\n|-fail|p2a: Banette\n|move|p1a: Incineroar|Parting Shot|p2b: Primarina\n|-unboost|p2b: Primarina|atk|1\n|-unboost|p2b: Primarina|spa|1\n|\n|t:|1776262174\n|switch|p1a: Venusaur|Venusaur, L50, F|100/100|[from] Parting Shot\n|move|p2b: Primarina|Hyper Voice|p1a: Venusaur|[spread] p1a,p1b\n|-resisted|p1a: Venusaur|1\n|-resisted|p1b: Whimsicott|1\n|-damage|p1a: Venusaur|81/100\n|-damage|p1b: Whimsicott|75/100\n|\n|-weather|RainDance|[upkeep]\n|-heal|p1a: Venusaur|87/100|[from] item: Leftovers\n|upkeep\n|turn|3\n|\n|t:|1776262190\n|switch|p2a: Pelipper|Pelipper, L50, F|100/100\n|move|p1b: Whimsicott|Encore|p2b: Primarina\n|-start|p2b: Primarina|Encore\n|move|p1a: Venusaur|Sludge Bomb|p2b: Primarina\n|-supereffective|p2b: Primarina|1\n|-enditem|p2b: Primarina|Kebia Berry|[eat]\n|-enditem|p2b: Primarina|Kebia Berry|[weaken]\n|-damage|p2b: Primarina|39/100\n|move|p2b: Primarina|Hyper Voice|p1a: Venusaur|[spread] p1a,p1b\n|-resisted|p1a: Venusaur|1\n|-resisted|p1b: Whimsicott|1\n|-damage|p1a: Venusaur|65/100\n|-damage|p1b: Whimsicott|52/100\n|\n|-weather|RainDance|[upkeep]\n|-heal|p1a: Venusaur|71/100|[from] item: Leftovers\n|upkeep\n|turn|4\n|\n|t:|1776262214\n|switch|p2b: Banette|Banette-Mega, L50, F|100/100\n|move|p1b: Whimsicott|Tailwind||[still]\n|-fail|p1b: Whimsicott\n|move|p1a: Venusaur|Sleep Powder|p2b: Banette\n|-status|p2b: Banette|slp|[from] move: Sleep Powder\n|move|p2a: Pelipper|Hurricane|p1b: Whimsicott\n|-supereffective|p1b: Whimsicott|1\n|-damage|p1b: Whimsicott|0 fnt\n|faint|p1b: Whimsicott\n|\n|-weather|RainDance|[upkeep]\n|-heal|p1a: Venusaur|77/100|[from] item: Leftovers\n|-sideend|p1: Yoruwx|move: Tailwind\n|upkeep\n|\n|t:|1776262227\n|switch|p1b: Charizard|Charizard, L50, M|100/100\n|turn|5\n|j| andy1234yu\n|l| andy1234yu\n|\n|t:|1776262240\n|switch|p1b: Incineroar|Incineroar, L50, M|54/100\n|-ability|p1b: Incineroar|Intimidate|boost\n|-unboost|p2a: Pelipper|atk|1\n|-unboost|p2b: Banette|atk|1\n|cant|p2b: Banette|slp\n|move|p1a: Venusaur|Energy Ball|p2a: Pelipper\n|-damage|p2a: Pelipper|18/100\n|move|p2a: Pelipper|Weather Ball|p1a: Venusaur\n|-resisted|p1a: Venusaur|1\n|-damage|p1a: Venusaur|38/100\n|\n|-weather|none\n|-heal|p1a: Venusaur|44/100|[from] item: Leftovers\n|upkeep\n|turn|6\n|inactive|larryzang has 30 seconds left.\n|\n|t:|1776262265\n|switch|p2a: Primarina|Primarina, L50, F|39/100\n|cant|p2b: Banette|slp\n|move|p1b: Incineroar|Fake Out|p2a: Primarina\n|-damage|p2a: Primarina|23/100\n|move|p1a: Venusaur|Energy Ball|p2b: Banette\n|-damage|p2b: Banette|54/100 slp\n|\n|-heal|p1a: Venusaur|50/100|[from] item: Leftovers\n|upkeep\n|turn|7\n|inactive|Yoruwx has 30 seconds left.\n|inactive|Yoruwx has 20 seconds left.\n|inactive|Yoruwx has 15 seconds left.\n|\n|t:|1776262308\n|-curestatus|p2b: Banette|slp|[msg]\n|move|p2b: Banette|Protect|p2b: Banette\n|-singleturn|p2b: Banette|Protect\n|move|p1a: Venusaur|Energy Ball|p2b: Banette\n|-activate|p2b: Banette|move: Protect\n|move|p2a: Primarina|Hyper Voice|p1a: Venusaur|[spread] p1a,p1b\n|-resisted|p1a: Venusaur|1\n|-supereffective|p1b: Incineroar|1\n|-damage|p1a: Venusaur|28/100\n|-damage|p1b: Incineroar|0 fnt\n|faint|p1b: Incineroar\n|\n|-heal|p1a: Venusaur|33/100|[from] item: Leftovers\n|upkeep\n|\n|t:|1776262316\n|switch|p1b: Charizard|Charizard, L50, M|100/100\n|turn|8\n|\n|t:|1776262333\n|switch|p2b: Pelipper|Pelipper, L50, F|18/100\n|-weather|RainDance|[from] ability: Drizzle|[of] p2b: Pelipper\n|detailschange|p1b: Charizard|Charizard-Mega-Y, L50, M\n|-mega|p1b: Charizard|Charizard|Charizardite Y\n|-weather|SunnyDay|[from] ability: Drought|[of] p1b: Charizard\n|move|p1a: Venusaur|Energy Ball|p2a: Primarina\n|-supereffective|p2a: Primarina|1\n|-damage|p2a: Primarina|0 fnt\n|faint|p2a: Primarina\n|move|p1b: Charizard|Solar Beam||[still]\n|-prepare|p1b: Charizard|Solar Beam\n|-anim|p1b: Charizard|Solar Beam|p2b: Pelipper\n|-damage|p2b: Pelipper|0 fnt\n|faint|p2b: Pelipper\n|\n|-weather|SunnyDay|[upkeep]\n|-heal|p1a: Venusaur|39/100|[from] item: Leftovers\n|upkeep\n|\n|t:|1776262352\n|switch|p2b: Banette|Banette-Mega, L50, F|54/100\n|switch|p2a: Basculegion|Basculegion, L50, M|100/100\n|turn|9\n|\n|t:|1776262372\n|move|p1b: Charizard|Protect|p1b: Charizard\n|-singleturn|p1b: Charizard|Protect\n|move|p2b: Banette|Rain Dance|p2b: Banette\n|-weather|RainDance\n|move|p2a: Basculegion|Wave Crash|p1a: Venusaur\n|-resisted|p1a: Venusaur|1\n|-damage|p1a: Venusaur|0 fnt\n|faint|p1a: Venusaur\n|-damage|p2a: Basculegion|90/100|[from] Recoil\n|\n|-weather|RainDance|[upkeep]\n|upkeep\n|turn|10\n|-message|Yoruwx forfeited.\n|\n|win|larryzang\n|raw|Yoruwx's rating: 1143 &rarr; <strong>1115</strong><br />(-28 for losing)\n|raw|larryzang's rating: 1106 &rarr; <strong>1134</strong><br />(+28 for winning)\n|l|\u2606Yoruwx\n|player|p1|\n",
  "uploadtime": 1776262391,
  "views": 25,
  "formatid": "gen9championsvgc2026regma",
  "rating": 1115,
  "private": 0,
  "password": null
}