{
  "id": "gen9championsvgc2026regma-2585240321",
  "format": "[Gen 9 Champions] VGC 2026 Reg M-A",
  "players": [
    "pongpongpoing",
    "kirbo5500"
  ],
  "log": "|j|\u2606pongpongpoing\n|j|\u2606kirbo5500\n|t:|1776328834\n|gametype|doubles\n|player|p1|pongpongpoing|steven|1124\n|player|p2|kirbo5500|169|1106\n|gen|9\n|tier|[Gen 9 Champions] VGC 2026 Reg M-A\n|rated|\n|rule|Species Clause: Limit one of each Pok\u00e9mon\n|rule|Item Clause: Limit 1 of each item\n|clearpoke\n|poke|p1|Kommo-o, L50, M|\n|poke|p1|Incineroar, L50, F|\n|poke|p1|Kangaskhan, L50, F|\n|poke|p1|Whimsicott, L50, F|\n|poke|p1|Charizard, L50, F|\n|poke|p1|Sylveon, L50, M|\n|poke|p2|Meganium, L50, F|\n|poke|p2|Primarina, L50, F|\n|poke|p2|Incineroar, L50, M|\n|poke|p2|Garchomp, L50, M|\n|poke|p2|Vivillon, L50, F|\n|poke|p2|Lucario, L50, M|\n|teampreview|4\n|\n|t:|1776328872\n|teamsize|p1|4\n|teamsize|p2|4\n|start\n|switch|p1a: Whimsicott|Whimsicott, L50, F|100/100\n|switch|p1b: Charizard|Charizard, L50, F|100/100\n|switch|p2a: Lucario|Lucario, L50, M|100/100\n|switch|p2b: Shorky|Garchomp, L50, M|100/100\n|turn|1\n|\n|t:|1776328885\n|switch|p2a: Incineroar|Incineroar, L50, M|100/100\n|-ability|p2a: Incineroar|Intimidate|boost\n|-unboost|p1a: Whimsicott|atk|1\n|-unboost|p1b: Charizard|atk|1\n|detailschange|p1b: Charizard|Charizard-Mega-Y, L50, F\n|-mega|p1b: Charizard|Charizard|Charizardite Y\n|-weather|SunnyDay|[from] ability: Drought|[of] p1b: Charizard\n|move|p1a: Whimsicott|Tailwind|p1a: Whimsicott\n|-sidestart|p1: pongpongpoing|move: Tailwind\n|move|p1b: Charizard|Heat Wave|p2a: Incineroar|[spread] p2a,p2b\n|-resisted|p2a: Incineroar|1\n|-resisted|p2b: Shorky|1\n|-damage|p2a: Incineroar|72/100\n|-damage|p2b: Shorky|67/100\n|move|p2b: Shorky|Stealth Rock|p1a: Whimsicott\n|-sidestart|p1: pongpongpoing|move: Stealth Rock\n|\n|-weather|SunnyDay|[upkeep]\n|upkeep\n|turn|2\n|\n|t:|1776328910\n|move|p1b: Charizard|Protect|p1b: Charizard\n|-singleturn|p1b: Charizard|Protect\n|move|p2a: Incineroar|Fake Out|p1b: Charizard\n|-activate|p1b: Charizard|move: Protect\n|move|p1a: Whimsicott|Encore|p2b: Shorky\n|-start|p2b: Shorky|Encore\n|move|p2b: Shorky|Stealth Rock||[still]\n|-fail|p2b: Shorky\n|\n|-weather|SunnyDay|[upkeep]\n|upkeep\n|turn|3\n|\n|t:|1776328930\n|switch|p2b: Primarina|Primarina, L50, F|100/100\n|move|p1a: Whimsicott|Fake Tears|p2a: Incineroar\n|-hint|Since gen 7, Dark is immune to Prankster moves.\n|-immune|p2a: Incineroar\n|move|p1b: Charizard|Scorching Sands|p2a: Incineroar\n|-supereffective|p2a: Incineroar|1\n|-damage|p2a: Incineroar|14/100\n|-enditem|p2a: Incineroar|Sitrus Berry|[eat]\n|-heal|p2a: Incineroar|39/100|[from] item: Sitrus Berry\n|move|p2a: Incineroar|Parting Shot|p1b: Charizard\n|-unboost|p1b: Charizard|atk|1\n|-unboost|p1b: Charizard|spa|1\n|\n|t:|1776328943\n|switch|p2a: Shorky|Garchomp, L50, M|67/100|[from] Parting Shot\n|\n|-weather|SunnyDay|[upkeep]\n|upkeep\n|turn|4\n|\n|t:|1776328955\n|move|p2a: Shorky|Protect|p2a: Shorky\n|-singleturn|p2a: Shorky|Protect\n|move|p1a: Whimsicott|Fake Tears|p2b: Primarina\n|-unboost|p2b: Primarina|spd|2\n|move|p1b: Charizard|Solar Beam||[still]\n|-prepare|p1b: Charizard|Solar Beam\n|-anim|p1b: Charizard|Solar Beam|p2b: Primarina\n|-supereffective|p2b: Primarina|1\n|-crit|p2b: Primarina\n|-damage|p2b: Primarina|0 fnt\n|faint|p2b: Primarina\n|\n|-weather|SunnyDay|[upkeep]\n|-sideend|p1: pongpongpoing|move: Tailwind\n|upkeep\n|\n|t:|1776328964\n|switch|p2b: Incineroar|Incineroar, L50, M|39/100\n|-ability|p2b: Incineroar|Intimidate|boost\n|-unboost|p1a: Whimsicott|atk|1\n|-unboost|p1b: Charizard|atk|1\n|turn|5\n|\n|t:|1776328978\n|move|p1b: Charizard|Protect|p1b: Charizard\n|-singleturn|p1b: Charizard|Protect\n|move|p2b: Incineroar|Fake Out|p1a: Whimsicott\n|-damage|p1a: Whimsicott|83/100\n|cant|p1a: Whimsicott|flinch\n|move|p2a: Shorky|Breaking Swipe|p1b: Charizard|[spread] \n|-activate|p1b: Charizard|move: Protect\n|-immune|p1a: Whimsicott\n|\n|-weather|none\n|upkeep\n|turn|6\n|\n|t:|1776329000\n|move|p1a: Whimsicott|Tailwind|p1a: Whimsicott\n|-sidestart|p1: pongpongpoing|move: Tailwind\n|move|p1b: Charizard|Scorching Sands|p2b: Incineroar\n|-supereffective|p2b: Incineroar|1\n|-damage|p2b: Incineroar|3/100\n|move|p2a: Shorky|Breaking Swipe|p1b: Charizard|[spread] p1b\n|-immune|p1a: Whimsicott\n|-damage|p1b: Charizard|59/100\n|-unboost|p1b: Charizard|atk|1\n|move|p2b: Incineroar|Flare Blitz|p1a: Whimsicott\n|-supereffective|p1a: Whimsicott|1\n|-damage|p1a: Whimsicott|0 fnt\n|faint|p1a: Whimsicott\n|-damage|p2b: Incineroar|0 fnt|[from] Recoil\n|faint|p2b: Incineroar\n|\n|upkeep\n|\n|t:|1776329018\n|switch|p1a: Sylveon|Sylveon, L50, M, shiny|100/100\n|switch|p2b: Lucario|Lucario, L50, M|100/100\n|-damage|p1a: Sylveon|88/100|[from] Stealth Rock\n|turn|7\n|\n|t:|1776329037\n|move|p2a: Shorky|Protect|p2a: Shorky\n|-singleturn|p2a: Shorky|Protect\n|move|p1a: Sylveon|Protect|p1a: Sylveon\n|-singleturn|p1a: Sylveon|Protect\n|move|p2b: Lucario|Protect|p2b: Lucario\n|-singleturn|p2b: Lucario|Protect\n|move|p1b: Charizard|Heat Wave|p2b: Lucario|[spread] \n|-activate|p2a: Shorky|move: Protect\n|-activate|p2b: Lucario|move: Protect\n|\n|upkeep\n|turn|8\n|\n|t:|1776329066\n|detailschange|p2b: Lucario|Lucario-Mega, L50, M\n|-mega|p2b: Lucario|Lucario|Lucarionite\n|move|p1b: Charizard|Heat Wave|p2a: Shorky|[spread] p2a,p2b\n|-resisted|p2a: Shorky|1\n|-supereffective|p2b: Lucario|1\n|-damage|p2a: Shorky|51/100\n|-damage|p2b: Lucario|3/100\n|move|p2b: Lucario|Meteor Mash|p1a: Sylveon\n|-supereffective|p1a: Sylveon|1\n|-damage|p1a: Sylveon|0 fnt\n|faint|p1a: Sylveon\n|move|p2a: Shorky|Breaking Swipe|p1b: Charizard\n|-damage|p1b: Charizard|1/100\n|-unboost|p1b: Charizard|atk|1\n|\n|upkeep\n|\n|t:|1776329081\n|switch|p1a: Incineroar|Incineroar, L50, F|100/100\n|-damage|p1a: Incineroar|76/100|[from] Stealth Rock\n|-ability|p1a: Incineroar|Intimidate|boost\n|-unboost|p2a: Shorky|atk|1\n|-unboost|p2b: Lucario|atk|1\n|turn|9\n|\n|t:|1776329101\n|move|p2b: Lucario|Protect|p2b: Lucario\n|-singleturn|p2b: Lucario|Protect\n|move|p1a: Incineroar|Fake Out|p2b: Lucario\n|-activate|p2b: Lucario|move: Protect\n|move|p1b: Charizard|Scorching Sands|p2a: Shorky\n|-damage|p2a: Shorky|31/100\n|move|p2a: Shorky|Breaking Swipe|p1a: Incineroar|[spread] p1a,p1b\n|-damage|p1a: Incineroar|60/100\n|-damage|p1b: Charizard|0 fnt\n|-unboost|p1a: Incineroar|atk|1\n|faint|p1b: Charizard\n|\n|-heal|p1a: Incineroar|66/100|[from] item: Leftovers\n|-sideend|p1: pongpongpoing|move: Tailwind\n|upkeep\n|turn|10\n|\n|t:|1776329127\n|move|p2b: Lucario|Close Combat|p1a: Incineroar\n|-supereffective|p1a: Incineroar|1\n|-damage|p1a: Incineroar|0 fnt\n|-unboost|p2b: Lucario|def|1\n|-unboost|p2b: Lucario|spd|1\n|faint|p1a: Incineroar\n|\n|win|kirbo5500\n|raw|pongpongpoing's rating: 1124 &rarr; <strong>1098</strong><br />(-26 for losing)\n|raw|kirbo5500's rating: 1106 &rarr; <strong>1132</strong><br />(+26 for winning)\n",
  "uploadtime": 1776329133,
  "views": 21,
  "formatid": "gen9championsvgc2026regma",
  "rating": 1098,
  "private": 0,
  "password": null
}