{
  "id": "gen9championsvgc2026regma-2582095522",
  "format": "[Gen 9 Champions] VGC 2026 Reg M-A",
  "players": [
    "Chronostorm21",
    "jaggedcharts27"
  ],
  "log": "|j|\u2606Chronostorm21\n|j|\u2606jaggedcharts27\n|t:|1776057280\n|gametype|doubles\n|player|p1|Chronostorm21|265|1130\n|player|p2|jaggedcharts27|265|1225\n|gen|9\n|tier|[Gen 9 Champions] VGC 2026 Reg M-A\n|rated|\n|rule|Species Clause: Limit one of each Pok\u00e9mon\n|rule|Item Clause: Limit 1 of each item\n|clearpoke\n|poke|p1|Dragonite, L50, F|\n|poke|p1|Politoed, L50, M|\n|poke|p1|Archaludon, L50, F|\n|poke|p1|Sneasler, L50, M|\n|poke|p1|Basculegion, L50, M|\n|poke|p1|Meganium, L50, M|\n|poke|p2|Palafin, L50, F|\n|poke|p2|Pelipper, L50, F|\n|poke|p2|Sneasler, L50, M|\n|poke|p2|Sinistcha, L50|\n|poke|p2|Kangaskhan, L50, F|\n|poke|p2|Dragapult, L50, F|\n|teampreview|4\n|inactive|Battle timer is ON: inactive players will automatically lose when time's up. (requested by jaggedcharts27)\n|\n|t:|1776057344\n|teamsize|p1|4\n|teamsize|p2|4\n|start\n|switch|p1a: Politoed|Politoed, L50, M|100/100\n|switch|p1b: Archaludon|Archaludon, L50, F|100/100\n|switch|p2a: Kangaskhan|Kangaskhan, L50, F|100/100\n|switch|p2b: Dragapult|Dragapult, L50, F|100/100\n|-weather|RainDance|[from] ability: Drizzle|[of] p1a: Politoed\n|turn|1\n|inactive|Chronostorm21 has 30 seconds left.\n|inactive|Chronostorm21 has 20 seconds left.\n|inactive|jaggedcharts27 has 30 seconds left.\n|\n|t:|1776057392\n|detailschange|p2a: Kangaskhan|Kangaskhan-Mega, L50, F\n|-mega|p2a: Kangaskhan|Kangaskhan|Kangaskhanite\n|move|p1b: Archaludon|Protect|p1b: Archaludon\n|-singleturn|p1b: Archaludon|Protect\n|move|p2b: Dragapult|U-turn|p1a: Politoed\n|-damage|p1a: Politoed|73/100\n|\n|t:|1776057399\n|switch|p2b: Sneasler|Sneasler, L50, M|100/100|[from] U-turn\n|move|p2a: Kangaskhan|Body Slam|p1a: Politoed\n|-damage|p1a: Politoed|14/100\n|-status|p1a: Politoed|par\n|-damage|p1a: Politoed|2/100 par\n|-hitcount|p1a: Politoed|2\n|move|p1a: Politoed|Icy Wind|p2b: Sneasler|[spread] p2a,p2b\n|-damage|p2a: Kangaskhan|92/100\n|-damage|p2b: Sneasler|87/100\n|-unboost|p2a: Kangaskhan|spe|1\n|-unboost|p2b: Sneasler|spe|1\n|-enditem|p2b: Sneasler|White Herb\n|-clearnegativeboost|p2b: Sneasler|[silent]\n|\n|-weather|RainDance|[upkeep]\n|-heal|p1a: Politoed|8/100 par|[from] item: Leftovers\n|upkeep\n|turn|2\n|inactive|Chronostorm21 has 30 seconds left.\n|inactive|jaggedcharts27 has 30 seconds left.\n|inactive|jaggedcharts27 has 20 seconds left.\n|\n|t:|1776057435\n|switch|p1b: Basculegion|Basculegion, L50, M|100/100\n|move|p1a: Politoed|Protect|p1a: Politoed\n|-singleturn|p1a: Politoed|Protect\n|move|p2b: Sneasler|Close Combat|p1b: Basculegion\n|-immune|p1b: Basculegion\n|move|p2a: Kangaskhan|Crunch|p1a: Politoed\n|-activate|p1a: Politoed|move: Protect\n|\n|-weather|RainDance|[upkeep]\n|-heal|p1a: Politoed|14/100 par|[from] item: Leftovers\n|upkeep\n|turn|3\n|inactive|Chronostorm21 has 30 seconds left.\n|inactive|jaggedcharts27 has 30 seconds left.\n|\n|t:|1776057469\n|switch|p1a: Archaludon|Archaludon, L50, F|100/100\n|move|p2b: Sneasler|Dire Claw|p1b: Basculegion\n|-resisted|p1b: Basculegion|1\n|-damage|p1b: Basculegion|75/100\n|move|p1b: Basculegion|Psychic Fangs|p2b: Sneasler\n|-supereffective|p2b: Sneasler|2\n|-damage|p2b: Sneasler|0 fnt\n|faint|p2b: Sneasler\n|move|p2a: Kangaskhan|Crunch|p1b: Basculegion\n|-supereffective|p1b: Basculegion|1\n|-damage|p1b: Basculegion|8/100\n|-unboost|p1b: Basculegion|def|1\n|-supereffective|p1b: Basculegion|1\n|-damage|p1b: Basculegion|0 fnt\n|faint|p1b: Basculegion\n|-hitcount|p1: Basculegion|2\n|\n|-weather|RainDance|[upkeep]\n|upkeep\n|inactive|jaggedcharts27 has 30 seconds left.\n|inactive|jaggedcharts27 has 20 seconds left.\n|\n|t:|1776057506\n|switch|p2b: Sinistcha|Sinistcha, L50|100/100\n|switch|p1b: Dragonite|Dragonite, L50, F, shiny|100/100\n|-heal|p2a: Kangaskhan|100/100|[from] ability: Hospitality|[of] p2b: Sinistcha\n|turn|4\n|\n|t:|1776057526\n|detailschange|p1b: Dragonite|Dragonite-Mega, L50, F, shiny\n|-mega|p1b: Dragonite|Dragonite|Dragoninite\n|move|p2b: Sinistcha|Rage Powder|p2b: Sinistcha\n|-singleturn|p2b: Sinistcha|move: Rage Powder\n|move|p1b: Dragonite|Hurricane|p2b: Sinistcha\n|-supereffective|p2b: Sinistcha|1\n|-damage|p2b: Sinistcha|0 fnt\n|faint|p2b: Sinistcha\n|move|p1a: Archaludon|Electro Shot||[still]\n|-prepare|p1a: Archaludon|Electro Shot\n|-boost|p1a: Archaludon|spa|1\n|-anim|p1a: Archaludon|Electro Shot|p2a: Kangaskhan\n|-damage|p2a: Kangaskhan|44/100\n|move|p2a: Kangaskhan|Drain Punch|p1a: Archaludon\n|-supereffective|p1a: Archaludon|1\n|-damage|p1a: Archaludon|59/100\n|-heal|p2a: Kangaskhan|64/100|[from] drain|[of] p1a: Archaludon\n|-ability|p1a: Archaludon|Stamina|boost\n|-boost|p1a: Archaludon|def|1\n|-supereffective|p1a: Archaludon|1\n|-damage|p1a: Archaludon|53/100\n|-heal|p2a: Kangaskhan|67/100|[from] drain|[of] p1a: Archaludon\n|-ability|p1a: Archaludon|Stamina|boost\n|-boost|p1a: Archaludon|def|1\n|-hitcount|p1a: Archaludon|2\n|\n|-weather|RainDance|[upkeep]\n|upkeep\n|\n|t:|1776057541\n|switch|p2b: Dragapult|Dragapult, L50, F|100/100\n|turn|5\n|inactive|Chronostorm21 has 30 seconds left.\n|inactive|Chronostorm21 has 20 seconds left.\n|\n|t:|1776057579\n|move|p1a: Archaludon|Protect|p1a: Archaludon\n|-singleturn|p1a: Archaludon|Protect\n|move|p2b: Dragapult|Dragon Darts|p1b: Dragonite\n|-supereffective|p1b: Dragonite|1\n|-damage|p1b: Dragonite|78/100\n|-anim|p2b: Dragapult|Dragon Darts|p1b: Dragonite\n|-supereffective|p1b: Dragonite|1\n|-damage|p1b: Dragonite|23/100\n|move|p1b: Dragonite|Draco Meteor|p2b: Dragapult|[miss]\n|-miss|p1b: Dragonite|p2b: Dragapult\n|move|p2a: Kangaskhan|Body Slam|p1b: Dragonite\n|-damage|p1b: Dragonite|0 fnt\n|faint|p1b: Dragonite\n|-hitcount|p1: Dragonite|1\n|\n|-weather|none\n|upkeep\n|\n|t:|1776057595\n|switch|p1b: Politoed|Politoed, L50, M|14/100 par\n|-weather|RainDance|[from] ability: Drizzle|[of] p1b: Politoed\n|turn|6\n|\n|t:|1776057606\n|move|p1b: Politoed|Helping Hand|p1a: Archaludon\n|-singleturn|p1a: Archaludon|Helping Hand|[of] p1b: Politoed\n|move|p2b: Dragapult|Phantom Force||[still]\n|-prepare|p2b: Dragapult|Phantom Force\n|move|p1a: Archaludon|Dragon Pulse|p2b: Dragapult|[miss]\n|-miss|p1a: Archaludon|p2b: Dragapult\n|move|p2a: Kangaskhan|Drain Punch|p1a: Archaludon\n|-supereffective|p1a: Archaludon|1\n|-damage|p1a: Archaludon|31/100\n|-heal|p2a: Kangaskhan|76/100|[from] drain|[of] p1a: Archaludon\n|-ability|p1a: Archaludon|Stamina|boost\n|-boost|p1a: Archaludon|def|1\n|-enditem|p1a: Archaludon|Sitrus Berry|[eat]\n|-heal|p1a: Archaludon|56/100|[from] item: Sitrus Berry\n|-supereffective|p1a: Archaludon|1\n|-damage|p1a: Archaludon|52/100\n|-heal|p2a: Kangaskhan|78/100|[from] drain|[of] p1a: Archaludon\n|-ability|p1a: Archaludon|Stamina|boost\n|-boost|p1a: Archaludon|def|1\n|-hitcount|p1a: Archaludon|2\n|\n|-weather|RainDance|[upkeep]\n|-heal|p1b: Politoed|20/100 par|[from] item: Leftovers\n|upkeep\n|turn|7\n|inactive|Chronostorm21 has 30 seconds left.\n|inactive|jaggedcharts27 has 30 seconds left.\n|\n|t:|1776057639\n|move|p1b: Politoed|Helping Hand|p1a: Archaludon\n|-singleturn|p1a: Archaludon|Helping Hand|[of] p1b: Politoed\n|move|p2b: Dragapult|Phantom Force|p1a: Archaludon|[from] lockedmove\n|-damage|p1a: Archaludon|40/100\n|-ability|p1a: Archaludon|Stamina|boost\n|-boost|p1a: Archaludon|def|1\n|move|p1a: Archaludon|Dragon Pulse|p2b: Dragapult\n|-supereffective|p2b: Dragapult|1\n|-damage|p2b: Dragapult|0 fnt\n|faint|p2b: Dragapult\n|move|p2a: Kangaskhan|Drain Punch|p1a: Archaludon\n|-supereffective|p1a: Archaludon|1\n|-damage|p1a: Archaludon|27/100\n|-heal|p2a: Kangaskhan|84/100|[from] drain|[of] p1a: Archaludon\n|-ability|p1a: Archaludon|Stamina|boost\n|-boost|p1a: Archaludon|def|1\n|-supereffective|p1a: Archaludon|1\n|-damage|p1a: Archaludon|25/100\n|-heal|p2a: Kangaskhan|85/100|[from] drain|[of] p1a: Archaludon\n|-hitcount|p1a: Archaludon|2\n|\n|-weather|RainDance|[upkeep]\n|-heal|p1b: Politoed|26/100 par|[from] item: Leftovers\n|upkeep\n|turn|8\n|\n|t:|1776057657\n|move|p1a: Archaludon|Electro Shot||[still]\n|-prepare|p1a: Archaludon|Electro Shot\n|-boost|p1a: Archaludon|spa|1\n|-anim|p1a: Archaludon|Electro Shot|p2a: Kangaskhan\n|-damage|p2a: Kangaskhan|17/100\n|move|p2a: Kangaskhan|Drain Punch|p1a: Archaludon\n|-supereffective|p1a: Archaludon|1\n|-damage|p1a: Archaludon|15/100\n|-heal|p2a: Kangaskhan|21/100|[from] drain|[of] p1a: Archaludon\n|-supereffective|p1a: Archaludon|1\n|-damage|p1a: Archaludon|12/100\n|-heal|p2a: Kangaskhan|23/100|[from] drain|[of] p1a: Archaludon\n|-hitcount|p1a: Archaludon|2\n|move|p1b: Politoed|Weather Ball|p2a: Kangaskhan\n|-damage|p2a: Kangaskhan|0 fnt\n|faint|p2a: Kangaskhan\n|\n|win|Chronostorm21\n|raw|Chronostorm21's rating: 1130 &rarr; <strong>1162</strong><br />(+32 for winning)\n|raw|jaggedcharts27's rating: 1225 &rarr; <strong>1193</strong><br />(-32 for losing)\n|l|\u2606jaggedcharts27\n|player|p2|\n|c|\u2606Chronostorm21|Gg\n",
  "uploadtime": 1776057695,
  "views": 14,
  "formatid": "gen9championsvgc2026regma",
  "rating": 1162,
  "private": 0,
  "password": null
}