{
  "id": "gen9championsvgc2026regma-2580861296",
  "format": "[Gen 9 Champions] VGC 2026 Reg M-A",
  "players": [
    "Sammy6767",
    "Michael YunGOOBian"
  ],
  "log": "|j|\u2606Sammy6767\n|j|\u2606Michael YunGOOBian\n|t:|1775938515\n|gametype|doubles\n|player|p1|Sammy6767|266|1078\n|player|p2|Michael YunGOOBian|benga|1028\n|gen|9\n|tier|[Gen 9 Champions] VGC 2026 Reg M-A\n|rated|\n|rule|Species Clause: Limit one of each Pok\u00e9mon\n|rule|Item Clause: Limit 1 of each item\n|clearpoke\n|poke|p1|Glimmora, L50, F|\n|poke|p1|Whimsicott, L50, M|\n|poke|p1|Gyarados, L50, F|\n|poke|p1|Incineroar, L50, F|\n|poke|p1|Sneasler, L50, M|\n|poke|p1|Kingambit, L50, M|\n|poke|p2|Hatterene, L50, F|\n|poke|p2|Oranguru, L50, M|\n|poke|p2|Golurk, L50|\n|poke|p2|Clefable, L50, F|\n|poke|p2|Hydreigon, L50, F|\n|poke|p2|Torkoal, L50, M|\n|teampreview|4\n|\n|t:|1775938578\n|teamsize|p1|4\n|teamsize|p2|4\n|start\n|switch|p1a: Gyarados|Gyarados, L50, F|100/100\n|switch|p1b: Kingambit|Kingambit, L50, M|100/100\n|switch|p2a: Oranguru|Oranguru, L50, M|100/100\n|switch|p2b: Golurk|Golurk, L50|100/100\n|-ability|p1a: Gyarados|Intimidate|boost\n|-fail|p2a: Oranguru|unboost|Attack|[from] ability: Inner Focus|[of] p2a: Oranguru\n|-unboost|p2b: Golurk|atk|1\n|turn|1\n|\n|t:|1775938610\n|switch|p2a: Clefable|Clefable, L50, F|100/100\n|move|p1a: Gyarados|Waterfall|p2a: Clefable\n|-damage|p2a: Clefable|48/100\n|move|p2b: Golurk|Headlong Rush|p1b: Kingambit\n|-supereffective|p1b: Kingambit|1\n|-damage|p1b: Kingambit|25/100\n|-unboost|p2b: Golurk|def|1\n|-unboost|p2b: Golurk|spd|1\n|move|p1b: Kingambit|Kowtow Cleave|p2a: Clefable\n|-resisted|p2a: Clefable|1\n|-damage|p2a: Clefable|16/100\n|\n|upkeep\n|turn|2\n|inactive|Battle timer is ON: inactive players will automatically lose when time's up. (requested by Sammy6767)\n|\n|t:|1775938664\n|switch|p1b: Whimsicott|Whimsicott, L50, M|100/100\n|detailschange|p2b: Golurk|Golurk-Mega, L50\n|-mega|p2b: Golurk|Golurk|Golurkite\n|move|p2a: Clefable|Helping Hand|p2b: Golurk\n|-singleturn|p2b: Golurk|Helping Hand|[of] p2a: Clefable\n|move|p1a: Gyarados|Dragon Dance|p1a: Gyarados\n|-boost|p1a: Gyarados|atk|1\n|-boost|p1a: Gyarados|spe|1\n|move|p2b: Golurk|Thunder Punch|p1a: Gyarados\n|-supereffective|p1a: Gyarados|2\n|-damage|p1a: Gyarados|0 fnt\n|faint|p1a: Gyarados\n|\n|upkeep\n|\n|t:|1775938678\n|switch|p1a: Glimmora|Glimmora, L50, F|100/100\n|turn|3\n|\n|t:|1775938690\n|detailschange|p1a: Glimmora|Glimmora-Mega, L50, F\n|-mega|p1a: Glimmora|Glimmora|Glimmoranite\n|move|p2a: Clefable|Helping Hand|p2b: Golurk\n|-singleturn|p2b: Golurk|Helping Hand|[of] p2a: Clefable\n|move|p1b: Whimsicott|Fake Tears|p2b: Golurk\n|-unboost|p2b: Golurk|spd|2\n|move|p1a: Glimmora|Earth Power|p2b: Golurk\n|-damage|p2b: Golurk|13/100\n|move|p2b: Golurk|Headlong Rush|p1a: Glimmora\n|-supereffective|p1a: Glimmora|2\n|-damage|p1a: Glimmora|0 fnt\n|-unboost|p2b: Golurk|def|1\n|-unboost|p2b: Golurk|spd|1\n|faint|p1a: Glimmora\n|\n|upkeep\n|inactive|Sammy6767 has 30 seconds left.\n|inactive|Sammy6767 has 20 seconds left.\n|c|\u2606Sammy6767|-3 LIVE\n|\n|t:|1775938729\n|switch|p1a: Kingambit|Kingambit, L50, M|25/100\n|turn|4\n|\n|t:|1775938744\n|move|p2a: Clefable|Follow Me|p2a: Clefable\n|-singleturn|p2a: Clefable|move: Follow Me\n|move|p1b: Whimsicott|Tailwind|p1b: Whimsicott\n|-sidestart|p1: Sammy6767|move: Tailwind\n|move|p1a: Kingambit|Sucker Punch||[still]\n|-fail|p1a: Kingambit\n|move|p2b: Golurk|Drain Punch|p1a: Kingambit\n|-supereffective|p1a: Kingambit|2\n|-damage|p1a: Kingambit|0 fnt\n|-heal|p2b: Golurk|24/100|[from] drain|[of] p1a: Kingambit\n|faint|p1a: Kingambit\n|\n|upkeep\n|turn|5\n|inactive|Sammy6767 has 30 seconds left.\n|inactive|Michael YunGOOBian has 30 seconds left.\n|-message|Sammy6767 forfeited.\n|\n|win|Michael YunGOOBian\n|raw|Sammy6767's rating: 1078 &rarr; <strong>1053</strong><br />(-25 for losing)\n|raw|Michael YunGOOBian's rating: 1028 &rarr; <strong>1069</strong><br />(+41 for winning)\n|l|\u2606Sammy6767\n|player|p1|\n",
  "uploadtime": 1775938835,
  "views": 13,
  "formatid": "gen9championsvgc2026regma",
  "rating": 1053,
  "private": 0,
  "password": null
}