{
  "id": "gen9championsvgc2026regma-2588496989",
  "format": "[Gen 9 Champions] VGC 2026 Reg M-A",
  "players": [
    "sdlt 2krl coolguy",
    "tekky-technician"
  ],
  "log": "|raw|<div class=\"broadcast-blue\"><strong>This battle is required to be public due to a player having a name starting with 'sdlt'.</div>\n|j|\u2606sdlt 2krl coolguy\n|j|\u2606tekky-technician\n|t:|1776638865\n|gametype|doubles\n|player|p1|sdlt 2krl coolguy|leon-masters2|1263\n|player|p2|tekky-technician|psychicfjp-gen3|1248\n|gen|9\n|tier|[Gen 9 Champions] VGC 2026 Reg M-A\n|rated|\n|rule|Species Clause: Limit one of each Pok\u00e9mon\n|rule|Item Clause: Limit 1 of each item\n|clearpoke\n|poke|p1|Incineroar, L50, M|\n|poke|p1|Hatterene, L50, F, shiny|\n|poke|p1|Farigiraf, L50, M|\n|poke|p1|Torkoal, L50, F, shiny|\n|poke|p1|Kingambit, L50, M|\n|poke|p1|Charizard, L50, M|\n|poke|p2|Froslass, L50, F|\n|poke|p2|Araquanid, L50, M, shiny|\n|poke|p2|Crabominable, L50, M|\n|poke|p2|Slowking, L50, M|\n|poke|p2|Talonflame, L50, F|\n|poke|p2|Primarina, L50, M, shiny|\n|teampreview|4\n|inactive|Battle timer is ON: inactive players will automatically lose when time's up. (requested by sdlt 2krl coolguy)\n|inactive|tekky-technician has 60 seconds left.\n|inactive|sdlt 2krl coolguy has 60 seconds left.\n|\n|t:|1776638912\n|teamsize|p1|4\n|teamsize|p2|4\n|start\n|switch|p1a: Charizard|Charizard, L50, M|100/100\n|switch|p1b: Incineroar|Incineroar, L50, M|100/100\n|switch|p2a: Talonflame|Talonflame, L50, F|100/100\n|switch|p2b: Araquanid|Araquanid, L50, M, shiny|100/100\n|-ability|p1b: Incineroar|Intimidate|boost\n|-unboost|p2a: Talonflame|atk|1\n|-unboost|p2b: Araquanid|atk|1\n|turn|1\n|\n|t:|1776638926\n|detailschange|p1a: Charizard|Charizard-Mega-Y, L50, M\n|-mega|p1a: Charizard|Charizard|Charizardite Y\n|-weather|SunnyDay|[from] ability: Drought|[of] p1a: Charizard\n|move|p1b: Incineroar|Fake Out|p2a: Talonflame\n|-damage|p2a: Talonflame|80/100\n|cant|p2a: Talonflame|flinch\n|move|p1a: Charizard|Solar Beam||[still]\n|-prepare|p1a: Charizard|Solar Beam\n|-anim|p1a: Charizard|Solar Beam|p2b: Araquanid\n|-damage|p2b: Araquanid|68/100\n|move|p2b: Araquanid|Liquidation|p1a: Charizard\n|-supereffective|p1a: Charizard|1\n|-damage|p1a: Charizard|42/100\n|\n|-weather|SunnyDay|[upkeep]\n|upkeep\n|turn|2\n|\n|t:|1776638947\n|switch|p1a: Kingambit|Kingambit, L50, M|100/100\n|move|p2a: Talonflame|Rain Dance|p2a: Talonflame\n|-weather|RainDance\n|move|p1b: Incineroar|Darkest Lariat|p2b: Araquanid\n|-damage|p2b: Araquanid|21/100\n|move|p2b: Araquanid|Liquidation|p1a: Kingambit\n|-damage|p1a: Kingambit|46/100\n|\n|-weather|RainDance|[upkeep]\n|upkeep\n|turn|3\n|\n|t:|1776638958\n|move|p1a: Kingambit|Sucker Punch|p2b: Araquanid\n|-damage|p2b: Araquanid|0 fnt\n|faint|p2b: Araquanid\n|move|p2a: Talonflame|Overheat|p1a: Kingambit\n|-supereffective|p1a: Kingambit|1\n|-damage|p1a: Kingambit|9/100\n|-unboost|p2a: Talonflame|spa|2\n|move|p1b: Incineroar|Darkest Lariat|p2a: Talonflame\n|-damage|p2a: Talonflame|15/100\n|\n|-weather|RainDance|[upkeep]\n|upkeep\n|\n|t:|1776638966\n|switch|p2b: Primarina|Primarina, L50, M, shiny|100/100\n|turn|4\n|\n|t:|1776638989\n|switch|p2a: Slowking|Slowking, L50, M|100/100\n|switch|p1b: Torkoal|Torkoal, L50, F, shiny|100/100\n|-weather|SunnyDay|[from] ability: Drought|[of] p1b: Torkoal\n|move|p2b: Primarina|Hyper Voice|p1a: Kingambit|[spread] p1a,p1b\n|-supereffective|p1b: Torkoal|1\n|-crit|p1b: Torkoal\n|-damage|p1a: Kingambit|0 fnt\n|-damage|p1b: Torkoal|23/100\n|faint|p1a: Kingambit\n|\n|-weather|SunnyDay|[upkeep]\n|upkeep\n|\n|t:|1776639002\n|switch|p1a: Incineroar|Incineroar, L50, M|100/100\n|-ability|p1a: Incineroar|Intimidate|boost\n|-fail|p2a: Slowking|unboost|Attack|[from] ability: Oblivious|[of] p2a: Slowking\n|-unboost|p2b: Primarina|atk|1\n|turn|5\n|\n|t:|1776639009\n|move|p2b: Primarina|Hyper Voice|p1a: Incineroar|[spread] p1a,p1b\n|-supereffective|p1a: Incineroar|1\n|-supereffective|p1b: Torkoal|1\n|-damage|p1a: Incineroar|70/100\n|-damage|p1b: Torkoal|0 fnt\n|faint|p1b: Torkoal\n|move|p1a: Incineroar|Darkest Lariat|p2a: Slowking\n|-supereffective|p2a: Slowking|1\n|-enditem|p2a: Slowking|Colbur Berry|[eat]\n|-enditem|p2a: Slowking|Colbur Berry|[weaken]\n|-damage|p2a: Slowking|57/100\n|-prepare|p2a: Slowking|Chilly Reception|[premajor]\n|move|p2a: Slowking|Chilly Reception|p2a: Slowking\n|-weather|Snowscape\n|\n|t:|1776639020\n|switch|p2a: Talonflame|Talonflame, L50, F|15/100|[from] Chilly Reception\n|\n|-weather|Snowscape|[upkeep]\n|upkeep\n|\n|t:|1776639022\n|switch|p1b: Charizard|Charizard-Mega-Y, L50, M|42/100\n|-weather|SunnyDay|[from] ability: Drought|[of] p1b: Charizard\n|turn|6\n|\n|t:|1776639032\n|move|p2a: Talonflame|Rain Dance|p2a: Talonflame\n|-weather|RainDance\n|move|p1b: Charizard|Solar Beam||[still]\n|-prepare|p1b: Charizard|Solar Beam\n|move|p2b: Primarina|Hyper Voice|p1a: Incineroar|[spread] p1a,p1b\n|-supereffective|p1a: Incineroar|1\n|-supereffective|p1b: Charizard|1\n|-damage|p1a: Incineroar|0 fnt\n|-damage|p1b: Charizard|0 fnt\n|faint|p1a: Incineroar\n|faint|p1b: Charizard\n|\n|win|tekky-technician\n|raw|sdlt 2krl coolguy's rating: 1263 &rarr; <strong>1237</strong><br />(-26 for losing)\n|raw|tekky-technician's rating: 1248 &rarr; <strong>1274</strong><br />(+26 for winning)\n",
  "uploadtime": 1776639033,
  "views": 12,
  "formatid": "gen9championsvgc2026regma",
  "rating": 1237,
  "private": 0,
  "password": null
}