{
  "id": "gen9championsvgc2026regma-2586186483",
  "format": "[Gen 9 Champions] VGC 2026 Reg M-A",
  "players": [
    "Kaironomnom",
    "AAAlelele"
  ],
  "log": "|j|\u2606Kaironomnom\n|j|\u2606AAAlelele\n|t:|1776409935\n|gametype|doubles\n|player|p1|Kaironomnom|steven-masters2|1063\n|player|p2|AAAlelele|ninjaboy|1132\n|gen|9\n|tier|[Gen 9 Champions] VGC 2026 Reg M-A\n|rated|\n|rule|Species Clause: Limit one of each Pok\u00e9mon\n|rule|Item Clause: Limit 1 of each item\n|clearpoke\n|poke|p1|Froslass, L50, F|\n|poke|p1|Milotic, L50, M|\n|poke|p1|Ninetales-Alola, L50, F|\n|poke|p1|Sneasler, L50, M|\n|poke|p1|Incineroar, L50, F|\n|poke|p1|Whimsicott, L50, F|\n|poke|p2|Floette-Eternal, L50, F|\n|poke|p2|Sneasler, L50, M|\n|poke|p2|Kingambit, L50, M|\n|poke|p2|Farigiraf, L50, M|\n|poke|p2|Camerupt, L50, F|\n|poke|p2|Rotom-Heat, L50|\n|teampreview|4\nKaironomnom has agreed to open team sheets.\n|inactive|Battle timer is ON: inactive players will automatically lose when time's up. (requested by Kaironomnom)\n|inactiveoff|Battle timer is now OFF.\n|\n|t:|1776409974\n|teamsize|p1|4\n|teamsize|p2|4\n|start\n|switch|p1a: Incineroar|Incineroar, L50, F|100/100\n|switch|p1b: Ninetales|Ninetales-Alola, L50, F|100/100\n|switch|p2a: Farigiraf|Farigiraf, L50, M|100/100\n|switch|p2b: Sneasler|Sneasler, L50, M|100/100\n|-weather|Snowscape|[from] ability: Snow Warning|[of] p1b: Ninetales\n|-ability|p1a: Incineroar|Intimidate|boost\n|-unboost|p2a: Farigiraf|atk|1\n|-unboost|p2b: Sneasler|atk|1\n|-enditem|p2b: Sneasler|White Herb\n|-clearnegativeboost|p2b: Sneasler|[silent]\n|turn|1\n|\n|t:|1776409993\n|switch|p1a: Froslass|Froslass, L50, F|100/100\n|move|p2b: Sneasler|Fake Out|p1b: Ninetales\n|-damage|p1b: Ninetales|90/100\n|cant|p1b: Ninetales|flinch\n|move|p2a: Farigiraf|Trick Room|p2a: Farigiraf\n|-fieldstart|move: Trick Room|[of] p2a: Farigiraf\n|\n|-weather|Snowscape|[upkeep]\n|upkeep\n|turn|2\n|\n|t:|1776410021\n|switch|p1b: Incineroar|Incineroar, L50, F|100/100\n|-ability|p1b: Incineroar|Intimidate|boost\n|-unboost|p2a: Farigiraf|atk|1\n|-unboost|p2b: Sneasler|atk|1\n|detailschange|p1a: Froslass|Froslass-Mega, L50, F\n|-mega|p1a: Froslass|Froslass|Froslassite\n|move|p2a: Farigiraf|Psychic|p1b: Incineroar\n|-immune|p1b: Incineroar\n|move|p1a: Froslass|Shadow Ball|p2b: Sneasler\n|-damage|p2b: Sneasler|45/100\n|move|p2b: Sneasler|U-turn|p1a: Froslass\n|-resisted|p1a: Froslass|1\n|-damage|p1a: Froslass|92/100\n|\n|t:|1776410032\n|switch|p2b: Camerupt|Camerupt, L50, F|100/100|[from] U-turn\n|\n|-weather|Snowscape|[upkeep]\n|upkeep\n|turn|3\n|\n|t:|1776410044\n|detailschange|p2b: Camerupt|Camerupt-Mega, L50, F\n|-mega|p2b: Camerupt|Camerupt|Cameruptite\n|move|p2a: Farigiraf|Helping Hand|p2b: Camerupt\n|-singleturn|p2b: Camerupt|Helping Hand|[of] p2a: Farigiraf\n|move|p2b: Camerupt|Eruption|p1b: Incineroar|[spread] p1a,p1b\n|-supereffective|p1a: Froslass|1\n|-resisted|p1b: Incineroar|1\n|-damage|p1a: Froslass|0 fnt\n|-damage|p1b: Incineroar|59/100\n|faint|p1a: Froslass\n|move|p1b: Incineroar|Darkest Lariat|p2a: Farigiraf\n|-supereffective|p2a: Farigiraf|1\n|-enditem|p2a: Farigiraf|Colbur Berry|[eat]\n|-enditem|p2a: Farigiraf|Colbur Berry|[weaken]\n|-damage|p2a: Farigiraf|58/100\n|\n|-weather|Snowscape|[upkeep]\n|upkeep\n|\n|t:|1776410057\n|switch|p1a: Ninetales|Ninetales-Alola, L50, F|90/100\n|turn|4\n|-activate|p1a: Ninetales|item: Quick Claw\n|\n|t:|1776410064\n|move|p2a: Farigiraf|Helping Hand|p2b: Camerupt\n|-singleturn|p2b: Camerupt|Helping Hand|[of] p2a: Farigiraf\n|move|p1a: Ninetales|Aurora Veil|p1a: Ninetales\n|-sidestart|p1: Kaironomnom|move: Aurora Veil\n|move|p2b: Camerupt|Eruption|p1b: Incineroar|[spread] p1a,p1b\n|-supereffective|p1a: Ninetales|1\n|-resisted|p1b: Incineroar|1\n|-damage|p1a: Ninetales|0 fnt\n|-damage|p1b: Incineroar|28/100\n|-enditem|p1b: Incineroar|Sitrus Berry|[eat]\n|-heal|p1b: Incineroar|52/100|[from] item: Sitrus Berry\n|faint|p1a: Ninetales\n|move|p1b: Incineroar|Parting Shot|p2b: Camerupt\n|-unboost|p2b: Camerupt|atk|1\n|-unboost|p2b: Camerupt|spa|1\n|\n|t:|1776410076\n|switch|p1b: Whimsicott|Whimsicott, L50, F|100/100|[from] Parting Shot\n|\n|-weather|Snowscape|[upkeep]\n|upkeep\n|\n|t:|1776410081\n|switch|p1a: Incineroar|Incineroar, L50, F|52/100\n|-ability|p1a: Incineroar|Intimidate|boost\n|-unboost|p2a: Farigiraf|atk|1\n|-unboost|p2b: Camerupt|atk|1\n|turn|5\n|\n|t:|1776410097\n|move|p2b: Camerupt|Eruption|p1b: Whimsicott|[spread] p1a,p1b\n|-resisted|p1a: Incineroar|1\n|-supereffective|p1b: Whimsicott|1\n|-damage|p1a: Incineroar|40/100\n|-damage|p1b: Whimsicott|6/100\n|move|p1a: Incineroar|Darkest Lariat|p2b: Camerupt\n|-damage|p2b: Camerupt|58/100\n|move|p2a: Farigiraf|Hyper Voice|p1a: Incineroar|[spread] p1a,p1b\n|-damage|p1a: Incineroar|19/100\n|-damage|p1b: Whimsicott|0 fnt\n|faint|p1b: Whimsicott\n|\n|-weather|none\n|-fieldend|move: Trick Room\n|upkeep\n|turn|6\n|\n|t:|1776410115\n|move|p2a: Farigiraf|Hyper Voice|p1a: Incineroar\n|-damage|p1a: Incineroar|0 fnt\n|faint|p1a: Incineroar\n|\n|win|AAAlelele\n|raw|Kaironomnom's rating: 1063 &rarr; <strong>1047</strong><br />(-16 for losing)\n|raw|AAAlelele's rating: 1132 &rarr; <strong>1152</strong><br />(+20 for winning)\n|l|\u2606Kaironomnom\n|player|p1|\n",
  "uploadtime": 1776410134,
  "views": 15,
  "formatid": "gen9championsvgc2026regma",
  "rating": 1047,
  "private": 0,
  "password": null
}