{
  "id": "gen9championsvgc2026regma-2581048247",
  "format": "[Gen 9 Champions] VGC 2026 Reg M-A",
  "players": [
    "Starfeather",
    "JavierAHA2"
  ],
  "log": "|j|\u2606Starfeather\n|j|\u2606JavierAHA2\n|t:|1775954984\n|gametype|doubles\n|player|p1|Starfeather|266|1206\n|player|p2|JavierAHA2|biker-gen4|1168\n|gen|9\n|tier|[Gen 9 Champions] VGC 2026 Reg M-A\n|rated|\n|rule|Species Clause: Limit one of each Pok\u00e9mon\n|rule|Item Clause: Limit 1 of each item\n|clearpoke\n|poke|p1|Pelipper, L50, F|\n|poke|p1|Dragonite, L50, M|\n|poke|p1|Archaludon, L50, F|\n|poke|p1|Basculegion, L50, M|\n|poke|p1|Starmie, L50|\n|poke|p1|Raichu, L50, M|\n|poke|p2|Farigiraf, L50, F|\n|poke|p2|Heracross, L50, M|\n|poke|p2|Incineroar, L50, M|\n|poke|p2|Sylveon, L50, F|\n|poke|p2|Slowking-Galar, L50, F|\n|poke|p2|Kingambit, L50, F|\n|teampreview|4\n|inactive|Battle timer is ON: inactive players will automatically lose when time's up. (requested by Starfeather)\n|\n|t:|1775955041\n|teamsize|p1|4\n|teamsize|p2|4\n|start\n|switch|p1a: Raichu|Raichu, L50, M|100/100\n|switch|p1b: Starmie|Starmie, L50|100/100\n|switch|p2a: Farigiraf|Farigiraf, L50, F, shiny|100/100\n|switch|p2b: Incineroar|Incineroar, L50, M|100/100\n|-ability|p2b: Incineroar|Intimidate|boost\n|-unboost|p1a: Raichu|atk|1\n|-unboost|p1b: Starmie|atk|1\n|turn|1\n|inactive|Starfeather has 30 seconds left.\n|inactive|JavierAHA2 has 30 seconds left.\n|inactive|Starfeather has 20 seconds left.\n|inactive|Starfeather has 15 seconds left.\n|\n|t:|1775955084\n|move|p1b: Starmie|Protect|p1b: Starmie\n|-singleturn|p1b: Starmie|Protect\n|move|p1a: Raichu|Protect|p1a: Raichu\n|-singleturn|p1a: Raichu|Protect\n|move|p2b: Incineroar|Fake Out|p1b: Starmie\n|-activate|p1b: Starmie|move: Protect\n|move|p2a: Farigiraf|Trick Room|p2a: Farigiraf\n|-fieldstart|move: Trick Room|[of] p2a: Farigiraf\n|\n|upkeep\n|turn|2\n|\n|t:|1775955100\n|move|p2a: Farigiraf|Psychic|p1a: Raichu\n|-damage|p1a: Raichu|44/100\n|move|p2b: Incineroar|Parting Shot|p1b: Starmie\n|-unboost|p1b: Starmie|atk|1\n|-unboost|p1b: Starmie|spa|1\n|\n|t:|1775955108\n|switch|p2b: Kingambit|Kingambit, L50, F, shiny|100/100|[from] Parting Shot\n|move|p1a: Raichu|Rain Dance|p1a: Raichu\n|-weather|RainDance\n|move|p1b: Starmie|Trick Room|p1b: Starmie\n|-fieldend|move: Trick Room\n|\n|-weather|RainDance|[upkeep]\n|upkeep\n|turn|3\n|inactive|Starfeather has 30 seconds left.\n|\n|t:|1775955134\n|switch|p1a: Dragonite|Dragonite, L50, M|100/100\n|move|p2a: Farigiraf|Protect|p2a: Farigiraf\n|-singleturn|p2a: Farigiraf|Protect\n|move|p1b: Starmie|Scald|p2b: Kingambit\n|-damage|p2b: Kingambit|70/100\n|move|p2b: Kingambit|Kowtow Cleave|p1b: Starmie\n|-supereffective|p1b: Starmie|1\n|-damage|p1b: Starmie|0 fnt\n|faint|p1b: Starmie\n|\n|-weather|RainDance|[upkeep]\n|upkeep\n|\n|t:|1775955146\n|switch|p1b: Basculegion|Basculegion, L50, M|100/100\n|turn|4\n|\n|t:|1775955164\n|switch|p2b: Incineroar|Incineroar, L50, M|100/100\n|-ability|p2b: Incineroar|Intimidate|boost\n|-unboost|p1a: Dragonite|atk|1\n|-unboost|p1b: Basculegion|atk|1\n|detailschange|p1a: Dragonite|Dragonite-Mega, L50, M\n|-mega|p1a: Dragonite|Dragonite|Dragoninite\n|move|p1b: Basculegion|Wave Crash|p2b: Incineroar\n|-supereffective|p2b: Incineroar|1\n|-damage|p2b: Incineroar|0 fnt\n|faint|p2b: Incineroar\n|-damage|p1b: Basculegion|66/100|[from] Recoil\n|move|p1a: Dragonite|Draco Meteor|p2a: Farigiraf\n|-crit|p2a: Farigiraf\n|-damage|p2a: Farigiraf|21/100\n|-unboost|p1a: Dragonite|spa|2\n|move|p2a: Farigiraf|Trick Room|p2a: Farigiraf\n|-fieldstart|move: Trick Room|[of] p2a: Farigiraf\n|\n|-weather|RainDance|[upkeep]\n|upkeep\n|\n|t:|1775955183\n|switch|p2b: Heracross|Heracross, L50, M, shiny|100/100\n|turn|5\n|\n|t:|1775955196\n|detailschange|p2b: Heracross|Heracross-Mega, L50, M, shiny\n|-mega|p2b: Heracross|Heracross|Heracronite\n|move|p2a: Farigiraf|Helping Hand|p2b: Heracross\n|-singleturn|p2b: Heracross|Helping Hand|[of] p2a: Farigiraf\n|move|p2b: Heracross|Rock Blast|p1a: Dragonite\n|-supereffective|p1a: Dragonite|1\n|-crit|p1a: Dragonite\n|-damage|p1a: Dragonite|72/100\n|-supereffective|p1a: Dragonite|1\n|-damage|p1a: Dragonite|35/100\n|-supereffective|p1a: Dragonite|1\n|-damage|p1a: Dragonite|2/100\n|-supereffective|p1a: Dragonite|1\n|-damage|p1a: Dragonite|0 fnt\n|faint|p1a: Dragonite\n|-hitcount|p1: Dragonite|4\n|move|p1b: Basculegion|Wave Crash|p2a: Farigiraf\n|-damage|p2a: Farigiraf|0 fnt\n|faint|p2a: Farigiraf\n|-damage|p1b: Basculegion|58/100|[from] Recoil\n|\n|-weather|RainDance|[upkeep]\n|upkeep\n|\n|t:|1775955219\n|switch|p2a: Kingambit|Kingambit, L50, F, shiny|70/100\n|switch|p1a: Raichu|Raichu, L50, M|44/100\n|turn|6\n|\n|t:|1775955239\n|move|p2a: Kingambit|Protect|p2a: Kingambit\n|-singleturn|p2a: Kingambit|Protect\n|move|p2b: Heracross|Protect|p2b: Heracross\n|-singleturn|p2b: Heracross|Protect\n|move|p1a: Raichu|Fake Out|p2a: Kingambit\n|-activate|p2a: Kingambit|move: Protect\n|move|p1b: Basculegion|Wave Crash|p2a: Kingambit\n|-activate|p2a: Kingambit|move: Protect\n|\n|-weather|none\n|upkeep\n|turn|7\n|\n|t:|1775955262\n|move|p1b: Basculegion|Protect|p1b: Basculegion\n|-singleturn|p1b: Basculegion|Protect\n|move|p2a: Kingambit|Kowtow Cleave|p1b: Basculegion\n|-activate|p1b: Basculegion|move: Protect\n|move|p2b: Heracross|Close Combat|p1a: Raichu\n|-damage|p1a: Raichu|0 fnt\n|-unboost|p2b: Heracross|def|1\n|-unboost|p2b: Heracross|spd|1\n|faint|p1a: Raichu\n|\n|upkeep\n|turn|8\n|\n|t:|1775955277\n|move|p2a: Kingambit|Kowtow Cleave|p1b: Basculegion\n|-supereffective|p1b: Basculegion|1\n|-damage|p1b: Basculegion|0 fnt\n|faint|p1b: Basculegion\n|\n|win|JavierAHA2\n|raw|Starfeather's rating: 1206 &rarr; <strong>1178</strong><br />(-28 for losing)\n|raw|JavierAHA2's rating: 1168 &rarr; <strong>1196</strong><br />(+28 for winning)\n|l|\u2606Starfeather\n|player|p1|\n",
  "uploadtime": 1775955310,
  "views": 15,
  "formatid": "gen9championsvgc2026regma",
  "rating": 1178,
  "private": 0,
  "password": null
}