{
  "id": "gen9championsvgc2026regma-2584319515",
  "format": "[Gen 9 Champions] VGC 2026 Reg M-A",
  "players": [
    "dav115",
    "porygon-epilepz"
  ],
  "log": "|j|\u2606dav115\n|j|\u2606porygon-epilepz\n|t:|1776250811\n|gametype|doubles\n|player|p1|dav115|265|1214\n|player|p2|porygon-epilepz|hiker-gen4|1207\n|gen|9\n|tier|[Gen 9 Champions] VGC 2026 Reg M-A\n|rated|\n|rule|Species Clause: Limit one of each Pok\u00e9mon\n|rule|Item Clause: Limit 1 of each item\n|clearpoke\n|poke|p1|Sneasler, L50, M|\n|poke|p1|Scovillain, L50, F|\n|poke|p1|Tyranitar, L50, M|\n|poke|p1|Excadrill, L50, M|\n|poke|p1|Primarina, L50, F|\n|poke|p1|Aerodactyl, L50, F|\n|poke|p2|Floette-Eternal, L50, F|\n|poke|p2|Incineroar, L50, M|\n|poke|p2|Garchomp, L50, F|\n|poke|p2|Aerodactyl, L50, M|\n|poke|p2|Sneasler, L50, F|\n|poke|p2|Basculegion, L50, M|\n|teampreview|4\n|\n|t:|1776250840\n|teamsize|p1|4\n|teamsize|p2|4\n|start\n|switch|p1a: Tyranitar|Tyranitar, L50, M|100/100\n|switch|p1b: Sneasler|Sneasler, L50, M|100/100\n|switch|p2a: Garchomp|Garchomp, L50, F|100/100\n|switch|p2b: Aerodactyl|Aerodactyl, L50, M|100/100\n|-ability|p2b: Aerodactyl|Unnerve\n|-weather|Sandstorm|[from] ability: Sand Stream|[of] p1a: Tyranitar\n|turn|1\n|\n|t:|1776250856\n|move|p2b: Aerodactyl|Protect|p2b: Aerodactyl\n|-singleturn|p2b: Aerodactyl|Protect\n|move|p1b: Sneasler|Fake Out|p2b: Aerodactyl\n|-activate|p2b: Aerodactyl|move: Protect\n|move|p2a: Garchomp|Earthquake|p1a: Tyranitar|[spread] p1a,p1b\n|-activate|p2b: Aerodactyl|move: Protect\n|-supereffective|p1a: Tyranitar|1\n|-supereffective|p1b: Sneasler|1\n|-damage|p1a: Tyranitar|47/100\n|-damage|p1b: Sneasler|0 fnt\n|faint|p1b: Sneasler\n|move|p1a: Tyranitar|Ice Punch|p2a: Garchomp\n|-supereffective|p2a: Garchomp|2\n|-damage|p2a: Garchomp|0 fnt\n|-damage|p1a: Tyranitar|35/100|[from] ability: Rough Skin|[of] p2a: Garchomp\n|faint|p2a: Garchomp\n|\n|-weather|Sandstorm|[upkeep]\n|upkeep\n|\n|t:|1776250873\n|switch|p2a: Sneasler|Sneasler, L50, F|100/100\n|switch|p1b: Excadrill|Excadrill, L50, M|100/100\n|turn|2\n|\n|t:|1776250895\n|move|p2a: Sneasler|Protect|p2a: Sneasler\n|-singleturn|p2a: Sneasler|Protect\n|move|p1a: Tyranitar|Protect|p1a: Tyranitar\n|-singleturn|p1a: Tyranitar|Protect\n|move|p1b: Excadrill|Earthquake|p2a: Sneasler|[spread] \n|-activate|p1a: Tyranitar|move: Protect\n|-activate|p2a: Sneasler|move: Protect\n|-immune|p2b: Aerodactyl\n|move|p2b: Aerodactyl|Tailwind|p2b: Aerodactyl\n|-sidestart|p2: porygon-epilepz|move: Tailwind\n|\n|-weather|Sandstorm|[upkeep]\n|-damage|p2a: Sneasler|95/100|[from] Sandstorm\n|upkeep\n|turn|3\n|\n|t:|1776250911\n|move|p1b: Excadrill|Protect|p1b: Excadrill\n|-singleturn|p1b: Excadrill|Protect\n|move|p2b: Aerodactyl|Dual Wingbeat|p1b: Excadrill\n|-activate|p1b: Excadrill|move: Protect\n|move|p2a: Sneasler|Close Combat|p1b: Excadrill\n|-activate|p1b: Excadrill|move: Protect\n|move|p1a: Tyranitar|Earthquake|p2b: Aerodactyl|[spread] p2a\n|-activate|p1b: Excadrill|move: Protect\n|-immune|p2b: Aerodactyl\n|-supereffective|p2a: Sneasler|1\n|-damage|p2a: Sneasler|23/100\n|\n|-weather|Sandstorm|[upkeep]\n|-damage|p2a: Sneasler|17/100|[from] Sandstorm\n|upkeep\n|turn|4\n|\n|t:|1776250937\n|move|p2b: Aerodactyl|Dual Wingbeat|p1b: Excadrill\n|-resisted|p1b: Excadrill|1\n|-crit|p1b: Excadrill\n|-damage|p1b: Excadrill|85/100\n|-resisted|p1b: Excadrill|1\n|-damage|p1b: Excadrill|77/100\n|-hitcount|p1b: Excadrill|2\n|move|p2a: Sneasler|Close Combat|p1a: Tyranitar\n|-supereffective|p1a: Tyranitar|2\n|-damage|p1a: Tyranitar|0 fnt\n|-unboost|p2a: Sneasler|def|1\n|-unboost|p2a: Sneasler|spd|1\n|faint|p1a: Tyranitar\n|-enditem|p2a: Sneasler|White Herb\n|-clearnegativeboost|p2a: Sneasler|[silent]\n|move|p1b: Excadrill|Iron Head|p2b: Aerodactyl\n|-supereffective|p2b: Aerodactyl|1\n|-enditem|p2b: Aerodactyl|Focus Sash\n|-damage|p2b: Aerodactyl|1/100\n|\n|-weather|Sandstorm|[upkeep]\n|-damage|p2a: Sneasler|11/100|[from] Sandstorm\n|upkeep\n|\n|t:|1776250954\n|switch|p1a: Scovillain|Scovillain, L50, F, shiny|100/100\n|turn|5\n|\n|t:|1776250975\n|move|p2a: Sneasler|Protect|p2a: Sneasler\n|-singleturn|p2a: Sneasler|Protect\n|move|p2b: Aerodactyl|Protect|p2b: Aerodactyl\n|-singleturn|p2b: Aerodactyl|Protect\n|move|p1a: Scovillain|Protect|p1a: Scovillain\n|-singleturn|p1a: Scovillain|Protect\n|move|p1b: Excadrill|Iron Head|p2b: Aerodactyl\n|-activate|p2b: Aerodactyl|move: Protect\n|\n|-weather|none\n|-sideend|p2: porygon-epilepz|move: Tailwind\n|-ability|p1a: Scovillain|Moody|boost\n|-boost|p1a: Scovillain|spd|2\n|-unboost|p1a: Scovillain|spe|1\n|upkeep\n|turn|6\n|\n|t:|1776251002\n|move|p1a: Scovillain|Protect||[still]\n|-fail|p1a: Scovillain\n|move|p2a: Sneasler|Dire Claw|p1a: Scovillain\n|-supereffective|p1a: Scovillain|1\n|-damage|p1a: Scovillain|0 fnt\n|faint|p1a: Scovillain\n|move|p2b: Aerodactyl|Tailwind|p2b: Aerodactyl\n|-sidestart|p2: porygon-epilepz|move: Tailwind\n|move|p1b: Excadrill|Iron Head|p2a: Sneasler\n|-damage|p2a: Sneasler|0 fnt\n|faint|p2a: Sneasler\n|\n|upkeep\n|\n|t:|1776251008\n|switch|p2a: Basculegion|Basculegion, L50, M|100/100\n|turn|7\n|\n|t:|1776251017\n|move|p2a: Basculegion|Wave Crash|p1b: Excadrill\n|-supereffective|p1b: Excadrill|1\n|-damage|p1b: Excadrill|0 fnt\n|faint|p1b: Excadrill\n|-damage|p2a: Basculegion|73/100|[from] Recoil\n|\n|win|porygon-epilepz\n|raw|dav115's rating: 1214 &rarr; <strong>1188</strong><br />(-26 for losing)\n|raw|porygon-epilepz's rating: 1207 &rarr; <strong>1233</strong><br />(+26 for winning)\n",
  "uploadtime": 1776250815,
  "views": 25,
  "formatid": "gen9championsvgc2026regma",
  "rating": 1188,
  "private": 0,
  "password": null
}