{
  "id": "gen9championsvgc2026regma-2583968516",
  "format": "[Gen 9 Champions] VGC 2026 Reg M-A",
  "players": [
    "suicujoh",
    "LeonardPlayz"
  ],
  "log": "|j|\u2606suicujoh\n|j|\u2606LeonardPlayz\n|t:|1776212736\n|gametype|doubles\n|player|p1|suicujoh|doctor|1100\n|player|p2|LeonardPlayz|hilbert-wonderlauncher|1040\n|gen|9\n|tier|[Gen 9 Champions] VGC 2026 Reg M-A\n|rated|\n|rule|Species Clause: Limit one of each Pok\u00e9mon\n|rule|Item Clause: Limit 1 of each item\n|clearpoke\n|poke|p1|Charizard, L50, M|\n|poke|p1|Venusaur, L50, F|\n|poke|p1|Incineroar, L50, F|\n|poke|p1|Dragonite, L50, M|\n|poke|p1|Azumarill, L50, F|\n|poke|p1|Whimsicott, L50, F|\n|poke|p2|Pelipper, L50, F|\n|poke|p2|Tsareena, L50, F|\n|poke|p2|Archaludon, L50, M|\n|poke|p2|Alakazam, L50, M|\n|poke|p2|Meowstic, L50, M|\n|poke|p2|Incineroar, L50, M|\n|teampreview|4\n|inactive|Battle timer is ON: inactive players will automatically lose when time's up. (requested by LeonardPlayz)\n|\n|t:|1776212765\n|teamsize|p1|4\n|teamsize|p2|4\n|start\n|switch|p1a: Charizard|Charizard, L50, M, shiny|100/100\n|switch|p1b: Whimsicott|Whimsicott, L50, F, shiny|100/100\n|switch|p2a: Alakazam|Alakazam, L50, M|100/100\n|switch|p2b: Meowstic|Meowstic, L50, M|100/100\n|turn|1\n|\n|t:|1776212778\n|detailschange|p2a: Alakazam|Alakazam-Mega, L50, M\n|-mega|p2a: Alakazam|Alakazam|Alakazite\n|-ability|p2a: Alakazam|Prankster|Trace|[from] ability: Trace|[of] p1b: Whimsicott\n|detailschange|p1a: Charizard|Charizard-Mega-Y, L50, M, shiny\n|-mega|p1a: Charizard|Charizard|Charizardite Y\n|-weather|SunnyDay|[from] ability: Drought|[of] p1a: Charizard\n|move|p1b: Whimsicott|Tailwind|p1b: Whimsicott\n|-sidestart|p1: suicujoh|move: Tailwind\n|move|p2b: Meowstic|Psychic Terrain|p2b: Meowstic\n|-fieldstart|move: Psychic Terrain\n|move|p1a: Charizard|Heat Wave|p2b: Meowstic|[spread] p2b\n|-miss|p1a: Charizard|p2a: Alakazam\n|-damage|p2b: Meowstic|30/100\n|move|p2a: Alakazam|Expanding Force|p1a: Charizard|[spread] p1a,p1b\n|-damage|p1a: Charizard|22/100\n|-enditem|p1b: Whimsicott|Focus Sash\n|-damage|p1b: Whimsicott|1/100\n|\n|-weather|SunnyDay|[upkeep]\n|upkeep\n|turn|2\n|inactive|suicujoh has 30 seconds left.\n|inactive|suicujoh has 20 seconds left.\n|\n|t:|1776212818\n|move|p1b: Whimsicott|Helping Hand|p1a: Charizard\n|-singleturn|p1a: Charizard|Helping Hand|[of] p1b: Whimsicott\n|move|p2b: Meowstic|Baton Pass|p2b: Meowstic\n|\n|t:|1776212826\n|switch|p2b: Pelipper|Pelipper, L50, F|100/100|[from] Baton Pass\n|-weather|RainDance|[from] ability: Drizzle|[of] p2b: Pelipper\n|move|p1a: Charizard|Weather Ball|p2a: Alakazam\n|-damage|p2a: Alakazam|0 fnt\n|faint|p2a: Alakazam\n|\n|-weather|RainDance|[upkeep]\n|upkeep\n|\n|t:|1776212839\n|switch|p2a: Archaludon|Archaludon, L50, M|100/100\n|turn|3\n|\n|t:|1776212858\n|move|p1b: Whimsicott|Protect|p1b: Whimsicott\n|-singleturn|p1b: Whimsicott|Protect\n|move|p1a: Charizard|Protect|p1a: Charizard\n|-singleturn|p1a: Charizard|Protect\n|move|p2a: Archaludon|Electro Shot||[still]\n|-prepare|p2a: Archaludon|Electro Shot\n|-boost|p2a: Archaludon|spa|1\n|-anim|p2a: Archaludon|Electro Shot|p1a: Charizard\n|-activate|p1a: Charizard|move: Protect\n|move|p2b: Pelipper|Tailwind|p2b: Pelipper\n|-sidestart|p2: LeonardPlayz|move: Tailwind\n|\n|-weather|RainDance|[upkeep]\n|upkeep\n|turn|4\n|\n|t:|1776212877\n|switch|p1b: Azumarill|Azumarill, L50, F, shiny|100/100\n|switch|p1a: Venusaur|Venusaur, L50, F, shiny|100/100\n|move|p2a: Archaludon|Electro Shot||[still]\n|-prepare|p2a: Archaludon|Electro Shot\n|-boost|p2a: Archaludon|spa|1\n|-anim|p2a: Archaludon|Electro Shot|p1a: Venusaur\n|-resisted|p1a: Venusaur|1\n|-damage|p1a: Venusaur|44/100\n|move|p2b: Pelipper|Weather Ball|p1a: Venusaur\n|-resisted|p1a: Venusaur|1\n|-damage|p1a: Venusaur|10/100\n|\n|-weather|RainDance|[upkeep]\n|-sideend|p1: suicujoh|move: Tailwind\n|upkeep\n|turn|5\n|inactive|suicujoh has 30 seconds left.\n|inactive|LeonardPlayz has 30 seconds left.\n|inactive|LeonardPlayz has 20 seconds left.\n|\n|t:|1776212913\n|move|p1a: Venusaur|Protect|p1a: Venusaur\n|-singleturn|p1a: Venusaur|Protect\n|move|p2a: Archaludon|Draco Meteor|p1b: Azumarill\n|-immune|p1b: Azumarill\n|move|p2b: Pelipper|Weather Ball|p1a: Venusaur\n|-activate|p1a: Venusaur|move: Protect\n|move|p1b: Azumarill|Play Rough|p2a: Archaludon\n|-damage|p2a: Archaludon|51/100\n|\n|-weather|RainDance|[upkeep]\n|-fieldend|move: Psychic Terrain\n|upkeep\n|turn|6\n|\n|t:|1776212934\n|switch|p2b: Meowstic|Meowstic, L50, M|30/100\n|move|p2a: Archaludon|Electro Shot||[still]\n|-prepare|p2a: Archaludon|Electro Shot\n|-boost|p2a: Archaludon|spa|1\n|-anim|p2a: Archaludon|Electro Shot|p1b: Azumarill\n|-supereffective|p1b: Azumarill|1\n|-damage|p1b: Azumarill|0 fnt\n|faint|p1b: Azumarill\n|move|p1a: Venusaur|Sleep Powder|p2a: Archaludon|[miss]\n|-miss|p1a: Venusaur|p2a: Archaludon\n|\n|-weather|none\n|-sideend|p2: LeonardPlayz|move: Tailwind\n|upkeep\n|\n|t:|1776212949\n|switch|p1b: Charizard|Charizard-Mega-Y, L50, M, shiny|22/100\n|-weather|SunnyDay|[from] ability: Drought|[of] p1b: Charizard\n|turn|7\n|\n|t:|1776212958\n|move|p1a: Venusaur|Protect|p1a: Venusaur\n|-singleturn|p1a: Venusaur|Protect\n|move|p2b: Meowstic|Baton Pass|p2b: Meowstic\n|\n|t:|1776212961\n|switch|p2b: Pelipper|Pelipper, L50, F|100/100|[from] Baton Pass\n|-weather|RainDance|[from] ability: Drizzle|[of] p2b: Pelipper\n|move|p1b: Charizard|Heat Wave|p2b: Pelipper|[spread] p2b\n|-miss|p1b: Charizard|p2a: Archaludon\n|-resisted|p2b: Pelipper|1\n|-crit|p2b: Pelipper\n|-damage|p2b: Pelipper|75/100\n|move|p2a: Archaludon|Electro Shot||[still]\n|-prepare|p2a: Archaludon|Electro Shot\n|-boost|p2a: Archaludon|spa|1\n|-anim|p2a: Archaludon|Electro Shot|p1a: Venusaur\n|-activate|p1a: Venusaur|move: Protect\n|\n|-weather|RainDance|[upkeep]\n|upkeep\n|turn|8\n|\n|t:|1776212984\n|switch|p1b: Whimsicott|Whimsicott, L50, F, shiny|1/100\n|move|p2a: Archaludon|Electro Shot||[still]\n|-prepare|p2a: Archaludon|Electro Shot\n|-boost|p2a: Archaludon|spa|1\n|-anim|p2a: Archaludon|Electro Shot|p1b: Whimsicott\n|-resisted|p1b: Whimsicott|1\n|-damage|p1b: Whimsicott|0 fnt\n|faint|p1b: Whimsicott\n|move|p1a: Venusaur|Sleep Powder|p2a: Archaludon\n|-status|p2a: Archaludon|slp|[from] move: Sleep Powder\n|move|p2b: Pelipper|Hurricane|p1a: Venusaur\n|-supereffective|p1a: Venusaur|1\n|-damage|p1a: Venusaur|0 fnt\n|faint|p1a: Venusaur\n|\n|-weather|RainDance|[upkeep]\n|upkeep\n|\n|t:|1776213002\n|switch|p1b: Charizard|Charizard-Mega-Y, L50, M, shiny|22/100\n|-weather|SunnyDay|[from] ability: Drought|[of] p1b: Charizard\n|turn|9\n|\n|t:|1776213009\n|switch|p2b: Meowstic|Meowstic, L50, M|30/100\n|cant|p2a: Archaludon|slp\n|move|p1b: Charizard|Solar Beam||[still]\n|-prepare|p1b: Charizard|Solar Beam\n|-anim|p1b: Charizard|Solar Beam|p2b: Meowstic\n|-damage|p2b: Meowstic|0 fnt\n|faint|p2b: Meowstic\n|\n|-weather|SunnyDay|[upkeep]\n|upkeep\n|\n|t:|1776213015\n|switch|p2b: Pelipper|Pelipper, L50, F|75/100\n|-weather|RainDance|[from] ability: Drizzle|[of] p2b: Pelipper\n|turn|10\n|\n|t:|1776213019\n|move|p1b: Charizard|Heat Wave|p2b: Pelipper|[spread] p2a,p2b\n|-resisted|p2b: Pelipper|1\n|-damage|p2a: Archaludon|22/100 slp\n|-damage|p2b: Pelipper|57/100\n|-curestatus|p2a: Archaludon|slp|[msg]\n|move|p2a: Archaludon|Electro Shot||[still]\n|-prepare|p2a: Archaludon|Electro Shot\n|-boost|p2a: Archaludon|spa|1\n|-anim|p2a: Archaludon|Electro Shot|p1b: Charizard\n|-supereffective|p1b: Charizard|1\n|-damage|p1b: Charizard|0 fnt\n|faint|p1b: Charizard\n|\n|win|LeonardPlayz\n|raw|suicujoh's rating: 1100 &rarr; <strong>1071</strong><br />(-29 for losing)\n|raw|LeonardPlayz's rating: 1040 &rarr; <strong>1080</strong><br />(+40 for winning)\n|l|\u2606suicujoh\n|player|p1|\n",
  "uploadtime": 1776213028,
  "views": 34,
  "formatid": "gen9championsvgc2026regma",
  "rating": 1071,
  "private": 0,
  "password": null
}