{
  "id": "gen9championsvgc2026regma-2584359710",
  "format": "[Gen 9 Champions] VGC 2026 Reg M-A",
  "players": [
    "SkoipVGC",
    "sam litwicky"
  ],
  "log": "|j|\u2606SkoipVGC\n|j|\u2606sam litwicky\n|t:|1776254732\n|gametype|doubles\n|player|p1|SkoipVGC|ninjaboy|1123\n|player|p2|sam litwicky|265|1144\n|gen|9\n|tier|[Gen 9 Champions] VGC 2026 Reg M-A\n|rated|\n|rule|Species Clause: Limit one of each Pok\u00e9mon\n|rule|Item Clause: Limit 1 of each item\n|clearpoke\n|poke|p1|Farigiraf, L50, F|\n|poke|p1|Incineroar, L50, F|\n|poke|p1|Camerupt, L50, M|\n|poke|p1|Torkoal, L50, F|\n|poke|p1|Slowking, L50, F|\n|poke|p1|Ampharos, L50, F|\n|poke|p2|Pinsir, L50, M|\n|poke|p2|Camerupt, L50, M|\n|poke|p2|Gallade, L50, M|\n|poke|p2|Whimsicott, L50, M|\n|poke|p2|Rotom-Wash, L50|\n|poke|p2|Hydreigon, L50, M|\n|teampreview|4\n|inactive|Battle timer is ON: inactive players will automatically lose when time's up. (requested by sam litwicky)\nSkoipVGC has agreed to open team sheets.\nsam litwicky rejected open team sheets.\n|inactive|SkoipVGC has 60 seconds left.\n|\n|t:|1776254768\n|teamsize|p1|4\n|teamsize|p2|4\n|start\n|switch|p1a: Farigiraf|Farigiraf, L50, F|100/100\n|switch|p1b: Camerupt|Camerupt, L50, M|100/100\n|switch|p2a: Pinsir|Pinsir, L50, M, shiny|100/100\n|switch|p2b: Camerupt|Camerupt, L50, M|100/100\n|turn|1\n|\n|t:|1776254781\n|detailschange|p2a: Pinsir|Pinsir-Mega, L50, M, shiny\n|-mega|p2a: Pinsir|Pinsir|Pinsirite\n|detailschange|p1b: Camerupt|Camerupt-Mega, L50, M\n|-mega|p1b: Camerupt|Camerupt|Cameruptite\n|move|p1b: Camerupt|Protect|p1b: Camerupt\n|-singleturn|p1b: Camerupt|Protect\n|move|p2a: Pinsir|Storm Throw|p2b: Camerupt\n|-crit|p2b: Camerupt\n|-damage|p2b: Camerupt|32/100\n|-setboost|p2b: Camerupt|atk|6|[from] ability: Anger Point\n|move|p2b: Camerupt|Earthquake|p1b: Camerupt|[spread] p1a\n|-activate|p1b: Camerupt|move: Protect\n|-immune|p2a: Pinsir\n|-damage|p1a: Farigiraf|0 fnt\n|faint|p1a: Farigiraf\n|\n|upkeep\n|inactive|SkoipVGC has 30 seconds left.\n|inactive|SkoipVGC has 20 seconds left.\n|inactive|SkoipVGC has 15 seconds left.\n|inactive|SkoipVGC has 10 seconds left.\n|\n|t:|1776254830\n|switch|p1a: Incineroar|Incineroar, L50, F|100/100\n|-ability|p1a: Incineroar|Intimidate|boost\n|-unboost|p2a: Pinsir|atk|1\n|-unboost|p2b: Camerupt|atk|1\n|turn|2\n|\n|t:|1776254850\n|switch|p2a: Rotom|Rotom-Wash, L50|100/100\n|move|p2b: Camerupt|Protect|p2b: Camerupt\n|-singleturn|p2b: Camerupt|Protect\n|move|p1a: Incineroar|Fake Out|p2b: Camerupt\n|-activate|p2b: Camerupt|move: Protect\n|move|p1b: Camerupt|Eruption|p2a: Rotom|[spread] p2a\n|-activate|p2b: Camerupt|move: Protect\n|-resisted|p2a: Rotom|1\n|-damage|p2a: Rotom|65/100\n|\n|-heal|p2a: Rotom|71/100|[from] item: Leftovers\n|upkeep\n|turn|3\n|inactive|SkoipVGC has 30 seconds left.\n|\n|t:|1776254879\n|switch|p1a: Torkoal|Torkoal, L50, F|100/100\n|-weather|SunnyDay|[from] ability: Drought|[of] p1a: Torkoal\n|move|p1b: Camerupt|Protect|p1b: Camerupt\n|-singleturn|p1b: Camerupt|Protect\n|move|p2a: Rotom|Hydro Pump|p1b: Camerupt\n|-activate|p1b: Camerupt|move: Protect\n|move|p2b: Camerupt|Earthquake|p1b: Camerupt|[spread] p1a\n|-activate|p1b: Camerupt|move: Protect\n|-immune|p2a: Rotom|[from] ability: Levitate\n|-supereffective|p1a: Torkoal|1\n|-damage|p1a: Torkoal|0 fnt\n|faint|p1a: Torkoal\n|\n|-weather|SunnyDay|[upkeep]\n|-heal|p2a: Rotom|77/100|[from] item: Leftovers\n|upkeep\n|\n|t:|1776254892\n|switch|p1a: Incineroar|Incineroar, L50, F|100/100\n|-ability|p1a: Incineroar|Intimidate|boost\n|-unboost|p2a: Rotom|atk|1\n|-unboost|p2b: Camerupt|atk|1\n|turn|4\n|\n|t:|1776254911\n|move|p2b: Camerupt|Protect|p2b: Camerupt\n|-singleturn|p2b: Camerupt|Protect\n|move|p1a: Incineroar|Fake Out|p2b: Camerupt\n|-activate|p2b: Camerupt|move: Protect\n|move|p2a: Rotom|Hydro Pump|p1b: Camerupt\n|-supereffective|p1b: Camerupt|2\n|-damage|p1b: Camerupt|26/100\n|move|p1b: Camerupt|Eruption|p2a: Rotom|[spread] p2a\n|-activate|p2b: Camerupt|move: Protect\n|-resisted|p2a: Rotom|1\n|-damage|p2a: Rotom|64/100\n|\n|-weather|SunnyDay|[upkeep]\n|-heal|p2a: Rotom|69/100|[from] item: Leftovers\n|upkeep\n|turn|5\n|-message|SkoipVGC forfeited.\n|\n|win|sam litwicky\n|raw|SkoipVGC's rating: 1123 &rarr; <strong>1100</strong><br />(-23 for losing)\n|raw|sam litwicky's rating: 1144 &rarr; <strong>1167</strong><br />(+23 for winning)\n|l|\u2606SkoipVGC\n|player|p1|\n",
  "uploadtime": 1776254927,
  "views": 24,
  "formatid": "gen9championsvgc2026regma",
  "rating": 1100,
  "private": 0,
  "password": null
}