{
  "id": "gen9championsvgc2026regma-2582430862",
  "format": "[Gen 9 Champions] VGC 2026 Reg M-A",
  "players": [
    "gurbederbeste",
    "MartialZero"
  ],
  "log": "|j|\u2606gurbederbeste\n|j|\u2606MartialZero\n|t:|1776091220\n|gametype|doubles\n|player|p1|gurbederbeste|pryce|1176\n|player|p2|MartialZero|n|1177\n|gen|9\n|tier|[Gen 9 Champions] VGC 2026 Reg M-A\n|rated|\n|rule|Species Clause: Limit one of each Pok\u00e9mon\n|rule|Item Clause: Limit 1 of each item\n|clearpoke\n|poke|p1|Aggron, L50, F|\n|poke|p1|Sinistcha, L50|\n|poke|p1|Incineroar, L50, F|\n|poke|p1|Kleavor, L50, M|\n|poke|p1|Gengar, L50, F|\n|poke|p1|Politoed, L50, M|\n|poke|p2|Charizard, L50, F|\n|poke|p2|Venusaur, L50, M|\n|poke|p2|Aerodactyl, L50, F|\n|poke|p2|Garchomp, L50, M|\n|poke|p2|Rotom-Wash, L50|\n|poke|p2|Floette-Eternal, L50, F|\n|teampreview|4\n|\n|t:|1776091256\n|teamsize|p1|4\n|teamsize|p2|4\n|start\n|switch|p1a: Kleavor|Kleavor, L50, M|100/100\n|switch|p1b: Incineroar|Incineroar, L50, F|100/100\n|switch|p2a: Aerodactyl|Aerodactyl, L50, F|100/100\n|switch|p2b: Floette|Floette-Eternal, L50, F|100/100\n|-ability|p2a: Aerodactyl|Unnerve\n|-ability|p1b: Incineroar|Intimidate|boost\n|-unboost|p2a: Aerodactyl|atk|1\n|-unboost|p2b: Floette|atk|1\n|turn|1\n|\n|t:|1776091274\n|detailschange|p2b: Floette|Floette-Mega, L50, F\n|-mega|p2b: Floette|Floette|Floettite\n|-ability|p2b: Floette|Fairy Aura\n|move|p1b: Incineroar|Fake Out|p2b: Floette\n|-damage|p2b: Floette|87/100\n|move|p2a: Aerodactyl|Tailwind|p2a: Aerodactyl\n|-sidestart|p2: MartialZero|move: Tailwind\n|cant|p2b: Floette|flinch\n|move|p1a: Kleavor|Tailwind|p1a: Kleavor\n|-sidestart|p1: gurbederbeste|move: Tailwind\n|\n|upkeep\n|turn|2\n|c|\u2606MartialZero|HUH?!!?!?\n|c|\u2606gurbederbeste|?\n|c|\u2606MartialZero|WHEN DID KLEAVOR GET TAILWIND?!!?\n|\n|t:|1776091305\n|move|p1a: Kleavor|Protect|p1a: Kleavor\n|-singleturn|p1a: Kleavor|Protect\n|move|p2a: Aerodactyl|Rock Slide|p1a: Kleavor|[spread] p1b\n|-activate|p1a: Kleavor|move: Protect\n|-supereffective|p1b: Incineroar|1\n|-damage|p1b: Incineroar|65/100\n|move|p2b: Floette|Dazzling Gleam|p1b: Incineroar|[spread] p1b\n|-activate|p1a: Kleavor|move: Protect\n|-damage|p1b: Incineroar|15/100\n|move|p1b: Incineroar|Parting Shot|p2b: Floette\n|-unboost|p2b: Floette|atk|1\n|-unboost|p2b: Floette|spa|1\n|\n|t:|1776091321\n|switch|p1b: Gengar|Gengar, L50, F|100/100|[from] Parting Shot\n|\n|upkeep\n|turn|3\n|\n|t:|1776091337\n|switch|p2b: Venusaur|Venusaur, L50, M|100/100\n|detailschange|p1b: Gengar|Gengar-Mega, L50, F\n|-mega|p1b: Gengar|Gengar|Gengarite\n|move|p1b: Gengar|Sludge Bomb|p2b: Venusaur\n|-damage|p2b: Venusaur|42/100\n|move|p2a: Aerodactyl|Rock Slide|p1a: Kleavor|[spread] p1a,p1b\n|-supereffective|p1a: Kleavor|1\n|-damage|p1a: Kleavor|56/100\n|-damage|p1b: Gengar|71/100\n|move|p1a: Kleavor|Stone Axe|p2a: Aerodactyl\n|-supereffective|p2a: Aerodactyl|1\n|-enditem|p2a: Aerodactyl|Focus Sash\n|-damage|p2a: Aerodactyl|1/100\n|-sidestart|p2: MartialZero|move: Stealth Rock\n|\n|upkeep\n|turn|4\n|\n|t:|1776091377\n|move|p2a: Aerodactyl|Rock Slide|p1a: Kleavor|[spread] p1a,p1b\n|-supereffective|p1a: Kleavor|1\n|-damage|p1a: Kleavor|13/100\n|-damage|p1b: Gengar|45/100\n|move|p1b: Gengar|Disable|p2a: Aerodactyl\n|-start|p2a: Aerodactyl|Disable|Rock Slide\n|move|p1a: Kleavor|X-Scissor|p2b: Venusaur\n|-crit|p2b: Venusaur\n|-damage|p2b: Venusaur|0 fnt\n|faint|p2b: Venusaur\n|\n|-sideend|p2: MartialZero|move: Tailwind\n|-sideend|p1: gurbederbeste|move: Tailwind\n|upkeep\n|\n|t:|1776091390\n|switch|p2b: Charizard|Charizard, L50, F|100/100\n|-damage|p2b: Charizard|51/100|[from] Stealth Rock\n|turn|5\n|\n|t:|1776091410\n|switch|p1a: Politoed|Politoed, L50, M|100/100\n|-weather|RainDance|[from] ability: Drizzle|[of] p1a: Politoed\n|move|p1b: Gengar|Protect|p1b: Gengar\n|-singleturn|p1b: Gengar|Protect\n|move|p2a: Aerodactyl|Tailwind|p2a: Aerodactyl\n|-sidestart|p2: MartialZero|move: Tailwind\n|move|p2b: Charizard|Heat Wave|p1a: Politoed|[spread] p1a\n|-activate|p1b: Gengar|move: Protect\n|-resisted|p1a: Politoed|1\n|-damage|p1a: Politoed|94/100\n|\n|-weather|RainDance|[upkeep]\n|-heal|p1a: Politoed|100/100|[from] item: Leftovers\n|upkeep\n|turn|6\n|\n|t:|1776091461\n|switch|p1b: Incineroar|Incineroar, L50, F|15/100\n|-ability|p1b: Incineroar|Intimidate|boost\n|-unboost|p2a: Aerodactyl|atk|1\n|-unboost|p2b: Charizard|atk|1\n|switch|p1a: Kleavor|Kleavor, L50, M|13/100\n|move|p2b: Charizard|Protect|p2b: Charizard\n|-singleturn|p2b: Charizard|Protect\n|move|p2a: Aerodactyl|Dual Wingbeat|p1b: Incineroar\n|-damage|p1b: Incineroar|6/100\n|-damage|p1b: Incineroar|0 fnt\n|faint|p1b: Incineroar\n|-hitcount|p1: Incineroar|2\n|\n|-weather|RainDance|[upkeep]\n|upkeep\n|\n|t:|1776091475\n|switch|p1b: Gengar|Gengar-Mega, L50, F|45/100\n|turn|7\n|\n|t:|1776091496\n|move|p1b: Gengar|Protect|p1b: Gengar\n|-singleturn|p1b: Gengar|Protect\n|move|p2a: Aerodactyl|Dual Wingbeat|p1b: Gengar\n|-activate|p1b: Gengar|move: Protect\n|move|p2b: Charizard|Scorching Sands|p1a: Kleavor\n|-damage|p1a: Kleavor|0 fnt\n|faint|p1a: Kleavor\n|\n|-weather|RainDance|[upkeep]\n|upkeep\n|\n|t:|1776091505\n|switch|p1a: Politoed|Politoed, L50, M|100/100\n|turn|8\n|\n|t:|1776091532\n|move|p2a: Aerodactyl|Dual Wingbeat|p1b: Gengar\n|-damage|p1b: Gengar|31/100\n|-damage|p1b: Gengar|17/100\n|-hitcount|p1b: Gengar|2\n|move|p2b: Charizard|Scorching Sands|p1a: Politoed\n|-damage|p1a: Politoed|85/100\n|-status|p1a: Politoed|brn\n|move|p1b: Gengar|Shadow Ball|p2b: Charizard\n|-damage|p2b: Charizard|0 fnt\n|faint|p2b: Charizard\n|move|p1a: Politoed|Weather Ball|p2a: Aerodactyl\n|-supereffective|p2a: Aerodactyl|1\n|-damage|p2a: Aerodactyl|0 fnt\n|faint|p2a: Aerodactyl\n|\n|-weather|RainDance|[upkeep]\n|-heal|p1a: Politoed|91/100 brn|[from] item: Leftovers\n|-damage|p1a: Politoed|85/100 brn|[from] brn\n|-sideend|p2: MartialZero|move: Tailwind\n|upkeep\n|\n|t:|1776091554\n|switch|p2b: Floette|Floette-Mega, L50, F|87/100\n|-damage|p2b: Floette|74/100|[from] Stealth Rock\n|-ability|p2b: Floette|Fairy Aura\n|turn|9\n|c|\u2606gurbederbeste|Ooo you already used mega I forgot\n|c|\u2606MartialZero|yuhg\n|c|\u2606MartialZero|yug\n|c|\u2606MartialZero|yuh*\n|\n|t:|1776091574\n|move|p1b: Gengar|Protect|p1b: Gengar\n|-singleturn|p1b: Gengar|Protect\n|move|p2b: Floette|Dazzling Gleam|p1a: Politoed|[spread] p1a\n|-activate|p1b: Gengar|move: Protect\n|-damage|p1a: Politoed|50/100 brn\n|move|p1a: Politoed|Weather Ball|p2b: Floette\n|-damage|p2b: Floette|40/100\n|\n|-weather|none\n|-heal|p1a: Politoed|56/100 brn|[from] item: Leftovers\n|-damage|p1a: Politoed|50/100 brn|[from] brn\n|upkeep\n|turn|10\n|c|\u2606gurbederbeste|I was playing around it\n|c|\u2606MartialZero|smh my head\n|\n|t:|1776091591\n|move|p1b: Gengar|Sludge Bomb|p2b: Floette\n|-supereffective|p2b: Floette|1\n|-damage|p2b: Floette|0 fnt\n|faint|p2b: Floette\n|\n|win|gurbederbeste\n|raw|gurbederbeste's rating: 1176 &rarr; <strong>1201</strong><br />(+25 for winning)\n|raw|MartialZero's rating: 1177 &rarr; <strong>1152</strong><br />(-25 for losing)\n",
  "uploadtime": 1776091595,
  "views": 19,
  "formatid": "gen9championsvgc2026regma",
  "rating": 1152,
  "private": 0,
  "password": null
}