{
  "id": "gen9championsvgc2026regma-2586563620",
  "format": "[Gen 9 Champions] VGC 2026 Reg M-A",
  "players": [
    "heroplayer2026",
    "somearth"
  ],
  "log": "|j|\u2606heroplayer2026\n|j|\u2606somearth\n|t:|1776443302\n|gametype|doubles\n|player|p1|heroplayer2026|fisherman-gen4|1201\n|player|p2|somearth|265|1223\n|gen|9\n|tier|[Gen 9 Champions] VGC 2026 Reg M-A\n|rated|\n|rule|Species Clause: Limit one of each Pok\u00e9mon\n|rule|Item Clause: Limit 1 of each item\n|clearpoke\n|poke|p1|Slowbro, L50, F|\n|poke|p1|Garganacl, L50, F|\n|poke|p1|Umbreon, L50, M|\n|poke|p1|Cofagrigus, L50, F|\n|poke|p1|Garchomp, L50, M|\n|poke|p1|Blastoise, L50, F|\n|poke|p2|Delphox, L50, M|\n|poke|p2|Garchomp, L50, F|\n|poke|p2|Incineroar, L50, M|\n|poke|p2|Sneasler, L50, M|\n|poke|p2|Floette-Eternal, L50, F|\n|poke|p2|Kingambit, L50, F|\n|teampreview|4\n|inactive|Battle timer is ON: inactive players will automatically lose when time's up. (requested by somearth)\n|inactive|heroplayer2026 has 60 seconds left.\n|inactive|somearth has 60 seconds left.\n|inactive|heroplayer2026 has 30 seconds left.\n|inactive|somearth has 30 seconds left.\n|inactive|heroplayer2026 has 20 seconds left.\n|inactive|heroplayer2026 has 15 seconds left.\n|inactive|heroplayer2026 has 10 seconds left.\n|\n|t:|1776443385\n|teamsize|p1|4\n|teamsize|p2|4\n|start\n|switch|p1a: Blastoise|Blastoise, L50, F|100/100\n|switch|p1b: Cofagrigus|Cofagrigus, L50, F|100/100\n|switch|p2a: Delphox|Delphox, L50, M|100/100\n|switch|p2b: Garchomp|Garchomp, L50, F|100/100\n|turn|1\n|\n|t:|1776443406\n|detailschange|p2a: Delphox|Delphox-Mega, L50, M\n|-mega|p2a: Delphox|Delphox|Delphoxite\n|move|p1a: Blastoise|Fake Out|p2a: Delphox\n|-damage|p2a: Delphox|87/100\n|cant|p2a: Delphox|flinch\n|move|p2b: Garchomp|Rock Slide|p1b: Cofagrigus|[spread] p1a,p1b\n|-damage|p1a: Blastoise|81/100\n|-damage|p1b: Cofagrigus|86/100\n|move|p1b: Cofagrigus|Trick Room|p1b: Cofagrigus\n|-fieldstart|move: Trick Room|[of] p1b: Cofagrigus\n|\n|upkeep\n|turn|2\n|inactive|somearth has 30 seconds left.\n|\n|t:|1776443438\n|switch|p2b: Sneasler|Sneasler, L50, M|100/100\n|move|p2a: Delphox|Protect|p2a: Delphox\n|-singleturn|p2a: Delphox|Protect\n|move|p1b: Cofagrigus|Will-O-Wisp|p2b: Sneasler\n|-status|p2b: Sneasler|brn\n|move|p1a: Blastoise|Iron Defense|p1a: Blastoise\n|-boost|p1a: Blastoise|def|2\n|\n|-damage|p2b: Sneasler|95/100 brn|[from] brn\n|upkeep\n|turn|3\n|\n|t:|1776443456\n|move|p1a: Blastoise|Protect|p1a: Blastoise\n|-singleturn|p1a: Blastoise|Protect\n|move|p2b: Sneasler|Fake Out|p1a: Blastoise\n|-activate|p1a: Blastoise|move: Protect\n|move|p1b: Cofagrigus|Shadow Ball|p2a: Delphox\n|-supereffective|p2a: Delphox|1\n|-damage|p2a: Delphox|35/100\n|-unboost|p2a: Delphox|spd|1\n|move|p2a: Delphox|Encore|p1a: Blastoise\n|-activate|p1a: Blastoise|move: Protect\n|\n|-damage|p2b: Sneasler|89/100 brn|[from] brn\n|upkeep\n|turn|4\n|\n|t:|1776443474\n|move|p2a: Delphox|Protect|p2a: Delphox\n|-singleturn|p2a: Delphox|Protect\n|move|p1b: Cofagrigus|Shadow Ball|p2a: Delphox\n|-activate|p2a: Delphox|move: Protect\n|move|p1a: Blastoise|Iron Defense|p1a: Blastoise\n|-boost|p1a: Blastoise|def|2\n|move|p2b: Sneasler|Dire Claw|p1a: Blastoise\n|-damage|p1a: Blastoise|74/100\n|\n|-damage|p2b: Sneasler|83/100 brn|[from] brn\n|upkeep\n|turn|5\n|\n|t:|1776443487\n|move|p2b: Sneasler|Protect|p2b: Sneasler\n|-singleturn|p2b: Sneasler|Protect\n|move|p2a: Delphox|Protect|p2a: Delphox\n|-singleturn|p2a: Delphox|Protect\n|move|p1b: Cofagrigus|Shadow Ball|p2a: Delphox\n|-activate|p2a: Delphox|move: Protect\n|move|p1a: Blastoise|Body Press|p2b: Sneasler\n|-activate|p2b: Sneasler|move: Protect\n|\n|-damage|p2b: Sneasler|77/100 brn|[from] brn\n|-fieldend|move: Trick Room\n|upkeep\n|turn|6\n|\n|t:|1776443505\n|move|p2a: Delphox|Psychic|p1a: Blastoise\n|-damage|p1a: Blastoise|40/100\n|move|p2b: Sneasler|Dire Claw|p1b: Cofagrigus\n|-resisted|p1b: Cofagrigus|1\n|-damage|p1b: Cofagrigus|78/100\n|-activate|p1b: Cofagrigus|ability: Mummy|p2b: Sneasler|[ability] Unburden\n|move|p1a: Blastoise|Body Press|p2b: Sneasler\n|-resisted|p2b: Sneasler|1\n|-damage|p2b: Sneasler|28/100 brn\n|-activate|p2b: Sneasler|ability: Mummy|p1a: Blastoise|[ability] Rain Dish\n|move|p1b: Cofagrigus|Trick Room|p1b: Cofagrigus\n|-fieldstart|move: Trick Room|[of] p1b: Cofagrigus\n|\n|-damage|p2b: Sneasler|22/100 brn|[from] brn\n|upkeep\n|turn|7\n|\n|t:|1776443528\n|move|p1b: Cofagrigus|Shadow Ball|p2a: Delphox\n|-supereffective|p2a: Delphox|1\n|-damage|p2a: Delphox|0 fnt\n|faint|p2a: Delphox\n|move|p1a: Blastoise|Body Press|p2b: Sneasler\n|-resisted|p2b: Sneasler|1\n|-damage|p2b: Sneasler|0 fnt\n|faint|p2b: Sneasler\n|\n|upkeep\n|\n|t:|1776443534\n|switch|p2b: Garchomp|Garchomp, L50, F|100/100\n|switch|p2a: Floette|Floette-Eternal, L50, F|100/100\n|turn|8\n|\n|t:|1776443546\n|move|p2b: Garchomp|Protect|p2b: Garchomp\n|-singleturn|p2b: Garchomp|Protect\n|move|p1b: Cofagrigus|Will-O-Wisp|p2b: Garchomp\n|-activate|p2b: Garchomp|move: Protect\n|move|p1a: Blastoise|Body Press|p2a: Floette\n|-resisted|p2a: Floette|1\n|-damage|p2a: Floette|58/100\n|move|p2a: Floette|Dazzling Gleam|p1a: Blastoise|[spread] p1a,p1b\n|-damage|p1a: Blastoise|21/100\n|-damage|p1b: Cofagrigus|54/100\n|\n|upkeep\n|turn|9\n|\n|t:|1776443567\n|move|p2b: Garchomp|Protect||[still]\n|-fail|p2b: Garchomp\n|move|p1b: Cofagrigus|Will-O-Wisp|p2b: Garchomp\n|-status|p2b: Garchomp|brn\n|move|p1a: Blastoise|Body Press|p2a: Floette\n|-resisted|p2a: Floette|1\n|-damage|p2a: Floette|13/100\n|move|p2a: Floette|Draining Kiss|p1a: Blastoise\n|-damage|p1a: Blastoise|3/100\n|-heal|p2a: Floette|30/100|[from] drain|[of] p1a: Blastoise\n|-activate|p1a: Blastoise|ability: Mummy|p2a: Floette|[ability] Flower Veil\n|\n|-damage|p2b: Garchomp|94/100 brn|[from] brn\n|upkeep\n|turn|10\n|inactive|heroplayer2026 has 30 seconds left.\n|\n|t:|1776443594\n|move|p1b: Cofagrigus|Will-O-Wisp|p2a: Floette\n|-status|p2a: Floette|brn\n|move|p1a: Blastoise|Body Press|p2a: Floette\n|-resisted|p2a: Floette|1\n|-damage|p2a: Floette|0 fnt\n|faint|p2a: Floette\n|move|p2b: Garchomp|Earthquake|p1a: Blastoise|[spread] p1a,p1b\n|-damage|p1a: Blastoise|0 fnt\n|-damage|p1b: Cofagrigus|39/100\n|faint|p1a: Blastoise\n|\n|-damage|p2b: Garchomp|88/100 brn|[from] brn\n|-fieldend|move: Trick Room\n|upkeep\n|\n|t:|1776443599\n|switch|p1a: Slowbro|Slowbro, L50, F|100/100\n|turn|11\n|\n|t:|1776443606\n|move|p2b: Garchomp|Rock Slide|p1a: Slowbro|[spread] p1a,p1b\n|-damage|p1a: Slowbro|92/100\n|-damage|p1b: Cofagrigus|31/100\n|move|p1b: Cofagrigus|Shadow Ball|p2b: Garchomp\n|-damage|p2b: Garchomp|61/100 brn\n|cant|p1a: Slowbro|flinch\n|\n|-damage|p2b: Garchomp|55/100 brn|[from] brn\n|upkeep\n|turn|12\n|\n|t:|1776443615\n|move|p2b: Garchomp|Earthquake|p1b: Cofagrigus|[spread] p1a,p1b\n|-damage|p1a: Slowbro|77/100\n|-damage|p1b: Cofagrigus|17/100\n|move|p1b: Cofagrigus|Shadow Ball|p2b: Garchomp\n|-damage|p2b: Garchomp|22/100 brn\n|-enditem|p2b: Garchomp|Sitrus Berry|[eat]\n|-heal|p2b: Garchomp|46/100 brn|[from] item: Sitrus Berry\n|move|p1a: Slowbro|Trick Room|p1a: Slowbro\n|-fieldstart|move: Trick Room|[of] p1a: Slowbro\n|\n|-damage|p2b: Garchomp|40/100 brn|[from] brn\n|upkeep\n|turn|13\n|-message|somearth forfeited.\n|\n|win|heroplayer2026\n|raw|heroplayer2026's rating: 1201 &rarr; <strong>1228</strong><br />(+27 for winning)\n|raw|somearth's rating: 1223 &rarr; <strong>1196</strong><br />(-27 for losing)\n|l|\u2606somearth\n|player|p2|\n",
  "uploadtime": 1776443622,
  "views": 21,
  "formatid": "gen9championsvgc2026regma",
  "rating": 1196,
  "private": 0,
  "password": null
}