{
  "id": "gen9championsvgc2026regma-2585784916",
  "format": "[Gen 9 Champions] VGC 2026 Reg M-A",
  "players": [
    "Mongoose556",
    "squitchy"
  ],
  "log": "|j|\u2606Mongoose556\n|j|\u2606squitchy\n|t:|1776370443\n|gametype|doubles\n|player|p1|Mongoose556|265|1062\n|player|p2|squitchy|101|1000\n|gen|9\n|tier|[Gen 9 Champions] VGC 2026 Reg M-A\n|rated|\n|rule|Species Clause: Limit one of each Pok\u00e9mon\n|rule|Item Clause: Limit 1 of each item\n|clearpoke\n|poke|p1|Slowking, L50, M|\n|poke|p1|Banette, L50, M|\n|poke|p1|Spiritomb, L50, M|\n|poke|p1|Crabominable, L50, M|\n|poke|p1|Snorlax, L50, M|\n|poke|p1|Conkeldurr, L50, M|\n|poke|p2|Gliscor, L50, F|\n|poke|p2|Froslass, L50, F|\n|poke|p2|Rotom-Wash, L50|\n|poke|p2|Sneasler, L50, M|\n|poke|p2|Chesnaught, L50, F|\n|poke|p2|Tauros-Paldea-Blaze, L50, M|\n|teampreview|4\n|\n|t:|1776370459\n|teamsize|p1|4\n|teamsize|p2|4\n|start\n|switch|p1a: Spiritomb|Spiritomb, L50, M, shiny|100/100\n|switch|p1b: Banette|Banette, L50, M, shiny|100/100\n|switch|p2a: Gliscor|Gliscor, L50, F|100/100\n|switch|p2b: Froslass|Froslass, L50, F|100/100\n|-item|p2a: Gliscor|Passho Berry|[from] ability: Frisk|[of] p1b: Banette\n|-item|p2b: Froslass|Froslassite|[from] ability: Frisk|[of] p1b: Banette\n|turn|1\n|\n|t:|1776370479\n|move|p2b: Froslass|Protect|p2b: Froslass\n|-singleturn|p2b: Froslass|Protect\n|move|p2a: Gliscor|Tailwind|p2a: Gliscor\n|-sidestart|p2: squitchy|move: Tailwind\n|move|p1b: Banette|Will-O-Wisp|p2a: Gliscor\n|-status|p2a: Gliscor|brn\n|move|p1a: Spiritomb|Trick Room|p1a: Spiritomb\n|-fieldstart|move: Trick Room|[of] p1a: Spiritomb\n|\n|-damage|p2a: Gliscor|94/100 brn|[from] brn\n|upkeep\n|turn|2\n|\n|t:|1776370505\n|detailschange|p2b: Froslass|Froslass-Mega, L50, F\n|-mega|p2b: Froslass|Froslass|Froslassite\n|-weather|Snowscape|[from] ability: Snow Warning|[of] p2b: Froslass\n|move|p1a: Spiritomb|Dark Pulse|p2b: Froslass\n|-supereffective|p2b: Froslass|1\n|-damage|p2b: Froslass|33/100\n|move|p1b: Banette|Poltergeist|p2a: Gliscor\n|-activate|p2a: Gliscor|move: Poltergeist|Passho Berry\n|-damage|p2a: Gliscor|48/100 brn\n|move|p2a: Gliscor|High Horsepower|p1b: Banette\n|-damage|p1b: Banette|71/100\n|move|p2b: Froslass|Shadow Ball|p1b: Banette\n|-supereffective|p1b: Banette|1\n|-damage|p1b: Banette|0 fnt\n|faint|p1b: Banette\n|\n|-weather|Snowscape|[upkeep]\n|-damage|p2a: Gliscor|42/100 brn|[from] brn\n|upkeep\n|\n|t:|1776370524\n|switch|p1b: Slowking|Slowking, L50, M, shiny|100/100\n|turn|3\n|\n|t:|1776370538\n|move|p2b: Froslass|Protect|p2b: Froslass\n|-singleturn|p2b: Froslass|Protect\n|move|p1b: Slowking|Scald|p2a: Gliscor\n|-supereffective|p2a: Gliscor|1\n|-enditem|p2a: Gliscor|Passho Berry|[eat]\n|-enditem|p2a: Gliscor|Passho Berry|[weaken]\n|-damage|p2a: Gliscor|0 fnt\n|faint|p2a: Gliscor\n|move|p1a: Spiritomb|Dark Pulse|p2b: Froslass\n|-activate|p2b: Froslass|move: Protect\n|\n|-weather|Snowscape|[upkeep]\n|upkeep\n|\n|t:|1776370550\n|switch|p2a: Rotom|Rotom-Wash, L50|100/100\n|turn|4\n|\n|t:|1776370561\n|move|p1b: Slowking|Psychic|p2b: Froslass\n|-damage|p2b: Froslass|2/100\n|move|p1a: Spiritomb|Dark Pulse|p2a: Rotom\n|-damage|p2a: Rotom|65/100\n|cant|p2a: Rotom|flinch\n|move|p2b: Froslass|Aurora Veil|p2b: Froslass\n|-sidestart|p2: squitchy|move: Aurora Veil\n|\n|-weather|Snowscape|[upkeep]\n|-sideend|p2: squitchy|move: Tailwind\n|upkeep\n|turn|5\n|\n|t:|1776370578\n|move|p2b: Froslass|Protect|p2b: Froslass\n|-singleturn|p2b: Froslass|Protect\n|move|p1b: Slowking|Psychic|p2b: Froslass\n|-activate|p2b: Froslass|move: Protect\n|move|p1a: Spiritomb|Dark Pulse|p2a: Rotom\n|-damage|p2a: Rotom|29/100\n|move|p2a: Rotom|Thunderbolt|p1b: Slowking\n|-supereffective|p1b: Slowking|1\n|-damage|p1b: Slowking|35/100\n|\n|-weather|Snowscape|[upkeep]\n|-fieldend|move: Trick Room\n|upkeep\n|turn|6\n|\n|t:|1776370595\n|switch|p2b: Sneasler|Sneasler, L50, M|100/100\n|move|p2a: Rotom|Thunderbolt|p1b: Slowking\n|-supereffective|p1b: Slowking|1\n|-damage|p1b: Slowking|0 fnt\n|faint|p1b: Slowking\n|move|p1a: Spiritomb|Trick Room|p1a: Spiritomb\n|-fieldstart|move: Trick Room|[of] p1a: Spiritomb\n|\n|-weather|none\n|upkeep\n|\n|t:|1776370598\n|switch|p1b: Crabominable|Crabominable, L50, M, shiny|100/100\n|turn|7\n|\n|t:|1776370615\n|detailschange|p1b: Crabominable|Crabominable-Mega, L50, M, shiny\n|-mega|p1b: Crabominable|Crabominable|Crabominite\n|move|p2b: Sneasler|Fake Out|p1b: Crabominable\n|-damage|p1b: Crabominable|89/100\n|cant|p1b: Crabominable|flinch\n|move|p1a: Spiritomb|Psychic|p2b: Sneasler\n|-supereffective|p2b: Sneasler|2\n|-damage|p2b: Sneasler|0 fnt\n|faint|p2b: Sneasler\n|move|p2a: Rotom|Thunderbolt|p1b: Crabominable\n|-damage|p1b: Crabominable|58/100\n|-status|p1b: Crabominable|par\n|\n|upkeep\n|\n|t:|1776370627\n|switch|p2b: Froslass|Froslass-Mega, L50, F|2/100\n|-weather|Snowscape|[from] ability: Snow Warning|[of] p2b: Froslass\n|turn|8\n|\n|t:|1776370637\n|move|p1b: Crabominable|Crabhammer|p2b: Froslass\n|-damage|p2b: Froslass|0 fnt\n|faint|p2b: Froslass\n|move|p1a: Spiritomb|Dark Pulse|p2a: Rotom\n|-damage|p2a: Rotom|0 fnt\n|faint|p2a: Rotom\n|\n|win|Mongoose556\n|raw|Mongoose556's rating: 1062 &rarr; <strong>1087</strong><br />(+25 for winning)\n|raw|squitchy's rating: 1000 &rarr; <strong>1000</strong><br />(+0 for losing)\n",
  "uploadtime": 1776370644,
  "views": 34,
  "formatid": "gen9championsvgc2026regma",
  "rating": 1000,
  "private": 0,
  "password": null
}