{
  "id": "gen9championsvgc2026regma-2586417167",
  "format": "[Gen 9 Champions] VGC 2026 Reg M-A",
  "players": [
    "iheartskadi",
    "kondert"
  ],
  "log": "|j|\u2606iheartskadi\n|j|\u2606kondert\n|t:|1776433211\n|gametype|doubles\n|player|p1|iheartskadi|169|1040\n|player|p2|kondert|265|1069\n|gen|9\n|tier|[Gen 9 Champions] VGC 2026 Reg M-A\n|rated|\n|rule|Species Clause: Limit one of each Pok\u00e9mon\n|rule|Item Clause: Limit 1 of each item\n|clearpoke\n|poke|p1|Froslass, L50, F|\n|poke|p1|Kingambit, L50, F|\n|poke|p1|Garchomp, L50, M|\n|poke|p1|Sneasler, L50, M|\n|poke|p1|Incineroar, L50, F|\n|poke|p1|Primarina, L50, F|\n|poke|p2|Crabominable, L50, M|\n|poke|p2|Whimsicott, L50, F|\n|poke|p2|Farigiraf, L50, F|\n|poke|p2|Hatterene, L50, F|\n|poke|p2|Sinistcha, L50|\n|poke|p2|Primarina, L50, M|\n|teampreview|4\n|inactive|Battle timer is ON: inactive players will automatically lose when time's up. (requested by kondert)\n|inactive|kondert has 60 seconds left.\niheartskadi rejected open team sheets.\n|\n|t:|1776433260\n|teamsize|p1|4\n|teamsize|p2|4\n|start\n|switch|p1a: Froslass|Froslass, L50, F|100/100\n|switch|p1b: Sneasler|Sneasler, L50, M|100/100\n|switch|p2a: Hatterene|Hatterene, L50, F|100/100\n|switch|p2b: Farigiraf|Farigiraf, L50, F|100/100\n|turn|1\n|inactive|iheartskadi has 30 seconds left.\n|\n|t:|1776433289\n|detailschange|p1a: Froslass|Froslass-Mega, L50, F\n|-mega|p1a: Froslass|Froslass|Froslassite\n|-weather|Snowscape|[from] ability: Snow Warning|[of] p1a: Froslass\n|move|p2a: Hatterene|Protect|p2a: Hatterene\n|-singleturn|p2a: Hatterene|Protect\n|move|p1a: Froslass|Shadow Ball|p2a: Hatterene\n|-activate|p2a: Hatterene|move: Protect\n|move|p1b: Sneasler|Dire Claw|p2a: Hatterene\n|-activate|p2a: Hatterene|move: Protect\n|move|p2b: Farigiraf|Trick Room|p2b: Farigiraf\n|-fieldstart|move: Trick Room|[of] p2b: Farigiraf\n|\n|-weather|Snowscape|[upkeep]\n|upkeep\n|turn|2\n|inactive|kondert has 30 seconds left.\n|inactive|kondert has 20 seconds left.\n|\n|t:|1776433329\n|move|p1b: Sneasler|Protect|p1b: Sneasler\n|-singleturn|p1b: Sneasler|Protect\n|move|p1a: Froslass|Protect|p1a: Froslass\n|-singleturn|p1a: Froslass|Protect\n|move|p2a: Hatterene|Dark Pulse|p1a: Froslass\n|-activate|p1a: Froslass|move: Protect\n|move|p2b: Farigiraf|Thunderbolt|p1b: Sneasler\n|-activate|p1b: Sneasler|move: Protect\n|\n|-weather|Snowscape|[upkeep]\n|upkeep\n|turn|3\n|inactive|kondert has 30 seconds left.\n|inactive|kondert has 20 seconds left.\n|\n|t:|1776433366\n|move|p2a: Hatterene|Psychic|p1b: Sneasler\n|-supereffective|p1b: Sneasler|2\n|-enditem|p1b: Sneasler|Focus Sash\n|-damage|p1b: Sneasler|1/100\n|move|p2b: Farigiraf|Thunderbolt|p1a: Froslass\n|-damage|p1a: Froslass|60/100\n|move|p1a: Froslass|Blizzard|p2a: Hatterene|[spread] p2a,p2b\n|-damage|p2a: Hatterene|57/100\n|-damage|p2b: Farigiraf|47/100\n|move|p1b: Sneasler|Dire Claw|p2a: Hatterene\n|-supereffective|p2a: Hatterene|1\n|-damage|p2a: Hatterene|0 fnt\n|faint|p2a: Hatterene\n|\n|-weather|Snowscape|[upkeep]\n|upkeep\n|\n|t:|1776433387\n|switch|p2a: Primarina|Primarina, L50, M|100/100\n|turn|4\n|\n|t:|1776433393\n|move|p1a: Froslass|Protect|p1a: Froslass\n|-singleturn|p1a: Froslass|Protect\n|move|p1b: Sneasler|Protect|p1b: Sneasler\n|-singleturn|p1b: Sneasler|Protect\n|move|p2a: Primarina|Hyper Voice|p1b: Sneasler|[spread] \n|-activate|p1a: Froslass|move: Protect\n|-activate|p1b: Sneasler|move: Protect\n|move|p2b: Farigiraf|Thunderbolt|p1a: Froslass\n|-activate|p1a: Froslass|move: Protect\n|\n|-weather|Snowscape|[upkeep]\n|upkeep\n|turn|5\n|\n|t:|1776433417\n|switch|p1a: Garchomp|Garchomp, L50, M|100/100\n|switch|p1b: Kingambit|Kingambit, L50, F|100/100\n|move|p2a: Primarina|Hyper Voice|p1a: Garchomp|[spread] p1a,p1b\n|-damage|p1a: Garchomp|48/100\n|-damage|p1b: Kingambit|59/100\n|move|p2b: Farigiraf|Thunderbolt|p1a: Garchomp\n|-immune|p1a: Garchomp\n|\n|-weather|none\n|-fieldend|move: Trick Room\n|upkeep\n|turn|6\n|\n|t:|1776433439\n|move|p2b: Farigiraf|Protect|p2b: Farigiraf\n|-singleturn|p2b: Farigiraf|Protect\n|move|p1a: Garchomp|Poison Jab|p2a: Primarina\n|-supereffective|p2a: Primarina|1\n|-damage|p2a: Primarina|35/100\n|-status|p2a: Primarina|psn\n|move|p2a: Primarina|Hyper Voice|p1a: Garchomp|[spread] p1a,p1b\n|-damage|p1a: Garchomp|0 fnt\n|-damage|p1b: Kingambit|15/100\n|faint|p1a: Garchomp\n|move|p1b: Kingambit|Iron Head|p2b: Farigiraf\n|-activate|p2b: Farigiraf|move: Protect\n|\n|-damage|p2a: Primarina|22/100 psn|[from] psn\n|upkeep\n|\n|t:|1776433455\n|switch|p1a: Froslass|Froslass-Mega, L50, F|60/100\n|-weather|Snowscape|[from] ability: Snow Warning|[of] p1a: Froslass\n|turn|7\n|inactive|kondert has 30 seconds left.\n|inactive|kondert has 20 seconds left.\n|\n|t:|1776433494\n|switch|p2a: Crabominable|Crabominable, L50, M|100/100\n|move|p1a: Froslass|Blizzard|p2b: Farigiraf|[spread] p2a,p2b\n|-resisted|p2a: Crabominable|1\n|-damage|p2a: Crabominable|75/100\n|-damage|p2b: Farigiraf|0 fnt\n|faint|p2b: Farigiraf\n|move|p1b: Kingambit|Iron Head|p2a: Crabominable\n|-supereffective|p2a: Crabominable|1\n|-damage|p2a: Crabominable|10/100\n|\n|-weather|Snowscape|[upkeep]\n|upkeep\n|\n|t:|1776433504\n|switch|p2b: Primarina|Primarina, L50, M|22/100 psn\n|turn|8\n|\n|t:|1776433514\n|detailschange|p2a: Crabominable|Crabominable-Mega, L50, M\n|-mega|p2a: Crabominable|Crabominable|Crabominite\n|move|p1a: Froslass|Blizzard|p2a: Crabominable|[spread] p2a,p2b\n|-resisted|p2a: Crabominable|1\n|-resisted|p2b: Primarina|1\n|-damage|p2a: Crabominable|0 fnt\n|-damage|p2b: Primarina|3/100 psn\n|faint|p2a: Crabominable\n|move|p2b: Primarina|Hyper Voice|p1b: Kingambit|[spread] p1a,p1b\n|-damage|p1a: Froslass|2/100\n|-damage|p1b: Kingambit|0 fnt\n|faint|p1b: Kingambit\n|\n|-weather|Snowscape|[upkeep]\n|-damage|p2b: Primarina|0 fnt|[from] psn\n|faint|p2b: Primarina\n|\n|win|iheartskadi\n|raw|iheartskadi's rating: 1040 &rarr; <strong>1077</strong><br />(+37 for winning)\n|raw|kondert's rating: 1069 &rarr; <strong>1047</strong><br />(-22 for losing)\n|l|\u2606kondert\n|player|p2|\n",
  "uploadtime": 1776433529,
  "views": 31,
  "formatid": "gen9championsvgc2026regma",
  "rating": 1047,
  "private": 0,
  "password": null
}