{
  "id": "gen9championsvgc2026regma-2587066576",
  "format": "[Gen 9 Champions] VGC 2026 Reg M-A",
  "players": [
    "AzureChuck",
    "Warehouse User"
  ],
  "log": "|j|\u2606AzureChuck\n|j|\u2606Warehouse User\n|t:|1776488905\n|gametype|doubles\n|player|p1|AzureChuck|101|1059\n|player|p2|Warehouse User|102|1042\n|gen|9\n|tier|[Gen 9 Champions] VGC 2026 Reg M-A\n|rated|\n|rule|Species Clause: Limit one of each Pok\u00e9mon\n|rule|Item Clause: Limit 1 of each item\n|clearpoke\n|poke|p1|Gengar, L50, F|\n|poke|p1|Heliolisk, L50, F|\n|poke|p1|Maushold-Four, L50|\n|poke|p1|Corviknight, L50, M|\n|poke|p1|Whimsicott, L50, F|\n|poke|p1|Dragonite, L50, M|\n|poke|p2|Aegislash, L50, F|\n|poke|p2|Maushold-Four, L50|\n|poke|p2|Azumarill, L50, F|\n|poke|p2|Whimsicott, L50, F|\n|poke|p2|Beedrill, L50, M|\n|poke|p2|Castform, L50, M|\n|teampreview|4\n|inactive|Battle timer is ON: inactive players will automatically lose when time's up. (requested by AzureChuck)\n|inactive|AzureChuck has 60 seconds left.\n|\n|t:|1776488937\n|teamsize|p1|4\n|teamsize|p2|4\n|start\n|switch|p1a: The Intel|Heliolisk, L50, F|100/100\n|switch|p1b: The Control|Whimsicott, L50, F|100/100\n|switch|p2a: Azumarill|Azumarill, L50, F|100/100\n|switch|p2b: Maushold|Maushold-Four, L50|100/100\n|turn|1\n|\n|t:|1776488951\n|move|p2b: Maushold|Follow Me|p2b: Maushold\n|-singleturn|p2b: Maushold|move: Follow Me\n|move|p1b: The Control|Tailwind|p1b: The Control\n|-sidestart|p1: AzureChuck|move: Tailwind\n|move|p1a: The Intel|Electroweb|p2b: Maushold|[spread] p2a,p2b\n|-supereffective|p2a: Azumarill|1\n|-damage|p2a: Azumarill|70/100\n|-damage|p2b: Maushold|75/100\n|-unboost|p2a: Azumarill|spe|1\n|-unboost|p2b: Maushold|spe|1\n|move|p2a: Azumarill|Belly Drum|p2a: Azumarill\n|-damage|p2a: Azumarill|20/100\n|-setboost|p2a: Azumarill|atk|6|[from] move: Belly Drum\n|-enditem|p2a: Azumarill|Sitrus Berry|[eat]\n|-heal|p2a: Azumarill|45/100|[from] item: Sitrus Berry\n|\n|upkeep\n|turn|2\n|inactive|AzureChuck has 30 seconds left.\n|\n|t:|1776488977\n|move|p2b: Maushold|Follow Me|p2b: Maushold\n|-singleturn|p2b: Maushold|move: Follow Me\n|move|p1b: The Control|Encore|p2b: Maushold\n|-start|p2b: Maushold|Encore\n|move|p2a: Azumarill|Aqua Jet|p1a: The Intel\n|-immune|p1a: The Intel|[from] ability: Dry Skin\n|move|p1a: The Intel|Electroweb|p2a: Azumarill|[spread] p2a,p2b\n|-supereffective|p2a: Azumarill|1\n|-damage|p2a: Azumarill|16/100\n|-damage|p2b: Maushold|50/100\n|-unboost|p2a: Azumarill|spe|1\n|-unboost|p2b: Maushold|spe|1\n|\n|upkeep\n|turn|3\n|\n|t:|1776488994\n|switch|p2a: Aegislash|Aegislash, L50, F|100/100\n|move|p1b: The Control|Protect|p1b: The Control\n|-singleturn|p1b: The Control|Protect\n|move|p2b: Maushold|Follow Me|p2b: Maushold\n|-singleturn|p2b: Maushold|move: Follow Me\n|move|p1a: The Intel|Electroweb|p2b: Maushold|[spread] p2a\n|-miss|p1a: The Intel|p2b: Maushold\n|-damage|p2a: Aegislash|90/100\n|-unboost|p2a: Aegislash|spe|1\n|\n|upkeep\n|turn|4\n|\n|t:|1776489017\n|switch|p1b: The Hurt|Dragonite, L50, M|100/100\n|move|p2b: Maushold|Follow Me|p2b: Maushold\n|-singleturn|p2b: Maushold|move: Follow Me\n|move|p1a: The Intel|Shed Tail|p1a: The Intel\n|-start|p1a: The Intel|Substitute|[from] move: Shed Tail\n|-damage|p1a: The Intel|50/100\n|-enditem|p1a: The Intel|Sitrus Berry|[eat]\n|-heal|p1a: The Intel|75/100|[from] item: Sitrus Berry\n|\n|t:|1776489024\n|switch|p1a: Him.|Gengar, L50, F|100/100|[from] Shed Tail\n|move|p2a: Aegislash|Swords Dance|p2a: Aegislash\n|-boost|p2a: Aegislash|atk|2\n|\n|-sideend|p1: AzureChuck|move: Tailwind\n|upkeep\n|turn|5\n|\n|t:|1776489045\n|detailschange|p1a: Him.|Gengar-Mega, L50, F\n|-mega|p1a: Him.|Gengar|Gengarite\n|move|p1b: The Hurt|Extreme Speed|p2b: Maushold\n|-damage|p2b: Maushold|0 fnt\n|faint|p2b: Maushold\n|-formechange|p2a: Aegislash|Aegislash-Blade|\n|move|p2a: Aegislash|Shadow Sneak|p1a: Him.\n|-supereffective|p1a: Him.|1\n|-end|p1a: Him.|Substitute\n|move|p1a: Him.|Shadow Ball|p2a: Aegislash\n|-supereffective|p2a: Aegislash|1\n|-damage|p2a: Aegislash|0 fnt\n|faint|p2a: Aegislash\n|\n|upkeep\n|\n|t:|1776489061\n|switch|p2b: Whimsicott|Whimsicott, L50, F|100/100\n|switch|p2a: Azumarill|Azumarill, L50, F|16/100\n|turn|6\n|\n|t:|1776489072\n|move|p1b: The Hurt|Extreme Speed|p2a: Azumarill\n|-damage|p2a: Azumarill|0 fnt\n|faint|p2a: Azumarill\n|move|p1a: Him.|Icy Wind|p2b: Whimsicott\n|-supereffective|p2b: Whimsicott|1\n|-damage|p2b: Whimsicott|22/100\n|-unboost|p2b: Whimsicott|spe|1\n|move|p2b: Whimsicott|Moonblast|p1b: The Hurt\n|-supereffective|p1b: The Hurt|1\n|-damage|p1b: The Hurt|39/100\n|\n|upkeep\n|turn|7\n|\n|t:|1776489089\n|move|p1b: The Hurt|Extreme Speed|p2b: Whimsicott\n|-damage|p2b: Whimsicott|0 fnt\n|faint|p2b: Whimsicott\n|\n|win|AzureChuck\n|raw|AzureChuck's rating: 1059 &rarr; <strong>1089</strong><br />(+30 for winning)\n|raw|Warehouse User's rating: 1042 &rarr; <strong>1026</strong><br />(-16 for losing)\n",
  "uploadtime": 1776489092,
  "views": 16,
  "formatid": "gen9championsvgc2026regma",
  "rating": 1026,
  "private": 0,
  "password": null
}