{
  "id": "gen9championsvgc2026regma-2582638157",
  "format": "[Gen 9 Champions] VGC 2026 Reg M-A",
  "players": [
    "1006+pokemon",
    "Kieran Xyphon"
  ],
  "log": "|j|\u26061006+pokemon\n|j|\u2606Kieran Xyphon\n|t:|1776104205\n|gametype|doubles\n|player|p1|1006+pokemon|rocketgrunt|1087\n|player|p2|Kieran Xyphon|169|1000\n|gen|9\n|tier|[Gen 9 Champions] VGC 2026 Reg M-A\n|rated|\n|rule|Species Clause: Limit one of each Pok\u00e9mon\n|rule|Item Clause: Limit 1 of each item\n|clearpoke\n|poke|p1|Dragonite, L50, M|\n|poke|p1|Basculegion, L50, M|\n|poke|p1|Politoed, L50, F|\n|poke|p1|Sneasler, L50, F|\n|poke|p1|Sinistcha, L50|\n|poke|p1|Kingambit, L50, F|\n|poke|p2|Delphox, L50, M|\n|poke|p2|Raichu-Alola, L50, M|\n|poke|p2|Rotom-Wash, L50|\n|poke|p2|Meowstic, L50, M|\n|poke|p2|Garchomp, L50, F|\n|poke|p2|Clefable, L50, M|\n|teampreview|4\n|inactive|Battle timer is ON: inactive players will automatically lose when time's up. (requested by 1006+pokemon)\nKieran Xyphon rejected open team sheets.\n|\n|t:|1776104233\n|teamsize|p1|4\n|teamsize|p2|4\n|start\n|switch|p1a: Politoed|Politoed, L50, F|100/100\n|switch|p1b: Basculegion|Basculegion, L50, M|100/100\n|switch|p2a: Raichu|Raichu-Alola, L50, M|100/100\n|switch|p2b: Rotom|Rotom-Wash, L50|100/100\n|-weather|RainDance|[from] ability: Drizzle|[of] p1a: Politoed\n|turn|1\n|inactive|1006+pokemon has 30 seconds left.\n|\n|t:|1776104262\n|move|p1b: Basculegion|Flip Turn|p2b: Rotom\n|-resisted|p2b: Rotom|1\n|-damage|p2b: Rotom|62/100\n|\n|t:|1776104267\n|switch|p1b: Kingambit|Kingambit, L50, F|100/100|[from] Flip Turn\n|move|p2a: Raichu|Electric Terrain|p2a: Raichu\n|-fieldstart|move: Electric Terrain\n|move|p2b: Rotom|Rising Voltage|p1b: Kingambit\n|-hint|Rising Voltage's BP doubled on grounded target.\n|-damage|p1b: Kingambit|36/100\n|move|p1a: Politoed|Hydro Pump|p2a: Raichu\n|-damage|p2a: Raichu|10/100\n|\n|-weather|RainDance|[upkeep]\n|upkeep\n|turn|2\n|inactive|Kieran Xyphon has 30 seconds left.\n|\n|t:|1776104301\n|move|p1a: Politoed|Protect|p1a: Politoed\n|-singleturn|p1a: Politoed|Protect\n|move|p1b: Kingambit|Sucker Punch||[still]\n|-fail|p1b: Kingambit\n|move|p2a: Raichu|Skill Swap|p2b: Rotom\n|-activate|p2a: Raichu|Skill Swap|||[of] p2b: Rotom\n|move|p2b: Rotom|Rising Voltage|p1b: Kingambit\n|-hint|Rising Voltage's BP doubled on grounded target.\n|-damage|p1b: Kingambit|0 fnt\n|faint|p1b: Kingambit\n|\n|-weather|RainDance|[upkeep]\n|upkeep\n|\n|t:|1776104317\n|switch|p1b: Basculegion|Basculegion, L50, M|100/100\n|turn|3\n|\n|t:|1776104330\n|move|p2b: Rotom|Rising Voltage|p1b: Basculegion\n|-hint|Rising Voltage's BP doubled on grounded target.\n|-supereffective|p1b: Basculegion|1\n|-damage|p1b: Basculegion|0 fnt\n|faint|p1b: Basculegion\n|move|p2a: Raichu|Skill Swap|p1a: Politoed\n|-activate|p2a: Raichu|Skill Swap|Drizzle|Levitate|[of] p1a: Politoed\n|move|p1a: Politoed|Weather Ball|p2a: Raichu\n|-damage|p2a: Raichu|0 fnt\n|faint|p2a: Raichu\n|\n|-weather|RainDance|[upkeep]\n|upkeep\n|\n|t:|1776104347\n|switch|p2a: Clefable|Clefable, L50, M|100/100\n|switch|p1b: Dragonite|Dragonite, L50, M|100/100\n|turn|4\n|\n|t:|1776104359\n|detailschange|p1b: Dragonite|Dragonite-Mega, L50, M\n|-mega|p1b: Dragonite|Dragonite|Dragoninite\n|move|p2a: Clefable|Helping Hand|p2b: Rotom\n|-singleturn|p2b: Rotom|Helping Hand|[of] p2a: Clefable\n|move|p2b: Rotom|Rising Voltage|p1b: Dragonite\n|-damage|p1b: Dragonite|69/100\n|move|p1b: Dragonite|Thunder|p2b: Rotom\n|-damage|p2b: Rotom|4/100\n|move|p1a: Politoed|Weather Ball|p2a: Clefable\n|-damage|p2a: Clefable|54/100\n|\n|-weather|RainDance|[upkeep]\n|-heal|p2a: Clefable|60/100|[from] item: Leftovers\n|upkeep\n|turn|5\n|inactive|Kieran Xyphon has 30 seconds left.\n|\n|t:|1776104388\n|move|p2a: Clefable|Helping Hand|p2b: Rotom\n|-singleturn|p2b: Rotom|Helping Hand|[of] p2a: Clefable\n|move|p2b: Rotom|Rising Voltage|p1a: Politoed\n|-supereffective|p1a: Politoed|1\n|-damage|p1a: Politoed|0 fnt\n|faint|p1a: Politoed\n|move|p1b: Dragonite|Thunder|p2b: Rotom\n|-damage|p2b: Rotom|0 fnt\n|faint|p2b: Rotom\n|\n|-weather|none\n|-heal|p2a: Clefable|66/100|[from] item: Leftovers\n|-fieldend|move: Electric Terrain\n|upkeep\n|\n|t:|1776104401\n|switch|p2b: Garchomp|Garchomp, L50, F|100/100\n|turn|6\n|\n|t:|1776104415\n|move|p2a: Clefable|Follow Me|p2a: Clefable\n|-singleturn|p2a: Clefable|move: Follow Me\n|move|p1b: Dragonite|Draco Meteor|p2a: Clefable\n|-immune|p2a: Clefable\n|move|p2b: Garchomp|Dragon Claw|p1b: Dragonite\n|-supereffective|p1b: Dragonite|1\n|-damage|p1b: Dragonite|0 fnt\n|faint|p1b: Dragonite\n|\n|win|Kieran Xyphon\n|raw|1006+pokemon's rating: 1087 &rarr; <strong>1058</strong><br />(-29 for losing)\n|raw|Kieran Xyphon's rating: 1000 &rarr; <strong>1050</strong><br />(+50 for winning)\n|l|\u26061006+pokemon\n|player|p1|\n",
  "uploadtime": 1776104426,
  "views": 16,
  "formatid": "gen9championsvgc2026regma",
  "rating": 1050,
  "private": 0,
  "password": null
}