{
  "id": "gen9championsvgc2026regma-2587861496",
  "format": "[Gen 9 Champions] VGC 2026 Reg M-A",
  "players": [
    "seafgeneralbrasch",
    "alexanderbr039"
  ],
  "log": "|j|\u2606seafgeneralbrasch\n|j|\u2606alexanderbr039\n|t:|1776571749\n|gametype|doubles\n|player|p1|seafgeneralbrasch|giovanni|\n|player|p2|alexanderbr039|harlequin|\n|gen|9\n|tier|[Gen 9 Champions] VGC 2026 Reg M-A\n|rated|Tournament battle\n|rule|Species Clause: Limit one of each Pok\u00e9mon\n|rule|Item Clause: Limit 1 of each item\n|raw|<div class=\"infobox\"><details class=\"readmore\" open><summary><strong>1 custom rule:</strong></summary> Force Open Team Sheets</details></div>\n|clearpoke\n|poke|p1|Excadrill, L50, F, shiny|\n|poke|p1|Tyranitar, L50, M|\n|poke|p1|Corviknight, L50, M|\n|poke|p1|Primarina, L50, F|\n|poke|p1|Incineroar, L50, F|\n|poke|p1|Sinistcha, L50|\n|poke|p2|Archaludon, L50, F|\n|poke|p2|Pelipper, L50, M|\n|poke|p2|Sneasler, L50, M|\n|poke|p2|Incineroar, L50, M|\n|poke|p2|Basculegion, L50, M|\n|poke|p2|Gengar, L50, M|\n|teampreview|4\n|showteam|p1|Excadrill||FocusSash|SandRush|IronHead,HighHorsepower,Earthquake,Protect|||F|||50|]Tyranitar||Tyranitarite|SandStream|RockSlide,LowKick,Crunch,Protect|||M|||50|]Corviknight||Leftovers|MirrorArmor|BraveBird,BulkUp,Roost,Tailwind|||M|||50|]Primarina||SitrusBerry|LiquidVoice|Moonblast,HyperVoice,Haze,Protect|||F|||50|]Incineroar||ShucaBerry|Intimidate|FlareBlitz,DarkestLariat,PartingShot,FakeOut|||F|||50|]Sinistcha||MentalHerb|Hospitality|MatchaGotcha,RagePowder,StrengthSap,TrickRoom||||||50|\n|showteam|p2|Archaludon||Leftovers|Stamina|FlashCannon,DracoMeteor,ElectroShot,Protect|||F|||50|]Pelipper||FocusSash|Drizzle|WeatherBall,Hurricane,Tailwind,Protect|||M|||50|]Sneasler||WhiteHerb|Unburden|CloseCombat,DireClaw,FakeOut,Protect|||M|||50|]Incineroar||SitrusBerry|Intimidate|FlareBlitz,DarkestLariat,PartingShot,FakeOut|||M|||50|]Basculegion||MysticWater|SwiftSwim|WaveCrash,AquaJet,LastRespects,Protect|||M|||50|]Gengar||Gengarite|CursedBody|ShadowBall,IcyWind,SludgeBomb,Protect|||M|||50|\n|j| Bman311\n|j| Tealnotsu\n|\n|t:|1776571777\n|teamsize|p1|4\n|teamsize|p2|4\n|start\n|switch|p1a: Corviknight|Corviknight, L50, M|100/100\n|switch|p1b: Sinistcha|Sinistcha, L50|100/100\n|switch|p2a: Sneasler|Sneasler, L50, M|100/100\n|switch|p2b: Basculegion|Basculegion, L50, M|100/100\n|turn|1\n|c|\u2606seafgeneralbrasch|hi\n|c|\u2606seafgeneralbrasch|hows your day going\n|c|\u2606alexanderbr039|Not great actually\n|\n|t:|1776571822\n|switch|p2b: Gengar|Gengar, L50, M|100/100\n|move|p2a: Sneasler|Fake Out|p1a: Corviknight\n|-resisted|p1a: Corviknight|1\n|-damage|p1a: Corviknight|95/100\n|cant|p1a: Corviknight|flinch\n|move|p1b: Sinistcha|Matcha Gotcha|p2a: Sneasler|[spread] p2a,p2b\n|-resisted|p2a: Sneasler|1\n|-resisted|p2b: Gengar|1\n|-damage|p2a: Sneasler|83/100\n|-damage|p2b: Gengar|81/100\n|\n|-heal|p1a: Corviknight|100/100|[from] item: Leftovers\n|upkeep\n|turn|2\n|c|\u2606alexanderbr039|But thanks\n|inactive|Battle timer is ON: inactive players will automatically lose when time's up. (requested by alexanderbr039)\n|\n|t:|1776571890\n|switch|p1b: Tyranitar|Tyranitar, L50, M|100/100\n|-weather|Sandstorm|[from] ability: Sand Stream|[of] p1b: Tyranitar\n|detailschange|p2b: Gengar|Gengar-Mega, L50, M\n|-mega|p2b: Gengar|Gengar|Gengarite\n|move|p2b: Gengar|Shadow Ball|p1b: Tyranitar\n|-resisted|p1b: Tyranitar|1\n|-damage|p1b: Tyranitar|86/100\n|move|p2a: Sneasler|Close Combat|p1a: Corviknight\n|-damage|p1a: Corviknight|39/100\n|-unboost|p2a: Sneasler|def|1\n|-unboost|p2a: Sneasler|spd|1\n|-enditem|p2a: Sneasler|White Herb\n|-clearnegativeboost|p2a: Sneasler|[silent]\n|move|p1a: Corviknight|Brave Bird|p2a: Sneasler\n|-supereffective|p2a: Sneasler|1\n|-damage|p2a: Sneasler|0 fnt\n|faint|p2a: Sneasler\n|-damage|p1a: Corviknight|18/100|[from] Recoil\n|\n|-weather|Sandstorm|[upkeep]\n|-damage|p2b: Gengar|75/100|[from] Sandstorm\n|-heal|p1a: Corviknight|24/100|[from] item: Leftovers\n|upkeep\n|inactive|alexanderbr039 has 30 seconds left.\n|\n|t:|1776571918\n|switch|p2a: Basculegion|Basculegion, L50, M|100/100\n|turn|3\n|inactive|seafgeneralbrasch has 30 seconds left.\n|\n|t:|1776571951\n|detailschange|p1b: Tyranitar|Tyranitar-Mega, L50, M\n|-mega|p1b: Tyranitar|Tyranitar|Tyranitarite\n|move|p2b: Gengar|Protect|p2b: Gengar\n|-singleturn|p2b: Gengar|Protect\n|move|p2a: Basculegion|Protect|p2a: Basculegion\n|-singleturn|p2a: Basculegion|Protect\n|move|p1b: Tyranitar|Crunch|p2b: Gengar\n|-activate|p2b: Gengar|move: Protect\n|move|p1a: Corviknight|Tailwind|p1a: Corviknight\n|-sidestart|p1: seafgeneralbrasch|move: Tailwind\n|\n|-weather|Sandstorm|[upkeep]\n|-damage|p2b: Gengar|69/100|[from] Sandstorm\n|-damage|p2a: Basculegion|94/100|[from] Sandstorm\n|-heal|p1a: Corviknight|30/100|[from] item: Leftovers\n|upkeep\n|turn|4\n|j| eeveetaboo\n|j| VaatiMan92\n|inactive|seafgeneralbrasch has 30 seconds left.\n|inactive|alexanderbr039 has 30 seconds left.\n|\n|t:|1776571981\n|switch|p2b: Pelipper|Pelipper, L50, M|100/100\n|-weather|RainDance|[from] ability: Drizzle|[of] p2b: Pelipper\n|move|p2a: Basculegion|Aqua Jet|p1a: Corviknight\n|-damage|p1a: Corviknight|0 fnt\n|faint|p1a: Corviknight\n|move|p1b: Tyranitar|Crunch|p2b: Pelipper\n|-damage|p2b: Pelipper|35/100\n|\n|-weather|RainDance|[upkeep]\n|upkeep\n|\n|t:|1776571992\n|switch|p1a: Excadrill|Excadrill, L50, F, shiny|100/100\n|turn|5\n|inactive|alexanderbr039 has 30 seconds left.\n|l| VaatiMan92\n|inactive|alexanderbr039 has 20 seconds left.\n|\n|t:|1776572028\n|move|p2b: Pelipper|Protect|p2b: Pelipper\n|-singleturn|p2b: Pelipper|Protect\n|move|p1a: Excadrill|High Horsepower|p2a: Basculegion\n|-damage|p2a: Basculegion|20/100\n|move|p2a: Basculegion|Wave Crash|p1b: Tyranitar\n|-supereffective|p1b: Tyranitar|1\n|-damage|p1b: Tyranitar|0 fnt\n|faint|p1b: Tyranitar\n|-damage|p2a: Basculegion|0 fnt|[from] Recoil\n|faint|p2a: Basculegion\n|\n|-weather|RainDance|[upkeep]\n|upkeep\n|\n|t:|1776572045\n|switch|p2a: Gengar|Gengar-Mega, L50, M|69/100\n|switch|p1b: Sinistcha|Sinistcha, L50|100/100\n|turn|6\n|c|\u2606seafgeneralbrasch|noooooo\n|c|\u2606seafgeneralbrasch|im cooked\n|inactive|seafgeneralbrasch has 30 seconds left.\n|inactive|alexanderbr039 has 30 seconds left.\n|inactive|seafgeneralbrasch has 20 seconds left.\n|inactive|alexanderbr039 has 20 seconds left.\n|inactive|alexanderbr039 has 15 seconds left.\n|inactive|alexanderbr039 has 10 seconds left.\n|\n|t:|1776572094\n|move|p1a: Excadrill|High Horsepower|p2a: Gengar\n|-supereffective|p2a: Gengar|1\n|-damage|p2a: Gengar|0 fnt\n|faint|p2a: Gengar\n|move|p1b: Sinistcha|Strength Sap|p2b: Pelipper\n|-unboost|p2b: Pelipper|atk|1\n|move|p2b: Pelipper|Weather Ball|p1a: Excadrill\n|-supereffective|p1a: Excadrill|1\n|-enditem|p1a: Excadrill|Focus Sash\n|-damage|p1a: Excadrill|1/100\n|\n|-weather|RainDance|[upkeep]\n|-sideend|p1: seafgeneralbrasch|move: Tailwind\n|upkeep\n|turn|7\n|c|\u2606seafgeneralbrasch|yesssssss\n|c|\u2606alexanderbr039|Dang\n|c|\u2606alexanderbr039|gg\n|inactive|seafgeneralbrasch has 30 seconds left.\n|\n|t:|1776572120\n|move|p1a: Excadrill|Protect|p1a: Excadrill\n|-singleturn|p1a: Excadrill|Protect\n|move|p2b: Pelipper|Hurricane|p1a: Excadrill\n|-activate|p1a: Excadrill|move: Protect\n|move|p1b: Sinistcha|Matcha Gotcha|p2b: Pelipper\n|-damage|p2b: Pelipper|0 fnt\n|faint|p2b: Pelipper\n|\n|win|seafgeneralbrasch\n|n|\u2606seafgeneralbrasch|seafgeneralbrasch\n|n|\u2606alexanderbr039|alexanderbr039\n|n| Bman311|bman311\n|n| Tealnotsu|tealnotsu\n|n| eeveetaboo|eeveetaboo\n",
  "uploadtime": 1776572120,
  "views": 9,
  "formatid": "gen9championsvgc2026regma",
  "rating": null,
  "private": 0,
  "password": null
}