{
  "id": "gen9championsvgc2026regma-2584047658",
  "format": "[Gen 9 Champions] VGC 2026 Reg M-A",
  "players": [
    "prawnwizard",
    "Cosmicfab"
  ],
  "log": "|j|\u2606prawnwizard\n|j|\u2606Cosmicfab\n|t:|1776219949\n|gametype|doubles\n|player|p1|prawnwizard|harlequin|1188\n|player|p2|Cosmicfab|smasher|1243\n|gen|9\n|tier|[Gen 9 Champions] VGC 2026 Reg M-A\n|rated|\n|rule|Species Clause: Limit one of each Pok\u00e9mon\n|rule|Item Clause: Limit 1 of each item\n|clearpoke\n|poke|p1|Blastoise, L50, M|\n|poke|p1|Kingambit, L50, M|\n|poke|p1|Aerodactyl, L50, M|\n|poke|p1|Kangaskhan, L50, F|\n|poke|p1|Farigiraf, L50, M|\n|poke|p1|Sinistcha, L50|\n|poke|p2|Chesnaught, L50, F|\n|poke|p2|Oranguru, L50, M|\n|poke|p2|Incineroar, L50, F|\n|poke|p2|Mr. Rime, L50, M|\n|poke|p2|Sinistcha, L50|\n|poke|p2|Primarina, L50, M|\n|teampreview|4\n|inactive|Battle timer is ON: inactive players will automatically lose when time's up. (requested by prawnwizard)\n|inactive|Cosmicfab has 60 seconds left.\n|inactive|prawnwizard has 60 seconds left.\n|inactive|Cosmicfab has 30 seconds left.\n|\n|t:|1776220028\n|teamsize|p1|4\n|teamsize|p2|4\n|start\n|switch|p1a: Aerodactyl|Aerodactyl, L50, M|100/100\n|switch|p1b: Kingambit|Kingambit, L50, M|100/100\n|switch|p2a: Sinistcha|Sinistcha, L50|100/100\n|switch|p2b: Oranguru|Oranguru, L50, M|100/100\n|-ability|p1a: Aerodactyl|Unnerve\n|turn|1\n|\n|t:|1776220048\n|detailschange|p1a: Aerodactyl|Aerodactyl-Mega, L50, M\n|-mega|p1a: Aerodactyl|Aerodactyl|Aerodactylite\n|move|p2a: Sinistcha|Rage Powder|p2a: Sinistcha\n|-singleturn|p2a: Sinistcha|move: Rage Powder\n|move|p1a: Aerodactyl|Dual Wingbeat|p2a: Sinistcha|[miss]\n|-miss|p1a: Aerodactyl|p2a: Sinistcha\n|move|p1b: Kingambit|Kowtow Cleave|p2a: Sinistcha\n|-supereffective|p2a: Sinistcha|1\n|-damage|p2a: Sinistcha|4/100\n|move|p2b: Oranguru|Trick Room|p2b: Oranguru\n|-fieldstart|move: Trick Room|[of] p2b: Oranguru\n|\n|-heal|p2a: Sinistcha|10/100|[from] item: Leftovers\n|upkeep\n|turn|2\n|inactive|Cosmicfab has 30 seconds left.\n|\n|t:|1776220074\n|move|p2b: Oranguru|Protect|p2b: Oranguru\n|-singleturn|p2b: Oranguru|Protect\n|move|p1b: Kingambit|Sucker Punch|p2a: Sinistcha\n|-supereffective|p2a: Sinistcha|1\n|-damage|p2a: Sinistcha|0 fnt\n|faint|p2a: Sinistcha\n|move|p1a: Aerodactyl|Rock Slide|p2b: Oranguru\n|-activate|p2b: Oranguru|move: Protect\n|\n|upkeep\n|\n|t:|1776220080\n|switch|p2a: Chesnaught|Chesnaught, L50, F|100/100\n|turn|3\n|\n|t:|1776220096\n|switch|p1b: Sinistcha|Sinistcha, L50|100/100\n|detailschange|p2a: Chesnaught|Chesnaught-Mega, L50, F\n|-mega|p2a: Chesnaught|Chesnaught|Chesnaughtite\n|move|p2a: Chesnaught|Iron Defense|p2a: Chesnaught\n|-boost|p2a: Chesnaught|def|2\n|move|p2b: Oranguru|Instruct|p2a: Chesnaught\n|-singleturn|p2a: Chesnaught|move: Instruct|[of] p2b: Oranguru\n|move|p2a: Chesnaught|Iron Defense|p2a: Chesnaught\n|-boost|p2a: Chesnaught|def|2\n|move|p1a: Aerodactyl|Dual Wingbeat|p2a: Chesnaught\n|-supereffective|p2a: Chesnaught|2\n|-damage|p2a: Chesnaught|80/100\n|-supereffective|p2a: Chesnaught|2\n|-damage|p2a: Chesnaught|59/100\n|-hitcount|p2a: Chesnaught|2\n|\n|upkeep\n|turn|4\n|\n|t:|1776220120\n|move|p1b: Sinistcha|Rage Powder|p1b: Sinistcha\n|-singleturn|p1b: Sinistcha|move: Rage Powder\n|move|p2a: Chesnaught|Knock Off|p1b: Sinistcha\n|-supereffective|p1b: Sinistcha|1\n|-enditem|p1b: Sinistcha|Colbur Berry|[eat]\n|-enditem|p1b: Sinistcha|Colbur Berry|[weaken]\n|-damage|p1b: Sinistcha|80/100\n|move|p2b: Oranguru|Instruct|p1b: Sinistcha\n|-singleturn|p1b: Sinistcha|move: Instruct|[of] p2b: Oranguru\n|move|p1b: Sinistcha|Rage Powder||[still]\n|-fail|p1b: Sinistcha\n|move|p1a: Aerodactyl|Dual Wingbeat|p2a: Chesnaught\n|-supereffective|p2a: Chesnaught|2\n|-damage|p2a: Chesnaught|35/100\n|-supereffective|p2a: Chesnaught|2\n|-damage|p2a: Chesnaught|10/100\n|-hitcount|p2a: Chesnaught|2\n|\n|upkeep\n|turn|5\n|inactive|Cosmicfab has 30 seconds left.\n|\n|t:|1776220147\n|move|p1b: Sinistcha|Rage Powder|p1b: Sinistcha\n|-singleturn|p1b: Sinistcha|move: Rage Powder\n|move|p2a: Chesnaught|Body Press|p1a: Aerodactyl\n|-damage|p1a: Aerodactyl|0 fnt\n|faint|p1a: Aerodactyl\n|move|p2b: Oranguru|Instruct|p1b: Sinistcha\n|-singleturn|p1b: Sinistcha|move: Instruct|[of] p2b: Oranguru\n|move|p1b: Sinistcha|Rage Powder||[still]\n|-fail|p1b: Sinistcha\n|\n|-fieldend|move: Trick Room\n|upkeep\n|\n|t:|1776220156\n|switch|p1a: Kangaskhan|Kangaskhan, L50, F|100/100\n|turn|6\n|\n|t:|1776220166\n|move|p2a: Chesnaught|Protect|p2a: Chesnaught\n|-singleturn|p2a: Chesnaught|Protect\n|move|p1a: Kangaskhan|Fake Out|p2a: Chesnaught\n|-activate|p2a: Chesnaught|move: Protect\n|move|p1b: Sinistcha|Trick Room|p1b: Sinistcha\n|-fieldstart|move: Trick Room|[of] p1b: Sinistcha\n|move|p2b: Oranguru|Trick Room|p2b: Oranguru\n|-fieldend|move: Trick Room\n|\n|upkeep\n|turn|7\n|\n|t:|1776220184\n|move|p2a: Chesnaught|Protect|p2a: Chesnaught\n|-singleturn|p2a: Chesnaught|Protect\n|move|p1a: Kangaskhan|Last Resort|p2a: Chesnaught\n|-activate|p2a: Chesnaught|move: Protect\n|move|p1b: Sinistcha|Matcha Gotcha|p2a: Chesnaught|[spread] p2b\n|-activate|p2a: Chesnaught|move: Protect\n|-damage|p2b: Oranguru|83/100\n|-heal|p1b: Sinistcha|90/100|[from] drain|[of] p2b: Oranguru\n|move|p2b: Oranguru|Trick Room|p2b: Oranguru\n|-fieldstart|move: Trick Room|[of] p2b: Oranguru\n|\n|upkeep\n|turn|8\n|n|!prawnwizard|prawnwizard\n|\n|t:|1776220208\n|move|p2a: Chesnaught|Body Press|p1a: Kangaskhan\n|-supereffective|p1a: Kangaskhan|1\n|-damage|p1a: Kangaskhan|0 fnt\n|faint|p1a: Kangaskhan\n|move|p2b: Oranguru|Instruct|p2a: Chesnaught\n|-singleturn|p2a: Chesnaught|move: Instruct|[of] p2b: Oranguru\n|move|p2a: Chesnaught|Body Press|p1b: Sinistcha\n|-immune|p1b: Sinistcha\n|move|p1b: Sinistcha|Matcha Gotcha|p2b: Oranguru|[spread] p2a,p2b\n|-resisted|p2a: Chesnaught|1\n|-damage|p2a: Chesnaught|1/100\n|-heal|p1b: Sinistcha|95/100|[from] drain|[of] p2a: Chesnaught\n|-damage|p2b: Oranguru|65/100\n|-heal|p1b: Sinistcha|100/100|[from] drain|[of] p2b: Oranguru\n|\n|upkeep\n|\n|t:|1776220211\n|switch|p1a: Kingambit|Kingambit, L50, M|100/100\n|turn|9\n|\n|t:|1776220231\n|move|p2a: Chesnaught|Protect|p2a: Chesnaught\n|-singleturn|p2a: Chesnaught|Protect\n|move|p1a: Kingambit|Kowtow Cleave|p2b: Oranguru\n|-supereffective|p2b: Oranguru|1\n|-damage|p2b: Oranguru|0 fnt\n|faint|p2b: Oranguru\n|move|p1b: Sinistcha|Matcha Gotcha|p2a: Chesnaught\n|-activate|p2a: Chesnaught|move: Protect\n|\n|upkeep\n|\n|t:|1776220240\n|switch|p2b: Primarina|Primarina, L50, M|100/100\n|turn|10\n|\n|t:|1776220256\n|move|p1a: Kingambit|Sucker Punch|p2a: Chesnaught\n|-resisted|p2a: Chesnaught|1\n|-damage|p2a: Chesnaught|0 fnt\n|faint|p2a: Chesnaught\n|move|p2b: Primarina|Moonblast|p1b: Sinistcha\n|-damage|p1b: Sinistcha|48/100\n|move|p1b: Sinistcha|Matcha Gotcha|p2b: Primarina\n|-supereffective|p2b: Primarina|1\n|-damage|p2b: Primarina|49/100\n|-heal|p1b: Sinistcha|75/100|[from] drain|[of] p2b: Primarina\n|\n|upkeep\n|turn|11\n|\n|t:|1776220269\n|move|p1a: Kingambit|Iron Head|p2b: Primarina\n|-damage|p2b: Primarina|4/100\n|move|p2b: Primarina|Moonblast|p1b: Sinistcha\n|-damage|p1b: Sinistcha|21/100\n|move|p1b: Sinistcha|Matcha Gotcha|p2b: Primarina\n|-supereffective|p2b: Primarina|1\n|-damage|p2b: Primarina|0 fnt\n|-heal|p1b: Sinistcha|23/100|[from] drain|[of] p2b: Primarina\n|faint|p2b: Primarina\n|\n|win|prawnwizard\n",
  "uploadtime": 1776220193,
  "views": 15,
  "formatid": "gen9championsvgc2026regma",
  "rating": null,
  "private": 0,
  "password": null
}