{
  "id": "gen9championsvgc2026regma-2584960789",
  "format": "[Gen 9 Champions] VGC 2026 Reg M-A",
  "players": [
    "BestPessoa",
    "Techwiz_101"
  ],
  "log": "|j|\u2606BestPessoa\n|j|\u2606Techwiz_101\n|t:|1776298394\n|gametype|doubles\n|player|p1|BestPessoa|cynthia-gen4|1125\n|player|p2|Techwiz_101|102|1201\n|gen|9\n|tier|[Gen 9 Champions] VGC 2026 Reg M-A\n|rated|\n|rule|Species Clause: Limit one of each Pok\u00e9mon\n|rule|Item Clause: Limit 1 of each item\n|clearpoke\n|poke|p1|Garchomp, L50, M|\n|poke|p1|Gardevoir, L50, M|\n|poke|p1|Orthworm, L50, M|\n|poke|p1|Aerodactyl, L50, F|\n|poke|p1|Gengar, L50, F|\n|poke|p1|Incineroar, L50, M|\n|poke|p2|Zoroark-Hisui, L50, F|\n|poke|p2|Gallade, L50, M|\n|poke|p2|Liepard, L50, F|\n|poke|p2|Araquanid, L50, M|\n|poke|p2|Aggron, L50, M|\n|poke|p2|Dragapult, L50, M|\n|teampreview|4\n|\n|t:|1776298452\n|teamsize|p1|4\n|teamsize|p2|4\n|start\n|switch|p1a: Gardevoir|Gardevoir, L50, M, shiny|100/100\n|switch|p1b: Incineroar|Incineroar, L50, M|100/100\n|switch|p2a: Dragapult|Dragapult, L50, M|100/100\n|switch|p2b: Aggron|Aggron, L50, M|100/100\n|-ability|p1b: Incineroar|Intimidate|boost\n|-unboost|p2a: Dragapult|atk|1\n|-unboost|p2b: Aggron|atk|1\n|turn|1\n|inactive|Battle timer is ON: inactive players will automatically lose when time's up. (requested by BestPessoa)\n|\n|t:|1776298480\n|detailschange|p2b: Aggron|Aggron-Mega, L50, M\n|-mega|p2b: Aggron|Aggron|Aggronite\n|move|p2b: Aggron|Protect|p2b: Aggron\n|-singleturn|p2b: Aggron|Protect\n|move|p1a: Gardevoir|Icy Wind|p2b: Aggron|[spread] p2a\n|-activate|p2b: Aggron|move: Protect\n|-crit|p2a: Dragapult\n|-damage|p2a: Dragapult|56/100\n|-unboost|p2a: Dragapult|spe|1\n|replace|p2a: Zoroark|Zoroark-Hisui, L50, F\n|-end|p2a: Zoroark|Illusion\n|move|p2a: Zoroark|Icy Wind|p1b: Incineroar|[spread] p1a,p1b\n|-resisted|p1b: Incineroar|1\n|-damage|p1a: Gardevoir|86/100\n|-damage|p1b: Incineroar|96/100\n|-unboost|p1a: Gardevoir|spe|1\n|-unboost|p1b: Incineroar|spe|1\n|move|p1b: Incineroar|Flare Blitz|p2b: Aggron\n|-activate|p2b: Aggron|move: Protect\n|\n|-heal|p1b: Incineroar|100/100|[from] item: Leftovers\n|upkeep\n|turn|2\n|inactive|BestPessoa has 30 seconds left.\n|inactive|Techwiz_101 has 30 seconds left.\n|\n|t:|1776298511\n|switch|p1b: Garchomp|Garchomp, L50, M|100/100\n|move|p1a: Gardevoir|Icy Wind|p2b: Aggron|[spread] p2a,p2b\n|-resisted|p2b: Aggron|1\n|-damage|p2a: Zoroark|27/100\n|-damage|p2b: Aggron|93/100\n|-unboost|p2a: Zoroark|spe|1\n|-unboost|p2b: Aggron|spe|1\n|move|p2a: Zoroark|Bitter Malice|p1a: Gardevoir\n|-supereffective|p1a: Gardevoir|1\n|-damage|p1a: Gardevoir|0 fnt\n|faint|p1a: Gardevoir\n|move|p2b: Aggron|Body Press|p1b: Garchomp\n|-damage|p1b: Garchomp|58/100\n|-damage|p2b: Aggron|81/100|[from] ability: Rough Skin|[of] p1b: Garchomp\n|\n|upkeep\n|\n|t:|1776298527\n|switch|p1a: Aerodactyl|Aerodactyl, L50, F|100/100\n|-ability|p1a: Aerodactyl|Unnerve\n|turn|3\n|\n|t:|1776298541\n|move|p2b: Aggron|Protect|p2b: Aggron\n|-singleturn|p2b: Aggron|Protect\n|move|p1a: Aerodactyl|Tailwind|p1a: Aerodactyl\n|-sidestart|p1: BestPessoa|move: Tailwind\n|move|p1b: Garchomp|Earthquake|p2b: Aggron|[spread] p2a\n|-activate|p2b: Aggron|move: Protect\n|-immune|p1a: Aerodactyl\n|-damage|p2a: Zoroark|0 fnt\n|faint|p2a: Zoroark\n|\n|upkeep\n|\n|t:|1776298550\n|switch|p2a: Liepard|Liepard, L50, F|100/100\n|turn|4\n|inactive|BestPessoa has 30 seconds left.\n|\n|t:|1776298575\n|move|p2a: Liepard|Encore|p1a: Aerodactyl\n|-start|p1a: Aerodactyl|Encore\n|move|p1a: Aerodactyl|Tailwind||[still]\n|-fail|p1a: Aerodactyl\n|move|p1b: Garchomp|Earthquake|p2b: Aggron|[spread] p2a,p2b\n|-immune|p1a: Aerodactyl\n|-supereffective|p2b: Aggron|1\n|-damage|p2a: Liepard|42/100\n|-damage|p2b: Aggron|55/100\n|move|p2b: Aggron|Avalanche|p1b: Garchomp\n|-supereffective|p1b: Garchomp|2\n|-damage|p1b: Garchomp|0 fnt\n|-damage|p2b: Aggron|42/100|[from] ability: Rough Skin|[of] p1b: Garchomp\n|faint|p1b: Garchomp\n|\n|upkeep\n|\n|t:|1776298589\n|switch|p1b: Incineroar|Incineroar, L50, M|100/100\n|-ability|p1b: Incineroar|Intimidate|boost\n|-unboost|p2a: Liepard|atk|1\n|-unboost|p2b: Aggron|atk|1\n|turn|5\n|\n|t:|1776298612\n|move|p2a: Liepard|Taunt|p1a: Aerodactyl\n|-start|p1a: Aerodactyl|move: Taunt\n|cant|p1a: Aerodactyl|move: Taunt|Tailwind\n|move|p1b: Incineroar|Flare Blitz|p2b: Aggron\n|-supereffective|p2b: Aggron|1\n|-damage|p2b: Aggron|11/100\n|-damage|p1b: Incineroar|91/100|[from] Recoil\n|move|p2b: Aggron|Body Press|p1b: Incineroar\n|-supereffective|p1b: Incineroar|1\n|-damage|p1b: Incineroar|8/100\n|\n|-heal|p1b: Incineroar|14/100|[from] item: Leftovers\n|upkeep\n|turn|6\n|\n|t:|1776298634\n|move|p1b: Incineroar|Protect|p1b: Incineroar\n|-singleturn|p1b: Incineroar|Protect\n|-activate|p1a: Aerodactyl|move: Struggle\n|move|p1a: Aerodactyl|Struggle|p2a: Liepard\n|-damage|p2a: Liepard|18/100\n|-damage|p1a: Aerodactyl|76/100|[from] recoil\n|move|p2a: Liepard|Knock Off|p1b: Incineroar\n|-activate|p1b: Incineroar|move: Protect\n|move|p2b: Aggron|Heavy Slam|p1a: Aerodactyl\n|-supereffective|p1a: Aerodactyl|1\n|-damage|p1a: Aerodactyl|0 fnt\n|faint|p1a: Aerodactyl\n|\n|-heal|p1b: Incineroar|20/100|[from] item: Leftovers\n|-sideend|p1: BestPessoa|move: Tailwind\n|upkeep\n|turn|7\n|inactive|BestPessoa has 30 seconds left.\n|\n|t:|1776298661\n|move|p2a: Liepard|Knock Off|p1b: Incineroar\n|-resisted|p1b: Incineroar|1\n|-damage|p1b: Incineroar|10/100\n|-enditem|p1b: Incineroar|Leftovers|[from] move: Knock Off|[of] p2a: Liepard\n|move|p1b: Incineroar|Flare Blitz|p2b: Aggron\n|-supereffective|p2b: Aggron|1\n|-damage|p2b: Aggron|0 fnt\n|faint|p2b: Aggron\n|-damage|p1b: Incineroar|7/100|[from] Recoil\n|\n|upkeep\n|\n|t:|1776298667\n|switch|p2b: Dragapult|Dragapult, L50, M|100/100\n|turn|8\n|\n|t:|1776298675\n|move|p1b: Incineroar|Protect|p1b: Incineroar\n|-singleturn|p1b: Incineroar|Protect\n|move|p2b: Dragapult|Shadow Ball|p1b: Incineroar\n|-activate|p1b: Incineroar|move: Protect\n|move|p2a: Liepard|Knock Off|p1b: Incineroar\n|-activate|p1b: Incineroar|move: Protect\n|\n|upkeep\n|turn|9\n|-message|BestPessoa forfeited.\n|\n|win|Techwiz_101\n|raw|BestPessoa's rating: 1125 &rarr; <strong>1105</strong><br />(-20 for losing)\n|raw|Techwiz_101's rating: 1201 &rarr; <strong>1221</strong><br />(+20 for winning)\n|l|\u2606BestPessoa\n|player|p1|\n",
  "uploadtime": 1776298691,
  "views": 18,
  "formatid": "gen9championsvgc2026regma",
  "rating": 1105,
  "private": 0,
  "password": null
}