{
  "id": "gen9championsvgc2026regma-2587727251",
  "format": "[Gen 9 Champions] VGC 2026 Reg M-A",
  "players": [
    "3farrow",
    "CaliberChamp"
  ],
  "log": "|j|\u26063farrow\n|j|\u2606CaliberChamp\n|t:|1776557917\n|gametype|doubles\n|player|p1|3farrow|sabrina|1028\n|player|p2|CaliberChamp|red-masters|1103\n|gen|9\n|tier|[Gen 9 Champions] VGC 2026 Reg M-A\n|rated|\n|rule|Species Clause: Limit one of each Pok\u00e9mon\n|rule|Item Clause: Limit 1 of each item\n|clearpoke\n|poke|p1|Starmie, L50|\n|poke|p1|Tyranitar, L50, M|\n|poke|p1|Aerodactyl, L50, M|\n|poke|p1|Garchomp, L50, M|\n|poke|p1|Hydreigon, L50, M|\n|poke|p1|Typhlosion, L50, F|\n|poke|p2|Greninja, L50, M|\n|poke|p2|Aegislash, L50, F, shiny|\n|poke|p2|Hawlucha, L50, M|\n|poke|p2|Klefki, L50, F|\n|poke|p2|Tyrantrum, L50, M, shiny|\n|poke|p2|Noivern, L50, F|\n|teampreview|4\n|inactive|Battle timer is ON: inactive players will automatically lose when time's up. (requested by CaliberChamp)\n|\n|t:|1776557937\n|teamsize|p1|4\n|teamsize|p2|4\n|start\n|switch|p1a: Starmie|Starmie, L50|100/100\n|switch|p1b: Aerodactyl|Aerodactyl, L50, M|100/100\n|switch|p2a: Tyrantrum|Tyrantrum, L50, M, shiny|100/100\n|switch|p2b: Noivern|Noivern, L50, F|100/100\n|-ability|p1b: Aerodactyl|Unnerve\n|turn|1\n|-activate|p2a: Tyrantrum|item: Quick Claw\n|\n|t:|1776557950\n|detailschange|p1a: Starmie|Starmie-Mega, L50\n|-mega|p1a: Starmie|Starmie|Starminite\n|move|p1a: Starmie|Protect|p1a: Starmie\n|-singleturn|p1a: Starmie|Protect\n|move|p2a: Tyrantrum|Rock Slide|p1b: Aerodactyl|[spread] p1b\n|-activate|p1a: Starmie|move: Protect\n|-supereffective|p1b: Aerodactyl|1\n|-damage|p1b: Aerodactyl|4/100\n|move|p1b: Aerodactyl|Tailwind|p1b: Aerodactyl\n|-sidestart|p1: 3farrow|move: Tailwind\n|move|p2b: Noivern|Tailwind|p2b: Noivern\n|-sidestart|p2: CaliberChamp|move: Tailwind\n|\n|upkeep\n|turn|2\n|inactive|3farrow has 30 seconds left.\n|inactive|CaliberChamp has 30 seconds left.\n|inactive|3farrow has 20 seconds left.\n|inactive|3farrow has 15 seconds left.\n|\n|t:|1776557991\n|switch|p1b: Tyranitar|Tyranitar, L50, M|100/100\n|-weather|Sandstorm|[from] ability: Sand Stream|[of] p1b: Tyranitar\n|move|p1a: Starmie|Skill Swap|p1b: Tyranitar\n|-activate|p1a: Starmie|Skill Swap|||[of] p1b: Tyranitar\n|move|p2b: Noivern|Super Fang|p1a: Starmie\n|-damage|p1a: Starmie|51/100\n|move|p2a: Tyrantrum|Rock Slide|p1a: Starmie|[spread] p1b\n|-miss|p2a: Tyrantrum|p1a: Starmie\n|-damage|p1b: Tyranitar|74/100\n|\n|-weather|Sandstorm|[upkeep]\n|-damage|p1a: Starmie|45/100|[from] Sandstorm\n|-damage|p2b: Noivern|94/100|[from] Sandstorm\n|upkeep\n|turn|3\n|inactive|CaliberChamp has 30 seconds left.\n|\n|t:|1776558021\n|move|p1a: Starmie|Liquidation|p2a: Tyrantrum\n|-damage|p2a: Tyrantrum|69/100\n|move|p1b: Tyranitar|Rock Slide|p2a: Tyrantrum|[spread] p2a,p2b\n|-supereffective|p2b: Noivern|1\n|-damage|p2a: Tyrantrum|18/100\n|-damage|p2b: Noivern|0 fnt\n|faint|p2b: Noivern\n|move|p2a: Tyrantrum|Earthquake|p1a: Starmie|[spread] p1a,p1b\n|-supereffective|p1b: Tyranitar|1\n|-crit|p1b: Tyranitar\n|-damage|p1a: Starmie|13/100\n|-damage|p1b: Tyranitar|3/100\n|\n|-weather|Sandstorm|[upkeep]\n|-damage|p1a: Starmie|7/100|[from] Sandstorm\n|upkeep\n|\n|t:|1776558043\n|switch|p2b: Greninja|Greninja, L50, M|100/100\n|turn|4\n|\n|t:|1776558053\n|move|p2b: Greninja|Icy Wind|p1b: Tyranitar|[spread] p1a,p1b\n|-start|p2b: Greninja|typechange|Ice|[from] ability: Protean\n|-resisted|p1a: Starmie|1\n|-damage|p1a: Starmie|0 fnt\n|-damage|p1b: Tyranitar|0 fnt\n|faint|p1a: Starmie\n|faint|p1b: Tyranitar\n|move|p2a: Tyrantrum|Rock Slide|p1: Starmie|[notarget]\n|-fail|p2a: Tyrantrum\n|\n|-weather|Sandstorm|[upkeep]\n|-damage|p2b: Greninja|94/100|[from] Sandstorm\n|-sideend|p1: 3farrow|move: Tailwind\n|-sideend|p2: CaliberChamp|move: Tailwind\n|upkeep\n|\n|t:|1776558064\n|switch|p1a: Aerodactyl|Aerodactyl, L50, M|4/100\n|switch|p1b: Hydreigon|Hydreigon, L50, M|100/100\n|-ability|p1a: Aerodactyl|Unnerve\n|turn|5\n|-activate|p2a: Tyrantrum|item: Quick Claw\n|\n|t:|1776558077\n|move|p2a: Tyrantrum|Ice Fang|p1b: Hydreigon\n|-supereffective|p1b: Hydreigon|1\n|-damage|p1b: Hydreigon|24/100\n|move|p2b: Greninja|Icy Wind|p1a: Aerodactyl|[spread] p1a,p1b\n|-supereffective|p1a: Aerodactyl|1\n|-supereffective|p1b: Hydreigon|1\n|-damage|p1a: Aerodactyl|0 fnt\n|-damage|p1b: Hydreigon|0 fnt\n|faint|p1a: Aerodactyl\n|faint|p1b: Hydreigon\n|\n|win|CaliberChamp\n|raw|3farrow's rating: 1028 &rarr; <strong>1017</strong><br />(-11 for losing)\n|raw|CaliberChamp's rating: 1103 &rarr; <strong>1123</strong><br />(+20 for winning)\n|l|\u26063farrow\n|player|p1|\n",
  "uploadtime": 1776558100,
  "views": 17,
  "formatid": "gen9championsvgc2026regma",
  "rating": 1017,
  "private": 0,
  "password": null
}