{
  "id": "gen9championsvgc2026regma-2581380991",
  "format": "[Gen 9 Champions] VGC 2026 Reg M-A",
  "players": [
    "rainmanontheside",
    "nyloc"
  ],
  "log": "|j|\u2606rainmanontheside\n|j|\u2606nyloc\n|t:|1775994155\n|gametype|doubles\n|player|p1|rainmanontheside|burglar|1207\n|player|p2|nyloc|cilan|1136\n|gen|9\n|tier|[Gen 9 Champions] VGC 2026 Reg M-A\n|rated|\n|rule|Species Clause: Limit one of each Pok\u00e9mon\n|rule|Item Clause: Limit 1 of each item\n|clearpoke\n|poke|p1|Sinistcha, L50|\n|poke|p1|Excadrill, L50, M|\n|poke|p1|Tyranitar, L50, M|\n|poke|p1|Talonflame, L50, M|\n|poke|p1|Primarina, L50, F|\n|poke|p1|Aerodactyl, L50, M|\n|poke|p2|Farigiraf, L50, F|\n|poke|p2|Ampharos, L50, M|\n|poke|p2|Arcanine, L50, F|\n|poke|p2|Whimsicott, L50, F|\n|poke|p2|Garchomp, L50, F|\n|poke|p2|Tyranitar, L50, M|\n|teampreview|4\n|inactive|Battle timer is ON: inactive players will automatically lose when time's up. (requested by nyloc)\n|inactive|nyloc has 60 seconds left.\n|inactive|rainmanontheside has 60 seconds left.\n|\n|t:|1775994198\n|teamsize|p1|4\n|teamsize|p2|4\n|start\n|switch|p1a: Talonflame|Talonflame, L50, M, shiny|100/100\n|switch|p1b: Primarina|Primarina, L50, F|100/100\n|switch|p2a: Bouncy|Whimsicott, L50, F, shiny|100/100\n|switch|p2b: Windie|Arcanine, L50, F|100/100\n|-ability|p2b: Windie|Intimidate|boost\n|-unboost|p1a: Talonflame|atk|1\n|-unboost|p1b: Primarina|atk|1\n|turn|1\n|inactive|nyloc has 30 seconds left.\n|inactive|nyloc has 20 seconds left.\n|\n|t:|1775994237\n|switch|p2a: Astronaut|Farigiraf, L50, F, shiny|100/100\n|switch|p2b: Saiyan|Ampharos, L50, M|100/100\n|move|p1a: Talonflame|Tailwind|p1a: Talonflame\n|-sidestart|p1: rainmanontheside|move: Tailwind\n|move|p1b: Primarina|Hyper Voice|p2a: Astronaut|[spread] p2a,p2b\n|-damage|p2a: Astronaut|60/100\n|-damage|p2b: Saiyan|66/100\n|\n|upkeep\n|turn|2\n|\n|t:|1775994261\n|switch|p1a: Sinistcha|Sinistcha, L50, shiny|100/100\n|move|p1b: Primarina|Moonblast|p2a: Astronaut\n|-damage|p2a: Astronaut|10/100\n|move|p2b: Saiyan|Thunderbolt|p1b: Primarina\n|-supereffective|p1b: Primarina|1\n|-damage|p1b: Primarina|18/100\n|move|p2a: Astronaut|Trick Room|p2a: Astronaut\n|-fieldstart|move: Trick Room|[of] p2a: Astronaut\n|\n|upkeep\n|turn|3\n|\n|t:|1775994277\n|detailschange|p2b: Saiyan|Ampharos-Mega, L50, M\n|-mega|p2b: Saiyan|Ampharos|Ampharosite\n|-ability|p2b: Saiyan|Mold Breaker\n|move|p1b: Primarina|Protect|p1b: Primarina\n|-singleturn|p1b: Primarina|Protect\n|move|p2b: Saiyan|Thunderbolt|p1b: Primarina\n|-activate|p1b: Primarina|move: Protect\n|move|p2a: Astronaut|Psyshock|p1a: Sinistcha\n|-damage|p1a: Sinistcha|70/100\n|move|p1a: Sinistcha|Trick Room|p1a: Sinistcha\n|-fieldend|move: Trick Room\n|\n|-heal|p1a: Sinistcha|76/100|[from] item: Leftovers\n|upkeep\n|turn|4\n|\n|t:|1775994298\n|switch|p2a: Bouncy|Whimsicott, L50, F, shiny|100/100\n|move|p2b: Saiyan|Protect|p2b: Saiyan\n|-singleturn|p2b: Saiyan|Protect\n|move|p1b: Primarina|Moonblast|p2b: Saiyan\n|-activate|p2b: Saiyan|move: Protect\n|move|p1a: Sinistcha|Matcha Gotcha|p2b: Saiyan|[spread] p2a\n|-activate|p2b: Saiyan|move: Protect\n|-resisted|p2a: Bouncy|1\n|-damage|p2a: Bouncy|86/100\n|-heal|p1a: Sinistcha|83/100|[from] drain|[of] p2a: Bouncy\n|\n|-heal|p1a: Sinistcha|89/100|[from] item: Leftovers\n|-sideend|p1: rainmanontheside|move: Tailwind\n|upkeep\n|turn|5\n|\n|t:|1775994312\n|move|p1b: Primarina|Protect|p1b: Primarina\n|-singleturn|p1b: Primarina|Protect\n|move|p2a: Bouncy|Tailwind|p2a: Bouncy\n|-sidestart|p2: nyloc|move: Tailwind\n|move|p2b: Saiyan|Thunderbolt|p1b: Primarina\n|-activate|p1b: Primarina|move: Protect\n|move|p1a: Sinistcha|Trick Room|p1a: Sinistcha\n|-fieldstart|move: Trick Room|[of] p1a: Sinistcha\n|\n|-heal|p1a: Sinistcha|95/100|[from] item: Leftovers\n|upkeep\n|turn|6\n|\n|t:|1775994324\n|move|p2b: Saiyan|Protect|p2b: Saiyan\n|-singleturn|p2b: Saiyan|Protect\n|move|p1a: Sinistcha|Rage Powder|p1a: Sinistcha\n|-singleturn|p1a: Sinistcha|move: Rage Powder\n|move|p2a: Bouncy|Encore|p1a: Sinistcha\n|-start|p1a: Sinistcha|Encore\n|move|p1b: Primarina|Moonblast|p2b: Saiyan\n|-activate|p2b: Saiyan|move: Protect\n|\n|-heal|p1a: Sinistcha|100/100|[from] item: Leftovers\n|upkeep\n|turn|7\n|\n|t:|1775994338\n|switch|p2b: Astronaut|Farigiraf, L50, F, shiny|10/100\n|move|p1a: Sinistcha|Rage Powder|p1a: Sinistcha\n|-singleturn|p1a: Sinistcha|move: Rage Powder\n|move|p1b: Primarina|Hyper Voice|p2b: Astronaut|[spread] p2a,p2b\n|-resisted|p2a: Bouncy|1\n|-damage|p2a: Bouncy|58/100\n|-damage|p2b: Astronaut|0 fnt\n|faint|p2b: Astronaut\n|move|p2a: Bouncy|Moonblast|p1b: Primarina\n|-damage|p1b: Primarina|0 fnt\n|faint|p1b: Primarina\n|\n|upkeep\n|c|\u2606nyloc|how\n|c|\u2606nyloc|how did i overcome rage powder\n|inactive|nyloc has 30 seconds left.\n|\n|t:|1775994368\n|switch|p2b: Saiyan|Ampharos-Mega, L50, M|66/100\n|switch|p1b: Talonflame|Talonflame, L50, M, shiny|100/100\n|-ability|p2b: Saiyan|Mold Breaker\n|turn|8\n|inactive|nyloc has 30 seconds left.\n|\n|t:|1775994395\n|switch|p2a: Windie|Arcanine, L50, F|100/100\n|-ability|p2a: Windie|Intimidate|boost\n|-unboost|p1a: Sinistcha|atk|1\n|-unboost|p1b: Talonflame|atk|1\n|move|p1a: Sinistcha|Rage Powder|p1a: Sinistcha\n|-singleturn|p1a: Sinistcha|move: Rage Powder\n|move|p1b: Talonflame|Dual Wingbeat|p2a: Windie\n|-damage|p2a: Windie|89/100\n|-damage|p2a: Windie|79/100\n|-hitcount|p2a: Windie|2\n|move|p2b: Saiyan|Power Gem|p1a: Sinistcha\n|-damage|p1a: Sinistcha|61/100\n|\n|-heal|p1a: Sinistcha|67/100|[from] item: Leftovers\n|-sideend|p2: nyloc|move: Tailwind\n|upkeep\n|turn|9\n|\n|t:|1775994415\n|switch|p1a: Tyranitar|Tyranitar, L50, M|100/100\n|-weather|Sandstorm|[from] ability: Sand Stream|[of] p1a: Tyranitar\n|move|p1b: Talonflame|Tailwind|p1b: Talonflame\n|-sidestart|p1: rainmanontheside|move: Tailwind\n|move|p2b: Saiyan|Power Gem|p1b: Talonflame\n|-supereffective|p1b: Talonflame|2\n|-enditem|p1b: Talonflame|Focus Sash\n|-damage|p1b: Talonflame|1/100\n|move|p2a: Windie|Flare Blitz|p1a: Tyranitar\n|-resisted|p1a: Tyranitar|1\n|-damage|p1a: Tyranitar|70/100\n|-damage|p2a: Windie|70/100|[from] Recoil\n|\n|-weather|Sandstorm|[upkeep]\n|-damage|p2b: Saiyan|60/100|[from] Sandstorm\n|-damage|p2a: Windie|64/100|[from] Sandstorm\n|-damage|p1b: Talonflame|0 fnt|[from] Sandstorm\n|faint|p1b: Talonflame\n|-fieldend|move: Trick Room\n|upkeep\n|\n|t:|1775994427\n|switch|p1b: Sinistcha|Sinistcha, L50, shiny|67/100\n|-heal|p1a: Tyranitar|95/100|[from] ability: Hospitality|[of] p1b: Sinistcha\n|turn|10\n|\n|t:|1775994446\n|switch|p2b: Bouncy|Whimsicott, L50, F, shiny|58/100\n|move|p1b: Sinistcha|Rage Powder|p1b: Sinistcha\n|-singleturn|p1b: Sinistcha|move: Rage Powder\n|move|p1a: Tyranitar|Dragon Dance|p1a: Tyranitar\n|-boost|p1a: Tyranitar|atk|1\n|-boost|p1a: Tyranitar|spe|1\n|move|p2a: Windie|Snarl|p1b: Sinistcha|[spread] p1a,p1b\n|-resisted|p1a: Tyranitar|1\n|-supereffective|p1b: Sinistcha|1\n|-damage|p1a: Tyranitar|92/100\n|-damage|p1b: Sinistcha|43/100\n|-unboost|p1a: Tyranitar|spa|1\n|-unboost|p1b: Sinistcha|spa|1\n|\n|-weather|Sandstorm|[upkeep]\n|-damage|p1b: Sinistcha|37/100|[from] Sandstorm\n|-damage|p2b: Bouncy|52/100|[from] Sandstorm\n|-damage|p2a: Windie|58/100|[from] Sandstorm\n|-heal|p1b: Sinistcha|43/100|[from] item: Leftovers\n|upkeep\n|turn|11\n|\n|t:|1775994462\n|detailschange|p1a: Tyranitar|Tyranitar-Mega, L50, M\n|-mega|p1a: Tyranitar|Tyranitar|Tyranitarite\n|move|p1b: Sinistcha|Rage Powder|p1b: Sinistcha\n|-singleturn|p1b: Sinistcha|move: Rage Powder\n|move|p2b: Bouncy|Sunny Day|p2b: Bouncy\n|-weather|SunnyDay\n|move|p1a: Tyranitar|Rock Slide|p2a: Windie|[spread] \n|-miss|p1a: Tyranitar|p2a: Windie\n|-miss|p1a: Tyranitar|p2b: Bouncy\n|move|p2a: Windie|Flare Blitz|p1b: Sinistcha\n|-supereffective|p1b: Sinistcha|1\n|-damage|p1b: Sinistcha|0 fnt\n|faint|p1b: Sinistcha\n|-damage|p2a: Windie|45/100|[from] Recoil\n|-enditem|p2a: Windie|Sitrus Berry|[eat]\n|-heal|p2a: Windie|70/100|[from] item: Sitrus Berry\n|\n|-weather|SunnyDay|[upkeep]\n|upkeep\n|turn|12\n|\n|t:|1775994484\n|move|p2b: Bouncy|Tailwind|p2b: Bouncy\n|-sidestart|p2: nyloc|move: Tailwind\n|move|p1a: Tyranitar|Rock Slide|p2a: Windie|[spread] p2a,p2b\n|-supereffective|p2a: Windie|1\n|-damage|p2a: Windie|0 fnt\n|-damage|p2b: Bouncy|0 fnt\n|faint|p2a: Windie\n|faint|p2b: Bouncy\n|\n|-weather|SunnyDay|[upkeep]\n|-sideend|p1: rainmanontheside|move: Tailwind\n|upkeep\n|\n|t:|1775994493\n|switch|p2b: Saiyan|Ampharos-Mega, L50, M|60/100\n|-ability|p2b: Saiyan|Mold Breaker\n|turn|13\n|\n|t:|1775994499\n|move|p1a: Tyranitar|Protect|p1a: Tyranitar\n|-singleturn|p1a: Tyranitar|Protect\n|move|p2b: Saiyan|Thunderbolt|p1a: Tyranitar\n|-activate|p1a: Tyranitar|move: Protect\n|\n|-weather|SunnyDay|[upkeep]\n|upkeep\n|turn|14\n|\n|t:|1775994504\n|move|p1a: Tyranitar|Knock Off|p2b: Saiyan\n|-damage|p2b: Saiyan|0 fnt\n|faint|p2b: Saiyan\n|\n|win|rainmanontheside\n|raw|rainmanontheside's rating: 1207 &rarr; <strong>1227</strong><br />(+20 for winning)\n|raw|nyloc's rating: 1136 &rarr; <strong>1116</strong><br />(-20 for losing)\n",
  "uploadtime": 1775994512,
  "views": 21,
  "formatid": "gen9championsvgc2026regma",
  "rating": 1116,
  "private": 0,
  "password": null
}