{
  "id": "gen9championsvgc2026regma-2586684157",
  "format": "[Gen 9 Champions] VGC 2026 Reg M-A",
  "players": [
    "DCAndR",
    "benjigeon"
  ],
  "log": "|j|\u2606DCAndR\n|j|\u2606benjigeon\n|t:|1776451979\n|gametype|doubles\n|player|p1|DCAndR|1|1106\n|player|p2|benjigeon|pokemonranger-gen4|1058\n|gen|9\n|tier|[Gen 9 Champions] VGC 2026 Reg M-A\n|rated|\n|rule|Species Clause: Limit one of each Pok\u00e9mon\n|rule|Item Clause: Limit 1 of each item\n|clearpoke\n|poke|p1|Froslass, L50, F|\n|poke|p1|Sneasler, L50, F|\n|poke|p1|Kingambit, L50, M|\n|poke|p1|Rotom-Frost, L50|\n|poke|p1|Garchomp, L50, F|\n|poke|p1|Talonflame, L50, F|\n|poke|p2|Beedrill, L50, F|\n|poke|p2|Whimsicott, L50, M|\n|poke|p2|Sinistcha, L50|\n|poke|p2|Basculegion, L50, M|\n|poke|p2|Lucario, L50, M|\n|poke|p2|Pelipper, L50, F|\n|teampreview|4\n|\n|t:|1776452017\n|teamsize|p1|4\n|teamsize|p2|4\n|start\n|switch|p1a: Sneasler|Sneasler, L50, F|100/100\n|switch|p1b: Talonflame|Talonflame, L50, F|100/100\n|switch|p2a: Beedrill|Beedrill, L50, F|100/100\n|switch|p2b: Sinistcha|Sinistcha, L50|100/100\n|turn|1\n|\n|t:|1776452041\n|detailschange|p2a: Beedrill|Beedrill-Mega, L50, F\n|-mega|p2a: Beedrill|Beedrill|Beedrillite\n|move|p2a: Beedrill|Protect|p2a: Beedrill\n|-singleturn|p2a: Beedrill|Protect\n|move|p1b: Talonflame|Brave Bird|p2b: Sinistcha\n|-supereffective|p2b: Sinistcha|1\n|-damage|p2b: Sinistcha|3/100\n|-damage|p1b: Talonflame|64/100|[from] Recoil\n|move|p1a: Sneasler|Dire Claw|p2b: Sinistcha\n|-damage|p2b: Sinistcha|0 fnt\n|faint|p2b: Sinistcha\n|\n|upkeep\n|\n|t:|1776452054\n|switch|p2b: Basculegion|Basculegion, L50, M|100/100\n|turn|2\n|\n|t:|1776452082\n|move|p1a: Sneasler|Protect|p1a: Sneasler\n|-singleturn|p1a: Sneasler|Protect\n|move|p2a: Beedrill|Poison Jab|p1b: Talonflame\n|-damage|p1b: Talonflame|0 fnt\n|faint|p1b: Talonflame\n|move|p2b: Basculegion|Flip Turn|p1a: Sneasler\n|-activate|p1a: Sneasler|move: Protect\n|\n|upkeep\n|\n|t:|1776452096\n|switch|p1b: Rotom|Rotom-Frost, L50|100/100\n|turn|3\n|\n|t:|1776452113\n|move|p1b: Rotom|Electroweb|p2b: Basculegion|[spread] p2a,p2b\n|-supereffective|p2b: Basculegion|1\n|-damage|p2a: Beedrill|70/100\n|-damage|p2b: Basculegion|54/100\n|-unboost|p2a: Beedrill|spe|1\n|-unboost|p2b: Basculegion|spe|1\n|move|p1a: Sneasler|Dire Claw|p2a: Beedrill\n|-resisted|p2a: Beedrill|1\n|-damage|p2a: Beedrill|15/100\n|move|p2a: Beedrill|Poison Jab|p1b: Rotom\n|-damage|p1b: Rotom|22/100\n|move|p2b: Basculegion|Flip Turn|p1b: Rotom\n|-damage|p1b: Rotom|0 fnt\n|faint|p1b: Rotom\n|\n|t:|1776452126\n|switch|p2b: Lucario|Lucario, L50, M|100/100|[from] Flip Turn\n|\n|upkeep\n|\n|t:|1776452132\n|switch|p1b: Froslass|Froslass, L50, F|100/100\n|turn|4\n|\n|t:|1776452177\n|switch|p2a: Basculegion|Basculegion, L50, M|54/100\n|detailschange|p1b: Froslass|Froslass-Mega, L50, F\n|-mega|p1b: Froslass|Froslass|Froslassite\n|-weather|Snowscape|[from] ability: Snow Warning|[of] p1b: Froslass\n|move|p2b: Lucario|Bullet Punch|p1a: Sneasler\n|-damage|p1a: Sneasler|70/100\n|move|p1b: Froslass|Blizzard|p2a: Basculegion|[spread] p2a,p2b\n|-resisted|p2a: Basculegion|1\n|-resisted|p2b: Lucario|1\n|-damage|p2a: Basculegion|28/100\n|-damage|p2b: Lucario|64/100\n|move|p1a: Sneasler|Close Combat|p2b: Lucario\n|-supereffective|p2b: Lucario|1\n|-damage|p2b: Lucario|0 fnt\n|-unboost|p1a: Sneasler|def|1\n|-unboost|p1a: Sneasler|spd|1\n|faint|p2b: Lucario\n|-enditem|p1a: Sneasler|White Herb\n|-clearnegativeboost|p1a: Sneasler|[silent]\n|\n|-weather|Snowscape|[upkeep]\n|upkeep\n|\n|t:|1776452185\n|switch|p2b: Beedrill|Beedrill-Mega, L50, F|15/100\n|turn|5\n|\n|t:|1776452209\n|move|p1a: Sneasler|Protect|p1a: Sneasler\n|-singleturn|p1a: Sneasler|Protect\n|move|p2b: Beedrill|Protect|p2b: Beedrill\n|-singleturn|p2b: Beedrill|Protect\n|move|p1b: Froslass|Protect|p1b: Froslass\n|-singleturn|p1b: Froslass|Protect\n|move|p2a: Basculegion|Last Respects|p1b: Froslass\n|-activate|p1b: Froslass|move: Protect\n|\n|-weather|Snowscape|[upkeep]\n|upkeep\n|turn|6\n|\n|t:|1776452235\n|move|p1a: Sneasler|Dire Claw|p2b: Beedrill\n|-resisted|p2b: Beedrill|1\n|-damage|p2b: Beedrill|0 fnt\n|faint|p2b: Beedrill\n|move|p2a: Basculegion|Last Respects|p1b: Froslass\n|-supereffective|p1b: Froslass|1\n|-damage|p1b: Froslass|0 fnt\n|faint|p1b: Froslass\n|\n|-weather|Snowscape|[upkeep]\n|upkeep\n|turn|7\n|\n|t:|1776452249\n|move|p1a: Sneasler|Dire Claw|p2a: Basculegion\n|-resisted|p2a: Basculegion|1\n|-damage|p2a: Basculegion|0 fnt\n|faint|p2a: Basculegion\n|\n|win|DCAndR\n|raw|DCAndR's rating: 1106 &rarr; <strong>1130</strong><br />(+24 for winning)\n|raw|benjigeon's rating: 1087 &rarr; <strong>1065</strong><br />(-22 for losing)\n|l|\u2606benjigeon\n|player|p2|\n",
  "uploadtime": 1776452258,
  "views": 33,
  "formatid": "gen9championsvgc2026regma",
  "rating": 1065,
  "private": 0,
  "password": null
}