{
  "id": "gen9championsvgc2026regma-2581319040",
  "format": "[Gen 9 Champions] VGC 2026 Reg M-A",
  "players": [
    "Qwertyyy123",
    "SimplyNarwall"
  ],
  "log": "|j|\u2606Qwertyyy123\n|j|\u2606SimplyNarwall\n|t:|1775986029\n|gametype|doubles\n|player|p1|Qwertyyy123|morty|1243\n|player|p2|SimplyNarwall|102|1310\n|gen|9\n|tier|[Gen 9 Champions] VGC 2026 Reg M-A\n|rated|\n|rule|Species Clause: Limit one of each Pok\u00e9mon\n|rule|Item Clause: Limit 1 of each item\n|clearpoke\n|poke|p1|Dragapult, L50, M|\n|poke|p1|Weavile, L50, M|\n|poke|p1|Sneasler, L50, F|\n|poke|p1|Sinistcha, L50|\n|poke|p1|Floette-Eternal, L50, F|\n|poke|p1|Maushold-Four, L50|\n|poke|p2|Zoroark-Hisui, L50, M|\n|poke|p2|Arcanine-Hisui, L50, F|\n|poke|p2|Altaria, L50, M|\n|poke|p2|Primarina, L50, F|\n|poke|p2|Chesnaught, L50, M|\n|poke|p2|Chimecho, L50, F|\n|teampreview|4\n|inactive|Battle timer is ON: inactive players will automatically lose when time's up. (requested by Qwertyyy123)\nQwertyyy123 has agreed to open team sheets.\n|\n|t:|1775986085\n|teamsize|p1|4\n|teamsize|p2|4\n|start\n|switch|p1a: Dragapult|Dragapult, L50, M|100/100\n|switch|p1b: Sneasler|Sneasler, L50, F|100/100\n|switch|p2a: Chimecho|Chimecho, L50, F|100/100\n|switch|p2b: Primarina|Primarina, L50, F|100/100\n|turn|1\n|\n|t:|1775986100\n|detailschange|p2a: Chimecho|Chimecho-Mega, L50, F\n|-mega|p2a: Chimecho|Chimecho|Chimechite\n|move|p2b: Primarina|Protect|p2b: Primarina\n|-singleturn|p2b: Primarina|Protect\n|move|p1a: Dragapult|Phantom Force||[still]\n|-prepare|p1a: Dragapult|Phantom Force\n|move|p1b: Sneasler|Dire Claw|p2b: Primarina\n|-activate|p2b: Primarina|move: Protect\n|move|p2a: Chimecho|Trick Room|p2a: Chimecho\n|-fieldstart|move: Trick Room|[of] p2a: Chimecho\n|\n|upkeep\n|turn|2\n|j| gE1xjZRtuhW2DdT0AK\n|inactive|SimplyNarwall has 30 seconds left.\n|\n|t:|1775986127\n|switch|p1b: Sinistcha|Sinistcha, L50|100/100\n|move|p2b: Primarina|Hyper Voice|p1b: Sinistcha|[spread] p1b\n|-miss|p2b: Primarina|p1a: Dragapult\n|-resisted|p1b: Sinistcha|1\n|-damage|p1b: Sinistcha|78/100\n|move|p2a: Chimecho|Psychic|p1b: Sinistcha\n|-crit|p1b: Sinistcha\n|-damage|p1b: Sinistcha|21/100\n|move|p1a: Dragapult|Phantom Force|p2a: Chimecho|[from] lockedmove\n|-supereffective|p2a: Chimecho|1\n|-damage|p2a: Chimecho|44/100\n|\n|upkeep\n|turn|3\n|inactive|Qwertyyy123 has 30 seconds left.\n|\n|t:|1775986155\n|move|p1a: Dragapult|Protect|p1a: Dragapult\n|-singleturn|p1a: Dragapult|Protect\n|move|p2b: Primarina|Moonblast|p1a: Dragapult\n|-activate|p1a: Dragapult|move: Protect\n|move|p2a: Chimecho|Psychic|p1b: Sinistcha\n|-damage|p1b: Sinistcha|0 fnt\n|faint|p1b: Sinistcha\n|\n|upkeep\n|\n|t:|1775986177\n|switch|p1b: Sneasler|Sneasler, L50, F|100/100\n|turn|4\n|\n|t:|1775986187\n|move|p1b: Sneasler|Fake Out|p2b: Primarina\n|-crit|p2b: Primarina\n|-damage|p2b: Primarina|70/100\n|cant|p2b: Primarina|flinch\n|move|p2a: Chimecho|Psychic|p1b: Sneasler\n|-supereffective|p1b: Sneasler|2\n|-damage|p1b: Sneasler|0 fnt\n|faint|p1b: Sneasler\n|move|p1a: Dragapult|Phantom Force||[still]\n|-prepare|p1a: Dragapult|Phantom Force\n|\n|upkeep\n|\n|t:|1775986198\n|switch|p1b: Floette|Floette-Eternal, L50, F|100/100\n|turn|5\n|\n|t:|1775986204\n|move|p2b: Primarina|Protect|p2b: Primarina\n|-singleturn|p2b: Primarina|Protect\n|move|p2a: Chimecho|Protect|p2a: Chimecho\n|-singleturn|p2a: Chimecho|Protect\n|move|p1b: Floette|Protect|p1b: Floette\n|-singleturn|p1b: Floette|Protect\n|move|p1a: Dragapult|Phantom Force|p2a: Chimecho|[from] lockedmove\n|-activate|p2a: Chimecho|move: Phantom Force|[broken]\n|-supereffective|p2a: Chimecho|1\n|-damage|p2a: Chimecho|0 fnt\n|faint|p2a: Chimecho\n|\n|-fieldend|move: Trick Room\n|upkeep\n|\n|t:|1775986219\n|switch|p2a: Arcanine|Arcanine-Hisui, L50, F|100/100\n|turn|6\n|\n|t:|1775986228\n|detailschange|p1b: Floette|Floette-Mega, L50, F\n|-mega|p1b: Floette|Floette|Floettite\n|-ability|p1b: Floette|Fairy Aura\n|move|p1a: Dragapult|Dragon Darts|p2a: Arcanine\n|-damage|p2a: Arcanine|36/100\n|replace|p2a: Zoroark|Zoroark-Hisui, L50, M\n|-end|p2a: Zoroark|Illusion\n|-anim|p1a: Dragapult|Dragon Darts|p2a: Zoroark\n|-damage|p2a: Zoroark|0 fnt\n|faint|p2a: Zoroark\n|move|p1b: Floette|Dazzling Gleam|p2b: Primarina\n|-damage|p2b: Primarina|20/100\n|move|p2b: Primarina|Dazzling Gleam|p1a: Dragapult|[spread] p1a,p1b\n|-supereffective|p1a: Dragapult|1\n|-damage|p1a: Dragapult|0 fnt\n|-damage|p1b: Floette|69/100\n|faint|p1a: Dragapult\n|\n|upkeep\n|\n|t:|1775986242\n|switch|p2a: Arcanine|Arcanine-Hisui, L50, F|100/100\n|-ability|p2a: Arcanine|Intimidate|boost\n|-unboost|p1b: Floette|atk|1\n|turn|7\n|\n|t:|1775986250\n|move|p1b: Floette|Psychic|p2a: Arcanine\n|-crit|p2a: Arcanine\n|-damage|p2a: Arcanine|48/100\n|-enditem|p2a: Arcanine|Sitrus Berry|[eat]\n|-heal|p2a: Arcanine|73/100|[from] item: Sitrus Berry\n|move|p2a: Arcanine|Flare Blitz|p1b: Floette\n|-damage|p1b: Floette|5/100\n|-damage|p2a: Arcanine|55/100|[from] Recoil\n|move|p2b: Primarina|Hyper Voice|p1b: Floette\n|-damage|p1b: Floette|0 fnt\n|faint|p1b: Floette\n|\n|win|SimplyNarwall\n|raw|Qwertyyy123's rating: 1243 &rarr; <strong>1223</strong><br />(-20 for losing)\n|raw|SimplyNarwall's rating: 1310 &rarr; <strong>1326</strong><br />(+16 for winning)\n",
  "uploadtime": 1775986256,
  "views": 24,
  "formatid": "gen9championsvgc2026regma",
  "rating": 1223,
  "private": 0,
  "password": null
}