{
  "id": "gen9championsvgc2026regma-2584512695",
  "format": "[Gen 9 Champions] VGC 2026 Reg M-A",
  "players": [
    "HisuianPaperBoy",
    "bdbadboys"
  ],
  "log": "|j|\u2606HisuianPaperBoy\n|j|\u2606bdbadboys\n|t:|1776265767\n|gametype|doubles\n|player|p1|HisuianPaperBoy|lenora|1084\n|player|p2|bdbadboys|169|1099\n|gen|9\n|tier|[Gen 9 Champions] VGC 2026 Reg M-A\n|rated|\n|rule|Species Clause: Limit one of each Pok\u00e9mon\n|rule|Item Clause: Limit 1 of each item\n|clearpoke\n|poke|p1|Starmie, L50|\n|poke|p1|Sylveon, L50, M|\n|poke|p1|Incineroar, L50, M|\n|poke|p1|Sneasler, L50, M|\n|poke|p1|Kingambit, L50, M|\n|poke|p1|Sinistcha, L50|\n|poke|p2|Pelipper, L50, M|\n|poke|p2|Dragonite, L50, F|\n|poke|p2|Archaludon, L50, M|\n|poke|p2|Basculegion, L50, M|\n|poke|p2|Sneasler, L50, F|\n|poke|p2|Incineroar, L50, M|\n|teampreview|4\n|inactive|Battle timer is ON: inactive players will automatically lose when time's up. (requested by bdbadboys)\nbdbadboys rejected open team sheets.\n|inactive|HisuianPaperBoy has 60 seconds left.\n|inactive|HisuianPaperBoy has 30 seconds left.\n|inactive|HisuianPaperBoy has 20 seconds left.\n|inactive|HisuianPaperBoy has 15 seconds left.\n|inactive|HisuianPaperBoy has 10 seconds left.\n|inactive|HisuianPaperBoy has 5 seconds left.\n|\n|t:|1776265856\n|teamsize|p1|4\n|teamsize|p2|4\n|start\n|switch|p1a: Kingambit|Kingambit, L50, M|100/100\n|switch|p1b: Starmie|Starmie, L50|100/100\n|switch|p2a: Sneasler|Sneasler, L50, F|100/100\n|switch|p2b: Basculegion|Basculegion, L50, M, shiny|100/100\n|turn|1\n|inactive|HisuianPaperBoy has 30 seconds left.\n|\n|t:|1776265887\n|switch|p2b: Pelipper|Pelipper, L50, M|100/100\n|-weather|RainDance|[from] ability: Drizzle|[of] p2b: Pelipper\n|move|p1b: Starmie|Protect|p1b: Starmie\n|-singleturn|p1b: Starmie|Protect\n|move|p1a: Kingambit|Protect|p1a: Kingambit\n|-singleturn|p1a: Kingambit|Protect\n|move|p2a: Sneasler|Close Combat|p1a: Kingambit\n|-activate|p1a: Kingambit|move: Protect\n|\n|-weather|RainDance|[upkeep]\n|upkeep\n|turn|2\n|inactive|HisuianPaperBoy has 30 seconds left.\n|inactive|bdbadboys has 30 seconds left.\n|inactive|HisuianPaperBoy has 20 seconds left.\n|inactive|bdbadboys has 20 seconds left.\n|inactive|HisuianPaperBoy has 15 seconds left.\n|\n|t:|1776265929\n|switch|p2a: Dragonite|Dragonite, L50, F|100/100\n|detailschange|p1b: Starmie|Starmie-Mega, L50\n|-mega|p1b: Starmie|Starmie|Starminite\n|move|p1b: Starmie|Zen Headbutt|p2a: Dragonite\n|-damage|p2a: Dragonite|56/100\n|move|p2b: Pelipper|Tailwind|p2b: Pelipper\n|-sidestart|p2: bdbadboys|move: Tailwind\n|move|p1a: Kingambit|Kowtow Cleave|p2b: Pelipper\n|-damage|p2b: Pelipper|30/100\n|\n|-weather|RainDance|[upkeep]\n|upkeep\n|turn|3\n|inactive|HisuianPaperBoy has 30 seconds left.\n|inactive|HisuianPaperBoy has 20 seconds left.\n|inactive|HisuianPaperBoy has 15 seconds left.\n|\n|t:|1776265972\n|switch|p2b: Sneasler|Sneasler, L50, F|100/100\n|detailschange|p2a: Dragonite|Dragonite-Mega, L50, F\n|-mega|p2a: Dragonite|Dragonite|Dragoninite\n|move|p2a: Dragonite|Thunder|p1b: Starmie\n|-supereffective|p1b: Starmie|1\n|-damage|p1b: Starmie|0 fnt\n|faint|p1b: Starmie\n|move|p1a: Kingambit|Kowtow Cleave|p2b: Sneasler\n|-resisted|p2b: Sneasler|1\n|-damage|p2b: Sneasler|58/100\n|\n|-weather|RainDance|[upkeep]\n|upkeep\n|\n|t:|1776265987\n|switch|p1b: Sneasler|Sneasler, L50, M|100/100\n|turn|4\n|\n|t:|1776266000\n|move|p2b: Sneasler|Fake Out|p1b: Sneasler\n|-damage|p1b: Sneasler|78/100\n|cant|p1b: Sneasler|flinch\n|move|p2a: Dragonite|Hurricane|p1b: Sneasler\n|-supereffective|p1b: Sneasler|1\n|-damage|p1b: Sneasler|0 fnt\n|faint|p1b: Sneasler\n|move|p1a: Kingambit|Kowtow Cleave|p2a: Dragonite\n|-damage|p2a: Dragonite|8/100\n|\n|-weather|RainDance|[upkeep]\n|upkeep\n|\n|t:|1776266014\n|switch|p1b: Sinistcha|Sinistcha, L50|100/100\n|turn|5\n|\n|t:|1776266022\n|move|p1b: Sinistcha|Rage Powder|p1b: Sinistcha\n|-singleturn|p1b: Sinistcha|move: Rage Powder\n|move|p1a: Kingambit|Sucker Punch|p2a: Dragonite\n|-damage|p2a: Dragonite|0 fnt\n|faint|p2a: Dragonite\n|move|p2b: Sneasler|Dire Claw|p1b: Sinistcha\n|-damage|p1b: Sinistcha|63/100\n|\n|-weather|none\n|-heal|p1b: Sinistcha|69/100|[from] item: Leftovers\n|-sideend|p2: bdbadboys|move: Tailwind\n|upkeep\n|\n|t:|1776266041\n|switch|p2a: Pelipper|Pelipper, L50, M|30/100\n|-weather|RainDance|[from] ability: Drizzle|[of] p2a: Pelipper\n|turn|6\n|\n|t:|1776266058\n|move|p1a: Kingambit|Sucker Punch|p2a: Pelipper\n|-damage|p2a: Pelipper|0 fnt\n|faint|p2a: Pelipper\n|move|p2b: Sneasler|Dire Claw|p1b: Sinistcha\n|-damage|p1b: Sinistcha|35/100\n|move|p1b: Sinistcha|Trick Room|p1b: Sinistcha\n|-fieldstart|move: Trick Room|[of] p1b: Sinistcha\n|\n|-weather|RainDance|[upkeep]\n|-heal|p1b: Sinistcha|41/100|[from] item: Leftovers\n|upkeep\n|\n|t:|1776266068\n|switch|p2a: Basculegion|Basculegion, L50, M, shiny|100/100\n|turn|7\n|inactive|HisuianPaperBoy has 30 seconds left.\n|\n|t:|1776266094\n|move|p2a: Basculegion|Protect|p2a: Basculegion\n|-singleturn|p2a: Basculegion|Protect\n|move|p1a: Kingambit|Sucker Punch||[still]\n|-fail|p1a: Kingambit\n|move|p1b: Sinistcha|Matcha Gotcha|p2b: Sneasler|[spread] p2b\n|-activate|p2a: Basculegion|move: Protect\n|-resisted|p2b: Sneasler|1\n|-crit|p2b: Sneasler\n|-damage|p2b: Sneasler|34/100\n|-heal|p1b: Sinistcha|52/100|[from] drain|[of] p2b: Sneasler\n|move|p2b: Sneasler|Dire Claw|p1b: Sinistcha\n|-damage|p1b: Sinistcha|17/100\n|\n|-weather|RainDance|[upkeep]\n|-heal|p1b: Sinistcha|23/100|[from] item: Leftovers\n|upkeep\n|turn|8\n|\n|t:|1776266119\n|move|p2a: Basculegion|Protect||[still]\n|-fail|p2a: Basculegion\n|move|p1b: Sinistcha|Rage Powder|p1b: Sinistcha\n|-singleturn|p1b: Sinistcha|move: Rage Powder\n|move|p1a: Kingambit|Kowtow Cleave|p2a: Basculegion\n|-supereffective|p2a: Basculegion|1\n|-damage|p2a: Basculegion|0 fnt\n|faint|p2a: Basculegion\n|move|p2b: Sneasler|Close Combat|p1b: Sinistcha\n|-immune|p1b: Sinistcha\n|\n|-weather|RainDance|[upkeep]\n|-heal|p1b: Sinistcha|29/100|[from] item: Leftovers\n|upkeep\n|turn|9\n|-message|bdbadboys forfeited.\n|\n|win|HisuianPaperBoy\n|raw|HisuianPaperBoy's rating: 1084 &rarr; <strong>1113</strong><br />(+29 for winning)\n|raw|bdbadboys's rating: 1099 &rarr; <strong>1073</strong><br />(-26 for losing)\n|l|\u2606bdbadboys\n|player|p2|\n|l|\u2606HisuianPaperBoy\n|player|p1|\n|j|\u2606HisuianPaperBoy\n|player|p1|HisuianPaperBoy|lenora|\n",
  "uploadtime": 1776266392,
  "views": 22,
  "formatid": "gen9championsvgc2026regma",
  "rating": 1073,
  "private": 0,
  "password": null
}