{
  "id": "gen9championsvgc2026regma-2582136980",
  "format": "[Gen 9 Champions] VGC 2026 Reg M-A",
  "players": [
    "Vienna Vaporeons",
    "UncatchableArceus"
  ],
  "log": "|j|\u2606Vienna Vaporeons\n|j|\u2606UncatchableArceus\n|t:|1776062757\n|gametype|doubles\n|player|p1|Vienna Vaporeons|1|1071\n|player|p2|UncatchableArceus|clay|1045\n|gen|9\n|tier|[Gen 9 Champions] VGC 2026 Reg M-A\n|rated|\n|rule|Species Clause: Limit one of each Pok\u00e9mon\n|rule|Item Clause: Limit 1 of each item\n|clearpoke\n|poke|p1|Froslass, L50, F|\n|poke|p1|Kingambit, L50, F|\n|poke|p1|Arcanine-Hisui, L50, M|\n|poke|p1|Palafin, L50, M|\n|poke|p1|Sinistcha, L50|\n|poke|p1|Sneasler, L50, M|\n|poke|p2|Feraligatr, L50, M|\n|poke|p2|Sinistcha, L50|\n|poke|p2|Incineroar, L50, F|\n|poke|p2|Kingambit, L50, M|\n|poke|p2|Farigiraf, L50, M|\n|poke|p2|Chimecho, L50, M|\n|teampreview|4\n|inactive|Battle timer is ON: inactive players will automatically lose when time's up. (requested by Vienna Vaporeons)\n|\n|t:|1776062793\n|teamsize|p1|4\n|teamsize|p2|4\n|start\n|switch|p1a: Froslass|Froslass, L50, F, shiny|100/100\n|switch|p1b: Sneasler|Sneasler, L50, M, shiny|100/100\n|switch|p2a: Feraligatr|Feraligatr, L50, M|100/100\n|switch|p2b: Kingambit|Kingambit, L50, M|100/100\n|turn|1\n|\n|t:|1776062818\n|detailschange|p1a: Froslass|Froslass-Mega, L50, F, shiny\n|-mega|p1a: Froslass|Froslass|Froslassite\n|-weather|Snowscape|[from] ability: Snow Warning|[of] p1a: Froslass\n|move|p2b: Kingambit|Protect|p2b: Kingambit\n|-singleturn|p2b: Kingambit|Protect\n|move|p1b: Sneasler|Close Combat|p2b: Kingambit\n|-activate|p2b: Kingambit|move: Protect\n|move|p1a: Froslass|Aurora Veil|p1a: Froslass\n|-sidestart|p1: Vienna Vaporeons|move: Aurora Veil\n|move|p2a: Feraligatr|Dragon Dance|p2a: Feraligatr\n|-boost|p2a: Feraligatr|atk|1\n|-boost|p2a: Feraligatr|spe|1\n|\n|-weather|Snowscape|[upkeep]\n|upkeep\n|turn|2\n|inactive|UncatchableArceus has 30 seconds left.\n|inactive|UncatchableArceus has 20 seconds left.\n|\n|t:|1776062853\n|switch|p2b: Sinistcha|Sinistcha, L50|100/100\n|detailschange|p2a: Feraligatr|Feraligatr-Mega, L50, M\n|-mega|p2a: Feraligatr|Feraligatr|Feraligite\n|move|p2a: Feraligatr|Liquidation|p1a: Froslass\n|-damage|p1a: Froslass|36/100\n|move|p1b: Sneasler|Close Combat|p2b: Sinistcha\n|-immune|p2b: Sinistcha\n|move|p1a: Froslass|Blizzard|p2b: Sinistcha|[spread] p2a,p2b\n|-supereffective|p2b: Sinistcha|1\n|-damage|p2a: Feraligatr|46/100\n|-damage|p2b: Sinistcha|12/100\n|\n|-weather|Snowscape|[upkeep]\n|-heal|p2b: Sinistcha|18/100|[from] item: Leftovers\n|upkeep\n|turn|3\n|inactive|UncatchableArceus has 30 seconds left.\n|\n|t:|1776062880\n|switch|p1b: Sinistcha|Sinistcha, L50, shiny|100/100\n|-heal|p1a: Froslass|60/100|[from] ability: Hospitality|[of] p1b: Sinistcha\n|move|p1a: Froslass|Protect|p1a: Froslass\n|-singleturn|p1a: Froslass|Protect\n|move|p2a: Feraligatr|Liquidation|p1b: Sinistcha\n|-resisted|p1b: Sinistcha|1\n|-damage|p1b: Sinistcha|74/100\n|move|p2b: Sinistcha|Life Dew|p2b: Sinistcha|[spread] p2a,p2b\n|-heal|p2a: Feraligatr|71/100\n|-heal|p2b: Sinistcha|43/100\n|\n|-weather|Snowscape|[upkeep]\n|-heal|p2b: Sinistcha|49/100|[from] item: Leftovers\n|upkeep\n|turn|4\n|\n|t:|1776062904\n|move|p2a: Feraligatr|Double-Edge|p1a: Froslass\n|-damage|p1a: Froslass|0 fnt\n|faint|p1a: Froslass\n|-damage|p2a: Feraligatr|53/100|[from] Recoil\n|move|p2b: Sinistcha|Life Dew|p2b: Sinistcha|[spread] p2a,p2b\n|-heal|p2a: Feraligatr|78/100\n|-heal|p2b: Sinistcha|75/100\n|move|p1b: Sinistcha|Matcha Gotcha|p2b: Sinistcha|[spread] p2a,p2b\n|-resisted|p2b: Sinistcha|1\n|-damage|p2a: Feraligatr|47/100\n|-heal|p1b: Sinistcha|88/100|[from] drain|[of] p2a: Feraligatr\n|-damage|p2b: Sinistcha|65/100\n|-heal|p1b: Sinistcha|93/100|[from] drain|[of] p2b: Sinistcha\n|\n|-weather|Snowscape|[upkeep]\n|-heal|p2b: Sinistcha|71/100|[from] item: Leftovers\n|upkeep\n|\n|t:|1776062911\n|switch|p1a: Kingambit|Kingambit, L50, F, shiny|100/100\n|turn|5\n|inactive|UncatchableArceus has 30 seconds left.\n|\n|t:|1776062939\n|move|p2b: Sinistcha|Rage Powder|p2b: Sinistcha\n|-singleturn|p2b: Sinistcha|move: Rage Powder\n|move|p2a: Feraligatr|Liquidation|p1a: Kingambit\n|-crit|p1a: Kingambit\n|-damage|p1a: Kingambit|0 fnt\n|faint|p1a: Kingambit\n|move|p1b: Sinistcha|Matcha Gotcha|p2a: Feraligatr|[spread] p2a,p2b\n|-resisted|p2b: Sinistcha|1\n|-damage|p2a: Feraligatr|20/100\n|-heal|p1b: Sinistcha|100/100|[from] drain|[of] p2a: Feraligatr\n|-damage|p2b: Sinistcha|61/100\n|-status|p2b: Sinistcha|brn\n|\n|-weather|none\n|-heal|p2b: Sinistcha|67/100 brn|[from] item: Leftovers\n|-damage|p2b: Sinistcha|61/100 brn|[from] brn\n|-sideend|p1: Vienna Vaporeons|move: Aurora Veil\n|upkeep\n|c|\u2606Vienna Vaporeons|lol\n|-message|Vienna Vaporeons forfeited.\n|\n|win|UncatchableArceus\n|raw|Vienna Vaporeons's rating: 1071 &rarr; <strong>1049</strong><br />(-22 for losing)\n|raw|UncatchableArceus's rating: 1045 &rarr; <strong>1081</strong><br />(+36 for winning)\n|c|\u2606UncatchableArceus|unfort\n|c|\u2606UncatchableArceus|that was an insane crit\n",
  "uploadtime": 1776062985,
  "views": 10,
  "formatid": "gen9championsvgc2026regma",
  "rating": 1049,
  "private": 0,
  "password": null
}