{
  "id": "gen9championsvgc2026regma-2581403921",
  "format": "[Gen 9 Champions] VGC 2026 Reg M-A",
  "players": [
    "iceman5687",
    "Multimotivation"
  ],
  "log": "|j|\u2606iceman5687\n|j|\u2606Multimotivation\n|t:|1775996855\n|gametype|doubles\n|player|p1|iceman5687|266|1000\n|player|p2|Multimotivation|170|1000\n|gen|9\n|tier|[Gen 9 Champions] VGC 2026 Reg M-A\n|rated|\n|rule|Species Clause: Limit one of each Pok\u00e9mon\n|rule|Item Clause: Limit 1 of each item\n|clearpoke\n|poke|p1|Feraligatr, L50, F|\n|poke|p1|Whimsicott, L50, F|\n|poke|p1|Aegislash, L50, M|\n|poke|p1|Incineroar, L50, F|\n|poke|p1|Basculegion, L50, M|\n|poke|p1|Sinistcha, L50|\n|poke|p2|Dragapult, L50, F|\n|poke|p2|Whimsicott, L50, M|\n|poke|p2|Lucario, L50, F|\n|poke|p2|Gengar, L50, F|\n|poke|p2|Klefki, L50, F|\n|poke|p2|Volcarona, L50, M|\n|teampreview|4\n|\n|t:|1775996887\n|teamsize|p1|4\n|teamsize|p2|4\n|start\n|switch|p1a: Feraligatr|Feraligatr, L50, F|100/100\n|switch|p1b: Whimsicott|Whimsicott, L50, F|100/100\n|switch|p2a: Whimsicott|Whimsicott, L50, M|100/100\n|switch|p2b: Gengar|Gengar, L50, F|100/100\n|turn|1\n|\n|t:|1775996904\n|move|p2a: Whimsicott|Tailwind|p2a: Whimsicott\n|-sidestart|p2: Multimotivation|move: Tailwind\n|move|p1b: Whimsicott|Tailwind|p1b: Whimsicott\n|-sidestart|p1: iceman5687|move: Tailwind\n|move|p2b: Gengar|Sludge Bomb|p1b: Whimsicott\n|-supereffective|p1b: Whimsicott|2\n|-enditem|p1b: Whimsicott|Focus Sash\n|-damage|p1b: Whimsicott|1/100\n|move|p1a: Feraligatr|Dragon Dance|p1a: Feraligatr\n|-boost|p1a: Feraligatr|atk|1\n|-boost|p1a: Feraligatr|spe|1\n|\n|upkeep\n|turn|2\n|\n|t:|1775996936\n|detailschange|p1a: Feraligatr|Feraligatr-Mega, L50, F\n|-mega|p1a: Feraligatr|Feraligatr|Feraligite\n|move|p2a: Whimsicott|Beat Up|p1b: Whimsicott\n|-resisted|p1b: Whimsicott|1\n|-damage|p1b: Whimsicott|0 fnt\n|faint|p1b: Whimsicott\n|-hitcount|p1: Whimsicott|1\n|move|p1a: Feraligatr|Liquidation|p2b: Gengar\n|-damage|p2b: Gengar|0 fnt\n|faint|p2b: Gengar\n|\n|upkeep\n|\n|t:|1775996948\n|switch|p2b: Dragapult|Dragapult, L50, F|100/100\n|switch|p1b: Incineroar|Incineroar, L50, F|100/100\n|-ability|p1b: Incineroar|Intimidate|boost\n|-unboost|p2a: Whimsicott|atk|1\n|-fail|p2b: Dragapult|unboost|[from] ability: Clear Body|[of] p2b: Dragapult\n|turn|3\n|\n|t:|1775996980\n|move|p2b: Dragapult|Dragon Darts|p1a: Feraligatr\n|-supereffective|p1a: Feraligatr|1\n|-damage|p1a: Feraligatr|61/100\n|-anim|p2b: Dragapult|Dragon Darts|p1b: Incineroar\n|-damage|p1b: Incineroar|80/100\n|move|p2a: Whimsicott|Beat Up|p1a: Feraligatr\n|-damage|p1a: Feraligatr|60/100\n|-damage|p1a: Feraligatr|58/100\n|-damage|p1a: Feraligatr|57/100\n|-hitcount|p1a: Feraligatr|3\n|move|p1a: Feraligatr|Double-Edge|p2b: Dragapult\n|-supereffective|p2b: Dragapult|1\n|-damage|p2b: Dragapult|0 fnt\n|faint|p2b: Dragapult\n|-damage|p1a: Feraligatr|25/100|[from] Recoil\n|move|p1b: Incineroar|Flare Blitz|p2a: Whimsicott\n|-supereffective|p2a: Whimsicott|1\n|-damage|p2a: Whimsicott|0 fnt\n|faint|p2a: Whimsicott\n|-damage|p1b: Incineroar|56/100|[from] Recoil\n|\n|upkeep\n|\n|t:|1775996994\n|switch|p2b: Volcarona|Volcarona, L50, M|100/100\n|turn|4\n|\n|t:|1775997006\n|switch|p1b: Basculegion|Basculegion, L50, M|100/100\n|move|p1a: Feraligatr|Liquidation|p2b: Volcarona\n|-supereffective|p2b: Volcarona|1\n|-enditem|p2b: Volcarona|Passho Berry|[eat]\n|-enditem|p2b: Volcarona|Passho Berry|[weaken]\n|-damage|p2b: Volcarona|15/100\n|-status|p1a: Feraligatr|brn|[from] ability: Flame Body|[of] p2b: Volcarona\n|move|p2b: Volcarona|String Shot|p1b: Basculegion|[spread] p1a,p1b\n|-unboost|p1a: Feraligatr|spe|2\n|-unboost|p1b: Basculegion|spe|2\n|\n|-damage|p1a: Feraligatr|19/100 brn|[from] brn\n|-sideend|p2: Multimotivation|move: Tailwind\n|-sideend|p1: iceman5687|move: Tailwind\n|upkeep\n|turn|5\n|-message|Multimotivation forfeited.\n|\n|win|iceman5687\n|raw|iceman5687's rating: 1000 &rarr; <strong>1040</strong><br />(+40 for winning)\n|raw|Multimotivation's rating: 1000 &rarr; <strong>1000</strong><br />(+0 for losing)\n",
  "uploadtime": 1775997014,
  "views": 18,
  "formatid": "gen9championsvgc2026regma",
  "rating": 1000,
  "private": 0,
  "password": null
}