{
  "id": "gen9championsvgc2026regma-2586608230",
  "format": "[Gen 9 Champions] VGC 2026 Reg M-A",
  "players": [
    "Leomaster467",
    "KaFe-03"
  ],
  "log": "|j|\u2606Leomaster467\n|j|\u2606KaFe-03\n|t:|1776446468\n|gametype|doubles\n|player|p1|Leomaster467|102|1094\n|player|p2|KaFe-03|crispin|1161\n|gen|9\n|tier|[Gen 9 Champions] VGC 2026 Reg M-A\n|rated|\n|rule|Species Clause: Limit one of each Pok\u00e9mon\n|rule|Item Clause: Limit 1 of each item\n|clearpoke\n|poke|p1|Incineroar, L50, M|\n|poke|p1|Floette-Eternal, L50, F|\n|poke|p1|Aerodactyl, L50, F|\n|poke|p1|Kingambit, L50, M|\n|poke|p1|Sneasler, L50, M|\n|poke|p1|Garchomp, L50, M|\n|poke|p2|Archaludon, L50, M|\n|poke|p2|Pelipper, L50, F|\n|poke|p2|Sinistcha-Masterpiece, L50|\n|poke|p2|Sneasler, L50, F|\n|poke|p2|Dragonite, L50, M|\n|poke|p2|Basculegion, L50, M|\n|teampreview|4\n|inactive|Battle timer is ON: inactive players will automatically lose when time's up. (requested by KaFe-03)\n|l|\u2606Leomaster467\n|inactive|Leomaster467 disconnected and has a minute to reconnect!\n|player|p1|\n|j|\u2606Leomaster467\n|inactive|Leomaster467 reconnected and has 65 seconds left.\n|player|p1|Leomaster467|102|\n|inactive|Leomaster467 has 60 seconds left.\n|inactive|KaFe-03 has 60 seconds left.\n|\n|t:|1776446519\n|teamsize|p1|4\n|teamsize|p2|4\n|start\n|switch|p1a: Aerodactyl|Aerodactyl, L50, F|100/100\n|switch|p1b: Incineroar|Incineroar, L50, M|100/100\n|switch|p2a: Sneasler|Sneasler, L50, F|100/100\n|switch|p2b: Pelipper|Pelipper, L50, F|100/100\n|-weather|RainDance|[from] ability: Drizzle|[of] p2b: Pelipper\n|-ability|p1b: Incineroar|Intimidate|boost\n|-unboost|p2a: Sneasler|atk|1\n|-unboost|p2b: Pelipper|atk|1\n|-enditem|p2a: Sneasler|White Herb\n|-clearnegativeboost|p2a: Sneasler|[silent]\n|turn|1\n|\n|t:|1776446544\n|move|p2a: Sneasler|Fake Out|p1a: Aerodactyl\n|-resisted|p1a: Aerodactyl|1\n|-damage|p1a: Aerodactyl|88/100\n|move|p1b: Incineroar|Fake Out|p2b: Pelipper\n|-damage|p2b: Pelipper|87/100\n|cant|p1a: Aerodactyl|flinch\n|cant|p2b: Pelipper|flinch\n|\n|-weather|RainDance|[upkeep]\n|upkeep\n|turn|2\n|inactive|Leomaster467 has 30 seconds left.\n|inactive|KaFe-03 has 30 seconds left.\n|inactive|KaFe-03 has 20 seconds left.\n|\n|t:|1776446580\n|move|p2a: Sneasler|Close Combat|p1a: Aerodactyl\n|-damage|p1a: Aerodactyl|0 fnt\n|-unboost|p2a: Sneasler|def|1\n|-unboost|p2a: Sneasler|spd|1\n|faint|p1a: Aerodactyl\n|move|p2b: Pelipper|Tailwind|p2b: Pelipper\n|-sidestart|p2: KaFe-03|move: Tailwind\n|move|p1b: Incineroar|Parting Shot|p2b: Pelipper\n|-unboost|p2b: Pelipper|atk|1\n|-unboost|p2b: Pelipper|spa|1\n|\n|t:|1776446594\n|switch|p1b: Garchomp|Garchomp, L50, M|100/100|[from] Parting Shot\n|\n|-weather|RainDance|[upkeep]\n|upkeep\n|\n|t:|1776446601\n|switch|p1a: Incineroar|Incineroar, L50, M|100/100\n|-ability|p1a: Incineroar|Intimidate|boost\n|-unboost|p2a: Sneasler|atk|1\n|-unboost|p2b: Pelipper|atk|1\n|turn|3\n|inactive|KaFe-03 has 30 seconds left.\n|\n|t:|1776446630\n|switch|p2a: Archaludon|Archaludon, L50, M|100/100\n|switch|p2b: Dragonite|Dragonite, L50, M|100/100\n|move|p1a: Incineroar|Fake Out|p2a: Archaludon\n|-resisted|p2a: Archaludon|1\n|-damage|p2a: Archaludon|96/100\n|move|p1b: Garchomp|Rock Slide|p2b: Dragonite|[spread] p2a,p2b\n|-resisted|p2a: Archaludon|1\n|-supereffective|p2b: Dragonite|1\n|-damage|p2a: Archaludon|87/100\n|-damage|p2b: Dragonite|78/100\n|\n|-weather|RainDance|[upkeep]\n|upkeep\n|turn|4\n|inactive|KaFe-03 has 30 seconds left.\n|l|\u2606Leomaster467\n|inactive|Leomaster467 disconnected and has a minute to reconnect!\n|player|p1|\n|inactive|KaFe-03 has 20 seconds left.\n|j|\u2606Leomaster467\n|inactive|Leomaster467 reconnected.\n|player|p1|Leomaster467|102|\n|\n|t:|1776446668\n|detailschange|p2b: Dragonite|Dragonite-Mega, L50, M\n|-mega|p2b: Dragonite|Dragonite|Dragoninite\n|move|p2b: Dragonite|Draco Meteor|p1b: Garchomp\n|-supereffective|p1b: Garchomp|1\n|-damage|p1b: Garchomp|0 fnt\n|-unboost|p2b: Dragonite|spa|2\n|faint|p1b: Garchomp\n|move|p2a: Archaludon|Electro Shot||[still]\n|-prepare|p2a: Archaludon|Electro Shot\n|-boost|p2a: Archaludon|spa|1\n|-anim|p2a: Archaludon|Electro Shot|p1a: Incineroar\n|-damage|p1a: Incineroar|40/100\n|-enditem|p1a: Incineroar|Sitrus Berry|[eat]\n|-heal|p1a: Incineroar|65/100|[from] item: Sitrus Berry\n|move|p1a: Incineroar|Parting Shot|p2a: Archaludon\n|-unboost|p2a: Archaludon|atk|1\n|-unboost|p2a: Archaludon|spa|1\n|\n|t:|1776446685\n|switch|p1a: Floette|Floette-Eternal, L50, F|100/100|[from] Parting Shot\n|\n|-weather|RainDance|[upkeep]\n|upkeep\n|\n|t:|1776446691\n|switch|p1b: Incineroar|Incineroar, L50, M|65/100\n|-ability|p1b: Incineroar|Intimidate|boost\n|-unboost|p2a: Archaludon|atk|1\n|-unboost|p2b: Dragonite|atk|1\n|turn|5\n|inactive|KaFe-03 has 30 seconds left.\n|\n|t:|1776446725\n|switch|p2a: Sneasler|Sneasler, L50, F|100/100\n|detailschange|p1a: Floette|Floette-Mega, L50, F\n|-mega|p1a: Floette|Floette|Floettite\n|-ability|p1a: Floette|Fairy Aura\n|move|p2b: Dragonite|Protect|p2b: Dragonite\n|-singleturn|p2b: Dragonite|Protect\n|move|p1b: Incineroar|Fake Out|p2a: Sneasler\n|-damage|p2a: Sneasler|83/100\n|move|p1a: Floette|Calm Mind|p1a: Floette\n|-boost|p1a: Floette|spa|1\n|-boost|p1a: Floette|spd|1\n|\n|-weather|none\n|-sideend|p2: KaFe-03|move: Tailwind\n|upkeep\n|turn|6\n|inactive|Leomaster467 has 30 seconds left.\n|inactive|KaFe-03 has 30 seconds left.\n|\n|t:|1776446759\n|move|p1a: Floette|Protect|p1a: Floette\n|-singleturn|p1a: Floette|Protect\n|move|p2a: Sneasler|Dire Claw|p1a: Floette\n|-activate|p1a: Floette|move: Protect\n|move|p2b: Dragonite|Tailwind|p2b: Dragonite\n|-sidestart|p2: KaFe-03|move: Tailwind\n|move|p1b: Incineroar|Flare Blitz|p2a: Sneasler\n|-damage|p2a: Sneasler|7/100\n|-damage|p1b: Incineroar|45/100|[from] Recoil\n|\n|upkeep\n|turn|7\n|inactive|Leomaster467 has 30 seconds left.\n|\n|t:|1776446790\n|move|p2a: Sneasler|Dire Claw|p1a: Floette\n|-supereffective|p1a: Floette|1\n|-damage|p1a: Floette|0 fnt\n|faint|p1a: Floette\n|move|p2b: Dragonite|Draco Meteor|p1b: Incineroar|[miss]\n|-miss|p2b: Dragonite|p1b: Incineroar\n|move|p1b: Incineroar|Throat Chop|p2a: Sneasler\n|-resisted|p2a: Sneasler|1\n|-damage|p2a: Sneasler|0 fnt\n|faint|p2a: Sneasler\n|\n|upkeep\n|\n|t:|1776446797\n|switch|p2a: Pelipper|Pelipper, L50, F|87/100\n|-weather|RainDance|[from] ability: Drizzle|[of] p2a: Pelipper\n|turn|8\n|\n|t:|1776446810\n|move|p2b: Dragonite|Draco Meteor|p1b: Incineroar\n|-damage|p1b: Incineroar|14/100\n|-unboost|p2b: Dragonite|spa|2\n|move|p2a: Pelipper|Weather Ball|p1b: Incineroar\n|-supereffective|p1b: Incineroar|1\n|-damage|p1b: Incineroar|0 fnt\n|faint|p1b: Incineroar\n|\n|win|KaFe-03\n|raw|Leomaster467's rating: 1094 &rarr; <strong>1074</strong><br />(-20 for losing)\n|raw|KaFe-03's rating: 1161 &rarr; <strong>1181</strong><br />(+20 for winning)\n",
  "uploadtime": 1776446814,
  "views": 24,
  "formatid": "gen9championsvgc2026regma",
  "rating": 1074,
  "private": 0,
  "password": null
}