{
  "id": "gen9championsvgc2026regma-2585659337",
  "format": "[Gen 9 Champions] VGC 2026 Reg M-A",
  "players": [
    "Kaizen1945",
    "who.vill"
  ],
  "log": "|j|\u2606Kaizen1945\n|j|\u2606who.vill\n|t:|1776361843\n|gametype|doubles\n|player|p1|Kaizen1945|2|1106\n|player|p2|who.vill|steven|1034\n|gen|9\n|tier|[Gen 9 Champions] VGC 2026 Reg M-A\n|rated|\n|rule|Species Clause: Limit one of each Pok\u00e9mon\n|rule|Item Clause: Limit 1 of each item\n|clearpoke\n|poke|p1|Medicham, L50, M|\n|poke|p1|Whimsicott, L50, F|\n|poke|p1|Primarina, L50, F|\n|poke|p1|Aggron, L50, F|\n|poke|p1|Kingambit, L50, M|\n|poke|p1|Ceruledge, L50, M|\n|poke|p2|Archaludon, L50, F|\n|poke|p2|Pelipper, L50, F|\n|poke|p2|Tyranitar, L50, F|\n|poke|p2|Excadrill, L50, F|\n|poke|p2|Rotom-Wash, L50|\n|poke|p2|Garchomp, L50, M|\n|teampreview|4\n|\n|t:|1776361915\n|teamsize|p1|4\n|teamsize|p2|4\n|start\n|switch|p1a: Medicham|Medicham, L50, M|100/100\n|switch|p1b: Whimsicott|Whimsicott, L50, F|100/100\n|switch|p2a: Archaludon|Archaludon, L50, F|100/100\n|switch|p2b: Pelipper|Pelipper, L50, F|100/100\n|-weather|RainDance|[from] ability: Drizzle|[of] p2b: Pelipper\n|turn|1\n|\n|t:|1776361952\n|move|p2a: Archaludon|Protect|p2a: Archaludon\n|-singleturn|p2a: Archaludon|Protect\n|move|p1a: Medicham|Detect|p1a: Medicham\n|-singleturn|p1a: Medicham|Protect\n|move|p1b: Whimsicott|Light Screen|p1b: Whimsicott\n|-sidestart|p1: Kaizen1945|move: Light Screen\n|move|p2b: Pelipper|Tailwind|p2b: Pelipper\n|-sidestart|p2: who.vill|move: Tailwind\n|\n|-weather|RainDance|[upkeep]\n|upkeep\n|turn|2\n|\n|t:|1776361972\n|detailschange|p1a: Medicham|Medicham-Mega, L50, M\n|-mega|p1a: Medicham|Medicham|Medichamite\n|move|p1b: Whimsicott|Tailwind|p1b: Whimsicott\n|-sidestart|p1: Kaizen1945|move: Tailwind\n|move|p2a: Archaludon|Flash Cannon|p1b: Whimsicott\n|-supereffective|p1b: Whimsicott|1\n|-damage|p1b: Whimsicott|29/100\n|move|p1a: Medicham|Drain Punch|p2a: Archaludon\n|-supereffective|p2a: Archaludon|1\n|-damage|p2a: Archaludon|8/100\n|-ability|p2a: Archaludon|Stamina|boost\n|-boost|p2a: Archaludon|def|1\n|move|p2b: Pelipper|Hurricane|p1a: Medicham\n|-supereffective|p1a: Medicham|1\n|-damage|p1a: Medicham|35/100\n|\n|-weather|RainDance|[upkeep]\n|upkeep\n|turn|3\n|\n|t:|1776362006\n|switch|p1b: Kingambit|Kingambit, L50, M|100/100\n|move|p1a: Medicham|Detect|p1a: Medicham\n|-singleturn|p1a: Medicham|Protect\n|move|p2a: Archaludon|Flash Cannon|p1b: Kingambit\n|-resisted|p1b: Kingambit|1\n|-damage|p1b: Kingambit|87/100\n|move|p2b: Pelipper|Hurricane|p1a: Medicham\n|-activate|p1a: Medicham|move: Protect\n|\n|-weather|RainDance|[upkeep]\n|upkeep\n|turn|4\n|\n|t:|1776362069\n|move|p2a: Archaludon|Protect|p2a: Archaludon\n|-singleturn|p2a: Archaludon|Protect\n|move|p1b: Kingambit|Sucker Punch||[still]\n|-fail|p1b: Kingambit\n|move|p1a: Medicham|Poison Jab|p2b: Pelipper\n|-damage|p2b: Pelipper|62/100\n|move|p2b: Pelipper|Hurricane|p1a: Medicham\n|-supereffective|p1a: Medicham|1\n|-damage|p1a: Medicham|0 fnt\n|faint|p1a: Medicham\n|\n|-weather|RainDance|[upkeep]\n|-sideend|p2: who.vill|move: Tailwind\n|upkeep\n|\n|t:|1776362089\n|switch|p1a: Whimsicott|Whimsicott, L50, F|29/100\n|turn|5\n|\n|t:|1776362109\n|move|p1a: Whimsicott|Cotton Spore|p2b: Pelipper|[spread] p2a,p2b\n|-unboost|p2a: Archaludon|spe|2\n|-unboost|p2b: Pelipper|spe|2\n|-enditem|p2a: Archaludon|White Herb\n|-clearnegativeboost|p2a: Archaludon|[silent]\n|move|p1b: Kingambit|Sucker Punch|p2a: Archaludon\n|-damage|p2a: Archaludon|0 fnt\n|faint|p2a: Archaludon\n|move|p2b: Pelipper|Tailwind|p2b: Pelipper\n|-sidestart|p2: who.vill|move: Tailwind\n|\n|-weather|none\n|-sideend|p1: Kaizen1945|move: Light Screen\n|-sideend|p1: Kaizen1945|move: Tailwind\n|upkeep\n|\n|t:|1776362120\n|switch|p2a: Rotom|Rotom-Wash, L50|100/100\n|turn|6\n|\n|t:|1776362138\n|switch|p2b: Garchomp|Garchomp, L50, M|100/100\n|move|p1a: Whimsicott|Tailwind|p1a: Whimsicott\n|-sidestart|p1: Kaizen1945|move: Tailwind\n|move|p2a: Rotom|Will-O-Wisp|p1b: Kingambit\n|-status|p1b: Kingambit|brn\n|move|p1b: Kingambit|Kowtow Cleave|p2a: Rotom\n|-damage|p2a: Rotom|64/100\n|\n|-damage|p1b: Kingambit|82/100 brn|[from] brn\n|upkeep\n|turn|7\n|\n|t:|1776362166\n|switch|p2a: Pelipper|Pelipper, L50, F|62/100\n|-weather|RainDance|[from] ability: Drizzle|[of] p2a: Pelipper\n|move|p1b: Kingambit|Protect|p1b: Kingambit\n|-singleturn|p1b: Kingambit|Protect\n|move|p1a: Whimsicott|Light Screen|p1a: Whimsicott\n|-sidestart|p1: Kaizen1945|move: Light Screen\n|move|p2b: Garchomp|Rock Slide|p1a: Whimsicott|[spread] \n|-activate|p1b: Kingambit|move: Protect\n|-miss|p2b: Garchomp|p1a: Whimsicott\n|\n|-weather|RainDance|[upkeep]\n|-damage|p1b: Kingambit|76/100 brn|[from] brn\n|upkeep\n|turn|8\n|\n|t:|1776362192\n|move|p2b: Garchomp|Protect|p2b: Garchomp\n|-singleturn|p2b: Garchomp|Protect\n|move|p1a: Whimsicott|Cotton Spore|p2a: Pelipper|[spread] p2a\n|-activate|p2b: Garchomp|move: Protect\n|-unboost|p2a: Pelipper|spe|2\n|move|p1b: Kingambit|Kowtow Cleave|p2a: Pelipper\n|-damage|p2a: Pelipper|34/100\n|move|p2a: Pelipper|Hurricane|p1a: Whimsicott\n|-supereffective|p1a: Whimsicott|1\n|-damage|p1a: Whimsicott|0 fnt\n|faint|p1a: Whimsicott\n|\n|-weather|RainDance|[upkeep]\n|-damage|p1b: Kingambit|70/100 brn|[from] brn\n|-sideend|p2: who.vill|move: Tailwind\n|upkeep\n|\n|t:|1776362206\n|switch|p1a: Primarina|Primarina, L50, F|100/100\n|turn|9\n|\n|t:|1776362224\n|move|p2a: Pelipper|Protect|p2a: Pelipper\n|-singleturn|p2a: Pelipper|Protect\n|move|p2b: Garchomp|Stomping Tantrum|p1b: Kingambit\n|-supereffective|p1b: Kingambit|1\n|-damage|p1b: Kingambit|4/100 brn\n|move|p1a: Primarina|Dazzling Gleam|p2b: Garchomp|[spread] p2b\n|-activate|p2a: Pelipper|move: Protect\n|-supereffective|p2b: Garchomp|1\n|-damage|p2b: Garchomp|31/100\n|move|p1b: Kingambit|Kowtow Cleave|p2b: Garchomp\n|-damage|p2b: Garchomp|7/100\n|-damage|p1b: Kingambit|0 fnt|[from] ability: Rough Skin|[of] p2b: Garchomp\n|faint|p1b: Kingambit\n|\n|-weather|RainDance|[upkeep]\n|-heal|p2b: Garchomp|13/100|[from] item: Leftovers\n|-sideend|p1: Kaizen1945|move: Tailwind\n|upkeep\n|turn|10\n|\n|t:|1776362245\n|move|p2b: Garchomp|Stomping Tantrum|p1a: Primarina\n|-damage|p1a: Primarina|52/100\n|move|p1a: Primarina|Dazzling Gleam|p2b: Garchomp|[spread] p2a,p2b\n|-supereffective|p2b: Garchomp|1\n|-damage|p2a: Pelipper|0 fnt\n|-damage|p2b: Garchomp|0 fnt\n|faint|p2a: Pelipper\n|faint|p2b: Garchomp\n|\n|-weather|RainDance|[upkeep]\n|upkeep\n|\n|t:|1776362251\n|switch|p2b: Rotom|Rotom-Wash, L50|64/100\n|turn|11\n|\n|t:|1776362272\n|move|p1a: Primarina|Protect|p1a: Primarina\n|-singleturn|p1a: Primarina|Protect\n|move|p2b: Rotom|Volt Switch|p1a: Primarina\n|-activate|p1a: Primarina|move: Protect\n|\n|-weather|none\n|-sideend|p1: Kaizen1945|move: Light Screen\n|upkeep\n|turn|12\n|\n|t:|1776362279\n|move|p2b: Rotom|Volt Switch|p1a: Primarina\n|-supereffective|p1a: Primarina|1\n|-damage|p1a: Primarina|0 fnt\n|faint|p1a: Primarina\n|\n|win|who.vill\n|raw|Kaizen1945's rating: 1106 &rarr; <strong>1076</strong><br />(-30 for losing)\n|raw|who.vill's rating: 1034 &rarr; <strong>1076</strong><br />(+42 for winning)\n|c|\u2606who.vill|g\n",
  "uploadtime": 1776362292,
  "views": 22,
  "formatid": "gen9championsvgc2026regma",
  "rating": 1076,
  "private": 0,
  "password": null
}