{
  "id": "gen9championsvgc2026regma-2584817408",
  "format": "[Gen 9 Champions] VGC 2026 Reg M-A",
  "players": [
    "noobtoilet2000",
    "zjustus613"
  ],
  "log": "|j|\u2606noobtoilet2000\n|j|\u2606zjustus613\n|t:|1776285892\n|gametype|doubles\n|player|p1|noobtoilet2000|barry|1240\n|player|p2|zjustus613|169|1284\n|gen|9\n|tier|[Gen 9 Champions] VGC 2026 Reg M-A\n|rated|\n|rule|Species Clause: Limit one of each Pok\u00e9mon\n|rule|Item Clause: Limit 1 of each item\n|clearpoke\n|poke|p1|Vaporeon, L50, F|\n|poke|p1|Jolteon, L50, F|\n|poke|p1|Flareon, L50, M|\n|poke|p1|Espeon, L50, F|\n|poke|p1|Umbreon, L50, M|\n|poke|p1|Sylveon, L50, F|\n|poke|p2|Incineroar, L50, M|\n|poke|p2|Sinistcha, L50|\n|poke|p2|Floette-Eternal, L50, F|\n|poke|p2|Basculegion, L50, M|\n|poke|p2|Aerodactyl, L50, F|\n|poke|p2|Maushold, L50|\n|teampreview|4\n|inactive|Battle timer is ON: inactive players will automatically lose when time's up. (requested by zjustus613)\n|inactive|zjustus613 has 60 seconds left.\n|\n|t:|1776285944\n|teamsize|p1|4\n|teamsize|p2|4\n|start\n|switch|p1a: Espeon|Espeon, L50, F|100/100\n|switch|p1b: Sylveon|Sylveon, L50, F|100/100\n|switch|p2a: Incineroar|Incineroar, L50, M|100/100\n|switch|p2b: Aerodactyl|Aerodactyl, L50, F|100/100\n|-ability|p2b: Aerodactyl|Unnerve\n|-ability|p2a: Incineroar|Intimidate|boost\n|-unboost|p1a: Espeon|atk|1\n|-unboost|p1b: Sylveon|atk|1\n|turn|1\n|\n|t:|1776285961\n|move|p1a: Espeon|Detect|p1a: Espeon\n|-singleturn|p1a: Espeon|Protect\n|move|p1b: Sylveon|Detect|p1b: Sylveon\n|-singleturn|p1b: Sylveon|Protect\n|move|p2a: Incineroar|Fake Out|p1b: Sylveon\n|-activate|p1b: Sylveon|move: Protect\n|move|p2b: Aerodactyl|Tailwind|p2b: Aerodactyl\n|-sidestart|p2: zjustus613|move: Tailwind\n|\n|upkeep\n|turn|2\n|\n|t:|1776285982\n|move|p2b: Aerodactyl|Rock Slide|p1a: Espeon|[spread] p1a\n|-miss|p2b: Aerodactyl|p1b: Sylveon\n|-damage|p1a: Espeon|70/100\n|move|p2a: Incineroar|Parting Shot|p1b: Sylveon\n|-unboost|p1b: Sylveon|atk|1\n|-unboost|p1b: Sylveon|spa|1\n|\n|t:|1776285990\n|switch|p2a: Basculegion|Basculegion, L50, M|100/100|[from] Parting Shot\n|move|p1b: Sylveon|Hyper Voice|p2a: Basculegion|[spread] p2a,p2b\n|-damage|p2a: Basculegion|68/100\n|-damage|p2b: Aerodactyl|58/100\n|move|p1a: Espeon|Trick Room|p1a: Espeon\n|-fieldstart|move: Trick Room|[of] p1a: Espeon\n|\n|upkeep\n|turn|3\n|\n|t:|1776286011\n|switch|p2b: Incineroar|Incineroar, L50, M|100/100\n|-ability|p2b: Incineroar|Intimidate|boost\n|-unboost|p1a: Espeon|atk|1\n|-unboost|p1b: Sylveon|atk|1\n|move|p2a: Basculegion|Aqua Jet|p1b: Sylveon\n|-damage|p1b: Sylveon|67/100\n|move|p1b: Sylveon|Hyper Voice|p2b: Incineroar|[spread] p2a,p2b\n|-damage|p2a: Basculegion|31/100\n|-damage|p2b: Incineroar|75/100\n|move|p1a: Espeon|Psyshock|p2a: Basculegion\n|-damage|p2a: Basculegion|0 fnt\n|faint|p2a: Basculegion\n|\n|upkeep\n|\n|t:|1776286022\n|switch|p2a: Floette|Floette-Eternal, L50, F|100/100\n|turn|4\n|\n|t:|1776286040\n|switch|p1b: Vaporeon|Vaporeon, L50, F|100/100\n|detailschange|p2a: Floette|Floette-Mega, L50, F\n|-mega|p2a: Floette|Floette|Floettite\n|-ability|p2a: Floette|Fairy Aura\n|move|p2a: Floette|Protect|p2a: Floette\n|-singleturn|p2a: Floette|Protect\n|move|p2b: Incineroar|Fake Out|p1b: Vaporeon\n|-damage|p1b: Vaporeon|90/100\n|move|p1a: Espeon|Psyshock|p2a: Floette\n|-activate|p2a: Floette|move: Protect\n|\n|-sideend|p2: zjustus613|move: Tailwind\n|upkeep\n|turn|5\n|inactive|zjustus613 has 30 seconds left.\n|\n|t:|1776286072\n|move|p2b: Incineroar|Parting Shot|p1a: Espeon\n|move|p1a: Espeon|Parting Shot|p2b: Incineroar|[from] ability: Magic Bounce\n|-unboost|p2b: Incineroar|atk|1\n|-unboost|p2b: Incineroar|spa|1\n|\n|t:|1776286077\n|switch|p1a: Sylveon|Sylveon, L50, F|67/100|[from] Parting Shot\n|move|p1b: Vaporeon|Yawn|p2a: Floette\n|-start|p2a: Floette|move: Yawn|[of] p1b: Vaporeon\n|move|p2a: Floette|Calm Mind|p2a: Floette\n|-boost|p2a: Floette|spa|1\n|-boost|p2a: Floette|spd|1\n|\n|upkeep\n|turn|6\n|\n|t:|1776286089\n|move|p1a: Sylveon|Detect|p1a: Sylveon\n|-singleturn|p1a: Sylveon|Protect\n|move|p1b: Vaporeon|Detect|p1b: Vaporeon\n|-singleturn|p1b: Vaporeon|Protect\n|move|p2a: Floette|Protect|p2a: Floette\n|-singleturn|p2a: Floette|Protect\n|move|p2b: Incineroar|Parting Shot|p1a: Sylveon\n|-activate|p1a: Sylveon|move: Protect\n|\n|-end|p2a: Floette|move: Yawn|[silent]\n|-status|p2a: Floette|slp\n|-fieldend|move: Trick Room\n|upkeep\n|turn|7\n|\n|t:|1776286101\n|cant|p2a: Floette|slp\n|move|p1b: Vaporeon|Fake Tears|p2a: Floette\n|-unboost|p2a: Floette|spd|2\n|move|p1a: Sylveon|Hyper Voice|p2a: Floette|[spread] p2a,p2b\n|-damage|p2a: Floette|21/100 slp\n|-damage|p2b: Incineroar|25/100\n|-enditem|p2b: Incineroar|Sitrus Berry|[eat]\n|-heal|p2b: Incineroar|50/100|[from] item: Sitrus Berry\n|move|p2b: Incineroar|Flare Blitz|p1a: Sylveon\n|-damage|p1a: Sylveon|19/100\n|-damage|p2b: Incineroar|34/100|[from] Recoil\n|\n|upkeep\n|turn|8\n|\n|t:|1776286114\n|move|p1a: Sylveon|Quick Attack|p2a: Floette\n|-damage|p2a: Floette|0 fnt\n|faint|p2a: Floette\n|move|p1b: Vaporeon|Scald|p2b: Incineroar\n|-supereffective|p2b: Incineroar|1\n|-damage|p2b: Incineroar|0 fnt\n|faint|p2b: Incineroar\n|\n|upkeep\n|-message|zjustus613 forfeited.\n|\n|win|noobtoilet2000\n|raw|noobtoilet2000's rating: 1240 &rarr; <strong>1268</strong><br />(+28 for winning)\n|raw|zjustus613's rating: 1284 &rarr; <strong>1256</strong><br />(-28 for losing)\n|l|\u2606zjustus613\n|player|p2|\n",
  "uploadtime": 1776286124,
  "views": 46,
  "formatid": "gen9championsvgc2026regma",
  "rating": 1256,
  "private": 0,
  "password": null
}