{
  "id": "gen9championsvgc2026regma-2584025729",
  "format": "[Gen 9 Champions] VGC 2026 Reg M-A",
  "players": [
    "zazzles_silver",
    "dem0n2011"
  ],
  "log": "|j|\u2606zazzles_silver\n|j|\u203ddem0n2011\n|t:|1776217905\n|gametype|doubles\n|player|p1|zazzles_silver|1|1063\n|player|p2|dem0n2011|benga|1019\n|gen|9\n|tier|[Gen 9 Champions] VGC 2026 Reg M-A\n|rated|\n|rule|Species Clause: Limit one of each Pok\u00e9mon\n|rule|Item Clause: Limit 1 of each item\n|clearpoke\n|poke|p1|Drampa, L50, F|\n|poke|p1|Torkoal, L50, F|\n|poke|p1|Sinistcha, L50|\n|poke|p1|Venusaur, L50, F|\n|poke|p1|Incineroar, L50, M|\n|poke|p1|Golurk, L50|\n|poke|p2|Victreebel, L50, F|\n|poke|p2|Torkoal, L50, F|\n|poke|p2|Farigiraf, L50, F|\n|poke|p2|Dragonite, L50, F|\n|poke|p2|Garchomp, L50, F|\n|poke|p2|Sneasler, L50, F|\n|teampreview|4\n|\n|t:|1776217942\n|teamsize|p1|4\n|teamsize|p2|4\n|start\n|switch|p1a: Jubel|Sinistcha, L50|100/100\n|switch|p1b: Simba|Incineroar, L50, M|100/100\n|switch|p2a: Farigiraf|Farigiraf, L50, F|100/100\n|switch|p2b: Torkoal|Torkoal, L50, F|100/100\n|-ability|p1b: Simba|Intimidate|boost\n|-unboost|p2a: Farigiraf|atk|1\n|-unboost|p2b: Torkoal|atk|1\n|-weather|SunnyDay|[from] ability: Drought|[of] p2b: Torkoal\n|turn|1\n|inactive|Battle timer is ON: inactive players will automatically lose when time's up. (requested by dem0n2011)\n|\n|t:|1776217958\n|move|p2b: Torkoal|Protect|p2b: Torkoal\n|-singleturn|p2b: Torkoal|Protect\n|move|p1b: Simba|Darkest Lariat|p2a: Farigiraf\n|-supereffective|p2a: Farigiraf|1\n|-enditem|p2a: Farigiraf|Colbur Berry|[eat]\n|-enditem|p2a: Farigiraf|Colbur Berry|[weaken]\n|-damage|p2a: Farigiraf|70/100\n|move|p1a: Jubel|Trick Room|p1a: Jubel\n|-fieldstart|move: Trick Room|[of] p1a: Jubel\n|move|p2a: Farigiraf|Trick Room|p2a: Farigiraf\n|-fieldend|move: Trick Room\n|\n|-weather|SunnyDay|[upkeep]\n|upkeep\n|turn|2\n|c|\u2606zazzles_silver|Loool\n|\n|t:|1776217979\n|switch|p1a: Marlboro|Torkoal, L50, F|100/100\n|move|p2a: Farigiraf|Helping Hand|p2b: Torkoal\n|-singleturn|p2b: Torkoal|Helping Hand|[of] p2a: Farigiraf\n|move|p1b: Simba|Darkest Lariat|p2a: Farigiraf\n|-supereffective|p2a: Farigiraf|1\n|-damage|p2a: Farigiraf|1/100\n|move|p2b: Torkoal|Eruption|p1b: Simba|[spread] p1a,p1b\n|-resisted|p1a: Marlboro|1\n|-resisted|p1b: Simba|1\n|-damage|p1a: Marlboro|17/100\n|-damage|p1b: Simba|48/100\n|-enditem|p1b: Simba|Sitrus Berry|[eat]\n|-heal|p1b: Simba|72/100|[from] item: Sitrus Berry\n|\n|-weather|SunnyDay|[upkeep]\n|upkeep\n|turn|3\n|\n|t:|1776218002\n|move|p2a: Farigiraf|Helping Hand|p2b: Torkoal\n|-singleturn|p2b: Torkoal|Helping Hand|[of] p2a: Farigiraf\n|move|p1b: Simba|Darkest Lariat|p2a: Farigiraf\n|-supereffective|p2a: Farigiraf|1\n|-damage|p2a: Farigiraf|0 fnt\n|faint|p2a: Farigiraf\n|move|p1a: Marlboro|Heat Wave|p2b: Torkoal\n|-resisted|p2b: Torkoal|1\n|-damage|p2b: Torkoal|50/100\n|move|p2b: Torkoal|Eruption|p1b: Simba|[spread] p1a,p1b\n|-resisted|p1a: Marlboro|1\n|-resisted|p1b: Simba|1\n|-damage|p1a: Marlboro|0 fnt\n|-damage|p1b: Simba|46/100\n|faint|p1a: Marlboro\n|\n|-weather|SunnyDay|[upkeep]\n|upkeep\n|\n|t:|1776218015\n|switch|p2a: Victreebel|Victreebel, L50, F|100/100\n|switch|p1a: Grumpa|Drampa, L50, F|100/100\n|turn|4\n|\n|t:|1776218031\n|switch|p2b: Sneasler|Sneasler, L50, F|100/100\n|detailschange|p1a: Grumpa|Drampa-Mega, L50, F\n|-mega|p1a: Grumpa|Drampa|Drampanite\n|move|p2a: Victreebel|Sleep Powder|p1a: Grumpa\n|-status|p1a: Grumpa|slp|[from] move: Sleep Powder\n|move|p1b: Simba|Flare Blitz|p2a: Victreebel\n|-supereffective|p2a: Victreebel|1\n|-damage|p2a: Victreebel|0 fnt\n|faint|p2a: Victreebel\n|-damage|p1b: Simba|13/100|[from] Recoil\n|cant|p1a: Grumpa|slp\n|\n|-weather|SunnyDay|[upkeep]\n|upkeep\n|\n|t:|1776218042\n|switch|p2a: Torkoal|Torkoal, L50, F|50/100\n|turn|5\n|\n|t:|1776218054\n|switch|p1a: Jubel|Sinistcha, L50|100/100\n|-heal|p1b: Simba|38/100|[from] ability: Hospitality|[of] p1a: Jubel\n|move|p2b: Sneasler|Fake Out|p1b: Simba\n|-damage|p1b: Simba|23/100\n|cant|p1b: Simba|flinch\n|move|p2a: Torkoal|Heat Wave|p1b: Simba|[spread] p1a,p1b\n|-supereffective|p1a: Jubel|1\n|-enditem|p1a: Jubel|Occa Berry|[eat]\n|-enditem|p1a: Jubel|Occa Berry|[weaken]\n|-resisted|p1b: Simba|1\n|-damage|p1a: Jubel|33/100\n|-damage|p1b: Simba|0 fnt\n|faint|p1b: Simba\n|\n|-weather|none\n|upkeep\n|\n|t:|1776218070\n|switch|p1b: Grumpa|Drampa-Mega, L50, F|100/100 slp\n|turn|6\n|\n|t:|1776218077\n|move|p1a: Jubel|Rage Powder|p1a: Jubel\n|-singleturn|p1a: Jubel|move: Rage Powder\n|move|p2b: Sneasler|Close Combat|p1a: Jubel\n|-immune|p1a: Jubel\n|cant|p1b: Grumpa|slp\n|move|p2a: Torkoal|Heat Wave|p1a: Jubel|[spread] p1a,p1b\n|-supereffective|p1a: Jubel|1\n|-resisted|p1b: Grumpa|1\n|-damage|p1a: Jubel|0 fnt\n|-damage|p1b: Grumpa|84/100 slp\n|faint|p1a: Jubel\n|\n|upkeep\n|turn|7\n|\n|t:|1776218088\n|move|p2a: Torkoal|Helping Hand|p2b: Sneasler\n|-singleturn|p2b: Sneasler|Helping Hand|[of] p2a: Torkoal\n|move|p2b: Sneasler|Close Combat|p1b: Grumpa\n|-supereffective|p1b: Grumpa|1\n|-damage|p1b: Grumpa|0 fnt\n|-unboost|p2b: Sneasler|def|1\n|-unboost|p2b: Sneasler|spd|1\n|faint|p1b: Grumpa\n|\n|win|dem0n2011\n|raw|zazzles_silver's rating: 1063 &rarr; <strong>1041</strong><br />(-22 for losing)\n|raw|dem0n2011's rating: 1019 &rarr; <strong>1061</strong><br />(+42 for winning)\n|l|\u2606zazzles_silver\n|player|p1|\n",
  "uploadtime": 1776218095,
  "views": 18,
  "formatid": "gen9championsvgc2026regma",
  "rating": 1041,
  "private": 0,
  "password": null
}