{
  "id": "gen9championsvgc2026regma-2581069471",
  "format": "[Gen 9 Champions] VGC 2026 Reg M-A",
  "players": [
    "gumballego",
    "reisterr"
  ],
  "log": "|j|\u2606gumballego\n|j|\u2606reisterr\n|t:|1775956961\n|gametype|doubles\n|player|p1|gumballego|skier|1042\n|player|p2|reisterr|265|1012\n|gen|9\n|tier|[Gen 9 Champions] VGC 2026 Reg M-A\n|rated|\n|rule|Species Clause: Limit one of each Pok\u00e9mon\n|rule|Item Clause: Limit 1 of each item\n|clearpoke\n|poke|p1|Meganium, L50, M|\n|poke|p1|Arcanine-Hisui, L50, M|\n|poke|p1|Kommo-o, L50, F|\n|poke|p1|Torkoal, L50, F|\n|poke|p1|Sinistcha, L50|\n|poke|p1|Vivillon, L50, M|\n|poke|p2|Zoroark-Hisui, L50, F|\n|poke|p2|Hawlucha, L50, F|\n|poke|p2|Excadrill, L50, F|\n|poke|p2|Tyranitar, L50, F|\n|poke|p2|Whimsicott, L50, F|\n|poke|p2|Sneasler, L50, M|\n|teampreview|4\n|inactive|Battle timer is ON: inactive players will automatically lose when time's up. (requested by reisterr)\nreisterr rejected open team sheets.\n|\n|t:|1775956987\n|teamsize|p1|4\n|teamsize|p2|4\n|start\n|switch|p1a: droppin plates|Arcanine-Hisui, L50, M|100/100\n|switch|p1b: teein off|Sinistcha, L50|100/100\n|switch|p2a: Hawlucha|Hawlucha, L50, F|100/100\n|switch|p2b: Excadrill|Excadrill, L50, F|100/100\n|-ability|p1a: droppin plates|Intimidate|boost\n|-unboost|p2a: Hawlucha|atk|1\n|-unboost|p2b: Excadrill|atk|1\n|turn|1\n|inactive|gumballego has 30 seconds left.\n|inactive|reisterr has 30 seconds left.\n|inactive|gumballego has 20 seconds left.\n|inactive|gumballego has 15 seconds left.\n|inactive|gumballego has 10 seconds left.\n|inactive|gumballego has 5 seconds left.\n|\n|t:|1775957040\n|detailschange|p2a: Hawlucha|Hawlucha-Mega, L50, F\n|-mega|p2a: Hawlucha|Hawlucha|Hawluchanite\n|move|p2a: Hawlucha|Entrainment|p2b: Excadrill\n|-ability|p2b: Excadrill|No Guard|Sand Rush|[from] move: Entrainment|[of] p2a: Hawlucha\n|move|p2b: Excadrill|Fissure|p1a: droppin plates\n|-damage|p1a: droppin plates|0 fnt\n|faint|p1a: droppin plates\n|-ohko\n|move|p1b: teein off|Trick Room|p1b: teein off\n|-fieldstart|move: Trick Room|[of] p1b: teein off\n|\n|upkeep\n|\n|t:|1775957065\n|switch|p1a: sun|Torkoal, L50, F|100/100\n|-weather|SunnyDay|[from] ability: Drought|[of] p1a: sun\n|turn|2\n|\n|t:|1775957084\n|switch|p2a: Tyranitar|Tyranitar, L50, F|100/100\n|-weather|Sandstorm|[from] ability: Sand Stream|[of] p2a: Tyranitar\n|move|p2b: Excadrill|Protect|p2b: Excadrill\n|-singleturn|p2b: Excadrill|Protect\n|move|p1a: sun|Heat Wave|p2a: Tyranitar|[spread] p2a\n|-activate|p2b: Excadrill|move: Protect\n|-resisted|p2a: Tyranitar|1\n|-crit|p2a: Tyranitar\n|-damage|p2a: Tyranitar|82/100\n|move|p1b: teein off|Matcha Gotcha|p2a: Tyranitar|[spread] p2a\n|-activate|p2b: Excadrill|move: Protect\n|-supereffective|p2a: Tyranitar|1\n|-damage|p2a: Tyranitar|45/100\n|\n|-weather|Sandstorm|[upkeep]\n|-damage|p1a: sun|94/100|[from] Sandstorm\n|-damage|p1b: teein off|94/100|[from] Sandstorm\n|-heal|p2a: Tyranitar|51/100|[from] item: Leftovers\n|upkeep\n|turn|3\n|\n|t:|1775957109\n|move|p1a: sun|Heat Wave|p2a: Tyranitar|[spread] p2b\n|-miss|p1a: sun|p2a: Tyranitar\n|-supereffective|p2b: Excadrill|1\n|-damage|p2b: Excadrill|14/100\n|move|p1b: teein off|Matcha Gotcha|p2b: Excadrill|[spread] p2a,p2b\n|-supereffective|p2a: Tyranitar|1\n|-damage|p2a: Tyranitar|14/100\n|-heal|p1b: teein off|100/100|[from] drain|[of] p2a: Tyranitar\n|-damage|p2b: Excadrill|0 fnt\n|faint|p2b: Excadrill\n|move|p2a: Tyranitar|Knock Off|p1b: teein off\n|-supereffective|p1b: teein off|1\n|-damage|p1b: teein off|9/100\n|-enditem|p1b: teein off|Sitrus Berry|[from] move: Knock Off|[of] p2a: Tyranitar\n|\n|-weather|Sandstorm|[upkeep]\n|-damage|p1a: sun|88/100|[from] Sandstorm\n|-damage|p1b: teein off|3/100|[from] Sandstorm\n|-heal|p2a: Tyranitar|20/100|[from] item: Leftovers\n|upkeep\n|inactive|reisterr has 30 seconds left.\n|\n|t:|1775957134\n|switch|p2b: Sneasler|Sneasler, L50, M|100/100\n|turn|4\n|\n|t:|1775957146\n|switch|p1b: zildjian|Kommo-o, L50, F|100/100\n|move|p1a: sun|Protect|p1a: sun\n|-singleturn|p1a: sun|Protect\n|move|p2b: Sneasler|Fake Out|p1a: sun\n|-activate|p1a: sun|move: Protect\n|move|p2a: Tyranitar|Rock Slide|p1a: sun|[spread] p1b\n|-activate|p1a: sun|move: Protect\n|-resisted|p1b: zildjian|1\n|-damage|p1b: zildjian|90/100\n|\n|-weather|Sandstorm|[upkeep]\n|-damage|p1a: sun|82/100|[from] Sandstorm\n|-damage|p2b: Sneasler|95/100|[from] Sandstorm\n|-heal|p1b: zildjian|96/100|[from] item: Leftovers\n|-heal|p2a: Tyranitar|26/100|[from] item: Leftovers\n|upkeep\n|turn|5\n|\n|t:|1775957167\n|switch|p2a: Hawlucha|Hawlucha-Mega, L50, F|100/100\n|move|p2b: Sneasler|Protect|p2b: Sneasler\n|-singleturn|p2b: Sneasler|Protect\n|move|p1a: sun|Heat Wave|p2a: Hawlucha|[spread] p2a\n|-activate|p2b: Sneasler|move: Protect\n|-damage|p2a: Hawlucha|56/100\n|move|p1b: zildjian|Body Press|p2b: Sneasler\n|-activate|p2b: Sneasler|move: Protect\n|\n|-weather|Sandstorm|[upkeep]\n|-damage|p1a: sun|76/100|[from] Sandstorm\n|-damage|p2b: Sneasler|89/100|[from] Sandstorm\n|-damage|p2a: Hawlucha|50/100|[from] Sandstorm\n|-heal|p1b: zildjian|100/100|[from] item: Leftovers\n|-fieldend|move: Trick Room\n|upkeep\n|turn|6\n|inactive|reisterr has 30 seconds left.\n|\n|t:|1775957194\n|move|p1a: sun|Protect|p1a: sun\n|-singleturn|p1a: sun|Protect\n|move|p2a: Hawlucha|Stone Edge|p1a: sun\n|-activate|p1a: sun|move: Protect\n|move|p2b: Sneasler|Dire Claw|p1a: sun\n|-activate|p1a: sun|move: Protect\n|move|p1b: zildjian|Iron Defense|p1b: zildjian\n|-boost|p1b: zildjian|def|2\n|\n|-weather|none\n|upkeep\n|turn|7\n|\n|t:|1775957213\n|move|p2a: Hawlucha|Stone Edge|p1a: sun\n|-supereffective|p1a: sun|1\n|-damage|p1a: sun|24/100\n|move|p2b: Sneasler|Close Combat|p1a: sun\n|-damage|p1a: sun|0 fnt\n|-unboost|p2b: Sneasler|def|1\n|-unboost|p2b: Sneasler|spd|1\n|faint|p1a: sun\n|-enditem|p2b: Sneasler|White Herb\n|-clearnegativeboost|p2b: Sneasler|[silent]\n|move|p1b: zildjian|Body Press|p2b: Sneasler\n|-resisted|p2b: Sneasler|1\n|-damage|p2b: Sneasler|17/100\n|\n|upkeep\n|\n|t:|1775957215\n|switch|p1a: teein off|Sinistcha, L50|3/100\n|turn|8\n|inactive|gumballego has 30 seconds left.\n|inactive|reisterr has 30 seconds left.\n|inactive|gumballego has 20 seconds left.\n|\n|t:|1775957253\n|switch|p2a: Tyranitar|Tyranitar, L50, F|26/100\n|-weather|Sandstorm|[from] ability: Sand Stream|[of] p2a: Tyranitar\n|move|p2b: Sneasler|Protect|p2b: Sneasler\n|-singleturn|p2b: Sneasler|Protect\n|move|p1a: teein off|Rage Powder|p1a: teein off\n|-singleturn|p1a: teein off|move: Rage Powder\n|move|p1b: zildjian|Body Press|p2a: Tyranitar\n|-supereffective|p2a: Tyranitar|2\n|-damage|p2a: Tyranitar|0 fnt\n|faint|p2a: Tyranitar\n|\n|-weather|Sandstorm|[upkeep]\n|-damage|p2b: Sneasler|11/100|[from] Sandstorm\n|-damage|p1a: teein off|0 fnt|[from] Sandstorm\n|faint|p1a: teein off\n|upkeep\n|\n|t:|1775957268\n|switch|p2a: Hawlucha|Hawlucha-Mega, L50, F|50/100\n|turn|9\n|\n|t:|1775957280\n|move|p1b: zildjian|Protect|p1b: zildjian\n|-singleturn|p1b: zildjian|Protect\n|move|p2b: Sneasler|Dire Claw|p1b: zildjian\n|-activate|p1b: zildjian|move: Protect\n|move|p2a: Hawlucha|High Jump Kick|p1b: zildjian\n|-activate|p1b: zildjian|move: Protect\n|-damage|p2a: Hawlucha|0 fnt|[from] highjumpkick\n|faint|p2a: Hawlucha\n|\n|-weather|Sandstorm|[upkeep]\n|-damage|p2b: Sneasler|6/100|[from] Sandstorm\n|upkeep\n|turn|10\n|\n|t:|1775957289\n|move|p2b: Sneasler|Dire Claw|p1b: zildjian\n|-damage|p1b: zildjian|85/100\n|move|p1b: zildjian|Body Press|p2b: Sneasler\n|-resisted|p2b: Sneasler|1\n|-damage|p2b: Sneasler|0 fnt\n|faint|p2b: Sneasler\n|\n|win|gumballego\n|raw|gumballego's rating: 1042 &rarr; <strong>1073</strong><br />(+31 for winning)\n|raw|reisterr's rating: 1012 &rarr; <strong>1001</strong><br />(-11 for losing)\n",
  "uploadtime": 1775957292,
  "views": 11,
  "formatid": "gen9championsvgc2026regma",
  "rating": 1001,
  "private": 0,
  "password": null
}