{
  "id": "gen9championsvgc2026regma-2587868654",
  "format": "[Gen 9 Champions] VGC 2026 Reg M-A",
  "players": [
    "Andresito12",
    "tawka"
  ],
  "log": "|j|\u2606Andresito12\n|j|\u2606tawka\n|t:|1776572577\n|gametype|doubles\n|player|p1|Andresito12|2|1051\n|player|p2|tawka|102|1143\n|gen|9\n|tier|[Gen 9 Champions] VGC 2026 Reg M-A\n|rated|\n|rule|Species Clause: Limit one of each Pok\u00e9mon\n|rule|Item Clause: Limit 1 of each item\n|clearpoke\n|poke|p1|Lopunny, L50, F|\n|poke|p1|Talonflame, L50, M|\n|poke|p1|Basculegion, L50, M|\n|poke|p1|Kingambit, L50, F|\n|poke|p1|Sinistcha-Masterpiece, L50|\n|poke|p1|Garchomp, L50, F|\n|poke|p2|Mamoswine, L50, F|\n|poke|p2|Tsareena, L50, F, shiny|\n|poke|p2|Dragonite, L50, F, shiny|\n|poke|p2|Orthworm, L50, F|\n|poke|p2|Pelipper, L50, M, shiny|\n|poke|p2|Aggron, L50, F|\n|teampreview|4\n|\n|t:|1776572609\n|teamsize|p1|4\n|teamsize|p2|4\n|start\n|switch|p1a: Lopunny|Lopunny, L50, F|100/100\n|switch|p1b: Talonflame|Talonflame, L50, M|100/100\n|switch|p2a: Pelipper|Pelipper, L50, M, shiny|100/100\n|switch|p2b: Orthworm|Orthworm, L50, F|100/100\n|-weather|RainDance|[from] ability: Drizzle|[of] p2a: Pelipper\n|turn|1\n|\n|t:|1776572625\n|detailschange|p1a: Lopunny|Lopunny-Mega, L50, F\n|-mega|p1a: Lopunny|Lopunny|Lopunnite\n|move|p1b: Talonflame|Tailwind|p1b: Talonflame\n|-sidestart|p1: Andresito12|move: Tailwind\n|move|p1a: Lopunny|Close Combat|p2b: Orthworm\n|-supereffective|p2b: Orthworm|1\n|-damage|p2b: Orthworm|11/100\n|-unboost|p1a: Lopunny|def|1\n|-unboost|p1a: Lopunny|spd|1\n|-enditem|p2b: Orthworm|Sitrus Berry|[eat]\n|-heal|p2b: Orthworm|35/100|[from] item: Sitrus Berry\n|move|p2a: Pelipper|Weather Ball|p1b: Talonflame\n|-supereffective|p1b: Talonflame|1\n|-damage|p1b: Talonflame|0 fnt\n|faint|p1b: Talonflame\n|move|p2b: Orthworm|Iron Defense|p2b: Orthworm\n|-boost|p2b: Orthworm|def|2\n|\n|-weather|RainDance|[upkeep]\n|upkeep\n|\n|t:|1776572645\n|switch|p1b: Garchomp|Garchomp, L50, F|100/100\n|turn|2\n|\n|t:|1776572668\n|switch|p2b: Dragonite|Dragonite, L50, F, shiny|100/100\n|move|p1b: Garchomp|Protect|p1b: Garchomp\n|-singleturn|p1b: Garchomp|Protect\n|move|p1a: Lopunny|Close Combat|p2b: Dragonite\n|-resisted|p2b: Dragonite|1\n|-damage|p2b: Dragonite|83/100\n|-unboost|p1a: Lopunny|def|1\n|-unboost|p1a: Lopunny|spd|1\n|move|p2a: Pelipper|Weather Ball|p1b: Garchomp\n|-activate|p1b: Garchomp|move: Protect\n|\n|-weather|RainDance|[upkeep]\n|upkeep\n|turn|3\n|\n|t:|1776572684\n|switch|p1a: Sinistcha|Sinistcha-Masterpiece, L50|100/100\n|detailschange|p2b: Dragonite|Dragonite-Mega, L50, F, shiny\n|-mega|p2b: Dragonite|Dragonite|Dragoninite\n|move|p2a: Pelipper|Wide Guard|p2a: Pelipper\n|-singleturn|p2a: Pelipper|Wide Guard\n|move|p1b: Garchomp|Rock Slide|p2b: Dragonite|[spread] \n|-activate|p2a: Pelipper|move: Wide Guard\n|-activate|p2b: Dragonite|move: Wide Guard\n|move|p2b: Dragonite|Tailwind|p2b: Dragonite\n|-sidestart|p2: tawka|move: Tailwind\n|\n|-weather|RainDance|[upkeep]\n|upkeep\n|turn|4\n|\n|t:|1776572725\n|switch|p1b: Lopunny|Lopunny-Mega, L50, F|100/100\n|move|p2a: Pelipper|Wide Guard|p2a: Pelipper\n|-singleturn|p2a: Pelipper|Wide Guard\n|move|p2b: Dragonite|Hurricane|p1a: Sinistcha\n|-supereffective|p1a: Sinistcha|1\n|-damage|p1a: Sinistcha|0 fnt\n|faint|p1a: Sinistcha\n|\n|-weather|RainDance|[upkeep]\n|-sideend|p1: Andresito12|move: Tailwind\n|upkeep\n|\n|t:|1776572734\n|switch|p1a: Garchomp|Garchomp, L50, F|100/100\n|turn|5\n|\n|t:|1776572750\n|move|p2b: Dragonite|Protect|p2b: Dragonite\n|-singleturn|p2b: Dragonite|Protect\n|move|p1b: Lopunny|Fake Out|p2b: Dragonite\n|-activate|p2b: Dragonite|move: Protect\n|move|p2a: Pelipper|Hurricane|p1b: Lopunny\n|-supereffective|p1b: Lopunny|1\n|-damage|p1b: Lopunny|0 fnt\n|faint|p1b: Lopunny\n|move|p1a: Garchomp|Dragon Claw|p2b: Dragonite\n|-activate|p2b: Dragonite|move: Protect\n|\n|-weather|none\n|upkeep\n|turn|6\n|\n|t:|1776572770\n|switch|p2a: Mamoswine|Mamoswine, L50, F|100/100\n|move|p2b: Dragonite|Hurricane|p1a: Garchomp\n|-damage|p1a: Garchomp|23/100\n|move|p1a: Garchomp|Dragon Claw|p2b: Dragonite\n|-supereffective|p2b: Dragonite|1\n|-damage|p2b: Dragonite|0 fnt\n|faint|p2b: Dragonite\n|\n|-sideend|p2: tawka|move: Tailwind\n|upkeep\n|\n|t:|1776572780\n|switch|p2b: Orthworm|Orthworm, L50, F|35/100\n|turn|7\n|\n|t:|1776572787\n|move|p1a: Garchomp|Protect|p1a: Garchomp\n|-singleturn|p1a: Garchomp|Protect\n|move|p2a: Mamoswine|Ice Shard|p1a: Garchomp\n|-activate|p1a: Garchomp|move: Protect\n|move|p2b: Orthworm|Iron Defense|p2b: Orthworm\n|-boost|p2b: Orthworm|def|2\n|\n|upkeep\n|turn|8\n|\n|t:|1776572794\n|move|p2a: Mamoswine|Ice Shard|p1a: Garchomp\n|-supereffective|p1a: Garchomp|2\n|-crit|p1a: Garchomp\n|-damage|p1a: Garchomp|0 fnt\n|faint|p1a: Garchomp\n|\n|win|tawka\n|raw|Andresito12's rating: 1051 &rarr; <strong>1038</strong><br />(-13 for losing)\n|raw|tawka's rating: 1143 &rarr; <strong>1162</strong><br />(+19 for winning)\n|l|\u2606Andresito12\n|player|p1|\n",
  "uploadtime": 1776572796,
  "views": 14,
  "formatid": "gen9championsvgc2026regma",
  "rating": 1038,
  "private": 0,
  "password": null
}