{
  "id": "gen9championsvgc2026regma-2583457450",
  "format": "[Gen 9 Champions] VGC 2026 Reg M-A",
  "players": [
    "InfiniteKG~",
    "ZeroPops"
  ],
  "log": "|j|\u2606InfiniteKG~\n|j|\u2606ZeroPops\n|t:|1776176905\n|gametype|doubles\n|player|p1|InfiniteKG~|cynthia|1165\n|player|p2|ZeroPops|1|1165\n|gen|9\n|tier|[Gen 9 Champions] VGC 2026 Reg M-A\n|rated|\n|rule|Species Clause: Limit one of each Pok\u00e9mon\n|rule|Item Clause: Limit 1 of each item\n|clearpoke\n|poke|p1|Delphox, L50, F|\n|poke|p1|Orthworm, L50, M|\n|poke|p1|Garchomp, L50, M|\n|poke|p1|Gyarados, L50, F|\n|poke|p1|Torkoal, L50, F|\n|poke|p1|Whimsicott, L50, F|\n|poke|p2|Floette-Eternal, L50, F|\n|poke|p2|Aerodactyl, L50, M|\n|poke|p2|Sneasler, L50, F|\n|poke|p2|Incineroar, L50, M|\n|poke|p2|Kingambit, L50, F|\n|poke|p2|Basculegion, L50, M|\n|teampreview|4\n|\n|t:|1776176931\n|teamsize|p1|4\n|teamsize|p2|4\n|start\n|switch|p1a: Orthworm|Orthworm, L50, M|100/100\n|switch|p1b: Garchomp|Garchomp, L50, M|100/100\n|switch|p2a: Kingambit|Kingambit, L50, F|100/100\n|switch|p2b: Sneasler|Sneasler, L50, F|100/100\n|turn|1\n|inactive|Battle timer is ON: inactive players will automatically lose when time's up. (requested by InfiniteKG~)\n|inactive|ZeroPops has 60 seconds left.\n|\n|t:|1776176968\n|switch|p1a: Gyarados|Gyarados, L50, F|100/100\n|-ability|p1a: Gyarados|Intimidate|boost\n|-unboost|p2a: Kingambit|atk|1\n|-ability|p2a: Kingambit|Defiant|boost\n|-boost|p2a: Kingambit|atk|2\n|-unboost|p2b: Sneasler|atk|1\n|-enditem|p2b: Sneasler|White Herb\n|-clearnegativeboost|p2b: Sneasler|[silent]\n|switch|p2a: Incineroar|Incineroar, L50, M|100/100\n|-ability|p2a: Incineroar|Intimidate|boost\n|-unboost|p1a: Gyarados|atk|1\n|-unboost|p1b: Garchomp|atk|1\n|move|p2b: Sneasler|Close Combat|p1a: Gyarados\n|-resisted|p1a: Gyarados|1\n|-damage|p1a: Gyarados|58/100\n|-unboost|p2b: Sneasler|def|1\n|-unboost|p2b: Sneasler|spd|1\n|move|p1b: Garchomp|Earthquake|p2b: Sneasler|[spread] p2a,p2b\n|-immune|p1a: Gyarados\n|-supereffective|p2a: Incineroar|1\n|-supereffective|p2b: Sneasler|1\n|-damage|p2a: Incineroar|52/100\n|-damage|p2b: Sneasler|0 fnt\n|faint|p2b: Sneasler\n|\n|upkeep\n|\n|t:|1776176973\n|switch|p2b: Floette|Floette-Eternal, L50, F|100/100\n|turn|2\n|\n|t:|1776176998\n|switch|p1a: Orthworm|Orthworm, L50, M|100/100\n|detailschange|p2b: Floette|Floette-Mega, L50, F\n|-mega|p2b: Floette|Floette|Floettite\n|-ability|p2b: Floette|Fairy Aura\n|move|p1b: Garchomp|Protect|p1b: Garchomp\n|-singleturn|p1b: Garchomp|Protect\n|move|p2b: Floette|Dazzling Gleam|p1a: Orthworm|[spread] p1a\n|-activate|p1b: Garchomp|move: Protect\n|-resisted|p1a: Orthworm|1\n|-damage|p1a: Orthworm|72/100\n|move|p2a: Incineroar|Parting Shot|p1b: Garchomp\n|-activate|p1b: Garchomp|move: Protect\n|\n|upkeep\n|turn|3\n|\n|t:|1776177020\n|move|p1b: Garchomp|Earthquake|p2a: Incineroar|[spread] p2a,p2b\n|-heal|p1a: Orthworm|97/100|[from] ability: Earth Eater|[of] p1b: Garchomp\n|-supereffective|p2a: Incineroar|1\n|-damage|p2a: Incineroar|9/100\n|-damage|p2b: Floette|76/100\n|move|p2b: Floette|Dazzling Gleam|p1a: Orthworm|[spread] p1a,p1b\n|-resisted|p1a: Orthworm|1\n|-supereffective|p1b: Garchomp|1\n|-damage|p1a: Orthworm|68/100\n|-damage|p1b: Garchomp|2/100\n|move|p2a: Incineroar|Flare Blitz|p1a: Orthworm\n|-supereffective|p1a: Orthworm|1\n|-crit|p1a: Orthworm\n|-damage|p1a: Orthworm|0 fnt\n|faint|p1a: Orthworm\n|-damage|p2a: Incineroar|0 fnt|[from] Recoil\n|faint|p2a: Incineroar\n|\n|upkeep\n|\n|t:|1776177039\n|switch|p2a: Kingambit|Kingambit, L50, F|100/100\n|switch|p1a: Gyarados|Gyarados, L50, F|58/100\n|-ability|p1a: Gyarados|Intimidate|boost\n|-unboost|p2a: Kingambit|atk|1\n|-ability|p2a: Kingambit|Defiant|boost\n|-boost|p2a: Kingambit|atk|2\n|-unboost|p2b: Floette|atk|1\n|turn|4\n|\n|t:|1776177052\n|move|p2a: Kingambit|Sucker Punch|p1b: Garchomp\n|-damage|p1b: Garchomp|0 fnt\n|-damage|p2a: Kingambit|88/100|[from] ability: Rough Skin|[of] p1b: Garchomp\n|faint|p1b: Garchomp\n|move|p1a: Gyarados|Earthquake|p2a: Kingambit|[spread] p2a,p2b\n|-supereffective|p2a: Kingambit|1\n|-damage|p2a: Kingambit|52/100\n|-damage|p2b: Floette|52/100\n|move|p2b: Floette|Calm Mind|p2b: Floette\n|-boost|p2b: Floette|spa|1\n|-boost|p2b: Floette|spd|1\n|\n|upkeep\n|\n|t:|1776177064\n|switch|p1b: Cinder|Delphox, L50, F|100/100\n|turn|5\n|inactive|ZeroPops has 30 seconds left.\n|inactive|ZeroPops has 20 seconds left.\n|inactive|ZeroPops has 15 seconds left.\n|\n|t:|1776177109\n|detailschange|p1b: Cinder|Delphox-Mega, L50, F\n|-mega|p1b: Cinder|Delphox|Delphoxite\n|move|p2a: Kingambit|Protect|p2a: Kingambit\n|-singleturn|p2a: Kingambit|Protect\n|move|p1b: Cinder|Nasty Plot|p1b: Cinder\n|-boost|p1b: Cinder|spa|2\n|move|p1a: Gyarados|Earthquake|p2b: Floette|[spread] p2b\n|-activate|p2a: Kingambit|move: Protect\n|-immune|p1b: Cinder|[from] ability: Levitate\n|-damage|p2b: Floette|30/100\n|move|p2b: Floette|Dazzling Gleam|p1b: Cinder|[spread] p1a,p1b\n|-resisted|p1b: Cinder|1\n|-damage|p1a: Gyarados|0 fnt\n|-damage|p1b: Cinder|68/100\n|faint|p1a: Gyarados\n|\n|upkeep\n|turn|6\n|\n|t:|1776177127\n|move|p2a: Kingambit|Sucker Punch|p1b: Cinder\n|-supereffective|p1b: Cinder|1\n|-damage|p1b: Cinder|0 fnt\n|faint|p1b: Cinder\n|\n|win|ZeroPops\n|raw|InfiniteKG~'s rating: 1165 &rarr; <strong>1140</strong><br />(-25 for losing)\n|raw|ZeroPops's rating: 1165 &rarr; <strong>1190</strong><br />(+25 for winning)\n|l|\u2606InfiniteKG~\n|player|p1|\n",
  "uploadtime": 1776177166,
  "views": 46,
  "formatid": "gen9championsvgc2026regma",
  "rating": 1140,
  "private": 0,
  "password": null
}