{
  "id": "gen9championsvgc2026regma-2581174157",
  "format": "[Gen 9 Champions] VGC 2026 Reg M-A",
  "players": [
    "Loglord142",
    "throh it baxc"
  ],
  "log": "|j|\u2606Loglord142\n|j|\u2606throh it baxc\n|t:|1775967161\n|gametype|doubles\n|player|p1|Loglord142|pokemonbreeder-gen4|1115\n|player|p2|throh it baxc|ltsurge|1152\n|gen|9\n|tier|[Gen 9 Champions] VGC 2026 Reg M-A\n|rated|\n|rule|Species Clause: Limit one of each Pok\u00e9mon\n|rule|Item Clause: Limit 1 of each item\n|clearpoke\n|poke|p1|Incineroar, L50, M|\n|poke|p1|Charizard, L50, F|\n|poke|p1|Venusaur, L50, M|\n|poke|p1|Aerodactyl, L50, M|\n|poke|p1|Garchomp, L50, F|\n|poke|p1|Trevenant, L50, M|\n|poke|p2|Arcanine-Hisui, L50, M|\n|poke|p2|Tinkaton, L50, F|\n|poke|p2|Rotom-Wash, L50|\n|poke|p2|Sneasler, L50, F|\n|poke|p2|Gyarados, L50, F|\n|poke|p2|Whimsicott, L50, F|\n|teampreview|4\n|\n|t:|1775967192\n|teamsize|p1|4\n|teamsize|p2|4\n|start\n|switch|p1a: Charizard|Charizard, L50, F|100/100\n|switch|p1b: Venusaur|Venusaur, L50, M|100/100\n|switch|p2a: Arcanine|Arcanine-Hisui, L50, M|100/100\n|switch|p2b: Tinkaton|Tinkaton, L50, F|100/100\n|-ability|p2a: Arcanine|Intimidate|boost\n|-unboost|p1a: Charizard|atk|1\n|-unboost|p1b: Venusaur|atk|1\n|-ability|p2b: Tinkaton|Mold Breaker\n|turn|1\n|\n|t:|1775967227\n|detailschange|p1a: Charizard|Charizard-Mega-Y, L50, F\n|-mega|p1a: Charizard|Charizard|Charizardite Y\n|-weather|SunnyDay|[from] ability: Drought|[of] p1a: Charizard\n|move|p2b: Tinkaton|Fake Out|p1b: Venusaur\n|-damage|p1b: Venusaur|91/100\n|move|p1a: Charizard|Heat Wave|p2a: Arcanine|[spread] p2a,p2b\n|-resisted|p2a: Arcanine|2\n|-supereffective|p2b: Tinkaton|1\n|-damage|p2a: Arcanine|81/100\n|-damage|p2b: Tinkaton|0 fnt\n|faint|p2b: Tinkaton\n|cant|p1b: Venusaur|flinch\n|move|p2a: Arcanine|Flare Blitz|p1b: Venusaur\n|-supereffective|p1b: Venusaur|1\n|-damage|p1b: Venusaur|0 fnt\n|faint|p1b: Venusaur\n|-damage|p2a: Arcanine|56/100|[from] Recoil\n|\n|-weather|SunnyDay|[upkeep]\n|upkeep\n|\n|t:|1775967247\n|switch|p1b: Garchomp|Garchomp, L50, F|100/100\n|switch|p2b: Gyarados|Gyarados, L50, F|100/100\n|-ability|p2b: Gyarados|Intimidate|boost\n|-unboost|p1a: Charizard|atk|1\n|-unboost|p1b: Garchomp|atk|1\n|turn|2\n|\n|t:|1775967271\n|move|p2a: Arcanine|Protect|p2a: Arcanine\n|-singleturn|p2a: Arcanine|Protect\n|move|p1a: Charizard|Heat Wave|p2b: Gyarados|[spread] p2b\n|-activate|p2a: Arcanine|move: Protect\n|-resisted|p2b: Gyarados|1\n|-damage|p2b: Gyarados|65/100\n|move|p1b: Garchomp|Swords Dance|p1b: Garchomp\n|-boost|p1b: Garchomp|atk|2\n|move|p2b: Gyarados|Dragon Dance|p2b: Gyarados\n|-boost|p2b: Gyarados|atk|1\n|-boost|p2b: Gyarados|spe|1\n|\n|-weather|SunnyDay|[upkeep]\n|upkeep\n|turn|3\n|\n|t:|1775967294\n|detailschange|p2b: Gyarados|Gyarados-Mega, L50, F\n|-mega|p2b: Gyarados|Gyarados|Gyaradosite\n|-ability|p2b: Gyarados|Mold Breaker\n|move|p2b: Gyarados|Waterfall|p1a: Charizard\n|-supereffective|p1a: Charizard|1\n|-damage|p1a: Charizard|0 fnt\n|faint|p1a: Charizard\n|move|p1b: Garchomp|Rock Slide|p2a: Arcanine|[spread] p2a,p2b\n|-supereffective|p2a: Arcanine|1\n|-damage|p2a: Arcanine|0 fnt\n|-damage|p2b: Gyarados|31/100\n|faint|p2a: Arcanine\n|\n|-weather|SunnyDay|[upkeep]\n|upkeep\n|\n|t:|1775967308\n|switch|p1a: Aerodactyl|Aerodactyl, L50, M|100/100\n|switch|p2a: Sneasler|Sneasler, L50, F|100/100\n|-ability|p1a: Aerodactyl|Unnerve\n|turn|4\n|\n|t:|1775967340\n|move|p1b: Garchomp|Protect|p1b: Garchomp\n|-singleturn|p1b: Garchomp|Protect\n|move|p1a: Aerodactyl|Tailwind|p1a: Aerodactyl\n|-sidestart|p1: Loglord142|move: Tailwind\n|move|p2b: Gyarados|Waterfall|p1b: Garchomp\n|-activate|p1b: Garchomp|move: Protect\n|move|p2a: Sneasler|Coaching|p2b: Gyarados\n|-boost|p2b: Gyarados|atk|1\n|-boost|p2b: Gyarados|def|1\n|\n|-weather|SunnyDay|[upkeep]\n|upkeep\n|turn|5\n|\n|t:|1775967369\n|move|p1a: Aerodactyl|Rock Slide|p2b: Gyarados|[spread] p2b\n|-miss|p1a: Aerodactyl|p2a: Sneasler\n|-damage|p2b: Gyarados|14/100\n|move|p1b: Garchomp|Earthquake|p2a: Sneasler|[spread] p2a,p2b\n|-immune|p1a: Aerodactyl\n|-supereffective|p2a: Sneasler|1\n|-enditem|p2a: Sneasler|Focus Sash\n|-damage|p2a: Sneasler|1/100\n|-damage|p2b: Gyarados|0 fnt\n|faint|p2b: Gyarados\n|move|p2a: Sneasler|Dire Claw|p1b: Garchomp\n|-resisted|p1b: Garchomp|1\n|-damage|p1b: Garchomp|82/100\n|-damage|p2a: Sneasler|0 fnt|[from] ability: Rough Skin|[of] p1b: Garchomp\n|faint|p2a: Sneasler\n|\n|win|Loglord142\n|raw|Loglord142's rating: 1115 &rarr; <strong>1143</strong><br />(+28 for winning)\n|raw|throh it baxc's rating: 1152 &rarr; <strong>1124</strong><br />(-28 for losing)\n|l|\u2606throh it baxc\n|player|p2|\n",
  "uploadtime": 1775967389,
  "views": 22,
  "formatid": "gen9championsvgc2026regma",
  "rating": 1124,
  "private": 0,
  "password": null
}