{
  "id": "gen9championsvgc2026regma-2584989890",
  "format": "[Gen 9 Champions] VGC 2026 Reg M-A",
  "players": [
    "PlagueOfMinds",
    "TestingTestes123"
  ],
  "log": "|j|\u2606PlagueOfMinds\n|j|\u2606TestingTestes123\n|t:|1776301124\n|gametype|doubles\n|player|p1|PlagueOfMinds|2|1178\n|player|p2|TestingTestes123|102|1175\n|gen|9\n|tier|[Gen 9 Champions] VGC 2026 Reg M-A\n|rated|\n|rule|Species Clause: Limit one of each Pok\u00e9mon\n|rule|Item Clause: Limit 1 of each item\n|clearpoke\n|poke|p1|Klefki, L50, M|\n|poke|p1|Glimmora, L50, M|\n|poke|p1|Delphox, L50, M|\n|poke|p1|Basculegion, L50, M|\n|poke|p1|Meganium, L50, F|\n|poke|p1|Toxapex, L50, M|\n|poke|p2|Gengar, L50, M|\n|poke|p2|Incineroar, L50, M|\n|poke|p2|Tyranitar, L50, F|\n|poke|p2|Sinistcha, L50|\n|poke|p2|Kingambit, L50, M|\n|poke|p2|Whimsicott, L50, F|\n|teampreview|4\n|\n|t:|1776301139\n|teamsize|p1|4\n|teamsize|p2|4\n|start\n|switch|p1a: Klefki|Klefki, L50, M|100/100\n|switch|p1b: Basculegion|Basculegion, L50, M|100/100\n|switch|p2a: Gengar|Gengar, L50, M|100/100\n|switch|p2b: Whimsicott|Whimsicott, L50, F|100/100\n|turn|1\n|inactive|Battle timer is ON: inactive players will automatically lose when time's up. (requested by PlagueOfMinds)\n|\n|t:|1776301153\n|detailschange|p2a: Gengar|Gengar-Mega, L50, M\n|-mega|p2a: Gengar|Gengar|Gengarite\n|move|p2b: Whimsicott|Tailwind|p2b: Whimsicott\n|-sidestart|p2: TestingTestes123|move: Tailwind\n|move|p1a: Klefki|Light Screen|p1a: Klefki\n|-sidestart|p1: PlagueOfMinds|move: Light Screen\n|move|p2a: Gengar|Shadow Ball|p1b: Basculegion\n|-supereffective|p1b: Basculegion|1\n|-damage|p1b: Basculegion|30/100\n|-unboost|p1b: Basculegion|spd|1\n|move|p1b: Basculegion|Phantom Force||[still]\n|-prepare|p1b: Basculegion|Phantom Force\n|\n|upkeep\n|turn|2\n|\n|t:|1776301175\n|switch|p2a: Tyranitar|Tyranitar, L50, F|100/100\n|-weather|Sandstorm|[from] ability: Sand Stream|[of] p2a: Tyranitar\n|move|p2b: Whimsicott|Encore|p1a: Klefki\n|-start|p1a: Klefki|Encore\n|-enditem|p1a: Klefki|Mental Herb\n|-end|p1a: Klefki|Encore\n|move|p1a: Klefki|Thunder Wave|p2b: Whimsicott\n|-status|p2b: Whimsicott|par\n|move|p1b: Basculegion|Phantom Force|p2a: Tyranitar|[from] lockedmove\n|-resisted|p2a: Tyranitar|1\n|-crit|p2a: Tyranitar\n|-damage|p2a: Tyranitar|60/100\n|\n|-weather|Sandstorm|[upkeep]\n|-damage|p1b: Basculegion|24/100|[from] Sandstorm\n|-damage|p2b: Whimsicott|95/100 par|[from] Sandstorm\n|upkeep\n|turn|3\n|inactive|TestingTestes123 has 30 seconds left.\n|inactive|TestingTestes123 has 20 seconds left.\n|\n|t:|1776301213\n|switch|p1b: Glimmora|Glimmora, L50, M|100/100\n|move|p1a: Klefki|Thunder Wave|p2a: Tyranitar\n|-hint|Since gen 7, Dark is immune to Prankster moves.\n|-immune|p2a: Tyranitar\n|move|p2a: Tyranitar|Rock Slide|p1a: Klefki|[spread] p1a,p1b\n|-resisted|p1a: Klefki|1\n|-damage|p1a: Klefki|87/100\n|-damage|p1b: Glimmora|67/100\n|-activate|p1b: Glimmora|ability: Toxic Debris\n|-sidestart|p2: TestingTestes123|move: Toxic Spikes\n|move|p2b: Whimsicott|Moonblast|p1a: Klefki\n|-resisted|p1a: Klefki|1\n|-damage|p1a: Klefki|73/100\n|\n|-weather|Sandstorm|[upkeep]\n|-damage|p2b: Whimsicott|89/100 par|[from] Sandstorm\n|upkeep\n|turn|4\n|inactive|TestingTestes123 has 30 seconds left.\n|\n|t:|1776301242\n|move|p2b: Whimsicott|Protect|p2b: Whimsicott\n|-singleturn|p2b: Whimsicott|Protect\n|move|p1a: Klefki|Reflect|p1a: Klefki\n|-sidestart|p1: PlagueOfMinds|Reflect\n|move|p2a: Tyranitar|Rock Slide|p1b: Glimmora|[spread] p1a,p1b\n|-resisted|p1a: Klefki|1\n|-damage|p1a: Klefki|64/100\n|-damage|p1b: Glimmora|44/100\n|-activate|p1b: Glimmora|ability: Toxic Debris\n|-sidestart|p2: TestingTestes123|move: Toxic Spikes\n|cant|p1b: Glimmora|flinch\n|\n|-weather|Sandstorm|[upkeep]\n|-damage|p2b: Whimsicott|83/100 par|[from] Sandstorm\n|-sideend|p2: TestingTestes123|move: Tailwind\n|upkeep\n|turn|5\n|inactive|PlagueOfMinds has 30 seconds left.\n|\n|t:|1776301273\n|move|p1a: Klefki|Thunder Wave|p2b: Whimsicott\n|-fail|p2b: Whimsicott|par\n|move|p2b: Whimsicott|Encore|p1a: Klefki\n|-start|p1a: Klefki|Encore\n|move|p2a: Tyranitar|Rock Slide|p1a: Klefki|[spread] p1a,p1b\n|-resisted|p1a: Klefki|1\n|-damage|p1a: Klefki|56/100\n|-damage|p1b: Glimmora|18/100\n|move|p1b: Glimmora|Earth Power|p2a: Tyranitar\n|-supereffective|p2a: Tyranitar|1\n|-damage|p2a: Tyranitar|20/100\n|\n|-weather|Sandstorm|[upkeep]\n|-damage|p2b: Whimsicott|77/100 par|[from] Sandstorm\n|-sideend|p1: PlagueOfMinds|move: Light Screen\n|upkeep\n|turn|6\n|inactive|PlagueOfMinds has 30 seconds left.\n|inactive|TestingTestes123 has 30 seconds left.\n|\n|t:|1776301303\n|switch|p1a: Meganium|Meganium, L50, F|100/100\n|move|p2b: Whimsicott|Tailwind|p2b: Whimsicott\n|-sidestart|p2: TestingTestes123|move: Tailwind\n|move|p2a: Tyranitar|Rock Slide|p1a: Meganium|[spread] p1a,p1b\n|-damage|p1a: Meganium|79/100\n|-damage|p1b: Glimmora|0 fnt\n|faint|p1b: Glimmora\n|\n|-weather|none\n|upkeep\n|\n|t:|1776301316\n|switch|p1b: Basculegion|Basculegion, L50, M|24/100\n|turn|7\n|\n|t:|1776301346\n|switch|p2a: Incineroar|Incineroar, L50, M|100/100\n|-status|p2a: Incineroar|tox\n|-enditem|p2a: Incineroar|Lum Berry|[eat]\n|-curestatus|p2a: Incineroar|tox|[msg]\n|-ability|p2a: Incineroar|Intimidate|boost\n|-unboost|p1a: Meganium|atk|1\n|-unboost|p1b: Basculegion|atk|1\n|switch|p1b: Klefki|Klefki, L50, M|56/100\n|detailschange|p1a: Meganium|Meganium-Mega, L50, F\n|-mega|p1a: Meganium|Meganium|Meganiumite\n|cant|p2b: Whimsicott|par\n|move|p1a: Meganium|Dazzling Gleam|p2b: Whimsicott|[spread] p2a,p2b\n|-damage|p2a: Incineroar|72/100\n|-damage|p2b: Whimsicott|13/100 par\n|\n|upkeep\n|turn|8\n|inactive|TestingTestes123 has 30 seconds left.\n|inactive|TestingTestes123 has 20 seconds left.\n|\n|t:|1776301384\n|switch|p1b: Basculegion|Basculegion, L50, M|24/100\n|move|p2b: Whimsicott|Protect|p2b: Whimsicott\n|-singleturn|p2b: Whimsicott|Protect\n|move|p1a: Meganium|Protect|p1a: Meganium\n|-singleturn|p1a: Meganium|Protect\n|move|p2a: Incineroar|Flare Blitz|p1a: Meganium\n|-activate|p1a: Meganium|move: Protect\n|\n|-sideend|p1: PlagueOfMinds|Reflect\n|upkeep\n|turn|9\n|\n|t:|1776301408\n|switch|p1a: Klefki|Klefki, L50, M|56/100\n|move|p2b: Whimsicott|Encore||[still]\n|-fail|p2b: Whimsicott\n|move|p1b: Basculegion|Flip Turn|p2a: Incineroar\n|-supereffective|p2a: Incineroar|1\n|-damage|p2a: Incineroar|12/100\n|\n|t:|1776301415\n|switch|p1b: Meganium|Meganium-Mega, L50, F|79/100|[from] Flip Turn\n|move|p2a: Incineroar|Flare Blitz|p1a: Klefki\n|-supereffective|p1a: Klefki|1\n|-damage|p1a: Klefki|0 fnt\n|faint|p1a: Klefki\n|-damage|p2a: Incineroar|0 fnt|[from] Recoil\n|faint|p2a: Incineroar\n|\n|-sideend|p2: TestingTestes123|move: Tailwind\n|upkeep\n|\n|t:|1776301433\n|switch|p1a: Basculegion|Basculegion, L50, M|24/100\n|switch|p2a: Tyranitar|Tyranitar, L50, F|20/100\n|-status|p2a: Tyranitar|tox\n|-weather|Sandstorm|[from] ability: Sand Stream|[of] p2a: Tyranitar\n|turn|10\n|\n|t:|1776301453\n|cant|p2b: Whimsicott|par\n|move|p1a: Basculegion|Phantom Force||[still]\n|-prepare|p1a: Basculegion|Phantom Force\n|move|p2a: Tyranitar|Rock Slide|p1b: Meganium|[spread] p1b\n|-miss|p2a: Tyranitar|p1a: Basculegion\n|-damage|p1b: Meganium|55/100\n|cant|p1b: Meganium|flinch\n|\n|-weather|Sandstorm|[upkeep]\n|-damage|p1a: Basculegion|18/100|[from] Sandstorm\n|-damage|p1b: Meganium|49/100|[from] Sandstorm\n|-damage|p2b: Whimsicott|7/100 par|[from] Sandstorm\n|-damage|p2a: Tyranitar|14/100 tox|[from] psn\n|upkeep\n|turn|11\n|\n|t:|1776301475\n|cant|p2b: Whimsicott|par\n|move|p1a: Basculegion|Phantom Force|p2a: Tyranitar|[from] lockedmove\n|-resisted|p2a: Tyranitar|1\n|-damage|p2a: Tyranitar|0 fnt\n|faint|p2a: Tyranitar\n|move|p1b: Meganium|Weather Ball|p2b: Whimsicott\n|-supereffective|p2b: Whimsicott|1\n|-damage|p2b: Whimsicott|0 fnt\n|faint|p2b: Whimsicott\n|\n|-weather|Sandstorm|[upkeep]\n|-damage|p1a: Basculegion|11/100|[from] Sandstorm\n|-damage|p1b: Meganium|43/100|[from] Sandstorm\n|upkeep\n|c|\u2606TestingTestes123|Double para! Lmao rip\n|c|\u2606TestingTestes123|Rigged!\n|c|\u2606TestingTestes123|Lol jk gg\n|c|\u2606PlagueOfMinds|is quite fortunate for me\n|inactive|TestingTestes123 has 30 seconds left.\n|\n|t:|1776301501\n|switch|p2a: Gengar|Gengar-Mega, L50, M|100/100\n|-sideend|p2: TestingTestes123|move: Toxic Spikes|[of] p2a: Gengar\n|turn|12\n|\n|t:|1776301508\n|move|p2a: Gengar|Shadow Ball|p1a: Basculegion\n|-supereffective|p1a: Basculegion|1\n|-damage|p1a: Basculegion|0 fnt\n|faint|p1a: Basculegion\n|move|p1b: Meganium|Weather Ball|p2a: Gengar\n|-damage|p2a: Gengar|21/100\n|\n|-weather|Sandstorm|[upkeep]\n|-damage|p2a: Gengar|15/100|[from] Sandstorm\n|-damage|p1b: Meganium|37/100|[from] Sandstorm\n|upkeep\n|turn|13\n|\n|t:|1776301520\n|move|p2a: Gengar|Shadow Ball|p1b: Meganium\n|-damage|p1b: Meganium|0 fnt\n|faint|p1b: Meganium\n|\n|win|TestingTestes123\n|raw|PlagueOfMinds's rating: 1178 &rarr; <strong>1153</strong><br />(-25 for losing)\n|raw|TestingTestes123's rating: 1175 &rarr; <strong>1200</strong><br />(+25 for winning)\n|c|\u2606PlagueOfMinds|gg\n|c|\u2606TestingTestes123|Gg\n|l|\u2606PlagueOfMinds\n|player|p1|\n|l|\u2606TestingTestes123\n|player|p2|\n|j|\u2606TestingTestes123\n|player|p2|TestingTestes123|102|\n",
  "uploadtime": 1776301615,
  "views": 24,
  "formatid": "gen9championsvgc2026regma",
  "rating": 1153,
  "private": 0,
  "password": null
}