{
  "id": "gen9championsvgc2026regma-2582063573",
  "format": "[Gen 9 Champions] VGC 2026 Reg M-A",
  "players": [
    "minebloxgeust",
    "Nerumy07"
  ],
  "log": "|j|\u2606minebloxgeust\n|j|\u2606Nerumy07\n|t:|1776053450\n|gametype|doubles\n|player|p1|minebloxgeust|emmet|1282\n|player|p2|Nerumy07|acetrainer|1335\n|gen|9\n|tier|[Gen 9 Champions] VGC 2026 Reg M-A\n|rated|\n|rule|Species Clause: Limit one of each Pok\u00e9mon\n|rule|Item Clause: Limit 1 of each item\n|clearpoke\n|poke|p1|Aerodactyl, L50, M|\n|poke|p1|Basculegion, L50, M|\n|poke|p1|Sinistcha, L50|\n|poke|p1|Tinkaton, L50, F|\n|poke|p1|Floette-Eternal, L50, F|\n|poke|p1|Incineroar, L50, F|\n|poke|p2|Dragonite, L50, M|\n|poke|p2|Politoed, L50, M|\n|poke|p2|Archaludon, L50, F|\n|poke|p2|Basculegion, L50, M|\n|poke|p2|Sneasler, L50, M|\n|poke|p2|Sinistcha, L50|\n|teampreview|4\n|\n|t:|1776053512\n|teamsize|p1|4\n|teamsize|p2|4\n|start\n|switch|p1a: Tinkaton|Tinkaton, L50, F|100/100\n|switch|p1b: Aerodactyl|Aerodactyl, L50, M|100/100\n|switch|p2a: Dragonite|Dragonite, L50, M|100/100\n|switch|p2b: Basculegion|Basculegion, L50, M|100/100\n|-ability|p1b: Aerodactyl|Unnerve\n|turn|1\n|\n|t:|1776053528\n|move|p2a: Dragonite|Protect|p2a: Dragonite\n|-singleturn|p2a: Dragonite|Protect\n|move|p2b: Basculegion|Flip Turn|p1b: Aerodactyl\n|-supereffective|p1b: Aerodactyl|1\n|-enditem|p1b: Aerodactyl|Focus Sash\n|-damage|p1b: Aerodactyl|1/100\n|\n|t:|1776053538\n|switch|p2b: Politoed|Politoed, L50, M, shiny|100/100|[from] Flip Turn\n|-weather|RainDance|[from] ability: Drizzle|[of] p2b: Politoed\n|move|p1b: Aerodactyl|Tailwind|p1b: Aerodactyl\n|-sidestart|p1: minebloxgeust|move: Tailwind\n|move|p1a: Tinkaton|Thunder Wave|p2a: Dragonite\n|-activate|p2a: Dragonite|move: Protect\n|\n|-weather|RainDance|[upkeep]\n|upkeep\n|turn|2\n|\n|t:|1776053554\n|detailschange|p2a: Dragonite|Dragonite-Mega, L50, M\n|-mega|p2a: Dragonite|Dragonite|Dragoninite\n|move|p1b: Aerodactyl|Rock Slide|p2a: Dragonite|[spread] p2a,p2b\n|-supereffective|p2a: Dragonite|1\n|-damage|p2a: Dragonite|75/100\n|-damage|p2b: Politoed|80/100\n|move|p1a: Tinkaton|Thunder Wave|p2a: Dragonite\n|-status|p2a: Dragonite|par\n|move|p2b: Politoed|Icy Wind|p1a: Tinkaton|[spread] p1a,p1b\n|-resisted|p1a: Tinkaton|1\n|-supereffective|p1b: Aerodactyl|1\n|-damage|p1a: Tinkaton|97/100\n|-damage|p1b: Aerodactyl|0 fnt\n|-unboost|p1a: Tinkaton|spe|1\n|faint|p1b: Aerodactyl\n|cant|p2a: Dragonite|flinch\n|\n|-weather|RainDance|[upkeep]\n|-heal|p1a: Tinkaton|100/100|[from] item: Leftovers\n|upkeep\n|\n|t:|1776053564\n|switch|p1b: Floette|Floette-Eternal, L50, F|100/100\n|turn|3\n|\n|t:|1776053576\n|detailschange|p1b: Floette|Floette-Mega, L50, F\n|-mega|p1b: Floette|Floette|Floettite\n|-ability|p1b: Floette|Fairy Aura\n|move|p2a: Dragonite|Protect|p2a: Dragonite\n|-singleturn|p2a: Dragonite|Protect\n|move|p1b: Floette|Dazzling Gleam|p2a: Dragonite|[spread] p2b\n|-activate|p2a: Dragonite|move: Protect\n|-damage|p2b: Politoed|33/100\n|-enditem|p2b: Politoed|Sitrus Berry|[eat]\n|-heal|p2b: Politoed|58/100|[from] item: Sitrus Berry\n|move|p1a: Tinkaton|Knock Off|p2b: Politoed\n|-damage|p2b: Politoed|47/100\n|move|p2b: Politoed|Icy Wind|p1a: Tinkaton|[spread] p1a,p1b\n|-resisted|p1a: Tinkaton|1\n|-damage|p1a: Tinkaton|96/100\n|-damage|p1b: Floette|94/100\n|-unboost|p1a: Tinkaton|spe|1\n|-unboost|p1b: Floette|spe|1\n|\n|-weather|RainDance|[upkeep]\n|-heal|p1a: Tinkaton|100/100|[from] item: Leftovers\n|upkeep\n|turn|4\n|\n|t:|1776053598\n|move|p1b: Floette|Dazzling Gleam|p2b: Politoed|[spread] p2a,p2b\n|-supereffective|p2a: Dragonite|1\n|-damage|p2a: Dragonite|0 fnt\n|-damage|p2b: Politoed|0 fnt\n|faint|p2a: Dragonite\n|faint|p2b: Politoed\n|move|p1a: Tinkaton|Gigaton Hammer|p2: Dragonite|[notarget]\n|-fail|p1a: Tinkaton\n|\n|-weather|RainDance|[upkeep]\n|-sideend|p1: minebloxgeust|move: Tailwind\n|upkeep\n|\n|t:|1776053601\n|switch|p2a: Sneasler|Sneasler, L50, M, shiny|100/100\n|switch|p2b: Basculegion|Basculegion, L50, M|100/100\n|turn|5\n|\n|t:|1776053612\n|move|p1b: Floette|Protect|p1b: Floette\n|-singleturn|p1b: Floette|Protect\n|move|p2a: Sneasler|Fake Out|p1a: Tinkaton\n|-resisted|p1a: Tinkaton|1\n|-damage|p1a: Tinkaton|92/100\n|move|p2b: Basculegion|Last Respects|p1b: Floette\n|-activate|p1b: Floette|move: Protect\n|cant|p1a: Tinkaton|flinch\n|\n|-weather|none\n|-heal|p1a: Tinkaton|98/100|[from] item: Leftovers\n|upkeep\n|turn|6\n|\n|t:|1776053629\n|move|p2b: Basculegion|Last Respects|p1b: Floette\n|-damage|p1b: Floette|0 fnt\n|faint|p1b: Floette\n|move|p2a: Sneasler|Close Combat|p1a: Tinkaton\n|-damage|p1a: Tinkaton|17/100\n|-unboost|p2a: Sneasler|def|1\n|-unboost|p2a: Sneasler|spd|1\n|move|p1a: Tinkaton|Knock Off|p2b: Basculegion\n|-supereffective|p2b: Basculegion|1\n|-damage|p2b: Basculegion|45/100\n|-enditem|p2b: Basculegion|Choice Scarf|[from] move: Knock Off|[of] p1a: Tinkaton\n|\n|-heal|p1a: Tinkaton|23/100|[from] item: Leftovers\n|upkeep\n|\n|t:|1776053633\n|switch|p1b: Basculegion|Basculegion, L50, M|100/100\n|turn|7\n|\n|t:|1776053647\n|move|p1b: Basculegion|Last Respects|p2b: Basculegion\n|-supereffective|p2b: Basculegion|1\n|-damage|p2b: Basculegion|0 fnt\n|faint|p2b: Basculegion\n|move|p2a: Sneasler|Dire Claw|p1b: Basculegion\n|-resisted|p1b: Basculegion|1\n|-damage|p1b: Basculegion|73/100\n|-status|p1b: Basculegion|par\n|move|p1a: Tinkaton|Gigaton Hammer|p2a: Sneasler\n|-enditem|p2a: Sneasler|Focus Sash\n|-damage|p2a: Sneasler|1/100\n|\n|-heal|p1a: Tinkaton|29/100|[from] item: Leftovers\n|upkeep\n|turn|8\n|\n|t:|1776053659\n|move|p2a: Sneasler|Close Combat|p1a: Tinkaton\n|-damage|p1a: Tinkaton|0 fnt\n|-unboost|p2a: Sneasler|def|1\n|-unboost|p2a: Sneasler|spd|1\n|faint|p1a: Tinkaton\n|move|p1b: Basculegion|Last Respects|p2a: Sneasler\n|-damage|p2a: Sneasler|0 fnt\n|faint|p2a: Sneasler\n|\n|win|minebloxgeust\n|raw|minebloxgeust's rating: 1282 &rarr; <strong>1311</strong><br />(+29 for winning)\n|raw|Nerumy07's rating: 1335 &rarr; <strong>1312</strong><br />(-23 for losing)\n",
  "uploadtime": 1776053665,
  "views": 25,
  "formatid": "gen9championsvgc2026regma",
  "rating": 1311,
  "private": 0,
  "password": null
}