{
  "id": "gen9championsvgc2026regma-2582523808",
  "format": "[Gen 9 Champions] VGC 2026 Reg M-A",
  "players": [
    "masteck",
    "thepeasent"
  ],
  "log": "|j|\u2606masteck\n|j|\u2606thepeasent\n|t:|1776097146\n|gametype|doubles\n|player|p1|masteck|266|1172\n|player|p2|thepeasent|gloria-dojo|1147\n|gen|9\n|tier|[Gen 9 Champions] VGC 2026 Reg M-A\n|rated|\n|rule|Species Clause: Limit one of each Pok\u00e9mon\n|rule|Item Clause: Limit 1 of each item\n|clearpoke\n|poke|p1|Floette-Eternal, L50, F|\n|poke|p1|Maushold, L50|\n|poke|p1|Glimmora, L50, F|\n|poke|p1|Corviknight, L50, M|\n|poke|p1|Talonflame, L50, F|\n|poke|p1|Garchomp, L50, F|\n|poke|p2|Glimmora, L50, F|\n|poke|p2|Tyranitar, L50, F|\n|poke|p2|Excadrill, L50, F|\n|poke|p2|Milotic, L50, F|\n|poke|p2|Sneasler, L50, F|\n|poke|p2|Rotom-Wash, L50|\n|teampreview|4\n|inactive|Battle timer is ON: inactive players will automatically lose when time's up. (requested by thepeasent)\n|\n|t:|1776097170\n|teamsize|p1|4\n|teamsize|p2|4\n|start\n|switch|p1a: Talonflame|Talonflame, L50, F|100/100\n|switch|p1b: Garchomp|Garchomp, L50, F|100/100\n|switch|p2a: Excadrill|Excadrill, L50, F|100/100\n|switch|p2b: Rotom|Rotom-Wash, L50|100/100\n|turn|1\n|\n|t:|1776097186\n|move|p1a: Talonflame|Tailwind|p1a: Talonflame\n|-sidestart|p1: masteck|move: Tailwind\n|move|p1b: Garchomp|Earthquake|p2b: Rotom|[spread] p2a\n|-immune|p1a: Talonflame\n|-immune|p2b: Rotom|[from] ability: Levitate\n|-supereffective|p2a: Excadrill|1\n|-enditem|p2a: Excadrill|Focus Sash\n|-damage|p2a: Excadrill|1/100\n|move|p2a: Excadrill|Rock Slide|p1b: Garchomp|[spread] p1b\n|-miss|p2a: Excadrill|p1a: Talonflame\n|-resisted|p1b: Garchomp|1\n|-damage|p1b: Garchomp|89/100\n|move|p2b: Rotom|Hydro Pump|p1b: Garchomp\n|-damage|p1b: Garchomp|44/100\n|\n|upkeep\n|turn|2\n|\n|t:|1776097204\n|move|p1a: Talonflame|Flare Blitz|p2b: Rotom\n|-resisted|p2b: Rotom|1\n|-damage|p2b: Rotom|80/100\n|-status|p2b: Rotom|brn\n|-damage|p1a: Talonflame|93/100|[from] Recoil\n|move|p1b: Garchomp|Rock Slide|p2a: Excadrill|[spread] p2a,p2b\n|-resisted|p2a: Excadrill|2\n|-damage|p2a: Excadrill|0 fnt\n|-damage|p2b: Rotom|62/100 brn\n|faint|p2a: Excadrill\n|cant|p2b: Rotom|flinch\n|\n|-damage|p2b: Rotom|57/100 brn|[from] brn\n|upkeep\n|\n|t:|1776097217\n|switch|p2a: Milotic|Milotic, L50, F|100/100\n|turn|3\n|\n|t:|1776097223\n|move|p1a: Talonflame|Brave Bird|p2a: Milotic\n|-damage|p2a: Milotic|52/100\n|-damage|p1a: Talonflame|73/100|[from] Recoil\n|move|p1b: Garchomp|Dragon Claw|p2b: Rotom\n|-damage|p2b: Rotom|16/100 brn\n|-enditem|p2b: Rotom|Sitrus Berry|[eat]\n|-heal|p2b: Rotom|41/100 brn|[from] item: Sitrus Berry\n|move|p2b: Rotom|Electroweb|p1a: Talonflame|[spread] p1a\n|-immune|p1b: Garchomp\n|-supereffective|p1a: Talonflame|1\n|-damage|p1a: Talonflame|26/100\n|-unboost|p1a: Talonflame|spe|1\n|move|p2a: Milotic|Icy Wind|p1a: Talonflame|[spread] p1a,p1b\n|-supereffective|p1b: Garchomp|2\n|-damage|p1a: Talonflame|12/100\n|-damage|p1b: Garchomp|3/100\n|-unboost|p1a: Talonflame|spe|1\n|-unboost|p1b: Garchomp|spe|1\n|-enditem|p1b: Garchomp|White Herb\n|-clearnegativeboost|p1b: Garchomp|[silent]\n|\n|-heal|p2a: Milotic|58/100|[from] item: Leftovers\n|-damage|p2b: Rotom|36/100 brn|[from] brn\n|upkeep\n|turn|4\n|inactive|thepeasent has 30 seconds left.\n|\n|t:|1776097257\n|switch|p1a: Corviknight|Corviknight, L50, M|100/100\n|move|p2a: Milotic|Protect|p2a: Milotic\n|-singleturn|p2a: Milotic|Protect\n|move|p1b: Garchomp|Dragon Claw|p2b: Rotom\n|-damage|p2b: Rotom|0 fnt\n|faint|p2b: Rotom\n|\n|-heal|p2a: Milotic|64/100|[from] item: Leftovers\n|-sideend|p1: masteck|move: Tailwind\n|upkeep\n|\n|t:|1776097259\n|switch|p2b: Glimmora|Glimmora, L50, F|100/100\n|turn|5\n|\n|t:|1776097273\n|move|p1b: Garchomp|Protect|p1b: Garchomp\n|-singleturn|p1b: Garchomp|Protect\n|move|p2b: Glimmora|Spiky Shield|p2b: Glimmora\n|-singleturn|p2b: Glimmora|move: Protect\n|move|p2a: Milotic|Icy Wind|p1b: Garchomp|[spread] p1a\n|-activate|p1b: Garchomp|move: Protect\n|-damage|p1a: Corviknight|90/100\n|-ability|p1a: Corviknight|Mirror Armor\n|-unboost|p2a: Milotic|spe|1\n|-ability|p2a: Milotic|Competitive|boost\n|-boost|p2a: Milotic|spa|2\n|move|p1a: Corviknight|Body Press|p2b: Glimmora\n|-activate|p2b: Glimmora|move: Protect\n|-damage|p1a: Corviknight|78/100|[from] Spiky Shield|[of] p2b: Glimmora\n|\n|-heal|p1a: Corviknight|84/100|[from] item: Leftovers\n|-heal|p2a: Milotic|70/100|[from] item: Leftovers\n|upkeep\n|turn|6\n|inactive|masteck has 30 seconds left.\n|inactive|thepeasent has 30 seconds left.\n|inactive|masteck has 20 seconds left.\n|inactive|thepeasent has 20 seconds left.\n|inactive|masteck has 15 seconds left.\n|inactive|thepeasent has 15 seconds left.\n|inactive|thepeasent has 10 seconds left.\n|\n|t:|1776097322\n|switch|p1b: Floette|Floette-Eternal, L50, F|100/100\n|move|p2b: Glimmora|Spiky Shield||[still]\n|-fail|p2b: Glimmora\n|move|p1a: Corviknight|Body Press|p2a: Milotic\n|-damage|p2a: Milotic|50/100\n|move|p2a: Milotic|Icy Wind|p1b: Floette|[spread] p1a,p1b\n|-damage|p1a: Corviknight|64/100\n|-damage|p1b: Floette|83/100\n|-ability|p1a: Corviknight|Mirror Armor\n|-unboost|p2a: Milotic|spe|1\n|-ability|p2a: Milotic|Competitive|boost\n|-boost|p2a: Milotic|spa|2\n|-unboost|p1b: Floette|spe|1\n|\n|-heal|p1a: Corviknight|70/100|[from] item: Leftovers\n|-heal|p2a: Milotic|56/100|[from] item: Leftovers\n|upkeep\n|turn|7\n|inactive|masteck has 30 seconds left.\n|inactive|thepeasent has 30 seconds left.\n|\n|t:|1776097355\n|detailschange|p2b: Glimmora|Glimmora-Mega, L50, F\n|-mega|p2b: Glimmora|Glimmora|Glimmoranite\n|detailschange|p1b: Floette|Floette-Mega, L50, F\n|-mega|p1b: Floette|Floette|Floettite\n|-ability|p1b: Floette|Fairy Aura\n|move|p2b: Glimmora|Sludge Bomb|p1b: Floette\n|-supereffective|p1b: Floette|1\n|-damage|p1b: Floette|0 fnt\n|faint|p1b: Floette\n|move|p1a: Corviknight|Body Press|p2b: Glimmora\n|-damage|p2b: Glimmora|69/100\n|move|p2a: Milotic|Muddy Water|p1a: Corviknight\n|-damage|p1a: Corviknight|0 fnt\n|faint|p1a: Corviknight\n|\n|-heal|p2a: Milotic|62/100|[from] item: Leftovers\n|upkeep\n|\n|t:|1776097363\n|switch|p1b: Talonflame|Talonflame, L50, F|12/100\n|switch|p1a: Garchomp|Garchomp, L50, F|3/100\n|turn|8\n|inactive|thepeasent has 30 seconds left.\n|\n|t:|1776097396\n|move|p1b: Talonflame|Tailwind|p1b: Talonflame\n|-sidestart|p1: masteck|move: Tailwind\n|move|p1a: Garchomp|Earthquake|p2b: Glimmora|[spread] p2a,p2b\n|-immune|p1b: Talonflame\n|-supereffective|p2b: Glimmora|2\n|-damage|p2a: Milotic|29/100\n|-damage|p2b: Glimmora|0 fnt\n|faint|p2b: Glimmora\n|move|p2a: Milotic|Icy Wind|p1b: Talonflame|[spread] p1a,p1b\n|-supereffective|p1a: Garchomp|2\n|-damage|p1a: Garchomp|0 fnt\n|-damage|p1b: Talonflame|0 fnt\n|faint|p1a: Garchomp\n|faint|p1b: Talonflame\n|\n|win|thepeasent\n|raw|masteck's rating: 1172 &rarr; <strong>1145</strong><br />(-27 for losing)\n|raw|thepeasent's rating: 1147 &rarr; <strong>1174</strong><br />(+27 for winning)\n|c|\u2606masteck|gg\n|l|\u2606masteck\n|player|p1|\n",
  "uploadtime": 1776097413,
  "views": 17,
  "formatid": "gen9championsvgc2026regma",
  "rating": 1145,
  "private": 0,
  "password": null
}