{
  "id": "gen9championsvgc2026regma-2587109226",
  "format": "[Gen 9 Champions] VGC 2026 Reg M-A",
  "players": [
    "watchinghololive",
    "bluersame"
  ],
  "log": "|j|\u2606watchinghololive\n|j|\u2606bluersame\n|t:|1776494663\n|gametype|doubles\n|player|p1|watchinghololive|marnie|1405\n|player|p2|bluersame|169|1467\n|gen|9\n|tier|[Gen 9 Champions] VGC 2026 Reg M-A\n|rated|\n|rule|Species Clause: Limit one of each Pok\u00e9mon\n|rule|Item Clause: Limit 1 of each item\n|clearpoke\n|poke|p1|Pelipper, L50, M|\n|poke|p1|Dragonite, L50, F, shiny|\n|poke|p1|Archaludon, L50, F|\n|poke|p1|Sneasler, L50, F|\n|poke|p1|Basculegion, L50, M, shiny|\n|poke|p1|Rotom-Heat, L50, shiny|\n|poke|p2|Gardevoir, L50, F|\n|poke|p2|Kangaskhan, L50, F|\n|poke|p2|Camerupt, L50, M|\n|poke|p2|Conkeldurr, L50, F|\n|poke|p2|Tinkaton, L50, F|\n|poke|p2|Farigiraf, L50, F|\n|teampreview|4\n|inactive|Battle timer is ON: inactive players will automatically lose when time's up. (requested by watchinghololive)\n|\n|t:|1776494684\n|teamsize|p1|4\n|teamsize|p2|4\n|start\n|switch|p1a: Rotom|Rotom-Heat, L50, shiny|100/100\n|switch|p1b: Sneasler|Sneasler, L50, F|100/100\n|switch|p2a: Kangaskhan|Kangaskhan, L50, F|100/100\n|switch|p2b: Farigiraf|Farigiraf, L50, F|100/100\n|turn|1\n|\n|t:|1776494697\n|move|p2a: Kangaskhan|Fake Out|p1b: Sneasler\n|-damage|p1b: Sneasler|60/100\n|move|p1a: Rotom|Trick|p2b: Farigiraf\n|-activate|p1a: Rotom|move: Trick|[of] p2b: Farigiraf\n|-item|p2b: Farigiraf|Choice Scarf|[from] move: Trick\n|-item|p1a: Rotom|Mental Herb|[from] move: Trick\n|cant|p1b: Sneasler|flinch\n|move|p2b: Farigiraf|Trick Room|p2b: Farigiraf\n|-fieldstart|move: Trick Room|[of] p2b: Farigiraf\n|\n|upkeep\n|turn|2\n|inactive|bluersame has 30 seconds left.\n|\n|t:|1776494731\n|switch|p2b: Camerupt|Camerupt, L50, M|100/100\n|move|p2a: Kangaskhan|Last Resort|p1a: Rotom\n|-damage|p1a: Rotom|0 fnt\n|faint|p1a: Rotom\n|move|p1b: Sneasler|Dire Claw|p2b: Camerupt\n|-resisted|p2b: Camerupt|1\n|-damage|p2b: Camerupt|72/100\n|-status|p2b: Camerupt|par\n|\n|upkeep\n|\n|t:|1776494742\n|switch|p1a: Pelipper|Pelipper, L50, M|100/100\n|-weather|RainDance|[from] ability: Drizzle|[of] p1a: Pelipper\n|turn|3\n|inactive|bluersame has 30 seconds left.\n|\n|t:|1776494768\n|detailschange|p2b: Camerupt|Camerupt-Mega, L50, M\n|-mega|p2b: Camerupt|Camerupt|Cameruptite\n|move|p1b: Sneasler|Protect|p1b: Sneasler\n|-singleturn|p1b: Sneasler|Protect\n|move|p2b: Camerupt|Ancient Power|p1a: Pelipper\n|-supereffective|p1a: Pelipper|1\n|-enditem|p1a: Pelipper|Focus Sash\n|-damage|p1a: Pelipper|1/100\n|move|p2a: Kangaskhan|Last Resort|p1a: Pelipper\n|-damage|p1a: Pelipper|0 fnt\n|faint|p1a: Pelipper\n|\n|-weather|RainDance|[upkeep]\n|upkeep\n|\n|t:|1776494778\n|switch|p1a: Dragonite|Dragonite, L50, F, shiny|100/100\n|turn|4\n|\n|t:|1776494787\n|detailschange|p1a: Dragonite|Dragonite-Mega, L50, F, shiny\n|-mega|p1a: Dragonite|Dragonite|Dragoninite\n|move|p2b: Camerupt|Ancient Power|p1a: Dragonite\n|-supereffective|p1a: Dragonite|1\n|-damage|p1a: Dragonite|73/100\n|move|p2a: Kangaskhan|Last Resort|p1b: Sneasler\n|-damage|p1b: Sneasler|0 fnt\n|faint|p1b: Sneasler\n|move|p1a: Dragonite|Thunder|p2a: Kangaskhan\n|-damage|p2a: Kangaskhan|52/100\n|-status|p2a: Kangaskhan|par\n|\n|-weather|RainDance|[upkeep]\n|upkeep\n|turn|5\n|\n|t:|1776494801\n|move|p2b: Camerupt|Ancient Power|p1a: Dragonite\n|-supereffective|p1a: Dragonite|1\n|-damage|p1a: Dragonite|18/100\n|cant|p2a: Kangaskhan|par\n|move|p1a: Dragonite|Hurricane|p2a: Kangaskhan\n|-damage|p2a: Kangaskhan|0 fnt\n|faint|p2a: Kangaskhan\n|\n|-weather|RainDance|[upkeep]\n|-fieldend|move: Trick Room\n|upkeep\n|-message|watchinghololive forfeited.\n|\n|win|bluersame\n|raw|watchinghololive's rating: 1405 &rarr; <strong>1389</strong><br />(-16 for losing)\n|raw|bluersame's rating: 1467 &rarr; <strong>1483</strong><br />(+16 for winning)\n|l|\u2606watchinghololive\n|player|p1|\n|l|\u2606bluersame\n|player|p2|\n",
  "uploadtime": 1776494819,
  "views": 36,
  "formatid": "gen9championsvgc2026regma",
  "rating": 1389,
  "private": 0,
  "password": null
}