{
  "id": "gen9championsvgc2026regma-2581405850",
  "format": "[Gen 9 Champions] VGC 2026 Reg M-A",
  "players": [
    "Thwompyy",
    "euphologist"
  ],
  "log": "|j|\u2606Thwompyy\n|j|\u2606euphologist\n|t:|1775997070\n|gametype|doubles\n|player|p1|Thwompyy|lance|1072\n|player|p2|euphologist|alder|1130\n|gen|9\n|tier|[Gen 9 Champions] VGC 2026 Reg M-A\n|rated|\n|rule|Species Clause: Limit one of each Pok\u00e9mon\n|rule|Item Clause: Limit 1 of each item\n|clearpoke\n|poke|p1|Farigiraf, L50, F|\n|poke|p1|Golurk, L50|\n|poke|p1|Klefki, L50, M|\n|poke|p1|Torkoal, L50, M|\n|poke|p1|Venusaur, L50, F|\n|poke|p1|Rhyperior, L50, F|\n|poke|p2|Floette-Eternal, L50, F|\n|poke|p2|Aerodactyl, L50, F|\n|poke|p2|Incineroar, L50, M|\n|poke|p2|Garchomp, L50, M|\n|poke|p2|Charizard, L50, M|\n|poke|p2|Venusaur, L50, F|\n|teampreview|4\n|inactive|Battle timer is ON: inactive players will automatically lose when time's up. (requested by Thwompyy)\n|inactive|Thwompyy has 60 seconds left.\n|\n|t:|1775997117\n|teamsize|p1|4\n|teamsize|p2|4\n|start\n|switch|p1a: Farigiraf|Farigiraf, L50, F|100/100\n|switch|p1b: Rhyperior|Rhyperior, L50, F|100/100\n|switch|p2a: Incineroar|Incineroar, L50, M|100/100\n|switch|p2b: Garchomp|Garchomp, L50, M|100/100\n|-ability|p2a: Incineroar|Intimidate|boost\n|-unboost|p1a: Farigiraf|atk|1\n|-unboost|p1b: Rhyperior|atk|1\n|-enditem|p1b: Rhyperior|White Herb\n|-clearnegativeboost|p1b: Rhyperior|[silent]\n|turn|1\n|\n|t:|1775997142\n|move|p1b: Rhyperior|Protect|p1b: Rhyperior\n|-singleturn|p1b: Rhyperior|Protect\n|move|p2a: Incineroar|Fake Out||[still]\n|cant|p1a: Farigiraf|ability: Armor Tail|Fake Out|[of] p2a: Incineroar\n|move|p2b: Garchomp|Dragon Claw|p1a: Farigiraf\n|-damage|p1a: Farigiraf|67/100\n|move|p1a: Farigiraf|Trick Room|p1a: Farigiraf\n|-fieldstart|move: Trick Room|[of] p1a: Farigiraf\n|\n|upkeep\n|turn|2\n|\n|t:|1775997164\n|move|p1b: Rhyperior|Rock Slide|p2a: Incineroar|[spread] p2a,p2b\n|-supereffective|p2a: Incineroar|1\n|-resisted|p2b: Garchomp|1\n|-crit|p2b: Garchomp\n|-damage|p2a: Incineroar|43/100\n|-damage|p2b: Garchomp|77/100\n|-enditem|p2a: Incineroar|Sitrus Berry|[eat]\n|-heal|p2a: Incineroar|68/100|[from] item: Sitrus Berry\n|move|p1a: Farigiraf|Hyper Voice|p2b: Garchomp|[spread] p2a,p2b\n|-damage|p2a: Incineroar|45/100\n|-damage|p2b: Garchomp|53/100\n|cant|p2a: Incineroar|flinch\n|move|p2b: Garchomp|Dragon Claw|p1a: Farigiraf\n|-damage|p1a: Farigiraf|32/100\n|\n|upkeep\n|turn|3\n|\n|t:|1775997186\n|move|p1b: Rhyperior|Rock Slide|p2a: Incineroar|[spread] p2b\n|-miss|p1b: Rhyperior|p2a: Incineroar\n|-resisted|p2b: Garchomp|1\n|-damage|p2b: Garchomp|39/100\n|move|p1a: Farigiraf|Psychic|p2b: Garchomp\n|-damage|p2b: Garchomp|5/100\n|move|p2a: Incineroar|Parting Shot|p1b: Rhyperior\n|-unboost|p1b: Rhyperior|atk|1\n|-unboost|p1b: Rhyperior|spa|1\n|\n|t:|1775997198\n|switch|p2a: Venusaur|Venusaur, L50, F|100/100|[from] Parting Shot\n|move|p2b: Garchomp|Dragon Claw|p1a: Farigiraf\n|-damage|p1a: Farigiraf|0 fnt\n|faint|p1a: Farigiraf\n|\n|upkeep\n|\n|t:|1775997205\n|switch|p1a: Golurk|Golurk, L50, shiny|100/100\n|turn|4\n|\n|t:|1775997216\n|detailschange|p1a: Golurk|Golurk-Mega, L50, shiny\n|-mega|p1a: Golurk|Golurk|Golurkite\n|move|p1b: Rhyperior|Rock Slide|p2b: Garchomp|[spread] p2a,p2b\n|-resisted|p2b: Garchomp|1\n|-damage|p2a: Venusaur|71/100\n|-damage|p2b: Garchomp|0 fnt\n|faint|p2b: Garchomp\n|move|p1a: Golurk|Ice Punch|p2a: Venusaur\n|-supereffective|p2a: Venusaur|1\n|-damage|p2a: Venusaur|0 fnt\n|faint|p2a: Venusaur\n|\n|upkeep\n|\n|t:|1775997226\n|switch|p2a: Charizard|Charizard, L50, M|100/100\n|switch|p2b: Incineroar|Incineroar, L50, M|45/100\n|-ability|p2b: Incineroar|Intimidate|boost\n|-unboost|p1a: Golurk|atk|1\n|-unboost|p1b: Rhyperior|atk|1\n|turn|5\n|inactive|Thwompyy has 30 seconds left.\n|inactive|Thwompyy has 20 seconds left.\n|\n|t:|1775997265\n|switch|p1b: Klefki|Klefki, L50, M|100/100\n|move|p2a: Charizard|Protect|p2a: Charizard\n|-singleturn|p2a: Charizard|Protect\n|move|p2b: Incineroar|Fake Out|p1b: Klefki\n|-resisted|p1b: Klefki|1\n|-damage|p1b: Klefki|95/100\n|move|p1a: Golurk|Poltergeist|p2a: Charizard\n|-activate|p2a: Charizard|move: Protect\n|\n|-fieldend|move: Trick Room\n|upkeep\n|turn|6\n|inactive|Thwompyy has 30 seconds left.\n|inactive|euphologist has 30 seconds left.\n|inactive|Thwompyy has 20 seconds left.\n|\n|t:|1775997301\n|detailschange|p2a: Charizard|Charizard-Mega-Y, L50, M\n|-mega|p2a: Charizard|Charizard|Charizardite Y\n|-weather|SunnyDay|[from] ability: Drought|[of] p2a: Charizard\n|move|p1b: Klefki|Rain Dance|p1b: Klefki\n|-weather|RainDance\n|move|p2a: Charizard|Weather Ball|p1b: Klefki\n|-damage|p1b: Klefki|31/100\n|move|p2b: Incineroar|Flare Blitz|p1b: Klefki\n|-supereffective|p1b: Klefki|1\n|-damage|p1b: Klefki|0 fnt\n|faint|p1b: Klefki\n|-damage|p2b: Incineroar|37/100|[from] Recoil\n|move|p1a: Golurk|Poltergeist|p2a: Charizard\n|-activate|p2a: Charizard|move: Poltergeist|Charizardite Y\n|-damage|p2a: Charizard|46/100\n|\n|-weather|RainDance|[upkeep]\n|upkeep\n|\n|t:|1775997317\n|switch|p1b: Rhyperior|Rhyperior, L50, F|100/100\n|turn|7\n|\n|t:|1775997325\n|move|p2a: Charizard|Weather Ball|p1b: Rhyperior\n|-supereffective|p1b: Rhyperior|2\n|-damage|p1b: Rhyperior|0 fnt\n|faint|p1b: Rhyperior\n|move|p2b: Incineroar|Throat Chop|p1a: Golurk\n|-supereffective|p1a: Golurk|1\n|-damage|p1a: Golurk|41/100\n|-start|p1a: Golurk|Throat Chop|[silent]\n|move|p1a: Golurk|Poltergeist|p2a: Charizard\n|-activate|p2a: Charizard|move: Poltergeist|Charizardite Y\n|-damage|p2a: Charizard|0 fnt\n|faint|p2a: Charizard\n|\n|-weather|RainDance|[upkeep]\n|upkeep\n|turn|8\n|inactive|Thwompyy has 30 seconds left.\n|\n|t:|1775997354\n|move|p2b: Incineroar|Throat Chop|p1a: Golurk\n|-supereffective|p1a: Golurk|1\n|-damage|p1a: Golurk|0 fnt\n|faint|p1a: Golurk\n|\n|win|euphologist\n|raw|Thwompyy's rating: 1072 &rarr; <strong>1055</strong><br />(-17 for losing)\n|raw|euphologist's rating: 1130 &rarr; <strong>1151</strong><br />(+21 for winning)\n",
  "uploadtime": 1775997359,
  "views": 20,
  "formatid": "gen9championsvgc2026regma",
  "rating": 1055,
  "private": 0,
  "password": null
}