{
  "id": "gen9championsvgc2026regma-2584758751",
  "format": "[Gen 9 Champions] VGC 2026 Reg M-A",
  "players": [
    "karaikou",
    "Troyster56"
  ],
  "log": "|j|\u2606karaikou\n|j|\u2606Troyster56\n|t:|1776281615\n|gametype|doubles\n|player|p1|karaikou|1|1182\n|player|p2|Troyster56|cynthia-gen4|1151\n|gen|9\n|tier|[Gen 9 Champions] VGC 2026 Reg M-A\n|rated|\n|rule|Species Clause: Limit one of each Pok\u00e9mon\n|rule|Item Clause: Limit 1 of each item\n|clearpoke\n|poke|p1|Charizard, L50, F|\n|poke|p1|Aegislash, L50, F|\n|poke|p1|Maushold, L50|\n|poke|p1|Whimsicott, L50, M|\n|poke|p1|Farigiraf, L50, M|\n|poke|p1|Rotom-Wash, L50|\n|poke|p2|Delphox, L50, F|\n|poke|p2|Basculegion, L50, M|\n|poke|p2|Clefable, L50, M|\n|poke|p2|Kingambit, L50, F|\n|poke|p2|Dragonite, L50, F|\n|poke|p2|Sneasler, L50, F|\n|teampreview|4\n|inactive|Battle timer is ON: inactive players will automatically lose when time's up. (requested by Troyster56)\n|inactive|karaikou has 60 seconds left.\n|\n|t:|1776281658\n|teamsize|p1|4\n|teamsize|p2|4\n|start\n|switch|p1a: Araion|Charizard, L50, F|100/100\n|switch|p1b: Maushold|Maushold, L50|100/100\n|switch|p2a: Sneasler|Sneasler, L50, F|100/100\n|switch|p2b: Kingambit|Kingambit, L50, F|100/100\n|turn|1\n|\n|t:|1776281682\n|move|p1b: Maushold|Protect|p1b: Maushold\n|-singleturn|p1b: Maushold|Protect\n|move|p1a: Araion|Protect|p1a: Araion\n|-singleturn|p1a: Araion|Protect\n|move|p2b: Kingambit|Sucker Punch||[still]\n|-fail|p2b: Kingambit\n|move|p2a: Sneasler|Close Combat|p1b: Maushold\n|-activate|p1b: Maushold|move: Protect\n|\n|upkeep\n|turn|2\n|inactive|Troyster56 has 30 seconds left.\n|\n|t:|1776281712\n|detailschange|p1a: Araion|Charizard-Mega-X, L50, F\n|-mega|p1a: Araion|Charizard|Charizardite X\n|move|p1b: Maushold|Follow Me|p1b: Maushold\n|-singleturn|p1b: Maushold|move: Follow Me\n|move|p2b: Kingambit|Sucker Punch||[still]\n|-fail|p2b: Kingambit\n|move|p2a: Sneasler|Close Combat|p1b: Maushold\n|-supereffective|p1b: Maushold|1\n|-damage|p1b: Maushold|0 fnt\n|-unboost|p2a: Sneasler|def|1\n|-unboost|p2a: Sneasler|spd|1\n|faint|p1b: Maushold\n|move|p1a: Araion|Belly Drum|p1a: Araion\n|-damage|p1a: Araion|51/100\n|-setboost|p1a: Araion|atk|6|[from] move: Belly Drum\n|\n|upkeep\n|\n|t:|1776281721\n|switch|p1b: Whimsicott|Whimsicott, L50, M|100/100\n|turn|3\n|\n|t:|1776281730\n|move|p1a: Araion|Protect|p1a: Araion\n|-singleturn|p1a: Araion|Protect\n|move|p1b: Whimsicott|Tailwind|p1b: Whimsicott\n|-sidestart|p1: karaikou|move: Tailwind\n|move|p2b: Kingambit|Sucker Punch||[still]\n|-fail|p2b: Kingambit\n|move|p2a: Sneasler|Dire Claw|p1b: Whimsicott\n|-supereffective|p1b: Whimsicott|2\n|-enditem|p1b: Whimsicott|Focus Sash\n|-damage|p1b: Whimsicott|1/100\n|-status|p1b: Whimsicott|slp\n|\n|upkeep\n|turn|4\n|\n|t:|1776281751\n|switch|p1b: Farigiraf|Farigiraf, L50, M|100/100\n|move|p2b: Kingambit|Sucker Punch||[still]\n|cant|p1b: Farigiraf|ability: Armor Tail|Sucker Punch|[of] p2b: Kingambit\n|move|p1a: Araion|Breaking Swipe|p2b: Kingambit|[spread] p2a,p2b\n|-resisted|p2b: Kingambit|1\n|-enditem|p2a: Sneasler|Focus Sash\n|-damage|p2a: Sneasler|1/100\n|-damage|p2b: Kingambit|57/100\n|-unboost|p2a: Sneasler|atk|1\n|-unboost|p2b: Kingambit|atk|1\n|-ability|p2b: Kingambit|Defiant|boost\n|-boost|p2b: Kingambit|atk|2\n|move|p2a: Sneasler|Dire Claw|p1b: Farigiraf\n|-crit|p1b: Farigiraf\n|-damage|p1b: Farigiraf|33/100\n|-status|p1b: Farigiraf|psn\n|-enditem|p1b: Farigiraf|Lum Berry|[eat]\n|-curestatus|p1b: Farigiraf|psn|[msg]\n|\n|upkeep\n|turn|5\n|inactive|Troyster56 has 30 seconds left.\n|\n|t:|1776281776\n|move|p2a: Sneasler|Protect|p2a: Sneasler\n|-singleturn|p2a: Sneasler|Protect\n|move|p1a: Araion|Flame Charge|p2b: Kingambit\n|-supereffective|p2b: Kingambit|1\n|-damage|p2b: Kingambit|0 fnt\n|-boost|p1a: Araion|spe|1\n|faint|p2b: Kingambit\n|move|p1b: Farigiraf|Psychic|p2a: Sneasler\n|-activate|p2a: Sneasler|move: Protect\n|\n|upkeep\n|\n|t:|1776281787\n|switch|p2b: Basculegion|Basculegion, L50, M|100/100\n|turn|6\n|\n|t:|1776281807\n|move|p1a: Araion|Breaking Swipe|p2b: Basculegion|[spread] p2a,p2b\n|-damage|p2a: Sneasler|0 fnt\n|-damage|p2b: Basculegion|0 fnt\n|faint|p2a: Sneasler\n|faint|p2b: Basculegion\n|move|p1b: Farigiraf|Imprison|p1b: Farigiraf\n|-start|p1b: Farigiraf|move: Imprison\n|\n|-sideend|p1: karaikou|move: Tailwind\n|upkeep\n|\n|t:|1776281812\n|switch|p2b: Delphox|Delphox, L50, F, shiny|100/100\n|turn|7\n|inactive|Troyster56 has 30 seconds left.\n|\n|t:|1776281841\n|detailschange|p2b: Delphox|Delphox-Mega, L50, F, shiny\n|-mega|p2b: Delphox|Delphox|Delphoxite\n|move|p1b: Farigiraf|Protect|p1b: Farigiraf\n|-singleturn|p1b: Farigiraf|Protect\n|move|p1a: Araion|Breaking Swipe|p2b: Delphox\n|-damage|p2b: Delphox|0 fnt\n|faint|p2b: Delphox\n|\n|win|karaikou\n|raw|karaikou's rating: 1182 &rarr; <strong>1205</strong><br />(+23 for winning)\n|raw|Troyster56's rating: 1151 &rarr; <strong>1128</strong><br />(-23 for losing)\n|l|\u2606Troyster56\n|player|p2|\n",
  "uploadtime": 1776281854,
  "views": 38,
  "formatid": "gen9championsvgc2026regma",
  "rating": 1128,
  "private": 0,
  "password": null
}