{
  "id": "gen9championsvgc2026regma-2582804070",
  "format": "[Gen 9 Champions] VGC 2026 Reg M-A",
  "players": [
    "DavidTIS",
    "draydentv"
  ],
  "log": "|j|\u2606DavidTIS\n|j|\u2606draydentv\n|t:|1776115360\n|gametype|doubles\n|player|p1|DavidTIS|265|1090\n|player|p2|draydentv|drayden|1000\n|gen|9\n|tier|[Gen 9 Champions] VGC 2026 Reg M-A\n|rated|\n|rule|Species Clause: Limit one of each Pok\u00e9mon\n|rule|Item Clause: Limit 1 of each item\n|clearpoke\n|poke|p1|Starmie, L50|\n|poke|p1|Lucario, L50, F|\n|poke|p1|Lycanroc-Dusk, L50, F|\n|poke|p1|Hydreigon, L50, F|\n|poke|p1|Slowbro-Galar, L50, F|\n|poke|p1|Charizard, L50, M|\n|poke|p2|Politoed, L50, M|\n|poke|p2|Clefable, L50, M|\n|poke|p2|Meganium, L50, M|\n|poke|p2|Sneasler, L50, M|\n|poke|p2|Pinsir, L50, M|\n|poke|p2|Talonflame, L50, M|\n|teampreview|4\n|inactive|Battle timer is ON: inactive players will automatically lose when time's up. (requested by draydentv)\n|inactive|DavidTIS has 60 seconds left.\n|\n|t:|1776115421\n|teamsize|p1|4\n|teamsize|p2|4\n|start\n|switch|p1a: Starmie|Starmie, L50|100/100\n|switch|p1b: Lucario|Lucario, L50, F|100/100\n|switch|p2a: Sneasler|Sneasler, L50, M, shiny|100/100\n|switch|p2b: Talonflame|Talonflame, L50, M|100/100\n|turn|1\n|\n|t:|1776115442\n|move|p1a: Starmie|Protect|p1a: Starmie\n|-singleturn|p1a: Starmie|Protect\n|move|p2a: Sneasler|Fake Out|p1a: Starmie\n|-activate|p1a: Starmie|move: Protect\n|move|p2b: Talonflame|Tailwind|p2b: Talonflame\n|-sidestart|p2: draydentv|move: Tailwind\n|move|p1b: Lucario|Flash Cannon|p2a: Sneasler\n|-damage|p2a: Sneasler|43/100\n|\n|upkeep\n|turn|2\n|\n|t:|1776115464\n|switch|p1b: Slowbro|Slowbro-Galar, L50, F|100/100\n|detailschange|p1a: Starmie|Starmie-Mega, L50\n|-mega|p1a: Starmie|Starmie|Starminite\n|move|p2b: Talonflame|Brave Bird|p1a: Starmie\n|-damage|p1a: Starmie|18/100\n|-damage|p2b: Talonflame|77/100|[from] Recoil\n|move|p2a: Sneasler|Close Combat|p1b: Slowbro\n|-resisted|p1b: Slowbro|2\n|-damage|p1b: Slowbro|83/100\n|-unboost|p2a: Sneasler|def|1\n|-unboost|p2a: Sneasler|spd|1\n|-enditem|p2a: Sneasler|White Herb\n|-clearnegativeboost|p2a: Sneasler|[silent]\n|move|p1a: Starmie|Liquidation|p2b: Talonflame\n|-supereffective|p2b: Talonflame|1\n|-damage|p2b: Talonflame|0 fnt\n|faint|p2b: Talonflame\n|\n|-heal|p1b: Slowbro|89/100|[from] item: Leftovers\n|upkeep\n|inactive|draydentv has 30 seconds left.\n|inactive|draydentv has 20 seconds left.\n|inactive|draydentv has 15 seconds left.\n|inactive|draydentv has 10 seconds left.\n|inactive|draydentv has 5 seconds left.\n|\n|t:|1776115515\n|switch|p2b: Pinsir|Pinsir, L50, M, shiny|100/100\n|turn|3\n|\n|t:|1776115532\n|detailschange|p2b: Pinsir|Pinsir-Mega, L50, M, shiny\n|-mega|p2b: Pinsir|Pinsir|Pinsirite\n|move|p1a: Starmie|Protect|p1a: Starmie\n|-singleturn|p1a: Starmie|Protect\n|move|p1b: Slowbro|Protect|p1b: Slowbro\n|-singleturn|p1b: Slowbro|Protect\n|move|p2b: Pinsir|Quick Attack|p1a: Starmie\n|-activate|p1a: Starmie|move: Protect\n|move|p2a: Sneasler|Dire Claw|p1b: Slowbro\n|-activate|p1b: Slowbro|move: Protect\n|\n|-heal|p1b: Slowbro|95/100|[from] item: Leftovers\n|upkeep\n|turn|4\n|inactive|DavidTIS has 30 seconds left.\n|\n|t:|1776115558\n|switch|p1a: Lycanroc|Lycanroc-Dusk, L50, F|100/100\n|move|p2a: Sneasler|Dire Claw|p1a: Lycanroc\n|-resisted|p1a: Lycanroc|1\n|-damage|p1a: Lycanroc|65/100\n|move|p2b: Pinsir|Swords Dance|p2b: Pinsir\n|-boost|p2b: Pinsir|atk|2\n|move|p1b: Slowbro|Psychic|p2a: Sneasler\n|-supereffective|p2a: Sneasler|2\n|-damage|p2a: Sneasler|0 fnt\n|faint|p2a: Sneasler\n|\n|-heal|p1b: Slowbro|100/100|[from] item: Leftovers\n|-sideend|p2: draydentv|move: Tailwind\n|upkeep\n|\n|t:|1776115567\n|switch|p2a: Clefable|Clefable, L50, M, shiny|100/100\n|turn|5\n|\n|t:|1776115588\n|move|p2a: Clefable|Follow Me|p2a: Clefable\n|-singleturn|p2a: Clefable|move: Follow Me\n|move|p1a: Lycanroc|Accelerock|p2a: Clefable\n|-damage|p2a: Clefable|78/100\n|move|p2b: Pinsir|Earthquake|p1b: Slowbro|[spread] p2a,p1a,p1b\n|-supereffective|p1a: Lycanroc|1\n|-supereffective|p1b: Slowbro|1\n|-damage|p2a: Clefable|53/100\n|-damage|p1a: Lycanroc|0 fnt\n|-damage|p1b: Slowbro|0 fnt\n|faint|p1a: Lycanroc\n|faint|p1b: Slowbro\n|\n|-heal|p2a: Clefable|59/100|[from] item: Leftovers\n|upkeep\n|\n|t:|1776115602\n|switch|p1a: Lucario|Lucario, L50, F|100/100\n|switch|p1b: Starmie|Starmie-Mega, L50|18/100\n|turn|6\n|\n|t:|1776115618\n|move|p2a: Clefable|Follow Me|p2a: Clefable\n|-singleturn|p2a: Clefable|move: Follow Me\n|move|p1a: Lucario|Steel Beam|p2a: Clefable\n|-supereffective|p2a: Clefable|1\n|-crit|p2a: Clefable\n|-damage|p2a: Clefable|0 fnt\n|-damage|p1a: Lucario|50/100|[from] steelbeam\n|faint|p2a: Clefable\n|move|p1b: Starmie|Ice Spinner|p2b: Pinsir\n|-supereffective|p2b: Pinsir|1\n|-damage|p2b: Pinsir|0 fnt\n|faint|p2b: Pinsir\n|\n|win|DavidTIS\n|raw|DavidTIS's rating: 1090 &rarr; <strong>1110</strong><br />(+20 for winning)\n|raw|draydentv's rating: 1000 &rarr; <strong>1000</strong><br />(+0 for losing)\n",
  "uploadtime": 1776115631,
  "views": 35,
  "formatid": "gen9championsvgc2026regma",
  "rating": 1000,
  "private": 0,
  "password": null
}