{
  "id": "gen9championsvgc2026regma-2588870265",
  "format": "[Gen 9 Champions] VGC 2026 Reg M-A",
  "players": [
    "Idkanygoodteams1",
    "CTGLDOISBACKW"
  ],
  "log": "|j|\u2606Idkanygoodteams1\n|j|\u2606CTGLDOISBACKW\n|html|<table width=\"100%\"><tr><td align=\"left\">Idkanygoodteams1</td><td align=\"right\">CTGLDOISBACKW</tr><tr><td align=\"left\"><i class=\"fa fa-circle\"></i> <i class=\"fa fa-circle-o\"></i> </td><td align=\"right\"><i class=\"fa fa-circle-o\"></i> <i class=\"fa fa-circle-o\"></i> </tr></table>\n|uhtml|bestof|<h2><strong>Game 2</strong> of <a href=\"/game-bestof3-gen9championsvgc2026regma-2588868297\">a best-of-3</a></h2>\n|t:|1776680710\n|gametype|doubles\n|player|p1|Idkanygoodteams1|unknown|\n|player|p2|CTGLDOISBACKW|101|\n|gen|9\n|tier|[Gen 9 Champions] VGC 2026 Reg M-A\n|rule|Species Clause: Limit one of each Pok\u00e9mon\n|rule|Item Clause: Limit 1 of each item\n|raw|<div class=\"infobox\"><details class=\"readmore\" open><summary><strong>1 custom rule:</strong></summary> Best of = 3</details></div>\n|clearpoke\n|poke|p1|Tyranitar, L50, M|\n|poke|p1|Excadrill, L50, M|\n|poke|p1|Meganium, L50, F|\n|poke|p1|Arcanine, L50, M|\n|poke|p1|Gengar, L50, M|\n|poke|p1|Whimsicott, L50, M|\n|poke|p2|Meganium, L50, F|\n|poke|p2|Kingambit, L50, M|\n|poke|p2|Kangaskhan, L50, F|\n|poke|p2|Torkoal, L50, M|\n|poke|p2|Farigiraf, L50, F|\n|poke|p2|Machamp, L50, M|\n|teampreview|4\n|inactive|Battle timer is ON: inactive players will automatically lose when time's up. (requested by Idkanygoodteams1)\nIdkanygoodteams1 has agreed to open team sheets.\n|\n|t:|1776680737\n|teamsize|p1|4\n|teamsize|p2|4\n|start\n|switch|p1a: Whimsicott|Whimsicott, L50, M|100/100\n|switch|p1b: Tyranitar|Tyranitar, L50, M|100/100\n|switch|p2a: Kangaskhan|Kangaskhan, L50, F|100/100\n|switch|p2b: Farigiraf|Farigiraf, L50, F|100/100\n|-weather|Sandstorm|[from] ability: Sand Stream|[of] p1b: Tyranitar\n|turn|1\n|inactive|CTGLDOISBACKW has 30 seconds left.\n|\n|t:|1776680767\n|move|p2a: Kangaskhan|Fake Out|p1a: Whimsicott\n|-damage|p1a: Whimsicott|76/100\n|cant|p1a: Whimsicott|flinch\n|move|p1b: Tyranitar|Knock Off|p2b: Farigiraf\n|-supereffective|p2b: Farigiraf|1\n|-damage|p2b: Farigiraf|3/100\n|-enditem|p2b: Farigiraf|Silk Scarf|[from] move: Knock Off|[of] p1b: Tyranitar\n|move|p2b: Farigiraf|Trick Room|p2b: Farigiraf\n|-fieldstart|move: Trick Room|[of] p2b: Farigiraf\n|\n|-weather|Sandstorm|[upkeep]\n|-damage|p2b: Farigiraf|0 fnt|[from] Sandstorm\n|-damage|p2a: Kangaskhan|94/100|[from] Sandstorm\n|-damage|p1a: Whimsicott|71/100|[from] Sandstorm\n|faint|p2b: Farigiraf\n|upkeep\n|\n|t:|1776680782\n|switch|p2b: Kingambit|Kingambit, L50, M|100/100\n|turn|2\n|\n|t:|1776680798\n|move|p2b: Kingambit|Kowtow Cleave|p1a: Whimsicott\n|-resisted|p1a: Whimsicott|1\n|-damage|p1a: Whimsicott|38/100\n|move|p1b: Tyranitar|Stomping Tantrum|p2b: Kingambit\n|-supereffective|p2b: Kingambit|1\n|-crit|p2b: Kingambit\n|-damage|p2b: Kingambit|33/100\n|move|p2a: Kangaskhan|Low Kick|p1b: Tyranitar\n|-supereffective|p1b: Tyranitar|2\n|-damage|p1b: Tyranitar|0 fnt\n|faint|p1b: Tyranitar\n|move|p1a: Whimsicott|Moonblast|p2b: Kingambit\n|-damage|p2b: Kingambit|0 fnt\n|faint|p2b: Kingambit\n|\n|-weather|Sandstorm|[upkeep]\n|-damage|p2a: Kangaskhan|88/100|[from] Sandstorm\n|-damage|p1a: Whimsicott|32/100|[from] Sandstorm\n|upkeep\n|\n|t:|1776680823\n|switch|p2b: Machamp|Machamp, L50, M|100/100\n|switch|p1b: Excadrill|Excadrill, L50, M|100/100\n|turn|3\n|inactive|Idkanygoodteams1 has 30 seconds left.\n|inactive|Idkanygoodteams1 has 20 seconds left.\n|\n|t:|1776680860\n|switch|p1b: Gengar|Gengar, L50, M|100/100\n|move|p2b: Machamp|Ice Punch|p1a: Whimsicott\n|-supereffective|p1a: Whimsicott|1\n|-damage|p1a: Whimsicott|0 fnt\n|faint|p1a: Whimsicott\n|move|p2a: Kangaskhan|Low Kick|p1b: Gengar\n|-immune|p1b: Gengar\n|\n|-weather|Sandstorm|[upkeep]\n|-damage|p2b: Machamp|94/100|[from] Sandstorm\n|-damage|p2a: Kangaskhan|82/100|[from] Sandstorm\n|-damage|p1b: Gengar|95/100|[from] Sandstorm\n|-heal|p2b: Machamp|100/100|[from] item: Leftovers\n|upkeep\n|\n|t:|1776680865\n|switch|p1a: Excadrill|Excadrill, L50, M|100/100\n|turn|4\n|\n|t:|1776680882\n|detailschange|p1b: Gengar|Gengar-Mega, L50, M\n|-mega|p1b: Gengar|Gengar|Gengarite\n|move|p1b: Gengar|Protect|p1b: Gengar\n|-singleturn|p1b: Gengar|Protect\n|move|p2b: Machamp|Bullet Punch|p1b: Gengar\n|-activate|p1b: Gengar|move: Protect\n|move|p2a: Kangaskhan|Low Kick|p1a: Excadrill\n|-supereffective|p1a: Excadrill|1\n|-damage|p1a: Excadrill|49/100\n|move|p1a: Excadrill|Earthquake|p2b: Machamp|[spread] p2a,p2b\n|-activate|p1b: Gengar|move: Protect\n|-damage|p2a: Kangaskhan|40/100\n|-damage|p2b: Machamp|57/100\n|-heal|p1a: Excadrill|59/100|[from] item: Shell Bell|[of] p2b: Machamp\n|\n|-weather|Sandstorm|[upkeep]\n|-damage|p2b: Machamp|51/100|[from] Sandstorm\n|-damage|p2a: Kangaskhan|34/100|[from] Sandstorm\n|-damage|p1b: Gengar|89/100|[from] Sandstorm\n|-heal|p2b: Machamp|57/100|[from] item: Leftovers\n|upkeep\n|turn|5\n|inactive|CTGLDOISBACKW has 30 seconds left.\n|\n|t:|1776680916\n|move|p2a: Kangaskhan|Sucker Punch|p1b: Gengar\n|-supereffective|p1b: Gengar|1\n|-damage|p1b: Gengar|22/100\n|move|p2b: Machamp|Close Combat|p1a: Excadrill\n|-supereffective|p1a: Excadrill|1\n|-damage|p1a: Excadrill|0 fnt\n|-unboost|p2b: Machamp|def|1\n|-unboost|p2b: Machamp|spd|1\n|faint|p1a: Excadrill\n|move|p1b: Gengar|Sludge Wave|p2a: Kangaskhan|[spread] p2a,p2b\n|-damage|p2a: Kangaskhan|0 fnt\n|-damage|p2b: Machamp|0 fnt\n|faint|p2a: Kangaskhan\n|faint|p2b: Machamp\n|\n|win|Idkanygoodteams1\n|l|\u2606CTGLDOISBACKW\n|player|p2|\n|l|\u2606Idkanygoodteams1\n|player|p1|\n|j|\u2606Idkanygoodteams1\n|player|p1|Idkanygoodteams1|unknown|\n",
  "uploadtime": 1776680958,
  "views": 13,
  "formatid": "gen9championsvgc2026regma",
  "rating": null,
  "private": 0,
  "password": null
}