{
  "id": "gen9championsvgc2026regma-2587844592",
  "format": "[Gen 9 Champions] VGC 2026 Reg M-A",
  "players": [
    "Matt's Totodile",
    "turguis"
  ],
  "log": "|j|\u2606Matt's Totodile\n|j|\u2606turguis\n|t:|1776569889\n|gametype|doubles\n|player|p1|Matt's Totodile|pokekid|1106\n|player|p2|turguis|lucas|1016\n|gen|9\n|tier|[Gen 9 Champions] VGC 2026 Reg M-A\n|rated|\n|rule|Species Clause: Limit one of each Pok\u00e9mon\n|rule|Item Clause: Limit 1 of each item\n|clearpoke\n|poke|p1|Charizard, L50, M|\n|poke|p1|Sneasler, L50, F|\n|poke|p1|Milotic, L50, M|\n|poke|p1|Gardevoir, L50, F|\n|poke|p1|Whimsicott, L50, M|\n|poke|p1|Sinistcha, L50|\n|poke|p2|Gengar, L50, M, shiny|\n|poke|p2|Corviknight, L50, F, shiny|\n|poke|p2|Arcanine-Hisui, L50, M, shiny|\n|poke|p2|Politoed, L50, F, shiny|\n|poke|p2|Basculegion, L50, M, shiny|\n|poke|p2|Forretress, L50, F, shiny|\n|teampreview|4\n|inactive|Battle timer is ON: inactive players will automatically lose when time's up. (requested by turguis)\n|inactive|Matt's Totodile has 60 seconds left.\n|inactive|Matt's Totodile has 30 seconds left.\n|\n|t:|1776569974\n|teamsize|p1|4\n|teamsize|p2|4\n|start\n|switch|p1a: Milotic|Milotic, L50, M|100/100\n|switch|p1b: Whimsicott|Whimsicott, L50, M|100/100\n|switch|p2a: Gengar|Gengar, L50, M, shiny|100/100\n|switch|p2b: Arcanine|Arcanine-Hisui, L50, M, shiny|100/100\n|-ability|p2b: Arcanine|Intimidate|boost\n|-unboost|p1a: Milotic|atk|1\n|-ability|p1a: Milotic|Competitive|boost\n|-boost|p1a: Milotic|spa|2\n|-unboost|p1b: Whimsicott|atk|1\n|turn|1\n|inactive|Matt's Totodile has 30 seconds left.\n|inactive|Matt's Totodile has 20 seconds left.\n|inactive|Matt's Totodile has 15 seconds left.\n|inactive|Matt's Totodile has 10 seconds left.\n|inactive|Matt's Totodile has 5 seconds left.\n|\n|t:|1776570025\n|switch|p1b: Charizard|Charizard, L50, M|100/100\n|detailschange|p2a: Gengar|Gengar-Mega, L50, M, shiny\n|-mega|p2a: Gengar|Gengar|Gengarite\n|move|p2b: Arcanine|Protect|p2b: Arcanine\n|-singleturn|p2b: Arcanine|Protect\n|move|p2a: Gengar|Perish Song|p2a: Gengar\n|-start|p1a: Milotic|perish3|[silent]\n|-start|p1b: Charizard|perish3|[silent]\n|-start|p2a: Gengar|perish3|[silent]\n|-start|p2b: Arcanine|perish3|[silent]\n|-fieldactivate|move: Perish Song\n|move|p1a: Milotic|Scald|p2b: Arcanine\n|-activate|p2b: Arcanine|move: Protect\n|\n|-start|p2a: Gengar|perish3\n|-start|p1a: Milotic|perish3\n|-start|p1b: Charizard|perish3\n|-start|p2b: Arcanine|perish3\n|upkeep\n|turn|2\n|inactive|turguis has 30 seconds left.\n|\n|t:|1776570050\n|detailschange|p1b: Charizard|Charizard-Mega-X, L50, M\n|-mega|p1b: Charizard|Charizard|Charizardite X\n|move|p2a: Gengar|Protect|p2a: Gengar\n|-singleturn|p2a: Gengar|Protect\n|move|p1a: Milotic|Scald|p2b: Arcanine\n|-supereffective|p2b: Arcanine|2\n|-damage|p2b: Arcanine|0 fnt\n|faint|p2b: Arcanine\n|move|p1b: Charizard|Flare Blitz|p2a: Gengar\n|-activate|p2a: Gengar|move: Protect\n|\n|-start|p2a: Gengar|perish2\n|-start|p1a: Milotic|perish2\n|-start|p1b: Charizard|perish2\n|upkeep\n|\n|t:|1776570057\n|switch|p2b: Politoed|Politoed, L50, F, shiny|100/100\n|-weather|RainDance|[from] ability: Drizzle|[of] p2b: Politoed\n|turn|3\n|\n|t:|1776570078\n|switch|p2b: Basculegion|Basculegion, L50, M, shiny|100/100\n|move|p2a: Gengar|Shadow Ball|p1b: Charizard\n|-damage|p1b: Charizard|46/100\n|move|p1a: Milotic|Scald|p2a: Gengar\n|-damage|p2a: Gengar|0 fnt\n|faint|p2a: Gengar\n|move|p1b: Charizard|Dragon Claw|p2b: Basculegion\n|-damage|p2b: Basculegion|14/100\n|\n|-weather|RainDance|[upkeep]\n|-start|p1a: Milotic|perish1\n|-start|p1b: Charizard|perish1\n|upkeep\n|\n|t:|1776570081\n|switch|p2a: Politoed|Politoed, L50, F, shiny|100/100\n|turn|4\n|inactive|Matt's Totodile has 30 seconds left.\n|\n|t:|1776570112\n|switch|p1b: Whimsicott|Whimsicott, L50, M|100/100\n|move|p2a: Politoed|Protect|p2a: Politoed\n|-singleturn|p2a: Politoed|Protect\n|move|p2b: Basculegion|Last Respects|p1a: Milotic\n|-damage|p1a: Milotic|12/100\n|move|p1a: Milotic|Scald|p2b: Basculegion\n|-resisted|p2b: Basculegion|1\n|-damage|p2b: Basculegion|0 fnt\n|faint|p2b: Basculegion\n|\n|-weather|RainDance|[upkeep]\n|-start|p1a: Milotic|perish0\n|faint|p1a: Milotic\n|upkeep\n|\n|t:|1776570127\n|switch|p1a: Sneasler|Sneasler, L50, F|100/100\n|turn|5\n|\n|t:|1776570142\n|move|p1b: Whimsicott|Encore|p2a: Politoed\n|-start|p2a: Politoed|Encore\n|move|p2a: Politoed|Protect||[still]\n|-fail|p2a: Politoed\n|move|p1a: Sneasler|Close Combat|p2a: Politoed\n|-damage|p2a: Politoed|40/100\n|-unboost|p1a: Sneasler|def|1\n|-unboost|p1a: Sneasler|spd|1\n|-enditem|p2a: Politoed|Sitrus Berry|[eat]\n|-heal|p2a: Politoed|64/100|[from] item: Sitrus Berry\n|-enditem|p1a: Sneasler|White Herb\n|-clearnegativeboost|p1a: Sneasler|[silent]\n|\n|-weather|RainDance|[upkeep]\n|upkeep\n|turn|6\n|\n|t:|1776570164\n|move|p2a: Politoed|Protect|p2a: Politoed\n|-singleturn|p2a: Politoed|Protect\n|move|p1a: Sneasler|Close Combat|p2a: Politoed\n|-activate|p2a: Politoed|move: Protect\n|move|p1b: Whimsicott|Moonblast|p2a: Politoed\n|-activate|p2a: Politoed|move: Protect\n|\n|-weather|RainDance|[upkeep]\n|upkeep\n|turn|7\n|inactive|Matt's Totodile has 30 seconds left.\n|\n|t:|1776570191\n|move|p2a: Politoed|Protect|p2a: Politoed\n|-singleturn|p2a: Politoed|Protect\n|move|p1b: Whimsicott|Tailwind|p1b: Whimsicott\n|-sidestart|p1: Matt's Totodile|move: Tailwind\n|move|p1a: Sneasler|Close Combat|p2a: Politoed\n|-activate|p2a: Politoed|move: Protect\n|\n|-weather|none\n|-end|p2a: Politoed|Encore\n|upkeep\n|turn|8\n|\n|t:|1776570202\n|move|p1b: Whimsicott|Encore|p2a: Politoed\n|-start|p2a: Politoed|Encore\n|move|p2a: Politoed|Protect|p2a: Politoed\n|-singleturn|p2a: Politoed|Protect\n|move|p1a: Sneasler|Close Combat|p2a: Politoed\n|-activate|p2a: Politoed|move: Protect\n|\n|upkeep\n|turn|9\n|-message|turguis forfeited.\n|\n|win|Matt's Totodile\n|raw|Matt&apos;s Totodile's rating: 1106 &rarr; <strong>1125</strong><br />(+19 for winning)\n|raw|turguis's rating: 1016 &rarr; <strong>1007</strong><br />(-9 for losing)\n|l|\u2606turguis\n|player|p2|\n|c|\u2606Matt's Totodile|gg\n",
  "uploadtime": 1776570231,
  "views": 10,
  "formatid": "gen9championsvgc2026regma",
  "rating": 1007,
  "private": 0,
  "password": null
}