{
  "id": "gen9championsvgc2026regma-2587306809",
  "format": "[Gen 9 Champions] VGC 2026 Reg M-A",
  "players": [
    "JitamamiZishi",
    "askeru"
  ],
  "log": "|j|\u2606JitamamiZishi\n|j|\u2606askeru\n|t:|1776520427\n|gametype|doubles\n|player|p1|JitamamiZishi|nate|1082\n|player|p2|askeru|aromalady|1024\n|gen|9\n|tier|[Gen 9 Champions] VGC 2026 Reg M-A\n|rated|\n|rule|Species Clause: Limit one of each Pok\u00e9mon\n|rule|Item Clause: Limit 1 of each item\n|clearpoke\n|poke|p1|Floette-Eternal, L50, F|\n|poke|p1|Basculegion, L50, M|\n|poke|p1|Sinistcha, L50|\n|poke|p1|Pelipper, L50, M|\n|poke|p1|Garchomp, L50, M|\n|poke|p1|Incineroar, L50, F|\n|poke|p2|Delphox, L50, M|\n|poke|p2|Ninetales-Alola, L50, M|\n|poke|p2|Corviknight, L50, M|\n|poke|p2|Sneasler, L50, F|\n|poke|p2|Umbreon, L50, M|\n|poke|p2|Clefable, L50, F|\n|teampreview|4\n|inactive|Battle timer is ON: inactive players will automatically lose when time's up. (requested by JitamamiZishi)\nJitamamiZishi rejected open team sheets.\n|inactive|askeru has 60 seconds left.\n|\n|t:|1776520487\n|teamsize|p1|4\n|teamsize|p2|4\n|start\n|switch|p1a: Incineroar|Incineroar, L50, F|100/100\n|switch|p1b: Garchomp|Garchomp, L50, M|100/100\n|switch|p2a: Ninetales|Ninetales-Alola, L50, M|100/100\n|switch|p2b: Umbreon|Umbreon, L50, M|100/100\n|-weather|Snowscape|[from] ability: Snow Warning|[of] p2a: Ninetales\n|-ability|p1a: Incineroar|Intimidate|boost\n|-unboost|p2a: Ninetales|atk|1\n|-fail|p2b: Umbreon|unboost|Attack|[from] ability: Inner Focus|[of] p2b: Umbreon\n|turn|1\n|inactive|askeru has 30 seconds left.\n|inactive|askeru has 20 seconds left.\n|inactive|askeru has 15 seconds left.\n|\n|t:|1776520530\n|move|p1a: Incineroar|Fake Out|p2a: Ninetales\n|-damage|p2a: Ninetales|90/100\n|cant|p2a: Ninetales|flinch\n|move|p1b: Garchomp|Rock Slide|p2b: Umbreon|[spread] p2a,p2b\n|-supereffective|p2a: Ninetales|1\n|-damage|p2a: Ninetales|50/100\n|-damage|p2b: Umbreon|87/100\n|move|p2b: Umbreon|Yawn|p1a: Incineroar\n|-start|p1a: Incineroar|move: Yawn|[of] p2b: Umbreon\n|\n|-weather|Snowscape|[upkeep]\n|-heal|p2b: Umbreon|93/100|[from] item: Leftovers\n|upkeep\n|turn|2\n|inactive|askeru has 30 seconds left.\n|\n|t:|1776520560\n|move|p2a: Ninetales|Aurora Veil|p2a: Ninetales\n|-sidestart|p2: askeru|move: Aurora Veil\n|move|p1b: Garchomp|Rock Slide|p2b: Umbreon|[spread] p2a,p2b\n|-supereffective|p2a: Ninetales|1\n|-crit|p2a: Ninetales\n|-damage|p2a: Ninetales|0 fnt\n|-damage|p2b: Umbreon|83/100\n|faint|p2a: Ninetales\n|move|p2b: Umbreon|Yawn|p1b: Garchomp\n|-start|p1b: Garchomp|move: Yawn|[of] p2b: Umbreon\n|move|p1a: Incineroar|Parting Shot|p2b: Umbreon\n|-unboost|p2b: Umbreon|atk|1\n|-unboost|p2b: Umbreon|spa|1\n|\n|t:|1776520572\n|switch|p1a: Pelipper|Pelipper, L50, M|100/100|[from] Parting Shot\n|-weather|RainDance|[from] ability: Drizzle|[of] p1a: Pelipper\n|\n|-weather|RainDance|[upkeep]\n|-heal|p2b: Umbreon|89/100|[from] item: Leftovers\n|upkeep\n|\n|t:|1776520595\n|switch|p2a: Delphox|Delphox, L50, M|100/100\n|turn|3\n|inactive|askeru has 30 seconds left.\n|\n|t:|1776520621\n|detailschange|p2a: Delphox|Delphox-Mega, L50, M\n|-mega|p2a: Delphox|Delphox|Delphoxite\n|move|p2a: Delphox|Psyshock|p1a: Pelipper\n|-damage|p1a: Pelipper|45/100\n|move|p1b: Garchomp|Earthquake|p2b: Umbreon|[spread] p2b\n|-immune|p1a: Pelipper\n|-immune|p2a: Delphox|[from] ability: Levitate\n|-damage|p2b: Umbreon|71/100\n|move|p1a: Pelipper|Weather Ball|p2a: Delphox\n|-supereffective|p2a: Delphox|1\n|-damage|p2a: Delphox|26/100\n|move|p2b: Umbreon|Yawn||[still]\n|-fail|p2b: Umbreon\n|\n|-weather|RainDance|[upkeep]\n|-heal|p2b: Umbreon|77/100|[from] item: Leftovers\n|-end|p1b: Garchomp|move: Yawn|[silent]\n|-status|p1b: Garchomp|slp\n|upkeep\n|turn|4\n|inactive|askeru has 30 seconds left.\n|\n|t:|1776520648\n|switch|p2a: Corviknight|Corviknight, L50, M|100/100\n|move|p1a: Pelipper|Protect|p1a: Pelipper\n|-singleturn|p1a: Pelipper|Protect\n|cant|p1b: Garchomp|slp\n|move|p2b: Umbreon|Wish|p2b: Umbreon\n|\n|-weather|RainDance|[upkeep]\n|-heal|p2b: Umbreon|83/100|[from] item: Leftovers\n|upkeep\n|turn|5\n|\n|t:|1776520670\n|switch|p2b: Delphox|Delphox-Mega, L50, M|26/100\n|cant|p1b: Garchomp|slp\n|move|p1a: Pelipper|Weather Ball|p2a: Corviknight\n|-damage|p2a: Corviknight|53/100\n|move|p2a: Corviknight|Tailwind|p2a: Corviknight\n|-sidestart|p2: askeru|move: Tailwind\n|\n|-weather|RainDance|[upkeep]\n|-heal|p2b: Delphox|81/100|[from] move: Wish|[wisher] Umbreon\n|upkeep\n|turn|6\n|\n|t:|1776520690\n|move|p1a: Pelipper|Protect|p1a: Pelipper\n|-singleturn|p1a: Pelipper|Protect\n|move|p2b: Delphox|Psyshock|p1b: Garchomp\n|-crit|p1b: Garchomp\n|-damage|p1b: Garchomp|37/100 slp\n|move|p2a: Corviknight|Brave Bird|p1a: Pelipper\n|-activate|p1a: Pelipper|move: Protect\n|-curestatus|p1b: Garchomp|slp|[msg]\n|move|p1b: Garchomp|Rock Slide|p2a: Corviknight|[spread] p2a,p2b\n|-supereffective|p2b: Delphox|1\n|-damage|p2a: Corviknight|42/100\n|-damage|p2b: Delphox|57/100\n|\n|-weather|none\n|-sideend|p2: askeru|move: Aurora Veil\n|upkeep\n|turn|7\n|inactive|JitamamiZishi has 30 seconds left.\n|\n|t:|1776520722\n|switch|p1a: Incineroar|Incineroar, L50, F|100/100\n|-ability|p1a: Incineroar|Intimidate|boost\n|-ability|p2a: Corviknight|Mirror Armor\n|-unboost|p1a: Incineroar|atk|1\n|-unboost|p2b: Delphox|atk|1\n|move|p2b: Delphox|Heat Wave|p1b: Garchomp|[spread] p1a,p1b\n|-resisted|p1a: Incineroar|1\n|-resisted|p1b: Garchomp|1\n|-damage|p1a: Incineroar|88/100\n|-damage|p1b: Garchomp|17/100\n|move|p2a: Corviknight|Roost|p2a: Corviknight\n|-heal|p2a: Corviknight|92/100\n|-singleturn|p2a: Corviknight|move: Roost\n|move|p1b: Garchomp|Rock Slide|p2a: Corviknight|[spread] p2a,p2b\n|-resisted|p2a: Corviknight|1\n|-supereffective|p2b: Delphox|1\n|-damage|p2a: Corviknight|84/100\n|-damage|p2b: Delphox|21/100\n|\n|upkeep\n|turn|8\n|inactive|JitamamiZishi has 30 seconds left.\n|inactive|askeru has 30 seconds left.\n|inactive|askeru has 20 seconds left.\n|inactive|askeru has 15 seconds left.\n|inactive|askeru has 10 seconds left.\n|inactive|askeru has 5 seconds left.\n|\n|t:|1776520773\n|move|p1a: Incineroar|Fake Out|p2b: Delphox\n|-damage|p2b: Delphox|15/100\n|cant|p2b: Delphox|flinch\n|move|p2a: Corviknight|Brave Bird|p1a: Incineroar\n|-damage|p1a: Incineroar|44/100\n|-damage|p2a: Corviknight|70/100|[from] Recoil\n|move|p1b: Garchomp|Rock Slide|p2a: Corviknight|[spread] p2a\n|-miss|p1b: Garchomp|p2b: Delphox\n|-damage|p2a: Corviknight|54/100\n|\n|-sideend|p2: askeru|move: Tailwind\n|upkeep\n|turn|9\n|inactive|askeru has 30 seconds left.\n|\n|t:|1776520806\n|switch|p2b: Umbreon|Umbreon, L50, M|83/100\n|move|p1b: Garchomp|Rock Slide|p2a: Corviknight|[spread] p2a,p2b\n|-damage|p2a: Corviknight|38/100\n|-damage|p2b: Umbreon|70/100\n|move|p2a: Corviknight|Roost|p2a: Corviknight\n|-heal|p2a: Corviknight|88/100\n|-singleturn|p2a: Corviknight|move: Roost\n|move|p1a: Incineroar|Parting Shot|p2b: Umbreon\n|-unboost|p2b: Umbreon|atk|1\n|-unboost|p2b: Umbreon|spa|1\n|\n|t:|1776520815\n|switch|p1a: Pelipper|Pelipper, L50, M|45/100|[from] Parting Shot\n|-weather|RainDance|[from] ability: Drizzle|[of] p1a: Pelipper\n|\n|-weather|RainDance|[upkeep]\n|-heal|p2b: Umbreon|76/100|[from] item: Leftovers\n|upkeep\n|turn|10\n|\n|t:|1776520839\n|move|p1a: Pelipper|Protect|p1a: Pelipper\n|-singleturn|p1a: Pelipper|Protect\n|move|p1b: Garchomp|Stomping Tantrum|p2b: Umbreon\n|-damage|p2b: Umbreon|49/100\n|move|p2a: Corviknight|Brave Bird|p1a: Pelipper\n|-activate|p1a: Pelipper|move: Protect\n|move|p2b: Umbreon|Wish|p2b: Umbreon\n|\n|-weather|RainDance|[upkeep]\n|-heal|p2b: Umbreon|55/100|[from] item: Leftovers\n|upkeep\n|turn|11\n|inactive|askeru has 30 seconds left.\n|\n|t:|1776520866\n|switch|p1a: Incineroar|Incineroar, L50, F|44/100\n|-ability|p1a: Incineroar|Intimidate|boost\n|-ability|p2a: Corviknight|Mirror Armor\n|-unboost|p1a: Incineroar|atk|1\n|-fail|p2b: Umbreon|unboost|Attack|[from] ability: Inner Focus|[of] p2b: Umbreon\n|move|p1b: Garchomp|Rock Slide|p2a: Corviknight|[spread] p2a,p2b\n|-damage|p2a: Corviknight|73/100\n|-damage|p2b: Umbreon|40/100\n|cant|p2a: Corviknight|flinch\n|move|p2b: Umbreon|Foul Play|p1b: Garchomp\n|-damage|p1b: Garchomp|0 fnt\n|-damage|p2b: Umbreon|28/100|[from] ability: Rough Skin|[of] p1b: Garchomp\n|faint|p1b: Garchomp\n|\n|-weather|RainDance|[upkeep]\n|-heal|p2b: Umbreon|78/100|[from] move: Wish|[wisher] Umbreon\n|-heal|p2b: Umbreon|84/100|[from] item: Leftovers\n|upkeep\n|\n|t:|1776520881\n|switch|p1b: Basculegion|Basculegion, L50, M|100/100\n|turn|12\n|inactive|askeru has 30 seconds left.\n|\n|t:|1776520913\n|move|p1a: Incineroar|Fake Out|p2b: Umbreon\n|-damage|p2b: Umbreon|78/100\n|move|p1b: Basculegion|Last Respects|p2a: Corviknight\n|-damage|p2a: Corviknight|36/100\n|move|p2a: Corviknight|Brave Bird|p1a: Incineroar\n|-damage|p1a: Incineroar|0 fnt\n|faint|p1a: Incineroar\n|-damage|p2a: Corviknight|22/100|[from] Recoil\n|move|p2b: Umbreon|Foul Play|p1b: Basculegion\n|-supereffective|p1b: Basculegion|1\n|-damage|p1b: Basculegion|0 fnt\n|faint|p1b: Basculegion\n|\n|-weather|RainDance|[upkeep]\n|-heal|p2b: Umbreon|84/100|[from] item: Leftovers\n|upkeep\n|\n|t:|1776520920\n|switch|p1b: Pelipper|Pelipper, L50, M|45/100\n|turn|13\n|-message|JitamamiZishi forfeited.\n|\n|win|askeru\n|raw|JitamamiZishi's rating: 1082 &rarr; <strong>1056</strong><br />(-26 for losing)\n|raw|askeru's rating: 1024 &rarr; <strong>1066</strong><br />(+42 for winning)\n|l|\u2606JitamamiZishi\n|player|p1|\n|c|\u2606askeru|gg\n",
  "uploadtime": 1776520951,
  "views": 13,
  "formatid": "gen9championsvgc2026regma",
  "rating": 1056,
  "private": 0,
  "password": null
}