{
  "id": "gen9championsvgc2026regma-2581829247",
  "format": "[Gen 9 Champions] VGC 2026 Reg M-A",
  "players": [
    "CodedCrash",
    "jakov27"
  ],
  "log": "|j|\u2606CodedCrash\n|j|\u2606jakov27\n|t:|1776031808\n|gametype|doubles\n|player|p1|CodedCrash|allister-masters|1000\n|player|p2|jakov27|cyrus|1071\n|gen|9\n|tier|[Gen 9 Champions] VGC 2026 Reg M-A\n|rated|\n|rule|Species Clause: Limit one of each Pok\u00e9mon\n|rule|Item Clause: Limit 1 of each item\n|clearpoke\n|poke|p1|Kommo-o, L50, M|\n|poke|p1|Tinkaton, L50, F|\n|poke|p1|Sinistcha, L50|\n|poke|p1|Whimsicott, L50, F|\n|poke|p1|Incineroar, L50, M|\n|poke|p2|Aerodactyl, L50, F|\n|poke|p2|Sinistcha, L50|\n|poke|p2|Avalugg, L50, F|\n|poke|p2|Ninetales-Alola, L50, F|\n|poke|p2|Crabominable, L50, F|\n|poke|p2|Dragonite, L50, F|\n|teampreview|4\n|inactive|Battle timer is ON: inactive players will automatically lose when time's up. (requested by CodedCrash)\n|\n|t:|1776031836\n|teamsize|p1|4\n|teamsize|p2|4\n|start\n|switch|p1a: Kommo-o|Kommo-o, L50, M|100/100\n|switch|p1b: Incineroar|Incineroar, L50, M|100/100\n|switch|p2a: Aerodactyl|Aerodactyl, L50, F|100/100\n|switch|p2b: Ninetales|Ninetales-Alola, L50, F|100/100\n|-ability|p2a: Aerodactyl|Unnerve\n|-weather|Snowscape|[from] ability: Snow Warning|[of] p2b: Ninetales\n|-ability|p1b: Incineroar|Intimidate|boost\n|-unboost|p2a: Aerodactyl|atk|1\n|-unboost|p2b: Ninetales|atk|1\n|turn|1\n|\n|t:|1776031854\n|move|p1b: Incineroar|Fake Out|p2b: Ninetales\n|-damage|p2b: Ninetales|90/100\n|move|p2a: Aerodactyl|Tailwind|p2a: Aerodactyl\n|-sidestart|p2: jakov27|move: Tailwind\n|cant|p2b: Ninetales|flinch\n|move|p1a: Kommo-o|Clangorous Soul|p1a: Kommo-o\n|-boost|p1a: Kommo-o|atk|1\n|-boost|p1a: Kommo-o|def|1\n|-boost|p1a: Kommo-o|spa|1\n|-boost|p1a: Kommo-o|spd|1\n|-boost|p1a: Kommo-o|spe|1\n|-damage|p1a: Kommo-o|68/100\n|\n|-weather|Snowscape|[upkeep]\n|-heal|p1a: Kommo-o|74/100|[from] item: Leftovers\n|upkeep\n|turn|2\n|inactive|CodedCrash has 30 seconds left.\n|\n|t:|1776031880\n|switch|p1b: Tinkaton|Tinkaton, L50, F|100/100\n|-ability|p1b: Tinkaton|Mold Breaker\n|move|p1a: Kommo-o|Protect|p1a: Kommo-o\n|-singleturn|p1a: Kommo-o|Protect\n|move|p2a: Aerodactyl|Rock Slide|p1b: Tinkaton|[spread] p1b\n|-activate|p1a: Kommo-o|move: Protect\n|-resisted|p1b: Tinkaton|1\n|-damage|p1b: Tinkaton|90/100\n|move|p2b: Ninetales|Moonblast|p1a: Kommo-o\n|-activate|p1a: Kommo-o|move: Protect\n|\n|-weather|Snowscape|[upkeep]\n|-heal|p1a: Kommo-o|79/100|[from] item: Leftovers\n|upkeep\n|turn|3\n|\n|t:|1776031898\n|move|p2b: Ninetales|Protect|p2b: Ninetales\n|-singleturn|p2b: Ninetales|Protect\n|move|p1b: Tinkaton|Fake Out|p2b: Ninetales\n|-activate|p2b: Ninetales|move: Protect\n|move|p2a: Aerodactyl|Rock Slide|p1a: Kommo-o|[spread] p1a\n|-miss|p2a: Aerodactyl|p1b: Tinkaton\n|-resisted|p1a: Kommo-o|1\n|-damage|p1a: Kommo-o|74/100\n|move|p1a: Kommo-o|Clanging Scales|p2b: Ninetales|[spread] p2a\n|-activate|p2b: Ninetales|move: Protect\n|-damage|p2a: Aerodactyl|12/100\n|-unboost|p1a: Kommo-o|def|1\n|\n|-weather|Snowscape|[upkeep]\n|-heal|p1a: Kommo-o|80/100|[from] item: Leftovers\n|upkeep\n|turn|4\n|\n|t:|1776031917\n|move|p1a: Kommo-o|Protect|p1a: Kommo-o\n|-singleturn|p1a: Kommo-o|Protect\n|move|p2a: Aerodactyl|Rock Slide|p1a: Kommo-o|[spread] p1b\n|-activate|p1a: Kommo-o|move: Protect\n|-resisted|p1b: Tinkaton|1\n|-damage|p1b: Tinkaton|80/100\n|move|p2b: Ninetales|Moonblast|p1a: Kommo-o\n|-activate|p1a: Kommo-o|move: Protect\n|move|p1b: Tinkaton|Gigaton Hammer|p2b: Ninetales\n|-supereffective|p2b: Ninetales|2\n|-damage|p2b: Ninetales|0 fnt\n|faint|p2b: Ninetales\n|\n|-weather|Snowscape|[upkeep]\n|-heal|p1a: Kommo-o|86/100|[from] item: Leftovers\n|-sideend|p2: jakov27|move: Tailwind\n|upkeep\n|n|!jakov27|jakov27\n|\n|t:|1776031935\n|switch|p2b: Dragonite|Dragonite, L50, F|100/100\n|turn|5\n|\n|t:|1776031948\n|detailschange|p2b: Dragonite|Dragonite-Mega, L50, F\n|-mega|p2b: Dragonite|Dragonite|Dragoninite\n|move|p1b: Tinkaton|Feint|p2b: Dragonite\n|-damage|p2b: Dragonite|94/100\n|move|p1a: Kommo-o|Clanging Scales|p2b: Dragonite|[spread] p2a,p2b\n|-supereffective|p2b: Dragonite|1\n|-damage|p2a: Aerodactyl|0 fnt\n|-damage|p2b: Dragonite|0 fnt\n|faint|p2a: Aerodactyl\n|faint|p2b: Dragonite\n|-unboost|p1a: Kommo-o|def|1\n|\n|-weather|none\n|-heal|p1a: Kommo-o|92/100|[from] item: Leftovers\n|upkeep\n|\n|t:|1776031958\n|switch|p2b: Avalugg|Avalugg, L50, F|100/100\n|turn|6\n|-message|jakov27 forfeited.\n|\n|win|CodedCrash\n",
  "uploadtime": 1776031922,
  "views": 9,
  "formatid": "gen9championsvgc2026regma",
  "rating": null,
  "private": 0,
  "password": null
}