{
  "id": "gen9championsvgc2026regma-2585346415",
  "format": "[Gen 9 Champions] VGC 2026 Reg M-A",
  "players": [
    "JasmineThia",
    "Jasonjarmoosh"
  ],
  "log": "|j|\u2606JasmineThia\n|j|\u2606Jasonjarmoosh\n|t:|1776339979\n|gametype|doubles\n|player|p1|JasmineThia|selene-masters2|1119\n|player|p2|Jasonjarmoosh|265|1135\n|gen|9\n|tier|[Gen 9 Champions] VGC 2026 Reg M-A\n|rated|\n|rule|Species Clause: Limit one of each Pok\u00e9mon\n|rule|Item Clause: Limit 1 of each item\n|clearpoke\n|poke|p1|Chandelure, L50, F|\n|poke|p1|Talonflame, L50, M|\n|poke|p1|Quaquaval, L50, F|\n|poke|p1|Raichu, L50, M|\n|poke|p1|Glimmora, L50, M|\n|poke|p1|Corviknight, L50, F|\n|poke|p2|Froslass, L50, F|\n|poke|p2|Milotic, L50, M|\n|poke|p2|Garchomp, L50, M|\n|poke|p2|Aerodactyl, L50, F|\n|poke|p2|Aegislash, L50, F|\n|poke|p2|Passimian, L50, M|\n|teampreview|4\n|inactive|Battle timer is ON: inactive players will automatically lose when time's up. (requested by JasmineThia)\n|inactive|Jasonjarmoosh has 60 seconds left.\n|l|\u2606JasmineThia\n|inactive|JasmineThia disconnected and has a minute to reconnect!\n|player|p1|\n|inactive|Jasonjarmoosh has 30 seconds left.\n|j|\u2606JasmineThia\n|inactive|JasmineThia reconnected.\n|player|p1|JasmineThia|selene-masters2|\n|inactive|Jasonjarmoosh has 20 seconds left.\n|inactive|Jasonjarmoosh has 15 seconds left.\n|inactive|Jasonjarmoosh has 10 seconds left.\n|\n|t:|1776340063\n|teamsize|p1|4\n|teamsize|p2|4\n|start\n|switch|p1a: Talonflame|Talonflame, L50, M|100/100\n|switch|p1b: Corviknight|Corviknight, L50, F|100/100\n|switch|p2a: Aerodactyl|Aerodactyl, L50, F|100/100\n|switch|p2b: Aegislash|Aegislash, L50, F|100/100\n|-ability|p2a: Aerodactyl|Unnerve\n|turn|1\n|\n|t:|1776340077\n|move|p1a: Talonflame|Tailwind|p1a: Talonflame\n|-sidestart|p1: JasmineThia|move: Tailwind\n|-formechange|p2b: Aegislash|Aegislash-Blade|\n|move|p2b: Aegislash|Shadow Sneak|p1a: Talonflame\n|-damage|p1a: Talonflame|52/100\n|move|p2a: Aerodactyl|Rock Slide|p1b: Corviknight|[spread] p1a,p1b\n|-supereffective|p1a: Talonflame|2\n|-damage|p1a: Talonflame|0 fnt\n|-damage|p1b: Corviknight|78/100\n|faint|p1a: Talonflame\n|move|p1b: Corviknight|Bulk Up|p1b: Corviknight\n|-boost|p1b: Corviknight|atk|1\n|-boost|p1b: Corviknight|def|1\n|\n|-heal|p1b: Corviknight|84/100|[from] item: Leftovers\n|upkeep\n|\n|t:|1776340083\n|switch|p1a: Raichu|Raichu, L50, M|100/100\n|turn|2\n|\n|t:|1776340104\n|move|p2a: Aerodactyl|Protect|p2a: Aerodactyl\n|-singleturn|p2a: Aerodactyl|Protect\n|-formechange|p2b: Aegislash|Aegislash|\n|move|p2b: Aegislash|King's Shield|p2b: Aegislash\n|-singleturn|p2b: Aegislash|Protect\n|move|p1a: Raichu|Fake Out|p2a: Aerodactyl\n|-activate|p2a: Aerodactyl|move: Protect\n|move|p1b: Corviknight|Body Press|p2a: Aerodactyl\n|-activate|p2a: Aerodactyl|move: Protect\n|\n|-heal|p1b: Corviknight|90/100|[from] item: Leftovers\n|upkeep\n|turn|3\n|\n|t:|1776340123\n|move|p1a: Raichu|Nuzzle|p2a: Aerodactyl\n|-supereffective|p2a: Aerodactyl|1\n|-damage|p2a: Aerodactyl|77/100\n|-status|p2a: Aerodactyl|par\n|move|p1b: Corviknight|Body Press|p2a: Aerodactyl\n|-damage|p2a: Aerodactyl|34/100 par\n|cant|p2a: Aerodactyl|par\n|-formechange|p2b: Aegislash|Aegislash-Blade|\n|move|p2b: Aegislash|Poltergeist|p1a: Raichu\n|-activate|p1a: Raichu|move: Poltergeist|Focus Sash\n|-enditem|p1a: Raichu|Focus Sash\n|-damage|p1a: Raichu|1/100\n|\n|-heal|p1b: Corviknight|96/100|[from] item: Leftovers\n|upkeep\n|turn|4\n|\n|t:|1776340136\n|move|p2b: Aegislash|Shadow Sneak|p1a: Raichu\n|-damage|p1a: Raichu|0 fnt\n|faint|p1a: Raichu\n|move|p1b: Corviknight|Bulk Up|p1b: Corviknight\n|-boost|p1b: Corviknight|atk|1\n|-boost|p1b: Corviknight|def|1\n|move|p2a: Aerodactyl|Tailwind|p2a: Aerodactyl\n|-sidestart|p2: Jasonjarmoosh|move: Tailwind\n|\n|-heal|p1b: Corviknight|100/100|[from] item: Leftovers\n|-sideend|p1: JasmineThia|move: Tailwind\n|upkeep\n|\n|t:|1776340139\n|switch|p1a: Chandelure|Chandelure, L50, F|100/100\n|turn|5\n|\n|t:|1776340156\n|detailschange|p1a: Chandelure|Chandelure-Mega, L50, F\n|-mega|p1a: Chandelure|Chandelure|Chandelurite\n|move|p2a: Aerodactyl|Protect|p2a: Aerodactyl\n|-singleturn|p2a: Aerodactyl|Protect\n|move|p1a: Chandelure|Protect|p1a: Chandelure\n|-singleturn|p1a: Chandelure|Protect\n|move|p2b: Aegislash|Poltergeist|p1a: Chandelure\n|-activate|p1a: Chandelure|move: Protect\n|move|p1b: Corviknight|Body Press|p2a: Aerodactyl\n|-activate|p2a: Aerodactyl|move: Protect\n|\n|upkeep\n|turn|6\n|\n|t:|1776340167\n|move|p2a: Aerodactyl|Rock Slide|p1a: Chandelure|[spread] p1a,p1b\n|-supereffective|p1a: Chandelure|1\n|-damage|p1a: Chandelure|44/100\n|-damage|p1b: Corviknight|90/100\n|move|p2b: Aegislash|Poltergeist|p1a: Chandelure\n|-activate|p1a: Chandelure|move: Poltergeist|Chandelurite\n|-supereffective|p1a: Chandelure|1\n|-damage|p1a: Chandelure|0 fnt\n|faint|p1a: Chandelure\n|cant|p1b: Corviknight|flinch\n|\n|-heal|p1b: Corviknight|96/100|[from] item: Leftovers\n|upkeep\n|turn|7\n|\n|t:|1776340191\n|move|p2a: Aerodactyl|Protect|p2a: Aerodactyl\n|-singleturn|p2a: Aerodactyl|Protect\n|-formechange|p2b: Aegislash|Aegislash|\n|move|p2b: Aegislash|King's Shield|p2b: Aegislash\n|-singleturn|p2b: Aegislash|Protect\n|move|p1b: Corviknight|Bulk Up|p1b: Corviknight\n|-boost|p1b: Corviknight|atk|1\n|-boost|p1b: Corviknight|def|1\n|\n|-heal|p1b: Corviknight|100/100|[from] item: Leftovers\n|-sideend|p2: Jasonjarmoosh|move: Tailwind\n|upkeep\n|turn|8\n|\n|t:|1776340201\n|move|p2a: Aerodactyl|Tailwind|p2a: Aerodactyl\n|-sidestart|p2: Jasonjarmoosh|move: Tailwind\n|-formechange|p2b: Aegislash|Aegislash-Blade|\n|move|p2b: Aegislash|Poltergeist|p1b: Corviknight\n|-activate|p1b: Corviknight|move: Poltergeist|Leftovers\n|-damage|p1b: Corviknight|75/100\n|move|p1b: Corviknight|Bulk Up|p1b: Corviknight\n|-boost|p1b: Corviknight|atk|1\n|-boost|p1b: Corviknight|def|1\n|\n|-heal|p1b: Corviknight|81/100|[from] item: Leftovers\n|upkeep\n|turn|9\n|\n|t:|1776340215\n|move|p2a: Aerodactyl|Dual Wingbeat|p1b: Corviknight|[miss]\n|-miss|p2a: Aerodactyl|p1b: Corviknight\n|move|p2b: Aegislash|Poltergeist|p1b: Corviknight\n|-activate|p1b: Corviknight|move: Poltergeist|Leftovers\n|-damage|p1b: Corviknight|59/100\n|move|p1b: Corviknight|Brave Bird|p2b: Aegislash\n|-resisted|p2b: Aegislash|1\n|-damage|p2b: Aegislash|0 fnt\n|faint|p2b: Aegislash\n|-damage|p1b: Corviknight|33/100|[from] Recoil\n|\n|-heal|p1b: Corviknight|39/100|[from] item: Leftovers\n|upkeep\n|\n|t:|1776340232\n|switch|p2b: Garchomp|Garchomp, L50, M|100/100\n|turn|10\n|\n|t:|1776340251\n|move|p2b: Garchomp|Dragon Claw|p1b: Corviknight\n|-resisted|p1b: Corviknight|1\n|-damage|p1b: Corviknight|32/100\n|move|p2a: Aerodactyl|Rock Slide|p1b: Corviknight|[miss]\n|-miss|p2a: Aerodactyl|p1b: Corviknight\n|move|p1b: Corviknight|Roost|p1b: Corviknight\n|-heal|p1b: Corviknight|82/100\n|-singleturn|p1b: Corviknight|move: Roost\n|\n|-heal|p1b: Corviknight|88/100|[from] item: Leftovers\n|upkeep\n|turn|11\n|\n|t:|1776340262\n|move|p2a: Aerodactyl|Protect|p2a: Aerodactyl\n|-singleturn|p2a: Aerodactyl|Protect\n|move|p2b: Garchomp|Dragon Claw|p1b: Corviknight\n|-resisted|p1b: Corviknight|1\n|-damage|p1b: Corviknight|81/100\n|move|p1b: Corviknight|Body Press|p2a: Aerodactyl\n|-activate|p2a: Aerodactyl|move: Protect\n|\n|-heal|p1b: Corviknight|87/100|[from] item: Leftovers\n|-sideend|p2: Jasonjarmoosh|move: Tailwind\n|upkeep\n|turn|12\n|l|\u2606JasmineThia\n|inactive|JasmineThia disconnected and has a minute to reconnect!\n|player|p1|\n|j|\u2606JasmineThia\n|inactive|JasmineThia reconnected and has 45 seconds left.\n|player|p1|JasmineThia|selene-masters2|\n|inactive|Jasonjarmoosh has 30 seconds left.\n|inactive|Jasonjarmoosh has 20 seconds left.\n|inactive|Jasonjarmoosh has 15 seconds left.\n|\n|t:|1776340303\n|move|p2b: Garchomp|Dragon Claw|p1b: Corviknight\n|-resisted|p1b: Corviknight|1\n|-damage|p1b: Corviknight|81/100\n|move|p2a: Aerodactyl|Tailwind|p2a: Aerodactyl\n|-sidestart|p2: Jasonjarmoosh|move: Tailwind\n|move|p1b: Corviknight|Brave Bird|p2a: Aerodactyl\n|-resisted|p2a: Aerodactyl|1\n|-damage|p2a: Aerodactyl|0 fnt\n|faint|p2a: Aerodactyl\n|-damage|p1b: Corviknight|73/100|[from] Recoil\n|\n|-heal|p1b: Corviknight|79/100|[from] item: Leftovers\n|upkeep\n|\n|t:|1776340312\n|switch|p2a: Passimian|Passimian, L50, M|100/100\n|turn|13\n|\n|t:|1776340324\n|move|p2b: Garchomp|Dragon Claw|p1b: Corviknight\n|-resisted|p1b: Corviknight|1\n|-damage|p1b: Corviknight|73/100\n|move|p2a: Passimian|Rock Slide|p1b: Corviknight\n|-damage|p1b: Corviknight|63/100\n|move|p1b: Corviknight|Body Press|p2a: Passimian\n|-damage|p2a: Passimian|37/100\n|\n|-heal|p1b: Corviknight|69/100|[from] item: Leftovers\n|upkeep\n|turn|14\n|\n|t:|1776340346\n|move|p2a: Passimian|Protect|p2a: Passimian\n|-singleturn|p2a: Passimian|Protect\n|move|p2b: Garchomp|Dragon Claw|p1b: Corviknight\n|-resisted|p1b: Corviknight|1\n|-damage|p1b: Corviknight|62/100\n|move|p1b: Corviknight|Body Press|p2a: Passimian\n|-activate|p2a: Passimian|move: Protect\n|\n|-heal|p1b: Corviknight|68/100|[from] item: Leftovers\n|upkeep\n|turn|15\n|\n|t:|1776340354\n|move|p2b: Garchomp|Dragon Claw|p1b: Corviknight\n|-resisted|p1b: Corviknight|1\n|-damage|p1b: Corviknight|62/100\n|move|p2a: Passimian|Rock Slide|p1b: Corviknight\n|-damage|p1b: Corviknight|52/100\n|move|p1b: Corviknight|Body Press|p2a: Passimian\n|-damage|p2a: Passimian|0 fnt\n|faint|p2a: Passimian\n|\n|-heal|p1b: Corviknight|58/100|[from] item: Leftovers\n|-sideend|p2: Jasonjarmoosh|move: Tailwind\n|upkeep\n|turn|16\n|-message|Jasonjarmoosh forfeited.\n|\n|win|JasmineThia\n|raw|JasmineThia's rating: 1119 &rarr; <strong>1145</strong><br />(+26 for winning)\n|raw|Jasonjarmoosh's rating: 1135 &rarr; <strong>1109</strong><br />(-26 for losing)\n|l|\u2606Jasonjarmoosh\n|player|p2|\n",
  "uploadtime": 1776340370,
  "views": 36,
  "formatid": "gen9championsvgc2026regma",
  "rating": 1109,
  "private": 0,
  "password": null
}