{
  "id": "gen9championsvgc2026regma-2586920734",
  "format": "[Gen 9 Champions] VGC 2026 Reg M-A",
  "players": [
    "disciple of blahaj",
    "Azul911381069"
  ],
  "log": "|j|\u2606disciple of blahaj\n|j|\u2606Azul911381069\n|t:|1776471943\n|gametype|doubles\n|player|p1|disciple of blahaj|jacinthe|1170\n|player|p2|Azul911381069|blue|1101\n|gen|9\n|tier|[Gen 9 Champions] VGC 2026 Reg M-A\n|rated|\n|rule|Species Clause: Limit one of each Pok\u00e9mon\n|rule|Item Clause: Limit 1 of each item\n|clearpoke\n|poke|p1|Rampardos, L50, F|\n|poke|p1|Runerigus, L50, F|\n|poke|p1|Tyranitar, L50, F|\n|poke|p1|Corviknight, L50, M|\n|poke|p1|Excadrill, L50, F|\n|poke|p1|Typhlosion-Hisui, L50, F|\n|poke|p2|Whimsicott, L50, M|\n|poke|p2|Sneasler, L50, F|\n|poke|p2|Milotic, L50, M|\n|poke|p2|Garchomp, L50, M|\n|poke|p2|Kingambit, L50, F|\n|poke|p2|Charizard, L50, F|\n|teampreview|4\n|\n|t:|1776471967\n|teamsize|p1|4\n|teamsize|p2|4\n|start\n|switch|p1a: Rampardos|Rampardos, L50, F|100/100\n|switch|p1b: Runerigus|Runerigus, L50, F|100/100\n|switch|p2a: Whimsicott|Whimsicott, L50, M|100/100\n|switch|p2b: Sneasler|Sneasler, L50, F|100/100\n|turn|1\n|inactive|Battle timer is ON: inactive players will automatically lose when time's up. (requested by disciple of blahaj)\n|\n|t:|1776471985\n|move|p1a: Rampardos|Protect|p1a: Rampardos\n|-singleturn|p1a: Rampardos|Protect\n|move|p2a: Whimsicott|Tailwind|p2a: Whimsicott\n|-sidestart|p2: Azul911381069|move: Tailwind\n|move|p2b: Sneasler|Close Combat|p1a: Rampardos\n|-activate|p1a: Rampardos|move: Protect\n|move|p1b: Runerigus|Trick Room|p1b: Runerigus\n|-fieldstart|move: Trick Room|[of] p1b: Runerigus\n|\n|upkeep\n|turn|2\n|\n|t:|1776471998\n|switch|p1b: Tyranitar|Tyranitar, L50, F|100/100\n|-weather|Sandstorm|[from] ability: Sand Stream|[of] p1b: Tyranitar\n|move|p2a: Whimsicott|Encore|p1b: Tyranitar\n|-hint|Since gen 7, Dark is immune to Prankster moves.\n|-immune|p1b: Tyranitar\n|move|p1a: Rampardos|Rock Slide|p2a: Whimsicott|[spread] p2a,p2b\n|-resisted|p2b: Sneasler|1\n|-damage|p2a: Whimsicott|22/100\n|-damage|p2b: Sneasler|55/100\n|move|p2b: Sneasler|Close Combat|p1a: Rampardos\n|-supereffective|p1a: Rampardos|1\n|-enditem|p1a: Rampardos|Focus Sash\n|-damage|p1a: Rampardos|1/100\n|-unboost|p2b: Sneasler|def|1\n|-unboost|p2b: Sneasler|spd|1\n|-enditem|p2b: Sneasler|White Herb\n|-clearnegativeboost|p2b: Sneasler|[silent]\n|\n|-weather|Sandstorm|[upkeep]\n|-damage|p2a: Whimsicott|16/100|[from] Sandstorm\n|-damage|p2b: Sneasler|49/100|[from] Sandstorm\n|upkeep\n|turn|3\n|inactive|Azul911381069 has 30 seconds left.\n|\n|t:|1776472039\n|move|p2b: Sneasler|Protect|p2b: Sneasler\n|-singleturn|p2b: Sneasler|Protect\n|move|p1b: Tyranitar|Rock Slide|p2a: Whimsicott|[spread] p2a\n|-activate|p2b: Sneasler|move: Protect\n|-damage|p2a: Whimsicott|0 fnt\n|faint|p2a: Whimsicott\n|move|p1a: Rampardos|Rock Slide|p2b: Sneasler\n|-activate|p2b: Sneasler|move: Protect\n|\n|-weather|Sandstorm|[upkeep]\n|-damage|p2b: Sneasler|43/100|[from] Sandstorm\n|upkeep\n|\n|t:|1776472050\n|switch|p2a: Milotic|Milotic, L50, M|100/100\n|turn|4\n|\n|t:|1776472056\n|move|p1b: Tyranitar|Rock Slide|p2b: Sneasler|[spread] p2a,p2b\n|-resisted|p2b: Sneasler|1\n|-damage|p2a: Milotic|63/100\n|-damage|p2b: Sneasler|17/100\n|move|p1a: Rampardos|Rock Slide|p2b: Sneasler|[spread] p2a,p2b\n|-resisted|p2b: Sneasler|1\n|-damage|p2a: Milotic|6/100\n|-damage|p2b: Sneasler|0 fnt\n|faint|p2b: Sneasler\n|move|p2a: Milotic|Scald|p1b: Tyranitar\n|-supereffective|p1b: Tyranitar|1\n|-damage|p1b: Tyranitar|57/100\n|-status|p1b: Tyranitar|brn\n|\n|-weather|Sandstorm|[upkeep]\n|-damage|p2a: Milotic|0 fnt|[from] Sandstorm\n|faint|p2a: Milotic\n|-damage|p1b: Tyranitar|51/100 brn|[from] brn\n|-sideend|p2: Azul911381069|move: Tailwind\n|upkeep\n|\n|t:|1776472077\n|switch|p2a: Charizard|Charizard, L50, F|100/100\n|turn|5\n|\n|t:|1776472086\n|switch|p1b: Excadrill|Excadrill, L50, F|100/100\n|move|p2a: Charizard|Protect|p2a: Charizard\n|-singleturn|p2a: Charizard|Protect\n|move|p1a: Rampardos|Rock Slide|p2a: Charizard\n|-activate|p2a: Charizard|move: Protect\n|\n|-weather|Sandstorm|[upkeep]\n|-damage|p2a: Charizard|95/100|[from] Sandstorm\n|-fieldend|move: Trick Room\n|upkeep\n|turn|6\n|\n|t:|1776472096\n|detailschange|p2a: Charizard|Charizard-Mega-Y, L50, F\n|-mega|p2a: Charizard|Charizard|Charizardite Y\n|-weather|SunnyDay|[from] ability: Drought|[of] p2a: Charizard\n|move|p1b: Excadrill|Protect|p1b: Excadrill\n|-singleturn|p1b: Excadrill|Protect\n|move|p2a: Charizard|Heat Wave|p1b: Excadrill|[spread] p1a\n|-activate|p1b: Excadrill|move: Protect\n|-resisted|p1a: Rampardos|1\n|-damage|p1a: Rampardos|0 fnt\n|faint|p1a: Rampardos\n|\n|-weather|SunnyDay|[upkeep]\n|upkeep\n|\n|t:|1776472099\n|switch|p1a: Tyranitar|Tyranitar, L50, F|51/100 brn\n|-weather|Sandstorm|[from] ability: Sand Stream|[of] p1a: Tyranitar\n|turn|7\n|\n|t:|1776472113\n|detailschange|p1b: Excadrill|Excadrill-Mega, L50, F\n|-mega|p1b: Excadrill|Excadrill|Excadrite\n|move|p1b: Excadrill|Horn Drill|p2a: Charizard|[miss]\n|-miss|p1b: Excadrill|p2a: Charizard\n|move|p2a: Charizard|Heat Wave|p1a: Tyranitar|[spread] p1a,p1b\n|-resisted|p1a: Tyranitar|1\n|-supereffective|p1b: Excadrill|1\n|-damage|p1a: Tyranitar|40/100 brn\n|-damage|p1b: Excadrill|0 fnt\n|faint|p1b: Excadrill\n|move|p1a: Tyranitar|Rock Slide|p2a: Charizard\n|-supereffective|p2a: Charizard|2\n|-damage|p2a: Charizard|0 fnt\n|faint|p2a: Charizard\n|\n|win|disciple of blahaj\n|raw|disciple of blahaj's rating: 1170 &rarr; <strong>1190</strong><br />(+20 for winning)\n|raw|Azul911381069's rating: 1101 &rarr; <strong>1081</strong><br />(-20 for losing)\n|l|\u2606Azul911381069\n|player|p2|\n",
  "uploadtime": 1776472127,
  "views": 23,
  "formatid": "gen9championsvgc2026regma",
  "rating": 1081,
  "private": 0,
  "password": null
}