{
  "id": "gen9championsvgc2026regma-2585230700",
  "format": "[Gen 9 Champions] VGC 2026 Reg M-A",
  "players": [
    "callmehavoc",
    "Manwhatamidoing"
  ],
  "log": "|j|\u2606callmehavoc\n|j|\u203dManwhatamidoing\n|t:|1776327752\n|gametype|doubles\n|player|p1|callmehavoc|101|1059\n|player|p2|Manwhatamidoing|102|1121\n|gen|9\n|tier|[Gen 9 Champions] VGC 2026 Reg M-A\n|rated|\n|rule|Species Clause: Limit one of each Pok\u00e9mon\n|rule|Item Clause: Limit 1 of each item\n|clearpoke\n|poke|p1|Raichu, L50, M|\n|poke|p1|Chandelure, L50, M|\n|poke|p1|Leafeon, L50, M|\n|poke|p1|Whimsicott, L50, F|\n|poke|p1|Toxapex, L50, M|\n|poke|p1|Garchomp, L50, F|\n|poke|p2|Charizard, L50, M|\n|poke|p2|Venusaur, L50, F|\n|poke|p2|Whimsicott, L50, F|\n|poke|p2|Incineroar, L50, M|\n|poke|p2|Garchomp, L50, F|\n|poke|p2|Aegislash, L50, F|\n|teampreview|4\n|inactive|Battle timer is ON: inactive players will automatically lose when time's up. (requested by Manwhatamidoing)\n|\n|t:|1776327819\n|teamsize|p1|4\n|teamsize|p2|4\n|start\n|switch|p1a: Raichu|Raichu, L50, M|100/100\n|switch|p1b: Toxapex|Toxapex, L50, M|100/100\n|switch|p2a: Whimsicott|Whimsicott, L50, F|100/100\n|switch|p2b: Incineroar|Incineroar, L50, M|100/100\n|-ability|p2b: Incineroar|Intimidate|boost\n|-unboost|p1a: Raichu|atk|1\n|-unboost|p1b: Toxapex|atk|1\n|turn|1\n|\n|t:|1776327842\n|move|p1a: Raichu|Fake Out|p2b: Incineroar\n|-damage|p2b: Incineroar|94/100\n|cant|p2b: Incineroar|flinch\n|move|p2a: Whimsicott|Tailwind|p2a: Whimsicott\n|-sidestart|p2: Manwhatamidoing|move: Tailwind\n|move|p1b: Toxapex|Toxic Spikes|p2a: Whimsicott\n|-sidestart|p2: Manwhatamidoing|move: Toxic Spikes\n|\n|upkeep\n|turn|2\n|\n|t:|1776327861\n|move|p2a: Whimsicott|Encore|p1a: Raichu\n|-start|p1a: Raichu|Encore\n|move|p1a: Raichu|Fake Out||[still]\n|-hint|Fake Out only works on your first turn out.\n|-fail|p1a: Raichu\n|move|p2b: Incineroar|Taunt|p1b: Toxapex\n|-start|p1b: Toxapex|move: Taunt\n|move|p1b: Toxapex|Muddy Water|p2a: Whimsicott|[spread] p2a,p2b\n|-resisted|p2a: Whimsicott|1\n|-supereffective|p2b: Incineroar|1\n|-damage|p2a: Whimsicott|92/100\n|-damage|p2b: Incineroar|75/100\n|-unboost|p2a: Whimsicott|accuracy|1\n|\n|upkeep\n|turn|3\n|inactive|Manwhatamidoing has 30 seconds left.\n|inactive|Manwhatamidoing has 20 seconds left.\n|inactive|Manwhatamidoing has 15 seconds left.\n|\n|t:|1776327903\n|switch|p1a: Whimsicott|Whimsicott, L50, F|100/100\n|move|p2a: Whimsicott|Moonblast|p1a: Whimsicott|[miss]\n|-miss|p2a: Whimsicott|p1a: Whimsicott\n|move|p2b: Incineroar|Parting Shot|p1b: Toxapex\n|-unboost|p1b: Toxapex|atk|1\n|-unboost|p1b: Toxapex|spa|1\n|\n|t:|1776327911\n|switch|p2b: Charizard|Charizard, L50, M|100/100|[from] Parting Shot\n|move|p1b: Toxapex|Muddy Water|p2a: Whimsicott|[spread] p2a,p2b\n|-resisted|p2a: Whimsicott|1\n|-supereffective|p2b: Charizard|1\n|-damage|p2a: Whimsicott|86/100\n|-damage|p2b: Charizard|80/100\n|\n|upkeep\n|turn|4\n|\n|t:|1776327931\n|switch|p1b: Chandelure|Chandelure, L50, M|100/100\n|detailschange|p2b: Charizard|Charizard-Mega-Y, L50, M\n|-mega|p2b: Charizard|Charizard|Charizardite Y\n|-weather|SunnyDay|[from] ability: Drought|[of] p2b: Charizard\n|move|p2a: Whimsicott|Helping Hand|p2b: Charizard\n|-singleturn|p2b: Charizard|Helping Hand|[of] p2a: Whimsicott\n|move|p1a: Whimsicott|Tailwind|p1a: Whimsicott\n|-sidestart|p1: callmehavoc|move: Tailwind\n|move|p2b: Charizard|Overheat|p1b: Chandelure\n|-start|p1b: Chandelure|ability: Flash Fire\n|\n|-weather|SunnyDay|[upkeep]\n|-sideend|p2: Manwhatamidoing|move: Tailwind\n|upkeep\n|turn|5\n|inactive|callmehavoc has 30 seconds left.\n|inactive|Manwhatamidoing has 30 seconds left.\n|\n|t:|1776327964\n|detailschange|p1b: Chandelure|Chandelure-Mega, L50, M\n|-mega|p1b: Chandelure|Chandelure|Chandelurite\n|-end|p1b: Chandelure|ability: Flash Fire|[silent]\n|move|p1a: Whimsicott|Encore|p2b: Charizard\n|-start|p2b: Charizard|Encore\n|move|p2a: Whimsicott|Encore||[still]\n|-fail|p2a: Whimsicott\n|move|p1b: Chandelure|Shadow Ball|p2b: Charizard\n|-damage|p2b: Charizard|18/100\n|-unboost|p2b: Charizard|spd|1\n|move|p2b: Charizard|Overheat|p1b: Chandelure\n|-resisted|p1b: Chandelure|1\n|-crit|p1b: Chandelure\n|-damage|p1b: Chandelure|2/100\n|-unboost|p2b: Charizard|spa|2\n|\n|-weather|SunnyDay|[upkeep]\n|upkeep\n|turn|6\n|inactive|callmehavoc has 30 seconds left.\n|\n|t:|1776327989\n|switch|p2b: Garchomp|Garchomp, L50, F|100/100\n|-status|p2b: Garchomp|psn\n|-enditem|p2b: Garchomp|Lum Berry|[eat]\n|-curestatus|p2b: Garchomp|psn|[msg]\n|move|p2a: Whimsicott|Tailwind|p2a: Whimsicott\n|-sidestart|p2: Manwhatamidoing|move: Tailwind\n|move|p1a: Whimsicott|Moonblast|p2a: Whimsicott\n|-damage|p2a: Whimsicott|48/100\n|move|p1b: Chandelure|Heat Wave|p2a: Whimsicott|[spread] \n|-miss|p1b: Chandelure|p2a: Whimsicott\n|-miss|p1b: Chandelure|p2b: Garchomp\n|\n|-weather|SunnyDay|[upkeep]\n|upkeep\n|turn|7\n|inactive|Manwhatamidoing has 30 seconds left.\n|\n|t:|1776328024\n|move|p2a: Whimsicott|Moonblast|p1a: Whimsicott\n|-damage|p1a: Whimsicott|63/100\n|-unboost|p1a: Whimsicott|spa|1\n|move|p2b: Garchomp|Rock Slide|p1b: Chandelure|[spread] p1b\n|-miss|p2b: Garchomp|p1a: Whimsicott\n|-supereffective|p1b: Chandelure|1\n|-damage|p1b: Chandelure|0 fnt\n|faint|p1b: Chandelure\n|move|p1a: Whimsicott|Moonblast|p2b: Garchomp\n|-supereffective|p2b: Garchomp|1\n|-damage|p2b: Garchomp|58/100\n|\n|-weather|SunnyDay|[upkeep]\n|-sideend|p1: callmehavoc|move: Tailwind\n|upkeep\n|\n|t:|1776328044\n|switch|p1b: Raichu|Raichu, L50, M|100/100\n|turn|8\n|\n|t:|1776328057\n|move|p1b: Raichu|Fake Out|p2b: Garchomp\n|-damage|p2b: Garchomp|48/100\n|-damage|p1b: Raichu|89/100|[from] ability: Rough Skin|[of] p2b: Garchomp\n|move|p2a: Whimsicott|Moonblast|p1a: Whimsicott|[miss]\n|-miss|p2a: Whimsicott|p1a: Whimsicott\n|cant|p2b: Garchomp|flinch\n|move|p1a: Whimsicott|Moonblast|p2b: Garchomp\n|-supereffective|p2b: Garchomp|1\n|-damage|p2b: Garchomp|8/100\n|\n|-weather|none\n|upkeep\n|turn|9\n|inactive|callmehavoc has 30 seconds left.\n|inactive|callmehavoc has 20 seconds left.\n|\n|t:|1776328097\n|move|p2a: Whimsicott|Helping Hand|p2b: Garchomp\n|-singleturn|p2b: Garchomp|Helping Hand|[of] p2a: Whimsicott\n|move|p1b: Raichu|Endure|p1b: Raichu\n|-singleturn|p1b: Raichu|move: Endure\n|move|p1a: Whimsicott|Tailwind|p1a: Whimsicott\n|-sidestart|p1: callmehavoc|move: Tailwind\n|move|p2b: Garchomp|Stomping Tantrum|p1b: Raichu\n|-supereffective|p1b: Raichu|1\n|-activate|p1b: Raichu|move: Endure\n|-damage|p1b: Raichu|1/100\n|\n|-sideend|p2: Manwhatamidoing|move: Tailwind\n|upkeep\n|turn|10\n|inactive|callmehavoc has 30 seconds left.\n|\n|t:|1776328127\n|switch|p1b: Toxapex|Toxapex, L50, M|100/100\n|move|p2a: Whimsicott|Tailwind|p2a: Whimsicott\n|-sidestart|p2: Manwhatamidoing|move: Tailwind\n|move|p2b: Garchomp|Rock Slide|p1b: Toxapex|[spread] p1b\n|-miss|p2b: Garchomp|p1a: Whimsicott\n|-damage|p1b: Toxapex|86/100\n|move|p1a: Whimsicott|Moonblast|p2b: Garchomp\n|-supereffective|p2b: Garchomp|1\n|-damage|p2b: Garchomp|0 fnt\n|faint|p2b: Garchomp\n|\n|-heal|p1b: Toxapex|92/100|[from] item: Leftovers\n|upkeep\n|\n|t:|1776328140\n|switch|p2b: Incineroar|Incineroar, L50, M|75/100\n|-status|p2b: Incineroar|psn\n|-ability|p2b: Incineroar|Intimidate|boost\n|-unboost|p1a: Whimsicott|atk|1\n|-unboost|p1b: Toxapex|atk|1\n|turn|11\n|\n|t:|1776328165\n|move|p2a: Whimsicott|Encore|p1a: Whimsicott|[miss]\n|-miss|p2a: Whimsicott|p1a: Whimsicott\n|move|p1a: Whimsicott|Moonblast|p2b: Incineroar\n|-crit|p2b: Incineroar\n|-damage|p2b: Incineroar|41/100 psn\n|-enditem|p2b: Incineroar|Sitrus Berry|[eat]\n|-heal|p2b: Incineroar|66/100 psn|[from] item: Sitrus Berry\n|move|p2b: Incineroar|Flare Blitz|p1a: Whimsicott\n|-supereffective|p1a: Whimsicott|1\n|-damage|p1a: Whimsicott|0 fnt\n|faint|p1a: Whimsicott\n|-damage|p2b: Incineroar|49/100 psn|[from] Recoil\n|move|p1b: Toxapex|Venoshock|p2b: Incineroar\n|-damage|p2b: Incineroar|31/100 psn\n|\n|-heal|p1b: Toxapex|97/100|[from] item: Leftovers\n|-damage|p2b: Incineroar|18/100 psn|[from] psn\n|upkeep\n|\n|t:|1776328184\n|switch|p1a: Raichu|Raichu, L50, M|1/100\n|turn|12\n|inactive|Manwhatamidoing has 30 seconds left.\n|\n|t:|1776328222\n|move|p2a: Whimsicott|Moonblast|p1a: Raichu\n|-damage|p1a: Raichu|0 fnt\n|faint|p1a: Raichu\n|move|p2b: Incineroar|Parting Shot|p1b: Toxapex\n|-unboost|p1b: Toxapex|atk|1\n|-unboost|p1b: Toxapex|spa|1\n|\n|t:|1776328229\n|switch|p2b: Charizard|Charizard-Mega-Y, L50, M|18/100|[from] Parting Shot\n|-weather|SunnyDay|[from] ability: Drought|[of] p2b: Charizard\n|move|p1b: Toxapex|Muddy Water|p2a: Whimsicott|[spread] p2a,p2b\n|-resisted|p2a: Whimsicott|1\n|-supereffective|p2b: Charizard|1\n|-damage|p2a: Whimsicott|45/100\n|-damage|p2b: Charizard|10/100\n|\n|-weather|SunnyDay|[upkeep]\n|-heal|p1b: Toxapex|100/100|[from] item: Leftovers\n|-sideend|p1: callmehavoc|move: Tailwind\n|upkeep\n|turn|13\n|\n|t:|1776328246\n|move|p2a: Whimsicott|Helping Hand|p2b: Charizard\n|-singleturn|p2b: Charizard|Helping Hand|[of] p2a: Whimsicott\n|move|p2b: Charizard|Solar Beam||[still]\n|-prepare|p2b: Charizard|Solar Beam\n|-anim|p2b: Charizard|Solar Beam|p1b: Toxapex\n|-damage|p1b: Toxapex|49/100\n|move|p1b: Toxapex|Muddy Water|p2b: Charizard|[spread] p2a,p2b\n|-resisted|p2a: Whimsicott|1\n|-supereffective|p2b: Charizard|1\n|-damage|p2a: Whimsicott|43/100\n|-damage|p2b: Charizard|2/100\n|-unboost|p2b: Charizard|accuracy|1\n|\n|-weather|SunnyDay|[upkeep]\n|-heal|p1b: Toxapex|55/100|[from] item: Leftovers\n|-sideend|p2: Manwhatamidoing|move: Tailwind\n|upkeep\n|turn|14\n|\n|t:|1776328269\n|move|p2a: Whimsicott|Helping Hand|p2b: Charizard\n|-singleturn|p2b: Charizard|Helping Hand|[of] p2a: Whimsicott\n|move|p2b: Charizard|Solar Beam||[still]\n|-prepare|p2b: Charizard|Solar Beam\n|-anim|p2b: Charizard|Solar Beam|p1b: Toxapex|[miss]\n|-miss|p2b: Charizard|p1b: Toxapex\n|move|p1b: Toxapex|Muddy Water|p2b: Charizard|[spread] p2a,p2b\n|-resisted|p2a: Whimsicott|1\n|-supereffective|p2b: Charizard|1\n|-damage|p2a: Whimsicott|41/100\n|-damage|p2b: Charizard|0 fnt\n|-unboost|p2a: Whimsicott|accuracy|1\n|faint|p2b: Charizard\n|\n|-weather|SunnyDay|[upkeep]\n|-heal|p1b: Toxapex|60/100|[from] item: Leftovers\n|upkeep\n|\n|t:|1776328282\n|switch|p2b: Incineroar|Incineroar, L50, M|18/100 psn\n|-ability|p2b: Incineroar|Intimidate|boost\n|-unboost|p1b: Toxapex|atk|1\n|turn|15\n|\n|t:|1776328305\n|move|p2b: Incineroar|Fake Out|p1b: Toxapex\n|-damage|p1b: Toxapex|52/100\n|move|p2a: Whimsicott|Moonblast|p1b: Toxapex|[miss]\n|-miss|p2a: Whimsicott|p1b: Toxapex\n|cant|p1b: Toxapex|flinch\n|\n|-weather|SunnyDay|[upkeep]\n|-heal|p1b: Toxapex|58/100|[from] item: Leftovers\n|-damage|p2b: Incineroar|6/100 psn|[from] psn\n|upkeep\n|turn|16\n|\n|t:|1776328326\n|move|p2a: Whimsicott|Encore|p1b: Toxapex\n|-start|p1b: Toxapex|Encore\n|move|p2b: Incineroar|Parting Shot|p1b: Toxapex\n|-unboost|p1b: Toxapex|atk|1\n|-unboost|p1b: Toxapex|spa|1\n|move|p1b: Toxapex|Muddy Water|p2a: Whimsicott|[spread] p2a,p2b\n|-resisted|p2a: Whimsicott|1\n|-supereffective|p2b: Incineroar|1\n|-damage|p2a: Whimsicott|39/100\n|-damage|p2b: Incineroar|2/100 psn\n|\n|-weather|none\n|-heal|p1b: Toxapex|64/100|[from] item: Leftovers\n|-damage|p2b: Incineroar|0 fnt|[from] psn\n|faint|p2b: Incineroar\n|upkeep\n|turn|17\n|\n|t:|1776328343\n|move|p2a: Whimsicott|Moonblast|p1b: Toxapex\n|-resisted|p1b: Toxapex|1\n|-damage|p1b: Toxapex|53/100\n|move|p1b: Toxapex|Muddy Water|p2a: Whimsicott\n|-resisted|p2a: Whimsicott|1\n|-damage|p2a: Whimsicott|33/100\n|\n|-heal|p1b: Toxapex|59/100|[from] item: Leftovers\n|upkeep\n|turn|18\n|\n|t:|1776328355\n|move|p2a: Whimsicott|Moonblast|p1b: Toxapex\n|-resisted|p1b: Toxapex|1\n|-damage|p1b: Toxapex|50/100\n|move|p1b: Toxapex|Muddy Water|p2a: Whimsicott|[miss]\n|-miss|p1b: Toxapex|p2a: Whimsicott\n|\n|-heal|p1b: Toxapex|55/100|[from] item: Leftovers\n|-end|p1b: Toxapex|Encore\n|upkeep\n|turn|19\n|inactive|Manwhatamidoing has 30 seconds left.\n|\n|t:|1776328366\n|move|p2a: Whimsicott|Encore|p1b: Toxapex|[miss]\n|-miss|p2a: Whimsicott|p1b: Toxapex\n|move|p1b: Toxapex|Venoshock|p2a: Whimsicott\n|-supereffective|p2a: Whimsicott|2\n|-damage|p2a: Whimsicott|2/100\n|\n|-heal|p1b: Toxapex|61/100|[from] item: Leftovers\n|upkeep\n|turn|20\n|inactive|Manwhatamidoing has 30 seconds left this turn.\n|-message|Manwhatamidoing forfeited.\n|\n|win|callmehavoc\n|raw|callmehavoc's rating: 1059 &rarr; <strong>1096</strong><br />(+37 for winning)\n|raw|Manwhatamidoing's rating: 1121 &rarr; <strong>1092</strong><br />(-29 for losing)\n",
  "uploadtime": 1776328374,
  "views": 22,
  "formatid": "gen9championsvgc2026regma",
  "rating": 1092,
  "private": 0,
  "password": null
}