{
  "id": "gen9championsvgc2026regma-2584671362",
  "format": "[Gen 9 Champions] VGC 2026 Reg M-A",
  "players": [
    "miyagi is waifu",
    "ChronicNikos"
  ],
  "log": "|j|\u2606miyagi is waifu\n|j|\u2606ChronicNikos\n|t:|1776275783\n|gametype|doubles\n|player|p1|miyagi is waifu|101|1285\n|player|p2|ChronicNikos|cynthia-gen4|1308\n|gen|9\n|tier|[Gen 9 Champions] VGC 2026 Reg M-A\n|rated|\n|rule|Species Clause: Limit one of each Pok\u00e9mon\n|rule|Item Clause: Limit 1 of each item\n|clearpoke\n|poke|p1|Incineroar, L50, M|\n|poke|p1|Gengar, L50, F|\n|poke|p1|Sinistcha, L50|\n|poke|p1|Kingambit, L50, M|\n|poke|p1|Tyranitar, L50, F|\n|poke|p1|Kommo-o, L50, F|\n|poke|p2|Gengar, L50, F|\n|poke|p2|Incineroar, L50, M|\n|poke|p2|Politoed, L50, M|\n|poke|p2|Archaludon, L50, F|\n|poke|p2|Basculegion, L50, M|\n|poke|p2|Meganium, L50, M|\n|teampreview|4\nChronicNikos rejected open team sheets.\n|inactive|Battle timer is ON: inactive players will automatically lose when time's up. (requested by miyagi is waifu)\n|\n|t:|1776275819\n|teamsize|p1|4\n|teamsize|p2|4\n|start\n|switch|p1a: Incineroar|Incineroar, L50, M|100/100\n|switch|p1b: Gengar|Gengar, L50, F|100/100\n|switch|p2a: Meganium|Meganium, L50, M|100/100\n|switch|p2b: Stephen|Basculegion, L50, M|100/100\n|-ability|p1a: Incineroar|Intimidate|boost\n|-unboost|p2a: Meganium|atk|1\n|-unboost|p2b: Stephen|atk|1\n|turn|1\n|inactive|ChronicNikos has 30 seconds left.\n|\n|t:|1776275847\n|switch|p2a: Rosey|Politoed, L50, M|100/100\n|-weather|RainDance|[from] ability: Drizzle|[of] p2a: Rosey\n|detailschange|p1b: Gengar|Gengar-Mega, L50, F\n|-mega|p1b: Gengar|Gengar|Gengarite\n|move|p1a: Incineroar|Fake Out|p2a: Rosey\n|-damage|p2a: Rosey|88/100\n|move|p2b: Stephen|Flip Turn|p1b: Gengar\n|-damage|p1b: Gengar|59/100\n|\n|t:|1776275871\n|switch|p2b: Meganium|Meganium, L50, M|100/100|[from] Flip Turn\n|move|p1b: Gengar|Shadow Ball|p2b: Meganium\n|-damage|p2b: Meganium|56/100\n|\n|-weather|RainDance|[upkeep]\n|-heal|p2a: Rosey|94/100|[from] item: Leftovers\n|upkeep\n|turn|2\n|inactive|ChronicNikos has 30 seconds left.\n|inactive|miyagi is waifu has 30 seconds left.\n|\n|t:|1776275905\n|switch|p1a: Tyranitar|Tyranitar, L50, F|100/100\n|-weather|Sandstorm|[from] ability: Sand Stream|[of] p1a: Tyranitar\n|detailschange|p2b: Meganium|Meganium-Mega, L50, M\n|-mega|p2b: Meganium|Meganium|Meganiumite\n|move|p1b: Gengar|Protect|p1b: Gengar\n|-singleturn|p1b: Gengar|Protect\n|move|p2b: Meganium|Solar Beam||[still]\n|-prepare|p2b: Meganium|Solar Beam\n|-activate|p2b: Meganium|ability: Mega Sol\n|-anim|p2b: Meganium|Solar Beam|p1a: Tyranitar\n|-supereffective|p1a: Tyranitar|1\n|-damage|p1a: Tyranitar|0 fnt\n|faint|p1a: Tyranitar\n|move|p2a: Rosey|Weather Ball|p1b: Gengar\n|-activate|p1b: Gengar|move: Protect\n|\n|-weather|Sandstorm|[upkeep]\n|-damage|p1b: Gengar|53/100|[from] Sandstorm\n|-damage|p2b: Meganium|50/100|[from] Sandstorm\n|-damage|p2a: Rosey|88/100|[from] Sandstorm\n|-heal|p2a: Rosey|94/100|[from] item: Leftovers\n|upkeep\n|\n|t:|1776275923\n|switch|p1a: Sinistcha|Sinistcha, L50|100/100\n|-heal|p1b: Gengar|77/100|[from] ability: Hospitality|[of] p1a: Sinistcha\n|turn|3\n|inactive|ChronicNikos has 30 seconds left.\n|inactive|ChronicNikos has 20 seconds left.\n|inactive|ChronicNikos has 15 seconds left.\n|inactive|ChronicNikos has 10 seconds left.\n|\n|t:|1776275972\n|move|p2b: Meganium|Protect|p2b: Meganium\n|-singleturn|p2b: Meganium|Protect\n|move|p1b: Gengar|Shadow Ball|p2b: Meganium\n|-activate|p2b: Meganium|move: Protect\n|move|p2a: Rosey|Perish Song|p2a: Rosey\n|-start|p1a: Sinistcha|perish3|[silent]\n|-start|p1b: Gengar|perish3|[silent]\n|-start|p2a: Rosey|perish3|[silent]\n|-start|p2b: Meganium|perish3|[silent]\n|-fieldactivate|move: Perish Song\n|move|p1a: Sinistcha|Matcha Gotcha|p2a: Rosey|[spread] p2a\n|-activate|p2b: Meganium|move: Protect\n|-supereffective|p2a: Rosey|1\n|-damage|p2a: Rosey|57/100\n|\n|-weather|Sandstorm|[upkeep]\n|-damage|p1b: Gengar|71/100|[from] Sandstorm\n|-damage|p2b: Meganium|44/100|[from] Sandstorm\n|-damage|p1a: Sinistcha|94/100|[from] Sandstorm\n|-damage|p2a: Rosey|51/100|[from] Sandstorm\n|-heal|p2a: Rosey|57/100|[from] item: Leftovers\n|-start|p1b: Gengar|perish3\n|-start|p2b: Meganium|perish3\n|-start|p1a: Sinistcha|perish3\n|-start|p2a: Rosey|perish3\n|upkeep\n|turn|4\n|inactive|ChronicNikos has 30 seconds left.\n|inactive|ChronicNikos has 20 seconds left.\n|inactive|ChronicNikos has 15 seconds left.\n|inactive|ChronicNikos has 10 seconds left.\n|inactive|miyagi is waifu has 30 seconds left.\n|inactive|miyagi is waifu has 20 seconds left.\n|inactive|miyagi is waifu has 15 seconds left.\n|\n|t:|1776276043\n|move|p1b: Gengar|Shadow Ball|p2b: Meganium\n|-damage|p2b: Meganium|2/100\n|-unboost|p2b: Meganium|spd|1\n|move|p2b: Meganium|Weather Ball|p1a: Sinistcha\n|-supereffective|p1a: Sinistcha|1\n|-damage|p1a: Sinistcha|0 fnt\n|faint|p1a: Sinistcha\n|move|p2a: Rosey|Weather Ball|p1b: Gengar\n|-damage|p1b: Gengar|47/100\n|\n|-weather|Sandstorm|[upkeep]\n|-damage|p1b: Gengar|41/100|[from] Sandstorm\n|-damage|p2b: Meganium|0 fnt|[from] Sandstorm\n|-damage|p2a: Rosey|51/100|[from] Sandstorm\n|faint|p2b: Meganium\n|-heal|p2a: Rosey|57/100|[from] item: Leftovers\n|-start|p1b: Gengar|perish2\n|-start|p2a: Rosey|perish2\n|upkeep\n|inactive|ChronicNikos has 30 seconds left.\n|\n|t:|1776276075\n|switch|p2b: Kathleen|Archaludon, L50, F|100/100\n|switch|p1a: Incineroar|Incineroar, L50, M|100/100\n|-ability|p1a: Incineroar|Intimidate|boost\n|-unboost|p2a: Rosey|atk|1\n|-unboost|p2b: Kathleen|atk|1\n|turn|5\n|inactive|ChronicNikos has 30 seconds left.\n|\n|t:|1776276101\n|move|p2b: Kathleen|Protect|p2b: Kathleen\n|-singleturn|p2b: Kathleen|Protect\n|move|p2a: Rosey|Protect|p2a: Rosey\n|-singleturn|p2a: Rosey|Protect\n|move|p1a: Incineroar|Fake Out|p2b: Kathleen\n|-activate|p2b: Kathleen|move: Protect\n|move|p1b: Gengar|Shadow Ball|p2a: Rosey\n|-activate|p2a: Rosey|move: Protect\n|\n|-weather|Sandstorm|[upkeep]\n|-damage|p1b: Gengar|35/100|[from] Sandstorm\n|-damage|p2a: Rosey|51/100|[from] Sandstorm\n|-damage|p1a: Incineroar|95/100|[from] Sandstorm\n|-heal|p2a: Rosey|57/100|[from] item: Leftovers\n|-start|p1b: Gengar|perish1\n|-start|p2a: Rosey|perish1\n|upkeep\n|turn|6\n|\n|t:|1776276124\n|move|p1b: Gengar|Perish Song|p1b: Gengar\n|-start|p1a: Incineroar|perish3|[silent]\n|-start|p2b: Kathleen|perish3|[silent]\n|-fieldactivate|move: Perish Song\n|move|p2b: Kathleen|Draco Meteor|p1a: Incineroar\n|-damage|p1a: Incineroar|39/100\n|-unboost|p2b: Kathleen|spa|2\n|move|p2a: Rosey|Weather Ball|p1a: Incineroar\n|-supereffective|p1a: Incineroar|1\n|-damage|p1a: Incineroar|7/100\n|move|p1a: Incineroar|Parting Shot|p2b: Kathleen\n|-unboost|p2b: Kathleen|atk|1\n|-unboost|p2b: Kathleen|spa|1\n|\n|-weather|none\n|-heal|p2a: Rosey|63/100|[from] item: Leftovers\n|-start|p1b: Gengar|perish0\n|-start|p2b: Kathleen|perish3\n|faint|p1b: Gengar\n|-start|p2a: Rosey|perish0\n|-start|p1a: Incineroar|perish3\n|faint|p2a: Rosey\n|upkeep\n|-message|miyagi is waifu forfeited.\n|\n|win|ChronicNikos\n|raw|miyagi is waifu's rating: 1285 &rarr; <strong>1262</strong><br />(-23 for losing)\n|raw|ChronicNikos's rating: 1308 &rarr; <strong>1327</strong><br />(+19 for winning)\n",
  "uploadtime": 1776276144,
  "views": 31,
  "formatid": "gen9championsvgc2026regma",
  "rating": 1262,
  "private": 0,
  "password": null
}