{
  "id": "gen9championsvgc2026regma-2581121196",
  "format": "[Gen 9 Champions] VGC 2026 Reg M-A",
  "players": [
    "Revientatops03",
    "nautika06"
  ],
  "log": "|j|\u2606Revientatops03\n|j|\u2606nautika06\n|t:|1775961898\n|gametype|doubles\n|player|p1|Revientatops03|169|1067\n|player|p2|nautika06|dancer|1000\n|gen|9\n|tier|[Gen 9 Champions] VGC 2026 Reg M-A\n|rated|\n|rule|Species Clause: Limit one of each Pok\u00e9mon\n|rule|Item Clause: Limit 1 of each item\n|clearpoke\n|poke|p1|Greninja-*, L50, F|\n|poke|p1|Pelipper, L50, F|\n|poke|p1|Sneasler, L50, F|\n|poke|p1|Archaludon, L50, F|\n|poke|p1|Basculegion, L50, M|\n|poke|p1|Espathra, L50, F|\n|poke|p2|Floette-Eternal, L50, F|\n|poke|p2|Maushold, L50|\n|poke|p2|Talonflame, L50, M|\n|poke|p2|Garchomp, L50, F|\n|poke|p2|Rotom-Wash, L50|\n|poke|p2|Aegislash, L50, M|\n|teampreview|4\n|inactive|Battle timer is ON: inactive players will automatically lose when time's up. (requested by nautika06)\n|inactive|Revientatops03 has 60 seconds left.\n|\n|t:|1775961978\n|teamsize|p1|4\n|teamsize|p2|4\n|start\n|switch|p1a: Babosa|Greninja, L50, F|100/100\n|switch|p1b: Lila|Sneasler, L50, F|100/100\n|switch|p2a: Maushold|Maushold, L50|100/100\n|switch|p2b: Aegislash|Aegislash, L50, M, shiny|100/100\n|turn|1\n|inactive|nautika06 has 30 seconds left.\n|\n|t:|1775962007\n|switch|p1a: Penelope|Pelipper, L50, F|100/100\n|-weather|RainDance|[from] ability: Drizzle|[of] p1a: Penelope\n|move|p2a: Maushold|Protect|p2a: Maushold\n|-singleturn|p2a: Maushold|Protect\n|move|p2b: Aegislash|King's Shield|p2b: Aegislash\n|-singleturn|p2b: Aegislash|Protect\n|move|p1b: Lila|Fake Out|p2a: Maushold\n|-activate|p2a: Maushold|move: Protect\n|\n|-weather|RainDance|[upkeep]\n|upkeep\n|turn|2\n|inactive|nautika06 has 30 seconds left.\n|inactive|nautika06 has 20 seconds left.\n|inactive|nautika06 has 15 seconds left.\n|\n|t:|1775962048\n|move|p1b: Lila|Close Combat|p2a: Maushold\n|-supereffective|p2a: Maushold|1\n|-enditem|p2a: Maushold|Focus Sash\n|-damage|p2a: Maushold|1/100\n|-unboost|p1b: Lila|def|1\n|-unboost|p1b: Lila|spd|1\n|-enditem|p1b: Lila|White Herb\n|-clearnegativeboost|p1b: Lila|[silent]\n|move|p2a: Maushold|Super Fang|p1a: Penelope\n|-damage|p1a: Penelope|51/100\n|move|p1a: Penelope|Tailwind|p1a: Penelope\n|-sidestart|p1: Revientatops03|move: Tailwind\n|-formechange|p2b: Aegislash|Aegislash-Blade|\n|move|p2b: Aegislash|Poltergeist|p1a: Penelope\n|-activate|p1a: Penelope|move: Poltergeist|Focus Sash\n|-damage|p1a: Penelope|0 fnt\n|faint|p1a: Penelope\n|\n|-weather|RainDance|[upkeep]\n|upkeep\n|\n|t:|1775962069\n|switch|p1a: Babosa|Greninja, L50, F|100/100\n|turn|3\n|inactive|Revientatops03 has 30 seconds left.\n|inactive|Revientatops03 has 20 seconds left.\n|\n|t:|1775962105\n|switch|p1b: YesKING|Archaludon, L50, F|100/100\n|switch|p2a: Rotom|Rotom-Wash, L50|100/100\n|detailschange|p1a: Babosa|Greninja-Mega, L50, F\n|-mega|p1a: Babosa|Greninja|Greninjite\n|move|p1a: Babosa|Sludge Wave|p2b: Aegislash|[spread] p2a\n|-start|p1a: Babosa|typechange|Poison|[from] ability: Protean\n|-immune|p1b: YesKING\n|-immune|p2b: Aegislash\n|-crit|p2a: Rotom\n|-damage|p2a: Rotom|37/100\n|move|p2b: Aegislash|Sacred Sword|p1a: Babosa\n|-resisted|p1a: Babosa|1\n|-damage|p1a: Babosa|73/100\n|\n|-weather|RainDance|[upkeep]\n|-heal|p2a: Rotom|43/100|[from] item: Leftovers\n|upkeep\n|turn|4\n|inactive|Revientatops03 has 30 seconds left.\n|inactive|nautika06 has 30 seconds left.\n|\n|t:|1775962140\n|move|p1a: Babosa|Dark Pulse|p2b: Aegislash\n|-supereffective|p2b: Aegislash|1\n|-damage|p2b: Aegislash|3/100\n|move|p1b: YesKING|Electro Shot||[still]\n|-prepare|p1b: YesKING|Electro Shot\n|-boost|p1b: YesKING|spa|1\n|-anim|p1b: YesKING|Electro Shot|p2a: Rotom\n|-damage|p2a: Rotom|0 fnt\n|faint|p2a: Rotom\n|move|p2b: Aegislash|Poltergeist|p1a: Babosa\n|-activate|p1a: Babosa|move: Poltergeist|Greninjite\n|-damage|p1a: Babosa|0 fnt\n|faint|p1a: Babosa\n|\n|-weather|RainDance|[upkeep]\n|upkeep\n|\n|t:|1775962163\n|switch|p1a: Lila|Sneasler, L50, F|100/100\n|switch|p2a: Maushold|Maushold, L50|1/100\n|turn|5\n|\n|t:|1775962184\n|move|p2a: Maushold|Protect|p2a: Maushold\n|-singleturn|p2a: Maushold|Protect\n|-formechange|p2b: Aegislash|Aegislash|\n|move|p2b: Aegislash|King's Shield|p2b: Aegislash\n|-singleturn|p2b: Aegislash|Protect\n|move|p1a: Lila|Fake Out|p2a: Maushold\n|-activate|p2a: Maushold|move: Protect\n|move|p1b: YesKING|Electro Shot||[still]\n|-prepare|p1b: YesKING|Electro Shot\n|-boost|p1b: YesKING|spa|1\n|-anim|p1b: YesKING|Electro Shot|p2b: Aegislash\n|-activate|p2b: Aegislash|move: Protect\n|\n|-weather|none\n|-sideend|p1: Revientatops03|move: Tailwind\n|upkeep\n|turn|6\n|\n|t:|1775962208\n|move|p2a: Maushold|Follow Me|p2a: Maushold\n|-singleturn|p2a: Maushold|move: Follow Me\n|move|p1a: Lila|Dire Claw|p2a: Maushold\n|-damage|p2a: Maushold|0 fnt\n|faint|p2a: Maushold\n|move|p1b: YesKING|Electro Shot||[still]\n|-prepare|p1b: YesKING|Electro Shot\n|-boost|p1b: YesKING|spa|1\n|-formechange|p2b: Aegislash|Aegislash-Blade|\n|move|p2b: Aegislash|Sacred Sword|p1b: YesKING\n|-supereffective|p1b: YesKING|1\n|-crit|p1b: YesKING\n|-damage|p1b: YesKING|17/100\n|-ability|p1b: YesKING|Stamina|boost\n|-boost|p1b: YesKING|def|1\n|\n|-heal|p1b: YesKING|23/100|[from] item: Leftovers\n|upkeep\n|\n|t:|1775962225\n|switch|p2a: Floette|Floette-Eternal, L50, F|100/100\n|turn|7\n|\n|t:|1775962245\n|detailschange|p2a: Floette|Floette-Mega, L50, F\n|-mega|p2a: Floette|Floette|Floettite\n|-ability|p2a: Floette|Fairy Aura\n|move|p1a: Lila|Dire Claw|p2a: Floette\n|-supereffective|p2a: Floette|1\n|-damage|p2a: Floette|3/100\n|-status|p2a: Floette|psn\n|move|p2a: Floette|Dazzling Gleam|p1a: Lila|[spread] p1a,p1b\n|-damage|p1a: Lila|23/100\n|-damage|p1b: YesKING|0 fnt\n|faint|p1b: YesKING\n|move|p2b: Aegislash|Poltergeist||[still]\n|-fail|p2b: Aegislash\n|\n|-damage|p2a: Floette|0 fnt|[from] psn\n|faint|p2a: Floette\n|upkeep\n|turn|8\n|\n|t:|1775962264\n|move|p1a: Lila|Dire Claw|p2b: Aegislash\n|-immune|p2b: Aegislash\n|move|p2b: Aegislash|Iron Head|p1a: Lila\n|-damage|p1a: Lila|0 fnt\n|faint|p1a: Lila\n|\n|win|nautika06\n|raw|Revientatops03's rating: 1067 &rarr; <strong>1043</strong><br />(-24 for losing)\n|raw|nautika06's rating: 1000 &rarr; <strong>1048</strong><br />(+48 for winning)\n|l|\u2606Revientatops03\n|player|p1|\n",
  "uploadtime": 1775962281,
  "views": 14,
  "formatid": "gen9championsvgc2026regma",
  "rating": 1043,
  "private": 0,
  "password": null
}