{
  "id": "gen9championsvgc2026regma-2586971101",
  "format": "[Gen 9 Champions] VGC 2026 Reg M-A",
  "players": [
    "Xhdhshsgsgs",
    "Lessa_ped"
  ],
  "log": "|j|\u2606Xhdhshsgsgs\n|j|\u2606Lessa_ped\n|t:|1776476918\n|gametype|doubles\n|player|p1|Xhdhshsgsgs|266|1000\n|player|p2|Lessa_ped|n|1055\n|gen|9\n|tier|[Gen 9 Champions] VGC 2026 Reg M-A\n|rated|\n|rule|Species Clause: Limit one of each Pok\u00e9mon\n|rule|Item Clause: Limit 1 of each item\n|clearpoke\n|poke|p1|Charizard, L50, M|\n|poke|p1|Whimsicott, L50, F|\n|poke|p1|Sylveon, L50, F|\n|poke|p1|Diggersby, L50, M|\n|poke|p1|Espathra, L50, F|\n|poke|p1|Incineroar, L50, M|\n|poke|p2|Archaludon, L50, M|\n|poke|p2|Pelipper, L50, F|\n|poke|p2|Sneasler, L50, F|\n|poke|p2|Incineroar, L50, F|\n|poke|p2|Basculegion, L50, M|\n|poke|p2|Meganium, L50, M|\n|teampreview|4\n|inactive|Battle timer is ON: inactive players will automatically lose when time's up. (requested by Xhdhshsgsgs)\n|\n|t:|1776476979\n|teamsize|p1|4\n|teamsize|p2|4\n|start\n|switch|p1a: Diggersby|Diggersby, L50, M, shiny|100/100\n|switch|p1b: Whimsicott|Whimsicott, L50, F|100/100\n|switch|p2a: Sneasler|Sneasler, L50, F, shiny|100/100\n|switch|p2b: Pelipper|Pelipper, L50, F, shiny|100/100\n|-weather|RainDance|[from] ability: Drizzle|[of] p2b: Pelipper\n|turn|1\n|\n|t:|1776476997\n|move|p2a: Sneasler|Fake Out|p1b: Whimsicott\n|-damage|p1b: Whimsicott|76/100\n|cant|p1b: Whimsicott|flinch\n|move|p1a: Diggersby|High Horsepower|p2a: Sneasler\n|-supereffective|p2a: Sneasler|1\n|-damage|p2a: Sneasler|0 fnt\n|faint|p2a: Sneasler\n|move|p2b: Pelipper|Tailwind|p2b: Pelipper\n|-sidestart|p2: Lessa_ped|move: Tailwind\n|\n|-weather|RainDance|[upkeep]\n|upkeep\n|\n|t:|1776477009\n|switch|p2a: Basculegion|Basculegion, L50, M, shiny|100/100\n|turn|2\n|\n|t:|1776477027\n|move|p1b: Whimsicott|Encore|p2b: Pelipper\n|-start|p2b: Pelipper|Encore\n|move|p2a: Basculegion|Wave Crash|p1a: Diggersby\n|-supereffective|p1a: Diggersby|1\n|-damage|p1a: Diggersby|0 fnt\n|faint|p1a: Diggersby\n|-damage|p2a: Basculegion|74/100|[from] Recoil\n|move|p2b: Pelipper|Tailwind||[still]\n|-fail|p2b: Pelipper\n|\n|-weather|RainDance|[upkeep]\n|upkeep\n|\n|t:|1776477039\n|switch|p1a: Charizard|Charizard, L50, M|100/100\n|turn|3\n|\n|t:|1776477062\n|switch|p2b: Archaludon|Archaludon, L50, M, shiny|100/100\n|detailschange|p1a: Charizard|Charizard-Mega-Y, L50, M\n|-mega|p1a: Charizard|Charizard|Charizardite Y\n|-weather|SunnyDay|[from] ability: Drought|[of] p1a: Charizard\n|move|p2a: Basculegion|Protect|p2a: Basculegion\n|-singleturn|p2a: Basculegion|Protect\n|move|p1b: Whimsicott|Tailwind|p1b: Whimsicott\n|-sidestart|p1: Xhdhshsgsgs|move: Tailwind\n|move|p1a: Charizard|Solar Beam||[still]\n|-prepare|p1a: Charizard|Solar Beam\n|-anim|p1a: Charizard|Solar Beam|p2a: Basculegion\n|-activate|p2a: Basculegion|move: Protect\n|\n|-weather|SunnyDay|[upkeep]\n|upkeep\n|turn|4\n|inactive|Xhdhshsgsgs has 30 seconds left.\n|\n|t:|1776477092\n|switch|p1a: Incineroar|Incineroar, L50, M|100/100\n|-ability|p1a: Incineroar|Intimidate|boost\n|-unboost|p2a: Basculegion|atk|1\n|-unboost|p2b: Archaludon|atk|1\n|switch|p2b: Pelipper|Pelipper, L50, F, shiny|100/100\n|-weather|RainDance|[from] ability: Drizzle|[of] p2b: Pelipper\n|move|p1b: Whimsicott|Encore|p2a: Basculegion\n|-start|p2a: Basculegion|Encore\n|move|p2a: Basculegion|Protect||[still]\n|-fail|p2a: Basculegion\n|\n|-weather|RainDance|[upkeep]\n|-sideend|p2: Lessa_ped|move: Tailwind\n|upkeep\n|turn|5\n|\n|t:|1776477115\n|switch|p2a: Archaludon|Archaludon, L50, M, shiny|100/100\n|move|p1a: Incineroar|Fake Out|p2b: Pelipper\n|-damage|p2b: Pelipper|84/100\n|move|p1b: Whimsicott|Moonblast|p2a: Archaludon\n|-damage|p2a: Archaludon|68/100\n|-unboost|p2a: Archaludon|spa|1\n|-ability|p2a: Archaludon|Stamina|boost\n|-boost|p2a: Archaludon|def|1\n|cant|p2b: Pelipper|flinch\n|\n|-weather|RainDance|[upkeep]\n|-heal|p2a: Archaludon|74/100|[from] item: Leftovers\n|upkeep\n|turn|6\n|\n|t:|1776477140\n|move|p1b: Whimsicott|Moonblast|p2a: Archaludon\n|-crit|p2a: Archaludon\n|-damage|p2a: Archaludon|27/100\n|-ability|p2a: Archaludon|Stamina|boost\n|-boost|p2a: Archaludon|def|1\n|move|p1a: Incineroar|Darkest Lariat|p2a: Archaludon\n|-damage|p2a: Archaludon|0 fnt\n|faint|p2a: Archaludon\n|move|p2b: Pelipper|Hurricane|p1b: Whimsicott\n|-supereffective|p1b: Whimsicott|1\n|-damage|p1b: Whimsicott|0 fnt\n|faint|p1b: Whimsicott\n|\n|-weather|RainDance|[upkeep]\n|-sideend|p1: Xhdhshsgsgs|move: Tailwind\n|upkeep\n|\n|t:|1776477154\n|switch|p1b: Charizard|Charizard-Mega-Y, L50, M|100/100\n|switch|p2a: Basculegion|Basculegion, L50, M, shiny|74/100\n|-weather|SunnyDay|[from] ability: Drought|[of] p1b: Charizard\n|turn|7\n|\n|t:|1776477169\n|move|p1b: Charizard|Heat Wave|p2a: Basculegion|[spread] p2a,p2b\n|-resisted|p2a: Basculegion|1\n|-resisted|p2b: Pelipper|1\n|-damage|p2a: Basculegion|36/100\n|-damage|p2b: Pelipper|23/100\n|move|p2a: Basculegion|Wave Crash|p1b: Charizard\n|-supereffective|p1b: Charizard|1\n|-damage|p1b: Charizard|0 fnt\n|faint|p1b: Charizard\n|-damage|p2a: Basculegion|10/100|[from] Recoil\n|move|p2b: Pelipper|Hurricane|p1a: Incineroar|[miss]\n|-miss|p2b: Pelipper|p1a: Incineroar\n|move|p1a: Incineroar|Darkest Lariat|p2a: Basculegion\n|-supereffective|p2a: Basculegion|1\n|-damage|p2a: Basculegion|0 fnt\n|faint|p2a: Basculegion\n|\n|-weather|SunnyDay|[upkeep]\n|upkeep\n|turn|8\n|\n|t:|1776477183\n|move|p2b: Pelipper|Hurricane|p1a: Incineroar|[miss]\n|-miss|p2b: Pelipper|p1a: Incineroar\n|move|p1a: Incineroar|Flare Blitz|p2b: Pelipper\n|-resisted|p2b: Pelipper|1\n|-damage|p2b: Pelipper|0 fnt\n|faint|p2b: Pelipper\n|-damage|p1a: Incineroar|95/100|[from] Recoil\n|\n|win|Xhdhshsgsgs\n|raw|Xhdhshsgsgs's rating: 1000 &rarr; <strong>1046</strong><br />(+46 for winning)\n|raw|Lessa_ped's rating: 1055 &rarr; <strong>1034</strong><br />(-21 for losing)\n|l|\u2606Xhdhshsgsgs\n|player|p1|\n",
  "uploadtime": 1776477187,
  "views": 26,
  "formatid": "gen9championsvgc2026regma",
  "rating": 1034,
  "private": 0,
  "password": null
}