{
  "id": "gen9championsvgc2026regma-2582114518",
  "format": "[Gen 9 Champions] VGC 2026 Reg M-A",
  "players": [
    "Cookiecrumble123",
    "Cadailan"
  ],
  "log": "|j|\u2606Cookiecrumble123\n|j|\u2606Cadailan\n|t:|1776059741\n|gametype|doubles\n|player|p1|Cookiecrumble123|101|1091\n|player|p2|Cadailan|cheren-gen5bw2|1000\n|gen|9\n|tier|[Gen 9 Champions] VGC 2026 Reg M-A\n|rated|\n|rule|Species Clause: Limit one of each Pok\u00e9mon\n|rule|Item Clause: Limit 1 of each item\n|clearpoke\n|poke|p1|Aromatisse, L50, M|\n|poke|p1|Aegislash, L50, F|\n|poke|p1|Incineroar, L50, M|\n|poke|p1|Slowking-Galar, L50, F|\n|poke|p1|Scizor, L50, F|\n|poke|p1|Ampharos, L50, F|\n|poke|p2|Aegislash, L50, M|\n|poke|p2|Hatterene, L50, F|\n|poke|p2|Farigiraf, L50, M|\n|poke|p2|Sneasler, L50, F|\n|poke|p2|Sinistcha, L50|\n|poke|p2|Tyranitar, L50, F|\n|teampreview|4\n|inactive|Battle timer is ON: inactive players will automatically lose when time's up. (requested by Cookiecrumble123)\n|\n|t:|1776059766\n|teamsize|p1|4\n|teamsize|p2|4\n|start\n|switch|p1a: Scizor|Scizor, L50, F|100/100\n|switch|p1b: Aromatisse|Aromatisse, L50, M|100/100\n|switch|p2a: Giraffe|Farigiraf, L50, M|100/100\n|switch|p2b: Azalea|Sneasler, L50, F|100/100\n|-ability|p2b: Azalea|Pressure\n|turn|1\n|inactive|Cadailan has 30 seconds left.\n|inactive|Cadailan has 20 seconds left.\n|inactive|Cadailan has 15 seconds left.\n|\n|t:|1776059809\n|switch|p1b: Aegislash|Aegislash, L50, F|100/100\n|move|p2b: Azalea|Close Combat|p1a: Scizor\n|-damage|p1a: Scizor|35/100\n|-unboost|p2b: Azalea|def|1\n|-unboost|p2b: Azalea|spd|1\n|move|p2a: Giraffe|Hyper Voice|p1b: Aegislash|[spread] p1a\n|-immune|p1b: Aegislash\n|-resisted|p1a: Scizor|1\n|-damage|p1a: Scizor|19/100\n|move|p1a: Scizor|Swords Dance|p1a: Scizor\n|-boost|p1a: Scizor|atk|2\n|\n|upkeep\n|turn|2\n|inactive|Cadailan has 30 seconds left.\n|inactive|Cadailan has 20 seconds left.\n|\n|t:|1776059844\n|move|p1b: Aegislash|Wide Guard|p1b: Aegislash\n|-singleturn|p1b: Aegislash|Wide Guard\n|move|p1a: Scizor|Bullet Punch||[still]\n|cant|p2a: Giraffe|ability: Armor Tail|Bullet Punch|[of] p1a: Scizor\n|move|p2b: Azalea|Close Combat|p1a: Scizor\n|-damage|p1a: Scizor|0 fnt\n|-unboost|p2b: Azalea|def|1\n|-unboost|p2b: Azalea|spd|1\n|faint|p1a: Scizor\n|move|p2a: Giraffe|Hyper Voice|p1b: Aegislash\n|-activate|p1b: Aegislash|move: Wide Guard\n|\n|upkeep\n|\n|t:|1776059854\n|switch|p1a: Aromatisse|Aromatisse, L50, M|100/100\n|turn|3\n|inactive|Cadailan has 30 seconds left.\n|\n|t:|1776059881\n|switch|p2a: Gozilla|Tyranitar, L50, F|100/100\n|-weather|Sandstorm|[from] ability: Sand Stream|[of] p2a: Gozilla\n|move|p1b: Aegislash|Wide Guard|p1b: Aegislash\n|-singleturn|p1b: Aegislash|Wide Guard\n|move|p2b: Azalea|Dire Claw|p1a: Aromatisse\n|-supereffective|p1a: Aromatisse|1\n|-damage|p1a: Aromatisse|2/100\n|move|p1a: Aromatisse|Trick Room|p1a: Aromatisse\n|-fieldstart|move: Trick Room|[of] p1a: Aromatisse\n|\n|-weather|Sandstorm|[upkeep]\n|-damage|p1a: Aromatisse|0 fnt|[from] Sandstorm\n|-damage|p2b: Azalea|95/100|[from] Sandstorm\n|faint|p1a: Aromatisse\n|upkeep\n|\n|t:|1776059891\n|switch|p1a: Ampharos|Ampharos, L50, F|100/100\n|turn|4\n|\n|t:|1776059907\n|detailschange|p1a: Ampharos|Ampharos-Mega, L50, F\n|-mega|p1a: Ampharos|Ampharos|Ampharosite\n|-ability|p1a: Ampharos|Mold Breaker\n|detailschange|p2a: Gozilla|Tyranitar-Mega, L50, F\n|-mega|p2a: Gozilla|Tyranitar|Tyranitarite\n|move|p1a: Ampharos|Focus Blast|p2a: Gozilla\n|-supereffective|p2a: Gozilla|2\n|-damage|p2a: Gozilla|2/100\n|-formechange|p1b: Aegislash|Aegislash-Blade|\n|move|p1b: Aegislash|Iron Head|p2b: Azalea\n|-damage|p2b: Azalea|0 fnt\n|faint|p2b: Azalea\n|move|p2a: Gozilla|Crunch|p1b: Aegislash\n|-supereffective|p1b: Aegislash|1\n|-damage|p1b: Aegislash|0 fnt\n|faint|p1b: Aegislash\n|\n|-weather|Sandstorm|[upkeep]\n|-damage|p1a: Ampharos|94/100|[from] Sandstorm\n|upkeep\n|\n|t:|1776059927\n|switch|p2b: Sinistcha|Sinistcha, L50|100/100\n|-heal|p2a: Gozilla|27/100|[from] ability: Hospitality|[of] p2b: Sinistcha\n|turn|5\n|\n|t:|1776059942\n|move|p2a: Gozilla|Protect|p2a: Gozilla\n|-singleturn|p2a: Gozilla|Protect\n|move|p1a: Ampharos|Dragon Pulse|p2a: Gozilla\n|-activate|p2a: Gozilla|move: Protect\n|move|p2b: Sinistcha|Matcha Gotcha|p1a: Ampharos\n|-resisted|p1a: Ampharos|1\n|-damage|p1a: Ampharos|73/100\n|\n|-weather|Sandstorm|[upkeep]\n|-damage|p1a: Ampharos|67/100|[from] Sandstorm\n|-damage|p2b: Sinistcha|94/100|[from] Sandstorm\n|upkeep\n|turn|6\n|\n|t:|1776059963\n|move|p2b: Sinistcha|Rage Powder|p2b: Sinistcha\n|-singleturn|p2b: Sinistcha|move: Rage Powder\n|move|p1a: Ampharos|Dragon Pulse|p2b: Sinistcha\n|-damage|p2b: Sinistcha|26/100\n|move|p2a: Gozilla|Crunch|p1a: Ampharos\n|-damage|p1a: Ampharos|21/100\n|\n|-weather|Sandstorm|[upkeep]\n|-damage|p1a: Ampharos|15/100|[from] Sandstorm\n|-damage|p2b: Sinistcha|20/100|[from] Sandstorm\n|upkeep\n|turn|7\n|inactive|Cadailan has 30 seconds left.\n|inactive|Cadailan has 20 seconds left.\n|\n|t:|1776060003\n|move|p2b: Sinistcha|Rage Powder|p2b: Sinistcha\n|-singleturn|p2b: Sinistcha|move: Rage Powder\n|move|p1a: Ampharos|Parabolic Charge|p2a: Gozilla|[spread] p2a,p2b\n|-resisted|p2b: Sinistcha|1\n|-damage|p2a: Gozilla|11/100\n|-heal|p1a: Ampharos|23/100|[from] drain|[of] p2a: Gozilla\n|-damage|p2b: Sinistcha|2/100\n|-heal|p1a: Ampharos|31/100|[from] drain|[of] p2b: Sinistcha\n|move|p2a: Gozilla|Crunch|p1a: Ampharos\n|-damage|p1a: Ampharos|0 fnt\n|faint|p1a: Ampharos\n|\n|win|Cadailan\n|raw|Cookiecrumble123's rating: 1091 &rarr; <strong>1061</strong><br />(-30 for losing)\n|raw|Cadailan's rating: 1000 &rarr; <strong>1050</strong><br />(+50 for winning)\n|l|\u2606Cookiecrumble123\n|player|p1|\n",
  "uploadtime": 1776060019,
  "views": 27,
  "formatid": "gen9championsvgc2026regma",
  "rating": 1050,
  "private": 0,
  "password": null
}