{
  "id": "gen9championsvgc2026regma-2584069828",
  "format": "[Gen 9 Champions] VGC 2026 Reg M-A",
  "players": [
    "Unpuzzled",
    "fuzzyshadow13"
  ],
  "log": "|j|\u2606Unpuzzled\n|j|\u2606fuzzyshadow13\n|t:|1776222072\n|gametype|doubles\n|player|p1|Unpuzzled|266|1046\n|player|p2|fuzzyshadow13|101|1058\n|gen|9\n|tier|[Gen 9 Champions] VGC 2026 Reg M-A\n|rated|\n|rule|Species Clause: Limit one of each Pok\u00e9mon\n|rule|Item Clause: Limit 1 of each item\n|clearpoke\n|poke|p1|Aerodactyl, L50, F|\n|poke|p1|Heracross, L50, M|\n|poke|p1|Archaludon, L50, M|\n|poke|p1|Gyarados, L50, F|\n|poke|p1|Sneasler, L50, M|\n|poke|p1|Typhlosion-Hisui, L50, F|\n|poke|p2|Hatterene, L50, F|\n|poke|p2|Maushold, L50|\n|poke|p2|Conkeldurr, L50, M|\n|poke|p2|Incineroar, L50, F|\n|poke|p2|Meowscarada, L50, M|\n|poke|p2|Banette, L50, F|\n|teampreview|4\n|inactive|Battle timer is ON: inactive players will automatically lose when time's up. (requested by fuzzyshadow13)\nUnpuzzled rejected open team sheets.\n|inactive|Unpuzzled has 60 seconds left.\n|inactive|Unpuzzled has 30 seconds left.\n|\n|t:|1776222194\n|teamsize|p1|4\n|teamsize|p2|4\n|start\n|switch|p1a: Aerodactyl|Aerodactyl, L50, F|100/100\n|switch|p1b: Sneasler|Sneasler, L50, M|100/100\n|switch|p2a: Meowscarada|Meowscarada, L50, M|100/100\n|switch|p2b: Maushold|Maushold, L50|100/100\n|-ability|p1a: Aerodactyl|Unnerve\n|-ability|p1b: Sneasler|Pressure\n|turn|1\n|inactive|Unpuzzled has 30 seconds left.\n|inactive|fuzzyshadow13 has 30 seconds left.\n|inactive|Unpuzzled has 20 seconds left.\n|inactive|fuzzyshadow13 has 20 seconds left.\n|inactive|Unpuzzled has 15 seconds left.\n|inactive|fuzzyshadow13 has 15 seconds left.\n|\n|t:|1776222237\n|switch|p2a: Incineroar|Incineroar, L50, F|100/100\n|-ability|p2a: Incineroar|Intimidate|boost\n|-unboost|p1a: Aerodactyl|atk|1\n|-unboost|p1b: Sneasler|atk|1\n|-enditem|p1b: Sneasler|White Herb\n|-clearnegativeboost|p1b: Sneasler|[silent]\n|move|p2b: Maushold|Protect|p2b: Maushold\n|-singleturn|p2b: Maushold|Protect\n|move|p1b: Sneasler|Fake Out|p2b: Maushold\n|-activate|p2b: Maushold|move: Protect\n|move|p1a: Aerodactyl|Tailwind|p1a: Aerodactyl\n|-sidestart|p1: Unpuzzled|move: Tailwind\n|\n|upkeep\n|turn|2\n|inactive|fuzzyshadow13 has 30 seconds left.\n|\n|t:|1776222270\n|switch|p2b: Banette|Banette, L50, F|100/100\n|-item|p1a: Aerodactyl|Focus Sash|[from] ability: Frisk|[of] p2b: Banette\n|move|p2a: Incineroar|Fake Out|p1a: Aerodactyl\n|-resisted|p1a: Aerodactyl|1\n|-damage|p1a: Aerodactyl|92/100\n|cant|p1a: Aerodactyl|flinch\n|move|p1b: Sneasler|Close Combat|p2b: Banette\n|-immune|p2b: Banette\n|\n|upkeep\n|turn|3\n|inactive|fuzzyshadow13 has 30 seconds left.\n|\n|t:|1776222298\n|switch|p1b: Gyarados|Gyarados, L50, F, shiny|100/100\n|-ability|p1b: Gyarados|Intimidate|boost\n|-unboost|p2a: Incineroar|atk|1\n|-unboost|p2b: Banette|atk|1\n|detailschange|p2b: Banette|Banette-Mega, L50, F\n|-mega|p2b: Banette|Banette|Banettite\n|move|p2b: Banette|Protect|p2b: Banette\n|-singleturn|p2b: Banette|Protect\n|move|p1a: Aerodactyl|Rock Slide|p2a: Incineroar|[spread] p2a\n|-activate|p2b: Banette|move: Protect\n|-supereffective|p2a: Incineroar|1\n|-damage|p2a: Incineroar|70/100\n|move|p2a: Incineroar|Parting Shot|p1b: Gyarados\n|-unboost|p1b: Gyarados|atk|1\n|-unboost|p1b: Gyarados|spa|1\n|\n|t:|1776222312\n|switch|p2a: Meowscarada|Meowscarada, L50, M|100/100|[from] Parting Shot\n|\n|upkeep\n|turn|4\n|inactive|fuzzyshadow13 has 30 seconds left.\n|\n|t:|1776222337\n|switch|p2a: Incineroar|Incineroar, L50, F|70/100\n|-ability|p2a: Incineroar|Intimidate|boost\n|-unboost|p1a: Aerodactyl|atk|1\n|-unboost|p1b: Gyarados|atk|1\n|detailschange|p1b: Gyarados|Gyarados-Mega, L50, F, shiny\n|-mega|p1b: Gyarados|Gyarados|Gyaradosite\n|-ability|p1b: Gyarados|Mold Breaker\n|move|p2b: Banette|Swords Dance|p2b: Banette\n|-boost|p2b: Banette|atk|2\n|move|p1a: Aerodactyl|Dual Wingbeat|p2a: Incineroar\n|-damage|p2a: Incineroar|62/100\n|-damage|p2a: Incineroar|53/100\n|-hitcount|p2a: Incineroar|2\n|move|p1b: Gyarados|Crunch|p2b: Banette\n|-supereffective|p2b: Banette|1\n|-damage|p2b: Banette|43/100\n|\n|-sideend|p1: Unpuzzled|move: Tailwind\n|upkeep\n|turn|5\n|inactive|Unpuzzled has 30 seconds left.\n|inactive|fuzzyshadow13 has 30 seconds left.\n|inactive|Unpuzzled has 20 seconds left.\n|inactive|fuzzyshadow13 has 20 seconds left.\n|inactive|fuzzyshadow13 has 15 seconds left.\n|\n|t:|1776222378\n|move|p2a: Incineroar|Fake Out|p1b: Gyarados\n|-damage|p1b: Gyarados|91/100\n|move|p1a: Aerodactyl|Tailwind|p1a: Aerodactyl\n|-sidestart|p1: Unpuzzled|move: Tailwind\n|cant|p1b: Gyarados|flinch\n|move|p2b: Banette|Poltergeist|p1a: Aerodactyl\n|-activate|p1a: Aerodactyl|move: Poltergeist|Focus Sash\n|-damage|p1a: Aerodactyl|0 fnt\n|faint|p1a: Aerodactyl\n|\n|upkeep\n|\n|t:|1776222396\n|switch|p1a: Sneasler|Sneasler, L50, M|100/100\n|-ability|p1a: Sneasler|Pressure\n|turn|6\n|inactive|Unpuzzled has 30 seconds left.\n|\n|t:|1776222423\n|switch|p2b: Maushold|Maushold, L50|100/100\n|move|p1a: Sneasler|Fake Out|p2a: Incineroar\n|-damage|p2a: Incineroar|43/100\n|-enditem|p2a: Incineroar|Sitrus Berry|[eat]\n|-heal|p2a: Incineroar|67/100|[from] item: Sitrus Berry\n|move|p1b: Gyarados|Dragon Dance|p1b: Gyarados\n|-boost|p1b: Gyarados|atk|1\n|-boost|p1b: Gyarados|spe|1\n|cant|p2a: Incineroar|flinch\n|\n|upkeep\n|turn|7\n|inactive|Unpuzzled has 30 seconds left.\n|\n|t:|1776222451\n|move|p2b: Maushold|Follow Me|p2b: Maushold\n|-singleturn|p2b: Maushold|move: Follow Me\n|move|p1b: Gyarados|Waterfall|p2b: Maushold\n|-damage|p2b: Maushold|69/100\n|move|p1a: Sneasler|Close Combat|p2b: Maushold\n|-supereffective|p2b: Maushold|1\n|-damage|p2b: Maushold|0 fnt\n|-unboost|p1a: Sneasler|def|1\n|-unboost|p1a: Sneasler|spd|1\n|faint|p2b: Maushold\n|move|p2a: Incineroar|Parting Shot|p1b: Gyarados\n|-unboost|p1b: Gyarados|atk|1\n|-unboost|p1b: Gyarados|spa|1\n|\n|t:|1776222468\n|switch|p2a: Meowscarada|Meowscarada, L50, M|100/100|[from] Parting Shot\n|\n|upkeep\n|\n|t:|1776222471\n|switch|p2b: Incineroar|Incineroar, L50, F|67/100\n|-ability|p2b: Incineroar|Intimidate|boost\n|-unboost|p1a: Sneasler|atk|1\n|-unboost|p1b: Gyarados|atk|1\n|turn|8\n|\n|t:|1776222492\n|move|p2b: Incineroar|Fake Out|p1a: Sneasler\n|-damage|p1a: Sneasler|74/100\n|move|p1b: Gyarados|Dragon Dance|p1b: Gyarados\n|-boost|p1b: Gyarados|atk|1\n|-boost|p1b: Gyarados|spe|1\n|cant|p1a: Sneasler|flinch\n|move|p2a: Meowscarada|Flower Trick|p1b: Gyarados\n|-supereffective|p1b: Gyarados|1\n|-crit|p1b: Gyarados\n|-damage|p1b: Gyarados|0 fnt\n|faint|p1b: Gyarados\n|\n|-sideend|p1: Unpuzzled|move: Tailwind\n|upkeep\n|\n|t:|1776222504\n|switch|p1b: Typhlosion|Typhlosion-Hisui, L50, F|100/100\n|turn|9\n|inactive|fuzzyshadow13 has 30 seconds left.\n|inactive|fuzzyshadow13 has 20 seconds left.\n|\n|t:|1776222542\n|switch|p2a: Banette|Banette-Mega, L50, F|43/100\n|move|p1b: Typhlosion|Eruption|p2b: Incineroar|[spread] p2a,p2b\n|-resisted|p2b: Incineroar|1\n|-damage|p2a: Banette|0 fnt\n|-damage|p2b: Incineroar|45/100\n|faint|p2a: Banette\n|move|p1a: Sneasler|Close Combat|p2b: Incineroar\n|-supereffective|p2b: Incineroar|1\n|-damage|p2b: Incineroar|0 fnt\n|-unboost|p1a: Sneasler|def|1\n|-unboost|p1a: Sneasler|spd|1\n|faint|p2b: Incineroar\n|\n|upkeep\n|\n|t:|1776222558\n|switch|p2b: Meowscarada|Meowscarada, L50, M|100/100\n|turn|10\n|inactive|fuzzyshadow13 has 30 seconds left.\n|inactive|fuzzyshadow13 has 20 seconds left.\n|\n|t:|1776222596\n|move|p2b: Meowscarada|Sucker Punch|p1b: Typhlosion\n|-supereffective|p1b: Typhlosion|1\n|-damage|p1b: Typhlosion|7/100\n|move|p1b: Typhlosion|Eruption|p2b: Meowscarada\n|-supereffective|p2b: Meowscarada|1\n|-damage|p2b: Meowscarada|72/100\n|move|p1a: Sneasler|Dire Claw|p2b: Meowscarada\n|-supereffective|p2b: Meowscarada|1\n|-damage|p2b: Meowscarada|0 fnt\n|faint|p2b: Meowscarada\n|\n|win|Unpuzzled\n|raw|Unpuzzled's rating: 1046 &rarr; <strong>1080</strong><br />(+34 for winning)\n|raw|fuzzyshadow13's rating: 1058 &rarr; <strong>1039</strong><br />(-19 for losing)\n|c|\u2606fuzzyshadow13|gg\n|l|\u2606fuzzyshadow13\n|player|p2|\n",
  "uploadtime": 1776222613,
  "views": 24,
  "formatid": "gen9championsvgc2026regma",
  "rating": 1039,
  "private": 0,
  "password": null
}