{
  "id": "gen9championsvgc2026regma-2582866374",
  "format": "[Gen 9 Champions] VGC 2026 Reg M-A",
  "players": [
    "pepitoito",
    "knotSkolas"
  ],
  "log": "|j|\u2606pepitoito\n|j|\u2606knotSkolas\n|t:|1776120362\n|gametype|doubles\n|player|p1|pepitoito|miku-ghost|1117\n|player|p2|knotSkolas|elesa-masters2|1118\n|gen|9\n|tier|[Gen 9 Champions] VGC 2026 Reg M-A\n|rated|\n|rule|Species Clause: Limit one of each Pok\u00e9mon\n|rule|Item Clause: Limit 1 of each item\n|clearpoke\n|poke|p1|Starmie, L50|\n|poke|p1|Tyranitar, L50, F|\n|poke|p1|Garchomp, L50, M|\n|poke|p1|Aerodactyl, L50, M|\n|poke|p1|Rotom-Heat, L50|\n|poke|p1|Aegislash, L50, F|\n|poke|p2|Charizard, L50, F|\n|poke|p2|Incineroar, L50, F|\n|poke|p2|Venusaur, L50, F|\n|poke|p2|Dragapult, L50, M|\n|poke|p2|Farigiraf, L50, F|\n|poke|p2|Lycanroc, L50, M|\n|teampreview|4\n|c|\u2606knotSkolas|glhf\n|c|\u2606pepitoito|u too, buddy\n|inactive|Battle timer is ON: inactive players will automatically lose when time's up. (requested by knotSkolas)\n|c|\u2606knotSkolas|buddy?\n|inactive|pepitoito has 60 seconds left.\n|c|\u2606pepitoito|sorry if it seems wrong, my english osnt that good\n|c|\u2606knotSkolas|ok\n|\n|t:|1776120453\n|teamsize|p1|4\n|teamsize|p2|4\n|start\n|switch|p1a: Instructor Starmie|Starmie, L50|100/100\n|switch|p1b: Garchomp|Garchomp, L50, M|100/100\n|switch|p2a: Dragapult|Dragapult, L50, M|100/100\n|switch|p2b: Lycanroc|Lycanroc, L50, M|100/100\n|turn|1\n|j|@Rio Vidal\n|c|\u2606knotSkolas|hi rio vidal\n|inactive|knotSkolas has 30 seconds left.\n|c|@Rio Vidal|hi\n|inactive|knotSkolas has 20 seconds left.\n|inactive|knotSkolas has 15 seconds left.\n|inactive|knotSkolas has 10 seconds left.\n|\n|t:|1776120499\n|switch|p1b: Tyranitar|Tyranitar, L50, F|100/100\n|-weather|Sandstorm|[from] ability: Sand Stream|[of] p1b: Tyranitar\n|detailschange|p1a: Instructor Starmie|Starmie-Mega, L50\n|-mega|p1a: Instructor Starmie|Starmie|Starminite\n|move|p2b: Lycanroc|Play Rough|p1b: Tyranitar|[miss]\n|-miss|p2b: Lycanroc|p1b: Tyranitar\n|move|p2a: Dragapult|Dragon Pulse|p1b: Tyranitar\n|-crit|p1b: Tyranitar\n|-damage|p1b: Tyranitar|65/100\n|move|p1a: Instructor Starmie|Skill Swap|p1b: Tyranitar\n|-activate|p1a: Instructor Starmie|Skill Swap|||[of] p1b: Tyranitar\n|\n|-weather|Sandstorm|[upkeep]\n|-damage|p2a: Dragapult|94/100|[from] Sandstorm\n|-damage|p1a: Instructor Starmie|95/100|[from] Sandstorm\n|upkeep\n|turn|2\n|c|\u2606knotSkolas|OH HELL NAH\n|inactive|pepitoito has 30 seconds left.\n|\n|t:|1776120531\n|move|p2b: Lycanroc|Close Combat|p1b: Tyranitar\n|-supereffective|p1b: Tyranitar|2\n|-damage|p1b: Tyranitar|0 fnt\n|-unboost|p2b: Lycanroc|def|1\n|-unboost|p2b: Lycanroc|spd|1\n|faint|p1b: Tyranitar\n|move|p2a: Dragapult|Dragon Pulse|p1a: Instructor Starmie\n|-damage|p1a: Instructor Starmie|44/100\n|move|p1a: Instructor Starmie|Zen Headbutt|p2b: Lycanroc\n|-damage|p2b: Lycanroc|12/100\n|\n|-weather|Sandstorm|[upkeep]\n|-damage|p2a: Dragapult|88/100|[from] Sandstorm\n|-damage|p1a: Instructor Starmie|38/100|[from] Sandstorm\n|upkeep\n|\n|t:|1776120538\n|switch|p1b: Garchomp|Garchomp, L50, M|100/100\n|turn|3\n|\n|t:|1776120556\n|move|p1b: Garchomp|Protect|p1b: Garchomp\n|-singleturn|p1b: Garchomp|Protect\n|move|p2b: Lycanroc|Play Rough|p1b: Garchomp\n|-activate|p1b: Garchomp|move: Protect\n|move|p2a: Dragapult|Dragon Pulse|p1b: Garchomp\n|-activate|p1b: Garchomp|move: Protect\n|move|p1a: Instructor Starmie|Skill Swap|p2b: Lycanroc\n|-activate|p1a: Instructor Starmie|Skill Swap|Sand Rush|Sand Stream|[of] p2b: Lycanroc\n|\n|-weather|Sandstorm|[upkeep]\n|-damage|p2a: Dragapult|82/100|[from] Sandstorm\n|upkeep\n|turn|4\n|inactive|pepitoito has 30 seconds left.\n|\n|t:|1776120584\n|move|p2b: Lycanroc|Accelerock|p1b: Garchomp\n|-resisted|p1b: Garchomp|1\n|-damage|p1b: Garchomp|91/100\n|move|p1a: Instructor Starmie|Skill Swap|p1b: Garchomp\n|-activate|p1a: Instructor Starmie|Skill Swap|||[of] p1b: Garchomp\n|move|p1b: Garchomp|Dragon Claw|p2a: Dragapult\n|-supereffective|p2a: Dragapult|1\n|-damage|p2a: Dragapult|0 fnt\n|faint|p2a: Dragapult\n|\n|-weather|Sandstorm|[upkeep]\n|upkeep\n|c|\u2606knotSkolas|oooh\n|c|\u2606knotSkolas|i like that\n|\n|t:|1776120597\n|switch|p2a: Charizard|Charizard, L50, F|100/100\n|turn|5\n|c|\u2606pepitoito|i love skill swap\n|inactive|pepitoito has 30 seconds left.\n|inactive|pepitoito has 20 seconds left.\n|\n|t:|1776120637\n|detailschange|p2a: Charizard|Charizard-Mega-Y, L50, F\n|-mega|p2a: Charizard|Charizard|Charizardite Y\n|-weather|SunnyDay|[from] ability: Drought|[of] p2a: Charizard\n|move|p1a: Instructor Starmie|Skill Swap|p2b: Lycanroc\n|-activate|p1a: Instructor Starmie|Skill Swap|Sand Stream|Sand Veil|[of] p2b: Lycanroc\n|-weather|Sandstorm|[from] ability: Sand Stream|[of] p1a: Instructor Starmie\n|move|p1b: Garchomp|Dragon Claw|p2a: Charizard\n|-damage|p2a: Charizard|38/100\n|move|p2b: Lycanroc|Play Rough|p1b: Garchomp\n|-supereffective|p1b: Garchomp|1\n|-damage|p1b: Garchomp|37/100\n|move|p2a: Charizard|Dragon Pulse|p1b: Garchomp\n|-supereffective|p1b: Garchomp|1\n|-damage|p1b: Garchomp|0 fnt\n|faint|p1b: Garchomp\n|\n|-weather|Sandstorm|[upkeep]\n|-damage|p1a: Instructor Starmie|33/100|[from] Sandstorm\n|-damage|p2a: Charizard|32/100|[from] Sandstorm\n|upkeep\n|c|\u2606knotSkolas|HUH\n|c|\u2606knotSkolas|thats how that works?\n|\n|t:|1776120658\n|switch|p1b: Rotom|Rotom-Heat, L50|100/100\n|turn|6\n|c|\u2606knotSkolas|W tech\n|c|\u2606pepitoito|its hard to explain\n|c|\u2606pepitoito|but when you use skill swap, the ability re-activates\n|inactive|pepitoito has 30 seconds left.\n|inactive|pepitoito has 20 seconds left.\n|\n|t:|1776120693\n|move|p1a: Instructor Starmie|Liquidation|p2a: Charizard\n|-supereffective|p2a: Charizard|1\n|-damage|p2a: Charizard|0 fnt\n|faint|p2a: Charizard\n|move|p2b: Lycanroc|Rock Slide|p1a: Instructor Starmie|[spread] p1a,p1b\n|-supereffective|p1b: Rotom|1\n|-damage|p1a: Instructor Starmie|0 fnt\n|-damage|p1b: Rotom|58/100\n|faint|p1a: Instructor Starmie\n|move|p1b: Rotom|Thunderbolt|p2b: Lycanroc\n|-damage|p2b: Lycanroc|0 fnt\n|faint|p2b: Lycanroc\n|\n|-weather|Sandstorm|[upkeep]\n|-damage|p1b: Rotom|53/100|[from] Sandstorm\n|upkeep\n|\n|t:|1776120703\n|switch|p2b: Incineroar|Incineroar, L50, F|100/100\n|-ability|p2b: Incineroar|Intimidate|boost\n|-unboost|p1b: Rotom|atk|1\n|turn|7\n|\n|t:|1776120709\n|move|p1b: Rotom|Protect|p1b: Rotom\n|-singleturn|p1b: Rotom|Protect\n|move|p2b: Incineroar|Fake Out|p1b: Rotom\n|-activate|p1b: Rotom|move: Protect\n|\n|-weather|Sandstorm|[upkeep]\n|-damage|p1b: Rotom|47/100|[from] Sandstorm\n|-damage|p2b: Incineroar|95/100|[from] Sandstorm\n|-enditem|p1b: Rotom|Sitrus Berry|[eat]\n|-heal|p1b: Rotom|72/100|[from] item: Sitrus Berry\n|upkeep\n|turn|8\n|\n|t:|1776120722\n|move|p1b: Rotom|Thunderbolt|p2b: Incineroar\n|-damage|p2b: Incineroar|63/100\n|move|p2b: Incineroar|Throat Chop|p1b: Rotom\n|-damage|p1b: Rotom|48/100\n|-start|p1b: Rotom|Throat Chop|[silent]\n|\n|-weather|Sandstorm|[upkeep]\n|-damage|p1b: Rotom|43/100|[from] Sandstorm\n|-damage|p2b: Incineroar|57/100|[from] Sandstorm\n|upkeep\n|turn|9\n|c|\u2606knotSkolas|bruh\n|inactive|pepitoito has 30 seconds left.\n|\n|t:|1776120752\n|move|p1b: Rotom|Thunderbolt|p2b: Incineroar\n|-damage|p2b: Incineroar|23/100\n|move|p2b: Incineroar|Throat Chop|p1b: Rotom\n|-damage|p1b: Rotom|19/100\n|\n|-weather|none\n|-end|p1b: Rotom|Throat Chop|[silent]\n|upkeep\n|turn|10\n|\n|t:|1776120766\n|move|p1b: Rotom|Thunderbolt|p2b: Incineroar\n|-damage|p2b: Incineroar|0 fnt\n|faint|p2b: Incineroar\n|\n|win|pepitoito\n|raw|pepitoito's rating: 1117 &rarr; <strong>1142</strong><br />(+25 for winning)\n|raw|knotSkolas's rating: 1118 &rarr; <strong>1093</strong><br />(-25 for losing)\n|c|\u2606knotSkolas|im not max spdef like an idiot\n|c|\u2606knotSkolas|ggs\n|c|\u2606pepitoito|ggs\n",
  "uploadtime": 1776120779,
  "views": 15,
  "formatid": "gen9championsvgc2026regma",
  "rating": 1093,
  "private": 0,
  "password": null
}