{
  "id": "gen9championsvgc2026regma-2587977310",
  "format": "[Gen 9 Champions] VGC 2026 Reg M-A",
  "players": [
    "K7RAYVGC",
    "mepd"
  ],
  "log": "|j|\u2606K7RAYVGC\n|j|\u2606mepd\n|t:|1776587667\n|gametype|doubles\n|player|p1|K7RAYVGC|bellelba|\n|player|p2|mepd|swimmerf-gen4|\n|gen|9\n|tier|[Gen 9 Champions] VGC 2026 Reg M-A\n|rule|Species Clause: Limit one of each Pok\u00e9mon\n|rule|Item Clause: Limit 1 of each item\n|clearpoke\n|poke|p1|Snorlax, L50, F|\n|poke|p1|Clefable, L50, F|\n|poke|p1|Oranguru, L50, F|\n|poke|p1|Whimsicott, L50, M|\n|poke|p1|Kingambit, L50, F|\n|poke|p1|Tyranitar, L50, M|\n|poke|p2|Chandelure, L50, F|\n|poke|p2|Sinistcha, L50|\n|poke|p2|Milotic, L50, M|\n|poke|p2|Pelipper, L50, F|\n|poke|p2|Archaludon, L50, M|\n|poke|p2|Raichu, L50, F|\n|teampreview|4\nmepd rejected open team sheets.\n|\n|t:|1776587692\n|teamsize|p1|4\n|teamsize|p2|4\n|start\n|switch|p1a: Whimsicott|Whimsicott, L50, M|100/100\n|switch|p1b: Kingambit|Kingambit, L50, F|100/100\n|switch|p2a: Lament|Chandelure, L50, F|100/100\n|switch|p2b: Regular ahh cup|Sinistcha, L50|100/100\n|turn|1\n|inactive|Battle timer is ON: inactive players will automatically lose when time's up. (requested by mepd)\n|-activate|p1a: Whimsicott|item: Quick Claw\n|\n|t:|1776587726\n|move|p2b: Regular ahh cup|Rage Powder|p2b: Regular ahh cup\n|-singleturn|p2b: Regular ahh cup|move: Rage Powder\n|move|p1a: Whimsicott|Tailwind|p1a: Whimsicott\n|-sidestart|p1: K7RAYVGC|move: Tailwind\n|move|p1b: Kingambit|Sucker Punch||[still]\n|-fail|p1b: Kingambit\n|move|p2a: Lament|Minimize|p2a: Lament\n|-boost|p2a: Lament|evasion|2\n|\n|upkeep\n|turn|2\n|inactive|K7RAYVGC has 30 seconds left.\n|\n|t:|1776587752\n|move|p2b: Regular ahh cup|Rage Powder|p2b: Regular ahh cup\n|-singleturn|p2b: Regular ahh cup|move: Rage Powder\n|move|p1a: Whimsicott|Attract|p2a: Lament|[miss]\n|-miss|p1a: Whimsicott|p2a: Lament\n|move|p2a: Lament|Flamethrower|p1b: Kingambit\n|-supereffective|p1b: Kingambit|1\n|-damage|p1b: Kingambit|0 fnt\n|faint|p1b: Kingambit\n|\n|upkeep\n|\n|t:|1776587761\n|switch|p1b: Tyranitar|Tyranitar, L50, M|100/100\n|-weather|Sandstorm|[from] ability: Sand Stream|[of] p1b: Tyranitar\n|turn|3\n|\n|t:|1776587772\n|detailschange|p1b: Tyranitar|Tyranitar-Mega, L50, M\n|-mega|p1b: Tyranitar|Tyranitar|Tyranitarite\n|move|p2b: Regular ahh cup|Rage Powder|p2b: Regular ahh cup\n|-singleturn|p2b: Regular ahh cup|move: Rage Powder\n|move|p1a: Whimsicott|Attract|p2a: Lament|[miss]\n|-miss|p1a: Whimsicott|p2a: Lament\n|move|p1b: Tyranitar|Knock Off|p2b: Regular ahh cup\n|-supereffective|p2b: Regular ahh cup|1\n|-damage|p2b: Regular ahh cup|0 fnt\n|-enditem|p2b: Regular ahh cup|Miracle Seed|[from] move: Knock Off|[of] p1b: Tyranitar\n|faint|p2b: Regular ahh cup\n|move|p2a: Lament|Minimize|p2a: Lament\n|-boost|p2a: Lament|evasion|2\n|\n|-weather|Sandstorm|[upkeep]\n|-damage|p1a: Whimsicott|95/100|[from] Sandstorm\n|-damage|p2a: Lament|95/100|[from] Sandstorm\n|upkeep\n|\n|t:|1776587782\n|switch|p2b: chris|Pelipper, L50, F|100/100\n|-weather|RainDance|[from] ability: Drizzle|[of] p2b: chris\n|turn|4\n|\n|t:|1776587795\n|move|p1a: Whimsicott|Attract|p2b: chris\n|-start|p2b: chris|Attract\n|move|p1b: Tyranitar|Knock Off|p2a: Lament|[miss]\n|-miss|p1b: Tyranitar|p2a: Lament\n|move|p2a: Lament|Minimize|p2a: Lament\n|-boost|p2a: Lament|evasion|2\n|-activate|p2b: chris|move: Attract|[of] p1a: Whimsicott\n|cant|p2b: chris|Attract\n|\n|-weather|RainDance|[upkeep]\n|-sideend|p1: K7RAYVGC|move: Tailwind\n|upkeep\n|turn|5\n|\n|t:|1776587811\n|move|p1a: Whimsicott|Tailwind|p1a: Whimsicott\n|-sidestart|p1: K7RAYVGC|move: Tailwind\n|move|p1b: Tyranitar|Rock Slide|p2b: chris|[spread] p2a\n|-miss|p1b: Tyranitar|p2b: chris\n|-supereffective|p2a: Lament|1\n|-damage|p2a: Lament|0 fnt\n|faint|p2a: Lament\n|-activate|p2b: chris|move: Attract|[of] p1a: Whimsicott\n|cant|p2b: chris|Attract\n|\n|-weather|RainDance|[upkeep]\n|upkeep\n|\n|t:|1776587816\n|switch|p2a: The Bridge|Archaludon, L50, M|100/100\n|turn|6\n|\n|t:|1776587828\n|move|p1a: Whimsicott|Sunny Day|p1a: Whimsicott\n|-weather|SunnyDay\n|move|p2a: The Bridge|Aura Sphere|p1b: Tyranitar\n|-supereffective|p1b: Tyranitar|2\n|-damage|p1b: Tyranitar|6/100\n|move|p1b: Tyranitar|Earthquake|p2b: chris|[spread] p1a,p2a\n|-immune|p2b: chris\n|-resisted|p1a: Whimsicott|1\n|-supereffective|p2a: The Bridge|1\n|-damage|p1a: Whimsicott|71/100\n|-damage|p2a: The Bridge|41/100\n|-ability|p2a: The Bridge|Stamina|boost\n|-boost|p2a: The Bridge|def|1\n|-activate|p2b: chris|move: Attract|[of] p1a: Whimsicott\n|move|p2b: chris|Tailwind|p2b: chris\n|-sidestart|p2: mepd|move: Tailwind\n|\n|-weather|SunnyDay|[upkeep]\n|upkeep\n|turn|7\n|inactive|K7RAYVGC has 30 seconds left.\n|inactive|K7RAYVGC has 20 seconds left.\n|\n|t:|1776587867\n|move|p1a: Whimsicott|Protect|p1a: Whimsicott\n|-singleturn|p1a: Whimsicott|Protect\n|move|p2a: The Bridge|Aura Sphere|p1b: Tyranitar\n|-supereffective|p1b: Tyranitar|2\n|-damage|p1b: Tyranitar|0 fnt\n|faint|p1b: Tyranitar\n|-activate|p2b: chris|move: Attract|[of] p1a: Whimsicott\n|cant|p2b: chris|Attract\n|\n|-weather|SunnyDay|[upkeep]\n|upkeep\n|\n|t:|1776587876\n|switch|p1b: Clefable|Clefable, L50, F|100/100\n|turn|8\n|\n|t:|1776587892\n|move|p1a: Whimsicott|Protect|p1a: Whimsicott\n|-singleturn|p1a: Whimsicott|Protect\n|move|p2a: The Bridge|Aura Sphere|p1b: Clefable\n|-resisted|p1b: Clefable|1\n|-damage|p1b: Clefable|89/100\n|-activate|p2b: chris|move: Attract|[of] p1a: Whimsicott\n|cant|p2b: chris|Attract\n|move|p1b: Clefable|Dazzling Gleam|p2b: chris|[spread] p2a,p2b\n|-damage|p2a: The Bridge|12/100\n|-damage|p2b: chris|65/100\n|-ability|p2a: The Bridge|Stamina|boost\n|-boost|p2a: The Bridge|def|1\n|\n|-weather|SunnyDay|[upkeep]\n|-heal|p1b: Clefable|95/100|[from] item: Leftovers\n|-sideend|p1: K7RAYVGC|move: Tailwind\n|upkeep\n|turn|9\n|\n|t:|1776587916\n|move|p1a: Whimsicott|Tailwind|p1a: Whimsicott\n|-sidestart|p1: K7RAYVGC|move: Tailwind\n|move|p2a: The Bridge|Aura Sphere|p1b: Clefable\n|-resisted|p1b: Clefable|1\n|-damage|p1b: Clefable|83/100\n|-activate|p2b: chris|move: Attract|[of] p1a: Whimsicott\n|cant|p2b: chris|Attract\n|move|p1b: Clefable|Dazzling Gleam|p2b: chris|[spread] p2a,p2b\n|-damage|p2a: The Bridge|0 fnt\n|-damage|p2b: chris|33/100\n|faint|p2a: The Bridge\n|\n|-weather|SunnyDay|[upkeep]\n|-heal|p1b: Clefable|89/100|[from] item: Leftovers\n|-sideend|p2: mepd|move: Tailwind\n|upkeep\n|turn|10\n|-message|mepd forfeited.\n|\n|win|K7RAYVGC\n|l|\u2606mepd\n|player|p2|\n",
  "uploadtime": 1776588134,
  "views": 15,
  "formatid": "gen9championsvgc2026regma",
  "rating": null,
  "private": 0,
  "password": null
}