{
  "id": "gen9championsvgc2026regma-2587215524",
  "format": "[Gen 9 Champions] VGC 2026 Reg M-A",
  "players": [
    "Pedro Salvador",
    "hide on whimscott"
  ],
  "log": "|j|\u2606Pedro Salvador\n|j|\u2606hide on whimscott\n|t:|1776510075\n|gametype|doubles\n|player|p1|Pedro Salvador|ghetsis|1320\n|player|p2|hide on whimscott|artist-gen4|1379\n|gen|9\n|tier|[Gen 9 Champions] VGC 2026 Reg M-A\n|rated|\n|rule|Species Clause: Limit one of each Pok\u00e9mon\n|rule|Item Clause: Limit 1 of each item\n|clearpoke\n|poke|p1|Sneasler, L50, M|\n|poke|p1|Basculegion, L50, M|\n|poke|p1|Floette-Eternal, L50, F|\n|poke|p1|Froslass, L50, F|\n|poke|p1|Kingambit, L50, M|\n|poke|p1|Garchomp, L50, F|\n|poke|p2|Kingambit, L50, F|\n|poke|p2|Kangaskhan, L50, F|\n|poke|p2|Blastoise, L50, F|\n|poke|p2|Sinistcha, L50|\n|poke|p2|Aerodactyl, L50, F|\n|poke|p2|Farigiraf, L50, F|\n|teampreview|4\n|inactive|Battle timer is ON: inactive players will automatically lose when time's up. (requested by Pedro Salvador)\nPedro Salvador rejected open team sheets.\n|inactive|Pedro Salvador has 60 seconds left.\n|inactive|hide on whimscott has 60 seconds left.\n|\n|t:|1776510127\n|teamsize|p1|4\n|teamsize|p2|4\n|start\n|switch|p1a: Floette|Floette-Eternal, L50, F|100/100\n|switch|p1b: Sneasler|Sneasler, L50, M|100/100\n|switch|p2a: Blastoise|Blastoise, L50, F|100/100\n|switch|p2b: Farigiraf|Farigiraf, L50, F|100/100\n|turn|1\n|\n|t:|1776510136\n|detailschange|p1a: Floette|Floette-Mega, L50, F\n|-mega|p1a: Floette|Floette|Floettite\n|-ability|p1a: Floette|Fairy Aura\n|detailschange|p2a: Blastoise|Blastoise-Mega, L50, F\n|-mega|p2a: Blastoise|Blastoise|Blastoisinite\n|move|p2a: Blastoise|Fake Out|p1a: Floette\n|-damage|p1a: Floette|89/100\n|move|p1b: Sneasler|Close Combat|p2b: Farigiraf\n|-damage|p2b: Farigiraf|53/100\n|-unboost|p1b: Sneasler|def|1\n|-unboost|p1b: Sneasler|spd|1\n|cant|p1a: Floette|flinch\n|move|p2b: Farigiraf|Trick Room|p2b: Farigiraf\n|-fieldstart|move: Trick Room|[of] p2b: Farigiraf\n|\n|upkeep\n|turn|2\n|\n|t:|1776510151\n|move|p2b: Farigiraf|Rain Dance|p2b: Farigiraf\n|-weather|RainDance\n|move|p2a: Blastoise|Water Spout|p1a: Floette|[spread] p1a,p1b\n|-crit|p1b: Sneasler\n|-damage|p1a: Floette|18/100\n|-enditem|p1b: Sneasler|Focus Sash\n|-damage|p1b: Sneasler|1/100\n|move|p1a: Floette|Energy Ball|p2a: Blastoise\n|-supereffective|p2a: Blastoise|1\n|-damage|p2a: Blastoise|33/100\n|move|p1b: Sneasler|Dire Claw|p2a: Blastoise\n|-damage|p2a: Blastoise|0 fnt\n|faint|p2a: Blastoise\n|\n|-weather|RainDance|[upkeep]\n|upkeep\n|\n|t:|1776510157\n|switch|p2a: Kingambit|Kingambit, L50, F|100/100\n|turn|3\n|\n|t:|1776510180\n|move|p1a: Floette|Protect|p1a: Floette\n|-singleturn|p1a: Floette|Protect\n|move|p1b: Sneasler|Protect|p1b: Sneasler\n|-singleturn|p1b: Sneasler|Protect\n|move|p2a: Kingambit|Low Kick|p1a: Floette\n|-activate|p1a: Floette|move: Protect\n|move|p2b: Farigiraf|Hyper Voice|p1a: Floette|[spread] \n|-activate|p1a: Floette|move: Protect\n|-activate|p1b: Sneasler|move: Protect\n|\n|-weather|RainDance|[upkeep]\n|upkeep\n|turn|4\n|\n|t:|1776510202\n|move|p2a: Kingambit|Low Kick|p1a: Floette\n|-resisted|p1a: Floette|1\n|-damage|p1a: Floette|0 fnt\n|faint|p1a: Floette\n|move|p2b: Farigiraf|Hyper Voice|p1b: Sneasler\n|-damage|p1b: Sneasler|0 fnt\n|faint|p1b: Sneasler\n|\n|-weather|RainDance|[upkeep]\n|upkeep\n|\n|t:|1776510208\n|switch|p1a: Kingambit|Kingambit, L50, M|100/100\n|switch|p1b: Garchomp|Garchomp, L50, F|100/100\n|turn|5\n|\n|t:|1776510232\n|switch|p2a: Sinistcha|Sinistcha, L50|100/100\n|-heal|p2b: Farigiraf|78/100|[from] ability: Hospitality|[of] p2a: Sinistcha\n|move|p1a: Kingambit|Protect|p1a: Kingambit\n|-singleturn|p1a: Kingambit|Protect\n|move|p1b: Garchomp|Protect|p1b: Garchomp\n|-singleturn|p1b: Garchomp|Protect\n|move|p2b: Farigiraf|Hyper Voice|p1a: Kingambit|[spread] \n|-activate|p1a: Kingambit|move: Protect\n|-activate|p1b: Garchomp|move: Protect\n|\n|-weather|RainDance|[upkeep]\n|-fieldend|move: Trick Room\n|upkeep\n|turn|6\n|\n|t:|1776510250\n|move|p2a: Sinistcha|Rage Powder|p2a: Sinistcha\n|-singleturn|p2a: Sinistcha|move: Rage Powder\n|move|p1b: Garchomp|Dragon Claw|p2a: Sinistcha\n|-damage|p2a: Sinistcha|68/100\n|move|p1a: Kingambit|Kowtow Cleave|p2a: Sinistcha\n|-supereffective|p2a: Sinistcha|1\n|-enditem|p2a: Sinistcha|Colbur Berry|[eat]\n|-enditem|p2a: Sinistcha|Colbur Berry|[weaken]\n|-damage|p2a: Sinistcha|27/100\n|move|p2b: Farigiraf|Trick Room|p2b: Farigiraf\n|-fieldstart|move: Trick Room|[of] p2b: Farigiraf\n|\n|-weather|none\n|upkeep\n|turn|7\n|\n|t:|1776510265\n|move|p1b: Garchomp|Protect|p1b: Garchomp\n|-singleturn|p1b: Garchomp|Protect\n|move|p2a: Sinistcha|Rage Powder|p2a: Sinistcha\n|-singleturn|p2a: Sinistcha|move: Rage Powder\n|move|p1a: Kingambit|Kowtow Cleave|p2a: Sinistcha\n|-supereffective|p2a: Sinistcha|1\n|-damage|p2a: Sinistcha|0 fnt\n|faint|p2a: Sinistcha\n|move|p2b: Farigiraf|Hyper Voice|p1a: Kingambit|[spread] p1a\n|-activate|p1b: Garchomp|move: Protect\n|-resisted|p1a: Kingambit|1\n|-damage|p1a: Kingambit|89/100\n|\n|upkeep\n|\n|t:|1776510269\n|switch|p2a: Kingambit|Kingambit, L50, F|100/100\n|turn|8\n|\n|t:|1776510289\n|move|p1a: Kingambit|Low Kick|p2a: Kingambit\n|-supereffective|p2a: Kingambit|2\n|-damage|p2a: Kingambit|0 fnt\n|faint|p2a: Kingambit\n|move|p2b: Farigiraf|Hyper Voice|p1b: Garchomp|[spread] p1a,p1b\n|-resisted|p1a: Kingambit|1\n|-damage|p1a: Kingambit|77/100\n|-damage|p1b: Garchomp|75/100\n|move|p1b: Garchomp|Stomping Tantrum|p2b: Farigiraf\n|-damage|p2b: Farigiraf|50/100\n|-enditem|p2b: Farigiraf|Sitrus Berry|[eat]\n|-heal|p2b: Farigiraf|75/100|[from] item: Sitrus Berry\n|\n|upkeep\n|turn|9\n|-message|hide on whimscott forfeited.\n|\n|win|Pedro Salvador\n|raw|Pedro Salvador's rating: 1320 &rarr; <strong>1343</strong><br />(+23 for winning)\n|raw|hide on whimscott's rating: 1379 &rarr; <strong>1356</strong><br />(-23 for losing)\n",
  "uploadtime": 1776510296,
  "views": 22,
  "formatid": "gen9championsvgc2026regma",
  "rating": 1343,
  "private": 0,
  "password": null
}