{
  "id": "gen9championsvgc2026regma-2582095535",
  "format": "[Gen 9 Champions] VGC 2026 Reg M-A",
  "players": [
    "Garebare1213",
    "Niko highway"
  ],
  "log": "|j|\u2606Garebare1213\n|j|\u2606Niko highway\n|t:|1776057282\n|gametype|doubles\n|player|p1|Garebare1213|266|1281\n|player|p2|Niko highway|266|1329\n|gen|9\n|tier|[Gen 9 Champions] VGC 2026 Reg M-A\n|rated|\n|rule|Species Clause: Limit one of each Pok\u00e9mon\n|rule|Item Clause: Limit 1 of each item\n|clearpoke\n|poke|p1|Dragonite, L50, F|\n|poke|p1|Pelipper, L50, M|\n|poke|p1|Mamoswine, L50, M|\n|poke|p1|Archaludon, L50, F|\n|poke|p1|Whimsicott, L50, F|\n|poke|p1|Orthworm, L50, F|\n|poke|p2|Incineroar, L50, M|\n|poke|p2|Conkeldurr, L50, F|\n|poke|p2|Sinistcha, L50|\n|poke|p2|Cofagrigus, L50, M|\n|poke|p2|Drampa, L50, F|\n|poke|p2|Aggron, L50, M|\n|teampreview|4\n|inactive|Battle timer is ON: inactive players will automatically lose when time's up. (requested by Garebare1213)\n|inactive|Garebare1213 has 60 seconds left.\n|inactive|Niko highway has 60 seconds left.\n|\n|t:|1776057343\n|teamsize|p1|4\n|teamsize|p2|4\n|start\n|switch|p1a: Pelipper|Pelipper, L50, M|100/100\n|switch|p1b: Dragonite|Dragonite, L50, F|100/100\n|switch|p2a: Incineroar|Incineroar, L50, M|100/100\n|switch|p2b: Cofagrigus|Cofagrigus, L50, M|100/100\n|-weather|RainDance|[from] ability: Drizzle|[of] p1a: Pelipper\n|-ability|p2a: Incineroar|Intimidate|boost\n|-unboost|p1a: Pelipper|atk|1\n|-unboost|p1b: Dragonite|atk|1\n|turn|1\n|inactive|Niko highway has 30 seconds left.\n|inactive|Garebare1213 has 30 seconds left.\n|\n|t:|1776057384\n|switch|p2a: Drampa|Drampa, L50, F|100/100\n|-ability|p2a: Drampa|Cloud Nine\n|detailschange|p1b: Dragonite|Dragonite-Mega, L50, F\n|-mega|p1b: Dragonite|Dragonite|Dragoninite\n|move|p1b: Dragonite|Hurricane|p2b: Cofagrigus\n|-damage|p2b: Cofagrigus|42/100\n|move|p1a: Pelipper|Weather Ball|p2b: Cofagrigus\n|-immune|p2b: Cofagrigus\n|move|p2b: Cofagrigus|Trick Room|p2b: Cofagrigus\n|-fieldstart|move: Trick Room|[of] p2b: Cofagrigus\n|\n|-weather|RainDance|[upkeep]\n|-heal|p2b: Cofagrigus|48/100|[from] item: Leftovers\n|upkeep\n|turn|2\n|\n|t:|1776057404\n|switch|p1b: Whimsicott|Whimsicott, L50, F|100/100\n|move|p1a: Pelipper|Protect|p1a: Pelipper\n|-singleturn|p1a: Pelipper|Protect\n|move|p2b: Cofagrigus|Shadow Ball|p1b: Whimsicott\n|-damage|p1b: Whimsicott|62/100\n|move|p2a: Drampa|Dragon Pulse|p1b: Whimsicott\n|-immune|p1b: Whimsicott\n|\n|-weather|RainDance|[upkeep]\n|-heal|p2b: Cofagrigus|54/100|[from] item: Leftovers\n|upkeep\n|turn|3\n|inactive|Garebare1213 has 30 seconds left.\n|\n|t:|1776057431\n|move|p1b: Whimsicott|Encore|p2a: Drampa\n|-start|p2a: Drampa|Encore\n|move|p2b: Cofagrigus|Shadow Ball|p1b: Whimsicott\n|-damage|p1b: Whimsicott|22/100\n|move|p2a: Drampa|Dragon Pulse|p1a: Pelipper\n|-damage|p1a: Pelipper|14/100\n|move|p1a: Pelipper|Hurricane|p2b: Cofagrigus\n|-damage|p2b: Cofagrigus|7/100\n|\n|-weather|RainDance|[upkeep]\n|-heal|p2b: Cofagrigus|13/100|[from] item: Leftovers\n|upkeep\n|turn|4\n|\n|t:|1776057454\n|move|p1a: Pelipper|Protect|p1a: Pelipper\n|-singleturn|p1a: Pelipper|Protect\n|move|p1b: Whimsicott|Taunt|p2b: Cofagrigus\n|-start|p2b: Cofagrigus|move: Taunt\n|move|p2b: Cofagrigus|Shadow Ball|p1b: Whimsicott\n|-damage|p1b: Whimsicott|0 fnt\n|faint|p1b: Whimsicott\n|move|p2a: Drampa|Dragon Pulse|p1a: Pelipper\n|-activate|p1a: Pelipper|move: Protect\n|\n|-weather|RainDance|[upkeep]\n|-heal|p2b: Cofagrigus|19/100|[from] item: Leftovers\n|upkeep\n|\n|t:|1776057467\n|switch|p1b: Archaludon|Archaludon, L50, F|100/100\n|turn|5\n|\n|t:|1776057491\n|switch|p1a: Dragonite|Dragonite-Mega, L50, F|100/100\n|move|p1b: Archaludon|Protect|p1b: Archaludon\n|-singleturn|p1b: Archaludon|Protect\n|move|p2b: Cofagrigus|Body Press|p1b: Archaludon\n|-activate|p1b: Archaludon|move: Protect\n|move|p2a: Drampa|Dragon Pulse|p1b: Archaludon\n|-activate|p1b: Archaludon|move: Protect\n|\n|-weather|none\n|-heal|p2b: Cofagrigus|25/100|[from] item: Leftovers\n|-end|p2a: Drampa|Encore\n|-fieldend|move: Trick Room\n|upkeep\n|turn|6\n|\n|t:|1776057514\n|switch|p2b: Incineroar|Incineroar, L50, M|100/100\n|-ability|p2b: Incineroar|Intimidate|boost\n|-unboost|p1a: Dragonite|atk|1\n|-unboost|p1b: Archaludon|atk|1\n|move|p2a: Drampa|Protect|p2a: Drampa\n|-singleturn|p2a: Drampa|Protect\n|move|p1a: Dragonite|Draco Meteor|p2a: Drampa\n|-activate|p2a: Drampa|move: Protect\n|move|p1b: Archaludon|Flash Cannon|p2b: Incineroar\n|-resisted|p2b: Incineroar|1\n|-crit|p2b: Incineroar\n|-damage|p2b: Incineroar|71/100\n|\n|upkeep\n|turn|7\n|inactive|Niko highway has 30 seconds left.\n|\n|t:|1776057546\n|move|p1a: Dragonite|Protect|p1a: Dragonite\n|-singleturn|p1a: Dragonite|Protect\n|move|p2b: Incineroar|Fake Out|p1a: Dragonite\n|-activate|p1a: Dragonite|move: Protect\n|move|p1b: Archaludon|Draco Meteor|p2a: Drampa\n|-supereffective|p2a: Drampa|1\n|-crit|p2a: Drampa\n|-damage|p2a: Drampa|0 fnt\n|-unboost|p1b: Archaludon|spa|2\n|faint|p2a: Drampa\n|\n|upkeep\n|\n|t:|1776057555\n|switch|p2a: Cofagrigus|Cofagrigus, L50, M|25/100\n|turn|8\n|\n|t:|1776057569\n|switch|p1b: Pelipper|Pelipper, L50, M|14/100\n|-weather|RainDance|[from] ability: Drizzle|[of] p1b: Pelipper\n|switch|p2a: Conkeldurr|Conkeldurr, L50, F|100/100\n|move|p1a: Dragonite|Draco Meteor|p2a: Conkeldurr\n|-damage|p2a: Conkeldurr|7/100\n|-unboost|p1a: Dragonite|spa|2\n|move|p2b: Incineroar|Parting Shot|p1a: Dragonite\n|-unboost|p1a: Dragonite|atk|1\n|-unboost|p1a: Dragonite|spa|1\n|\n|t:|1776057581\n|switch|p2b: Cofagrigus|Cofagrigus, L50, M|25/100|[from] Parting Shot\n|\n|-weather|RainDance|[upkeep]\n|-heal|p2b: Cofagrigus|32/100|[from] item: Leftovers\n|upkeep\n|turn|9\n|\n|t:|1776057599\n|move|p2a: Conkeldurr|Mach Punch|p1b: Pelipper\n|-resisted|p1b: Pelipper|1\n|-damage|p1b: Pelipper|0 fnt\n|faint|p1b: Pelipper\n|move|p1a: Dragonite|Draco Meteor|p2b: Cofagrigus\n|-damage|p2b: Cofagrigus|1/100\n|-unboost|p1a: Dragonite|spa|2\n|move|p2b: Cofagrigus|Trick Room|p2b: Cofagrigus\n|-fieldstart|move: Trick Room|[of] p2b: Cofagrigus\n|\n|-weather|RainDance|[upkeep]\n|-heal|p2b: Cofagrigus|7/100|[from] item: Leftovers\n|upkeep\n|\n|t:|1776057610\n|switch|p1b: Archaludon|Archaludon, L50, F|100/100\n|turn|10\n|\n|t:|1776057622\n|switch|p2a: Incineroar|Incineroar, L50, M|71/100\n|-ability|p2a: Incineroar|Intimidate|boost\n|-unboost|p1a: Dragonite|atk|1\n|-unboost|p1b: Archaludon|atk|1\n|move|p1b: Archaludon|Protect|p1b: Archaludon\n|-singleturn|p1b: Archaludon|Protect\n|move|p2b: Cofagrigus|Shadow Ball|p1a: Dragonite\n|-damage|p1a: Dragonite|89/100\n|move|p1a: Dragonite|Hurricane|p2a: Incineroar\n|-damage|p2a: Incineroar|54/100\n|\n|-weather|RainDance|[upkeep]\n|-heal|p2b: Cofagrigus|14/100|[from] item: Leftovers\n|upkeep\n|turn|11\n|inactive|Garebare1213 has 30 seconds left.\n|inactive|Niko highway has 30 seconds left.\n|inactive|Niko highway has 20 seconds left.\n|\n|t:|1776057661\n|move|p2b: Cofagrigus|Shadow Ball|p1a: Dragonite\n|-damage|p1a: Dragonite|65/100\n|move|p2a: Incineroar|Throat Chop|p1a: Dragonite\n|-damage|p1a: Dragonite|27/100\n|-start|p1a: Dragonite|Throat Chop|[silent]\n|move|p1b: Archaludon|Electro Shot||[still]\n|-prepare|p1b: Archaludon|Electro Shot\n|-boost|p1b: Archaludon|spa|1\n|-anim|p1b: Archaludon|Electro Shot|p2b: Cofagrigus\n|-crit|p2b: Cofagrigus\n|-damage|p2b: Cofagrigus|0 fnt\n|faint|p2b: Cofagrigus\n|move|p1a: Dragonite|Weather Ball|p2a: Incineroar\n|-supereffective|p2a: Incineroar|1\n|-damage|p2a: Incineroar|25/100\n|-enditem|p2a: Incineroar|Sitrus Berry|[eat]\n|-heal|p2a: Incineroar|50/100|[from] item: Sitrus Berry\n|\n|-weather|RainDance|[upkeep]\n|upkeep\n|\n|t:|1776057670\n|switch|p2b: Conkeldurr|Conkeldurr, L50, F|7/100\n|turn|12\n|\n|t:|1776057685\n|move|p1b: Archaludon|Protect|p1b: Archaludon\n|-singleturn|p1b: Archaludon|Protect\n|move|p1a: Dragonite|Protect|p1a: Dragonite\n|-singleturn|p1a: Dragonite|Protect\n|move|p2b: Conkeldurr|Drain Punch|p1b: Archaludon\n|-activate|p1b: Archaludon|move: Protect\n|move|p2a: Incineroar|Throat Chop|p1a: Dragonite\n|-activate|p1a: Dragonite|move: Protect\n|\n|-weather|none\n|-end|p1a: Dragonite|Throat Chop|[silent]\n|upkeep\n|turn|13\n|\n|t:|1776057698\n|move|p1b: Archaludon|Protect||[still]\n|-fail|p1b: Archaludon\n|move|p1a: Dragonite|Protect||[still]\n|-fail|p1a: Dragonite\n|move|p2b: Conkeldurr|Drain Punch|p1b: Archaludon\n|-supereffective|p1b: Archaludon|1\n|-damage|p1b: Archaludon|0 fnt\n|-heal|p2b: Conkeldurr|46/100|[from] drain|[of] p1b: Archaludon\n|faint|p1b: Archaludon\n|move|p2a: Incineroar|Throat Chop|p1a: Dragonite\n|-damage|p1a: Dragonite|0 fnt\n|faint|p1a: Dragonite\n|\n|win|Niko highway\n|raw|Garebare1213's rating: 1281 &rarr; <strong>1259</strong><br />(-22 for losing)\n|raw|Niko highway's rating: 1329 &rarr; <strong>1346</strong><br />(+17 for winning)\n",
  "uploadtime": 1776057705,
  "views": 56,
  "formatid": "gen9championsvgc2026regma",
  "rating": 1259,
  "private": 0,
  "password": null
}