{
  "id": "gen9championsvgc2026regma-2585218943",
  "format": "[Gen 9 Champions] VGC 2026 Reg M-A",
  "players": [
    "4bied",
    "Bajeffo"
  ],
  "log": "|j|\u26064bied\n|j|\u2606Bajeffo\n|t:|1776326378\n|gametype|doubles\n|player|p1|4bied|giovanni|1106\n|player|p2|Bajeffo|dragontamer|1080\n|gen|9\n|tier|[Gen 9 Champions] VGC 2026 Reg M-A\n|rated|\n|rule|Species Clause: Limit one of each Pok\u00e9mon\n|rule|Item Clause: Limit 1 of each item\n|clearpoke\n|poke|p1|Gengar, L50, F|\n|poke|p1|Incineroar, L50, F|\n|poke|p1|Kingambit, L50, M|\n|poke|p1|Sinistcha, L50|\n|poke|p1|Kommo-o, L50, M|\n|poke|p1|Tyranitar, L50, F|\n|poke|p2|Skarmory, L50, M|\n|poke|p2|Charizard, L50, F|\n|poke|p2|Garchomp, L50, M|\n|poke|p2|Rotom-Mow, L50|\n|poke|p2|Whimsicott, L50, F|\n|poke|p2|Primarina, L50, F|\n|teampreview|4\n|inactive|Battle timer is ON: inactive players will automatically lose when time's up. (requested by 4bied)\n|\n|t:|1776326419\n|teamsize|p1|4\n|teamsize|p2|4\n|start\n|switch|p1a: Gengar|Gengar, L50, F|100/100\n|switch|p1b: Incineroar|Incineroar, L50, F|100/100\n|switch|p2a: Whimsicott|Whimsicott, L50, F|100/100\n|switch|p2b: Rotom|Rotom-Mow, L50|100/100\n|-ability|p1b: Incineroar|Intimidate|boost\n|-unboost|p2a: Whimsicott|atk|1\n|-unboost|p2b: Rotom|atk|1\n|turn|1\n|\n|t:|1776326437\n|switch|p2b: Skarmory|Skarmory, L50, M|100/100\n|detailschange|p1a: Gengar|Gengar-Mega, L50, F\n|-mega|p1a: Gengar|Gengar|Gengarite\n|move|p1b: Incineroar|Fake Out|p2b: Skarmory\n|-resisted|p2b: Skarmory|1\n|-damage|p2b: Skarmory|96/100\n|-ability|p2b: Skarmory|Weak Armor|boost\n|-unboost|p2b: Skarmory|def|1\n|-boost|p2b: Skarmory|spe|2\n|move|p2a: Whimsicott|Tailwind|p2a: Whimsicott\n|-sidestart|p2: Bajeffo|move: Tailwind\n|move|p1a: Gengar|Perish Song|p1a: Gengar\n|-start|p1a: Gengar|perish3|[silent]\n|-start|p1b: Incineroar|perish3|[silent]\n|-start|p2a: Whimsicott|perish3|[silent]\n|-start|p2b: Skarmory|perish3|[silent]\n|-fieldactivate|move: Perish Song\n|\n|-start|p2b: Skarmory|perish3\n|-start|p2a: Whimsicott|perish3\n|-start|p1a: Gengar|perish3\n|-start|p1b: Incineroar|perish3\n|upkeep\n|turn|2\n|inactive|Bajeffo has 30 seconds left.\n|\n|t:|1776326470\n|detailschange|p2b: Skarmory|Skarmory-Mega, L50, M\n|-mega|p2b: Skarmory|Skarmory|Skarmorite\n|move|p2a: Whimsicott|Helping Hand|p2b: Skarmory\n|-singleturn|p2b: Skarmory|Helping Hand|[of] p2a: Whimsicott\n|move|p1a: Gengar|Protect|p1a: Gengar\n|-singleturn|p1a: Gengar|Protect\n|move|p1b: Incineroar|Protect|p1b: Incineroar\n|-singleturn|p1b: Incineroar|Protect\n|move|p2b: Skarmory|Drill Run|p1a: Gengar\n|-activate|p1a: Gengar|move: Protect\n|\n|-start|p2b: Skarmory|perish2\n|-start|p2a: Whimsicott|perish2\n|-start|p1a: Gengar|perish2\n|-start|p1b: Incineroar|perish2\n|upkeep\n|turn|3\n|\n|t:|1776326490\n|switch|p1a: Sinistcha|Sinistcha, L50|100/100\n|move|p2a: Whimsicott|Helping Hand|p2b: Skarmory\n|-singleturn|p2b: Skarmory|Helping Hand|[of] p2a: Whimsicott\n|move|p2b: Skarmory|Drill Run|p1a: Sinistcha|[miss]\n|-miss|p2b: Skarmory|p1a: Sinistcha\n|move|p1b: Incineroar|Parting Shot|p2a: Whimsicott\n|-unboost|p2a: Whimsicott|atk|1\n|-unboost|p2a: Whimsicott|spa|1\n|\n|t:|1776326501\n|switch|p1b: Gengar|Gengar-Mega, L50, F|100/100|[from] Parting Shot\n|\n|-start|p2b: Skarmory|perish1\n|-start|p2a: Whimsicott|perish1\n|upkeep\n|turn|4\n|inactive|Bajeffo has 30 seconds left.\n|inactive|Bajeffo has 20 seconds left.\n|inactive|Bajeffo has 15 seconds left.\n|\n|t:|1776326546\n|move|p2a: Whimsicott|Helping Hand|p2b: Skarmory\n|-singleturn|p2b: Skarmory|Helping Hand|[of] p2a: Whimsicott\n|move|p1b: Gengar|Protect|p1b: Gengar\n|-singleturn|p1b: Gengar|Protect\n|move|p1a: Sinistcha|Protect|p1a: Sinistcha\n|-singleturn|p1a: Sinistcha|Protect\n|move|p2b: Skarmory|Brave Bird|p1a: Sinistcha\n|-activate|p1a: Sinistcha|move: Protect\n|\n|-start|p2b: Skarmory|perish0\n|-start|p2a: Whimsicott|perish0\n|-sideend|p2: Bajeffo|move: Tailwind\n|faint|p2b: Skarmory\n|faint|p2a: Whimsicott\n|upkeep\n|c|\u26064bied|Gg\n|\n|t:|1776326552\n|switch|p2a: Rotom|Rotom-Mow, L50|100/100\n|switch|p2b: Garchomp|Garchomp, L50, M|100/100\n|turn|5\n|\n|t:|1776326576\n|switch|p1a: Incineroar|Incineroar, L50, F|100/100\n|-ability|p1a: Incineroar|Intimidate|boost\n|-unboost|p2a: Rotom|atk|1\n|-unboost|p2b: Garchomp|atk|1\n|-enditem|p2b: Garchomp|White Herb\n|-clearnegativeboost|p2b: Garchomp|[silent]\n|move|p1b: Gengar|Perish Song|p1b: Gengar\n|-start|p1a: Incineroar|perish3|[silent]\n|-start|p1b: Gengar|perish3|[silent]\n|-start|p2a: Rotom|perish3|[silent]\n|-start|p2b: Garchomp|perish3|[silent]\n|-fieldactivate|move: Perish Song\n|move|p2a: Rotom|Shadow Ball|p1a: Incineroar\n|-resisted|p1a: Incineroar|1\n|-damage|p1a: Incineroar|92/100\n|move|p2b: Garchomp|Earthquake|p1a: Incineroar|[spread] p1a,p1b\n|-immune|p2a: Rotom|[from] ability: Levitate\n|-supereffective|p1a: Incineroar|1\n|-enditem|p1a: Incineroar|Shuca Berry|[eat]\n|-enditem|p1a: Incineroar|Shuca Berry|[weaken]\n|-supereffective|p1b: Gengar|1\n|-damage|p1a: Incineroar|55/100\n|-damage|p1b: Gengar|7/100\n|\n|-start|p1b: Gengar|perish3\n|-start|p2a: Rotom|perish3\n|-start|p2b: Garchomp|perish3\n|-start|p1a: Incineroar|perish3\n|upkeep\n|turn|6\n|inactive|Bajeffo has 30 seconds left.\n|\n|t:|1776326608\n|move|p1a: Incineroar|Fake Out|p2b: Garchomp\n|-damage|p2b: Garchomp|89/100\n|-damage|p1a: Incineroar|43/100|[from] ability: Rough Skin|[of] p2b: Garchomp\n|move|p1b: Gengar|Shadow Ball|p2b: Garchomp\n|-damage|p2b: Garchomp|41/100\n|-unboost|p2b: Garchomp|spd|1\n|move|p2a: Rotom|Shadow Ball|p1a: Incineroar\n|-resisted|p1a: Incineroar|1\n|-damage|p1a: Incineroar|34/100\n|cant|p2b: Garchomp|flinch\n|\n|-start|p1b: Gengar|perish2\n|-start|p2a: Rotom|perish2\n|-start|p2b: Garchomp|perish2\n|-start|p1a: Incineroar|perish2\n|upkeep\n|turn|7\n|\n|t:|1776326628\n|move|p1b: Gengar|Protect|p1b: Gengar\n|-singleturn|p1b: Gengar|Protect\n|move|p1a: Incineroar|Protect|p1a: Incineroar\n|-singleturn|p1a: Incineroar|Protect\n|move|p2a: Rotom|Shadow Ball|p1b: Gengar\n|-activate|p1b: Gengar|move: Protect\n|move|p2b: Garchomp|Earthquake|p1b: Gengar|[spread] \n|-activate|p1a: Incineroar|move: Protect\n|-activate|p1b: Gengar|move: Protect\n|-immune|p2a: Rotom|[from] ability: Levitate\n|\n|-start|p1b: Gengar|perish1\n|-start|p2a: Rotom|perish1\n|-start|p2b: Garchomp|perish1\n|-start|p1a: Incineroar|perish1\n|upkeep\n|turn|8\n|\n|t:|1776326649\n|switch|p1a: Sinistcha|Sinistcha, L50|100/100\n|-heal|p1b: Gengar|32/100|[from] ability: Hospitality|[of] p1a: Sinistcha\n|move|p1b: Gengar|Shadow Ball|p2b: Garchomp\n|-damage|p2b: Garchomp|0 fnt\n|faint|p2b: Garchomp\n|move|p2a: Rotom|Shadow Ball|p1b: Gengar\n|-supereffective|p1b: Gengar|1\n|-damage|p1b: Gengar|0 fnt\n|faint|p1b: Gengar\n|\n|-start|p2a: Rotom|perish0\n|upkeep\n|faint|p2a: Rotom\n|\n|win|4bied\n|raw|4bied's rating: 1106 &rarr; <strong>1129</strong><br />(+23 for winning)\n|raw|Bajeffo's rating: 1080 &rarr; <strong>1060</strong><br />(-20 for losing)\n|l|\u2606Bajeffo\n|player|p2|\n",
  "uploadtime": 1776326666,
  "views": 20,
  "formatid": "gen9championsvgc2026regma",
  "rating": 1060,
  "private": 0,
  "password": null
}