{
  "id": "gen9championsvgc2026regma-2582901230",
  "format": "[Gen 9 Champions] VGC 2026 Reg M-A",
  "players": [
    "zukopoppy",
    "IfIFindJessie"
  ],
  "log": "|j|\u2606zukopoppy\n|j|\u2606IfIFindJessie\n|t:|1776123377\n|gametype|doubles\n|player|p1|zukopoppy|unknown|1079\n|player|p2|IfIFindJessie|miku-ghost|1122\n|gen|9\n|tier|[Gen 9 Champions] VGC 2026 Reg M-A\n|rated|\n|rule|Species Clause: Limit one of each Pok\u00e9mon\n|rule|Item Clause: Limit 1 of each item\n|clearpoke\n|poke|p1|Charizard, L50, M|\n|poke|p1|Whimsicott, L50, M|\n|poke|p1|Garchomp, L50, M|\n|poke|p1|Incineroar, L50, F|\n|poke|p1|Aegislash, L50, F|\n|poke|p1|Rotom-Wash, L50|\n|poke|p2|Glimmora, L50, F|\n|poke|p2|Mimikyu, L50, F|\n|poke|p2|Ninetales-Alola, L50, M|\n|poke|p2|Incineroar, L50, F|\n|poke|p2|Noivern, L50, M|\n|poke|p2|Farigiraf, L50, M|\n|teampreview|4\n|\n|t:|1776123413\n|teamsize|p1|4\n|teamsize|p2|4\n|start\n|switch|p1a: Garchomp|Garchomp, L50, M|100/100\n|switch|p1b: Charizard|Charizard, L50, M, shiny|100/100\n|switch|p2a: Glimmora|Glimmora, L50, F|100/100\n|switch|p2b: Farigiraf|Farigiraf, L50, M|100/100\n|turn|1\n|\n|t:|1776123444\n|detailschange|p2a: Glimmora|Glimmora-Mega, L50, F\n|-mega|p2a: Glimmora|Glimmora|Glimmoranite\n|move|p1b: Charizard|Protect|p1b: Charizard\n|-singleturn|p1b: Charizard|Protect\n|move|p2a: Glimmora|Protect|p2a: Glimmora\n|-singleturn|p2a: Glimmora|Protect\n|move|p1a: Garchomp|Earthquake|p2b: Farigiraf|[spread] p2b\n|-activate|p1b: Charizard|move: Protect\n|-activate|p2a: Glimmora|move: Protect\n|-damage|p2b: Farigiraf|62/100\n|move|p2b: Farigiraf|Hyper Voice|p1a: Garchomp|[spread] p1a\n|-activate|p1b: Charizard|move: Protect\n|-damage|p1a: Garchomp|64/100\n|\n|-heal|p2b: Farigiraf|68/100|[from] item: Leftovers\n|upkeep\n|turn|2\n|\n|t:|1776123487\n|switch|p1b: Aegislash|Aegislash, L50, F, shiny|100/100\n|switch|p2a: Mimikyu|Mimikyu, L50, F|100/100\n|move|p1a: Garchomp|Earthquake|p2b: Farigiraf|[spread] p1b,p2a,p2b\n|-supereffective|p1b: Aegislash|1\n|-damage|p1b: Aegislash|28/100\n|-activate|p2a: Mimikyu|ability: Disguise\n|-damage|p2a: Mimikyu|100/100\n|-damage|p2b: Farigiraf|29/100\n|detailschange|p2a: Mimikyu|Mimikyu-Busted, L50, F\n|-damage|p2a: Mimikyu|89/100|[from] pokemon: Mimikyu-Busted\n|move|p2b: Farigiraf|Hyper Voice|p1b: Aegislash|[spread] p1a\n|-immune|p1b: Aegislash\n|-damage|p1a: Garchomp|28/100\n|\n|-heal|p2b: Farigiraf|35/100|[from] item: Leftovers\n|upkeep\n|turn|3\n|\n|t:|1776123524\n|move|p1b: Aegislash|King's Shield|p1b: Aegislash\n|-singleturn|p1b: Aegislash|Protect\n|move|p1a: Garchomp|Earthquake|p2b: Farigiraf|[spread] p2a,p2b\n|-activate|p1b: Aegislash|move: Protect\n|-damage|p2a: Mimikyu|35/100\n|-damage|p2b: Farigiraf|0 fnt\n|faint|p2b: Farigiraf\n|move|p2a: Mimikyu|Play Rough|p1a: Garchomp\n|-supereffective|p1a: Garchomp|1\n|-damage|p1a: Garchomp|0 fnt\n|-damage|p2a: Mimikyu|23/100|[from] ability: Rough Skin|[of] p1a: Garchomp\n|faint|p1a: Garchomp\n|\n|upkeep\n|\n|t:|1776123537\n|switch|p1a: Whimsicott|Whimsicott, L50, M, shiny|100/100\n|switch|p2b: Glimmora|Glimmora-Mega, L50, F|100/100\n|turn|4\n|\n|t:|1776123554\n|move|p1a: Whimsicott|Tailwind|p1a: Whimsicott\n|-sidestart|p1: zukopoppy|move: Tailwind\n|move|p2a: Mimikyu|Shadow Sneak|p1b: Aegislash\n|-supereffective|p1b: Aegislash|1\n|-damage|p1b: Aegislash|0 fnt\n|faint|p1b: Aegislash\n|move|p2b: Glimmora|Sludge Bomb|p1a: Whimsicott\n|-supereffective|p1a: Whimsicott|2\n|-crit|p1a: Whimsicott\n|-enditem|p1a: Whimsicott|Focus Sash\n|-damage|p1a: Whimsicott|1/100\n|\n|upkeep\n|\n|t:|1776123558\n|switch|p1b: Charizard|Charizard, L50, M, shiny|100/100\n|turn|5\n|\n|t:|1776123582\n|detailschange|p1b: Charizard|Charizard-Mega-Y, L50, M, shiny\n|-mega|p1b: Charizard|Charizard|Charizardite Y\n|-weather|SunnyDay|[from] ability: Drought|[of] p1b: Charizard\n|move|p1a: Whimsicott|Helping Hand|p1b: Charizard\n|-singleturn|p1b: Charizard|Helping Hand|[of] p1a: Whimsicott\n|move|p2a: Mimikyu|Shadow Sneak|p1b: Charizard\n|-damage|p1b: Charizard|71/100\n|move|p1b: Charizard|Solar Beam||[still]\n|-prepare|p1b: Charizard|Solar Beam\n|-anim|p1b: Charizard|Solar Beam|p2b: Glimmora\n|-damage|p2b: Glimmora|23/100\n|move|p2b: Glimmora|Power Gem|p1b: Charizard\n|-supereffective|p1b: Charizard|2\n|-damage|p1b: Charizard|0 fnt\n|faint|p1b: Charizard\n|\n|-weather|SunnyDay|[upkeep]\n|upkeep\n|turn|6\n|-message|zukopoppy forfeited.\n|\n|win|IfIFindJessie\n|raw|zukopoppy's rating: 1079 &rarr; <strong>1060</strong><br />(-19 for losing)\n|raw|IfIFindJessie's rating: 1122 &rarr; <strong>1144</strong><br />(+22 for winning)\n|l|\u2606zukopoppy\n|player|p1|\n",
  "uploadtime": 1776123599,
  "views": 13,
  "formatid": "gen9championsvgc2026regma",
  "rating": 1060,
  "private": 0,
  "password": null
}