{
  "id": "gen9championsvgc2026regma-2583817275",
  "format": "[Gen 9 Champions] VGC 2026 Reg M-A",
  "players": [
    "Forbranna",
    "UnloshTheWash"
  ],
  "log": "|j|\u2606Forbranna\n|j|\u2606UnloshTheWash\n|t:|1776200009\n|gametype|doubles\n|player|p1|Forbranna|1|1336\n|player|p2|UnloshTheWash|red|1445\n|gen|9\n|tier|[Gen 9 Champions] VGC 2026 Reg M-A\n|rated|\n|rule|Species Clause: Limit one of each Pok\u00e9mon\n|rule|Item Clause: Limit 1 of each item\n|clearpoke\n|poke|p1|Meganium, L50, F|\n|poke|p1|Tyranitar, L50, M|\n|poke|p1|Excadrill, L50, F|\n|poke|p1|Aegislash, L50, M|\n|poke|p1|Sinistcha, L50|\n|poke|p1|Talonflame, L50, M|\n|poke|p2|Delphox, L50, M|\n|poke|p2|Mamoswine, L50, F|\n|poke|p2|Orthworm, L50, F|\n|poke|p2|Rotom-Wash, L50|\n|poke|p2|Maushold-Four, L50|\n|poke|p2|Sneasler, L50, F|\n|teampreview|4\n|\n|t:|1776200042\n|teamsize|p1|4\n|teamsize|p2|4\n|start\n|switch|p1a: Malcom X|Talonflame, L50, M, shiny|100/100\n|switch|p1b: Ivan IV|Tyranitar, L50, M, shiny|100/100\n|switch|p2a: Mamoswine|Mamoswine, L50, F|100/100\n|switch|p2b: Orthworm|Orthworm, L50, F|100/100\n|-weather|Sandstorm|[from] ability: Sand Stream|[of] p1b: Ivan IV\n|turn|1\n|\n|t:|1776200066\n|detailschange|p1b: Ivan IV|Tyranitar-Mega, L50, M, shiny\n|-mega|p1b: Ivan IV|Tyranitar|Tyranitarite\n|move|p1a: Malcom X|Tailwind|p1a: Malcom X\n|-sidestart|p1: Forbranna|move: Tailwind\n|move|p1b: Ivan IV|Knock Off|p2b: Orthworm\n|-damage|p2b: Orthworm|54/100\n|-enditem|p2b: Orthworm|Sitrus Berry|[from] move: Knock Off|[of] p1b: Ivan IV\n|move|p2a: Mamoswine|Earthquake|p1a: Malcom X|[spread] p1b\n|-heal|p2b: Orthworm|79/100|[from] ability: Earth Eater|[of] p2a: Mamoswine\n|-immune|p1a: Malcom X\n|-supereffective|p1b: Ivan IV|1\n|-damage|p1b: Ivan IV|46/100\n|move|p2b: Orthworm|Body Press|p1b: Ivan IV\n|-supereffective|p1b: Ivan IV|2\n|-damage|p1b: Ivan IV|0 fnt\n|faint|p1b: Ivan IV\n|\n|-weather|Sandstorm|[upkeep]\n|-damage|p1a: Malcom X|95/100|[from] Sandstorm\n|-heal|p1a: Malcom X|100/100|[from] item: Leftovers\n|upkeep\n|\n|t:|1776200089\n|switch|p1b: Robespierre|Excadrill, L50, F, shiny|100/100\n|turn|2\n|\n|t:|1776200095\n|move|p1a: Malcom X|Dual Wingbeat|p2b: Orthworm\n|-resisted|p2b: Orthworm|1\n|-damage|p2b: Orthworm|73/100\n|-resisted|p2b: Orthworm|1\n|-damage|p2b: Orthworm|68/100\n|-hitcount|p2b: Orthworm|2\n|move|p1b: Robespierre|Rock Slide|p2b: Orthworm|[spread] p2b\n|-miss|p1b: Robespierre|p2a: Mamoswine\n|-resisted|p2b: Orthworm|1\n|-damage|p2b: Orthworm|61/100\n|move|p2a: Mamoswine|Earthquake|p1b: Robespierre|[spread] p1b\n|-heal|p2b: Orthworm|86/100|[from] ability: Earth Eater|[of] p2a: Mamoswine\n|-immune|p1a: Malcom X\n|-supereffective|p1b: Robespierre|1\n|-enditem|p1b: Robespierre|Focus Sash\n|-damage|p1b: Robespierre|1/100\n|cant|p2b: Orthworm|flinch\n|\n|-weather|Sandstorm|[upkeep]\n|-damage|p1a: Malcom X|95/100|[from] Sandstorm\n|-heal|p1a: Malcom X|100/100|[from] item: Leftovers\n|upkeep\n|turn|3\n|\n|t:|1776200120\n|move|p1a: Malcom X|Dual Wingbeat|p2a: Mamoswine\n|-damage|p2a: Mamoswine|82/100\n|-damage|p2a: Mamoswine|63/100\n|-hitcount|p2a: Mamoswine|2\n|move|p2a: Mamoswine|Ice Shard|p1b: Robespierre\n|-damage|p1b: Robespierre|0 fnt\n|faint|p1b: Robespierre\n|move|p2b: Orthworm|Shed Tail|p2b: Orthworm\n|-start|p2b: Orthworm|Substitute|[from] move: Shed Tail\n|-damage|p2b: Orthworm|36/100\n|\n|t:|1776200128\n|switch|p2b: Sneasler|Sneasler, L50, F|100/100|[from] Shed Tail\n|\n|-weather|Sandstorm|[upkeep]\n|-damage|p1a: Malcom X|95/100|[from] Sandstorm\n|-damage|p2b: Sneasler|94/100|[from] Sandstorm\n|-heal|p1a: Malcom X|100/100|[from] item: Leftovers\n|upkeep\n|\n|t:|1776200137\n|switch|p1b: Charles V|Aegislash, L50, M|100/100\n|turn|4\n|\n|t:|1776200155\n|move|p2b: Sneasler|Fake Out|p1a: Malcom X\n|-damage|p1a: Malcom X|81/100\n|cant|p1a: Malcom X|flinch\n|-formechange|p1b: Charles V|Aegislash-Blade|\n|move|p1b: Charles V|Flash Cannon|p2a: Mamoswine\n|-supereffective|p2a: Mamoswine|1\n|-damage|p2a: Mamoswine|0 fnt\n|faint|p2a: Mamoswine\n|\n|-weather|Sandstorm|[upkeep]\n|-damage|p1a: Malcom X|75/100|[from] Sandstorm\n|-damage|p2b: Sneasler|88/100|[from] Sandstorm\n|-heal|p1a: Malcom X|81/100|[from] item: Leftovers\n|-sideend|p1: Forbranna|move: Tailwind\n|upkeep\n|\n|t:|1776200165\n|switch|p2a: Delphox|Delphox, L50, M|100/100\n|turn|5\n|\n|t:|1776200175\n|detailschange|p2a: Delphox|Delphox-Mega, L50, M\n|-mega|p2a: Delphox|Delphox|Delphoxite\n|move|p2a: Delphox|Heat Wave|p1b: Charles V|[spread] p1a,p1b\n|-resisted|p1a: Malcom X|1\n|-crit|p1a: Malcom X\n|-supereffective|p1b: Charles V|1\n|-damage|p1a: Malcom X|36/100\n|-damage|p1b: Charles V|0 fnt\n|faint|p1b: Charles V\n|move|p2b: Sneasler|Gunk Shot|p1a: Malcom X\n|-damage|p1a: Malcom X|0 fnt\n|faint|p1a: Malcom X\n|\n|win|UnloshTheWash\n|raw|Forbranna's rating: 1336 &rarr; <strong>1322</strong><br />(-14 for losing)\n|raw|UnloshTheWash's rating: 1445 &rarr; <strong>1459</strong><br />(+14 for winning)\n",
  "uploadtime": 1776200180,
  "views": 27,
  "formatid": "gen9championsvgc2026regma",
  "rating": 1322,
  "private": 0,
  "password": null
}