{
  "id": "gen9championsvgc2026regma-2586007019",
  "format": "[Gen 9 Champions] VGC 2026 Reg M-A",
  "players": [
    "xXElementalordXx",
    "CBNUN003"
  ],
  "log": "|j|\u2606xXElementalordXx\n|j|\u2606CBNUN003\n|t:|1776389665\n|gametype|doubles\n|player|p1|xXElementalordXx|101|1219\n|player|p2|CBNUN003|266|1147\n|gen|9\n|tier|[Gen 9 Champions] VGC 2026 Reg M-A\n|rated|\n|rule|Species Clause: Limit one of each Pok\u00e9mon\n|rule|Item Clause: Limit 1 of each item\n|clearpoke\n|poke|p1|Incineroar, L50, F|\n|poke|p1|Crabominable, L50, M|\n|poke|p1|Farigiraf, L50, F|\n|poke|p1|Slowking, L50, M|\n|poke|p1|Venusaur, L50, F|\n|poke|p1|Clefable, L50, F|\n|poke|p2|Tyranitar, L50, M|\n|poke|p2|Gliscor, L50, M|\n|poke|p2|Aggron, L50, F|\n|poke|p2|Sableye, L50, M|\n|poke|p2|Sinistcha, L50|\n|poke|p2|Rotom-Wash, L50|\n|teampreview|4\n|inactive|Battle timer is ON: inactive players will automatically lose when time's up. (requested by xXElementalordXx)\n|inactive|CBNUN003 has 60 seconds left.\n|\n|t:|1776389716\n|teamsize|p1|4\n|teamsize|p2|4\n|start\n|switch|p1a: Farigiraf|Farigiraf, L50, F|100/100\n|switch|p1b: Slowking|Slowking, L50, M|100/100\n|switch|p2a: Rotom|Rotom-Wash, L50|100/100\n|switch|p2b: Gliscor|Gliscor, L50, M|100/100\n|turn|1\n|\n|t:|1776389735\n|move|p2a: Rotom|Thunderbolt|p1b: Slowking\n|-supereffective|p1b: Slowking|1\n|-damage|p1b: Slowking|46/100\n|move|p2b: Gliscor|U-turn|p1a: Farigiraf\n|-supereffective|p1a: Farigiraf|1\n|-damage|p1a: Farigiraf|71/100\n|\n|t:|1776389742\n|switch|p2b: Sableye|Sableye, L50, M|100/100|[from] U-turn\n|move|p1a: Farigiraf|Psychic Terrain|p1a: Farigiraf\n|-fieldstart|move: Psychic Terrain\n|move|p1b: Slowking|Trick Room|p1b: Slowking\n|-fieldstart|move: Trick Room|[of] p1b: Slowking\n|\n|upkeep\n|turn|2\n|\n|t:|1776389764\n|switch|p2b: Gliscor|Gliscor, L50, M|100/100\n|-prepare|p1b: Slowking|Chilly Reception|[premajor]\n|move|p1b: Slowking|Chilly Reception|p1b: Slowking\n|-weather|Snowscape\n|\n|t:|1776389769\n|switch|p1b: Crabominable|Crabominable, L50, M|100/100|[from] Chilly Reception\n|move|p1a: Farigiraf|Dazzling Gleam|p2b: Gliscor|[spread] p2a,p2b\n|-damage|p2a: Rotom|85/100\n|-damage|p2b: Gliscor|82/100\n|move|p2a: Rotom|Thunderbolt|p1b: Crabominable\n|-damage|p1b: Crabominable|59/100\n|\n|-weather|Snowscape|[upkeep]\n|upkeep\n|turn|3\n|inactive|CBNUN003 has 30 seconds left.\n|inactive|xXElementalordXx has 30 seconds left.\n|\n|t:|1776389807\n|detailschange|p1b: Crabominable|Crabominable-Mega, L50, M\n|-mega|p1b: Crabominable|Crabominable|Crabominite\n|move|p1b: Crabominable|Close Combat|p2a: Rotom\n|-damage|p2a: Rotom|3/100\n|-unboost|p1b: Crabominable|def|1\n|-unboost|p1b: Crabominable|spd|1\n|move|p1a: Farigiraf|Expanding Force|p2b: Gliscor|[spread] p2a,p2b\n|-damage|p2a: Rotom|0 fnt\n|-damage|p2b: Gliscor|28/100\n|faint|p2a: Rotom\n|move|p2b: Gliscor|U-turn|p1a: Farigiraf\n|-supereffective|p1a: Farigiraf|1\n|-crit|p1a: Farigiraf\n|-damage|p1a: Farigiraf|25/100\n|\n|t:|1776389827\n|switch|p2b: Aggron|Aggron, L50, F|100/100|[from] U-turn\n|\n|-weather|Snowscape|[upkeep]\n|upkeep\n|\n|t:|1776389838\n|switch|p2a: Sableye|Sableye, L50, M|100/100\n|turn|4\n|\n|t:|1776389861\n|detailschange|p2b: Aggron|Aggron-Mega, L50, F\n|-mega|p2b: Aggron|Aggron|Aggronite\n|move|p2a: Sableye|Quash||[still]\n|cant|p1a: Farigiraf|ability: Armor Tail|Quash|[of] p2a: Sableye\n|move|p1b: Crabominable|Ice Hammer|p2a: Sableye\n|-damage|p2a: Sableye|0 fnt\n|-unboost|p1b: Crabominable|spe|1\n|faint|p2a: Sableye\n|move|p2b: Aggron|Heavy Slam|p1a: Farigiraf\n|-damage|p1a: Farigiraf|6/100\n|move|p1a: Farigiraf|Expanding Force|p2b: Aggron\n|-resisted|p2b: Aggron|1\n|-damage|p2b: Aggron|69/100\n|\n|-weather|Snowscape|[upkeep]\n|upkeep\n|\n|t:|1776389879\n|switch|p2a: Gliscor|Gliscor, L50, M|28/100\n|turn|5\n|\n|t:|1776389898\n|move|p2a: Gliscor|Protect|p2a: Gliscor\n|-singleturn|p2a: Gliscor|Protect\n|move|p1b: Crabominable|Close Combat|p2b: Aggron\n|-supereffective|p2b: Aggron|1\n|-damage|p2b: Aggron|9/100\n|-unboost|p1b: Crabominable|def|1\n|-unboost|p1b: Crabominable|spd|1\n|move|p2b: Aggron|Heavy Slam|p1a: Farigiraf\n|-damage|p1a: Farigiraf|0 fnt\n|faint|p1a: Farigiraf\n|\n|-weather|Snowscape|[upkeep]\n|-fieldend|move: Trick Room\n|-fieldend|move: Psychic Terrain\n|upkeep\n|\n|t:|1776389910\n|switch|p1a: Slowking|Slowking, L50, M|46/100\n|turn|6\n|\n|t:|1776389928\n|switch|p1b: Incineroar|Incineroar, L50, F|100/100\n|-ability|p1b: Incineroar|Intimidate|boost\n|-fail|p2a: Gliscor|unboost|Attack|[from] ability: Hyper Cutter|[of] p2a: Gliscor\n|-unboost|p2b: Aggron|atk|1\n|move|p2a: Gliscor|U-turn|p1a: Slowking\n|-supereffective|p1a: Slowking|1\n|-damage|p1a: Slowking|1/100\n|move|p2b: Aggron|Body Press|p1b: Incineroar\n|-supereffective|p1b: Incineroar|1\n|-damage|p1b: Incineroar|5/100\n|move|p1a: Slowking|Trick Room|p1a: Slowking\n|-fieldstart|move: Trick Room|[of] p1a: Slowking\n|\n|-weather|none\n|upkeep\n|turn|7\n|inactive|CBNUN003 has 30 seconds left.\n|\n|t:|1776389957\n|move|p2b: Aggron|Protect|p2b: Aggron\n|-singleturn|p2b: Aggron|Protect\n|move|p2a: Gliscor|Protect|p2a: Gliscor\n|-singleturn|p2a: Gliscor|Protect\n|move|p1a: Slowking|Scald|p2a: Gliscor\n|-activate|p2a: Gliscor|move: Protect\n|move|p1b: Incineroar|Flare Blitz|p2b: Aggron\n|-activate|p2b: Aggron|move: Protect\n|\n|upkeep\n|turn|8\n|inactive|CBNUN003 has 30 seconds left.\n|\n|t:|1776389988\n|move|p1a: Slowking|Scald|p2a: Gliscor\n|-supereffective|p2a: Gliscor|1\n|-damage|p2a: Gliscor|0 fnt\n|faint|p2a: Gliscor\n|move|p2b: Aggron|Body Press|p1a: Slowking\n|-resisted|p1a: Slowking|1\n|-damage|p1a: Slowking|0 fnt\n|faint|p1a: Slowking\n|move|p1b: Incineroar|Flare Blitz|p2b: Aggron\n|-supereffective|p2b: Aggron|1\n|-damage|p2b: Aggron|0 fnt\n|faint|p2b: Aggron\n|-damage|p1b: Incineroar|3/100|[from] Recoil\n|\n|win|xXElementalordXx\n|raw|xXElementalordXx's rating: 1219 &rarr; <strong>1239</strong><br />(+20 for winning)\n|raw|CBNUN003's rating: 1147 &rarr; <strong>1127</strong><br />(-20 for losing)\n",
  "uploadtime": 1776390003,
  "views": 16,
  "formatid": "gen9championsvgc2026regma",
  "rating": 1127,
  "private": 0,
  "password": null
}