{
  "id": "gen9championsvgc2026regma-2583586545",
  "format": "[Gen 9 Champions] VGC 2026 Reg M-A",
  "players": [
    "chris466",
    "davkid"
  ],
  "log": "|j|\u2606chris466\n|j|\u203ddavkid\n|t:|1776184956\n|gametype|doubles\n|player|p1|chris466|red|1033\n|player|p2|davkid|170|1000\n|gen|9\n|tier|[Gen 9 Champions] VGC 2026 Reg M-A\n|rated|\n|rule|Species Clause: Limit one of each Pok\u00e9mon\n|rule|Item Clause: Limit 1 of each item\n|clearpoke\n|poke|p1|Primarina, L50, M|\n|poke|p1|Incineroar, L50, M|\n|poke|p1|Ninetales-Alola, L50, F|\n|poke|p1|Feraligatr, L50, F|\n|poke|p1|Torterra, L50, F|\n|poke|p1|Maushold, L50|\n|poke|p2|Charizard, L50, F|\n|poke|p2|Whimsicott, L50, F|\n|poke|p2|Garchomp, L50, M|\n|poke|p2|Venusaur, L50, F|\n|poke|p2|Incineroar, L50, M|\n|poke|p2|Sneasler, L50, M|\n|teampreview|4\n|inactive|Battle timer is ON: inactive players will automatically lose when time's up. (requested by davkid)\n|inactive|davkid has 60 seconds left.\n|\n|t:|1776184994\n|teamsize|p1|4\n|teamsize|p2|4\n|start\n|switch|p1a: Incineroar|Incineroar, L50, M|100/100\n|switch|p1b: Torterra|Torterra, L50, F|100/100\n|switch|p2a: Charizard|Charizard, L50, F, shiny|100/100\n|switch|p2b: Whimsicott|Whimsicott, L50, F|100/100\n|-ability|p1a: Incineroar|Intimidate|boost\n|-unboost|p2a: Charizard|atk|1\n|-unboost|p2b: Whimsicott|atk|1\n|turn|1\n|\n|t:|1776185018\n|switch|p2b: Incineroar|Incineroar, L50, M|100/100\n|-ability|p2b: Incineroar|Intimidate|boost\n|-unboost|p1a: Incineroar|atk|1\n|-unboost|p1b: Torterra|atk|1\n|-enditem|p1b: Torterra|White Herb\n|-clearnegativeboost|p1b: Torterra|[silent]\n|detailschange|p2a: Charizard|Charizard-Mega-Y, L50, F, shiny\n|-mega|p2a: Charizard|Charizard|Charizardite Y\n|-weather|SunnyDay|[from] ability: Drought|[of] p2a: Charizard\n|move|p2a: Charizard|Protect|p2a: Charizard\n|-singleturn|p2a: Charizard|Protect\n|move|p1a: Incineroar|Fake Out|p2b: Incineroar\n|-damage|p2b: Incineroar|93/100\n|move|p1b: Torterra|Rock Slide|p2a: Charizard|[spread] p2b\n|-activate|p2a: Charizard|move: Protect\n|-supereffective|p2b: Incineroar|1\n|-damage|p2b: Incineroar|52/100\n|\n|-weather|SunnyDay|[upkeep]\n|upkeep\n|turn|2\n|inactive|davkid has 30 seconds left.\n|\n|t:|1776185046\n|switch|p1b: Ninetales|Ninetales-Alola, L50, F|100/100\n|-weather|Snowscape|[from] ability: Snow Warning|[of] p1b: Ninetales\n|move|p2b: Incineroar|Fake Out|p1a: Incineroar\n|-damage|p1a: Incineroar|89/100\n|move|p2a: Charizard|Heat Wave|p1a: Incineroar|[spread] p1a,p1b\n|-resisted|p1a: Incineroar|1\n|-supereffective|p1b: Ninetales|1\n|-damage|p1a: Incineroar|75/100\n|-damage|p1b: Ninetales|13/100\n|cant|p1a: Incineroar|flinch\n|\n|-weather|Snowscape|[upkeep]\n|upkeep\n|turn|3\n|\n|t:|1776185066\n|switch|p2a: Sneasler|Sneasler, L50, M|100/100\n|move|p1b: Ninetales|Aurora Veil|p1b: Ninetales\n|-sidestart|p1: chris466|move: Aurora Veil\n|move|p2b: Incineroar|Flare Blitz|p1b: Ninetales\n|-supereffective|p1b: Ninetales|1\n|-damage|p1b: Ninetales|0 fnt\n|faint|p1b: Ninetales\n|-damage|p2b: Incineroar|49/100|[from] Recoil\n|-enditem|p2b: Incineroar|Sitrus Berry|[eat]\n|-heal|p2b: Incineroar|74/100|[from] item: Sitrus Berry\n|move|p1a: Incineroar|Parting Shot|p2a: Sneasler\n|-unboost|p2a: Sneasler|atk|1\n|-unboost|p2a: Sneasler|spa|1\n|\n|t:|1776185069\n|switch|p1a: Feraligatr|Feraligatr, L50, F|100/100|[from] Parting Shot\n|-enditem|p2a: Sneasler|White Herb\n|-clearnegativeboost|p2a: Sneasler|[silent]\n|\n|-weather|Snowscape|[upkeep]\n|upkeep\n|\n|t:|1776185070\n|switch|p1b: Torterra|Torterra, L50, F|100/100\n|turn|4\n|inactive|davkid has 30 seconds left.\n|\n|t:|1776185096\n|detailschange|p1a: Feraligatr|Feraligatr-Mega, L50, F\n|-mega|p1a: Feraligatr|Feraligatr|Feraligite\n|move|p2a: Sneasler|Dire Claw|p1b: Torterra\n|-damage|p1b: Torterra|71/100\n|move|p1a: Feraligatr|Swords Dance|p1a: Feraligatr\n|-boost|p1a: Feraligatr|atk|2\n|move|p1b: Torterra|Shell Smash|p1b: Torterra\n|-unboost|p1b: Torterra|def|1\n|-unboost|p1b: Torterra|spd|1\n|-boost|p1b: Torterra|atk|2\n|-boost|p1b: Torterra|spa|2\n|-boost|p1b: Torterra|spe|2\n|move|p2b: Incineroar|Parting Shot|p1a: Feraligatr\n|-unboost|p1a: Feraligatr|atk|1\n|-unboost|p1a: Feraligatr|spa|1\n|\n|t:|1776185109\n|switch|p2b: Whimsicott|Whimsicott, L50, F|100/100|[from] Parting Shot\n|\n|-weather|Snowscape|[upkeep]\n|upkeep\n|turn|5\n|\n|t:|1776185122\n|move|p2b: Whimsicott|Tailwind|p2b: Whimsicott\n|-sidestart|p2: davkid|move: Tailwind\n|move|p1a: Feraligatr|Aqua Jet|p2a: Sneasler\n|-damage|p2a: Sneasler|39/100\n|move|p2a: Sneasler|Close Combat|p1b: Torterra\n|-damage|p1b: Torterra|3/100\n|-unboost|p2a: Sneasler|def|1\n|-unboost|p2a: Sneasler|spd|1\n|move|p1b: Torterra|Rock Slide|p2a: Sneasler|[spread] p2a,p2b\n|-resisted|p2a: Sneasler|1\n|-damage|p2a: Sneasler|0 fnt\n|-damage|p2b: Whimsicott|41/100\n|faint|p2a: Sneasler\n|\n|-weather|Snowscape|[upkeep]\n|upkeep\n|\n|t:|1776185134\n|switch|p2a: Incineroar|Incineroar, L50, M|74/100\n|-ability|p2a: Incineroar|Intimidate|boost\n|-unboost|p1a: Feraligatr|atk|1\n|-unboost|p1b: Torterra|atk|1\n|turn|6\n|\n|t:|1776185141\n|move|p1a: Feraligatr|Protect|p1a: Feraligatr\n|-singleturn|p1a: Feraligatr|Protect\n|move|p2a: Incineroar|Fake Out|p1a: Feraligatr\n|-activate|p1a: Feraligatr|move: Protect\n|move|p2b: Whimsicott|Moonblast|p1b: Torterra\n|-damage|p1b: Torterra|0 fnt\n|faint|p1b: Torterra\n|\n|-weather|none\n|upkeep\n|\n|t:|1776185149\n|switch|p1b: Incineroar|Incineroar, L50, M|75/100\n|-ability|p1b: Incineroar|Intimidate|boost\n|-unboost|p2a: Incineroar|atk|1\n|-unboost|p2b: Whimsicott|atk|1\n|turn|7\n|\n|t:|1776185162\n|switch|p2b: Charizard|Charizard-Mega-Y, L50, F, shiny|100/100\n|-weather|SunnyDay|[from] ability: Drought|[of] p2b: Charizard\n|move|p1b: Incineroar|Fake Out|p2b: Charizard\n|-damage|p2b: Charizard|85/100\n|move|p2a: Incineroar|Darkest Lariat|p1a: Feraligatr\n|-damage|p1a: Feraligatr|84/100\n|move|p1a: Feraligatr|Swords Dance|p1a: Feraligatr\n|-boost|p1a: Feraligatr|atk|2\n|\n|-weather|SunnyDay|[upkeep]\n|-sideend|p1: chris466|move: Aurora Veil\n|upkeep\n|turn|8\n|\n|t:|1776185180\n|move|p2b: Charizard|Solar Beam||[still]\n|-prepare|p2b: Charizard|Solar Beam\n|-anim|p2b: Charizard|Solar Beam|p1a: Feraligatr\n|-damage|p1a: Feraligatr|27/100\n|move|p2a: Incineroar|Darkest Lariat|p1a: Feraligatr\n|-damage|p1a: Feraligatr|4/100\n|move|p1a: Feraligatr|Body Slam|p2b: Charizard\n|-damage|p2b: Charizard|0 fnt\n|faint|p2b: Charizard\n|move|p1b: Incineroar|Throat Chop|p2a: Incineroar\n|-resisted|p2a: Incineroar|1\n|-damage|p2a: Incineroar|59/100\n|-start|p2a: Incineroar|Throat Chop|[silent]\n|\n|-weather|SunnyDay|[upkeep]\n|-sideend|p2: davkid|move: Tailwind\n|upkeep\n|\n|t:|1776185190\n|switch|p2b: Whimsicott|Whimsicott, L50, F|41/100\n|turn|9\n|\n|t:|1776185206\n|move|p1a: Feraligatr|Aqua Jet|p2a: Incineroar\n|-supereffective|p2a: Incineroar|1\n|-damage|p2a: Incineroar|14/100\n|move|p2b: Whimsicott|Moonblast|p1b: Incineroar\n|-damage|p1b: Incineroar|46/100\n|move|p1b: Incineroar|Throat Chop|p2b: Whimsicott\n|-resisted|p2b: Whimsicott|1\n|-damage|p2b: Whimsicott|17/100\n|-start|p2b: Whimsicott|Throat Chop|[silent]\n|move|p2a: Incineroar|Flare Blitz|p1b: Incineroar\n|-resisted|p1b: Incineroar|1\n|-damage|p1b: Incineroar|19/100\n|-damage|p2a: Incineroar|6/100|[from] Recoil\n|\n|-weather|SunnyDay|[upkeep]\n|-end|p2a: Incineroar|Throat Chop|[silent]\n|upkeep\n|turn|10\n|\n|t:|1776185223\n|move|p1a: Feraligatr|Aqua Jet|p2a: Incineroar\n|-supereffective|p2a: Incineroar|1\n|-damage|p2a: Incineroar|0 fnt\n|faint|p2a: Incineroar\n|move|p2b: Whimsicott|Moonblast|p1b: Incineroar\n|-damage|p1b: Incineroar|0 fnt\n|faint|p1b: Incineroar\n|\n|-weather|SunnyDay|[upkeep]\n|-end|p2b: Whimsicott|Throat Chop|[silent]\n|upkeep\n|turn|11\n|\n|t:|1776185228\n|move|p1a: Feraligatr|Aqua Jet|p2b: Whimsicott\n|-resisted|p2b: Whimsicott|1\n|-damage|p2b: Whimsicott|0 fnt\n|faint|p2b: Whimsicott\n|\n|win|chris466\n|raw|chris466's rating: 1033 &rarr; <strong>1065</strong><br />(+32 for winning)\n|raw|davkid's rating: 1000 &rarr; <strong>1000</strong><br />(+0 for losing)\n|l|\u203ddavkid\n|player|p2|\n",
  "uploadtime": 1776185230,
  "views": 15,
  "formatid": "gen9championsvgc2026regma",
  "rating": 1000,
  "private": 0,
  "password": null
}