{
  "id": "gen9championsvgc2026regma-2582168158",
  "format": "[Gen 9 Champions] VGC 2026 Reg M-A",
  "players": [
    "Big Yahu Isreal",
    "czaciej1"
  ],
  "log": "|j|\u2606Big Yahu Isreal\n|j|\u2606czaciej1\n|t:|1776066666\n|gametype|doubles\n|player|p1|Big Yahu Isreal|crasherwake|1001\n|player|p2|czaciej1|medium|1000\n|gen|9\n|tier|[Gen 9 Champions] VGC 2026 Reg M-A\n|rated|\n|rule|Species Clause: Limit one of each Pok\u00e9mon\n|rule|Item Clause: Limit 1 of each item\n|clearpoke\n|poke|p1|Froslass, L50, F|\n|poke|p1|Ninetales-Alola, L50, F|\n|poke|p1|Runerigus, L50, M|\n|poke|p1|Glimmora, L50, F|\n|poke|p1|Castform, L50, M|\n|poke|p1|Ditto, L50|\n|poke|p2|Meganium, L50, F|\n|poke|p2|Pelipper, L50, M|\n|poke|p2|Basculegion, L50, M|\n|poke|p2|Sneasler, L50, M|\n|poke|p2|Lycanroc-Dusk, L50, M|\n|poke|p2|Greninja-*, L50, F|\n|teampreview|4\nBig Yahu Isreal rejected open team sheets.\n|c|\u2606Big Yahu Isreal|GLHF\n|\n|t:|1776066704\n|teamsize|p1|4\n|teamsize|p2|4\n|start\n|switch|p1a: Runerigus|Runerigus, L50, M|100/100\n|switch|p1b: Glimmora|Glimmora, L50, F|100/100\n|switch|p2a: Meganium|Meganium, L50, F|100/100\n|switch|p2b: Pelipper|Pelipper, L50, M|100/100\n|-weather|RainDance|[from] ability: Drizzle|[of] p2b: Pelipper\n|turn|1\n|c|\u2606czaciej1|U2\n|c|\u2606Big Yahu Isreal|also I didnt know lyranrock was in this game\n|c|\u2606Big Yahu Isreal|cool\n|c|\u2606Big Yahu Isreal|I should run that for charizard Y\n|\n|t:|1776066743\n|detailschange|p2a: Meganium|Meganium-Mega, L50, F\n|-mega|p2a: Meganium|Meganium|Meganiumite\n|move|p1b: Glimmora|Sludge Bomb|p2a: Meganium\n|-supereffective|p2a: Meganium|2\n|-damage|p2a: Meganium|0 fnt\n|faint|p2a: Meganium\n|move|p2b: Pelipper|Tailwind|p2b: Pelipper\n|-sidestart|p2: czaciej1|move: Tailwind\n|move|p1a: Runerigus|Poltergeist|p2b: Pelipper\n|-activate|p2b: Pelipper|move: Poltergeist|Mental Herb\n|-damage|p2b: Pelipper|49/100\n|\n|-weather|RainDance|[upkeep]\n|upkeep\n|c|\u2606czaciej1|Oh she is faster\n|c|\u2606czaciej1|Wow\n|c|\u2606Big Yahu Isreal|151\n|\n|t:|1776066770\n|switch|p2a: Lycanroc|Lycanroc-Dusk, L50, M, shiny|100/100\n|turn|2\n|\n|t:|1776066788\n|move|p2a: Lycanroc|Drill Run|p1a: Runerigus\n|-damage|p1a: Runerigus|73/100\n|-activate|p2a: Lycanroc|Skill Swap|Wandering Spirit|Tough Claws|[of] p1a: Runerigus\n|move|p2b: Pelipper|Hurricane|p1b: Glimmora\n|-resisted|p1b: Glimmora|1\n|-damage|p1b: Glimmora|71/100\n|move|p1b: Glimmora|Spikes|p2a: Lycanroc\n|-sidestart|p2: czaciej1|Spikes\n|move|p1a: Runerigus|Poltergeist|p2b: Pelipper\n|-activate|p2b: Pelipper|move: Poltergeist|Mental Herb\n|-damage|p2b: Pelipper|1/100\n|\n|-weather|RainDance|[upkeep]\n|upkeep\n|turn|3\n|c|\u2606czaciej1|I got my ankles broken\n|c|\u2606czaciej1|Gg\n|c|\u2606Big Yahu Isreal|lol\n|c|\u2606Big Yahu Isreal|gg\n|\n|t:|1776066816\n|move|p2a: Lycanroc|Drill Run|p1a: Runerigus\n|-damage|p1a: Runerigus|53/100\n|move|p2b: Pelipper|Weather Ball|p1b: Glimmora\n|-supereffective|p1b: Glimmora|1\n|-damage|p1b: Glimmora|0 fnt\n|faint|p1b: Glimmora\n|move|p1a: Runerigus|Stealth Rock|p2a: Lycanroc\n|-sidestart|p2: czaciej1|move: Stealth Rock\n|\n|-weather|RainDance|[upkeep]\n|upkeep\n|\n|t:|1776066825\n|switch|p1b: Froslass|Froslass, L50, F|100/100\n|turn|4\n|\n|t:|1776066854\n|detailschange|p1b: Froslass|Froslass-Mega, L50, F\n|-mega|p1b: Froslass|Froslass|Froslassite\n|-weather|Snowscape|[from] ability: Snow Warning|[of] p1b: Froslass\n|move|p1b: Froslass|Protect|p1b: Froslass\n|-singleturn|p1b: Froslass|Protect\n|move|p2a: Lycanroc|Accelerock|p1b: Froslass\n|-activate|p1b: Froslass|move: Protect\n|move|p2b: Pelipper|Hurricane|p1a: Runerigus\n|-damage|p1a: Runerigus|7/100\n|-start|p1a: Runerigus|confusion\n|-activate|p1a: Runerigus|confusion\n|-damage|p1a: Runerigus|0 fnt|[from] confusion\n|faint|p1a: Runerigus\n|\n|-weather|Snowscape|[upkeep]\n|-sideend|p2: czaciej1|move: Tailwind\n|upkeep\n|\n|t:|1776066866\n|switch|p1a: Ninetales|Ninetales-Alola, L50, F|100/100\n|turn|5\n|\n|t:|1776066896\n|move|p2b: Pelipper|Wide Guard|p2b: Pelipper\n|-singleturn|p2b: Pelipper|Wide Guard\n|move|p2a: Lycanroc|Accelerock|p1b: Froslass\n|-supereffective|p1b: Froslass|1\n|-damage|p1b: Froslass|58/100\n|move|p1b: Froslass|Blizzard|p2a: Lycanroc|[spread] \n|-activate|p2a: Lycanroc|move: Wide Guard\n|-activate|p2b: Pelipper|move: Wide Guard\n|move|p1a: Ninetales|Aurora Veil|p1a: Ninetales\n|-sidestart|p1: Big Yahu Isreal|move: Aurora Veil\n|\n|-weather|Snowscape|[upkeep]\n|upkeep\n|turn|6\n|\n|t:|1776066930\n|move|p2a: Lycanroc|Accelerock|p1b: Froslass\n|-supereffective|p1b: Froslass|1\n|-damage|p1b: Froslass|27/100\n|move|p1b: Froslass|Thunderbolt|p2b: Pelipper\n|-supereffective|p2b: Pelipper|2\n|-damage|p2b: Pelipper|0 fnt\n|faint|p2b: Pelipper\n|move|p1a: Ninetales|Dazzling Gleam|p2a: Lycanroc\n|-damage|p2a: Lycanroc|49/100\n|\n|-weather|Snowscape|[upkeep]\n|upkeep\n|\n|t:|1776066941\n|switch|p2b: Basculegion|Basculegion, L50, M, shiny|100/100\n|-damage|p2b: Basculegion|88/100|[from] Spikes\n|-damage|p2b: Basculegion|76/100|[from] Stealth Rock\n|turn|7\n|\n|t:|1776066958\n|move|p1b: Froslass|Protect|p1b: Froslass\n|-singleturn|p1b: Froslass|Protect\n|move|p2a: Lycanroc|Accelerock|p1a: Ninetales\n|-supereffective|p1a: Ninetales|1\n|-damage|p1a: Ninetales|76/100\n|move|p2b: Basculegion|Last Respects|p1a: Ninetales\n|-damage|p1a: Ninetales|22/100\n|move|p1a: Ninetales|Dazzling Gleam|p2a: Lycanroc|[spread] p2a,p2b\n|-damage|p2a: Lycanroc|10/100\n|-damage|p2b: Basculegion|52/100\n|\n|-weather|Snowscape|[upkeep]\n|upkeep\n|turn|8\n|\n|t:|1776066975\n|move|p2a: Lycanroc|Accelerock|p1b: Froslass\n|-supereffective|p1b: Froslass|1\n|-damage|p1b: Froslass|0 fnt\n|faint|p1b: Froslass\n|move|p2b: Basculegion|Last Respects|p1a: Ninetales\n|-damage|p1a: Ninetales|0 fnt\n|faint|p1a: Ninetales\n|\n|win|czaciej1\n|raw|Big Yahu Isreal's rating: 1001 &rarr; <strong>1000</strong><br />(-1 for losing)\n|raw|czaciej1's rating: 1000 &rarr; <strong>1040</strong><br />(+40 for winning)\n|l|\u2606Big Yahu Isreal\n|player|p1|\n|c|\u2606czaciej1|Gg\n|c|\u2606czaciej1|Fu\n|c|\u2606czaciej1|Fun\n",
  "uploadtime": 1776066993,
  "views": 17,
  "formatid": "gen9championsvgc2026regma",
  "rating": 1000,
  "private": 0,
  "password": null
}