{
  "id": "gen9championsvgc2026regma-2581204038",
  "format": "[Gen 9 Champions] VGC 2026 Reg M-A",
  "players": [
    "mahery8",
    "Phlark"
  ],
  "log": "|j|\u2606mahery8\n|j|\u2606Phlark\n|t:|1775970442\n|gametype|doubles\n|player|p1|mahery8|265|1111\n|player|p2|Phlark|101|1086\n|gen|9\n|tier|[Gen 9 Champions] VGC 2026 Reg M-A\n|rated|\n|rule|Species Clause: Limit one of each Pok\u00e9mon\n|rule|Item Clause: Limit 1 of each item\n|clearpoke\n|poke|p1|Starmie, L50|\n|poke|p1|Incineroar, L50, F|\n|poke|p1|Pelipper, L50, M|\n|poke|p1|Sinistcha, L50|\n|poke|p1|Orthworm, L50, M|\n|poke|p1|Skarmory, L50, M|\n|poke|p2|Kleavor, L50, F|\n|poke|p2|Aggron, L50, F|\n|poke|p2|Sinistcha, L50|\n|poke|p2|Ninetales-Alola, L50, M|\n|poke|p2|Incineroar, L50, F|\n|poke|p2|Rotom-Wash, L50|\n|teampreview|4\n|\n|t:|1775970468\n|teamsize|p1|4\n|teamsize|p2|4\n|start\n|switch|p1a: Orthworm|Orthworm, L50, M|100/100\n|switch|p1b: Incineroar|Incineroar, L50, F|100/100\n|switch|p2a: Aggron|Aggron, L50, F|100/100\n|switch|p2b: Kleavor|Kleavor, L50, F|100/100\n|-ability|p1b: Incineroar|Intimidate|boost\n|-unboost|p2a: Aggron|atk|1\n|-unboost|p2b: Kleavor|atk|1\n|turn|1\n|l|\u2606mahery8\n|player|p1|\n|j|\u2606mahery8\n|player|p1|mahery8|265|\n|\n|t:|1775970494\n|detailschange|p2a: Aggron|Aggron-Mega, L50, F\n|-mega|p2a: Aggron|Aggron|Aggronite\n|move|p1b: Incineroar|Fake Out|p2a: Aggron\n|-resisted|p2a: Aggron|1\n|-damage|p2a: Aggron|98/100\n|move|p2b: Kleavor|U-turn|p1b: Incineroar\n|-damage|p1b: Incineroar|79/100\n|\n|t:|1775970500\n|switch|p2b: Ninetales|Ninetales-Alola, L50, M|100/100|[from] U-turn\n|-weather|Snowscape|[from] ability: Snow Warning|[of] p2b: Ninetales\n|move|p1a: Orthworm|Iron Defense|p1a: Orthworm\n|-boost|p1a: Orthworm|def|2\n|cant|p2a: Aggron|flinch\n|\n|-weather|Snowscape|[upkeep]\n|upkeep\n|turn|2\n|\n|t:|1775970528\n|switch|p2b: Kleavor|Kleavor, L50, F|100/100\n|switch|p1b: Pelipper|Pelipper, L50, M|100/100\n|-weather|RainDance|[from] ability: Drizzle|[of] p1b: Pelipper\n|move|p1a: Orthworm|Heavy Slam|p2b: Kleavor\n|-supereffective|p2b: Kleavor|1\n|-damage|p2b: Kleavor|44/100\n|move|p2a: Aggron|Iron Defense|p2a: Aggron\n|-boost|p2a: Aggron|def|2\n|\n|-weather|RainDance|[upkeep]\n|upkeep\n|turn|3\n|\n|t:|1775970561\n|switch|p2b: Ninetales|Ninetales-Alola, L50, M|100/100\n|-weather|Snowscape|[from] ability: Snow Warning|[of] p2b: Ninetales\n|switch|p1b: Incineroar|Incineroar, L50, F|79/100\n|-ability|p1b: Incineroar|Intimidate|boost\n|-unboost|p2a: Aggron|atk|1\n|-unboost|p2b: Ninetales|atk|1\n|move|p1a: Orthworm|Shed Tail|p1a: Orthworm\n|-start|p1a: Orthworm|Substitute|[from] move: Shed Tail\n|-damage|p1a: Orthworm|50/100\n|-enditem|p1a: Orthworm|Sitrus Berry|[eat]\n|-heal|p1a: Orthworm|75/100|[from] item: Sitrus Berry\n|\n|t:|1775970577\n|switch|p1a: Starmie|Starmie, L50|100/100|[from] Shed Tail\n|move|p2a: Aggron|Body Press|p1a: Starmie\n|-resisted|p1a: Starmie|1\n|-end|p1a: Starmie|Substitute\n|\n|-weather|Snowscape|[upkeep]\n|upkeep\n|turn|4\n|\n|t:|1775970593\n|switch|p1b: Pelipper|Pelipper, L50, M|100/100\n|-weather|RainDance|[from] ability: Drizzle|[of] p1b: Pelipper\n|detailschange|p1a: Starmie|Starmie-Mega, L50\n|-mega|p1a: Starmie|Starmie|Starminite\n|move|p2b: Ninetales|Aurora Veil||[still]\n|-fail|p2b: Ninetales\n|move|p1a: Starmie|Liquidation|p2a: Aggron\n|-damage|p2a: Aggron|67/100\n|move|p2a: Aggron|Body Press|p1b: Pelipper\n|-resisted|p1b: Pelipper|1\n|-damage|p1b: Pelipper|67/100\n|\n|-weather|RainDance|[upkeep]\n|upkeep\n|turn|5\n|\n|t:|1775970622\n|move|p2b: Ninetales|Dazzling Gleam|p1a: Starmie|[spread] p1a,p1b\n|-damage|p1a: Starmie|79/100\n|-damage|p1b: Pelipper|42/100\n|move|p1a: Starmie|Liquidation|p2a: Aggron\n|-damage|p2a: Aggron|34/100\n|move|p1b: Pelipper|Hurricane|p2a: Aggron\n|-resisted|p2a: Aggron|1\n|-damage|p2a: Aggron|16/100\n|move|p2a: Aggron|Iron Defense|p2a: Aggron\n|-boost|p2a: Aggron|def|2\n|\n|-weather|RainDance|[upkeep]\n|upkeep\n|turn|6\n|\n|t:|1775970639\n|switch|p2b: Sinistcha|Sinistcha, L50|100/100\n|-heal|p2a: Aggron|41/100|[from] ability: Hospitality|[of] p2b: Sinistcha\n|switch|p1b: Incineroar|Incineroar, L50, F|79/100\n|-ability|p1b: Incineroar|Intimidate|boost\n|-unboost|p2a: Aggron|atk|1\n|-unboost|p2b: Sinistcha|atk|1\n|move|p1a: Starmie|Liquidation|p2a: Aggron\n|-damage|p2a: Aggron|19/100\n|move|p2a: Aggron|Body Press|p1b: Incineroar\n|-supereffective|p1b: Incineroar|1\n|-enditem|p1b: Incineroar|Chople Berry|[eat]\n|-enditem|p1b: Incineroar|Chople Berry|[weaken]\n|-damage|p1b: Incineroar|0 fnt\n|faint|p1b: Incineroar\n|\n|-weather|RainDance|[upkeep]\n|upkeep\n|\n|t:|1775970657\n|switch|p1b: Orthworm|Orthworm, L50, M|75/100\n|turn|7\n|\n|t:|1775970676\n|switch|p2b: Ninetales|Ninetales-Alola, L50, M|100/100\n|-weather|Snowscape|[from] ability: Snow Warning|[of] p2b: Ninetales\n|move|p1a: Starmie|Liquidation|p2a: Aggron\n|-damage|p2a: Aggron|6/100\n|move|p1b: Orthworm|Body Press|p2a: Aggron\n|-supereffective|p2a: Aggron|1\n|-damage|p2a: Aggron|0 fnt\n|faint|p2a: Aggron\n|\n|-weather|Snowscape|[upkeep]\n|upkeep\n|\n|t:|1775970690\n|switch|p2a: Kleavor|Kleavor, L50, F|44/100\n|turn|8\n|\n|t:|1775970700\n|switch|p2b: Sinistcha|Sinistcha, L50|100/100\n|-heal|p2a: Kleavor|69/100|[from] ability: Hospitality|[of] p2b: Sinistcha\n|switch|p1b: Pelipper|Pelipper, L50, M|42/100\n|-weather|RainDance|[from] ability: Drizzle|[of] p1b: Pelipper\n|move|p2a: Kleavor|U-turn|p1a: Starmie\n|-supereffective|p1a: Starmie|1\n|-damage|p1a: Starmie|0 fnt\n|faint|p1a: Starmie\n|\n|t:|1775970710\n|switch|p2a: Ninetales|Ninetales-Alola, L50, M|100/100|[from] U-turn\n|-weather|Snowscape|[from] ability: Snow Warning|[of] p2a: Ninetales\n|\n|-weather|Snowscape|[upkeep]\n|upkeep\n|\n|t:|1775970714\n|switch|p1a: Orthworm|Orthworm, L50, M|75/100\n|turn|9\n|\n|t:|1775970728\n|move|p2b: Sinistcha|Rage Powder|p2b: Sinistcha\n|-singleturn|p2b: Sinistcha|move: Rage Powder\n|move|p2a: Ninetales|Blizzard|p1b: Pelipper|[spread] p1a,p1b\n|-resisted|p1a: Orthworm|1\n|-damage|p1a: Orthworm|51/100\n|-damage|p1b: Pelipper|6/100\n|move|p1b: Pelipper|Tailwind|p1b: Pelipper\n|-sidestart|p1: mahery8|move: Tailwind\n|move|p1a: Orthworm|Heavy Slam|p2b: Sinistcha\n|-damage|p2b: Sinistcha|65/100\n|\n|-weather|Snowscape|[upkeep]\n|upkeep\n|turn|10\n|inactive|Battle timer is ON: inactive players will automatically lose when time's up. (requested by Phlark)\n|\n|t:|1775970793\n|move|p2b: Sinistcha|Rage Powder|p2b: Sinistcha\n|-singleturn|p2b: Sinistcha|move: Rage Powder\n|move|p2a: Ninetales|Blizzard|p1a: Orthworm|[spread] p1a,p1b\n|-resisted|p1a: Orthworm|1\n|-damage|p1a: Orthworm|25/100\n|-damage|p1b: Pelipper|0 fnt\n|faint|p1b: Pelipper\n|move|p1a: Orthworm|Heavy Slam|p2b: Sinistcha\n|-damage|p2b: Sinistcha|29/100\n|-enditem|p2b: Sinistcha|Sitrus Berry|[eat]\n|-heal|p2b: Sinistcha|53/100|[from] item: Sitrus Berry\n|\n|-weather|Snowscape|[upkeep]\n|upkeep\n|turn|11\n|-message|mahery8 forfeited.\n|\n|win|Phlark\n|raw|mahery8's rating: 1111 &rarr; <strong>1084</strong><br />(-27 for losing)\n|raw|Phlark's rating: 1086 &rarr; <strong>1115</strong><br />(+29 for winning)\n|l|\u2606mahery8\n|player|p1|\n",
  "uploadtime": 1775970831,
  "views": 19,
  "formatid": "gen9championsvgc2026regma",
  "rating": 1084,
  "private": 0,
  "password": null
}