{
  "id": "gen9championsvgc2026regma-2586534517",
  "format": "[Gen 9 Champions] VGC 2026 Reg M-A",
  "players": [
    "Ikeamp88",
    "kocooo"
  ],
  "log": "|j|\u2606Ikeamp88\n|j|\u2606kocooo\n|t:|1776441304\n|gametype|doubles\n|player|p1|Ikeamp88|266|1143\n|player|p2|kocooo|roxie|1059\n|gen|9\n|tier|[Gen 9 Champions] VGC 2026 Reg M-A\n|rated|\n|rule|Species Clause: Limit one of each Pok\u00e9mon\n|rule|Item Clause: Limit 1 of each item\n|clearpoke\n|poke|p1|Zoroark-Hisui, L50, M|\n|poke|p1|Passimian, L50, F|\n|poke|p1|Delphox, L50, M|\n|poke|p1|Tsareena, L50, F|\n|poke|p1|Rotom-Wash, L50|\n|poke|p1|Aerodactyl, L50, M|\n|poke|p2|Crabominable, L50, F|\n|poke|p2|Audino, L50, F|\n|poke|p2|Mamoswine, L50, F|\n|poke|p2|Aerodactyl, L50, F|\n|poke|p2|Milotic, L50, F|\n|poke|p2|Kingambit, L50, F|\n|teampreview|4\n|\n|t:|1776441343\n|teamsize|p1|4\n|teamsize|p2|4\n|start\n|switch|p1a: Rotom|Rotom-Wash, L50|100/100\n|switch|p1b: Passimian|Passimian, L50, F|100/100\n|switch|p2a: Mamo|Mamoswine, L50, F, shiny|100/100\n|switch|p2b: Aero|Aerodactyl, L50, F, shiny|100/100\n|turn|1\n|\n|t:|1776441360\n|move|p1b: Passimian|Close Combat|p2a: Mamo\n|-supereffective|p2a: Mamo|1\n|-damage|p2a: Mamo|0 fnt\n|-unboost|p1b: Passimian|def|1\n|-unboost|p1b: Passimian|spd|1\n|faint|p2a: Mamo\n|move|p2b: Aero|Tailwind|p2b: Aero\n|-sidestart|p2: kocooo|move: Tailwind\n|move|p1a: Rotom|Volt Switch|p2b: Aero\n|-supereffective|p2b: Aero|1\n|-damage|p2b: Aero|8/100\n|\n|t:|1776441375\n|switch|p1a: Tsareena|Tsareena, L50, F|100/100|[from] Volt Switch\n|\n|upkeep\n|\n|t:|1776441380\n|switch|p2a: Au|Audino, L50, F, shiny|100/100\n|turn|2\n|\n|t:|1776441391\n|switch|p1b: Rotom|Rotom-Wash, L50|100/100\n|move|p1a: Tsareena|Protect|p1a: Tsareena\n|-singleturn|p1a: Tsareena|Protect\n|move|p2b: Aero|Dual Wingbeat|p1b: Rotom\n|-resisted|p1b: Rotom|1\n|-damage|p1b: Rotom|88/100\n|-resisted|p1b: Rotom|1\n|-damage|p1b: Rotom|75/100\n|-hitcount|p1b: Rotom|2\n|move|p2a: Au|Trick Room|p2a: Au\n|-fieldstart|move: Trick Room|[of] p2a: Au\n|\n|upkeep\n|turn|3\n|\n|t:|1776441417\n|move|p1a: Tsareena|Taunt|p2a: Au\n|-start|p2a: Au|move: Taunt\n|move|p2a: Au|Ice Beam|p1a: Tsareena\n|-supereffective|p1a: Tsareena|1\n|-damage|p1a: Tsareena|73/100\n|-status|p1a: Tsareena|frz\n|move|p1b: Rotom|Volt Switch|p2b: Aero\n|-supereffective|p2b: Aero|1\n|-damage|p2b: Aero|0 fnt\n|faint|p2b: Aero\n|\n|t:|1776441429\n|switch|p1b: Passimian|Passimian, L50, F|100/100|[from] Volt Switch\n|\n|upkeep\n|\n|t:|1776441432\n|switch|p2b: Cra|Crabominable, L50, F, shiny|100/100\n|turn|4\n|\n|t:|1776441449\n|detailschange|p2b: Cra|Crabominable-Mega, L50, F, shiny\n|-mega|p2b: Cra|Crabominable|Crabominite\n|cant|p1a: Tsareena|frz\n|move|p2b: Cra|Drain Punch|p1b: Passimian\n|-damage|p1b: Passimian|32/100\n|move|p2a: Au|Ice Beam|p1a: Tsareena\n|-supereffective|p1a: Tsareena|1\n|-damage|p1a: Tsareena|46/100 frz\n|move|p1b: Passimian|Close Combat|p2a: Au\n|-supereffective|p2a: Au|1\n|-damage|p2a: Au|0 fnt\n|-unboost|p1b: Passimian|def|1\n|-unboost|p1b: Passimian|spd|1\n|faint|p2a: Au\n|\n|-sideend|p2: kocooo|move: Tailwind\n|upkeep\n|turn|5\n|\n|t:|1776441466\n|cant|p1a: Tsareena|frz\n|move|p2b: Cra|Drain Punch|p1b: Passimian\n|-damage|p1b: Passimian|0 fnt\n|faint|p1b: Passimian\n|\n|upkeep\n|\n|t:|1776441471\n|switch|p1b: Rotom|Rotom-Wash, L50|75/100\n|turn|6\n|\n|t:|1776441478\n|move|p2b: Cra|Drain Punch|p1a: Tsareena\n|-damage|p1a: Tsareena|0 fnt\n|faint|p1a: Tsareena\n|move|p1b: Rotom|Will-O-Wisp|p2b: Cra\n|-status|p2b: Cra|brn\n|\n|-damage|p2b: Cra|95/100 brn|[from] brn\n|-fieldend|move: Trick Room\n|upkeep\n|\n|t:|1776441481\n|switch|p1a: Delphox|Delphox, L50, M|100/100\n|turn|7\n|\n|t:|1776441488\n|detailschange|p1a: Delphox|Delphox-Mega, L50, M\n|-mega|p1a: Delphox|Delphox|Delphoxite\n|move|p1a: Delphox|Heat Wave|p2b: Cra\n|-supereffective|p2b: Cra|1\n|-damage|p2b: Cra|0 fnt\n|faint|p2b: Cra\n|\n|win|Ikeamp88\n|raw|Ikeamp88's rating: 1143 &rarr; <strong>1162</strong><br />(+19 for winning)\n|raw|kocooo's rating: 1059 &rarr; <strong>1045</strong><br />(-14 for losing)\n|l|\u2606kocooo\n|player|p2|\n",
  "uploadtime": 1776441493,
  "views": 40,
  "formatid": "gen9championsvgc2026regma",
  "rating": 1045,
  "private": 0,
  "password": null
}