{
  "id": "gen9championsvgc2026regma-2580775948",
  "format": "[Gen 9 Champions] VGC 2026 Reg M-A",
  "players": [
    "grok how do i win?",
    "parapapa123"
  ],
  "log": "|j|\u2606grok how do i win?\n|j|\u2606parapapa123\n|t:|1775931531\n|gametype|doubles\n|player|p1|grok how do i win?|2|1208\n|player|p2|parapapa123|dawn|1279\n|gen|9\n|tier|[Gen 9 Champions] VGC 2026 Reg M-A\n|rated|\n|rule|Species Clause: Limit one of each Pok\u00e9mon\n|rule|Item Clause: Limit 1 of each item\n|clearpoke\n|poke|p1|Charizard, L50, M|\n|poke|p1|Venusaur, L50, M|\n|poke|p1|Garchomp, L50, M|\n|poke|p1|Incineroar, L50, M|\n|poke|p1|Whimsicott, L50, M|\n|poke|p1|Raichu, L50, F|\n|poke|p2|Arcanine, L50, M|\n|poke|p2|Rotom-Wash, L50|\n|poke|p2|Gardevoir, L50, F|\n|poke|p2|Garchomp, L50, F|\n|poke|p2|Sinistcha, L50|\n|poke|p2|Tyranitar, L50, F|\n|teampreview|4\n|inactive|Battle timer is ON: inactive players will automatically lose when time's up. (requested by parapapa123)\n|\n|t:|1775931581\n|teamsize|p1|4\n|teamsize|p2|4\n|start\n|switch|p1a: Venusaur|Venusaur, L50, M, shiny|100/100\n|switch|p1b: Charizard|Charizard, L50, M, shiny|100/100\n|switch|p2a: Rotom|Rotom-Wash, L50|100/100\n|switch|p2b: Arcanine|Arcanine, L50, M|100/100\n|-ability|p2b: Arcanine|Intimidate|boost\n|-unboost|p1a: Venusaur|atk|1\n|-unboost|p1b: Charizard|atk|1\n|turn|1\n|inactive|parapapa123 has 30 seconds left.\n|\n|t:|1775931607\n|move|p1b: Charizard|Protect|p1b: Charizard\n|-singleturn|p1b: Charizard|Protect\n|move|p2a: Rotom|Volt Switch|p1a: Venusaur\n|-resisted|p1a: Venusaur|1\n|-damage|p1a: Venusaur|82/100\n|\n|t:|1775931613\n|switch|p2a: Gardevoir|Gardevoir, L50, F|100/100|[from] Volt Switch\n|move|p1a: Venusaur|Sleep Powder|p2b: Arcanine\n|-status|p2b: Arcanine|slp|[from] move: Sleep Powder\n|cant|p2b: Arcanine|slp\n|\n|upkeep\n|turn|2\n|\n|t:|1775931625\n|switch|p2b: Tyranitar|Tyranitar, L50, F|100/100\n|-weather|Sandstorm|[from] ability: Sand Stream|[of] p2b: Tyranitar\n|detailschange|p1b: Charizard|Charizard-Mega-Y, L50, M, shiny\n|-mega|p1b: Charizard|Charizard|Charizardite Y\n|-weather|SunnyDay|[from] ability: Drought|[of] p1b: Charizard\n|move|p2a: Gardevoir|Protect|p2a: Gardevoir\n|-singleturn|p2a: Gardevoir|Protect\n|move|p1a: Venusaur|Sludge Bomb|p2a: Gardevoir\n|-activate|p2a: Gardevoir|move: Protect\n|move|p1b: Charizard|Heat Wave|p2a: Gardevoir|[spread] p2b\n|-activate|p2a: Gardevoir|move: Protect\n|-resisted|p2b: Tyranitar|1\n|-damage|p2b: Tyranitar|74/100\n|\n|-weather|SunnyDay|[upkeep]\n|upkeep\n|turn|3\n|\n|t:|1775931645\n|switch|p1b: Whimsicott|Whimsicott, L50, M, shiny|100/100\n|move|p2a: Gardevoir|Protect|p2a: Gardevoir\n|-singleturn|p2a: Gardevoir|Protect\n|move|p1a: Venusaur|Giga Drain|p2b: Tyranitar\n|-supereffective|p2b: Tyranitar|1\n|-damage|p2b: Tyranitar|13/100\n|-heal|p1a: Venusaur|100/100|[from] drain|[of] p2b: Tyranitar\n|move|p2b: Tyranitar|Rock Slide|p1b: Whimsicott|[spread] p1a,p1b\n|-damage|p1a: Venusaur|66/100\n|-damage|p1b: Whimsicott|68/100\n|\n|-weather|SunnyDay|[upkeep]\n|upkeep\n|turn|4\n|\n|t:|1775931661\n|switch|p2b: Arcanine|Arcanine, L50, M|100/100 slp\n|-ability|p2b: Arcanine|Intimidate|boost\n|-unboost|p1a: Venusaur|atk|1\n|-unboost|p1b: Whimsicott|atk|1\n|detailschange|p2a: Gardevoir|Gardevoir-Mega, L50, F\n|-mega|p2a: Gardevoir|Gardevoir|Gardevoirite\n|move|p1b: Whimsicott|Tailwind|p1b: Whimsicott\n|-sidestart|p1: grok how do i win?|move: Tailwind\n|move|p1a: Venusaur|Sludge Bomb|p2a: Gardevoir\n|-supereffective|p2a: Gardevoir|1\n|-damage|p2a: Gardevoir|41/100\n|move|p2a: Gardevoir|Trick Room|p2a: Gardevoir\n|-fieldstart|move: Trick Room|[of] p2a: Gardevoir\n|\n|-weather|SunnyDay|[upkeep]\n|upkeep\n|turn|5\n|\n|t:|1775931679\n|move|p2a: Gardevoir|Psyshock|p1a: Venusaur\n|-supereffective|p1a: Venusaur|1\n|-damage|p1a: Venusaur|0 fnt\n|faint|p1a: Venusaur\n|cant|p2b: Arcanine|slp\n|move|p1b: Whimsicott|Moonblast|p2b: Arcanine\n|-resisted|p2b: Arcanine|1\n|-damage|p2b: Arcanine|87/100 slp\n|\n|-weather|SunnyDay|[upkeep]\n|upkeep\n|\n|t:|1775931687\n|switch|p1a: Charizard|Charizard-Mega-Y, L50, M, shiny|100/100\n|turn|6\n|\n|t:|1775931696\n|move|p1b: Whimsicott|Fake Tears|p2b: Arcanine\n|-unboost|p2b: Arcanine|spd|2\n|move|p2a: Gardevoir|Hyper Voice|p1a: Charizard|[spread] p1a,p1b\n|-resisted|p1a: Charizard|1\n|-damage|p1a: Charizard|75/100\n|-damage|p1b: Whimsicott|0 fnt\n|faint|p1b: Whimsicott\n|-curestatus|p2b: Arcanine|slp|[msg]\n|move|p2b: Arcanine|Snarl|p1a: Charizard\n|-damage|p1a: Charizard|63/100\n|-unboost|p1a: Charizard|spa|1\n|move|p1a: Charizard|Heat Wave|p2b: Arcanine|[spread] p2a,p2b\n|-resisted|p2b: Arcanine|1\n|-damage|p2a: Gardevoir|8/100\n|-damage|p2b: Arcanine|45/100\n|-enditem|p2b: Arcanine|Sitrus Berry|[eat]\n|-heal|p2b: Arcanine|70/100|[from] item: Sitrus Berry\n|\n|-weather|none\n|upkeep\n|\n|t:|1775931712\n|switch|p1b: Garchomp|Garchomp, L50, M|100/100\n|turn|7\n|\n|t:|1775931728\n|switch|p2b: Rotom|Rotom-Wash, L50|100/100\n|move|p1b: Garchomp|Protect|p1b: Garchomp\n|-singleturn|p1b: Garchomp|Protect\n|move|p2a: Gardevoir|Hyper Voice|p1a: Charizard|[spread] p1a\n|-activate|p1b: Garchomp|move: Protect\n|-resisted|p1a: Charizard|1\n|-damage|p1a: Charizard|35/100\n|move|p1a: Charizard|Heat Wave|p2b: Rotom|[spread] p2a,p2b\n|-resisted|p2b: Rotom|1\n|-damage|p2a: Gardevoir|0 fnt\n|-damage|p2b: Rotom|82/100\n|faint|p2a: Gardevoir\n|\n|-sideend|p1: grok how do i win?|move: Tailwind\n|upkeep\n|\n|t:|1775931741\n|switch|p2a: Tyranitar|Tyranitar, L50, F|13/100\n|-weather|Sandstorm|[from] ability: Sand Stream|[of] p2a: Tyranitar\n|turn|8\n|\n|t:|1775931752\n|switch|p2a: Arcanine|Arcanine, L50, M|70/100\n|-ability|p2a: Arcanine|Intimidate|boost\n|-unboost|p1a: Charizard|atk|1\n|-unboost|p1b: Garchomp|atk|1\n|move|p1a: Charizard|Protect|p1a: Charizard\n|-singleturn|p1a: Charizard|Protect\n|move|p1b: Garchomp|Rock Slide|p2a: Arcanine|[spread] p2a,p2b\n|-supereffective|p2a: Arcanine|1\n|-damage|p2a: Arcanine|44/100\n|-damage|p2b: Rotom|63/100\n|move|p2b: Rotom|Volt Switch|p1a: Charizard\n|-activate|p1a: Charizard|move: Protect\n|\n|-weather|Sandstorm|[upkeep]\n|-damage|p2a: Arcanine|38/100|[from] Sandstorm\n|-damage|p1a: Charizard|29/100|[from] Sandstorm\n|-damage|p2b: Rotom|58/100|[from] Sandstorm\n|-fieldend|move: Trick Room\n|upkeep\n|turn|9\n|\n|t:|1775931770\n|move|p2a: Arcanine|Protect|p2a: Arcanine\n|-singleturn|p2a: Arcanine|Protect\n|move|p2b: Rotom|Volt Switch|p1a: Charizard\n|-supereffective|p1a: Charizard|1\n|-damage|p1a: Charizard|0 fnt\n|faint|p1a: Charizard\n|\n|t:|1775931775\n|switch|p2b: Tyranitar|Tyranitar, L50, F|13/100|[from] Volt Switch\n|move|p1b: Garchomp|Rock Slide|p2a: Arcanine|[spread] p2b\n|-activate|p2a: Arcanine|move: Protect\n|-damage|p2b: Tyranitar|4/100\n|\n|-weather|Sandstorm|[upkeep]\n|-damage|p2a: Arcanine|32/100|[from] Sandstorm\n|upkeep\n|turn|10\n|\n|t:|1775931787\n|switch|p2a: Rotom|Rotom-Wash, L50|58/100\n|move|p2b: Tyranitar|Protect|p2b: Tyranitar\n|-singleturn|p2b: Tyranitar|Protect\n|move|p1b: Garchomp|Earthquake|p2b: Tyranitar|[spread] \n|-activate|p2b: Tyranitar|move: Protect\n|-immune|p2a: Rotom|[from] ability: Levitate\n|\n|-weather|Sandstorm|[upkeep]\n|-damage|p2a: Rotom|52/100|[from] Sandstorm\n|upkeep\n|turn|11\n|\n|t:|1775931803\n|switch|p2b: Arcanine|Arcanine, L50, M|32/100\n|-ability|p2b: Arcanine|Intimidate|boost\n|-unboost|p1b: Garchomp|atk|1\n|move|p2a: Rotom|Hydro Pump|p1b: Garchomp\n|-damage|p1b: Garchomp|44/100\n|move|p1b: Garchomp|Rock Slide|p2a: Rotom|[spread] p2a,p2b\n|-supereffective|p2b: Arcanine|1\n|-crit|p2b: Arcanine\n|-damage|p2a: Rotom|39/100\n|-damage|p2b: Arcanine|0 fnt\n|faint|p2b: Arcanine\n|\n|-weather|Sandstorm|[upkeep]\n|-damage|p2a: Rotom|34/100|[from] Sandstorm\n|upkeep\n|\n|t:|1775931812\n|switch|p2b: Tyranitar|Tyranitar, L50, F|4/100\n|turn|12\n|\n|t:|1775931821\n|move|p2a: Rotom|Hydro Pump|p1b: Garchomp\n|-damage|p1b: Garchomp|0 fnt\n|faint|p1b: Garchomp\n|\n|win|parapapa123\n|raw|grok how do i win?'s rating: 1208 &rarr; <strong>1188</strong><br />(-20 for losing)\n|raw|parapapa123's rating: 1279 &rarr; <strong>1299</strong><br />(+20 for winning)\n",
  "uploadtime": 1775931825,
  "views": 14,
  "formatid": "gen9championsvgc2026regma",
  "rating": 1188,
  "private": 0,
  "password": null
}