{
  "id": "gen9championsvgc2026regma-2586224925",
  "format": "[Gen 9 Champions] VGC 2026 Reg M-A",
  "players": [
    "Tamejo",
    "ennobiss"
  ],
  "log": "|j|\u2606Tamejo\n|j|\u2606ennobiss\n|t:|1776414493\n|gametype|doubles\n|player|p1|Tamejo|caitlin|1236\n|player|p2|ennobiss|265|1277\n|gen|9\n|tier|[Gen 9 Champions] VGC 2026 Reg M-A\n|rated|\n|rule|Species Clause: Limit one of each Pok\u00e9mon\n|rule|Item Clause: Limit 1 of each item\n|clearpoke\n|poke|p1|Dragapult, L50, F|\n|poke|p1|Corviknight, L50, M|\n|poke|p1|Sylveon, L50, F|\n|poke|p1|Whimsicott, L50, F|\n|poke|p1|Glimmora, L50, M|\n|poke|p1|Incineroar, L50, M|\n|poke|p2|Sneasler, L50, F|\n|poke|p2|Kingambit, L50, M|\n|poke|p2|Clefable, L50, M|\n|poke|p2|Delphox, L50, M|\n|poke|p2|Dragonite, L50, F|\n|poke|p2|Basculegion, L50, M|\n|teampreview|4\n|\n|t:|1776414528\n|teamsize|p1|4\n|teamsize|p2|4\n|start\n|switch|p1a: Whimsicott|Whimsicott, L50, F|100/100\n|switch|p1b: Dragapult|Dragapult, L50, F|100/100\n|switch|p2a: Sneasler|Sneasler, L50, F|100/100\n|switch|p2b: Kingambit|Kingambit, L50, M|100/100\n|turn|1\n|inactive|Battle timer is ON: inactive players will automatically lose when time's up. (requested by ennobiss)\n|\n|t:|1776414572\n|move|p2a: Sneasler|Fake Out|p1a: Whimsicott\n|-damage|p1a: Whimsicott|84/100\n|move|p2b: Kingambit|Sucker Punch|p1b: Dragapult\n|-supereffective|p1b: Dragapult|1\n|-enditem|p1b: Dragapult|Colbur Berry|[eat]\n|-enditem|p1b: Dragapult|Colbur Berry|[weaken]\n|-damage|p1b: Dragapult|27/100\n|move|p1b: Dragapult|Phantom Force||[still]\n|-prepare|p1b: Dragapult|Phantom Force\n|cant|p1a: Whimsicott|flinch\n|\n|upkeep\n|turn|2\n|inactive|ennobiss has 30 seconds left.\n|inactive|ennobiss has 20 seconds left.\n|inactive|ennobiss has 15 seconds left.\n|inactive|ennobiss has 10 seconds left.\n|inactive|ennobiss has 5 seconds left.\n|\n|t:|1776414623\n|switch|p2a: Clefable|Clefable, L50, M|100/100\n|move|p1a: Whimsicott|Encore||[still]\n|-fail|p1a: Whimsicott\n|move|p2b: Kingambit|Sucker Punch|p1b: Dragapult|[miss]\n|-miss|p2b: Kingambit|p1b: Dragapult\n|move|p1b: Dragapult|Phantom Force|p2a: Clefable|[from] lockedmove\n|-damage|p2a: Clefable|68/100\n|\n|upkeep\n|turn|3\n|\n|t:|1776414647\n|switch|p1b: Glimmora|Glimmora, L50, M|100/100\n|move|p2a: Clefable|Follow Me|p2a: Clefable\n|-singleturn|p2a: Clefable|move: Follow Me\n|move|p1a: Whimsicott|Tailwind|p1a: Whimsicott\n|-sidestart|p1: Tamejo|move: Tailwind\n|move|p2b: Kingambit|Kowtow Cleave|p1b: Glimmora\n|-damage|p1b: Glimmora|32/100\n|-activate|p1b: Glimmora|ability: Toxic Debris\n|-sidestart|p2: ennobiss|move: Toxic Spikes\n|\n|upkeep\n|turn|4\n|inactive|ennobiss has 30 seconds left.\n|\n|t:|1776414678\n|move|p1b: Glimmora|Spiky Shield|p1b: Glimmora\n|-singleturn|p1b: Glimmora|move: Protect\n|move|p2a: Clefable|Follow Me|p2a: Clefable\n|-singleturn|p2a: Clefable|move: Follow Me\n|move|p2b: Kingambit|Sucker Punch||[still]\n|-fail|p2b: Kingambit\n|move|p1a: Whimsicott|Moonblast|p2a: Clefable\n|-damage|p2a: Clefable|42/100\n|-enditem|p2a: Clefable|Sitrus Berry|[eat]\n|-heal|p2a: Clefable|67/100|[from] item: Sitrus Berry\n|\n|upkeep\n|turn|5\n|inactive|Tamejo has 30 seconds left.\n|inactive|Tamejo has 20 seconds left.\n|\n|t:|1776414715\n|switch|p1b: Dragapult|Dragapult, L50, F|27/100\n|move|p2a: Clefable|Follow Me|p2a: Clefable\n|-singleturn|p2a: Clefable|move: Follow Me\n|move|p2b: Kingambit|Sucker Punch||[still]\n|-fail|p2b: Kingambit\n|move|p1a: Whimsicott|Moonblast|p2a: Clefable\n|-damage|p2a: Clefable|42/100\n|\n|upkeep\n|turn|6\n|inactive|Tamejo has 30 seconds left.\n|inactive|ennobiss has 30 seconds left.\n|\n|t:|1776414748\n|move|p1b: Dragapult|Protect|p1b: Dragapult\n|-singleturn|p1b: Dragapult|Protect\n|move|p2a: Clefable|Follow Me|p2a: Clefable\n|-singleturn|p2a: Clefable|move: Follow Me\n|move|p1a: Whimsicott|Moonblast|p2a: Clefable\n|-damage|p2a: Clefable|16/100\n|move|p2b: Kingambit|Kowtow Cleave|p1b: Dragapult\n|-activate|p1b: Dragapult|move: Protect\n|\n|-sideend|p1: Tamejo|move: Tailwind\n|upkeep\n|turn|7\n|inactive|Tamejo has 30 seconds left.\n|inactive|ennobiss has 30 seconds left.\n|inactive|Tamejo has 20 seconds left.\n|inactive|Tamejo has 15 seconds left.\n|inactive|Tamejo has 10 seconds left.\n|inactive|Tamejo has 5 seconds left.\n|\n|t:|1776414801\n|move|p2a: Clefable|Protect|p2a: Clefable\n|-singleturn|p2a: Clefable|Protect\n|move|p1b: Dragapult|Phantom Force||[still]\n|-prepare|p1b: Dragapult|Phantom Force\n|move|p1a: Whimsicott|Moonblast|p2a: Clefable\n|-activate|p2a: Clefable|move: Protect\n|move|p2b: Kingambit|Kowtow Cleave|p1b: Dragapult|[miss]\n|-miss|p2b: Kingambit|p1b: Dragapult\n|\n|upkeep\n|turn|8\n|inactive|ennobiss has 30 seconds left.\n|inactive|ennobiss has 20 seconds left.\n|\n|t:|1776414836\n|move|p2a: Clefable|Helping Hand|p2b: Kingambit\n|-singleturn|p2b: Kingambit|Helping Hand|[of] p2a: Clefable\n|move|p1b: Dragapult|Phantom Force|p2a: Clefable|[from] lockedmove\n|-damage|p2a: Clefable|0 fnt\n|faint|p2a: Clefable\n|move|p1a: Whimsicott|Moonblast|p2b: Kingambit\n|-damage|p2b: Kingambit|76/100\n|move|p2b: Kingambit|Kowtow Cleave|p1a: Whimsicott\n|-resisted|p1a: Whimsicott|1\n|-crit|p1a: Whimsicott\n|-damage|p1a: Whimsicott|0 fnt\n|faint|p1a: Whimsicott\n|\n|upkeep\n|inactive|Tamejo has 30 seconds left.\n|inactive|Tamejo has 20 seconds left.\n|inactive|Tamejo has 15 seconds left.\n|\n|t:|1776414880\n|switch|p1a: Glimmora|Glimmora, L50, M|32/100\n|switch|p2a: Sneasler|Sneasler, L50, F|100/100\n|-sideend|p2: ennobiss|move: Toxic Spikes|[of] p2a: Sneasler\n|turn|9\n|inactive|ennobiss has 30 seconds left.\n|inactive|ennobiss has 20 seconds left.\n|\n|t:|1776414917\n|switch|p1b: Incineroar|Incineroar, L50, M|100/100\n|-ability|p1b: Incineroar|Intimidate|boost\n|-unboost|p2a: Sneasler|atk|1\n|-unboost|p2b: Kingambit|atk|1\n|-ability|p2b: Kingambit|Defiant|boost\n|-boost|p2b: Kingambit|atk|2\n|move|p1a: Glimmora|Spiky Shield|p1a: Glimmora\n|-singleturn|p1a: Glimmora|move: Protect\n|move|p2a: Sneasler|Fake Out|p1a: Glimmora\n|-activate|p1a: Glimmora|move: Protect\n|-damage|p2a: Sneasler|88/100|[from] Spiky Shield|[of] p1a: Glimmora\n|move|p2b: Kingambit|Swords Dance|p2b: Kingambit\n|-boost|p2b: Kingambit|atk|2\n|\n|upkeep\n|turn|10\n|inactive|ennobiss has 30 seconds left.\n|\n|t:|1776414945\n|detailschange|p1a: Glimmora|Glimmora-Mega, L50, M\n|-mega|p1a: Glimmora|Glimmora|Glimmoranite\n|move|p1b: Incineroar|Fake Out|p2b: Kingambit\n|-resisted|p2b: Kingambit|1\n|-damage|p2b: Kingambit|72/100\n|cant|p2b: Kingambit|flinch\n|move|p2a: Sneasler|Close Combat|p1b: Incineroar\n|-supereffective|p1b: Incineroar|1\n|-enditem|p1b: Incineroar|Chople Berry|[eat]\n|-enditem|p1b: Incineroar|Chople Berry|[weaken]\n|-damage|p1b: Incineroar|62/100\n|-unboost|p2a: Sneasler|def|1\n|-unboost|p2a: Sneasler|spd|1\n|move|p1a: Glimmora|Earth Power|p2b: Kingambit\n|-supereffective|p2b: Kingambit|1\n|-damage|p2b: Kingambit|0 fnt\n|faint|p2b: Kingambit\n|\n|upkeep\n|\n|t:|1776414961\n|switch|p2b: Delphox|Delphox, L50, M|100/100\n|turn|11\n|inactive|Tamejo has 30 seconds left.\n|\n|t:|1776414994\n|switch|p1b: Dragapult|Dragapult, L50, F|27/100\n|detailschange|p2b: Delphox|Delphox-Mega, L50, M\n|-mega|p2b: Delphox|Delphox|Delphoxite\n|move|p1a: Glimmora|Spiky Shield|p1a: Glimmora\n|-singleturn|p1a: Glimmora|move: Protect\n|move|p2b: Delphox|Heat Wave|p1b: Dragapult|[spread] p1b\n|-activate|p1a: Glimmora|move: Protect\n|-resisted|p1b: Dragapult|1\n|-damage|p1b: Dragapult|0 fnt\n|faint|p1b: Dragapult\n|move|p2a: Sneasler|Close Combat|p1a: Glimmora\n|-activate|p1a: Glimmora|move: Protect\n|-damage|p2a: Sneasler|76/100|[from] Spiky Shield|[of] p1a: Glimmora\n|\n|upkeep\n|inactive|Tamejo has 30 seconds left.\n|\n|t:|1776415028\n|switch|p1b: Incineroar|Incineroar, L50, M|62/100\n|-ability|p1b: Incineroar|Intimidate|boost\n|-unboost|p2a: Sneasler|atk|1\n|-unboost|p2b: Delphox|atk|1\n|turn|12\n|inactive|ennobiss has 30 seconds left.\n|\n|t:|1776415062\n|move|p2b: Delphox|Protect|p2b: Delphox\n|-singleturn|p2b: Delphox|Protect\n|move|p1b: Incineroar|Fake Out|p2a: Sneasler\n|-damage|p2a: Sneasler|51/100\n|cant|p2a: Sneasler|flinch\n|move|p1a: Glimmora|Earth Power|p2a: Sneasler\n|-supereffective|p2a: Sneasler|1\n|-damage|p2a: Sneasler|0 fnt\n|faint|p2a: Sneasler\n|\n|upkeep\n|turn|13\n|\n|t:|1776415087\n|move|p1a: Glimmora|Spiky Shield|p1a: Glimmora\n|-singleturn|p1a: Glimmora|move: Protect\n|move|p2b: Delphox|Psychic|p1a: Glimmora\n|-activate|p1a: Glimmora|move: Protect\n|move|p1b: Incineroar|Darkest Lariat|p2b: Delphox\n|-supereffective|p2b: Delphox|1\n|-damage|p2b: Delphox|4/100\n|\n|upkeep\n|turn|14\n|-message|ennobiss forfeited.\n|\n|win|Tamejo\n|raw|Tamejo's rating: 1260 &rarr; <strong>1286</strong><br />(+26 for winning)\n|raw|ennobiss's rating: 1277 &rarr; <strong>1251</strong><br />(-26 for losing)\n|l|\u2606ennobiss\n|player|p2|\n",
  "uploadtime": 1776415118,
  "views": 30,
  "formatid": "gen9championsvgc2026regma",
  "rating": 1251,
  "private": 0,
  "password": null
}