{
  "id": "gen9championsvgc2026regma-2585081457",
  "format": "[Gen 9 Champions] VGC 2026 Reg M-A",
  "players": [
    "RealJCubed",
    "walmark"
  ],
  "log": "|j|\u2606RealJCubed\n|j|\u2606walmark\n|t:|1776309796\n|gametype|doubles\n|player|p1|RealJCubed|gentleman|1048\n|player|p2|walmark|266|1044\n|gen|9\n|tier|[Gen 9 Champions] VGC 2026 Reg M-A\n|rated|\n|rule|Species Clause: Limit one of each Pok\u00e9mon\n|rule|Item Clause: Limit 1 of each item\n|clearpoke\n|poke|p1|Runerigus, L50, F|\n|poke|p1|Hatterene, L50, F|\n|poke|p1|Farigiraf, L50, M|\n|poke|p1|Camerupt, L50, F|\n|poke|p1|Torkoal, L50, M|\n|poke|p1|Garganacl, L50, M|\n|poke|p2|Charizard, L50, F|\n|poke|p2|Venusaur, L50, M|\n|poke|p2|Whimsicott, L50, F|\n|poke|p2|Incineroar, L50, F|\n|poke|p2|Kingambit, L50, F|\n|poke|p2|Garchomp, L50, M|\n|teampreview|4\n|\n|t:|1776309859\n|teamsize|p1|4\n|teamsize|p2|4\n|start\n|switch|p1a: Farigiraf|Farigiraf, L50, M|100/100\n|switch|p1b: Torkoal|Torkoal, L50, M|100/100\n|switch|p2a: Charizard|Charizard, L50, F|100/100\n|switch|p2b: Garchomp|Garchomp, L50, M|100/100\n|-weather|SunnyDay|[from] ability: Drought|[of] p1b: Torkoal\n|turn|1\n|\n|t:|1776309893\n|detailschange|p2a: Charizard|Charizard-Mega-Y, L50, F\n|-mega|p2a: Charizard|Charizard|Charizardite Y\n|move|p1b: Torkoal|Protect|p1b: Torkoal\n|-singleturn|p1b: Torkoal|Protect\n|move|p2b: Garchomp|Rock Slide|p1b: Torkoal|[spread] p1a\n|-activate|p1b: Torkoal|move: Protect\n|-damage|p1a: Farigiraf|84/100\n|move|p2a: Charizard|Heat Wave|p1a: Farigiraf|[spread] p1a\n|-activate|p1b: Torkoal|move: Protect\n|-damage|p1a: Farigiraf|33/100\n|move|p1a: Farigiraf|Trick Room|p1a: Farigiraf\n|-fieldstart|move: Trick Room|[of] p1a: Farigiraf\n|\n|-weather|SunnyDay|[upkeep]\n|upkeep\n|turn|2\n|\n|t:|1776309923\n|move|p2a: Charizard|Protect|p2a: Charizard\n|-singleturn|p2a: Charizard|Protect\n|move|p1b: Torkoal|Eruption|p2a: Charizard|[spread] p2b\n|-activate|p2a: Charizard|move: Protect\n|-resisted|p2b: Garchomp|1\n|-damage|p2b: Garchomp|54/100\n|move|p1a: Farigiraf|Wish|p1a: Farigiraf\n|move|p2b: Garchomp|Earthquake|p1b: Torkoal|[spread] p1a,p1b\n|-activate|p2a: Charizard|move: Protect\n|-supereffective|p1b: Torkoal|1\n|-damage|p1a: Farigiraf|0 fnt\n|-damage|p1b: Torkoal|46/100\n|faint|p1a: Farigiraf\n|\n|-weather|SunnyDay|[upkeep]\n|upkeep\n|\n|t:|1776309942\n|switch|p1a: Camerupt|Camerupt, L50, F|100/100\n|turn|3\n|inactive|Battle timer is ON: inactive players will automatically lose when time's up. (requested by RealJCubed)\n|\n|t:|1776310013\n|detailschange|p1a: Camerupt|Camerupt-Mega, L50, F\n|-mega|p1a: Camerupt|Camerupt|Cameruptite\n|move|p1a: Camerupt|Heat Wave|p2b: Garchomp|[spread] p2a\n|-miss|p1a: Camerupt|p2b: Garchomp\n|-resisted|p2a: Charizard|1\n|-crit|p2a: Charizard\n|-damage|p2a: Charizard|35/100\n|move|p1b: Torkoal|Eruption|p2b: Garchomp|[spread] p2a,p2b\n|-resisted|p2a: Charizard|1\n|-resisted|p2b: Garchomp|1\n|-damage|p2a: Charizard|16/100\n|-damage|p2b: Garchomp|34/100\n|move|p2a: Charizard|Heat Wave|p1b: Torkoal|[spread] p1a\n|-miss|p2a: Charizard|p1b: Torkoal\n|-resisted|p1a: Camerupt|1\n|-crit|p1a: Camerupt\n|-damage|p1a: Camerupt|53/100\n|move|p2b: Garchomp|Rock Slide|p1a: Camerupt|[spread] p1a\n|-miss|p2b: Garchomp|p1b: Torkoal\n|-damage|p1a: Camerupt|33/100\n|\n|-weather|SunnyDay|[upkeep]\n|-heal|p1a: Camerupt|97/100|[from] move: Wish|[wisher] Farigiraf\n|upkeep\n|turn|4\n|inactive|RealJCubed has 30 seconds left.\n|inactive|walmark has 30 seconds left.\n|inactive|walmark has 20 seconds left.\n|inactive|walmark has 15 seconds left.\n|inactive|walmark has 10 seconds left.\n|\n|t:|1776310059\n|move|p2a: Charizard|Protect|p2a: Charizard\n|-singleturn|p2a: Charizard|Protect\n|move|p1a: Camerupt|Heat Wave|p2a: Charizard|[spread] p2b\n|-activate|p2a: Charizard|move: Protect\n|-resisted|p2b: Garchomp|1\n|-damage|p2b: Garchomp|0 fnt\n|faint|p2b: Garchomp\n|move|p1b: Torkoal|Solar Beam||[still]\n|-prepare|p1b: Torkoal|Solar Beam\n|-anim|p1b: Torkoal|Solar Beam|p2a: Charizard\n|-activate|p2a: Charizard|move: Protect\n|\n|-weather|SunnyDay|[upkeep]\n|upkeep\n|\n|t:|1776310077\n|switch|p2b: Incineroar|Incineroar, L50, F|100/100\n|-ability|p2b: Incineroar|Intimidate|boost\n|-unboost|p1a: Camerupt|atk|1\n|-unboost|p1b: Torkoal|atk|1\n|turn|5\n|inactive|walmark has 30 seconds left.\n|inactive|walmark has 20 seconds left.\n|\n|t:|1776310112\n|switch|p1b: Runerigus|Runerigus, L50, F|100/100\n|move|p2b: Incineroar|Fake Out|p1a: Camerupt\n|-damage|p1a: Camerupt|86/100\n|cant|p1a: Camerupt|flinch\n|move|p2a: Charizard|Dragon Pulse|p1a: Camerupt\n|-damage|p1a: Camerupt|52/100\n|\n|-weather|none\n|-fieldend|move: Trick Room\n|upkeep\n|turn|6\n|inactive|walmark has 30 seconds left.\n|inactive|walmark has 20 seconds left.\n|inactive|walmark has 15 seconds left.\n|\n|t:|1776310156\n|move|p1a: Camerupt|Protect|p1a: Camerupt\n|-singleturn|p1a: Camerupt|Protect\n|move|p2a: Charizard|Heat Wave|p1a: Camerupt|[spread] \n|-activate|p1a: Camerupt|move: Protect\n|-miss|p2a: Charizard|p1b: Runerigus\n|move|p2b: Incineroar|Flare Blitz|p1b: Runerigus\n|-damage|p1b: Runerigus|73/100\n|-activate|p2b: Incineroar|Skill Swap|Wandering Spirit|Intimidate|[of] p1b: Runerigus\n|-ability|p1b: Runerigus|Intimidate|boost\n|-unboost|p2a: Charizard|atk|1\n|-unboost|p2b: Incineroar|atk|1\n|-damage|p2b: Incineroar|93/100|[from] Recoil\n|move|p1b: Runerigus|Trick Room|p1b: Runerigus\n|-fieldstart|move: Trick Room|[of] p1b: Runerigus\n|\n|upkeep\n|turn|7\n|inactive|RealJCubed has 30 seconds left.\n|inactive|walmark has 30 seconds left.\n|inactive|walmark has 20 seconds left.\n|inactive|walmark has 15 seconds left.\n|inactive|walmark has 10 seconds left.\n|\n|t:|1776310206\n|move|p1a: Camerupt|Heat Wave|p2b: Incineroar|[spread] p2a,p2b\n|-resisted|p2a: Charizard|1\n|-resisted|p2b: Incineroar|1\n|-damage|p2a: Charizard|0 fnt\n|-damage|p2b: Incineroar|74/100\n|faint|p2a: Charizard\n|move|p1b: Runerigus|Substitute|p1b: Runerigus\n|-start|p1b: Runerigus|Substitute\n|-damage|p1b: Runerigus|48/100\n|move|p2b: Incineroar|Parting Shot|p1a: Camerupt\n|-unboost|p1a: Camerupt|atk|1\n|-unboost|p1a: Camerupt|spa|1\n|\n|t:|1776310216\n|switch|p2b: Kingambit|Kingambit, L50, F|100/100|[from] Parting Shot\n|\n|upkeep\n|\n|t:|1776310219\n|switch|p2a: Incineroar|Incineroar, L50, F|74/100\n|-ability|p2a: Incineroar|Intimidate|boost\n|-unboost|p1a: Camerupt|atk|1\n|-immune|p1b: Runerigus\n|turn|8\n|inactive|RealJCubed has 30 seconds left.\n|\n|t:|1776310251\n|switch|p1a: Torkoal|Torkoal, L50, M|46/100\n|-weather|SunnyDay|[from] ability: Drought|[of] p1a: Torkoal\n|move|p2a: Incineroar|Fake Out|p1a: Torkoal\n|-damage|p1a: Torkoal|38/100\n|move|p1b: Runerigus|Giga Drain|p2a: Incineroar\n|-resisted|p2a: Incineroar|1\n|-damage|p2a: Incineroar|70/100\n|-heal|p1b: Runerigus|50/100|[from] drain|[of] p2a: Incineroar\n|move|p2b: Kingambit|Kowtow Cleave|p1b: Runerigus\n|-supereffective|p1b: Runerigus|1\n|-end|p1b: Runerigus|Substitute\n|\n|-weather|SunnyDay|[upkeep]\n|upkeep\n|turn|9\n|inactive|RealJCubed has 30 seconds left.\n|inactive|walmark has 30 seconds left.\n|inactive|RealJCubed has 20 seconds left.\n|inactive|walmark has 20 seconds left.\n|inactive|walmark has 15 seconds left.\n|inactive|walmark has 10 seconds left.\n|\n|t:|1776310297\n|move|p2a: Incineroar|Protect|p2a: Incineroar\n|-singleturn|p2a: Incineroar|Protect\n|move|p1a: Torkoal|Scorching Sands|p2a: Incineroar\n|-activate|p2a: Incineroar|move: Protect\n|move|p1b: Runerigus|Giga Drain|p2b: Kingambit\n|-resisted|p2b: Kingambit|1\n|-damage|p2b: Kingambit|96/100\n|-heal|p1b: Runerigus|53/100|[from] drain|[of] p2b: Kingambit\n|move|p2b: Kingambit|Kowtow Cleave|p1b: Runerigus\n|-supereffective|p1b: Runerigus|1\n|-damage|p1b: Runerigus|0 fnt\n|faint|p1b: Runerigus\n|\n|-weather|SunnyDay|[upkeep]\n|upkeep\n|\n|t:|1776310303\n|switch|p1b: Camerupt|Camerupt-Mega, L50, F|52/100\n|turn|10\n|inactive|walmark has 30 seconds left.\n|inactive|walmark has 20 seconds left.\n|inactive|walmark has 15 seconds left.\n|\n|t:|1776310346\n|move|p2b: Kingambit|Sucker Punch|p1a: Torkoal\n|-damage|p1a: Torkoal|7/100\n|move|p1b: Camerupt|Heat Wave|p2a: Incineroar|[spread] p2a,p2b\n|-resisted|p2a: Incineroar|1\n|-supereffective|p2b: Kingambit|1\n|-damage|p2a: Incineroar|39/100\n|-damage|p2b: Kingambit|0 fnt\n|-enditem|p2a: Incineroar|Sitrus Berry|[eat]\n|-heal|p2a: Incineroar|63/100|[from] item: Sitrus Berry\n|faint|p2b: Kingambit\n|move|p1a: Torkoal|Scorching Sands|p2a: Incineroar\n|-supereffective|p2a: Incineroar|1\n|-damage|p2a: Incineroar|39/100\n|move|p2a: Incineroar|Flare Blitz|p1a: Torkoal\n|-resisted|p1a: Torkoal|1\n|-damage|p1a: Torkoal|0 fnt\n|faint|p1a: Torkoal\n|-damage|p2a: Incineroar|37/100|[from] Recoil\n|\n|-weather|SunnyDay|[upkeep]\n|-fieldend|move: Trick Room\n|upkeep\n|turn|11\n|inactive|walmark has 30 seconds left.\n|\n|t:|1776310373\n|move|p2a: Incineroar|Flare Blitz|p1b: Camerupt\n|-resisted|p1b: Camerupt|1\n|-damage|p1b: Camerupt|17/100\n|-damage|p2a: Incineroar|26/100|[from] Recoil\n|move|p1b: Camerupt|Earth Power|p2a: Incineroar\n|-supereffective|p2a: Incineroar|1\n|-damage|p2a: Incineroar|0 fnt\n|faint|p2a: Incineroar\n|\n|win|RealJCubed\n|raw|RealJCubed's rating: 1048 &rarr; <strong>1080</strong><br />(+32 for winning)\n|raw|walmark's rating: 1044 &rarr; <strong>1028</strong><br />(-16 for losing)\n|c|\u2606RealJCubed|Wp\n|l|\u2606walmark\n|player|p2|\n|c|\u2606RealJCubed|Gg\n",
  "uploadtime": 1776310385,
  "views": 22,
  "formatid": "gen9championsvgc2026regma",
  "rating": 1028,
  "private": 0,
  "password": null
}