{
  "id": "gen9championsvgc2026regma-2584670883",
  "format": "[Gen 9 Champions] VGC 2026 Reg M-A",
  "players": [
    "EnigmaticEevee",
    "smak talk"
  ],
  "log": "|j|\u2606EnigmaticEevee\n|j|\u2606smak talk\n|t:|1776275755\n|gametype|doubles\n|player|p1|EnigmaticEevee|serena-masters2|1097\n|player|p2|smak talk|1|1068\n|gen|9\n|tier|[Gen 9 Champions] VGC 2026 Reg M-A\n|rated|\n|rule|Species Clause: Limit one of each Pok\u00e9mon\n|rule|Item Clause: Limit 1 of each item\n|clearpoke\n|poke|p1|Gardevoir, L50, F|\n|poke|p1|Garchomp, L50, F|\n|poke|p1|Arcanine-Hisui, L50, F|\n|poke|p1|Sneasler, L50, F|\n|poke|p1|Froslass, L50, F|\n|poke|p1|Raichu, L50, F|\n|poke|p2|Skarmory, L50, M|\n|poke|p2|Incineroar, L50, F|\n|poke|p2|Greninja-*, L50, F|\n|poke|p2|Dragapult, L50, F|\n|poke|p2|Glimmora, L50, F|\n|poke|p2|Manectric, L50, F|\n|teampreview|4\n|\n|t:|1776275790\n|teamsize|p1|4\n|teamsize|p2|4\n|start\n|switch|p1a: Arcanine|Arcanine-Hisui, L50, F|100/100\n|switch|p1b: Sneasler|Sneasler, L50, F|100/100\n|switch|p2a: Glimmora|Glimmora, L50, F|100/100\n|switch|p2b: Greninja|Greninja, L50, F|100/100\n|-ability|p1a: Arcanine|Intimidate|boost\n|-unboost|p2a: Glimmora|atk|1\n|-unboost|p2b: Greninja|atk|1\n|turn|1\n|\n|t:|1776275810\n|switch|p2b: Skarmory|Skarmory, L50, M|100/100\n|move|p1a: Arcanine|Protect|p1a: Arcanine\n|-singleturn|p1a: Arcanine|Protect\n|move|p1b: Sneasler|Fake Out|p2b: Skarmory\n|-resisted|p2b: Skarmory|1\n|-damage|p2b: Skarmory|93/100\n|-ability|p2b: Skarmory|Weak Armor|boost\n|-unboost|p2b: Skarmory|def|1\n|-boost|p2b: Skarmory|spe|2\n|move|p2a: Glimmora|Stealth Rock|p1a: Arcanine\n|-sidestart|p1: EnigmaticEevee|move: Stealth Rock\n|\n|upkeep\n|turn|2\n|\n|t:|1776275842\n|detailschange|p2b: Skarmory|Skarmory-Mega, L50, M\n|-mega|p2b: Skarmory|Skarmory|Skarmorite\n|move|p2b: Skarmory|Drill Run|p1a: Arcanine\n|-supereffective|p1a: Arcanine|2\n|-enditem|p1a: Arcanine|Focus Sash\n|-damage|p1a: Arcanine|1/100\n|move|p1b: Sneasler|Fling|p2a: Glimmora\n|-damage|p2a: Glimmora|89/100\n|-activate|p2a: Glimmora|ability: Toxic Debris\n|-sidestart|p1: EnigmaticEevee|move: Toxic Spikes\n|-enditem|p1b: Sneasler|King's Rock|[from] move: Fling\n|move|p1a: Arcanine|Fire Fang|p2b: Skarmory\n|-supereffective|p2b: Skarmory|1\n|-damage|p2b: Skarmory|0 fnt\n|faint|p2b: Skarmory\n|cant|p2a: Glimmora|flinch\n|\n|upkeep\n|\n|t:|1776275849\n|switch|p2b: Greninja|Greninja, L50, F|100/100\n|turn|3\n|\n|t:|1776275869\n|move|p2a: Glimmora|Protect|p2a: Glimmora\n|-singleturn|p2a: Glimmora|Protect\n|move|p1b: Sneasler|Dire Claw|p2b: Greninja\n|-damage|p2b: Greninja|29/100\n|-status|p2b: Greninja|psn\n|move|p2b: Greninja|Hydro Pump|p1b: Sneasler|[miss]\n|-start|p2b: Greninja|typechange|Water|[from] ability: Protean\n|-miss|p2b: Greninja|p1b: Sneasler\n|move|p1a: Arcanine|Sandstorm|p1a: Arcanine\n|-weather|Sandstorm\n|\n|-weather|Sandstorm|[upkeep]\n|-damage|p1b: Sneasler|95/100|[from] Sandstorm\n|-damage|p2b: Greninja|23/100 psn|[from] Sandstorm\n|-damage|p2b: Greninja|11/100 psn|[from] psn\n|upkeep\n|turn|4\n|\n|t:|1776275890\n|switch|p2b: Incineroar|Incineroar, L50, F|100/100\n|-ability|p2b: Incineroar|Intimidate|boost\n|-unboost|p1a: Arcanine|atk|1\n|-unboost|p1b: Sneasler|atk|1\n|move|p1a: Arcanine|Extreme Speed|p2b: Incineroar\n|-damage|p2b: Incineroar|89/100\n|move|p1b: Sneasler|Dire Claw|p2a: Glimmora\n|-resisted|p2a: Glimmora|2\n|-damage|p2a: Glimmora|82/100\n|-status|p2a: Glimmora|slp\n|-activate|p2a: Glimmora|ability: Toxic Debris\n|-sidestart|p1: EnigmaticEevee|move: Toxic Spikes\n|cant|p2a: Glimmora|slp\n|\n|-weather|Sandstorm|[upkeep]\n|-damage|p1b: Sneasler|89/100|[from] Sandstorm\n|-damage|p2b: Incineroar|82/100|[from] Sandstorm\n|-heal|p2b: Incineroar|89/100|[from] item: Leftovers\n|upkeep\n|turn|5\n|c|\u2606smak talk|hahaha\n|-message|smak talk forfeited.\n|\n|win|EnigmaticEevee\n|raw|EnigmaticEevee's rating: 1097 &rarr; <strong>1120</strong><br />(+23 for winning)\n|raw|smak talk's rating: 1068 &rarr; <strong>1049</strong><br />(-19 for losing)\n|l|\u2606smak talk\n|player|p2|\n",
  "uploadtime": 1776275913,
  "views": 17,
  "formatid": "gen9championsvgc2026regma",
  "rating": 1049,
  "private": 0,
  "password": null
}