{
  "id": "gen9championsvgc2026regma-2587170174",
  "format": "[Gen 9 Champions] VGC 2026 Reg M-A",
  "players": [
    "nauacratovudo",
    "kevingaborsuperfa2"
  ],
  "log": "|j|\u2606nauacratovudo\n|j|\u2606kevingaborsuperfa2\n|t:|1776503715\n|gametype|doubles\n|player|p1|nauacratovudo|rocketgrunt|\n|player|p2|kevingaborsuperfa2|266|\n|gen|9\n|tier|[Gen 9 Champions] VGC 2026 Reg M-A\n|rule|Species Clause: Limit one of each Pok\u00e9mon\n|rule|Item Clause: Limit 1 of each item\n|clearpoke\n|poke|p1|Crabominable, L50, M, shiny|\n|poke|p1|Farigiraf, L50, F, shiny|\n|poke|p1|Basculegion, L50, M, shiny|\n|poke|p1|Incineroar, L50, M, shiny|\n|poke|p1|Torkoal, L50, M, shiny|\n|poke|p1|Ninetales-Alola, L50, F, shiny|\n|poke|p2|Tinkaton, L50, F|\n|poke|p2|Rotom-Wash, L50|\n|poke|p2|Kingambit, L50, F|\n|poke|p2|Dragapult, L50, F, shiny|\n|poke|p2|Corviknight, L50, M, shiny|\n|poke|p2|Clefable, L50, F|\n|teampreview|4\n|inactive|Battle timer is ON: inactive players will automatically lose when time's up. (requested by nauacratovudo)\n|inactive|nauacratovudo has 60 seconds left.\n|\n|t:|1776503756\n|teamsize|p1|4\n|teamsize|p2|4\n|start\n|switch|p1a: Rocky balboa|Crabominable, L50, M, shiny|100/100\n|switch|p1b: Pal\u00edndromo|Farigiraf, L50, F, shiny|100/100\n|switch|p2a: Kingambit|Kingambit, L50, F|100/100\n|switch|p2b: Clefable|Clefable, L50, F|100/100\n|turn|1\n|\n|t:|1776503779\n|switch|p1b: John cenna|Incineroar, L50, M, shiny|100/100\n|-ability|p1b: John cenna|Intimidate|boost\n|-unboost|p2a: Kingambit|atk|1\n|-ability|p2a: Kingambit|Defiant|boost\n|-boost|p2a: Kingambit|atk|2\n|-unboost|p2b: Clefable|atk|1\n|detailschange|p2b: Clefable|Clefable-Mega, L50, F\n|-mega|p2b: Clefable|Clefable|Clefablite\n|detailschange|p1a: Rocky balboa|Crabominable-Mega, L50, M, shiny\n|-mega|p1a: Rocky balboa|Crabominable|Crabominite\n|move|p1a: Rocky balboa|Protect|p1a: Rocky balboa\n|-singleturn|p1a: Rocky balboa|Protect\n|move|p2b: Clefable|Air Slash|p1a: Rocky balboa\n|-activate|p1a: Rocky balboa|move: Protect\n|move|p2a: Kingambit|Swords Dance|p2a: Kingambit\n|-boost|p2a: Kingambit|atk|2\n|\n|upkeep\n|turn|2\n|inactive|nauacratovudo has 30 seconds left.\n|inactive|kevingaborsuperfa2 has 30 seconds left.\n|\n|t:|1776503814\n|move|p1b: John cenna|Fake Out|p2a: Kingambit\n|-resisted|p2a: Kingambit|1\n|-damage|p2a: Kingambit|96/100\n|move|p2b: Clefable|Follow Me|p2b: Clefable\n|-singleturn|p2b: Clefable|move: Follow Me\n|cant|p2a: Kingambit|flinch\n|move|p1a: Rocky balboa|Drain Punch|p2b: Clefable\n|-resisted|p2b: Clefable|2\n|-damage|p2b: Clefable|86/100\n|\n|upkeep\n|turn|3\n|c|\u2606nauacratovudo|T\u00e1 com a habilidade errada do kingambit\n|\n|t:|1776503834\n|move|p2b: Clefable|Helping Hand|p2a: Kingambit\n|-singleturn|p2a: Kingambit|Helping Hand|[of] p2b: Clefable\n|move|p1a: Rocky balboa|Protect|p1a: Rocky balboa\n|-singleturn|p1a: Rocky balboa|Protect\n|move|p1b: John cenna|Flare Blitz|p2a: Kingambit\n|-supereffective|p2a: Kingambit|1\n|-damage|p2a: Kingambit|8/100\n|-damage|p1b: John cenna|71/100|[from] Recoil\n|move|p2a: Kingambit|Iron Head|p1a: Rocky balboa\n|-activate|p1a: Rocky balboa|move: Protect\n|\n|upkeep\n|turn|4\n|inactive|nauacratovudo has 30 seconds left.\n|inactive|kevingaborsuperfa2 has 30 seconds left.\n|\n|t:|1776503868\n|move|p2b: Clefable|Follow Me|p2b: Clefable\n|-singleturn|p2b: Clefable|move: Follow Me\n|move|p1b: John cenna|Throat Chop|p2b: Clefable\n|-resisted|p2b: Clefable|1\n|-damage|p2b: Clefable|67/100\n|-start|p2b: Clefable|Throat Chop|[silent]\n|move|p2a: Kingambit|Iron Head|p1a: Rocky balboa\n|-supereffective|p1a: Rocky balboa|1\n|-damage|p1a: Rocky balboa|0 fnt\n|faint|p1a: Rocky balboa\n|\n|upkeep\n|\n|t:|1776503878\n|switch|p1a: Mbappe|Torkoal, L50, M, shiny|100/100\n|turn|5\n|\n|t:|1776503900\n|switch|p2a: Brastemp|Rotom-Wash, L50|100/100\n|move|p2b: Clefable|Follow Me|p2b: Clefable\n|-singleturn|p2b: Clefable|move: Follow Me\n|move|p1b: John cenna|Throat Chop|p2b: Clefable\n|-resisted|p2b: Clefable|1\n|-damage|p2b: Clefable|48/100\n|move|p1a: Mbappe|Eruption|p2a: Brastemp|[spread] p2a,p2b\n|-resisted|p2a: Brastemp|1\n|-damage|p2a: Brastemp|72/100\n|-damage|p2b: Clefable|11/100\n|\n|-heal|p2a: Brastemp|77/100|[from] item: Leftovers\n|-end|p2b: Clefable|Throat Chop|[silent]\n|upkeep\n|turn|6\n|\n|t:|1776503924\n|move|p2b: Clefable|Helping Hand|p2a: Brastemp\n|-singleturn|p2a: Brastemp|Helping Hand|[of] p2b: Clefable\n|move|p2a: Brastemp|Hydro Pump|p1b: John cenna\n|-supereffective|p1b: John cenna|1\n|-damage|p1b: John cenna|0 fnt\n|faint|p1b: John cenna\n|move|p1a: Mbappe|Eruption|p2b: Clefable|[spread] p2a,p2b\n|-resisted|p2a: Brastemp|1\n|-damage|p2a: Brastemp|45/100\n|-damage|p2b: Clefable|0 fnt\n|faint|p2b: Clefable\n|\n|-heal|p2a: Brastemp|51/100|[from] item: Leftovers\n|upkeep\n|\n|t:|1776503942\n|switch|p2b: Draga-damadanoite|Dragapult, L50, F, shiny|100/100\n|switch|p1b: Pal\u00edndromo|Farigiraf, L50, F, shiny|100/100\n|turn|7\n|\n|t:|1776503967\n|move|p2b: Draga-damadanoite|U-turn|p1b: Pal\u00edndromo\n|-supereffective|p1b: Pal\u00edndromo|1\n|-damage|p1b: Pal\u00edndromo|61/100\n|\n|t:|1776503971\n|switch|p2b: Kingambit|Kingambit, L50, F|8/100|[from] U-turn\n|move|p2a: Brastemp|Volt Switch|p1b: Pal\u00edndromo\n|-damage|p1b: Pal\u00edndromo|41/100\n|-enditem|p1b: Pal\u00edndromo|Sitrus Berry|[eat]\n|-heal|p1b: Pal\u00edndromo|66/100|[from] item: Sitrus Berry\n|\n|t:|1776503985\n|switch|p2a: Draga-damadanoite|Dragapult, L50, F, shiny|100/100|[from] Volt Switch\n|move|p1a: Mbappe|Weather Ball|p2a: Draga-damadanoite\n|-immune|p2a: Draga-damadanoite\n|move|p1b: Pal\u00edndromo|Trick Room|p1b: Pal\u00edndromo\n|-fieldstart|move: Trick Room|[of] p1b: Pal\u00edndromo\n|\n|upkeep\n|turn|8\n|\n|t:|1776504004\n|move|p1b: Pal\u00edndromo|Helping Hand|p1a: Mbappe\n|-singleturn|p1a: Mbappe|Helping Hand|[of] p1b: Pal\u00edndromo\n|move|p2b: Kingambit|Sucker Punch||[still]\n|cant|p1b: Pal\u00edndromo|ability: Armor Tail|Sucker Punch|[of] p2b: Kingambit\n|move|p1a: Mbappe|Eruption|p2b: Kingambit|[spread] p2a,p2b\n|-resisted|p2a: Draga-damadanoite|1\n|-supereffective|p2b: Kingambit|1\n|-damage|p2a: Draga-damadanoite|40/100\n|-damage|p2b: Kingambit|0 fnt\n|faint|p2b: Kingambit\n|move|p2a: Draga-damadanoite|U-turn|p1b: Pal\u00edndromo\n|-supereffective|p1b: Pal\u00edndromo|1\n|-damage|p1b: Pal\u00edndromo|21/100\n|\n|t:|1776504016\n|switch|p2a: Brastemp|Rotom-Wash, L50|51/100|[from] U-turn\n|\n|-heal|p2a: Brastemp|57/100|[from] item: Leftovers\n|upkeep\n|\n|t:|1776504022\n|switch|p2b: Draga-damadanoite|Dragapult, L50, F, shiny|40/100\n|turn|9\n|\n|t:|1776504038\n|move|p1b: Pal\u00edndromo|Helping Hand|p1a: Mbappe\n|-singleturn|p1a: Mbappe|Helping Hand|[of] p1b: Pal\u00edndromo\n|move|p1a: Mbappe|Eruption|p2b: Draga-damadanoite|[spread] p2a,p2b\n|-resisted|p2a: Brastemp|1\n|-resisted|p2b: Draga-damadanoite|1\n|-damage|p2a: Brastemp|13/100\n|-damage|p2b: Draga-damadanoite|0 fnt\n|faint|p2b: Draga-damadanoite\n|move|p2a: Brastemp|Hydro Pump|p1a: Mbappe\n|-supereffective|p1a: Mbappe|1\n|-damage|p1a: Mbappe|0 fnt\n|faint|p1a: Mbappe\n|\n|-heal|p2a: Brastemp|19/100|[from] item: Leftovers\n|upkeep\n|turn|10\n|\n|t:|1776504062\n|move|p1b: Pal\u00edndromo|Psychic|p2a: Brastemp\n|-damage|p2a: Brastemp|0 fnt\n|faint|p2a: Brastemp\n|\n|win|nauacratovudo\n|l|\u2606nauacratovudo\n|player|p1|\n",
  "uploadtime": 1776504189,
  "views": 19,
  "formatid": "gen9championsvgc2026regma",
  "rating": null,
  "private": 0,
  "password": null
}