{
  "id": "gen9championsvgc2026regma-2585577123",
  "format": "[Gen 9 Champions] VGC 2026 Reg M-A",
  "players": [
    "yalegamer",
    "ClassClownApple"
  ],
  "log": "|j|\u2606yalegamer\n|j|\u2606ClassClownApple\n|t:|1776356625\n|gametype|doubles\n|player|p1|yalegamer|red|1087\n|player|p2|ClassClownApple|melony|1140\n|gen|9\n|tier|[Gen 9 Champions] VGC 2026 Reg M-A\n|rated|\n|rule|Species Clause: Limit one of each Pok\u00e9mon\n|rule|Item Clause: Limit 1 of each item\n|clearpoke\n|poke|p1|Pelipper, L50, M|\n|poke|p1|Kingambit, L50, M|\n|poke|p1|Dragonite, L50, F|\n|poke|p1|Basculegion, L50, M|\n|poke|p1|Sinistcha, L50|\n|poke|p1|Kangaskhan, L50, F|\n|poke|p2|Hatterene, L50, F|\n|poke|p2|Pelipper, L50, M|\n|poke|p2|Kingambit, L50, M|\n|poke|p2|Crabominable, L50, M|\n|poke|p2|Farigiraf, L50, M|\n|poke|p2|Sinistcha, L50|\n|teampreview|4\nClassClownApple has agreed to open team sheets.\n|\n|t:|1776356673\n|teamsize|p1|4\n|teamsize|p2|4\n|start\n|switch|p1a: Sinistcha|Sinistcha, L50, shiny|100/100\n|switch|p1b: Kangaskhan|Kangaskhan, L50, F|100/100\n|switch|p2a: Farigiraf|Farigiraf, L50, M|100/100\n|switch|p2b: Kingambit|Kingambit, L50, M|100/100\n|turn|1\n|inactive|Battle timer is ON: inactive players will automatically lose when time's up. (requested by yalegamer)\n|\n|t:|1776356693\n|switch|p2b: Hatterene|Hatterene, L50, F|100/100\n|detailschange|p1b: Kangaskhan|Kangaskhan-Mega, L50, F\n|-mega|p1b: Kangaskhan|Kangaskhan|Kangaskhanite\n|move|p1b: Kangaskhan|Drain Punch|p2b: Hatterene\n|-resisted|p2b: Hatterene|2\n|-crit|p2b: Hatterene\n|-damage|p2b: Hatterene|88/100\n|-resisted|p2b: Hatterene|2\n|-damage|p2b: Hatterene|86/100\n|-hitcount|p2b: Hatterene|2\n|move|p1a: Sinistcha|Trick Room|p1a: Sinistcha\n|-fieldstart|move: Trick Room|[of] p1a: Sinistcha\n|move|p2a: Farigiraf|Trick Room|p2a: Farigiraf\n|-fieldend|move: Trick Room\n|\n|-heal|p2b: Hatterene|93/100|[from] item: Leftovers\n|upkeep\n|turn|2\n|inactive|yalegamer has 30 seconds left.\n|inactive|yalegamer has 20 seconds left.\n|inactive|yalegamer has 15 seconds left.\n|inactive|yalegamer has 10 seconds left.\n|\n|t:|1776356739\n|move|p1b: Kangaskhan|Double-Edge|p2b: Hatterene\n|-damage|p2b: Hatterene|12/100\n|-damage|p2b: Hatterene|0 fnt\n|faint|p2b: Hatterene\n|-hitcount|p2: Hatterene|2\n|-damage|p1b: Kangaskhan|73/100|[from] Recoil\n|move|p1a: Sinistcha|Matcha Gotcha|p2a: Farigiraf\n|-damage|p2a: Farigiraf|79/100\n|move|p2a: Farigiraf|Imprison|p2a: Farigiraf\n|-start|p2a: Farigiraf|move: Imprison\n|\n|upkeep\n|\n|t:|1776356755\n|switch|p2b: Crabominable|Crabominable, L50, M|100/100\n|turn|3\n|inactive|yalegamer has 30 seconds left.\n|\n|t:|1776356780\n|detailschange|p2b: Crabominable|Crabominable-Mega, L50, M\n|-mega|p2b: Crabominable|Crabominable|Crabominite\n|move|p1b: Kangaskhan|Double-Edge|p2a: Farigiraf\n|-damage|p2a: Farigiraf|4/100\n|-enditem|p2a: Farigiraf|Sitrus Berry|[eat]\n|-heal|p2a: Farigiraf|29/100|[from] item: Sitrus Berry\n|-damage|p2a: Farigiraf|10/100\n|-hitcount|p2a: Farigiraf|2\n|-damage|p1b: Kangaskhan|35/100|[from] Recoil\n|move|p1a: Sinistcha|Life Dew||[still]|[spread] p1a,p1b\n|-fail|p1a: Sinistcha|heal\n|-heal|p1b: Kangaskhan|60/100\n|move|p2b: Crabominable|Drain Punch|p1b: Kangaskhan\n|-supereffective|p1b: Kangaskhan|1\n|-damage|p1b: Kangaskhan|0 fnt\n|faint|p1b: Kangaskhan\n|move|p2a: Farigiraf|Trick Room|p2a: Farigiraf\n|-fieldstart|move: Trick Room|[of] p2a: Farigiraf\n|\n|upkeep\n|\n|t:|1776356796\n|switch|p1b: Kingambit|Kingambit, L50, M|100/100\n|turn|4\n|\n|t:|1776356808\n|switch|p2a: Kingambit|Kingambit, L50, M|100/100\n|move|p1b: Kingambit|Protect|p1b: Kingambit\n|-singleturn|p1b: Kingambit|Protect\n|move|p2b: Crabominable|Drain Punch|p1b: Kingambit\n|-activate|p1b: Kingambit|move: Protect\n|move|p1a: Sinistcha|Matcha Gotcha|p2b: Crabominable|[spread] p2a,p2b\n|-resisted|p2a: Kingambit|1\n|-damage|p2a: Kingambit|86/100\n|-damage|p2b: Crabominable|82/100\n|\n|upkeep\n|turn|5\n|\n|t:|1776356832\n|switch|p1b: Basculegion|Basculegion, L50, M|100/100\n|move|p2a: Kingambit|Sucker Punch||[still]\n|-fail|p2a: Kingambit\n|move|p2b: Crabominable|Drain Punch|p1b: Basculegion\n|-immune|p1b: Basculegion\n|move|p1a: Sinistcha|Strength Sap|p2a: Kingambit\n|-unboost|p2a: Kingambit|atk|1\n|-ability|p2a: Kingambit|Defiant|boost\n|-boost|p2a: Kingambit|atk|2\n|\n|upkeep\n|turn|6\n|inactive|yalegamer has 30 seconds left.\n|\n|t:|1776356862\n|switch|p1b: Kingambit|Kingambit, L50, M|100/100\n|move|p2b: Crabominable|Ice Hammer|p1a: Sinistcha\n|-supereffective|p1a: Sinistcha|1\n|-damage|p1a: Sinistcha|0 fnt\n|-unboost|p2b: Crabominable|spe|1\n|faint|p1a: Sinistcha\n|move|p2a: Kingambit|Kowtow Cleave|p1b: Kingambit\n|-resisted|p1b: Kingambit|1\n|-damage|p1b: Kingambit|72/100\n|\n|upkeep\n|\n|t:|1776356873\n|switch|p1a: Basculegion|Basculegion, L50, M|100/100\n|turn|7\n|\n|t:|1776356896\n|move|p1b: Kingambit|Protect|p1b: Kingambit\n|-singleturn|p1b: Kingambit|Protect\n|move|p2b: Crabominable|Drain Punch|p1b: Kingambit\n|-activate|p1b: Kingambit|move: Protect\n|move|p2a: Kingambit|Kowtow Cleave|p1a: Basculegion\n|-supereffective|p1a: Basculegion|1\n|-damage|p1a: Basculegion|0 fnt\n|faint|p1a: Basculegion\n|\n|-fieldend|move: Trick Room\n|upkeep\n|turn|8\n|-message|yalegamer forfeited.\n|\n|win|ClassClownApple\n|raw|yalegamer's rating: 1087 &rarr; <strong>1067</strong><br />(-20 for losing)\n|raw|ClassClownApple's rating: 1140 &rarr; <strong>1161</strong><br />(+21 for winning)\n|l|\u2606yalegamer\n|player|p1|\n",
  "uploadtime": 1776356913,
  "views": 33,
  "formatid": "gen9championsvgc2026regma",
  "rating": 1067,
  "private": 0,
  "password": null
}