{
  "id": "gen9championsvgc2026regma-2585866175",
  "format": "[Gen 9 Champions] VGC 2026 Reg M-A",
  "players": [
    "Pasmar",
    "Future Alice haver"
  ],
  "log": "|j|\u2606Pasmar\n|j|\u2606Future Alice haver\n|t:|1776376731\n|gametype|doubles\n|player|p1|Pasmar|265|1136\n|player|p2|Future Alice haver|kimonogirl|1194\n|gen|9\n|tier|[Gen 9 Champions] VGC 2026 Reg M-A\n|rated|\n|rule|Species Clause: Limit one of each Pok\u00e9mon\n|rule|Item Clause: Limit 1 of each item\n|clearpoke\n|poke|p1|Blastoise, L50, M|\n|poke|p1|Sneasler, L50, F|\n|poke|p1|Sinistcha-Masterpiece, L50|\n|poke|p1|Garchomp, L50, F|\n|poke|p1|Incineroar, L50, M|\n|poke|p1|Talonflame, L50, F|\n|poke|p2|Charizard, L50, F|\n|poke|p2|Venusaur, L50, F|\n|poke|p2|Orthworm, L50, F|\n|poke|p2|Garchomp, L50, M|\n|poke|p2|Milotic, L50, M|\n|poke|p2|Whimsicott, L50, F|\n|teampreview|4\n|inactive|Battle timer is ON: inactive players will automatically lose when time's up. (requested by Pasmar)\n|inactive|Pasmar has 60 seconds left.\n|inactive|Future Alice haver has 60 seconds left.\n|\n|t:|1776376768\n|teamsize|p1|4\n|teamsize|p2|4\n|start\n|switch|p1a: Talonflame|Talonflame, L50, F|100/100\n|switch|p1b: Blastoise|Blastoise, L50, M|100/100\n|switch|p2a: Charizard|Charizard, L50, F|100/100\n|switch|p2b: Milotic|Milotic, L50, M|100/100\n|turn|1\n|inactive|Future Alice haver has 30 seconds left.\n|inactive|Future Alice haver has 20 seconds left.\n|\n|t:|1776376808\n|detailschange|p2a: Charizard|Charizard-Mega-Y, L50, F\n|-mega|p2a: Charizard|Charizard|Charizardite Y\n|-weather|SunnyDay|[from] ability: Drought|[of] p2a: Charizard\n|detailschange|p1b: Blastoise|Blastoise-Mega, L50, M\n|-mega|p1b: Blastoise|Blastoise|Blastoisinite\n|move|p2a: Charizard|Protect|p2a: Charizard\n|-singleturn|p2a: Charizard|Protect\n|move|p1a: Talonflame|Rain Dance|p1a: Talonflame\n|-weather|RainDance\n|move|p1b: Blastoise|Shell Smash|p1b: Blastoise\n|-unboost|p1b: Blastoise|def|1\n|-unboost|p1b: Blastoise|spd|1\n|-boost|p1b: Blastoise|atk|2\n|-boost|p1b: Blastoise|spa|2\n|-boost|p1b: Blastoise|spe|2\n|move|p2b: Milotic|Icy Wind|p1a: Talonflame|[spread] p1a,p1b\n|-resisted|p1b: Blastoise|1\n|-damage|p1a: Talonflame|82/100\n|-damage|p1b: Blastoise|91/100\n|-unboost|p1a: Talonflame|spe|1\n|-unboost|p1b: Blastoise|spe|1\n|\n|-weather|RainDance|[upkeep]\n|upkeep\n|turn|2\n|\n|t:|1776376831\n|switch|p2a: Whimsicott|Whimsicott, L50, F|100/100\n|move|p1b: Blastoise|Water Spout|p2a: Whimsicott|[spread] p2a,p2b\n|-resisted|p2a: Whimsicott|1\n|-resisted|p2b: Milotic|1\n|-enditem|p2a: Whimsicott|Focus Sash\n|-damage|p2a: Whimsicott|1/100\n|-damage|p2b: Milotic|46/100\n|move|p1a: Talonflame|Tailwind|p1a: Talonflame\n|-sidestart|p1: Pasmar|move: Tailwind\n|move|p2b: Milotic|Icy Wind|p1b: Blastoise|[spread] p1a,p1b\n|-resisted|p1b: Blastoise|1\n|-damage|p1a: Talonflame|65/100\n|-damage|p1b: Blastoise|82/100\n|-unboost|p1a: Talonflame|spe|1\n|-unboost|p1b: Blastoise|spe|1\n|\n|-weather|RainDance|[upkeep]\n|upkeep\n|turn|3\n|inactive|Future Alice haver has 30 seconds left.\n|\n|t:|1776376859\n|switch|p1a: Sinistcha|Sinistcha-Masterpiece, L50|100/100\n|-heal|p1b: Blastoise|100/100|[from] ability: Hospitality|[of] p1a: Sinistcha\n|move|p2a: Whimsicott|Tailwind|p2a: Whimsicott\n|-sidestart|p2: Future Alice haver|move: Tailwind\n|move|p1b: Blastoise|Water Spout|p2a: Whimsicott|[spread] p2a,p2b\n|-resisted|p2a: Whimsicott|1\n|-resisted|p2b: Milotic|1\n|-damage|p2a: Whimsicott|0 fnt\n|-damage|p2b: Milotic|0 fnt\n|faint|p2a: Whimsicott\n|faint|p2b: Milotic\n|\n|-weather|RainDance|[upkeep]\n|upkeep\n|\n|t:|1776376867\n|switch|p2a: Charizard|Charizard-Mega-Y, L50, F|100/100\n|switch|p2b: Garchomp|Garchomp, L50, M|100/100\n|-weather|SunnyDay|[from] ability: Drought|[of] p2a: Charizard\n|turn|4\n|inactive|Pasmar has 30 seconds left.\n|inactive|Pasmar has 20 seconds left.\n|inactive|Pasmar has 15 seconds left.\n|\n|t:|1776376910\n|move|p1b: Blastoise|Protect|p1b: Blastoise\n|-singleturn|p1b: Blastoise|Protect\n|move|p2b: Garchomp|Stone Edge|p1b: Blastoise\n|-activate|p1b: Blastoise|move: Protect\n|move|p2a: Charizard|Heat Wave|p1b: Blastoise|[spread] p1a\n|-activate|p1b: Blastoise|move: Protect\n|-supereffective|p1a: Sinistcha|1\n|-damage|p1a: Sinistcha|0 fnt\n|faint|p1a: Sinistcha\n|\n|-weather|SunnyDay|[upkeep]\n|upkeep\n|\n|t:|1776376926\n|switch|p1a: Sneasler|Sneasler, L50, F|100/100\n|turn|5\n|\n|t:|1776376947\n|move|p1a: Sneasler|Fake Out|p2b: Garchomp\n|-damage|p2b: Garchomp|87/100\n|-damage|p1a: Sneasler|88/100|[from] ability: Rough Skin|[of] p2b: Garchomp\n|cant|p2b: Garchomp|flinch\n|move|p2a: Charizard|Solar Beam||[still]\n|-prepare|p2a: Charizard|Solar Beam\n|-anim|p2a: Charizard|Solar Beam|p1b: Blastoise\n|-supereffective|p1b: Blastoise|1\n|-damage|p1b: Blastoise|0 fnt\n|faint|p1b: Blastoise\n|\n|-weather|SunnyDay|[upkeep]\n|-sideend|p1: Pasmar|move: Tailwind\n|upkeep\n|\n|t:|1776376959\n|switch|p1b: Talonflame|Talonflame, L50, F|65/100\n|turn|6\n|-message|Pasmar forfeited.\n|\n|win|Future Alice haver\n|raw|Pasmar's rating: 1136 &rarr; <strong>1115</strong><br />(-21 for losing)\n|raw|Future Alice haver's rating: 1194 &rarr; <strong>1215</strong><br />(+21 for winning)\n",
  "uploadtime": 1776376969,
  "views": 24,
  "formatid": "gen9championsvgc2026regma",
  "rating": 1115,
  "private": 0,
  "password": null
}