{
  "id": "gen9championsvgc2026regma-2584386497",
  "format": "[Gen 9 Champions] VGC 2026 Reg M-A",
  "players": [
    "l shifts l",
    "Kdkdkdddd"
  ],
  "log": "|j|\u2606l shifts l\n|j|\u2606Kdkdkdddd\n|t:|1776257004\n|gametype|doubles\n|player|p1|l shifts l|101|1050\n|player|p2|Kdkdkdddd|266|1000\n|gen|9\n|tier|[Gen 9 Champions] VGC 2026 Reg M-A\n|rated|\n|rule|Species Clause: Limit one of each Pok\u00e9mon\n|rule|Item Clause: Limit 1 of each item\n|clearpoke\n|poke|p1|Torkoal, L50, F|\n|poke|p1|Leafeon, L50, M|\n|poke|p1|Sylveon, L50, M|\n|poke|p1|Charizard, L50, F|\n|poke|p1|Dragonite, L50, M|\n|poke|p1|Volcarona, L50, M|\n|poke|p2|Sableye, L50, M|\n|poke|p2|Corviknight, L50, F|\n|poke|p2|Luxray, L50, M|\n|poke|p2|Aggron, L50, M|\n|poke|p2|Tyranitar, L50, M|\n|poke|p2|Bellibolt, L50, M|\n|teampreview|4\n|inactive|Battle timer is ON: inactive players will automatically lose when time's up. (requested by Kdkdkdddd)\n|\n|t:|1776257038\n|teamsize|p1|4\n|teamsize|p2|4\n|start\n|switch|p1a: Volcarona|Volcarona, L50, M, shiny|100/100\n|switch|p1b: Charizard|Charizard, L50, F, shiny|100/100\n|switch|p2a: Tyranitar|Tyranitar, L50, M, shiny|100/100\n|switch|p2b: Luxray|Luxray, L50, M, shiny|100/100\n|-ability|p2b: Luxray|Intimidate|boost\n|-unboost|p1a: Volcarona|atk|1\n|-unboost|p1b: Charizard|atk|1\n|-weather|Sandstorm|[from] ability: Sand Stream|[of] p2a: Tyranitar\n|turn|1\n|\n|t:|1776257063\n|detailschange|p1b: Charizard|Charizard-Mega-Y, L50, F, shiny\n|-mega|p1b: Charizard|Charizard|Charizardite Y\n|-weather|SunnyDay|[from] ability: Drought|[of] p1b: Charizard\n|detailschange|p2a: Tyranitar|Tyranitar-Mega, L50, M, shiny\n|-mega|p2a: Tyranitar|Tyranitar|Tyranitarite\n|-weather|Sandstorm|[from] ability: Sand Stream|[of] p2a: Tyranitar\n|move|p1b: Charizard|Protect|p1b: Charizard\n|-singleturn|p1b: Charizard|Protect\n|move|p2b: Luxray|Volt Switch|p1b: Charizard\n|-activate|p1b: Charizard|move: Protect\n|move|p2a: Tyranitar|Rock Slide|p1b: Charizard|[spread] p1a\n|-activate|p1b: Charizard|move: Protect\n|-supereffective|p1a: Volcarona|2\n|-damage|p1a: Volcarona|0 fnt\n|faint|p1a: Volcarona\n|\n|-weather|Sandstorm|[upkeep]\n|-damage|p2b: Luxray|95/100|[from] Sandstorm\n|-damage|p1b: Charizard|95/100|[from] Sandstorm\n|upkeep\n|\n|t:|1776257080\n|switch|p1a: Torkoal|Torkoal, L50, F|100/100\n|-weather|SunnyDay|[from] ability: Drought|[of] p1a: Torkoal\n|turn|2\n|\n|t:|1776257087\n|switch|p1b: Leafeon|Leafeon, L50, M, shiny|100/100\n|move|p2a: Tyranitar|Protect|p2a: Tyranitar\n|-singleturn|p2a: Tyranitar|Protect\n|move|p2b: Luxray|Volt Switch|p1b: Leafeon\n|-resisted|p1b: Leafeon|1\n|-damage|p1b: Leafeon|81/100\n|\n|t:|1776257091\n|switch|p2b: Sableye|Sableye, L50, M|100/100|[from] Volt Switch\n|move|p1a: Torkoal|Will-O-Wisp|p2a: Tyranitar\n|-activate|p2a: Tyranitar|move: Protect\n|\n|-weather|SunnyDay|[upkeep]\n|upkeep\n|turn|3\n|\n|t:|1776257106\n|move|p2b: Sableye|Fake Out|p1a: Torkoal\n|-damage|p1a: Torkoal|96/100\n|move|p1b: Leafeon|Solar Blade||[still]\n|-prepare|p1b: Leafeon|Solar Blade\n|-anim|p1b: Leafeon|Solar Blade|p2a: Tyranitar\n|-supereffective|p2a: Tyranitar|1\n|-damage|p2a: Tyranitar|15/100\n|move|p2a: Tyranitar|Knock Off|p1b: Leafeon\n|-damage|p1b: Leafeon|13/100\n|-enditem|p1b: Leafeon|Choice Scarf|[from] move: Knock Off|[of] p2a: Tyranitar\n|cant|p1a: Torkoal|flinch\n|\n|-weather|SunnyDay|[upkeep]\n|-heal|p1a: Torkoal|100/100|[from] item: Leftovers\n|upkeep\n|turn|4\n|\n|t:|1776257128\n|move|p2b: Sableye|Disable|p1b: Leafeon\n|-start|p1b: Leafeon|Disable|Solar Blade\n|cant|p1b: Leafeon|Disable|Solar Blade\n|move|p2a: Tyranitar|Rock Slide|p1a: Torkoal|[spread] p1a,p1b\n|-supereffective|p1a: Torkoal|1\n|-damage|p1a: Torkoal|55/100\n|-damage|p1b: Leafeon|0 fnt\n|faint|p1b: Leafeon\n|move|p1a: Torkoal|Will-O-Wisp|p2b: Sableye\n|-status|p2b: Sableye|brn\n|\n|-weather|SunnyDay|[upkeep]\n|-heal|p1a: Torkoal|62/100|[from] item: Leftovers\n|-damage|p2b: Sableye|95/100 brn|[from] brn\n|upkeep\n|\n|t:|1776257135\n|switch|p1b: Charizard|Charizard-Mega-Y, L50, F, shiny|95/100\n|turn|5\n|\n|t:|1776257149\n|move|p1b: Charizard|Protect|p1b: Charizard\n|-singleturn|p1b: Charizard|Protect\n|move|p1a: Torkoal|Protect|p1a: Torkoal\n|-singleturn|p1a: Torkoal|Protect\n|move|p2b: Sableye|Rain Dance|p2b: Sableye\n|-weather|RainDance\n|move|p2a: Tyranitar|Rock Slide|p1a: Torkoal|[spread] \n|-activate|p1a: Torkoal|move: Protect\n|-activate|p1b: Charizard|move: Protect\n|\n|-weather|RainDance|[upkeep]\n|-heal|p1a: Torkoal|68/100|[from] item: Leftovers\n|-damage|p2b: Sableye|89/100 brn|[from] brn\n|upkeep\n|turn|6\n|\n|t:|1776257166\n|move|p2b: Sableye|Light Screen|p2b: Sableye\n|-sidestart|p2: Kdkdkdddd|move: Light Screen\n|move|p1b: Charizard|Heat Wave|p2a: Tyranitar|[spread] p2a,p2b\n|-resisted|p2a: Tyranitar|1\n|-damage|p2a: Tyranitar|8/100\n|-damage|p2b: Sableye|67/100 brn\n|move|p2a: Tyranitar|Rock Slide|p1b: Charizard|[spread] p1a,p1b\n|-supereffective|p1a: Torkoal|1\n|-supereffective|p1b: Charizard|2\n|-damage|p1a: Torkoal|20/100\n|-damage|p1b: Charizard|0 fnt\n|faint|p1b: Charizard\n|move|p1a: Torkoal|Heat Wave|p2b: Sableye|[spread] p2a,p2b\n|-resisted|p2a: Tyranitar|1\n|-damage|p2a: Tyranitar|6/100\n|-damage|p2b: Sableye|57/100 brn\n|\n|-weather|RainDance|[upkeep]\n|-heal|p1a: Torkoal|26/100|[from] item: Leftovers\n|-damage|p2b: Sableye|51/100 brn|[from] brn\n|upkeep\n|turn|7\n|\n|t:|1776257177\n|move|p2b: Sableye|Disable|p1a: Torkoal\n|-start|p1a: Torkoal|Disable|Heat Wave\n|move|p2a: Tyranitar|Knock Off|p1a: Torkoal\n|-damage|p1a: Torkoal|0 fnt\n|-enditem|p1a: Torkoal|Leftovers|[from] move: Knock Off|[of] p2a: Tyranitar\n|faint|p1a: Torkoal\n|\n|win|Kdkdkdddd\n|raw|l shifts l's rating: 1050 &rarr; <strong>1030</strong><br />(-20 for losing)\n|raw|Kdkdkdddd's rating: 1000 &rarr; <strong>1046</strong><br />(+46 for winning)\n",
  "uploadtime": 1776257182,
  "views": 19,
  "formatid": "gen9championsvgc2026regma",
  "rating": 1030,
  "private": 0,
  "password": null
}