{
  "id": "gen9championsvgc2026regma-2583832096",
  "format": "[Gen 9 Champions] VGC 2026 Reg M-A",
  "players": [
    "Cake2000",
    "Pandyc"
  ],
  "log": "|j|\u2606Cake2000\n|j|\u2606Pandyc\n|t:|1776201179\n|gametype|doubles\n|player|p1|Cake2000|265|1064\n|player|p2|Pandyc|caitlin|1136\n|gen|9\n|tier|[Gen 9 Champions] VGC 2026 Reg M-A\n|rated|\n|rule|Species Clause: Limit one of each Pok\u00e9mon\n|rule|Item Clause: Limit 1 of each item\n|clearpoke\n|poke|p1|Dragapult, L50, F|\n|poke|p1|Salazzle, L50, F|\n|poke|p1|Glimmora, L50, F|\n|poke|p1|Corviknight, L50, F|\n|poke|p1|Rotom-Wash, L50|\n|poke|p1|Kingambit, L50, F|\n|poke|p2|Gardevoir, L50, F|\n|poke|p2|Incineroar, L50, M|\n|poke|p2|Sinistcha, L50|\n|poke|p2|Garchomp, L50, F|\n|poke|p2|Rotom-Wash, L50|\n|poke|p2|Aerodactyl, L50, M|\n|teampreview|4\n|inactive|Battle timer is ON: inactive players will automatically lose when time's up. (requested by Cake2000)\n|inactiveoff|Battle timer is now OFF.\nCake2000 rejected open team sheets.\n|inactive|Battle timer is ON: inactive players will automatically lose when time's up. (requested by Cake2000)\n|\n|t:|1776201282\n|teamsize|p1|4\n|teamsize|p2|4\n|start\n|switch|p1a: Corviknight|Corviknight, L50, F|100/100\n|switch|p1b: Glimmora|Glimmora, L50, F|100/100\n|switch|p2a: Garchomp|Garchomp, L50, F|100/100\n|switch|p2b: Aerodactyl|Aerodactyl, L50, M|100/100\n|-ability|p2b: Aerodactyl|Unnerve\n|turn|1\n|inactive|Cake2000 has 30 seconds left.\n|inactive|Pandyc has 30 seconds left.\n|inactive|Pandyc has 20 seconds left.\n|inactive|Pandyc has 15 seconds left.\n|inactive|Pandyc has 10 seconds left.\n|\n|t:|1776201328\n|switch|p2a: Rotom|Rotom-Wash, L50|100/100\n|switch|p1b: Dragapult|Dragapult, L50, F|100/100\n|move|p2b: Aerodactyl|Tailwind|p2b: Aerodactyl\n|-sidestart|p2: Pandyc|move: Tailwind\n|move|p1a: Corviknight|Tailwind|p1a: Corviknight\n|-sidestart|p1: Cake2000|move: Tailwind\n|\n|upkeep\n|turn|2\n|\n|t:|1776201352\n|move|p1a: Corviknight|Protect|p1a: Corviknight\n|-singleturn|p1a: Corviknight|Protect\n|move|p1b: Dragapult|Dragon Darts|p2a: Rotom\n|-damage|p2a: Rotom|74/100\n|-anim|p1b: Dragapult|Dragon Darts|p2b: Aerodactyl\n|-damage|p2b: Aerodactyl|62/100\n|move|p2b: Aerodactyl|Rock Slide|p1b: Dragapult|[spread] p1b\n|-activate|p1a: Corviknight|move: Protect\n|-damage|p1b: Dragapult|64/100\n|move|p2a: Rotom|Thunderbolt|p1a: Corviknight\n|-activate|p1a: Corviknight|move: Protect\n|\n|upkeep\n|turn|3\n|\n|t:|1776201375\n|switch|p1a: Glimmora|Glimmora, L50, F|100/100\n|move|p1b: Dragapult|Dragon Darts|p2a: Rotom\n|-damage|p2a: Rotom|48/100\n|-enditem|p2a: Rotom|Sitrus Berry|[eat]\n|-heal|p2a: Rotom|73/100|[from] item: Sitrus Berry\n|-anim|p1b: Dragapult|Dragon Darts|p2b: Aerodactyl\n|-damage|p2b: Aerodactyl|23/100\n|move|p2b: Aerodactyl|Rock Slide|p1b: Dragapult|[spread] p1a,p1b\n|-crit|p1a: Glimmora\n|-damage|p1a: Glimmora|50/100\n|-damage|p1b: Dragapult|30/100\n|-activate|p1a: Glimmora|ability: Toxic Debris\n|-sidestart|p2: Pandyc|move: Toxic Spikes\n|move|p2a: Rotom|Thunderbolt|p1a: Glimmora\n|-damage|p1a: Glimmora|0 fnt\n|faint|p1a: Glimmora\n|\n|upkeep\n|\n|t:|1776201393\n|switch|p1a: Kingambit|Kingambit, L50, F|100/100\n|turn|4\n|inactive|Pandyc has 30 seconds left.\n|\n|t:|1776201428\n|switch|p1a: Corviknight|Corviknight, L50, F|100/100\n|move|p1b: Dragapult|Dragon Darts|p2a: Rotom\n|-damage|p2a: Rotom|46/100\n|-anim|p1b: Dragapult|Dragon Darts|p2b: Aerodactyl\n|-damage|p2b: Aerodactyl|0 fnt\n|faint|p2b: Aerodactyl\n|move|p2a: Rotom|Will-O-Wisp|p1a: Corviknight\n|-status|p1a: Corviknight|brn\n|\n|-damage|p1a: Corviknight|95/100 brn|[from] brn\n|-sideend|p1: Cake2000|move: Tailwind\n|-sideend|p2: Pandyc|move: Tailwind\n|upkeep\n|\n|t:|1776201442\n|switch|p2b: Gardevoir|Gardevoir, L50, F|100/100\n|-status|p2b: Gardevoir|psn\n|turn|5\n|\n|t:|1776201459\n|detailschange|p2b: Gardevoir|Gardevoir-Mega, L50, F\n|-mega|p2b: Gardevoir|Gardevoir|Gardevoirite\n|move|p1b: Dragapult|Phantom Force||[still]\n|-prepare|p1b: Dragapult|Phantom Force\n|move|p2b: Gardevoir|Hyper Voice|p1a: Corviknight|[spread] p1a\n|-miss|p2b: Gardevoir|p1b: Dragapult\n|-resisted|p1a: Corviknight|1\n|-damage|p1a: Corviknight|71/100 brn\n|move|p2a: Rotom|Thunderbolt|p1a: Corviknight\n|-supereffective|p1a: Corviknight|1\n|-damage|p1a: Corviknight|3/100 brn\n|move|p1a: Corviknight|Iron Head|p2b: Gardevoir\n|-supereffective|p2b: Gardevoir|1\n|-damage|p2b: Gardevoir|68/100 psn\n|\n|-heal|p1a: Corviknight|9/100 brn|[from] item: Leftovers\n|-damage|p2b: Gardevoir|56/100 psn|[from] psn\n|-damage|p1a: Corviknight|3/100 brn|[from] brn\n|upkeep\n|turn|6\n|inactive|Cake2000 has 30 seconds left.\n|inactive|Pandyc has 30 seconds left.\n|inactive|Cake2000 has 20 seconds left.\n|\n|t:|1776201495\n|move|p1b: Dragapult|Phantom Force|p2b: Gardevoir|[from] lockedmove\n|-supereffective|p2b: Gardevoir|1\n|-damage|p2b: Gardevoir|0 fnt\n|faint|p2b: Gardevoir\n|move|p2a: Rotom|Will-O-Wisp|p1b: Dragapult\n|-status|p1b: Dragapult|brn\n|move|p1a: Corviknight|Tailwind|p1a: Corviknight\n|-sidestart|p1: Cake2000|move: Tailwind\n|\n|-heal|p1a: Corviknight|9/100 brn|[from] item: Leftovers\n|-damage|p1b: Dragapult|24/100 brn|[from] brn\n|-damage|p1a: Corviknight|3/100 brn|[from] brn\n|upkeep\n|\n|t:|1776201508\n|switch|p2b: Garchomp|Garchomp, L50, F|100/100\n|-status|p2b: Garchomp|psn\n|turn|7\n|\n|t:|1776201530\n|move|p1b: Dragapult|Dragon Darts|p2b: Garchomp\n|-supereffective|p2b: Garchomp|1\n|-damage|p2b: Garchomp|76/100 psn\n|-anim|p1b: Dragapult|Dragon Darts|p2a: Rotom\n|-damage|p2a: Rotom|33/100\n|move|p1a: Corviknight|Body Press|p2b: Garchomp\n|-damage|p2b: Garchomp|65/100 psn\n|-damage|p1a: Corviknight|0 fnt|[from] ability: Rough Skin|[of] p2b: Garchomp\n|faint|p1a: Corviknight\n|move|p2b: Garchomp|Earthquake|p1b: Dragapult|[spread] p1b\n|-immune|p2a: Rotom|[from] ability: Levitate\n|-damage|p1b: Dragapult|0 fnt\n|faint|p1b: Dragapult\n|move|p2a: Rotom|Thunderbolt|p1: Corviknight|[notarget]\n|-fail|p2a: Rotom\n|\n|-damage|p2b: Garchomp|52/100 psn|[from] psn\n|upkeep\n|\n|t:|1776201540\n|switch|p1a: Kingambit|Kingambit, L50, F|100/100\n|turn|8\n|\n|t:|1776201558\n|move|p1a: Kingambit|Protect|p1a: Kingambit\n|-singleturn|p1a: Kingambit|Protect\n|move|p2b: Garchomp|Earthquake|p1a: Kingambit|[spread] \n|-activate|p1a: Kingambit|move: Protect\n|-immune|p2a: Rotom|[from] ability: Levitate\n|move|p2a: Rotom|Will-O-Wisp|p1a: Kingambit\n|-activate|p1a: Kingambit|move: Protect\n|\n|-damage|p2b: Garchomp|40/100 psn|[from] psn\n|upkeep\n|turn|9\n|\n|t:|1776201575\n|move|p2b: Garchomp|Protect|p2b: Garchomp\n|-singleturn|p2b: Garchomp|Protect\n|move|p1a: Kingambit|Sucker Punch||[still]\n|-fail|p1a: Kingambit\n|move|p2a: Rotom|Will-O-Wisp|p1a: Kingambit\n|-status|p1a: Kingambit|brn\n|\n|-damage|p2b: Garchomp|27/100 psn|[from] psn\n|-damage|p1a: Kingambit|95/100 brn|[from] brn\n|-sideend|p1: Cake2000|move: Tailwind\n|upkeep\n|turn|10\n|\n|t:|1776201597\n|move|p2b: Garchomp|Protect||[still]\n|-fail|p2b: Garchomp\n|move|p1a: Kingambit|Sucker Punch||[still]\n|-fail|p1a: Kingambit\n|move|p2a: Rotom|Thunderbolt|p1a: Kingambit\n|-damage|p1a: Kingambit|54/100 brn\n|\n|-damage|p2b: Garchomp|15/100 psn|[from] psn\n|-damage|p1a: Kingambit|48/100 brn|[from] brn\n|upkeep\n|turn|11\n|inactive|Cake2000 has 30 seconds left.\n|inactive|Cake2000 has 20 seconds left.\n|inactive|Cake2000 has 15 seconds left.\n|inactive|Cake2000 has 10 seconds left.\n|inactive|Cake2000 has 5 seconds left.\n|\n|t:|1776201652\n|move|p1a: Kingambit|Sucker Punch|p2a: Rotom\n|-damage|p2a: Rotom|8/100\n|move|p2b: Garchomp|Earthquake|p1a: Kingambit|[spread] p1a\n|-immune|p2a: Rotom|[from] ability: Levitate\n|-supereffective|p1a: Kingambit|1\n|-damage|p1a: Kingambit|0 fnt\n|faint|p1a: Kingambit\n|\n|win|Pandyc\n|raw|Cake2000's rating: 1064 &rarr; <strong>1048</strong><br />(-16 for losing)\n|raw|Pandyc's rating: 1136 &rarr; <strong>1156</strong><br />(+20 for winning)\n",
  "uploadtime": 1776201662,
  "views": 16,
  "formatid": "gen9championsvgc2026regma",
  "rating": 1048,
  "private": 0,
  "password": null
}