{
  "id": "gen9championsvgc2026regma-2582310081",
  "format": "[Gen 9 Champions] VGC 2026 Reg M-A",
  "players": [
    "dimdimdam",
    "yuriimon"
  ],
  "log": "|j|\u2606dimdimdam\n|j|\u2606yuriimon\n|t:|1776082141\n|gametype|doubles\n|player|p1|dimdimdam|101|1134\n|player|p2|yuriimon|waitress-gen4|1125\n|gen|9\n|tier|[Gen 9 Champions] VGC 2026 Reg M-A\n|rated|\n|rule|Species Clause: Limit one of each Pok\u00e9mon\n|rule|Item Clause: Limit 1 of each item\n|clearpoke\n|poke|p1|Starmie, L50|\n|poke|p1|Aegislash, L50, F|\n|poke|p1|Sneasler, L50, F|\n|poke|p1|Pelipper, L50, M|\n|poke|p1|Archaludon, L50, M|\n|poke|p1|Maushold, L50|\n|poke|p2|Feraligatr, L50, M|\n|poke|p2|Aerodactyl, L50, F|\n|poke|p2|Sneasler, L50, F|\n|poke|p2|Mimikyu, L50, F|\n|poke|p2|Camerupt, L50, M|\n|poke|p2|Kingambit, L50, M|\n|teampreview|4\n|inactive|Battle timer is ON: inactive players will automatically lose when time's up. (requested by yuriimon)\n|inactive|dimdimdam has 60 seconds left.\n|inactive|yuriimon has 60 seconds left.\n|\n|t:|1776082186\n|teamsize|p1|4\n|teamsize|p2|4\n|start\n|switch|p1a: Sneasler|Sneasler, L50, F|100/100\n|switch|p1b: Pelipper|Pelipper, L50, M|100/100\n|switch|p2a: Sneasler|Sneasler, L50, F|100/100\n|switch|p2b: Camerupt|Camerupt, L50, M|100/100\n|-weather|RainDance|[from] ability: Drizzle|[of] p1b: Pelipper\n|turn|1\n|\n|t:|1776082199\n|detailschange|p2b: Camerupt|Camerupt-Mega, L50, M\n|-mega|p2b: Camerupt|Camerupt|Cameruptite\n|move|p2a: Sneasler|Fake Out|p1b: Pelipper\n|-damage|p1b: Pelipper|81/100\n|move|p1a: Sneasler|Fake Out|p2b: Camerupt\n|-damage|p2b: Camerupt|85/100\n|cant|p1b: Pelipper|flinch\n|cant|p2b: Camerupt|flinch\n|\n|-weather|RainDance|[upkeep]\n|upkeep\n|turn|2\n|inactive|dimdimdam has 30 seconds left.\n|\n|t:|1776082225\n|move|p2b: Camerupt|Protect|p2b: Camerupt\n|-singleturn|p2b: Camerupt|Protect\n|move|p2a: Sneasler|Dire Claw|p1b: Pelipper\n|-damage|p1b: Pelipper|30/100\n|-status|p1b: Pelipper|slp\n|move|p1a: Sneasler|Close Combat|p2a: Sneasler\n|-resisted|p2a: Sneasler|1\n|-damage|p2a: Sneasler|46/100\n|-unboost|p1a: Sneasler|def|1\n|-unboost|p1a: Sneasler|spd|1\n|-enditem|p1a: Sneasler|White Herb\n|-clearnegativeboost|p1a: Sneasler|[silent]\n|cant|p1b: Pelipper|slp\n|\n|-weather|RainDance|[upkeep]\n|upkeep\n|turn|3\n|\n|t:|1776082247\n|switch|p1b: Archaludon|Archaludon, L50, M|100/100\n|move|p1a: Sneasler|Close Combat|p2b: Camerupt\n|-damage|p2b: Camerupt|21/100\n|-unboost|p1a: Sneasler|def|1\n|-unboost|p1a: Sneasler|spd|1\n|move|p2a: Sneasler|Dire Claw|p1b: Archaludon\n|-immune|p1b: Archaludon\n|move|p2b: Camerupt|Earth Power|p1a: Sneasler\n|-supereffective|p1a: Sneasler|1\n|-damage|p1a: Sneasler|0 fnt\n|faint|p1a: Sneasler\n|\n|-weather|RainDance|[upkeep]\n|upkeep\n|\n|t:|1776082261\n|switch|p1a: Starmie|Starmie, L50|100/100\n|turn|4\n|inactive|dimdimdam has 30 seconds left.\n|\n|t:|1776082292\n|detailschange|p1a: Starmie|Starmie-Mega, L50\n|-mega|p1a: Starmie|Starmie|Starminite\n|move|p2b: Camerupt|Protect|p2b: Camerupt\n|-singleturn|p2b: Camerupt|Protect\n|move|p2a: Sneasler|Close Combat|p1b: Archaludon\n|-supereffective|p1b: Archaludon|1\n|-damage|p1b: Archaludon|10/100\n|-unboost|p2a: Sneasler|def|1\n|-unboost|p2a: Sneasler|spd|1\n|-ability|p1b: Archaludon|Stamina|boost\n|-boost|p1b: Archaludon|def|1\n|move|p1a: Starmie|Liquidation|p2b: Camerupt\n|-activate|p2b: Camerupt|move: Protect\n|move|p1b: Archaludon|Electro Shot||[still]\n|-prepare|p1b: Archaludon|Electro Shot\n|-boost|p1b: Archaludon|spa|1\n|-anim|p1b: Archaludon|Electro Shot|p2a: Sneasler\n|-damage|p2a: Sneasler|0 fnt\n|faint|p2a: Sneasler\n|\n|-weather|RainDance|[upkeep]\n|-heal|p1b: Archaludon|16/100|[from] item: Leftovers\n|upkeep\n|\n|t:|1776082308\n|switch|p2a: Kingambit|Kingambit, L50, M|100/100\n|turn|5\n|\n|t:|1776082326\n|move|p1b: Archaludon|Protect|p1b: Archaludon\n|-singleturn|p1b: Archaludon|Protect\n|move|p2a: Kingambit|Sucker Punch|p1a: Starmie\n|-supereffective|p1a: Starmie|1\n|-damage|p1a: Starmie|0 fnt\n|faint|p1a: Starmie\n|move|p2b: Camerupt|Earth Power|p1b: Archaludon\n|-activate|p1b: Archaludon|move: Protect\n|\n|-weather|none\n|-heal|p1b: Archaludon|22/100|[from] item: Leftovers\n|upkeep\n|\n|t:|1776082334\n|switch|p1a: Pelipper|Pelipper, L50, M|30/100 slp\n|-weather|RainDance|[from] ability: Drizzle|[of] p1a: Pelipper\n|turn|6\n|\n|t:|1776082355\n|move|p2a: Kingambit|Sucker Punch|p1b: Archaludon\n|-damage|p1b: Archaludon|3/100\n|-ability|p1b: Archaludon|Stamina|boost\n|-boost|p1b: Archaludon|def|1\n|cant|p1a: Pelipper|slp\n|move|p1b: Archaludon|Electro Shot||[still]\n|-prepare|p1b: Archaludon|Electro Shot\n|-boost|p1b: Archaludon|spa|1\n|-anim|p1b: Archaludon|Electro Shot|p2a: Kingambit\n|-damage|p2a: Kingambit|2/100\n|move|p2b: Camerupt|Earth Power|p1b: Archaludon\n|-supereffective|p1b: Archaludon|1\n|-damage|p1b: Archaludon|0 fnt\n|faint|p1b: Archaludon\n|\n|-weather|RainDance|[upkeep]\n|upkeep\n|turn|7\n|-message|dimdimdam forfeited.\n|\n|win|yuriimon\n|raw|dimdimdam's rating: 1134 &rarr; <strong>1108</strong><br />(-26 for losing)\n|raw|yuriimon's rating: 1125 &rarr; <strong>1151</strong><br />(+26 for winning)\n|l|\u2606dimdimdam\n|player|p1|\n",
  "uploadtime": 1776082379,
  "views": 12,
  "formatid": "gen9championsvgc2026regma",
  "rating": 1108,
  "private": 0,
  "password": null
}