{
  "id": "gen9championsvgc2026regma-2582907421",
  "format": "[Gen 9 Champions] VGC 2026 Reg M-A",
  "players": [
    "Nachofrize",
    "Spark the Pikagoss"
  ],
  "log": "|j|\u2606Nachofrize\n|j|\u2606Spark the Pikagoss\n|t:|1776123926\n|gametype|doubles\n|player|p1|Nachofrize|cynthia|1066\n|player|p2|Spark the Pikagoss|gentleman|1121\n|gen|9\n|tier|[Gen 9 Champions] VGC 2026 Reg M-A\n|rated|\n|rule|Species Clause: Limit one of each Pok\u00e9mon\n|rule|Item Clause: Limit 1 of each item\n|clearpoke\n|poke|p1|Sableye, L50, F|\n|poke|p1|Aggron, L50, M|\n|poke|p1|Toxapex, L50, F|\n|poke|p1|Clefable, L50, F|\n|poke|p1|Meowscarada, L50, M|\n|poke|p1|Alakazam, L50, M|\n|poke|p2|Politoed, L50, F|\n|poke|p2|Gengar, L50, F|\n|poke|p2|Incineroar, L50, F|\n|poke|p2|Maushold, L50|\n|poke|p2|Basculegion, L50, M|\n|poke|p2|Archaludon, L50, F|\n|teampreview|4\n|inactive|Battle timer is ON: inactive players will automatically lose when time's up. (requested by Nachofrize)\n|\n|t:|1776124001\n|teamsize|p1|4\n|teamsize|p2|4\n|start\n|switch|p1a: Sableye|Sableye, L50, F|100/100\n|switch|p1b: Aggron|Aggron, L50, M, shiny|100/100\n|switch|p2a: Gengar|Gengar, L50, F|100/100\n|switch|p2b: Politoed|Politoed, L50, F|100/100\n|-weather|RainDance|[from] ability: Drizzle|[of] p2b: Politoed\n|turn|1\n|inactive|Nachofrize has 30 seconds left.\n|inactive|Spark the Pikagoss has 30 seconds left.\n|\n|t:|1776124035\n|switch|p1b: Meowscarada|Meowscarada, L50, M|100/100\n|detailschange|p2a: Gengar|Gengar-Mega, L50, F\n|-mega|p2a: Gengar|Gengar|Gengarite\n|move|p1a: Sableye|Light Screen|p1a: Sableye\n|-sidestart|p1: Nachofrize|move: Light Screen\n|move|p2a: Gengar|Shadow Ball|p1b: Meowscarada\n|-resisted|p1b: Meowscarada|1\n|-damage|p1b: Meowscarada|73/100\n|move|p2b: Politoed|Perish Song|p2b: Politoed\n|-start|p1a: Sableye|perish3|[silent]\n|-start|p1b: Meowscarada|perish3|[silent]\n|-start|p2a: Gengar|perish3|[silent]\n|-start|p2b: Politoed|perish3|[silent]\n|-fieldactivate|move: Perish Song\n|\n|-weather|RainDance|[upkeep]\n|-start|p1b: Meowscarada|perish3\n|-start|p2a: Gengar|perish3\n|-start|p2b: Politoed|perish3\n|-start|p1a: Sableye|perish3\n|upkeep\n|turn|2\n|inactive|Spark the Pikagoss has 30 seconds left.\n|\n|t:|1776124062\n|switch|p2b: Archaludon|Archaludon, L50, F|100/100\n|move|p2a: Gengar|Protect|p2a: Gengar\n|-singleturn|p2a: Gengar|Protect\n|move|p1b: Meowscarada|Knock Off|p2a: Gengar\n|-start|p1b: Meowscarada|typechange|Dark|[from] ability: Protean\n|-activate|p2a: Gengar|move: Protect\n|move|p1a: Sableye|Foul Play|p2a: Gengar\n|-activate|p2a: Gengar|move: Protect\n|\n|-weather|RainDance|[upkeep]\n|-start|p1b: Meowscarada|perish2\n|-start|p2a: Gengar|perish2\n|-start|p1a: Sableye|perish2\n|upkeep\n|turn|3\n|\n|t:|1776124078\n|switch|p2a: Maushold|Maushold, L50|100/100\n|move|p1b: Meowscarada|Knock Off|p2a: Maushold\n|-damage|p2a: Maushold|33/100\n|-enditem|p2a: Maushold|Mental Herb|[from] move: Knock Off|[of] p1b: Meowscarada\n|move|p2b: Archaludon|Electro Shot||[still]\n|-prepare|p2b: Archaludon|Electro Shot\n|-boost|p2b: Archaludon|spa|1\n|-anim|p2b: Archaludon|Electro Shot|p1b: Meowscarada\n|-damage|p1b: Meowscarada|0 fnt\n|faint|p1b: Meowscarada\n|move|p1a: Sableye|Foul Play|p2a: Maushold\n|-damage|p2a: Maushold|0 fnt\n|faint|p2a: Maushold\n|\n|-weather|RainDance|[upkeep]\n|-start|p1a: Sableye|perish1\n|upkeep\n|\n|t:|1776124098\n|switch|p2a: Gengar|Gengar-Mega, L50, F|100/100\n|switch|p1b: Clefable|Clefable, L50, F|100/100\n|turn|4\n|inactive|Nachofrize has 30 seconds left.\n|inactive|Spark the Pikagoss has 30 seconds left.\n|\n|t:|1776124126\n|switch|p1a: Aggron|Aggron, L50, M, shiny|100/100\n|move|p1b: Clefable|Follow Me|p1b: Clefable\n|-singleturn|p1b: Clefable|move: Follow Me\n|move|p2a: Gengar|Sludge Bomb|p1b: Clefable\n|-supereffective|p1b: Clefable|1\n|-damage|p1b: Clefable|37/100\n|-enditem|p1b: Clefable|Sitrus Berry|[eat]\n|-heal|p1b: Clefable|61/100|[from] item: Sitrus Berry\n|move|p2b: Archaludon|Flash Cannon|p1b: Clefable\n|-supereffective|p1b: Clefable|1\n|-damage|p1b: Clefable|11/100\n|-unboost|p1b: Clefable|spd|1\n|\n|-weather|RainDance|[upkeep]\n|upkeep\n|turn|5\n|inactive|Nachofrize has 30 seconds left.\n|inactive|Spark the Pikagoss has 30 seconds left.\n|inactive|Spark the Pikagoss has 20 seconds left.\n|inactive|Nachofrize has 20 seconds left.\n|\n|t:|1776124166\n|detailschange|p1a: Aggron|Aggron-Mega, L50, M, shiny\n|-mega|p1a: Aggron|Aggron|Aggronite\n|move|p1b: Clefable|Protect|p1b: Clefable\n|-singleturn|p1b: Clefable|Protect\n|move|p2a: Gengar|Shadow Ball|p1a: Aggron\n|-damage|p1a: Aggron|72/100\n|-unboost|p1a: Aggron|spd|1\n|move|p2b: Archaludon|Electro Shot||[still]\n|-prepare|p2b: Archaludon|Electro Shot\n|-boost|p2b: Archaludon|spa|1\n|-anim|p2b: Archaludon|Electro Shot|p1a: Aggron\n|-damage|p1a: Aggron|0 fnt\n|faint|p1a: Aggron\n|\n|-weather|none\n|-sideend|p1: Nachofrize|move: Light Screen\n|upkeep\n|inactive|Nachofrize has 30 seconds left.\n|\n|t:|1776124194\n|switch|p1a: Sableye|Sableye, L50, F|100/100\n|turn|6\n|\n|t:|1776124210\n|move|p2a: Gengar|Perish Song|p2a: Gengar\n|-start|p1a: Sableye|perish3|[silent]\n|-start|p1b: Clefable|perish3|[silent]\n|-start|p2a: Gengar|perish3|[silent]\n|-start|p2b: Archaludon|perish3|[silent]\n|-fieldactivate|move: Perish Song\n|move|p2b: Archaludon|Flash Cannon|p1a: Sableye\n|-enditem|p1a: Sableye|Focus Sash\n|-damage|p1a: Sableye|1/100\n|move|p1b: Clefable|Moonblast|p2b: Archaludon\n|-damage|p2b: Archaludon|61/100\n|-ability|p2b: Archaludon|Stamina|boost\n|-boost|p2b: Archaludon|def|1\n|move|p1a: Sableye|Foul Play|p2a: Gengar\n|-supereffective|p2a: Gengar|1\n|-damage|p2a: Gengar|28/100\n|\n|-start|p2a: Gengar|perish3\n|-start|p2b: Archaludon|perish3\n|-start|p1b: Clefable|perish3\n|-start|p1a: Sableye|perish3\n|upkeep\n|turn|7\n|-message|Nachofrize forfeited.\n|\n|win|Spark the Pikagoss\n|raw|Nachofrize's rating: 1066 &rarr; <strong>1049</strong><br />(-17 for losing)\n|raw|Spark the Pikagoss's rating: 1121 &rarr; <strong>1142</strong><br />(+21 for winning)\n|l|\u2606Nachofrize\n|player|p1|\n",
  "uploadtime": 1776124231,
  "views": 27,
  "formatid": "gen9championsvgc2026regma",
  "rating": 1049,
  "private": 0,
  "password": null
}