{
  "id": "gen9championsvgc2026regma-2582336014",
  "format": "[Gen 9 Champions] VGC 2026 Reg M-A",
  "players": [
    "Kebap32",
    "Darkness_DxD_23"
  ],
  "log": "|j|\u2606Kebap32\n|j|\u2606Darkness_DxD_23\n|t:|1776084388\n|gametype|doubles\n|player|p1|Kebap32|skyla|1041\n|player|p2|Darkness_DxD_23|102|1014\n|gen|9\n|tier|[Gen 9 Champions] VGC 2026 Reg M-A\n|rated|\n|rule|Species Clause: Limit one of each Pok\u00e9mon\n|rule|Item Clause: Limit 1 of each item\n|clearpoke\n|poke|p1|Gardevoir, L50, F|\n|poke|p1|Vaporeon, L50, F|\n|poke|p1|Lopunny, L50, F|\n|poke|p1|Meowscarada, L50, F|\n|poke|p1|Salazzle, L50, F|\n|poke|p1|Hatterene, L50, F|\n|poke|p2|Meganium, L50, F|\n|poke|p2|Maushold, L50|\n|poke|p2|Kingambit, L50, M|\n|poke|p2|Bellibolt, L50, M|\n|poke|p2|Volcarona, L50, F|\n|poke|p2|Feraligatr, L50, F|\n|teampreview|4\nDarkness_DxD_23 has agreed to open team sheets.\n|inactive|Battle timer is ON: inactive players will automatically lose when time's up. (requested by Kebap32)\n|\n|t:|1776084437\n|teamsize|p1|4\n|teamsize|p2|4\n|start\n|switch|p1a: Salazzle|Salazzle, L50, F, shiny|100/100\n|switch|p1b: Lopunny|Lopunny, L50, F|100/100\n|switch|p2a: Bellibolt|Bellibolt, L50, M|100/100\n|switch|p2b: Volcarona|Volcarona, L50, F|100/100\n|turn|1\n|inactive|Darkness_DxD_23 has 30 seconds left.\n|\n|t:|1776084463\n|detailschange|p1b: Lopunny|Lopunny-Mega, L50, F\n|-mega|p1b: Lopunny|Lopunny|Lopunnite\n|move|p1a: Salazzle|Fake Out|p2a: Bellibolt\n|-damage|p2a: Bellibolt|95/100\n|-start|p2a: Bellibolt|Charge|Fake Out|[from] ability: Electromorphosis\n|move|p1b: Lopunny|Fake Out|p2b: Volcarona\n|-damage|p2b: Volcarona|81/100\n|cant|p2b: Volcarona|flinch\n|cant|p2a: Bellibolt|flinch\n|-end|p2a: Bellibolt|Charge|[silent]\n|\n|-heal|p2a: Bellibolt|100/100|[from] item: Leftovers\n|upkeep\n|turn|2\n|inactive|Kebap32 has 30 seconds left.\n|inactive|Darkness_DxD_23 has 30 seconds left.\n|\n|t:|1776084496\n|switch|p1b: Vaporeon|Vaporeon, L50, F|100/100\n|move|p1a: Salazzle|Heat Wave|p2b: Volcarona|[spread] p2a,p2b\n|-damage|p2a: Bellibolt|77/100\n|-damage|p2b: Volcarona|52/100\n|-start|p2a: Bellibolt|Charge|Heat Wave|[from] ability: Electromorphosis\n|move|p2b: Volcarona|Tailwind|p2b: Volcarona\n|-sidestart|p2: Darkness_DxD_23|move: Tailwind\n|move|p2a: Bellibolt|Thunderbolt|p1b: Vaporeon\n|-supereffective|p1b: Vaporeon|1\n|-damage|p1b: Vaporeon|3/100\n|-end|p2a: Bellibolt|Charge|[silent]\n|\n|-heal|p2a: Bellibolt|83/100|[from] item: Leftovers\n|-heal|p1b: Vaporeon|9/100|[from] item: Leftovers\n|upkeep\n|turn|3\n|inactive|Kebap32 has 30 seconds left.\n|\n|t:|1776084523\n|move|p1b: Vaporeon|Protect|p1b: Vaporeon\n|-singleturn|p1b: Vaporeon|Protect\n|move|p2b: Volcarona|Struggle Bug|p1a: Salazzle|[spread] p1a\n|-activate|p1b: Vaporeon|move: Protect\n|-resisted|p1a: Salazzle|2\n|-damage|p1a: Salazzle|93/100\n|-unboost|p1a: Salazzle|spa|1\n|move|p1a: Salazzle|Sludge Wave|p2b: Volcarona|[spread] p2a,p2b\n|-activate|p1b: Vaporeon|move: Protect\n|-damage|p2a: Bellibolt|67/100\n|-damage|p2b: Volcarona|34/100\n|-start|p2a: Bellibolt|Charge|Sludge Wave|[from] ability: Electromorphosis\n|-enditem|p2b: Volcarona|Sitrus Berry|[eat]\n|-heal|p2b: Volcarona|59/100|[from] item: Sitrus Berry\n|move|p2a: Bellibolt|Thunderbolt|p1a: Salazzle\n|-damage|p1a: Salazzle|0 fnt\n|faint|p1a: Salazzle\n|-end|p2a: Bellibolt|Charge|[silent]\n|\n|-heal|p2a: Bellibolt|73/100|[from] item: Leftovers\n|-heal|p1b: Vaporeon|15/100|[from] item: Leftovers\n|upkeep\n|\n|t:|1776084545\n|switch|p1a: Lopunny|Lopunny-Mega, L50, F|100/100\n|turn|4\n|\n|t:|1776084562\n|move|p1a: Lopunny|Fake Out|p2b: Volcarona\n|-damage|p2b: Volcarona|37/100\n|-status|p1a: Lopunny|brn|[from] ability: Flame Body|[of] p2b: Volcarona\n|cant|p2b: Volcarona|flinch\n|move|p2a: Bellibolt|Thunderbolt|p1a: Lopunny\n|-damage|p1a: Lopunny|62/100 brn\n|move|p1b: Vaporeon|Scald|p2b: Volcarona\n|-supereffective|p2b: Volcarona|1\n|-damage|p2b: Volcarona|0 fnt\n|faint|p2b: Volcarona\n|\n|-heal|p2a: Bellibolt|79/100|[from] item: Leftovers\n|-heal|p1b: Vaporeon|21/100|[from] item: Leftovers\n|-damage|p1a: Lopunny|56/100 brn|[from] brn\n|upkeep\n|inactive|Darkness_DxD_23 has 30 seconds left.\n|\n|t:|1776084588\n|switch|p2b: Meganium|Meganium, L50, F|100/100\n|turn|5\n|\n|t:|1776084602\n|detailschange|p2b: Meganium|Meganium-Mega, L50, F\n|-mega|p2b: Meganium|Meganium|Meganiumite\n|move|p2b: Meganium|Dazzling Gleam|p1b: Vaporeon|[spread] p1a,p1b\n|-supereffective|p1a: Lopunny|1\n|-damage|p1a: Lopunny|0 fnt\n|-damage|p1b: Vaporeon|0 fnt\n|faint|p1a: Lopunny\n|faint|p1b: Vaporeon\n|move|p2a: Bellibolt|Thunderbolt|p1: Lopunny|[notarget]\n|-fail|p2a: Bellibolt\n|\n|-heal|p2a: Bellibolt|85/100|[from] item: Leftovers\n|-sideend|p2: Darkness_DxD_23|move: Tailwind\n|upkeep\n|\n|t:|1776084614\n|switch|p1b: Hatterene|Hatterene, L50, F|100/100\n|turn|6\n|\n|t:|1776084623\n|move|p2b: Meganium|Solar Beam||[still]\n|-prepare|p2b: Meganium|Solar Beam\n|-activate|p2b: Meganium|ability: Mega Sol\n|-anim|p2b: Meganium|Solar Beam|p1b: Hatterene\n|-damage|p1b: Hatterene|18/100\n|move|p2a: Bellibolt|Acid Spray|p1b: Hatterene\n|-supereffective|p1b: Hatterene|1\n|-damage|p1b: Hatterene|0 fnt\n|faint|p1b: Hatterene\n|\n|win|Darkness_DxD_23\n|raw|Kebap32's rating: 1041 &rarr; <strong>1024</strong><br />(-17 for losing)\n|raw|Darkness_DxD_23's rating: 1014 &rarr; <strong>1055</strong><br />(+41 for winning)\n|l|\u2606Kebap32\n|player|p1|\n",
  "uploadtime": 1776084634,
  "views": 13,
  "formatid": "gen9championsvgc2026regma",
  "rating": 1024,
  "private": 0,
  "password": null
}