{
  "id": "gen9championsvgc2026regma-2580963862",
  "format": "[Gen 9 Champions] VGC 2026 Reg M-A",
  "players": [
    "ninyim26",
    "NeonDursknoir"
  ],
  "log": "|j|\u2606ninyim26\n|j|\u2606NeonDursknoir\n|t:|1775947182\n|gametype|doubles\n|player|p1|ninyim26|265|1068\n|player|p2|NeonDursknoir|blaine|1060\n|gen|9\n|tier|[Gen 9 Champions] VGC 2026 Reg M-A\n|rated|\n|rule|Species Clause: Limit one of each Pok\u00e9mon\n|rule|Item Clause: Limit 1 of each item\n|clearpoke\n|poke|p1|Froslass, L50, F|\n|poke|p1|Incineroar, L50, F|\n|poke|p1|Sinistcha, L50|\n|poke|p1|Ditto, L50|\n|poke|p1|Farigiraf, L50, F|\n|poke|p1|Ninetales-Alola, L50, F|\n|poke|p2|Charizard, L50, M|\n|poke|p2|Venusaur, L50, M|\n|poke|p2|Incineroar, L50, F|\n|poke|p2|Garchomp, L50, M|\n|poke|p2|Rotom-Wash, L50|\n|poke|p2|Sinistcha, L50|\n|teampreview|4\n|l|\u2606NeonDursknoir\n|player|p2|\n|l|\u2606ninyim26\n|player|p1|\n|j|\u2606NeonDursknoir\n|player|p2|NeonDursknoir|blaine|\n|j|\u2606ninyim26\n|player|p1|ninyim26|265|\n|inactive|Battle timer is ON: inactive players will automatically lose when time's up. (requested by ninyim26)\n|\n|t:|1775947255\n|teamsize|p1|4\n|teamsize|p2|4\n|start\n|switch|p1a: Froslass|Froslass, L50, F|100/100\n|switch|p1b: Incineroar|Incineroar, L50, F|100/100\n|switch|p2a: Incineroar|Incineroar, L50, F|100/100\n|switch|p2b: Garchomp|Garchomp, L50, M|100/100\n|-ability|p2a: Incineroar|Intimidate|boost\n|-unboost|p1a: Froslass|atk|1\n|-unboost|p1b: Incineroar|atk|1\n|-ability|p1b: Incineroar|Intimidate|boost\n|-unboost|p2a: Incineroar|atk|1\n|-unboost|p2b: Garchomp|atk|1\n|turn|1\n|\n|t:|1775947269\n|detailschange|p1a: Froslass|Froslass-Mega, L50, F\n|-mega|p1a: Froslass|Froslass|Froslassite\n|-weather|Snowscape|[from] ability: Snow Warning|[of] p1a: Froslass\n|move|p1b: Incineroar|Fake Out|p2a: Incineroar\n|-damage|p2a: Incineroar|93/100\n|move|p1a: Froslass|Blizzard|p2b: Garchomp|[spread] p2a,p2b\n|-resisted|p2a: Incineroar|1\n|-supereffective|p2b: Garchomp|2\n|-enditem|p2b: Garchomp|Yache Berry|[eat]\n|-enditem|p2b: Garchomp|Yache Berry|[weaken]\n|-damage|p2a: Incineroar|70/100\n|-damage|p2b: Garchomp|13/100\n|move|p2b: Garchomp|Rock Slide|p1b: Incineroar|[spread] p1b\n|-miss|p2b: Garchomp|p1a: Froslass\n|-supereffective|p1b: Incineroar|1\n|-damage|p1b: Incineroar|80/100\n|cant|p2a: Incineroar|flinch\n|\n|-weather|Snowscape|[upkeep]\n|upkeep\n|turn|2\n|\n|t:|1775947290\n|switch|p1b: Ditto|Ditto, L50|100/100\n|-transform|p1b: Ditto|p2a: Incineroar|[from] ability: Imposter\n|-ability|p1b: Ditto|Intimidate|boost\n|-unboost|p2a: Incineroar|atk|1\n|-unboost|p2b: Garchomp|atk|1\n|move|p2b: Garchomp|Protect|p2b: Garchomp\n|-singleturn|p2b: Garchomp|Protect\n|move|p1a: Froslass|Blizzard|p2b: Garchomp|[spread] p2a\n|-activate|p2b: Garchomp|move: Protect\n|-resisted|p2a: Incineroar|1\n|-damage|p2a: Incineroar|46/100\n|-enditem|p2a: Incineroar|Sitrus Berry|[eat]\n|-heal|p2a: Incineroar|71/100|[from] item: Sitrus Berry\n|move|p2a: Incineroar|Flare Blitz|p1a: Froslass\n|-supereffective|p1a: Froslass|1\n|-damage|p1a: Froslass|26/100\n|-damage|p2a: Incineroar|53/100|[from] Recoil\n|\n|-weather|Snowscape|[upkeep]\n|upkeep\n|turn|3\n|inactive|NeonDursknoir has 30 seconds left.\n|inactive|ninyim26 has 30 seconds left.\n|inactive|NeonDursknoir has 20 seconds left.\n|inactive|ninyim26 has 20 seconds left.\n|l|\u2606NeonDursknoir\n|inactive|NeonDursknoir disconnected and has a minute to reconnect!\n|player|p2|\n|inactive|ninyim26 has 15 seconds left.\n|\n|t:|1775947344\n|move|p2a: Incineroar|Protect|p2a: Incineroar\n|-singleturn|p2a: Incineroar|Protect\n|move|p1a: Froslass|Blizzard|p2a: Incineroar|[spread] p2b\n|-activate|p2a: Incineroar|move: Protect\n|-supereffective|p2b: Garchomp|2\n|-damage|p2b: Garchomp|0 fnt\n|faint|p2b: Garchomp\n|move|p1b: Ditto|Parting Shot|p2a: Incineroar\n|-activate|p2a: Incineroar|move: Protect\n|\n|-weather|Snowscape|[upkeep]\n|upkeep\n|j|\u2606NeonDursknoir\n|inactive|NeonDursknoir reconnected and has 40 seconds left.\n|player|p2|NeonDursknoir|blaine|\n|inactive|NeonDursknoir has 30 seconds left.\n|inactive|NeonDursknoir has 20 seconds left.\n|inactive|NeonDursknoir has 15 seconds left.\n|\n|t:|1775947385\n|switch|p2b: Charizard|Charizard, L50, M, shiny|100/100\n|turn|4\n|\n|t:|1775947396\n|detailschange|p2b: Charizard|Charizard-Mega-Y, L50, M, shiny\n|-mega|p2b: Charizard|Charizard|Charizardite Y\n|-weather|SunnyDay|[from] ability: Drought|[of] p2b: Charizard\n|move|p1a: Froslass|Protect|p1a: Froslass\n|-singleturn|p1a: Froslass|Protect\n|move|p2b: Charizard|Protect|p2b: Charizard\n|-singleturn|p2b: Charizard|Protect\n|move|p1b: Ditto|Parting Shot|p2b: Charizard\n|-activate|p2b: Charizard|move: Protect\n|move|p2a: Incineroar|Flare Blitz|p1a: Froslass\n|-activate|p1a: Froslass|move: Protect\n|\n|-weather|SunnyDay|[upkeep]\n|upkeep\n|turn|5\n|\n|t:|1775947415\n|switch|p1a: Incineroar|Incineroar, L50, F|80/100\n|-ability|p1a: Incineroar|Intimidate|boost\n|-unboost|p2a: Incineroar|atk|1\n|-unboost|p2b: Charizard|atk|1\n|switch|p2a: Venusaur|Venusaur, L50, M|100/100\n|move|p2b: Charizard|Heat Wave|p1a: Incineroar|[spread] p1a\n|-miss|p2b: Charizard|p1b: Ditto\n|-resisted|p1a: Incineroar|1\n|-damage|p1a: Incineroar|52/100\n|move|p1b: Ditto|Parting Shot|p2b: Charizard\n|-unboost|p2b: Charizard|atk|1\n|-unboost|p2b: Charizard|spa|1\n|\n|t:|1775947436\n|switch|p1b: Froslass|Froslass-Mega, L50, F|26/100|[from] Parting Shot\n|-weather|Snowscape|[from] ability: Snow Warning|[of] p1b: Froslass\n|\n|-weather|Snowscape|[upkeep]\n|upkeep\n|turn|6\n|\n|t:|1775947458\n|switch|p2b: Incineroar|Incineroar, L50, F|53/100\n|-ability|p2b: Incineroar|Intimidate|boost\n|-unboost|p1a: Incineroar|atk|1\n|-unboost|p1b: Froslass|atk|1\n|move|p1a: Incineroar|Fake Out|p2b: Incineroar\n|-damage|p2b: Incineroar|47/100\n|move|p1b: Froslass|Blizzard|p2a: Venusaur|[spread] p2a,p2b\n|-supereffective|p2a: Venusaur|1\n|-resisted|p2b: Incineroar|1\n|-damage|p2a: Venusaur|0 fnt\n|-damage|p2b: Incineroar|24/100\n|faint|p2a: Venusaur\n|\n|-weather|Snowscape|[upkeep]\n|upkeep\n|\n|t:|1775947467\n|switch|p2a: Charizard|Charizard-Mega-Y, L50, M, shiny|100/100\n|-weather|SunnyDay|[from] ability: Drought|[of] p2a: Charizard\n|turn|7\n|l|\u2606NeonDursknoir\n|inactive|NeonDursknoir disconnected and has a minute to reconnect!\n|player|p2|\n|inactive|ninyim26 has 30 seconds left.\n|inactive|NeonDursknoir has 30 seconds left.\n|inactive|NeonDursknoir has 20 seconds left.\n|inactive|ninyim26 has 20 seconds left.\n|inactive|NeonDursknoir has 15 seconds left.\n|j|\u2606NeonDursknoir\n|inactive|NeonDursknoir reconnected and has 15 seconds left.\n|player|p2|NeonDursknoir|blaine|\n|inactive|ninyim26 has 15 seconds left.\n|inactive|ninyim26 has 10 seconds left.\n|\n|t:|1775947518\n|move|p1b: Froslass|Protect|p1b: Froslass\n|-singleturn|p1b: Froslass|Protect\n|move|p2b: Incineroar|Fake Out|p1a: Incineroar\n|-damage|p1a: Incineroar|38/100\n|-enditem|p1a: Incineroar|Sitrus Berry|[eat]\n|-heal|p1a: Incineroar|63/100|[from] item: Sitrus Berry\n|move|p2a: Charizard|Flamethrower|p1b: Froslass\n|-activate|p1b: Froslass|move: Protect\n|cant|p1a: Incineroar|flinch\n|\n|-weather|SunnyDay|[upkeep]\n|upkeep\n|turn|8\n|\n|t:|1775947535\n|switch|p1b: Ditto|Ditto, L50|100/100\n|-transform|p1b: Ditto|p2a: Charizard|[from] ability: Imposter\n|move|p2a: Charizard|Flamethrower|p1b: Ditto\n|-resisted|p1b: Ditto|1\n|-damage|p1b: Ditto|60/100\n|move|p2b: Incineroar|Flare Blitz|p1a: Incineroar\n|-resisted|p1a: Incineroar|1\n|-damage|p1a: Incineroar|21/100\n|-damage|p2b: Incineroar|12/100|[from] Recoil\n|move|p1a: Incineroar|Parting Shot|p2a: Charizard\n|-unboost|p2a: Charizard|atk|1\n|-unboost|p2a: Charizard|spa|1\n|\n|t:|1775947555\n|switch|p1a: Froslass|Froslass-Mega, L50, F|26/100|[from] Parting Shot\n|-weather|Snowscape|[from] ability: Snow Warning|[of] p1a: Froslass\n|\n|-weather|Snowscape|[upkeep]\n|upkeep\n|turn|9\n|\n|t:|1775947564\n|move|p1a: Froslass|Protect|p1a: Froslass\n|-singleturn|p1a: Froslass|Protect\n|move|p1b: Ditto|Heat Wave|p2a: Charizard|[spread] p2b\n|-miss|p1b: Ditto|p2a: Charizard\n|-resisted|p2b: Incineroar|1\n|-damage|p2b: Incineroar|0 fnt\n|faint|p2b: Incineroar\n|move|p2a: Charizard|Heat Wave|p1a: Froslass|[spread] \n|-activate|p1a: Froslass|move: Protect\n|-miss|p2a: Charizard|p1b: Ditto\n|\n|-weather|Snowscape|[upkeep]\n|upkeep\n|turn|10\n|\n|t:|1775947576\n|move|p1b: Ditto|Heat Wave|p2a: Charizard\n|-resisted|p2a: Charizard|1\n|-damage|p2a: Charizard|71/100\n|move|p1a: Froslass|Shadow Ball|p2a: Charizard\n|-damage|p2a: Charizard|19/100\n|move|p2a: Charizard|Heat Wave|p1a: Froslass|[spread] p1a,p1b\n|-supereffective|p1a: Froslass|1\n|-resisted|p1b: Ditto|1\n|-damage|p1a: Froslass|0 fnt\n|-damage|p1b: Ditto|46/100\n|faint|p1a: Froslass\n|\n|-weather|Snowscape|[upkeep]\n|upkeep\n|\n|t:|1775947585\n|switch|p1a: Incineroar|Incineroar, L50, F|21/100\n|-ability|p1a: Incineroar|Intimidate|boost\n|-unboost|p2a: Charizard|atk|1\n|turn|11\n|-message|NeonDursknoir forfeited.\n|\n|win|ninyim26\n|raw|ninyim26's rating: 1068 &rarr; <strong>1096</strong><br />(+28 for winning)\n|raw|NeonDursknoir's rating: 1043 &rarr; <strong>1028</strong><br />(-15 for losing)\n|l|\u2606NeonDursknoir\n|player|p2|\n",
  "uploadtime": 1775947819,
  "views": 13,
  "formatid": "gen9championsvgc2026regma",
  "rating": 1028,
  "private": 0,
  "password": null
}