{
  "id": "gen9championsvgc2026regma-2587888253",
  "format": "[Gen 9 Champions] VGC 2026 Reg M-A",
  "players": [
    "koxicity",
    "Keshari"
  ],
  "log": "|j|\u2606koxicity\n|j|\u2606Keshari\n|t:|1776574930\n|gametype|doubles\n|player|p1|koxicity|266|1174\n|player|p2|Keshari|cynthia-gen4|1129\n|gen|9\n|tier|[Gen 9 Champions] VGC 2026 Reg M-A\n|rated|\n|rule|Species Clause: Limit one of each Pok\u00e9mon\n|rule|Item Clause: Limit 1 of each item\n|clearpoke\n|poke|p1|Crabominable, L50, M|\n|poke|p1|Sneasler, L50, F|\n|poke|p1|Oranguru, L50, F|\n|poke|p1|Ninetales-Alola, L50, M|\n|poke|p1|Maushold, L50|\n|poke|p1|Aggron, L50, F|\n|poke|p2|Froslass, L50, F|\n|poke|p2|Incineroar, L50, M|\n|poke|p2|Whimsicott, L50, F|\n|poke|p2|Garchomp, L50, M|\n|poke|p2|Rotom-Wash, L50|\n|poke|p2|Corviknight, L50, M|\n|teampreview|4\n|inactive|Battle timer is ON: inactive players will automatically lose when time's up. (requested by koxicity)\n|inactive|Keshari has 60 seconds left.\n|\n|t:|1776575039\n|teamsize|p1|4\n|teamsize|p2|4\n|start\n|switch|p1a: Sneasler|Sneasler, L50, F|100/100\n|switch|p1b: Oranguru|Oranguru, L50, F|100/100\n|switch|p2a: Incineroar|Incineroar, L50, M|100/100\n|switch|p2b: Corviknight|Corviknight, L50, M|100/100\n|-ability|p2a: Incineroar|Intimidate|boost\n|-unboost|p1a: Sneasler|atk|1\n|-fail|p1b: Oranguru|unboost|Attack|[from] ability: Inner Focus|[of] p1b: Oranguru\n|turn|1\n|inactive|Keshari has 30 seconds left.\n|inactive|koxicity has 30 seconds left.\n|inactive|Keshari has 20 seconds left.\n|\n|t:|1776575076\n|move|p1a: Sneasler|Upper Hand|p2a: Incineroar\n|-supereffective|p2a: Incineroar|1\n|-damage|p2a: Incineroar|55/100\n|cant|p2a: Incineroar|flinch\n|move|p2b: Corviknight|Brave Bird|p1a: Sneasler\n|-supereffective|p1a: Sneasler|1\n|-enditem|p1a: Sneasler|Focus Sash\n|-damage|p1a: Sneasler|1/100\n|-damage|p2b: Corviknight|76/100|[from] Recoil\n|move|p1b: Oranguru|Trick Room|p1b: Oranguru\n|-fieldstart|move: Trick Room|[of] p1b: Oranguru\n|\n|-heal|p2b: Corviknight|81/100|[from] item: Leftovers\n|upkeep\n|turn|2\n|inactive|Keshari has 30 seconds left.\n|inactive|Keshari has 20 seconds left.\n|inactive|Keshari has 15 seconds left.\n|\n|t:|1776575116\n|move|p1b: Oranguru|Reflect|p1b: Oranguru\n|-sidestart|p1: koxicity|Reflect\n|move|p2b: Corviknight|Iron Head|p1b: Oranguru\n|-damage|p1b: Oranguru|86/100\n|move|p2a: Incineroar|Flare Blitz|p1a: Sneasler\n|-damage|p1a: Sneasler|0 fnt\n|faint|p1a: Sneasler\n|-damage|p2a: Incineroar|54/100|[from] Recoil\n|\n|-heal|p2b: Corviknight|87/100|[from] item: Leftovers\n|upkeep\n|\n|t:|1776575128\n|switch|p1a: Ninetales|Ninetales-Alola, L50, M|100/100\n|-weather|Snowscape|[from] ability: Snow Warning|[of] p1a: Ninetales\n|turn|3\n|inactive|Keshari has 30 seconds left.\n|\n|t:|1776575159\n|move|p1b: Oranguru|Light Screen|p1b: Oranguru\n|-sidestart|p1: koxicity|move: Light Screen\n|move|p2b: Corviknight|Brave Bird|p1b: Oranguru\n|-damage|p1b: Oranguru|64/100\n|-damage|p2b: Corviknight|80/100|[from] Recoil\n|move|p2a: Incineroar|Flare Blitz|p1a: Ninetales\n|-supereffective|p1a: Ninetales|1\n|-enditem|p1a: Ninetales|Occa Berry|[eat]\n|-enditem|p1a: Ninetales|Occa Berry|[weaken]\n|-damage|p1a: Ninetales|60/100\n|-damage|p2a: Incineroar|42/100|[from] Recoil\n|move|p1a: Ninetales|Aurora Veil|p1a: Ninetales\n|-sidestart|p1: koxicity|move: Aurora Veil\n|\n|-weather|Snowscape|[upkeep]\n|-heal|p2b: Corviknight|86/100|[from] item: Leftovers\n|upkeep\n|turn|4\n|c|\u2606Keshari|Wtf\n|inactive|Keshari has 30 seconds left.\n|\n|t:|1776575188\n|switch|p2b: Froslass|Froslass, L50, F|100/100\n|move|p1b: Oranguru|Reflect||[still]\n|-fail|p1b: Oranguru\n|move|p2a: Incineroar|Flare Blitz|p1a: Ninetales\n|-supereffective|p1a: Ninetales|1\n|-damage|p1a: Ninetales|0 fnt\n|faint|p1a: Ninetales\n|-damage|p2a: Incineroar|25/100|[from] Recoil\n|\n|-weather|Snowscape|[upkeep]\n|upkeep\n|\n|t:|1776575202\n|switch|p1a: Crabominable|Crabominable, L50, M|100/100\n|turn|5\n|\n|t:|1776575221\n|switch|p2a: Whimsicott|Whimsicott, L50, F|100/100\n|detailschange|p1a: Crabominable|Crabominable-Mega, L50, M\n|-mega|p1a: Crabominable|Crabominable|Crabominite\n|detailschange|p2b: Froslass|Froslass-Mega, L50, F\n|-mega|p2b: Froslass|Froslass|Froslassite\n|move|p1a: Crabominable|Ice Hammer|p2b: Froslass\n|-resisted|p2b: Froslass|1\n|-damage|p2b: Froslass|60/100\n|-unboost|p1a: Crabominable|spe|1\n|move|p1b: Oranguru|Instruct|p1a: Crabominable\n|-singleturn|p1a: Crabominable|move: Instruct|[of] p1b: Oranguru\n|move|p1a: Crabominable|Ice Hammer|p2b: Froslass\n|-resisted|p2b: Froslass|1\n|-damage|p2b: Froslass|18/100\n|-unboost|p1a: Crabominable|spe|1\n|move|p2b: Froslass|Shadow Ball|p1b: Oranguru\n|-immune|p1b: Oranguru\n|\n|-weather|Snowscape|[upkeep]\n|-fieldend|move: Trick Room\n|upkeep\n|turn|6\n|inactive|koxicity has 30 seconds left.\n|inactive|Keshari has 30 seconds left.\n|inactive|Keshari has 20 seconds left.\n|\n|t:|1776575257\n|switch|p2b: Corviknight|Corviknight, L50, M|86/100\n|move|p2a: Whimsicott|Dazzling Gleam|p1a: Crabominable|[spread] p1a,p1b\n|-supereffective|p1a: Crabominable|1\n|-damage|p1a: Crabominable|79/100\n|-damage|p1b: Oranguru|53/100\n|move|p1a: Crabominable|Ice Hammer|p2b: Corviknight\n|-damage|p2b: Corviknight|24/100\n|-unboost|p1a: Crabominable|spe|1\n|move|p1b: Oranguru|Trick Room|p1b: Oranguru\n|-fieldstart|move: Trick Room|[of] p1b: Oranguru\n|\n|-weather|Snowscape|[upkeep]\n|-heal|p2b: Corviknight|30/100|[from] item: Leftovers\n|-sideend|p1: koxicity|Reflect\n|upkeep\n|turn|7\n|inactive|koxicity has 30 seconds left.\n|inactive|Keshari has 30 seconds left.\n|\n|t:|1776575284\n|move|p2a: Whimsicott|Encore|p1b: Oranguru\n|-start|p1b: Oranguru|Encore\n|-enditem|p1b: Oranguru|Mental Herb\n|-end|p1b: Oranguru|Encore\n|move|p1a: Crabominable|Ice Hammer|p2a: Whimsicott|[miss]\n|-miss|p1a: Crabominable|p2a: Whimsicott\n|move|p1b: Oranguru|Instruct|p1a: Crabominable\n|-singleturn|p1a: Crabominable|move: Instruct|[of] p1b: Oranguru\n|move|p1a: Crabominable|Ice Hammer|p2a: Whimsicott\n|-supereffective|p2a: Whimsicott|1\n|-enditem|p2a: Whimsicott|Focus Sash\n|-damage|p2a: Whimsicott|1/100\n|-unboost|p1a: Crabominable|spe|1\n|move|p2b: Corviknight|Brave Bird|p1a: Crabominable\n|-supereffective|p1a: Crabominable|1\n|-damage|p1a: Crabominable|49/100\n|-damage|p2b: Corviknight|21/100|[from] Recoil\n|\n|-weather|none\n|-heal|p2b: Corviknight|27/100|[from] item: Leftovers\n|-sideend|p1: koxicity|move: Light Screen\n|-sideend|p1: koxicity|move: Aurora Veil\n|upkeep\n|turn|8\n|inactive|koxicity has 30 seconds left.\n|inactive|Keshari has 30 seconds left.\n|\n|t:|1776575317\n|move|p1a: Crabominable|Ice Hammer|p2b: Corviknight\n|-damage|p2b: Corviknight|0 fnt\n|-unboost|p1a: Crabominable|spe|1\n|faint|p2b: Corviknight\n|move|p1b: Oranguru|Instruct|p1a: Crabominable\n|-singleturn|p1a: Crabominable|move: Instruct|[of] p1b: Oranguru\n|move|p1a: Crabominable|Ice Hammer|p2a: Whimsicott\n|-supereffective|p2a: Whimsicott|1\n|-damage|p2a: Whimsicott|0 fnt\n|-unboost|p1a: Crabominable|spe|1\n|faint|p2a: Whimsicott\n|\n|upkeep\n|\n|t:|1776575332\n|switch|p2b: Froslass|Froslass-Mega, L50, F|18/100\n|switch|p2a: Incineroar|Incineroar, L50, M|25/100\n|-ability|p2a: Incineroar|Intimidate|boost\n|-unboost|p1a: Crabominable|atk|1\n|-fail|p1b: Oranguru|unboost|Attack|[from] ability: Inner Focus|[of] p1b: Oranguru\n|-weather|Snowscape|[from] ability: Snow Warning|[of] p2b: Froslass\n|turn|9\n|inactive|Keshari has 30 seconds left.\n|inactive|Keshari has 20 seconds left.\n|\n|t:|1776575369\n|move|p1a: Crabominable|Protect|p1a: Crabominable\n|-singleturn|p1a: Crabominable|Protect\n|move|p2a: Incineroar|Fake Out|p1b: Oranguru\n|-damage|p1b: Oranguru|43/100\n|move|p1b: Oranguru|Light Screen|p1b: Oranguru\n|-sidestart|p1: koxicity|move: Light Screen\n|move|p2b: Froslass|Shadow Ball|p1a: Crabominable\n|-activate|p1a: Crabominable|move: Protect\n|\n|-weather|Snowscape|[upkeep]\n|upkeep\n|turn|10\n|inactive|koxicity has 30 seconds left.\n|inactive|koxicity has 20 seconds left.\n|inactive|koxicity has 15 seconds left.\n|\n|t:|1776575412\n|move|p1a: Crabominable|Ice Hammer|p2a: Incineroar\n|-resisted|p2a: Incineroar|1\n|-damage|p2a: Incineroar|4/100\n|move|p1b: Oranguru|Instruct|p1a: Crabominable\n|-singleturn|p1a: Crabominable|move: Instruct|[of] p1b: Oranguru\n|move|p1a: Crabominable|Ice Hammer|p2a: Incineroar\n|-resisted|p2a: Incineroar|1\n|-damage|p2a: Incineroar|0 fnt\n|faint|p2a: Incineroar\n|move|p2b: Froslass|Shadow Ball|p1a: Crabominable\n|-damage|p1a: Crabominable|26/100\n|-unboost|p1a: Crabominable|spd|1\n|\n|-weather|Snowscape|[upkeep]\n|-fieldend|move: Trick Room\n|upkeep\n|turn|11\n|\n|t:|1776575434\n|move|p1a: Crabominable|Protect|p1a: Crabominable\n|-singleturn|p1a: Crabominable|Protect\n|move|p2b: Froslass|Shadow Ball|p1a: Crabominable\n|-activate|p1a: Crabominable|move: Protect\n|move|p1b: Oranguru|Trick Room|p1b: Oranguru\n|-fieldstart|move: Trick Room|[of] p1b: Oranguru\n|\n|-weather|Snowscape|[upkeep]\n|upkeep\n|turn|12\n|-message|Keshari forfeited.\n|\n|win|koxicity\n|raw|koxicity's rating: 1174 &rarr; <strong>1196</strong><br />(+22 for winning)\n|raw|Keshari's rating: 1129 &rarr; <strong>1107</strong><br />(-22 for losing)\n|l|\u2606Keshari\n|player|p2|\n",
  "uploadtime": 1776575466,
  "views": 22,
  "formatid": "gen9championsvgc2026regma",
  "rating": 1107,
  "private": 0,
  "password": null
}