{
  "id": "gen9championsvgc2026regma-2587267784",
  "format": "[Gen 9 Champions] VGC 2026 Reg M-A",
  "players": [
    "Jabby Wabby",
    "sonic1"
  ],
  "log": "|j|\u2606Jabby Wabby\n|j|\u2606sonic1\n|t:|1776516428\n|gametype|doubles\n|player|p1|Jabby Wabby|morty|\n|player|p2|sonic1|170|\n|gen|9\n|tier|[Gen 9 Champions] VGC 2026 Reg M-A\n|rule|Species Clause: Limit one of each Pok\u00e9mon\n|rule|Item Clause: Limit 1 of each item\n|clearpoke\n|poke|p1|Golurk, L50|\n|poke|p1|Cofagrigus, L50, F|\n|poke|p1|Milotic, L50, F|\n|poke|p1|Farigiraf, L50, F|\n|poke|p1|Tyranitar, L50, F|\n|poke|p1|Sinistcha, L50|\n|poke|p2|Aerodactyl, L50, M|\n|poke|p2|Garchomp, L50, F|\n|poke|p2|Maushold, L50|\n|poke|p2|Aegislash, L50, F|\n|poke|p2|Delphox, L50, F|\n|poke|p2|Floette-Eternal, L50, F|\n|teampreview|4\n|inactive|Battle timer is ON: inactive players will automatically lose when time's up. (requested by sonic1)\n|c|\u2606Jabby Wabby|ohaio gozaimasu\n|j| Kakarotjnr\n|c|\u2606sonic1|yoyoo\n|inactive|Jabby Wabby has 60 seconds left.\n|inactive|sonic1 has 60 seconds left.\n|inactive|sonic1 has 30 seconds left.\n|c|\u2606Jabby Wabby|welcome in Kakarotto\n|inactive|sonic1 has 20 seconds left.\n|inactive|sonic1 has 15 seconds left.\n|inactive|sonic1 has 10 seconds left.\n|\n|t:|1776516510\n|teamsize|p1|4\n|teamsize|p2|4\n|start\n|switch|p1a: Golurk|Golurk, L50|100/100\n|switch|p1b: Cofagrigus|Cofagrigus, L50, F|100/100\n|switch|p2a: Aerodactyl|Aerodactyl, L50, M|100/100\n|switch|p2b: Floette|Floette-Eternal, L50, F|100/100\n|-ability|p2a: Aerodactyl|Unnerve\n|turn|1\n|inactive|Jabby Wabby has 30 seconds left.\n|inactive|sonic1 has 30 seconds left.\n|inactive|sonic1 has 20 seconds left.\n|\n|t:|1776516550\n|detailschange|p2b: Floette|Floette-Mega, L50, F\n|-mega|p2b: Floette|Floette|Floettite\n|-ability|p2b: Floette|Fairy Aura\n|detailschange|p1a: Golurk|Golurk-Mega, L50\n|-mega|p1a: Golurk|Golurk|Golurkite\n|move|p2a: Aerodactyl|Rock Slide|p1b: Cofagrigus|[spread] p1a,p1b\n|-resisted|p1a: Golurk|1\n|-damage|p1a: Golurk|89/100\n|-damage|p1b: Cofagrigus|84/100\n|move|p2b: Floette|Dazzling Gleam|p1a: Golurk|[spread] p1a,p1b\n|-damage|p1a: Golurk|41/100\n|-damage|p1b: Cofagrigus|34/100\n|move|p1a: Golurk|Headlong Rush|p2b: Floette\n|-damage|p2b: Floette|1/100\n|-unboost|p1a: Golurk|def|1\n|-unboost|p1a: Golurk|spd|1\n|move|p1b: Cofagrigus|Trick Room|p1b: Cofagrigus\n|-fieldstart|move: Trick Room|[of] p1b: Cofagrigus\n|\n|upkeep\n|turn|2\n|inactive|Jabby Wabby has 30 seconds left.\n|inactive|sonic1 has 30 seconds left.\n|inactive|sonic1 has 20 seconds left.\n|inactive|sonic1 has 15 seconds left.\n|inactive|sonic1 has 10 seconds left.\n|inactive|sonic1 has 5 seconds left.\n|\n|t:|1776516603\n|switch|p2b: Maushold|Maushold, L50|100/100\n|move|p1b: Cofagrigus|Body Press|p2b: Maushold\n|-supereffective|p2b: Maushold|1\n|-enditem|p2b: Maushold|Chople Berry|[eat]\n|-enditem|p2b: Maushold|Chople Berry|[weaken]\n|-damage|p2b: Maushold|59/100\n|move|p1a: Golurk|Poltergeist|p2a: Aerodactyl\n|-activate|p2a: Aerodactyl|move: Poltergeist|Focus Sash\n|-damage|p2a: Aerodactyl|12/100\n|move|p2a: Aerodactyl|Dual Wingbeat|p1a: Golurk\n|-damage|p1a: Golurk|18/100\n|-damage|p1a: Golurk|0 fnt\n|faint|p1a: Golurk\n|-hitcount|p1: Golurk|2\n|\n|upkeep\n|c| Kakarotjnr|floette shouldve been end game\n|inactive|Jabby Wabby has 30 seconds left.\n|\n|t:|1776516632\n|switch|p1a: Sinistcha|Sinistcha, L50|100/100\n|-heal|p1b: Cofagrigus|59/100|[from] ability: Hospitality|[of] p1a: Sinistcha\n|turn|3\n|\n|t:|1776516649\n|switch|p1b: Tyranitar|Tyranitar, L50, F|100/100\n|-weather|Sandstorm|[from] ability: Sand Stream|[of] p1b: Tyranitar\n|switch|p2a: Aegislash|Aegislash, L50, F|100/100\n|move|p2b: Maushold|Protect|p2b: Maushold\n|-singleturn|p2b: Maushold|Protect\n|move|p1a: Sinistcha|Matcha Gotcha|p2a: Aegislash|[spread] \n|-activate|p2b: Maushold|move: Protect\n|-miss|p1a: Sinistcha|p2a: Aegislash\n|\n|-weather|Sandstorm|[upkeep]\n|-damage|p1a: Sinistcha|94/100|[from] Sandstorm\n|-damage|p2b: Maushold|52/100|[from] Sandstorm\n|upkeep\n|turn|4\n|inactive|sonic1 has 30 seconds left.\n|inactive|Jabby Wabby has 30 seconds left.\n|inactive|sonic1 has 20 seconds left.\n|\n|t:|1776516688\n|move|p1a: Sinistcha|Rage Powder|p1a: Sinistcha\n|-singleturn|p1a: Sinistcha|move: Rage Powder\n|move|p1b: Tyranitar|Knock Off|p2a: Aegislash\n|-supereffective|p2a: Aegislash|1\n|-damage|p2a: Aegislash|25/100\n|-enditem|p2a: Aegislash|Spell Tag|[from] move: Knock Off|[of] p1b: Tyranitar\n|-formechange|p2a: Aegislash|Aegislash-Blade|\n|move|p2a: Aegislash|Sacred Sword|p1a: Sinistcha\n|-immune|p1a: Sinistcha\n|move|p2b: Maushold|Taunt|p1a: Sinistcha\n|-start|p1a: Sinistcha|move: Taunt\n|\n|-weather|Sandstorm|[upkeep]\n|-damage|p1a: Sinistcha|88/100|[from] Sandstorm\n|-damage|p2b: Maushold|46/100|[from] Sandstorm\n|upkeep\n|turn|5\n|\n|t:|1776516706\n|-formechange|p2a: Aegislash|Aegislash|\n|move|p2a: Aegislash|King's Shield|p2a: Aegislash\n|-singleturn|p2a: Aegislash|Protect\n|move|p2b: Maushold|Protect|p2b: Maushold\n|-singleturn|p2b: Maushold|Protect\n|move|p1b: Tyranitar|Rock Slide|p2a: Aegislash|[spread] \n|-activate|p2a: Aegislash|move: Protect\n|-activate|p2b: Maushold|move: Protect\n|move|p1a: Sinistcha|Matcha Gotcha|p2a: Aegislash|[spread] \n|-activate|p2a: Aegislash|move: Protect\n|-activate|p2b: Maushold|move: Protect\n|\n|-weather|Sandstorm|[upkeep]\n|-damage|p1a: Sinistcha|82/100|[from] Sandstorm\n|-damage|p2b: Maushold|40/100|[from] Sandstorm\n|-fieldend|move: Trick Room\n|upkeep\n|turn|6\n|\n|t:|1776516727\n|switch|p1b: Cofagrigus|Cofagrigus, L50, F|59/100\n|move|p2b: Maushold|Follow Me|p2b: Maushold\n|-singleturn|p2b: Maushold|move: Follow Me\n|-formechange|p2a: Aegislash|Aegislash-Blade|\n|move|p2a: Aegislash|Sacred Sword|p1b: Cofagrigus\n|-immune|p1b: Cofagrigus\n|move|p1a: Sinistcha|Matcha Gotcha|p2a: Aegislash|[spread] \n|-miss|p1a: Sinistcha|p2a: Aegislash\n|-miss|p1a: Sinistcha|p2b: Maushold\n|\n|-weather|Sandstorm|[upkeep]\n|-damage|p2b: Maushold|34/100|[from] Sandstorm\n|-damage|p1a: Sinistcha|76/100|[from] Sandstorm\n|-damage|p1b: Cofagrigus|53/100|[from] Sandstorm\n|upkeep\n|turn|7\n|\n|t:|1776516752\n|move|p1b: Cofagrigus|Protect|p1b: Cofagrigus\n|-singleturn|p1b: Cofagrigus|Protect\n|move|p2b: Maushold|Follow Me|p2b: Maushold\n|-singleturn|p2b: Maushold|move: Follow Me\n|move|p2a: Aegislash|Poltergeist|p1b: Cofagrigus\n|-activate|p1b: Cofagrigus|move: Protect\n|move|p1a: Sinistcha|Matcha Gotcha|p2b: Maushold|[spread] p2a,p2b\n|-resisted|p2a: Aegislash|1\n|-damage|p2a: Aegislash|3/100\n|-heal|p1a: Sinistcha|86/100|[from] drain|[of] p2a: Aegislash\n|-damage|p2b: Maushold|0 fnt\n|-heal|p1a: Sinistcha|100/100|[from] drain|[of] p2b: Maushold\n|faint|p2b: Maushold\n|\n|-weather|none\n|-end|p1a: Sinistcha|move: Taunt\n|upkeep\n|\n|t:|1776516765\n|switch|p2b: Aerodactyl|Aerodactyl, L50, M|12/100\n|-ability|p2b: Aerodactyl|Unnerve\n|turn|8\n|\n|t:|1776516778\n|-formechange|p2a: Aegislash|Aegislash|\n|move|p2a: Aegislash|King's Shield|p2a: Aegislash\n|-singleturn|p2a: Aegislash|Protect\n|move|p1a: Sinistcha|Rage Powder|p1a: Sinistcha\n|-singleturn|p1a: Sinistcha|move: Rage Powder\n|move|p2b: Aerodactyl|Tailwind|p2b: Aerodactyl\n|-sidestart|p2: sonic1|move: Tailwind\n|move|p1b: Cofagrigus|Trick Room|p1b: Cofagrigus\n|-fieldstart|move: Trick Room|[of] p1b: Cofagrigus\n|\n|upkeep\n|turn|9\n|inactive|sonic1 has 30 seconds left.\n|\n|t:|1776516807\n|-formechange|p2a: Aegislash|Aegislash-Blade|\n|move|p2a: Aegislash|Shadow Sneak|p1a: Sinistcha\n|-supereffective|p1a: Sinistcha|1\n|-damage|p1a: Sinistcha|49/100\n|move|p1b: Cofagrigus|Body Press|p2b: Aerodactyl\n|-damage|p2b: Aerodactyl|0 fnt\n|faint|p2b: Aerodactyl\n|move|p1a: Sinistcha|Matcha Gotcha|p2a: Aegislash\n|-resisted|p2a: Aegislash|1\n|-damage|p2a: Aegislash|0 fnt\n|-heal|p1a: Sinistcha|50/100|[from] drain|[of] p2a: Aegislash\n|faint|p2a: Aegislash\n|\n|upkeep\n|c|\u2606sonic1|gg\n|\n|t:|1776516819\n|switch|p2b: Floette|Floette-Mega, L50, F|1/100\n|-ability|p2b: Floette|Fairy Aura\n|turn|10\n|\n|t:|1776516827\n|move|p1b: Cofagrigus|Body Press|p2b: Floette\n|-resisted|p2b: Floette|1\n|-damage|p2b: Floette|0 fnt\n|faint|p2b: Floette\n|\n|win|Jabby Wabby\n|c|\u2606Jabby Wabby|ggs\n|c|\u2606sonic1|i keep forgetting cofa sets up trick room\n|c|\u2606Jabby Wabby|thanks for the battle\n|c| Kakarotjnr|gg\n|c|\u2606Jabby Wabby|when the room is tricky\n|l| Kakarotjnr\n|c|\u2606sonic1|O7\n|l|\u2606sonic1\n|player|p2|\n|c|\u2606Jabby Wabby|o7\n",
  "uploadtime": 1776517736,
  "views": 28,
  "formatid": "gen9championsvgc2026regma",
  "rating": null,
  "private": 0,
  "password": null
}