{
  "id": "gen9championsvgc2026regma-2582316281",
  "format": "[Gen 9 Champions] VGC 2026 Reg M-A",
  "players": [
    "Darkness_DxD_23",
    "txkin0"
  ],
  "log": "|j|\u2606Darkness_DxD_23\n|j|\u2606txkin0\n|t:|1776082705\n|gametype|doubles\n|player|p1|Darkness_DxD_23|102|1015\n|player|p2|txkin0|n|1081\n|gen|9\n|tier|[Gen 9 Champions] VGC 2026 Reg M-A\n|rated|\n|rule|Species Clause: Limit one of each Pok\u00e9mon\n|rule|Item Clause: Limit 1 of each item\n|clearpoke\n|poke|p1|Meganium, L50, F|\n|poke|p1|Maushold, L50|\n|poke|p1|Kingambit, L50, F|\n|poke|p1|Bellibolt, L50, M|\n|poke|p1|Volcarona, L50, M|\n|poke|p1|Feraligatr, L50, M|\n|poke|p2|Charizard, L50, M|\n|poke|p2|Venusaur, L50, F|\n|poke|p2|Basculegion, L50, M|\n|poke|p2|Incineroar, L50, M|\n|poke|p2|Sneasler, L50, F|\n|poke|p2|Garchomp, L50, M|\n|teampreview|4\nDarkness_DxD_23 has agreed to open team sheets.\n|l|\u2606txkin0\n|player|p2|\n|j|\u2606txkin0\n|player|p2|txkin0|n|\n|l|\u2606txkin0\n|player|p2|\n|j|\u2606txkin0\n|player|p2|txkin0|n|\n|inactive|Battle timer is ON: inactive players will automatically lose when time's up. (requested by txkin0)\n|inactive|txkin0 has 60 seconds left.\n|\n|t:|1776082778\n|teamsize|p1|4\n|teamsize|p2|4\n|start\n|switch|p1a: Kingambit|Kingambit, L50, F|100/100\n|switch|p1b: Volcarona|Volcarona, L50, M|100/100\n|switch|p2a: Incineroar|Incineroar, L50, M|100/100\n|switch|p2b: Sneasler|Sneasler, L50, F, shiny|100/100\n|-ability|p2a: Incineroar|Intimidate|boost\n|-unboost|p1a: Kingambit|atk|1\n|-ability|p1a: Kingambit|Defiant|boost\n|-boost|p1a: Kingambit|atk|2\n|-unboost|p1b: Volcarona|atk|1\n|turn|1\n|l|\u2606txkin0\n|inactive|txkin0 disconnected and has a minute to reconnect!\n|player|p2|\n|inactive|txkin0 has 30 seconds left.\n|j|\u2606txkin0\n|inactive|txkin0 reconnected and has 30 seconds left.\n|player|p2|txkin0|n|\n|\n|t:|1776082809\n|move|p1a: Kingambit|Protect|p1a: Kingambit\n|-singleturn|p1a: Kingambit|Protect\n|move|p2a: Incineroar|Fake Out|p1b: Volcarona\n|-damage|p1b: Volcarona|90/100\n|move|p2b: Sneasler|Close Combat|p1a: Kingambit\n|-activate|p1a: Kingambit|move: Protect\n|cant|p1b: Volcarona|flinch\n|\n|upkeep\n|turn|2\n|\n|t:|1776082832\n|move|p2b: Sneasler|Protect|p2b: Sneasler\n|-singleturn|p2b: Sneasler|Protect\n|move|p1b: Volcarona|Rage Powder|p1b: Volcarona\n|-singleturn|p1b: Volcarona|move: Rage Powder\n|move|p2a: Incineroar|Parting Shot|p1b: Volcarona\n|-unboost|p1b: Volcarona|atk|1\n|-unboost|p1b: Volcarona|spa|1\n|\n|t:|1776082843\n|switch|p2a: Charizard|Charizard, L50, M, shiny|100/100|[from] Parting Shot\n|move|p1a: Kingambit|Kowtow Cleave|p2b: Sneasler\n|-activate|p2b: Sneasler|move: Protect\n|\n|upkeep\n|turn|3\n|\n|t:|1776082864\n|detailschange|p2a: Charizard|Charizard-Mega-Y, L50, M, shiny\n|-mega|p2a: Charizard|Charizard|Charizardite Y\n|-weather|SunnyDay|[from] ability: Drought|[of] p2a: Charizard\n|move|p1a: Kingambit|Protect|p1a: Kingambit\n|-singleturn|p1a: Kingambit|Protect\n|move|p2b: Sneasler|Close Combat|p1a: Kingambit\n|-activate|p1a: Kingambit|move: Protect\n|move|p2a: Charizard|Heat Wave|p1b: Volcarona|[spread] p1b\n|-activate|p1a: Kingambit|move: Protect\n|-damage|p1b: Volcarona|35/100\n|-enditem|p1b: Volcarona|Sitrus Berry|[eat]\n|-heal|p1b: Volcarona|60/100|[from] item: Sitrus Berry\n|move|p1b: Volcarona|Tailwind|p1b: Volcarona\n|-sidestart|p1: Darkness_DxD_23|move: Tailwind\n|\n|-weather|SunnyDay|[upkeep]\n|upkeep\n|turn|4\n|inactive|Darkness_DxD_23 has 30 seconds left.\n|inactive|txkin0 has 30 seconds left.\n|\n|t:|1776082897\n|move|p2b: Sneasler|Protect|p2b: Sneasler\n|-singleturn|p2b: Sneasler|Protect\n|move|p1a: Kingambit|Sucker Punch||[still]\n|-fail|p1a: Kingambit\n|move|p1b: Volcarona|Rain Dance|p1b: Volcarona\n|-weather|RainDance\n|move|p2a: Charizard|Weather Ball|p1a: Kingambit\n|-damage|p1a: Kingambit|50/100\n|\n|-weather|RainDance|[upkeep]\n|upkeep\n|turn|5\n|inactive|Darkness_DxD_23 has 30 seconds left.\n|inactive|txkin0 has 30 seconds left.\n|\n|t:|1776082936\n|switch|p1b: Feraligatr|Feraligatr, L50, M|100/100\n|switch|p2b: Venusaur|Venusaur, L50, F|100/100\n|move|p1a: Kingambit|Sucker Punch||[still]\n|-fail|p1a: Kingambit\n|move|p2a: Charizard|Weather Ball|p1b: Feraligatr\n|-resisted|p1b: Feraligatr|1\n|-damage|p1b: Feraligatr|62/100\n|\n|-weather|RainDance|[upkeep]\n|upkeep\n|turn|6\n|inactive|Darkness_DxD_23 has 30 seconds left.\n|\n|t:|1776082962\n|detailschange|p1b: Feraligatr|Feraligatr-Mega, L50, M\n|-mega|p1b: Feraligatr|Feraligatr|Feraligite\n|move|p2a: Charizard|Protect|p2a: Charizard\n|-singleturn|p2a: Charizard|Protect\n|move|p1b: Feraligatr|Dragon Dance|p1b: Feraligatr\n|-boost|p1b: Feraligatr|atk|1\n|-boost|p1b: Feraligatr|spe|1\n|move|p1a: Kingambit|Kowtow Cleave|p2b: Venusaur\n|-damage|p2b: Venusaur|7/100\n|move|p2b: Venusaur|Earth Power|p1a: Kingambit\n|-supereffective|p1a: Kingambit|1\n|-damage|p1a: Kingambit|9/100\n|\n|-weather|RainDance|[upkeep]\n|-sideend|p1: Darkness_DxD_23|move: Tailwind\n|upkeep\n|turn|7\n|\n|t:|1776082985\n|switch|p2a: Incineroar|Incineroar, L50, M|100/100\n|-ability|p2a: Incineroar|Intimidate|boost\n|-unboost|p1a: Kingambit|atk|1\n|-ability|p1a: Kingambit|Defiant|boost\n|-boost|p1a: Kingambit|atk|2\n|-unboost|p1b: Feraligatr|atk|1\n|move|p1a: Kingambit|Sucker Punch||[still]\n|-fail|p1a: Kingambit\n|move|p1b: Feraligatr|Waterfall|p2a: Incineroar\n|-supereffective|p2a: Incineroar|1\n|-damage|p2a: Incineroar|0 fnt\n|faint|p2a: Incineroar\n|move|p2b: Venusaur|Sleep Powder|p1b: Feraligatr\n|-status|p1b: Feraligatr|slp|[from] move: Sleep Powder\n|\n|-weather|RainDance|[upkeep]\n|upkeep\n|\n|t:|1776083002\n|switch|p2a: Charizard|Charizard-Mega-Y, L50, M, shiny|100/100\n|-weather|SunnyDay|[from] ability: Drought|[of] p2a: Charizard\n|turn|8\n|\n|t:|1776083020\n|switch|p2b: Sneasler|Sneasler, L50, F, shiny|100/100\n|move|p1a: Kingambit|Protect|p1a: Kingambit\n|-singleturn|p1a: Kingambit|Protect\n|cant|p1b: Feraligatr|slp\n|move|p2a: Charizard|Heat Wave|p1a: Kingambit|[spread] p1b\n|-activate|p1a: Kingambit|move: Protect\n|-resisted|p1b: Feraligatr|2\n|-damage|p1b: Feraligatr|44/100 slp\n|\n|-weather|SunnyDay|[upkeep]\n|upkeep\n|turn|9\n|\n|t:|1776083043\n|move|p2b: Sneasler|Protect|p2b: Sneasler\n|-singleturn|p2b: Sneasler|Protect\n|move|p1a: Kingambit|Sucker Punch|p2a: Charizard\n|-damage|p2a: Charizard|2/100\n|cant|p1b: Feraligatr|slp\n|move|p2a: Charizard|Air Slash|p1b: Feraligatr\n|-damage|p1b: Feraligatr|0 fnt\n|faint|p1b: Feraligatr\n|\n|-weather|SunnyDay|[upkeep]\n|upkeep\n|\n|t:|1776083059\n|switch|p1b: Volcarona|Volcarona, L50, M|60/100\n|turn|10\n|inactive|txkin0 has 30 seconds left.\n|inactive|txkin0 has 20 seconds left.\n|inactive|txkin0 has 15 seconds left.\n|\n|t:|1776083100\n|move|p1a: Kingambit|Protect|p1a: Kingambit\n|-singleturn|p1a: Kingambit|Protect\n|move|p2b: Sneasler|Close Combat|p1a: Kingambit\n|-activate|p1a: Kingambit|move: Protect\n|move|p2a: Charizard|Heat Wave|p1a: Kingambit|[spread] p1b\n|-activate|p1a: Kingambit|move: Protect\n|-damage|p1b: Volcarona|6/100\n|move|p1b: Volcarona|Struggle Bug|p2b: Sneasler|[spread] p2a,p2b\n|-resisted|p2a: Charizard|2\n|-resisted|p2b: Sneasler|2\n|-damage|p2a: Charizard|0 fnt\n|-damage|p2b: Sneasler|95/100\n|-unboost|p2b: Sneasler|spa|1\n|faint|p2a: Charizard\n|-enditem|p2b: Sneasler|White Herb\n|-clearnegativeboost|p2b: Sneasler|[silent]\n|\n|-weather|SunnyDay|[upkeep]\n|upkeep\n|\n|t:|1776083119\n|switch|p2a: Venusaur|Venusaur, L50, F|7/100\n|turn|11\n|inactive|txkin0 has 30 seconds left.\n|\n|t:|1776083151\n|move|p1b: Volcarona|Rage Powder|p1b: Volcarona\n|-singleturn|p1b: Volcarona|move: Rage Powder\n|move|p1a: Kingambit|Sucker Punch|p2a: Venusaur\n|-damage|p2a: Venusaur|0 fnt\n|faint|p2a: Venusaur\n|move|p2b: Sneasler|Rock Slide|p1a: Kingambit|[spread] p1a,p1b\n|-resisted|p1a: Kingambit|1\n|-supereffective|p1b: Volcarona|2\n|-damage|p1a: Kingambit|0 fnt\n|-damage|p1b: Volcarona|0 fnt\n|faint|p1a: Kingambit\n|faint|p1b: Volcarona\n|\n|-weather|SunnyDay|[upkeep]\n|upkeep\n|\n|t:|1776083164\n|switch|p1b: Maushold|Maushold, L50|100/100\n|turn|12\n|l|\u2606txkin0\n|inactive|txkin0 disconnected and has a minute to reconnect!\n|player|p2|\n|j|\u2606txkin0\n|inactive|txkin0 reconnected and has 40 seconds left.\n|player|p2|txkin0|n|\n|\n|t:|1776083188\n|move|p1b: Maushold|Protect|p1b: Maushold\n|-singleturn|p1b: Maushold|Protect\n|move|p2b: Sneasler|Close Combat|p1b: Maushold\n|-activate|p1b: Maushold|move: Protect\n|\n|-weather|none\n|upkeep\n|turn|13\n|\n|t:|1776083196\n|move|p2b: Sneasler|Close Combat|p1b: Maushold\n|-supereffective|p1b: Maushold|1\n|-enditem|p1b: Maushold|Focus Sash\n|-damage|p1b: Maushold|1/100\n|-unboost|p2b: Sneasler|def|1\n|-unboost|p2b: Sneasler|spd|1\n|move|p1b: Maushold|Population Bomb|p2b: Sneasler|[miss]\n|-miss|p1b: Maushold|p2b: Sneasler\n|\n|upkeep\n|turn|14\n|\n|t:|1776083211\n|move|p2b: Sneasler|Close Combat|p1b: Maushold\n|-supereffective|p1b: Maushold|1\n|-damage|p1b: Maushold|0 fnt\n|-unboost|p2b: Sneasler|def|1\n|-unboost|p2b: Sneasler|spd|1\n|faint|p1b: Maushold\n|\n|win|txkin0\n|raw|Darkness_DxD_23's rating: 1015 &rarr; <strong>1005</strong><br />(-10 for losing)\n|raw|txkin0's rating: 1081 &rarr; <strong>1104</strong><br />(+23 for winning)\n|c|\u2606txkin0|Gg\n|l|\u2606Darkness_DxD_23\n|player|p1|\n",
  "uploadtime": 1776083226,
  "views": 32,
  "formatid": "gen9championsvgc2026regma",
  "rating": 1005,
  "private": 0,
  "password": null
}