{
  "id": "gen9championsvgc2026regma-2581921067",
  "format": "[Gen 9 Champions] VGC 2026 Reg M-A",
  "players": [
    "giftedyewsucks",
    "iiApreachless"
  ],
  "log": "|j|\u2606giftedyewsucks\n|j|\u2606iiApreachless\n|t:|1776039903\n|gametype|doubles\n|player|p1|giftedyewsucks|266|1396\n|player|p2|iiApreachless|2|1381\n|gen|9\n|tier|[Gen 9 Champions] VGC 2026 Reg M-A\n|rated|\n|rule|Species Clause: Limit one of each Pok\u00e9mon\n|rule|Item Clause: Limit 1 of each item\n|clearpoke\n|poke|p1|Kingambit, L50, M|\n|poke|p1|Sneasler, L50, F|\n|poke|p1|Delphox, L50, F|\n|poke|p1|Whimsicott, L50, M|\n|poke|p1|Garchomp, L50, F|\n|poke|p1|Rotom-Wash, L50|\n|poke|p2|Incineroar, L50, F|\n|poke|p2|Sneasler, L50, F|\n|poke|p2|Charizard, L50, F|\n|poke|p2|Whimsicott, L50, F|\n|poke|p2|Garchomp, L50, F|\n|poke|p2|Venusaur, L50, M|\n|teampreview|4\n|\n|t:|1776039946\n|teamsize|p1|4\n|teamsize|p2|4\n|start\n|switch|p1a: Delphox|Delphox, L50, F|100/100\n|switch|p1b: Whimsicott|Whimsicott, L50, M, shiny|100/100\n|switch|p2a: Charizard|Charizard, L50, F|100/100\n|switch|p2b: Garchomp|Garchomp, L50, F|100/100\n|turn|1\n|j| No.1yZap2\n|\n|t:|1776039964\n|switch|p1a: Garchomp|Garchomp, L50, F|100/100\n|detailschange|p2a: Charizard|Charizard-Mega-Y, L50, F\n|-mega|p2a: Charizard|Charizard|Charizardite Y\n|-weather|SunnyDay|[from] ability: Drought|[of] p2a: Charizard\n|move|p1b: Whimsicott|Protect|p1b: Whimsicott\n|-singleturn|p1b: Whimsicott|Protect\n|move|p2b: Garchomp|Rock Slide|p1b: Whimsicott|[spread] p1a\n|-activate|p1b: Whimsicott|move: Protect\n|-resisted|p1a: Garchomp|1\n|-damage|p1a: Garchomp|90/100\n|move|p2a: Charizard|Heat Wave|p1a: Garchomp|[spread] p1a\n|-activate|p1b: Whimsicott|move: Protect\n|-resisted|p1a: Garchomp|1\n|-damage|p1a: Garchomp|51/100\n|\n|-weather|SunnyDay|[upkeep]\n|upkeep\n|turn|2\n|\n|t:|1776039986\n|move|p2a: Charizard|Protect|p2a: Charizard\n|-singleturn|p2a: Charizard|Protect\n|move|p1a: Garchomp|Rock Slide|p2a: Charizard|[spread] p2b\n|-activate|p2a: Charizard|move: Protect\n|-resisted|p2b: Garchomp|1\n|-damage|p2b: Garchomp|90/100\n|move|p1b: Whimsicott|Moonblast|p2b: Garchomp\n|-supereffective|p2b: Garchomp|1\n|-damage|p2b: Garchomp|8/100\n|cant|p2b: Garchomp|flinch\n|\n|-weather|SunnyDay|[upkeep]\n|upkeep\n|turn|3\n|\n|t:|1776040023\n|switch|p2b: Incineroar|Incineroar, L50, F|100/100\n|-ability|p2b: Incineroar|Intimidate|boost\n|-unboost|p1a: Garchomp|atk|1\n|-unboost|p1b: Whimsicott|atk|1\n|switch|p2a: Sneasler|Sneasler, L50, F|100/100\n|move|p1b: Whimsicott|Protect|p1b: Whimsicott\n|-singleturn|p1b: Whimsicott|Protect\n|move|p1a: Garchomp|Rock Slide|p2b: Incineroar|[spread] p2a,p2b\n|-resisted|p2a: Sneasler|1\n|-supereffective|p2b: Incineroar|1\n|-damage|p2a: Sneasler|89/100\n|-damage|p2b: Incineroar|77/100\n|\n|-weather|SunnyDay|[upkeep]\n|upkeep\n|turn|4\n|j| SmithLords\n|\n|t:|1776040059\n|switch|p1a: Delphox|Delphox, L50, F|100/100\n|switch|p1b: Sneasler|Sneasler, L50, F|100/100\n|move|p2b: Incineroar|Fake Out|p1b: Sneasler\n|-damage|p1b: Sneasler|81/100\n|move|p2a: Sneasler|Close Combat|p1a: Delphox\n|-resisted|p1a: Delphox|1\n|-damage|p1a: Delphox|58/100\n|-unboost|p2a: Sneasler|def|1\n|-unboost|p2a: Sneasler|spd|1\n|-enditem|p2a: Sneasler|White Herb\n|-clearnegativeboost|p2a: Sneasler|[silent]\n|\n|-weather|SunnyDay|[upkeep]\n|upkeep\n|turn|5\n|l| SmithLords\n|\n|t:|1776040145\n|switch|p2a: Garchomp|Garchomp, L50, F|8/100\n|switch|p1a: Garchomp|Garchomp, L50, F|51/100\n|move|p1b: Sneasler|Close Combat|p2b: Incineroar\n|-supereffective|p2b: Incineroar|1\n|-damage|p2b: Incineroar|0 fnt\n|-unboost|p1b: Sneasler|def|1\n|-unboost|p1b: Sneasler|spd|1\n|faint|p2b: Incineroar\n|-enditem|p1b: Sneasler|White Herb\n|-clearnegativeboost|p1b: Sneasler|[silent]\n|\n|-weather|none\n|upkeep\n|\n|t:|1776040158\n|switch|p2b: Sneasler|Sneasler, L50, F|89/100\n|turn|6\n|j| SmithLords\n|l| SmithLords\n|\n|t:|1776040241\n|switch|p1a: Whimsicott|Whimsicott, L50, M, shiny|100/100\n|move|p1b: Sneasler|Protect|p1b: Sneasler\n|-singleturn|p1b: Sneasler|Protect\n|move|p2b: Sneasler|Fake Out|p1a: Whimsicott\n|-damage|p1a: Whimsicott|80/100\n|move|p2a: Garchomp|Earthquake|p1b: Sneasler|[spread] p2b,p1a\n|-activate|p1b: Sneasler|move: Protect\n|-supereffective|p2b: Sneasler|1\n|-crit|p2b: Sneasler\n|-resisted|p1a: Whimsicott|1\n|-damage|p2b: Sneasler|0 fnt\n|-damage|p1a: Whimsicott|52/100\n|faint|p2b: Sneasler\n|\n|upkeep\n|\n|t:|1776040251\n|switch|p2b: Charizard|Charizard-Mega-Y, L50, F|100/100\n|-weather|SunnyDay|[from] ability: Drought|[of] p2b: Charizard\n|turn|7\n|\n|t:|1776040259\n|move|p1a: Whimsicott|Tailwind|p1a: Whimsicott\n|-sidestart|p1: giftedyewsucks|move: Tailwind\n|move|p1b: Sneasler|Close Combat|p2a: Garchomp\n|-damage|p2a: Garchomp|0 fnt\n|-unboost|p1b: Sneasler|def|1\n|-unboost|p1b: Sneasler|spd|1\n|-damage|p1b: Sneasler|69/100|[from] ability: Rough Skin|[of] p2a: Garchomp\n|faint|p2a: Garchomp\n|move|p2b: Charizard|Heat Wave|p1b: Sneasler|[spread] \n|-miss|p2b: Charizard|p1a: Whimsicott\n|-miss|p2b: Charizard|p1b: Sneasler\n|\n|-weather|SunnyDay|[upkeep]\n|upkeep\n|turn|8\n|-message|iiApreachless forfeited.\n|\n|win|giftedyewsucks\n|raw|giftedyewsucks's rating: 1377 &rarr; <strong>1397</strong><br />(+20 for winning)\n|raw|iiApreachless's rating: 1381 &rarr; <strong>1361</strong><br />(-20 for losing)\n|l|\u2606iiApreachless\n|player|p2|\n",
  "uploadtime": 1776040282,
  "views": 50,
  "formatid": "gen9championsvgc2026regma",
  "rating": 1361,
  "private": 0,
  "password": null
}