{
  "id": "gen9championsvgc2026regma-2588263410",
  "format": "[Gen 9 Champions] VGC 2026 Reg M-A",
  "players": [
    "Ksnsn",
    "Elite Fource"
  ],
  "log": "|j|\u203dKsnsn\n|j|\u2606Elite Fource\n|t:|1776619157\n|gametype|doubles\n|player|p1|Ksnsn|102|1042\n|player|p2|Elite Fource|infielder|1000\n|gen|9\n|tier|[Gen 9 Champions] VGC 2026 Reg M-A\n|rated|\n|rule|Species Clause: Limit one of each Pok\u00e9mon\n|rule|Item Clause: Limit 1 of each item\n|clearpoke\n|poke|p1|Pelipper, L50, F|\n|poke|p1|Starmie, L50|\n|poke|p1|Archaludon, L50, F|\n|poke|p1|Basculegion, L50, M|\n|poke|p1|Incineroar, L50, F|\n|poke|p1|Sinistcha, L50|\n|poke|p2|Starmie, L50, shiny|\n|poke|p2|Manectric, L50, F|\n|poke|p2|Talonflame, L50, F|\n|poke|p2|Appletun, L50, F|\n|poke|p2|Lycanroc-Midnight, L50, M|\n|poke|p2|Sableye, L50, F|\n|teampreview|4\n|inactive|Battle timer is ON: inactive players will automatically lose when time's up. (requested by Elite Fource)\n|c|\u2606Elite Fource|why does every team all of the sudden have starmie?\n|inactive|Ksnsn has 60 seconds left.\n|inactive|Elite Fource has 60 seconds left.\n|\n|t:|1776619191\n|teamsize|p1|4\n|teamsize|p2|4\n|start\n|switch|p1a: Pelipper|Pelipper, L50, F|100/100\n|switch|p1b: Archaludon|Archaludon, L50, F|100/100\n|switch|p2a: Pure Huge|Starmie, L50, shiny|100/100\n|switch|p2b: giza|Manectric, L50, F|100/100\n|-weather|RainDance|[from] ability: Drizzle|[of] p1a: Pelipper\n|turn|1\n|c|\u2606Elite Fource|did blunder or wolfy put a video out?\n|\n|t:|1776619211\n|detailschange|p2a: Pure Huge|Starmie-Mega, L50, shiny\n|-mega|p2a: Pure Huge|Starmie|Starminite\n|move|p1a: Pelipper|Protect|p1a: Pelipper\n|-singleturn|p1a: Pelipper|Protect\n|move|p2a: Pure Huge|Skill Swap|p2b: giza\n|-activate|p2a: Pure Huge|Skill Swap|||[of] p2b: giza\n|move|p2b: giza|Discharge|p1a: Pelipper|[spread] p1b\n|-activate|p1a: Pelipper|move: Protect\n|-ability|p2a: Pure Huge|Lightning Rod|boost\n|-boost|p2a: Pure Huge|spa|1\n|-resisted|p1b: Archaludon|1\n|-damage|p1b: Archaludon|89/100\n|-status|p1b: Archaludon|par\n|-ability|p1b: Archaludon|Stamina|boost\n|-boost|p1b: Archaludon|def|1\n|move|p1b: Archaludon|Electro Shot||[still]\n|-prepare|p1b: Archaludon|Electro Shot\n|-boost|p1b: Archaludon|spa|1\n|-anim|p1b: Archaludon|Electro Shot|p2a: Pure Huge\n|-ability|p2a: Pure Huge|Lightning Rod|boost\n|-boost|p2a: Pure Huge|spa|1\n|\n|-weather|RainDance|[upkeep]\n|upkeep\n|turn|2\n|inactive|Ksnsn has 30 seconds left.\n|inactive|Elite Fource has 30 seconds left.\n|inactive|Ksnsn has 20 seconds left.\n|inactive|Ksnsn has 15 seconds left.\n|\n|t:|1776619255\n|move|p1b: Archaludon|Protect|p1b: Archaludon\n|-singleturn|p1b: Archaludon|Protect\n|move|p2a: Pure Huge|Scald|p1b: Archaludon\n|-activate|p1b: Archaludon|move: Protect\n|move|p2b: giza|Discharge|p1b: Archaludon|[spread] p1a\n|-activate|p1b: Archaludon|move: Protect\n|-ability|p2a: Pure Huge|Lightning Rod|boost\n|-boost|p2a: Pure Huge|spa|1\n|-supereffective|p1a: Pelipper|2\n|-enditem|p1a: Pelipper|Focus Sash\n|-damage|p1a: Pelipper|1/100\n|-status|p1a: Pelipper|par\n|move|p1a: Pelipper|Weather Ball|p2b: giza\n|-damage|p2b: giza|0 fnt\n|faint|p2b: giza\n|\n|-weather|RainDance|[upkeep]\n|upkeep\n|\n|t:|1776619265\n|switch|p2b: RU-FI-OOOOOO|Lycanroc-Midnight, L50, M|100/100\n|turn|3\n|inactive|Ksnsn has 30 seconds left.\n|inactive|Ksnsn has 20 seconds left.\n|\n|t:|1776619301\n|move|p1a: Pelipper|Protect|p1a: Pelipper\n|-singleturn|p1a: Pelipper|Protect\n|move|p2a: Pure Huge|Scald|p1b: Archaludon\n|-resisted|p1b: Archaludon|1\n|-damage|p1b: Archaludon|0 fnt\n|faint|p1b: Archaludon\n|move|p2b: RU-FI-OOOOOO|Trailblaze|p1a: Pelipper\n|-activate|p1a: Pelipper|move: Protect\n|\n|-weather|RainDance|[upkeep]\n|upkeep\n|\n|t:|1776619313\n|switch|p1b: Incineroar|Incineroar, L50, F|100/100\n|-ability|p1b: Incineroar|Intimidate|boost\n|-unboost|p2a: Pure Huge|atk|1\n|-unboost|p2b: RU-FI-OOOOOO|atk|1\n|turn|4\n|inactive|Ksnsn has 30 seconds left.\n|\n|t:|1776619340\n|move|p2b: RU-FI-OOOOOO|Upper Hand||[still]\n|-fail|p2b: RU-FI-OOOOOO\n|move|p2a: Pure Huge|Scald|p1b: Incineroar\n|-supereffective|p1b: Incineroar|1\n|-damage|p1b: Incineroar|0 fnt\n|faint|p1b: Incineroar\n|move|p1a: Pelipper|Tailwind|p1a: Pelipper\n|-sidestart|p1: Ksnsn|move: Tailwind\n|\n|-weather|RainDance|[upkeep]\n|upkeep\n|\n|t:|1776619349\n|switch|p1b: Starmie|Starmie, L50|100/100\n|turn|5\n|inactive|Ksnsn has 30 seconds left.\n|\n|t:|1776619375\n|detailschange|p1b: Starmie|Starmie-Mega, L50\n|-mega|p1b: Starmie|Starmie|Starminite\n|move|p1b: Starmie|Liquidation|p2b: RU-FI-OOOOOO\n|-supereffective|p2b: RU-FI-OOOOOO|1\n|-damage|p2b: RU-FI-OOOOOO|0 fnt\n|faint|p2b: RU-FI-OOOOOO\n|move|p2a: Pure Huge|Thunderbolt|p1b: Starmie\n|-supereffective|p1b: Starmie|1\n|-damage|p1b: Starmie|0 fnt\n|faint|p1b: Starmie\n|move|p1a: Pelipper|Hurricane|p2a: Pure Huge\n|-damage|p2a: Pure Huge|43/100\n|-start|p2a: Pure Huge|confusion\n|\n|-weather|none\n|upkeep\n|\n|t:|1776619380\n|switch|p2b: no documents|Appletun, L50, F|100/100\n|turn|6\n|c|\u2606Elite Fource|gg\n|\n|t:|1776619394\n|move|p1a: Pelipper|Protect|p1a: Pelipper\n|-singleturn|p1a: Pelipper|Protect\n|-activate|p2a: Pure Huge|confusion\n|-damage|p2a: Pure Huge|36/100|[from] confusion\n|move|p2b: no documents|Giga Drain|p1a: Pelipper\n|-activate|p1a: Pelipper|move: Protect\n|\n|upkeep\n|turn|7\n|c|\u2606Elite Fource|lmao\n|c|\u2606Elite Fource|protect again\n|\n|t:|1776619408\n|-activate|p2a: Pure Huge|confusion\n|move|p2a: Pure Huge|Psyshock|p1a: Pelipper\n|-damage|p1a: Pelipper|0 fnt\n|faint|p1a: Pelipper\n|\n|win|Elite Fource\n|raw|Ksnsn's rating: 1042 &rarr; <strong>1024</strong><br />(-18 for losing)\n|raw|Elite Fource's rating: 1000 &rarr; <strong>1045</strong><br />(+45 for winning)\n|c|\u2606Elite Fource|gg bro\n",
  "uploadtime": 1776619421,
  "views": 20,
  "formatid": "gen9championsvgc2026regma",
  "rating": 1024,
  "private": 0,
  "password": null
}