{
  "id": "gen9championsvgc2026regma-2585769395",
  "format": "[Gen 9 Champions] VGC 2026 Reg M-A",
  "players": [
    "A Sock Of Butter",
    "ChrisTheEnby"
  ],
  "log": "|j|\u2606A Sock Of Butter\n|j|\u2606ChrisTheEnby\n|t:|1776369332\n|gametype|doubles\n|player|p1|A Sock Of Butter|102|1088\n|player|p2|ChrisTheEnby|schoolkid-gen4|1029\n|gen|9\n|tier|[Gen 9 Champions] VGC 2026 Reg M-A\n|rated|\n|rule|Species Clause: Limit one of each Pok\u00e9mon\n|rule|Item Clause: Limit 1 of each item\n|clearpoke\n|poke|p1|Medicham, L50, F|\n|poke|p1|Palafin, L50, F|\n|poke|p1|Vivillon-Icy Snow, L50, F|\n|poke|p1|Incineroar, L50, M|\n|poke|p1|Aerodactyl, L50, F|\n|poke|p1|Sinistcha, L50|\n|poke|p2|Pelipper, L50, M|\n|poke|p2|Sharpedo, L50, F|\n|poke|p2|Archaludon, L50, F|\n|poke|p2|Meowstic-F, L50, F|\n|poke|p2|Sinistcha, L50|\n|poke|p2|Manectric, L50, M|\n|teampreview|4\n|inactive|Battle timer is ON: inactive players will automatically lose when time's up. (requested by A Sock Of Butter)\nChrisTheEnby rejected open team sheets.\n|inactive|A Sock Of Butter has 60 seconds left.\n|\n|t:|1776369366\n|teamsize|p1|4\n|teamsize|p2|4\n|start\n|switch|p1a: Genuinely God|Palafin, L50, F, shiny|100/100\n|switch|p1b: Moth|Vivillon-Icy Snow, L50, F, shiny|100/100\n|switch|p2a: Archaludon|Archaludon, L50, F|100/100\n|switch|p2b: Meowstic|Meowstic-F, L50, F|100/100\n|turn|1\n|inactive|A Sock Of Butter has 30 seconds left.\n|inactive|ChrisTheEnby has 30 seconds left.\n|\n|t:|1776369396\n|detailschange|p1a: Genuinely God|Palafin-Hero, L50, F, shiny\n|switch|p1a: Blueberry|Medicham, L50, F, shiny|100/100\n|switch|p2b: Pelipper|Pelipper, L50, M|100/100\n|-weather|RainDance|[from] ability: Drizzle|[of] p2b: Pelipper\n|move|p1b: Moth|Sleep Powder|p2a: Archaludon\n|-status|p2a: Archaludon|slp|[from] move: Sleep Powder\n|cant|p2a: Archaludon|slp\n|\n|-weather|RainDance|[upkeep]\n|upkeep\n|turn|2\n|\n|t:|1776369416\n|switch|p2a: Sharpedo|Sharpedo, L50, F|100/100\n|move|p1a: Blueberry|Thunder Punch|p2b: Pelipper\n|-supereffective|p2b: Pelipper|2\n|-enditem|p2b: Pelipper|Focus Sash\n|-damage|p2b: Pelipper|1/100\n|-status|p2b: Pelipper|par\n|move|p1b: Moth|Tailwind|p1b: Moth\n|-sidestart|p1: A Sock Of Butter|move: Tailwind\n|move|p2b: Pelipper|Hurricane|p1b: Moth\n|-supereffective|p1b: Moth|1\n|-enditem|p1b: Moth|Focus Sash\n|-damage|p1b: Moth|1/100\n|-start|p1b: Moth|confusion\n|\n|-weather|RainDance|[upkeep]\n|upkeep\n|turn|3\n|inactive|A Sock Of Butter has 30 seconds left.\n|inactive|ChrisTheEnby has 30 seconds left.\n|\n|t:|1776369447\n|switch|p2b: Meowstic|Meowstic-F, L50, F|100/100\n|move|p2a: Sharpedo|Protect|p2a: Sharpedo\n|-singleturn|p2a: Sharpedo|Protect\n|move|p1a: Blueberry|Thunder Punch|p2b: Meowstic\n|-damage|p2b: Meowstic|70/100\n|-activate|p1b: Moth|confusion\n|move|p1b: Moth|Sleep Powder|p2a: Sharpedo\n|-activate|p2a: Sharpedo|move: Protect\n|\n|-weather|RainDance|[upkeep]\n|-ability|p2a: Sharpedo|Speed Boost|boost\n|-boost|p2a: Sharpedo|spe|1\n|upkeep\n|turn|4\n|inactive|A Sock Of Butter has 30 seconds left.\n|inactive|A Sock Of Butter has 20 seconds left.\n|inactive|A Sock Of Butter has 15 seconds left.\n|\n|t:|1776369492\n|detailschange|p2a: Sharpedo|Sharpedo-Mega, L50, F\n|-mega|p2a: Sharpedo|Sharpedo|Sharpedonite\n|move|p2b: Meowstic|Fake Out|p1a: Blueberry\n|-damage|p1a: Blueberry|92/100\n|cant|p1a: Blueberry|flinch\n|-activate|p1b: Moth|confusion\n|move|p1b: Moth|Sleep Powder|p2b: Meowstic|[miss]\n|-miss|p1b: Moth|p2b: Meowstic\n|move|p2a: Sharpedo|Ice Fang|p1b: Moth\n|-supereffective|p1b: Moth|1\n|-damage|p1b: Moth|0 fnt\n|faint|p1b: Moth\n|\n|-weather|RainDance|[upkeep]\n|upkeep\n|c|\u2606A Sock Of Butter|wow\n|c|\u2606A Sock Of Butter|3% chance\n|\n|t:|1776369516\n|switch|p1b: Genuinely God|Palafin-Hero, L50, F, shiny|100/100\n|-activate|p1b: Genuinely God|ability: Zero to Hero\n|turn|5\n|inactive|ChrisTheEnby has 30 seconds left.\n|inactive|ChrisTheEnby has 20 seconds left.\n|\n|t:|1776369556\n|switch|p1a: Liquid|Sinistcha, L50|100/100\n|move|p1b: Genuinely God|Wave Crash|p2b: Meowstic\n|-damage|p2b: Meowstic|0 fnt\n|faint|p2b: Meowstic\n|-damage|p1b: Genuinely God|77/100|[from] Recoil\n|move|p2a: Sharpedo|Crunch|p1b: Genuinely God\n|-damage|p1b: Genuinely God|1/100\n|-unboost|p1b: Genuinely God|def|1\n|\n|-weather|none\n|-sideend|p1: A Sock Of Butter|move: Tailwind\n|upkeep\n|\n|t:|1776369572\n|switch|p2b: Pelipper|Pelipper, L50, M|1/100 par\n|-weather|RainDance|[from] ability: Drizzle|[of] p2b: Pelipper\n|turn|6\n|\n|t:|1776369586\n|move|p1b: Genuinely God|Protect|p1b: Genuinely God\n|-singleturn|p1b: Genuinely God|Protect\n|move|p2a: Sharpedo|Crunch|p1b: Genuinely God\n|-activate|p1b: Genuinely God|move: Protect\n|move|p1a: Liquid|Matcha Gotcha|p2b: Pelipper|[spread] p2a,p2b\n|-supereffective|p2a: Sharpedo|1\n|-damage|p2a: Sharpedo|11/100\n|-damage|p2b: Pelipper|0 fnt\n|-status|p2a: Sharpedo|brn\n|faint|p2b: Pelipper\n|\n|-weather|RainDance|[upkeep]\n|-damage|p2a: Sharpedo|5/100 brn|[from] brn\n|upkeep\n|\n|t:|1776369599\n|switch|p2b: Archaludon|Archaludon, L50, F|100/100 slp\n|turn|7\n|c|\u2606ChrisTheEnby|gg\n|-message|ChrisTheEnby forfeited.\n|\n|win|A Sock Of Butter\n|raw|A Sock Of Butter's rating: 1088 &rarr; <strong>1110</strong><br />(+22 for winning)\n|raw|ChrisTheEnby's rating: 1029 &rarr; <strong>1017</strong><br />(-12 for losing)\n|c|\u2606A Sock Of Butter|gg\n",
  "uploadtime": 1776369619,
  "views": 27,
  "formatid": "gen9championsvgc2026regma",
  "rating": 1017,
  "private": 0,
  "password": null
}