{
  "id": "gen9championsvgc2026regma-2587648552",
  "format": "[Gen 9 Champions] VGC 2026 Reg M-A",
  "players": [
    "cesar dios pokemon",
    "Slicc Micc"
  ],
  "log": "|j|\u2606cesar dios pokemon\n|j|\u2606Slicc Micc\n|html|<table width=\"100%\"><tr><td align=\"left\">cesar dios pokemon</td><td align=\"right\">Slicc Micc</tr><tr><td align=\"left\"><i class=\"fa fa-circle\"></i> <i class=\"fa fa-circle-o\"></i> </td><td align=\"right\"><i class=\"fa fa-circle-o\"></i> <i class=\"fa fa-circle\"></i> </tr></table>\n|uhtml|bestof|<h2><strong>Game 3</strong> of <a href=\"/game-bestof3-gen9championsvgc2026regma-2587638959\">a best-of-3</a></h2>\n|t:|1776550254\n|gametype|doubles\n|player|p1|cesar dios pokemon|ghetsis-gen5bw|\n|player|p2|Slicc Micc|101|\n|gen|9\n|tier|[Gen 9 Champions] VGC 2026 Reg M-A\n|rule|Species Clause: Limit one of each Pok\u00e9mon\n|rule|Item Clause: Limit 1 of each item\n|raw|<div class=\"infobox\"><details class=\"readmore\" open><summary><strong>1 custom rule:</strong></summary> Best of = 3</details></div>\n|clearpoke\n|poke|p1|Archaludon, L50, F|\n|poke|p1|Dragonite, L50, M|\n|poke|p1|Starmie, L50|\n|poke|p1|Politoed, L50, M|\n|poke|p1|Zoroark-Hisui, L50, F|\n|poke|p1|Milotic, L50, F|\n|poke|p2|Froslass, L50, F|\n|poke|p2|Kingambit, L50, F|\n|poke|p2|Noivern, L50, M|\n|poke|p2|Arcanine-Hisui, L50, F|\n|poke|p2|Gardevoir, L50, M|\n|poke|p2|Rotom-Mow, L50|\n|teampreview|4\n|\n|t:|1776550283\n|teamsize|p1|4\n|teamsize|p2|4\n|start\n|switch|p1a: Politoed|Politoed, L50, M|100/100\n|switch|p1b: Dragonite|Dragonite, L50, M|100/100\n|switch|p2a: Rotom|Rotom-Mow, L50|100/100\n|switch|p2b: Froslass|Froslass, L50, F|100/100\n|-weather|RainDance|[from] ability: Drizzle|[of] p1a: Politoed\n|turn|1\n|j| crotchety old man\n|\n|t:|1776550305\n|detailschange|p2b: Froslass|Froslass-Mega, L50, F\n|-mega|p2b: Froslass|Froslass|Froslassite\n|-weather|Snowscape|[from] ability: Snow Warning|[of] p2b: Froslass\n|move|p2a: Rotom|Electroweb|p1a: Politoed|[spread] p1a,p1b\n|-supereffective|p1a: Politoed|1\n|-damage|p1a: Politoed|76/100\n|-damage|p1b: Dragonite|60/100\n|-unboost|p1a: Politoed|spe|1\n|-unboost|p1b: Dragonite|spe|1\n|replace|p1b: Zoroark|Zoroark-Hisui, L50, F\n|-end|p1b: Zoroark|Illusion\n|move|p2b: Froslass|Ice Beam|p1b: Zoroark\n|-damage|p1b: Zoroark|0 fnt\n|faint|p1b: Zoroark\n|move|p1a: Politoed|Weather Ball|p2b: Froslass\n|-resisted|p2b: Froslass|1\n|-damage|p2b: Froslass|88/100\n|\n|-weather|Snowscape|[upkeep]\n|upkeep\n|c|\u2606cesar dios pokemon|thats gg\n|c|\u2606cesar dios pokemon|fcking rotom scarf man\n|\n|t:|1776550337\n|switch|p1b: Archaludon|Archaludon, L50, F|100/100\n|turn|2\n|\n|t:|1776550371\n|move|p2a: Rotom|Electroweb|p1b: Archaludon|[spread] p1a,p1b\n|-supereffective|p1a: Politoed|1\n|-crit|p1a: Politoed\n|-resisted|p1b: Archaludon|1\n|-damage|p1a: Politoed|37/100\n|-damage|p1b: Archaludon|87/100\n|-unboost|p1a: Politoed|spe|1\n|-unboost|p1b: Archaludon|spe|1\n|-ability|p1b: Archaludon|Stamina|boost\n|-boost|p1b: Archaludon|def|1\n|-enditem|p1a: Politoed|Sitrus Berry|[eat]\n|-heal|p1a: Politoed|61/100|[from] item: Sitrus Berry\n|move|p2b: Froslass|Aurora Veil|p2b: Froslass\n|-sidestart|p2: Slicc Micc|move: Aurora Veil\n|move|p1b: Archaludon|Flash Cannon|p2b: Froslass\n|-supereffective|p2b: Froslass|1\n|-damage|p2b: Froslass|11/100\n|move|p1a: Politoed|Weather Ball|p2a: Rotom\n|-supereffective|p2a: Rotom|1\n|-damage|p2a: Rotom|63/100\n|\n|-weather|Snowscape|[upkeep]\n|upkeep\n|turn|3\n|\n|t:|1776550389\n|move|p2a: Rotom|Electroweb|p1b: Archaludon|[spread] p1a,p1b\n|-supereffective|p1a: Politoed|1\n|-resisted|p1b: Archaludon|1\n|-damage|p1a: Politoed|37/100\n|-damage|p1b: Archaludon|72/100\n|-unboost|p1a: Politoed|spe|1\n|-unboost|p1b: Archaludon|spe|1\n|-ability|p1b: Archaludon|Stamina|boost\n|-boost|p1b: Archaludon|def|1\n|move|p2b: Froslass|Ice Beam|p1b: Archaludon\n|-damage|p1b: Archaludon|0 fnt\n|faint|p1b: Archaludon\n|move|p1a: Politoed|Weather Ball|p2a: Rotom\n|-supereffective|p2a: Rotom|1\n|-damage|p2a: Rotom|23/100\n|\n|-weather|Snowscape|[upkeep]\n|upkeep\n|\n|t:|1776550399\n|switch|p1b: Dragonite|Dragonite, L50, M|100/100\n|turn|4\n|\n|t:|1776550411\n|detailschange|p1b: Dragonite|Dragonite-Mega, L50, M\n|-mega|p1b: Dragonite|Dragonite|Dragoninite\n|move|p1b: Dragonite|Protect|p1b: Dragonite\n|-singleturn|p1b: Dragonite|Protect\n|move|p2a: Rotom|Electroweb|p1b: Dragonite|[spread] p1a\n|-activate|p1b: Dragonite|move: Protect\n|-supereffective|p1a: Politoed|1\n|-damage|p1a: Politoed|12/100\n|-unboost|p1a: Politoed|spe|1\n|move|p2b: Froslass|Shadow Ball|p1a: Politoed\n|-damage|p1a: Politoed|0 fnt\n|faint|p1a: Politoed\n|\n|-weather|Snowscape|[upkeep]\n|upkeep\n|turn|5\n|c|\u2606cesar dios pokemon|and it never fails a single electroweb\n|\n|t:|1776550429\n|move|p2a: Rotom|Electroweb|p1b: Dragonite\n|-damage|p1b: Dragonite|91/100\n|-unboost|p1b: Dragonite|spe|1\n|move|p2b: Froslass|Ice Beam|p1b: Dragonite\n|-supereffective|p1b: Dragonite|2\n|-damage|p1b: Dragonite|0 fnt\n|faint|p1b: Dragonite\n|\n|win|Slicc Micc\n|c|\u2606cesar dios pokemon|gg\n|l| crotchety old man\n|c|\u2606Slicc Micc|Rotom put his glasses on\n|c|\u2606Slicc Micc|gg\n|l|\u2606cesar dios pokemon\n|player|p1|\n|l|\u2606Slicc Micc\n|player|p2|\n|j|\u2606Slicc Micc\n|player|p2|Slicc Micc|101|\n|j| Midbus1\n",
  "uploadtime": 1776550443,
  "views": 48,
  "formatid": "gen9championsvgc2026regma",
  "rating": null,
  "private": 0,
  "password": null
}