{
  "id": "gen9championsvgc2026regma-2581208889",
  "format": "[Gen 9 Champions] VGC 2026 Reg M-A",
  "players": [
    "Ice124567890",
    "Tindall64"
  ],
  "log": "|j|\u2606Ice124567890\n|j|\u2606Tindall64\n|t:|1775971018\n|gametype|doubles\n|player|p1|Ice124567890|170|1156\n|player|p2|Tindall64|ranmaru-conquest|1128\n|gen|9\n|tier|[Gen 9 Champions] VGC 2026 Reg M-A\n|rated|\n|rule|Species Clause: Limit one of each Pok\u00e9mon\n|rule|Item Clause: Limit 1 of each item\n|clearpoke\n|poke|p1|Incineroar, L50, M|\n|poke|p1|Gengar, L50, F|\n|poke|p1|Sinistcha, L50|\n|poke|p1|Kingambit, L50, M|\n|poke|p1|Tyranitar, L50, F|\n|poke|p1|Kommo-o, L50, F|\n|poke|p2|Noivern, L50, F|\n|poke|p2|Farigiraf, L50, F|\n|poke|p2|Glimmora, L50, M|\n|poke|p2|Kingambit, L50, F|\n|poke|p2|Garchomp, L50, M|\n|poke|p2|Incineroar, L50, F|\n|teampreview|4\n|inactive|Battle timer is ON: inactive players will automatically lose when time's up. (requested by Ice124567890)\n|inactive|Tindall64 has 60 seconds left.\n|\n|t:|1775971061\n|teamsize|p1|4\n|teamsize|p2|4\n|start\n|switch|p1a: Kommo-o|Kommo-o, L50, F|100/100\n|switch|p1b: Incineroar|Incineroar, L50, M|100/100\n|switch|p2a: Noivern|Noivern, L50, F|100/100\n|switch|p2b: Garchomp|Garchomp, L50, M|100/100\n|-ability|p1b: Incineroar|Intimidate|boost\n|-unboost|p2a: Noivern|atk|1\n|-unboost|p2b: Garchomp|atk|1\n|turn|1\n|\n|t:|1775971076\n|move|p1a: Kommo-o|Protect|p1a: Kommo-o\n|-singleturn|p1a: Kommo-o|Protect\n|move|p2a: Noivern|Tailwind|p2a: Noivern\n|-sidestart|p2: Tindall64|move: Tailwind\n|move|p2b: Garchomp|Dragon Claw|p1a: Kommo-o\n|-activate|p1a: Kommo-o|move: Protect\n|move|p1b: Incineroar|Parting Shot|p2b: Garchomp\n|-unboost|p2b: Garchomp|atk|1\n|-unboost|p2b: Garchomp|spa|1\n|\n|t:|1775971084\n|switch|p1b: Sinistcha|Sinistcha, L50|100/100|[from] Parting Shot\n|\n|upkeep\n|turn|2\n|\n|t:|1775971100\n|switch|p2b: Glimmora|Glimmora, L50, M|100/100\n|move|p1b: Sinistcha|Rage Powder|p1b: Sinistcha\n|-singleturn|p1b: Sinistcha|move: Rage Powder\n|move|p2a: Noivern|Air Slash|p1b: Sinistcha\n|-supereffective|p1b: Sinistcha|1\n|-damage|p1b: Sinistcha|49/100\n|-enditem|p1b: Sinistcha|Sitrus Berry|[eat]\n|-heal|p1b: Sinistcha|74/100|[from] item: Sitrus Berry\n|move|p1a: Kommo-o|Clangorous Soul|p1a: Kommo-o\n|-boost|p1a: Kommo-o|atk|1\n|-boost|p1a: Kommo-o|def|1\n|-boost|p1a: Kommo-o|spa|1\n|-boost|p1a: Kommo-o|spd|1\n|-boost|p1a: Kommo-o|spe|1\n|-damage|p1a: Kommo-o|68/100\n|\n|-heal|p1a: Kommo-o|74/100|[from] item: Leftovers\n|upkeep\n|turn|3\n|\n|t:|1775971116\n|switch|p1b: Incineroar|Incineroar, L50, M|100/100\n|-ability|p1b: Incineroar|Intimidate|boost\n|-unboost|p2a: Noivern|atk|1\n|-unboost|p2b: Glimmora|atk|1\n|detailschange|p2b: Glimmora|Glimmora-Mega, L50, M\n|-mega|p2b: Glimmora|Glimmora|Glimmoranite\n|move|p1a: Kommo-o|Protect|p1a: Kommo-o\n|-singleturn|p1a: Kommo-o|Protect\n|move|p2a: Noivern|Air Slash|p1a: Kommo-o\n|-activate|p1a: Kommo-o|move: Protect\n|move|p2b: Glimmora|Sludge Wave|p1a: Kommo-o|[spread] p1b\n|-activate|p1a: Kommo-o|move: Protect\n|-activate|p2a: Noivern|ability: Telepathy\n|-damage|p1b: Incineroar|51/100\n|\n|-heal|p1a: Kommo-o|80/100|[from] item: Leftovers\n|upkeep\n|turn|4\n|inactive|Tindall64 has 30 seconds left.\n|inactive|Tindall64 has 20 seconds left.\n|inactive|Tindall64 has 15 seconds left.\n|inactive|Tindall64 has 10 seconds left.\n|\n|t:|1775971163\n|switch|p2a: Farigiraf|Farigiraf, L50, F|100/100\n|move|p1b: Incineroar|Fake Out||[still]\n|cant|p2a: Farigiraf|ability: Armor Tail|Fake Out|[of] p1b: Incineroar\n|move|p2b: Glimmora|Sludge Bomb|p1a: Kommo-o\n|-damage|p1a: Kommo-o|32/100\n|-status|p1a: Kommo-o|psn\n|move|p1a: Kommo-o|Clanging Scales|p2b: Glimmora|[spread] p2a,p2b\n|-damage|p2a: Farigiraf|50/100\n|-damage|p2b: Glimmora|44/100\n|-unboost|p1a: Kommo-o|def|1\n|\n|-heal|p1a: Kommo-o|38/100 psn|[from] item: Leftovers\n|-damage|p1a: Kommo-o|25/100 psn|[from] psn\n|-sideend|p2: Tindall64|move: Tailwind\n|upkeep\n|turn|5\n|inactive|Tindall64 has 30 seconds left.\n|inactive|Tindall64 has 20 seconds left.\n|inactive|Tindall64 has 15 seconds left.\n|\n|t:|1775971206\n|switch|p1b: Sinistcha|Sinistcha, L50|74/100\n|-heal|p1a: Kommo-o|50/100 psn|[from] ability: Hospitality|[of] p1b: Sinistcha\n|move|p2b: Glimmora|Spiky Shield|p2b: Glimmora\n|-singleturn|p2b: Glimmora|move: Protect\n|move|p1a: Kommo-o|Clanging Scales|p2a: Farigiraf|[spread] p2a\n|-activate|p2b: Glimmora|move: Protect\n|-damage|p2a: Farigiraf|0 fnt\n|faint|p2a: Farigiraf\n|-unboost|p1a: Kommo-o|def|1\n|\n|-heal|p1a: Kommo-o|56/100 psn|[from] item: Leftovers\n|-damage|p1a: Kommo-o|44/100 psn|[from] psn\n|upkeep\n|\n|t:|1775971221\n|switch|p2a: Noivern|Noivern, L50, F|100/100\n|turn|6\n|\n|t:|1775971232\n|move|p2b: Glimmora|Spiky Shield|p2b: Glimmora\n|-singleturn|p2b: Glimmora|move: Protect\n|move|p1a: Kommo-o|Clanging Scales|p2b: Glimmora|[spread] p2a\n|-activate|p2b: Glimmora|move: Protect\n|-supereffective|p2a: Noivern|1\n|-enditem|p2a: Noivern|Focus Sash\n|-damage|p2a: Noivern|1/100\n|-unboost|p1a: Kommo-o|def|1\n|move|p2a: Noivern|Tailwind|p2a: Noivern\n|-sidestart|p2: Tindall64|move: Tailwind\n|move|p1b: Sinistcha|Life Dew|p1b: Sinistcha|[spread] p1a,p1b\n|-heal|p1a: Kommo-o|69/100 psn\n|-heal|p1b: Sinistcha|99/100\n|\n|-heal|p1a: Kommo-o|75/100 psn|[from] item: Leftovers\n|-damage|p1a: Kommo-o|63/100 psn|[from] psn\n|upkeep\n|turn|7\n|\n|t:|1775971241\n|move|p1b: Sinistcha|Rage Powder|p1b: Sinistcha\n|-singleturn|p1b: Sinistcha|move: Rage Powder\n|move|p2a: Noivern|Air Slash|p1b: Sinistcha\n|-supereffective|p1b: Sinistcha|1\n|-damage|p1b: Sinistcha|46/100\n|move|p2b: Glimmora|Sludge Wave|p1a: Kommo-o|[spread] p1a,p1b\n|-activate|p2a: Noivern|ability: Telepathy\n|-crit|p1a: Kommo-o\n|-damage|p1a: Kommo-o|0 fnt\n|-damage|p1b: Sinistcha|0 fnt\n|faint|p1a: Kommo-o\n|faint|p1b: Sinistcha\n|\n|upkeep\n|\n|t:|1775971249\n|switch|p1a: Incineroar|Incineroar, L50, M|51/100\n|switch|p1b: Tyranitar|Tyranitar, L50, F|100/100\n|-weather|Sandstorm|[from] ability: Sand Stream|[of] p1b: Tyranitar\n|-ability|p1a: Incineroar|Intimidate|boost\n|-unboost|p2a: Noivern|atk|1\n|-unboost|p2b: Glimmora|atk|1\n|turn|8\n|\n|t:|1775971263\n|move|p2b: Glimmora|Spiky Shield|p2b: Glimmora\n|-singleturn|p2b: Glimmora|move: Protect\n|move|p1a: Incineroar|Fake Out|p2a: Noivern\n|-damage|p2a: Noivern|0 fnt\n|faint|p2a: Noivern\n|move|p1b: Tyranitar|Ice Punch|p2b: Glimmora\n|-activate|p2b: Glimmora|move: Protect\n|-damage|p1b: Tyranitar|88/100|[from] Spiky Shield|[of] p2b: Glimmora\n|\n|-weather|Sandstorm|[upkeep]\n|-damage|p1a: Incineroar|45/100|[from] Sandstorm\n|upkeep\n|\n|t:|1775971269\n|switch|p2a: Garchomp|Garchomp, L50, M|100/100\n|turn|9\n|inactive|Tindall64 has 30 seconds left.\n|\n|t:|1775971294\n|move|p2a: Garchomp|Stomping Tantrum|p1b: Tyranitar\n|-supereffective|p1b: Tyranitar|1\n|-damage|p1b: Tyranitar|0 fnt\n|faint|p1b: Tyranitar\n|move|p2b: Glimmora|Power Gem|p1a: Incineroar\n|-supereffective|p1a: Incineroar|1\n|-damage|p1a: Incineroar|0 fnt\n|faint|p1a: Incineroar\n|\n|win|Tindall64\n|raw|Ice124567890's rating: 1156 &rarr; <strong>1129</strong><br />(-27 for losing)\n|raw|Tindall64's rating: 1128 &rarr; <strong>1155</strong><br />(+27 for winning)\n|l|\u2606Ice124567890\n|player|p1|\n",
  "uploadtime": 1775971331,
  "views": 19,
  "formatid": "gen9championsvgc2026regma",
  "rating": 1129,
  "private": 0,
  "password": null
}