{
  "id": "gen9championsvgc2026regma-2583920666",
  "format": "[Gen 9 Champions] VGC 2026 Reg M-A",
  "players": [
    "sir peepsalot",
    "Astral Legionis"
  ],
  "log": "|j|\u2606sir peepsalot\n|j|\u2606Astral Legionis\n|t:|1776208430\n|gametype|doubles\n|player|p1|sir peepsalot|plasmagrunt|1138\n|player|p2|Astral Legionis|1|1147\n|gen|9\n|tier|[Gen 9 Champions] VGC 2026 Reg M-A\n|rated|\n|rule|Species Clause: Limit one of each Pok\u00e9mon\n|rule|Item Clause: Limit 1 of each item\n|clearpoke\n|poke|p1|Farigiraf, L50, F|\n|poke|p1|Ariados, L50, M|\n|poke|p1|Garganacl, L50, F|\n|poke|p1|Snorlax, L50, M|\n|poke|p1|Sableye, L50, F|\n|poke|p1|Torkoal, L50, F|\n|poke|p2|Reuniclus, L50, M|\n|poke|p2|Archaludon, L50, F|\n|poke|p2|Pelipper, L50, F|\n|poke|p2|Sinistcha, L50|\n|poke|p2|Meganium, L50, F|\n|poke|p2|Incineroar, L50, F|\n|teampreview|4\n|\n|t:|1776208450\n|teamsize|p1|4\n|teamsize|p2|4\n|start\n|switch|p1a: Farigiraf|Farigiraf, L50, F|100/100\n|switch|p1b: Snorlax|Snorlax, L50, M|100/100\n|switch|p2a: nowhere to go|Sinistcha, L50|100/100\n|switch|p2b: jelly baby|Reuniclus, L50, M|100/100\n|turn|1\n|inactive|Battle timer is ON: inactive players will automatically lose when time's up. (requested by sir peepsalot)\n|\n|t:|1776208466\n|switch|p1b: Garganacl|Garganacl, L50, F|100/100\n|move|p2a: nowhere to go|Matcha Gotcha|p1a: Farigiraf|[spread] p1a,p1b\n|-supereffective|p1b: Garganacl|1\n|-damage|p1a: Farigiraf|76/100\n|-damage|p1b: Garganacl|68/100\n|move|p1a: Farigiraf|Psychic Noise|p2a: nowhere to go\n|-damage|p2a: nowhere to go|65/100\n|-start|p2a: nowhere to go|move: Heal Block\n|move|p2b: jelly baby|Calm Mind|p2b: jelly baby\n|-boost|p2b: jelly baby|spa|1\n|-boost|p2b: jelly baby|spd|1\n|\n|-heal|p1b: Garganacl|73/100|[from] item: Leftovers\n|upkeep\n|turn|2\n|inactive|Astral Legionis has 30 seconds left.\n|inactive|Astral Legionis has 20 seconds left.\n|\n|t:|1776208504\n|move|p1b: Garganacl|Salt Cure|p2a: nowhere to go\n|-damage|p2a: nowhere to go|52/100\n|-start|p2a: nowhere to go|Salt Cure\n|move|p2b: jelly baby|Focus Blast|p1b: Garganacl\n|-supereffective|p1b: Garganacl|1\n|-crit|p1b: Garganacl\n|-damage|p1b: Garganacl|0 fnt\n|faint|p1b: Garganacl\n|move|p2a: nowhere to go|Trick Room|p2a: nowhere to go\n|-fieldstart|move: Trick Room|[of] p2a: nowhere to go\n|move|p1a: Farigiraf|Trick Room|p1a: Farigiraf\n|-fieldend|move: Trick Room\n|\n|-damage|p2a: nowhere to go|45/100|[from] Salt Cure\n|-end|p2a: nowhere to go|move: Heal Block\n|upkeep\n|\n|t:|1776208519\n|switch|p1b: Snorlax|Snorlax, L50, M|100/100\n|turn|3\n|\n|t:|1776208535\n|move|p2a: nowhere to go|Life Dew||[still]|[spread] p2a,p2b\n|-heal|p2a: nowhere to go|71/100\n|-fail|p2b: jelly baby|heal\n|move|p1a: Farigiraf|Psychic Noise|p2a: nowhere to go\n|-damage|p2a: nowhere to go|37/100\n|-start|p2a: nowhere to go|move: Heal Block\n|move|p1b: Snorlax|Belly Drum|p1b: Snorlax\n|-damage|p1b: Snorlax|51/100\n|-setboost|p1b: Snorlax|atk|6|[from] move: Belly Drum\n|move|p2b: jelly baby|Focus Blast|p1b: Snorlax|[miss]\n|-miss|p2b: jelly baby|p1b: Snorlax\n|\n|-damage|p2a: nowhere to go|31/100|[from] Salt Cure\n|upkeep\n|turn|4\n|\n|t:|1776208552\n|move|p2a: nowhere to go|Rage Powder|p2a: nowhere to go\n|-singleturn|p2a: nowhere to go|move: Rage Powder\n|move|p2b: jelly baby|Focus Blast|p1b: Snorlax\n|-supereffective|p1b: Snorlax|1\n|-crit|p1b: Snorlax\n|-damage|p1b: Snorlax|0 fnt\n|faint|p1b: Snorlax\n|move|p1a: Farigiraf|Trick Room|p1a: Farigiraf\n|-fieldstart|move: Trick Room|[of] p1a: Farigiraf\n|\n|-damage|p2a: nowhere to go|25/100|[from] Salt Cure\n|-end|p2a: nowhere to go|move: Heal Block\n|upkeep\n|\n|t:|1776208555\n|switch|p1b: Torkoal|Torkoal, L50, F|100/100\n|-weather|SunnyDay|[from] ability: Drought|[of] p1b: Torkoal\n|turn|5\n|-message|sir peepsalot forfeited.\n|\n|win|Astral Legionis\n|raw|sir peepsalot's rating: 1138 &rarr; <strong>1114</strong><br />(-24 for losing)\n|raw|Astral Legionis's rating: 1147 &rarr; <strong>1171</strong><br />(+24 for winning)\n|l|\u2606sir peepsalot\n|player|p1|\n",
  "uploadtime": 1776208563,
  "views": 21,
  "formatid": "gen9championsvgc2026regma",
  "rating": 1114,
  "private": 0,
  "password": null
}