{
  "id": "gen9championsvgc2026regma-2583118822",
  "format": "[Gen 9 Champions] VGC 2026 Reg M-A",
  "players": [
    "wash23",
    "Spare Me Goofy"
  ],
  "log": "|j|\u2606wash23\n|j|\u2606Spare Me Goofy\n|t:|1776144224\n|gametype|doubles\n|player|p1|wash23|corbeau|1148\n|player|p2|Spare Me Goofy|gambler|1143\n|gen|9\n|tier|[Gen 9 Champions] VGC 2026 Reg M-A\n|rated|\n|rule|Species Clause: Limit one of each Pok\u00e9mon\n|rule|Item Clause: Limit 1 of each item\n|clearpoke\n|poke|p1|Incineroar, L50, M|\n|poke|p1|Kingambit, L50, F|\n|poke|p1|Sneasler, L50, M|\n|poke|p1|Aerodactyl, L50, F|\n|poke|p1|Garchomp, L50, M|\n|poke|p1|Maushold, L50|\n|poke|p2|Pelipper, L50, F|\n|poke|p2|Blastoise, L50, M|\n|poke|p2|Sinistcha, L50|\n|poke|p2|Sneasler, L50, M|\n|poke|p2|Farigiraf, L50, F|\n|poke|p2|Meganium, L50, F|\n|teampreview|4\n|inactive|Battle timer is ON: inactive players will automatically lose when time's up. (requested by wash23)\nwash23 rejected open team sheets.\n|\n|t:|1776144241\n|teamsize|p1|4\n|teamsize|p2|4\n|start\n|switch|p1a: Aerodactyl|Aerodactyl, L50, F|100/100\n|switch|p1b: Garchomp|Garchomp, L50, M|100/100\n|switch|p2a: Sinistcha|Sinistcha, L50|100/100\n|switch|p2b: Blastoise|Blastoise, L50, M|100/100\n|-ability|p1a: Aerodactyl|Unnerve\n|turn|1\n|\n|t:|1776144258\n|detailschange|p1a: Aerodactyl|Aerodactyl-Mega, L50, F\n|-mega|p1a: Aerodactyl|Aerodactyl|Aerodactylite\n|detailschange|p2b: Blastoise|Blastoise-Mega, L50, M\n|-mega|p2b: Blastoise|Blastoise|Blastoisinite\n|move|p2a: Sinistcha|Rage Powder|p2a: Sinistcha\n|-singleturn|p2a: Sinistcha|move: Rage Powder\n|move|p1a: Aerodactyl|Tailwind|p1a: Aerodactyl\n|-sidestart|p1: wash23|move: Tailwind\n|move|p1b: Garchomp|Rock Slide|p2b: Blastoise|[spread] p2a,p2b\n|-damage|p2a: Sinistcha|83/100\n|-damage|p2b: Blastoise|83/100\n|move|p2b: Blastoise|Shell Smash|p2b: Blastoise\n|-unboost|p2b: Blastoise|def|1\n|-unboost|p2b: Blastoise|spd|1\n|-boost|p2b: Blastoise|atk|2\n|-boost|p2b: Blastoise|spa|2\n|-boost|p2b: Blastoise|spe|2\n|\n|-heal|p2a: Sinistcha|89/100|[from] item: Leftovers\n|upkeep\n|turn|2\n|inactive|Spare Me Goofy has 30 seconds left.\n|\n|t:|1776144286\n|move|p1b: Garchomp|Protect|p1b: Garchomp\n|-singleturn|p1b: Garchomp|Protect\n|move|p2a: Sinistcha|Rage Powder|p2a: Sinistcha\n|-singleturn|p2a: Sinistcha|move: Rage Powder\n|move|p1a: Aerodactyl|Dual Wingbeat|p2a: Sinistcha\n|-supereffective|p2a: Sinistcha|1\n|-damage|p2a: Sinistcha|35/100\n|-supereffective|p2a: Sinistcha|1\n|-damage|p2a: Sinistcha|0 fnt\n|faint|p2a: Sinistcha\n|-hitcount|p2: Sinistcha|2\n|move|p2b: Blastoise|Water Pulse|p1a: Aerodactyl\n|-supereffective|p1a: Aerodactyl|1\n|-damage|p1a: Aerodactyl|0 fnt\n|faint|p1a: Aerodactyl\n|\n|upkeep\n|\n|t:|1776144301\n|switch|p1a: Sneasler|Sneasler, L50, M|100/100\n|switch|p2a: Pelipper|Pelipper, L50, F|100/100\n|-weather|RainDance|[from] ability: Drizzle|[of] p2a: Pelipper\n|turn|3\n|\n|t:|1776144320\n|switch|p2a: Farigiraf|Farigiraf, L50, F|100/100\n|move|p1a: Sneasler|Close Combat|p2b: Blastoise\n|-damage|p2b: Blastoise|0 fnt\n|-unboost|p1a: Sneasler|def|1\n|-unboost|p1a: Sneasler|spd|1\n|faint|p2b: Blastoise\n|-enditem|p1a: Sneasler|White Herb\n|-clearnegativeboost|p1a: Sneasler|[silent]\n|move|p1b: Garchomp|Rock Slide|p2a: Farigiraf\n|-damage|p2a: Farigiraf|68/100\n|\n|-weather|RainDance|[upkeep]\n|upkeep\n|\n|t:|1776144334\n|switch|p2b: Pelipper|Pelipper, L50, F|100/100\n|turn|4\n|\n|t:|1776144339\n|move|p2b: Pelipper|Protect|p2b: Pelipper\n|-singleturn|p2b: Pelipper|Protect\n|move|p1a: Sneasler|Close Combat|p2a: Farigiraf\n|-damage|p2a: Farigiraf|0 fnt\n|-unboost|p1a: Sneasler|def|1\n|-unboost|p1a: Sneasler|spd|1\n|faint|p2a: Farigiraf\n|move|p1b: Garchomp|Rock Slide|p2b: Pelipper\n|-activate|p2b: Pelipper|move: Protect\n|\n|-weather|RainDance|[upkeep]\n|-sideend|p1: wash23|move: Tailwind\n|upkeep\n|turn|5\n|-message|Spare Me Goofy forfeited.\n|\n|win|wash23\n|raw|wash23's rating: 1148 &rarr; <strong>1173</strong><br />(+25 for winning)\n|raw|Spare Me Goofy's rating: 1143 &rarr; <strong>1118</strong><br />(-25 for losing)\n|l|\u2606Spare Me Goofy\n|player|p2|\n",
  "uploadtime": 1776144347,
  "views": 16,
  "formatid": "gen9championsvgc2026regma",
  "rating": 1118,
  "private": 0,
  "password": null
}