{
  "id": "gen9championsvgc2026regma-2584616157",
  "format": "[Gen 9 Champions] VGC 2026 Reg M-A",
  "players": [
    "ernozo",
    "100PctMareepWool"
  ],
  "log": "|j|\u2606ernozo\n|j|\u2606100PctMareepWool\n|t:|1776272321\n|gametype|doubles\n|player|p1|ernozo|102|1076\n|player|p2|100PctMareepWool|elesa|1081\n|gen|9\n|tier|[Gen 9 Champions] VGC 2026 Reg M-A\n|rated|\n|rule|Species Clause: Limit one of each Pok\u00e9mon\n|rule|Item Clause: Limit 1 of each item\n|clearpoke\n|poke|p1|Chandelure, L50, F|\n|poke|p1|Maushold, L50|\n|poke|p1|Whimsicott, L50, F|\n|poke|p1|Aerodactyl, L50, F|\n|poke|p1|Torkoal, L50, F|\n|poke|p1|Orthworm, L50, M|\n|poke|p2|Tyranitar, L50, M|\n|poke|p2|Gardevoir, L50, M|\n|poke|p2|Gyarados, L50, M|\n|poke|p2|Excadrill, L50, F|\n|poke|p2|Sinistcha, L50|\n|poke|p2|Rotom-Heat, L50|\n|teampreview|4\nernozo rejected open team sheets.\n|inactive|Battle timer is ON: inactive players will automatically lose when time's up. (requested by ernozo)\n|\n|t:|1776272349\n|teamsize|p1|4\n|teamsize|p2|4\n|start\n|switch|p1a: Whimsicott|Whimsicott, L50, F|100/100\n|switch|p1b: Orthworm|Orthworm, L50, M|100/100\n|switch|p2a: Rotom|Rotom-Heat, L50|100/100\n|switch|p2b: Excadrill|Excadrill, L50, F|100/100\n|turn|1\n|\n|t:|1776272370\n|move|p1a: Whimsicott|Tailwind|p1a: Whimsicott\n|-sidestart|p1: ernozo|move: Tailwind\n|move|p2a: Rotom|Overheat|p1b: Orthworm\n|-supereffective|p1b: Orthworm|1\n|-damage|p1b: Orthworm|0 fnt\n|-unboost|p2a: Rotom|spa|2\n|faint|p1b: Orthworm\n|move|p2b: Excadrill|Iron Head|p1a: Whimsicott\n|-supereffective|p1a: Whimsicott|1\n|-enditem|p1a: Whimsicott|Focus Sash\n|-damage|p1a: Whimsicott|1/100\n|\n|upkeep\n|\n|t:|1776272382\n|switch|p1b: Chandelure|Chandelure, L50, F|100/100\n|turn|2\n|\n|t:|1776272388\n|switch|p2a: Tyranitar|Tyranitar, L50, M|100/100\n|-weather|Sandstorm|[from] ability: Sand Stream|[of] p2a: Tyranitar\n|detailschange|p1b: Chandelure|Chandelure-Mega, L50, F\n|-mega|p1b: Chandelure|Chandelure|Chandelurite\n|move|p2b: Excadrill|Protect|p2b: Excadrill\n|-singleturn|p2b: Excadrill|Protect\n|move|p1a: Whimsicott|Sunny Day|p1a: Whimsicott\n|-weather|SunnyDay\n|move|p1b: Chandelure|Heat Wave|p2b: Excadrill|[spread] p2a\n|-activate|p2b: Excadrill|move: Protect\n|-resisted|p2a: Tyranitar|1\n|-damage|p2a: Tyranitar|62/100\n|\n|-weather|SunnyDay|[upkeep]\n|upkeep\n|turn|3\n|inactive|100PctMareepWool has 30 seconds left.\n|inactive|100PctMareepWool has 20 seconds left.\n|inactive|100PctMareepWool has 15 seconds left.\n|inactive|100PctMareepWool has 10 seconds left.\n|\n|t:|1776272434\n|switch|p2a: Rotom|Rotom-Heat, L50|100/100\n|move|p1a: Whimsicott|Moonblast|p2a: Rotom\n|-resisted|p2a: Rotom|1\n|-damage|p2a: Rotom|79/100\n|move|p1b: Chandelure|Heat Wave|p2a: Rotom|[spread] p2a,p2b\n|-resisted|p2a: Rotom|1\n|-supereffective|p2b: Excadrill|1\n|-damage|p2a: Rotom|36/100\n|-enditem|p2b: Excadrill|Focus Sash\n|-damage|p2b: Excadrill|1/100\n|move|p2b: Excadrill|Earthquake|p1b: Chandelure|[spread] p1a,p1b\n|-immune|p2a: Rotom|[from] ability: Levitate\n|-resisted|p1a: Whimsicott|1\n|-supereffective|p1b: Chandelure|1\n|-damage|p1a: Whimsicott|0 fnt\n|-damage|p1b: Chandelure|31/100\n|faint|p1a: Whimsicott\n|\n|-weather|SunnyDay|[upkeep]\n|upkeep\n|\n|t:|1776272451\n|switch|p1a: Aerodactyl|Aerodactyl, L50, F|100/100\n|-ability|p1a: Aerodactyl|Unnerve\n|turn|4\n|\n|t:|1776272468\n|move|p2b: Excadrill|Protect|p2b: Excadrill\n|-singleturn|p2b: Excadrill|Protect\n|move|p1a: Aerodactyl|Wide Guard|p1a: Aerodactyl\n|-singleturn|p1a: Aerodactyl|Wide Guard\n|move|p1b: Chandelure|Heat Wave|p2b: Excadrill|[spread] p2a\n|-activate|p2b: Excadrill|move: Protect\n|-resisted|p2a: Rotom|1\n|-damage|p2a: Rotom|0 fnt\n|faint|p2a: Rotom\n|\n|-weather|SunnyDay|[upkeep]\n|-sideend|p1: ernozo|move: Tailwind\n|upkeep\n|\n|t:|1776272482\n|switch|p2a: Tyranitar|Tyranitar, L50, M|62/100\n|-weather|Sandstorm|[from] ability: Sand Stream|[of] p2a: Tyranitar\n|turn|5\n|\n|t:|1776272504\n|detailschange|p2a: Tyranitar|Tyranitar-Mega, L50, M\n|-mega|p2a: Tyranitar|Tyranitar|Tyranitarite\n|move|p1b: Chandelure|Protect|p1b: Chandelure\n|-singleturn|p1b: Chandelure|Protect\n|move|p2b: Excadrill|Iron Head|p1a: Aerodactyl\n|-supereffective|p1a: Aerodactyl|1\n|-damage|p1a: Aerodactyl|0 fnt\n|faint|p1a: Aerodactyl\n|move|p2a: Tyranitar|Dragon Dance|p2a: Tyranitar\n|-boost|p2a: Tyranitar|atk|1\n|-boost|p2a: Tyranitar|spe|1\n|\n|-weather|Sandstorm|[upkeep]\n|-damage|p1b: Chandelure|26/100|[from] Sandstorm\n|upkeep\n|turn|6\n|-message|ernozo forfeited.\n|\n|win|100PctMareepWool\n|raw|ernozo's rating: 1076 &rarr; <strong>1055</strong><br />(-21 for losing)\n|raw|100PctMareepWool's rating: 1081 &rarr; <strong>1108</strong><br />(+27 for winning)\n|l|\u2606ernozo\n|player|p1|\n",
  "uploadtime": 1776272521,
  "views": 18,
  "formatid": "gen9championsvgc2026regma",
  "rating": 1055,
  "private": 0,
  "password": null
}