{
  "id": "gen9championsvgc2026regma-2587283731",
  "format": "[Gen 9 Champions] VGC 2026 Reg M-A",
  "players": [
    "irisirisiris",
    "RacoonBitch69"
  ],
  "log": "|j|\u2606irisirisiris\n|j|\u2606RacoonBitch69\n|t:|1776518146\n|gametype|doubles\n|player|p1|irisirisiris|169|1155\n|player|p2|RacoonBitch69|266|1229\n|gen|9\n|tier|[Gen 9 Champions] VGC 2026 Reg M-A\n|rated|\n|rule|Species Clause: Limit one of each Pok\u00e9mon\n|rule|Item Clause: Limit 1 of each item\n|clearpoke\n|poke|p1|Lopunny, L50, F|\n|poke|p1|Maushold-Four, L50|\n|poke|p1|Tyranitar, L50, M|\n|poke|p1|Delphox, L50, F|\n|poke|p1|Excadrill, L50, F|\n|poke|p1|Dragonite, L50, M|\n|poke|p2|Hawlucha, L50, F, shiny|\n|poke|p2|Snorlax, L50, M|\n|poke|p2|Sinistcha, L50|\n|poke|p2|Incineroar, L50, M|\n|poke|p2|Floette-Eternal, L50, F|\n|poke|p2|Rotom-Wash, L50|\n|teampreview|4\n|inactive|Battle timer is ON: inactive players will automatically lose when time's up. (requested by irisirisiris)\n|\n|t:|1776518225\n|teamsize|p1|4\n|teamsize|p2|4\n|start\n|switch|p1a: Tyranitar|Tyranitar, L50, M|100/100\n|switch|p1b: Excadrill|Excadrill, L50, F|100/100\n|switch|p2a: Floette|Floette-Eternal, L50, F|100/100\n|switch|p2b: Sinistcha|Sinistcha, L50|100/100\n|-weather|Sandstorm|[from] ability: Sand Stream|[of] p1a: Tyranitar\n|turn|1\n|\n|t:|1776518237\n|detailschange|p2a: Floette|Floette-Mega, L50, F\n|-mega|p2a: Floette|Floette|Floettite\n|-ability|p2a: Floette|Fairy Aura\n|move|p1b: Excadrill|Protect|p1b: Excadrill\n|-singleturn|p1b: Excadrill|Protect\n|move|p2a: Floette|Protect|p2a: Floette\n|-singleturn|p2a: Floette|Protect\n|move|p1a: Tyranitar|Knock Off|p2b: Sinistcha\n|-supereffective|p2b: Sinistcha|1\n|-damage|p2b: Sinistcha|6/100\n|-enditem|p2b: Sinistcha|Sitrus Berry|[from] move: Knock Off|[of] p1a: Tyranitar\n|move|p2b: Sinistcha|Trick Room|p2b: Sinistcha\n|-fieldstart|move: Trick Room|[of] p2b: Sinistcha\n|\n|-weather|Sandstorm|[upkeep]\n|-damage|p2b: Sinistcha|0 fnt|[from] Sandstorm\n|-damage|p2a: Floette|94/100|[from] Sandstorm\n|faint|p2b: Sinistcha\n|upkeep\n|inactive|RacoonBitch69 has 30 seconds left.\n|\n|t:|1776518271\n|switch|p2b: Incineroar|Incineroar, L50, M|100/100\n|-ability|p2b: Incineroar|Intimidate|boost\n|-unboost|p1a: Tyranitar|atk|1\n|-unboost|p1b: Excadrill|atk|1\n|turn|2\n|\n|t:|1776518285\n|move|p1b: Excadrill|Protect||[still]\n|-fail|p1b: Excadrill\n|move|p2b: Incineroar|Fake Out|p1b: Excadrill\n|-resisted|p1b: Excadrill|1\n|-damage|p1b: Excadrill|93/100\n|move|p2a: Floette|Dazzling Gleam|p1a: Tyranitar|[spread] p1a,p1b\n|-supereffective|p1a: Tyranitar|1\n|-resisted|p1b: Excadrill|1\n|-damage|p1a: Tyranitar|39/100\n|-damage|p1b: Excadrill|59/100\n|move|p1a: Tyranitar|Knock Off|p2b: Incineroar\n|-resisted|p2b: Incineroar|1\n|-damage|p2b: Incineroar|85/100\n|-enditem|p2b: Incineroar|Passho Berry|[from] move: Knock Off|[of] p1a: Tyranitar\n|\n|-weather|Sandstorm|[upkeep]\n|-damage|p2b: Incineroar|79/100|[from] Sandstorm\n|-damage|p2a: Floette|88/100|[from] Sandstorm\n|upkeep\n|turn|3\n|\n|t:|1776518307\n|move|p2b: Incineroar|Flare Blitz|p1b: Excadrill\n|-supereffective|p1b: Excadrill|1\n|-damage|p1b: Excadrill|0 fnt\n|faint|p1b: Excadrill\n|-damage|p2b: Incineroar|61/100|[from] Recoil\n|move|p2a: Floette|Dazzling Gleam|p1a: Tyranitar\n|-supereffective|p1a: Tyranitar|1\n|-damage|p1a: Tyranitar|0 fnt\n|faint|p1a: Tyranitar\n|\n|-weather|Sandstorm|[upkeep]\n|-damage|p2b: Incineroar|55/100|[from] Sandstorm\n|-damage|p2a: Floette|82/100|[from] Sandstorm\n|upkeep\n|\n|t:|1776518312\n|switch|p1a: Dragonite|Dragonite, L50, M|100/100\n|switch|p1b: Lopunny|Lopunny, L50, F|100/100\n|turn|4\n|inactive|RacoonBitch69 has 30 seconds left.\n|\n|t:|1776518347\n|detailschange|p1b: Lopunny|Lopunny-Mega, L50, F\n|-mega|p1b: Lopunny|Lopunny|Lopunnite\n|move|p1b: Lopunny|Fake Out|p2a: Floette\n|-damage|p2a: Floette|57/100\n|move|p2b: Incineroar|Parting Shot|p1b: Lopunny\n|-unboost|p1b: Lopunny|atk|1\n|-unboost|p1b: Lopunny|spa|1\n|\n|t:|1776518354\n|switch|p2b: Hawlucha|Hawlucha, L50, F, shiny|100/100|[from] Parting Shot\n|move|p1a: Dragonite|Low Kick|p2b: Hawlucha\n|-resisted|p2b: Hawlucha|1\n|-damage|p2b: Hawlucha|91/100\n|cant|p2a: Floette|flinch\n|\n|-weather|Sandstorm|[upkeep]\n|-damage|p1a: Dragonite|94/100|[from] Sandstorm\n|-damage|p2a: Floette|51/100|[from] Sandstorm\n|-damage|p2b: Hawlucha|85/100|[from] Sandstorm\n|-damage|p1b: Lopunny|95/100|[from] Sandstorm\n|upkeep\n|turn|5\n|inactive|RacoonBitch69 has 30 seconds left.\n|\n|t:|1776518381\n|move|p1b: Lopunny|Protect|p1b: Lopunny\n|-singleturn|p1b: Lopunny|Protect\n|move|p1a: Dragonite|Iron Head|p2a: Floette\n|-supereffective|p2a: Floette|1\n|-damage|p2a: Floette|0 fnt\n|faint|p2a: Floette\n|move|p2b: Hawlucha|Close Combat|p1b: Lopunny\n|-activate|p1b: Lopunny|move: Protect\n|\n|-weather|none\n|-fieldend|move: Trick Room\n|upkeep\n|\n|t:|1776518390\n|switch|p2a: Incineroar|Incineroar, L50, M|55/100\n|-ability|p2a: Incineroar|Intimidate|boost\n|-fail|p1a: Dragonite|unboost|Attack|[from] ability: Inner Focus|[of] p1a: Dragonite\n|-fail|p1b: Lopunny|unboost|Attack|[from] ability: Scrappy|[of] p1b: Lopunny\n|turn|6\n|\n|t:|1776518412\n|move|p1b: Lopunny|Encore|p2b: Hawlucha\n|-start|p2b: Hawlucha|Encore\n|move|p2b: Hawlucha|Close Combat|p1b: Lopunny\n|-supereffective|p1b: Lopunny|1\n|-damage|p1b: Lopunny|0 fnt\n|-unboost|p2b: Hawlucha|def|1\n|-unboost|p2b: Hawlucha|spd|1\n|faint|p1b: Lopunny\n|move|p1a: Dragonite|Low Kick|p2a: Incineroar\n|-supereffective|p2a: Incineroar|1\n|-damage|p2a: Incineroar|3/100\n|move|p2a: Incineroar|Parting Shot|p1a: Dragonite\n|-unboost|p1a: Dragonite|atk|1\n|-unboost|p1a: Dragonite|spa|1\n|\n|upkeep\n|turn|7\n|\n|t:|1776518432\n|move|p2b: Hawlucha|Close Combat|p1a: Dragonite\n|-resisted|p1a: Dragonite|1\n|-damage|p1a: Dragonite|76/100\n|-unboost|p2b: Hawlucha|def|1\n|-unboost|p2b: Hawlucha|spd|1\n|move|p1a: Dragonite|Low Kick|p2a: Incineroar\n|-supereffective|p2a: Incineroar|1\n|-damage|p2a: Incineroar|0 fnt\n|faint|p2a: Incineroar\n|\n|upkeep\n|turn|8\n|\n|t:|1776518442\n|move|p2b: Hawlucha|Close Combat|p1a: Dragonite\n|-resisted|p1a: Dragonite|1\n|-damage|p1a: Dragonite|57/100\n|-unboost|p2b: Hawlucha|def|1\n|-unboost|p2b: Hawlucha|spd|1\n|move|p1a: Dragonite|Scale Shot|p2b: Hawlucha\n|-damage|p2b: Hawlucha|56/100\n|-damage|p2b: Hawlucha|27/100\n|-hitcount|p2b: Hawlucha|2\n|-unboost|p1a: Dragonite|def|1\n|-boost|p1a: Dragonite|spe|1\n|\n|-end|p2b: Hawlucha|Encore\n|upkeep\n|turn|9\n|\n|t:|1776518457\n|move|p2b: Hawlucha|Brave Bird|p1a: Dragonite\n|-damage|p1a: Dragonite|0 fnt\n|faint|p1a: Dragonite\n|-damage|p2b: Hawlucha|7/100|[from] Recoil\n|\n|win|RacoonBitch69\n|raw|irisirisiris's rating: 1185 &rarr; <strong>1163</strong><br />(-22 for losing)\n|raw|RacoonBitch69's rating: 1229 &rarr; <strong>1251</strong><br />(+22 for winning)\n|c|\u2606irisirisiris|I feel robbed but gg nonetheless\n|c|\u2606irisirisiris|Robbed of my loaded dice in the new item pool mostly\n|l|\u2606RacoonBitch69\n|player|p2|\n",
  "uploadtime": 1776518536,
  "views": 28,
  "formatid": "gen9championsvgc2026regma",
  "rating": 1163,
  "private": 0,
  "password": null
}