{
  "id": "gen9championsvgc2026regma-2588613405",
  "format": "[Gen 9 Champions] VGC 2026 Reg M-A",
  "players": [
    "aroswing",
    "l1femocksart"
  ],
  "log": "|j|\u2606aroswing\n|j|\u2606l1femocksart\n|t:|1776650155\n|gametype|doubles\n|player|p1|aroswing|marnie|1224\n|player|p2|l1femocksart|102|1121\n|gen|9\n|tier|[Gen 9 Champions] VGC 2026 Reg M-A\n|rated|\n|rule|Species Clause: Limit one of each Pok\u00e9mon\n|rule|Item Clause: Limit 1 of each item\n|clearpoke\n|poke|p1|Toxicroak, L50, M|\n|poke|p1|Pelipper, L50, M|\n|poke|p1|Blastoise, L50, M|\n|poke|p1|Sinistcha, L50|\n|poke|p1|Archaludon, L50, M|\n|poke|p1|Dragonite, L50, F|\n|poke|p2|Meganium, L50, M|\n|poke|p2|Pelipper, L50, M|\n|poke|p2|Scizor, L50, M|\n|poke|p2|Garchomp, L50, M|\n|poke|p2|Farigiraf, L50, M|\n|poke|p2|Gyarados, L50, M|\n|teampreview|4\n|inactive|Battle timer is ON: inactive players will automatically lose when time's up. (requested by aroswing)\n|inactive|aroswing has 60 seconds left.\n|inactive|l1femocksart has 60 seconds left.\n|\n|t:|1776650205\n|teamsize|p1|4\n|teamsize|p2|4\n|start\n|switch|p1a: Dragonite|Dragonite, L50, F|100/100\n|switch|p1b: Toxicroak|Toxicroak, L50, M|100/100\n|switch|p2a: Farigiraf|Farigiraf, L50, M|100/100\n|switch|p2b: Garchomp|Garchomp, L50, M|100/100\n|turn|1\n|inactive|aroswing has 30 seconds left.\n|\n|t:|1776650239\n|detailschange|p1a: Dragonite|Dragonite-Mega, L50, F\n|-mega|p1a: Dragonite|Dragonite|Dragoninite\n|move|p1b: Toxicroak|Protect|p1b: Toxicroak\n|-singleturn|p1b: Toxicroak|Protect\n|move|p2b: Garchomp|Dragon Claw|p1a: Dragonite\n|-supereffective|p1a: Dragonite|1\n|-damage|p1a: Dragonite|57/100\n|move|p1a: Dragonite|Tailwind|p1a: Dragonite\n|-sidestart|p1: aroswing|move: Tailwind\n|move|p2a: Farigiraf|Hyper Voice|p1b: Toxicroak|[spread] p1a\n|-activate|p1b: Toxicroak|move: Protect\n|-crit|p1a: Dragonite\n|-damage|p1a: Dragonite|23/100\n|\n|upkeep\n|turn|2\n|\n|t:|1776650263\n|switch|p2b: Scizor|Scizor, L50, M|100/100\n|move|p1a: Dragonite|Draco Meteor|p2a: Farigiraf\n|-damage|p2a: Farigiraf|38/100\n|-unboost|p1a: Dragonite|spa|2\n|-enditem|p2a: Farigiraf|Sitrus Berry|[eat]\n|-heal|p2a: Farigiraf|63/100|[from] item: Sitrus Berry\n|move|p1b: Toxicroak|Close Combat|p2a: Farigiraf\n|-damage|p2a: Farigiraf|2/100\n|-unboost|p1b: Toxicroak|def|1\n|-unboost|p1b: Toxicroak|spd|1\n|-enditem|p1b: Toxicroak|White Herb\n|-clearnegativeboost|p1b: Toxicroak|[silent]\n|move|p2a: Farigiraf|Trick Room|p2a: Farigiraf\n|-fieldstart|move: Trick Room|[of] p2a: Farigiraf\n|\n|upkeep\n|turn|3\n|inactive|aroswing has 30 seconds left.\n|\n|t:|1776650291\n|switch|p1b: Archaludon|Archaludon, L50, M|100/100\n|move|p1a: Dragonite|Protect|p1a: Dragonite\n|-singleturn|p1a: Dragonite|Protect\n|move|p2a: Farigiraf|Hyper Voice|p1a: Dragonite|[spread] p1b\n|-activate|p1a: Dragonite|move: Protect\n|-resisted|p1b: Archaludon|1\n|-damage|p1b: Archaludon|81/100\n|move|p2b: Scizor|Swords Dance|p2b: Scizor\n|-boost|p2b: Scizor|atk|2\n|\n|upkeep\n|turn|4\n|\n|t:|1776650311\n|switch|p1a: Pelipper|Pelipper, L50, M|100/100\n|-weather|RainDance|[from] ability: Drizzle|[of] p1a: Pelipper\n|move|p2a: Farigiraf|Protect|p2a: Farigiraf\n|-singleturn|p2a: Farigiraf|Protect\n|move|p2b: Scizor|Bullet Punch|p1a: Pelipper\n|-resisted|p1a: Pelipper|1\n|-damage|p1a: Pelipper|48/100\n|move|p1b: Archaludon|Electro Shot||[still]\n|-prepare|p1b: Archaludon|Electro Shot\n|-boost|p1b: Archaludon|spa|1\n|-anim|p1b: Archaludon|Electro Shot|p2a: Farigiraf\n|-activate|p2a: Farigiraf|move: Protect\n|\n|-weather|RainDance|[upkeep]\n|-sideend|p1: aroswing|move: Tailwind\n|upkeep\n|turn|5\n|\n|t:|1776650335\n|switch|p2a: Garchomp|Garchomp, L50, M|100/100\n|move|p2b: Scizor|Bullet Punch|p1a: Pelipper\n|-resisted|p1a: Pelipper|1\n|-damage|p1a: Pelipper|0 fnt\n|faint|p1a: Pelipper\n|move|p1b: Archaludon|Electro Shot||[still]\n|-prepare|p1b: Archaludon|Electro Shot\n|-boost|p1b: Archaludon|spa|1\n|-anim|p1b: Archaludon|Electro Shot|p2b: Scizor\n|-damage|p2b: Scizor|0 fnt\n|faint|p2b: Scizor\n|\n|-weather|RainDance|[upkeep]\n|upkeep\n|\n|t:|1776650358\n|switch|p2b: Farigiraf|Farigiraf, L50, M|2/100\n|switch|p1a: Dragonite|Dragonite-Mega, L50, F|23/100\n|turn|6\n|inactive|l1femocksart has 30 seconds left.\n|\n|t:|1776650384\n|switch|p2a: Meganium|Meganium, L50, M|100/100\n|move|p2b: Farigiraf|Hyper Voice|p1b: Archaludon|[spread] p1a,p1b\n|-resisted|p1b: Archaludon|1\n|-damage|p1a: Dragonite|0 fnt\n|-damage|p1b: Archaludon|58/100\n|faint|p1a: Dragonite\n|move|p1b: Archaludon|Electro Shot||[still]\n|-prepare|p1b: Archaludon|Electro Shot\n|-boost|p1b: Archaludon|spa|1\n|-anim|p1b: Archaludon|Electro Shot|p2b: Farigiraf\n|-damage|p2b: Farigiraf|0 fnt\n|faint|p2b: Farigiraf\n|\n|-weather|RainDance|[upkeep]\n|-fieldend|move: Trick Room\n|upkeep\n|\n|t:|1776650396\n|switch|p1a: Toxicroak|Toxicroak, L50, M|100/100\n|switch|p2b: Garchomp|Garchomp, L50, M|100/100\n|turn|7\n|\n|t:|1776650412\n|move|p2a: Meganium|Protect|p2a: Meganium\n|-singleturn|p2a: Meganium|Protect\n|move|p1a: Toxicroak|Fake Out|p2b: Garchomp\n|-damage|p2b: Garchomp|87/100\n|-damage|p1a: Toxicroak|88/100|[from] ability: Rough Skin|[of] p2b: Garchomp\n|cant|p2b: Garchomp|flinch\n|move|p1b: Archaludon|Draco Meteor|p2b: Garchomp\n|-supereffective|p2b: Garchomp|1\n|-damage|p2b: Garchomp|0 fnt\n|-unboost|p1b: Archaludon|spa|2\n|faint|p2b: Garchomp\n|\n|-weather|RainDance|[upkeep]\n|-heal|p1a: Toxicroak|100/100|[from] ability: Dry Skin\n|upkeep\n|turn|8\n|\n|t:|1776650428\n|detailschange|p2a: Meganium|Meganium-Mega, L50, M\n|-mega|p2a: Meganium|Meganium|Meganiumite\n|move|p1b: Archaludon|Flash Cannon|p2a: Meganium\n|-supereffective|p2a: Meganium|1\n|-damage|p2a: Meganium|9/100\n|move|p1a: Toxicroak|Cross Poison|p2a: Meganium\n|-supereffective|p2a: Meganium|2\n|-damage|p2a: Meganium|0 fnt\n|faint|p2a: Meganium\n|\n|win|aroswing\n|raw|aroswing's rating: 1224 &rarr; <strong>1242</strong><br />(+18 for winning)\n|raw|l1femocksart's rating: 1121 &rarr; <strong>1103</strong><br />(-18 for losing)\n|l|\u2606l1femocksart\n|player|p2|\n",
  "uploadtime": 1776650437,
  "views": 8,
  "formatid": "gen9championsvgc2026regma",
  "rating": 1103,
  "private": 0,
  "password": null
}