{
  "id": "gen9championsvgc2026regma-2588882604",
  "format": "[Gen 9 Champions] VGC 2026 Reg M-A",
  "players": [
    "CTGLDOISBACKW",
    "Idkanygoodteams1"
  ],
  "log": "|j|\u2606CTGLDOISBACKW\n|j|\u2606Idkanygoodteams1\n|html|<table width=\"100%\"><tr><td align=\"left\">CTGLDOISBACKW</td><td align=\"right\">Idkanygoodteams1</tr><tr><td align=\"left\"><i class=\"fa fa-circle-o\"></i> <i class=\"fa fa-circle-o\"></i> </td><td align=\"right\"><i class=\"fa fa-circle-o\"></i> <i class=\"fa fa-circle\"></i> </tr></table>\n|uhtml|bestof|<h2><strong>Game 2</strong> of <a href=\"/game-bestof3-gen9championsvgc2026regma-2588880412\">a best-of-3</a></h2>\n|t:|1776682059\n|gametype|doubles\n|player|p1|CTGLDOISBACKW|101|\n|player|p2|Idkanygoodteams1|unknown|\n|gen|9\n|tier|[Gen 9 Champions] VGC 2026 Reg M-A\n|rule|Species Clause: Limit one of each Pok\u00e9mon\n|rule|Item Clause: Limit 1 of each item\n|raw|<div class=\"infobox\"><details class=\"readmore\" open><summary><strong>1 custom rule:</strong></summary> Best of = 3</details></div>\n|clearpoke\n|poke|p1|Meganium, L50, M|\n|poke|p1|Kingambit, L50, M|\n|poke|p1|Kangaskhan, L50, F|\n|poke|p1|Torkoal, L50, M|\n|poke|p1|Farigiraf, L50, F|\n|poke|p1|Hawlucha, L50, M|\n|poke|p2|Tyranitar, L50, M|\n|poke|p2|Excadrill, L50, M|\n|poke|p2|Meganium, L50, F|\n|poke|p2|Arcanine, L50, M|\n|poke|p2|Gengar, L50, M|\n|poke|p2|Whimsicott, L50, F|\n|teampreview|4\n|inactive|Battle timer is ON: inactive players will automatically lose when time's up. (requested by Idkanygoodteams1)\n|\n|t:|1776682091\n|teamsize|p1|4\n|teamsize|p2|4\n|start\n|switch|p1a: Kangaskhan|Kangaskhan, L50, F|100/100\n|switch|p1b: Meganium|Meganium, L50, M|100/100\n|switch|p2a: Whimsicott|Whimsicott, L50, F|100/100\n|switch|p2b: Tyranitar|Tyranitar, L50, M|100/100\n|-weather|Sandstorm|[from] ability: Sand Stream|[of] p2b: Tyranitar\n|turn|1\n|\n|t:|1776682113\n|move|p1a: Kangaskhan|Fake Out|p2a: Whimsicott\n|-crit|p2a: Whimsicott\n|-damage|p2a: Whimsicott|65/100\n|cant|p2a: Whimsicott|flinch\n|move|p1b: Meganium|Dazzling Gleam|p2b: Tyranitar|[spread] p2b\n|-miss|p1b: Meganium|p2a: Whimsicott\n|-supereffective|p2b: Tyranitar|1\n|-damage|p2b: Tyranitar|82/100\n|move|p2b: Tyranitar|Stone Edge|p1a: Kangaskhan\n|-damage|p1a: Kangaskhan|46/100\n|\n|-weather|Sandstorm|[upkeep]\n|-damage|p2a: Whimsicott|59/100|[from] Sandstorm\n|-damage|p1b: Meganium|95/100|[from] Sandstorm\n|-damage|p1a: Kangaskhan|40/100|[from] Sandstorm\n|-heal|p2b: Tyranitar|88/100|[from] item: Leftovers\n|upkeep\n|turn|2\n|inactive|CTGLDOISBACKW has 30 seconds left.\n|\n|t:|1776682146\n|detailschange|p1a: Kangaskhan|Kangaskhan-Mega, L50, F\n|-mega|p1a: Kangaskhan|Kangaskhan|Kangaskhanite\n|move|p2a: Whimsicott|Encore|p1a: Kangaskhan\n|-start|p1a: Kangaskhan|Encore\n|move|p1a: Kangaskhan|Fake Out||[still]\n|-hint|Fake Out only works on your first turn out.\n|-fail|p1a: Kangaskhan\n|move|p1b: Meganium|Dazzling Gleam|p2a: Whimsicott|[spread] p2a,p2b\n|-supereffective|p2b: Tyranitar|1\n|-damage|p2a: Whimsicott|33/100\n|-damage|p2b: Tyranitar|70/100\n|move|p2b: Tyranitar|Stone Edge|p1b: Meganium\n|-damage|p1b: Meganium|40/100\n|\n|-weather|Sandstorm|[upkeep]\n|-damage|p2a: Whimsicott|28/100|[from] Sandstorm\n|-damage|p1b: Meganium|35/100|[from] Sandstorm\n|-damage|p1a: Kangaskhan|34/100|[from] Sandstorm\n|-heal|p2b: Tyranitar|75/100|[from] item: Leftovers\n|upkeep\n|turn|3\n|inactive|Idkanygoodteams1 has 30 seconds left.\n|\n|t:|1776682178\n|switch|p1a: Torkoal|Torkoal, L50, M|100/100\n|-weather|SunnyDay|[from] ability: Drought|[of] p1a: Torkoal\n|move|p2a: Whimsicott|Tailwind|p2a: Whimsicott\n|-sidestart|p2: Idkanygoodteams1|move: Tailwind\n|move|p2b: Tyranitar|Stone Edge|p1a: Torkoal\n|-supereffective|p1a: Torkoal|1\n|-damage|p1a: Torkoal|16/100\n|move|p1b: Meganium|Solar Beam||[still]\n|-prepare|p1b: Meganium|Solar Beam\n|-anim|p1b: Meganium|Solar Beam|p2b: Tyranitar\n|-supereffective|p2b: Tyranitar|1\n|-damage|p2b: Tyranitar|0 fnt\n|faint|p2b: Tyranitar\n|\n|-weather|SunnyDay|[upkeep]\n|upkeep\n|\n|t:|1776682190\n|switch|p2b: Excadrill|Excadrill, L50, M|100/100\n|turn|4\n|\n|t:|1776682209\n|move|p1a: Torkoal|Protect|p1a: Torkoal\n|-singleturn|p1a: Torkoal|Protect\n|move|p2a: Whimsicott|Moonblast|p1b: Meganium\n|-damage|p1b: Meganium|0 fnt\n|faint|p1b: Meganium\n|move|p2b: Excadrill|Earthquake|p1a: Torkoal|[spread] p2a\n|-activate|p1a: Torkoal|move: Protect\n|-resisted|p2a: Whimsicott|1\n|-damage|p2a: Whimsicott|0 fnt\n|faint|p2a: Whimsicott\n|\n|-weather|SunnyDay|[upkeep]\n|upkeep\n|\n|t:|1776682220\n|switch|p2a: Gengar|Gengar, L50, M|100/100\n|switch|p1b: Kangaskhan|Kangaskhan-Mega, L50, F|34/100\n|turn|5\n|l|\u2606CTGLDOISBACKW\n|inactive|CTGLDOISBACKW disconnected and has 300 seconds to reconnect!\n|player|p1|\n|inactive|CTGLDOISBACKW has 270 seconds to reconnect!\n|inactive|CTGLDOISBACKW has 240 seconds to reconnect!\n|inactive|CTGLDOISBACKW has 210 seconds to reconnect!\n|inactive|CTGLDOISBACKW has 180 seconds to reconnect!\n|j|\u2606CTGLDOISBACKW\n|inactive|CTGLDOISBACKW reconnected and has 40 seconds left.\n|player|p1|CTGLDOISBACKW|101|\n|inactive|CTGLDOISBACKW has 30 seconds left.\n|\n|t:|1776682377\n|detailschange|p2a: Gengar|Gengar-Mega, L50, M\n|-mega|p2a: Gengar|Gengar|Gengarite\n|move|p1b: Kangaskhan|Sucker Punch|p2a: Gengar\n|-supereffective|p2a: Gengar|1\n|-damage|p2a: Gengar|26/100\n|-supereffective|p2a: Gengar|1\n|-damage|p2a: Gengar|7/100\n|-hitcount|p2a: Gengar|2\n|move|p2a: Gengar|Sludge Wave|p1b: Kangaskhan|[spread] p1a,p1b\n|-immune|p2b: Excadrill\n|-damage|p1a: Torkoal|0 fnt\n|-damage|p1b: Kangaskhan|0 fnt\n|faint|p1a: Torkoal\n|faint|p1b: Kangaskhan\n|move|p2b: Excadrill|Iron Head|p1: Torkoal|[notarget]\n|-fail|p2b: Excadrill\n|\n|-weather|SunnyDay|[upkeep]\n|upkeep\n|\n|t:|1776682393\n|switch|p1b: Hawlucha|Hawlucha, L50, M|100/100\n|turn|6\n|\n|t:|1776682404\n|move|p2a: Gengar|Sludge Wave|p1b: Hawlucha|[spread] p1b\n|-immune|p2b: Excadrill\n|-damage|p1b: Hawlucha|18/100\n|move|p2b: Excadrill|Iron Head|p1b: Hawlucha\n|-damage|p1b: Hawlucha|0 fnt\n|faint|p1b: Hawlucha\n|\n|win|Idkanygoodteams1\n|l|\u2606CTGLDOISBACKW\n|player|p1|\n",
  "uploadtime": 1776682431,
  "views": 9,
  "formatid": "gen9championsvgc2026regma",
  "rating": null,
  "private": 0,
  "password": null
}