{
  "id": "gen9championsvgc2026regma-2581820590",
  "format": "[Gen 9 Champions] VGC 2026 Reg M-A",
  "players": [
    "Membrayne",
    "KaiMVGC"
  ],
  "log": "|j|\u2606Membrayne\n|j|\u2606KaiMVGC\n|t:|1776031079\n|gametype|doubles\n|player|p1|Membrayne|elesa|1340\n|player|p2|KaiMVGC|boarder|1417\n|gen|9\n|tier|[Gen 9 Champions] VGC 2026 Reg M-A\n|rated|\n|rule|Species Clause: Limit one of each Pok\u00e9mon\n|rule|Item Clause: Limit 1 of each item\n|clearpoke\n|poke|p1|Lopunny, L50, M|\n|poke|p1|Volcarona, L50, F|\n|poke|p1|Basculegion, L50, M|\n|poke|p1|Corviknight, L50, F|\n|poke|p1|Garchomp, L50, M|\n|poke|p1|Ninetales-Alola, L50, F|\n|poke|p2|Aerodactyl, L50, F|\n|poke|p2|Incineroar, L50, M|\n|poke|p2|Floette-Eternal, L50, F|\n|poke|p2|Basculegion, L50, M|\n|poke|p2|Garchomp, L50, F|\n|poke|p2|Sneasler, L50, M|\n|teampreview|4\n|\n|t:|1776031116\n|teamsize|p1|4\n|teamsize|p2|4\n|start\n|switch|p1a: Lopunny|Lopunny, L50, M|100/100\n|switch|p1b: Corviknight|Corviknight, L50, F|100/100\n|switch|p2a: Floette|Floette-Eternal, L50, F|100/100\n|switch|p2b: Aerodactyl|Aerodactyl, L50, F|100/100\n|-ability|p2b: Aerodactyl|Unnerve\n|turn|1\n|j| Tkaersiukz\n|j| Pimp Shrimp\n|\n|t:|1776031140\n|switch|p2a: Incineroar|Incineroar, L50, M|100/100\n|-ability|p2a: Incineroar|Intimidate|boost\n|-unboost|p1a: Lopunny|atk|1\n|-ability|p1b: Corviknight|Mirror Armor\n|-unboost|p2a: Incineroar|atk|1\n|move|p2b: Aerodactyl|Protect|p2b: Aerodactyl\n|-singleturn|p2b: Aerodactyl|Protect\n|move|p1a: Lopunny|Fake Out|p2a: Incineroar\n|-damage|p2a: Incineroar|92/100\n|move|p1b: Corviknight|Bulk Up|p1b: Corviknight\n|-boost|p1b: Corviknight|atk|1\n|-boost|p1b: Corviknight|def|1\n|\n|upkeep\n|turn|2\n|\n|t:|1776031172\n|detailschange|p1a: Lopunny|Lopunny-Mega, L50, M\n|-mega|p1a: Lopunny|Lopunny|Lopunnite\n|move|p2a: Incineroar|Fake Out|p1b: Corviknight\n|-resisted|p1b: Corviknight|1\n|-damage|p1b: Corviknight|99/100\n|move|p1a: Lopunny|Close Combat|p2b: Aerodactyl\n|-damage|p2b: Aerodactyl|34/100\n|-unboost|p1a: Lopunny|def|1\n|-unboost|p1a: Lopunny|spd|1\n|move|p2b: Aerodactyl|Tailwind|p2b: Aerodactyl\n|-sidestart|p2: KaiMVGC|move: Tailwind\n|cant|p1b: Corviknight|flinch\n|\n|upkeep\n|turn|3\n|\n|t:|1776031187\n|switch|p1a: Basculegion|Basculegion, L50, M|100/100\n|move|p2b: Aerodactyl|Dual Wingbeat|p1a: Basculegion\n|-damage|p1a: Basculegion|76/100\n|-damage|p1a: Basculegion|52/100\n|-hitcount|p1a: Basculegion|2\n|move|p2a: Incineroar|Parting Shot|p1b: Corviknight\n|-ability|p1b: Corviknight|Mirror Armor\n|-unboost|p2a: Incineroar|atk|1\n|-ability|p1b: Corviknight|Mirror Armor\n|-unboost|p2a: Incineroar|spa|1\n|c|\u2606KaiMVGC|oh yeah\n|\n|t:|1776031206\n|switch|p2a: Floette|Floette-Eternal, L50, F|100/100|[from] Parting Shot\n|move|p1b: Corviknight|Tailwind|p1b: Corviknight\n|-sidestart|p1: Membrayne|move: Tailwind\n|\n|upkeep\n|turn|4\n|c|\u2606Membrayne|better that than a gambit LOL\n|c|\u2606KaiMVGC|real\n|\n|t:|1776031228\n|detailschange|p2a: Floette|Floette-Mega, L50, F\n|-mega|p2a: Floette|Floette|Floettite\n|-ability|p2a: Floette|Fairy Aura\n|move|p1a: Basculegion|Flip Turn|p2a: Floette\n|-damage|p2a: Floette|51/100\n|c|\u2606KaiMVGC|corv is lowkey one of the best mons in this meta currently i cant lie\n|c|\u2606KaiMVGC|milotic levels of not dying\n|c|\u2606Membrayne|for sure\n|\n|t:|1776031244\n|switch|p1a: Volcarona|Volcarona, L50, F|100/100|[from] Flip Turn\n|move|p2b: Aerodactyl|Rock Slide|p1a: Volcarona|[spread] p1a,p1b\n|-supereffective|p1a: Volcarona|2\n|-damage|p1a: Volcarona|0 fnt\n|-damage|p1b: Corviknight|86/100\n|faint|p1a: Volcarona\n|move|p2a: Floette|Light of Ruin|p1b: Corviknight\n|-resisted|p1b: Corviknight|1\n|-damage|p1b: Corviknight|30/100\n|-damage|p2a: Floette|13/100|[from] Recoil\n|cant|p1b: Corviknight|flinch\n|\n|upkeep\n|\n|t:|1776031271\n|switch|p1a: Basculegion|Basculegion, L50, M|52/100\n|turn|5\n|\n|t:|1776031291\n|switch|p2a: Incineroar|Incineroar, L50, M|92/100\n|-ability|p2a: Incineroar|Intimidate|boost\n|-unboost|p1a: Basculegion|atk|1\n|-ability|p1b: Corviknight|Mirror Armor\n|-unboost|p2a: Incineroar|atk|1\n|move|p1a: Basculegion|Flip Turn|p2a: Incineroar\n|-supereffective|p2a: Incineroar|1\n|-damage|p2a: Incineroar|46/100\n|-enditem|p2a: Incineroar|Sitrus Berry|[eat]\n|-heal|p2a: Incineroar|71/100|[from] item: Sitrus Berry\n|\n|t:|1776031301\n|switch|p1a: Lopunny|Lopunny-Mega, L50, M|100/100|[from] Flip Turn\n|move|p2b: Aerodactyl|Rock Slide|p1b: Corviknight|[spread] p1a,p1b\n|-resisted|p1a: Lopunny|1\n|-damage|p1a: Lopunny|83/100\n|-damage|p1b: Corviknight|17/100\n|move|p1b: Corviknight|Iron Head|p2b: Aerodactyl\n|-supereffective|p2b: Aerodactyl|1\n|-damage|p2b: Aerodactyl|0 fnt\n|-enditem|p1b: Corviknight|Sitrus Berry|[eat]\n|-heal|p1b: Corviknight|41/100|[from] item: Sitrus Berry\n|faint|p2b: Aerodactyl\n|\n|-sideend|p2: KaiMVGC|move: Tailwind\n|upkeep\n|\n|t:|1776031314\n|switch|p2b: Floette|Floette-Mega, L50, F|13/100\n|-ability|p2b: Floette|Fairy Aura\n|turn|6\n|\n|t:|1776031370\n|move|p2b: Floette|Protect|p2b: Floette\n|-singleturn|p2b: Floette|Protect\n|move|p1a: Lopunny|Fake Out|p2a: Incineroar\n|-damage|p2a: Incineroar|50/100\n|move|p1b: Corviknight|Iron Head|p2b: Floette\n|-activate|p2b: Floette|move: Protect\n|cant|p2a: Incineroar|flinch\n|\n|-sideend|p1: Membrayne|move: Tailwind\n|upkeep\n|turn|7\n|\n|t:|1776031396\n|switch|p2b: Basculegion|Basculegion, L50, M|100/100\n|move|p1a: Lopunny|Facade|p2b: Basculegion\n|-damage|p2b: Basculegion|51/100\n|move|p1b: Corviknight|Brave Bird|p2a: Incineroar\n|-damage|p2a: Incineroar|0 fnt\n|faint|p2a: Incineroar\n|-damage|p1b: Corviknight|25/100|[from] Recoil\n|\n|upkeep\n|\n|t:|1776031403\n|switch|p2a: Floette|Floette-Mega, L50, F|13/100\n|-ability|p2a: Floette|Fairy Aura\n|turn|8\n|\n|t:|1776031429\n|move|p1a: Lopunny|Protect|p1a: Lopunny\n|-singleturn|p1a: Lopunny|Protect\n|move|p2b: Basculegion|Wave Crash|p1a: Lopunny\n|-activate|p1a: Lopunny|move: Protect\n|move|p2a: Floette|Light of Ruin|p1b: Corviknight\n|-resisted|p1b: Corviknight|1\n|-damage|p1b: Corviknight|0 fnt\n|faint|p1b: Corviknight\n|-damage|p2a: Floette|0 fnt|[from] Recoil\n|faint|p2a: Floette\n|\n|upkeep\n|\n|t:|1776031440\n|switch|p1b: Basculegion|Basculegion, L50, M|52/100\n|turn|9\n|c|\u2606KaiMVGC|ggs\n|-message|KaiMVGC forfeited.\n|\n|win|Membrayne\n|raw|Membrayne's rating: 1340 &rarr; <strong>1364</strong><br />(+24 for winning)\n|raw|KaiMVGC's rating: 1417 &rarr; <strong>1393</strong><br />(-24 for losing)\n|c|\u2606Membrayne|ggwp\n|c|\u2606KaiMVGC|y2\n|c|\u2606KaiMVGC|u2*\n|l|\u2606KaiMVGC\n|player|p2|\n",
  "uploadtime": 1776031462,
  "views": 29,
  "formatid": "gen9championsvgc2026regma",
  "rating": 1364,
  "private": 0,
  "password": null
}