{
  "id": "gen9championsvgc2026regma-2584017251",
  "format": "[Gen 9 Champions] VGC 2026 Reg M-A",
  "players": [
    "Cheasleywithaw",
    "cabrino"
  ],
  "log": "|j|\u2606Cheasleywithaw\n|j|\u2606cabrino\n|t:|1776217133\n|gametype|doubles\n|player|p1|Cheasleywithaw|266|1461\n|player|p2|cabrino|depotagent|1614\n|gen|9\n|tier|[Gen 9 Champions] VGC 2026 Reg M-A\n|rated|\n|rule|Species Clause: Limit one of each Pok\u00e9mon\n|rule|Item Clause: Limit 1 of each item\n|clearpoke\n|poke|p1|Incineroar, L50, M|\n|poke|p1|Milotic, L50, M|\n|poke|p1|Sinistcha-Masterpiece, L50|\n|poke|p1|Floette-Eternal, L50, F|\n|poke|p1|Aerodactyl, L50, M|\n|poke|p1|Garchomp, L50, M|\n|poke|p2|Aerodactyl, L50, F|\n|poke|p2|Sneasler, L50, M|\n|poke|p2|Kingambit, L50, M|\n|poke|p2|Floette-Eternal, L50, F|\n|poke|p2|Sinistcha, L50|\n|poke|p2|Garchomp, L50, F|\n|teampreview|4\nCheasleywithaw has agreed to open team sheets.\n|\n|t:|1776217168\n|teamsize|p1|4\n|teamsize|p2|4\n|start\n|switch|p1a: Garchomp|Garchomp, L50, M|100/100\n|switch|p1b: Incineroar|Incineroar, L50, M|100/100\n|switch|p2a: AeroNarfi|Aerodactyl, L50, F, shiny|100/100\n|switch|p2b: Sr. Kuunbia|Sinistcha, L50|100/100\n|-ability|p2a: AeroNarfi|Unnerve\n|-ability|p1b: Incineroar|Intimidate|boost\n|-unboost|p2a: AeroNarfi|atk|1\n|-unboost|p2b: Sr. Kuunbia|atk|1\n|turn|1\n|\n|t:|1776217190\n|move|p2a: AeroNarfi|Protect|p2a: AeroNarfi\n|-singleturn|p2a: AeroNarfi|Protect\n|move|p1b: Incineroar|Fake Out|p2a: AeroNarfi\n|-activate|p2a: AeroNarfi|move: Protect\n|move|p1a: Garchomp|Scale Shot|p2a: AeroNarfi\n|-activate|p2a: AeroNarfi|move: Protect\n|move|p2b: Sr. Kuunbia|Matcha Gotcha|p1a: Garchomp|[spread] p1a,p1b\n|-resisted|p1b: Incineroar|1\n|-damage|p1a: Garchomp|73/100\n|-damage|p1b: Incineroar|89/100\n|\n|upkeep\n|turn|2\n|\n|t:|1776217201\n|move|p1a: Garchomp|Protect|p1a: Garchomp\n|-singleturn|p1a: Garchomp|Protect\n|move|p2a: AeroNarfi|Tailwind|p2a: AeroNarfi\n|-sidestart|p2: cabrino|move: Tailwind\n|move|p2b: Sr. Kuunbia|Matcha Gotcha|p1a: Garchomp|[spread] p1b\n|-activate|p1a: Garchomp|move: Protect\n|-resisted|p1b: Incineroar|1\n|-damage|p1b: Incineroar|78/100\n|move|p1b: Incineroar|Darkest Lariat|p2b: Sr. Kuunbia\n|-supereffective|p2b: Sr. Kuunbia|1\n|-damage|p2b: Sr. Kuunbia|47/100\n|-enditem|p2b: Sr. Kuunbia|Sitrus Berry|[eat]\n|-heal|p2b: Sr. Kuunbia|71/100|[from] item: Sitrus Berry\n|\n|upkeep\n|turn|3\n|\n|t:|1776217219\n|switch|p1a: Floette|Floette-Eternal, L50, F|100/100\n|move|p2a: AeroNarfi|Rock Slide|p1a: Floette|[spread] p1a,p1b\n|-supereffective|p1b: Incineroar|1\n|-damage|p1a: Floette|81/100\n|-damage|p1b: Incineroar|51/100\n|move|p2b: Sr. Kuunbia|Matcha Gotcha|p1b: Incineroar|[spread] p1a,p1b\n|-resisted|p1b: Incineroar|1\n|-damage|p1a: Floette|63/100\n|-heal|p2b: Sr. Kuunbia|81/100|[from] drain|[of] p1a: Floette\n|-damage|p1b: Incineroar|41/100\n|-heal|p2b: Sr. Kuunbia|87/100|[from] drain|[of] p1b: Incineroar\n|move|p1b: Incineroar|Flare Blitz|p2b: Sr. Kuunbia\n|-supereffective|p2b: Sr. Kuunbia|1\n|-damage|p2b: Sr. Kuunbia|6/100\n|-damage|p1b: Incineroar|17/100|[from] Recoil\n|\n|upkeep\n|turn|4\n|j| nezrann\n|l| nezrann\n|\n|t:|1776217239\n|switch|p1b: Garchomp|Garchomp, L50, M|73/100\n|move|p1a: Floette|Protect|p1a: Floette\n|-singleturn|p1a: Floette|Protect\n|move|p2a: AeroNarfi|Rock Slide|p1a: Floette|[spread] p1b\n|-activate|p1a: Floette|move: Protect\n|-resisted|p1b: Garchomp|1\n|-damage|p1b: Garchomp|64/100\n|move|p2b: Sr. Kuunbia|Matcha Gotcha|p1b: Garchomp|[spread] p1b\n|-activate|p1a: Floette|move: Protect\n|-damage|p1b: Garchomp|38/100\n|-heal|p2b: Sr. Kuunbia|20/100|[from] drain|[of] p1b: Garchomp\n|\n|upkeep\n|turn|5\n|\n|t:|1776217247\n|switch|p1b: Incineroar|Incineroar, L50, M|17/100\n|-ability|p1b: Incineroar|Intimidate|boost\n|-unboost|p2a: AeroNarfi|atk|1\n|-unboost|p2b: Sr. Kuunbia|atk|1\n|detailschange|p1a: Floette|Floette-Mega, L50, F\n|-mega|p1a: Floette|Floette|Floettite\n|-ability|p1a: Floette|Fairy Aura\n|move|p2a: AeroNarfi|Rock Slide|p1a: Floette|[spread] p1a,p1b\n|-supereffective|p1b: Incineroar|1\n|-damage|p1a: Floette|49/100\n|-damage|p1b: Incineroar|0 fnt\n|faint|p1b: Incineroar\n|move|p2b: Sr. Kuunbia|Matcha Gotcha|p1a: Floette\n|-damage|p1a: Floette|27/100\n|-heal|p2b: Sr. Kuunbia|31/100|[from] drain|[of] p1a: Floette\n|move|p1a: Floette|Calm Mind|p1a: Floette\n|-boost|p1a: Floette|spa|1\n|-boost|p1a: Floette|spd|1\n|\n|-sideend|p2: cabrino|move: Tailwind\n|upkeep\n|\n|t:|1776217259\n|switch|p1b: Aerodactyl|Aerodactyl, L50, M|100/100\n|-ability|p1b: Aerodactyl|Unnerve\n|turn|6\n|\n|t:|1776217267\n|move|p1a: Floette|Protect|p1a: Floette\n|-singleturn|p1a: Floette|Protect\n|move|p2a: AeroNarfi|Tailwind|p2a: AeroNarfi\n|-sidestart|p2: cabrino|move: Tailwind\n|move|p1b: Aerodactyl|Tailwind|p1b: Aerodactyl\n|-sidestart|p1: Cheasleywithaw|move: Tailwind\n|move|p2b: Sr. Kuunbia|Matcha Gotcha|p1b: Aerodactyl|[spread] p1b\n|-activate|p1a: Floette|move: Protect\n|-damage|p1b: Aerodactyl|63/100\n|-heal|p2b: Sr. Kuunbia|47/100|[from] drain|[of] p1b: Aerodactyl\n|\n|upkeep\n|turn|7\n|\n|t:|1776217287\n|switch|p2a: Pugsy Hunter|Sneasler, L50, M, shiny|100/100\n|move|p1b: Aerodactyl|Rock Slide|p2a: Pugsy Hunter|[spread] p2a,p2b\n|-resisted|p2a: Pugsy Hunter|1\n|-damage|p2a: Pugsy Hunter|80/100\n|-damage|p2b: Sr. Kuunbia|26/100\n|move|p1a: Floette|Dazzling Gleam|p2a: Pugsy Hunter|[spread] p2a,p2b\n|-damage|p2a: Pugsy Hunter|0 fnt\n|-damage|p2b: Sr. Kuunbia|0 fnt\n|faint|p2a: Pugsy Hunter\n|faint|p2b: Sr. Kuunbia\n|\n|upkeep\n|\n|t:|1776217293\n|switch|p2a: 7Cryo|Floette-Eternal, L50, F|100/100\n|switch|p2b: AeroNarfi|Aerodactyl, L50, F, shiny|100/100\n|-ability|p2b: AeroNarfi|Unnerve\n|turn|8\n|\n|t:|1776217306\n|detailschange|p2a: 7Cryo|Floette-Mega, L50, F\n|-mega|p2a: 7Cryo|Floette|Floettite\n|-ability|p2a: 7Cryo|Fairy Aura\n|move|p1a: Floette|Protect|p1a: Floette\n|-singleturn|p1a: Floette|Protect\n|move|p1b: Aerodactyl|Rock Slide|p2a: 7Cryo|[spread] p2a,p2b\n|-supereffective|p2b: AeroNarfi|1\n|-damage|p2a: 7Cryo|72/100\n|-damage|p2b: AeroNarfi|27/100\n|cant|p2b: AeroNarfi|flinch\n|move|p2a: 7Cryo|Dazzling Gleam|p1a: Floette|[spread] p1b\n|-activate|p1a: Floette|move: Protect\n|-crit|p1b: Aerodactyl\n|-damage|p1b: Aerodactyl|0 fnt\n|faint|p1b: Aerodactyl\n|\n|upkeep\n|\n|t:|1776217318\n|switch|p1b: Garchomp|Garchomp, L50, M|38/100\n|turn|9\n|\n|t:|1776217332\n|move|p2b: AeroNarfi|Rock Slide|p1b: Garchomp|[spread] p1a,p1b\n|-resisted|p1b: Garchomp|1\n|-damage|p1a: Floette|3/100\n|-damage|p1b: Garchomp|26/100\n|move|p1b: Garchomp|Stomping Tantrum|p2a: 7Cryo\n|-damage|p2a: 7Cryo|26/100\n|move|p2a: 7Cryo|Moonblast|p1a: Floette\n|-damage|p1a: Floette|0 fnt\n|faint|p1a: Floette\n|\n|-sideend|p1: Cheasleywithaw|move: Tailwind\n|-sideend|p2: cabrino|move: Tailwind\n|upkeep\n|turn|10\n|-message|Cheasleywithaw forfeited.\n|\n|win|cabrino\n|raw|Cheasleywithaw's rating: 1461 &rarr; <strong>1449</strong><br />(-12 for losing)\n|raw|cabrino's rating: 1614 &rarr; <strong>1626</strong><br />(+12 for winning)\n|l|\u2606Cheasleywithaw\n|player|p1|\n",
  "uploadtime": 1776217354,
  "views": 40,
  "formatid": "gen9championsvgc2026regma",
  "rating": 1449,
  "private": 0,
  "password": null
}