{
  "id": "gen9championsvgc2026regma-2581579556",
  "format": "[Gen 9 Champions] VGC 2026 Reg M-A",
  "players": [
    "vindland",
    "minebloxgeust"
  ],
  "log": "|j|\u2606vindland\n|j|\u2606minebloxgeust\n|t:|1776012516\n|gametype|doubles\n|player|p1|vindland|n|1120\n|player|p2|minebloxgeust|emmet|1100\n|gen|9\n|tier|[Gen 9 Champions] VGC 2026 Reg M-A\n|rated|\n|rule|Species Clause: Limit one of each Pok\u00e9mon\n|rule|Item Clause: Limit 1 of each item\n|clearpoke\n|poke|p1|Starmie, L50|\n|poke|p1|Kingambit, L50, M|\n|poke|p1|Talonflame, L50, M|\n|poke|p1|Politoed, L50, F|\n|poke|p1|Toxicroak, L50, M|\n|poke|p1|Jolteon, L50, F|\n|poke|p2|Aerodactyl, L50, F|\n|poke|p2|Basculegion, L50, M|\n|poke|p2|Farigiraf, L50, F|\n|poke|p2|Tinkaton, L50, F|\n|poke|p2|Floette-Eternal, L50, F|\n|poke|p2|Incineroar, L50, F|\n|teampreview|4\n|\n|t:|1776012559\n|teamsize|p1|4\n|teamsize|p2|4\n|start\n|switch|p1a: Talonflame|Talonflame, L50, M|100/100\n|switch|p1b: Politoed|Politoed, L50, F|100/100\n|switch|p2a: Basculegion|Basculegion, L50, M|100/100\n|switch|p2b: Aerodactyl|Aerodactyl, L50, F|100/100\n|-ability|p2b: Aerodactyl|Unnerve\n|-weather|RainDance|[from] ability: Drizzle|[of] p1b: Politoed\n|turn|1\n|\n|t:|1776012584\n|move|p1a: Talonflame|Tailwind|p1a: Talonflame\n|-sidestart|p1: vindland|move: Tailwind\n|move|p2a: Basculegion|Flip Turn|p1b: Politoed\n|-resisted|p1b: Politoed|1\n|-damage|p1b: Politoed|70/100\n|\n|t:|1776012588\n|switch|p2a: Tinkaton|Tinkaton, L50, F|100/100|[from] Flip Turn\n|-ability|p2a: Tinkaton|Mold Breaker\n|move|p2b: Aerodactyl|Tailwind|p2b: Aerodactyl\n|-sidestart|p2: minebloxgeust|move: Tailwind\n|move|p1b: Politoed|Weather Ball|p2b: Aerodactyl\n|-supereffective|p2b: Aerodactyl|1\n|-enditem|p2b: Aerodactyl|Focus Sash\n|-damage|p2b: Aerodactyl|1/100\n|\n|-weather|RainDance|[upkeep]\n|-heal|p1b: Politoed|76/100|[from] item: Leftovers\n|upkeep\n|turn|2\n|\n|t:|1776012613\n|move|p2a: Tinkaton|Fake Out|p1a: Talonflame\n|-damage|p1a: Talonflame|91/100\n|move|p2b: Aerodactyl|Rock Slide|p1a: Talonflame|[spread] p1a,p1b\n|-supereffective|p1a: Talonflame|2\n|-damage|p1a: Talonflame|0 fnt\n|-damage|p1b: Politoed|48/100\n|faint|p1a: Talonflame\n|cant|p1b: Politoed|flinch\n|\n|-weather|RainDance|[upkeep]\n|-heal|p1b: Politoed|54/100|[from] item: Leftovers\n|upkeep\n|\n|t:|1776012626\n|switch|p1a: Starmie|Starmie, L50|100/100\n|turn|3\n|\n|t:|1776012634\n|detailschange|p1a: Starmie|Starmie-Mega, L50\n|-mega|p1a: Starmie|Starmie|Starminite\n|move|p1a: Starmie|Aqua Jet|p2b: Aerodactyl\n|-supereffective|p2b: Aerodactyl|1\n|-crit|p2b: Aerodactyl\n|-damage|p2b: Aerodactyl|0 fnt\n|faint|p2b: Aerodactyl\n|move|p2a: Tinkaton|Thunder Wave|p1a: Starmie\n|-status|p1a: Starmie|par\n|move|p1b: Politoed|Weather Ball|p2a: Tinkaton\n|-damage|p2a: Tinkaton|56/100\n|\n|-weather|RainDance|[upkeep]\n|-heal|p2a: Tinkaton|62/100|[from] item: Leftovers\n|-heal|p1b: Politoed|60/100|[from] item: Leftovers\n|upkeep\n|\n|t:|1776012638\n|switch|p2b: Basculegion|Basculegion, L50, M|100/100\n|turn|4\n|\n|t:|1776012680\n|move|p1a: Starmie|Protect|p1a: Starmie\n|-singleturn|p1a: Starmie|Protect\n|move|p2b: Basculegion|Last Respects|p1a: Starmie\n|-activate|p1a: Starmie|move: Protect\n|move|p2a: Tinkaton|Play Rough|p1b: Politoed\n|-damage|p1b: Politoed|30/100\n|move|p1b: Politoed|Weather Ball|p2b: Basculegion\n|-resisted|p2b: Basculegion|1\n|-damage|p2b: Basculegion|73/100\n|\n|-weather|RainDance|[upkeep]\n|-heal|p2a: Tinkaton|68/100|[from] item: Leftovers\n|-heal|p1b: Politoed|36/100|[from] item: Leftovers\n|-sideend|p1: vindland|move: Tailwind\n|-sideend|p2: minebloxgeust|move: Tailwind\n|upkeep\n|turn|5\n|\n|t:|1776012704\n|move|p1a: Starmie|Aqua Jet|p2b: Basculegion\n|-resisted|p2b: Basculegion|1\n|-damage|p2b: Basculegion|39/100\n|move|p2b: Basculegion|Last Respects|p1a: Starmie\n|-supereffective|p1a: Starmie|1\n|-damage|p1a: Starmie|0 fnt\n|faint|p1a: Starmie\n|move|p2a: Tinkaton|Play Rough|p1b: Politoed\n|-damage|p1b: Politoed|4/100\n|move|p1b: Politoed|Weather Ball|p2b: Basculegion\n|-resisted|p2b: Basculegion|1\n|-damage|p2b: Basculegion|14/100\n|\n|-weather|none\n|-heal|p2a: Tinkaton|74/100|[from] item: Leftovers\n|-heal|p1b: Politoed|10/100|[from] item: Leftovers\n|upkeep\n|\n|t:|1776012710\n|switch|p1a: Jolteon|Jolteon, L50, F|100/100\n|turn|6\n|\n|t:|1776012721\n|move|p2b: Basculegion|Last Respects|p1a: Jolteon\n|-damage|p1a: Jolteon|0 fnt\n|faint|p1a: Jolteon\n|move|p2a: Tinkaton|Gigaton Hammer|p1b: Politoed\n|-resisted|p1b: Politoed|1\n|-damage|p1b: Politoed|0 fnt\n|faint|p1b: Politoed\n|\n|win|minebloxgeust\n|raw|vindland's rating: 1120 &rarr; <strong>1094</strong><br />(-26 for losing)\n|raw|minebloxgeust's rating: 1100 &rarr; <strong>1126</strong><br />(+26 for winning)\n|l|\u2606vindland\n|player|p1|\n|l|\u2606minebloxgeust\n|player|p2|\n|j|\u2606minebloxgeust\n|player|p2|minebloxgeust|emmet|\n",
  "uploadtime": 1776012774,
  "views": 13,
  "formatid": "gen9championsvgc2026regma",
  "rating": 1094,
  "private": 0,
  "password": null
}