{
  "id": "gen9championsvgc2026regma-2584970783",
  "format": "[Gen 9 Champions] VGC 2026 Reg M-A",
  "players": [
    "cientistex",
    "pro av0cad0"
  ],
  "log": "|j|\u2606cientistex\n|j|\u2606pro av0cad0\n|t:|1776299336\n|gametype|doubles\n|player|p1|cientistex|102|1095\n|player|p2|pro av0cad0|unknown|1012\n|gen|9\n|tier|[Gen 9 Champions] VGC 2026 Reg M-A\n|rated|\n|rule|Species Clause: Limit one of each Pok\u00e9mon\n|rule|Item Clause: Limit 1 of each item\n|clearpoke\n|poke|p1|Maushold, L50|\n|poke|p1|Altaria, L50, M|\n|poke|p1|Whimsicott, L50, M|\n|poke|p1|Clawitzer, L50, M|\n|poke|p1|Meganium, L50, F|\n|poke|p1|Runerigus, L50, M|\n|poke|p2|Primarina, L50, M|\n|poke|p2|Pelipper, L50, M|\n|poke|p2|Kangaskhan, L50, F|\n|poke|p2|Dragonite, L50, F|\n|poke|p2|Venusaur, L50, F|\n|poke|p2|Espathra, L50, F|\n|teampreview|4\n|inactive|Battle timer is ON: inactive players will automatically lose when time's up. (requested by cientistex)\npro av0cad0 has agreed to open team sheets.\n|inactive|cientistex has 60 seconds left.\n|\n|t:|1776299367\n|teamsize|p1|4\n|teamsize|p2|4\n|start\n|switch|p1a: Whimsicott|Whimsicott, L50, M|100/100\n|switch|p1b: Altaria|Altaria, L50, M|100/100\n|switch|p2a: Kangaskhan|Kangaskhan, L50, F|100/100\n|switch|p2b: Espathra|Espathra, L50, F|100/100\n|-ability|p1b: Altaria|Cloud Nine\n|turn|1\n|\n|t:|1776299390\n|detailschange|p2a: Kangaskhan|Kangaskhan-Mega, L50, F\n|-mega|p2a: Kangaskhan|Kangaskhan|Kangaskhanite\n|move|p1a: Whimsicott|Protect|p1a: Whimsicott\n|-singleturn|p1a: Whimsicott|Protect\n|move|p2a: Kangaskhan|Fake Out|p1a: Whimsicott\n|-activate|p1a: Whimsicott|move: Protect\n|move|p2b: Espathra|Calm Mind|p2b: Espathra\n|-boost|p2b: Espathra|spa|1\n|-boost|p2b: Espathra|spd|1\n|move|p1b: Altaria|Will-O-Wisp|p2a: Kangaskhan|[miss]\n|-miss|p1b: Altaria|p2a: Kangaskhan\n|\n|upkeep\n|turn|2\n|\n|t:|1776299414\n|move|p1a: Whimsicott|Encore|p2a: Kangaskhan\n|-start|p2a: Kangaskhan|Encore\n|move|p2a: Kangaskhan|Fake Out||[still]\n|-hint|Fake Out only works on your first turn out.\n|-fail|p2a: Kangaskhan\n|move|p1b: Altaria|Draco Meteor|p2b: Espathra\n|-damage|p2b: Espathra|60/100\n|-unboost|p1b: Altaria|spa|2\n|move|p2b: Espathra|Trick Room|p2b: Espathra\n|-fieldstart|move: Trick Room|[of] p2b: Espathra\n|\n|upkeep\n|turn|3\n|\n|t:|1776299430\n|switch|p1b: Meganium|Meganium, L50, F|100/100\n|switch|p2a: Pelipper|Pelipper, L50, M|100/100\n|-weather|RainDance|[from] ability: Drizzle|[of] p2a: Pelipper\n|move|p1a: Whimsicott|Encore|p2b: Espathra\n|-start|p2b: Espathra|Encore\n|move|p2b: Espathra|Trick Room|p2b: Espathra\n|-fieldend|move: Trick Room\n|\n|-weather|RainDance|[upkeep]\n|upkeep\n|turn|4\n|\n|t:|1776299454\n|switch|p2b: Kangaskhan|Kangaskhan-Mega, L50, F|100/100\n|detailschange|p1b: Meganium|Meganium-Mega, L50, F\n|-mega|p1b: Meganium|Meganium|Meganiumite\n|move|p1a: Whimsicott|Tailwind|p1a: Whimsicott\n|-sidestart|p1: cientistex|move: Tailwind\n|move|p1b: Meganium|Solar Beam||[still]\n|-prepare|p1b: Meganium|Solar Beam\n|-activate|p1b: Meganium|ability: Mega Sol\n|-anim|p1b: Meganium|Solar Beam|p2b: Kangaskhan\n|-damage|p2b: Kangaskhan|39/100\n|move|p2a: Pelipper|U-turn|p1a: Whimsicott\n|-damage|p1a: Whimsicott|81/100\n|\n|t:|1776299467\n|switch|p2a: Primarina|Primarina, L50, M|100/100|[from] U-turn\n|\n|-weather|RainDance|[upkeep]\n|upkeep\n|turn|5\n|\n|t:|1776299484\n|switch|p1a: Altaria|Altaria, L50, M|100/100\n|-ability|p1a: Altaria|Cloud Nine\n|switch|p2b: Espathra|Espathra, L50, F|60/100\n|move|p1b: Meganium|Protect|p1b: Meganium\n|-singleturn|p1b: Meganium|Protect\n|move|p2a: Primarina|Ice Beam|p1b: Meganium\n|-activate|p1b: Meganium|move: Protect\n|\n|-weather|RainDance|[upkeep]\n|upkeep\n|turn|6\n|inactive|cientistex has 30 seconds left.\n|\n|t:|1776299516\n|switch|p2a: Kangaskhan|Kangaskhan-Mega, L50, F|39/100\n|move|p1a: Altaria|Will-O-Wisp|p2a: Kangaskhan\n|-status|p2a: Kangaskhan|brn\n|move|p1b: Meganium|Solar Beam||[still]\n|-prepare|p1b: Meganium|Solar Beam\n|-activate|p1b: Meganium|ability: Mega Sol\n|-anim|p1b: Meganium|Solar Beam|p2b: Espathra\n|-damage|p2b: Espathra|0 fnt\n|faint|p2b: Espathra\n|\n|-weather|RainDance|[upkeep]\n|-damage|p2a: Kangaskhan|33/100 brn|[from] brn\n|upkeep\n|\n|t:|1776299538\n|switch|p2b: Primarina|Primarina, L50, M|100/100\n|turn|7\n|\n|t:|1776299549\n|switch|p2a: Pelipper|Pelipper, L50, M|100/100\n|move|p1a: Altaria|Fire Blast|p2a: Pelipper\n|-resisted|p2a: Pelipper|1\n|-crit|p2a: Pelipper\n|-damage|p2a: Pelipper|76/100\n|move|p1b: Meganium|Solar Beam||[still]\n|-prepare|p1b: Meganium|Solar Beam\n|-activate|p1b: Meganium|ability: Mega Sol\n|-anim|p1b: Meganium|Solar Beam|p2b: Primarina\n|-supereffective|p2b: Primarina|1\n|-damage|p2b: Primarina|0 fnt\n|faint|p2b: Primarina\n|\n|-weather|none\n|-sideend|p1: cientistex|move: Tailwind\n|upkeep\n|l|\u2606pro av0cad0\n|inactive|pro av0cad0 disconnected and has a minute to reconnect!\n|player|p2|\n|inactive|pro av0cad0 has 30 seconds left.\n|inactive|pro av0cad0 has 20 seconds left.\n|inactive|pro av0cad0 has 15 seconds left.\n|inactive|pro av0cad0 has 10 seconds left.\n|inactive|pro av0cad0 has 5 seconds left.\n|-message|pro av0cad0 lost due to inactivity.\n|\n|win|cientistex\n|raw|cientistex's rating: 1095 &rarr; <strong>1115</strong><br />(+20 for winning)\n|raw|pro av0cad0's rating: 1012 &rarr; <strong>1003</strong><br />(-9 for losing)\n",
  "uploadtime": 1776300091,
  "views": 32,
  "formatid": "gen9championsvgc2026regma",
  "rating": 1003,
  "private": 0,
  "password": null
}