{
  "id": "gen9championsvgc2026regma-2586821163",
  "format": "[Gen 9 Champions] VGC 2026 Reg M-A",
  "players": [
    "a gamer person",
    "fimmm"
  ],
  "log": "|j|\u2606a gamer person\n|j|\u2606fimmm\n|t:|1776462678\n|gametype|doubles\n|player|p1|a gamer person|n-masters3|1086\n|player|p2|fimmm|whitney|1102\n|gen|9\n|tier|[Gen 9 Champions] VGC 2026 Reg M-A\n|rated|\n|rule|Species Clause: Limit one of each Pok\u00e9mon\n|rule|Item Clause: Limit 1 of each item\n|clearpoke\n|poke|p1|Froslass, L50, F|\n|poke|p1|Incineroar, L50, F|\n|poke|p1|Torterra, L50, F|\n|poke|p1|Aerodactyl, L50, F|\n|poke|p1|Primarina, L50, M|\n|poke|p1|Kingambit, L50, M|\n|poke|p2|Meganium, L50, F|\n|poke|p2|Delphox, L50, F|\n|poke|p2|Pelipper, L50, M|\n|poke|p2|Garchomp, L50, F|\n|poke|p2|Maushold, L50|\n|poke|p2|Archaludon, L50, F|\n|teampreview|4\n|inactive|Battle timer is ON: inactive players will automatically lose when time's up. (requested by fimmm)\n|inactive|a gamer person has 60 seconds left.\n|inactive|fimmm has 60 seconds left.\n|\n|t:|1776462725\n|teamsize|p1|4\n|teamsize|p2|4\n|start\n|switch|p1a: Torterra|Torterra, L50, F|100/100\n|switch|p1b: Incineroar|Incineroar, L50, F|100/100\n|switch|p2a: Delphox|Delphox, L50, F|100/100\n|switch|p2b: Meganium|Meganium, L50, F|100/100\n|-ability|p1b: Incineroar|Intimidate|boost\n|-unboost|p2a: Delphox|atk|1\n|-unboost|p2b: Meganium|atk|1\n|turn|1\n|inactive|a gamer person has 30 seconds left.\n|inactive|a gamer person has 20 seconds left.\n|inactive|a gamer person has 15 seconds left.\n|\n|t:|1776462766\n|switch|p1a: Primarina|Primarina, L50, M|100/100\n|detailschange|p2b: Meganium|Meganium-Mega, L50, F\n|-mega|p2b: Meganium|Meganium|Meganiumite\n|move|p2a: Delphox|Role Play|p2b: Meganium\n|-ability|p2a: Delphox|Mega Sol|Blaze|[from] move: Role Play|[of] p2b: Meganium\n|move|p2b: Meganium|Solar Beam||[still]\n|-prepare|p2b: Meganium|Solar Beam\n|-activate|p2b: Meganium|ability: Mega Sol\n|-anim|p2b: Meganium|Solar Beam|p1a: Primarina\n|-supereffective|p1a: Primarina|1\n|-damage|p1a: Primarina|0 fnt\n|faint|p1a: Primarina\n|move|p1b: Incineroar|Flare Blitz|p2b: Meganium\n|-supereffective|p2b: Meganium|1\n|-crit|p2b: Meganium\n|-damage|p2b: Meganium|0 fnt\n|faint|p2b: Meganium\n|-damage|p1b: Incineroar|75/100|[from] Recoil\n|\n|upkeep\n|\n|t:|1776462791\n|switch|p2b: Pelipper|Pelipper, L50, M|100/100\n|switch|p1a: Froslass|Froslass, L50, F|100/100\n|-weather|RainDance|[from] ability: Drizzle|[of] p2b: Pelipper\n|turn|2\n|\n|t:|1776462816\n|detailschange|p1a: Froslass|Froslass-Mega, L50, F\n|-mega|p1a: Froslass|Froslass|Froslassite\n|-weather|Snowscape|[from] ability: Snow Warning|[of] p1a: Froslass\n|move|p2a: Delphox|Protect|p2a: Delphox\n|-singleturn|p2a: Delphox|Protect\n|move|p1a: Froslass|Shadow Ball|p2a: Delphox\n|-activate|p2a: Delphox|move: Protect\n|move|p2b: Pelipper|Tailwind|p2b: Pelipper\n|-sidestart|p2: fimmm|move: Tailwind\n|move|p1b: Incineroar|Parting Shot|p2b: Pelipper\n|-unboost|p2b: Pelipper|atk|1\n|-unboost|p2b: Pelipper|spa|1\n|\n|t:|1776462823\n|switch|p1b: Torterra|Torterra, L50, F|100/100|[from] Parting Shot\n|\n|-weather|Snowscape|[upkeep]\n|upkeep\n|turn|3\n|\n|t:|1776462836\n|switch|p1a: Incineroar|Incineroar, L50, F|75/100\n|-ability|p1a: Incineroar|Intimidate|boost\n|-unboost|p2a: Delphox|atk|1\n|-unboost|p2b: Pelipper|atk|1\n|move|p2a: Delphox|Heat Wave|p1b: Torterra|[spread] p1a,p1b\n|-resisted|p1a: Incineroar|1\n|-supereffective|p1b: Torterra|1\n|-damage|p1a: Incineroar|53/100\n|-damage|p1b: Torterra|0 fnt\n|faint|p1b: Torterra\n|move|p2b: Pelipper|Weather Ball|p1a: Incineroar\n|-resisted|p1a: Incineroar|1\n|-damage|p1a: Incineroar|46/100\n|-enditem|p1a: Incineroar|Sitrus Berry|[eat]\n|-heal|p1a: Incineroar|70/100|[from] item: Sitrus Berry\n|\n|-weather|Snowscape|[upkeep]\n|upkeep\n|\n|t:|1776462847\n|switch|p1b: Froslass|Froslass-Mega, L50, F|100/100\n|turn|4\n|\n|t:|1776462857\n|move|p2a: Delphox|Protect|p2a: Delphox\n|-singleturn|p2a: Delphox|Protect\n|move|p1a: Incineroar|Fake Out|p2a: Delphox\n|-activate|p2a: Delphox|move: Protect\n|move|p2b: Pelipper|Rain Dance|p2b: Pelipper\n|-weather|RainDance\n|move|p1b: Froslass|Aurora Veil||[still]\n|-fail|p1b: Froslass\n|\n|-weather|RainDance|[upkeep]\n|upkeep\n|turn|5\n|-message|a gamer person forfeited.\n|\n|win|fimmm\n|raw|a gamer person's rating: 1086 &rarr; <strong>1064</strong><br />(-22 for losing)\n|raw|fimmm's rating: 1102 &rarr; <strong>1126</strong><br />(+24 for winning)\n|l|\u2606a gamer person\n|player|p1|\n|l|\u2606fimmm\n|player|p2|\n|j|\u2606fimmm\n|player|p2|fimmm|whitney|\n",
  "uploadtime": 1776462869,
  "views": 29,
  "formatid": "gen9championsvgc2026regma",
  "rating": 1064,
  "private": 0,
  "password": null
}