{
  "id": "gen9championsvgc2026regma-2580794600",
  "format": "[Gen 9 Champions] VGC 2026 Reg M-A",
  "players": [
    "Millercs",
    "RagingBerserker1"
  ],
  "log": "|j|\u2606Millercs\n|j|\u2606RagingBerserker1\n|t:|1775933048\n|gametype|doubles\n|player|p1|Millercs|101|1116\n|player|p2|RagingBerserker1|266|1022\n|gen|9\n|tier|[Gen 9 Champions] VGC 2026 Reg M-A\n|rated|\n|rule|Species Clause: Limit one of each Pok\u00e9mon\n|rule|Item Clause: Limit 1 of each item\n|clearpoke\n|poke|p1|Floette-Eternal, L50, F|\n|poke|p1|Glimmora, L50, M|\n|poke|p1|Talonflame, L50, M|\n|poke|p1|Maushold-Four, L50|\n|poke|p1|Garchomp, L50, M|\n|poke|p1|Corviknight, L50, F|\n|poke|p2|Tauros-Paldea-Blaze, L50, M|\n|poke|p2|Froslass, L50, F|\n|poke|p2|Vanilluxe, L50, M|\n|poke|p2|Sinistcha, L50|\n|poke|p2|Golurk, L50|\n|poke|p2|Whimsicott, L50, F|\n|teampreview|4\nRagingBerserker1 rejected open team sheets.\n|inactive|Battle timer is ON: inactive players will automatically lose when time's up. (requested by RagingBerserker1)\n|\n|t:|1775933106\n|teamsize|p1|4\n|teamsize|p2|4\n|start\n|switch|p1a: Talonflame|Talonflame, L50, M|100/100\n|switch|p1b: Corviknight|Corviknight, L50, F|100/100\n|switch|p2a: Froslass|Froslass, L50, F|100/100\n|switch|p2b: Whimsicott|Whimsicott, L50, F|100/100\n|turn|1\n|\n|t:|1775933127\n|detailschange|p2a: Froslass|Froslass-Mega, L50, F\n|-mega|p2a: Froslass|Froslass|Froslassite\n|-weather|Snowscape|[from] ability: Snow Warning|[of] p2a: Froslass\n|move|p1a: Talonflame|Tailwind|p1a: Talonflame\n|-sidestart|p1: Millercs|move: Tailwind\n|move|p2b: Whimsicott|Tailwind|p2b: Whimsicott\n|-sidestart|p2: RagingBerserker1|move: Tailwind\n|move|p2a: Froslass|Aurora Veil|p2a: Froslass\n|-sidestart|p2: RagingBerserker1|move: Aurora Veil\n|move|p1b: Corviknight|Iron Defense|p1b: Corviknight\n|-boost|p1b: Corviknight|def|2\n|\n|-weather|Snowscape|[upkeep]\n|upkeep\n|turn|2\n|\n|t:|1775933151\n|switch|p1a: Maushold|Maushold-Four, L50|100/100\n|move|p2b: Whimsicott|Encore||[still]\n|-fail|p2b: Whimsicott\n|move|p2a: Froslass|Blizzard|p1a: Maushold|[spread] p1a,p1b\n|-damage|p1a: Maushold|50/100\n|-damage|p1b: Corviknight|78/100\n|move|p1b: Corviknight|Brave Bird|p2b: Whimsicott\n|-supereffective|p2b: Whimsicott|1\n|-damage|p2b: Whimsicott|55/100\n|-damage|p1b: Corviknight|66/100|[from] Recoil\n|\n|-weather|Snowscape|[upkeep]\n|-heal|p1b: Corviknight|72/100|[from] item: Leftovers\n|upkeep\n|turn|3\n|inactive|Millercs has 30 seconds left.\n|\n|t:|1775933177\n|move|p2a: Froslass|Blizzard|p1b: Corviknight|[spread] p1a,p1b\n|-damage|p1a: Maushold|0 fnt\n|-damage|p1b: Corviknight|50/100\n|faint|p1a: Maushold\n|move|p2b: Whimsicott|Moonblast|p1b: Corviknight\n|-resisted|p1b: Corviknight|1\n|-damage|p1b: Corviknight|41/100\n|move|p1b: Corviknight|Iron Defense|p1b: Corviknight\n|-boost|p1b: Corviknight|def|2\n|\n|-weather|Snowscape|[upkeep]\n|-heal|p1b: Corviknight|47/100|[from] item: Leftovers\n|upkeep\n|\n|t:|1775933190\n|switch|p1a: Talonflame|Talonflame, L50, M|100/100\n|turn|4\n|\n|t:|1775933208\n|move|p1a: Talonflame|Brave Bird|p2b: Whimsicott\n|-supereffective|p2b: Whimsicott|1\n|-damage|p2b: Whimsicott|0 fnt\n|faint|p2b: Whimsicott\n|-damage|p1a: Talonflame|81/100|[from] Recoil\n|move|p2a: Froslass|Blizzard|p1a: Talonflame|[spread] p1a,p1b\n|-damage|p1a: Talonflame|4/100\n|-damage|p1b: Corviknight|14/100\n|move|p1b: Corviknight|Roost|p1b: Corviknight\n|-heal|p1b: Corviknight|64/100\n|-singleturn|p1b: Corviknight|move: Roost\n|\n|-weather|Snowscape|[upkeep]\n|-heal|p1b: Corviknight|70/100|[from] item: Leftovers\n|-sideend|p1: Millercs|move: Tailwind\n|-sideend|p2: RagingBerserker1|move: Tailwind\n|upkeep\n|\n|t:|1775933226\n|switch|p2b: Tauros|Tauros-Paldea-Blaze, L50, M|100/100\n|turn|5\n|\n|t:|1775933240\n|move|p1a: Talonflame|Tailwind|p1a: Talonflame\n|-sidestart|p1: Millercs|move: Tailwind\n|move|p2a: Froslass|Blizzard|p1a: Talonflame|[spread] p1a,p1b\n|-damage|p1a: Talonflame|0 fnt\n|-damage|p1b: Corviknight|40/100\n|faint|p1a: Talonflame\n|move|p1b: Corviknight|Body Press|p2b: Tauros\n|-damage|p2b: Tauros|58/100\n|move|p2b: Tauros|Raging Bull|p1b: Corviknight\n|-supereffective|p1b: Corviknight|1\n|-damage|p1b: Corviknight|15/100\n|\n|-weather|none\n|-heal|p1b: Corviknight|21/100|[from] item: Leftovers\n|-sideend|p2: RagingBerserker1|move: Aurora Veil\n|upkeep\n|\n|t:|1775933255\n|switch|p1a: Glimmora|Glimmora, L50, M|100/100\n|turn|6\n|inactive|RagingBerserker1 has 30 seconds left.\n|inactive|Millercs has 30 seconds left.\n|\n|t:|1775933290\n|switch|p2a: Sinistcha|Sinistcha, L50|100/100\n|-heal|p2b: Tauros|83/100|[from] ability: Hospitality|[of] p2a: Sinistcha\n|detailschange|p1a: Glimmora|Glimmora-Mega, L50, M\n|-mega|p1a: Glimmora|Glimmora|Glimmoranite\n|move|p1a: Glimmora|Earth Power|p2b: Tauros\n|-supereffective|p2b: Tauros|1\n|-damage|p2b: Tauros|0 fnt\n|faint|p2b: Tauros\n|move|p1b: Corviknight|Roost|p1b: Corviknight\n|-heal|p1b: Corviknight|71/100\n|-singleturn|p1b: Corviknight|move: Roost\n|\n|-heal|p1b: Corviknight|77/100|[from] item: Leftovers\n|upkeep\n|\n|t:|1775933298\n|switch|p2b: Froslass|Froslass-Mega, L50, F|100/100\n|-weather|Snowscape|[from] ability: Snow Warning|[of] p2b: Froslass\n|turn|7\n|\n|t:|1775933322\n|move|p1a: Glimmora|Sludge Bomb|p2a: Sinistcha\n|-damage|p2a: Sinistcha|15/100\n|move|p2b: Froslass|Aurora Veil|p2b: Froslass\n|-sidestart|p2: RagingBerserker1|move: Aurora Veil\n|move|p1b: Corviknight|Brave Bird|p2b: Froslass\n|-damage|p2b: Froslass|73/100\n|-damage|p1b: Corviknight|70/100|[from] Recoil\n|move|p2a: Sinistcha|Matcha Gotcha|p1a: Glimmora|[spread] p1a,p1b\n|-resisted|p1b: Corviknight|2\n|-damage|p1a: Glimmora|69/100\n|-heal|p2a: Sinistcha|29/100|[from] drain|[of] p1a: Glimmora\n|-damage|p1b: Corviknight|66/100\n|-heal|p2a: Sinistcha|31/100|[from] drain|[of] p1b: Corviknight\n|\n|-weather|Snowscape|[upkeep]\n|-heal|p1b: Corviknight|72/100|[from] item: Leftovers\n|upkeep\n|turn|8\n|inactive|Millercs has 30 seconds left.\n|inactive|RagingBerserker1 has 30 seconds left.\n|\n|t:|1775933353\n|move|p2a: Sinistcha|Rage Powder|p2a: Sinistcha\n|-singleturn|p2a: Sinistcha|move: Rage Powder\n|move|p1a: Glimmora|Power Gem|p2a: Sinistcha\n|-damage|p2a: Sinistcha|0 fnt\n|faint|p2a: Sinistcha\n|move|p2b: Froslass|Blizzard|p1a: Glimmora|[spread] p1a,p1b\n|-damage|p1a: Glimmora|18/100\n|-damage|p1b: Corviknight|42/100\n|move|p1b: Corviknight|Brave Bird|p2b: Froslass\n|-damage|p2b: Froslass|44/100\n|-damage|p1b: Corviknight|36/100|[from] Recoil\n|\n|-weather|Snowscape|[upkeep]\n|-heal|p1b: Corviknight|41/100|[from] item: Leftovers\n|-sideend|p1: Millercs|move: Tailwind\n|upkeep\n|turn|9\n|inactive|Millercs has 30 seconds left.\n|\n|t:|1775933379\n|move|p2b: Froslass|Blizzard|p1a: Glimmora|[spread] p1a,p1b\n|-damage|p1a: Glimmora|0 fnt\n|-damage|p1b: Corviknight|11/100\n|faint|p1a: Glimmora\n|move|p1b: Corviknight|Roost|p1b: Corviknight\n|-heal|p1b: Corviknight|61/100\n|-singleturn|p1b: Corviknight|move: Roost\n|\n|-weather|Snowscape|[upkeep]\n|-heal|p1b: Corviknight|67/100|[from] item: Leftovers\n|upkeep\n|turn|10\n|\n|t:|1775933391\n|move|p2b: Froslass|Blizzard|p1b: Corviknight\n|-damage|p1b: Corviknight|26/100\n|move|p1b: Corviknight|Roost|p1b: Corviknight\n|-heal|p1b: Corviknight|76/100\n|-singleturn|p1b: Corviknight|move: Roost\n|\n|-weather|Snowscape|[upkeep]\n|-heal|p1b: Corviknight|82/100|[from] item: Leftovers\n|upkeep\n|turn|11\n|\n|t:|1775933405\n|move|p2b: Froslass|Blizzard|p1b: Corviknight\n|-damage|p1b: Corviknight|38/100\n|move|p1b: Corviknight|Roost|p1b: Corviknight\n|-heal|p1b: Corviknight|88/100\n|-singleturn|p1b: Corviknight|move: Roost\n|\n|-weather|none\n|-heal|p1b: Corviknight|94/100|[from] item: Leftovers\n|-sideend|p2: RagingBerserker1|move: Aurora Veil\n|upkeep\n|turn|12\n|\n|t:|1775933418\n|move|p2b: Froslass|Frost Breath|p1b: Corviknight\n|-crit|p1b: Corviknight\n|-damage|p1b: Corviknight|59/100\n|move|p1b: Corviknight|Brave Bird|p2b: Froslass\n|-damage|p2b: Froslass|0 fnt\n|faint|p2b: Froslass\n|-damage|p1b: Corviknight|48/100|[from] Recoil\n|\n|win|Millercs\n|raw|Millercs's rating: 1116 &rarr; <strong>1134</strong><br />(+18 for winning)\n|raw|RagingBerserker1's rating: 1022 &rarr; <strong>1012</strong><br />(-10 for losing)\n|l|\u2606RagingBerserker1\n|player|p2|\n",
  "uploadtime": 1775933428,
  "views": 18,
  "formatid": "gen9championsvgc2026regma",
  "rating": 1012,
  "private": 0,
  "password": null
}