{
  "id": "gen9championsvgc2026regma-2585217771",
  "format": "[Gen 9 Champions] VGC 2026 Reg M-A",
  "players": [
    "tomcheung22",
    "Rockoso"
  ],
  "log": "|j|\u2606tomcheung22\n|j|\u2606Rockoso\n|html|<table width=\"100%\"><tr><td align=\"left\">tomcheung22</td><td align=\"right\">Rockoso</tr><tr><td align=\"left\"><i class=\"fa fa-circle\"></i> <i class=\"fa fa-circle-o\"></i> </td><td align=\"right\"><i class=\"fa fa-circle-o\"></i> <i class=\"fa fa-circle-o\"></i> </tr></table>\n|uhtml|bestof|<h2><strong>Game 2</strong> of <a href=\"/game-bestof3-gen9championsvgc2026regma-2585215297\">a best-of-3</a></h2>\n|t:|1776326238\n|gametype|doubles\n|player|p1|tomcheung22|bianca|\n|player|p2|Rockoso|bruno|\n|gen|9\n|tier|[Gen 9 Champions] VGC 2026 Reg M-A\n|rated|Tournament battle\n|rule|Species Clause: Limit one of each Pok\u00e9mon\n|rule|Item Clause: Limit 1 of each item\n|raw|<div class=\"infobox\"><details class=\"readmore\" open><summary><strong>2 custom rules:</strong></summary> Force Open Team Sheets, Best of = 3</details></div>\n|clearpoke\n|poke|p1|Scizor, L50, M|\n|poke|p1|Aerodactyl, L50, M|\n|poke|p1|Excadrill, L50, M|\n|poke|p1|Milotic, L50, F|\n|poke|p1|Salazzle, L50, F|\n|poke|p1|Serperior, L50, F|\n|poke|p2|Tyranitar, L50, F|\n|poke|p2|Excadrill, L50, F|\n|poke|p2|Gyarados, L50, M|\n|poke|p2|Sinistcha, L50|\n|poke|p2|Corviknight, L50, F|\n|poke|p2|Sneasler, L50, M|\n|teampreview|4\n|showteam|p1|Scizor||WhiteHerb|Technician|BulletPunch,CloseCombat,SwordsDance,Protect|||M|||50|]Aerodactyl||Aerodactylite|Unnerve|RockSlide,DualWingbeat,Tailwind,Protect|||M|||50|]Excadrill||FocusSash|MoldBreaker|IronHead,HighHorsepower,SwordsDance,Protect|||M|||50|]Milotic||WacanBerry|Competitive|Scald,IcyWind,Recover,Hypnosis|||F|||50|]Salazzle||KingsRock|Oblivious|Overheat,SludgeBomb,FakeOut,Fling|||F|||50|]Serperior||KebiaBerry|Contrary|LeafStorm,Glare,HelpingHand,Protect|||F|||50|\n|showteam|p2|Tyranitar||Tyranitarite|SandStream|RockSlide,Assurance,Protect,LowKick|||F|||50|]Excadrill||FocusSash|SandRush|Earthquake,RockSlide,SwordsDance,Protect|||F|||50|]Gyarados||LumBerry|Intimidate|Waterfall,ThunderWave,Taunt,Protect|||M|||50|]Sinistcha||SitrusBerry|Hospitality|MatchaGotcha,TrickRoom,RagePowder,Imprison||||||50|]Corviknight||Leftovers|MirrorArmor|BulkUp,BraveBird,BodyPress,Roost|||F|||50|]Sneasler||WhiteHerb|Unburden|FakeOut,DireClaw,CloseCombat,Protect|||M|||50|\n|j| do something babe\n|j| Mishsire\n|j|%llefface\n|inactive|Battle timer is ON: inactive players will automatically lose when time's up. (requested by Rockoso)\n|\n|t:|1776326294\n|teamsize|p1|4\n|teamsize|p2|4\n|start\n|switch|p1a: Aerodactyl|Aerodactyl, L50, M|100/100\n|switch|p1b: Serperior|Serperior, L50, F|100/100\n|switch|p2a: Sneasler|Sneasler, L50, M|100/100\n|switch|p2b: Corviknight|Corviknight, L50, F|100/100\n|-ability|p1a: Aerodactyl|Unnerve\n|turn|1\n|\n|t:|1776326313\n|detailschange|p1a: Aerodactyl|Aerodactyl-Mega, L50, M\n|-mega|p1a: Aerodactyl|Aerodactyl|Aerodactylite\n|move|p2a: Sneasler|Fake Out|p1b: Serperior\n|-damage|p1b: Serperior|85/100\n|move|p1a: Aerodactyl|Dual Wingbeat|p2a: Sneasler\n|-supereffective|p2a: Sneasler|1\n|-crit|p2a: Sneasler\n|-damage|p2a: Sneasler|0 fnt\n|faint|p2a: Sneasler\n|-hitcount|p2: Sneasler|1\n|cant|p1b: Serperior|flinch\n|move|p2b: Corviknight|Bulk Up|p2b: Corviknight\n|-boost|p2b: Corviknight|atk|1\n|-boost|p2b: Corviknight|def|1\n|\n|upkeep\n|\n|t:|1776326327\n|switch|p2a: Gyarados|Gyarados, L50, M|100/100\n|-ability|p2a: Gyarados|Intimidate|boost\n|-unboost|p1a: Aerodactyl|atk|1\n|-boost|p1b: Serperior|atk|1\n|turn|2\n|\n|t:|1776326339\n|move|p2a: Gyarados|Protect|p2a: Gyarados\n|-singleturn|p2a: Gyarados|Protect\n|move|p1a: Aerodactyl|Rock Slide|p2b: Corviknight|[spread] p2b\n|-activate|p2a: Gyarados|move: Protect\n|-crit|p2b: Corviknight\n|-damage|p2b: Corviknight|62/100\n|move|p1b: Serperior|Glare|p2b: Corviknight\n|-status|p2b: Corviknight|par\n|cant|p2b: Corviknight|flinch\n|\n|-heal|p2b: Corviknight|68/100 par|[from] item: Leftovers\n|upkeep\n|turn|3\n|\n|t:|1776326360\n|move|p1a: Aerodactyl|Rock Slide|p2b: Corviknight|[spread] p2a,p2b\n|-supereffective|p2a: Gyarados|1\n|-damage|p2a: Gyarados|68/100\n|-damage|p2b: Corviknight|57/100 par\n|move|p1b: Serperior|Leaf Storm|p2a: Gyarados\n|-damage|p2a: Gyarados|40/100\n|-boost|p1b: Serperior|spa|2\n|move|p2a: Gyarados|Thunder Wave|p1a: Aerodactyl\n|-status|p1a: Aerodactyl|par\n|cant|p2b: Corviknight|flinch\n|\n|-heal|p2b: Corviknight|63/100 par|[from] item: Leftovers\n|upkeep\n|turn|4\n|\n|t:|1776326379\n|move|p2a: Gyarados|Protect|p2a: Gyarados\n|-singleturn|p2a: Gyarados|Protect\n|move|p1b: Serperior|Leaf Storm|p2a: Gyarados\n|-activate|p2a: Gyarados|move: Protect\n|cant|p1a: Aerodactyl|par\n|move|p2b: Corviknight|Brave Bird|p1b: Serperior\n|-supereffective|p1b: Serperior|1\n|-damage|p1b: Serperior|0 fnt\n|faint|p1b: Serperior\n|-damage|p2b: Corviknight|38/100 par|[from] Recoil\n|\n|-heal|p2b: Corviknight|44/100 par|[from] item: Leftovers\n|upkeep\n|\n|t:|1776326393\n|switch|p1b: Salazzle|Salazzle, L50, F|100/100\n|turn|5\n|\n|t:|1776326411\n|switch|p2a: Sinistcha|Sinistcha, L50|100/100\n|-heal|p2b: Corviknight|69/100 par|[from] ability: Hospitality|[of] p2a: Sinistcha\n|move|p1b: Salazzle|Fake Out|p2a: Sinistcha\n|-immune|p2a: Sinistcha\n|move|p1a: Aerodactyl|Rock Slide|p2b: Corviknight|[spread] p2a,p2b\n|-damage|p2a: Sinistcha|80/100\n|-damage|p2b: Corviknight|58/100 par\n|cant|p2b: Corviknight|flinch\n|\n|-heal|p2b: Corviknight|64/100 par|[from] item: Leftovers\n|upkeep\n|turn|6\n|inactive|Rockoso has 30 seconds left.\n|inactive|tomcheung22 has 30 seconds left.\n|\n|t:|1776326451\n|move|p2a: Sinistcha|Rage Powder|p2a: Sinistcha\n|-singleturn|p2a: Sinistcha|move: Rage Powder\n|move|p1b: Salazzle|Overheat|p2a: Sinistcha\n|-supereffective|p2a: Sinistcha|1\n|-damage|p2a: Sinistcha|0 fnt\n|-unboost|p1b: Salazzle|spa|2\n|faint|p2a: Sinistcha\n|cant|p1a: Aerodactyl|par\n|move|p2b: Corviknight|Brave Bird|p1b: Salazzle\n|-crit|p1b: Salazzle\n|-damage|p1b: Salazzle|0 fnt\n|faint|p1b: Salazzle\n|-damage|p2b: Corviknight|39/100 par|[from] Recoil\n|\n|-heal|p2b: Corviknight|45/100 par|[from] item: Leftovers\n|upkeep\n|j| shoccco\u2764\n|\n|t:|1776326465\n|switch|p1b: Excadrill|Excadrill, L50, M|100/100\n|switch|p2a: Gyarados|Gyarados, L50, M|40/100\n|-ability|p1b: Excadrill|Mold Breaker\n|-ability|p2a: Gyarados|Intimidate|boost\n|-unboost|p1a: Aerodactyl|atk|1\n|-unboost|p1b: Excadrill|atk|1\n|turn|7\n|inactive|Rockoso has 30 seconds left.\n|\n|t:|1776326492\n|move|p1b: Excadrill|Iron Head|p2a: Gyarados\n|-resisted|p2a: Gyarados|1\n|-damage|p2a: Gyarados|28/100\n|move|p1a: Aerodactyl|Rock Slide|p2a: Gyarados|[spread] p2a,p2b\n|-supereffective|p2a: Gyarados|1\n|-damage|p2a: Gyarados|3/100\n|-damage|p2b: Corviknight|36/100 par\n|move|p2a: Gyarados|Waterfall|p1b: Excadrill\n|-supereffective|p1b: Excadrill|1\n|-enditem|p1b: Excadrill|Focus Sash\n|-damage|p1b: Excadrill|1/100\n|cant|p2b: Corviknight|flinch\n|\n|-heal|p2b: Corviknight|42/100 par|[from] item: Leftovers\n|upkeep\n|turn|8\n|l|%llefface\n|\n|t:|1776326516\n|move|p2a: Gyarados|Protect|p2a: Gyarados\n|-singleturn|p2a: Gyarados|Protect\n|move|p1b: Excadrill|Iron Head|p2b: Corviknight\n|-resisted|p2b: Corviknight|1\n|-damage|p2b: Corviknight|33/100 par\n|move|p1a: Aerodactyl|Rock Slide|p2b: Corviknight|[spread] p2b\n|-activate|p2a: Gyarados|move: Protect\n|-damage|p2b: Corviknight|24/100 par\n|move|p2b: Corviknight|Roost|p2b: Corviknight\n|-heal|p2b: Corviknight|75/100 par\n|-singleturn|p2b: Corviknight|move: Roost\n|\n|-heal|p2b: Corviknight|81/100 par|[from] item: Leftovers\n|upkeep\n|turn|9\n|\n|t:|1776326538\n|move|p1b: Excadrill|Swords Dance|p1b: Excadrill\n|-boost|p1b: Excadrill|atk|2\n|move|p1a: Aerodactyl|Rock Slide|p2b: Corviknight|[spread] p2a,p2b\n|-supereffective|p2a: Gyarados|1\n|-damage|p2a: Gyarados|0 fnt\n|-damage|p2b: Corviknight|73/100 par\n|faint|p2a: Gyarados\n|move|p2b: Corviknight|Body Press|p1a: Aerodactyl\n|-damage|p1a: Aerodactyl|61/100 par\n|\n|-heal|p2b: Corviknight|79/100 par|[from] item: Leftovers\n|upkeep\n|turn|10\n|\n|t:|1776326551\n|move|p1b: Excadrill|Iron Head|p2b: Corviknight\n|-resisted|p2b: Corviknight|1\n|-damage|p2b: Corviknight|59/100 par\n|move|p1a: Aerodactyl|Rock Slide|p2b: Corviknight\n|-damage|p2b: Corviknight|47/100 par\n|move|p2b: Corviknight|Body Press|p1b: Excadrill\n|-supereffective|p1b: Excadrill|1\n|-damage|p1b: Excadrill|0 fnt\n|faint|p1b: Excadrill\n|\n|-heal|p2b: Corviknight|53/100 par|[from] item: Leftovers\n|upkeep\n|turn|11\n|\n|t:|1776326562\n|move|p1a: Aerodactyl|Rock Slide|p2b: Corviknight\n|-damage|p2b: Corviknight|41/100 par\n|cant|p2b: Corviknight|flinch\n|\n|-heal|p2b: Corviknight|47/100 par|[from] item: Leftovers\n|upkeep\n|turn|12\n|-message|tomcheung22 forfeited.\n|\n|win|Rockoso\n||tomcheung22 is ready for game 3.\n|l| do something babe\n|l|\u2606Rockoso\n|player|p2|\n||Rockoso is ready for game 3.\n|uhtml|next|Next: <a href=\"/battle-gen9championsvgc2026regma-2585220628\"><strong>Game 3 of 3</strong></a>\n|l| Mishsire\n|l| shoccco\u2764\n",
  "uploadtime": 1776327589,
  "views": 17,
  "formatid": "gen9championsvgc2026regma",
  "rating": null,
  "private": 0,
  "password": null
}