{
  "id": "gen9championsvgc2026regma-2583964440",
  "format": "[Gen 9 Champions] VGC 2026 Reg M-A",
  "players": [
    "elyavy",
    "SimMikaze"
  ],
  "log": "|j|\u2606elyavy\n|j|\u2606SimMikaze\n|t:|1776212367\n|gametype|doubles\n|player|p1|elyavy|steven|1152\n|player|p2|SimMikaze|miku-ghost|1233\n|gen|9\n|tier|[Gen 9 Champions] VGC 2026 Reg M-A\n|rated|\n|rule|Species Clause: Limit one of each Pok\u00e9mon\n|rule|Item Clause: Limit 1 of each item\n|clearpoke\n|poke|p1|Charizard, L50, M|\n|poke|p1|Maushold-Four, L50|\n|poke|p1|Kingambit, L50, F|\n|poke|p1|Dragapult, L50, F|\n|poke|p1|Sneasler, L50, M|\n|poke|p1|Garchomp, L50, M|\n|poke|p2|Gardevoir, L50, F|\n|poke|p2|Garchomp, L50, F|\n|poke|p2|Incineroar, L50, M|\n|poke|p2|Sneasler, L50, M|\n|poke|p2|Corviknight, L50, M|\n|poke|p2|Basculegion, L50, M|\n|teampreview|4\n|inactive|Battle timer is ON: inactive players will automatically lose when time's up. (requested by elyavy)\n|inactive|elyavy has 60 seconds left.\n|inactive|SimMikaze has 60 seconds left.\n|\n|t:|1776212430\n|teamsize|p1|4\n|teamsize|p2|4\n|start\n|switch|p1a: Kingambit|Kingambit, L50, F|100/100\n|switch|p1b: Sneasler|Sneasler, L50, M, shiny|100/100\n|switch|p2a: Sneasler|Sneasler, L50, M|100/100\n|switch|p2b: Corviknight|Corviknight, L50, M, shiny|100/100\n|turn|1\n|inactive|elyavy has 30 seconds left.\n|\n|t:|1776212463\n|move|p2a: Sneasler|Fake Out|p1b: Sneasler\n|-damage|p1b: Sneasler|77/100\n|cant|p1b: Sneasler|flinch\n|move|p2b: Corviknight|Body Press|p1a: Kingambit\n|-supereffective|p1a: Kingambit|2\n|-damage|p1a: Kingambit|26/100\n|move|p1a: Kingambit|Kowtow Cleave|p2a: Sneasler\n|-resisted|p2a: Sneasler|1\n|-damage|p2a: Sneasler|46/100\n|\n|upkeep\n|turn|2\n|inactive|elyavy has 30 seconds left.\n|inactive|SimMikaze has 30 seconds left.\n|inactive|elyavy has 20 seconds left.\n|inactive|elyavy has 15 seconds left.\n|\n|t:|1776212504\n|move|p1a: Kingambit|Sucker Punch|p2a: Sneasler\n|-resisted|p2a: Sneasler|1\n|-damage|p2a: Sneasler|2/100\n|move|p2a: Sneasler|Close Combat|p1b: Sneasler\n|-resisted|p1b: Sneasler|1\n|-damage|p1b: Sneasler|25/100\n|-unboost|p2a: Sneasler|def|1\n|-unboost|p2a: Sneasler|spd|1\n|-enditem|p2a: Sneasler|White Herb\n|-clearnegativeboost|p2a: Sneasler|[silent]\n|move|p1b: Sneasler|Dire Claw|p2a: Sneasler\n|-resisted|p2a: Sneasler|1\n|-damage|p2a: Sneasler|0 fnt\n|faint|p2a: Sneasler\n|move|p2b: Corviknight|Tailwind|p2b: Corviknight\n|-sidestart|p2: SimMikaze|move: Tailwind\n|\n|upkeep\n|c|\u2606SimMikaze|Leaving your kingambit open?\n|c|\u2606SimMikaze|Really\n|inactive|SimMikaze has 30 seconds left.\n|\n|t:|1776212530\n|switch|p2a: Garchomp|Garchomp, L50, F|100/100\n|turn|3\n|inactive|elyavy has 30 seconds left.\n|inactive|elyavy has 20 seconds left.\n|inactive|elyavy has 15 seconds left.\n|\n|t:|1776212570\n|switch|p1b: Maushold|Maushold-Four, L50|100/100\n|move|p1a: Kingambit|Sucker Punch|p2a: Garchomp\n|-damage|p2a: Garchomp|47/100\n|-damage|p1a: Kingambit|14/100|[from] ability: Rough Skin|[of] p2a: Garchomp\n|move|p2a: Garchomp|Earthquake|p1b: Maushold|[spread] p1a,p1b\n|-immune|p2b: Corviknight\n|-supereffective|p1a: Kingambit|1\n|-damage|p1a: Kingambit|0 fnt\n|-damage|p1b: Maushold|49/100\n|faint|p1a: Kingambit\n|move|p2b: Corviknight|Iron Defense|p2b: Corviknight\n|-boost|p2b: Corviknight|def|2\n|\n|upkeep\n|\n|t:|1776212595\n|switch|p1a: Sneasler|Sneasler, L50, M, shiny|25/100\n|turn|4\n|\n|t:|1776212608\n|move|p2a: Garchomp|Protect|p2a: Garchomp\n|-singleturn|p2a: Garchomp|Protect\n|move|p1a: Sneasler|Fake Out|p2a: Garchomp\n|-activate|p2a: Garchomp|move: Protect\n|move|p1b: Maushold|Super Fang|p2b: Corviknight\n|-damage|p2b: Corviknight|51/100\n|move|p2b: Corviknight|Body Press|p1b: Maushold\n|-supereffective|p1b: Maushold|1\n|-enditem|p1b: Maushold|Chople Berry|[eat]\n|-enditem|p1b: Maushold|Chople Berry|[weaken]\n|-damage|p1b: Maushold|0 fnt\n|faint|p1b: Maushold\n|\n|-heal|p2b: Corviknight|57/100|[from] item: Leftovers\n|upkeep\n|\n|t:|1776212619\n|switch|p1b: Charizard|Charizard, L50, M|100/100\n|turn|5\n|\n|t:|1776212641\n|detailschange|p1b: Charizard|Charizard-Mega-Y, L50, M\n|-mega|p1b: Charizard|Charizard|Charizardite Y\n|-weather|SunnyDay|[from] ability: Drought|[of] p1b: Charizard\n|move|p1b: Charizard|Protect|p1b: Charizard\n|-singleturn|p1b: Charizard|Protect\n|move|p2a: Garchomp|Rock Slide|p1a: Sneasler|[spread] p1a\n|-activate|p1b: Charizard|move: Protect\n|-resisted|p1a: Sneasler|1\n|-damage|p1a: Sneasler|10/100\n|move|p2b: Corviknight|Body Press|p1a: Sneasler\n|-resisted|p1a: Sneasler|1\n|-damage|p1a: Sneasler|0 fnt\n|faint|p1a: Sneasler\n|\n|-weather|SunnyDay|[upkeep]\n|-heal|p2b: Corviknight|62/100|[from] item: Leftovers\n|-sideend|p2: SimMikaze|move: Tailwind\n|upkeep\n|turn|6\n|\n|t:|1776212664\n|move|p2a: Garchomp|Rock Slide|p1b: Charizard\n|-supereffective|p1b: Charizard|2\n|-damage|p1b: Charizard|0 fnt\n|faint|p1b: Charizard\n|\n|win|SimMikaze\n|raw|elyavy's rating: 1152 &rarr; <strong>1133</strong><br />(-19 for losing)\n|raw|SimMikaze's rating: 1233 &rarr; <strong>1252</strong><br />(+19 for winning)\n|l|\u2606elyavy\n|player|p1|\n",
  "uploadtime": 1776212668,
  "views": 17,
  "formatid": "gen9championsvgc2026regma",
  "rating": 1133,
  "private": 0,
  "password": null
}