{
  "id": "gen9championsvgc2026regma-2586028570",
  "format": "[Gen 9 Champions] VGC 2026 Reg M-A",
  "players": [
    "Cosmicmemer",
    "StrawberryBalloons"
  ],
  "log": "|j|\u2606Cosmicmemer\n|j|\u203dStrawberryBalloons\n|t:|1776391727\n|gametype|doubles\n|player|p1|Cosmicmemer|psychic-gen4|1260\n|player|p2|StrawberryBalloons|fisherman-gen4|1368\n|gen|9\n|tier|[Gen 9 Champions] VGC 2026 Reg M-A\n|rated|\n|rule|Species Clause: Limit one of each Pok\u00e9mon\n|rule|Item Clause: Limit 1 of each item\n|clearpoke\n|poke|p1|Dragonite, L50, M|\n|poke|p1|Orthworm, L50, M|\n|poke|p1|Garchomp, L50, M|\n|poke|p1|Gyarados, L50, M|\n|poke|p1|Rotom-Heat, L50|\n|poke|p1|Tinkaton, L50, F|\n|poke|p2|Noivern, L50, F|\n|poke|p2|Sneasler, L50, F|\n|poke|p2|Feraligatr, L50, M|\n|poke|p2|Archaludon, L50, M|\n|poke|p2|Pelipper, L50, F|\n|poke|p2|Sinistcha, L50|\n|teampreview|4\n|inactive|Battle timer is ON: inactive players will automatically lose when time's up. (requested by StrawberryBalloons)\n|inactive|StrawberryBalloons has 60 seconds left.\n|inactive|StrawberryBalloons has 30 seconds left.\n|inactive|StrawberryBalloons has 20 seconds left.\n|\n|t:|1776391800\n|teamsize|p1|4\n|teamsize|p2|4\n|start\n|switch|p1a: Gyarados|Gyarados, L50, M|100/100\n|switch|p1b: Rotom|Rotom-Heat, L50|100/100\n|switch|p2a: Noivern|Noivern, L50, F|100/100\n|switch|p2b: Feraligatr|Feraligatr, L50, M, shiny|100/100\n|-item|p1a: Gyarados|Gyaradosite|[from] ability: Frisk|[of] p2a: Noivern\n|-item|p1b: Rotom|Choice Scarf|[from] ability: Frisk|[of] p2a: Noivern\n|-ability|p1a: Gyarados|Intimidate|boost\n|-unboost|p2a: Noivern|atk|1\n|-unboost|p2b: Feraligatr|atk|1\n|turn|1\n|\n|t:|1776391822\n|detailschange|p1a: Gyarados|Gyarados-Mega, L50, M\n|-mega|p1a: Gyarados|Gyarados|Gyaradosite\n|-ability|p1a: Gyarados|Mold Breaker\n|move|p2b: Feraligatr|Protect|p2b: Feraligatr\n|-singleturn|p2b: Feraligatr|Protect\n|move|p1b: Rotom|Volt Switch|p2a: Noivern\n|-damage|p2a: Noivern|57/100\n|\n|t:|1776391833\n|switch|p1b: Tinkaton|Tinkaton, L50, F|100/100|[from] Volt Switch\n|move|p2a: Noivern|Tailwind|p2a: Noivern\n|-sidestart|p2: StrawberryBalloons|move: Tailwind\n|move|p1a: Gyarados|Dragon Dance|p1a: Gyarados\n|-boost|p1a: Gyarados|atk|1\n|-boost|p1a: Gyarados|spe|1\n|\n|upkeep\n|turn|2\n|\n|t:|1776391855\n|switch|p2b: Archaludon|Archaludon, L50, M|100/100\n|move|p1b: Tinkaton|Fake Out|p2b: Archaludon\n|-resisted|p2b: Archaludon|1\n|-damage|p2b: Archaludon|97/100\n|move|p1a: Gyarados|Crunch|p2a: Noivern\n|-damage|p2a: Noivern|0 fnt\n|faint|p2a: Noivern\n|\n|upkeep\n|\n|t:|1776391862\n|switch|p2a: Feraligatr|Feraligatr, L50, M, shiny|100/100\n|turn|3\n|\n|t:|1776391876\n|move|p1a: Gyarados|Protect|p1a: Gyarados\n|-singleturn|p1a: Gyarados|Protect\n|move|p2a: Feraligatr|Dragon Dance|p2a: Feraligatr\n|-boost|p2a: Feraligatr|atk|1\n|-boost|p2a: Feraligatr|spe|1\n|move|p2b: Archaludon|Electro Shot||[still]\n|-prepare|p2b: Archaludon|Electro Shot\n|-boost|p2b: Archaludon|spa|1\n|move|p1b: Tinkaton|Play Rough|p2a: Feraligatr\n|-damage|p2a: Feraligatr|69/100\n|\n|upkeep\n|turn|4\n|inactive|StrawberryBalloons has 30 seconds left.\n|inactive|StrawberryBalloons has 20 seconds left.\n|\n|t:|1776391914\n|switch|p1a: Garchomp|Garchomp, L50, M|100/100\n|detailschange|p2a: Feraligatr|Feraligatr-Mega, L50, M, shiny\n|-mega|p2a: Feraligatr|Feraligatr|Feraligite\n|move|p2a: Feraligatr|Aqua Jet|p1b: Tinkaton\n|-damage|p1b: Tinkaton|51/100\n|move|p2b: Archaludon|Electro Shot|p1b: Tinkaton|[from] lockedmove\n|-damage|p1b: Tinkaton|0 fnt\n|faint|p1b: Tinkaton\n|\n|-sideend|p2: StrawberryBalloons|move: Tailwind\n|upkeep\n|\n|t:|1776391925\n|switch|p1b: Rotom|Rotom-Heat, L50|100/100\n|turn|5\n|\n|t:|1776391949\n|move|p1b: Rotom|Electroweb|p2a: Feraligatr|[spread] p2a,p2b\n|-resisted|p2b: Archaludon|1\n|-crit|p2b: Archaludon\n|-damage|p2a: Feraligatr|49/100\n|-damage|p2b: Archaludon|79/100\n|-unboost|p2a: Feraligatr|spe|1\n|-unboost|p2b: Archaludon|spe|1\n|move|p1a: Garchomp|Earthquake|p2b: Archaludon|[spread] p2a,p2b\n|-immune|p1b: Rotom|[from] ability: Levitate\n|-supereffective|p2b: Archaludon|1\n|-damage|p2a: Feraligatr|15/100\n|-damage|p2b: Archaludon|27/100\n|move|p2a: Feraligatr|Body Slam|p1b: Rotom\n|-damage|p1b: Rotom|0 fnt\n|faint|p1b: Rotom\n|move|p2b: Archaludon|Aura Sphere|p1a: Garchomp\n|-damage|p1a: Garchomp|55/100\n|\n|upkeep\n|\n|t:|1776391966\n|switch|p1b: Gyarados|Gyarados-Mega, L50, M|100/100\n|-ability|p1b: Gyarados|Mold Breaker\n|turn|6\n|\n|t:|1776391972\n|switch|p2b: Sinistcha|Sinistcha, L50|100/100\n|-heal|p2a: Feraligatr|40/100|[from] ability: Hospitality|[of] p2b: Sinistcha\n|move|p1b: Gyarados|Protect|p1b: Gyarados\n|-singleturn|p1b: Gyarados|Protect\n|move|p2a: Feraligatr|Aqua Jet|p1a: Garchomp\n|-damage|p1a: Garchomp|19/100\n|-damage|p2a: Feraligatr|28/100|[from] ability: Rough Skin|[of] p1a: Garchomp\n|move|p1a: Garchomp|Earthquake|p2b: Sinistcha|[spread] p2a,p2b\n|-activate|p1b: Gyarados|move: Protect\n|-resisted|p2b: Sinistcha|1\n|-damage|p2a: Feraligatr|0 fnt\n|-damage|p2b: Sinistcha|82/100\n|faint|p2a: Feraligatr\n|\n|upkeep\n|\n|t:|1776391980\n|switch|p2a: Archaludon|Archaludon, L50, M|27/100\n|turn|7\n|\n|t:|1776392001\n|move|p2a: Archaludon|Protect|p2a: Archaludon\n|-singleturn|p2a: Archaludon|Protect\n|move|p1a: Garchomp|Dragon Claw|p2b: Sinistcha\n|-damage|p2b: Sinistcha|43/100\n|-enditem|p2b: Sinistcha|Sitrus Berry|[eat]\n|-heal|p2b: Sinistcha|68/100|[from] item: Sitrus Berry\n|move|p1b: Gyarados|Dragon Dance|p1b: Gyarados\n|-boost|p1b: Gyarados|atk|1\n|-boost|p1b: Gyarados|spe|1\n|move|p2b: Sinistcha|Trick Room|p2b: Sinistcha\n|-fieldstart|move: Trick Room|[of] p2b: Sinistcha\n|\n|upkeep\n|turn|8\n|\n|t:|1776392015\n|move|p1a: Garchomp|Protect|p1a: Garchomp\n|-singleturn|p1a: Garchomp|Protect\n|move|p1b: Gyarados|Protect|p1b: Gyarados\n|-singleturn|p1b: Gyarados|Protect\n|move|p2b: Sinistcha|Matcha Gotcha|p1a: Garchomp|[spread] \n|-activate|p1a: Garchomp|move: Protect\n|-activate|p1b: Gyarados|move: Protect\n|move|p2a: Archaludon|Aura Sphere|p1b: Gyarados\n|-activate|p1b: Gyarados|move: Protect\n|\n|upkeep\n|turn|9\n|\n|t:|1776392030\n|move|p2b: Sinistcha|Matcha Gotcha|p1a: Garchomp|[spread] p1a,p1b\n|-supereffective|p1b: Gyarados|1\n|-damage|p1a: Garchomp|0 fnt\n|-heal|p2b: Sinistcha|77/100|[from] drain|[of] p1a: Garchomp\n|-damage|p1b: Gyarados|48/100\n|-heal|p2b: Sinistcha|100/100|[from] drain|[of] p1b: Gyarados\n|-status|p1b: Gyarados|brn\n|faint|p1a: Garchomp\n|move|p2a: Archaludon|Aura Sphere|p1b: Gyarados\n|-supereffective|p1b: Gyarados|1\n|-damage|p1b: Gyarados|5/100 brn\n|move|p1b: Gyarados|Crunch|p2b: Sinistcha\n|-supereffective|p2b: Sinistcha|1\n|-damage|p2b: Sinistcha|31/100\n|-unboost|p2b: Sinistcha|def|1\n|\n|-damage|p1b: Gyarados|0 fnt|[from] brn\n|faint|p1b: Gyarados\n|\n|win|StrawberryBalloons\n|raw|Cosmicmemer's rating: 1260 &rarr; <strong>1243</strong><br />(-17 for losing)\n|raw|StrawberryBalloons's rating: 1368 &rarr; <strong>1382</strong><br />(+14 for winning)\n|l|\u2606Cosmicmemer\n|player|p1|\n",
  "uploadtime": 1776392051,
  "views": 23,
  "formatid": "gen9championsvgc2026regma",
  "rating": 1243,
  "private": 0,
  "password": null
}