{
  "id": "gen9championsvgc2026regma-2584807301",
  "format": "[Gen 9 Champions] VGC 2026 Reg M-A",
  "players": [
    "catpotatt",
    "boolberryjam"
  ],
  "log": "|j|\u2606catpotatt\n|j|\u2606boolberryjam\n|t:|1776285119\n|gametype|doubles\n|player|p1|catpotatt|roxie|1399\n|player|p2|boolberryjam|rocketgrunt|1308\n|gen|9\n|tier|[Gen 9 Champions] VGC 2026 Reg M-A\n|rated|\n|rule|Species Clause: Limit one of each Pok\u00e9mon\n|rule|Item Clause: Limit 1 of each item\n|clearpoke\n|poke|p1|Basculegion, L50, M|\n|poke|p1|Floette-Eternal, L50, F|\n|poke|p1|Talonflame, L50, F|\n|poke|p1|Garchomp, L50, F|\n|poke|p1|Gardevoir, L50, F|\n|poke|p1|Rotom-Heat, L50|\n|poke|p2|Garchomp, L50, M|\n|poke|p2|Floette-Eternal, L50, F|\n|poke|p2|Sinistcha, L50|\n|poke|p2|Incineroar, L50, M|\n|poke|p2|Rotom-Wash, L50|\n|poke|p2|Aerodactyl, L50, F|\n|teampreview|4\n|inactive|Battle timer is ON: inactive players will automatically lose when time's up. (requested by boolberryjam)\n|inactive|catpotatt has 60 seconds left.\n|\n|t:|1776285155\n|teamsize|p1|4\n|teamsize|p2|4\n|start\n|switch|p1a: Floette|Floette-Eternal, L50, F|100/100\n|switch|p1b: Gardevoir|Gardevoir, L50, F|100/100\n|switch|p2a: Aerodactyl|Aerodactyl, L50, F|100/100\n|switch|p2b: Rotom|Rotom-Wash, L50|100/100\n|-ability|p2a: Aerodactyl|Unnerve\n|turn|1\n|inactive|boolberryjam has 30 seconds left.\n|\n|t:|1776285182\n|detailschange|p1a: Floette|Floette-Mega, L50, F\n|-mega|p1a: Floette|Floette|Floettite\n|-ability|p1a: Floette|Fairy Aura\n|move|p2b: Rotom|Hydro Pump|p1a: Floette\n|-damage|p1a: Floette|56/100\n|move|p2a: Aerodactyl|Rock Slide|p1b: Gardevoir|[spread] p1a,p1b\n|-damage|p1a: Floette|24/100\n|-damage|p1b: Gardevoir|61/100\n|cant|p1a: Floette|flinch\n|move|p1b: Gardevoir|Moonblast|p2a: Aerodactyl\n|-damage|p2a: Aerodactyl|18/100\n|-unboost|p2a: Aerodactyl|spa|1\n|\n|upkeep\n|turn|2\n|inactive|catpotatt has 30 seconds left.\n|\n|t:|1776285217\n|switch|p1b: Talonflame|Talonflame, L50, F|100/100\n|move|p1a: Floette|Protect|p1a: Floette\n|-singleturn|p1a: Floette|Protect\n|move|p2b: Rotom|Hydro Pump|p1a: Floette\n|-activate|p1a: Floette|move: Protect\n|move|p2a: Aerodactyl|Tailwind|p2a: Aerodactyl\n|-sidestart|p2: boolberryjam|move: Tailwind\n|\n|upkeep\n|turn|3\n|\n|t:|1776285242\n|switch|p1a: Basculegion|Basculegion, L50, M|100/100\n|move|p1b: Talonflame|Dual Wingbeat|p2a: Aerodactyl\n|-resisted|p2a: Aerodactyl|1\n|-damage|p2a: Aerodactyl|4/100\n|-resisted|p2a: Aerodactyl|1\n|-crit|p2a: Aerodactyl\n|-damage|p2a: Aerodactyl|0 fnt\n|faint|p2a: Aerodactyl\n|-hitcount|p2: Aerodactyl|2\n|move|p2b: Rotom|Hydro Pump|p1a: Basculegion|[miss]\n|-miss|p2b: Rotom|p1a: Basculegion\n|\n|upkeep\n|\n|t:|1776285248\n|switch|p2a: Floette|Floette-Eternal, L50, F|100/100\n|turn|4\n|\n|t:|1776285258\n|switch|p2b: Incineroar|Incineroar, L50, M|100/100\n|-ability|p2b: Incineroar|Intimidate|boost\n|-unboost|p1a: Basculegion|atk|1\n|-unboost|p1b: Talonflame|atk|1\n|detailschange|p2a: Floette|Floette-Mega, L50, F\n|-mega|p2a: Floette|Floette|Floettite\n|-ability|p2a: Floette|Fairy Aura\n|move|p1b: Talonflame|Tailwind|p1b: Talonflame\n|-sidestart|p1: catpotatt|move: Tailwind\n|move|p1a: Basculegion|Wave Crash|p2a: Floette\n|-damage|p2a: Floette|42/100\n|-damage|p1a: Basculegion|83/100|[from] Recoil\n|move|p2a: Floette|Dazzling Gleam|p1a: Basculegion|[spread] p1a,p1b\n|-resisted|p1b: Talonflame|1\n|-damage|p1a: Basculegion|23/100\n|-damage|p1b: Talonflame|64/100\n|\n|upkeep\n|turn|5\n|inactive|catpotatt has 30 seconds left.\n|inactive|boolberryjam has 30 seconds left.\n|inactive|boolberryjam has 20 seconds left.\n|\n|t:|1776285296\n|switch|p2b: Rotom|Rotom-Wash, L50|100/100\n|move|p1a: Basculegion|Wave Crash|p2b: Rotom\n|-resisted|p2b: Rotom|1\n|-damage|p2b: Rotom|69/100\n|-damage|p1a: Basculegion|17/100|[from] Recoil\n|move|p1b: Talonflame|Overheat|p2a: Floette\n|-damage|p2a: Floette|17/100\n|-unboost|p1b: Talonflame|spa|2\n|move|p2a: Floette|Dazzling Gleam|p1b: Talonflame|[spread] p1a,p1b\n|-resisted|p1b: Talonflame|1\n|-damage|p1a: Basculegion|0 fnt\n|-damage|p1b: Talonflame|26/100\n|faint|p1a: Basculegion\n|\n|-sideend|p2: boolberryjam|move: Tailwind\n|upkeep\n|\n|t:|1776285310\n|switch|p1a: Floette|Floette-Mega, L50, F|24/100\n|-ability|p1a: Floette|Fairy Aura\n|turn|6\n|\n|t:|1776285330\n|move|p1b: Talonflame|Dual Wingbeat|p2a: Floette\n|-damage|p2a: Floette|2/100\n|-damage|p2a: Floette|0 fnt\n|faint|p2a: Floette\n|-hitcount|p2: Floette|2\n|move|p1a: Floette|Moonblast|p2b: Rotom\n|-damage|p2b: Rotom|0 fnt\n|faint|p2b: Rotom\n|\n|upkeep\n|-message|boolberryjam forfeited.\n|\n|win|catpotatt\n|raw|catpotatt's rating: 1399 &rarr; <strong>1414</strong><br />(+15 for winning)\n|raw|boolberryjam's rating: 1308 &rarr; <strong>1293</strong><br />(-15 for losing)\n|l|\u2606boolberryjam\n|player|p2|\n|c|\u2606catpotatt|gg\n",
  "uploadtime": 1776285341,
  "views": 30,
  "formatid": "gen9championsvgc2026regma",
  "rating": 1293,
  "private": 0,
  "password": null
}