{
  "id": "gen9championsvgc2026regma-2585108218",
  "format": "[Gen 9 Champions] VGC 2026 Reg M-A",
  "players": [
    "ShadowOugi",
    "tastytjuice"
  ],
  "log": "|j|\u2606ShadowOugi\n|j|\u2606tastytjuice\n|t:|1776312673\n|gametype|doubles\n|player|p1|ShadowOugi|102|1411\n|player|p2|tastytjuice|1|1311\n|gen|9\n|tier|[Gen 9 Champions] VGC 2026 Reg M-A\n|rated|\n|rule|Species Clause: Limit one of each Pok\u00e9mon\n|rule|Item Clause: Limit 1 of each item\n|clearpoke\n|poke|p1|Delphox, L50, M|\n|poke|p1|Garchomp, L50, F|\n|poke|p1|Whimsicott, L50, M|\n|poke|p1|Kingambit, L50, F|\n|poke|p1|Sneasler, L50, F|\n|poke|p1|Incineroar, L50, F|\n|poke|p2|Tyranitar, L50, F|\n|poke|p2|Excadrill, L50, M|\n|poke|p2|Incineroar, L50, M|\n|poke|p2|Rotom-Wash, L50|\n|poke|p2|Basculegion, L50, M|\n|poke|p2|Milotic, L50, F|\n|teampreview|4\n|inactive|Battle timer is ON: inactive players will automatically lose when time's up. (requested by ShadowOugi)\n|inactive|ShadowOugi has 60 seconds left.\n|inactive|tastytjuice has 60 seconds left.\n|inactive|ShadowOugi has 30 seconds left.\n|inactive|tastytjuice has 30 seconds left.\n|inactive|ShadowOugi has 20 seconds left.\n|\n|t:|1776312747\n|teamsize|p1|4\n|teamsize|p2|4\n|start\n|switch|p1a: Garchomp|Garchomp, L50, F|100/100\n|switch|p1b: Sneasler|Sneasler, L50, F|100/100\n|switch|p2a: Milotic|Milotic, L50, F, shiny|100/100\n|switch|p2b: Tyranitar|Tyranitar, L50, F, shiny|100/100\n|-weather|Sandstorm|[from] ability: Sand Stream|[of] p2b: Tyranitar\n|turn|1\n|\n|t:|1776312771\n|move|p2b: Tyranitar|Protect|p2b: Tyranitar\n|-singleturn|p2b: Tyranitar|Protect\n|move|p1a: Garchomp|Stomping Tantrum|p2b: Tyranitar\n|-activate|p2b: Tyranitar|move: Protect\n|move|p1b: Sneasler|Close Combat|p2a: Milotic\n|-damage|p2a: Milotic|31/100\n|-unboost|p1b: Sneasler|def|1\n|-unboost|p1b: Sneasler|spd|1\n|-enditem|p1b: Sneasler|White Herb\n|-clearnegativeboost|p1b: Sneasler|[silent]\n|move|p2a: Milotic|Scald|p1b: Sneasler\n|-damage|p1b: Sneasler|65/100\n|-status|p1b: Sneasler|brn\n|\n|-weather|Sandstorm|[upkeep]\n|-damage|p1b: Sneasler|60/100 brn|[from] Sandstorm\n|-damage|p2a: Milotic|25/100|[from] Sandstorm\n|-heal|p2a: Milotic|31/100|[from] item: Leftovers\n|-damage|p1b: Sneasler|54/100 brn|[from] brn\n|upkeep\n|turn|2\n|inactive|tastytjuice has 30 seconds left.\n|inactive|ShadowOugi has 30 seconds left.\n|inactive|tastytjuice has 20 seconds left.\n|\n|t:|1776312807\n|switch|p2a: Rotom|Rotom-Wash, L50|100/100\n|switch|p2b: Excadrill|Excadrill, L50, M|100/100\n|move|p1b: Sneasler|Coaching|p1a: Garchomp\n|-boost|p1a: Garchomp|atk|1\n|-boost|p1a: Garchomp|def|1\n|move|p1a: Garchomp|Stomping Tantrum|p2a: Rotom\n|-immune|p2a: Rotom|[from] ability: Levitate\n|\n|-weather|Sandstorm|[upkeep]\n|-damage|p1b: Sneasler|48/100 brn|[from] Sandstorm\n|-damage|p2a: Rotom|95/100|[from] Sandstorm\n|-damage|p1b: Sneasler|43/100 brn|[from] brn\n|upkeep\n|turn|3\n|\n|t:|1776312827\n|move|p2b: Excadrill|Protect|p2b: Excadrill\n|-singleturn|p2b: Excadrill|Protect\n|move|p1b: Sneasler|Coaching|p1a: Garchomp\n|-boost|p1a: Garchomp|atk|1\n|-boost|p1a: Garchomp|def|1\n|move|p1a: Garchomp|Stomping Tantrum|p2b: Excadrill\n|-activate|p2b: Excadrill|move: Protect\n|move|p2a: Rotom|Will-O-Wisp|p1a: Garchomp\n|-status|p1a: Garchomp|brn\n|\n|-weather|Sandstorm|[upkeep]\n|-damage|p1b: Sneasler|37/100 brn|[from] Sandstorm\n|-damage|p2a: Rotom|89/100|[from] Sandstorm\n|-damage|p1b: Sneasler|31/100 brn|[from] brn\n|-damage|p1a: Garchomp|95/100 brn|[from] brn\n|upkeep\n|turn|4\n|\n|t:|1776312851\n|move|p1b: Sneasler|Coaching|p1a: Garchomp\n|-boost|p1a: Garchomp|atk|1\n|-boost|p1a: Garchomp|def|1\n|move|p2b: Excadrill|Earthquake|p1a: Garchomp|[spread] p1a,p1b\n|-immune|p2a: Rotom|[from] ability: Levitate\n|-supereffective|p1b: Sneasler|1\n|-damage|p1a: Garchomp|78/100 brn\n|-damage|p1b: Sneasler|0 fnt\n|faint|p1b: Sneasler\n|move|p1a: Garchomp|Stomping Tantrum|p2b: Excadrill\n|-supereffective|p2b: Excadrill|1\n|-enditem|p2b: Excadrill|Focus Sash\n|-damage|p2b: Excadrill|1/100\n|move|p2a: Rotom|Hydro Pump|p1a: Garchomp\n|-crit|p1a: Garchomp\n|-damage|p1a: Garchomp|18/100 brn\n|\n|-weather|Sandstorm|[upkeep]\n|-damage|p2a: Rotom|83/100|[from] Sandstorm\n|-damage|p1a: Garchomp|12/100 brn|[from] brn\n|upkeep\n|\n|t:|1776312866\n|switch|p1b: Delphox|Delphox, L50, M|100/100\n|turn|5\n|\n|t:|1776312881\n|detailschange|p1b: Delphox|Delphox-Mega, L50, M\n|-mega|p1b: Delphox|Delphox|Delphoxite\n|move|p2b: Excadrill|Earthquake|p1b: Delphox|[spread] p1a\n|-immune|p2a: Rotom|[from] ability: Levitate\n|-immune|p1b: Delphox|[from] ability: Levitate\n|-damage|p1a: Garchomp|0 fnt\n|faint|p1a: Garchomp\n|move|p1b: Delphox|Psychic|p2a: Rotom\n|-damage|p2a: Rotom|41/100\n|-unboost|p2a: Rotom|spd|1\n|move|p2a: Rotom|Hydro Pump|p1b: Delphox\n|-supereffective|p1b: Delphox|1\n|-damage|p1b: Delphox|25/100\n|\n|-weather|none\n|upkeep\n|\n|t:|1776312888\n|switch|p1a: Whimsicott|Whimsicott, L50, M|100/100\n|turn|6\n|\n|t:|1776312912\n|switch|p2a: Tyranitar|Tyranitar, L50, F, shiny|100/100\n|-weather|Sandstorm|[from] ability: Sand Stream|[of] p2a: Tyranitar\n|move|p1a: Whimsicott|Encore|p2b: Excadrill\n|-start|p2b: Excadrill|Encore\n|move|p2b: Excadrill|Earthquake|p1b: Delphox|[spread] p2a,p1a\n|-immune|p1b: Delphox|[from] ability: Levitate\n|-supereffective|p2a: Tyranitar|1\n|-resisted|p1a: Whimsicott|1\n|-damage|p2a: Tyranitar|23/100\n|-damage|p1a: Whimsicott|70/100\n|move|p1b: Delphox|Psychic|p2a: Tyranitar\n|-immune|p2a: Tyranitar\n|\n|-weather|Sandstorm|[upkeep]\n|-damage|p1b: Delphox|20/100|[from] Sandstorm\n|-damage|p1a: Whimsicott|64/100|[from] Sandstorm\n|upkeep\n|turn|7\n|\n|t:|1776312930\n|switch|p2b: Rotom|Rotom-Wash, L50|41/100\n|detailschange|p2a: Tyranitar|Tyranitar-Mega, L50, F, shiny\n|-mega|p2a: Tyranitar|Tyranitar|Tyranitarite\n|move|p1a: Whimsicott|Sunny Day|p1a: Whimsicott\n|-weather|SunnyDay\n|move|p1b: Delphox|Heat Wave|p2b: Rotom|[spread] p2a,p2b\n|-resisted|p2a: Tyranitar|1\n|-resisted|p2b: Rotom|1\n|-damage|p2a: Tyranitar|0 fnt\n|-damage|p2b: Rotom|15/100\n|-status|p2b: Rotom|brn\n|faint|p2a: Tyranitar\n|\n|-weather|SunnyDay|[upkeep]\n|-damage|p2b: Rotom|9/100 brn|[from] brn\n|upkeep\n|inactive|tastytjuice has 30 seconds left.\n|\n|t:|1776312958\n|switch|p2a: Milotic|Milotic, L50, F, shiny|31/100\n|turn|8\n|\n|t:|1776312976\n|move|p1a: Whimsicott|Tailwind|p1a: Whimsicott\n|-sidestart|p1: ShadowOugi|move: Tailwind\n|move|p1b: Delphox|Heat Wave|p2b: Rotom|[spread] p2a,p2b\n|-resisted|p2a: Milotic|1\n|-resisted|p2b: Rotom|1\n|-damage|p2a: Milotic|14/100\n|-damage|p2b: Rotom|0 fnt\n|faint|p2b: Rotom\n|move|p2a: Milotic|Recover|p2a: Milotic\n|-heal|p2a: Milotic|64/100\n|\n|-weather|SunnyDay|[upkeep]\n|-heal|p2a: Milotic|70/100|[from] item: Leftovers\n|upkeep\n|\n|t:|1776312986\n|switch|p2b: Excadrill|Excadrill, L50, M|1/100\n|turn|9\n|\n|t:|1776312993\n|move|p2b: Excadrill|Protect|p2b: Excadrill\n|-singleturn|p2b: Excadrill|Protect\n|move|p1a: Whimsicott|Encore|p2a: Milotic\n|-start|p2a: Milotic|Encore\n|move|p1b: Delphox|Psychic|p2b: Excadrill\n|-activate|p2b: Excadrill|move: Protect\n|move|p2a: Milotic|Recover|p2a: Milotic\n|-heal|p2a: Milotic|100/100\n|\n|-weather|SunnyDay|[upkeep]\n|upkeep\n|turn|10\n|c|\u2606tastytjuice|oh i see\n|\n|t:|1776313011\n|move|p1b: Delphox|Psychic|p2a: Milotic\n|-damage|p2a: Milotic|72/100\n|move|p1a: Whimsicott|Moonblast|p2b: Excadrill\n|-resisted|p2b: Excadrill|1\n|-damage|p2b: Excadrill|0 fnt\n|faint|p2b: Excadrill\n|move|p2a: Milotic|Recover|p2a: Milotic\n|-heal|p2a: Milotic|100/100\n|\n|-weather|SunnyDay|[upkeep]\n|upkeep\n|turn|11\n|\n|t:|1776313021\n|move|p1b: Delphox|Psychic|p2a: Milotic\n|-damage|p2a: Milotic|67/100\n|move|p1a: Whimsicott|Moonblast|p2a: Milotic\n|-damage|p2a: Milotic|49/100\n|move|p2a: Milotic|Recover|p2a: Milotic\n|-heal|p2a: Milotic|99/100\n|\n|-weather|none\n|-heal|p2a: Milotic|100/100|[from] item: Leftovers\n|-end|p2a: Milotic|Encore\n|-sideend|p1: ShadowOugi|move: Tailwind\n|upkeep\n|turn|12\n|\n|t:|1776313032\n|move|p1a: Whimsicott|Encore|p2a: Milotic\n|-start|p2a: Milotic|Encore\n|move|p1b: Delphox|Psychic|p2a: Milotic\n|-damage|p2a: Milotic|68/100\n|move|p2a: Milotic|Recover|p2a: Milotic\n|-heal|p2a: Milotic|100/100\n|\n|upkeep\n|turn|13\n|\n|t:|1776313040\n|move|p1b: Delphox|Psychic|p2a: Milotic\n|-damage|p2a: Milotic|70/100\n|move|p1a: Whimsicott|Moonblast|p2a: Milotic\n|-damage|p2a: Milotic|52/100\n|move|p2a: Milotic|Recover|p2a: Milotic\n|-heal|p2a: Milotic|100/100\n|\n|upkeep\n|turn|14\n|\n|t:|1776313047\n|move|p1b: Delphox|Psychic|p2a: Milotic\n|-damage|p2a: Milotic|68/100\n|move|p1a: Whimsicott|Moonblast|p2a: Milotic\n|-damage|p2a: Milotic|50/100\n|move|p2a: Milotic|Recover|p2a: Milotic\n|-heal|p2a: Milotic|99/100\n|\n|-heal|p2a: Milotic|100/100|[from] item: Leftovers\n|-end|p2a: Milotic|Encore\n|upkeep\n|turn|15\n|\n|t:|1776313065\n|move|p1a: Whimsicott|Sunny Day|p1a: Whimsicott\n|-weather|SunnyDay\n|move|p1b: Delphox|Encore|p2a: Milotic\n|-start|p2a: Milotic|Encore\n|move|p2a: Milotic|Recover||[still]\n|-fail|p2a: Milotic|heal\n|\n|-weather|SunnyDay|[upkeep]\n|-end|p2a: Milotic|Encore\n|upkeep\n|turn|16\n|\n|t:|1776313073\n|move|p1b: Delphox|Psychic|p2a: Milotic\n|-damage|p2a: Milotic|72/100\n|move|p1a: Whimsicott|Moonblast|p2a: Milotic\n|-damage|p2a: Milotic|51/100\n|move|p2a: Milotic|Icy Wind|p1b: Delphox|[spread] p1a,p1b\n|-supereffective|p1a: Whimsicott|1\n|-crit|p1a: Whimsicott\n|-resisted|p1b: Delphox|1\n|-damage|p1a: Whimsicott|17/100\n|-damage|p1b: Delphox|16/100\n|-unboost|p1a: Whimsicott|spe|1\n|-unboost|p1b: Delphox|spe|1\n|\n|-weather|SunnyDay|[upkeep]\n|-heal|p2a: Milotic|57/100|[from] item: Leftovers\n|upkeep\n|turn|17\n|\n|t:|1776313098\n|move|p1a: Whimsicott|Tailwind|p1a: Whimsicott\n|-sidestart|p1: ShadowOugi|move: Tailwind\n|move|p1b: Delphox|Psychic|p2a: Milotic\n|-damage|p2a: Milotic|26/100\n|move|p2a: Milotic|Icy Wind|p1b: Delphox|[spread] p1a,p1b\n|-supereffective|p1a: Whimsicott|1\n|-resisted|p1b: Delphox|1\n|-damage|p1a: Whimsicott|0 fnt\n|-damage|p1b: Delphox|11/100\n|-unboost|p1b: Delphox|spe|1\n|faint|p1a: Whimsicott\n|\n|-weather|SunnyDay|[upkeep]\n|-heal|p2a: Milotic|32/100|[from] item: Leftovers\n|upkeep\n|turn|18\n|\n|t:|1776313109\n|move|p2a: Milotic|Protect|p2a: Milotic\n|-singleturn|p2a: Milotic|Protect\n|move|p1b: Delphox|Psychic|p2a: Milotic\n|-activate|p2a: Milotic|move: Protect\n|\n|-weather|SunnyDay|[upkeep]\n|-heal|p2a: Milotic|38/100|[from] item: Leftovers\n|upkeep\n|turn|19\n|\n|t:|1776313117\n|move|p1b: Delphox|Encore|p2a: Milotic\n|-start|p2a: Milotic|Encore\n|move|p2a: Milotic|Protect||[still]\n|-fail|p2a: Milotic\n|\n|-weather|none\n|-heal|p2a: Milotic|44/100|[from] item: Leftovers\n|upkeep\n|turn|20\n|\n|t:|1776313123\n|move|p2a: Milotic|Protect|p2a: Milotic\n|-singleturn|p2a: Milotic|Protect\n|move|p1b: Delphox|Psychic|p2a: Milotic\n|-activate|p2a: Milotic|move: Protect\n|\n|-heal|p2a: Milotic|50/100|[from] item: Leftovers\n|-sideend|p1: ShadowOugi|move: Tailwind\n|upkeep\n|turn|21\n|\n|t:|1776313130\n|move|p2a: Milotic|Protect|p2a: Milotic\n|-singleturn|p2a: Milotic|Protect\n|move|p1b: Delphox|Heat Wave|p2a: Milotic\n|-activate|p2a: Milotic|move: Protect\n|\n|-heal|p2a: Milotic|56/100|[from] item: Leftovers\n|-end|p2a: Milotic|Encore\n|upkeep\n|turn|22\n|\n|t:|1776313138\n|move|p2a: Milotic|Protect||[still]\n|-fail|p2a: Milotic\n|move|p1b: Delphox|Encore|p2a: Milotic\n|-start|p2a: Milotic|Encore\n|\n|-heal|p2a: Milotic|62/100|[from] item: Leftovers\n|upkeep\n|turn|23\n|\n|t:|1776313143\n|move|p2a: Milotic|Protect|p2a: Milotic\n|-singleturn|p2a: Milotic|Protect\n|move|p1b: Delphox|Heat Wave|p2a: Milotic\n|-activate|p2a: Milotic|move: Protect\n|\n|-heal|p2a: Milotic|68/100|[from] item: Leftovers\n|upkeep\n|turn|24\n|\n|t:|1776313149\n|move|p2a: Milotic|Protect|p2a: Milotic\n|-singleturn|p2a: Milotic|Protect\n|move|p1b: Delphox|Heat Wave|p2a: Milotic\n|-activate|p2a: Milotic|move: Protect\n|\n|-heal|p2a: Milotic|74/100|[from] item: Leftovers\n|upkeep\n|turn|25\n|-message|ShadowOugi forfeited.\n|\n|win|tastytjuice\n|raw|ShadowOugi's rating: 1411 &rarr; <strong>1385</strong><br />(-26 for losing)\n|raw|tastytjuice's rating: 1311 &rarr; <strong>1337</strong><br />(+26 for winning)\n|l|\u2606ShadowOugi\n|player|p1|\n",
  "uploadtime": 1776313191,
  "views": 29,
  "formatid": "gen9championsvgc2026regma",
  "rating": 1337,
  "private": 0,
  "password": null
}