{
  "id": "gen9championsvgc2026regma-2584755392",
  "format": "[Gen 9 Champions] VGC 2026 Reg M-A",
  "players": [
    "Fusnfixh",
    "stevesomethingg"
  ],
  "log": "|j|\u2606Fusnfixh\n|j|\u2606stevesomethingg\n|t:|1776281378\n|gametype|doubles\n|player|p1|Fusnfixh|1|1040\n|player|p2|stevesomethingg|102|1000\n|gen|9\n|tier|[Gen 9 Champions] VGC 2026 Reg M-A\n|rated|\n|rule|Species Clause: Limit one of each Pok\u00e9mon\n|rule|Item Clause: Limit 1 of each item\n|clearpoke\n|poke|p1|Gardevoir, L50, M|\n|poke|p1|Meowstic, L50, M|\n|poke|p1|Sinistcha, L50|\n|poke|p1|Talonflame, L50, F|\n|poke|p1|Incineroar, L50, F|\n|poke|p1|Lucario, L50, M|\n|poke|p2|Alcremie, L50, F|\n|poke|p2|Farigiraf, L50, F|\n|poke|p2|Chimecho, L50, M|\n|poke|p2|Espathra, L50, M|\n|poke|p2|Scizor, L50, M|\n|poke|p2|Morpeko, L50, F|\n|teampreview|4\nstevesomethingg has agreed to open team sheets.\n|inactive|Battle timer is ON: inactive players will automatically lose when time's up. (requested by stevesomethingg)\n|\n|t:|1776281486\n|teamsize|p1|4\n|teamsize|p2|4\n|start\n|switch|p1a: Talonflame|Talonflame, L50, F|100/100\n|switch|p1b: Incineroar|Incineroar, L50, F|100/100\n|switch|p2a: Alcremie|Alcremie, L50, F|100/100\n|switch|p2b: Farigiraf|Farigiraf, L50, F|100/100\n|-ability|p1b: Incineroar|Intimidate|boost\n|-unboost|p2a: Alcremie|atk|1\n|-unboost|p2b: Farigiraf|atk|1\n|turn|1\n|inactive|Fusnfixh has 30 seconds left.\n|\n|t:|1776281514\n|move|p1b: Incineroar|Fake Out||[still]\n|cant|p2b: Farigiraf|ability: Armor Tail|Fake Out|[of] p1b: Incineroar\n|move|p1a: Talonflame|Taunt|p2b: Farigiraf\n|-block|p2b: Farigiraf|ability: Aroma Veil|[of] p2a: Alcremie\n|move|p2a: Alcremie|Decorate|p2b: Farigiraf\n|-boost|p2b: Farigiraf|atk|2\n|-boost|p2b: Farigiraf|spa|2\n|move|p2b: Farigiraf|Amnesia|p2b: Farigiraf\n|-boost|p2b: Farigiraf|spd|2\n|\n|upkeep\n|turn|2\n|inactive|Fusnfixh has 30 seconds left.\n|inactive|Fusnfixh has 20 seconds left.\n|\n|t:|1776281555\n|move|p1a: Talonflame|Dual Wingbeat||[still]\n|cant|p2b: Farigiraf|ability: Armor Tail|Dual Wingbeat|[of] p1a: Talonflame\n|move|p2a: Alcremie|Decorate|p2b: Farigiraf\n|-boost|p2b: Farigiraf|atk|2\n|-boost|p2b: Farigiraf|spa|2\n|move|p2b: Farigiraf|Baton Pass|p2b: Farigiraf\n|inactive|stevesomethingg has 30 seconds left.\n|\n|t:|1776281590\n|switch|p2b: Morpeko|Morpeko, L50, F|100/100|[from] Baton Pass\n|move|p1b: Incineroar|Flare Blitz|p2a: Alcremie\n|-damage|p2a: Alcremie|29/100\n|-damage|p1b: Incineroar|80/100|[from] Recoil\n|\n|-formechange|p2b: Morpeko|Morpeko-Hangry|\n|upkeep\n|turn|3\n|inactive|Fusnfixh has 30 seconds left.\n|\n|t:|1776281616\n|move|p1a: Talonflame|Upper Hand||[still]\n|-fail|p1a: Talonflame\n|move|p2b: Morpeko|Power Trip|p1a: Talonflame\n|-damage|p1a: Talonflame|0 fnt\n|faint|p1a: Talonflame\n|move|p2a: Alcremie|Draining Kiss|p1b: Incineroar\n|-damage|p1b: Incineroar|60/100\n|-heal|p2a: Alcremie|46/100|[from] drain|[of] p1b: Incineroar\n|move|p1b: Incineroar|Close Combat|p2b: Morpeko\n|-supereffective|p2b: Morpeko|1\n|-damage|p2b: Morpeko|0 fnt\n|-unboost|p1b: Incineroar|def|1\n|-unboost|p1b: Incineroar|spd|1\n|faint|p2b: Morpeko\n|\n|upkeep\n|inactive|stevesomethingg has 30 seconds left.\n|\n|t:|1776281651\n|switch|p1a: Meowstic|Meowstic, L50, M|100/100\n|switch|p2b: Chimecho|Chimecho, L50, M|100/100\n|turn|4\n|\n|t:|1776281669\n|detailschange|p2b: Chimecho|Chimecho-Mega, L50, M\n|-mega|p2b: Chimecho|Chimecho|Chimechite\n|move|p1a: Meowstic|Fake Out|p2b: Chimecho\n|-resisted|p2b: Chimecho|1\n|-damage|p2b: Chimecho|98/100\n|move|p2a: Alcremie|Decorate|p2b: Chimecho\n|-boost|p2b: Chimecho|atk|2\n|-boost|p2b: Chimecho|spa|2\n|cant|p2b: Chimecho|flinch\n|move|p1b: Incineroar|Parting Shot|p2b: Chimecho\n|-unboost|p2b: Chimecho|atk|1\n|-unboost|p2b: Chimecho|spa|1\n|\n|t:|1776281682\n|switch|p1b: Gardevoir|Gardevoir, L50, M|100/100|[from] Parting Shot\n|\n|upkeep\n|turn|5\n|inactive|Fusnfixh has 30 seconds left.\n|\n|t:|1776281717\n|detailschange|p1b: Gardevoir|Gardevoir-Mega, L50, M\n|-mega|p1b: Gardevoir|Gardevoir|Gardevoirite\n|move|p1a: Meowstic|Psychic Terrain|p1a: Meowstic\n|-fieldstart|move: Psychic Terrain\n|move|p1b: Gardevoir|Calm Mind|p1b: Gardevoir\n|-boost|p1b: Gardevoir|spa|1\n|-boost|p1b: Gardevoir|spd|1\n|move|p2a: Alcremie|Decorate|p2b: Chimecho\n|-boost|p2b: Chimecho|atk|2\n|-boost|p2b: Chimecho|spa|2\n|move|p2b: Chimecho|Cosmic Power|p2b: Chimecho\n|-boost|p2b: Chimecho|def|1\n|-boost|p2b: Chimecho|spd|1\n|\n|upkeep\n|turn|6\n|inactive|Fusnfixh has 30 seconds left.\n|\n|t:|1776281747\n|move|p1b: Gardevoir|Expanding Force|p2b: Chimecho|[spread] p2a,p2b\n|-resisted|p2b: Chimecho|2\n|-damage|p2a: Alcremie|0 fnt\n|-damage|p2b: Chimecho|82/100\n|faint|p2a: Alcremie\n|move|p1a: Meowstic|Play Rough|p2b: Chimecho|[miss]\n|-miss|p1a: Meowstic|p2b: Chimecho\n|move|p2b: Chimecho|Stored Power|p1a: Meowstic\n|-resisted|p1a: Meowstic|1\n|-enditem|p1a: Meowstic|Focus Sash\n|-damage|p1a: Meowstic|1/100\n|\n|upkeep\n|\n|t:|1776281757\n|switch|p2a: Farigiraf|Farigiraf, L50, F|100/100\n|turn|7\n|\n|t:|1776281778\n|move|p1b: Gardevoir|Calm Mind|p1b: Gardevoir\n|-boost|p1b: Gardevoir|spa|1\n|-boost|p1b: Gardevoir|spd|1\n|move|p1a: Meowstic|Play Rough|p2b: Chimecho\n|-resisted|p2b: Chimecho|1\n|-damage|p2b: Chimecho|79/100\n|move|p2a: Farigiraf|Amnesia|p2a: Farigiraf\n|-boost|p2a: Farigiraf|spd|2\n|move|p2b: Chimecho|Cosmic Power|p2b: Chimecho\n|-boost|p2b: Chimecho|def|1\n|-boost|p2b: Chimecho|spd|1\n|\n|upkeep\n|turn|8\n|\n|t:|1776281799\n|move|p1b: Gardevoir|Calm Mind|p1b: Gardevoir\n|-boost|p1b: Gardevoir|spa|1\n|-boost|p1b: Gardevoir|spd|1\n|move|p1a: Meowstic|Play Rough|p2a: Farigiraf\n|-damage|p2a: Farigiraf|87/100\n|move|p2a: Farigiraf|Nasty Plot|p2a: Farigiraf\n|-boost|p2a: Farigiraf|spa|2\n|move|p2b: Chimecho|Stored Power|p1b: Gardevoir\n|-resisted|p1b: Gardevoir|1\n|-damage|p1b: Gardevoir|53/100\n|\n|upkeep\n|turn|9\n|\n|t:|1776281819\n|switch|p1a: Incineroar|Incineroar, L50, F|60/100\n|-ability|p1a: Incineroar|Intimidate|boost\n|-unboost|p2a: Farigiraf|atk|1\n|-unboost|p2b: Chimecho|atk|1\n|move|p1b: Gardevoir|Protect|p1b: Gardevoir\n|-singleturn|p1b: Gardevoir|Protect\n|move|p2a: Farigiraf|Stored Power|p1b: Gardevoir\n|-activate|p1b: Gardevoir|move: Protect\n|move|p2b: Chimecho|Stored Power|p1b: Gardevoir\n|-activate|p1b: Gardevoir|move: Protect\n|\n|-fieldend|move: Psychic Terrain\n|upkeep\n|turn|10\n|inactive|Fusnfixh has 30 seconds left.\n|\n|t:|1776281849\n|move|p1b: Gardevoir|Hyper Voice|p2a: Farigiraf|[spread] p2a,p2b\n|-resisted|p2b: Chimecho|1\n|-damage|p2a: Farigiraf|3/100\n|-damage|p2b: Chimecho|50/100\n|move|p2a: Farigiraf|Stored Power|p1b: Gardevoir\n|-resisted|p1b: Gardevoir|1\n|-damage|p1b: Gardevoir|36/100\n|move|p2b: Chimecho|Stored Power|p1b: Gardevoir\n|-resisted|p1b: Gardevoir|1\n|-damage|p1b: Gardevoir|0 fnt\n|faint|p1b: Gardevoir\n|move|p1a: Incineroar|Flare Blitz|p2b: Chimecho\n|-supereffective|p2b: Chimecho|1\n|-damage|p2b: Chimecho|0 fnt\n|faint|p2b: Chimecho\n|-damage|p1a: Incineroar|46/100|[from] Recoil\n|\n|upkeep\n|\n|t:|1776281865\n|switch|p1b: Meowstic|Meowstic, L50, M|1/100\n|turn|11\n|l|\u2606stevesomethingg\n|inactive|stevesomethingg disconnected and has a minute to reconnect!\n|player|p2|\n|inactive|stevesomethingg has 30 seconds left.\n|inactive|stevesomethingg has 20 seconds left.\n|inactive|stevesomethingg has 15 seconds left.\n|inactive|stevesomethingg has 10 seconds left.\n|inactive|stevesomethingg has 5 seconds left.\n|-message|stevesomethingg lost due to inactivity.\n|\n|win|Fusnfixh\n|raw|Fusnfixh's rating: 1040 &rarr; <strong>1070</strong><br />(+30 for winning)\n|raw|stevesomethingg's rating: 1000 &rarr; <strong>1000</strong><br />(+0 for losing)\n",
  "uploadtime": 1776281929,
  "views": 40,
  "formatid": "gen9championsvgc2026regma",
  "rating": 1000,
  "private": 0,
  "password": null
}