{
  "id": "gen9championsvgc2026regma-2584410264",
  "format": "[Gen 9 Champions] VGC 2026 Reg M-A",
  "players": [
    "pillow.puppy",
    "Zapdos79"
  ],
  "log": "|j|\u2606pillow.puppy\n|j|\u2606Zapdos79\n|t:|1776258873\n|gametype|doubles\n|player|p1|pillow.puppy|pokekid|1129\n|player|p2|Zapdos79|flannery|1140\n|gen|9\n|tier|[Gen 9 Champions] VGC 2026 Reg M-A\n|rated|\n|rule|Species Clause: Limit one of each Pok\u00e9mon\n|rule|Item Clause: Limit 1 of each item\n|clearpoke\n|poke|p1|Garchomp, L50, F|\n|poke|p1|Tyranitar, L50, M|\n|poke|p1|Aerodactyl, L50, F|\n|poke|p1|Rotom-Wash, L50|\n|poke|p1|Orthworm, L50, F|\n|poke|p1|Sneasler, L50, F|\n|poke|p2|Tyranitar, L50, M|\n|poke|p2|Basculegion, L50, M|\n|poke|p2|Excadrill, L50, F|\n|poke|p2|Meganium, L50, F|\n|poke|p2|Farigiraf, L50, M|\n|poke|p2|Incineroar, L50, M|\n|teampreview|4\n|\n|t:|1776258905\n|teamsize|p1|4\n|teamsize|p2|4\n|start\n|switch|p1a: Aerodactyl|Aerodactyl, L50, F|100/100\n|switch|p1b: Orthworm|Orthworm, L50, F|100/100\n|switch|p2a: Basculegion|Basculegion, L50, M|100/100\n|switch|p2b: Farigiraf|Farigiraf, L50, M|100/100\n|-ability|p1a: Aerodactyl|Unnerve\n|turn|1\n|inactive|Battle timer is ON: inactive players will automatically lose when time's up. (requested by Zapdos79)\n|\n|t:|1776258931\n|move|p2a: Basculegion|Wave Crash|p1a: Aerodactyl\n|-supereffective|p1a: Aerodactyl|1\n|-enditem|p1a: Aerodactyl|Focus Sash\n|-damage|p1a: Aerodactyl|1/100\n|-damage|p2a: Basculegion|75/100|[from] Recoil\n|move|p1a: Aerodactyl|Rock Slide|p2b: Farigiraf|[spread] p2a,p2b\n|-damage|p2a: Basculegion|44/100\n|-damage|p2b: Farigiraf|74/100\n|move|p1b: Orthworm|Shed Tail|p1b: Orthworm\n|-start|p1b: Orthworm|Substitute|[from] move: Shed Tail\n|-damage|p1b: Orthworm|50/100\n|-enditem|p1b: Orthworm|Sitrus Berry|[eat]\n|-heal|p1b: Orthworm|75/100|[from] item: Sitrus Berry\n|\n|t:|1776258946\n|switch|p1b: Garchomp|Garchomp, L50, F|100/100|[from] Shed Tail\n|move|p2b: Farigiraf|Thunder Wave|p1b: Garchomp\n|-immune|p1b: Garchomp\n|\n|upkeep\n|turn|2\n|inactive|pillow.puppy has 30 seconds left.\n|inactive|Zapdos79 has 30 seconds left.\n|\n|t:|1776258982\n|move|p2a: Basculegion|Wave Crash|p1b: Garchomp\n|-end|p1b: Garchomp|Substitute\n|-damage|p2a: Basculegion|37/100|[from] Recoil|[of] p1b: Garchomp\n|move|p1a: Aerodactyl|Tailwind|p1a: Aerodactyl\n|-sidestart|p1: pillow.puppy|move: Tailwind\n|move|p1b: Garchomp|Swords Dance|p1b: Garchomp\n|-boost|p1b: Garchomp|atk|2\n|move|p2b: Farigiraf|Psychic|p1b: Garchomp\n|-damage|p1b: Garchomp|66/100\n|\n|-heal|p1b: Garchomp|72/100|[from] item: Leftovers\n|upkeep\n|turn|3\n|\n|t:|1776259003\n|move|p1a: Aerodactyl|Rock Slide|p2b: Farigiraf|[spread] p2a,p2b\n|-damage|p2a: Basculegion|4/100\n|-damage|p2b: Farigiraf|47/100\n|move|p1b: Garchomp|Earthquake|p2a: Basculegion|[spread] p2a,p2b\n|-immune|p1a: Aerodactyl\n|-damage|p2a: Basculegion|0 fnt\n|-damage|p2b: Farigiraf|0 fnt\n|faint|p2a: Basculegion\n|faint|p2b: Farigiraf\n|\n|-heal|p1b: Garchomp|78/100|[from] item: Leftovers\n|upkeep\n|\n|t:|1776259010\n|switch|p2a: Meganium|Meganium, L50, F|100/100\n|switch|p2b: Incineroar|Incineroar, L50, M|100/100\n|-ability|p2b: Incineroar|Intimidate|boost\n|-unboost|p1a: Aerodactyl|atk|1\n|-unboost|p1b: Garchomp|atk|1\n|turn|4\n|inactive|pillow.puppy has 30 seconds left.\n|inactive|pillow.puppy has 20 seconds left.\n|inactive|pillow.puppy has 15 seconds left.\n|\n|t:|1776259054\n|detailschange|p2a: Meganium|Meganium-Mega, L50, F\n|-mega|p2a: Meganium|Meganium|Meganiumite\n|move|p1a: Aerodactyl|Protect|p1a: Aerodactyl\n|-singleturn|p1a: Aerodactyl|Protect\n|move|p1b: Garchomp|Protect|p1b: Garchomp\n|-singleturn|p1b: Garchomp|Protect\n|move|p2b: Incineroar|Fake Out|p1b: Garchomp\n|-activate|p1b: Garchomp|move: Protect\n|move|p2a: Meganium|Dazzling Gleam|p1a: Aerodactyl|[spread] \n|-activate|p1a: Aerodactyl|move: Protect\n|-activate|p1b: Garchomp|move: Protect\n|\n|-heal|p1b: Garchomp|84/100|[from] item: Leftovers\n|upkeep\n|turn|5\n|\n|t:|1776259072\n|move|p2b: Incineroar|Protect|p2b: Incineroar\n|-singleturn|p2b: Incineroar|Protect\n|move|p1a: Aerodactyl|Dual Wingbeat|p2a: Meganium\n|-supereffective|p2a: Meganium|1\n|-damage|p2a: Meganium|78/100\n|-supereffective|p2a: Meganium|1\n|-damage|p2a: Meganium|53/100\n|-hitcount|p2a: Meganium|2\n|move|p1b: Garchomp|Earthquake|p2b: Incineroar|[spread] p2a\n|-activate|p2b: Incineroar|move: Protect\n|-immune|p1a: Aerodactyl\n|-resisted|p2a: Meganium|1\n|-damage|p2a: Meganium|28/100\n|move|p2a: Meganium|Dazzling Gleam|p1a: Aerodactyl|[spread] p1a,p1b\n|-supereffective|p1b: Garchomp|1\n|-damage|p1a: Aerodactyl|0 fnt\n|-damage|p1b: Garchomp|13/100\n|faint|p1a: Aerodactyl\n|\n|-heal|p1b: Garchomp|19/100|[from] item: Leftovers\n|-sideend|p1: pillow.puppy|move: Tailwind\n|upkeep\n|\n|t:|1776259093\n|switch|p1a: Orthworm|Orthworm, L50, F|75/100\n|turn|6\n|\n|t:|1776259112\n|move|p1b: Garchomp|Earthquake|p2a: Meganium|[spread] p2a,p2b\n|-heal|p1a: Orthworm|99/100|[from] ability: Earth Eater|[of] p1b: Garchomp\n|-resisted|p2a: Meganium|1\n|-supereffective|p2b: Incineroar|1\n|-damage|p2a: Meganium|4/100\n|-damage|p2b: Incineroar|7/100\n|-enditem|p2b: Incineroar|Sitrus Berry|[eat]\n|-heal|p2b: Incineroar|32/100|[from] item: Sitrus Berry\n|move|p2a: Meganium|Dazzling Gleam|p1a: Orthworm|[spread] p1a,p1b\n|-resisted|p1a: Orthworm|1\n|-supereffective|p1b: Garchomp|1\n|-damage|p1a: Orthworm|80/100\n|-damage|p1b: Garchomp|0 fnt\n|faint|p1b: Garchomp\n|move|p1a: Orthworm|Shed Tail|p1a: Orthworm\n|-start|p1a: Orthworm|Substitute|[from] move: Shed Tail\n|-damage|p1a: Orthworm|29/100\n|\n|t:|1776259125\n|switch|p1a: Tyranitar|Tyranitar, L50, M|100/100|[from] Shed Tail\n|-weather|Sandstorm|[from] ability: Sand Stream|[of] p1a: Tyranitar\n|move|p2b: Incineroar|Flare Blitz|p1a: Tyranitar\n|-resisted|p1a: Tyranitar|1\n|-end|p1a: Tyranitar|Substitute\n|-damage|p2b: Incineroar|25/100|[from] Recoil|[of] p1a: Tyranitar\n|\n|-weather|Sandstorm|[upkeep]\n|-damage|p2a: Meganium|0 fnt|[from] Sandstorm\n|-damage|p2b: Incineroar|19/100|[from] Sandstorm\n|faint|p2a: Meganium\n|upkeep\n|\n|t:|1776259136\n|switch|p1b: Orthworm|Orthworm, L50, F|29/100\n|turn|7\n|c|\u2606Zapdos79|gg\n|\n|t:|1776259146\n|detailschange|p1a: Tyranitar|Tyranitar-Mega, L50, M\n|-mega|p1a: Tyranitar|Tyranitar|Tyranitarite\n|move|p1a: Tyranitar|Rock Slide|p2b: Incineroar\n|-supereffective|p2b: Incineroar|1\n|-damage|p2b: Incineroar|0 fnt\n|faint|p2b: Incineroar\n|\n|win|pillow.puppy\n|raw|pillow.puppy's rating: 1129 &rarr; <strong>1155</strong><br />(+26 for winning)\n|raw|Zapdos79's rating: 1140 &rarr; <strong>1114</strong><br />(-26 for losing)\n|l|\u2606pillow.puppy\n|player|p1|\n",
  "uploadtime": 1776259153,
  "views": 25,
  "formatid": "gen9championsvgc2026regma",
  "rating": 1114,
  "private": 0,
  "password": null
}