{
  "id": "gen9championsvgc2026regma-2586076311",
  "format": "[Gen 9 Champions] VGC 2026 Reg M-A",
  "players": [
    "LaserDedenee",
    "FreshSvilor"
  ],
  "log": "|j|\u2606LaserDedenee\n|j|\u2606FreshSvilor\n|t:|1776396421\n|gametype|doubles\n|player|p1|LaserDedenee|266|1326\n|player|p2|FreshSvilor|volkner|1392\n|gen|9\n|tier|[Gen 9 Champions] VGC 2026 Reg M-A\n|rated|\n|rule|Species Clause: Limit one of each Pok\u00e9mon\n|rule|Item Clause: Limit 1 of each item\n|clearpoke\n|poke|p1|Kingambit, L50, F|\n|poke|p1|Kangaskhan, L50, F|\n|poke|p1|Blastoise, L50, F|\n|poke|p1|Sinistcha, L50|\n|poke|p1|Farigiraf, L50, F|\n|poke|p1|Camerupt, L50, F|\n|poke|p2|Charizard, L50, M|\n|poke|p2|Sneasler, L50, F|\n|poke|p2|Basculegion, L50, M|\n|poke|p2|Garchomp, L50, M|\n|poke|p2|Incineroar, L50, F|\n|poke|p2|Venusaur, L50, F|\n|teampreview|4\n|inactive|Battle timer is ON: inactive players will automatically lose when time's up. (requested by FreshSvilor)\n|inactive|FreshSvilor has 60 seconds left.\nLaserDedenee rejected open team sheets.\n|\n|t:|1776396458\n|teamsize|p1|4\n|teamsize|p2|4\n|start\n|switch|p1a: Kangaskhan|Kangaskhan, L50, F|100/100\n|switch|p1b: Farigiraf|Farigiraf, L50, F|100/100\n|switch|p2a: Venusaur|Venusaur, L50, F|100/100\n|switch|p2b: Charizard|Charizard, L50, M|100/100\n|turn|1\n|\n|t:|1776396467\n|detailschange|p2b: Charizard|Charizard-Mega-Y, L50, M\n|-mega|p2b: Charizard|Charizard|Charizardite Y\n|-weather|SunnyDay|[from] ability: Drought|[of] p2b: Charizard\n|move|p1a: Kangaskhan|Fake Out|p2a: Venusaur\n|-damage|p2a: Venusaur|71/100\n|cant|p2a: Venusaur|flinch\n|move|p2b: Charizard|Weather Ball|p1b: Farigiraf\n|-damage|p1b: Farigiraf|5/100\n|-enditem|p1b: Farigiraf|Sitrus Berry|[eat]\n|-heal|p1b: Farigiraf|30/100|[from] item: Sitrus Berry\n|move|p1b: Farigiraf|Trick Room|p1b: Farigiraf\n|-fieldstart|move: Trick Room|[of] p1b: Farigiraf\n|\n|-weather|SunnyDay|[upkeep]\n|upkeep\n|turn|2\n|inactive|FreshSvilor has 30 seconds left.\n|\n|t:|1776396493\n|move|p1b: Farigiraf|Psychic|p2a: Venusaur\n|-supereffective|p2a: Venusaur|1\n|-damage|p2a: Venusaur|0 fnt\n|faint|p2a: Venusaur\n|move|p1a: Kangaskhan|Last Resort|p2b: Charizard\n|-damage|p2b: Charizard|6/100\n|move|p2b: Charizard|Heat Wave|p1b: Farigiraf|[spread] p1a\n|-miss|p2b: Charizard|p1b: Farigiraf\n|-damage|p1a: Kangaskhan|24/100\n|\n|-weather|SunnyDay|[upkeep]\n|upkeep\n|\n|t:|1776396506\n|switch|p2a: Garchomp|Garchomp, L50, M|100/100\n|turn|3\n|\n|t:|1776396529\n|move|p2b: Charizard|Protect|p2b: Charizard\n|-singleturn|p2b: Charizard|Protect\n|move|p1b: Farigiraf|Rain Dance|p1b: Farigiraf\n|-weather|RainDance\n|move|p1a: Kangaskhan|Last Resort|p2a: Garchomp\n|-damage|p2a: Garchomp|34/100\n|-damage|p1a: Kangaskhan|12/100|[from] ability: Rough Skin|[of] p2a: Garchomp\n|move|p2a: Garchomp|Earthquake|p1b: Farigiraf|[spread] p1a,p1b\n|-activate|p2b: Charizard|move: Protect\n|-damage|p1a: Kangaskhan|0 fnt\n|-damage|p1b: Farigiraf|3/100\n|faint|p1a: Kangaskhan\n|\n|-weather|RainDance|[upkeep]\n|upkeep\n|\n|t:|1776396540\n|switch|p1a: Blastoise|Blastoise, L50, F|100/100\n|turn|4\n|\n|t:|1776396557\n|detailschange|p1a: Blastoise|Blastoise-Mega, L50, F\n|-mega|p1a: Blastoise|Blastoise|Blastoisinite\n|move|p1b: Farigiraf|Helping Hand|p1a: Blastoise\n|-singleturn|p1a: Blastoise|Helping Hand|[of] p1b: Farigiraf\n|move|p2b: Charizard|Protect||[still]\n|-fail|p2b: Charizard\n|move|p2a: Garchomp|Protect|p2a: Garchomp\n|-singleturn|p2a: Garchomp|Protect\n|move|p1a: Blastoise|Water Spout|p2a: Garchomp|[spread] p2b\n|-activate|p2a: Garchomp|move: Protect\n|-supereffective|p2b: Charizard|1\n|-damage|p2b: Charizard|0 fnt\n|faint|p2b: Charizard\n|\n|-weather|RainDance|[upkeep]\n|upkeep\n|\n|t:|1776396568\n|switch|p2b: Basculegion|Basculegion, L50, M|100/100\n|turn|5\n|inactive|LaserDedenee has 30 seconds left.\n|\n|t:|1776396594\n|move|p1b: Farigiraf|Psychic|p2a: Garchomp\n|-damage|p2a: Garchomp|0 fnt\n|faint|p2a: Garchomp\n|move|p1a: Blastoise|Dark Pulse|p2b: Basculegion\n|-supereffective|p2b: Basculegion|1\n|-damage|p2b: Basculegion|0 fnt\n|faint|p2b: Basculegion\n|\n|win|LaserDedenee\n|raw|LaserDedenee's rating: 1326 &rarr; <strong>1350</strong><br />(+24 for winning)\n|raw|FreshSvilor's rating: 1392 &rarr; <strong>1368</strong><br />(-24 for losing)\n",
  "uploadtime": 1776396600,
  "views": 40,
  "formatid": "gen9championsvgc2026regma",
  "rating": 1350,
  "private": 0,
  "password": null
}