{
  "id": "gen9championsvgc2026regma-2581436988",
  "format": "[Gen 9 Champions] VGC 2026 Reg M-A",
  "players": [
    "mr brewster",
    "BottomBun"
  ],
  "log": "|j|\u2606mr brewster\n|j|\u2606BottomBun\n|t:|1776000299\n|gametype|doubles\n|player|p1|mr brewster|169|1078\n|player|p2|BottomBun|infielder|1093\n|gen|9\n|tier|[Gen 9 Champions] VGC 2026 Reg M-A\n|rated|\n|rule|Species Clause: Limit one of each Pok\u00e9mon\n|rule|Item Clause: Limit 1 of each item\n|clearpoke\n|poke|p1|Incineroar, L50, F|\n|poke|p1|Whimsicott, L50, F|\n|poke|p1|Charizard, L50, F|\n|poke|p1|Rotom-Wash, L50|\n|poke|p1|Sneasler, L50, M|\n|poke|p1|Skarmory, L50, F|\n|poke|p2|Farigiraf, L50, F|\n|poke|p2|Sinistcha, L50|\n|poke|p2|Golurk, L50|\n|poke|p2|Drampa, L50, M|\n|poke|p2|Incineroar, L50, M|\n|poke|p2|Kingambit, L50, M|\n|teampreview|4\n|inactive|Battle timer is ON: inactive players will automatically lose when time's up. (requested by mr brewster)\n|\n|t:|1776000330\n|teamsize|p1|4\n|teamsize|p2|4\n|start\n|switch|p1a: Incineroar|Incineroar, L50, F|100/100\n|switch|p1b: Charizard|Charizard, L50, F|100/100\n|switch|p2a: Farigiraf|Farigiraf, L50, F|100/100\n|switch|p2b: Drampa|Drampa, L50, M|100/100\n|-ability|p1a: Incineroar|Intimidate|boost\n|-unboost|p2a: Farigiraf|atk|1\n|-unboost|p2b: Drampa|atk|1\n|-ability|p2b: Drampa|Cloud Nine\n|turn|1\n|inactive|BottomBun has 30 seconds left.\n|\n|t:|1776000364\n|detailschange|p1b: Charizard|Charizard-Mega-Y, L50, F\n|-mega|p1b: Charizard|Charizard|Charizardite Y\n|-weather|SunnyDay|[from] ability: Drought|[of] p1b: Charizard\n|detailschange|p2b: Drampa|Drampa-Mega, L50, M\n|-mega|p2b: Drampa|Drampa|Drampanite\n|move|p2b: Drampa|Protect|p2b: Drampa\n|-singleturn|p2b: Drampa|Protect\n|move|p1b: Charizard|Heat Wave|p2b: Drampa|[spread] p2a\n|-activate|p2b: Drampa|move: Protect\n|-damage|p2a: Farigiraf|44/100\n|move|p1a: Incineroar|Throat Chop|p2a: Farigiraf\n|-supereffective|p2a: Farigiraf|1\n|-damage|p2a: Farigiraf|0 fnt\n|faint|p2a: Farigiraf\n|\n|-weather|SunnyDay|[upkeep]\n|upkeep\n|\n|t:|1776000380\n|switch|p2a: Incineroar|Incineroar, L50, M|100/100\n|-ability|p2a: Incineroar|Intimidate|boost\n|-unboost|p1a: Incineroar|atk|1\n|-unboost|p1b: Charizard|atk|1\n|turn|2\n|\n|t:|1776000394\n|move|p1b: Charizard|Protect|p1b: Charizard\n|-singleturn|p1b: Charizard|Protect\n|move|p2a: Incineroar|Fake Out|p1b: Charizard\n|-activate|p1b: Charizard|move: Protect\n|move|p1a: Incineroar|Parting Shot|p2b: Drampa\n|-unboost|p2b: Drampa|atk|1\n|-unboost|p2b: Drampa|spa|1\n|\n|t:|1776000407\n|switch|p1a: Skarmory|Skarmory, L50, F|100/100|[from] Parting Shot\n|move|p2b: Drampa|Calm Mind|p2b: Drampa\n|-boost|p2b: Drampa|spa|1\n|-boost|p2b: Drampa|spd|1\n|\n|-weather|SunnyDay|[upkeep]\n|upkeep\n|turn|3\n|\n|t:|1776000420\n|move|p1b: Charizard|Heat Wave|p2b: Drampa|[spread] p2b\n|-miss|p1b: Charizard|p2a: Incineroar\n|-resisted|p2b: Drampa|1\n|-damage|p2b: Drampa|79/100\n|move|p1a: Skarmory|Body Press|p2b: Drampa\n|-supereffective|p2b: Drampa|1\n|-damage|p2b: Drampa|33/100\n|-ability|p2b: Drampa|Berserk|boost\n|-boost|p2b: Drampa|spa|1\n|move|p2a: Incineroar|Flare Blitz|p1a: Skarmory\n|-supereffective|p1a: Skarmory|1\n|-ability|p1a: Skarmory|Sturdy\n|-damage|p1a: Skarmory|1/100\n|-damage|p2a: Incineroar|73/100|[from] Recoil\n|move|p2b: Drampa|Hyper Voice|p1a: Skarmory|[spread] p1a,p1b\n|-resisted|p1a: Skarmory|1\n|-damage|p1a: Skarmory|0 fnt\n|-damage|p1b: Charizard|26/100\n|faint|p1a: Skarmory\n|\n|-weather|SunnyDay|[upkeep]\n|upkeep\n|\n|t:|1776000440\n|switch|p1a: Incineroar|Incineroar, L50, F|100/100\n|-ability|p1a: Incineroar|Intimidate|boost\n|-unboost|p2a: Incineroar|atk|1\n|-unboost|p2b: Drampa|atk|1\n|turn|4\n|\n|t:|1776000451\n|switch|p2a: Sinistcha|Sinistcha, L50|100/100\n|-heal|p2b: Drampa|57/100|[from] ability: Hospitality|[of] p2a: Sinistcha\n|move|p2b: Drampa|Protect|p2b: Drampa\n|-singleturn|p2b: Drampa|Protect\n|move|p1a: Incineroar|Fake Out|p2b: Drampa\n|-activate|p2b: Drampa|move: Protect\n|move|p1b: Charizard|Heat Wave|p2a: Sinistcha|[spread] p2a\n|-activate|p2b: Drampa|move: Protect\n|-supereffective|p2a: Sinistcha|1\n|-damage|p2a: Sinistcha|0 fnt\n|faint|p2a: Sinistcha\n|\n|-weather|SunnyDay|[upkeep]\n|upkeep\n|\n|t:|1776000465\n|switch|p2a: Incineroar|Incineroar, L50, M|73/100\n|-ability|p2a: Incineroar|Intimidate|boost\n|-unboost|p1a: Incineroar|atk|1\n|-unboost|p1b: Charizard|atk|1\n|turn|5\n|\n|t:|1776000489\n|move|p1b: Charizard|Protect|p1b: Charizard\n|-singleturn|p1b: Charizard|Protect\n|move|p2a: Incineroar|Fake Out|p1b: Charizard\n|-activate|p1b: Charizard|move: Protect\n|move|p1a: Incineroar|Throat Chop|p2b: Drampa\n|-damage|p2b: Drampa|39/100\n|-start|p2b: Drampa|Throat Chop|[silent]\n|-ability|p2b: Drampa|Berserk|boost\n|-boost|p2b: Drampa|spa|1\n|move|p2b: Drampa|Calm Mind|p2b: Drampa\n|-boost|p2b: Drampa|spa|1\n|-boost|p2b: Drampa|spd|1\n|\n|-weather|none\n|upkeep\n|turn|6\n|inactive|BottomBun has 30 seconds left.\n|\n|t:|1776000516\n|move|p1b: Charizard|Weather Ball|p2a: Incineroar\n|-damage|p2a: Incineroar|51/100\n|move|p1a: Incineroar|Throat Chop|p2b: Drampa\n|-damage|p2b: Drampa|19/100\n|move|p2a: Incineroar|Darkest Lariat|p1b: Charizard\n|-damage|p1b: Charizard|0 fnt\n|faint|p1b: Charizard\n|move|p2b: Drampa|Earth Power|p1a: Incineroar\n|-supereffective|p1a: Incineroar|1\n|-damage|p1a: Incineroar|0 fnt\n|faint|p1a: Incineroar\n|\n|-end|p2b: Drampa|Throat Chop|[silent]\n|upkeep\n|\n|t:|1776000529\n|switch|p1b: Sneasler|Sneasler, L50, M|100/100\n|turn|7\n|\n|t:|1776000544\n|move|p2b: Drampa|Protect|p2b: Drampa\n|-singleturn|p2b: Drampa|Protect\n|move|p1b: Sneasler|Close Combat|p2b: Drampa\n|-activate|p2b: Drampa|move: Protect\n|move|p2a: Incineroar|Flare Blitz|p1b: Sneasler\n|-damage|p1b: Sneasler|0 fnt\n|faint|p1b: Sneasler\n|-damage|p2a: Incineroar|26/100|[from] Recoil\n|-enditem|p2a: Incineroar|Sitrus Berry|[eat]\n|-heal|p2a: Incineroar|50/100|[from] item: Sitrus Berry\n|\n|win|BottomBun\n|raw|mr brewster's rating: 1078 &rarr; <strong>1057</strong><br />(-21 for losing)\n|raw|BottomBun's rating: 1093 &rarr; <strong>1118</strong><br />(+25 for winning)\n|l|\u2606mr brewster\n|player|p1|\n|c|\u2606BottomBun|gg\n",
  "uploadtime": 1776000583,
  "views": 33,
  "formatid": "gen9championsvgc2026regma",
  "rating": 1057,
  "private": 0,
  "password": null
}