{
  "id": "gen9championsvgc2026regma-2583915600",
  "format": "[Gen 9 Champions] VGC 2026 Reg M-A",
  "players": [
    "DavidTIS",
    "kingofru99"
  ],
  "log": "|j|\u2606DavidTIS\n|j|\u2606kingofru99\n|t:|1776207979\n|gametype|doubles\n|player|p1|DavidTIS|2|1183\n|player|p2|kingofru99|169|1084\n|gen|9\n|tier|[Gen 9 Champions] VGC 2026 Reg M-A\n|rated|\n|rule|Species Clause: Limit one of each Pok\u00e9mon\n|rule|Item Clause: Limit 1 of each item\n|clearpoke\n|poke|p1|Starmie, L50|\n|poke|p1|Lucario, L50, M|\n|poke|p1|Lycanroc-Dusk, L50, M|\n|poke|p1|Hydreigon, L50, M|\n|poke|p1|Slowbro-Galar, L50, M|\n|poke|p1|Skarmory, L50, M|\n|poke|p2|Gengar, L50, F|\n|poke|p2|Whimsicott, L50, M|\n|poke|p2|Tyranitar, L50, F|\n|poke|p2|Excadrill, L50, F|\n|poke|p2|Ampharos, L50, M|\n|poke|p2|Incineroar, L50, M|\n|teampreview|4\nkingofru99 rejected open team sheets.\n|\n|t:|1776208018\n|teamsize|p1|4\n|teamsize|p2|4\n|start\n|switch|p1a: Starmie|Starmie, L50|100/100\n|switch|p1b: Lucario|Lucario, L50, M|100/100\n|switch|p2a: Gengar|Gengar, L50, F|100/100\n|switch|p2b: Whimsicott|Whimsicott, L50, M|100/100\n|turn|1\n|\n|t:|1776208042\n|detailschange|p1a: Starmie|Starmie-Mega, L50\n|-mega|p1a: Starmie|Starmie|Starminite\n|move|p2a: Gengar|Shadow Ball|p1a: Starmie\n|-supereffective|p1a: Starmie|1\n|-damage|p1a: Starmie|0 fnt\n|faint|p1a: Starmie\n|move|p2b: Whimsicott|Dazzling Gleam|p1b: Lucario\n|-damage|p1b: Lucario|51/100\n|move|p1b: Lucario|Dark Pulse|p2a: Gengar\n|-supereffective|p2a: Gengar|1\n|-damage|p2a: Gengar|13/100\n|-start|p1b: Lucario|Disable|Dark Pulse|[from] ability: Cursed Body|[of] p2a: Gengar\n|\n|upkeep\n|\n|t:|1776208056\n|switch|p1a: Lycanroc|Lycanroc-Dusk, L50, M|100/100\n|turn|2\n|\n|t:|1776208067\n|move|p1a: Lycanroc|Accelerock|p2a: Gengar\n|-damage|p2a: Gengar|0 fnt\n|-start|p1a: Lycanroc|Disable|Accelerock|[from] ability: Cursed Body|[of] p2a: Gengar\n|faint|p2a: Gengar\n|move|p2b: Whimsicott|Dazzling Gleam|p1b: Lucario|[spread] p1a,p1b\n|-damage|p1a: Lycanroc|63/100\n|-damage|p1b: Lucario|9/100\n|move|p1b: Lucario|Flash Cannon|p2b: Whimsicott\n|-supereffective|p2b: Whimsicott|1\n|-crit|p2b: Whimsicott\n|-enditem|p2b: Whimsicott|Focus Sash\n|-damage|p2b: Whimsicott|1/100\n|-unboost|p2b: Whimsicott|spd|1\n|\n|upkeep\n|\n|t:|1776208077\n|switch|p2a: Tyranitar|Tyranitar, L50, F|100/100\n|-weather|Sandstorm|[from] ability: Sand Stream|[of] p2a: Tyranitar\n|turn|3\n|\n|t:|1776208098\n|move|p1b: Lucario|Vacuum Wave|p2b: Whimsicott\n|-resisted|p2b: Whimsicott|1\n|-damage|p2b: Whimsicott|0 fnt\n|faint|p2b: Whimsicott\n|move|p1a: Lycanroc|Close Combat|p2a: Tyranitar\n|-supereffective|p2a: Tyranitar|2\n|-damage|p2a: Tyranitar|0 fnt\n|-unboost|p1a: Lycanroc|def|1\n|-unboost|p1a: Lycanroc|spd|1\n|faint|p2a: Tyranitar\n|\n|-weather|Sandstorm|[upkeep]\n|upkeep\n|\n|t:|1776208105\n|switch|p2b: Ampharos|Ampharos, L50, M|100/100\n|turn|4\n|\n|t:|1776208121\n|detailschange|p2b: Ampharos|Ampharos-Mega, L50, M\n|-mega|p2b: Ampharos|Ampharos|Ampharosite\n|-ability|p2b: Ampharos|Mold Breaker\n|move|p1a: Lycanroc|Rock Slide|p2b: Ampharos|[miss]\n|-miss|p1a: Lycanroc|p2b: Ampharos\n|move|p1b: Lucario|Aura Sphere|p2b: Ampharos\n|-crit|p2b: Ampharos\n|-damage|p2b: Ampharos|45/100\n|move|p2b: Ampharos|Discharge|p1a: Lycanroc|[spread] p1a,p1b\n|-damage|p1a: Lycanroc|0 fnt\n|-damage|p1b: Lucario|0 fnt\n|faint|p1a: Lycanroc\n|faint|p1b: Lucario\n|\n|-weather|Sandstorm|[upkeep]\n|-damage|p2b: Ampharos|39/100|[from] Sandstorm\n|upkeep\n|\n|t:|1776208140\n|switch|p1a: Slowbro|Slowbro-Galar, L50, M|100/100\n|turn|5\n|\n|t:|1776208154\n|move|p2b: Ampharos|Discharge|p1a: Slowbro\n|-damage|p1a: Slowbro|31/100\n|move|p1a: Slowbro|Shell Side Arm|p2b: Ampharos|[anim] Shell Side Arm Physical\n|-damage|p2b: Ampharos|4/100\n|-hint|Physical Shell Side Arm\n|-status|p2b: Ampharos|psn\n|\n|-weather|Sandstorm|[upkeep]\n|-damage|p2b: Ampharos|0 fnt|[from] Sandstorm\n|-damage|p1a: Slowbro|25/100|[from] Sandstorm\n|faint|p2b: Ampharos\n|\n|win|DavidTIS\n|raw|DavidTIS's rating: 1183 &rarr; <strong>1201</strong><br />(+18 for winning)\n|raw|kingofru99's rating: 1084 &rarr; <strong>1068</strong><br />(-16 for losing)\n|l|\u2606kingofru99\n|player|p2|\n",
  "uploadtime": 1776208165,
  "views": 40,
  "formatid": "gen9championsvgc2026regma",
  "rating": 1068,
  "private": 0,
  "password": null
}