{
  "id": "gen9championsvgc2026regma-2583636714",
  "format": "[Gen 9 Champions] VGC 2026 Reg M-A",
  "players": [
    "Megamoehre",
    "ActualRandomizer"
  ],
  "log": "|j|\u2606Megamoehre\n|j|\u2606ActualRandomizer\n|t:|1776187961\n|gametype|doubles\n|player|p1|Megamoehre|blackbelt-gen4dp|1097\n|player|p2|ActualRandomizer|skier|1116\n|gen|9\n|tier|[Gen 9 Champions] VGC 2026 Reg M-A\n|rated|\n|rule|Species Clause: Limit one of each Pok\u00e9mon\n|rule|Item Clause: Limit 1 of each item\n|clearpoke\n|poke|p1|Glimmora, L50, M|\n|poke|p1|Incineroar, L50, F|\n|poke|p1|Sneasler, L50, M|\n|poke|p1|Froslass, L50, F|\n|poke|p1|Aerodactyl, L50, M|\n|poke|p1|Sinistcha, L50|\n|poke|p2|Aurorus, L50, M|\n|poke|p2|Emolga, L50, F|\n|poke|p2|Castform, L50, M|\n|poke|p2|Pangoro, L50, M|\n|poke|p2|Diggersby, L50, F|\n|poke|p2|Pidgeot, L50, M|\n|teampreview|4\nMegamoehre has agreed to open team sheets.\n|\n|t:|1776187990\n|teamsize|p1|4\n|teamsize|p2|4\n|start\n|switch|p1a: Glimmora|Glimmora, L50, M|100/100\n|switch|p1b: Incineroar|Incineroar, L50, F|100/100\n|switch|p2a: Pidgeot|Pidgeot, L50, M|100/100\n|switch|p2b: Diggersby|Diggersby, L50, F|100/100\n|-ability|p1b: Incineroar|Intimidate|boost\n|-unboost|p2a: Pidgeot|atk|1\n|-unboost|p2b: Diggersby|atk|1\n|turn|1\n|\n|t:|1776188006\n|detailschange|p1a: Glimmora|Glimmora-Mega, L50, M\n|-mega|p1a: Glimmora|Glimmora|Glimmoranite\n|move|p2a: Pidgeot|Protect|p2a: Pidgeot\n|-singleturn|p2a: Pidgeot|Protect\n|move|p1b: Incineroar|Fake Out|p2b: Diggersby\n|-damage|p2b: Diggersby|81/100\n|cant|p2b: Diggersby|flinch\n|move|p1a: Glimmora|Power Gem|p2a: Pidgeot\n|-activate|p2a: Pidgeot|move: Protect\n|\n|upkeep\n|turn|2\n|\n|t:|1776188020\n|move|p2b: Diggersby|Earthquake|p1a: Glimmora|[spread] p1a,p1b\n|-immune|p2a: Pidgeot\n|-supereffective|p1a: Glimmora|2\n|-supereffective|p1b: Incineroar|1\n|-damage|p1a: Glimmora|0 fnt\n|-damage|p1b: Incineroar|37/100\n|faint|p1a: Glimmora\n|move|p2a: Pidgeot|Tailwind|p2a: Pidgeot\n|-sidestart|p2: ActualRandomizer|move: Tailwind\n|move|p1b: Incineroar|Flare Blitz|p2b: Diggersby\n|-damage|p2b: Diggersby|0 fnt\n|faint|p2b: Diggersby\n|-damage|p1b: Incineroar|16/100|[from] Recoil\n|\n|upkeep\n|\n|t:|1776188039\n|switch|p1a: Sinistcha|Sinistcha, L50|100/100\n|switch|p2b: Emolga|Emolga, L50, F|100/100\n|-heal|p1b: Incineroar|41/100|[from] ability: Hospitality|[of] p1a: Sinistcha\n|turn|3\n|\n|t:|1776188061\n|detailschange|p2a: Pidgeot|Pidgeot-Mega, L50, M\n|-mega|p2a: Pidgeot|Pidgeot|Pidgeotite\n|move|p2b: Emolga|Thunderbolt|p1b: Incineroar\n|-damage|p1b: Incineroar|9/100\n|move|p2a: Pidgeot|Hurricane|p1a: Sinistcha\n|-supereffective|p1a: Sinistcha|1\n|-crit|p1a: Sinistcha\n|-damage|p1a: Sinistcha|0 fnt\n|faint|p1a: Sinistcha\n|move|p1b: Incineroar|Darkest Lariat|p2b: Emolga\n|-enditem|p2b: Emolga|Focus Sash\n|-damage|p2b: Emolga|1/100\n|\n|upkeep\n|\n|t:|1776188072\n|switch|p1a: Aerodactyl|Aerodactyl, L50, M|100/100\n|-ability|p1a: Aerodactyl|Unnerve\n|turn|4\n|\n|t:|1776188081\n|move|p2b: Emolga|Nuzzle|p1a: Aerodactyl\n|-supereffective|p1a: Aerodactyl|1\n|-damage|p1a: Aerodactyl|84/100\n|-status|p1a: Aerodactyl|par\n|move|p2a: Pidgeot|Hurricane|p1b: Incineroar\n|-damage|p1b: Incineroar|0 fnt\n|faint|p1b: Incineroar\n|move|p1a: Aerodactyl|Rock Slide|p2b: Emolga|[spread] p2a,p2b\n|-supereffective|p2a: Pidgeot|1\n|-supereffective|p2b: Emolga|1\n|-damage|p2a: Pidgeot|46/100\n|-damage|p2b: Emolga|0 fnt\n|faint|p2b: Emolga\n|\n|upkeep\n|\n|t:|1776188091\n|switch|p2b: Aurorus|Aurorus, L50, M|100/100\n|turn|5\n|\n|t:|1776188097\n|move|p2a: Pidgeot|Round|p1a: Aerodactyl\n|-resisted|p1a: Aerodactyl|1\n|-damage|p1a: Aerodactyl|59/100 par\n|move|p2b: Aurorus|Round|p1a: Aerodactyl|[from] move: Round\n|-supereffective|p1a: Aerodactyl|1\n|-damage|p1a: Aerodactyl|0 fnt\n|faint|p1a: Aerodactyl\n|\n|win|ActualRandomizer\n|raw|Megamoehre's rating: 1097 &rarr; <strong>1074</strong><br />(-23 for losing)\n|raw|ActualRandomizer's rating: 1116 &rarr; <strong>1140</strong><br />(+24 for winning)\n|l|\u2606Megamoehre\n|player|p1|\n",
  "uploadtime": 1776188112,
  "views": 12,
  "formatid": "gen9championsvgc2026regma",
  "rating": 1074,
  "private": 0,
  "password": null
}