{
  "id": "gen9championsvgc2026regma-2583874627",
  "format": "[Gen 9 Champions] VGC 2026 Reg M-A",
  "players": [
    "slothgameplay",
    "madibyeeeeeee"
  ],
  "log": "|j|\u2606slothgameplay\n|j|\u2606madibyeeeeeee\n|t:|1776204531\n|gametype|doubles\n|player|p1|slothgameplay|2|1048\n|player|p2|madibyeeeeeee|caitlin|1000\n|gen|9\n|tier|[Gen 9 Champions] VGC 2026 Reg M-A\n|rated|\n|rule|Species Clause: Limit one of each Pok\u00e9mon\n|rule|Item Clause: Limit 1 of each item\n|clearpoke\n|poke|p1|Gengar, L50, M|\n|poke|p1|Incineroar, L50, F|\n|poke|p1|Sinistcha-Masterpiece, L50|\n|poke|p1|Kingambit, L50, F|\n|poke|p1|Tyranitar, L50, M|\n|poke|p1|Kommo-o, L50, F|\n|poke|p2|Meganium, L50, M|\n|poke|p2|Aerodactyl, L50, M|\n|poke|p2|Archaludon, L50, M|\n|poke|p2|Typhlosion-Hisui, L50, M|\n|poke|p2|Tauros-Paldea-Aqua, L50, M|\n|poke|p2|Kangaskhan, L50, F|\n|teampreview|4\n|\n|t:|1776204584\n|teamsize|p1|4\n|teamsize|p2|4\n|start\n|switch|p1a: Jigokudo|Gengar, L50, M, shiny|100/100\n|switch|p1b: Incineroar|Incineroar, L50, F|100/100\n|switch|p2a: mom|Kangaskhan, L50, F|100/100\n|switch|p2b: gwaaa|Aerodactyl, L50, M|100/100\n|-ability|p2b: gwaaa|Unnerve\n|-ability|p1b: Incineroar|Intimidate|boost\n|-fail|p2a: mom|unboost|Attack|[from] ability: Inner Focus|[of] p2a: mom\n|-unboost|p2b: gwaaa|atk|1\n|turn|1\n|\n|t:|1776204607\n|detailschange|p1a: Jigokudo|Gengar-Mega, L50, M, shiny\n|-mega|p1a: Jigokudo|Gengar|Gengarite\n|detailschange|p2a: mom|Kangaskhan-Mega, L50, F\n|-mega|p2a: mom|Kangaskhan|Kangaskhanite\n|move|p1a: Jigokudo|Protect|p1a: Jigokudo\n|-singleturn|p1a: Jigokudo|Protect\n|move|p2a: mom|Fake Out|p1b: Incineroar\n|-damage|p1b: Incineroar|83/100\n|-damage|p1b: Incineroar|78/100\n|-hitcount|p1b: Incineroar|2\n|cant|p1b: Incineroar|flinch\n|move|p2b: gwaaa|Tailwind|p2b: gwaaa\n|-sidestart|p2: madibyeeeeeee|move: Tailwind\n|\n|upkeep\n|turn|2\n|\n|t:|1776204633\n|switch|p1a: Kommo-o|Kommo-o, L50, F|100/100\n|move|p2a: mom|Sucker Punch||[still]\n|-fail|p2a: mom\n|move|p2b: gwaaa|Rock Slide|p1a: Kommo-o|[spread] p1a,p1b\n|-resisted|p1a: Kommo-o|1\n|-supereffective|p1b: Incineroar|1\n|-damage|p1a: Kommo-o|91/100\n|-damage|p1b: Incineroar|50/100\n|move|p1b: Incineroar|Parting Shot|p2a: mom\n|-unboost|p2a: mom|atk|1\n|-unboost|p2a: mom|spa|1\n|\n|t:|1776204653\n|switch|p1b: Jigokudo|Gengar-Mega, L50, M, shiny|100/100|[from] Parting Shot\n|\n|-heal|p1a: Kommo-o|97/100|[from] item: Leftovers\n|upkeep\n|turn|3\n|\n|t:|1776204695\n|move|p1b: Jigokudo|Protect|p1b: Jigokudo\n|-singleturn|p1b: Jigokudo|Protect\n|move|p1a: Kommo-o|Protect|p1a: Kommo-o\n|-singleturn|p1a: Kommo-o|Protect\n|move|p2a: mom|Sucker Punch||[still]\n|-fail|p2a: mom\n|move|p2b: gwaaa|Rock Slide|p1b: Jigokudo|[spread] \n|-activate|p1a: Kommo-o|move: Protect\n|-activate|p1b: Jigokudo|move: Protect\n|\n|-heal|p1a: Kommo-o|100/100|[from] item: Leftovers\n|upkeep\n|turn|4\n|\n|t:|1776204731\n|switch|p1a: Incineroar|Incineroar, L50, F|50/100\n|-ability|p1a: Incineroar|Intimidate|boost\n|-unboost|p2a: mom|atk|1\n|-unboost|p2b: gwaaa|atk|1\n|move|p2b: gwaaa|Dual Wingbeat|p1a: Incineroar\n|-damage|p1a: Incineroar|41/100\n|-damage|p1a: Incineroar|32/100\n|-hitcount|p1a: Incineroar|2\n|move|p2a: mom|Double-Edge|p1a: Incineroar\n|-damage|p1a: Incineroar|5/100\n|-damage|p1a: Incineroar|0 fnt\n|faint|p1a: Incineroar\n|-hitcount|p1: Incineroar|2\n|-damage|p2a: mom|89/100|[from] Recoil\n|move|p1b: Jigokudo|Perish Song|p1b: Jigokudo\n|-start|p1b: Jigokudo|perish3|[silent]\n|-start|p2a: mom|perish3|[silent]\n|-start|p2b: gwaaa|perish3|[silent]\n|-fieldactivate|move: Perish Song\n|\n|-start|p2b: gwaaa|perish3\n|-start|p2a: mom|perish3\n|-start|p1b: Jigokudo|perish3\n|-sideend|p2: madibyeeeeeee|move: Tailwind\n|upkeep\n|\n|t:|1776204752\n|switch|p1a: Kommo-o|Kommo-o, L50, F|100/100\n|turn|5\n|\n|t:|1776204789\n|move|p1b: Jigokudo|Protect|p1b: Jigokudo\n|-singleturn|p1b: Jigokudo|Protect\n|move|p1a: Kommo-o|Protect|p1a: Kommo-o\n|-singleturn|p1a: Kommo-o|Protect\n|move|p2b: gwaaa|Tailwind|p2b: gwaaa\n|-sidestart|p2: madibyeeeeeee|move: Tailwind\n|move|p2a: mom|Low Kick|p1a: Kommo-o\n|-activate|p1a: Kommo-o|move: Protect\n|\n|-start|p2b: gwaaa|perish2\n|-start|p2a: mom|perish2\n|-start|p1b: Jigokudo|perish2\n|upkeep\n|turn|6\n|\n|t:|1776204817\n|move|p2b: gwaaa|Dual Wingbeat|p1a: Kommo-o|[miss]\n|-miss|p2b: gwaaa|p1a: Kommo-o\n|move|p2a: mom|Double-Edge|p1a: Kommo-o\n|-damage|p1a: Kommo-o|72/100\n|-damage|p1a: Kommo-o|66/100\n|-hitcount|p1a: Kommo-o|2\n|-damage|p2a: mom|79/100|[from] Recoil\n|move|p1b: Jigokudo|Substitute|p1b: Jigokudo\n|-start|p1b: Jigokudo|Substitute\n|-damage|p1b: Jigokudo|76/100\n|move|p1a: Kommo-o|Clangorous Soul|p1a: Kommo-o\n|-boost|p1a: Kommo-o|atk|1\n|-boost|p1a: Kommo-o|def|1\n|-boost|p1a: Kommo-o|spa|1\n|-boost|p1a: Kommo-o|spd|1\n|-boost|p1a: Kommo-o|spe|1\n|-damage|p1a: Kommo-o|33/100\n|\n|-heal|p1a: Kommo-o|39/100|[from] item: Leftovers\n|-start|p2b: gwaaa|perish1\n|-start|p2a: mom|perish1\n|-start|p1b: Jigokudo|perish1\n|upkeep\n|turn|7\n|\n|t:|1776204848\n|move|p1a: Kommo-o|Protect|p1a: Kommo-o\n|-singleturn|p1a: Kommo-o|Protect\n|move|p1b: Jigokudo|Protect|p1b: Jigokudo\n|-singleturn|p1b: Jigokudo|Protect\n|move|p2b: gwaaa|Dual Wingbeat|p1a: Kommo-o\n|-activate|p1a: Kommo-o|move: Protect\n|move|p2a: mom|Double-Edge|p1a: Kommo-o\n|-activate|p1a: Kommo-o|move: Protect\n|\n|-heal|p1a: Kommo-o|45/100|[from] item: Leftovers\n|-start|p2b: gwaaa|perish0\n|-start|p2a: mom|perish0\n|-start|p1b: Jigokudo|perish0\n|faint|p2b: gwaaa\n|faint|p2a: mom\n|faint|p1b: Jigokudo\n|upkeep\n|\n|t:|1776204862\n|switch|p2b: pink|Tauros-Paldea-Aqua, L50, M|100/100\n|switch|p1b: Tyranitar|Tyranitar, L50, M|100/100\n|switch|p2a: chad|Archaludon, L50, M|100/100\n|-ability|p2b: pink|Intimidate|boost\n|-unboost|p1a: Kommo-o|atk|1\n|-unboost|p1b: Tyranitar|atk|1\n|-weather|Sandstorm|[from] ability: Sand Stream|[of] p1b: Tyranitar\n|turn|8\n|\n|t:|1776204883\n|move|p2a: chad|Protect|p2a: chad\n|-singleturn|p2a: chad|Protect\n|move|p2b: pink|Close Combat|p1b: Tyranitar\n|-supereffective|p1b: Tyranitar|2\n|-damage|p1b: Tyranitar|0 fnt\n|-unboost|p2b: pink|def|1\n|-unboost|p2b: pink|spd|1\n|faint|p1b: Tyranitar\n|-enditem|p2b: pink|White Herb\n|-clearnegativeboost|p2b: pink|[silent]\n|move|p1a: Kommo-o|Clanging Scales|p2a: chad|[spread] p2b\n|-activate|p2a: chad|move: Protect\n|-damage|p2b: pink|10/100\n|-unboost|p1a: Kommo-o|def|1\n|\n|-weather|Sandstorm|[upkeep]\n|-damage|p2b: pink|4/100|[from] Sandstorm\n|-damage|p1a: Kommo-o|39/100|[from] Sandstorm\n|-heal|p1a: Kommo-o|45/100|[from] item: Leftovers\n|-sideend|p2: madibyeeeeeee|move: Tailwind\n|upkeep\n|turn|9\n|\n|t:|1776204908\n|move|p1a: Kommo-o|Clanging Scales|p2a: chad|[spread] p2a,p2b\n|-damage|p2a: chad|13/100\n|-damage|p2b: pink|0 fnt\n|faint|p2b: pink\n|-unboost|p1a: Kommo-o|def|1\n|move|p2a: chad|Draco Meteor|p1a: Kommo-o|[miss]\n|-miss|p2a: chad|p1a: Kommo-o\n|\n|-weather|Sandstorm|[upkeep]\n|-damage|p1a: Kommo-o|39/100|[from] Sandstorm\n|-heal|p1a: Kommo-o|45/100|[from] item: Leftovers\n|upkeep\n|turn|10\n|\n|t:|1776204926\n|move|p1a: Kommo-o|Aura Sphere|p2a: chad\n|-supereffective|p2a: chad|1\n|-damage|p2a: chad|0 fnt\n|faint|p2a: chad\n|\n|win|slothgameplay\n|raw|slothgameplay's rating: 1048 &rarr; <strong>1076</strong><br />(+28 for winning)\n|raw|madibyeeeeeee's rating: 1000 &rarr; <strong>1000</strong><br />(+0 for losing)\n",
  "uploadtime": 1776204927,
  "views": 22,
  "formatid": "gen9championsvgc2026regma",
  "rating": 1000,
  "private": 0,
  "password": null
}