{
  "id": "gen9championsvgc2026regma-2587093416",
  "format": "[Gen 9 Champions] VGC 2026 Reg M-A",
  "players": [
    "reydegonnet",
    "Enekos"
  ],
  "log": "|j|\u2606reydegonnet\n|j|\u2606Enekos\n|t:|1776492429\n|gametype|doubles\n|player|p1|reydegonnet|102|\n|player|p2|Enekos|steven|\n|gen|9\n|tier|[Gen 9 Champions] VGC 2026 Reg M-A\n|rule|Species Clause: Limit one of each Pok\u00e9mon\n|rule|Item Clause: Limit 1 of each item\n|clearpoke\n|poke|p1|Kommo-o, L50, F|\n|poke|p1|Floette-Eternal, L50, F|\n|poke|p1|Aegislash, L50, M, shiny|\n|poke|p1|Incineroar, L50, M|\n|poke|p1|Rotom-Wash, L50, shiny|\n|poke|p1|Sneasler, L50, M, shiny|\n|poke|p2|Gengar, L50, M, shiny|\n|poke|p2|Politoed, L50, F|\n|poke|p2|Aerodactyl, L50, M|\n|poke|p2|Incineroar, L50, F|\n|poke|p2|Sneasler, L50, F|\n|poke|p2|Garchomp, L50, F|\n|teampreview|4\nreydegonnet rejected open team sheets.\n|\n|t:|1776492488\n|teamsize|p1|4\n|teamsize|p2|4\n|start\n|switch|p1a: Kommo-o|Kommo-o, L50, F|100/100\n|switch|p1b: Sneasler|Sneasler, L50, M, shiny|100/100\n|switch|p2a: Mosquitofosil|Aerodactyl, L50, M|100/100\n|switch|p2b: Gengar|Gengar, L50, M, shiny|100/100\n|-ability|p2a: Mosquitofosil|Unnerve\n|turn|1\n|\n|t:|1776492524\n|detailschange|p2b: Gengar|Gengar-Mega, L50, M, shiny\n|-mega|p2b: Gengar|Gengar|Gengarite\n|move|p1b: Sneasler|Fake Out|p2a: Mosquitofosil\n|-resisted|p2a: Mosquitofosil|1\n|-damage|p2a: Mosquitofosil|89/100\n|cant|p2a: Mosquitofosil|flinch\n|move|p2b: Gengar|Shadow Ball|p1b: Sneasler\n|-damage|p1b: Sneasler|40/100\n|move|p1a: Kommo-o|Clangorous Soul|p1a: Kommo-o\n|-boost|p1a: Kommo-o|atk|1\n|-boost|p1a: Kommo-o|def|1\n|-boost|p1a: Kommo-o|spa|1\n|-boost|p1a: Kommo-o|spd|1\n|-boost|p1a: Kommo-o|spe|1\n|-damage|p1a: Kommo-o|68/100\n|\n|-heal|p1a: Kommo-o|74/100|[from] item: Leftovers\n|upkeep\n|turn|2\n|\n|t:|1776492558\n|move|p2b: Gengar|Protect|p2b: Gengar\n|-singleturn|p2b: Gengar|Protect\n|move|p1a: Kommo-o|Clanging Scales|p2a: Mosquitofosil|[spread] p2a\n|-activate|p2b: Gengar|move: Protect\n|-damage|p2a: Mosquitofosil|19/100\n|-unboost|p1a: Kommo-o|def|1\n|move|p2a: Mosquitofosil|Tailwind|p2a: Mosquitofosil\n|-sidestart|p2: Enekos|move: Tailwind\n|move|p1b: Sneasler|Dire Claw|p2b: Gengar\n|-activate|p2b: Gengar|move: Protect\n|\n|-heal|p1a: Kommo-o|79/100|[from] item: Leftovers\n|upkeep\n|turn|3\n|\n|t:|1776492586\n|switch|p2a: Garchadomp|Garchomp, L50, F|100/100\n|move|p1a: Kommo-o|Protect|p1a: Kommo-o\n|-singleturn|p1a: Kommo-o|Protect\n|move|p2b: Gengar|Shadow Ball|p1b: Sneasler\n|-damage|p1b: Sneasler|0 fnt\n|faint|p1b: Sneasler\n|\n|-heal|p1a: Kommo-o|85/100|[from] item: Leftovers\n|upkeep\n|\n|t:|1776492596\n|switch|p1b: Incineroar|Incineroar, L50, M|100/100\n|-ability|p1b: Incineroar|Intimidate|boost\n|-unboost|p2a: Garchadomp|atk|1\n|-unboost|p2b: Gengar|atk|1\n|turn|4\n|\n|t:|1776492618\n|switch|p2a: Chillbroh|Sneasler, L50, F|100/100\n|move|p2b: Gengar|Protect|p2b: Gengar\n|-singleturn|p2b: Gengar|Protect\n|move|p1b: Incineroar|Fake Out|p2a: Chillbroh\n|-damage|p2a: Chillbroh|82/100\n|move|p1a: Kommo-o|Clanging Scales|p2a: Chillbroh|[spread] p2a\n|-activate|p2b: Gengar|move: Protect\n|-damage|p2a: Chillbroh|4/100\n|-unboost|p1a: Kommo-o|def|1\n|\n|-heal|p1a: Kommo-o|91/100|[from] item: Leftovers\n|upkeep\n|turn|5\n|\n|t:|1776492642\n|move|p1a: Kommo-o|Protect|p1a: Kommo-o\n|-singleturn|p1a: Kommo-o|Protect\n|move|p2b: Gengar|Disable|p1a: Kommo-o\n|-activate|p1a: Kommo-o|move: Protect\n|move|p2a: Chillbroh|Close Combat|p1b: Incineroar\n|-supereffective|p1b: Incineroar|1\n|-damage|p1b: Incineroar|7/100\n|-unboost|p2a: Chillbroh|def|1\n|-unboost|p2a: Chillbroh|spd|1\n|-enditem|p1b: Incineroar|Sitrus Berry|[eat]\n|-heal|p1b: Incineroar|32/100|[from] item: Sitrus Berry\n|move|p1b: Incineroar|Parting Shot|p2b: Gengar\n|-unboost|p2b: Gengar|atk|1\n|-unboost|p2b: Gengar|spa|1\n|\n|t:|1776492656\n|switch|p1b: Floette|Floette-Eternal, L50, F|100/100|[from] Parting Shot\n|\n|-heal|p1a: Kommo-o|97/100|[from] item: Leftovers\n|-sideend|p2: Enekos|move: Tailwind\n|upkeep\n|turn|6\n|\n|t:|1776492675\n|detailschange|p1b: Floette|Floette-Mega, L50, F\n|-mega|p1b: Floette|Floette|Floettite\n|-ability|p1b: Floette|Fairy Aura\n|move|p1b: Floette|Protect|p1b: Floette\n|-singleturn|p1b: Floette|Protect\n|move|p2a: Chillbroh|Fake Out||[still]\n|-hint|Fake Out only works on your first turn out.\n|-fail|p2a: Chillbroh\n|move|p1a: Kommo-o|Clanging Scales|p2b: Gengar|[spread] p2a,p2b\n|-damage|p2a: Chillbroh|0 fnt\n|-damage|p2b: Gengar|23/100\n|faint|p2a: Chillbroh\n|-unboost|p1a: Kommo-o|def|1\n|move|p2b: Gengar|Shadow Ball|p1b: Floette\n|-activate|p1b: Floette|move: Protect\n|\n|-heal|p1a: Kommo-o|100/100|[from] item: Leftovers\n|upkeep\n|\n|t:|1776492693\n|switch|p2a: Garchadomp|Garchomp, L50, F|100/100\n|turn|7\n|\n|t:|1776492701\n|move|p2b: Gengar|Protect|p2b: Gengar\n|-singleturn|p2b: Gengar|Protect\n|move|p2a: Garchadomp|Earthquake|p1b: Floette|[spread] p1a,p1b\n|-activate|p2b: Gengar|move: Protect\n|-damage|p1a: Kommo-o|16/100\n|-damage|p1b: Floette|57/100\n|move|p1a: Kommo-o|Clanging Scales|p2b: Gengar|[spread] p2a\n|-activate|p2b: Gengar|move: Protect\n|-supereffective|p2a: Garchadomp|1\n|-damage|p2a: Garchadomp|0 fnt\n|faint|p2a: Garchadomp\n|-unboost|p1a: Kommo-o|def|1\n|move|p1b: Floette|Moonblast|p2b: Gengar\n|-activate|p2b: Gengar|move: Protect\n|\n|-heal|p1a: Kommo-o|22/100|[from] item: Leftovers\n|upkeep\n|\n|t:|1776492718\n|switch|p2a: Mosquitofosil|Aerodactyl, L50, M|19/100\n|-ability|p2a: Mosquitofosil|Unnerve\n|turn|8\n|\n|t:|1776492738\n|move|p1a: Kommo-o|Clanging Scales|p2b: Gengar|[spread] p2a,p2b\n|-damage|p2a: Mosquitofosil|0 fnt\n|-damage|p2b: Gengar|0 fnt\n|faint|p2a: Mosquitofosil\n|faint|p2b: Gengar\n|\n|win|reydegonnet\n",
  "uploadtime": 1776492747,
  "views": 13,
  "formatid": "gen9championsvgc2026regma",
  "rating": null,
  "private": 0,
  "password": null
}