{
  "id": "gen9championsvgc2026regma-2580565557",
  "format": "[Gen 9 Champions] VGC 2026 Reg M-A",
  "players": [
    "cisco999",
    "Migolazo04"
  ],
  "log": "|j|\u2606cisco999\n|j|\u2606Migolazo04\n|t:|1775913468\n|gametype|doubles\n|player|p1|cisco999|1|1076\n|player|p2|Migolazo04|2|1037\n|gen|9\n|tier|[Gen 9 Champions] VGC 2026 Reg M-A\n|rated|\n|rule|Species Clause: Limit one of each Pok\u00e9mon\n|rule|Item Clause: Limit 1 of each item\n|clearpoke\n|poke|p1|Froslass, L50, F|\n|poke|p1|Blastoise, L50, M|\n|poke|p1|Mamoswine, L50, M|\n|poke|p1|Venusaur, L50, M|\n|poke|p1|Infernape, L50, F|\n|poke|p1|Kingambit, L50, F|\n|poke|p2|Starmie, L50|\n|poke|p2|Sneasler, L50, F|\n|poke|p2|Sinistcha, L50|\n|poke|p2|Kingambit, L50, M|\n|poke|p2|Dragonite, L50, F|\n|poke|p2|Pelipper, L50, M|\n|teampreview|4\n|inactive|Battle timer is ON: inactive players will automatically lose when time's up. (requested by cisco999)\n|inactive|cisco999 has 60 seconds left.\n|inactive|Migolazo04 has 60 seconds left.\n|\n|t:|1775913523\n|teamsize|p1|4\n|teamsize|p2|4\n|start\n|switch|p1a: Froslass|Froslass, L50, F|100/100\n|switch|p1b: Mamoswine|Mamoswine, L50, M|100/100\n|switch|p2a: Sneasler|Sneasler, L50, F|100/100\n|switch|p2b: Kingambit|Kingambit, L50, M|100/100\n|turn|1\n|inactive|cisco999 has 30 seconds left.\n|\n|t:|1775913558\n|detailschange|p1a: Froslass|Froslass-Mega, L50, F\n|-mega|p1a: Froslass|Froslass|Froslassite\n|-weather|Snowscape|[from] ability: Snow Warning|[of] p1a: Froslass\n|move|p1a: Froslass|Protect|p1a: Froslass\n|-singleturn|p1a: Froslass|Protect\n|move|p2a: Sneasler|Fake Out|p1b: Mamoswine\n|-damage|p1b: Mamoswine|89/100\n|cant|p1b: Mamoswine|flinch\n|move|p2b: Kingambit|Iron Head|p1a: Froslass\n|-activate|p1a: Froslass|move: Protect\n|\n|-weather|Snowscape|[upkeep]\n|-heal|p1b: Mamoswine|95/100|[from] item: Leftovers\n|upkeep\n|turn|2\n|inactive|cisco999 has 30 seconds left.\n|inactive|cisco999 has 20 seconds left.\n|\n|t:|1775913597\n|switch|p1a: Kingambit|Kingambit, L50, F|100/100\n|move|p2b: Kingambit|Protect|p2b: Kingambit\n|-singleturn|p2b: Kingambit|Protect\n|move|p2a: Sneasler|Coaching|p2b: Kingambit\n|-boost|p2b: Kingambit|atk|1\n|-boost|p2b: Kingambit|def|1\n|move|p1b: Mamoswine|Heavy Slam|p2a: Sneasler\n|-damage|p2a: Sneasler|22/100\n|\n|-weather|Snowscape|[upkeep]\n|-heal|p1b: Mamoswine|100/100|[from] item: Leftovers\n|upkeep\n|turn|3\n|inactive|Migolazo04 has 30 seconds left.\n|\n|t:|1775913626\n|move|p1a: Kingambit|Protect|p1a: Kingambit\n|-singleturn|p1a: Kingambit|Protect\n|move|p2a: Sneasler|Close Combat|p1a: Kingambit\n|-activate|p1a: Kingambit|move: Protect\n|move|p1b: Mamoswine|Earthquake|p2a: Sneasler|[spread] p2a,p2b\n|-activate|p1a: Kingambit|move: Protect\n|-supereffective|p2a: Sneasler|1\n|-supereffective|p2b: Kingambit|1\n|-damage|p2a: Sneasler|0 fnt\n|-damage|p2b: Kingambit|66/100\n|faint|p2a: Sneasler\n|move|p2b: Kingambit|Iron Head|p1b: Mamoswine\n|-supereffective|p1b: Mamoswine|1\n|-damage|p1b: Mamoswine|3/100\n|\n|-weather|Snowscape|[upkeep]\n|-heal|p1b: Mamoswine|9/100|[from] item: Leftovers\n|upkeep\n|\n|t:|1775913647\n|switch|p2a: Sinistcha|Sinistcha, L50|100/100\n|-heal|p2b: Kingambit|90/100|[from] ability: Hospitality|[of] p2a: Sinistcha\n|turn|4\n|inactive|cisco999 has 30 seconds left.\n|inactive|Migolazo04 has 30 seconds left.\n|\n|t:|1775913686\n|move|p1b: Mamoswine|Protect|p1b: Mamoswine\n|-singleturn|p1b: Mamoswine|Protect\n|move|p2b: Kingambit|Sucker Punch||[still]\n|-fail|p2b: Kingambit\n|move|p2a: Sinistcha|Matcha Gotcha|p1b: Mamoswine|[spread] p1a\n|-activate|p1b: Mamoswine|move: Protect\n|-resisted|p1a: Kingambit|1\n|-damage|p1a: Kingambit|89/100\n|-status|p1a: Kingambit|brn\n|move|p1a: Kingambit|Kowtow Cleave|p2a: Sinistcha\n|-supereffective|p2a: Sinistcha|1\n|-damage|p2a: Sinistcha|55/100\n|\n|-weather|Snowscape|[upkeep]\n|-heal|p1b: Mamoswine|15/100|[from] item: Leftovers\n|-damage|p1a: Kingambit|83/100 brn|[from] brn\n|upkeep\n|turn|5\n|\n|t:|1775913709\n|move|p2b: Kingambit|Protect|p2b: Kingambit\n|-singleturn|p2b: Kingambit|Protect\n|move|p1b: Mamoswine|Icicle Spear|p2a: Sinistcha\n|-supereffective|p2a: Sinistcha|1\n|-damage|p2a: Sinistcha|31/100\n|-enditem|p2a: Sinistcha|Sitrus Berry|[eat]\n|-heal|p2a: Sinistcha|56/100|[from] item: Sitrus Berry\n|-supereffective|p2a: Sinistcha|1\n|-damage|p2a: Sinistcha|31/100\n|-hitcount|p2a: Sinistcha|2\n|move|p2a: Sinistcha|Strength Sap|p1b: Mamoswine\n|-unboost|p1b: Mamoswine|atk|1\n|-heal|p2a: Sinistcha|100/100\n|move|p1a: Kingambit|Kowtow Cleave|p2a: Sinistcha\n|-supereffective|p2a: Sinistcha|1\n|-damage|p2a: Sinistcha|56/100\n|\n|-weather|none\n|-heal|p1b: Mamoswine|21/100|[from] item: Leftovers\n|-damage|p1a: Kingambit|77/100 brn|[from] brn\n|upkeep\n|turn|6\n|inactive|cisco999 has 30 seconds left.\n|inactive|Migolazo04 has 30 seconds left.\n|inactive|cisco999 has 20 seconds left.\n|inactive|cisco999 has 15 seconds left.\n|\n|t:|1775913752\n|switch|p2a: Starmie|Starmie, L50|100/100\n|move|p1b: Mamoswine|Icicle Spear|p2a: Starmie\n|-resisted|p2a: Starmie|1\n|-damage|p2a: Starmie|94/100\n|-resisted|p2a: Starmie|1\n|-crit|p2a: Starmie\n|-damage|p2a: Starmie|81/100\n|-resisted|p2a: Starmie|1\n|-damage|p2a: Starmie|74/100\n|-hitcount|p2a: Starmie|3\n|move|p1a: Kingambit|Kowtow Cleave|p2a: Starmie\n|-supereffective|p2a: Starmie|1\n|-damage|p2a: Starmie|3/100\n|move|p2b: Kingambit|Kowtow Cleave|p1b: Mamoswine\n|-damage|p1b: Mamoswine|0 fnt\n|faint|p1b: Mamoswine\n|\n|-damage|p1a: Kingambit|70/100 brn|[from] brn\n|upkeep\n|\n|t:|1775913769\n|switch|p1b: Froslass|Froslass-Mega, L50, F|100/100\n|-weather|Snowscape|[from] ability: Snow Warning|[of] p1b: Froslass\n|turn|7\n|inactive|Migolazo04 has 30 seconds left.\n|\n|t:|1775913797\n|switch|p2b: Sinistcha|Sinistcha, L50|56/100\n|-heal|p2a: Starmie|28/100|[from] ability: Hospitality|[of] p2b: Sinistcha\n|move|p2a: Starmie|Protect|p2a: Starmie\n|-singleturn|p2a: Starmie|Protect\n|move|p1a: Kingambit|Sucker Punch||[still]\n|-fail|p1a: Kingambit\n|move|p1b: Froslass|Aurora Veil|p1b: Froslass\n|-sidestart|p1: cisco999|move: Aurora Veil\n|\n|-weather|Snowscape|[upkeep]\n|-damage|p1a: Kingambit|64/100 brn|[from] brn\n|upkeep\n|turn|8\n|\n|t:|1775913817\n|switch|p2a: Kingambit|Kingambit, L50, M|90/100\n|move|p2b: Sinistcha|Protect|p2b: Sinistcha\n|-singleturn|p2b: Sinistcha|Protect\n|move|p1a: Kingambit|Sucker Punch||[still]\n|-fail|p1a: Kingambit\n|move|p1b: Froslass|Blizzard|p2a: Kingambit|[spread] p2a\n|-activate|p2b: Sinistcha|move: Protect\n|-resisted|p2a: Kingambit|1\n|-damage|p2a: Kingambit|67/100\n|\n|-weather|Snowscape|[upkeep]\n|-damage|p1a: Kingambit|58/100 brn|[from] brn\n|upkeep\n|turn|9\n|inactive|Migolazo04 has 30 seconds left.\n|\n|t:|1775913852\n|switch|p1b: Venusaur|Venusaur, L50, M|100/100\n|move|p2b: Sinistcha|Rage Powder|p2b: Sinistcha\n|-singleturn|p2b: Sinistcha|move: Rage Powder\n|move|p1a: Kingambit|Kowtow Cleave|p2b: Sinistcha\n|-supereffective|p2b: Sinistcha|1\n|-damage|p2b: Sinistcha|16/100\n|move|p2a: Kingambit|Kowtow Cleave|p1b: Venusaur\n|-damage|p1b: Venusaur|65/100\n|\n|-weather|Snowscape|[upkeep]\n|-damage|p1a: Kingambit|52/100 brn|[from] brn\n|upkeep\n|turn|10\n|\n|t:|1775913874\n|switch|p2a: Starmie|Starmie, L50|28/100\n|move|p2b: Sinistcha|Protect|p2b: Sinistcha\n|-singleturn|p2b: Sinistcha|Protect\n|move|p1b: Venusaur|Earth Power|p2a: Starmie\n|-damage|p2a: Starmie|0 fnt\n|faint|p2a: Starmie\n|move|p1a: Kingambit|Kowtow Cleave|p2b: Sinistcha\n|-activate|p2b: Sinistcha|move: Protect\n|\n|-weather|Snowscape|[upkeep]\n|-damage|p1a: Kingambit|46/100 brn|[from] brn\n|upkeep\n|\n|t:|1775913884\n|switch|p2a: Kingambit|Kingambit, L50, M|67/100\n|turn|11\n|inactive|cisco999 has 30 seconds left.\n|\n|t:|1775913914\n|move|p1b: Venusaur|Earth Power|p2a: Kingambit\n|-supereffective|p2a: Kingambit|1\n|-damage|p2a: Kingambit|14/100\n|move|p2b: Sinistcha|Strength Sap|p1b: Venusaur\n|-unboost|p1b: Venusaur|atk|1\n|-heal|p2b: Sinistcha|67/100\n|move|p1a: Kingambit|Kowtow Cleave|p2b: Sinistcha\n|-supereffective|p2b: Sinistcha|1\n|-damage|p2b: Sinistcha|23/100\n|move|p2a: Kingambit|Kowtow Cleave|p1b: Venusaur\n|-crit|p1b: Venusaur\n|-damage|p1b: Venusaur|0 fnt\n|faint|p1b: Venusaur\n|\n|-weather|none\n|-damage|p1a: Kingambit|40/100 brn|[from] brn\n|-sideend|p1: cisco999|move: Aurora Veil\n|upkeep\n|\n|t:|1775913926\n|switch|p1b: Froslass|Froslass-Mega, L50, F|100/100\n|-weather|Snowscape|[from] ability: Snow Warning|[of] p1b: Froslass\n|turn|12\n|inactive|cisco999 has 30 seconds left.\n|\n|t:|1775913960\n|move|p2a: Kingambit|Sucker Punch|p1b: Froslass\n|-supereffective|p1b: Froslass|1\n|-damage|p1b: Froslass|16/100\n|move|p1b: Froslass|Blizzard|p2b: Sinistcha|[spread] p2a,p2b\n|-resisted|p2a: Kingambit|1\n|-supereffective|p2b: Sinistcha|1\n|-damage|p2a: Kingambit|0 fnt\n|-damage|p2b: Sinistcha|0 fnt\n|faint|p2a: Kingambit\n|faint|p2b: Sinistcha\n|\n|win|cisco999\n|raw|cisco999's rating: 1076 &rarr; <strong>1101</strong><br />(+25 for winning)\n|raw|Migolazo04's rating: 1037 &rarr; <strong>1023</strong><br />(-14 for losing)\n",
  "uploadtime": 1775913970,
  "views": 12,
  "formatid": "gen9championsvgc2026regma",
  "rating": 1023,
  "private": 0,
  "password": null
}