{
  "id": "gen9championsvgc2026regma-2582049160",
  "format": "[Gen 9 Champions] VGC 2026 Reg M-A",
  "players": [
    "Tinen",
    "SharkNF"
  ],
  "log": "|j|\u2606Tinen\n|j|\u2606SharkNF\n|t:|1776051886\n|gametype|doubles\n|player|p1|Tinen|dancer|1034\n|player|p2|SharkNF|266|1000\n|gen|9\n|tier|[Gen 9 Champions] VGC 2026 Reg M-A\n|rated|\n|rule|Species Clause: Limit one of each Pok\u00e9mon\n|rule|Item Clause: Limit 1 of each item\n|clearpoke\n|poke|p1|Slowbro, L50, M|\n|poke|p1|Alakazam, L50, F|\n|poke|p1|Incineroar, L50, M|\n|poke|p1|Gliscor, L50, M|\n|poke|p1|Oranguru, L50, M|\n|poke|p1|Mimikyu, L50, F|\n|poke|p2|Aggron, L50, M|\n|poke|p2|Sneasler, L50, F|\n|poke|p2|Pelipper, L50, M|\n|poke|p2|Sinistcha, L50|\n|poke|p2|Incineroar, L50, M|\n|poke|p2|Dragonite, L50, F|\n|teampreview|4\nTinen has agreed to open team sheets.\n|\n|t:|1776051955\n|teamsize|p1|4\n|teamsize|p2|4\n|start\n|switch|p1a: Incineroar|Incineroar, L50, M|100/100\n|switch|p1b: Mimikyu|Mimikyu, L50, F|100/100\n|switch|p2a: Aggron|Aggron, L50, M|100/100\n|switch|p2b: Sneasler|Sneasler, L50, F|100/100\n|-ability|p1a: Incineroar|Intimidate|boost\n|-unboost|p2a: Aggron|atk|1\n|-unboost|p2b: Sneasler|atk|1\n|-enditem|p2b: Sneasler|White Herb\n|-clearnegativeboost|p2b: Sneasler|[silent]\n|turn|1\n|\n|t:|1776051978\n|move|p2b: Sneasler|Fake Out|p1a: Incineroar\n|-damage|p1a: Incineroar|90/100\n|move|p1b: Mimikyu|Drain Punch|p2a: Aggron\n|-supereffective|p2a: Aggron|2\n|-damage|p2a: Aggron|51/100\n|cant|p1a: Incineroar|flinch\n|move|p2a: Aggron|Iron Defense|p2a: Aggron\n|-boost|p2a: Aggron|def|2\n|\n|upkeep\n|turn|2\n|\n|t:|1776051996\n|detailschange|p2a: Aggron|Aggron-Mega, L50, M\n|-mega|p2a: Aggron|Aggron|Aggronite\n|move|p2b: Sneasler|Dire Claw|p1b: Mimikyu\n|-activate|p1b: Mimikyu|ability: Disguise\n|-damage|p1b: Mimikyu|100/100\n|detailschange|p1b: Mimikyu|Mimikyu-Busted, L50, F\n|-damage|p1b: Mimikyu|88/100|[from] pokemon: Mimikyu-Busted\n|move|p1b: Mimikyu|Swords Dance|p1b: Mimikyu\n|-boost|p1b: Mimikyu|atk|2\n|move|p1a: Incineroar|Parting Shot|p2b: Sneasler\n|-unboost|p2b: Sneasler|atk|1\n|-unboost|p2b: Sneasler|spa|1\n|\n|t:|1776052010\n|switch|p1a: Slobro|Slowbro, L50, M|100/100|[from] Parting Shot\n|move|p2a: Aggron|Heavy Slam|p1b: Mimikyu\n|-supereffective|p1b: Mimikyu|1\n|-damage|p1b: Mimikyu|0 fnt\n|faint|p1b: Mimikyu\n|\n|upkeep\n|\n|t:|1776052017\n|switch|p1b: Alakazam|Alakazam, L50, F|100/100\n|turn|3\n|\n|t:|1776052041\n|switch|p2b: Incineroar|Incineroar, L50, M|100/100\n|-ability|p2b: Incineroar|Intimidate|boost\n|-unboost|p1a: Slobro|atk|1\n|-unboost|p1b: Alakazam|atk|1\n|detailschange|p1a: Slobro|Slowbro-Mega, L50, M\n|-mega|p1a: Slobro|Slowbro|Slowbronite\n|move|p2a: Aggron|Protect|p2a: Aggron\n|-singleturn|p2a: Aggron|Protect\n|move|p1b: Alakazam|Psychic Terrain|p1b: Alakazam\n|-fieldstart|move: Psychic Terrain\n|move|p1a: Slobro|Iron Defense|p1a: Slobro\n|-boost|p1a: Slobro|def|2\n|\n|upkeep\n|turn|4\n|\n|t:|1776052080\n|switch|p1b: Incineroar|Incineroar, L50, M|90/100\n|-ability|p1b: Incineroar|Intimidate|boost\n|-unboost|p2a: Aggron|atk|1\n|-unboost|p2b: Incineroar|atk|1\n|move|p2b: Incineroar|Parting Shot|p1a: Slobro\n|-unboost|p1a: Slobro|atk|1\n|-unboost|p1a: Slobro|spa|1\n|\n|t:|1776052089\n|switch|p2b: Sinistcha|Sinistcha, L50|100/100|[from] Parting Shot\n|-heal|p2a: Aggron|76/100|[from] ability: Hospitality|[of] p2b: Sinistcha\n|move|p2a: Aggron|Body Press|p1b: Incineroar\n|-supereffective|p1b: Incineroar|1\n|-damage|p1b: Incineroar|0 fnt\n|faint|p1b: Incineroar\n|move|p1a: Slobro|Body Press|p2a: Aggron\n|-supereffective|p2a: Aggron|1\n|-damage|p2a: Aggron|49/100\n|\n|upkeep\n|\n|t:|1776052099\n|switch|p1b: Alakazam|Alakazam, L50, F|100/100\n|turn|5\n|\n|t:|1776052120\n|move|p2b: Sinistcha|Rage Powder|p2b: Sinistcha\n|-singleturn|p2b: Sinistcha|move: Rage Powder\n|move|p1b: Alakazam|Shadow Ball|p2b: Sinistcha\n|-supereffective|p2b: Sinistcha|1\n|-enditem|p2b: Sinistcha|Kasib Berry|[eat]\n|-enditem|p2b: Sinistcha|Kasib Berry|[weaken]\n|-damage|p2b: Sinistcha|74/100\n|-unboost|p2b: Sinistcha|spd|1\n|move|p2a: Aggron|Body Press|p1b: Alakazam\n|-resisted|p1b: Alakazam|1\n|-damage|p1b: Alakazam|3/100\n|move|p1a: Slobro|Iron Defense|p1a: Slobro\n|-boost|p1a: Slobro|def|2\n|\n|upkeep\n|turn|6\n|\n|t:|1776052148\n|switch|p2b: Incineroar|Incineroar, L50, M|100/100\n|-ability|p2b: Incineroar|Intimidate|boost\n|-unboost|p1a: Slobro|atk|1\n|-unboost|p1b: Alakazam|atk|1\n|move|p2a: Aggron|Protect|p2a: Aggron\n|-singleturn|p2a: Aggron|Protect\n|move|p1b: Alakazam|Shadow Ball|p2b: Incineroar\n|-resisted|p2b: Incineroar|1\n|-damage|p2b: Incineroar|89/100\n|-unboost|p2b: Incineroar|spd|1\n|move|p1a: Slobro|Body Press|p2a: Aggron\n|-activate|p2a: Aggron|move: Protect\n|\n|upkeep\n|turn|7\n|\n|t:|1776052177\n|switch|p2b: Sinistcha|Sinistcha, L50|74/100\n|-heal|p2a: Aggron|73/100|[from] ability: Hospitality|[of] p2b: Sinistcha\n|move|p1b: Alakazam|Expanding Force|p2b: Sinistcha|[spread] p2a,p2b\n|-resisted|p2a: Aggron|1\n|-damage|p2a: Aggron|50/100\n|-damage|p2b: Sinistcha|16/100\n|move|p2a: Aggron|Body Press|p1a: Slobro\n|-resisted|p1a: Slobro|1\n|-damage|p1a: Slobro|94/100\n|move|p1a: Slobro|Body Press|p2b: Sinistcha\n|-immune|p2b: Sinistcha\n|\n|-fieldend|move: Psychic Terrain\n|upkeep\n|turn|8\n|\n|t:|1776052204\n|move|p1b: Alakazam|Psychic Terrain|p1b: Alakazam\n|-fieldstart|move: Psychic Terrain\n|move|p2b: Sinistcha|Matcha Gotcha|p1a: Slobro|[spread] p1a\n|-miss|p2b: Sinistcha|p1b: Alakazam\n|-supereffective|p1a: Slobro|1\n|-damage|p1a: Slobro|40/100\n|-heal|p2b: Sinistcha|47/100|[from] drain|[of] p1a: Slobro\n|move|p2a: Aggron|Iron Defense|p2a: Aggron\n|-boost|p2a: Aggron|def|2\n|move|p1a: Slobro|Foul Play|p2b: Sinistcha\n|-supereffective|p2b: Sinistcha|1\n|-damage|p2b: Sinistcha|23/100\n|\n|upkeep\n|turn|9\n|\n|t:|1776052224\n|switch|p2b: Incineroar|Incineroar, L50, M|89/100\n|-ability|p2b: Incineroar|Intimidate|boost\n|-unboost|p1a: Slobro|atk|1\n|-unboost|p1b: Alakazam|atk|1\n|move|p1b: Alakazam|Expanding Force|p2a: Aggron|[spread] p2a\n|-immune|p2b: Incineroar\n|-resisted|p2a: Aggron|1\n|-damage|p2a: Aggron|22/100\n|move|p2a: Aggron|Heavy Slam|p1b: Alakazam\n|-damage|p1b: Alakazam|0 fnt\n|faint|p1b: Alakazam\n|move|p1a: Slobro|Expanding Force|p2a: Aggron|[spread] p2a\n|-immune|p2b: Incineroar\n|-resisted|p2a: Aggron|1\n|-damage|p2a: Aggron|4/100\n|\n|upkeep\n|turn|10\n|\n|t:|1776052257\n|switch|p2b: Sneasler|Sneasler, L50, F|100/100\n|move|p2a: Aggron|Body Press|p1a: Slobro\n|-resisted|p1a: Slobro|1\n|-damage|p1a: Slobro|31/100\n|move|p1a: Slobro|Body Press|p2a: Aggron\n|-supereffective|p2a: Aggron|1\n|-damage|p2a: Aggron|0 fnt\n|faint|p2a: Aggron\n|\n|upkeep\n|\n|t:|1776052269\n|switch|p2a: Sinistcha|Sinistcha, L50|23/100\n|turn|11\n|\n|t:|1776052278\n|move|p2b: Sneasler|Dire Claw|p1a: Slobro\n|-damage|p1a: Slobro|24/100\n|move|p2a: Sinistcha|Matcha Gotcha|p1a: Slobro\n|-supereffective|p1a: Slobro|1\n|-damage|p1a: Slobro|0 fnt\n|-heal|p2a: Sinistcha|36/100|[from] drain|[of] p1a: Slobro\n|faint|p1a: Slobro\n|\n|win|SharkNF\n|raw|Tinen's rating: 1034 &rarr; <strong>1017</strong><br />(-17 for losing)\n|raw|SharkNF's rating: 1000 &rarr; <strong>1044</strong><br />(+44 for winning)\n",
  "uploadtime": 1776052278,
  "views": 10,
  "formatid": "gen9championsvgc2026regma",
  "rating": 1017,
  "private": 0,
  "password": null
}