{
  "id": "gen9championsvgc2026regma-2588032686",
  "format": "[Gen 9 Champions] VGC 2026 Reg M-A",
  "players": [
    "sabbamaister_kd",
    "SunTufo"
  ],
  "log": "|j|\u2606sabbamaister_kd\n|j|\u2606SunTufo\n|t:|1776595683\n|gametype|doubles\n|player|p1|sabbamaister_kd|backpacker|1420\n|player|p2|SunTufo|li|1385\n|gen|9\n|tier|[Gen 9 Champions] VGC 2026 Reg M-A\n|rated|\n|rule|Species Clause: Limit one of each Pok\u00e9mon\n|rule|Item Clause: Limit 1 of each item\n|clearpoke\n|poke|p1|Delphox, L50, M|\n|poke|p1|Garchomp, L50, M|\n|poke|p1|Whimsicott, L50, F|\n|poke|p1|Rotom-Wash, L50|\n|poke|p1|Basculegion, L50, M|\n|poke|p1|Weavile, L50, M|\n|poke|p2|Charizard, L50, M, shiny|\n|poke|p2|Sneasler, L50, F, shiny|\n|poke|p2|Milotic, L50, F, shiny|\n|poke|p2|Incineroar, L50, M, shiny|\n|poke|p2|Rotom-Wash, L50, shiny|\n|poke|p2|Skarmory, L50, M, shiny|\n|teampreview|4\n|inactive|Battle timer is ON: inactive players will automatically lose when time's up. (requested by SunTufo)\n|inactive|sabbamaister_kd has 60 seconds left.\n|\n|t:|1776595722\n|teamsize|p1|4\n|teamsize|p2|4\n|start\n|switch|p1a: Garchomp|Garchomp, L50, M|100/100\n|switch|p1b: Weavile|Weavile, L50, M|100/100\n|switch|p2a: Lizardon|Charizard, L50, M, shiny|100/100\n|switch|p2b: Misterio|Sneasler, L50, F, shiny|100/100\n|turn|1\n|\n|t:|1776595737\n|switch|p2b: Fuegro|Incineroar, L50, M, shiny|100/100\n|-ability|p2b: Fuegro|Intimidate|boost\n|-unboost|p1a: Garchomp|atk|1\n|-unboost|p1b: Weavile|atk|1\n|-enditem|p1a: Garchomp|White Herb\n|-clearnegativeboost|p1a: Garchomp|[silent]\n|move|p2a: Lizardon|Protect|p2a: Lizardon\n|-singleturn|p2a: Lizardon|Protect\n|move|p1b: Weavile|Fake Out|p2b: Fuegro\n|-damage|p2b: Fuegro|93/100\n|move|p1a: Garchomp|Rock Slide|p2b: Fuegro|[spread] p2b\n|-activate|p2a: Lizardon|move: Protect\n|-supereffective|p2b: Fuegro|1\n|-damage|p2b: Fuegro|62/100\n|\n|upkeep\n|turn|2\n|inactive|sabbamaister_kd has 30 seconds left.\n|inactive|sabbamaister_kd has 20 seconds left.\n|\n|t:|1776595777\n|detailschange|p2a: Lizardon|Charizard-Mega-X, L50, M, shiny\n|-mega|p2a: Lizardon|Charizard|Charizardite X\n|move|p2b: Fuegro|Fake Out|p1a: Garchomp\n|-damage|p1a: Garchomp|89/100\n|-damage|p2b: Fuegro|50/100|[from] ability: Rough Skin|[of] p1a: Garchomp\n|-enditem|p2b: Fuegro|Sitrus Berry|[eat]\n|-heal|p2b: Fuegro|75/100|[from] item: Sitrus Berry\n|move|p1b: Weavile|Low Kick|p2b: Fuegro\n|-supereffective|p2b: Fuegro|1\n|-damage|p2b: Fuegro|43/100\n|cant|p1a: Garchomp|flinch\n|move|p2a: Lizardon|Dragon Dance|p2a: Lizardon\n|-boost|p2a: Lizardon|atk|1\n|-boost|p2a: Lizardon|spe|1\n|\n|upkeep\n|turn|3\n|inactive|sabbamaister_kd has 30 seconds left.\n|inactive|sabbamaister_kd has 20 seconds left.\n|inactive|sabbamaister_kd has 15 seconds left.\n|inactive|sabbamaister_kd has 10 seconds left.\n|inactive|sabbamaister_kd has 5 seconds left.\n|\n|t:|1776595827\n|move|p1a: Garchomp|Protect|p1a: Garchomp\n|-singleturn|p1a: Garchomp|Protect\n|move|p2a: Lizardon|Dragon Claw|p1a: Garchomp\n|-activate|p1a: Garchomp|move: Protect\n|move|p1b: Weavile|Icicle Crash|p2a: Lizardon|[miss]\n|-miss|p1b: Weavile|p2a: Lizardon\n|move|p2b: Fuegro|Flare Blitz|p1a: Garchomp\n|-activate|p1a: Garchomp|move: Protect\n|\n|upkeep\n|turn|4\n|\n|t:|1776595846\n|switch|p1a: Rotom|Rotom-Wash, L50|100/100\n|move|p2a: Lizardon|Dragon Claw|p1a: Rotom\n|-damage|p1a: Rotom|18/100\n|-enditem|p1a: Rotom|Sitrus Berry|[eat]\n|-heal|p1a: Rotom|43/100|[from] item: Sitrus Berry\n|move|p1b: Weavile|Icicle Crash|p2a: Lizardon\n|-damage|p2a: Lizardon|71/100\n|move|p2b: Fuegro|Flare Blitz|p1a: Rotom\n|-resisted|p1a: Rotom|1\n|-damage|p1a: Rotom|12/100\n|-damage|p2b: Fuegro|35/100|[from] Recoil\n|\n|upkeep\n|turn|5\n|\n|t:|1776595864\n|switch|p2b: Rotom|Rotom-Wash, L50, shiny|100/100\n|move|p1a: Rotom|Protect|p1a: Rotom\n|-singleturn|p1a: Rotom|Protect\n|move|p2a: Lizardon|Dragon Claw|p1a: Rotom\n|-activate|p1a: Rotom|move: Protect\n|move|p1b: Weavile|Icicle Crash|p2a: Lizardon\n|-crit|p2a: Lizardon\n|-damage|p2a: Lizardon|6/100\n|\n|upkeep\n|turn|6\n|inactive|sabbamaister_kd has 30 seconds left.\n|inactive|sabbamaister_kd has 20 seconds left.\n|\n|t:|1776595900\n|move|p2a: Lizardon|Dragon Claw|p1b: Weavile\n|-enditem|p1b: Weavile|Focus Sash\n|-damage|p1b: Weavile|1/100\n|move|p2b: Rotom|Electroweb|p1b: Weavile|[spread] p1a,p1b\n|-damage|p1a: Rotom|0 fnt\n|-damage|p1b: Weavile|0 fnt\n|faint|p1a: Rotom\n|faint|p1b: Weavile\n|\n|upkeep\n|\n|t:|1776595916\n|switch|p1b: Garchomp|Garchomp, L50, M|89/100\n|switch|p1a: Delphox|Delphox, L50, M|100/100\n|turn|7\n|\n|t:|1776595927\n|detailschange|p1a: Delphox|Delphox-Mega, L50, M\n|-mega|p1a: Delphox|Delphox|Delphoxite\n|move|p2a: Lizardon|Protect|p2a: Lizardon\n|-singleturn|p2a: Lizardon|Protect\n|move|p1b: Garchomp|Protect|p1b: Garchomp\n|-singleturn|p1b: Garchomp|Protect\n|move|p2b: Rotom|Electroweb|p1b: Garchomp|[spread] p1a\n|-activate|p1b: Garchomp|move: Protect\n|-damage|p1a: Delphox|81/100\n|-unboost|p1a: Delphox|spe|1\n|move|p1a: Delphox|Heat Wave|p2b: Rotom|[spread] p2b\n|-activate|p2a: Lizardon|move: Protect\n|-resisted|p2b: Rotom|1\n|-damage|p2b: Rotom|72/100\n|-status|p2b: Rotom|brn\n|\n|-damage|p2b: Rotom|67/100 brn|[from] brn\n|upkeep\n|turn|8\n|\n|t:|1776595951\n|switch|p2b: Fuegro|Incineroar, L50, M, shiny|35/100\n|-ability|p2b: Fuegro|Intimidate|boost\n|-unboost|p1a: Delphox|atk|1\n|-unboost|p1b: Garchomp|atk|1\n|move|p1b: Garchomp|Protect|p1b: Garchomp\n|-singleturn|p1b: Garchomp|Protect\n|move|p2a: Lizardon|Dragon Claw|p1b: Garchomp\n|-activate|p1b: Garchomp|move: Protect\n|move|p1a: Delphox|Heat Wave|p2b: Fuegro|[spread] p2b\n|-miss|p1a: Delphox|p2a: Lizardon\n|-resisted|p2b: Fuegro|1\n|-crit|p2b: Fuegro\n|-damage|p2b: Fuegro|3/100\n|\n|upkeep\n|turn|9\n|c|\u2606sabbamaister_kd|Really????\n|c|\u2606sabbamaister_kd|Well gg\n|c|\u2606SunTufo|karma\n|inactive|sabbamaister_kd has 30 seconds left.\n|c|\u2606sabbamaister_kd|3 missed\n|inactive|sabbamaister_kd has 20 seconds left.\n|\n|t:|1776595991\n|move|p2b: Fuegro|Fake Out|p1a: Delphox\n|-damage|p1a: Delphox|62/100\n|move|p2a: Lizardon|Dragon Claw|p1b: Garchomp\n|-supereffective|p1b: Garchomp|1\n|-damage|p1b: Garchomp|0 fnt\n|-damage|p2a: Lizardon|0 fnt|[from] ability: Rough Skin|[of] p1b: Garchomp\n|faint|p1b: Garchomp\n|faint|p2a: Lizardon\n|cant|p1a: Delphox|flinch\n|\n|upkeep\n|\n|t:|1776596003\n|switch|p2a: Rotom|Rotom-Wash, L50, shiny|67/100 brn\n|turn|10\n|\n|t:|1776596019\n|move|p1a: Delphox|Protect|p1a: Delphox\n|-singleturn|p1a: Delphox|Protect\n|move|p2a: Rotom|Electroweb|p1a: Delphox\n|-activate|p1a: Delphox|move: Protect\n|move|p2b: Fuegro|Throat Chop|p1a: Delphox\n|-activate|p1a: Delphox|move: Protect\n|\n|-damage|p2a: Rotom|61/100 brn|[from] brn\n|upkeep\n|turn|11\n|\n|t:|1776596033\n|switch|p2b: Misterio|Sneasler, L50, F, shiny|100/100\n|move|p2a: Rotom|Electroweb|p1a: Delphox\n|-damage|p1a: Delphox|40/100\n|-unboost|p1a: Delphox|spe|1\n|move|p1a: Delphox|Heat Wave|p2b: Misterio|[spread] p2a,p2b\n|-resisted|p2a: Rotom|1\n|-damage|p2a: Rotom|33/100 brn\n|-damage|p2b: Misterio|39/100\n|\n|-damage|p2a: Rotom|27/100 brn|[from] brn\n|upkeep\n|turn|12\n|\n|t:|1776596045\n|move|p1a: Delphox|Protect|p1a: Delphox\n|-singleturn|p1a: Delphox|Protect\n|move|p2a: Rotom|Electroweb|p1a: Delphox\n|-activate|p1a: Delphox|move: Protect\n|move|p2b: Misterio|Dire Claw|p1a: Delphox\n|-activate|p1a: Delphox|move: Protect\n|\n|-damage|p2a: Rotom|22/100 brn|[from] brn\n|upkeep\n|turn|13\n|\n|t:|1776596053\n|move|p2a: Rotom|Electroweb|p1a: Delphox\n|-damage|p1a: Delphox|14/100\n|-unboost|p1a: Delphox|spe|1\n|move|p2b: Misterio|Dire Claw|p1a: Delphox\n|-damage|p1a: Delphox|0 fnt\n|faint|p1a: Delphox\n|\n|win|SunTufo\n|raw|sabbamaister_kd's rating: 1420 &rarr; <strong>1399</strong><br />(-21 for losing)\n|raw|SunTufo's rating: 1407 &rarr; <strong>1428</strong><br />(+21 for winning)\n",
  "uploadtime": 1776596053,
  "views": 19,
  "formatid": "gen9championsvgc2026regma",
  "rating": 1399,
  "private": 0,
  "password": null
}