{
  "id": "gen9championsvgc2026regma-2583921015",
  "format": "[Gen 9 Champions] VGC 2026 Reg M-A",
  "players": [
    "Sotoriya",
    "Astyacos"
  ],
  "log": "|j|\u2606Sotoriya\n|j|\u2606Astyacos\n|t:|1776208461\n|gametype|doubles\n|player|p1|Sotoriya|iris-gen5bw2|1082\n|player|p2|Astyacos|169|1000\n|gen|9\n|tier|[Gen 9 Champions] VGC 2026 Reg M-A\n|rated|\n|rule|Species Clause: Limit one of each Pok\u00e9mon\n|rule|Item Clause: Limit 1 of each item\n|clearpoke\n|poke|p1|Dragonite, L50, M|\n|poke|p1|Pelipper, L50, F|\n|poke|p1|Excadrill, L50, F|\n|poke|p1|Sneasler, L50, M|\n|poke|p1|Rotom-Wash, L50|\n|poke|p1|Maushold-Four, L50|\n|poke|p2|Drampa, L50, M|\n|poke|p2|Farigiraf, L50, F|\n|poke|p2|Politoed, L50, F|\n|poke|p2|Basculegion, L50, M|\n|poke|p2|Sableye, L50, M|\n|poke|p2|Aggron, L50, M|\n|teampreview|4\nSotoriya has agreed to open team sheets.\n|\n|t:|1776208503\n|teamsize|p1|4\n|teamsize|p2|4\n|start\n|switch|p1a: Sneasler|Sneasler, L50, M|100/100\n|switch|p1b: Rotom|Rotom-Wash, L50|100/100\n|switch|p2a: Drampa|Drampa, L50, M|100/100\n|switch|p2b: Sableye|Sableye, L50, M|100/100\n|turn|1\n|\n|t:|1776208543\n|detailschange|p2a: Drampa|Drampa-Mega, L50, M\n|-mega|p2a: Drampa|Drampa|Drampanite\n|move|p2b: Sableye|Fake Out|p1a: Sneasler\n|-damage|p1a: Sneasler|86/100\n|cant|p1a: Sneasler|flinch\n|move|p1b: Rotom|Hydro Pump|p2b: Sableye\n|-damage|p2b: Sableye|46/100\n|move|p2a: Drampa|Draco Meteor|p1a: Sneasler\n|-damage|p1a: Sneasler|0 fnt\n|-unboost|p2a: Drampa|spa|2\n|faint|p1a: Sneasler\n|\n|-heal|p2b: Sableye|52/100|[from] item: Leftovers\n|upkeep\n|\n|t:|1776208565\n|switch|p1a: Dragonite|Dragonite, L50, M|100/100\n|turn|2\n|\n|t:|1776208586\n|switch|p1b: Pelipper|Pelipper, L50, F|100/100\n|-weather|RainDance|[from] ability: Drizzle|[of] p1b: Pelipper\n|switch|p2a: Farigiraf|Farigiraf, L50, F|100/100\n|detailschange|p1a: Dragonite|Dragonite-Mega, L50, M\n|-mega|p1a: Dragonite|Dragonite|Dragoninite\n|move|p2b: Sableye|Recover|p2b: Sableye\n|-heal|p2b: Sableye|100/100\n|move|p1a: Dragonite|Draco Meteor|p2a: Farigiraf\n|-crit|p2a: Farigiraf\n|-damage|p2a: Farigiraf|22/100\n|-unboost|p1a: Dragonite|spa|2\n|-enditem|p2a: Farigiraf|Sitrus Berry|[eat]\n|-heal|p2a: Farigiraf|47/100|[from] item: Sitrus Berry\n|\n|-weather|RainDance|[upkeep]\n|upkeep\n|turn|3\n|\n|t:|1776208618\n|switch|p1a: Rotom|Rotom-Wash, L50|100/100\n|move|p1b: Pelipper|Tailwind|p1b: Pelipper\n|-sidestart|p1: Sotoriya|move: Tailwind\n|move|p2b: Sableye|Knock Off|p1b: Pelipper\n|-damage|p1b: Pelipper|74/100\n|-enditem|p1b: Pelipper|Focus Sash|[from] move: Knock Off|[of] p2b: Sableye\n|move|p2a: Farigiraf|Trick Room|p2a: Farigiraf\n|-fieldstart|move: Trick Room|[of] p2a: Farigiraf\n|\n|-weather|RainDance|[upkeep]\n|upkeep\n|turn|4\n|\n|t:|1776208640\n|move|p2b: Sableye|Knock Off|p1a: Rotom\n|-damage|p1a: Rotom|71/100\n|-enditem|p1a: Rotom|Leftovers|[from] move: Knock Off|[of] p2b: Sableye\n|move|p2a: Farigiraf|Hyper Voice|p1a: Rotom|[spread] p1a,p1b\n|-damage|p1a: Rotom|42/100\n|-damage|p1b: Pelipper|36/100\n|move|p1a: Rotom|Thunder|p2a: Farigiraf\n|-damage|p2a: Farigiraf|8/100\n|move|p1b: Pelipper|Hurricane|p2b: Sableye\n|-damage|p2b: Sableye|62/100\n|\n|-weather|RainDance|[upkeep]\n|-heal|p2b: Sableye|68/100|[from] item: Leftovers\n|upkeep\n|turn|5\n|\n|t:|1776208659\n|move|p1b: Pelipper|Protect|p1b: Pelipper\n|-singleturn|p1b: Pelipper|Protect\n|move|p2b: Sableye|Recover|p2b: Sableye\n|-heal|p2b: Sableye|100/100\n|move|p2a: Farigiraf|Hyper Voice|p1b: Pelipper|[spread] p1a\n|-activate|p1b: Pelipper|move: Protect\n|-damage|p1a: Rotom|15/100\n|move|p1a: Rotom|Volt Switch|p2a: Farigiraf\n|-damage|p2a: Farigiraf|0 fnt\n|faint|p2a: Farigiraf\n|\n|t:|1776208674\n|switch|p1a: Dragonite|Dragonite-Mega, L50, M|100/100|[from] Volt Switch\n|\n|-weather|RainDance|[upkeep]\n|upkeep\n|\n|t:|1776208680\n|switch|p2a: Drampa|Drampa-Mega, L50, M|100/100\n|turn|6\n|\n|t:|1776208699\n|move|p2a: Drampa|Draco Meteor|p1a: Dragonite|[miss]\n|-miss|p2a: Drampa|p1a: Dragonite\n|move|p2b: Sableye|Knock Off|p1a: Dragonite\n|-damage|p1a: Dragonite|93/100\n|move|p1b: Pelipper|Hurricane|p2a: Drampa\n|-damage|p2a: Drampa|69/100\n|move|p1a: Dragonite|Ice Beam|p2a: Drampa\n|-supereffective|p2a: Drampa|1\n|-damage|p2a: Drampa|3/100\n|-ability|p2a: Drampa|Berserk|boost\n|-boost|p2a: Drampa|spa|1\n|\n|-weather|none\n|-sideend|p1: Sotoriya|move: Tailwind\n|upkeep\n|turn|7\n|\n|t:|1776208732\n|move|p1a: Dragonite|Protect|p1a: Dragonite\n|-singleturn|p1a: Dragonite|Protect\n|move|p2a: Drampa|Hyper Voice|p1b: Pelipper|[spread] p1b\n|-activate|p1a: Dragonite|move: Protect\n|-damage|p1b: Pelipper|0 fnt\n|faint|p1b: Pelipper\n|move|p2b: Sableye|Knock Off|p1a: Dragonite\n|-activate|p1a: Dragonite|move: Protect\n|\n|-fieldend|move: Trick Room\n|upkeep\n|\n|t:|1776208741\n|switch|p1b: Rotom|Rotom-Wash, L50|15/100\n|turn|8\n|\n|t:|1776208768\n|move|p2b: Sableye|Will-O-Wisp|p1a: Dragonite\n|-status|p1a: Dragonite|brn\n|move|p1a: Dragonite|Ice Beam|p2a: Drampa\n|-supereffective|p2a: Drampa|1\n|-damage|p2a: Drampa|0 fnt\n|faint|p2a: Drampa\n|move|p1b: Rotom|Hydro Pump|p2b: Sableye\n|-damage|p2b: Sableye|43/100\n|\n|-heal|p2b: Sableye|49/100|[from] item: Leftovers\n|-damage|p1a: Dragonite|87/100 brn|[from] brn\n|upkeep\n|\n|t:|1776208775\n|switch|p2a: Basculegion|Basculegion, L50, M|100/100\n|turn|9\n|\n|t:|1776208800\n|move|p2b: Sableye|Recover|p2b: Sableye\n|-heal|p2b: Sableye|99/100\n|move|p1a: Dragonite|Draco Meteor|p2b: Sableye\n|-damage|p2b: Sableye|15/100\n|-unboost|p1a: Dragonite|spa|2\n|move|p2a: Basculegion|Last Respects|p1a: Dragonite\n|-damage|p1a: Dragonite|17/100 brn\n|move|p1b: Rotom|Thunder|p2a: Basculegion|[miss]\n|-miss|p1b: Rotom|p2a: Basculegion\n|\n|-heal|p2b: Sableye|20/100|[from] item: Leftovers\n|-damage|p1a: Dragonite|11/100 brn|[from] brn\n|upkeep\n|turn|10\n|\n|t:|1776208828\n|move|p2b: Sableye|Recover|p2b: Sableye\n|-heal|p2b: Sableye|71/100\n|move|p1a: Dragonite|Draco Meteor|p2a: Basculegion|[miss]\n|-miss|p1a: Dragonite|p2a: Basculegion\n|move|p2a: Basculegion|Last Respects|p1b: Rotom\n|-damage|p1b: Rotom|0 fnt\n|faint|p1b: Rotom\n|\n|-heal|p2b: Sableye|76/100|[from] item: Leftovers\n|-damage|p1a: Dragonite|5/100 brn|[from] brn\n|upkeep\n|turn|11\n|\n|t:|1776208845\n|move|p2a: Basculegion|Aqua Jet|p1a: Dragonite\n|-resisted|p1a: Dragonite|1\n|-damage|p1a: Dragonite|0 fnt\n|faint|p1a: Dragonite\n|\n|win|Astyacos\n|raw|Sotoriya's rating: 1082 &rarr; <strong>1055</strong><br />(-27 for losing)\n|raw|Astyacos's rating: 1000 &rarr; <strong>1049</strong><br />(+49 for winning)\n",
  "uploadtime": 1776208852,
  "views": 20,
  "formatid": "gen9championsvgc2026regma",
  "rating": 1049,
  "private": 0,
  "password": null
}