{
  "id": "gen9championsvgc2026regma-2586959254",
  "format": "[Gen 9 Champions] VGC 2026 Reg M-A",
  "players": [
    "Xcdc9182",
    "bl4ze4444"
  ],
  "log": "|j|\u203dXcdc9182\n|j|\u2606bl4ze4444\n|t:|1776475729\n|gametype|doubles\n|player|p1|Xcdc9182|2|1157\n|player|p2|bl4ze4444|steven|1139\n|gen|9\n|tier|[Gen 9 Champions] VGC 2026 Reg M-A\n|rated|\n|rule|Species Clause: Limit one of each Pok\u00e9mon\n|rule|Item Clause: Limit 1 of each item\n|clearpoke\n|poke|p1|Gardevoir, L50, F|\n|poke|p1|Tyranitar, L50, M|\n|poke|p1|Aegislash, L50, M|\n|poke|p1|Palafin, L50, M|\n|poke|p1|Sinistcha, L50|\n|poke|p1|Talonflame, L50, M|\n|poke|p2|Zoroark-Hisui, L50, M|\n|poke|p2|Glimmora, L50, F|\n|poke|p2|Incineroar, L50, F|\n|poke|p2|Basculegion, L50, M|\n|poke|p2|Sinistcha, L50|\n|poke|p2|Kingambit, L50, F|\n|teampreview|4\n|inactive|Battle timer is ON: inactive players will automatically lose when time's up. (requested by Xcdc9182)\n|inactive|bl4ze4444 has 60 seconds left.\n|\n|t:|1776475779\n|teamsize|p1|4\n|teamsize|p2|4\n|start\n|switch|p1a: Aegislash|Aegislash, L50, M|100/100\n|switch|p1b: Palafin|Palafin, L50, M|100/100\n|switch|p2a: Glimmora|Glimmora, L50, F|100/100\n|switch|p2b: Basculegion|Basculegion, L50, M|100/100\n|turn|1\n|inactive|bl4ze4444 has 30 seconds left.\n|\n|t:|1776475808\n|move|p1b: Palafin|Protect|p1b: Palafin\n|-singleturn|p1b: Palafin|Protect\n|move|p2b: Basculegion|Flip Turn|p1a: Aegislash|[miss]\n|-miss|p2b: Basculegion|p1a: Aegislash\n|move|p2a: Glimmora|Shadow Ball|p1a: Aegislash\n|-supereffective|p1a: Aegislash|1\n|-damage|p1a: Aegislash|29/100\n|move|p1a: Aegislash|Swords Dance|p1a: Aegislash\n|-boost|p1a: Aegislash|atk|2\n|\n|upkeep\n|turn|2\n|inactive|bl4ze4444 has 30 seconds left.\n|\n|t:|1776475834\n|detailschange|p1b: Palafin|Palafin-Hero, L50, M\n|switch|p1b: Sinistcha|Sinistcha, L50|100/100\n|-heal|p1a: Aegislash|53/100|[from] ability: Hospitality|[of] p1b: Sinistcha\n|move|p1a: Aegislash|King's Shield|p1a: Aegislash\n|-singleturn|p1a: Aegislash|Protect\n|move|p2b: Basculegion|Flip Turn|p1a: Aegislash\n|-activate|p1a: Aegislash|move: Protect\n|-unboost|p2b: Basculegion|atk|1\n|move|p2a: Glimmora|Shadow Ball|p1a: Aegislash\n|-activate|p1a: Aegislash|move: Protect\n|\n|upkeep\n|turn|3\n|inactive|Xcdc9182 has 30 seconds left.\n|inactive|bl4ze4444 has 30 seconds left.\n|inactive|bl4ze4444 has 20 seconds left.\n|\n|t:|1776475870\n|switch|p2b: Kingambit|Kingambit, L50, F|100/100\n|move|p2a: Glimmora|Protect|p2a: Glimmora\n|-singleturn|p2a: Glimmora|Protect\n|move|p1b: Sinistcha|Rage Powder|p1b: Sinistcha\n|-singleturn|p1b: Sinistcha|move: Rage Powder\n|-formechange|p1a: Aegislash|Aegislash-Blade|\n|move|p1a: Aegislash|Iron Head|p2a: Glimmora\n|-activate|p2a: Glimmora|move: Protect\n|\n|upkeep\n|turn|4\n|inactive|Xcdc9182 has 30 seconds left.\n|\n|t:|1776475901\n|-formechange|p1a: Aegislash|Aegislash|\n|move|p1a: Aegislash|King's Shield|p1a: Aegislash\n|-singleturn|p1a: Aegislash|Protect\n|move|p2a: Glimmora|Icy Wind|p1a: Aegislash|[spread] p1b\n|-activate|p1a: Aegislash|move: Protect\n|-supereffective|p1b: Sinistcha|1\n|-damage|p1b: Sinistcha|74/100\n|-unboost|p1b: Sinistcha|spe|1\n|move|p2b: Kingambit|Kowtow Cleave|p1b: Sinistcha\n|-supereffective|p1b: Sinistcha|1\n|-damage|p1b: Sinistcha|0 fnt\n|faint|p1b: Sinistcha\n|\n|upkeep\n|\n|t:|1776475915\n|switch|p1b: Talonflame|Talonflame, L50, M|100/100\n|turn|5\n|\n|t:|1776475931\n|move|p2b: Kingambit|Protect|p2b: Kingambit\n|-singleturn|p2b: Kingambit|Protect\n|move|p1b: Talonflame|Tailwind|p1b: Talonflame\n|-sidestart|p1: Xcdc9182|move: Tailwind\n|move|p2a: Glimmora|Icy Wind|p1b: Talonflame|[spread] p1a,p1b\n|-resisted|p1a: Aegislash|1\n|-damage|p1a: Aegislash|48/100\n|-damage|p1b: Talonflame|80/100\n|-unboost|p1a: Aegislash|spe|1\n|-unboost|p1b: Talonflame|spe|1\n|move|p1a: Aegislash|Swords Dance|p1a: Aegislash\n|-boost|p1a: Aegislash|atk|2\n|\n|upkeep\n|turn|6\n|inactive|bl4ze4444 has 30 seconds left.\n|\n|t:|1776475958\n|switch|p2b: Basculegion|Basculegion, L50, M|100/100\n|move|p1b: Talonflame|Quick Guard|p1b: Talonflame\n|-singleturn|p1b: Talonflame|Quick Guard\n|move|p2a: Glimmora|Icy Wind|p1a: Aegislash|[spread] p1a,p1b\n|-resisted|p1a: Aegislash|1\n|-damage|p1a: Aegislash|42/100\n|-damage|p1b: Talonflame|60/100\n|-unboost|p1a: Aegislash|spe|1\n|-unboost|p1b: Talonflame|spe|1\n|-formechange|p1a: Aegislash|Aegislash-Blade|\n|move|p1a: Aegislash|Poltergeist|p2b: Basculegion|[miss]\n|-miss|p1a: Aegislash|p2b: Basculegion\n|\n|upkeep\n|turn|7\n|inactive|bl4ze4444 has 30 seconds left.\n|\n|t:|1776475984\n|switch|p1b: Palafin|Palafin-Hero, L50, M|100/100\n|-activate|p1b: Palafin|ability: Zero to Hero\n|-formechange|p1a: Aegislash|Aegislash|\n|move|p1a: Aegislash|King's Shield|p1a: Aegislash\n|-singleturn|p1a: Aegislash|Protect\n|move|p2b: Basculegion|Last Respects|p1a: Aegislash\n|-activate|p1a: Aegislash|move: Protect\n|move|p2a: Glimmora|Icy Wind|p1a: Aegislash|[spread] p1b\n|-activate|p1a: Aegislash|move: Protect\n|-resisted|p1b: Palafin|1\n|-damage|p1b: Palafin|95/100\n|-unboost|p1b: Palafin|spe|1\n|\n|upkeep\n|turn|8\n|inactive|bl4ze4444 has 30 seconds left.\n|\n|t:|1776476016\n|move|p2b: Basculegion|Last Respects|p1a: Aegislash\n|-supereffective|p1a: Aegislash|1\n|-damage|p1a: Aegislash|0 fnt\n|faint|p1a: Aegislash\n|move|p2a: Glimmora|Shadow Ball|p1b: Palafin\n|-damage|p1b: Palafin|60/100\n|move|p1b: Palafin|Wave Crash|p2a: Glimmora\n|-enditem|p2a: Glimmora|Focus Sash\n|-damage|p2a: Glimmora|1/100\n|replace|p2a: Zoroark|Zoroark-Hisui, L50, M\n|-end|p2a: Zoroark|Illusion\n|-damage|p1b: Palafin|38/100|[from] Recoil\n|\n|-sideend|p1: Xcdc9182|move: Tailwind\n|upkeep\n|l|\u203dXcdc9182\n|inactive|Xcdc9182 disconnected and has a minute to reconnect!\n|player|p1|\n|inactive|Xcdc9182 has 30 seconds left.\n|inactive|Xcdc9182 has 20 seconds left.\n|inactive|Xcdc9182 has 15 seconds left.\n|inactive|Xcdc9182 has 10 seconds left.\n|inactive|Xcdc9182 has 5 seconds left.\n|-message|Xcdc9182 lost due to inactivity.\n|\n|win|bl4ze4444\n|raw|Xcdc9182's rating: 1157 &rarr; <strong>1131</strong><br />(-26 for losing)\n|raw|bl4ze4444's rating: 1139 &rarr; <strong>1165</strong><br />(+26 for winning)\n",
  "uploadtime": 1776476512,
  "views": 18,
  "formatid": "gen9championsvgc2026regma",
  "rating": 1131,
  "private": 0,
  "password": null
}