{
  "id": "gen9championsvgc2026regma-2584938935",
  "format": "[Gen 9 Champions] VGC 2026 Reg M-A",
  "players": [
    "Kazthor5",
    "BK Sergio"
  ],
  "log": "|j|\u2606Kazthor5\n|j|\u2606BK Sergio\n|t:|1776296347\n|gametype|doubles\n|player|p1|Kazthor5|drayden|\n|player|p2|BK Sergio|birdkeeper-gen4dp|\n|gen|9\n|tier|[Gen 9 Champions] VGC 2026 Reg M-A\n|rule|Species Clause: Limit one of each Pok\u00e9mon\n|rule|Item Clause: Limit 1 of each item\n|clearpoke\n|poke|p1|Charizard, L50, M|\n|poke|p1|Dragapult, L50, F|\n|poke|p1|Venusaur, L50, M|\n|poke|p1|Sneasler, L50, F|\n|poke|p1|Farigiraf, L50, F|\n|poke|p1|Clefable, L50, F|\n|poke|p2|Pelipper, L50, M|\n|poke|p2|Quaquaval, L50, M|\n|poke|p2|Incineroar, L50, M|\n|poke|p2|Manectric, L50, M|\n|poke|p2|Basculegion, L50, M|\n|poke|p2|Meganium, L50, F|\n|teampreview|4\nKazthor5 rejected open team sheets.\n|inactive|Battle timer is ON: inactive players will automatically lose when time's up. (requested by Kazthor5)\n|inactive|BK Sergio has 60 seconds left.\n|inactive|BK Sergio has 30 seconds left.\n|inactive|Kazthor5 has 60 seconds left.\n|inactive|BK Sergio has 20 seconds left.\n|\n|t:|1776296424\n|teamsize|p1|4\n|teamsize|p2|4\n|start\n|switch|p1a: Cheshire|Sneasler, L50, F, shiny|100/100\n|switch|p1b: Lola|Farigiraf, L50, F|100/100\n|switch|p2a: Quaquaval|Quaquaval, L50, M|100/100\n|switch|p2b: Basculegion|Basculegion, L50, M|100/100\n|turn|1\n|inactive|BK Sergio has 30 seconds left.\n|inactive|BK Sergio has 20 seconds left.\n|\n|t:|1776296460\n|move|p2a: Quaquaval|Protect|p2a: Quaquaval\n|-singleturn|p2a: Quaquaval|Protect\n|move|p1a: Cheshire|Fake Out|p2a: Quaquaval\n|-activate|p2a: Quaquaval|move: Protect\n|move|p2b: Basculegion|Wave Crash|p1a: Cheshire\n|-damage|p1a: Cheshire|0 fnt\n|faint|p1a: Cheshire\n|-damage|p2b: Basculegion|75/100|[from] Recoil\n|move|p1b: Lola|Dazzling Gleam|p2b: Basculegion|[spread] p2b\n|-activate|p2a: Quaquaval|move: Protect\n|-damage|p2b: Basculegion|58/100\n|\n|upkeep\n|\n|t:|1776296467\n|switch|p1a: Nika|Charizard, L50, M|100/100\n|turn|2\n|inactive|BK Sergio has 30 seconds left.\n|\n|t:|1776296493\n|switch|p1b: Venusaur|Venusaur, L50, M|100/100\n|detailschange|p1a: Nika|Charizard-Mega-Y, L50, M\n|-mega|p1a: Nika|Charizard|Charizardite Y\n|-weather|SunnyDay|[from] ability: Drought|[of] p1a: Nika\n|move|p2b: Basculegion|Wave Crash|p1b: Venusaur\n|-resisted|p1b: Venusaur|1\n|-damage|p1b: Venusaur|77/100\n|-damage|p2b: Basculegion|52/100|[from] Recoil\n|move|p1a: Nika|Solar Beam||[still]\n|-prepare|p1a: Nika|Solar Beam\n|-anim|p1a: Nika|Solar Beam|p2b: Basculegion\n|-supereffective|p2b: Basculegion|1\n|-damage|p2b: Basculegion|0 fnt\n|faint|p2b: Basculegion\n|move|p2a: Quaquaval|Close Combat|p1b: Venusaur\n|-resisted|p1b: Venusaur|1\n|-damage|p1b: Venusaur|44/100\n|-unboost|p2a: Quaquaval|def|1\n|-unboost|p2a: Quaquaval|spd|1\n|-enditem|p2a: Quaquaval|White Herb\n|-clearnegativeboost|p2a: Quaquaval|[silent]\n|\n|-weather|SunnyDay|[upkeep]\n|upkeep\n|\n|t:|1776296517\n|switch|p2b: Flash|Manectric, L50, M|100/100\n|turn|3\n|\n|t:|1776296536\n|switch|p2b: Felipe|Pelipper, L50, M|100/100\n|-weather|RainDance|[from] ability: Drizzle|[of] p2b: Felipe\n|move|p1a: Nika|Protect|p1a: Nika\n|-singleturn|p1a: Nika|Protect\n|move|p2a: Quaquaval|Brave Bird|p1b: Venusaur\n|-supereffective|p1b: Venusaur|1\n|-damage|p1b: Venusaur|0 fnt\n|faint|p1b: Venusaur\n|-ability|p2a: Quaquaval|Moxie|boost\n|-boost|p2a: Quaquaval|atk|1\n|-damage|p2a: Quaquaval|86/100|[from] Recoil\n|\n|-weather|RainDance|[upkeep]\n|upkeep\n|\n|t:|1776296544\n|switch|p1b: Lola|Farigiraf, L50, F|100/100\n|turn|4\n|\n|t:|1776296564\n|move|p1b: Lola|Ally Switch|p1b: Lola\n|swap|p1b: Lola|0|[from] move: Ally Switch\n|move|p1b: Nika|Air Slash|p2a: Quaquaval\n|-supereffective|p2a: Quaquaval|1\n|-damage|p2a: Quaquaval|0 fnt\n|faint|p2a: Quaquaval\n|move|p2b: Felipe|Weather Ball|p1a: Lola\n|-damage|p1a: Lola|50/100\n|\n|-weather|RainDance|[upkeep]\n|-heal|p1a: Lola|57/100|[from] item: Leftovers\n|upkeep\n|\n|t:|1776296574\n|switch|p2a: Flash|Manectric, L50, M|100/100\n|turn|5\n|\n|t:|1776296596\n|detailschange|p2a: Flash|Manectric-Mega, L50, M\n|-mega|p2a: Flash|Manectric|Manectite\n|-ability|p2a: Flash|Intimidate|boost\n|-unboost|p1a: Lola|atk|1\n|-unboost|p1b: Nika|atk|1\n|move|p1b: Nika|Protect|p1b: Nika\n|-singleturn|p1b: Nika|Protect\n|move|p2a: Flash|Thunderbolt|p1a: Lola\n|-damage|p1a: Lola|17/100\n|move|p2b: Felipe|Tailwind|p2b: Felipe\n|-sidestart|p2: BK Sergio|move: Tailwind\n|move|p1a: Lola|Dazzling Gleam|p2b: Felipe|[spread] p2a,p2b\n|-damage|p2a: Flash|78/100\n|-damage|p2b: Felipe|72/100\n|\n|-weather|RainDance|[upkeep]\n|-heal|p1a: Lola|23/100|[from] item: Leftovers\n|upkeep\n|turn|6\n|inactive|Kazthor5 has 30 seconds left.\n|\n|t:|1776296623\n|move|p2b: Felipe|Wide Guard|p2b: Felipe\n|-singleturn|p2b: Felipe|Wide Guard\n|move|p1a: Lola|Ally Switch|p1a: Lola\n|swap|p1a: Lola|1|[from] move: Ally Switch\n|move|p2a: Flash|Thunderbolt|p1a: Nika\n|-supereffective|p1a: Nika|1\n|-crit|p1a: Nika\n|-damage|p1a: Nika|0 fnt\n|faint|p1a: Nika\n|\n|-weather|RainDance|[upkeep]\n|-heal|p1b: Lola|29/100|[from] item: Leftovers\n|upkeep\n|turn|7\n|-message|Kazthor5 forfeited.\n|\n|win|BK Sergio\n|l|\u2606Kazthor5\n|player|p1|\n",
  "uploadtime": 1776296634,
  "views": 32,
  "formatid": "gen9championsvgc2026regma",
  "rating": null,
  "private": 0,
  "password": null
}