{
  "id": "gen9championsvgc2026regma-2587807658",
  "format": "[Gen 9 Champions] VGC 2026 Reg M-A",
  "players": [
    "politicalzekrom",
    "Googsward"
  ],
  "log": "|j|\u2606politicalzekrom\n|j|\u203dGoogsward\n|t:|1776566043\n|gametype|doubles\n|player|p1|politicalzekrom|ghetsis-gen5bw|1083\n|player|p2|Googsward|169|1156\n|gen|9\n|tier|[Gen 9 Champions] VGC 2026 Reg M-A\n|rated|\n|rule|Species Clause: Limit one of each Pok\u00e9mon\n|rule|Item Clause: Limit 1 of each item\n|clearpoke\n|poke|p1|Milotic, L50, M, shiny|\n|poke|p1|Floette-Eternal, L50, F|\n|poke|p1|Incineroar, L50, F|\n|poke|p1|Ditto, L50|\n|poke|p1|Aerodactyl, L50, M|\n|poke|p1|Garchomp, L50, F|\n|poke|p2|Banette, L50, F, shiny|\n|poke|p2|Torkoal, L50, M|\n|poke|p2|Slowking-Galar, L50, F|\n|poke|p2|Hydreigon, L50, M|\n|poke|p2|Victreebel, L50, M|\n|poke|p2|Basculegion, L50, M|\n|teampreview|4\n|\n|t:|1776566065\n|teamsize|p1|4\n|teamsize|p2|4\n|start\n|switch|p1a: Floette|Floette-Eternal, L50, F|100/100\n|switch|p1b: Aerodactyl|Aerodactyl, L50, M|100/100\n|switch|p2a: Victreebel|Victreebel, L50, M|100/100\n|switch|p2b: Slowking|Slowking-Galar, L50, F|100/100\n|-ability|p1b: Aerodactyl|Unnerve\n|-clearboost|p2a: Victreebel|[from] ability: Curious Medicine|[of] p2b: Slowking\n|turn|1\n|\n|t:|1776566086\n|detailschange|p2a: Victreebel|Victreebel-Mega, L50, M\n|-mega|p2a: Victreebel|Victreebel|Victreebelite\n|move|p1a: Floette|Protect|p1a: Floette\n|-singleturn|p1a: Floette|Protect\n|move|p1b: Aerodactyl|Dual Wingbeat|p2a: Victreebel\n|-supereffective|p2a: Victreebel|1\n|-crit|p2a: Victreebel\n|-damage|p2a: Victreebel|45/100\n|-supereffective|p2a: Victreebel|1\n|-damage|p2a: Victreebel|6/100\n|-hitcount|p2a: Victreebel|2\n|move|p2a: Victreebel|Acid Spray|p1a: Floette\n|-activate|p1a: Floette|move: Protect\n|move|p2b: Slowking|Trick Room|p2b: Slowking\n|-fieldstart|move: Trick Room|[of] p2b: Slowking\n|\n|upkeep\n|turn|2\n|\n|t:|1776566101\n|switch|p1a: Ditto|Ditto, L50|100/100\n|-transform|p1a: Ditto|p2b: Slowking|[from] ability: Imposter\n|-clearboost|p1b: Aerodactyl|[from] ability: Curious Medicine|[of] p1a: Ditto\n|move|p2b: Slowking|Sludge Bomb|p1a: Ditto\n|-resisted|p1a: Ditto|1\n|-damage|p1a: Ditto|77/100\n|move|p2a: Victreebel|Strength Sap|p1b: Aerodactyl\n|-unboost|p1b: Aerodactyl|atk|1\n|-heal|p2a: Victreebel|90/100\n|move|p1b: Aerodactyl|Rock Slide|p2b: Slowking|[spread] p2a,p2b\n|-damage|p2a: Victreebel|73/100\n|-damage|p2b: Slowking|84/100\n|\n|upkeep\n|turn|3\n|\n|t:|1776566123\n|move|p1b: Aerodactyl|Protect|p1b: Aerodactyl\n|-singleturn|p1b: Aerodactyl|Protect\n|move|p2b: Slowking|Eerie Spell|p1a: Ditto\n|-damage|p1a: Ditto|37/100\n|move|p2a: Victreebel|Wrap|p1b: Aerodactyl\n|-activate|p1b: Aerodactyl|move: Protect\n|move|p1a: Ditto|Trick Room|p1a: Ditto\n|-fieldend|move: Trick Room\n|\n|upkeep\n|turn|4\n|\n|t:|1776566141\n|switch|p1b: Floette|Floette-Eternal, L50, F|100/100\n|switch|p1a: Incineroar|Incineroar, L50, F|100/100\n|-ability|p1a: Incineroar|Intimidate|boost\n|-unboost|p2a: Victreebel|atk|1\n|-unboost|p2b: Slowking|atk|1\n|move|p2a: Victreebel|Strength Sap|p1b: Floette\n|-unboost|p1b: Floette|atk|1\n|-heal|p2a: Victreebel|100/100\n|move|p2b: Slowking|Trick Room|p2b: Slowking\n|-fieldstart|move: Trick Room|[of] p2b: Slowking\n|\n|upkeep\n|turn|5\n|\n|t:|1776566163\n|detailschange|p1b: Floette|Floette-Mega, L50, F\n|-mega|p1b: Floette|Floette|Floettite\n|-ability|p1b: Floette|Fairy Aura\n|move|p1a: Incineroar|Fake Out|p2a: Victreebel\n|-damage|p2a: Victreebel|87/100\n|move|p2b: Slowking|Sludge Bomb|p1a: Incineroar\n|-damage|p1a: Incineroar|56/100\n|cant|p2a: Victreebel|flinch\n|move|p1b: Floette|Moonblast|p2b: Slowking\n|-resisted|p2b: Slowking|1\n|-damage|p2b: Slowking|55/100\n|\n|upkeep\n|turn|6\n|\n|t:|1776566180\n|switch|p1b: Ditto|Ditto, L50|37/100\n|-transform|p1b: Ditto|p2a: Victreebel|[from] ability: Imposter\n|move|p2b: Slowking|Sludge Bomb|p1b: Ditto\n|-damage|p1b: Ditto|0 fnt\n|-damage|p2b: Slowking|28/100|[from] ability: Innards Out|[of] p1b: Ditto\n|faint|p1b: Ditto\n|move|p1a: Incineroar|Darkest Lariat|p2b: Slowking\n|-supereffective|p2b: Slowking|1\n|-enditem|p2b: Slowking|Colbur Berry|[eat]\n|-enditem|p2b: Slowking|Colbur Berry|[weaken]\n|-damage|p2b: Slowking|0 fnt\n|faint|p2b: Slowking\n|move|p2a: Victreebel|Acid Spray|p1a: Incineroar\n|-damage|p1a: Incineroar|38/100\n|-unboost|p1a: Incineroar|spd|2\n|-enditem|p1a: Incineroar|Sitrus Berry|[eat]\n|-heal|p1a: Incineroar|62/100|[from] item: Sitrus Berry\n|\n|upkeep\n|\n|t:|1776566203\n|switch|p2b: Torkoal|Torkoal, L50, M|100/100\n|switch|p1b: Aerodactyl|Aerodactyl, L50, M|100/100\n|-ability|p1b: Aerodactyl|Unnerve\n|-weather|SunnyDay|[from] ability: Drought|[of] p2b: Torkoal\n|turn|7\n|\n|t:|1776566218\n|move|p1b: Aerodactyl|Protect|p1b: Aerodactyl\n|-singleturn|p1b: Aerodactyl|Protect\n|move|p2b: Torkoal|Eruption|p1b: Aerodactyl|[spread] p1a\n|-activate|p1b: Aerodactyl|move: Protect\n|-resisted|p1a: Incineroar|1\n|-damage|p1a: Incineroar|0 fnt\n|faint|p1a: Incineroar\n|move|p2a: Victreebel|Wrap|p1b: Aerodactyl\n|-activate|p1b: Aerodactyl|move: Protect\n|\n|-weather|SunnyDay|[upkeep]\n|upkeep\n|\n|t:|1776566227\n|switch|p1a: Floette|Floette-Mega, L50, F|100/100\n|-ability|p1a: Floette|Fairy Aura\n|turn|8\n|\n|t:|1776566262\n|move|p1a: Floette|Protect|p1a: Floette\n|-singleturn|p1a: Floette|Protect\n|move|p2b: Torkoal|Eruption|p1b: Aerodactyl|[spread] p1b\n|-activate|p1a: Floette|move: Protect\n|-resisted|p1b: Aerodactyl|1\n|-damage|p1b: Aerodactyl|37/100\n|move|p2a: Victreebel|Wrap|p1b: Aerodactyl\n|-resisted|p1b: Aerodactyl|1\n|-damage|p1b: Aerodactyl|36/100\n|-activate|p1b: Aerodactyl|move: Wrap|[of] p2a: Victreebel\n|move|p1b: Aerodactyl|Rock Slide|p2b: Torkoal|[spread] p2a\n|-miss|p1b: Aerodactyl|p2b: Torkoal\n|-damage|p2a: Victreebel|58/100\n|\n|-weather|SunnyDay|[upkeep]\n|-damage|p1b: Aerodactyl|23/100|[from] move: Wrap|[partiallytrapped]\n|-fieldend|move: Trick Room\n|upkeep\n|turn|9\n|\n|t:|1776566286\n|move|p1b: Aerodactyl|Rock Slide|p2a: Victreebel|[spread] p2a,p2b\n|-supereffective|p2b: Torkoal|1\n|-damage|p2a: Victreebel|32/100\n|-damage|p2b: Torkoal|64/100\n|move|p1a: Floette|Dazzling Gleam|p2a: Victreebel|[spread] p2a,p2b\n|-resisted|p2a: Victreebel|1\n|-resisted|p2b: Torkoal|1\n|-damage|p2a: Victreebel|7/100\n|-damage|p2b: Torkoal|34/100\n|cant|p2a: Victreebel|flinch\n|move|p2b: Torkoal|Weather Ball|p1a: Floette\n|-damage|p1a: Floette|40/100\n|\n|-weather|SunnyDay|[upkeep]\n|-damage|p1b: Aerodactyl|11/100|[from] move: Wrap|[partiallytrapped]\n|upkeep\n|turn|10\n|\n|t:|1776566304\n|move|p1b: Aerodactyl|Rock Slide|p2b: Torkoal|[spread] p2a,p2b\n|-supereffective|p2b: Torkoal|1\n|-damage|p2a: Victreebel|0 fnt\n|-damage|p2b: Torkoal|0 fnt\n|-damage|p1b: Aerodactyl|3/100|[from] ability: Innards Out|[of] p2a: Victreebel\n|faint|p2a: Victreebel\n|faint|p2b: Torkoal\n|move|p1a: Floette|Dazzling Gleam|p2: Victreebel|[notarget]\n|-fail|p1a: Floette\n|\n|-weather|SunnyDay|[upkeep]\n|-end|p1b: Aerodactyl|Wrap|[partiallytrapped]|[silent]\n|upkeep\n|\n|t:|1776566309\n|switch|p2b: Hydreigon|Hydreigon, L50, M|100/100\n|turn|11\n|\n|t:|1776566326\n|move|p1b: Aerodactyl|Rock Slide|p2b: Hydreigon\n|-damage|p2b: Hydreigon|64/100\n|move|p1a: Floette|Moonblast|p2b: Hydreigon\n|-supereffective|p2b: Hydreigon|2\n|-damage|p2b: Hydreigon|0 fnt\n|faint|p2b: Hydreigon\n|\n|win|politicalzekrom\n|raw|politicalzekrom's rating: 1083 &rarr; <strong>1116</strong><br />(+33 for winning)\n|raw|Googsward's rating: 1156 &rarr; <strong>1126</strong><br />(-30 for losing)\n",
  "uploadtime": 1776566332,
  "views": 10,
  "formatid": "gen9championsvgc2026regma",
  "rating": 1116,
  "private": 0,
  "password": null
}