{
  "id": "gen9championsvgc2026regma-2587186634",
  "format": "[Gen 9 Champions] VGC 2026 Reg M-A",
  "players": [
    "idontcarereally",
    "TheRealWristTwist"
  ],
  "log": "|j|\u2606idontcarereally\n|j|\u2606TheRealWristTwist\n|t:|1776506059\n|gametype|doubles\n|player|p1|idontcarereally|101|1149\n|player|p2|TheRealWristTwist|2|1249\n|gen|9\n|tier|[Gen 9 Champions] VGC 2026 Reg M-A\n|rated|\n|rule|Species Clause: Limit one of each Pok\u00e9mon\n|rule|Item Clause: Limit 1 of each item\n|clearpoke\n|poke|p1|Chesnaught, L50, F|\n|poke|p1|Scizor, L50, M|\n|poke|p1|Incineroar, L50, M|\n|poke|p1|Pelipper, L50, M|\n|poke|p1|Rotom-Heat, L50|\n|poke|p1|Garchomp, L50, F|\n|poke|p2|Gengar, L50, M|\n|poke|p2|Basculegion, L50, M|\n|poke|p2|Politoed, L50, F|\n|poke|p2|Aggron, L50, F|\n|poke|p2|Farigiraf, L50, M|\n|poke|p2|Incineroar, L50, F|\n|teampreview|4\n|\n|t:|1776506098\n|teamsize|p1|4\n|teamsize|p2|4\n|start\n|switch|p1a: Incineroar|Incineroar, L50, M|100/100\n|switch|p1b: Chesnaught|Chesnaught, L50, F|100/100\n|switch|p2a: Farigiraf|Farigiraf, L50, M|100/100\n|switch|p2b: Aggron|Aggron, L50, F|100/100\n|-ability|p1a: Incineroar|Intimidate|boost\n|-unboost|p2a: Farigiraf|atk|1\n|-unboost|p2b: Aggron|atk|1\n|turn|1\n|\n|t:|1776506115\n|detailschange|p1b: Chesnaught|Chesnaught-Mega, L50, F\n|-mega|p1b: Chesnaught|Chesnaught|Chesnaughtite\n|detailschange|p2b: Aggron|Aggron-Mega, L50, F\n|-mega|p2b: Aggron|Aggron|Aggronite\n|move|p1a: Incineroar|Darkest Lariat|p2a: Farigiraf\n|-supereffective|p2a: Farigiraf|1\n|-crit|p2a: Farigiraf\n|-damage|p2a: Farigiraf|10/100\n|move|p1b: Chesnaught|Body Press|p2a: Farigiraf\n|-damage|p2a: Farigiraf|0 fnt\n|faint|p2a: Farigiraf\n|move|p2b: Aggron|Iron Defense|p2b: Aggron\n|-boost|p2b: Aggron|def|2\n|\n|upkeep\n|\n|t:|1776506138\n|switch|p2a: Incineroar|Incineroar, L50, F|100/100\n|-ability|p2a: Incineroar|Intimidate|boost\n|-unboost|p1a: Incineroar|atk|1\n|-unboost|p1b: Chesnaught|atk|1\n|turn|2\n|\n|t:|1776506151\n|move|p2a: Incineroar|Fake Out|p1b: Chesnaught\n|-damage|p1b: Chesnaught|94/100\n|move|p1a: Incineroar|Darkest Lariat|p2b: Aggron\n|-damage|p2b: Aggron|90/100\n|cant|p1b: Chesnaught|flinch\n|move|p2b: Aggron|Body Press|p1a: Incineroar\n|-supereffective|p1a: Incineroar|1\n|-enditem|p1a: Incineroar|Chople Berry|[eat]\n|-enditem|p1a: Incineroar|Chople Berry|[weaken]\n|-damage|p1a: Incineroar|30/100\n|\n|upkeep\n|turn|3\n|\n|t:|1776506187\n|move|p1a: Incineroar|Protect|p1a: Incineroar\n|-singleturn|p1a: Incineroar|Protect\n|move|p2a: Incineroar|Parting Shot|p1b: Chesnaught\n|-unboost|p1b: Chesnaught|atk|1\n|-unboost|p1b: Chesnaught|spa|1\n|\n|t:|1776506193\n|switch|p2a: Basculegion|Basculegion, L50, M|100/100|[from] Parting Shot\n|move|p1b: Chesnaught|Iron Defense|p1b: Chesnaught\n|-boost|p1b: Chesnaught|def|2\n|move|p2b: Aggron|Iron Defense|p2b: Aggron\n|-boost|p2b: Aggron|def|2\n|\n|upkeep\n|turn|4\n|\n|t:|1776506216\n|move|p2a: Basculegion|Wave Crash|p1a: Incineroar\n|-supereffective|p1a: Incineroar|1\n|-damage|p1a: Incineroar|0 fnt\n|faint|p1a: Incineroar\n|-damage|p2a: Basculegion|91/100|[from] Recoil\n|move|p1b: Chesnaught|Iron Defense|p1b: Chesnaught\n|-boost|p1b: Chesnaught|def|2\n|move|p2b: Aggron|Body Press|p1b: Chesnaught\n|-damage|p1b: Chesnaught|75/100\n|\n|upkeep\n|\n|t:|1776506226\n|switch|p1a: Rotom|Rotom-Heat, L50|100/100\n|turn|5\n|\n|t:|1776506260\n|move|p1a: Rotom|Volt Switch|p2a: Basculegion\n|-supereffective|p2a: Basculegion|1\n|-damage|p2a: Basculegion|28/100\n|\n|t:|1776506263\n|switch|p1a: Garchomp|Garchomp, L50, F|100/100|[from] Volt Switch\n|move|p2a: Basculegion|Last Respects|p1b: Chesnaught\n|-damage|p1b: Chesnaught|66/100\n|move|p1b: Chesnaught|Iron Defense|p1b: Chesnaught\n|-boost|p1b: Chesnaught|def|2\n|move|p2b: Aggron|Iron Defense|p2b: Aggron\n|-boost|p2b: Aggron|def|2\n|\n|upkeep\n|turn|6\n|\n|t:|1776506293\n|switch|p2a: Incineroar|Incineroar, L50, F|100/100\n|-ability|p2a: Incineroar|Intimidate|boost\n|-unboost|p1a: Garchomp|atk|1\n|-unboost|p1b: Chesnaught|atk|1\n|move|p1a: Garchomp|Earthquake|p2b: Aggron|[spread] p1b,p2a,p2b\n|-resisted|p1b: Chesnaught|1\n|-supereffective|p2a: Incineroar|1\n|-supereffective|p2b: Aggron|1\n|-damage|p1b: Chesnaught|65/100\n|-damage|p2a: Incineroar|58/100\n|-damage|p2b: Aggron|85/100\n|move|p1b: Chesnaught|Body Press|p2b: Aggron\n|-supereffective|p2b: Aggron|1\n|-damage|p2b: Aggron|51/100\n|move|p2b: Aggron|Body Press|p1a: Garchomp\n|-damage|p1a: Garchomp|0 fnt\n|-damage|p2b: Aggron|38/100|[from] ability: Rough Skin|[of] p1a: Garchomp\n|faint|p1a: Garchomp\n|\n|upkeep\n|\n|t:|1776506308\n|switch|p1a: Rotom|Rotom-Heat, L50|100/100\n|turn|7\n|\n|t:|1776506325\n|move|p2a: Incineroar|Fake Out|p1a: Rotom\n|-damage|p1a: Rotom|86/100\n|cant|p1a: Rotom|flinch\n|move|p1b: Chesnaught|Body Press|p2b: Aggron\n|-supereffective|p2b: Aggron|1\n|-damage|p2b: Aggron|4/100\n|move|p2b: Aggron|Body Press|p1a: Rotom\n|-damage|p1a: Rotom|0 fnt\n|faint|p1a: Rotom\n|\n|upkeep\n|turn|8\n|\n|t:|1776506376\n|move|p2b: Aggron|Protect|p2b: Aggron\n|-singleturn|p2b: Aggron|Protect\n|move|p2a: Incineroar|Parting Shot|p1b: Chesnaught\n|-unboost|p1b: Chesnaught|atk|1\n|-unboost|p1b: Chesnaught|spa|1\n|\n|t:|1776506381\n|switch|p2a: Basculegion|Basculegion, L50, M|28/100|[from] Parting Shot\n|move|p1b: Chesnaught|Leech Seed|p2b: Aggron\n|-activate|p2b: Aggron|move: Protect\n|\n|upkeep\n|turn|9\n|\n|t:|1776506398\n|switch|p2a: Incineroar|Incineroar, L50, F|58/100\n|-ability|p2a: Incineroar|Intimidate|boost\n|-unboost|p1b: Chesnaught|atk|1\n|move|p1b: Chesnaught|Leech Seed|p2b: Aggron\n|-start|p2b: Aggron|move: Leech Seed\n|move|p2b: Aggron|Body Press|p1b: Chesnaught\n|-damage|p1b: Chesnaught|44/100\n|\n|-damage|p2b: Aggron|0 fnt|[from] Leech Seed|[of] p1b: Chesnaught\n|-heal|p1b: Chesnaught|47/100|[silent]\n|faint|p2b: Aggron\n|upkeep\n|\n|t:|1776506410\n|switch|p2b: Basculegion|Basculegion, L50, M|28/100\n|turn|10\n|\n|t:|1776506420\n|move|p1b: Chesnaught|Spiky Shield|p1b: Chesnaught\n|-singleturn|p1b: Chesnaught|move: Protect\n|move|p2b: Basculegion|Last Respects|p1b: Chesnaught\n|-activate|p1b: Chesnaught|move: Protect\n|move|p2a: Incineroar|Darkest Lariat|p1b: Chesnaught\n|-activate|p1b: Chesnaught|move: Protect\n|-damage|p2a: Incineroar|46/100|[from] Spiky Shield|[of] p1b: Chesnaught\n|-enditem|p2a: Incineroar|Sitrus Berry|[eat]\n|-heal|p2a: Incineroar|70/100|[from] item: Sitrus Berry\n|\n|upkeep\n|turn|11\n|\n|t:|1776506436\n|move|p2b: Basculegion|Last Respects|p1b: Chesnaught\n|-damage|p1b: Chesnaught|38/100\n|move|p2a: Incineroar|Darkest Lariat|p1b: Chesnaught\n|-resisted|p1b: Chesnaught|1\n|-damage|p1b: Chesnaught|29/100\n|move|p1b: Chesnaught|Body Press|p2a: Incineroar\n|-supereffective|p2a: Incineroar|1\n|-damage|p2a: Incineroar|0 fnt\n|faint|p2a: Incineroar\n|\n|upkeep\n|turn|12\n|\n|t:|1776506460\n|move|p2b: Basculegion|Last Respects|p1b: Chesnaught\n|-damage|p1b: Chesnaught|18/100\n|move|p1b: Chesnaught|Leech Seed|p2b: Basculegion\n|-start|p2b: Basculegion|move: Leech Seed\n|\n|-damage|p2b: Basculegion|16/100|[from] Leech Seed|[of] p1b: Chesnaught\n|-heal|p1b: Chesnaught|31/100|[silent]\n|upkeep\n|turn|13\n|\n|t:|1776506470\n|move|p1b: Chesnaught|Spiky Shield|p1b: Chesnaught\n|-singleturn|p1b: Chesnaught|move: Protect\n|move|p2b: Basculegion|Last Respects|p1b: Chesnaught\n|-activate|p1b: Chesnaught|move: Protect\n|\n|-damage|p2b: Basculegion|4/100|[from] Leech Seed|[of] p1b: Chesnaught\n|-heal|p1b: Chesnaught|44/100|[silent]\n|upkeep\n|turn|14\n|c|\u2606idontcarereally|gg fellow fatmons player\n|\n|t:|1776506480\n|move|p1b: Chesnaught|Spiky Shield|p1b: Chesnaught\n|-singleturn|p1b: Chesnaught|move: Protect\n|move|p2b: Basculegion|Last Respects|p1b: Chesnaught\n|-activate|p1b: Chesnaught|move: Protect\n|\n|-damage|p2b: Basculegion|0 fnt|[from] Leech Seed|[of] p1b: Chesnaught\n|-heal|p1b: Chesnaught|47/100|[silent]\n|faint|p2b: Basculegion\n|\n|win|idontcarereally\n|raw|idontcarereally's rating: 1149 &rarr; <strong>1181</strong><br />(+32 for winning)\n|raw|TheRealWristTwist's rating: 1249 &rarr; <strong>1217</strong><br />(-32 for losing)\n",
  "uploadtime": 1776506504,
  "views": 19,
  "formatid": "gen9championsvgc2026regma",
  "rating": 1181,
  "private": 0,
  "password": null
}