{
  "id": "gen9championsvgc2026regma-2588410950",
  "format": "[Gen 9 Champions] VGC 2026 Reg M-A",
  "players": [
    "bakaboy2016",
    "NavierStrks"
  ],
  "log": "|j|\u2606bakaboy2016\n|j|\u2606NavierStrks\n|t:|1776631228\n|gametype|doubles\n|player|p1|bakaboy2016|clown|1105\n|player|p2|NavierStrks|266|1042\n|gen|9\n|tier|[Gen 9 Champions] VGC 2026 Reg M-A\n|rated|\n|rule|Species Clause: Limit one of each Pok\u00e9mon\n|rule|Item Clause: Limit 1 of each item\n|clearpoke\n|poke|p1|Meowstic-F, L50, F|\n|poke|p1|Sableye, L50, F|\n|poke|p1|Espathra, L50, M|\n|poke|p1|Milotic, L50, M|\n|poke|p1|Garchomp, L50, F|\n|poke|p1|Whimsicott, L50, M|\n|poke|p2|Runerigus, L50, M|\n|poke|p2|Medicham, L50, M|\n|poke|p2|Alakazam, L50, M|\n|poke|p2|Vivillon-Fancy, L50, M|\n|poke|p2|Samurott-Hisui, L50, F|\n|poke|p2|Abomasnow, L50, F|\n|teampreview|4\n|inactive|Battle timer is ON: inactive players will automatically lose when time's up. (requested by bakaboy2016)\n|inactive|bakaboy2016 has 60 seconds left.\n|inactive|NavierStrks has 60 seconds left.\n|\n|t:|1776631283\n|teamsize|p1|4\n|teamsize|p2|4\n|start\n|switch|p1a: Sableye|Sableye, L50, F|100/100\n|switch|p1b: Espathra|Espathra, L50, M|100/100\n|switch|p2a: Medicham|Medicham, L50, M|100/100\n|switch|p2b: Runerigus|Runerigus, L50, M|100/100\n|turn|1\n|inactive|NavierStrks has 30 seconds left.\n|\n|t:|1776631313\n|move|p2a: Medicham|Fake Out|p1b: Espathra\n|-damage|p1b: Espathra|74/100\n|move|p1a: Sableye|Gravity|p1a: Sableye\n|-fieldstart|move: Gravity\n|cant|p1b: Espathra|flinch\n|move|p2b: Runerigus|Trick Room|p2b: Runerigus\n|-fieldstart|move: Trick Room|[of] p2b: Runerigus\n|\n|-ability|p1b: Espathra|Speed Boost|boost\n|-boost|p1b: Espathra|spe|1\n|upkeep\n|turn|2\n|inactive|NavierStrks has 30 seconds left.\n|\n|t:|1776631339\n|move|p2a: Medicham|Bullet Punch|p2b: Runerigus\n|-damage|p2b: Runerigus|89/100\n|-activate|p2a: Medicham|Skill Swap|||[of] p2b: Runerigus\n|move|p2b: Runerigus|Phantom Force||[still]\n|-prepare|p2b: Runerigus|Phantom Force\n|move|p1a: Sableye|Foul Play|p2b: Runerigus|[miss]\n|-miss|p1a: Sableye|p2b: Runerigus\n|move|p1b: Espathra|Lumina Crash|p2a: Medicham\n|-damage|p2a: Medicham|43/100\n|-unboost|p2a: Medicham|spd|2\n|\n|-heal|p2b: Runerigus|95/100|[from] item: Leftovers\n|-ability|p1b: Espathra|Speed Boost|boost\n|-boost|p1b: Espathra|spe|1\n|upkeep\n|turn|3\n|inactive|bakaboy2016 has 30 seconds left.\n|\n|t:|1776631366\n|move|p2a: Medicham|Bullet Punch|p1a: Sableye\n|-crit|p1a: Sableye\n|-damage|p1a: Sableye|81/100\n|move|p2b: Runerigus|Phantom Force|p1a: Sableye|[from] lockedmove\n|-damage|p1a: Sableye|0 fnt\n|faint|p1a: Sableye\n|move|p1b: Espathra|Psychic Terrain|p1b: Espathra\n|-fieldstart|move: Psychic Terrain\n|\n|-heal|p2b: Runerigus|100/100|[from] item: Leftovers\n|-ability|p1b: Espathra|Speed Boost|boost\n|-boost|p1b: Espathra|spe|1\n|upkeep\n|\n|t:|1776631378\n|switch|p1a: Milotic|Milotic, L50, M|100/100\n|turn|4\n|\n|t:|1776631398\n|move|p2b: Runerigus|Body Press|p1b: Espathra\n|-resisted|p1b: Espathra|1\n|-damage|p1b: Espathra|19/100\n|move|p1a: Milotic|Hypnosis|p2a: Medicham\n|-status|p2a: Medicham|slp|[from] move: Hypnosis\n|cant|p2a: Medicham|slp\n|move|p1b: Espathra|Lumina Crash|p2b: Runerigus\n|-damage|p2b: Runerigus|50/100\n|-unboost|p2b: Runerigus|spd|2\n|\n|-heal|p2b: Runerigus|56/100|[from] item: Leftovers\n|-ability|p1b: Espathra|Speed Boost|boost\n|-boost|p1b: Espathra|spe|1\n|upkeep\n|turn|5\n|inactive|bakaboy2016 has 30 seconds left.\n|\n|t:|1776631426\n|move|p2b: Runerigus|Body Press|p1b: Espathra\n|-resisted|p1b: Espathra|1\n|-crit|p1b: Espathra\n|-damage|p1b: Espathra|0 fnt\n|faint|p1b: Espathra\n|move|p1a: Milotic|Hydro Pump|p2b: Runerigus\n|-supereffective|p2b: Runerigus|1\n|-damage|p2b: Runerigus|0 fnt\n|faint|p2b: Runerigus\n|-curestatus|p2a: Medicham|slp|[msg]\n|move|p2a: Medicham|Close Combat|p1a: Milotic\n|-damage|p1a: Milotic|73/100\n|-unboost|p2a: Medicham|def|1\n|-unboost|p2a: Medicham|spd|1\n|\n|-fieldend|move: Trick Room\n|-fieldend|move: Gravity\n|upkeep\n|inactive|bakaboy2016 has 30 seconds left.\n|\n|t:|1776631458\n|switch|p1b: Meowstic|Meowstic-F, L50, F|100/100\n|switch|p2b: Abomasnow|Abomasnow, L50, F|100/100\n|-weather|Snowscape|[from] ability: Snow Warning|[of] p2b: Abomasnow\n|turn|6\n|\n|t:|1776631479\n|detailschange|p1b: Meowstic|Meowstic-F-Mega, L50, F\n|-mega|p1b: Meowstic|Meowstic|Meowsticite\n|-ability|p1b: Meowstic|Wandering Spirit|Trace|[from] ability: Trace|[of] p2a: Medicham\n|detailschange|p2b: Abomasnow|Abomasnow-Mega, L50, F\n|-mega|p2b: Abomasnow|Abomasnow|Abomasite\n|move|p1b: Meowstic|Expanding Force|p2b: Abomasnow|[spread] p2a,p2b\n|-damage|p2a: Medicham|0 fnt\n|-damage|p2b: Abomasnow|46/100\n|faint|p2a: Medicham\n|move|p1a: Milotic|Hypnosis|p2b: Abomasnow|[miss]\n|-miss|p1a: Milotic|p2b: Abomasnow\n|move|p2b: Abomasnow|Blizzard|p1b: Meowstic|[spread] p1a,p1b\n|-resisted|p1a: Milotic|1\n|-crit|p1b: Meowstic\n|-damage|p1a: Milotic|57/100\n|-damage|p1b: Meowstic|13/100\n|\n|-weather|Snowscape|[upkeep]\n|upkeep\n|\n|t:|1776631492\n|switch|p2a: Alakazam|Alakazam, L50, M|100/100\n|turn|7\n|\n|t:|1776631512\n|move|p1b: Meowstic|Protect|p1b: Meowstic\n|-singleturn|p1b: Meowstic|Protect\n|move|p2b: Abomasnow|Protect|p2b: Abomasnow\n|-singleturn|p2b: Abomasnow|Protect\n|move|p2a: Alakazam|Shadow Ball|p1b: Meowstic\n|-activate|p1b: Meowstic|move: Protect\n|move|p1a: Milotic|Hydro Pump|p2a: Alakazam|[miss]\n|-miss|p1a: Milotic|p2a: Alakazam\n|\n|-weather|Snowscape|[upkeep]\n|-fieldend|move: Psychic Terrain\n|upkeep\n|turn|8\n|inactive|bakaboy2016 has 30 seconds left.\n|\n|t:|1776631538\n|move|p1b: Meowstic|Expanding Force|p2b: Abomasnow\n|-damage|p2b: Abomasnow|9/100\n|move|p2a: Alakazam|Shadow Ball|p1b: Meowstic\n|-supereffective|p1b: Meowstic|1\n|-damage|p1b: Meowstic|0 fnt\n|faint|p1b: Meowstic\n|move|p1a: Milotic|Hypnosis|p2a: Alakazam\n|-status|p2a: Alakazam|slp|[from] move: Hypnosis\n|move|p2b: Abomasnow|Energy Ball|p1a: Milotic\n|-supereffective|p1a: Milotic|1\n|-damage|p1a: Milotic|0 fnt\n|faint|p1a: Milotic\n|\n|win|NavierStrks\n|raw|bakaboy2016's rating: 1105 &rarr; <strong>1076</strong><br />(-29 for losing)\n|raw|NavierStrks's rating: 1042 &rarr; <strong>1082</strong><br />(+40 for winning)\n",
  "uploadtime": 1776631546,
  "views": 19,
  "formatid": "gen9championsvgc2026regma",
  "rating": 1076,
  "private": 0,
  "password": null
}