{
  "id": "gen9championsvgc2026regma-2585058095",
  "format": "[Gen 9 Champions] VGC 2026 Reg M-A",
  "players": [
    "Motherfuck ICE",
    "Saymonster"
  ],
  "log": "|j|\u2606Motherfuck ICE\n|j|\u2606Saymonster\n|t:|1776307515\n|gametype|doubles\n|player|p1|Motherfuck ICE|workerice|1148\n|player|p2|Saymonster|shadowtriad|1184\n|gen|9\n|tier|[Gen 9 Champions] VGC 2026 Reg M-A\n|rated|\n|rule|Species Clause: Limit one of each Pok\u00e9mon\n|rule|Item Clause: Limit 1 of each item\n|clearpoke\n|poke|p1|Greninja-*, L50, F|\n|poke|p1|Dragonite, L50, M|\n|poke|p1|Whimsicott, L50, F|\n|poke|p1|Sinistcha, L50|\n|poke|p1|Incineroar, L50, F|\n|poke|p1|Sneasler, L50, M|\n|poke|p2|Passimian, L50, F|\n|poke|p2|Milotic, L50, F|\n|poke|p2|Corviknight, L50, M|\n|poke|p2|Dragonite, L50, F|\n|poke|p2|Garchomp, L50, M|\n|poke|p2|Scizor, L50, M|\n|teampreview|4\n|\n|t:|1776307554\n|teamsize|p1|4\n|teamsize|p2|4\n|start\n|switch|p1a: Dragonite|Dragonite, L50, M, shiny|100/100\n|switch|p1b: Whimsicott|Whimsicott, L50, F, shiny|100/100\n|switch|p2a: Passimian|Passimian, L50, F|100/100\n|switch|p2b: Milotic|Milotic, L50, F|100/100\n|turn|1\n|\n|t:|1776307573\n|detailschange|p1a: Dragonite|Dragonite-Mega, L50, M, shiny\n|-mega|p1a: Dragonite|Dragonite|Dragoninite\n|move|p1b: Whimsicott|Tailwind|p1b: Whimsicott\n|-sidestart|p1: Motherfuck ICE|move: Tailwind\n|move|p1a: Dragonite|Thunderbolt|p2b: Milotic\n|-supereffective|p2b: Milotic|1\n|-damage|p2b: Milotic|63/100\n|move|p2a: Passimian|Iron Head|p1b: Whimsicott\n|-supereffective|p1b: Whimsicott|1\n|-damage|p1b: Whimsicott|44/100\n|move|p2b: Milotic|Ice Beam|p1b: Whimsicott\n|-supereffective|p1b: Whimsicott|1\n|-damage|p1b: Whimsicott|0 fnt\n|faint|p1b: Whimsicott\n|\n|upkeep\n|\n|t:|1776307584\n|switch|p1b: Sinistcha|Sinistcha, L50|100/100\n|turn|2\n|\n|t:|1776307596\n|move|p2a: Passimian|Protect|p2a: Passimian\n|-singleturn|p2a: Passimian|Protect\n|move|p1a: Dragonite|Thunderbolt|p2b: Milotic\n|-supereffective|p2b: Milotic|1\n|-damage|p2b: Milotic|24/100\n|move|p1b: Sinistcha|Matcha Gotcha|p2b: Milotic|[spread] p2b\n|-activate|p2a: Passimian|move: Protect\n|-supereffective|p2b: Milotic|1\n|-damage|p2b: Milotic|0 fnt\n|faint|p2b: Milotic\n|\n|upkeep\n|\n|t:|1776307613\n|switch|p2b: Garchomp|Garchomp, L50, M|100/100\n|turn|3\n|\n|t:|1776307632\n|move|p1b: Sinistcha|Rage Powder|p1b: Sinistcha\n|-singleturn|p1b: Sinistcha|move: Rage Powder\n|move|p1a: Dragonite|Draco Meteor|p2b: Garchomp|[miss]\n|-miss|p1a: Dragonite|p2b: Garchomp\n|move|p2b: Garchomp|Dragon Claw|p1b: Sinistcha\n|-damage|p1b: Sinistcha|70/100\n|move|p2a: Passimian|Iron Head|p1b: Sinistcha\n|-damage|p1b: Sinistcha|50/100\n|-enditem|p1b: Sinistcha|Sitrus Berry|[eat]\n|-heal|p1b: Sinistcha|75/100|[from] item: Sitrus Berry\n|\n|upkeep\n|turn|4\n|\n|t:|1776307656\n|switch|p2a: Corviknight|Corviknight, L50, M, shiny|100/100\n|move|p2b: Garchomp|Protect|p2b: Garchomp\n|-singleturn|p2b: Garchomp|Protect\n|move|p1b: Sinistcha|Rage Powder|p1b: Sinistcha\n|-singleturn|p1b: Sinistcha|move: Rage Powder\n|move|p1a: Dragonite|Draco Meteor|p2b: Garchomp\n|-activate|p2b: Garchomp|move: Protect\n|\n|-sideend|p1: Motherfuck ICE|move: Tailwind\n|upkeep\n|turn|5\n|\n|t:|1776307691\n|switch|p1b: Incineroar|Incineroar, L50, F|100/100\n|-ability|p1b: Incineroar|Intimidate|boost\n|-ability|p2a: Corviknight|Mirror Armor\n|-unboost|p1b: Incineroar|atk|1\n|-unboost|p2b: Garchomp|atk|1\n|move|p2b: Garchomp|Dragon Claw|p1a: Dragonite\n|-supereffective|p1a: Dragonite|1\n|-damage|p1a: Dragonite|77/100\n|cant|p1a: Dragonite|flinch\n|move|p2a: Corviknight|Brave Bird|p1b: Incineroar\n|-damage|p1b: Incineroar|75/100\n|-damage|p2a: Corviknight|93/100|[from] Recoil\n|\n|-heal|p2a: Corviknight|99/100|[from] item: Leftovers\n|upkeep\n|turn|6\n|c|\u2606Motherfuck ICE|wait what\n|c|\u2606Motherfuck ICE|kings rock?\n|\n|t:|1776307760\n|move|p2b: Garchomp|Protect|p2b: Garchomp\n|-singleturn|p2b: Garchomp|Protect\n|move|p1b: Incineroar|Fake Out|p2b: Garchomp\n|-activate|p2b: Garchomp|move: Protect\n|move|p1a: Dragonite|Draco Meteor|p2b: Garchomp\n|-activate|p2b: Garchomp|move: Protect\n|move|p2a: Corviknight|Bulk Up|p2a: Corviknight\n|-boost|p2a: Corviknight|atk|1\n|-boost|p2a: Corviknight|def|1\n|\n|-heal|p2a: Corviknight|100/100|[from] item: Leftovers\n|upkeep\n|turn|7\n|\n|t:|1776307791\n|switch|p2b: Passimian|Passimian, L50, F|100/100\n|move|p1b: Incineroar|Fake Out||[still]\n|-hint|Fake Out only works on your first turn out.\n|-fail|p1b: Incineroar\n|move|p1a: Dragonite|Thunderbolt|p2a: Corviknight\n|-supereffective|p2a: Corviknight|1\n|-damage|p2a: Corviknight|43/100\n|move|p2a: Corviknight|Body Press|p1b: Incineroar\n|-supereffective|p1b: Incineroar|1\n|-enditem|p1b: Incineroar|Chople Berry|[eat]\n|-enditem|p1b: Incineroar|Chople Berry|[weaken]\n|-damage|p1b: Incineroar|52/100\n|\n|-heal|p2a: Corviknight|49/100|[from] item: Leftovers\n|upkeep\n|turn|8\n|\n|t:|1776307826\n|switch|p2a: Garchomp|Garchomp, L50, M|100/100\n|move|p1a: Dragonite|Heat Wave|p2b: Passimian|[spread] p2a\n|-miss|p1a: Dragonite|p2b: Passimian\n|-resisted|p2a: Garchomp|1\n|-crit|p2a: Garchomp\n|-damage|p2a: Garchomp|81/100\n|move|p2b: Passimian|Close Combat|p1b: Incineroar\n|-supereffective|p1b: Incineroar|1\n|-damage|p1b: Incineroar|0 fnt\n|-unboost|p2b: Passimian|def|1\n|-unboost|p2b: Passimian|spd|1\n|faint|p1b: Incineroar\n|\n|upkeep\n|\n|t:|1776307836\n|switch|p1b: Sinistcha|Sinistcha, L50|75/100\n|-heal|p1a: Dragonite|100/100|[from] ability: Hospitality|[of] p1b: Sinistcha\n|turn|9\n|\n|t:|1776307858\n|move|p2a: Garchomp|Protect|p2a: Garchomp\n|-singleturn|p2a: Garchomp|Protect\n|move|p1a: Dragonite|Draco Meteor|p2a: Garchomp\n|-activate|p2a: Garchomp|move: Protect\n|move|p2b: Passimian|Iron Head|p1a: Dragonite\n|-damage|p1a: Dragonite|89/100\n|move|p1b: Sinistcha|Shadow Ball|p2b: Passimian\n|-damage|p2b: Passimian|28/100\n|\n|upkeep\n|turn|10\n|\n|t:|1776307880\n|move|p2b: Passimian|Protect|p2b: Passimian\n|-singleturn|p2b: Passimian|Protect\n|move|p1b: Sinistcha|Rage Powder|p1b: Sinistcha\n|-singleturn|p1b: Sinistcha|move: Rage Powder\n|move|p2a: Garchomp|Rock Slide|p1a: Dragonite|[spread] p1a\n|-miss|p2a: Garchomp|p1b: Sinistcha\n|-supereffective|p1a: Dragonite|1\n|-damage|p1a: Dragonite|55/100\n|move|p1a: Dragonite|Thunderbolt|p2b: Passimian\n|-activate|p2b: Passimian|move: Protect\n|\n|upkeep\n|turn|11\n|\n|t:|1776307907\n|move|p2a: Garchomp|Dragon Claw|p1a: Dragonite\n|-supereffective|p1a: Dragonite|1\n|-damage|p1a: Dragonite|0 fnt\n|faint|p1a: Dragonite\n|move|p2b: Passimian|Iron Head|p1b: Sinistcha\n|-damage|p1b: Sinistcha|54/100\n|move|p1b: Sinistcha|Matcha Gotcha|p2a: Garchomp|[spread] p2a,p2b\n|-damage|p2a: Garchomp|54/100\n|-heal|p1b: Sinistcha|69/100|[from] drain|[of] p2a: Garchomp\n|-damage|p2b: Passimian|0 fnt\n|-heal|p1b: Sinistcha|83/100|[from] drain|[of] p2b: Passimian\n|faint|p2b: Passimian\n|\n|upkeep\n|\n|t:|1776307923\n|switch|p2b: Corviknight|Corviknight, L50, M, shiny|49/100\n|turn|12\n|\n|t:|1776307930\n|move|p2a: Garchomp|Dragon Claw|p1b: Sinistcha\n|-damage|p1b: Sinistcha|51/100\n|move|p1b: Sinistcha|Shadow Ball|p2b: Corviknight\n|-damage|p2b: Corviknight|22/100\n|move|p2b: Corviknight|Roost|p2b: Corviknight\n|-heal|p2b: Corviknight|73/100\n|-singleturn|p2b: Corviknight|move: Roost\n|\n|-heal|p2b: Corviknight|79/100|[from] item: Leftovers\n|upkeep\n|turn|13\n|-message|Motherfuck ICE forfeited.\n|\n|win|Saymonster\n|raw|Motherfuck ICE's rating: 1148 &rarr; <strong>1126</strong><br />(-22 for losing)\n|raw|Saymonster's rating: 1184 &rarr; <strong>1206</strong><br />(+22 for winning)\n|l|\u2606Motherfuck ICE\n|player|p1|\n|c|\u2606Saymonster|Gg\n",
  "uploadtime": 1776308188,
  "views": 28,
  "formatid": "gen9championsvgc2026regma",
  "rating": 1126,
  "private": 0,
  "password": null
}