{
  "id": "gen9championsvgc2026regma-2581574321",
  "format": "[Gen 9 Champions] VGC 2026 Reg M-A",
  "players": [
    "TsekaiAndIncognito",
    "jimboob87"
  ],
  "log": "|j|\u2606TsekaiAndIncognito\n|j|\u2606jimboob87\n|t:|1776012109\n|gametype|doubles\n|player|p1|TsekaiAndIncognito|hilbert|1161\n|player|p2|jimboob87|102|1160\n|gen|9\n|tier|[Gen 9 Champions] VGC 2026 Reg M-A\n|rated|\n|rule|Species Clause: Limit one of each Pok\u00e9mon\n|rule|Item Clause: Limit 1 of each item\n|clearpoke\n|poke|p1|Froslass, L50, F|\n|poke|p1|Talonflame, L50, M|\n|poke|p1|Floette-Eternal, L50, F|\n|poke|p1|Gyarados, L50, F|\n|poke|p1|Krookodile, L50, M|\n|poke|p1|Gardevoir, L50, F|\n|poke|p2|Charizard, L50, F|\n|poke|p2|Venusaur, L50, F|\n|poke|p2|Lucario, L50, F|\n|poke|p2|Kangaskhan, L50, F|\n|poke|p2|Goodra, L50, F|\n|poke|p2|Incineroar, L50, M|\n|teampreview|4\n|inactive|Battle timer is ON: inactive players will automatically lose when time's up. (requested by TsekaiAndIncognito)\n|l|\u2606jimboob87\n|inactive|jimboob87 disconnected and has a minute to reconnect!\n|player|p2|\n|inactive|jimboob87 has 30 seconds to reconnect!\nTsekaiAndIncognito rejected open team sheets.\n|inactive|jimboob87 has 20 seconds to reconnect!\n|inactive|jimboob87 has 15 seconds to reconnect!\n|inactive|jimboob87 has 10 seconds to reconnect!\n|j|\u2606jimboob87\n|inactive|jimboob87 reconnected and has 15 seconds left.\n|player|p2|jimboob87|102|\n|inactive|jimboob87 has 10 seconds left.\n|\n|t:|1776012194\n|teamsize|p1|4\n|teamsize|p2|4\n|start\n|switch|p1a: Talonflame|Talonflame, L50, M|100/100\n|switch|p1b: Froslass|Froslass, L50, F|100/100\n|switch|p2a: Goodra|Goodra, L50, F|100/100\n|switch|p2b: Charizard|Charizard, L50, F|100/100\n|turn|1\n|inactive|jimboob87 has 30 seconds left.\n|\n|t:|1776012227\n|detailschange|p1b: Froslass|Froslass-Mega, L50, F\n|-mega|p1b: Froslass|Froslass|Froslassite\n|-weather|Snowscape|[from] ability: Snow Warning|[of] p1b: Froslass\n|move|p1a: Talonflame|Flare Blitz|p2b: Charizard\n|-resisted|p2b: Charizard|1\n|-damage|p2b: Charizard|70/100\n|-damage|p1a: Talonflame|90/100|[from] Recoil\n|move|p1b: Froslass|Blizzard|p2b: Charizard|[spread] p2a,p2b\n|-supereffective|p2a: Goodra|1\n|-damage|p2a: Goodra|54/100\n|-damage|p2b: Charizard|14/100\n|move|p2b: Charizard|Heat Wave|p1a: Talonflame|[spread] p1b\n|-miss|p2b: Charizard|p1a: Talonflame\n|-supereffective|p1b: Froslass|1\n|-damage|p1b: Froslass|0 fnt\n|faint|p1b: Froslass\n|move|p2a: Goodra|Rock Slide|p1a: Talonflame\n|-supereffective|p1a: Talonflame|2\n|-damage|p1a: Talonflame|0 fnt\n|faint|p1a: Talonflame\n|\n|-weather|Snowscape|[upkeep]\n|upkeep\n|\n|t:|1776012249\n|switch|p1a: Krookodile|Krookodile, L50, M|100/100\n|switch|p1b: Gardevoir|Gardevoir, L50, F|100/100\n|turn|2\n|inactive|jimboob87 has 30 seconds left.\n|\n|t:|1776012275\n|detailschange|p2b: Charizard|Charizard-Mega-Y, L50, F\n|-mega|p2b: Charizard|Charizard|Charizardite Y\n|-weather|SunnyDay|[from] ability: Drought|[of] p2b: Charizard\n|move|p2b: Charizard|Protect|p2b: Charizard\n|-singleturn|p2b: Charizard|Protect\n|move|p1a: Krookodile|Earthquake|p2a: Goodra|[spread] p2a\n|-activate|p2b: Charizard|move: Protect\n|-activate|p1b: Gardevoir|ability: Telepathy\n|-damage|p2a: Goodra|8/100\n|move|p1b: Gardevoir|Psychic|p2b: Charizard\n|-activate|p2b: Charizard|move: Protect\n|move|p2a: Goodra|Weather Ball|p1a: Krookodile\n|-damage|p1a: Krookodile|51/100\n|\n|-weather|SunnyDay|[upkeep]\n|upkeep\n|turn|3\n|inactive|jimboob87 has 30 seconds left.\n|inactive|jimboob87 has 20 seconds left.\n|inactive|jimboob87 has 15 seconds left.\n|\n|t:|1776012316\n|move|p1a: Krookodile|Earthquake|p2b: Charizard|[spread] p2a\n|-activate|p1b: Gardevoir|ability: Telepathy\n|-immune|p2b: Charizard\n|-damage|p2a: Goodra|0 fnt\n|faint|p2a: Goodra\n|-ability|p1a: Krookodile|Moxie|boost\n|-boost|p1a: Krookodile|atk|1\n|move|p1b: Gardevoir|Psychic|p2b: Charizard\n|-damage|p2b: Charizard|0 fnt\n|faint|p2b: Charizard\n|\n|-weather|SunnyDay|[upkeep]\n|upkeep\n|\n|t:|1776012330\n|switch|p2b: Venusaur|Venusaur, L50, F|100/100\n|switch|p2a: Kangaskhan|Kangaskhan, L50, F|100/100\n|turn|4\n|\n|t:|1776012349\n|move|p2b: Venusaur|Solar Beam||[still]\n|-prepare|p2b: Venusaur|Solar Beam\n|-anim|p2b: Venusaur|Solar Beam|p1a: Krookodile\n|-supereffective|p1a: Krookodile|1\n|-damage|p1a: Krookodile|0 fnt\n|faint|p1a: Krookodile\n|move|p1b: Gardevoir|Psychic|p2b: Venusaur\n|-supereffective|p2b: Venusaur|1\n|-damage|p2b: Venusaur|7/100\n|move|p2a: Kangaskhan|Crunch|p1b: Gardevoir\n|-damage|p1b: Gardevoir|44/100\n|\n|-weather|SunnyDay|[upkeep]\n|-heal|p2b: Venusaur|13/100|[from] item: Leftovers\n|upkeep\n|turn|5\n|inactive|TsekaiAndIncognito has 30 seconds left.\n|\n|t:|1776012374\n|move|p2a: Kangaskhan|Sucker Punch|p1b: Gardevoir\n|-damage|p1b: Gardevoir|0 fnt\n|faint|p1b: Gardevoir\n|\n|win|jimboob87\n|raw|TsekaiAndIncognito's rating: 1161 &rarr; <strong>1136</strong><br />(-25 for losing)\n|raw|jimboob87's rating: 1160 &rarr; <strong>1185</strong><br />(+25 for winning)\n|l|\u2606TsekaiAndIncognito\n|player|p1|\n",
  "uploadtime": 1776012387,
  "views": 19,
  "formatid": "gen9championsvgc2026regma",
  "rating": 1136,
  "private": 0,
  "password": null
}