{
  "id": "gen9championsvgc2026regma-2589531324",
  "format": "[Gen 9 Champions] VGC 2026 Reg M-A",
  "players": [
    "SmolivOilVGC",
    "antarcticbeluga"
  ],
  "log": "|j|\u2606SmolivOilVGC\n|j|\u2606antarcticbeluga\n|t:|1776731477\n|gametype|doubles\n|player|p1|SmolivOilVGC|bianca-masters|1288\n|player|p2|antarcticbeluga|101|1218\n|gen|9\n|tier|[Gen 9 Champions] VGC 2026 Reg M-A\n|rated|\n|rule|Species Clause: Limit one of each Pok\u00e9mon\n|rule|Item Clause: Limit 1 of each item\n|clearpoke\n|poke|p1|Sneasler, L50, M|\n|poke|p1|Incineroar, L50, M|\n|poke|p1|Sinistcha, L50|\n|poke|p1|Charizard, L50, M|\n|poke|p1|Whimsicott, L50, M|\n|poke|p1|Basculegion-F, L50, F|\n|poke|p2|Charizard, L50, F|\n|poke|p2|Sneasler, L50, F|\n|poke|p2|Scizor, L50, F|\n|poke|p2|Milotic, L50, F|\n|poke|p2|Sinistcha, L50|\n|poke|p2|Incineroar, L50, M|\n|teampreview|4\n|\n|t:|1776731543\n|teamsize|p1|4\n|teamsize|p2|4\n|start\n|switch|p1a: Sneasler|Sneasler, L50, M|100/100\n|switch|p1b: Charizard|Charizard, L50, M|100/100\n|switch|p2a: Milotic|Milotic, L50, F|100/100\n|switch|p2b: Incineroar|Incineroar, L50, M|100/100\n|-ability|p2b: Incineroar|Intimidate|boost\n|-unboost|p1a: Sneasler|atk|1\n|-unboost|p1b: Charizard|atk|1\n|-enditem|p1a: Sneasler|White Herb\n|-clearnegativeboost|p1a: Sneasler|[silent]\n|turn|1\n|inactive|Battle timer is ON: inactive players will automatically lose when time's up. (requested by antarcticbeluga)\n|\n|t:|1776731569\n|move|p1b: Charizard|Protect|p1b: Charizard\n|-singleturn|p1b: Charizard|Protect\n|move|p2b: Incineroar|Fake Out|p1a: Sneasler\n|-damage|p1a: Sneasler|80/100\n|cant|p1a: Sneasler|flinch\n|move|p2a: Milotic|Scald|p1a: Sneasler\n|-damage|p1a: Sneasler|43/100\n|\n|upkeep\n|turn|2\n|\n|t:|1776731586\n|detailschange|p1b: Charizard|Charizard-Mega-X, L50, M\n|-mega|p1b: Charizard|Charizard|Charizardite X\n|move|p1a: Sneasler|Close Combat|p2b: Incineroar\n|-supereffective|p2b: Incineroar|1\n|-damage|p2b: Incineroar|0 fnt\n|-unboost|p1a: Sneasler|def|1\n|-unboost|p1a: Sneasler|spd|1\n|faint|p2b: Incineroar\n|move|p1b: Charizard|Swords Dance|p1b: Charizard\n|-boost|p1b: Charizard|atk|2\n|move|p2a: Milotic|Icy Wind|p1a: Sneasler|[spread] p1a,p1b\n|-damage|p1a: Sneasler|22/100\n|-damage|p1b: Charizard|90/100\n|-unboost|p1a: Sneasler|spe|1\n|-unboost|p1b: Charizard|spe|1\n|\n|upkeep\n|\n|t:|1776731604\n|switch|p2b: Charizard|Charizard, L50, F|100/100\n|turn|3\n|\n|t:|1776731623\n|detailschange|p2b: Charizard|Charizard-Mega-X, L50, F\n|-mega|p2b: Charizard|Charizard|Charizardite X\n|move|p1a: Sneasler|Rock Tomb|p2b: Charizard\n|-supereffective|p2b: Charizard|1\n|-damage|p2b: Charizard|58/100\n|-unboost|p2b: Charizard|spe|1\n|move|p2a: Milotic|Icy Wind|p1b: Charizard|[spread] p1a,p1b\n|-damage|p1a: Sneasler|3/100\n|-damage|p1b: Charizard|81/100\n|-unboost|p1a: Sneasler|spe|1\n|-unboost|p1b: Charizard|spe|1\n|move|p2b: Charizard|Dragon Claw|p1b: Charizard\n|-supereffective|p1b: Charizard|1\n|-damage|p1b: Charizard|0 fnt\n|faint|p1b: Charizard\n|\n|upkeep\n|\n|t:|1776731633\n|switch|p1b: Basculegion|Basculegion-F, L50, F|100/100\n|turn|4\n|\n|t:|1776731657\n|move|p2b: Charizard|Protect|p2b: Charizard\n|-singleturn|p2b: Charizard|Protect\n|move|p1b: Basculegion|Shadow Ball|p2a: Milotic\n|-damage|p2a: Milotic|66/100\n|move|p1a: Sneasler|Close Combat|p2a: Milotic\n|-damage|p2a: Milotic|14/100\n|-unboost|p1a: Sneasler|def|1\n|-unboost|p1a: Sneasler|spd|1\n|move|p2a: Milotic|Icy Wind|p1b: Basculegion|[spread] p1a,p1b\n|-resisted|p1b: Basculegion|1\n|-damage|p1a: Sneasler|0 fnt\n|-damage|p1b: Basculegion|95/100\n|-unboost|p1b: Basculegion|spe|1\n|faint|p1a: Sneasler\n|\n|-heal|p2a: Milotic|20/100|[from] item: Leftovers\n|upkeep\n|\n|t:|1776731665\n|switch|p1a: Sinistcha|Sinistcha, L50|100/100\n|-heal|p1b: Basculegion|100/100|[from] ability: Hospitality|[of] p1a: Sinistcha\n|turn|5\n|\n|t:|1776731689\n|move|p1a: Sinistcha|Rage Powder|p1a: Sinistcha\n|-singleturn|p1a: Sinistcha|move: Rage Powder\n|move|p1b: Basculegion|Shadow Ball|p2b: Charizard\n|-damage|p2b: Charizard|5/100\n|move|p2a: Milotic|Recover|p2a: Milotic\n|-heal|p2a: Milotic|71/100\n|move|p2b: Charizard|Flare Blitz|p1a: Sinistcha\n|-supereffective|p1a: Sinistcha|1\n|-damage|p1a: Sinistcha|0 fnt\n|faint|p1a: Sinistcha\n|-damage|p2b: Charizard|0 fnt|[from] Recoil\n|faint|p2b: Charizard\n|\n|-heal|p2a: Milotic|77/100|[from] item: Leftovers\n|upkeep\n|\n|t:|1776731702\n|switch|p2b: Sinistcha|Sinistcha, L50|100/100\n|-heal|p2a: Milotic|100/100|[from] ability: Hospitality|[of] p2b: Sinistcha\n|turn|6\n|\n|t:|1776731709\n|move|p1b: Basculegion|Shadow Ball|p2b: Sinistcha\n|-supereffective|p2b: Sinistcha|1\n|-damage|p2b: Sinistcha|0 fnt\n|faint|p2b: Sinistcha\n|move|p2a: Milotic|Scald|p1b: Basculegion\n|-resisted|p1b: Basculegion|1\n|-damage|p1b: Basculegion|84/100\n|-status|p1b: Basculegion|brn\n|\n|-damage|p1b: Basculegion|77/100 brn|[from] brn\n|upkeep\n|turn|7\n|\n|t:|1776731722\n|move|p2a: Milotic|Protect|p2a: Milotic\n|-singleturn|p2a: Milotic|Protect\n|move|p1b: Basculegion|Shadow Ball|p2a: Milotic\n|-activate|p2a: Milotic|move: Protect\n|\n|-damage|p1b: Basculegion|71/100 brn|[from] brn\n|upkeep\n|turn|8\n|\n|t:|1776731734\n|move|p1b: Basculegion|Shadow Ball|p2a: Milotic\n|-damage|p2a: Milotic|64/100\n|move|p2a: Milotic|Icy Wind|p1b: Basculegion\n|-resisted|p1b: Basculegion|1\n|-damage|p1b: Basculegion|64/100 brn\n|-unboost|p1b: Basculegion|spe|1\n|\n|-heal|p2a: Milotic|70/100|[from] item: Leftovers\n|-damage|p1b: Basculegion|58/100 brn|[from] brn\n|upkeep\n|turn|9\n|\n|t:|1776731744\n|move|p2a: Milotic|Protect|p2a: Milotic\n|-singleturn|p2a: Milotic|Protect\n|move|p1b: Basculegion|Shadow Ball|p2a: Milotic\n|-activate|p2a: Milotic|move: Protect\n|\n|-heal|p2a: Milotic|76/100|[from] item: Leftovers\n|-damage|p1b: Basculegion|52/100 brn|[from] brn\n|upkeep\n|turn|10\n|-message|SmolivOilVGC forfeited.\n|\n|win|antarcticbeluga\n|raw|SmolivOilVGC's rating: 1288 &rarr; <strong>1258</strong><br />(-30 for losing)\n|raw|antarcticbeluga's rating: 1218 &rarr; <strong>1248</strong><br />(+30 for winning)\n|l|\u2606SmolivOilVGC\n|player|p1|\n",
  "uploadtime": 1776731756,
  "views": 4,
  "formatid": "gen9championsvgc2026regma",
  "rating": 1248,
  "private": 0,
  "password": null
}