{
  "id": "gen9championsvgc2026regma-2585502882",
  "format": "[Gen 9 Champions] VGC 2026 Reg M-A",
  "players": [
    "vilepo",
    "soulo333"
  ],
  "log": "|j|\u2606vilepo\n|j|\u2606soulo333\n|t:|1776351891\n|gametype|doubles\n|player|p1|vilepo|giovanni|1080\n|player|p2|soulo333|1|1180\n|gen|9\n|tier|[Gen 9 Champions] VGC 2026 Reg M-A\n|rated|\n|rule|Species Clause: Limit one of each Pok\u00e9mon\n|rule|Item Clause: Limit 1 of each item\n|clearpoke\n|poke|p1|Slurpuff, L50, M|\n|poke|p1|Aerodactyl, L50, M|\n|poke|p1|Garchomp, L50, F|\n|poke|p1|Sinistcha, L50|\n|poke|p1|Milotic, L50, F|\n|poke|p1|Kangaskhan, L50, F|\n|poke|p2|Charizard, L50, F|\n|poke|p2|Sneasler, L50, M|\n|poke|p2|Sinistcha, L50|\n|poke|p2|Incineroar, L50, M|\n|poke|p2|Milotic, L50, F|\n|poke|p2|Tyranitar, L50, F|\n|teampreview|4\n|inactive|Battle timer is ON: inactive players will automatically lose when time's up. (requested by vilepo)\n|\n|t:|1776351911\n|teamsize|p1|4\n|teamsize|p2|4\n|start\n|switch|p1a: Slurpuff|Slurpuff, L50, M, shiny|100/100\n|switch|p1b: Kangaskhan|Kangaskhan, L50, F|100/100\n|switch|p2a: Incineroar|Incineroar, L50, M|100/100\n|switch|p2b: Milotic|Milotic, L50, F|100/100\n|-ability|p2a: Incineroar|Intimidate|boost\n|-unboost|p1a: Slurpuff|atk|1\n|-fail|p1b: Kangaskhan|unboost|Attack|[from] ability: Scrappy|[of] p1b: Kangaskhan\n|turn|1\n|c|\u2606vilepo|i have only one purpose\n|\n|t:|1776351932\n|detailschange|p1b: Kangaskhan|Kangaskhan-Mega, L50, F\n|-mega|p1b: Kangaskhan|Kangaskhan|Kangaskhanite\n|move|p1b: Kangaskhan|Fake Out|p2a: Incineroar\n|-damage|p2a: Incineroar|81/100\n|-damage|p2a: Incineroar|76/100\n|-hitcount|p2a: Incineroar|2\n|cant|p2a: Incineroar|flinch\n|move|p2b: Milotic|Scald|p1b: Kangaskhan\n|-damage|p1b: Kangaskhan|75/100\n|move|p1a: Slurpuff|Amnesia|p1a: Slurpuff\n|-boost|p1a: Slurpuff|spd|2\n|\n|upkeep\n|turn|2\n|\n|t:|1776351950\n|move|p1b: Kangaskhan|Low Kick|p2a: Incineroar\n|-supereffective|p2a: Incineroar|1\n|-damage|p2a: Incineroar|27/100\n|-enditem|p2a: Incineroar|Sitrus Berry|[eat]\n|-heal|p2a: Incineroar|52/100|[from] item: Sitrus Berry\n|-supereffective|p2a: Incineroar|1\n|-damage|p2a: Incineroar|41/100\n|-hitcount|p2a: Incineroar|2\n|move|p2b: Milotic|Scald|p1b: Kangaskhan\n|-damage|p1b: Kangaskhan|49/100\n|move|p1a: Slurpuff|Cotton Guard|p1a: Slurpuff\n|-boost|p1a: Slurpuff|def|3\n|move|p2a: Incineroar|Parting Shot|p1b: Kangaskhan\n|-unboost|p1b: Kangaskhan|atk|1\n|-unboost|p1b: Kangaskhan|spa|1\n|\n|t:|1776351965\n|switch|p2a: Sinistcha|Sinistcha, L50|100/100|[from] Parting Shot\n|\n|upkeep\n|turn|3\n|\n|t:|1776351977\n|move|p1b: Kangaskhan|Protect|p1b: Kangaskhan\n|-singleturn|p1b: Kangaskhan|Protect\n|move|p2b: Milotic|Icy Wind|p1a: Slurpuff|[spread] p1a\n|-activate|p1b: Kangaskhan|move: Protect\n|-damage|p1a: Slurpuff|95/100\n|-unboost|p1a: Slurpuff|spe|1\n|move|p2a: Sinistcha|Matcha Gotcha|p1a: Slurpuff|[spread] p1a\n|-activate|p1b: Kangaskhan|move: Protect\n|-damage|p1a: Slurpuff|80/100\n|move|p1a: Slurpuff|Amnesia|p1a: Slurpuff\n|-boost|p1a: Slurpuff|spd|2\n|\n|upkeep\n|turn|4\n|\n|t:|1776351995\n|move|p1b: Kangaskhan|Double-Edge|p2b: Milotic\n|-damage|p2b: Milotic|61/100\n|-damage|p2b: Milotic|53/100\n|-hitcount|p2b: Milotic|2\n|-damage|p1b: Kangaskhan|32/100|[from] Recoil\n|move|p2b: Milotic|Scald|p1a: Slurpuff\n|-damage|p1a: Slurpuff|70/100\n|-status|p1a: Slurpuff|brn\n|move|p2a: Sinistcha|Matcha Gotcha|p1b: Kangaskhan|[spread] p1a,p1b\n|-damage|p1a: Slurpuff|60/100 brn\n|-damage|p1b: Kangaskhan|1/100\n|move|p1a: Slurpuff|Amnesia|p1a: Slurpuff\n|-boost|p1a: Slurpuff|spd|2\n|\n|-heal|p2b: Milotic|59/100|[from] item: Leftovers\n|-damage|p1a: Slurpuff|55/100 brn|[from] brn\n|upkeep\n|turn|5\n|\n|t:|1776352012\n|move|p1b: Kangaskhan|Double-Edge|p2b: Milotic\n|-damage|p2b: Milotic|19/100\n|-damage|p2b: Milotic|10/100\n|-hitcount|p2b: Milotic|2\n|-damage|p1b: Kangaskhan|0 fnt|[from] Recoil\n|faint|p1b: Kangaskhan\n|move|p2b: Milotic|Icy Wind|p1a: Slurpuff\n|-damage|p1a: Slurpuff|51/100 brn\n|-unboost|p1a: Slurpuff|spe|1\n|move|p2a: Sinistcha|Shadow Ball|p1a: Slurpuff\n|-damage|p1a: Slurpuff|39/100 brn\n|-enditem|p1a: Slurpuff|Sitrus Berry|[eat]\n|-heal|p1a: Slurpuff|64/100 brn|[from] item: Sitrus Berry\n|move|p1a: Slurpuff|Cotton Guard|p1a: Slurpuff\n|-boost|p1a: Slurpuff|def|3\n|\n|-heal|p2b: Milotic|16/100|[from] item: Leftovers\n|-damage|p1a: Slurpuff|58/100 brn|[from] brn\n|upkeep\n|\n|t:|1776352021\n|switch|p1b: Milotic|Milotic, L50, F|100/100\n|turn|6\n|\n|t:|1776352046\n|move|p2b: Milotic|Recover|p2b: Milotic\n|-heal|p2b: Milotic|66/100\n|move|p1b: Milotic|Psych Up|p1a: Slurpuff\n|-copyboost|p1b: Milotic|p1a: Slurpuff|[from] move: Psych Up\n|move|p1a: Slurpuff|Yawn|p2a: Sinistcha\n|-start|p2a: Sinistcha|move: Yawn|[of] p1a: Slurpuff\n|move|p2a: Sinistcha|Matcha Gotcha|p1b: Milotic|[spread] p1a,p1b\n|-supereffective|p1b: Milotic|1\n|-damage|p1a: Slurpuff|50/100 brn\n|-damage|p1b: Milotic|87/100\n|\n|-heal|p2b: Milotic|72/100|[from] item: Leftovers\n|-heal|p1b: Milotic|92/100|[from] item: Leftovers\n|-damage|p1a: Slurpuff|45/100 brn|[from] brn\n|upkeep\n|turn|7\n|\n|t:|1776352067\n|move|p2b: Milotic|Scald|p1b: Milotic\n|-resisted|p1b: Milotic|1\n|-damage|p1b: Milotic|89/100\n|move|p1a: Slurpuff|Yawn|p2b: Milotic\n|-start|p2b: Milotic|move: Yawn|[of] p1a: Slurpuff\n|move|p2a: Sinistcha|Matcha Gotcha|p1b: Milotic|[spread] p1a,p1b\n|-supereffective|p1b: Milotic|1\n|-damage|p1a: Slurpuff|36/100 brn\n|-damage|p1b: Milotic|75/100\n|move|p1b: Milotic|Scald|p2a: Sinistcha\n|-resisted|p2a: Sinistcha|1\n|-damage|p2a: Sinistcha|81/100\n|\n|-heal|p2b: Milotic|78/100|[from] item: Leftovers\n|-heal|p1b: Milotic|81/100|[from] item: Leftovers\n|-damage|p1a: Slurpuff|31/100 brn|[from] brn\n|-end|p2a: Sinistcha|move: Yawn|[silent]\n|-status|p2a: Sinistcha|slp\n|upkeep\n|turn|8\n|\n|t:|1776352085\n|move|p2b: Milotic|Scald|p1b: Milotic\n|-resisted|p1b: Milotic|1\n|-damage|p1b: Milotic|77/100\n|cant|p2a: Sinistcha|slp\n|move|p1a: Slurpuff|Wish|p1a: Slurpuff\n|move|p1b: Milotic|Scald|p2b: Milotic\n|-resisted|p2b: Milotic|1\n|-damage|p2b: Milotic|66/100\n|\n|-heal|p2b: Milotic|72/100|[from] item: Leftovers\n|-heal|p1b: Milotic|83/100|[from] item: Leftovers\n|-damage|p1a: Slurpuff|25/100 brn|[from] brn\n|-end|p2b: Milotic|move: Yawn|[silent]\n|-status|p2b: Milotic|slp\n|upkeep\n|turn|9\n|\n|t:|1776352100\n|cant|p2b: Milotic|slp\n|move|p1a: Slurpuff|Yawn||[still]\n|-fail|p1a: Slurpuff\n|cant|p2a: Sinistcha|slp\n|move|p1b: Milotic|Ice Beam|p2a: Sinistcha\n|-supereffective|p2a: Sinistcha|1\n|-damage|p2a: Sinistcha|13/100 slp\n|\n|-heal|p1a: Slurpuff|75/100 brn|[from] move: Wish|[wisher] Slurpuff\n|-heal|p2b: Milotic|78/100 slp|[from] item: Leftovers\n|-heal|p1b: Milotic|89/100|[from] item: Leftovers\n|-damage|p1a: Slurpuff|69/100 brn|[from] brn\n|upkeep\n|turn|10\n|\n|t:|1776352117\n|-curestatus|p2b: Milotic|slp|[msg]\n|move|p2b: Milotic|Scald|p1a: Slurpuff\n|-damage|p1a: Slurpuff|62/100 brn\n|-curestatus|p2a: Sinistcha|slp|[msg]\n|move|p2a: Sinistcha|Matcha Gotcha|p1b: Milotic|[spread] p1b\n|-miss|p2a: Sinistcha|p1a: Slurpuff\n|-supereffective|p1b: Milotic|1\n|-damage|p1b: Milotic|74/100\n|-heal|p2a: Sinistcha|21/100|[from] drain|[of] p1b: Milotic\n|move|p1a: Slurpuff|Wish|p1a: Slurpuff\n|move|p1b: Milotic|Ice Beam|p2a: Sinistcha\n|-supereffective|p2a: Sinistcha|1\n|-damage|p2a: Sinistcha|0 fnt\n|faint|p2a: Sinistcha\n|\n|-heal|p2b: Milotic|84/100|[from] item: Leftovers\n|-heal|p1b: Milotic|80/100|[from] item: Leftovers\n|-damage|p1a: Slurpuff|56/100 brn|[from] brn\n|upkeep\n|\n|t:|1776352128\n|switch|p2a: Tyranitar|Tyranitar, L50, F|100/100\n|-weather|Sandstorm|[from] ability: Sand Stream|[of] p2a: Tyranitar\n|turn|11\n|\n|t:|1776352137\n|detailschange|p2a: Tyranitar|Tyranitar-Mega, L50, F\n|-mega|p2a: Tyranitar|Tyranitar|Tyranitarite\n|move|p2b: Milotic|Scald|p1a: Slurpuff\n|-damage|p1a: Slurpuff|50/100 brn\n|move|p1a: Slurpuff|Yawn|p2b: Milotic\n|-start|p2b: Milotic|move: Yawn|[of] p1a: Slurpuff\n|move|p2a: Tyranitar|Rock Slide|p1b: Milotic|[spread] p1a,p1b\n|-damage|p1a: Slurpuff|40/100 brn\n|-damage|p1b: Milotic|72/100\n|move|p1b: Milotic|Scald|p2a: Tyranitar\n|-supereffective|p2a: Tyranitar|1\n|-damage|p2a: Tyranitar|66/100\n|-status|p2a: Tyranitar|brn\n|\n|-weather|Sandstorm|[upkeep]\n|-damage|p2b: Milotic|78/100|[from] Sandstorm\n|-damage|p1a: Slurpuff|34/100 brn|[from] Sandstorm\n|-damage|p1b: Milotic|66/100|[from] Sandstorm\n|-heal|p1a: Slurpuff|84/100 brn|[from] move: Wish|[wisher] Slurpuff\n|-heal|p2b: Milotic|84/100|[from] item: Leftovers\n|-heal|p1b: Milotic|72/100|[from] item: Leftovers\n|-damage|p1a: Slurpuff|78/100 brn|[from] brn\n|-damage|p2a: Tyranitar|60/100 brn|[from] brn\n|upkeep\n|turn|12\n|-message|soulo333 forfeited.\n|\n|win|vilepo\n|raw|vilepo's rating: 1080 &rarr; <strong>1116</strong><br />(+36 for winning)\n|raw|soulo333's rating: 1180 &rarr; <strong>1148</strong><br />(-32 for losing)\n",
  "uploadtime": 1776352148,
  "views": 20,
  "formatid": "gen9championsvgc2026regma",
  "rating": 1116,
  "private": 0,
  "password": null
}