{
  "id": "gen9championsvgc2026regma-2584152490",
  "format": "[Gen 9 Champions] VGC 2026 Reg M-A",
  "players": [
    "TehPinguen",
    "hibanadev"
  ],
  "log": "|j|\u2606TehPinguen\n|j|\u2606hibanadev\n|t:|1776231371\n|gametype|doubles\n|player|p1|TehPinguen|lady|1118\n|player|p2|hibanadev|swimmerf-gen4dp|1021\n|gen|9\n|tier|[Gen 9 Champions] VGC 2026 Reg M-A\n|rated|\n|rule|Species Clause: Limit one of each Pok\u00e9mon\n|rule|Item Clause: Limit 1 of each item\n|clearpoke\n|poke|p1|Froslass, L50, F|\n|poke|p1|Ninetales-Alola, L50, M|\n|poke|p1|Conkeldurr, L50, M|\n|poke|p1|Clefable, L50, M|\n|poke|p1|Basculegion, L50, M|\n|poke|p1|Incineroar, L50, M|\n|poke|p2|Orthworm, L50, F|\n|poke|p2|Incineroar, L50, M|\n|poke|p2|Froslass, L50, F|\n|poke|p2|Basculegion, L50, M|\n|poke|p2|Rotom-Frost, L50|\n|poke|p2|Garchomp, L50, F|\n|teampreview|4\n|\n|t:|1776231405\n|teamsize|p1|4\n|teamsize|p2|4\n|start\n|switch|p1a: Ninetales|Ninetales-Alola, L50, M|100/100\n|switch|p1b: Basculegion|Basculegion, L50, M|100/100\n|switch|p2a: Orthworm|Orthworm, L50, F, shiny|100/100\n|switch|p2b: Incineroar|Incineroar, L50, M|100/100\n|-weather|Snowscape|[from] ability: Snow Warning|[of] p1a: Ninetales\n|-ability|p2b: Incineroar|Intimidate|boost\n|-unboost|p1a: Ninetales|atk|1\n|-unboost|p1b: Basculegion|atk|1\n|turn|1\n|\n|t:|1776231429\n|move|p1a: Ninetales|Protect|p1a: Ninetales\n|-singleturn|p1a: Ninetales|Protect\n|move|p1b: Basculegion|Wave Crash|p2b: Incineroar\n|-supereffective|p2b: Incineroar|1\n|-damage|p2b: Incineroar|0 fnt\n|faint|p2b: Incineroar\n|-damage|p1b: Basculegion|70/100|[from] Recoil\n|move|p2a: Orthworm|Shed Tail|p2a: Orthworm\n|-start|p2a: Orthworm|Substitute|[from] move: Shed Tail\n|-damage|p2a: Orthworm|50/100\n|-enditem|p2a: Orthworm|Sitrus Berry|[eat]\n|-heal|p2a: Orthworm|75/100|[from] item: Sitrus Berry\n|\n|t:|1776231441\n|switch|p2a: Froslass|Froslass, L50, F, shiny|100/100|[from] Shed Tail\n|\n|-weather|Snowscape|[upkeep]\n|upkeep\n|\n|t:|1776231448\n|switch|p2b: Rotom|Rotom-Frost, L50, shiny|100/100\n|turn|2\n|\n|t:|1776231463\n|detailschange|p2a: Froslass|Froslass-Mega, L50, F, shiny\n|-mega|p2a: Froslass|Froslass|Froslassite\n|move|p1b: Basculegion|Wave Crash|p2a: Froslass\n|-end|p2a: Froslass|Substitute\n|-damage|p1b: Basculegion|62/100|[from] Recoil|[of] p2a: Froslass\n|move|p1a: Ninetales|Aurora Veil|p1a: Ninetales\n|-sidestart|p1: TehPinguen|move: Aurora Veil\n|move|p2a: Froslass|Shadow Ball|p1b: Basculegion\n|-supereffective|p1b: Basculegion|1\n|-damage|p1b: Basculegion|0 fnt\n|faint|p1b: Basculegion\n|move|p2b: Rotom|Thunderbolt|p1a: Ninetales\n|-damage|p1a: Ninetales|74/100\n|\n|-weather|Snowscape|[upkeep]\n|upkeep\n|\n|t:|1776231480\n|switch|p1b: Froslass|Froslass, L50, F|100/100\n|turn|3\n|\n|t:|1776231496\n|detailschange|p1b: Froslass|Froslass-Mega, L50, F\n|-mega|p1b: Froslass|Froslass|Froslassite\n|move|p1b: Froslass|Shadow Ball|p2a: Froslass\n|-supereffective|p2a: Froslass|1\n|-damage|p2a: Froslass|0 fnt\n|faint|p2a: Froslass\n|move|p1a: Ninetales|Moonblast|p2b: Rotom\n|-damage|p2b: Rotom|53/100\n|move|p2b: Rotom|Thunderbolt|p1b: Froslass\n|-damage|p1b: Froslass|73/100\n|\n|-weather|Snowscape|[upkeep]\n|upkeep\n|\n|t:|1776231508\n|switch|p2a: Orthworm|Orthworm, L50, F, shiny|75/100\n|turn|4\n|\n|t:|1776231526\n|move|p2b: Rotom|Helping Hand|p2a: Orthworm\n|-singleturn|p2a: Orthworm|Helping Hand|[of] p2b: Rotom\n|move|p1b: Froslass|Shadow Ball|p2a: Orthworm\n|-damage|p2a: Orthworm|0 fnt\n|faint|p2a: Orthworm\n|move|p1a: Ninetales|Moonblast|p2b: Rotom\n|-damage|p2b: Rotom|5/100\n|-unboost|p2b: Rotom|spa|1\n|\n|-weather|Snowscape|[upkeep]\n|upkeep\n|turn|5\n|-message|hibanadev forfeited.\n|\n|win|TehPinguen\n|raw|TehPinguen's rating: 1118 &rarr; <strong>1136</strong><br />(+18 for winning)\n|raw|hibanadev's rating: 1021 &rarr; <strong>1011</strong><br />(-10 for losing)\n|l|\u2606hibanadev\n|player|p2|\n",
  "uploadtime": 1776231545,
  "views": 16,
  "formatid": "gen9championsvgc2026regma",
  "rating": 1011,
  "private": 0,
  "password": null
}