{
  "id": "gen9championsvgc2026regma-2588604878",
  "format": "[Gen 9 Champions] VGC 2026 Reg M-A",
  "players": [
    "ROTD23",
    "NeoAtlas"
  ],
  "log": "|j|\u2606ROTD23\n|j|\u2606NeoAtlas\n|t:|1776649348\n|gametype|doubles\n|player|p1|ROTD23|benga|1189\n|player|p2|NeoAtlas|169|1102\n|gen|9\n|tier|[Gen 9 Champions] VGC 2026 Reg M-A\n|rated|\n|rule|Species Clause: Limit one of each Pok\u00e9mon\n|rule|Item Clause: Limit 1 of each item\n|clearpoke\n|poke|p1|Mimikyu, L50, M, shiny|\n|poke|p1|Torkoal, L50, M, shiny|\n|poke|p1|Conkeldurr, L50, M|\n|poke|p1|Abomasnow, L50, F|\n|poke|p1|Kingambit, L50, F, shiny|\n|poke|p1|Sinistcha, L50|\n|poke|p2|Floette-Eternal, L50, F|\n|poke|p2|Sneasler, L50, F|\n|poke|p2|Kingambit, L50, F|\n|poke|p2|Garchomp, L50, F|\n|poke|p2|Froslass, L50, F|\n|poke|p2|Basculegion, L50, M|\n|teampreview|4\nROTD23 rejected open team sheets.\n|inactive|Battle timer is ON: inactive players will automatically lose when time's up. (requested by ROTD23)\n|\n|t:|1776649404\n|teamsize|p1|4\n|teamsize|p2|4\n|start\n|switch|p1a: Mimikyu|Mimikyu, L50, M, shiny|100/100\n|switch|p1b: Conkeldurr|Conkeldurr, L50, M|100/100\n|switch|p2a: Floette|Floette-Eternal, L50, F|100/100\n|switch|p2b: Sneasler|Sneasler, L50, F|100/100\n|-ability|p2b: Sneasler|Pressure\n|turn|1\n|inactive|NeoAtlas has 30 seconds left.\n|\n|t:|1776649430\n|detailschange|p2a: Floette|Floette-Mega, L50, F\n|-mega|p2a: Floette|Floette|Floettite\n|-ability|p2a: Floette|Fairy Aura\n|move|p1b: Conkeldurr|Protect|p1b: Conkeldurr\n|-singleturn|p1b: Conkeldurr|Protect\n|move|p2b: Sneasler|Dire Claw|p1a: Mimikyu\n|-activate|p1a: Mimikyu|ability: Disguise\n|-damage|p1a: Mimikyu|100/100\n|detailschange|p1a: Mimikyu|Mimikyu-Busted, L50, M, shiny\n|-damage|p1a: Mimikyu|88/100|[from] pokemon: Mimikyu-Busted\n|move|p2a: Floette|Moonblast|p1a: Mimikyu\n|-damage|p1a: Mimikyu|0 fnt\n|faint|p1a: Mimikyu\n|\n|upkeep\n|\n|t:|1776649440\n|switch|p1a: Kingambit|Kingambit, L50, F, shiny|100/100\n|turn|2\n|\n|t:|1776649454\n|move|p2b: Sneasler|Close Combat|p1a: Kingambit\n|-supereffective|p1a: Kingambit|2\n|-enditem|p1a: Kingambit|Chople Berry|[eat]\n|-enditem|p1a: Kingambit|Chople Berry|[weaken]\n|-damage|p1a: Kingambit|7/100\n|-unboost|p2b: Sneasler|def|1\n|-unboost|p2b: Sneasler|spd|1\n|move|p2a: Floette|Moonblast|p1b: Conkeldurr\n|-supereffective|p1b: Conkeldurr|1\n|-damage|p1b: Conkeldurr|0 fnt\n|faint|p1b: Conkeldurr\n|move|p1a: Kingambit|Iron Head|p2a: Floette\n|-supereffective|p2a: Floette|1\n|-damage|p2a: Floette|0 fnt\n|faint|p2a: Floette\n|\n|upkeep\n|\n|t:|1776649464\n|switch|p2a: Basculegion|Basculegion, L50, M|100/100\n|switch|p1b: Abomasnow|Abomasnow, L50, F|100/100\n|-weather|Snowscape|[from] ability: Snow Warning|[of] p1b: Abomasnow\n|turn|3\n|\n|t:|1776649474\n|switch|p2b: Froslass|Froslass, L50, F|100/100\n|move|p2a: Basculegion|Aqua Jet|p1a: Kingambit\n|-damage|p1a: Kingambit|0 fnt\n|faint|p1a: Kingambit\n|move|p1b: Abomasnow|Aurora Veil|p1b: Abomasnow\n|-sidestart|p1: ROTD23|move: Aurora Veil\n|\n|-weather|Snowscape|[upkeep]\n|upkeep\n|turn|4\n|\n|t:|1776649492\n|detailschange|p1b: Abomasnow|Abomasnow-Mega, L50, F\n|-mega|p1b: Abomasnow|Abomasnow|Abomasite\n|move|p2b: Froslass|Substitute|p2b: Froslass\n|-start|p2b: Froslass|Substitute\n|-damage|p2b: Froslass|76/100\n|move|p2a: Basculegion|Last Respects|p1b: Abomasnow\n|-damage|p1b: Abomasnow|76/100\n|move|p1b: Abomasnow|Giga Drain|p2a: Basculegion\n|-supereffective|p2a: Basculegion|1\n|-damage|p2a: Basculegion|0 fnt\n|-heal|p1b: Abomasnow|100/100|[from] drain|[of] p2a: Basculegion\n|faint|p2a: Basculegion\n|\n|-weather|Snowscape|[upkeep]\n|upkeep\n|\n|t:|1776649506\n|switch|p2a: Sneasler|Sneasler, L50, F|100/100\n|-ability|p2a: Sneasler|Pressure\n|turn|5\n|\n|t:|1776649512\n|move|p1b: Abomasnow|Protect|p1b: Abomasnow\n|-singleturn|p1b: Abomasnow|Protect\n|move|p2a: Sneasler|Fake Out|p1b: Abomasnow\n|-activate|p1b: Abomasnow|move: Protect\n|move|p2b: Froslass|Shadow Ball|p1b: Abomasnow\n|-activate|p1b: Abomasnow|move: Protect\n|\n|-weather|Snowscape|[upkeep]\n|upkeep\n|turn|6\n|\n|t:|1776649534\n|move|p2b: Froslass|Shadow Ball|p1b: Abomasnow\n|-damage|p1b: Abomasnow|84/100\n|-unboost|p1b: Abomasnow|spd|1\n|move|p2a: Sneasler|Close Combat|p1b: Abomasnow\n|-supereffective|p1b: Abomasnow|1\n|-damage|p1b: Abomasnow|35/100\n|-unboost|p2a: Sneasler|def|1\n|-unboost|p2a: Sneasler|spd|1\n|move|p1b: Abomasnow|Blizzard|p2b: Froslass|[spread] p2a,p2b\n|-resisted|p2b: Froslass|1\n|-end|p2b: Froslass|Substitute\n|-enditem|p2a: Sneasler|Focus Sash\n|-damage|p2a: Sneasler|1/100\n|\n|-weather|Snowscape|[upkeep]\n|upkeep\n|turn|7\n|-message|ROTD23 forfeited.\n|\n|win|NeoAtlas\n|raw|ROTD23's rating: 1189 &rarr; <strong>1158</strong><br />(-31 for losing)\n|raw|NeoAtlas's rating: 1102 &rarr; <strong>1133</strong><br />(+31 for winning)\n|l|\u2606ROTD23\n|player|p1|\n",
  "uploadtime": 1776649552,
  "views": 5,
  "formatid": "gen9championsvgc2026regma",
  "rating": 1133,
  "private": 0,
  "password": null
}