{
  "id": "gen9championsvgc2026regma-2586317301",
  "format": "[Gen 9 Champions] VGC 2026 Reg M-A",
  "players": [
    "Ongalabong",
    "Rinek"
  ],
  "log": "|j|\u2606Ongalabong\n|j|\u2606Rinek\n|t:|1776424660\n|gametype|doubles\n|player|p1|Ongalabong|benga|1367\n|player|p2|Rinek|265|1421\n|gen|9\n|tier|[Gen 9 Champions] VGC 2026 Reg M-A\n|rated|\n|rule|Species Clause: Limit one of each Pok\u00e9mon\n|rule|Item Clause: Limit 1 of each item\n|clearpoke\n|poke|p1|Crabominable, L50, F|\n|poke|p1|Farigiraf, L50, F|\n|poke|p1|Incineroar, L50, F|\n|poke|p1|Venusaur, L50, M|\n|poke|p1|Basculegion, L50, M|\n|poke|p1|Ninetales-Alola, L50, M|\n|poke|p2|Talonflame, L50, F|\n|poke|p2|Floette-Eternal, L50, F|\n|poke|p2|Aegislash, L50, M|\n|poke|p2|Garchomp, L50, F|\n|poke|p2|Rotom-Wash, L50|\n|poke|p2|Incineroar, L50, F|\n|teampreview|4\n|inactive|Battle timer is ON: inactive players will automatically lose when time's up. (requested by Rinek)\nRinek rejected open team sheets.\n|inactive|Ongalabong has 60 seconds left.\n|inactive|Rinek has 60 seconds left.\n|\n|t:|1776424706\n|teamsize|p1|4\n|teamsize|p2|4\n|start\n|switch|p1a: Venusaur|Venusaur, L50, M|100/100\n|switch|p1b: Basculegion|Basculegion, L50, M|100/100\n|switch|p2a: Talonflame|Talonflame, L50, F|100/100\n|switch|p2b: Floette|Floette-Eternal, L50, F|100/100\n|turn|1\n|\n|t:|1776424720\n|detailschange|p2b: Floette|Floette-Mega, L50, F\n|-mega|p2b: Floette|Floette|Floettite\n|-ability|p2b: Floette|Fairy Aura\n|detailschange|p1a: Venusaur|Venusaur-Mega, L50, M\n|-mega|p1a: Venusaur|Venusaur|Venusaurite\n|move|p2a: Talonflame|Tailwind|p2a: Talonflame\n|-sidestart|p2: Rinek|move: Tailwind\n|move|p2b: Floette|Moonblast|p1b: Basculegion\n|-damage|p1b: Basculegion|21/100\n|move|p1b: Basculegion|Wave Crash|p2a: Talonflame\n|-supereffective|p2a: Talonflame|1\n|-damage|p2a: Talonflame|0 fnt\n|faint|p2a: Talonflame\n|-damage|p1b: Basculegion|0 fnt|[from] Recoil\n|faint|p1b: Basculegion\n|move|p1a: Venusaur|Leech Seed|p2b: Floette\n|-start|p2b: Floette|move: Leech Seed\n|\n|-damage|p2b: Floette|88/100|[from] Leech Seed|[of] p1a: Venusaur\n|upkeep\n|\n|t:|1776424742\n|switch|p2a: Aegislash|Aegislash, L50, M, shiny|100/100\n|switch|p1b: Incineroar|Incineroar, L50, F|100/100\n|-ability|p1b: Incineroar|Intimidate|boost\n|-unboost|p2a: Aegislash|atk|1\n|-unboost|p2b: Floette|atk|1\n|turn|2\n|\n|t:|1776424759\n|switch|p2a: Garchomp|Garchomp, L50, F|100/100\n|move|p2b: Floette|Protect|p2b: Floette\n|-singleturn|p2b: Floette|Protect\n|move|p1b: Incineroar|Fake Out|p2b: Floette\n|-activate|p2b: Floette|move: Protect\n|move|p1a: Venusaur|Leech Seed|p2a: Garchomp\n|-start|p2a: Garchomp|move: Leech Seed\n|\n|-damage|p2a: Garchomp|88/100|[from] Leech Seed|[of] p1a: Venusaur\n|-damage|p2b: Floette|76/100|[from] Leech Seed|[of] p1a: Venusaur\n|upkeep\n|turn|3\n|\n|t:|1776424784\n|move|p2a: Garchomp|Dragon Claw|p1a: Venusaur\n|-damage|p1a: Venusaur|65/100\n|move|p2b: Floette|Moonblast|p1b: Incineroar\n|-damage|p1b: Incineroar|44/100\n|-enditem|p1b: Incineroar|Sitrus Berry|[eat]\n|-heal|p1b: Incineroar|69/100|[from] item: Sitrus Berry\n|move|p1a: Venusaur|Earth Power|p2b: Floette\n|-damage|p2b: Floette|56/100\n|move|p1b: Incineroar|Parting Shot|p2a: Garchomp\n|-unboost|p2a: Garchomp|atk|1\n|-unboost|p2a: Garchomp|spa|1\n|\n|t:|1776424795\n|switch|p1b: Ninetales|Ninetales-Alola, L50, M|100/100|[from] Parting Shot\n|-enditem|p2a: Garchomp|White Herb\n|-clearnegativeboost|p2a: Garchomp|[silent]\n|-weather|Snowscape|[from] ability: Snow Warning|[of] p1b: Ninetales\n|\n|-weather|Snowscape|[upkeep]\n|-damage|p2a: Garchomp|76/100|[from] Leech Seed|[of] p1a: Venusaur\n|-heal|p1a: Venusaur|77/100|[silent]\n|-damage|p2b: Floette|44/100|[from] Leech Seed|[of] p1a: Venusaur\n|-heal|p1a: Venusaur|88/100|[silent]\n|upkeep\n|turn|4\n|\n|t:|1776424810\n|switch|p2a: Aegislash|Aegislash, L50, M, shiny|100/100\n|move|p2b: Floette|Dazzling Gleam|p1a: Venusaur|[spread] p1a,p1b\n|-resisted|p1a: Venusaur|1\n|-damage|p1a: Venusaur|72/100\n|-damage|p1b: Ninetales|45/100\n|move|p1b: Ninetales|Aurora Veil|p1b: Ninetales\n|-sidestart|p1: Ongalabong|move: Aurora Veil\n|move|p1a: Venusaur|Earth Power|p2a: Aegislash\n|-supereffective|p2a: Aegislash|1\n|-damage|p2a: Aegislash|56/100\n|\n|-weather|Snowscape|[upkeep]\n|-damage|p2b: Floette|32/100|[from] Leech Seed|[of] p1a: Venusaur\n|-heal|p1a: Venusaur|83/100|[silent]\n|-sideend|p2: Rinek|move: Tailwind\n|upkeep\n|turn|5\n|\n|t:|1776424830\n|move|p1b: Ninetales|Blizzard|p2b: Floette|[spread] p2a,p2b\n|-resisted|p2a: Aegislash|1\n|-damage|p2a: Aegislash|43/100\n|-damage|p2b: Floette|10/100\n|-status|p2a: Aegislash|frz\n|move|p2b: Floette|Moonblast|p1b: Ninetales\n|-damage|p1b: Ninetales|0 fnt\n|faint|p1b: Ninetales\n|move|p1a: Venusaur|Earth Power|p2a: Aegislash\n|-supereffective|p2a: Aegislash|1\n|-damage|p2a: Aegislash|0 fnt\n|faint|p2a: Aegislash\n|\n|-weather|Snowscape|[upkeep]\n|-damage|p2b: Floette|0 fnt|[from] Leech Seed|[of] p1a: Venusaur\n|-heal|p1a: Venusaur|92/100|[silent]\n|faint|p2b: Floette\n|upkeep\n|\n|t:|1776424841\n|switch|p1b: Incineroar|Incineroar, L50, F|69/100\n|switch|p2b: Garchomp|Garchomp, L50, F|76/100\n|-ability|p1b: Incineroar|Intimidate|boost\n|-unboost|p2b: Garchomp|atk|1\n|turn|6\n|-message|Rinek forfeited.\n|\n|win|Ongalabong\n|raw|Ongalabong's rating: 1367 &rarr; <strong>1390</strong><br />(+23 for winning)\n|raw|Rinek's rating: 1421 &rarr; <strong>1398</strong><br />(-23 for losing)\n|l|\u2606Rinek\n|player|p2|\n",
  "uploadtime": 1776424858,
  "views": 59,
  "formatid": "gen9championsvgc2026regma",
  "rating": 1390,
  "private": 0,
  "password": null
}