{
  "id": "gen9championsvgc2026regma-2585459144",
  "format": "[Gen 9 Champions] VGC 2026 Reg M-A",
  "players": [
    "hyunbelievable",
    "MBrand"
  ],
  "log": "|j|\u2606hyunbelievable\n|j|\u2606MBrand\n|t:|1776348701\n|gametype|doubles\n|player|p1|hyunbelievable|guzma|1196\n|player|p2|MBrand|170|1127\n|gen|9\n|tier|[Gen 9 Champions] VGC 2026 Reg M-A\n|rated|\n|rule|Species Clause: Limit one of each Pok\u00e9mon\n|rule|Item Clause: Limit 1 of each item\n|clearpoke\n|poke|p1|Blastoise, L50, F|\n|poke|p1|Sinistcha, L50|\n|poke|p1|Pelipper, L50, F|\n|poke|p1|Garchomp, L50, M|\n|poke|p1|Sneasler, L50, M|\n|poke|p1|Kingambit, L50, F|\n|poke|p2|Gardevoir, L50, F|\n|poke|p2|Gallade, L50, M|\n|poke|p2|Farigiraf, L50, F|\n|poke|p2|Incineroar, L50, F|\n|poke|p2|Corviknight, L50, F|\n|poke|p2|Torkoal, L50, M|\n|teampreview|4\n|\n|t:|1776348738\n|teamsize|p1|4\n|teamsize|p2|4\n|start\n|switch|p1a: Conquest|Blastoise, L50, F|100/100\n|switch|p1b: Thragg|Garchomp, L50, M|100/100\n|switch|p2a: Farigiraf|Farigiraf, L50, F|100/100\n|switch|p2b: Gardevoir|Gardevoir, L50, F|100/100\n|-ability|p2b: Gardevoir|Rain Dish|Trace|[from] ability: Trace|[of] p1a: Conquest\n|turn|1\n|\n|t:|1776348765\n|detailschange|p1a: Conquest|Blastoise-Mega, L50, F\n|-mega|p1a: Conquest|Blastoise|Blastoisinite\n|detailschange|p2b: Gardevoir|Gardevoir-Mega, L50, F\n|-mega|p2b: Gardevoir|Gardevoir|Gardevoirite\n|move|p2b: Gardevoir|Protect|p2b: Gardevoir\n|-singleturn|p2b: Gardevoir|Protect\n|move|p1b: Thragg|Swords Dance|p1b: Thragg\n|-boost|p1b: Thragg|atk|2\n|move|p1a: Conquest|Shell Smash|p1a: Conquest\n|-unboost|p1a: Conquest|def|1\n|-unboost|p1a: Conquest|spd|1\n|-boost|p1a: Conquest|atk|2\n|-boost|p1a: Conquest|spa|2\n|-boost|p1a: Conquest|spe|2\n|move|p2a: Farigiraf|Trick Room|p2a: Farigiraf\n|-fieldstart|move: Trick Room|[of] p2a: Farigiraf\n|\n|upkeep\n|turn|2\n|\n|t:|1776348793\n|move|p2a: Farigiraf|Hyper Voice|p1b: Thragg|[spread] p1a,p1b\n|-damage|p1a: Conquest|56/100\n|-damage|p1b: Thragg|66/100\n|move|p2b: Gardevoir|Psychic|p1a: Conquest\n|-damage|p1a: Conquest|0 fnt\n|faint|p1a: Conquest\n|move|p1b: Thragg|Earthquake|p2a: Farigiraf|[spread] p2a,p2b\n|-damage|p2a: Farigiraf|12/100\n|-damage|p2b: Gardevoir|0 fnt\n|faint|p2b: Gardevoir\n|\n|upkeep\n|\n|t:|1776348809\n|switch|p1a: Kregg|Pelipper, L50, F|100/100\n|switch|p2b: Gallade|Gallade, L50, M|100/100\n|-weather|RainDance|[from] ability: Drizzle|[of] p1a: Kregg\n|turn|3\n|\n|t:|1776348839\n|move|p2a: Farigiraf|Psyshock|p1a: Kregg\n|-damage|p1a: Kregg|48/100\n|move|p2b: Gallade|Close Combat|p1b: Thragg\n|-damage|p1b: Thragg|0 fnt\n|-unboost|p2b: Gallade|def|1\n|-unboost|p2b: Gallade|spd|1\n|-damage|p2b: Gallade|88/100|[from] ability: Rough Skin|[of] p1b: Thragg\n|faint|p1b: Thragg\n|move|p1a: Kregg|Hurricane|p2b: Gallade\n|-supereffective|p2b: Gallade|1\n|-damage|p2b: Gallade|0 fnt\n|faint|p2b: Gallade\n|\n|-weather|RainDance|[upkeep]\n|upkeep\n|\n|t:|1776348857\n|switch|p2b: Torkoal|Torkoal, L50, M|100/100\n|switch|p1b: Lucan|Sinistcha, L50|100/100\n|-weather|SunnyDay|[from] ability: Drought|[of] p2b: Torkoal\n|-heal|p1a: Kregg|73/100|[from] ability: Hospitality|[of] p1b: Lucan\n|turn|4\n|\n|t:|1776348873\n|move|p1a: Kregg|Wide Guard|p1a: Kregg\n|-singleturn|p1a: Kregg|Wide Guard\n|move|p2b: Torkoal|Eruption|p1b: Lucan|[spread] \n|-activate|p1a: Kregg|move: Wide Guard\n|-activate|p1b: Lucan|move: Wide Guard\n|move|p2a: Farigiraf|Psyshock|p1a: Kregg\n|-damage|p1a: Kregg|24/100\n|move|p1b: Lucan|Shadow Ball|p2b: Torkoal\n|-damage|p2b: Torkoal|61/100\n|-unboost|p2b: Torkoal|spd|1\n|\n|-weather|SunnyDay|[upkeep]\n|upkeep\n|turn|5\n|\n|t:|1776348897\n|move|p1a: Kregg|Wide Guard|p1a: Kregg\n|-singleturn|p1a: Kregg|Wide Guard\n|move|p2b: Torkoal|Heat Wave|p1a: Kregg|[spread] \n|-activate|p1a: Kregg|move: Wide Guard\n|-activate|p1b: Lucan|move: Wide Guard\n|move|p2a: Farigiraf|Psyshock|p1a: Kregg\n|-damage|p1a: Kregg|0 fnt\n|faint|p1a: Kregg\n|move|p1b: Lucan|Matcha Gotcha|p2b: Torkoal|[spread] p2a,p2b\n|-resisted|p2b: Torkoal|1\n|-damage|p2a: Farigiraf|0 fnt\n|-damage|p2b: Torkoal|38/100\n|faint|p2a: Farigiraf\n|\n|-weather|SunnyDay|[upkeep]\n|-fieldend|move: Trick Room\n|upkeep\n|turn|6\n|\n|t:|1776348921\n|move|p1b: Lucan|Shadow Ball|p2b: Torkoal\n|-damage|p2b: Torkoal|0 fnt\n|faint|p2b: Torkoal\n|\n|win|hyunbelievable\n|raw|hyunbelievable's rating: 1196 &rarr; <strong>1216</strong><br />(+20 for winning)\n|raw|MBrand's rating: 1127 &rarr; <strong>1107</strong><br />(-20 for losing)\n",
  "uploadtime": 1776348925,
  "views": 26,
  "formatid": "gen9championsvgc2026regma",
  "rating": 1107,
  "private": 0,
  "password": null
}