{
  "id": "gen9championsvgc2026regma-2583436441",
  "format": "[Gen 9 Champions] VGC 2026 Reg M-A",
  "players": [
    "Gsue03",
    "hectorretaaa81"
  ],
  "log": "|j|\u2606Gsue03\n|j|\u2606hectorretaaa81\n|t:|1776175548\n|gametype|doubles\n|player|p1|Gsue03|hugh|1426\n|player|p2|hectorretaaa81|101|1431\n|gen|9\n|tier|[Gen 9 Champions] VGC 2026 Reg M-A\n|rated|\n|rule|Species Clause: Limit one of each Pok\u00e9mon\n|rule|Item Clause: Limit 1 of each item\n|clearpoke\n|poke|p1|Floette-Eternal, L50, F|\n|poke|p1|Basculegion, L50, M|\n|poke|p1|Gengar, L50, M|\n|poke|p1|Pelipper, L50, M|\n|poke|p1|Kingambit, L50, M|\n|poke|p1|Archaludon, L50, M|\n|poke|p2|Gardevoir, L50, M|\n|poke|p2|Charizard, L50, M|\n|poke|p2|Venusaur, L50, M|\n|poke|p2|Garchomp, L50, M|\n|poke|p2|Milotic, L50, M|\n|poke|p2|Incineroar, L50, F|\n|teampreview|4\n|inactive|Battle timer is ON: inactive players will automatically lose when time's up. (requested by hectorretaaa81)\n|\n|t:|1776175618\n|teamsize|p1|4\n|teamsize|p2|4\n|start\n|switch|p1a: Gengar|Gengar, L50, M|100/100\n|switch|p1b: Archaludon|Archaludon, L50, M|100/100\n|switch|p2a: Gardevoir|Gardevoir, L50, M, shiny|100/100\n|switch|p2b: Charizard|Charizard, L50, M|100/100\n|-ability|p2a: Gardevoir|Cursed Body|Trace|[from] ability: Trace|[of] p1a: Gengar\n|turn|1\n|\n|t:|1776175642\n|move|p2b: Charizard|Protect|p2b: Charizard\n|-singleturn|p2b: Charizard|Protect\n|move|p2a: Gardevoir|Psyshock|p1a: Gengar\n|-supereffective|p1a: Gengar|1\n|-enditem|p1a: Gengar|Focus Sash\n|-damage|p1a: Gengar|1/100\n|move|p1a: Gengar|Icy Wind|p2b: Charizard|[spread] p2a\n|-activate|p2b: Charizard|move: Protect\n|-damage|p2a: Gardevoir|85/100\n|-unboost|p2a: Gardevoir|spe|1\n|move|p1b: Archaludon|Flash Cannon|p2a: Gardevoir\n|-supereffective|p2a: Gardevoir|1\n|-damage|p2a: Gardevoir|5/100\n|-start|p1b: Archaludon|Disable|Flash Cannon|[from] ability: Cursed Body|[of] p2a: Gardevoir\n|\n|upkeep\n|turn|2\n|inactive|Gsue03 has 30 seconds left.\n|inactive|Gsue03 has 20 seconds left.\n|inactive|Gsue03 has 15 seconds left.\n|\n|t:|1776175685\n|switch|p2a: Milotic|Milotic, L50, M|100/100\n|detailschange|p2b: Charizard|Charizard-Mega-Y, L50, M\n|-mega|p2b: Charizard|Charizard|Charizardite Y\n|-weather|SunnyDay|[from] ability: Drought|[of] p2b: Charizard\n|move|p1a: Gengar|Protect|p1a: Gengar\n|-singleturn|p1a: Gengar|Protect\n|move|p2b: Charizard|Heat Wave|p1b: Archaludon|[spread] p1b\n|-activate|p1a: Gengar|move: Protect\n|-damage|p1b: Archaludon|42/100\n|-ability|p1b: Archaludon|Stamina|boost\n|-boost|p1b: Archaludon|def|1\n|move|p1b: Archaludon|Dragon Pulse|p2b: Charizard\n|-damage|p2b: Charizard|56/100\n|\n|-weather|SunnyDay|[upkeep]\n|-heal|p1b: Archaludon|48/100|[from] item: Leftovers\n|upkeep\n|turn|3\n|inactive|Gsue03 has 30 seconds left.\n|\n|t:|1776175717\n|switch|p2b: Gardevoir|Gardevoir, L50, M, shiny|5/100\n|-ability|p2b: Gardevoir|Cursed Body|Trace|[from] ability: Trace|[of] p1a: Gengar\n|move|p1b: Archaludon|Protect|p1b: Archaludon\n|-singleturn|p1b: Archaludon|Protect\n|move|p1a: Gengar|Sludge Bomb|p2b: Gardevoir\n|-supereffective|p2b: Gardevoir|1\n|-damage|p2b: Gardevoir|0 fnt\n|faint|p2b: Gardevoir\n|move|p2a: Milotic|Scald|p1a: Gengar\n|-damage|p1a: Gengar|0 fnt\n|faint|p1a: Gengar\n|\n|-weather|SunnyDay|[upkeep]\n|-heal|p1b: Archaludon|53/100|[from] item: Leftovers\n|upkeep\n|\n|t:|1776175734\n|switch|p1a: Floette|Floette-Eternal, L50, F|100/100\n|switch|p2b: Garchomp|Garchomp, L50, M|100/100\n|turn|4\n|\n|t:|1776175752\n|switch|p1b: Pelipper|Pelipper, L50, M|100/100\n|-weather|RainDance|[from] ability: Drizzle|[of] p1b: Pelipper\n|detailschange|p1a: Floette|Floette-Mega, L50, F\n|-mega|p1a: Floette|Floette|Floettite\n|-ability|p1a: Floette|Fairy Aura\n|move|p2b: Garchomp|Stomping Tantrum|p1b: Pelipper\n|-immune|p1b: Pelipper\n|move|p1a: Floette|Calm Mind|p1a: Floette\n|-boost|p1a: Floette|spa|1\n|-boost|p1a: Floette|spd|1\n|move|p2a: Milotic|Ice Beam|p1b: Pelipper\n|-damage|p1b: Pelipper|61/100\n|\n|-weather|RainDance|[upkeep]\n|upkeep\n|turn|5\n|inactive|Gsue03 has 30 seconds left.\n|\n|t:|1776175780\n|move|p1b: Pelipper|U-turn|p2a: Milotic\n|-damage|p2a: Milotic|93/100\n|\n|t:|1776175783\n|switch|p1b: Archaludon|Archaludon, L50, M|53/100|[from] U-turn\n|move|p2b: Garchomp|Rock Slide|p1a: Floette|[spread] p1a,p1b\n|-resisted|p1b: Archaludon|1\n|-damage|p1a: Floette|84/100\n|-damage|p1b: Archaludon|47/100\n|-ability|p1b: Archaludon|Stamina|boost\n|-boost|p1b: Archaludon|def|1\n|move|p1a: Floette|Dazzling Gleam|p2b: Garchomp|[spread] p2a,p2b\n|-supereffective|p2b: Garchomp|1\n|-damage|p2a: Milotic|43/100\n|-damage|p2b: Garchomp|0 fnt\n|faint|p2b: Garchomp\n|move|p2a: Milotic|Scald|p1a: Floette\n|-damage|p1a: Floette|62/100\n|-status|p1a: Floette|brn\n|\n|-weather|RainDance|[upkeep]\n|-heal|p1b: Archaludon|52/100|[from] item: Leftovers\n|-heal|p2a: Milotic|49/100|[from] item: Leftovers\n|-damage|p1a: Floette|56/100 brn|[from] brn\n|upkeep\n|j| sileshar\n|\n|t:|1776175788\n|switch|p2b: Charizard|Charizard-Mega-Y, L50, M|56/100\n|-weather|SunnyDay|[from] ability: Drought|[of] p2b: Charizard\n|turn|6\n|\n|t:|1776175809\n|switch|p1b: Pelipper|Pelipper, L50, M|61/100\n|-weather|RainDance|[from] ability: Drizzle|[of] p1b: Pelipper\n|move|p2a: Milotic|Protect|p2a: Milotic\n|-singleturn|p2a: Milotic|Protect\n|move|p2b: Charizard|Overheat|p1b: Pelipper\n|-resisted|p1b: Pelipper|1\n|-damage|p1b: Pelipper|26/100\n|-unboost|p2b: Charizard|spa|2\n|move|p1a: Floette|Dazzling Gleam|p2a: Milotic|[spread] p2b\n|-activate|p2a: Milotic|move: Protect\n|-resisted|p2b: Charizard|1\n|-damage|p2b: Charizard|19/100\n|\n|-weather|RainDance|[upkeep]\n|-heal|p2a: Milotic|54/100|[from] item: Leftovers\n|-damage|p1a: Floette|50/100 brn|[from] brn\n|upkeep\n|turn|7\n|\n|t:|1776175828\n|move|p2b: Charizard|Protect|p2b: Charizard\n|-singleturn|p2b: Charizard|Protect\n|move|p1b: Pelipper|Muddy Water|p2a: Milotic|[spread] p2a\n|-activate|p2b: Charizard|move: Protect\n|-resisted|p2a: Milotic|1\n|-damage|p2a: Milotic|37/100\n|move|p1a: Floette|Dazzling Gleam|p2a: Milotic|[spread] p2a\n|-activate|p2b: Charizard|move: Protect\n|-damage|p2a: Milotic|0 fnt\n|faint|p2a: Milotic\n|\n|-weather|RainDance|[upkeep]\n|-damage|p1a: Floette|44/100 brn|[from] brn\n|upkeep\n|turn|8\n|c|\u2606hectorretaaa81|ggwp\n|\n|t:|1776175840\n|move|p1b: Pelipper|Muddy Water|p2b: Charizard\n|-supereffective|p2b: Charizard|1\n|-damage|p2b: Charizard|0 fnt\n|faint|p2b: Charizard\n|\n|win|Gsue03\n|raw|Gsue03's rating: 1426 &rarr; <strong>1446</strong><br />(+20 for winning)\n|raw|hectorretaaa81's rating: 1431 &rarr; <strong>1411</strong><br />(-20 for losing)\n|l|\u2606hectorretaaa81\n|player|p2|\n|l|\u2606Gsue03\n|player|p1|\n",
  "uploadtime": 1776176023,
  "views": 28,
  "formatid": "gen9championsvgc2026regma",
  "rating": 1411,
  "private": 0,
  "password": null
}