{
  "id": "gen9championsvgc2026regma-2584655260",
  "format": "[Gen 9 Champions] VGC 2026 Reg M-A",
  "players": [
    "stromer31",
    "Poke Unc"
  ],
  "log": "|j|\u2606stromer31\n|j|\u2606Poke Unc\n|t:|1776274768\n|gametype|doubles\n|player|p1|stromer31|266|1102\n|player|p2|Poke Unc|palmer|1066\n|gen|9\n|tier|[Gen 9 Champions] VGC 2026 Reg M-A\n|rated|\n|rule|Species Clause: Limit one of each Pok\u00e9mon\n|rule|Item Clause: Limit 1 of each item\n|clearpoke\n|poke|p1|Camerupt, L50, F|\n|poke|p1|Cofagrigus, L50, F|\n|poke|p1|Torkoal, L50, M|\n|poke|p1|Tinkaton, L50, F|\n|poke|p1|Slowking-Galar, L50, M|\n|poke|p1|Azumarill, L50, F|\n|poke|p2|Starmie, L50|\n|poke|p2|Meowstic, L50, M|\n|poke|p2|Pelipper, L50, M|\n|poke|p2|Basculegion, L50, M|\n|poke|p2|Archaludon, L50, F|\n|poke|p2|Sneasler, L50, F|\n|teampreview|4\n|inactive|Battle timer is ON: inactive players will automatically lose when time's up. (requested by stromer31)\n|\n|t:|1776274834\n|teamsize|p1|4\n|teamsize|p2|4\n|start\n|switch|p1a: Cofagrigus|Cofagrigus, L50, F|100/100\n|switch|p1b: Tinkaton|Tinkaton, L50, F|100/100\n|switch|p2a: Starmie|Starmie, L50|100/100\n|switch|p2b: Meowstic|Meowstic, L50, M, shiny|100/100\n|-ability|p1b: Tinkaton|Mold Breaker\n|turn|1\n|inactive|Poke Unc has 30 seconds left.\n|\n|t:|1776274861\n|detailschange|p2a: Starmie|Starmie-Mega, L50\n|-mega|p2a: Starmie|Starmie|Starminite\n|move|p2b: Meowstic|Fake Out|p1b: Tinkaton\n|-resisted|p1b: Tinkaton|1\n|-damage|p1b: Tinkaton|98/100\n|cant|p1b: Tinkaton|flinch\n|move|p2a: Starmie|Liquidation|p1b: Tinkaton\n|-damage|p1b: Tinkaton|31/100\n|move|p1a: Cofagrigus|Trick Room|p1a: Cofagrigus\n|-fieldstart|move: Trick Room|[of] p1a: Cofagrigus\n|\n|-heal|p1b: Tinkaton|37/100|[from] item: Leftovers\n|upkeep\n|turn|2\n|\n|t:|1776274884\n|switch|p1b: Camerupt|Camerupt, L50, F|100/100\n|move|p2a: Starmie|Protect|p2a: Starmie\n|-singleturn|p2a: Starmie|Protect\n|move|p2b: Meowstic|Thunder Wave|p1a: Cofagrigus\n|-status|p1a: Cofagrigus|par\n|move|p1a: Cofagrigus|Will-O-Wisp|p2a: Starmie\n|-activate|p2a: Starmie|move: Protect\n|\n|upkeep\n|turn|3\n|inactive|Poke Unc has 30 seconds left.\n|inactive|Poke Unc has 20 seconds left.\n|inactive|Poke Unc has 15 seconds left.\n|inactive|Poke Unc has 10 seconds left.\n|\n|t:|1776274931\n|switch|p1a: Torkoal|Torkoal, L50, M|100/100\n|-weather|SunnyDay|[from] ability: Drought|[of] p1a: Torkoal\n|switch|p2a: Pelipper|Pelipper, L50, M|100/100\n|-weather|RainDance|[from] ability: Drizzle|[of] p2a: Pelipper\n|detailschange|p1b: Camerupt|Camerupt-Mega, L50, F\n|-mega|p1b: Camerupt|Camerupt|Cameruptite\n|move|p2b: Meowstic|Psychic Terrain|p2b: Meowstic\n|-fieldstart|move: Psychic Terrain\n|move|p1b: Camerupt|Eruption|p2a: Pelipper|[spread] p2a,p2b\n|-resisted|p2a: Pelipper|1\n|-damage|p2a: Pelipper|73/100\n|-damage|p2b: Meowstic|49/100\n|\n|-weather|RainDance|[upkeep]\n|upkeep\n|turn|4\n|inactive|Poke Unc has 30 seconds left.\n|\n|t:|1776274959\n|switch|p1b: Tinkaton|Tinkaton, L50, F|37/100\n|-ability|p1b: Tinkaton|Mold Breaker\n|switch|p2a: Basculegion|Basculegion, L50, M|100/100\n|move|p1a: Torkoal|Yawn|p2a: Basculegion\n|-start|p2a: Basculegion|move: Yawn|[of] p1a: Torkoal\n|move|p2b: Meowstic|Expanding Force|p1a: Torkoal|[spread] p1a,p1b\n|-resisted|p1b: Tinkaton|1\n|-damage|p1a: Torkoal|45/100\n|-damage|p1b: Tinkaton|21/100\n|\n|-weather|RainDance|[upkeep]\n|-heal|p1b: Tinkaton|27/100|[from] item: Leftovers\n|upkeep\n|turn|5\n|\n|t:|1776274982\n|switch|p1a: Cofagrigus|Cofagrigus, L50, F|100/100 par\n|move|p1b: Tinkaton|Knock Off|p2a: Basculegion\n|-supereffective|p2a: Basculegion|1\n|-damage|p2a: Basculegion|56/100\n|-enditem|p2a: Basculegion|Choice Scarf|[from] move: Knock Off|[of] p1b: Tinkaton\n|move|p2a: Basculegion|Flip Turn|p1a: Cofagrigus\n|-damage|p1a: Cofagrigus|56/100 par\n|-activate|p1a: Cofagrigus|ability: Mummy|p2a: Basculegion|[ability] Adaptability\n|\n|t:|1776274994\n|switch|p2a: Starmie|Starmie-Mega, L50|100/100|[from] Flip Turn\n|move|p2b: Meowstic|Expanding Force|p1a: Cofagrigus|[spread] p1a,p1b\n|-resisted|p1b: Tinkaton|1\n|-damage|p1a: Cofagrigus|22/100 par\n|-damage|p1b: Tinkaton|10/100\n|\n|-weather|RainDance|[upkeep]\n|-heal|p1b: Tinkaton|17/100|[from] item: Leftovers\n|-fieldend|move: Trick Room\n|upkeep\n|turn|6\n|\n|t:|1776275020\n|move|p1a: Cofagrigus|Protect|p1a: Cofagrigus\n|-singleturn|p1a: Cofagrigus|Protect\n|move|p2a: Starmie|Liquidation|p1a: Cofagrigus\n|-activate|p1a: Cofagrigus|move: Protect\n|move|p2b: Meowstic|Expanding Force|p1b: Tinkaton|[spread] p1b\n|-activate|p1a: Cofagrigus|move: Protect\n|-resisted|p1b: Tinkaton|1\n|-damage|p1b: Tinkaton|0 fnt\n|faint|p1b: Tinkaton\n|\n|-weather|RainDance|[upkeep]\n|upkeep\n|\n|t:|1776275035\n|switch|p1b: Torkoal|Torkoal, L50, M|45/100\n|-weather|SunnyDay|[from] ability: Drought|[of] p1b: Torkoal\n|turn|7\n|\n|t:|1776275058\n|move|p2a: Starmie|Liquidation|p1a: Cofagrigus\n|-damage|p1a: Cofagrigus|0 fnt\n|-activate|p1a: Cofagrigus|ability: Mummy|p2a: Starmie|[ability] Huge Power\n|faint|p1a: Cofagrigus\n|move|p2b: Meowstic|Expanding Force|p1b: Torkoal\n|-damage|p1b: Torkoal|0 fnt\n|faint|p1b: Torkoal\n|\n|-weather|SunnyDay|[upkeep]\n|-fieldend|move: Psychic Terrain\n|upkeep\n|\n|t:|1776275072\n|switch|p1b: Camerupt|Camerupt-Mega, L50, F|100/100\n|turn|8\n|\n|t:|1776275077\n|switch|p2b: Pelipper|Pelipper, L50, M|73/100\n|-weather|RainDance|[from] ability: Drizzle|[of] p2b: Pelipper\n|move|p2a: Starmie|Liquidation|p1b: Camerupt\n|-supereffective|p1b: Camerupt|2\n|-damage|p1b: Camerupt|0 fnt\n|faint|p1b: Camerupt\n|\n|win|Poke Unc\n|raw|stromer31's rating: 1102 &rarr; <strong>1074</strong><br />(-28 for losing)\n|raw|Poke Unc's rating: 1066 &rarr; <strong>1099</strong><br />(+33 for winning)\n|l|\u2606stromer31\n|player|p1|\n",
  "uploadtime": 1776275187,
  "views": 29,
  "formatid": "gen9championsvgc2026regma",
  "rating": 1074,
  "private": 0,
  "password": null
}