{
  "id": "gen9championsvgc2026regma-2586594180",
  "format": "[Gen 9 Champions] VGC 2026 Reg M-A",
  "players": [
    "Isidino",
    "floofyshaymin5010"
  ],
  "log": "|j|\u2606Isidino\n|j|\u203dfloofyshaymin5010\n|t:|1776445522\n|gametype|doubles\n|player|p1|Isidino|266|1336\n|player|p2|floofyshaymin5010|ghetsis-gen5bw|1378\n|gen|9\n|tier|[Gen 9 Champions] VGC 2026 Reg M-A\n|rated|\n|rule|Species Clause: Limit one of each Pok\u00e9mon\n|rule|Item Clause: Limit 1 of each item\n|clearpoke\n|poke|p1|Pelipper, L50, M|\n|poke|p1|Basculegion-F, L50, F|\n|poke|p1|Starmie, L50|\n|poke|p1|Sneasler, L50, M|\n|poke|p1|Sableye, L50, M|\n|poke|p1|Lucario, L50, M|\n|poke|p2|Milotic, L50, F|\n|poke|p2|Scizor, L50, F|\n|poke|p2|Sinistcha, L50|\n|poke|p2|Tyranitar, L50, M|\n|poke|p2|Garchomp, L50, F|\n|poke|p2|Sneasler, L50, M|\n|teampreview|4\n|inactive|Battle timer is ON: inactive players will automatically lose when time's up. (requested by Isidino)\n|inactive|Isidino has 60 seconds left.\n|\n|t:|1776445561\n|teamsize|p1|4\n|teamsize|p2|4\n|start\n|switch|p1a: Sableye|Sableye, L50, M, shiny|100/100\n|switch|p1b: Basculegion|Basculegion-F, L50, F, shiny|100/100\n|switch|p2a: Sinistcha|Sinistcha, L50|100/100\n|switch|p2b: Milotic|Milotic, L50, F|100/100\n|turn|1\n|\n|t:|1776445584\n|move|p1a: Sableye|Rain Dance|p1a: Sableye\n|-weather|RainDance\n|move|p1b: Basculegion|Shadow Ball|p2a: Sinistcha\n|-supereffective|p2a: Sinistcha|1\n|-enditem|p2a: Sinistcha|Focus Sash\n|-damage|p2a: Sinistcha|1/100\n|move|p2b: Milotic|Scald|p1a: Sableye\n|-damage|p1a: Sableye|38/100\n|-enditem|p1a: Sableye|Sitrus Berry|[eat]\n|-heal|p1a: Sableye|63/100|[from] item: Sitrus Berry\n|move|p2a: Sinistcha|Trick Room|p2a: Sinistcha\n|-fieldstart|move: Trick Room|[of] p2a: Sinistcha\n|\n|-weather|RainDance|[upkeep]\n|upkeep\n|turn|2\n|\n|t:|1776445594\n|move|p2a: Sinistcha|Protect|p2a: Sinistcha\n|-singleturn|p2a: Sinistcha|Protect\n|move|p1a: Sableye|Encore|p2a: Sinistcha\n|-activate|p2a: Sinistcha|move: Protect\n|move|p2b: Milotic|Scald|p1a: Sableye\n|-damage|p1a: Sableye|0 fnt\n|faint|p1a: Sableye\n|move|p1b: Basculegion|Muddy Water|p2a: Sinistcha|[spread] p2b\n|-activate|p2a: Sinistcha|move: Protect\n|-resisted|p2b: Milotic|1\n|-damage|p2b: Milotic|83/100\n|\n|-weather|RainDance|[upkeep]\n|-heal|p2b: Milotic|89/100|[from] item: Leftovers\n|upkeep\n|\n|t:|1776445598\n|switch|p1a: Starmie|Starmie, L50, shiny|100/100\n|turn|3\n|\n|t:|1776445615\n|switch|p2a: Tyranitar|Tyranitar, L50, M|100/100\n|-weather|Sandstorm|[from] ability: Sand Stream|[of] p2a: Tyranitar\n|detailschange|p1a: Starmie|Starmie-Mega, L50, shiny\n|-mega|p1a: Starmie|Starmie|Starminite\n|move|p1a: Starmie|Aqua Jet|p2a: Tyranitar\n|-supereffective|p2a: Tyranitar|1\n|-damage|p2a: Tyranitar|46/100\n|move|p2b: Milotic|Scald|p1a: Starmie\n|-resisted|p1a: Starmie|1\n|-damage|p1a: Starmie|84/100\n|move|p1b: Basculegion|Shadow Ball|p2b: Milotic\n|-damage|p2b: Milotic|62/100\n|-unboost|p2b: Milotic|spd|1\n|-ability|p2b: Milotic|Competitive|boost\n|-boost|p2b: Milotic|spa|2\n|\n|-weather|Sandstorm|[upkeep]\n|-damage|p2b: Milotic|56/100|[from] Sandstorm\n|-damage|p1b: Basculegion|94/100|[from] Sandstorm\n|-damage|p1a: Starmie|78/100|[from] Sandstorm\n|-heal|p2b: Milotic|62/100|[from] item: Leftovers\n|upkeep\n|turn|4\n|\n|t:|1776445640\n|switch|p2a: Sinistcha|Sinistcha, L50|1/100\n|-heal|p2b: Milotic|87/100|[from] ability: Hospitality|[of] p2a: Sinistcha\n|move|p1b: Basculegion|Protect|p1b: Basculegion\n|-singleturn|p1b: Basculegion|Protect\n|move|p1a: Starmie|Protect|p1a: Starmie\n|-singleturn|p1a: Starmie|Protect\n|move|p2b: Milotic|Scald|p1a: Starmie\n|-activate|p1a: Starmie|move: Protect\n|\n|-weather|Sandstorm|[upkeep]\n|-damage|p2a: Sinistcha|0 fnt|[from] Sandstorm\n|-damage|p2b: Milotic|81/100|[from] Sandstorm\n|-damage|p1b: Basculegion|88/100|[from] Sandstorm\n|-damage|p1a: Starmie|72/100|[from] Sandstorm\n|faint|p2a: Sinistcha\n|-heal|p2b: Milotic|87/100|[from] item: Leftovers\n|upkeep\n|\n|t:|1776445649\n|switch|p2a: Scizor|Scizor, L50, F|100/100\n|turn|5\n|\n|t:|1776445666\n|switch|p1a: Sneasler|Sneasler, L50, M|100/100\n|detailschange|p2a: Scizor|Scizor-Mega, L50, F\n|-mega|p2a: Scizor|Scizor|Scizorite\n|move|p2a: Scizor|Bug Bite|p1a: Sneasler\n|-resisted|p1a: Sneasler|2\n|-crit|p1a: Sneasler\n|-damage|p1a: Sneasler|62/100\n|move|p2b: Milotic|Scald|p1a: Sneasler\n|-damage|p1a: Sneasler|0 fnt\n|faint|p1a: Sneasler\n|move|p1b: Basculegion|Muddy Water|p2b: Milotic|[spread] p2a,p2b\n|-resisted|p2b: Milotic|1\n|-damage|p2a: Scizor|55/100\n|-damage|p2b: Milotic|67/100\n|-unboost|p2a: Scizor|accuracy|1\n|\n|-weather|Sandstorm|[upkeep]\n|-damage|p2b: Milotic|62/100|[from] Sandstorm\n|-damage|p1b: Basculegion|82/100|[from] Sandstorm\n|-heal|p2b: Milotic|67/100|[from] item: Leftovers\n|-fieldend|move: Trick Room\n|upkeep\n|\n|t:|1776445680\n|switch|p1a: Starmie|Starmie-Mega, L50, shiny|72/100\n|turn|6\n|\n|t:|1776445693\n|switch|p2a: Tyranitar|Tyranitar, L50, M|46/100\n|move|p1a: Starmie|Liquidation|p2a: Tyranitar\n|-supereffective|p2a: Tyranitar|1\n|-damage|p2a: Tyranitar|0 fnt\n|faint|p2a: Tyranitar\n|move|p1b: Basculegion|Shadow Ball|p2b: Milotic\n|-damage|p2b: Milotic|32/100\n|-unboost|p2b: Milotic|spd|1\n|-ability|p2b: Milotic|Competitive|boost\n|-boost|p2b: Milotic|spa|2\n|move|p2b: Milotic|Recover|p2b: Milotic\n|-heal|p2b: Milotic|82/100\n|\n|-weather|Sandstorm|[upkeep]\n|-damage|p1a: Starmie|66/100|[from] Sandstorm\n|-damage|p1b: Basculegion|76/100|[from] Sandstorm\n|-damage|p2b: Milotic|77/100|[from] Sandstorm\n|-heal|p2b: Milotic|82/100|[from] item: Leftovers\n|upkeep\n|\n|t:|1776445705\n|switch|p2a: Scizor|Scizor-Mega, L50, F|55/100\n|turn|7\n|\n|t:|1776445714\n|move|p2a: Scizor|Protect|p2a: Scizor\n|-singleturn|p2a: Scizor|Protect\n|move|p1a: Starmie|Liquidation|p2a: Scizor\n|-activate|p2a: Scizor|move: Protect\n|move|p1b: Basculegion|Shadow Ball|p2b: Milotic\n|-crit|p2b: Milotic\n|-damage|p2b: Milotic|12/100\n|move|p2b: Milotic|Scald|p1a: Starmie\n|-resisted|p1a: Starmie|1\n|-damage|p1a: Starmie|11/100\n|-status|p1a: Starmie|brn\n|\n|-weather|none\n|-heal|p2b: Milotic|18/100|[from] item: Leftovers\n|-damage|p1a: Starmie|5/100 brn|[from] brn\n|upkeep\n|turn|8\n|\n|t:|1776445731\n|move|p2b: Milotic|Protect|p2b: Milotic\n|-singleturn|p2b: Milotic|Protect\n|move|p2a: Scizor|Bullet Punch|p1a: Starmie\n|-resisted|p1a: Starmie|1\n|-damage|p1a: Starmie|0 fnt\n|faint|p1a: Starmie\n|move|p1b: Basculegion|Muddy Water|p2a: Scizor|[spread] p2a\n|-activate|p2b: Milotic|move: Protect\n|-damage|p2a: Scizor|5/100\n|\n|-heal|p2b: Milotic|24/100|[from] item: Leftovers\n|upkeep\n|turn|9\n|\n|t:|1776445741\n|move|p2a: Scizor|Bullet Punch|p1b: Basculegion\n|-resisted|p1b: Basculegion|1\n|-damage|p1b: Basculegion|50/100\n|move|p1b: Basculegion|Muddy Water|p2a: Scizor|[spread] p2a,p2b\n|-resisted|p2b: Milotic|1\n|-damage|p2a: Scizor|0 fnt\n|-damage|p2b: Milotic|0 fnt\n|faint|p2a: Scizor\n|faint|p2b: Milotic\n|\n|win|Isidino\n|raw|Isidino's rating: 1336 &rarr; <strong>1358</strong><br />(+22 for winning)\n|raw|floofyshaymin5010's rating: 1378 &rarr; <strong>1356</strong><br />(-22 for losing)\n|l|\u203dfloofyshaymin5010\n|player|p2|\n",
  "uploadtime": 1776445749,
  "views": 37,
  "formatid": "gen9championsvgc2026regma",
  "rating": 1356,
  "private": 0,
  "password": null
}