{
  "id": "gen9championsvgc2026regma-2583657390",
  "format": "[Gen 9 Champions] VGC 2026 Reg M-A",
  "players": [
    "Jah_08",
    "rytjbjtes"
  ],
  "log": "|j|\u2606Jah_08\n|j|\u2606rytjbjtes\n|t:|1776189205\n|gametype|doubles\n|player|p1|Jah_08|alder|1302\n|player|p2|rytjbjtes|gentleman-gen4dp|1290\n|gen|9\n|tier|[Gen 9 Champions] VGC 2026 Reg M-A\n|rated|\n|rule|Species Clause: Limit one of each Pok\u00e9mon\n|rule|Item Clause: Limit 1 of each item\n|clearpoke\n|poke|p1|Excadrill, L50, F|\n|poke|p1|Whimsicott, L50, M|\n|poke|p1|Chandelure, L50, M|\n|poke|p1|Zoroark-Hisui, L50, M|\n|poke|p1|Basculegion, L50, M|\n|poke|p1|Conkeldurr, L50, F|\n|poke|p2|Gengar, L50, F|\n|poke|p2|Incineroar, L50, M|\n|poke|p2|Clefable, L50, M|\n|poke|p2|Sinistcha, L50|\n|poke|p2|Meowscarada, L50, M|\n|poke|p2|Kingambit, L50, F|\n|teampreview|4\n|inactive|Battle timer is ON: inactive players will automatically lose when time's up. (requested by rytjbjtes)\nJah_08 rejected open team sheets.\n|inactive|Jah_08 has 60 seconds left.\n|\n|t:|1776189278\n|teamsize|p1|4\n|teamsize|p2|4\n|start\n|switch|p1a: Basculegion|Basculegion, L50, M|100/100\n|switch|p1b: Conkeldurr|Conkeldurr, L50, F, shiny|100/100\n|switch|p2a: Gengar|Gengar, L50, F|100/100\n|switch|p2b: Incineroar|Incineroar, L50, M|100/100\n|-ability|p2b: Incineroar|Intimidate|boost\n|-unboost|p1a: Basculegion|atk|1\n|-unboost|p1b: Conkeldurr|atk|1\n|-enditem|p1b: Conkeldurr|White Herb\n|-clearnegativeboost|p1b: Conkeldurr|[silent]\n|turn|1\n|inactive|rytjbjtes has 30 seconds left.\n|\n|t:|1776189307\n|detailschange|p2a: Gengar|Gengar-Mega, L50, F\n|-mega|p2a: Gengar|Gengar|Gengarite\n|move|p1a: Basculegion|Wave Crash|p2b: Incineroar\n|-supereffective|p2b: Incineroar|1\n|-damage|p2b: Incineroar|7/100\n|-damage|p1a: Basculegion|69/100|[from] Recoil\n|move|p2a: Gengar|Sludge Bomb|p1b: Conkeldurr\n|-damage|p1b: Conkeldurr|50/100\n|-status|p1b: Conkeldurr|psn\n|move|p2b: Incineroar|Parting Shot|p1a: Basculegion\n|-unboost|p1a: Basculegion|atk|1\n|-unboost|p1a: Basculegion|spa|1\n|\n|t:|1776189319\n|switch|p2b: Meowscarada|Meowscarada, L50, M|100/100|[from] Parting Shot\n|move|p1b: Conkeldurr|Knock Off|p2a: Gengar\n|-supereffective|p2a: Gengar|1\n|-damage|p2a: Gengar|41/100\n|\n|-damage|p1b: Conkeldurr|38/100 psn|[from] psn\n|upkeep\n|turn|2\n|\n|t:|1776189335\n|move|p2a: Gengar|Protect|p2a: Gengar\n|-singleturn|p2a: Gengar|Protect\n|move|p1b: Conkeldurr|Mach Punch|p2b: Meowscarada\n|-supereffective|p2b: Meowscarada|1\n|-damage|p2b: Meowscarada|23/100\n|move|p2b: Meowscarada|Flower Trick|p1a: Basculegion\n|-start|p2b: Meowscarada|typechange|Grass|[from] ability: Protean\n|-supereffective|p1a: Basculegion|1\n|-crit|p1a: Basculegion\n|-damage|p1a: Basculegion|0 fnt\n|faint|p1a: Basculegion\n|\n|-damage|p1b: Conkeldurr|25/100 psn|[from] psn\n|upkeep\n|\n|t:|1776189356\n|switch|p1a: Chandelure|Chandelure, L50, M|100/100\n|turn|3\n|\n|t:|1776189375\n|switch|p2b: Sinistcha|Sinistcha, L50|100/100\n|-heal|p2a: Gengar|65/100|[from] ability: Hospitality|[of] p2b: Sinistcha\n|switch|p2a: Incineroar|Incineroar, L50, M|7/100\n|-ability|p2a: Incineroar|Intimidate|boost\n|-unboost|p1a: Chandelure|atk|1\n|-unboost|p1b: Conkeldurr|atk|1\n|detailschange|p1a: Chandelure|Chandelure-Mega, L50, M\n|-mega|p1a: Chandelure|Chandelure|Chandelurite\n|move|p1a: Chandelure|Protect|p1a: Chandelure\n|-singleturn|p1a: Chandelure|Protect\n|move|p1b: Conkeldurr|Mach Punch|p2b: Sinistcha\n|-immune|p2b: Sinistcha\n|\n|-damage|p1b: Conkeldurr|13/100 psn|[from] psn\n|upkeep\n|turn|4\n|inactive|Jah_08 has 30 seconds left.\n|inactive|rytjbjtes has 30 seconds left.\n|inactive|rytjbjtes has 20 seconds left.\n|\n|t:|1776189412\n|move|p2a: Incineroar|Fake Out|p1b: Conkeldurr\n|-damage|p1b: Conkeldurr|2/100 psn\n|move|p2b: Sinistcha|Rage Powder|p2b: Sinistcha\n|-singleturn|p2b: Sinistcha|move: Rage Powder\n|cant|p1b: Conkeldurr|flinch\n|move|p1a: Chandelure|Heat Wave|p2a: Incineroar|[spread] p2b\n|-miss|p1a: Chandelure|p2a: Incineroar\n|-supereffective|p2b: Sinistcha|1\n|-damage|p2b: Sinistcha|2/100\n|\n|-damage|p1b: Conkeldurr|0 fnt|[from] psn\n|faint|p1b: Conkeldurr\n|upkeep\n|\n|t:|1776189428\n|switch|p1b: Excadrill|Excadrill, L50, F|100/100\n|-ability|p1b: Excadrill|Mold Breaker\n|turn|5\n|\n|t:|1776189447\n|move|p1a: Chandelure|Substitute|p1a: Chandelure\n|-start|p1a: Chandelure|Substitute\n|-damage|p1a: Chandelure|76/100\n|move|p1b: Excadrill|Rock Slide|p2b: Sinistcha|[spread] p2a,p2b\n|-supereffective|p2a: Incineroar|1\n|-crit|p2b: Sinistcha\n|-damage|p2a: Incineroar|0 fnt\n|-damage|p2b: Sinistcha|0 fnt\n|faint|p2a: Incineroar\n|faint|p2b: Sinistcha\n|\n|upkeep\n|\n|t:|1776189450\n|switch|p2b: Meowscarada|Meowscarada, L50, M|23/100\n|switch|p2a: Gengar|Gengar-Mega, L50, F|65/100\n|turn|6\n|inactive|rytjbjtes has 30 seconds left.\n|\n|t:|1776189478\n|move|p2b: Meowscarada|Flower Trick|p1b: Excadrill\n|-start|p2b: Meowscarada|typechange|Grass|[from] ability: Protean\n|-crit|p1b: Excadrill\n|-damage|p1b: Excadrill|26/100\n|move|p2a: Gengar|Shadow Ball|p1a: Chandelure\n|-supereffective|p1a: Chandelure|1\n|-end|p1a: Chandelure|Substitute\n|move|p1a: Chandelure|Heat Wave|p2a: Gengar|[spread] p2a,p2b\n|-supereffective|p2b: Meowscarada|1\n|-damage|p2a: Gengar|13/100\n|-damage|p2b: Meowscarada|0 fnt\n|faint|p2b: Meowscarada\n|move|p1b: Excadrill|High Horsepower|p2a: Gengar\n|-supereffective|p2a: Gengar|1\n|-damage|p2a: Gengar|0 fnt\n|faint|p2a: Gengar\n|\n|win|Jah_08\n|raw|Jah_08's rating: 1302 &rarr; <strong>1321</strong><br />(+19 for winning)\n|raw|rytjbjtes's rating: 1290 &rarr; <strong>1266</strong><br />(-24 for losing)\n|l|\u2606rytjbjtes\n|player|p2|\n",
  "uploadtime": 1776189498,
  "views": 37,
  "formatid": "gen9championsvgc2026regma",
  "rating": 1266,
  "private": 0,
  "password": null
}