{
  "id": "gen9championsvgc2026regma-2586996492",
  "format": "[Gen 9 Champions] VGC 2026 Reg M-A",
  "players": [
    "SirShinyMimikyu",
    "Xerokzi"
  ],
  "log": "|j|\u2606SirShinyMimikyu\n|j|\u2606Xerokzi\n|t:|1776479483\n|gametype|doubles\n|player|p1|SirShinyMimikyu|volkner|1106\n|player|p2|Xerokzi|unknown|1066\n|gen|9\n|tier|[Gen 9 Champions] VGC 2026 Reg M-A\n|rated|\n|rule|Species Clause: Limit one of each Pok\u00e9mon\n|rule|Item Clause: Limit 1 of each item\n|clearpoke\n|poke|p1|Milotic, L50, F|\n|poke|p1|Floette-Eternal, L50, F|\n|poke|p1|Drampa, L50, M|\n|poke|p1|Farigiraf, L50, F|\n|poke|p1|Whimsicott, L50, F|\n|poke|p1|Incineroar, L50, F|\n|poke|p2|Gengar, L50, M|\n|poke|p2|Incineroar, L50, M|\n|poke|p2|Garchomp, L50, M|\n|poke|p2|Dragonite, L50, M|\n|poke|p2|Sinistcha-Masterpiece, L50|\n|poke|p2|Rotom-Wash, L50|\n|teampreview|4\n|inactive|Battle timer is ON: inactive players will automatically lose when time's up. (requested by Xerokzi)\n|j| mroy13\n|c|\u2606SirShinyMimikyu|glhf ^-^\n|c|\u2606SirShinyMimikyu|oh?\n|inactive|Xerokzi has 60 seconds left.\n|\n|t:|1776479516\n|teamsize|p1|4\n|teamsize|p2|4\n|start\n|switch|p1a: Whimsicott|Whimsicott, L50, F|100/100\n|switch|p1b: Milotic|Milotic, L50, F|100/100\n|switch|p2a: Gengar|Gengar, L50, M, shiny|100/100\n|switch|p2b: Incineroar|Incineroar, L50, M, shiny|100/100\n|-ability|p2b: Incineroar|Intimidate|boost\n|-unboost|p1a: Whimsicott|atk|1\n|-unboost|p1b: Milotic|atk|1\n|-ability|p1b: Milotic|Competitive|boost\n|-boost|p1b: Milotic|spa|2\n|turn|1\n|c|\u2606SirShinyMimikyu|another user\n|c|\u2606Xerokzi|glhf\n|c|\u2606SirShinyMimikyu|thats interesting lol\n|inactive|SirShinyMimikyu has 30 seconds left.\n|inactive|Xerokzi has 30 seconds left.\n|inactive|Xerokzi has 20 seconds left.\n|\n|t:|1776479553\n|detailschange|p2a: Gengar|Gengar-Mega, L50, M, shiny\n|-mega|p2a: Gengar|Gengar|Gengarite\n|move|p1a: Whimsicott|Protect|p1a: Whimsicott\n|-singleturn|p1a: Whimsicott|Protect\n|move|p1b: Milotic|Protect|p1b: Milotic\n|-singleturn|p1b: Milotic|Protect\n|move|p2b: Incineroar|Fake Out|p1b: Milotic\n|-activate|p1b: Milotic|move: Protect\n|move|p2a: Gengar|Sludge Wave|p1a: Whimsicott|[spread] p2b\n|-activate|p1a: Whimsicott|move: Protect\n|-activate|p1b: Milotic|move: Protect\n|-damage|p2b: Incineroar|75/100\n|\n|upkeep\n|turn|2\n|inactive|SirShinyMimikyu has 30 seconds left.\n|\n|t:|1776479578\n|move|p2b: Incineroar|Protect|p2b: Incineroar\n|-singleturn|p2b: Incineroar|Protect\n|move|p1a: Whimsicott|Tailwind|p1a: Whimsicott\n|-sidestart|p1: SirShinyMimikyu|move: Tailwind\n|move|p1b: Milotic|Scald|p2b: Incineroar\n|-activate|p2b: Incineroar|move: Protect\n|move|p2a: Gengar|Sludge Wave|p1b: Milotic|[spread] p1a,p1b\n|-activate|p2b: Incineroar|move: Protect\n|-supereffective|p1a: Whimsicott|2\n|-enditem|p1a: Whimsicott|Focus Sash\n|-damage|p1a: Whimsicott|1/100\n|-damage|p1b: Milotic|72/100\n|\n|upkeep\n|turn|3\n|\n|t:|1776479603\n|move|p1a: Whimsicott|Encore|p2b: Incineroar\n|-hint|Since gen 7, Dark is immune to Prankster moves.\n|-immune|p2b: Incineroar\n|move|p1b: Milotic|Scald|p2b: Incineroar\n|-supereffective|p2b: Incineroar|1\n|-damage|p2b: Incineroar|0 fnt\n|faint|p2b: Incineroar\n|move|p2a: Gengar|Shadow Ball|p1b: Milotic\n|-damage|p1b: Milotic|42/100\n|\n|upkeep\n|c|\u2606Xerokzi|encored a dark type\n|\n|t:|1776479618\n|switch|p2b: Rotom|Rotom-Wash, L50, shiny|100/100\n|turn|4\n|inactive|Xerokzi has 30 seconds left.\n|inactive|SirShinyMimikyu has 30 seconds left.\n|\n|t:|1776479652\n|move|p1b: Milotic|Protect|p1b: Milotic\n|-singleturn|p1b: Milotic|Protect\n|move|p2b: Rotom|Protect|p2b: Rotom\n|-singleturn|p2b: Rotom|Protect\n|move|p1a: Whimsicott|Tailwind||[still]\n|-fail|p1a: Whimsicott\n|move|p2a: Gengar|Sludge Wave|p1b: Milotic|[spread] p1a\n|-activate|p2b: Rotom|move: Protect\n|-activate|p1b: Milotic|move: Protect\n|-supereffective|p1a: Whimsicott|2\n|-damage|p1a: Whimsicott|0 fnt\n|faint|p1a: Whimsicott\n|\n|upkeep\n|\n|t:|1776479665\n|switch|p1a: Incineroar|Incineroar, L50, F|100/100\n|-ability|p1a: Incineroar|Intimidate|boost\n|-unboost|p2a: Gengar|atk|1\n|-unboost|p2b: Rotom|atk|1\n|turn|5\n|\n|t:|1776479686\n|move|p2a: Gengar|Protect|p2a: Gengar\n|-singleturn|p2a: Gengar|Protect\n|move|p1a: Incineroar|Fake Out|p2b: Rotom\n|-damage|p2b: Rotom|89/100\n|move|p1b: Milotic|Ice Beam|p2a: Gengar\n|-activate|p2a: Gengar|move: Protect\n|cant|p2b: Rotom|flinch\n|\n|-sideend|p1: SirShinyMimikyu|move: Tailwind\n|upkeep\n|turn|6\n|c|\u2606SirShinyMimikyu|lol i forgot abt the encore thing\n|inactive|Xerokzi has 30 seconds left.\n|\n|t:|1776479711\n|move|p2a: Gengar|Sludge Wave|p1a: Incineroar|[spread] p2b,p1a,p1b\n|-damage|p2b: Rotom|49/100\n|-damage|p1a: Incineroar|65/100\n|-damage|p1b: Milotic|10/100\n|move|p2b: Rotom|Volt Switch|p1b: Milotic\n|-supereffective|p1b: Milotic|1\n|-damage|p1b: Milotic|0 fnt\n|faint|p1b: Milotic\n|\n|t:|1776479718\n|switch|p2b: Sinistcha|Sinistcha-Masterpiece, L50|100/100|[from] Volt Switch\n|move|p1a: Incineroar|Darkest Lariat|p2a: Gengar\n|-supereffective|p2a: Gengar|1\n|-damage|p2a: Gengar|42/100\n|\n|upkeep\n|\n|t:|1776479723\n|switch|p1b: Floette|Floette-Eternal, L50, F|100/100\n|turn|7\n|\n|t:|1776479746\n|detailschange|p1b: Floette|Floette-Mega, L50, F\n|-mega|p1b: Floette|Floette|Floettite\n|-ability|p1b: Floette|Fairy Aura\n|move|p2a: Gengar|Protect|p2a: Gengar\n|-singleturn|p2a: Gengar|Protect\n|move|p1b: Floette|Protect|p1b: Floette\n|-singleturn|p1b: Floette|Protect\n|move|p1a: Incineroar|Darkest Lariat|p2a: Gengar\n|-activate|p2a: Gengar|move: Protect\n|move|p2b: Sinistcha|Trick Room|p2b: Sinistcha\n|-fieldstart|move: Trick Room|[of] p2b: Sinistcha\n|\n|upkeep\n|turn|8\n|\n|t:|1776479768\n|switch|p2a: Rotom|Rotom-Wash, L50, shiny|49/100\n|move|p1a: Incineroar|Darkest Lariat|p2a: Rotom\n|-damage|p2a: Rotom|12/100\n|move|p2b: Sinistcha|Matcha Gotcha|p1b: Floette|[spread] p1a,p1b\n|-resisted|p1a: Incineroar|1\n|-damage|p1a: Incineroar|55/100\n|-damage|p1b: Floette|83/100\n|move|p1b: Floette|Moonblast|p2b: Sinistcha\n|-damage|p2b: Sinistcha|25/100\n|\n|-heal|p2b: Sinistcha|32/100|[from] item: Leftovers\n|upkeep\n|turn|9\n|\n|t:|1776479785\n|move|p2b: Sinistcha|Rage Powder|p2b: Sinistcha\n|-singleturn|p2b: Sinistcha|move: Rage Powder\n|move|p1a: Incineroar|Darkest Lariat|p2b: Sinistcha\n|-supereffective|p2b: Sinistcha|1\n|-damage|p2b: Sinistcha|0 fnt\n|faint|p2b: Sinistcha\n|move|p2a: Rotom|Rain Dance|p2a: Rotom\n|-weather|RainDance\n|move|p1b: Floette|Dazzling Gleam|p2a: Rotom\n|-damage|p2a: Rotom|0 fnt\n|faint|p2a: Rotom\n|\n|-weather|RainDance|[upkeep]\n|upkeep\n|\n|t:|1776479796\n|switch|p2b: Gengar|Gengar-Mega, L50, M, shiny|42/100\n|turn|10\n|c|\u2606SirShinyMimikyu|sludge wave wipes i think lol\n|\n|t:|1776479811\n|move|p1b: Floette|Protect|p1b: Floette\n|-singleturn|p1b: Floette|Protect\n|move|p2b: Gengar|Protect|p2b: Gengar\n|-singleturn|p2b: Gengar|Protect\n|move|p1a: Incineroar|Darkest Lariat|p2b: Gengar\n|-activate|p2b: Gengar|move: Protect\n|\n|-weather|RainDance|[upkeep]\n|upkeep\n|turn|11\n|c|\u2606SirShinyMimikyu|oh nvm\n|c|\u2606SirShinyMimikyu|forgot incin is faster in troom\n|\n|t:|1776479828\n|move|p1a: Incineroar|Darkest Lariat|p2b: Gengar\n|-supereffective|p2b: Gengar|1\n|-damage|p2b: Gengar|0 fnt\n|faint|p2b: Gengar\n|\n|win|SirShinyMimikyu\n|raw|SirShinyMimikyu's rating: 1106 &rarr; <strong>1128</strong><br />(+22 for winning)\n|raw|Xerokzi's rating: 1066 &rarr; <strong>1048</strong><br />(-18 for losing)\n|c|\u2606SirShinyMimikyu|gg ^-^\n|c|\u2606Xerokzi|gg\n|l|\u2606Xerokzi\n|player|p2|\n|c|\u2606SirShinyMimikyu|who is the other guy in here lol\n|l| mroy13\n",
  "uploadtime": 1776479899,
  "views": 14,
  "formatid": "gen9championsvgc2026regma",
  "rating": 1048,
  "private": 0,
  "password": null
}