{
  "id": "gen9championsvgc2026regma-2581182747",
  "format": "[Gen 9 Champions] VGC 2026 Reg M-A",
  "players": [
    "thedenskog",
    "alpharax127"
  ],
  "log": "|j|\u2606thedenskog\n|j|\u2606alpharax127\n|t:|1775968084\n|gametype|doubles\n|player|p1|thedenskog|2|1043\n|player|p2|alpharax127|red|1102\n|gen|9\n|tier|[Gen 9 Champions] VGC 2026 Reg M-A\n|rated|\n|rule|Species Clause: Limit one of each Pok\u00e9mon\n|rule|Item Clause: Limit 1 of each item\n|clearpoke\n|poke|p1|Mimikyu, L50, F|\n|poke|p1|Hydreigon, L50, M|\n|poke|p1|Glimmora, L50, M|\n|poke|p1|Conkeldurr, L50, F|\n|poke|p1|Gyarados, L50, M|\n|poke|p1|Incineroar, L50, M|\n|poke|p2|Floette-Eternal, L50, F|\n|poke|p2|Aerodactyl, L50, F|\n|poke|p2|Incineroar, L50, F|\n|poke|p2|Garchomp, L50, F|\n|poke|p2|Sneasler, L50, F|\n|poke|p2|Basculegion, L50, M|\n|teampreview|4\n|inactive|Battle timer is ON: inactive players will automatically lose when time's up. (requested by alpharax127)\n|inactive|thedenskog has 60 seconds left.\n|inactive|alpharax127 has 60 seconds left.\n|\n|t:|1775968126\n|teamsize|p1|4\n|teamsize|p2|4\n|start\n|switch|p1a: Incineroar|Incineroar, L50, M|100/100\n|switch|p1b: Glimmora|Glimmora, L50, M|100/100\n|switch|p2a: Floette|Floette-Eternal, L50, F|100/100\n|switch|p2b: Incineroar|Incineroar, L50, F|100/100\n|-ability|p1a: Incineroar|Intimidate|boost\n|-unboost|p2a: Floette|atk|1\n|-unboost|p2b: Incineroar|atk|1\n|-ability|p2b: Incineroar|Intimidate|boost\n|-unboost|p1a: Incineroar|atk|1\n|-unboost|p1b: Glimmora|atk|1\n|turn|1\n|inactive|thedenskog has 30 seconds left.\n|\n|t:|1775968151\n|detailschange|p1b: Glimmora|Glimmora-Mega, L50, M\n|-mega|p1b: Glimmora|Glimmora|Glimmoranite\n|move|p2a: Floette|Protect|p2a: Floette\n|-singleturn|p2a: Floette|Protect\n|move|p1a: Incineroar|Fake Out|p2a: Floette\n|-activate|p2a: Floette|move: Protect\n|move|p1b: Glimmora|Sludge Bomb|p2a: Floette\n|-activate|p2a: Floette|move: Protect\n|move|p2b: Incineroar|Parting Shot|p1b: Glimmora\n|-unboost|p1b: Glimmora|atk|1\n|-unboost|p1b: Glimmora|spa|1\n|inactive|alpharax127 has 30 seconds left.\n|\n|t:|1775968177\n|switch|p2b: Sneasler|Sneasler, L50, F|100/100|[from] Parting Shot\n|\n|upkeep\n|turn|2\n|\n|t:|1775968194\n|detailschange|p2a: Floette|Floette-Mega, L50, F\n|-mega|p2a: Floette|Floette|Floettite\n|-ability|p2a: Floette|Fairy Aura\n|move|p2b: Sneasler|Close Combat|p1b: Glimmora\n|-damage|p1b: Glimmora|25/100\n|-unboost|p2b: Sneasler|def|1\n|-unboost|p2b: Sneasler|spd|1\n|-enditem|p2b: Sneasler|White Herb\n|-clearnegativeboost|p2b: Sneasler|[silent]\n|move|p1b: Glimmora|Sludge Bomb|p2a: Floette\n|-supereffective|p2a: Floette|1\n|-damage|p2a: Floette|23/100\n|move|p2a: Floette|Light of Ruin|p1b: Glimmora\n|-resisted|p1b: Glimmora|1\n|-damage|p1b: Glimmora|0 fnt\n|faint|p1b: Glimmora\n|-damage|p2a: Floette|9/100|[from] Recoil\n|move|p1a: Incineroar|Parting Shot|p2b: Sneasler\n|-unboost|p2b: Sneasler|atk|1\n|-unboost|p2b: Sneasler|spa|1\n|\n|t:|1775968214\n|switch|p1a: Mimikyu|Mimikyu, L50, F|100/100|[from] Parting Shot\n|\n|upkeep\n|\n|t:|1775968217\n|switch|p1b: Incineroar|Incineroar, L50, M|100/100\n|-ability|p1b: Incineroar|Intimidate|boost\n|-unboost|p2a: Floette|atk|1\n|-unboost|p2b: Sneasler|atk|1\n|turn|3\n|\n|t:|1775968238\n|move|p2a: Floette|Protect|p2a: Floette\n|-singleturn|p2a: Floette|Protect\n|move|p2b: Sneasler|Dire Claw|p1a: Mimikyu\n|-activate|p1a: Mimikyu|ability: Disguise\n|-damage|p1a: Mimikyu|100/100\n|-status|p1a: Mimikyu|slp\n|detailschange|p1a: Mimikyu|Mimikyu-Busted, L50, F\n|-damage|p1a: Mimikyu|88/100 slp|[from] pokemon: Mimikyu-Busted\n|move|p1b: Incineroar|Flare Blitz|p2b: Sneasler\n|-damage|p2b: Sneasler|23/100\n|-damage|p1b: Incineroar|81/100|[from] Recoil\n|cant|p1a: Mimikyu|slp\n|\n|upkeep\n|turn|4\n|inactive|thedenskog has 30 seconds left.\n|inactive|alpharax127 has 30 seconds left.\n|\n|t:|1775968271\n|cant|p1a: Mimikyu|slp\n|move|p2b: Sneasler|Close Combat|p1b: Incineroar\n|-supereffective|p1b: Incineroar|1\n|-damage|p1b: Incineroar|24/100\n|-unboost|p2b: Sneasler|def|1\n|-unboost|p2b: Sneasler|spd|1\n|move|p2a: Floette|Dazzling Gleam|p1a: Mimikyu|[spread] p1a,p1b\n|-damage|p1a: Mimikyu|38/100 slp\n|-damage|p1b: Incineroar|0 fnt\n|faint|p1b: Incineroar\n|\n|upkeep\n|\n|t:|1775968282\n|switch|p1b: Conkeldurr|Conkeldurr, L50, F|100/100\n|turn|5\n|\n|t:|1775968295\n|switch|p2b: Incineroar|Incineroar, L50, F|100/100\n|-ability|p2b: Incineroar|Intimidate|boost\n|-unboost|p1a: Mimikyu|atk|1\n|-unboost|p1b: Conkeldurr|atk|1\n|-curestatus|p1a: Mimikyu|slp|[msg]\n|move|p1a: Mimikyu|Shadow Sneak|p2a: Floette\n|-damage|p2a: Floette|0 fnt\n|faint|p2a: Floette\n|move|p1b: Conkeldurr|Mach Punch|p2b: Incineroar\n|-supereffective|p2b: Incineroar|1\n|-damage|p2b: Incineroar|62/100\n|\n|upkeep\n|\n|t:|1775968310\n|switch|p2a: Aerodactyl|Aerodactyl, L50, F|100/100\n|-ability|p2a: Aerodactyl|Unnerve\n|turn|6\n|\n|t:|1775968327\n|move|p2b: Incineroar|Fake Out|p1b: Conkeldurr\n|-damage|p1b: Conkeldurr|91/100\n|move|p2a: Aerodactyl|Dual Wingbeat|p1b: Conkeldurr\n|-supereffective|p1b: Conkeldurr|1\n|-damage|p1b: Conkeldurr|56/100\n|-supereffective|p1b: Conkeldurr|1\n|-damage|p1b: Conkeldurr|22/100\n|-hitcount|p1b: Conkeldurr|2\n|cant|p1b: Conkeldurr|flinch\n|move|p1a: Mimikyu|Trick Room|p1a: Mimikyu\n|-fieldstart|move: Trick Room|[of] p1a: Mimikyu\n|\n|upkeep\n|turn|7\n|inactive|alpharax127 has 30 seconds left.\n|\n|t:|1775968361\n|move|p1b: Conkeldurr|Ice Punch|p2a: Aerodactyl\n|-supereffective|p2a: Aerodactyl|1\n|-damage|p2a: Aerodactyl|22/100\n|move|p2b: Incineroar|Flare Blitz|p1a: Mimikyu\n|-damage|p1a: Mimikyu|0 fnt\n|faint|p1a: Mimikyu\n|-damage|p2b: Incineroar|52/100|[from] Recoil\n|move|p2a: Aerodactyl|Dual Wingbeat|p1b: Conkeldurr|[miss]\n|-miss|p2a: Aerodactyl|p1b: Conkeldurr\n|\n|upkeep\n|turn|8\n|\n|t:|1775968378\n|move|p1b: Conkeldurr|Drain Punch|p2b: Incineroar\n|-supereffective|p2b: Incineroar|1\n|-damage|p2b: Incineroar|0 fnt\n|-heal|p1b: Conkeldurr|46/100|[from] drain|[of] p2b: Incineroar\n|faint|p2b: Incineroar\n|move|p2a: Aerodactyl|Dual Wingbeat|p1b: Conkeldurr\n|-supereffective|p1b: Conkeldurr|1\n|-damage|p1b: Conkeldurr|14/100\n|-supereffective|p1b: Conkeldurr|1\n|-damage|p1b: Conkeldurr|0 fnt\n|faint|p1b: Conkeldurr\n|-hitcount|p1: Conkeldurr|2\n|\n|win|alpharax127\n|raw|thedenskog's rating: 1043 &rarr; <strong>1029</strong><br />(-14 for losing)\n|raw|alpharax127's rating: 1102 &rarr; <strong>1123</strong><br />(+21 for winning)\n",
  "uploadtime": 1775968390,
  "views": 17,
  "formatid": "gen9championsvgc2026regma",
  "rating": 1029,
  "private": 0,
  "password": null
}