{
  "id": "gen9championsvgc2026regma-2586290467",
  "format": "[Gen 9 Champions] VGC 2026 Reg M-A",
  "players": [
    "soulo333",
    "TheStrategys"
  ],
  "log": "|j|\u2606soulo333\n|j|\u2606TheStrategys\n|t:|1776421857\n|gametype|doubles\n|player|p1|soulo333|102|1161\n|player|p2|TheStrategys|170|1220\n|gen|9\n|tier|[Gen 9 Champions] VGC 2026 Reg M-A\n|rated|\n|rule|Species Clause: Limit one of each Pok\u00e9mon\n|rule|Item Clause: Limit 1 of each item\n|clearpoke\n|poke|p1|Charizard, L50, F|\n|poke|p1|Sneasler, L50, F|\n|poke|p1|Sinistcha, L50|\n|poke|p1|Incineroar, L50, F|\n|poke|p1|Milotic, L50, F|\n|poke|p1|Tyranitar, L50, F|\n|poke|p2|Charizard, L50, F|\n|poke|p2|Venusaur, L50, F|\n|poke|p2|Garchomp, L50, F|\n|poke|p2|Rotom-Wash, L50|\n|poke|p2|Sneasler, L50, M|\n|poke|p2|Incineroar, L50, M|\n|teampreview|4\n|inactive|Battle timer is ON: inactive players will automatically lose when time's up. (requested by TheStrategys)\n|inactive|TheStrategys has 60 seconds left.\n|\n|t:|1776421904\n|teamsize|p1|4\n|teamsize|p2|4\n|start\n|switch|p1a: Sinistcha|Sinistcha, L50|100/100\n|switch|p1b: Incineroar|Incineroar, L50, F|100/100\n|switch|p2a: Sneasler|Sneasler, L50, M, shiny|100/100\n|switch|p2b: Charizard|Charizard, L50, F, shiny|100/100\n|-ability|p1b: Incineroar|Intimidate|boost\n|-unboost|p2a: Sneasler|atk|1\n|-unboost|p2b: Charizard|atk|1\n|-enditem|p2a: Sneasler|White Herb\n|-clearnegativeboost|p2a: Sneasler|[silent]\n|turn|1\n|\n|t:|1776421919\n|switch|p1a: Milotic|Milotic, L50, F|100/100\n|detailschange|p2b: Charizard|Charizard-Mega-Y, L50, F, shiny\n|-mega|p2b: Charizard|Charizard|Charizardite Y\n|-weather|SunnyDay|[from] ability: Drought|[of] p2b: Charizard\n|move|p2a: Sneasler|Fake Out|p1b: Incineroar\n|-damage|p1b: Incineroar|89/100\n|move|p2b: Charizard|Weather Ball|p1a: Milotic\n|-resisted|p1a: Milotic|1\n|-damage|p1a: Milotic|71/100\n|cant|p1b: Incineroar|flinch\n|\n|-weather|SunnyDay|[upkeep]\n|-heal|p1a: Milotic|77/100|[from] item: Leftovers\n|upkeep\n|turn|2\n|\n|t:|1776421939\n|switch|p2a: Venusaur|Venusaur, L50, F, shiny|100/100\n|switch|p1b: Tyranitar|Tyranitar, L50, F|100/100\n|-weather|Sandstorm|[from] ability: Sand Stream|[of] p1b: Tyranitar\n|move|p2b: Charizard|Solar Beam||[still]\n|-prepare|p2b: Charizard|Solar Beam\n|move|p1a: Milotic|Scald|p2a: Venusaur\n|-resisted|p2a: Venusaur|1\n|-damage|p2a: Venusaur|83/100\n|\n|-weather|Sandstorm|[upkeep]\n|-damage|p2b: Charizard|95/100|[from] Sandstorm\n|-damage|p2a: Venusaur|77/100|[from] Sandstorm\n|-damage|p1a: Milotic|71/100|[from] Sandstorm\n|-heal|p1a: Milotic|77/100|[from] item: Leftovers\n|upkeep\n|turn|3\n|inactive|TheStrategys has 30 seconds left.\n|\n|t:|1776421967\n|switch|p1a: Incineroar|Incineroar, L50, F|89/100\n|-ability|p1a: Incineroar|Intimidate|boost\n|-unboost|p2a: Venusaur|atk|1\n|-unboost|p2b: Charizard|atk|1\n|detailschange|p1b: Tyranitar|Tyranitar-Mega, L50, F\n|-mega|p1b: Tyranitar|Tyranitar|Tyranitarite\n|move|p2b: Charizard|Solar Beam|p1a: Incineroar|[from] lockedmove\n|-resisted|p1a: Incineroar|1\n|-damage|p1a: Incineroar|80/100\n|move|p2a: Venusaur|Sleep Powder|p1b: Tyranitar\n|-status|p1b: Tyranitar|slp|[from] move: Sleep Powder\n|cant|p1b: Tyranitar|slp\n|\n|-weather|Sandstorm|[upkeep]\n|-damage|p2b: Charizard|89/100|[from] Sandstorm\n|-damage|p2a: Venusaur|72/100|[from] Sandstorm\n|-damage|p1a: Incineroar|74/100|[from] Sandstorm\n|upkeep\n|turn|4\n|\n|t:|1776421992\n|switch|p2a: Garchomp|Garchomp, L50, F, shiny|100/100\n|move|p1a: Incineroar|Fake Out|p2a: Garchomp\n|-damage|p2a: Garchomp|89/100\n|-damage|p1a: Incineroar|61/100|[from] ability: Rough Skin|[of] p2a: Garchomp\n|move|p2b: Charizard|Weather Ball|p1a: Incineroar\n|-supereffective|p1a: Incineroar|1\n|-damage|p1a: Incineroar|5/100\n|-enditem|p1a: Incineroar|Sitrus Berry|[eat]\n|-heal|p1a: Incineroar|30/100|[from] item: Sitrus Berry\n|cant|p1b: Tyranitar|slp\n|\n|-weather|Sandstorm|[upkeep]\n|-damage|p2b: Charizard|83/100|[from] Sandstorm\n|-damage|p1a: Incineroar|24/100|[from] Sandstorm\n|upkeep\n|turn|5\n|\n|t:|1776422015\n|switch|p1a: Milotic|Milotic, L50, F|77/100\n|move|p2b: Charizard|Protect|p2b: Charizard\n|-singleturn|p2b: Charizard|Protect\n|-curestatus|p1b: Tyranitar|slp|[msg]\n|move|p1b: Tyranitar|Protect|p1b: Tyranitar\n|-singleturn|p1b: Tyranitar|Protect\n|move|p2a: Garchomp|Earthquake|p1a: Milotic|[spread] p1a\n|-activate|p2b: Charizard|move: Protect\n|-activate|p1b: Tyranitar|move: Protect\n|-damage|p1a: Milotic|35/100\n|\n|-weather|Sandstorm|[upkeep]\n|-damage|p2b: Charizard|77/100|[from] Sandstorm\n|-damage|p1a: Milotic|29/100|[from] Sandstorm\n|-heal|p1a: Milotic|35/100|[from] item: Leftovers\n|upkeep\n|turn|6\n|\n|t:|1776422038\n|switch|p1b: Sinistcha|Sinistcha, L50|100/100\n|-heal|p1a: Milotic|59/100|[from] ability: Hospitality|[of] p1b: Sinistcha\n|move|p2a: Garchomp|Earthquake|p1a: Milotic|[spread] p1a,p1b\n|-immune|p2b: Charizard\n|-resisted|p1b: Sinistcha|1\n|-damage|p1a: Milotic|17/100\n|-damage|p1b: Sinistcha|80/100\n|move|p2b: Charizard|Heat Wave|p1a: Milotic|[spread] p1a\n|-miss|p2b: Charizard|p1b: Sinistcha\n|-resisted|p1a: Milotic|1\n|-damage|p1a: Milotic|5/100\n|move|p1a: Milotic|Icy Wind|p2b: Charizard|[spread] p2a,p2b\n|-supereffective|p2a: Garchomp|2\n|-damage|p2a: Garchomp|46/100\n|-damage|p2b: Charizard|67/100\n|-unboost|p2a: Garchomp|spe|1\n|-unboost|p2b: Charizard|spe|1\n|\n|-weather|none\n|-heal|p1a: Milotic|11/100|[from] item: Leftovers\n|upkeep\n|turn|7\n|\n|t:|1776422061\n|switch|p1b: Incineroar|Incineroar, L50, F|24/100\n|-ability|p1b: Incineroar|Intimidate|boost\n|-unboost|p2a: Garchomp|atk|1\n|-unboost|p2b: Charizard|atk|1\n|move|p2a: Garchomp|Earthquake|p1a: Milotic|[spread] p1a,p1b\n|-immune|p2b: Charizard\n|-supereffective|p1b: Incineroar|1\n|-damage|p1a: Milotic|0 fnt\n|-damage|p1b: Incineroar|0 fnt\n|faint|p1a: Milotic\n|faint|p1b: Incineroar\n|move|p2b: Charizard|Heat Wave|p1: Milotic|[notarget]\n|-fail|p2b: Charizard\n|\n|upkeep\n|\n|t:|1776422066\n|switch|p1a: Sinistcha|Sinistcha, L50|80/100\n|switch|p1b: Tyranitar|Tyranitar-Mega, L50, F|100/100\n|-weather|Sandstorm|[from] ability: Sand Stream|[of] p1b: Tyranitar\n|turn|8\n|\n|t:|1776422081\n|switch|p2a: Venusaur|Venusaur, L50, F, shiny|72/100\n|switch|p2b: Sneasler|Sneasler, L50, M, shiny|100/100\n|move|p1a: Sinistcha|Matcha Gotcha|p2b: Sneasler|[spread] p2a,p2b\n|-resisted|p2a: Venusaur|2\n|-resisted|p2b: Sneasler|1\n|-damage|p2a: Venusaur|63/100\n|-heal|p1a: Sinistcha|84/100|[from] drain|[of] p2a: Venusaur\n|-damage|p2b: Sneasler|77/100\n|-heal|p1a: Sinistcha|95/100|[from] drain|[of] p2b: Sneasler\n|-status|p2b: Sneasler|brn\n|move|p1b: Tyranitar|Rock Slide|p2b: Sneasler|[spread] p2a,p2b\n|-resisted|p2b: Sneasler|1\n|-damage|p2a: Venusaur|9/100\n|-damage|p2b: Sneasler|45/100 brn\n|\n|-weather|Sandstorm|[upkeep]\n|-damage|p2b: Sneasler|39/100 brn|[from] Sandstorm\n|-damage|p2a: Venusaur|4/100|[from] Sandstorm\n|-damage|p1a: Sinistcha|89/100|[from] Sandstorm\n|-damage|p2b: Sneasler|33/100 brn|[from] brn\n|upkeep\n|turn|9\n|inactive|TheStrategys has 30 seconds left.\n|inactive|TheStrategys has 20 seconds left.\n|\n|t:|1776422117\n|move|p1b: Tyranitar|Protect|p1b: Tyranitar\n|-singleturn|p1b: Tyranitar|Protect\n|move|p2b: Sneasler|Fake Out|p1b: Tyranitar\n|-activate|p1b: Tyranitar|move: Protect\n|move|p2a: Venusaur|Sludge Bomb|p1a: Sinistcha\n|-damage|p1a: Sinistcha|38/100\n|move|p1a: Sinistcha|Trick Room|p1a: Sinistcha\n|-fieldstart|move: Trick Room|[of] p1a: Sinistcha\n|\n|-weather|Sandstorm|[upkeep]\n|-damage|p1a: Sinistcha|31/100|[from] Sandstorm\n|-damage|p2a: Venusaur|0 fnt|[from] Sandstorm\n|-damage|p2b: Sneasler|28/100 brn|[from] Sandstorm\n|faint|p2a: Venusaur\n|-damage|p2b: Sneasler|22/100 brn|[from] brn\n|upkeep\n|\n|t:|1776422130\n|switch|p2a: Garchomp|Garchomp, L50, F, shiny|46/100\n|turn|10\n|\n|t:|1776422141\n|move|p1b: Tyranitar|Knock Off|p2a: Garchomp\n|-damage|p2a: Garchomp|0 fnt\n|-damage|p1b: Tyranitar|88/100|[from] ability: Rough Skin|[of] p2a: Garchomp\n|-enditem|p2a: Garchomp|Choice Scarf|[from] move: Knock Off|[of] p1b: Tyranitar\n|faint|p2a: Garchomp\n|move|p1a: Sinistcha|Shadow Ball|p2b: Sneasler\n|-damage|p2b: Sneasler|0 fnt\n|faint|p2b: Sneasler\n|\n|-weather|Sandstorm|[upkeep]\n|-damage|p1a: Sinistcha|25/100|[from] Sandstorm\n|upkeep\n|\n|t:|1776422151\n|switch|p2b: Charizard|Charizard-Mega-Y, L50, F, shiny|67/100\n|-weather|SunnyDay|[from] ability: Drought|[of] p2b: Charizard\n|turn|11\n|\n|t:|1776422162\n|move|p2b: Charizard|Protect|p2b: Charizard\n|-singleturn|p2b: Charizard|Protect\n|move|p1b: Tyranitar|Knock Off|p2b: Charizard\n|-activate|p2b: Charizard|move: Protect\n|move|p1a: Sinistcha|Shadow Ball|p2b: Charizard\n|-activate|p2b: Charizard|move: Protect\n|\n|-weather|SunnyDay|[upkeep]\n|upkeep\n|turn|12\n|\n|t:|1776422172\n|move|p1b: Tyranitar|Knock Off|p2b: Charizard\n|-damage|p2b: Charizard|3/100\n|move|p1a: Sinistcha|Shadow Ball|p2b: Charizard\n|-damage|p2b: Charizard|0 fnt\n|faint|p2b: Charizard\n|\n|win|soulo333\n|raw|soulo333's rating: 1161 &rarr; <strong>1190</strong><br />(+29 for winning)\n|raw|TheStrategys's rating: 1220 &rarr; <strong>1191</strong><br />(-29 for losing)\n",
  "uploadtime": 1776422172,
  "views": 27,
  "formatid": "gen9championsvgc2026regma",
  "rating": 1190,
  "private": 0,
  "password": null
}