{
  "id": "gen9championsvgc2026regma-2586003814",
  "format": "[Gen 9 Champions] VGC 2026 Reg M-A",
  "players": [
    "Kialometer",
    "Liber Dragon"
  ],
  "log": "|j|\u2606Kialometer\n|j|\u2606Liber Dragon\n|t:|1776389358\n|gametype|doubles\n|player|p1|Kialometer|169|1095\n|player|p2|Liber Dragon|veteran|1041\n|gen|9\n|tier|[Gen 9 Champions] VGC 2026 Reg M-A\n|rated|\n|rule|Species Clause: Limit one of each Pok\u00e9mon\n|rule|Item Clause: Limit 1 of each item\n|clearpoke\n|poke|p1|Aerodactyl, L50, F|\n|poke|p1|Aggron, L50, F|\n|poke|p1|Sinistcha, L50|\n|poke|p1|Primarina, L50, M|\n|poke|p1|Conkeldurr, L50, M|\n|poke|p1|Raichu, L50, F|\n|poke|p2|Sneasler, L50, M|\n|poke|p2|Whimsicott, L50, F|\n|poke|p2|Gengar, L50, F|\n|poke|p2|Incineroar, L50, F|\n|poke|p2|Sinistcha, L50|\n|poke|p2|Ninetales-Alola, L50, M|\n|teampreview|4\n|inactive|Battle timer is ON: inactive players will automatically lose when time's up. (requested by Liber Dragon)\nLiber Dragon has agreed to open team sheets.\n|inactive|Kialometer has 60 seconds left.\n|\n|t:|1776389394\n|teamsize|p1|4\n|teamsize|p2|4\n|start\n|switch|p1a: Raichu|Raichu, L50, F|100/100\n|switch|p1b: Sinistcha|Sinistcha, L50|100/100\n|switch|p2a: Sneasler|Sneasler, L50, M|100/100\n|switch|p2b: Whimsicott|Whimsicott, L50, F|100/100\n|turn|1\n|\n|t:|1776389405\n|move|p2a: Sneasler|Fake Out|p1a: Raichu\n|-damage|p1a: Raichu|70/100\n|cant|p1a: Raichu|flinch\n|move|p2b: Whimsicott|Tailwind|p2b: Whimsicott\n|-sidestart|p2: Liber Dragon|move: Tailwind\n|move|p1b: Sinistcha|Trick Room|p1b: Sinistcha\n|-fieldstart|move: Trick Room|[of] p1b: Sinistcha\n|\n|upkeep\n|turn|2\n|inactive|Liber Dragon has 30 seconds left.\n|\n|t:|1776389434\n|switch|p2a: Sinistcha|Sinistcha, L50|100/100\n|move|p2b: Whimsicott|Protect|p2b: Whimsicott\n|-singleturn|p2b: Whimsicott|Protect\n|move|p1b: Sinistcha|Rage Powder|p1b: Sinistcha\n|-singleturn|p1b: Sinistcha|move: Rage Powder\n|move|p1a: Raichu|Volt Switch|p2b: Whimsicott\n|-activate|p2b: Whimsicott|move: Protect\n|\n|upkeep\n|turn|3\n|\n|t:|1776389457\n|switch|p1a: Aggron|Aggron, L50, F|100/100\n|move|p1b: Sinistcha|Rage Powder|p1b: Sinistcha\n|-singleturn|p1b: Sinistcha|move: Rage Powder\n|move|p2b: Whimsicott|Encore|p1b: Sinistcha\n|-start|p1b: Sinistcha|Encore\n|move|p2a: Sinistcha|Trick Room|p2a: Sinistcha\n|-fieldend|move: Trick Room\n|\n|upkeep\n|turn|4\n|\n|t:|1776389474\n|detailschange|p1a: Aggron|Aggron-Mega, L50, F\n|-mega|p1a: Aggron|Aggron|Aggronite\n|move|p1b: Sinistcha|Rage Powder|p1b: Sinistcha\n|-singleturn|p1b: Sinistcha|move: Rage Powder\n|move|p2b: Whimsicott|Fake Tears|p1a: Aggron\n|-unboost|p1a: Aggron|spd|2\n|move|p2a: Sinistcha|Matcha Gotcha|p1b: Sinistcha|[spread] p1a,p1b\n|-resisted|p1a: Aggron|1\n|-resisted|p1b: Sinistcha|1\n|-damage|p1a: Aggron|77/100\n|-damage|p1b: Sinistcha|89/100\n|-status|p1b: Sinistcha|brn\n|move|p1a: Aggron|Iron Defense|p1a: Aggron\n|-boost|p1a: Aggron|def|2\n|\n|-damage|p1b: Sinistcha|83/100 brn|[from] brn\n|-sideend|p2: Liber Dragon|move: Tailwind\n|upkeep\n|turn|5\n|inactive|Kialometer has 30 seconds left.\n|\n|t:|1776389500\n|switch|p1b: Raichu|Raichu, L50, F|70/100\n|move|p2b: Whimsicott|Fake Tears|p1a: Aggron\n|-unboost|p1a: Aggron|spd|2\n|move|p2a: Sinistcha|Matcha Gotcha|p1b: Raichu|[spread] p1a,p1b\n|-resisted|p1a: Aggron|1\n|-damage|p1a: Aggron|46/100\n|-damage|p1b: Raichu|32/100\n|move|p1a: Aggron|Heavy Slam|p2b: Whimsicott\n|-supereffective|p2b: Whimsicott|1\n|-enditem|p2b: Whimsicott|Focus Sash\n|-damage|p2b: Whimsicott|1/100\n|\n|upkeep\n|turn|6\n|\n|t:|1776389518\n|switch|p1a: Sinistcha|Sinistcha, L50|83/100 brn\n|-heal|p1b: Raichu|57/100|[from] ability: Hospitality|[of] p1a: Sinistcha\n|move|p2b: Whimsicott|Tailwind|p2b: Whimsicott\n|-sidestart|p2: Liber Dragon|move: Tailwind\n|move|p2a: Sinistcha|Matcha Gotcha|p1a: Sinistcha|[spread] p1a,p1b\n|-resisted|p1a: Sinistcha|1\n|-damage|p1a: Sinistcha|72/100 brn\n|-damage|p1b: Raichu|21/100\n|move|p1b: Raichu|Volt Switch|p2b: Whimsicott\n|-resisted|p2b: Whimsicott|1\n|-damage|p2b: Whimsicott|0 fnt\n|faint|p2b: Whimsicott\n|\n|t:|1776389533\n|switch|p1b: Aggron|Aggron-Mega, L50, F|46/100|[from] Volt Switch\n|\n|-damage|p1a: Sinistcha|66/100 brn|[from] brn\n|upkeep\n|\n|t:|1776389542\n|switch|p2b: Sneasler|Sneasler, L50, M|100/100\n|turn|7\n|\n|t:|1776389558\n|switch|p2a: Gengar|Gengar, L50, F|100/100\n|move|p2b: Sneasler|Fake Out|p1b: Aggron\n|-resisted|p1b: Aggron|1\n|-damage|p1b: Aggron|42/100\n|cant|p1b: Aggron|flinch\n|move|p1a: Sinistcha|Trick Room|p1a: Sinistcha\n|-fieldstart|move: Trick Room|[of] p1a: Sinistcha\n|\n|-damage|p1a: Sinistcha|60/100 brn|[from] brn\n|upkeep\n|turn|8\n|\n|t:|1776389583\n|switch|p1b: Conkeldurr|Conkeldurr, L50, M|100/100\n|detailschange|p2a: Gengar|Gengar-Mega, L50, F\n|-mega|p2a: Gengar|Gengar|Gengarite\n|move|p2a: Gengar|Protect|p2a: Gengar\n|-singleturn|p2a: Gengar|Protect\n|move|p1a: Sinistcha|Matcha Gotcha|p2b: Sneasler|[spread] p2b\n|-activate|p2a: Gengar|move: Protect\n|-resisted|p2b: Sneasler|1\n|-damage|p2b: Sneasler|84/100\n|-heal|p1a: Sinistcha|67/100 brn|[from] drain|[of] p2b: Sneasler\n|move|p2b: Sneasler|Close Combat|p1b: Conkeldurr\n|-damage|p1b: Conkeldurr|44/100\n|-unboost|p2b: Sneasler|def|1\n|-unboost|p2b: Sneasler|spd|1\n|-enditem|p2b: Sneasler|White Herb\n|-clearnegativeboost|p2b: Sneasler|[silent]\n|\n|-damage|p1a: Sinistcha|61/100 brn|[from] brn\n|upkeep\n|turn|9\n|inactive|Liber Dragon has 30 seconds left.\n|inactive|Liber Dragon has 20 seconds left.\n|inactive|Liber Dragon has 15 seconds left.\n|\n|t:|1776389626\n|move|p2b: Sneasler|Protect|p2b: Sneasler\n|-singleturn|p2b: Sneasler|Protect\n|move|p1b: Conkeldurr|Knock Off|p2a: Gengar\n|-supereffective|p2a: Gengar|1\n|-damage|p2a: Gengar|19/100\n|move|p1a: Sinistcha|Life Dew|p1a: Sinistcha|[spread] p1a,p1b\n|-heal|p1a: Sinistcha|86/100 brn\n|-heal|p1b: Conkeldurr|69/100\n|move|p2a: Gengar|Disable|p1a: Sinistcha\n|-start|p1a: Sinistcha|Disable|Life Dew\n|\n|-damage|p1a: Sinistcha|80/100 brn|[from] brn\n|-sideend|p2: Liber Dragon|move: Tailwind\n|upkeep\n|turn|10\n|inactive|Kialometer has 30 seconds left.\n|\n|t:|1776389657\n|move|p2a: Gengar|Protect|p2a: Gengar\n|-singleturn|p2a: Gengar|Protect\n|move|p1a: Sinistcha|Rage Powder|p1a: Sinistcha\n|-singleturn|p1a: Sinistcha|move: Rage Powder\n|move|p1b: Conkeldurr|Drain Punch|p2b: Sneasler\n|-resisted|p2b: Sneasler|1\n|-damage|p2b: Sneasler|31/100\n|-heal|p1b: Conkeldurr|88/100|[from] drain|[of] p2b: Sneasler\n|move|p2b: Sneasler|Dire Claw|p1a: Sinistcha\n|-damage|p1a: Sinistcha|45/100 brn\n|-enditem|p1a: Sinistcha|Sitrus Berry|[eat]\n|-heal|p1a: Sinistcha|70/100 brn|[from] item: Sitrus Berry\n|\n|-damage|p1a: Sinistcha|63/100 brn|[from] brn\n|upkeep\n|turn|11\n|\n|t:|1776389676\n|switch|p2a: Sinistcha|Sinistcha, L50|100/100\n|-heal|p2b: Sneasler|56/100|[from] ability: Hospitality|[of] p2a: Sinistcha\n|move|p2b: Sneasler|Protect|p2b: Sneasler\n|-singleturn|p2b: Sneasler|Protect\n|move|p1a: Sinistcha|Rage Powder|p1a: Sinistcha\n|-singleturn|p1a: Sinistcha|move: Rage Powder\n|move|p1b: Conkeldurr|Knock Off|p2a: Sinistcha\n|-supereffective|p2a: Sinistcha|1\n|-damage|p2a: Sinistcha|45/100\n|-enditem|p2a: Sinistcha|Mental Herb|[from] move: Knock Off|[of] p1b: Conkeldurr\n|\n|-damage|p1a: Sinistcha|57/100 brn|[from] brn\n|-fieldend|move: Trick Room\n|upkeep\n|turn|12\n|\n|t:|1776389697\n|move|p2b: Sneasler|Dire Claw|p1a: Sinistcha\n|-damage|p1a: Sinistcha|17/100 brn\n|move|p2a: Sinistcha|Strength Sap|p1b: Conkeldurr\n|-unboost|p1b: Conkeldurr|atk|1\n|-heal|p2a: Sinistcha|100/100\n|move|p1b: Conkeldurr|Knock Off|p2b: Sneasler\n|-resisted|p2b: Sneasler|1\n|-damage|p2b: Sneasler|42/100\n|move|p1a: Sinistcha|Trick Room|p1a: Sinistcha\n|-fieldstart|move: Trick Room|[of] p1a: Sinistcha\n|\n|-damage|p1a: Sinistcha|11/100 brn|[from] brn\n|upkeep\n|turn|13\n|\n|t:|1776389713\n|move|p2b: Sneasler|Protect|p2b: Sneasler\n|-singleturn|p2b: Sneasler|Protect\n|move|p1b: Conkeldurr|Knock Off|p2a: Sinistcha\n|-supereffective|p2a: Sinistcha|1\n|-damage|p2a: Sinistcha|74/100\n|move|p1a: Sinistcha|Matcha Gotcha|p2a: Sinistcha|[spread] p2a\n|-activate|p2b: Sneasler|move: Protect\n|-resisted|p2a: Sinistcha|1\n|-damage|p2a: Sinistcha|59/100\n|-heal|p1a: Sinistcha|18/100 brn|[from] drain|[of] p2a: Sinistcha\n|move|p2a: Sinistcha|Trick Room|p2a: Sinistcha\n|-fieldend|move: Trick Room\n|\n|-damage|p1a: Sinistcha|12/100 brn|[from] brn\n|-end|p1a: Sinistcha|Disable\n|upkeep\n|turn|14\n|\n|t:|1776389734\n|move|p2b: Sneasler|Dire Claw|p1b: Conkeldurr\n|-damage|p1b: Conkeldurr|50/100\n|move|p2a: Sinistcha|Matcha Gotcha|p1a: Sinistcha|[spread] p1a,p1b\n|-resisted|p1a: Sinistcha|1\n|-crit|p1a: Sinistcha\n|-damage|p1a: Sinistcha|0 fnt\n|-heal|p2a: Sinistcha|65/100|[from] drain|[of] p1a: Sinistcha\n|-damage|p1b: Conkeldurr|20/100\n|-heal|p2a: Sinistcha|83/100|[from] drain|[of] p1b: Conkeldurr\n|faint|p1a: Sinistcha\n|move|p1b: Conkeldurr|Drain Punch|p2b: Sneasler\n|-resisted|p2b: Sneasler|1\n|-damage|p2b: Sneasler|5/100\n|-heal|p1b: Conkeldurr|34/100|[from] drain|[of] p2b: Sneasler\n|\n|upkeep\n|\n|t:|1776389743\n|switch|p1a: Raichu|Raichu, L50, F|21/100\n|turn|15\n|\n|t:|1776389759\n|switch|p1b: Aggron|Aggron-Mega, L50, F|42/100\n|move|p2b: Sneasler|Protect|p2b: Sneasler\n|-singleturn|p2b: Sneasler|Protect\n|move|p1a: Raichu|Volt Switch|p2a: Sinistcha\n|-resisted|p2a: Sinistcha|1\n|-damage|p2a: Sinistcha|65/100\n|\n|t:|1776389763\n|switch|p1a: Conkeldurr|Conkeldurr, L50, M|34/100|[from] Volt Switch\n|move|p2a: Sinistcha|Matcha Gotcha|p1a: Conkeldurr|[spread] p1a,p1b\n|-resisted|p1b: Aggron|1\n|-damage|p1a: Conkeldurr|5/100\n|-heal|p2a: Sinistcha|82/100|[from] drain|[of] p1a: Conkeldurr\n|-damage|p1b: Aggron|31/100\n|-heal|p2a: Sinistcha|88/100|[from] drain|[of] p1b: Aggron\n|\n|upkeep\n|turn|16\n|\n|t:|1776389784\n|move|p2a: Sinistcha|Rage Powder|p2a: Sinistcha\n|-singleturn|p2a: Sinistcha|move: Rage Powder\n|move|p1a: Conkeldurr|Mach Punch|p2a: Sinistcha\n|-immune|p2a: Sinistcha\n|move|p2b: Sneasler|Close Combat|p1b: Aggron\n|-supereffective|p1b: Aggron|1\n|-damage|p1b: Aggron|0 fnt\n|-unboost|p2b: Sneasler|def|1\n|-unboost|p2b: Sneasler|spd|1\n|faint|p1b: Aggron\n|\n|upkeep\n|\n|t:|1776389787\n|switch|p1b: Raichu|Raichu, L50, F|21/100\n|turn|17\n|\n|t:|1776389800\n|move|p2b: Sneasler|Protect|p2b: Sneasler\n|-singleturn|p2b: Sneasler|Protect\n|move|p1b: Raichu|Fake Out|p2b: Sneasler\n|-activate|p2b: Sneasler|move: Protect\n|move|p2a: Sinistcha|Matcha Gotcha|p1b: Raichu|[spread] p1a\n|-miss|p2a: Sinistcha|p1b: Raichu\n|-damage|p1a: Conkeldurr|0 fnt\n|-heal|p2a: Sinistcha|90/100|[from] drain|[of] p1a: Conkeldurr\n|faint|p1a: Conkeldurr\n|\n|upkeep\n|turn|18\n|-message|Kialometer forfeited.\n|\n|win|Liber Dragon\n|raw|Kialometer's rating: 1095 &rarr; <strong>1067</strong><br />(-28 for losing)\n|raw|Liber Dragon's rating: 1041 &rarr; <strong>1080</strong><br />(+39 for winning)\n|l|\u2606Kialometer\n|player|p1|\n",
  "uploadtime": 1776389817,
  "views": 16,
  "formatid": "gen9championsvgc2026regma",
  "rating": 1067,
  "private": 0,
  "password": null
}