{
  "id": "gen9championsvgc2026regma-2583139146",
  "format": "[Gen 9 Champions] VGC 2026 Reg M-A",
  "players": [
    "Prohxy",
    "SanaSana"
  ],
  "log": "|j|\u2606Prohxy\n|j|\u2606SanaSana\n|t:|1776146761\n|gametype|doubles\n|player|p1|Prohxy|lorelei-lgpe|1029\n|player|p2|SanaSana|1|1127\n|gen|9\n|tier|[Gen 9 Champions] VGC 2026 Reg M-A\n|rated|\n|rule|Species Clause: Limit one of each Pok\u00e9mon\n|rule|Item Clause: Limit 1 of each item\n|clearpoke\n|poke|p1|Alcremie, L50, F|\n|poke|p1|Sinistcha, L50|\n|poke|p1|Scizor, L50, M|\n|poke|p1|Politoed, L50, F|\n|poke|p1|Basculegion, L50, M|\n|poke|p1|Stunfisk, L50, M|\n|poke|p2|Sneasler, L50, M|\n|poke|p2|Garchomp, L50, M|\n|poke|p2|Tyranitar, L50, M|\n|poke|p2|Lycanroc, L50, F|\n|poke|p2|Vanilluxe, L50, M|\n|poke|p2|Rotom-Wash, L50|\n|teampreview|4\n|\n|t:|1776146811\n|teamsize|p1|4\n|teamsize|p2|4\n|start\n|switch|p1a: Politoed|Politoed, L50, F, shiny|100/100\n|switch|p1b: Sinistcha|Sinistcha, L50|100/100\n|switch|p2a: Tyranitar|Tyranitar, L50, M|100/100\n|switch|p2b: Lycanroc|Lycanroc, L50, F|100/100\n|-weather|Sandstorm|[from] ability: Sand Stream|[of] p2a: Tyranitar\n|-weather|RainDance|[from] ability: Drizzle|[of] p1a: Politoed\n|turn|1\n|inactive|Battle timer is ON: inactive players will automatically lose when time's up. (requested by SanaSana)\n|\n|t:|1776146835\n|detailschange|p2a: Tyranitar|Tyranitar-Mega, L50, M\n|-mega|p2a: Tyranitar|Tyranitar|Tyranitarite\n|-weather|Sandstorm|[from] ability: Sand Stream|[of] p2a: Tyranitar\n|move|p2b: Lycanroc|Rock Slide|p1b: Sinistcha|[spread] p1a,p1b\n|-damage|p1a: Politoed|75/100\n|-damage|p1b: Sinistcha|72/100\n|move|p2a: Tyranitar|Dragon Dance|p2a: Tyranitar\n|-boost|p2a: Tyranitar|atk|1\n|-boost|p2a: Tyranitar|spe|1\n|cant|p1b: Sinistcha|flinch\n|cant|p1a: Politoed|flinch\n|\n|-weather|Sandstorm|[upkeep]\n|-damage|p1b: Sinistcha|66/100|[from] Sandstorm\n|-damage|p1a: Politoed|69/100|[from] Sandstorm\n|upkeep\n|turn|2\n|\n|t:|1776146850\n|move|p2b: Lycanroc|Rock Slide|p1a: Politoed|[spread] p1b\n|-miss|p2b: Lycanroc|p1a: Politoed\n|-damage|p1b: Sinistcha|39/100\n|-enditem|p1b: Sinistcha|Sitrus Berry|[eat]\n|-heal|p1b: Sinistcha|63/100|[from] item: Sitrus Berry\n|move|p2a: Tyranitar|Rock Slide|p1a: Politoed|[spread] p1b\n|-miss|p2a: Tyranitar|p1a: Politoed\n|-damage|p1b: Sinistcha|12/100\n|move|p1b: Sinistcha|Strength Sap|p2a: Tyranitar\n|-unboost|p2a: Tyranitar|atk|1\n|-heal|p1b: Sinistcha|100/100\n|move|p1a: Politoed|Icy Wind|p2a: Tyranitar|[spread] p2a,p2b\n|-damage|p2a: Tyranitar|95/100\n|-damage|p2b: Lycanroc|92/100\n|-unboost|p2a: Tyranitar|spe|1\n|-unboost|p2b: Lycanroc|spe|1\n|\n|-weather|Sandstorm|[upkeep]\n|-damage|p1b: Sinistcha|94/100|[from] Sandstorm\n|-damage|p1a: Politoed|64/100|[from] Sandstorm\n|upkeep\n|turn|3\n|inactive|Prohxy has 30 seconds left.\n|\n|t:|1776146875\n|move|p2b: Lycanroc|Rock Slide|p1b: Sinistcha|[spread] p1a\n|-miss|p2b: Lycanroc|p1b: Sinistcha\n|-damage|p1a: Politoed|36/100\n|move|p2a: Tyranitar|Crunch|p1b: Sinistcha\n|-supereffective|p1b: Sinistcha|1\n|-damage|p1b: Sinistcha|0 fnt\n|faint|p1b: Sinistcha\n|move|p1a: Politoed|Icy Wind|p2a: Tyranitar|[spread] p2a,p2b\n|-damage|p2a: Tyranitar|90/100\n|-damage|p2b: Lycanroc|84/100\n|-unboost|p2a: Tyranitar|spe|1\n|-unboost|p2b: Lycanroc|spe|1\n|\n|-weather|Sandstorm|[upkeep]\n|-damage|p1a: Politoed|30/100|[from] Sandstorm\n|upkeep\n|\n|t:|1776146892\n|switch|p1b: Scizor|Scizor, L50, M, shiny|100/100\n|turn|4\n|\n|t:|1776146916\n|switch|p2a: Sneasler|Sneasler, L50, M|100/100\n|detailschange|p1b: Scizor|Scizor-Mega, L50, M, shiny\n|-mega|p1b: Scizor|Scizor|Scizorite\n|move|p2b: Lycanroc|Rock Slide|p1b: Scizor|[spread] p1a,p1b\n|-damage|p1a: Politoed|2/100\n|-damage|p1b: Scizor|77/100\n|move|p1b: Scizor|Close Combat|p2a: Sneasler\n|-resisted|p2a: Sneasler|1\n|-crit|p2a: Sneasler\n|-damage|p2a: Sneasler|40/100\n|-unboost|p1b: Scizor|def|1\n|-unboost|p1b: Scizor|spd|1\n|move|p1a: Politoed|Icy Wind|p2a: Sneasler|[spread] p2b\n|-miss|p1a: Politoed|p2a: Sneasler\n|-damage|p2b: Lycanroc|75/100\n|-unboost|p2b: Lycanroc|spe|1\n|\n|-weather|Sandstorm|[upkeep]\n|-damage|p2a: Sneasler|34/100|[from] Sandstorm\n|-damage|p1a: Politoed|0 fnt|[from] Sandstorm\n|faint|p1a: Politoed\n|upkeep\n|\n|t:|1776146935\n|switch|p1a: Basculegion|Basculegion, L50, M|100/100\n|turn|5\n|\n|t:|1776146958\n|switch|p2b: Vanilluxe|Vanilluxe, L50, M|100/100\n|-weather|Snowscape|[from] ability: Snow Warning|[of] p2b: Vanilluxe\n|move|p1b: Scizor|Bullet Punch|p2a: Sneasler\n|-damage|p2a: Sneasler|0 fnt\n|faint|p2a: Sneasler\n|move|p1a: Basculegion|Wave Crash|p2b: Vanilluxe\n|-damage|p2b: Vanilluxe|40/100\n|-damage|p1a: Basculegion|85/100|[from] Recoil\n|\n|-weather|Snowscape|[upkeep]\n|upkeep\n|\n|t:|1776146970\n|switch|p2a: Tyranitar|Tyranitar-Mega, L50, M|90/100\n|-weather|Sandstorm|[from] ability: Sand Stream|[of] p2a: Tyranitar\n|turn|6\n|inactive|Prohxy has 30 seconds left.\n|\n|t:|1776146997\n|move|p1b: Scizor|Bullet Punch|p2b: Vanilluxe\n|-supereffective|p2b: Vanilluxe|1\n|-damage|p2b: Vanilluxe|0 fnt\n|faint|p2b: Vanilluxe\n|move|p1a: Basculegion|Wave Crash|p2a: Tyranitar\n|-supereffective|p2a: Tyranitar|1\n|-damage|p2a: Tyranitar|0 fnt\n|faint|p2a: Tyranitar\n|-damage|p1a: Basculegion|58/100|[from] Recoil\n|\n|-weather|Sandstorm|[upkeep]\n|-damage|p1a: Basculegion|52/100|[from] Sandstorm\n|upkeep\n|\n|t:|1776147004\n|switch|p2b: Lycanroc|Lycanroc, L50, F|75/100\n|turn|7\n|\n|t:|1776147017\n|move|p1b: Scizor|Bullet Punch|p2b: Lycanroc\n|-supereffective|p2b: Lycanroc|1\n|-crit|p2b: Lycanroc\n|-damage|p2b: Lycanroc|0 fnt\n|faint|p2b: Lycanroc\n|\n|win|Prohxy\n|raw|Prohxy's rating: 1029 &rarr; <strong>1074</strong><br />(+45 for winning)\n|raw|SanaSana's rating: 1127 &rarr; <strong>1095</strong><br />(-32 for losing)\n",
  "uploadtime": 1776147024,
  "views": 23,
  "formatid": "gen9championsvgc2026regma",
  "rating": 1074,
  "private": 0,
  "password": null
}