{
  "id": "gen9championsvgc2026regma-2588632486",
  "format": "[Gen 9 Champions] VGC 2026 Reg M-A",
  "players": [
    "TheBaconPurge",
    "bobbadger82"
  ],
  "log": "|j|\u2606TheBaconPurge\n|j|\u2606bobbadger82\n|t:|1776652033\n|gametype|doubles\n|player|p1|TheBaconPurge|shadowtriad|1000\n|player|p2|bobbadger82|170|1079\n|gen|9\n|tier|[Gen 9 Champions] VGC 2026 Reg M-A\n|rated|\n|rule|Species Clause: Limit one of each Pok\u00e9mon\n|rule|Item Clause: Limit 1 of each item\n|clearpoke\n|poke|p1|Charizard, L50, M|\n|poke|p1|Alcremie-Lemon-Cream, L50, F, shiny|\n|poke|p1|Sinistcha, L50|\n|poke|p1|Tauros-Paldea-Aqua, L50, M|\n|poke|p1|Corviknight, L50, F|\n|poke|p1|Kangaskhan, L50, F|\n|poke|p2|Dragapult, L50, M|\n|poke|p2|Noivern, L50, M|\n|poke|p2|Dragonite, L50, F|\n|poke|p2|Garchomp, L50, F|\n|poke|p2|Archaludon, L50, M|\n|poke|p2|Hydreigon, L50, M|\n|teampreview|4\n|inactive|Battle timer is ON: inactive players will automatically lose when time's up. (requested by bobbadger82)\n|\n|t:|1776652056\n|teamsize|p1|4\n|teamsize|p2|4\n|start\n|switch|p1a: Corviknight|Corviknight, L50, F|100/100\n|switch|p1b: Sinistcha|Sinistcha, L50|100/100\n|switch|p2a: Noivern|Noivern, L50, M|100/100\n|switch|p2b: Dragapult|Dragapult, L50, M|100/100\n|-item|p1a: Corviknight|Leftovers|[from] ability: Frisk|[of] p2a: Noivern\n|-item|p1b: Sinistcha|Sitrus Berry|[from] ability: Frisk|[of] p2a: Noivern\n|turn|1\n|\n|t:|1776652071\n|move|p1b: Sinistcha|Rage Powder|p1b: Sinistcha\n|-singleturn|p1b: Sinistcha|move: Rage Powder\n|move|p2b: Dragapult|Reflect|p2b: Dragapult\n|-sidestart|p2: bobbadger82|Reflect\n|move|p2a: Noivern|Taunt|p1b: Sinistcha\n|-start|p1b: Sinistcha|move: Taunt\n|move|p1a: Corviknight|Tailwind|p1a: Corviknight\n|-sidestart|p1: TheBaconPurge|move: Tailwind\n|\n|upkeep\n|turn|2\n|\n|t:|1776652092\n|move|p2b: Dragapult|Light Screen|p2b: Dragapult\n|-sidestart|p2: bobbadger82|move: Light Screen\n|move|p1a: Corviknight|Iron Defense|p1a: Corviknight\n|-boost|p1a: Corviknight|def|2\n|move|p2a: Noivern|Tailwind|p2a: Noivern\n|-sidestart|p2: bobbadger82|move: Tailwind\n|move|p1b: Sinistcha|Matcha Gotcha|p2a: Noivern|[spread] p2b\n|-miss|p1b: Sinistcha|p2a: Noivern\n|-resisted|p2b: Dragapult|1\n|-damage|p2b: Dragapult|90/100\n|\n|upkeep\n|turn|3\n|\n|t:|1776652106\n|switch|p1b: Alcremie|Alcremie-Lemon-Cream, L50, F, shiny|100/100\n|move|p1a: Corviknight|Protect|p1a: Corviknight\n|-singleturn|p1a: Corviknight|Protect\n|move|p2b: Dragapult|Phantom Force||[still]\n|-prepare|p2b: Dragapult|Phantom Force\n|move|p2a: Noivern|Super Fang|p1a: Corviknight\n|-activate|p1a: Corviknight|move: Protect\n|\n|upkeep\n|turn|4\n|\n|t:|1776652126\n|move|p1b: Alcremie|Protect|p1b: Alcremie\n|-singleturn|p1b: Alcremie|Protect\n|move|p2b: Dragapult|Phantom Force|p1b: Alcremie|[from] lockedmove\n|-activate|p1b: Alcremie|move: Phantom Force|[broken]\n|-damage|p1b: Alcremie|53/100\n|move|p2a: Noivern|Taunt|p1b: Alcremie\n|-block|p1b: Alcremie|ability: Aroma Veil|[of] p1b: Alcremie\n|move|p1a: Corviknight|Body Press|p2a: Noivern\n|-resisted|p2a: Noivern|1\n|-damage|p2a: Noivern|85/100\n|\n|-sideend|p1: TheBaconPurge|move: Tailwind\n|upkeep\n|turn|5\n|\n|t:|1776652142\n|switch|p1a: Charizard|Charizard, L50, M|100/100\n|move|p2b: Dragapult|Phantom Force||[still]\n|-prepare|p2b: Dragapult|Phantom Force\n|move|p2a: Noivern|Super Fang|p1a: Charizard\n|-damage|p1a: Charizard|50/100\n|move|p1b: Alcremie|Decorate|p1a: Charizard\n|-boost|p1a: Charizard|atk|2\n|-boost|p1a: Charizard|spa|2\n|\n|-sideend|p2: bobbadger82|Reflect\n|-sideend|p2: bobbadger82|move: Tailwind\n|upkeep\n|turn|6\n|\n|t:|1776652163\n|switch|p1b: Corviknight|Corviknight, L50, F|100/100\n|detailschange|p1a: Charizard|Charizard-Mega-X, L50, M\n|-mega|p1a: Charizard|Charizard|Charizardite X\n|move|p2b: Dragapult|Phantom Force|p1b: Corviknight|[from] lockedmove\n|-damage|p1b: Corviknight|74/100\n|move|p2a: Noivern|Tailwind|p2a: Noivern\n|-sidestart|p2: bobbadger82|move: Tailwind\n|move|p1a: Charizard|Dragon Dance|p1a: Charizard\n|-boost|p1a: Charizard|atk|1\n|-boost|p1a: Charizard|spe|1\n|\n|-heal|p1b: Corviknight|80/100|[from] item: Leftovers\n|-sideend|p2: bobbadger82|move: Light Screen\n|upkeep\n|turn|7\n|\n|t:|1776652183\n|move|p1a: Charizard|Protect|p1a: Charizard\n|-singleturn|p1a: Charizard|Protect\n|move|p2b: Dragapult|Phantom Force||[still]\n|-prepare|p2b: Dragapult|Phantom Force\n|move|p2a: Noivern|Taunt|p1a: Charizard\n|-activate|p1a: Charizard|move: Protect\n|move|p1b: Corviknight|Tailwind|p1b: Corviknight\n|-sidestart|p1: TheBaconPurge|move: Tailwind\n|\n|-heal|p1b: Corviknight|85/100|[from] item: Leftovers\n|upkeep\n|turn|8\n|\n|t:|1776652202\n|switch|p1b: Sinistcha|Sinistcha, L50|100/100\n|-heal|p1a: Charizard|75/100|[from] ability: Hospitality|[of] p1b: Sinistcha\n|move|p2b: Dragapult|Phantom Force|p1a: Charizard|[from] lockedmove\n|-damage|p1a: Charizard|43/100\n|move|p1a: Charizard|Dragon Claw|p2a: Noivern\n|-supereffective|p2a: Noivern|1\n|-damage|p2a: Noivern|0 fnt\n|faint|p2a: Noivern\n|\n|upkeep\n|\n|t:|1776652212\n|switch|p2a: Garchomp|Garchomp, L50, F|100/100\n|turn|9\n|\n|t:|1776652222\n|move|p1b: Sinistcha|Rage Powder|p1b: Sinistcha\n|-singleturn|p1b: Sinistcha|move: Rage Powder\n|move|p2b: Dragapult|Phantom Force||[still]\n|-prepare|p2b: Dragapult|Phantom Force\n|move|p1a: Charizard|Dragon Claw|p2a: Garchomp\n|-supereffective|p2a: Garchomp|1\n|-damage|p2a: Garchomp|0 fnt\n|-damage|p1a: Charizard|30/100|[from] ability: Rough Skin|[of] p2a: Garchomp\n|faint|p2a: Garchomp\n|\n|-sideend|p2: bobbadger82|move: Tailwind\n|upkeep\n|\n|t:|1776652231\n|switch|p2a: Archaludon|Archaludon, L50, M|100/100\n|turn|10\n|\n|t:|1776652238\n|move|p1a: Charizard|Protect|p1a: Charizard\n|-singleturn|p1a: Charizard|Protect\n|move|p2a: Archaludon|Protect|p2a: Archaludon\n|-singleturn|p2a: Archaludon|Protect\n|move|p2b: Dragapult|Phantom Force|p1b: Sinistcha|[from] lockedmove\n|-supereffective|p1b: Sinistcha|1\n|-damage|p1b: Sinistcha|35/100\n|-enditem|p1b: Sinistcha|Sitrus Berry|[eat]\n|-heal|p1b: Sinistcha|60/100|[from] item: Sitrus Berry\n|move|p1b: Sinistcha|Life Dew|p1b: Sinistcha|[spread] p1a,p1b\n|-heal|p1a: Charizard|56/100\n|-heal|p1b: Sinistcha|85/100\n|\n|-sideend|p1: TheBaconPurge|move: Tailwind\n|upkeep\n|turn|11\n|\n|t:|1776652261\n|move|p1b: Sinistcha|Rage Powder|p1b: Sinistcha\n|-singleturn|p1b: Sinistcha|move: Rage Powder\n|move|p2b: Dragapult|Reflect|p2b: Dragapult\n|-sidestart|p2: bobbadger82|Reflect\n|move|p1a: Charizard|Dragon Claw|p2b: Dragapult\n|-supereffective|p2b: Dragapult|1\n|-damage|p2b: Dragapult|0 fnt\n|faint|p2b: Dragapult\n|move|p2a: Archaludon|Draco Meteor|p1b: Sinistcha\n|-damage|p1b: Sinistcha|12/100\n|-unboost|p2a: Archaludon|spa|2\n|\n|upkeep\n|turn|12\n|\n|t:|1776652280\n|move|p1a: Charizard|Flare Blitz|p2a: Archaludon\n|-damage|p2a: Archaludon|0 fnt\n|faint|p2a: Archaludon\n|-damage|p1a: Charizard|21/100|[from] Recoil\n|\n|win|TheBaconPurge\n|raw|TheBaconPurge's rating: 1000 &rarr; <strong>1049</strong><br />(+49 for winning)\n|raw|bobbadger82's rating: 1079 &rarr; <strong>1052</strong><br />(-27 for losing)\n|l|\u2606bobbadger82\n|player|p2|\n",
  "uploadtime": 1776652287,
  "views": 2,
  "formatid": "gen9championsvgc2026regma",
  "rating": 1049,
  "private": 0,
  "password": null
}