{
  "id": "gen9championsvgc2026regma-2584107156",
  "format": "[Gen 9 Champions] VGC 2026 Reg M-A",
  "players": [
    "askeru",
    "Kitsune.Post"
  ],
  "log": "|j|\u2606askeru\n|j|\u2606Kitsune.Post\n|t:|1776225881\n|gametype|doubles\n|player|p1|askeru|aromalady|1104\n|player|p2|Kitsune.Post|medium|1140\n|gen|9\n|tier|[Gen 9 Champions] VGC 2026 Reg M-A\n|rated|\n|rule|Species Clause: Limit one of each Pok\u00e9mon\n|rule|Item Clause: Limit 1 of each item\n|clearpoke\n|poke|p1|Gengar, L50, M|\n|poke|p1|Umbreon, L50, M|\n|poke|p1|Arcanine, L50, F|\n|poke|p1|Politoed, L50, F|\n|poke|p1|Sneasler, L50, M|\n|poke|p1|Sinistcha, L50|\n|poke|p2|Delphox, L50, M|\n|poke|p2|Garchomp, L50, F|\n|poke|p2|Maushold-Four, L50|\n|poke|p2|Kingambit, L50, F|\n|poke|p2|Greninja-*, L50, M|\n|poke|p2|Whimsicott, L50, F|\n|teampreview|4\n|inactive|Battle timer is ON: inactive players will automatically lose when time's up. (requested by Kitsune.Post)\n|\n|t:|1776225926\n|teamsize|p1|4\n|teamsize|p2|4\n|start\n|switch|p1a: Sneasler|Sneasler, L50, M|100/100\n|switch|p1b: Umbreon|Umbreon, L50, M|100/100\n|switch|p2a: Garchomp|Garchomp, L50, F|100/100\n|switch|p2b: Kingambit|Kingambit, L50, F|100/100\n|turn|1\n|inactive|askeru has 30 seconds left.\n|inactive|Kitsune.Post has 30 seconds left.\n|inactive|askeru has 20 seconds left.\n|inactive|askeru has 15 seconds left.\n|\n|t:|1776225971\n|move|p1a: Sneasler|Fake Out|p2a: Garchomp\n|-damage|p2a: Garchomp|85/100\n|-damage|p1a: Sneasler|88/100|[from] ability: Rough Skin|[of] p2a: Garchomp\n|move|p2b: Kingambit|Sucker Punch||[still]\n|-fail|p2b: Kingambit\n|cant|p2a: Garchomp|flinch\n|move|p1b: Umbreon|Yawn|p2a: Garchomp\n|-start|p2a: Garchomp|move: Yawn|[of] p1b: Umbreon\n|\n|upkeep\n|turn|2\n|inactive|askeru has 30 seconds left.\n|inactive|askeru has 20 seconds left.\n|inactive|askeru has 15 seconds left.\n|inactive|askeru has 10 seconds left.\n|inactive|askeru has 5 seconds left.\n|\n|t:|1776226024\n|switch|p2a: Greninja|Greninja, L50, M|100/100\n|switch|p1a: Gengar|Gengar, L50, M|100/100\n|move|p1b: Umbreon|Yawn|p2b: Kingambit\n|-start|p2b: Kingambit|move: Yawn|[of] p1b: Umbreon\n|move|p2b: Kingambit|Swords Dance|p2b: Kingambit\n|-boost|p2b: Kingambit|atk|2\n|\n|upkeep\n|turn|3\n|inactive|askeru has 30 seconds left.\n|inactive|Kitsune.Post has 30 seconds left.\n|inactive|askeru has 20 seconds left.\n|inactive|askeru has 15 seconds left.\n|inactive|askeru has 10 seconds left.\n|inactive|askeru has 5 seconds left.\n|\n|t:|1776226078\n|switch|p2b: Garchomp|Garchomp, L50, F|85/100\n|detailschange|p1a: Gengar|Gengar-Mega, L50, M\n|-mega|p1a: Gengar|Gengar|Gengarite\n|move|p1a: Gengar|Protect|p1a: Gengar\n|-singleturn|p1a: Gengar|Protect\n|move|p2a: Greninja|Rock Slide|p1b: Umbreon|[spread] p1b\n|-start|p2a: Greninja|typechange|Rock|[from] ability: Protean\n|-activate|p1a: Gengar|move: Protect\n|-damage|p1b: Umbreon|81/100\n|move|p1b: Umbreon|Yawn|p2a: Greninja\n|-start|p2a: Greninja|move: Yawn|[of] p1b: Umbreon\n|\n|-heal|p1b: Umbreon|87/100|[from] item: Leftovers\n|upkeep\n|turn|4\n|inactive|askeru has 30 seconds left.\n|inactive|Kitsune.Post has 30 seconds left.\n|inactive|askeru has 20 seconds left.\n|inactive|askeru has 15 seconds left.\n|\n|t:|1776226119\n|detailschange|p2a: Greninja|Greninja-Mega, L50, M\n|-mega|p2a: Greninja|Greninja|Greninjite\n|move|p2b: Garchomp|Earthquake|p1a: Gengar|[spread] p2a,p1a,p1b\n|-supereffective|p1a: Gengar|1\n|-damage|p2a: Greninja|39/100\n|-damage|p1a: Gengar|1/100\n|-damage|p1b: Umbreon|54/100\n|move|p2a: Greninja|Rock Slide|p1a: Gengar|[spread] p1a,p1b\n|-start|p2a: Greninja|typechange|Rock|[from] ability: Protean\n|-damage|p1a: Gengar|0 fnt\n|-damage|p1b: Umbreon|33/100\n|faint|p1a: Gengar\n|move|p1b: Umbreon|Yawn|p2b: Garchomp\n|-start|p2b: Garchomp|move: Yawn|[of] p1b: Umbreon\n|\n|-heal|p1b: Umbreon|39/100|[from] item: Leftovers\n|-end|p2a: Greninja|move: Yawn|[silent]\n|-status|p2a: Greninja|slp\n|upkeep\n|\n|t:|1776226136\n|switch|p1a: Sinistcha|Sinistcha, L50|100/100\n|-heal|p1b: Umbreon|64/100|[from] ability: Hospitality|[of] p1a: Sinistcha\n|turn|5\n|\n|t:|1776226160\n|switch|p2a: Delphox|Delphox, L50, M|100/100\n|move|p2b: Garchomp|Earthquake|p1a: Sinistcha|[spread] p2a,p1a,p1b\n|-supereffective|p2a: Delphox|1\n|-resisted|p1a: Sinistcha|1\n|-damage|p2a: Delphox|0 fnt\n|-damage|p1a: Sinistcha|82/100\n|-damage|p1b: Umbreon|29/100\n|faint|p2a: Delphox\n|move|p1b: Umbreon|Moonlight|p1b: Umbreon\n|-heal|p1b: Umbreon|79/100\n|move|p1a: Sinistcha|Trick Room|p1a: Sinistcha\n|-fieldstart|move: Trick Room|[of] p1a: Sinistcha\n|\n|-heal|p1b: Umbreon|85/100|[from] item: Leftovers\n|-end|p2b: Garchomp|move: Yawn|[silent]\n|-status|p2b: Garchomp|slp\n|upkeep\n|\n|t:|1776226169\n|switch|p2a: Kingambit|Kingambit, L50, F|100/100\n|turn|6\n|inactive|askeru has 30 seconds left.\n|\n|t:|1776226199\n|switch|p1a: Sneasler|Sneasler, L50, M|88/100\n|move|p2a: Kingambit|Kowtow Cleave|p1a: Sneasler\n|-resisted|p1a: Sneasler|1\n|-damage|p1a: Sneasler|47/100\n|move|p1b: Umbreon|Yawn|p2a: Kingambit\n|-start|p2a: Kingambit|move: Yawn|[of] p1b: Umbreon\n|cant|p2b: Garchomp|slp\n|\n|-heal|p1b: Umbreon|91/100|[from] item: Leftovers\n|upkeep\n|turn|7\n|inactive|askeru has 30 seconds left.\n|\n|t:|1776226233\n|switch|p2a: Greninja|Greninja-Mega, L50, M|39/100 slp\n|switch|p1b: Sinistcha|Sinistcha, L50|82/100\n|-heal|p1a: Sneasler|72/100|[from] ability: Hospitality|[of] p1b: Sinistcha\n|move|p1a: Sneasler|Fake Out|p2a: Greninja\n|-damage|p2a: Greninja|17/100 slp\n|cant|p2b: Garchomp|slp\n|\n|upkeep\n|turn|8\n|inactive|askeru has 30 seconds left.\n|\n|t:|1776226261\n|cant|p2a: Greninja|slp\n|move|p1b: Sinistcha|Matcha Gotcha|p2a: Greninja|[spread] p2a,p2b\n|-supereffective|p2a: Greninja|1\n|-damage|p2a: Greninja|0 fnt\n|-heal|p1b: Sinistcha|89/100|[from] drain|[of] p2a: Greninja\n|-damage|p2b: Garchomp|58/100 slp\n|-heal|p1b: Sinistcha|100/100|[from] drain|[of] p2b: Garchomp\n|faint|p2a: Greninja\n|move|p1a: Sneasler|Close Combat|p2b: Garchomp\n|-damage|p2b: Garchomp|0 fnt\n|-unboost|p1a: Sneasler|def|1\n|-unboost|p1a: Sneasler|spd|1\n|-damage|p1a: Sneasler|59/100|[from] ability: Rough Skin|[of] p2b: Garchomp\n|faint|p2b: Garchomp\n|-enditem|p1a: Sneasler|White Herb\n|-clearnegativeboost|p1a: Sneasler|[silent]\n|\n|upkeep\n|\n|t:|1776226281\n|switch|p2b: Kingambit|Kingambit, L50, F|100/100\n|turn|9\n|-message|Kitsune.Post forfeited.\n|\n|win|askeru\n|raw|askeru's rating: 1104 &rarr; <strong>1132</strong><br />(+28 for winning)\n|raw|Kitsune.Post's rating: 1140 &rarr; <strong>1112</strong><br />(-28 for losing)\n|l|\u2606Kitsune.Post\n|player|p2|\n|c|\u2606askeru|gg\n",
  "uploadtime": 1776226308,
  "views": 18,
  "formatid": "gen9championsvgc2026regma",
  "rating": 1112,
  "private": 0,
  "password": null
}