{
  "id": "gen9championsvgc2026regma-2586692556",
  "format": "[Gen 9 Champions] VGC 2026 Reg M-A",
  "players": [
    "Penguas",
    "notthea"
  ],
  "log": "|j|\u2606Penguas\n|j|\u2606notthea\n|t:|1776452616\n|gametype|doubles\n|player|p1|Penguas|169|1126\n|player|p2|notthea|102|1113\n|gen|9\n|tier|[Gen 9 Champions] VGC 2026 Reg M-A\n|rated|\n|rule|Species Clause: Limit one of each Pok\u00e9mon\n|rule|Item Clause: Limit 1 of each item\n|clearpoke\n|poke|p1|Politoed, L50, M|\n|poke|p1|Blastoise, L50, F|\n|poke|p1|Garchomp, L50, F|\n|poke|p1|Archaludon, L50, F|\n|poke|p1|Kingambit, L50, F|\n|poke|p1|Sinistcha, L50|\n|poke|p2|Archaludon, L50, M|\n|poke|p2|Sylveon, L50, F|\n|poke|p2|Aerodactyl, L50, M|\n|poke|p2|Froslass, L50, F|\n|poke|p2|Typhlosion-Hisui, L50, M|\n|poke|p2|Hawlucha, L50, F|\n|teampreview|4\nnotthea has agreed to open team sheets.\n|inactive|Battle timer is ON: inactive players will automatically lose when time's up. (requested by Penguas)\n|\n|t:|1776452674\n|teamsize|p1|4\n|teamsize|p2|4\n|start\n|switch|p1a: Politoed|Politoed, L50, M|100/100\n|switch|p1b: Blastoise|Blastoise, L50, F|100/100\n|switch|p2a: Froslass|Froslass, L50, F|100/100\n|switch|p2b: Aerodactyl|Aerodactyl, L50, M|100/100\n|-ability|p2b: Aerodactyl|Unnerve\n|-weather|RainDance|[from] ability: Drizzle|[of] p1a: Politoed\n|turn|1\n|\n|t:|1776452687\n|detailschange|p2a: Froslass|Froslass-Mega, L50, F\n|-mega|p2a: Froslass|Froslass|Froslassite\n|-weather|Snowscape|[from] ability: Snow Warning|[of] p2a: Froslass\n|detailschange|p1b: Blastoise|Blastoise-Mega, L50, F\n|-mega|p1b: Blastoise|Blastoise|Blastoisinite\n|move|p2b: Aerodactyl|Tailwind|p2b: Aerodactyl\n|-sidestart|p2: notthea|move: Tailwind\n|move|p2a: Froslass|Aurora Veil|p2a: Froslass\n|-sidestart|p2: notthea|move: Aurora Veil\n|move|p1b: Blastoise|Shell Smash|p1b: Blastoise\n|-unboost|p1b: Blastoise|def|1\n|-unboost|p1b: Blastoise|spd|1\n|-boost|p1b: Blastoise|atk|2\n|-boost|p1b: Blastoise|spa|2\n|-boost|p1b: Blastoise|spe|2\n|move|p1a: Politoed|Muddy Water|p2a: Froslass|[spread] p2a,p2b\n|-supereffective|p2b: Aerodactyl|1\n|-damage|p2a: Froslass|85/100\n|-damage|p2b: Aerodactyl|59/100\n|\n|-weather|Snowscape|[upkeep]\n|upkeep\n|turn|2\n|inactive|Penguas has 30 seconds left.\n|inactive|notthea has 30 seconds left.\n|\n|t:|1776452715\n|switch|p1b: Archaludon|Archaludon, L50, F|100/100\n|move|p2b: Aerodactyl|Rock Slide|p1a: Politoed|[spread] p1a,p1b\n|-resisted|p1b: Archaludon|1\n|-damage|p1a: Politoed|70/100\n|-damage|p1b: Archaludon|89/100\n|move|p2a: Froslass|Shadow Ball|p1b: Archaludon\n|-damage|p1b: Archaludon|20/100\n|move|p1a: Politoed|Muddy Water|p2b: Aerodactyl|[spread] p2a,p2b\n|-supereffective|p2b: Aerodactyl|1\n|-damage|p2a: Froslass|66/100\n|-damage|p2b: Aerodactyl|17/100\n|\n|-weather|Snowscape|[upkeep]\n|upkeep\n|turn|3\n|inactive|notthea has 30 seconds left.\n|inactive|notthea has 20 seconds left.\n|inactive|notthea has 15 seconds left.\n|\n|t:|1776452757\n|move|p2b: Aerodactyl|Protect|p2b: Aerodactyl\n|-singleturn|p2b: Aerodactyl|Protect\n|move|p1b: Archaludon|Protect|p1b: Archaludon\n|-singleturn|p1b: Archaludon|Protect\n|move|p2a: Froslass|Blizzard|p1b: Archaludon|[spread] p1a\n|-activate|p1b: Archaludon|move: Protect\n|-resisted|p1a: Politoed|1\n|-damage|p1a: Politoed|54/100\n|move|p1a: Politoed|Muddy Water|p2b: Aerodactyl|[spread] \n|-activate|p2b: Aerodactyl|move: Protect\n|-miss|p1a: Politoed|p2a: Froslass\n|\n|-weather|Snowscape|[upkeep]\n|upkeep\n|turn|4\n|\n|t:|1776452774\n|switch|p2b: Sylveon|Sylveon, L50, F|100/100\n|move|p2a: Froslass|Blizzard|p1b: Archaludon|[spread] p1a,p1b\n|-resisted|p1a: Politoed|1\n|-damage|p1a: Politoed|39/100\n|-damage|p1b: Archaludon|0 fnt\n|-enditem|p1a: Politoed|Sitrus Berry|[eat]\n|-heal|p1a: Politoed|64/100|[from] item: Sitrus Berry\n|faint|p1b: Archaludon\n|move|p1a: Politoed|Muddy Water|p2b: Sylveon|[spread] p2a,p2b\n|-damage|p2a: Froslass|48/100\n|-damage|p2b: Sylveon|91/100\n|-unboost|p2a: Froslass|accuracy|1\n|\n|-weather|Snowscape|[upkeep]\n|-sideend|p2: notthea|move: Tailwind\n|upkeep\n|\n|t:|1776452787\n|switch|p1b: Kingambit|Kingambit, L50, F|100/100\n|turn|5\n|\n|t:|1776452798\n|move|p2a: Froslass|Protect|p2a: Froslass\n|-singleturn|p2a: Froslass|Protect\n|move|p1a: Politoed|Muddy Water|p2b: Sylveon|[spread] p2b\n|-activate|p2a: Froslass|move: Protect\n|-damage|p2b: Sylveon|80/100\n|-unboost|p2b: Sylveon|accuracy|1\n|move|p2b: Sylveon|Hyper Voice|p1b: Kingambit|[spread] p1a,p1b\n|-crit|p1a: Politoed\n|-damage|p1a: Politoed|18/100\n|-damage|p1b: Kingambit|57/100\n|move|p1b: Kingambit|Kowtow Cleave|p2a: Froslass\n|-activate|p2a: Froslass|move: Protect\n|\n|-weather|none\n|-sideend|p2: notthea|move: Aurora Veil\n|upkeep\n|turn|6\n|\n|t:|1776452816\n|switch|p2a: Archaludon|Archaludon, L50, M|100/100\n|move|p1a: Politoed|Muddy Water|p2b: Sylveon|[spread] p2b\n|-miss|p1a: Politoed|p2a: Archaludon\n|-damage|p2b: Sylveon|64/100\n|move|p2b: Sylveon|Hyper Voice|p1a: Politoed|[spread] p1a,p1b\n|-damage|p1a: Politoed|0 fnt\n|-damage|p1b: Kingambit|14/100\n|faint|p1a: Politoed\n|move|p1b: Kingambit|Kowtow Cleave|p2a: Archaludon\n|-damage|p2a: Archaludon|56/100\n|-ability|p2a: Archaludon|Stamina|boost\n|-boost|p2a: Archaludon|def|1\n|\n|-heal|p2a: Archaludon|62/100|[from] item: Leftovers\n|upkeep\n|\n|t:|1776452819\n|switch|p1a: Blastoise|Blastoise-Mega, L50, F|100/100\n|turn|7\n|\n|t:|1776452831\n|move|p2a: Archaludon|Electro Shot||[still]\n|-prepare|p2a: Archaludon|Electro Shot\n|-boost|p2a: Archaludon|spa|1\n|move|p1a: Blastoise|Shell Smash|p1a: Blastoise\n|-unboost|p1a: Blastoise|def|1\n|-unboost|p1a: Blastoise|spd|1\n|-boost|p1a: Blastoise|atk|2\n|-boost|p1a: Blastoise|spa|2\n|-boost|p1a: Blastoise|spe|2\n|move|p2b: Sylveon|Hyper Voice|p1a: Blastoise|[spread] p1a,p1b\n|-crit|p1a: Blastoise\n|-damage|p1a: Blastoise|15/100\n|-damage|p1b: Kingambit|0 fnt\n|faint|p1b: Kingambit\n|\n|-heal|p2a: Archaludon|68/100|[from] item: Leftovers\n|upkeep\n|turn|8\n|\n|t:|1776452853\n|move|p1a: Blastoise|Aura Sphere|p2a: Archaludon\n|-supereffective|p2a: Archaludon|1\n|-damage|p2a: Archaludon|0 fnt\n|faint|p2a: Archaludon\n|move|p2b: Sylveon|Hyper Voice|p1a: Blastoise\n|-damage|p1a: Blastoise|0 fnt\n|faint|p1a: Blastoise\n|\n|win|notthea\n|raw|Penguas's rating: 1126 &rarr; <strong>1100</strong><br />(-26 for losing)\n|raw|notthea's rating: 1113 &rarr; <strong>1139</strong><br />(+26 for winning)\n",
  "uploadtime": 1776452862,
  "views": 30,
  "formatid": "gen9championsvgc2026regma",
  "rating": 1100,
  "private": 0,
  "password": null
}