{
  "id": "gen9championsvgc2026regma-2585936150",
  "format": "[Gen 9 Champions] VGC 2026 Reg M-A",
  "players": [
    "glacierdoop",
    "cacamuerta"
  ],
  "log": "|j|\u2606glacierdoop\n|j|\u2606cacamuerta\n|t:|1776383008\n|gametype|doubles\n|player|p1|glacierdoop|1|1181\n|player|p2|cacamuerta|265|1250\n|gen|9\n|tier|[Gen 9 Champions] VGC 2026 Reg M-A\n|rated|\n|rule|Species Clause: Limit one of each Pok\u00e9mon\n|rule|Item Clause: Limit 1 of each item\n|clearpoke\n|poke|p1|Crabominable, L50, M|\n|poke|p1|Abomasnow, L50, F|\n|poke|p1|Farigiraf, L50, M|\n|poke|p1|Incineroar, L50, M|\n|poke|p1|Kingambit, L50, F|\n|poke|p1|Oranguru, L50, M|\n|poke|p2|Starmie, L50|\n|poke|p2|Sneasler, L50, M|\n|poke|p2|Aegislash, L50, F|\n|poke|p2|Pelipper, L50, M|\n|poke|p2|Archaludon, L50, M|\n|poke|p2|Luxray, L50, M|\n|teampreview|4\n|inactive|Battle timer is ON: inactive players will automatically lose when time's up. (requested by glacierdoop)\n|inactive|cacamuerta has 60 seconds left.\n|\n|t:|1776383054\n|teamsize|p1|4\n|teamsize|p2|4\n|start\n|switch|p1a: Farigiraf|Farigiraf, L50, M|100/100\n|switch|p1b: Incineroar|Incineroar, L50, M|100/100\n|switch|p2a: Pelipper|Pelipper, L50, M|100/100\n|switch|p2b: Luxray|Luxray, L50, M|100/100\n|-ability|p2b: Luxray|Intimidate|boost\n|-unboost|p1a: Farigiraf|atk|1\n|-unboost|p1b: Incineroar|atk|1\n|-weather|RainDance|[from] ability: Drizzle|[of] p2a: Pelipper\n|-ability|p1b: Incineroar|Intimidate|boost\n|-unboost|p2a: Pelipper|atk|1\n|-unboost|p2b: Luxray|atk|1\n|turn|1\n|\n|t:|1776383075\n|move|p2b: Luxray|Crunch|p1a: Farigiraf\n|-supereffective|p1a: Farigiraf|1\n|-damage|p1a: Farigiraf|71/100\n|-unboost|p1a: Farigiraf|def|1\n|move|p2a: Pelipper|Muddy Water|p1a: Farigiraf|[spread] p1a,p1b\n|-supereffective|p1b: Incineroar|1\n|-damage|p1a: Farigiraf|23/100\n|-damage|p1b: Incineroar|17/100\n|-unboost|p1b: Incineroar|accuracy|1\n|-enditem|p1b: Incineroar|Sitrus Berry|[eat]\n|-heal|p1b: Incineroar|42/100|[from] item: Sitrus Berry\n|move|p1b: Incineroar|Parting Shot|p2a: Pelipper\n|-unboost|p2a: Pelipper|atk|1\n|-unboost|p2a: Pelipper|spa|1\n|\n|t:|1776383086\n|switch|p1b: Abomasnow|Abomasnow, L50, F|100/100|[from] Parting Shot\n|-weather|Snowscape|[from] ability: Snow Warning|[of] p1b: Abomasnow\n|move|p1a: Farigiraf|Trick Room|p1a: Farigiraf\n|-fieldstart|move: Trick Room|[of] p1a: Farigiraf\n|\n|-weather|Snowscape|[upkeep]\n|upkeep\n|turn|2\n|inactive|cacamuerta has 30 seconds left.\n|inactive|cacamuerta has 20 seconds left.\n|inactive|cacamuerta has 15 seconds left.\n|\n|t:|1776383127\n|switch|p1a: Crabominable|Crabominable, L50, M|100/100\n|switch|p2a: Aegislash|Aegislash, L50, F|100/100\n|move|p1b: Abomasnow|Frost Breath|p1a: Crabominable\n|-resisted|p1a: Crabominable|1\n|-crit|p1a: Crabominable\n|-damage|p1a: Crabominable|69/100\n|-setboost|p1a: Crabominable|atk|6|[from] ability: Anger Point\n|move|p2b: Luxray|Crunch|p1a: Crabominable\n|-resisted|p1a: Crabominable|1\n|-damage|p1a: Crabominable|60/100\n|\n|-weather|Snowscape|[upkeep]\n|upkeep\n|turn|3\n|inactive|glacierdoop has 30 seconds left.\n|inactive|cacamuerta has 30 seconds left.\n|inactive|glacierdoop has 20 seconds left.\n|inactive|cacamuerta has 20 seconds left.\n|inactive|cacamuerta has 15 seconds left.\n|\n|t:|1776383168\n|switch|p2b: Pelipper|Pelipper, L50, M|100/100\n|-weather|RainDance|[from] ability: Drizzle|[of] p2b: Pelipper\n|detailschange|p1a: Crabominable|Crabominable-Mega, L50, M\n|-mega|p1a: Crabominable|Crabominable|Crabominite\n|move|p1a: Crabominable|Drain Punch|p2b: Pelipper\n|-resisted|p2b: Pelipper|1\n|-enditem|p2b: Pelipper|Focus Sash\n|-damage|p2b: Pelipper|1/100\n|-heal|p1a: Crabominable|99/100|[from] drain|[of] p2b: Pelipper\n|move|p1b: Abomasnow|Blizzard|p2a: Aegislash|[spread] p2a\n|-miss|p1b: Abomasnow|p2b: Pelipper\n|-resisted|p2a: Aegislash|1\n|-damage|p2a: Aegislash|86/100\n|move|p2a: Aegislash|Swords Dance|p2a: Aegislash\n|-boost|p2a: Aegislash|atk|2\n|\n|-weather|RainDance|[upkeep]\n|-heal|p2a: Aegislash|92/100|[from] item: Leftovers\n|upkeep\n|turn|4\n|inactive|cacamuerta has 30 seconds left.\n|inactive|cacamuerta has 20 seconds left.\n|\n|t:|1776383206\n|move|p1a: Crabominable|Ice Punch|p2a: Aegislash\n|-resisted|p2a: Aegislash|1\n|-damage|p2a: Aegislash|0 fnt\n|faint|p2a: Aegislash\n|move|p1b: Abomasnow|Blizzard|p2b: Pelipper\n|-damage|p2b: Pelipper|0 fnt\n|faint|p2b: Pelipper\n|\n|-weather|RainDance|[upkeep]\n|upkeep\n|\n|t:|1776383219\n|switch|p2a: Luxray|Luxray, L50, M|100/100\n|switch|p2b: Archaludon|Archaludon, L50, M|100/100\n|-ability|p2a: Luxray|Intimidate|boost\n|-unboost|p1a: Crabominable|atk|1\n|-unboost|p1b: Abomasnow|atk|1\n|turn|5\n|inactive|cacamuerta has 30 seconds left.\n|inactive|cacamuerta has 20 seconds left.\n|\n|t:|1776383258\n|switch|p1b: Incineroar|Incineroar, L50, M|42/100\n|-ability|p1b: Incineroar|Intimidate|boost\n|-unboost|p2a: Luxray|atk|1\n|-unboost|p2b: Archaludon|atk|1\n|move|p1a: Crabominable|Drain Punch|p2b: Archaludon\n|-supereffective|p2b: Archaludon|1\n|-damage|p2b: Archaludon|0 fnt\n|-heal|p1a: Crabominable|100/100|[from] drain|[of] p2b: Archaludon\n|faint|p2b: Archaludon\n|move|p2a: Luxray|Wild Charge|p1a: Crabominable\n|-damage|p1a: Crabominable|74/100\n|-damage|p2a: Luxray|93/100|[from] Recoil\n|\n|-weather|RainDance|[upkeep]\n|-fieldend|move: Trick Room\n|upkeep\n|turn|6\n|c|\u2606glacierdoop|gg\n|\n|t:|1776383276\n|move|p1b: Incineroar|Fake Out|p2a: Luxray\n|-damage|p2a: Luxray|73/100\n|move|p1a: Crabominable|Mach Punch|p2a: Luxray\n|-damage|p2a: Luxray|0 fnt\n|faint|p2a: Luxray\n|\n|win|glacierdoop\n|raw|glacierdoop's rating: 1181 &rarr; <strong>1211</strong><br />(+30 for winning)\n|raw|cacamuerta's rating: 1250 &rarr; <strong>1220</strong><br />(-30 for losing)\n",
  "uploadtime": 1776383293,
  "views": 43,
  "formatid": "gen9championsvgc2026regma",
  "rating": 1211,
  "private": 0,
  "password": null
}