{
  "id": "gen9championsvgc2026regma-2586890172",
  "format": "[Gen 9 Champions] VGC 2026 Reg M-A",
  "players": [
    "thomas_shelby_obe",
    "mrguy888"
  ],
  "log": "|j|\u2606thomas_shelby_obe\n|j|\u2606mrguy888\n|t:|1776468953\n|gametype|doubles\n|player|p1|thomas_shelby_obe|veteran|1188\n|player|p2|mrguy888|noland-gen3|1286\n|gen|9\n|tier|[Gen 9 Champions] VGC 2026 Reg M-A\n|rated|\n|rule|Species Clause: Limit one of each Pok\u00e9mon\n|rule|Item Clause: Limit 1 of each item\n|clearpoke\n|poke|p1|Emolga, L50, F|\n|poke|p1|Whimsicott, L50, F|\n|poke|p1|Froslass, L50, F|\n|poke|p1|Milotic, L50, F|\n|poke|p1|Infernape, L50, M|\n|poke|p1|Serperior, L50, F|\n|poke|p2|Floette-Eternal, L50, F|\n|poke|p2|Aerodactyl, L50, M|\n|poke|p2|Tauros-Paldea-Aqua, L50, M|\n|poke|p2|Kangaskhan, L50, F|\n|poke|p2|Rotom-Heat, L50|\n|poke|p2|Aegislash, L50, F|\n|teampreview|4\n|inactive|Battle timer is ON: inactive players will automatically lose when time's up. (requested by mrguy888)\n|inactive|mrguy888 has 60 seconds left.\n|\n|t:|1776468995\n|teamsize|p1|4\n|teamsize|p2|4\n|start\n|switch|p1a: Froslass|Froslass, L50, F, shiny|100/100\n|switch|p1b: Milotic|Milotic, L50, F|100/100\n|switch|p2a: Aerodactyl|Aerodactyl, L50, M|100/100\n|switch|p2b: Rotom|Rotom-Heat, L50|100/100\n|-ability|p2a: Aerodactyl|Unnerve\n|turn|1\n|inactive|mrguy888 has 30 seconds left.\n|\n|t:|1776469024\n|detailschange|p1a: Froslass|Froslass-Mega, L50, F, shiny\n|-mega|p1a: Froslass|Froslass|Froslassite\n|-weather|Snowscape|[from] ability: Snow Warning|[of] p1a: Froslass\n|move|p2b: Rotom|Volt Switch|p1b: Milotic\n|-supereffective|p1b: Milotic|1\n|-damage|p1b: Milotic|65/100\n|\n|t:|1776469030\n|switch|p2b: Aegislash|Aegislash, L50, F|100/100|[from] Volt Switch\n|move|p2a: Aerodactyl|Tailwind|p2a: Aerodactyl\n|-sidestart|p2: mrguy888|move: Tailwind\n|move|p1a: Froslass|Blizzard|p2b: Aegislash|[spread] p2a,p2b\n|-supereffective|p2a: Aerodactyl|1\n|-resisted|p2b: Aegislash|1\n|-enditem|p2a: Aerodactyl|Focus Sash\n|-damage|p2a: Aerodactyl|1/100\n|-damage|p2b: Aegislash|78/100\n|move|p1b: Milotic|Scald|p2b: Aegislash\n|-damage|p2b: Aegislash|56/100\n|\n|-weather|Snowscape|[upkeep]\n|-heal|p1b: Milotic|71/100|[from] item: Leftovers\n|upkeep\n|turn|2\n|\n|t:|1776469054\n|move|p1a: Froslass|Protect|p1a: Froslass\n|-singleturn|p1a: Froslass|Protect\n|move|p2a: Aerodactyl|Rock Slide|p1a: Froslass|[spread] p1b\n|-activate|p1a: Froslass|move: Protect\n|-damage|p1b: Milotic|51/100\n|-formechange|p2b: Aegislash|Aegislash-Blade|\n|move|p2b: Aegislash|Poltergeist|p1b: Milotic\n|-activate|p1b: Milotic|move: Poltergeist|Leftovers\n|-damage|p1b: Milotic|0 fnt\n|faint|p1b: Milotic\n|\n|-weather|Snowscape|[upkeep]\n|upkeep\n|\n|t:|1776469070\n|switch|p1b: Serperior|Serperior, L50, F|100/100\n|turn|3\n|\n|t:|1776469079\n|switch|p1a: Infernape|Infernape, L50, M|100/100\n|move|p1b: Serperior|Protect|p1b: Serperior\n|-singleturn|p1b: Serperior|Protect\n|move|p2a: Aerodactyl|Dual Wingbeat|p1b: Serperior\n|-activate|p1b: Serperior|move: Protect\n|move|p2b: Aegislash|Iron Head|p1a: Infernape\n|-resisted|p1a: Infernape|1\n|-damage|p1a: Infernape|61/100\n|\n|-weather|Snowscape|[upkeep]\n|upkeep\n|turn|4\n|inactive|thomas_shelby_obe has 30 seconds left.\n|\n|t:|1776469107\n|move|p2a: Aerodactyl|Protect|p2a: Aerodactyl\n|-singleturn|p2a: Aerodactyl|Protect\n|-formechange|p2b: Aegislash|Aegislash|\n|move|p2b: Aegislash|King's Shield|p2b: Aegislash\n|-singleturn|p2b: Aegislash|Protect\n|move|p1a: Infernape|Flare Blitz|p2b: Aegislash\n|-activate|p2b: Aegislash|move: Protect\n|-unboost|p1a: Infernape|atk|1\n|move|p1b: Serperior|Leaf Storm|p2a: Aerodactyl\n|-activate|p2a: Aerodactyl|move: Protect\n|\n|-weather|Snowscape|[upkeep]\n|-sideend|p2: mrguy888|move: Tailwind\n|upkeep\n|turn|5\n|\n|t:|1776469130\n|move|p1a: Infernape|Flare Blitz|p2b: Aegislash\n|-supereffective|p2b: Aegislash|1\n|-damage|p2b: Aegislash|0 fnt\n|faint|p2b: Aegislash\n|-damage|p1a: Infernape|42/100|[from] Recoil\n|move|p2a: Aerodactyl|Tailwind|p2a: Aerodactyl\n|-sidestart|p2: mrguy888|move: Tailwind\n|move|p1b: Serperior|Leaf Storm|p2a: Aerodactyl|[miss]\n|-miss|p1b: Serperior|p2a: Aerodactyl\n|\n|-weather|none\n|upkeep\n|\n|t:|1776469139\n|switch|p2b: Floette|Floette-Eternal, L50, F|100/100\n|turn|6\n|\n|t:|1776469155\n|switch|p1a: Froslass|Froslass-Mega, L50, F, shiny|100/100\n|-weather|Snowscape|[from] ability: Snow Warning|[of] p1a: Froslass\n|detailschange|p2b: Floette|Floette-Mega, L50, F\n|-mega|p2b: Floette|Floette|Floettite\n|-ability|p2b: Floette|Fairy Aura\n|move|p2a: Aerodactyl|Dual Wingbeat|p1b: Serperior\n|-supereffective|p1b: Serperior|1\n|-damage|p1b: Serperior|70/100\n|-supereffective|p1b: Serperior|1\n|-damage|p1b: Serperior|40/100\n|-hitcount|p1b: Serperior|2\n|move|p2b: Floette|Dazzling Gleam|p1b: Serperior|[spread] p1a,p1b\n|-damage|p1a: Froslass|36/100\n|-damage|p1b: Serperior|0 fnt\n|faint|p1b: Serperior\n|\n|-weather|Snowscape|[upkeep]\n|upkeep\n|\n|t:|1776469175\n|switch|p1b: Infernape|Infernape, L50, M|42/100\n|turn|7\n|\n|t:|1776469190\n|move|p2a: Aerodactyl|Rock Slide|p1a: Froslass|[spread] p1a,p1b\n|-supereffective|p1a: Froslass|1\n|-damage|p1a: Froslass|0 fnt\n|-damage|p1b: Infernape|0 fnt\n|faint|p1a: Froslass\n|faint|p1b: Infernape\n|\n|win|mrguy888\n|raw|thomas_shelby_obe's rating: 1188 &rarr; <strong>1170</strong><br />(-18 for losing)\n|raw|mrguy888's rating: 1286 &rarr; <strong>1304</strong><br />(+18 for winning)\n",
  "uploadtime": 1776469196,
  "views": 25,
  "formatid": "gen9championsvgc2026regma",
  "rating": 1170,
  "private": 0,
  "password": null
}