{
  "id": "gen9championsvgc2026regma-2582147600",
  "format": "[Gen 9 Champions] VGC 2026 Reg M-A",
  "players": [
    "0ctober3rd",
    "GOODKO"
  ],
  "log": "|j|\u26060ctober3rd\n|j|\u2606GOODKO\n|t:|1776064124\n|gametype|doubles\n|player|p1|0ctober3rd|fantina|1179\n|player|p2|GOODKO|102|1199\n|gen|9\n|tier|[Gen 9 Champions] VGC 2026 Reg M-A\n|rated|\n|rule|Species Clause: Limit one of each Pok\u00e9mon\n|rule|Item Clause: Limit 1 of each item\n|clearpoke\n|poke|p1|Floette-Eternal, L50, F|\n|poke|p1|Incineroar, L50, M|\n|poke|p1|Basculegion, L50, M|\n|poke|p1|Clefable, L50, F|\n|poke|p1|Sinistcha-Masterpiece, L50|\n|poke|p1|Sneasler, L50, M|\n|poke|p2|Charizard, L50, F|\n|poke|p2|Venusaur, L50, M|\n|poke|p2|Garchomp, L50, M|\n|poke|p2|Rotom-Wash, L50|\n|poke|p2|Sneasler, L50, M|\n|poke|p2|Incineroar, L50, F|\n|teampreview|4\n|inactive|Battle timer is ON: inactive players will automatically lose when time's up. (requested by GOODKO)\n|inactive|0ctober3rd has 60 seconds left.\n|\n|t:|1776064179\n|teamsize|p1|4\n|teamsize|p2|4\n|start\n|switch|p1a: this crusty ass ho|Incineroar, L50, M|100/100\n|switch|p1b: Palafin was ass|Basculegion, L50, M|100/100\n|switch|p2a: Charizard|Charizard, L50, F|100/100\n|switch|p2b: Venusaur|Venusaur, L50, M|100/100\n|-ability|p1a: this crusty ass ho|Intimidate|boost\n|-unboost|p2a: Charizard|atk|1\n|-unboost|p2b: Venusaur|atk|1\n|turn|1\n|inactive|GOODKO has 30 seconds left.\n|inactive|GOODKO has 20 seconds left.\n|inactive|GOODKO has 15 seconds left.\n|\n|t:|1776064222\n|switch|p1a: queens tea|Sinistcha-Masterpiece, L50|100/100\n|detailschange|p2a: Charizard|Charizard-Mega-Y, L50, F\n|-mega|p2a: Charizard|Charizard|Charizardite Y\n|-weather|SunnyDay|[from] ability: Drought|[of] p2a: Charizard\n|move|p2a: Charizard|Protect|p2a: Charizard\n|-singleturn|p2a: Charizard|Protect\n|move|p2b: Venusaur|Sleep Powder|p1a: queens tea\n|-immune|p1a: queens tea\n|move|p1b: Palafin was ass|Flip Turn|p1a: queens tea\n|-resisted|p1a: queens tea|1\n|-damage|p1a: queens tea|94/100\n|\n|t:|1776064234\n|switch|p1b: this crusty ass ho|Incineroar, L50, M|100/100|[from] Flip Turn\n|-ability|p1b: this crusty ass ho|Intimidate|boost\n|-unboost|p2a: Charizard|atk|1\n|-unboost|p2b: Venusaur|atk|1\n|\n|-weather|SunnyDay|[upkeep]\n|upkeep\n|turn|2\n|inactive|GOODKO has 30 seconds left.\n|\n|t:|1776064269\n|move|p1b: this crusty ass ho|Fake Out|p2a: Charizard\n|-damage|p2a: Charizard|84/100\n|move|p2b: Venusaur|Sleep Powder|p1b: this crusty ass ho\n|-status|p1b: this crusty ass ho|slp|[from] move: Sleep Powder\n|cant|p2a: Charizard|flinch\n|move|p1a: queens tea|Shadow Ball|p2a: Charizard\n|-damage|p2a: Charizard|50/100\n|\n|-weather|SunnyDay|[upkeep]\n|upkeep\n|turn|3\n|inactive|GOODKO has 30 seconds left.\n|\n|t:|1776064296\n|switch|p1a: Palafin was ass|Basculegion, L50, M|100/100\n|move|p2b: Venusaur|Sludge Bomb|p1a: Palafin was ass\n|-resisted|p1a: Palafin was ass|1\n|-damage|p1a: Palafin was ass|75/100\n|-status|p1a: Palafin was ass|psn\n|move|p2a: Charizard|Heat Wave|p1b: this crusty ass ho|[spread] p1a,p1b\n|-resisted|p1a: Palafin was ass|1\n|-crit|p1a: Palafin was ass\n|-resisted|p1b: this crusty ass ho|1\n|-damage|p1a: Palafin was ass|18/100 psn\n|-damage|p1b: this crusty ass ho|71/100 slp\n|cant|p1b: this crusty ass ho|slp\n|\n|-weather|SunnyDay|[upkeep]\n|-damage|p1a: Palafin was ass|6/100 psn|[from] psn\n|upkeep\n|turn|4\n|inactive|0ctober3rd has 30 seconds left.\n|\n|t:|1776064324\n|switch|p1a: queens tea|Sinistcha-Masterpiece, L50|94/100\n|-heal|p1b: this crusty ass ho|96/100 slp|[from] ability: Hospitality|[of] p1a: queens tea\n|switch|p2a: Incineroar|Incineroar, L50, F|100/100\n|-ability|p2a: Incineroar|Intimidate|boost\n|-unboost|p1a: queens tea|atk|1\n|-unboost|p1b: this crusty ass ho|atk|1\n|move|p2b: Venusaur|Sludge Bomb|p1a: queens tea\n|-damage|p1a: queens tea|40/100\n|-curestatus|p1b: this crusty ass ho|slp|[msg]\n|move|p1b: this crusty ass ho|Parting Shot|p2a: Incineroar\n|-unboost|p2a: Incineroar|atk|1\n|-unboost|p2a: Incineroar|spa|1\n|\n|t:|1776064337\n|switch|p1b: Qn. Floeterapaxern|Floette-Eternal, L50, F|100/100|[from] Parting Shot\n|\n|-weather|SunnyDay|[upkeep]\n|upkeep\n|turn|5\n|\n|t:|1776064355\n|switch|p1a: this crusty ass ho|Incineroar, L50, M|96/100\n|-ability|p1a: this crusty ass ho|Intimidate|boost\n|-unboost|p2a: Incineroar|atk|1\n|-unboost|p2b: Venusaur|atk|1\n|detailschange|p1b: Qn. Floeterapaxern|Floette-Mega, L50, F\n|-mega|p1b: Qn. Floeterapaxern|Floette|Floettite\n|-ability|p1b: Qn. Floeterapaxern|Fairy Aura\n|move|p1b: Qn. Floeterapaxern|Protect|p1b: Qn. Floeterapaxern\n|-singleturn|p1b: Qn. Floeterapaxern|Protect\n|move|p2b: Venusaur|Sleep Powder|p1b: Qn. Floeterapaxern\n|-activate|p1b: Qn. Floeterapaxern|move: Protect\n|move|p2a: Incineroar|Flare Blitz|p1a: this crusty ass ho\n|-resisted|p1a: this crusty ass ho|1\n|-damage|p1a: this crusty ass ho|75/100\n|-damage|p2a: Incineroar|94/100|[from] Recoil\n|\n|-weather|none\n|upkeep\n|turn|6\n|\n|t:|1776064371\n|move|p2b: Venusaur|Protect|p2b: Venusaur\n|-singleturn|p2b: Venusaur|Protect\n|move|p1a: this crusty ass ho|Fake Out|p2b: Venusaur\n|-activate|p2b: Venusaur|move: Protect\n|move|p1b: Qn. Floeterapaxern|Calm Mind|p1b: Qn. Floeterapaxern\n|-boost|p1b: Qn. Floeterapaxern|spa|1\n|-boost|p1b: Qn. Floeterapaxern|spd|1\n|move|p2a: Incineroar|Parting Shot|p1b: Qn. Floeterapaxern\n|-unboost|p1b: Qn. Floeterapaxern|atk|1\n|-unboost|p1b: Qn. Floeterapaxern|spa|1\n|\n|t:|1776064380\n|switch|p2a: Charizard|Charizard-Mega-Y, L50, F|50/100|[from] Parting Shot\n|-weather|SunnyDay|[from] ability: Drought|[of] p2a: Charizard\n|\n|-weather|SunnyDay|[upkeep]\n|upkeep\n|turn|7\n|inactive|0ctober3rd has 30 seconds left.\n|\n|t:|1776064406\n|move|p2b: Venusaur|Sleep Powder|p1b: Qn. Floeterapaxern\n|-status|p1b: Qn. Floeterapaxern|slp|[from] move: Sleep Powder\n|move|p2a: Charizard|Heat Wave|p1a: this crusty ass ho|[spread] p1a,p1b\n|-resisted|p1a: this crusty ass ho|1\n|-damage|p1a: this crusty ass ho|46/100\n|-damage|p1b: Qn. Floeterapaxern|72/100 slp\n|-enditem|p1a: this crusty ass ho|Sitrus Berry|[eat]\n|-heal|p1a: this crusty ass ho|71/100|[from] item: Sitrus Berry\n|cant|p1b: Qn. Floeterapaxern|slp\n|move|p1a: this crusty ass ho|Parting Shot|p2a: Charizard\n|-unboost|p2a: Charizard|atk|1\n|-unboost|p2a: Charizard|spa|1\n|\n|t:|1776064418\n|switch|p1a: queens tea|Sinistcha-Masterpiece, L50|40/100|[from] Parting Shot\n|-heal|p1b: Qn. Floeterapaxern|97/100 slp|[from] ability: Hospitality|[of] p1a: queens tea\n|\n|-weather|SunnyDay|[upkeep]\n|upkeep\n|turn|8\n|\n|t:|1776064435\n|switch|p1a: this crusty ass ho|Incineroar, L50, M|71/100\n|-ability|p1a: this crusty ass ho|Intimidate|boost\n|-unboost|p2a: Charizard|atk|1\n|-unboost|p2b: Venusaur|atk|1\n|move|p2b: Venusaur|Sludge Bomb|p1b: Qn. Floeterapaxern\n|-supereffective|p1b: Qn. Floeterapaxern|1\n|-damage|p1b: Qn. Floeterapaxern|57/100 slp\n|move|p2a: Charizard|Heat Wave|p1a: this crusty ass ho|[spread] p1a,p1b\n|-resisted|p1a: this crusty ass ho|1\n|-damage|p1a: this crusty ass ho|51/100\n|-damage|p1b: Qn. Floeterapaxern|37/100 slp\n|cant|p1b: Qn. Floeterapaxern|slp\n|\n|-weather|SunnyDay|[upkeep]\n|upkeep\n|turn|9\n|\n|t:|1776064460\n|move|p2b: Venusaur|Protect|p2b: Venusaur\n|-singleturn|p2b: Venusaur|Protect\n|move|p1a: this crusty ass ho|Fake Out|p2b: Venusaur\n|-activate|p2b: Venusaur|move: Protect\n|move|p2a: Charizard|Weather Ball|p1b: Qn. Floeterapaxern\n|-damage|p1b: Qn. Floeterapaxern|5/100 slp\n|-curestatus|p1b: Qn. Floeterapaxern|slp|[msg]\n|move|p1b: Qn. Floeterapaxern|Draining Kiss|p2a: Charizard\n|-resisted|p2a: Charizard|1\n|-damage|p2a: Charizard|31/100\n|-heal|p1b: Qn. Floeterapaxern|17/100|[from] drain|[of] p2a: Charizard\n|\n|-weather|SunnyDay|[upkeep]\n|upkeep\n|turn|10\n|\n|t:|1776064484\n|switch|p2a: Incineroar|Incineroar, L50, F|94/100\n|-ability|p2a: Incineroar|Intimidate|boost\n|-unboost|p1a: this crusty ass ho|atk|1\n|-unboost|p1b: Qn. Floeterapaxern|atk|1\n|move|p1b: Qn. Floeterapaxern|Protect|p1b: Qn. Floeterapaxern\n|-singleturn|p1b: Qn. Floeterapaxern|Protect\n|move|p2b: Venusaur|Sludge Bomb|p1b: Qn. Floeterapaxern\n|-activate|p1b: Qn. Floeterapaxern|move: Protect\n|move|p1a: this crusty ass ho|Flare Blitz|p2b: Venusaur\n|-supereffective|p2b: Venusaur|1\n|-enditem|p2b: Venusaur|Focus Sash\n|-damage|p2b: Venusaur|1/100\n|-damage|p1a: this crusty ass ho|26/100|[from] Recoil\n|\n|-weather|none\n|upkeep\n|turn|11\n|\n|t:|1776064505\n|switch|p1a: queens tea|Sinistcha-Masterpiece, L50|40/100\n|-heal|p1b: Qn. Floeterapaxern|42/100|[from] ability: Hospitality|[of] p1a: queens tea\n|switch|p2a: Charizard|Charizard-Mega-Y, L50, F|31/100\n|-weather|SunnyDay|[from] ability: Drought|[of] p2a: Charizard\n|move|p2b: Venusaur|Sludge Bomb|p1b: Qn. Floeterapaxern\n|-supereffective|p1b: Qn. Floeterapaxern|1\n|-damage|p1b: Qn. Floeterapaxern|2/100\n|-status|p1b: Qn. Floeterapaxern|psn\n|move|p1b: Qn. Floeterapaxern|Moonblast|p2b: Venusaur\n|-resisted|p2b: Venusaur|1\n|-damage|p2b: Venusaur|0 fnt\n|faint|p2b: Venusaur\n|\n|-weather|SunnyDay|[upkeep]\n|-damage|p1b: Qn. Floeterapaxern|0 fnt|[from] psn\n|faint|p1b: Qn. Floeterapaxern\n|upkeep\n|c|\u26060ctober3rd|lucky dog\n|\n|t:|1776064522\n|switch|p2b: Incineroar|Incineroar, L50, F|94/100\n|switch|p1b: Palafin was ass|Basculegion, L50, M|6/100 psn\n|-ability|p2b: Incineroar|Intimidate|boost\n|-unboost|p1a: queens tea|atk|1\n|-unboost|p1b: Palafin was ass|atk|1\n|turn|12\n|\n|t:|1776064537\n|switch|p1a: this crusty ass ho|Incineroar, L50, M|26/100\n|-ability|p1a: this crusty ass ho|Intimidate|boost\n|-unboost|p2a: Charizard|atk|1\n|-unboost|p2b: Incineroar|atk|1\n|move|p1b: Palafin was ass|Flip Turn|p2a: Charizard\n|-supereffective|p2a: Charizard|1\n|-damage|p2a: Charizard|0 fnt\n|faint|p2a: Charizard\n|\n|t:|1776064545\n|switch|p1b: queens tea|Sinistcha-Masterpiece, L50|40/100|[from] Flip Turn\n|-heal|p1a: this crusty ass ho|51/100|[from] ability: Hospitality|[of] p1b: queens tea\n|move|p2b: Incineroar|Darkest Lariat|p1a: this crusty ass ho\n|-resisted|p1a: this crusty ass ho|1\n|-damage|p1a: this crusty ass ho|36/100\n|\n|-weather|SunnyDay|[upkeep]\n|upkeep\n|\n|t:|1776064547\n|switch|p2a: Rotom|Rotom-Wash, L50|100/100\n|turn|13\n|\n|t:|1776064554\n|move|p1a: this crusty ass ho|Fake Out|p2b: Incineroar\n|-damage|p2b: Incineroar|83/100\n|move|p2a: Rotom|Hydro Pump|p1a: this crusty ass ho\n|-supereffective|p1a: this crusty ass ho|1\n|-damage|p1a: this crusty ass ho|0 fnt\n|faint|p1a: this crusty ass ho\n|move|p1b: queens tea|Matcha Gotcha|p2b: Incineroar|[spread] p2a,p2b\n|-supereffective|p2a: Rotom|1\n|-resisted|p2b: Incineroar|1\n|-damage|p2a: Rotom|50/100\n|-heal|p1b: queens tea|62/100|[from] drain|[of] p2a: Rotom\n|-damage|p2b: Incineroar|72/100\n|-heal|p1b: queens tea|69/100|[from] drain|[of] p2b: Incineroar\n|cant|p2b: Incineroar|flinch\n|\n|-weather|SunnyDay|[upkeep]\n|-heal|p2a: Rotom|55/100|[from] item: Leftovers\n|upkeep\n|\n|t:|1776064572\n|switch|p1a: Palafin was ass|Basculegion, L50, M|6/100 psn\n|turn|14\n|\n|t:|1776064587\n|move|p1a: Palafin was ass|Wave Crash|p2b: Incineroar\n|-supereffective|p2b: Incineroar|1\n|-damage|p2b: Incineroar|4/100\n|-enditem|p2b: Incineroar|Sitrus Berry|[eat]\n|-heal|p2b: Incineroar|29/100|[from] item: Sitrus Berry\n|-damage|p1a: Palafin was ass|0 fnt|[from] Recoil\n|faint|p1a: Palafin was ass\n|move|p2a: Rotom|Thunderbolt|p1b: queens tea\n|-resisted|p1b: queens tea|1\n|-damage|p1b: queens tea|49/100\n|move|p1b: queens tea|Matcha Gotcha|p2a: Rotom|[spread] p2a,p2b\n|-supereffective|p2a: Rotom|1\n|-resisted|p2b: Incineroar|1\n|-damage|p2a: Rotom|0 fnt\n|-heal|p1b: queens tea|73/100|[from] drain|[of] p2a: Rotom\n|-damage|p2b: Incineroar|17/100\n|-heal|p1b: queens tea|80/100|[from] drain|[of] p2b: Incineroar\n|faint|p2a: Rotom\n|move|p2b: Incineroar|Flare Blitz|p1b: queens tea\n|-supereffective|p1b: queens tea|1\n|-enditem|p1b: queens tea|Occa Berry|[eat]\n|-enditem|p1b: queens tea|Occa Berry|[weaken]\n|-damage|p1b: queens tea|32/100\n|-damage|p2b: Incineroar|3/100|[from] Recoil\n|\n|-weather|SunnyDay|[upkeep]\n|upkeep\n|turn|15\n|inactive|0ctober3rd has 30 seconds left.\n|\n|t:|1776064615\n|move|p1b: queens tea|Shadow Ball|p2b: Incineroar\n|-resisted|p2b: Incineroar|1\n|-damage|p2b: Incineroar|0 fnt\n|faint|p2b: Incineroar\n|\n|win|0ctober3rd\n|raw|0ctober3rd's rating: 1161 &rarr; <strong>1190</strong><br />(+29 for winning)\n|raw|GOODKO's rating: 1221 &rarr; <strong>1192</strong><br />(-29 for losing)\n",
  "uploadtime": 1776064625,
  "views": 13,
  "formatid": "gen9championsvgc2026regma",
  "rating": 1190,
  "private": 0,
  "password": null
}