{
  "id": "gen9championsvgc2026regma-2582735712",
  "format": "[Gen 9 Champions] VGC 2026 Reg M-A",
  "players": [
    "MoNo_T0NaL",
    "002.ivo"
  ],
  "log": "|j|\u2606MoNo_T0NaL\n|j|\u2606002.ivo\n|t:|1776110514\n|gametype|doubles\n|player|p1|MoNo_T0NaL|n|1070\n|player|p2|002.ivo|n|1110\n|gen|9\n|tier|[Gen 9 Champions] VGC 2026 Reg M-A\n|rated|\n|rule|Species Clause: Limit one of each Pok\u00e9mon\n|rule|Item Clause: Limit 1 of each item\n|clearpoke\n|poke|p1|Gengar, L50, F|\n|poke|p1|Whimsicott, L50, F|\n|poke|p1|Arcanine-Hisui, L50, F|\n|poke|p1|Sneasler, L50, M|\n|poke|p1|Meowscarada, L50, F|\n|poke|p1|Maushold, L50|\n|poke|p2|Archaludon, L50, M|\n|poke|p2|Dragonite, L50, F|\n|poke|p2|Kingambit, L50, M|\n|poke|p2|Whimsicott, L50, F|\n|poke|p2|Pelipper, L50, F|\n|poke|p2|Basculegion, L50, M|\n|teampreview|4\n|inactive|Battle timer is ON: inactive players will automatically lose when time's up. (requested by 002.ivo)\n|\n|t:|1776110542\n|teamsize|p1|4\n|teamsize|p2|4\n|start\n|switch|p1a: Sneasler|Sneasler, L50, M, shiny|100/100\n|switch|p1b: Meowscarada|Meowscarada, L50, F|100/100\n|switch|p2a: Pelipper|Pelipper, L50, F, shiny|100/100\n|switch|p2b: Whimsicott|Whimsicott, L50, F, shiny|100/100\n|-weather|RainDance|[from] ability: Drizzle|[of] p2a: Pelipper\n|turn|1\n|inactive|MoNo_T0NaL has 30 seconds left.\n|\n|t:|1776110569\n|switch|p2b: Basculegion|Basculegion, L50, M, shiny|100/100\n|move|p1a: Sneasler|Fake Out|p2b: Basculegion\n|-immune|p2b: Basculegion\n|move|p1b: Meowscarada|Sucker Punch|p2a: Pelipper\n|-start|p1b: Meowscarada|typechange|Dark|[from] ability: Protean\n|-damage|p2a: Pelipper|60/100\n|move|p2a: Pelipper|Icy Wind|p1b: Meowscarada|[spread] p1a,p1b\n|-damage|p1a: Sneasler|86/100\n|-damage|p1b: Meowscarada|83/100\n|-unboost|p1a: Sneasler|spe|1\n|-unboost|p1b: Meowscarada|spe|1\n|-enditem|p1a: Sneasler|White Herb\n|-clearnegativeboost|p1a: Sneasler|[silent]\n|\n|-weather|RainDance|[upkeep]\n|upkeep\n|turn|2\n|inactive|002.ivo has 30 seconds left.\n|\n|t:|1776110601\n|switch|p2a: Whimsicott|Whimsicott, L50, F, shiny|100/100\n|move|p1b: Meowscarada|Sucker Punch|p2b: Basculegion\n|-supereffective|p2b: Basculegion|1\n|-damage|p2b: Basculegion|26/100\n|move|p1a: Sneasler|Dire Claw|p2a: Whimsicott\n|-supereffective|p2a: Whimsicott|2\n|-enditem|p2a: Whimsicott|Focus Sash\n|-damage|p2a: Whimsicott|1/100\n|move|p2b: Basculegion|Flip Turn|p1b: Meowscarada\n|-damage|p1b: Meowscarada|0 fnt\n|faint|p1b: Meowscarada\n|\n|t:|1776110619\n|switch|p2b: Kingambit|Kingambit, L50, M, shiny|100/100|[from] Flip Turn\n|\n|-weather|RainDance|[upkeep]\n|upkeep\n|\n|t:|1776110624\n|switch|p1b: Violet|Gengar, L50, F, shiny|100/100\n|turn|3\n|inactive|002.ivo has 30 seconds left.\n|\n|t:|1776110651\n|detailschange|p1b: Violet|Gengar-Mega, L50, F, shiny\n|-mega|p1b: Violet|Gengar|Gengarite\n|move|p1b: Violet|Protect|p1b: Violet\n|-singleturn|p1b: Violet|Protect\n|move|p2a: Whimsicott|Tailwind|p2a: Whimsicott\n|-sidestart|p2: 002.ivo|move: Tailwind\n|move|p1a: Sneasler|Close Combat|p2b: Kingambit\n|-supereffective|p2b: Kingambit|2\n|-damage|p2b: Kingambit|0 fnt\n|-unboost|p1a: Sneasler|def|1\n|-unboost|p1a: Sneasler|spd|1\n|faint|p2b: Kingambit\n|\n|-weather|RainDance|[upkeep]\n|upkeep\n|\n|t:|1776110659\n|switch|p2b: Basculegion|Basculegion, L50, M, shiny|26/100\n|turn|4\n|inactive|MoNo_T0NaL has 30 seconds left.\n|\n|t:|1776110689\n|move|p1b: Violet|Protect||[still]\n|-fail|p1b: Violet\n|move|p2a: Whimsicott|Encore|p1b: Violet\n|-start|p1b: Violet|Encore\n|move|p2b: Basculegion|Wave Crash|p1b: Violet\n|-damage|p1b: Violet|0 fnt\n|faint|p1b: Violet\n|-damage|p2b: Basculegion|7/100|[from] Recoil\n|move|p1a: Sneasler|Dire Claw|p2b: Basculegion\n|-resisted|p2b: Basculegion|1\n|-damage|p2b: Basculegion|0 fnt\n|faint|p2b: Basculegion\n|\n|-weather|RainDance|[upkeep]\n|upkeep\n|\n|t:|1776110705\n|switch|p1b: Kaizo|Arcanine-Hisui, L50, F, shiny|100/100\n|switch|p2b: Pelipper|Pelipper, L50, F, shiny|60/100\n|-ability|p1b: Kaizo|Intimidate|boost\n|-unboost|p2a: Whimsicott|atk|1\n|-unboost|p2b: Pelipper|atk|1\n|turn|5\n|\n|t:|1776110726\n|move|p1a: Sneasler|Protect|p1a: Sneasler\n|-singleturn|p1a: Sneasler|Protect\n|move|p1b: Kaizo|Extreme Speed|p2a: Whimsicott\n|-damage|p2a: Whimsicott|0 fnt\n|faint|p2a: Whimsicott\n|move|p2b: Pelipper|Muddy Water|p1b: Kaizo|[spread] p1b\n|-activate|p1a: Sneasler|move: Protect\n|-supereffective|p1b: Kaizo|2\n|-damage|p1b: Kaizo|0 fnt\n|faint|p1b: Kaizo\n|\n|-weather|none\n|upkeep\n|turn|6\n|\n|t:|1776110746\n|move|p1a: Sneasler|Dire Claw|p2b: Pelipper\n|-damage|p2b: Pelipper|4/100\n|move|p2b: Pelipper|Hurricane|p1a: Sneasler|[miss]\n|-miss|p2b: Pelipper|p1a: Sneasler\n|\n|-sideend|p2: 002.ivo|move: Tailwind\n|upkeep\n|turn|7\n|-message|002.ivo forfeited.\n|\n|win|MoNo_T0NaL\n|raw|MoNo_T0NaL's rating: 1070 &rarr; <strong>1103</strong><br />(+33 for winning)\n|raw|002.ivo's rating: 1110 &rarr; <strong>1082</strong><br />(-28 for losing)\n|l|\u2606002.ivo\n|player|p2|\n",
  "uploadtime": 1776110758,
  "views": 34,
  "formatid": "gen9championsvgc2026regma",
  "rating": 1082,
  "private": 0,
  "password": null
}