{
  "id": "gen9championsvgc2026regma-2587175215",
  "format": "[Gen 9 Champions] VGC 2026 Reg M-A",
  "players": [
    "kendytelusma1234",
    "beehivez1"
  ],
  "log": "|j|\u2606kendytelusma1234\n|j|\u2606beehivez1\n|t:|1776504438\n|gametype|doubles\n|player|p1|kendytelusma1234|170|1117\n|player|p2|beehivez1|policeman|1055\n|gen|9\n|tier|[Gen 9 Champions] VGC 2026 Reg M-A\n|rated|\n|rule|Species Clause: Limit one of each Pok\u00e9mon\n|rule|Item Clause: Limit 1 of each item\n|clearpoke\n|poke|p1|Scovillain, L50, F|\n|poke|p1|Garchomp, L50, F|\n|poke|p1|Gyarados, L50, M|\n|poke|p1|Hydreigon, L50, F|\n|poke|p1|Tyranitar, L50, F|\n|poke|p1|Rotom-Heat, L50|\n|poke|p2|Crabominable, L50, F|\n|poke|p2|Incineroar, L50, M|\n|poke|p2|Slowking, L50, F|\n|poke|p2|Salazzle, L50, F|\n|poke|p2|Clawitzer, L50, F, shiny|\n|poke|p2|Tsareena, L50, F|\n|teampreview|4\n|inactive|Battle timer is ON: inactive players will automatically lose when time's up. (requested by beehivez1)\n|\n|t:|1776504450\n|teamsize|p1|4\n|teamsize|p2|4\n|start\n|switch|p1a: Scovillain|Scovillain, L50, F|100/100\n|switch|p1b: Gyarados|Gyarados, L50, M|100/100\n|switch|p2a: Incineroar|Incineroar, L50, M|100/100\n|switch|p2b: Slowking|Slowking, L50, F|100/100\n|-ability|p2a: Incineroar|Intimidate|boost\n|-unboost|p1a: Scovillain|atk|1\n|-unboost|p1b: Gyarados|atk|1\n|-ability|p1b: Gyarados|Intimidate|boost\n|-unboost|p2a: Incineroar|atk|1\n|-fail|p2b: Slowking|unboost|Attack|[from] ability: Oblivious|[of] p2b: Slowking\n|turn|1\n|\n|t:|1776504471\n|detailschange|p1a: Scovillain|Scovillain-Mega, L50, F\n|-mega|p1a: Scovillain|Scovillain|Scovillainite\n|move|p2a: Incineroar|Fake Out|p1b: Gyarados\n|-damage|p1b: Gyarados|90/100\n|move|p1a: Scovillain|Rage Powder|p1a: Scovillain\n|-singleturn|p1a: Scovillain|move: Rage Powder\n|cant|p1b: Gyarados|flinch\n|move|p2b: Slowking|Trick Room|p2b: Slowking\n|-fieldstart|move: Trick Room|[of] p2b: Slowking\n|\n|upkeep\n|turn|2\n|\n|t:|1776504486\n|-prepare|p2b: Slowking|Chilly Reception|[premajor]\n|move|p2b: Slowking|Chilly Reception|p2b: Slowking\n|-weather|Snowscape\n|\n|t:|1776504489\n|switch|p2b: Crabominable|Crabominable, L50, F|100/100|[from] Chilly Reception\n|move|p1a: Scovillain|Energy Ball|p2b: Crabominable\n|-crit|p2b: Crabominable\n|-damage|p2b: Crabominable|31/100\n|move|p1b: Gyarados|Dragon Dance|p1b: Gyarados\n|-boost|p1b: Gyarados|atk|1\n|-boost|p1b: Gyarados|spe|1\n|move|p2a: Incineroar|Parting Shot|p1b: Gyarados\n|-unboost|p1b: Gyarados|atk|1\n|-unboost|p1b: Gyarados|spa|1\n|\n|t:|1776504502\n|switch|p2a: Salazzle|Salazzle, L50, F|100/100|[from] Parting Shot\n|\n|-weather|Snowscape|[upkeep]\n|upkeep\n|turn|3\n|\n|t:|1776504516\n|detailschange|p2b: Crabominable|Crabominable-Mega, L50, F\n|-mega|p2b: Crabominable|Crabominable|Crabominite\n|move|p2b: Crabominable|Protect|p2b: Crabominable\n|-singleturn|p2b: Crabominable|Protect\n|move|p1a: Scovillain|Flamethrower|p2b: Crabominable\n|-activate|p2b: Crabominable|move: Protect\n|move|p2a: Salazzle|Encore|p1b: Gyarados\n|-start|p1b: Gyarados|Encore\n|move|p1b: Gyarados|Dragon Dance|p1b: Gyarados\n|-boost|p1b: Gyarados|atk|1\n|-boost|p1b: Gyarados|spe|1\n|\n|-weather|Snowscape|[upkeep]\n|upkeep\n|turn|4\n|\n|t:|1776504540\n|move|p1a: Scovillain|Rage Powder|p1a: Scovillain\n|-singleturn|p1a: Scovillain|move: Rage Powder\n|move|p2b: Crabominable|Ice Hammer|p1a: Scovillain\n|-damage|p1a: Scovillain|11/100\n|-unboost|p2b: Crabominable|spe|1\n|-status|p2b: Crabominable|brn|[from] ability: Spicy Spray|[of] p1a: Scovillain\n|move|p2a: Salazzle|Toxic|p1a: Scovillain\n|-status|p1a: Scovillain|tox\n|move|p1b: Gyarados|Dragon Dance|p1b: Gyarados\n|-boost|p1b: Gyarados|atk|1\n|-boost|p1b: Gyarados|spe|1\n|\n|-weather|Snowscape|[upkeep]\n|-damage|p1a: Scovillain|5/100 tox|[from] psn\n|-damage|p2b: Crabominable|25/100 brn|[from] brn\n|upkeep\n|turn|5\n|inactive|beehivez1 has 30 seconds left.\n|\n|t:|1776504573\n|move|p2b: Crabominable|Thunder Punch|p1b: Gyarados\n|-supereffective|p1b: Gyarados|2\n|-enditem|p1b: Gyarados|Wacan Berry|[eat]\n|-enditem|p1b: Gyarados|Wacan Berry|[weaken]\n|-damage|p1b: Gyarados|41/100\n|move|p1a: Scovillain|Energy Ball|p2a: Salazzle\n|-resisted|p2a: Salazzle|2\n|-damage|p2a: Salazzle|82/100\n|move|p2a: Salazzle|Encore|p1a: Scovillain\n|-start|p1a: Scovillain|Encore\n|move|p1b: Gyarados|Dragon Dance|p1b: Gyarados\n|-boost|p1b: Gyarados|atk|1\n|-boost|p1b: Gyarados|spe|1\n|\n|-weather|Snowscape|[upkeep]\n|-damage|p1a: Scovillain|0 fnt|[from] psn\n|faint|p1a: Scovillain\n|-damage|p2b: Crabominable|19/100 brn|[from] brn\n|-end|p1b: Gyarados|Encore\n|-fieldend|move: Trick Room\n|upkeep\n|inactive|kendytelusma1234 has 30 seconds left.\n|l|\u2606kendytelusma1234\n|inactive|kendytelusma1234 disconnected and has a minute to reconnect!\n|player|p1|\n|inactive|kendytelusma1234 has 20 seconds left.\n|inactive|kendytelusma1234 has 15 seconds left.\n|inactive|kendytelusma1234 has 10 seconds left.\n|inactive|kendytelusma1234 has 5 seconds left.\n|-message|kendytelusma1234 lost due to inactivity.\n|\n|win|beehivez1\n|raw|kendytelusma1234's rating: 1117 &rarr; <strong>1088</strong><br />(-29 for losing)\n|raw|beehivez1's rating: 1055 &rarr; <strong>1092</strong><br />(+37 for winning)\n|j|\u2606kendytelusma1234\n|player|p1|kendytelusma1234|170|\n",
  "uploadtime": 1776504656,
  "views": 13,
  "formatid": "gen9championsvgc2026regma",
  "rating": 1088,
  "private": 0,
  "password": null
}