{
  "id": "gen9championsvgc2026regma-2585772767",
  "format": "[Gen 9 Champions] VGC 2026 Reg M-A",
  "players": [
    "Phillip Blevin",
    "SkepticalSlowpoke"
  ],
  "log": "|j|\u2606Phillip Blevin\n|j|\u2606SkepticalSlowpoke\n|t:|1776369570\n|gametype|doubles\n|player|p1|Phillip Blevin|cynthia-masters4|1284\n|player|p2|SkepticalSlowpoke|ethan|1206\n|gen|9\n|tier|[Gen 9 Champions] VGC 2026 Reg M-A\n|rated|\n|rule|Species Clause: Limit one of each Pok\u00e9mon\n|rule|Item Clause: Limit 1 of each item\n|clearpoke\n|poke|p1|Aerodactyl, L50, F|\n|poke|p1|Corviknight, L50, M|\n|poke|p1|Garchomp, L50, F|\n|poke|p1|Arcanine-Hisui, L50, F|\n|poke|p1|Froslass, L50, F|\n|poke|p1|Rotom-Wash, L50|\n|poke|p2|Pelipper, L50, M|\n|poke|p2|Basculegion, L50, M|\n|poke|p2|Incineroar, L50, M|\n|poke|p2|Sinistcha-Masterpiece, L50|\n|poke|p2|Aggron, L50, M|\n|poke|p2|Dragonite, L50, F|\n|teampreview|4\n|inactive|Battle timer is ON: inactive players will automatically lose when time's up. (requested by Phillip Blevin)\nPhillip Blevin has agreed to open team sheets.\n|\n|t:|1776369588\n|teamsize|p1|4\n|teamsize|p2|4\n|start\n|switch|p1a: Garchomp|Garchomp, L50, F|100/100\n|switch|p1b: Rotom|Rotom-Wash, L50|100/100\n|switch|p2a: Aggron|Aggron, L50, M, shiny|100/100\n|switch|p2b: Incineroar|Incineroar, L50, M, shiny|100/100\n|-ability|p2b: Incineroar|Intimidate|boost\n|-unboost|p1a: Garchomp|atk|1\n|-unboost|p1b: Rotom|atk|1\n|turn|1\n|\n|t:|1776369600\n|detailschange|p2a: Aggron|Aggron-Mega, L50, M, shiny\n|-mega|p2a: Aggron|Aggron|Aggronite\n|move|p1a: Garchomp|Protect|p1a: Garchomp\n|-singleturn|p1a: Garchomp|Protect\n|move|p2b: Incineroar|Fake Out|p1a: Garchomp\n|-activate|p1a: Garchomp|move: Protect\n|move|p1b: Rotom|Hydro Pump|p2b: Incineroar\n|-supereffective|p2b: Incineroar|1\n|-damage|p2b: Incineroar|40/100\n|move|p2a: Aggron|Iron Defense|p2a: Aggron\n|-boost|p2a: Aggron|def|2\n|\n|upkeep\n|turn|2\n|\n|t:|1776369619\n|move|p1b: Rotom|Hydro Pump|p2a: Aggron\n|-damage|p2a: Aggron|68/100\n|move|p1a: Garchomp|Earthquake|p2b: Incineroar|[spread] p2a,p2b\n|-immune|p1b: Rotom|[from] ability: Levitate\n|-supereffective|p2a: Aggron|1\n|-supereffective|p2b: Incineroar|1\n|-damage|p2a: Aggron|60/100\n|-damage|p2b: Incineroar|0 fnt\n|faint|p2b: Incineroar\n|move|p2a: Aggron|Iron Defense|p2a: Aggron\n|-boost|p2a: Aggron|def|2\n|\n|upkeep\n|\n|t:|1776369629\n|switch|p2b: Sinistcha|Sinistcha-Masterpiece, L50, shiny|100/100\n|-heal|p2a: Aggron|85/100|[from] ability: Hospitality|[of] p2b: Sinistcha\n|turn|3\n|\n|t:|1776369642\n|switch|p1a: Corviknight|Corviknight, L50, M|100/100\n|move|p1b: Rotom|Hydro Pump|p2a: Aggron\n|-damage|p2a: Aggron|52/100\n|move|p2b: Sinistcha|Matcha Gotcha|p1a: Corviknight|[spread] p1a,p1b\n|-resisted|p1a: Corviknight|2\n|-supereffective|p1b: Rotom|1\n|-damage|p1a: Corviknight|95/100\n|-damage|p1b: Rotom|43/100\n|move|p2a: Aggron|Iron Defense|p2a: Aggron\n|-boost|p2a: Aggron|def|2\n|\n|-heal|p1a: Corviknight|100/100|[from] item: Leftovers\n|upkeep\n|turn|4\n|inactive|SkepticalSlowpoke has 30 seconds left.\n|\n|t:|1776369670\n|move|p2b: Sinistcha|Rage Powder|p2b: Sinistcha\n|-singleturn|p2b: Sinistcha|move: Rage Powder\n|move|p1b: Rotom|Hydro Pump|p2b: Sinistcha\n|-resisted|p2b: Sinistcha|1\n|-damage|p2b: Sinistcha|79/100\n|move|p1a: Corviknight|Brave Bird|p2b: Sinistcha\n|-supereffective|p2b: Sinistcha|1\n|-damage|p2b: Sinistcha|28/100\n|-damage|p1a: Corviknight|86/100|[from] Recoil\n|move|p2a: Aggron|Body Press|p1b: Rotom\n|-damage|p1b: Rotom|0 fnt\n|faint|p1b: Rotom\n|\n|-heal|p2b: Sinistcha|34/100|[from] item: Leftovers\n|-heal|p1a: Corviknight|92/100|[from] item: Leftovers\n|upkeep\n|\n|t:|1776369674\n|switch|p1b: Froslass|Froslass, L50, F|100/100\n|turn|5\n|\n|t:|1776369697\n|switch|p2b: Basculegion|Basculegion, L50, M, shiny|100/100\n|move|p1b: Froslass|Protect|p1b: Froslass\n|-singleturn|p1b: Froslass|Protect\n|move|p1a: Corviknight|Brave Bird|p2b: Basculegion\n|-crit|p2b: Basculegion\n|-damage|p2b: Basculegion|28/100\n|-damage|p1a: Corviknight|69/100|[from] Recoil\n|move|p2a: Aggron|Heavy Slam|p1b: Froslass\n|-activate|p1b: Froslass|move: Protect\n|\n|-heal|p1a: Corviknight|75/100|[from] item: Leftovers\n|upkeep\n|turn|6\n|\n|t:|1776369716\n|detailschange|p1b: Froslass|Froslass-Mega, L50, F\n|-mega|p1b: Froslass|Froslass|Froslassite\n|-weather|Snowscape|[from] ability: Snow Warning|[of] p1b: Froslass\n|move|p2b: Basculegion|Wave Crash|p1a: Corviknight\n|-damage|p1a: Corviknight|32/100\n|-damage|p2b: Basculegion|13/100|[from] Recoil\n|move|p1b: Froslass|Shadow Ball|p2a: Aggron\n|-damage|p2a: Aggron|16/100\n|move|p1a: Corviknight|Body Press|p2a: Aggron\n|-supereffective|p2a: Aggron|1\n|-damage|p2a: Aggron|11/100\n|move|p2a: Aggron|Heavy Slam|p1b: Froslass\n|-supereffective|p1b: Froslass|1\n|-damage|p1b: Froslass|0 fnt\n|faint|p1b: Froslass\n|\n|-weather|Snowscape|[upkeep]\n|-heal|p1a: Corviknight|38/100|[from] item: Leftovers\n|upkeep\n|\n|t:|1776369727\n|switch|p1b: Garchomp|Garchomp, L50, F|100/100\n|turn|7\n|\n|t:|1776369737\n|switch|p2b: Sinistcha|Sinistcha-Masterpiece, L50, shiny|34/100\n|-heal|p2a: Aggron|36/100|[from] ability: Hospitality|[of] p2b: Sinistcha\n|move|p2a: Aggron|Protect|p2a: Aggron\n|-singleturn|p2a: Aggron|Protect\n|move|p1b: Garchomp|Earthquake|p2a: Aggron|[spread] p2b\n|-activate|p2a: Aggron|move: Protect\n|-immune|p1a: Corviknight\n|-resisted|p2b: Sinistcha|1\n|-damage|p2b: Sinistcha|21/100\n|move|p1a: Corviknight|Roost|p1a: Corviknight\n|-heal|p1a: Corviknight|88/100\n|-singleturn|p1a: Corviknight|move: Roost\n|\n|-weather|Snowscape|[upkeep]\n|-heal|p2b: Sinistcha|27/100|[from] item: Leftovers\n|-heal|p1a: Corviknight|94/100|[from] item: Leftovers\n|upkeep\n|turn|8\n|\n|t:|1776369762\n|switch|p2b: Basculegion|Basculegion, L50, M, shiny|13/100\n|move|p1b: Garchomp|Rock Slide|p2b: Basculegion|[spread] p2a,p2b\n|-resisted|p2a: Aggron|1\n|-crit|p2a: Aggron\n|-damage|p2a: Aggron|29/100\n|-damage|p2b: Basculegion|0 fnt\n|faint|p2b: Basculegion\n|move|p1a: Corviknight|Bulk Up|p1a: Corviknight\n|-boost|p1a: Corviknight|atk|1\n|-boost|p1a: Corviknight|def|1\n|move|p2a: Aggron|Body Press|p1b: Garchomp\n|-damage|p1b: Garchomp|0 fnt\n|-damage|p2a: Aggron|16/100|[from] ability: Rough Skin|[of] p1b: Garchomp\n|faint|p1b: Garchomp\n|\n|-weather|Snowscape|[upkeep]\n|-heal|p1a: Corviknight|99/100|[from] item: Leftovers\n|upkeep\n|\n|t:|1776369777\n|switch|p2b: Sinistcha|Sinistcha-Masterpiece, L50, shiny|27/100\n|-heal|p2a: Aggron|41/100|[from] ability: Hospitality|[of] p2b: Sinistcha\n|turn|9\n|\n|t:|1776369786\n|move|p2b: Sinistcha|Rage Powder|p2b: Sinistcha\n|-singleturn|p2b: Sinistcha|move: Rage Powder\n|move|p1a: Corviknight|Bulk Up|p1a: Corviknight\n|-boost|p1a: Corviknight|atk|1\n|-boost|p1a: Corviknight|def|1\n|move|p2a: Aggron|Body Press|p1a: Corviknight\n|-damage|p1a: Corviknight|52/100\n|\n|-weather|Snowscape|[upkeep]\n|-heal|p2b: Sinistcha|33/100|[from] item: Leftovers\n|-heal|p1a: Corviknight|58/100|[from] item: Leftovers\n|upkeep\n|turn|10\n|\n|t:|1776369804\n|move|p2b: Sinistcha|Rage Powder|p2b: Sinistcha\n|-singleturn|p2b: Sinistcha|move: Rage Powder\n|move|p1a: Corviknight|Bulk Up|p1a: Corviknight\n|-boost|p1a: Corviknight|atk|1\n|-boost|p1a: Corviknight|def|1\n|move|p2a: Aggron|Body Press|p1a: Corviknight\n|-damage|p1a: Corviknight|20/100\n|\n|-weather|none\n|-heal|p2b: Sinistcha|39/100|[from] item: Leftovers\n|-heal|p1a: Corviknight|26/100|[from] item: Leftovers\n|upkeep\n|turn|11\n|\n|t:|1776369819\n|move|p2b: Sinistcha|Rage Powder|p2b: Sinistcha\n|-singleturn|p2b: Sinistcha|move: Rage Powder\n|move|p1a: Corviknight|Brave Bird|p2b: Sinistcha\n|-supereffective|p2b: Sinistcha|1\n|-damage|p2b: Sinistcha|0 fnt\n|faint|p2b: Sinistcha\n|-damage|p1a: Corviknight|15/100|[from] Recoil\n|move|p2a: Aggron|Body Press|p1a: Corviknight\n|-damage|p1a: Corviknight|0 fnt\n|faint|p1a: Corviknight\n|\n|win|SkepticalSlowpoke\n|raw|Phillip Blevin's rating: 1284 &rarr; <strong>1253</strong><br />(-31 for losing)\n|raw|SkepticalSlowpoke's rating: 1206 &rarr; <strong>1237</strong><br />(+31 for winning)\n",
  "uploadtime": 1776369819,
  "views": 22,
  "formatid": "gen9championsvgc2026regma",
  "rating": 1237,
  "private": 0,
  "password": null
}