{
  "id": "gen9championsvgc2026regma-2580980686",
  "format": "[Gen 9 Champions] VGC 2026 Reg M-A",
  "players": [
    "lOI0IOl",
    "space9982"
  ],
  "log": "|j|\u2606lOI0IOl\n|j|\u2606space9982\n|t:|1775948699\n|gametype|doubles\n|player|p1|lOI0IOl|1|1284\n|player|p2|space9982|266|1357\n|gen|9\n|tier|[Gen 9 Champions] VGC 2026 Reg M-A\n|rated|\n|rule|Species Clause: Limit one of each Pok\u00e9mon\n|rule|Item Clause: Limit 1 of each item\n|clearpoke\n|poke|p1|Floette-Eternal, L50, F|\n|poke|p1|Garchomp, L50, F|\n|poke|p1|Aerodactyl, L50, F|\n|poke|p1|Aggron, L50, M|\n|poke|p1|Rotom-Wash, L50|\n|poke|p1|Sinistcha, L50|\n|poke|p2|Charizard, L50, M|\n|poke|p2|Whimsicott, L50, F|\n|poke|p2|Garchomp, L50, M|\n|poke|p2|Sneasler, L50, M|\n|poke|p2|Incineroar, L50, M|\n|poke|p2|Rotom-Wash, L50|\n|teampreview|4\n|inactive|Battle timer is ON: inactive players will automatically lose when time's up. (requested by space9982)\n|inactive|space9982 has 60 seconds left.\n|j| gE1xjZRtuhW2DdT0AK\n|inactive|lOI0IOl has 60 seconds left.\n|inactive|space9982 has 30 seconds left.\n|inactive|space9982 has 20 seconds left.\n|inactive|space9982 has 15 seconds left.\n|inactive|space9982 has 10 seconds left.\n|inactive|space9982 has 5 seconds left.\n|\n|t:|1775948789\n|teamsize|p1|4\n|teamsize|p2|4\n|start\n|switch|p1a: Aerodactyl|Aerodactyl, L50, F|100/100\n|switch|p1b: Garchomp|Garchomp, L50, F|100/100\n|switch|p2a: Charizard|Charizard, L50, M, shiny|100/100\n|switch|p2b: Whimsicott|Whimsicott, L50, F, shiny|100/100\n|-ability|p1a: Aerodactyl|Unnerve\n|turn|1\n|\n|t:|1775948808\n|switch|p2a: Garchomp|Garchomp, L50, M, shiny|100/100\n|move|p2b: Whimsicott|Tailwind|p2b: Whimsicott\n|-sidestart|p2: space9982|move: Tailwind\n|move|p1a: Aerodactyl|Tailwind|p1a: Aerodactyl\n|-sidestart|p1: lOI0IOl|move: Tailwind\n|move|p1b: Garchomp|Rock Slide|p2b: Whimsicott|[spread] p2a,p2b\n|-resisted|p2a: Garchomp|1\n|-damage|p2a: Garchomp|91/100\n|-damage|p2b: Whimsicott|73/100\n|\n|upkeep\n|turn|2\n|\n|t:|1775948828\n|move|p1b: Garchomp|Protect|p1b: Garchomp\n|-singleturn|p1b: Garchomp|Protect\n|move|p2b: Whimsicott|Encore|p1a: Aerodactyl\n|-start|p1a: Aerodactyl|Encore\n|move|p2a: Garchomp|Dragon Claw|p1b: Garchomp\n|-activate|p1b: Garchomp|move: Protect\n|move|p1a: Aerodactyl|Tailwind||[still]\n|-fail|p1a: Aerodactyl\n|\n|upkeep\n|turn|3\n|\n|t:|1775948842\n|switch|p1b: Rotom|Rotom-Wash, L50|100/100\n|move|p2a: Garchomp|Dragon Claw|p1b: Rotom\n|-damage|p1b: Rotom|55/100\n|move|p1a: Aerodactyl|Tailwind||[still]\n|-fail|p1a: Aerodactyl\n|move|p2b: Whimsicott|Moonblast|p1a: Aerodactyl\n|-damage|p1a: Aerodactyl|52/100\n|\n|upkeep\n|turn|4\n|\n|t:|1775948863\n|move|p2a: Garchomp|Dragon Claw|p1a: Aerodactyl\n|-damage|p1a: Aerodactyl|0 fnt\n|faint|p1a: Aerodactyl\n|move|p2b: Whimsicott|Moonblast|p1b: Rotom\n|-damage|p1b: Rotom|23/100\n|-enditem|p1b: Rotom|Sitrus Berry|[eat]\n|-heal|p1b: Rotom|48/100|[from] item: Sitrus Berry\n|move|p1b: Rotom|Volt Switch|p2b: Whimsicott\n|-resisted|p2b: Whimsicott|1\n|-damage|p2b: Whimsicott|49/100\n|\n|t:|1775948877\n|switch|p1b: Garchomp|Garchomp, L50, F|100/100|[from] Volt Switch\n|\n|-sideend|p2: space9982|move: Tailwind\n|-sideend|p1: lOI0IOl|move: Tailwind\n|upkeep\n|\n|t:|1775948884\n|switch|p1a: Floette|Floette-Eternal, L50, F|100/100\n|turn|5\n|\n|t:|1775948889\n|detailschange|p1a: Floette|Floette-Mega, L50, F\n|-mega|p1a: Floette|Floette|Floettite\n|-ability|p1a: Floette|Fairy Aura\n|move|p1b: Garchomp|Protect|p1b: Garchomp\n|-singleturn|p1b: Garchomp|Protect\n|move|p2b: Whimsicott|Tailwind|p2b: Whimsicott\n|-sidestart|p2: space9982|move: Tailwind\n|move|p2a: Garchomp|Dragon Claw|p1b: Garchomp\n|-activate|p1b: Garchomp|move: Protect\n|move|p1a: Floette|Dazzling Gleam|p2b: Whimsicott|[spread] p2a,p2b\n|-supereffective|p2a: Garchomp|1\n|-damage|p2a: Garchomp|0 fnt\n|-damage|p2b: Whimsicott|0 fnt\n|faint|p2a: Garchomp\n|faint|p2b: Whimsicott\n|\n|upkeep\n|\n|t:|1775948896\n|switch|p2b: Sneasler|Sneasler, L50, M, shiny|100/100\n|switch|p2a: Charizard|Charizard, L50, M, shiny|100/100\n|turn|6\n|\n|t:|1775948912\n|switch|p1a: Rotom|Rotom-Wash, L50|48/100\n|detailschange|p2a: Charizard|Charizard-Mega-Y, L50, M, shiny\n|-mega|p2a: Charizard|Charizard|Charizardite Y\n|-weather|SunnyDay|[from] ability: Drought|[of] p2a: Charizard\n|move|p2b: Sneasler|Fake Out|p1b: Garchomp\n|-damage|p1b: Garchomp|86/100\n|-damage|p2b: Sneasler|88/100|[from] ability: Rough Skin|[of] p1b: Garchomp\n|move|p2a: Charizard|Heat Wave|p1a: Rotom|[spread] p1b\n|-miss|p2a: Charizard|p1a: Rotom\n|-resisted|p1b: Garchomp|1\n|-damage|p1b: Garchomp|49/100\n|-status|p1b: Garchomp|brn\n|cant|p1b: Garchomp|flinch\n|\n|-weather|SunnyDay|[upkeep]\n|-damage|p1b: Garchomp|43/100 brn|[from] brn\n|upkeep\n|turn|7\n|inactive|lOI0IOl has 30 seconds left.\n|\n|t:|1775948940\n|move|p2b: Sneasler|Close Combat|p1b: Garchomp\n|-damage|p1b: Garchomp|0 fnt\n|-unboost|p2b: Sneasler|def|1\n|-unboost|p2b: Sneasler|spd|1\n|-damage|p2b: Sneasler|76/100|[from] ability: Rough Skin|[of] p1b: Garchomp\n|faint|p1b: Garchomp\n|-enditem|p2b: Sneasler|White Herb\n|-clearnegativeboost|p2b: Sneasler|[silent]\n|move|p2a: Charizard|Solar Beam||[still]\n|-prepare|p2a: Charizard|Solar Beam\n|-anim|p2a: Charizard|Solar Beam|p1a: Rotom\n|-supereffective|p1a: Rotom|1\n|-crit|p1a: Rotom\n|-damage|p1a: Rotom|0 fnt\n|faint|p1a: Rotom\n|\n|-weather|SunnyDay|[upkeep]\n|upkeep\n|\n|t:|1775948944\n|switch|p1b: Floette|Floette-Mega, L50, F|100/100\n|-ability|p1b: Floette|Fairy Aura\n|turn|8\n|-message|lOI0IOl forfeited.\n|\n|win|space9982\n|raw|lOI0IOl's rating: 1284 &rarr; <strong>1264</strong><br />(-20 for losing)\n|raw|space9982's rating: 1357 &rarr; <strong>1373</strong><br />(+16 for winning)\n|l|\u2606lOI0IOl\n|player|p1|\n|l|\u2606space9982\n|player|p2|\n",
  "uploadtime": 1775948956,
  "views": 21,
  "formatid": "gen9championsvgc2026regma",
  "rating": 1264,
  "private": 0,
  "password": null
}