{
  "id": "gen9championsvgc2026regma-2580897027",
  "format": "[Gen 9 Champions] VGC 2026 Reg M-A",
  "players": [
    "ambatakumph",
    "jyotsha"
  ],
  "log": "|j|\u2606ambatakumph\n|j|\u2606jyotsha\n|t:|1775941444\n|gametype|doubles\n|player|p1|ambatakumph|169|1085\n|player|p2|jyotsha|102|1191\n|gen|9\n|tier|[Gen 9 Champions] VGC 2026 Reg M-A\n|rated|\n|rule|Species Clause: Limit one of each Pok\u00e9mon\n|rule|Item Clause: Limit 1 of each item\n|clearpoke\n|poke|p1|Froslass, L50, F|\n|poke|p1|Orthworm, L50, M|\n|poke|p1|Basculegion, L50, M|\n|poke|p1|Garchomp, L50, F|\n|poke|p1|Incineroar, L50, M|\n|poke|p1|Rotom-Frost, L50|\n|poke|p2|Aegislash, L50, M|\n|poke|p2|Aerodactyl, L50, F|\n|poke|p2|Incineroar, L50, M|\n|poke|p2|Lucario, L50, F|\n|poke|p2|Milotic, L50, M|\n|poke|p2|Rotom-Wash, L50|\n|teampreview|4\n|inactive|Battle timer is ON: inactive players will automatically lose when time's up. (requested by ambatakumph)\n|inactive|ambatakumph has 60 seconds left.\n|\n|t:|1775941482\n|teamsize|p1|4\n|teamsize|p2|4\n|start\n|switch|p1a: Orthworm|Orthworm, L50, M, shiny|100/100\n|switch|p1b: Garchomp|Garchomp, L50, F|100/100\n|switch|p2a: Milotic|Milotic, L50, M|100/100\n|switch|p2b: Aegislash|Aegislash, L50, M|100/100\n|turn|1\n|inactive|jyotsha has 30 seconds left.\n|\n|t:|1775941507\n|switch|p2b: Rotom|Rotom-Wash, L50|100/100\n|move|p1b: Garchomp|Earthquake|p2a: Milotic|[spread] p2a\n|-immune|p1a: Orthworm|[from] ability: Earth Eater\n|-immune|p2b: Rotom|[from] ability: Levitate\n|-damage|p2a: Milotic|65/100\n|move|p2a: Milotic|Muddy Water|p1b: Garchomp|[spread] p1a,p1b\n|-damage|p1a: Orthworm|76/100\n|-damage|p1b: Garchomp|72/100\n|-unboost|p1a: Orthworm|accuracy|1\n|move|p1a: Orthworm|Shed Tail|p1a: Orthworm\n|-start|p1a: Orthworm|Substitute|[from] move: Shed Tail\n|-damage|p1a: Orthworm|26/100\n|-enditem|p1a: Orthworm|Sitrus Berry|[eat]\n|-heal|p1a: Orthworm|51/100|[from] item: Sitrus Berry\n|\n|t:|1775941525\n|switch|p1a: Froslass|Froslass, L50, F, shiny|100/100|[from] Shed Tail\n|\n|-heal|p2a: Milotic|71/100|[from] item: Leftovers\n|upkeep\n|turn|2\n|\n|t:|1775941546\n|move|p2b: Rotom|Electroweb|p1a: Froslass|[spread] p1a\n|-immune|p1b: Garchomp\n|-end|p1a: Froslass|Substitute\n|move|p1a: Froslass|Nasty Plot|p1a: Froslass\n|-boost|p1a: Froslass|spa|2\n|move|p1b: Garchomp|Rock Slide|p2a: Milotic|[spread] p2a,p2b\n|-damage|p2a: Milotic|51/100\n|-damage|p2b: Rotom|74/100\n|move|p2a: Milotic|Ice Beam|p1b: Garchomp\n|-supereffective|p1b: Garchomp|2\n|-damage|p1b: Garchomp|0 fnt\n|faint|p1b: Garchomp\n|\n|-heal|p2a: Milotic|57/100|[from] item: Leftovers\n|upkeep\n|\n|t:|1775941562\n|switch|p1b: Basculegion|Basculegion, L50, M, shiny|100/100\n|turn|3\n|\n|t:|1775941585\n|move|p1a: Froslass|Protect|p1a: Froslass\n|-singleturn|p1a: Froslass|Protect\n|move|p2b: Rotom|Electroweb|p1a: Froslass|[spread] p1b\n|-activate|p1a: Froslass|move: Protect\n|-supereffective|p1b: Basculegion|1\n|-damage|p1b: Basculegion|52/100\n|-unboost|p1b: Basculegion|spe|1\n|move|p1b: Basculegion|Last Respects|p2b: Rotom\n|-damage|p2b: Rotom|0 fnt\n|faint|p2b: Rotom\n|move|p2a: Milotic|Muddy Water|p1a: Froslass|[spread] p1b\n|-activate|p1a: Froslass|move: Protect\n|-resisted|p1b: Basculegion|1\n|-damage|p1b: Basculegion|37/100\n|-unboost|p1b: Basculegion|accuracy|1\n|\n|-heal|p2a: Milotic|63/100|[from] item: Leftovers\n|upkeep\n|\n|t:|1775941605\n|switch|p2b: Aegislash|Aegislash, L50, M|100/100\n|turn|4\n|\n|t:|1775941618\n|detailschange|p1a: Froslass|Froslass-Mega, L50, F, shiny\n|-mega|p1a: Froslass|Froslass|Froslassite\n|-weather|Snowscape|[from] ability: Snow Warning|[of] p1a: Froslass\n|-formechange|p2b: Aegislash|Aegislash-Blade|\n|move|p2b: Aegislash|Shadow Sneak|p1b: Basculegion\n|-supereffective|p1b: Basculegion|1\n|-damage|p1b: Basculegion|0 fnt\n|faint|p1b: Basculegion\n|move|p1a: Froslass|Shadow Ball|p2b: Aegislash\n|-supereffective|p2b: Aegislash|1\n|-damage|p2b: Aegislash|0 fnt\n|faint|p2b: Aegislash\n|move|p2a: Milotic|Scald|p1a: Froslass\n|-damage|p1a: Froslass|64/100\n|-status|p1a: Froslass|brn\n|\n|-weather|Snowscape|[upkeep]\n|-heal|p2a: Milotic|69/100|[from] item: Leftovers\n|-damage|p1a: Froslass|58/100 brn|[from] brn\n|upkeep\n|\n|t:|1775941635\n|switch|p1b: Orthworm|Orthworm, L50, M, shiny|51/100\n|switch|p2b: Aerodactyl|Aerodactyl, L50, F|100/100\n|turn|5\n|\n|t:|1775941658\n|detailschange|p2b: Aerodactyl|Aerodactyl-Mega, L50, F\n|-mega|p2b: Aerodactyl|Aerodactyl|Aerodactylite\n|move|p2b: Aerodactyl|Rock Slide|p1b: Orthworm|[spread] p1a,p1b\n|-supereffective|p1a: Froslass|1\n|-resisted|p1b: Orthworm|1\n|-damage|p1a: Froslass|0 fnt\n|-damage|p1b: Orthworm|39/100\n|faint|p1a: Froslass\n|move|p2a: Milotic|Scald|p1b: Orthworm\n|-damage|p1b: Orthworm|7/100\n|-status|p1b: Orthworm|brn\n|move|p1b: Orthworm|Iron Defense|p1b: Orthworm\n|-boost|p1b: Orthworm|def|2\n|\n|-weather|Snowscape|[upkeep]\n|-heal|p2a: Milotic|75/100|[from] item: Leftovers\n|-damage|p1b: Orthworm|0 fnt|[from] brn\n|faint|p1b: Orthworm\n|\n|win|jyotsha\n|raw|ambatakumph's rating: 1085 &rarr; <strong>1069</strong><br />(-16 for losing)\n|raw|jyotsha's rating: 1191 &rarr; <strong>1209</strong><br />(+18 for winning)\n",
  "uploadtime": 1775941658,
  "views": 13,
  "formatid": "gen9championsvgc2026regma",
  "rating": 1069,
  "private": 0,
  "password": null
}