{
  "id": "gen9championsvgc2026regma-2588846625",
  "format": "[Gen 9 Champions] VGC 2026 Reg M-A",
  "players": [
    "test123vgc456",
    "ALEXISISBEST"
  ],
  "log": "|j|\u2606test123vgc456\n|j|\u2606ALEXISISBEST\n|t:|1776677993\n|gametype|doubles\n|player|p1|test123vgc456|170|1245\n|player|p2|ALEXISISBEST|1|1216\n|gen|9\n|tier|[Gen 9 Champions] VGC 2026 Reg M-A\n|rated|\n|rule|Species Clause: Limit one of each Pok\u00e9mon\n|rule|Item Clause: Limit 1 of each item\n|clearpoke\n|poke|p1|Delphox, L50, F|\n|poke|p1|Sneasler, L50, M|\n|poke|p1|Pelipper, L50, M|\n|poke|p1|Basculegion, L50, M|\n|poke|p1|Dragonite, L50, M|\n|poke|p1|Kingambit, L50, M|\n|poke|p2|Gyarados, L50, M|\n|poke|p2|Scizor, L50, F|\n|poke|p2|Pelipper, L50, M|\n|poke|p2|Sneasler, L50, M|\n|poke|p2|Archaludon, L50, F|\n|poke|p2|Garchomp, L50, F|\n|teampreview|4\n|inactive|Battle timer is ON: inactive players will automatically lose when time's up. (requested by test123vgc456)\n|\n|t:|1776678044\n|teamsize|p1|4\n|teamsize|p2|4\n|start\n|switch|p1a: Sneasler|Sneasler, L50, M|100/100\n|switch|p1b: Dragonite|Dragonite, L50, M|100/100\n|switch|p2a: Gyarados|Gyarados, L50, M|100/100\n|switch|p2b: Pelipper|Pelipper, L50, M|100/100\n|-ability|p2a: Gyarados|Intimidate|boost\n|-unboost|p1a: Sneasler|atk|1\n|-unboost|p1b: Dragonite|atk|1\n|-weather|RainDance|[from] ability: Drizzle|[of] p2b: Pelipper\n|-enditem|p1a: Sneasler|White Herb\n|-clearnegativeboost|p1a: Sneasler|[silent]\n|turn|1\n|inactive|test123vgc456 has 30 seconds left.\n|inactive|test123vgc456 has 20 seconds left.\n|inactive|test123vgc456 has 15 seconds left.\n|\n|t:|1776678087\n|detailschange|p1b: Dragonite|Dragonite-Mega, L50, M\n|-mega|p1b: Dragonite|Dragonite|Dragoninite\n|move|p2a: Gyarados|Protect|p2a: Gyarados\n|-singleturn|p2a: Gyarados|Protect\n|move|p2b: Pelipper|Protect|p2b: Pelipper\n|-singleturn|p2b: Pelipper|Protect\n|move|p1a: Sneasler|Fake Out|p2b: Pelipper\n|-activate|p2b: Pelipper|move: Protect\n|move|p1b: Dragonite|Hurricane|p2a: Gyarados\n|-activate|p2a: Gyarados|move: Protect\n|\n|-weather|RainDance|[upkeep]\n|upkeep\n|turn|2\n|\n|t:|1776678110\n|switch|p2a: Archaludon|Archaludon, L50, F|100/100\n|move|p1a: Sneasler|Protect|p1a: Sneasler\n|-singleturn|p1a: Sneasler|Protect\n|move|p1b: Dragonite|Hurricane|p2b: Pelipper\n|-damage|p2b: Pelipper|8/100\n|move|p2b: Pelipper|Tailwind|p2b: Pelipper\n|-sidestart|p2: ALEXISISBEST|move: Tailwind\n|\n|-weather|RainDance|[upkeep]\n|upkeep\n|turn|3\n|inactive|ALEXISISBEST has 30 seconds left.\n|inactive|ALEXISISBEST has 20 seconds left.\n|\n|t:|1776678148\n|switch|p2b: Gyarados|Gyarados, L50, M|100/100\n|-ability|p2b: Gyarados|Intimidate|boost\n|-unboost|p1a: Sneasler|atk|1\n|-unboost|p1b: Dragonite|atk|1\n|move|p1a: Sneasler|Close Combat|p2a: Archaludon\n|-supereffective|p2a: Archaludon|1\n|-damage|p2a: Archaludon|24/100\n|-unboost|p1a: Sneasler|def|1\n|-unboost|p1a: Sneasler|spd|1\n|move|p2a: Archaludon|Electro Shot||[still]\n|-prepare|p2a: Archaludon|Electro Shot\n|-boost|p2a: Archaludon|spa|1\n|-anim|p2a: Archaludon|Electro Shot|p1a: Sneasler\n|-damage|p1a: Sneasler|0 fnt\n|faint|p1a: Sneasler\n|move|p1b: Dragonite|Hurricane|p2b: Gyarados\n|-damage|p2b: Gyarados|30/100\n|\n|-weather|RainDance|[upkeep]\n|upkeep\n|inactive|test123vgc456 has 30 seconds left.\n|\n|t:|1776678174\n|switch|p1a: Kingambit|Kingambit, L50, M|100/100\n|turn|4\n|inactive|ALEXISISBEST has 30 seconds left.\n|inactive|ALEXISISBEST has 20 seconds left.\n|\n|t:|1776678212\n|move|p2a: Archaludon|Protect|p2a: Archaludon\n|-singleturn|p2a: Archaludon|Protect\n|move|p1a: Kingambit|Protect|p1a: Kingambit\n|-singleturn|p1a: Kingambit|Protect\n|move|p2b: Gyarados|Waterfall|p1a: Kingambit\n|-activate|p1a: Kingambit|move: Protect\n|move|p1b: Dragonite|Tailwind|p1b: Dragonite\n|-sidestart|p1: test123vgc456|move: Tailwind\n|\n|-weather|RainDance|[upkeep]\n|upkeep\n|turn|5\n|inactive|ALEXISISBEST has 30 seconds left.\n|\n|t:|1776678241\n|detailschange|p2b: Gyarados|Gyarados-Mega, L50, M\n|-mega|p2b: Gyarados|Gyarados|Gyaradosite\n|-ability|p2b: Gyarados|Mold Breaker\n|move|p1a: Kingambit|Sucker Punch|p2b: Gyarados\n|-resisted|p2b: Gyarados|1\n|-damage|p2b: Gyarados|12/100\n|move|p2a: Archaludon|Electro Shot||[still]\n|-prepare|p2a: Archaludon|Electro Shot\n|-boost|p2a: Archaludon|spa|1\n|-anim|p2a: Archaludon|Electro Shot|p1a: Kingambit\n|-damage|p1a: Kingambit|10/100\n|move|p1b: Dragonite|Draco Meteor|p2a: Archaludon\n|-damage|p2a: Archaludon|0 fnt\n|-unboost|p1b: Dragonite|spa|2\n|faint|p2a: Archaludon\n|move|p2b: Gyarados|Crunch|p1b: Dragonite\n|-damage|p1b: Dragonite|59/100\n|-unboost|p1b: Dragonite|def|1\n|\n|-weather|none\n|-sideend|p2: ALEXISISBEST|move: Tailwind\n|upkeep\n|inactive|ALEXISISBEST has 30 seconds left.\n|\n|t:|1776678270\n|switch|p2a: Garchomp|Garchomp, L50, F|100/100\n|turn|6\n|inactive|test123vgc456 has 30 seconds left.\n|\n|t:|1776678296\n|move|p2b: Gyarados|Protect|p2b: Gyarados\n|-singleturn|p2b: Gyarados|Protect\n|move|p1a: Kingambit|Sucker Punch|p2a: Garchomp\n|-damage|p2a: Garchomp|60/100\n|-damage|p1a: Kingambit|0 fnt|[from] ability: Rough Skin|[of] p2a: Garchomp\n|faint|p1a: Kingambit\n|move|p1b: Dragonite|Draco Meteor|p2a: Garchomp\n|-supereffective|p2a: Garchomp|1\n|-damage|p2a: Garchomp|0 fnt\n|-unboost|p1b: Dragonite|spa|2\n|faint|p2a: Garchomp\n|\n|upkeep\n|\n|t:|1776678307\n|switch|p2a: Pelipper|Pelipper, L50, M|8/100\n|switch|p1a: Basculegion|Basculegion, L50, M|100/100\n|-weather|RainDance|[from] ability: Drizzle|[of] p2a: Pelipper\n|turn|7\n|\n|t:|1776678317\n|move|p1a: Basculegion|Last Respects|p2b: Gyarados\n|-resisted|p2b: Gyarados|1\n|-damage|p2b: Gyarados|0 fnt\n|faint|p2b: Gyarados\n|move|p1b: Dragonite|Hurricane|p2a: Pelipper\n|-damage|p2a: Pelipper|0 fnt\n|faint|p2a: Pelipper\n|\n|win|test123vgc456\n|raw|test123vgc456's rating: 1245 &rarr; <strong>1268</strong><br />(+23 for winning)\n|raw|ALEXISISBEST's rating: 1216 &rarr; <strong>1193</strong><br />(-23 for losing)\n|l|\u2606ALEXISISBEST\n|player|p2|\n",
  "uploadtime": 1776678322,
  "views": 9,
  "formatid": "gen9championsvgc2026regma",
  "rating": 1193,
  "private": 0,
  "password": null
}