{
  "id": "gen9championsvgc2026regma-2583134051",
  "format": "[Gen 9 Champions] VGC 2026 Reg M-A",
  "players": [
    "Kwiper",
    "Boorsie"
  ],
  "log": "|j|\u2606Kwiper\n|j|\u2606Boorsie\n|t:|1776146120\n|gametype|doubles\n|player|p1|Kwiper|sycamore|1120\n|player|p2|Boorsie|1|1139\n|gen|9\n|tier|[Gen 9 Champions] VGC 2026 Reg M-A\n|rated|\n|rule|Species Clause: Limit one of each Pok\u00e9mon\n|rule|Item Clause: Limit 1 of each item\n|clearpoke\n|poke|p1|Charizard, L50, M|\n|poke|p1|Farigiraf, L50, F|\n|poke|p1|Torkoal, L50, M|\n|poke|p1|Garchomp, L50, M|\n|poke|p1|Venusaur, L50, F|\n|poke|p1|Incineroar, L50, M|\n|poke|p2|Scovillain, L50, M|\n|poke|p2|Conkeldurr, L50, F|\n|poke|p2|Sneasler, L50, M|\n|poke|p2|Incineroar, L50, M|\n|poke|p2|Milotic, L50, M|\n|poke|p2|Farigiraf, L50, M|\n|teampreview|4\n|inactive|Battle timer is ON: inactive players will automatically lose when time's up. (requested by Kwiper)\n|inactive|Kwiper has 60 seconds left.\n|\n|t:|1776146152\n|teamsize|p1|4\n|teamsize|p2|4\n|start\n|switch|p1a: Farigiraf|Farigiraf, L50, F|100/100\n|switch|p1b: Charizard|Charizard, L50, M|100/100\n|switch|p2a: Incineroar|Incineroar, L50, M|100/100\n|switch|p2b: Milotic|Milotic, L50, M|100/100\n|-ability|p2a: Incineroar|Intimidate|boost\n|-unboost|p1a: Farigiraf|atk|1\n|-unboost|p1b: Charizard|atk|1\n|turn|1\n|inactive|Boorsie has 30 seconds left.\n|\n|t:|1776146183\n|detailschange|p1b: Charizard|Charizard-Mega-Y, L50, M\n|-mega|p1b: Charizard|Charizard|Charizardite Y\n|-weather|SunnyDay|[from] ability: Drought|[of] p1b: Charizard\n|move|p1b: Charizard|Solar Beam||[still]\n|-prepare|p1b: Charizard|Solar Beam\n|-anim|p1b: Charizard|Solar Beam|p2b: Milotic\n|-supereffective|p2b: Milotic|1\n|-damage|p2b: Milotic|33/100\n|-enditem|p2b: Milotic|Sitrus Berry|[eat]\n|-heal|p2b: Milotic|58/100|[from] item: Sitrus Berry\n|move|p2b: Milotic|Scald|p1a: Farigiraf\n|-damage|p1a: Farigiraf|80/100\n|move|p2a: Incineroar|Flare Blitz|p1a: Farigiraf\n|-damage|p1a: Farigiraf|0 fnt\n|faint|p1a: Farigiraf\n|-damage|p2a: Incineroar|71/100|[from] Recoil\n|\n|-weather|SunnyDay|[upkeep]\n|upkeep\n|\n|t:|1776146188\n|switch|p1a: Garchomp|Garchomp, L50, M|100/100\n|turn|2\n|inactive|Boorsie has 30 seconds left.\n|inactive|Boorsie has 20 seconds left.\n|inactive|Boorsie has 15 seconds left.\n|\n|t:|1776146229\n|move|p2b: Milotic|Protect|p2b: Milotic\n|-singleturn|p2b: Milotic|Protect\n|move|p1a: Garchomp|Earthquake|p2a: Incineroar|[spread] p2a\n|-activate|p2b: Milotic|move: Protect\n|-immune|p1b: Charizard\n|-supereffective|p2a: Incineroar|1\n|-damage|p2a: Incineroar|0 fnt\n|faint|p2a: Incineroar\n|move|p1b: Charizard|Heat Wave|p2b: Milotic\n|-activate|p2b: Milotic|move: Protect\n|\n|-weather|SunnyDay|[upkeep]\n|upkeep\n|\n|t:|1776146244\n|switch|p2a: Scovillain|Scovillain, L50, M|100/100\n|turn|3\n|\n|t:|1776146254\n|switch|p1a: Venusaur|Venusaur, L50, F|100/100\n|detailschange|p2a: Scovillain|Scovillain-Mega, L50, M\n|-mega|p2a: Scovillain|Scovillain|Scovillainite\n|move|p2a: Scovillain|Rage Powder|p2a: Scovillain\n|-singleturn|p2a: Scovillain|move: Rage Powder\n|move|p1b: Charizard|Heat Wave|p2a: Scovillain|[spread] p2a,p2b\n|-resisted|p2b: Milotic|1\n|-damage|p2a: Scovillain|35/100\n|-damage|p2b: Milotic|36/100\n|-immune|p1b: Charizard\n|move|p2b: Milotic|Icy Wind|p1a: Venusaur|[spread] p1a,p1b\n|-supereffective|p1a: Venusaur|1\n|-damage|p1a: Venusaur|75/100\n|-damage|p1b: Charizard|88/100\n|-unboost|p1a: Venusaur|spe|1\n|-unboost|p1b: Charizard|spe|1\n|\n|-weather|SunnyDay|[upkeep]\n|upkeep\n|turn|4\n|inactive|Boorsie has 30 seconds left.\n|\n|t:|1776146285\n|switch|p2b: Sneasler|Sneasler, L50, M|100/100\n|move|p2a: Scovillain|Protect|p2a: Scovillain\n|-singleturn|p2a: Scovillain|Protect\n|move|p1a: Venusaur|Giga Drain|p2b: Sneasler\n|-resisted|p2b: Sneasler|1\n|-damage|p2b: Sneasler|78/100\n|-heal|p1a: Venusaur|85/100|[from] drain|[of] p2b: Sneasler\n|move|p1b: Charizard|Heat Wave|p2b: Sneasler|[spread] p2b\n|-activate|p2a: Scovillain|move: Protect\n|-damage|p2b: Sneasler|0 fnt\n|faint|p2b: Sneasler\n|\n|-weather|SunnyDay|[upkeep]\n|upkeep\n|\n|t:|1776146298\n|switch|p2b: Milotic|Milotic, L50, M|36/100\n|turn|5\n|\n|t:|1776146312\n|switch|p1b: Garchomp|Garchomp, L50, M|100/100\n|move|p2b: Milotic|Protect|p2b: Milotic\n|-singleturn|p2b: Milotic|Protect\n|move|p1a: Venusaur|Sludge Bomb|p2a: Scovillain\n|-supereffective|p2a: Scovillain|1\n|-damage|p2a: Scovillain|0 fnt\n|-status|p1a: Venusaur|brn|[from] ability: Spicy Spray|[of] p2a: Scovillain\n|faint|p2a: Scovillain\n|\n|-weather|none\n|-damage|p1a: Venusaur|80/100 brn|[from] brn\n|upkeep\n|turn|6\n|-message|Boorsie forfeited.\n|\n|win|Kwiper\n|raw|Kwiper's rating: 1120 &rarr; <strong>1146</strong><br />(+26 for winning)\n|raw|Boorsie's rating: 1139 &rarr; <strong>1113</strong><br />(-26 for losing)\n",
  "uploadtime": 1776146322,
  "views": 20,
  "formatid": "gen9championsvgc2026regma",
  "rating": 1113,
  "private": 0,
  "password": null
}