{
  "id": "gen9championsvgc2026regma-2587416603",
  "format": "[Gen 9 Champions] VGC 2026 Reg M-A",
  "players": [
    "cerbero412",
    "DavidTIS"
  ],
  "log": "|j|\u2606cerbero412\n|j|\u2606DavidTIS\n|t:|1776530011\n|gametype|doubles\n|player|p1|cerbero412|2|1106\n|player|p2|DavidTIS|102|1139\n|gen|9\n|tier|[Gen 9 Champions] VGC 2026 Reg M-A\n|rated|\n|rule|Species Clause: Limit one of each Pok\u00e9mon\n|rule|Item Clause: Limit 1 of each item\n|clearpoke\n|poke|p1|Sinistcha, L50|\n|poke|p1|Charizard, L50, M, shiny|\n|poke|p1|Zoroark-Hisui, L50, M, shiny|\n|poke|p1|Kingambit, L50, F|\n|poke|p1|Klefki, L50, F|\n|poke|p1|Samurott-Hisui, L50, M|\n|poke|p2|Starmie, L50|\n|poke|p2|Lucario, L50, M|\n|poke|p2|Lycanroc-Dusk, L50, M|\n|poke|p2|Hydreigon, L50, F|\n|poke|p2|Slowbro-Galar, L50, M|\n|poke|p2|Skarmory, L50, M|\n|teampreview|4\n|\n|t:|1776530039\n|teamsize|p1|4\n|teamsize|p2|4\n|start\n|switch|p1a: Charizard|Charizard, L50, M, shiny|100/100\n|switch|p1b: Klefki|Klefki, L50, F|100/100\n|switch|p2a: Lucario|Lucario, L50, M|100/100\n|switch|p2b: Hydreigon|Hydreigon, L50, F|100/100\n|turn|1\n|\n|t:|1776530065\n|switch|p2a: Starmie|Starmie, L50|100/100\n|move|p1b: Klefki|Thunder Wave|p2b: Hydreigon\n|-hint|Since gen 7, Dark is immune to Prankster moves.\n|-immune|p2b: Hydreigon\n|move|p1a: Charizard|Flamethrower|p2a: Starmie\n|-resisted|p2a: Starmie|1\n|-damage|p2a: Starmie|80/100\n|move|p2b: Hydreigon|Tailwind|p2b: Hydreigon\n|-sidestart|p2: DavidTIS|move: Tailwind\n|\n|upkeep\n|turn|2\n|\n|t:|1776530091\n|move|p2a: Starmie|Protect|p2a: Starmie\n|-singleturn|p2a: Starmie|Protect\n|move|p1b: Klefki|Thunder Wave|p2a: Starmie\n|-activate|p2a: Starmie|move: Protect\n|move|p2b: Hydreigon|Draco Meteor|p1a: Charizard\n|-damage|p1a: Charizard|0 fnt\n|-unboost|p2b: Hydreigon|spa|2\n|replace|p1a: Zoroark|Zoroark-Hisui, L50, M, shiny\n|-end|p1a: Zoroark|Illusion\n|faint|p1a: Zoroark\n|-enditem|p2b: Hydreigon|White Herb\n|-clearnegativeboost|p2b: Hydreigon|[silent]\n|\n|upkeep\n|\n|t:|1776530102\n|switch|p1a: Samurott|Samurott-Hisui, L50, M|100/100\n|turn|3\n|\n|t:|1776530126\n|detailschange|p2a: Starmie|Starmie-Mega, L50\n|-mega|p2a: Starmie|Starmie|Starminite\n|move|p1a: Samurott|Protect|p1a: Samurott\n|-singleturn|p1a: Samurott|Protect\n|move|p1b: Klefki|Thunder Wave|p2a: Starmie\n|-status|p2a: Starmie|par\n|move|p2b: Hydreigon|Draco Meteor|p1a: Samurott\n|-activate|p1a: Samurott|move: Protect\n|move|p2a: Starmie|Liquidation|p1b: Klefki\n|-damage|p1b: Klefki|27/100\n|\n|-heal|p1b: Klefki|33/100|[from] item: Leftovers\n|upkeep\n|turn|4\n|\n|t:|1776530153\n|switch|p2a: Lucario|Lucario, L50, M|100/100\n|move|p2b: Hydreigon|Draco Meteor|p1a: Samurott\n|-enditem|p1a: Samurott|Focus Sash\n|-damage|p1a: Samurott|1/100\n|-unboost|p2b: Hydreigon|spa|2\n|move|p1a: Samurott|Sacred Sword|p2b: Hydreigon\n|-supereffective|p2b: Hydreigon|1\n|-damage|p2b: Hydreigon|11/100\n|move|p1b: Klefki|Foul Play|p2a: Lucario\n|-resisted|p2a: Lucario|1\n|-damage|p2a: Lucario|85/100\n|\n|-heal|p1b: Klefki|40/100|[from] item: Leftovers\n|-sideend|p2: DavidTIS|move: Tailwind\n|upkeep\n|turn|5\n|\n|t:|1776530178\n|move|p2b: Hydreigon|Protect|p2b: Hydreigon\n|-singleturn|p2b: Hydreigon|Protect\n|move|p2a: Lucario|Vacuum Wave|p1a: Samurott\n|-supereffective|p1a: Samurott|1\n|-damage|p1a: Samurott|0 fnt\n|faint|p1a: Samurott\n|move|p1b: Klefki|Foul Play|p2b: Hydreigon\n|-activate|p2b: Hydreigon|move: Protect\n|\n|-heal|p1b: Klefki|46/100|[from] item: Leftovers\n|upkeep\n|\n|t:|1776530181\n|switch|p1a: Charizard|Charizard, L50, M, shiny|100/100\n|turn|6\n|\n|t:|1776530196\n|detailschange|p1a: Charizard|Charizard-Mega-Y, L50, M, shiny\n|-mega|p1a: Charizard|Charizard|Charizardite Y\n|-weather|SunnyDay|[from] ability: Drought|[of] p1a: Charizard\n|move|p1b: Klefki|Thunder Wave|p2a: Lucario\n|-status|p2a: Lucario|par\n|move|p1a: Charizard|Heat Wave|p2b: Hydreigon|[spread] p2b\n|-miss|p1a: Charizard|p2a: Lucario\n|-resisted|p2b: Hydreigon|1\n|-damage|p2b: Hydreigon|0 fnt\n|faint|p2b: Hydreigon\n|cant|p2a: Lucario|par\n|\n|-weather|SunnyDay|[upkeep]\n|-heal|p1b: Klefki|52/100|[from] item: Leftovers\n|upkeep\n|\n|t:|1776530211\n|switch|p2b: Lycanroc|Lycanroc-Dusk, L50, M|100/100\n|turn|7\n|\n|t:|1776530225\n|move|p2b: Lycanroc|Accelerock|p1a: Charizard\n|-supereffective|p1a: Charizard|2\n|-damage|p1a: Charizard|0 fnt\n|faint|p1a: Charizard\n|move|p1b: Klefki|Thunder Wave|p2b: Lycanroc\n|-status|p2b: Lycanroc|par\n|move|p2a: Lucario|Flash Cannon|p1b: Klefki\n|-damage|p1b: Klefki|0 fnt\n|faint|p1b: Klefki\n|\n|win|DavidTIS\n|raw|cerbero412's rating: 1106 &rarr; <strong>1083</strong><br />(-23 for losing)\n|raw|DavidTIS's rating: 1139 &rarr; <strong>1162</strong><br />(+23 for winning)\n|l|\u2606cerbero412\n|player|p1|\n",
  "uploadtime": 1776530234,
  "views": 30,
  "formatid": "gen9championsvgc2026regma",
  "rating": 1083,
  "private": 0,
  "password": null
}