{
  "id": "gen9championsvgc2026regma-2583290791",
  "format": "[Gen 9 Champions] VGC 2026 Reg M-A",
  "players": [
    "etrdyfyiu",
    "g4114n734n"
  ],
  "log": "|j|\u2606etrdyfyiu\n|j|\u2606g4114n734n\n|t:|1776163725\n|gametype|doubles\n|player|p1|etrdyfyiu|1|1073\n|player|p2|g4114n734n|lance|1000\n|gen|9\n|tier|[Gen 9 Champions] VGC 2026 Reg M-A\n|rated|\n|rule|Species Clause: Limit one of each Pok\u00e9mon\n|rule|Item Clause: Limit 1 of each item\n|clearpoke\n|poke|p1|Aggron, L50, M|\n|poke|p1|Farigiraf, L50, F|\n|poke|p1|Incineroar, L50, M|\n|poke|p1|Rotom-Wash, L50|\n|poke|p1|Pelipper, L50, M|\n|poke|p1|Dragonite, L50, F|\n|poke|p2|Altaria, L50, M|\n|poke|p2|Alcremie, L50, F|\n|poke|p2|Incineroar, L50, M|\n|poke|p2|Palafin, L50, M|\n|poke|p2|Sinistcha, L50|\n|poke|p2|Jolteon, L50, M|\n|teampreview|4\n|\n|t:|1776163801\n|teamsize|p1|4\n|teamsize|p2|4\n|start\n|switch|p1a: Farigiraf|Farigiraf, L50, F|100/100\n|switch|p1b: The Tank|Aggron, L50, M|100/100\n|switch|p2a: Altaria|Altaria, L50, M|100/100\n|switch|p2b: Jolteon|Jolteon, L50, M|100/100\n|-ability|p2a: Altaria|Cloud Nine\n|turn|1\n|\n|t:|1776163873\n|switch|p2a: Palafin|Palafin, L50, M|100/100\n|detailschange|p1b: The Tank|Aggron-Mega, L50, M\n|-mega|p1b: The Tank|Aggron|Aggronite\n|move|p2b: Jolteon|Yawn|p1b: The Tank\n|-start|p1b: The Tank|move: Yawn|[of] p2b: Jolteon\n|move|p1b: The Tank|High Horsepower|p2b: Jolteon\n|-supereffective|p2b: Jolteon|1\n|-damage|p2b: Jolteon|0 fnt\n|faint|p2b: Jolteon\n|move|p1a: Farigiraf|Trick Room|p1a: Farigiraf\n|-fieldstart|move: Trick Room|[of] p1a: Farigiraf\n|\n|upkeep\n|\n|t:|1776163886\n|switch|p2b: Sinistcha|Sinistcha, L50|100/100\n|turn|2\n|\n|t:|1776163898\n|switch|p1b: Incineroar|Incineroar, L50, M|100/100\n|-ability|p1b: Incineroar|Intimidate|boost\n|-unboost|p2a: Palafin|atk|1\n|-unboost|p2b: Sinistcha|atk|1\n|move|p2b: Sinistcha|Rage Powder|p2b: Sinistcha\n|-singleturn|p2b: Sinistcha|move: Rage Powder\n|move|p1a: Farigiraf|Psychic|p2b: Sinistcha\n|-damage|p2b: Sinistcha|70/100\n|move|p2a: Palafin|Flip Turn|p1b: Incineroar\n|-supereffective|p1b: Incineroar|1\n|-damage|p1b: Incineroar|71/100\n|\n|t:|1776163908\n|detailschange|p2a: Palafin|Palafin-Hero, L50, M\n|switch|p2a: Altaria|Altaria, L50, M|100/100|[from] Flip Turn\n|-ability|p2a: Altaria|Cloud Nine\n|\n|upkeep\n|turn|3\n|\n|t:|1776163938\n|detailschange|p2a: Altaria|Altaria-Mega, L50, M\n|-mega|p2a: Altaria|Altaria|Altarianite\n|move|p1a: Farigiraf|Helping Hand|p1b: Incineroar\n|-singleturn|p1b: Incineroar|Helping Hand|[of] p1a: Farigiraf\n|move|p1b: Incineroar|Flare Blitz|p2b: Sinistcha\n|-supereffective|p2b: Sinistcha|1\n|-damage|p2b: Sinistcha|0 fnt\n|faint|p2b: Sinistcha\n|-damage|p1b: Incineroar|50/100|[from] Recoil\n|move|p2a: Altaria|Hyper Voice|p1a: Farigiraf|[spread] p1a,p1b\n|-damage|p1a: Farigiraf|70/100\n|-damage|p1b: Incineroar|29/100\n|\n|upkeep\n|\n|t:|1776163949\n|switch|p2b: Palafin|Palafin-Hero, L50, M|100/100\n|-activate|p2b: Palafin|ability: Zero to Hero\n|turn|4\n|\n|t:|1776163970\n|move|p1a: Farigiraf|Hyper Voice|p2a: Altaria|[spread] p2a,p2b\n|-damage|p2a: Altaria|77/100\n|-damage|p2b: Palafin|71/100\n|move|p1b: Incineroar|Parting Shot|p2b: Palafin\n|-unboost|p2b: Palafin|atk|1\n|-unboost|p2b: Palafin|spa|1\n|\n|t:|1776163977\n|switch|p1b: Rotom|Rotom-Wash, L50|100/100|[from] Parting Shot\n|move|p2a: Altaria|Hyper Voice|p1a: Farigiraf|[spread] p1a,p1b\n|-damage|p1a: Farigiraf|42/100\n|-damage|p1b: Rotom|67/100\n|-enditem|p1a: Farigiraf|Sitrus Berry|[eat]\n|-heal|p1a: Farigiraf|67/100|[from] item: Sitrus Berry\n|move|p2b: Palafin|Liquidation|p1a: Farigiraf\n|-damage|p1a: Farigiraf|38/100\n|\n|-heal|p1b: Rotom|73/100|[from] item: Leftovers\n|upkeep\n|turn|5\n|\n|t:|1776163997\n|move|p1a: Farigiraf|Helping Hand|p1b: Rotom\n|-singleturn|p1b: Rotom|Helping Hand|[of] p1a: Farigiraf\n|move|p1b: Rotom|Thunderbolt|p2b: Palafin\n|-supereffective|p2b: Palafin|1\n|-damage|p2b: Palafin|0 fnt\n|faint|p2b: Palafin\n|move|p2a: Altaria|Hyper Voice|p1a: Farigiraf|[spread] p1a,p1b\n|-damage|p1a: Farigiraf|5/100\n|-damage|p1b: Rotom|36/100\n|\n|-heal|p1b: Rotom|42/100|[from] item: Leftovers\n|-fieldend|move: Trick Room\n|upkeep\n|turn|6\n|\n|t:|1776164012\n|move|p1a: Farigiraf|Helping Hand|p1b: Rotom\n|-singleturn|p1b: Rotom|Helping Hand|[of] p1a: Farigiraf\n|move|p2a: Altaria|Hyper Voice|p1b: Rotom|[spread] p1a,p1b\n|-damage|p1a: Farigiraf|0 fnt\n|-damage|p1b: Rotom|6/100\n|faint|p1a: Farigiraf\n|move|p1b: Rotom|Thunderbolt|p2a: Altaria\n|-resisted|p2a: Altaria|1\n|-damage|p2a: Altaria|45/100\n|\n|-heal|p1b: Rotom|12/100|[from] item: Leftovers\n|upkeep\n|\n|t:|1776164020\n|switch|p1a: The Tank|Aggron-Mega, L50, M|100/100\n|turn|7\n|-message|g4114n734n forfeited.\n|\n|win|etrdyfyiu\n|raw|etrdyfyiu's rating: 1073 &rarr; <strong>1096</strong><br />(+23 for winning)\n|raw|g4114n734n's rating: 1000 &rarr; <strong>1000</strong><br />(+0 for losing)\n|l|\u2606g4114n734n\n|player|p2|\n",
  "uploadtime": 1776164030,
  "views": 16,
  "formatid": "gen9championsvgc2026regma",
  "rating": 1000,
  "private": 0,
  "password": null
}