{
  "id": "gen9championsvgc2026regma-2582086692",
  "format": "[Gen 9 Champions] VGC 2026 Reg M-A",
  "players": [
    "kyedae",
    "darthbear1976"
  ],
  "log": "|j|\u2606kyedae\n|j|\u2606darthbear1976\n|t:|1776056170\n|gametype|doubles\n|player|p1|kyedae|jasmine|1117\n|player|p2|darthbear1976|pokemonranger-gen4|1083\n|gen|9\n|tier|[Gen 9 Champions] VGC 2026 Reg M-A\n|rated|\n|rule|Species Clause: Limit one of each Pok\u00e9mon\n|rule|Item Clause: Limit 1 of each item\n|clearpoke\n|poke|p1|Delphox, L50, M|\n|poke|p1|Sneasler, L50, M|\n|poke|p1|Kingambit, L50, F|\n|poke|p1|Clefable, L50, M|\n|poke|p1|Dragonite, L50, M|\n|poke|p1|Basculegion, L50, M|\n|poke|p2|Floette-Eternal, L50, F|\n|poke|p2|Aerodactyl, L50, M|\n|poke|p2|Corviknight, L50, M|\n|poke|p2|Garchomp, L50, F|\n|poke|p2|Palafin, L50, F|\n|poke|p2|Meowscarada, L50, M|\n|teampreview|4\n|inactive|Battle timer is ON: inactive players will automatically lose when time's up. (requested by darthbear1976)\n|inactive|kyedae also wants the timer to be on.\n|\n|t:|1776056199\n|teamsize|p1|4\n|teamsize|p2|4\n|start\n|switch|p1a: Sneasler|Sneasler, L50, M, shiny|100/100\n|switch|p1b: Basculegion|Basculegion, L50, M, shiny|100/100\n|switch|p2a: Aerodactyl|Aerodactyl, L50, M|100/100\n|switch|p2b: Palafin|Palafin, L50, F, shiny|100/100\n|-ability|p2a: Aerodactyl|Unnerve\n|turn|1\n|inactive|darthbear1976 has 30 seconds left.\n|\n|t:|1776056226\n|switch|p2a: Meowscarada|Meowscarada, L50, M|100/100\n|detailschange|p2b: Palafin|Palafin-Hero, L50, F, shiny\n|switch|p2b: Floette|Floette-Eternal, L50, F|100/100\n|move|p1a: Sneasler|Fake Out|p2a: Meowscarada\n|-damage|p2a: Meowscarada|80/100\n|move|p1b: Basculegion|Flip Turn|p2a: Meowscarada\n|-resisted|p2a: Meowscarada|1\n|-damage|p2a: Meowscarada|48/100\n|\n|t:|1776056241\n|switch|p1b: Delphox|Delphox, L50, M, shiny|100/100|[from] Flip Turn\n|\n|upkeep\n|turn|2\n|\n|t:|1776056255\n|detailschange|p1b: Delphox|Delphox-Mega, L50, M, shiny\n|-mega|p1b: Delphox|Delphox|Delphoxite\n|detailschange|p2b: Floette|Floette-Mega, L50, F\n|-mega|p2b: Floette|Floette|Floettite\n|-ability|p2b: Floette|Fairy Aura\n|move|p1b: Delphox|Heat Wave|p2a: Meowscarada|[spread] p2a,p2b\n|-supereffective|p2a: Meowscarada|1\n|-crit|p2b: Floette\n|-damage|p2a: Meowscarada|0 fnt\n|-damage|p2b: Floette|50/100\n|faint|p2a: Meowscarada\n|move|p1a: Sneasler|Dire Claw|p2b: Floette\n|-supereffective|p2b: Floette|1\n|-damage|p2b: Floette|0 fnt\n|faint|p2b: Floette\n|\n|upkeep\n|\n|t:|1776056268\n|switch|p2a: Palafin|Palafin-Hero, L50, F, shiny|100/100\n|switch|p2b: Aerodactyl|Aerodactyl, L50, M|100/100\n|-ability|p2b: Aerodactyl|Unnerve\n|-activate|p2a: Palafin|ability: Zero to Hero\n|turn|3\n|inactive|kyedae has 30 seconds left.\n|\n|t:|1776056296\n|move|p2a: Palafin|Jet Punch|p1b: Delphox\n|-supereffective|p1b: Delphox|1\n|-damage|p1b: Delphox|0 fnt\n|faint|p1b: Delphox\n|move|p2b: Aerodactyl|Tailwind|p2b: Aerodactyl\n|-sidestart|p2: darthbear1976|move: Tailwind\n|move|p1a: Sneasler|Dire Claw|p2a: Palafin\n|-damage|p2a: Palafin|61/100\n|\n|upkeep\n|\n|t:|1776056300\n|switch|p1b: Clefable|Clefable, L50, M, shiny|100/100\n|turn|4\n|inactive|darthbear1976 has 30 seconds left.\n|inactive|darthbear1976 has 20 seconds left.\n|inactive|darthbear1976 has 15 seconds left.\n|\n|t:|1776056345\n|move|p1b: Clefable|Helping Hand|p1a: Sneasler\n|-singleturn|p1a: Sneasler|Helping Hand|[of] p1b: Clefable\n|move|p2b: Aerodactyl|Dual Wingbeat|p1a: Sneasler\n|-supereffective|p1a: Sneasler|1\n|-damage|p1a: Sneasler|26/100\n|-supereffective|p1a: Sneasler|1\n|-damage|p1a: Sneasler|0 fnt\n|faint|p1a: Sneasler\n|-hitcount|p1: Sneasler|2\n|move|p2a: Palafin|Wave Crash|p1b: Clefable\n|-damage|p1b: Clefable|26/100\n|-damage|p2a: Palafin|36/100|[from] Recoil\n|\n|upkeep\n|\n|t:|1776056347\n|switch|p1a: Basculegion|Basculegion, L50, M, shiny|100/100\n|turn|5\n|inactive|darthbear1976 has 30 seconds left.\n|\n|t:|1776056380\n|move|p2a: Palafin|Jet Punch|p1b: Clefable\n|-damage|p1b: Clefable|0 fnt\n|faint|p1b: Clefable\n|move|p2b: Aerodactyl|Dual Wingbeat|p1a: Basculegion\n|-damage|p1a: Basculegion|74/100\n|-damage|p1a: Basculegion|47/100\n|-hitcount|p1a: Basculegion|2\n|move|p1a: Basculegion|Last Respects|p2a: Palafin\n|-damage|p2a: Palafin|0 fnt\n|faint|p2a: Palafin\n|\n|upkeep\n|turn|6\n|\n|t:|1776056393\n|move|p2b: Aerodactyl|Dual Wingbeat|p1a: Basculegion\n|-damage|p1a: Basculegion|21/100\n|-damage|p1a: Basculegion|0 fnt\n|faint|p1a: Basculegion\n|-hitcount|p1: Basculegion|2\n|\n|win|darthbear1976\n|raw|kyedae's rating: 1117 &rarr; <strong>1090</strong><br />(-27 for losing)\n|raw|darthbear1976's rating: 1083 &rarr; <strong>1113</strong><br />(+30 for winning)\n|l|\u2606kyedae\n|player|p1|\n",
  "uploadtime": 1776056400,
  "views": 9,
  "formatid": "gen9championsvgc2026regma",
  "rating": 1090,
  "private": 0,
  "password": null
}