{
  "id": "gen9championsvgc2026regma-2584183605",
  "format": "[Gen 9 Champions] VGC 2026 Reg M-A",
  "players": [
    "Duduo30",
    "Harven"
  ],
  "log": "|j|\u2606Duduo30\n|j|\u2606Harven\n|t:|1776235408\n|gametype|doubles\n|player|p1|Duduo30|psychic-gen4|1047\n|player|p2|Harven|ghetsis|1056\n|gen|9\n|tier|[Gen 9 Champions] VGC 2026 Reg M-A\n|rated|\n|rule|Species Clause: Limit one of each Pok\u00e9mon\n|rule|Item Clause: Limit 1 of each item\n|clearpoke\n|poke|p1|Espathra, L50, M|\n|poke|p1|Floette-Eternal, L50, F|\n|poke|p1|Sinistcha, L50|\n|poke|p1|Incineroar, L50, F|\n|poke|p1|Primarina, L50, F|\n|poke|p1|Dragonite, L50, M|\n|poke|p2|Meganium, L50, M|\n|poke|p2|Pelipper, L50, M|\n|poke|p2|Scizor, L50, M|\n|poke|p2|Basculegion, L50, M|\n|poke|p2|Heliolisk, L50, F|\n|poke|p2|Sneasler, L50, M|\n|teampreview|4\n|inactive|Battle timer is ON: inactive players will automatically lose when time's up. (requested by Duduo30)\n|inactive|Duduo30 has 60 seconds left.\n|inactive|Harven has 60 seconds left.\n|\n|t:|1776235455\n|teamsize|p1|4\n|teamsize|p2|4\n|start\n|switch|p1a: Espathra|Espathra, L50, M|100/100\n|switch|p1b: Floette|Floette-Eternal, L50, F|100/100\n|switch|p2a: Pepco|Pelipper, L50, M|100/100\n|switch|p2b: Shush|Meganium, L50, M, shiny|100/100\n|-weather|RainDance|[from] ability: Drizzle|[of] p2a: Pepco\n|turn|1\n|\n|t:|1776235475\n|detailschange|p1b: Floette|Floette-Mega, L50, F\n|-mega|p1b: Floette|Floette|Floettite\n|-ability|p1b: Floette|Fairy Aura\n|detailschange|p2b: Shush|Meganium-Mega, L50, M, shiny\n|-mega|p2b: Shush|Meganium|Meganiumite\n|move|p1b: Floette|Protect|p1b: Floette\n|-singleturn|p1b: Floette|Protect\n|move|p1a: Espathra|Calm Mind|p1a: Espathra\n|-boost|p1a: Espathra|spa|1\n|-boost|p1a: Espathra|spd|1\n|move|p2a: Pepco|Tailwind|p2a: Pepco\n|-sidestart|p2: Harven|move: Tailwind\n|move|p2b: Shush|Solar Beam||[still]\n|-prepare|p2b: Shush|Solar Beam\n|-activate|p2b: Shush|ability: Mega Sol\n|-anim|p2b: Shush|Solar Beam|p1b: Floette\n|-activate|p1b: Floette|move: Protect\n|\n|-weather|RainDance|[upkeep]\n|-ability|p1a: Espathra|Speed Boost|boost\n|-boost|p1a: Espathra|spe|1\n|upkeep\n|turn|2\n|inactive|Duduo30 has 30 seconds left.\n|inactive|Harven has 30 seconds left.\n|\n|t:|1776235506\n|move|p2a: Pepco|Hurricane|p1b: Floette\n|-damage|p1b: Floette|70/100\n|-start|p1b: Floette|confusion\n|move|p1a: Espathra|Calm Mind|p1a: Espathra\n|-boost|p1a: Espathra|spa|1\n|-boost|p1a: Espathra|spd|1\n|move|p2b: Shush|Solar Beam||[still]\n|-prepare|p2b: Shush|Solar Beam\n|-activate|p2b: Shush|ability: Mega Sol\n|-anim|p2b: Shush|Solar Beam|p1b: Floette\n|-crit|p1b: Floette\n|-damage|p1b: Floette|0 fnt\n|faint|p1b: Floette\n|\n|-weather|RainDance|[upkeep]\n|-ability|p1a: Espathra|Speed Boost|boost\n|-boost|p1a: Espathra|spe|1\n|upkeep\n|\n|t:|1776235521\n|switch|p1b: Incineroar|Incineroar, L50, F|100/100\n|-ability|p1b: Incineroar|Intimidate|boost\n|-unboost|p2a: Pepco|atk|1\n|-unboost|p2b: Shush|atk|1\n|turn|3\n|\n|t:|1776235541\n|move|p1b: Incineroar|Fake Out|p2a: Pepco\n|-damage|p2a: Pepco|83/100\n|move|p1a: Espathra|Lumina Crash|p2b: Shush\n|-damage|p2b: Shush|43/100\n|-unboost|p2b: Shush|spd|2\n|cant|p2a: Pepco|flinch\n|move|p2b: Shush|Solar Beam||[still]\n|-prepare|p2b: Shush|Solar Beam\n|-activate|p2b: Shush|ability: Mega Sol\n|-anim|p2b: Shush|Solar Beam|p1a: Espathra\n|-damage|p1a: Espathra|51/100\n|\n|-weather|RainDance|[upkeep]\n|-ability|p1a: Espathra|Speed Boost|boost\n|-boost|p1a: Espathra|spe|1\n|upkeep\n|turn|4\n|inactive|Duduo30 has 30 seconds left.\n|inactive|Harven has 30 seconds left.\n|inactive|Duduo30 has 20 seconds left.\n|inactive|Duduo30 has 15 seconds left.\n|\n|t:|1776235583\n|switch|p1b: Sinistcha|Sinistcha, L50|100/100\n|-heal|p1a: Espathra|75/100|[from] ability: Hospitality|[of] p1b: Sinistcha\n|move|p1a: Espathra|Calm Mind|p1a: Espathra\n|-boost|p1a: Espathra|spa|1\n|-boost|p1a: Espathra|spd|1\n|move|p2a: Pepco|Hurricane|p1a: Espathra\n|-damage|p1a: Espathra|51/100\n|move|p2b: Shush|Solar Beam||[still]\n|-prepare|p2b: Shush|Solar Beam\n|-activate|p2b: Shush|ability: Mega Sol\n|-anim|p2b: Shush|Solar Beam|p1a: Espathra\n|-damage|p1a: Espathra|11/100\n|\n|-weather|RainDance|[upkeep]\n|-sideend|p2: Harven|move: Tailwind\n|-ability|p1a: Espathra|Speed Boost|boost\n|-boost|p1a: Espathra|spe|1\n|upkeep\n|turn|5\n|\n|t:|1776235607\n|move|p1a: Espathra|Protect|p1a: Espathra\n|-singleturn|p1a: Espathra|Protect\n|move|p2a: Pepco|Hurricane|p1b: Sinistcha\n|-supereffective|p1b: Sinistcha|1\n|-damage|p1b: Sinistcha|0 fnt\n|faint|p1b: Sinistcha\n|move|p2b: Shush|Solar Beam||[still]\n|-prepare|p2b: Shush|Solar Beam\n|-activate|p2b: Shush|ability: Mega Sol\n|-anim|p2b: Shush|Solar Beam|p1a: Espathra\n|-activate|p1a: Espathra|move: Protect\n|\n|-weather|none\n|-ability|p1a: Espathra|Speed Boost|boost\n|-boost|p1a: Espathra|spe|1\n|upkeep\n|\n|t:|1776235612\n|switch|p1b: Incineroar|Incineroar, L50, F|100/100\n|-ability|p1b: Incineroar|Intimidate|boost\n|-unboost|p2a: Pepco|atk|1\n|-unboost|p2b: Shush|atk|1\n|turn|6\n|inactive|Harven has 30 seconds left.\n|inactive|Harven has 20 seconds left.\n|\n|t:|1776235650\n|switch|p2a: Vysh|Basculegion, L50, M, shiny|100/100\n|move|p1b: Incineroar|Fake Out|p2b: Shush\n|-damage|p2b: Shush|32/100\n|move|p1a: Espathra|Lumina Crash|p2a: Vysh\n|-damage|p2a: Vysh|14/100\n|-unboost|p2a: Vysh|spd|2\n|cant|p2b: Shush|flinch\n|\n|-ability|p1a: Espathra|Speed Boost|boost\n|-boost|p1a: Espathra|spe|1\n|upkeep\n|turn|7\n|inactive|Duduo30 has 30 seconds left.\n|\n|t:|1776235679\n|move|p1a: Espathra|Protect|p1a: Espathra\n|-singleturn|p1a: Espathra|Protect\n|move|p2a: Vysh|Flip Turn|p1b: Incineroar\n|-supereffective|p1b: Incineroar|1\n|-damage|p1b: Incineroar|47/100\n|-enditem|p1b: Incineroar|Sitrus Berry|[eat]\n|-heal|p1b: Incineroar|72/100|[from] item: Sitrus Berry\n|\n|t:|1776235686\n|switch|p2a: Pepco|Pelipper, L50, M|83/100|[from] Flip Turn\n|-weather|RainDance|[from] ability: Drizzle|[of] p2a: Pepco\n|move|p2b: Shush|Solar Beam||[still]\n|-prepare|p2b: Shush|Solar Beam\n|-activate|p2b: Shush|ability: Mega Sol\n|-anim|p2b: Shush|Solar Beam|p1a: Espathra\n|-activate|p1a: Espathra|move: Protect\n|move|p1b: Incineroar|Darkest Lariat|p2a: Pepco\n|-damage|p2a: Pepco|31/100\n|\n|-weather|RainDance|[upkeep]\n|upkeep\n|turn|8\n|inactive|Harven has 30 seconds left.\n|\n|t:|1776235715\n|move|p1a: Espathra|Lumina Crash|p2b: Shush\n|-crit|p2b: Shush\n|-damage|p2b: Shush|0 fnt\n|faint|p2b: Shush\n|move|p2a: Pepco|Tailwind|p2a: Pepco\n|-sidestart|p2: Harven|move: Tailwind\n|move|p1b: Incineroar|Darkest Lariat|p2a: Pepco\n|-damage|p2a: Pepco|0 fnt\n|faint|p2a: Pepco\n|\n|-weather|RainDance|[upkeep]\n|upkeep\n|\n|t:|1776235726\n|switch|p2a: Vysh|Basculegion, L50, M, shiny|14/100\n|switch|p2b: Mejlark|Scizor, L50, M|100/100\n|turn|9\n|\n|t:|1776235740\n|move|p1a: Espathra|Lumina Crash|p2a: Vysh\n|-damage|p2a: Vysh|0 fnt\n|faint|p2a: Vysh\n|move|p2b: Mejlark|Swords Dance|p2b: Mejlark\n|-boost|p2b: Mejlark|atk|2\n|move|p1b: Incineroar|Flare Blitz|p2b: Mejlark\n|-supereffective|p2b: Mejlark|2\n|-damage|p2b: Mejlark|0 fnt\n|faint|p2b: Mejlark\n|-damage|p1b: Incineroar|48/100|[from] Recoil\n|\n|win|Duduo30\n|raw|Duduo30's rating: 1047 &rarr; <strong>1081</strong><br />(+34 for winning)\n|raw|Harven's rating: 1056 &rarr; <strong>1037</strong><br />(-19 for losing)\n|l|\u2606Harven\n|player|p2|\n",
  "uploadtime": 1776235753,
  "views": 27,
  "formatid": "gen9championsvgc2026regma",
  "rating": 1037,
  "private": 0,
  "password": null
}