{
  "id": "gen9championsvgc2026regma-2582411473",
  "format": "[Gen 9 Champions] VGC 2026 Reg M-A",
  "players": [
    "grotto22",
    "Azure Resolution"
  ],
  "log": "|j|\u2606grotto22\n|j|\u2606Azure Resolution\n|t:|1776089940\n|gametype|doubles\n|player|p1|grotto22|li|1045\n|player|p2|Azure Resolution|gentleman-gen4dp|1123\n|gen|9\n|tier|[Gen 9 Champions] VGC 2026 Reg M-A\n|rated|\n|rule|Species Clause: Limit one of each Pok\u00e9mon\n|rule|Item Clause: Limit 1 of each item\n|clearpoke\n|poke|p1|Meganium, L50, M|\n|poke|p1|Politoed, L50, F|\n|poke|p1|Talonflame, L50, M|\n|poke|p1|Basculegion, L50, M|\n|poke|p1|Sneasler, L50, F|\n|poke|p1|Rotom-Wash, L50|\n|poke|p2|Altaria, L50, F|\n|poke|p2|Whimsicott, L50, M|\n|poke|p2|Gardevoir, L50, F|\n|poke|p2|Kingambit, L50, M|\n|poke|p2|Basculegion, L50, M|\n|poke|p2|Rotom-Heat, L50|\n|teampreview|4\n|\n|t:|1776090004\n|teamsize|p1|4\n|teamsize|p2|4\n|start\n|switch|p1a: Meganium|Meganium, L50, M|100/100\n|switch|p1b: Politoed|Politoed, L50, F|100/100\n|switch|p2a: Silly Goose|Altaria, L50, F|100/100\n|switch|p2b: Rotom|Rotom-Heat, L50|100/100\n|-ability|p2a: Silly Goose|Cloud Nine\n|-weather|RainDance|[from] ability: Drizzle|[of] p1b: Politoed\n|turn|1\n|\n|t:|1776090058\n|move|p1b: Politoed|Helping Hand|p1a: Meganium\n|-singleturn|p1a: Meganium|Helping Hand|[of] p1b: Politoed\n|move|p1a: Meganium|Dazzling Gleam|p2b: Rotom|[spread] p2a,p2b\n|-supereffective|p2a: Silly Goose|1\n|-resisted|p2b: Rotom|1\n|-damage|p2a: Silly Goose|64/100\n|-damage|p2b: Rotom|87/100\n|move|p2a: Silly Goose|Tailwind|p2a: Silly Goose\n|-sidestart|p2: Azure Resolution|move: Tailwind\n|move|p2b: Rotom|Thunderbolt|p1b: Politoed\n|-supereffective|p1b: Politoed|1\n|-damage|p1b: Politoed|30/100\n|-enditem|p1b: Politoed|Sitrus Berry|[eat]\n|-heal|p1b: Politoed|55/100|[from] item: Sitrus Berry\n|\n|-weather|RainDance|[upkeep]\n|-heal|p2a: Silly Goose|70/100|[from] item: Leftovers\n|upkeep\n|turn|2\n|\n|t:|1776090108\n|switch|p1b: Rotom|Rotom-Wash, L50, shiny|100/100\n|detailschange|p1a: Meganium|Meganium-Mega, L50, M\n|-mega|p1a: Meganium|Meganium|Meganiumite\n|move|p2a: Silly Goose|Breaking Swipe|p1a: Meganium|[spread] p1b\n|-immune|p1a: Meganium\n|-damage|p1b: Rotom|89/100\n|-unboost|p1b: Rotom|atk|1\n|move|p2b: Rotom|Thunderbolt|p1b: Rotom\n|-damage|p1b: Rotom|49/100\n|move|p1a: Meganium|Dazzling Gleam|p2b: Rotom|[spread] p2a,p2b\n|-supereffective|p2a: Silly Goose|1\n|-resisted|p2b: Rotom|1\n|-damage|p2a: Silly Goose|14/100\n|-damage|p2b: Rotom|66/100\n|\n|-weather|RainDance|[upkeep]\n|-heal|p2a: Silly Goose|20/100|[from] item: Leftovers\n|-heal|p1b: Rotom|55/100|[from] item: Leftovers\n|upkeep\n|turn|3\n|\n|t:|1776090143\n|move|p2a: Silly Goose|Protect|p2a: Silly Goose\n|-singleturn|p2a: Silly Goose|Protect\n|move|p2b: Rotom|Overheat|p1a: Meganium\n|-supereffective|p1a: Meganium|1\n|-damage|p1a: Meganium|0 fnt\n|-unboost|p2b: Rotom|spa|2\n|faint|p1a: Meganium\n|-enditem|p2b: Rotom|White Herb\n|-clearnegativeboost|p2b: Rotom|[silent]\n|move|p1b: Rotom|Thunder|p2b: Rotom\n|-resisted|p2b: Rotom|1\n|-crit|p2b: Rotom\n|-damage|p2b: Rotom|32/100\n|\n|-weather|RainDance|[upkeep]\n|-heal|p2a: Silly Goose|26/100|[from] item: Leftovers\n|-heal|p1b: Rotom|61/100|[from] item: Leftovers\n|upkeep\n|\n|t:|1776090158\n|switch|p1a: Talonflame|Talonflame, L50, M|100/100\n|turn|4\n|\n|t:|1776090204\n|switch|p2a: Gardevoir|Gardevoir, L50, F, shiny|100/100\n|-ability|p2a: Gardevoir|Levitate|Trace|[from] ability: Trace|[of] p1b: Rotom\n|move|p1a: Talonflame|Tailwind|p1a: Talonflame\n|-sidestart|p1: grotto22|move: Tailwind\n|move|p1b: Rotom|Electroweb|p2b: Rotom|[spread] p2a,p2b\n|-resisted|p2b: Rotom|1\n|-damage|p2a: Gardevoir|84/100\n|-damage|p2b: Rotom|24/100\n|-unboost|p2a: Gardevoir|spe|1\n|-unboost|p2b: Rotom|spe|1\n|move|p2b: Rotom|Thunderbolt|p1a: Talonflame\n|-supereffective|p1a: Talonflame|1\n|-enditem|p1a: Talonflame|Focus Sash\n|-damage|p1a: Talonflame|1/100\n|\n|-weather|RainDance|[upkeep]\n|-heal|p1b: Rotom|67/100|[from] item: Leftovers\n|-sideend|p2: Azure Resolution|move: Tailwind\n|upkeep\n|turn|5\n|\n|t:|1776090257\n|switch|p1a: Politoed|Politoed, L50, F|55/100\n|move|p2a: Gardevoir|Protect|p2a: Gardevoir\n|-singleturn|p2a: Gardevoir|Protect\n|move|p2b: Rotom|Protect|p2b: Rotom\n|-singleturn|p2b: Rotom|Protect\n|move|p1b: Rotom|Thunder|p2b: Rotom\n|-activate|p2b: Rotom|move: Protect\n|\n|-weather|none\n|-heal|p1b: Rotom|73/100|[from] item: Leftovers\n|upkeep\n|turn|6\n|\n|t:|1776090295\n|detailschange|p2a: Gardevoir|Gardevoir-Mega, L50, F, shiny\n|-mega|p2a: Gardevoir|Gardevoir|Gardevoirite\n|move|p1b: Rotom|Thunder|p2b: Rotom\n|-resisted|p2b: Rotom|1\n|-damage|p2b: Rotom|4/100\n|move|p1a: Politoed|Encore|p2a: Gardevoir\n|-start|p2a: Gardevoir|Encore\n|move|p2a: Gardevoir|Protect||[still]\n|-fail|p2a: Gardevoir\n|move|p2b: Rotom|Thunderbolt|p1a: Politoed\n|-supereffective|p1a: Politoed|1\n|-damage|p1a: Politoed|0 fnt\n|faint|p1a: Politoed\n|\n|-heal|p1b: Rotom|79/100|[from] item: Leftovers\n|upkeep\n|\n|t:|1776090309\n|switch|p1a: Talonflame|Talonflame, L50, M|1/100\n|turn|7\n|\n|t:|1776090328\n|switch|p2a: Silly Goose|Altaria, L50, F|26/100\n|-ability|p2a: Silly Goose|Cloud Nine\n|move|p1a: Talonflame|Flare Blitz|p2a: Silly Goose\n|-resisted|p2a: Silly Goose|1\n|-damage|p2a: Silly Goose|7/100\n|-damage|p1a: Talonflame|0 fnt|[from] Recoil\n|faint|p1a: Talonflame\n|move|p1b: Rotom|Electroweb|p2a: Silly Goose|[spread] p2a,p2b\n|-resisted|p2b: Rotom|1\n|-damage|p2a: Silly Goose|0 fnt\n|-damage|p2b: Rotom|0 fnt\n|faint|p2a: Silly Goose\n|faint|p2b: Rotom\n|\n|-heal|p1b: Rotom|85/100|[from] item: Leftovers\n|-sideend|p1: grotto22|move: Tailwind\n|upkeep\n|\n|t:|1776090340\n|switch|p2a: Basculegion|Basculegion, L50, M|100/100\n|switch|p2b: Gardevoir|Gardevoir-Mega, L50, F, shiny|84/100\n|turn|8\n|\n|t:|1776090355\n|move|p2a: Basculegion|Last Respects|p1b: Rotom\n|-damage|p1b: Rotom|0 fnt\n|faint|p1b: Rotom\n|\n|win|Azure Resolution\n|raw|grotto22's rating: 1045 &rarr; <strong>1032</strong><br />(-13 for losing)\n|raw|Azure Resolution's rating: 1123 &rarr; <strong>1142</strong><br />(+19 for winning)\n|c|\u2606Azure Resolution|ggwp\n|l|\u2606grotto22\n|player|p1|\n",
  "uploadtime": 1776090365,
  "views": 25,
  "formatid": "gen9championsvgc2026regma",
  "rating": 1032,
  "private": 0,
  "password": null
}