{
  "id": "gen9championsvgc2026regma-2585540369",
  "format": "[Gen 9 Champions] VGC 2026 Reg M-A",
  "players": [
    "Future Alice haver",
    "Trey10"
  ],
  "log": "|j|\u2606Future Alice haver\n|j|\u2606Trey10\n|t:|1776354292\n|gametype|doubles\n|player|p1|Future Alice haver|kimonogirl|1122\n|player|p2|Trey10|266|1062\n|gen|9\n|tier|[Gen 9 Champions] VGC 2026 Reg M-A\n|rated|\n|rule|Species Clause: Limit one of each Pok\u00e9mon\n|rule|Item Clause: Limit 1 of each item\n|clearpoke\n|poke|p1|Charizard, L50, M|\n|poke|p1|Venusaur, L50, F|\n|poke|p1|Orthworm, L50, M|\n|poke|p1|Garchomp, L50, M|\n|poke|p1|Maushold, L50|\n|poke|p1|Milotic, L50, F|\n|poke|p2|Floette-Eternal, L50, F|\n|poke|p2|Aegislash, L50, M|\n|poke|p2|Aerodactyl, L50, F|\n|poke|p2|Kangaskhan, L50, F|\n|poke|p2|Tauros-Paldea-Aqua, L50, M|\n|poke|p2|Gengar, L50, M|\n|teampreview|4\n|inactive|Battle timer is ON: inactive players will automatically lose when time's up. (requested by Future Alice haver)\n|inactive|Future Alice haver has 60 seconds left.\n|\n|t:|1776354334\n|teamsize|p1|4\n|teamsize|p2|4\n|start\n|switch|p1a: Garchomp|Garchomp, L50, M|100/100\n|switch|p1b: Orthworm|Orthworm, L50, M|100/100\n|switch|p2a: Floette|Floette-Eternal, L50, F|100/100\n|switch|p2b: Aerodactyl|Aerodactyl, L50, F|100/100\n|-ability|p2b: Aerodactyl|Unnerve\n|turn|1\n|inactive|Future Alice haver has 30 seconds left.\n|\n|t:|1776354360\n|switch|p1a: Venusaur|Venusaur, L50, F|100/100\n|detailschange|p2a: Floette|Floette-Mega, L50, F\n|-mega|p2a: Floette|Floette|Floettite\n|-ability|p2a: Floette|Fairy Aura\n|move|p2a: Floette|Protect|p2a: Floette\n|-singleturn|p2a: Floette|Protect\n|move|p2b: Aerodactyl|Tailwind|p2b: Aerodactyl\n|-sidestart|p2: Trey10|move: Tailwind\n|move|p1b: Orthworm|Heavy Slam|p2b: Aerodactyl\n|-supereffective|p2b: Aerodactyl|1\n|-enditem|p2b: Aerodactyl|Focus Sash\n|-damage|p2b: Aerodactyl|1/100\n|\n|upkeep\n|turn|2\n|inactive|Future Alice haver has 30 seconds left.\n|\n|t:|1776354386\n|switch|p2a: Aegislash|Aegislash, L50, M|100/100\n|move|p1a: Venusaur|Protect|p1a: Venusaur\n|-singleturn|p1a: Venusaur|Protect\n|move|p2b: Aerodactyl|Dual Wingbeat|p1a: Venusaur\n|-activate|p1a: Venusaur|move: Protect\n|move|p1b: Orthworm|Heavy Slam|p2b: Aerodactyl\n|-supereffective|p2b: Aerodactyl|1\n|-damage|p2b: Aerodactyl|0 fnt\n|faint|p2b: Aerodactyl\n|\n|upkeep\n|\n|t:|1776354398\n|switch|p2b: Tauros|Tauros-Paldea-Aqua, L50, M|100/100\n|-ability|p2b: Tauros|Intimidate|boost\n|-unboost|p1a: Venusaur|atk|1\n|-unboost|p1b: Orthworm|atk|1\n|turn|3\n|\n|t:|1776354421\n|switch|p1b: Charizard|Charizard, L50, M|100/100\n|move|p2b: Tauros|Protect|p2b: Tauros\n|-singleturn|p2b: Tauros|Protect\n|-formechange|p2a: Aegislash|Aegislash-Blade|\n|move|p2a: Aegislash|Poltergeist|p1a: Venusaur\n|-activate|p1a: Venusaur|move: Poltergeist|Leftovers\n|-crit|p1a: Venusaur\n|-damage|p1a: Venusaur|0 fnt\n|faint|p1a: Venusaur\n|\n|upkeep\n|\n|t:|1776354434\n|switch|p1a: Garchomp|Garchomp, L50, M|100/100\n|turn|4\n|\n|t:|1776354442\n|detailschange|p1b: Charizard|Charizard-Mega-Y, L50, M\n|-mega|p1b: Charizard|Charizard|Charizardite Y\n|-weather|SunnyDay|[from] ability: Drought|[of] p1b: Charizard\n|-formechange|p2a: Aegislash|Aegislash|\n|move|p2a: Aegislash|King's Shield|p2a: Aegislash\n|-singleturn|p2a: Aegislash|Protect\n|move|p2b: Tauros|Wave Crash|p1b: Charizard\n|-supereffective|p1b: Charizard|1\n|-damage|p1b: Charizard|35/100\n|-damage|p2b: Tauros|74/100|[from] Recoil\n|move|p1a: Garchomp|Earthquake|p2a: Aegislash|[spread] p2b\n|-activate|p2a: Aegislash|move: Protect\n|-immune|p1b: Charizard\n|-damage|p2b: Tauros|35/100\n|move|p1b: Charizard|Heat Wave|p2a: Aegislash|[spread] \n|-activate|p2a: Aegislash|move: Protect\n|-miss|p1b: Charizard|p2b: Tauros\n|\n|-weather|SunnyDay|[upkeep]\n|-sideend|p2: Trey10|move: Tailwind\n|upkeep\n|turn|5\n|\n|t:|1776354458\n|switch|p2a: Floette|Floette-Mega, L50, F|100/100\n|-ability|p2a: Floette|Fairy Aura\n|move|p2b: Tauros|Aqua Jet|p1b: Charizard\n|-supereffective|p1b: Charizard|1\n|-damage|p1b: Charizard|12/100\n|move|p1a: Garchomp|Earthquake|p2a: Floette|[spread] p2a,p2b\n|-immune|p1b: Charizard\n|-damage|p2a: Floette|49/100\n|-damage|p2b: Tauros|0 fnt\n|faint|p2b: Tauros\n|move|p1b: Charizard|Heat Wave|p2a: Floette|[miss]\n|-miss|p1b: Charizard|p2a: Floette\n|\n|-weather|SunnyDay|[upkeep]\n|upkeep\n|\n|t:|1776354465\n|switch|p2b: Aegislash|Aegislash, L50, M|100/100\n|turn|6\n|\n|t:|1776354488\n|switch|p1a: Orthworm|Orthworm, L50, M|100/100\n|move|p1b: Charizard|Protect|p1b: Charizard\n|-singleturn|p1b: Charizard|Protect\n|move|p2b: Aegislash|King's Shield|p2b: Aegislash\n|-singleturn|p2b: Aegislash|Protect\n|move|p2a: Floette|Dazzling Gleam|p1b: Charizard|[spread] p1a\n|-activate|p1b: Charizard|move: Protect\n|-resisted|p1a: Orthworm|1\n|-damage|p1a: Orthworm|63/100\n|\n|-weather|SunnyDay|[upkeep]\n|upkeep\n|turn|7\n|inactive|Trey10 has 30 seconds left.\n|\n|t:|1776354515\n|switch|p1b: Garchomp|Garchomp, L50, M|100/100\n|move|p2a: Floette|Dazzling Gleam|p1b: Garchomp|[spread] p1a,p1b\n|-resisted|p1a: Orthworm|1\n|-supereffective|p1b: Garchomp|1\n|-damage|p1a: Orthworm|26/100\n|-damage|p1b: Garchomp|1/100\n|-enditem|p1a: Orthworm|Sitrus Berry|[eat]\n|-heal|p1a: Orthworm|51/100|[from] item: Sitrus Berry\n|move|p1a: Orthworm|Heavy Slam|p2a: Floette\n|-supereffective|p2a: Floette|1\n|-damage|p2a: Floette|0 fnt\n|faint|p2a: Floette\n|-formechange|p2b: Aegislash|Aegislash-Blade|\n|move|p2b: Aegislash|Sacred Sword|p1a: Orthworm\n|-supereffective|p1a: Orthworm|1\n|-damage|p1a: Orthworm|4/100\n|\n|-weather|SunnyDay|[upkeep]\n|upkeep\n|turn|8\n|\n|t:|1776354531\n|-formechange|p2b: Aegislash|Aegislash|\n|move|p2b: Aegislash|King's Shield|p2b: Aegislash\n|-singleturn|p2b: Aegislash|Protect\n|move|p1b: Garchomp|Earthquake|p2b: Aegislash|[spread] \n|-activate|p2b: Aegislash|move: Protect\n|-heal|p1a: Orthworm|29/100|[from] ability: Earth Eater|[of] p1b: Garchomp\n|move|p1a: Orthworm|Heavy Slam|p2b: Aegislash\n|-activate|p2b: Aegislash|move: Protect\n|-unboost|p1a: Orthworm|atk|1\n|\n|-weather|none\n|upkeep\n|turn|9\n|\n|t:|1776354547\n|move|p1b: Garchomp|Earthquake|p2b: Aegislash|[spread] p2b\n|-heal|p1a: Orthworm|54/100|[from] ability: Earth Eater|[of] p1b: Garchomp\n|-supereffective|p2b: Aegislash|1\n|-damage|p2b: Aegislash|34/100\n|move|p1a: Orthworm|Heavy Slam|p2b: Aegislash\n|-resisted|p2b: Aegislash|1\n|-damage|p2b: Aegislash|23/100\n|-formechange|p2b: Aegislash|Aegislash-Blade|\n|move|p2b: Aegislash|Sacred Sword|p1b: Garchomp\n|-damage|p1b: Garchomp|0 fnt\n|-damage|p2b: Aegislash|11/100|[from] ability: Rough Skin|[of] p1b: Garchomp\n|faint|p1b: Garchomp\n|\n|upkeep\n|\n|t:|1776354554\n|switch|p1b: Charizard|Charizard-Mega-Y, L50, M|12/100\n|-weather|SunnyDay|[from] ability: Drought|[of] p1b: Charizard\n|turn|10\n|\n|t:|1776354563\n|move|p1b: Charizard|Protect|p1b: Charizard\n|-singleturn|p1b: Charizard|Protect\n|move|p1a: Orthworm|Protect|p1a: Orthworm\n|-singleturn|p1a: Orthworm|Protect\n|move|p2b: Aegislash|Sacred Sword|p1a: Orthworm\n|-activate|p1a: Orthworm|move: Protect\n|\n|-weather|SunnyDay|[upkeep]\n|upkeep\n|turn|11\n|\n|t:|1776354573\n|move|p1b: Charizard|Heat Wave|p2b: Aegislash|[miss]\n|-miss|p1b: Charizard|p2b: Aegislash\n|move|p1a: Orthworm|Heavy Slam|p2b: Aegislash\n|-resisted|p2b: Aegislash|1\n|-damage|p2b: Aegislash|0 fnt\n|faint|p2b: Aegislash\n|\n|win|Future Alice haver\n|raw|Future Alice haver's rating: 1122 &rarr; <strong>1143</strong><br />(+21 for winning)\n|raw|Trey10's rating: 1062 &rarr; <strong>1046</strong><br />(-16 for losing)\n|l|\u2606Trey10\n|player|p2|\n",
  "uploadtime": 1776354579,
  "views": 28,
  "formatid": "gen9championsvgc2026regma",
  "rating": 1046,
  "private": 0,
  "password": null
}