{
  "id": "gen9championsvgc2026regma-2586658557",
  "format": "[Gen 9 Champions] VGC 2026 Reg M-A",
  "players": [
    "Mithozz",
    "freak luca"
  ],
  "log": "|j|\u2606Mithozz\n|j|\u2606freak luca\n|t:|1776450000\n|gametype|doubles\n|player|p1|Mithozz|hilbert|1096\n|player|p2|freak luca|ghetsis-gen5bw|1000\n|gen|9\n|tier|[Gen 9 Champions] VGC 2026 Reg M-A\n|rated|\n|rule|Species Clause: Limit one of each Pok\u00e9mon\n|rule|Item Clause: Limit 1 of each item\n|clearpoke\n|poke|p1|Meowstic, L50, M|\n|poke|p1|Venusaur, L50, F|\n|poke|p1|Torkoal, L50, M|\n|poke|p1|Milotic, L50, F|\n|poke|p1|Charizard, L50, M|\n|poke|p1|Typhlosion, L50, F|\n|poke|p2|Pelipper, L50, M|\n|poke|p2|Archaludon, L50, F|\n|poke|p2|Basculegion, L50, M|\n|poke|p2|Gengar, L50, F|\n|poke|p2|Incineroar, L50, F|\n|poke|p2|Sinistcha-Masterpiece, L50|\n|teampreview|4\n|\n|t:|1776450031\n|teamsize|p1|4\n|teamsize|p2|4\n|start\n|switch|p1a: Torkoal|Torkoal, L50, M|100/100\n|switch|p1b: Typhlosion|Typhlosion, L50, F|100/100\n|switch|p2a: Basculegion|Basculegion, L50, M|100/100\n|switch|p2b: Incineroar|Incineroar, L50, F|100/100\n|-ability|p2b: Incineroar|Intimidate|boost\n|-unboost|p1a: Torkoal|atk|1\n|-unboost|p1b: Typhlosion|atk|1\n|-weather|SunnyDay|[from] ability: Drought|[of] p1a: Torkoal\n|turn|1\n|inactive|Battle timer is ON: inactive players will automatically lose when time's up. (requested by Mithozz)\n|-activate|p1a: Torkoal|item: Quick Claw\n|\n|t:|1776450104\n|switch|p2a: Pelipper|Pelipper, L50, M|100/100\n|-weather|RainDance|[from] ability: Drizzle|[of] p2a: Pelipper\n|move|p2b: Incineroar|Fake Out|p1b: Typhlosion\n|-damage|p1b: Typhlosion|86/100\n|move|p1a: Torkoal|Lava Plume|p2b: Incineroar|[spread] p2a,p2b\n|-start|p1b: Typhlosion|ability: Flash Fire\n|-resisted|p2a: Pelipper|1\n|-resisted|p2b: Incineroar|1\n|-damage|p2a: Pelipper|92/100\n|-damage|p2b: Incineroar|95/100\n|-status|p2a: Pelipper|brn\n|cant|p1b: Typhlosion|flinch\n|\n|-weather|RainDance|[upkeep]\n|-damage|p2a: Pelipper|86/100 brn|[from] brn\n|upkeep\n|turn|2\n|inactive|Mithozz has 30 seconds left.\n|inactive|freak luca has 30 seconds left.\n|inactive|freak luca has 20 seconds left.\n|inactive|freak luca has 15 seconds left.\n|\n|t:|1776450146\n|switch|p1a: Charizard|Charizard, L50, M, shiny|100/100\n|move|p2a: Pelipper|Protect|p2a: Pelipper\n|-singleturn|p2a: Pelipper|Protect\n|move|p1b: Typhlosion|Scorching Sands|p2b: Incineroar\n|-supereffective|p2b: Incineroar|1\n|-damage|p2b: Incineroar|47/100\n|move|p2b: Incineroar|Parting Shot|p1b: Typhlosion\n|-unboost|p1b: Typhlosion|atk|1\n|-unboost|p1b: Typhlosion|spa|1\n|\n|t:|1776450161\n|switch|p2b: Gengar|Gengar, L50, F|100/100|[from] Parting Shot\n|\n|-weather|RainDance|[upkeep]\n|-damage|p2a: Pelipper|80/100 brn|[from] brn\n|upkeep\n|turn|3\n|inactive|freak luca has 30 seconds left.\n|\n|t:|1776450194\n|-end|p1b: Typhlosion|ability: Flash Fire|[silent]\n|switch|p1b: Venusaur|Venusaur, L50, F, shiny|100/100\n|switch|p2a: Basculegion|Basculegion, L50, M|100/100\n|detailschange|p2b: Gengar|Gengar-Mega, L50, F\n|-mega|p2b: Gengar|Gengar|Gengarite\n|detailschange|p1a: Charizard|Charizard-Mega-Y, L50, M, shiny\n|-mega|p1a: Charizard|Charizard|Charizardite Y\n|-weather|SunnyDay|[from] ability: Drought|[of] p1a: Charizard\n|move|p2b: Gengar|Icy Wind|p1b: Venusaur|[spread] p1a,p1b\n|-supereffective|p1b: Venusaur|1\n|-damage|p1a: Charizard|81/100\n|-damage|p1b: Venusaur|65/100\n|-unboost|p1a: Charizard|spe|1\n|-unboost|p1b: Venusaur|spe|1\n|move|p1a: Charizard|Heat Wave|p2b: Gengar|[spread] p2a,p2b\n|-resisted|p2a: Basculegion|1\n|-damage|p2a: Basculegion|64/100\n|-damage|p2b: Gengar|6/100\n|\n|-weather|SunnyDay|[upkeep]\n|upkeep\n|turn|4\n|inactive|Mithozz has 30 seconds left.\n|inactive|freak luca has 30 seconds left.\n|inactive|freak luca has 20 seconds left.\n|inactive|freak luca has 15 seconds left.\n|inactive|freak luca has 10 seconds left.\n|inactive|Mithozz has 20 seconds left.\n|inactive|Mithozz has 15 seconds left.\n|\n|t:|1776450256\n|switch|p2a: Pelipper|Pelipper, L50, M|80/100 brn\n|-weather|RainDance|[from] ability: Drizzle|[of] p2a: Pelipper\n|move|p2b: Gengar|Sludge Bomb|p1a: Charizard\n|-damage|p1a: Charizard|24/100\n|-status|p1a: Charizard|psn\n|move|p1a: Charizard|Air Slash|p2b: Gengar\n|-damage|p2b: Gengar|0 fnt\n|faint|p2b: Gengar\n|move|p1b: Venusaur|Giga Drain|p2a: Pelipper\n|-damage|p2a: Pelipper|45/100 brn\n|-heal|p1b: Venusaur|83/100|[from] drain|[of] p2a: Pelipper\n|\n|-weather|RainDance|[upkeep]\n|-damage|p1a: Charizard|12/100 psn|[from] psn\n|-damage|p2a: Pelipper|39/100 brn|[from] brn\n|upkeep\n|\n|t:|1776450275\n|switch|p2b: Incineroar|Incineroar, L50, F|47/100\n|-ability|p2b: Incineroar|Intimidate|boost\n|-unboost|p1a: Charizard|atk|1\n|-unboost|p1b: Venusaur|atk|1\n|turn|5\n|inactive|Mithozz has 30 seconds left.\n|inactive|Mithozz has 20 seconds left.\n|inactive|Mithozz has 15 seconds left.\n|inactive|Mithozz has 10 seconds left.\n|inactive|freak luca has 30 seconds left.\n|\n|t:|1776450328\n|switch|p1a: Torkoal|Torkoal, L50, M|100/100\n|-weather|SunnyDay|[from] ability: Drought|[of] p1a: Torkoal\n|move|p2a: Pelipper|Protect|p2a: Pelipper\n|-singleturn|p2a: Pelipper|Protect\n|move|p2b: Incineroar|Fake Out|p1a: Torkoal\n|-damage|p1a: Torkoal|93/100\n|move|p1b: Venusaur|Giga Drain|p2a: Pelipper\n|-activate|p2a: Pelipper|move: Protect\n|\n|-weather|SunnyDay|[upkeep]\n|-damage|p2a: Pelipper|33/100 brn|[from] brn\n|upkeep\n|turn|6\n|inactive|Mithozz has 30 seconds left.\n|inactive|freak luca has 30 seconds left.\n|inactive|Mithozz has 20 seconds left.\n|inactive|Mithozz has 15 seconds left.\n|inactive|Mithozz has 10 seconds left.\n|\n|t:|1776450376\n|move|p1b: Venusaur|Giga Drain|p2a: Pelipper\n|-damage|p2a: Pelipper|0 fnt\n|-heal|p1b: Venusaur|100/100|[from] drain|[of] p2a: Pelipper\n|faint|p2a: Pelipper\n|move|p2b: Incineroar|Darkest Lariat|p1a: Torkoal\n|-crit|p1a: Torkoal\n|-damage|p1a: Torkoal|59/100\n|move|p1a: Torkoal|Eruption|p2b: Incineroar\n|-resisted|p2b: Incineroar|1\n|-damage|p2b: Incineroar|21/100\n|\n|-weather|SunnyDay|[upkeep]\n|upkeep\n|\n|t:|1776450388\n|switch|p2a: Basculegion|Basculegion, L50, M|64/100\n|turn|7\n|inactive|freak luca has 30 seconds left.\n|\n|t:|1776450413\n|move|p1a: Torkoal|Helping Hand|p1b: Venusaur\n|-singleturn|p1b: Venusaur|Helping Hand|[of] p1a: Torkoal\n|move|p1b: Venusaur|Giga Drain|p2a: Basculegion\n|-supereffective|p2a: Basculegion|1\n|-damage|p2a: Basculegion|0 fnt\n|faint|p2a: Basculegion\n|move|p2b: Incineroar|Darkest Lariat|p1a: Torkoal\n|-damage|p1a: Torkoal|33/100\n|\n|-weather|SunnyDay|[upkeep]\n|upkeep\n|turn|8\n|-message|freak luca forfeited.\n|\n|win|Mithozz\n|raw|Mithozz's rating: 1096 &rarr; <strong>1115</strong><br />(+19 for winning)\n|raw|freak luca's rating: 1000 &rarr; <strong>1000</strong><br />(+0 for losing)\n|l|\u2606freak luca\n|player|p2|\n",
  "uploadtime": 1776450430,
  "views": 25,
  "formatid": "gen9championsvgc2026regma",
  "rating": 1000,
  "private": 0,
  "password": null
}