{
  "id": "gen9championsvgc2026regma-2582181488",
  "format": "[Gen 9 Champions] VGC 2026 Reg M-A",
  "players": [
    "xiaoliyunVGC",
    "Chuggdot"
  ],
  "log": "|j|\u2606xiaoliyunVGC\n|j|\u2606Chuggdot\n|t:|1776068289\n|gametype|doubles\n|player|p1|xiaoliyunVGC|liko|1313\n|player|p2|Chuggdot|170|1335\n|gen|9\n|tier|[Gen 9 Champions] VGC 2026 Reg M-A\n|rated|\n|rule|Species Clause: Limit one of each Pok\u00e9mon\n|rule|Item Clause: Limit 1 of each item\n|clearpoke\n|poke|p1|Ninetales-Alola, L50, F|\n|poke|p1|Basculegion, L50, M|\n|poke|p1|Manectric, L50, F|\n|poke|p1|Ditto, L50|\n|poke|p1|Sneasler, L50, M|\n|poke|p1|Arcanine-Hisui, L50, M|\n|poke|p2|Empoleon, L50, M|\n|poke|p2|Delphox, L50, F|\n|poke|p2|Kingambit, L50, M|\n|poke|p2|Garchomp, L50, F|\n|poke|p2|Clefable, L50, F|\n|poke|p2|Sneasler, L50, F|\n|teampreview|4\n|inactive|Battle timer is ON: inactive players will automatically lose when time's up. (requested by Chuggdot)\n|inactive|xiaoliyunVGC also wants the timer to be on.\n|j| CARtu348rjf90\n|\n|t:|1776068308\n|teamsize|p1|4\n|teamsize|p2|4\n|start\n|switch|p1a: Ninetales|Ninetales-Alola, L50, F, shiny|100/100\n|switch|p1b: Sneasler|Sneasler, L50, M, shiny|100/100\n|switch|p2a: Kingambit|Kingambit, L50, M|100/100\n|switch|p2b: Delphox|Delphox, L50, F|100/100\n|-weather|Snowscape|[from] ability: Snow Warning|[of] p1a: Ninetales\n|turn|1\n|\n|t:|1776068335\n|switch|p1a: Basculegion|Basculegion, L50, M, shiny|100/100\n|detailschange|p2b: Delphox|Delphox-Mega, L50, F\n|-mega|p2b: Delphox|Delphox|Delphoxite\n|move|p2b: Delphox|Psychic|p1b: Sneasler\n|-supereffective|p1b: Sneasler|2\n|-damage|p1b: Sneasler|0 fnt\n|faint|p1b: Sneasler\n|move|p2a: Kingambit|Kowtow Cleave|p1a: Basculegion\n|-supereffective|p1a: Basculegion|1\n|-enditem|p1a: Basculegion|Focus Sash\n|-damage|p1a: Basculegion|1/100\n|\n|-weather|Snowscape|[upkeep]\n|upkeep\n|\n|t:|1776068347\n|switch|p1b: Arcanine|Arcanine-Hisui, L50, M|100/100\n|-ability|p1b: Arcanine|Intimidate|boost\n|-unboost|p2a: Kingambit|atk|1\n|-ability|p2a: Kingambit|Defiant|boost\n|-boost|p2a: Kingambit|atk|2\n|-unboost|p2b: Delphox|atk|1\n|turn|2\n|\n|t:|1776068362\n|switch|p2b: Garchomp|Garchomp, L50, F|100/100\n|move|p1a: Basculegion|Aqua Jet|p2a: Kingambit\n|-damage|p2a: Kingambit|81/100\n|move|p2a: Kingambit|Sucker Punch||[still]\n|-fail|p2a: Kingambit\n|move|p1b: Arcanine|Flare Blitz|p2a: Kingambit\n|-supereffective|p2a: Kingambit|1\n|-damage|p2a: Kingambit|2/100\n|-damage|p1b: Arcanine|70/100|[from] Recoil\n|\n|-weather|Snowscape|[upkeep]\n|upkeep\n|turn|3\n|\n|t:|1776068385\n|switch|p1b: Ninetales|Ninetales-Alola, L50, F, shiny|100/100\n|switch|p2a: Delphox|Delphox-Mega, L50, F|100/100\n|move|p1a: Basculegion|Protect|p1a: Basculegion\n|-singleturn|p1a: Basculegion|Protect\n|move|p2b: Garchomp|Earthquake|p1a: Basculegion|[spread] p1b\n|-activate|p1a: Basculegion|move: Protect\n|-immune|p2a: Delphox|[from] ability: Levitate\n|-crit|p1b: Ninetales\n|-damage|p1b: Ninetales|33/100\n|\n|-weather|Snowscape|[upkeep]\n|upkeep\n|turn|4\n|\n|t:|1776068405\n|switch|p2a: Kingambit|Kingambit, L50, M|2/100\n|move|p1a: Basculegion|Aqua Jet|p2a: Kingambit\n|-damage|p2a: Kingambit|0 fnt\n|faint|p2a: Kingambit\n|move|p1b: Ninetales|Blizzard|p2b: Garchomp\n|-supereffective|p2b: Garchomp|2\n|-damage|p2b: Garchomp|0 fnt\n|faint|p2b: Garchomp\n|\n|-weather|Snowscape|[upkeep]\n|upkeep\n|\n|t:|1776068415\n|switch|p2b: Sneasler|Sneasler, L50, F|100/100\n|switch|p2a: Delphox|Delphox-Mega, L50, F|100/100\n|turn|5\n|\n|t:|1776068424\n|switch|p1b: Arcanine|Arcanine-Hisui, L50, M|70/100\n|-ability|p1b: Arcanine|Intimidate|boost\n|-unboost|p2a: Delphox|atk|1\n|-unboost|p2b: Sneasler|atk|1\n|move|p2a: Delphox|Protect|p2a: Delphox\n|-singleturn|p2a: Delphox|Protect\n|move|p1a: Basculegion|Protect|p1a: Basculegion\n|-singleturn|p1a: Basculegion|Protect\n|move|p2b: Sneasler|Dire Claw|p1a: Basculegion\n|-activate|p1a: Basculegion|move: Protect\n|\n|-weather|none\n|upkeep\n|turn|6\n|\n|t:|1776068441\n|move|p1a: Basculegion|Aqua Jet|p2a: Delphox\n|-supereffective|p2a: Delphox|1\n|-damage|p2a: Delphox|30/100\n|move|p2a: Delphox|Psychic|p1a: Basculegion\n|-damage|p1a: Basculegion|0 fnt\n|faint|p1a: Basculegion\n|move|p2b: Sneasler|Close Combat|p1b: Arcanine\n|-supereffective|p1b: Arcanine|1\n|-damage|p1b: Arcanine|0 fnt\n|-unboost|p2b: Sneasler|def|1\n|-unboost|p2b: Sneasler|spd|1\n|faint|p1b: Arcanine\n|\n|upkeep\n|\n|t:|1776068451\n|switch|p1b: Ninetales|Ninetales-Alola, L50, F, shiny|33/100\n|-weather|Snowscape|[from] ability: Snow Warning|[of] p1b: Ninetales\n|turn|7\n|\n|t:|1776068455\n|move|p1b: Ninetales|Blizzard|p2a: Delphox|[spread] p2a,p2b\n|-resisted|p2a: Delphox|1\n|-damage|p2a: Delphox|15/100\n|-damage|p2b: Sneasler|41/100\n|move|p2a: Delphox|Psychic|p1b: Ninetales\n|-damage|p1b: Ninetales|0 fnt\n|faint|p1b: Ninetales\n|\n|win|Chuggdot\n|raw|xiaoliyunVGC's rating: 1313 &rarr; <strong>1294</strong><br />(-19 for losing)\n|raw|Chuggdot's rating: 1335 &rarr; <strong>1354</strong><br />(+19 for winning)\n|l|\u2606Chuggdot\n|player|p2|\n|l|\u2606xiaoliyunVGC\n|player|p1|\n",
  "uploadtime": 1776068462,
  "views": 35,
  "formatid": "gen9championsvgc2026regma",
  "rating": 1294,
  "private": 0,
  "password": null
}