{
  "id": "gen9championsvgc2026regma-2582062609",
  "format": "[Gen 9 Champions] VGC 2026 Reg M-A",
  "players": [
    "olho do corvo",
    "Riles9000"
  ],
  "log": "|j|\u2606olho do corvo\n|j|\u2606Riles9000\n|t:|1776053339\n|gametype|doubles\n|player|p1|olho do corvo|n|1048\n|player|p2|Riles9000|hilda|1048\n|gen|9\n|tier|[Gen 9 Champions] VGC 2026 Reg M-A\n|rated|\n|rule|Species Clause: Limit one of each Pok\u00e9mon\n|rule|Item Clause: Limit 1 of each item\n|clearpoke\n|poke|p1|Greninja-*, L50, F|\n|poke|p1|Tyranitar, L50, F|\n|poke|p1|Talonflame, L50, F|\n|poke|p1|Aggron, L50, M|\n|poke|p1|Sneasler, L50, M|\n|poke|p1|Whimsicott, L50, M|\n|poke|p2|Machamp, L50, F|\n|poke|p2|Klefki, L50, F|\n|poke|p2|Incineroar, L50, M|\n|poke|p2|Floette-Eternal, L50, F|\n|poke|p2|Garchomp, L50, M|\n|poke|p2|Corviknight, L50, M|\n|teampreview|4\n|inactive|Battle timer is ON: inactive players will automatically lose when time's up. (requested by olho do corvo)\n|inactive|olho do corvo has 60 seconds left.\n|\n|t:|1776053389\n|teamsize|p1|4\n|teamsize|p2|4\n|start\n|switch|p1a: Sneasler|Sneasler, L50, M|100/100\n|switch|p1b: Greninja|Greninja, L50, F|100/100\n|switch|p2a: Machamp|Machamp, L50, F|100/100\n|switch|p2b: Klefki|Klefki, L50, F|100/100\n|turn|1\n|\n|t:|1776053414\n|switch|p1b: Talonflame|Talonflame, L50, F|100/100\n|move|p2a: Machamp|Protect|p2a: Machamp\n|-singleturn|p2a: Machamp|Protect\n|move|p1a: Sneasler|Close Combat|p2b: Klefki\n|-damage|p2b: Klefki|50/100\n|-unboost|p1a: Sneasler|def|1\n|-unboost|p1a: Sneasler|spd|1\n|move|p2b: Klefki|Trick Room|p2b: Klefki\n|-fieldstart|move: Trick Room|[of] p2b: Klefki\n|\n|upkeep\n|turn|2\n|\n|t:|1776053432\n|move|p2b: Klefki|Reflect|p2b: Klefki\n|-sidestart|p2: Riles9000|Reflect\n|move|p1b: Talonflame|Dual Wingbeat|p2a: Machamp\n|-supereffective|p2a: Machamp|1\n|-damage|p2a: Machamp|71/100\n|-supereffective|p2a: Machamp|1\n|-damage|p2a: Machamp|39/100\n|-hitcount|p2a: Machamp|2\n|move|p2a: Machamp|Darkest Lariat|p1b: Talonflame\n|-damage|p1b: Talonflame|48/100\n|move|p1a: Sneasler|Close Combat|p2b: Klefki\n|-damage|p2b: Klefki|18/100\n|-unboost|p1a: Sneasler|def|1\n|-unboost|p1a: Sneasler|spd|1\n|\n|upkeep\n|turn|3\n|\n|t:|1776053456\n|switch|p2b: Incineroar|Incineroar, L50, M|100/100\n|-ability|p2b: Incineroar|Intimidate|boost\n|-unboost|p1a: Sneasler|atk|1\n|-unboost|p1b: Talonflame|atk|1\n|move|p1b: Talonflame|Protect|p1b: Talonflame\n|-singleturn|p1b: Talonflame|Protect\n|move|p2a: Machamp|Darkest Lariat|p1b: Talonflame\n|-activate|p1b: Talonflame|move: Protect\n|move|p1a: Sneasler|Close Combat|p2b: Incineroar\n|-supereffective|p2b: Incineroar|1\n|-damage|p2b: Incineroar|63/100\n|-unboost|p1a: Sneasler|def|1\n|-unboost|p1a: Sneasler|spd|1\n|\n|upkeep\n|turn|4\n|\n|t:|1776053476\n|move|p2a: Machamp|Darkest Lariat|p1b: Talonflame\n|-damage|p1b: Talonflame|0 fnt\n|faint|p1b: Talonflame\n|move|p2b: Incineroar|Flare Blitz|p1a: Sneasler\n|-enditem|p1a: Sneasler|Focus Sash\n|-damage|p1a: Sneasler|1/100\n|-damage|p2b: Incineroar|38/100|[from] Recoil\n|-enditem|p2b: Incineroar|Sitrus Berry|[eat]\n|-heal|p2b: Incineroar|62/100|[from] item: Sitrus Berry\n|move|p1a: Sneasler|Close Combat|p2b: Incineroar\n|-supereffective|p2b: Incineroar|1\n|-damage|p2b: Incineroar|26/100\n|-unboost|p1a: Sneasler|def|1\n|-unboost|p1a: Sneasler|spd|1\n|\n|upkeep\n|\n|t:|1776053492\n|switch|p1b: Greninja|Greninja, L50, F|100/100\n|turn|5\n|\n|t:|1776053502\n|switch|p1a: Tyranitar|Tyranitar, L50, F, shiny|100/100\n|-weather|Sandstorm|[from] ability: Sand Stream|[of] p1a: Tyranitar\n|detailschange|p1b: Greninja|Greninja-Mega, L50, F\n|-mega|p1b: Greninja|Greninja|Greninjite\n|move|p2a: Machamp|Close Combat|p1b: Greninja\n|-supereffective|p1b: Greninja|1\n|-damage|p1b: Greninja|0 fnt\n|-unboost|p2a: Machamp|def|1\n|-unboost|p2a: Machamp|spd|1\n|faint|p1b: Greninja\n|move|p2b: Incineroar|Parting Shot|p1a: Tyranitar\n|-unboost|p1a: Tyranitar|atk|1\n|-unboost|p1a: Tyranitar|spa|1\n|\n|t:|1776053516\n|switch|p2b: Garchomp|Garchomp, L50, M|100/100|[from] Parting Shot\n|\n|-weather|Sandstorm|[upkeep]\n|-damage|p2a: Machamp|33/100|[from] Sandstorm\n|-fieldend|move: Trick Room\n|upkeep\n|\n|t:|1776053522\n|switch|p1b: Sneasler|Sneasler, L50, M|1/100\n|turn|6\n|\n|t:|1776053530\n|move|p2a: Machamp|Protect|p2a: Machamp\n|-singleturn|p2a: Machamp|Protect\n|move|p2b: Garchomp|Stomping Tantrum|p1a: Tyranitar\n|-supereffective|p1a: Tyranitar|1\n|-damage|p1a: Tyranitar|34/100\n|move|p1b: Sneasler|Close Combat|p2b: Garchomp\n|-damage|p2b: Garchomp|60/100\n|-unboost|p1b: Sneasler|def|1\n|-unboost|p1b: Sneasler|spd|1\n|-damage|p1b: Sneasler|0 fnt|[from] ability: Rough Skin|[of] p2b: Garchomp\n|faint|p1b: Sneasler\n|move|p1a: Tyranitar|High Horsepower|p2b: Garchomp\n|-damage|p2b: Garchomp|43/100\n|-damage|p1a: Tyranitar|22/100|[from] ability: Rough Skin|[of] p2b: Garchomp\n|\n|-weather|Sandstorm|[upkeep]\n|-damage|p2a: Machamp|27/100|[from] Sandstorm\n|-sideend|p2: Riles9000|Reflect\n|upkeep\n|turn|7\n|-message|olho do corvo forfeited.\n|\n|win|Riles9000\n|raw|olho do corvo's rating: 1048 &rarr; <strong>1031</strong><br />(-17 for losing)\n|raw|Riles9000's rating: 1048 &rarr; <strong>1081</strong><br />(+33 for winning)\n|l|\u2606olho do corvo\n|player|p1|\n",
  "uploadtime": 1776053551,
  "views": 17,
  "formatid": "gen9championsvgc2026regma",
  "rating": 1031,
  "private": 0,
  "password": null
}