{
  "id": "gen9championsvgc2026regma-2587574281",
  "format": "[Gen 9 Champions] VGC 2026 Reg M-A",
  "players": [
    "talyxo",
    "dune's kitchen"
  ],
  "log": "|j|\u2606talyxo\n|j|\u2606dune's kitchen\n|t:|1776543531\n|gametype|doubles\n|player|p1|talyxo|skierf|1193\n|player|p2|dune's kitchen|baker|1233\n|gen|9\n|tier|[Gen 9 Champions] VGC 2026 Reg M-A\n|rated|\n|rule|Species Clause: Limit one of each Pok\u00e9mon\n|rule|Item Clause: Limit 1 of each item\n|clearpoke\n|poke|p1|Whimsicott, L50, M, shiny|\n|poke|p1|Sneasler, L50, M|\n|poke|p1|Farigiraf, L50, M|\n|poke|p1|Rotom-Wash, L50|\n|poke|p1|Drampa, L50, F|\n|poke|p1|Incineroar, L50, F|\n|poke|p2|Meowstic-F, L50, F|\n|poke|p2|Wyrdeer, L50, M|\n|poke|p2|Tyranitar, L50, M|\n|poke|p2|Corviknight, L50, M|\n|poke|p2|Sinistcha, L50|\n|poke|p2|Sylveon, L50, F|\n|teampreview|4\n|\n|t:|1776543575\n|teamsize|p1|4\n|teamsize|p2|4\n|start\n|switch|p1a: Farigiraf|Farigiraf, L50, M|100/100\n|switch|p1b: Incineroar|Incineroar, L50, F|100/100\n|switch|p2a: Meowstic|Meowstic-F, L50, F|100/100\n|switch|p2b: Wyrdeer|Wyrdeer, L50, M|100/100\n|-ability|p1b: Incineroar|Intimidate|boost\n|-unboost|p2a: Meowstic|atk|1\n|-ability|p2a: Meowstic|Competitive|boost\n|-boost|p2a: Meowstic|spa|2\n|-unboost|p2b: Wyrdeer|atk|1\n|-ability|p2b: Wyrdeer|Intimidate|boost\n|-unboost|p1a: Farigiraf|atk|1\n|-unboost|p1b: Incineroar|atk|1\n|turn|1\n|\n|t:|1776543594\n|move|p1b: Incineroar|Fake Out|p2a: Meowstic\n|-damage|p2a: Meowstic|87/100\n|cant|p2a: Meowstic|flinch\n|move|p1a: Farigiraf|Hyper Voice|p2a: Meowstic|[spread] p2a,p2b\n|-damage|p2a: Meowstic|38/100\n|-damage|p2b: Wyrdeer|77/100\n|move|p2b: Wyrdeer|Skill Swap|p1b: Incineroar\n|-activate|p2b: Wyrdeer|Skill Swap|Intimidate|Intimidate|[of] p1b: Incineroar\n|-ability|p1b: Incineroar|Intimidate|boost\n|-unboost|p2a: Meowstic|atk|1\n|-ability|p2a: Meowstic|Competitive|boost\n|-boost|p2a: Meowstic|spa|2\n|-unboost|p2b: Wyrdeer|atk|1\n|-ability|p2b: Wyrdeer|Intimidate|boost\n|-unboost|p1a: Farigiraf|atk|1\n|-unboost|p1b: Incineroar|atk|1\n|\n|upkeep\n|turn|2\n|\n|t:|1776543621\n|switch|p1b: Drampa|Drampa, L50, F|100/100\n|-ability|p1b: Drampa|Cloud Nine\n|detailschange|p2a: Meowstic|Meowstic-F-Mega, L50, F\n|-mega|p2a: Meowstic|Meowstic|Meowsticite\n|-ability|p2a: Meowstic|Armor Tail|Trace|[from] ability: Trace|[of] p1a: Farigiraf\n|move|p2a: Meowstic|Thunderbolt|p1b: Drampa\n|-resisted|p1b: Drampa|1\n|-damage|p1b: Drampa|48/100\n|move|p1a: Farigiraf|Hyper Voice|p2b: Wyrdeer|[spread] p2a,p2b\n|-damage|p2a: Meowstic|0 fnt\n|-damage|p2b: Wyrdeer|53/100\n|faint|p2a: Meowstic\n|move|p2b: Wyrdeer|Earth Power|p1b: Drampa\n|-damage|p1b: Drampa|25/100\n|\n|upkeep\n|\n|t:|1776543625\n|switch|p2a: Sylveon|Sylveon, L50, F|100/100\n|turn|3\n|\n|t:|1776543646\n|move|p1b: Drampa|Protect|p1b: Drampa\n|-singleturn|p1b: Drampa|Protect\n|move|p2a: Sylveon|Calm Mind|p2a: Sylveon\n|-boost|p2a: Sylveon|spa|1\n|-boost|p2a: Sylveon|spd|1\n|move|p1a: Farigiraf|Trick Room|p1a: Farigiraf\n|-fieldstart|move: Trick Room|[of] p1a: Farigiraf\n|move|p2b: Wyrdeer|Trick Room|p2b: Wyrdeer\n|-fieldend|move: Trick Room\n|\n|upkeep\n|turn|4\n|\n|t:|1776543665\n|move|p1a: Farigiraf|Hyper Voice|p2b: Wyrdeer|[spread] p2a,p2b\n|-damage|p2a: Sylveon|88/100\n|-damage|p2b: Wyrdeer|28/100\n|-enditem|p2b: Wyrdeer|Sitrus Berry|[eat]\n|-heal|p2b: Wyrdeer|53/100|[from] item: Sitrus Berry\n|move|p2b: Wyrdeer|Skill Swap|p1a: Farigiraf\n|-activate|p2b: Wyrdeer|Skill Swap|Armor Tail|Intimidate|[of] p1a: Farigiraf\n|-ability|p1a: Farigiraf|Intimidate|boost\n|-unboost|p2a: Sylveon|atk|1\n|-unboost|p2b: Wyrdeer|atk|1\n|move|p2a: Sylveon|Hyper Voice|p1b: Drampa|[spread] p1a,p1b\n|-crit|p1a: Farigiraf\n|-supereffective|p1b: Drampa|1\n|-damage|p1a: Farigiraf|24/100\n|-damage|p1b: Drampa|0 fnt\n|faint|p1b: Drampa\n|\n|upkeep\n|\n|t:|1776543672\n|switch|p1b: Incineroar|Incineroar, L50, F|100/100\n|-ability|p1b: Incineroar|Intimidate|boost\n|-unboost|p2a: Sylveon|atk|1\n|-unboost|p2b: Wyrdeer|atk|1\n|turn|5\n|\n|t:|1776543690\n|switch|p1a: Rotom|Rotom-Wash, L50|100/100\n|move|p1b: Incineroar|Fake Out||[still]\n|cant|p2b: Wyrdeer|ability: Armor Tail|Fake Out|[of] p1b: Incineroar\n|move|p2b: Wyrdeer|Earth Power|p1b: Incineroar\n|-supereffective|p1b: Incineroar|1\n|-damage|p1b: Incineroar|56/100\n|move|p2a: Sylveon|Hyper Voice|p1a: Rotom|[spread] p1a,p1b\n|-damage|p1a: Rotom|38/100\n|-damage|p1b: Incineroar|11/100\n|-enditem|p1b: Incineroar|Sitrus Berry|[eat]\n|-heal|p1b: Incineroar|36/100|[from] item: Sitrus Berry\n|\n|-heal|p1a: Rotom|44/100|[from] item: Leftovers\n|upkeep\n|turn|6\n|inactive|Battle timer is ON: inactive players will automatically lose when time's up. (requested by talyxo)\n|\n|t:|1776543718\n|move|p1a: Rotom|Pain Split|p2a: Sylveon\n|-sethp|p2a: Sylveon|58/100|[from] move: Pain Split|[silent]\n|-sethp|p1a: Rotom|92/100|[from] move: Pain Split\n|move|p1b: Incineroar|Darkest Lariat|p2b: Wyrdeer\n|-supereffective|p2b: Wyrdeer|1\n|-damage|p2b: Wyrdeer|0 fnt\n|faint|p2b: Wyrdeer\n|move|p2a: Sylveon|Hyper Voice|p1b: Incineroar|[spread] p1a,p1b\n|-crit|p1a: Rotom\n|-damage|p1a: Rotom|0 fnt\n|-damage|p1b: Incineroar|0 fnt\n|faint|p1a: Rotom\n|faint|p1b: Incineroar\n|\n|upkeep\n|\n|t:|1776543727\n|switch|p1b: Farigiraf|Farigiraf, L50, M|24/100\n|switch|p2b: Corviknight|Corviknight, L50, M|100/100\n|turn|7\n|-message|talyxo forfeited.\n|\n|win|dune's kitchen\n|raw|talyxo's rating: 1193 &rarr; <strong>1171</strong><br />(-22 for losing)\n|raw|dune&apos;s kitchen's rating: 1233 &rarr; <strong>1255</strong><br />(+22 for winning)\n|l|\u2606talyxo\n|player|p1|\n",
  "uploadtime": 1776543734,
  "views": 18,
  "formatid": "gen9championsvgc2026regma",
  "rating": 1171,
  "private": 0,
  "password": null
}