{
  "id": "gen9championsvgc2026regma-2580698184",
  "format": "[Gen 9 Champions] VGC 2026 Reg M-A",
  "players": [
    "LibraryStaffOnly",
    "xylophoned"
  ],
  "log": "|j|\u203dLibraryStaffOnly\n|j|\u2606xylophoned\n|t:|1775925184\n|gametype|doubles\n|player|p1|LibraryStaffOnly|lady-gen4|1026\n|player|p2|xylophoned|will|1070\n|gen|9\n|tier|[Gen 9 Champions] VGC 2026 Reg M-A\n|rated|\n|rule|Species Clause: Limit one of each Pok\u00e9mon\n|rule|Item Clause: Limit 1 of each item\n|clearpoke\n|poke|p1|Krookodile, L50, M|\n|poke|p1|Hawlucha, L50, M|\n|poke|p1|Whimsicott, L50, F|\n|poke|p1|Sneasler, L50, F|\n|poke|p1|Archaludon, L50, F|\n|poke|p1|Pelipper, L50, M|\n|poke|p2|Sinistcha, L50|\n|poke|p2|Archaludon, L50, M|\n|poke|p2|Pelipper, L50, F|\n|poke|p2|Basculegion, L50, M|\n|poke|p2|Incineroar, L50, M|\n|poke|p2|Sneasler, L50, F|\n|teampreview|4\n|inactive|Battle timer is ON: inactive players will automatically lose when time's up. (requested by LibraryStaffOnly)\n|\n|t:|1775925238\n|teamsize|p1|4\n|teamsize|p2|4\n|start\n|switch|p1a: Hawlucha|Hawlucha, L50, M|100/100\n|switch|p1b: Whimsicott|Whimsicott, L50, F|100/100\n|switch|p2a: Incineroar|Incineroar, L50, M|100/100\n|switch|p2b: Sneasler|Sneasler, L50, F|100/100\n|-ability|p2a: Incineroar|Intimidate|boost\n|-unboost|p1a: Hawlucha|atk|1\n|-unboost|p1b: Whimsicott|atk|1\n|turn|1\n|\n|t:|1775925253\n|detailschange|p1a: Hawlucha|Hawlucha-Mega, L50, M\n|-mega|p1a: Hawlucha|Hawlucha|Hawluchanite\n|move|p2b: Sneasler|Fake Out|p1b: Whimsicott\n|-damage|p1b: Whimsicott|83/100\n|move|p2a: Incineroar|Fake Out|p1a: Hawlucha\n|-damage|p1a: Hawlucha|85/100\n|cant|p1b: Whimsicott|flinch\n|cant|p1a: Hawlucha|flinch\n|\n|upkeep\n|turn|2\n|\n|t:|1775925268\n|move|p1b: Whimsicott|Tailwind|p1b: Whimsicott\n|-sidestart|p1: LibraryStaffOnly|move: Tailwind\n|move|p1a: Hawlucha|High Jump Kick|p2a: Incineroar\n|-supereffective|p2a: Incineroar|1\n|-damage|p2a: Incineroar|0 fnt\n|faint|p2a: Incineroar\n|move|p2b: Sneasler|Dire Claw|p1b: Whimsicott\n|-supereffective|p1b: Whimsicott|2\n|-damage|p1b: Whimsicott|0 fnt\n|faint|p1b: Whimsicott\n|\n|upkeep\n|\n|t:|1775925280\n|switch|p1b: Krookodile|Krookodile, L50, M|100/100\n|switch|p2a: Archaludon|Archaludon, L50, M|100/100\n|-ability|p1b: Krookodile|Intimidate|boost\n|-unboost|p2a: Archaludon|atk|1\n|-unboost|p2b: Sneasler|atk|1\n|-enditem|p2b: Sneasler|White Herb\n|-clearnegativeboost|p2b: Sneasler|[silent]\n|turn|3\n|inactive|xylophoned has 30 seconds left.\n|\n|t:|1775925305\n|move|p2a: Archaludon|Protect|p2a: Archaludon\n|-singleturn|p2a: Archaludon|Protect\n|move|p2b: Sneasler|Close Combat|p1b: Krookodile\n|-supereffective|p1b: Krookodile|1\n|-damage|p1b: Krookodile|0 fnt\n|-unboost|p2b: Sneasler|def|1\n|-unboost|p2b: Sneasler|spd|1\n|faint|p1b: Krookodile\n|move|p1a: Hawlucha|Entrainment|p1: Krookodile|[notarget]\n|-fail|p1a: Hawlucha\n|\n|upkeep\n|\n|t:|1775925312\n|switch|p1b: Archaludon|Archaludon, L50, F|100/100\n|turn|4\n|\n|t:|1775925332\n|move|p2b: Sneasler|Close Combat|p1b: Archaludon\n|-supereffective|p1b: Archaludon|1\n|-damage|p1b: Archaludon|0 fnt\n|-unboost|p2b: Sneasler|def|1\n|-unboost|p2b: Sneasler|spd|1\n|faint|p1b: Archaludon\n|move|p1a: Hawlucha|Brave Bird|p2b: Sneasler\n|-supereffective|p2b: Sneasler|1\n|-damage|p2b: Sneasler|0 fnt\n|faint|p2b: Sneasler\n|-damage|p1a: Hawlucha|51/100|[from] Recoil\n|move|p2a: Archaludon|Electro Shot||[still]\n|-prepare|p2a: Archaludon|Electro Shot\n|-boost|p2a: Archaludon|spa|1\n|\n|upkeep\n|\n|t:|1775925345\n|switch|p2b: Basculegion|Basculegion, L50, M|100/100\n|turn|5\n|\n|t:|1775925353\n|move|p2b: Basculegion|Aqua Jet|p1a: Hawlucha\n|-damage|p1a: Hawlucha|23/100\n|move|p1a: Hawlucha|High Jump Kick|p2a: Archaludon\n|-supereffective|p2a: Archaludon|1\n|-damage|p2a: Archaludon|18/100\n|-ability|p2a: Archaludon|Stamina|boost\n|-boost|p2a: Archaludon|def|1\n|move|p2a: Archaludon|Electro Shot|p1a: Hawlucha|[from] lockedmove\n|-supereffective|p1a: Hawlucha|1\n|-damage|p1a: Hawlucha|0 fnt\n|faint|p1a: Hawlucha\n|\n|win|xylophoned\n|raw|LibraryStaffOnly's rating: 1026 &rarr; <strong>1014</strong><br />(-12 for losing)\n|raw|xylophoned's rating: 1070 &rarr; <strong>1096</strong><br />(+26 for winning)\n|l|\u203dLibraryStaffOnly\n|player|p1|\n|c|\u2606xylophoned|gg\n",
  "uploadtime": 1775925363,
  "views": 21,
  "formatid": "gen9championsvgc2026regma",
  "rating": 1014,
  "private": 0,
  "password": null
}