{
  "id": "gen9championsvgc2026regma-2582912425",
  "format": "[Gen 9 Champions] VGC 2026 Reg M-A",
  "players": [
    "lakeandbake",
    "floofyshaymin5010"
  ],
  "log": "|j|\u203dlakeandbake\n|j|\u2606floofyshaymin5010\n|t:|1776124371\n|gametype|doubles\n|player|p1|lakeandbake|iono-masters|1124\n|player|p2|floofyshaymin5010|ghetsis-gen5bw|1174\n|gen|9\n|tier|[Gen 9 Champions] VGC 2026 Reg M-A\n|rated|\n|rule|Species Clause: Limit one of each Pok\u00e9mon\n|rule|Item Clause: Limit 1 of each item\n|clearpoke\n|poke|p1|Floette-Eternal, L50, F|\n|poke|p1|Incineroar, L50, F|\n|poke|p1|Ninetales-Alola, L50, F|\n|poke|p1|Sinistcha, L50|\n|poke|p1|Garchomp, L50, M|\n|poke|p1|Maushold, L50|\n|poke|p2|Milotic, L50, M|\n|poke|p2|Tyranitar, L50, F|\n|poke|p2|Incineroar, L50, F|\n|poke|p2|Scizor, L50, M|\n|poke|p2|Sinistcha, L50|\n|poke|p2|Glimmora, L50, M|\n|teampreview|4\n|inactive|Battle timer is ON: inactive players will automatically lose when time's up. (requested by lakeandbake)\n|\n|t:|1776124442\n|teamsize|p1|4\n|teamsize|p2|4\n|start\n|switch|p1a: Sinistcha|Sinistcha, L50|100/100\n|switch|p1b: Ninetales|Ninetales-Alola, L50, F|100/100\n|switch|p2a: Incineroar|Incineroar, L50, F|100/100\n|switch|p2b: Glimmora|Glimmora, L50, M|100/100\n|-weather|Snowscape|[from] ability: Snow Warning|[of] p1b: Ninetales\n|-ability|p2a: Incineroar|Intimidate|boost\n|-unboost|p1a: Sinistcha|atk|1\n|-unboost|p1b: Ninetales|atk|1\n|turn|1\n|inactive|lakeandbake has 30 seconds left.\n|\n|t:|1776124467\n|switch|p2b: Tyranitar|Tyranitar, L50, F|100/100\n|-weather|Sandstorm|[from] ability: Sand Stream|[of] p2b: Tyranitar\n|move|p1a: Sinistcha|Rage Powder|p1a: Sinistcha\n|-singleturn|p1a: Sinistcha|move: Rage Powder\n|move|p1b: Ninetales|Aurora Veil||[still]\n|-fail|p1b: Ninetales\n|move|p2a: Incineroar|Flare Blitz|p1a: Sinistcha\n|-supereffective|p1a: Sinistcha|1\n|-damage|p1a: Sinistcha|8/100\n|-damage|p2a: Incineroar|69/100|[from] Recoil\n|\n|-weather|Sandstorm|[upkeep]\n|-damage|p1b: Ninetales|95/100|[from] Sandstorm\n|-damage|p1a: Sinistcha|2/100|[from] Sandstorm\n|-damage|p2a: Incineroar|63/100|[from] Sandstorm\n|upkeep\n|turn|2\n|\n|t:|1776124482\n|switch|p1b: Incineroar|Incineroar, L50, F|100/100\n|-ability|p1b: Incineroar|Intimidate|boost\n|-unboost|p2a: Incineroar|atk|1\n|-unboost|p2b: Tyranitar|atk|1\n|-enditem|p2a: Incineroar|White Herb\n|-clearnegativeboost|p2a: Incineroar|[silent]\n|switch|p2a: Glimmora|Glimmora, L50, M|100/100\n|move|p1a: Sinistcha|Matcha Gotcha|p2b: Tyranitar|[spread] p2a,p2b\n|-supereffective|p2b: Tyranitar|1\n|-damage|p2a: Glimmora|77/100\n|-heal|p1a: Sinistcha|13/100|[from] drain|[of] p2a: Glimmora\n|-damage|p2b: Tyranitar|66/100\n|-heal|p1a: Sinistcha|30/100|[from] drain|[of] p2b: Tyranitar\n|-status|p2b: Tyranitar|brn\n|move|p2b: Tyranitar|Rock Slide|p1a: Sinistcha|[spread] p1a,p1b\n|-supereffective|p1b: Incineroar|1\n|-damage|p1a: Sinistcha|20/100\n|-damage|p1b: Incineroar|78/100\n|\n|-weather|Sandstorm|[upkeep]\n|-damage|p1b: Incineroar|72/100|[from] Sandstorm\n|-damage|p1a: Sinistcha|14/100|[from] Sandstorm\n|-damage|p2b: Tyranitar|60/100 brn|[from] brn\n|upkeep\n|turn|3\n|inactive|lakeandbake has 30 seconds left.\n|inactive|floofyshaymin5010 has 30 seconds left.\n|\n|t:|1776124513\n|switch|p2b: Incineroar|Incineroar, L50, F|63/100\n|-ability|p2b: Incineroar|Intimidate|boost\n|-unboost|p1a: Sinistcha|atk|1\n|-unboost|p1b: Incineroar|atk|1\n|detailschange|p2a: Glimmora|Glimmora-Mega, L50, M\n|-mega|p2a: Glimmora|Glimmora|Glimmoranite\n|move|p2a: Glimmora|Spiky Shield|p2a: Glimmora\n|-singleturn|p2a: Glimmora|move: Protect\n|move|p1b: Incineroar|Parting Shot|p2a: Glimmora\n|-activate|p2a: Glimmora|move: Protect\n|move|p1a: Sinistcha|Life Dew|p1a: Sinistcha|[spread] p1a,p1b\n|-heal|p1a: Sinistcha|39/100\n|-heal|p1b: Incineroar|97/100\n|\n|-weather|Sandstorm|[upkeep]\n|-damage|p1b: Incineroar|91/100|[from] Sandstorm\n|-damage|p1a: Sinistcha|33/100|[from] Sandstorm\n|-damage|p2b: Incineroar|57/100|[from] Sandstorm\n|upkeep\n|turn|4\n|\n|t:|1776124535\n|switch|p1a: Ninetales|Ninetales-Alola, L50, F|95/100\n|-weather|Snowscape|[from] ability: Snow Warning|[of] p1a: Ninetales\n|move|p2a: Glimmora|Power Gem|p1b: Incineroar\n|-supereffective|p1b: Incineroar|1\n|-damage|p1b: Incineroar|0 fnt\n|faint|p1b: Incineroar\n|move|p2b: Incineroar|Flare Blitz|p1a: Ninetales\n|-supereffective|p1a: Ninetales|1\n|-damage|p1a: Ninetales|12/100\n|-damage|p2b: Incineroar|29/100|[from] Recoil\n|\n|-weather|Snowscape|[upkeep]\n|upkeep\n|\n|t:|1776124549\n|switch|p1b: Floette|Floette-Eternal, L50, F|100/100\n|turn|5\n|\n|t:|1776124561\n|switch|p2b: Tyranitar|Tyranitar, L50, F|60/100 brn\n|-weather|Sandstorm|[from] ability: Sand Stream|[of] p2b: Tyranitar\n|detailschange|p1b: Floette|Floette-Mega, L50, F\n|-mega|p1b: Floette|Floette|Floettite\n|-ability|p1b: Floette|Fairy Aura\n|move|p1a: Ninetales|Icy Wind|p2a: Glimmora|[spread] p2a,p2b\n|-crit|p2a: Glimmora\n|-damage|p2a: Glimmora|63/100\n|-damage|p2b: Tyranitar|52/100 brn\n|-unboost|p2a: Glimmora|spe|1\n|-unboost|p2b: Tyranitar|spe|1\n|move|p1b: Floette|Calm Mind|p1b: Floette\n|-boost|p1b: Floette|spa|1\n|-boost|p1b: Floette|spd|1\n|move|p2a: Glimmora|Sludge Bomb|p1b: Floette\n|-supereffective|p1b: Floette|1\n|-damage|p1b: Floette|32/100\n|\n|-weather|Sandstorm|[upkeep]\n|-damage|p1a: Ninetales|7/100|[from] Sandstorm\n|-damage|p1b: Floette|26/100|[from] Sandstorm\n|-damage|p2b: Tyranitar|46/100 brn|[from] brn\n|upkeep\n|-enditem|p2b: Tyranitar|Sitrus Berry|[eat]\n|-heal|p2b: Tyranitar|71/100 brn|[from] item: Sitrus Berry\n|turn|6\n|inactive|lakeandbake has 30 seconds left.\n|inactive|floofyshaymin5010 has 30 seconds left.\n|\n|t:|1776124590\n|move|p1b: Floette|Protect|p1b: Floette\n|-singleturn|p1b: Floette|Protect\n|move|p2a: Glimmora|Spiky Shield|p2a: Glimmora\n|-singleturn|p2a: Glimmora|move: Protect\n|move|p1a: Ninetales|Freeze-Dry|p2a: Glimmora\n|-activate|p2a: Glimmora|move: Protect\n|move|p2b: Tyranitar|Rock Slide|p1a: Ninetales|[spread] p1a\n|-activate|p1b: Floette|move: Protect\n|-supereffective|p1a: Ninetales|1\n|-damage|p1a: Ninetales|0 fnt\n|faint|p1a: Ninetales\n|\n|-weather|Sandstorm|[upkeep]\n|-damage|p1b: Floette|20/100|[from] Sandstorm\n|-damage|p2b: Tyranitar|65/100 brn|[from] brn\n|upkeep\n|\n|t:|1776124605\n|switch|p1a: Sinistcha|Sinistcha, L50|33/100\n|-heal|p1b: Floette|45/100|[from] ability: Hospitality|[of] p1a: Sinistcha\n|turn|7\n|\n|t:|1776124617\n|move|p2b: Tyranitar|Protect|p2b: Tyranitar\n|-singleturn|p2b: Tyranitar|Protect\n|move|p1a: Sinistcha|Rage Powder|p1a: Sinistcha\n|-singleturn|p1a: Sinistcha|move: Rage Powder\n|move|p1b: Floette|Draining Kiss|p2b: Tyranitar\n|-activate|p2b: Tyranitar|move: Protect\n|move|p2a: Glimmora|Sludge Bomb|p1a: Sinistcha\n|-damage|p1a: Sinistcha|0 fnt\n|faint|p1a: Sinistcha\n|\n|-weather|Sandstorm|[upkeep]\n|-damage|p1b: Floette|39/100|[from] Sandstorm\n|-damage|p2b: Tyranitar|59/100 brn|[from] brn\n|upkeep\n|turn|8\n|\n|t:|1776124632\n|switch|p2b: Incineroar|Incineroar, L50, F|29/100\n|-ability|p2b: Incineroar|Intimidate|boost\n|-unboost|p1b: Floette|atk|1\n|move|p1b: Floette|Draining Kiss|p2b: Incineroar\n|-damage|p2b: Incineroar|0 fnt\n|-heal|p1b: Floette|60/100|[from] drain|[of] p2b: Incineroar\n|faint|p2b: Incineroar\n|move|p2a: Glimmora|Sludge Bomb|p1b: Floette\n|-supereffective|p1b: Floette|1\n|-damage|p1b: Floette|0 fnt\n|faint|p1b: Floette\n|\n|win|floofyshaymin5010\n|raw|lakeandbake's rating: 1124 &rarr; <strong>1103</strong><br />(-21 for losing)\n|raw|floofyshaymin5010's rating: 1174 &rarr; <strong>1195</strong><br />(+21 for winning)\n",
  "uploadtime": 1776124633,
  "views": 17,
  "formatid": "gen9championsvgc2026regma",
  "rating": 1103,
  "private": 0,
  "password": null
}