{
  "id": "gen9championsvgc2026regma-2585383123",
  "format": "[Gen 9 Champions] VGC 2026 Reg M-A",
  "players": [
    "alienbugbug",
    "offthaheezy"
  ],
  "log": "|j|\u2606alienbugbug\n|j|\u2606offthaheezy\n|t:|1776343159\n|gametype|doubles\n|player|p1|alienbugbug|carmine-festival|1000\n|player|p2|offthaheezy|101|1095\n|gen|9\n|tier|[Gen 9 Champions] VGC 2026 Reg M-A\n|rated|\n|rule|Species Clause: Limit one of each Pok\u00e9mon\n|rule|Item Clause: Limit 1 of each item\n|clearpoke\n|poke|p1|Aerodactyl, L50, M|\n|poke|p1|Volcarona, L50, F|\n|poke|p1|Floette-Eternal, L50, F|\n|poke|p1|Sneasler, L50, M|\n|poke|p1|Aegislash, L50, F|\n|poke|p1|Milotic, L50, F|\n|poke|p2|Froslass, L50, F|\n|poke|p2|Garchomp, L50, M|\n|poke|p2|Rotom-Frost, L50|\n|poke|p2|Empoleon, L50, M|\n|poke|p2|Incineroar, L50, F|\n|poke|p2|Kingambit, L50, M|\n|teampreview|4\n|inactive|Battle timer is ON: inactive players will automatically lose when time's up. (requested by alienbugbug)\n|\n|t:|1776343234\n|teamsize|p1|4\n|teamsize|p2|4\n|start\n|switch|p1a: Volcarona|Volcarona, L50, F, shiny|100/100\n|switch|p1b: Sneasler|Sneasler, L50, M, shiny|100/100\n|switch|p2a: Froslass|Froslass, L50, F|100/100\n|switch|p2b: Rotom|Rotom-Frost, L50|100/100\n|turn|1\n|inactive|alienbugbug has 30 seconds left.\n|\n|t:|1776343261\n|detailschange|p2a: Froslass|Froslass-Mega, L50, F\n|-mega|p2a: Froslass|Froslass|Froslassite\n|-weather|Snowscape|[from] ability: Snow Warning|[of] p2a: Froslass\n|move|p2b: Rotom|Electroweb|p1b: Sneasler|[spread] p1a,p1b\n|-damage|p1a: Volcarona|82/100\n|-damage|p1b: Sneasler|75/100\n|-unboost|p1a: Volcarona|spe|1\n|-unboost|p1b: Sneasler|spe|1\n|-enditem|p1b: Sneasler|White Herb\n|-clearnegativeboost|p1b: Sneasler|[silent]\n|move|p1b: Sneasler|Rock Slide|p2a: Froslass|[spread] p2a,p2b\n|-supereffective|p2a: Froslass|1\n|-crit|p2a: Froslass\n|-supereffective|p2b: Rotom|1\n|-damage|p2a: Froslass|35/100\n|-damage|p2b: Rotom|63/100\n|move|p2a: Froslass|Aurora Veil|p2a: Froslass\n|-sidestart|p2: offthaheezy|move: Aurora Veil\n|move|p1a: Volcarona|Tailwind|p1a: Volcarona\n|-sidestart|p1: alienbugbug|move: Tailwind\n|\n|-weather|Snowscape|[upkeep]\n|upkeep\n|turn|2\n|inactive|offthaheezy has 30 seconds left.\n|inactive|offthaheezy has 20 seconds left.\n|\n|t:|1776343300\n|move|p1b: Sneasler|Rock Slide|p2b: Rotom|[spread] p2a,p2b\n|-supereffective|p2a: Froslass|1\n|-supereffective|p2b: Rotom|1\n|-damage|p2a: Froslass|9/100\n|-damage|p2b: Rotom|38/100\n|move|p2b: Rotom|Electroweb|p1a: Volcarona|[spread] p1a\n|-miss|p2b: Rotom|p1b: Sneasler\n|-damage|p1a: Volcarona|66/100\n|-unboost|p1a: Volcarona|spe|1\n|move|p2a: Froslass|Blizzard|p1a: Volcarona|[spread] p1a,p1b\n|-resisted|p1a: Volcarona|1\n|-damage|p1a: Volcarona|42/100\n|-damage|p1b: Sneasler|2/100\n|-enditem|p1a: Volcarona|Sitrus Berry|[eat]\n|-heal|p1a: Volcarona|66/100|[from] item: Sitrus Berry\n|move|p1a: Volcarona|Overheat|p2b: Rotom\n|-supereffective|p2b: Rotom|1\n|-damage|p2b: Rotom|0 fnt\n|-unboost|p1a: Volcarona|spa|2\n|faint|p2b: Rotom\n|\n|-weather|Snowscape|[upkeep]\n|upkeep\n|inactive|offthaheezy has 30 seconds left.\n|\n|t:|1776343332\n|switch|p2b: Incineroar|Incineroar, L50, F|100/100\n|-ability|p2b: Incineroar|Intimidate|boost\n|-unboost|p1a: Volcarona|atk|1\n|-unboost|p1b: Sneasler|atk|1\n|turn|3\n|inactive|offthaheezy has 30 seconds left.\n|inactive|alienbugbug has 30 seconds left.\n|inactive|offthaheezy has 20 seconds left.\n|inactive|offthaheezy has 15 seconds left.\n|\n|t:|1776343373\n|switch|p1b: Milotic|Milotic, L50, F, shiny|100/100\n|move|p2b: Incineroar|Fake Out|p1b: Milotic\n|-damage|p1b: Milotic|88/100\n|move|p2a: Froslass|Shadow Ball|p1a: Volcarona\n|-damage|p1a: Volcarona|22/100\n|move|p1a: Volcarona|Overheat|p2a: Froslass\n|-supereffective|p2a: Froslass|1\n|-crit|p2a: Froslass\n|-damage|p2a: Froslass|0 fnt\n|-unboost|p1a: Volcarona|spa|2\n|faint|p2a: Froslass\n|\n|-weather|Snowscape|[upkeep]\n|-heal|p1b: Milotic|94/100|[from] item: Leftovers\n|upkeep\n|\n|t:|1776343391\n|switch|p2a: Kingambit|Kingambit, L50, M|100/100\n|turn|4\n|\n|t:|1776343411\n|switch|p1a: Aegislash|Aegislash, L50, F|100/100\n|move|p2a: Kingambit|Sucker Punch||[still]\n|-fail|p2a: Kingambit\n|move|p1b: Milotic|Scald|p2b: Incineroar\n|-supereffective|p2b: Incineroar|1\n|-damage|p2b: Incineroar|62/100\n|move|p2b: Incineroar|Darkest Lariat|p1b: Milotic\n|-damage|p1b: Milotic|55/100\n|\n|-weather|Snowscape|[upkeep]\n|-heal|p1b: Milotic|61/100|[from] item: Leftovers\n|-sideend|p1: alienbugbug|move: Tailwind\n|upkeep\n|turn|5\n|inactive|alienbugbug has 30 seconds left.\n|inactive|offthaheezy has 30 seconds left.\n|\n|t:|1776343438\n|move|p2a: Kingambit|Sucker Punch|p1a: Aegislash\n|-supereffective|p1a: Aegislash|1\n|-damage|p1a: Aegislash|42/100\n|move|p1b: Milotic|Scald|p2b: Incineroar\n|-supereffective|p2b: Incineroar|1\n|-damage|p2b: Incineroar|22/100\n|-enditem|p2b: Incineroar|Sitrus Berry|[eat]\n|-heal|p2b: Incineroar|47/100|[from] item: Sitrus Berry\n|-formechange|p1a: Aegislash|Aegislash-Blade|\n|move|p1a: Aegislash|Iron Head|p2b: Incineroar\n|-resisted|p2b: Incineroar|1\n|-damage|p2b: Incineroar|30/100\n|move|p2b: Incineroar|Darkest Lariat|p1b: Milotic\n|-damage|p1b: Milotic|23/100\n|\n|-weather|none\n|-heal|p1b: Milotic|29/100|[from] item: Leftovers\n|-sideend|p2: offthaheezy|move: Aurora Veil\n|upkeep\n|turn|6\n|inactive|alienbugbug has 30 seconds left.\n|inactive|offthaheezy has 30 seconds left.\n|\n|t:|1776343465\n|move|p2a: Kingambit|Sucker Punch||[still]\n|-fail|p2a: Kingambit\n|move|p1a: Aegislash|Shadow Sneak|p2b: Incineroar\n|-resisted|p2b: Incineroar|1\n|-damage|p2b: Incineroar|17/100\n|move|p1b: Milotic|Recover|p1b: Milotic\n|-heal|p1b: Milotic|79/100\n|move|p2b: Incineroar|Darkest Lariat|p1a: Aegislash\n|-supereffective|p1a: Aegislash|1\n|-damage|p1a: Aegislash|0 fnt\n|faint|p1a: Aegislash\n|\n|-heal|p1b: Milotic|85/100|[from] item: Leftovers\n|upkeep\n|\n|t:|1776343477\n|switch|p1a: Sneasler|Sneasler, L50, M, shiny|2/100\n|turn|7\n|\n|t:|1776343496\n|move|p1a: Sneasler|Fake Out|p2b: Incineroar\n|-damage|p2b: Incineroar|3/100\n|move|p2a: Kingambit|Sucker Punch||[still]\n|-fail|p2a: Kingambit\n|move|p1b: Milotic|Scald|p2a: Kingambit\n|-damage|p2a: Kingambit|61/100\n|cant|p2b: Incineroar|flinch\n|\n|-heal|p1b: Milotic|91/100|[from] item: Leftovers\n|upkeep\n|turn|8\n|\n|t:|1776343518\n|move|p2a: Kingambit|Sucker Punch|p1b: Milotic\n|-damage|p1b: Milotic|58/100\n|move|p1a: Sneasler|Rock Slide|p2b: Incineroar|[spread] p2a,p2b\n|-resisted|p2a: Kingambit|1\n|-supereffective|p2b: Incineroar|1\n|-damage|p2a: Kingambit|52/100\n|-damage|p2b: Incineroar|0 fnt\n|faint|p2b: Incineroar\n|move|p1b: Milotic|Scald|p2a: Kingambit\n|-damage|p2a: Kingambit|15/100\n|\n|-heal|p1b: Milotic|64/100|[from] item: Leftovers\n|upkeep\n|turn|9\n|\n|t:|1776343533\n|move|p2a: Kingambit|Sucker Punch|p1a: Sneasler\n|-resisted|p1a: Sneasler|1\n|-damage|p1a: Sneasler|0 fnt\n|faint|p1a: Sneasler\n|move|p1b: Milotic|Recover|p1b: Milotic\n|-heal|p1b: Milotic|100/100\n|\n|upkeep\n|\n|t:|1776343539\n|switch|p1a: Volcarona|Volcarona, L50, F, shiny|22/100\n|turn|10\n|\n|t:|1776343545\n|move|p2a: Kingambit|Sucker Punch|p1a: Volcarona\n|-damage|p1a: Volcarona|0 fnt\n|faint|p1a: Volcarona\n|move|p1b: Milotic|Scald|p2a: Kingambit\n|-damage|p2a: Kingambit|0 fnt\n|faint|p2a: Kingambit\n|\n|win|alienbugbug\n|raw|alienbugbug's rating: 1000 &rarr; <strong>1051</strong><br />(+51 for winning)\n|raw|offthaheezy's rating: 1095 &rarr; <strong>1064</strong><br />(-31 for losing)\n|c|\u2606alienbugbug|gg\n",
  "uploadtime": 1776343558,
  "views": 19,
  "formatid": "gen9championsvgc2026regma",
  "rating": 1051,
  "private": 0,
  "password": null
}