{
  "id": "gen9championsvgc2026regma-2587066202",
  "format": "[Gen 9 Champions] VGC 2026 Reg M-A",
  "players": [
    "Tel0sB3ta",
    "lov u fefi"
  ],
  "log": "|j|\u2606Tel0sB3ta\n|j|\u2606lov u fefi\n|html|<table width=\"100%\"><tr><td align=\"left\">Tel0sB3ta</td><td align=\"right\">lov u fefi</tr><tr><td align=\"left\"><i class=\"fa fa-circle\"></i> <i class=\"fa fa-circle-o\"></i> </td><td align=\"right\"><i class=\"fa fa-circle-o\"></i> <i class=\"fa fa-circle-o\"></i> </tr></table>\n|uhtml|bestof|<h2><strong>Game 2</strong> of <a href=\"/game-bestof3-gen9championsvgc2026regma-2587063155\">a best-of-3</a></h2>\n|t:|1776488860\n|gametype|doubles\n|player|p1|Tel0sB3ta|hilbert|\n|player|p2|lov u fefi|rosa|\n|gen|9\n|tier|[Gen 9 Champions] VGC 2026 Reg M-A\n|rule|Species Clause: Limit one of each Pok\u00e9mon\n|rule|Item Clause: Limit 1 of each item\n|raw|<div class=\"infobox\"><details class=\"readmore\" open><summary><strong>1 custom rule:</strong></summary> Best of = 3</details></div>\n|clearpoke\n|poke|p1|Rotom-Wash, L50|\n|poke|p1|Garchomp, L50, F|\n|poke|p1|Charizard, L50, F|\n|poke|p1|Pidgeot, L50, F|\n|poke|p1|Maushold, L50|\n|poke|p1|Skeledirge, L50, M|\n|poke|p2|Volcarona, L50, M|\n|poke|p2|Camerupt, L50, F|\n|poke|p2|Venusaur, L50, M|\n|poke|p2|Typhlosion, L50, M|\n|poke|p2|Incineroar, L50, F|\n|poke|p2|Gallade, L50, M|\n|teampreview|4\n|\n|t:|1776488899\n|teamsize|p1|4\n|teamsize|p2|4\n|start\n|switch|p1a: Maushold|Maushold, L50|100/100\n|switch|p1b: Garchomp|Garchomp, L50, F|100/100\n|switch|p2a: Incineroar|Incineroar, L50, F|100/100\n|switch|p2b: Gallade|Gallade, L50, M|100/100\n|-ability|p2a: Incineroar|Intimidate|boost\n|-unboost|p1a: Maushold|atk|1\n|-unboost|p1b: Garchomp|atk|1\n|turn|1\n|\n|t:|1776488937\n|switch|p2a: Volcarona|Volcarona, L50, M|100/100\n|move|p1a: Maushold|Helping Hand|p1b: Garchomp\n|-singleturn|p1b: Garchomp|Helping Hand|[of] p1a: Maushold\n|move|p1b: Garchomp|Stomping Tantrum|p2b: Gallade\n|-damage|p2b: Gallade|31/100\n|move|p2b: Gallade|Sacred Sword|p1a: Maushold\n|-supereffective|p1a: Maushold|1\n|-enditem|p1a: Maushold|Focus Sash\n|-damage|p1a: Maushold|1/100\n|\n|upkeep\n|turn|2\n|\n|t:|1776488967\n|move|p1a: Maushold|Helping Hand|p1b: Garchomp\n|-singleturn|p1b: Garchomp|Helping Hand|[of] p1a: Maushold\n|move|p2b: Gallade|Wide Guard|p2b: Gallade\n|-singleturn|p2b: Gallade|Wide Guard\n|move|p1b: Garchomp|Stomping Tantrum|p2b: Gallade\n|-damage|p2b: Gallade|0 fnt\n|faint|p2b: Gallade\n|move|p2a: Volcarona|Heat Wave|p1b: Garchomp|[spread] p1a,p1b\n|-resisted|p1b: Garchomp|1\n|-damage|p1a: Maushold|0 fnt\n|-damage|p1b: Garchomp|87/100\n|faint|p1a: Maushold\n|\n|upkeep\n|\n|t:|1776488984\n|switch|p2b: Camerupt|Camerupt, L50, F|100/100\n|switch|p1a: Pidgeot|Pidgeot, L50, F|100/100\n|turn|3\n|\n|t:|1776489000\n|switch|p2a: Incineroar|Incineroar, L50, F|100/100\n|-ability|p2a: Incineroar|Intimidate|boost\n|-unboost|p1a: Pidgeot|atk|1\n|-unboost|p1b: Garchomp|atk|1\n|detailschange|p1a: Pidgeot|Pidgeot-Mega, L50, F\n|-mega|p1a: Pidgeot|Pidgeot|Pidgeotite\n|detailschange|p2b: Camerupt|Camerupt-Mega, L50, F\n|-mega|p2b: Camerupt|Camerupt|Cameruptite\n|move|p1a: Pidgeot|Hurricane|p2b: Camerupt\n|-damage|p2b: Camerupt|41/100\n|move|p1b: Garchomp|Rock Slide|p2b: Camerupt|[spread] p2a,p2b\n|-supereffective|p2a: Incineroar|1\n|-crit|p2b: Camerupt\n|-damage|p2a: Incineroar|81/100\n|-damage|p2b: Camerupt|8/100\n|cant|p2b: Camerupt|flinch\n|\n|upkeep\n|turn|4\n|\n|t:|1776489025\n|move|p1a: Pidgeot|Protect|p1a: Pidgeot\n|-singleturn|p1a: Pidgeot|Protect\n|move|p2a: Incineroar|Fake Out|p1a: Pidgeot\n|-activate|p1a: Pidgeot|move: Protect\n|move|p1b: Garchomp|Rock Slide|p2a: Incineroar|[spread] p2a,p2b\n|-supereffective|p2a: Incineroar|1\n|-damage|p2a: Incineroar|62/100\n|-damage|p2b: Camerupt|0 fnt\n|faint|p2b: Camerupt\n|\n|upkeep\n|\n|t:|1776489027\n|switch|p2b: Volcarona|Volcarona, L50, M|100/100\n|turn|5\n|c|\u2606lov u fefi|gg\n|\n|t:|1776489038\n|switch|p1b: Rotom|Rotom-Wash, L50|100/100\n|move|p1a: Pidgeot|Hurricane|p2b: Volcarona\n|-supereffective|p2b: Volcarona|1\n|-damage|p2b: Volcarona|0 fnt\n|faint|p2b: Volcarona\n|move|p2a: Incineroar|Darkest Lariat|p1a: Pidgeot\n|-damage|p1a: Pidgeot|35/100\n|\n|upkeep\n|turn|6\n|c|\u2606Tel0sB3ta|gg\n|\n|t:|1776489050\n|move|p1a: Pidgeot|Hurricane|p2a: Incineroar\n|-damage|p2a: Incineroar|3/100\n|-enditem|p2a: Incineroar|Sitrus Berry|[eat]\n|-heal|p2a: Incineroar|28/100|[from] item: Sitrus Berry\n|move|p1b: Rotom|Thunderbolt|p2a: Incineroar\n|-crit|p2a: Incineroar\n|-damage|p2a: Incineroar|0 fnt\n|faint|p2a: Incineroar\n|\n|win|Tel0sB3ta\n|c|\u2606Tel0sB3ta|Tenias toda la raz\u00f3n\n|c|\u2606Tel0sB3ta|Mega Pidgeot al menos hace algo\n|c|\u2606lov u fefi|Y s\u00ed\n|c|\u2606lov u fefi|Hermanito llevaba a Pidgeot con sash\n|c|\u2606Tel0sB3ta|dejame\n|c|\u2606Tel0sB3ta|queria hacer a pachirisu 2014 2\n|c|\u2606Tel0sB3ta|Suerte con el torneo de ma\u00f1ana\n|c|\u2606lov u fefi|El punto de Pachirisu es que tiene buenos moves malos stats\n|c|\u2606lov u fefi|Pidgeot tiene malos moves malos stats\n|c|\u2606Tel0sB3ta|XD\n|l|\u2606lov u fefi\n|player|p2|\n",
  "uploadtime": 1776489074,
  "views": 18,
  "formatid": "gen9championsvgc2026regma",
  "rating": null,
  "private": 0,
  "password": null
}