{
  "id": "gen9championsvgc2026regma-2582707680",
  "format": "[Gen 9 Champions] VGC 2026 Reg M-A",
  "players": [
    "CallMeLexi",
    "L_Yami_H"
  ],
  "log": "|j|\u2606CallMeLexi\n|j|\u2606L_Yami_H\n|t:|1776108653\n|gametype|doubles\n|player|p1|CallMeLexi|rosa|1207\n|player|p2|L_Yami_H|ghetsis|1169\n|gen|9\n|tier|[Gen 9 Champions] VGC 2026 Reg M-A\n|rated|\n|rule|Species Clause: Limit one of each Pok\u00e9mon\n|rule|Item Clause: Limit 1 of each item\n|clearpoke\n|poke|p1|Audino, L50, F|\n|poke|p1|Farigiraf, L50, F|\n|poke|p1|Incineroar, L50, F|\n|poke|p1|Crabominable, L50, M|\n|poke|p1|Torkoal, L50, F|\n|poke|p1|Sinistcha, L50|\n|poke|p2|Sableye, L50, M|\n|poke|p2|Victreebel, L50, F|\n|poke|p2|Farigiraf, L50, M|\n|poke|p2|Araquanid, L50, F|\n|poke|p2|Arcanine, L50, M|\n|poke|p2|Raichu, L50, M|\n|teampreview|4\n|inactive|Battle timer is ON: inactive players will automatically lose when time's up. (requested by CallMeLexi)\n|inactive|CallMeLexi has 60 seconds left.\n|inactive|L_Yami_H has 60 seconds left.\n|\n|t:|1776108692\n|teamsize|p1|4\n|teamsize|p2|4\n|start\n|switch|p1a: Farigiraf|Farigiraf, L50, F|100/100\n|switch|p1b: Incineroar|Incineroar, L50, F|100/100\n|switch|p2a: J.H|Farigiraf, L50, M|100/100\n|switch|p2b: Weeber|Araquanid, L50, F|100/100\n|-ability|p1b: Incineroar|Intimidate|boost\n|-unboost|p2a: J.H|atk|1\n|-unboost|p2b: Weeber|atk|1\n|turn|1\n|\n|t:|1776108702\n|move|p1b: Incineroar|Throat Chop|p2a: J.H\n|-supereffective|p2a: J.H|1\n|-damage|p2a: J.H|32/100\n|-start|p2a: J.H|Throat Chop|[silent]\n|move|p1a: Farigiraf|Hyper Voice|p2a: J.H|[spread] p2a,p2b\n|-damage|p2a: J.H|0 fnt\n|-damage|p2b: Weeber|67/100\n|faint|p2a: J.H\n|move|p2b: Weeber|Liquidation|p1b: Incineroar\n|-supereffective|p1b: Incineroar|1\n|-damage|p1b: Incineroar|22/100\n|\n|-heal|p2b: Weeber|73/100|[from] item: Leftovers\n|upkeep\n|\n|t:|1776108714\n|switch|p2a: Gabu|Arcanine, L50, M|100/100\n|-ability|p2a: Gabu|Intimidate|boost\n|-unboost|p1a: Farigiraf|atk|1\n|-unboost|p1b: Incineroar|atk|1\n|turn|2\n|inactive|CallMeLexi has 30 seconds left.\n|inactive|CallMeLexi has 20 seconds left.\n|\n|t:|1776108752\n|move|p2a: Gabu|Snarl|p1a: Farigiraf|[spread] p1a\n|-miss|p2a: Gabu|p1b: Incineroar\n|-supereffective|p1a: Farigiraf|1\n|-damage|p1a: Farigiraf|81/100\n|-unboost|p1a: Farigiraf|spa|1\n|move|p1b: Incineroar|Throat Chop|p2b: Weeber\n|-damage|p2b: Weeber|42/100\n|-start|p2b: Weeber|Throat Chop|[silent]\n|move|p1a: Farigiraf|Hyper Voice|p2b: Weeber|[spread] p2a,p2b\n|-damage|p2a: Gabu|77/100\n|-damage|p2b: Weeber|22/100\n|move|p2b: Weeber|Leech Life|p1a: Farigiraf\n|-supereffective|p1a: Farigiraf|1\n|-crit|p1a: Farigiraf\n|-damage|p1a: Farigiraf|0 fnt\n|-heal|p2b: Weeber|73/100|[from] drain|[of] p1a: Farigiraf\n|faint|p1a: Farigiraf\n|\n|-heal|p2b: Weeber|79/100|[from] item: Leftovers\n|upkeep\n|\n|t:|1776108772\n|switch|p1a: Crabominable|Crabominable, L50, M|100/100\n|turn|3\n|\n|t:|1776108781\n|switch|p2b: Yami|Sableye, L50, M|100/100\n|move|p1a: Crabominable|Protect|p1a: Crabominable\n|-singleturn|p1a: Crabominable|Protect\n|move|p2a: Gabu|Will-O-Wisp|p1a: Crabominable\n|-activate|p1a: Crabominable|move: Protect\n|move|p1b: Incineroar|Parting Shot|p2a: Gabu\n|-unboost|p2a: Gabu|atk|1\n|-unboost|p2a: Gabu|spa|1\n|\n|t:|1776108791\n|switch|p1b: Torkoal|Torkoal, L50, F|100/100|[from] Parting Shot\n|-weather|SunnyDay|[from] ability: Drought|[of] p1b: Torkoal\n|\n|-weather|SunnyDay|[upkeep]\n|upkeep\n|turn|4\n|\n|t:|1776108816\n|switch|p1a: Incineroar|Incineroar, L50, F|22/100\n|-ability|p1a: Incineroar|Intimidate|boost\n|-unboost|p2a: Gabu|atk|1\n|-unboost|p2b: Yami|atk|1\n|move|p1b: Torkoal|Protect|p1b: Torkoal\n|-singleturn|p1b: Torkoal|Protect\n|move|p2b: Yami|Fake Out|p1b: Torkoal\n|-activate|p1b: Torkoal|move: Protect\n|move|p2a: Gabu|Snarl|p1b: Torkoal|[spread] p1a\n|-activate|p1b: Torkoal|move: Protect\n|-resisted|p1a: Incineroar|1\n|-damage|p1a: Incineroar|19/100\n|-unboost|p1a: Incineroar|spa|1\n|\n|-weather|SunnyDay|[upkeep]\n|upkeep\n|turn|5\n|\n|t:|1776108828\n|switch|p2a: Weeber|Araquanid, L50, F|79/100\n|move|p1a: Incineroar|Fake Out|p2a: Weeber\n|-damage|p2a: Weeber|63/100\n|move|p2b: Yami|Sucker Punch|p1b: Torkoal\n|-damage|p1b: Torkoal|86/100\n|move|p1b: Torkoal|Eruption|p2a: Weeber|[spread] p2a,p2b\n|-damage|p2a: Weeber|34/100\n|-damage|p2b: Yami|0 fnt\n|faint|p2b: Yami\n|\n|-weather|SunnyDay|[upkeep]\n|-heal|p2a: Weeber|40/100|[from] item: Leftovers\n|upkeep\n|\n|t:|1776108838\n|switch|p2b: Gabu|Arcanine, L50, M|77/100\n|-ability|p2b: Gabu|Intimidate|boost\n|-unboost|p1a: Incineroar|atk|1\n|-unboost|p1b: Torkoal|atk|1\n|turn|6\n|\n|t:|1776108844\n|move|p1b: Torkoal|Helping Hand|p1a: Incineroar\n|-singleturn|p1a: Incineroar|Helping Hand|[of] p1b: Torkoal\n|move|p2b: Gabu|Heat Wave|p1b: Torkoal|[spread] p1a,p1b\n|-resisted|p1a: Incineroar|1\n|-resisted|p1b: Torkoal|1\n|-damage|p1a: Incineroar|0 fnt\n|-damage|p1b: Torkoal|64/100\n|faint|p1a: Incineroar\n|move|p2a: Weeber|Liquidation|p1b: Torkoal\n|-supereffective|p1b: Torkoal|1\n|-crit|p1b: Torkoal\n|-damage|p1b: Torkoal|0 fnt\n|faint|p1b: Torkoal\n|\n|-weather|SunnyDay|[upkeep]\n|-heal|p2a: Weeber|46/100|[from] item: Leftovers\n|upkeep\n|-message|CallMeLexi forfeited.\n|\n|win|L_Yami_H\n|raw|CallMeLexi's rating: 1207 &rarr; <strong>1179</strong><br />(-28 for losing)\n|raw|L_Yami_H's rating: 1169 &rarr; <strong>1197</strong><br />(+28 for winning)\n|l|\u2606CallMeLexi\n|player|p1|\n",
  "uploadtime": 1776108854,
  "views": 14,
  "formatid": "gen9championsvgc2026regma",
  "rating": 1179,
  "private": 0,
  "password": null
}