{
  "id": "gen9championsvgc2026regma-2584287961",
  "format": "[Gen 9 Champions] VGC 2026 Reg M-A",
  "players": [
    "Mighty",
    "rallakos"
  ],
  "log": "|j|\u2606Mighty\n|j|\u2606rallakos\n|t:|1776247417\n|gametype|doubles\n|player|p1|Mighty|pokekid|1000\n|player|p2|rallakos|ethan|1010\n|gen|9\n|tier|[Gen 9 Champions] VGC 2026 Reg M-A\n|rated|\n|rule|Species Clause: Limit one of each Pok\u00e9mon\n|rule|Item Clause: Limit 1 of each item\n|clearpoke\n|poke|p1|Delphox, L50, M|\n|poke|p1|Garchomp, L50, M|\n|poke|p1|Sneasler, L50, M|\n|poke|p1|Basculegion, L50, M|\n|poke|p1|Kingambit, L50, F|\n|poke|p1|Clefable, L50, F|\n|poke|p2|Typhlosion, L50, M|\n|poke|p2|Gyarados, L50, F|\n|poke|p2|Aerodactyl, L50, F|\n|poke|p2|Meganium, L50, M|\n|poke|p2|Armarouge, L50, M|\n|poke|p2|Meowstic, L50, M|\n|teampreview|4\n|inactive|Battle timer is ON: inactive players will automatically lose when time's up. (requested by rallakos)\n|inactive|Mighty has 60 seconds left.\n|\n|t:|1776247503\n|teamsize|p1|4\n|teamsize|p2|4\n|start\n|switch|p1a: Sneasler|Sneasler, L50, M|100/100\n|switch|p1b: Garchomp|Garchomp, L50, M|100/100\n|switch|p2a: Armarouge|Armarouge, L50, M|100/100\n|switch|p2b: Meowstic|Meowstic, L50, M|100/100\n|turn|1\n|inactive|Mighty has 30 seconds left.\n|inactive|rallakos has 30 seconds left.\n|inactive|rallakos has 20 seconds left.\n|-activate|p2b: Meowstic|item: Quick Claw\n|\n|t:|1776247543\n|move|p2b: Meowstic|Fake Out|p1b: Garchomp\n|-damage|p1b: Garchomp|95/100\n|-damage|p2b: Meowstic|88/100|[from] ability: Rough Skin|[of] p1b: Garchomp\n|move|p1a: Sneasler|Fake Out|p2b: Meowstic\n|-damage|p2b: Meowstic|74/100\n|cant|p1b: Garchomp|flinch\n|move|p2a: Armarouge|Expanding Force|p1a: Sneasler\n|-supereffective|p1a: Sneasler|2\n|-enditem|p1a: Sneasler|Focus Sash\n|-damage|p1a: Sneasler|1/100\n|\n|upkeep\n|turn|2\n|inactive|Mighty has 30 seconds left.\n|inactive|Mighty has 20 seconds left.\n|inactive|Mighty has 15 seconds left.\n|\n|t:|1776247583\n|move|p1a: Sneasler|Protect|p1a: Sneasler\n|-singleturn|p1a: Sneasler|Protect\n|move|p2b: Meowstic|Psychic Terrain|p2b: Meowstic\n|-fieldstart|move: Psychic Terrain\n|move|p1b: Garchomp|Earthquake|p2b: Meowstic|[spread] p2a,p2b\n|-activate|p1a: Sneasler|move: Protect\n|-supereffective|p2a: Armarouge|1\n|-damage|p2a: Armarouge|18/100\n|-damage|p2b: Meowstic|37/100\n|-ability|p2a: Armarouge|Weak Armor|boost\n|-unboost|p2a: Armarouge|def|1\n|-boost|p2a: Armarouge|spe|2\n|move|p2a: Armarouge|Expanding Force|p1a: Sneasler|[spread] p1b\n|-activate|p1a: Sneasler|move: Protect\n|-damage|p1b: Garchomp|17/100\n|\n|upkeep\n|turn|3\n|inactive|Mighty has 30 seconds left.\n|inactive|Mighty has 20 seconds left.\n|inactive|Mighty has 15 seconds left.\n|\n|t:|1776247626\n|switch|p2b: Gyarados|Gyarados, L50, F|100/100\n|-ability|p2b: Gyarados|Intimidate|boost\n|-unboost|p1a: Sneasler|atk|1\n|-unboost|p1b: Garchomp|atk|1\n|-enditem|p1b: Garchomp|White Herb\n|-clearnegativeboost|p1b: Garchomp|[silent]\n|move|p1b: Garchomp|Protect|p1b: Garchomp\n|-singleturn|p1b: Garchomp|Protect\n|move|p1a: Sneasler|Dire Claw|p2a: Armarouge\n|-damage|p2a: Armarouge|0 fnt\n|faint|p2a: Armarouge\n|\n|upkeep\n|\n|t:|1776247641\n|switch|p2a: Meganium|Meganium, L50, M|100/100\n|turn|4\n|inactive|Mighty has 30 seconds left.\n|inactive|Mighty has 20 seconds left.\n|inactive|Mighty has 15 seconds left.\n|inactive|Mighty has 10 seconds left.\n|\n|t:|1776247691\n|detailschange|p2a: Meganium|Meganium-Mega, L50, M\n|-mega|p2a: Meganium|Meganium|Meganiumite\n|move|p1a: Sneasler|Dire Claw|p2a: Meganium\n|-supereffective|p2a: Meganium|2\n|-damage|p2a: Meganium|0 fnt\n|faint|p2a: Meganium\n|move|p1b: Garchomp|Poison Jab|p2b: Gyarados\n|-damage|p2b: Gyarados|72/100\n|move|p2b: Gyarados|Waterfall|p1b: Garchomp\n|-damage|p1b: Garchomp|0 fnt\n|-damage|p2b: Gyarados|59/100|[from] ability: Rough Skin|[of] p1b: Garchomp\n|faint|p1b: Garchomp\n|\n|-heal|p2b: Gyarados|65/100|[from] item: Leftovers\n|upkeep\n|\n|t:|1776247704\n|switch|p1b: Delphox|Delphox, L50, M|100/100\n|switch|p2a: Meowstic|Meowstic, L50, M|37/100\n|turn|5\n|\n|t:|1776247717\n|move|p1a: Sneasler|Protect|p1a: Sneasler\n|-singleturn|p1a: Sneasler|Protect\n|move|p1b: Delphox|Protect|p1b: Delphox\n|-singleturn|p1b: Delphox|Protect\n|move|p2a: Meowstic|Thunderbolt|p1a: Sneasler\n|-activate|p1a: Sneasler|move: Protect\n|move|p2b: Gyarados|Waterfall|p1b: Delphox\n|-activate|p1b: Delphox|move: Protect\n|\n|-heal|p2b: Gyarados|71/100|[from] item: Leftovers\n|upkeep\n|turn|6\n|\n|t:|1776247737\n|detailschange|p1b: Delphox|Delphox-Mega, L50, M\n|-mega|p1b: Delphox|Delphox|Delphoxite\n|move|p1a: Sneasler|Dire Claw|p2a: Meowstic\n|-damage|p2a: Meowstic|10/100\n|move|p1b: Delphox|Psychic|p2b: Gyarados\n|-damage|p2b: Gyarados|26/100\n|move|p2a: Meowstic|Thunderbolt|p1a: Sneasler\n|-damage|p1a: Sneasler|0 fnt\n|faint|p1a: Sneasler\n|move|p2b: Gyarados|Waterfall|p1b: Delphox\n|-supereffective|p1b: Delphox|1\n|-damage|p1b: Delphox|0 fnt\n|faint|p1b: Delphox\n|\n|-heal|p2b: Gyarados|32/100|[from] item: Leftovers\n|-fieldend|move: Psychic Terrain\n|upkeep\n|\n|t:|1776247745\n|switch|p1a: Clefable|Clefable, L50, F|100/100\n|turn|7\n|\n|t:|1776247760\n|move|p2a: Meowstic|Thunder Wave|p1a: Clefable\n|-status|p1a: Clefable|par\n|move|p2b: Gyarados|Waterfall|p1a: Clefable\n|-damage|p1a: Clefable|75/100 par\n|cant|p1a: Clefable|flinch\n|\n|-heal|p2b: Gyarados|38/100|[from] item: Leftovers\n|upkeep\n|turn|8\n|\n|t:|1776247784\n|move|p2a: Meowstic|Thunderbolt|p1a: Clefable\n|-damage|p1a: Clefable|58/100 par\n|move|p2b: Gyarados|Waterfall|p1a: Clefable\n|-damage|p1a: Clefable|32/100 par\n|-enditem|p1a: Clefable|Sitrus Berry|[eat]\n|-heal|p1a: Clefable|57/100 par|[from] item: Sitrus Berry\n|cant|p1a: Clefable|flinch\n|\n|-heal|p2b: Gyarados|44/100|[from] item: Leftovers\n|upkeep\n|turn|9\n|\n|t:|1776247809\n|move|p2a: Meowstic|Thunderbolt|p1a: Clefable\n|-damage|p1a: Clefable|40/100 par\n|move|p2b: Gyarados|Waterfall|p1a: Clefable\n|-damage|p1a: Clefable|11/100 par\n|move|p1a: Clefable|Moonblast|p2b: Gyarados\n|-damage|p2b: Gyarados|17/100\n|\n|-heal|p2b: Gyarados|23/100|[from] item: Leftovers\n|upkeep\n|turn|10\n|-message|Mighty forfeited.\n|\n|win|rallakos\n|raw|Mighty's rating: 1000 &rarr; <strong>1000</strong><br />(+0 for losing)\n|raw|rallakos's rating: 1010 &rarr; <strong>1047</strong><br />(+37 for winning)\n|l|\u2606Mighty\n|player|p1|\n|l|\u2606rallakos\n|player|p2|\n|j|\u2606Mighty\n|player|p1|Mighty|pokekid|\n",
  "uploadtime": 1776247919,
  "views": 28,
  "formatid": "gen9championsvgc2026regma",
  "rating": 1000,
  "private": 0,
  "password": null
}