{
  "id": "gen9championsvgc2026regma-2585705886",
  "format": "[Gen 9 Champions] VGC 2026 Reg M-A",
  "players": [
    "Kazuma Yato",
    "Chibronlaser"
  ],
  "log": "|j|\u2606Kazuma Yato\n|j|\u2606Chibronlaser\n|t:|1776364986\n|gametype|doubles\n|player|p1|Kazuma Yato|2|1144\n|player|p2|Chibronlaser|1|1093\n|gen|9\n|tier|[Gen 9 Champions] VGC 2026 Reg M-A\n|rated|\n|rule|Species Clause: Limit one of each Pok\u00e9mon\n|rule|Item Clause: Limit 1 of each item\n|clearpoke\n|poke|p1|Aerodactyl, L50, M|\n|poke|p1|Maushold, L50|\n|poke|p1|Garchomp, L50, F|\n|poke|p1|Delphox, L50, M|\n|poke|p1|Aegislash, L50, F|\n|poke|p1|Floette-Eternal, L50, F|\n|poke|p2|Sylveon, L50, M|\n|poke|p2|Vaporeon, L50, F|\n|poke|p2|Clefable, L50, M|\n|poke|p2|Sneasler, L50, F|\n|poke|p2|Sinistcha, L50|\n|poke|p2|Gyarados, L50, M|\n|teampreview|4\n|inactive|Battle timer is ON: inactive players will automatically lose when time's up. (requested by Chibronlaser)\n|\n|t:|1776365010\n|teamsize|p1|4\n|teamsize|p2|4\n|start\n|switch|p1a: Floette|Floette-Eternal, L50, F|100/100\n|switch|p1b: Maushold|Maushold, L50|100/100\n|switch|p2a: Vaporeon|Vaporeon, L50, F|100/100\n|switch|p2b: Clefable|Clefable, L50, M|100/100\n|turn|1\n|\n|t:|1776365028\n|detailschange|p1a: Floette|Floette-Mega, L50, F\n|-mega|p1a: Floette|Floette|Floettite\n|-ability|p1a: Floette|Fairy Aura\n|move|p1b: Maushold|Super Fang|p2b: Clefable\n|-damage|p2b: Clefable|50/100\n|-enditem|p2b: Clefable|Sitrus Berry|[eat]\n|-heal|p2b: Clefable|75/100|[from] item: Sitrus Berry\n|move|p1a: Floette|Moonblast|p2b: Clefable\n|-damage|p2b: Clefable|2/100\n|move|p2a: Vaporeon|Acid Armor|p2a: Vaporeon\n|-boost|p2a: Vaporeon|def|2\n|move|p2b: Clefable|Heal Pulse|p2a: Vaporeon\n|-fail|p2a: Vaporeon|heal\n|\n|upkeep\n|turn|2\n|\n|t:|1776365052\n|move|p2b: Clefable|Follow Me|p2b: Clefable\n|-singleturn|p2b: Clefable|move: Follow Me\n|move|p1b: Maushold|Super Fang|p2b: Clefable\n|-damage|p2b: Clefable|1/100\n|move|p1a: Floette|Dazzling Gleam|p2b: Clefable|[spread] p2a,p2b\n|-damage|p2a: Vaporeon|59/100\n|-damage|p2b: Clefable|0 fnt\n|faint|p2b: Clefable\n|move|p2a: Vaporeon|Calm Mind|p2a: Vaporeon\n|-boost|p2a: Vaporeon|spa|1\n|-boost|p2a: Vaporeon|spd|1\n|\n|upkeep\n|\n|t:|1776365067\n|switch|p2b: Sinistcha|Sinistcha, L50|100/100\n|-heal|p2a: Vaporeon|84/100|[from] ability: Hospitality|[of] p2b: Sinistcha\n|turn|3\n|\n|t:|1776365086\n|move|p1b: Maushold|Taunt|p2b: Sinistcha\n|-start|p2b: Sinistcha|move: Taunt\n|move|p1a: Floette|Moonblast|p2a: Vaporeon\n|-damage|p2a: Vaporeon|39/100\n|move|p2b: Sinistcha|Matcha Gotcha|p1a: Floette|[spread] p1a,p1b\n|-crit|p1a: Floette\n|-damage|p1a: Floette|83/100\n|-damage|p1b: Maushold|72/100\n|move|p2a: Vaporeon|Baton Pass|p2a: Vaporeon\n|\n|t:|1776365097\n|switch|p2a: Sylveon|Sylveon, L50, M|100/100|[from] Baton Pass\n|\n|upkeep\n|turn|4\n|\n|t:|1776365108\n|move|p1b: Maushold|Super Fang|p2a: Sylveon\n|-damage|p2a: Sylveon|50/100\n|move|p1a: Floette|Moonblast|p2a: Sylveon\n|-damage|p2a: Sylveon|14/100\n|-unboost|p2a: Sylveon|spa|1\n|move|p2b: Sinistcha|Matcha Gotcha|p1a: Floette|[spread] p1a,p1b\n|-damage|p1a: Floette|71/100\n|-damage|p1b: Maushold|42/100\n|move|p2a: Sylveon|Hyper Voice|p1a: Floette|[spread] p1a,p1b\n|-damage|p1a: Floette|49/100\n|-damage|p1b: Maushold|0 fnt\n|faint|p1b: Maushold\n|\n|-heal|p2a: Sylveon|20/100|[from] item: Leftovers\n|upkeep\n|\n|t:|1776365126\n|switch|p1b: Garchomp|Garchomp, L50, F|100/100\n|turn|5\n|\n|t:|1776365131\n|switch|p1a: Aerodactyl|Aerodactyl, L50, M|100/100\n|-ability|p1a: Aerodactyl|Unnerve\n|move|p1b: Garchomp|Stomping Tantrum|p2a: Sylveon\n|-damage|p2a: Sylveon|0 fnt\n|faint|p2a: Sylveon\n|move|p2b: Sinistcha|Matcha Gotcha|p1b: Garchomp|[spread] p1a,p1b\n|-damage|p1a: Aerodactyl|64/100\n|-damage|p1b: Garchomp|74/100\n|\n|-end|p2b: Sinistcha|move: Taunt\n|upkeep\n|\n|t:|1776365145\n|switch|p2a: Vaporeon|Vaporeon, L50, F|39/100\n|turn|6\n|\n|t:|1776365151\n|move|p1a: Aerodactyl|Rock Slide|p2b: Sinistcha|[spread] p2a,p2b\n|-damage|p2a: Vaporeon|19/100\n|-damage|p2b: Sinistcha|79/100\n|move|p1b: Garchomp|Earthquake|p2b: Sinistcha|[spread] p2a,p2b\n|-immune|p1a: Aerodactyl\n|-resisted|p2b: Sinistcha|1\n|-damage|p2a: Vaporeon|0 fnt\n|-damage|p2b: Sinistcha|58/100\n|faint|p2a: Vaporeon\n|move|p2b: Sinistcha|Life Dew|p2b: Sinistcha\n|-heal|p2b: Sinistcha|83/100\n|\n|upkeep\n|turn|7\n|-message|Chibronlaser forfeited.\n|\n|win|Kazuma Yato\n|raw|Kazuma Yato's rating: 1144 &rarr; <strong>1165</strong><br />(+21 for winning)\n|raw|Chibronlaser's rating: 1093 &rarr; <strong>1073</strong><br />(-20 for losing)\n|l|\u2606Chibronlaser\n|player|p2|\n",
  "uploadtime": 1776365168,
  "views": 17,
  "formatid": "gen9championsvgc2026regma",
  "rating": 1073,
  "private": 0,
  "password": null
}