{
  "id": "gen9championsvgc2026regma-2581586809",
  "format": "[Gen 9 Champions] VGC 2026 Reg M-A",
  "players": [
    "the_RARAone",
    "Slafyx"
  ],
  "log": "|j|\u2606the_RARAone\n|j|\u2606Slafyx\n|t:|1776013085\n|gametype|doubles\n|player|p1|the_RARAone|265|1077\n|player|p2|Slafyx|101|1000\n|gen|9\n|tier|[Gen 9 Champions] VGC 2026 Reg M-A\n|rated|\n|rule|Species Clause: Limit one of each Pok\u00e9mon\n|rule|Item Clause: Limit 1 of each item\n|clearpoke\n|poke|p1|Incineroar, L50, F|\n|poke|p1|Raichu, L50, M|\n|poke|p1|Clawitzer, L50, M|\n|poke|p1|Chandelure, L50, F|\n|poke|p1|Scizor, L50, F|\n|poke|p1|Tsareena, L50, F|\n|poke|p2|Venusaur, L50, F|\n|poke|p2|Sneasler, L50, M|\n|poke|p2|Rotom-Wash, L50|\n|poke|p2|Incineroar, L50, F|\n|poke|p2|Dragonite, L50, M|\n|poke|p2|Ninetales-Alola, L50, F|\n|teampreview|4\n|inactive|Battle timer is ON: inactive players will automatically lose when time's up. (requested by the_RARAone)\n|\n|t:|1776013115\n|teamsize|p1|4\n|teamsize|p2|4\n|start\n|switch|p1a: Scizor|Scizor, L50, F|100/100\n|switch|p1b: Clawitzer|Clawitzer, L50, M|100/100\n|switch|p2a: Venusaur|Venusaur, L50, F|100/100\n|switch|p2b: Rotom|Rotom-Wash, L50|100/100\n|turn|1\n|\n|t:|1776013130\n|detailschange|p2a: Venusaur|Venusaur-Mega, L50, F\n|-mega|p2a: Venusaur|Venusaur|Venusaurite\n|move|p2b: Rotom|Will-O-Wisp|p1a: Scizor\n|-status|p1a: Scizor|brn\n|move|p1a: Scizor|Swords Dance|p1a: Scizor\n|-boost|p1a: Scizor|atk|2\n|move|p2a: Venusaur|Leech Seed|p1b: Clawitzer\n|-start|p1b: Clawitzer|move: Leech Seed\n|move|p1b: Clawitzer|Ice Beam|p2a: Venusaur\n|-supereffective|p2a: Venusaur|1\n|-damage|p2a: Venusaur|76/100\n|\n|-damage|p1b: Clawitzer|88/100|[from] Leech Seed|[of] p2a: Venusaur\n|-heal|p2a: Venusaur|86/100|[silent]\n|-damage|p1a: Scizor|94/100 brn|[from] brn\n|upkeep\n|turn|2\n|inactive|the_RARAone has 30 seconds left.\n|\n|t:|1776013157\n|switch|p2b: Incineroar|Incineroar, L50, F|100/100\n|-ability|p2b: Incineroar|Intimidate|boost\n|-unboost|p1a: Scizor|atk|1\n|-unboost|p1b: Clawitzer|atk|1\n|switch|p1b: Incineroar|Incineroar, L50, F|100/100\n|-ability|p1b: Incineroar|Intimidate|boost\n|-unboost|p2a: Venusaur|atk|1\n|-unboost|p2b: Incineroar|atk|1\n|move|p1a: Scizor|Swords Dance|p1a: Scizor\n|-boost|p1a: Scizor|atk|2\n|move|p2a: Venusaur|Leech Seed|p1a: Scizor\n|-start|p1a: Scizor|move: Leech Seed\n|\n|-damage|p1a: Scizor|82/100 brn|[from] Leech Seed|[of] p2a: Venusaur\n|-heal|p2a: Venusaur|95/100|[silent]\n|-damage|p1a: Scizor|76/100 brn|[from] brn\n|upkeep\n|turn|3\n|\n|t:|1776013180\n|move|p1b: Incineroar|Fake Out|p2b: Incineroar\n|-damage|p2b: Incineroar|92/100\n|cant|p2b: Incineroar|flinch\n|move|p1a: Scizor|U-turn|p2a: Venusaur\n|-damage|p2a: Venusaur|56/100\n|\n|t:|1776013186\n|switch|p1a: Clawitzer|Clawitzer, L50, M|88/100|[from] U-turn\n|move|p2a: Venusaur|Leech Seed|p1b: Incineroar\n|-start|p1b: Incineroar|move: Leech Seed\n|\n|-damage|p1b: Incineroar|88/100|[from] Leech Seed|[of] p2a: Venusaur\n|-heal|p2a: Venusaur|68/100|[silent]\n|upkeep\n|turn|4\n|\n|t:|1776013195\n|switch|p2b: Rotom|Rotom-Wash, L50|100/100\n|move|p2a: Venusaur|Leech Seed|p1a: Clawitzer\n|-start|p1a: Clawitzer|move: Leech Seed\n|move|p1b: Incineroar|Flare Blitz|p2a: Venusaur\n|-supereffective|p2a: Venusaur|1\n|-damage|p2a: Venusaur|27/100\n|-damage|p1b: Incineroar|74/100|[from] Recoil\n|move|p1a: Clawitzer|Ice Beam|p2a: Venusaur\n|-supereffective|p2a: Venusaur|1\n|-damage|p2a: Venusaur|2/100\n|\n|-damage|p1b: Incineroar|62/100|[from] Leech Seed|[of] p2a: Venusaur\n|-heal|p2a: Venusaur|14/100|[silent]\n|-damage|p1a: Clawitzer|76/100|[from] Leech Seed|[of] p2a: Venusaur\n|-heal|p2a: Venusaur|24/100|[silent]\n|upkeep\n|turn|5\n|inactive|the_RARAone has 30 seconds left.\n|\n|t:|1776013223\n|switch|p1a: Tsareena|Tsareena, L50, F|100/100\n|move|p2a: Venusaur|Protect|p2a: Venusaur\n|-singleturn|p2a: Venusaur|Protect\n|move|p2b: Rotom|Electroweb|p1a: Tsareena|[spread] p1a,p1b\n|-resisted|p1a: Tsareena|1\n|-crit|p1b: Incineroar\n|-damage|p1a: Tsareena|93/100\n|-damage|p1b: Incineroar|43/100\n|-unboost|p1a: Tsareena|spe|1\n|-unboost|p1b: Incineroar|spe|1\n|-enditem|p1b: Incineroar|Sitrus Berry|[eat]\n|-heal|p1b: Incineroar|68/100|[from] item: Sitrus Berry\n|move|p1b: Incineroar|Parting Shot|p2b: Rotom\n|-unboost|p2b: Rotom|atk|1\n|-unboost|p2b: Rotom|spa|1\n|\n|t:|1776013236\n|switch|p1b: Scizor|Scizor, L50, F|76/100 brn|[from] Parting Shot\n|\n|-damage|p1b: Scizor|69/100 brn|[from] brn\n|upkeep\n|turn|6\n|\n|t:|1776013255\n|switch|p2b: Incineroar|Incineroar, L50, F|92/100\n|-ability|p2b: Incineroar|Intimidate|boost\n|-unboost|p1a: Tsareena|atk|1\n|-unboost|p1b: Scizor|atk|1\n|detailschange|p1b: Scizor|Scizor-Mega, L50, F\n|-mega|p1b: Scizor|Scizor|Scizorite\n|move|p1b: Scizor|Bullet Punch|p2a: Venusaur\n|-damage|p2a: Venusaur|14/100\n|move|p1a: Tsareena|Trop Kick|p2b: Incineroar\n|-resisted|p2b: Incineroar|1\n|-damage|p2b: Incineroar|82/100\n|-unboost|p2b: Incineroar|atk|1\n|move|p2a: Venusaur|Leech Seed|p1b: Scizor\n|-start|p1b: Scizor|move: Leech Seed\n|\n|-damage|p1b: Scizor|57/100 brn|[from] Leech Seed|[of] p2a: Venusaur\n|-heal|p2a: Venusaur|24/100|[silent]\n|-damage|p1b: Scizor|51/100 brn|[from] brn\n|upkeep\n|turn|7\n|\n|t:|1776013272\n|switch|p1a: Clawitzer|Clawitzer, L50, M|76/100\n|move|p2a: Venusaur|Protect|p2a: Venusaur\n|-singleturn|p2a: Venusaur|Protect\n|move|p1b: Scizor|U-turn|p2a: Venusaur\n|-activate|p2a: Venusaur|move: Protect\n|move|p2b: Incineroar|Parting Shot|p1a: Clawitzer\n|-unboost|p1a: Clawitzer|atk|1\n|-unboost|p1a: Clawitzer|spa|1\n|\n|t:|1776013280\n|switch|p2b: Rotom|Rotom-Wash, L50|100/100|[from] Parting Shot\n|\n|-damage|p1b: Scizor|38/100 brn|[from] Leech Seed|[of] p2a: Venusaur\n|-heal|p2a: Venusaur|34/100|[silent]\n|-damage|p1b: Scizor|32/100 brn|[from] brn\n|upkeep\n|turn|8\n|\n|t:|1776013292\n|move|p2b: Rotom|Electroweb|p1b: Scizor|[spread] p1a,p1b\n|-supereffective|p1a: Clawitzer|1\n|-damage|p1a: Clawitzer|39/100\n|-damage|p1b: Scizor|16/100 brn\n|-unboost|p1a: Clawitzer|spe|1\n|-unboost|p1b: Scizor|spe|1\n|move|p2a: Venusaur|Earth Power|p1b: Scizor\n|-damage|p1b: Scizor|0 fnt\n|faint|p1b: Scizor\n|move|p1a: Clawitzer|Ice Beam|p2a: Venusaur\n|-supereffective|p2a: Venusaur|1\n|-damage|p2a: Venusaur|19/100\n|\n|upkeep\n|-message|the_RARAone forfeited.\n|\n|win|Slafyx\n|raw|the_RARAone's rating: 1077 &rarr; <strong>1051</strong><br />(-26 for losing)\n|raw|Slafyx's rating: 1000 &rarr; <strong>1049</strong><br />(+49 for winning)\n",
  "uploadtime": 1776013304,
  "views": 15,
  "formatid": "gen9championsvgc2026regma",
  "rating": 1049,
  "private": 0,
  "password": null
}