{
  "id": "gen9championsvgc2026regma-2589558304",
  "format": "[Gen 9 Champions] VGC 2026 Reg M-A",
  "players": [
    "benjiapollo",
    "nfer"
  ],
  "log": "|j|\u2606benjiapollo\n|j|\u2606nfer\n|t:|1776734007\n|gametype|doubles\n|player|p1|benjiapollo|giovanni|1364\n|player|p2|nfer|harlequin|1338\n|gen|9\n|tier|[Gen 9 Champions] VGC 2026 Reg M-A\n|rated|\n|rule|Species Clause: Limit one of each Pok\u00e9mon\n|rule|Item Clause: Limit 1 of each item\n|clearpoke\n|poke|p1|Basculegion, L50, M|\n|poke|p1|Charizard, L50, M|\n|poke|p1|Kingambit, L50, M|\n|poke|p1|Sneasler, L50, F|\n|poke|p1|Venusaur, L50, M|\n|poke|p1|Talonflame, L50, M|\n|poke|p2|Aggron, L50, M, shiny|\n|poke|p2|Sinistcha-Masterpiece, L50|\n|poke|p2|Sneasler, L50, M|\n|poke|p2|Farigiraf, L50, M|\n|poke|p2|Tyranitar, L50, M|\n|poke|p2|Araquanid, L50, F, shiny|\n|teampreview|4\n|inactive|Battle timer is ON: inactive players will automatically lose when time's up. (requested by benjiapollo)\n|inactive|nfer has 60 seconds left.\n|\n|t:|1776734070\n|teamsize|p1|4\n|teamsize|p2|4\n|start\n|switch|p1a: Talonflame|Talonflame, L50, M|100/100\n|switch|p1b: Kingambit|Kingambit, L50, M|100/100\n|switch|p2a: Aggron|Aggron, L50, M, shiny|100/100\n|switch|p2b: Sinistcha|Sinistcha-Masterpiece, L50|100/100\n|turn|1\n|\n|t:|1776734099\n|switch|p2b: Tyranitar|Tyranitar, L50, M|100/100\n|-weather|Sandstorm|[from] ability: Sand Stream|[of] p2b: Tyranitar\n|detailschange|p2a: Aggron|Aggron-Mega, L50, M, shiny\n|-mega|p2a: Aggron|Aggron|Aggronite\n|move|p1a: Talonflame|Flare Blitz|p2a: Aggron\n|-supereffective|p2a: Aggron|1\n|-damage|p2a: Aggron|69/100\n|-damage|p1a: Talonflame|89/100|[from] Recoil\n|move|p1b: Kingambit|Kowtow Cleave|p2a: Aggron\n|-damage|p2a: Aggron|42/100\n|move|p2a: Aggron|Iron Defense|p2a: Aggron\n|-boost|p2a: Aggron|def|2\n|\n|-weather|Sandstorm|[upkeep]\n|-damage|p1a: Talonflame|83/100|[from] Sandstorm\n|upkeep\n|turn|2\n|\n|t:|1776734124\n|move|p1b: Kingambit|Protect|p1b: Kingambit\n|-singleturn|p1b: Kingambit|Protect\n|move|p1a: Talonflame|Flare Blitz|p2a: Aggron\n|-supereffective|p2a: Aggron|1\n|-damage|p2a: Aggron|27/100\n|-damage|p1a: Talonflame|77/100|[from] Recoil\n|move|p2b: Tyranitar|Rock Slide|p1a: Talonflame|[spread] p1a\n|-activate|p1b: Kingambit|move: Protect\n|-supereffective|p1a: Talonflame|2\n|-damage|p1a: Talonflame|0 fnt\n|faint|p1a: Talonflame\n|move|p2a: Aggron|Body Press|p1b: Kingambit\n|-activate|p1b: Kingambit|move: Protect\n|\n|-weather|Sandstorm|[upkeep]\n|upkeep\n|\n|t:|1776734138\n|switch|p1a: Basculegion|Basculegion, L50, M|100/100\n|turn|3\n|\n|t:|1776734146\n|switch|p2b: Sinistcha|Sinistcha-Masterpiece, L50|100/100\n|-heal|p2a: Aggron|52/100|[from] ability: Hospitality|[of] p2b: Sinistcha\n|move|p1a: Basculegion|Wave Crash|p2a: Aggron\n|-damage|p2a: Aggron|33/100\n|-damage|p1a: Basculegion|95/100|[from] Recoil\n|move|p1b: Kingambit|Iron Head|p2b: Sinistcha\n|-damage|p2b: Sinistcha|56/100\n|move|p2a: Aggron|Body Press|p1b: Kingambit\n|-supereffective|p1b: Kingambit|2\n|-damage|p1b: Kingambit|0 fnt\n|faint|p1b: Kingambit\n|\n|-weather|Sandstorm|[upkeep]\n|-damage|p1a: Basculegion|89/100|[from] Sandstorm\n|-damage|p2b: Sinistcha|50/100|[from] Sandstorm\n|-heal|p2b: Sinistcha|56/100|[from] item: Leftovers\n|upkeep\n|\n|t:|1776734161\n|switch|p1b: Charizard|Charizard, L50, M|100/100\n|turn|4\n|\n|t:|1776734171\n|detailschange|p1b: Charizard|Charizard-Mega-X, L50, M\n|-mega|p1b: Charizard|Charizard|Charizardite X\n|move|p1b: Charizard|Protect|p1b: Charizard\n|-singleturn|p1b: Charizard|Protect\n|move|p2a: Aggron|Protect|p2a: Aggron\n|-singleturn|p2a: Aggron|Protect\n|move|p1a: Basculegion|Wave Crash|p2a: Aggron\n|-activate|p2a: Aggron|move: Protect\n|move|p2b: Sinistcha|Trick Room|p2b: Sinistcha\n|-fieldstart|move: Trick Room|[of] p2b: Sinistcha\n|\n|-weather|Sandstorm|[upkeep]\n|-damage|p2b: Sinistcha|50/100|[from] Sandstorm\n|-damage|p1b: Charizard|95/100|[from] Sandstorm\n|-damage|p1a: Basculegion|83/100|[from] Sandstorm\n|-heal|p2b: Sinistcha|56/100|[from] item: Leftovers\n|upkeep\n|turn|5\n|\n|t:|1776734189\n|move|p2a: Aggron|Body Press|p1b: Charizard\n|-damage|p1b: Charizard|5/100\n|move|p2b: Sinistcha|Matcha Gotcha|p1a: Basculegion|[spread] p1a,p1b\n|-supereffective|p1a: Basculegion|1\n|-resisted|p1b: Charizard|2\n|-damage|p1a: Basculegion|29/100\n|-heal|p2b: Sinistcha|86/100|[from] drain|[of] p1a: Basculegion\n|-damage|p1b: Charizard|0 fnt\n|-heal|p2b: Sinistcha|88/100|[from] drain|[of] p1b: Charizard\n|faint|p1b: Charizard\n|move|p1a: Basculegion|Wave Crash|p2a: Aggron\n|-damage|p2a: Aggron|13/100\n|-damage|p1a: Basculegion|24/100|[from] Recoil\n|\n|-weather|none\n|-heal|p2b: Sinistcha|94/100|[from] item: Leftovers\n|upkeep\n|turn|6\n|-message|benjiapollo forfeited.\n|\n|win|nfer\n|raw|benjiapollo's rating: 1364 &rarr; <strong>1343</strong><br />(-21 for losing)\n|raw|nfer's rating: 1338 &rarr; <strong>1359</strong><br />(+21 for winning)\n",
  "uploadtime": 1776734207,
  "views": 5,
  "formatid": "gen9championsvgc2026regma",
  "rating": 1343,
  "private": 0,
  "password": null
}