{
  "id": "gen9championsvgc2026regma-2587882226",
  "format": "[Gen 9 Champions] VGC 2026 Reg M-A",
  "players": [
    "BANKAI_545",
    "KIN07"
  ],
  "log": "|j|\u2606BANKAI_545\n|j|\u2606KIN07\n|t:|1776574190\n|gametype|doubles\n|player|p1|BANKAI_545|n|1281\n|player|p2|KIN07|hilda-wonderlauncher|1216\n|gen|9\n|tier|[Gen 9 Champions] VGC 2026 Reg M-A\n|rated|\n|rule|Species Clause: Limit one of each Pok\u00e9mon\n|rule|Item Clause: Limit 1 of each item\n|clearpoke\n|poke|p1|Gengar, L50, M, shiny|\n|poke|p1|Incineroar, L50, M|\n|poke|p1|Sinistcha-Masterpiece, L50, shiny|\n|poke|p1|Tauros-Paldea-Aqua, L50, M|\n|poke|p1|Tyranitar, L50, F, shiny|\n|poke|p1|Rotom-Heat, L50, shiny|\n|poke|p2|Aerodactyl, L50, F|\n|poke|p2|Basculegion, L50, M|\n|poke|p2|Sneasler, L50, F|\n|poke|p2|Garchomp, L50, M|\n|poke|p2|Meganium, L50, F|\n|poke|p2|Tyranitar, L50, M|\n|teampreview|4\n|inactive|Battle timer is ON: inactive players will automatically lose when time's up. (requested by BANKAI_545)\n|inactive|KIN07 also wants the timer to be on.\n|inactive|KIN07 has 60 seconds left.\n|inactive|KIN07 has 30 seconds left.\n|\n|t:|1776574258\n|teamsize|p1|4\n|teamsize|p2|4\n|start\n|switch|p1a: gengy|Gengar, L50, M, shiny|100/100\n|switch|p1b: roar!|Incineroar, L50, M|100/100\n|switch|p2a: Basculegion|Basculegion, L50, M|100/100\n|switch|p2b: Aerodactyl|Aerodactyl, L50, F|100/100\n|-ability|p2b: Aerodactyl|Unnerve\n|-ability|p1b: roar!|Intimidate|boost\n|-unboost|p2a: Basculegion|atk|1\n|-unboost|p2b: Aerodactyl|atk|1\n|turn|1\n|\n|t:|1776574279\n|detailschange|p1a: gengy|Gengar-Mega, L50, M, shiny\n|-mega|p1a: gengy|Gengar|Gengarite\n|move|p1b: roar!|Fake Out|p2b: Aerodactyl\n|-resisted|p2b: Aerodactyl|1\n|-damage|p2b: Aerodactyl|92/100\n|move|p2a: Basculegion|Flip Turn|p1b: roar!\n|-supereffective|p1b: roar!|1\n|-crit|p1b: roar!\n|-damage|p1b: roar!|9/100\n|\n|t:|1776574293\n|switch|p2a: Sneasler|Sneasler, L50, F|100/100|[from] Flip Turn\n|move|p1a: gengy|Perish Song|p1a: gengy\n|-start|p1a: gengy|perish3|[silent]\n|-start|p1b: roar!|perish3|[silent]\n|-start|p2a: Sneasler|perish3|[silent]\n|-start|p2b: Aerodactyl|perish3|[silent]\n|-fieldactivate|move: Perish Song\n|cant|p2b: Aerodactyl|flinch\n|\n|-start|p2b: Aerodactyl|perish3\n|-start|p1a: gengy|perish3\n|-start|p2a: Sneasler|perish3\n|-start|p1b: roar!|perish3\n|upkeep\n|turn|2\n|\n|t:|1776574312\n|move|p1a: gengy|Protect|p1a: gengy\n|-singleturn|p1a: gengy|Protect\n|move|p1b: roar!|Protect|p1b: roar!\n|-singleturn|p1b: roar!|Protect\n|move|p2b: Aerodactyl|Rock Slide|p1b: roar!|[spread] \n|-activate|p1a: gengy|move: Protect\n|-activate|p1b: roar!|move: Protect\n|move|p2a: Sneasler|Close Combat|p1b: roar!\n|-activate|p1b: roar!|move: Protect\n|\n|-start|p1a: gengy|perish2\n|-start|p2b: Aerodactyl|perish2\n|-start|p2a: Sneasler|perish2\n|-start|p1b: roar!|perish2\n|upkeep\n|turn|3\n|c|\u2606BANKAI_545|Why the crit \ud83d\ude2d\n|\n|t:|1776574324\n|switch|p1a: Tauros|Tauros-Paldea-Aqua, L50, M|100/100\n|-ability|p1a: Tauros|Intimidate|boost\n|-unboost|p2a: Sneasler|atk|1\n|-unboost|p2b: Aerodactyl|atk|1\n|-enditem|p2a: Sneasler|White Herb\n|-clearnegativeboost|p2a: Sneasler|[silent]\n|move|p2a: Sneasler|Close Combat|p1b: roar!\n|-supereffective|p1b: roar!|1\n|-damage|p1b: roar!|0 fnt\n|-unboost|p2a: Sneasler|def|1\n|-unboost|p2a: Sneasler|spd|1\n|faint|p1b: roar!\n|move|p2b: Aerodactyl|Dual Wingbeat|p1a: Tauros\n|-supereffective|p1a: Tauros|1\n|-damage|p1a: Tauros|81/100\n|-supereffective|p1a: Tauros|1\n|-damage|p1a: Tauros|60/100\n|-hitcount|p1a: Tauros|2\n|\n|-start|p2a: Sneasler|perish1\n|-start|p2b: Aerodactyl|perish1\n|upkeep\n|\n|t:|1776574331\n|switch|p1b: gengy|Gengar-Mega, L50, M, shiny|100/100\n|turn|4\n|\n|t:|1776574351\n|move|p1b: gengy|Protect|p1b: gengy\n|-singleturn|p1b: gengy|Protect\n|move|p1a: Tauros|Protect|p1a: Tauros\n|-singleturn|p1a: Tauros|Protect\n|move|p2a: Sneasler|Close Combat|p1a: Tauros\n|-activate|p1a: Tauros|move: Protect\n|move|p2b: Aerodactyl|Tailwind|p2b: Aerodactyl\n|-sidestart|p2: KIN07|move: Tailwind\n|\n|-start|p2a: Sneasler|perish0\n|-start|p2b: Aerodactyl|perish0\n|faint|p2a: Sneasler\n|faint|p2b: Aerodactyl\n|upkeep\n|\n|t:|1776574356\n|switch|p2b: Meganium|Meganium, L50, F|100/100\n|switch|p2a: Basculegion|Basculegion, L50, M|100/100\n|turn|5\n|inactive|BANKAI_545 has 30 seconds left.\n|inactive|KIN07 has 30 seconds left.\n|\n|t:|1776574385\n|switch|p1b: Rotom|Rotom-Heat, L50, shiny|100/100\n|detailschange|p2b: Meganium|Meganium-Mega, L50, F\n|-mega|p2b: Meganium|Meganium|Meganiumite\n|move|p2a: Basculegion|Last Respects|p1b: Rotom\n|-damage|p1b: Rotom|13/100\n|move|p2b: Meganium|Solar Beam||[still]\n|-prepare|p2b: Meganium|Solar Beam\n|-activate|p2b: Meganium|ability: Mega Sol\n|-anim|p2b: Meganium|Solar Beam|p1a: Tauros\n|-supereffective|p1a: Tauros|1\n|-damage|p1a: Tauros|0 fnt\n|faint|p1a: Tauros\n|\n|-heal|p1b: Rotom|18/100|[from] item: Leftovers\n|upkeep\n|\n|t:|1776574388\n|switch|p1a: gengy|Gengar-Mega, L50, M, shiny|100/100\n|turn|6\n|\n|t:|1776574410\n|move|p1b: Rotom|Protect|p1b: Rotom\n|-singleturn|p1b: Rotom|Protect\n|move|p2a: Basculegion|Last Respects|p1a: gengy\n|-supereffective|p1a: gengy|1\n|-damage|p1a: gengy|0 fnt\n|faint|p1a: gengy\n|move|p2b: Meganium|Weather Ball|p1b: Rotom\n|-activate|p1b: Rotom|move: Protect\n|\n|-heal|p1b: Rotom|24/100|[from] item: Leftovers\n|upkeep\n|turn|7\n|\n|t:|1776574416\n|move|p2a: Basculegion|Last Respects|p1b: Rotom\n|-damage|p1b: Rotom|0 fnt\n|faint|p1b: Rotom\n|\n|win|KIN07\n|raw|BANKAI_545's rating: 1281 &rarr; <strong>1251</strong><br />(-30 for losing)\n|raw|KIN07's rating: 1216 &rarr; <strong>1246</strong><br />(+30 for winning)\n|l|\u2606BANKAI_545\n|player|p1|\n",
  "uploadtime": 1776574437,
  "views": 16,
  "formatid": "gen9championsvgc2026regma",
  "rating": 1246,
  "private": 0,
  "password": null
}