{
  "id": "gen9championsvgc2026regma-2586772680",
  "format": "[Gen 9 Champions] VGC 2026 Reg M-A",
  "players": [
    "areestoo",
    "Vilorck"
  ],
  "log": "|j|\u2606areestoo\n|j|\u2606Vilorck\n|t:|1776458722\n|gametype|doubles\n|player|p1|areestoo|101|1225\n|player|p2|Vilorck|1|1196\n|gen|9\n|tier|[Gen 9 Champions] VGC 2026 Reg M-A\n|rated|\n|rule|Species Clause: Limit one of each Pok\u00e9mon\n|rule|Item Clause: Limit 1 of each item\n|clearpoke\n|poke|p1|Incineroar, L50, F|\n|poke|p1|Farigiraf, L50, M|\n|poke|p1|Torkoal, L50, F|\n|poke|p1|Scovillain, L50, F|\n|poke|p1|Hatterene, L50, F|\n|poke|p1|Crabominable, L50, M|\n|poke|p2|Floette-Eternal, L50, F|\n|poke|p2|Aegislash, L50, F|\n|poke|p2|Talonflame, L50, M|\n|poke|p2|Incineroar, L50, M|\n|poke|p2|Garchomp, L50, M|\n|poke|p2|Rotom-Wash, L50|\n|teampreview|4\n|inactive|Battle timer is ON: inactive players will automatically lose when time's up. (requested by areestoo)\n|inactive|areestoo has 60 seconds left.\n|inactive|Vilorck has 60 seconds left.\n|\n|t:|1776458771\n|teamsize|p1|4\n|teamsize|p2|4\n|start\n|switch|p1a: Scovillain|Scovillain, L50, F|100/100\n|switch|p1b: Farigiraf|Farigiraf, L50, M|100/100\n|switch|p2a: Talonflame|Talonflame, L50, M|100/100\n|switch|p2b: Incineroar|Incineroar, L50, M, shiny|100/100\n|-ability|p2b: Incineroar|Intimidate|boost\n|-unboost|p1a: Scovillain|atk|1\n|-unboost|p1b: Farigiraf|atk|1\n|turn|1\n|inactive|Vilorck has 30 seconds left.\n|\n|t:|1776458803\n|detailschange|p1a: Scovillain|Scovillain-Mega, L50, F\n|-mega|p1a: Scovillain|Scovillain|Scovillainite\n|move|p2b: Incineroar|Fake Out||[still]\n|cant|p1b: Farigiraf|ability: Armor Tail|Fake Out|[of] p2b: Incineroar\n|move|p1a: Scovillain|Rage Powder|p1a: Scovillain\n|-singleturn|p1a: Scovillain|move: Rage Powder\n|move|p2a: Talonflame|Tailwind|p2a: Talonflame\n|-sidestart|p2: Vilorck|move: Tailwind\n|move|p1b: Farigiraf|Trick Room|p1b: Farigiraf\n|-fieldstart|move: Trick Room|[of] p1b: Farigiraf\n|\n|upkeep\n|turn|2\n|\n|t:|1776458820\n|move|p1a: Scovillain|Rage Powder|p1a: Scovillain\n|-singleturn|p1a: Scovillain|move: Rage Powder\n|move|p2a: Talonflame|Acrobatics||[still]\n|cant|p1b: Farigiraf|ability: Armor Tail|Acrobatics|[of] p2a: Talonflame\n|move|p1b: Farigiraf|Nasty Plot|p1b: Farigiraf\n|-boost|p1b: Farigiraf|spa|2\n|move|p2b: Incineroar|Darkest Lariat|p1a: Scovillain\n|-damage|p1a: Scovillain|58/100\n|-immune|p2b: Incineroar\n|\n|upkeep\n|turn|3\n|\n|t:|1776458843\n|move|p2a: Talonflame|Protect|p2a: Talonflame\n|-singleturn|p2a: Talonflame|Protect\n|move|p1a: Scovillain|Rage Powder|p1a: Scovillain\n|-singleturn|p1a: Scovillain|move: Rage Powder\n|move|p1b: Farigiraf|Hyper Voice|p2b: Incineroar|[spread] p2b\n|-activate|p2a: Talonflame|move: Protect\n|-damage|p2b: Incineroar|45/100\n|move|p2b: Incineroar|Flare Blitz|p1a: Scovillain\n|-damage|p1a: Scovillain|5/100\n|-immune|p2b: Incineroar\n|-damage|p2b: Incineroar|30/100|[from] Recoil\n|\n|-heal|p2b: Incineroar|36/100|[from] item: Leftovers\n|upkeep\n|turn|4\n|inactive|Vilorck has 30 seconds left.\n|inactive|Vilorck has 20 seconds left.\n|inactive|Vilorck has 15 seconds left.\n|inactive|Vilorck has 10 seconds left.\n|\n|t:|1776458889\n|switch|p2a: Garchomp|Garchomp, L50, M|100/100\n|move|p1b: Farigiraf|Hyper Voice|p2b: Incineroar|[spread] p2a,p2b\n|-damage|p2a: Garchomp|30/100\n|-damage|p2b: Incineroar|0 fnt\n|faint|p2b: Incineroar\n|move|p1a: Scovillain|Overheat|p2a: Garchomp\n|-resisted|p2a: Garchomp|1\n|-damage|p2a: Garchomp|0 fnt\n|-unboost|p1a: Scovillain|spa|2\n|faint|p2a: Garchomp\n|\n|-sideend|p2: Vilorck|move: Tailwind\n|upkeep\n|\n|t:|1776458907\n|switch|p2b: Talonflame|Talonflame, L50, M|100/100\n|switch|p2a: Aegislash|Aegislash, L50, F|100/100\n|turn|5\n|\n|t:|1776458928\n|move|p1a: Scovillain|Rage Powder|p1a: Scovillain\n|-singleturn|p1a: Scovillain|move: Rage Powder\n|move|p1b: Farigiraf|Psychic|p2a: Aegislash\n|-resisted|p2a: Aegislash|1\n|-damage|p2a: Aegislash|64/100\n|-formechange|p2a: Aegislash|Aegislash-Blade|\n|move|p2a: Aegislash|Iron Head|p1a: Scovillain\n|-resisted|p1a: Scovillain|1\n|-damage|p1a: Scovillain|0 fnt\n|-status|p2a: Aegislash|brn|[from] ability: Spicy Spray|[of] p1a: Scovillain\n|faint|p1a: Scovillain\n|move|p2b: Talonflame|Flare Blitz|p1b: Farigiraf\n|-damage|p1b: Farigiraf|50/100\n|-damage|p2b: Talonflame|77/100|[from] Recoil\n|\n|-damage|p2a: Aegislash|58/100 brn|[from] brn\n|-fieldend|move: Trick Room\n|upkeep\n|\n|t:|1776458944\n|switch|p1a: Hatterene|Hatterene, L50, F|100/100\n|turn|6\n|\n|t:|1776458955\n|move|p2b: Talonflame|Flare Blitz|p1b: Farigiraf\n|-damage|p1b: Farigiraf|0 fnt\n|faint|p1b: Farigiraf\n|-damage|p2b: Talonflame|54/100|[from] Recoil\n|move|p2a: Aegislash|Poltergeist|p1a: Hatterene\n|-activate|p1a: Hatterene|move: Poltergeist|Fairy Feather\n|-supereffective|p1a: Hatterene|1\n|-damage|p1a: Hatterene|13/100\n|move|p1a: Hatterene|Trick Room|p1a: Hatterene\n|-fieldstart|move: Trick Room|[of] p1a: Hatterene\n|\n|-damage|p2a: Aegislash|52/100 brn|[from] brn\n|upkeep\n|\n|t:|1776458960\n|switch|p1b: Torkoal|Torkoal, L50, F|100/100\n|-weather|SunnyDay|[from] ability: Drought|[of] p1b: Torkoal\n|turn|7\n|inactive|Vilorck has 30 seconds left.\n|\n|t:|1776458985\n|move|p2b: Talonflame|Protect|p2b: Talonflame\n|-singleturn|p2b: Talonflame|Protect\n|move|p2a: Aegislash|Shadow Sneak|p1a: Hatterene\n|-supereffective|p1a: Hatterene|1\n|-damage|p1a: Hatterene|0 fnt\n|faint|p1a: Hatterene\n|move|p1b: Torkoal|Weather Ball|p2a: Aegislash\n|-supereffective|p2a: Aegislash|1\n|-damage|p2a: Aegislash|0 fnt\n|faint|p2a: Aegislash\n|\n|-weather|SunnyDay|[upkeep]\n|upkeep\n|turn|8\n|\n|t:|1776459004\n|move|p1b: Torkoal|Ancient Power|p2b: Talonflame\n|-supereffective|p2b: Talonflame|2\n|-damage|p2b: Talonflame|0 fnt\n|-boost|p1b: Torkoal|atk|1\n|-boost|p1b: Torkoal|def|1\n|-boost|p1b: Torkoal|spa|1\n|-boost|p1b: Torkoal|spd|1\n|-boost|p1b: Torkoal|spe|1\n|faint|p2b: Talonflame\n|\n|win|areestoo\n|raw|areestoo's rating: 1225 &rarr; <strong>1248</strong><br />(+23 for winning)\n|raw|Vilorck's rating: 1196 &rarr; <strong>1173</strong><br />(-23 for losing)\n",
  "uploadtime": 1776459004,
  "views": 35,
  "formatid": "gen9championsvgc2026regma",
  "rating": 1173,
  "private": 0,
  "password": null
}