{
  "id": "gen9championsvgc2026regma-2588244790",
  "format": "[Gen 9 Champions] VGC 2026 Reg M-A",
  "players": [
    "KleenerKnilch",
    "SteveMcRogers"
  ],
  "log": "|j|\u2606KleenerKnilch\n|j|\u2606SteveMcRogers\n|t:|1776617607\n|gametype|doubles\n|player|p1|KleenerKnilch|266|1070\n|player|p2|SteveMcRogers|265|1045\n|gen|9\n|tier|[Gen 9 Champions] VGC 2026 Reg M-A\n|rated|\n|rule|Species Clause: Limit one of each Pok\u00e9mon\n|rule|Item Clause: Limit 1 of each item\n|clearpoke\n|poke|p1|Chandelure, L50, M|\n|poke|p1|Aerodactyl, L50, M|\n|poke|p1|Sneasler, L50, M|\n|poke|p1|Gyarados, L50, M|\n|poke|p1|Basculegion, L50, M|\n|poke|p1|Clefable, L50, M|\n|poke|p2|Scizor, L50, M|\n|poke|p2|Pelipper, L50, M|\n|poke|p2|Basculegion, L50, M|\n|poke|p2|Sneasler, L50, F|\n|poke|p2|Sableye, L50, M|\n|poke|p2|Incineroar, L50, F|\n|teampreview|4\n|inactive|Battle timer is ON: inactive players will automatically lose when time's up. (requested by SteveMcRogers)\n|inactive|KleenerKnilch has 60 seconds left.\n|inactive|KleenerKnilch has 30 seconds left.\n|\n|t:|1776617675\n|teamsize|p1|4\n|teamsize|p2|4\n|start\n|switch|p1a: Clefable|Clefable, L50, M|100/100\n|switch|p1b: Sneasler|Sneasler, L50, M|100/100\n|switch|p2a: Scizor|Scizor, L50, M|100/100\n|switch|p2b: Incineroar|Incineroar, L50, F|100/100\n|-ability|p2b: Incineroar|Intimidate|boost\n|-unboost|p1a: Clefable|atk|1\n|-unboost|p1b: Sneasler|atk|1\n|-enditem|p1b: Sneasler|White Herb\n|-clearnegativeboost|p1b: Sneasler|[silent]\n|turn|1\n|inactive|SteveMcRogers has 30 seconds left.\n|\n|t:|1776617709\n|detailschange|p2a: Scizor|Scizor-Mega, L50, M\n|-mega|p2a: Scizor|Scizor|Scizorite\n|move|p1b: Sneasler|Fake Out|p2b: Incineroar\n|-damage|p2b: Incineroar|89/100\n|cant|p2b: Incineroar|flinch\n|move|p2a: Scizor|Swords Dance|p2a: Scizor\n|-boost|p2a: Scizor|atk|2\n|move|p1a: Clefable|Thunder Wave|p2a: Scizor\n|-status|p2a: Scizor|par\n|\n|upkeep\n|turn|2\n|inactive|KleenerKnilch has 30 seconds left.\n|\n|t:|1776617735\n|switch|p2b: Sableye|Sableye, L50, M|100/100\n|move|p1a: Clefable|Follow Me|p1a: Clefable\n|-singleturn|p1a: Clefable|move: Follow Me\n|move|p2a: Scizor|Bullet Punch|p1a: Clefable\n|-supereffective|p1a: Clefable|1\n|-damage|p1a: Clefable|0 fnt\n|faint|p1a: Clefable\n|move|p1b: Sneasler|Close Combat|p2b: Sableye\n|-immune|p2b: Sableye\n|\n|upkeep\n|\n|t:|1776617746\n|switch|p1a: Basculegion|Basculegion, L50, M|100/100\n|turn|3\n|inactive|SteveMcRogers has 30 seconds left.\n|\n|t:|1776617771\n|switch|p1b: Gyarados|Gyarados, L50, M|100/100\n|-ability|p1b: Gyarados|Intimidate|boost\n|-unboost|p2a: Scizor|atk|1\n|-unboost|p2b: Sableye|atk|1\n|move|p2b: Sableye|Will-O-Wisp|p1a: Basculegion\n|-status|p1a: Basculegion|brn\n|move|p2a: Scizor|Bullet Punch|p1b: Gyarados\n|-resisted|p1b: Gyarados|1\n|-damage|p1b: Gyarados|67/100\n|move|p1a: Basculegion|Last Respects|p2b: Sableye\n|-damage|p2b: Sableye|57/100\n|\n|-damage|p1a: Basculegion|94/100 brn|[from] brn\n|upkeep\n|turn|4\n|\n|t:|1776617794\n|move|p1b: Gyarados|Protect|p1b: Gyarados\n|-singleturn|p1b: Gyarados|Protect\n|move|p2a: Scizor|Protect|p2a: Scizor\n|-singleturn|p2a: Scizor|Protect\n|move|p2b: Sableye|Will-O-Wisp|p1b: Gyarados\n|-activate|p1b: Gyarados|move: Protect\n|move|p1a: Basculegion|Last Respects|p2b: Sableye\n|-damage|p2b: Sableye|6/100\n|\n|-damage|p1a: Basculegion|88/100 brn|[from] brn\n|upkeep\n|turn|5\n|inactive|SteveMcRogers has 30 seconds left.\n|\n|t:|1776617820\n|switch|p2b: Incineroar|Incineroar, L50, F|89/100\n|-ability|p2b: Incineroar|Intimidate|boost\n|-unboost|p1a: Basculegion|atk|1\n|-unboost|p1b: Gyarados|atk|1\n|move|p1b: Gyarados|Protect|p1b: Gyarados\n|-singleturn|p1b: Gyarados|Protect\n|move|p1a: Basculegion|Last Respects|p2b: Incineroar\n|-resisted|p2b: Incineroar|1\n|-damage|p2b: Incineroar|81/100\n|cant|p2a: Scizor|par\n|\n|-damage|p1a: Basculegion|82/100 brn|[from] brn\n|upkeep\n|turn|6\n|inactive|KleenerKnilch has 30 seconds left.\n|\n|t:|1776617850\n|switch|p1a: Sneasler|Sneasler, L50, M|100/100\n|move|p1b: Gyarados|Dragon Dance|p1b: Gyarados\n|-boost|p1b: Gyarados|atk|1\n|-boost|p1b: Gyarados|spe|1\n|move|p2b: Incineroar|Darkest Lariat|p1b: Gyarados\n|-damage|p1b: Gyarados|27/100\n|cant|p2a: Scizor|par\n|\n|upkeep\n|turn|7\n|inactive|SteveMcRogers has 30 seconds left.\n|inactive|SteveMcRogers has 20 seconds left.\n|inactive|SteveMcRogers has 15 seconds left.\n|inactive|SteveMcRogers has 10 seconds left.\n|\n|t:|1776617896\n|switch|p2b: Sableye|Sableye, L50, M|6/100\n|detailschange|p1b: Gyarados|Gyarados-Mega, L50, M\n|-mega|p1b: Gyarados|Gyarados|Gyaradosite\n|-ability|p1b: Gyarados|Mold Breaker\n|move|p2a: Scizor|Protect|p2a: Scizor\n|-singleturn|p2a: Scizor|Protect\n|move|p1a: Sneasler|Fake Out|p2a: Scizor\n|-activate|p2a: Scizor|move: Protect\n|move|p1b: Gyarados|Waterfall|p2b: Sableye\n|-damage|p2b: Sableye|0 fnt\n|faint|p2b: Sableye\n|\n|upkeep\n|\n|t:|1776617909\n|switch|p2b: Incineroar|Incineroar, L50, F|81/100\n|-ability|p2b: Incineroar|Intimidate|boost\n|-unboost|p1a: Sneasler|atk|1\n|-unboost|p1b: Gyarados|atk|1\n|turn|8\n|\n|t:|1776617925\n|switch|p1a: Basculegion|Basculegion, L50, M|82/100 brn\n|move|p1b: Gyarados|Protect|p1b: Gyarados\n|-singleturn|p1b: Gyarados|Protect\n|move|p2b: Incineroar|Fake Out|p1b: Gyarados\n|-activate|p1b: Gyarados|move: Protect\n|move|p2a: Scizor|Swords Dance|p2a: Scizor\n|-boost|p2a: Scizor|atk|2\n|\n|-damage|p1a: Basculegion|76/100 brn|[from] brn\n|upkeep\n|turn|9\n|\n|t:|1776617947\n|switch|p2b: Sneasler|Sneasler, L50, F|100/100\n|move|p2a: Scizor|Bullet Punch|p1b: Gyarados\n|-resisted|p1b: Gyarados|1\n|-damage|p1b: Gyarados|0 fnt\n|faint|p1b: Gyarados\n|move|p1a: Basculegion|Wave Crash|p2b: Sneasler\n|-damage|p2b: Sneasler|24/100\n|-damage|p1a: Basculegion|56/100 brn|[from] Recoil\n|\n|-damage|p1a: Basculegion|50/100 brn|[from] brn\n|upkeep\n|-message|KleenerKnilch forfeited.\n|\n|win|SteveMcRogers\n|raw|KleenerKnilch's rating: 1070 &rarr; <strong>1048</strong><br />(-22 for losing)\n|raw|SteveMcRogers's rating: 1045 &rarr; <strong>1081</strong><br />(+36 for winning)\n|l|\u2606KleenerKnilch\n|player|p1|\n",
  "uploadtime": 1776617957,
  "views": 10,
  "formatid": "gen9championsvgc2026regma",
  "rating": 1048,
  "private": 0,
  "password": null
}