{
  "id": "gen9championsvgc2026regma-2582245230",
  "format": "[Gen 9 Champions] VGC 2026 Reg M-A",
  "players": [
    "Mb_Deagle",
    "kelibaa"
  ],
  "log": "|j|\u2606Mb_Deagle\n|j|\u2606kelibaa\n|t:|1776075585\n|gametype|doubles\n|player|p1|Mb_Deagle|cynthia|1000\n|player|p2|kelibaa|brock|1074\n|gen|9\n|tier|[Gen 9 Champions] VGC 2026 Reg M-A\n|rated|\n|rule|Species Clause: Limit one of each Pok\u00e9mon\n|rule|Item Clause: Limit 1 of each item\n|clearpoke\n|poke|p1|Charizard, L50, F|\n|poke|p1|Whimsicott, L50, F|\n|poke|p1|Sneasler, L50, F|\n|poke|p1|Incineroar, L50, M|\n|poke|p1|Espeon, L50, M|\n|poke|p1|Sinistcha, L50|\n|poke|p2|Torkoal, L50, M|\n|poke|p2|Typhlosion-Hisui, L50, M|\n|poke|p2|Venusaur, L50, F|\n|poke|p2|Whimsicott, L50, F|\n|poke|p2|Altaria, L50, F|\n|poke|p2|Incineroar, L50, F|\n|teampreview|4\n|inactive|Battle timer is ON: inactive players will automatically lose when time's up. (requested by kelibaa)\n|inactive|Mb_Deagle also wants the timer to be on.\n|inactive|Mb_Deagle has 60 seconds left.\n|inactive|kelibaa has 60 seconds left.\n|\n|t:|1776075643\n|teamsize|p1|4\n|teamsize|p2|4\n|start\n|switch|p1a: Sneasler|Sneasler, L50, F|100/100\n|switch|p1b: Charizard|Charizard, L50, F|100/100\n|switch|p2a: Typhlosion|Typhlosion-Hisui, L50, M|100/100\n|switch|p2b: Whimsicott|Whimsicott, L50, F|100/100\n|-item|p1a: Sneasler|White Herb|[from] ability: Frisk|[of] p2a: Typhlosion\n|-item|p1b: Charizard|Charizardite Y|[from] ability: Frisk|[of] p2a: Typhlosion\n|turn|1\n|inactive|Mb_Deagle has 30 seconds left.\n|inactive|kelibaa has 30 seconds left.\n|inactive|Mb_Deagle has 20 seconds left.\n|inactive|kelibaa has 20 seconds left.\n|inactive|Mb_Deagle has 15 seconds left.\n|inactive|kelibaa has 15 seconds left.\n|inactive|Mb_Deagle has 10 seconds left.\n|inactive|kelibaa has 10 seconds left.\n|inactive|Mb_Deagle has 5 seconds left.\n|\n|t:|1776075695\n|switch|p2b: Incineroar|Incineroar, L50, F|100/100\n|-ability|p2b: Incineroar|Intimidate|boost\n|-unboost|p1a: Sneasler|atk|1\n|-unboost|p1b: Charizard|atk|1\n|-enditem|p1a: Sneasler|White Herb\n|-clearnegativeboost|p1a: Sneasler|[silent]\n|detailschange|p1b: Charizard|Charizard-Mega-Y, L50, F\n|-mega|p1b: Charizard|Charizard|Charizardite Y\n|-weather|SunnyDay|[from] ability: Drought|[of] p1b: Charizard\n|move|p1a: Sneasler|Dire Claw|p2b: Incineroar\n|-damage|p2b: Incineroar|59/100\n|-status|p2b: Incineroar|slp\n|move|p2a: Typhlosion|Eruption|p1b: Charizard|[spread] p1a,p1b\n|-resisted|p1b: Charizard|1\n|-damage|p1a: Sneasler|0 fnt\n|-damage|p1b: Charizard|62/100\n|faint|p1a: Sneasler\n|move|p1b: Charizard|Heat Wave|p2b: Incineroar|[spread] p2b\n|-miss|p1b: Charizard|p2a: Typhlosion\n|-resisted|p2b: Incineroar|1\n|-damage|p2b: Incineroar|29/100 slp\n|-enditem|p2b: Incineroar|Sitrus Berry|[eat]\n|-heal|p2b: Incineroar|54/100 slp|[from] item: Sitrus Berry\n|\n|-weather|SunnyDay|[upkeep]\n|upkeep\n|inactive|Mb_Deagle has 30 seconds left.\n|\n|t:|1776075723\n|switch|p1a: Whimsicott|Whimsicott, L50, F|100/100\n|turn|2\n|inactive|Mb_Deagle has 30 seconds left.\n|inactive|Mb_Deagle has 20 seconds left.\n|inactive|Mb_Deagle has 15 seconds left.\n|inactive|Mb_Deagle has 10 seconds left.\n|inactive|Mb_Deagle has 5 seconds left.\n|\n|t:|1776075778\n|cant|p2b: Incineroar|slp\n|move|p1a: Whimsicott|Encore|p2b: Incineroar\n|-hint|Since gen 7, Dark is immune to Prankster moves.\n|-immune|p2b: Incineroar\n|move|p2a: Typhlosion|Eruption|p1a: Whimsicott|[spread] p1a,p1b\n|-supereffective|p1a: Whimsicott|1\n|-resisted|p1b: Charizard|1\n|-enditem|p1a: Whimsicott|Focus Sash\n|-damage|p1a: Whimsicott|1/100\n|-damage|p1b: Charizard|26/100\n|move|p1b: Charizard|Heat Wave|p2a: Typhlosion|[spread] p2a,p2b\n|-resisted|p2a: Typhlosion|1\n|-resisted|p2b: Incineroar|1\n|-damage|p2a: Typhlosion|59/100\n|-damage|p2b: Incineroar|25/100 slp\n|\n|-weather|SunnyDay|[upkeep]\n|upkeep\n|turn|3\n|inactive|Mb_Deagle has 30 seconds left.\n|inactive|Mb_Deagle has 20 seconds left.\n|\n|t:|1776075813\n|move|p1a: Whimsicott|Protect|p1a: Whimsicott\n|-singleturn|p1a: Whimsicott|Protect\n|move|p2a: Typhlosion|Eruption|p1a: Whimsicott|[spread] p1b\n|-activate|p1a: Whimsicott|move: Protect\n|-resisted|p1b: Charizard|1\n|-damage|p1b: Charizard|5/100\n|move|p1b: Charizard|Air Cutter|p2b: Incineroar|[spread] p2a,p2b\n|-crit|p2b: Incineroar\n|-damage|p2a: Typhlosion|23/100\n|-damage|p2b: Incineroar|0 fnt\n|faint|p2b: Incineroar\n|\n|-weather|SunnyDay|[upkeep]\n|upkeep\n|\n|t:|1776075821\n|switch|p2b: Venusaur|Venusaur, L50, F|100/100\n|turn|4\n|inactive|Mb_Deagle has 30 seconds left.\n|\n|t:|1776075851\n|switch|p1b: Sinistcha|Sinistcha, L50|100/100\n|-heal|p1a: Whimsicott|26/100|[from] ability: Hospitality|[of] p1b: Sinistcha\n|move|p1a: Whimsicott|Tailwind|p1a: Whimsicott\n|-sidestart|p1: Mb_Deagle|move: Tailwind\n|move|p2a: Typhlosion|Eruption|p1b: Sinistcha|[spread] p1a,p1b\n|-supereffective|p1a: Whimsicott|1\n|-supereffective|p1b: Sinistcha|1\n|-damage|p1a: Whimsicott|0 fnt\n|-damage|p1b: Sinistcha|60/100\n|faint|p1a: Whimsicott\n|move|p2b: Venusaur|Solar Beam||[still]\n|-prepare|p2b: Venusaur|Solar Beam\n|-anim|p2b: Venusaur|Solar Beam|p1b: Sinistcha\n|-resisted|p1b: Sinistcha|1\n|-damage|p1b: Sinistcha|30/100\n|\n|-weather|SunnyDay|[upkeep]\n|upkeep\n|\n|t:|1776075866\n|switch|p1a: Charizard|Charizard-Mega-Y, L50, F|5/100\n|turn|5\n|\n|t:|1776075888\n|move|p1b: Sinistcha|Rage Powder|p1b: Sinistcha\n|-singleturn|p1b: Sinistcha|move: Rage Powder\n|move|p1a: Charizard|Heat Wave|p2b: Venusaur|[spread] p2a,p2b\n|-resisted|p2a: Typhlosion|1\n|-supereffective|p2b: Venusaur|1\n|-damage|p2a: Typhlosion|0 fnt\n|-damage|p2b: Venusaur|0 fnt\n|faint|p2a: Typhlosion\n|faint|p2b: Venusaur\n|\n|-weather|none\n|upkeep\n|\n|t:|1776075893\n|switch|p2b: Whimsicott|Whimsicott, L50, F|100/100\n|turn|6\n|-message|kelibaa forfeited.\n|\n|win|Mb_Deagle\n|raw|Mb_Deagle's rating: 1000 &rarr; <strong>1048</strong><br />(+48 for winning)\n|raw|kelibaa's rating: 1074 &rarr; <strong>1048</strong><br />(-26 for losing)\n|l|\u2606kelibaa\n|player|p2|\n",
  "uploadtime": 1776075909,
  "views": 23,
  "formatid": "gen9championsvgc2026regma",
  "rating": 1048,
  "private": 0,
  "password": null
}