{
  "id": "gen9championsvgc2026regma-2584323687",
  "format": "[Gen 9 Champions] VGC 2026 Reg M-A",
  "players": [
    "pereflauta",
    "Rusano"
  ],
  "log": "|j|\u2606pereflauta\n|j|\u2606Rusano\n|t:|1776251254\n|gametype|doubles\n|player|p1|pereflauta|hilbert-wonderlauncher|1105\n|player|p2|Rusano|ghetsis-gen5bw|1148\n|gen|9\n|tier|[Gen 9 Champions] VGC 2026 Reg M-A\n|rated|\n|rule|Species Clause: Limit one of each Pok\u00e9mon\n|rule|Item Clause: Limit 1 of each item\n|clearpoke\n|poke|p1|Pelipper, L50, M|\n|poke|p1|Archaludon, L50, F|\n|poke|p1|Basculegion, L50, M|\n|poke|p1|Sneasler, L50, F|\n|poke|p1|Sinistcha, L50|\n|poke|p1|Dragonite, L50, M|\n|poke|p2|Tyranitar, L50, F|\n|poke|p2|Farigiraf, L50, M|\n|poke|p2|Kingambit, L50, M|\n|poke|p2|Aegislash, L50, F|\n|poke|p2|Sinistcha, L50|\n|poke|p2|Floette-Eternal, L50, F|\n|teampreview|4\n|inactive|Battle timer is ON: inactive players will automatically lose when time's up. (requested by Rusano)\nRusano has agreed to open team sheets.\n|inactive|pereflauta has 60 seconds left.\n|inactive|Rusano has 60 seconds left.\n|\n|t:|1776251294\n|teamsize|p1|4\n|teamsize|p2|4\n|start\n|switch|p1a: Sneasler|Sneasler, L50, F|100/100\n|switch|p1b: Pelipper|Pelipper, L50, M|100/100\n|switch|p2a: excalibur|Aegislash, L50, F, shiny|100/100\n|switch|p2b: hypervoice|Farigiraf, L50, M, shiny|100/100\n|-weather|RainDance|[from] ability: Drizzle|[of] p1b: Pelipper\n|turn|1\n|inactive|Rusano has 30 seconds left.\n|inactive|Rusano has 20 seconds left.\n|inactive|Rusano has 15 seconds left.\n|inactive|Rusano has 10 seconds left.\n|\n|t:|1776251340\n|move|p1b: Pelipper|Tailwind|p1b: Pelipper\n|-sidestart|p1: pereflauta|move: Tailwind\n|move|p1a: Sneasler|Close Combat|p2b: hypervoice\n|-damage|p2b: hypervoice|42/100\n|-unboost|p1a: Sneasler|def|1\n|-unboost|p1a: Sneasler|spd|1\n|-enditem|p1a: Sneasler|White Herb\n|-clearnegativeboost|p1a: Sneasler|[silent]\n|-formechange|p2a: excalibur|Aegislash-Blade|\n|move|p2a: excalibur|Shadow Ball|p1a: Sneasler\n|-damage|p1a: Sneasler|35/100\n|move|p2b: hypervoice|Trick Room|p2b: hypervoice\n|-fieldstart|move: Trick Room|[of] p2b: hypervoice\n|\n|-weather|RainDance|[upkeep]\n|upkeep\n|turn|2\n|inactive|Rusano has 30 seconds left.\n|inactive|pereflauta has 30 seconds left.\n|\n|t:|1776251376\n|switch|p1b: Sinistcha|Sinistcha, L50|100/100\n|-heal|p1a: Sneasler|60/100|[from] ability: Hospitality|[of] p1b: Sinistcha\n|-formechange|p2a: excalibur|Aegislash|\n|move|p2a: excalibur|King's Shield|p2a: excalibur\n|-singleturn|p2a: excalibur|Protect\n|move|p2b: hypervoice|Psychic Noise|p1a: Sneasler\n|-supereffective|p1a: Sneasler|2\n|-damage|p1a: Sneasler|0 fnt\n|faint|p1a: Sneasler\n|\n|-weather|RainDance|[upkeep]\n|upkeep\n|\n|t:|1776251388\n|switch|p1a: Archaludon|Archaludon, L50, F|100/100\n|turn|3\n|\n|t:|1776251402\n|move|p2b: hypervoice|Helping Hand|p2a: excalibur\n|-singleturn|p2a: excalibur|Helping Hand|[of] p2b: hypervoice\n|-formechange|p2a: excalibur|Aegislash-Blade|\n|move|p2a: excalibur|Shadow Ball|p1a: Archaludon\n|-damage|p1a: Archaludon|2/100\n|-unboost|p1a: Archaludon|spd|1\n|-ability|p1a: Archaludon|Stamina|boost\n|-boost|p1a: Archaludon|def|1\n|move|p1b: Sinistcha|Shadow Ball|p2a: excalibur\n|-supereffective|p2a: excalibur|1\n|-enditem|p2a: excalibur|Focus Sash\n|-damage|p2a: excalibur|1/100\n|move|p1a: Archaludon|Electro Shot||[still]\n|-prepare|p1a: Archaludon|Electro Shot\n|-boost|p1a: Archaludon|spa|1\n|-anim|p1a: Archaludon|Electro Shot|p2b: hypervoice\n|-damage|p2b: hypervoice|0 fnt\n|faint|p2b: hypervoice\n|-heal|p1a: Archaludon|9/100|[from] item: Shell Bell|[of] p2: hypervoice\n|\n|-weather|RainDance|[upkeep]\n|upkeep\n|\n|t:|1776251427\n|switch|p2b: godzilla|Tyranitar, L50, F, shiny|100/100\n|-weather|Sandstorm|[from] ability: Sand Stream|[of] p2b: godzilla\n|turn|4\n|inactive|pereflauta has 30 seconds left.\n|\n|t:|1776251466\n|switch|p1b: Pelipper|Pelipper, L50, M|100/100\n|-weather|RainDance|[from] ability: Drizzle|[of] p1b: Pelipper\n|detailschange|p2b: godzilla|Tyranitar-Mega, L50, F, shiny\n|-mega|p2b: godzilla|Tyranitar|Tyranitarite\n|-weather|Sandstorm|[from] ability: Sand Stream|[of] p2b: godzilla\n|-formechange|p2a: excalibur|Aegislash|\n|move|p2a: excalibur|King's Shield|p2a: excalibur\n|-singleturn|p2a: excalibur|Protect\n|move|p2b: godzilla|Rock Slide|p1a: Archaludon|[spread] p1b\n|-miss|p2b: godzilla|p1a: Archaludon\n|-supereffective|p1b: Pelipper|1\n|-damage|p1b: Pelipper|0 fnt\n|faint|p1b: Pelipper\n|move|p1a: Archaludon|Earthquake|p2b: godzilla|[spread] p2b\n|-activate|p2a: excalibur|move: Protect\n|-supereffective|p2b: godzilla|1\n|-damage|p2b: godzilla|80/100\n|-heal|p1a: Archaludon|12/100|[from] item: Shell Bell|[of] p2b: godzilla\n|\n|-weather|Sandstorm|[upkeep]\n|-sideend|p1: pereflauta|move: Tailwind\n|upkeep\n|\n|t:|1776251485\n|switch|p1b: Sinistcha|Sinistcha, L50|100/100\n|-heal|p1a: Archaludon|37/100|[from] ability: Hospitality|[of] p1b: Sinistcha\n|turn|5\n|\n|t:|1776251493\n|-formechange|p2a: excalibur|Aegislash-Blade|\n|move|p2a: excalibur|Shadow Ball|p1b: Sinistcha\n|-supereffective|p1b: Sinistcha|1\n|-damage|p1b: Sinistcha|5/100\n|move|p2b: godzilla|Low Kick|p1a: Archaludon\n|-supereffective|p1a: Archaludon|1\n|-damage|p1a: Archaludon|0 fnt\n|faint|p1a: Archaludon\n|move|p1b: Sinistcha|Matcha Gotcha|p2a: excalibur|[spread] p2a,p2b\n|-resisted|p2a: excalibur|1\n|-supereffective|p2b: godzilla|1\n|-damage|p2a: excalibur|0 fnt\n|-heal|p1b: Sinistcha|6/100|[from] drain|[of] p2a: excalibur\n|-damage|p2b: godzilla|56/100\n|-heal|p1b: Sinistcha|20/100|[from] drain|[of] p2b: godzilla\n|faint|p2a: excalibur\n|\n|-weather|Sandstorm|[upkeep]\n|-damage|p1b: Sinistcha|13/100|[from] Sandstorm\n|-heal|p1b: Sinistcha|20/100|[from] item: Leftovers\n|-fieldend|move: Trick Room\n|upkeep\n|\n|t:|1776251502\n|switch|p2a: performative|Sinistcha, L50, shiny|100/100\n|-heal|p2b: godzilla|81/100|[from] ability: Hospitality|[of] p2a: performative\n|turn|6\n|c|\u2606Rusano|ggs\n|inactive|pereflauta has 30 seconds left.\n|\n|t:|1776251531\n|move|p1b: Sinistcha|Matcha Gotcha|p2b: godzilla|[spread] p2a,p2b\n|-resisted|p2a: performative|1\n|-supereffective|p2b: godzilla|1\n|-damage|p2a: performative|89/100\n|-heal|p1b: Sinistcha|25/100|[from] drain|[of] p2a: performative\n|-damage|p2b: godzilla|55/100\n|-heal|p1b: Sinistcha|40/100|[from] drain|[of] p2b: godzilla\n|-status|p2a: performative|brn\n|-status|p2b: godzilla|brn\n|move|p2a: performative|Life Dew|p2a: performative|[spread] p2a,p2b\n|-heal|p2a: performative|100/100 brn\n|-heal|p2b: godzilla|80/100 brn\n|move|p2b: godzilla|Knock Off|p1b: Sinistcha\n|-supereffective|p1b: Sinistcha|1\n|-damage|p1b: Sinistcha|0 fnt\n|-enditem|p1b: Sinistcha|Leftovers|[from] move: Knock Off|[of] p2b: godzilla\n|faint|p1b: Sinistcha\n|\n|win|Rusano\n|raw|pereflauta's rating: 1105 &rarr; <strong>1083</strong><br />(-22 for losing)\n|raw|Rusano's rating: 1148 &rarr; <strong>1170</strong><br />(+22 for winning)\n",
  "uploadtime": 1776251547,
  "views": 22,
  "formatid": "gen9championsvgc2026regma",
  "rating": 1083,
  "private": 0,
  "password": null
}