{
  "id": "gen9championsvgc2026regma-2587896184",
  "format": "[Gen 9 Champions] VGC 2026 Reg M-A",
  "players": [
    "9xel",
    "Piko"
  ],
  "log": "|j|\u26069xel\n|j|\u2606Piko\n|t:|1776575929\n|gametype|doubles\n|player|p1|9xel|unknown|1140\n|player|p2|Piko|102|1090\n|gen|9\n|tier|[Gen 9 Champions] VGC 2026 Reg M-A\n|rated|\n|rule|Species Clause: Limit one of each Pok\u00e9mon\n|rule|Item Clause: Limit 1 of each item\n|clearpoke\n|poke|p1|Floette-Eternal, L50, F|\n|poke|p1|Sneasler, L50, M|\n|poke|p1|Basculegion, L50, M|\n|poke|p1|Garchomp, L50, M|\n|poke|p1|Maushold, L50|\n|poke|p1|Aerodactyl, L50, M|\n|poke|p2|Maushold, L50|\n|poke|p2|Garchomp, L50, M|\n|poke|p2|Sableye, L50, F|\n|poke|p2|Sinistcha, L50|\n|poke|p2|Hydreigon, L50, F|\n|poke|p2|Basculegion, L50, M|\n|teampreview|4\n9xel rejected open team sheets.\n|inactive|Battle timer is ON: inactive players will automatically lose when time's up. (requested by 9xel)\n|inactive|9xel has 60 seconds left.\n|\n|t:|1776575974\n|teamsize|p1|4\n|teamsize|p2|4\n|start\n|switch|p1a: Aerodactyl|Aerodactyl, L50, M|100/100\n|switch|p1b: Floette|Floette-Eternal, L50, F|100/100\n|switch|p2a: Sableye|Sableye, L50, F|100/100\n|switch|p2b: Maushold|Maushold, L50|100/100\n|-ability|p1a: Aerodactyl|Unnerve\n|turn|1\n|inactive|9xel has 30 seconds left.\n|inactive|9xel has 20 seconds left.\n|inactive|9xel has 15 seconds left.\n|\n|t:|1776576015\n|detailschange|p1b: Floette|Floette-Mega, L50, F\n|-mega|p1b: Floette|Floette|Floettite\n|-ability|p1b: Floette|Fairy Aura\n|move|p2a: Sableye|Gravity|p2a: Sableye\n|-fieldstart|move: Gravity\n|move|p1a: Aerodactyl|Tailwind|p1a: Aerodactyl\n|-sidestart|p1: 9xel|move: Tailwind\n|move|p1b: Floette|Calm Mind|p1b: Floette\n|-boost|p1b: Floette|spa|1\n|-boost|p1b: Floette|spd|1\n|move|p2b: Maushold|Population Bomb|p1b: Floette\n|-damage|p1b: Floette|85/100\n|-damage|p1b: Floette|68/100\n|-damage|p1b: Floette|50/100\n|-damage|p1b: Floette|34/100\n|-damage|p1b: Floette|17/100\n|-damage|p1b: Floette|0 fnt\n|faint|p1b: Floette\n|-hitcount|p1: Floette|6\n|\n|upkeep\n|inactive|9xel has 30 seconds left.\n|\n|t:|1776576045\n|switch|p1b: Garchomp|Garchomp, L50, M|100/100\n|turn|2\n|\n|t:|1776576066\n|move|p1a: Aerodactyl|Protect|p1a: Aerodactyl\n|-singleturn|p1a: Aerodactyl|Protect\n|move|p2b: Maushold|Protect|p2b: Maushold\n|-singleturn|p2b: Maushold|Protect\n|move|p2a: Sableye|Encore|p1a: Aerodactyl\n|-activate|p1a: Aerodactyl|move: Protect\n|move|p1b: Garchomp|Earthquake|p2b: Maushold|[spread] p2a\n|-activate|p1a: Aerodactyl|move: Protect\n|-activate|p2b: Maushold|move: Protect\n|-damage|p2a: Sableye|39/100\n|\n|upkeep\n|turn|3\n|\n|t:|1776576091\n|move|p2a: Sableye|Encore|p1a: Aerodactyl\n|-start|p1a: Aerodactyl|Encore\n|move|p1a: Aerodactyl|Protect|p1a: Aerodactyl\n|-singleturn|p1a: Aerodactyl|Protect\n|move|p1b: Garchomp|Rock Slide|p2a: Sableye|[spread] p2a,p2b\n|-damage|p2a: Sableye|14/100\n|-damage|p2b: Maushold|67/100\n|move|p2b: Maushold|Population Bomb|p1b: Garchomp\n|-damage|p1b: Garchomp|84/100\n|-damage|p1b: Garchomp|69/100\n|-damage|p1b: Garchomp|56/100\n|-crit|p1b: Garchomp\n|-damage|p1b: Garchomp|32/100\n|-damage|p1b: Garchomp|17/100\n|-crit|p1b: Garchomp\n|-damage|p1b: Garchomp|0 fnt\n|faint|p1b: Garchomp\n|-hitcount|p1: Garchomp|6\n|\n|upkeep\n|inactive|9xel has 30 seconds left.\n|\n|t:|1776576125\n|switch|p1b: Basculegion|Basculegion, L50, M|100/100\n|turn|4\n|inactive|9xel has 30 seconds left.\n|\n|t:|1776576154\n|move|p1a: Aerodactyl|Protect||[still]\n|-fail|p1a: Aerodactyl\n|move|p2a: Sableye|Will-O-Wisp|p1b: Basculegion\n|-status|p1b: Basculegion|brn\n|move|p1b: Basculegion|Flip Turn|p2b: Maushold\n|-damage|p2b: Maushold|36/100\n|move|p2b: Maushold|Population Bomb|p1a: Aerodactyl\n|-resisted|p1a: Aerodactyl|1\n|-damage|p1a: Aerodactyl|89/100\n|-resisted|p1a: Aerodactyl|1\n|-damage|p1a: Aerodactyl|77/100\n|-resisted|p1a: Aerodactyl|1\n|-damage|p1a: Aerodactyl|66/100\n|-resisted|p1a: Aerodactyl|1\n|-damage|p1a: Aerodactyl|54/100\n|-resisted|p1a: Aerodactyl|1\n|-damage|p1a: Aerodactyl|43/100\n|-resisted|p1a: Aerodactyl|1\n|-damage|p1a: Aerodactyl|31/100\n|-resisted|p1a: Aerodactyl|1\n|-damage|p1a: Aerodactyl|19/100\n|-resisted|p1a: Aerodactyl|1\n|-damage|p1a: Aerodactyl|6/100\n|-resisted|p1a: Aerodactyl|1\n|-damage|p1a: Aerodactyl|0 fnt\n|-enditem|p2a: Sableye|Sitrus Berry|[eat]\n|-heal|p2a: Sableye|39/100|[from] item: Sitrus Berry\n|faint|p1a: Aerodactyl\n|-hitcount|p1: Aerodactyl|9\n|\n|-damage|p1b: Basculegion|94/100 brn|[from] brn\n|-sideend|p1: 9xel|move: Tailwind\n|upkeep\n|turn|5\n|inactive|9xel has 30 seconds left.\n|-message|9xel forfeited.\n|\n|win|Piko\n|raw|9xel's rating: 1140 &rarr; <strong>1111</strong><br />(-29 for losing)\n|raw|Piko's rating: 1090 &rarr; <strong>1120</strong><br />(+30 for winning)\n|l|\u26069xel\n|player|p1|\n",
  "uploadtime": 1776576182,
  "views": 12,
  "formatid": "gen9championsvgc2026regma",
  "rating": 1111,
  "private": 0,
  "password": null
}