{
  "id": "gen9championsvgc2026regma-2580376025",
  "format": "[Gen 9 Champions] VGC 2026 Reg M-A",
  "players": [
    "platanopower420",
    "yamzinyobooty"
  ],
  "log": "|j|\u2606platanopower420\n|j|\u2606yamzinyobooty\n|t:|1775887295\n|gametype|doubles\n|player|p1|platanopower420|psychic-gen4|1105\n|player|p2|yamzinyobooty|170|1110\n|gen|9\n|tier|[Gen 9 Champions] VGC 2026 Reg M-A\n|rated|\n|rule|Species Clause: Limit one of each Pok\u00e9mon\n|rule|Item Clause: Limit 1 of each item\n|clearpoke\n|poke|p1|Glimmora, L50, F|\n|poke|p1|Tyranitar, L50, F|\n|poke|p1|Excadrill, L50, F|\n|poke|p1|Sinistcha, L50|\n|poke|p1|Milotic, L50, F|\n|poke|p1|Corviknight, L50, F|\n|poke|p2|Tyranitar, L50, M|\n|poke|p2|Excadrill, L50, F|\n|poke|p2|Rotom-Wash, L50|\n|poke|p2|Basculegion, L50, M|\n|poke|p2|Meganium, L50, F|\n|poke|p2|Talonflame, L50, F|\n|teampreview|4\n|inactive|Battle timer is ON: inactive players will automatically lose when time's up. (requested by yamzinyobooty)\n|inactive|platanopower420 also wants the timer to be on.\nplatanopower420 has agreed to open team sheets.\n|inactive|platanopower420 has 60 seconds left.\n|\n|t:|1775887327\n|teamsize|p1|4\n|teamsize|p2|4\n|start\n|switch|p1a: Glimmora|Glimmora, L50, F|100/100\n|switch|p1b: Sinistcha|Sinistcha, L50|100/100\n|switch|p2a: Basculegion|Basculegion, L50, M|100/100\n|switch|p2b: Rotom|Rotom-Wash, L50, shiny|100/100\n|turn|1\n|inactive|yamzinyobooty has 30 seconds left.\n|inactive|yamzinyobooty has 20 seconds left.\n|inactive|yamzinyobooty has 15 seconds left.\n|\n|t:|1775887368\n|detailschange|p1a: Glimmora|Glimmora-Mega, L50, F\n|-mega|p1a: Glimmora|Glimmora|Glimmoranite\n|move|p1b: Sinistcha|Rage Powder|p1b: Sinistcha\n|-singleturn|p1b: Sinistcha|move: Rage Powder\n|move|p2a: Basculegion|Flip Turn|p1b: Sinistcha\n|-resisted|p1b: Sinistcha|1\n|-damage|p1b: Sinistcha|86/100\n|\n|t:|1775887378\n|switch|p2a: Meganium|Meganium, L50, F|100/100|[from] Flip Turn\n|move|p1a: Glimmora|Sludge Bomb|p2b: Rotom\n|-damage|p2b: Rotom|36/100\n|-enditem|p2b: Rotom|Sitrus Berry|[eat]\n|-heal|p2b: Rotom|61/100|[from] item: Sitrus Berry\n|move|p2b: Rotom|Volt Switch|p1b: Sinistcha\n|-resisted|p1b: Sinistcha|1\n|-damage|p1b: Sinistcha|72/100\n|\n|t:|1775887390\n|switch|p2b: Excadrill|Excadrill, L50, F|100/100|[from] Volt Switch\n|\n|upkeep\n|turn|2\n|\n|t:|1775887414\n|switch|p1a: Milotic|Milotic, L50, F|100/100\n|detailschange|p2a: Meganium|Meganium-Mega, L50, F\n|-mega|p2a: Meganium|Meganium|Meganiumite\n|move|p2a: Meganium|Protect|p2a: Meganium\n|-singleturn|p2a: Meganium|Protect\n|move|p2b: Excadrill|Earthquake|p1b: Sinistcha|[spread] p1a,p1b\n|-activate|p2a: Meganium|move: Protect\n|-resisted|p1b: Sinistcha|1\n|-damage|p1a: Milotic|56/100\n|-damage|p1b: Sinistcha|57/100\n|move|p1b: Sinistcha|Strength Sap|p2b: Excadrill\n|-unboost|p2b: Excadrill|atk|1\n|-heal|p1b: Sinistcha|100/100\n|\n|upkeep\n|turn|3\n|\n|t:|1775887437\n|move|p2b: Excadrill|Protect|p2b: Excadrill\n|-singleturn|p2b: Excadrill|Protect\n|move|p2a: Meganium|Solar Beam||[still]\n|-prepare|p2a: Meganium|Solar Beam\n|-activate|p2a: Meganium|ability: Mega Sol\n|-anim|p2a: Meganium|Solar Beam|p1a: Milotic\n|-supereffective|p1a: Milotic|1\n|-damage|p1a: Milotic|0 fnt\n|faint|p1a: Milotic\n|move|p1b: Sinistcha|Life Dew||[still]\n|-fail|p1b: Sinistcha|heal\n|\n|upkeep\n|\n|t:|1775887461\n|switch|p1a: Glimmora|Glimmora-Mega, L50, F|100/100\n|turn|4\n|\n|t:|1775887472\n|switch|p2b: Rotom|Rotom-Wash, L50, shiny|61/100\n|move|p2a: Meganium|Protect|p2a: Meganium\n|-singleturn|p2a: Meganium|Protect\n|move|p1a: Glimmora|Sludge Bomb|p2a: Meganium\n|-activate|p2a: Meganium|move: Protect\n|move|p1b: Sinistcha|Strength Sap|p2b: Rotom\n|-unboost|p2b: Rotom|atk|1\n|\n|upkeep\n|turn|5\n|\n|t:|1775887488\n|switch|p2a: Excadrill|Excadrill, L50, F|100/100\n|move|p1b: Sinistcha|Rage Powder|p1b: Sinistcha\n|-singleturn|p1b: Sinistcha|move: Rage Powder\n|move|p1a: Glimmora|Sludge Bomb|p2a: Excadrill\n|-immune|p2a: Excadrill\n|move|p2b: Rotom|Discharge|p1b: Sinistcha|[spread] p1a,p1b\n|-immune|p2a: Excadrill\n|-resisted|p1b: Sinistcha|1\n|-damage|p1a: Glimmora|76/100\n|-damage|p1b: Sinistcha|88/100\n|\n|upkeep\n|turn|6\n|inactive|platanopower420 has 30 seconds left.\n|inactive|platanopower420 has 20 seconds left.\n|inactive|platanopower420 has 15 seconds left.\n|inactive|platanopower420 has 10 seconds left.\n|inactive|platanopower420 has 5 seconds left.\n|\n|t:|1775887540\n|move|p1b: Sinistcha|Rage Powder|p1b: Sinistcha\n|-singleturn|p1b: Sinistcha|move: Rage Powder\n|move|p1a: Glimmora|Earth Power|p2a: Excadrill\n|-supereffective|p2a: Excadrill|1\n|-damage|p2a: Excadrill|14/100\n|move|p2a: Excadrill|Earthquake|p1a: Glimmora|[spread] p1a,p1b\n|-immune|p2b: Rotom|[from] ability: Levitate\n|-supereffective|p1a: Glimmora|2\n|-resisted|p1b: Sinistcha|1\n|-damage|p1a: Glimmora|0 fnt\n|-damage|p1b: Sinistcha|75/100\n|faint|p1a: Glimmora\n|move|p2b: Rotom|Discharge|p1b: Sinistcha|[spread] p1b\n|-immune|p2a: Excadrill\n|-resisted|p1b: Sinistcha|1\n|-damage|p1b: Sinistcha|62/100\n|\n|upkeep\n|\n|t:|1775887557\n|switch|p1a: Excadrill|Excadrill, L50, F|100/100\n|turn|7\n|\n|t:|1775887570\n|move|p2a: Excadrill|Protect|p2a: Excadrill\n|-singleturn|p2a: Excadrill|Protect\n|move|p2b: Rotom|Protect|p2b: Rotom\n|-singleturn|p2b: Rotom|Protect\n|move|p1a: Excadrill|High Horsepower|p2a: Excadrill\n|-activate|p2a: Excadrill|move: Protect\n|move|p1b: Sinistcha|Matcha Gotcha|p2b: Rotom|[spread] \n|-activate|p2a: Excadrill|move: Protect\n|-activate|p2b: Rotom|move: Protect\n|\n|upkeep\n|turn|8\n|\n|t:|1775887590\n|move|p1b: Sinistcha|Rage Powder|p1b: Sinistcha\n|-singleturn|p1b: Sinistcha|move: Rage Powder\n|move|p2a: Excadrill|Earthquake|p1a: Excadrill|[spread] p1a,p1b\n|-immune|p2b: Rotom|[from] ability: Levitate\n|-supereffective|p1a: Excadrill|1\n|-resisted|p1b: Sinistcha|1\n|-enditem|p1a: Excadrill|Focus Sash\n|-damage|p1a: Excadrill|1/100\n|-damage|p1b: Sinistcha|47/100\n|move|p1a: Excadrill|High Horsepower|p2a: Excadrill\n|-supereffective|p2a: Excadrill|1\n|-damage|p2a: Excadrill|0 fnt\n|faint|p2a: Excadrill\n|move|p2b: Rotom|Hydro Pump|p1b: Sinistcha\n|-resisted|p1b: Sinistcha|1\n|-damage|p1b: Sinistcha|23/100\n|\n|upkeep\n|\n|t:|1775887602\n|switch|p2a: Basculegion|Basculegion, L50, M|100/100\n|turn|9\n|c|\u2606yamzinyobooty|yh ggs\n|\n|t:|1775887612\n|move|p1b: Sinistcha|Rage Powder|p1b: Sinistcha\n|-singleturn|p1b: Sinistcha|move: Rage Powder\n|move|p2a: Basculegion|Last Respects|p1b: Sinistcha\n|-supereffective|p1b: Sinistcha|1\n|-damage|p1b: Sinistcha|0 fnt\n|faint|p1b: Sinistcha\n|move|p1a: Excadrill|High Horsepower|p2a: Basculegion\n|-damage|p2a: Basculegion|26/100\n|move|p2b: Rotom|Hydro Pump|p1a: Excadrill\n|-supereffective|p1a: Excadrill|1\n|-damage|p1a: Excadrill|0 fnt\n|faint|p1a: Excadrill\n|\n|win|yamzinyobooty\n|raw|platanopower420's rating: 1105 &rarr; <strong>1080</strong><br />(-25 for losing)\n|raw|yamzinyobooty's rating: 1110 &rarr; <strong>1135</strong><br />(+25 for winning)\n",
  "uploadtime": 1775887612,
  "views": 14,
  "formatid": "gen9championsvgc2026regma",
  "rating": 1080,
  "private": 0,
  "password": null
}