{
  "id": "gen9championsvgc2026regma-2581685024",
  "format": "[Gen 9 Champions] VGC 2026 Reg M-A",
  "players": [
    "Faloman",
    "fredrekt"
  ],
  "log": "|j|\u2606Faloman\n|j|\u2606fredrekt\n|t:|1776020566\n|gametype|doubles\n|player|p1|Faloman|lucas|1000\n|player|p2|fredrekt|ingo|1049\n|gen|9\n|tier|[Gen 9 Champions] VGC 2026 Reg M-A\n|rated|\n|rule|Species Clause: Limit one of each Pok\u00e9mon\n|rule|Item Clause: Limit 1 of each item\n|clearpoke\n|poke|p1|Manectric, L50, F|\n|poke|p1|Milotic, L50, F|\n|poke|p1|Conkeldurr, L50, F|\n|poke|p1|Rotom-Wash, L50|\n|poke|p1|Whimsicott, L50, F|\n|poke|p1|Incineroar, L50, M|\n|poke|p2|Aerodactyl, L50, M|\n|poke|p2|Tauros-Paldea-Blaze, L50, M|\n|poke|p2|Garganacl, L50, F|\n|poke|p2|Basculegion, L50, M|\n|poke|p2|Scizor, L50, F|\n|poke|p2|Excadrill, L50, M|\n|teampreview|4\n|l|\u2606Faloman\n|player|p1|\n|j|\u2606Faloman\n|player|p1|Faloman|lucas|\n|inactive|Battle timer is ON: inactive players will automatically lose when time's up. (requested by fredrekt)\n|inactive|Faloman has 60 seconds left.\n|\n|t:|1776020630\n|teamsize|p1|4\n|teamsize|p2|4\n|start\n|switch|p1a: Manectric|Manectric, L50, F|100/100\n|switch|p1b: Conkeldurr|Conkeldurr, L50, F|100/100\n|switch|p2a: Basculegion|Basculegion, L50, M|100/100\n|switch|p2b: Garganacl|Garganacl, L50, F|100/100\n|turn|1\n|inactive|Faloman has 30 seconds left.\n|inactive|fredrekt has 30 seconds left.\n|inactive|Faloman has 20 seconds left.\n|inactive|fredrekt has 20 seconds left.\n|inactive|fredrekt has 15 seconds left.\n|\n|t:|1776020671\n|switch|p2a: Excadrill|Excadrill, L50, M|100/100\n|-ability|p2a: Excadrill|Mold Breaker\n|detailschange|p1a: Manectric|Manectric-Mega, L50, F\n|-mega|p1a: Manectric|Manectric|Manectite\n|-ability|p1a: Manectric|Intimidate|boost\n|-unboost|p2a: Excadrill|atk|1\n|-unboost|p2b: Garganacl|atk|1\n|move|p1a: Manectric|Volt Switch|p2a: Excadrill\n|-immune|p2a: Excadrill\n|move|p1b: Conkeldurr|Drain Punch|p2b: Garganacl\n|-supereffective|p2b: Garganacl|1\n|-damage|p2b: Garganacl|60/100\n|move|p2b: Garganacl|Body Press|p1a: Manectric\n|-damage|p1a: Manectric|57/100\n|\n|-heal|p2b: Garganacl|66/100|[from] item: Leftovers\n|upkeep\n|turn|2\n|inactive|Faloman has 30 seconds left.\n|inactive|Faloman has 20 seconds left.\n|\n|t:|1776020707\n|switch|p2b: Aerodactyl|Aerodactyl, L50, M|100/100\n|detailschange|p2a: Excadrill|Excadrill-Mega, L50, M\n|-mega|p2a: Excadrill|Excadrill|Excadrite\n|move|p1a: Manectric|Protect|p1a: Manectric\n|-singleturn|p1a: Manectric|Protect\n|move|p2a: Excadrill|Earthquake|p1a: Manectric|[spread] p1b\n|-activate|p1a: Manectric|move: Protect\n|-immune|p2b: Aerodactyl\n|-damage|p1b: Conkeldurr|75/100\n|move|p1b: Conkeldurr|Drain Punch|p2a: Excadrill\n|-supereffective|p2a: Excadrill|1\n|-damage|p2a: Excadrill|23/100\n|-heal|p1b: Conkeldurr|100/100|[from] drain|[of] p2a: Excadrill\n|\n|upkeep\n|turn|3\n|inactive|Faloman has 30 seconds left.\n|inactive|Faloman has 20 seconds left.\n|\n|t:|1776020743\n|move|p1a: Manectric|Volt Switch|p2b: Aerodactyl\n|-supereffective|p2b: Aerodactyl|1\n|-enditem|p2b: Aerodactyl|Focus Sash\n|-damage|p2b: Aerodactyl|1/100\n|\n|t:|1776020748\n|switch|p1a: Rotom|Rotom-Wash, L50|100/100|[from] Volt Switch\n|move|p2b: Aerodactyl|Tailwind|p2b: Aerodactyl\n|-sidestart|p2: fredrekt|move: Tailwind\n|move|p2a: Excadrill|Earthquake|p1b: Conkeldurr|[spread] p1b\n|-immune|p2b: Aerodactyl\n|-immune|p1a: Rotom|[from] ability: Levitate\n|-damage|p1b: Conkeldurr|73/100\n|move|p1b: Conkeldurr|Drain Punch|p2a: Excadrill\n|-supereffective|p2a: Excadrill|1\n|-damage|p2a: Excadrill|0 fnt\n|-heal|p1b: Conkeldurr|84/100|[from] drain|[of] p2a: Excadrill\n|faint|p2a: Excadrill\n|\n|upkeep\n|\n|t:|1776020759\n|switch|p2a: Garganacl|Garganacl, L50, F|66/100\n|turn|4\n|\n|t:|1776020781\n|move|p2b: Aerodactyl|Dual Wingbeat|p1b: Conkeldurr\n|-supereffective|p1b: Conkeldurr|1\n|-damage|p1b: Conkeldurr|52/100\n|-supereffective|p1b: Conkeldurr|1\n|-damage|p1b: Conkeldurr|19/100\n|-hitcount|p1b: Conkeldurr|2\n|move|p1a: Rotom|Hydro Pump|p2a: Garganacl\n|-supereffective|p2a: Garganacl|1\n|-damage|p2a: Garganacl|0 fnt\n|faint|p2a: Garganacl\n|move|p1b: Conkeldurr|Drain Punch|p2b: Aerodactyl\n|-damage|p2b: Aerodactyl|0 fnt\n|-heal|p1b: Conkeldurr|20/100|[from] drain|[of] p2b: Aerodactyl\n|faint|p2b: Aerodactyl\n|\n|upkeep\n|\n|t:|1776020789\n|switch|p2b: Basculegion|Basculegion, L50, M|100/100\n|turn|5\n|\n|t:|1776020806\n|move|p2b: Basculegion|Last Respects|p1a: Rotom\n|-damage|p1a: Rotom|0 fnt\n|faint|p1a: Rotom\n|move|p1b: Conkeldurr|Knock Off|p2b: Basculegion\n|-supereffective|p2b: Basculegion|1\n|-damage|p2b: Basculegion|15/100\n|-enditem|p2b: Basculegion|Mystic Water|[from] move: Knock Off|[of] p1b: Conkeldurr\n|\n|upkeep\n|-message|fredrekt forfeited.\n|\n|win|Faloman\n|raw|Faloman's rating: 1000 &rarr; <strong>1046</strong><br />(+46 for winning)\n|raw|fredrekt's rating: 1049 &rarr; <strong>1029</strong><br />(-20 for losing)\n|l|\u2606fredrekt\n|player|p2|\n",
  "uploadtime": 1776020821,
  "views": 13,
  "formatid": "gen9championsvgc2026regma",
  "rating": 1029,
  "private": 0,
  "password": null
}