{
  "id": "gen9championsvgc2026regma-2586726974",
  "format": "[Gen 9 Champions] VGC 2026 Reg M-A",
  "players": [
    "h2obama",
    "LampCollection"
  ],
  "log": "|j|\u2606h2obama\n|j|\u2606LampCollection\n|t:|1776455188\n|gametype|doubles\n|player|p1|h2obama|170|1197\n|player|p2|LampCollection|102|1169\n|gen|9\n|tier|[Gen 9 Champions] VGC 2026 Reg M-A\n|rated|\n|rule|Species Clause: Limit one of each Pok\u00e9mon\n|rule|Item Clause: Limit 1 of each item\n|clearpoke\n|poke|p1|Scovillain, L50, F|\n|poke|p1|Typhlosion-Hisui, L50, F|\n|poke|p1|Milotic, L50, M|\n|poke|p1|Aerodactyl, L50, M|\n|poke|p1|Sneasler, L50, F|\n|poke|p1|Rotom-Wash, L50|\n|poke|p2|Gengar, L50, F|\n|poke|p2|Politoed, L50, M|\n|poke|p2|Passimian, L50, M|\n|poke|p2|Incineroar, L50, F|\n|poke|p2|Wyrdeer, L50, M|\n|poke|p2|Sinistcha, L50|\n|teampreview|4\n|\n|t:|1776455207\n|teamsize|p1|4\n|teamsize|p2|4\n|start\n|switch|p1a: Scovillain|Scovillain, L50, F|100/100\n|switch|p1b: Milotic|Milotic, L50, M|100/100\n|switch|p2a: Gengar|Gengar, L50, F|100/100\n|switch|p2b: Sinistcha|Sinistcha, L50|100/100\n|turn|1\n|\n|t:|1776455224\n|detailschange|p2a: Gengar|Gengar-Mega, L50, F\n|-mega|p2a: Gengar|Gengar|Gengarite\n|detailschange|p1a: Scovillain|Scovillain-Mega, L50, F\n|-mega|p1a: Scovillain|Scovillain|Scovillainite\n|move|p2a: Gengar|Perish Song|p2a: Gengar\n|-start|p1a: Scovillain|perish3|[silent]\n|-start|p1b: Milotic|perish3|[silent]\n|-start|p2a: Gengar|perish3|[silent]\n|-start|p2b: Sinistcha|perish3|[silent]\n|-fieldactivate|move: Perish Song\n|move|p1b: Milotic|Ice Beam|p2b: Sinistcha|[miss]\n|-miss|p1b: Milotic|p2b: Sinistcha\n|move|p1a: Scovillain|Overheat|p2b: Sinistcha\n|-supereffective|p2b: Sinistcha|1\n|-damage|p2b: Sinistcha|0 fnt\n|-unboost|p1a: Scovillain|spa|2\n|faint|p2b: Sinistcha\n|\n|-start|p2a: Gengar|perish3\n|-start|p1b: Milotic|perish3\n|-start|p1a: Scovillain|perish3\n|upkeep\n|\n|t:|1776455243\n|switch|p2b: Passimian|Passimian, L50, M|100/100\n|turn|2\n|\n|t:|1776455257\n|move|p2a: Gengar|Protect|p2a: Gengar\n|-singleturn|p2a: Gengar|Protect\n|move|p1b: Milotic|Scald|p2b: Passimian\n|-damage|p2b: Passimian|67/100\n|-status|p2b: Passimian|brn\n|move|p2b: Passimian|Substitute|p2b: Passimian\n|-start|p2b: Passimian|Substitute\n|-damage|p2b: Passimian|42/100 brn\n|move|p1a: Scovillain|Leech Seed||[still]\n|-fail|p1a: Scovillain\n|\n|-damage|p2b: Passimian|36/100 brn|[from] brn\n|-start|p2a: Gengar|perish2\n|-start|p1b: Milotic|perish2\n|-start|p1a: Scovillain|perish2\n|upkeep\n|turn|3\n|\n|t:|1776455286\n|move|p2b: Passimian|Protect|p2b: Passimian\n|-singleturn|p2b: Passimian|Protect\n|move|p2a: Gengar|Sludge Bomb|p1a: Scovillain\n|-supereffective|p1a: Scovillain|1\n|-damage|p1a: Scovillain|0 fnt\n|-status|p2a: Gengar|brn|[from] ability: Spicy Spray|[of] p1a: Scovillain\n|faint|p1a: Scovillain\n|move|p1b: Milotic|Scald|p2a: Gengar\n|-damage|p2a: Gengar|70/100 brn\n|\n|-damage|p2a: Gengar|64/100 brn|[from] brn\n|-damage|p2b: Passimian|30/100 brn|[from] brn\n|-start|p2a: Gengar|perish1\n|-start|p1b: Milotic|perish1\n|upkeep\n|\n|t:|1776455311\n|switch|p1a: Sneasler|Sneasler, L50, F|100/100\n|turn|4\n|\n|t:|1776455334\n|move|p1a: Sneasler|Rock Slide|p2b: Passimian|[spread] p2a,p2b\n|-resisted|p2b: Passimian|1\n|-activate|p2b: Passimian|move: Substitute|[damage]\n|-damage|p2a: Gengar|41/100 brn\n|move|p2a: Gengar|Perish Song|p2a: Gengar\n|-start|p1a: Sneasler|perish3|[silent]\n|-start|p2b: Passimian|perish3|[silent]\n|-fieldactivate|move: Perish Song\n|move|p1b: Milotic|Scald|p2b: Passimian\n|-end|p2b: Passimian|Substitute\n|move|p2b: Passimian|Drain Punch|p1a: Sneasler\n|-resisted|p1a: Sneasler|1\n|-damage|p1a: Sneasler|88/100\n|-heal|p2b: Passimian|35/100 brn|[from] drain|[of] p1a: Sneasler\n|\n|-damage|p2a: Gengar|35/100 brn|[from] brn\n|-damage|p2b: Passimian|29/100 brn|[from] brn\n|-start|p1a: Sneasler|perish3\n|-start|p2a: Gengar|perish0\n|-start|p1b: Milotic|perish0\n|-start|p2b: Passimian|perish3\n|faint|p2a: Gengar\n|-ability|p2b: Passimian|Shadow Tag|Receiver|[from] ability: Receiver|[of] p2a: Gengar\n|faint|p1b: Milotic\n|upkeep\n|\n|t:|1776455355\n|switch|p2a: Politoed|Politoed, L50, M|100/100\n|switch|p1b: Typhlosion|Typhlosion-Hisui, L50, F|100/100\n|-item|p2a: Politoed|Leftovers|[from] ability: Frisk|[of] p1b: Typhlosion\n|-item|p2b: Passimian|Payapa Berry|[from] ability: Frisk|[of] p1b: Typhlosion\n|-weather|RainDance|[from] ability: Drizzle|[of] p2a: Politoed\n|turn|5\n|\n|t:|1776455382\n|move|p2b: Passimian|Protect|p2b: Passimian\n|-singleturn|p2b: Passimian|Protect\n|move|p2a: Politoed|Protect|p2a: Politoed\n|-singleturn|p2a: Politoed|Protect\n|move|p1a: Sneasler|Close Combat|p2a: Politoed\n|-activate|p2a: Politoed|move: Protect\n|move|p1b: Typhlosion|Infernal Parade|p2b: Passimian\n|-activate|p2b: Passimian|move: Protect\n|\n|-weather|RainDance|[upkeep]\n|-damage|p2b: Passimian|24/100 brn|[from] brn\n|-start|p1a: Sneasler|perish2\n|-start|p2b: Passimian|perish2\n|upkeep\n|turn|6\n|\n|t:|1776455416\n|move|p1b: Typhlosion|Protect|p1b: Typhlosion\n|-singleturn|p1b: Typhlosion|Protect\n|move|p1a: Sneasler|Close Combat|p2b: Passimian\n|-damage|p2b: Passimian|0 fnt\n|-unboost|p1a: Sneasler|def|1\n|-unboost|p1a: Sneasler|spd|1\n|faint|p2b: Passimian\n|-enditem|p1a: Sneasler|White Herb\n|-clearnegativeboost|p1a: Sneasler|[silent]\n|move|p2a: Politoed|Ice Beam|p1a: Sneasler\n|-damage|p1a: Sneasler|62/100\n|\n|-weather|RainDance|[upkeep]\n|-start|p1a: Sneasler|perish1\n|upkeep\n|turn|7\n|\n|t:|1776455431\n|move|p2a: Politoed|Protect|p2a: Politoed\n|-singleturn|p2a: Politoed|Protect\n|move|p1a: Sneasler|Dire Claw|p2a: Politoed\n|-activate|p2a: Politoed|move: Protect\n|move|p1b: Typhlosion|Infernal Parade|p2a: Politoed\n|-activate|p2a: Politoed|move: Protect\n|\n|-weather|RainDance|[upkeep]\n|-start|p1a: Sneasler|perish0\n|faint|p1a: Sneasler\n|upkeep\n|turn|8\n|\n|t:|1776455443\n|move|p1b: Typhlosion|Infernal Parade|p2a: Politoed\n|-damage|p2a: Politoed|79/100\n|-status|p2a: Politoed|brn\n|move|p2a: Politoed|Perish Song|p2a: Politoed\n|-start|p1b: Typhlosion|perish3|[silent]\n|-start|p2a: Politoed|perish3|[silent]\n|-fieldactivate|move: Perish Song\n|\n|-weather|RainDance|[upkeep]\n|-heal|p2a: Politoed|85/100 brn|[from] item: Leftovers\n|-damage|p2a: Politoed|79/100 brn|[from] brn\n|-start|p1b: Typhlosion|perish3\n|-start|p2a: Politoed|perish3\n|upkeep\n|turn|9\n|\n|t:|1776455458\n|move|p1b: Typhlosion|Protect|p1b: Typhlosion\n|-singleturn|p1b: Typhlosion|Protect\n|move|p2a: Politoed|Protect||[still]\n|-fail|p2a: Politoed\n|\n|-weather|none\n|-heal|p2a: Politoed|85/100 brn|[from] item: Leftovers\n|-damage|p2a: Politoed|79/100 brn|[from] brn\n|-start|p1b: Typhlosion|perish2\n|-start|p2a: Politoed|perish2\n|upkeep\n|turn|10\n|\n|t:|1776455472\n|move|p2a: Politoed|Protect|p2a: Politoed\n|-singleturn|p2a: Politoed|Protect\n|move|p1b: Typhlosion|Infernal Parade|p2a: Politoed\n|-activate|p2a: Politoed|move: Protect\n|\n|-heal|p2a: Politoed|85/100 brn|[from] item: Leftovers\n|-damage|p2a: Politoed|79/100 brn|[from] brn\n|-start|p1b: Typhlosion|perish1\n|-start|p2a: Politoed|perish1\n|upkeep\n|turn|11\n|\n|t:|1776455485\n|move|p2a: Politoed|Protect||[still]\n|-fail|p2a: Politoed\n|move|p1b: Typhlosion|Infernal Parade|p2a: Politoed\n|-damage|p2a: Politoed|36/100 brn\n|\n|-heal|p2a: Politoed|42/100 brn|[from] item: Leftovers\n|-damage|p2a: Politoed|36/100 brn|[from] brn\n|-start|p1b: Typhlosion|perish0\n|-start|p2a: Politoed|perish0\n|upkeep\n|faint|p1b: Typhlosion\n|faint|p2a: Politoed\n|\n|win|LampCollection\n|raw|h2obama's rating: 1197 &rarr; <strong>1170</strong><br />(-27 for losing)\n|raw|LampCollection's rating: 1169 &rarr; <strong>1196</strong><br />(+27 for winning)\n|l|\u2606h2obama\n|player|p1|\n",
  "uploadtime": 1776455652,
  "views": 39,
  "formatid": "gen9championsvgc2026regma",
  "rating": 1170,
  "private": 0,
  "password": null
}