{
  "id": "gen9championsvgc2026regma-2585779911",
  "format": "[Gen 9 Champions] VGC 2026 Reg M-A",
  "players": [
    "cleopatraspaced",
    "skymin<3"
  ],
  "log": "|j|\u2606cleopatraspaced\n|j|\u2606skymin<3\n|t:|1776370085\n|gametype|doubles\n|player|p1|cleopatraspaced|jacinthe|\n|player|p2|skymin<3|#skymin3|\n|gen|9\n|tier|[Gen 9 Champions] VGC 2026 Reg M-A\n|rated|Tournament battle\n|rule|Species Clause: Limit one of each Pok\u00e9mon\n|rule|Item Clause: Limit 1 of each item\n|raw|<div class=\"infobox\"><details class=\"readmore\" open><summary><strong>1 custom rule:</strong></summary> Force Open Team Sheets</details></div>\n|clearpoke\n|poke|p1|Gyarados, L50, M|\n|poke|p1|Aegislash, L50, M|\n|poke|p1|Sneasler, L50, F|\n|poke|p1|Garchomp, L50, F|\n|poke|p1|Sinistcha, L50|\n|poke|p1|Incineroar, L50, F|\n|poke|p2|Delphox, L50, F|\n|poke|p2|Aegislash, L50, M|\n|poke|p2|Meowscarada, L50, M|\n|poke|p2|Dragonite, L50, F|\n|poke|p2|Tauros-Paldea-Aqua, L50, M|\n|poke|p2|Garchomp, L50, F|\n|teampreview|4\n|showteam|p1|Gyarados||Gyaradosite|Intimidate|Waterfall,LashOut,DragonDance,Protect|||M|||50|]Aegislash||Leftovers|StanceChange|FlashCannon,ShadowBall,KingsShield,WideGuard|||M|||50|]Sneasler||WhiteHerb|Unburden|CloseCombat,DireClaw,FakeOut,Protect|||F|||50|]Garchomp||ChoiceScarf|RoughSkin|StompingTantrum,RockSlide,PoisonJab,DragonClaw|||F|||50|]Sinistcha||SitrusBerry|Hospitality|MatchaGotcha,TrickRoom,LifeDew,RagePowder||||||50|]Incineroar||ShucaBerry|Intimidate|FlareBlitz,FakeOut,PartingShot,DarkestLariat|||F|||50|\n|showteam|p2|Delphox||Delphoxite|Blaze|Encore,HeatWave,Psychic,Protect|||F|||50|]Aegislash||SitrusBerry|StanceChange|Poltergeist,SacredSword,ShadowSneak,KingsShield|||M|||50|]Meowscarada||ChoiceScarf|Protean|LowKick,FlowerTrick,ThroatChop,TripleAxel|||M|||50|]Dragonite||Dragoninite|Multiscale|DracoMeteor,Tailwind,AirSlash,Protect|||F|||50|]Tauros-Paldea-Aqua||WhiteHerb|Intimidate|CloseCombat,WaveCrash,AquaJet,Protect|||M|||50|]Garchomp||FocusSash|RoughSkin|RockSlide,Protect,DragonClaw,Earthquake|||F|||50|\n|inactive|Battle timer is ON: inactive players will automatically lose when time's up. (requested by cleopatraspaced)\n|c|\u2606cleopatraspaced|oh wsg\n|c|\u2606cleopatraspaced|glhf\n|j|+TheLoanRanger\n|j| smartced\n|inactive|cleopatraspaced has 60 seconds left.\n|inactive|skymin<3 has 60 seconds left.\n|l| smartced\n|inactive|skymin<3 has 30 seconds left.\n|\n|t:|1776370152\n|teamsize|p1|4\n|teamsize|p2|4\n|start\n|switch|p1a: thugger|Garchomp, L50, F|100/100\n|switch|p1b: satan herself|Incineroar, L50, F|100/100\n|switch|p2a: Dragonite|Dragonite, L50, F|100/100\n|switch|p2b: Tauros|Tauros-Paldea-Aqua, L50, M|100/100\n|-ability|p2b: Tauros|Intimidate|boost\n|-unboost|p1a: thugger|atk|1\n|-unboost|p1b: satan herself|atk|1\n|-ability|p1b: satan herself|Intimidate|boost\n|-unboost|p2a: Dragonite|atk|1\n|-unboost|p2b: Tauros|atk|1\n|-enditem|p2b: Tauros|White Herb\n|-clearnegativeboost|p2b: Tauros|[silent]\n|turn|1\n|inactive|cleopatraspaced has 30 seconds left.\n|inactive|cleopatraspaced has 20 seconds left.\n|\n|t:|1776370188\n|switch|p2a: Malos|Aegislash, L50, M|100/100\n|switch|p1b: big fish theory|Gyarados, L50, M|100/100\n|-ability|p1b: big fish theory|Intimidate|boost\n|-unboost|p2a: Malos|atk|1\n|-unboost|p2b: Tauros|atk|1\n|move|p1a: thugger|Dragon Claw|p2a: Malos\n|-resisted|p2a: Malos|1\n|-damage|p2a: Malos|87/100\n|move|p2b: Tauros|Close Combat|p1b: big fish theory\n|-resisted|p1b: big fish theory|1\n|-damage|p1b: big fish theory|82/100\n|-unboost|p2b: Tauros|def|1\n|-unboost|p2b: Tauros|spd|1\n|\n|upkeep\n|turn|2\n|inactive|skymin<3 has 30 seconds left.\n|inactive|skymin<3 has 20 seconds left.\n|inactive|cleopatraspaced has 30 seconds left.\n|inactive|skymin<3 has 15 seconds left.\n|inactive|skymin<3 has 10 seconds left.\n|\n|t:|1776370234\n|switch|p1a: satan herself|Incineroar, L50, F|100/100\n|-ability|p1a: satan herself|Intimidate|boost\n|-unboost|p2a: Malos|atk|1\n|-unboost|p2b: Tauros|atk|1\n|move|p2b: Tauros|Close Combat|p1b: big fish theory\n|-resisted|p1b: big fish theory|1\n|-damage|p1b: big fish theory|68/100\n|-unboost|p2b: Tauros|def|1\n|-unboost|p2b: Tauros|spd|1\n|move|p1b: big fish theory|Dragon Dance|p1b: big fish theory\n|-boost|p1b: big fish theory|atk|1\n|-boost|p1b: big fish theory|spe|1\n|-formechange|p2a: Malos|Aegislash-Blade|\n|move|p2a: Malos|Poltergeist|p1b: big fish theory|[miss]\n|-miss|p2a: Malos|p1b: big fish theory\n|\n|upkeep\n|turn|3\n|c|\u2606cleopatraspaced|isnt poltergeist the only ghost move thats not 100% accurate\n|inactive|cleopatraspaced has 30 seconds left.\n|inactive|skymin<3 has 30 seconds left.\n|c|\u2606skymin<3|ye\n|inactive|cleopatraspaced has 20 seconds left.\n|inactive|skymin<3 has 20 seconds left.\n|\n|t:|1776370273\n|switch|p2b: Diablos|Garchomp, L50, F, shiny|100/100\n|switch|p2a: Dragonite|Dragonite, L50, F|100/100\n|move|p1a: satan herself|Fake Out|p2b: Diablos\n|-damage|p2b: Diablos|90/100\n|-damage|p1a: satan herself|88/100|[from] ability: Rough Skin|[of] p2b: Diablos\n|move|p1b: big fish theory|Dragon Dance|p1b: big fish theory\n|-boost|p1b: big fish theory|atk|1\n|-boost|p1b: big fish theory|spe|1\n|\n|upkeep\n|turn|4\n|\n|t:|1776370296\n|detailschange|p1b: big fish theory|Gyarados-Mega, L50, M\n|-mega|p1b: big fish theory|Gyarados|Gyaradosite\n|-ability|p1b: big fish theory|Mold Breaker\n|detailschange|p2a: Dragonite|Dragonite-Mega, L50, F\n|-mega|p2a: Dragonite|Dragonite|Dragoninite\n|move|p2b: Diablos|Protect|p2b: Diablos\n|-singleturn|p2b: Diablos|Protect\n|move|p1b: big fish theory|Lash Out|p2a: Dragonite\n|-damage|p2a: Dragonite|10/100\n|move|p2a: Dragonite|Tailwind|p2a: Dragonite\n|-sidestart|p2: skymin<3|move: Tailwind\n|move|p1a: satan herself|Parting Shot|p2a: Dragonite\n|-unboost|p2a: Dragonite|atk|1\n|-unboost|p2a: Dragonite|spa|1\n|j| csr not honse\n|l| csr not honse\n|j| MuzVG\n|\n|t:|1776370314\n|switch|p1a: masamune|Aegislash, L50, M|100/100|[from] Parting Shot\n|\n|upkeep\n|turn|5\n|c|\u2606skymin<3|shoulda eq'd ig\n|inactive|cleopatraspaced has 30 seconds left.\n|inactive|skymin<3 has 30 seconds left.\n|inactive|cleopatraspaced has 20 seconds left.\n|inactive|cleopatraspaced has 15 seconds left.\n|\n|t:|1776370355\n|switch|p2a: Tauros|Tauros-Paldea-Aqua, L50, M|100/100\n|-ability|p2a: Tauros|Intimidate|boost\n|-unboost|p1a: masamune|atk|1\n|-unboost|p1b: big fish theory|atk|1\n|move|p1a: masamune|Wide Guard|p1a: masamune\n|-singleturn|p1a: masamune|Wide Guard\n|move|p2b: Diablos|Dragon Claw|p1b: big fish theory\n|-crit|p1b: big fish theory\n|-damage|p1b: big fish theory|12/100\n|move|p1b: big fish theory|Lash Out|p2a: Tauros\n|-resisted|p2a: Tauros|1\n|-damage|p2a: Tauros|31/100\n|\n|upkeep\n|turn|6\n|l| MuzVG\n|c|\u2606cleopatraspaced|i love lash out\n|c|\u2606cleopatraspaced|no business doing nearly as much as it does\n|inactive|cleopatraspaced has 30 seconds left.\n|\n|t:|1776370380\n|move|p2a: Tauros|Protect|p2a: Tauros\n|-singleturn|p2a: Tauros|Protect\n|move|p1b: big fish theory|Protect|p1b: big fish theory\n|-singleturn|p1b: big fish theory|Protect\n|move|p1a: masamune|King's Shield|p1a: masamune\n|-singleturn|p1a: masamune|Protect\n|move|p2b: Diablos|Earthquake|p1a: masamune|[spread] \n|-activate|p2a: Tauros|move: Protect\n|-activate|p1a: masamune|move: Protect\n|-activate|p1b: big fish theory|move: Protect\n|\n|upkeep\n|turn|7\n|inactive|skymin<3 has 30 seconds left.\n|inactive|skymin<3 has 20 seconds left.\n|inactive|skymin<3 has 15 seconds left.\n|inactive|skymin<3 has 10 seconds left.\n|\n|t:|1776370429\n|switch|p2a: Dragonite|Dragonite-Mega, L50, F|10/100\n|switch|p1b: satan herself|Incineroar, L50, F|88/100\n|-ability|p1b: satan herself|Intimidate|boost\n|-unboost|p2a: Dragonite|atk|1\n|-unboost|p2b: Diablos|atk|1\n|move|p2b: Diablos|Earthquake|p1a: masamune|[spread] p1a,p1b\n|-immune|p2a: Dragonite\n|-supereffective|p1a: masamune|1\n|-supereffective|p1b: satan herself|1\n|-enditem|p1b: satan herself|Shuca Berry|[eat]\n|-enditem|p1b: satan herself|Shuca Berry|[weaken]\n|-damage|p1a: masamune|56/100\n|-damage|p1b: satan herself|68/100\n|-formechange|p1a: masamune|Aegislash-Blade|\n|move|p1a: masamune|Shadow Ball|p2a: Dragonite\n|-damage|p2a: Dragonite|0 fnt\n|faint|p2a: Dragonite\n|\n|-heal|p1a: masamune|62/100|[from] item: Leftovers\n|-sideend|p2: skymin<3|move: Tailwind\n|upkeep\n|\n|t:|1776370445\n|switch|p2a: Tauros|Tauros-Paldea-Aqua, L50, M|31/100\n|-ability|p2a: Tauros|Intimidate|boost\n|-unboost|p1a: masamune|atk|1\n|-unboost|p1b: satan herself|atk|1\n|turn|8\n|inactive|skymin<3 has 30 seconds left.\n|\n|t:|1776370479\n|switch|p1b: big fish theory|Gyarados-Mega, L50, M|12/100\n|-ability|p1b: big fish theory|Mold Breaker\n|-formechange|p1a: masamune|Aegislash|\n|move|p1a: masamune|King's Shield|p1a: masamune\n|-singleturn|p1a: masamune|Protect\n|move|p2b: Diablos|Rock Slide|p1b: big fish theory|[spread] \n|-activate|p1a: masamune|move: Protect\n|-miss|p2b: Diablos|p1b: big fish theory\n|move|p2a: Tauros|Wave Crash|p1a: masamune\n|-activate|p1a: masamune|move: Protect\n|-unboost|p2a: Tauros|atk|1\n|\n|-heal|p1a: masamune|69/100|[from] item: Leftovers\n|upkeep\n|turn|9\n|j| Draxolotl\n|c|\u2606skymin<3|this is an unfortounate game lol\n|c|\u2606cleopatraspaced|it is\n|c|\u2606cleopatraspaced|im sorryyy\n|inactive|cleopatraspaced has 30 seconds left.\n|inactive|skymin<3 has 30 seconds left.\n|c|\u2606cleopatraspaced|honestly the gyarados wasnt supposed to live the turn\n|inactive|cleopatraspaced has 20 seconds left.\n|inactive|cleopatraspaced has 15 seconds left.\n|inactive|skymin<3 has 20 seconds left.\n|inactive|skymin<3 has 15 seconds left.\n|inactive|skymin<3 has 10 seconds left.\n|\n|t:|1776370530\n|switch|p2b: Malos|Aegislash, L50, M|87/100\n|move|p2a: Tauros|Protect|p2a: Tauros\n|-singleturn|p2a: Tauros|Protect\n|move|p1a: masamune|Wide Guard|p1a: masamune\n|-singleturn|p1a: masamune|Wide Guard\n|move|p1b: big fish theory|Lash Out|p2b: Malos\n|-supereffective|p2b: Malos|1\n|-damage|p2b: Malos|14/100\n|-enditem|p2b: Malos|Sitrus Berry|[eat]\n|-heal|p2b: Malos|39/100|[from] item: Sitrus Berry\n|\n|-heal|p1a: masamune|75/100|[from] item: Leftovers\n|upkeep\n|turn|10\n|\n|t:|1776370546\n|move|p2a: Tauros|Wave Crash|p1b: big fish theory\n|-resisted|p1b: big fish theory|1\n|-crit|p1b: big fish theory\n|-damage|p1b: big fish theory|0 fnt\n|faint|p1b: big fish theory\n|-damage|p2a: Tauros|27/100|[from] Recoil\n|-formechange|p2b: Malos|Aegislash-Blade|\n|move|p2b: Malos|Poltergeist|p1a: masamune\n|-activate|p1a: masamune|move: Poltergeist|Leftovers\n|-supereffective|p1a: masamune|1\n|-damage|p1a: masamune|0 fnt\n|faint|p1a: masamune\n|\n|upkeep\n|\n|t:|1776370557\n|switch|p1b: thugger|Garchomp, L50, F|100/100\n|switch|p1a: satan herself|Incineroar, L50, F|68/100\n|-ability|p1a: satan herself|Intimidate|boost\n|-unboost|p2a: Tauros|atk|1\n|-unboost|p2b: Malos|atk|1\n|turn|11\n|inactive|skymin<3 has 30 seconds left.\n|inactive|cleopatraspaced has 30 seconds left.\n|inactive|skymin<3 has 20 seconds left.\n|\n|t:|1776370602\n|move|p2a: Tauros|Protect|p2a: Tauros\n|-singleturn|p2a: Tauros|Protect\n|move|p1b: thugger|Stomping Tantrum|p2a: Tauros\n|-activate|p2a: Tauros|move: Protect\n|move|p2b: Malos|Poltergeist|p1b: thugger\n|-activate|p1b: thugger|move: Poltergeist|Choice Scarf\n|-damage|p1b: thugger|57/100\n|move|p1a: satan herself|Darkest Lariat|p2b: Malos\n|-supereffective|p2b: Malos|1\n|-damage|p2b: Malos|0 fnt\n|faint|p2b: Malos\n|\n|upkeep\n|\n|t:|1776370610\n|switch|p2b: Diablos|Garchomp, L50, F, shiny|90/100\n|turn|12\n|\n|t:|1776370631\n|move|p2a: Tauros|Aqua Jet|p1a: satan herself\n|-supereffective|p1a: satan herself|1\n|-damage|p1a: satan herself|50/100\n|move|p1b: thugger|Stomping Tantrum|p2a: Tauros\n|-damage|p2a: Tauros|0 fnt\n|faint|p2a: Tauros\n|move|p2b: Diablos|Dragon Claw|p1b: thugger\n|-supereffective|p1b: thugger|1\n|-damage|p1b: thugger|0 fnt\n|-damage|p2b: Diablos|78/100|[from] ability: Rough Skin|[of] p1b: thugger\n|faint|p1b: thugger\n|move|p1a: satan herself|Darkest Lariat|p2b: Diablos\n|-damage|p2b: Diablos|44/100\n|-damage|p1a: satan herself|37/100|[from] ability: Rough Skin|[of] p2b: Diablos\n|\n|upkeep\n|turn|13\n|c|\u2606skymin<3|somehow won anyways\n|c|\u2606skymin<3|gg\n|c|\u2606cleopatraspaced|yeah gg\n|c|\u2606cleopatraspaced|wp\n|\n|t:|1776370644\n|move|p2b: Diablos|Earthquake|p1a: satan herself\n|-supereffective|p1a: satan herself|1\n|-damage|p1a: satan herself|0 fnt\n|faint|p1a: satan herself\n|\n|win|skymin<3\n|n|\u2606cleopatraspaced|cleopatraspaced\n|n|\u2606skymin<3|skymin3\n|n| TheLoanRanger|theloanranger\n|n| Draxolotl|draxolotl\n|l| Draxolotl\n|l|\u2606cleopatraspaced\n|player|p1|\n",
  "uploadtime": 1776370653,
  "views": 14,
  "formatid": "gen9championsvgc2026regma",
  "rating": null,
  "private": 0,
  "password": null
}