{
  "id": "gen9championsvgc2026regma-2587638604",
  "format": "[Gen 9 Champions] VGC 2026 Reg M-A",
  "players": [
    "prawnwizard",
    "steve353"
  ],
  "log": "|j|\u2606prawnwizard\n|j|\u2606steve353\n|t:|1776549321\n|gametype|doubles\n|player|p1|prawnwizard|harlequin|1425\n|player|p2|steve353|265|1452\n|gen|9\n|tier|[Gen 9 Champions] VGC 2026 Reg M-A\n|rated|\n|rule|Species Clause: Limit one of each Pok\u00e9mon\n|rule|Item Clause: Limit 1 of each item\n|clearpoke\n|poke|p1|Floette-Eternal, L50, F|\n|poke|p1|Dragapult, L50, F|\n|poke|p1|Rotom-Wash, L50|\n|poke|p1|Arcanine-Hisui, L50, F|\n|poke|p1|Sneasler, L50, F|\n|poke|p1|Kingambit, L50, F|\n|poke|p2|Kangaskhan, L50, F|\n|poke|p2|Whimsicott, L50, M|\n|poke|p2|Milotic, L50, F|\n|poke|p2|Aegislash, L50, M|\n|poke|p2|Garchomp, L50, F|\n|poke|p2|Farigiraf, L50, M|\n|teampreview|4\n|inactive|Battle timer is ON: inactive players will automatically lose when time's up. (requested by prawnwizard)\n|inactive|steve353 has 60 seconds left.\n|\n|t:|1776549362\n|teamsize|p1|4\n|teamsize|p2|4\n|start\n|switch|p1a: Dragapult|Dragapult, L50, F|100/100\n|switch|p1b: Sneasler|Sneasler, L50, F|100/100\n|switch|p2a: Kangaskhan|Kangaskhan, L50, F|100/100\n|switch|p2b: Whimsicott|Whimsicott, L50, M|100/100\n|turn|1\n|\n|t:|1776549382\n|move|p1b: Sneasler|Fake Out|p2a: Kangaskhan\n|-damage|p2a: Kangaskhan|84/100\n|cant|p2a: Kangaskhan|flinch\n|move|p2b: Whimsicott|Tailwind|p2b: Whimsicott\n|-sidestart|p2: steve353|move: Tailwind\n|move|p1a: Dragapult|Hex|p2b: Whimsicott\n|-damage|p2b: Whimsicott|54/100\n|\n|upkeep\n|turn|2\n|\n|t:|1776549397\n|switch|p1a: Kingambit|Kingambit, L50, F|100/100\n|detailschange|p2a: Kangaskhan|Kangaskhan-Mega, L50, F\n|-mega|p2a: Kangaskhan|Kangaskhan|Kangaskhanite\n|move|p2b: Whimsicott|Moonblast|p1a: Kingambit\n|-damage|p1a: Kingambit|69/100\n|move|p2a: Kangaskhan|Double-Edge|p1b: Sneasler\n|-damage|p1b: Sneasler|0 fnt\n|faint|p1b: Sneasler\n|-hitcount|p1: Sneasler|1\n|-damage|p2a: Kangaskhan|59/100|[from] Recoil\n|\n|upkeep\n|\n|t:|1776549409\n|switch|p1b: Floette|Floette-Eternal, L50, F|100/100\n|turn|3\n|\n|t:|1776549433\n|detailschange|p1b: Floette|Floette-Mega, L50, F\n|-mega|p1b: Floette|Floette|Floettite\n|-ability|p1b: Floette|Fairy Aura\n|move|p2b: Whimsicott|Protect|p2b: Whimsicott\n|-singleturn|p2b: Whimsicott|Protect\n|move|p1b: Floette|Protect|p1b: Floette\n|-singleturn|p1b: Floette|Protect\n|move|p2a: Kangaskhan|Low Kick|p1a: Kingambit\n|-supereffective|p1a: Kingambit|2\n|-damage|p1a: Kingambit|0 fnt\n|faint|p1a: Kingambit\n|-hitcount|p1: Kingambit|1\n|\n|upkeep\n|\n|t:|1776549441\n|switch|p1a: Dragapult|Dragapult, L50, F|100/100\n|turn|4\n|\n|t:|1776549449\n|move|p2b: Whimsicott|Encore|p1b: Floette\n|-start|p1b: Floette|Encore\n|move|p1b: Floette|Protect|p1b: Floette\n|-singleturn|p1b: Floette|Protect\n|move|p2a: Kangaskhan|Sucker Punch||[still]\n|-fail|p2a: Kangaskhan\n|move|p1a: Dragapult|Will-O-Wisp|p2a: Kangaskhan\n|-status|p2a: Kangaskhan|brn\n|\n|-damage|p2a: Kangaskhan|53/100 brn|[from] brn\n|-sideend|p2: steve353|move: Tailwind\n|upkeep\n|turn|5\n|\n|t:|1776549468\n|move|p1b: Floette|Protect||[still]\n|-fail|p1b: Floette\n|move|p2a: Kangaskhan|Sucker Punch||[still]\n|-fail|p2a: Kangaskhan\n|move|p1a: Dragapult|Thunder Wave|p2b: Whimsicott\n|-status|p2b: Whimsicott|par\n|move|p2b: Whimsicott|Moonblast|p1a: Dragapult\n|-supereffective|p1a: Dragapult|1\n|-enditem|p1a: Dragapult|Focus Sash\n|-damage|p1a: Dragapult|1/100\n|\n|-damage|p2a: Kangaskhan|47/100 brn|[from] brn\n|upkeep\n|turn|6\n|\n|t:|1776549485\n|switch|p2b: Aegislash|Aegislash, L50, M|100/100\n|move|p1b: Floette|Protect|p1b: Floette\n|-singleturn|p1b: Floette|Protect\n|move|p2a: Kangaskhan|Sucker Punch|p1a: Dragapult\n|-supereffective|p1a: Dragapult|1\n|-damage|p1a: Dragapult|0 fnt\n|faint|p1a: Dragapult\n|-hitcount|p1: Dragapult|1\n|\n|-damage|p2a: Kangaskhan|41/100 brn|[from] brn\n|-end|p1b: Floette|Encore\n|upkeep\n|turn|7\n|\n|t:|1776549499\n|move|p2a: Kangaskhan|Double-Edge|p1b: Floette\n|-damage|p1b: Floette|69/100\n|-damage|p1b: Floette|61/100\n|-hitcount|p1b: Floette|2\n|-damage|p2a: Kangaskhan|29/100 brn|[from] Recoil\n|move|p1b: Floette|Light of Ruin|p2b: Aegislash|[miss]\n|-miss|p1b: Floette|p2b: Aegislash\n|-formechange|p2b: Aegislash|Aegislash-Blade|\n|move|p2b: Aegislash|Iron Head|p1b: Floette\n|-supereffective|p1b: Floette|1\n|-damage|p1b: Floette|0 fnt\n|faint|p1b: Floette\n|\n|win|steve353\n|raw|prawnwizard's rating: 1425 &rarr; <strong>1407</strong><br />(-18 for losing)\n|raw|steve353's rating: 1452 &rarr; <strong>1470</strong><br />(+18 for winning)\n|l|\u2606prawnwizard\n|player|p1|\n",
  "uploadtime": 1776549521,
  "views": 22,
  "formatid": "gen9championsvgc2026regma",
  "rating": 1407,
  "private": 0,
  "password": null
}