{
  "id": "gen9championsvgc2026regma-2585976745",
  "format": "[Gen 9 Champions] VGC 2026 Reg M-A",
  "players": [
    "PhoenixNoire",
    "zerox55"
  ],
  "log": "|j|\u2606PhoenixNoire\n|j|\u2606zerox55\n|t:|1776386823\n|gametype|doubles\n|player|p1|PhoenixNoire|red-gen7|1148\n|player|p2|zerox55|riley|1075\n|gen|9\n|tier|[Gen 9 Champions] VGC 2026 Reg M-A\n|rated|\n|rule|Species Clause: Limit one of each Pok\u00e9mon\n|rule|Item Clause: Limit 1 of each item\n|clearpoke\n|poke|p1|Meganium, L50, M|\n|poke|p1|Archaludon, L50, F|\n|poke|p1|Basculegion, L50, M|\n|poke|p1|Maushold, L50|\n|poke|p1|Politoed, L50, F|\n|poke|p1|Talonflame, L50, M|\n|poke|p2|Meganium, L50, F|\n|poke|p2|Pelipper, L50, F|\n|poke|p2|Archaludon, L50, M|\n|poke|p2|Basculegion, L50, M|\n|poke|p2|Politoed, L50, F|\n|poke|p2|Rotom-Wash, L50|\n|teampreview|4\n|inactive|Battle timer is ON: inactive players will automatically lose when time's up. (requested by PhoenixNoire)\n|\n|t:|1776386849\n|teamsize|p1|4\n|teamsize|p2|4\n|start\n|switch|p1a: Talonflame|Talonflame, L50, M|100/100\n|switch|p1b: Politoed|Politoed, L50, F|100/100\n|switch|p2a: Rotom|Rotom-Wash, L50|100/100\n|switch|p2b: Meganium|Meganium, L50, F|100/100\n|-weather|RainDance|[from] ability: Drizzle|[of] p1b: Politoed\n|turn|1\n|\n|t:|1776386873\n|detailschange|p2b: Meganium|Meganium-Mega, L50, F\n|-mega|p2b: Meganium|Meganium|Meganiumite\n|move|p2b: Meganium|Protect|p2b: Meganium\n|-singleturn|p2b: Meganium|Protect\n|move|p1a: Talonflame|Hurricane|p2b: Meganium\n|-activate|p2b: Meganium|move: Protect\n|move|p2a: Rotom|Electroweb|p1a: Talonflame|[spread] p1a,p1b\n|-supereffective|p1a: Talonflame|1\n|-supereffective|p1b: Politoed|1\n|-damage|p1a: Talonflame|40/100\n|-damage|p1b: Politoed|69/100\n|-unboost|p1a: Talonflame|spe|1\n|-unboost|p1b: Politoed|spe|1\n|move|p1b: Politoed|Icy Wind|p2a: Rotom|[spread] p2a\n|-activate|p2b: Meganium|move: Protect\n|-resisted|p2a: Rotom|1\n|-damage|p2a: Rotom|95/100\n|-unboost|p2a: Rotom|spe|1\n|\n|-weather|RainDance|[upkeep]\n|upkeep\n|turn|2\n|\n|t:|1776386898\n|switch|p1a: Archaludon|Archaludon, L50, F|100/100\n|move|p2a: Rotom|Volt Switch|p1b: Politoed\n|-supereffective|p1b: Politoed|1\n|-damage|p1b: Politoed|17/100\n|-enditem|p1b: Politoed|Sitrus Berry|[eat]\n|-heal|p1b: Politoed|42/100|[from] item: Sitrus Berry\n|\n|t:|1776386910\n|switch|p2a: Basculegion|Basculegion, L50, M|100/100|[from] Volt Switch\n|move|p2b: Meganium|Dazzling Gleam|p1b: Politoed|[spread] p1a,p1b\n|-damage|p1a: Archaludon|49/100\n|-damage|p1b: Politoed|17/100\n|move|p1b: Politoed|Icy Wind|p2a: Basculegion|[spread] p2a,p2b\n|-resisted|p2a: Basculegion|1\n|-supereffective|p2b: Meganium|1\n|-damage|p2a: Basculegion|96/100\n|-damage|p2b: Meganium|85/100\n|-unboost|p2a: Basculegion|spe|1\n|-unboost|p2b: Meganium|spe|1\n|\n|-weather|RainDance|[upkeep]\n|upkeep\n|turn|3\n|\n|t:|1776386934\n|move|p1b: Politoed|Helping Hand|p1a: Archaludon\n|-singleturn|p1a: Archaludon|Helping Hand|[of] p1b: Politoed\n|move|p2a: Basculegion|Last Respects|p1a: Archaludon\n|-damage|p1a: Archaludon|27/100\n|move|p1a: Archaludon|Flash Cannon|p2b: Meganium\n|-supereffective|p2b: Meganium|1\n|-damage|p2b: Meganium|0 fnt\n|faint|p2b: Meganium\n|\n|-weather|RainDance|[upkeep]\n|upkeep\n|\n|t:|1776386951\n|switch|p2b: Rotom|Rotom-Wash, L50|95/100\n|turn|4\n|\n|t:|1776386964\n|switch|p1b: Basculegion|Basculegion, L50, M|100/100\n|move|p1a: Archaludon|Protect|p1a: Archaludon\n|-singleturn|p1a: Archaludon|Protect\n|move|p2a: Basculegion|Last Respects|p1b: Basculegion\n|-supereffective|p1b: Basculegion|1\n|-damage|p1b: Basculegion|0 fnt\n|faint|p1b: Basculegion\n|move|p2b: Rotom|Hydro Pump|p1a: Archaludon\n|-activate|p1a: Archaludon|move: Protect\n|\n|-weather|RainDance|[upkeep]\n|upkeep\n|\n|t:|1776386975\n|switch|p1b: Talonflame|Talonflame, L50, M|40/100\n|turn|5\n|\n|t:|1776386984\n|move|p2a: Basculegion|Last Respects|p1b: Talonflame\n|-damage|p1b: Talonflame|0 fnt\n|faint|p1b: Talonflame\n|move|p2b: Rotom|Hydro Pump|p1a: Archaludon\n|-resisted|p1a: Archaludon|1\n|-damage|p1a: Archaludon|0 fnt\n|faint|p1a: Archaludon\n|\n|-weather|none\n|upkeep\n|-message|PhoenixNoire forfeited.\n|\n|win|zerox55\n|raw|PhoenixNoire's rating: 1148 &rarr; <strong>1118</strong><br />(-30 for losing)\n|raw|zerox55's rating: 1075 &rarr; <strong>1110</strong><br />(+35 for winning)\n|l|\u2606PhoenixNoire\n|player|p1|\n",
  "uploadtime": 1776386997,
  "views": 21,
  "formatid": "gen9championsvgc2026regma",
  "rating": 1110,
  "private": 0,
  "password": null
}