{
  "id": "gen9championsvgc2026regma-2586426013",
  "format": "[Gen 9 Champions] VGC 2026 Reg M-A",
  "players": [
    "tealpens2",
    "wu ganbino"
  ],
  "log": "|j|\u2606tealpens2\n|j|\u2606wu ganbino\n|t:|1776433840\n|gametype|doubles\n|player|p1|tealpens2|265|1044\n|player|p2|wu ganbino|102|1000\n|gen|9\n|tier|[Gen 9 Champions] VGC 2026 Reg M-A\n|rated|\n|rule|Species Clause: Limit one of each Pok\u00e9mon\n|rule|Item Clause: Limit 1 of each item\n|clearpoke\n|poke|p1|Tyranitar, L50, F|\n|poke|p1|Excadrill, L50, F|\n|poke|p1|Sinistcha, L50|\n|poke|p1|Rotom-Heat, L50|\n|poke|p1|Gyarados, L50, M|\n|poke|p1|Gardevoir, L50, M|\n|poke|p2|Charizard, L50, F|\n|poke|p2|Garchomp, L50, M|\n|poke|p2|Azumarill, L50, M|\n|poke|p2|Kingambit, L50, M|\n|poke|p2|Slowking-Galar, L50, M|\n|poke|p2|Garganacl, L50, M|\n|teampreview|4\n|\n|t:|1776433869\n|teamsize|p1|4\n|teamsize|p2|4\n|start\n|switch|p1a: Tyranitar|Tyranitar, L50, F|100/100\n|switch|p1b: Excadrill|Excadrill, L50, F|100/100\n|switch|p2a: Garganacl|Garganacl, L50, M|100/100\n|switch|p2b: Garchomp|Garchomp, L50, M|100/100\n|-weather|Sandstorm|[from] ability: Sand Stream|[of] p1a: Tyranitar\n|turn|1\n|\n|t:|1776433886\n|switch|p1a: Gyarados|Gyarados, L50, M|100/100\n|-ability|p1a: Gyarados|Intimidate|boost\n|-unboost|p2a: Garganacl|atk|1\n|-unboost|p2b: Garchomp|atk|1\n|move|p1b: Excadrill|Earthquake|p2b: Garchomp|[spread] p2a,p2b\n|-immune|p1a: Gyarados\n|-supereffective|p2a: Garganacl|1\n|-crit|p2a: Garganacl\n|-damage|p2a: Garganacl|28/100\n|-damage|p2b: Garchomp|54/100\n|move|p2b: Garchomp|Earthquake|p1a: Gyarados|[spread] p2a,p1b\n|-immune|p1a: Gyarados\n|-supereffective|p2a: Garganacl|1\n|-supereffective|p1b: Excadrill|1\n|-damage|p2a: Garganacl|2/100\n|-damage|p1b: Excadrill|32/100\n|move|p2a: Garganacl|Salt Cure|p1b: Excadrill\n|-resisted|p1b: Excadrill|2\n|-damage|p1b: Excadrill|29/100\n|-start|p1b: Excadrill|Salt Cure\n|\n|-weather|Sandstorm|[upkeep]\n|-damage|p1a: Gyarados|95/100|[from] Sandstorm\n|-heal|p2b: Garchomp|60/100|[from] item: Leftovers\n|-heal|p1a: Gyarados|100/100|[from] item: Leftovers\n|-damage|p1b: Excadrill|17/100|[from] Salt Cure\n|upkeep\n|turn|2\n|\n|t:|1776433927\n|switch|p2b: Slowking|Slowking-Galar, L50, M|100/100\n|move|p2a: Garganacl|Protect|p2a: Garganacl\n|-singleturn|p2a: Garganacl|Protect\n|move|p1b: Excadrill|Stomping Tantrum|p2b: Slowking\n|-supereffective|p2b: Slowking|1\n|-damage|p2b: Slowking|0 fnt\n|faint|p2b: Slowking\n|move|p1a: Gyarados|Waterfall|p2a: Garganacl\n|-activate|p2a: Garganacl|move: Protect\n|\n|-weather|Sandstorm|[upkeep]\n|-damage|p1a: Gyarados|95/100|[from] Sandstorm\n|-heal|p1a: Gyarados|100/100|[from] item: Leftovers\n|-damage|p1b: Excadrill|4/100|[from] Salt Cure\n|upkeep\n|\n|t:|1776433940\n|switch|p2b: Azumarill|Azumarill, L50, M|100/100\n|turn|3\n|\n|t:|1776433953\n|switch|p1b: Gardevoir|Gardevoir, L50, M|100/100\n|move|p1a: Gyarados|Waterfall|p2a: Garganacl\n|-supereffective|p2a: Garganacl|1\n|-damage|p2a: Garganacl|0 fnt\n|faint|p2a: Garganacl\n|move|p2b: Azumarill|Play Rough|p1a: Gyarados\n|-damage|p1a: Gyarados|42/100\n|\n|-weather|Sandstorm|[upkeep]\n|-damage|p1a: Gyarados|36/100|[from] Sandstorm\n|-damage|p1b: Gardevoir|95/100|[from] Sandstorm\n|-damage|p2b: Azumarill|95/100|[from] Sandstorm\n|-heal|p1a: Gyarados|42/100|[from] item: Leftovers\n|upkeep\n|\n|t:|1776433964\n|switch|p2a: Garchomp|Garchomp, L50, M|60/100\n|turn|4\n|\n|t:|1776433980\n|detailschange|p1b: Gardevoir|Gardevoir-Mega, L50, M\n|-mega|p1b: Gardevoir|Gardevoir|Gardevoirite\n|move|p1a: Gyarados|Protect|p1a: Gyarados\n|-singleturn|p1a: Gyarados|Protect\n|move|p2a: Garchomp|Stone Edge|p1a: Gyarados\n|-activate|p1a: Gyarados|move: Protect\n|move|p1b: Gardevoir|Dazzling Gleam|p2a: Garchomp|[spread] p2a,p2b\n|-supereffective|p2a: Garchomp|1\n|-damage|p2a: Garchomp|0 fnt\n|-damage|p2b: Azumarill|54/100\n|faint|p2a: Garchomp\n|move|p2b: Azumarill|Play Rough|p1b: Gardevoir\n|-damage|p1b: Gardevoir|18/100\n|\n|-weather|Sandstorm|[upkeep]\n|-damage|p1b: Gardevoir|12/100|[from] Sandstorm\n|-damage|p1a: Gyarados|36/100|[from] Sandstorm\n|-damage|p2b: Azumarill|48/100|[from] Sandstorm\n|-enditem|p2b: Azumarill|Sitrus Berry|[eat]\n|-heal|p2b: Azumarill|73/100|[from] item: Sitrus Berry\n|-heal|p1a: Gyarados|42/100|[from] item: Leftovers\n|upkeep\n|turn|5\n|c|\u2606tealpens2|gg\n|\n|t:|1776434019\n|move|p2b: Azumarill|Aqua Jet|p1b: Gardevoir\n|-damage|p1b: Gardevoir|0 fnt\n|faint|p1b: Gardevoir\n|move|p1a: Gyarados|Thunder Wave|p2b: Azumarill|[miss]\n|-miss|p1a: Gyarados|p2b: Azumarill\n|\n|-weather|none\n|-heal|p1a: Gyarados|48/100|[from] item: Leftovers\n|upkeep\n|\n|t:|1776434026\n|switch|p1b: Tyranitar|Tyranitar, L50, F|100/100\n|-weather|Sandstorm|[from] ability: Sand Stream|[of] p1b: Tyranitar\n|turn|6\n|\n|t:|1776434067\n|switch|p1a: Excadrill|Excadrill, L50, F|4/100\n|move|p1b: Tyranitar|Knock Off|p2b: Azumarill\n|-resisted|p2b: Azumarill|1\n|-damage|p2b: Azumarill|54/100\n|move|p2b: Azumarill|Play Rough|p1a: Excadrill\n|-resisted|p1a: Excadrill|1\n|-damage|p1a: Excadrill|0 fnt\n|faint|p1a: Excadrill\n|\n|-weather|Sandstorm|[upkeep]\n|-damage|p2b: Azumarill|48/100|[from] Sandstorm\n|upkeep\n|\n|t:|1776434075\n|switch|p1a: Gyarados|Gyarados, L50, M|48/100\n|-ability|p1a: Gyarados|Intimidate|boost\n|-unboost|p2b: Azumarill|atk|1\n|turn|7\n|\n|t:|1776434088\n|move|p1a: Gyarados|Waterfall|p2b: Azumarill\n|-resisted|p2b: Azumarill|1\n|-damage|p2b: Azumarill|31/100\n|move|p1b: Tyranitar|Rock Slide|p2b: Azumarill|[miss]\n|-miss|p1b: Tyranitar|p2b: Azumarill\n|move|p2b: Azumarill|Play Rough|p1a: Gyarados|[miss]\n|-miss|p2b: Azumarill|p1a: Gyarados\n|\n|-weather|Sandstorm|[upkeep]\n|-damage|p1a: Gyarados|42/100|[from] Sandstorm\n|-damage|p2b: Azumarill|26/100|[from] Sandstorm\n|-heal|p1a: Gyarados|48/100|[from] item: Leftovers\n|upkeep\n|turn|8\n|inactive|Battle timer is ON: inactive players will automatically lose when time's up. (requested by tealpens2)\n|l|\u2606wu ganbino\n|inactive|wu ganbino disconnected and has a minute to reconnect!\n|player|p2|\n|inactive|wu ganbino has 30 seconds to reconnect!\n|inactive|wu ganbino has 20 seconds to reconnect!\n|inactive|wu ganbino has 15 seconds to reconnect!\n|inactive|wu ganbino has 10 seconds to reconnect!\n|inactive|wu ganbino has 5 seconds to reconnect!\n|-message|wu ganbino lost due to inactivity.\n|\n|win|tealpens2\n|raw|tealpens2's rating: 1044 &rarr; <strong>1073</strong><br />(+29 for winning)\n|raw|wu ganbino's rating: 1000 &rarr; <strong>1000</strong><br />(+0 for losing)\n",
  "uploadtime": 1776434186,
  "views": 45,
  "formatid": "gen9championsvgc2026regma",
  "rating": 1000,
  "private": 0,
  "password": null
}