{
  "id": "gen9championsvgc2026regma-2581511424",
  "format": "[Gen 9 Champions] VGC 2026 Reg M-A",
  "players": [
    "Millercs",
    "1234zaki"
  ],
  "log": "|j|\u2606Millercs\n|j|\u26061234zaki\n|t:|1776007056\n|gametype|doubles\n|player|p1|Millercs|1|1049\n|player|p2|1234zaki|1|1122\n|gen|9\n|tier|[Gen 9 Champions] VGC 2026 Reg M-A\n|rated|\n|rule|Species Clause: Limit one of each Pok\u00e9mon\n|rule|Item Clause: Limit 1 of each item\n|clearpoke\n|poke|p1|Floette-Eternal, L50, F|\n|poke|p1|Glimmora, L50, F|\n|poke|p1|Talonflame, L50, M|\n|poke|p1|Maushold-Four, L50|\n|poke|p1|Garchomp, L50, F|\n|poke|p1|Corviknight, L50, F|\n|poke|p2|Maushold-Four, L50|\n|poke|p2|Glimmora, L50, M|\n|poke|p2|Scizor, L50, F|\n|poke|p2|Pelipper, L50, F|\n|poke|p2|Sinistcha, L50|\n|poke|p2|Milotic, L50, F|\n|teampreview|4\n|\n|t:|1776007072\n|teamsize|p1|4\n|teamsize|p2|4\n|start\n|switch|p1a: Garchomp|Garchomp, L50, F|100/100\n|switch|p1b: Talonflame|Talonflame, L50, M|100/100\n|switch|p2a: Scizor|Scizor, L50, F|100/100\n|switch|p2b: Maushold|Maushold-Four, L50|100/100\n|turn|1\n|\n|t:|1776007086\n|switch|p2a: Pelipper|Pelipper, L50, F|100/100\n|-weather|RainDance|[from] ability: Drizzle|[of] p2a: Pelipper\n|move|p1b: Talonflame|Tailwind|p1b: Talonflame\n|-sidestart|p1: Millercs|move: Tailwind\n|move|p1a: Garchomp|Earthquake|p2a: Pelipper|[spread] p2b\n|-immune|p1b: Talonflame\n|-immune|p2a: Pelipper\n|-damage|p2b: Maushold|56/100\n|move|p2b: Maushold|Population Bomb|p1b: Talonflame\n|-damage|p1b: Talonflame|92/100\n|-damage|p1b: Talonflame|84/100\n|-damage|p1b: Talonflame|74/100\n|-damage|p1b: Talonflame|64/100\n|-damage|p1b: Talonflame|55/100\n|-damage|p1b: Talonflame|46/100\n|-damage|p1b: Talonflame|36/100\n|-damage|p1b: Talonflame|27/100\n|-damage|p1b: Talonflame|17/100\n|-damage|p1b: Talonflame|9/100\n|-hitcount|p1b: Talonflame|10\n|\n|-weather|RainDance|[upkeep]\n|upkeep\n|turn|2\n|\n|t:|1776007125\n|switch|p1a: Corviknight|Corviknight, L50, F|100/100\n|move|p1b: Talonflame|Protect|p1b: Talonflame\n|-singleturn|p1b: Talonflame|Protect\n|move|p2a: Pelipper|Wide Guard|p2a: Pelipper\n|-singleturn|p2a: Pelipper|Wide Guard\n|move|p2b: Maushold|Population Bomb|p1b: Talonflame\n|-activate|p1b: Talonflame|move: Protect\n|\n|-weather|RainDance|[upkeep]\n|upkeep\n|turn|3\n|\n|t:|1776007145\n|move|p1b: Talonflame|Brave Bird|p2b: Maushold\n|-damage|p2b: Maushold|2/100\n|-enditem|p2b: Maushold|Sitrus Berry|[eat]\n|-heal|p2b: Maushold|27/100|[from] item: Sitrus Berry\n|-damage|p1b: Talonflame|0 fnt|[from] Recoil\n|faint|p1b: Talonflame\n|move|p1a: Corviknight|Iron Defense|p1a: Corviknight\n|-boost|p1a: Corviknight|def|2\n|move|p2b: Maushold|Population Bomb|p1a: Corviknight\n|-resisted|p1a: Corviknight|1\n|-crit|p1a: Corviknight\n|-damage|p1a: Corviknight|97/100\n|-resisted|p1a: Corviknight|1\n|-damage|p1a: Corviknight|95/100\n|-hitcount|p1a: Corviknight|2\n|move|p2a: Pelipper|Weather Ball|p1a: Corviknight\n|-damage|p1a: Corviknight|40/100\n|\n|-weather|RainDance|[upkeep]\n|-heal|p1a: Corviknight|45/100|[from] item: Leftovers\n|upkeep\n|\n|t:|1776007169\n|switch|p1b: Glimmora|Glimmora, L50, F|100/100\n|turn|4\n|\n|t:|1776007183\n|detailschange|p1b: Glimmora|Glimmora-Mega, L50, F\n|-mega|p1b: Glimmora|Glimmora|Glimmoranite\n|move|p1b: Glimmora|Power Gem|p2a: Pelipper\n|-supereffective|p2a: Pelipper|1\n|-damage|p2a: Pelipper|0 fnt\n|faint|p2a: Pelipper\n|move|p1a: Corviknight|Body Press|p2b: Maushold\n|-supereffective|p2b: Maushold|1\n|-damage|p2b: Maushold|0 fnt\n|faint|p2b: Maushold\n|\n|-weather|RainDance|[upkeep]\n|-heal|p1a: Corviknight|51/100|[from] item: Leftovers\n|-sideend|p1: Millercs|move: Tailwind\n|upkeep\n|\n|t:|1776007188\n|switch|p2b: Sinistcha|Sinistcha, L50|100/100\n|switch|p2a: Scizor|Scizor, L50, F|100/100\n|turn|5\n|\n|t:|1776007219\n|detailschange|p2a: Scizor|Scizor-Mega, L50, F\n|-mega|p2a: Scizor|Scizor|Scizorite\n|move|p1b: Glimmora|Spiky Shield|p1b: Glimmora\n|-singleturn|p1b: Glimmora|move: Protect\n|move|p2a: Scizor|Bullet Punch|p1b: Glimmora\n|-activate|p1b: Glimmora|move: Protect\n|-damage|p2a: Scizor|88/100|[from] Spiky Shield|[of] p1b: Glimmora\n|move|p1a: Corviknight|Roost|p1a: Corviknight\n|-heal|p1a: Corviknight|100/100\n|-singleturn|p1a: Corviknight|move: Roost\n|move|p2b: Sinistcha|Trick Room|p2b: Sinistcha\n|-fieldstart|move: Trick Room|[of] p2b: Sinistcha\n|\n|-weather|none\n|upkeep\n|turn|6\n|\n|t:|1776007238\n|switch|p1b: Garchomp|Garchomp, L50, F|100/100\n|move|p1a: Corviknight|Body Press|p2a: Scizor\n|-crit|p2a: Scizor\n|-damage|p2a: Scizor|47/100\n|move|p2b: Sinistcha|Life Dew||[still]|[spread] p2a,p2b\n|-heal|p2a: Scizor|72/100\n|-fail|p2b: Sinistcha|heal\n|move|p2a: Scizor|Swords Dance|p2a: Scizor\n|-boost|p2a: Scizor|atk|2\n|\n|upkeep\n|turn|7\n|\n|t:|1776007276\n|move|p1a: Corviknight|Brave Bird|p2b: Sinistcha\n|-supereffective|p2b: Sinistcha|1\n|-damage|p2b: Sinistcha|35/100\n|-damage|p1a: Corviknight|82/100|[from] Recoil\n|move|p2b: Sinistcha|Matcha Gotcha|p1a: Corviknight|[spread] p1a,p1b\n|-resisted|p1a: Corviknight|2\n|-damage|p1a: Corviknight|77/100\n|-heal|p2b: Sinistcha|39/100|[from] drain|[of] p1a: Corviknight\n|-damage|p1b: Garchomp|69/100\n|-heal|p2b: Sinistcha|55/100|[from] drain|[of] p1b: Garchomp\n|move|p2a: Scizor|Dual Wingbeat|p1b: Garchomp\n|-damage|p1b: Garchomp|15/100\n|-damage|p2a: Scizor|59/100|[from] ability: Rough Skin|[of] p1b: Garchomp\n|-damage|p1b: Garchomp|0 fnt\n|-damage|p2a: Scizor|47/100|[from] ability: Rough Skin|[of] p1b: Garchomp\n|faint|p1b: Garchomp\n|-hitcount|p1: Garchomp|2\n|\n|-heal|p1a: Corviknight|82/100|[from] item: Leftovers\n|upkeep\n|\n|t:|1776007299\n|switch|p1b: Glimmora|Glimmora-Mega, L50, F|100/100\n|turn|8\n|\n|t:|1776007308\n|move|p1b: Glimmora|Spiky Shield|p1b: Glimmora\n|-singleturn|p1b: Glimmora|move: Protect\n|move|p1a: Corviknight|Body Press|p2a: Scizor\n|-damage|p2a: Scizor|15/100\n|move|p2b: Sinistcha|Life Dew|p2b: Sinistcha|[spread] p2a,p2b\n|-heal|p2a: Scizor|40/100\n|-heal|p2b: Sinistcha|80/100\n|move|p2a: Scizor|Dual Wingbeat|p1a: Corviknight\n|-resisted|p1a: Corviknight|1\n|-damage|p1a: Corviknight|73/100\n|-resisted|p1a: Corviknight|1\n|-damage|p1a: Corviknight|62/100\n|-hitcount|p1a: Corviknight|2\n|\n|-heal|p1a: Corviknight|68/100|[from] item: Leftovers\n|upkeep\n|turn|9\n|\n|t:|1776007331\n|move|p2a: Scizor|Bullet Punch|p1b: Glimmora\n|-supereffective|p1b: Glimmora|1\n|-damage|p1b: Glimmora|0 fnt\n|faint|p1b: Glimmora\n|move|p1a: Corviknight|Roost|p1a: Corviknight\n|-heal|p1a: Corviknight|100/100\n|-singleturn|p1a: Corviknight|move: Roost\n|move|p2b: Sinistcha|Life Dew|p2b: Sinistcha|[spread] p2a,p2b\n|-heal|p2a: Scizor|65/100\n|-heal|p2b: Sinistcha|100/100\n|\n|-fieldend|move: Trick Room\n|upkeep\n|turn|10\n|\n|t:|1776007346\n|move|p2a: Scizor|Bullet Punch|p1a: Corviknight\n|-resisted|p1a: Corviknight|1\n|-damage|p1a: Corviknight|84/100\n|move|p2b: Sinistcha|Life Dew||[still]|[spread] p2a,p2b\n|-heal|p2a: Scizor|90/100\n|-fail|p2b: Sinistcha|heal\n|move|p1a: Corviknight|Iron Defense|p1a: Corviknight\n|-boost|p1a: Corviknight|def|2\n|\n|-heal|p1a: Corviknight|90/100|[from] item: Leftovers\n|upkeep\n|turn|11\n|\n|t:|1776007361\n|move|p2a: Scizor|Swords Dance|p2a: Scizor\n|-boost|p2a: Scizor|atk|2\n|move|p2b: Sinistcha|Life Dew||[still]|[spread] p2a,p2b\n|-heal|p2a: Scizor|100/100\n|-fail|p2b: Sinistcha|heal\n|move|p1a: Corviknight|Iron Defense|p1a: Corviknight\n|-boost|p1a: Corviknight|def|2\n|\n|-heal|p1a: Corviknight|96/100|[from] item: Leftovers\n|upkeep\n|turn|12\n|\n|t:|1776007374\n|move|p2a: Scizor|Swords Dance|p2a: Scizor\n|-boost|p2a: Scizor|atk|2\n|move|p2b: Sinistcha|Life Dew||[still]|[still]|[spread] \n|-fail|p2a: Scizor|heal\n|-fail|p2b: Sinistcha|heal\n|move|p1a: Corviknight|Body Press|p2a: Scizor\n|-crit|p2a: Scizor\n|-damage|p2a: Scizor|11/100\n|\n|-heal|p1a: Corviknight|100/100|[from] item: Leftovers\n|upkeep\n|turn|13\n|\n|t:|1776007390\n|move|p2b: Sinistcha|Rage Powder|p2b: Sinistcha\n|-singleturn|p2b: Sinistcha|move: Rage Powder\n|move|p2a: Scizor|Bullet Punch|p1a: Corviknight\n|-resisted|p1a: Corviknight|1\n|-damage|p1a: Corviknight|86/100\n|move|p1a: Corviknight|Body Press|p2b: Sinistcha\n|-immune|p2b: Sinistcha\n|\n|-heal|p1a: Corviknight|92/100|[from] item: Leftovers\n|upkeep\n|turn|14\n|\n|t:|1776007402\n|move|p2a: Scizor|Dual Wingbeat|p1a: Corviknight\n|-resisted|p1a: Corviknight|1\n|-damage|p1a: Corviknight|81/100\n|-resisted|p1a: Corviknight|1\n|-damage|p1a: Corviknight|71/100\n|-hitcount|p1a: Corviknight|2\n|move|p2b: Sinistcha|Life Dew||[still]|[spread] p2a,p2b\n|-heal|p2a: Scizor|36/100\n|-fail|p2b: Sinistcha|heal\n|move|p1a: Corviknight|Brave Bird|p2b: Sinistcha\n|-supereffective|p2b: Sinistcha|1\n|-damage|p2b: Sinistcha|39/100\n|-damage|p1a: Corviknight|54/100|[from] Recoil\n|\n|-heal|p1a: Corviknight|60/100|[from] item: Leftovers\n|upkeep\n|turn|15\n|\n|t:|1776007418\n|move|p2a: Scizor|Dual Wingbeat|p1a: Corviknight\n|-resisted|p1a: Corviknight|1\n|-damage|p1a: Corviknight|49/100\n|-resisted|p1a: Corviknight|1\n|-damage|p1a: Corviknight|39/100\n|-hitcount|p1a: Corviknight|2\n|move|p2b: Sinistcha|Life Dew|p2b: Sinistcha|[spread] p2a,p2b\n|-heal|p2a: Scizor|61/100\n|-heal|p2b: Sinistcha|64/100\n|move|p1a: Corviknight|Roost|p1a: Corviknight\n|-heal|p1a: Corviknight|89/100\n|-singleturn|p1a: Corviknight|move: Roost\n|\n|-heal|p1a: Corviknight|95/100|[from] item: Leftovers\n|upkeep\n|turn|16\n|\n|t:|1776007435\n|move|p2a: Scizor|Bullet Punch|p1a: Corviknight\n|-resisted|p1a: Corviknight|1\n|-damage|p1a: Corviknight|78/100\n|move|p2b: Sinistcha|Life Dew|p2b: Sinistcha|[spread] p2a,p2b\n|-heal|p2a: Scizor|86/100\n|-heal|p2b: Sinistcha|89/100\n|move|p1a: Corviknight|Brave Bird|p2b: Sinistcha\n|-supereffective|p2b: Sinistcha|1\n|-damage|p2b: Sinistcha|22/100\n|-damage|p1a: Corviknight|58/100|[from] Recoil\n|\n|-heal|p1a: Corviknight|64/100|[from] item: Leftovers\n|upkeep\n|turn|17\n|\n|t:|1776007452\n|move|p2a: Scizor|Dual Wingbeat|p1a: Corviknight\n|-resisted|p1a: Corviknight|1\n|-damage|p1a: Corviknight|54/100\n|-resisted|p1a: Corviknight|1\n|-damage|p1a: Corviknight|44/100\n|-hitcount|p1a: Corviknight|2\n|move|p2b: Sinistcha|Life Dew|p2b: Sinistcha|[spread] p2a,p2b\n|-heal|p2a: Scizor|100/100\n|-heal|p2b: Sinistcha|47/100\n|move|p1a: Corviknight|Brave Bird|p2b: Sinistcha\n|-supereffective|p2b: Sinistcha|1\n|-damage|p2b: Sinistcha|0 fnt\n|faint|p2b: Sinistcha\n|-damage|p1a: Corviknight|31/100|[from] Recoil\n|\n|-heal|p1a: Corviknight|37/100|[from] item: Leftovers\n|upkeep\n|turn|18\n|\n|t:|1776007470\n|move|p2a: Scizor|Dual Wingbeat|p1a: Corviknight\n|-resisted|p1a: Corviknight|1\n|-damage|p1a: Corviknight|26/100\n|-resisted|p1a: Corviknight|1\n|-damage|p1a: Corviknight|16/100\n|-hitcount|p1a: Corviknight|2\n|move|p1a: Corviknight|Roost|p1a: Corviknight\n|-heal|p1a: Corviknight|66/100\n|-singleturn|p1a: Corviknight|move: Roost\n|\n|-heal|p1a: Corviknight|72/100|[from] item: Leftovers\n|upkeep\n|turn|19\n|\n|t:|1776007484\n|move|p2a: Scizor|Dual Wingbeat|p1a: Corviknight\n|-resisted|p1a: Corviknight|1\n|-damage|p1a: Corviknight|61/100\n|-resisted|p1a: Corviknight|1\n|-damage|p1a: Corviknight|51/100\n|-hitcount|p1a: Corviknight|2\n|move|p1a: Corviknight|Body Press|p2a: Scizor\n|-damage|p2a: Scizor|43/100\n|\n|-heal|p1a: Corviknight|57/100|[from] item: Leftovers\n|upkeep\n|turn|20\n|\n|t:|1776007495\n|move|p2a: Scizor|Dual Wingbeat|p1a: Corviknight\n|-resisted|p1a: Corviknight|1\n|-damage|p1a: Corviknight|47/100\n|-resisted|p1a: Corviknight|1\n|-crit|p1a: Corviknight\n|-damage|p1a: Corviknight|0 fnt\n|faint|p1a: Corviknight\n|-hitcount|p1: Corviknight|2\n|\n|win|1234zaki\n|raw|Millercs's rating: 1049 &rarr; <strong>1035</strong><br />(-14 for losing)\n|raw|1234zaki's rating: 1122 &rarr; <strong>1142</strong><br />(+20 for winning)\n",
  "uploadtime": 1776007504,
  "views": 24,
  "formatid": "gen9championsvgc2026regma",
  "rating": 1035,
  "private": 0,
  "password": null
}