{
  "id": "gen9championsvgc2026regma-2580934561",
  "format": "[Gen 9 Champions] VGC 2026 Reg M-A",
  "players": [
    "Bentlious",
    "Phatedfool"
  ],
  "log": "|j|\u2606Bentlious\n|j|\u2606Phatedfool\n|t:|1775944637\n|gametype|doubles\n|player|p1|Bentlious|az|1144\n|player|p2|Phatedfool|cynthia|1059\n|gen|9\n|tier|[Gen 9 Champions] VGC 2026 Reg M-A\n|rated|\n|rule|Species Clause: Limit one of each Pok\u00e9mon\n|rule|Item Clause: Limit 1 of each item\n|clearpoke\n|poke|p1|Floette-Eternal, L50, F|\n|poke|p1|Maushold-Four, L50|\n|poke|p1|Aerodactyl, L50, M|\n|poke|p1|Starmie, L50|\n|poke|p1|Incineroar, L50, F|\n|poke|p1|Sinistcha-Masterpiece, L50|\n|poke|p2|Floette-Eternal, L50, F|\n|poke|p2|Meowscarada, L50, M|\n|poke|p2|Garchomp, L50, F|\n|poke|p2|Gyarados, L50, F|\n|poke|p2|Rotom-Heat, L50|\n|poke|p2|Aegislash, L50, F|\n|teampreview|4\n|\n|t:|1775944666\n|teamsize|p1|4\n|teamsize|p2|4\n|start\n|switch|p1a: Starmie|Starmie, L50|100/100\n|switch|p1b: Maushold|Maushold-Four, L50|100/100\n|switch|p2a: Rotom|Rotom-Heat, L50|100/100\n|switch|p2b: Floette|Floette-Eternal, L50, F|100/100\n|turn|1\n|\n|t:|1775944684\n|detailschange|p1a: Starmie|Starmie-Mega, L50\n|-mega|p1a: Starmie|Starmie|Starminite\n|detailschange|p2b: Floette|Floette-Mega, L50, F\n|-mega|p2b: Floette|Floette|Floettite\n|-ability|p2b: Floette|Fairy Aura\n|move|p2b: Floette|Protect|p2b: Floette\n|-singleturn|p2b: Floette|Protect\n|move|p1b: Maushold|Follow Me|p1b: Maushold\n|-singleturn|p1b: Maushold|move: Follow Me\n|move|p1a: Starmie|Bulk Up|p1a: Starmie\n|-boost|p1a: Starmie|atk|1\n|-boost|p1a: Starmie|def|1\n|move|p2a: Rotom|Electroweb|p1b: Maushold|[spread] p1a,p1b\n|-supereffective|p1a: Starmie|1\n|-damage|p1a: Starmie|68/100\n|-damage|p1b: Maushold|75/100\n|-unboost|p1a: Starmie|spe|1\n|-unboost|p1b: Maushold|spe|1\n|\n|upkeep\n|turn|2\n|\n|t:|1775944727\n|move|p1a: Starmie|Aqua Jet|p2a: Rotom\n|-supereffective|p2a: Rotom|1\n|-damage|p2a: Rotom|8/100\n|move|p2b: Floette|Dazzling Gleam|p1a: Starmie|[spread] p1a,p1b\n|-damage|p1a: Starmie|36/100\n|-damage|p1b: Maushold|17/100\n|move|p1b: Maushold|Super Fang|p2b: Floette\n|-damage|p2b: Floette|51/100\n|move|p2a: Rotom|Electroweb|p1b: Maushold|[spread] p1a,p1b\n|-supereffective|p1a: Starmie|1\n|-damage|p1a: Starmie|5/100\n|-damage|p1b: Maushold|0 fnt\n|-unboost|p1a: Starmie|spe|1\n|faint|p1b: Maushold\n|\n|upkeep\n|\n|t:|1775944739\n|switch|p1b: Sinistcha|Sinistcha-Masterpiece, L50|100/100\n|-heal|p1a: Starmie|30/100|[from] ability: Hospitality|[of] p1b: Sinistcha\n|turn|3\n|\n|t:|1775944752\n|switch|p2b: Gyarados|Gyarados, L50, F|100/100\n|-ability|p2b: Gyarados|Intimidate|boost\n|-unboost|p1a: Starmie|atk|1\n|-unboost|p1b: Sinistcha|atk|1\n|move|p1a: Starmie|Aqua Jet|p2a: Rotom\n|-supereffective|p2a: Rotom|1\n|-damage|p2a: Rotom|0 fnt\n|faint|p2a: Rotom\n|move|p1b: Sinistcha|Trick Room|p1b: Sinistcha\n|-fieldstart|move: Trick Room|[of] p1b: Sinistcha\n|\n|upkeep\n|\n|t:|1775944762\n|switch|p2a: Meowscarada|Meowscarada, L50, M|100/100\n|turn|4\n|\n|t:|1775944781\n|switch|p1a: Incineroar|Incineroar, L50, F|100/100\n|-ability|p1a: Incineroar|Intimidate|boost\n|-unboost|p2a: Meowscarada|atk|1\n|-unboost|p2b: Gyarados|atk|1\n|move|p1b: Sinistcha|Calm Mind|p1b: Sinistcha\n|-boost|p1b: Sinistcha|spa|1\n|-boost|p1b: Sinistcha|spd|1\n|move|p2b: Gyarados|Waterfall|p1a: Incineroar\n|-supereffective|p1a: Incineroar|1\n|-damage|p1a: Incineroar|55/100\n|move|p2a: Meowscarada|Knock Off|p1b: Sinistcha\n|-supereffective|p1b: Sinistcha|1\n|-damage|p1b: Sinistcha|50/100\n|-enditem|p1b: Sinistcha|Sitrus Berry|[from] move: Knock Off|[of] p2a: Meowscarada\n|\n|upkeep\n|turn|5\n|\n|t:|1775944800\n|move|p2a: Meowscarada|Protect|p2a: Meowscarada\n|-singleturn|p2a: Meowscarada|Protect\n|move|p1a: Incineroar|Fake Out|p2a: Meowscarada\n|-activate|p2a: Meowscarada|move: Protect\n|move|p1b: Sinistcha|Matcha Gotcha|p2b: Gyarados|[spread] p2b\n|-activate|p2a: Meowscarada|move: Protect\n|-damage|p2b: Gyarados|70/100\n|-heal|p1b: Sinistcha|67/100|[from] drain|[of] p2b: Gyarados\n|move|p2b: Gyarados|Thunder Wave|p1a: Incineroar\n|-status|p1a: Incineroar|par\n|\n|upkeep\n|turn|6\n|\n|t:|1775944828\n|move|p2b: Gyarados|Helping Hand|p2a: Meowscarada\n|-singleturn|p2a: Meowscarada|Helping Hand|[of] p2b: Gyarados\n|move|p2a: Meowscarada|Sucker Punch|p1b: Sinistcha\n|-supereffective|p1b: Sinistcha|1\n|-damage|p1b: Sinistcha|16/100\n|cant|p1a: Incineroar|par\n|move|p1b: Sinistcha|Matcha Gotcha|p2b: Gyarados|[spread] p2a,p2b\n|-resisted|p2a: Meowscarada|1\n|-damage|p2a: Meowscarada|74/100\n|-heal|p1b: Sinistcha|27/100|[from] drain|[of] p2a: Meowscarada\n|-damage|p2b: Gyarados|40/100\n|-heal|p1b: Sinistcha|44/100|[from] drain|[of] p2b: Gyarados\n|-enditem|p2b: Gyarados|Sitrus Berry|[eat]\n|-heal|p2b: Gyarados|65/100|[from] item: Sitrus Berry\n|\n|upkeep\n|turn|7\n|\n|t:|1775944859\n|move|p1a: Incineroar|Flare Blitz|p2a: Meowscarada\n|-supereffective|p2a: Meowscarada|1\n|-damage|p2a: Meowscarada|0 fnt\n|faint|p2a: Meowscarada\n|-damage|p1a: Incineroar|37/100 par|[from] Recoil\n|move|p1b: Sinistcha|Calm Mind|p1b: Sinistcha\n|-boost|p1b: Sinistcha|spa|1\n|-boost|p1b: Sinistcha|spd|1\n|move|p2b: Gyarados|Waterfall|p1a: Incineroar\n|-supereffective|p1a: Incineroar|1\n|-damage|p1a: Incineroar|0 fnt\n|faint|p1a: Incineroar\n|\n|-fieldend|move: Trick Room\n|upkeep\n|\n|t:|1775944871\n|switch|p2a: Floette|Floette-Mega, L50, F|51/100\n|switch|p1a: Starmie|Starmie-Mega, L50|30/100\n|-ability|p2a: Floette|Fairy Aura\n|turn|8\n|\n|t:|1775944885\n|move|p1a: Starmie|Thunder|p2b: Gyarados\n|-supereffective|p2b: Gyarados|2\n|-damage|p2b: Gyarados|0 fnt\n|faint|p2b: Gyarados\n|move|p2a: Floette|Dazzling Gleam|p1a: Starmie|[spread] p1a,p1b\n|-damage|p1a: Starmie|0 fnt\n|-damage|p1b: Sinistcha|20/100\n|faint|p1a: Starmie\n|move|p1b: Sinistcha|Matcha Gotcha|p2a: Floette\n|-damage|p2a: Floette|4/100\n|-heal|p1b: Sinistcha|43/100|[from] drain|[of] p2a: Floette\n|\n|upkeep\n|turn|9\n|\n|t:|1775944901\n|move|p2a: Floette|Moonblast|p1b: Sinistcha\n|-damage|p1b: Sinistcha|4/100\n|move|p1b: Sinistcha|Matcha Gotcha|p2a: Floette\n|-damage|p2a: Floette|0 fnt\n|-heal|p1b: Sinistcha|6/100|[from] drain|[of] p2a: Floette\n|faint|p2a: Floette\n|\n|win|Bentlious\n|raw|Bentlious's rating: 1144 &rarr; <strong>1163</strong><br />(+19 for winning)\n|raw|Phatedfool's rating: 1059 &rarr; <strong>1045</strong><br />(-14 for losing)\n|c|\u2606Phatedfool|ggs\n|l|\u2606Phatedfool\n|player|p2|\n|c|\u2606Bentlious|ggs\n|c|\u2606Bentlious|super close\n",
  "uploadtime": 1775944911,
  "views": 13,
  "formatid": "gen9championsvgc2026regma",
  "rating": 1045,
  "private": 0,
  "password": null
}