{
  "id": "gen9championsvgc2026regma-2582587751",
  "format": "[Gen 9 Champions] VGC 2026 Reg M-A",
  "players": [
    "Forbranna",
    "greetathunberg"
  ],
  "log": "|j|\u2606Forbranna\n|j|\u2606greetathunberg\n|t:|1776101102\n|gametype|doubles\n|player|p1|Forbranna|266|1313\n|player|p2|greetathunberg|1|1213\n|gen|9\n|tier|[Gen 9 Champions] VGC 2026 Reg M-A\n|rated|\n|rule|Species Clause: Limit one of each Pok\u00e9mon\n|rule|Item Clause: Limit 1 of each item\n|clearpoke\n|poke|p1|Meganium, L50, F|\n|poke|p1|Tyranitar, L50, M|\n|poke|p1|Excadrill, L50, F|\n|poke|p1|Farigiraf, L50, M|\n|poke|p1|Aegislash, L50, M|\n|poke|p1|Volcarona, L50, F|\n|poke|p2|Pelipper, L50, F|\n|poke|p2|Archaludon, L50, M|\n|poke|p2|Basculegion-F, L50, F|\n|poke|p2|Meganium, L50, M|\n|poke|p2|Maushold, L50|\n|poke|p2|Sneasler, L50, M|\n|teampreview|4\n|\n|t:|1776101139\n|teamsize|p1|4\n|teamsize|p2|4\n|start\n|switch|p1a: Theodora|Volcarona, L50, F|100/100\n|switch|p1b: Sappho|Meganium, L50, F|100/100\n|switch|p2a: Archaludon|Archaludon, L50, M|100/100\n|switch|p2b: Maushold|Maushold, L50|100/100\n|turn|1\n|\n|t:|1776101181\n|switch|p2b: Pelipper|Pelipper, L50, F|100/100\n|-weather|RainDance|[from] ability: Drizzle|[of] p2b: Pelipper\n|detailschange|p1b: Sappho|Meganium-Mega, L50, F\n|-mega|p1b: Sappho|Meganium|Meganiumite\n|move|p1a: Theodora|Tailwind|p1a: Theodora\n|-sidestart|p1: Forbranna|move: Tailwind\n|move|p1b: Sappho|Dazzling Gleam|p2a: Archaludon|[spread] p2a,p2b\n|-damage|p2a: Archaludon|63/100\n|-damage|p2b: Pelipper|56/100\n|-ability|p2a: Archaludon|Stamina|boost\n|-boost|p2a: Archaludon|def|1\n|move|p2a: Archaludon|Flash Cannon|p1b: Sappho\n|-supereffective|p1b: Sappho|1\n|-damage|p1b: Sappho|23/100\n|\n|-weather|RainDance|[upkeep]\n|-heal|p2a: Archaludon|68/100|[from] item: Leftovers\n|upkeep\n|turn|2\n|\n|t:|1776101211\n|move|p2b: Pelipper|Wide Guard|p2b: Pelipper\n|-singleturn|p2b: Pelipper|Wide Guard\n|move|p1a: Theodora|Rage Powder|p1a: Theodora\n|-singleturn|p1a: Theodora|move: Rage Powder\n|move|p1b: Sappho|Synthesis|p1b: Sappho\n|-heal|p1b: Sappho|90/100\n|move|p2a: Archaludon|Electro Shot||[still]\n|-prepare|p2a: Archaludon|Electro Shot\n|-boost|p2a: Archaludon|spa|1\n|-anim|p2a: Archaludon|Electro Shot|p1a: Theodora\n|-damage|p1a: Theodora|45/100\n|-enditem|p1a: Theodora|Sitrus Berry|[eat]\n|-heal|p1a: Theodora|70/100|[from] item: Sitrus Berry\n|\n|-weather|RainDance|[upkeep]\n|-heal|p2a: Archaludon|74/100|[from] item: Leftovers\n|upkeep\n|turn|3\n|-activate|p2b: Pelipper|item: Quick Claw\n|\n|t:|1776101231\n|switch|p1a: Ivan IV|Tyranitar, L50, M, shiny|100/100\n|-weather|Sandstorm|[from] ability: Sand Stream|[of] p1a: Ivan IV\n|move|p2b: Pelipper|Tailwind|p2b: Pelipper\n|-sidestart|p2: greetathunberg|move: Tailwind\n|move|p2a: Archaludon|Flash Cannon|p1b: Sappho\n|-supereffective|p1b: Sappho|1\n|-damage|p1b: Sappho|0 fnt\n|faint|p1b: Sappho\n|\n|-weather|Sandstorm|[upkeep]\n|-damage|p2b: Pelipper|50/100|[from] Sandstorm\n|-heal|p2a: Archaludon|80/100|[from] item: Leftovers\n|upkeep\n|\n|t:|1776101249\n|switch|p1b: Robespierre|Excadrill, L50, F, shiny|100/100\n|turn|4\n|\n|t:|1776101269\n|switch|p2b: Maushold|Maushold, L50|100/100\n|move|p2a: Archaludon|Protect|p2a: Archaludon\n|-singleturn|p2a: Archaludon|Protect\n|move|p1b: Robespierre|High Horsepower|p2a: Archaludon\n|-activate|p2a: Archaludon|move: Protect\n|move|p1a: Ivan IV|Knock Off|p2b: Maushold\n|-damage|p2b: Maushold|31/100\n|-enditem|p2b: Maushold|Focus Sash|[from] move: Knock Off|[of] p1a: Ivan IV\n|\n|-weather|Sandstorm|[upkeep]\n|-damage|p2b: Maushold|25/100|[from] Sandstorm\n|-heal|p2a: Archaludon|86/100|[from] item: Leftovers\n|-sideend|p1: Forbranna|move: Tailwind\n|upkeep\n|turn|5\n|\n|t:|1776101295\n|switch|p2b: Pelipper|Pelipper, L50, F|50/100\n|-weather|RainDance|[from] ability: Drizzle|[of] p2b: Pelipper\n|switch|p1a: Theodora|Volcarona, L50, F|70/100\n|move|p2a: Archaludon|Flash Cannon|p1a: Theodora\n|-resisted|p1a: Theodora|1\n|-damage|p1a: Theodora|41/100\n|move|p1b: Robespierre|Rock Slide|p2a: Archaludon|[spread] p2a,p2b\n|-resisted|p2a: Archaludon|1\n|-supereffective|p2b: Pelipper|1\n|-damage|p2a: Archaludon|80/100\n|-damage|p2b: Pelipper|15/100\n|-ability|p2a: Archaludon|Stamina|boost\n|-boost|p2a: Archaludon|def|1\n|\n|-weather|RainDance|[upkeep]\n|-heal|p2a: Archaludon|86/100|[from] item: Leftovers\n|upkeep\n|turn|6\n|\n|t:|1776101321\n|switch|p1a: Ivan IV|Tyranitar, L50, M, shiny|100/100\n|-weather|Sandstorm|[from] ability: Sand Stream|[of] p1a: Ivan IV\n|move|p2a: Archaludon|Protect|p2a: Archaludon\n|-singleturn|p2a: Archaludon|Protect\n|move|p1b: Robespierre|High Horsepower|p2a: Archaludon\n|-activate|p2a: Archaludon|move: Protect\n|move|p2b: Pelipper|Surf|p1a: Ivan IV|[spread] p1a,p1b\n|-activate|p2a: Archaludon|move: Protect\n|-supereffective|p1a: Ivan IV|1\n|-supereffective|p1b: Robespierre|1\n|-damage|p1a: Ivan IV|71/100\n|-damage|p1b: Robespierre|46/100\n|\n|-weather|Sandstorm|[upkeep]\n|-damage|p2b: Pelipper|9/100|[from] Sandstorm\n|-heal|p2a: Archaludon|92/100|[from] item: Leftovers\n|-sideend|p2: greetathunberg|move: Tailwind\n|upkeep\n|turn|7\n|\n|t:|1776101392\n|switch|p2b: Maushold|Maushold, L50|25/100\n|move|p1b: Robespierre|High Horsepower|p2a: Archaludon\n|-supereffective|p2a: Archaludon|1\n|-damage|p2a: Archaludon|58/100\n|-ability|p2a: Archaludon|Stamina|boost\n|-boost|p2a: Archaludon|def|1\n|move|p2a: Archaludon|Dragon Pulse|p1a: Ivan IV\n|-damage|p1a: Ivan IV|33/100\n|move|p1a: Ivan IV|Rock Slide|p2a: Archaludon|[spread] p2a,p2b\n|-resisted|p2a: Archaludon|1\n|-damage|p2a: Archaludon|55/100\n|-damage|p2b: Maushold|0 fnt\n|-ability|p2a: Archaludon|Stamina|boost\n|-boost|p2a: Archaludon|def|1\n|faint|p2b: Maushold\n|\n|-weather|Sandstorm|[upkeep]\n|-heal|p2a: Archaludon|60/100|[from] item: Leftovers\n|upkeep\n|\n|t:|1776101397\n|switch|p2b: Pelipper|Pelipper, L50, F|9/100\n|-weather|RainDance|[from] ability: Drizzle|[of] p2b: Pelipper\n|turn|8\n|-activate|p2b: Pelipper|item: Quick Claw\n|\n|t:|1776101432\n|move|p2b: Pelipper|Wide Guard|p2b: Pelipper\n|-singleturn|p2b: Pelipper|Wide Guard\n|move|p1b: Robespierre|Rock Slide|p2a: Archaludon|[spread] \n|-activate|p2a: Archaludon|move: Wide Guard\n|-activate|p2b: Pelipper|move: Wide Guard\n|move|p2a: Archaludon|Dragon Pulse|p1b: Robespierre\n|-resisted|p1b: Robespierre|1\n|-damage|p1b: Robespierre|0 fnt\n|faint|p1b: Robespierre\n|move|p1a: Ivan IV|Knock Off|p2a: Archaludon\n|-crit|p2a: Archaludon\n|-damage|p2a: Archaludon|0 fnt\n|-enditem|p2a: Archaludon|Leftovers|[from] move: Knock Off|[of] p1a: Ivan IV\n|faint|p2a: Archaludon\n|\n|-weather|RainDance|[upkeep]\n|upkeep\n|\n|t:|1776101449\n|switch|p1b: Theodora|Volcarona, L50, F|41/100\n|switch|p2a: Meganium|Meganium, L50, M|100/100\n|turn|9\n|-activate|p2b: Pelipper|item: Quick Claw\n|\n|t:|1776101486\n|move|p1a: Ivan IV|Protect|p1a: Ivan IV\n|-singleturn|p1a: Ivan IV|Protect\n|move|p2b: Pelipper|Wide Guard|p2b: Pelipper\n|-singleturn|p2b: Pelipper|Wide Guard\n|move|p1b: Theodora|Tailwind|p1b: Theodora\n|-sidestart|p1: Forbranna|move: Tailwind\n|move|p2a: Meganium|Weather Ball|p1b: Theodora\n|-supereffective|p1b: Theodora|1\n|-damage|p1b: Theodora|0 fnt\n|faint|p1b: Theodora\n|\n|-weather|RainDance|[upkeep]\n|upkeep\n|turn|10\n|\n|t:|1776101504\n|detailschange|p2a: Meganium|Meganium-Mega, L50, M\n|-mega|p2a: Meganium|Meganium|Meganiumite\n|move|p1a: Ivan IV|Ice Punch|p2a: Meganium\n|-supereffective|p2a: Meganium|1\n|-damage|p2a: Meganium|49/100\n|move|p2a: Meganium|Dazzling Gleam|p1a: Ivan IV\n|-supereffective|p1a: Ivan IV|1\n|-damage|p1a: Ivan IV|0 fnt\n|faint|p1a: Ivan IV\n|\n|win|greetathunberg\n|raw|Forbranna's rating: 1313 &rarr; <strong>1287</strong><br />(-26 for losing)\n|raw|greetathunberg's rating: 1213 &rarr; <strong>1245</strong><br />(+32 for winning)\n|l|\u2606Forbranna\n|player|p1|\n",
  "uploadtime": 1776101516,
  "views": 25,
  "formatid": "gen9championsvgc2026regma",
  "rating": 1245,
  "private": 0,
  "password": null
}