{
  "id": "gen9championsvgc2026regma-2587104941",
  "format": "[Gen 9 Champions] VGC 2026 Reg M-A",
  "players": [
    "nicothrobbin9",
    "BlackWu"
  ],
  "log": "|j|\u2606nicothrobbin9\n|j|\u2606BlackWu\n|t:|1776494053\n|gametype|doubles\n|player|p1|nicothrobbin9|dawn|1153\n|player|p2|BlackWu|101|1239\n|gen|9\n|tier|[Gen 9 Champions] VGC 2026 Reg M-A\n|rated|\n|rule|Species Clause: Limit one of each Pok\u00e9mon\n|rule|Item Clause: Limit 1 of each item\n|clearpoke\n|poke|p1|Venusaur, L50, F|\n|poke|p1|Whimsicott, L50, F|\n|poke|p1|Charizard, L50, F|\n|poke|p1|Sneasler, L50, M|\n|poke|p1|Garchomp, L50, M|\n|poke|p1|Incineroar, L50, F|\n|poke|p2|Sneasler, L50, F|\n|poke|p2|Gyarados, L50, M|\n|poke|p2|Sinistcha, L50|\n|poke|p2|Goodra-Hisui, L50, F|\n|poke|p2|Oranguru, L50, F|\n|poke|p2|Camerupt, L50, F|\n|teampreview|4\n|inactive|Battle timer is ON: inactive players will automatically lose when time's up. (requested by nicothrobbin9)\n|inactive|BlackWu also wants the timer to be on.\n|\n|t:|1776494111\n|teamsize|p1|4\n|teamsize|p2|4\n|start\n|switch|p1a: Charizard|Charizard, L50, F|100/100\n|switch|p1b: Whimsicott|Whimsicott, L50, F|100/100\n|switch|p2a: Sinistcha|Sinistcha, L50|100/100\n|switch|p2b: Oranguru|Oranguru, L50, F|100/100\n|turn|1\n|\n|t:|1776494132\n|switch|p2a: Camerupt|Camerupt, L50, F|100/100\n|detailschange|p1a: Charizard|Charizard-Mega-Y, L50, F\n|-mega|p1a: Charizard|Charizard|Charizardite Y\n|-weather|SunnyDay|[from] ability: Drought|[of] p1a: Charizard\n|move|p1b: Whimsicott|Moonblast|p2b: Oranguru\n|-damage|p2b: Oranguru|73/100\n|-unboost|p2b: Oranguru|spa|1\n|move|p1a: Charizard|Heat Wave|p2a: Camerupt|[spread] p2a\n|-miss|p1a: Charizard|p2b: Oranguru\n|-resisted|p2a: Camerupt|1\n|-damage|p2a: Camerupt|55/100\n|move|p2b: Oranguru|Trick Room|p2b: Oranguru\n|-fieldstart|move: Trick Room|[of] p2b: Oranguru\n|\n|-weather|SunnyDay|[upkeep]\n|upkeep\n|turn|2\n|inactive|nicothrobbin9 has 30 seconds left.\n|\n|t:|1776494158\n|detailschange|p2a: Camerupt|Camerupt-Mega, L50, F\n|-mega|p2a: Camerupt|Camerupt|Cameruptite\n|move|p1b: Whimsicott|Encore|p2b: Oranguru\n|-start|p2b: Oranguru|Encore\n|move|p2a: Camerupt|Heat Wave|p1a: Charizard|[spread] p1a,p1b\n|-resisted|p1a: Charizard|1\n|-supereffective|p1b: Whimsicott|1\n|-damage|p1a: Charizard|64/100\n|-enditem|p1b: Whimsicott|Focus Sash\n|-damage|p1b: Whimsicott|1/100\n|move|p1a: Charizard|Weather Ball|p2b: Oranguru\n|-damage|p2b: Oranguru|0 fnt\n|faint|p2b: Oranguru\n|\n|-weather|SunnyDay|[upkeep]\n|upkeep\n|\n|t:|1776494174\n|switch|p2b: Goodra|Goodra-Hisui, L50, F|100/100\n|turn|3\n|inactive|nicothrobbin9 has 30 seconds left.\n|inactive|nicothrobbin9 has 20 seconds left.\n|\n|t:|1776494212\n|move|p1b: Whimsicott|Encore|p2a: Camerupt\n|-start|p2a: Camerupt|Encore\n|move|p2a: Camerupt|Heat Wave|p1b: Whimsicott|[spread] p1a,p1b\n|-resisted|p1a: Charizard|1\n|-supereffective|p1b: Whimsicott|1\n|-damage|p1a: Charizard|22/100\n|-damage|p1b: Whimsicott|0 fnt\n|faint|p1b: Whimsicott\n|move|p2b: Goodra|Shelter|p2b: Goodra\n|-boost|p2b: Goodra|def|2\n|move|p1a: Charizard|Weather Ball|p2b: Goodra\n|-damage|p2b: Goodra|29/100\n|\n|-weather|SunnyDay|[upkeep]\n|-heal|p2b: Goodra|35/100|[from] item: Leftovers\n|upkeep\n|\n|t:|1776494230\n|switch|p1b: Garchomp|Garchomp, L50, M|100/100\n|turn|4\n|\n|t:|1776494243\n|move|p1a: Charizard|Protect|p1a: Charizard\n|-singleturn|p1a: Charizard|Protect\n|move|p1b: Garchomp|Protect|p1b: Garchomp\n|-singleturn|p1b: Garchomp|Protect\n|move|p2a: Camerupt|Heat Wave|p1b: Garchomp|[spread] \n|-activate|p1a: Charizard|move: Protect\n|-activate|p1b: Garchomp|move: Protect\n|move|p2b: Goodra|Body Press|p1b: Garchomp\n|-activate|p1b: Garchomp|move: Protect\n|\n|-weather|SunnyDay|[upkeep]\n|-heal|p2b: Goodra|41/100|[from] item: Leftovers\n|upkeep\n|turn|5\n|\n|t:|1776494258\n|switch|p1a: Incineroar|Incineroar, L50, F|100/100\n|-ability|p1a: Incineroar|Intimidate|boost\n|-unboost|p2a: Camerupt|atk|1\n|-unboost|p2b: Goodra|atk|1\n|move|p2a: Camerupt|Heat Wave|p1b: Garchomp|[spread] p1a,p1b\n|-resisted|p1a: Incineroar|1\n|-resisted|p1b: Garchomp|1\n|-damage|p1a: Incineroar|70/100\n|-damage|p1b: Garchomp|56/100\n|move|p2b: Goodra|Body Press|p1b: Garchomp\n|-damage|p1b: Garchomp|5/100\n|-damage|p2b: Goodra|29/100|[from] ability: Rough Skin|[of] p1b: Garchomp\n|move|p1b: Garchomp|Earthquake|p2b: Goodra|[spread] p1a,p2a,p2b\n|-supereffective|p1a: Incineroar|1\n|-supereffective|p2a: Camerupt|1\n|-supereffective|p2b: Goodra|1\n|-damage|p1a: Incineroar|0 fnt\n|-damage|p2a: Camerupt|0 fnt\n|-damage|p2b: Goodra|0 fnt\n|faint|p1a: Incineroar\n|faint|p2a: Camerupt\n|faint|p2b: Goodra\n|\n|-weather|none\n|-fieldend|move: Trick Room\n|upkeep\n|-message|BlackWu forfeited.\n|\n|win|nicothrobbin9\n|raw|nicothrobbin9's rating: 1153 &rarr; <strong>1184</strong><br />(+31 for winning)\n|raw|BlackWu's rating: 1239 &rarr; <strong>1208</strong><br />(-31 for losing)\n",
  "uploadtime": 1776494271,
  "views": 13,
  "formatid": "gen9championsvgc2026regma",
  "rating": 1184,
  "private": 0,
  "password": null
}