{
  "id": "gen9championsvgc2026regma-2582257466",
  "format": "[Gen 9 Champions] VGC 2026 Reg M-A",
  "players": [
    "Monument6",
    "jukasinjakudo"
  ],
  "log": "|j|\u2606Monument6\n|j|\u2606jukasinjakudo\n|t:|1776076913\n|gametype|doubles\n|player|p1|Monument6|169|1261\n|player|p2|jukasinjakudo|n|1161\n|gen|9\n|tier|[Gen 9 Champions] VGC 2026 Reg M-A\n|rated|\n|rule|Species Clause: Limit one of each Pok\u00e9mon\n|rule|Item Clause: Limit 1 of each item\n|clearpoke\n|poke|p1|Froslass, L50, F|\n|poke|p1|Kleavor, L50, F|\n|poke|p1|Incineroar, L50, F|\n|poke|p1|Aegislash, L50, M|\n|poke|p1|Sneasler, L50, M|\n|poke|p1|Whimsicott, L50, M|\n|poke|p2|Archaludon, L50, M|\n|poke|p2|Aegislash, L50, M|\n|poke|p2|Ninetales-Alola, L50, M|\n|poke|p2|Blastoise, L50, M|\n|poke|p2|Sinistcha, L50|\n|poke|p2|Sableye, L50, M|\n|teampreview|4\n|inactive|Battle timer is ON: inactive players will automatically lose when time's up. (requested by Monument6)\n|inactive|Monument6 has 60 seconds left.\n|inactive|jukasinjakudo has 60 seconds left.\n|\n|t:|1776076959\n|teamsize|p1|4\n|teamsize|p2|4\n|start\n|switch|p1a: Kleavor|Kleavor, L50, F|100/100\n|switch|p1b: Incineroar|Incineroar, L50, F|100/100\n|switch|p2a: Gi\u00e1 \u0110\u1ed7|Blastoise, L50, M|100/100\n|switch|p2b: Qu\u1ea5y R\u1ed1i|Sableye, L50, M|100/100\n|-ability|p1b: Incineroar|Intimidate|boost\n|-unboost|p2a: Gi\u00e1 \u0110\u1ed7|atk|1\n|-unboost|p2b: Qu\u1ea5y R\u1ed1i|atk|1\n|turn|1\n|inactive|Monument6 has 30 seconds left.\n|inactive|Monument6 has 20 seconds left.\n|\n|t:|1776076995\n|switch|p1b: Froslass|Froslass, L50, F|100/100\n|detailschange|p2a: Gi\u00e1 \u0110\u1ed7|Blastoise-Mega, L50, M\n|-mega|p2a: Gi\u00e1 \u0110\u1ed7|Blastoise|Blastoisinite\n|move|p2a: Gi\u00e1 \u0110\u1ed7|Protect|p2a: Gi\u00e1 \u0110\u1ed7\n|-singleturn|p2a: Gi\u00e1 \u0110\u1ed7|Protect\n|move|p2b: Qu\u1ea5y R\u1ed1i|Rain Dance|p2b: Qu\u1ea5y R\u1ed1i\n|-weather|RainDance\n|move|p1a: Kleavor|Stone Axe|p2b: Qu\u1ea5y R\u1ed1i\n|-damage|p2b: Qu\u1ea5y R\u1ed1i|41/100\n|-sidestart|p2: jukasinjakudo|move: Stealth Rock\n|\n|-weather|RainDance|[upkeep]\n|upkeep\n|turn|2\n|\n|t:|1776077018\n|move|p1b: Froslass|Protect|p1b: Froslass\n|-singleturn|p1b: Froslass|Protect\n|move|p2b: Qu\u1ea5y R\u1ed1i|Rain Dance||[still]\n|-fail|p2b: Qu\u1ea5y R\u1ed1i\n|move|p2a: Gi\u00e1 \u0110\u1ed7|Water Pulse|p1a: Kleavor\n|-supereffective|p1a: Kleavor|1\n|-enditem|p1a: Kleavor|Focus Sash\n|-damage|p1a: Kleavor|1/100\n|move|p1a: Kleavor|U-turn|p2b: Qu\u1ea5y R\u1ed1i\n|-damage|p2b: Qu\u1ea5y R\u1ed1i|0 fnt\n|faint|p2b: Qu\u1ea5y R\u1ed1i\n|\n|t:|1776077035\n|switch|p1a: Whimsicott|Whimsicott, L50, M|100/100|[from] U-turn\n|\n|-weather|RainDance|[upkeep]\n|upkeep\n|\n|t:|1776077039\n|switch|p2b: \u0110\u1ee9c Non|Aegislash, L50, M|100/100\n|-damage|p2b: \u0110\u1ee9c Non|95/100|[from] Stealth Rock\n|turn|3\n|\n|t:|1776077058\n|switch|p2a: B\u01b0ng N\u01b0\u1edbc|Sinistcha, L50|100/100\n|-damage|p2a: B\u01b0ng N\u01b0\u1edbc|88/100|[from] Stealth Rock\n|-heal|p2b: \u0110\u1ee9c Non|100/100|[from] ability: Hospitality|[of] p2a: B\u01b0ng N\u01b0\u1edbc\n|detailschange|p1b: Froslass|Froslass-Mega, L50, F\n|-mega|p1b: Froslass|Froslass|Froslassite\n|-weather|Snowscape|[from] ability: Snow Warning|[of] p1b: Froslass\n|move|p1a: Whimsicott|Encore||[still]\n|-fail|p1a: Whimsicott\n|move|p1b: Froslass|Aurora Veil|p1b: Froslass\n|-sidestart|p1: Monument6|move: Aurora Veil\n|-formechange|p2b: \u0110\u1ee9c Non|Aegislash-Blade|\n|move|p2b: \u0110\u1ee9c Non|Poltergeist|p1b: Froslass\n|-activate|p1b: Froslass|move: Poltergeist|Froslassite\n|-supereffective|p1b: Froslass|1\n|-damage|p1b: Froslass|30/100\n|\n|-weather|Snowscape|[upkeep]\n|upkeep\n|turn|4\n|inactive|Monument6 has 30 seconds left.\n|inactive|jukasinjakudo has 30 seconds left.\n|inactive|jukasinjakudo has 20 seconds left.\n|inactive|jukasinjakudo has 15 seconds left.\n|\n|t:|1776077100\n|switch|p1a: Incineroar|Incineroar, L50, F|100/100\n|-ability|p1a: Incineroar|Intimidate|boost\n|-unboost|p2a: B\u01b0ng N\u01b0\u1edbc|atk|1\n|-unboost|p2b: \u0110\u1ee9c Non|atk|1\n|switch|p2b: Gi\u00e1 \u0110\u1ed7|Blastoise-Mega, L50, M|100/100\n|-damage|p2b: Gi\u00e1 \u0110\u1ed7|88/100|[from] Stealth Rock\n|move|p1b: Froslass|Protect|p1b: Froslass\n|-singleturn|p1b: Froslass|Protect\n|move|p2a: B\u01b0ng N\u01b0\u1edbc|Trick Room|p2a: B\u01b0ng N\u01b0\u1edbc\n|-fieldstart|move: Trick Room|[of] p2a: B\u01b0ng N\u01b0\u1edbc\n|\n|-weather|Snowscape|[upkeep]\n|upkeep\n|turn|5\n|inactive|jukasinjakudo has 30 seconds left.\n|\n|t:|1776077132\n|switch|p1b: Whimsicott|Whimsicott, L50, M|100/100\n|move|p2b: Gi\u00e1 \u0110\u1ed7|Protect|p2b: Gi\u00e1 \u0110\u1ed7\n|-singleturn|p2b: Gi\u00e1 \u0110\u1ed7|Protect\n|move|p1a: Incineroar|Fake Out|p2b: Gi\u00e1 \u0110\u1ed7\n|-activate|p2b: Gi\u00e1 \u0110\u1ed7|move: Protect\n|move|p2a: B\u01b0ng N\u01b0\u1edbc|Life Dew|p2a: B\u01b0ng N\u01b0\u1edbc|[spread] p2a,p2b\n|-heal|p2a: B\u01b0ng N\u01b0\u1edbc|100/100\n|-heal|p2b: Gi\u00e1 \u0110\u1ed7|100/100\n|\n|-weather|Snowscape|[upkeep]\n|upkeep\n|turn|6\n|\n|t:|1776077149\n|switch|p2b: \u0110\u1ee9c Non|Aegislash, L50, M|100/100\n|-damage|p2b: \u0110\u1ee9c Non|95/100|[from] Stealth Rock\n|move|p1b: Whimsicott|Encore||[still]\n|-fail|p1b: Whimsicott\n|move|p2a: B\u01b0ng N\u01b0\u1edbc|Matcha Gotcha|p1a: Incineroar|[spread] p1a,p1b\n|-resisted|p1a: Incineroar|1\n|-resisted|p1b: Whimsicott|1\n|-damage|p1a: Incineroar|94/100\n|-damage|p1b: Whimsicott|91/100\n|move|p1a: Incineroar|Flare Blitz|p2a: B\u01b0ng N\u01b0\u1edbc\n|-supereffective|p2a: B\u01b0ng N\u01b0\u1edbc|1\n|-damage|p2a: B\u01b0ng N\u01b0\u1edbc|8/100\n|-enditem|p2a: B\u01b0ng N\u01b0\u1edbc|Sitrus Berry|[eat]\n|-heal|p2a: B\u01b0ng N\u01b0\u1edbc|33/100|[from] item: Sitrus Berry\n|-damage|p1a: Incineroar|65/100|[from] Recoil\n|\n|-weather|Snowscape|[upkeep]\n|upkeep\n|turn|7\n|inactive|Monument6 has 30 seconds left.\n|inactive|jukasinjakudo has 30 seconds left.\n|inactive|Monument6 has 20 seconds left.\n|\n|t:|1776077187\n|switch|p2a: Gi\u00e1 \u0110\u1ed7|Blastoise-Mega, L50, M|100/100\n|-damage|p2a: Gi\u00e1 \u0110\u1ed7|88/100|[from] Stealth Rock\n|move|p1b: Whimsicott|Protect|p1b: Whimsicott\n|-singleturn|p1b: Whimsicott|Protect\n|move|p2b: \u0110\u1ee9c Non|Swords Dance|p2b: \u0110\u1ee9c Non\n|-boost|p2b: \u0110\u1ee9c Non|atk|2\n|move|p1a: Incineroar|Flare Blitz|p2b: \u0110\u1ee9c Non\n|-supereffective|p2b: \u0110\u1ee9c Non|1\n|-enditem|p2b: \u0110\u1ee9c Non|Occa Berry|[eat]\n|-enditem|p2b: \u0110\u1ee9c Non|Occa Berry|[weaken]\n|-damage|p2b: \u0110\u1ee9c Non|58/100\n|-damage|p1a: Incineroar|54/100|[from] Recoil\n|\n|-weather|none\n|-sideend|p1: Monument6|move: Aurora Veil\n|upkeep\n|turn|8\n|inactive|Monument6 has 30 seconds left.\n|inactive|jukasinjakudo has 30 seconds left.\n|\n|t:|1776077218\n|switch|p1a: Kleavor|Kleavor, L50, F|1/100\n|move|p2b: \u0110\u1ee9c Non|King's Shield|p2b: \u0110\u1ee9c Non\n|-singleturn|p2b: \u0110\u1ee9c Non|Protect\n|move|p1b: Whimsicott|Encore|p2b: \u0110\u1ee9c Non\n|-start|p2b: \u0110\u1ee9c Non|Encore\n|move|p2a: Gi\u00e1 \u0110\u1ed7|Water Pulse|p1a: Kleavor\n|-supereffective|p1a: Kleavor|1\n|-damage|p1a: Kleavor|0 fnt\n|faint|p1a: Kleavor\n|\n|-fieldend|move: Trick Room\n|upkeep\n|\n|t:|1776077234\n|switch|p1a: Froslass|Froslass-Mega, L50, F|30/100\n|-weather|Snowscape|[from] ability: Snow Warning|[of] p1a: Froslass\n|turn|9\n|\n|t:|1776077247\n|switch|p2b: B\u01b0ng N\u01b0\u1edbc|Sinistcha, L50|33/100\n|-damage|p2b: B\u01b0ng N\u01b0\u1edbc|21/100|[from] Stealth Rock\n|-heal|p2a: Gi\u00e1 \u0110\u1ed7|100/100|[from] ability: Hospitality|[of] p2b: B\u01b0ng N\u01b0\u1edbc\n|move|p1b: Whimsicott|Encore|p2a: Gi\u00e1 \u0110\u1ed7\n|-start|p2a: Gi\u00e1 \u0110\u1ed7|Encore\n|move|p1a: Froslass|Shadow Ball|p2a: Gi\u00e1 \u0110\u1ed7\n|-damage|p2a: Gi\u00e1 \u0110\u1ed7|63/100\n|move|p2a: Gi\u00e1 \u0110\u1ed7|Water Pulse|p1b: Whimsicott\n|-resisted|p1b: Whimsicott|1\n|-damage|p1b: Whimsicott|62/100\n|\n|-weather|Snowscape|[upkeep]\n|upkeep\n|turn|10\n|inactive|Monument6 has 30 seconds left.\n|\n|t:|1776077280\n|move|p2b: B\u01b0ng N\u01b0\u1edbc|Rage Powder|p2b: B\u01b0ng N\u01b0\u1edbc\n|-singleturn|p2b: B\u01b0ng N\u01b0\u1edbc|move: Rage Powder\n|move|p1a: Froslass|Shadow Ball|p2b: B\u01b0ng N\u01b0\u1edbc\n|-supereffective|p2b: B\u01b0ng N\u01b0\u1edbc|1\n|-damage|p2b: B\u01b0ng N\u01b0\u1edbc|0 fnt\n|faint|p2b: B\u01b0ng N\u01b0\u1edbc\n|move|p1b: Whimsicott|Moonblast|p2a: Gi\u00e1 \u0110\u1ed7\n|-damage|p2a: Gi\u00e1 \u0110\u1ed7|38/100\n|move|p2a: Gi\u00e1 \u0110\u1ed7|Water Pulse|p1a: Froslass\n|-damage|p1a: Froslass|0 fnt\n|faint|p1a: Froslass\n|\n|-weather|Snowscape|[upkeep]\n|upkeep\n|\n|t:|1776077292\n|switch|p1a: Incineroar|Incineroar, L50, F|54/100\n|switch|p2b: \u0110\u1ee9c Non|Aegislash, L50, M|58/100\n|-ability|p1a: Incineroar|Intimidate|boost\n|-unboost|p2a: Gi\u00e1 \u0110\u1ed7|atk|1\n|-unboost|p2b: \u0110\u1ee9c Non|atk|1\n|-damage|p2b: \u0110\u1ee9c Non|52/100|[from] Stealth Rock\n|turn|11\n|\n|t:|1776077317\n|move|p1a: Incineroar|Fake Out|p2a: Gi\u00e1 \u0110\u1ed7\n|-damage|p2a: Gi\u00e1 \u0110\u1ed7|28/100\n|move|p1b: Whimsicott|Moonblast|p2a: Gi\u00e1 \u0110\u1ed7\n|-damage|p2a: Gi\u00e1 \u0110\u1ed7|2/100\n|cant|p2a: Gi\u00e1 \u0110\u1ed7|flinch\n|-formechange|p2b: \u0110\u1ee9c Non|Aegislash-Blade|\n|move|p2b: \u0110\u1ee9c Non|Poltergeist|p1b: Whimsicott\n|-activate|p1b: Whimsicott|move: Poltergeist|Mental Herb\n|-damage|p1b: Whimsicott|13/100\n|\n|-weather|Snowscape|[upkeep]\n|-end|p2a: Gi\u00e1 \u0110\u1ed7|Encore\n|upkeep\n|turn|12\n|\n|t:|1776077336\n|move|p2a: Gi\u00e1 \u0110\u1ed7|Protect|p2a: Gi\u00e1 \u0110\u1ed7\n|-singleturn|p2a: Gi\u00e1 \u0110\u1ed7|Protect\n|move|p2b: \u0110\u1ee9c Non|Shadow Sneak|p1b: Whimsicott\n|-damage|p1b: Whimsicott|0 fnt\n|faint|p1b: Whimsicott\n|move|p1a: Incineroar|Flare Blitz|p2b: \u0110\u1ee9c Non\n|-supereffective|p2b: \u0110\u1ee9c Non|1\n|-damage|p2b: \u0110\u1ee9c Non|0 fnt\n|faint|p2b: \u0110\u1ee9c Non\n|-damage|p1a: Incineroar|40/100|[from] Recoil\n|-enditem|p1a: Incineroar|Sitrus Berry|[eat]\n|-heal|p1a: Incineroar|65/100|[from] item: Sitrus Berry\n|\n|-weather|Snowscape|[upkeep]\n|upkeep\n|turn|13\n|\n|t:|1776077346\n|move|p2a: Gi\u00e1 \u0110\u1ed7|Water Pulse|p1a: Incineroar\n|-supereffective|p1a: Incineroar|1\n|-damage|p1a: Incineroar|0 fnt\n|faint|p1a: Incineroar\n|\n|win|jukasinjakudo\n|raw|Monument6's rating: 1261 &rarr; <strong>1229</strong><br />(-32 for losing)\n|raw|jukasinjakudo's rating: 1161 &rarr; <strong>1193</strong><br />(+32 for winning)\n",
  "uploadtime": 1776077351,
  "views": 24,
  "formatid": "gen9championsvgc2026regma",
  "rating": 1193,
  "private": 0,
  "password": null
}