{
  "id": "gen9championsvgc2026regma-2588957525",
  "format": "[Gen 9 Champions] VGC 2026 Reg M-A",
  "players": [
    "SirNeru",
    "s116"
  ],
  "log": "|j|\u2606SirNeru\n|j|\u2606s116\n|t:|1776689414\n|gametype|doubles\n|player|p1|SirNeru|101|1218\n|player|p2|s116|dawn|1315\n|gen|9\n|tier|[Gen 9 Champions] VGC 2026 Reg M-A\n|rated|\n|rule|Species Clause: Limit one of each Pok\u00e9mon\n|rule|Item Clause: Limit 1 of each item\n|clearpoke\n|poke|p1|Tsareena, L50, F, shiny|\n|poke|p1|Blastoise, L50, M, shiny|\n|poke|p1|Pelipper, L50, F, shiny|\n|poke|p1|Aerodactyl, L50, M|\n|poke|p1|Gallade, L50, M, shiny|\n|poke|p1|Sinistcha-Masterpiece, L50|\n|poke|p2|Gengar, L50, F|\n|poke|p2|Maushold-Four, L50|\n|poke|p2|Basculegion, L50, M|\n|poke|p2|Archaludon, L50, M|\n|poke|p2|Hawlucha, L50, F|\n|poke|p2|Pelipper, L50, M|\n|teampreview|4\n|inactive|Battle timer is ON: inactive players will automatically lose when time's up. (requested by SirNeru)\n|\n|t:|1776689444\n|teamsize|p1|4\n|teamsize|p2|4\n|start\n|switch|p1a: Pelipper|Pelipper, L50, F, shiny|100/100\n|switch|p1b: Sinistcha|Sinistcha-Masterpiece, L50|100/100\n|switch|p2a: Gengar|Gengar, L50, F|100/100\n|switch|p2b: Maushold|Maushold-Four, L50|100/100\n|-weather|RainDance|[from] ability: Drizzle|[of] p1a: Pelipper\n|turn|1\n|\n|t:|1776689464\n|detailschange|p2a: Gengar|Gengar-Mega, L50, F\n|-mega|p2a: Gengar|Gengar|Gengarite\n|move|p2b: Maushold|Follow Me|p2b: Maushold\n|-singleturn|p2b: Maushold|move: Follow Me\n|move|p1b: Sinistcha|Rage Powder|p1b: Sinistcha\n|-singleturn|p1b: Sinistcha|move: Rage Powder\n|move|p2a: Gengar|Shadow Ball|p1b: Sinistcha\n|-supereffective|p1b: Sinistcha|1\n|-damage|p1b: Sinistcha|0 fnt\n|faint|p1b: Sinistcha\n|move|p1a: Pelipper|Tailwind|p1a: Pelipper\n|-sidestart|p1: SirNeru|move: Tailwind\n|\n|-weather|RainDance|[upkeep]\n|upkeep\n|\n|t:|1776689473\n|switch|p1b: Blastoise|Blastoise, L50, M, shiny|100/100\n|turn|2\n|inactive|s116 has 30 seconds left.\n|\n|t:|1776689506\n|detailschange|p1b: Blastoise|Blastoise-Mega, L50, M, shiny\n|-mega|p1b: Blastoise|Blastoise|Blastoisinite\n|move|p2a: Gengar|Protect|p2a: Gengar\n|-singleturn|p2a: Gengar|Protect\n|move|p2b: Maushold|Protect|p2b: Maushold\n|-singleturn|p2b: Maushold|Protect\n|move|p1b: Blastoise|Shell Smash|p1b: Blastoise\n|-unboost|p1b: Blastoise|def|1\n|-unboost|p1b: Blastoise|spd|1\n|-boost|p1b: Blastoise|atk|2\n|-boost|p1b: Blastoise|spa|2\n|-boost|p1b: Blastoise|spe|2\n|move|p1a: Pelipper|Hurricane|p2a: Gengar\n|-activate|p2a: Gengar|move: Protect\n|\n|-weather|RainDance|[upkeep]\n|upkeep\n|turn|3\n|inactive|s116 has 30 seconds left.\n|inactive|s116 has 20 seconds left.\n|inactive|s116 has 15 seconds left.\n|inactive|s116 has 10 seconds left.\n|inactive|s116 has 5 seconds left.\n|\n|t:|1776689556\n|move|p2a: Gengar|Protect||[still]\n|-fail|p2a: Gengar\n|move|p2b: Maushold|Protect||[still]\n|-fail|p2b: Maushold\n|move|p1b: Blastoise|Water Spout|p2b: Maushold|[spread] p2a,p2b\n|-damage|p2a: Gengar|0 fnt\n|-enditem|p2b: Maushold|Focus Sash\n|-damage|p2b: Maushold|1/100\n|faint|p2a: Gengar\n|move|p1a: Pelipper|Hurricane|p2b: Maushold\n|-damage|p2b: Maushold|0 fnt\n|faint|p2b: Maushold\n|\n|-weather|RainDance|[upkeep]\n|upkeep\n|\n|t:|1776689572\n|switch|p2a: Basculegion|Basculegion, L50, M|100/100\n|switch|p2b: Archaludon|Archaludon, L50, M|100/100\n|turn|4\n|inactive|s116 has 30 seconds left.\n|\n|t:|1776689598\n|move|p2b: Archaludon|Protect|p2b: Archaludon\n|-singleturn|p2b: Archaludon|Protect\n|move|p1b: Blastoise|Water Spout|p2b: Archaludon|[spread] p2a\n|-activate|p2b: Archaludon|move: Protect\n|-resisted|p2a: Basculegion|1\n|-damage|p2a: Basculegion|1/100\n|move|p2a: Basculegion|Psychic Fangs|p1b: Blastoise\n|-damage|p1b: Blastoise|61/100\n|move|p1a: Pelipper|Hurricane|p2a: Basculegion\n|-damage|p2a: Basculegion|0 fnt\n|faint|p2a: Basculegion\n|\n|-weather|RainDance|[upkeep]\n|-sideend|p1: SirNeru|move: Tailwind\n|upkeep\n|turn|5\n|\n|t:|1776689614\n|move|p1b: Blastoise|Water Spout|p2b: Archaludon\n|-resisted|p2b: Archaludon|1\n|-damage|p2b: Archaludon|5/100\n|-ability|p2b: Archaludon|Stamina|boost\n|-boost|p2b: Archaludon|def|1\n|move|p1a: Pelipper|Tailwind|p1a: Pelipper\n|-sidestart|p1: SirNeru|move: Tailwind\n|move|p2b: Archaludon|Electro Shot||[still]\n|-prepare|p2b: Archaludon|Electro Shot\n|-boost|p2b: Archaludon|spa|1\n|-anim|p2b: Archaludon|Electro Shot|p1b: Blastoise\n|-supereffective|p1b: Blastoise|1\n|-damage|p1b: Blastoise|0 fnt\n|faint|p1b: Blastoise\n|\n|-weather|none\n|-heal|p2b: Archaludon|11/100|[from] item: Leftovers\n|upkeep\n|\n|t:|1776689617\n|switch|p1b: Gallade|Gallade, L50, M, shiny|100/100\n|turn|6\n|-message|s116 forfeited.\n|\n|win|SirNeru\n|raw|SirNeru's rating: 1218 &rarr; <strong>1250</strong><br />(+32 for winning)\n|raw|s116's rating: 1315 &rarr; <strong>1290</strong><br />(-25 for losing)\n|l|\u2606s116\n|player|p2|\n",
  "uploadtime": 1776689633,
  "views": 9,
  "formatid": "gen9championsvgc2026regma",
  "rating": 1250,
  "private": 0,
  "password": null
}