{
  "id": "gen9championsvgc2026regma-2585873503",
  "format": "[Gen 9 Champions] VGC 2026 Reg M-A",
  "players": [
    "Roxaslord",
    "wtfispayday2"
  ],
  "log": "|j|\u2606Roxaslord\n|j|\u2606wtfispayday2\n|t:|1776377353\n|gametype|doubles\n|player|p1|Roxaslord|101|1066\n|player|p2|wtfispayday2|olivia|1113\n|gen|9\n|tier|[Gen 9 Champions] VGC 2026 Reg M-A\n|rated|\n|rule|Species Clause: Limit one of each Pok\u00e9mon\n|rule|Item Clause: Limit 1 of each item\n|clearpoke\n|poke|p1|Archaludon, L50, F|\n|poke|p1|Kangaskhan, L50, F|\n|poke|p1|Meganium, L50, F|\n|poke|p1|Tauros-Paldea-Aqua, L50, M|\n|poke|p1|Aerodactyl, L50, F|\n|poke|p1|Typhlosion-Hisui, L50, M|\n|poke|p2|Gengar, L50, M|\n|poke|p2|Incineroar, L50, F|\n|poke|p2|Sinistcha, L50|\n|poke|p2|Kingambit, L50, F|\n|poke|p2|Kommo-o, L50, M|\n|poke|p2|Altaria, L50, F|\n|teampreview|4\n|inactive|Battle timer is ON: inactive players will automatically lose when time's up. (requested by Roxaslord)\n|\n|t:|1776377411\n|teamsize|p1|4\n|teamsize|p2|4\n|start\n|switch|p1a: Meganium|Meganium, L50, F, shiny|100/100\n|switch|p1b: Kangaskhan|Kangaskhan, L50, F, shiny|100/100\n|switch|p2a: Incineroar|Incineroar, L50, F|100/100\n|switch|p2b: Gengar|Gengar, L50, M|100/100\n|-ability|p2a: Incineroar|Intimidate|boost\n|-unboost|p1a: Meganium|atk|1\n|-fail|p1b: Kangaskhan|unboost|Attack|[from] ability: Inner Focus|[of] p1b: Kangaskhan\n|turn|1\n|inactive|Roxaslord has 30 seconds left.\n|\n|t:|1776377438\n|detailschange|p2b: Gengar|Gengar-Mega, L50, M\n|-mega|p2b: Gengar|Gengar|Gengarite\n|detailschange|p1a: Meganium|Meganium-Mega, L50, F, shiny\n|-mega|p1a: Meganium|Meganium|Meganiumite\n|move|p1b: Kangaskhan|Fake Out|p2a: Incineroar\n|-damage|p2a: Incineroar|84/100\n|cant|p2a: Incineroar|flinch\n|move|p2b: Gengar|Perish Song|p2b: Gengar\n|-start|p1a: Meganium|perish3|[silent]\n|-start|p1b: Kangaskhan|perish3|[silent]\n|-start|p2a: Incineroar|perish3|[silent]\n|-start|p2b: Gengar|perish3|[silent]\n|-fieldactivate|move: Perish Song\n|move|p1a: Meganium|Weather Ball|p2b: Gengar\n|-damage|p2b: Gengar|28/100\n|\n|-start|p2b: Gengar|perish3\n|-start|p1b: Kangaskhan|perish3\n|-start|p1a: Meganium|perish3\n|-start|p2a: Incineroar|perish3\n|upkeep\n|turn|2\n|inactive|Roxaslord has 30 seconds left.\n|\n|t:|1776377465\n|move|p1b: Kangaskhan|Sucker Punch||[still]\n|-fail|p1b: Kangaskhan\n|move|p2b: Gengar|Substitute|p2b: Gengar\n|-start|p2b: Gengar|Substitute\n|-damage|p2b: Gengar|3/100\n|move|p1a: Meganium|Dazzling Gleam|p2a: Incineroar|[spread] p2a,p2b\n|-resisted|p2b: Gengar|1\n|-crit|p2b: Gengar\n|-end|p2b: Gengar|Substitute\n|-damage|p2a: Incineroar|51/100\n|move|p2a: Incineroar|Parting Shot|p1a: Meganium\n|-unboost|p1a: Meganium|atk|1\n|-unboost|p1a: Meganium|spa|1\n|\n|t:|1776377472\n|switch|p2a: Sinistcha|Sinistcha, L50|100/100|[from] Parting Shot\n|-heal|p2b: Gengar|28/100|[from] ability: Hospitality|[of] p2a: Sinistcha\n|\n|-start|p2b: Gengar|perish2\n|-start|p1b: Kangaskhan|perish2\n|-start|p1a: Meganium|perish2\n|upkeep\n|turn|3\n|\n|t:|1776377495\n|move|p2b: Gengar|Protect|p2b: Gengar\n|-singleturn|p2b: Gengar|Protect\n|move|p1b: Kangaskhan|Sucker Punch||[still]\n|-fail|p1b: Kangaskhan\n|move|p1a: Meganium|Weather Ball|p2a: Sinistcha\n|-supereffective|p2a: Sinistcha|1\n|-damage|p2a: Sinistcha|4/100\n|move|p2a: Sinistcha|Life Dew|p2a: Sinistcha|[spread] p2a,p2b\n|-heal|p2a: Sinistcha|29/100\n|-heal|p2b: Gengar|53/100\n|\n|-start|p2b: Gengar|perish1\n|-start|p1b: Kangaskhan|perish1\n|-start|p1a: Meganium|perish1\n|upkeep\n|turn|4\n|inactive|Roxaslord has 30 seconds left.\n|\n|t:|1776377525\n|switch|p2b: Incineroar|Incineroar, L50, F|51/100\n|-ability|p2b: Incineroar|Intimidate|boost\n|-unboost|p1a: Meganium|atk|1\n|-fail|p1b: Kangaskhan|unboost|Attack|[from] ability: Inner Focus|[of] p1b: Kangaskhan\n|move|p2a: Sinistcha|Protect|p2a: Sinistcha\n|-singleturn|p2a: Sinistcha|Protect\n|move|p1b: Kangaskhan|Double-Edge|p2b: Incineroar\n|-crit|p2b: Incineroar\n|-damage|p2b: Incineroar|0 fnt\n|faint|p2b: Incineroar\n|-damage|p1b: Kangaskhan|82/100|[from] Recoil\n|move|p1a: Meganium|Dazzling Gleam|p2a: Sinistcha\n|-activate|p2a: Sinistcha|move: Protect\n|\n|-start|p1b: Kangaskhan|perish0\n|-start|p1a: Meganium|perish0\n|faint|p1b: Kangaskhan\n|faint|p1a: Meganium\n|upkeep\n|\n|t:|1776377545\n|switch|p1b: Aerodactyl|Aerodactyl, L50, F, shiny|100/100\n|switch|p1a: Typhlosion|Typhlosion-Hisui, L50, M, shiny|100/100\n|switch|p2b: Gengar|Gengar-Mega, L50, M|53/100\n|-ability|p1b: Aerodactyl|Unnerve\n|-item|p2a: Sinistcha|Yache Berry|[from] ability: Frisk|[of] p1a: Typhlosion\n|-item|p2b: Gengar|Gengarite|[from] ability: Frisk|[of] p1a: Typhlosion\n|turn|5\n|\n|t:|1776377566\n|move|p2a: Sinistcha|Rage Powder|p2a: Sinistcha\n|-singleturn|p2a: Sinistcha|move: Rage Powder\n|move|p1a: Typhlosion|Heat Wave|p2a: Sinistcha|[spread] p2a\n|-miss|p1a: Typhlosion|p2b: Gengar\n|-supereffective|p2a: Sinistcha|1\n|-damage|p2a: Sinistcha|0 fnt\n|faint|p2a: Sinistcha\n|move|p2b: Gengar|Shadow Ball|p1a: Typhlosion\n|-supereffective|p1a: Typhlosion|1\n|-damage|p1a: Typhlosion|0 fnt\n|faint|p1a: Typhlosion\n|move|p1b: Aerodactyl|Rock Slide|p2b: Gengar\n|-crit|p2b: Gengar\n|-damage|p2b: Gengar|0 fnt\n|faint|p2b: Gengar\n|\n|upkeep\n|\n|t:|1776377579\n|switch|p2b: Kommo-o|Kommo-o, L50, M|100/100\n|turn|6\n|\n|t:|1776377587\n|move|p1b: Aerodactyl|Protect|p1b: Aerodactyl\n|-singleturn|p1b: Aerodactyl|Protect\n|move|p2b: Kommo-o|Breaking Swipe|p1b: Aerodactyl\n|-activate|p1b: Aerodactyl|move: Protect\n|\n|upkeep\n|turn|7\n|\n|t:|1776377600\n|move|p1b: Aerodactyl|Rock Slide|p2b: Kommo-o\n|-resisted|p2b: Kommo-o|1\n|-damage|p2b: Kommo-o|90/100\n|cant|p2b: Kommo-o|flinch\n|\n|-heal|p2b: Kommo-o|96/100|[from] item: Leftovers\n|upkeep\n|turn|8\n|\n|t:|1776377611\n|move|p1b: Aerodactyl|Dual Wingbeat|p2b: Kommo-o\n|-supereffective|p2b: Kommo-o|1\n|-damage|p2b: Kommo-o|74/100\n|-supereffective|p2b: Kommo-o|1\n|-damage|p2b: Kommo-o|48/100\n|-hitcount|p2b: Kommo-o|2\n|move|p2b: Kommo-o|Breaking Swipe|p1b: Aerodactyl\n|-damage|p1b: Aerodactyl|70/100\n|-unboost|p1b: Aerodactyl|atk|1\n|\n|-heal|p2b: Kommo-o|54/100|[from] item: Leftovers\n|upkeep\n|turn|9\n|\n|t:|1776377624\n|move|p2b: Kommo-o|Protect|p2b: Kommo-o\n|-singleturn|p2b: Kommo-o|Protect\n|move|p1b: Aerodactyl|Dual Wingbeat|p2b: Kommo-o\n|-activate|p2b: Kommo-o|move: Protect\n|\n|-heal|p2b: Kommo-o|60/100|[from] item: Leftovers\n|upkeep\n|turn|10\n|\n|t:|1776377639\n|move|p1b: Aerodactyl|Dual Wingbeat|p2b: Kommo-o\n|-supereffective|p2b: Kommo-o|1\n|-damage|p2b: Kommo-o|45/100\n|-supereffective|p2b: Kommo-o|1\n|-damage|p2b: Kommo-o|27/100\n|-hitcount|p2b: Kommo-o|2\n|move|p2b: Kommo-o|Body Press|p1b: Aerodactyl\n|-damage|p1b: Aerodactyl|0 fnt\n|faint|p1b: Aerodactyl\n|\n|win|wtfispayday2\n|raw|Roxaslord's rating: 1066 &rarr; <strong>1050</strong><br />(-16 for losing)\n|raw|wtfispayday2's rating: 1134 &rarr; <strong>1154</strong><br />(+20 for winning)\n|l|\u2606Roxaslord\n|player|p1|\n",
  "uploadtime": 1776377775,
  "views": 19,
  "formatid": "gen9championsvgc2026regma",
  "rating": 1050,
  "private": 0,
  "password": null
}