{
  "id": "gen9championsvgc2026regma-2585882032",
  "format": "[Gen 9 Champions] VGC 2026 Reg M-A",
  "players": [
    "ferenainexi",
    "galisto"
  ],
  "log": "|j|\u2606ferenainexi\n|j|\u2606galisto\n|t:|1776378080\n|gametype|doubles\n|player|p1|ferenainexi|scientistf|1159\n|player|p2|galisto|cheryl|1107\n|gen|9\n|tier|[Gen 9 Champions] VGC 2026 Reg M-A\n|rated|\n|rule|Species Clause: Limit one of each Pok\u00e9mon\n|rule|Item Clause: Limit 1 of each item\n|clearpoke\n|poke|p1|Heracross, L50, F|\n|poke|p1|Vivillon, L50, M|\n|poke|p1|Kleavor, L50, M|\n|poke|p1|Clawitzer, L50, M|\n|poke|p1|Scizor, L50, M|\n|poke|p1|Beedrill, L50, M|\n|poke|p2|Excadrill, L50, M|\n|poke|p2|Tyranitar, L50, M|\n|poke|p2|Meganium, L50, F|\n|poke|p2|Dragapult, L50, F|\n|poke|p2|Sneasler, L50, M|\n|poke|p2|Rotom-Wash, L50|\n|teampreview|4\n|inactive|Battle timer is ON: inactive players will automatically lose when time's up. (requested by galisto)\n|c|\u2606galisto|glhf\n|inactive|ferenainexi has 60 seconds left.\n|\n|t:|1776378145\n|teamsize|p1|4\n|teamsize|p2|4\n|start\n|switch|p1a: Not Butterfree|Vivillon, L50, M|100/100\n|switch|p1b: Rajo|Scizor, L50, M|100/100\n|switch|p2a: Meganium|Meganium, L50, F|100/100\n|switch|p2b: Sneasler|Sneasler, L50, M|100/100\n|-ability|p2b: Sneasler|Pressure\n|turn|1\n|inactive|galisto has 30 seconds left.\n|inactive|ferenainexi has 30 seconds left.\n|\n|t:|1776378183\n|detailschange|p2a: Meganium|Meganium-Mega, L50, F\n|-mega|p2a: Meganium|Meganium|Meganiumite\n|detailschange|p1b: Rajo|Scizor-Mega, L50, M\n|-mega|p1b: Rajo|Scizor|Scizorite\n|move|p1a: Not Butterfree|Protect|p1a: Not Butterfree\n|-singleturn|p1a: Not Butterfree|Protect\n|move|p2b: Sneasler|Fake Out|p1b: Rajo\n|-resisted|p1b: Rajo|1\n|-damage|p1b: Rajo|97/100\n|move|p2a: Meganium|Weather Ball|p1a: Not Butterfree\n|-activate|p1a: Not Butterfree|move: Protect\n|cant|p1b: Rajo|flinch\n|\n|upkeep\n|turn|2\n|inactive|ferenainexi has 30 seconds left.\n|\n|t:|1776378210\n|switch|p2b: Tyranitar|Tyranitar, L50, M|100/100\n|-weather|Sandstorm|[from] ability: Sand Stream|[of] p2b: Tyranitar\n|move|p1b: Rajo|Bullet Punch|p2a: Meganium\n|-supereffective|p2a: Meganium|1\n|-damage|p2a: Meganium|48/100\n|move|p1a: Not Butterfree|Hurricane|p2a: Meganium\n|-supereffective|p2a: Meganium|1\n|-damage|p2a: Meganium|0 fnt\n|faint|p2a: Meganium\n|\n|-weather|Sandstorm|[upkeep]\n|-damage|p1a: Not Butterfree|95/100|[from] Sandstorm\n|upkeep\n|\n|t:|1776378220\n|switch|p2a: Dragapult|Dragapult, L50, F|100/100\n|turn|3\n|\n|t:|1776378241\n|move|p2a: Dragapult|Dragon Darts|p1a: Not Butterfree\n|-damage|p1a: Not Butterfree|51/100\n|-anim|p2a: Dragapult|Dragon Darts|p1b: Rajo\n|-resisted|p1b: Rajo|1\n|-crit|p1b: Rajo\n|-damage|p1b: Rajo|86/100\n|move|p1a: Not Butterfree|Tailwind|p1a: Not Butterfree\n|-sidestart|p1: ferenainexi|move: Tailwind\n|move|p1b: Rajo|Swords Dance|p1b: Rajo\n|-boost|p1b: Rajo|atk|2\n|move|p2b: Tyranitar|Rock Slide|p1b: Rajo|[spread] p1a,p1b\n|-supereffective|p1a: Not Butterfree|2\n|-damage|p1a: Not Butterfree|0 fnt\n|-damage|p1b: Rajo|65/100\n|faint|p1a: Not Butterfree\n|\n|-weather|Sandstorm|[upkeep]\n|-damage|p2a: Dragapult|94/100|[from] Sandstorm\n|upkeep\n|\n|t:|1776378260\n|switch|p1a: Dragonator|Clawitzer, L50, M|100/100\n|turn|4\n|\n|t:|1776378268\n|move|p2b: Tyranitar|Protect|p2b: Tyranitar\n|-singleturn|p2b: Tyranitar|Protect\n|move|p1b: Rajo|Bullet Punch|p2b: Tyranitar\n|-activate|p2b: Tyranitar|move: Protect\n|move|p2a: Dragapult|Will-O-Wisp|p1b: Rajo\n|-status|p1b: Rajo|brn\n|move|p1a: Dragonator|Ice Beam|p2a: Dragapult\n|-supereffective|p2a: Dragapult|1\n|-damage|p2a: Dragapult|0 fnt\n|faint|p2a: Dragapult\n|\n|-weather|Sandstorm|[upkeep]\n|-damage|p1a: Dragonator|94/100|[from] Sandstorm\n|-damage|p1b: Rajo|59/100 brn|[from] brn\n|upkeep\n|\n|t:|1776378280\n|switch|p2a: Sneasler|Sneasler, L50, M|100/100\n|-ability|p2a: Sneasler|Pressure\n|turn|5\n|\n|t:|1776378296\n|move|p1b: Rajo|Protect|p1b: Rajo\n|-singleturn|p1b: Rajo|Protect\n|move|p2a: Sneasler|Fake Out|p1a: Dragonator\n|-damage|p1a: Dragonator|80/100\n|cant|p1a: Dragonator|flinch\n|move|p2b: Tyranitar|Rock Slide|p1a: Dragonator|[spread] p1a\n|-activate|p1b: Rajo|move: Protect\n|-damage|p1a: Dragonator|42/100\n|\n|-weather|Sandstorm|[upkeep]\n|-damage|p1a: Dragonator|36/100|[from] Sandstorm\n|-damage|p2a: Sneasler|94/100|[from] Sandstorm\n|-damage|p1b: Rajo|53/100 brn|[from] brn\n|upkeep\n|turn|6\n|\n|t:|1776378316\n|move|p1b: Rajo|Roost|p1b: Rajo\n|-heal|p1b: Rajo|100/100 brn\n|-singleturn|p1b: Rajo|move: Roost\n|move|p1a: Dragonator|Aura Sphere|p2b: Tyranitar\n|-supereffective|p2b: Tyranitar|2\n|-enditem|p2b: Tyranitar|Chople Berry|[eat]\n|-enditem|p2b: Tyranitar|Chople Berry|[weaken]\n|-damage|p2b: Tyranitar|44/100\n|move|p2a: Sneasler|Close Combat|p1a: Dragonator\n|-damage|p1a: Dragonator|0 fnt\n|-unboost|p2a: Sneasler|def|1\n|-unboost|p2a: Sneasler|spd|1\n|faint|p1a: Dragonator\n|-enditem|p2a: Sneasler|White Herb\n|-clearnegativeboost|p2a: Sneasler|[silent]\n|move|p2b: Tyranitar|Rock Slide|p1b: Rajo\n|-damage|p1b: Rajo|69/100 brn\n|\n|-weather|none\n|-damage|p1b: Rajo|63/100 brn|[from] brn\n|-sideend|p1: ferenainexi|move: Tailwind\n|upkeep\n|\n|t:|1776378326\n|switch|p1a: Strong Aura|Beedrill, L50, M|100/100\n|turn|7\n|\n|t:|1776378350\n|move|p2b: Tyranitar|Protect|p2b: Tyranitar\n|-singleturn|p2b: Tyranitar|Protect\n|move|p1b: Rajo|Bullet Punch|p2b: Tyranitar\n|-activate|p2b: Tyranitar|move: Protect\n|move|p2a: Sneasler|Close Combat|p1b: Rajo\n|-damage|p1b: Rajo|17/100 brn\n|-unboost|p2a: Sneasler|def|1\n|-unboost|p2a: Sneasler|spd|1\n|move|p1a: Strong Aura|Drill Run|p2a: Sneasler\n|-supereffective|p2a: Sneasler|1\n|-damage|p2a: Sneasler|8/100\n|\n|-damage|p1b: Rajo|11/100 brn|[from] brn\n|upkeep\n|turn|8\n|\n|t:|1776378367\n|move|p1b: Rajo|Bullet Punch|p2b: Tyranitar\n|-supereffective|p2b: Tyranitar|1\n|-crit|p2b: Tyranitar\n|-damage|p2b: Tyranitar|0 fnt\n|faint|p2b: Tyranitar\n|move|p2a: Sneasler|Close Combat|p1b: Rajo\n|-damage|p1b: Rajo|0 fnt\n|-unboost|p2a: Sneasler|def|1\n|-unboost|p2a: Sneasler|spd|1\n|faint|p1b: Rajo\n|move|p1a: Strong Aura|Drill Run|p2a: Sneasler\n|-supereffective|p2a: Sneasler|1\n|-damage|p2a: Sneasler|0 fnt\n|faint|p2a: Sneasler\n|\n|win|ferenainexi\n|raw|ferenainexi's rating: 1159 &rarr; <strong>1180</strong><br />(+21 for winning)\n|raw|galisto's rating: 1107 &rarr; <strong>1086</strong><br />(-21 for losing)\n|l|\u2606galisto\n|player|p2|\n",
  "uploadtime": 1776378374,
  "views": 17,
  "formatid": "gen9championsvgc2026regma",
  "rating": 1086,
  "private": 0,
  "password": null
}