{
  "id": "gen9championsvgc2026regma-2581905331",
  "format": "[Gen 9 Champions] VGC 2026 Reg M-A",
  "players": [
    "i_d0nt_sweep",
    "geminian"
  ],
  "log": "|j|\u2606i_d0nt_sweep\n|j|\u2606geminian\n|t:|1776038482\n|gametype|doubles\n|player|p1|i_d0nt_sweep|101|1109\n|player|p2|geminian|veteran|1065\n|gen|9\n|tier|[Gen 9 Champions] VGC 2026 Reg M-A\n|rated|\n|rule|Species Clause: Limit one of each Pok\u00e9mon\n|rule|Item Clause: Limit 1 of each item\n|clearpoke\n|poke|p1|Slowking, L50, M|\n|poke|p1|Incineroar, L50, F|\n|poke|p1|Crabominable, L50, F|\n|poke|p1|Hatterene, L50, F|\n|poke|p1|Golurk, L50|\n|poke|p1|Sinistcha, L50|\n|poke|p2|Talonflame, L50, M|\n|poke|p2|Gyarados, L50, M|\n|poke|p2|Tsareena, L50, F|\n|poke|p2|Manectric, L50, M|\n|poke|p2|Incineroar, L50, F|\n|poke|p2|Sinistcha, L50|\n|teampreview|4\n|inactive|Battle timer is ON: inactive players will automatically lose when time's up. (requested by i_d0nt_sweep)\n|inactive|i_d0nt_sweep has 60 seconds left.\n|\n|t:|1776038514\n|teamsize|p1|4\n|teamsize|p2|4\n|start\n|switch|p1a: Incineroar|Incineroar, L50, F, shiny|100/100\n|switch|p1b: Slowking|Slowking, L50, M|100/100\n|switch|p2a: Incineroar|Incineroar, L50, F, shiny|100/100\n|switch|p2b: Tsareena|Tsareena, L50, F, shiny|100/100\n|-ability|p1a: Incineroar|Intimidate|boost\n|-unboost|p2a: Incineroar|atk|1\n|-unboost|p2b: Tsareena|atk|1\n|-ability|p2a: Incineroar|Intimidate|boost\n|-unboost|p1a: Incineroar|atk|1\n|-fail|p1b: Slowking|unboost|Attack|[from] ability: Oblivious|[of] p1b: Slowking\n|turn|1\n|\n|t:|1776038536\n|move|p2b: Tsareena|Knock Off|p1b: Slowking\n|-supereffective|p1b: Slowking|1\n|-enditem|p1b: Slowking|Colbur Berry|[eat]\n|-enditem|p1b: Slowking|Colbur Berry|[weaken]\n|-damage|p1b: Slowking|79/100\n|move|p1a: Incineroar|Flare Blitz|p2b: Tsareena\n|-supereffective|p2b: Tsareena|1\n|-damage|p2b: Tsareena|0 fnt\n|faint|p2b: Tsareena\n|-damage|p1a: Incineroar|76/100|[from] Recoil\n|move|p2a: Incineroar|Snarl|p1b: Slowking|[spread] p1a,p1b\n|-resisted|p1a: Incineroar|1\n|-supereffective|p1b: Slowking|1\n|-damage|p1a: Incineroar|70/100\n|-damage|p1b: Slowking|53/100\n|-unboost|p1a: Incineroar|spa|1\n|-unboost|p1b: Slowking|spa|1\n|move|p1b: Slowking|Trick Room|p1b: Slowking\n|-fieldstart|move: Trick Room|[of] p1b: Slowking\n|\n|upkeep\n|\n|t:|1776038558\n|switch|p2b: Gyarados|Gyarados, L50, M, shiny|100/100\n|-ability|p2b: Gyarados|Intimidate|boost\n|-unboost|p1a: Incineroar|atk|1\n|-fail|p1b: Slowking|unboost|Attack|[from] ability: Oblivious|[of] p1b: Slowking\n|turn|2\n|\n|t:|1776038572\n|move|p2b: Gyarados|Protect|p2b: Gyarados\n|-singleturn|p2b: Gyarados|Protect\n|-prepare|p1b: Slowking|Chilly Reception|[premajor]\n|move|p1b: Slowking|Chilly Reception|p1b: Slowking\n|-weather|Snowscape\n|\n|t:|1776038581\n|switch|p1b: Golurk|Golurk, L50|100/100|[from] Chilly Reception\n|move|p2a: Incineroar|Snarl|p1b: Golurk|[spread] p1a,p1b\n|-resisted|p1a: Incineroar|1\n|-supereffective|p1b: Golurk|1\n|-damage|p1a: Incineroar|64/100\n|-damage|p1b: Golurk|72/100\n|-unboost|p1a: Incineroar|spa|1\n|-unboost|p1b: Golurk|spa|1\n|move|p1a: Incineroar|Parting Shot|p2b: Gyarados\n|-activate|p2b: Gyarados|move: Protect\n|\n|-weather|Snowscape|[upkeep]\n|upkeep\n|turn|3\n|inactive|geminian has 30 seconds left.\n|inactive|geminian has 20 seconds left.\n|\n|t:|1776038616\n|switch|p2b: Sinistcha|Sinistcha, L50, shiny|100/100\n|detailschange|p1b: Golurk|Golurk-Mega, L50\n|-mega|p1b: Golurk|Golurk|Golurkite\n|move|p1b: Golurk|Rock Slide|p2a: Incineroar|[spread] \n|-miss|p1b: Golurk|p2a: Incineroar\n|-miss|p1b: Golurk|p2b: Sinistcha\n|move|p2a: Incineroar|Parting Shot|p1b: Golurk\n|-unboost|p1b: Golurk|atk|1\n|-unboost|p1b: Golurk|spa|1\n|\n|t:|1776038628\n|switch|p2a: Gyarados|Gyarados, L50, M, shiny|100/100|[from] Parting Shot\n|-ability|p2a: Gyarados|Intimidate|boost\n|-unboost|p1a: Incineroar|atk|1\n|-unboost|p1b: Golurk|atk|1\n|move|p1a: Incineroar|Parting Shot|p2b: Sinistcha\n|-unboost|p2b: Sinistcha|atk|1\n|-unboost|p2b: Sinistcha|spa|1\n|\n|t:|1776038638\n|switch|p1a: Hatterene|Hatterene, L50, F, shiny|100/100|[from] Parting Shot\n|\n|-weather|Snowscape|[upkeep]\n|upkeep\n|turn|4\n|\n|t:|1776038661\n|switch|p1b: Incineroar|Incineroar, L50, F, shiny|64/100\n|-ability|p1b: Incineroar|Intimidate|boost\n|-unboost|p2a: Gyarados|atk|1\n|-unboost|p2b: Sinistcha|atk|1\n|move|p2a: Gyarados|Protect|p2a: Gyarados\n|-singleturn|p2a: Gyarados|Protect\n|move|p1a: Hatterene|Dazzling Gleam|p2b: Sinistcha|[spread] p2b\n|-activate|p2a: Gyarados|move: Protect\n|-damage|p2b: Sinistcha|58/100\n|move|p2b: Sinistcha|Matcha Gotcha|p1b: Incineroar|[spread] p1b\n|-miss|p2b: Sinistcha|p1a: Hatterene\n|-resisted|p1b: Incineroar|1\n|-damage|p1b: Incineroar|57/100\n|-heal|p2b: Sinistcha|62/100|[from] drain|[of] p1b: Incineroar\n|\n|-weather|Snowscape|[upkeep]\n|-heal|p2b: Sinistcha|68/100|[from] item: Leftovers\n|upkeep\n|turn|5\n|inactive|i_d0nt_sweep has 30 seconds left.\n|inactive|geminian has 30 seconds left.\n|\n|t:|1776038691\n|switch|p2a: Incineroar|Incineroar, L50, F, shiny|100/100\n|-ability|p2a: Incineroar|Intimidate|boost\n|-unboost|p1a: Hatterene|atk|1\n|-unboost|p1b: Incineroar|atk|1\n|move|p2b: Sinistcha|Protect|p2b: Sinistcha\n|-singleturn|p2b: Sinistcha|Protect\n|move|p1a: Hatterene|Psychic|p2a: Incineroar\n|-immune|p2a: Incineroar\n|move|p1b: Incineroar|Throat Chop|p2b: Sinistcha\n|-activate|p2b: Sinistcha|move: Protect\n|\n|-weather|Snowscape|[upkeep]\n|-heal|p2b: Sinistcha|74/100|[from] item: Leftovers\n|-fieldend|move: Trick Room\n|upkeep\n|turn|6\n|inactive|geminian has 30 seconds left.\n|\n|t:|1776038722\n|move|p2b: Sinistcha|Matcha Gotcha|p1a: Hatterene|[spread] p1a,p1b\n|-resisted|p1b: Incineroar|1\n|-damage|p1a: Hatterene|84/100\n|-heal|p2b: Sinistcha|82/100|[from] drain|[of] p1a: Hatterene\n|-damage|p1b: Incineroar|50/100\n|-heal|p2b: Sinistcha|87/100|[from] drain|[of] p1b: Incineroar\n|move|p1b: Incineroar|Flare Blitz|p2b: Sinistcha\n|-supereffective|p2b: Sinistcha|1\n|-damage|p2b: Sinistcha|13/100\n|-damage|p1b: Incineroar|29/100|[from] Recoil\n|move|p2a: Incineroar|Parting Shot|p1a: Hatterene\n|move|p1a: Hatterene|Parting Shot|p2a: Incineroar|[from] ability: Magic Bounce\n|-unboost|p2a: Incineroar|atk|1\n|-unboost|p2a: Incineroar|spa|1\n|\n|t:|1776038737\n|switch|p1a: Golurk|Golurk-Mega, L50|72/100|[from] Parting Shot\n|\n|-weather|none\n|-heal|p2b: Sinistcha|19/100|[from] item: Leftovers\n|upkeep\n|turn|7\n|inactive|i_d0nt_sweep has 30 seconds left.\n|inactive|i_d0nt_sweep has 20 seconds left.\n|inactive|i_d0nt_sweep has 15 seconds left.\n|\n|t:|1776038782\n|switch|p2b: Gyarados|Gyarados, L50, M, shiny|100/100\n|-ability|p2b: Gyarados|Intimidate|boost\n|-unboost|p1a: Golurk|atk|1\n|-unboost|p1b: Incineroar|atk|1\n|move|p1b: Incineroar|Throat Chop|p2b: Gyarados\n|-damage|p2b: Gyarados|72/100\n|-start|p2b: Gyarados|Throat Chop|[silent]\n|move|p2a: Incineroar|Parting Shot|p1a: Golurk\n|-unboost|p1a: Golurk|atk|1\n|-unboost|p1a: Golurk|spa|1\n|\n|t:|1776038792\n|switch|p2a: Sinistcha|Sinistcha, L50, shiny|19/100|[from] Parting Shot\n|-heal|p2b: Gyarados|97/100|[from] ability: Hospitality|[of] p2a: Sinistcha\n|move|p1a: Golurk|Headlong Rush|p2a: Sinistcha\n|-resisted|p2a: Sinistcha|1\n|-damage|p2a: Sinistcha|0 fnt\n|-unboost|p1a: Golurk|def|1\n|-unboost|p1a: Golurk|spd|1\n|faint|p2a: Sinistcha\n|\n|upkeep\n|\n|t:|1776038804\n|switch|p2a: Incineroar|Incineroar, L50, F, shiny|100/100\n|-ability|p2a: Incineroar|Intimidate|boost\n|-unboost|p1a: Golurk|atk|1\n|-unboost|p1b: Incineroar|atk|1\n|turn|8\n|\n|t:|1776038826\n|switch|p1b: Slowking|Slowking, L50, M|53/100\n|switch|p1a: Hatterene|Hatterene, L50, F, shiny|84/100\n|detailschange|p2b: Gyarados|Gyarados-Mega, L50, M, shiny\n|-mega|p2b: Gyarados|Gyarados|Gyaradosite\n|-ability|p2b: Gyarados|Mold Breaker\n|move|p2a: Incineroar|Fake Out|p1b: Slowking\n|-damage|p1b: Slowking|43/100\n|move|p2b: Gyarados|Dragon Dance|p2b: Gyarados\n|-boost|p2b: Gyarados|atk|1\n|-boost|p2b: Gyarados|spe|1\n|\n|-end|p2b: Gyarados|Throat Chop|[silent]\n|upkeep\n|turn|9\n|inactive|i_d0nt_sweep has 30 seconds left.\n|\n|t:|1776038854\n|move|p2b: Gyarados|Waterfall|p1a: Hatterene\n|-damage|p1a: Hatterene|11/100\n|move|p2a: Incineroar|Snarl|p1a: Hatterene|[spread] p1a,p1b\n|-supereffective|p1b: Slowking|1\n|-damage|p1a: Hatterene|0 fnt\n|-damage|p1b: Slowking|19/100\n|-unboost|p1b: Slowking|spa|1\n|faint|p1a: Hatterene\n|move|p1b: Slowking|Trick Room|p1b: Slowking\n|-fieldstart|move: Trick Room|[of] p1b: Slowking\n|\n|upkeep\n|\n|t:|1776038860\n|switch|p1a: Golurk|Golurk-Mega, L50|72/100\n|turn|10\n|\n|t:|1776038876\n|move|p1a: Golurk|Protect|p1a: Golurk\n|-singleturn|p1a: Golurk|Protect\n|move|p2b: Gyarados|Protect|p2b: Gyarados\n|-singleturn|p2b: Gyarados|Protect\n|move|p1b: Slowking|Hydro Pump|p2a: Incineroar\n|-supereffective|p2a: Incineroar|1\n|-damage|p2a: Incineroar|36/100\n|-enditem|p2a: Incineroar|Sitrus Berry|[eat]\n|-heal|p2a: Incineroar|61/100|[from] item: Sitrus Berry\n|move|p2a: Incineroar|Snarl|p1b: Slowking|[spread] p1b\n|-activate|p1a: Golurk|move: Protect\n|-supereffective|p1b: Slowking|1\n|-damage|p1b: Slowking|0 fnt\n|faint|p1b: Slowking\n|\n|upkeep\n|\n|t:|1776038882\n|switch|p1b: Incineroar|Incineroar, L50, F, shiny|29/100\n|-ability|p1b: Incineroar|Intimidate|boost\n|-unboost|p2a: Incineroar|atk|1\n|-unboost|p2b: Gyarados|atk|1\n|turn|11\n|inactive|geminian has 30 seconds left.\n|\n|t:|1776038908\n|move|p1b: Incineroar|Fake Out|p2b: Gyarados\n|-damage|p2b: Gyarados|82/100\n|move|p1a: Golurk|Headlong Rush|p2a: Incineroar\n|-supereffective|p2a: Incineroar|1\n|-crit|p2a: Incineroar\n|-damage|p2a: Incineroar|0 fnt\n|-unboost|p1a: Golurk|def|1\n|-unboost|p1a: Golurk|spd|1\n|faint|p2a: Incineroar\n|cant|p2b: Gyarados|flinch\n|\n|upkeep\n|turn|12\n|\n|t:|1776038926\n|move|p2b: Gyarados|Protect|p2b: Gyarados\n|-singleturn|p2b: Gyarados|Protect\n|move|p1a: Golurk|Headlong Rush|p2b: Gyarados\n|-ability|p1a: Golurk|Unseen Fist\n|-zbroken|p2b: Gyarados\n|-damage|p2b: Gyarados|63/100\n|-unboost|p1a: Golurk|def|1\n|-unboost|p1a: Golurk|spd|1\n|move|p1b: Incineroar|Flare Blitz|p2b: Gyarados\n|-activate|p2b: Gyarados|move: Protect\n|\n|upkeep\n|turn|13\n|\n|t:|1776038941\n|move|p1a: Golurk|Headlong Rush|p2b: Gyarados\n|-damage|p2b: Gyarados|0 fnt\n|-unboost|p1a: Golurk|def|1\n|-unboost|p1a: Golurk|spd|1\n|faint|p2b: Gyarados\n|\n|win|i_d0nt_sweep\n|raw|i_d0nt_sweep's rating: 1109 &rarr; <strong>1131</strong><br />(+22 for winning)\n|raw|geminian's rating: 1065 &rarr; <strong>1048</strong><br />(-17 for losing)\n|l|\u2606geminian\n|player|p2|\n",
  "uploadtime": 1776038955,
  "views": 9,
  "formatid": "gen9championsvgc2026regma",
  "rating": 1048,
  "private": 0,
  "password": null
}