{
  "id": "gen9championsvgc2026regma-2584335565",
  "format": "[Gen 9 Champions] VGC 2026 Reg M-A",
  "players": [
    "MioTheBruh",
    "smp on whimsicott"
  ],
  "log": "|j|\u2606MioTheBruh\n|j|\u2606smp on whimsicott\n|t:|1776252464\n|gametype|doubles\n|player|p1|MioTheBruh|roxie|1099\n|player|p2|smp on whimsicott|artist-gen4|1170\n|gen|9\n|tier|[Gen 9 Champions] VGC 2026 Reg M-A\n|rated|\n|rule|Species Clause: Limit one of each Pok\u00e9mon\n|rule|Item Clause: Limit 1 of each item\n|clearpoke\n|poke|p1|Gengar, L50, F|\n|poke|p1|Incineroar, L50, M|\n|poke|p1|Whimsicott, L50, F|\n|poke|p1|Maushold-Four, L50|\n|poke|p1|Dragapult, L50, F|\n|poke|p1|Corviknight, L50, M|\n|poke|p2|Arcanine, L50, M|\n|poke|p2|Venusaur, L50, F|\n|poke|p2|Sneasler, L50, M|\n|poke|p2|Rotom-Wash, L50|\n|poke|p2|Garchomp, L50, M|\n|poke|p2|Corviknight, L50, M|\n|teampreview|4\n|inactive|Battle timer is ON: inactive players will automatically lose when time's up. (requested by MioTheBruh)\nMioTheBruh has agreed to open team sheets.\n|inactive|smp on whimsicott has 60 seconds left.\n|\n|t:|1776252509\n|teamsize|p1|4\n|teamsize|p2|4\n|start\n|switch|p1a: Corviknight|Corviknight, L50, M, shiny|100/100\n|switch|p1b: Incineroar|Incineroar, L50, M|100/100\n|switch|p2a: Corviknight|Corviknight, L50, M|100/100\n|switch|p2b: Rotom|Rotom-Wash, L50|100/100\n|-ability|p1b: Incineroar|Intimidate|boost\n|-ability|p2a: Corviknight|Mirror Armor\n|-unboost|p1b: Incineroar|atk|1\n|-unboost|p2b: Rotom|atk|1\n|turn|1\n|\n|t:|1776252526\n|move|p1b: Incineroar|Fake Out|p2a: Corviknight\n|-resisted|p2a: Corviknight|1\n|-damage|p2a: Corviknight|98/100\n|move|p2b: Rotom|Volt Switch|p1a: Corviknight\n|-supereffective|p1a: Corviknight|1\n|-damage|p1a: Corviknight|52/100\n|\n|t:|1776252535\n|switch|p2b: Garchomp|Garchomp, L50, M|100/100|[from] Volt Switch\n|cant|p2a: Corviknight|flinch\n|move|p1a: Corviknight|Tailwind|p1a: Corviknight\n|-sidestart|p1: MioTheBruh|move: Tailwind\n|\n|-heal|p1a: Corviknight|58/100|[from] item: Leftovers\n|-heal|p2a: Corviknight|100/100|[from] item: Leftovers\n|upkeep\n|turn|2\n|\n|t:|1776252554\n|move|p1a: Corviknight|Iron Defense|p1a: Corviknight\n|-boost|p1a: Corviknight|def|2\n|move|p2b: Garchomp|Earthquake|p1a: Corviknight|[spread] p1b\n|-immune|p2a: Corviknight\n|-immune|p1a: Corviknight\n|-supereffective|p1b: Incineroar|1\n|-damage|p1b: Incineroar|33/100\n|-enditem|p1b: Incineroar|Sitrus Berry|[eat]\n|-heal|p1b: Incineroar|58/100|[from] item: Sitrus Berry\n|move|p1b: Incineroar|Parting Shot|p2b: Garchomp\n|-unboost|p2b: Garchomp|atk|1\n|-unboost|p2b: Garchomp|spa|1\n|\n|t:|1776252557\n|switch|p1b: Gengar|Gengar, L50, F, shiny|100/100|[from] Parting Shot\n|-enditem|p2b: Garchomp|White Herb\n|-clearnegativeboost|p2b: Garchomp|[silent]\n|move|p2a: Corviknight|Bulk Up|p2a: Corviknight\n|-boost|p2a: Corviknight|atk|1\n|-boost|p2a: Corviknight|def|1\n|\n|-heal|p1a: Corviknight|64/100|[from] item: Leftovers\n|upkeep\n|turn|3\n|inactive|MioTheBruh has 30 seconds left.\n|\n|t:|1776252591\n|detailschange|p1b: Gengar|Gengar-Mega, L50, F, shiny\n|-mega|p1b: Gengar|Gengar|Gengarite\n|move|p2b: Garchomp|Protect|p2b: Garchomp\n|-singleturn|p2b: Garchomp|Protect\n|move|p1b: Gengar|Shadow Ball|p2b: Garchomp\n|-activate|p2b: Garchomp|move: Protect\n|move|p1a: Corviknight|Body Press|p2b: Garchomp\n|-activate|p2b: Garchomp|move: Protect\n|move|p2a: Corviknight|Tailwind|p2a: Corviknight\n|-sidestart|p2: smp on whimsicott|move: Tailwind\n|\n|-heal|p1a: Corviknight|70/100|[from] item: Leftovers\n|upkeep\n|turn|4\n|\n|t:|1776252601\n|move|p1b: Gengar|Shadow Ball|p2b: Garchomp\n|-damage|p2b: Garchomp|50/100\n|move|p2b: Garchomp|Earthquake|p1a: Corviknight|[spread] p1b\n|-immune|p2a: Corviknight\n|-immune|p1a: Corviknight\n|-supereffective|p1b: Gengar|1\n|-damage|p1b: Gengar|0 fnt\n|faint|p1b: Gengar\n|move|p2a: Corviknight|Brave Bird|p1a: Corviknight\n|-resisted|p1a: Corviknight|1\n|-damage|p1a: Corviknight|57/100\n|-damage|p2a: Corviknight|97/100|[from] Recoil\n|move|p1a: Corviknight|Body Press|p2b: Garchomp\n|-damage|p2b: Garchomp|0 fnt\n|-damage|p1a: Corviknight|45/100|[from] ability: Rough Skin|[of] p2b: Garchomp\n|faint|p2b: Garchomp\n|\n|-heal|p2a: Corviknight|100/100|[from] item: Leftovers\n|-heal|p1a: Corviknight|51/100|[from] item: Leftovers\n|-sideend|p1: MioTheBruh|move: Tailwind\n|upkeep\n|\n|t:|1776252615\n|switch|p1b: Incineroar|Incineroar, L50, M|58/100\n|switch|p2b: Rotom|Rotom-Wash, L50|100/100\n|-ability|p1b: Incineroar|Intimidate|boost\n|-ability|p2a: Corviknight|Mirror Armor\n|-unboost|p1b: Incineroar|atk|1\n|-unboost|p2b: Rotom|atk|1\n|turn|5\n|\n|t:|1776252627\n|move|p1b: Incineroar|Fake Out|p2a: Corviknight\n|-resisted|p2a: Corviknight|1\n|-damage|p2a: Corviknight|98/100\n|move|p2b: Rotom|Thunderbolt|p1a: Corviknight\n|-supereffective|p1a: Corviknight|1\n|-damage|p1a: Corviknight|0 fnt\n|faint|p1a: Corviknight\n|cant|p2a: Corviknight|flinch\n|\n|-heal|p2a: Corviknight|100/100|[from] item: Leftovers\n|upkeep\n|\n|t:|1776252630\n|switch|p1a: Whimsicott|Whimsicott, L50, F|100/100\n|turn|6\n|\n|t:|1776252645\n|move|p1a: Whimsicott|Encore|p2b: Rotom\n|-start|p2b: Rotom|Encore\n|move|p2b: Rotom|Thunderbolt|p1a: Whimsicott\n|-resisted|p1a: Whimsicott|1\n|-damage|p1a: Whimsicott|75/100\n|move|p2a: Corviknight|Brave Bird|p1a: Whimsicott\n|-supereffective|p1a: Whimsicott|1\n|-damage|p1a: Whimsicott|0 fnt\n|faint|p1a: Whimsicott\n|-damage|p2a: Corviknight|79/100|[from] Recoil\n|move|p1b: Incineroar|Darkest Lariat|p2a: Corviknight\n|-damage|p2a: Corviknight|58/100\n|\n|-heal|p2a: Corviknight|65/100|[from] item: Leftovers\n|-sideend|p2: smp on whimsicott|move: Tailwind\n|upkeep\n|turn|7\n|\n|t:|1776252653\n|switch|p2b: Venusaur|Venusaur, L50, F|100/100\n|move|p2a: Corviknight|Brave Bird|p1b: Incineroar\n|-damage|p1b: Incineroar|0 fnt\n|faint|p1b: Incineroar\n|-damage|p2a: Corviknight|47/100|[from] Recoil\n|\n|win|smp on whimsicott\n|raw|MioTheBruh's rating: 1099 &rarr; <strong>1079</strong><br />(-20 for losing)\n|raw|smp on whimsicott's rating: 1170 &rarr; <strong>1190</strong><br />(+20 for winning)\n",
  "uploadtime": 1776252654,
  "views": 22,
  "formatid": "gen9championsvgc2026regma",
  "rating": 1079,
  "private": 0,
  "password": null
}