{
  "id": "gen9championsvgc2026regma-2584478869",
  "format": "[Gen 9 Champions] VGC 2026 Reg M-A",
  "players": [
    "Alejop88",
    "yubanmeiqin"
  ],
  "log": "|j|\u2606Alejop88\n|j|\u2606yubanmeiqin\n|t:|1776263582\n|gametype|doubles\n|player|p1|Alejop88|brock|1276\n|player|p2|yubanmeiqin|lillie-masters2|1317\n|gen|9\n|tier|[Gen 9 Champions] VGC 2026 Reg M-A\n|rated|\n|rule|Species Clause: Limit one of each Pok\u00e9mon\n|rule|Item Clause: Limit 1 of each item\n|clearpoke\n|poke|p1|Oranguru, L50, F|\n|poke|p1|Blastoise, L50, M|\n|poke|p1|Torkoal, L50, M|\n|poke|p1|Sinistcha, L50|\n|poke|p1|Kingambit, L50, M|\n|poke|p1|Hydrapple, L50, F|\n|poke|p2|Floette-Eternal, L50, F|\n|poke|p2|Garchomp, L50, F|\n|poke|p2|Sneasler, L50, M|\n|poke|p2|Aerodactyl, L50, F|\n|poke|p2|Basculegion, L50, M|\n|poke|p2|Maushold-Four, L50|\n|teampreview|4\n|inactive|Battle timer is ON: inactive players will automatically lose when time's up. (requested by yubanmeiqin)\n|\n|t:|1776263631\n|teamsize|p1|4\n|teamsize|p2|4\n|start\n|switch|p1a: Oranguru|Oranguru, L50, F|100/100\n|switch|p1b: Blastoise|Blastoise, L50, M|100/100\n|switch|p2a: Floette|Floette-Eternal, L50, F, shiny|100/100\n|switch|p2b: Maushold|Maushold-Four, L50|100/100\n|turn|1\n|\n|t:|1776263647\n|detailschange|p2a: Floette|Floette-Mega, L50, F, shiny\n|-mega|p2a: Floette|Floette|Floettite\n|-ability|p2a: Floette|Fairy Aura\n|detailschange|p1b: Blastoise|Blastoise-Mega, L50, M\n|-mega|p1b: Blastoise|Blastoise|Blastoisinite\n|move|p1b: Blastoise|Protect|p1b: Blastoise\n|-singleturn|p1b: Blastoise|Protect\n|move|p2b: Maushold|Encore|p1b: Blastoise\n|-activate|p1b: Blastoise|move: Protect\n|move|p2a: Floette|Calm Mind|p2a: Floette\n|-boost|p2a: Floette|spa|1\n|-boost|p2a: Floette|spd|1\n|move|p1a: Oranguru|Trick Room|p1a: Oranguru\n|-fieldstart|move: Trick Room|[of] p1a: Oranguru\n|\n|upkeep\n|turn|2\n|inactive|yubanmeiqin has 30 seconds left.\n|inactive|yubanmeiqin has 20 seconds left.\n|\n|t:|1776263684\n|move|p1a: Oranguru|Rain Dance|p1a: Oranguru\n|-weather|RainDance\n|move|p1b: Blastoise|Water Spout|p2a: Floette|[spread] p2a,p2b\n|-damage|p2a: Floette|53/100\n|-damage|p2b: Maushold|0 fnt\n|faint|p2b: Maushold\n|move|p2a: Floette|Dazzling Gleam|p1b: Blastoise|[spread] p1a,p1b\n|-damage|p1a: Oranguru|42/100\n|-damage|p1b: Blastoise|37/100\n|-enditem|p1a: Oranguru|Sitrus Berry|[eat]\n|-heal|p1a: Oranguru|67/100|[from] item: Sitrus Berry\n|\n|-weather|RainDance|[upkeep]\n|upkeep\n|\n|t:|1776263691\n|switch|p2b: \u62c9\u6016\u6016|Sneasler, L50, M|100/100\n|turn|3\n|\n|t:|1776263706\n|switch|p1a: Sinistcha|Sinistcha, L50|100/100\n|-heal|p1b: Blastoise|62/100|[from] ability: Hospitality|[of] p1a: Sinistcha\n|move|p2b: \u62c9\u6016\u6016|Fake Out|p1b: Blastoise\n|-damage|p1b: Blastoise|49/100\n|cant|p1b: Blastoise|flinch\n|move|p2a: Floette|Moonblast|p1a: Sinistcha\n|-enditem|p1a: Sinistcha|Focus Sash\n|-damage|p1a: Sinistcha|1/100\n|\n|-weather|RainDance|[upkeep]\n|upkeep\n|turn|4\n|\n|t:|1776263725\n|switch|p1b: Kingambit|Kingambit, L50, M, shiny|100/100\n|move|p2a: Floette|Protect|p2a: Floette\n|-singleturn|p2a: Floette|Protect\n|move|p2b: \u62c9\u6016\u6016|Protect|p2b: \u62c9\u6016\u6016\n|-singleturn|p2b: \u62c9\u6016\u6016|Protect\n|move|p1a: Sinistcha|Strength Sap|p2a: Floette\n|-activate|p2a: Floette|move: Protect\n|\n|-weather|RainDance|[upkeep]\n|upkeep\n|turn|5\n|\n|t:|1776263748\n|switch|p2a: Garchomp|Garchomp, L50, F, shiny|100/100\n|move|p1b: Kingambit|Iron Head|p2a: Garchomp\n|-crit|p2a: Garchomp\n|-damage|p2a: Garchomp|27/100\n|-damage|p1b: Kingambit|88/100|[from] ability: Rough Skin|[of] p2a: Garchomp\n|move|p1a: Sinistcha|Strength Sap|p2b: \u62c9\u6016\u6016\n|-unboost|p2b: \u62c9\u6016\u6016|atk|1\n|-heal|p1a: Sinistcha|100/100\n|-enditem|p2b: \u62c9\u6016\u6016|White Herb\n|-clearnegativeboost|p2b: \u62c9\u6016\u6016|[silent]\n|move|p2b: \u62c9\u6016\u6016|Dire Claw|p1a: Sinistcha\n|-damage|p1a: Sinistcha|62/100\n|-status|p1a: Sinistcha|par\n|\n|-weather|RainDance|[upkeep]\n|-fieldend|move: Trick Room\n|upkeep\n|turn|6\n|inactive|Alejop88 has 30 seconds left.\n|inactive|yubanmeiqin has 30 seconds left.\n|inactive|Alejop88 has 20 seconds left.\n|\n|t:|1776263785\n|move|p1a: Sinistcha|Rage Powder|p1a: Sinistcha\n|-singleturn|p1a: Sinistcha|move: Rage Powder\n|move|p2b: \u62c9\u6016\u6016|Close Combat|p1a: Sinistcha\n|-immune|p1a: Sinistcha\n|move|p2a: Garchomp|Rock Slide|p1a: Sinistcha|[spread] p1a,p1b\n|-resisted|p1b: Kingambit|1\n|-damage|p1a: Sinistcha|43/100 par\n|-damage|p1b: Kingambit|79/100\n|move|p1b: Kingambit|Kowtow Cleave|p2a: Garchomp\n|-damage|p2a: Garchomp|0 fnt\n|-damage|p1b: Kingambit|66/100|[from] ability: Rough Skin|[of] p2a: Garchomp\n|faint|p2a: Garchomp\n|\n|-weather|none\n|upkeep\n|\n|t:|1776263792\n|switch|p2a: Floette|Floette-Mega, L50, F, shiny|53/100\n|-ability|p2a: Floette|Fairy Aura\n|turn|7\n|\n|t:|1776263804\n|move|p2a: Floette|Protect|p2a: Floette\n|-singleturn|p2a: Floette|Protect\n|move|p1b: Kingambit|Protect|p1b: Kingambit\n|-singleturn|p1b: Kingambit|Protect\n|move|p2b: \u62c9\u6016\u6016|Dire Claw|p1a: Sinistcha\n|-damage|p1a: Sinistcha|3/100 par\n|move|p1a: Sinistcha|Trick Room|p1a: Sinistcha\n|-fieldstart|move: Trick Room|[of] p1a: Sinistcha\n|\n|upkeep\n|turn|8\n|c|\u2606yubanmeiqin|\u6211\u771f\u670d\u4e86\u8fd9\u4e2a\u6b7bct\u4e86\n|c|\u2606yubanmeiqin|\u7ed9\u6211\u6765\u51e0\u6b21\u4e86\n|inactive|yubanmeiqin has 30 seconds left.\n|\n|t:|1776263836\n|move|p2a: Floette|Protect||[still]\n|-fail|p2a: Floette\n|move|p1a: Sinistcha|Strength Sap|p2b: \u62c9\u6016\u6016\n|-unboost|p2b: \u62c9\u6016\u6016|atk|1\n|-heal|p1a: Sinistcha|100/100 par\n|move|p1b: Kingambit|Iron Head|p2a: Floette\n|-supereffective|p2a: Floette|1\n|-damage|p2a: Floette|0 fnt\n|faint|p2a: Floette\n|move|p2b: \u62c9\u6016\u6016|Close Combat|p1b: Kingambit\n|-supereffective|p1b: Kingambit|2\n|-damage|p1b: Kingambit|0 fnt\n|-unboost|p2b: \u62c9\u6016\u6016|def|1\n|-unboost|p2b: \u62c9\u6016\u6016|spd|1\n|faint|p1b: Kingambit\n|\n|upkeep\n|-message|yubanmeiqin forfeited.\n|\n|win|Alejop88\n|raw|Alejop88's rating: 1276 &rarr; <strong>1304</strong><br />(+28 for winning)\n|raw|yubanmeiqin's rating: 1317 &rarr; <strong>1295</strong><br />(-22 for losing)\n|l|\u2606yubanmeiqin\n|player|p2|\n|j| porygon-epilepz\n|j| maxspeedincineroar\n",
  "uploadtime": 1776264098,
  "views": 30,
  "formatid": "gen9championsvgc2026regma",
  "rating": 1295,
  "private": 0,
  "password": null
}