{
  "id": "gen9championsvgc2026regma-2585989652",
  "format": "[Gen 9 Champions] VGC 2026 Reg M-A",
  "players": [
    "Kirnil",
    "AAACompanyBtw"
  ],
  "log": "|j|\u2606Kirnil\n|j|\u2606AAACompanyBtw\n|t:|1776388041\n|gametype|doubles\n|player|p1|Kirnil|skierf|1359\n|player|p2|AAACompanyBtw|265|1273\n|gen|9\n|tier|[Gen 9 Champions] VGC 2026 Reg M-A\n|rated|\n|rule|Species Clause: Limit one of each Pok\u00e9mon\n|rule|Item Clause: Limit 1 of each item\n|clearpoke\n|poke|p1|Gengar, L50, F|\n|poke|p1|Altaria, L50, F|\n|poke|p1|Politoed, L50, M|\n|poke|p1|Dragapult, L50, F|\n|poke|p1|Arcanine-Hisui, L50, M|\n|poke|p1|Whimsicott, L50, M|\n|poke|p2|Sinistcha, L50|\n|poke|p2|Pelipper, L50, M|\n|poke|p2|Rotom-Wash, L50|\n|poke|p2|Mamoswine, L50, F|\n|poke|p2|Orthworm, L50, F|\n|poke|p2|Dragonite, L50, M|\n|teampreview|4\n|inactive|Battle timer is ON: inactive players will automatically lose when time's up. (requested by AAACompanyBtw)\n|\n|t:|1776388072\n|teamsize|p1|4\n|teamsize|p2|4\n|start\n|switch|p1a: Gengar|Gengar, L50, F|100/100\n|switch|p1b: Dragapult|Dragapult, L50, F|100/100\n|switch|p2a: Mamoswine|Mamoswine, L50, F|100/100\n|switch|p2b: Orthworm|Orthworm, L50, F|100/100\n|turn|1\n|\n|t:|1776388090\n|detailschange|p1a: Gengar|Gengar-Mega, L50, F\n|-mega|p1a: Gengar|Gengar|Gengarite\n|move|p1a: Gengar|Protect|p1a: Gengar\n|-singleturn|p1a: Gengar|Protect\n|move|p1b: Dragapult|Will-O-Wisp|p2a: Mamoswine\n|-status|p2a: Mamoswine|brn\n|move|p2a: Mamoswine|Earthquake|p1a: Gengar|[spread] p1b\n|-activate|p1a: Gengar|move: Protect\n|-immune|p2b: Orthworm|[from] ability: Earth Eater\n|-damage|p1b: Dragapult|77/100\n|move|p2b: Orthworm|Shed Tail|p2b: Orthworm\n|-start|p2b: Orthworm|Substitute|[from] move: Shed Tail\n|-damage|p2b: Orthworm|50/100\n|-enditem|p2b: Orthworm|Sitrus Berry|[eat]\n|-heal|p2b: Orthworm|75/100|[from] item: Sitrus Berry\n|\n|t:|1776388112\n|switch|p2b: Pelipper|Pelipper, L50, M|100/100|[from] Shed Tail\n|-weather|RainDance|[from] ability: Drizzle|[of] p2b: Pelipper\n|\n|-weather|RainDance|[upkeep]\n|-damage|p2a: Mamoswine|95/100 brn|[from] brn\n|upkeep\n|turn|2\n|\n|t:|1776388122\n|move|p1b: Dragapult|Light Screen|p1b: Dragapult\n|-sidestart|p1: Kirnil|move: Light Screen\n|move|p2b: Pelipper|Muddy Water|p1b: Dragapult|[spread] p1a,p1b\n|-resisted|p1b: Dragapult|1\n|-damage|p1a: Gengar|71/100\n|-damage|p1b: Dragapult|60/100\n|-unboost|p1b: Dragapult|accuracy|1\n|move|p1a: Gengar|Perish Song|p1a: Gengar\n|-start|p1a: Gengar|perish3|[silent]\n|-start|p1b: Dragapult|perish3|[silent]\n|-start|p2a: Mamoswine|perish3|[silent]\n|-start|p2b: Pelipper|perish3|[silent]\n|-fieldactivate|move: Perish Song\n|move|p2a: Mamoswine|Earthquake|p1b: Dragapult|[spread] p1a,p1b\n|-immune|p2b: Pelipper\n|-supereffective|p1a: Gengar|1\n|-damage|p1a: Gengar|30/100\n|-damage|p1b: Dragapult|34/100\n|\n|-weather|RainDance|[upkeep]\n|-damage|p2a: Mamoswine|89/100 brn|[from] brn\n|-start|p1b: Dragapult|perish3\n|-start|p2b: Pelipper|perish3\n|-start|p1a: Gengar|perish3\n|-start|p2a: Mamoswine|perish3\n|upkeep\n|turn|3\n|inactive|Kirnil has 30 seconds left.\n|\n|t:|1776388150\n|move|p1a: Gengar|Protect|p1a: Gengar\n|-singleturn|p1a: Gengar|Protect\n|move|p1b: Dragapult|Reflect|p1b: Dragapult\n|-sidestart|p1: Kirnil|Reflect\n|move|p2b: Pelipper|Muddy Water|p1b: Dragapult|[spread] p1b\n|-activate|p1a: Gengar|move: Protect\n|-resisted|p1b: Dragapult|1\n|-damage|p1b: Dragapult|18/100\n|move|p2a: Mamoswine|Earthquake|p1a: Gengar|[spread] p1b\n|-activate|p1a: Gengar|move: Protect\n|-immune|p2b: Pelipper\n|-damage|p1b: Dragapult|1/100\n|\n|-weather|RainDance|[upkeep]\n|-damage|p2a: Mamoswine|83/100 brn|[from] brn\n|-start|p1b: Dragapult|perish2\n|-start|p2b: Pelipper|perish2\n|-start|p1a: Gengar|perish2\n|-start|p2a: Mamoswine|perish2\n|upkeep\n|turn|4\n|inactive|Kirnil has 30 seconds left.\n|\n|t:|1776388176\n|switch|p1b: Arcanine|Arcanine-Hisui, L50, M|100/100\n|-ability|p1b: Arcanine|Intimidate|boost\n|-fail|p2a: Mamoswine|unboost|Attack|[from] ability: Oblivious|[of] p2a: Mamoswine\n|-immune|p2b: Pelipper\n|move|p1a: Gengar|Protect||[still]\n|-fail|p1a: Gengar\n|move|p2b: Pelipper|Muddy Water|p1b: Arcanine|[spread] p1a,p1b\n|-supereffective|p1b: Arcanine|2\n|-damage|p1a: Gengar|0 fnt\n|-enditem|p1b: Arcanine|Focus Sash\n|-damage|p1b: Arcanine|1/100\n|faint|p1a: Gengar\n|move|p2a: Mamoswine|Earthquake|p1b: Arcanine|[spread] p1b\n|-immune|p2b: Pelipper\n|-supereffective|p1b: Arcanine|2\n|-damage|p1b: Arcanine|0 fnt\n|faint|p1b: Arcanine\n|\n|-weather|RainDance|[upkeep]\n|-damage|p2a: Mamoswine|77/100 brn|[from] brn\n|-start|p2b: Pelipper|perish1\n|-start|p2a: Mamoswine|perish1\n|upkeep\n|\n|t:|1776388188\n|switch|p1b: Dragapult|Dragapult, L50, F|1/100\n|switch|p1a: Politoed|Politoed, L50, M|100/100\n|turn|5\n|\n|t:|1776388200\n|switch|p2b: Orthworm|Orthworm, L50, F|75/100\n|move|p2a: Mamoswine|Ice Shard|p1b: Dragapult\n|-supereffective|p1b: Dragapult|1\n|-damage|p1b: Dragapult|0 fnt\n|-start|p2a: Mamoswine|Disable|Ice Shard|[from] ability: Cursed Body|[of] p1b: Dragapult\n|faint|p1b: Dragapult\n|move|p1a: Politoed|Chilling Water|p2a: Mamoswine\n|-supereffective|p2a: Mamoswine|1\n|-damage|p2a: Mamoswine|3/100 brn\n|-unboost|p2a: Mamoswine|atk|1\n|\n|-weather|none\n|-damage|p2a: Mamoswine|0 fnt|[from] brn\n|faint|p2a: Mamoswine\n|upkeep\n|-message|Kirnil forfeited.\n|\n|win|AAACompanyBtw\n|raw|Kirnil's rating: 1359 &rarr; <strong>1334</strong><br />(-25 for losing)\n|raw|AAACompanyBtw's rating: 1273 &rarr; <strong>1304</strong><br />(+31 for winning)\n|l|\u2606Kirnil\n|player|p1|\n",
  "uploadtime": 1776388212,
  "views": 40,
  "formatid": "gen9championsvgc2026regma",
  "rating": 1304,
  "private": 0,
  "password": null
}