{
  "id": "gen9championsvgc2026regma-2583376798",
  "format": "[Gen 9 Champions] VGC 2026 Reg M-A",
  "players": [
    "TheWonderfulGirl",
    "Surisurisuri"
  ],
  "log": "|j|\u2606TheWonderfulGirl\n|j|\u2606Surisurisuri\n|t:|1776171333\n|gametype|doubles\n|player|p1|TheWonderfulGirl|pokekid|1150\n|player|p2|Surisurisuri|102|1077\n|gen|9\n|tier|[Gen 9 Champions] VGC 2026 Reg M-A\n|rated|\n|rule|Species Clause: Limit one of each Pok\u00e9mon\n|rule|Item Clause: Limit 1 of each item\n|clearpoke\n|poke|p1|Froslass, L50, F|\n|poke|p1|Garchomp, L50, F|\n|poke|p1|Rotom-Frost, L50|\n|poke|p1|Empoleon, L50, M|\n|poke|p1|Incineroar, L50, M|\n|poke|p1|Kingambit, L50, M|\n|poke|p2|Meganium, L50, F|\n|poke|p2|Dragonite, L50, M|\n|poke|p2|Archaludon, L50, M|\n|poke|p2|Pelipper, L50, M|\n|poke|p2|Basculegion, L50, M|\n|poke|p2|Sneasler, L50, F|\n|teampreview|4\n|inactive|Battle timer is ON: inactive players will automatically lose when time's up. (requested by TheWonderfulGirl)\n|inactive|TheWonderfulGirl has 60 seconds left.\n|\n|t:|1776171382\n|teamsize|p1|4\n|teamsize|p2|4\n|start\n|switch|p1a: Rotom|Rotom-Frost, L50|100/100\n|switch|p1b: Incineroar|Incineroar, L50, M|100/100\n|switch|p2a: Sneasler|Sneasler, L50, F|100/100\n|switch|p2b: Dragonite|Dragonite, L50, M|100/100\n|-ability|p1b: Incineroar|Intimidate|boost\n|-unboost|p2a: Sneasler|atk|1\n|-unboost|p2b: Dragonite|atk|1\n|-enditem|p2a: Sneasler|White Herb\n|-clearnegativeboost|p2a: Sneasler|[silent]\n|turn|1\n|inactive|TheWonderfulGirl has 30 seconds left.\n|inactive|Surisurisuri has 30 seconds left.\n|inactive|TheWonderfulGirl has 20 seconds left.\n|inactive|Surisurisuri has 20 seconds left.\n|inactive|TheWonderfulGirl has 15 seconds left.\n|inactive|Surisurisuri has 15 seconds left.\n|inactive|TheWonderfulGirl has 10 seconds left.\n|inactive|Surisurisuri has 10 seconds left.\n|inactive|Surisurisuri has 5 seconds left.\n|\n|t:|1776171432\n|move|p2a: Sneasler|Fake Out|p1b: Incineroar\n|-damage|p1b: Incineroar|86/100\n|move|p1a: Rotom|Volt Switch|p2a: Sneasler\n|-damage|p2a: Sneasler|56/100\n|\n|t:|1776171440\n|switch|p1a: Froslass|Froslass, L50, F|100/100|[from] Volt Switch\n|move|p2b: Dragonite|Tailwind|p2b: Dragonite\n|-sidestart|p2: Surisurisuri|move: Tailwind\n|cant|p1b: Incineroar|flinch\n|\n|upkeep\n|turn|2\n|inactive|TheWonderfulGirl has 30 seconds left.\n|\n|t:|1776171467\n|switch|p2b: Pelipper|Pelipper, L50, M|100/100\n|-weather|RainDance|[from] ability: Drizzle|[of] p2b: Pelipper\n|switch|p1b: Empoleon|Empoleon, L50, M|100/100\n|detailschange|p1a: Froslass|Froslass-Mega, L50, F\n|-mega|p1a: Froslass|Froslass|Froslassite\n|-weather|Snowscape|[from] ability: Snow Warning|[of] p1a: Froslass\n|move|p2a: Sneasler|Close Combat|p1b: Empoleon\n|-supereffective|p1b: Empoleon|1\n|-damage|p1b: Empoleon|0 fnt\n|-unboost|p2a: Sneasler|def|1\n|-unboost|p2a: Sneasler|spd|1\n|faint|p1b: Empoleon\n|move|p1a: Froslass|Aurora Veil|p1a: Froslass\n|-sidestart|p1: TheWonderfulGirl|move: Aurora Veil\n|\n|-weather|Snowscape|[upkeep]\n|upkeep\n|\n|t:|1776171486\n|switch|p1b: Incineroar|Incineroar, L50, M|86/100\n|-ability|p1b: Incineroar|Intimidate|boost\n|-unboost|p2a: Sneasler|atk|1\n|-unboost|p2b: Pelipper|atk|1\n|turn|3\n|\n|t:|1776171498\n|switch|p2a: Basculegion|Basculegion, L50, M|100/100\n|move|p2b: Pelipper|Protect|p2b: Pelipper\n|-singleturn|p2b: Pelipper|Protect\n|move|p1b: Incineroar|Fake Out|p2a: Basculegion\n|-immune|p2a: Basculegion\n|move|p1a: Froslass|Blizzard|p2a: Basculegion|[spread] p2a\n|-activate|p2b: Pelipper|move: Protect\n|-resisted|p2a: Basculegion|1\n|-damage|p2a: Basculegion|72/100\n|\n|-weather|Snowscape|[upkeep]\n|upkeep\n|turn|4\n|inactive|Surisurisuri has 30 seconds left.\n|inactive|Surisurisuri has 20 seconds left.\n|inactive|Surisurisuri has 15 seconds left.\n|inactive|Surisurisuri has 10 seconds left.\n|\n|t:|1776171544\n|move|p1a: Froslass|Protect|p1a: Froslass\n|-singleturn|p1a: Froslass|Protect\n|move|p2b: Pelipper|Protect||[still]\n|-fail|p2b: Pelipper\n|move|p2a: Basculegion|Last Respects|p1a: Froslass\n|-activate|p1a: Froslass|move: Protect\n|move|p1b: Incineroar|Parting Shot|p2a: Basculegion\n|-unboost|p2a: Basculegion|atk|1\n|-unboost|p2a: Basculegion|spa|1\n|\n|t:|1776171555\n|switch|p1b: Rotom|Rotom-Frost, L50|100/100|[from] Parting Shot\n|\n|-weather|Snowscape|[upkeep]\n|-sideend|p2: Surisurisuri|move: Tailwind\n|upkeep\n|turn|5\n|inactive|Surisurisuri has 30 seconds left.\n|\n|t:|1776171588\n|switch|p2a: Sneasler|Sneasler, L50, F|56/100\n|move|p1b: Rotom|Volt Switch|p2a: Sneasler\n|-damage|p2a: Sneasler|14/100\n|\n|t:|1776171594\n|switch|p1b: Incineroar|Incineroar, L50, M|86/100|[from] Volt Switch\n|-ability|p1b: Incineroar|Intimidate|boost\n|-unboost|p2a: Sneasler|atk|1\n|-unboost|p2b: Pelipper|atk|1\n|move|p1a: Froslass|Blizzard|p2b: Pelipper|[spread] p2a,p2b\n|-crit|p2a: Sneasler\n|-damage|p2a: Sneasler|0 fnt\n|-damage|p2b: Pelipper|37/100\n|faint|p2a: Sneasler\n|move|p2b: Pelipper|Tailwind|p2b: Pelipper\n|-sidestart|p2: Surisurisuri|move: Tailwind\n|\n|-weather|Snowscape|[upkeep]\n|upkeep\n|\n|t:|1776171603\n|switch|p2a: Dragonite|Dragonite, L50, M|100/100\n|turn|6\n|\n|t:|1776171613\n|switch|p2a: Basculegion|Basculegion, L50, M|72/100\n|move|p1b: Incineroar|Fake Out|p2a: Basculegion\n|-immune|p2a: Basculegion\n|move|p1a: Froslass|Blizzard|p2b: Pelipper|[spread] p2a,p2b\n|-resisted|p2a: Basculegion|1\n|-damage|p2a: Basculegion|43/100\n|-damage|p2b: Pelipper|0 fnt\n|faint|p2b: Pelipper\n|\n|-weather|none\n|-sideend|p1: TheWonderfulGirl|move: Aurora Veil\n|upkeep\n|\n|t:|1776171625\n|switch|p2b: Dragonite|Dragonite, L50, M|100/100\n|turn|7\n|\n|t:|1776171647\n|detailschange|p2b: Dragonite|Dragonite-Mega, L50, M\n|-mega|p2b: Dragonite|Dragonite|Dragoninite\n|move|p1a: Froslass|Protect|p1a: Froslass\n|-singleturn|p1a: Froslass|Protect\n|move|p2a: Basculegion|Wave Crash|p1b: Incineroar\n|-supereffective|p1b: Incineroar|1\n|-damage|p1b: Incineroar|0 fnt\n|faint|p1b: Incineroar\n|-damage|p2a: Basculegion|14/100|[from] Recoil\n|move|p2b: Dragonite|Draco Meteor|p1a: Froslass\n|-activate|p1a: Froslass|move: Protect\n|\n|upkeep\n|\n|t:|1776171661\n|switch|p1b: Rotom|Rotom-Frost, L50|100/100\n|turn|8\n|\n|t:|1776171676\n|move|p2a: Basculegion|Wave Crash|p1a: Froslass\n|-damage|p1a: Froslass|0 fnt\n|faint|p1a: Froslass\n|-damage|p2a: Basculegion|0 fnt|[from] Recoil\n|faint|p2a: Basculegion\n|move|p2b: Dragonite|Draco Meteor|p1b: Rotom\n|-damage|p1b: Rotom|0 fnt\n|-unboost|p2b: Dragonite|spa|2\n|faint|p1b: Rotom\n|\n|win|Surisurisuri\n|raw|TheWonderfulGirl's rating: 1150 &rarr; <strong>1120</strong><br />(-30 for losing)\n|raw|Surisurisuri's rating: 1077 &rarr; <strong>1111</strong><br />(+34 for winning)\n|l|\u2606Surisurisuri\n|player|p2|\n",
  "uploadtime": 1776171689,
  "views": 21,
  "formatid": "gen9championsvgc2026regma",
  "rating": 1111,
  "private": 0,
  "password": null
}