{
  "id": "gen9championsvgc2026regma-2586127049",
  "format": "[Gen 9 Champions] VGC 2026 Reg M-A",
  "players": [
    "OuiMus_KXYRIU9",
    "EXSA"
  ],
  "log": "|j|\u2606OuiMus_KXYRIU9\n|j|\u2606EXSA\n|t:|1776402279\n|gametype|doubles\n|player|p1|OuiMus_KXYRIU9|101|1031\n|player|p2|EXSA|102|1105\n|gen|9\n|tier|[Gen 9 Champions] VGC 2026 Reg M-A\n|rated|\n|rule|Species Clause: Limit one of each Pok\u00e9mon\n|rule|Item Clause: Limit 1 of each item\n|clearpoke\n|poke|p1|Charizard, L50, M|\n|poke|p1|Venusaur, L50, F|\n|poke|p1|Talonflame, L50, F|\n|poke|p1|Garchomp, L50, F|\n|poke|p1|Gardevoir, L50, M|\n|poke|p1|Raichu, L50, F|\n|poke|p2|Charizard, L50, F|\n|poke|p2|Incineroar, L50, M|\n|poke|p2|Maushold-Four, L50|\n|poke|p2|Garchomp, L50, F|\n|poke|p2|Whimsicott, L50, M|\n|poke|p2|Kingambit, L50, F|\n|teampreview|4\n|inactive|Battle timer is ON: inactive players will automatically lose when time's up. (requested by EXSA)\n|inactive|OuiMus_KXYRIU9 also wants the timer to be on.\n|\n|t:|1776402302\n|teamsize|p1|4\n|teamsize|p2|4\n|start\n|switch|p1a: Charizard|Charizard, L50, M|100/100\n|switch|p1b: Raichu|Raichu, L50, F|100/100\n|switch|p2a: Incineroar|Incineroar, L50, M|100/100\n|switch|p2b: Garchomp|Garchomp, L50, F|100/100\n|-ability|p2a: Incineroar|Intimidate|boost\n|-unboost|p1a: Charizard|atk|1\n|-unboost|p1b: Raichu|atk|1\n|turn|1\n|inactive|EXSA has 30 seconds left.\n|\n|t:|1776402330\n|move|p1a: Charizard|Protect|p1a: Charizard\n|-singleturn|p1a: Charizard|Protect\n|move|p1b: Raichu|Fake Out|p2b: Garchomp\n|-crit|p2b: Garchomp\n|-damage|p2b: Garchomp|90/100\n|-damage|p1b: Raichu|88/100|[from] ability: Rough Skin|[of] p2b: Garchomp\n|cant|p2b: Garchomp|flinch\n|move|p2a: Incineroar|Parting Shot|p1b: Raichu\n|-unboost|p1b: Raichu|atk|1\n|-unboost|p1b: Raichu|spa|1\n|\n|t:|1776402341\n|switch|p2a: Whimsicott|Whimsicott, L50, M|100/100|[from] Parting Shot\n|\n|upkeep\n|turn|2\n|inactive|OuiMus_KXYRIU9 has 30 seconds left.\n|\n|t:|1776402368\n|switch|p1b: Venusaur|Venusaur, L50, F|100/100\n|detailschange|p1a: Charizard|Charizard-Mega-Y, L50, M\n|-mega|p1a: Charizard|Charizard|Charizardite Y\n|-weather|SunnyDay|[from] ability: Drought|[of] p1a: Charizard\n|move|p2a: Whimsicott|Tailwind|p2a: Whimsicott\n|-sidestart|p2: EXSA|move: Tailwind\n|move|p2b: Garchomp|Rock Slide|p1b: Venusaur|[spread] p1a,p1b\n|-supereffective|p1a: Charizard|2\n|-damage|p1a: Charizard|0 fnt\n|-damage|p1b: Venusaur|70/100\n|faint|p1a: Charizard\n|\n|-weather|SunnyDay|[upkeep]\n|upkeep\n|\n|t:|1776402385\n|switch|p1a: Raichu|Raichu, L50, F|88/100\n|turn|3\n|\n|t:|1776402397\n|switch|p2a: Incineroar|Incineroar, L50, M|100/100\n|-ability|p2a: Incineroar|Intimidate|boost\n|-unboost|p1a: Raichu|atk|1\n|-unboost|p1b: Venusaur|atk|1\n|move|p2b: Garchomp|Rock Slide|p1b: Venusaur|[spread] p1a,p1b\n|-crit|p1a: Raichu\n|-damage|p1a: Raichu|25/100\n|-damage|p1b: Venusaur|43/100\n|move|p1b: Venusaur|Sludge Bomb|p2a: Incineroar\n|-damage|p2a: Incineroar|64/100\n|move|p1a: Raichu|Encore|p2b: Garchomp\n|-start|p2b: Garchomp|Encore\n|\n|-weather|SunnyDay|[upkeep]\n|upkeep\n|turn|4\n|inactive|OuiMus_KXYRIU9 has 30 seconds left.\n|\n|t:|1776402430\n|switch|p1a: Garchomp|Garchomp, L50, F|100/100\n|move|p2a: Incineroar|Fake Out|p1b: Venusaur\n|-damage|p1b: Venusaur|23/100\n|move|p2b: Garchomp|Rock Slide|p1a: Garchomp|[spread] p1b\n|-miss|p2b: Garchomp|p1a: Garchomp\n|-damage|p1b: Venusaur|0 fnt\n|faint|p1b: Venusaur\n|\n|-weather|SunnyDay|[upkeep]\n|upkeep\n|\n|t:|1776402441\n|switch|p1b: Raichu|Raichu, L50, F|25/100\n|turn|5\n|\n|t:|1776402447\n|switch|p2b: Whimsicott|Whimsicott, L50, M|100/100\n|move|p1b: Raichu|Fake Out|p2a: Incineroar\n|-damage|p2a: Incineroar|56/100\n|move|p1a: Garchomp|Dragon Claw|p2b: Whimsicott\n|-immune|p2b: Whimsicott\n|cant|p2a: Incineroar|flinch\n|\n|-weather|SunnyDay|[upkeep]\n|-sideend|p2: EXSA|move: Tailwind\n|upkeep\n|turn|6\n|\n|t:|1776402469\n|move|p2b: Whimsicott|Encore|p1b: Raichu\n|-start|p1b: Raichu|Encore\n|-enditem|p1b: Raichu|Mental Herb\n|-end|p1b: Raichu|Encore\n|move|p1b: Raichu|Thunderbolt|p2a: Incineroar\n|-damage|p2a: Incineroar|24/100\n|-enditem|p2a: Incineroar|Sitrus Berry|[eat]\n|-heal|p2a: Incineroar|49/100|[from] item: Sitrus Berry\n|move|p1a: Garchomp|Rock Slide|p2a: Incineroar|[spread] p2a\n|-miss|p1a: Garchomp|p2b: Whimsicott\n|-supereffective|p2a: Incineroar|1\n|-damage|p2a: Incineroar|6/100\n|move|p2a: Incineroar|Parting Shot|p1a: Garchomp\n|-unboost|p1a: Garchomp|atk|1\n|-unboost|p1a: Garchomp|spa|1\n|-message|OuiMus_KXYRIU9 forfeited.\n|\n|win|EXSA\n|raw|OuiMus_KXYRIU9's rating: 1031 &rarr; <strong>1019</strong><br />(-12 for losing)\n|raw|EXSA's rating: 1105 &rarr; <strong>1125</strong><br />(+20 for winning)\n|l|\u2606OuiMus_KXYRIU9\n|player|p1|\n",
  "uploadtime": 1776402488,
  "views": 15,
  "formatid": "gen9championsvgc2026regma",
  "rating": 1019,
  "private": 0,
  "password": null
}