{
  "id": "gen9championsvgc2026regma-2582470408",
  "format": "[Gen 9 Champions] VGC 2026 Reg M-A",
  "players": [
    "5wamp",
    "smartyff"
  ],
  "log": "|j|\u26065wamp\n|j|\u2606smartyff\n|html|<table width=\"100%\"><tr><td align=\"left\">5wamp</td><td align=\"right\">smartyff</tr><tr><td align=\"left\"><i class=\"fa fa-circle\"></i> <i class=\"fa fa-circle-o\"></i> </td><td align=\"right\"><i class=\"fa fa-circle-o\"></i> <i class=\"fa fa-circle\"></i> </tr></table>\n|uhtml|bestof|<h2><strong>Game 3</strong> of <a href=\"/game-bestof3-gen9championsvgc2026regma-2582462949\">a best-of-3</a></h2>\n|t:|1776093777\n|gametype|doubles\n|player|p1|5wamp|iono-masters|\n|player|p2|smartyff|dawn|\n|gen|9\n|tier|[Gen 9 Champions] VGC 2026 Reg M-A\n|rated|Tournament battle\n|rule|Species Clause: Limit one of each Pok\u00e9mon\n|rule|Item Clause: Limit 1 of each item\n|raw|<div class=\"infobox\"><details class=\"readmore\" open><summary><strong>2 custom rules:</strong></summary> Force Open Team Sheets, Best of = 3</details></div>\n|clearpoke\n|poke|p1|Floette-Eternal, L50, F|\n|poke|p1|Sneasler, L50, M|\n|poke|p1|Basculegion, L50, M|\n|poke|p1|Aerodactyl, L50, F|\n|poke|p1|Kingambit, L50, F|\n|poke|p1|Incineroar, L50, M|\n|poke|p2|Crabominable, L50, M|\n|poke|p2|Farigiraf, L50, M|\n|poke|p2|Gengar, L50, M|\n|poke|p2|Garchomp, L50, F|\n|poke|p2|Incineroar, L50, F|\n|poke|p2|Vivillon-Polar, L50, F|\n|teampreview|4\n|showteam|p1|Floette-Eternal||Floettite|FlowerVeil|Moonblast,DazzlingGleam,DrainingKiss,Protect|||F|||50|]Sneasler||WhiteHerb|Unburden|FakeOut,CloseCombat,DireClaw,Protect|||M|||50|]Basculegion||ChoiceScarf|Adaptability|WaveCrash,LastRespects,AquaJet,FlipTurn|||M|||50|]Aerodactyl||FocusSash|Unnerve|RockSlide,DualWingbeat,Tailwind,Protect|||F|||50|]Kingambit||ChopleBerry|Defiant|IronHead,LowKick,SuckerPunch,Protect|||F|||50|]Incineroar||SitrusBerry|Intimidate|FakeOut,FlareBlitz,ThroatChop,PartingShot|||M|||50|\n|showteam|p2|Crabominable||Crabominite|HyperCutter|IceHammer,DrainPunch,ThunderPunch,Protect|||M|||50|]Farigiraf||SitrusBerry|ArmorTail|HyperVoice,Psychic,HelpingHand,TrickRoom|||M|||50|]Gengar||Gengarite|CursedBody|ShadowBall,SludgeBomb,IcyWind,Protect|||M|||50|]Garchomp||SoftSand|RoughSkin|Earthquake,StompingTantrum,DragonClaw,Protect|||F|||50|]Incineroar||PasshoBerry|Intimidate|FakeOut,ThroatChop,FlareBlitz,PartingShot|||F|||50|]Vivillon-Polar||FocusSash|CompoundEyes|SleepPowder,Tailwind,Hurricane,Protect|||F|||50|\n|inactive|Battle timer is ON: inactive players will automatically lose when time's up. (requested by 5wamp)\n|j| TG511\n|j| chai56\n|inactive|5wamp has 60 seconds left.\n|j| Boethra\n|inactive|5wamp has 30 seconds left.\n|inactive|5wamp has 20 seconds left.\n|inactive|5wamp has 15 seconds left.\n|\n|t:|1776093857\n|teamsize|p1|4\n|teamsize|p2|4\n|start\n|switch|p1a: Floette|Floette-Eternal, L50, F|100/100\n|switch|p1b: Basculegion|Basculegion, L50, M|100/100\n|switch|p2a: Farigiraf|Farigiraf, L50, M|100/100\n|switch|p2b: Incineroar|Incineroar, L50, F|100/100\n|-ability|p2b: Incineroar|Intimidate|boost\n|-unboost|p1a: Floette|atk|1\n|-unboost|p1b: Basculegion|atk|1\n|turn|1\n|\n|t:|1776093876\n|detailschange|p1a: Floette|Floette-Mega, L50, F\n|-mega|p1a: Floette|Floette|Floettite\n|-ability|p1a: Floette|Fairy Aura\n|move|p2b: Incineroar|Fake Out|p1a: Floette\n|-damage|p1a: Floette|89/100\n|move|p1b: Basculegion|Wave Crash|p2a: Farigiraf\n|-damage|p2a: Farigiraf|51/100\n|-damage|p1b: Basculegion|82/100|[from] Recoil\n|cant|p1a: Floette|flinch\n|move|p2a: Farigiraf|Trick Room|p2a: Farigiraf\n|-fieldstart|move: Trick Room|[of] p2a: Farigiraf\n|\n|upkeep\n|turn|2\n|\n|t:|1776093885\n|switch|p1b: Incineroar|Incineroar, L50, M|100/100\n|-ability|p1b: Incineroar|Intimidate|boost\n|-unboost|p2a: Farigiraf|atk|1\n|-unboost|p2b: Incineroar|atk|1\n|move|p2a: Farigiraf|Helping Hand|p2b: Incineroar\n|-singleturn|p2b: Incineroar|Helping Hand|[of] p2a: Farigiraf\n|move|p2b: Incineroar|Flare Blitz|p1a: Floette\n|-damage|p1a: Floette|43/100\n|-damage|p2b: Incineroar|87/100|[from] Recoil\n|move|p1a: Floette|Dazzling Gleam|p2a: Farigiraf|[spread] p2a,p2b\n|-damage|p2a: Farigiraf|13/100\n|-damage|p2b: Incineroar|50/100\n|-enditem|p2a: Farigiraf|Sitrus Berry|[eat]\n|-heal|p2a: Farigiraf|38/100|[from] item: Sitrus Berry\n|\n|upkeep\n|turn|3\n|\n|t:|1776093900\n|move|p2a: Farigiraf|Hyper Voice|p1a: Floette|[spread] p1a,p1b\n|-damage|p1a: Floette|23/100\n|-damage|p1b: Incineroar|72/100\n|move|p1b: Incineroar|Parting Shot|p2b: Incineroar\n|-unboost|p2b: Incineroar|atk|1\n|-unboost|p2b: Incineroar|spa|1\n|\n|t:|1776093905\n|switch|p1b: Sneasler|Sneasler, L50, M|100/100|[from] Parting Shot\n|move|p2b: Incineroar|Parting Shot|p1b: Sneasler\n|-unboost|p1b: Sneasler|atk|1\n|-unboost|p1b: Sneasler|spa|1\n|\n|t:|1776093921\n|switch|p2b: Crabominable|Crabominable, L50, M|100/100|[from] Parting Shot\n|-enditem|p1b: Sneasler|White Herb\n|-clearnegativeboost|p1b: Sneasler|[silent]\n|move|p1a: Floette|Draining Kiss|p2a: Farigiraf\n|-damage|p2a: Farigiraf|6/100\n|-heal|p1a: Floette|54/100|[from] drain|[of] p2a: Farigiraf\n|\n|upkeep\n|turn|4\n|\n|t:|1776093939\n|switch|p2a: Incineroar|Incineroar, L50, F|50/100\n|-ability|p2a: Incineroar|Intimidate|boost\n|-unboost|p1a: Floette|atk|1\n|-unboost|p1b: Sneasler|atk|1\n|switch|p1a: Incineroar|Incineroar, L50, M|72/100\n|-ability|p1a: Incineroar|Intimidate|boost\n|-unboost|p2a: Incineroar|atk|1\n|-fail|p2b: Crabominable|unboost|Attack|[from] ability: Hyper Cutter|[of] p2b: Crabominable\n|detailschange|p2b: Crabominable|Crabominable-Mega, L50, M\n|-mega|p2b: Crabominable|Crabominable|Crabominite\n|move|p1b: Sneasler|Protect|p1b: Sneasler\n|-singleturn|p1b: Sneasler|Protect\n|move|p2b: Crabominable|Drain Punch|p1b: Sneasler\n|-activate|p1b: Sneasler|move: Protect\n|\n|upkeep\n|turn|5\n|l| TG511\n|\n|t:|1776093957\n|switch|p2a: Farigiraf|Farigiraf, L50, M|6/100\n|switch|p1a: Basculegion|Basculegion, L50, M|82/100\n|move|p2b: Crabominable|Drain Punch|p1a: Basculegion\n|-immune|p1a: Basculegion\n|move|p1b: Sneasler|Close Combat|p2b: Crabominable\n|-supereffective|p2b: Crabominable|1\n|-damage|p2b: Crabominable|33/100\n|-unboost|p1b: Sneasler|def|1\n|-unboost|p1b: Sneasler|spd|1\n|\n|-fieldend|move: Trick Room\n|upkeep\n|turn|6\n|-message|smartyff forfeited.\n|\n|win|5wamp\n",
  "uploadtime": 1776093967,
  "views": 12,
  "formatid": "gen9championsvgc2026regma",
  "rating": null,
  "private": 0,
  "password": null
}