{
  "id": "gen9championsvgc2026regma-2583268956",
  "format": "[Gen 9 Champions] VGC 2026 Reg M-A",
  "players": [
    "cottonface",
    "BarneysGumball"
  ],
  "log": "|j|\u2606cottonface\n|j|\u2606BarneysGumball\n|t:|1776161488\n|gametype|doubles\n|player|p1|cottonface|collector|1034\n|player|p2|BarneysGumball|266|1090\n|gen|9\n|tier|[Gen 9 Champions] VGC 2026 Reg M-A\n|rated|\n|rule|Species Clause: Limit one of each Pok\u00e9mon\n|rule|Item Clause: Limit 1 of each item\n|clearpoke\n|poke|p1|Snorlax, L50, M|\n|poke|p1|Audino, L50, M|\n|poke|p1|Zoroark-Hisui, L50, F|\n|poke|p1|Ditto, L50|\n|poke|p1|Farigiraf, L50, F|\n|poke|p1|Oranguru, L50, M|\n|poke|p2|Froslass, L50, F|\n|poke|p2|Sinistcha, L50|\n|poke|p2|Conkeldurr, L50, F|\n|poke|p2|Talonflame, L50, M|\n|poke|p2|Farigiraf, L50, F|\n|poke|p2|Milotic, L50, F|\n|teampreview|4\n|inactive|Battle timer is ON: inactive players will automatically lose when time's up. (requested by BarneysGumball)\n|\n|t:|1776161567\n|teamsize|p1|4\n|teamsize|p2|4\n|start\n|switch|p1a: Snorlax|Snorlax, L50, M|100/100\n|switch|p1b: Ditto|Ditto, L50|100/100\n|switch|p2a: Sinistcha|Sinistcha, L50|100/100\n|switch|p2b: Froslass|Froslass, L50, F|100/100\n|-transform|p1b: Ditto|p2a: Sinistcha|[from] ability: Imposter\n|turn|1\n|\n|t:|1776161591\n|detailschange|p2b: Froslass|Froslass-Mega, L50, F\n|-mega|p2b: Froslass|Froslass|Froslassite\n|-weather|Snowscape|[from] ability: Snow Warning|[of] p2b: Froslass\n|move|p2a: Sinistcha|Rage Powder|p2a: Sinistcha\n|-singleturn|p2a: Sinistcha|move: Rage Powder\n|move|p2b: Froslass|Blizzard|p1b: Ditto|[spread] p1a,p1b\n|-supereffective|p1b: Ditto|1\n|-damage|p1a: Snorlax|85/100\n|-damage|p1b: Ditto|0 fnt\n|faint|p1b: Ditto\n|move|p1a: Snorlax|Crunch|p2a: Sinistcha\n|-supereffective|p2a: Sinistcha|1\n|-damage|p2a: Sinistcha|56/100\n|\n|-weather|Snowscape|[upkeep]\n|-heal|p1a: Snorlax|91/100|[from] item: Leftovers\n|upkeep\n|\n|t:|1776161605\n|switch|p1b: Audino|Audino, L50, M|100/100\n|turn|2\n|\n|t:|1776161620\n|move|p2a: Sinistcha|Rage Powder|p2a: Sinistcha\n|-singleturn|p2a: Sinistcha|move: Rage Powder\n|move|p1b: Audino|Shadow Ball|p2a: Sinistcha\n|-supereffective|p2a: Sinistcha|1\n|-damage|p2a: Sinistcha|0 fnt\n|faint|p2a: Sinistcha\n|move|p2b: Froslass|Blizzard|p1a: Snorlax|[spread] p1a,p1b\n|-damage|p1a: Snorlax|76/100\n|-enditem|p1b: Audino|Focus Sash\n|-damage|p1b: Audino|1/100\n|replace|p1b: Zoroark|Zoroark-Hisui, L50, F\n|-end|p1b: Zoroark|Illusion\n|move|p1a: Snorlax|Crunch|p2b: Froslass\n|-supereffective|p2b: Froslass|1\n|-damage|p2b: Froslass|37/100\n|\n|-weather|Snowscape|[upkeep]\n|-heal|p1a: Snorlax|82/100|[from] item: Leftovers\n|upkeep\n|\n|t:|1776161638\n|switch|p2a: Talonflame|Talonflame, L50, M|100/100\n|turn|3\n|\n|t:|1776161660\n|move|p2a: Talonflame|Tailwind|p2a: Talonflame\n|-sidestart|p2: BarneysGumball|move: Tailwind\n|move|p2b: Froslass|Blizzard|p1b: Zoroark|[spread] p1a,p1b\n|-damage|p1a: Snorlax|66/100\n|-damage|p1b: Zoroark|0 fnt\n|faint|p1b: Zoroark\n|move|p1a: Snorlax|Crunch|p2b: Froslass\n|-supereffective|p2b: Froslass|1\n|-damage|p2b: Froslass|0 fnt\n|faint|p2b: Froslass\n|\n|-weather|Snowscape|[upkeep]\n|-heal|p1a: Snorlax|72/100|[from] item: Leftovers\n|upkeep\n|\n|t:|1776161671\n|switch|p1b: Audino|Audino, L50, M|100/100\n|switch|p2b: Milotic|Milotic, L50, F|100/100\n|turn|4\n|\n|t:|1776161686\n|detailschange|p1b: Audino|Audino-Mega, L50, M\n|-mega|p1b: Audino|Audino|Audinite\n|move|p2a: Talonflame|Dual Wingbeat|p1a: Snorlax\n|-damage|p1a: Snorlax|57/100\n|-damage|p1a: Snorlax|44/100\n|-hitcount|p1a: Snorlax|2\n|move|p2b: Milotic|Scald|p1a: Snorlax\n|-damage|p1a: Snorlax|22/100\n|move|p1a: Snorlax|Curse|p1a: Snorlax\n|-unboost|p1a: Snorlax|spe|1\n|-boost|p1a: Snorlax|atk|1\n|-boost|p1a: Snorlax|def|1\n|move|p1b: Audino|Trick Room|p1b: Audino\n|-fieldstart|move: Trick Room|[of] p1b: Audino\n|\n|-weather|Snowscape|[upkeep]\n|-heal|p1a: Snorlax|28/100|[from] item: Leftovers\n|upkeep\n|turn|5\n|inactive|cottonface has 30 seconds left.\n|\n|t:|1776161713\n|move|p2a: Talonflame|Dual Wingbeat|p1a: Snorlax\n|-damage|p1a: Snorlax|18/100\n|-damage|p1a: Snorlax|8/100\n|-hitcount|p1a: Snorlax|2\n|move|p1a: Snorlax|Rest|p1a: Snorlax\n|-status|p1a: Snorlax|slp|[from] move: Rest\n|-heal|p1a: Snorlax|100/100 slp|[silent]\n|move|p1b: Audino|Wish|p1b: Audino\n|move|p2b: Milotic|Scald|p1a: Snorlax\n|-damage|p1a: Snorlax|80/100 slp\n|\n|-weather|none\n|-heal|p1a: Snorlax|86/100 slp|[from] item: Leftovers\n|-activate|p1b: Audino|ability: Healer\n|-curestatus|p1a: Snorlax|slp|[msg]\n|upkeep\n|turn|6\n|\n|t:|1776161734\n|move|p2a: Talonflame|Protect|p2a: Talonflame\n|-singleturn|p2a: Talonflame|Protect\n|move|p1b: Audino|Ally Switch|p1b: Audino\n|swap|p1b: Audino|0|[from] move: Ally Switch\n|move|p1b: Snorlax|Double-Edge|p2a: Talonflame\n|-activate|p2a: Talonflame|move: Protect\n|move|p2b: Milotic|Scald|p1a: Audino\n|-damage|p1a: Audino|80/100\n|-status|p1a: Audino|brn\n|\n|-heal|p1b: Snorlax|100/100|[from] move: Wish|[wisher] Audino\n|-damage|p1a: Audino|74/100 brn|[from] brn\n|-sideend|p2: BarneysGumball|move: Tailwind\n|upkeep\n|turn|7\n|inactive|BarneysGumball has 30 seconds left.\n|inactive|BarneysGumball has 20 seconds left.\n|\n|t:|1776161772\n|move|p1a: Audino|Protect|p1a: Audino\n|-singleturn|p1a: Audino|Protect\n|move|p2a: Talonflame|Dual Wingbeat|p1a: Audino\n|-activate|p1a: Audino|move: Protect\n|move|p1b: Snorlax|Double-Edge|p2a: Talonflame\n|-enditem|p2a: Talonflame|Focus Sash\n|-damage|p2a: Talonflame|1/100\n|-damage|p1b: Snorlax|81/100|[from] Recoil\n|move|p2b: Milotic|Scald|p1a: Audino\n|-activate|p1a: Audino|move: Protect\n|\n|-heal|p1b: Snorlax|87/100|[from] item: Leftovers\n|-damage|p1a: Audino|68/100 brn|[from] brn\n|upkeep\n|turn|8\n|\n|t:|1776161797\n|move|p1a: Audino|Ally Switch|p1a: Audino\n|swap|p1a: Audino|1|[from] move: Ally Switch\n|move|p1a: Snorlax|Double-Edge|p2b: Milotic\n|-damage|p2b: Milotic|0 fnt\n|faint|p2b: Milotic\n|-damage|p1a: Snorlax|66/100|[from] Recoil\n|move|p2a: Talonflame|Dual Wingbeat|p1a: Snorlax\n|-damage|p1a: Snorlax|56/100\n|-crit|p1a: Snorlax\n|-damage|p1a: Snorlax|35/100\n|-hitcount|p1a: Snorlax|2\n|\n|-heal|p1a: Snorlax|41/100|[from] item: Leftovers\n|-damage|p1b: Audino|62/100 brn|[from] brn\n|-fieldend|move: Trick Room\n|upkeep\n|turn|9\n|-message|BarneysGumball forfeited.\n|\n|win|cottonface\n|raw|cottonface's rating: 1034 &rarr; <strong>1074</strong><br />(+40 for winning)\n|raw|BarneysGumball's rating: 1090 &rarr; <strong>1063</strong><br />(-27 for losing)\n|l|\u2606BarneysGumball\n|player|p2|\n|c|\u2606cottonface|gg\n",
  "uploadtime": 1776161815,
  "views": 13,
  "formatid": "gen9championsvgc2026regma",
  "rating": 1063,
  "private": 0,
  "password": null
}