{
  "id": "gen9championsvgc2026regma-2589542542",
  "format": "[Gen 9 Champions] VGC 2026 Reg M-A",
  "players": [
    "Sic-beatz",
    "scrambledegg62"
  ],
  "log": "|j|\u2606Sic-beatz\n|j|\u2606scrambledegg62\n|t:|1776732531\n|gametype|doubles\n|player|p1|Sic-beatz|101|1405\n|player|p2|scrambledegg62|lance|1341\n|gen|9\n|tier|[Gen 9 Champions] VGC 2026 Reg M-A\n|rated|\n|rule|Species Clause: Limit one of each Pok\u00e9mon\n|rule|Item Clause: Limit 1 of each item\n|clearpoke\n|poke|p1|Chandelure, L50, M, shiny|\n|poke|p1|Milotic, L50, M, shiny|\n|poke|p1|Clefable, L50, F, shiny|\n|poke|p1|Rotom-Wash, L50, shiny|\n|poke|p1|Kommo-o, L50, F, shiny|\n|poke|p1|Liepard, L50, F, shiny|\n|poke|p2|Talonflame, L50, M, shiny|\n|poke|p2|Floette-Eternal, L50, F|\n|poke|p2|Garchomp, L50, F, shiny|\n|poke|p2|Basculegion, L50, M, shiny|\n|poke|p2|Sneasler, L50, M|\n|poke|p2|Farigiraf, L50, F, shiny|\n|teampreview|4\n|inactive|Battle timer is ON: inactive players will automatically lose when time's up. (requested by scrambledegg62)\n|inactive|Sic-beatz has 60 seconds left.\n|inactive|Sic-beatz has 30 seconds left.\n|\n|t:|1776732595\n|teamsize|p1|4\n|teamsize|p2|4\n|start\n|switch|p1a: Rotom|Rotom-Wash, L50, shiny|100/100\n|switch|p1b: Liepard|Liepard, L50, F, shiny|100/100\n|switch|p2a: Garchomp|Garchomp, L50, F, shiny|100/100\n|switch|p2b: Basculegion|Basculegion, L50, M, shiny|100/100\n|turn|1\n|inactive|scrambledegg62 has 30 seconds left.\n|inactive|scrambledegg62 has 20 seconds left.\n|\n|t:|1776732632\n|move|p1b: Liepard|Thunder Wave|p2b: Basculegion\n|-status|p2b: Basculegion|par\n|move|p1a: Rotom|Will-O-Wisp|p2a: Garchomp\n|-status|p2a: Garchomp|brn\n|move|p2a: Garchomp|Stomping Tantrum|p1b: Liepard\n|-damage|p1b: Liepard|58/100\n|cant|p2b: Basculegion|par\n|\n|-damage|p2a: Garchomp|95/100 brn|[from] brn\n|upkeep\n|turn|2\n|\n|t:|1776732657\n|switch|p1a: Chandelure|Chandelure, L50, M, shiny|100/100\n|move|p1b: Liepard|Sunny Day|p1b: Liepard\n|-weather|SunnyDay\n|move|p2a: Garchomp|Rock Tomb|p1a: Chandelure\n|-supereffective|p1a: Chandelure|1\n|-damage|p1a: Chandelure|79/100\n|-unboost|p1a: Chandelure|spe|1\n|move|p2b: Basculegion|Flip Turn|p1b: Liepard\n|-damage|p1b: Liepard|26/100\n|\n|t:|1776732668\n|switch|p2b: Talonflame|Talonflame, L50, M, shiny|100/100|[from] Flip Turn\n|\n|-weather|SunnyDay|[upkeep]\n|-damage|p2a: Garchomp|89/100 brn|[from] brn\n|upkeep\n|turn|3\n|\n|t:|1776732684\n|switch|p1a: Rotom|Rotom-Wash, L50, shiny|100/100\n|move|p2b: Talonflame|Brave Bird|p1b: Liepard\n|-damage|p1b: Liepard|0 fnt\n|faint|p1b: Liepard\n|-damage|p2b: Talonflame|91/100|[from] Recoil\n|move|p2a: Garchomp|Earthquake|p1a: Rotom|[spread] \n|-immune|p2b: Talonflame\n|-immune|p1a: Rotom|[from] ability: Levitate\n|\n|-weather|SunnyDay|[upkeep]\n|-damage|p2a: Garchomp|83/100 brn|[from] brn\n|upkeep\n|\n|t:|1776732701\n|switch|p1b: Chandelure|Chandelure, L50, M, shiny|79/100\n|turn|4\n|\n|t:|1776732714\n|detailschange|p1b: Chandelure|Chandelure-Mega, L50, M, shiny\n|-mega|p1b: Chandelure|Chandelure|Chandelurite\n|move|p1a: Rotom|Volt Switch|p2b: Talonflame\n|-supereffective|p2b: Talonflame|1\n|-damage|p2b: Talonflame|0 fnt\n|faint|p2b: Talonflame\n|\n|t:|1776732720\n|switch|p1a: Clefable|Clefable, L50, F, shiny|100/100|[from] Volt Switch\n|move|p2a: Garchomp|Stomping Tantrum|p1b: Chandelure\n|-supereffective|p1b: Chandelure|1\n|-crit|p1b: Chandelure\n|-damage|p1b: Chandelure|0 fnt\n|faint|p1b: Chandelure\n|\n|-weather|SunnyDay|[upkeep]\n|-damage|p2a: Garchomp|77/100 brn|[from] brn\n|upkeep\n|\n|t:|1776732735\n|switch|p2b: Basculegion|Basculegion, L50, M, shiny|100/100 par\n|switch|p1b: Rotom|Rotom-Wash, L50, shiny|100/100\n|turn|5\n|\n|t:|1776732750\n|move|p1b: Rotom|Electroweb|p2a: Garchomp|[spread] p2b\n|-immune|p2a: Garchomp\n|-supereffective|p2b: Basculegion|1\n|-damage|p2b: Basculegion|57/100 par\n|-unboost|p2b: Basculegion|spe|1\n|move|p2a: Garchomp|Rock Tomb|p1b: Rotom\n|-damage|p1b: Rotom|87/100\n|-unboost|p1b: Rotom|spe|1\n|move|p1a: Clefable|Moonblast|p2a: Garchomp\n|-supereffective|p2a: Garchomp|1\n|-damage|p2a: Garchomp|0 fnt\n|faint|p2a: Garchomp\n|move|p2b: Basculegion|Icy Wind|p1b: Rotom|[spread] p1a,p1b\n|-resisted|p1b: Rotom|1\n|-damage|p1a: Clefable|94/100\n|-damage|p1b: Rotom|82/100\n|-unboost|p1a: Clefable|spe|1\n|-unboost|p1b: Rotom|spe|1\n|\n|-weather|SunnyDay|[upkeep]\n|upkeep\n|\n|t:|1776732765\n|switch|p2a: Floette|Floette-Eternal, L50, F|100/100\n|turn|6\n|\n|t:|1776732787\n|detailschange|p2a: Floette|Floette-Mega, L50, F\n|-mega|p2a: Floette|Floette|Floettite\n|-ability|p2a: Floette|Fairy Aura\n|move|p2a: Floette|Moonblast|p1b: Rotom\n|-damage|p1b: Rotom|0 fnt\n|faint|p1b: Rotom\n|move|p2b: Basculegion|Icy Wind|p1a: Clefable\n|-damage|p1a: Clefable|84/100\n|-unboost|p1a: Clefable|spe|1\n|move|p1a: Clefable|Life Dew|p1a: Clefable\n|-heal|p1a: Clefable|100/100\n|\n|-weather|none\n|upkeep\n|turn|7\n|inactive|Sic-beatz has 30 seconds left.\n|-message|Sic-beatz forfeited.\n|\n|win|scrambledegg62\n|raw|Sic-beatz's rating: 1405 &rarr; <strong>1381</strong><br />(-24 for losing)\n|raw|scrambledegg62's rating: 1341 &rarr; <strong>1365</strong><br />(+24 for winning)\n",
  "uploadtime": 1776732816,
  "views": 2,
  "formatid": "gen9championsvgc2026regma",
  "rating": 1365,
  "private": 0,
  "password": null
}