{
  "id": "gen9championsvgc2026regma-2580800370",
  "format": "[Gen 9 Champions] VGC 2026 Reg M-A",
  "players": [
    "hozesama",
    "collateraldamagejr"
  ],
  "log": "|j|\u2606hozesama\n|j|\u2606collateraldamagejr\n|t:|1775933516\n|gametype|doubles\n|player|p1|hozesama|cynthia-masters4|1169\n|player|p2|collateraldamagejr|169|1098\n|gen|9\n|tier|[Gen 9 Champions] VGC 2026 Reg M-A\n|rated|\n|rule|Species Clause: Limit one of each Pok\u00e9mon\n|rule|Item Clause: Limit 1 of each item\n|clearpoke\n|poke|p1|Gyarados, L50, M|\n|poke|p1|Venusaur, L50, M|\n|poke|p1|Sneasler, L50, F|\n|poke|p1|Kingambit, L50, F|\n|poke|p1|Basculegion, L50, M|\n|poke|p1|Gliscor, L50, M|\n|poke|p2|Froslass, L50, F|\n|poke|p2|Arcanine-Hisui, L50, F|\n|poke|p2|Gyarados, L50, F|\n|poke|p2|Kingambit, L50, F|\n|poke|p2|Hydreigon, L50, M|\n|poke|p2|Mr. Rime, L50, M|\n|teampreview|4\nhozesama rejected open team sheets.\n|\n|t:|1775933559\n|teamsize|p1|4\n|teamsize|p2|4\n|start\n|switch|p1a: Gyarados|Gyarados, L50, M|100/100\n|switch|p1b: Sneasler|Sneasler, L50, F|100/100\n|switch|p2a: Froslass|Froslass, L50, F, shiny|100/100\n|switch|p2b: Mr. Rime|Mr. Rime, L50, M|100/100\n|-ability|p1a: Gyarados|Intimidate|boost\n|-unboost|p2a: Froslass|atk|1\n|-unboost|p2b: Mr. Rime|atk|1\n|turn|1\n|\n|t:|1775933573\n|switch|p2b: Gyarados|Gyarados, L50, F, shiny|100/100\n|-ability|p2b: Gyarados|Intimidate|boost\n|-unboost|p1a: Gyarados|atk|1\n|-unboost|p1b: Sneasler|atk|1\n|-enditem|p1b: Sneasler|White Herb\n|-clearnegativeboost|p1b: Sneasler|[silent]\n|detailschange|p2a: Froslass|Froslass-Mega, L50, F, shiny\n|-mega|p2a: Froslass|Froslass|Froslassite\n|-weather|Snowscape|[from] ability: Snow Warning|[of] p2a: Froslass\n|detailschange|p1a: Gyarados|Gyarados-Mega, L50, M\n|-mega|p1a: Gyarados|Gyarados|Gyaradosite\n|-ability|p1a: Gyarados|Mold Breaker\n|move|p1b: Sneasler|Fake Out|p2b: Gyarados\n|-damage|p2b: Gyarados|88/100\n|move|p2a: Froslass|Aurora Veil|p2a: Froslass\n|-sidestart|p2: collateraldamagejr|move: Aurora Veil\n|move|p1a: Gyarados|Crunch|p2a: Froslass\n|-supereffective|p2a: Froslass|1\n|-damage|p2a: Froslass|53/100\n|\n|-weather|Snowscape|[upkeep]\n|upkeep\n|turn|2\n|\n|t:|1775933610\n|switch|p1b: Kingambit|Kingambit, L50, F|100/100\n|move|p2a: Froslass|Thunder|p1a: Gyarados\n|-supereffective|p1a: Gyarados|1\n|-damage|p1a: Gyarados|44/100\n|move|p1a: Gyarados|Dragon Dance|p1a: Gyarados\n|-boost|p1a: Gyarados|atk|1\n|-boost|p1a: Gyarados|spe|1\n|move|p2b: Gyarados|Thunder Wave|p1b: Kingambit\n|-status|p1b: Kingambit|par\n|\n|-weather|Snowscape|[upkeep]\n|upkeep\n|turn|3\n|\n|t:|1775933626\n|switch|p2a: Kingambit|Kingambit, L50, F, shiny|100/100\n|cant|p1b: Kingambit|par\n|move|p1a: Gyarados|Crunch|p2b: Gyarados\n|-damage|p2b: Gyarados|55/100\n|-unboost|p2b: Gyarados|def|1\n|move|p2b: Gyarados|Thunder Wave|p1a: Gyarados\n|-status|p1a: Gyarados|par\n|\n|-weather|Snowscape|[upkeep]\n|upkeep\n|turn|4\n|\n|t:|1775933645\n|move|p2b: Gyarados|Taunt|p1a: Gyarados\n|-start|p1a: Gyarados|move: Taunt\n|move|p1a: Gyarados|Waterfall|p2a: Kingambit\n|-damage|p2a: Kingambit|75/100\n|move|p2a: Kingambit|Swords Dance|p2a: Kingambit\n|-boost|p2a: Kingambit|atk|2\n|move|p1b: Kingambit|Kowtow Cleave|p2a: Kingambit\n|-resisted|p2a: Kingambit|1\n|-damage|p2a: Kingambit|65/100\n|\n|-weather|Snowscape|[upkeep]\n|-heal|p2a: Kingambit|71/100|[from] item: Leftovers\n|upkeep\n|turn|5\n|\n|t:|1775933665\n|switch|p1b: Sneasler|Sneasler, L50, F|100/100\n|move|p2b: Gyarados|Protect|p2b: Gyarados\n|-singleturn|p2b: Gyarados|Protect\n|move|p2a: Kingambit|Sucker Punch|p1a: Gyarados\n|-resisted|p1a: Gyarados|1\n|-damage|p1a: Gyarados|8/100 par\n|move|p1a: Gyarados|Crunch|p2b: Gyarados\n|-activate|p2b: Gyarados|move: Protect\n|\n|-weather|none\n|-heal|p2a: Kingambit|77/100|[from] item: Leftovers\n|-sideend|p2: collateraldamagejr|move: Aurora Veil\n|upkeep\n|turn|6\n|\n|t:|1775933681\n|move|p2a: Kingambit|Protect|p2a: Kingambit\n|-singleturn|p2a: Kingambit|Protect\n|move|p1b: Sneasler|Fake Out|p2b: Gyarados\n|-damage|p2b: Gyarados|38/100\n|cant|p2b: Gyarados|flinch\n|move|p1a: Gyarados|Crunch|p2b: Gyarados\n|-damage|p2b: Gyarados|0 fnt\n|faint|p2b: Gyarados\n|\n|-heal|p2a: Kingambit|83/100|[from] item: Leftovers\n|-end|p1a: Gyarados|move: Taunt\n|upkeep\n|\n|t:|1775933686\n|switch|p2b: Mr. Rime|Mr. Rime, L50, M|100/100\n|turn|7\n|\n|t:|1775933693\n|move|p2b: Mr. Rime|Fake Out|p1a: Gyarados\n|-damage|p1a: Gyarados|2/100 par\n|move|p2a: Kingambit|Sucker Punch|p1b: Sneasler\n|-resisted|p1b: Sneasler|1\n|-damage|p1b: Sneasler|31/100\n|move|p1b: Sneasler|Close Combat|p2a: Kingambit\n|-supereffective|p2a: Kingambit|2\n|-damage|p2a: Kingambit|0 fnt\n|-unboost|p1b: Sneasler|def|1\n|-unboost|p1b: Sneasler|spd|1\n|faint|p2a: Kingambit\n|-end|p2a: Kingambit|fallenundefined|[silent]\n|cant|p1a: Gyarados|flinch\n|\n|upkeep\n|\n|t:|1775933697\n|switch|p2a: Froslass|Froslass-Mega, L50, F, shiny|53/100\n|-weather|Snowscape|[from] ability: Snow Warning|[of] p2a: Froslass\n|turn|8\n|\n|t:|1775933711\n|move|p1b: Sneasler|Dire Claw|p2a: Froslass\n|-resisted|p2a: Froslass|1\n|-damage|p2a: Froslass|31/100\n|move|p2a: Froslass|Aurora Veil|p2a: Froslass\n|-sidestart|p2: collateraldamagejr|move: Aurora Veil\n|move|p2b: Mr. Rime|Blizzard|p1a: Gyarados|[spread] p1a,p1b\n|-resisted|p1a: Gyarados|1\n|-damage|p1a: Gyarados|0 fnt\n|-damage|p1b: Sneasler|0 fnt\n|faint|p1a: Gyarados\n|faint|p1b: Sneasler\n|\n|-weather|Snowscape|[upkeep]\n|upkeep\n|\n|t:|1775933718\n|switch|p1b: Basculegion|Basculegion, L50, M|100/100\n|switch|p1a: Kingambit|Kingambit, L50, F|100/100 par\n|turn|9\n|\n|t:|1775933728\n|move|p2a: Froslass|Protect|p2a: Froslass\n|-singleturn|p2a: Froslass|Protect\n|move|p1a: Kingambit|Sucker Punch||[still]\n|-fail|p1a: Kingambit\n|move|p1b: Basculegion|Last Respects|p2b: Mr. Rime\n|-supereffective|p2b: Mr. Rime|1\n|-damage|p2b: Mr. Rime|3/100\n|move|p2b: Mr. Rime|Focus Blast|p1a: Kingambit\n|-supereffective|p1a: Kingambit|2\n|-enditem|p1a: Kingambit|Chople Berry|[eat]\n|-enditem|p1a: Kingambit|Chople Berry|[weaken]\n|-damage|p1a: Kingambit|24/100 par\n|-unboost|p1a: Kingambit|spd|1\n|-ability|p1a: Kingambit|Defiant|boost\n|-boost|p1a: Kingambit|atk|2\n|\n|-weather|Snowscape|[upkeep]\n|-heal|p2b: Mr. Rime|8/100|[from] ability: Ice Body\n|upkeep\n|turn|10\n|\n|t:|1775933760\n|move|p1a: Kingambit|Sucker Punch|p2a: Froslass\n|-supereffective|p2a: Froslass|1\n|-damage|p2a: Froslass|0 fnt\n|faint|p2a: Froslass\n|move|p1b: Basculegion|Last Respects|p2b: Mr. Rime\n|-supereffective|p2b: Mr. Rime|1\n|-damage|p2b: Mr. Rime|0 fnt\n|faint|p2b: Mr. Rime\n|\n|win|hozesama\n|raw|hozesama's rating: 1169 &rarr; <strong>1189</strong><br />(+20 for winning)\n|raw|collateraldamagejr's rating: 1098 &rarr; <strong>1078</strong><br />(-20 for losing)\n|l|\u2606collateraldamagejr\n|player|p2|\n",
  "uploadtime": 1775933770,
  "views": 12,
  "formatid": "gen9championsvgc2026regma",
  "rating": 1078,
  "private": 0,
  "password": null
}