{
  "id": "gen9championsvgc2026regma-2580599873",
  "format": "[Gen 9 Champions] VGC 2026 Reg M-A",
  "players": [
    "macrameee",
    "Reebookpump"
  ],
  "log": "|j|\u2606macrameee\n|j|\u2606Reebookpump\n|html|<table width=\"100%\"><tr><td align=\"left\">macrameee</td><td align=\"right\">Reebookpump</tr><tr><td align=\"left\"><i class=\"fa fa-circle-o\"></i> <i class=\"fa fa-circle-o\"></i> </td><td align=\"right\"><i class=\"fa fa-circle-o\"></i> <i class=\"fa fa-circle-o\"></i> </tr></table>\n|uhtml|bestof|<h2><strong>Game 1</strong> of <a href=\"/game-bestof3-gen9championsvgc2026regma-2580599872\">a best-of-3</a></h2>\n|t:|1775916880\n|gametype|doubles\n|player|p1|macrameee|roark|\n|player|p2|Reebookpump|red-masters|\n|gen|9\n|tier|[Gen 9 Champions] VGC 2026 Reg M-A\n|rated|Tournament battle\n|rule|Species Clause: Limit one of each Pok\u00e9mon\n|rule|Item Clause: Limit 1 of each item\n|raw|<div class=\"infobox\"><details class=\"readmore\" open><summary><strong>2 custom rules:</strong></summary> Force Open Team Sheets, Best of = 3</details></div>\n|clearpoke\n|poke|p1|Sinistcha, L50|\n|poke|p1|Gengar, L50, F|\n|poke|p1|Incineroar, L50, F|\n|poke|p1|Politoed, L50, M|\n|poke|p1|Garchomp, L50, F|\n|poke|p1|Sableye, L50, F|\n|poke|p2|Charizard, L50, F|\n|poke|p2|Venusaur, L50, M|\n|poke|p2|Pelipper, L50, F|\n|poke|p2|Garchomp, L50, F|\n|poke|p2|Rotom-Wash, L50|\n|poke|p2|Incineroar, L50, F|\n|teampreview|4\n|showteam|p1|Sinistcha||CobaBerry|Hospitality|MatchaGotcha,TrickRoom,RagePowder,Protect||||||50|]Gengar||Gengarite|CursedBody|Protect,PerishSong,Disable,ShadowBall|||F|||50|]Incineroar||SitrusBerry|Intimidate|FakeOut,PartingShot,DarkestLariat,Protect|||F|||50|]Politoed||Leftovers|Drizzle|Protect,PerishSong,WeatherBall,IceBeam|||M|||50|]Garchomp||ChoiceScarf|RoughSkin|DragonClaw,Earthquake,RockSlide,IronHead|||F|||50|]Sableye||FocusSash|Prankster|FakeOut,Encore,Protect,FoulPlay|||F|||50|\n|showteam|p2|Charizard||CharizarditeY|SolarPower|HeatWave,WeatherBall,Hurricane,Protect|||F|||50|]Venusaur||Venusaurite|Chlorophyll|SludgeBomb,WeatherBall,EarthPower,Protect|||M|||50|]Pelipper||FocusSash|Drizzle|Hurricane,WeatherBall,Tailwind,Protect|||F|||50|]Garchomp||SoftSand|RoughSkin|Earthquake,DragonClaw,SwordsDance,Protect|||F|||50|]Rotom-Wash||ChoiceScarf|Levitate|HydroPump,Discharge,Thunder,VoltSwitch||||||50|]Incineroar||SitrusBerry|Intimidate|FakeOut,FlareBlitz,ThroatChop,PartingShot|||F|||50|\n|j| jumpluffgroudon\n|j| Tyrant Type\nmacrameee has agreed to open team sheets.\n|j| cardfiber\n|\n|t:|1775916949\n|teamsize|p1|4\n|teamsize|p2|4\n|start\n|switch|p1a: Gengar|Gengar, L50, F, shiny|100/100\n|switch|p1b: Sableye|Sableye, L50, F, shiny|100/100\n|switch|p2a: Venusaur|Venusaur, L50, M|100/100\n|switch|p2b: Rotom|Rotom-Wash, L50|100/100\n|turn|1\n|\n|t:|1775916980\n|detailschange|p1a: Gengar|Gengar-Mega, L50, F, shiny\n|-mega|p1a: Gengar|Gengar|Gengarite\n|detailschange|p2a: Venusaur|Venusaur-Mega, L50, M\n|-mega|p2a: Venusaur|Venusaur|Venusaurite\n|move|p1b: Sableye|Fake Out|p2a: Venusaur\n|-damage|p2a: Venusaur|94/100\n|move|p2b: Rotom|Volt Switch|p1a: Gengar\n|-damage|p1a: Gengar|65/100\n|\n|t:|1775916987\n|switch|p2b: Incineroar|Incineroar, L50, F|100/100|[from] Volt Switch\n|-ability|p2b: Incineroar|Intimidate|boost\n|-unboost|p1a: Gengar|atk|1\n|-unboost|p1b: Sableye|atk|1\n|move|p1a: Gengar|Disable||[still]\n|-fail|p1a: Gengar\n|cant|p2a: Venusaur|flinch\n|\n|upkeep\n|turn|2\n|\n|t:|1775917009\n|move|p1b: Sableye|Protect|p1b: Sableye\n|-singleturn|p1b: Sableye|Protect\n|move|p1a: Gengar|Protect|p1a: Gengar\n|-singleturn|p1a: Gengar|Protect\n|move|p2a: Venusaur|Earth Power|p1a: Gengar\n|-activate|p1a: Gengar|move: Protect\n|move|p2b: Incineroar|Parting Shot|p1b: Sableye\n|-activate|p1b: Sableye|move: Protect\n|\n|upkeep\n|turn|3\n|\n|t:|1775917024\n|move|p1b: Sableye|Encore|p2a: Venusaur\n|-start|p2a: Venusaur|Encore\n|move|p1a: Gengar|Disable|p2a: Venusaur\n|-start|p2a: Venusaur|Disable|Earth Power\n|cant|p2a: Venusaur|Disable|Earth Power\n|move|p2b: Incineroar|Throat Chop|p1a: Gengar\n|-supereffective|p1a: Gengar|1\n|-damage|p1a: Gengar|0 fnt\n|faint|p1a: Gengar\n|\n|upkeep\n|\n|t:|1775917046\n|switch|p1a: Garchomp|Garchomp, L50, F|100/100\n|turn|4\n|\n|t:|1775917071\n|switch|p2a: Rotom|Rotom-Wash, L50|100/100\n|move|p1a: Garchomp|Rock Slide|p2a: Rotom|[spread] p2a,p2b\n|-supereffective|p2b: Incineroar|1\n|-damage|p2a: Rotom|69/100\n|-damage|p2b: Incineroar|66/100\n|move|p1b: Sableye|Foul Play|p2b: Incineroar\n|-resisted|p2b: Incineroar|1\n|-damage|p2b: Incineroar|49/100\n|-enditem|p2b: Incineroar|Sitrus Berry|[eat]\n|-heal|p2b: Incineroar|74/100|[from] item: Sitrus Berry\n|move|p2b: Incineroar|Parting Shot|p1a: Garchomp\n|-unboost|p1a: Garchomp|atk|1\n|-unboost|p1a: Garchomp|spa|1\n|\n|t:|1775917089\n|switch|p2b: Garchomp|Garchomp, L50, F|100/100|[from] Parting Shot\n|\n|upkeep\n|turn|5\n|\n|t:|1775917099\n|switch|p1a: Politoed|Politoed, L50, M|100/100\n|-weather|RainDance|[from] ability: Drizzle|[of] p1a: Politoed\n|move|p2a: Rotom|Discharge|p1a: Politoed|[spread] p1a,p1b\n|-immune|p2b: Garchomp\n|-supereffective|p1a: Politoed|1\n|-damage|p1a: Politoed|47/100\n|-damage|p1b: Sableye|64/100\n|-status|p1a: Politoed|par\n|move|p2b: Garchomp|Earthquake|p1a: Politoed|[spread] p1a,p1b\n|-immune|p2a: Rotom|[from] ability: Levitate\n|-crit|p1b: Sableye\n|-damage|p1a: Politoed|0 fnt\n|-damage|p1b: Sableye|0 fnt\n|faint|p1a: Politoed\n|faint|p1b: Sableye\n|\n|-weather|RainDance|[upkeep]\n|upkeep\n|\n|t:|1775917115\n|switch|p1b: Garchomp|Garchomp, L50, F|100/100\n|turn|6\n|\n|t:|1775917127\n|switch|p2a: Incineroar|Incineroar, L50, F|74/100\n|-ability|p2a: Incineroar|Intimidate|boost\n|-unboost|p1b: Garchomp|atk|1\n|move|p1b: Garchomp|Dragon Claw|p2b: Garchomp\n|-supereffective|p2b: Garchomp|1\n|-damage|p2b: Garchomp|38/100\n|-damage|p1b: Garchomp|88/100|[from] ability: Rough Skin|[of] p2b: Garchomp\n|move|p2b: Garchomp|Dragon Claw|p1b: Garchomp\n|-supereffective|p1b: Garchomp|1\n|-damage|p1b: Garchomp|11/100\n|-damage|p2b: Garchomp|25/100|[from] ability: Rough Skin|[of] p1b: Garchomp\n|\n|-weather|RainDance|[upkeep]\n|upkeep\n|turn|7\n|\n|t:|1775917144\n|move|p2a: Incineroar|Fake Out|p1b: Garchomp\n|-damage|p1b: Garchomp|0 fnt\n|-damage|p2a: Incineroar|62/100|[from] ability: Rough Skin|[of] p1b: Garchomp\n|faint|p1b: Garchomp\n|\n|win|Reebookpump\n||macrameee is ready for game 2.\n||Reebookpump is ready for game 2.\n|uhtml|next|Next: <a href=\"/battle-gen9championsvgc2026regma-2580602809\"><strong>Game 2 of 3</strong></a>\n|j| SentinelSkorch\n|l| SentinelSkorch\n|l|\u2606macrameee\n|player|p1|\n|l|\u2606Reebookpump\n|player|p2|\n|l| jumpluffgroudon\n",
  "uploadtime": 1775917151,
  "views": 11,
  "formatid": "gen9championsvgc2026regma",
  "rating": null,
  "private": 0,
  "password": null
}