{
  "id": "gen9championsvgc2026regma-2582944350",
  "format": "[Gen 9 Champions] VGC 2026 Reg M-A",
  "players": [
    "XxPeruxX Jedset83",
    "macaco maldoso"
  ],
  "log": "|j|\u203dXxPeruxX Jedset83\n|j|\u2606macaco maldoso\n|t:|1776127228\n|gametype|doubles\n|player|p1|XxPeruxX Jedset83|1|1000\n|player|p2|macaco maldoso|170|1000\n|gen|9\n|tier|[Gen 9 Champions] VGC 2026 Reg M-A\n|rated|\n|rule|Species Clause: Limit one of each Pok\u00e9mon\n|rule|Item Clause: Limit 1 of each item\n|clearpoke\n|poke|p1|Gardevoir, L50, M|\n|poke|p1|Sableye, L50, M|\n|poke|p1|Dragonite, L50, M|\n|poke|p1|Milotic, L50, M|\n|poke|p1|Incineroar, L50, M|\n|poke|p1|Garganacl, L50, M|\n|poke|p2|Gengar, L50, M|\n|poke|p2|Primarina, L50, M|\n|poke|p2|Klefki, L50, F|\n|poke|p2|Incineroar, L50, M|\n|poke|p2|Politoed, L50, M|\n|poke|p2|Mamoswine, L50, M|\n|teampreview|4\n|inactive|Battle timer is ON: inactive players will automatically lose when time's up. (requested by XxPeruxX Jedset83)\n|inactive|macaco maldoso has 60 seconds left.\n|\n|t:|1776127262\n|teamsize|p1|4\n|teamsize|p2|4\n|start\n|switch|p1a: Gardevoir|Gardevoir, L50, M|100/100\n|switch|p1b: Sableye|Sableye, L50, M, shiny|100/100\n|switch|p2a: Gengar|Gengar, L50, M, shiny|100/100\n|switch|p2b: Incineroar|Incineroar, L50, M, shiny|100/100\n|-ability|p1a: Gardevoir|Cursed Body|Trace|[from] ability: Trace|[of] p2a: Gengar\n|-ability|p2b: Incineroar|Intimidate|boost\n|-unboost|p1a: Gardevoir|atk|1\n|-unboost|p1b: Sableye|atk|1\n|turn|1\n|\n|t:|1776127284\n|switch|p1a: Dragonite|Dragonite, L50, M|100/100\n|detailschange|p2a: Gengar|Gengar-Mega, L50, M, shiny\n|-mega|p2a: Gengar|Gengar|Gengarite\n|move|p2a: Gengar|Protect|p2a: Gengar\n|-singleturn|p2a: Gengar|Protect\n|move|p2b: Incineroar|Fake Out|p1a: Dragonite\n|-damage|p1a: Dragonite|88/100\n|move|p1b: Sableye|Knock Off|p2a: Gengar\n|-activate|p2a: Gengar|move: Protect\n|\n|upkeep\n|turn|2\n|\n|t:|1776127309\n|move|p1b: Sableye|Light Screen|p1b: Sableye\n|-sidestart|p1: XxPeruxX Jedset83|move: Light Screen\n|move|p2a: Gengar|Dazzling Gleam|p1b: Sableye|[spread] p1a,p1b\n|-supereffective|p1a: Dragonite|1\n|-supereffective|p1b: Sableye|1\n|-damage|p1a: Dragonite|56/100\n|-damage|p1b: Sableye|51/100\n|move|p1a: Dragonite|Tailwind|p1a: Dragonite\n|-sidestart|p1: XxPeruxX Jedset83|move: Tailwind\n|move|p2b: Incineroar|Parting Shot|p1a: Dragonite\n|-unboost|p1a: Dragonite|atk|1\n|-unboost|p1a: Dragonite|spa|1\n|\n|t:|1776127322\n|switch|p2b: Mamoswine|Mamoswine, L50, M|100/100|[from] Parting Shot\n|\n|upkeep\n|turn|3\n|\n|t:|1776127339\n|detailschange|p1a: Dragonite|Dragonite-Mega, L50, M\n|-mega|p1a: Dragonite|Dragonite|Dragoninite\n|move|p2a: Gengar|Protect|p2a: Gengar\n|-singleturn|p2a: Gengar|Protect\n|move|p2b: Mamoswine|Ice Shard|p1a: Dragonite\n|-supereffective|p1a: Dragonite|2\n|-damage|p1a: Dragonite|0 fnt\n|faint|p1a: Dragonite\n|move|p1b: Sableye|Will-O-Wisp|p2b: Mamoswine\n|-status|p2b: Mamoswine|brn\n|\n|-damage|p2b: Mamoswine|95/100 brn|[from] brn\n|upkeep\n|\n|t:|1776127351\n|switch|p1a: Milotic|Milotic, L50, M|100/100\n|turn|4\n|\n|t:|1776127363\n|move|p2a: Gengar|Sludge Wave|p1b: Sableye|[spread] p2b,p1a,p1b\n|-resisted|p2b: Mamoswine|1\n|-resisted|p1b: Sableye|1\n|-damage|p2b: Mamoswine|65/100 brn\n|-damage|p1a: Milotic|79/100\n|-damage|p1b: Sableye|28/100\n|move|p1a: Milotic|Muddy Water|p2a: Gengar|[spread] p2a,p2b\n|-supereffective|p2b: Mamoswine|1\n|-damage|p2a: Gengar|69/100\n|-damage|p2b: Mamoswine|0 fnt\n|faint|p2b: Mamoswine\n|move|p1b: Sableye|Knock Off|p2a: Gengar\n|-supereffective|p2a: Gengar|1\n|-damage|p2a: Gengar|15/100\n|\n|upkeep\n|\n|t:|1776127378\n|switch|p2b: Incineroar|Incineroar, L50, M, shiny|100/100\n|-ability|p2b: Incineroar|Intimidate|boost\n|-unboost|p1a: Milotic|atk|1\n|-ability|p1a: Milotic|Competitive|boost\n|-boost|p1a: Milotic|spa|2\n|-unboost|p1b: Sableye|atk|1\n|turn|5\n|\n|t:|1776127395\n|move|p2b: Incineroar|Fake Out|p1a: Milotic\n|-damage|p1a: Milotic|64/100\n|move|p2a: Gengar|Dazzling Gleam|p1a: Milotic|[spread] p1a,p1b\n|-supereffective|p1b: Sableye|1\n|-damage|p1a: Milotic|52/100\n|-damage|p1b: Sableye|0 fnt\n|faint|p1b: Sableye\n|cant|p1a: Milotic|flinch\n|\n|-sideend|p1: XxPeruxX Jedset83|move: Tailwind\n|upkeep\n|\n|t:|1776127403\n|switch|p1b: Gardevoir|Gardevoir, L50, M|100/100\n|-ability|p1b: Gardevoir|Intimidate|Trace|[from] ability: Trace|[of] p2b: Incineroar\n|-ability|p1b: Gardevoir|Intimidate|boost\n|-unboost|p2a: Gengar|atk|1\n|-unboost|p2b: Incineroar|atk|1\n|turn|6\n|\n|t:|1776127418\n|move|p2a: Gengar|Destiny Bond|p2a: Gengar\n|-singlemove|p2a: Gengar|Destiny Bond\n|move|p1b: Gardevoir|Mystical Fire|p2a: Gengar\n|-damage|p2a: Gengar|0 fnt\n|faint|p2a: Gengar\n|-activate|p2a: Gengar|move: Destiny Bond\n|faint|p1b: Gardevoir\n|move|p1a: Milotic|Muddy Water|p2b: Incineroar\n|-supereffective|p2b: Incineroar|1\n|-crit|p2b: Incineroar\n|-damage|p2b: Incineroar|0 fnt\n|faint|p2b: Incineroar\n|\n|-sideend|p1: XxPeruxX Jedset83|move: Light Screen\n|upkeep\n|\n|t:|1776127433\n|switch|p2b: Primarina|Primarina, L50, M|100/100\n|turn|7\n|\n|t:|1776127444\n|move|p1a: Milotic|Skitter Smack|p2b: Primarina\n|-resisted|p2b: Primarina|1\n|-damage|p2b: Primarina|96/100\n|-unboost|p2b: Primarina|spa|1\n|move|p2b: Primarina|Moonblast|p1a: Milotic\n|-damage|p1a: Milotic|30/100\n|-enditem|p1a: Milotic|Sitrus Berry|[eat]\n|-heal|p1a: Milotic|55/100|[from] item: Sitrus Berry\n|\n|-heal|p2b: Primarina|100/100|[from] item: Leftovers\n|upkeep\n|turn|8\n|\n|t:|1776127456\n|move|p1a: Milotic|Skitter Smack|p2b: Primarina\n|-resisted|p2b: Primarina|1\n|-damage|p2b: Primarina|96/100\n|-unboost|p2b: Primarina|spa|1\n|move|p2b: Primarina|Perish Song|p2b: Primarina\n|-start|p1a: Milotic|perish3|[silent]\n|-start|p2b: Primarina|perish3|[silent]\n|-fieldactivate|move: Perish Song\n|\n|-heal|p2b: Primarina|100/100|[from] item: Leftovers\n|-start|p1a: Milotic|perish3\n|-start|p2b: Primarina|perish3\n|upkeep\n|turn|9\n|\n|t:|1776127468\n|move|p2b: Primarina|Protect|p2b: Primarina\n|-singleturn|p2b: Primarina|Protect\n|move|p1a: Milotic|Alluring Voice|p2b: Primarina\n|-activate|p2b: Primarina|move: Protect\n|\n|-start|p1a: Milotic|perish2\n|-start|p2b: Primarina|perish2\n|upkeep\n|turn|10\n|\n|t:|1776127477\n|move|p1a: Milotic|Alluring Voice|p2b: Primarina\n|-damage|p2b: Primarina|76/100\n|move|p2b: Primarina|Moonblast|p1a: Milotic\n|-damage|p1a: Milotic|40/100\n|\n|-heal|p2b: Primarina|82/100|[from] item: Leftovers\n|-start|p1a: Milotic|perish1\n|-start|p2b: Primarina|perish1\n|upkeep\n|turn|11\n|\n|t:|1776127488\n|move|p1a: Milotic|Alluring Voice|p2b: Primarina\n|-damage|p2b: Primarina|58/100\n|move|p2b: Primarina|Moonblast|p1a: Milotic\n|-damage|p1a: Milotic|24/100\n|-unboost|p1a: Milotic|spa|1\n|-ability|p1a: Milotic|Competitive|boost\n|-boost|p1a: Milotic|spa|2\n|\n|-heal|p2b: Primarina|64/100|[from] item: Leftovers\n|-start|p1a: Milotic|perish0\n|-start|p2b: Primarina|perish0\n|upkeep\n|faint|p1a: Milotic\n|faint|p2b: Primarina\n|\n|win|macaco maldoso\n|raw|XxPeruxX Jedset83's rating: 1000 &rarr; <strong>1000</strong><br />(+0 for losing)\n|raw|macaco maldoso's rating: 1000 &rarr; <strong>1040</strong><br />(+40 for winning)\n|l|\u203dXxPeruxX Jedset83\n|player|p1|\n",
  "uploadtime": 1776127507,
  "views": 23,
  "formatid": "gen9championsvgc2026regma",
  "rating": 1000,
  "private": 0,
  "password": null
}