{
  "id": "gen9championsvgc2026regma-2585740781",
  "format": "[Gen 9 Champions] VGC 2026 Reg M-A",
  "players": [
    "SinnerG",
    "Finexcer"
  ],
  "log": "|j|\u2606SinnerG\n|j|\u2606Finexcer\n|t:|1776367348\n|gametype|doubles\n|player|p1|SinnerG|gentleman-gen4|1160\n|player|p2|Finexcer|101|1188\n|gen|9\n|tier|[Gen 9 Champions] VGC 2026 Reg M-A\n|rated|\n|rule|Species Clause: Limit one of each Pok\u00e9mon\n|rule|Item Clause: Limit 1 of each item\n|clearpoke\n|poke|p1|Aggron, L50, M|\n|poke|p1|Aerodactyl, L50, F|\n|poke|p1|Sneasler, L50, M|\n|poke|p1|Sinistcha, L50|\n|poke|p1|Tyranitar, L50, M|\n|poke|p1|Hydreigon, L50, M|\n|poke|p2|Trevenant, L50, F|\n|poke|p2|Crabominable, L50, M|\n|poke|p2|Slowking-Galar, L50, M|\n|poke|p2|Hatterene, L50, F|\n|poke|p2|Kingambit, L50, F|\n|poke|p2|Milotic, L50, M|\n|teampreview|4\n|inactive|Battle timer is ON: inactive players will automatically lose when time's up. (requested by SinnerG)\n|inactive|SinnerG has 60 seconds left.\n|inactive|Finexcer has 60 seconds left.\n|\n|t:|1776367403\n|teamsize|p1|4\n|teamsize|p2|4\n|start\n|switch|p1a: Trooper|Sneasler, L50, M|100/100\n|switch|p1b: Tank|Aggron, L50, M|100/100\n|switch|p2a: Milotic|Milotic, L50, M|100/100\n|switch|p2b: Slowking|Slowking-Galar, L50, M|100/100\n|turn|1\n|inactive|SinnerG has 30 seconds left.\n|inactive|SinnerG has 20 seconds left.\n|\n|t:|1776367443\n|detailschange|p1b: Tank|Aggron-Mega, L50, M\n|-mega|p1b: Tank|Aggron|Aggronite\n|move|p1a: Trooper|Fake Out|p2a: Milotic\n|-damage|p2a: Milotic|87/100\n|cant|p2a: Milotic|flinch\n|move|p1b: Tank|Iron Defense|p1b: Tank\n|-boost|p1b: Tank|def|2\n|move|p2b: Slowking|Trick Room|p2b: Slowking\n|-fieldstart|move: Trick Room|[of] p2b: Slowking\n|\n|upkeep\n|turn|2\n|\n|t:|1776367466\n|move|p2b: Slowking|Psychic|p1a: Trooper\n|-supereffective|p1a: Trooper|2\n|-damage|p1a: Trooper|0 fnt\n|faint|p1a: Trooper\n|move|p1b: Tank|Iron Defense|p1b: Tank\n|-boost|p1b: Tank|def|2\n|move|p2a: Milotic|Muddy Water|p1b: Tank\n|-damage|p1b: Tank|61/100\n|\n|upkeep\n|\n|t:|1776367475\n|switch|p1a: Medic|Sinistcha, L50|100/100\n|-heal|p1b: Tank|86/100|[from] ability: Hospitality|[of] p1a: Medic\n|turn|3\n|inactive|SinnerG has 30 seconds left.\n|\n|t:|1776367501\n|move|p1a: Medic|Rage Powder|p1a: Medic\n|-singleturn|p1a: Medic|move: Rage Powder\n|-prepare|p2b: Slowking|Chilly Reception|[premajor]\n|move|p2b: Slowking|Chilly Reception|p2b: Slowking\n|-weather|Snowscape\n|\n|t:|1776367513\n|switch|p2b: Hatterene|Hatterene, L50, F, shiny|100/100|[from] Chilly Reception\n|move|p1b: Tank|Body Press|p2a: Milotic\n|-damage|p2a: Milotic|0 fnt\n|faint|p2a: Milotic\n|\n|-weather|Snowscape|[upkeep]\n|upkeep\n|\n|t:|1776367522\n|switch|p2a: Slowking|Slowking-Galar, L50, M|100/100\n|turn|4\n|\n|t:|1776367543\n|move|p2b: Hatterene|Dazzling Gleam|p1b: Tank|[spread] p1a,p1b\n|-resisted|p1b: Tank|1\n|-damage|p1a: Medic|59/100\n|-damage|p1b: Tank|68/100\n|move|p2a: Slowking|Psychic|p1b: Tank\n|-resisted|p1b: Tank|1\n|-damage|p1b: Tank|48/100\n|move|p1b: Tank|Heavy Slam|p2b: Hatterene\n|-supereffective|p2b: Hatterene|1\n|-enditem|p2b: Hatterene|Focus Sash\n|-damage|p2b: Hatterene|1/100\n|move|p1a: Medic|Matcha Gotcha|p2a: Slowking|[spread] p2a,p2b\n|-resisted|p2a: Slowking|1\n|-damage|p2a: Slowking|92/100\n|-heal|p1a: Medic|64/100|[from] drain|[of] p2a: Slowking\n|-damage|p2b: Hatterene|0 fnt\n|-heal|p1a: Medic|65/100|[from] drain|[of] p2b: Hatterene\n|faint|p2b: Hatterene\n|\n|-weather|Snowscape|[upkeep]\n|upkeep\n|\n|t:|1776367556\n|switch|p2b: Crabominable|Crabominable, L50, M|100/100\n|turn|5\n|inactive|SinnerG has 30 seconds left.\n|\n|t:|1776367584\n|detailschange|p2b: Crabominable|Crabominable-Mega, L50, M\n|-mega|p2b: Crabominable|Crabominable|Crabominite\n|move|p1b: Tank|Protect|p1b: Tank\n|-singleturn|p1b: Tank|Protect\n|move|p2a: Slowking|Psychic|p1b: Tank\n|-activate|p1b: Tank|move: Protect\n|move|p2b: Crabominable|Ice Hammer|p1a: Medic\n|-supereffective|p1a: Medic|1\n|-damage|p1a: Medic|0 fnt\n|-unboost|p2b: Crabominable|spe|1\n|faint|p1a: Medic\n|\n|-weather|Snowscape|[upkeep]\n|-fieldend|move: Trick Room\n|upkeep\n|\n|t:|1776367597\n|switch|p1a: General|Tyranitar, L50, M|100/100\n|-weather|Sandstorm|[from] ability: Sand Stream|[of] p1a: General\n|turn|6\n|\n|t:|1776367615\n|move|p2b: Crabominable|Mach Punch|p1a: General\n|-supereffective|p1a: General|2\n|-crit|p1a: General\n|-enditem|p1a: General|Focus Sash\n|-damage|p1a: General|1/100\n|move|p1a: General|Knock Off|p2a: Slowking\n|-supereffective|p2a: Slowking|1\n|-damage|p2a: Slowking|0 fnt\n|-enditem|p2a: Slowking|Shuca Berry|[from] move: Knock Off|[of] p1a: General\n|faint|p2a: Slowking\n|move|p1b: Tank|Body Press|p2b: Crabominable\n|-supereffective|p2b: Crabominable|1\n|-damage|p2b: Crabominable|0 fnt\n|faint|p2b: Crabominable\n|\n|win|SinnerG\n|raw|SinnerG's rating: 1160 &rarr; <strong>1187</strong><br />(+27 for winning)\n|raw|Finexcer's rating: 1188 &rarr; <strong>1161</strong><br />(-27 for losing)\n|c|\u2606SinnerG|gg\n",
  "uploadtime": 1776367683,
  "views": 17,
  "formatid": "gen9championsvgc2026regma",
  "rating": 1161,
  "private": 0,
  "password": null
}