{
  "id": "gen9championsvgc2026regma-2586852488",
  "format": "[Gen 9 Champions] VGC 2026 Reg M-A",
  "players": [
    "babayaga357",
    "MegaAuraMaxxing"
  ],
  "log": "|j|\u2606babayaga357\n|j|\u2606MegaAuraMaxxing\n|t:|1776465422\n|gametype|doubles\n|player|p1|babayaga357|169|1203\n|player|p2|MegaAuraMaxxing|red|1262\n|gen|9\n|tier|[Gen 9 Champions] VGC 2026 Reg M-A\n|rated|\n|rule|Species Clause: Limit one of each Pok\u00e9mon\n|rule|Item Clause: Limit 1 of each item\n|clearpoke\n|poke|p1|Kingambit, L50, M|\n|poke|p1|Delphox, L50, M|\n|poke|p1|Sinistcha, L50|\n|poke|p1|Tauros-Paldea-Aqua, L50, M|\n|poke|p1|Glimmora, L50, M|\n|poke|p1|Sneasler, L50, F|\n|poke|p2|Gengar, L50, F|\n|poke|p2|Lucario, L50, F|\n|poke|p2|Tyranitar, L50, F|\n|poke|p2|Rotom-Wash, L50|\n|poke|p2|Corviknight, L50, F|\n|poke|p2|Clefable, L50, M|\n|teampreview|4\n|inactive|Battle timer is ON: inactive players will automatically lose when time's up. (requested by babayaga357)\n|inactive|babayaga357 has 60 seconds left.\n|\n|t:|1776465462\n|teamsize|p1|4\n|teamsize|p2|4\n|start\n|switch|p1a: Sneasler|Sneasler, L50, F, shiny|100/100\n|switch|p1b: Glimmora|Glimmora, L50, M, shiny|100/100\n|switch|p2a: Gengar|Gengar, L50, F|100/100\n|switch|p2b: Lucario|Lucario, L50, F|100/100\n|turn|1\n|\n|t:|1776465485\n|detailschange|p2a: Gengar|Gengar-Mega, L50, F\n|-mega|p2a: Gengar|Gengar|Gengarite\n|detailschange|p1b: Glimmora|Glimmora-Mega, L50, M, shiny\n|-mega|p1b: Glimmora|Glimmora|Glimmoranite\n|move|p2b: Lucario|Protect|p2b: Lucario\n|-singleturn|p2b: Lucario|Protect\n|move|p2a: Gengar|Icy Wind|p1b: Glimmora|[spread] p1a,p1b\n|-damage|p1a: Sneasler|76/100\n|-damage|p1b: Glimmora|82/100\n|-unboost|p1a: Sneasler|spe|1\n|-unboost|p1b: Glimmora|spe|1\n|move|p1a: Sneasler|Close Combat|p2b: Lucario\n|-activate|p2b: Lucario|move: Protect\n|move|p1b: Glimmora|Earth Power|p2a: Gengar\n|-supereffective|p2a: Gengar|1\n|-damage|p2a: Gengar|0 fnt\n|faint|p2a: Gengar\n|\n|upkeep\n|inactive|MegaAuraMaxxing has 30 seconds left.\n|\n|t:|1776465512\n|switch|p2a: Rotom|Rotom-Wash, L50|100/100\n|turn|2\n|\n|t:|1776465522\n|switch|p1a: Kingambit|Kingambit, L50, M|100/100\n|move|p1b: Glimmora|Protect|p1b: Glimmora\n|-singleturn|p1b: Glimmora|Protect\n|move|p2a: Rotom|Hydro Pump|p1b: Glimmora\n|-activate|p1b: Glimmora|move: Protect\n|move|p2b: Lucario|Close Combat|p1a: Kingambit\n|-supereffective|p1a: Kingambit|2\n|-damage|p1a: Kingambit|0 fnt\n|-unboost|p2b: Lucario|def|1\n|-unboost|p2b: Lucario|spd|1\n|faint|p1a: Kingambit\n|\n|upkeep\n|\n|t:|1776465528\n|switch|p1a: Sneasler|Sneasler, L50, F, shiny|76/100\n|turn|3\n|\n|t:|1776465545\n|switch|p2a: Tyranitar|Tyranitar, L50, F|100/100\n|-weather|Sandstorm|[from] ability: Sand Stream|[of] p2a: Tyranitar\n|move|p2b: Lucario|Protect|p2b: Lucario\n|-singleturn|p2b: Lucario|Protect\n|move|p1a: Sneasler|Fake Out|p2a: Tyranitar\n|-resisted|p2a: Tyranitar|1\n|-damage|p2a: Tyranitar|95/100\n|move|p1b: Glimmora|Power Gem|p2a: Tyranitar\n|-damage|p2a: Tyranitar|61/100\n|\n|-weather|Sandstorm|[upkeep]\n|-damage|p1a: Sneasler|71/100|[from] Sandstorm\n|upkeep\n|turn|4\n|\n|t:|1776465566\n|move|p2a: Tyranitar|Protect|p2a: Tyranitar\n|-singleturn|p2a: Tyranitar|Protect\n|move|p1a: Sneasler|Close Combat|p2b: Lucario\n|-supereffective|p2b: Lucario|1\n|-enditem|p2b: Lucario|Focus Sash\n|-damage|p2b: Lucario|1/100\n|-unboost|p1a: Sneasler|def|1\n|-unboost|p1a: Sneasler|spd|1\n|move|p2b: Lucario|Close Combat|p1a: Sneasler\n|-resisted|p1a: Sneasler|1\n|-damage|p1a: Sneasler|0 fnt\n|-unboost|p2b: Lucario|def|1\n|-unboost|p2b: Lucario|spd|1\n|faint|p1a: Sneasler\n|move|p1b: Glimmora|Earth Power|p2a: Tyranitar\n|-activate|p2a: Tyranitar|move: Protect\n|\n|-weather|Sandstorm|[upkeep]\n|upkeep\n|\n|t:|1776465572\n|switch|p1a: Tauros|Tauros-Paldea-Aqua, L50, M, shiny|100/100\n|-ability|p1a: Tauros|Intimidate|boost\n|-unboost|p2a: Tyranitar|atk|1\n|-fail|p2b: Lucario|unboost|Attack|[from] ability: Inner Focus|[of] p2b: Lucario\n|-enditem|p2a: Tyranitar|White Herb\n|-clearnegativeboost|p2a: Tyranitar|[silent]\n|turn|5\n|\n|t:|1776465582\n|move|p2b: Lucario|Protect|p2b: Lucario\n|-singleturn|p2b: Lucario|Protect\n|move|p1a: Tauros|Aqua Jet|p2b: Lucario\n|-activate|p2b: Lucario|move: Protect\n|move|p1b: Glimmora|Earth Power|p2a: Tyranitar\n|-supereffective|p2a: Tyranitar|1\n|-damage|p2a: Tyranitar|22/100\n|move|p2a: Tyranitar|Ice Punch|p1b: Glimmora\n|-damage|p1b: Glimmora|48/100\n|\n|-weather|Sandstorm|[upkeep]\n|-damage|p1a: Tauros|94/100|[from] Sandstorm\n|-heal|p1a: Tauros|100/100|[from] item: Leftovers\n|upkeep\n|turn|6\n|\n|t:|1776465606\n|move|p2b: Lucario|Bullet Punch|p1b: Glimmora\n|-supereffective|p1b: Glimmora|1\n|-damage|p1b: Glimmora|2/100\n|move|p1a: Tauros|Aqua Jet|p2b: Lucario\n|-damage|p2b: Lucario|0 fnt\n|faint|p2b: Lucario\n|move|p1b: Glimmora|Power Gem|p2a: Tyranitar\n|-damage|p2a: Tyranitar|0 fnt\n|faint|p2a: Tyranitar\n|\n|-weather|Sandstorm|[upkeep]\n|-damage|p1a: Tauros|94/100|[from] Sandstorm\n|-heal|p1a: Tauros|100/100|[from] item: Leftovers\n|upkeep\n|\n|t:|1776465609\n|switch|p2b: Rotom|Rotom-Wash, L50|100/100\n|turn|7\n|\n|t:|1776465619\n|move|p2b: Rotom|Thunderbolt|p1a: Tauros\n|-supereffective|p1a: Tauros|1\n|-damage|p1a: Tauros|0 fnt\n|faint|p1a: Tauros\n|move|p1b: Glimmora|Power Gem|p2b: Rotom\n|-damage|p2b: Rotom|17/100\n|\n|-weather|none\n|upkeep\n|turn|8\n|\n|t:|1776465628\n|move|p2b: Rotom|Thunderbolt|p1b: Glimmora\n|-damage|p1b: Glimmora|0 fnt\n|faint|p1b: Glimmora\n|\n|win|MegaAuraMaxxing\n|raw|babayaga357's rating: 1203 &rarr; <strong>1182</strong><br />(-21 for losing)\n|raw|MegaAuraMaxxing's rating: 1262 &rarr; <strong>1283</strong><br />(+21 for winning)\n|l|\u2606babayaga357\n|player|p1|\n",
  "uploadtime": 1776465630,
  "views": 25,
  "formatid": "gen9championsvgc2026regma",
  "rating": 1182,
  "private": 0,
  "password": null
}