{
  "id": "gen9championsvgc2026regma-2586018295",
  "format": "[Gen 9 Champions] VGC 2026 Reg M-A",
  "players": [
    "GronGT",
    "4bied"
  ],
  "log": "|j|\u2606GronGT\n|j|\u26064bied\n|t:|1776390735\n|gametype|doubles\n|player|p1|GronGT|ethan|1157\n|player|p2|4bied|giovanni|1234\n|gen|9\n|tier|[Gen 9 Champions] VGC 2026 Reg M-A\n|rated|\n|rule|Species Clause: Limit one of each Pok\u00e9mon\n|rule|Item Clause: Limit 1 of each item\n|clearpoke\n|poke|p1|Incineroar, L50, M|\n|poke|p1|Charizard, L50, F|\n|poke|p1|Venusaur, L50, F|\n|poke|p1|Milotic, L50, M|\n|poke|p1|Basculegion, L50, M|\n|poke|p1|Dragapult, L50, F|\n|poke|p2|Gengar, L50, M|\n|poke|p2|Incineroar, L50, F|\n|poke|p2|Kingambit, L50, F|\n|poke|p2|Sinistcha, L50|\n|poke|p2|Kommo-o, L50, M|\n|poke|p2|Tyranitar, L50, M|\n|teampreview|4\n|inactive|Battle timer is ON: inactive players will automatically lose when time's up. (requested by 4bied)\n|\n|t:|1776390770\n|teamsize|p1|4\n|teamsize|p2|4\n|start\n|switch|p1a: Charizard|Charizard, L50, F, shiny|100/100\n|switch|p1b: Milotic|Milotic, L50, M|100/100\n|switch|p2a: Tyranitar|Tyranitar, L50, M|100/100\n|switch|p2b: Kingambit|Kingambit, L50, F|100/100\n|-weather|Sandstorm|[from] ability: Sand Stream|[of] p2a: Tyranitar\n|turn|1\n|\n|t:|1776390795\n|switch|p2b: Sinistcha|Sinistcha, L50|100/100\n|detailschange|p1a: Charizard|Charizard-Mega-Y, L50, F, shiny\n|-mega|p1a: Charizard|Charizard|Charizardite Y\n|-weather|SunnyDay|[from] ability: Drought|[of] p1a: Charizard\n|move|p2a: Tyranitar|Rock Slide|p1a: Charizard|[spread] p1a,p1b\n|-supereffective|p1a: Charizard|2\n|-damage|p1a: Charizard|0 fnt\n|-damage|p1b: Milotic|70/100\n|faint|p1a: Charizard\n|move|p1b: Milotic|Alluring Voice|p2a: Tyranitar\n|-supereffective|p2a: Tyranitar|1\n|-damage|p2a: Tyranitar|52/100\n|\n|-weather|SunnyDay|[upkeep]\n|-heal|p1b: Milotic|76/100|[from] item: Leftovers\n|upkeep\n|\n|t:|1776390807\n|switch|p1a: Basculegion|Basculegion, L50, M|100/100\n|turn|2\n|\n|t:|1776390819\n|switch|p2a: Kingambit|Kingambit, L50, F|100/100\n|move|p1b: Milotic|Helping Hand|p1a: Basculegion\n|-singleturn|p1a: Basculegion|Helping Hand|[of] p1b: Milotic\n|move|p1a: Basculegion|Wave Crash|p2a: Kingambit\n|-damage|p2a: Kingambit|57/100\n|-damage|p1a: Basculegion|85/100|[from] Recoil\n|move|p2b: Sinistcha|Matcha Gotcha|p1b: Milotic|[spread] p1a,p1b\n|-supereffective|p1a: Basculegion|1\n|-supereffective|p1b: Milotic|1\n|-damage|p1a: Basculegion|26/100\n|-damage|p1b: Milotic|36/100\n|-status|p1a: Basculegion|brn\n|\n|-weather|SunnyDay|[upkeep]\n|-heal|p1b: Milotic|42/100|[from] item: Leftovers\n|-damage|p1a: Basculegion|20/100 brn|[from] brn\n|upkeep\n|turn|3\n|\n|t:|1776390841\n|switch|p1a: Venusaur|Venusaur, L50, F|100/100\n|move|p2b: Sinistcha|Rage Powder|p2b: Sinistcha\n|-singleturn|p2b: Sinistcha|move: Rage Powder\n|move|p2a: Kingambit|Sucker Punch||[still]\n|-fail|p2a: Kingambit\n|move|p1b: Milotic|Scald|p2b: Sinistcha\n|-resisted|p2b: Sinistcha|1\n|-damage|p2b: Sinistcha|93/100\n|\n|-weather|SunnyDay|[upkeep]\n|-heal|p1b: Milotic|48/100|[from] item: Leftovers\n|upkeep\n|turn|4\n|inactive|4bied has 30 seconds left.\n|\n|t:|1776390869\n|move|p2a: Kingambit|Protect|p2a: Kingambit\n|-singleturn|p2a: Kingambit|Protect\n|move|p1a: Venusaur|Sludge Bomb|p2b: Sinistcha\n|-damage|p2b: Sinistcha|63/100\n|-status|p2b: Sinistcha|psn\n|move|p1b: Milotic|Alluring Voice|p2a: Kingambit\n|-activate|p2a: Kingambit|move: Protect\n|move|p2b: Sinistcha|Matcha Gotcha|p1b: Milotic|[spread] p1a,p1b\n|-resisted|p1a: Venusaur|2\n|-supereffective|p1b: Milotic|1\n|-damage|p1a: Venusaur|95/100\n|-heal|p2b: Sinistcha|66/100 psn|[from] drain|[of] p1a: Venusaur\n|-damage|p1b: Milotic|13/100\n|-heal|p2b: Sinistcha|85/100 psn|[from] drain|[of] p1b: Milotic\n|\n|-weather|SunnyDay|[upkeep]\n|-heal|p1b: Milotic|19/100|[from] item: Leftovers\n|-damage|p2b: Sinistcha|73/100 psn|[from] psn\n|upkeep\n|turn|5\n|inactive|GronGT has 30 seconds left.\n|inactive|4bied has 30 seconds left.\n|inactive|GronGT has 20 seconds left.\n|\n|t:|1776390907\n|move|p1b: Milotic|Helping Hand|p1a: Venusaur\n|-singleturn|p1a: Venusaur|Helping Hand|[of] p1b: Milotic\n|move|p2a: Kingambit|Sucker Punch||[still]\n|-fail|p2a: Kingambit\n|move|p1a: Venusaur|Sludge Bomb|p2b: Sinistcha\n|-damage|p2b: Sinistcha|32/100 psn\n|-enditem|p2b: Sinistcha|Sitrus Berry|[eat]\n|-heal|p2b: Sinistcha|56/100 psn|[from] item: Sitrus Berry\n|move|p2b: Sinistcha|Matcha Gotcha|p1b: Milotic|[spread] p1a,p1b\n|-resisted|p1a: Venusaur|2\n|-supereffective|p1b: Milotic|1\n|-damage|p1a: Venusaur|90/100\n|-heal|p2b: Sinistcha|59/100 psn|[from] drain|[of] p1a: Venusaur\n|-damage|p1b: Milotic|0 fnt\n|-heal|p2b: Sinistcha|70/100 psn|[from] drain|[of] p1b: Milotic\n|faint|p1b: Milotic\n|\n|-weather|none\n|-damage|p2b: Sinistcha|58/100 psn|[from] psn\n|upkeep\n|\n|t:|1776390925\n|switch|p1b: Basculegion|Basculegion, L50, M|20/100 brn\n|turn|6\n|\n|t:|1776390934\n|switch|p2b: Incineroar|Incineroar, L50, F|100/100\n|-ability|p2b: Incineroar|Intimidate|boost\n|-unboost|p1a: Venusaur|atk|1\n|-unboost|p1b: Basculegion|atk|1\n|move|p1a: Venusaur|Protect|p1a: Venusaur\n|-singleturn|p1a: Venusaur|Protect\n|move|p2a: Kingambit|Sucker Punch|p1b: Basculegion\n|-supereffective|p1b: Basculegion|1\n|-damage|p1b: Basculegion|0 fnt\n|faint|p1b: Basculegion\n|\n|upkeep\n|turn|7\n|-message|GronGT forfeited.\n|\n|win|4bied\n|raw|GronGT's rating: 1157 &rarr; <strong>1137</strong><br />(-20 for losing)\n|raw|4bied's rating: 1234 &rarr; <strong>1254</strong><br />(+20 for winning)\n|l|\u2606GronGT\n|player|p1|\n|c|\u26064bied|Gg\n",
  "uploadtime": 1776390966,
  "views": 17,
  "formatid": "gen9championsvgc2026regma",
  "rating": 1137,
  "private": 0,
  "password": null
}