{
  "id": "gen9championsvgc2026regma-2581812472",
  "format": "[Gen 9 Champions] VGC 2026 Reg M-A",
  "players": [
    "Plopy14",
    "THGMonkeMan"
  ],
  "log": "|j|\u2606Plopy14\n|j|\u2606THGMonkeMan\n|t:|1776030423\n|gametype|doubles\n|player|p1|Plopy14|bugcatcher|\n|player|p2|THGMonkeMan|cyrus|\n|gen|9\n|tier|[Gen 9 Champions] VGC 2026 Reg M-A\n|rated|Tournament battle\n|rule|Species Clause: Limit one of each Pok\u00e9mon\n|rule|Item Clause: Limit 1 of each item\n|raw|<div class=\"infobox\"><details class=\"readmore\" open><summary><strong>1 custom rule:</strong></summary> Force Open Team Sheets</details></div>\n|clearpoke\n|poke|p1|Garchomp, L50, F|\n|poke|p1|Tyranitar, L50, F|\n|poke|p1|Sinistcha, L50|\n|poke|p1|Rotom-Heat, L50|\n|poke|p2|Aerodactyl, L50, M|\n|poke|p2|Gardevoir, L50, F|\n|poke|p2|Garchomp, L50, M|\n|poke|p2|Tyranitar, L50, F|\n|poke|p2|Excadrill, L50, M|\n|poke|p2|Corviknight, L50, F|\n|teampreview|4\n|showteam|p1|Garchomp||Leftovers|SandVeil|Earthquake,DragonClaw,Substitute,Protect|||F|||50|]Tyranitar||Tyranitarite|SandStream|RockSlide,KnockOff,DragonDance,Protect|||F|||50|]Sinistcha||SitrusBerry|Hospitality|MatchaGotcha,StrengthSap,RagePowder,LifeDew||||||50|]Rotom-Heat||ChoiceScarf|Levitate|Thunderbolt,Overheat,VoltSwitch,Trick||||||50|\n|showteam|p2|Aerodactyl||Aerodactylite|Pressure|RockSlide,DualWingbeat,IceFang,Protect|||M|||50|]Gardevoir||ChoiceScarf|Trace|DazzlingGleam,PsychicNoise,MysticalFire,ThunderWave|||F|||50|]Garchomp||BrightPowder|SandVeil|BreakingSwipe,Earthquake,RockSlide,SwordsDance|||M|||50|]Tyranitar||Tyranitarite|SandStream|RockSlide,ThunderPunch,KnockOff,Sandstorm|||F|||50|]Excadrill||FocusSash|SandRush|Earthquake,IronHead,HelpingHand,RockSlide|||M|||50|]Corviknight||SitrusBerry|MirrorArmor|BraveBird,IronHead,Taunt,Roost|||F|||50|\n|j| Slimeygang\n|j| Pimp Shrimp\n|l| Slimeygang\n|\n|t:|1776030453\n|teamsize|p1|4\n|teamsize|p2|4\n|start\n|switch|p1a: Rotom|Rotom-Heat, L50|100/100\n|switch|p1b: Garchomp|Garchomp, L50, F|100/100\n|switch|p2a: Aerodactyl|Aerodactyl, L50, M, shiny|100/100\n|switch|p2b: Tyranitar|Tyranitar, L50, F, shiny|100/100\n|-ability|p2a: Aerodactyl|Pressure\n|-weather|Sandstorm|[from] ability: Sand Stream|[of] p2b: Tyranitar\n|turn|1\n|j|@Radio Free C-Side\n|\n|t:|1776030484\n|move|p2a: Aerodactyl|Protect|p2a: Aerodactyl\n|-singleturn|p2a: Aerodactyl|Protect\n|move|p1b: Garchomp|Protect|p1b: Garchomp\n|-singleturn|p1b: Garchomp|Protect\n|move|p1a: Rotom|Volt Switch|p2a: Aerodactyl\n|-activate|p2a: Aerodactyl|move: Protect\n|move|p2b: Tyranitar|Knock Off|p1a: Rotom\n|-damage|p1a: Rotom|33/100\n|-enditem|p1a: Rotom|Choice Scarf|[from] move: Knock Off|[of] p2b: Tyranitar\n|\n|-weather|Sandstorm|[upkeep]\n|-damage|p1a: Rotom|27/100|[from] Sandstorm\n|upkeep\n|turn|2\n|\n|t:|1776030494\n|switch|p1b: Tyranitar|Tyranitar, L50, F|100/100\n|detailschange|p2a: Aerodactyl|Aerodactyl-Mega, L50, M, shiny\n|-mega|p2a: Aerodactyl|Aerodactyl|Aerodactylite\n|move|p2a: Aerodactyl|Ice Fang|p1b: Tyranitar\n|-damage|p1b: Tyranitar|75/100\n|move|p1a: Rotom|Thunderbolt|p2a: Aerodactyl\n|-supereffective|p2a: Aerodactyl|1\n|-damage|p2a: Aerodactyl|33/100\n|move|p2b: Tyranitar|Rock Slide|p1a: Rotom|[spread] p1a,p1b\n|-supereffective|p1a: Rotom|1\n|-damage|p1a: Rotom|0 fnt\n|-damage|p1b: Tyranitar|51/100\n|faint|p1a: Rotom\n|\n|-weather|Sandstorm|[upkeep]\n|upkeep\n|\n|t:|1776030503\n|switch|p1a: Sinistcha|Sinistcha, L50|100/100\n|-heal|p1b: Tyranitar|76/100|[from] ability: Hospitality|[of] p1a: Sinistcha\n|turn|3\n|\n|t:|1776030510\n|move|p2a: Aerodactyl|Protect|p2a: Aerodactyl\n|-singleturn|p2a: Aerodactyl|Protect\n|move|p1b: Tyranitar|Dragon Dance|p1b: Tyranitar\n|-boost|p1b: Tyranitar|atk|1\n|-boost|p1b: Tyranitar|spe|1\n|move|p1a: Sinistcha|Strength Sap|p2b: Tyranitar\n|-unboost|p2b: Tyranitar|atk|1\n|move|p2b: Tyranitar|Knock Off|p1a: Sinistcha\n|-supereffective|p1a: Sinistcha|1\n|-damage|p1a: Sinistcha|32/100\n|-enditem|p1a: Sinistcha|Sitrus Berry|[from] move: Knock Off|[of] p2b: Tyranitar\n|\n|-weather|Sandstorm|[upkeep]\n|-damage|p1a: Sinistcha|25/100|[from] Sandstorm\n|upkeep\n|turn|4\n|\n|t:|1776030526\n|switch|p1a: Garchomp|Garchomp, L50, F|100/100\n|move|p2a: Aerodactyl|Rock Slide|p1a: Garchomp|[spread] p1a\n|-miss|p2a: Aerodactyl|p1b: Tyranitar\n|-resisted|p1a: Garchomp|1\n|-damage|p1a: Garchomp|86/100\n|move|p1b: Tyranitar|Rock Slide|p2b: Tyranitar|[spread] p2a,p2b\n|-supereffective|p2a: Aerodactyl|1\n|-damage|p2a: Aerodactyl|0 fnt\n|-damage|p2b: Tyranitar|70/100\n|faint|p2a: Aerodactyl\n|cant|p2b: Tyranitar|flinch\n|\n|-weather|Sandstorm|[upkeep]\n|-heal|p1a: Garchomp|92/100|[from] item: Leftovers\n|upkeep\n|\n|t:|1776030533\n|switch|p2a: Corviknight|Corviknight, L50, F|100/100\n|turn|5\n|\n|t:|1776030548\n|detailschange|p1b: Tyranitar|Tyranitar-Mega, L50, F\n|-mega|p1b: Tyranitar|Tyranitar|Tyranitarite\n|move|p1b: Tyranitar|Knock Off|p2a: Corviknight\n|-damage|p2a: Corviknight|46/100\n|-enditem|p2a: Corviknight|Sitrus Berry|[from] move: Knock Off|[of] p1b: Tyranitar\n|move|p1a: Garchomp|Substitute|p1a: Garchomp\n|-start|p1a: Garchomp|Substitute\n|-damage|p1a: Garchomp|67/100\n|move|p2a: Corviknight|Iron Head|p1b: Tyranitar\n|-supereffective|p1b: Tyranitar|1\n|-damage|p1b: Tyranitar|45/100\n|move|p2b: Tyranitar|Thunder Punch|p1b: Tyranitar\n|-damage|p1b: Tyranitar|32/100\n|-status|p1b: Tyranitar|par\n|\n|-weather|none\n|-heal|p1a: Garchomp|73/100|[from] item: Leftovers\n|upkeep\n|turn|6\n|\n|t:|1776030570\n|move|p1b: Tyranitar|Protect|p1b: Tyranitar\n|-singleturn|p1b: Tyranitar|Protect\n|move|p1a: Garchomp|Earthquake|p2b: Tyranitar|[spread] p2b\n|-activate|p1b: Tyranitar|move: Protect\n|-immune|p2a: Corviknight\n|-supereffective|p2b: Tyranitar|1\n|-damage|p2b: Tyranitar|8/100\n|move|p2a: Corviknight|Iron Head|p1b: Tyranitar\n|-activate|p1b: Tyranitar|move: Protect\n|move|p2b: Tyranitar|Knock Off|p1a: Garchomp\n|-end|p1a: Garchomp|Substitute\n|\n|-heal|p1a: Garchomp|79/100|[from] item: Leftovers\n|upkeep\n|turn|7\n|\n|t:|1776030582\n|move|p1a: Garchomp|Dragon Claw|p2b: Tyranitar\n|-damage|p2b: Tyranitar|0 fnt\n|faint|p2b: Tyranitar\n|move|p1b: Tyranitar|Rock Slide|p2a: Corviknight\n|-damage|p2a: Corviknight|4/100\n|move|p2a: Corviknight|Roost|p2a: Corviknight\n|-heal|p2a: Corviknight|55/100\n|-singleturn|p2a: Corviknight|move: Roost\n|\n|-heal|p1a: Garchomp|86/100|[from] item: Leftovers\n|upkeep\n|\n|t:|1776030587\n|switch|p2b: Excadrill|Excadrill, L50, M, shiny|100/100\n|turn|8\n|j| Tindall64\n|\n|t:|1776030604\n|move|p1b: Tyranitar|Protect|p1b: Tyranitar\n|-singleturn|p1b: Tyranitar|Protect\n|move|p1a: Garchomp|Earthquake|p2a: Corviknight|[spread] p2b\n|-activate|p1b: Tyranitar|move: Protect\n|-immune|p2a: Corviknight\n|-supereffective|p2b: Excadrill|1\n|-enditem|p2b: Excadrill|Focus Sash\n|-damage|p2b: Excadrill|1/100\n|move|p2b: Excadrill|Earthquake|p1a: Garchomp|[spread] p1a\n|-activate|p1b: Tyranitar|move: Protect\n|-immune|p2a: Corviknight\n|-damage|p1a: Garchomp|49/100\n|move|p2a: Corviknight|Iron Head|p1a: Garchomp\n|-damage|p1a: Garchomp|28/100\n|\n|-heal|p1a: Garchomp|34/100|[from] item: Leftovers\n|upkeep\n|turn|9\n|j| Ducktile\n|\n|t:|1776030621\n|move|p1a: Garchomp|Dragon Claw|p2b: Excadrill\n|-resisted|p2b: Excadrill|1\n|-damage|p2b: Excadrill|0 fnt\n|faint|p2b: Excadrill\n|move|p1b: Tyranitar|Rock Slide|p2a: Corviknight\n|-crit|p2a: Corviknight\n|-damage|p2a: Corviknight|0 fnt\n|faint|p2a: Corviknight\n|\n|win|Plopy14\n|n|\u2606Plopy14|plopy14\n|n|\u2606THGMonkeMan|thgmonkeman\n|n| Pimp Shrimp|pimpshrimp\n|n|+Radio Free C-Side|radiofreecside\n|n| Tindall64|tindall64\n|n| Ducktile|ducktile\n",
  "uploadtime": 1776030621,
  "views": 13,
  "formatid": "gen9championsvgc2026regma",
  "rating": null,
  "private": 0,
  "password": null
}