{
  "id": "gen9championsvgc2026regma-2582664091",
  "format": "[Gen 9 Champions] VGC 2026 Reg M-A",
  "players": [
    "ftyuygdeerre",
    "NotTheRealAdo"
  ],
  "log": "|j|\u2606ftyuygdeerre\n|j|\u2606NotTheRealAdo\n|t:|1776105825\n|gametype|doubles\n|player|p1|ftyuygdeerre|170|1000\n|player|p2|NotTheRealAdo|karen|1049\n|gen|9\n|tier|[Gen 9 Champions] VGC 2026 Reg M-A\n|rated|\n|rule|Species Clause: Limit one of each Pok\u00e9mon\n|rule|Item Clause: Limit 1 of each item\n|clearpoke\n|poke|p1|Milotic, L50, M|\n|poke|p1|Dragapult, L50, M|\n|poke|p1|Clefable, L50, M|\n|poke|p1|Garchomp, L50, F|\n|poke|p1|Feraligatr, L50, F|\n|poke|p1|Sinistcha, L50|\n|poke|p2|Floette-Eternal, L50, F|\n|poke|p2|Incineroar, L50, M|\n|poke|p2|Garchomp, L50, F|\n|poke|p2|Sneasler, L50, M|\n|poke|p2|Rotom-Wash, L50|\n|poke|p2|Aerodactyl, L50, F|\n|teampreview|4\n|\n|t:|1776105905\n|teamsize|p1|4\n|teamsize|p2|4\n|start\n|switch|p1a: Milotic|Milotic, L50, M|100/100\n|switch|p1b: Dragapult|Dragapult, L50, M|100/100\n|switch|p2a: Mary Poppins|Floette-Eternal, L50, F|100/100\n|switch|p2b: Rotom|Rotom-Wash, L50|100/100\n|turn|1\n|\n|t:|1776105928\n|move|p2b: Rotom|Electroweb|p1a: Milotic|[spread] p1a,p1b\n|-supereffective|p1a: Milotic|1\n|-resisted|p1b: Dragapult|1\n|-damage|p1a: Milotic|80/100\n|-damage|p1b: Dragapult|89/100\n|-unboost|p1a: Milotic|spe|1\n|-ability|p1a: Milotic|Competitive|boost\n|-boost|p1a: Milotic|spa|2\n|-unboost|p1b: Dragapult|spe|1\n|move|p1b: Dragapult|Draco Meteor|p2b: Rotom\n|-damage|p2b: Rotom|37/100\n|-unboost|p1b: Dragapult|spa|2\n|move|p2a: Mary Poppins|Dazzling Gleam|p1a: Milotic|[spread] p1a,p1b\n|-supereffective|p1b: Dragapult|1\n|-damage|p1a: Milotic|60/100\n|-damage|p1b: Dragapult|5/100\n|move|p1a: Milotic|Dragon Cheer|p1b: Dragapult\n|-start|p1b: Dragapult|move: Dragon Cheer\n|\n|-heal|p1a: Milotic|66/100|[from] item: Leftovers\n|upkeep\n|turn|2\n|\n|t:|1776105954\n|detailschange|p2a: Mary Poppins|Floette-Mega, L50, F\n|-mega|p2a: Mary Poppins|Floette|Floettite\n|-ability|p2a: Mary Poppins|Fairy Aura\n|move|p2b: Rotom|Electroweb|p1b: Dragapult|[spread] p1a,p1b\n|-supereffective|p1a: Milotic|1\n|-resisted|p1b: Dragapult|1\n|-damage|p1a: Milotic|45/100\n|-damage|p1b: Dragapult|0 fnt\n|-unboost|p1a: Milotic|spe|1\n|-ability|p1a: Milotic|Competitive|boost\n|-boost|p1a: Milotic|spa|2\n|faint|p1b: Dragapult\n|move|p2a: Mary Poppins|Dazzling Gleam|p1a: Milotic\n|-damage|p1a: Milotic|8/100\n|move|p1a: Milotic|Scald|p2a: Mary Poppins\n|-crit|p2a: Mary Poppins\n|-damage|p2a: Mary Poppins|14/100\n|-status|p2a: Mary Poppins|brn\n|\n|-heal|p1a: Milotic|14/100|[from] item: Leftovers\n|-damage|p2a: Mary Poppins|8/100 brn|[from] brn\n|upkeep\n|\n|t:|1776105969\n|switch|p1b: Garchomp|Garchomp, L50, F|100/100\n|turn|3\n|\n|t:|1776105994\n|switch|p2a: Incineroar|Incineroar, L50, M|100/100\n|-ability|p2a: Incineroar|Intimidate|boost\n|-unboost|p1a: Milotic|atk|1\n|-ability|p1a: Milotic|Competitive|boost\n|-boost|p1a: Milotic|spa|2\n|-unboost|p1b: Garchomp|atk|1\n|move|p1b: Garchomp|Rock Slide|p2a: Incineroar|[spread] p2a,p2b\n|-supereffective|p2a: Incineroar|1\n|-damage|p2a: Incineroar|80/100\n|-damage|p2b: Rotom|21/100\n|cant|p2b: Rotom|flinch\n|move|p1a: Milotic|Dragon Cheer|p1b: Garchomp\n|-start|p1b: Garchomp|move: Dragon Cheer\n|\n|-heal|p1a: Milotic|20/100|[from] item: Leftovers\n|upkeep\n|turn|4\n|\n|t:|1776106012\n|move|p1a: Milotic|Protect|p1a: Milotic\n|-singleturn|p1a: Milotic|Protect\n|move|p2a: Incineroar|Fake Out|p1b: Garchomp\n|-damage|p1b: Garchomp|89/100\n|-damage|p2a: Incineroar|67/100|[from] ability: Rough Skin|[of] p1b: Garchomp\n|cant|p1b: Garchomp|flinch\n|move|p2b: Rotom|Electroweb|p1a: Milotic|[spread] \n|-activate|p1a: Milotic|move: Protect\n|-immune|p1b: Garchomp\n|\n|-heal|p1a: Milotic|26/100|[from] item: Leftovers\n|upkeep\n|turn|5\n|\n|t:|1776106032\n|move|p1b: Garchomp|Rock Slide|p2b: Rotom|[spread] p2a,p2b\n|-supereffective|p2a: Incineroar|1\n|-damage|p2a: Incineroar|47/100\n|-damage|p2b: Rotom|4/100\n|-enditem|p2a: Incineroar|Sitrus Berry|[eat]\n|-heal|p2a: Incineroar|71/100|[from] item: Sitrus Berry\n|cant|p2b: Rotom|flinch\n|move|p2a: Incineroar|Parting Shot|p1b: Garchomp\n|-unboost|p1b: Garchomp|atk|1\n|-unboost|p1b: Garchomp|spa|1\n|\n|t:|1776106036\n|switch|p2a: Mary Poppins|Floette-Mega, L50, F|8/100 brn|[from] Parting Shot\n|-ability|p2a: Mary Poppins|Fairy Aura\n|move|p1a: Milotic|Dragon Cheer||[still]\n|-fail|p1a: Milotic\n|\n|-heal|p1a: Milotic|32/100|[from] item: Leftovers\n|-damage|p2a: Mary Poppins|2/100 brn|[from] brn\n|upkeep\n|turn|6\n|inactive|Battle timer is ON: inactive players will automatically lose when time's up. (requested by ftyuygdeerre)\n|\n|t:|1776106061\n|switch|p2a: Incineroar|Incineroar, L50, M|71/100\n|-ability|p2a: Incineroar|Intimidate|boost\n|-unboost|p1a: Milotic|atk|1\n|-boost|p1a: Milotic|spa|0\n|-unboost|p1b: Garchomp|atk|1\n|move|p1a: Milotic|Protect|p1a: Milotic\n|-singleturn|p1a: Milotic|Protect\n|move|p1b: Garchomp|Rock Slide|p2b: Rotom|[spread] p2a\n|-miss|p1b: Garchomp|p2b: Rotom\n|-supereffective|p2a: Incineroar|1\n|-damage|p2a: Incineroar|57/100\n|move|p2b: Rotom|Electroweb|p1a: Milotic|[spread] \n|-activate|p1a: Milotic|move: Protect\n|-immune|p1b: Garchomp\n|\n|-heal|p1a: Milotic|38/100|[from] item: Leftovers\n|upkeep\n|turn|7\n|inactive|NotTheRealAdo has 30 seconds left.\n|\n|t:|1776106088\n|switch|p2b: Sneasler|Sneasler, L50, M|100/100\n|move|p1b: Garchomp|Rock Slide|p2b: Sneasler|[spread] p2a,p2b\n|-supereffective|p2a: Incineroar|1\n|-resisted|p2b: Sneasler|1\n|-crit|p2b: Sneasler\n|-damage|p2a: Incineroar|44/100\n|-damage|p2b: Sneasler|77/100\n|move|p2a: Incineroar|Throat Chop|p1a: Milotic\n|-damage|p1a: Milotic|7/100\n|-start|p1a: Milotic|Throat Chop|[silent]\n|move|p1a: Milotic|Recover|p1a: Milotic\n|-heal|p1a: Milotic|57/100\n|\n|-heal|p1a: Milotic|63/100|[from] item: Leftovers\n|upkeep\n|turn|8\n|inactive|NotTheRealAdo has 30 seconds left.\n|\n|t:|1776106121\n|move|p1a: Milotic|Protect|p1a: Milotic\n|-singleturn|p1a: Milotic|Protect\n|move|p1b: Garchomp|Rock Slide|p2a: Incineroar|[spread] p2a,p2b\n|-supereffective|p2a: Incineroar|1\n|-crit|p2a: Incineroar\n|-resisted|p2b: Sneasler|1\n|-crit|p2b: Sneasler\n|-damage|p2a: Incineroar|0 fnt\n|-damage|p2b: Sneasler|51/100\n|faint|p2a: Incineroar\n|cant|p2b: Sneasler|flinch\n|\n|-heal|p1a: Milotic|69/100|[from] item: Leftovers\n|-end|p1a: Milotic|Throat Chop|[silent]\n|upkeep\n|\n|t:|1776106124\n|switch|p2a: Mary Poppins|Floette-Mega, L50, F|2/100 brn\n|-ability|p2a: Mary Poppins|Fairy Aura\n|turn|9\n|\n|t:|1776106135\n|move|p1b: Garchomp|Rock Slide|p2b: Sneasler|[spread] p2a,p2b\n|-resisted|p2b: Sneasler|1\n|-damage|p2a: Mary Poppins|0 fnt\n|-damage|p2b: Sneasler|44/100\n|faint|p2a: Mary Poppins\n|cant|p2b: Sneasler|flinch\n|move|p1a: Milotic|Scald|p2b: Sneasler\n|-damage|p2b: Sneasler|0 fnt\n|faint|p2b: Sneasler\n|\n|-heal|p1a: Milotic|75/100|[from] item: Leftovers\n|upkeep\n|-message|NotTheRealAdo forfeited.\n|\n|win|ftyuygdeerre\n|raw|ftyuygdeerre's rating: 1000 &rarr; <strong>1046</strong><br />(+46 for winning)\n|raw|NotTheRealAdo's rating: 1049 &rarr; <strong>1029</strong><br />(-20 for losing)\n|l|\u2606NotTheRealAdo\n|player|p2|\n",
  "uploadtime": 1776106149,
  "views": 25,
  "formatid": "gen9championsvgc2026regma",
  "rating": 1029,
  "private": 0,
  "password": null
}