{
  "id": "gen9championsvgc2026regma-2588551672",
  "format": "[Gen 9 Champions] VGC 2026 Reg M-A",
  "players": [
    "bruhjoleon",
    "Faiafureku"
  ],
  "log": "|j|\u2606bruhjoleon\n|j|\u2606Faiafureku\n|t:|1776644176\n|gametype|doubles\n|player|p1|bruhjoleon|1|1013\n|player|p2|Faiafureku|266|1048\n|gen|9\n|tier|[Gen 9 Champions] VGC 2026 Reg M-A\n|rated|\n|rule|Species Clause: Limit one of each Pok\u00e9mon\n|rule|Item Clause: Limit 1 of each item\n|clearpoke\n|poke|p1|Aurorus, L50, M|\n|poke|p1|Zoroark-Hisui, L50, M|\n|poke|p1|Krookodile, L50, M|\n|poke|p1|Victreebel, L50, F|\n|poke|p1|Milotic, L50, M|\n|poke|p1|Armarouge, L50, M|\n|poke|p2|Snorlax, L50, F, shiny|\n|poke|p2|Ninetales-Alola, L50, M|\n|poke|p2|Sneasler, L50, F|\n|poke|p2|Crabominable, L50, M|\n|poke|p2|Garchomp, L50, F|\n|poke|p2|Sinistcha, L50|\n|teampreview|4\n|\n|t:|1776644202\n|teamsize|p1|4\n|teamsize|p2|4\n|start\n|switch|p1a: Armarouge|Armarouge, L50, M|100/100\n|switch|p1b: Aurorus|Aurorus, L50, M|100/100\n|switch|p2a: Ninetales|Ninetales-Alola, L50, M|100/100\n|switch|p2b: Sneasler|Sneasler, L50, F|100/100\n|-weather|Snowscape|[from] ability: Snow Warning|[of] p2a: Ninetales\n|turn|1\n|\n|t:|1776644224\n|move|p2b: Sneasler|Fake Out|p1a: Armarouge\n|-immune|p1a: Armarouge\n|move|p2a: Ninetales|Aurora Veil|p2a: Ninetales\n|-sidestart|p2: Faiafureku|move: Aurora Veil\n|move|p1a: Armarouge|Hyper Voice|p2a: Ninetales|[spread] p2a,p2b\n|-damage|p2a: Ninetales|79/100\n|-damage|p2b: Sneasler|71/100\n|move|p1b: Aurorus|Psychic|p2b: Sneasler\n|-supereffective|p2b: Sneasler|2\n|-damage|p2b: Sneasler|0 fnt\n|faint|p2b: Sneasler\n|\n|-weather|Snowscape|[upkeep]\n|upkeep\n|\n|t:|1776644241\n|switch|p2b: Snorlax|Snorlax, L50, F, shiny|100/100\n|turn|2\n|\n|t:|1776644253\n|move|p2a: Ninetales|Blizzard|p1a: Armarouge|[spread] p1a,p1b\n|-resisted|p1b: Aurorus|1\n|-damage|p1a: Armarouge|53/100\n|-damage|p1b: Aurorus|88/100\n|replace|p1a: Zoroark|Zoroark-Hisui, L50, M\n|-end|p1a: Zoroark|Illusion\n|move|p1a: Zoroark|Round|p2b: Snorlax\n|-damage|p2b: Snorlax|90/100\n|move|p1b: Aurorus|Round|p2b: Snorlax|[from] move: Round\n|-damage|p2b: Snorlax|80/100\n|move|p2b: Snorlax|Heavy Slam|p1b: Aurorus\n|-supereffective|p1b: Aurorus|2\n|-damage|p1b: Aurorus|45/100\n|\n|-weather|Snowscape|[upkeep]\n|-heal|p1b: Aurorus|51/100|[from] item: Leftovers\n|upkeep\n|turn|3\n|\n|t:|1776644287\n|move|p2a: Ninetales|Protect|p2a: Ninetales\n|-singleturn|p2a: Ninetales|Protect\n|move|p1a: Zoroark|Hyper Voice|p2b: Snorlax|[spread] p2b\n|-activate|p2a: Ninetales|move: Protect\n|-damage|p2b: Snorlax|69/100\n|move|p1b: Aurorus|Hyper Voice|p2b: Snorlax|[spread] p2b\n|-activate|p2a: Ninetales|move: Protect\n|-damage|p2b: Snorlax|63/100\n|move|p2b: Snorlax|Earthquake|p1b: Aurorus|[spread] p1a,p1b\n|-activate|p2a: Ninetales|move: Protect\n|-supereffective|p1b: Aurorus|1\n|-damage|p1a: Zoroark|17/100\n|-damage|p1b: Aurorus|24/100\n|\n|-weather|Snowscape|[upkeep]\n|-heal|p1b: Aurorus|30/100|[from] item: Leftovers\n|upkeep\n|turn|4\n|\n|t:|1776644314\n|move|p2a: Ninetales|Dazzling Gleam|p1b: Aurorus|[spread] p1a,p1b\n|-damage|p1a: Zoroark|0 fnt\n|-damage|p1b: Aurorus|12/100\n|faint|p1a: Zoroark\n|move|p1b: Aurorus|Hyper Voice|p2a: Ninetales|[spread] p2a,p2b\n|-resisted|p2a: Ninetales|1\n|-damage|p2a: Ninetales|68/100\n|-damage|p2b: Snorlax|58/100\n|move|p2b: Snorlax|Heavy Slam|p1b: Aurorus\n|-supereffective|p1b: Aurorus|2\n|-damage|p1b: Aurorus|0 fnt\n|faint|p1b: Aurorus\n|\n|-weather|Snowscape|[upkeep]\n|upkeep\n|\n|t:|1776644318\n|switch|p1a: Victreebel|Victreebel, L50, F|100/100\n|switch|p1b: Armarouge|Armarouge, L50, M|100/100\n|turn|5\n|\n|t:|1776644328\n|switch|p2a: Crabominable|Crabominable, L50, M|100/100\n|detailschange|p1a: Victreebel|Victreebel-Mega, L50, F\n|-mega|p1a: Victreebel|Victreebel|Victreebelite\n|move|p1b: Armarouge|Aura Sphere|p2b: Snorlax\n|-supereffective|p2b: Snorlax|1\n|-enditem|p2b: Snorlax|Chople Berry|[eat]\n|-enditem|p2b: Snorlax|Chople Berry|[weaken]\n|-damage|p2b: Snorlax|47/100\n|move|p1a: Victreebel|Sludge Bomb|p2a: Crabominable\n|-damage|p2a: Crabominable|67/100\n|move|p2b: Snorlax|Body Slam|p1b: Armarouge\n|-damage|p1b: Armarouge|64/100\n|-ability|p1b: Armarouge|Weak Armor|boost\n|-unboost|p1b: Armarouge|def|1\n|-boost|p1b: Armarouge|spe|2\n|\n|-weather|none\n|-sideend|p2: Faiafureku|move: Aurora Veil\n|upkeep\n|turn|6\n|\n|t:|1776644366\n|detailschange|p2a: Crabominable|Crabominable-Mega, L50, M\n|-mega|p2a: Crabominable|Crabominable|Crabominite\n|move|p1b: Armarouge|Heat Wave|p2b: Snorlax|[spread] p2a,p2b\n|-supereffective|p2a: Crabominable|1\n|-damage|p2a: Crabominable|19/100\n|-damage|p2b: Snorlax|38/100\n|-status|p2b: Snorlax|brn\n|move|p1a: Victreebel|Sludge Bomb|p2b: Snorlax\n|-damage|p2b: Snorlax|11/100 brn\n|move|p2a: Crabominable|Ice Spinner|p1b: Armarouge\n|-resisted|p1b: Armarouge|1\n|-damage|p1b: Armarouge|32/100\n|-ability|p1b: Armarouge|Weak Armor|boost\n|-unboost|p1b: Armarouge|def|1\n|-boost|p1b: Armarouge|spe|2\n|-enditem|p1b: Armarouge|Sitrus Berry|[eat]\n|-heal|p1b: Armarouge|56/100|[from] item: Sitrus Berry\n|move|p2b: Snorlax|Earthquake|p1a: Victreebel|[spread] p2a,p1a,p1b\n|-crit|p2a: Crabominable\n|-supereffective|p1b: Armarouge|1\n|-damage|p2a: Crabominable|7/100\n|-damage|p1a: Victreebel|86/100\n|-damage|p1b: Armarouge|11/100\n|-ability|p1b: Armarouge|Weak Armor|boost\n|-unboost|p1b: Armarouge|def|1\n|-boost|p1b: Armarouge|spe|2\n|\n|-damage|p2b: Snorlax|5/100 brn|[from] brn\n|upkeep\n|turn|7\n|\n|t:|1776644427\n|move|p2a: Crabominable|Mach Punch|p1b: Armarouge\n|-resisted|p1b: Armarouge|1\n|-damage|p1b: Armarouge|0 fnt\n|faint|p1b: Armarouge\n|move|p1a: Victreebel|Sludge Bomb|p2a: Crabominable\n|-damage|p2a: Crabominable|0 fnt\n|faint|p2a: Crabominable\n|move|p2b: Snorlax|Zen Headbutt|p1a: Victreebel\n|-supereffective|p1a: Victreebel|1\n|-damage|p1a: Victreebel|53/100\n|\n|-damage|p2b: Snorlax|0 fnt|[from] brn\n|faint|p2b: Snorlax\n|upkeep\n|\n|t:|1776644447\n|switch|p2a: Ninetales|Ninetales-Alola, L50, M|68/100\n|-weather|Snowscape|[from] ability: Snow Warning|[of] p2a: Ninetales\n|turn|8\n|\n|t:|1776644463\n|move|p2a: Ninetales|Blizzard|p1a: Victreebel\n|-supereffective|p1a: Victreebel|1\n|-damage|p1a: Victreebel|0 fnt\n|-damage|p2a: Ninetales|17/100|[from] ability: Innards Out|[of] p1a: Victreebel\n|faint|p1a: Victreebel\n|\n|win|Faiafureku\n|raw|bruhjoleon's rating: 1013 &rarr; <strong>1002</strong><br />(-11 for losing)\n|raw|Faiafureku's rating: 1048 &rarr; <strong>1078</strong><br />(+30 for winning)\n|c|\u2606bruhjoleon|gg\n",
  "uploadtime": 1776644471,
  "views": 23,
  "formatid": "gen9championsvgc2026regma",
  "rating": 1002,
  "private": 0,
  "password": null
}