{
  "id": "gen9championsvgc2026regma-2583078230",
  "format": "[Gen 9 Champions] VGC 2026 Reg M-A",
  "players": [
    "Bradzinho",
    "jisdafods"
  ],
  "log": "|j|\u2606Bradzinho\n|j|\u2606jisdafods\n|t:|1776139530\n|gametype|doubles\n|player|p1|Bradzinho|youngster-gen4dp|1086\n|player|p2|jisdafods|266|1024\n|gen|9\n|tier|[Gen 9 Champions] VGC 2026 Reg M-A\n|rated|\n|rule|Species Clause: Limit one of each Pok\u00e9mon\n|rule|Item Clause: Limit 1 of each item\n|clearpoke\n|poke|p1|Excadrill, L50, F|\n|poke|p1|Tyranitar, L50, F|\n|poke|p1|Sneasler, L50, F|\n|poke|p1|Rotom-Wash, L50|\n|poke|p1|Dragapult, L50, M|\n|poke|p1|Meganium, L50, M|\n|poke|p2|Charizard, L50, M|\n|poke|p2|Venusaur, L50, F|\n|poke|p2|Sneasler, L50, M|\n|poke|p2|Rotom-Wash, L50|\n|poke|p2|Garchomp, L50, F|\n|poke|p2|Incineroar, L50, F|\n|teampreview|4\n|inactive|Battle timer is ON: inactive players will automatically lose when time's up. (requested by jisdafods)\n|\n|t:|1776139630\n|teamsize|p1|4\n|teamsize|p2|4\n|start\n|switch|p1a: Dragapult|Dragapult, L50, M|100/100\n|switch|p1b: Sneasler|Sneasler, L50, F|100/100\n|switch|p2a: Sneasler|Sneasler, L50, M|100/100\n|switch|p2b: Charizard|Charizard, L50, M|100/100\n|turn|1\n|\n|t:|1776139653\n|move|p2a: Sneasler|Protect|p2a: Sneasler\n|-singleturn|p2a: Sneasler|Protect\n|move|p2b: Charizard|Protect|p2b: Charizard\n|-singleturn|p2b: Charizard|Protect\n|move|p1b: Sneasler|Fake Out|p2a: Sneasler\n|-activate|p2a: Sneasler|move: Protect\n|move|p1a: Dragapult|Will-O-Wisp|p2a: Sneasler\n|-activate|p2a: Sneasler|move: Protect\n|\n|upkeep\n|turn|2\n|inactive|Bradzinho has 30 seconds left.\n|inactive|jisdafods has 30 seconds left.\n|\n|t:|1776139684\n|detailschange|p2b: Charizard|Charizard-Mega-Y, L50, M\n|-mega|p2b: Charizard|Charizard|Charizardite Y\n|-weather|SunnyDay|[from] ability: Drought|[of] p2b: Charizard\n|move|p1a: Dragapult|Phantom Force||[still]\n|-prepare|p1a: Dragapult|Phantom Force\n|move|p2a: Sneasler|Dire Claw|p1a: Dragapult|[miss]\n|-miss|p2a: Sneasler|p1a: Dragapult\n|move|p1b: Sneasler|Close Combat|p2a: Sneasler\n|-resisted|p2a: Sneasler|1\n|-crit|p2a: Sneasler\n|-damage|p2a: Sneasler|14/100\n|-unboost|p1b: Sneasler|def|1\n|-unboost|p1b: Sneasler|spd|1\n|-enditem|p1b: Sneasler|White Herb\n|-clearnegativeboost|p1b: Sneasler|[silent]\n|move|p2b: Charizard|Heat Wave|p1a: Dragapult|[spread] p1b\n|-miss|p2b: Charizard|p1a: Dragapult\n|-damage|p1b: Sneasler|7/100\n|-status|p1b: Sneasler|brn\n|\n|-weather|SunnyDay|[upkeep]\n|-damage|p1b: Sneasler|1/100 brn|[from] brn\n|upkeep\n|turn|3\n|inactive|Bradzinho has 30 seconds left.\n|inactive|jisdafods has 30 seconds left.\n|inactive|Bradzinho has 20 seconds left.\n|inactive|jisdafods has 20 seconds left.\n|inactive|jisdafods has 15 seconds left.\n|inactive|jisdafods has 10 seconds left.\n|\n|t:|1776139731\n|switch|p2a: Garchomp|Garchomp, L50, F|100/100\n|move|p1b: Sneasler|Dire Claw|p2b: Charizard\n|-damage|p2b: Charizard|69/100\n|move|p1a: Dragapult|Phantom Force|p2b: Charizard|[from] lockedmove\n|-damage|p2b: Charizard|2/100\n|move|p2b: Charizard|Heat Wave|p1a: Dragapult|[spread] p1a\n|-miss|p2b: Charizard|p1b: Sneasler\n|-resisted|p1a: Dragapult|1\n|-damage|p1a: Dragapult|54/100\n|\n|-weather|SunnyDay|[upkeep]\n|-damage|p1b: Sneasler|0 fnt|[from] brn\n|faint|p1b: Sneasler\n|upkeep\n|\n|t:|1776139748\n|switch|p1b: Tyranitar|Tyranitar, L50, F|100/100\n|-weather|Sandstorm|[from] ability: Sand Stream|[of] p1b: Tyranitar\n|turn|4\n|inactive|Bradzinho has 30 seconds left.\n|inactive|jisdafods has 30 seconds left.\n|\n|t:|1776139782\n|switch|p2b: Venusaur|Venusaur, L50, F|100/100\n|move|p1a: Dragapult|Protect|p1a: Dragapult\n|-singleturn|p1a: Dragapult|Protect\n|move|p2a: Garchomp|Dragon Claw|p1a: Dragapult\n|-activate|p1a: Dragapult|move: Protect\n|move|p1b: Tyranitar|Knock Off|p2a: Garchomp\n|-damage|p2a: Garchomp|47/100\n|-damage|p1b: Tyranitar|88/100|[from] ability: Rough Skin|[of] p2a: Garchomp\n|-enditem|p2a: Garchomp|Choice Scarf|[from] move: Knock Off|[of] p1b: Tyranitar\n|\n|-weather|Sandstorm|[upkeep]\n|-damage|p1a: Dragapult|48/100|[from] Sandstorm\n|-damage|p2b: Venusaur|95/100|[from] Sandstorm\n|upkeep\n|turn|5\n|inactive|Bradzinho has 30 seconds left.\n|inactive|jisdafods has 30 seconds left.\n|inactive|Bradzinho has 20 seconds left.\n|inactive|jisdafods has 20 seconds left.\n|inactive|Bradzinho has 15 seconds left.\n|inactive|jisdafods has 15 seconds left.\n|inactive|Bradzinho has 10 seconds left.\n|inactive|jisdafods has 10 seconds left.\n|inactive|Bradzinho has 5 seconds left.\n|inactive|jisdafods has 5 seconds left.\n|\n|t:|1776139834\n|switch|p1b: Excadrill|Excadrill, L50, F|100/100\n|move|p2b: Venusaur|Protect|p2b: Venusaur\n|-singleturn|p2b: Venusaur|Protect\n|move|p1a: Dragapult|Phantom Force||[still]\n|-prepare|p1a: Dragapult|Phantom Force\n|move|p2a: Garchomp|Dragon Claw|p1a: Dragapult|[miss]\n|-miss|p2a: Garchomp|p1a: Dragapult\n|\n|-weather|Sandstorm|[upkeep]\n|-damage|p1a: Dragapult|42/100|[from] Sandstorm\n|-damage|p2b: Venusaur|89/100|[from] Sandstorm\n|upkeep\n|turn|6\n|\n|t:|1776139858\n|move|p1b: Excadrill|Iron Head|p2b: Venusaur\n|-damage|p2b: Venusaur|22/100\n|move|p1a: Dragapult|Phantom Force|p2a: Garchomp|[from] lockedmove\n|-damage|p2a: Garchomp|3/100\n|-damage|p1a: Dragapult|30/100|[from] ability: Rough Skin|[of] p2a: Garchomp\n|move|p2a: Garchomp|Earthquake|p1b: Excadrill|[spread] p2b,p1a,p1b\n|-supereffective|p1b: Excadrill|1\n|-damage|p2b: Venusaur|0 fnt\n|-damage|p1a: Dragapult|0 fnt\n|-enditem|p1b: Excadrill|Focus Sash\n|-damage|p1b: Excadrill|1/100\n|faint|p2b: Venusaur\n|faint|p1a: Dragapult\n|\n|-weather|Sandstorm|[upkeep]\n|upkeep\n|\n|t:|1776139876\n|switch|p1a: Tyranitar|Tyranitar, L50, F|88/100\n|switch|p2b: Sneasler|Sneasler, L50, M|14/100\n|turn|7\n|\n|t:|1776139896\n|move|p1a: Tyranitar|Protect|p1a: Tyranitar\n|-singleturn|p1a: Tyranitar|Protect\n|move|p2b: Sneasler|Fake Out|p1b: Excadrill\n|-resisted|p1b: Excadrill|1\n|-damage|p1b: Excadrill|0 fnt\n|faint|p1b: Excadrill\n|move|p2a: Garchomp|Earthquake|p1a: Tyranitar|[spread] p2b\n|-activate|p1a: Tyranitar|move: Protect\n|-supereffective|p2b: Sneasler|1\n|-damage|p2b: Sneasler|0 fnt\n|faint|p2b: Sneasler\n|\n|-weather|Sandstorm|[upkeep]\n|upkeep\n|\n|t:|1776139899\n|switch|p2b: Charizard|Charizard-Mega-Y, L50, M|2/100\n|-weather|SunnyDay|[from] ability: Drought|[of] p2b: Charizard\n|turn|8\n|\n|t:|1776139911\n|move|p2b: Charizard|Solar Beam||[still]\n|-prepare|p2b: Charizard|Solar Beam\n|-anim|p2b: Charizard|Solar Beam|p1a: Tyranitar\n|-supereffective|p1a: Tyranitar|1\n|-damage|p1a: Tyranitar|4/100\n|move|p2a: Garchomp|Earthquake|p1a: Tyranitar|[spread] p1a\n|-immune|p2b: Charizard\n|-supereffective|p1a: Tyranitar|1\n|-damage|p1a: Tyranitar|0 fnt\n|faint|p1a: Tyranitar\n|\n|win|jisdafods\n|raw|Bradzinho's rating: 1086 &rarr; <strong>1059</strong><br />(-27 for losing)\n|raw|jisdafods's rating: 1024 &rarr; <strong>1067</strong><br />(+43 for winning)\n|l|\u2606Bradzinho\n|player|p1|\n",
  "uploadtime": 1776139928,
  "views": 12,
  "formatid": "gen9championsvgc2026regma",
  "rating": 1059,
  "private": 0,
  "password": null
}