{
  "id": "gen9championsvgc2026regma-2583974828",
  "format": "[Gen 9 Champions] VGC 2026 Reg M-A",
  "players": [
    "coberdt",
    "XcRunner"
  ],
  "log": "|j|\u2606coberdt\n|j|\u2606XcRunner\n|t:|1776213308\n|gametype|doubles\n|player|p1|coberdt|roxie|1203\n|player|p2|XcRunner|ethan|1117\n|gen|9\n|tier|[Gen 9 Champions] VGC 2026 Reg M-A\n|rated|\n|rule|Species Clause: Limit one of each Pok\u00e9mon\n|rule|Item Clause: Limit 1 of each item\n|clearpoke\n|poke|p1|Pelipper, L50, F|\n|poke|p1|Archaludon, L50, M|\n|poke|p1|Incineroar, L50, M|\n|poke|p1|Sinistcha, L50|\n|poke|p1|Palafin, L50, M|\n|poke|p1|Gengar, L50, M|\n|poke|p2|Sableye, L50, M|\n|poke|p2|Meganium, L50, M|\n|poke|p2|Wyrdeer, L50, F|\n|poke|p2|Empoleon, L50, M|\n|poke|p2|Araquanid, L50, M|\n|poke|p2|Sinistcha, L50|\n|teampreview|4\n|inactive|Battle timer is ON: inactive players will automatically lose when time's up. (requested by XcRunner)\nXcRunner rejected open team sheets.\n|inactive|XcRunner has 60 seconds left.\n|\n|t:|1776213356\n|teamsize|p1|4\n|teamsize|p2|4\n|start\n|switch|p1a: Pelipper|Pelipper, L50, F|100/100\n|switch|p1b: Archaludon|Archaludon, L50, M|100/100\n|switch|p2a: Sableye|Sableye, L50, M|100/100\n|switch|p2b: Empoleon|Empoleon, L50, M|100/100\n|-weather|RainDance|[from] ability: Drizzle|[of] p1a: Pelipper\n|turn|1\n|\n|t:|1776213369\n|move|p2a: Sableye|Protect|p2a: Sableye\n|-singleturn|p2a: Sableye|Protect\n|move|p2b: Empoleon|Protect|p2b: Empoleon\n|-singleturn|p2b: Empoleon|Protect\n|move|p1b: Archaludon|Electro Shot||[still]\n|-prepare|p1b: Archaludon|Electro Shot\n|-boost|p1b: Archaludon|spa|1\n|-anim|p1b: Archaludon|Electro Shot|p2b: Empoleon\n|-activate|p2b: Empoleon|move: Protect\n|move|p1a: Pelipper|Tailwind|p1a: Pelipper\n|-sidestart|p1: coberdt|move: Tailwind\n|\n|-weather|RainDance|[upkeep]\n|upkeep\n|turn|2\n|\n|t:|1776213391\n|move|p2a: Sableye|Disable|p1b: Archaludon\n|-start|p1b: Archaludon|Disable|Electro Shot\n|cant|p1b: Archaludon|Disable|Electro Shot\n|move|p1a: Pelipper|Weather Ball|p2a: Sableye\n|-damage|p2a: Sableye|37/100\n|move|p2b: Empoleon|Ice Beam|p1a: Pelipper\n|-damage|p1a: Pelipper|43/100\n|-status|p1a: Pelipper|frz\n|\n|-weather|RainDance|[upkeep]\n|upkeep\n|turn|3\n|inactive|XcRunner has 30 seconds left.\n|\n|t:|1776213419\n|switch|p2a: Sinistcha|Sinistcha, L50|100/100\n|move|p1b: Archaludon|Dragon Pulse|p2a: Sinistcha\n|-damage|p2a: Sinistcha|44/100\n|-enditem|p2a: Sinistcha|Sitrus Berry|[eat]\n|-heal|p2a: Sinistcha|69/100|[from] item: Sitrus Berry\n|cant|p1a: Pelipper|frz\n|move|p2b: Empoleon|Ice Beam|p1b: Archaludon\n|-crit|p1b: Archaludon\n|-damage|p1b: Archaludon|24/100\n|\n|-weather|RainDance|[upkeep]\n|upkeep\n|turn|4\n|inactive|XcRunner has 30 seconds left.\n|\n|t:|1776213452\n|switch|p1a: Sinistcha|Sinistcha, L50|100/100\n|-heal|p1b: Archaludon|49/100|[from] ability: Hospitality|[of] p1a: Sinistcha\n|move|p1b: Archaludon|Dragon Pulse|p2a: Sinistcha\n|-damage|p2a: Sinistcha|13/100\n|move|p2b: Empoleon|Ice Beam|p1b: Archaludon\n|-damage|p1b: Archaludon|0 fnt\n|faint|p1b: Archaludon\n|move|p2a: Sinistcha|Trick Room|p2a: Sinistcha\n|-fieldstart|move: Trick Room|[of] p2a: Sinistcha\n|\n|-weather|RainDance|[upkeep]\n|-sideend|p1: coberdt|move: Tailwind\n|upkeep\n|\n|t:|1776213467\n|switch|p1b: Gengar|Gengar, L50, M|100/100\n|turn|5\n|\n|t:|1776213489\n|switch|p2a: Sableye|Sableye, L50, M|37/100\n|move|p1b: Gengar|Protect|p1b: Gengar\n|-singleturn|p1b: Gengar|Protect\n|move|p2b: Empoleon|Surf|p1a: Sinistcha|[spread] p2a,p1a\n|-activate|p1b: Gengar|move: Protect\n|-resisted|p1a: Sinistcha|1\n|-damage|p2a: Sableye|0 fnt\n|-damage|p1a: Sinistcha|79/100\n|faint|p2a: Sableye\n|move|p1a: Sinistcha|Matcha Gotcha|p2b: Empoleon|[miss]\n|-miss|p1a: Sinistcha|p2b: Empoleon\n|\n|-weather|none\n|-heal|p1a: Sinistcha|85/100|[from] item: Leftovers\n|upkeep\n|\n|t:|1776213501\n|switch|p2a: Meganium|Meganium, L50, M|100/100\n|turn|6\n|\n|t:|1776213513\n|switch|p1b: Pelipper|Pelipper, L50, F|43/100 frz\n|-weather|RainDance|[from] ability: Drizzle|[of] p1b: Pelipper\n|detailschange|p2a: Meganium|Meganium-Mega, L50, M\n|-mega|p2a: Meganium|Meganium|Meganiumite\n|move|p2a: Meganium|Protect|p2a: Meganium\n|-singleturn|p2a: Meganium|Protect\n|move|p2b: Empoleon|Surf|p1a: Sinistcha|[spread] p1a,p1b\n|-activate|p2a: Meganium|move: Protect\n|-resisted|p1a: Sinistcha|1\n|-resisted|p1b: Pelipper|1\n|-damage|p1a: Sinistcha|59/100\n|-damage|p1b: Pelipper|1/100 frz\n|move|p1a: Sinistcha|Matcha Gotcha|p2b: Empoleon|[spread] p2b\n|-activate|p2a: Meganium|move: Protect\n|-damage|p2b: Empoleon|78/100\n|-heal|p1a: Sinistcha|72/100|[from] drain|[of] p2b: Empoleon\n|-status|p2b: Empoleon|brn\n|\n|-weather|RainDance|[upkeep]\n|-heal|p2b: Empoleon|84/100 brn|[from] item: Leftovers\n|-heal|p1a: Sinistcha|78/100|[from] item: Leftovers\n|-damage|p2b: Empoleon|78/100 brn|[from] brn\n|upkeep\n|turn|7\n|\n|t:|1776213536\n|move|p1a: Sinistcha|Protect|p1a: Sinistcha\n|-singleturn|p1a: Sinistcha|Protect\n|move|p2b: Empoleon|Ice Beam|p1a: Sinistcha\n|-activate|p1a: Sinistcha|move: Protect\n|move|p2a: Meganium|Weather Ball|p1a: Sinistcha\n|-activate|p1a: Sinistcha|move: Protect\n|cant|p1b: Pelipper|frz\n|\n|-weather|RainDance|[upkeep]\n|-heal|p2b: Empoleon|84/100 brn|[from] item: Leftovers\n|-heal|p1a: Sinistcha|84/100|[from] item: Leftovers\n|-damage|p2b: Empoleon|78/100 brn|[from] brn\n|upkeep\n|turn|8\n|\n|t:|1776213553\n|move|p2b: Empoleon|Ice Beam|p1a: Sinistcha\n|-supereffective|p1a: Sinistcha|1\n|-damage|p1a: Sinistcha|31/100\n|move|p1a: Sinistcha|Matcha Gotcha|p2a: Meganium|[spread] p2a,p2b\n|-resisted|p2a: Meganium|1\n|-damage|p2a: Meganium|90/100\n|-heal|p1a: Sinistcha|37/100|[from] drain|[of] p2a: Meganium\n|-damage|p2b: Empoleon|58/100 brn\n|-heal|p1a: Sinistcha|48/100|[from] drain|[of] p2b: Empoleon\n|move|p2a: Meganium|Weather Ball|p1a: Sinistcha\n|-supereffective|p1a: Sinistcha|1\n|-damage|p1a: Sinistcha|0 fnt\n|faint|p1a: Sinistcha\n|-curestatus|p1b: Pelipper|frz|[msg]\n|move|p1b: Pelipper|Hurricane|p2a: Meganium\n|-supereffective|p2a: Meganium|1\n|-damage|p2a: Meganium|6/100\n|-start|p2a: Meganium|confusion\n|\n|-weather|RainDance|[upkeep]\n|-heal|p2b: Empoleon|63/100 brn|[from] item: Leftovers\n|-damage|p2b: Empoleon|58/100 brn|[from] brn\n|-fieldend|move: Trick Room\n|upkeep\n|\n|t:|1776213571\n|switch|p1a: Gengar|Gengar, L50, M|100/100\n|turn|9\n|\n|t:|1776213582\n|detailschange|p1a: Gengar|Gengar-Mega, L50, M\n|-mega|p1a: Gengar|Gengar|Gengarite\n|move|p1a: Gengar|Shadow Ball|p2b: Empoleon\n|-damage|p2b: Empoleon|10/100 brn\n|move|p1b: Pelipper|Hurricane|p2a: Meganium\n|-supereffective|p2a: Meganium|1\n|-damage|p2a: Meganium|0 fnt\n|faint|p2a: Meganium\n|move|p2b: Empoleon|Surf|p1a: Gengar|[spread] p1a,p1b\n|-resisted|p1b: Pelipper|1\n|-damage|p1a: Gengar|30/100\n|-damage|p1b: Pelipper|0 fnt\n|faint|p1b: Pelipper\n|\n|-weather|RainDance|[upkeep]\n|-heal|p2b: Empoleon|16/100 brn|[from] item: Leftovers\n|-damage|p2b: Empoleon|10/100 brn|[from] brn\n|upkeep\n|\n|t:|1776213591\n|switch|p2a: Sinistcha|Sinistcha, L50|13/100\n|-heal|p2b: Empoleon|35/100 brn|[from] ability: Hospitality|[of] p2a: Sinistcha\n|turn|10\n|\n|t:|1776213599\n|move|p1a: Gengar|Shadow Ball|p2b: Empoleon\n|-damage|p2b: Empoleon|0 fnt\n|faint|p2b: Empoleon\n|move|p2a: Sinistcha|Shadow Ball|p1a: Gengar\n|-supereffective|p1a: Gengar|1\n|-damage|p1a: Gengar|0 fnt\n|faint|p1a: Gengar\n|\n|win|XcRunner\n|raw|coberdt's rating: 1203 &rarr; <strong>1172</strong><br />(-31 for losing)\n|raw|XcRunner's rating: 1117 &rarr; <strong>1148</strong><br />(+31 for winning)\n",
  "uploadtime": 1776213604,
  "views": 95,
  "formatid": "gen9championsvgc2026regma",
  "rating": 1148,
  "private": 0,
  "password": null
}