{
  "id": "gen9championsvgc2026regma-2583697730",
  "format": "[Gen 9 Champions] VGC 2026 Reg M-A",
  "players": [
    "xershhhhh",
    "Arcato"
  ],
  "log": "|j|\u2606xershhhhh\n|j|\u2606Arcato\n|t:|1776191702\n|gametype|doubles\n|player|p1|xershhhhh|2|1211\n|player|p2|Arcato|102|1286\n|gen|9\n|tier|[Gen 9 Champions] VGC 2026 Reg M-A\n|rated|\n|rule|Species Clause: Limit one of each Pok\u00e9mon\n|rule|Item Clause: Limit 1 of each item\n|clearpoke\n|poke|p1|Gengar, L50, M|\n|poke|p1|Incineroar, L50, M|\n|poke|p1|Sinistcha, L50|\n|poke|p1|Kommo-o, L50, F|\n|poke|p1|Tyranitar, L50, F|\n|poke|p1|Kingambit, L50, M|\n|poke|p2|Kleavor, L50, F|\n|poke|p2|Sneasler, L50, M|\n|poke|p2|Tyranitar, L50, F|\n|poke|p2|Sinistcha, L50|\n|poke|p2|Talonflame, L50, F|\n|poke|p2|Rotom-Wash, L50|\n|teampreview|4\n|c|\u2606Arcato|GLHF\n|\n|t:|1776191768\n|teamsize|p1|4\n|teamsize|p2|4\n|start\n|switch|p1a: Gengar|Gengar, L50, M|100/100\n|switch|p1b: Tyranitar|Tyranitar, L50, F, shiny|100/100\n|switch|p2a: Kleavor|Kleavor, L50, F|100/100\n|switch|p2b: Sinistcha|Sinistcha, L50|100/100\n|-weather|Sandstorm|[from] ability: Sand Stream|[of] p1b: Tyranitar\n|turn|1\n|\n|t:|1776191791\n|switch|p2b: Tyranitar|Tyranitar, L50, F|100/100\n|detailschange|p1a: Gengar|Gengar-Mega, L50, M\n|-mega|p1a: Gengar|Gengar|Gengarite\n|move|p2a: Kleavor|Stone Axe|p1a: Gengar\n|-damage|p1a: Gengar|34/100\n|-sidestart|p1: xershhhhh|move: Stealth Rock\n|move|p1a: Gengar|Shadow Ball|p2b: Tyranitar\n|-resisted|p2b: Tyranitar|1\n|-damage|p2b: Tyranitar|85/100\n|-unboost|p2b: Tyranitar|spd|1\n|move|p1b: Tyranitar|Rock Slide|p2b: Tyranitar|[spread] p2a,p2b\n|-supereffective|p2a: Kleavor|1\n|-damage|p2a: Kleavor|29/100\n|-damage|p2b: Tyranitar|56/100\n|\n|-weather|Sandstorm|[upkeep]\n|-damage|p1a: Gengar|28/100|[from] Sandstorm\n|upkeep\n|turn|2\n|\n|t:|1776191849\n|move|p1a: Gengar|Protect|p1a: Gengar\n|-singleturn|p1a: Gengar|Protect\n|move|p2b: Tyranitar|Protect|p2b: Tyranitar\n|-singleturn|p2b: Tyranitar|Protect\n|move|p2a: Kleavor|Stone Axe|p1b: Tyranitar\n|-damage|p1b: Tyranitar|47/100\n|move|p1b: Tyranitar|Rock Slide|p2b: Tyranitar|[spread] p2a\n|-activate|p2b: Tyranitar|move: Protect\n|-supereffective|p2a: Kleavor|1\n|-damage|p2a: Kleavor|0 fnt\n|faint|p2a: Kleavor\n|\n|-weather|Sandstorm|[upkeep]\n|-damage|p1a: Gengar|22/100|[from] Sandstorm\n|upkeep\n|\n|t:|1776191864\n|switch|p2a: Sneasler|Sneasler, L50, M|100/100\n|turn|3\n|\n|t:|1776191877\n|switch|p1a: Incineroar|Incineroar, L50, M|100/100\n|-damage|p1a: Incineroar|76/100|[from] Stealth Rock\n|-ability|p1a: Incineroar|Intimidate|boost\n|-unboost|p2a: Sneasler|atk|1\n|-unboost|p2b: Tyranitar|atk|1\n|-enditem|p2a: Sneasler|White Herb\n|-clearnegativeboost|p2a: Sneasler|[silent]\n|move|p2a: Sneasler|Close Combat|p1b: Tyranitar\n|-supereffective|p1b: Tyranitar|2\n|-damage|p1b: Tyranitar|0 fnt\n|-unboost|p2a: Sneasler|def|1\n|-unboost|p2a: Sneasler|spd|1\n|faint|p1b: Tyranitar\n|move|p2b: Tyranitar|Dragon Dance|p2b: Tyranitar\n|-boost|p2b: Tyranitar|atk|1\n|-boost|p2b: Tyranitar|spe|1\n|\n|-weather|Sandstorm|[upkeep]\n|-damage|p2a: Sneasler|95/100|[from] Sandstorm\n|-damage|p1a: Incineroar|70/100|[from] Sandstorm\n|upkeep\n|\n|t:|1776191895\n|switch|p1b: Gengar|Gengar-Mega, L50, M|22/100\n|-damage|p1b: Gengar|10/100|[from] Stealth Rock\n|turn|4\n|\n|t:|1776191904\n|move|p2a: Sneasler|Protect|p2a: Sneasler\n|-singleturn|p2a: Sneasler|Protect\n|move|p2b: Tyranitar|Protect|p2b: Tyranitar\n|-singleturn|p2b: Tyranitar|Protect\n|move|p1a: Incineroar|Fake Out|p2b: Tyranitar\n|-activate|p2b: Tyranitar|move: Protect\n|move|p1b: Gengar|Shadow Ball|p2a: Sneasler\n|-activate|p2a: Sneasler|move: Protect\n|\n|-weather|Sandstorm|[upkeep]\n|-damage|p2a: Sneasler|89/100|[from] Sandstorm\n|-damage|p1b: Gengar|4/100|[from] Sandstorm\n|-damage|p1a: Incineroar|64/100|[from] Sandstorm\n|upkeep\n|turn|5\n|\n|t:|1776191929\n|detailschange|p2b: Tyranitar|Tyranitar-Mega, L50, F\n|-mega|p2b: Tyranitar|Tyranitar|Tyranitarite\n|move|p1b: Gengar|Protect|p1b: Gengar\n|-singleturn|p1b: Gengar|Protect\n|move|p2a: Sneasler|Dire Claw|p1b: Gengar\n|-activate|p1b: Gengar|move: Protect\n|move|p2b: Tyranitar|Rock Slide|p1a: Incineroar|[spread] p1a\n|-activate|p1b: Gengar|move: Protect\n|-supereffective|p1a: Incineroar|1\n|-damage|p1a: Incineroar|0 fnt\n|faint|p1a: Incineroar\n|\n|-weather|none\n|upkeep\n|\n|t:|1776191941\n|switch|p1a: Kommo-o|Kommo-o, L50, F, shiny|100/100\n|-damage|p1a: Kommo-o|95/100|[from] Stealth Rock\n|turn|6\n|\n|t:|1776191950\n|move|p2a: Sneasler|Close Combat|p1a: Kommo-o\n|-damage|p1a: Kommo-o|22/100\n|-unboost|p2a: Sneasler|def|1\n|-unboost|p2a: Sneasler|spd|1\n|move|p1b: Gengar|Shadow Ball|p2a: Sneasler\n|-damage|p2a: Sneasler|0 fnt\n|faint|p2a: Sneasler\n|move|p2b: Tyranitar|Rock Slide|p1a: Kommo-o|[spread] p1a,p1b\n|-resisted|p1a: Kommo-o|1\n|-damage|p1a: Kommo-o|4/100\n|-damage|p1b: Gengar|0 fnt\n|faint|p1b: Gengar\n|move|p1a: Kommo-o|Aura Sphere|p2b: Tyranitar\n|-supereffective|p2b: Tyranitar|2\n|-damage|p2b: Tyranitar|0 fnt\n|faint|p2b: Tyranitar\n|\n|-heal|p1a: Kommo-o|10/100|[from] item: Leftovers\n|upkeep\n|\n|t:|1776191953\n|switch|p2b: Sinistcha|Sinistcha, L50|100/100\n|turn|7\n|\n|t:|1776191963\n|move|p1a: Kommo-o|Clanging Scales|p2b: Sinistcha\n|-damage|p2b: Sinistcha|33/100\n|-unboost|p1a: Kommo-o|def|1\n|move|p2b: Sinistcha|Matcha Gotcha|p1a: Kommo-o\n|-resisted|p1a: Kommo-o|1\n|-damage|p1a: Kommo-o|0 fnt\n|-heal|p2b: Sinistcha|38/100|[from] drain|[of] p1a: Kommo-o\n|faint|p1a: Kommo-o\n|\n|win|Arcato\n|raw|xershhhhh's rating: 1211 &rarr; <strong>1191</strong><br />(-20 for losing)\n|raw|Arcato's rating: 1286 &rarr; <strong>1306</strong><br />(+20 for winning)\n|c|\u2606Arcato|Gg\n",
  "uploadtime": 1776191973,
  "views": 16,
  "formatid": "gen9championsvgc2026regma",
  "rating": 1191,
  "private": 0,
  "password": null
}