{
  "id": "gen9championsvgc2026regma-2588087013",
  "format": "[Gen 9 Champions] VGC 2026 Reg M-A",
  "players": [
    "niubmaggio",
    "wilduce"
  ],
  "log": "|j|\u2606niubmaggio\n|j|\u2606wilduce\n|t:|1776602763\n|gametype|doubles\n|player|p1|niubmaggio|102|1271\n|player|p2|wilduce|n|1363\n|gen|9\n|tier|[Gen 9 Champions] VGC 2026 Reg M-A\n|rated|\n|rule|Species Clause: Limit one of each Pok\u00e9mon\n|rule|Item Clause: Limit 1 of each item\n|clearpoke\n|poke|p1|Scovillain, L50, M|\n|poke|p1|Sneasler, L50, F|\n|poke|p1|Primarina, L50, F|\n|poke|p1|Aerodactyl, L50, F|\n|poke|p1|Garchomp, L50, M|\n|poke|p1|Kommo-o, L50, M|\n|poke|p2|Sneasler, L50, F|\n|poke|p2|Tauros-Paldea-Aqua, L50, M|\n|poke|p2|Basculegion, L50, M|\n|poke|p2|Froslass, L50, F|\n|poke|p2|Aerodactyl, L50, F|\n|poke|p2|Kingambit, L50, M|\n|teampreview|4\n|\n|t:|1776602807\n|teamsize|p1|4\n|teamsize|p2|4\n|start\n|switch|p1a: Sneasler|Sneasler, L50, F|100/100\n|switch|p1b: Aerodactyl|Aerodactyl, L50, F|100/100\n|switch|p2a: Froslass|Froslass, L50, F|100/100\n|switch|p2b: Sneasler|Sneasler, L50, F|100/100\n|-ability|p1b: Aerodactyl|Unnerve\n|turn|1\n|\n|t:|1776602819\n|detailschange|p2a: Froslass|Froslass-Mega, L50, F\n|-mega|p2a: Froslass|Froslass|Froslassite\n|-weather|Snowscape|[from] ability: Snow Warning|[of] p2a: Froslass\n|move|p1b: Aerodactyl|Wide Guard|p1b: Aerodactyl\n|-singleturn|p1b: Aerodactyl|Wide Guard\n|move|p2b: Sneasler|Fake Out|p1b: Aerodactyl\n|-resisted|p1b: Aerodactyl|1\n|-crit|p1b: Aerodactyl\n|-damage|p1b: Aerodactyl|84/100\n|move|p2a: Froslass|Blizzard|p1b: Aerodactyl|[spread] \n|-activate|p1a: Sneasler|move: Wide Guard\n|-activate|p1b: Aerodactyl|move: Wide Guard\n|move|p1a: Sneasler|Dire Claw|p2a: Froslass\n|-resisted|p2a: Froslass|1\n|-damage|p2a: Froslass|76/100\n|-status|p2a: Froslass|par\n|\n|-weather|Snowscape|[upkeep]\n|upkeep\n|turn|2\n|c|\u2606wilduce|ofc\n|c|\u2606wilduce|i always lose to scov lead\n|c|\u2606wilduce|decide to switch it up\n|c|\u2606wilduce|and get fucked\n|\n|t:|1776602845\n|move|p1b: Aerodactyl|Rock Slide|p2b: Sneasler|[spread] p2a,p2b\n|-supereffective|p2a: Froslass|1\n|-resisted|p2b: Sneasler|1\n|-damage|p2a: Froslass|22/100 par\n|-damage|p2b: Sneasler|80/100\n|cant|p2b: Sneasler|flinch\n|move|p1a: Sneasler|Dire Claw|p2a: Froslass\n|-resisted|p2a: Froslass|1\n|-damage|p2a: Froslass|0 fnt\n|faint|p2a: Froslass\n|\n|-weather|Snowscape|[upkeep]\n|upkeep\n|\n|t:|1776602858\n|switch|p2a: Tauros|Tauros-Paldea-Aqua, L50, M|100/100\n|-ability|p2a: Tauros|Intimidate|boost\n|-unboost|p1a: Sneasler|atk|1\n|-unboost|p1b: Aerodactyl|atk|1\n|-enditem|p1a: Sneasler|White Herb\n|-clearnegativeboost|p1a: Sneasler|[silent]\n|turn|3\n|\n|t:|1776602876\n|move|p1a: Sneasler|Dire Claw|p2a: Tauros\n|-damage|p2a: Tauros|50/100\n|-status|p2a: Tauros|par\n|move|p1b: Aerodactyl|Rock Slide|p2b: Sneasler|[spread] p2a,p2b\n|-resisted|p2a: Tauros|1\n|-resisted|p2b: Sneasler|1\n|-damage|p2a: Tauros|40/100 par\n|-damage|p2b: Sneasler|67/100\n|cant|p2b: Sneasler|flinch\n|cant|p2a: Tauros|flinch\n|\n|-weather|Snowscape|[upkeep]\n|upkeep\n|turn|4\n|c|\u2606wilduce|bro\n|\n|t:|1776602895\n|move|p1a: Sneasler|Dire Claw|p2a: Tauros\n|-damage|p2a: Tauros|0 fnt\n|faint|p2a: Tauros\n|move|p1b: Aerodactyl|Rock Slide|p2b: Sneasler\n|-resisted|p2b: Sneasler|1\n|-damage|p2b: Sneasler|46/100\n|move|p2b: Sneasler|Close Combat|p1b: Aerodactyl\n|-damage|p1b: Aerodactyl|0 fnt\n|-unboost|p2b: Sneasler|def|1\n|-unboost|p2b: Sneasler|spd|1\n|faint|p1b: Aerodactyl\n|-enditem|p2b: Sneasler|White Herb\n|-clearnegativeboost|p2b: Sneasler|[silent]\n|\n|-weather|Snowscape|[upkeep]\n|upkeep\n|\n|t:|1776602904\n|switch|p1b: Scovillain|Scovillain, L50, M|100/100\n|switch|p2a: Basculegion|Basculegion, L50, M|100/100\n|turn|5\n|\n|t:|1776602914\n|detailschange|p1b: Scovillain|Scovillain-Mega, L50, M\n|-mega|p1b: Scovillain|Scovillain|Scovillainite\n|move|p2b: Sneasler|Dire Claw|p1b: Scovillain\n|-supereffective|p1b: Scovillain|1\n|-damage|p1b: Scovillain|11/100\n|-status|p2b: Sneasler|brn|[from] ability: Spicy Spray|[of] p1b: Scovillain\n|move|p1a: Sneasler|Coaching|p1b: Scovillain\n|-boost|p1b: Scovillain|atk|1\n|-boost|p1b: Scovillain|def|1\n|move|p2a: Basculegion|Last Respects|p1a: Sneasler\n|-damage|p1a: Sneasler|0 fnt\n|faint|p1a: Sneasler\n|move|p1b: Scovillain|Leech Seed|p2a: Basculegion\n|-start|p2a: Basculegion|move: Leech Seed\n|\n|-weather|none\n|-damage|p2a: Basculegion|88/100|[from] Leech Seed|[of] p1b: Scovillain\n|-heal|p1b: Scovillain|25/100|[silent]\n|-damage|p2b: Sneasler|41/100 brn|[from] brn\n|upkeep\n|\n|t:|1776602931\n|switch|p1a: Kommo-o|Kommo-o, L50, M|100/100\n|turn|6\n|\n|t:|1776602953\n|move|p1b: Scovillain|Protect|p1b: Scovillain\n|-singleturn|p1b: Scovillain|Protect\n|move|p2b: Sneasler|Dire Claw|p1b: Scovillain\n|-activate|p1b: Scovillain|move: Protect\n|move|p2a: Basculegion|Last Respects|p1a: Kommo-o\n|-damage|p1a: Kommo-o|28/100\n|-enditem|p1a: Kommo-o|Sitrus Berry|[eat]\n|-heal|p1a: Kommo-o|53/100|[from] item: Sitrus Berry\n|move|p1a: Kommo-o|Drain Punch|p2b: Sneasler\n|-resisted|p2b: Sneasler|1\n|-damage|p2b: Sneasler|17/100 brn\n|-heal|p1a: Kommo-o|63/100|[from] drain|[of] p2b: Sneasler\n|\n|-damage|p2a: Basculegion|76/100|[from] Leech Seed|[of] p1b: Scovillain\n|-heal|p1b: Scovillain|39/100|[silent]\n|-damage|p2b: Sneasler|11/100 brn|[from] brn\n|upkeep\n|turn|7\n|-message|niubmaggio forfeited.\n|\n|win|wilduce\n",
  "uploadtime": 1776602841,
  "views": 6,
  "formatid": "gen9championsvgc2026regma",
  "rating": null,
  "private": 0,
  "password": null
}