{
  "id": "gen9championsvgc2026regma-2581576378",
  "format": "[Gen 9 Champions] VGC 2026 Reg M-A",
  "players": [
    "lizardon0516",
    "Croxx11"
  ],
  "log": "|j|\u2606lizardon0516\n|j|\u2606Croxx11\n|t:|1776012267\n|gametype|doubles\n|player|p1|lizardon0516|101|1073\n|player|p2|Croxx11|fantina|1116\n|gen|9\n|tier|[Gen 9 Champions] VGC 2026 Reg M-A\n|rated|\n|rule|Species Clause: Limit one of each Pok\u00e9mon\n|rule|Item Clause: Limit 1 of each item\n|clearpoke\n|poke|p1|Charizard, L50, M|\n|poke|p1|Milotic, L50, F|\n|poke|p1|Sinistcha, L50|\n|poke|p1|Incineroar, L50, M|\n|poke|p1|Sneasler, L50, F|\n|poke|p1|Aerodactyl, L50, M|\n|poke|p2|Froslass, L50, F|\n|poke|p2|Incineroar, L50, F|\n|poke|p2|Ninetales-Alola, L50, F|\n|poke|p2|Garchomp, L50, M|\n|poke|p2|Orthworm, L50, F|\n|poke|p2|Basculegion, L50, M|\n|teampreview|4\nCroxx11 rejected open team sheets.\n|\n|t:|1776012292\n|teamsize|p1|4\n|teamsize|p2|4\n|start\n|switch|p1a: Charizard|Charizard, L50, M, shiny|100/100\n|switch|p1b: Sneasler|Sneasler, L50, F|100/100\n|switch|p2a: Piscis|Basculegion, L50, M, shiny|100/100\n|switch|p2b: Lumbricus|Orthworm, L50, F|100/100\n|turn|1\n|inactive|Battle timer is ON: inactive players will automatically lose when time's up. (requested by lizardon0516)\n|\n|t:|1776012310\n|detailschange|p1a: Charizard|Charizard-Mega-X, L50, M, shiny\n|-mega|p1a: Charizard|Charizard|Charizardite X\n|move|p2a: Piscis|Wave Crash|p1a: Charizard\n|-damage|p1a: Charizard|26/100\n|-damage|p2a: Piscis|81/100|[from] Recoil\n|move|p1b: Sneasler|Coaching|p1a: Charizard\n|-boost|p1a: Charizard|atk|1\n|-boost|p1a: Charizard|def|1\n|move|p1a: Charizard|Dragon Dance|p1a: Charizard\n|-boost|p1a: Charizard|atk|1\n|-boost|p1a: Charizard|spe|1\n|move|p2b: Lumbricus|Shed Tail|p2b: Lumbricus\n|-start|p2b: Lumbricus|Substitute|[from] move: Shed Tail\n|-damage|p2b: Lumbricus|50/100\n|-enditem|p2b: Lumbricus|Sitrus Berry|[eat]\n|-heal|p2b: Lumbricus|75/100|[from] item: Sitrus Berry\n|\n|t:|1776012334\n|switch|p2b: Perturbatio|Incineroar, L50, F, shiny|100/100|[from] Shed Tail\n|-ability|p2b: Perturbatio|Intimidate|boost\n|-unboost|p1a: Charizard|atk|1\n|-unboost|p1b: Sneasler|atk|1\n|-enditem|p1b: Sneasler|White Herb\n|-clearnegativeboost|p1b: Sneasler|[silent]\n|\n|upkeep\n|turn|2\n|\n|t:|1776012353\n|move|p1a: Charizard|Protect|p1a: Charizard\n|-singleturn|p1a: Charizard|Protect\n|move|p2b: Perturbatio|Fake Out|p1a: Charizard\n|-activate|p1a: Charizard|move: Protect\n|move|p1b: Sneasler|Coaching|p1a: Charizard\n|-boost|p1a: Charizard|atk|1\n|-boost|p1a: Charizard|def|1\n|move|p2a: Piscis|Wave Crash|p1a: Charizard\n|-activate|p1a: Charizard|move: Protect\n|\n|upkeep\n|turn|3\n|\n|t:|1776012374\n|move|p2b: Perturbatio|Protect|p2b: Perturbatio\n|-singleturn|p2b: Perturbatio|Protect\n|move|p1b: Sneasler|Dire Claw|p2b: Perturbatio\n|-activate|p2b: Perturbatio|move: Protect\n|move|p1a: Charizard|Dragon Claw|p2a: Piscis\n|-damage|p2a: Piscis|0 fnt\n|faint|p2a: Piscis\n|\n|upkeep\n|\n|t:|1776012397\n|switch|p2a: Lumbricus|Orthworm, L50, F|75/100\n|turn|4\n|\n|t:|1776012407\n|move|p2a: Lumbricus|Protect|p2a: Lumbricus\n|-singleturn|p2a: Lumbricus|Protect\n|move|p1b: Sneasler|Close Combat|p2a: Lumbricus\n|-activate|p2a: Lumbricus|move: Protect\n|move|p1a: Charizard|Dragon Claw|p2b: Perturbatio\n|-end|p2b: Perturbatio|Substitute\n|move|p2b: Perturbatio|Flare Blitz|p1a: Charizard\n|-resisted|p1a: Charizard|2\n|-damage|p1a: Charizard|20/100\n|-damage|p2b: Perturbatio|99/100|[from] Recoil\n|\n|upkeep\n|turn|5\n|\n|t:|1776012428\n|move|p2b: Perturbatio|Protect|p2b: Perturbatio\n|-singleturn|p2b: Perturbatio|Protect\n|move|p1b: Sneasler|Close Combat|p2a: Lumbricus\n|-supereffective|p2a: Lumbricus|1\n|-damage|p2a: Lumbricus|10/100\n|-unboost|p1b: Sneasler|def|1\n|-unboost|p1b: Sneasler|spd|1\n|move|p1a: Charizard|Dragon Claw|p2b: Perturbatio\n|-activate|p2b: Perturbatio|move: Protect\n|move|p2a: Lumbricus|Shed Tail|p2a: Lumbricus\n|-fail|p2a: Lumbricus|move: Shed Tail|[weak]\n|\n|upkeep\n|turn|6\n|\n|t:|1776012446\n|move|p2a: Lumbricus|Protect|p2a: Lumbricus\n|-singleturn|p2a: Lumbricus|Protect\n|move|p1b: Sneasler|Dire Claw|p2b: Perturbatio\n|-damage|p2b: Perturbatio|65/100\n|move|p1a: Charizard|Dragon Claw|p2a: Lumbricus\n|-activate|p2a: Lumbricus|move: Protect\n|move|p2b: Perturbatio|Flare Blitz|p1a: Charizard\n|-resisted|p1a: Charizard|2\n|-damage|p1a: Charizard|14/100\n|-damage|p2b: Perturbatio|63/100|[from] Recoil\n|\n|upkeep\n|turn|7\n|\n|t:|1776012469\n|move|p1b: Sneasler|Close Combat|p2b: Perturbatio\n|-supereffective|p2b: Perturbatio|1\n|-damage|p2b: Perturbatio|0 fnt\n|-unboost|p1b: Sneasler|def|1\n|-unboost|p1b: Sneasler|spd|1\n|faint|p2b: Perturbatio\n|move|p1a: Charizard|Dragon Claw|p2a: Lumbricus\n|-resisted|p2a: Lumbricus|1\n|-damage|p2a: Lumbricus|0 fnt\n|faint|p2a: Lumbricus\n|\n|upkeep\n|\n|t:|1776012480\n|switch|p2b: Glacies|Froslass, L50, F, shiny|100/100\n|turn|8\n|\n|t:|1776012493\n|detailschange|p2b: Glacies|Froslass-Mega, L50, F, shiny\n|-mega|p2b: Glacies|Froslass|Froslassite\n|-weather|Snowscape|[from] ability: Snow Warning|[of] p2b: Glacies\n|move|p1b: Sneasler|Dire Claw|p2b: Glacies\n|-resisted|p2b: Glacies|1\n|-damage|p2b: Glacies|78/100\n|move|p1a: Charizard|Flare Blitz|p2b: Glacies\n|-supereffective|p2b: Glacies|1\n|-damage|p2b: Glacies|0 fnt\n|faint|p2b: Glacies\n|-damage|p1a: Charizard|0 fnt|[from] Recoil\n|faint|p1a: Charizard\n|\n|win|lizardon0516\n|raw|lizardon0516's rating: 1073 &rarr; <strong>1106</strong><br />(+33 for winning)\n|raw|Croxx11's rating: 1116 &rarr; <strong>1088</strong><br />(-28 for losing)\n|l|\u2606Croxx11\n|player|p2|\n",
  "uploadtime": 1776012508,
  "views": 25,
  "formatid": "gen9championsvgc2026regma",
  "rating": 1088,
  "private": 0,
  "password": null
}