{
  "id": "gen9championsvgc2026regma-2585282017",
  "format": "[Gen 9 Champions] VGC 2026 Reg M-A",
  "players": [
    "Munchlaxxxed",
    "pkmmnq"
  ],
  "log": "|j|\u2606Munchlaxxxed\n|j|\u2606pkmmnq\n|t:|1776333461\n|gametype|doubles\n|player|p1|Munchlaxxxed|170|1271\n|player|p2|pkmmnq|rosa|1337\n|gen|9\n|tier|[Gen 9 Champions] VGC 2026 Reg M-A\n|rated|\n|rule|Species Clause: Limit one of each Pok\u00e9mon\n|rule|Item Clause: Limit 1 of each item\n|clearpoke\n|poke|p1|Aerodactyl, L50, F|\n|poke|p1|Charizard, L50, F|\n|poke|p1|Venusaur, L50, M|\n|poke|p1|Aegislash, L50, M|\n|poke|p1|Sneasler, L50, M|\n|poke|p1|Milotic, L50, M|\n|poke|p2|Gardevoir, L50, F|\n|poke|p2|Aerodactyl, L50, F|\n|poke|p2|Sneasler, L50, M|\n|poke|p2|Incineroar, L50, F|\n|poke|p2|Maushold-Four, L50|\n|poke|p2|Kingambit, L50, F|\n|teampreview|4\n|inactive|Battle timer is ON: inactive players will automatically lose when time's up. (requested by pkmmnq)\n|inactive|Munchlaxxxed has 60 seconds left.\n|\n|t:|1776333502\n|teamsize|p1|4\n|teamsize|p2|4\n|start\n|switch|p1a: Milotic|Milotic, L50, M|100/100\n|switch|p1b: Sneasler|Sneasler, L50, M|100/100\n|switch|p2a: Gardevoir|Gardevoir, L50, F|100/100\n|switch|p2b: Aerodactyl|Aerodactyl, L50, F|100/100\n|-ability|p2b: Aerodactyl|Unnerve\n|turn|1\n|inactive|Munchlaxxxed has 30 seconds left.\n|\n|t:|1776333529\n|move|p2b: Aerodactyl|Protect|p2b: Aerodactyl\n|-singleturn|p2b: Aerodactyl|Protect\n|move|p2a: Gardevoir|Protect|p2a: Gardevoir\n|-singleturn|p2a: Gardevoir|Protect\n|move|p1b: Sneasler|Fake Out|p2a: Gardevoir\n|-activate|p2a: Gardevoir|move: Protect\n|move|p1a: Milotic|Muddy Water|p2b: Aerodactyl|[spread] \n|-activate|p2a: Gardevoir|move: Protect\n|-activate|p2b: Aerodactyl|move: Protect\n|\n|upkeep\n|turn|2\n|\n|t:|1776333545\n|switch|p1b: Aerodactyl|Aerodactyl, L50, F|100/100\n|detailschange|p2a: Gardevoir|Gardevoir-Mega, L50, F\n|-mega|p2a: Gardevoir|Gardevoir|Gardevoirite\n|move|p2b: Aerodactyl|Dual Wingbeat|p1b: Aerodactyl|[miss]\n|-miss|p2b: Aerodactyl|p1b: Aerodactyl\n|move|p2a: Gardevoir|Hyper Voice|p1a: Milotic|[spread] p1a,p1b\n|-damage|p1a: Milotic|65/100\n|-damage|p1b: Aerodactyl|26/100\n|move|p1a: Milotic|Coil|p1a: Milotic\n|-boost|p1a: Milotic|atk|1\n|-boost|p1a: Milotic|def|1\n|-boost|p1a: Milotic|accuracy|1\n|\n|-heal|p1a: Milotic|71/100|[from] item: Leftovers\n|upkeep\n|turn|3\n|\n|t:|1776333564\n|move|p1b: Aerodactyl|Wide Guard|p1b: Aerodactyl\n|-singleturn|p1b: Aerodactyl|Wide Guard\n|move|p2b: Aerodactyl|Rock Slide|p1b: Aerodactyl|[spread] \n|-activate|p1a: Milotic|move: Wide Guard\n|-activate|p1b: Aerodactyl|move: Wide Guard\n|move|p2a: Gardevoir|Hyper Voice|p1a: Milotic|[spread] \n|-activate|p1a: Milotic|move: Wide Guard\n|-activate|p1b: Aerodactyl|move: Wide Guard\n|move|p1a: Milotic|Recover|p1a: Milotic\n|-heal|p1a: Milotic|100/100\n|\n|upkeep\n|turn|4\n|\n|t:|1776333586\n|move|p2b: Aerodactyl|Dual Wingbeat|p1b: Aerodactyl\n|-resisted|p1b: Aerodactyl|1\n|-damage|p1b: Aerodactyl|12/100\n|-resisted|p1b: Aerodactyl|1\n|-damage|p1b: Aerodactyl|0 fnt\n|faint|p1b: Aerodactyl\n|-hitcount|p1: Aerodactyl|2\n|move|p2a: Gardevoir|Hyper Voice|p1a: Milotic\n|-damage|p1a: Milotic|59/100\n|move|p1a: Milotic|Hypnosis|p2a: Gardevoir\n|-status|p2a: Gardevoir|slp|[from] move: Hypnosis\n|\n|-heal|p1a: Milotic|65/100|[from] item: Leftovers\n|upkeep\n|\n|t:|1776333596\n|switch|p1b: Sneasler|Sneasler, L50, M|100/100\n|turn|5\n|\n|t:|1776333606\n|cant|p2a: Gardevoir|slp\n|move|p1b: Sneasler|Fake Out|p2b: Aerodactyl\n|-resisted|p2b: Aerodactyl|1\n|-damage|p2b: Aerodactyl|88/100\n|cant|p2b: Aerodactyl|flinch\n|move|p1a: Milotic|Muddy Water|p2b: Aerodactyl|[spread] p2a,p2b\n|-supereffective|p2b: Aerodactyl|1\n|-damage|p2a: Gardevoir|81/100 slp\n|-damage|p2b: Aerodactyl|20/100\n|-unboost|p2b: Aerodactyl|accuracy|1\n|\n|-heal|p1a: Milotic|71/100|[from] item: Leftovers\n|upkeep\n|turn|6\n|\n|t:|1776333622\n|move|p2b: Aerodactyl|Dual Wingbeat|p1b: Sneasler|[miss]\n|-miss|p2b: Aerodactyl|p1b: Sneasler\n|move|p1b: Sneasler|Acid Spray|p2a: Gardevoir\n|-supereffective|p2a: Gardevoir|1\n|-damage|p2a: Gardevoir|70/100 slp\n|-unboost|p2a: Gardevoir|spd|2\n|-curestatus|p2a: Gardevoir|slp|[msg]\n|move|p2a: Gardevoir|Hyper Voice|p1a: Milotic|[spread] p1a,p1b\n|-damage|p1a: Milotic|37/100\n|-damage|p1b: Sneasler|33/100\n|move|p1a: Milotic|Muddy Water|p2b: Aerodactyl|[spread] p2a,p2b\n|-supereffective|p2b: Aerodactyl|1\n|-damage|p2a: Gardevoir|30/100\n|-damage|p2b: Aerodactyl|0 fnt\n|faint|p2b: Aerodactyl\n|\n|-heal|p1a: Milotic|43/100|[from] item: Leftovers\n|upkeep\n|\n|t:|1776333631\n|switch|p2b: Kingambit|Kingambit, L50, F|100/100\n|turn|7\n|\n|t:|1776333643\n|move|p2b: Kingambit|Sucker Punch||[still]\n|-fail|p2b: Kingambit\n|move|p1b: Sneasler|Dire Claw|p2a: Gardevoir\n|-supereffective|p2a: Gardevoir|1\n|-damage|p2a: Gardevoir|0 fnt\n|faint|p2a: Gardevoir\n|move|p1a: Milotic|Recover|p1a: Milotic\n|-heal|p1a: Milotic|93/100\n|\n|-heal|p1a: Milotic|99/100|[from] item: Leftovers\n|upkeep\n|-message|pkmmnq forfeited.\n|\n|win|Munchlaxxxed\n|raw|Munchlaxxxed's rating: 1271 &rarr; <strong>1301</strong><br />(+30 for winning)\n|raw|pkmmnq's rating: 1337 &rarr; <strong>1313</strong><br />(-24 for losing)\n",
  "uploadtime": 1776333650,
  "views": 39,
  "formatid": "gen9championsvgc2026regma",
  "rating": 1301,
  "private": 0,
  "password": null
}