{
  "id": "gen9championsvgc2026regma-2588653612",
  "format": "[Gen 9 Champions] VGC 2026 Reg M-A",
  "players": [
    "Nightfront",
    "freshveggies2"
  ],
  "log": "|j|\u2606Nightfront\n|j|\u2606freshveggies2\n|html|<table width=\"100%\"><tr><td align=\"left\">Nightfront</td><td align=\"right\">freshveggies2</tr><tr><td align=\"left\"><i class=\"fa fa-circle-o\"></i> <i class=\"fa fa-circle-o\"></i> </td><td align=\"right\"><i class=\"fa fa-circle-o\"></i> <i class=\"fa fa-circle\"></i> </tr></table>\n|uhtml|bestof|<h2><strong>Game 2</strong> of <a href=\"/game-bestof3-gen9championsvgc2026regma-2588651692\">a best-of-3</a></h2>\n|t:|1776654159\n|gametype|doubles\n|player|p1|Nightfront|winona-gen6|\n|player|p2|freshveggies2|2|\n|gen|9\n|tier|[Gen 9 Champions] VGC 2026 Reg M-A\n|rule|Species Clause: Limit one of each Pok\u00e9mon\n|rule|Item Clause: Limit 1 of each item\n|raw|<div class=\"infobox\"><details class=\"readmore\" open><summary><strong>1 custom rule:</strong></summary> Best of = 3</details></div>\n|clearpoke\n|poke|p1|Primarina, L50, M|\n|poke|p1|Volcarona, L50, M|\n|poke|p1|Rotom-Fan, L50|\n|poke|p1|Goodra-Hisui, L50, F|\n|poke|p1|Mamoswine, L50, F|\n|poke|p1|Meowstic, L50, M|\n|poke|p2|Aerodactyl, L50, M|\n|poke|p2|Garchomp, L50, F|\n|poke|p2|Charizard, L50, M|\n|poke|p2|Basculegion-F, L50, F|\n|poke|p2|Farigiraf, L50, F|\n|poke|p2|Clefable, L50, M|\n|teampreview|4\nNightfront rejected open team sheets.\n|\n|t:|1776654210\n|teamsize|p1|4\n|teamsize|p2|4\n|start\n|switch|p1a: Primarina|Primarina, L50, M|100/100\n|switch|p1b: Mamoswine|Mamoswine, L50, F|100/100\n|switch|p2a: Charizard|Charizard, L50, M|100/100\n|switch|p2b: Garchomp|Garchomp, L50, F|100/100\n|turn|1\n|\n|t:|1776654240\n|detailschange|p2a: Charizard|Charizard-Mega-Y, L50, M\n|-mega|p2a: Charizard|Charizard|Charizardite Y\n|-weather|SunnyDay|[from] ability: Drought|[of] p2a: Charizard\n|move|p2b: Garchomp|Protect|p2b: Garchomp\n|-singleturn|p2b: Garchomp|Protect\n|move|p1b: Mamoswine|Stone Edge|p2a: Charizard\n|-supereffective|p2a: Charizard|2\n|-damage|p2a: Charizard|0 fnt\n|faint|p2a: Charizard\n|move|p1a: Primarina|Moonblast|p2b: Garchomp\n|-activate|p2b: Garchomp|move: Protect\n|\n|-weather|SunnyDay|[upkeep]\n|upkeep\n|\n|t:|1776654251\n|switch|p2a: Clefable|Clefable, L50, M|100/100\n|turn|2\n|\n|t:|1776654255\n|switch|p1b: Rotom|Rotom-Fan, L50|100/100\n|move|p1a: Primarina|Protect|p1a: Primarina\n|-singleturn|p1a: Primarina|Protect\n|move|p2a: Clefable|Follow Me|p2a: Clefable\n|-singleturn|p2a: Clefable|move: Follow Me\n|move|p2b: Garchomp|Swords Dance|p2b: Garchomp\n|-boost|p2b: Garchomp|atk|2\n|\n|-weather|SunnyDay|[upkeep]\n|upkeep\n|turn|3\n|\n|t:|1776654289\n|move|p2a: Clefable|Follow Me|p2a: Clefable\n|-singleturn|p2a: Clefable|move: Follow Me\n|move|p2b: Garchomp|Swords Dance|p2b: Garchomp\n|-boost|p2b: Garchomp|atk|2\n|move|p1b: Rotom|Thunderbolt|p2a: Clefable\n|-damage|p2a: Clefable|74/100\n|-status|p2a: Clefable|par\n|move|p1a: Primarina|Moonblast|p2a: Clefable\n|-damage|p2a: Clefable|42/100 par\n|-unboost|p2a: Clefable|spa|1\n|\n|-weather|SunnyDay|[upkeep]\n|upkeep\n|turn|4\n|\n|t:|1776654309\n|move|p1a: Primarina|Protect|p1a: Primarina\n|-singleturn|p1a: Primarina|Protect\n|move|p2a: Clefable|Protect|p2a: Clefable\n|-singleturn|p2a: Clefable|Protect\n|move|p2b: Garchomp|Earthquake|p1b: Rotom|[spread] \n|-activate|p2a: Clefable|move: Protect\n|-activate|p1a: Primarina|move: Protect\n|-immune|p1b: Rotom\n|move|p1b: Rotom|Thunderbolt|p2a: Clefable\n|-activate|p2a: Clefable|move: Protect\n|\n|-weather|SunnyDay|[upkeep]\n|upkeep\n|turn|5\n|\n|t:|1776654322\n|move|p2a: Clefable|Helping Hand|p2b: Garchomp\n|-singleturn|p2b: Garchomp|Helping Hand|[of] p2a: Clefable\n|move|p2b: Garchomp|Rock Slide|p1b: Rotom|[spread] p1a\n|-miss|p2b: Garchomp|p1b: Rotom\n|-damage|p1a: Primarina|0 fnt\n|faint|p1a: Primarina\n|move|p1b: Rotom|Will-O-Wisp|p2b: Garchomp|[miss]\n|-miss|p1b: Rotom|p2b: Garchomp\n|\n|-weather|none\n|upkeep\n|\n|t:|1776654333\n|switch|p1a: Meowstic|Meowstic, L50, M|100/100\n|turn|6\n|c|\u2606freshveggies2|welp\n|c|\u2606Nightfront|I hate this game sometimes\n|\n|t:|1776654361\n|move|p2b: Garchomp|Protect|p2b: Garchomp\n|-singleturn|p2b: Garchomp|Protect\n|move|p2a: Clefable|Protect|p2a: Clefable\n|-singleturn|p2a: Clefable|Protect\n|move|p1a: Meowstic|Reflect|p1a: Meowstic\n|-sidestart|p1: Nightfront|Reflect\n|move|p1b: Rotom|Thunderbolt|p2a: Clefable\n|-activate|p2a: Clefable|move: Protect\n|\n|upkeep\n|turn|7\n|\n|t:|1776654369\n|move|p2a: Clefable|Helping Hand|p2b: Garchomp\n|-singleturn|p2b: Garchomp|Helping Hand|[of] p2a: Clefable\n|move|p2b: Garchomp|Rock Slide|p1b: Rotom|[spread] p1a,p1b\n|-supereffective|p1b: Rotom|1\n|-enditem|p1b: Rotom|Charti Berry|[eat]\n|-enditem|p1b: Rotom|Charti Berry|[weaken]\n|-damage|p1a: Meowstic|34/100\n|-damage|p1b: Rotom|35/100\n|-enditem|p1a: Meowstic|Sitrus Berry|[eat]\n|-heal|p1a: Meowstic|59/100|[from] item: Sitrus Berry\n|cant|p1a: Meowstic|flinch\n|move|p1b: Rotom|Thunderbolt|p2a: Clefable\n|-damage|p2a: Clefable|15/100 par\n|\n|upkeep\n|turn|8\n|\n|t:|1776654393\n|move|p2b: Garchomp|Protect|p2b: Garchomp\n|-singleturn|p2b: Garchomp|Protect\n|move|p1b: Rotom|Protect|p1b: Rotom\n|-singleturn|p1b: Rotom|Protect\n|move|p1a: Meowstic|Psychic|p2a: Clefable\n|-damage|p2a: Clefable|0 fnt\n|faint|p2a: Clefable\n|\n|upkeep\n|\n|t:|1776654395\n|switch|p2a: Basculegion|Basculegion-F, L50, F|100/100\n|turn|9\n|c|\u2606Nightfront|rock slide should have a 0% flinch, but 100% accuracy\n|c|\u2606freshveggies2|agreed\n|\n|t:|1776654415\n|move|p1a: Meowstic|Thunder Wave|p2a: Basculegion\n|-status|p2a: Basculegion|par\n|move|p2b: Garchomp|Rock Slide|p1a: Meowstic|[spread] p1a,p1b\n|-supereffective|p1b: Rotom|1\n|-damage|p1a: Meowstic|19/100\n|-damage|p1b: Rotom|0 fnt\n|faint|p1b: Rotom\n|move|p2a: Basculegion|Last Respects|p1a: Meowstic\n|-supereffective|p1a: Meowstic|1\n|-damage|p1a: Meowstic|0 fnt\n|faint|p1a: Meowstic\n|\n|upkeep\n|c|\u2606Nightfront|but I also just lose off RNG\n|\n|t:|1776654429\n|switch|p1b: Mamoswine|Mamoswine, L50, F|100/100\n|turn|10\n|\n|t:|1776654433\n|move|p1b: Mamoswine|Icicle Crash|p2b: Garchomp\n|-supereffective|p2b: Garchomp|2\n|-crit|p2b: Garchomp\n|-enditem|p2b: Garchomp|Yache Berry|[eat]\n|-enditem|p2b: Garchomp|Yache Berry|[weaken]\n|-damage|p2b: Garchomp|0 fnt\n|faint|p2b: Garchomp\n|cant|p2a: Basculegion|par\n|\n|-sideend|p1: Nightfront|Reflect\n|upkeep\n|turn|11\n|c|\u2606Nightfront|barring a lot more in my favor\n|c|\u2606freshveggies2|huh\n|\n|t:|1776654447\n|move|p1b: Mamoswine|Icicle Crash|p2a: Basculegion|[miss]\n|-miss|p1b: Mamoswine|p2a: Basculegion\n|move|p2a: Basculegion|Last Respects|p1b: Mamoswine\n|-damage|p1b: Mamoswine|0 fnt\n|faint|p1b: Mamoswine\n|\n|win|freshveggies2\n|c|\u2606freshveggies2|lmao\n|c|\u2606Nightfront|GIVE THIS THING ICE SPINNER\n|c|\u2606Nightfront|or something accurate\n|c|\u2606freshveggies2|what a game\n|c|\u2606Nightfront|like seriously\n|c|\u2606freshveggies2|xd\n|c|\u2606Nightfront|why does this thing not have stomping tantrum\n|c|\u2606Nightfront|or a reliable 100 acc ice move\n|c|\u2606freshveggies2|would like to say gg but so much luck happened idk\n|c|\u2606Nightfront|Hilariously, I think the game 1 miss\n|c|\u2606Nightfront|mattered a lot more\n|c|\u2606Nightfront|than this\n",
  "uploadtime": 1776654510,
  "views": 17,
  "formatid": "gen9championsvgc2026regma",
  "rating": null,
  "private": 0,
  "password": null
}