{
  "id": "gen9championsvgc2026regma-2581229015",
  "format": "[Gen 9 Champions] VGC 2026 Reg M-A",
  "players": [
    "Niko highway",
    "Todo CCT"
  ],
  "log": "|j|\u2606Niko highway\n|j|\u2606Todo CCT\n|t:|1775973488\n|gametype|doubles\n|player|p1|Niko highway|101|1270\n|player|p2|Todo CCT|giovanni|1284\n|gen|9\n|tier|[Gen 9 Champions] VGC 2026 Reg M-A\n|rated|\n|rule|Species Clause: Limit one of each Pok\u00e9mon\n|rule|Item Clause: Limit 1 of each item\n|clearpoke\n|poke|p1|Incineroar, L50, M|\n|poke|p1|Conkeldurr, L50, M|\n|poke|p1|Sinistcha, L50|\n|poke|p1|Cofagrigus, L50, M|\n|poke|p1|Drampa, L50, F|\n|poke|p1|Scizor, L50, M|\n|poke|p2|Starmie, L50|\n|poke|p2|Archaludon, L50, F|\n|poke|p2|Pelipper, L50, M|\n|poke|p2|Incineroar, L50, F|\n|poke|p2|Basculegion, L50, M|\n|poke|p2|Aerodactyl, L50, M|\n|teampreview|4\n|\n|t:|1775973537\n|teamsize|p1|4\n|teamsize|p2|4\n|start\n|switch|p1a: Incineroar|Incineroar, L50, M|100/100\n|switch|p1b: Cofagrigus|Cofagrigus, L50, M|100/100\n|switch|p2a: Pelipper|Pelipper, L50, M|100/100\n|switch|p2b: Basculegion|Basculegion, L50, M|100/100\n|-weather|RainDance|[from] ability: Drizzle|[of] p2a: Pelipper\n|-ability|p1a: Incineroar|Intimidate|boost\n|-unboost|p2a: Pelipper|atk|1\n|-unboost|p2b: Basculegion|atk|1\n|turn|1\n|\n|t:|1775973551\n|switch|p1a: Drampa|Drampa, L50, F|100/100\n|-ability|p1a: Drampa|Cloud Nine\n|move|p2b: Basculegion|Flip Turn|p1a: Drampa\n|-resisted|p1a: Drampa|1\n|-damage|p1a: Drampa|85/100\n|\n|t:|1775973553\n|switch|p2b: Archaludon|Archaludon, L50, F|100/100|[from] Flip Turn\n|move|p2a: Pelipper|Weather Ball|p1b: Cofagrigus\n|-immune|p1b: Cofagrigus\n|move|p1b: Cofagrigus|Trick Room|p1b: Cofagrigus\n|-fieldstart|move: Trick Room|[of] p1b: Cofagrigus\n|\n|-weather|RainDance|[upkeep]\n|upkeep\n|turn|2\n|\n|t:|1775973575\n|move|p1a: Drampa|Protect|p1a: Drampa\n|-singleturn|p1a: Drampa|Protect\n|move|p1b: Cofagrigus|Body Press|p2b: Archaludon\n|-supereffective|p2b: Archaludon|1\n|-enditem|p2b: Archaludon|Chople Berry|[eat]\n|-enditem|p2b: Archaludon|Chople Berry|[weaken]\n|-damage|p2b: Archaludon|77/100\n|-ability|p2b: Archaludon|Stamina|boost\n|-boost|p2b: Archaludon|def|1\n|move|p2a: Pelipper|Muddy Water|p1a: Drampa|[spread] p1b\n|-activate|p1a: Drampa|move: Protect\n|-damage|p1b: Cofagrigus|79/100\n|-unboost|p1b: Cofagrigus|accuracy|1\n|move|p2b: Archaludon|Draco Meteor|p1a: Drampa\n|-activate|p1a: Drampa|move: Protect\n|\n|-weather|RainDance|[upkeep]\n|-heal|p1b: Cofagrigus|85/100|[from] item: Leftovers\n|upkeep\n|turn|3\n|\n|t:|1775973601\n|detailschange|p1a: Drampa|Drampa-Mega, L50, F\n|-mega|p1a: Drampa|Drampa|Drampanite\n|move|p1b: Cofagrigus|Shadow Ball|p2b: Archaludon|[miss]\n|-miss|p1b: Cofagrigus|p2b: Archaludon\n|move|p1a: Drampa|Dragon Pulse|p2b: Archaludon\n|-damage|p2b: Archaludon|0 fnt\n|faint|p2b: Archaludon\n|move|p2a: Pelipper|Muddy Water|p1b: Cofagrigus|[spread] p1a,p1b\n|-resisted|p1a: Drampa|1\n|-damage|p1a: Drampa|70/100\n|-damage|p1b: Cofagrigus|47/100\n|-unboost|p1a: Drampa|accuracy|1\n|-unboost|p1b: Cofagrigus|accuracy|1\n|\n|-weather|RainDance|[upkeep]\n|-heal|p1b: Cofagrigus|54/100|[from] item: Leftovers\n|upkeep\n|inactive|Battle timer is ON: inactive players will automatically lose when time's up. (requested by Niko highway)\n|\n|t:|1775973621\n|switch|p2b: Starmie|Starmie, L50|100/100\n|turn|4\n|\n|t:|1775973630\n|switch|p1b: Incineroar|Incineroar, L50, M|100/100\n|-ability|p1b: Incineroar|Intimidate|boost\n|-unboost|p2a: Pelipper|atk|1\n|-unboost|p2b: Starmie|atk|1\n|detailschange|p2b: Starmie|Starmie-Mega, L50\n|-mega|p2b: Starmie|Starmie|Starminite\n|move|p1a: Drampa|Shadow Ball|p2b: Starmie\n|-supereffective|p2b: Starmie|1\n|-damage|p2b: Starmie|6/100\n|-unboost|p2b: Starmie|spd|1\n|move|p2a: Pelipper|Muddy Water|p1b: Incineroar|[spread] p1a,p1b\n|-resisted|p1a: Drampa|1\n|-supereffective|p1b: Incineroar|1\n|-damage|p1a: Drampa|55/100\n|-damage|p1b: Incineroar|29/100\n|-enditem|p1b: Incineroar|Sitrus Berry|[eat]\n|-heal|p1b: Incineroar|54/100|[from] item: Sitrus Berry\n|move|p2b: Starmie|Ice Spinner|p1a: Drampa\n|-supereffective|p1a: Drampa|1\n|-damage|p1a: Drampa|1/100\n|-ability|p1a: Drampa|Berserk|boost\n|-boost|p1a: Drampa|spa|1\n|\n|-weather|RainDance|[upkeep]\n|upkeep\n|turn|5\n|inactive|Niko highway has 30 seconds left.\n|inactive|Niko highway has 20 seconds left.\n|inactive|Niko highway has 15 seconds left.\n|inactive|Niko highway has 10 seconds left.\n|inactive|Niko highway has 5 seconds left.\n|\n|t:|1775973681\n|switch|p2b: Basculegion|Basculegion, L50, M|100/100\n|move|p1b: Incineroar|Fake Out|p2a: Pelipper\n|-damage|p2a: Pelipper|86/100\n|cant|p2a: Pelipper|flinch\n|move|p1a: Drampa|Dragon Pulse|p2a: Pelipper\n|-damage|p2a: Pelipper|0 fnt\n|faint|p2a: Pelipper\n|\n|-weather|none\n|-fieldend|move: Trick Room\n|upkeep\n|\n|t:|1775973682\n|switch|p2a: Starmie|Starmie-Mega, L50|6/100\n|turn|6\n|\n|t:|1775973701\n|switch|p1b: Cofagrigus|Cofagrigus, L50, M|54/100\n|move|p1a: Drampa|Protect|p1a: Drampa\n|-singleturn|p1a: Drampa|Protect\n|move|p2a: Starmie|Aqua Jet|p1b: Cofagrigus\n|-damage|p1b: Cofagrigus|30/100\n|-activate|p1b: Cofagrigus|ability: Mummy|p2a: Starmie|[ability] Huge Power\n|move|p2b: Basculegion|Wave Crash|p1a: Drampa\n|-activate|p1a: Drampa|move: Protect\n|\n|-heal|p1b: Cofagrigus|37/100|[from] item: Leftovers\n|upkeep\n|turn|7\n|inactive|Niko highway has 30 seconds left.\n|\n|t:|1775973730\n|switch|p1a: Incineroar|Incineroar, L50, M|54/100\n|-ability|p1a: Incineroar|Intimidate|boost\n|-unboost|p2a: Starmie|atk|1\n|-unboost|p2b: Basculegion|atk|1\n|move|p2a: Starmie|Aqua Jet|p1a: Incineroar\n|-supereffective|p1a: Incineroar|1\n|-damage|p1a: Incineroar|33/100\n|move|p2b: Basculegion|Wave Crash|p1b: Cofagrigus\n|-damage|p1b: Cofagrigus|0 fnt\n|-activate|p1b: Cofagrigus|ability: Mummy|p2b: Basculegion|[ability] Adaptability\n|faint|p1b: Cofagrigus\n|-damage|p2b: Basculegion|91/100|[from] Recoil\n|\n|upkeep\n|\n|t:|1775973744\n|switch|p1b: Drampa|Drampa-Mega, L50, F|1/100\n|turn|8\n|\n|t:|1775973760\n|move|p1a: Incineroar|Fake Out|p2a: Starmie\n|-damage|p2a: Starmie|0 fnt\n|-activate|p2a: Starmie|ability: Mummy|p1a: Incineroar|[ability] Intimidate\n|faint|p2a: Starmie\n|move|p2b: Basculegion|Wave Crash|p1b: Drampa\n|-resisted|p1b: Drampa|1\n|-damage|p1b: Drampa|0 fnt\n|faint|p1b: Drampa\n|-damage|p2b: Basculegion|90/100|[from] Recoil\n|\n|upkeep\n|\n|t:|1775973770\n|switch|p1b: Conkeldurr|Conkeldurr, L50, M|100/100\n|turn|9\n|\n|t:|1775973774\n|move|p2b: Basculegion|Wave Crash|p1b: Conkeldurr\n|-damage|p1b: Conkeldurr|66/100\n|-damage|p2b: Basculegion|78/100|[from] Recoil\n|move|p1a: Incineroar|Throat Chop|p2b: Basculegion\n|-supereffective|p2b: Basculegion|1\n|-damage|p2b: Basculegion|0 fnt\n|faint|p2b: Basculegion\n|\n|win|Niko highway\n|raw|Niko highway's rating: 1270 &rarr; <strong>1296</strong><br />(+26 for winning)\n|raw|Todo CCT's rating: 1284 &rarr; <strong>1258</strong><br />(-26 for losing)\n|l|\u2606Todo CCT\n|player|p2|\n",
  "uploadtime": 1775973811,
  "views": 29,
  "formatid": "gen9championsvgc2026regma",
  "rating": 1258,
  "private": 0,
  "password": null
}