{
  "id": "gen9championsvgc2026regma-2582428160",
  "format": "[Gen 9 Champions] VGC 2026 Reg M-A",
  "players": [
    "asteroidowl4943",
    "5wamp"
  ],
  "log": "|j|\u2606asteroidowl4943\n|j|\u26065wamp\n|html|<table width=\"100%\"><tr><td align=\"left\">asteroidowl4943</td><td align=\"right\">5wamp</tr><tr><td align=\"left\"><i class=\"fa fa-circle-o\"></i> <i class=\"fa fa-circle-o\"></i> </td><td align=\"right\"><i class=\"fa fa-circle-o\"></i> <i class=\"fa fa-circle\"></i> </tr></table>\n|uhtml|bestof|<h2><strong>Game 2</strong> of <a href=\"/game-bestof3-gen9championsvgc2026regma-2582424271\">a best-of-3</a></h2>\n|t:|1776091042\n|gametype|doubles\n|player|p1|asteroidowl4943|ghetsis|\n|player|p2|5wamp|iono-masters|\n|gen|9\n|tier|[Gen 9 Champions] VGC 2026 Reg M-A\n|rated|Tournament battle\n|rule|Species Clause: Limit one of each Pok\u00e9mon\n|rule|Item Clause: Limit 1 of each item\n|raw|<div class=\"infobox\"><details class=\"readmore\" open><summary><strong>2 custom rules:</strong></summary> Force Open Team Sheets, Best of = 3</details></div>\n|clearpoke\n|poke|p1|Sinistcha, L50|\n|poke|p1|Sneasler, L50, F|\n|poke|p1|Kingambit, L50, M|\n|poke|p1|Incineroar, L50, F|\n|poke|p1|Golurk, L50|\n|poke|p1|Farigiraf, L50, F|\n|poke|p2|Floette-Eternal, L50, F|\n|poke|p2|Sneasler, L50, M|\n|poke|p2|Basculegion, L50, M|\n|poke|p2|Aerodactyl, L50, F|\n|poke|p2|Kingambit, L50, M|\n|poke|p2|Incineroar, L50, M|\n|teampreview|4\n|showteam|p1|Sinistcha||Leftovers|Hospitality|MatchaGotcha,TrickRoom,RagePowder,LifeDew||||||50|]Sneasler||WhiteHerb|Unburden|FakeOut,DireClaw,CloseCombat,Protect|||F|||50|]Kingambit||BlackGlasses|Defiant|IronHead,SuckerPunch,KowtowCleave,Protect|||M|||50|]Incineroar||ChopleBerry|Intimidate|FakeOut,FlareBlitz,DarkestLariat,PartingShot|||F|||50|]Golurk||Golurkite|IronFist|HeadlongRush,Poltergeist,IcePunch,Protect||||||50|]Farigiraf||MentalHerb|ArmorTail|HyperVoice,Psychic,TrickRoom,Protect|||F|||50|\n|showteam|p2|Floette-Eternal||Floettite|FlowerVeil|Moonblast,DazzlingGleam,DrainingKiss,Protect|||F|||50|]Sneasler||WhiteHerb|Unburden|FakeOut,CloseCombat,DireClaw,Protect|||M|||50|]Basculegion||ChoiceScarf|Adaptability|WaveCrash,LastRespects,AquaJet,FlipTurn|||M|||50|]Aerodactyl||FocusSash|Unnerve|RockSlide,DualWingbeat,Tailwind,Protect|||F|||50|]Kingambit||ChopleBerry|Defiant|IronHead,LowKick,SuckerPunch,Protect|||M|||50|]Incineroar||SitrusBerry|Intimidate|FakeOut,FlareBlitz,ThroatChop,PartingShot|||M|||50|\n|inactive|Battle timer is ON: inactive players will automatically lose when time's up. (requested by 5wamp)\n|inactive|asteroidowl4943 also wants the timer to be on.\n|inactive|5wamp has 60 seconds left.\n|\n|t:|1776091098\n|teamsize|p1|4\n|teamsize|p2|4\n|start\n|switch|p1a: Sinistcha|Sinistcha, L50|100/100\n|switch|p1b: Sneasler|Sneasler, L50, F|100/100\n|switch|p2a: Floette|Floette-Eternal, L50, F|100/100\n|switch|p2b: Kingambit|Kingambit, L50, M|100/100\n|turn|1\n|\n|t:|1776091116\n|detailschange|p2a: Floette|Floette-Mega, L50, F\n|-mega|p2a: Floette|Floette|Floettite\n|-ability|p2a: Floette|Fairy Aura\n|move|p1b: Sneasler|Fake Out|p2a: Floette\n|-damage|p2a: Floette|86/100\n|cant|p2a: Floette|flinch\n|move|p2b: Kingambit|Iron Head|p1a: Sinistcha\n|-damage|p1a: Sinistcha|56/100\n|cant|p1a: Sinistcha|flinch\n|\n|-heal|p1a: Sinistcha|62/100|[from] item: Leftovers\n|upkeep\n|turn|2\n|\n|t:|1776091132\n|move|p1b: Sneasler|Close Combat|p2b: Kingambit\n|-supereffective|p2b: Kingambit|2\n|-enditem|p2b: Kingambit|Chople Berry|[eat]\n|-enditem|p2b: Kingambit|Chople Berry|[weaken]\n|-damage|p2b: Kingambit|0 fnt\n|-unboost|p1b: Sneasler|def|1\n|-unboost|p1b: Sneasler|spd|1\n|faint|p2b: Kingambit\n|-enditem|p1b: Sneasler|White Herb\n|-clearnegativeboost|p1b: Sneasler|[silent]\n|move|p2a: Floette|Dazzling Gleam|p1a: Sinistcha|[spread] p1a,p1b\n|-damage|p1a: Sinistcha|9/100\n|-damage|p1b: Sneasler|34/100\n|move|p1a: Sinistcha|Trick Room|p1a: Sinistcha\n|-fieldstart|move: Trick Room|[of] p1a: Sinistcha\n|\n|-heal|p1a: Sinistcha|16/100|[from] item: Leftovers\n|upkeep\n|\n|t:|1776091143\n|switch|p2b: Incineroar|Incineroar, L50, M|100/100\n|-ability|p2b: Incineroar|Intimidate|boost\n|-unboost|p1a: Sinistcha|atk|1\n|-unboost|p1b: Sneasler|atk|1\n|turn|3\n|inactive|5wamp has 30 seconds left.\n|inactive|5wamp has 20 seconds left.\n|\n|t:|1776091178\n|switch|p1b: Kingambit|Kingambit, L50, M|100/100\n|move|p1a: Sinistcha|Rage Powder|p1a: Sinistcha\n|-singleturn|p1a: Sinistcha|move: Rage Powder\n|move|p2b: Incineroar|Flare Blitz|p1a: Sinistcha\n|-supereffective|p1a: Sinistcha|1\n|-damage|p1a: Sinistcha|0 fnt\n|faint|p1a: Sinistcha\n|-damage|p2b: Incineroar|96/100|[from] Recoil\n|move|p2a: Floette|Draining Kiss|p1b: Kingambit\n|-damage|p1b: Kingambit|61/100\n|-heal|p2a: Floette|100/100|[from] drain|[of] p1b: Kingambit\n|\n|upkeep\n|\n|t:|1776091191\n|switch|p1a: Golurk|Golurk, L50|100/100\n|turn|4\n|\n|t:|1776091215\n|detailschange|p1a: Golurk|Golurk-Mega, L50\n|-mega|p1a: Golurk|Golurk|Golurkite\n|move|p2a: Floette|Protect|p2a: Floette\n|-singleturn|p2a: Floette|Protect\n|move|p1b: Kingambit|Iron Head|p2a: Floette\n|-activate|p2a: Floette|move: Protect\n|move|p1a: Golurk|Headlong Rush|p2b: Incineroar\n|-supereffective|p2b: Incineroar|1\n|-damage|p2b: Incineroar|0 fnt\n|-unboost|p1a: Golurk|def|1\n|-unboost|p1a: Golurk|spd|1\n|faint|p2b: Incineroar\n|\n|upkeep\n|\n|t:|1776091226\n|switch|p2b: Sneasler|Sneasler, L50, M|100/100\n|turn|5\n|\n|t:|1776091236\n|move|p2b: Sneasler|Fake Out|p1b: Kingambit\n|-resisted|p1b: Kingambit|1\n|-damage|p1b: Kingambit|56/100\n|cant|p1b: Kingambit|flinch\n|move|p1a: Golurk|Headlong Rush|p2b: Sneasler\n|-supereffective|p2b: Sneasler|1\n|-damage|p2b: Sneasler|0 fnt\n|-unboost|p1a: Golurk|def|1\n|-unboost|p1a: Golurk|spd|1\n|faint|p2b: Sneasler\n|move|p2a: Floette|Dazzling Gleam|p1a: Golurk|[spread] p1a,p1b\n|-damage|p1a: Golurk|17/100\n|-damage|p1b: Kingambit|15/100\n|\n|upkeep\n|turn|6\n|inactive|asteroidowl4943 has 30 seconds left.\n|\n|t:|1776091264\n|switch|p1a: Sneasler|Sneasler, L50, F|34/100\n|move|p2a: Floette|Protect|p2a: Floette\n|-singleturn|p2a: Floette|Protect\n|move|p1b: Kingambit|Iron Head|p2a: Floette\n|-activate|p2a: Floette|move: Protect\n|\n|-fieldend|move: Trick Room\n|upkeep\n|turn|7\n|\n|t:|1776091280\n|move|p2a: Floette|Protect||[still]\n|-fail|p2a: Floette\n|move|p1a: Sneasler|Fake Out|p2a: Floette\n|-damage|p2a: Floette|87/100\n|move|p1b: Kingambit|Iron Head|p2a: Floette\n|-supereffective|p2a: Floette|1\n|-damage|p2a: Floette|0 fnt\n|faint|p2a: Floette\n|\n|win|asteroidowl4943\n",
  "uploadtime": 1776091280,
  "views": 10,
  "formatid": "gen9championsvgc2026regma",
  "rating": null,
  "private": 0,
  "password": null
}