{
  "id": "gen9championsvgc2026regma-2583615554",
  "format": "[Gen 9 Champions] VGC 2026 Reg M-A",
  "players": [
    "nora=gay",
    "LGPESWEEPER"
  ],
  "log": "|j|\u2606nora=gay\n|j|\u2606LGPESWEEPER\n|t:|1776186704\n|gametype|doubles\n|player|p1|nora=gay|jupiter|1079\n|player|p2|LGPESWEEPER|265|1123\n|gen|9\n|tier|[Gen 9 Champions] VGC 2026 Reg M-A\n|rated|\n|rule|Species Clause: Limit one of each Pok\u00e9mon\n|rule|Item Clause: Limit 1 of each item\n|clearpoke\n|poke|p1|Delphox, L50, F|\n|poke|p1|Meowstic, L50, M|\n|poke|p1|Decidueye-Hisui, L50, F|\n|poke|p1|Scizor, L50, M|\n|poke|p2|Gyarados, L50, F|\n|poke|p2|Garchomp, L50, M|\n|poke|p2|Tinkaton, L50, F|\n|poke|p2|Sneasler, L50, F|\n|poke|p2|Sinistcha, L50|\n|poke|p2|Pelipper, L50, M|\n|teampreview|4\n|\n|t:|1776186729\n|teamsize|p1|4\n|teamsize|p2|4\n|start\n|switch|p1a: Delphox|Delphox, L50, F|100/100\n|switch|p1b: Meowstic|Meowstic, L50, M|100/100\n|switch|p2a: Garchomp|Garchomp, L50, M|100/100\n|switch|p2b: Gyarados|Gyarados, L50, F|100/100\n|-ability|p2b: Gyarados|Intimidate|boost\n|-unboost|p1a: Delphox|atk|1\n|-unboost|p1b: Meowstic|atk|1\n|turn|1\n|\n|t:|1776186743\n|detailschange|p1a: Delphox|Delphox-Mega, L50, F\n|-mega|p1a: Delphox|Delphox|Delphoxite\n|move|p1b: Meowstic|Psychic Terrain|p1b: Meowstic\n|-fieldstart|move: Psychic Terrain\n|move|p1a: Delphox|Expanding Force|p2b: Gyarados\n|-damage|p2b: Gyarados|44/100\n|move|p2a: Garchomp|Rock Slide|p1a: Delphox|[spread] p1a,p1b\n|-supereffective|p1a: Delphox|1\n|-damage|p1a: Delphox|37/100\n|-damage|p1b: Meowstic|73/100\n|move|p2b: Gyarados|Dragon Dance|p2b: Gyarados\n|-boost|p2b: Gyarados|atk|1\n|-boost|p2b: Gyarados|spe|1\n|\n|upkeep\n|turn|2\n|\n|t:|1776186764\n|detailschange|p2b: Gyarados|Gyarados-Mega, L50, F\n|-mega|p2b: Gyarados|Gyarados|Gyaradosite\n|-ability|p2b: Gyarados|Mold Breaker\n|move|p1b: Meowstic|Reflect|p1b: Meowstic\n|-sidestart|p1: nora=gay|Reflect\n|move|p2b: Gyarados|Crunch|p1a: Delphox\n|-supereffective|p1a: Delphox|1\n|-damage|p1a: Delphox|0 fnt\n|faint|p1a: Delphox\n|move|p2a: Garchomp|Rock Slide|p1b: Meowstic\n|-crit|p1b: Meowstic\n|-damage|p1b: Meowstic|14/100\n|\n|upkeep\n|\n|t:|1776186788\n|switch|p1a: Decidueye|Decidueye-Hisui, L50, F|100/100\n|turn|3\n|\n|t:|1776186807\n|switch|p2b: Sneasler|Sneasler, L50, F|100/100\n|move|p1a: Decidueye|Protect|p1a: Decidueye\n|-singleturn|p1a: Decidueye|Protect\n|move|p2a: Garchomp|Rock Slide|p1b: Meowstic|[spread] p1b\n|-activate|p1a: Decidueye|move: Protect\n|-damage|p1b: Meowstic|0 fnt\n|faint|p1b: Meowstic\n|\n|upkeep\n|\n|t:|1776186817\n|switch|p1b: Scizor|Scizor, L50, M|100/100\n|turn|4\n|\n|t:|1776186834\n|move|p2b: Sneasler|Dire Claw|p1a: Decidueye\n|-supereffective|p1a: Decidueye|1\n|-damage|p1a: Decidueye|25/100\n|move|p2a: Garchomp|Rock Slide|p1a: Decidueye|[spread] p1a,p1b\n|-resisted|p1a: Decidueye|1\n|-damage|p1a: Decidueye|16/100\n|-damage|p1b: Scizor|85/100\n|move|p1a: Decidueye|Tailwind|p1a: Decidueye\n|-sidestart|p1: nora=gay|move: Tailwind\n|move|p1b: Scizor|Dual Wingbeat|p2b: Sneasler\n|-supereffective|p2b: Sneasler|1\n|-damage|p2b: Sneasler|14/100\n|-supereffective|p2b: Sneasler|1\n|-damage|p2b: Sneasler|0 fnt\n|faint|p2b: Sneasler\n|-hitcount|p2: Sneasler|2\n|\n|upkeep\n|\n|t:|1776186848\n|switch|p2b: Pelipper|Pelipper, L50, M|100/100\n|-weather|RainDance|[from] ability: Drizzle|[of] p2b: Pelipper\n|turn|5\n|\n|t:|1776186864\n|move|p1a: Decidueye|Leaf Blade|p2a: Garchomp\n|-damage|p2a: Garchomp|59/100\n|-damage|p1a: Decidueye|4/100|[from] ability: Rough Skin|[of] p2a: Garchomp\n|move|p1b: Scizor|Dual Wingbeat|p2a: Garchomp\n|-damage|p2a: Garchomp|38/100\n|-damage|p1b: Scizor|73/100|[from] ability: Rough Skin|[of] p2a: Garchomp\n|-crit|p2a: Garchomp\n|-damage|p2a: Garchomp|6/100\n|-damage|p1b: Scizor|60/100|[from] ability: Rough Skin|[of] p2a: Garchomp\n|-hitcount|p2a: Garchomp|2\n|move|p2a: Garchomp|Earthquake|p1b: Scizor|[spread] p1a,p1b\n|-immune|p2b: Pelipper\n|-resisted|p1a: Decidueye|1\n|-damage|p1a: Decidueye|0 fnt\n|-damage|p1b: Scizor|23/100\n|faint|p1a: Decidueye\n|move|p2b: Pelipper|Hurricane|p1b: Scizor\n|-damage|p1b: Scizor|0 fnt\n|faint|p1b: Scizor\n|\n|win|LGPESWEEPER\n|raw|nora=gay's rating: 1079 &rarr; <strong>1060</strong><br />(-19 for losing)\n|raw|LGPESWEEPER's rating: 1123 &rarr; <strong>1145</strong><br />(+22 for winning)\n|l|\u2606nora=gay\n|player|p1|\n",
  "uploadtime": 1776186884,
  "views": 14,
  "formatid": "gen9championsvgc2026regma",
  "rating": 1060,
  "private": 0,
  "password": null
}