{
  "id": "gen9championsvgc2026regma-2584985278",
  "format": "[Gen 9 Champions] VGC 2026 Reg M-A",
  "players": [
    "Troodon_Jesus",
    "drty2142"
  ],
  "log": "|j|\u2606Troodon_Jesus\n|j|\u2606drty2142\n|t:|1776300696\n|gametype|doubles\n|player|p1|Troodon_Jesus|pokemaniac|1172\n|player|p2|drty2142|169|1104\n|gen|9\n|tier|[Gen 9 Champions] VGC 2026 Reg M-A\n|rated|\n|rule|Species Clause: Limit one of each Pok\u00e9mon\n|rule|Item Clause: Limit 1 of each item\n|clearpoke\n|poke|p1|Aggron, L50, F|\n|poke|p1|Sinistcha, L50|\n|poke|p1|Hydreigon, L50, F|\n|poke|p1|Aerodactyl, L50, M|\n|poke|p1|Sneasler, L50, F|\n|poke|p1|Tyranitar, L50, F|\n|poke|p2|Venusaur, L50, M|\n|poke|p2|Vaporeon, L50, F|\n|poke|p2|Gallade, L50, M|\n|poke|p2|Sinistcha, L50|\n|poke|p2|Incineroar, L50, F|\n|poke|p2|Slowking-Galar, L50, F|\n|teampreview|4\n|inactive|Battle timer is ON: inactive players will automatically lose when time's up. (requested by drty2142)\n|inactive|Troodon_Jesus has 60 seconds left.\n|\n|t:|1776300766\n|teamsize|p1|4\n|teamsize|p2|4\n|start\n|switch|p1a: THE WALL|Aggron, L50, F|100/100\n|switch|p1b: Sneasler|Sneasler, L50, F|100/100\n|switch|p2a: Incineroar|Incineroar, L50, F|100/100\n|switch|p2b: Gallade|Gallade, L50, M|100/100\n|-ability|p2a: Incineroar|Intimidate|boost\n|-unboost|p1a: THE WALL|atk|1\n|-unboost|p1b: Sneasler|atk|1\n|-enditem|p1b: Sneasler|White Herb\n|-clearnegativeboost|p1b: Sneasler|[silent]\n|turn|1\n|inactive|Troodon_Jesus has 30 seconds left.\n|inactive|Troodon_Jesus has 20 seconds left.\n|\n|t:|1776300801\n|switch|p1a: Sinistcha|Sinistcha, L50|100/100\n|move|p1b: Sneasler|Protect|p1b: Sneasler\n|-singleturn|p1b: Sneasler|Protect\n|move|p2a: Incineroar|Fake Out|p1a: Sinistcha\n|-immune|p1a: Sinistcha\n|move|p2b: Gallade|Psycho Cut|p1b: Sneasler\n|-activate|p1b: Sneasler|move: Protect\n|\n|upkeep\n|turn|2\n|\n|t:|1776300817\n|switch|p2a: Sinistcha|Sinistcha, L50|100/100\n|move|p1a: Sinistcha|Rage Powder|p1a: Sinistcha\n|-singleturn|p1a: Sinistcha|move: Rage Powder\n|move|p1b: Sneasler|Close Combat|p2a: Sinistcha\n|-immune|p2a: Sinistcha\n|move|p2b: Gallade|Psycho Cut|p1a: Sinistcha\n|-damage|p1a: Sinistcha|54/100\n|\n|upkeep\n|turn|3\n|inactive|Troodon_Jesus has 30 seconds left.\n|inactive|Troodon_Jesus has 20 seconds left.\n|inactive|Troodon_Jesus has 15 seconds left.\n|\n|t:|1776300860\n|move|p1a: Sinistcha|Rage Powder|p1a: Sinistcha\n|-singleturn|p1a: Sinistcha|move: Rage Powder\n|move|p1b: Sneasler|Dire Claw|p2a: Sinistcha\n|-damage|p2a: Sinistcha|71/100\n|move|p2b: Gallade|Psycho Cut|p1a: Sinistcha\n|-damage|p1a: Sinistcha|8/100\n|move|p2a: Sinistcha|Shadow Ball|p1a: Sinistcha\n|-supereffective|p1a: Sinistcha|1\n|-damage|p1a: Sinistcha|0 fnt\n|faint|p1a: Sinistcha\n|\n|upkeep\n|\n|t:|1776300870\n|switch|p1a: Hydreigon|Hydreigon, L50, F|100/100\n|turn|4\n|\n|t:|1776300894\n|switch|p2a: Incineroar|Incineroar, L50, F|100/100\n|-ability|p2a: Incineroar|Intimidate|boost\n|-unboost|p1a: Hydreigon|atk|1\n|-unboost|p1b: Sneasler|atk|1\n|move|p1b: Sneasler|Dire Claw|p2a: Incineroar\n|-damage|p2a: Incineroar|75/100\n|-status|p2a: Incineroar|slp\n|move|p1a: Hydreigon|Dark Pulse|p2b: Gallade\n|-damage|p2b: Gallade|41/100\n|move|p2b: Gallade|Psycho Cut|p1b: Sneasler\n|-supereffective|p1b: Sneasler|2\n|-damage|p1b: Sneasler|0 fnt\n|faint|p1b: Sneasler\n|\n|upkeep\n|\n|t:|1776300906\n|switch|p1b: THE WALL|Aggron, L50, F|100/100\n|turn|5\n|\n|t:|1776300912\n|switch|p2b: Venusaur|Venusaur, L50, M|100/100\n|switch|p2a: Sinistcha|Sinistcha, L50|71/100\n|detailschange|p1b: THE WALL|Aggron-Mega, L50, F\n|-mega|p1b: THE WALL|Aggron|Aggronite\n|move|p1a: Hydreigon|Protect|p1a: Hydreigon\n|-singleturn|p1a: Hydreigon|Protect\n|move|p1b: THE WALL|Protect||[still]\n|-fail|p1b: THE WALL\n|\n|upkeep\n|turn|6\n|\n|t:|1776300929\n|detailschange|p2b: Venusaur|Venusaur-Mega, L50, M\n|-mega|p2b: Venusaur|Venusaur|Venusaurite\n|move|p1a: Hydreigon|Dark Pulse|p2a: Sinistcha\n|-supereffective|p2a: Sinistcha|1\n|-damage|p2a: Sinistcha|0 fnt\n|faint|p2a: Sinistcha\n|move|p2b: Venusaur|Leech Seed|p1a: Hydreigon\n|-start|p1a: Hydreigon|move: Leech Seed\n|move|p1b: THE WALL|Iron Defense|p1b: THE WALL\n|-boost|p1b: THE WALL|def|2\n|\n|-damage|p1a: Hydreigon|88/100|[from] Leech Seed|[of] p2b: Venusaur\n|upkeep\n|\n|t:|1776300940\n|switch|p2a: Incineroar|Incineroar, L50, F|75/100 slp\n|-ability|p2a: Incineroar|Intimidate|boost\n|-unboost|p1a: Hydreigon|atk|1\n|-unboost|p1b: THE WALL|atk|1\n|turn|7\n|\n|t:|1776300952\n|cant|p2a: Incineroar|slp\n|move|p1a: Hydreigon|Dark Pulse|p2b: Venusaur\n|-damage|p2b: Venusaur|59/100\n|move|p2b: Venusaur|Leech Seed|p1b: THE WALL\n|-start|p1b: THE WALL|move: Leech Seed\n|move|p1b: THE WALL|Body Press|p2a: Incineroar\n|-supereffective|p2a: Incineroar|1\n|-damage|p2a: Incineroar|0 fnt\n|faint|p2a: Incineroar\n|\n|-damage|p1a: Hydreigon|76/100|[from] Leech Seed|[of] p2b: Venusaur\n|-heal|p2b: Venusaur|70/100|[silent]\n|-damage|p1b: THE WALL|88/100|[from] Leech Seed|[of] p2b: Venusaur\n|-heal|p2b: Venusaur|81/100|[silent]\n|upkeep\n|\n|t:|1776300965\n|switch|p2a: Gallade|Gallade, L50, M|41/100\n|turn|8\n|\n|t:|1776300975\n|move|p1a: Hydreigon|Dark Pulse|p2a: Gallade\n|-damage|p2a: Gallade|0 fnt\n|faint|p2a: Gallade\n|move|p2b: Venusaur|Giga Drain|p1b: THE WALL\n|-resisted|p1b: THE WALL|1\n|-damage|p1b: THE WALL|72/100\n|-heal|p2b: Venusaur|89/100|[from] drain|[of] p1b: THE WALL\n|move|p1b: THE WALL|Body Press|p2b: Venusaur\n|-resisted|p2b: Venusaur|1\n|-damage|p2b: Venusaur|64/100\n|\n|-damage|p1a: Hydreigon|63/100|[from] Leech Seed|[of] p2b: Venusaur\n|-heal|p2b: Venusaur|75/100|[silent]\n|-damage|p1b: THE WALL|59/100|[from] Leech Seed|[of] p2b: Venusaur\n|-heal|p2b: Venusaur|86/100|[silent]\n|upkeep\n|turn|9\n|\n|t:|1776300990\n|move|p1a: Hydreigon|Dark Pulse|p2b: Venusaur\n|-crit|p2b: Venusaur\n|-damage|p2b: Venusaur|25/100\n|cant|p2b: Venusaur|flinch\n|move|p1b: THE WALL|Body Press|p2b: Venusaur\n|-resisted|p2b: Venusaur|1\n|-damage|p2b: Venusaur|0 fnt\n|faint|p2b: Venusaur\n|\n|win|Troodon_Jesus\n|raw|Troodon_Jesus's rating: 1172 &rarr; <strong>1192</strong><br />(+20 for winning)\n|raw|drty2142's rating: 1104 &rarr; <strong>1084</strong><br />(-20 for losing)\n|l|\u2606drty2142\n|player|p2|\n",
  "uploadtime": 1776300999,
  "views": 24,
  "formatid": "gen9championsvgc2026regma",
  "rating": 1084,
  "private": 0,
  "password": null
}