{
  "id": "gen9championsvgc2026regma-2583104810",
  "format": "[Gen 9 Champions] VGC 2026 Reg M-A",
  "players": [
    "Novicebest",
    "everlol"
  ],
  "log": "|j|\u2606Novicebest\n|j|\u2606everlol\n|t:|1776142529\n|gametype|doubles\n|player|p1|Novicebest|dawn|1336\n|player|p2|everlol|102|1398\n|gen|9\n|tier|[Gen 9 Champions] VGC 2026 Reg M-A\n|rated|\n|rule|Species Clause: Limit one of each Pok\u00e9mon\n|rule|Item Clause: Limit 1 of each item\n|clearpoke\n|poke|p1|Kingambit, L50, M|\n|poke|p1|Gengar, L50, M|\n|poke|p1|Kommo-o, L50, M|\n|poke|p1|Politoed, L50, M|\n|poke|p1|Incineroar, L50, M|\n|poke|p1|Basculegion, L50, M|\n|poke|p2|Sneasler, L50, F|\n|poke|p2|Garchomp, L50, M|\n|poke|p2|Whimsicott, L50, M|\n|poke|p2|Charizard, L50, M|\n|poke|p2|Kingambit, L50, M|\n|poke|p2|Floette-Eternal, L50, F|\n|teampreview|4\n|inactive|Battle timer is ON: inactive players will automatically lose when time's up. (requested by everlol)\n|inactive|Novicebest has 60 seconds left.\n|inactive|everlol has 60 seconds left.\n|inactive|everlol has 30 seconds left.\n|\n|t:|1776142594\n|teamsize|p1|4\n|teamsize|p2|4\n|start\n|switch|p1a: Kommo-o|Kommo-o, L50, M|100/100\n|switch|p1b: Gengar|Gengar, L50, M|100/100\n|switch|p2a: Kingambit|Kingambit, L50, M|100/100\n|switch|p2b: Floette|Floette-Eternal, L50, F|100/100\n|turn|1\n|inactive|Novicebest has 30 seconds left.\n|inactive|everlol has 30 seconds left.\n|inactive|everlol has 20 seconds left.\n|inactive|everlol has 15 seconds left.\n|\n|t:|1776142643\n|switch|p1a: Politoed|Politoed, L50, M|100/100\n|-weather|RainDance|[from] ability: Drizzle|[of] p1a: Politoed\n|detailschange|p1b: Gengar|Gengar-Mega, L50, M\n|-mega|p1b: Gengar|Gengar|Gengarite\n|detailschange|p2b: Floette|Floette-Mega, L50, F\n|-mega|p2b: Floette|Floette|Floettite\n|-ability|p2b: Floette|Fairy Aura\n|move|p1b: Gengar|Protect|p1b: Gengar\n|-singleturn|p1b: Gengar|Protect\n|move|p2b: Floette|Moonblast|p1a: Politoed\n|-damage|p1a: Politoed|47/100\n|move|p2a: Kingambit|Kowtow Cleave|p1b: Gengar\n|-activate|p1b: Gengar|move: Protect\n|\n|-weather|RainDance|[upkeep]\n|-heal|p1a: Politoed|53/100|[from] item: Leftovers\n|upkeep\n|turn|2\n|inactive|Novicebest has 30 seconds left.\n|inactive|everlol has 30 seconds left.\n|\n|t:|1776142675\n|move|p1a: Politoed|Protect|p1a: Politoed\n|-singleturn|p1a: Politoed|Protect\n|move|p1b: Gengar|Disable|p2a: Kingambit\n|-start|p2a: Kingambit|Disable|Kowtow Cleave\n|move|p2b: Floette|Dazzling Gleam|p1b: Gengar|[spread] p1b\n|-activate|p1a: Politoed|move: Protect\n|-resisted|p1b: Gengar|1\n|-damage|p1b: Gengar|74/100\n|move|p2a: Kingambit|Iron Head|p1b: Gengar\n|-damage|p1b: Gengar|11/100\n|\n|-weather|RainDance|[upkeep]\n|-heal|p1a: Politoed|59/100|[from] item: Leftovers\n|upkeep\n|turn|3\n|inactive|Novicebest has 30 seconds left.\n|inactive|everlol has 30 seconds left.\n|j| gengar0720\n|\n|t:|1776142710\n|move|p1b: Gengar|Protect|p1b: Gengar\n|-singleturn|p1b: Gengar|Protect\n|move|p2b: Floette|Moonblast|p1a: Politoed\n|-damage|p1a: Politoed|5/100\n|move|p1a: Politoed|Encore|p2a: Kingambit\n|-start|p2a: Kingambit|Encore\n|move|p2a: Kingambit|Iron Head|p1a: Politoed\n|-resisted|p1a: Politoed|1\n|-damage|p1a: Politoed|0 fnt\n|faint|p1a: Politoed\n|\n|-weather|RainDance|[upkeep]\n|upkeep\n|\n|t:|1776142724\n|switch|p1a: Basculegion|Basculegion, L50, M|100/100\n|turn|4\n|\n|t:|1776142735\n|move|p2b: Floette|Protect|p2b: Floette\n|-singleturn|p2b: Floette|Protect\n|move|p1a: Basculegion|Wave Crash|p2b: Floette\n|-activate|p2b: Floette|move: Protect\n|move|p1b: Gengar|Shadow Ball|p2b: Floette\n|-activate|p2b: Floette|move: Protect\n|move|p2a: Kingambit|Iron Head|p1b: Gengar\n|-damage|p1b: Gengar|0 fnt\n|faint|p1b: Gengar\n|\n|-weather|RainDance|[upkeep]\n|upkeep\n|\n|t:|1776142739\n|switch|p1b: Kommo-o|Kommo-o, L50, M|100/100\n|turn|5\n|\n|t:|1776142753\n|switch|p2b: Garchomp|Garchomp, L50, M|100/100\n|switch|p2a: Whimsicott|Whimsicott, L50, M|100/100\n|move|p1a: Basculegion|Wave Crash|p2b: Garchomp\n|-damage|p2b: Garchomp|0 fnt\n|-damage|p1a: Basculegion|88/100|[from] ability: Rough Skin|[of] p2b: Garchomp\n|faint|p2b: Garchomp\n|-damage|p1a: Basculegion|58/100|[from] Recoil\n|move|p1b: Kommo-o|Clangorous Soul|p1b: Kommo-o\n|-boost|p1b: Kommo-o|atk|1\n|-boost|p1b: Kommo-o|def|1\n|-boost|p1b: Kommo-o|spa|1\n|-boost|p1b: Kommo-o|spd|1\n|-boost|p1b: Kommo-o|spe|1\n|-damage|p1b: Kommo-o|68/100\n|\n|-weather|none\n|upkeep\n|\n|t:|1776142769\n|switch|p2b: Kingambit|Kingambit, L50, M|100/100\n|turn|6\n|c|\u2606everlol|GG\n|\n|t:|1776142783\n|move|p1a: Basculegion|Protect|p1a: Basculegion\n|-singleturn|p1a: Basculegion|Protect\n|move|p2a: Whimsicott|Encore|p1b: Kommo-o\n|-start|p1b: Kommo-o|Encore\n|move|p2b: Kingambit|Sucker Punch||[still]\n|-fail|p2b: Kingambit\n|move|p1b: Kommo-o|Clangorous Soul|p1b: Kommo-o\n|-boost|p1b: Kommo-o|atk|1\n|-boost|p1b: Kommo-o|def|1\n|-boost|p1b: Kommo-o|spa|1\n|-boost|p1b: Kommo-o|spd|1\n|-boost|p1b: Kommo-o|spe|1\n|-damage|p1b: Kommo-o|35/100\n|\n|upkeep\n|turn|7\n|-message|Novicebest forfeited.\n|\n|win|everlol\n|raw|Novicebest's rating: 1336 &rarr; <strong>1320</strong><br />(-16 for losing)\n|raw|everlol's rating: 1398 &rarr; <strong>1414</strong><br />(+16 for winning)\n|l|\u2606Novicebest\n|player|p1|\n",
  "uploadtime": 1776142797,
  "views": 23,
  "formatid": "gen9championsvgc2026regma",
  "rating": 1320,
  "private": 0,
  "password": null
}