{
  "id": "gen9championsvgc2026regma-2586105637",
  "format": "[Gen 9 Champions] VGC 2026 Reg M-A",
  "players": [
    "Andiom123",
    "sirkeklordalphas"
  ],
  "log": "|j|\u2606Andiom123\n|j|\u2606sirkeklordalphas\n|t:|1776399637\n|gametype|doubles\n|player|p1|Andiom123|102|1194\n|player|p2|sirkeklordalphas|169|1163\n|gen|9\n|tier|[Gen 9 Champions] VGC 2026 Reg M-A\n|rated|\n|rule|Species Clause: Limit one of each Pok\u00e9mon\n|rule|Item Clause: Limit 1 of each item\n|clearpoke\n|poke|p1|Charizard, L50, M|\n|poke|p1|Typhlosion-Hisui, L50, M|\n|poke|p1|Venusaur, L50, M|\n|poke|p1|Aerodactyl, L50, M|\n|poke|p1|Sneasler, L50, M|\n|poke|p1|Garchomp, L50, F|\n|poke|p2|Jolteon, L50, F|\n|poke|p2|Arcanine-Hisui, L50, F|\n|poke|p2|Froslass, L50, F|\n|poke|p2|Garchomp, L50, F|\n|poke|p2|Hydreigon, L50, M|\n|poke|p2|Sneasler, L50, F|\n|teampreview|4\n|\n|t:|1776399711\n|teamsize|p1|4\n|teamsize|p2|4\n|start\n|switch|p1a: Aerodactyl|Aerodactyl, L50, M|100/100\n|switch|p1b: Sneasler|Sneasler, L50, M|100/100\n|switch|p2a: Garchomp|Garchomp, L50, F|100/100\n|switch|p2b: Arcanine|Arcanine-Hisui, L50, F|100/100\n|-ability|p1a: Aerodactyl|Unnerve\n|-ability|p2b: Arcanine|Intimidate|boost\n|-unboost|p1a: Aerodactyl|atk|1\n|-unboost|p1b: Sneasler|atk|1\n|-enditem|p1b: Sneasler|White Herb\n|-clearnegativeboost|p1b: Sneasler|[silent]\n|turn|1\n|\n|t:|1776399744\n|switch|p2b: Hydreigon|Hydreigon, L50, M|100/100\n|move|p1b: Sneasler|Close Combat|p2b: Hydreigon\n|-supereffective|p2b: Hydreigon|1\n|-damage|p2b: Hydreigon|0 fnt\n|-unboost|p1b: Sneasler|def|1\n|-unboost|p1b: Sneasler|spd|1\n|faint|p2b: Hydreigon\n|move|p2a: Garchomp|Rock Slide|p1a: Aerodactyl|[spread] p1a,p1b\n|-supereffective|p1a: Aerodactyl|1\n|-resisted|p1b: Sneasler|1\n|-crit|p1b: Sneasler\n|-damage|p1a: Aerodactyl|27/100\n|-damage|p1b: Sneasler|61/100\n|cant|p1a: Aerodactyl|flinch\n|\n|upkeep\n|\n|t:|1776399776\n|switch|p2b: Arcanine|Arcanine-Hisui, L50, F|100/100\n|-ability|p2b: Arcanine|Intimidate|boost\n|-unboost|p1a: Aerodactyl|atk|1\n|-unboost|p1b: Sneasler|atk|1\n|turn|2\n|\n|t:|1776399811\n|move|p1a: Aerodactyl|Protect|p1a: Aerodactyl\n|-singleturn|p1a: Aerodactyl|Protect\n|move|p2b: Arcanine|Extreme Speed|p1b: Sneasler\n|-damage|p1b: Sneasler|0 fnt\n|faint|p1b: Sneasler\n|move|p2a: Garchomp|Rock Slide|p1a: Aerodactyl\n|-activate|p1a: Aerodactyl|move: Protect\n|\n|upkeep\n|\n|t:|1776399823\n|switch|p1b: Garchomp|Garchomp, L50, F|100/100\n|turn|3\n|\n|t:|1776399864\n|switch|p2a: Froslass|Froslass, L50, F|100/100\n|move|p2b: Arcanine|Protect|p2b: Arcanine\n|-singleturn|p2b: Arcanine|Protect\n|move|p1a: Aerodactyl|Tailwind|p1a: Aerodactyl\n|-sidestart|p1: Andiom123|move: Tailwind\n|move|p1b: Garchomp|Earthquake|p2b: Arcanine|[spread] p2a\n|-activate|p2b: Arcanine|move: Protect\n|-immune|p1a: Aerodactyl\n|-damage|p2a: Froslass|23/100\n|-start|p1b: Garchomp|Disable|Earthquake|[from] ability: Cursed Body|[of] p2a: Froslass\n|\n|upkeep\n|turn|4\n|\n|t:|1776399907\n|switch|p2b: Garchomp|Garchomp, L50, F|100/100\n|detailschange|p2a: Froslass|Froslass-Mega, L50, F\n|-mega|p2a: Froslass|Froslass|Froslassite\n|-weather|Snowscape|[from] ability: Snow Warning|[of] p2a: Froslass\n|move|p1a: Aerodactyl|Rock Slide|p2b: Garchomp|[spread] p2a,p2b\n|-supereffective|p2a: Froslass|1\n|-resisted|p2b: Garchomp|1\n|-damage|p2a: Froslass|0 fnt\n|-damage|p2b: Garchomp|94/100\n|faint|p2a: Froslass\n|move|p1b: Garchomp|Stomping Tantrum|p2b: Garchomp\n|-damage|p2b: Garchomp|40/100\n|-damage|p1b: Garchomp|88/100|[from] ability: Rough Skin|[of] p2b: Garchomp\n|\n|-weather|Snowscape|[upkeep]\n|upkeep\n|\n|t:|1776399922\n|switch|p2a: Arcanine|Arcanine-Hisui, L50, F|100/100\n|-ability|p2a: Arcanine|Intimidate|boost\n|-unboost|p1a: Aerodactyl|atk|1\n|-unboost|p1b: Garchomp|atk|1\n|turn|5\n|\n|t:|1776399946\n|move|p1a: Aerodactyl|Rock Slide|p2b: Garchomp|[spread] p2a,p2b\n|-supereffective|p2a: Arcanine|1\n|-resisted|p2b: Garchomp|1\n|-damage|p2a: Arcanine|76/100\n|-damage|p2b: Garchomp|35/100\n|move|p1b: Garchomp|Dragon Claw|p2b: Garchomp\n|-supereffective|p2b: Garchomp|1\n|-damage|p2b: Garchomp|0 fnt\n|-damage|p1b: Garchomp|76/100|[from] ability: Rough Skin|[of] p2b: Garchomp\n|faint|p2b: Garchomp\n|cant|p2a: Arcanine|flinch\n|\n|-weather|Snowscape|[upkeep]\n|upkeep\n|turn|6\n|-message|sirkeklordalphas forfeited.\n|\n|win|Andiom123\n|raw|Andiom123's rating: 1194 &rarr; <strong>1217</strong><br />(+23 for winning)\n|raw|sirkeklordalphas's rating: 1163 &rarr; <strong>1140</strong><br />(-23 for losing)\n|l|\u2606sirkeklordalphas\n|player|p2|\n",
  "uploadtime": 1776399967,
  "views": 17,
  "formatid": "gen9championsvgc2026regma",
  "rating": 1140,
  "private": 0,
  "password": null
}