{
  "id": "gen9championsvgc2026regma-2585392807",
  "format": "[Gen 9 Champions] VGC 2026 Reg M-A",
  "players": [
    "Meowscarada2012",
    "ShuraJE"
  ],
  "log": "|j|\u2606Meowscarada2012\n|j|\u2606ShuraJE\n|t:|1776343936\n|gametype|doubles\n|player|p1|Meowscarada2012|101|1000\n|player|p2|ShuraJE|102|1000\n|gen|9\n|tier|[Gen 9 Champions] VGC 2026 Reg M-A\n|rated|\n|rule|Species Clause: Limit one of each Pok\u00e9mon\n|rule|Item Clause: Limit 1 of each item\n|clearpoke\n|poke|p1|Pelipper, L50, F|\n|poke|p1|Archaludon, L50, M|\n|poke|p1|Floette-Eternal, L50, F|\n|poke|p1|Basculegion, L50, M|\n|poke|p1|Incineroar, L50, M|\n|poke|p1|Farigiraf, L50, M|\n|poke|p2|Sableye, L50, M|\n|poke|p2|Ninetales-Alola, L50, F|\n|poke|p2|Aegislash, L50, M|\n|poke|p2|Noivern, L50, M|\n|poke|p2|Toucannon, L50, M|\n|poke|p2|Feraligatr, L50, M|\n|teampreview|4\n|\n|t:|1776343955\n|teamsize|p1|4\n|teamsize|p2|4\n|start\n|switch|p1a: Pelipper|Pelipper, L50, F|100/100\n|switch|p1b: Basculegion|Basculegion, L50, M|100/100\n|switch|p2a: Pax|Ninetales-Alola, L50, F|100/100\n|switch|p2b: Totodinho|Feraligatr, L50, M|100/100\n|-weather|Snowscape|[from] ability: Snow Warning|[of] p2a: Pax\n|-weather|RainDance|[from] ability: Drizzle|[of] p1a: Pelipper\n|turn|1\n|\n|t:|1776344006\n|move|p1b: Basculegion|Wave Crash|p2b: Totodinho\n|-resisted|p2b: Totodinho|1\n|-damage|p2b: Totodinho|34/100\n|-damage|p1b: Basculegion|83/100|[from] Recoil\n|move|p2a: Pax|Freeze-Dry|p1a: Pelipper\n|-supereffective|p1a: Pelipper|2\n|-damage|p1a: Pelipper|0 fnt\n|faint|p1a: Pelipper\n|move|p2b: Totodinho|Blizzard|p1b: Basculegion|[miss]\n|-miss|p2b: Totodinho|p1b: Basculegion\n|\n|-weather|RainDance|[upkeep]\n|upkeep\n|\n|t:|1776344017\n|switch|p1a: Archaludon|Archaludon, L50, M|100/100\n|turn|2\n|\n|t:|1776344049\n|switch|p2a: Rebento|Sableye, L50, M, shiny|100/100\n|move|p1b: Basculegion|Wave Crash|p2b: Totodinho\n|-resisted|p2b: Totodinho|1\n|-damage|p2b: Totodinho|0 fnt\n|faint|p2b: Totodinho\n|-damage|p1b: Basculegion|74/100|[from] Recoil\n|move|p1a: Archaludon|Electro Shot||[still]\n|-prepare|p1a: Archaludon|Electro Shot\n|-boost|p1a: Archaludon|spa|1\n|-anim|p1a: Archaludon|Electro Shot|p2a: Rebento\n|-damage|p2a: Rebento|25/100\n|\n|-weather|RainDance|[upkeep]\n|-heal|p2a: Rebento|31/100|[from] item: Leftovers\n|upkeep\n|\n|t:|1776344063\n|switch|p2b: Escali|Aegislash, L50, M, shiny|100/100\n|turn|3\n|\n|t:|1776344095\n|-formechange|p2b: Escali|Aegislash-Blade|\n|move|p2b: Escali|Shadow Sneak|p1b: Basculegion\n|-supereffective|p1b: Basculegion|1\n|-damage|p1b: Basculegion|3/100\n|move|p2a: Rebento|Sunny Day|p2a: Rebento\n|-weather|SunnyDay\n|move|p1b: Basculegion|Wave Crash|p2b: Escali\n|-damage|p2b: Escali|36/100\n|-damage|p1b: Basculegion|0 fnt|[from] Recoil\n|faint|p1b: Basculegion\n|move|p1a: Archaludon|Electro Shot||[still]\n|-prepare|p1a: Archaludon|Electro Shot\n|-boost|p1a: Archaludon|spa|1\n|\n|-weather|SunnyDay|[upkeep]\n|-heal|p2a: Rebento|37/100|[from] item: Leftovers\n|upkeep\n|\n|t:|1776344113\n|switch|p1b: Floette|Floette-Eternal, L50, F|100/100\n|turn|4\n|\n|t:|1776344138\n|move|p2a: Rebento|Protect|p2a: Rebento\n|-singleturn|p2a: Rebento|Protect\n|-formechange|p2b: Escali|Aegislash|\n|move|p2b: Escali|King's Shield|p2b: Escali\n|-singleturn|p2b: Escali|Protect\n|move|p1b: Floette|Light of Ruin|p2b: Escali\n|-activate|p2b: Escali|move: Protect\n|move|p1a: Archaludon|Electro Shot|p2a: Rebento|[from] lockedmove\n|-activate|p2a: Rebento|move: Protect\n|\n|-weather|SunnyDay|[upkeep]\n|-heal|p2a: Rebento|43/100|[from] item: Leftovers\n|upkeep\n|turn|5\n|j| hello368\n|\n|t:|1776344171\n|switch|p2a: Pax|Ninetales-Alola, L50, F|100/100\n|-weather|Snowscape|[from] ability: Snow Warning|[of] p2a: Pax\n|detailschange|p1b: Floette|Floette-Mega, L50, F\n|-mega|p1b: Floette|Floette|Floettite\n|-ability|p1b: Floette|Fairy Aura\n|move|p1b: Floette|Dazzling Gleam|p2b: Escali|[spread] p2a,p2b\n|-resisted|p2b: Escali|1\n|-damage|p2a: Pax|42/100\n|-damage|p2b: Escali|15/100\n|move|p1a: Archaludon|Draco Meteor|p2b: Escali\n|-resisted|p2b: Escali|1\n|-damage|p2b: Escali|0 fnt\n|-unboost|p1a: Archaludon|spa|2\n|faint|p2b: Escali\n|\n|-weather|Snowscape|[upkeep]\n|upkeep\n|n|!ShuraJE|shuraje\n|\n|t:|1776344186\n|switch|p2b: Rebento|Sableye, L50, M, shiny|43/100\n|turn|6\n|\n|t:|1776344195\n|move|p2a: Pax|Aurora Veil|p2a: Pax\n|-sidestart|p2: ShuraJE|move: Aurora Veil\n|move|p1b: Floette|Dazzling Gleam|p2b: Rebento|[spread] p2a,p2b\n|-supereffective|p2b: Rebento|1\n|-damage|p2a: Pax|5/100\n|-damage|p2b: Rebento|0 fnt\n|faint|p2b: Rebento\n|move|p1a: Archaludon|Flash Cannon|p2a: Pax\n|-supereffective|p2a: Pax|2\n|-damage|p2a: Pax|0 fnt\n|faint|p2a: Pax\n|\n|win|Meowscarada2012\n",
  "uploadtime": 1776344183,
  "views": 19,
  "formatid": "gen9championsvgc2026regma",
  "rating": null,
  "private": 0,
  "password": null
}