{
  "id": "gen9championsvgc2026regma-2582329112",
  "format": "[Gen 9 Champions] VGC 2026 Reg M-A",
  "players": [
    "jewnko",
    "porygon-epilepz"
  ],
  "log": "|j|\u2606jewnko\n|j|\u2606porygon-epilepz\n|t:|1776083814\n|gametype|doubles\n|player|p1|jewnko|shauntal|1066\n|player|p2|porygon-epilepz|hiker-gen4|1111\n|gen|9\n|tier|[Gen 9 Champions] VGC 2026 Reg M-A\n|rated|\n|rule|Species Clause: Limit one of each Pok\u00e9mon\n|rule|Item Clause: Limit 1 of each item\n|clearpoke\n|poke|p1|Golurk, L50|\n|poke|p1|Farigiraf, L50, F|\n|poke|p1|Incineroar, L50, M|\n|poke|p1|Hatterene, L50, F|\n|poke|p1|Skarmory, L50, F|\n|poke|p1|Decidueye-Hisui, L50, F|\n|poke|p2|Kommo-o, L50, F|\n|poke|p2|Incineroar, L50, F|\n|poke|p2|Glimmora, L50, F|\n|poke|p2|Sinistcha, L50|\n|poke|p2|Talonflame, L50, M|\n|poke|p2|Orthworm, L50, F|\n|teampreview|4\n|inactive|Battle timer is ON: inactive players will automatically lose when time's up. (requested by jewnko)\njewnko rejected open team sheets.\n|inactive|jewnko has 60 seconds left.\n|\n|t:|1776083870\n|teamsize|p1|4\n|teamsize|p2|4\n|start\n|switch|p1a: Farigiraf|Farigiraf, L50, F|100/100\n|switch|p1b: Incineroar|Incineroar, L50, M|100/100\n|switch|p2a: Glimmora|Glimmora, L50, F|100/100\n|switch|p2b: Kommo-o|Kommo-o, L50, F|100/100\n|-ability|p1b: Incineroar|Intimidate|boost\n|-unboost|p2a: Glimmora|atk|1\n|-unboost|p2b: Kommo-o|atk|1\n|turn|1\n|inactive|porygon-epilepz has 30 seconds left.\n|\n|t:|1776083898\n|move|p2a: Glimmora|Spiky Shield|p2a: Glimmora\n|-singleturn|p2a: Glimmora|move: Protect\n|move|p1b: Incineroar|Fake Out|p2a: Glimmora\n|-activate|p2a: Glimmora|move: Protect\n|-damage|p1b: Incineroar|88/100|[from] Spiky Shield|[of] p2a: Glimmora\n|move|p2b: Kommo-o|Aura Sphere|p1b: Incineroar\n|-supereffective|p1b: Incineroar|1\n|-damage|p1b: Incineroar|13/100\n|move|p1a: Farigiraf|Trick Room|p1a: Farigiraf\n|-fieldstart|move: Trick Room|[of] p1a: Farigiraf\n|\n|upkeep\n|turn|2\n|\n|t:|1776083909\n|switch|p2b: Sinistcha|Sinistcha, L50|100/100\n|switch|p2a: Incineroar|Incineroar, L50, F|100/100\n|-ability|p2a: Incineroar|Intimidate|boost\n|-unboost|p1a: Farigiraf|atk|1\n|-unboost|p1b: Incineroar|atk|1\n|move|p1a: Farigiraf|Dazzling Gleam|p2a: Incineroar|[spread] p2a,p2b\n|-damage|p2a: Incineroar|83/100\n|-damage|p2b: Sinistcha|80/100\n|move|p1b: Incineroar|Parting Shot|p2a: Incineroar\n|-unboost|p2a: Incineroar|atk|1\n|-unboost|p2a: Incineroar|spa|1\n|\n|t:|1776083921\n|switch|p1b: Golurk|Golurk, L50|100/100|[from] Parting Shot\n|\n|upkeep\n|turn|3\n|inactive|jewnko has 30 seconds left.\n|inactive|jewnko has 20 seconds left.\n|\n|t:|1776083960\n|detailschange|p1b: Golurk|Golurk-Mega, L50\n|-mega|p1b: Golurk|Golurk|Golurkite\n|move|p1a: Farigiraf|Helping Hand|p1b: Golurk\n|-singleturn|p1b: Golurk|Helping Hand|[of] p1a: Farigiraf\n|move|p1b: Golurk|Ice Punch|p2b: Sinistcha\n|-supereffective|p2b: Sinistcha|1\n|-crit|p2b: Sinistcha\n|-damage|p2b: Sinistcha|0 fnt\n|faint|p2b: Sinistcha\n|move|p2a: Incineroar|Throat Chop|p1a: Farigiraf\n|-supereffective|p1a: Farigiraf|1\n|-damage|p1a: Farigiraf|53/100\n|-start|p1a: Farigiraf|Throat Chop|[silent]\n|\n|upkeep\n|\n|t:|1776083975\n|switch|p2b: Kommo-o|Kommo-o, L50, F|100/100\n|turn|4\n|\n|t:|1776084000\n|move|p1b: Golurk|Headlong Rush|p2a: Incineroar\n|-supereffective|p2a: Incineroar|1\n|-enditem|p2a: Incineroar|Shuca Berry|[eat]\n|-enditem|p2a: Incineroar|Shuca Berry|[weaken]\n|-damage|p2a: Incineroar|25/100\n|-unboost|p1b: Golurk|def|1\n|-unboost|p1b: Golurk|spd|1\n|move|p1a: Farigiraf|Dazzling Gleam|p2a: Incineroar|[spread] p2a,p2b\n|-supereffective|p2b: Kommo-o|2\n|-damage|p2a: Incineroar|6/100\n|-damage|p2b: Kommo-o|16/100\n|move|p2a: Incineroar|Parting Shot|p1b: Golurk\n|-unboost|p1b: Golurk|atk|1\n|-unboost|p1b: Golurk|spa|1\n|\n|t:|1776084008\n|switch|p2a: Glimmora|Glimmora, L50, F|100/100|[from] Parting Shot\n|move|p2b: Kommo-o|Clangorous Soul||[still]\n|-fail|p2b: Kommo-o\n|\n|-heal|p2b: Kommo-o|23/100|[from] item: Leftovers\n|-end|p1a: Farigiraf|Throat Chop|[silent]\n|upkeep\n|turn|5\n|\n|t:|1776084014\n|switch|p1b: Incineroar|Incineroar, L50, M|13/100\n|-ability|p1b: Incineroar|Intimidate|boost\n|-unboost|p2a: Glimmora|atk|1\n|-unboost|p2b: Kommo-o|atk|1\n|move|p2b: Kommo-o|Protect|p2b: Kommo-o\n|-singleturn|p2b: Kommo-o|Protect\n|move|p2a: Glimmora|Spiky Shield|p2a: Glimmora\n|-singleturn|p2a: Glimmora|move: Protect\n|move|p1a: Farigiraf|Dazzling Gleam|p2b: Kommo-o|[spread] \n|-activate|p2a: Glimmora|move: Protect\n|-activate|p2b: Kommo-o|move: Protect\n|\n|-heal|p2b: Kommo-o|29/100|[from] item: Leftovers\n|-fieldend|move: Trick Room\n|upkeep\n|turn|6\n|inactive|jewnko has 30 seconds left.\n|inactive|porygon-epilepz has 30 seconds left.\n|\n|t:|1776084043\n|detailschange|p2a: Glimmora|Glimmora-Mega, L50, F\n|-mega|p2a: Glimmora|Glimmora|Glimmoranite\n|move|p2a: Glimmora|Sludge Bomb|p1a: Farigiraf\n|-damage|p1a: Farigiraf|0 fnt\n|faint|p1a: Farigiraf\n|move|p2b: Kommo-o|Clanging Scales|p1b: Incineroar\n|-damage|p1b: Incineroar|0 fnt\n|faint|p1b: Incineroar\n|-unboost|p2b: Kommo-o|def|1\n|\n|-heal|p2b: Kommo-o|35/100|[from] item: Leftovers\n|upkeep\n|\n|t:|1776084050\n|switch|p1b: Golurk|Golurk-Mega, L50|100/100\n|switch|p1a: Decidueye|Decidueye-Hisui, L50, F|100/100\n|turn|7\n|\n|t:|1776084061\n|switch|p2b: Incineroar|Incineroar, L50, F|6/100\n|-ability|p2b: Incineroar|Intimidate|boost\n|-fail|p1a: Decidueye|unboost|Attack|[from] ability: Scrappy|[of] p1a: Decidueye\n|-unboost|p1b: Golurk|atk|1\n|move|p2a: Glimmora|Spiky Shield|p2a: Glimmora\n|-singleturn|p2a: Glimmora|move: Protect\n|move|p1a: Decidueye|Triple Arrows|p2b: Incineroar\n|-supereffective|p2b: Incineroar|1\n|-damage|p2b: Incineroar|0 fnt\n|faint|p2b: Incineroar\n|move|p1b: Golurk|Headlong Rush|p2a: Glimmora\n|-supereffective|p2a: Glimmora|2\n|-ability|p1b: Golurk|Unseen Fist\n|-zbroken|p2a: Glimmora\n|-damage|p2a: Glimmora|40/100\n|-unboost|p1b: Golurk|def|1\n|-unboost|p1b: Golurk|spd|1\n|\n|upkeep\n|\n|t:|1776084074\n|switch|p2b: Kommo-o|Kommo-o, L50, F|35/100\n|turn|8\n|\n|t:|1776084087\n|move|p1b: Golurk|Protect|p1b: Golurk\n|-singleturn|p1b: Golurk|Protect\n|move|p2a: Glimmora|Sludge Bomb|p1a: Decidueye\n|-supereffective|p1a: Decidueye|1\n|-damage|p1a: Decidueye|0 fnt\n|faint|p1a: Decidueye\n|move|p2b: Kommo-o|Clanging Scales|p1b: Golurk\n|-activate|p1b: Golurk|move: Protect\n|\n|-heal|p2b: Kommo-o|41/100|[from] item: Leftovers\n|upkeep\n|turn|9\n|\n|t:|1776084100\n|move|p2a: Glimmora|Power Gem|p1b: Golurk\n|-resisted|p1b: Golurk|1\n|-damage|p1b: Golurk|50/100\n|move|p2b: Kommo-o|Clangorous Soul|p2b: Kommo-o\n|-boost|p2b: Kommo-o|atk|1\n|-boost|p2b: Kommo-o|def|1\n|-boost|p2b: Kommo-o|spa|1\n|-boost|p2b: Kommo-o|spd|1\n|-boost|p2b: Kommo-o|spe|1\n|-damage|p2b: Kommo-o|8/100\n|move|p1b: Golurk|Headlong Rush|p2a: Glimmora\n|-supereffective|p2a: Glimmora|2\n|-damage|p2a: Glimmora|0 fnt\n|-unboost|p1b: Golurk|def|1\n|-unboost|p1b: Golurk|spd|1\n|faint|p2a: Glimmora\n|\n|-heal|p2b: Kommo-o|15/100|[from] item: Leftovers\n|upkeep\n|turn|10\n|\n|t:|1776084121\n|move|p2b: Kommo-o|Clanging Scales|p1b: Golurk\n|-damage|p1b: Golurk|0 fnt\n|faint|p1b: Golurk\n|\n|win|porygon-epilepz\n|raw|jewnko's rating: 1066 &rarr; <strong>1049</strong><br />(-17 for losing)\n|raw|porygon-epilepz's rating: 1111 &rarr; <strong>1133</strong><br />(+22 for winning)\n",
  "uploadtime": 1776083817,
  "views": 11,
  "formatid": "gen9championsvgc2026regma",
  "rating": 1049,
  "private": 0,
  "password": null
}