{
  "id": "gen9championsvgc2026regma-2589427631",
  "format": "[Gen 9 Champions] VGC 2026 Reg M-A",
  "players": [
    "lg1g",
    "vnunesp12"
  ],
  "log": "|j|\u2606lg1g\n|j|\u2606vnunesp12\n|t:|1776722070\n|gametype|doubles\n|player|p1|lg1g|caitlin|1174\n|player|p2|vnunesp12|red|1180\n|gen|9\n|tier|[Gen 9 Champions] VGC 2026 Reg M-A\n|rated|\n|rule|Species Clause: Limit one of each Pok\u00e9mon\n|rule|Item Clause: Limit 1 of each item\n|clearpoke\n|poke|p1|Pelipper, L50, F|\n|poke|p1|Dragonite, L50, F|\n|poke|p1|Archaludon, L50, M|\n|poke|p1|Whimsicott, L50, M|\n|poke|p1|Basculegion, L50, M|\n|poke|p1|Sneasler, L50, M|\n|poke|p2|Froslass, L50, F|\n|poke|p2|Sneasler, L50, M|\n|poke|p2|Kingambit, L50, F|\n|poke|p2|Garchomp, L50, F|\n|poke|p2|Talonflame, L50, M|\n|poke|p2|Primarina, L50, F|\n|teampreview|4\n|inactive|Battle timer is ON: inactive players will automatically lose when time's up. (requested by vnunesp12)\n|\n|t:|1776722099\n|teamsize|p1|4\n|teamsize|p2|4\n|start\n|switch|p1a: Pelipper|Pelipper, L50, F|100/100\n|switch|p1b: Dragonite|Dragonite, L50, F|100/100\n|switch|p2a: Pulga|Sneasler, L50, M|100/100\n|switch|p2b: Everaldo|Froslass, L50, F|100/100\n|-weather|RainDance|[from] ability: Drizzle|[of] p1a: Pelipper\n|turn|1\n|\n|t:|1776722121\n|switch|p1a: Basculegion|Basculegion, L50, M|100/100\n|detailschange|p2b: Everaldo|Froslass-Mega, L50, F\n|-mega|p2b: Everaldo|Froslass|Froslassite\n|-weather|Snowscape|[from] ability: Snow Warning|[of] p2b: Everaldo\n|detailschange|p1b: Dragonite|Dragonite-Mega, L50, F\n|-mega|p1b: Dragonite|Dragonite|Dragoninite\n|move|p2a: Pulga|Fake Out|p1b: Dragonite\n|-damage|p1b: Dragonite|94/100\n|move|p2b: Everaldo|Blizzard|p1a: Basculegion|[spread] p1a,p1b\n|-resisted|p1a: Basculegion|1\n|-supereffective|p1b: Dragonite|2\n|-damage|p1a: Basculegion|75/100\n|-damage|p1b: Dragonite|0 fnt\n|faint|p1b: Dragonite\n|\n|-weather|Snowscape|[upkeep]\n|upkeep\n|\n|t:|1776722136\n|switch|p1b: Pelipper|Pelipper, L50, F|100/100\n|-weather|RainDance|[from] ability: Drizzle|[of] p1b: Pelipper\n|turn|2\n|\n|t:|1776722160\n|switch|p2b: Erick|Kingambit, L50, F|100/100\n|switch|p2a: Sanabria|Primarina, L50, F|100/100\n|move|p1a: Basculegion|Wave Crash|p2b: Erick\n|-damage|p2b: Erick|13/100\n|-damage|p1a: Basculegion|44/100|[from] Recoil\n|move|p1b: Pelipper|Tailwind|p1b: Pelipper\n|-sidestart|p1: lg1g|move: Tailwind\n|\n|-weather|RainDance|[upkeep]\n|upkeep\n|turn|3\n|\n|t:|1776722184\n|move|p1a: Basculegion|Aqua Jet|p2b: Erick\n|-damage|p2b: Erick|0 fnt\n|faint|p2b: Erick\n|move|p1b: Pelipper|Hurricane|p2a: Sanabria\n|-damage|p2a: Sanabria|68/100\n|move|p2a: Sanabria|Calm Mind|p2a: Sanabria\n|-boost|p2a: Sanabria|spa|1\n|-boost|p2a: Sanabria|spd|1\n|\n|-weather|RainDance|[upkeep]\n|-heal|p2a: Sanabria|74/100|[from] item: Leftovers\n|upkeep\n|\n|t:|1776722200\n|switch|p2b: Pulga|Sneasler, L50, M|100/100\n|turn|4\n|\n|t:|1776722223\n|move|p2b: Pulga|Fake Out|p1b: Pelipper\n|-damage|p1b: Pelipper|86/100\n|move|p1a: Basculegion|Aqua Jet|p2b: Pulga\n|-damage|p2b: Pulga|30/100\n|cant|p1b: Pelipper|flinch\n|move|p2a: Sanabria|Moonblast|p1a: Basculegion\n|-damage|p1a: Basculegion|0 fnt\n|faint|p1a: Basculegion\n|\n|-weather|RainDance|[upkeep]\n|-heal|p2a: Sanabria|80/100|[from] item: Leftovers\n|upkeep\n|\n|t:|1776722235\n|switch|p1a: Sneasler|Sneasler, L50, M|100/100\n|turn|5\n|\n|t:|1776722251\n|switch|p2a: Everaldo|Froslass-Mega, L50, F|100/100\n|-weather|Snowscape|[from] ability: Snow Warning|[of] p2a: Everaldo\n|move|p2b: Pulga|Protect|p2b: Pulga\n|-singleturn|p2b: Pulga|Protect\n|move|p1a: Sneasler|Fake Out|p2b: Pulga\n|-activate|p2b: Pulga|move: Protect\n|move|p1b: Pelipper|Hurricane|p2b: Pulga\n|-activate|p2b: Pulga|move: Protect\n|\n|-weather|Snowscape|[upkeep]\n|-sideend|p1: lg1g|move: Tailwind\n|upkeep\n|turn|6\n|inactive|lg1g has 30 seconds left.\n|\n|t:|1776722282\n|move|p2b: Pulga|Close Combat|p1a: Sneasler\n|-resisted|p1a: Sneasler|1\n|-damage|p1a: Sneasler|50/100\n|-unboost|p2b: Pulga|def|1\n|-unboost|p2b: Pulga|spd|1\n|-enditem|p2b: Pulga|White Herb\n|-clearnegativeboost|p2b: Pulga|[silent]\n|move|p2a: Everaldo|Blizzard|p1a: Sneasler|[spread] p1a,p1b\n|-damage|p1a: Sneasler|0 fnt\n|-damage|p1b: Pelipper|41/100\n|-enditem|p1b: Pelipper|Sitrus Berry|[eat]\n|-heal|p1b: Pelipper|65/100|[from] item: Sitrus Berry\n|faint|p1a: Sneasler\n|move|p1b: Pelipper|Weather Ball|p2b: Pulga\n|-damage|p2b: Pulga|0 fnt\n|faint|p2b: Pulga\n|\n|-weather|Snowscape|[upkeep]\n|upkeep\n|\n|t:|1776722300\n|switch|p2b: Sanabria|Primarina, L50, F|80/100\n|turn|7\n|inactive|lg1g has 30 seconds left.\n|inactive|lg1g has 20 seconds left.\n|inactive|lg1g has 15 seconds left.\n|inactive|lg1g has 10 seconds left.\n|inactive|lg1g has 5 seconds left.\n|\n|t:|1776722355\n|move|p2a: Everaldo|Taunt|p1b: Pelipper\n|-start|p1b: Pelipper|move: Taunt\n|move|p1b: Pelipper|Hurricane|p2b: Sanabria\n|-damage|p2b: Sanabria|46/100\n|move|p2b: Sanabria|Calm Mind|p2b: Sanabria\n|-boost|p2b: Sanabria|spa|1\n|-boost|p2b: Sanabria|spd|1\n|\n|-weather|Snowscape|[upkeep]\n|-heal|p2b: Sanabria|52/100|[from] item: Leftovers\n|upkeep\n|turn|8\n|l|\u2606lg1g\n|inactive|lg1g disconnected and has a minute to reconnect!\n|player|p1|\n|inactive|lg1g has 30 seconds left.\n|inactive|lg1g has 20 seconds left.\n|inactive|lg1g has 15 seconds left.\n|inactive|lg1g has 10 seconds left.\n|inactive|lg1g has 5 seconds left.\n|-message|lg1g lost due to inactivity.\n|\n|win|vnunesp12\n|raw|lg1g's rating: 1174 &rarr; <strong>1149</strong><br />(-25 for losing)\n|raw|vnunesp12's rating: 1180 &rarr; <strong>1205</strong><br />(+25 for winning)\n",
  "uploadtime": 1776722442,
  "views": 10,
  "formatid": "gen9championsvgc2026regma",
  "rating": 1149,
  "private": 0,
  "password": null
}