{
  "id": "gen9championsvgc2026regma-2582494749",
  "format": "[Gen 9 Champions] VGC 2026 Reg M-A",
  "players": [
    "Pomf2",
    "thealex610"
  ],
  "log": "|j|\u2606Pomf2\n|j|\u2606thealex610\n|t:|1776095304\n|gametype|doubles\n|player|p1|Pomf2|169|1177\n|player|p2|thealex610|265|1170\n|gen|9\n|tier|[Gen 9 Champions] VGC 2026 Reg M-A\n|rated|\n|rule|Species Clause: Limit one of each Pok\u00e9mon\n|rule|Item Clause: Limit 1 of each item\n|clearpoke\n|poke|p1|Meganium, L50, F|\n|poke|p1|Talonflame, L50, M|\n|poke|p1|Tauros-Paldea-Aqua, L50, M|\n|poke|p1|Goodra-Hisui, L50, M|\n|poke|p1|Farigiraf, L50, M|\n|poke|p1|Tyranitar, L50, F|\n|poke|p2|Sneasler, L50, M|\n|poke|p2|Talonflame, L50, F|\n|poke|p2|Milotic, L50, F|\n|poke|p2|Aegislash, L50, F|\n|poke|p2|Scizor, L50, F|\n|poke|p2|Tyranitar, L50, F|\n|teampreview|4\nPomf2 has agreed to open team sheets.\n|inactive|Battle timer is ON: inactive players will automatically lose when time's up. (requested by thealex610)\n|\n|t:|1776095370\n|teamsize|p1|4\n|teamsize|p2|4\n|start\n|switch|p1a: Meganium|Meganium, L50, F|100/100\n|switch|p1b: Talonflame|Talonflame, L50, M|100/100\n|switch|p2a: Tyranitar|Tyranitar, L50, F|100/100\n|switch|p2b: Milotic|Milotic, L50, F|100/100\n|-weather|Sandstorm|[from] ability: Sand Stream|[of] p2a: Tyranitar\n|turn|1\n|inactive|Pomf2 has 30 seconds left.\n|\n|t:|1776095402\n|detailschange|p1a: Meganium|Meganium-Mega, L50, F\n|-mega|p1a: Meganium|Meganium|Meganiumite\n|move|p1b: Talonflame|Tailwind|p1b: Talonflame\n|-sidestart|p1: Pomf2|move: Tailwind\n|move|p1a: Meganium|Dazzling Gleam|p2a: Tyranitar|[spread] p2a,p2b\n|-supereffective|p2a: Tyranitar|1\n|-damage|p2a: Tyranitar|24/100\n|-damage|p2b: Milotic|66/100\n|move|p2b: Milotic|Icy Wind|p1a: Meganium|[spread] p1a,p1b\n|-supereffective|p1a: Meganium|1\n|-damage|p1a: Meganium|81/100\n|-damage|p1b: Talonflame|81/100\n|-unboost|p1a: Meganium|spe|1\n|-unboost|p1b: Talonflame|spe|1\n|move|p2a: Tyranitar|Rock Slide|p1a: Meganium|[spread] p1a,p1b\n|-supereffective|p1b: Talonflame|2\n|-damage|p1a: Meganium|55/100\n|-damage|p1b: Talonflame|0 fnt\n|faint|p1b: Talonflame\n|\n|-weather|Sandstorm|[upkeep]\n|-damage|p2b: Milotic|60/100|[from] Sandstorm\n|-damage|p1a: Meganium|49/100|[from] Sandstorm\n|upkeep\n|\n|t:|1776095425\n|switch|p1b: Goodra|Goodra-Hisui, L50, M|100/100\n|turn|2\n|\n|t:|1776095437\n|move|p1b: Goodra|Thunderbolt|p2b: Milotic\n|-supereffective|p2b: Milotic|1\n|-damage|p2b: Milotic|2/100\n|move|p2b: Milotic|Icy Wind|p1b: Goodra|[spread] p1a,p1b\n|-supereffective|p1a: Meganium|1\n|-damage|p1a: Meganium|30/100\n|-damage|p1b: Goodra|92/100\n|-unboost|p1a: Meganium|spe|1\n|-unboost|p1b: Goodra|spe|1\n|move|p1a: Meganium|Dazzling Gleam|p2b: Milotic|[spread] p2a,p2b\n|-supereffective|p2a: Tyranitar|1\n|-damage|p2a: Tyranitar|0 fnt\n|-damage|p2b: Milotic|0 fnt\n|faint|p2a: Tyranitar\n|faint|p2b: Milotic\n|\n|-weather|Sandstorm|[upkeep]\n|-damage|p1a: Meganium|24/100|[from] Sandstorm\n|-heal|p1b: Goodra|98/100|[from] item: Leftovers\n|upkeep\n|\n|t:|1776095455\n|switch|p2b: Aegislash|Aegislash, L50, F|100/100\n|switch|p2a: Scizor|Scizor, L50, F, shiny|100/100\n|turn|3\n|\n|t:|1776095470\n|switch|p1a: Tauros|Tauros-Paldea-Aqua, L50, M|100/100\n|-ability|p1a: Tauros|Intimidate|boost\n|-unboost|p2a: Scizor|atk|1\n|-unboost|p2b: Aegislash|atk|1\n|detailschange|p2a: Scizor|Scizor-Mega, L50, F, shiny\n|-mega|p2a: Scizor|Scizor|Scizorite\n|move|p2a: Scizor|Swords Dance|p2a: Scizor\n|-boost|p2a: Scizor|atk|2\n|move|p1b: Goodra|Thunderbolt|p2a: Scizor\n|-damage|p2a: Scizor|67/100\n|-formechange|p2b: Aegislash|Aegislash-Blade|\n|move|p2b: Aegislash|Sacred Sword|p1b: Goodra\n|-supereffective|p1b: Goodra|1\n|-crit|p1b: Goodra\n|-damage|p1b: Goodra|3/100\n|-ability|p1b: Goodra|Gooey\n|-unboost|p2b: Aegislash|spe|1\n|\n|-weather|Sandstorm|[upkeep]\n|-damage|p1a: Tauros|95/100|[from] Sandstorm\n|-heal|p1b: Goodra|9/100|[from] item: Leftovers\n|upkeep\n|turn|4\n|inactive|Pomf2 has 30 seconds left.\n|inactive|thealex610 has 30 seconds left.\n|inactive|Pomf2 has 20 seconds left.\n|inactive|thealex610 has 20 seconds left.\n|inactive|Pomf2 has 15 seconds left.\n|inactive|Pomf2 has 10 seconds left.\n|inactive|thealex610 has 15 seconds left.\n|\n|t:|1776095519\n|move|p2a: Scizor|Bullet Punch|p1b: Goodra\n|-resisted|p1b: Goodra|1\n|-damage|p1b: Goodra|0 fnt\n|-ability|p1b: Goodra|Gooey\n|-unboost|p2a: Scizor|spe|1\n|faint|p1b: Goodra\n|move|p1a: Tauros|Wave Crash|p2a: Scizor\n|-damage|p2a: Scizor|13/100\n|-damage|p1a: Tauros|77/100|[from] Recoil\n|move|p2b: Aegislash|Sacred Sword|p1a: Tauros\n|-damage|p1a: Tauros|55/100\n|\n|-weather|Sandstorm|[upkeep]\n|-damage|p1a: Tauros|49/100|[from] Sandstorm\n|-sideend|p1: Pomf2|move: Tailwind\n|upkeep\n|\n|t:|1776095533\n|switch|p1b: Meganium|Meganium-Mega, L50, F|24/100\n|turn|5\n|inactive|thealex610 has 30 seconds left.\n|\n|t:|1776095564\n|move|p1b: Meganium|Protect|p1b: Meganium\n|-singleturn|p1b: Meganium|Protect\n|move|p2a: Scizor|Protect|p2a: Scizor\n|-singleturn|p2a: Scizor|Protect\n|move|p2b: Aegislash|Shadow Sneak|p1b: Meganium\n|-activate|p1b: Meganium|move: Protect\n|move|p1a: Tauros|Wave Crash|p2a: Scizor\n|-activate|p2a: Scizor|move: Protect\n|\n|-weather|none\n|upkeep\n|turn|6\n|\n|t:|1776095582\n|move|p1b: Meganium|Protect|p1b: Meganium\n|-singleturn|p1b: Meganium|Protect\n|move|p2a: Scizor|Bullet Punch|p1b: Meganium\n|-activate|p1b: Meganium|move: Protect\n|move|p1a: Tauros|Wave Crash|p2a: Scizor\n|-damage|p2a: Scizor|0 fnt\n|faint|p2a: Scizor\n|-damage|p1a: Tauros|45/100|[from] Recoil\n|move|p2b: Aegislash|Sacred Sword|p1a: Tauros\n|-damage|p1a: Tauros|21/100\n|\n|upkeep\n|turn|7\n|c|\u2606thealex610|dam gg\n|inactive|Pomf2 has 30 seconds left.\n|\n|t:|1776095613\n|move|p2b: Aegislash|Shadow Sneak|p1b: Meganium\n|-damage|p1b: Meganium|12/100\n|move|p1a: Tauros|Wave Crash|p2b: Aegislash\n|-damage|p2b: Aegislash|6/100\n|-damage|p1a: Tauros|0 fnt|[from] Recoil\n|faint|p1a: Tauros\n|move|p1b: Meganium|Weather Ball|p2b: Aegislash\n|-supereffective|p2b: Aegislash|1\n|-damage|p2b: Aegislash|0 fnt\n|faint|p2b: Aegislash\n|\n|win|Pomf2\n|raw|Pomf2's rating: 1177 &rarr; <strong>1201</strong><br />(+24 for winning)\n|raw|thealex610's rating: 1170 &rarr; <strong>1146</strong><br />(-24 for losing)\n|l|\u2606Pomf2\n|player|p1|\n",
  "uploadtime": 1776095639,
  "views": 33,
  "formatid": "gen9championsvgc2026regma",
  "rating": 1146,
  "private": 0,
  "password": null
}