{
  "id": "gen9championsvgc2026regma-2588285226",
  "format": "[Gen 9 Champions] VGC 2026 Reg M-A",
  "players": [
    "HueCicero",
    "spyrolhr"
  ],
  "log": "|j|\u2606HueCicero\n|j|\u2606spyrolhr\n|t:|1776620980\n|gametype|doubles\n|player|p1|HueCicero|265|1182\n|player|p2|spyrolhr|hiker-gen4|1146\n|gen|9\n|tier|[Gen 9 Champions] VGC 2026 Reg M-A\n|rated|\n|rule|Species Clause: Limit one of each Pok\u00e9mon\n|rule|Item Clause: Limit 1 of each item\n|clearpoke\n|poke|p1|Floette-Eternal, L50, F|\n|poke|p1|Talonflame, L50, M|\n|poke|p1|Garchomp, L50, M|\n|poke|p1|Maushold-Four, L50|\n|poke|p1|Basculegion, L50, M|\n|poke|p1|Kingambit, L50, M|\n|poke|p2|Excadrill, L50, F|\n|poke|p2|Tyranitar, L50, F|\n|poke|p2|Corviknight, L50, M|\n|poke|p2|Kommo-o, L50, M|\n|poke|p2|Incineroar, L50, M|\n|poke|p2|Sinistcha, L50|\n|teampreview|4\n|\n|t:|1776621017\n|teamsize|p1|4\n|teamsize|p2|4\n|start\n|switch|p1a: Garchomp|Garchomp, L50, M|100/100\n|switch|p1b: Talonflame|Talonflame, L50, M|100/100\n|switch|p2a: Zilla|Tyranitar, L50, F|100/100\n|switch|p2b: Mole|Excadrill, L50, F|100/100\n|-weather|Sandstorm|[from] ability: Sand Stream|[of] p2a: Zilla\n|turn|1\n|\n|t:|1776621034\n|detailschange|p2a: Zilla|Tyranitar-Mega, L50, F\n|-mega|p2a: Zilla|Tyranitar|Tyranitarite\n|move|p2b: Mole|Protect|p2b: Mole\n|-singleturn|p2b: Mole|Protect\n|move|p1b: Talonflame|Tailwind|p1b: Talonflame\n|-sidestart|p1: HueCicero|move: Tailwind\n|move|p1a: Garchomp|Earthquake|p2a: Zilla|[spread] p2a\n|-activate|p2b: Mole|move: Protect\n|-immune|p1b: Talonflame\n|-supereffective|p2a: Zilla|1\n|-damage|p2a: Zilla|51/100\n|move|p2a: Zilla|Rock Slide|p1b: Talonflame|[spread] p1a,p1b\n|-resisted|p1a: Garchomp|1\n|-supereffective|p1b: Talonflame|2\n|-damage|p1a: Garchomp|83/100\n|-damage|p1b: Talonflame|0 fnt\n|faint|p1b: Talonflame\n|\n|-weather|Sandstorm|[upkeep]\n|upkeep\n|\n|t:|1776621051\n|switch|p1b: Basculegion|Basculegion, L50, M|100/100\n|turn|2\n|\n|t:|1776621079\n|switch|p2a: Black Borb|Corviknight, L50, M|100/100\n|move|p1b: Basculegion|Wave Crash|p2b: Mole\n|-supereffective|p2b: Mole|1\n|-enditem|p2b: Mole|Focus Sash\n|-damage|p2b: Mole|1/100\n|-damage|p1b: Basculegion|69/100|[from] Recoil\n|move|p1a: Garchomp|Earthquake|p2a: Black Borb|[spread] p1b,p2b\n|-immune|p2a: Black Borb\n|-supereffective|p2b: Mole|1\n|-damage|p1b: Basculegion|18/100\n|-damage|p2b: Mole|0 fnt\n|faint|p2b: Mole\n|\n|-weather|Sandstorm|[upkeep]\n|-damage|p1b: Basculegion|12/100|[from] Sandstorm\n|upkeep\n|\n|t:|1776621097\n|switch|p2b: Kiggy|Incineroar, L50, M|100/100\n|-ability|p2b: Kiggy|Intimidate|boost\n|-unboost|p1a: Garchomp|atk|1\n|-unboost|p1b: Basculegion|atk|1\n|turn|3\n|\n|t:|1776621119\n|move|p1b: Basculegion|Wave Crash|p2b: Kiggy\n|-supereffective|p2b: Kiggy|1\n|-enditem|p2b: Kiggy|Passho Berry|[eat]\n|-enditem|p2b: Kiggy|Passho Berry|[weaken]\n|-damage|p2b: Kiggy|56/100\n|-damage|p1b: Basculegion|0 fnt|[from] Recoil\n|faint|p1b: Basculegion\n|move|p1a: Garchomp|Rock Slide|p2b: Kiggy|[spread] p2a\n|-miss|p1a: Garchomp|p2b: Kiggy\n|-damage|p2a: Black Borb|92/100\n|move|p2a: Black Borb|Tailwind|p2a: Black Borb\n|-sidestart|p2: spyrolhr|move: Tailwind\n|move|p2b: Kiggy|Throat Chop|p1a: Garchomp\n|-damage|p1a: Garchomp|47/100\n|-start|p1a: Garchomp|Throat Chop|[silent]\n|-damage|p2b: Kiggy|44/100|[from] ability: Rough Skin|[of] p1a: Garchomp\n|-enditem|p1a: Garchomp|Sitrus Berry|[eat]\n|-heal|p1a: Garchomp|72/100|[from] item: Sitrus Berry\n|\n|-weather|Sandstorm|[upkeep]\n|-damage|p2b: Kiggy|38/100|[from] Sandstorm\n|-heal|p2a: Black Borb|98/100|[from] item: Leftovers\n|upkeep\n|\n|t:|1776621139\n|switch|p1b: Floette|Floette-Eternal, L50, F|100/100\n|turn|4\n|\n|t:|1776621174\n|detailschange|p1b: Floette|Floette-Mega, L50, F\n|-mega|p1b: Floette|Floette|Floettite\n|-ability|p1b: Floette|Fairy Aura\n|move|p1b: Floette|Calm Mind|p1b: Floette\n|-boost|p1b: Floette|spa|1\n|-boost|p1b: Floette|spd|1\n|move|p1a: Garchomp|Rock Slide|p2b: Kiggy|[spread] p2a\n|-miss|p1a: Garchomp|p2b: Kiggy\n|-damage|p2a: Black Borb|89/100\n|move|p2a: Black Borb|Brave Bird|p1b: Floette\n|-damage|p1b: Floette|54/100\n|-damage|p2a: Black Borb|78/100|[from] Recoil\n|move|p2b: Kiggy|Flare Blitz|p1a: Garchomp\n|-resisted|p1a: Garchomp|1\n|-damage|p1a: Garchomp|44/100\n|-damage|p2b: Kiggy|25/100|[from] ability: Rough Skin|[of] p1a: Garchomp\n|-damage|p2b: Kiggy|16/100|[from] Recoil\n|\n|-weather|Sandstorm|[upkeep]\n|-damage|p1b: Floette|48/100|[from] Sandstorm\n|-damage|p2b: Kiggy|10/100|[from] Sandstorm\n|-heal|p2a: Black Borb|83/100|[from] item: Leftovers\n|-end|p1a: Garchomp|Throat Chop|[silent]\n|-sideend|p1: HueCicero|move: Tailwind\n|upkeep\n|turn|5\n|\n|t:|1776621217\n|move|p2a: Black Borb|Brave Bird|p1b: Floette\n|-damage|p1b: Floette|0 fnt\n|faint|p1b: Floette\n|-damage|p2a: Black Borb|72/100|[from] Recoil\n|move|p2b: Kiggy|Flare Blitz|p1a: Garchomp\n|-resisted|p1a: Garchomp|1\n|-damage|p1a: Garchomp|16/100\n|-damage|p2b: Kiggy|0 fnt|[from] ability: Rough Skin|[of] p1a: Garchomp\n|faint|p2b: Kiggy\n|move|p1a: Garchomp|Rock Slide|p2a: Black Borb\n|-damage|p2a: Black Borb|61/100\n|\n|-weather|none\n|-heal|p2a: Black Borb|67/100|[from] item: Leftovers\n|upkeep\n|\n|t:|1776621231\n|switch|p2b: Zilla|Tyranitar-Mega, L50, F|51/100\n|-weather|Sandstorm|[from] ability: Sand Stream|[of] p2b: Zilla\n|turn|6\n|-message|HueCicero forfeited.\n|\n|win|spyrolhr\n|raw|HueCicero's rating: 1182 &rarr; <strong>1154</strong><br />(-28 for losing)\n|raw|spyrolhr's rating: 1146 &rarr; <strong>1174</strong><br />(+28 for winning)\n|l|\u2606HueCicero\n|player|p1|\n",
  "uploadtime": 1776621247,
  "views": 15,
  "formatid": "gen9championsvgc2026regma",
  "rating": 1154,
  "private": 0,
  "password": null
}