{
  "id": "gen9championsvgc2026regma-2588241682",
  "format": "[Gen 9 Champions] VGC 2026 Reg M-A",
  "players": [
    "ax fx px",
    "sdlt 2krl coolguy"
  ],
  "log": "|raw|<div class=\"broadcast-blue\"><strong>This battle is required to be public due to a player having a name starting with 'sdlt'.</div>\n|j|\u2606ax fx px\n|j|\u2606sdlt 2krl coolguy\n|t:|1776617348\n|gametype|doubles\n|player|p1|ax fx px|pokefan-gen4|1337\n|player|p2|sdlt 2krl coolguy|leon-masters2|1316\n|gen|9\n|tier|[Gen 9 Champions] VGC 2026 Reg M-A\n|rated|\n|rule|Species Clause: Limit one of each Pok\u00e9mon\n|rule|Item Clause: Limit 1 of each item\n|clearpoke\n|poke|p1|Oranguru, L50, F|\n|poke|p1|Torkoal, L50, F|\n|poke|p1|Gallade, L50, M, shiny|\n|poke|p1|Golurk, L50|\n|poke|p1|Vivillon-Polar, L50, F, shiny|\n|poke|p1|Kingambit, L50, F|\n|poke|p2|Floette-Eternal, L50, F|\n|poke|p2|Incineroar, L50, F|\n|poke|p2|Sinistcha, L50|\n|poke|p2|Garchomp, L50, M|\n|poke|p2|Sneasler, L50, F|\n|poke|p2|Kingambit, L50, F|\n|teampreview|4\n|inactive|Battle timer is ON: inactive players will automatically lose when time's up. (requested by sdlt 2krl coolguy)\n|inactive|ax fx px has 60 seconds left.\n|\n|t:|1776617380\n|teamsize|p1|4\n|teamsize|p2|4\n|start\n|switch|p1a: Oranguru|Oranguru, L50, F|100/100\n|switch|p1b: Gallade|Gallade, L50, M, shiny|100/100\n|switch|p2a: Incineroar|Incineroar, L50, F|100/100\n|switch|p2b: Kingambit|Kingambit, L50, F|100/100\n|-ability|p2a: Incineroar|Intimidate|boost\n|-fail|p1a: Oranguru|unboost|Attack|[from] ability: Inner Focus|[of] p1a: Oranguru\n|-unboost|p1b: Gallade|atk|1\n|-enditem|p1b: Gallade|White Herb\n|-clearnegativeboost|p1b: Gallade|[silent]\n|turn|1\n|\n|t:|1776617394\n|move|p2a: Incineroar|Fake Out|p1b: Gallade\n|-damage|p1b: Gallade|84/100\n|cant|p1b: Gallade|flinch\n|move|p2b: Kingambit|Kowtow Cleave|p1a: Oranguru\n|-supereffective|p1a: Oranguru|1\n|-enditem|p1a: Oranguru|Colbur Berry|[eat]\n|-enditem|p1a: Oranguru|Colbur Berry|[weaken]\n|-damage|p1a: Oranguru|59/100\n|move|p1a: Oranguru|Trick Room|p1a: Oranguru\n|-fieldstart|move: Trick Room|[of] p1a: Oranguru\n|\n|upkeep\n|turn|2\n|\n|t:|1776617411\n|move|p2b: Kingambit|Kowtow Cleave|p1a: Oranguru\n|-supereffective|p1a: Oranguru|1\n|-damage|p1a: Oranguru|0 fnt\n|faint|p1a: Oranguru\n|move|p2a: Incineroar|Flare Blitz|p1b: Gallade\n|-damage|p1b: Gallade|12/100\n|-damage|p2a: Incineroar|80/100|[from] Recoil\n|move|p1b: Gallade|Sacred Sword|p2a: Incineroar\n|-supereffective|p2a: Incineroar|1\n|-enditem|p2a: Incineroar|Chople Berry|[eat]\n|-enditem|p2a: Incineroar|Chople Berry|[weaken]\n|-damage|p2a: Incineroar|26/100\n|\n|upkeep\n|\n|t:|1776617424\n|switch|p1a: Torkoal|Torkoal, L50, F|100/100\n|-weather|SunnyDay|[from] ability: Drought|[of] p1a: Torkoal\n|turn|3\n|\n|t:|1776617430\n|switch|p1b: Golurk|Golurk, L50|100/100\n|move|p2b: Kingambit|Sucker Punch|p1a: Torkoal\n|-damage|p1a: Torkoal|65/100\n|move|p1a: Torkoal|Eruption|p2b: Kingambit|[spread] p2a,p2b\n|-resisted|p2a: Incineroar|1\n|-supereffective|p2b: Kingambit|1\n|-damage|p2a: Incineroar|0 fnt\n|-damage|p2b: Kingambit|0 fnt\n|faint|p2a: Incineroar\n|faint|p2b: Kingambit\n|\n|-weather|SunnyDay|[upkeep]\n|upkeep\n|\n|t:|1776617440\n|switch|p2b: Floette|Floette-Eternal, L50, F|100/100\n|switch|p2a: Garchomp|Garchomp, L50, M|100/100\n|turn|4\n|\n|t:|1776617450\n|detailschange|p1b: Golurk|Golurk-Mega, L50\n|-mega|p1b: Golurk|Golurk|Golurkite\n|detailschange|p2b: Floette|Floette-Mega, L50, F\n|-mega|p2b: Floette|Floette|Floettite\n|-ability|p2b: Floette|Fairy Aura\n|move|p1a: Torkoal|Eruption|p2b: Floette|[spread] p2a,p2b\n|-resisted|p2a: Garchomp|1\n|-damage|p2a: Garchomp|69/100\n|-damage|p2b: Floette|64/100\n|move|p1b: Golurk|Ice Punch|p2a: Garchomp\n|-supereffective|p2a: Garchomp|2\n|-damage|p2a: Garchomp|0 fnt\n|-damage|p1b: Golurk|88/100|[from] ability: Rough Skin|[of] p2a: Garchomp\n|faint|p2a: Garchomp\n|move|p2b: Floette|Moonblast|p1b: Golurk\n|-damage|p1b: Golurk|19/100\n|\n|-weather|SunnyDay|[upkeep]\n|upkeep\n|turn|5\n|inactive|ax fx px has 30 seconds left.\n|\n|t:|1776617480\n|move|p2b: Floette|Protect|p2b: Floette\n|-singleturn|p2b: Floette|Protect\n|move|p1a: Torkoal|Weather Ball|p2b: Floette\n|-activate|p2b: Floette|move: Protect\n|move|p1b: Golurk|Poltergeist|p2b: Floette\n|-activate|p2b: Floette|move: Protect\n|\n|-weather|SunnyDay|[upkeep]\n|-fieldend|move: Trick Room\n|upkeep\n|turn|6\n|\n|t:|1776617494\n|move|p1b: Golurk|Protect|p1b: Golurk\n|-singleturn|p1b: Golurk|Protect\n|move|p2b: Floette|Dazzling Gleam|p1a: Torkoal|[spread] p1a\n|-activate|p1b: Golurk|move: Protect\n|-resisted|p1a: Torkoal|1\n|-damage|p1a: Torkoal|33/100\n|move|p1a: Torkoal|Weather Ball|p2b: Floette\n|-damage|p2b: Floette|11/100\n|\n|-weather|SunnyDay|[upkeep]\n|upkeep\n|turn|7\n|\n|t:|1776617512\n|move|p2b: Floette|Dazzling Gleam|p1b: Golurk|[spread] p1a,p1b\n|-resisted|p1a: Torkoal|1\n|-damage|p1a: Torkoal|2/100\n|-damage|p1b: Golurk|0 fnt\n|faint|p1b: Golurk\n|move|p1a: Torkoal|Weather Ball|p2b: Floette\n|-damage|p2b: Floette|0 fnt\n|faint|p2b: Floette\n|\n|win|ax fx px\n|raw|ax fx px's rating: 1337 &rarr; <strong>1356</strong><br />(+19 for winning)\n|raw|sdlt 2krl coolguy's rating: 1316 &rarr; <strong>1297</strong><br />(-19 for losing)\n",
  "uploadtime": 1776617512,
  "views": 11,
  "formatid": "gen9championsvgc2026regma",
  "rating": 1297,
  "private": 0,
  "password": null
}