{
  "id": "gen9championsvgc2026regma-2587625728",
  "format": "[Gen 9 Champions] VGC 2026 Reg M-A",
  "players": [
    "FallenTurtlle",
    "RionthLion"
  ],
  "log": "|j|\u2606FallenTurtlle\n|j|\u2606RionthLion\n|t:|1776548118\n|gametype|doubles\n|player|p1|FallenTurtlle|serena|1226\n|player|p2|RionthLion|2|1190\n|gen|9\n|tier|[Gen 9 Champions] VGC 2026 Reg M-A\n|rated|\n|rule|Species Clause: Limit one of each Pok\u00e9mon\n|rule|Item Clause: Limit 1 of each item\n|clearpoke\n|poke|p1|Mamoswine, L50, M|\n|poke|p1|Aerodactyl, L50, F|\n|poke|p1|Incineroar, L50, F|\n|poke|p1|Meganium, L50, F, shiny|\n|poke|p1|Pelipper, L50, F|\n|poke|p1|Heliolisk, L50, F, shiny|\n|poke|p2|Archaludon, L50, M|\n|poke|p2|Sinistcha, L50|\n|poke|p2|Tyranitar, L50, M|\n|poke|p2|Excadrill, L50, M|\n|poke|p2|Tauros-Paldea-Aqua, L50, M|\n|poke|p2|Armarouge, L50, M|\n|teampreview|4\n|\n|t:|1776548150\n|teamsize|p1|4\n|teamsize|p2|4\n|start\n|switch|p1a: Aerodactyl|Aerodactyl, L50, F|100/100\n|switch|p1b: Mamoswine|Mamoswine, L50, M|100/100\n|switch|p2a: Tyranitar|Tyranitar, L50, M|100/100\n|switch|p2b: Excadrill|Excadrill, L50, M|100/100\n|-ability|p1a: Aerodactyl|Unnerve\n|-weather|Sandstorm|[from] ability: Sand Stream|[of] p2a: Tyranitar\n|turn|1\n|\n|t:|1776548180\n|detailschange|p2a: Tyranitar|Tyranitar-Mega, L50, M\n|-mega|p2a: Tyranitar|Tyranitar|Tyranitarite\n|move|p1b: Mamoswine|Protect|p1b: Mamoswine\n|-singleturn|p1b: Mamoswine|Protect\n|move|p2b: Excadrill|Rock Slide|p1b: Mamoswine|[spread] p1a\n|-activate|p1b: Mamoswine|move: Protect\n|-supereffective|p1a: Aerodactyl|1\n|-crit|p1a: Aerodactyl\n|-enditem|p1a: Aerodactyl|Focus Sash\n|-damage|p1a: Aerodactyl|1/100\n|move|p1a: Aerodactyl|Tailwind|p1a: Aerodactyl\n|-sidestart|p1: FallenTurtlle|move: Tailwind\n|move|p2a: Tyranitar|Rock Slide|p1a: Aerodactyl|[spread] p1a\n|-activate|p1b: Mamoswine|move: Protect\n|-supereffective|p1a: Aerodactyl|1\n|-damage|p1a: Aerodactyl|0 fnt\n|faint|p1a: Aerodactyl\n|\n|-weather|Sandstorm|[upkeep]\n|upkeep\n|\n|t:|1776548193\n|switch|p1a: Pelipper|Pelipper, L50, F|100/100\n|-weather|RainDance|[from] ability: Drizzle|[of] p1a: Pelipper\n|turn|2\n|\n|t:|1776548214\n|switch|p2a: Archaludon|Archaludon, L50, M|100/100\n|move|p2b: Excadrill|Protect|p2b: Excadrill\n|-singleturn|p2b: Excadrill|Protect\n|move|p1b: Mamoswine|Earthquake|p2b: Excadrill|[spread] p2a\n|-activate|p2b: Excadrill|move: Protect\n|-immune|p1a: Pelipper\n|-supereffective|p2a: Archaludon|1\n|-damage|p2a: Archaludon|37/100\n|-ability|p2a: Archaludon|Stamina|boost\n|-boost|p2a: Archaludon|def|1\n|move|p1a: Pelipper|Hurricane|p2a: Archaludon\n|-resisted|p2a: Archaludon|1\n|-damage|p2a: Archaludon|10/100\n|-ability|p2a: Archaludon|Stamina|boost\n|-boost|p2a: Archaludon|def|1\n|\n|-weather|RainDance|[upkeep]\n|-heal|p2a: Archaludon|16/100|[from] item: Leftovers\n|upkeep\n|turn|3\n|\n|t:|1776548238\n|switch|p1a: Incineroar|Incineroar, L50, F|100/100\n|-ability|p1a: Incineroar|Intimidate|boost\n|-unboost|p2a: Archaludon|atk|1\n|-unboost|p2b: Excadrill|atk|1\n|switch|p2a: Tyranitar|Tyranitar-Mega, L50, M|100/100\n|-weather|Sandstorm|[from] ability: Sand Stream|[of] p2a: Tyranitar\n|move|p2b: Excadrill|Iron Head|p1b: Mamoswine\n|-supereffective|p1b: Mamoswine|1\n|-damage|p1b: Mamoswine|43/100\n|move|p1b: Mamoswine|Icicle Crash|p2a: Tyranitar\n|-damage|p2a: Tyranitar|63/100\n|\n|-weather|Sandstorm|[upkeep]\n|-damage|p1a: Incineroar|95/100|[from] Sandstorm\n|-heal|p1a: Incineroar|100/100|[from] item: Leftovers\n|upkeep\n|turn|4\n|\n|t:|1776548263\n|switch|p1a: Pelipper|Pelipper, L50, F|100/100\n|-weather|RainDance|[from] ability: Drizzle|[of] p1a: Pelipper\n|move|p2a: Tyranitar|Protect|p2a: Tyranitar\n|-singleturn|p2a: Tyranitar|Protect\n|move|p1b: Mamoswine|Earthquake|p2a: Tyranitar|[spread] p2b\n|-activate|p2a: Tyranitar|move: Protect\n|-immune|p1a: Pelipper\n|-supereffective|p2b: Excadrill|1\n|-enditem|p2b: Excadrill|Focus Sash\n|-damage|p2b: Excadrill|1/100\n|move|p2b: Excadrill|Iron Head|p1b: Mamoswine\n|-supereffective|p1b: Mamoswine|1\n|-damage|p1b: Mamoswine|0 fnt\n|faint|p1b: Mamoswine\n|\n|-weather|RainDance|[upkeep]\n|-sideend|p1: FallenTurtlle|move: Tailwind\n|upkeep\n|\n|t:|1776548270\n|switch|p1b: Incineroar|Incineroar, L50, F|100/100\n|-ability|p1b: Incineroar|Intimidate|boost\n|-unboost|p2a: Tyranitar|atk|1\n|-unboost|p2b: Excadrill|atk|1\n|turn|5\n|\n|t:|1776548296\n|switch|p2b: Sinistcha|Sinistcha, L50|100/100\n|-heal|p2a: Tyranitar|87/100|[from] ability: Hospitality|[of] p2b: Sinistcha\n|switch|p2a: Archaludon|Archaludon, L50, M|16/100\n|move|p1b: Incineroar|Fake Out|p2a: Archaludon\n|-resisted|p2a: Archaludon|1\n|-damage|p2a: Archaludon|12/100\n|-ability|p2a: Archaludon|Stamina|boost\n|-boost|p2a: Archaludon|def|1\n|move|p1a: Pelipper|Tailwind|p1a: Pelipper\n|-sidestart|p1: FallenTurtlle|move: Tailwind\n|\n|-weather|RainDance|[upkeep]\n|-heal|p2a: Archaludon|18/100|[from] item: Leftovers\n|upkeep\n|turn|6\n|\n|t:|1776548317\n|move|p2a: Archaludon|Protect|p2a: Archaludon\n|-singleturn|p2a: Archaludon|Protect\n|move|p2b: Sinistcha|Protect|p2b: Sinistcha\n|-singleturn|p2b: Sinistcha|Protect\n|move|p1a: Pelipper|Hurricane|p2b: Sinistcha\n|-activate|p2b: Sinistcha|move: Protect\n|move|p1b: Incineroar|Snarl|p2b: Sinistcha|[spread] \n|-activate|p2a: Archaludon|move: Protect\n|-activate|p2b: Sinistcha|move: Protect\n|\n|-weather|RainDance|[upkeep]\n|-heal|p2a: Archaludon|24/100|[from] item: Leftovers\n|upkeep\n|turn|7\n|\n|t:|1776548341\n|switch|p2a: Tyranitar|Tyranitar-Mega, L50, M|87/100\n|-weather|Sandstorm|[from] ability: Sand Stream|[of] p2a: Tyranitar\n|move|p1b: Incineroar|Snarl|p2b: Sinistcha|[spread] p2a,p2b\n|-resisted|p2a: Tyranitar|1\n|-supereffective|p2b: Sinistcha|1\n|-damage|p2a: Tyranitar|85/100\n|-damage|p2b: Sinistcha|73/100\n|-unboost|p2a: Tyranitar|spa|1\n|-unboost|p2b: Sinistcha|spa|1\n|move|p1a: Pelipper|Hurricane|p2b: Sinistcha\n|-supereffective|p2b: Sinistcha|1\n|-damage|p2b: Sinistcha|0 fnt\n|faint|p2b: Sinistcha\n|\n|-weather|Sandstorm|[upkeep]\n|-damage|p1b: Incineroar|95/100|[from] Sandstorm\n|-damage|p1a: Pelipper|95/100|[from] Sandstorm\n|-heal|p1b: Incineroar|100/100|[from] item: Leftovers\n|upkeep\n|\n|t:|1776548361\n|switch|p2b: Excadrill|Excadrill, L50, M|1/100\n|turn|8\n|\n|t:|1776548370\n|move|p2b: Excadrill|Protect|p2b: Excadrill\n|-singleturn|p2b: Excadrill|Protect\n|move|p2a: Tyranitar|Protect|p2a: Tyranitar\n|-singleturn|p2a: Tyranitar|Protect\n|move|p1a: Pelipper|Wide Guard|p1a: Pelipper\n|-singleturn|p1a: Pelipper|Wide Guard\n|move|p1b: Incineroar|Snarl|p2b: Excadrill|[spread] \n|-activate|p2a: Tyranitar|move: Protect\n|-activate|p2b: Excadrill|move: Protect\n|\n|-weather|Sandstorm|[upkeep]\n|-damage|p1a: Pelipper|89/100|[from] Sandstorm\n|-damage|p1b: Incineroar|95/100|[from] Sandstorm\n|-heal|p1b: Incineroar|100/100|[from] item: Leftovers\n|-sideend|p1: FallenTurtlle|move: Tailwind\n|upkeep\n|turn|9\n|\n|t:|1776548395\n|move|p1a: Pelipper|Wide Guard|p1a: Pelipper\n|-singleturn|p1a: Pelipper|Wide Guard\n|move|p2b: Excadrill|Iron Head|p1a: Pelipper\n|-resisted|p1a: Pelipper|1\n|-damage|p1a: Pelipper|67/100\n|move|p2a: Tyranitar|Superpower|p1b: Incineroar\n|-supereffective|p1b: Incineroar|1\n|-damage|p1b: Incineroar|12/100\n|-unboost|p2a: Tyranitar|atk|1\n|-unboost|p2a: Tyranitar|def|1\n|move|p1b: Incineroar|Snarl|p2a: Tyranitar|[spread] p2a,p2b\n|-resisted|p2a: Tyranitar|1\n|-damage|p2a: Tyranitar|82/100\n|-damage|p2b: Excadrill|0 fnt\n|-unboost|p2a: Tyranitar|spa|1\n|faint|p2b: Excadrill\n|\n|-weather|Sandstorm|[upkeep]\n|-damage|p1a: Pelipper|61/100|[from] Sandstorm\n|-damage|p1b: Incineroar|6/100|[from] Sandstorm\n|-heal|p1b: Incineroar|12/100|[from] item: Leftovers\n|upkeep\n|\n|t:|1776548415\n|switch|p2b: Archaludon|Archaludon, L50, M|24/100\n|turn|10\n|\n|t:|1776548436\n|move|p2b: Archaludon|Protect|p2b: Archaludon\n|-singleturn|p2b: Archaludon|Protect\n|move|p2a: Tyranitar|Protect|p2a: Tyranitar\n|-singleturn|p2a: Tyranitar|Protect\n|move|p1b: Incineroar|Flare Blitz|p2b: Archaludon\n|-activate|p2b: Archaludon|move: Protect\n|move|p1a: Pelipper|Tailwind|p1a: Pelipper\n|-sidestart|p1: FallenTurtlle|move: Tailwind\n|\n|-weather|Sandstorm|[upkeep]\n|-damage|p1b: Incineroar|6/100|[from] Sandstorm\n|-damage|p1a: Pelipper|56/100|[from] Sandstorm\n|-heal|p1b: Incineroar|12/100|[from] item: Leftovers\n|-heal|p2b: Archaludon|30/100|[from] item: Leftovers\n|upkeep\n|turn|11\n|\n|t:|1776548458\n|move|p1a: Pelipper|Weather Ball|p2a: Tyranitar\n|-damage|p2a: Tyranitar|68/100\n|move|p1b: Incineroar|Flare Blitz|p2b: Archaludon\n|-damage|p2b: Archaludon|0 fnt\n|faint|p2b: Archaludon\n|-damage|p1b: Incineroar|3/100|[from] Recoil\n|move|p2a: Tyranitar|Crunch|p1a: Pelipper\n|-crit|p1a: Pelipper\n|-damage|p1a: Pelipper|0 fnt\n|faint|p1a: Pelipper\n|\n|-weather|none\n|-heal|p1b: Incineroar|9/100|[from] item: Leftovers\n|upkeep\n|turn|12\n|c|\u2606FallenTurtlle|gg\n|\n|t:|1776548478\n|move|p1b: Incineroar|Flare Blitz|p2a: Tyranitar\n|-resisted|p2a: Tyranitar|1\n|-damage|p2a: Tyranitar|44/100\n|-damage|p1b: Incineroar|1/100|[from] Recoil\n|move|p2a: Tyranitar|Crunch|p1b: Incineroar\n|-resisted|p1b: Incineroar|1\n|-damage|p1b: Incineroar|0 fnt\n|faint|p1b: Incineroar\n|\n|win|RionthLion\n|raw|FallenTurtlle's rating: 1226 &rarr; <strong>1198</strong><br />(-28 for losing)\n|raw|RionthLion's rating: 1190 &rarr; <strong>1218</strong><br />(+28 for winning)\n",
  "uploadtime": 1776548478,
  "views": 10,
  "formatid": "gen9championsvgc2026regma",
  "rating": 1198,
  "private": 0,
  "password": null
}