{
  "id": "gen9championsvgc2026regma-2583836825",
  "format": "[Gen 9 Champions] VGC 2026 Reg M-A",
  "players": [
    "BesameGuapo",
    "N11ru"
  ],
  "log": "|j|\u2606BesameGuapo\n|j|\u2606N11ru\n|t:|1776201541\n|gametype|doubles\n|player|p1|BesameGuapo|266|1125\n|player|p2|N11ru|170|1135\n|gen|9\n|tier|[Gen 9 Champions] VGC 2026 Reg M-A\n|rated|\n|rule|Species Clause: Limit one of each Pok\u00e9mon\n|rule|Item Clause: Limit 1 of each item\n|clearpoke\n|poke|p1|Greninja-*, L50, M|\n|poke|p1|Ninetales-Alola, L50, F|\n|poke|p1|Farigiraf, L50, M|\n|poke|p1|Torkoal, L50, F|\n|poke|p1|Kingambit, L50, F|\n|poke|p1|Meowscarada, L50, M|\n|poke|p2|Chandelure, L50, M|\n|poke|p2|Floette-Eternal, L50, F|\n|poke|p2|Whimsicott, L50, F|\n|poke|p2|Incineroar, L50, M|\n|poke|p2|Kingambit, L50, F|\n|poke|p2|Raichu, L50, M|\n|teampreview|4\n|inactive|Battle timer is ON: inactive players will automatically lose when time's up. (requested by N11ru)\n|\n|t:|1776201573\n|teamsize|p1|4\n|teamsize|p2|4\n|start\n|switch|p1a: Farigiraf|Farigiraf, L50, M|100/100\n|switch|p1b: Greninja|Greninja, L50, M, shiny|100/100\n|switch|p2a: Neroro|Incineroar, L50, M, shiny|100/100\n|switch|p2b: Kingaga|Kingambit, L50, F|100/100\n|-ability|p2a: Neroro|Intimidate|boost\n|-unboost|p1a: Farigiraf|atk|1\n|-unboost|p1b: Greninja|atk|1\n|turn|1\n|\n|t:|1776201589\n|move|p1a: Farigiraf|Helping Hand|p1b: Greninja\n|-singleturn|p1b: Greninja|Helping Hand|[of] p1a: Farigiraf\n|move|p1b: Greninja|Low Kick|p2b: Kingaga\n|-start|p1b: Greninja|typechange|Fighting|[from] ability: Protean\n|-supereffective|p2b: Kingaga|2\n|-damage|p2b: Kingaga|12/100\n|-enditem|p2b: Kingaga|Sitrus Berry|[eat]\n|-heal|p2b: Kingaga|36/100|[from] item: Sitrus Berry\n|move|p2a: Neroro|Darkest Lariat|p1a: Farigiraf\n|-supereffective|p1a: Farigiraf|1\n|-damage|p1a: Farigiraf|37/100\n|-enditem|p1a: Farigiraf|Sitrus Berry|[eat]\n|-heal|p1a: Farigiraf|62/100|[from] item: Sitrus Berry\n|move|p2b: Kingaga|Kowtow Cleave|p1a: Farigiraf\n|-supereffective|p1a: Farigiraf|1\n|-damage|p1a: Farigiraf|0 fnt\n|faint|p1a: Farigiraf\n|\n|upkeep\n|\n|t:|1776201607\n|switch|p1a: Ninetales|Ninetales-Alola, L50, F, shiny|100/100\n|-weather|Snowscape|[from] ability: Snow Warning|[of] p1a: Ninetales\n|turn|2\n|\n|t:|1776201618\n|switch|p2b: Acachu|Raichu, L50, M|100/100\n|detailschange|p1b: Greninja|Greninja-Mega, L50, M, shiny\n|-mega|p1b: Greninja|Greninja|Greninjite\n|move|p1b: Greninja|Blizzard|p2b: Acachu|[spread] p2a,p2b\n|-start|p1b: Greninja|typechange|Ice|[from] ability: Protean\n|-resisted|p2a: Neroro|1\n|-crit|p2a: Neroro\n|-damage|p2a: Neroro|69/100\n|-damage|p2b: Acachu|27/100\n|move|p1a: Ninetales|Aurora Veil|p1a: Ninetales\n|-sidestart|p1: BesameGuapo|move: Aurora Veil\n|move|p2a: Neroro|Parting Shot|p1a: Ninetales\n|-unboost|p1a: Ninetales|atk|1\n|-unboost|p1a: Ninetales|spa|1\n|\n|t:|1776201633\n|switch|p2a: Kingaga|Kingambit, L50, F|36/100|[from] Parting Shot\n|\n|-weather|Snowscape|[upkeep]\n|upkeep\n|turn|3\n|\n|t:|1776201644\n|switch|p1b: Kingambit|Kingambit, L50, F|100/100\n|move|p1a: Ninetales|Protect|p1a: Ninetales\n|-singleturn|p1a: Ninetales|Protect\n|move|p2b: Acachu|Fake Out|p1b: Kingambit\n|-resisted|p1b: Kingambit|1\n|-damage|p1b: Kingambit|98/100\n|move|p2a: Kingaga|Iron Head|p1a: Ninetales\n|-activate|p1a: Ninetales|move: Protect\n|\n|-weather|Snowscape|[upkeep]\n|upkeep\n|turn|4\n|inactive|BesameGuapo has 30 seconds left.\n|\n|t:|1776201671\n|switch|p2a: Neroro|Incineroar, L50, M, shiny|69/100\n|-ability|p2a: Neroro|Intimidate|boost\n|-unboost|p1a: Ninetales|atk|1\n|-unboost|p1b: Kingambit|atk|1\n|-ability|p1b: Kingambit|Defiant|boost\n|-boost|p1b: Kingambit|atk|2\n|move|p2b: Acachu|Nuzzle|p1a: Ninetales\n|-damage|p1a: Ninetales|95/100\n|-status|p1a: Ninetales|par\n|move|p1a: Ninetales|Blizzard|p2a: Neroro|[spread] p2a,p2b\n|-resisted|p2a: Neroro|1\n|-damage|p2a: Neroro|56/100\n|-damage|p2b: Acachu|0 fnt\n|faint|p2b: Acachu\n|move|p1b: Kingambit|Kowtow Cleave|p2a: Neroro\n|-resisted|p2a: Neroro|1\n|-damage|p2a: Neroro|12/100\n|\n|-weather|Snowscape|[upkeep]\n|upkeep\n|\n|t:|1776201685\n|switch|p2b: Ettette|Floette-Eternal, L50, F|100/100\n|turn|5\n|\n|t:|1776201693\n|detailschange|p2b: Ettette|Floette-Mega, L50, F\n|-mega|p2b: Ettette|Floette|Floettite\n|-ability|p2b: Ettette|Fairy Aura\n|move|p2a: Neroro|Fake Out|p1b: Kingambit\n|-resisted|p1b: Kingambit|1\n|-damage|p1b: Kingambit|95/100\n|move|p2b: Ettette|Calm Mind|p2b: Ettette\n|-boost|p2b: Ettette|spa|1\n|-boost|p2b: Ettette|spd|1\n|move|p1a: Ninetales|Moonblast|p2a: Neroro\n|-damage|p2a: Neroro|0 fnt\n|faint|p2a: Neroro\n|cant|p1b: Kingambit|flinch\n|\n|-weather|Snowscape|[upkeep]\n|upkeep\n|\n|t:|1776201704\n|switch|p2a: Kingaga|Kingambit, L50, F|36/100\n|turn|6\n|\n|t:|1776201711\n|move|p2b: Ettette|Draining Kiss|p1b: Kingambit\n|-damage|p1b: Kingambit|55/100\n|cant|p1a: Ninetales|par\n|move|p1b: Kingambit|Iron Head|p2b: Ettette\n|-supereffective|p2b: Ettette|1\n|-crit|p2b: Ettette\n|-damage|p2b: Ettette|0 fnt\n|faint|p2b: Ettette\n|move|p2a: Kingaga|Iron Head|p1a: Ninetales\n|-supereffective|p1a: Ninetales|2\n|-damage|p1a: Ninetales|0 fnt\n|faint|p1a: Ninetales\n|\n|-weather|none\n|-sideend|p1: BesameGuapo|move: Aurora Veil\n|upkeep\n|-message|N11ru forfeited.\n|\n|win|BesameGuapo\n|raw|BesameGuapo's rating: 1125 &rarr; <strong>1151</strong><br />(+26 for winning)\n|raw|N11ru's rating: 1135 &rarr; <strong>1109</strong><br />(-26 for losing)\n|l|\u2606N11ru\n|player|p2|\n|c|\u2606BesameGuapo|gg\n",
  "uploadtime": 1776202259,
  "views": 17,
  "formatid": "gen9championsvgc2026regma",
  "rating": 1109,
  "private": 0,
  "password": null
}