{
  "id": "gen9championsvgc2026regma-2582447831",
  "format": "[Gen 9 Champions] VGC 2026 Reg M-A",
  "players": [
    "Morfelli",
    "NVBlackLotus"
  ],
  "log": "|j|\u2606Morfelli\n|j|\u2606NVBlackLotus\n|t:|1776092317\n|gametype|doubles\n|player|p1|Morfelli|pokefan-gen4|1064\n|player|p2|NVBlackLotus|170|1030\n|gen|9\n|tier|[Gen 9 Champions] VGC 2026 Reg M-A\n|rated|\n|rule|Species Clause: Limit one of each Pok\u00e9mon\n|rule|Item Clause: Limit 1 of each item\n|clearpoke\n|poke|p1|Tyranitar, L50, M|\n|poke|p1|Garchomp, L50, F|\n|poke|p1|Clefable, L50, F|\n|poke|p1|Excadrill, L50, F|\n|poke|p1|Glimmora, L50, M|\n|poke|p1|Aerodactyl, L50, F|\n|poke|p2|Gengar, L50, F|\n|poke|p2|Whimsicott, L50, M|\n|poke|p2|Kommo-o, L50, M|\n|poke|p2|Incineroar, L50, F|\n|poke|p2|Meganium, L50, F|\n|poke|p2|Basculegion, L50, M|\n|teampreview|4\n|inactive|Battle timer is ON: inactive players will automatically lose when time's up. (requested by Morfelli)\n|\n|t:|1776092342\n|teamsize|p1|4\n|teamsize|p2|4\n|start\n|switch|p1a: Tyranitar|Tyranitar, L50, M|100/100\n|switch|p1b: Excadrill|Excadrill, L50, F|100/100\n|switch|p2a: Incineroar|Incineroar, L50, F, shiny|100/100\n|switch|p2b: Meganium|Meganium, L50, F|100/100\n|-ability|p2a: Incineroar|Intimidate|boost\n|-unboost|p1a: Tyranitar|atk|1\n|-unboost|p1b: Excadrill|atk|1\n|-weather|Sandstorm|[from] ability: Sand Stream|[of] p1a: Tyranitar\n|turn|1\n|\n|t:|1776092359\n|detailschange|p2b: Meganium|Meganium-Mega, L50, F\n|-mega|p2b: Meganium|Meganium|Meganiumite\n|move|p2a: Incineroar|Fake Out|p1b: Excadrill\n|-resisted|p1b: Excadrill|1\n|-damage|p1b: Excadrill|94/100\n|cant|p1b: Excadrill|flinch\n|move|p2b: Meganium|Solar Beam||[still]\n|-prepare|p2b: Meganium|Solar Beam\n|-activate|p2b: Meganium|ability: Mega Sol\n|-anim|p2b: Meganium|Solar Beam|p1a: Tyranitar\n|-supereffective|p1a: Tyranitar|1\n|-damage|p1a: Tyranitar|15/100\n|move|p1a: Tyranitar|Blizzard|p2a: Incineroar|[spread] p2a,p2b\n|-resisted|p2a: Incineroar|1\n|-supereffective|p2b: Meganium|1\n|-damage|p2a: Incineroar|94/100\n|-damage|p2b: Meganium|78/100\n|-status|p2a: Incineroar|frz\n|\n|-weather|Sandstorm|[upkeep]\n|-damage|p2b: Meganium|72/100|[from] Sandstorm\n|-damage|p2a: Incineroar|88/100 frz|[from] Sandstorm\n|upkeep\n|turn|2\n|inactive|Morfelli has 30 seconds left.\n|inactive|NVBlackLotus has 30 seconds left.\n|inactive|NVBlackLotus has 20 seconds left.\n|\n|t:|1776092396\n|switch|p1b: Aerodactyl|Aerodactyl, L50, F|100/100\n|switch|p2a: Kommo-o|Kommo-o, L50, M|100/100\n|move|p1a: Tyranitar|Protect|p1a: Tyranitar\n|-singleturn|p1a: Tyranitar|Protect\n|move|p2b: Meganium|Dazzling Gleam|p1b: Aerodactyl|[spread] p1b\n|-activate|p1a: Tyranitar|move: Protect\n|-damage|p1b: Aerodactyl|59/100\n|\n|-weather|Sandstorm|[upkeep]\n|-damage|p2a: Kommo-o|94/100|[from] Sandstorm\n|-damage|p2b: Meganium|66/100|[from] Sandstorm\n|-heal|p2a: Kommo-o|100/100|[from] item: Leftovers\n|upkeep\n|turn|3\n|\n|t:|1776092414\n|switch|p2b: Incineroar|Incineroar, L50, F, shiny|88/100 frz\n|-ability|p2b: Incineroar|Intimidate|boost\n|-unboost|p1a: Tyranitar|atk|1\n|-unboost|p1b: Aerodactyl|atk|1\n|detailschange|p1b: Aerodactyl|Aerodactyl-Mega, L50, F\n|-mega|p1b: Aerodactyl|Aerodactyl|Aerodactylite\n|move|p1b: Aerodactyl|Rock Slide|p2a: Kommo-o|[spread] p2a,p2b\n|-resisted|p2a: Kommo-o|1\n|-crit|p2a: Kommo-o\n|-supereffective|p2b: Incineroar|1\n|-damage|p2a: Kommo-o|81/100\n|-damage|p2b: Incineroar|52/100 frz\n|move|p2a: Kommo-o|Iron Defense|p2a: Kommo-o\n|-boost|p2a: Kommo-o|def|2\n|move|p1a: Tyranitar|Rock Slide|p2a: Kommo-o|[spread] p2a,p2b\n|-resisted|p2a: Kommo-o|1\n|-crit|p2a: Kommo-o\n|-supereffective|p2b: Incineroar|1\n|-damage|p2a: Kommo-o|64/100\n|-damage|p2b: Incineroar|28/100 frz\n|-enditem|p2b: Incineroar|Sitrus Berry|[eat]\n|-heal|p2b: Incineroar|52/100 frz|[from] item: Sitrus Berry\n|\n|-weather|Sandstorm|[upkeep]\n|-damage|p2a: Kommo-o|58/100|[from] Sandstorm\n|-damage|p2b: Incineroar|47/100 frz|[from] Sandstorm\n|-heal|p2a: Kommo-o|64/100|[from] item: Leftovers\n|upkeep\n|turn|4\n|inactive|Morfelli has 30 seconds left.\n|inactive|NVBlackLotus has 30 seconds left.\n|\n|t:|1776092442\n|switch|p1a: Garchomp|Garchomp, L50, F|100/100\n|cant|p2b: Incineroar|frz\n|move|p1b: Aerodactyl|Taunt|p2a: Kommo-o\n|-start|p2a: Kommo-o|move: Taunt\n|cant|p2a: Kommo-o|move: Taunt|Iron Defense\n|\n|-weather|Sandstorm|[upkeep]\n|-damage|p2a: Kommo-o|58/100|[from] Sandstorm\n|-damage|p2b: Incineroar|41/100 frz|[from] Sandstorm\n|-heal|p2a: Kommo-o|64/100|[from] item: Leftovers\n|upkeep\n|turn|5\n|\n|t:|1776092461\n|move|p1b: Aerodactyl|Protect|p1b: Aerodactyl\n|-singleturn|p1b: Aerodactyl|Protect\n|cant|p2b: Incineroar|frz\n|move|p1a: Garchomp|Earthquake|p2a: Kommo-o|[spread] p2a,p2b\n|-activate|p1b: Aerodactyl|move: Protect\n|-supereffective|p2b: Incineroar|1\n|-damage|p2a: Kommo-o|48/100\n|-damage|p2b: Incineroar|0 fnt\n|faint|p2b: Incineroar\n|move|p2a: Kommo-o|Flash Cannon|p1b: Aerodactyl\n|-activate|p1b: Aerodactyl|move: Protect\n|\n|-weather|none\n|-heal|p2a: Kommo-o|54/100|[from] item: Leftovers\n|upkeep\n|\n|t:|1776092483\n|switch|p2b: Whimsicott|Whimsicott, L50, M|100/100\n|turn|6\n|\n|t:|1776092501\n|switch|p1a: Tyranitar|Tyranitar, L50, M|15/100\n|-weather|Sandstorm|[from] ability: Sand Stream|[of] p1a: Tyranitar\n|move|p2b: Whimsicott|Encore|p1b: Aerodactyl\n|-start|p1b: Aerodactyl|Encore\n|move|p1b: Aerodactyl|Protect||[still]\n|-fail|p1b: Aerodactyl\n|move|p2a: Kommo-o|Body Press|p1a: Tyranitar\n|-supereffective|p1a: Tyranitar|2\n|-damage|p1a: Tyranitar|0 fnt\n|faint|p1a: Tyranitar\n|\n|-weather|Sandstorm|[upkeep]\n|-damage|p2b: Whimsicott|95/100|[from] Sandstorm\n|-damage|p2a: Kommo-o|48/100|[from] Sandstorm\n|-heal|p2a: Kommo-o|54/100|[from] item: Leftovers\n|-end|p2a: Kommo-o|move: Taunt\n|upkeep\n|\n|t:|1776092511\n|switch|p1a: Garchomp|Garchomp, L50, F|100/100\n|turn|7\n|\n|t:|1776092527\n|move|p1b: Aerodactyl|Protect|p1b: Aerodactyl\n|-singleturn|p1b: Aerodactyl|Protect\n|move|p2b: Whimsicott|Tailwind|p2b: Whimsicott\n|-sidestart|p2: NVBlackLotus|move: Tailwind\n|move|p1a: Garchomp|Outrage|p2a: Kommo-o\n|-supereffective|p2a: Kommo-o|1\n|-damage|p2a: Kommo-o|1/100\n|move|p2a: Kommo-o|Body Press|p1a: Garchomp\n|-damage|p1a: Garchomp|36/100\n|-damage|p2a: Kommo-o|0 fnt|[from] ability: Rough Skin|[of] p1a: Garchomp\n|faint|p2a: Kommo-o\n|\n|-weather|Sandstorm|[upkeep]\n|-damage|p2b: Whimsicott|89/100|[from] Sandstorm\n|upkeep\n|\n|t:|1776092540\n|switch|p2a: Meganium|Meganium-Mega, L50, F|66/100\n|turn|8\n|\n|t:|1776092554\n|move|p1b: Aerodactyl|Protect||[still]\n|-fail|p1b: Aerodactyl\n|move|p2b: Whimsicott|Moonblast|p1a: Garchomp\n|-supereffective|p1a: Garchomp|1\n|-damage|p1a: Garchomp|0 fnt\n|faint|p1a: Garchomp\n|move|p2a: Meganium|Dazzling Gleam|p1b: Aerodactyl\n|-damage|p1b: Aerodactyl|10/100\n|\n|-weather|Sandstorm|[upkeep]\n|-damage|p2b: Whimsicott|83/100|[from] Sandstorm\n|-damage|p2a: Meganium|60/100|[from] Sandstorm\n|-end|p1b: Aerodactyl|Encore\n|upkeep\n|\n|t:|1776092558\n|switch|p1a: Excadrill|Excadrill, L50, F|94/100\n|turn|9\n|\n|t:|1776092576\n|move|p2b: Whimsicott|Encore|p1b: Aerodactyl\n|-start|p1b: Aerodactyl|Encore\n|move|p1b: Aerodactyl|Protect|p1b: Aerodactyl\n|-singleturn|p1b: Aerodactyl|Protect\n|move|p2a: Meganium|Solar Beam||[still]\n|-prepare|p2a: Meganium|Solar Beam\n|-activate|p2a: Meganium|ability: Mega Sol\n|-anim|p2a: Meganium|Solar Beam|p1a: Excadrill\n|-crit|p1a: Excadrill\n|-damage|p1a: Excadrill|0 fnt\n|faint|p1a: Excadrill\n|\n|-weather|Sandstorm|[upkeep]\n|-damage|p2b: Whimsicott|77/100|[from] Sandstorm\n|-damage|p2a: Meganium|55/100|[from] Sandstorm\n|upkeep\n|turn|10\n|c|\u2606Morfelli|holy crit\n|c|\u2606Morfelli|gg\n|\n|t:|1776092597\n|move|p1b: Aerodactyl|Protect|p1b: Aerodactyl\n|-singleturn|p1b: Aerodactyl|Protect\n|move|p2b: Whimsicott|Moonblast|p1b: Aerodactyl\n|-activate|p1b: Aerodactyl|move: Protect\n|move|p2a: Meganium|Solar Beam||[still]\n|-prepare|p2a: Meganium|Solar Beam\n|-activate|p2a: Meganium|ability: Mega Sol\n|-anim|p2a: Meganium|Solar Beam|p1b: Aerodactyl\n|-activate|p1b: Aerodactyl|move: Protect\n|\n|-weather|none\n|-sideend|p2: NVBlackLotus|move: Tailwind\n|upkeep\n|turn|11\n|-message|Morfelli forfeited.\n|\n|win|NVBlackLotus\n|raw|Morfelli's rating: 1064 &rarr; <strong>1042</strong><br />(-22 for losing)\n|raw|NVBlackLotus's rating: 1030 &rarr; <strong>1069</strong><br />(+39 for winning)\n",
  "uploadtime": 1776092601,
  "views": 10,
  "formatid": "gen9championsvgc2026regma",
  "rating": 1042,
  "private": 0,
  "password": null
}