{
  "id": "gen9championsvgc2026regma-2584966986",
  "format": "[Gen 9 Champions] VGC 2026 Reg M-A",
  "players": [
    "MvillMpersonality",
    "adrianpham"
  ],
  "log": "|j|\u2606MvillMpersonality\n|j|\u2606adrianpham\n|t:|1776298977\n|gametype|doubles\n|player|p1|MvillMpersonality|pokemaniac|1361\n|player|p2|adrianpham|twins-gen4dp|1393\n|gen|9\n|tier|[Gen 9 Champions] VGC 2026 Reg M-A\n|rated|\n|rule|Species Clause: Limit one of each Pok\u00e9mon\n|rule|Item Clause: Limit 1 of each item\n|clearpoke\n|poke|p1|Scovillain, L50, F|\n|poke|p1|Sinistcha, L50|\n|poke|p1|Gallade, L50, M|\n|poke|p1|Kingambit, L50, M|\n|poke|p1|Rhyperior, L50, F|\n|poke|p1|Primarina, L50, F|\n|poke|p2|Gengar, L50, M|\n|poke|p2|Incineroar, L50, M|\n|poke|p2|Politoed, L50, F|\n|poke|p2|Basculegion, L50, M|\n|poke|p2|Sinistcha-Masterpiece, L50|\n|poke|p2|Gyarados, L50, F|\n|teampreview|4\n|\n|t:|1776299015\n|teamsize|p1|4\n|teamsize|p2|4\n|start\n|switch|p1a: Sinistcha|Sinistcha, L50|100/100\n|switch|p1b: Kingambit|Kingambit, L50, M|100/100\n|switch|p2a: Gengar|Gengar, L50, M|100/100\n|switch|p2b: Politoed|Politoed, L50, F|100/100\n|-weather|RainDance|[from] ability: Drizzle|[of] p2b: Politoed\n|turn|1\n|\n|t:|1776299030\n|detailschange|p2a: Gengar|Gengar-Mega, L50, M\n|-mega|p2a: Gengar|Gengar|Gengarite\n|move|p2a: Gengar|Protect|p2a: Gengar\n|-singleturn|p2a: Gengar|Protect\n|move|p1a: Sinistcha|Matcha Gotcha|p2a: Gengar|[spread] p2b\n|-activate|p2a: Gengar|move: Protect\n|-supereffective|p2b: Politoed|1\n|-crit|p2b: Politoed\n|-damage|p2b: Politoed|29/100\n|-enditem|p2b: Politoed|Sitrus Berry|[eat]\n|-heal|p2b: Politoed|54/100|[from] item: Sitrus Berry\n|move|p2b: Politoed|Perish Song|p2b: Politoed\n|-start|p1a: Sinistcha|perish3|[silent]\n|-start|p1b: Kingambit|perish3|[silent]\n|-start|p2a: Gengar|perish3|[silent]\n|-start|p2b: Politoed|perish3|[silent]\n|-fieldactivate|move: Perish Song\n|move|p1b: Kingambit|Kowtow Cleave|p2a: Gengar\n|-activate|p2a: Gengar|move: Protect\n|\n|-weather|RainDance|[upkeep]\n|-start|p2a: Gengar|perish3\n|-start|p1a: Sinistcha|perish3\n|-start|p2b: Politoed|perish3\n|-start|p1b: Kingambit|perish3\n|upkeep\n|turn|2\n|\n|t:|1776299075\n|switch|p2b: Sinistcha|Sinistcha-Masterpiece, L50|100/100\n|move|p1b: Kingambit|Sucker Punch||[still]\n|-fail|p1b: Kingambit\n|move|p2a: Gengar|Disable|p1b: Kingambit\n|-start|p1b: Kingambit|Disable|Sucker Punch\n|move|p1a: Sinistcha|Matcha Gotcha|p2a: Gengar|[spread] p2a,p2b\n|-resisted|p2a: Gengar|1\n|-crit|p2a: Gengar\n|-resisted|p2b: Sinistcha|1\n|-damage|p2a: Gengar|75/100\n|-damage|p2b: Sinistcha|86/100\n|-status|p2b: Sinistcha|brn\n|\n|-weather|RainDance|[upkeep]\n|-heal|p2b: Sinistcha|93/100 brn|[from] item: Leftovers\n|-damage|p2b: Sinistcha|86/100 brn|[from] brn\n|-start|p2a: Gengar|perish2\n|-start|p1a: Sinistcha|perish2\n|-start|p1b: Kingambit|perish2\n|upkeep\n|turn|3\n|\n|t:|1776299110\n|switch|p1a: Scovillain|Scovillain, L50, F|100/100\n|move|p2a: Gengar|Protect|p2a: Gengar\n|-singleturn|p2a: Gengar|Protect\n|move|p2b: Sinistcha|Protect|p2b: Sinistcha\n|-singleturn|p2b: Sinistcha|Protect\n|move|p1b: Kingambit|Kowtow Cleave|p2b: Sinistcha\n|-activate|p2b: Sinistcha|move: Protect\n|\n|-weather|RainDance|[upkeep]\n|-heal|p2b: Sinistcha|93/100 brn|[from] item: Leftovers\n|-damage|p2b: Sinistcha|86/100 brn|[from] brn\n|-start|p2a: Gengar|perish1\n|-start|p1b: Kingambit|perish1\n|upkeep\n|turn|4\n|\n|t:|1776299150\n|switch|p2a: Politoed|Politoed, L50, F|54/100\n|detailschange|p1a: Scovillain|Scovillain-Mega, L50, F\n|-mega|p1a: Scovillain|Scovillain|Scovillainite\n|move|p2b: Sinistcha|Rage Powder|p2b: Sinistcha\n|-singleturn|p2b: Sinistcha|move: Rage Powder\n|move|p1a: Scovillain|Leaf Storm|p2a: Politoed\n|-supereffective|p2a: Politoed|1\n|-damage|p2a: Politoed|0 fnt\n|-unboost|p1a: Scovillain|spa|2\n|faint|p2a: Politoed\n|move|p1b: Kingambit|Kowtow Cleave|p2b: Sinistcha\n|-supereffective|p2b: Sinistcha|1\n|-damage|p2b: Sinistcha|0 fnt\n|faint|p2b: Sinistcha\n|\n|-weather|RainDance|[upkeep]\n|-start|p1b: Kingambit|perish0\n|upkeep\n|faint|p1b: Kingambit\n|\n|t:|1776299169\n|switch|p2a: Gengar|Gengar-Mega, L50, M|75/100\n|switch|p2b: Basculegion|Basculegion, L50, M|100/100\n|switch|p1b: Sinistcha|Sinistcha, L50|100/100\n|turn|5\n|\n|t:|1776299191\n|move|p1a: Scovillain|Rage Powder|p1a: Scovillain\n|-singleturn|p1a: Scovillain|move: Rage Powder\n|move|p2b: Basculegion|Last Respects|p1a: Scovillain\n|-damage|p1a: Scovillain|17/100\n|-status|p2b: Basculegion|brn|[from] ability: Spicy Spray|[of] p1a: Scovillain\n|move|p2a: Gengar|Sludge Bomb|p1a: Scovillain\n|-supereffective|p1a: Scovillain|1\n|-damage|p1a: Scovillain|0 fnt\n|-status|p2a: Gengar|brn|[from] ability: Spicy Spray|[of] p1a: Scovillain\n|faint|p1a: Scovillain\n|move|p1b: Sinistcha|Trick Room|p1b: Sinistcha\n|-fieldstart|move: Trick Room|[of] p1b: Sinistcha\n|\n|-weather|none\n|-damage|p2a: Gengar|69/100 brn|[from] brn\n|-damage|p2b: Basculegion|94/100 brn|[from] brn\n|upkeep\n|\n|t:|1776299204\n|switch|p1a: Gallade|Gallade, L50, M|100/100\n|turn|6\n|\n|t:|1776299212\n|move|p1b: Sinistcha|Matcha Gotcha|p2b: Basculegion|[spread] p2a,p2b\n|-resisted|p2a: Gengar|1\n|-supereffective|p2b: Basculegion|1\n|-damage|p2a: Gengar|50/100 brn\n|-damage|p2b: Basculegion|16/100 brn\n|move|p1a: Gallade|Psycho Cut|p2a: Gengar\n|-supereffective|p2a: Gengar|1\n|-damage|p2a: Gengar|0 fnt\n|faint|p2a: Gengar\n|move|p2b: Basculegion|Last Respects|p1a: Gallade\n|-supereffective|p1a: Gallade|1\n|-damage|p1a: Gallade|0 fnt\n|faint|p1a: Gallade\n|\n|-damage|p2b: Basculegion|10/100 brn|[from] brn\n|upkeep\n|turn|7\n|\n|t:|1776299228\n|move|p1b: Sinistcha|Matcha Gotcha|p2b: Basculegion\n|-supereffective|p2b: Basculegion|1\n|-damage|p2b: Basculegion|0 fnt\n|faint|p2b: Basculegion\n|\n|win|MvillMpersonality\n|raw|MvillMpersonality's rating: 1361 &rarr; <strong>1383</strong><br />(+22 for winning)\n|raw|adrianpham's rating: 1393 &rarr; <strong>1371</strong><br />(-22 for losing)\n|l|\u2606adrianpham\n|player|p2|\n",
  "uploadtime": 1776299236,
  "views": 34,
  "formatid": "gen9championsvgc2026regma",
  "rating": 1371,
  "private": 0,
  "password": null
}