{
  "id": "gen9championsvgc2026regma-2588813019",
  "format": "[Gen 9 Champions] VGC 2026 Reg M-A",
  "players": [
    "moskkk",
    "mizutiga"
  ],
  "log": "|j|\u2606moskkk\n|j|\u2606mizutiga\n|t:|1776673989\n|gametype|doubles\n|player|p1|moskkk|roughneck|1085\n|player|p2|mizutiga|266|1097\n|gen|9\n|tier|[Gen 9 Champions] VGC 2026 Reg M-A\n|rated|\n|rule|Species Clause: Limit one of each Pok\u00e9mon\n|rule|Item Clause: Limit 1 of each item\n|clearpoke\n|poke|p1|Gardevoir, L50, F|\n|poke|p1|Maushold-Four, L50|\n|poke|p1|Basculegion, L50, M|\n|poke|p1|Talonflame, L50, F|\n|poke|p1|Kingambit, L50, F|\n|poke|p1|Garchomp, L50, M|\n|poke|p2|Serperior, L50, M, shiny|\n|poke|p2|Incineroar, L50, F|\n|poke|p2|Tauros-Paldea-Aqua, L50, M|\n|poke|p2|Pelipper, L50, M|\n|poke|p2|Dragonite, L50, F|\n|poke|p2|Milotic, L50, F|\n|teampreview|4\n|\n|t:|1776674023\n|teamsize|p1|4\n|teamsize|p2|4\n|start\n|switch|p1a: Maushold|Maushold-Four, L50|100/100\n|switch|p1b: Gardevoir|Gardevoir, L50, F|100/100\n|switch|p2a: Incineroar|Incineroar, L50, F|100/100\n|switch|p2b: Serperior|Serperior, L50, M, shiny|100/100\n|-ability|p2a: Incineroar|Intimidate|boost\n|-unboost|p1a: Maushold|atk|1\n|-unboost|p1b: Gardevoir|atk|1\n|turn|1\n|\n|t:|1776674037\n|move|p2a: Incineroar|Fake Out|p1a: Maushold\n|-damage|p1a: Maushold|87/100\n|cant|p1a: Maushold|flinch\n|move|p2b: Serperior|Leaf Storm|p1b: Gardevoir\n|-damage|p1b: Gardevoir|66/100\n|-boost|p2b: Serperior|spa|2\n|move|p1b: Gardevoir|Trick Room|p1b: Gardevoir\n|-fieldstart|move: Trick Room|[of] p1b: Gardevoir\n|\n|upkeep\n|turn|2\n|\n|t:|1776674061\n|detailschange|p1b: Gardevoir|Gardevoir-Mega, L50, F\n|-mega|p1b: Gardevoir|Gardevoir|Gardevoirite\n|move|p2a: Incineroar|Flare Blitz|p1b: Gardevoir\n|-damage|p1b: Gardevoir|20/100\n|-damage|p2a: Incineroar|88/100|[from] Recoil\n|move|p1b: Gardevoir|Hyper Voice|p2b: Serperior|[spread] p2a,p2b\n|-damage|p2a: Incineroar|51/100\n|-damage|p2b: Serperior|32/100\n|move|p1a: Maushold|Super Fang|p2b: Serperior\n|-damage|p2b: Serperior|16/100\n|move|p2b: Serperior|Leaf Storm|p1a: Maushold\n|-damage|p1a: Maushold|0 fnt\n|-boost|p2b: Serperior|spa|2\n|faint|p1a: Maushold\n|\n|upkeep\n|l|\u2606moskkk\n|player|p1|\n|j|\u2606moskkk\n|player|p1|moskkk|roughneck|\n|\n|t:|1776674078\n|switch|p1a: Kingambit|Kingambit, L50, F|100/100\n|turn|3\n|\n|t:|1776674092\n|move|p1b: Gardevoir|Protect|p1b: Gardevoir\n|-singleturn|p1b: Gardevoir|Protect\n|move|p2b: Serperior|Protect|p2b: Serperior\n|-singleturn|p2b: Serperior|Protect\n|move|p1a: Kingambit|Sucker Punch||[still]\n|-fail|p1a: Kingambit\n|move|p2a: Incineroar|Flare Blitz|p1a: Kingambit\n|-supereffective|p1a: Kingambit|1\n|-damage|p1a: Kingambit|23/100\n|-damage|p2a: Incineroar|26/100|[from] Recoil\n|-enditem|p2a: Incineroar|Sitrus Berry|[eat]\n|-heal|p2a: Incineroar|50/100|[from] item: Sitrus Berry\n|\n|upkeep\n|turn|4\n|\n|t:|1776674118\n|move|p1a: Kingambit|Kowtow Cleave|p2b: Serperior\n|-damage|p2b: Serperior|0 fnt\n|faint|p2b: Serperior\n|move|p2a: Incineroar|Parting Shot|p1a: Kingambit\n|-unboost|p1a: Kingambit|atk|1\n|-ability|p1a: Kingambit|Defiant|boost\n|-boost|p1a: Kingambit|atk|2\n|-unboost|p1a: Kingambit|spa|1\n|-ability|p1a: Kingambit|Defiant|boost\n|-boost|p1a: Kingambit|atk|2\n|\n|t:|1776674127\n|switch|p2a: Tauros|Tauros-Paldea-Aqua, L50, M|100/100|[from] Parting Shot\n|-ability|p2a: Tauros|Intimidate|boost\n|-unboost|p1a: Kingambit|atk|1\n|-ability|p1a: Kingambit|Defiant|boost\n|-boost|p1a: Kingambit|atk|2\n|-unboost|p1b: Gardevoir|atk|1\n|move|p1b: Gardevoir|Hyper Voice|p2a: Tauros\n|-supereffective|p2a: Tauros|1\n|-damage|p2a: Tauros|0 fnt\n|faint|p2a: Tauros\n|\n|upkeep\n|\n|t:|1776674130\n|switch|p2a: Milotic|Milotic, L50, F|100/100\n|switch|p2b: Incineroar|Incineroar, L50, F|50/100\n|-ability|p2b: Incineroar|Intimidate|boost\n|-unboost|p1a: Kingambit|atk|1\n|-ability|p1a: Kingambit|Defiant|boost\n|-boost|p1a: Kingambit|atk|2\n|-unboost|p1b: Gardevoir|atk|1\n|turn|5\n|\n|t:|1776674153\n|move|p2b: Incineroar|Fake Out|p1a: Kingambit\n|-resisted|p1a: Kingambit|1\n|-crit|p1a: Kingambit\n|-damage|p1a: Kingambit|17/100\n|cant|p1a: Kingambit|flinch\n|move|p2a: Milotic|Muddy Water|p1b: Gardevoir|[spread] p1a,p1b\n|-damage|p1a: Kingambit|0 fnt\n|-damage|p1b: Gardevoir|3/100\n|faint|p1a: Kingambit\n|move|p1b: Gardevoir|Hyper Voice|p2a: Milotic|[spread] p2a,p2b\n|-damage|p2a: Milotic|60/100\n|-damage|p2b: Incineroar|11/100\n|\n|-heal|p2a: Milotic|66/100|[from] item: Leftovers\n|-fieldend|move: Trick Room\n|upkeep\n|\n|t:|1776674156\n|switch|p1a: Basculegion|Basculegion, L50, M|100/100\n|turn|6\n|\n|t:|1776674171\n|move|p1b: Gardevoir|Protect|p1b: Gardevoir\n|-singleturn|p1b: Gardevoir|Protect\n|move|p1a: Basculegion|Last Respects|p2a: Milotic\n|-damage|p2a: Milotic|0 fnt\n|faint|p2a: Milotic\n|move|p2b: Incineroar|Darkest Lariat|p1a: Basculegion\n|-supereffective|p1a: Basculegion|1\n|-damage|p1a: Basculegion|24/100\n|-enditem|p1a: Basculegion|Sitrus Berry|[eat]\n|-heal|p1a: Basculegion|48/100|[from] item: Sitrus Berry\n|\n|upkeep\n|turn|7\n|\n|t:|1776674187\n|move|p1a: Basculegion|Aqua Jet|p2b: Incineroar\n|-supereffective|p2b: Incineroar|1\n|-damage|p2b: Incineroar|0 fnt\n|faint|p2b: Incineroar\n|\n|win|moskkk\n|raw|moskkk's rating: 1085 &rarr; <strong>1113</strong><br />(+28 for winning)\n|raw|mizutiga's rating: 1097 &rarr; <strong>1072</strong><br />(-25 for losing)\n|c|\u2606mizutiga|bro that parting shot misplay :(\n",
  "uploadtime": 1776674190,
  "views": 13,
  "formatid": "gen9championsvgc2026regma",
  "rating": 1072,
  "private": 0,
  "password": null
}