{
  "id": "gen9championsvgc2026regma-2585763637",
  "format": "[Gen 9 Champions] VGC 2026 Reg M-A",
  "players": [
    "JimmiBunnie",
    "mac212"
  ],
  "log": "|j|\u2606JimmiBunnie\n|j|\u2606mac212\n|t:|1776368926\n|gametype|doubles\n|player|p1|JimmiBunnie|pokekid|1110\n|player|p2|mac212|101|1084\n|gen|9\n|tier|[Gen 9 Champions] VGC 2026 Reg M-A\n|rated|\n|rule|Species Clause: Limit one of each Pok\u00e9mon\n|rule|Item Clause: Limit 1 of each item\n|clearpoke\n|poke|p1|Lopunny, L50, F|\n|poke|p1|Garchomp, L50, F|\n|poke|p1|Incineroar, L50, F|\n|poke|p1|Rotom-Wash, L50|\n|poke|p1|Whimsicott, L50, M|\n|poke|p1|Milotic, L50, M|\n|poke|p2|Orthworm, L50, M|\n|poke|p2|Basculegion, L50, M|\n|poke|p2|Incineroar, L50, F|\n|poke|p2|Rotom-Frost, L50|\n|poke|p2|Froslass, L50, F|\n|poke|p2|Garchomp, L50, F|\n|teampreview|4\n|\n|t:|1776368978\n|teamsize|p1|4\n|teamsize|p2|4\n|start\n|switch|p1a: Rotom|Rotom-Wash, L50|100/100\n|switch|p1b: Incineroar|Incineroar, L50, F|100/100\n|switch|p2a: Orthworm|Orthworm, L50, M|100/100\n|switch|p2b: Garchomp|Garchomp, L50, F|100/100\n|-ability|p1b: Incineroar|Intimidate|boost\n|-unboost|p2a: Orthworm|atk|1\n|-unboost|p2b: Garchomp|atk|1\n|turn|1\n|\n|t:|1776369004\n|move|p2b: Garchomp|Earthquake|p1b: Incineroar|[spread] p1b\n|-immune|p2a: Orthworm|[from] ability: Earth Eater\n|-immune|p1a: Rotom|[from] ability: Levitate\n|-supereffective|p1b: Incineroar|1\n|-damage|p1b: Incineroar|65/100\n|move|p2a: Orthworm|Body Press|p1b: Incineroar\n|-supereffective|p1b: Incineroar|1\n|-damage|p1b: Incineroar|18/100\n|-enditem|p1b: Incineroar|Sitrus Berry|[eat]\n|-heal|p1b: Incineroar|43/100|[from] item: Sitrus Berry\n|move|p1a: Rotom|Hydro Pump|p2b: Garchomp\n|-damage|p2b: Garchomp|61/100\n|move|p1b: Incineroar|Flare Blitz|p2a: Orthworm\n|-supereffective|p2a: Orthworm|1\n|-damage|p2a: Orthworm|16/100\n|-enditem|p2a: Orthworm|Sitrus Berry|[eat]\n|-heal|p2a: Orthworm|41/100|[from] item: Sitrus Berry\n|-damage|p1b: Incineroar|23/100|[from] Recoil\n|\n|upkeep\n|turn|2\n|\n|t:|1776369041\n|switch|p1b: Milotic|Milotic, L50, M|100/100\n|move|p2b: Garchomp|Earthquake|p1a: Rotom|[spread] p1b\n|-heal|p2a: Orthworm|66/100|[from] ability: Earth Eater|[of] p2b: Garchomp\n|-immune|p1a: Rotom|[from] ability: Levitate\n|-damage|p1b: Milotic|83/100\n|move|p2a: Orthworm|Shed Tail|p2a: Orthworm\n|-start|p2a: Orthworm|Substitute|[from] move: Shed Tail\n|-damage|p2a: Orthworm|16/100\n|\n|t:|1776369052\n|switch|p2a: Froslass|Froslass, L50, F|100/100|[from] Shed Tail\n|move|p1a: Rotom|Hydro Pump|p2b: Garchomp|[miss]\n|-miss|p1a: Rotom|p2b: Garchomp\n|\n|-heal|p1b: Milotic|89/100|[from] item: Leftovers\n|upkeep\n|turn|3\n|\n|t:|1776369074\n|detailschange|p2a: Froslass|Froslass-Mega, L50, F\n|-mega|p2a: Froslass|Froslass|Froslassite\n|-weather|Snowscape|[from] ability: Snow Warning|[of] p2a: Froslass\n|move|p2a: Froslass|Nasty Plot|p2a: Froslass\n|-boost|p2a: Froslass|spa|2\n|move|p2b: Garchomp|Rock Slide|p1b: Milotic|[spread] p1a\n|-miss|p2b: Garchomp|p1b: Milotic\n|-damage|p1a: Rotom|90/100\n|cant|p1a: Rotom|flinch\n|move|p1b: Milotic|Icy Wind|p2a: Froslass|[spread] p2a,p2b\n|-resisted|p2a: Froslass|1\n|-activate|p2a: Froslass|move: Substitute|[damage]\n|-supereffective|p2b: Garchomp|2\n|-damage|p2b: Garchomp|26/100\n|-unboost|p2b: Garchomp|spe|1\n|\n|-weather|Snowscape|[upkeep]\n|-heal|p1b: Milotic|95/100|[from] item: Leftovers\n|upkeep\n|turn|4\n|\n|t:|1776369115\n|switch|p1b: Incineroar|Incineroar, L50, F|23/100\n|-ability|p1b: Incineroar|Intimidate|boost\n|-immune|p2a: Froslass\n|-unboost|p2b: Garchomp|atk|1\n|move|p2a: Froslass|Blizzard|p1a: Rotom|[spread] p1a,p1b\n|-resisted|p1a: Rotom|1\n|-resisted|p1b: Incineroar|1\n|-damage|p1a: Rotom|45/100\n|-damage|p1b: Incineroar|0 fnt\n|faint|p1b: Incineroar\n|move|p2b: Garchomp|Rock Slide|p1a: Rotom\n|-damage|p1a: Rotom|34/100\n|move|p1a: Rotom|Hydro Pump|p2a: Froslass\n|-end|p2a: Froslass|Substitute\n|\n|-weather|Snowscape|[upkeep]\n|upkeep\n|\n|t:|1776369130\n|switch|p1b: Lopunny|Lopunny, L50, F|100/100\n|turn|5\n|\n|t:|1776369156\n|detailschange|p1b: Lopunny|Lopunny-Mega, L50, F\n|-mega|p1b: Lopunny|Lopunny|Lopunnite\n|move|p1b: Lopunny|Fake Out|p2a: Froslass\n|-damage|p2a: Froslass|81/100\n|cant|p2a: Froslass|flinch\n|move|p2b: Garchomp|Rock Slide|p1b: Lopunny|[spread] p1a,p1b\n|-resisted|p1b: Lopunny|1\n|-damage|p1a: Rotom|25/100\n|-damage|p1b: Lopunny|96/100\n|move|p1a: Rotom|Hydro Pump|p2b: Garchomp\n|-damage|p2b: Garchomp|0 fnt\n|faint|p2b: Garchomp\n|\n|-weather|Snowscape|[upkeep]\n|upkeep\n|\n|t:|1776369169\n|switch|p2b: Rotom|Rotom-Frost, L50|100/100\n|turn|6\n|\n|t:|1776369183\n|move|p1b: Lopunny|Close Combat|p2a: Froslass\n|-supereffective|p2a: Froslass|1\n|-damage|p2a: Froslass|0 fnt\n|-unboost|p1b: Lopunny|def|1\n|-unboost|p1b: Lopunny|spd|1\n|faint|p2a: Froslass\n|move|p2b: Rotom|Blizzard|p1b: Lopunny|[spread] p1a,p1b\n|-resisted|p1a: Rotom|1\n|-damage|p1a: Rotom|2/100\n|-damage|p1b: Lopunny|19/100\n|move|p1a: Rotom|Hydro Pump|p2b: Rotom|[miss]\n|-miss|p1a: Rotom|p2b: Rotom\n|\n|-weather|Snowscape|[upkeep]\n|upkeep\n|\n|t:|1776369195\n|switch|p2a: Orthworm|Orthworm, L50, M|16/100\n|turn|7\n|\n|t:|1776369214\n|move|p1b: Lopunny|Close Combat|p2b: Rotom\n|-supereffective|p2b: Rotom|1\n|-damage|p2b: Rotom|8/100\n|-unboost|p1b: Lopunny|def|1\n|-unboost|p1b: Lopunny|spd|1\n|move|p2b: Rotom|Blizzard|p1b: Lopunny|[spread] p1a,p1b\n|-resisted|p1a: Rotom|1\n|-damage|p1a: Rotom|0 fnt\n|-damage|p1b: Lopunny|0 fnt\n|faint|p1a: Rotom\n|faint|p1b: Lopunny\n|move|p2a: Orthworm|Body Press|p1: Rotom|[notarget]\n|-fail|p2a: Orthworm\n|\n|-weather|none\n|upkeep\n|\n|t:|1776369231\n|switch|p1a: Milotic|Milotic, L50, M|95/100\n|turn|8\n|\n|t:|1776369249\n|move|p2b: Rotom|Thunderbolt|p1a: Milotic\n|-supereffective|p1a: Milotic|1\n|-damage|p1a: Milotic|47/100\n|move|p2a: Orthworm|Body Press|p1a: Milotic\n|-damage|p1a: Milotic|25/100\n|move|p1a: Milotic|Icy Wind|p2a: Orthworm|[spread] p2a,p2b\n|-resisted|p2a: Orthworm|1\n|-resisted|p2b: Rotom|1\n|-damage|p2a: Orthworm|9/100\n|-damage|p2b: Rotom|2/100\n|-unboost|p2a: Orthworm|spe|1\n|-unboost|p2b: Rotom|spe|1\n|\n|-heal|p1a: Milotic|31/100|[from] item: Leftovers\n|upkeep\n|turn|9\n|\n|t:|1776369267\n|move|p1a: Milotic|Icy Wind|p2b: Rotom|[spread] p2a,p2b\n|-resisted|p2a: Orthworm|1\n|-resisted|p2b: Rotom|1\n|-damage|p2a: Orthworm|3/100\n|-damage|p2b: Rotom|0 fnt\n|-unboost|p2a: Orthworm|spe|1\n|faint|p2b: Rotom\n|move|p2a: Orthworm|Body Press|p1a: Milotic\n|-damage|p1a: Milotic|9/100\n|\n|-heal|p1a: Milotic|15/100|[from] item: Leftovers\n|upkeep\n|turn|10\n|c|\u2606mac212|close one\n|\n|t:|1776369286\n|move|p1a: Milotic|Scald|p2a: Orthworm\n|-damage|p2a: Orthworm|0 fnt\n|faint|p2a: Orthworm\n|\n|win|JimmiBunnie\n|raw|JimmiBunnie's rating: 1110 &rarr; <strong>1133</strong><br />(+23 for winning)\n|raw|mac212's rating: 1084 &rarr; <strong>1063</strong><br />(-21 for losing)\n|c|\u2606JimmiBunnie|Gg\n|c|\u2606mac212|gg\n",
  "uploadtime": 1776369296,
  "views": 19,
  "formatid": "gen9championsvgc2026regma",
  "rating": 1063,
  "private": 0,
  "password": null
}