{
  "id": "gen9championsvgc2026regma-2584533119",
  "format": "[Gen 9 Champions] VGC 2026 Reg M-A",
  "players": [
    "melon storme",
    "pandabro24711"
  ],
  "log": "|j|\u2606melon storme\n|j|\u2606pandabro24711\n|t:|1776267069\n|gametype|doubles\n|player|p1|melon storme|kieran-festival|1073\n|player|p2|pandabro24711|ninjaboy|1000\n|gen|9\n|tier|[Gen 9 Champions] VGC 2026 Reg M-A\n|rated|\n|rule|Species Clause: Limit one of each Pok\u00e9mon\n|rule|Item Clause: Limit 1 of each item\n|clearpoke\n|poke|p1|Floette-Eternal, L50, F|\n|poke|p1|Espathra, L50, M|\n|poke|p1|Sinistcha, L50|\n|poke|p1|Incineroar, L50, M|\n|poke|p1|Gallade, L50, M|\n|poke|p1|Palafin, L50, F|\n|poke|p2|Floette-Eternal, L50, F|\n|poke|p2|Incineroar, L50, F|\n|poke|p2|Aerodactyl, L50, F|\n|poke|p2|Golurk, L50|\n|poke|p2|Serperior, L50, M|\n|poke|p2|Volcarona, L50, M|\n|teampreview|4\n|inactive|Battle timer is ON: inactive players will automatically lose when time's up. (requested by pandabro24711)\n|inactive|melon storme has 60 seconds left.\n|inactive|pandabro24711 has 60 seconds left.\npandabro24711 has agreed to open team sheets.\n|\n|t:|1776267106\n|teamsize|p1|4\n|teamsize|p2|4\n|start\n|switch|p1a: Floette|Floette-Eternal, L50, F|100/100\n|switch|p1b: Espathra|Espathra, L50, M|100/100\n|switch|p2a: Floette|Floette-Eternal, L50, F|100/100\n|switch|p2b: Incineroar|Incineroar, L50, F, shiny|100/100\n|-ability|p2b: Incineroar|Intimidate|boost\n|-unboost|p1a: Floette|atk|1\n|-unboost|p1b: Espathra|atk|1\n|turn|1\n|\n|t:|1776267115\n|detailschange|p2a: Floette|Floette-Mega, L50, F\n|-mega|p2a: Floette|Floette|Floettite\n|-ability|p2a: Floette|Fairy Aura\n|move|p1b: Espathra|Protect|p1b: Espathra\n|-singleturn|p1b: Espathra|Protect\n|move|p1a: Floette|Protect|p1a: Floette\n|-singleturn|p1a: Floette|Protect\n|move|p2b: Incineroar|Fake Out|p1a: Floette\n|-activate|p1a: Floette|move: Protect\n|move|p2a: Floette|Calm Mind|p2a: Floette\n|-boost|p2a: Floette|spa|1\n|-boost|p2a: Floette|spd|1\n|\n|-ability|p1b: Espathra|Speed Boost|boost\n|-boost|p1b: Espathra|spe|1\n|upkeep\n|turn|2\n|inactive|melon storme has 30 seconds left.\n|\n|t:|1776267145\n|detailschange|p1a: Floette|Floette-Mega, L50, F\n|-mega|p1a: Floette|Floette|Floettite\n|-ability|p1a: Floette|Fairy Aura\n|move|p2a: Floette|Protect|p2a: Floette\n|-singleturn|p2a: Floette|Protect\n|move|p1b: Espathra|Skill Swap|p1a: Floette\n|-activate|p1b: Espathra|Skill Swap|||[of] p1a: Floette\n|-ability|p1b: Espathra|Fairy Aura\n|move|p1a: Floette|Calm Mind|p1a: Floette\n|-boost|p1a: Floette|spa|1\n|-boost|p1a: Floette|spd|1\n|move|p2b: Incineroar|Parting Shot|p1a: Floette\n|-unboost|p1a: Floette|atk|1\n|-unboost|p1a: Floette|spa|1\n|\n|t:|1776267158\n|switch|p2b: Aerodactyl|Aerodactyl, L50, F, shiny|100/100|[from] Parting Shot\n|-ability|p2b: Aerodactyl|Unnerve\n|\n|-ability|p1a: Floette|Speed Boost|boost\n|-boost|p1a: Floette|spe|1\n|upkeep\n|turn|3\n|\n|t:|1776267166\n|move|p1b: Espathra|Lumina Crash|p2a: Floette\n|-damage|p2a: Floette|78/100\n|-unboost|p2a: Floette|spd|2\n|move|p1a: Floette|Calm Mind|p1a: Floette\n|-boost|p1a: Floette|spa|1\n|-boost|p1a: Floette|spd|1\n|move|p2b: Aerodactyl|Tailwind|p2b: Aerodactyl\n|-sidestart|p2: pandabro24711|move: Tailwind\n|move|p2a: Floette|Dazzling Gleam|p1a: Floette|[spread] p1a,p1b\n|-damage|p1a: Floette|72/100\n|-enditem|p1b: Espathra|Focus Sash\n|-damage|p1b: Espathra|1/100\n|\n|-ability|p1a: Floette|Speed Boost|boost\n|-boost|p1a: Floette|spe|1\n|upkeep\n|turn|4\n|inactive|melon storme has 30 seconds left.\n|inactive|pandabro24711 has 30 seconds left.\n|\n|t:|1776267193\n|switch|p1b: Incineroar|Incineroar, L50, M|100/100\n|-ability|p1b: Incineroar|Intimidate|boost\n|-unboost|p2a: Floette|atk|1\n|-unboost|p2b: Aerodactyl|atk|1\n|move|p1a: Floette|Protect|p1a: Floette\n|-singleturn|p1a: Floette|Protect\n|move|p2b: Aerodactyl|Rock Slide|p1b: Incineroar|[spread] p1b\n|-activate|p1a: Floette|move: Protect\n|-supereffective|p1b: Incineroar|1\n|-crit|p1b: Incineroar\n|-damage|p1b: Incineroar|37/100\n|move|p2a: Floette|Moonblast|p1a: Floette\n|-activate|p1a: Floette|move: Protect\n|\n|-ability|p1a: Floette|Speed Boost|boost\n|-boost|p1a: Floette|spe|1\n|upkeep\n|turn|5\n|\n|t:|1776267218\n|move|p2a: Floette|Protect|p2a: Floette\n|-singleturn|p2a: Floette|Protect\n|move|p1b: Incineroar|Fake Out|p2b: Aerodactyl\n|-resisted|p2b: Aerodactyl|1\n|-damage|p2b: Aerodactyl|91/100\n|cant|p2b: Aerodactyl|flinch\n|move|p1a: Floette|Calm Mind|p1a: Floette\n|-boost|p1a: Floette|spa|1\n|-boost|p1a: Floette|spd|1\n|\n|-ability|p1a: Floette|Speed Boost|boost\n|-boost|p1a: Floette|spe|1\n|upkeep\n|turn|6\n|inactive|pandabro24711 has 30 seconds left.\n|inactive|melon storme has 30 seconds left.\n|\n|t:|1776267257\n|switch|p2a: Incineroar|Incineroar, L50, F, shiny|100/100\n|-ability|p2a: Incineroar|Intimidate|boost\n|-unboost|p1a: Floette|atk|1\n|-unboost|p1b: Incineroar|atk|1\n|move|p2b: Aerodactyl|Protect|p2b: Aerodactyl\n|-singleturn|p2b: Aerodactyl|Protect\n|move|p1a: Floette|Dazzling Gleam|p2b: Aerodactyl|[spread] p2a\n|-activate|p2b: Aerodactyl|move: Protect\n|-damage|p2a: Incineroar|56/100\n|move|p1b: Incineroar|Parting Shot|p2b: Aerodactyl\n|-activate|p2b: Aerodactyl|move: Protect\n|\n|-sideend|p2: pandabro24711|move: Tailwind\n|-ability|p1a: Floette|Speed Boost|boost\n|-boost|p1a: Floette|spe|1\n|upkeep\n|turn|7\n|\n|t:|1776267275\n|move|p1a: Floette|Protect|p1a: Floette\n|-singleturn|p1a: Floette|Protect\n|move|p2a: Incineroar|Fake Out|p1a: Floette\n|-activate|p1a: Floette|move: Protect\n|move|p2b: Aerodactyl|Rock Slide|p1b: Incineroar|[spread] p1b\n|-activate|p1a: Floette|move: Protect\n|-supereffective|p1b: Incineroar|1\n|-crit|p1b: Incineroar\n|-damage|p1b: Incineroar|0 fnt\n|faint|p1b: Incineroar\n|\n|-ability|p1a: Floette|Speed Boost|boost\n|-boost|p1a: Floette|spe|1\n|upkeep\n|\n|t:|1776267286\n|switch|p1b: Palafin|Palafin, L50, F|100/100\n|turn|8\n|\n|t:|1776267301\n|move|p2b: Aerodactyl|Protect|p2b: Aerodactyl\n|-singleturn|p2b: Aerodactyl|Protect\n|move|p1b: Palafin|Jet Punch|p2a: Incineroar\n|-supereffective|p2a: Incineroar|1\n|-crit|p2a: Incineroar\n|-damage|p2a: Incineroar|0 fnt\n|faint|p2a: Incineroar\n|move|p1a: Floette|Dazzling Gleam|p2b: Aerodactyl\n|-activate|p2b: Aerodactyl|move: Protect\n|\n|upkeep\n|\n|t:|1776267308\n|switch|p2a: Golurk|Golurk, L50, shiny|100/100\n|turn|9\n|\n|t:|1776267325\n|detailschange|p1b: Palafin|Palafin-Hero, L50, F\n|switch|p1b: Espathra|Espathra, L50, M|1/100\n|move|p1a: Floette|Protect|p1a: Floette\n|-singleturn|p1a: Floette|Protect\n|move|p2b: Aerodactyl|Rock Slide|p1b: Espathra|[spread] \n|-activate|p1a: Floette|move: Protect\n|-miss|p2b: Aerodactyl|p1b: Espathra\n|move|p2a: Golurk|High Horsepower|p1a: Floette\n|-activate|p1a: Floette|move: Protect\n|\n|upkeep\n|turn|10\n|\n|t:|1776267341\n|move|p1a: Floette|Dazzling Gleam|p2b: Aerodactyl|[spread] p2a,p2b\n|-damage|p2a: Golurk|18/100\n|-damage|p2b: Aerodactyl|4/100\n|move|p2b: Aerodactyl|Rock Slide|p1b: Espathra|[spread] p1a,p1b\n|-damage|p1a: Floette|53/100\n|-damage|p1b: Espathra|0 fnt\n|faint|p1b: Espathra\n|move|p2a: Golurk|High Horsepower|p1a: Floette\n|-damage|p1a: Floette|2/100\n|\n|-heal|p2a: Golurk|24/100|[from] item: Leftovers\n|upkeep\n|\n|t:|1776267350\n|switch|p1b: Palafin|Palafin-Hero, L50, F|100/100\n|-activate|p1b: Palafin|ability: Zero to Hero\n|turn|11\n|\n|t:|1776267358\n|move|p2a: Golurk|Protect|p2a: Golurk\n|-singleturn|p2a: Golurk|Protect\n|move|p1b: Palafin|Jet Punch|p2b: Aerodactyl\n|-supereffective|p2b: Aerodactyl|1\n|-damage|p2b: Aerodactyl|0 fnt\n|faint|p2b: Aerodactyl\n|move|p1a: Floette|Dazzling Gleam|p2a: Golurk\n|-activate|p2a: Golurk|move: Protect\n|\n|-heal|p2a: Golurk|30/100|[from] item: Leftovers\n|upkeep\n|\n|t:|1776267364\n|switch|p2b: Floette|Floette-Mega, L50, F|78/100\n|-ability|p2b: Floette|Fairy Aura\n|turn|12\n|inactive|pandabro24711 has 30 seconds left.\n|\n|t:|1776267390\n|move|p1a: Floette|Dazzling Gleam|p2b: Floette|[spread] p2a,p2b\n|-damage|p2a: Golurk|0 fnt\n|-damage|p2b: Floette|5/100\n|faint|p2a: Golurk\n|move|p1b: Palafin|Wave Crash|p2b: Floette\n|-damage|p2b: Floette|0 fnt\n|faint|p2b: Floette\n|-damage|p1b: Palafin|99/100|[from] Recoil\n|\n|win|melon storme\n|raw|melon storme's rating: 1073 &rarr; <strong>1096</strong><br />(+23 for winning)\n|raw|pandabro24711's rating: 1000 &rarr; <strong>1000</strong><br />(+0 for losing)\n|l|\u2606pandabro24711\n|player|p2|\n",
  "uploadtime": 1776267400,
  "views": 25,
  "formatid": "gen9championsvgc2026regma",
  "rating": 1000,
  "private": 0,
  "password": null
}