{
  "id": "gen9championsvgc2026regma-2583250519",
  "format": "[Gen 9 Champions] VGC 2026 Reg M-A",
  "players": [
    "PicTcg",
    "NathanaelW19"
  ],
  "log": "|j|\u2606PicTcg\n|j|\u2606NathanaelW19\n|t:|1776159534\n|gametype|doubles\n|player|p1|PicTcg|swimmer-gen4|1038\n|player|p2|NathanaelW19|dragontamer|1130\n|gen|9\n|tier|[Gen 9 Champions] VGC 2026 Reg M-A\n|rated|\n|rule|Species Clause: Limit one of each Pok\u00e9mon\n|rule|Item Clause: Limit 1 of each item\n|clearpoke\n|poke|p1|Sableye, L50, M|\n|poke|p1|Aggron, L50, M|\n|poke|p1|Aerodactyl, L50, M|\n|poke|p1|Sinistcha, L50|\n|poke|p1|Lucario, L50, F|\n|poke|p1|Kommo-o, L50, F|\n|poke|p2|Excadrill, L50, F|\n|poke|p2|Pinsir, L50, F|\n|poke|p2|Aerodactyl, L50, M|\n|poke|p2|Aegislash, L50, F|\n|poke|p2|Sableye, L50, F|\n|poke|p2|Manectric, L50, M|\n|teampreview|4\n|inactive|Battle timer is ON: inactive players will automatically lose when time's up. (requested by NathanaelW19)\n|inactive|PicTcg has 60 seconds left.\n|inactive|NathanaelW19 has 60 seconds left.\n|\n|t:|1776159591\n|teamsize|p1|4\n|teamsize|p2|4\n|start\n|switch|p1a: Sableye|Sableye, L50, M|100/100\n|switch|p1b: Aggron|Aggron, L50, M|100/100\n|switch|p2a: Aerodactyl|Aerodactyl, L50, M, shiny|100/100\n|switch|p2b: Manectric|Manectric, L50, M, shiny|100/100\n|-ability|p2a: Aerodactyl|Unnerve\n|turn|1\n|\n|t:|1776159610\n|detailschange|p2b: Manectric|Manectric-Mega, L50, M, shiny\n|-mega|p2b: Manectric|Manectric|Manectite\n|-ability|p2b: Manectric|Intimidate|boost\n|-unboost|p1a: Sableye|atk|1\n|-unboost|p1b: Aggron|atk|1\n|detailschange|p1b: Aggron|Aggron-Mega, L50, M\n|-mega|p1b: Aggron|Aggron|Aggronite\n|move|p1a: Sableye|Fake Out|p2a: Aerodactyl\n|-resisted|p2a: Aerodactyl|1\n|-damage|p2a: Aerodactyl|96/100\n|move|p2b: Manectric|Overheat|p1b: Aggron\n|-supereffective|p1b: Aggron|1\n|-damage|p1b: Aggron|37/100\n|-unboost|p2b: Manectric|spa|2\n|cant|p2a: Aerodactyl|flinch\n|move|p1b: Aggron|Iron Defense|p1b: Aggron\n|-boost|p1b: Aggron|def|2\n|\n|upkeep\n|turn|2\n|inactive|PicTcg has 30 seconds left.\n|\n|t:|1776159638\n|move|p1b: Aggron|Protect|p1b: Aggron\n|-singleturn|p1b: Aggron|Protect\n|move|p1a: Sableye|Disable|p2b: Manectric\n|-start|p2b: Manectric|Disable|Overheat\n|move|p2b: Manectric|Volt Switch|p1b: Aggron\n|-activate|p1b: Aggron|move: Protect\n|move|p2a: Aerodactyl|Dual Wingbeat|p1a: Sableye\n|-damage|p1a: Sableye|73/100\n|-damage|p1a: Sableye|50/100\n|-hitcount|p1a: Sableye|2\n|\n|upkeep\n|turn|3\n|\n|t:|1776159661\n|switch|p1a: Sinistcha|Sinistcha, L50|100/100\n|-heal|p1b: Aggron|62/100|[from] ability: Hospitality|[of] p1a: Sinistcha\n|move|p2b: Manectric|Volt Switch|p1b: Aggron\n|-damage|p1b: Aggron|44/100\n|\n|t:|1776159664\n|switch|p2b: Sableye|Sableye, L50, F, shiny|100/100|[from] Volt Switch\n|move|p2a: Aerodactyl|Rock Slide|p1a: Sinistcha|[spread] p1a,p1b\n|-resisted|p1b: Aggron|1\n|-damage|p1a: Sinistcha|80/100\n|-damage|p1b: Aggron|41/100\n|move|p1b: Aggron|Body Press|p2a: Aerodactyl\n|-damage|p2a: Aerodactyl|0 fnt\n|faint|p2a: Aerodactyl\n|\n|-heal|p1a: Sinistcha|86/100|[from] item: Leftovers\n|upkeep\n|\n|t:|1776159670\n|switch|p2a: Manectric|Manectric-Mega, L50, M, shiny|100/100\n|-ability|p2a: Manectric|Intimidate|boost\n|-unboost|p1a: Sinistcha|atk|1\n|-unboost|p1b: Aggron|atk|1\n|turn|4\n|inactive|PicTcg has 30 seconds left.\n|\n|t:|1776159699\n|move|p1a: Sinistcha|Rage Powder|p1a: Sinistcha\n|-singleturn|p1a: Sinistcha|move: Rage Powder\n|move|p2b: Sableye|Reflect|p2b: Sableye\n|-sidestart|p2: NathanaelW19|Reflect\n|move|p2a: Manectric|Volt Switch|p1a: Sinistcha\n|-resisted|p1a: Sinistcha|1\n|-damage|p1a: Sinistcha|70/100\n|\n|t:|1776159704\n|switch|p2a: Aegislash|Aegislash, L50, F, shiny|100/100|[from] Volt Switch\n|move|p1b: Aggron|Body Press|p2a: Aegislash\n|-immune|p2a: Aegislash\n|\n|-heal|p1a: Sinistcha|76/100|[from] item: Leftovers\n|upkeep\n|turn|5\n|\n|t:|1776159727\n|move|p1a: Sinistcha|Life Dew|p1a: Sinistcha|[spread] p1a,p1b\n|-heal|p1a: Sinistcha|100/100\n|-heal|p1b: Aggron|66/100\n|-formechange|p2a: Aegislash|Aegislash-Blade|\n|move|p2a: Aegislash|Shadow Ball|p1a: Sinistcha\n|-supereffective|p1a: Sinistcha|1\n|-damage|p1a: Sinistcha|26/100\n|-unboost|p1a: Sinistcha|spd|1\n|move|p1b: Aggron|Heavy Slam|p2b: Sableye\n|-damage|p2b: Sableye|81/100\n|move|p2b: Sableye|Knock Off|p1a: Sinistcha\n|-supereffective|p1a: Sinistcha|1\n|-damage|p1a: Sinistcha|0 fnt\n|-enditem|p1a: Sinistcha|Leftovers|[from] move: Knock Off|[of] p2b: Sableye\n|faint|p1a: Sinistcha\n|\n|upkeep\n|inactive|PicTcg has 30 seconds left.\n|\n|t:|1776159754\n|switch|p1a: Sableye|Sableye, L50, M|50/100\n|-enditem|p1a: Sableye|Sitrus Berry|[eat]\n|-heal|p1a: Sableye|74/100|[from] item: Sitrus Berry\n|turn|6\n|inactive|PicTcg has 30 seconds left.\n|\n|t:|1776159789\n|switch|p1b: Kommo-o|Kommo-o, L50, F|100/100\n|-formechange|p2a: Aegislash|Aegislash|\n|move|p2a: Aegislash|King's Shield|p2a: Aegislash\n|-singleturn|p2a: Aegislash|Protect\n|move|p1a: Sableye|Encore|p2b: Sableye\n|-hint|Since gen 7, Dark is immune to Prankster moves.\n|-immune|p2b: Sableye\n|move|p2b: Sableye|Knock Off|p1a: Sableye\n|-crit|p1a: Sableye\n|-damage|p1a: Sableye|32/100\n|\n|upkeep\n|turn|7\n|\n|t:|1776159813\n|switch|p2a: Manectric|Manectric-Mega, L50, M, shiny|100/100\n|-ability|p2a: Manectric|Intimidate|boost\n|-unboost|p1a: Sableye|atk|1\n|-unboost|p1b: Kommo-o|atk|1\n|move|p2b: Sableye|Light Screen|p2b: Sableye\n|-sidestart|p2: NathanaelW19|move: Light Screen\n|move|p1a: Sableye|Encore||[still]\n|-fail|p1a: Sableye\n|move|p1b: Kommo-o|Clanging Scales|p2b: Sableye|[spread] p2a,p2b\n|-damage|p2a: Manectric|57/100\n|-damage|p2b: Sableye|44/100\n|-unboost|p1b: Kommo-o|def|1\n|\n|upkeep\n|turn|8\n|\n|t:|1776159832\n|move|p1a: Sableye|Quash|p2a: Manectric\n|-activate|p2a: Manectric|move: Quash\n|move|p1b: Kommo-o|Clanging Scales|p2b: Sableye|[spread] p2a,p2b\n|-crit|p2a: Manectric\n|-damage|p2a: Manectric|0 fnt\n|-damage|p2b: Sableye|6/100\n|faint|p2a: Manectric\n|-unboost|p1b: Kommo-o|def|1\n|move|p2b: Sableye|Knock Off|p1b: Kommo-o\n|-resisted|p1b: Kommo-o|1\n|-damage|p1b: Kommo-o|74/100\n|-enditem|p1b: Kommo-o|Dragon Fang|[from] move: Knock Off|[of] p2b: Sableye\n|\n|-sideend|p2: NathanaelW19|Reflect\n|upkeep\n|\n|t:|1776159837\n|switch|p2a: Aegislash|Aegislash, L50, F, shiny|100/100\n|turn|9\n|\n|t:|1776159860\n|move|p2a: Aegislash|Wide Guard|p2a: Aegislash\n|-singleturn|p2a: Aegislash|Wide Guard\n|move|p1a: Sableye|Quash||[still]\n|-fail|p1a: Sableye\n|move|p1b: Kommo-o|Clanging Scales|p2b: Sableye|[spread] \n|-activate|p2a: Aegislash|move: Wide Guard\n|-activate|p2b: Sableye|move: Wide Guard\n|move|p2b: Sableye|Knock Off|p1a: Sableye\n|-damage|p1a: Sableye|3/100\n|\n|upkeep\n|turn|10\n|inactive|NathanaelW19 has 30 seconds left.\n|\n|t:|1776159890\n|move|p2a: Aegislash|Wide Guard|p2a: Aegislash\n|-singleturn|p2a: Aegislash|Wide Guard\n|move|p1a: Sableye|Disable|p2a: Aegislash\n|-start|p2a: Aegislash|Disable|Wide Guard\n|move|p1b: Kommo-o|Clanging Scales|p2b: Sableye|[spread] \n|-activate|p2a: Aegislash|move: Wide Guard\n|-activate|p2b: Sableye|move: Wide Guard\n|move|p2b: Sableye|Knock Off|p1a: Sableye\n|-damage|p1a: Sableye|0 fnt\n|faint|p1a: Sableye\n|\n|upkeep\n|\n|t:|1776159901\n|switch|p1a: Aggron|Aggron-Mega, L50, M|66/100\n|turn|11\n|\n|t:|1776159915\n|move|p2b: Sableye|Reflect|p2b: Sableye\n|-sidestart|p2: NathanaelW19|Reflect\n|move|p1b: Kommo-o|Clanging Scales|p2b: Sableye|[spread] p2a,p2b\n|-resisted|p2a: Aegislash|1\n|-damage|p2a: Aegislash|93/100\n|-damage|p2b: Sableye|0 fnt\n|faint|p2b: Sableye\n|-unboost|p1b: Kommo-o|def|1\n|-formechange|p2a: Aegislash|Aegislash-Blade|\n|move|p2a: Aegislash|Shadow Ball|p1b: Kommo-o\n|-damage|p1b: Kommo-o|34/100\n|move|p1a: Aggron|Heavy Slam|p2a: Aegislash\n|-resisted|p2a: Aegislash|1\n|-damage|p2a: Aegislash|63/100\n|\n|-sideend|p2: NathanaelW19|move: Light Screen\n|upkeep\n|turn|12\n|\n|t:|1776159929\n|-formechange|p2a: Aegislash|Aegislash|\n|move|p2a: Aegislash|King's Shield|p2a: Aegislash\n|-singleturn|p2a: Aegislash|Protect\n|move|p1b: Kommo-o|Clanging Scales|p2a: Aegislash\n|-activate|p2a: Aegislash|move: Protect\n|move|p1a: Aggron|Heavy Slam|p2a: Aegislash\n|-activate|p2a: Aegislash|move: Protect\n|-unboost|p1a: Aggron|atk|1\n|\n|upkeep\n|turn|13\n|\n|t:|1776159944\n|move|p1b: Kommo-o|Clanging Scales|p2a: Aegislash\n|-resisted|p2a: Aegislash|1\n|-damage|p2a: Aegislash|47/100\n|-unboost|p1b: Kommo-o|def|1\n|-formechange|p2a: Aegislash|Aegislash-Blade|\n|move|p2a: Aegislash|Shadow Ball|p1b: Kommo-o\n|-damage|p1b: Kommo-o|0 fnt\n|faint|p1b: Kommo-o\n|move|p1a: Aggron|Heavy Slam|p2a: Aegislash\n|-resisted|p2a: Aegislash|1\n|-damage|p2a: Aegislash|29/100\n|\n|upkeep\n|turn|14\n|\n|t:|1776159954\n|move|p1a: Aggron|Protect|p1a: Aggron\n|-singleturn|p1a: Aggron|Protect\n|move|p2a: Aegislash|Shadow Ball|p1a: Aggron\n|-activate|p1a: Aggron|move: Protect\n|\n|-end|p2a: Aegislash|Disable\n|upkeep\n|turn|15\n|\n|t:|1776159961\n|move|p1a: Aggron|Protect||[still]\n|-fail|p1a: Aggron\n|move|p2a: Aegislash|Shadow Ball|p1a: Aggron\n|-damage|p1a: Aggron|36/100\n|\n|-sideend|p2: NathanaelW19|Reflect\n|upkeep\n|turn|16\n|\n|t:|1776159972\n|-formechange|p2a: Aegislash|Aegislash|\n|move|p2a: Aegislash|King's Shield|p2a: Aegislash\n|-singleturn|p2a: Aegislash|Protect\n|move|p1a: Aggron|Heavy Slam|p2a: Aegislash\n|-activate|p2a: Aegislash|move: Protect\n|-unboost|p1a: Aggron|atk|1\n|\n|upkeep\n|turn|17\n|\n|t:|1776159979\n|-formechange|p2a: Aegislash|Aegislash-Blade|\n|move|p2a: Aegislash|Shadow Ball|p1a: Aggron\n|-damage|p1a: Aggron|4/100\n|move|p1a: Aggron|Heavy Slam|p2a: Aegislash\n|-resisted|p2a: Aegislash|1\n|-damage|p2a: Aegislash|5/100\n|\n|upkeep\n|turn|18\n|\n|t:|1776159989\n|move|p2a: Aegislash|Shadow Ball|p1a: Aggron\n|-damage|p1a: Aggron|0 fnt\n|faint|p1a: Aggron\n|\n|win|NathanaelW19\n|raw|PicTcg's rating: 1038 &rarr; <strong>1026</strong><br />(-12 for losing)\n|raw|NathanaelW19's rating: 1130 &rarr; <strong>1149</strong><br />(+19 for winning)\n|l|\u2606PicTcg\n|player|p1|\n",
  "uploadtime": 1776159995,
  "views": 20,
  "formatid": "gen9championsvgc2026regma",
  "rating": 1026,
  "private": 0,
  "password": null
}