{
  "id": "gen9championsvgc2026regma-2588604051",
  "format": "[Gen 9 Champions] VGC 2026 Reg M-A",
  "players": [
    "CBKreme",
    "Mbozzo11"
  ],
  "log": "|j|\u2606CBKreme\n|j|\u2606Mbozzo11\n|t:|1776649273\n|gametype|doubles\n|player|p1|CBKreme|interviewers|1041\n|player|p2|Mbozzo11|gentleman-gen4|1000\n|gen|9\n|tier|[Gen 9 Champions] VGC 2026 Reg M-A\n|rated|\n|rule|Species Clause: Limit one of each Pok\u00e9mon\n|rule|Item Clause: Limit 1 of each item\n|clearpoke\n|poke|p1|Gardevoir, L50, F, shiny|\n|poke|p1|Ninetales-Alola, L50, F|\n|poke|p1|Froslass, L50, F, shiny|\n|poke|p1|Hatterene, L50, F|\n|poke|p1|Flapple, L50, M, shiny|\n|poke|p1|Sableye, L50, M, shiny|\n|poke|p2|Charizard, L50, M|\n|poke|p2|Whimsicott, L50, F|\n|poke|p2|Sneasler, L50, M|\n|poke|p2|Tinkaton, L50, F|\n|poke|p2|Cofagrigus, L50, F|\n|poke|p2|Salazzle, L50, F|\n|teampreview|4\n|inactive|Battle timer is ON: inactive players will automatically lose when time's up. (requested by Mbozzo11)\n|inactive|CBKreme also wants the timer to be on.\n|inactive|CBKreme has 60 seconds left.\n|\n|t:|1776649305\n|teamsize|p1|4\n|teamsize|p2|4\n|start\n|switch|p1a: Sableye|Sableye, L50, M, shiny|100/100\n|switch|p1b: Hatterene|Hatterene, L50, F|100/100\n|switch|p2a: Salazzle|Salazzle, L50, F|100/100\n|switch|p2b: Whimsicott|Whimsicott, L50, F|100/100\n|turn|1\n|\n|t:|1776649325\n|move|p2a: Salazzle|Fake Out|p1b: Hatterene\n|-damage|p1b: Hatterene|94/100\n|move|p1a: Sableye|Fake Out|p2a: Salazzle\n|-damage|p2a: Salazzle|87/100\n|move|p2b: Whimsicott|Taunt|p1a: Sableye\n|-hint|Since gen 7, Dark is immune to Prankster moves.\n|-immune|p1a: Sableye\n|cant|p1b: Hatterene|flinch\n|\n|-heal|p2a: Salazzle|93/100|[from] item: Leftovers\n|upkeep\n|turn|2\n|\n|t:|1776649346\n|move|p2b: Whimsicott|Taunt|p1b: Hatterene\n|move|p1b: Hatterene|Taunt|p2b: Whimsicott|[from] ability: Magic Bounce\n|-start|p2b: Whimsicott|move: Taunt\n|move|p1a: Sableye|Gravity|p1a: Sableye\n|-fieldstart|move: Gravity\n|move|p2a: Salazzle|Toxic|p1b: Hatterene\n|move|p1b: Hatterene|Toxic|p2a: Salazzle|[from] ability: Magic Bounce\n|-immune|p2a: Salazzle\n|move|p1b: Hatterene|Trick Room|p1b: Hatterene\n|-fieldstart|move: Trick Room|[of] p1b: Hatterene\n|\n|-heal|p2a: Salazzle|98/100|[from] item: Leftovers\n|upkeep\n|turn|3\n|\n|t:|1776649366\n|switch|p1a: Flapple|Flapple, L50, M, shiny|100/100\n|move|p1b: Hatterene|Calm Mind|p1b: Hatterene\n|-boost|p1b: Hatterene|spa|1\n|-boost|p1b: Hatterene|spd|1\n|move|p2b: Whimsicott|Thief|p1a: Flapple\n|-damage|p1a: Flapple|85/100\n|move|p2a: Salazzle|Toxic|p1a: Flapple\n|-status|p1a: Flapple|tox\n|\n|-heal|p2a: Salazzle|100/100|[from] item: Leftovers\n|-damage|p1a: Flapple|78/100 tox|[from] psn\n|upkeep\n|turn|4\n|\n|t:|1776649387\n|switch|p2b: Cofagrigus|Cofagrigus, L50, F|100/100\n|move|p1b: Hatterene|Mystical Fire|p2b: Cofagrigus\n|-damage|p2b: Cofagrigus|69/100\n|-unboost|p2b: Cofagrigus|spa|1\n|move|p1a: Flapple|Dragon Rush|p2a: Salazzle\n|-damage|p2a: Salazzle|0 fnt\n|faint|p2a: Salazzle\n|\n|-damage|p1a: Flapple|66/100 tox|[from] psn\n|upkeep\n|\n|t:|1776649400\n|switch|p2a: Whimsicott|Whimsicott, L50, F|100/100\n|turn|5\n|\n|t:|1776649418\n|move|p2a: Whimsicott|Sunny Day|p2a: Whimsicott\n|-weather|SunnyDay\n|move|p1b: Hatterene|Dark Pulse|p2b: Cofagrigus\n|-supereffective|p2b: Cofagrigus|1\n|-damage|p2b: Cofagrigus|4/100\n|move|p2b: Cofagrigus|Power Swap|p1b: Hatterene\n|-swapboost|p2b: Cofagrigus|p1b: Hatterene|atk, spa|[from] move: Power Swap\n|move|p1a: Flapple|Grav Apple|p2a: Whimsicott\n|-resisted|p2a: Whimsicott|1\n|-damage|p2a: Whimsicott|43/100\n|-unboost|p2a: Whimsicott|def|1\n|\n|-weather|SunnyDay|[upkeep]\n|-damage|p1a: Flapple|47/100 tox|[from] psn\n|upkeep\n|-enditem|p1a: Flapple|Sitrus Berry|[eat]\n|-heal|p1a: Flapple|72/100 tox|[from] item: Sitrus Berry\n|turn|6\n|inactive|Mbozzo11 has 30 seconds left.\n|\n|t:|1776649444\n|move|p2b: Cofagrigus|Ally Switch|p2b: Cofagrigus\n|swap|p2b: Cofagrigus|0|[from] move: Ally Switch\n|move|p2b: Whimsicott|Tailwind|p2b: Whimsicott\n|-sidestart|p2: Mbozzo11|move: Tailwind\n|move|p1b: Hatterene|Dark Pulse|p2b: Whimsicott\n|-resisted|p2b: Whimsicott|1\n|-damage|p2b: Whimsicott|35/100\n|move|p1a: Flapple|Acrobatics|p2a: Cofagrigus\n|-damage|p2a: Cofagrigus|0 fnt\n|-activate|p2a: Cofagrigus|ability: Mummy|p1a: Flapple|[ability] Hustle\n|faint|p2a: Cofagrigus\n|\n|-weather|SunnyDay|[upkeep]\n|-damage|p1a: Flapple|47/100 tox|[from] psn\n|-fieldend|move: Trick Room\n|-fieldend|move: Gravity\n|upkeep\n|\n|t:|1776649459\n|switch|p2a: Charizard|Charizard, L50, M|100/100\n|turn|7\n|\n|t:|1776649477\n|detailschange|p2a: Charizard|Charizard-Mega-X, L50, M\n|-mega|p2a: Charizard|Charizard|Charizardite X\n|move|p1a: Flapple|Protect|p1a: Flapple\n|-singleturn|p1a: Flapple|Protect\n|move|p2a: Charizard|Flare Blitz|p1b: Hatterene\n|-damage|p1b: Hatterene|0 fnt\n|faint|p1b: Hatterene\n|-damage|p2a: Charizard|73/100|[from] Recoil\n|move|p2b: Whimsicott|Thief|p1a: Flapple\n|-activate|p1a: Flapple|move: Protect\n|\n|-weather|SunnyDay|[upkeep]\n|-damage|p1a: Flapple|16/100 tox|[from] psn\n|upkeep\n|\n|t:|1776649490\n|switch|p1b: Sableye|Sableye, L50, M, shiny|100/100\n|turn|8\n|\n|t:|1776649507\n|move|p2a: Charizard|Protect|p2a: Charizard\n|-singleturn|p2a: Charizard|Protect\n|move|p1b: Sableye|Fake Out|p2a: Charizard\n|-activate|p2a: Charizard|move: Protect\n|move|p2b: Whimsicott|Thief|p1b: Sableye\n|-damage|p1b: Sableye|87/100\n|move|p1a: Flapple|Dragon Rush|p2a: Charizard\n|-activate|p2a: Charizard|move: Protect\n|\n|-weather|SunnyDay|[upkeep]\n|-damage|p1a: Flapple|0 fnt|[from] psn\n|faint|p1a: Flapple\n|upkeep\n|\n|t:|1776649510\n|switch|p1a: Gardevoir|Gardevoir, L50, F, shiny|100/100\n|-ability|p1a: Gardevoir|Tough Claws|Trace|[from] ability: Trace|[of] p2a: Charizard\n|turn|9\n|inactive|Mbozzo11 has 30 seconds left.\n|\n|t:|1776649538\n|detailschange|p1a: Gardevoir|Gardevoir-Mega, L50, F, shiny\n|-mega|p1a: Gardevoir|Gardevoir|Gardevoirite\n|move|p1b: Sableye|Reflect|p1b: Sableye\n|-sidestart|p1: CBKreme|Reflect\n|move|p2a: Charizard|Flare Blitz|p1a: Gardevoir\n|-damage|p1a: Gardevoir|0 fnt\n|faint|p1a: Gardevoir\n|-damage|p2a: Charizard|47/100|[from] Recoil\n|move|p2b: Whimsicott|Thief|p1b: Sableye\n|-damage|p1b: Sableye|79/100\n|\n|-weather|none\n|-sideend|p2: Mbozzo11|move: Tailwind\n|upkeep\n|turn|10\n|\n|t:|1776649560\n|move|p2b: Whimsicott|Tailwind|p2b: Whimsicott\n|-sidestart|p2: Mbozzo11|move: Tailwind\n|move|p1b: Sableye|Skill Swap|p2a: Charizard\n|-activate|p1b: Sableye|Skill Swap|Tough Claws|Prankster|[of] p2a: Charizard\n|move|p2a: Charizard|Dragon Claw|p1b: Sableye\n|-damage|p1b: Sableye|47/100\n|\n|upkeep\n|turn|11\n|c|\u2606CBKreme|Gg\n|\n|t:|1776649581\n|move|p2a: Charizard|Protect|p2a: Charizard\n|-singleturn|p2a: Charizard|Protect\n|move|p2b: Whimsicott|Sunny Day|p2b: Whimsicott\n|-weather|SunnyDay\n|move|p1b: Sableye|Reflect||[still]\n|-fail|p1b: Sableye\n|\n|-weather|SunnyDay|[upkeep]\n|upkeep\n|turn|12\n|\n|t:|1776649592\n|move|p2a: Charizard|Flare Blitz|p1b: Sableye\n|-damage|p1b: Sableye|0 fnt\n|faint|p1b: Sableye\n|-damage|p2a: Charizard|34/100|[from] Recoil\n|\n|win|Mbozzo11\n|raw|CBKreme's rating: 1041 &rarr; <strong>1023</strong><br />(-18 for losing)\n|raw|Mbozzo11's rating: 1000 &rarr; <strong>1045</strong><br />(+45 for winning)\n|l|\u2606Mbozzo11\n|player|p2|\n",
  "uploadtime": 1776649598,
  "views": 11,
  "formatid": "gen9championsvgc2026regma",
  "rating": 1023,
  "private": 0,
  "password": null
}