{
  "id": "gen9championsvgc2026regma-2583966952",
  "format": "[Gen 9 Champions] VGC 2026 Reg M-A",
  "players": [
    "marjandy",
    "647w"
  ],
  "log": "|j|\u2606marjandy\n|j|\u2606647w\n|t:|1776212598\n|gametype|doubles\n|player|p1|marjandy|101|1070\n|player|p2|647w|101|1158\n|gen|9\n|tier|[Gen 9 Champions] VGC 2026 Reg M-A\n|rated|\n|rule|Species Clause: Limit one of each Pok\u00e9mon\n|rule|Item Clause: Limit 1 of each item\n|clearpoke\n|poke|p1|Raichu-Alola, L50, F|\n|poke|p1|Emolga, L50, M|\n|poke|p1|Azumarill, L50, F|\n|poke|p1|Whimsicott, L50, F|\n|poke|p1|Camerupt, L50, M|\n|poke|p1|Feraligatr, L50, M|\n|poke|p2|Snorlax, L50, F|\n|poke|p2|Sinistcha, L50|\n|poke|p2|Incineroar, L50, F|\n|poke|p2|Clefable, L50, M|\n|poke|p2|Aerodactyl, L50, M|\n|poke|p2|Mimikyu, L50, M|\n|teampreview|4\n647w has agreed to open team sheets.\n|\n|t:|1776212629\n|teamsize|p1|4\n|teamsize|p2|4\n|start\n|switch|p1a: Raichu|Raichu-Alola, L50, F|100/100\n|switch|p1b: Feraligatr|Feraligatr, L50, M|100/100\n|switch|p2a: Snorlax|Snorlax, L50, F|100/100\n|switch|p2b: Incineroar|Incineroar, L50, F|100/100\n|-ability|p2b: Incineroar|Intimidate|boost\n|-unboost|p1a: Raichu|atk|1\n|-unboost|p1b: Feraligatr|atk|1\n|turn|1\n|\n|t:|1776212647\n|switch|p1b: Azumarill|Azumarill, L50, F|100/100\n|move|p1a: Raichu|Fake Out|p2a: Snorlax\n|-damage|p2a: Snorlax|95/100\n|move|p2b: Incineroar|Fake Out|p1b: Azumarill\n|-damage|p1b: Azumarill|88/100\n|cant|p2a: Snorlax|flinch\n|\n|upkeep\n|turn|2\n|\n|t:|1776212664\n|move|p2a: Snorlax|Protect|p2a: Snorlax\n|-singleturn|p2a: Snorlax|Protect\n|move|p1a: Raichu|Speed Swap|p1b: Azumarill\n|-activate|p1a: Raichu|move: Speed Swap|[of] p1b: Azumarill\n|move|p1b: Azumarill|Belly Drum|p1b: Azumarill\n|-damage|p1b: Azumarill|38/100\n|-setboost|p1b: Azumarill|atk|6|[from] move: Belly Drum\n|-enditem|p1b: Azumarill|Sitrus Berry|[eat]\n|-heal|p1b: Azumarill|63/100|[from] item: Sitrus Berry\n|move|p2b: Incineroar|Parting Shot|p1b: Azumarill\n|-unboost|p1b: Azumarill|atk|1\n|-unboost|p1b: Azumarill|spa|1\n|\n|t:|1776212669\n|switch|p2b: Clefable|Clefable, L50, M|100/100|[from] Parting Shot\n|\n|upkeep\n|turn|3\n|\n|t:|1776212693\n|switch|p1a: Emolga|Emolga, L50, M|100/100\n|move|p2b: Clefable|Follow Me|p2b: Clefable\n|-singleturn|p2b: Clefable|move: Follow Me\n|move|p1b: Azumarill|Brick Break|p2b: Clefable\n|-resisted|p2b: Clefable|1\n|-damage|p2b: Clefable|40/100\n|move|p2a: Snorlax|Belly Drum|p2a: Snorlax\n|-damage|p2a: Snorlax|45/100\n|-setboost|p2a: Snorlax|atk|6|[from] move: Belly Drum\n|-enditem|p2a: Snorlax|Sitrus Berry|[eat]\n|-heal|p2a: Snorlax|70/100|[from] item: Sitrus Berry\n|\n|upkeep\n|turn|4\n|\n|t:|1776212714\n|detailschange|p2b: Clefable|Clefable-Mega, L50, M\n|-mega|p2b: Clefable|Clefable|Clefablite\n|move|p2b: Clefable|Follow Me|p2b: Clefable\n|-singleturn|p2b: Clefable|move: Follow Me\n|move|p1b: Azumarill|Liquidation|p2b: Clefable\n|-damage|p2b: Clefable|0 fnt\n|faint|p2b: Clefable\n|move|p1a: Emolga|Light Screen|p1a: Emolga\n|-sidestart|p1: marjandy|move: Light Screen\n|move|p2a: Snorlax|Body Slam|p1b: Azumarill\n|-damage|p1b: Azumarill|0 fnt\n|faint|p1b: Azumarill\n|\n|upkeep\n|\n|t:|1776212728\n|switch|p2b: Sinistcha|Sinistcha, L50|100/100\n|switch|p1b: Raichu|Raichu-Alola, L50, F|100/100\n|-heal|p2a: Snorlax|95/100|[from] ability: Hospitality|[of] p2b: Sinistcha\n|turn|5\n|\n|t:|1776212744\n|move|p2a: Snorlax|Protect|p2a: Snorlax\n|-singleturn|p2a: Snorlax|Protect\n|move|p1b: Raichu|Fake Out|p2a: Snorlax\n|-activate|p2a: Snorlax|move: Protect\n|move|p1a: Emolga|Nuzzle|p2b: Sinistcha\n|-resisted|p2b: Sinistcha|1\n|-damage|p2b: Sinistcha|98/100\n|-status|p2b: Sinistcha|par\n|move|p2b: Sinistcha|Trick Room|p2b: Sinistcha\n|-fieldstart|move: Trick Room|[of] p2b: Sinistcha\n|\n|-heal|p2b: Sinistcha|100/100 par|[from] item: Leftovers\n|upkeep\n|turn|6\n|\n|t:|1776212762\n|switch|p2b: Incineroar|Incineroar, L50, F|100/100\n|-ability|p2b: Incineroar|Intimidate|boost\n|-unboost|p1a: Emolga|atk|1\n|-unboost|p1b: Raichu|atk|1\n|move|p2a: Snorlax|Body Slam|p1a: Emolga\n|-damage|p1a: Emolga|0 fnt\n|faint|p1a: Emolga\n|move|p1b: Raichu|Speed Swap|p2a: Snorlax\n|-activate|p1b: Raichu|move: Speed Swap|[of] p2a: Snorlax\n|\n|upkeep\n|\n|t:|1776212774\n|switch|p1a: Feraligatr|Feraligatr, L50, M|100/100\n|turn|7\n|\n|t:|1776212788\n|detailschange|p1a: Feraligatr|Feraligatr-Mega, L50, M\n|-mega|p1a: Feraligatr|Feraligatr|Feraligite\n|move|p2b: Incineroar|Fake Out|p1a: Feraligatr\n|-damage|p1a: Feraligatr|89/100\n|move|p1b: Raichu|Thunderbolt|p2a: Snorlax\n|-damage|p2a: Snorlax|76/100\n|cant|p1a: Feraligatr|flinch\n|move|p2a: Snorlax|Body Slam|p1b: Raichu\n|-enditem|p1b: Raichu|Focus Sash\n|-damage|p1b: Raichu|1/100\n|\n|upkeep\n|turn|8\n|\n|t:|1776212806\n|switch|p2b: Sinistcha|Sinistcha, L50|100/100 par\n|-heal|p2a: Snorlax|100/100|[from] ability: Hospitality|[of] p2b: Sinistcha\n|move|p2a: Snorlax|Protect|p2a: Snorlax\n|-singleturn|p2a: Snorlax|Protect\n|move|p1b: Raichu|Thunderbolt|p2b: Sinistcha\n|-resisted|p2b: Sinistcha|1\n|-damage|p2b: Sinistcha|85/100 par\n|move|p1a: Feraligatr|Double-Edge|p2a: Snorlax\n|-activate|p2a: Snorlax|move: Protect\n|\n|-heal|p2b: Sinistcha|92/100 par|[from] item: Leftovers\n|-sideend|p1: marjandy|move: Light Screen\n|upkeep\n|turn|9\n|\n|t:|1776212815\n|move|p2b: Sinistcha|Rage Powder|p2b: Sinistcha\n|-singleturn|p2b: Sinistcha|move: Rage Powder\n|move|p1b: Raichu|Thunderbolt|p2b: Sinistcha\n|-resisted|p2b: Sinistcha|1\n|-damage|p2b: Sinistcha|75/100 par\n|move|p1a: Feraligatr|Double-Edge|p2b: Sinistcha\n|-damage|p2b: Sinistcha|0 fnt\n|faint|p2b: Sinistcha\n|-damage|p1a: Feraligatr|61/100|[from] Recoil\n|move|p2a: Snorlax|Body Slam|p1a: Feraligatr\n|-damage|p1a: Feraligatr|0 fnt\n|faint|p1a: Feraligatr\n|\n|-fieldend|move: Trick Room\n|upkeep\n|\n|t:|1776212817\n|switch|p2b: Incineroar|Incineroar, L50, F|100/100\n|-ability|p2b: Incineroar|Intimidate|boost\n|-unboost|p1b: Raichu|atk|1\n|turn|10\n|\n|t:|1776212829\n|move|p2a: Snorlax|Body Slam|p1b: Raichu\n|-damage|p1b: Raichu|0 fnt\n|faint|p1b: Raichu\n|\n|win|647w\n|raw|marjandy's rating: 1070 &rarr; <strong>1055</strong><br />(-15 for losing)\n|raw|647w's rating: 1158 &rarr; <strong>1177</strong><br />(+19 for winning)\n|l|\u2606marjandy\n|player|p1|\n",
  "uploadtime": 1776212941,
  "views": 24,
  "formatid": "gen9championsvgc2026regma",
  "rating": 1055,
  "private": 0,
  "password": null
}