{
  "id": "gen9championsvgc2026regma-2582237793",
  "format": "[Gen 9 Champions] VGC 2026 Reg M-A",
  "players": [
    "TsekaiAndIncognito",
    "Luna90909"
  ],
  "log": "|j|\u2606TsekaiAndIncognito\n|j|\u2606Luna90909\n|t:|1776074772\n|gametype|doubles\n|player|p1|TsekaiAndIncognito|hilbert|1139\n|player|p2|Luna90909|2|1152\n|gen|9\n|tier|[Gen 9 Champions] VGC 2026 Reg M-A\n|rated|\n|rule|Species Clause: Limit one of each Pok\u00e9mon\n|rule|Item Clause: Limit 1 of each item\n|clearpoke\n|poke|p1|Froslass, L50, F|\n|poke|p1|Talonflame, L50, M|\n|poke|p1|Floette-Eternal, L50, F|\n|poke|p1|Krookodile, L50, F|\n|poke|p1|Gardevoir, L50, M|\n|poke|p1|Gallade, L50, M|\n|poke|p2|Floette-Eternal, L50, F|\n|poke|p2|Aerodactyl, L50, M|\n|poke|p2|Kingambit, L50, M|\n|poke|p2|Incineroar, L50, M|\n|poke|p2|Sneasler, L50, M|\n|poke|p2|Sinistcha, L50|\n|teampreview|4\n|inactive|Battle timer is ON: inactive players will automatically lose when time's up. (requested by TsekaiAndIncognito)\n|inactive|Luna90909 has 60 seconds left.\n|\n|t:|1776074805\n|teamsize|p1|4\n|teamsize|p2|4\n|start\n|switch|p1a: Froslass|Froslass, L50, F|100/100\n|switch|p1b: Krookodile|Krookodile, L50, F|100/100\n|switch|p2a: Incineroar|Incineroar, L50, M|100/100\n|switch|p2b: Floette|Floette-Eternal, L50, F|100/100\n|-ability|p2a: Incineroar|Intimidate|boost\n|-unboost|p1a: Froslass|atk|1\n|-unboost|p1b: Krookodile|atk|1\n|turn|1\n|\n|t:|1776074827\n|detailschange|p1a: Froslass|Froslass-Mega, L50, F\n|-mega|p1a: Froslass|Froslass|Froslassite\n|-weather|Snowscape|[from] ability: Snow Warning|[of] p1a: Froslass\n|detailschange|p2b: Floette|Floette-Mega, L50, F\n|-mega|p2b: Floette|Floette|Floettite\n|-ability|p2b: Floette|Fairy Aura\n|move|p1b: Krookodile|Earthquake|p2a: Incineroar|[spread] p1a,p2a,p2b\n|-supereffective|p2a: Incineroar|1\n|-damage|p1a: Froslass|71/100\n|-damage|p2a: Incineroar|53/100\n|-damage|p2b: Floette|66/100\n|move|p1a: Froslass|Blizzard|p2b: Floette|[spread] p2a,p2b\n|-resisted|p2a: Incineroar|1\n|-damage|p2a: Incineroar|36/100\n|-damage|p2b: Floette|27/100\n|-status|p2b: Floette|frz\n|-curestatus|p2b: Floette|frz|[msg]\n|move|p2b: Floette|Dazzling Gleam|p1a: Froslass|[spread] p1a,p1b\n|-supereffective|p1b: Krookodile|1\n|-damage|p1a: Froslass|13/100\n|-damage|p1b: Krookodile|0 fnt\n|faint|p1b: Krookodile\n|move|p2a: Incineroar|Flare Blitz|p1a: Froslass\n|-supereffective|p1a: Froslass|1\n|-damage|p1a: Froslass|0 fnt\n|faint|p1a: Froslass\n|-damage|p2a: Incineroar|33/100|[from] Recoil\n|\n|-weather|Snowscape|[upkeep]\n|upkeep\n|\n|t:|1776074847\n|switch|p1a: Gardevoir|Gardevoir, L50, M|100/100\n|switch|p1b: Talonflame|Talonflame, L50, M|100/100\n|turn|2\n|\n|t:|1776074871\n|move|p2b: Floette|Protect|p2b: Floette\n|-singleturn|p2b: Floette|Protect\n|move|p1b: Talonflame|Dual Wingbeat|p2b: Floette\n|-activate|p2b: Floette|move: Protect\n|move|p1a: Gardevoir|Aura Sphere|p2a: Incineroar\n|-supereffective|p2a: Incineroar|1\n|-enditem|p2a: Incineroar|Chople Berry|[eat]\n|-enditem|p2a: Incineroar|Chople Berry|[weaken]\n|-damage|p2a: Incineroar|11/100\n|move|p2a: Incineroar|Darkest Lariat|p1b: Talonflame\n|-damage|p1b: Talonflame|46/100\n|\n|-weather|Snowscape|[upkeep]\n|upkeep\n|turn|3\n|inactive|Luna90909 has 30 seconds left.\n|\n|t:|1776074898\n|switch|p2b: Kingambit|Kingambit, L50, M|100/100\n|switch|p2a: Sinistcha|Sinistcha, L50|100/100\n|move|p1b: Talonflame|Dual Wingbeat|p2b: Kingambit\n|-resisted|p2b: Kingambit|1\n|-damage|p2b: Kingambit|93/100\n|-resisted|p2b: Kingambit|1\n|-damage|p2b: Kingambit|87/100\n|-hitcount|p2b: Kingambit|2\n|move|p1a: Gardevoir|Moonblast|p2a: Sinistcha\n|-damage|p2a: Sinistcha|45/100\n|-enditem|p2a: Sinistcha|Sitrus Berry|[eat]\n|-heal|p2a: Sinistcha|70/100|[from] item: Sitrus Berry\n|\n|-weather|Snowscape|[upkeep]\n|upkeep\n|turn|4\n|\n|t:|1776074916\n|move|p1b: Talonflame|Quick Guard|p1b: Talonflame\n|-singleturn|p1b: Talonflame|Quick Guard\n|move|p2b: Kingambit|Sucker Punch||[still]\n|-fail|p2b: Kingambit\n|move|p1a: Gardevoir|Aura Sphere|p2b: Kingambit\n|-supereffective|p2b: Kingambit|2\n|-damage|p2b: Kingambit|0 fnt\n|faint|p2b: Kingambit\n|move|p2a: Sinistcha|Trick Room|p2a: Sinistcha\n|-fieldstart|move: Trick Room|[of] p2a: Sinistcha\n|\n|-weather|Snowscape|[upkeep]\n|upkeep\n|\n|t:|1776074927\n|switch|p2b: Incineroar|Incineroar, L50, M|11/100\n|-ability|p2b: Incineroar|Intimidate|boost\n|-unboost|p1a: Gardevoir|atk|1\n|-unboost|p1b: Talonflame|atk|1\n|turn|5\n|-activate|p1a: Gardevoir|item: Quick Claw\n|\n|t:|1776074943\n|move|p1a: Gardevoir|Moonblast|p2b: Incineroar\n|-damage|p2b: Incineroar|0 fnt\n|faint|p2b: Incineroar\n|move|p2a: Sinistcha|Matcha Gotcha|p1a: Gardevoir|[spread] p1b\n|-miss|p2a: Sinistcha|p1a: Gardevoir\n|-resisted|p1b: Talonflame|2\n|-damage|p1b: Talonflame|37/100\n|-heal|p2a: Sinistcha|74/100|[from] drain|[of] p1b: Talonflame\n|move|p1b: Talonflame|Brave Bird|p2a: Sinistcha\n|-supereffective|p2a: Sinistcha|1\n|-damage|p2a: Sinistcha|13/100\n|-damage|p1b: Talonflame|14/100|[from] Recoil\n|\n|-weather|none\n|upkeep\n|\n|t:|1776074952\n|switch|p2b: Floette|Floette-Mega, L50, F|27/100\n|-ability|p2b: Floette|Fairy Aura\n|turn|6\n|\n|t:|1776074959\n|move|p2a: Sinistcha|Rage Powder|p2a: Sinistcha\n|-singleturn|p2a: Sinistcha|move: Rage Powder\n|move|p1a: Gardevoir|Moonblast|p2a: Sinistcha\n|-damage|p2a: Sinistcha|0 fnt\n|faint|p2a: Sinistcha\n|move|p2b: Floette|Dazzling Gleam|p1b: Talonflame|[spread] p1a,p1b\n|-resisted|p1b: Talonflame|1\n|-damage|p1a: Gardevoir|48/100\n|-damage|p1b: Talonflame|0 fnt\n|faint|p1b: Talonflame\n|\n|upkeep\n|turn|7\n|\n|t:|1776074968\n|move|p1a: Gardevoir|Moonblast|p2b: Floette\n|-damage|p2b: Floette|0 fnt\n|faint|p2b: Floette\n|\n|win|TsekaiAndIncognito\n|raw|TsekaiAndIncognito's rating: 1139 &rarr; <strong>1165</strong><br />(+26 for winning)\n|raw|Luna90909's rating: 1152 &rarr; <strong>1126</strong><br />(-26 for losing)\n|l|\u2606Luna90909\n|player|p2|\n",
  "uploadtime": 1776074976,
  "views": 14,
  "formatid": "gen9championsvgc2026regma",
  "rating": 1126,
  "private": 0,
  "password": null
}