{
  "id": "gen9championsvgc2026regma-2585575147",
  "format": "[Gen 9 Champions] VGC 2026 Reg M-A",
  "players": [
    "Aureumm",
    "ligreuff"
  ],
  "log": "|j|\u2606Aureumm\n|j|\u2606ligreuff\n|t:|1776356497\n|gametype|doubles\n|player|p1|Aureumm|101|1000\n|player|p2|ligreuff|2|1000\n|gen|9\n|tier|[Gen 9 Champions] VGC 2026 Reg M-A\n|rated|\n|rule|Species Clause: Limit one of each Pok\u00e9mon\n|rule|Item Clause: Limit 1 of each item\n|clearpoke\n|poke|p1|Sneasler, L50, F|\n|poke|p1|Zoroark-Hisui, L50, M|\n|poke|p1|Incineroar, L50, M|\n|poke|p1|Golurk, L50|\n|poke|p1|Starmie, L50|\n|poke|p1|Whimsicott, L50, F|\n|poke|p2|Starmie, L50|\n|poke|p2|Dragapult, L50, F|\n|poke|p2|Aegislash, L50, F|\n|poke|p2|Ditto, L50|\n|poke|p2|Garganacl, L50, F|\n|poke|p2|Sneasler, L50, F|\n|teampreview|4\nligreuff has agreed to open team sheets.\n|\n|t:|1776356533\n|teamsize|p1|4\n|teamsize|p2|4\n|start\n|switch|p1a: Whimsicott|Whimsicott, L50, F, shiny|100/100\n|switch|p1b: Sneasler|Sneasler, L50, F, shiny|100/100\n|switch|p2a: Majin Starmie|Starmie, L50, shiny|100/100\n|switch|p2b: Missio|Dragapult, L50, F|100/100\n|turn|1\n|\n|t:|1776356554\n|detailschange|p2a: Majin Starmie|Starmie-Mega, L50, shiny\n|-mega|p2a: Majin Starmie|Starmie|Starminite\n|move|p1a: Whimsicott|Tailwind|p1a: Whimsicott\n|-sidestart|p1: Aureumm|move: Tailwind\n|move|p1b: Sneasler|Swords Dance|p1b: Sneasler\n|-boost|p1b: Sneasler|atk|2\n|move|p2b: Missio|Phantom Force||[still]\n|-prepare|p2b: Missio|Phantom Force\n|move|p2a: Majin Starmie|Self-Destruct|p1a: Whimsicott|[spread] p1a,p1b\n|-miss|p2a: Majin Starmie|p2b: Missio\n|-damage|p1a: Whimsicott|0 fnt\n|-damage|p1b: Sneasler|0 fnt\n|faint|p2a: Majin Starmie\n|faint|p1a: Whimsicott\n|faint|p1b: Sneasler\n|\n|upkeep\n|\n|t:|1776356570\n|switch|p2a: Dire Claw|Sneasler, L50, F, shiny|100/100\n|switch|p1b: Incineroar|Incineroar, L50, M|100/100\n|switch|p1a: Golurk|Golurk, L50, shiny|100/100\n|-ability|p1b: Incineroar|Intimidate|boost\n|-unboost|p2a: Dire Claw|atk|1\n|-unboost|p2b: Missio|atk|1\n|turn|2\n|\n|t:|1776356600\n|detailschange|p1a: Golurk|Golurk-Mega, L50, shiny\n|-mega|p1a: Golurk|Golurk|Golurkite\n|move|p1b: Incineroar|Protect|p1b: Incineroar\n|-singleturn|p1b: Incineroar|Protect\n|move|p2a: Dire Claw|Upper Hand||[still]\n|-fail|p2a: Dire Claw\n|move|p2b: Missio|Phantom Force|p1b: Incineroar|[from] lockedmove\n|-activate|p1b: Incineroar|move: Phantom Force|[broken]\n|-resisted|p1b: Incineroar|1\n|-damage|p1b: Incineroar|83/100\n|move|p1a: Golurk|Knock Off|p2b: Missio\n|-supereffective|p2b: Missio|1\n|-damage|p2b: Missio|0 fnt\n|-enditem|p2b: Missio|Dragon Fang|[from] move: Knock Off|[of] p1a: Golurk\n|faint|p2b: Missio\n|\n|upkeep\n|\n|t:|1776356610\n|switch|p2b: Jujuba|Ditto, L50|100/100\n|-transform|p2b: Jujuba|p1a: Golurk|[from] ability: Imposter\n|turn|3\n|\n|t:|1776356640\n|move|p1b: Incineroar|Darkest Lariat|p2a: Dire Claw\n|-resisted|p2a: Dire Claw|1\n|-damage|p2a: Dire Claw|62/100\n|move|p2a: Dire Claw|Close Combat|p1b: Incineroar\n|-supereffective|p1b: Incineroar|1\n|-damage|p1b: Incineroar|0 fnt\n|-unboost|p2a: Dire Claw|def|1\n|-unboost|p2a: Dire Claw|spd|1\n|faint|p1b: Incineroar\n|move|p1a: Golurk|Ice Punch|p2b: Jujuba\n|-supereffective|p2b: Jujuba|1\n|-damage|p2b: Jujuba|36/100\n|move|p2b: Jujuba|Knock Off|p1a: Golurk\n|-supereffective|p1a: Golurk|1\n|-damage|p1a: Golurk|52/100\n|\n|upkeep\n|turn|4\n|\n|t:|1776356667\n|move|p2a: Dire Claw|Acrobatics|p1a: Golurk\n|-damage|p1a: Golurk|39/100\n|-status|p1a: Golurk|psn|[from] ability: Poison Touch|[of] p2a: Dire Claw\n|move|p1a: Golurk|Ice Punch|p2b: Jujuba\n|-supereffective|p2b: Jujuba|1\n|-damage|p2b: Jujuba|0 fnt\n|faint|p2b: Jujuba\n|\n|-damage|p1a: Golurk|26/100 psn|[from] psn\n|-sideend|p1: Aureumm|move: Tailwind\n|upkeep\n|turn|5\n|\n|t:|1776356690\n|move|p2a: Dire Claw|Trailblaze|p1a: Golurk\n|-supereffective|p1a: Golurk|1\n|-damage|p1a: Golurk|2/100 psn\n|-boost|p2a: Dire Claw|spe|1\n|move|p1a: Golurk|Body Slam|p2a: Dire Claw\n|-damage|p2a: Dire Claw|0 fnt\n|faint|p2a: Dire Claw\n|\n|win|Aureumm\n|raw|Aureumm's rating: 1000 &rarr; <strong>1040</strong><br />(+40 for winning)\n|raw|ligreuff's rating: 1000 &rarr; <strong>1000</strong><br />(+0 for losing)\n",
  "uploadtime": 1776356700,
  "views": 17,
  "formatid": "gen9championsvgc2026regma",
  "rating": 1000,
  "private": 0,
  "password": null
}