{
  "id": "gen9championsvgc2026regma-2583116794",
  "format": "[Gen 9 Champions] VGC 2026 Reg M-A",
  "players": [
    "funmer",
    "MoonDawg0013"
  ],
  "log": "|j|\u2606funmer\n|j|\u2606MoonDawg0013\n|t:|1776143970\n|gametype|doubles\n|player|p1|funmer|101|1043\n|player|p2|MoonDawg0013|giovanni|1053\n|gen|9\n|tier|[Gen 9 Champions] VGC 2026 Reg M-A\n|rated|\n|rule|Species Clause: Limit one of each Pok\u00e9mon\n|rule|Item Clause: Limit 1 of each item\n|clearpoke\n|poke|p1|Froslass, L50, F|\n|poke|p1|Garchomp, L50, M|\n|poke|p1|Incineroar, L50, M|\n|poke|p1|Sneasler, L50, F|\n|poke|p1|Rotom-Wash, L50|\n|poke|p1|Whimsicott, L50, F|\n|poke|p2|Tyranitar, L50, M|\n|poke|p2|Sinistcha, L50|\n|poke|p2|Corviknight, L50, F|\n|poke|p2|Primarina, L50, M|\n|poke|p2|Garchomp, L50, M|\n|poke|p2|Rotom-Heat, L50|\n|teampreview|4\nMoonDawg0013 has agreed to open team sheets.\n|\n|t:|1776144025\n|teamsize|p1|4\n|teamsize|p2|4\n|start\n|switch|p1a: Whimsicott|Whimsicott, L50, F|100/100\n|switch|p1b: Froslass|Froslass, L50, F|100/100\n|switch|p2a: Pickle|Tyranitar, L50, M|100/100\n|switch|p2b: Corviknight|Corviknight, L50, F, shiny|100/100\n|-weather|Sandstorm|[from] ability: Sand Stream|[of] p2a: Pickle\n|turn|1\n|\n|t:|1776144048\n|switch|p2a: Rotom|Rotom-Heat, L50|100/100\n|detailschange|p1b: Froslass|Froslass-Mega, L50, F\n|-mega|p1b: Froslass|Froslass|Froslassite\n|-weather|Snowscape|[from] ability: Snow Warning|[of] p1b: Froslass\n|move|p1b: Froslass|Protect|p1b: Froslass\n|-singleturn|p1b: Froslass|Protect\n|move|p1a: Whimsicott|Tailwind|p1a: Whimsicott\n|-sidestart|p1: funmer|move: Tailwind\n|move|p2b: Corviknight|Tailwind|p2b: Corviknight\n|-sidestart|p2: MoonDawg0013|move: Tailwind\n|\n|-weather|Snowscape|[upkeep]\n|upkeep\n|turn|2\n|\n|t:|1776144072\n|switch|p1b: Rotom|Rotom-Wash, L50|100/100\n|switch|p2b: Pickle|Tyranitar, L50, M|100/100\n|-weather|Sandstorm|[from] ability: Sand Stream|[of] p2b: Pickle\n|move|p1a: Whimsicott|Encore|p2b: Pickle\n|-hint|Since gen 7, Dark is immune to Prankster moves.\n|-immune|p2b: Pickle\n|move|p2a: Rotom|Overheat|p1a: Whimsicott\n|-supereffective|p1a: Whimsicott|1\n|-enditem|p1a: Whimsicott|Focus Sash\n|-damage|p1a: Whimsicott|1/100\n|-unboost|p2a: Rotom|spa|2\n|\n|-weather|Sandstorm|[upkeep]\n|-damage|p1a: Whimsicott|0 fnt|[from] Sandstorm\n|-damage|p2a: Rotom|95/100|[from] Sandstorm\n|-damage|p1b: Rotom|95/100|[from] Sandstorm\n|faint|p1a: Whimsicott\n|upkeep\n|\n|t:|1776144092\n|switch|p1a: Froslass|Froslass-Mega, L50, F|100/100\n|-weather|Snowscape|[from] ability: Snow Warning|[of] p1a: Froslass\n|turn|3\n|\n|t:|1776144118\n|switch|p2b: Primarina|Primarina, L50, M|100/100\n|move|p2a: Rotom|Protect|p2a: Rotom\n|-singleturn|p2a: Rotom|Protect\n|move|p1a: Froslass|Blizzard|p2a: Rotom|[spread] p2b\n|-activate|p2a: Rotom|move: Protect\n|-resisted|p2b: Primarina|1\n|-damage|p2b: Primarina|79/100\n|-status|p2b: Primarina|frz\n|move|p1b: Rotom|Hydro Pump|p2b: Primarina\n|-resisted|p2b: Primarina|1\n|-damage|p2b: Primarina|53/100 frz\n|\n|-weather|Snowscape|[upkeep]\n|upkeep\n|turn|4\n|\n|t:|1776144147\n|switch|p1a: Sneasler|Sneasler, L50, F|100/100\n|move|p2a: Rotom|Thunderbolt|p1b: Rotom\n|-damage|p1b: Rotom|79/100\n|move|p1b: Rotom|Hydro Pump|p2a: Rotom\n|-supereffective|p2a: Rotom|1\n|-damage|p2a: Rotom|0 fnt\n|faint|p2a: Rotom\n|cant|p2b: Primarina|frz\n|\n|-weather|Snowscape|[upkeep]\n|-sideend|p1: funmer|move: Tailwind\n|-sideend|p2: MoonDawg0013|move: Tailwind\n|upkeep\n|\n|t:|1776144154\n|switch|p2a: Pickle|Tyranitar, L50, M|100/100\n|-weather|Sandstorm|[from] ability: Sand Stream|[of] p2a: Pickle\n|turn|5\n|\n|t:|1776144182\n|detailschange|p2a: Pickle|Tyranitar-Mega, L50, M\n|-mega|p2a: Pickle|Tyranitar|Tyranitarite\n|cant|p2b: Primarina|frz\n|move|p1a: Sneasler|Dire Claw|p2b: Primarina\n|-supereffective|p2b: Primarina|1\n|-damage|p2b: Primarina|0 fnt\n|faint|p2b: Primarina\n|move|p2a: Pickle|Rock Slide|p1b: Rotom|[spread] p1a,p1b\n|-resisted|p1a: Sneasler|1\n|-damage|p1a: Sneasler|70/100\n|-damage|p1b: Rotom|40/100\n|move|p1b: Rotom|Volt Switch|p2a: Pickle\n|-damage|p2a: Pickle|78/100\n|\n|t:|1776144197\n|switch|p1b: Froslass|Froslass-Mega, L50, F|100/100|[from] Volt Switch\n|-weather|Snowscape|[from] ability: Snow Warning|[of] p1b: Froslass\n|\n|-weather|Snowscape|[upkeep]\n|upkeep\n|\n|t:|1776144201\n|switch|p2b: Corviknight|Corviknight, L50, F, shiny|100/100\n|turn|6\n|\n|t:|1776144214\n|move|p1a: Sneasler|Close Combat|p2a: Pickle\n|-supereffective|p2a: Pickle|2\n|-damage|p2a: Pickle|0 fnt\n|-unboost|p1a: Sneasler|def|1\n|-unboost|p1a: Sneasler|spd|1\n|faint|p2a: Pickle\n|-enditem|p1a: Sneasler|White Herb\n|-clearnegativeboost|p1a: Sneasler|[silent]\n|move|p1b: Froslass|Blizzard|p2b: Corviknight\n|-damage|p2b: Corviknight|42/100\n|move|p2b: Corviknight|Brave Bird|p1a: Sneasler\n|-supereffective|p1a: Sneasler|1\n|-damage|p1a: Sneasler|0 fnt\n|faint|p1a: Sneasler\n|-damage|p2b: Corviknight|24/100|[from] Recoil\n|\n|-weather|Snowscape|[upkeep]\n|upkeep\n|-message|MoonDawg0013 forfeited.\n|\n|win|funmer\n|raw|funmer's rating: 1043 &rarr; <strong>1078</strong><br />(+35 for winning)\n|raw|MoonDawg0013's rating: 1053 &rarr; <strong>1035</strong><br />(-18 for losing)\n|l|\u2606MoonDawg0013\n|player|p2|\n",
  "uploadtime": 1776144235,
  "views": 13,
  "formatid": "gen9championsvgc2026regma",
  "rating": 1035,
  "private": 0,
  "password": null
}