{
  "id": "gen9championsvgc2026regma-2584080744",
  "format": "[Gen 9 Champions] VGC 2026 Reg M-A",
  "players": [
    "Missed Ledgedash",
    "sylent knight"
  ],
  "log": "|j|\u2606Missed Ledgedash\n|j|\u2606sylent knight\n|t:|1776223145\n|gametype|doubles\n|player|p1|Missed Ledgedash|juan-gen3|1216\n|player|p2|sylent knight|266|1205\n|gen|9\n|tier|[Gen 9 Champions] VGC 2026 Reg M-A\n|rated|\n|rule|Species Clause: Limit one of each Pok\u00e9mon\n|rule|Item Clause: Limit 1 of each item\n|clearpoke\n|poke|p1|Incineroar, L50, F|\n|poke|p1|Gengar, L50, F|\n|poke|p1|Gyarados, L50, M|\n|poke|p1|Tyranitar, L50, M|\n|poke|p1|Sneasler, L50, F|\n|poke|p1|Excadrill, L50, F|\n|poke|p2|Meganium, L50, F|\n|poke|p2|Garchomp, L50, M|\n|poke|p2|Sinistcha, L50|\n|poke|p2|Palafin, L50, M|\n|poke|p2|Scizor, L50, M|\n|poke|p2|Sableye, L50, M|\n|teampreview|4\n|inactive|Battle timer is ON: inactive players will automatically lose when time's up. (requested by sylent knight)\n|inactive|Missed Ledgedash has 60 seconds left.\n|inactive|Missed Ledgedash has 30 seconds left.\n|inactive|sylent knight has 60 seconds left.\n|inactive|Missed Ledgedash has 20 seconds left.\n|inactive|Missed Ledgedash has 15 seconds left.\n|\n|t:|1776223223\n|teamsize|p1|4\n|teamsize|p2|4\n|start\n|switch|p1a: Gengar|Gengar, L50, F|100/100\n|switch|p1b: Sneasler|Sneasler, L50, F|100/100\n|switch|p2a: Meganium|Meganium, L50, F|100/100\n|switch|p2b: Palafin|Palafin, L50, M|100/100\n|turn|1\n|\n|t:|1776223243\n|detailschange|p2b: Palafin|Palafin-Hero, L50, M\n|switch|p2b: Scizor|Scizor, L50, M|100/100\n|switch|p2a: Sableye|Sableye, L50, M|100/100\n|move|p1b: Sneasler|Fake Out|p2b: Scizor\n|-resisted|p2b: Scizor|1\n|-damage|p2b: Scizor|94/100\n|move|p1a: Gengar|Perish Song|p1a: Gengar\n|-start|p1a: Gengar|perish3|[silent]\n|-start|p1b: Sneasler|perish3|[silent]\n|-start|p2a: Sableye|perish3|[silent]\n|-start|p2b: Scizor|perish3|[silent]\n|-fieldactivate|move: Perish Song\n|\n|-start|p1b: Sneasler|perish3\n|-start|p1a: Gengar|perish3\n|-start|p2b: Scizor|perish3\n|-start|p2a: Sableye|perish3\n|upkeep\n|turn|2\n|inactive|sylent knight has 30 seconds left.\n|c|\u2606Missed Ledgedash|you ever forget to click a button\n|inactive|sylent knight has 20 seconds left.\n|inactive|sylent knight has 15 seconds left.\n|inactive|sylent knight has 10 seconds left.\n|inactive|sylent knight has 5 seconds left.\n|\n|t:|1776223295\n|switch|p1b: Incineroar|Incineroar, L50, F|100/100\n|-ability|p1b: Incineroar|Intimidate|boost\n|-unboost|p2a: Sableye|atk|1\n|-unboost|p2b: Scizor|atk|1\n|detailschange|p1a: Gengar|Gengar-Mega, L50, F\n|-mega|p1a: Gengar|Gengar|Gengarite\n|detailschange|p2b: Scizor|Scizor-Mega, L50, M\n|-mega|p2b: Scizor|Scizor|Scizorite\n|move|p2b: Scizor|Bullet Punch|p1a: Gengar\n|-damage|p1a: Gengar|76/100\n|move|p1a: Gengar|Shadow Ball|p2a: Sableye\n|-damage|p2a: Sableye|55/100\n|-unboost|p2a: Sableye|spd|1\n|move|p2a: Sableye|Dark Pulse|p1a: Gengar\n|-supereffective|p1a: Gengar|1\n|-damage|p1a: Gengar|32/100\n|\n|-heal|p2a: Sableye|60/100|[from] item: Leftovers\n|-start|p1a: Gengar|perish2\n|-start|p2b: Scizor|perish2\n|-start|p2a: Sableye|perish2\n|upkeep\n|turn|3\n|\n|t:|1776223320\n|move|p1a: Gengar|Protect|p1a: Gengar\n|-singleturn|p1a: Gengar|Protect\n|move|p1b: Incineroar|Fake Out|p2b: Scizor\n|-resisted|p2b: Scizor|1\n|-damage|p2b: Scizor|90/100\n|move|p2a: Sableye|Light Screen|p2a: Sableye\n|-sidestart|p2: sylent knight|move: Light Screen\n|cant|p2b: Scizor|flinch\n|\n|-heal|p2a: Sableye|66/100|[from] item: Leftovers\n|-start|p1a: Gengar|perish1\n|-start|p2b: Scizor|perish1\n|-start|p2a: Sableye|perish1\n|upkeep\n|turn|4\n|\n|t:|1776223340\n|switch|p1a: Sneasler|Sneasler, L50, F|100/100\n|move|p1b: Incineroar|Protect|p1b: Incineroar\n|-singleturn|p1b: Incineroar|Protect\n|move|p2b: Scizor|Swords Dance|p2b: Scizor\n|-boost|p2b: Scizor|atk|2\n|move|p2a: Sableye|Dark Pulse|p1a: Sneasler\n|-resisted|p1a: Sneasler|1\n|-damage|p1a: Sneasler|89/100\n|\n|-heal|p2a: Sableye|72/100|[from] item: Leftovers\n|-start|p2b: Scizor|perish0\n|-start|p2a: Sableye|perish0\n|faint|p2b: Scizor\n|faint|p2a: Sableye\n|upkeep\n|\n|t:|1776223355\n|switch|p2b: Meganium|Meganium, L50, F|100/100\n|switch|p2a: Palafin|Palafin-Hero, L50, M|100/100\n|-activate|p2a: Palafin|ability: Zero to Hero\n|turn|5\n|\n|t:|1776223374\n|switch|p1b: Gyarados|Gyarados, L50, M|100/100\n|-ability|p1b: Gyarados|Intimidate|boost\n|-unboost|p2a: Palafin|atk|1\n|-unboost|p2b: Meganium|atk|1\n|move|p1a: Sneasler|Protect|p1a: Sneasler\n|-singleturn|p1a: Sneasler|Protect\n|move|p2a: Palafin|Jet Punch|p1a: Sneasler\n|-activate|p1a: Sneasler|move: Protect\n|move|p2b: Meganium|Earth Power|p1b: Gyarados\n|-immune|p1b: Gyarados\n|\n|upkeep\n|turn|6\n|\n|t:|1776223388\n|switch|p1b: Incineroar|Incineroar, L50, F|100/100\n|-ability|p1b: Incineroar|Intimidate|boost\n|-unboost|p2a: Palafin|atk|1\n|-unboost|p2b: Meganium|atk|1\n|move|p2a: Palafin|Jet Punch|p1a: Sneasler\n|-damage|p1a: Sneasler|46/100\n|move|p1a: Sneasler|Dire Claw|p2b: Meganium\n|-supereffective|p2b: Meganium|1\n|-damage|p2b: Meganium|22/100\n|move|p2b: Meganium|Solar Beam||[still]\n|-prepare|p2b: Meganium|Solar Beam\n|\n|upkeep\n|turn|7\n|-message|sylent knight forfeited.\n|\n|win|Missed Ledgedash\n|raw|Missed Ledgedash's rating: 1216 &rarr; <strong>1240</strong><br />(+24 for winning)\n|raw|sylent knight's rating: 1205 &rarr; <strong>1181</strong><br />(-24 for losing)\n",
  "uploadtime": 1776223407,
  "views": 16,
  "formatid": "gen9championsvgc2026regma",
  "rating": 1181,
  "private": 0,
  "password": null
}