{
  "id": "gen9championsvgc2026regma-2589389712",
  "format": "[Gen 9 Champions] VGC 2026 Reg M-A",
  "players": [
    "WasIsLossMitFenha",
    "gorillastew"
  ],
  "log": "|j|\u2606WasIsLossMitFenha\n|j|\u2606gorillastew\n|t:|1776719074\n|gametype|doubles\n|player|p1|WasIsLossMitFenha|swimmer|1070\n|player|p2|gorillastew|clerkf|1104\n|gen|9\n|tier|[Gen 9 Champions] VGC 2026 Reg M-A\n|rated|\n|rule|Species Clause: Limit one of each Pok\u00e9mon\n|rule|Item Clause: Limit 1 of each item\n|clearpoke\n|poke|p1|Aggron, L50, F|\n|poke|p1|Pelipper, L50, M|\n|poke|p1|Incineroar, L50, F|\n|poke|p1|Sneasler, L50, F|\n|poke|p1|Sinistcha, L50|\n|poke|p1|Ceruledge, L50, M|\n|poke|p2|Glimmora, L50, F|\n|poke|p2|Talonflame, L50, M|\n|poke|p2|Sinistcha, L50|\n|poke|p2|Tauros-Paldea-Aqua, L50, M|\n|poke|p2|Orthworm, L50, M|\n|poke|p2|Mimikyu, L50, M|\n|teampreview|4\n|\n|t:|1776719098\n|teamsize|p1|4\n|teamsize|p2|4\n|start\n|switch|p1a: Incineroar|Incineroar, L50, F|100/100\n|switch|p1b: Pelipper|Pelipper, L50, M|100/100\n|switch|p2a: Tauros|Tauros-Paldea-Aqua, L50, M|100/100\n|switch|p2b: Sinistcha|Sinistcha, L50|100/100\n|-ability|p2a: Tauros|Intimidate|boost\n|-unboost|p1a: Incineroar|atk|1\n|-unboost|p1b: Pelipper|atk|1\n|-weather|RainDance|[from] ability: Drizzle|[of] p1b: Pelipper\n|-ability|p1a: Incineroar|Intimidate|boost\n|-unboost|p2a: Tauros|atk|1\n|-unboost|p2b: Sinistcha|atk|1\n|-enditem|p2a: Tauros|White Herb\n|-clearnegativeboost|p2a: Tauros|[silent]\n|turn|1\n|\n|t:|1776719126\n|move|p1a: Incineroar|Fake Out|p2a: Tauros\n|-damage|p2a: Tauros|92/100\n|move|p2b: Sinistcha|Rage Powder|p2b: Sinistcha\n|-singleturn|p2b: Sinistcha|move: Rage Powder\n|cant|p2a: Tauros|flinch\n|move|p1b: Pelipper|Hurricane|p2b: Sinistcha\n|-supereffective|p2b: Sinistcha|1\n|-damage|p2b: Sinistcha|0 fnt\n|faint|p2b: Sinistcha\n|\n|-weather|RainDance|[upkeep]\n|upkeep\n|\n|t:|1776719154\n|switch|p2b: Glimmora|Glimmora, L50, F|100/100\n|turn|2\n|\n|t:|1776719174\n|detailschange|p2b: Glimmora|Glimmora-Mega, L50, F\n|-mega|p2b: Glimmora|Glimmora|Glimmoranite\n|move|p2a: Tauros|Aqua Jet|p1b: Pelipper\n|-resisted|p1b: Pelipper|1\n|-damage|p1b: Pelipper|80/100\n|move|p2b: Glimmora|Power Gem|p1b: Pelipper\n|-supereffective|p1b: Pelipper|1\n|-damage|p1b: Pelipper|0 fnt\n|faint|p1b: Pelipper\n|move|p1a: Incineroar|Parting Shot|p2a: Tauros\n|-unboost|p2a: Tauros|atk|1\n|-unboost|p2a: Tauros|spa|1\n|\n|t:|1776719186\n|switch|p1a: Ceruledge|Ceruledge, L50, M|100/100|[from] Parting Shot\n|\n|-weather|RainDance|[upkeep]\n|upkeep\n|\n|t:|1776719188\n|switch|p1b: Incineroar|Incineroar, L50, F|100/100\n|-ability|p1b: Incineroar|Intimidate|boost\n|-unboost|p2a: Tauros|atk|1\n|-unboost|p2b: Glimmora|atk|1\n|turn|3\n|\n|t:|1776719199\n|switch|p2a: Orthworm|Orthworm, L50, M|100/100\n|move|p2b: Glimmora|Spiky Shield|p2b: Glimmora\n|-singleturn|p2b: Glimmora|move: Protect\n|move|p1b: Incineroar|Fake Out|p2b: Glimmora\n|-activate|p2b: Glimmora|move: Protect\n|-damage|p1b: Incineroar|88/100|[from] Spiky Shield|[of] p2b: Glimmora\n|move|p1a: Ceruledge|Poltergeist|p2b: Glimmora\n|-activate|p2b: Glimmora|move: Protect\n|\n|-weather|RainDance|[upkeep]\n|upkeep\n|turn|4\n|\n|t:|1776719216\n|move|p1a: Ceruledge|Poltergeist|p2b: Glimmora\n|-activate|p2b: Glimmora|move: Poltergeist|Glimmoranite\n|-damage|p2b: Glimmora|35/100\n|move|p2b: Glimmora|Power Gem|p1a: Ceruledge\n|-supereffective|p1a: Ceruledge|1\n|-damage|p1a: Ceruledge|0 fnt\n|faint|p1a: Ceruledge\n|move|p2a: Orthworm|Iron Defense|p2a: Orthworm\n|-boost|p2a: Orthworm|def|2\n|move|p1b: Incineroar|Parting Shot|p2b: Glimmora\n|-unboost|p2b: Glimmora|atk|1\n|-unboost|p2b: Glimmora|spa|1\n|\n|t:|1776719229\n|switch|p1b: Aggron|Aggron, L50, F|100/100|[from] Parting Shot\n|\n|-weather|RainDance|[upkeep]\n|upkeep\n|\n|t:|1776719231\n|switch|p1a: Incineroar|Incineroar, L50, F|88/100\n|-ability|p1a: Incineroar|Intimidate|boost\n|-unboost|p2a: Orthworm|atk|1\n|-unboost|p2b: Glimmora|atk|1\n|turn|5\n|\n|t:|1776719240\n|switch|p2b: Tauros|Tauros-Paldea-Aqua, L50, M|92/100\n|-ability|p2b: Tauros|Intimidate|boost\n|-unboost|p1a: Incineroar|atk|1\n|-unboost|p1b: Aggron|atk|1\n|detailschange|p1b: Aggron|Aggron-Mega, L50, F\n|-mega|p1b: Aggron|Aggron|Aggronite\n|move|p1a: Incineroar|Fake Out|p2b: Tauros\n|-crit|p2b: Tauros\n|-damage|p2b: Tauros|72/100\n|move|p2a: Orthworm|Iron Defense|p2a: Orthworm\n|-boost|p2a: Orthworm|def|2\n|move|p1b: Aggron|Iron Defense|p1b: Aggron\n|-boost|p1b: Aggron|def|2\n|\n|-weather|none\n|upkeep\n|turn|6\n|\n|t:|1776719261\n|move|p2b: Tauros|Close Combat|p1b: Aggron\n|-supereffective|p1b: Aggron|1\n|-damage|p1b: Aggron|78/100\n|-unboost|p2b: Tauros|def|1\n|-unboost|p2b: Tauros|spd|1\n|move|p2a: Orthworm|Body Press|p1a: Incineroar\n|-supereffective|p1a: Incineroar|1\n|-damage|p1a: Incineroar|0 fnt\n|faint|p1a: Incineroar\n|move|p1b: Aggron|Body Press|p2a: Orthworm\n|-supereffective|p2a: Orthworm|1\n|-damage|p2a: Orthworm|72/100\n|\n|-heal|p2a: Orthworm|78/100|[from] item: Leftovers\n|upkeep\n|turn|7\n|-message|WasIsLossMitFenha forfeited.\n|\n|win|gorillastew\n|raw|WasIsLossMitFenha's rating: 1070 &rarr; <strong>1051</strong><br />(-19 for losing)\n|raw|gorillastew's rating: 1104 &rarr; <strong>1127</strong><br />(+23 for winning)\n|l|\u2606WasIsLossMitFenha\n|player|p1|\n",
  "uploadtime": 1776719279,
  "views": 6,
  "formatid": "gen9championsvgc2026regma",
  "rating": 1051,
  "private": 0,
  "password": null
}