{
  "id": "gen9championsvgc2026regma-2587800627",
  "format": "[Gen 9 Champions] VGC 2026 Reg M-A",
  "players": [
    "Yukino_2375",
    "flurrage"
  ],
  "log": "|j|\u2606Yukino_2375\n|j|\u2606flurrage\n|t:|1776565316\n|gametype|doubles\n|player|p1|Yukino_2375|elesa|1435\n|player|p2|flurrage|caitlin|1479\n|gen|9\n|tier|[Gen 9 Champions] VGC 2026 Reg M-A\n|rated|\n|rule|Species Clause: Limit one of each Pok\u00e9mon\n|rule|Item Clause: Limit 1 of each item\n|clearpoke\n|poke|p1|Delphox, L50, F|\n|poke|p1|Meowscarada, L50, F, shiny|\n|poke|p1|Gardevoir, L50, F, shiny|\n|poke|p1|Milotic, L50, F|\n|poke|p1|Kingambit, L50, M|\n|poke|p1|Sneasler, L50, F|\n|poke|p2|Tyranitar, L50, M|\n|poke|p2|Rotom-Wash, L50|\n|poke|p2|Venusaur, L50, M|\n|poke|p2|Garchomp, L50, F|\n|poke|p2|Corviknight, L50, M|\n|poke|p2|Farigiraf, L50, M|\n|teampreview|4\n|inactive|Battle timer is ON: inactive players will automatically lose when time's up. (requested by Yukino_2375)\n|inactive|Yukino_2375 has 60 seconds left.\n|\n|t:|1776565361\n|teamsize|p1|4\n|teamsize|p2|4\n|start\n|switch|p1a: Gardevoir|Gardevoir, L50, F, shiny|100/100\n|switch|p1b: Meowscarada|Meowscarada, L50, F, shiny|100/100\n|switch|p2a: Rotom|Rotom-Wash, L50|100/100\n|switch|p2b: Garchomp|Garchomp, L50, F|100/100\n|-ability|p1a: Gardevoir|Rough Skin|Trace|[from] ability: Trace|[of] p2b: Garchomp\n|turn|1\n|j| visael mk. II\n|\n|t:|1776565380\n|switch|p2a: Venusaur|Venusaur, L50, M|100/100\n|detailschange|p1a: Gardevoir|Gardevoir-Mega, L50, F, shiny\n|-mega|p1a: Gardevoir|Gardevoir|Gardevoirite\n|move|p2b: Garchomp|Protect|p2b: Garchomp\n|-singleturn|p2b: Garchomp|Protect\n|move|p1b: Meowscarada|Flower Trick|p2a: Venusaur\n|-start|p1b: Meowscarada|typechange|Grass|[from] ability: Protean\n|-resisted|p2a: Venusaur|2\n|-crit|p2a: Venusaur\n|-damage|p2a: Venusaur|89/100\n|move|p1a: Gardevoir|Hyper Voice|p2a: Venusaur|[spread] p2a\n|-activate|p2b: Garchomp|move: Protect\n|-resisted|p2a: Venusaur|1\n|-damage|p2a: Venusaur|66/100\n|\n|upkeep\n|turn|2\n|inactive|Yukino_2375 has 30 seconds left.\n|inactive|flurrage has 30 seconds left.\n|\n|t:|1776565409\n|switch|p1b: Sneasler|Sneasler, L50, F|100/100\n|detailschange|p2a: Venusaur|Venusaur-Mega, L50, M\n|-mega|p2a: Venusaur|Venusaur|Venusaurite\n|move|p2b: Garchomp|Rock Slide|p1a: Gardevoir|[spread] p1a,p1b\n|-resisted|p1b: Sneasler|1\n|-damage|p1a: Gardevoir|75/100\n|-damage|p1b: Sneasler|82/100\n|cant|p1a: Gardevoir|flinch\n|move|p2a: Venusaur|Sludge Bomb|p1a: Gardevoir\n|-supereffective|p1a: Gardevoir|1\n|-damage|p1a: Gardevoir|12/100\n|\n|upkeep\n|turn|3\n|inactive|Yukino_2375 has 30 seconds left.\n|inactive|Yukino_2375 has 20 seconds left.\n|\n|t:|1776565447\n|move|p2b: Garchomp|Protect|p2b: Garchomp\n|-singleturn|p2b: Garchomp|Protect\n|move|p1a: Gardevoir|Protect|p1a: Gardevoir\n|-singleturn|p1a: Gardevoir|Protect\n|move|p2a: Venusaur|Protect|p2a: Venusaur\n|-singleturn|p2a: Venusaur|Protect\n|move|p1b: Sneasler|Close Combat|p2b: Garchomp\n|-activate|p2b: Garchomp|move: Protect\n|\n|upkeep\n|turn|4\n|\n|t:|1776565466\n|switch|p1a: Milotic|Milotic, L50, F|100/100\n|switch|p2a: Rotom|Rotom-Wash, L50|100/100\n|move|p1b: Sneasler|Close Combat|p2b: Garchomp\n|-damage|p2b: Garchomp|38/100\n|-unboost|p1b: Sneasler|def|1\n|-unboost|p1b: Sneasler|spd|1\n|-damage|p1b: Sneasler|70/100|[from] ability: Rough Skin|[of] p2b: Garchomp\n|-enditem|p1b: Sneasler|White Herb\n|-clearnegativeboost|p1b: Sneasler|[silent]\n|move|p2b: Garchomp|Earthquake|p1b: Sneasler|[spread] p1a,p1b\n|-immune|p2a: Rotom|[from] ability: Levitate\n|-supereffective|p1b: Sneasler|1\n|-damage|p1a: Milotic|63/100\n|-damage|p1b: Sneasler|0 fnt\n|faint|p1b: Sneasler\n|\n|upkeep\n|\n|t:|1776565483\n|switch|p1b: Meowscarada|Meowscarada, L50, F, shiny|100/100\n|turn|5\n|\n|t:|1776565506\n|move|p1a: Milotic|Protect|p1a: Milotic\n|-singleturn|p1a: Milotic|Protect\n|move|p1b: Meowscarada|Triple Axel|p2b: Garchomp\n|-start|p1b: Meowscarada|typechange|Ice|[from] ability: Protean\n|-supereffective|p2b: Garchomp|2\n|-damage|p2b: Garchomp|0 fnt\n|-damage|p1b: Meowscarada|88/100|[from] ability: Rough Skin|[of] p2b: Garchomp\n|faint|p2b: Garchomp\n|-hitcount|p2: Garchomp|1\n|move|p2a: Rotom|Discharge|p1b: Meowscarada|[spread] p1b\n|-activate|p1a: Milotic|move: Protect\n|-damage|p1b: Meowscarada|45/100\n|\n|upkeep\n|\n|t:|1776565521\n|switch|p2b: Tyranitar|Tyranitar, L50, M|100/100\n|-weather|Sandstorm|[from] ability: Sand Stream|[of] p2b: Tyranitar\n|turn|6\n|\n|t:|1776565536\n|switch|p1b: Gardevoir|Gardevoir-Mega, L50, F, shiny|12/100\n|switch|p2b: Venusaur|Venusaur-Mega, L50, M|66/100\n|move|p2a: Rotom|Discharge|p1a: Milotic|[spread] p2b,p1a,p1b\n|-resisted|p2b: Venusaur|1\n|-supereffective|p1a: Milotic|1\n|-crit|p1a: Milotic\n|-damage|p2b: Venusaur|56/100\n|-damage|p1a: Milotic|0 fnt\n|-damage|p1b: Gardevoir|0 fnt\n|-status|p2b: Venusaur|par\n|faint|p1a: Milotic\n|faint|p1b: Gardevoir\n|\n|-weather|Sandstorm|[upkeep]\n|-damage|p2a: Rotom|95/100|[from] Sandstorm\n|-damage|p2b: Venusaur|50/100 par|[from] Sandstorm\n|upkeep\n|l| visael mk. II\n|\n|t:|1776565551\n|switch|p1a: Meowscarada|Meowscarada, L50, F, shiny|45/100\n|turn|7\n|\n|t:|1776565559\n|move|p1a: Meowscarada|Flower Trick|p2a: Rotom\n|-start|p1a: Meowscarada|typechange|Grass|[from] ability: Protean\n|-supereffective|p2a: Rotom|1\n|-crit|p2a: Rotom\n|-damage|p2a: Rotom|0 fnt\n|faint|p2a: Rotom\n|move|p2b: Venusaur|Sludge Bomb|p1a: Meowscarada\n|-supereffective|p1a: Meowscarada|1\n|-damage|p1a: Meowscarada|0 fnt\n|faint|p1a: Meowscarada\n|\n|win|flurrage\n|raw|Yukino_2375's rating: 1435 &rarr; <strong>1418</strong><br />(-17 for losing)\n|raw|flurrage's rating: 1479 &rarr; <strong>1496</strong><br />(+17 for winning)\n|l|\u2606flurrage\n|player|p2|\n|l|\u2606Yukino_2375\n|player|p1|\n",
  "uploadtime": 1776565599,
  "views": 17,
  "formatid": "gen9championsvgc2026regma",
  "rating": 1418,
  "private": 0,
  "password": null
}