{
  "id": "gen9championsvgc2026regma-2586231903",
  "format": "[Gen 9 Champions] VGC 2026 Reg M-A",
  "players": [
    "bigpedro",
    "Gin06134"
  ],
  "log": "|j|\u2606bigpedro\n|j|\u203dGin06134\n|t:|1776415274\n|gametype|doubles\n|player|p1|bigpedro|wallace|1199\n|player|p2|Gin06134|red|1288\n|gen|9\n|tier|[Gen 9 Champions] VGC 2026 Reg M-A\n|rated|\n|rule|Species Clause: Limit one of each Pok\u00e9mon\n|rule|Item Clause: Limit 1 of each item\n|clearpoke\n|poke|p1|Gengar, L50, F|\n|poke|p1|Kingambit, L50, M|\n|poke|p1|Aerodactyl, L50, M|\n|poke|p1|Milotic, L50, M|\n|poke|p1|Incineroar, L50, M|\n|poke|p1|Sinistcha, L50|\n|poke|p2|Dragonite, L50, F|\n|poke|p2|Sneasler, L50, F|\n|poke|p2|Sableye, L50, M|\n|poke|p2|Archaludon, L50, F|\n|poke|p2|Basculegion, L50, M|\n|poke|p2|Meganium, L50, M|\n|teampreview|4\n|inactive|Battle timer is ON: inactive players will automatically lose when time's up. (requested by bigpedro)\n|inactive|Gin06134 also wants the timer to be on.\n|inactive|bigpedro has 60 seconds left.\n|inactive|Gin06134 has 60 seconds left.\n|\n|t:|1776415321\n|teamsize|p1|4\n|teamsize|p2|4\n|start\n|switch|p1a: Aerodactyl|Aerodactyl, L50, M|100/100\n|switch|p1b: Gengar|Gengar, L50, F|100/100\n|switch|p2a: Archaludon|Archaludon, L50, F|100/100\n|switch|p2b: Sableye|Sableye, L50, M|100/100\n|-ability|p1a: Aerodactyl|Unnerve\n|turn|1\n|\n|t:|1776415349\n|detailschange|p1b: Gengar|Gengar-Mega, L50, F\n|-mega|p1b: Gengar|Gengar|Gengarite\n|move|p1a: Aerodactyl|Protect|p1a: Aerodactyl\n|-singleturn|p1a: Aerodactyl|Protect\n|move|p2b: Sableye|Light Screen|p2b: Sableye\n|-sidestart|p2: Gin06134|move: Light Screen\n|move|p1b: Gengar|Perish Song|p1b: Gengar\n|-start|p1a: Aerodactyl|perish3|[silent]\n|-start|p1b: Gengar|perish3|[silent]\n|-start|p2a: Archaludon|perish3|[silent]\n|-start|p2b: Sableye|perish3|[silent]\n|-fieldactivate|move: Perish Song\n|move|p2a: Archaludon|Snarl|p1a: Aerodactyl|[spread] p1b\n|-activate|p1a: Aerodactyl|move: Protect\n|-supereffective|p1b: Gengar|1\n|-damage|p1b: Gengar|61/100\n|-unboost|p1b: Gengar|spa|1\n|\n|-start|p1b: Gengar|perish3\n|-start|p1a: Aerodactyl|perish3\n|-start|p2a: Archaludon|perish3\n|-start|p2b: Sableye|perish3\n|upkeep\n|turn|2\n|inactive|bigpedro has 30 seconds left.\n|inactive|Gin06134 has 30 seconds left.\n|inactive|Gin06134 has 20 seconds left.\n|inactive|Gin06134 has 15 seconds left.\n|\n|t:|1776415395\n|move|p2b: Sableye|Encore|p1a: Aerodactyl\n|-start|p1a: Aerodactyl|Encore\n|move|p1a: Aerodactyl|Protect||[still]\n|-fail|p1a: Aerodactyl\n|move|p1b: Gengar|Shadow Ball|p2b: Sableye\n|-damage|p2b: Sableye|71/100\n|-unboost|p2b: Sableye|spd|1\n|move|p2a: Archaludon|Electro Shot||[still]\n|-prepare|p2a: Archaludon|Electro Shot\n|-boost|p2a: Archaludon|spa|1\n|\n|-start|p1a: Aerodactyl|perish2\n|-start|p1b: Gengar|perish2\n|-start|p2a: Archaludon|perish2\n|-start|p2b: Sableye|perish2\n|upkeep\n|turn|3\n|inactive|Gin06134 has 30 seconds left.\n|\n|t:|1776415427\n|move|p1b: Gengar|Protect|p1b: Gengar\n|-singleturn|p1b: Gengar|Protect\n|move|p1a: Aerodactyl|Protect|p1a: Aerodactyl\n|-singleturn|p1a: Aerodactyl|Protect\n|move|p2b: Sableye|Rain Dance|p2b: Sableye\n|-weather|RainDance\n|move|p2a: Archaludon|Electro Shot|p1a: Aerodactyl|[from] lockedmove\n|-activate|p1a: Aerodactyl|move: Protect\n|\n|-weather|RainDance|[upkeep]\n|-start|p1b: Gengar|perish1\n|-start|p1a: Aerodactyl|perish1\n|-start|p2a: Archaludon|perish1\n|-start|p2b: Sableye|perish1\n|upkeep\n|turn|4\n|\n|t:|1776415448\n|switch|p1b: Kingambit|Kingambit, L50, M|100/100\n|switch|p1a: Sinistcha|Sinistcha, L50|100/100\n|switch|p2b: Sneasler|Sneasler, L50, F|100/100\n|move|p2a: Archaludon|Dragon Pulse|p1b: Kingambit\n|-resisted|p1b: Kingambit|1\n|-damage|p1b: Kingambit|67/100\n|\n|-weather|RainDance|[upkeep]\n|-start|p2a: Archaludon|perish0\n|faint|p2a: Archaludon\n|upkeep\n|\n|t:|1776415461\n|switch|p2a: Dragonite|Dragonite, L50, F|100/100\n|turn|5\n|\n|t:|1776415471\n|switch|p1b: Gengar|Gengar-Mega, L50, F|61/100\n|detailschange|p2a: Dragonite|Dragonite-Mega, L50, F\n|-mega|p2a: Dragonite|Dragonite|Dragoninite\n|move|p2b: Sneasler|Fake Out|p1b: Gengar\n|-immune|p1b: Gengar\n|move|p2a: Dragonite|Hurricane|p1a: Sinistcha\n|-supereffective|p1a: Sinistcha|1\n|-damage|p1a: Sinistcha|0 fnt\n|faint|p1a: Sinistcha\n|\n|-weather|RainDance|[upkeep]\n|-sideend|p2: Gin06134|move: Light Screen\n|upkeep\n|\n|t:|1776415482\n|switch|p1a: Aerodactyl|Aerodactyl, L50, M|100/100\n|-ability|p1a: Aerodactyl|Unnerve\n|turn|6\n|\n|t:|1776415498\n|move|p1a: Aerodactyl|Dual Wingbeat|p2b: Sneasler\n|-supereffective|p2b: Sneasler|1\n|-damage|p2b: Sneasler|46/100\n|-supereffective|p2b: Sneasler|1\n|-damage|p2b: Sneasler|0 fnt\n|faint|p2b: Sneasler\n|-hitcount|p2: Sneasler|2\n|move|p1b: Gengar|Destiny Bond|p1b: Gengar\n|-singlemove|p1b: Gengar|Destiny Bond\n|move|p2a: Dragonite|Hurricane|p1b: Gengar\n|-damage|p1b: Gengar|0 fnt\n|faint|p1b: Gengar\n|-activate|p1b: Gengar|move: Destiny Bond\n|faint|p2a: Dragonite\n|\n|-weather|RainDance|[upkeep]\n|upkeep\n|-message|Gin06134 forfeited.\n|\n|win|bigpedro\n|raw|bigpedro's rating: 1199 &rarr; <strong>1230</strong><br />(+31 for winning)\n|raw|Gin06134's rating: 1288 &rarr; <strong>1257</strong><br />(-31 for losing)\n|l|\u203dGin06134\n|player|p2|\n",
  "uploadtime": 1776415523,
  "views": 27,
  "formatid": "gen9championsvgc2026regma",
  "rating": 1230,
  "private": 0,
  "password": null
}