{
  "id": "gen9championsvgc2026regma-2583488346",
  "format": "[Gen 9 Champions] VGC 2026 Reg M-A",
  "players": [
    "Smokin Koffin",
    "pinkylee"
  ],
  "log": "|j|\u2606Smokin Koffin\n|j|\u2606pinkylee\n|t:|1776178841\n|gametype|doubles\n|player|p1|Smokin Koffin|2|1195\n|player|p2|pinkylee|lucas|1263\n|gen|9\n|tier|[Gen 9 Champions] VGC 2026 Reg M-A\n|rated|\n|rule|Species Clause: Limit one of each Pok\u00e9mon\n|rule|Item Clause: Limit 1 of each item\n|clearpoke\n|poke|p1|Altaria, L50, F|\n|poke|p1|Gengar, L50, F|\n|poke|p1|Incineroar, L50, M|\n|poke|p1|Sneasler, L50, F|\n|poke|p1|Sinistcha, L50|\n|poke|p1|Meganium, L50, M|\n|poke|p2|Floette-Eternal, L50, F|\n|poke|p2|Garchomp, L50, M|\n|poke|p2|Basculegion, L50, M|\n|poke|p2|Kingambit, L50, M|\n|poke|p2|Sneasler, L50, M|\n|poke|p2|Dragonite, L50, M|\n|teampreview|4\n|\n|t:|1776178877\n|teamsize|p1|4\n|teamsize|p2|4\n|start\n|switch|p1a: Meganium|Meganium, L50, M|100/100\n|switch|p1b: Sneasler|Sneasler, L50, F|100/100\n|switch|p2a: Dragonite|Dragonite, L50, M|100/100\n|switch|p2b: Sneasler|Sneasler, L50, M|100/100\n|turn|1\n|\n|t:|1776178903\n|switch|p1a: Incineroar|Incineroar, L50, M|100/100\n|-ability|p1a: Incineroar|Intimidate|boost\n|-fail|p2a: Dragonite|unboost|Attack|[from] ability: Inner Focus|[of] p2a: Dragonite\n|-unboost|p2b: Sneasler|atk|1\n|-enditem|p2b: Sneasler|White Herb\n|-clearnegativeboost|p2b: Sneasler|[silent]\n|detailschange|p2a: Dragonite|Dragonite-Mega, L50, M\n|-mega|p2a: Dragonite|Dragonite|Dragoninite\n|move|p1b: Sneasler|Fake Out|p2b: Sneasler\n|-damage|p2b: Sneasler|75/100\n|-immune|p2b: Sneasler\n|cant|p2b: Sneasler|flinch\n|move|p2a: Dragonite|Air Slash|p1a: Incineroar\n|-damage|p1a: Incineroar|60/100\n|\n|upkeep\n|turn|2\n|\n|t:|1776178944\n|move|p2b: Sneasler|Protect|p2b: Sneasler\n|-singleturn|p2b: Sneasler|Protect\n|move|p2a: Dragonite|Protect|p2a: Dragonite\n|-singleturn|p2a: Dragonite|Protect\n|move|p1a: Incineroar|Fake Out|p2b: Sneasler\n|-activate|p2b: Sneasler|move: Protect\n|move|p1b: Sneasler|Dire Claw|p2a: Dragonite\n|-activate|p2a: Dragonite|move: Protect\n|\n|upkeep\n|turn|3\n|\n|t:|1776178962\n|switch|p1a: Sinistcha|Sinistcha, L50|100/100\n|move|p1b: Sneasler|Protect|p1b: Sneasler\n|-singleturn|p1b: Sneasler|Protect\n|move|p2b: Sneasler|Close Combat|p1a: Sinistcha\n|-immune|p1a: Sinistcha\n|move|p2a: Dragonite|Air Slash|p1b: Sneasler\n|-activate|p1b: Sneasler|move: Protect\n|\n|upkeep\n|turn|4\n|\n|t:|1776178998\n|move|p2b: Sneasler|Dire Claw|p1a: Sinistcha\n|-damage|p1a: Sinistcha|57/100\n|-status|p1a: Sinistcha|psn\n|move|p1b: Sneasler|Dire Claw|p2a: Dragonite\n|-damage|p2a: Dragonite|81/100\n|-status|p2a: Dragonite|slp\n|cant|p2a: Dragonite|slp\n|move|p1a: Sinistcha|Matcha Gotcha|p2b: Sneasler|[spread] p2a,p2b\n|-resisted|p2a: Dragonite|2\n|-resisted|p2b: Sneasler|1\n|-damage|p2a: Dragonite|76/100 slp\n|-heal|p1a: Sinistcha|59/100 psn|[from] drain|[of] p2a: Dragonite\n|-damage|p2b: Sneasler|57/100\n|-heal|p1a: Sinistcha|67/100 psn|[from] drain|[of] p2b: Sneasler\n|-status|p2b: Sneasler|brn\n|\n|-heal|p1a: Sinistcha|74/100 psn|[from] item: Leftovers\n|-damage|p1a: Sinistcha|61/100 psn|[from] psn\n|-damage|p2b: Sneasler|51/100 brn|[from] brn\n|upkeep\n|turn|5\n|\n|t:|1776179028\n|switch|p1a: Incineroar|Incineroar, L50, M|60/100\n|-ability|p1a: Incineroar|Intimidate|boost\n|-unboost|p2a: Dragonite|atk|1\n|-unboost|p2b: Sneasler|atk|1\n|move|p2b: Sneasler|Coaching|p2a: Dragonite\n|-boost|p2a: Dragonite|atk|1\n|-boost|p2a: Dragonite|def|1\n|move|p1b: Sneasler|Close Combat|p2b: Sneasler\n|-resisted|p2b: Sneasler|1\n|-damage|p2b: Sneasler|0 fnt\n|-unboost|p1b: Sneasler|def|1\n|-unboost|p1b: Sneasler|spd|1\n|faint|p2b: Sneasler\n|cant|p2a: Dragonite|slp\n|\n|upkeep\n|\n|t:|1776179049\n|switch|p2b: Basculegion|Basculegion, L50, M|100/100\n|turn|6\n|\n|t:|1776179084\n|switch|p1a: Meganium|Meganium, L50, M|100/100\n|move|p2b: Basculegion|Protect|p2b: Basculegion\n|-singleturn|p2b: Basculegion|Protect\n|move|p1b: Sneasler|Dire Claw|p2a: Dragonite\n|-damage|p2a: Dragonite|52/100 slp\n|-curestatus|p2a: Dragonite|slp|[msg]\n|move|p2a: Dragonite|Air Slash|p1b: Sneasler\n|-supereffective|p1b: Sneasler|1\n|-enditem|p1b: Sneasler|Focus Sash\n|-damage|p1b: Sneasler|1/100\n|\n|upkeep\n|turn|7\n|\n|t:|1776179125\n|switch|p1b: Incineroar|Incineroar, L50, M|60/100\n|-ability|p1b: Incineroar|Intimidate|boost\n|-unboost|p2a: Dragonite|atk|1\n|-unboost|p2b: Basculegion|atk|1\n|detailschange|p1a: Meganium|Meganium-Mega, L50, M\n|-mega|p1a: Meganium|Meganium|Meganiumite\n|move|p2b: Basculegion|Aqua Jet|p1b: Incineroar\n|-supereffective|p1b: Incineroar|1\n|-damage|p1b: Incineroar|29/100\n|move|p2a: Dragonite|Air Slash|p1a: Meganium\n|-supereffective|p1a: Meganium|1\n|-damage|p1a: Meganium|29/100\n|cant|p1a: Meganium|flinch\n|\n|upkeep\n|turn|8\n|\n|t:|1776179147\n|move|p1b: Incineroar|Fake Out|p2a: Dragonite\n|-damage|p2a: Dragonite|45/100\n|move|p2b: Basculegion|Aqua Jet|p1b: Incineroar\n|-supereffective|p1b: Incineroar|1\n|-damage|p1b: Incineroar|0 fnt\n|faint|p1b: Incineroar\n|cant|p2a: Dragonite|flinch\n|move|p1a: Meganium|Synthesis|p1a: Meganium\n|-heal|p1a: Meganium|96/100\n|\n|upkeep\n|\n|t:|1776179158\n|switch|p1b: Sneasler|Sneasler, L50, F|1/100\n|turn|9\n|\n|t:|1776179178\n|move|p1b: Sneasler|Fake Out|p2a: Dragonite\n|-damage|p2a: Dragonite|38/100\n|-status|p2a: Dragonite|psn|[from] ability: Poison Touch|[of] p1b: Sneasler\n|move|p2b: Basculegion|Aqua Jet|p1b: Sneasler\n|-damage|p1b: Sneasler|0 fnt\n|faint|p1b: Sneasler\n|cant|p2a: Dragonite|flinch\n|move|p1a: Meganium|Solar Beam||[still]\n|-prepare|p1a: Meganium|Solar Beam\n|-activate|p1a: Meganium|ability: Mega Sol\n|-anim|p1a: Meganium|Solar Beam|p2a: Dragonite\n|-resisted|p2a: Dragonite|2\n|-damage|p2a: Dragonite|23/100 psn\n|\n|-damage|p2a: Dragonite|11/100 psn|[from] psn\n|upkeep\n|\n|t:|1776179191\n|switch|p1b: Sinistcha|Sinistcha, L50|61/100 psn\n|-heal|p1a: Meganium|100/100|[from] ability: Hospitality|[of] p1b: Sinistcha\n|turn|10\n|\n|t:|1776179203\n|move|p1a: Meganium|Protect|p1a: Meganium\n|-singleturn|p1a: Meganium|Protect\n|move|p1b: Sinistcha|Protect|p1b: Sinistcha\n|-singleturn|p1b: Sinistcha|Protect\n|move|p2a: Dragonite|Air Slash|p1a: Meganium\n|-activate|p1a: Meganium|move: Protect\n|move|p2b: Basculegion|Last Respects|p1b: Sinistcha\n|-activate|p1b: Sinistcha|move: Protect\n|\n|-heal|p1b: Sinistcha|67/100 psn|[from] item: Leftovers\n|-damage|p2a: Dragonite|0 fnt|[from] psn\n|faint|p2a: Dragonite\n|-damage|p1b: Sinistcha|55/100 psn|[from] psn\n|upkeep\n|\n|t:|1776179217\n|switch|p2a: Kingambit|Kingambit, L50, M|100/100\n|turn|11\n|\n|t:|1776179253\n|move|p2b: Basculegion|Last Respects|p1b: Sinistcha\n|-supereffective|p1b: Sinistcha|1\n|-damage|p1b: Sinistcha|0 fnt\n|faint|p1b: Sinistcha\n|move|p1a: Meganium|Solar Beam||[still]\n|-prepare|p1a: Meganium|Solar Beam\n|-activate|p1a: Meganium|ability: Mega Sol\n|-anim|p1a: Meganium|Solar Beam|p2b: Basculegion\n|-supereffective|p2b: Basculegion|1\n|-damage|p2b: Basculegion|0 fnt\n|faint|p2b: Basculegion\n|move|p2a: Kingambit|Kowtow Cleave|p1a: Meganium\n|-resisted|p1a: Meganium|1\n|-damage|p1a: Meganium|80/100\n|\n|upkeep\n|turn|12\n|\n|t:|1776179275\n|move|p1a: Meganium|Weather Ball|p2a: Kingambit\n|-supereffective|p2a: Kingambit|1\n|-damage|p2a: Kingambit|0 fnt\n|faint|p2a: Kingambit\n|\n|win|Smokin Koffin\n|raw|Smokin Koffin's rating: 1195 &rarr; <strong>1225</strong><br />(+30 for winning)\n|raw|pinkylee's rating: 1263 &rarr; <strong>1233</strong><br />(-30 for losing)\n",
  "uploadtime": 1776179305,
  "views": 19,
  "formatid": "gen9championsvgc2026regma",
  "rating": 1225,
  "private": 0,
  "password": null
}