{
  "id": "gen9championsvgc2026regma-2587636141",
  "format": "[Gen 9 Champions] VGC 2026 Reg M-A",
  "players": [
    "junkho",
    "Sheepsoft"
  ],
  "log": "|j|\u2606junkho\n|j|\u2606Sheepsoft\n|t:|1776549090\n|gametype|doubles\n|player|p1|junkho|cheryl|1206\n|player|p2|Sheepsoft|maid|1136\n|gen|9\n|tier|[Gen 9 Champions] VGC 2026 Reg M-A\n|rated|\n|rule|Species Clause: Limit one of each Pok\u00e9mon\n|rule|Item Clause: Limit 1 of each item\n|clearpoke\n|poke|p1|Froslass, L50, F, shiny|\n|poke|p1|Sneasler, L50, F|\n|poke|p1|Milotic, L50, F, shiny|\n|poke|p1|Typhlosion-Hisui, L50, F|\n|poke|p1|Incineroar, L50, F|\n|poke|p1|Rotom-Frost, L50|\n|poke|p2|Hydreigon, L50, M|\n|poke|p2|Aegislash, L50, F|\n|poke|p2|Whimsicott, L50, F|\n|poke|p2|Garchomp, L50, F|\n|poke|p2|Delphox, L50, M|\n|poke|p2|Sneasler, L50, M|\n|teampreview|4\n|inactive|Battle timer is ON: inactive players will automatically lose when time's up. (requested by junkho)\n|inactive|Sheepsoft has 60 seconds left.\n|\n|t:|1776549133\n|teamsize|p1|4\n|teamsize|p2|4\n|start\n|switch|p1a: Froslass|Froslass, L50, F, shiny|100/100\n|switch|p1b: Typhlosion|Typhlosion-Hisui, L50, F|100/100\n|switch|p2a: Whimsicott|Whimsicott, L50, F|100/100\n|switch|p2b: Delphox|Delphox, L50, M|100/100\n|-item|p2a: Whimsicott|Focus Sash|[from] ability: Frisk|[of] p1b: Typhlosion\n|-item|p2b: Delphox|Delphoxite|[from] ability: Frisk|[of] p1b: Typhlosion\n|turn|1\n|inactive|junkho has 30 seconds left.\n|inactive|Sheepsoft has 30 seconds left.\n|\n|t:|1776549160\n|detailschange|p2b: Delphox|Delphox-Mega, L50, M\n|-mega|p2b: Delphox|Delphox|Delphoxite\n|move|p2b: Delphox|Protect|p2b: Delphox\n|-singleturn|p2b: Delphox|Protect\n|move|p1a: Froslass|Protect|p1a: Froslass\n|-singleturn|p1a: Froslass|Protect\n|move|p2a: Whimsicott|Tailwind|p2a: Whimsicott\n|-sidestart|p2: Sheepsoft|move: Tailwind\n|move|p1b: Typhlosion|Shadow Ball|p2b: Delphox\n|-activate|p2b: Delphox|move: Protect\n|\n|upkeep\n|turn|2\n|\n|t:|1776549179\n|switch|p1a: Milotic|Milotic, L50, F, shiny|100/100\n|move|p2a: Whimsicott|Helping Hand|p2b: Delphox\n|-singleturn|p2b: Delphox|Helping Hand|[of] p2a: Whimsicott\n|move|p2b: Delphox|Heat Wave|p1a: Milotic|[spread] p1a,p1b\n|-resisted|p1a: Milotic|1\n|-resisted|p1b: Typhlosion|1\n|-damage|p1a: Milotic|78/100\n|-damage|p1b: Typhlosion|53/100\n|move|p1b: Typhlosion|Shadow Ball|p2b: Delphox\n|-supereffective|p2b: Delphox|1\n|-damage|p2b: Delphox|24/100\n|\n|-heal|p1a: Milotic|84/100|[from] item: Leftovers\n|upkeep\n|turn|3\n|inactive|Sheepsoft has 30 seconds left.\n|\n|t:|1776549210\n|switch|p2a: Sneasler|Sneasler, L50, M|100/100\n|move|p2b: Delphox|Protect|p2b: Delphox\n|-singleturn|p2b: Delphox|Protect\n|move|p1b: Typhlosion|Shadow Ball|p2b: Delphox\n|-activate|p2b: Delphox|move: Protect\n|move|p1a: Milotic|Icy Wind|p2b: Delphox|[spread] p2a\n|-activate|p2b: Delphox|move: Protect\n|-damage|p2a: Sneasler|86/100\n|-unboost|p2a: Sneasler|spe|1\n|-enditem|p2a: Sneasler|White Herb\n|-clearnegativeboost|p2a: Sneasler|[silent]\n|\n|-heal|p1a: Milotic|90/100|[from] item: Leftovers\n|upkeep\n|turn|4\n|inactive|junkho has 30 seconds left.\n|\n|t:|1776549237\n|switch|p1b: Rotom|Rotom-Frost, L50|100/100\n|move|p2a: Sneasler|Fake Out|p1a: Milotic\n|-damage|p1a: Milotic|76/100\n|move|p2b: Delphox|Psychic|p1b: Rotom\n|-damage|p1b: Rotom|33/100\n|-enditem|p1b: Rotom|Sitrus Berry|[eat]\n|-heal|p1b: Rotom|58/100|[from] item: Sitrus Berry\n|cant|p1a: Milotic|flinch\n|\n|-heal|p1a: Milotic|82/100|[from] item: Leftovers\n|-sideend|p2: Sheepsoft|move: Tailwind\n|upkeep\n|turn|5\n|\n|t:|1776549253\n|move|p1b: Rotom|Protect|p1b: Rotom\n|-singleturn|p1b: Rotom|Protect\n|move|p2a: Sneasler|Dire Claw|p1a: Milotic\n|-damage|p1a: Milotic|43/100\n|move|p2b: Delphox|Heat Wave|p1b: Rotom|[spread] p1a\n|-activate|p1b: Rotom|move: Protect\n|-resisted|p1a: Milotic|1\n|-crit|p1a: Milotic\n|-damage|p1a: Milotic|21/100\n|move|p1a: Milotic|Scald|p2b: Delphox\n|-supereffective|p2b: Delphox|1\n|-damage|p2b: Delphox|0 fnt\n|faint|p2b: Delphox\n|\n|-heal|p1a: Milotic|27/100|[from] item: Leftovers\n|upkeep\n|\n|t:|1776549268\n|switch|p2b: Aegislash|Aegislash, L50, F|100/100\n|turn|6\n|\n|t:|1776549286\n|move|p2a: Sneasler|Dire Claw|p1a: Milotic\n|-damage|p1a: Milotic|0 fnt\n|faint|p1a: Milotic\n|-formechange|p2b: Aegislash|Aegislash-Blade|\n|move|p2b: Aegislash|Iron Head|p1b: Rotom\n|-damage|p1b: Rotom|0 fnt\n|faint|p1b: Rotom\n|\n|upkeep\n|\n|t:|1776549295\n|switch|p1b: Typhlosion|Typhlosion-Hisui, L50, F|53/100\n|switch|p1a: Froslass|Froslass, L50, F, shiny|100/100\n|-item|p2b: Aegislash|Sitrus Berry|[from] ability: Frisk|[of] p1b: Typhlosion\n|turn|7\n|\n|t:|1776549308\n|detailschange|p1a: Froslass|Froslass-Mega, L50, F, shiny\n|-mega|p1a: Froslass|Froslass|Froslassite\n|-weather|Snowscape|[from] ability: Snow Warning|[of] p1a: Froslass\n|-formechange|p2b: Aegislash|Aegislash|\n|move|p2b: Aegislash|King's Shield|p2b: Aegislash\n|-singleturn|p2b: Aegislash|Protect\n|move|p2a: Sneasler|Dire Claw|p1b: Typhlosion\n|-resisted|p1b: Typhlosion|1\n|-damage|p1b: Typhlosion|21/100\n|move|p1b: Typhlosion|Heat Wave|p2a: Sneasler|[spread] p2a\n|-activate|p2b: Aegislash|move: Protect\n|-damage|p2a: Sneasler|41/100\n|move|p1a: Froslass|Aurora Veil|p1a: Froslass\n|-sidestart|p1: junkho|move: Aurora Veil\n|\n|-weather|Snowscape|[upkeep]\n|upkeep\n|turn|8\n|\n|t:|1776549326\n|move|p2a: Sneasler|Dire Claw|p1b: Typhlosion\n|-resisted|p1b: Typhlosion|1\n|-damage|p1b: Typhlosion|0 fnt\n|faint|p1b: Typhlosion\n|move|p1a: Froslass|Shadow Ball|p2b: Aegislash\n|-supereffective|p2b: Aegislash|1\n|-damage|p2b: Aegislash|16/100\n|-enditem|p2b: Aegislash|Sitrus Berry|[eat]\n|-heal|p2b: Aegislash|41/100|[from] item: Sitrus Berry\n|move|p2b: Aegislash|Substitute|p2b: Aegislash\n|-start|p2b: Aegislash|Substitute\n|-damage|p2b: Aegislash|16/100\n|\n|-weather|Snowscape|[upkeep]\n|upkeep\n|turn|9\n|\n|t:|1776549348\n|move|p2b: Aegislash|King's Shield|p2b: Aegislash\n|-singleturn|p2b: Aegislash|Protect\n|move|p2a: Sneasler|Coaching|p2b: Aegislash\n|-boost|p2b: Aegislash|atk|1\n|-boost|p2b: Aegislash|def|1\n|move|p1a: Froslass|Blizzard|p2b: Aegislash|[spread] p2a\n|-activate|p2b: Aegislash|move: Protect\n|-damage|p2a: Sneasler|0 fnt\n|faint|p2a: Sneasler\n|\n|-weather|Snowscape|[upkeep]\n|upkeep\n|\n|t:|1776549359\n|switch|p2a: Whimsicott|Whimsicott, L50, F|100/100\n|turn|10\n|\n|t:|1776549366\n|move|p2a: Whimsicott|Helping Hand|p2b: Aegislash\n|-singleturn|p2b: Aegislash|Helping Hand|[of] p2a: Whimsicott\n|move|p1a: Froslass|Blizzard|p2a: Whimsicott|[spread] p2a,p2b\n|-resisted|p2b: Aegislash|1\n|-activate|p2b: Aegislash|move: Substitute|[damage]\n|-supereffective|p2a: Whimsicott|1\n|-enditem|p2a: Whimsicott|Focus Sash\n|-damage|p2a: Whimsicott|1/100\n|-formechange|p2b: Aegislash|Aegislash-Blade|\n|move|p2b: Aegislash|Iron Head|p1a: Froslass\n|-supereffective|p1a: Froslass|1\n|-damage|p1a: Froslass|0 fnt\n|faint|p1a: Froslass\n|\n|win|Sheepsoft\n|raw|junkho's rating: 1206 &rarr; <strong>1176</strong><br />(-30 for losing)\n|raw|Sheepsoft's rating: 1136 &rarr; <strong>1166</strong><br />(+30 for winning)\n|l|\u2606junkho\n|player|p1|\n",
  "uploadtime": 1776549408,
  "views": 12,
  "formatid": "gen9championsvgc2026regma",
  "rating": 1166,
  "private": 0,
  "password": null
}