{
  "id": "gen9championsvgc2026regma-2580656893",
  "format": "[Gen 9 Champions] VGC 2026 Reg M-A",
  "players": [
    "awesumdude42",
    "Ready1"
  ],
  "log": "|j|\u2606awesumdude42\n|j|\u2606Ready1\n|t:|1775921856\n|gametype|doubles\n|player|p1|awesumdude42|101|1035\n|player|p2|Ready1|riley|1041\n|gen|9\n|tier|[Gen 9 Champions] VGC 2026 Reg M-A\n|rated|\n|rule|Species Clause: Limit one of each Pok\u00e9mon\n|rule|Item Clause: Limit 1 of each item\n|clearpoke\n|poke|p1|Greninja-*, L50, F|\n|poke|p1|Meowscarada, L50, F|\n|poke|p1|Pelipper, L50, M|\n|poke|p1|Raichu-Alola, L50, F|\n|poke|p2|Mamoswine, L50, F|\n|poke|p2|Talonflame, L50, F|\n|poke|p2|Dragonite, L50, F|\n|poke|p2|Sneasler, L50, M|\n|poke|p2|Froslass, L50, F|\n|poke|p2|Farigiraf, L50, M|\n|teampreview|4\n|inactive|Battle timer is ON: inactive players will automatically lose when time's up. (requested by Ready1)\n|\n|t:|1775921883\n|teamsize|p1|4\n|teamsize|p2|4\n|start\n|switch|p1a: Greninja|Greninja, L50, F|100/100\n|switch|p1b: Raichu|Raichu-Alola, L50, F|100/100\n|switch|p2a: Sneasler|Sneasler, L50, M|100/100\n|switch|p2b: Dragonite|Dragonite, L50, F|100/100\n|turn|1\n|inactive|awesumdude42 has 30 seconds left.\n|\n|t:|1775921914\n|detailschange|p1a: Greninja|Greninja-Mega, L50, F\n|-mega|p1a: Greninja|Greninja|Greninjite\n|move|p2a: Sneasler|Fake Out|p1a: Greninja\n|-damage|p1a: Greninja|75/100\n|cant|p1a: Greninja|flinch\n|move|p1b: Raichu|Thunderbolt|p2a: Sneasler\n|-damage|p2a: Sneasler|50/100\n|move|p2b: Dragonite|Scale Shot|p1a: Greninja\n|-damage|p1a: Greninja|59/100\n|-damage|p1a: Greninja|45/100\n|-damage|p1a: Greninja|30/100\n|-hitcount|p1a: Greninja|3\n|-unboost|p2b: Dragonite|def|1\n|-boost|p2b: Dragonite|spe|1\n|\n|upkeep\n|turn|2\n|\n|t:|1775921936\n|move|p2b: Dragonite|Protect|p2b: Dragonite\n|-singleturn|p2b: Dragonite|Protect\n|move|p1a: Greninja|Ice Beam|p2b: Dragonite\n|-start|p1a: Greninja|typechange|Ice|[from] ability: Protean\n|-activate|p2b: Dragonite|move: Protect\n|move|p1b: Raichu|Thunderbolt|p2a: Sneasler\n|-damage|p2a: Sneasler|0 fnt\n|faint|p2a: Sneasler\n|\n|upkeep\n|\n|t:|1775921950\n|switch|p2a: Froslass|Froslass, L50, F, shiny|100/100\n|turn|3\n|\n|t:|1775921960\n|detailschange|p2a: Froslass|Froslass-Mega, L50, F, shiny\n|-mega|p2a: Froslass|Froslass|Froslassite\n|-weather|Snowscape|[from] ability: Snow Warning|[of] p2a: Froslass\n|move|p2b: Dragonite|Extreme Speed|p1b: Raichu\n|-damage|p1b: Raichu|53/100\n|move|p1a: Greninja|Ice Beam|p2b: Dragonite\n|-supereffective|p2b: Dragonite|2\n|-damage|p2b: Dragonite|0 fnt\n|faint|p2b: Dragonite\n|move|p1b: Raichu|Thunderbolt|p2a: Froslass\n|-damage|p2a: Froslass|49/100\n|move|p2a: Froslass|Blizzard|p1b: Raichu|[spread] p1a,p1b\n|-resisted|p1a: Greninja|1\n|-crit|p1b: Raichu\n|-damage|p1a: Greninja|0 fnt\n|-damage|p1b: Raichu|0 fnt\n|faint|p1a: Greninja\n|faint|p1b: Raichu\n|\n|-weather|Snowscape|[upkeep]\n|upkeep\n|\n|t:|1775921982\n|switch|p1a: Pelipper|Pelipper, L50, M|100/100\n|switch|p1b: Meowscarada|Meowscarada, L50, F|100/100\n|switch|p2b: Talonflame|Talonflame, L50, F|100/100\n|-weather|RainDance|[from] ability: Drizzle|[of] p1a: Pelipper\n|turn|4\n|\n|t:|1775921996\n|move|p2b: Talonflame|Brave Bird|p1b: Meowscarada\n|-supereffective|p1b: Meowscarada|1\n|-damage|p1b: Meowscarada|0 fnt\n|faint|p1b: Meowscarada\n|-damage|p2b: Talonflame|68/100|[from] Recoil\n|move|p2a: Froslass|Nasty Plot|p2a: Froslass\n|-boost|p2a: Froslass|spa|2\n|move|p1a: Pelipper|Chilling Water|p2b: Talonflame\n|-supereffective|p2b: Talonflame|1\n|-damage|p2b: Talonflame|0 fnt\n|faint|p2b: Talonflame\n|\n|-weather|RainDance|[upkeep]\n|upkeep\n|turn|5\n|\n|t:|1775922016\n|move|p2a: Froslass|Shadow Ball|p1a: Pelipper\n|-enditem|p1a: Pelipper|Focus Sash\n|-damage|p1a: Pelipper|1/100\n|move|p1a: Pelipper|Chilling Water|p2a: Froslass\n|-crit|p2a: Froslass\n|-damage|p2a: Froslass|0 fnt\n|faint|p2a: Froslass\n|\n|win|awesumdude42\n|raw|awesumdude42's rating: 1035 &rarr; <strong>1070</strong><br />(+35 for winning)\n|raw|Ready1's rating: 1041 &rarr; <strong>1025</strong><br />(-16 for losing)\n|l|\u2606Ready1\n|player|p2|\n",
  "uploadtime": 1775922031,
  "views": 15,
  "formatid": "gen9championsvgc2026regma",
  "rating": 1025,
  "private": 0,
  "password": null
}