{
  "id": "gen9championsvgc2026regma-2582722658",
  "format": "[Gen 9 Champions] VGC 2026 Reg M-A",
  "players": [
    "pr22",
    "CaptainCool8888"
  ],
  "log": "|j|\u2606pr22\n|j|\u2606CaptainCool8888\n|t:|1776109644\n|gametype|doubles\n|player|p1|pr22|n|1206\n|player|p2|CaptainCool8888|2|1200\n|gen|9\n|tier|[Gen 9 Champions] VGC 2026 Reg M-A\n|rated|\n|rule|Species Clause: Limit one of each Pok\u00e9mon\n|rule|Item Clause: Limit 1 of each item\n|clearpoke\n|poke|p1|Archaludon, L50, M|\n|poke|p1|Pelipper, L50, M|\n|poke|p1|Sneasler, L50, F|\n|poke|p1|Incineroar, L50, M|\n|poke|p1|Basculegion, L50, M|\n|poke|p1|Gengar, L50, M|\n|poke|p2|Starmie, L50|\n|poke|p2|Tyranitar, L50, F|\n|poke|p2|Garchomp, L50, M|\n|poke|p2|Aerodactyl, L50, M|\n|poke|p2|Rotom-Heat, L50|\n|poke|p2|Aegislash, L50, F|\n|teampreview|4\n|inactive|Battle timer is ON: inactive players will automatically lose when time's up. (requested by CaptainCool8888)\n|inactive|pr22 has 60 seconds left.\n|\n|t:|1776109678\n|teamsize|p1|4\n|teamsize|p2|4\n|start\n|switch|p1a: Pelipper|Pelipper, L50, M|100/100\n|switch|p1b: Basculegion|Basculegion, L50, M, shiny|100/100\n|switch|p2a: Starmie|Starmie, L50|100/100\n|switch|p2b: Tyranitar|Tyranitar, L50, F|100/100\n|-weather|Sandstorm|[from] ability: Sand Stream|[of] p2b: Tyranitar\n|-weather|RainDance|[from] ability: Drizzle|[of] p1a: Pelipper\n|turn|1\n|inactive|pr22 has 30 seconds left.\n|inactive|CaptainCool8888 has 30 seconds left.\n|inactive|CaptainCool8888 has 20 seconds left.\n|\n|t:|1776109714\n|switch|p2b: Aegislash|Aegislash, L50, F|100/100\n|detailschange|p2a: Starmie|Starmie-Mega, L50\n|-mega|p2a: Starmie|Starmie|Starminite\n|move|p1b: Basculegion|Last Respects|p2a: Starmie\n|-supereffective|p2a: Starmie|1\n|-damage|p2a: Starmie|33/100\n|move|p2a: Starmie|Zen Headbutt|p1b: Basculegion\n|-damage|p1b: Basculegion|9/100\n|move|p1a: Pelipper|Tailwind|p1a: Pelipper\n|-sidestart|p1: pr22|move: Tailwind\n|\n|-weather|RainDance|[upkeep]\n|upkeep\n|turn|2\n|\n|t:|1776109734\n|move|p2a: Starmie|Protect|p2a: Starmie\n|-singleturn|p2a: Starmie|Protect\n|move|p1b: Basculegion|Last Respects|p2b: Aegislash\n|-supereffective|p2b: Aegislash|1\n|-damage|p2b: Aegislash|61/100\n|move|p1a: Pelipper|Hurricane|p2a: Starmie\n|-activate|p2a: Starmie|move: Protect\n|-formechange|p2b: Aegislash|Aegislash-Blade|\n|move|p2b: Aegislash|Shadow Ball|p1b: Basculegion\n|-supereffective|p1b: Basculegion|1\n|-damage|p1b: Basculegion|0 fnt\n|faint|p1b: Basculegion\n|\n|-weather|RainDance|[upkeep]\n|-heal|p2b: Aegislash|67/100|[from] item: Leftovers\n|upkeep\n|\n|t:|1776109748\n|switch|p1b: Gengar|Gengar, L50, M, shiny|100/100\n|turn|3\n|\n|t:|1776109762\n|switch|p2b: Tyranitar|Tyranitar, L50, F|100/100\n|-weather|Sandstorm|[from] ability: Sand Stream|[of] p2b: Tyranitar\n|detailschange|p1b: Gengar|Gengar-Mega, L50, M, shiny\n|-mega|p1b: Gengar|Gengar|Gengarite\n|move|p1b: Gengar|Shadow Ball|p2b: Tyranitar\n|-resisted|p2b: Tyranitar|1\n|-damage|p2b: Tyranitar|83/100\n|-unboost|p2b: Tyranitar|spd|1\n|move|p1a: Pelipper|Hurricane|p2a: Starmie\n|-damage|p2a: Starmie|0 fnt\n|faint|p2a: Starmie\n|\n|-weather|Sandstorm|[upkeep]\n|-damage|p1b: Gengar|95/100|[from] Sandstorm\n|-damage|p1a: Pelipper|95/100|[from] Sandstorm\n|upkeep\n|\n|t:|1776109776\n|switch|p2a: Aerodactyl|Aerodactyl, L50, M|100/100\n|-ability|p2a: Aerodactyl|Unnerve\n|turn|4\n|\n|t:|1776109787\n|switch|p1a: Incineroar|Incineroar, L50, M, shiny|100/100\n|-ability|p1a: Incineroar|Intimidate|boost\n|-unboost|p2a: Aerodactyl|atk|1\n|-unboost|p2b: Tyranitar|atk|1\n|move|p1b: Gengar|Protect|p1b: Gengar\n|-singleturn|p1b: Gengar|Protect\n|move|p2a: Aerodactyl|Protect|p2a: Aerodactyl\n|-singleturn|p2a: Aerodactyl|Protect\n|move|p2b: Tyranitar|Rock Slide|p1a: Incineroar|[spread] p1a\n|-activate|p1b: Gengar|move: Protect\n|-supereffective|p1a: Incineroar|1\n|-damage|p1a: Incineroar|65/100\n|\n|-weather|Sandstorm|[upkeep]\n|-damage|p1b: Gengar|89/100|[from] Sandstorm\n|-damage|p1a: Incineroar|59/100|[from] Sandstorm\n|-sideend|p1: pr22|move: Tailwind\n|upkeep\n|turn|5\n|\n|t:|1776109805\n|switch|p1b: Pelipper|Pelipper, L50, M|95/100\n|-weather|RainDance|[from] ability: Drizzle|[of] p1b: Pelipper\n|move|p1a: Incineroar|Fake Out|p2b: Tyranitar\n|-resisted|p2b: Tyranitar|1\n|-crit|p2b: Tyranitar\n|-damage|p2b: Tyranitar|75/100\n|move|p2a: Aerodactyl|Tailwind|p2a: Aerodactyl\n|-sidestart|p2: CaptainCool8888|move: Tailwind\n|cant|p2b: Tyranitar|flinch\n|\n|-weather|RainDance|[upkeep]\n|upkeep\n|turn|6\n|\n|t:|1776109819\n|move|p2a: Aerodactyl|Rock Slide|p1a: Incineroar|[spread] \n|-miss|p2a: Aerodactyl|p1a: Incineroar\n|-miss|p2a: Aerodactyl|p1b: Pelipper\n|move|p2b: Tyranitar|Rock Slide|p1b: Pelipper|[spread] p1a\n|-miss|p2b: Tyranitar|p1b: Pelipper\n|-supereffective|p1a: Incineroar|1\n|-damage|p1a: Incineroar|25/100\n|move|p1b: Pelipper|Weather Ball|p2a: Aerodactyl\n|-supereffective|p2a: Aerodactyl|1\n|-enditem|p2a: Aerodactyl|Focus Sash\n|-damage|p2a: Aerodactyl|1/100\n|cant|p1a: Incineroar|flinch\n|\n|-weather|RainDance|[upkeep]\n|upkeep\n|turn|7\n|\n|t:|1776109844\n|move|p1b: Pelipper|Protect|p1b: Pelipper\n|-singleturn|p1b: Pelipper|Protect\n|move|p2a: Aerodactyl|Rock Slide|p1b: Pelipper|[spread] p1a\n|-activate|p1b: Pelipper|move: Protect\n|-supereffective|p1a: Incineroar|1\n|-damage|p1a: Incineroar|0 fnt\n|faint|p1a: Incineroar\n|move|p2b: Tyranitar|Rock Slide|p1b: Pelipper\n|-activate|p1b: Pelipper|move: Protect\n|\n|-weather|RainDance|[upkeep]\n|upkeep\n|\n|t:|1776109854\n|switch|p1a: Gengar|Gengar-Mega, L50, M, shiny|89/100\n|turn|8\n|\n|t:|1776109860\n|move|p1a: Gengar|Protect|p1a: Gengar\n|-singleturn|p1a: Gengar|Protect\n|move|p2a: Aerodactyl|Rock Slide|p1a: Gengar|[spread] p1b\n|-activate|p1a: Gengar|move: Protect\n|-supereffective|p1b: Pelipper|1\n|-damage|p1b: Pelipper|61/100\n|move|p2b: Tyranitar|Rock Slide|p1a: Gengar|[spread] p1b\n|-activate|p1a: Gengar|move: Protect\n|-supereffective|p1b: Pelipper|1\n|-damage|p1b: Pelipper|20/100\n|cant|p1b: Pelipper|flinch\n|\n|-weather|RainDance|[upkeep]\n|-sideend|p2: CaptainCool8888|move: Tailwind\n|upkeep\n|turn|9\n|\n|t:|1776109877\n|move|p1a: Gengar|Icy Wind|p2a: Aerodactyl|[spread] p2b\n|-miss|p1a: Gengar|p2a: Aerodactyl\n|-damage|p2b: Tyranitar|49/100\n|-unboost|p2b: Tyranitar|spe|1\n|move|p2a: Aerodactyl|Tailwind|p2a: Aerodactyl\n|-sidestart|p2: CaptainCool8888|move: Tailwind\n|move|p2b: Tyranitar|Rock Slide|p1a: Gengar|[spread] p1a,p1b\n|-supereffective|p1b: Pelipper|1\n|-damage|p1a: Gengar|57/100\n|-damage|p1b: Pelipper|0 fnt\n|faint|p1b: Pelipper\n|\n|-weather|none\n|upkeep\n|turn|10\n|\n|t:|1776109897\n|move|p2a: Aerodactyl|Dual Wingbeat|p1a: Gengar\n|-damage|p1a: Gengar|39/100\n|-damage|p1a: Gengar|19/100\n|-hitcount|p1a: Gengar|2\n|move|p2b: Tyranitar|Rock Slide|p1a: Gengar\n|-damage|p1a: Gengar|0 fnt\n|faint|p1a: Gengar\n|\n|win|CaptainCool8888\n|raw|pr22's rating: 1206 &rarr; <strong>1181</strong><br />(-25 for losing)\n|raw|CaptainCool8888's rating: 1200 &rarr; <strong>1225</strong><br />(+25 for winning)\n|l|\u2606pr22\n|player|p1|\n|c|\u2606CaptainCool8888|gg\n",
  "uploadtime": 1776109907,
  "views": 18,
  "formatid": "gen9championsvgc2026regma",
  "rating": 1181,
  "private": 0,
  "password": null
}