{
  "id": "gen9championsvgc2026regma-2588438396",
  "format": "[Gen 9 Champions] VGC 2026 Reg M-A",
  "players": [
    "fractal_face",
    "Incognitotabby"
  ],
  "log": "|j|\u2606fractal_face\n|j|\u2606Incognitotabby\n|t:|1776633561\n|gametype|doubles\n|player|p1|fractal_face|ghetsis-gen5bw|1051\n|player|p2|Incognitotabby|102|1000\n|gen|9\n|tier|[Gen 9 Champions] VGC 2026 Reg M-A\n|rated|\n|rule|Species Clause: Limit one of each Pok\u00e9mon\n|rule|Item Clause: Limit 1 of each item\n|clearpoke\n|poke|p1|Starmie, L50|\n|poke|p1|Maushold-Four, L50|\n|poke|p1|Skarmory, L50, F|\n|poke|p1|Basculegion-F, L50, F|\n|poke|p1|Pelipper, L50, F|\n|poke|p1|Incineroar, L50, M|\n|poke|p2|Chandelure, L50, F|\n|poke|p2|Noivern, L50, F|\n|poke|p2|Sinistcha, L50|\n|poke|p2|Crabominable, L50, M|\n|poke|p2|Palafin, L50, M, shiny|\n|poke|p2|Cofagrigus, L50, F|\n|teampreview|4\n|inactive|Battle timer is ON: inactive players will automatically lose when time's up. (requested by fractal_face)\n|\n|t:|1776633582\n|teamsize|p1|4\n|teamsize|p2|4\n|start\n|switch|p1a: Incineroar|Incineroar, L50, M|100/100\n|switch|p1b: Maushold|Maushold-Four, L50|100/100\n|switch|p2a: Crabominable|Crabominable, L50, M|100/100\n|switch|p2b: Cofagrigus|Cofagrigus, L50, F|100/100\n|-ability|p1a: Incineroar|Intimidate|boost\n|-unboost|p2a: Crabominable|atk|1\n|-unboost|p2b: Cofagrigus|atk|1\n|turn|1\n|\n|t:|1776633603\n|detailschange|p2a: Crabominable|Crabominable-Mega, L50, M\n|-mega|p2a: Crabominable|Crabominable|Crabominite\n|move|p1b: Maushold|Tidy Up|p1b: Maushold\n|-boost|p1b: Maushold|atk|1\n|-boost|p1b: Maushold|spe|1\n|move|p1a: Incineroar|Close Combat|p2a: Crabominable\n|-supereffective|p2a: Crabominable|1\n|-damage|p2a: Crabominable|25/100\n|-unboost|p1a: Incineroar|def|1\n|-unboost|p1a: Incineroar|spd|1\n|move|p2a: Crabominable|Drain Punch|p1a: Incineroar\n|-supereffective|p1a: Incineroar|1\n|-damage|p1a: Incineroar|0 fnt\n|-heal|p2a: Crabominable|84/100|[from] drain|[of] p1a: Incineroar\n|faint|p1a: Incineroar\n|move|p2b: Cofagrigus|Trick Room|p2b: Cofagrigus\n|-fieldstart|move: Trick Room|[of] p2b: Cofagrigus\n|\n|upkeep\n|\n|t:|1776633623\n|switch|p1a: Pelipper|Pelipper, L50, F|100/100\n|-weather|RainDance|[from] ability: Drizzle|[of] p1a: Pelipper\n|turn|2\n|inactive|Incognitotabby has 30 seconds left.\n|\n|t:|1776633651\n|move|p1b: Maushold|Protect|p1b: Maushold\n|-singleturn|p1b: Maushold|Protect\n|move|p2b: Cofagrigus|Body Press|p1b: Maushold\n|-activate|p1b: Maushold|move: Protect\n|move|p2a: Crabominable|Ice Punch|p1a: Pelipper\n|-damage|p1a: Pelipper|66/100\n|move|p1a: Pelipper|Hurricane|p2a: Crabominable\n|-supereffective|p2a: Crabominable|1\n|-damage|p2a: Crabominable|0 fnt\n|faint|p2a: Crabominable\n|\n|-weather|RainDance|[upkeep]\n|-heal|p1a: Pelipper|72/100|[from] item: Leftovers\n|upkeep\n|\n|t:|1776633668\n|switch|p2a: Villain|Palafin, L50, M, shiny|100/100\n|turn|3\n|inactive|fractal_face has 30 seconds left.\n|\n|t:|1776633694\n|switch|p1b: Skarmory|Skarmory, L50, F|100/100\n|move|p2b: Cofagrigus|Body Press|p1b: Skarmory\n|-damage|p1b: Skarmory|74/100\n|-ability|p1b: Skarmory|Weak Armor|boost\n|-unboost|p1b: Skarmory|def|1\n|-boost|p1b: Skarmory|spe|2\n|move|p1a: Pelipper|Hurricane|p2a: Villain\n|-damage|p2a: Villain|45/100\n|move|p2a: Villain|Flip Turn|p1a: Pelipper\n|-resisted|p1a: Pelipper|1\n|-damage|p1a: Pelipper|53/100\n|\n|t:|1776633708\n|detailschange|p2a: Villain|Palafin-Hero, L50, M, shiny\n|switch|p2a: Sinistcha|Sinistcha, L50|100/100|[from] Flip Turn\n|\n|-weather|RainDance|[upkeep]\n|-heal|p1a: Pelipper|59/100|[from] item: Leftovers\n|upkeep\n|turn|4\n|inactive|fractal_face has 30 seconds left.\n|\n|t:|1776633736\n|detailschange|p1b: Skarmory|Skarmory-Mega, L50, F\n|-mega|p1b: Skarmory|Skarmory|Skarmorite\n|move|p2b: Cofagrigus|Body Press|p1b: Skarmory\n|-damage|p1b: Skarmory|17/100\n|move|p2a: Sinistcha|Matcha Gotcha|p1a: Pelipper|[spread] p1a\n|-miss|p2a: Sinistcha|p1b: Skarmory\n|-damage|p1a: Pelipper|13/100\n|move|p1a: Pelipper|Hurricane|p2a: Sinistcha\n|-supereffective|p2a: Sinistcha|1\n|-damage|p2a: Sinistcha|0 fnt\n|faint|p2a: Sinistcha\n|move|p1b: Skarmory|Roost|p1b: Skarmory\n|-heal|p1b: Skarmory|68/100\n|-singleturn|p1b: Skarmory|move: Roost\n|\n|-weather|RainDance|[upkeep]\n|-heal|p1a: Pelipper|19/100|[from] item: Leftovers\n|upkeep\n|\n|t:|1776633757\n|switch|p2a: Villain|Palafin-Hero, L50, M, shiny|45/100\n|-activate|p2a: Villain|ability: Zero to Hero\n|turn|5\n|\n|t:|1776633779\n|move|p2b: Cofagrigus|Body Press|p1b: Skarmory\n|-damage|p1b: Skarmory|15/100\n|move|p1a: Pelipper|Hurricane|p2a: Villain\n|-damage|p2a: Villain|0 fnt\n|faint|p2a: Villain\n|move|p1b: Skarmory|Iron Head|p2b: Cofagrigus\n|-damage|p2b: Cofagrigus|73/100\n|-activate|p2b: Cofagrigus|ability: Mummy|p1b: Skarmory|[ability] Stalwart\n|\n|-weather|RainDance|[upkeep]\n|-heal|p1a: Pelipper|25/100|[from] item: Leftovers\n|-fieldend|move: Trick Room\n|upkeep\n|turn|6\n|\n|t:|1776633804\n|move|p1b: Skarmory|Brave Bird|p2b: Cofagrigus\n|-damage|p2b: Cofagrigus|30/100\n|-damage|p1b: Skarmory|0 fnt|[from] Recoil\n|faint|p1b: Skarmory\n|move|p1a: Pelipper|Hurricane|p2b: Cofagrigus\n|-damage|p2b: Cofagrigus|0 fnt\n|faint|p2b: Cofagrigus\n|\n|win|fractal_face\n|raw|fractal_face's rating: 1051 &rarr; <strong>1079</strong><br />(+28 for winning)\n|raw|Incognitotabby's rating: 1000 &rarr; <strong>1000</strong><br />(+0 for losing)\n|l|\u2606Incognitotabby\n|player|p2|\n",
  "uploadtime": 1776633822,
  "views": 9,
  "formatid": "gen9championsvgc2026regma",
  "rating": 1000,
  "private": 0,
  "password": null
}