{
  "id": "gen9championsvgc2026regma-2587667282",
  "format": "[Gen 9 Champions] VGC 2026 Reg M-A",
  "players": [
    "winchester_07",
    "FallenTurtlle"
  ],
  "log": "|j|\u2606winchester_07\n|j|\u2606FallenTurtlle\n|t:|1776551981\n|gametype|doubles\n|player|p1|winchester_07|gambler|1210\n|player|p2|FallenTurtlle|serena|1233\n|gen|9\n|tier|[Gen 9 Champions] VGC 2026 Reg M-A\n|rated|\n|rule|Species Clause: Limit one of each Pok\u00e9mon\n|rule|Item Clause: Limit 1 of each item\n|clearpoke\n|poke|p1|Archaludon, L50, M|\n|poke|p1|Basculegion, L50, M, shiny|\n|poke|p1|Sinistcha, L50|\n|poke|p1|Incineroar, L50, M|\n|poke|p1|Pelipper, L50, F|\n|poke|p1|Dragonite, L50, M, shiny|\n|poke|p2|Tsareena, L50, F|\n|poke|p2|Mamoswine, L50, M|\n|poke|p2|Pelipper, L50, F|\n|poke|p2|Scizor, L50, M|\n|poke|p2|Gengar, L50, M, shiny|\n|poke|p2|Incineroar, L50, F|\n|teampreview|4\n|\n|t:|1776552035\n|teamsize|p1|4\n|teamsize|p2|4\n|start\n|switch|p1a: Incineroar|Incineroar, L50, M|100/100\n|switch|p1b: Pelipper|Pelipper, L50, F|100/100\n|switch|p2a: Tsareena|Tsareena, L50, F|100/100\n|switch|p2b: Mamoswine|Mamoswine, L50, M|100/100\n|-weather|RainDance|[from] ability: Drizzle|[of] p1b: Pelipper\n|-ability|p1a: Incineroar|Intimidate|boost\n|-unboost|p2a: Tsareena|atk|1\n|-fail|p2b: Mamoswine|unboost|Attack|[from] ability: Oblivious|[of] p2b: Mamoswine\n|turn|1\n|\n|t:|1776552062\n|move|p1a: Incineroar|Fake Out||[still]\n|cant|p2a: Tsareena|ability: Queenly Majesty|Fake Out|[of] p1a: Incineroar\n|move|p2a: Tsareena|High Jump Kick|p1a: Incineroar\n|-supereffective|p1a: Incineroar|1\n|-enditem|p1a: Incineroar|Chople Berry|[eat]\n|-enditem|p1a: Incineroar|Chople Berry|[weaken]\n|-damage|p1a: Incineroar|74/100\n|move|p2b: Mamoswine|Icicle Crash|p1b: Pelipper\n|-damage|p1b: Pelipper|34/100\n|move|p1b: Pelipper|Tailwind|p1b: Pelipper\n|-sidestart|p1: winchester_07|move: Tailwind\n|\n|-weather|RainDance|[upkeep]\n|upkeep\n|turn|2\n|\n|t:|1776552097\n|switch|p2a: Pelipper|Pelipper, L50, F|100/100\n|move|p1b: Pelipper|Protect|p1b: Pelipper\n|-singleturn|p1b: Pelipper|Protect\n|move|p2b: Mamoswine|Protect|p2b: Mamoswine\n|-singleturn|p2b: Mamoswine|Protect\n|move|p1a: Incineroar|Parting Shot|p2a: Pelipper\n|-unboost|p2a: Pelipper|atk|1\n|-unboost|p2a: Pelipper|spa|1\n|\n|t:|1776552108\n|switch|p1a: Dragonite|Dragonite, L50, M, shiny|100/100|[from] Parting Shot\n|\n|-weather|RainDance|[upkeep]\n|upkeep\n|turn|3\n|\n|t:|1776552118\n|detailschange|p1a: Dragonite|Dragonite-Mega, L50, M, shiny\n|-mega|p1a: Dragonite|Dragonite|Dragoninite\n|move|p2b: Mamoswine|Ice Shard|p1a: Dragonite\n|-supereffective|p1a: Dragonite|2\n|-damage|p1a: Dragonite|57/100\n|move|p1a: Dragonite|Thunder|p2a: Pelipper\n|-supereffective|p2a: Pelipper|2\n|-crit|p2a: Pelipper\n|-damage|p2a: Pelipper|0 fnt\n|faint|p2a: Pelipper\n|move|p1b: Pelipper|Weather Ball|p2b: Mamoswine\n|-supereffective|p2b: Mamoswine|1\n|-enditem|p2b: Mamoswine|Focus Sash\n|-damage|p2b: Mamoswine|1/100\n|\n|-weather|RainDance|[upkeep]\n|upkeep\n|\n|t:|1776552135\n|switch|p2a: Tsareena|Tsareena, L50, F|100/100\n|turn|4\n|\n|t:|1776552149\n|move|p2b: Mamoswine|Ice Shard|p1a: Dragonite\n|-supereffective|p1a: Dragonite|2\n|-damage|p1a: Dragonite|0 fnt\n|faint|p1a: Dragonite\n|move|p1b: Pelipper|Weather Ball|p2b: Mamoswine\n|-supereffective|p2b: Mamoswine|1\n|-damage|p2b: Mamoswine|0 fnt\n|faint|p2b: Mamoswine\n|move|p2a: Tsareena|Triple Axel|p1b: Pelipper\n|-damage|p1b: Pelipper|25/100\n|-damage|p1b: Pelipper|6/100\n|-hitcount|p1b: Pelipper|2\n|\n|-weather|RainDance|[upkeep]\n|-sideend|p1: winchester_07|move: Tailwind\n|upkeep\n|\n|t:|1776552164\n|switch|p2b: Gengar|Gengar, L50, M, shiny|100/100\n|switch|p1a: Basculegion|Basculegion, L50, M, shiny|100/100\n|turn|5\n|\n|t:|1776552180\n|detailschange|p2b: Gengar|Gengar-Mega, L50, M, shiny\n|-mega|p2b: Gengar|Gengar|Gengarite\n|move|p1b: Pelipper|Protect|p1b: Pelipper\n|-singleturn|p1b: Pelipper|Protect\n|move|p1a: Basculegion|Phantom Force||[still]\n|-prepare|p1a: Basculegion|Phantom Force\n|move|p2a: Tsareena|Triple Axel|p1b: Pelipper\n|-activate|p1b: Pelipper|move: Protect\n|move|p2b: Gengar|Shadow Ball|p1a: Basculegion|[miss]\n|-miss|p2b: Gengar|p1a: Basculegion\n|\n|-weather|none\n|upkeep\n|turn|6\n|\n|t:|1776552206\n|move|p2a: Tsareena|Triple Axel|p1b: Pelipper\n|-damage|p1b: Pelipper|0 fnt\n|faint|p1b: Pelipper\n|-hitcount|p1: Pelipper|1\n|move|p2b: Gengar|Shadow Ball|p1a: Basculegion|[miss]\n|-miss|p2b: Gengar|p1a: Basculegion\n|move|p1a: Basculegion|Phantom Force|p2b: Gengar|[from] lockedmove\n|-supereffective|p2b: Gengar|1\n|-damage|p2b: Gengar|0 fnt\n|faint|p2b: Gengar\n|\n|upkeep\n|\n|t:|1776552220\n|switch|p1b: Incineroar|Incineroar, L50, M|74/100\n|-ability|p1b: Incineroar|Intimidate|boost\n|-unboost|p2a: Tsareena|atk|1\n|turn|7\n|\n|t:|1776552232\n|move|p1a: Basculegion|Aqua Jet||[still]\n|cant|p2a: Tsareena|ability: Queenly Majesty|Aqua Jet|[of] p1a: Basculegion\n|move|p2a: Tsareena|Triple Axel|p1a: Basculegion\n|-resisted|p1a: Basculegion|1\n|-damage|p1a: Basculegion|98/100\n|-resisted|p1a: Basculegion|1\n|-damage|p1a: Basculegion|93/100\n|-resisted|p1a: Basculegion|1\n|-damage|p1a: Basculegion|85/100\n|-hitcount|p1a: Basculegion|3\n|move|p1b: Incineroar|Flare Blitz|p2a: Tsareena\n|-supereffective|p2a: Tsareena|1\n|-damage|p2a: Tsareena|0 fnt\n|faint|p2a: Tsareena\n|-damage|p1b: Incineroar|50/100|[from] Recoil\n|\n|win|winchester_07\n|raw|winchester_07's rating: 1210 &rarr; <strong>1237</strong><br />(+27 for winning)\n|raw|FallenTurtlle's rating: 1233 &rarr; <strong>1206</strong><br />(-27 for losing)\n",
  "uploadtime": 1776552232,
  "views": 14,
  "formatid": "gen9championsvgc2026regma",
  "rating": 1206,
  "private": 0,
  "password": null
}