{
  "id": "gen9championsvgc2026regma-2582927420",
  "format": "[Gen 9 Champions] VGC 2026 Reg M-A",
  "players": [
    "cloudyskyloftymoon",
    "SwirledX"
  ],
  "log": "|j|\u2606cloudyskyloftymoon\n|j|\u2606SwirledX\n|t:|1776125710\n|gametype|doubles\n|player|p1|cloudyskyloftymoon|acetrainerf|\n|player|p2|SwirledX|170|\n|gen|9\n|tier|[Gen 9 Champions] VGC 2026 Reg M-A\n|rule|Species Clause: Limit one of each Pok\u00e9mon\n|rule|Item Clause: Limit 1 of each item\n|clearpoke\n|poke|p1|Meganium, L50, F|\n|poke|p1|Pelipper, L50, F|\n|poke|p1|Archaludon, L50, F|\n|poke|p1|Basculegion, L50, M|\n|poke|p1|Farigiraf, L50, F|\n|poke|p1|Sinistcha-Masterpiece, L50|\n|poke|p2|Charizard, L50, M|\n|poke|p2|Venusaur, L50, M|\n|poke|p2|Garchomp, L50, F|\n|poke|p2|Rotom-Wash, L50|\n|poke|p2|Sneasler, L50, F|\n|poke|p2|Incineroar, L50, M|\n|teampreview|4\ncloudyskyloftymoon has agreed to open team sheets.\nSwirledX has agreed to open team sheets.\n|showteam|p1|Meganium||Meganiumite|Overgrow|SolarBeam,WeatherBall,Synthesis,DazzlingGleam|||F|||50|]Pelipper||FocusSash|Drizzle|Hurricane,WeatherBall,Tailwind,Uturn|||F|||50|]Archaludon||Leftovers|Stamina|ElectroShot,FlashCannon,Protect,DracoMeteor|||F|||50|]Basculegion||MysticWater|SwiftSwim|LastRespects,WaveCrash,FlipTurn,PsychicFangs|||M|||50|]Farigiraf||ColburBerry|ArmorTail|TrickRoom,Protect,Psychic,HelpingHand|||F|||50|]Sinistcha-Masterpiece||SitrusBerry|Hospitality|RagePowder,TrickRoom,MatchaGotcha,Protect||||||50|\n|showteam|p2|Charizard||CharizarditeY|SolarPower|HeatWave,SolarBeam,WeatherBall,Protect|||M|||50|]Venusaur||FocusSash|Chlorophyll|SleepPowder,LeafStorm,SludgeBomb,Protect|||M|||50|]Garchomp||ChoiceScarf|RoughSkin|RockSlide,Earthquake,DragonClaw,Bulldoze|||F|||50|]Rotom-Wash||Leftovers|Levitate|HydroPump,Thunderbolt,WillOWisp,Protect||||||50|]Sneasler||WhiteHerb|Unburden|FakeOut,CloseCombat,DireClaw,RockTomb|||F|||50|]Incineroar||SitrusBerry|Intimidate|FakeOut,FlareBlitz,DarkestLariat,PartingShot|||M|||50|\n|\n|t:|1776125790\n|teamsize|p1|4\n|teamsize|p2|4\n|start\n|switch|p1a: Farigiraf|Farigiraf, L50, F|100/100\n|switch|p1b: Sinistcha|Sinistcha-Masterpiece, L50|100/100\n|switch|p2a: Incineroar|Incineroar, L50, M|100/100\n|switch|p2b: Rotom|Rotom-Wash, L50|100/100\n|-ability|p2a: Incineroar|Intimidate|boost\n|-unboost|p1a: Farigiraf|atk|1\n|-unboost|p1b: Sinistcha|atk|1\n|turn|1\n|\n|t:|1776125812\n|move|p2b: Rotom|Hydro Pump|p1a: Farigiraf\n|-damage|p1a: Farigiraf|54/100\n|move|p2a: Incineroar|Darkest Lariat|p1b: Sinistcha\n|-supereffective|p1b: Sinistcha|1\n|-damage|p1b: Sinistcha|26/100\n|-enditem|p1b: Sinistcha|Sitrus Berry|[eat]\n|-heal|p1b: Sinistcha|51/100|[from] item: Sitrus Berry\n|move|p1b: Sinistcha|Matcha Gotcha|p2a: Incineroar|[spread] p2a,p2b\n|-resisted|p2a: Incineroar|1\n|-supereffective|p2b: Rotom|1\n|-damage|p2a: Incineroar|89/100\n|-heal|p1b: Sinistcha|58/100|[from] drain|[of] p2a: Incineroar\n|-damage|p2b: Rotom|50/100\n|-heal|p1b: Sinistcha|80/100|[from] drain|[of] p2b: Rotom\n|-status|p2b: Rotom|brn\n|move|p1a: Farigiraf|Trick Room|p1a: Farigiraf\n|-fieldstart|move: Trick Room|[of] p1a: Farigiraf\n|\n|-heal|p2b: Rotom|55/100 brn|[from] item: Leftovers\n|-damage|p2b: Rotom|50/100 brn|[from] brn\n|upkeep\n|turn|2\n|\n|t:|1776125846\n|switch|p1a: Pelipper|Pelipper, L50, F|100/100\n|-weather|RainDance|[from] ability: Drizzle|[of] p1a: Pelipper\n|move|p2b: Rotom|Protect|p2b: Rotom\n|-singleturn|p2b: Rotom|Protect\n|move|p1b: Sinistcha|Matcha Gotcha|p2a: Incineroar|[spread] p2a\n|-activate|p2b: Rotom|move: Protect\n|-resisted|p2a: Incineroar|1\n|-damage|p2a: Incineroar|76/100\n|-heal|p1b: Sinistcha|88/100|[from] drain|[of] p2a: Incineroar\n|move|p2a: Incineroar|Flare Blitz|p1b: Sinistcha\n|-supereffective|p1b: Sinistcha|1\n|-damage|p1b: Sinistcha|37/100\n|-status|p1b: Sinistcha|brn\n|-damage|p2a: Incineroar|61/100|[from] Recoil\n|\n|-weather|RainDance|[upkeep]\n|-heal|p2b: Rotom|55/100 brn|[from] item: Leftovers\n|-damage|p1b: Sinistcha|31/100 brn|[from] brn\n|-damage|p2b: Rotom|50/100 brn|[from] brn\n|upkeep\n|turn|3\n|\n|t:|1776125873\n|move|p1b: Sinistcha|Matcha Gotcha|p2a: Incineroar|[spread] p2a,p2b\n|-resisted|p2a: Incineroar|1\n|-supereffective|p2b: Rotom|1\n|-damage|p2a: Incineroar|50/100\n|-heal|p1b: Sinistcha|38/100 brn|[from] drain|[of] p2a: Incineroar\n|-damage|p2b: Rotom|0 fnt\n|-heal|p1b: Sinistcha|59/100 brn|[from] drain|[of] p2b: Rotom\n|-enditem|p2a: Incineroar|Sitrus Berry|[eat]\n|-heal|p2a: Incineroar|74/100|[from] item: Sitrus Berry\n|faint|p2b: Rotom\n|move|p2a: Incineroar|Darkest Lariat|p1b: Sinistcha\n|-supereffective|p1b: Sinistcha|1\n|-damage|p1b: Sinistcha|0 fnt\n|faint|p1b: Sinistcha\n|move|p1a: Pelipper|Weather Ball|p2a: Incineroar\n|-supereffective|p2a: Incineroar|1\n|-damage|p2a: Incineroar|0 fnt\n|faint|p2a: Incineroar\n|\n|-weather|RainDance|[upkeep]\n|upkeep\n|\n|t:|1776125904\n|switch|p1b: Meganium|Meganium, L50, F|100/100\n|switch|p2a: Charizard|Charizard, L50, M|100/100\n|switch|p2b: Venusaur|Venusaur, L50, M|100/100\n|turn|4\n|\n|t:|1776125936\n|detailschange|p1b: Meganium|Meganium-Mega, L50, F\n|-mega|p1b: Meganium|Meganium|Meganiumite\n|detailschange|p2a: Charizard|Charizard-Mega-Y, L50, M\n|-mega|p2a: Charizard|Charizard|Charizardite Y\n|-weather|SunnyDay|[from] ability: Drought|[of] p2a: Charizard\n|move|p1b: Meganium|Weather Ball|p2b: Venusaur\n|-supereffective|p2b: Venusaur|1\n|-enditem|p2b: Venusaur|Focus Sash\n|-damage|p2b: Venusaur|1/100\n|move|p1a: Pelipper|U-turn|p2b: Venusaur\n|-damage|p2b: Venusaur|0 fnt\n|faint|p2b: Venusaur\n|\n|t:|1776125947\n|switch|p1a: Farigiraf|Farigiraf, L50, F|54/100|[from] U-turn\n|move|p2a: Charizard|Heat Wave|p1b: Meganium|[spread] p1a,p1b\n|-crit|p1a: Farigiraf\n|-supereffective|p1b: Meganium|1\n|-damage|p1a: Farigiraf|0 fnt\n|-damage|p1b: Meganium|0 fnt\n|faint|p1a: Farigiraf\n|faint|p1b: Meganium\n|\n|-weather|SunnyDay|[upkeep]\n|upkeep\n|\n|t:|1776125957\n|switch|p1b: Pelipper|Pelipper, L50, F|100/100\n|-weather|RainDance|[from] ability: Drizzle|[of] p1b: Pelipper\n|turn|5\n|-message|SwirledX forfeited.\n|\n|win|cloudyskyloftymoon\n|c|\u2606SwirledX|ggs\n",
  "uploadtime": 1776125967,
  "views": 10,
  "formatid": "gen9championsvgc2026regma",
  "rating": null,
  "private": 0,
  "password": null
}