{
  "id": "gen9championsvgc2026regma-2582858681",
  "format": "[Gen 9 Champions] VGC 2026 Reg M-A",
  "players": [
    "metaroou",
    "Timothim Chalombre"
  ],
  "log": "|j|\u2606metaroou\n|j|\u2606Timothim Chalombre\n|t:|1776119710\n|gametype|doubles\n|player|p1|metaroou|rocketgrunt|1367\n|player|p2|Timothim Chalombre|caitlin|1363\n|gen|9\n|tier|[Gen 9 Champions] VGC 2026 Reg M-A\n|rated|\n|rule|Species Clause: Limit one of each Pok\u00e9mon\n|rule|Item Clause: Limit 1 of each item\n|clearpoke\n|poke|p1|Scizor, L50, M|\n|poke|p1|Pelipper, L50, M|\n|poke|p1|Archaludon, L50, M|\n|poke|p1|Basculegion, L50, M|\n|poke|p1|Sinistcha, L50|\n|poke|p1|Arcanine-Hisui, L50, M|\n|poke|p2|Talonflame, L50, F|\n|poke|p2|Glimmora, L50, F|\n|poke|p2|Ninetales-Alola, L50, F|\n|poke|p2|Sinistcha, L50|\n|poke|p2|Garchomp, L50, M|\n|poke|p2|Aegislash, L50, M|\n|teampreview|4\n|inactive|Battle timer is ON: inactive players will automatically lose when time's up. (requested by metaroou)\n|inactive|Timothim Chalombre has 60 seconds left.\n|\n|t:|1776119786\n|teamsize|p1|4\n|teamsize|p2|4\n|start\n|switch|p1a: Tommasi|Pelipper, L50, M, shiny|100/100\n|switch|p1b: Batistuta|Archaludon, L50, M|100/100\n|switch|p2a: Sinistcha|Sinistcha, L50|100/100\n|switch|p2b: Garchomp|Garchomp, L50, M|100/100\n|-weather|RainDance|[from] ability: Drizzle|[of] p1a: Tommasi\n|turn|1\n|\n|t:|1776119806\n|move|p2b: Garchomp|Protect|p2b: Garchomp\n|-singleturn|p2b: Garchomp|Protect\n|move|p1a: Tommasi|Hurricane|p2a: Sinistcha\n|-supereffective|p2a: Sinistcha|1\n|-damage|p2a: Sinistcha|23/100\n|-enditem|p2a: Sinistcha|Sitrus Berry|[eat]\n|-heal|p2a: Sinistcha|48/100|[from] item: Sitrus Berry\n|move|p1b: Batistuta|Dragon Pulse|p2b: Garchomp\n|-activate|p2b: Garchomp|move: Protect\n|move|p2a: Sinistcha|Matcha Gotcha|p1b: Batistuta|[spread] p1a,p1b\n|-resisted|p1b: Batistuta|2\n|-damage|p1a: Tommasi|52/100\n|-heal|p2a: Sinistcha|66/100|[from] drain|[of] p1a: Tommasi\n|-damage|p1b: Batistuta|91/100\n|-heal|p2a: Sinistcha|71/100|[from] drain|[of] p1b: Batistuta\n|-status|p1b: Batistuta|brn\n|-ability|p1b: Batistuta|Stamina|boost\n|-boost|p1b: Batistuta|def|1\n|\n|-weather|RainDance|[upkeep]\n|-damage|p1b: Batistuta|85/100 brn|[from] brn\n|upkeep\n|turn|2\n|inactive|metaroou has 30 seconds left.\n|inactive|metaroou has 20 seconds left.\n|\n|t:|1776119841\n|switch|p2a: Talonflame|Talonflame, L50, F|100/100\n|move|p2b: Garchomp|Rock Slide|p1b: Batistuta|[spread] p1a,p1b\n|-supereffective|p1a: Tommasi|1\n|-resisted|p1b: Batistuta|1\n|-damage|p1a: Tommasi|4/100\n|-damage|p1b: Batistuta|80/100 brn\n|-ability|p1b: Batistuta|Stamina|boost\n|-boost|p1b: Batistuta|def|1\n|move|p1a: Tommasi|Hurricane|p2a: Talonflame\n|-damage|p2a: Talonflame|48/100\n|move|p1b: Batistuta|Dragon Pulse|p2b: Garchomp\n|-supereffective|p2b: Garchomp|1\n|-damage|p2b: Garchomp|0 fnt\n|faint|p2b: Garchomp\n|-heal|p1b: Batistuta|92/100 brn|[from] item: Shell Bell|[of] p2: Garchomp\n|\n|-weather|RainDance|[upkeep]\n|-damage|p1b: Batistuta|86/100 brn|[from] brn\n|upkeep\n|inactive|Timothim Chalombre has 30 seconds left.\n|inactive|Timothim Chalombre has 20 seconds left.\n|inactive|Timothim Chalombre has 15 seconds left.\n|inactive|Timothim Chalombre has 10 seconds left.\n|\n|t:|1776119891\n|switch|p2b: Ninetales|Ninetales-Alola, L50, F|100/100\n|-weather|Snowscape|[from] ability: Snow Warning|[of] p2b: Ninetales\n|turn|3\n|\n|t:|1776119912\n|move|p2a: Talonflame|Flare Blitz|p1a: Tommasi\n|-resisted|p1a: Tommasi|1\n|-damage|p1a: Tommasi|0 fnt\n|faint|p1a: Tommasi\n|-damage|p2a: Talonflame|47/100|[from] Recoil\n|move|p2b: Ninetales|Moonblast|p1b: Batistuta\n|-damage|p1b: Batistuta|39/100 brn\n|-ability|p1b: Batistuta|Stamina|boost\n|-boost|p1b: Batistuta|def|1\n|move|p1b: Batistuta|Aura Sphere|p2b: Ninetales\n|-damage|p2b: Ninetales|68/100\n|-heal|p1b: Batistuta|42/100 brn|[from] item: Shell Bell|[of] p2b: Ninetales\n|\n|-weather|Snowscape|[upkeep]\n|-damage|p1b: Batistuta|36/100 brn|[from] brn\n|upkeep\n|\n|t:|1776119924\n|switch|p1a: Nakata|Basculegion, L50, M|100/100\n|turn|4\n|inactive|Timothim Chalombre has 30 seconds left.\n|\n|t:|1776119953\n|switch|p2a: Sinistcha|Sinistcha, L50|71/100\n|-heal|p2b: Ninetales|92/100|[from] ability: Hospitality|[of] p2a: Sinistcha\n|move|p1a: Nakata|Aqua Jet|p2a: Sinistcha\n|-resisted|p2a: Sinistcha|1\n|-damage|p2a: Sinistcha|59/100\n|move|p2b: Ninetales|Icy Wind|p1b: Batistuta|[spread] p1a,p1b\n|-resisted|p1a: Nakata|1\n|-damage|p1a: Nakata|91/100\n|-damage|p1b: Batistuta|17/100 brn\n|-unboost|p1a: Nakata|spe|1\n|-unboost|p1b: Batistuta|spe|1\n|-ability|p1b: Batistuta|Stamina|boost\n|-boost|p1b: Batistuta|def|1\n|move|p1b: Batistuta|Aura Sphere|p2b: Ninetales\n|-damage|p2b: Ninetales|57/100\n|-heal|p1b: Batistuta|20/100 brn|[from] item: Shell Bell|[of] p2b: Ninetales\n|\n|-weather|Snowscape|[upkeep]\n|-damage|p1b: Batistuta|14/100 brn|[from] brn\n|upkeep\n|turn|5\n|inactive|metaroou has 30 seconds left.\n|\n|t:|1776119985\n|move|p1a: Nakata|Aqua Jet|p2b: Ninetales\n|-damage|p2b: Ninetales|32/100\n|move|p2b: Ninetales|Ice Beam|p1b: Batistuta\n|-damage|p1b: Batistuta|0 fnt\n|faint|p1b: Batistuta\n|move|p2a: Sinistcha|Matcha Gotcha|p1a: Nakata\n|-supereffective|p1a: Nakata|1\n|-damage|p1a: Nakata|2/100\n|-heal|p2a: Sinistcha|100/100|[from] drain|[of] p1a: Nakata\n|\n|-weather|Snowscape|[upkeep]\n|upkeep\n|\n|t:|1776119993\n|switch|p1b: Totti|Scizor, L50, M|100/100\n|turn|6\n|\n|t:|1776120012\n|detailschange|p1b: Totti|Scizor-Mega, L50, M\n|-mega|p1b: Totti|Scizor|Scizorite\n|move|p2a: Sinistcha|Rage Powder|p2a: Sinistcha\n|-singleturn|p2a: Sinistcha|move: Rage Powder\n|move|p1a: Nakata|Aqua Jet|p2a: Sinistcha\n|-resisted|p2a: Sinistcha|1\n|-damage|p2a: Sinistcha|88/100\n|move|p2b: Ninetales|Moonblast|p1a: Nakata\n|-damage|p1a: Nakata|0 fnt\n|faint|p1a: Nakata\n|move|p1b: Totti|Swords Dance|p1b: Totti\n|-boost|p1b: Totti|atk|2\n|\n|-weather|Snowscape|[upkeep]\n|upkeep\n|turn|7\n|\n|t:|1776120023\n|move|p2a: Sinistcha|Protect|p2a: Sinistcha\n|-singleturn|p2a: Sinistcha|Protect\n|move|p2b: Ninetales|Moonblast|p1b: Totti\n|-resisted|p1b: Totti|1\n|-damage|p1b: Totti|77/100\n|move|p1b: Totti|U-turn|p2a: Sinistcha\n|-activate|p2a: Sinistcha|move: Protect\n|\n|-weather|none\n|upkeep\n|turn|8\n|\n|t:|1776120041\n|switch|p2a: Talonflame|Talonflame, L50, F|47/100\n|move|p2b: Ninetales|Moonblast|p1b: Totti\n|-resisted|p1b: Totti|1\n|-damage|p1b: Totti|56/100\n|move|p1b: Totti|U-turn|p2a: Talonflame\n|-resisted|p2a: Talonflame|2\n|-damage|p2a: Talonflame|16/100\n|\n|upkeep\n|turn|9\n|\n|t:|1776120051\n|switch|p2b: Sinistcha|Sinistcha, L50|88/100\n|-heal|p2a: Talonflame|41/100|[from] ability: Hospitality|[of] p2b: Sinistcha\n|move|p1b: Totti|Bullet Punch|p2a: Talonflame\n|-resisted|p2a: Talonflame|1\n|-damage|p2a: Talonflame|0 fnt\n|faint|p2a: Talonflame\n|\n|upkeep\n|\n|t:|1776120054\n|switch|p2a: Ninetales|Ninetales-Alola, L50, F|32/100\n|-weather|Snowscape|[from] ability: Snow Warning|[of] p2a: Ninetales\n|turn|10\n|\n|t:|1776120058\n|move|p2b: Sinistcha|Rage Powder|p2b: Sinistcha\n|-singleturn|p2b: Sinistcha|move: Rage Powder\n|move|p1b: Totti|Bullet Punch|p2b: Sinistcha\n|-damage|p2b: Sinistcha|24/100\n|move|p2a: Ninetales|Moonblast|p1b: Totti\n|-resisted|p1b: Totti|1\n|-damage|p1b: Totti|32/100\n|\n|-weather|Snowscape|[upkeep]\n|upkeep\n|turn|11\n|\n|t:|1776120066\n|move|p2a: Ninetales|Protect|p2a: Ninetales\n|-singleturn|p2a: Ninetales|Protect\n|move|p1b: Totti|Bullet Punch|p2a: Ninetales\n|-activate|p2a: Ninetales|move: Protect\n|move|p2b: Sinistcha|Matcha Gotcha|p1b: Totti\n|-resisted|p1b: Totti|2\n|-damage|p1b: Totti|22/100\n|-heal|p2b: Sinistcha|28/100|[from] drain|[of] p1b: Totti\n|\n|-weather|Snowscape|[upkeep]\n|upkeep\n|turn|12\n|\n|t:|1776120072\n|move|p2b: Sinistcha|Rage Powder|p2b: Sinistcha\n|-singleturn|p2b: Sinistcha|move: Rage Powder\n|move|p1b: Totti|Bullet Punch|p2b: Sinistcha\n|-damage|p2b: Sinistcha|0 fnt\n|faint|p2b: Sinistcha\n|move|p2a: Ninetales|Moonblast|p1b: Totti\n|-resisted|p1b: Totti|1\n|-damage|p1b: Totti|0 fnt\n|faint|p1b: Totti\n|\n|win|Timothim Chalombre\n|raw|metaroou's rating: 1367 &rarr; <strong>1347</strong><br />(-20 for losing)\n|raw|Timothim Chalombre's rating: 1363 &rarr; <strong>1383</strong><br />(+20 for winning)\n",
  "uploadtime": 1776120075,
  "views": 36,
  "formatid": "gen9championsvgc2026regma",
  "rating": 1347,
  "private": 0,
  "password": null
}