{
  "id": "gen9championsvgc2026regma-2587177097",
  "format": "[Gen 9 Champions] VGC 2026 Reg M-A",
  "players": [
    "Glaceon Is Broken",
    "bixentimo_"
  ],
  "log": "|j|\u2606Glaceon Is Broken\n|j|\u2606bixentimo_\n|t:|1776504710\n|gametype|doubles\n|player|p1|Glaceon Is Broken|winona|1106\n|player|p2|bixentimo_|170|1118\n|gen|9\n|tier|[Gen 9 Champions] VGC 2026 Reg M-A\n|rated|\n|rule|Species Clause: Limit one of each Pok\u00e9mon\n|rule|Item Clause: Limit 1 of each item\n|clearpoke\n|poke|p1|Houndoom, L50, M|\n|poke|p1|Archaludon, L50, M|\n|poke|p1|Aerodactyl, L50, F|\n|poke|p1|Infernape, L50, M|\n|poke|p1|Sinistcha-Masterpiece, L50|\n|poke|p1|Hydreigon, L50, M|\n|poke|p2|Gengar, L50, F, shiny|\n|poke|p2|Incineroar, L50, F|\n|poke|p2|Milotic, L50, F|\n|poke|p2|Sinistcha, L50|\n|poke|p2|Garchomp, L50, M|\n|poke|p2|Zoroark-Hisui, L50, F, shiny|\n|teampreview|4\n|inactive|Battle timer is ON: inactive players will automatically lose when time's up. (requested by Glaceon Is Broken)\nGlaceon Is Broken rejected open team sheets.\n|inactive|bixentimo_ has 60 seconds left.\n|\n|t:|1776504748\n|teamsize|p1|4\n|teamsize|p2|4\n|start\n|switch|p1a: Aerodactyl|Aerodactyl, L50, F|100/100\n|switch|p1b: Hydreigon|Hydreigon, L50, M|100/100\n|switch|p2a: Momo|Gengar, L50, F, shiny|100/100\n|switch|p2b: Furroefuego|Incineroar, L50, F|100/100\n|-ability|p1a: Aerodactyl|Unnerve\n|-ability|p2b: Furroefuego|Intimidate|boost\n|-unboost|p1a: Aerodactyl|atk|1\n|-unboost|p1b: Hydreigon|atk|1\n|turn|1\n|inactive|bixentimo_ has 30 seconds left.\n|inactive|bixentimo_ has 20 seconds left.\n|\n|t:|1776504787\n|detailschange|p2a: Momo|Gengar-Mega, L50, F, shiny\n|-mega|p2a: Momo|Gengar|Gengarite\n|move|p2b: Furroefuego|Fake Out|p1a: Aerodactyl\n|-resisted|p1a: Aerodactyl|1\n|-damage|p1a: Aerodactyl|92/100\n|cant|p1a: Aerodactyl|flinch\n|move|p2a: Momo|Will-O-Wisp|p1a: Aerodactyl\n|-status|p1a: Aerodactyl|brn\n|move|p1b: Hydreigon|Earthquake|p2a: Momo|[spread] p2a,p2b\n|-immune|p1a: Aerodactyl\n|-supereffective|p2a: Momo|1\n|-supereffective|p2b: Furroefuego|1\n|-damage|p2a: Momo|69/100\n|-damage|p2b: Furroefuego|75/100\n|\n|-damage|p1a: Aerodactyl|86/100 brn|[from] brn\n|upkeep\n|turn|2\n|inactive|Glaceon Is Broken has 30 seconds left.\n|inactive|Glaceon Is Broken has 20 seconds left.\n|\n|t:|1776504823\n|switch|p2a: Feminazi|Milotic, L50, F|100/100\n|move|p1a: Aerodactyl|Tailwind|p1a: Aerodactyl\n|-sidestart|p1: Glaceon Is Broken|move: Tailwind\n|move|p1b: Hydreigon|Earthquake|p2b: Furroefuego|[spread] p2a,p2b\n|-immune|p1a: Aerodactyl\n|-supereffective|p2b: Furroefuego|1\n|-damage|p2a: Feminazi|87/100\n|-damage|p2b: Furroefuego|50/100\n|move|p2b: Furroefuego|Parting Shot|p1b: Hydreigon\n|-unboost|p1b: Hydreigon|atk|1\n|-unboost|p1b: Hydreigon|spa|1\n|\n|t:|1776504835\n|switch|p2b: Momo|Gengar-Mega, L50, F, shiny|69/100|[from] Parting Shot\n|\n|-heal|p2a: Feminazi|93/100|[from] item: Leftovers\n|-damage|p1a: Aerodactyl|81/100 brn|[from] brn\n|upkeep\n|turn|3\n|\n|t:|1776504854\n|move|p1a: Aerodactyl|Rock Slide|p2b: Momo|[spread] p2b\n|-miss|p1a: Aerodactyl|p2a: Feminazi\n|-damage|p2b: Momo|60/100\n|move|p1b: Hydreigon|Draco Meteor|p2b: Momo\n|-damage|p2b: Momo|22/100\n|-unboost|p1b: Hydreigon|spa|2\n|cant|p2b: Momo|flinch\n|move|p2a: Feminazi|Flip Turn|p1a: Aerodactyl\n|-supereffective|p1a: Aerodactyl|1\n|-damage|p1a: Aerodactyl|41/100 brn\n|\n|t:|1776504866\n|switch|p2a: Pistachito|Sinistcha, L50|100/100|[from] Flip Turn\n|-heal|p2b: Momo|47/100|[from] ability: Hospitality|[of] p2a: Pistachito\n|\n|-damage|p1a: Aerodactyl|36/100 brn|[from] brn\n|upkeep\n|turn|4\n|inactive|bixentimo_ has 30 seconds left.\n|\n|t:|1776504900\n|switch|p2a: Feminazi|Milotic, L50, F|93/100\n|move|p2b: Momo|Protect|p2b: Momo\n|-singleturn|p2b: Momo|Protect\n|move|p1a: Aerodactyl|Rock Slide|p2a: Feminazi|[spread] p2a\n|-activate|p2b: Momo|move: Protect\n|-damage|p2a: Feminazi|84/100\n|move|p1b: Hydreigon|Earthquake|p2b: Momo|[spread] p2a\n|-activate|p2b: Momo|move: Protect\n|-immune|p1a: Aerodactyl\n|-damage|p2a: Feminazi|75/100\n|\n|-heal|p2a: Feminazi|81/100|[from] item: Leftovers\n|-damage|p1a: Aerodactyl|30/100 brn|[from] brn\n|upkeep\n|turn|5\n|\n|t:|1776504921\n|move|p1a: Aerodactyl|Rock Slide|p2a: Feminazi|[spread] p2a,p2b\n|-damage|p2a: Feminazi|73/100\n|-damage|p2b: Momo|36/100\n|move|p1b: Hydreigon|Earthquake|p2b: Momo|[spread] p2a,p2b\n|-immune|p1a: Aerodactyl\n|-supereffective|p2b: Momo|1\n|-damage|p2a: Feminazi|64/100\n|-damage|p2b: Momo|12/100\n|cant|p2b: Momo|flinch\n|move|p2a: Feminazi|Flip Turn|p1a: Aerodactyl\n|-supereffective|p1a: Aerodactyl|1\n|-damage|p1a: Aerodactyl|0 fnt\n|faint|p1a: Aerodactyl\n|\n|t:|1776504934\n|switch|p2a: Pistachito|Sinistcha, L50|100/100|[from] Flip Turn\n|-heal|p2b: Momo|36/100|[from] ability: Hospitality|[of] p2a: Pistachito\n|\n|-sideend|p1: Glaceon Is Broken|move: Tailwind\n|upkeep\n|\n|t:|1776504942\n|switch|p1a: Houndoom|Houndoom, L50, M|100/100\n|-ability|p1a: Houndoom|Unnerve\n|turn|6\n|\n|t:|1776504957\n|switch|p2b: Feminazi|Milotic, L50, F|64/100\n|detailschange|p1a: Houndoom|Houndoom-Mega, L50, M\n|-mega|p1a: Houndoom|Houndoom|Houndoominite\n|move|p2a: Pistachito|Protect|p2a: Pistachito\n|-singleturn|p2a: Pistachito|Protect\n|move|p1a: Houndoom|Heat Wave|p2a: Pistachito|[spread] \n|-activate|p2a: Pistachito|move: Protect\n|-miss|p1a: Houndoom|p2b: Feminazi\n|move|p1b: Hydreigon|Heat Wave|p2b: Feminazi|[spread] \n|-activate|p2a: Pistachito|move: Protect\n|-miss|p1b: Hydreigon|p2b: Feminazi\n|\n|-heal|p2b: Feminazi|70/100|[from] item: Leftovers\n|upkeep\n|turn|7\n|\n|t:|1776504976\n|switch|p1b: Infernape|Infernape, L50, M|100/100\n|switch|p2a: Furroefuego|Incineroar, L50, F|50/100\n|-enditem|p2a: Furroefuego|Sitrus Berry|[eat]\n|-heal|p2a: Furroefuego|75/100|[from] item: Sitrus Berry\n|-ability|p2a: Furroefuego|Intimidate|boost\n|-unboost|p1a: Houndoom|atk|1\n|-unboost|p1b: Infernape|atk|1\n|move|p1a: Houndoom|Fire Blast|p2a: Furroefuego\n|-resisted|p2a: Furroefuego|1\n|-damage|p2a: Furroefuego|53/100\n|move|p2b: Feminazi|Alluring Voice|p1b: Infernape\n|-damage|p1b: Infernape|74/100\n|\n|-heal|p2b: Feminazi|76/100|[from] item: Leftovers\n|upkeep\n|turn|8\n|inactive|bixentimo_ has 30 seconds left.\n|inactive|bixentimo_ has 20 seconds left.\n|\n|t:|1776505016\n|move|p2a: Furroefuego|Fake Out|p1a: Houndoom\n|-damage|p1a: Houndoom|87/100\n|cant|p1a: Houndoom|flinch\n|move|p1b: Infernape|Fire Blast|p2a: Furroefuego\n|-resisted|p2a: Furroefuego|1\n|-damage|p2a: Furroefuego|34/100\n|move|p2b: Feminazi|Flip Turn|p1b: Infernape\n|-supereffective|p1b: Infernape|1\n|-damage|p1b: Infernape|34/100\n|\n|t:|1776505026\n|switch|p2b: Pistachito|Sinistcha, L50|100/100|[from] Flip Turn\n|-heal|p2a: Furroefuego|59/100|[from] ability: Hospitality|[of] p2b: Pistachito\n|\n|upkeep\n|turn|9\n|\n|t:|1776505043\n|switch|p2b: Feminazi|Milotic, L50, F|76/100\n|move|p1a: Houndoom|Dark Pulse|p2b: Feminazi\n|-damage|p2b: Feminazi|49/100\n|move|p1b: Infernape|Heat Wave|p2a: Furroefuego|[spread] p2a,p2b\n|-resisted|p2a: Furroefuego|1\n|-resisted|p2b: Feminazi|1\n|-damage|p2a: Furroefuego|47/100\n|-damage|p2b: Feminazi|40/100\n|move|p2a: Furroefuego|Darkest Lariat|p1b: Infernape\n|-resisted|p1b: Infernape|1\n|-damage|p1b: Infernape|8/100\n|\n|-heal|p2b: Feminazi|46/100|[from] item: Leftovers\n|upkeep\n|turn|10\n|\n|t:|1776505061\n|move|p2a: Furroefuego|Protect|p2a: Furroefuego\n|-singleturn|p2a: Furroefuego|Protect\n|move|p1a: Houndoom|Dark Pulse|p2b: Feminazi\n|-damage|p2b: Feminazi|19/100\n|move|p1b: Infernape|Aura Sphere|p2a: Furroefuego\n|-activate|p2a: Furroefuego|move: Protect\n|move|p2b: Feminazi|Flip Turn|p1b: Infernape\n|-supereffective|p1b: Infernape|1\n|-crit|p1b: Infernape\n|-damage|p1b: Infernape|0 fnt\n|faint|p1b: Infernape\n|\n|t:|1776505074\n|switch|p2b: Pistachito|Sinistcha, L50|100/100|[from] Flip Turn\n|-heal|p2a: Furroefuego|72/100|[from] ability: Hospitality|[of] p2b: Pistachito\n|\n|upkeep\n|\n|t:|1776505076\n|switch|p1b: Hydreigon|Hydreigon, L50, M|100/100\n|turn|11\n|\n|t:|1776505093\n|switch|p2b: Feminazi|Milotic, L50, F|19/100\n|move|p1a: Houndoom|Fire Blast|p2b: Feminazi\n|-resisted|p2b: Feminazi|1\n|-damage|p2b: Feminazi|0 fnt\n|faint|p2b: Feminazi\n|move|p1b: Hydreigon|Rock Slide|p2a: Furroefuego\n|-supereffective|p2a: Furroefuego|1\n|-damage|p2a: Furroefuego|35/100\n|move|p2a: Furroefuego|Parting Shot|p1b: Hydreigon\n|-unboost|p1b: Hydreigon|atk|1\n|-unboost|p1b: Hydreigon|spa|1\n|\n|t:|1776505107\n|switch|p2a: Momo|Gengar-Mega, L50, F, shiny|36/100|[from] Parting Shot\n|\n|upkeep\n|\n|t:|1776505110\n|switch|p2b: Pistachito|Sinistcha, L50|100/100\n|-heal|p2a: Momo|61/100|[from] ability: Hospitality|[of] p2b: Pistachito\n|turn|12\n|\n|t:|1776505122\n|switch|p2b: Furroefuego|Incineroar, L50, F|35/100\n|-ability|p2b: Furroefuego|Intimidate|boost\n|-unboost|p1a: Houndoom|atk|1\n|-unboost|p1b: Hydreigon|atk|1\n|move|p1a: Houndoom|Dark Pulse|p2a: Momo\n|-supereffective|p2a: Momo|1\n|-damage|p2a: Momo|0 fnt\n|faint|p2a: Momo\n|move|p1b: Hydreigon|Rock Slide|p2b: Furroefuego\n|-supereffective|p2b: Furroefuego|1\n|-damage|p2b: Furroefuego|15/100\n|\n|upkeep\n|\n|t:|1776505133\n|switch|p2a: Pistachito|Sinistcha, L50|100/100\n|-heal|p2b: Furroefuego|40/100|[from] ability: Hospitality|[of] p2a: Pistachito\n|turn|13\n|inactive|bixentimo_ has 30 seconds left.\n|\n|t:|1776505158\n|move|p2b: Furroefuego|Fake Out|p1a: Houndoom\n|-damage|p1a: Houndoom|71/100\n|cant|p1a: Houndoom|flinch\n|move|p1b: Hydreigon|Draco Meteor|p2b: Furroefuego\n|-damage|p2b: Furroefuego|5/100\n|-unboost|p1b: Hydreigon|spa|2\n|move|p2a: Pistachito|Nasty Plot|p2a: Pistachito\n|-boost|p2a: Pistachito|spa|2\n|\n|upkeep\n|turn|14\n|\n|t:|1776505176\n|move|p2b: Furroefuego|Protect|p2b: Furroefuego\n|-singleturn|p2b: Furroefuego|Protect\n|move|p1a: Houndoom|Fire Blast|p2a: Pistachito\n|-supereffective|p2a: Pistachito|1\n|-enditem|p2a: Pistachito|Occa Berry|[eat]\n|-enditem|p2a: Pistachito|Occa Berry|[weaken]\n|-damage|p2a: Pistachito|39/100\n|move|p1b: Hydreigon|Heat Wave|p2a: Pistachito|[spread] p2a\n|-activate|p2b: Furroefuego|move: Protect\n|-supereffective|p2a: Pistachito|1\n|-damage|p2a: Pistachito|19/100\n|move|p2a: Pistachito|Matcha Gotcha|p1a: Houndoom|[spread] p1a,p1b\n|-resisted|p1a: Houndoom|1\n|-resisted|p1b: Hydreigon|1\n|-damage|p1a: Houndoom|43/100\n|-heal|p2a: Pistachito|33/100|[from] drain|[of] p1a: Houndoom\n|-damage|p1b: Hydreigon|71/100\n|-heal|p2a: Pistachito|48/100|[from] drain|[of] p1b: Hydreigon\n|-status|p1b: Hydreigon|brn\n|\n|-damage|p1b: Hydreigon|65/100 brn|[from] brn\n|upkeep\n|turn|15\n|inactive|bixentimo_ has 30 seconds left.\n|\n|t:|1776505203\n|move|p2a: Pistachito|Protect|p2a: Pistachito\n|-singleturn|p2a: Pistachito|Protect\n|move|p1a: Houndoom|Fire Blast|p2a: Pistachito\n|-activate|p2a: Pistachito|move: Protect\n|move|p1b: Hydreigon|Heat Wave|p2b: Furroefuego|[spread] p2b\n|-activate|p2a: Pistachito|move: Protect\n|-resisted|p2b: Furroefuego|1\n|-damage|p2b: Furroefuego|2/100\n|move|p2b: Furroefuego|Darkest Lariat|p1a: Houndoom\n|-resisted|p1a: Houndoom|1\n|-damage|p1a: Houndoom|20/100\n|\n|-damage|p1b: Hydreigon|59/100 brn|[from] brn\n|upkeep\n|turn|16\n|\n|t:|1776505220\n|move|p2b: Furroefuego|Protect|p2b: Furroefuego\n|-singleturn|p2b: Furroefuego|Protect\n|move|p1a: Houndoom|Fire Blast|p2a: Pistachito\n|-supereffective|p2a: Pistachito|1\n|-damage|p2a: Pistachito|0 fnt\n|faint|p2a: Pistachito\n|move|p1b: Hydreigon|Heat Wave|p2b: Furroefuego\n|-activate|p2b: Furroefuego|move: Protect\n|\n|-damage|p1b: Hydreigon|53/100 brn|[from] brn\n|upkeep\n|turn|17\n|c|\u2606bixentimo_|gg\n|\n|t:|1776505233\n|move|p1a: Houndoom|Dark Pulse|p2b: Furroefuego\n|-resisted|p2b: Furroefuego|1\n|-damage|p2b: Furroefuego|0 fnt\n|faint|p2b: Furroefuego\n|\n|win|Glaceon Is Broken\n|raw|Glaceon Is Broken's rating: 1106 &rarr; <strong>1132</strong><br />(+26 for winning)\n|raw|bixentimo_'s rating: 1118 &rarr; <strong>1092</strong><br />(-26 for losing)\n|c|\u2606bixentimo_|3 flinches\n",
  "uploadtime": 1776505241,
  "views": 14,
  "formatid": "gen9championsvgc2026regma",
  "rating": 1092,
  "private": 0,
  "password": null
}