{
  "id": "gen9championsvgc2026regma-2581087344",
  "format": "[Gen 9 Champions] VGC 2026 Reg M-A",
  "players": [
    "CappyCappy",
    "hujko"
  ],
  "log": "|j|\u2606CappyCappy\n|j|\u2606hujko\n|t:|1775958631\n|gametype|doubles\n|player|p1|CappyCappy|miku-fairy|1019\n|player|p2|hujko|ingo|1113\n|gen|9\n|tier|[Gen 9 Champions] VGC 2026 Reg M-A\n|rated|\n|rule|Species Clause: Limit one of each Pok\u00e9mon\n|rule|Item Clause: Limit 1 of each item\n|clearpoke\n|poke|p1|Politoed, L50, M|\n|poke|p1|Gengar, L50, M|\n|poke|p1|Sinistcha, L50|\n|poke|p1|Tyranitar, L50, F|\n|poke|p1|Goodra-Hisui, L50, M|\n|poke|p1|Incineroar, L50, F|\n|poke|p2|Skarmory, L50, M|\n|poke|p2|Pelipper, L50, F|\n|poke|p2|Sinistcha-Masterpiece, L50|\n|poke|p2|Basculegion, L50, M|\n|poke|p2|Archaludon, L50, M|\n|poke|p2|Dragonite, L50, F|\n|teampreview|4\n|inactive|Battle timer is ON: inactive players will automatically lose when time's up. (requested by CappyCappy)\nCappyCappy rejected open team sheets.\n|\n|t:|1775958662\n|teamsize|p1|4\n|teamsize|p2|4\n|start\n|switch|p1a: Sinistcha|Sinistcha, L50|100/100\n|switch|p1b: Gengar|Gengar, L50, M, shiny|100/100\n|switch|p2a: Skarmory|Skarmory, L50, M, shiny|100/100\n|switch|p2b: Basculegion|Basculegion, L50, M, shiny|100/100\n|turn|1\n|\n|t:|1775958673\n|detailschange|p2a: Skarmory|Skarmory-Mega, L50, M, shiny\n|-mega|p2a: Skarmory|Skarmory|Skarmorite\n|detailschange|p1b: Gengar|Gengar-Mega, L50, M, shiny\n|-mega|p1b: Gengar|Gengar|Gengarite\n|move|p1a: Sinistcha|Rage Powder|p1a: Sinistcha\n|-singleturn|p1a: Sinistcha|move: Rage Powder\n|move|p2b: Basculegion|Flip Turn|p1a: Sinistcha\n|-resisted|p1a: Sinistcha|1\n|-damage|p1a: Sinistcha|86/100\n|j| xxWAGONx\n|\n|t:|1775958685\n|switch|p2b: Pelipper|Pelipper, L50, F, shiny|100/100|[from] Flip Turn\n|-weather|RainDance|[from] ability: Drizzle|[of] p2b: Pelipper\n|move|p2a: Skarmory|Iron Head|p1b: Gengar\n|-damage|p1b: Gengar|61/100\n|move|p1b: Gengar|Perish Song|p1b: Gengar\n|-start|p1a: Sinistcha|perish3|[silent]\n|-start|p1b: Gengar|perish3|[silent]\n|-start|p2a: Skarmory|perish3|[silent]\n|-start|p2b: Pelipper|perish3|[silent]\n|-fieldactivate|move: Perish Song\n|\n|-weather|RainDance|[upkeep]\n|-start|p2a: Skarmory|perish3\n|-start|p1b: Gengar|perish3\n|-start|p1a: Sinistcha|perish3\n|-start|p2b: Pelipper|perish3\n|upkeep\n|turn|2\n|\n|t:|1775958695\n|move|p1b: Gengar|Protect|p1b: Gengar\n|-singleturn|p1b: Gengar|Protect\n|move|p2a: Skarmory|Swords Dance|p2a: Skarmory\n|-boost|p2a: Skarmory|atk|2\n|move|p1a: Sinistcha|Life Dew|p1a: Sinistcha|[spread] p1a,p1b\n|-heal|p1a: Sinistcha|100/100\n|-heal|p1b: Gengar|86/100\n|move|p2b: Pelipper|Tailwind|p2b: Pelipper\n|-sidestart|p2: hujko|move: Tailwind\n|\n|-weather|RainDance|[upkeep]\n|-start|p2a: Skarmory|perish2\n|-start|p2b: Pelipper|perish2\n|-start|p1b: Gengar|perish2\n|-start|p1a: Sinistcha|perish2\n|upkeep\n|turn|3\n|l| xxWAGONx\n|\n|t:|1775958720\n|move|p1a: Sinistcha|Rage Powder|p1a: Sinistcha\n|-singleturn|p1a: Sinistcha|move: Rage Powder\n|move|p2a: Skarmory|Drill Peck|p1b: Gengar\n|-damage|p1b: Gengar|14/100\n|move|p2b: Pelipper|Hurricane|p1a: Sinistcha\n|-supereffective|p1a: Sinistcha|1\n|-damage|p1a: Sinistcha|32/100\n|move|p1b: Gengar|Shadow Ball|p2a: Skarmory\n|-damage|p2a: Skarmory|43/100\n|-unboost|p2a: Skarmory|spd|1\n|\n|-weather|RainDance|[upkeep]\n|-start|p2a: Skarmory|perish1\n|-start|p2b: Pelipper|perish1\n|-start|p1b: Gengar|perish1\n|-start|p1a: Sinistcha|perish1\n|upkeep\n|turn|4\n|\n|t:|1775958738\n|switch|p1a: Tyranitar|Tyranitar, L50, F|100/100\n|-ability|p1a: Tyranitar|Unnerve\n|move|p1b: Gengar|Protect|p1b: Gengar\n|-singleturn|p1b: Gengar|Protect\n|move|p2a: Skarmory|Drill Peck|p1a: Tyranitar\n|-resisted|p1a: Tyranitar|1\n|-damage|p1a: Tyranitar|57/100\n|move|p2b: Pelipper|Hurricane|p1b: Gengar\n|-activate|p1b: Gengar|move: Protect\n|\n|-weather|RainDance|[upkeep]\n|-start|p2a: Skarmory|perish0\n|-start|p2b: Pelipper|perish0\n|-start|p1b: Gengar|perish0\n|faint|p2a: Skarmory\n|faint|p2b: Pelipper\n|faint|p1b: Gengar\n|upkeep\n|\n|t:|1775958752\n|switch|p2a: Basculegion|Basculegion, L50, M, shiny|100/100\n|switch|p1b: Politoed|Politoed, L50, M|100/100\n|switch|p2b: Dragonite|Dragonite, L50, F|100/100\n|turn|5\n|\n|t:|1775958776\n|move|p1a: Tyranitar|Protect|p1a: Tyranitar\n|-singleturn|p1a: Tyranitar|Protect\n|move|p1b: Politoed|Protect|p1b: Politoed\n|-singleturn|p1b: Politoed|Protect\n|move|p2a: Basculegion|Last Respects|p1b: Politoed\n|-activate|p1b: Politoed|move: Protect\n|move|p2b: Dragonite|Hurricane|p1b: Politoed\n|-activate|p1b: Politoed|move: Protect\n|\n|-weather|none\n|-sideend|p2: hujko|move: Tailwind\n|upkeep\n|turn|6\n|\n|t:|1775958791\n|move|p2a: Basculegion|Last Respects|p1b: Politoed\n|-damage|p1b: Politoed|0 fnt\n|faint|p1b: Politoed\n|move|p2b: Dragonite|Thunder|p1a: Tyranitar|[miss]\n|-miss|p2b: Dragonite|p1a: Tyranitar\n|move|p1a: Tyranitar|Rock Slide|p2a: Basculegion|[spread] p2a,p2b\n|-supereffective|p2b: Dragonite|1\n|-damage|p2a: Basculegion|59/100\n|-damage|p2b: Dragonite|64/100\n|\n|upkeep\n|\n|t:|1775958796\n|switch|p1b: Sinistcha|Sinistcha, L50|32/100\n|-heal|p1a: Tyranitar|82/100|[from] ability: Hospitality|[of] p1b: Sinistcha\n|turn|7\n|\n|t:|1775958802\n|move|p2b: Dragonite|Protect|p2b: Dragonite\n|-singleturn|p2b: Dragonite|Protect\n|move|p1b: Sinistcha|Rage Powder|p1b: Sinistcha\n|-singleturn|p1b: Sinistcha|move: Rage Powder\n|move|p2a: Basculegion|Last Respects|p1b: Sinistcha\n|-supereffective|p1b: Sinistcha|1\n|-crit|p1b: Sinistcha\n|-damage|p1b: Sinistcha|0 fnt\n|faint|p1b: Sinistcha\n|move|p1a: Tyranitar|Rock Slide|p2b: Dragonite|[spread] p2a\n|-activate|p2b: Dragonite|move: Protect\n|-damage|p2a: Basculegion|17/100\n|\n|upkeep\n|turn|8\n|\n|t:|1775958814\n|move|p2a: Basculegion|Last Respects|p1a: Tyranitar\n|-resisted|p1a: Tyranitar|1\n|-damage|p1a: Tyranitar|34/100\n|move|p2b: Dragonite|Thunder|p1a: Tyranitar|[miss]\n|-miss|p2b: Dragonite|p1a: Tyranitar\n|move|p1a: Tyranitar|Rock Slide|p2b: Dragonite|[spread] p2a,p2b\n|-supereffective|p2b: Dragonite|1\n|-damage|p2a: Basculegion|0 fnt\n|-damage|p2b: Dragonite|0 fnt\n|faint|p2a: Basculegion\n|faint|p2b: Dragonite\n|\n|win|CappyCappy\n|raw|CappyCappy's rating: 1019 &rarr; <strong>1066</strong><br />(+47 for winning)\n|raw|hujko's rating: 1113 &rarr; <strong>1081</strong><br />(-32 for losing)\n",
  "uploadtime": 1775958815,
  "views": 9,
  "formatid": "gen9championsvgc2026regma",
  "rating": 1066,
  "private": 0,
  "password": null
}