{
  "id": "gen9championsvgc2026regma-2583901245",
  "format": "[Gen 9 Champions] VGC 2026 Reg M-A",
  "players": [
    "Goodmann",
    "KilamanolaVGC"
  ],
  "log": "|j|\u2606Goodmann\n|j|\u203dKilamanolaVGC\n|t:|1776206750\n|gametype|doubles\n|player|p1|Goodmann|265|1398\n|player|p2|KilamanolaVGC|benga|1430\n|gen|9\n|tier|[Gen 9 Champions] VGC 2026 Reg M-A\n|rated|\n|rule|Species Clause: Limit one of each Pok\u00e9mon\n|rule|Item Clause: Limit 1 of each item\n|clearpoke\n|poke|p1|Charizard, L50, F|\n|poke|p1|Garchomp, L50, M|\n|poke|p1|Incineroar, L50, M|\n|poke|p1|Whimsicott, L50, F|\n|poke|p1|Rotom-Wash, L50|\n|poke|p1|Sneasler, L50, F|\n|poke|p2|Floette-Eternal, L50, F|\n|poke|p2|Garchomp, L50, M|\n|poke|p2|Aerodactyl, L50, M|\n|poke|p2|Kingambit, L50, F|\n|poke|p2|Charizard, L50, M|\n|poke|p2|Sneasler, L50, M|\n|teampreview|4\n|inactive|Battle timer is ON: inactive players will automatically lose when time's up. (requested by KilamanolaVGC)\n|inactive|KilamanolaVGC has 60 seconds left.\n|\n|t:|1776206798\n|teamsize|p1|4\n|teamsize|p2|4\n|start\n|switch|p1a: Garchomp|Garchomp, L50, M|100/100\n|switch|p1b: Rotom|Rotom-Wash, L50|100/100\n|switch|p2a: Aerodactyl|Aerodactyl, L50, M|100/100\n|switch|p2b: Sneasler|Sneasler, L50, M, shiny|100/100\n|-ability|p2a: Aerodactyl|Unnerve\n|turn|1\n|\n|t:|1776206817\n|move|p2b: Sneasler|Fake Out|p1b: Rotom\n|-damage|p1b: Rotom|84/100\n|move|p1a: Garchomp|Rock Slide|p2a: Aerodactyl|[spread] p2a,p2b\n|-supereffective|p2a: Aerodactyl|1\n|-resisted|p2b: Sneasler|1\n|-damage|p2a: Aerodactyl|34/100\n|-damage|p2b: Sneasler|83/100\n|move|p2a: Aerodactyl|Tailwind|p2a: Aerodactyl\n|-sidestart|p2: KilamanolaVGC|move: Tailwind\n|cant|p1b: Rotom|flinch\n|\n|-heal|p1b: Rotom|90/100|[from] item: Leftovers\n|upkeep\n|turn|2\n|\n|t:|1776206836\n|switch|p1a: Sneasler|Sneasler, L50, F|100/100\n|move|p2a: Aerodactyl|Rock Slide|p1b: Rotom|[spread] p1a,p1b\n|-resisted|p1a: Sneasler|1\n|-damage|p1a: Sneasler|79/100\n|-damage|p1b: Rotom|65/100\n|move|p2b: Sneasler|Close Combat|p1a: Sneasler\n|-resisted|p1a: Sneasler|1\n|-damage|p1a: Sneasler|22/100\n|-unboost|p2b: Sneasler|def|1\n|-unboost|p2b: Sneasler|spd|1\n|-enditem|p2b: Sneasler|White Herb\n|-clearnegativeboost|p2b: Sneasler|[silent]\n|move|p1b: Rotom|Volt Switch|p2a: Aerodactyl\n|-supereffective|p2a: Aerodactyl|1\n|-damage|p2a: Aerodactyl|0 fnt\n|faint|p2a: Aerodactyl\n|\n|t:|1776206852\n|switch|p1b: Charizard|Charizard, L50, F, shiny|100/100|[from] Volt Switch\n|\n|upkeep\n|\n|t:|1776206859\n|switch|p2a: Garchomp|Garchomp, L50, M, shiny|100/100\n|turn|3\n|\n|t:|1776206882\n|detailschange|p1b: Charizard|Charizard-Mega-Y, L50, F, shiny\n|-mega|p1b: Charizard|Charizard|Charizardite Y\n|-weather|SunnyDay|[from] ability: Drought|[of] p1b: Charizard\n|move|p2b: Sneasler|Protect|p2b: Sneasler\n|-singleturn|p2b: Sneasler|Protect\n|move|p1a: Sneasler|Fake Out|p2a: Garchomp\n|-damage|p2a: Garchomp|86/100\n|-damage|p1a: Sneasler|9/100|[from] ability: Rough Skin|[of] p2a: Garchomp\n|cant|p2a: Garchomp|flinch\n|move|p1b: Charizard|Weather Ball|p2b: Sneasler\n|-activate|p2b: Sneasler|move: Protect\n|\n|-weather|SunnyDay|[upkeep]\n|upkeep\n|turn|4\n|\n|t:|1776206901\n|move|p1a: Sneasler|Protect|p1a: Sneasler\n|-singleturn|p1a: Sneasler|Protect\n|move|p1b: Charizard|Protect|p1b: Charizard\n|-singleturn|p1b: Charizard|Protect\n|move|p2b: Sneasler|Dire Claw|p1a: Sneasler\n|-activate|p1a: Sneasler|move: Protect\n|move|p2a: Garchomp|Rock Slide|p1a: Sneasler|[spread] \n|-activate|p1a: Sneasler|move: Protect\n|-activate|p1b: Charizard|move: Protect\n|\n|-weather|SunnyDay|[upkeep]\n|-sideend|p2: KilamanolaVGC|move: Tailwind\n|upkeep\n|turn|5\n|inactive|Goodmann has 30 seconds left.\n|inactive|Goodmann has 20 seconds left.\n|inactive|Goodmann has 15 seconds left.\n|\n|t:|1776206944\n|move|p2b: Sneasler|Dire Claw|p1a: Sneasler\n|-resisted|p1a: Sneasler|1\n|-damage|p1a: Sneasler|0 fnt\n|faint|p1a: Sneasler\n|move|p2a: Garchomp|Rock Slide|p1b: Charizard\n|-supereffective|p1b: Charizard|2\n|-damage|p1b: Charizard|0 fnt\n|faint|p1b: Charizard\n|\n|-weather|SunnyDay|[upkeep]\n|upkeep\n|\n|t:|1776206954\n|switch|p1a: Rotom|Rotom-Wash, L50|65/100\n|switch|p1b: Garchomp|Garchomp, L50, M|100/100\n|turn|6\n|\n|t:|1776206968\n|move|p2b: Sneasler|Protect|p2b: Sneasler\n|-singleturn|p2b: Sneasler|Protect\n|move|p2a: Garchomp|Protect|p2a: Garchomp\n|-singleturn|p2a: Garchomp|Protect\n|move|p1b: Garchomp|Dragon Claw|p2a: Garchomp\n|-activate|p2a: Garchomp|move: Protect\n|move|p1a: Rotom|Thunderbolt|p2b: Sneasler\n|-activate|p2b: Sneasler|move: Protect\n|\n|-weather|SunnyDay|[upkeep]\n|-heal|p1a: Rotom|71/100|[from] item: Leftovers\n|upkeep\n|turn|7\n|\n|t:|1776206988\n|switch|p2a: Floette|Floette-Eternal, L50, F|100/100\n|move|p2b: Sneasler|Dire Claw|p1a: Rotom\n|-damage|p1a: Rotom|26/100\n|move|p1b: Garchomp|Dragon Claw|p2b: Sneasler\n|-damage|p2b: Sneasler|6/100\n|move|p1a: Rotom|Thunderbolt|p2a: Floette\n|-damage|p2a: Floette|59/100\n|\n|-weather|none\n|-heal|p1a: Rotom|32/100|[from] item: Leftovers\n|upkeep\n|turn|8\n|\n|t:|1776207005\n|detailschange|p2a: Floette|Floette-Mega, L50, F\n|-mega|p2a: Floette|Floette|Floettite\n|-ability|p2a: Floette|Fairy Aura\n|move|p1a: Rotom|Protect|p1a: Rotom\n|-singleturn|p1a: Rotom|Protect\n|move|p2b: Sneasler|Close Combat|p1a: Rotom\n|-activate|p1a: Rotom|move: Protect\n|move|p1b: Garchomp|Dragon Claw|p2b: Sneasler\n|-damage|p2b: Sneasler|0 fnt\n|faint|p2b: Sneasler\n|move|p2a: Floette|Moonblast|p1b: Garchomp\n|-supereffective|p1b: Garchomp|1\n|-damage|p1b: Garchomp|0 fnt\n|faint|p1b: Garchomp\n|\n|-heal|p1a: Rotom|37/100|[from] item: Leftovers\n|upkeep\n|\n|t:|1776207016\n|switch|p2b: Garchomp|Garchomp, L50, M, shiny|86/100\n|turn|9\n|\n|t:|1776207025\n|move|p2b: Garchomp|Dragon Claw|p1a: Rotom\n|-damage|p1a: Rotom|0 fnt\n|faint|p1a: Rotom\n|\n|win|KilamanolaVGC\n|raw|Goodmann's rating: 1398 &rarr; <strong>1380</strong><br />(-18 for losing)\n|raw|KilamanolaVGC's rating: 1430 &rarr; <strong>1448</strong><br />(+18 for winning)\n|l|\u2606Goodmann\n|player|p1|\n",
  "uploadtime": 1776207032,
  "views": 37,
  "formatid": "gen9championsvgc2026regma",
  "rating": 1380,
  "private": 0,
  "password": null
}