{
  "id": "gen9championsvgc2026regma-2580762726",
  "format": "[Gen 9 Champions] VGC 2026 Reg M-A",
  "players": [
    "Aeriformx",
    "plixim"
  ],
  "log": "|j|\u2606Aeriformx\n|j|\u2606plixim\n|t:|1775930458\n|gametype|doubles\n|player|p1|Aeriformx|cynthia-gen4|1000\n|player|p2|plixim|266|1000\n|gen|9\n|tier|[Gen 9 Champions] VGC 2026 Reg M-A\n|rated|\n|rule|Species Clause: Limit one of each Pok\u00e9mon\n|rule|Item Clause: Limit 1 of each item\n|clearpoke\n|poke|p1|Sinistcha, L50|\n|poke|p1|Kingambit, L50, F|\n|poke|p1|Farigiraf, L50, M|\n|poke|p1|Drampa, L50, F|\n|poke|p1|Sneasler, L50, F|\n|poke|p1|Incineroar, L50, F|\n|poke|p2|Glalie, L50, M|\n|poke|p2|Froslass, L50, F|\n|poke|p2|Crabominable, L50, F|\n|poke|p2|Incineroar, L50, F|\n|poke|p2|Sharpedo, L50, M|\n|poke|p2|Slowking-Galar, L50, M|\n|teampreview|4\n|c|\u2606Aeriformx|glhf\n|inactive|Battle timer is ON: inactive players will automatically lose when time's up. (requested by Aeriformx)\nAeriformx rejected open team sheets.\n|\n|t:|1775930488\n|teamsize|p1|4\n|teamsize|p2|4\n|start\n|switch|p1a: Farigiraf|Farigiraf, L50, M|100/100\n|switch|p1b: Incineroar|Incineroar, L50, F|100/100\n|switch|p2a: Wonel|Glalie, L50, M, shiny|100/100\n|switch|p2b: Froslass|Froslass, L50, F|100/100\n|-ability|p1b: Incineroar|Intimidate|boost\n|-unboost|p2a: Wonel|atk|1\n|-unboost|p2b: Froslass|atk|1\n|turn|1\n|\n|t:|1775930512\n|detailschange|p2b: Froslass|Froslass-Mega, L50, F\n|-mega|p2b: Froslass|Froslass|Froslassite\n|-weather|Snowscape|[from] ability: Snow Warning|[of] p2b: Froslass\n|move|p2b: Froslass|Aurora Veil|p2b: Froslass\n|-sidestart|p2: plixim|move: Aurora Veil\n|move|p2a: Wonel|Double Team|p2a: Wonel\n|-boost|p2a: Wonel|evasion|1\n|move|p1b: Incineroar|Parting Shot|p2b: Froslass\n|-unboost|p2b: Froslass|atk|1\n|-unboost|p2b: Froslass|spa|1\n|\n|t:|1775930522\n|switch|p1b: Kingambit|Kingambit, L50, F|100/100|[from] Parting Shot\n|move|p1a: Farigiraf|Trick Room|p1a: Farigiraf\n|-fieldstart|move: Trick Room|[of] p1a: Farigiraf\n|\n|-weather|Snowscape|[upkeep]\n|-ability|p2a: Wonel|Moody|boost\n|-boost|p2a: Wonel|spd|2\n|-unboost|p2a: Wonel|spa|1\n|upkeep\n|turn|2\n|inactive|plixim has 30 seconds left.\n|\n|t:|1775930548\n|switch|p1a: Incineroar|Incineroar, L50, F|100/100\n|-ability|p1a: Incineroar|Intimidate|boost\n|-unboost|p2a: Wonel|atk|1\n|-unboost|p2b: Froslass|atk|1\n|move|p1b: Kingambit|Swords Dance|p1b: Kingambit\n|-boost|p1b: Kingambit|atk|2\n|move|p2a: Wonel|Substitute|p2a: Wonel\n|-start|p2a: Wonel|Substitute\n|-damage|p2a: Wonel|76/100\n|move|p2b: Froslass|Thunderbolt|p1b: Kingambit\n|-damage|p1b: Kingambit|83/100\n|\n|-weather|Snowscape|[upkeep]\n|-heal|p2a: Wonel|82/100|[from] item: Leftovers\n|-ability|p2a: Wonel|Moody|boost\n|-boost|p2a: Wonel|spd|2\n|-unboost|p2a: Wonel|atk|1\n|upkeep\n|turn|3\n|inactive|plixim has 30 seconds left.\n|inactive|plixim has 20 seconds left.\n|\n|t:|1775930586\n|move|p1b: Kingambit|Iron Head|p2b: Froslass\n|-supereffective|p2b: Froslass|1\n|-damage|p2b: Froslass|0 fnt\n|faint|p2b: Froslass\n|move|p1a: Incineroar|Darkest Lariat|p2a: Wonel\n|-activate|p2a: Wonel|move: Substitute|[damage]\n|move|p2a: Wonel|Double Team|p2a: Wonel\n|-boost|p2a: Wonel|evasion|1\n|\n|-weather|Snowscape|[upkeep]\n|-heal|p2a: Wonel|88/100|[from] item: Leftovers\n|-ability|p2a: Wonel|Moody|boost\n|-boost|p2a: Wonel|spd|2\n|-unboost|p2a: Wonel|spa|1\n|upkeep\n|\n|t:|1775930590\n|switch|p2b: Incineroar|Incineroar, L50, F|100/100\n|-ability|p2b: Incineroar|Intimidate|boost\n|-unboost|p1a: Incineroar|atk|1\n|-unboost|p1b: Kingambit|atk|1\n|-ability|p1b: Kingambit|Defiant|boost\n|-boost|p1b: Kingambit|atk|2\n|turn|4\n|\n|t:|1775930611\n|move|p2b: Incineroar|Fake Out|p1b: Kingambit\n|-resisted|p1b: Kingambit|1\n|-damage|p1b: Kingambit|79/100\n|cant|p1b: Kingambit|flinch\n|move|p1a: Incineroar|Parting Shot|p2a: Wonel|[miss]\n|-miss|p1a: Incineroar|p2a: Wonel\n|move|p2a: Wonel|Double Team|p2a: Wonel\n|-boost|p2a: Wonel|evasion|1\n|\n|-weather|Snowscape|[upkeep]\n|-heal|p2a: Wonel|94/100|[from] item: Leftovers\n|-ability|p2a: Wonel|Moody|boost\n|-boost|p2a: Wonel|spa|2\n|-unboost|p2a: Wonel|def|1\n|upkeep\n|turn|5\n|inactive|plixim has 30 seconds left.\n|\n|t:|1775930640\n|move|p1b: Kingambit|Iron Head|p2b: Incineroar\n|-resisted|p2b: Incineroar|1\n|-damage|p2b: Incineroar|67/100\n|move|p1a: Incineroar|Flare Blitz|p2a: Wonel\n|-supereffective|p2a: Wonel|1\n|-end|p2a: Wonel|Substitute\n|-damage|p1a: Incineroar|99/100|[from] Recoil|[of] p2a: Wonel\n|cant|p2b: Incineroar|flinch\n|move|p2a: Wonel|Double Team|p2a: Wonel\n|-boost|p2a: Wonel|evasion|1\n|\n|-weather|none\n|-heal|p2a: Wonel|99/100|[from] item: Leftovers\n|-sideend|p2: plixim|move: Aurora Veil\n|-fieldend|move: Trick Room\n|-ability|p2a: Wonel|Moody|boost\n|-boost|p2a: Wonel|atk|2\n|-unboost|p2a: Wonel|spe|1\n|upkeep\n|turn|6\n|inactive|plixim has 30 seconds left.\n|\n|t:|1775930665\n|switch|p1b: Farigiraf|Farigiraf, L50, M|100/100\n|move|p2a: Wonel|Substitute|p2a: Wonel\n|-start|p2a: Wonel|Substitute\n|-damage|p2a: Wonel|75/100\n|move|p2b: Incineroar|Parting Shot|p1b: Farigiraf\n|-unboost|p1b: Farigiraf|atk|1\n|-unboost|p1b: Farigiraf|spa|1\n|\n|t:|1775930674\n|switch|p2b: Crabominable|Crabominable, L50, F|100/100|[from] Parting Shot\n|move|p1a: Incineroar|Parting Shot|p2b: Crabominable\n|-unboost|p2b: Crabominable|atk|1\n|-unboost|p2b: Crabominable|spa|1\n|\n|t:|1775930683\n|switch|p1a: Sneasler|Sneasler, L50, F|100/100|[from] Parting Shot\n|\n|-heal|p2a: Wonel|81/100|[from] item: Leftovers\n|-ability|p2a: Wonel|Moody|boost\n|-boost|p2a: Wonel|spe|2\n|-unboost|p2a: Wonel|atk|1\n|upkeep\n|turn|7\n|\n|t:|1775930698\n|move|p2a: Wonel|Frost Breath|p2b: Crabominable\n|-resisted|p2b: Crabominable|1\n|-crit|p2b: Crabominable\n|-damage|p2b: Crabominable|87/100\n|-setboost|p2b: Crabominable|atk|6|[from] ability: Anger Point\n|move|p1a: Sneasler|Close Combat|p2b: Crabominable\n|-supereffective|p2b: Crabominable|1\n|-damage|p2b: Crabominable|0 fnt\n|-unboost|p1a: Sneasler|def|1\n|-unboost|p1a: Sneasler|spd|1\n|faint|p2b: Crabominable\n|-enditem|p1a: Sneasler|White Herb\n|-clearnegativeboost|p1a: Sneasler|[silent]\n|move|p1b: Farigiraf|Hyper Voice|p2a: Wonel|[miss]\n|-miss|p1b: Farigiraf|p2a: Wonel\n|\n|-heal|p2a: Wonel|87/100|[from] item: Leftovers\n|-ability|p2a: Wonel|Moody|boost\n|-boost|p2a: Wonel|spe|2\n|-unboost|p2a: Wonel|def|1\n|upkeep\n|\n|t:|1775930707\n|switch|p2b: Incineroar|Incineroar, L50, F|67/100\n|-ability|p2b: Incineroar|Intimidate|boost\n|-unboost|p1a: Sneasler|atk|1\n|-unboost|p1b: Farigiraf|atk|1\n|turn|8\n|\n|t:|1775930718\n|move|p2b: Incineroar|Fake Out||[still]\n|cant|p1b: Farigiraf|ability: Armor Tail|Fake Out|[of] p2b: Incineroar\n|move|p1a: Sneasler|Close Combat|p2b: Incineroar\n|-supereffective|p2b: Incineroar|1\n|-damage|p2b: Incineroar|1/100\n|-unboost|p1a: Sneasler|def|1\n|-unboost|p1a: Sneasler|spd|1\n|-enditem|p2b: Incineroar|Sitrus Berry|[eat]\n|-heal|p2b: Incineroar|26/100|[from] item: Sitrus Berry\n|move|p2a: Wonel|Double Team|p2a: Wonel\n|-boost|p2a: Wonel|evasion|1\n|move|p1b: Farigiraf|Hyper Voice|p2b: Incineroar|[spread] p2a,p2b\n|-damage|p2a: Wonel|80/100\n|-damage|p2b: Incineroar|9/100\n|\n|-heal|p2a: Wonel|86/100|[from] item: Leftovers\n|-ability|p2a: Wonel|Moody|boost\n|-boost|p2a: Wonel|atk|2\n|-unboost|p2a: Wonel|spe|1\n|upkeep\n|turn|9\n|\n|t:|1775930736\n|move|p1a: Sneasler|Close Combat|p2b: Incineroar\n|-supereffective|p2b: Incineroar|1\n|-damage|p2b: Incineroar|0 fnt\n|-unboost|p1a: Sneasler|def|1\n|-unboost|p1a: Sneasler|spd|1\n|faint|p2b: Incineroar\n|move|p2a: Wonel|Bite|p1a: Sneasler\n|-resisted|p1a: Sneasler|1\n|-damage|p1a: Sneasler|81/100\n|move|p1b: Farigiraf|Hyper Voice|p2a: Wonel\n|-damage|p2a: Wonel|78/100\n|\n|-heal|p2a: Wonel|84/100|[from] item: Leftovers\n|-ability|p2a: Wonel|Moody|boost\n|-boost|p2a: Wonel|spe|2\n|-unboost|p2a: Wonel|def|1\n|upkeep\n|turn|10\n|\n|t:|1775930753\n|switch|p1b: Kingambit|Kingambit, L50, F|79/100\n|move|p2a: Wonel|Bite|p1a: Sneasler\n|-resisted|p1a: Sneasler|1\n|-damage|p1a: Sneasler|64/100\n|move|p1a: Sneasler|Close Combat|p2a: Wonel\n|-supereffective|p2a: Wonel|1\n|-end|p2a: Wonel|Substitute\n|-unboost|p1a: Sneasler|def|1\n|-unboost|p1a: Sneasler|spd|1\n|\n|-heal|p2a: Wonel|90/100|[from] item: Leftovers\n|-ability|p2a: Wonel|Moody|boost\n|-boost|p2a: Wonel|atk|2\n|-unboost|p2a: Wonel|spe|1\n|upkeep\n|turn|11\n|\n|t:|1775930763\n|move|p1a: Sneasler|Close Combat|p2a: Wonel|[miss]\n|-miss|p1a: Sneasler|p2a: Wonel\n|move|p2a: Wonel|Substitute|p2a: Wonel\n|-start|p2a: Wonel|Substitute\n|-damage|p2a: Wonel|65/100\n|move|p1b: Kingambit|Iron Head|p2a: Wonel|[miss]\n|-miss|p1b: Kingambit|p2a: Wonel\n|\n|-heal|p2a: Wonel|71/100|[from] item: Leftovers\n|-ability|p2a: Wonel|Moody|boost\n|-boost|p2a: Wonel|spe|2\n|-unboost|p2a: Wonel|atk|1\n|upkeep\n|turn|12\n|c|\u2606Aeriformx|do u have fun in life\n|\n|t:|1775930783\n|move|p2a: Wonel|Bite|p1a: Sneasler\n|-resisted|p1a: Sneasler|1\n|-damage|p1a: Sneasler|32/100\n|cant|p1a: Sneasler|flinch\n|move|p1b: Kingambit|Iron Head|p2a: Wonel|[miss]\n|-miss|p1b: Kingambit|p2a: Wonel\n|\n|-heal|p2a: Wonel|77/100|[from] item: Leftovers\n|-ability|p2a: Wonel|Moody|boost\n|-boost|p2a: Wonel|spe|1\n|-unboost|p2a: Wonel|spa|1\n|upkeep\n|turn|13\n|\n|t:|1775930793\n|switch|p1a: Incineroar|Incineroar, L50, F|99/100\n|-ability|p1a: Incineroar|Intimidate|boost\n|-immune|p2a: Wonel\n|move|p2a: Wonel|Bite|p1a: Incineroar\n|-resisted|p1a: Incineroar|1\n|-damage|p1a: Incineroar|93/100\n|move|p1b: Kingambit|Iron Head|p2a: Wonel\n|-supereffective|p2a: Wonel|1\n|-crit|p2a: Wonel\n|-end|p2a: Wonel|Substitute\n|\n|-heal|p2a: Wonel|83/100|[from] item: Leftovers\n|-ability|p2a: Wonel|Moody|boost\n|-boost|p2a: Wonel|def|2\n|-unboost|p2a: Wonel|atk|1\n|upkeep\n|turn|14\n|inactive|plixim has 30 seconds left.\n|\n|t:|1775930819\n|move|p2a: Wonel|Substitute|p2a: Wonel\n|-start|p2a: Wonel|Substitute\n|-damage|p2a: Wonel|58/100\n|move|p1a: Incineroar|Flare Blitz|p2a: Wonel\n|-supereffective|p2a: Wonel|1\n|-end|p2a: Wonel|Substitute\n|-damage|p1a: Incineroar|86/100|[from] Recoil|[of] p2a: Wonel\n|move|p1b: Kingambit|Iron Head|p2a: Wonel|[miss]\n|-miss|p1b: Kingambit|p2a: Wonel\n|\n|-heal|p2a: Wonel|64/100|[from] item: Leftovers\n|-ability|p2a: Wonel|Moody|boost\n|-boost|p2a: Wonel|atk|2\n|-unboost|p2a: Wonel|spa|1\n|upkeep\n|turn|15\n|\n|t:|1775930830\n|move|p2a: Wonel|Substitute|p2a: Wonel\n|-start|p2a: Wonel|Substitute\n|-damage|p2a: Wonel|40/100\n|move|p1a: Incineroar|Flare Blitz|p2a: Wonel\n|-supereffective|p2a: Wonel|1\n|-crit|p2a: Wonel\n|-end|p2a: Wonel|Substitute\n|-damage|p1a: Incineroar|78/100|[from] Recoil|[of] p2a: Wonel\n|move|p1b: Kingambit|Iron Head|p2a: Wonel|[miss]\n|-miss|p1b: Kingambit|p2a: Wonel\n|\n|-heal|p2a: Wonel|45/100|[from] item: Leftovers\n|-ability|p2a: Wonel|Moody|boost\n|-boost|p2a: Wonel|atk|2\n|-unboost|p2a: Wonel|spd|1\n|upkeep\n|turn|16\n|\n|t:|1775930845\n|move|p2a: Wonel|Substitute|p2a: Wonel\n|-start|p2a: Wonel|Substitute\n|-damage|p2a: Wonel|21/100\n|move|p1a: Incineroar|Flare Blitz|p2a: Wonel|[miss]\n|-miss|p1a: Incineroar|p2a: Wonel\n|move|p1b: Kingambit|Iron Head|p2a: Wonel|[miss]\n|-miss|p1b: Kingambit|p2a: Wonel\n|\n|-heal|p2a: Wonel|27/100|[from] item: Leftovers\n|-ability|p2a: Wonel|Moody|boost\n|-boost|p2a: Wonel|atk|2\n|-unboost|p2a: Wonel|spe|1\n|upkeep\n|turn|17\n|\n|t:|1775930859\n|move|p2a: Wonel|Bite|p1b: Kingambit\n|-resisted|p1b: Kingambit|1\n|-damage|p1b: Kingambit|63/100\n|move|p1a: Incineroar|Flare Blitz|p2a: Wonel|[miss]\n|-miss|p1a: Incineroar|p2a: Wonel\n|cant|p1b: Kingambit|flinch\n|\n|-heal|p2a: Wonel|33/100|[from] item: Leftovers\n|-ability|p2a: Wonel|Moody|boost\n|-boost|p2a: Wonel|spe|1\n|-unboost|p2a: Wonel|def|1\n|upkeep\n|turn|18\n|\n|t:|1775930872\n|move|p2a: Wonel|Bite|p1b: Kingambit\n|-resisted|p1b: Kingambit|1\n|-damage|p1b: Kingambit|49/100\n|move|p1a: Incineroar|Flare Blitz|p2a: Wonel\n|-supereffective|p2a: Wonel|1\n|-end|p2a: Wonel|Substitute\n|-damage|p1a: Incineroar|71/100|[from] Recoil|[of] p2a: Wonel\n|move|p1b: Kingambit|Iron Head|p2a: Wonel|[miss]\n|-miss|p1b: Kingambit|p2a: Wonel\n|\n|-heal|p2a: Wonel|38/100|[from] item: Leftovers\n|-ability|p2a: Wonel|Moody|boost\n|-boost|p2a: Wonel|spa|2\n|-unboost|p2a: Wonel|spe|1\n|upkeep\n|turn|19\n|\n|t:|1775930892\n|move|p2a: Wonel|Substitute|p2a: Wonel\n|-start|p2a: Wonel|Substitute\n|-damage|p2a: Wonel|14/100\n|move|p1a: Incineroar|Flare Blitz|p2a: Wonel|[miss]\n|-miss|p1a: Incineroar|p2a: Wonel\n|move|p1b: Kingambit|Iron Head|p2a: Wonel|[miss]\n|-miss|p1b: Kingambit|p2a: Wonel\n|\n|-heal|p2a: Wonel|20/100|[from] item: Leftovers\n|-ability|p2a: Wonel|Moody|boost\n|-boost|p2a: Wonel|spa|2\n|-unboost|p2a: Wonel|atk|1\n|upkeep\n|turn|20\n|\n|t:|1775930903\n|move|p2a: Wonel|Bite|p1b: Kingambit\n|-resisted|p1b: Kingambit|1\n|-crit|p1b: Kingambit\n|-damage|p1b: Kingambit|30/100\n|move|p1a: Incineroar|Flare Blitz|p2a: Wonel\n|-supereffective|p2a: Wonel|1\n|-end|p2a: Wonel|Substitute\n|-damage|p1a: Incineroar|63/100|[from] Recoil|[of] p2a: Wonel\n|cant|p1b: Kingambit|flinch\n|\n|-heal|p2a: Wonel|26/100|[from] item: Leftovers\n|-ability|p2a: Wonel|Moody|boost\n|-boost|p2a: Wonel|spe|1\n|-unboost|p2a: Wonel|atk|1\n|upkeep\n|turn|21\n|inactive|Aeriformx has 30 seconds left.\n|\n|t:|1775930930\n|move|p2a: Wonel|Substitute|p2a: Wonel\n|-start|p2a: Wonel|Substitute\n|-damage|p2a: Wonel|1/100\n|move|p1a: Incineroar|Flare Blitz|p2a: Wonel|[miss]\n|-miss|p1a: Incineroar|p2a: Wonel\n|move|p1b: Kingambit|Iron Head|p2a: Wonel|[miss]\n|-miss|p1b: Kingambit|p2a: Wonel\n|\n|-heal|p2a: Wonel|7/100|[from] item: Leftovers\n|-ability|p2a: Wonel|Moody|boost\n|-boost|p2a: Wonel|atk|2\n|-unboost|p2a: Wonel|spd|1\n|upkeep\n|turn|22\n|\n|t:|1775930945\n|move|p2a: Wonel|Bite|p1b: Kingambit\n|-resisted|p1b: Kingambit|1\n|-damage|p1b: Kingambit|14/100\n|move|p1a: Incineroar|Flare Blitz|p2a: Wonel|[miss]\n|-miss|p1a: Incineroar|p2a: Wonel\n|cant|p1b: Kingambit|flinch\n|\n|-heal|p2a: Wonel|13/100|[from] item: Leftovers\n|-ability|p2a: Wonel|Moody|boost\n|-boost|p2a: Wonel|spd|2\n|-unboost|p2a: Wonel|spe|1\n|upkeep\n|turn|23\n|\n|t:|1775930954\n|move|p1b: Kingambit|Sucker Punch|p2a: Wonel\n|-end|p2a: Wonel|Substitute\n|move|p2a: Wonel|Bite|p1b: Kingambit\n|-resisted|p1b: Kingambit|1\n|-damage|p1b: Kingambit|0 fnt\n|faint|p1b: Kingambit\n|move|p1a: Incineroar|Flare Blitz|p2a: Wonel|[miss]\n|-miss|p1a: Incineroar|p2a: Wonel\n|\n|-heal|p2a: Wonel|19/100|[from] item: Leftovers\n|-ability|p2a: Wonel|Moody|boost\n|-boost|p2a: Wonel|spa|2\n|-unboost|p2a: Wonel|def|1\n|upkeep\n|\n|t:|1775930972\n|switch|p1b: Sneasler|Sneasler, L50, F|32/100\n|turn|24\n|\n|t:|1775930989\n|move|p2a: Wonel|Frost Breath|p1b: Sneasler|[miss]\n|-miss|p2a: Wonel|p1b: Sneasler\n|move|p1b: Sneasler|Close Combat|p2a: Wonel|[miss]\n|-miss|p1b: Sneasler|p2a: Wonel\n|move|p1a: Incineroar|Flare Blitz|p2a: Wonel|[miss]\n|-miss|p1a: Incineroar|p2a: Wonel\n|\n|-heal|p2a: Wonel|25/100|[from] item: Leftovers\n|-ability|p2a: Wonel|Moody|boost\n|-boost|p2a: Wonel|spe|1\n|-unboost|p2a: Wonel|spd|1\n|upkeep\n|turn|25\n|inactive|Aeriformx has 30 seconds left.\n|\n|t:|1775931015\n|move|p2a: Wonel|Frost Breath|p1b: Sneasler\n|-crit|p1b: Sneasler\n|-damage|p1b: Sneasler|0 fnt\n|faint|p1b: Sneasler\n|move|p1a: Incineroar|Flare Blitz|p2a: Wonel|[miss]\n|-miss|p1a: Incineroar|p2a: Wonel\n|\n|-heal|p2a: Wonel|30/100|[from] item: Leftovers\n|-ability|p2a: Wonel|Moody|boost\n|-boost|p2a: Wonel|spd|1\n|-unboost|p2a: Wonel|def|1\n|upkeep\n|\n|t:|1775931020\n|switch|p1b: Farigiraf|Farigiraf, L50, M|100/100\n|turn|26\n|\n|t:|1775931032\n|move|p2a: Wonel|Substitute|p2a: Wonel\n|-start|p2a: Wonel|Substitute\n|-damage|p2a: Wonel|6/100\n|move|p1b: Farigiraf|Hyper Voice|p2a: Wonel|[miss]\n|-miss|p1b: Farigiraf|p2a: Wonel\n|move|p1a: Incineroar|Flare Blitz|p2a: Wonel|[miss]\n|-miss|p1a: Incineroar|p2a: Wonel\n|\n|-heal|p2a: Wonel|12/100|[from] item: Leftovers\n|-ability|p2a: Wonel|Moody|boost\n|-boost|p2a: Wonel|spa|2\n|-unboost|p2a: Wonel|spe|1\n|upkeep\n|turn|27\n|\n|t:|1775931052\n|move|p2a: Wonel|Bite|p1a: Incineroar\n|-resisted|p1a: Incineroar|1\n|-damage|p1a: Incineroar|46/100\n|move|p1a: Incineroar|Flare Blitz|p2a: Wonel|[miss]\n|-miss|p1a: Incineroar|p2a: Wonel\n|move|p1b: Farigiraf|Hyper Voice|p2a: Wonel|[miss]\n|-miss|p1b: Farigiraf|p2a: Wonel\n|\n|-heal|p2a: Wonel|18/100|[from] item: Leftovers\n|-ability|p2a: Wonel|Moody|boost\n|-boost|p2a: Wonel|def|2\n|-unboost|p2a: Wonel|spd|1\n|upkeep\n|turn|28\n|inactive|plixim has 30 seconds left.\n|\n|t:|1775931062\n|move|p2a: Wonel|Bite|p1a: Incineroar\n|-resisted|p1a: Incineroar|1\n|-damage|p1a: Incineroar|25/100\n|move|p1b: Farigiraf|Psychic|p2a: Wonel|[miss]\n|-miss|p1b: Farigiraf|p2a: Wonel\n|cant|p1a: Incineroar|flinch\n|\n|-heal|p2a: Wonel|23/100|[from] item: Leftovers\n|-ability|p2a: Wonel|Moody|boost\n|-boost|p2a: Wonel|def|2\n|-unboost|p2a: Wonel|spe|1\n|upkeep\n|turn|29\n|inactive|plixim has 25 seconds left this turn.\n|inactive|plixim has 20 seconds left.\n|inactive|plixim has 15 seconds left.\n|inactive|plixim has 10 seconds left.\n|\n|t:|1775931080\n|move|p2a: Wonel|Bite|p1a: Incineroar\n|-resisted|p1a: Incineroar|1\n|-damage|p1a: Incineroar|7/100\n|move|p1a: Incineroar|Flare Blitz|p2a: Wonel|[miss]\n|-miss|p1a: Incineroar|p2a: Wonel\n|move|p1b: Farigiraf|Hyper Voice|p2a: Wonel\n|-damage|p2a: Wonel|9/100\n|\n|-heal|p2a: Wonel|15/100|[from] item: Leftovers\n|-ability|p2a: Wonel|Moody|boost\n|-boost|p2a: Wonel|def|2\n|-unboost|p2a: Wonel|atk|1\n|upkeep\n|turn|30\n|inactive|plixim has 10 seconds left this turn.\n|-message|Aeriformx forfeited.\n|\n|win|plixim\n|raw|Aeriformx's rating: 1041 &rarr; <strong>1023</strong><br />(-18 for losing)\n|raw|plixim's rating: 1000 &rarr; <strong>1045</strong><br />(+45 for winning)\n|l|\u2606Aeriformx\n|player|p1|\n",
  "uploadtime": 1775931093,
  "views": 21,
  "formatid": "gen9championsvgc2026regma",
  "rating": 1023,
  "private": 0,
  "password": null
}