{
  "id": "gen9championsvgc2026regma-2584765770",
  "format": "[Gen 9 Champions] VGC 2026 Reg M-A",
  "players": [
    "kinhopeace",
    "klipce"
  ],
  "log": "|j|\u2606kinhopeace\n|j|\u2606klipce\n|t:|1776282111\n|gametype|doubles\n|player|p1|kinhopeace|266|1195\n|player|p2|klipce|1|1240\n|gen|9\n|tier|[Gen 9 Champions] VGC 2026 Reg M-A\n|rated|\n|rule|Species Clause: Limit one of each Pok\u00e9mon\n|rule|Item Clause: Limit 1 of each item\n|clearpoke\n|poke|p1|Pelipper, L50, F|\n|poke|p1|Floette-Eternal, L50, F|\n|poke|p1|Sneasler, L50, M|\n|poke|p1|Basculegion, L50, M|\n|poke|p1|Sinistcha, L50|\n|poke|p1|Kingambit, L50, M|\n|poke|p2|Scovillain, L50, F|\n|poke|p2|Sinistcha-Masterpiece, L50|\n|poke|p2|Hatterene, L50, F|\n|poke|p2|Sableye, L50, F|\n|poke|p2|Rhyperior, L50, F|\n|poke|p2|Kingambit, L50, M|\n|teampreview|4\n|\n|t:|1776282138\n|teamsize|p1|4\n|teamsize|p2|4\n|start\n|switch|p1a: Pelipper|Pelipper, L50, F|100/100\n|switch|p1b: Basculegion|Basculegion, L50, M|100/100\n|switch|p2a: Dinner|Scovillain, L50, F|100/100\n|switch|p2b: Cup|Sinistcha-Masterpiece, L50|100/100\n|-weather|RainDance|[from] ability: Drizzle|[of] p1a: Pelipper\n|turn|1\n|\n|t:|1776282161\n|detailschange|p2a: Dinner|Scovillain-Mega, L50, F\n|-mega|p2a: Dinner|Scovillain|Scovillainite\n|move|p2a: Dinner|Rage Powder|p2a: Dinner\n|-singleturn|p2a: Dinner|move: Rage Powder\n|move|p1b: Basculegion|Flip Turn|p2a: Dinner\n|-damage|p2a: Dinner|49/100\n|-status|p1b: Basculegion|brn|[from] ability: Spicy Spray|[of] p2a: Dinner\n|\n|t:|1776282170\n|switch|p1b: Kingambit|Kingambit, L50, M|100/100|[from] Flip Turn\n|move|p1a: Pelipper|Hurricane|p2a: Dinner\n|-supereffective|p2a: Dinner|1\n|-damage|p2a: Dinner|0 fnt\n|-status|p1a: Pelipper|brn|[from] ability: Spicy Spray|[of] p2a: Dinner\n|faint|p2a: Dinner\n|move|p2b: Cup|Trick Room|p2b: Cup\n|-fieldstart|move: Trick Room|[of] p2b: Cup\n|\n|-weather|RainDance|[upkeep]\n|-damage|p1a: Pelipper|95/100 brn|[from] brn\n|upkeep\n|\n|t:|1776282182\n|switch|p2a: Plate|Hatterene, L50, F|100/100\n|turn|2\n|\n|t:|1776282202\n|move|p2a: Plate|Dazzling Gleam|p1a: Pelipper|[spread] p1a,p1b\n|-crit|p1b: Kingambit\n|-damage|p1a: Pelipper|29/100 brn\n|-damage|p1b: Kingambit|46/100\n|move|p1b: Kingambit|Swords Dance|p1b: Kingambit\n|-boost|p1b: Kingambit|atk|2\n|move|p2b: Cup|Nasty Plot|p2b: Cup\n|-boost|p2b: Cup|spa|2\n|move|p1a: Pelipper|Hurricane|p2b: Cup\n|-supereffective|p2b: Cup|1\n|-enditem|p2b: Cup|Focus Sash\n|-damage|p2b: Cup|1/100\n|\n|-weather|RainDance|[upkeep]\n|-damage|p1a: Pelipper|23/100 brn|[from] brn\n|upkeep\n|turn|3\n|\n|t:|1776282227\n|move|p1b: Kingambit|Sucker Punch|p2a: Plate\n|-damage|p2a: Plate|0 fnt\n|faint|p2a: Plate\n|move|p2b: Cup|Matcha Gotcha|p1b: Kingambit|[spread] p1a,p1b\n|-resisted|p1b: Kingambit|1\n|-damage|p1a: Pelipper|0 fnt\n|-heal|p2b: Cup|10/100|[from] drain|[of] p1a: Pelipper\n|-damage|p1b: Kingambit|15/100\n|-heal|p2b: Cup|28/100|[from] drain|[of] p1b: Kingambit\n|-status|p1b: Kingambit|brn\n|faint|p1a: Pelipper\n|\n|-weather|RainDance|[upkeep]\n|-damage|p1b: Kingambit|10/100 brn|[from] brn\n|upkeep\n|\n|t:|1776282241\n|switch|p2a: Knife|Kingambit, L50, M|100/100\n|switch|p1a: Sinistcha|Sinistcha, L50|100/100\n|-heal|p1b: Kingambit|34/100 brn|[from] ability: Hospitality|[of] p1a: Sinistcha\n|turn|4\n|\n|t:|1776282263\n|move|p2b: Cup|Protect|p2b: Cup\n|-singleturn|p2b: Cup|Protect\n|move|p2a: Knife|Kowtow Cleave|p1b: Kingambit\n|-resisted|p1b: Kingambit|1\n|-damage|p1b: Kingambit|11/100 brn\n|move|p1b: Kingambit|Kowtow Cleave|p2b: Cup\n|-activate|p2b: Cup|move: Protect\n|move|p1a: Sinistcha|Matcha Gotcha|p2a: Knife|[spread] p2a\n|-activate|p2b: Cup|move: Protect\n|-resisted|p2a: Knife|1\n|-damage|p2a: Knife|87/100\n|\n|-weather|RainDance|[upkeep]\n|-damage|p1b: Kingambit|5/100 brn|[from] brn\n|upkeep\n|turn|5\n|\n|t:|1776282292\n|move|p2a: Knife|Sucker Punch|p1b: Kingambit\n|-resisted|p1b: Kingambit|1\n|-damage|p1b: Kingambit|0 fnt\n|faint|p1b: Kingambit\n|move|p2b: Cup|Matcha Gotcha|p1a: Sinistcha|[miss]\n|-miss|p2b: Cup|p1a: Sinistcha\n|move|p1a: Sinistcha|Matcha Gotcha|p2a: Knife|[spread] p2a\n|-miss|p1a: Sinistcha|p2b: Cup\n|-resisted|p2a: Knife|1\n|-damage|p2a: Knife|73/100\n|\n|-weather|none\n|-fieldend|move: Trick Room\n|upkeep\n|\n|t:|1776282295\n|switch|p1b: Basculegion|Basculegion, L50, M|100/100 brn\n|turn|6\n|\n|t:|1776282310\n|move|p1a: Sinistcha|Rage Powder|p1a: Sinistcha\n|-singleturn|p1a: Sinistcha|move: Rage Powder\n|move|p2a: Knife|Sucker Punch||[still]\n|-fail|p2a: Knife\n|move|p1b: Basculegion|Last Respects|p2b: Cup\n|-supereffective|p2b: Cup|1\n|-damage|p2b: Cup|0 fnt\n|faint|p2b: Cup\n|\n|-damage|p1b: Basculegion|94/100 brn|[from] brn\n|upkeep\n|turn|7\n|\n|t:|1776282321\n|move|p1b: Basculegion|Last Respects|p2a: Knife\n|-resisted|p2a: Knife|1\n|-damage|p2a: Knife|58/100\n|move|p1a: Sinistcha|Matcha Gotcha|p2a: Knife\n|-resisted|p2a: Knife|1\n|-damage|p2a: Knife|40/100\n|move|p2a: Knife|Kowtow Cleave|p1a: Sinistcha\n|-supereffective|p1a: Sinistcha|1\n|-damage|p1a: Sinistcha|0 fnt\n|faint|p1a: Sinistcha\n|\n|-damage|p1b: Basculegion|88/100 brn|[from] brn\n|upkeep\n|turn|8\n|\n|t:|1776282335\n|move|p1b: Basculegion|Last Respects|p2a: Knife\n|-resisted|p2a: Knife|1\n|-damage|p2a: Knife|21/100\n|move|p2a: Knife|Kowtow Cleave|p1b: Basculegion\n|-supereffective|p1b: Basculegion|1\n|-damage|p1b: Basculegion|0 fnt\n|faint|p1b: Basculegion\n|\n|win|klipce\n|raw|kinhopeace's rating: 1195 &rarr; <strong>1173</strong><br />(-22 for losing)\n|raw|klipce's rating: 1240 &rarr; <strong>1262</strong><br />(+22 for winning)\n|l|\u2606kinhopeace\n|player|p1|\n",
  "uploadtime": 1776282366,
  "views": 21,
  "formatid": "gen9championsvgc2026regma",
  "rating": 1173,
  "private": 0,
  "password": null
}