{
  "id": "gen9championsvgc2026regma-2586015491",
  "format": "[Gen 9 Champions] VGC 2026 Reg M-A",
  "players": [
    "InfiniteUltron",
    "michiganfan86"
  ],
  "log": "|j|\u2606InfiniteUltron\n|j|\u2606michiganfan86\n|t:|1776390463\n|gametype|doubles\n|player|p1|InfiniteUltron|veteran|1129\n|player|p2|michiganfan86|169|1087\n|gen|9\n|tier|[Gen 9 Champions] VGC 2026 Reg M-A\n|rated|\n|rule|Species Clause: Limit one of each Pok\u00e9mon\n|rule|Item Clause: Limit 1 of each item\n|clearpoke\n|poke|p1|Aromatisse, L50, F|\n|poke|p1|Clefable, L50, F|\n|poke|p1|Scovillain, L50, M|\n|poke|p1|Empoleon, L50, M|\n|poke|p1|Golurk, L50|\n|poke|p1|Camerupt, L50, F|\n|poke|p2|Starmie, L50|\n|poke|p2|Dragapult, L50, F|\n|poke|p2|Sinistcha-Masterpiece, L50|\n|poke|p2|Orthworm, L50, M|\n|poke|p2|Garchomp, L50, M|\n|poke|p2|Rotom-Heat, L50|\n|teampreview|4\n|inactive|Battle timer is ON: inactive players will automatically lose when time's up. (requested by InfiniteUltron)\n|inactive|michiganfan86 has 60 seconds left.\n|\n|t:|1776390503\n|teamsize|p1|4\n|teamsize|p2|4\n|start\n|switch|p1a: Aromatisse|Aromatisse, L50, F|100/100\n|switch|p1b: Empoleon|Empoleon, L50, M|100/100\n|switch|p2a: Starmie|Starmie, L50|100/100\n|switch|p2b: Dragapult|Dragapult, L50, F|100/100\n|turn|1\n|\n|t:|1776390524\n|detailschange|p2a: Starmie|Starmie-Mega, L50\n|-mega|p2a: Starmie|Starmie|Starminite\n|move|p2a: Starmie|Skill Swap|p2b: Dragapult\n|-activate|p2a: Starmie|Skill Swap|||[of] p2b: Dragapult\n|move|p2b: Dragapult|Phantom Force||[still]\n|-prepare|p2b: Dragapult|Phantom Force\n|move|p1b: Empoleon|Blizzard|p2a: Starmie|[spread] p2a\n|-miss|p1b: Empoleon|p2b: Dragapult\n|-resisted|p2a: Starmie|1\n|-damage|p2a: Starmie|82/100\n|move|p1a: Aromatisse|Trick Room|p1a: Aromatisse\n|-fieldstart|move: Trick Room|[of] p1a: Aromatisse\n|\n|upkeep\n|turn|2\n|c|\u2606InfiniteUltron|fuckin michigan\n|\n|t:|1776390543\n|move|p1a: Aromatisse|Reflect|p1a: Aromatisse\n|-sidestart|p1: InfiniteUltron|Reflect\n|move|p1b: Empoleon|Blizzard|p2b: Dragapult|[spread] \n|-miss|p1b: Empoleon|p2b: Dragapult\n|-miss|p1b: Empoleon|p2a: Starmie\n|move|p2b: Dragapult|Phantom Force|p1a: Aromatisse|[from] lockedmove\n|-damage|p1a: Aromatisse|37/100\n|move|p2a: Starmie|Thunderbolt|p1b: Empoleon\n|-supereffective|p1b: Empoleon|1\n|-damage|p1b: Empoleon|45/100\n|\n|upkeep\n|turn|3\n|inactive|michiganfan86 has 30 seconds left.\n|inactive|michiganfan86 has 20 seconds left.\n|\n|t:|1776390580\n|move|p1a: Aromatisse|Moonblast|p2b: Dragapult\n|-supereffective|p2b: Dragapult|1\n|-crit|p2b: Dragapult\n|-enditem|p2b: Dragapult|Focus Sash\n|-damage|p2b: Dragapult|1/100\n|move|p1b: Empoleon|Blizzard|p2a: Starmie|[spread] p2a,p2b\n|-resisted|p2a: Starmie|1\n|-supereffective|p2b: Dragapult|1\n|-damage|p2a: Starmie|65/100\n|-damage|p2b: Dragapult|0 fnt\n|faint|p2b: Dragapult\n|move|p2a: Starmie|Thunderbolt|p1b: Empoleon\n|-supereffective|p1b: Empoleon|1\n|-damage|p1b: Empoleon|0 fnt\n|faint|p1b: Empoleon\n|\n|upkeep\n|\n|t:|1776390593\n|switch|p1b: 1000 kiloton nuke|Golurk, L50|100/100\n|switch|p2b: Rotom|Rotom-Heat, L50|100/100\n|turn|4\n|inactive|michiganfan86 has 30 seconds left.\n|\n|t:|1776390618\n|detailschange|p1b: 1000 kiloton nuke|Golurk-Mega, L50\n|-mega|p1b: 1000 kiloton nuke|Golurk|Golurkite\n|move|p1a: Aromatisse|Light Screen|p1a: Aromatisse\n|-sidestart|p1: InfiniteUltron|move: Light Screen\n|move|p1b: 1000 kiloton nuke|Phantom Force||[still]\n|-prepare|p1b: 1000 kiloton nuke|Phantom Force\n|move|p2b: Rotom|Overheat|p1a: Aromatisse\n|-damage|p1a: Aromatisse|5/100\n|-unboost|p2b: Rotom|spa|2\n|move|p2a: Starmie|Scald|p1b: 1000 kiloton nuke|[miss]\n|-miss|p2a: Starmie|p1b: 1000 kiloton nuke\n|\n|upkeep\n|turn|5\n|inactive|michiganfan86 has 30 seconds left.\n|\n|t:|1776390648\n|switch|p2a: Garchomp|Garchomp, L50, M|100/100\n|move|p1a: Aromatisse|Moonblast|p2a: Garchomp\n|-supereffective|p2a: Garchomp|1\n|-damage|p2a: Garchomp|16/100\n|move|p1b: 1000 kiloton nuke|Phantom Force|p2a: Garchomp|[from] lockedmove\n|-damage|p2a: Garchomp|0 fnt\n|-damage|p1b: 1000 kiloton nuke|88/100|[from] ability: Rough Skin|[of] p2a: Garchomp\n|faint|p2a: Garchomp\n|move|p2b: Rotom|Will-O-Wisp|p1b: 1000 kiloton nuke\n|-status|p1b: 1000 kiloton nuke|brn\n|\n|-damage|p1b: 1000 kiloton nuke|82/100 brn|[from] brn\n|-fieldend|move: Trick Room\n|upkeep\n|\n|t:|1776390663\n|switch|p2a: Starmie|Starmie-Mega, L50|65/100\n|turn|6\n|\n|t:|1776390674\n|move|p2a: Starmie|Scald|p1b: 1000 kiloton nuke\n|-supereffective|p1b: 1000 kiloton nuke|1\n|-damage|p1b: 1000 kiloton nuke|35/100 brn\n|move|p2b: Rotom|Overheat|p1a: Aromatisse\n|-damage|p1a: Aromatisse|0 fnt\n|-unboost|p2b: Rotom|spa|2\n|faint|p1a: Aromatisse\n|move|p1b: 1000 kiloton nuke|Phantom Force||[still]\n|-prepare|p1b: 1000 kiloton nuke|Phantom Force\n|\n|-damage|p1b: 1000 kiloton nuke|29/100 brn|[from] brn\n|-sideend|p1: InfiniteUltron|Reflect\n|upkeep\n|\n|t:|1776390681\n|switch|p1a: Camerupt|Camerupt, L50, F|100/100\n|turn|7\n|\n|t:|1776390694\n|move|p2a: Starmie|Scald|p1a: Camerupt\n|-supereffective|p1a: Camerupt|2\n|-damage|p1a: Camerupt|0 fnt\n|faint|p1a: Camerupt\n|move|p2b: Rotom|Overheat|p1b: 1000 kiloton nuke|[miss]\n|-miss|p2b: Rotom|p1b: 1000 kiloton nuke\n|move|p1b: 1000 kiloton nuke|Phantom Force|p2a: Starmie|[from] lockedmove\n|-supereffective|p2a: Starmie|1\n|-crit|p2a: Starmie\n|-damage|p2a: Starmie|0 fnt\n|faint|p2a: Starmie\n|\n|-damage|p1b: 1000 kiloton nuke|22/100 brn|[from] brn\n|upkeep\n|turn|8\n|\n|t:|1776390710\n|move|p2b: Rotom|Overheat|p1b: 1000 kiloton nuke\n|-crit|p1b: 1000 kiloton nuke\n|-damage|p1b: 1000 kiloton nuke|0 fnt\n|-unboost|p2b: Rotom|spa|2\n|faint|p1b: 1000 kiloton nuke\n|\n|win|michiganfan86\n",
  "uploadtime": 1776390524,
  "views": 14,
  "formatid": "gen9championsvgc2026regma",
  "rating": null,
  "private": 0,
  "password": null
}