{
  "id": "gen9championsvgc2026regma-2586095680",
  "format": "[Gen 9 Champions] VGC 2026 Reg M-A",
  "players": [
    "doomwhisper",
    "06Thomas"
  ],
  "log": "|j|\u2606doomwhisper\n|j|\u260606Thomas\n|t:|1776398492\n|gametype|doubles\n|player|p1|doomwhisper|marshal|1368\n|player|p2|06Thomas|101|1305\n|gen|9\n|tier|[Gen 9 Champions] VGC 2026 Reg M-A\n|rated|\n|rule|Species Clause: Limit one of each Pok\u00e9mon\n|rule|Item Clause: Limit 1 of each item\n|clearpoke\n|poke|p1|Charizard, L50, M|\n|poke|p1|Milotic, L50, M|\n|poke|p1|Aegislash, L50, M|\n|poke|p1|Sneasler, L50, F|\n|poke|p1|Aerodactyl, L50, F|\n|poke|p1|Sylveon, L50, F|\n|poke|p2|Glimmora, L50, M|\n|poke|p2|Talonflame, L50, F|\n|poke|p2|Garchomp, L50, F|\n|poke|p2|Rotom-Wash, L50|\n|poke|p2|Sinistcha, L50|\n|poke|p2|Chimecho, L50, M|\n|teampreview|4\n|inactive|Battle timer is ON: inactive players will automatically lose when time's up. (requested by 06Thomas)\n|\n|t:|1776398520\n|teamsize|p1|4\n|teamsize|p2|4\n|start\n|switch|p1a: Sneasler|Sneasler, L50, F|100/100\n|switch|p1b: Aerodactyl|Aerodactyl, L50, F|100/100\n|switch|p2a: Glimmora|Glimmora, L50, M|100/100\n|switch|p2b: Talonflame|Talonflame, L50, F|100/100\n|-ability|p1b: Aerodactyl|Unnerve\n|turn|1\n|\n|t:|1776398532\n|detailschange|p2a: Glimmora|Glimmora-Mega, L50, M\n|-mega|p2a: Glimmora|Glimmora|Glimmoranite\n|move|p2b: Talonflame|Upper Hand|p1a: Sneasler\n|-resisted|p1a: Sneasler|1\n|-damage|p1a: Sneasler|88/100\n|cant|p1a: Sneasler|flinch\n|move|p1b: Aerodactyl|Tailwind|p1b: Aerodactyl\n|-sidestart|p1: doomwhisper|move: Tailwind\n|move|p2a: Glimmora|Power Gem|p1b: Aerodactyl\n|-supereffective|p1b: Aerodactyl|1\n|-enditem|p1b: Aerodactyl|Focus Sash\n|-damage|p1b: Aerodactyl|1/100\n|\n|upkeep\n|turn|2\n|\n|t:|1776398548\n|move|p1b: Aerodactyl|Protect|p1b: Aerodactyl\n|-singleturn|p1b: Aerodactyl|Protect\n|move|p2a: Glimmora|Spiky Shield|p2a: Glimmora\n|-singleturn|p2a: Glimmora|move: Protect\n|move|p2b: Talonflame|Tailwind|p2b: Talonflame\n|-sidestart|p2: 06Thomas|move: Tailwind\n|move|p1a: Sneasler|Dire Claw|p2b: Talonflame\n|-damage|p2b: Talonflame|32/100\n|\n|upkeep\n|turn|3\n|\n|t:|1776398562\n|move|p1b: Aerodactyl|Rock Slide|p2a: Glimmora|[spread] p2a,p2b\n|-supereffective|p2b: Talonflame|2\n|-damage|p2a: Glimmora|72/100\n|-damage|p2b: Talonflame|0 fnt\n|faint|p2b: Talonflame\n|move|p1a: Sneasler|Close Combat|p2a: Glimmora\n|-damage|p2a: Glimmora|3/100\n|-unboost|p1a: Sneasler|def|1\n|-unboost|p1a: Sneasler|spd|1\n|-enditem|p1a: Sneasler|White Herb\n|-clearnegativeboost|p1a: Sneasler|[silent]\n|move|p2a: Glimmora|Power Gem|p1b: Aerodactyl\n|-supereffective|p1b: Aerodactyl|1\n|-damage|p1b: Aerodactyl|0 fnt\n|faint|p1b: Aerodactyl\n|\n|upkeep\n|\n|t:|1776398572\n|switch|p1b: Sylveon|Sylveon, L50, F|100/100\n|switch|p2b: Garchomp|Garchomp, L50, F|100/100\n|turn|4\n|inactive|doomwhisper has 30 seconds left.\n|\n|t:|1776398600\n|move|p1a: Sneasler|Protect|p1a: Sneasler\n|-singleturn|p1a: Sneasler|Protect\n|move|p2b: Garchomp|Protect|p2b: Garchomp\n|-singleturn|p2b: Garchomp|Protect\n|move|p2a: Glimmora|Spiky Shield|p2a: Glimmora\n|-singleturn|p2a: Glimmora|move: Protect\n|move|p1b: Sylveon|Hyper Voice|p2b: Garchomp|[spread] \n|-activate|p2a: Glimmora|move: Protect\n|-activate|p2b: Garchomp|move: Protect\n|\n|-sideend|p1: doomwhisper|move: Tailwind\n|upkeep\n|turn|5\n|\n|t:|1776398615\n|move|p1a: Sneasler|Close Combat|p2a: Glimmora\n|-damage|p2a: Glimmora|0 fnt\n|-unboost|p1a: Sneasler|def|1\n|-unboost|p1a: Sneasler|spd|1\n|faint|p2a: Glimmora\n|move|p2b: Garchomp|Stomping Tantrum|p1a: Sneasler\n|-supereffective|p1a: Sneasler|1\n|-damage|p1a: Sneasler|0 fnt\n|faint|p1a: Sneasler\n|move|p1b: Sylveon|Hyper Voice|p2b: Garchomp\n|-supereffective|p2b: Garchomp|1\n|-damage|p2b: Garchomp|0 fnt\n|faint|p2b: Garchomp\n|\n|-sideend|p2: 06Thomas|move: Tailwind\n|upkeep\n|-message|06Thomas forfeited.\n|\n|win|doomwhisper\n|raw|doomwhisper's rating: 1368 &rarr; <strong>1384</strong><br />(+16 for winning)\n|raw|06Thomas's rating: 1305 &rarr; <strong>1289</strong><br />(-16 for losing)\n|l|\u260606Thomas\n|player|p2|\n",
  "uploadtime": 1776398637,
  "views": 49,
  "formatid": "gen9championsvgc2026regma",
  "rating": 1289,
  "private": 0,
  "password": null
}