{
  "id": "gen9championsvgc2026regma-2588620493",
  "format": "[Gen 9 Champions] VGC 2026 Reg M-A",
  "players": [
    "Sr Corbetta",
    "nmq0901"
  ],
  "log": "|j|\u2606Sr Corbetta\n|j|\u2606nmq0901\n|t:|1776650848\n|gametype|doubles\n|player|p1|Sr Corbetta|veteran|1018\n|player|p2|nmq0901|102|1045\n|gen|9\n|tier|[Gen 9 Champions] VGC 2026 Reg M-A\n|rated|\n|rule|Species Clause: Limit one of each Pok\u00e9mon\n|rule|Item Clause: Limit 1 of each item\n|clearpoke\n|poke|p1|Lucario, L50, M|\n|poke|p1|Espathra, L50, F|\n|poke|p1|Gengar, L50, M, shiny|\n|poke|p1|Jolteon, L50, M|\n|poke|p1|Corviknight, L50, M|\n|poke|p1|Primarina, L50, M|\n|poke|p2|Feraligatr, L50, F|\n|poke|p2|Aggron, L50, F|\n|poke|p2|Alakazam, L50, M|\n|poke|p2|Whimsicott, L50, M|\n|poke|p2|Pelipper, L50, M|\n|poke|p2|Tyranitar, L50, M|\n|teampreview|4\n|inactive|Battle timer is ON: inactive players will automatically lose when time's up. (requested by nmq0901)\n|\n|t:|1776650866\n|teamsize|p1|4\n|teamsize|p2|4\n|start\n|switch|p1a: Espathra|Espathra, L50, F|100/100\n|switch|p1b: Primarina|Primarina, L50, M|100/100\n|switch|p2a: Aggron|Aggron, L50, F|100/100\n|switch|p2b: Alakazam|Alakazam, L50, M|100/100\n|turn|1\n|\n|t:|1776650889\n|move|p1a: Espathra|Protect|p1a: Espathra\n|-singleturn|p1a: Espathra|Protect\n|move|p2b: Alakazam|Light Screen|p2b: Alakazam\n|-sidestart|p2: nmq0901|move: Light Screen\n|move|p1b: Primarina|Surf|p2b: Alakazam|[spread] p2a,p2b\n|-activate|p1a: Espathra|move: Protect\n|-supereffective|p2a: Aggron|1\n|-damage|p2a: Aggron|43/100\n|-damage|p2b: Alakazam|67/100\n|move|p2a: Aggron|Heavy Slam|p1b: Primarina\n|-damage|p1b: Primarina|36/100\n|\n|-heal|p1b: Primarina|42/100|[from] item: Leftovers\n|-ability|p1a: Espathra|Speed Boost|boost\n|-boost|p1a: Espathra|spe|1\n|upkeep\n|turn|2\n|inactive|Sr Corbetta has 30 seconds left.\n|inactive|nmq0901 has 30 seconds left.\n|\n|t:|1776650922\n|detailschange|p2a: Aggron|Aggron-Mega, L50, F\n|-mega|p2a: Aggron|Aggron|Aggronite\n|move|p1a: Espathra|Shadow Ball|p2b: Alakazam\n|-supereffective|p2b: Alakazam|1\n|-damage|p2b: Alakazam|17/100\n|move|p2b: Alakazam|Psychic|p1a: Espathra\n|-resisted|p1a: Espathra|1\n|-damage|p1a: Espathra|67/100\n|move|p1b: Primarina|Moonblast|p2b: Alakazam\n|-damage|p2b: Alakazam|0 fnt\n|faint|p2b: Alakazam\n|move|p2a: Aggron|Heavy Slam|p1b: Primarina\n|-damage|p1b: Primarina|0 fnt\n|faint|p1b: Primarina\n|\n|-ability|p1a: Espathra|Speed Boost|boost\n|-boost|p1a: Espathra|spe|1\n|upkeep\n|\n|t:|1776650941\n|switch|p2b: Tyranitar|Tyranitar, L50, M|100/100\n|switch|p1b: Jolteon|Jolteon, L50, M|100/100\n|-weather|Sandstorm|[from] ability: Sand Stream|[of] p2b: Tyranitar\n|turn|3\n|\n|t:|1776650958\n|move|p1a: Espathra|Protect|p1a: Espathra\n|-singleturn|p1a: Espathra|Protect\n|move|p1b: Jolteon|Thunder Wave|p2b: Tyranitar\n|-status|p2b: Tyranitar|par\n|move|p2a: Aggron|Iron Defense|p2a: Aggron\n|-boost|p2a: Aggron|def|2\n|move|p2b: Tyranitar|Crunch|p1a: Espathra\n|-activate|p1a: Espathra|move: Protect\n|\n|-weather|Sandstorm|[upkeep]\n|-damage|p1a: Espathra|62/100|[from] Sandstorm\n|-damage|p1b: Jolteon|95/100|[from] Sandstorm\n|-ability|p1a: Espathra|Speed Boost|boost\n|-boost|p1a: Espathra|spe|1\n|upkeep\n|turn|4\n|\n|t:|1776650977\n|move|p1a: Espathra|Baton Pass|p1a: Espathra\n|\n|t:|1776650979\n|switch|p1a: Lucario|Lucario, L50, M|100/100|[from] Baton Pass\n|move|p1b: Jolteon|Thunder Wave|p2a: Aggron\n|-status|p2a: Aggron|par\n|move|p2b: Tyranitar|Crunch|p1a: Lucario\n|-resisted|p1a: Lucario|1\n|-damage|p1a: Lucario|67/100\n|move|p2a: Aggron|Body Press|p1b: Jolteon\n|-crit|p1b: Jolteon\n|-damage|p1b: Jolteon|0 fnt\n|faint|p1b: Jolteon\n|\n|-weather|Sandstorm|[upkeep]\n|upkeep\n|\n|t:|1776650991\n|switch|p1b: Espathra|Espathra, L50, F|62/100\n|turn|5\n|\n|t:|1776651004\n|detailschange|p1a: Lucario|Lucario-Mega, L50, M\n|-mega|p1a: Lucario|Lucario|Lucarionite\n|move|p1b: Espathra|Protect|p1b: Espathra\n|-singleturn|p1b: Espathra|Protect\n|move|p1a: Lucario|Close Combat|p2b: Tyranitar\n|-supereffective|p2b: Tyranitar|2\n|-enditem|p2b: Tyranitar|Chople Berry|[eat]\n|-enditem|p2b: Tyranitar|Chople Berry|[weaken]\n|-damage|p2b: Tyranitar|0 fnt\n|-unboost|p1a: Lucario|def|1\n|-unboost|p1a: Lucario|spd|1\n|faint|p2b: Tyranitar\n|move|p2a: Aggron|Body Press|p1a: Lucario\n|-supereffective|p1a: Lucario|1\n|-damage|p1a: Lucario|0 fnt\n|faint|p1a: Lucario\n|\n|-weather|Sandstorm|[upkeep]\n|-damage|p1b: Espathra|56/100|[from] Sandstorm\n|-sideend|p2: nmq0901|move: Light Screen\n|-ability|p1b: Espathra|Speed Boost|boost\n|-boost|p1b: Espathra|spe|1\n|upkeep\n|\n|t:|1776651024\n|switch|p2b: Whimsicott|Whimsicott, L50, M|100/100\n|turn|6\n|inactive|nmq0901 has 30 seconds left.\n|\n|t:|1776651051\n|move|p2b: Whimsicott|Light Screen|p2b: Whimsicott\n|-sidestart|p2: nmq0901|move: Light Screen\n|move|p1b: Espathra|Shadow Ball|p2a: Aggron\n|-damage|p2a: Aggron|27/100 par\n|move|p2a: Aggron|Body Press|p1b: Espathra\n|-resisted|p1b: Espathra|1\n|-damage|p1b: Espathra|0 fnt\n|faint|p1b: Espathra\n|\n|win|nmq0901\n|raw|Sr Corbetta's rating: 1018 &rarr; <strong>1006</strong><br />(-12 for losing)\n|raw|nmq0901's rating: 1045 &rarr; <strong>1076</strong><br />(+31 for winning)\n|l|\u2606Sr Corbetta\n|player|p1|\n",
  "uploadtime": 1776651063,
  "views": 3,
  "formatid": "gen9championsvgc2026regma",
  "rating": 1006,
  "private": 0,
  "password": null
}