{
  "id": "gen9championsvgc2026regma-2584943087",
  "format": "[Gen 9 Champions] VGC 2026 Reg M-A",
  "players": [
    "yutarotaku",
    "AAACompanyBtw"
  ],
  "log": "|j|\u2606yutarotaku\n|j|\u2606AAACompanyBtw\n|t:|1776296731\n|gametype|doubles\n|player|p1|yutarotaku|266|1289\n|player|p2|AAACompanyBtw|2|1257\n|gen|9\n|tier|[Gen 9 Champions] VGC 2026 Reg M-A\n|rated|\n|rule|Species Clause: Limit one of each Pok\u00e9mon\n|rule|Item Clause: Limit 1 of each item\n|clearpoke\n|poke|p1|Froslass, L50, F|\n|poke|p1|Incineroar, L50, F|\n|poke|p1|Sneasler, L50, M|\n|poke|p1|Kingambit, L50, M|\n|poke|p1|Rotom-Wash, L50|\n|poke|p1|Garchomp, L50, M|\n|poke|p2|Incineroar, L50, F|\n|poke|p2|Kingambit, L50, F|\n|poke|p2|Rotom-Wash, L50|\n|poke|p2|Mamoswine, L50, F|\n|poke|p2|Whimsicott, L50, F|\n|poke|p2|Froslass, L50, F|\n|teampreview|4\n|inactive|Battle timer is ON: inactive players will automatically lose when time's up. (requested by AAACompanyBtw)\nAAACompanyBtw rejected open team sheets.\n|inactive|yutarotaku has 60 seconds left.\n|\n|t:|1776296809\n|teamsize|p1|4\n|teamsize|p2|4\n|start\n|switch|p1a: Sneasler|Sneasler, L50, M|100/100\n|switch|p1b: Kingambit|Kingambit, L50, M|100/100\n|switch|p2a: Mamoswine|Mamoswine, L50, F|100/100\n|switch|p2b: Whimsicott|Whimsicott, L50, F|100/100\n|turn|1\n|inactive|AAACompanyBtw has 30 seconds left.\n|\n|t:|1776296836\n|move|p2a: Mamoswine|Protect|p2a: Mamoswine\n|-singleturn|p2a: Mamoswine|Protect\n|move|p1b: Kingambit|Protect|p1b: Kingambit\n|-singleturn|p1b: Kingambit|Protect\n|move|p2b: Whimsicott|Moonblast|p1b: Kingambit\n|-activate|p1b: Kingambit|move: Protect\n|move|p1a: Sneasler|Dire Claw|p2b: Whimsicott\n|-supereffective|p2b: Whimsicott|2\n|-enditem|p2b: Whimsicott|Focus Sash\n|-damage|p2b: Whimsicott|1/100\n|\n|upkeep\n|turn|2\n|\n|t:|1776296864\n|switch|p1b: Rotom|Rotom-Wash, L50|100/100\n|move|p2b: Whimsicott|Tailwind|p2b: Whimsicott\n|-sidestart|p2: AAACompanyBtw|move: Tailwind\n|move|p2a: Mamoswine|High Horsepower|p1a: Sneasler\n|-supereffective|p1a: Sneasler|1\n|-damage|p1a: Sneasler|0 fnt\n|faint|p1a: Sneasler\n|\n|upkeep\n|\n|t:|1776296873\n|switch|p1a: Garchomp|Garchomp, L50, M|100/100\n|turn|3\n|\n|t:|1776296891\n|switch|p2b: Froslass|Froslass, L50, F|100/100\n|switch|p2a: Kingambit|Kingambit, L50, F|100/100\n|move|p1a: Garchomp|Protect|p1a: Garchomp\n|-singleturn|p1a: Garchomp|Protect\n|move|p1b: Rotom|Hydro Pump|p2a: Kingambit\n|-damage|p2a: Kingambit|42/100\n|\n|upkeep\n|turn|4\n|inactive|yutarotaku has 30 seconds left.\n|\n|t:|1776296920\n|switch|p1a: Kingambit|Kingambit, L50, M|100/100\n|detailschange|p2b: Froslass|Froslass-Mega, L50, F\n|-mega|p2b: Froslass|Froslass|Froslassite\n|-weather|Snowscape|[from] ability: Snow Warning|[of] p2b: Froslass\n|move|p2b: Froslass|Blizzard|p1b: Rotom|[spread] p1a,p1b\n|-resisted|p1a: Kingambit|1\n|-resisted|p1b: Rotom|1\n|-damage|p1a: Kingambit|77/100\n|-damage|p1b: Rotom|74/100\n|move|p2a: Kingambit|Kowtow Cleave|p1b: Rotom\n|-damage|p1b: Rotom|8/100\n|move|p1b: Rotom|Thunderbolt|p2b: Froslass\n|-damage|p2b: Froslass|49/100\n|\n|-weather|Snowscape|[upkeep]\n|-heal|p1b: Rotom|13/100|[from] item: Leftovers\n|upkeep\n|turn|5\n|\n|t:|1776296941\n|switch|p2a: Mamoswine|Mamoswine, L50, F|100/100\n|switch|p1b: Garchomp|Garchomp, L50, M|100/100\n|move|p1a: Kingambit|Sucker Punch||[still]\n|-fail|p1a: Kingambit\n|move|p2b: Froslass|Aurora Veil|p2b: Froslass\n|-sidestart|p2: AAACompanyBtw|move: Aurora Veil\n|\n|-weather|Snowscape|[upkeep]\n|-sideend|p2: AAACompanyBtw|move: Tailwind\n|upkeep\n|turn|6\n|inactive|yutarotaku has 30 seconds left.\n|inactive|yutarotaku has 20 seconds left.\n|\n|t:|1776296976\n|move|p2b: Froslass|Protect|p2b: Froslass\n|-singleturn|p2b: Froslass|Protect\n|move|p1a: Kingambit|Sucker Punch|p2a: Mamoswine\n|-damage|p2a: Mamoswine|79/100\n|move|p1b: Garchomp|Stomping Tantrum|p2a: Mamoswine\n|-damage|p2a: Mamoswine|61/100\n|move|p2a: Mamoswine|High Horsepower|p1a: Kingambit\n|-supereffective|p1a: Kingambit|1\n|-damage|p1a: Kingambit|0 fnt\n|faint|p1a: Kingambit\n|\n|-weather|Snowscape|[upkeep]\n|upkeep\n|\n|t:|1776296986\n|switch|p1a: Rotom|Rotom-Wash, L50|13/100\n|turn|7\n|\n|t:|1776296995\n|move|p1b: Garchomp|Protect|p1b: Garchomp\n|-singleturn|p1b: Garchomp|Protect\n|move|p1a: Rotom|Protect|p1a: Rotom\n|-singleturn|p1a: Rotom|Protect\n|move|p2b: Froslass|Blizzard|p1b: Garchomp|[spread] \n|-activate|p1a: Rotom|move: Protect\n|-activate|p1b: Garchomp|move: Protect\n|move|p2a: Mamoswine|Icicle Crash|p1a: Rotom\n|-activate|p1a: Rotom|move: Protect\n|\n|-weather|Snowscape|[upkeep]\n|-heal|p1a: Rotom|19/100|[from] item: Leftovers\n|upkeep\n|turn|8\n|\n|t:|1776297010\n|move|p2b: Froslass|Blizzard|p1b: Garchomp|[spread] p1a,p1b\n|-resisted|p1a: Rotom|1\n|-supereffective|p1b: Garchomp|2\n|-damage|p1a: Rotom|0 fnt\n|-damage|p1b: Garchomp|0 fnt\n|faint|p1a: Rotom\n|faint|p1b: Garchomp\n|\n|win|AAACompanyBtw\n|raw|yutarotaku's rating: 1289 &rarr; <strong>1262</strong><br />(-27 for losing)\n|raw|AAACompanyBtw's rating: 1257 &rarr; <strong>1284</strong><br />(+27 for winning)\n|l|\u2606yutarotaku\n|player|p1|\n",
  "uploadtime": 1776297021,
  "views": 40,
  "formatid": "gen9championsvgc2026regma",
  "rating": 1262,
  "private": 0,
  "password": null
}