{
  "id": "gen9championsvgc2026regma-2588736650",
  "format": "[Gen 9 Champions] VGC 2026 Reg M-A",
  "players": [
    "navinsachump",
    "DieLitFan3000"
  ],
  "log": "|j|\u2606navinsachump\n|j|\u2606DieLitFan3000\n|t:|1776663953\n|gametype|doubles\n|player|p1|navinsachump|smasher|1536\n|player|p2|DieLitFan3000|roughneck|1527\n|gen|9\n|tier|[Gen 9 Champions] VGC 2026 Reg M-A\n|rated|\n|rule|Species Clause: Limit one of each Pok\u00e9mon\n|rule|Item Clause: Limit 1 of each item\n|clearpoke\n|poke|p1|Charizard, L50, F|\n|poke|p1|Sneasler, L50, F|\n|poke|p1|Basculegion, L50, M|\n|poke|p1|Garchomp, L50, M|\n|poke|p1|Incineroar, L50, F|\n|poke|p1|Venusaur, L50, F|\n|poke|p2|Kommo-o, L50, M|\n|poke|p2|Gengar, L50, M|\n|poke|p2|Milotic, L50, F|\n|poke|p2|Aerodactyl, L50, M|\n|poke|p2|Incineroar, L50, F|\n|poke|p2|Corviknight, L50, M|\n|teampreview|4\n|inactive|Battle timer is ON: inactive players will automatically lose when time's up. (requested by navinsachump)\n|\n|t:|1776663985\n|teamsize|p1|4\n|teamsize|p2|4\n|start\n|switch|p1a: Basculegion|Basculegion, L50, M|100/100\n|switch|p1b: Sneasler|Sneasler, L50, F|100/100\n|switch|p2a: Incineroar|Incineroar, L50, F|100/100\n|switch|p2b: Aerodactyl|Aerodactyl, L50, M|100/100\n|-ability|p2b: Aerodactyl|Unnerve\n|-ability|p2a: Incineroar|Intimidate|boost\n|-unboost|p1a: Basculegion|atk|1\n|-unboost|p1b: Sneasler|atk|1\n|-enditem|p1b: Sneasler|White Herb\n|-clearnegativeboost|p1b: Sneasler|[silent]\n|turn|1\n|inactive|DieLitFan3000 has 30 seconds left.\n|inactive|DieLitFan3000 has 20 seconds left.\n|\n|t:|1776664025\n|move|p1b: Sneasler|Protect|p1b: Sneasler\n|-singleturn|p1b: Sneasler|Protect\n|move|p1a: Basculegion|Flip Turn|p2b: Aerodactyl\n|-supereffective|p2b: Aerodactyl|1\n|-damage|p2b: Aerodactyl|18/100\n|\n|t:|1776664034\n|switch|p1a: Garchomp|Garchomp, L50, M|100/100|[from] Flip Turn\n|move|p2b: Aerodactyl|Tailwind|p2b: Aerodactyl\n|-sidestart|p2: DieLitFan3000|move: Tailwind\n|move|p2a: Incineroar|Throat Chop|p1a: Garchomp\n|-damage|p1a: Garchomp|67/100\n|-start|p1a: Garchomp|Throat Chop|[silent]\n|-damage|p2a: Incineroar|88/100|[from] ability: Rough Skin|[of] p1a: Garchomp\n|\n|upkeep\n|turn|2\n|\n|t:|1776664050\n|move|p2b: Aerodactyl|Dual Wingbeat|p1b: Sneasler\n|-supereffective|p1b: Sneasler|1\n|-damage|p1b: Sneasler|38/100\n|-supereffective|p1b: Sneasler|1\n|-damage|p1b: Sneasler|0 fnt\n|faint|p1b: Sneasler\n|-hitcount|p1: Sneasler|2\n|move|p2a: Incineroar|Parting Shot|p1a: Garchomp\n|-unboost|p1a: Garchomp|atk|1\n|-unboost|p1a: Garchomp|spa|1\n|\n|t:|1776664060\n|switch|p2a: Milotic|Milotic, L50, F|100/100|[from] Parting Shot\n|move|p1a: Garchomp|Rock Slide|p2b: Aerodactyl|[spread] p2a,p2b\n|-supereffective|p2b: Aerodactyl|1\n|-damage|p2a: Milotic|85/100\n|-damage|p2b: Aerodactyl|0 fnt\n|faint|p2b: Aerodactyl\n|\n|-end|p1a: Garchomp|Throat Chop|[silent]\n|upkeep\n|j| sfdbgs\n|j| M0AK\n|\n|t:|1776664065\n|switch|p2b: Gengar|Gengar, L50, M|100/100\n|switch|p1b: Charizard|Charizard, L50, F|100/100\n|turn|3\n|j| Alice369\n|inactive|DieLitFan3000 has 30 seconds left.\n|\n|t:|1776664096\n|detailschange|p2b: Gengar|Gengar-Mega, L50, M\n|-mega|p2b: Gengar|Gengar|Gengarite\n|detailschange|p1b: Charizard|Charizard-Mega-Y, L50, F\n|-mega|p1b: Charizard|Charizard|Charizardite Y\n|-weather|SunnyDay|[from] ability: Drought|[of] p1b: Charizard\n|move|p2a: Milotic|Muddy Water|p1b: Charizard|[spread] p1a\n|-miss|p2a: Milotic|p1b: Charizard\n|-damage|p1a: Garchomp|55/100\n|move|p2b: Gengar|Icy Wind|p1a: Garchomp|[spread] p1a,p1b\n|-supereffective|p1a: Garchomp|2\n|-crit|p1b: Charizard\n|-damage|p1a: Garchomp|0 fnt\n|-damage|p1b: Charizard|72/100\n|-unboost|p1b: Charizard|spe|1\n|faint|p1a: Garchomp\n|move|p1b: Charizard|Heat Wave|p2a: Milotic|[spread] p2a,p2b\n|-resisted|p2a: Milotic|1\n|-damage|p2a: Milotic|52/100\n|-damage|p2b: Gengar|7/100\n|\n|-weather|SunnyDay|[upkeep]\n|upkeep\n|\n|t:|1776664107\n|switch|p1a: Basculegion|Basculegion, L50, M|100/100\n|turn|4\n|inactive|DieLitFan3000 has 30 seconds left.\n|\n|t:|1776664132\n|move|p2a: Milotic|Muddy Water|p1a: Basculegion|[spread] p1a\n|-miss|p2a: Milotic|p1b: Charizard\n|-resisted|p1a: Basculegion|1\n|-damage|p1a: Basculegion|93/100\n|move|p2b: Gengar|Shadow Ball|p1a: Basculegion\n|-supereffective|p1a: Basculegion|1\n|-damage|p1a: Basculegion|0 fnt\n|faint|p1a: Basculegion\n|move|p1b: Charizard|Heat Wave|p2a: Milotic|[spread] p2b\n|-miss|p1b: Charizard|p2a: Milotic\n|-damage|p2b: Gengar|0 fnt\n|faint|p2b: Gengar\n|\n|-weather|SunnyDay|[upkeep]\n|-sideend|p2: DieLitFan3000|move: Tailwind\n|upkeep\n|\n|t:|1776664137\n|switch|p2b: Incineroar|Incineroar, L50, F|88/100\n|-ability|p2b: Incineroar|Intimidate|boost\n|-unboost|p1b: Charizard|atk|1\n|turn|5\n|\n|t:|1776664144\n|move|p1b: Charizard|Protect|p1b: Charizard\n|-singleturn|p1b: Charizard|Protect\n|move|p2b: Incineroar|Fake Out|p1b: Charizard\n|-activate|p1b: Charizard|move: Protect\n|move|p2a: Milotic|Muddy Water|p1b: Charizard\n|-activate|p1b: Charizard|move: Protect\n|\n|-weather|SunnyDay|[upkeep]\n|upkeep\n|turn|6\n|\n|t:|1776664149\n|move|p2a: Milotic|Muddy Water|p1b: Charizard\n|-supereffective|p1b: Charizard|1\n|-damage|p1b: Charizard|38/100\n|move|p2b: Incineroar|Throat Chop|p1b: Charizard\n|-damage|p1b: Charizard|0 fnt\n|faint|p1b: Charizard\n|\n|win|DieLitFan3000\n|raw|navinsachump's rating: 1536 &rarr; <strong>1515</strong><br />(-21 for losing)\n|raw|DieLitFan3000's rating: 1527 &rarr; <strong>1548</strong><br />(+21 for winning)\n|l|\u2606navinsachump\n|player|p1|\n",
  "uploadtime": 1776664151,
  "views": 10,
  "formatid": "gen9championsvgc2026regma",
  "rating": 1515,
  "private": 0,
  "password": null
}