{
  "id": "gen9championsvgc2026regma-2583652809",
  "format": "[Gen 9 Champions] VGC 2026 Reg M-A",
  "players": [
    "1Neku",
    "Energoblock4th"
  ],
  "log": "|j|\u26061Neku\n|j|\u2606Energoblock4th\n|t:|1776188923\n|gametype|doubles\n|player|p1|1Neku|170|1194\n|player|p2|Energoblock4th|flannery|1126\n|gen|9\n|tier|[Gen 9 Champions] VGC 2026 Reg M-A\n|rated|\n|rule|Species Clause: Limit one of each Pok\u00e9mon\n|rule|Item Clause: Limit 1 of each item\n|clearpoke\n|poke|p1|Pelipper, L50, M|\n|poke|p1|Basculegion, L50, M|\n|poke|p1|Sinistcha, L50|\n|poke|p1|Archaludon, L50, M|\n|poke|p1|Sneasler, L50, M|\n|poke|p1|Dragonite, L50, F|\n|poke|p2|Charizard, L50, F|\n|poke|p2|Venusaur, L50, M|\n|poke|p2|Garchomp, L50, M|\n|poke|p2|Sneasler, L50, F|\n|poke|p2|Rotom-Wash, L50|\n|poke|p2|Incineroar, L50, M|\n|teampreview|4\n|\n|t:|1776188951\n|teamsize|p1|4\n|teamsize|p2|4\n|start\n|switch|p1a: Pelipper|Pelipper, L50, M, shiny|100/100\n|switch|p1b: Basculegion|Basculegion, L50, M|100/100\n|switch|p2a: Venusaur|Venusaur, L50, M|100/100\n|switch|p2b: Charizard|Charizard, L50, F|100/100\n|-weather|RainDance|[from] ability: Drizzle|[of] p1a: Pelipper\n|turn|1\n|\n|t:|1776188972\n|switch|p1b: Dragonite|Dragonite, L50, F|100/100\n|detailschange|p2b: Charizard|Charizard-Mega-Y, L50, F\n|-mega|p2b: Charizard|Charizard|Charizardite Y\n|-weather|SunnyDay|[from] ability: Drought|[of] p2b: Charizard\n|move|p2b: Charizard|Protect|p2b: Charizard\n|-singleturn|p2b: Charizard|Protect\n|move|p1a: Pelipper|Protect|p1a: Pelipper\n|-singleturn|p1a: Pelipper|Protect\n|move|p2a: Venusaur|Sleep Powder|p1a: Pelipper\n|-activate|p1a: Pelipper|move: Protect\n|\n|-weather|SunnyDay|[upkeep]\n|upkeep\n|turn|2\n|\n|t:|1776189016\n|switch|p1a: Basculegion|Basculegion, L50, M|100/100\n|detailschange|p1b: Dragonite|Dragonite-Mega, L50, F\n|-mega|p1b: Dragonite|Dragonite|Dragoninite\n|move|p2a: Venusaur|Sleep Powder|p1b: Dragonite|[miss]\n|-miss|p2a: Venusaur|p1b: Dragonite\n|move|p2b: Charizard|Heat Wave|p1a: Basculegion|[spread] p1a\n|-miss|p2b: Charizard|p1b: Dragonite\n|-resisted|p1a: Basculegion|1\n|-damage|p1a: Basculegion|64/100\n|-status|p1a: Basculegion|brn\n|move|p1b: Dragonite|Draco Meteor|p2b: Charizard\n|-damage|p2b: Charizard|19/100\n|-unboost|p1b: Dragonite|spa|2\n|\n|-weather|SunnyDay|[upkeep]\n|-damage|p1a: Basculegion|57/100 brn|[from] brn\n|upkeep\n|turn|3\n|\n|t:|1776189047\n|switch|p1a: Pelipper|Pelipper, L50, M, shiny|100/100\n|-weather|RainDance|[from] ability: Drizzle|[of] p1a: Pelipper\n|move|p2b: Charizard|Protect|p2b: Charizard\n|-singleturn|p2b: Charizard|Protect\n|move|p1b: Dragonite|Hurricane|p2a: Venusaur\n|-supereffective|p2a: Venusaur|1\n|-damage|p2a: Venusaur|20/100\n|move|p2a: Venusaur|Sleep Powder|p1b: Dragonite\n|-status|p1b: Dragonite|slp|[from] move: Sleep Powder\n|\n|-weather|RainDance|[upkeep]\n|upkeep\n|turn|4\n|\n|t:|1776189081\n|switch|p2b: Rotom|Rotom-Wash, L50|100/100\n|move|p2a: Venusaur|Protect|p2a: Venusaur\n|-singleturn|p2a: Venusaur|Protect\n|cant|p1b: Dragonite|slp\n|move|p1a: Pelipper|Tailwind|p1a: Pelipper\n|-sidestart|p1: 1Neku|move: Tailwind\n|\n|-weather|RainDance|[upkeep]\n|upkeep\n|turn|5\n|\n|t:|1776189098\n|switch|p1a: Archaludon|Archaludon, L50, M|100/100\n|cant|p1b: Dragonite|slp\n|move|p2a: Venusaur|Sleep Powder|p1a: Archaludon\n|-status|p1a: Archaludon|slp|[from] move: Sleep Powder\n|move|p2b: Rotom|Thunderbolt|p1a: Archaludon\n|-resisted|p1a: Archaludon|1\n|-damage|p1a: Archaludon|81/100 slp\n|-ability|p1a: Archaludon|Stamina|boost\n|-boost|p1a: Archaludon|def|1\n|\n|-weather|RainDance|[upkeep]\n|-heal|p1a: Archaludon|87/100 slp|[from] item: Leftovers\n|upkeep\n|turn|6\n|\n|t:|1776189119\n|move|p2a: Venusaur|Protect|p2a: Venusaur\n|-singleturn|p2a: Venusaur|Protect\n|-curestatus|p1b: Dragonite|slp|[msg]\n|move|p1b: Dragonite|Ice Beam|p2a: Venusaur\n|-activate|p2a: Venusaur|move: Protect\n|cant|p1a: Archaludon|slp\n|move|p2b: Rotom|Thunderbolt|p1b: Dragonite\n|-damage|p1b: Dragonite|85/100\n|\n|-weather|RainDance|[upkeep]\n|-heal|p1a: Archaludon|93/100 slp|[from] item: Leftovers\n|upkeep\n|turn|7\n|\n|t:|1776189138\n|switch|p2a: Garchomp|Garchomp, L50, M|100/100\n|move|p1b: Dragonite|Ice Beam|p2a: Garchomp\n|-supereffective|p2a: Garchomp|2\n|-damage|p2a: Garchomp|9/100\n|cant|p1a: Archaludon|slp\n|move|p2b: Rotom|Hydro Pump|p1b: Dragonite\n|-resisted|p1b: Dragonite|1\n|-damage|p1b: Dragonite|57/100\n|\n|-weather|none\n|-heal|p1a: Archaludon|99/100 slp|[from] item: Leftovers\n|-sideend|p1: 1Neku|move: Tailwind\n|upkeep\n|turn|8\n|\n|t:|1776189166\n|move|p1b: Dragonite|Protect|p1b: Dragonite\n|-singleturn|p1b: Dragonite|Protect\n|-curestatus|p1a: Archaludon|slp|[msg]\n|move|p1a: Archaludon|Protect|p1a: Archaludon\n|-singleturn|p1a: Archaludon|Protect\n|move|p2a: Garchomp|Dragon Claw|p1b: Dragonite\n|-activate|p1b: Dragonite|move: Protect\n|move|p2b: Rotom|Thunderbolt|p1a: Archaludon\n|-activate|p1a: Archaludon|move: Protect\n|\n|-heal|p1a: Archaludon|100/100|[from] item: Leftovers\n|upkeep\n|turn|9\n|\n|t:|1776189192\n|switch|p1b: Pelipper|Pelipper, L50, M, shiny|100/100\n|-weather|RainDance|[from] ability: Drizzle|[of] p1b: Pelipper\n|move|p2a: Garchomp|Dragon Claw|p1b: Pelipper\n|-damage|p1b: Pelipper|40/100\n|move|p2b: Rotom|Thunderbolt|p1b: Pelipper\n|-supereffective|p1b: Pelipper|2\n|-damage|p1b: Pelipper|0 fnt\n|faint|p1b: Pelipper\n|move|p1a: Archaludon|Electro Shot||[still]\n|-prepare|p1a: Archaludon|Electro Shot\n|-boost|p1a: Archaludon|spa|1\n|-anim|p1a: Archaludon|Electro Shot|p2b: Rotom\n|-damage|p2b: Rotom|34/100\n|\n|-weather|RainDance|[upkeep]\n|-heal|p2b: Rotom|39/100|[from] item: Leftovers\n|upkeep\n|\n|t:|1776189212\n|switch|p1b: Basculegion|Basculegion, L50, M|57/100 brn\n|turn|10\n|\n|t:|1776189221\n|move|p1b: Basculegion|Flip Turn|p2a: Garchomp\n|-damage|p2a: Garchomp|0 fnt\n|-damage|p1b: Basculegion|45/100 brn|[from] ability: Rough Skin|[of] p2a: Garchomp\n|faint|p2a: Garchomp\n|inactive|Battle timer is ON: inactive players will automatically lose when time's up. (requested by 1Neku)\n|\n|t:|1776189227\n|switch|p1b: Dragonite|Dragonite-Mega, L50, F|57/100|[from] Flip Turn\n|move|p2b: Rotom|Thunderbolt|p1b: Dragonite\n|-damage|p1b: Dragonite|23/100\n|move|p1a: Archaludon|Electro Shot||[still]\n|-prepare|p1a: Archaludon|Electro Shot\n|-boost|p1a: Archaludon|spa|1\n|-anim|p1a: Archaludon|Electro Shot|p2b: Rotom\n|-damage|p2b: Rotom|0 fnt\n|faint|p2b: Rotom\n|\n|-weather|RainDance|[upkeep]\n|upkeep\n|\n|t:|1776189235\n|switch|p2a: Charizard|Charizard-Mega-Y, L50, F|19/100\n|switch|p2b: Venusaur|Venusaur, L50, M|20/100\n|-weather|SunnyDay|[from] ability: Drought|[of] p2a: Charizard\n|turn|11\n|\n|t:|1776189258\n|move|p1a: Archaludon|Protect|p1a: Archaludon\n|-singleturn|p1a: Archaludon|Protect\n|move|p2b: Venusaur|Sleep Powder|p1b: Dragonite\n|-status|p1b: Dragonite|slp|[from] move: Sleep Powder\n|move|p2a: Charizard|Weather Ball|p1a: Archaludon\n|-activate|p1a: Archaludon|move: Protect\n|cant|p1b: Dragonite|slp\n|\n|-weather|SunnyDay|[upkeep]\n|upkeep\n|turn|12\n|\n|t:|1776189284\n|cant|p1b: Dragonite|slp\n|move|p2b: Venusaur|Sleep Powder|p1a: Archaludon|[miss]\n|-miss|p2b: Venusaur|p1a: Archaludon\n|move|p2a: Charizard|Heat Wave|p1b: Dragonite|[spread] p1a,p1b\n|-resisted|p1b: Dragonite|1\n|-damage|p1a: Archaludon|28/100\n|-damage|p1b: Dragonite|0 fnt\n|-ability|p1a: Archaludon|Stamina|boost\n|-boost|p1a: Archaludon|def|1\n|faint|p1b: Dragonite\n|move|p1a: Archaludon|Draco Meteor|p2a: Charizard\n|-damage|p2a: Charizard|0 fnt\n|-unboost|p1a: Archaludon|spa|2\n|faint|p2a: Charizard\n|\n|-weather|SunnyDay|[upkeep]\n|-heal|p1a: Archaludon|34/100|[from] item: Leftovers\n|upkeep\n|\n|t:|1776189302\n|switch|p1b: Basculegion|Basculegion, L50, M|45/100 brn\n|turn|13\n|\n|t:|1776189313\n|move|p1b: Basculegion|Aqua Jet|p2b: Venusaur\n|-resisted|p2b: Venusaur|1\n|-damage|p2b: Venusaur|17/100\n|move|p2b: Venusaur|Leaf Storm|p1b: Basculegion|[miss]\n|-miss|p2b: Venusaur|p1b: Basculegion\n|move|p1a: Archaludon|Draco Meteor|p2b: Venusaur\n|-damage|p2b: Venusaur|0 fnt\n|-unboost|p1a: Archaludon|spa|2\n|faint|p2b: Venusaur\n|\n|win|1Neku\n|raw|1Neku's rating: 1194 &rarr; <strong>1214</strong><br />(+20 for winning)\n|raw|Energoblock4th's rating: 1126 &rarr; <strong>1106</strong><br />(-20 for losing)\n",
  "uploadtime": 1776189325,
  "views": 15,
  "formatid": "gen9championsvgc2026regma",
  "rating": 1106,
  "private": 0,
  "password": null
}