{
  "id": "gen9championsvgc2026regma-2582503936",
  "format": "[Gen 9 Champions] VGC 2026 Reg M-A",
  "players": [
    "honguitohola",
    "ghhhersagtas"
  ],
  "log": "|j|\u2606honguitohola\n|j|\u2606ghhhersagtas\n|t:|1776095886\n|gametype|doubles\n|player|p1|honguitohola|101|1040\n|player|p2|ghhhersagtas|169|1089\n|gen|9\n|tier|[Gen 9 Champions] VGC 2026 Reg M-A\n|rated|\n|rule|Species Clause: Limit one of each Pok\u00e9mon\n|rule|Item Clause: Limit 1 of each item\n|clearpoke\n|poke|p1|Incineroar, L50, M|\n|poke|p1|Whimsicott, L50, F|\n|poke|p1|Blastoise, L50, M|\n|poke|p1|Farigiraf, L50, F|\n|poke|p1|Crabominable, L50, M|\n|poke|p1|Reuniclus, L50, F|\n|poke|p2|Chandelure, L50, M|\n|poke|p2|Hatterene, L50, F|\n|poke|p2|Incineroar, L50, M|\n|poke|p2|Farigiraf, L50, M|\n|poke|p2|Floette-Eternal, L50, F|\n|poke|p2|Lycanroc-Dusk, L50, M|\n|teampreview|4\n|inactive|Battle timer is ON: inactive players will automatically lose when time's up. (requested by ghhhersagtas)\nhonguitohola has agreed to open team sheets.\n|\n|t:|1776095906\n|teamsize|p1|4\n|teamsize|p2|4\n|start\n|switch|p1a: Incineroar|Incineroar, L50, M|100/100\n|switch|p1b: Farigiraf|Farigiraf, L50, F|100/100\n|switch|p2a: Girara|Farigiraf, L50, M|100/100\n|switch|p2b: Neroro|Incineroar, L50, M, shiny|100/100\n|-ability|p1a: Incineroar|Intimidate|boost\n|-unboost|p2a: Girara|atk|1\n|-unboost|p2b: Neroro|atk|1\n|-ability|p2b: Neroro|Intimidate|boost\n|-unboost|p1a: Incineroar|atk|1\n|-unboost|p1b: Farigiraf|atk|1\n|turn|1\n|c|\u2606honguitohola|great minds think alike\n|\n|t:|1776095930\n|move|p1b: Farigiraf|Imprison|p1b: Farigiraf\n|-start|p1b: Farigiraf|move: Imprison\n|move|p1a: Incineroar|Parting Shot|p2b: Neroro\n|-unboost|p2b: Neroro|atk|1\n|-unboost|p2b: Neroro|spa|1\n|\n|t:|1776095948\n|switch|p1a: Reuniclus|Reuniclus, L50, F|100/100|[from] Parting Shot\n|move|p2b: Neroro|Parting Shot|p1a: Reuniclus\n|-unboost|p1a: Reuniclus|atk|1\n|-unboost|p1a: Reuniclus|spa|1\n|\n|t:|1776095953\n|switch|p2b: Lulure|Chandelure, L50, M|100/100|[from] Parting Shot\n|cant|p2a: Girara|move: Imprison|Trick Room\n|\n|upkeep\n|turn|2\n|\n|t:|1776095965\n|switch|p2a: Neroro|Incineroar, L50, M, shiny|100/100\n|-ability|p2a: Neroro|Intimidate|boost\n|-unboost|p1a: Reuniclus|atk|1\n|-unboost|p1b: Farigiraf|atk|1\n|switch|p1a: Incineroar|Incineroar, L50, M|100/100\n|-ability|p1a: Incineroar|Intimidate|boost\n|-unboost|p2a: Neroro|atk|1\n|-unboost|p2b: Lulure|atk|1\n|detailschange|p2b: Lulure|Chandelure-Mega, L50, M\n|-mega|p2b: Lulure|Chandelure|Chandelurite\n|move|p2b: Lulure|Heat Wave|p1a: Incineroar|[spread] p1a,p1b\n|-resisted|p1a: Incineroar|1\n|-damage|p1a: Incineroar|82/100\n|-damage|p1b: Farigiraf|65/100\n|-status|p1b: Farigiraf|brn\n|move|p1b: Farigiraf|Hyper Voice|p2b: Lulure|[spread] p2a\n|-immune|p2b: Lulure\n|-damage|p2a: Neroro|76/100\n|\n|-heal|p1a: Incineroar|88/100|[from] item: Leftovers\n|-damage|p1b: Farigiraf|59/100 brn|[from] brn\n|upkeep\n|turn|3\n|inactive|honguitohola has 30 seconds left.\n|inactive|ghhhersagtas has 30 seconds left.\n|\n|t:|1776095993\n|move|p2b: Lulure|Protect|p2b: Lulure\n|-singleturn|p2b: Lulure|Protect\n|move|p1a: Incineroar|Fake Out|p2a: Neroro\n|-damage|p2a: Neroro|65/100\n|move|p1b: Farigiraf|Hyper Voice|p2b: Lulure|[spread] p2a\n|-activate|p2b: Lulure|move: Protect\n|-damage|p2a: Neroro|43/100\n|cant|p2a: Neroro|flinch\n|\n|-heal|p1a: Incineroar|94/100|[from] item: Leftovers\n|-damage|p1b: Farigiraf|53/100 brn|[from] brn\n|upkeep\n|turn|4\n|\n|t:|1776096010\n|switch|p2b: Tetere|Hatterene, L50, F|100/100\n|move|p1b: Farigiraf|Hyper Voice|p2b: Tetere|[spread] p2a,p2b\n|-damage|p2a: Neroro|19/100\n|-damage|p2b: Tetere|78/100\n|move|p1a: Incineroar|Flare Blitz|p2a: Neroro\n|-resisted|p2a: Neroro|1\n|-damage|p2a: Neroro|0 fnt\n|faint|p2a: Neroro\n|-damage|p1a: Incineroar|88/100|[from] Recoil\n|\n|-heal|p1a: Incineroar|94/100|[from] item: Leftovers\n|-damage|p1b: Farigiraf|48/100 brn|[from] brn\n|upkeep\n|\n|t:|1776096019\n|switch|p2a: Girara|Farigiraf, L50, M|100/100\n|turn|5\n|\n|t:|1776096028\n|move|p1a: Incineroar|Helping Hand|p1b: Farigiraf\n|-singleturn|p1b: Farigiraf|Helping Hand|[of] p1a: Incineroar\n|move|p1b: Farigiraf|Hyper Voice|p2b: Tetere|[spread] p2a,p2b\n|-damage|p2a: Girara|67/100\n|-damage|p2b: Tetere|48/100\n|-enditem|p2b: Tetere|Sitrus Berry|[eat]\n|-heal|p2b: Tetere|73/100|[from] item: Sitrus Berry\n|move|p2a: Girara|Dazzling Gleam|p1a: Incineroar|[spread] p1a,p1b\n|-damage|p1a: Incineroar|79/100\n|-damage|p1b: Farigiraf|33/100 brn\n|move|p2b: Tetere|Dazzling Gleam|p1b: Farigiraf|[spread] p1a,p1b\n|-crit|p1a: Incineroar\n|-damage|p1a: Incineroar|47/100\n|-damage|p1b: Farigiraf|11/100 brn\n|\n|-heal|p1a: Incineroar|54/100|[from] item: Leftovers\n|-damage|p1b: Farigiraf|5/100 brn|[from] brn\n|upkeep\n|turn|6\n|\n|t:|1776096044\n|move|p2b: Tetere|Protect|p2b: Tetere\n|-singleturn|p2b: Tetere|Protect\n|move|p1b: Farigiraf|Hyper Voice|p2b: Tetere|[spread] p2a\n|-activate|p2b: Tetere|move: Protect\n|-damage|p2a: Girara|44/100\n|move|p1a: Incineroar|Flare Blitz|p2a: Girara\n|-damage|p2a: Girara|0 fnt\n|faint|p2a: Girara\n|-damage|p1a: Incineroar|37/100|[from] Recoil\n|\n|-heal|p1a: Incineroar|43/100|[from] item: Leftovers\n|-damage|p1b: Farigiraf|0 fnt|[from] brn\n|faint|p1b: Farigiraf\n|upkeep\n|\n|t:|1776096055\n|switch|p1b: Reuniclus|Reuniclus, L50, F|100/100\n|switch|p2a: Lulure|Chandelure-Mega, L50, M|100/100\n|turn|7\n|\n|t:|1776096065\n|move|p2a: Lulure|Shadow Ball|p1b: Reuniclus\n|-supereffective|p1b: Reuniclus|1\n|-damage|p1b: Reuniclus|11/100\n|move|p1a: Incineroar|Parting Shot|p2a: Lulure\n|-unboost|p2a: Lulure|atk|1\n|-unboost|p2a: Lulure|spa|1\n|\n|t:|1776096069\n|switch|p1a: Crabominable|Crabominable, L50, M|100/100|[from] Parting Shot\n|move|p2b: Tetere|Dazzling Gleam|p1a: Crabominable|[spread] p1a,p1b\n|-supereffective|p1a: Crabominable|1\n|-damage|p1a: Crabominable|32/100\n|-damage|p1b: Reuniclus|0 fnt\n|faint|p1b: Reuniclus\n|\n|upkeep\n|\n|t:|1776096074\n|switch|p1b: Incineroar|Incineroar, L50, M|43/100\n|-ability|p1b: Incineroar|Intimidate|boost\n|-unboost|p2a: Lulure|atk|1\n|-unboost|p2b: Tetere|atk|1\n|turn|8\n|\n|t:|1776096082\n|detailschange|p1a: Crabominable|Crabominable-Mega, L50, M\n|-mega|p1a: Crabominable|Crabominable|Crabominite\n|move|p1b: Incineroar|Fake Out|p2b: Tetere\n|-damage|p2b: Tetere|63/100\n|move|p2a: Lulure|Heat Wave|p1b: Incineroar|[spread] p1a,p1b\n|-supereffective|p1a: Crabominable|1\n|-resisted|p1b: Incineroar|1\n|-damage|p1a: Crabominable|0 fnt\n|-damage|p1b: Incineroar|31/100\n|faint|p1a: Crabominable\n|cant|p2b: Tetere|flinch\n|\n|-heal|p1b: Incineroar|37/100|[from] item: Leftovers\n|upkeep\n|turn|9\n|\n|t:|1776096096\n|move|p2a: Lulure|Shadow Ball|p1b: Incineroar\n|-resisted|p1b: Incineroar|1\n|-damage|p1b: Incineroar|24/100\n|move|p1b: Incineroar|Flare Blitz|p2b: Tetere\n|-damage|p2b: Tetere|19/100\n|-damage|p1b: Incineroar|12/100|[from] Recoil\n|move|p2b: Tetere|Dazzling Gleam|p1b: Incineroar\n|-damage|p1b: Incineroar|0 fnt\n|faint|p1b: Incineroar\n|\n|win|ghhhersagtas\n|raw|honguitohola's rating: 1040 &rarr; <strong>1026</strong><br />(-14 for losing)\n|raw|ghhhersagtas's rating: 1089 &rarr; <strong>1112</strong><br />(+23 for winning)\n|l|\u2606honguitohola\n|player|p1|\n",
  "uploadtime": 1776096107,
  "views": 17,
  "formatid": "gen9championsvgc2026regma",
  "rating": 1026,
  "private": 0,
  "password": null
}