{
  "id": "gen9championsvgc2026regma-2587388188",
  "format": "[Gen 9 Champions] VGC 2026 Reg M-A",
  "players": [
    "theopmidas",
    "Jwz2"
  ],
  "log": "|j|\u2606theopmidas\n|j|\u2606Jwz2\n|t:|1776527659\n|gametype|doubles\n|player|p1|theopmidas|265|1037\n|player|p2|Jwz2|1|1046\n|gen|9\n|tier|[Gen 9 Champions] VGC 2026 Reg M-A\n|rated|\n|rule|Species Clause: Limit one of each Pok\u00e9mon\n|rule|Item Clause: Limit 1 of each item\n|clearpoke\n|poke|p1|Whimsicott, L50, M|\n|poke|p1|Jolteon, L50, F, shiny|\n|poke|p1|Starmie, L50|\n|poke|p1|Pelipper, L50, M, shiny|\n|poke|p1|Slowking-Galar, L50, M, shiny|\n|poke|p1|Corviknight, L50, F, shiny|\n|poke|p2|Beedrill, L50, M|\n|poke|p2|Incineroar, L50, M|\n|poke|p2|Feraligatr, L50, F|\n|poke|p2|Pelipper, L50, F|\n|poke|p2|Archaludon, L50, M|\n|poke|p2|Aegislash, L50, M|\n|teampreview|4\n|\n|t:|1776527688\n|teamsize|p1|4\n|teamsize|p2|4\n|start\n|switch|p1a: Pelipper|Pelipper, L50, M, shiny|100/100\n|switch|p1b: Whimsicott|Whimsicott, L50, M|100/100\n|switch|p2a: Beedrill|Beedrill, L50, M|100/100\n|switch|p2b: Incineroar|Incineroar, L50, M|100/100\n|-weather|RainDance|[from] ability: Drizzle|[of] p1a: Pelipper\n|-ability|p2b: Incineroar|Intimidate|boost\n|-unboost|p1a: Pelipper|atk|1\n|-unboost|p1b: Whimsicott|atk|1\n|turn|1\n|\n|t:|1776527715\n|switch|p1b: Corviknight|Corviknight, L50, F, shiny|100/100\n|detailschange|p2a: Beedrill|Beedrill-Mega, L50, M\n|-mega|p2a: Beedrill|Beedrill|Beedrillite\n|move|p2b: Incineroar|Fake Out|p1a: Pelipper\n|-damage|p1a: Pelipper|89/100\n|move|p2a: Beedrill|Poison Jab|p1b: Corviknight\n|-immune|p1b: Corviknight\n|cant|p1a: Pelipper|flinch\n|\n|-weather|RainDance|[upkeep]\n|upkeep\n|turn|2\n|inactive|Battle timer is ON: inactive players will automatically lose when time's up. (requested by theopmidas)\n|\n|t:|1776527752\n|switch|p2a: Archaludon|Archaludon, L50, M|100/100\n|move|p1b: Corviknight|Iron Defense|p1b: Corviknight\n|-boost|p1b: Corviknight|def|2\n|move|p1a: Pelipper|Tailwind|p1a: Pelipper\n|-sidestart|p1: theopmidas|move: Tailwind\n|move|p2b: Incineroar|Parting Shot|p1b: Corviknight\n|-ability|p1b: Corviknight|Mirror Armor\n|-unboost|p2b: Incineroar|atk|1\n|-ability|p1b: Corviknight|Mirror Armor\n|-unboost|p2b: Incineroar|spa|1\n|\n|t:|1776527767\n|switch|p2b: Pelipper|Pelipper, L50, F|100/100|[from] Parting Shot\n|\n|-weather|RainDance|[upkeep]\n|upkeep\n|turn|3\n|\n|t:|1776527785\n|move|p1b: Corviknight|Body Press|p2a: Archaludon\n|-supereffective|p2a: Archaludon|1\n|-damage|p2a: Archaludon|25/100\n|-ability|p2a: Archaludon|Stamina|boost\n|-boost|p2a: Archaludon|def|1\n|move|p1a: Pelipper|U-turn|p2b: Pelipper\n|-resisted|p2b: Pelipper|1\n|-damage|p2b: Pelipper|97/100\n|\n|t:|1776527792\n|switch|p1a: Jolteon|Jolteon, L50, F, shiny|100/100|[from] U-turn\n|move|p2a: Archaludon|Electro Shot||[still]\n|-prepare|p2a: Archaludon|Electro Shot\n|-boost|p2a: Archaludon|spa|1\n|-anim|p2a: Archaludon|Electro Shot|p1b: Corviknight\n|-supereffective|p1b: Corviknight|1\n|-damage|p1b: Corviknight|0 fnt\n|faint|p1b: Corviknight\n|move|p2b: Pelipper|Tailwind|p2b: Pelipper\n|-sidestart|p2: Jwz2|move: Tailwind\n|\n|-weather|RainDance|[upkeep]\n|upkeep\n|\n|t:|1776527801\n|switch|p1b: Whimsicott|Whimsicott, L50, M|100/100\n|turn|4\n|\n|t:|1776527817\n|move|p1a: Jolteon|Thunder|p2b: Pelipper\n|-supereffective|p2b: Pelipper|2\n|-damage|p2b: Pelipper|0 fnt\n|faint|p2b: Pelipper\n|move|p1b: Whimsicott|Moonblast|p2a: Archaludon\n|-damage|p2a: Archaludon|0 fnt\n|faint|p2a: Archaludon\n|\n|-weather|RainDance|[upkeep]\n|upkeep\n|\n|t:|1776527828\n|switch|p2a: Incineroar|Incineroar, L50, M|100/100\n|switch|p2b: Beedrill|Beedrill-Mega, L50, M|100/100\n|-ability|p2a: Incineroar|Intimidate|boost\n|-unboost|p1a: Jolteon|atk|1\n|-unboost|p1b: Whimsicott|atk|1\n|turn|5\n|inactive|Jwz2 has 30 seconds left.\n|\n|t:|1776527853\n|switch|p1b: Pelipper|Pelipper, L50, M, shiny|89/100\n|move|p2b: Beedrill|Lunge|p1a: Jolteon\n|-damage|p1a: Jolteon|6/100\n|-unboost|p1a: Jolteon|atk|1\n|-enditem|p1a: Jolteon|Sitrus Berry|[eat]\n|-heal|p1a: Jolteon|31/100|[from] item: Sitrus Berry\n|move|p1a: Jolteon|Weather Ball|p2a: Incineroar\n|-supereffective|p2a: Incineroar|1\n|-damage|p2a: Incineroar|32/100\n|-enditem|p2a: Incineroar|Sitrus Berry|[eat]\n|-heal|p2a: Incineroar|57/100|[from] item: Sitrus Berry\n|move|p2a: Incineroar|Flare Blitz|p1a: Jolteon\n|-damage|p1a: Jolteon|0 fnt\n|faint|p1a: Jolteon\n|-damage|p2a: Incineroar|50/100|[from] Recoil\n|\n|-weather|none\n|-sideend|p1: theopmidas|move: Tailwind\n|upkeep\n|\n|t:|1776527869\n|switch|p1a: Whimsicott|Whimsicott, L50, M|100/100\n|turn|6\n|inactive|Jwz2 has 30 seconds left.\n|\n|t:|1776527899\n|move|p2b: Beedrill|Poison Jab|p1a: Whimsicott\n|-supereffective|p1a: Whimsicott|2\n|-enditem|p1a: Whimsicott|Focus Sash\n|-damage|p1a: Whimsicott|1/100\n|move|p2a: Incineroar|Flare Blitz|p1b: Pelipper\n|-resisted|p1b: Pelipper|1\n|-damage|p1b: Pelipper|62/100\n|-damage|p2a: Incineroar|42/100|[from] Recoil\n|move|p1a: Whimsicott|Moonblast|p2a: Incineroar\n|-damage|p2a: Incineroar|12/100\n|move|p1b: Pelipper|Weather Ball|p2b: Beedrill\n|-damage|p2b: Beedrill|77/100\n|\n|-sideend|p2: Jwz2|move: Tailwind\n|upkeep\n|turn|7\n|inactive|Jwz2 has 30 seconds left.\n|\n|t:|1776527927\n|move|p1a: Whimsicott|Tailwind|p1a: Whimsicott\n|-sidestart|p1: theopmidas|move: Tailwind\n|move|p2b: Beedrill|Poison Jab|p1b: Pelipper\n|-damage|p1b: Pelipper|0 fnt\n|faint|p1b: Pelipper\n|move|p2a: Incineroar|Flare Blitz|p1a: Whimsicott\n|-supereffective|p1a: Whimsicott|1\n|-damage|p1a: Whimsicott|0 fnt\n|faint|p1a: Whimsicott\n|-damage|p2a: Incineroar|11/100|[from] Recoil\n|\n|win|Jwz2\n|raw|theopmidas's rating: 1037 &rarr; <strong>1022</strong><br />(-15 for losing)\n|raw|Jwz2's rating: 1046 &rarr; <strong>1078</strong><br />(+32 for winning)\n",
  "uploadtime": 1776527940,
  "views": 38,
  "formatid": "gen9championsvgc2026regma",
  "rating": 1022,
  "private": 0,
  "password": null
}