{
  "id": "gen9championsvgc2026regma-2581161771",
  "format": "[Gen 9 Champions] VGC 2026 Reg M-A",
  "players": [
    "OddToaster",
    "FortuneMC"
  ],
  "log": "|j|\u2606OddToaster\n|j|\u2606FortuneMC\n|t:|1775965874\n|gametype|doubles\n|player|p1|OddToaster|clerkf|1143\n|player|p2|FortuneMC|veteran|1210\n|gen|9\n|tier|[Gen 9 Champions] VGC 2026 Reg M-A\n|rated|\n|rule|Species Clause: Limit one of each Pok\u00e9mon\n|rule|Item Clause: Limit 1 of each item\n|clearpoke\n|poke|p1|Charizard, L50, M|\n|poke|p1|Whimsicott, L50, M|\n|poke|p1|Incineroar, L50, F|\n|poke|p1|Garchomp, L50, M|\n|poke|p1|Gardevoir, L50, M|\n|poke|p1|Rotom-Wash, L50|\n|poke|p2|Whimsicott, L50, M|\n|poke|p2|Incineroar, L50, F|\n|poke|p2|Glimmora, L50, F|\n|poke|p2|Garchomp, L50, M|\n|poke|p2|Kangaskhan, L50, F|\n|poke|p2|Volcarona, L50, M|\n|teampreview|4\n|inactive|Battle timer is ON: inactive players will automatically lose when time's up. (requested by FortuneMC)\n|\n|t:|1775965929\n|teamsize|p1|4\n|teamsize|p2|4\n|start\n|switch|p1a: Garchomp|Garchomp, L50, M|100/100\n|switch|p1b: Whimsicott|Whimsicott, L50, M|100/100\n|switch|p2a: Whimsicott|Whimsicott, L50, M|100/100\n|switch|p2b: Garchomp|Garchomp, L50, M|100/100\n|turn|1\n|\n|t:|1775965947\n|move|p1a: Garchomp|Protect|p1a: Garchomp\n|-singleturn|p1a: Garchomp|Protect\n|move|p1b: Whimsicott|Tailwind|p1b: Whimsicott\n|-sidestart|p1: OddToaster|move: Tailwind\n|move|p2a: Whimsicott|Tailwind|p2a: Whimsicott\n|-sidestart|p2: FortuneMC|move: Tailwind\n|move|p2b: Garchomp|Dragon Claw|p1a: Garchomp\n|-activate|p1a: Garchomp|move: Protect\n|\n|upkeep\n|turn|2\n|\n|t:|1775965970\n|switch|p1a: Rotom|Rotom-Wash, L50|100/100\n|move|p2b: Garchomp|Dragon Claw|p1a: Rotom\n|-damage|p1a: Rotom|55/100\n|move|p1b: Whimsicott|Moonblast|p2b: Garchomp\n|-supereffective|p2b: Garchomp|1\n|-damage|p2b: Garchomp|18/100\n|move|p2a: Whimsicott|Moonblast|p1b: Whimsicott\n|-damage|p1b: Whimsicott|54/100\n|\n|-heal|p1a: Rotom|61/100|[from] item: Leftovers\n|upkeep\n|turn|3\n|inactive|OddToaster has 30 seconds left.\n|\n|t:|1775966003\n|move|p2b: Garchomp|Dragon Claw|p1a: Rotom\n|-damage|p1a: Rotom|13/100\n|move|p1b: Whimsicott|Moonblast|p2a: Whimsicott\n|-damage|p2a: Whimsicott|62/100\n|move|p2a: Whimsicott|Moonblast|p1a: Rotom\n|-damage|p1a: Rotom|0 fnt\n|faint|p1a: Rotom\n|\n|upkeep\n|\n|t:|1775966012\n|switch|p1a: Charizard|Charizard, L50, M|100/100\n|turn|4\n|\n|t:|1775966035\n|move|p2a: Whimsicott|Protect|p2a: Whimsicott\n|-singleturn|p2a: Whimsicott|Protect\n|move|p1a: Charizard|Protect|p1a: Charizard\n|-singleturn|p1a: Charizard|Protect\n|move|p1b: Whimsicott|Encore|p2a: Whimsicott\n|-activate|p2a: Whimsicott|move: Protect\n|move|p2b: Garchomp|Dragon Claw|p1a: Charizard\n|-activate|p1a: Charizard|move: Protect\n|\n|-sideend|p2: FortuneMC|move: Tailwind\n|-sideend|p1: OddToaster|move: Tailwind\n|upkeep\n|turn|5\n|inactive|OddToaster has 30 seconds left.\n|\n|t:|1775966060\n|switch|p2b: Glimmora|Glimmora, L50, F|100/100\n|switch|p1a: Garchomp|Garchomp, L50, M|100/100\n|move|p1b: Whimsicott|Encore|p2a: Whimsicott\n|-start|p2a: Whimsicott|Encore\n|move|p2a: Whimsicott|Protect||[still]\n|-fail|p2a: Whimsicott\n|\n|upkeep\n|turn|6\n|\n|t:|1775966076\n|switch|p1b: Charizard|Charizard, L50, M|100/100\n|switch|p2a: Incineroar|Incineroar, L50, F|100/100\n|-ability|p2a: Incineroar|Intimidate|boost\n|-unboost|p1a: Garchomp|atk|1\n|-unboost|p1b: Charizard|atk|1\n|-enditem|p1a: Garchomp|White Herb\n|-clearnegativeboost|p1a: Garchomp|[silent]\n|detailschange|p2b: Glimmora|Glimmora-Mega, L50, F\n|-mega|p2b: Glimmora|Glimmora|Glimmoranite\n|move|p2b: Glimmora|Spiky Shield|p2b: Glimmora\n|-singleturn|p2b: Glimmora|move: Protect\n|move|p1a: Garchomp|Earthquake|p2b: Glimmora|[spread] p2a\n|-activate|p2b: Glimmora|move: Protect\n|-immune|p1b: Charizard\n|-supereffective|p2a: Incineroar|1\n|-enditem|p2a: Incineroar|Shuca Berry|[eat]\n|-enditem|p2a: Incineroar|Shuca Berry|[weaken]\n|-damage|p2a: Incineroar|72/100\n|\n|upkeep\n|turn|7\n|inactive|OddToaster has 30 seconds left.\n|inactive|FortuneMC has 30 seconds left.\n|inactive|FortuneMC has 20 seconds left.\n|inactive|OddToaster has 20 seconds left.\n|inactive|FortuneMC has 15 seconds left.\n|inactive|OddToaster has 15 seconds left.\n|\n|t:|1775966140\n|switch|p2b: Garchomp|Garchomp, L50, M|18/100\n|switch|p2a: Whimsicott|Whimsicott, L50, M|62/100\n|move|p1b: Charizard|Protect|p1b: Charizard\n|-singleturn|p1b: Charizard|Protect\n|move|p1a: Garchomp|Earthquake|p2b: Garchomp|[spread] p2a,p2b\n|-activate|p1b: Charizard|move: Protect\n|-resisted|p2a: Whimsicott|1\n|-damage|p2a: Whimsicott|39/100\n|-damage|p2b: Garchomp|0 fnt\n|faint|p2b: Garchomp\n|\n|upkeep\n|\n|t:|1775966150\n|switch|p2b: Glimmora|Glimmora-Mega, L50, F|100/100\n|turn|8\n|inactive|FortuneMC has 30 seconds left.\n|\n|t:|1775966176\n|detailschange|p1b: Charizard|Charizard-Mega-Y, L50, M\n|-mega|p1b: Charizard|Charizard|Charizardite Y\n|-weather|SunnyDay|[from] ability: Drought|[of] p1b: Charizard\n|move|p2b: Glimmora|Spiky Shield|p2b: Glimmora\n|-singleturn|p2b: Glimmora|move: Protect\n|move|p2a: Whimsicott|Tailwind|p2a: Whimsicott\n|-sidestart|p2: FortuneMC|move: Tailwind\n|move|p1a: Garchomp|Earthquake|p2b: Glimmora|[spread] p2a\n|-activate|p2b: Glimmora|move: Protect\n|-immune|p1b: Charizard\n|-resisted|p2a: Whimsicott|1\n|-damage|p2a: Whimsicott|17/100\n|move|p1b: Charizard|Heat Wave|p2b: Glimmora|[spread] p2a\n|-activate|p2b: Glimmora|move: Protect\n|-supereffective|p2a: Whimsicott|1\n|-damage|p2a: Whimsicott|0 fnt\n|faint|p2a: Whimsicott\n|\n|-weather|SunnyDay|[upkeep]\n|upkeep\n|\n|t:|1775966184\n|switch|p2a: Incineroar|Incineroar, L50, F|72/100\n|-ability|p2a: Incineroar|Intimidate|boost\n|-unboost|p1a: Garchomp|atk|1\n|-unboost|p1b: Charizard|atk|1\n|turn|9\n|inactive|OddToaster has 30 seconds left.\n|inactive|OddToaster has 20 seconds left.\n|inactive|FortuneMC has 30 seconds left.\n|\n|t:|1775966225\n|switch|p1a: Whimsicott|Whimsicott, L50, M|54/100\n|move|p2a: Incineroar|Fake Out|p1a: Whimsicott\n|-damage|p1a: Whimsicott|38/100\n|move|p2b: Glimmora|Earth Power|p1a: Whimsicott\n|-resisted|p1a: Whimsicott|1\n|-damage|p1a: Whimsicott|9/100\n|move|p1b: Charizard|Weather Ball|p2b: Glimmora\n|-resisted|p2b: Glimmora|1\n|-crit|p2b: Glimmora\n|-damage|p2b: Glimmora|23/100\n|\n|-weather|SunnyDay|[upkeep]\n|upkeep\n|turn|10\n|\n|t:|1775966237\n|move|p1a: Whimsicott|Tailwind|p1a: Whimsicott\n|-sidestart|p1: OddToaster|move: Tailwind\n|move|p2b: Glimmora|Power Gem|p1b: Charizard\n|-supereffective|p1b: Charizard|2\n|-damage|p1b: Charizard|0 fnt\n|faint|p1b: Charizard\n|move|p2a: Incineroar|Flare Blitz|p1a: Whimsicott\n|-supereffective|p1a: Whimsicott|1\n|-damage|p1a: Whimsicott|0 fnt\n|faint|p1a: Whimsicott\n|-damage|p2a: Incineroar|70/100|[from] Recoil\n|\n|-weather|SunnyDay|[upkeep]\n|upkeep\n|\n|t:|1775966240\n|switch|p1b: Garchomp|Garchomp, L50, M|100/100\n|turn|11\n|\n|t:|1775966252\n|move|p1b: Garchomp|Earthquake|p2b: Glimmora|[spread] p2a,p2b\n|-supereffective|p2a: Incineroar|1\n|-supereffective|p2b: Glimmora|2\n|-crit|p2b: Glimmora\n|-damage|p2a: Incineroar|13/100\n|-damage|p2b: Glimmora|0 fnt\n|faint|p2b: Glimmora\n|move|p2a: Incineroar|Darkest Lariat|p1b: Garchomp\n|-damage|p1b: Garchomp|70/100\n|-damage|p2a: Incineroar|1/100|[from] ability: Rough Skin|[of] p1b: Garchomp\n|\n|-weather|SunnyDay|[upkeep]\n|-sideend|p2: FortuneMC|move: Tailwind\n|upkeep\n|turn|12\n|\n|t:|1775966257\n|move|p1b: Garchomp|Earthquake|p2a: Incineroar\n|-supereffective|p2a: Incineroar|1\n|-damage|p2a: Incineroar|0 fnt\n|faint|p2a: Incineroar\n|\n|win|OddToaster\n|raw|OddToaster's rating: 1143 &rarr; <strong>1173</strong><br />(+30 for winning)\n|raw|FortuneMC's rating: 1210 &rarr; <strong>1180</strong><br />(-30 for losing)\n|c|\u2606OddToaster|gg\n|l|\u2606FortuneMC\n|player|p2|\n",
  "uploadtime": 1775966287,
  "views": 17,
  "formatid": "gen9championsvgc2026regma",
  "rating": 1173,
  "private": 0,
  "password": null
}