{
  "id": "gen9championsvgc2026regma-2582049993",
  "format": "[Gen 9 Champions] VGC 2026 Reg M-A",
  "players": [
    "It'sJustKen VGC",
    "badaaabum"
  ],
  "log": "|j|\u2606It'sJustKen VGC\n|j|\u2606badaaabum\n|t:|1776051973\n|gametype|doubles\n|player|p1|It'sJustKen VGC|265|1111\n|player|p2|badaaabum|rocketgrunt|1119\n|gen|9\n|tier|[Gen 9 Champions] VGC 2026 Reg M-A\n|rated|\n|rule|Species Clause: Limit one of each Pok\u00e9mon\n|rule|Item Clause: Limit 1 of each item\n|clearpoke\n|poke|p1|Kingambit, L50, F|\n|poke|p1|Spiritomb, L50, M|\n|poke|p1|Garganacl, L50, F|\n|poke|p1|Hawlucha, L50, F|\n|poke|p1|Clefable, L50, F|\n|poke|p1|Golurk, L50|\n|poke|p2|Espathra, L50, F|\n|poke|p2|Scovillain, L50, M|\n|poke|p2|Gengar, L50, M|\n|poke|p2|Milotic, L50, F|\n|poke|p2|Goodra-Hisui, L50, M|\n|poke|p2|Zoroark-Hisui, L50, M|\n|teampreview|4\n|inactive|Battle timer is ON: inactive players will automatically lose when time's up. (requested by It'sJustKen VGC)\n|\n|t:|1776051997\n|teamsize|p1|4\n|teamsize|p2|4\n|start\n|switch|p1a: Kingambit|Kingambit, L50, F|100/100\n|switch|p1b: Hawlucha|Hawlucha, L50, F|100/100\n|switch|p2a: Espathra|Espathra, L50, F, shiny|100/100\n|switch|p2b: Goodra|Goodra-Hisui, L50, M, shiny|100/100\n|turn|1\n|\n|t:|1776052010\n|detailschange|p1b: Hawlucha|Hawlucha-Mega, L50, F\n|-mega|p1b: Hawlucha|Hawlucha|Hawluchanite\n|move|p1b: Hawlucha|Entrainment|p1a: Kingambit\n|-ability|p1a: Kingambit|No Guard|Defiant|[from] move: Entrainment|[of] p1b: Hawlucha\n|move|p2a: Espathra|Lumina Crash|p1b: Hawlucha\n|-supereffective|p1b: Hawlucha|1\n|-damage|p1b: Hawlucha|22/100\n|-unboost|p1b: Hawlucha|spd|2\n|move|p2b: Goodra|Body Press|p1a: Kingambit\n|-supereffective|p1a: Kingambit|2\n|-damage|p1a: Kingambit|31/100\n|-enditem|p1a: Kingambit|Sitrus Berry|[eat]\n|-heal|p1a: Kingambit|56/100|[from] item: Sitrus Berry\n|move|p1a: Kingambit|Guillotine|p2a: Espathra\n|-enditem|p2a: Espathra|Focus Sash\n|-damage|p2a: Espathra|1/100\n|\n|-ability|p2a: Espathra|Speed Boost|boost\n|-boost|p2a: Espathra|spe|1\n|upkeep\n|turn|2\n|inactive|badaaabum has 30 seconds left.\n|\n|t:|1776052037\n|switch|p1b: Clefable|Clefable, L50, F|100/100\n|move|p2a: Espathra|Protect|p2a: Espathra\n|-singleturn|p2a: Espathra|Protect\n|move|p1a: Kingambit|Protect|p1a: Kingambit\n|-singleturn|p1a: Kingambit|Protect\n|move|p2b: Goodra|Body Press|p1a: Kingambit\n|-activate|p1a: Kingambit|move: Protect\n|\n|-ability|p2a: Espathra|Speed Boost|boost\n|-boost|p2a: Espathra|spe|1\n|upkeep\n|turn|3\n|\n|t:|1776052053\n|move|p1b: Clefable|Follow Me|p1b: Clefable\n|-singleturn|p1b: Clefable|move: Follow Me\n|move|p2a: Espathra|Baton Pass|p2a: Espathra\n|\n|t:|1776052058\n|switch|p2a: Scovillain|Scovillain, L50, M, shiny|100/100|[from] Baton Pass\n|move|p2b: Goodra|Body Press|p1b: Clefable\n|-resisted|p1b: Clefable|1\n|-damage|p1b: Clefable|91/100\n|move|p1a: Kingambit|Guillotine|p2b: Goodra\n|-damage|p2b: Goodra|0 fnt\n|faint|p2b: Goodra\n|-ohko\n|\n|-heal|p1b: Clefable|97/100|[from] item: Leftovers\n|-ability|p2a: Scovillain|Moody|boost\n|-boost|p2a: Scovillain|atk|2\n|-unboost|p2a: Scovillain|spe|1\n|upkeep\n|\n|t:|1776052081\n|switch|p2b: Milotic|Milotic, L50, F, shiny|100/100\n|turn|4\n|\n|t:|1776052104\n|move|p2a: Scovillain|Protect|p2a: Scovillain\n|-singleturn|p2a: Scovillain|Protect\n|move|p1b: Clefable|Protect|p1b: Clefable\n|-singleturn|p1b: Clefable|Protect\n|move|p1a: Kingambit|Protect|p1a: Kingambit\n|-singleturn|p1a: Kingambit|Protect\n|move|p2b: Milotic|Icy Wind|p1b: Clefable|[spread] \n|-activate|p1a: Kingambit|move: Protect\n|-activate|p1b: Clefable|move: Protect\n|\n|-heal|p1b: Clefable|100/100|[from] item: Leftovers\n|-ability|p2a: Scovillain|Moody|boost\n|-boost|p2a: Scovillain|atk|2\n|-unboost|p2a: Scovillain|def|1\n|upkeep\n|turn|5\n|inactive|badaaabum has 30 seconds left.\n|\n|t:|1776052131\n|detailschange|p2a: Scovillain|Scovillain-Mega, L50, M, shiny\n|-mega|p2a: Scovillain|Scovillain|Scovillainite\n|move|p1b: Clefable|Follow Me|p1b: Clefable\n|-singleturn|p1b: Clefable|move: Follow Me\n|move|p2a: Scovillain|Flamethrower|p1b: Clefable\n|-damage|p1b: Clefable|68/100\n|move|p2b: Milotic|Icy Wind|p1b: Clefable|[spread] p1a,p1b\n|-resisted|p1a: Kingambit|1\n|-damage|p1a: Kingambit|52/100\n|-damage|p1b: Clefable|59/100\n|-unboost|p1a: Kingambit|spe|1\n|-unboost|p1b: Clefable|spe|1\n|move|p1a: Kingambit|Guillotine|p2a: Scovillain\n|-damage|p2a: Scovillain|0 fnt\n|-status|p1a: Kingambit|brn|[from] ability: Spicy Spray|[of] p2a: Scovillain\n|faint|p2a: Scovillain\n|-ohko\n|\n|-heal|p1b: Clefable|65/100|[from] item: Leftovers\n|-damage|p1a: Kingambit|46/100 brn|[from] brn\n|upkeep\n|\n|t:|1776052153\n|switch|p2a: Espathra|Espathra, L50, F, shiny|1/100\n|turn|6\n|\n|t:|1776052162\n|move|p1b: Clefable|Follow Me|p1b: Clefable\n|-singleturn|p1b: Clefable|move: Follow Me\n|move|p2a: Espathra|Lumina Crash|p1b: Clefable\n|-damage|p1b: Clefable|34/100\n|-unboost|p1b: Clefable|spd|2\n|move|p2b: Milotic|Scald|p1b: Clefable\n|-damage|p1b: Clefable|0 fnt\n|faint|p1b: Clefable\n|move|p1a: Kingambit|Guillotine|p2b: Milotic\n|-damage|p2b: Milotic|0 fnt\n|faint|p2b: Milotic\n|-ohko\n|\n|-damage|p1a: Kingambit|40/100 brn|[from] brn\n|-ability|p2a: Espathra|Speed Boost|boost\n|-boost|p2a: Espathra|spe|1\n|upkeep\n|\n|t:|1776052172\n|switch|p1b: Spiritomb|Spiritomb, L50, M|100/100\n|turn|7\n|-message|badaaabum forfeited.\n|\n|win|It'sJustKen VGC\n|raw|It&apos;sJustKen VGC's rating: 1111 &rarr; <strong>1137</strong><br />(+26 for winning)\n|raw|badaaabum's rating: 1119 &rarr; <strong>1093</strong><br />(-26 for losing)\n|l|\u2606badaaabum\n|player|p2|\n",
  "uploadtime": 1776052187,
  "views": 10,
  "formatid": "gen9championsvgc2026regma",
  "rating": 1093,
  "private": 0,
  "password": null
}