{
  "id": "gen9championsvgc2026regma-2583086338",
  "format": "[Gen 9 Champions] VGC 2026 Reg M-A",
  "players": [
    "SkelyStealth",
    "Chococroc"
  ],
  "log": "|j|\u2606SkelyStealth\n|j|\u2606Chococroc\n|t:|1776140405\n|gametype|doubles\n|player|p1|SkelyStealth|yellow|1511\n|player|p2|Chococroc|pokemaniac|1436\n|gen|9\n|tier|[Gen 9 Champions] VGC 2026 Reg M-A\n|rated|\n|rule|Species Clause: Limit one of each Pok\u00e9mon\n|rule|Item Clause: Limit 1 of each item\n|clearpoke\n|poke|p1|Farigiraf, L50, F|\n|poke|p1|Mimikyu, L50, M|\n|poke|p1|Incineroar, L50, F|\n|poke|p1|Torkoal, L50, M|\n|poke|p1|Crabominable, L50, M|\n|poke|p1|Chandelure, L50, M|\n|poke|p2|Gengar, L50, F|\n|poke|p2|Snorlax, L50, M|\n|poke|p2|Politoed, L50, M|\n|poke|p2|Archaludon, L50, F|\n|poke|p2|Kommo-o, L50, M|\n|poke|p2|Sinistcha-Masterpiece, L50|\n|teampreview|4\n|inactive|Battle timer is ON: inactive players will automatically lose when time's up. (requested by SkelyStealth)\n|inactive|SkelyStealth has 60 seconds left.\n|j| abdisabdisabdi\n|inactive|SkelyStealth has 30 seconds left.\n|inactive|SkelyStealth has 20 seconds left.\n|inactive|SkelyStealth has 15 seconds left.\n|\n|t:|1776140488\n|teamsize|p1|4\n|teamsize|p2|4\n|start\n|switch|p1a: I'm Nobody|Mimikyu, L50, M|100/100\n|switch|p1b: Kani|Crabominable, L50, M|100/100\n|switch|p2a: Gengar|Gengar, L50, F|100/100\n|switch|p2b: Snorlax|Snorlax, L50, M|100/100\n|turn|1\n|inactive|SkelyStealth has 30 seconds left.\n|\n|t:|1776140520\n|detailschange|p2a: Gengar|Gengar-Mega, L50, F\n|-mega|p2a: Gengar|Gengar|Gengarite\n|detailschange|p1b: Kani|Crabominable-Mega, L50, M\n|-mega|p1b: Kani|Crabominable|Crabominite\n|move|p2a: Gengar|Sludge Bomb|p1b: Kani\n|-damage|p1b: Kani|49/100\n|-status|p1b: Kani|psn\n|move|p1b: Kani|Ice Hammer|p2b: Snorlax|[miss]\n|-miss|p1b: Kani|p2b: Snorlax\n|move|p2b: Snorlax|Yawn|p1a: I'm Nobody\n|-start|p1a: I'm Nobody|move: Yawn|[of] p2b: Snorlax\n|move|p1a: I'm Nobody|Trick Room|p1a: I'm Nobody\n|-fieldstart|move: Trick Room|[of] p1a: I'm Nobody\n|\n|-damage|p1b: Kani|36/100 psn|[from] psn\n|upkeep\n|turn|2\n|inactive|Chococroc has 30 seconds left.\n|\n|t:|1776140551\n|switch|p1a: Lazy Cat|Incineroar, L50, F|100/100\n|-ability|p1a: Lazy Cat|Intimidate|boost\n|-unboost|p2a: Gengar|atk|1\n|-unboost|p2b: Snorlax|atk|1\n|move|p2b: Snorlax|Body Slam|p1b: Kani\n|-damage|p1b: Kani|20/100 psn\n|move|p1b: Kani|Drain Punch|p2b: Snorlax\n|-supereffective|p2b: Snorlax|1\n|-damage|p2b: Snorlax|24/100\n|-heal|p1b: Kani|70/100 psn|[from] drain|[of] p2b: Snorlax\n|move|p2a: Gengar|Shadow Ball|p1b: Kani\n|-damage|p1b: Kani|28/100 psn\n|\n|-heal|p2b: Snorlax|30/100|[from] item: Leftovers\n|-damage|p1b: Kani|16/100 psn|[from] psn\n|upkeep\n|turn|3\n|\n|t:|1776140574\n|move|p2b: Snorlax|Protect|p2b: Snorlax\n|-singleturn|p2b: Snorlax|Protect\n|move|p2a: Gengar|Protect|p2a: Gengar\n|-singleturn|p2a: Gengar|Protect\n|move|p1b: Kani|Mach Punch|p2b: Snorlax\n|-activate|p2b: Snorlax|move: Protect\n|move|p1a: Lazy Cat|Darkest Lariat|p2a: Gengar\n|-activate|p2a: Gengar|move: Protect\n|\n|-heal|p2b: Snorlax|36/100|[from] item: Leftovers\n|-damage|p1b: Kani|4/100 psn|[from] psn\n|upkeep\n|turn|4\n|\n|t:|1776140584\n|switch|p2a: Archaludon|Archaludon, L50, F|100/100\n|move|p1b: Kani|Mach Punch|p2b: Snorlax\n|-supereffective|p2b: Snorlax|1\n|-damage|p2b: Snorlax|0 fnt\n|faint|p2b: Snorlax\n|move|p1a: Lazy Cat|Darkest Lariat|p2a: Archaludon\n|-damage|p2a: Archaludon|70/100\n|-ability|p2a: Archaludon|Stamina|boost\n|-boost|p2a: Archaludon|def|1\n|\n|-damage|p1b: Kani|0 fnt|[from] psn\n|faint|p1b: Kani\n|upkeep\n|j| Mistrand2\n|\n|t:|1776140603\n|switch|p2b: Gengar|Gengar-Mega, L50, F|100/100\n|switch|p1b: I'm Nobody|Mimikyu, L50, M|100/100\n|turn|5\n|l| abdisabdisabdi\n|inactive|SkelyStealth has 30 seconds left.\n|inactive|SkelyStealth has 20 seconds left.\n|inactive|SkelyStealth has 15 seconds left.\n|\n|t:|1776140646\n|switch|p1b: Sun's up|Torkoal, L50, M|100/100\n|-weather|SunnyDay|[from] ability: Drought|[of] p1b: Sun's up\n|move|p2b: Gengar|Protect|p2b: Gengar\n|-singleturn|p2b: Gengar|Protect\n|move|p1a: Lazy Cat|Darkest Lariat|p2a: Archaludon\n|-damage|p2a: Archaludon|38/100\n|-ability|p2a: Archaludon|Stamina|boost\n|-boost|p2a: Archaludon|def|1\n|move|p2a: Archaludon|Flash Cannon|p1b: Sun's up\n|-resisted|p1b: Sun's up|1\n|-damage|p1b: Sun's up|70/100\n|\n|-weather|SunnyDay|[upkeep]\n|-fieldend|move: Trick Room\n|upkeep\n|turn|6\n|j| sorzee\n|\n|t:|1776140660\n|switch|p2b: Politoed|Politoed, L50, M|100/100\n|-weather|RainDance|[from] ability: Drizzle|[of] p2b: Politoed\n|move|p2a: Archaludon|Electro Shot||[still]\n|-prepare|p2a: Archaludon|Electro Shot\n|-boost|p2a: Archaludon|spa|1\n|-anim|p2a: Archaludon|Electro Shot|p1b: Sun's up\n|-damage|p1b: Sun's up|0 fnt\n|faint|p1b: Sun's up\n|move|p1a: Lazy Cat|Flare Blitz|p2b: Politoed\n|-resisted|p2b: Politoed|1\n|-damage|p2b: Politoed|87/100\n|-damage|p1a: Lazy Cat|96/100|[from] Recoil\n|\n|-weather|RainDance|[upkeep]\n|upkeep\n|\n|t:|1776140664\n|switch|p1b: I'm Nobody|Mimikyu, L50, M|100/100\n|turn|7\n|\n|t:|1776140673\n|move|p2a: Archaludon|Electro Shot||[still]\n|-prepare|p2a: Archaludon|Electro Shot\n|-boost|p2a: Archaludon|spa|1\n|-anim|p2a: Archaludon|Electro Shot|p1a: Lazy Cat\n|-damage|p1a: Lazy Cat|15/100\n|move|p2b: Politoed|Perish Song|p2b: Politoed\n|-start|p1a: Lazy Cat|perish3|[silent]\n|-start|p1b: I'm Nobody|perish3|[silent]\n|-start|p2a: Archaludon|perish3|[silent]\n|-start|p2b: Politoed|perish3|[silent]\n|-fieldactivate|move: Perish Song\n|move|p1a: Lazy Cat|Darkest Lariat|p2a: Archaludon\n|-damage|p2a: Archaludon|6/100\n|-ability|p2a: Archaludon|Stamina|boost\n|-boost|p2a: Archaludon|def|1\n|move|p1b: I'm Nobody|Trick Room|p1b: I'm Nobody\n|-fieldstart|move: Trick Room|[of] p1b: I'm Nobody\n|\n|-weather|RainDance|[upkeep]\n|-start|p1a: Lazy Cat|perish3\n|-start|p2b: Politoed|perish3\n|-start|p1b: I'm Nobody|perish3\n|-start|p2a: Archaludon|perish3\n|upkeep\n|turn|8\n|\n|t:|1776140685\n|move|p2b: Politoed|Protect|p2b: Politoed\n|-singleturn|p2b: Politoed|Protect\n|move|p2a: Archaludon|Protect|p2a: Archaludon\n|-singleturn|p2a: Archaludon|Protect\n|move|p1a: Lazy Cat|Darkest Lariat|p2a: Archaludon\n|-activate|p2a: Archaludon|move: Protect\n|move|p1b: I'm Nobody|Wood Hammer|p2b: Politoed\n|-activate|p2b: Politoed|move: Protect\n|\n|-weather|RainDance|[upkeep]\n|-start|p1a: Lazy Cat|perish2\n|-start|p2b: Politoed|perish2\n|-start|p1b: I'm Nobody|perish2\n|-start|p2a: Archaludon|perish2\n|upkeep\n|turn|9\n|\n|t:|1776140695\n|move|p1a: Lazy Cat|Darkest Lariat|p2a: Archaludon\n|-damage|p2a: Archaludon|0 fnt\n|faint|p2a: Archaludon\n|move|p2b: Politoed|Muddy Water|p1b: I'm Nobody|[spread] p1a,p1b\n|-supereffective|p1a: Lazy Cat|1\n|-damage|p1a: Lazy Cat|0 fnt\n|-activate|p1b: I'm Nobody|ability: Disguise\n|-damage|p1b: I'm Nobody|100/100\n|detailschange|p1b: I'm Nobody|Mimikyu-Busted, L50, M\n|-damage|p1b: I'm Nobody|88/100|[from] pokemon: Mimikyu-Busted\n|faint|p1a: Lazy Cat\n|move|p1b: I'm Nobody|Wood Hammer|p2b: Politoed\n|-supereffective|p2b: Politoed|1\n|-damage|p2b: Politoed|32/100\n|-enditem|p2b: Politoed|Sitrus Berry|[eat]\n|-heal|p2b: Politoed|57/100|[from] item: Sitrus Berry\n|-damage|p1b: I'm Nobody|66/100|[from] Recoil\n|\n|-weather|RainDance|[upkeep]\n|-start|p2b: Politoed|perish1\n|-start|p1b: I'm Nobody|perish1\n|upkeep\n|\n|t:|1776140698\n|switch|p2a: Gengar|Gengar-Mega, L50, F|100/100\n|turn|10\n|c|\u2606SkelyStealth|gg\n|\n|t:|1776140705\n|move|p2b: Politoed|Protect|p2b: Politoed\n|-singleturn|p2b: Politoed|Protect\n|move|p2a: Gengar|Protect|p2a: Gengar\n|-singleturn|p2a: Gengar|Protect\n|move|p1b: I'm Nobody|Trick Room|p1b: I'm Nobody\n|-fieldend|move: Trick Room\n|\n|-weather|none\n|-start|p1b: I'm Nobody|perish0\n|-start|p2b: Politoed|perish0\n|faint|p1b: I'm Nobody\n|faint|p2b: Politoed\n|\n|win|Chococroc\n|raw|SkelyStealth's rating: 1511 &rarr; <strong>1487</strong><br />(-24 for losing)\n|raw|Chococroc's rating: 1436 &rarr; <strong>1460</strong><br />(+24 for winning)\n|l|\u2606Chococroc\n|player|p2|\n",
  "uploadtime": 1776140722,
  "views": 82,
  "formatid": "gen9championsvgc2026regma",
  "rating": 1460,
  "private": 0,
  "password": null
}