{
  "id": "gen9championsvgc2026regma-2588404807",
  "format": "[Gen 9 Champions] VGC 2026 Reg M-A",
  "players": [
    "Metroshock",
    "5camp"
  ],
  "log": "|j|\u2606Metroshock\n|j|\u26065camp\n|t:|1776630713\n|gametype|doubles\n|player|p1|Metroshock|miku-fire|1448\n|player|p2|5camp|reporter|1473\n|gen|9\n|tier|[Gen 9 Champions] VGC 2026 Reg M-A\n|rated|\n|rule|Species Clause: Limit one of each Pok\u00e9mon\n|rule|Item Clause: Limit 1 of each item\n|clearpoke\n|poke|p1|Crabominable, L50, F|\n|poke|p1|Basculegion, L50, M|\n|poke|p1|Sinistcha, L50|\n|poke|p1|Archaludon, L50, M|\n|poke|p1|Pelipper, L50, M|\n|poke|p1|Incineroar, L50, M|\n|poke|p2|Dragapult, L50, M|\n|poke|p2|Sneasler, L50, M|\n|poke|p2|Blastoise, L50, M|\n|poke|p2|Arcanine, L50, F|\n|poke|p2|Whimsicott, L50, F|\n|poke|p2|Lucario, L50, M|\n|teampreview|4\nMetroshock has agreed to open team sheets.\n|\n|t:|1776630753\n|teamsize|p1|4\n|teamsize|p2|4\n|start\n|switch|p1a: Basc in glory|Basculegion, L50, M|100/100\n|switch|p1b: The fish eater|Pelipper, L50, M|100/100\n|switch|p2a: Arcanine|Arcanine, L50, F|100/100\n|switch|p2b: Dragapult|Dragapult, L50, M|100/100\n|-weather|RainDance|[from] ability: Drizzle|[of] p1b: The fish eater\n|-ability|p2a: Arcanine|Intimidate|boost\n|-unboost|p1a: Basc in glory|atk|1\n|-unboost|p1b: The fish eater|atk|1\n|turn|1\n|\n|t:|1776630774\n|switch|p2a: Blastoise|Blastoise, L50, M|100/100\n|move|p2b: Dragapult|Dragon Darts|p1a: Basc in glory\n|-damage|p1a: Basc in glory|69/100\n|-anim|p2b: Dragapult|Dragon Darts|p1b: The fish eater\n|-damage|p1b: The fish eater|68/100\n|move|p1a: Basc in glory|Wave Crash|p2a: Blastoise\n|-resisted|p2a: Blastoise|1\n|-damage|p2a: Blastoise|60/100\n|-damage|p1a: Basc in glory|57/100|[from] Recoil\n|move|p1b: The fish eater|Tailwind|p1b: The fish eater\n|-sidestart|p1: Metroshock|move: Tailwind\n|\n|-weather|RainDance|[upkeep]\n|upkeep\n|turn|2\n|j| HappyLiga\n|\n|t:|1776630805\n|detailschange|p2a: Blastoise|Blastoise-Mega, L50, M\n|-mega|p2a: Blastoise|Blastoise|Blastoisinite\n|move|p1a: Basc in glory|Wave Crash|p2b: Dragapult\n|-resisted|p2b: Dragapult|1\n|-damage|p2b: Dragapult|51/100\n|-damage|p1a: Basc in glory|41/100|[from] Recoil\n|move|p1b: The fish eater|Hurricane|p2a: Blastoise\n|-damage|p2a: Blastoise|11/100\n|-start|p2a: Blastoise|confusion\n|move|p2b: Dragapult|Draco Meteor|p1a: Basc in glory\n|-damage|p1a: Basc in glory|0 fnt\n|-unboost|p2b: Dragapult|spa|2\n|faint|p1a: Basc in glory\n|-activate|p2a: Blastoise|confusion\n|move|p2a: Blastoise|Dark Pulse|p1b: The fish eater\n|-damage|p1b: The fish eater|0 fnt\n|faint|p1b: The fish eater\n|\n|-weather|RainDance|[upkeep]\n|upkeep\n|\n|t:|1776630820\n|switch|p1a: Super Fly|Archaludon, L50, M|100/100\n|switch|p1b: BIG ROG|Crabominable, L50, F|100/100\n|turn|3\n|\n|t:|1776630842\n|switch|p2b: Arcanine|Arcanine, L50, F|100/100\n|-ability|p2b: Arcanine|Intimidate|boost\n|-unboost|p1a: Super Fly|atk|1\n|-fail|p1b: BIG ROG|unboost|Attack|[from] ability: Hyper Cutter|[of] p1b: BIG ROG\n|move|p1b: BIG ROG|Mach Punch|p2a: Blastoise\n|-damage|p2a: Blastoise|0 fnt\n|faint|p2a: Blastoise\n|move|p1a: Super Fly|Electro Shot||[still]\n|-prepare|p1a: Super Fly|Electro Shot\n|-boost|p1a: Super Fly|spa|1\n|-anim|p1a: Super Fly|Electro Shot|p2b: Arcanine\n|-damage|p2b: Arcanine|45/100\n|-enditem|p2b: Arcanine|Sitrus Berry|[eat]\n|-heal|p2b: Arcanine|70/100|[from] item: Sitrus Berry\n|\n|-weather|RainDance|[upkeep]\n|upkeep\n|\n|t:|1776630854\n|switch|p2a: Whimsicott|Whimsicott, L50, F|100/100\n|turn|4\n|\n|t:|1776630870\n|detailschange|p1b: BIG ROG|Crabominable-Mega, L50, F\n|-mega|p1b: BIG ROG|Crabominable|Crabominite\n|move|p2a: Whimsicott|Encore|p1b: BIG ROG\n|-start|p1b: BIG ROG|Encore\n|move|p1b: BIG ROG|Mach Punch|p2b: Arcanine\n|-damage|p2b: Arcanine|44/100\n|move|p1a: Super Fly|Flash Cannon|p2a: Whimsicott\n|-supereffective|p2a: Whimsicott|1\n|-enditem|p2a: Whimsicott|Focus Sash\n|-damage|p2a: Whimsicott|1/100\n|move|p2b: Arcanine|Snarl|p1a: Super Fly|[spread] p1a,p1b\n|-resisted|p1b: BIG ROG|1\n|-damage|p1a: Super Fly|92/100\n|-damage|p1b: BIG ROG|97/100\n|-unboost|p1a: Super Fly|spa|1\n|-unboost|p1b: BIG ROG|spa|1\n|-ability|p1a: Super Fly|Stamina|boost\n|-boost|p1a: Super Fly|def|1\n|\n|-weather|RainDance|[upkeep]\n|-heal|p1a: Super Fly|98/100|[from] item: Leftovers\n|-sideend|p1: Metroshock|move: Tailwind\n|upkeep\n|turn|5\n|\n|t:|1776630894\n|move|p2a: Whimsicott|Protect|p2a: Whimsicott\n|-singleturn|p2a: Whimsicott|Protect\n|move|p1b: BIG ROG|Mach Punch|p2a: Whimsicott\n|-activate|p2a: Whimsicott|move: Protect\n|move|p2b: Arcanine|Will-O-Wisp|p1b: BIG ROG\n|-status|p1b: BIG ROG|brn\n|move|p1a: Super Fly|Electro Shot||[still]\n|-prepare|p1a: Super Fly|Electro Shot\n|-boost|p1a: Super Fly|spa|1\n|-anim|p1a: Super Fly|Electro Shot|p2b: Arcanine\n|-damage|p2b: Arcanine|0 fnt\n|faint|p2b: Arcanine\n|\n|-weather|none\n|-heal|p1a: Super Fly|100/100|[from] item: Leftovers\n|-damage|p1b: BIG ROG|91/100 brn|[from] brn\n|upkeep\n|\n|t:|1776630907\n|switch|p2b: Dragapult|Dragapult, L50, M|51/100\n|turn|6\n|\n|t:|1776630924\n|move|p1a: Super Fly|Protect|p1a: Super Fly\n|-singleturn|p1a: Super Fly|Protect\n|move|p2a: Whimsicott|Encore|p1a: Super Fly\n|-activate|p1a: Super Fly|move: Protect\n|move|p1b: BIG ROG|Mach Punch|p2a: Whimsicott\n|-resisted|p2a: Whimsicott|1\n|-damage|p2a: Whimsicott|0 fnt\n|faint|p2a: Whimsicott\n|move|p2b: Dragapult|Draco Meteor|p1a: Super Fly\n|-activate|p1a: Super Fly|move: Protect\n|\n|-damage|p1b: BIG ROG|85/100 brn|[from] brn\n|-end|p1b: BIG ROG|Encore\n|upkeep\n|turn|7\n|\n|t:|1776630935\n|move|p2b: Dragapult|Draco Meteor|p1a: Super Fly\n|-damage|p1a: Super Fly|47/100\n|-unboost|p2b: Dragapult|spa|2\n|-ability|p1a: Super Fly|Stamina|boost\n|-boost|p1a: Super Fly|def|1\n|move|p1a: Super Fly|Dragon Pulse|p2b: Dragapult\n|-supereffective|p2b: Dragapult|1\n|-damage|p2b: Dragapult|0 fnt\n|faint|p2b: Dragapult\n|\n|win|Metroshock\n|raw|Metroshock's rating: 1448 &rarr; <strong>1469</strong><br />(+21 for winning)\n|raw|5camp's rating: 1473 &rarr; <strong>1452</strong><br />(-21 for losing)\n",
  "uploadtime": 1776630936,
  "views": 14,
  "formatid": "gen9championsvgc2026regma",
  "rating": 1452,
  "private": 0,
  "password": null
}