{
  "id": "gen9championsvgc2026regma-2588841781",
  "format": "[Gen 9 Champions] VGC 2026 Reg M-A",
  "players": [
    "FlareReshirams",
    "SwolmanVGC"
  ],
  "log": "|j|\u2606FlareReshirams\n|j|\u2606SwolmanVGC\n|t:|1776677434\n|gametype|doubles\n|player|p1|FlareReshirams|hilbert-wonderlauncher|1270\n|player|p2|SwolmanVGC|266|1265\n|gen|9\n|tier|[Gen 9 Champions] VGC 2026 Reg M-A\n|rated|\n|rule|Species Clause: Limit one of each Pok\u00e9mon\n|rule|Item Clause: Limit 1 of each item\n|clearpoke\n|poke|p1|Skarmory, L50, F|\n|poke|p1|Garchomp, L50, F|\n|poke|p1|Basculegion, L50, M|\n|poke|p1|Raichu, L50, M|\n|poke|p1|Glimmora, L50, M|\n|poke|p1|Hatterene, L50, F|\n|poke|p2|Tyranitar, L50, M, shiny|\n|poke|p2|Meganium, L50, F, shiny|\n|poke|p2|Basculegion, L50, M, shiny|\n|poke|p2|Garchomp, L50, M, shiny|\n|poke|p2|Sneasler, L50, F, shiny|\n|poke|p2|Aerodactyl, L50, M, shiny|\n|teampreview|4\n|\n|t:|1776677468\n|teamsize|p1|4\n|teamsize|p2|4\n|start\n|switch|p1a: Skarmory|Skarmory, L50, F|100/100\n|switch|p1b: Raichu|Raichu, L50, M|100/100\n|switch|p2a: Aerodactyl|Aerodactyl, L50, M, shiny|100/100\n|switch|p2b: Garchomp|Garchomp, L50, M, shiny|100/100\n|-ability|p2a: Aerodactyl|Unnerve\n|turn|1\n|inactive|Battle timer is ON: inactive players will automatically lose when time's up. (requested by SwolmanVGC)\n|\n|t:|1776677493\n|move|p1b: Raichu|Fake Out|p2a: Aerodactyl\n|-resisted|p2a: Aerodactyl|1\n|-damage|p2a: Aerodactyl|94/100\n|cant|p2a: Aerodactyl|flinch\n|move|p2b: Garchomp|Rock Slide|p1b: Raichu|[spread] p1a,p1b\n|-damage|p1a: Skarmory|83/100\n|-damage|p1b: Raichu|57/100\n|move|p1a: Skarmory|Tailwind|p1a: Skarmory\n|-sidestart|p1: FlareReshirams|move: Tailwind\n|\n|upkeep\n|turn|2\n|\n|t:|1776677516\n|detailschange|p1a: Skarmory|Skarmory-Mega, L50, F\n|-mega|p1a: Skarmory|Skarmory|Skarmorite\n|move|p1b: Raichu|Endeavor|p2b: Garchomp\n|-damage|p2b: Garchomp|38/100\n|-damage|p1b: Raichu|44/100|[from] ability: Rough Skin|[of] p2b: Garchomp\n|move|p1a: Skarmory|Iron Head|p2a: Aerodactyl\n|-supereffective|p2a: Aerodactyl|1\n|-damage|p2a: Aerodactyl|0 fnt\n|faint|p2a: Aerodactyl\n|move|p2b: Garchomp|Rock Slide|p1b: Raichu|[spread] p1a,p1b\n|-damage|p1a: Skarmory|61/100\n|-damage|p1b: Raichu|0 fnt\n|faint|p1b: Raichu\n|\n|upkeep\n|\n|t:|1776677530\n|switch|p2a: Meganium|Meganium, L50, F, shiny|100/100\n|switch|p1b: Basculegion|Basculegion, L50, M|100/100\n|turn|3\n|\n|t:|1776677554\n|move|p1b: Basculegion|Last Respects|p2a: Meganium\n|-damage|p2a: Meganium|37/100\n|move|p1a: Skarmory|Iron Head|p2a: Meganium\n|-damage|p2a: Meganium|0 fnt\n|faint|p2a: Meganium\n|move|p2b: Garchomp|Rock Slide|p1a: Skarmory|[spread] p1a,p1b\n|-damage|p1a: Skarmory|39/100\n|-damage|p1b: Basculegion|75/100\n|\n|upkeep\n|\n|t:|1776677560\n|switch|p2a: Basculegion|Basculegion, L50, M, shiny|100/100\n|turn|4\n|\n|t:|1776677575\n|move|p1b: Basculegion|Last Respects|p2a: Basculegion\n|-supereffective|p2a: Basculegion|1\n|-damage|p2a: Basculegion|0 fnt\n|faint|p2a: Basculegion\n|move|p1a: Skarmory|Dual Wingbeat|p2b: Garchomp\n|-damage|p2b: Garchomp|20/100\n|-damage|p1a: Skarmory|27/100|[from] ability: Rough Skin|[of] p2b: Garchomp\n|-damage|p2b: Garchomp|2/100\n|-damage|p1a: Skarmory|15/100|[from] ability: Rough Skin|[of] p2b: Garchomp\n|-hitcount|p2b: Garchomp|2\n|move|p2b: Garchomp|Rock Slide|p1a: Skarmory|[spread] p1a,p1b\n|-damage|p1a: Skarmory|0 fnt\n|-damage|p1b: Basculegion|48/100\n|faint|p1a: Skarmory\n|\n|-sideend|p1: FlareReshirams|move: Tailwind\n|upkeep\n|\n|t:|1776677585\n|switch|p1a: Glimmora|Glimmora, L50, M|100/100\n|turn|5\n|\n|t:|1776677591\n|move|p1b: Basculegion|Last Respects|p2b: Garchomp\n|-damage|p2b: Garchomp|0 fnt\n|faint|p2b: Garchomp\n|\n|win|FlareReshirams\n|raw|FlareReshirams's rating: 1270 &rarr; <strong>1295</strong><br />(+25 for winning)\n|raw|SwolmanVGC's rating: 1265 &rarr; <strong>1240</strong><br />(-25 for losing)\n|l|\u2606SwolmanVGC\n|player|p2|\n",
  "uploadtime": 1776678824,
  "views": 14,
  "formatid": "gen9championsvgc2026regma",
  "rating": 1240,
  "private": 0,
  "password": null
}