{
  "id": "gen9championsvgc2026regma-2588593267",
  "format": "[Gen 9 Champions] VGC 2026 Reg M-A",
  "players": [
    "Drunklombre",
    "sdlt 2krl coolguy"
  ],
  "log": "|raw|<div class=\"broadcast-blue\"><strong>This battle is required to be public due to a player having a name starting with 'sdlt'.</div>\n|j|\u2606Drunklombre\n|j|\u2606sdlt 2krl coolguy\n|t:|1776648244\n|gametype|doubles\n|player|p1|Drunklombre|266|1312\n|player|p2|sdlt 2krl coolguy|leon-masters2|1342\n|gen|9\n|tier|[Gen 9 Champions] VGC 2026 Reg M-A\n|rated|\n|rule|Species Clause: Limit one of each Pok\u00e9mon\n|rule|Item Clause: Limit 1 of each item\n|clearpoke\n|poke|p1|Slowking, L50, M|\n|poke|p1|Incineroar, L50, F|\n|poke|p1|Crabominable, L50, F|\n|poke|p1|Hatterene, L50, F|\n|poke|p1|Tsareena, L50, F|\n|poke|p1|Camerupt, L50, M|\n|poke|p2|Floette-Eternal, L50, F|\n|poke|p2|Incineroar, L50, F|\n|poke|p2|Sinistcha, L50|\n|poke|p2|Garchomp, L50, F|\n|poke|p2|Sneasler, L50, M|\n|poke|p2|Kingambit, L50, M|\n|teampreview|4\n|inactive|Battle timer is ON: inactive players will automatically lose when time's up. (requested by sdlt 2krl coolguy)\n|inactive|Drunklombre also wants the timer to be on.\n|inactive|sdlt 2krl coolguy has 60 seconds left.\n|\n|t:|1776648279\n|teamsize|p1|4\n|teamsize|p2|4\n|start\n|switch|p1a: Hatterene|Hatterene, L50, F|100/100\n|switch|p1b: Camerupt|Camerupt, L50, M|100/100\n|switch|p2a: Sinistcha|Sinistcha, L50|100/100\n|switch|p2b: Floette|Floette-Eternal, L50, F|100/100\n|turn|1\n|inactive|Drunklombre has 30 seconds left.\n|\n|t:|1776648314\n|detailschange|p2b: Floette|Floette-Mega, L50, F\n|-mega|p2b: Floette|Floette|Floettite\n|-ability|p2b: Floette|Fairy Aura\n|move|p2b: Floette|Moonblast|p1b: Camerupt\n|-resisted|p1b: Camerupt|1\n|-damage|p1b: Camerupt|51/100\n|move|p1b: Camerupt|Heat Wave|p2a: Sinistcha|[spread] p2b\n|-miss|p1b: Camerupt|p2a: Sinistcha\n|-damage|p2b: Floette|77/100\n|-status|p2b: Floette|brn\n|move|p2a: Sinistcha|Trick Room|p2a: Sinistcha\n|-fieldstart|move: Trick Room|[of] p2a: Sinistcha\n|move|p1a: Hatterene|Trick Room|p1a: Hatterene\n|-fieldend|move: Trick Room\n|\n|-damage|p2b: Floette|71/100 brn|[from] brn\n|upkeep\n|turn|2\n|\n|t:|1776648333\n|detailschange|p1b: Camerupt|Camerupt-Mega, L50, M\n|-mega|p1b: Camerupt|Camerupt|Cameruptite\n|move|p1a: Hatterene|Protect|p1a: Hatterene\n|-singleturn|p1a: Hatterene|Protect\n|move|p2b: Floette|Moonblast|p1a: Hatterene\n|-activate|p1a: Hatterene|move: Protect\n|move|p2a: Sinistcha|Matcha Gotcha|p1b: Camerupt|[spread] \n|-activate|p1a: Hatterene|move: Protect\n|-miss|p2a: Sinistcha|p1b: Camerupt\n|move|p1b: Camerupt|Heat Wave|p2b: Floette|[spread] p2a,p2b\n|-supereffective|p2a: Sinistcha|1\n|-damage|p2a: Sinistcha|0 fnt\n|-damage|p2b: Floette|31/100 brn\n|faint|p2a: Sinistcha\n|\n|-damage|p2b: Floette|25/100 brn|[from] brn\n|upkeep\n|\n|t:|1776648344\n|switch|p2a: Incineroar|Incineroar, L50, F|100/100\n|-ability|p2a: Incineroar|Intimidate|boost\n|-unboost|p1a: Hatterene|atk|1\n|-unboost|p1b: Camerupt|atk|1\n|turn|3\n|\n|t:|1776648352\n|switch|p1a: Tsareena|Tsareena, L50, F|100/100\n|move|p2a: Incineroar|Fake Out||[still]\n|cant|p1a: Tsareena|ability: Queenly Majesty|Fake Out|[of] p2a: Incineroar\n|move|p2b: Floette|Moonblast|p1a: Tsareena\n|-damage|p1a: Tsareena|31/100\n|move|p1b: Camerupt|Heat Wave|p2b: Floette|[spread] p2a,p2b\n|-resisted|p2a: Incineroar|1\n|-damage|p2a: Incineroar|76/100\n|-damage|p2b: Floette|0 fnt\n|faint|p2b: Floette\n|\n|upkeep\n|\n|t:|1776648355\n|switch|p2b: Garchomp|Garchomp, L50, F|100/100\n|turn|4\n|\n|t:|1776648366\n|move|p1b: Camerupt|Protect|p1b: Camerupt\n|-singleturn|p1b: Camerupt|Protect\n|move|p2b: Garchomp|Stomping Tantrum|p1b: Camerupt\n|-activate|p1b: Camerupt|move: Protect\n|move|p2a: Incineroar|Flare Blitz|p1a: Tsareena\n|-supereffective|p1a: Tsareena|1\n|-enditem|p1a: Tsareena|Occa Berry|[eat]\n|-enditem|p1a: Tsareena|Occa Berry|[weaken]\n|-damage|p1a: Tsareena|0 fnt\n|faint|p1a: Tsareena\n|-damage|p2a: Incineroar|67/100|[from] Recoil\n|\n|upkeep\n|\n|t:|1776648374\n|switch|p1a: Incineroar|Incineroar, L50, F|100/100\n|-ability|p1a: Incineroar|Intimidate|boost\n|-unboost|p2a: Incineroar|atk|1\n|-unboost|p2b: Garchomp|atk|1\n|turn|5\n|\n|t:|1776648384\n|move|p1b: Camerupt|Protect||[still]\n|-fail|p1b: Camerupt\n|move|p1a: Incineroar|Fake Out|p2a: Incineroar\n|-damage|p2a: Incineroar|56/100\n|move|p2b: Garchomp|Stomping Tantrum|p1b: Camerupt\n|-supereffective|p1b: Camerupt|1\n|-damage|p1b: Camerupt|2/100\n|cant|p2a: Incineroar|flinch\n|\n|upkeep\n|turn|6\n|\n|t:|1776648405\n|switch|p1a: Hatterene|Hatterene, L50, F|100/100\n|move|p1b: Camerupt|Protect|p1b: Camerupt\n|-singleturn|p1b: Camerupt|Protect\n|move|p2b: Garchomp|Rock Slide|p1a: Hatterene|[spread] p1a\n|-activate|p1b: Camerupt|move: Protect\n|-damage|p1a: Hatterene|86/100\n|move|p2a: Incineroar|Darkest Lariat|p1a: Hatterene\n|-damage|p1a: Hatterene|62/100\n|\n|upkeep\n|turn|7\n|\n|t:|1776648420\n|switch|p1b: Incineroar|Incineroar, L50, F|100/100\n|-ability|p1b: Incineroar|Intimidate|boost\n|-unboost|p2a: Incineroar|atk|1\n|-unboost|p2b: Garchomp|atk|1\n|move|p2b: Garchomp|Stomping Tantrum|p1a: Hatterene\n|-damage|p1a: Hatterene|42/100\n|move|p2a: Incineroar|Flare Blitz|p1a: Hatterene\n|-damage|p1a: Hatterene|16/100\n|-damage|p2a: Incineroar|49/100|[from] Recoil\n|move|p1a: Hatterene|Trick Room|p1a: Hatterene\n|-fieldstart|move: Trick Room|[of] p1a: Hatterene\n|\n|upkeep\n|turn|8\n|\n|t:|1776648436\n|move|p2b: Garchomp|Protect|p2b: Garchomp\n|-singleturn|p2b: Garchomp|Protect\n|move|p1b: Incineroar|Fake Out|p2a: Incineroar\n|-damage|p2a: Incineroar|39/100\n|move|p1a: Hatterene|Dazzling Gleam|p2a: Incineroar|[spread] p2a\n|-activate|p2b: Garchomp|move: Protect\n|-damage|p2a: Incineroar|2/100\n|cant|p2a: Incineroar|flinch\n|\n|upkeep\n|turn|9\n|\n|t:|1776648446\n|move|p1a: Hatterene|Dazzling Gleam|p2a: Incineroar|[spread] p2a,p2b\n|-supereffective|p2b: Garchomp|1\n|-damage|p2a: Incineroar|0 fnt\n|-damage|p2b: Garchomp|9/100\n|faint|p2a: Incineroar\n|move|p1b: Incineroar|Darkest Lariat|p2b: Garchomp\n|-damage|p2b: Garchomp|0 fnt\n|-damage|p1b: Incineroar|88/100|[from] ability: Rough Skin|[of] p2b: Garchomp\n|faint|p2b: Garchomp\n|\n|win|Drunklombre\n|raw|Drunklombre's rating: 1312 &rarr; <strong>1334</strong><br />(+22 for winning)\n|raw|sdlt 2krl coolguy's rating: 1342 &rarr; <strong>1320</strong><br />(-22 for losing)\n",
  "uploadtime": 1776648446,
  "views": 8,
  "formatid": "gen9championsvgc2026regma",
  "rating": 1320,
  "private": 0,
  "password": null
}