{
  "id": "gen9championsvgc2026regma-2584038007",
  "format": "[Gen 9 Champions] VGC 2026 Reg M-A",
  "players": [
    "superboy245",
    "1N2D"
  ],
  "log": "|j|\u2606superboy245\n|j|\u26061N2D\n|t:|1776219049\n|gametype|doubles\n|player|p1|superboy245|buck|1236\n|player|p2|1N2D|hilbert|1187\n|gen|9\n|tier|[Gen 9 Champions] VGC 2026 Reg M-A\n|rated|\n|rule|Species Clause: Limit one of each Pok\u00e9mon\n|rule|Item Clause: Limit 1 of each item\n|clearpoke\n|poke|p1|Greninja-*, L50, M|\n|poke|p1|Politoed, L50, M|\n|poke|p1|Basculegion, L50, M|\n|poke|p1|Lucario, L50, M|\n|poke|p1|Sinistcha, L50|\n|poke|p1|Toxicroak, L50, M|\n|poke|p2|Palafin, L50, F|\n|poke|p2|Floette-Eternal, L50, F|\n|poke|p2|Sinistcha, L50|\n|poke|p2|Kingambit, L50, M|\n|poke|p2|Goodra-Hisui, L50, M|\n|poke|p2|Pelipper, L50, M|\n|teampreview|4\nsuperboy245 rejected open team sheets.\n|\n|t:|1776219080\n|teamsize|p1|4\n|teamsize|p2|4\n|start\n|switch|p1a: Lucario|Lucario, L50, M|100/100\n|switch|p1b: Greninja|Greninja, L50, M|100/100\n|switch|p2a: Floette|Floette-Eternal, L50, F|100/100\n|switch|p2b: Kingambit|Kingambit, L50, M|100/100\n|turn|1\n|\n|t:|1776219097\n|switch|p2b: Sinistcha|Sinistcha, L50|100/100\n|detailschange|p2a: Floette|Floette-Mega, L50, F\n|-mega|p2a: Floette|Floette|Floettite\n|-ability|p2a: Floette|Fairy Aura\n|move|p1a: Lucario|Protect|p1a: Lucario\n|-singleturn|p1a: Lucario|Protect\n|move|p1b: Greninja|Surf|p2a: Floette|[spread] p2a,p2b\n|-start|p1b: Greninja|typechange|Water|[from] ability: Protean\n|-activate|p1a: Lucario|move: Protect\n|-resisted|p2b: Sinistcha|1\n|-damage|p2a: Floette|78/100\n|-damage|p2b: Sinistcha|88/100\n|move|p2a: Floette|Dazzling Gleam|p1b: Greninja|[spread] p1b\n|-activate|p1a: Lucario|move: Protect\n|-crit|p1b: Greninja\n|-damage|p1b: Greninja|0 fnt\n|faint|p1b: Greninja\n|\n|upkeep\n|\n|t:|1776219104\n|switch|p1b: Basculegion|Basculegion, L50, M|100/100\n|turn|2\n|inactive|Battle timer is ON: inactive players will automatically lose when time's up. (requested by superboy245)\n|\n|t:|1776219147\n|switch|p1a: Politoed|Politoed, L50, M|100/100\n|-weather|RainDance|[from] ability: Drizzle|[of] p1a: Politoed\n|move|p1b: Basculegion|Last Respects|p2b: Sinistcha\n|-supereffective|p2b: Sinistcha|1\n|-damage|p2b: Sinistcha|0 fnt\n|faint|p2b: Sinistcha\n|move|p2a: Floette|Moonblast|p1a: Politoed\n|-damage|p1a: Politoed|53/100\n|\n|-weather|RainDance|[upkeep]\n|upkeep\n|\n|t:|1776219170\n|switch|p2b: Kingambit|Kingambit, L50, M|100/100\n|turn|3\n|\n|t:|1776219191\n|switch|p2a: Goodra|Goodra-Hisui, L50, M|100/100\n|move|p1b: Basculegion|Aqua Jet|p2a: Goodra\n|-resisted|p2a: Goodra|1\n|-damage|p2a: Goodra|89/100\n|move|p1a: Politoed|Weather Ball|p2a: Goodra\n|-resisted|p2a: Goodra|1\n|-damage|p2a: Goodra|72/100\n|move|p2b: Kingambit|Kowtow Cleave|p1a: Politoed\n|-damage|p1a: Politoed|0 fnt\n|faint|p1a: Politoed\n|\n|-weather|RainDance|[upkeep]\n|-heal|p2a: Goodra|78/100|[from] item: Leftovers\n|upkeep\n|\n|t:|1776219197\n|switch|p1a: Lucario|Lucario, L50, M|100/100\n|turn|4\n|\n|t:|1776219218\n|detailschange|p1a: Lucario|Lucario-Mega, L50, M\n|-mega|p1a: Lucario|Lucario|Lucarionite\n|move|p1b: Basculegion|Wave Crash|p2b: Kingambit\n|-damage|p2b: Kingambit|38/100\n|-damage|p1b: Basculegion|79/100|[from] Recoil\n|move|p1a: Lucario|Close Combat|p2a: Goodra\n|-supereffective|p2a: Goodra|1\n|-damage|p2a: Goodra|0 fnt\n|-unboost|p1a: Lucario|def|1\n|-unboost|p1a: Lucario|spd|1\n|faint|p2a: Goodra\n|move|p2b: Kingambit|Kowtow Cleave|p1b: Basculegion\n|-supereffective|p1b: Basculegion|1\n|-crit|p1b: Basculegion\n|-damage|p1b: Basculegion|0 fnt\n|faint|p1b: Basculegion\n|\n|-weather|RainDance|[upkeep]\n|upkeep\n|\n|t:|1776219236\n|switch|p2a: Floette|Floette-Mega, L50, F|78/100\n|-ability|p2a: Floette|Fairy Aura\n|turn|5\n|\n|t:|1776219255\n|move|p1a: Lucario|Protect|p1a: Lucario\n|-singleturn|p1a: Lucario|Protect\n|move|p2a: Floette|Moonblast|p1a: Lucario\n|-activate|p1a: Lucario|move: Protect\n|move|p2b: Kingambit|Kowtow Cleave|p1a: Lucario\n|-activate|p1a: Lucario|move: Protect\n|\n|-weather|RainDance|[upkeep]\n|upkeep\n|turn|6\n|\n|t:|1776219261\n|move|p1a: Lucario|Meteor Mash|p2a: Floette\n|-supereffective|p2a: Floette|1\n|-damage|p2a: Floette|0 fnt\n|-boost|p1a: Lucario|atk|1\n|faint|p2a: Floette\n|move|p2b: Kingambit|Kowtow Cleave|p1a: Lucario\n|-resisted|p1a: Lucario|1\n|-damage|p1a: Lucario|46/100\n|\n|-weather|none\n|upkeep\n|turn|7\n|\n|t:|1776219273\n|move|p1a: Lucario|Protect|p1a: Lucario\n|-singleturn|p1a: Lucario|Protect\n|move|p2b: Kingambit|Sucker Punch||[still]\n|-fail|p2b: Kingambit\n|\n|upkeep\n|turn|8\n|\n|t:|1776219279\n|move|p1a: Lucario|Bullet Punch|p2b: Kingambit\n|-resisted|p2b: Kingambit|1\n|-damage|p2b: Kingambit|20/100\n|move|p2b: Kingambit|Sucker Punch||[still]\n|-fail|p2b: Kingambit\n|\n|upkeep\n|turn|9\n|inactiveoff|Battle timer is now OFF.\n|\n|t:|1776219306\n|move|p1a: Lucario|Close Combat|p2b: Kingambit\n|-supereffective|p2b: Kingambit|2\n|-damage|p2b: Kingambit|0 fnt\n|-unboost|p1a: Lucario|def|1\n|-unboost|p1a: Lucario|spd|1\n|faint|p2b: Kingambit\n|\n|win|superboy245\n|raw|superboy245's rating: 1236 &rarr; <strong>1257</strong><br />(+21 for winning)\n|raw|1N2D's rating: 1187 &rarr; <strong>1166</strong><br />(-21 for losing)\n|l|\u26061N2D\n|player|p2|\n",
  "uploadtime": 1776219309,
  "views": 30,
  "formatid": "gen9championsvgc2026regma",
  "rating": 1166,
  "private": 0,
  "password": null
}