{
  "id": "gen9championsvgc2026regma-2583769534",
  "format": "[Gen 9 Champions] VGC 2026 Reg M-A",
  "players": [
    "forxevgc",
    "Final_demand309"
  ],
  "log": "|j|\u2606forxevgc\n|j|\u2606Final_demand309\n|t:|1776196480\n|gametype|doubles\n|player|p1|forxevgc|101|1264\n|player|p2|Final_demand309|265|1321\n|gen|9\n|tier|[Gen 9 Champions] VGC 2026 Reg M-A\n|rated|\n|rule|Species Clause: Limit one of each Pok\u00e9mon\n|rule|Item Clause: Limit 1 of each item\n|clearpoke\n|poke|p1|Incineroar, L50, F|\n|poke|p1|Whimsicott, L50, F|\n|poke|p1|Sneasler, L50, F|\n|poke|p1|Rotom-Wash, L50|\n|poke|p1|Garchomp, L50, M|\n|poke|p1|Charizard, L50, M|\n|poke|p2|Kangaskhan, L50, F|\n|poke|p2|Pelipper, L50, F|\n|poke|p2|Archaludon, L50, M|\n|poke|p2|Sinistcha, L50|\n|poke|p2|Kingambit, L50, M|\n|poke|p2|Basculegion, L50, M|\n|teampreview|4\n|inactive|Battle timer is ON: inactive players will automatically lose when time's up. (requested by Final_demand309)\n|inactive|forxevgc has 60 seconds left.\n|\n|t:|1776196514\n|teamsize|p1|4\n|teamsize|p2|4\n|start\n|switch|p1a: Sneasler|Sneasler, L50, F|100/100\n|switch|p1b: Charizard|Charizard, L50, M|100/100\n|switch|p2a: Kangaskhan|Kangaskhan, L50, F|100/100\n|switch|p2b: Basculegion|Basculegion, L50, M|100/100\n|turn|1\n|\n|t:|1776196532\n|detailschange|p1b: Charizard|Charizard-Mega-Y, L50, M\n|-mega|p1b: Charizard|Charizard|Charizardite Y\n|-weather|SunnyDay|[from] ability: Drought|[of] p1b: Charizard\n|move|p1a: Sneasler|Fake Out|p2a: Kangaskhan\n|-damage|p2a: Kangaskhan|85/100\n|move|p2a: Kangaskhan|Fake Out|p1a: Sneasler\n|-damage|p1a: Sneasler|68/100\n|move|p1b: Charizard|Solar Beam||[still]\n|-prepare|p1b: Charizard|Solar Beam\n|-anim|p1b: Charizard|Solar Beam|p2b: Basculegion\n|-supereffective|p2b: Basculegion|1\n|-damage|p2b: Basculegion|0 fnt\n|faint|p2b: Basculegion\n|\n|-weather|SunnyDay|[upkeep]\n|upkeep\n|\n|t:|1776196543\n|switch|p2b: Pelipper|Pelipper, L50, F|100/100\n|-weather|RainDance|[from] ability: Drizzle|[of] p2b: Pelipper\n|turn|2\n|\n|t:|1776196561\n|switch|p1a: Whimsicott|Whimsicott, L50, F|100/100\n|switch|p1b: Rotom|Rotom-Wash, L50|100/100\n|detailschange|p2a: Kangaskhan|Kangaskhan-Mega, L50, F\n|-mega|p2a: Kangaskhan|Kangaskhan|Kangaskhanite\n|move|p2b: Pelipper|Hurricane|p1a: Whimsicott\n|-supereffective|p1a: Whimsicott|1\n|-enditem|p1a: Whimsicott|Focus Sash\n|-damage|p1a: Whimsicott|1/100\n|-start|p1a: Whimsicott|confusion\n|move|p2a: Kangaskhan|Double-Edge|p1b: Rotom\n|-damage|p1b: Rotom|22/100\n|-damage|p1b: Rotom|6/100\n|-hitcount|p1b: Rotom|2\n|-damage|p2a: Kangaskhan|62/100|[from] Recoil\n|\n|-weather|RainDance|[upkeep]\n|-heal|p1b: Rotom|12/100|[from] item: Leftovers\n|upkeep\n|turn|3\n|inactive|Final_demand309 has 30 seconds left.\n|inactive|Final_demand309 has 20 seconds left.\n|inactive|Final_demand309 has 15 seconds left.\n|inactive|Final_demand309 has 10 seconds left.\n|\n|t:|1776196607\n|-activate|p1a: Whimsicott|confusion\n|move|p1a: Whimsicott|Tailwind|p1a: Whimsicott\n|-sidestart|p1: forxevgc|move: Tailwind\n|move|p1b: Rotom|Electroweb|p2b: Pelipper|[spread] p2a,p2b\n|-supereffective|p2b: Pelipper|2\n|-damage|p2a: Kangaskhan|45/100\n|-enditem|p2b: Pelipper|Focus Sash\n|-damage|p2b: Pelipper|1/100\n|-unboost|p2a: Kangaskhan|spe|1\n|-unboost|p2b: Pelipper|spe|1\n|move|p2b: Pelipper|Tailwind|p2b: Pelipper\n|-sidestart|p2: Final_demand309|move: Tailwind\n|move|p2a: Kangaskhan|Double-Edge|p1b: Rotom\n|-damage|p1b: Rotom|0 fnt\n|faint|p1b: Rotom\n|-hitcount|p1: Rotom|1\n|-damage|p2a: Kangaskhan|42/100|[from] Recoil\n|\n|-weather|RainDance|[upkeep]\n|upkeep\n|\n|t:|1776196625\n|switch|p1b: Sneasler|Sneasler, L50, F|68/100\n|turn|4\n|inactive|Final_demand309 has 30 seconds left.\n|inactive|Final_demand309 has 20 seconds left.\n|inactive|Final_demand309 has 15 seconds left.\n|\n|t:|1776196667\n|switch|p2b: Archaludon|Archaludon, L50, M|100/100\n|move|p1b: Sneasler|Close Combat|p2a: Kangaskhan\n|-supereffective|p2a: Kangaskhan|1\n|-damage|p2a: Kangaskhan|0 fnt\n|-unboost|p1b: Sneasler|def|1\n|-unboost|p1b: Sneasler|spd|1\n|faint|p2a: Kangaskhan\n|-enditem|p1b: Sneasler|White Herb\n|-clearnegativeboost|p1b: Sneasler|[silent]\n|-activate|p1a: Whimsicott|confusion\n|move|p1a: Whimsicott|Moonblast|p2b: Archaludon\n|-damage|p2b: Archaludon|59/100\n|-ability|p2b: Archaludon|Stamina|boost\n|-boost|p2b: Archaludon|def|1\n|\n|-weather|RainDance|[upkeep]\n|-heal|p2b: Archaludon|65/100|[from] item: Leftovers\n|upkeep\n|\n|t:|1776196679\n|switch|p2a: Pelipper|Pelipper, L50, F|1/100\n|turn|5\n|inactive|Final_demand309 has 30 seconds left.\n|\n|t:|1776196710\n|move|p2b: Archaludon|Protect|p2b: Archaludon\n|-singleturn|p2b: Archaludon|Protect\n|move|p1b: Sneasler|Close Combat|p2b: Archaludon\n|-activate|p2b: Archaludon|move: Protect\n|-end|p1a: Whimsicott|confusion\n|move|p1a: Whimsicott|Moonblast|p2a: Pelipper\n|-crit|p2a: Pelipper\n|-damage|p2a: Pelipper|0 fnt\n|faint|p2a: Pelipper\n|\n|-weather|RainDance|[upkeep]\n|-heal|p2b: Archaludon|71/100|[from] item: Leftovers\n|upkeep\n|turn|6\n|inactive|forxevgc has 30 seconds left.\n|\n|t:|1776196735\n|move|p1b: Sneasler|Close Combat|p2b: Archaludon\n|-supereffective|p2b: Archaludon|1\n|-damage|p2b: Archaludon|0 fnt\n|-unboost|p1b: Sneasler|def|1\n|-unboost|p1b: Sneasler|spd|1\n|faint|p2b: Archaludon\n|\n|win|forxevgc\n|raw|forxevgc's rating: 1264 &rarr; <strong>1293</strong><br />(+29 for winning)\n|raw|Final_demand309's rating: 1321 &rarr; <strong>1298</strong><br />(-23 for losing)\n|l|\u2606Final_demand309\n|player|p2|\n",
  "uploadtime": 1776196744,
  "views": 37,
  "formatid": "gen9championsvgc2026regma",
  "rating": 1293,
  "private": 0,
  "password": null
}