{
  "id": "gen9championsvgc2026regma-2583796184",
  "format": "[Gen 9 Champions] VGC 2026 Reg M-A",
  "players": [
    "DunsparceBlack",
    "CleanCompetition"
  ],
  "log": "|j|\u2606DunsparceBlack\n|j|\u2606CleanCompetition\n|t:|1776198318\n|gametype|doubles\n|player|p1|DunsparceBlack|170|1074\n|player|p2|CleanCompetition|266|1036\n|gen|9\n|tier|[Gen 9 Champions] VGC 2026 Reg M-A\n|rated|\n|rule|Species Clause: Limit one of each Pok\u00e9mon\n|rule|Item Clause: Limit 1 of each item\n|clearpoke\n|poke|p1|Drampa, L50, M|\n|poke|p1|Pelipper, L50, F|\n|poke|p1|Hatterene, L50, F|\n|poke|p1|Sinistcha, L50|\n|poke|p1|Dragonite, L50, M|\n|poke|p1|Incineroar, L50, M|\n|poke|p2|Froslass, L50, F|\n|poke|p2|Ninetales-Alola, L50, F|\n|poke|p2|Mamoswine, L50, M|\n|poke|p2|Vanilluxe, L50, F|\n|poke|p2|Mr. Rime, L50, F|\n|poke|p2|Crabominable, L50, M|\n|teampreview|4\n|c|\u2606CleanCompetition|Gl hf!\n|inactive|Battle timer is ON: inactive players will automatically lose when time's up. (requested by CleanCompetition)\n|inactive|CleanCompetition has 60 seconds left.\nDunsparceBlack rejected open team sheets.\n|\n|t:|1776198377\n|teamsize|p1|4\n|teamsize|p2|4\n|start\n|switch|p1a: Incineroar|Incineroar, L50, M|100/100\n|switch|p1b: Dragonite|Dragonite, L50, M|100/100\n|switch|p2a: Sir Bleezus VII|Mr. Rime, L50, F|100/100\n|switch|p2b: Blammo|Mamoswine, L50, M|100/100\n|-ability|p1a: Incineroar|Intimidate|boost\n|-unboost|p2a: Sir Bleezus VII|atk|1\n|-unboost|p2b: Blammo|atk|1\n|turn|1\n|inactive|CleanCompetition has 30 seconds left.\n|inactive|DunsparceBlack has 30 seconds left.\n|inactive|CleanCompetition has 20 seconds left.\n|inactive|CleanCompetition has 15 seconds left.\n|\n|t:|1776198422\n|detailschange|p1b: Dragonite|Dragonite-Mega, L50, M\n|-mega|p1b: Dragonite|Dragonite|Dragoninite\n|move|p1a: Incineroar|Fake Out|p2b: Blammo\n|-damage|p2b: Blammo|89/100\n|move|p1b: Dragonite|Dragon Dance|p1b: Dragonite\n|-boost|p1b: Dragonite|atk|1\n|-boost|p1b: Dragonite|spe|1\n|cant|p2b: Blammo|flinch\n|move|p2a: Sir Bleezus VII|Blizzard|p1b: Dragonite|[spread] p1a,p1b\n|-resisted|p1a: Incineroar|1\n|-supereffective|p1b: Dragonite|2\n|-crit|p1b: Dragonite\n|-damage|p1a: Incineroar|81/100\n|-damage|p1b: Dragonite|7/100\n|\n|upkeep\n|turn|2\n|inactive|CleanCompetition has 30 seconds left.\n|\n|t:|1776198449\n|switch|p2a: A-9 Unit|Ninetales-Alola, L50, F|100/100\n|-weather|Snowscape|[from] ability: Snow Warning|[of] p2a: A-9 Unit\n|move|p2b: Blammo|Ice Shard|p1b: Dragonite\n|-supereffective|p1b: Dragonite|2\n|-damage|p1b: Dragonite|0 fnt\n|faint|p1b: Dragonite\n|move|p1a: Incineroar|Flare Blitz|p2a: A-9 Unit\n|-supereffective|p2a: A-9 Unit|1\n|-enditem|p2a: A-9 Unit|Focus Sash\n|-damage|p2a: A-9 Unit|1/100\n|-damage|p1a: Incineroar|53/100|[from] Recoil\n|\n|-weather|Snowscape|[upkeep]\n|upkeep\n|\n|t:|1776198458\n|switch|p1b: Pelipper|Pelipper, L50, F|100/100\n|-weather|RainDance|[from] ability: Drizzle|[of] p1b: Pelipper\n|turn|3\n|inactive|CleanCompetition has 30 seconds left.\n|\n|t:|1776198486\n|move|p2a: A-9 Unit|Protect|p2a: A-9 Unit\n|-singleturn|p2a: A-9 Unit|Protect\n|move|p1a: Incineroar|Parting Shot|p2b: Blammo\n|-unboost|p2b: Blammo|atk|1\n|-unboost|p2b: Blammo|spa|1\n|\n|t:|1776198491\n|switch|p1a: Drampa|Drampa, L50, M|100/100|[from] Parting Shot\n|move|p2b: Blammo|Stealth Rock|p1a: Drampa\n|-sidestart|p1: DunsparceBlack|move: Stealth Rock\n|move|p1b: Pelipper|Weather Ball|p2a: A-9 Unit\n|-activate|p2a: A-9 Unit|move: Protect\n|\n|-weather|RainDance|[upkeep]\n|upkeep\n|turn|4\n|inactive|CleanCompetition has 30 seconds left.\n|\n|t:|1776198517\n|switch|p2a: Sir Bleezus VII|Mr. Rime, L50, F|100/100\n|switch|p2b: Off Glass|Froslass, L50, F|100/100\n|move|p1b: Pelipper|Weather Ball|p2b: Off Glass\n|-damage|p2b: Off Glass|0 fnt\n|faint|p2b: Off Glass\n|move|p1a: Drampa|Hyper Voice|p2a: Sir Bleezus VII\n|-damage|p2a: Sir Bleezus VII|62/100\n|\n|-weather|RainDance|[upkeep]\n|upkeep\n|\n|t:|1776198536\n|switch|p2b: A-9 Unit|Ninetales-Alola, L50, F|1/100\n|-weather|Snowscape|[from] ability: Snow Warning|[of] p2b: A-9 Unit\n|turn|5\n|\n|t:|1776198552\n|switch|p1a: Incineroar|Incineroar, L50, M|53/100\n|-damage|p1a: Incineroar|28/100|[from] Stealth Rock\n|-ability|p1a: Incineroar|Intimidate|boost\n|-unboost|p2a: Sir Bleezus VII|atk|1\n|-unboost|p2b: A-9 Unit|atk|1\n|move|p2b: A-9 Unit|Protect|p2b: A-9 Unit\n|-singleturn|p2b: A-9 Unit|Protect\n|move|p2a: Sir Bleezus VII|Blizzard|p1b: Pelipper|[spread] p1a,p1b\n|-resisted|p1a: Incineroar|1\n|-damage|p1a: Incineroar|9/100\n|-damage|p1b: Pelipper|48/100\n|-status|p1b: Pelipper|frz\n|cant|p1b: Pelipper|frz\n|\n|-weather|Snowscape|[upkeep]\n|-heal|p1b: Pelipper|54/100 frz|[from] item: Leftovers\n|upkeep\n|turn|6\n|\n|t:|1776198569\n|switch|p2a: Blammo|Mamoswine, L50, M|89/100\n|move|p2b: A-9 Unit|Protect|p2b: A-9 Unit\n|-singleturn|p2b: A-9 Unit|Protect\n|move|p1a: Incineroar|Fake Out|p2b: A-9 Unit\n|-activate|p2b: A-9 Unit|move: Protect\n|cant|p1b: Pelipper|frz\n|\n|-weather|Snowscape|[upkeep]\n|-heal|p1b: Pelipper|60/100 frz|[from] item: Leftovers\n|upkeep\n|turn|7\n|\n|t:|1776198589\n|-curestatus|p1b: Pelipper|frz|[msg]\n|move|p1b: Pelipper|Protect|p1b: Pelipper\n|-singleturn|p1b: Pelipper|Protect\n|move|p2a: Blammo|Ice Shard|p1b: Pelipper\n|-activate|p1b: Pelipper|move: Protect\n|move|p2b: A-9 Unit|Dazzling Gleam|p1a: Incineroar|[spread] p1a\n|-activate|p1b: Pelipper|move: Protect\n|-damage|p1a: Incineroar|0 fnt\n|faint|p1a: Incineroar\n|\n|-weather|Snowscape|[upkeep]\n|-heal|p1b: Pelipper|66/100|[from] item: Leftovers\n|upkeep\n|\n|t:|1776198594\n|switch|p1a: Drampa|Drampa, L50, M|100/100\n|-damage|p1a: Drampa|88/100|[from] Stealth Rock\n|turn|8\n|\n|t:|1776198610\n|move|p1b: Pelipper|Wide Guard|p1b: Pelipper\n|-singleturn|p1b: Pelipper|Wide Guard\n|move|p2a: Blammo|Ice Shard|p1a: Drampa\n|-supereffective|p1a: Drampa|1\n|-damage|p1a: Drampa|39/100\n|-ability|p1a: Drampa|Berserk|boost\n|-boost|p1a: Drampa|spa|1\n|move|p2b: A-9 Unit|Encore|p1b: Pelipper\n|-start|p1b: Pelipper|Encore\n|move|p1a: Drampa|Hyper Voice|p2b: A-9 Unit|[spread] p2a,p2b\n|-damage|p2a: Blammo|19/100\n|-damage|p2b: A-9 Unit|0 fnt\n|faint|p2b: A-9 Unit\n|\n|-weather|Snowscape|[upkeep]\n|-heal|p1b: Pelipper|72/100|[from] item: Leftovers\n|upkeep\n|\n|t:|1776198620\n|switch|p2b: Sir Bleezus VII|Mr. Rime, L50, F|62/100\n|turn|9\n|\n|t:|1776198640\n|move|p1b: Pelipper|Wide Guard|p1b: Pelipper\n|-singleturn|p1b: Pelipper|Wide Guard\n|move|p2a: Blammo|Ice Shard|p1a: Drampa\n|-supereffective|p1a: Drampa|1\n|-damage|p1a: Drampa|0 fnt\n|faint|p1a: Drampa\n|move|p2b: Sir Bleezus VII|Future Sight|p1b: Pelipper\n|-start|p2b: Sir Bleezus VII|move: Future Sight\n|\n|-weather|none\n|-heal|p1b: Pelipper|78/100|[from] item: Leftovers\n|upkeep\n|turn|10\n|\n|t:|1776198652\n|move|p1b: Pelipper|Wide Guard|p1b: Pelipper\n|-singleturn|p1b: Pelipper|Wide Guard\n|move|p2a: Blammo|Ice Shard|p1b: Pelipper\n|-damage|p1b: Pelipper|52/100\n|move|p2b: Sir Bleezus VII|Freeze-Dry|p1b: Pelipper\n|-supereffective|p1b: Pelipper|2\n|-damage|p1b: Pelipper|0 fnt\n|faint|p1b: Pelipper\n|\n|win|CleanCompetition\n|raw|DunsparceBlack's rating: 1074 &rarr; <strong>1051</strong><br />(-23 for losing)\n|raw|CleanCompetition's rating: 1036 &rarr; <strong>1074</strong><br />(+38 for winning)\n|c|\u2606CleanCompetition|Gg!\n|l|\u2606DunsparceBlack\n|player|p1|\n",
  "uploadtime": 1776198658,
  "views": 15,
  "formatid": "gen9championsvgc2026regma",
  "rating": 1051,
  "private": 0,
  "password": null
}