{
  "id": "gen9championsvgc2026regma-2589473034",
  "format": "[Gen 9 Champions] VGC 2026 Reg M-A",
  "players": [
    "HURRICANE984",
    "Kaazarav"
  ],
  "log": "|j|\u2606HURRICANE984\n|j|\u2606Kaazarav\n|t:|1776726091\n|gametype|doubles\n|player|p1|HURRICANE984|101|1093\n|player|p2|Kaazarav|veteran|1088\n|gen|9\n|tier|[Gen 9 Champions] VGC 2026 Reg M-A\n|rated|\n|rule|Species Clause: Limit one of each Pok\u00e9mon\n|rule|Item Clause: Limit 1 of each item\n|clearpoke\n|poke|p1|Hydreigon, L50, M|\n|poke|p1|Arcanine-Hisui, L50, F|\n|poke|p1|Empoleon, L50, F|\n|poke|p1|Alakazam, L50, F|\n|poke|p1|Clefable, L50, M|\n|poke|p1|Heliolisk, L50, F|\n|poke|p2|Gengar, L50, M|\n|poke|p2|Incineroar, L50, M|\n|poke|p2|Sinistcha, L50|\n|poke|p2|Pelipper, L50, F|\n|poke|p2|Sylveon, L50, M|\n|poke|p2|Archaludon, L50, M|\n|teampreview|4\n|inactive|Battle timer is ON: inactive players will automatically lose when time's up. (requested by Kaazarav)\n|inactive|Kaazarav has 60 seconds left.\n|\n|t:|1776726124\n|teamsize|p1|4\n|teamsize|p2|4\n|start\n|switch|p1a: Arcanine|Arcanine-Hisui, L50, F|100/100\n|switch|p1b: Alakazam|Alakazam, L50, F|100/100\n|switch|p2a: Gengar|Gengar, L50, M|100/100\n|switch|p2b: Sinistcha|Sinistcha, L50|100/100\n|-ability|p1a: Arcanine|Intimidate|boost\n|-unboost|p2a: Gengar|atk|1\n|-unboost|p2b: Sinistcha|atk|1\n|turn|1\n|inactive|HURRICANE984 has 30 seconds left.\n|\n|t:|1776726154\n|switch|p2b: Incineroar|Incineroar, L50, M|100/100\n|-ability|p2b: Incineroar|Intimidate|boost\n|-unboost|p1a: Arcanine|atk|1\n|-fail|p1b: Alakazam|unboost|Attack|[from] ability: Inner Focus|[of] p1b: Alakazam\n|detailschange|p1b: Alakazam|Alakazam-Mega, L50, F\n|-mega|p1b: Alakazam|Alakazam|Alakazite\n|-ability|p1b: Alakazam|Cursed Body|Trace|[from] ability: Trace|[of] p2a: Gengar\n|move|p2a: Gengar|Protect|p2a: Gengar\n|-singleturn|p2a: Gengar|Protect\n|move|p1a: Arcanine|Flare Blitz|p2b: Incineroar\n|-resisted|p2b: Incineroar|1\n|-damage|p2b: Incineroar|87/100\n|-damage|p1a: Arcanine|95/100|[from] Recoil\n|move|p1b: Alakazam|Imprison|p1b: Alakazam\n|-start|p1b: Alakazam|move: Imprison\n|\n|upkeep\n|turn|2\n|\n|t:|1776726177\n|switch|p1a: Hydreigon|Hydreigon, L50, M|100/100\n|detailschange|p2a: Gengar|Gengar-Mega, L50, M\n|-mega|p2a: Gengar|Gengar|Gengarite\n|move|p1b: Alakazam|Speed Swap|p1a: Hydreigon\n|-activate|p1b: Alakazam|move: Speed Swap|[of] p1a: Hydreigon\n|move|p2a: Gengar|Substitute|p2a: Gengar\n|-start|p2a: Gengar|Substitute\n|-damage|p2a: Gengar|76/100\n|move|p2b: Incineroar|Parting Shot|p1b: Alakazam\n|-unboost|p1b: Alakazam|atk|1\n|-unboost|p1b: Alakazam|spa|1\n|\n|t:|1776726188\n|switch|p2b: Archaludon|Archaludon, L50, M|100/100|[from] Parting Shot\n|\n|upkeep\n|turn|3\n|\n|t:|1776726205\n|switch|p2b: Sinistcha|Sinistcha, L50|100/100\n|-heal|p2a: Gengar|100/100|[from] ability: Hospitality|[of] p2b: Sinistcha\n|move|p1a: Hydreigon|Draco Meteor|p2b: Sinistcha\n|-damage|p2b: Sinistcha|39/100\n|-unboost|p1a: Hydreigon|spa|2\n|move|p2a: Gengar|Perish Song|p2a: Gengar\n|-start|p1a: Hydreigon|perish3|[silent]\n|-start|p1b: Alakazam|perish3|[silent]\n|-start|p2a: Gengar|perish3|[silent]\n|-start|p2b: Sinistcha|perish3|[silent]\n|-fieldactivate|move: Perish Song\n|move|p1b: Alakazam|Psyshock|p2a: Gengar\n|-supereffective|p2a: Gengar|1\n|-crit|p2a: Gengar\n|-end|p2a: Gengar|Substitute\n|\n|-start|p1a: Hydreigon|perish3\n|-start|p2a: Gengar|perish3\n|-start|p1b: Alakazam|perish3\n|-start|p2b: Sinistcha|perish3\n|upkeep\n|turn|4\n|\n|t:|1776726220\n|switch|p2b: Incineroar|Incineroar, L50, M|87/100\n|-ability|p2b: Incineroar|Intimidate|boost\n|-unboost|p1a: Hydreigon|atk|1\n|-unboost|p1b: Alakazam|atk|1\n|move|p2a: Gengar|Protect|p2a: Gengar\n|-singleturn|p2a: Gengar|Protect\n|move|p1a: Hydreigon|Focus Energy|p1a: Hydreigon\n|-start|p1a: Hydreigon|move: Focus Energy\n|move|p1b: Alakazam|Psyshock|p2a: Gengar\n|-activate|p2a: Gengar|move: Protect\n|\n|-start|p1a: Hydreigon|perish2\n|-start|p2a: Gengar|perish2\n|-start|p1b: Alakazam|perish2\n|upkeep\n|turn|5\n|\n|t:|1776726234\n|move|p2b: Incineroar|Fake Out|p1a: Hydreigon\n|-damage|p1a: Hydreigon|90/100\n|cant|p1a: Hydreigon|flinch\n|move|p2a: Gengar|Substitute|p2a: Gengar\n|-start|p2a: Gengar|Substitute\n|-damage|p2a: Gengar|76/100\n|move|p1b: Alakazam|Psyshock|p2a: Gengar\n|-supereffective|p2a: Gengar|1\n|-end|p2a: Gengar|Substitute\n|\n|-start|p1a: Hydreigon|perish1\n|-start|p2a: Gengar|perish1\n|-start|p1b: Alakazam|perish1\n|upkeep\n|turn|6\n|\n|t:|1776726258\n|switch|p2a: Sinistcha|Sinistcha, L50|39/100\n|-heal|p2b: Incineroar|100/100|[from] ability: Hospitality|[of] p2a: Sinistcha\n|move|p2b: Incineroar|Protect|p2b: Incineroar\n|-singleturn|p2b: Incineroar|Protect\n|move|p1a: Hydreigon|Draco Meteor|p2b: Incineroar\n|-activate|p2b: Incineroar|move: Protect\n|move|p1b: Alakazam|Psyshock|p2a: Sinistcha\n|-damage|p2a: Sinistcha|13/100\n|\n|-start|p1a: Hydreigon|perish0\n|-start|p1b: Alakazam|perish0\n|faint|p1a: Hydreigon\n|faint|p1b: Alakazam\n|upkeep\n|\n|t:|1776726264\n|switch|p1b: Empoleon|Empoleon, L50, F|100/100\n|switch|p1a: Arcanine|Arcanine-Hisui, L50, F|95/100\n|-ability|p1a: Arcanine|Intimidate|boost\n|-unboost|p2a: Sinistcha|atk|1\n|-unboost|p2b: Incineroar|atk|1\n|turn|7\n|\n|t:|1776726287\n|switch|p2b: Archaludon|Archaludon, L50, M|100/100\n|move|p2a: Sinistcha|Protect|p2a: Sinistcha\n|-singleturn|p2a: Sinistcha|Protect\n|move|p1a: Arcanine|Rock Slide|p2a: Sinistcha|[spread] p2b\n|-activate|p2a: Sinistcha|move: Protect\n|-resisted|p2b: Archaludon|1\n|-damage|p2b: Archaludon|91/100\n|-ability|p2b: Archaludon|Stamina|boost\n|-boost|p2b: Archaludon|def|1\n|move|p1b: Empoleon|Ice Beam|p2a: Sinistcha\n|-activate|p2a: Sinistcha|move: Protect\n|\n|-heal|p2b: Archaludon|97/100|[from] item: Leftovers\n|upkeep\n|turn|8\n|-message|HURRICANE984 forfeited.\n|\n|win|Kaazarav\n|raw|HURRICANE984's rating: 1093 &rarr; <strong>1069</strong><br />(-24 for losing)\n|raw|Kaazarav's rating: 1088 &rarr; <strong>1115</strong><br />(+27 for winning)\n|l|\u2606HURRICANE984\n|player|p1|\n",
  "uploadtime": 1776726296,
  "views": 3,
  "formatid": "gen9championsvgc2026regma",
  "rating": 1069,
  "private": 0,
  "password": null
}