{
  "id": "gen9championsvgc2026regma-2588177392",
  "format": "[Gen 9 Champions] VGC 2026 Reg M-A",
  "players": [
    "JuanSR",
    "helloiamkien42"
  ],
  "log": "|j|\u2606JuanSR\n|j|\u2606helloiamkien42\n|t:|1776611779\n|gametype|doubles\n|player|p1|JuanSR|flannery|1156\n|player|p2|helloiamkien42|169|1070\n|gen|9\n|tier|[Gen 9 Champions] VGC 2026 Reg M-A\n|rated|\n|rule|Species Clause: Limit one of each Pok\u00e9mon\n|rule|Item Clause: Limit 1 of each item\n|clearpoke\n|poke|p1|Sneasler, L50, F|\n|poke|p1|Delphox, L50, M|\n|poke|p1|Aerodactyl, L50, M|\n|poke|p1|Samurott-Hisui, L50, M, shiny|\n|poke|p1|Tsareena, L50, F|\n|poke|p1|Dragapult, L50, M|\n|poke|p2|Scovillain, L50, F|\n|poke|p2|Aerodactyl, L50, F|\n|poke|p2|Froslass, L50, F|\n|poke|p2|Farigiraf, L50, M|\n|poke|p2|Garchomp, L50, M|\n|poke|p2|Incineroar, L50, F|\n|teampreview|4\n|\n|t:|1776611804\n|teamsize|p1|4\n|teamsize|p2|4\n|start\n|switch|p1a: Delphox|Delphox, L50, M|100/100\n|switch|p1b: Samurott|Samurott-Hisui, L50, M, shiny|100/100\n|switch|p2a: Scovillain|Scovillain, L50, F|100/100\n|switch|p2b: Aerodactyl|Aerodactyl, L50, F|100/100\n|-ability|p2b: Aerodactyl|Unnerve\n|turn|1\n|\n|t:|1776611845\n|detailschange|p1a: Delphox|Delphox-Mega, L50, M\n|-mega|p1a: Delphox|Delphox|Delphoxite\n|detailschange|p2a: Scovillain|Scovillain-Mega, L50, F\n|-mega|p2a: Scovillain|Scovillain|Scovillainite\n|move|p1b: Samurott|Ceaseless Edge|p2b: Aerodactyl\n|-damage|p2b: Aerodactyl|27/100\n|-sidestart|p2: helloiamkien42|Spikes\n|move|p2b: Aerodactyl|Tailwind|p2b: Aerodactyl\n|-sidestart|p2: helloiamkien42|move: Tailwind\n|move|p2a: Scovillain|Leech Seed|p1b: Samurott\n|-start|p1b: Samurott|move: Leech Seed\n|move|p1a: Delphox|Psychic|p2b: Aerodactyl\n|-damage|p2b: Aerodactyl|0 fnt\n|faint|p2b: Aerodactyl\n|\n|-damage|p1b: Samurott|89/100|[from] Leech Seed|[of] p2a: Scovillain\n|upkeep\n|\n|t:|1776611861\n|switch|p2b: Garchomp|Garchomp, L50, M|100/100\n|-damage|p2b: Garchomp|88/100|[from] Spikes\n|turn|2\n|\n|t:|1776611884\n|switch|p1b: Dragapult|Dragapult, L50, M|100/100\n|move|p2b: Garchomp|Rock Slide|p1b: Dragapult|[spread] p1a,p1b\n|-supereffective|p1a: Delphox|1\n|-damage|p1a: Delphox|54/100\n|-damage|p1b: Dragapult|74/100\n|move|p2a: Scovillain|Leech Seed|p1a: Delphox\n|-start|p1a: Delphox|move: Leech Seed\n|move|p1a: Delphox|Heat Wave|p2b: Garchomp|[spread] p2a,p2b\n|-resisted|p2b: Garchomp|1\n|-damage|p2a: Scovillain|60/100\n|-damage|p2b: Garchomp|68/100\n|-status|p2b: Garchomp|brn\n|-immune|p1a: Delphox\n|\n|-damage|p1a: Delphox|42/100|[from] Leech Seed|[of] p2a: Scovillain\n|-heal|p2a: Scovillain|71/100|[silent]\n|-damage|p2b: Garchomp|62/100 brn|[from] brn\n|upkeep\n|turn|3\n|\n|t:|1776611918\n|switch|p1a: Samurott|Samurott-Hisui, L50, M, shiny|89/100\n|move|p2b: Garchomp|Rock Slide|p1b: Dragapult|[spread] p1a,p1b\n|-damage|p1a: Samurott|77/100\n|-damage|p1b: Dragapult|62/100\n|move|p2a: Scovillain|Leech Seed|p1b: Dragapult\n|-start|p1b: Dragapult|move: Leech Seed\n|cant|p1b: Dragapult|flinch\n|\n|-damage|p1b: Dragapult|49/100|[from] Leech Seed|[of] p2a: Scovillain\n|-heal|p2a: Scovillain|84/100|[silent]\n|-damage|p2b: Garchomp|56/100 brn|[from] brn\n|upkeep\n|turn|4\n|\n|t:|1776611940\n|move|p2b: Garchomp|Rock Slide|p1a: Samurott|[spread] p1b\n|-miss|p2b: Garchomp|p1a: Samurott\n|-damage|p1b: Dragapult|38/100\n|move|p2a: Scovillain|Giga Drain|p1a: Samurott\n|-supereffective|p1a: Samurott|1\n|-damage|p1a: Samurott|0 fnt\n|-heal|p2a: Scovillain|100/100|[from] drain|[of] p1a: Samurott\n|faint|p1a: Samurott\n|cant|p1b: Dragapult|flinch\n|\n|-damage|p1b: Dragapult|25/100|[from] Leech Seed|[of] p2a: Scovillain\n|-damage|p2b: Garchomp|50/100 brn|[from] brn\n|-sideend|p2: helloiamkien42|move: Tailwind\n|upkeep\n|\n|t:|1776611957\n|switch|p1a: Aerodactyl|Aerodactyl, L50, M|100/100\n|turn|5\n|\n|t:|1776611973\n|switch|p1b: Delphox|Delphox-Mega, L50, M|42/100\n|move|p1a: Aerodactyl|Wide Guard|p1a: Aerodactyl\n|-singleturn|p1a: Aerodactyl|Wide Guard\n|move|p2b: Garchomp|Rock Slide|p1a: Aerodactyl|[spread] \n|-activate|p1a: Aerodactyl|move: Wide Guard\n|-activate|p1b: Delphox|move: Wide Guard\n|move|p2a: Scovillain|Leech Seed|p1a: Aerodactyl\n|-start|p1a: Aerodactyl|move: Leech Seed\n|\n|-damage|p1a: Aerodactyl|88/100|[from] Leech Seed|[of] p2a: Scovillain\n|-damage|p2b: Garchomp|45/100 brn|[from] brn\n|upkeep\n|turn|6\n|\n|t:|1776611998\n|move|p2b: Garchomp|Rock Slide|p1b: Delphox|[spread] p1a,p1b\n|-supereffective|p1a: Aerodactyl|1\n|-supereffective|p1b: Delphox|1\n|-damage|p1a: Aerodactyl|59/100\n|-damage|p1b: Delphox|19/100\n|cant|p1a: Aerodactyl|flinch\n|move|p1b: Delphox|Calm Mind|p1b: Delphox\n|-boost|p1b: Delphox|spa|1\n|-boost|p1b: Delphox|spd|1\n|move|p2a: Scovillain|Leech Seed|p1b: Delphox\n|-start|p1b: Delphox|move: Leech Seed\n|\n|-damage|p1a: Aerodactyl|47/100|[from] Leech Seed|[of] p2a: Scovillain\n|-damage|p1b: Delphox|7/100|[from] Leech Seed|[of] p2a: Scovillain\n|-damage|p2b: Garchomp|39/100 brn|[from] brn\n|upkeep\n|turn|7\n|c|\u2606JuanSR|Man, you play like shit\n|c|\u2606JuanSR|For real\n|c|\u2606helloiamkien42|king rock garchomp\n|c|\u2606helloiamkien42|nah\n|\n|t:|1776612029\n|move|p2a: Scovillain|Protect|p2a: Scovillain\n|-singleturn|p2a: Scovillain|Protect\n|move|p2b: Garchomp|Rock Slide|p1b: Delphox|[spread] p1a,p1b\n|-supereffective|p1a: Aerodactyl|1\n|-supereffective|p1b: Delphox|1\n|-damage|p1a: Aerodactyl|16/100\n|-damage|p1b: Delphox|0 fnt\n|faint|p1b: Delphox\n|cant|p1a: Aerodactyl|flinch\n|\n|-damage|p1a: Aerodactyl|4/100|[from] Leech Seed|[of] p2a: Scovillain\n|-damage|p2b: Garchomp|33/100 brn|[from] brn\n|upkeep\n|c|\u2606JuanSR|Into wide guard\n|-message|JuanSR forfeited.\n|\n|win|helloiamkien42\n|raw|JuanSR's rating: 1156 &rarr; <strong>1125</strong><br />(-31 for losing)\n|raw|helloiamkien42's rating: 1070 &rarr; <strong>1107</strong><br />(+37 for winning)\n|l|\u2606JuanSR\n|player|p1|\n|j|\u2606JuanSR\n|player|p1|JuanSR|flannery|\n",
  "uploadtime": 1776612074,
  "views": 17,
  "formatid": "gen9championsvgc2026regma",
  "rating": 1107,
  "private": 0,
  "password": null
}