{
  "id": "gen9championsvgc2026regma-2589564101",
  "format": "[Gen 9 Champions] VGC 2026 Reg M-A",
  "players": [
    "Raposooso",
    "DaddyWex"
  ],
  "log": "|j|\u2606Raposooso\n|j|\u2606DaddyWex\n|t:|1776734542\n|gametype|doubles\n|player|p1|Raposooso|fisherman-gen4|1225\n|player|p2|DaddyWex|turo|1164\n|gen|9\n|tier|[Gen 9 Champions] VGC 2026 Reg M-A\n|rated|\n|rule|Species Clause: Limit one of each Pok\u00e9mon\n|rule|Item Clause: Limit 1 of each item\n|clearpoke\n|poke|p1|Delphox, L50, F|\n|poke|p1|Sableye, L50, M|\n|poke|p1|Corviknight, L50, F|\n|poke|p1|Sylveon, L50, M, shiny|\n|poke|p1|Rotom-Wash, L50|\n|poke|p1|Garchomp, L50, M|\n|poke|p2|Venusaur, L50, M|\n|poke|p2|Charizard, L50, F, shiny|\n|poke|p2|Milotic, L50, F|\n|poke|p2|Sneasler, L50, F|\n|poke|p2|Hydrapple, L50, M|\n|poke|p2|Tinkaton, L50, F|\n|teampreview|4\n|\n|t:|1776734605\n|teamsize|p1|4\n|teamsize|p2|4\n|start\n|switch|p1a: Delphox|Delphox, L50, F|100/100\n|switch|p1b: Sableye|Sableye, L50, M|100/100\n|switch|p2a: Milotic|Milotic, L50, F|100/100\n|switch|p2b: Sneasler|Sneasler, L50, F|100/100\n|turn|1\n|inactive|Battle timer is ON: inactive players will automatically lose when time's up. (requested by DaddyWex)\n|\n|t:|1776734619\n|move|p1b: Sableye|Detect|p1b: Sableye\n|-singleturn|p1b: Sableye|Protect\n|move|p1a: Delphox|Protect|p1a: Delphox\n|-singleturn|p1a: Delphox|Protect\n|move|p2b: Sneasler|Fake Out|p1a: Delphox\n|-activate|p1a: Delphox|move: Protect\n|move|p2a: Milotic|Coil|p2a: Milotic\n|-boost|p2a: Milotic|atk|1\n|-boost|p2a: Milotic|def|1\n|-boost|p2a: Milotic|accuracy|1\n|\n|upkeep\n|turn|2\n|\n|t:|1776734639\n|switch|p2b: Hydrapple|Hydrapple, L50, M|100/100\n|-ability|p2b: Hydrapple|Supersweet Syrup\n|-unboost|p1a: Delphox|evasion|1\n|-unboost|p1b: Sableye|evasion|1\n|detailschange|p1a: Delphox|Delphox-Mega, L50, F\n|-mega|p1a: Delphox|Delphox|Delphoxite\n|move|p1b: Sableye|Encore||[still]\n|-fail|p1b: Sableye\n|move|p1a: Delphox|Encore|p2a: Milotic\n|-start|p2a: Milotic|Encore\n|move|p2a: Milotic|Coil|p2a: Milotic\n|-boost|p2a: Milotic|atk|1\n|-boost|p2a: Milotic|def|1\n|-boost|p2a: Milotic|accuracy|1\n|\n|upkeep\n|turn|3\n|inactive|Raposooso has 30 seconds left.\n|inactive|DaddyWex has 30 seconds left.\n|\n|t:|1776734669\n|move|p1b: Sableye|Detect|p1b: Sableye\n|-singleturn|p1b: Sableye|Protect\n|move|p1a: Delphox|Dazzling Gleam|p2b: Hydrapple|[spread] p2a,p2b\n|-supereffective|p2b: Hydrapple|1\n|-damage|p2a: Milotic|83/100\n|-damage|p2b: Hydrapple|50/100\n|-enditem|p2b: Hydrapple|Sitrus Berry|[eat]\n|-heal|p2b: Hydrapple|75/100|[from] item: Sitrus Berry\n|move|p2a: Milotic|Coil|p2a: Milotic\n|-boost|p2a: Milotic|atk|1\n|-boost|p2a: Milotic|def|1\n|-boost|p2a: Milotic|accuracy|1\n|move|p2b: Hydrapple|Fickle Beam|p1a: Delphox|[anim] Fickle Beam All Out\n|-activate|p2b: Hydrapple|move: Fickle Beam\n|-damage|p1a: Delphox|17/100\n|\n|-heal|p2a: Milotic|89/100|[from] item: Leftovers\n|upkeep\n|turn|4\n|inactive|Raposooso has 30 seconds left.\n|\n|t:|1776734694\n|move|p1b: Sableye|Disable|p2b: Hydrapple\n|-start|p2b: Hydrapple|Disable|Fickle Beam\n|move|p1a: Delphox|Dazzling Gleam|p2a: Milotic|[spread] p2a,p2b\n|-supereffective|p2b: Hydrapple|1\n|-damage|p2a: Milotic|71/100\n|-damage|p2b: Hydrapple|27/100\n|move|p2a: Milotic|Coil|p2a: Milotic\n|-boost|p2a: Milotic|atk|1\n|-boost|p2a: Milotic|def|1\n|-boost|p2a: Milotic|accuracy|1\n|cant|p2b: Hydrapple|Disable|Fickle Beam\n|\n|-heal|p2a: Milotic|77/100|[from] item: Leftovers\n|-end|p2a: Milotic|Encore\n|upkeep\n|turn|5\n|\n|t:|1776734717\n|switch|p2b: Charizard|Charizard, L50, F, shiny|100/100\n|move|p1b: Sableye|Encore|p2a: Milotic\n|-start|p2a: Milotic|Encore\n|move|p1a: Delphox|Dazzling Gleam|p2a: Milotic|[spread] p2a,p2b\n|-resisted|p2b: Charizard|1\n|-damage|p2a: Milotic|60/100\n|-damage|p2b: Charizard|86/100\n|move|p2a: Milotic|Coil|p2a: Milotic\n|-boost|p2a: Milotic|atk|1\n|-boost|p2a: Milotic|def|1\n|-boost|p2a: Milotic|accuracy|1\n|\n|-heal|p2a: Milotic|66/100|[from] item: Leftovers\n|upkeep\n|turn|6\n|\n|t:|1776734738\n|detailschange|p2b: Charizard|Charizard-Mega-Y, L50, F, shiny\n|-mega|p2b: Charizard|Charizard|Charizardite Y\n|-weather|SunnyDay|[from] ability: Drought|[of] p2b: Charizard\n|move|p1b: Sableye|Detect|p1b: Sableye\n|-singleturn|p1b: Sableye|Protect\n|move|p1a: Delphox|Protect|p1a: Delphox\n|-singleturn|p1a: Delphox|Protect\n|move|p2b: Charizard|Heat Wave|p1b: Sableye|[spread] \n|-activate|p1a: Delphox|move: Protect\n|-activate|p1b: Sableye|move: Protect\n|move|p2a: Milotic|Coil|p2a: Milotic\n|-boost|p2a: Milotic|atk|1\n|-boost|p2a: Milotic|def|1\n|-boost|p2a: Milotic|accuracy|1\n|\n|-weather|SunnyDay|[upkeep]\n|-heal|p2a: Milotic|72/100|[from] item: Leftovers\n|upkeep\n|turn|7\n|\n|t:|1776734757\n|move|p1b: Sableye|Disable|p2b: Charizard\n|-start|p2b: Charizard|Disable|Heat Wave\n|move|p1a: Delphox|Heat Wave|p2b: Charizard|[spread] p2a,p2b\n|-resisted|p2a: Milotic|1\n|-resisted|p2b: Charizard|1\n|-damage|p2a: Milotic|52/100\n|-damage|p2b: Charizard|54/100\n|move|p2b: Charizard|Weather Ball|p1b: Sableye\n|-damage|p1b: Sableye|7/100\n|move|p2a: Milotic|Coil|p2a: Milotic\n|-boost|p2a: Milotic|atk|0\n|-boost|p2a: Milotic|def|0\n|-boost|p2a: Milotic|accuracy|0\n|\n|-weather|SunnyDay|[upkeep]\n|-heal|p2a: Milotic|58/100|[from] item: Leftovers\n|-end|p2a: Milotic|Encore\n|upkeep\n|turn|8\n|\n|t:|1776734781\n|move|p1b: Sableye|Encore|p2a: Milotic\n|-start|p2a: Milotic|Encore\n|move|p1a: Delphox|Heat Wave|p2a: Milotic|[spread] p2a\n|-miss|p1a: Delphox|p2b: Charizard\n|-resisted|p2a: Milotic|1\n|-damage|p2a: Milotic|36/100\n|move|p2b: Charizard|Weather Ball|p1b: Sableye\n|-damage|p1b: Sableye|0 fnt\n|faint|p1b: Sableye\n|move|p2a: Milotic|Coil|p2a: Milotic\n|-boost|p2a: Milotic|atk|0\n|-boost|p2a: Milotic|def|0\n|-boost|p2a: Milotic|accuracy|0\n|\n|-weather|SunnyDay|[upkeep]\n|-heal|p2a: Milotic|42/100|[from] item: Leftovers\n|upkeep\n|\n|t:|1776734799\n|switch|p1b: Rotom|Rotom-Wash, L50|100/100\n|turn|9\n|\n|t:|1776734810\n|move|p1a: Delphox|Heat Wave|p2a: Milotic|[spread] p2a,p2b\n|-resisted|p2a: Milotic|1\n|-resisted|p2b: Charizard|1\n|-damage|p2a: Milotic|19/100\n|-damage|p2b: Charizard|23/100\n|move|p2b: Charizard|Solar Beam||[still]\n|-prepare|p2b: Charizard|Solar Beam\n|-anim|p2b: Charizard|Solar Beam|p1b: Rotom\n|-supereffective|p1b: Rotom|1\n|-damage|p1b: Rotom|19/100\n|move|p1b: Rotom|Volt Switch|p2b: Charizard\n|-supereffective|p2b: Charizard|1\n|-damage|p2b: Charizard|0 fnt\n|faint|p2b: Charizard\n|\n|t:|1776734822\n|switch|p1b: Corviknight|Corviknight, L50, F|100/100|[from] Volt Switch\n|move|p2a: Milotic|Coil|p2a: Milotic\n|-boost|p2a: Milotic|atk|0\n|-boost|p2a: Milotic|def|0\n|-boost|p2a: Milotic|accuracy|0\n|\n|-weather|SunnyDay|[upkeep]\n|-heal|p2a: Milotic|25/100|[from] item: Leftovers\n|upkeep\n|\n|t:|1776734826\n|switch|p2b: Sneasler|Sneasler, L50, F|100/100\n|turn|10\n|\n|t:|1776734844\n|move|p1a: Delphox|Protect|p1a: Delphox\n|-singleturn|p1a: Delphox|Protect\n|move|p2b: Sneasler|Fake Out|p1a: Delphox\n|-activate|p1a: Delphox|move: Protect\n|move|p1b: Corviknight|Iron Defense|p1b: Corviknight\n|-boost|p1b: Corviknight|def|2\n|move|p2a: Milotic|Coil|p2a: Milotic\n|-boost|p2a: Milotic|atk|0\n|-boost|p2a: Milotic|def|0\n|-boost|p2a: Milotic|accuracy|0\n|\n|-weather|none\n|-heal|p2a: Milotic|31/100|[from] item: Leftovers\n|-end|p2a: Milotic|Encore\n|upkeep\n|turn|11\n|inactive|Raposooso has 30 seconds left.\n|\n|t:|1776734880\n|move|p1a: Delphox|Encore|p2a: Milotic\n|-start|p2a: Milotic|Encore\n|move|p2b: Sneasler|Close Combat|p1a: Delphox\n|-resisted|p1a: Delphox|1\n|-damage|p1a: Delphox|0 fnt\n|-unboost|p2b: Sneasler|def|1\n|-unboost|p2b: Sneasler|spd|1\n|faint|p1a: Delphox\n|-enditem|p2b: Sneasler|White Herb\n|-clearnegativeboost|p2b: Sneasler|[silent]\n|move|p1b: Corviknight|Iron Defense|p1b: Corviknight\n|-boost|p1b: Corviknight|def|2\n|move|p2a: Milotic|Coil|p2a: Milotic\n|-boost|p2a: Milotic|atk|0\n|-boost|p2a: Milotic|def|0\n|-boost|p2a: Milotic|accuracy|0\n|\n|-heal|p2a: Milotic|37/100|[from] item: Leftovers\n|upkeep\n|\n|t:|1776734895\n|switch|p1a: Rotom|Rotom-Wash, L50|19/100\n|turn|12\n|\n|t:|1776734914\n|switch|p2a: Hydrapple|Hydrapple, L50, M|27/100\n|move|p1a: Rotom|Protect|p1a: Rotom\n|-singleturn|p1a: Rotom|Protect\n|move|p2b: Sneasler|Dire Claw|p1a: Rotom\n|-activate|p1a: Rotom|move: Protect\n|move|p1b: Corviknight|Tailwind|p1b: Corviknight\n|-sidestart|p1: Raposooso|move: Tailwind\n|\n|upkeep\n|turn|13\n|inactive|Raposooso has 30 seconds left.\n|\n|t:|1776734944\n|move|p2b: Sneasler|Dire Claw|p1a: Rotom\n|-damage|p1a: Rotom|0 fnt\n|faint|p1a: Rotom\n|move|p1b: Corviknight|Body Press|p2a: Hydrapple\n|-damage|p2a: Hydrapple|0 fnt\n|faint|p2a: Hydrapple\n|\n|upkeep\n|\n|t:|1776734951\n|switch|p2a: Milotic|Milotic, L50, F|37/100\n|turn|14\n|\n|t:|1776734962\n|move|p2b: Sneasler|Close Combat|p1b: Corviknight\n|-damage|p1b: Corviknight|85/100\n|-unboost|p2b: Sneasler|def|1\n|-unboost|p2b: Sneasler|spd|1\n|move|p1b: Corviknight|Body Press|p2a: Milotic\n|-damage|p2a: Milotic|0 fnt\n|faint|p2a: Milotic\n|\n|-heal|p1b: Corviknight|91/100|[from] item: Leftovers\n|upkeep\n|turn|15\n|\n|t:|1776734976\n|move|p2b: Sneasler|Close Combat|p1b: Corviknight\n|-damage|p1b: Corviknight|77/100\n|-unboost|p2b: Sneasler|def|1\n|-unboost|p2b: Sneasler|spd|1\n|move|p1b: Corviknight|Body Press|p2b: Sneasler\n|-resisted|p2b: Sneasler|1\n|-damage|p2b: Sneasler|0 fnt\n|faint|p2b: Sneasler\n|\n|win|Raposooso\n|raw|Raposooso's rating: 1225 &rarr; <strong>1246</strong><br />(+21 for winning)\n|raw|DaddyWex's rating: 1164 &rarr; <strong>1143</strong><br />(-21 for losing)\n|l|\u2606DaddyWex\n|player|p2|\n|c|\u2606Raposooso|gg\n",
  "uploadtime": 1776735216,
  "views": 6,
  "formatid": "gen9championsvgc2026regma",
  "rating": 1143,
  "private": 0,
  "password": null
}