{
  "id": "gen9championsvgc2026regma-2581406438",
  "format": "[Gen 9 Champions] VGC 2026 Reg M-A",
  "players": [
    "viperino7",
    "GeorgeBushGaming"
  ],
  "log": "|j|\u2606viperino7\n|j|\u2606GeorgeBushGaming\n|t:|1775997137\n|gametype|doubles\n|player|p1|viperino7|102|1229\n|player|p2|GeorgeBushGaming|colress|1217\n|gen|9\n|tier|[Gen 9 Champions] VGC 2026 Reg M-A\n|rated|\n|rule|Species Clause: Limit one of each Pok\u00e9mon\n|rule|Item Clause: Limit 1 of each item\n|clearpoke\n|poke|p1|Garchomp, L50, M|\n|poke|p1|Sneasler, L50, F|\n|poke|p1|Floette-Eternal, L50, F|\n|poke|p1|Rotom-Wash, L50|\n|poke|p1|Incineroar, L50, M|\n|poke|p1|Aerodactyl, L50, F|\n|poke|p2|Kingambit, L50, F|\n|poke|p2|Floette-Eternal, L50, F|\n|poke|p2|Glimmora, L50, F|\n|poke|p2|Kommo-o, L50, F|\n|poke|p2|Incineroar, L50, F|\n|poke|p2|Sinistcha, L50|\n|teampreview|4\n|inactive|Battle timer is ON: inactive players will automatically lose when time's up. (requested by GeorgeBushGaming)\n|inactive|viperino7 has 60 seconds left.\n|inactive|GeorgeBushGaming has 60 seconds left.\n|\n|t:|1775997195\n|teamsize|p1|4\n|teamsize|p2|4\n|start\n|switch|p1a: Aerodactyl|Aerodactyl, L50, F|100/100\n|switch|p1b: Garchomp|Garchomp, L50, M, shiny|100/100\n|switch|p2a: Incineroar|Incineroar, L50, F|100/100\n|switch|p2b: Sinistcha|Sinistcha, L50|100/100\n|-ability|p1a: Aerodactyl|Unnerve\n|-ability|p2a: Incineroar|Intimidate|boost\n|-unboost|p1a: Aerodactyl|atk|1\n|-unboost|p1b: Garchomp|atk|1\n|turn|1\n|\n|t:|1775997212\n|move|p1a: Aerodactyl|Protect|p1a: Aerodactyl\n|-singleturn|p1a: Aerodactyl|Protect\n|move|p1b: Garchomp|Earthquake|p2b: Sinistcha|[spread] p2a,p2b\n|-activate|p1a: Aerodactyl|move: Protect\n|-supereffective|p2a: Incineroar|1\n|-resisted|p2b: Sinistcha|1\n|-damage|p2a: Incineroar|48/100\n|-damage|p2b: Sinistcha|89/100\n|move|p2a: Incineroar|Parting Shot|p1b: Garchomp\n|-unboost|p1b: Garchomp|atk|1\n|-unboost|p1b: Garchomp|spa|1\n|\n|t:|1775997222\n|switch|p2a: Kommo-o|Kommo-o, L50, F|100/100|[from] Parting Shot\n|move|p2b: Sinistcha|Matcha Gotcha|p1a: Aerodactyl|[spread] p1b\n|-activate|p1a: Aerodactyl|move: Protect\n|-damage|p1b: Garchomp|73/100\n|-heal|p2b: Sinistcha|100/100|[from] drain|[of] p1b: Garchomp\n|\n|upkeep\n|turn|2\n|\n|t:|1775997229\n|switch|p1b: Sneasler|Sneasler, L50, F|100/100\n|move|p2b: Sinistcha|Rage Powder|p2b: Sinistcha\n|-singleturn|p2b: Sinistcha|move: Rage Powder\n|move|p1a: Aerodactyl|Tailwind|p1a: Aerodactyl\n|-sidestart|p1: viperino7|move: Tailwind\n|move|p2a: Kommo-o|Clangorous Soul|p2a: Kommo-o\n|-boost|p2a: Kommo-o|atk|1\n|-boost|p2a: Kommo-o|def|1\n|-boost|p2a: Kommo-o|spa|1\n|-boost|p2a: Kommo-o|spd|1\n|-boost|p2a: Kommo-o|spe|1\n|-damage|p2a: Kommo-o|68/100\n|\n|-heal|p2a: Kommo-o|74/100|[from] item: Leftovers\n|upkeep\n|turn|3\n|inactive|viperino7 has 30 seconds left.\n|\n|t:|1775997254\n|switch|p2b: Incineroar|Incineroar, L50, F|48/100\n|-ability|p2b: Incineroar|Intimidate|boost\n|-unboost|p1a: Aerodactyl|atk|1\n|-unboost|p1b: Sneasler|atk|1\n|-enditem|p1b: Sneasler|White Herb\n|-clearnegativeboost|p1b: Sneasler|[silent]\n|move|p2a: Kommo-o|Protect|p2a: Kommo-o\n|-singleturn|p2a: Kommo-o|Protect\n|move|p1b: Sneasler|Fake Out|p2a: Kommo-o\n|-activate|p2a: Kommo-o|move: Protect\n|move|p1a: Aerodactyl|Dual Wingbeat|p2a: Kommo-o\n|-activate|p2a: Kommo-o|move: Protect\n|\n|-heal|p2a: Kommo-o|80/100|[from] item: Leftovers\n|upkeep\n|turn|4\n|\n|t:|1775997274\n|switch|p1a: Garchomp|Garchomp, L50, M, shiny|73/100\n|-enditem|p2b: Incineroar|Sitrus Berry|[eat]\n|-heal|p2b: Incineroar|73/100|[from] item: Sitrus Berry\n|switch|p2b: Sinistcha|Sinistcha, L50|100/100\n|-heal|p2a: Kommo-o|100/100|[from] ability: Hospitality|[of] p2b: Sinistcha\n|move|p1b: Sneasler|Close Combat|p2b: Sinistcha\n|-immune|p2b: Sinistcha\n|move|p2a: Kommo-o|Clanging Scales|p1b: Sneasler|[spread] p1a,p1b\n|-supereffective|p1a: Garchomp|1\n|-damage|p1a: Garchomp|0 fnt\n|-damage|p1b: Sneasler|32/100\n|faint|p1a: Garchomp\n|-unboost|p2a: Kommo-o|def|1\n|\n|upkeep\n|\n|t:|1775997285\n|switch|p1a: Floette|Floette-Eternal, L50, F|100/100\n|turn|5\n|\n|t:|1775997301\n|switch|p1b: Aerodactyl|Aerodactyl, L50, F|100/100\n|-ability|p1b: Aerodactyl|Unnerve\n|detailschange|p1a: Floette|Floette-Mega, L50, F\n|-mega|p1a: Floette|Floette|Floettite\n|-ability|p1a: Floette|Fairy Aura\n|move|p2a: Kommo-o|Protect|p2a: Kommo-o\n|-singleturn|p2a: Kommo-o|Protect\n|move|p1a: Floette|Calm Mind|p1a: Floette\n|-boost|p1a: Floette|spa|1\n|-boost|p1a: Floette|spd|1\n|move|p2b: Sinistcha|Matcha Gotcha|p1a: Floette|[spread] p1a,p1b\n|-damage|p1a: Floette|88/100\n|-damage|p1b: Aerodactyl|64/100\n|-status|p1b: Aerodactyl|brn\n|\n|-damage|p1b: Aerodactyl|58/100 brn|[from] brn\n|-sideend|p1: viperino7|move: Tailwind\n|upkeep\n|turn|6\n|\n|t:|1775997327\n|move|p1b: Aerodactyl|Tailwind|p1b: Aerodactyl\n|-sidestart|p1: viperino7|move: Tailwind\n|move|p1a: Floette|Dazzling Gleam|p2b: Sinistcha|[spread] p2a,p2b\n|-supereffective|p2a: Kommo-o|2\n|-damage|p2a: Kommo-o|0 fnt\n|-damage|p2b: Sinistcha|31/100\n|faint|p2a: Kommo-o\n|move|p2b: Sinistcha|Trick Room|p2b: Sinistcha\n|-fieldstart|move: Trick Room|[of] p2b: Sinistcha\n|\n|-damage|p1b: Aerodactyl|52/100 brn|[from] brn\n|upkeep\n|\n|t:|1775997334\n|switch|p2a: Floette|Floette-Eternal, L50, F|100/100\n|turn|7\n|\n|t:|1775997345\n|detailschange|p2a: Floette|Floette-Mega, L50, F\n|-mega|p2a: Floette|Floette|Floettite\n|-ability|p2a: Floette|Fairy Aura\n|move|p2b: Sinistcha|Life Dew||[still]|[spread] p2a,p2b\n|-fail|p2a: Floette|heal\n|-heal|p2b: Sinistcha|57/100\n|move|p2a: Floette|Dazzling Gleam|p1b: Aerodactyl|[spread] p1a,p1b\n|-damage|p1a: Floette|65/100\n|-damage|p1b: Aerodactyl|0 fnt\n|faint|p1b: Aerodactyl\n|move|p1a: Floette|Moonblast|p2a: Floette\n|-damage|p2a: Floette|11/100\n|\n|upkeep\n|\n|t:|1775997357\n|switch|p1b: Sneasler|Sneasler, L50, F|32/100\n|turn|8\n|\n|t:|1775997371\n|move|p2a: Floette|Protect|p2a: Floette\n|-singleturn|p2a: Floette|Protect\n|move|p1b: Sneasler|Fake Out|p2a: Floette\n|-activate|p2a: Floette|move: Protect\n|move|p2b: Sinistcha|Life Dew|p2b: Sinistcha|[spread] p2a,p2b\n|-heal|p2a: Floette|36/100\n|-heal|p2b: Sinistcha|82/100\n|move|p1a: Floette|Calm Mind|p1a: Floette\n|-boost|p1a: Floette|spa|1\n|-boost|p1a: Floette|spd|1\n|\n|upkeep\n|turn|9\n|\n|t:|1775997388\n|move|p2b: Sinistcha|Matcha Gotcha|p1b: Sneasler|[spread] p1a,p1b\n|-resisted|p1b: Sneasler|1\n|-damage|p1a: Floette|57/100\n|-heal|p2b: Sinistcha|86/100|[from] drain|[of] p1a: Floette\n|-damage|p1b: Sneasler|15/100\n|-heal|p2b: Sinistcha|94/100|[from] drain|[of] p1b: Sneasler\n|move|p2a: Floette|Moonblast|p1a: Floette\n|-damage|p1a: Floette|28/100\n|move|p1a: Floette|Dazzling Gleam|p2a: Floette|[spread] p2a,p2b\n|-damage|p2a: Floette|0 fnt\n|-damage|p2b: Sinistcha|0 fnt\n|faint|p2a: Floette\n|faint|p2b: Sinistcha\n|move|p1b: Sneasler|Coaching|p1a: Floette\n|-boost|p1a: Floette|atk|1\n|-boost|p1a: Floette|def|1\n|\n|-sideend|p1: viperino7|move: Tailwind\n|upkeep\n|-message|GeorgeBushGaming forfeited.\n|\n|win|viperino7\n|raw|viperino7's rating: 1229 &rarr; <strong>1253</strong><br />(+24 for winning)\n|raw|GeorgeBushGaming's rating: 1217 &rarr; <strong>1193</strong><br />(-24 for losing)\n|l|\u2606GeorgeBushGaming\n|player|p2|\n",
  "uploadtime": 1775997412,
  "views": 22,
  "formatid": "gen9championsvgc2026regma",
  "rating": 1193,
  "private": 0,
  "password": null
}