{
  "id": "gen9championsvgc2026regma-2583401917",
  "format": "[Gen 9 Champions] VGC 2026 Reg M-A",
  "players": [
    "L_Yami_H",
    "raulradur03"
  ],
  "log": "|j|\u2606L_Yami_H\n|j|\u2606raulradur03\n|t:|1776173199\n|gametype|doubles\n|player|p1|L_Yami_H|ghetsis|1244\n|player|p2|raulradur03|266|1176\n|gen|9\n|tier|[Gen 9 Champions] VGC 2026 Reg M-A\n|rated|\n|rule|Species Clause: Limit one of each Pok\u00e9mon\n|rule|Item Clause: Limit 1 of each item\n|clearpoke\n|poke|p1|Sableye, L50, M|\n|poke|p1|Victreebel, L50, F|\n|poke|p1|Sneasler, L50, F|\n|poke|p1|Araquanid, L50, F|\n|poke|p1|Kingambit, L50, M|\n|poke|p1|Arcanine, L50, M|\n|poke|p2|Charizard, L50, M|\n|poke|p2|Venusaur, L50, M|\n|poke|p2|Whimsicott, L50, F|\n|poke|p2|Incineroar, L50, M|\n|poke|p2|Aegislash, L50, F|\n|poke|p2|Rhyperior, L50, F|\n|teampreview|4\nraulradur03 has agreed to open team sheets.\n|inactive|Battle timer is ON: inactive players will automatically lose when time's up. (requested by raulradur03)\n|\n|t:|1776173224\n|teamsize|p1|4\n|teamsize|p2|4\n|start\n|switch|p1a: Dess|Sneasler, L50, F, shiny|100/100\n|switch|p1b: Weeber|Araquanid, L50, F|100/100\n|switch|p2a: Charizard|Charizard, L50, M|100/100\n|switch|p2b: Venusaur|Venusaur, L50, M|100/100\n|turn|1\n|\n|t:|1776173237\n|detailschange|p2a: Charizard|Charizard-Mega-Y, L50, M\n|-mega|p2a: Charizard|Charizard|Charizardite Y\n|-weather|SunnyDay|[from] ability: Drought|[of] p2a: Charizard\n|move|p2a: Charizard|Protect|p2a: Charizard\n|-singleturn|p2a: Charizard|Protect\n|move|p1a: Dess|Fake Out|p2b: Venusaur\n|-damage|p2b: Venusaur|78/100\n|cant|p2b: Venusaur|flinch\n|move|p1b: Weeber|Liquidation|p2a: Charizard\n|-activate|p2a: Charizard|move: Protect\n|\n|-weather|SunnyDay|[upkeep]\n|upkeep\n|turn|2\n|\n|t:|1776173259\n|move|p1a: Dess|Protect|p1a: Dess\n|-singleturn|p1a: Dess|Protect\n|move|p2b: Venusaur|Sludge Bomb|p1b: Weeber\n|-damage|p1b: Weeber|63/100\n|move|p2a: Charizard|Air Slash|p1b: Weeber\n|-supereffective|p1b: Weeber|1\n|-damage|p1b: Weeber|0 fnt\n|faint|p1b: Weeber\n|\n|-weather|SunnyDay|[upkeep]\n|upkeep\n|\n|t:|1776173271\n|switch|p1b: Gabu|Arcanine, L50, M|100/100\n|-ability|p1b: Gabu|Intimidate|boost\n|-unboost|p2a: Charizard|atk|1\n|-unboost|p2b: Venusaur|atk|1\n|turn|3\n|\n|t:|1776173279\n|move|p2b: Venusaur|Sludge Bomb|p1b: Gabu\n|-damage|p1b: Gabu|51/100\n|move|p1a: Dess|Dire Claw|p2a: Charizard\n|-damage|p2a: Charizard|36/100\n|move|p2a: Charizard|Heat Wave|p1b: Gabu|[spread] p1a,p1b\n|-resisted|p1b: Gabu|1\n|-damage|p1a: Dess|9/100\n|-damage|p1b: Gabu|19/100\n|-enditem|p1b: Gabu|Sitrus Berry|[eat]\n|-heal|p1b: Gabu|44/100|[from] item: Sitrus Berry\n|move|p1b: Gabu|Flare Blitz|p2a: Charizard\n|-resisted|p2a: Charizard|1\n|-damage|p2a: Charizard|0 fnt\n|faint|p2a: Charizard\n|-damage|p1b: Gabu|35/100|[from] Recoil\n|\n|-weather|SunnyDay|[upkeep]\n|upkeep\n|\n|t:|1776173293\n|switch|p2a: Incineroar|Incineroar, L50, M, shiny|100/100\n|-ability|p2a: Incineroar|Intimidate|boost\n|-unboost|p1a: Dess|atk|1\n|-unboost|p1b: Gabu|atk|1\n|-enditem|p1a: Dess|White Herb\n|-clearnegativeboost|p1a: Dess|[silent]\n|turn|4\n|\n|t:|1776173303\n|move|p1a: Dess|Protect|p1a: Dess\n|-singleturn|p1a: Dess|Protect\n|move|p2a: Incineroar|Fake Out|p1a: Dess\n|-activate|p1a: Dess|move: Protect\n|move|p2b: Venusaur|Sludge Bomb|p1b: Gabu\n|-damage|p1b: Gabu|0 fnt\n|faint|p1b: Gabu\n|\n|-weather|SunnyDay|[upkeep]\n|upkeep\n|\n|t:|1776173310\n|switch|p1b: Baret|Victreebel, L50, F, shiny|100/100\n|turn|5\n|\n|t:|1776173326\n|detailschange|p1b: Baret|Victreebel-Mega, L50, F, shiny\n|-mega|p1b: Baret|Victreebel|Victreebelite\n|move|p1a: Dess|Close Combat|p2a: Incineroar\n|-supereffective|p2a: Incineroar|1\n|-damage|p2a: Incineroar|0 fnt\n|-unboost|p1a: Dess|def|1\n|-unboost|p1a: Dess|spd|1\n|faint|p2a: Incineroar\n|move|p2b: Venusaur|Sludge Bomb|p1b: Baret\n|-damage|p1b: Baret|55/100\n|move|p1b: Baret|Sludge Bomb|p2b: Venusaur\n|-damage|p2b: Venusaur|22/100\n|\n|-weather|none\n|upkeep\n|\n|t:|1776173330\n|switch|p2a: Whimsicott|Whimsicott, L50, F|100/100\n|turn|6\n|\n|t:|1776173348\n|move|p1a: Dess|Dire Claw|p2b: Venusaur\n|-damage|p2b: Venusaur|0 fnt\n|faint|p2b: Venusaur\n|move|p2a: Whimsicott|Dazzling Gleam|p1a: Dess|[spread] p1a,p1b\n|-resisted|p1b: Baret|1\n|-damage|p1a: Dess|0 fnt\n|-damage|p1b: Baret|46/100\n|faint|p1a: Dess\n|move|p1b: Baret|Sludge Bomb|p2a: Whimsicott\n|-supereffective|p2a: Whimsicott|2\n|-damage|p2a: Whimsicott|0 fnt\n|faint|p2a: Whimsicott\n|\n|win|L_Yami_H\n|raw|L_Yami_H's rating: 1244 &rarr; <strong>1264</strong><br />(+20 for winning)\n|raw|raulradur03's rating: 1176 &rarr; <strong>1156</strong><br />(-20 for losing)\n|l|\u2606raulradur03\n|player|p2|\n",
  "uploadtime": 1776173360,
  "views": 24,
  "formatid": "gen9championsvgc2026regma",
  "rating": 1156,
  "private": 0,
  "password": null
}