{
  "id": "gen9championsvgc2026regma-2586551751",
  "format": "[Gen 9 Champions] VGC 2026 Reg M-A",
  "players": [
    "g7ez",
    "Brymont"
  ],
  "log": "|j|\u2606g7ez\n|j|\u2606Brymont\n|t:|1776442496\n|gametype|doubles\n|player|p1|g7ez|bugcatcher-gen4dp|1207\n|player|p2|Brymont|steven|1270\n|gen|9\n|tier|[Gen 9 Champions] VGC 2026 Reg M-A\n|rated|\n|rule|Species Clause: Limit one of each Pok\u00e9mon\n|rule|Item Clause: Limit 1 of each item\n|clearpoke\n|poke|p1|Pelipper, L50, F|\n|poke|p1|Meganium, L50, M|\n|poke|p1|Basculegion, L50, M|\n|poke|p1|Tinkaton, L50, F|\n|poke|p1|Archaludon, L50, M|\n|poke|p1|Lopunny, L50, F|\n|poke|p2|Sneasler, L50, M|\n|poke|p2|Sinistcha, L50|\n|poke|p2|Volcarona, L50, F|\n|poke|p2|Aegislash, L50, F|\n|poke|p2|Milotic, L50, F|\n|poke|p2|Greninja-*, L50, F|\n|teampreview|4\n|inactive|Battle timer is ON: inactive players will automatically lose when time's up. (requested by Brymont)\n|inactive|g7ez has 60 seconds left.\n|\n|t:|1776442537\n|teamsize|p1|4\n|teamsize|p2|4\n|start\n|switch|p1a: Lopunny|Lopunny, L50, F|100/100\n|switch|p1b: Basculegion|Basculegion, L50, M|100/100\n|switch|p2a: Greninja|Greninja, L50, F|100/100\n|switch|p2b: Sneasler|Sneasler, L50, M|100/100\n|turn|1\n|inactive|g7ez has 30 seconds left.\n|\n|t:|1776442563\n|detailschange|p2a: Greninja|Greninja-Mega, L50, F\n|-mega|p2a: Greninja|Greninja|Greninjite\n|detailschange|p1a: Lopunny|Lopunny-Mega, L50, F\n|-mega|p1a: Lopunny|Lopunny|Lopunnite\n|move|p1a: Lopunny|Fake Out|p2b: Sneasler\n|-damage|p2b: Sneasler|60/100\n|move|p2a: Greninja|Dark Pulse|p1b: Basculegion\n|-start|p2a: Greninja|typechange|Dark|[from] ability: Protean\n|-supereffective|p1b: Basculegion|1\n|-damage|p1b: Basculegion|3/100\n|cant|p1b: Basculegion|flinch\n|cant|p2b: Sneasler|flinch\n|\n|upkeep\n|turn|2\n|inactive|g7ez has 30 seconds left.\n|inactive|g7ez has 20 seconds left.\n|inactive|g7ez has 15 seconds left.\n|\n|t:|1776442605\n|switch|p1a: Pelipper|Pelipper, L50, F|100/100\n|-weather|RainDance|[from] ability: Drizzle|[of] p1a: Pelipper\n|switch|p1b: Archaludon|Archaludon, L50, M|100/100\n|move|p2a: Greninja|Water Shuriken|p1b: Archaludon\n|-resisted|p1b: Archaludon|1\n|-damage|p1b: Archaludon|96/100\n|-ability|p1b: Archaludon|Stamina|boost\n|-boost|p1b: Archaludon|def|1\n|-resisted|p1b: Archaludon|1\n|-damage|p1b: Archaludon|92/100\n|-ability|p1b: Archaludon|Stamina|boost\n|-boost|p1b: Archaludon|def|1\n|-resisted|p1b: Archaludon|1\n|-damage|p1b: Archaludon|88/100\n|-ability|p1b: Archaludon|Stamina|boost\n|-boost|p1b: Archaludon|def|1\n|-hitcount|p1b: Archaludon|3\n|move|p2b: Sneasler|Close Combat|p1a: Pelipper\n|-resisted|p1a: Pelipper|1\n|-damage|p1a: Pelipper|72/100\n|-unboost|p2b: Sneasler|def|1\n|-unboost|p2b: Sneasler|spd|1\n|-enditem|p2b: Sneasler|White Herb\n|-clearnegativeboost|p2b: Sneasler|[silent]\n|\n|-weather|RainDance|[upkeep]\n|upkeep\n|turn|3\n|inactive|g7ez has 30 seconds left.\n|inactive|g7ez has 20 seconds left.\n|\n|t:|1776442641\n|move|p1b: Archaludon|Protect|p1b: Archaludon\n|-singleturn|p1b: Archaludon|Protect\n|move|p2b: Sneasler|Dire Claw|p1a: Pelipper\n|-damage|p1a: Pelipper|28/100\n|move|p2a: Greninja|Dark Pulse|p1a: Pelipper\n|-damage|p1a: Pelipper|0 fnt\n|faint|p1a: Pelipper\n|\n|-weather|RainDance|[upkeep]\n|upkeep\n|\n|t:|1776442654\n|switch|p1a: Lopunny|Lopunny-Mega, L50, F|100/100\n|turn|4\n|\n|t:|1776442676\n|switch|p2a: Sinistcha|Sinistcha, L50|100/100\n|-heal|p2b: Sneasler|85/100|[from] ability: Hospitality|[of] p2a: Sinistcha\n|move|p1a: Lopunny|Fake Out|p2a: Sinistcha\n|-damage|p2a: Sinistcha|84/100\n|move|p2b: Sneasler|Close Combat|p1b: Archaludon\n|-supereffective|p1b: Archaludon|1\n|-damage|p1b: Archaludon|47/100\n|-unboost|p2b: Sneasler|def|1\n|-unboost|p2b: Sneasler|spd|1\n|-ability|p1b: Archaludon|Stamina|boost\n|-boost|p1b: Archaludon|def|1\n|move|p1b: Archaludon|Electro Shot||[still]\n|-prepare|p1b: Archaludon|Electro Shot\n|-boost|p1b: Archaludon|spa|1\n|-anim|p1b: Archaludon|Electro Shot|p2a: Sinistcha\n|-resisted|p2a: Sinistcha|1\n|-damage|p2a: Sinistcha|48/100\n|\n|-weather|RainDance|[upkeep]\n|upkeep\n|turn|5\n|inactive|g7ez has 30 seconds left.\n|inactive|Brymont has 30 seconds left.\n|\n|t:|1776442709\n|move|p2a: Sinistcha|Rage Powder|p2a: Sinistcha\n|-singleturn|p2a: Sinistcha|move: Rage Powder\n|move|p2b: Sneasler|Close Combat|p1b: Archaludon\n|-supereffective|p1b: Archaludon|1\n|-damage|p1b: Archaludon|13/100\n|-unboost|p2b: Sneasler|def|1\n|-unboost|p2b: Sneasler|spd|1\n|-ability|p1b: Archaludon|Stamina|boost\n|-boost|p1b: Archaludon|def|1\n|move|p1a: Lopunny|Triple Axel|p2a: Sinistcha\n|-supereffective|p2a: Sinistcha|1\n|-damage|p2a: Sinistcha|37/100\n|-supereffective|p2a: Sinistcha|1\n|-damage|p2a: Sinistcha|15/100\n|-supereffective|p2a: Sinistcha|1\n|-damage|p2a: Sinistcha|0 fnt\n|faint|p2a: Sinistcha\n|-hitcount|p2: Sinistcha|3\n|move|p1b: Archaludon|Electro Shot||[still]\n|-prepare|p1b: Archaludon|Electro Shot\n|-boost|p1b: Archaludon|spa|1\n|-anim|p1b: Archaludon|Electro Shot|p2b: Sneasler\n|-damage|p2b: Sneasler|0 fnt\n|faint|p2b: Sneasler\n|\n|-weather|RainDance|[upkeep]\n|upkeep\n|\n|t:|1776442723\n|switch|p2b: Aegislash|Aegislash, L50, F|100/100\n|switch|p2a: Greninja|Greninja-Mega, L50, F|100/100\n|turn|6\n|inactive|Brymont has 30 seconds left.\n|\n|t:|1776442751\n|move|p1b: Archaludon|Protect|p1b: Archaludon\n|-singleturn|p1b: Archaludon|Protect\n|move|p2a: Greninja|Dark Pulse|p1b: Archaludon\n|-start|p2a: Greninja|typechange|Dark|[from] ability: Protean\n|-activate|p1b: Archaludon|move: Protect\n|move|p1a: Lopunny|Close Combat|p2b: Aegislash\n|-supereffective|p2b: Aegislash|1\n|-damage|p2b: Aegislash|0 fnt\n|-unboost|p1a: Lopunny|def|1\n|-unboost|p1a: Lopunny|spd|1\n|faint|p2b: Aegislash\n|\n|-weather|none\n|upkeep\n|turn|7\n|\n|t:|1776442771\n|move|p1a: Lopunny|Protect|p1a: Lopunny\n|-singleturn|p1a: Lopunny|Protect\n|move|p2a: Greninja|Hydro Pump|p1a: Lopunny\n|-activate|p1a: Lopunny|move: Protect\n|move|p1b: Archaludon|Draco Meteor|p2a: Greninja\n|-damage|p2a: Greninja|0 fnt\n|-unboost|p1b: Archaludon|spa|2\n|faint|p2a: Greninja\n|\n|win|g7ez\n|raw|g7ez's rating: 1207 &rarr; <strong>1236</strong><br />(+29 for winning)\n|raw|Brymont's rating: 1270 &rarr; <strong>1241</strong><br />(-29 for losing)\n|l|\u2606Brymont\n|player|p2|\n",
  "uploadtime": 1776442784,
  "views": 32,
  "formatid": "gen9championsvgc2026regma",
  "rating": 1236,
  "private": 0,
  "password": null
}