{
  "id": "gen9championsvgc2026regma-2582337128",
  "format": "[Gen 9 Champions] VGC 2026 Reg M-A",
  "players": [
    "Naitsa II",
    "big fat dullard"
  ],
  "log": "|j|\u2606Naitsa II\n|j|\u2606big fat dullard\n|t:|1776084482\n|gametype|doubles\n|player|p1|Naitsa II|n|1000\n|player|p2|big fat dullard|170|1032\n|gen|9\n|tier|[Gen 9 Champions] VGC 2026 Reg M-A\n|rated|\n|rule|Species Clause: Limit one of each Pok\u00e9mon\n|rule|Item Clause: Limit 1 of each item\n|clearpoke\n|poke|p1|Gardevoir, L50, F|\n|poke|p1|Abomasnow, L50, M|\n|poke|p1|Aegislash, L50, M|\n|poke|p1|Salazzle, L50, F|\n|poke|p1|Gyarados, L50, M|\n|poke|p1|Hydreigon, L50, M|\n|poke|p2|Incineroar, L50, M|\n|poke|p2|Chandelure, L50, F|\n|poke|p2|Torkoal, L50, F|\n|poke|p2|Venusaur, L50, F|\n|poke|p2|Sinistcha, L50|\n|poke|p2|Primarina, L50, M|\n|teampreview|4\n|\n|t:|1776084500\n|teamsize|p1|4\n|teamsize|p2|4\n|start\n|switch|p1a: Aegislash|Aegislash, L50, M, shiny|100/100\n|switch|p1b: Salazzle|Salazzle, L50, F|100/100\n|switch|p2a: Chandelure|Chandelure, L50, F|100/100\n|switch|p2b: Torkoal|Torkoal, L50, F|100/100\n|-weather|SunnyDay|[from] ability: Drought|[of] p2b: Torkoal\n|turn|1\n|inactive|Battle timer is ON: inactive players will automatically lose when time's up. (requested by big fat dullard)\n|\n|t:|1776084579\n|detailschange|p2a: Chandelure|Chandelure-Mega, L50, F\n|-mega|p2a: Chandelure|Chandelure|Chandelurite\n|move|p1b: Salazzle|Fake Out|p2a: Chandelure\n|-immune|p2a: Chandelure\n|move|p1a: Aegislash|Wide Guard|p1a: Aegislash\n|-singleturn|p1a: Aegislash|Wide Guard\n|move|p2a: Chandelure|Heat Wave|p1a: Aegislash|[spread] \n|-activate|p1a: Aegislash|move: Wide Guard\n|-activate|p1b: Salazzle|move: Wide Guard\n|move|p2b: Torkoal|Eruption|p1a: Aegislash|[spread] \n|-activate|p1a: Aegislash|move: Wide Guard\n|-activate|p1b: Salazzle|move: Wide Guard\n|\n|-weather|SunnyDay|[upkeep]\n|upkeep\n|turn|2\n|inactive|Naitsa II has 30 seconds left.\n|inactive|Naitsa II has 20 seconds left.\n|inactive|Naitsa II has 15 seconds left.\n|\n|t:|1776084621\n|move|p1b: Salazzle|Protect|p1b: Salazzle\n|-singleturn|p1b: Salazzle|Protect\n|move|p2a: Chandelure|Shadow Ball|p1a: Aegislash\n|-supereffective|p1a: Aegislash|1\n|-damage|p1a: Aegislash|6/100\n|-formechange|p1a: Aegislash|Aegislash-Blade|\n|move|p1a: Aegislash|Shadow Ball|p2a: Chandelure\n|-supereffective|p2a: Chandelure|1\n|-damage|p2a: Chandelure|0 fnt\n|faint|p2a: Chandelure\n|move|p2b: Torkoal|Weather Ball|p1a: Aegislash\n|-supereffective|p1a: Aegislash|1\n|-damage|p1a: Aegislash|0 fnt\n|faint|p1a: Aegislash\n|\n|-weather|SunnyDay|[upkeep]\n|upkeep\n|inactive|Naitsa II has 30 seconds left.\n|\n|t:|1776084646\n|switch|p2a: Sinistcha|Sinistcha, L50|100/100\n|switch|p1a: Hydreigon|Hydreigon, L50, M, shiny|100/100\n|turn|3\n|\n|t:|1776084670\n|move|p1b: Salazzle|Sludge Bomb|p2a: Sinistcha\n|-damage|p2a: Sinistcha|48/100\n|move|p1a: Hydreigon|Heat Wave|p2b: Torkoal|[spread] p2a,p2b\n|-supereffective|p2a: Sinistcha|1\n|-resisted|p2b: Torkoal|1\n|-damage|p2a: Sinistcha|0 fnt\n|-damage|p2b: Torkoal|77/100\n|faint|p2a: Sinistcha\n|move|p2b: Torkoal|Eruption|p1b: Salazzle|[spread] p1a,p1b\n|-resisted|p1a: Hydreigon|1\n|-crit|p1a: Hydreigon\n|-resisted|p1b: Salazzle|1\n|-damage|p1a: Hydreigon|50/100\n|-damage|p1b: Salazzle|41/100\n|\n|-weather|SunnyDay|[upkeep]\n|upkeep\n|\n|t:|1776084682\n|switch|p2a: Primarina|Primarina, L50, M|100/100\n|turn|4\n|\n|t:|1776084695\n|move|p1a: Hydreigon|Protect|p1a: Hydreigon\n|-singleturn|p1a: Hydreigon|Protect\n|move|p1b: Salazzle|Sludge Bomb|p2a: Primarina\n|-supereffective|p2a: Primarina|1\n|-damage|p2a: Primarina|23/100\n|move|p2a: Primarina|Hyper Voice|p1a: Hydreigon|[spread] p1b\n|-activate|p1a: Hydreigon|move: Protect\n|-supereffective|p1b: Salazzle|1\n|-damage|p1b: Salazzle|0 fnt\n|faint|p1b: Salazzle\n|move|p2b: Torkoal|Eruption|p1a: Hydreigon\n|-activate|p1a: Hydreigon|move: Protect\n|\n|-weather|SunnyDay|[upkeep]\n|upkeep\n|\n|t:|1776084710\n|switch|p1b: Gyarados|Gyarados, L50, M, shiny|100/100\n|-ability|p1b: Gyarados|Intimidate|boost\n|-unboost|p2a: Primarina|atk|1\n|-unboost|p2b: Torkoal|atk|1\n|turn|5\n|inactive|Naitsa II has 30 seconds left.\n|\n|t:|1776084743\n|move|p2a: Primarina|Protect|p2a: Primarina\n|-singleturn|p2a: Primarina|Protect\n|move|p1a: Hydreigon|Draco Meteor|p2b: Torkoal\n|-damage|p2b: Torkoal|0 fnt\n|-unboost|p1a: Hydreigon|spa|2\n|faint|p2b: Torkoal\n|move|p1b: Gyarados|Bounce||[still]\n|-prepare|p1b: Gyarados|Bounce\n|\n|-weather|none\n|upkeep\n|turn|6\n|l|\u2606big fat dullard\n|inactive|big fat dullard disconnected and has a minute to reconnect!\n|player|p2|\n|inactive|Naitsa II has 30 seconds left.\n|inactive|big fat dullard has 30 seconds left.\n|inactive|big fat dullard has 20 seconds left.\n|inactive|big fat dullard has 15 seconds left.\n|inactive|big fat dullard has 10 seconds left.\n|inactive|big fat dullard has 5 seconds left.\n|-message|big fat dullard lost due to inactivity.\n|\n|win|Naitsa II\n|raw|Naitsa II's rating: 1000 &rarr; <strong>1044</strong><br />(+44 for winning)\n|raw|big fat dullard's rating: 1032 &rarr; <strong>1016</strong><br />(-16 for losing)\n",
  "uploadtime": 1776084894,
  "views": 10,
  "formatid": "gen9championsvgc2026regma",
  "rating": 1016,
  "private": 0,
  "password": null
}