{
  "id": "gen9championsvgc2026regma-2588803361",
  "format": "[Gen 9 Champions] VGC 2026 Reg M-A",
  "players": [
    "crazyshit14",
    "lasesino"
  ],
  "log": "|j|\u2606crazyshit14\n|j|\u2606lasesino\n|t:|1776672809\n|gametype|doubles\n|player|p1|crazyshit14|1|1428\n|player|p2|lasesino|101|1446\n|gen|9\n|tier|[Gen 9 Champions] VGC 2026 Reg M-A\n|rated|\n|rule|Species Clause: Limit one of each Pok\u00e9mon\n|rule|Item Clause: Limit 1 of each item\n|clearpoke\n|poke|p1|Floette-Eternal, L50, F|\n|poke|p1|Sableye, L50, F|\n|poke|p1|Slowbro, L50, F|\n|poke|p1|Incineroar, L50, M|\n|poke|p1|Tsareena, L50, F|\n|poke|p1|Sneasler, L50, M|\n|poke|p2|Rotom-Wash, L50|\n|poke|p2|Garchomp, L50, F|\n|poke|p2|Floette-Eternal, L50, F|\n|poke|p2|Talonflame, L50, M|\n|poke|p2|Aegislash, L50, F|\n|poke|p2|Incineroar, L50, F|\n|teampreview|4\n|\n|t:|1776672840\n|teamsize|p1|4\n|teamsize|p2|4\n|start\n|switch|p1a: Floette|Floette-Eternal, L50, F|100/100\n|switch|p1b: Sableye|Sableye, L50, F|100/100\n|switch|p2a: Incineroar|Incineroar, L50, F|100/100\n|switch|p2b: Garchomp|Garchomp, L50, F|100/100\n|-ability|p2a: Incineroar|Intimidate|boost\n|-unboost|p1a: Floette|atk|1\n|-unboost|p1b: Sableye|atk|1\n|turn|1\n|\n|t:|1776672861\n|switch|p2b: Floette|Floette-Eternal, L50, F|100/100\n|move|p1a: Floette|Protect|p1a: Floette\n|-singleturn|p1a: Floette|Protect\n|move|p2a: Incineroar|Fake Out|p1a: Floette\n|-activate|p1a: Floette|move: Protect\n|move|p1b: Sableye|Reflect|p1b: Sableye\n|-sidestart|p1: crazyshit14|Reflect\n|\n|upkeep\n|turn|2\n|\n|t:|1776672877\n|detailschange|p2b: Floette|Floette-Mega, L50, F\n|-mega|p2b: Floette|Floette|Floettite\n|-ability|p2b: Floette|Fairy Aura\n|detailschange|p1a: Floette|Floette-Mega, L50, F\n|-mega|p1a: Floette|Floette|Floettite\n|-ability|p1a: Floette|Fairy Aura\n|move|p1b: Sableye|Light Screen|p1b: Sableye\n|-sidestart|p1: crazyshit14|move: Light Screen\n|move|p2b: Floette|Dazzling Gleam|p1a: Floette|[spread] p1a,p1b\n|-crit|p1a: Floette\n|-supereffective|p1b: Sableye|1\n|-damage|p1a: Floette|51/100\n|-damage|p1b: Sableye|29/100\n|move|p1a: Floette|Calm Mind|p1a: Floette\n|-boost|p1a: Floette|spa|1\n|-boost|p1a: Floette|spd|1\n|move|p2a: Incineroar|Parting Shot|p1a: Floette\n|-unboost|p1a: Floette|atk|1\n|-unboost|p1a: Floette|spa|1\n|\n|t:|1776672895\n|switch|p2a: Rotom|Rotom-Wash, L50|100/100|[from] Parting Shot\n|\n|upkeep\n|turn|3\n|\n|t:|1776672909\n|move|p1b: Sableye|Disable|p2b: Floette\n|-start|p2b: Floette|Disable|Dazzling Gleam\n|move|p1a: Floette|Calm Mind|p1a: Floette\n|-boost|p1a: Floette|spa|1\n|-boost|p1a: Floette|spd|1\n|move|p2b: Floette|Moonblast|p1a: Floette\n|-damage|p1a: Floette|35/100\n|move|p2a: Rotom|Thunderbolt|p1a: Floette\n|-damage|p1a: Floette|26/100\n|-status|p1a: Floette|par\n|\n|upkeep\n|turn|4\n|\n|t:|1776672933\n|move|p1b: Sableye|Disable||[still]\n|-fail|p1b: Sableye\n|move|p2b: Floette|Moonblast|p1a: Floette\n|-damage|p1a: Floette|9/100 par\n|move|p2a: Rotom|Thunderbolt|p1a: Floette\n|-damage|p1a: Floette|1/100 par\n|move|p1a: Floette|Draining Kiss|p2b: Floette\n|-damage|p2b: Floette|60/100\n|-heal|p1a: Floette|31/100 par|[from] drain|[of] p2b: Floette\n|\n|upkeep\n|turn|5\n|\n|t:|1776672959\n|move|p1b: Sableye|Disable|p2a: Rotom\n|-start|p2a: Rotom|Disable|Thunderbolt\n|move|p2b: Floette|Moonblast|p1a: Floette\n|-damage|p1a: Floette|13/100 par\n|move|p2a: Rotom|Hydro Pump|p1a: Floette\n|-damage|p1a: Floette|3/100 par\n|move|p1a: Floette|Draining Kiss|p2a: Rotom\n|-damage|p2a: Rotom|43/100\n|-heal|p1a: Floette|40/100 par|[from] drain|[of] p2a: Rotom\n|-enditem|p2a: Rotom|Sitrus Berry|[eat]\n|-heal|p2a: Rotom|68/100|[from] item: Sitrus Berry\n|\n|-sideend|p1: crazyshit14|Reflect\n|upkeep\n|turn|6\n|\n|t:|1776672987\n|move|p1b: Sableye|Reflect|p1b: Sableye\n|-sidestart|p1: crazyshit14|Reflect\n|move|p2b: Floette|Calm Mind|p2b: Floette\n|-boost|p2b: Floette|spa|1\n|-boost|p2b: Floette|spd|1\n|move|p2a: Rotom|Hydro Pump|p1b: Sableye\n|-damage|p1b: Sableye|0 fnt\n|faint|p1b: Sableye\n|move|p1a: Floette|Draining Kiss|p2a: Rotom\n|-damage|p2a: Rotom|6/100\n|-heal|p1a: Floette|80/100 par|[from] drain|[of] p2a: Rotom\n|\n|-end|p2b: Floette|Disable\n|-sideend|p1: crazyshit14|move: Light Screen\n|upkeep\n|\n|t:|1776673015\n|switch|p1b: Slowbro|Slowbro, L50, F|100/100\n|turn|7\n|\n|t:|1776673034\n|switch|p2a: Incineroar|Incineroar, L50, F|100/100\n|-ability|p2a: Incineroar|Intimidate|boost\n|-unboost|p1a: Floette|atk|1\n|-fail|p1b: Slowbro|unboost|Attack|[from] ability: Oblivious|[of] p1b: Slowbro\n|move|p2b: Floette|Dazzling Gleam|p1a: Floette|[spread] p1a,p1b\n|-crit|p1a: Floette\n|-crit|p1b: Slowbro\n|-damage|p1a: Floette|9/100 par\n|-damage|p1b: Slowbro|13/100\n|move|p1a: Floette|Calm Mind|p1a: Floette\n|-boost|p1a: Floette|spa|1\n|-boost|p1a: Floette|spd|1\n|move|p1b: Slowbro|Trick Room|p1b: Slowbro\n|-fieldstart|move: Trick Room|[of] p1b: Slowbro\n|\n|upkeep\n|turn|8\n|\n|t:|1776673059\n|switch|p1b: Tsareena|Tsareena, L50, F|100/100\n|move|p2a: Incineroar|Fake Out||[still]\n|cant|p1b: Tsareena|ability: Queenly Majesty|Fake Out|[of] p2a: Incineroar\n|move|p1a: Floette|Dazzling Gleam|p2a: Incineroar|[spread] p2a,p2b\n|-damage|p2a: Incineroar|39/100\n|-damage|p2b: Floette|21/100\n|move|p2b: Floette|Calm Mind|p2b: Floette\n|-boost|p2b: Floette|spa|1\n|-boost|p2b: Floette|spd|1\n|\n|-heal|p2a: Incineroar|45/100|[from] item: Leftovers\n|upkeep\n|turn|9\n|\n|t:|1776673079\n|move|p1a: Floette|Protect|p1a: Floette\n|-singleturn|p1a: Floette|Protect\n|move|p2b: Floette|Protect|p2b: Floette\n|-singleturn|p2b: Floette|Protect\n|move|p2a: Incineroar|Parting Shot|p1b: Tsareena\n|-unboost|p1b: Tsareena|atk|1\n|-unboost|p1b: Tsareena|spa|1\n|\n|t:|1776673086\n|switch|p2a: Rotom|Rotom-Wash, L50|6/100|[from] Parting Shot\n|move|p1b: Tsareena|Triple Axel|p2b: Floette\n|-activate|p2b: Floette|move: Protect\n|\n|upkeep\n|turn|10\n|\n|t:|1776673104\n|switch|p1b: Slowbro|Slowbro, L50, F|13/100\n|move|p2a: Rotom|Protect|p2a: Rotom\n|-singleturn|p2a: Rotom|Protect\n|move|p1a: Floette|Dazzling Gleam|p2b: Floette|[spread] p2b\n|-activate|p2a: Rotom|move: Protect\n|-damage|p2b: Floette|0 fnt\n|faint|p2b: Floette\n|\n|-sideend|p1: crazyshit14|Reflect\n|upkeep\n|\n|t:|1776673116\n|switch|p2b: Garchomp|Garchomp, L50, F|100/100\n|turn|11\n|\n|t:|1776673129\n|move|p2b: Garchomp|Protect|p2b: Garchomp\n|-singleturn|p2b: Garchomp|Protect\n|move|p1b: Slowbro|Heal Pulse|p1a: Floette\n|-heal|p1a: Floette|59/100 par\n|move|p1a: Floette|Dazzling Gleam|p2b: Garchomp|[spread] p2a\n|-activate|p2b: Garchomp|move: Protect\n|-damage|p2a: Rotom|0 fnt\n|faint|p2a: Rotom\n|\n|-fieldend|move: Trick Room\n|upkeep\n|\n|t:|1776673136\n|switch|p2a: Incineroar|Incineroar, L50, F|45/100\n|-ability|p2a: Incineroar|Intimidate|boost\n|-unboost|p1a: Floette|atk|1\n|-fail|p1b: Slowbro|unboost|Attack|[from] ability: Oblivious|[of] p1b: Slowbro\n|turn|12\n|\n|t:|1776673149\n|switch|p1b: Tsareena|Tsareena, L50, F|100/100\n|move|p2b: Garchomp|Rock Slide|p1a: Floette|[spread] p1a,p1b\n|-damage|p1a: Floette|40/100 par\n|-damage|p1b: Tsareena|78/100\n|move|p2a: Incineroar|Flare Blitz|p1a: Floette\n|-damage|p1a: Floette|2/100 par\n|-damage|p2a: Incineroar|33/100|[from] Recoil\n|cant|p1a: Floette|flinch\n|\n|-heal|p2a: Incineroar|39/100|[from] item: Leftovers\n|upkeep\n|turn|13\n|\n|t:|1776673173\n|move|p2b: Garchomp|Rock Slide|p1a: Floette|[spread] p1a,p1b\n|-damage|p1a: Floette|0 fnt\n|-damage|p1b: Tsareena|56/100\n|faint|p1a: Floette\n|move|p1b: Tsareena|High Jump Kick|p2a: Incineroar\n|-supereffective|p2a: Incineroar|1\n|-damage|p2a: Incineroar|0 fnt\n|faint|p2a: Incineroar\n|\n|upkeep\n|\n|t:|1776673182\n|switch|p1a: Slowbro|Slowbro, L50, F|13/100\n|turn|14\n|\n|t:|1776673188\n|move|p1a: Slowbro|Helping Hand|p1b: Tsareena\n|-singleturn|p1b: Tsareena|Helping Hand|[of] p1a: Slowbro\n|move|p2b: Garchomp|Dragon Claw|p1b: Tsareena\n|-damage|p1b: Tsareena|11/100\n|-enditem|p1b: Tsareena|Sitrus Berry|[eat]\n|-heal|p1b: Tsareena|36/100|[from] item: Sitrus Berry\n|move|p1b: Tsareena|Triple Axel|p2b: Garchomp\n|-supereffective|p2b: Garchomp|2\n|-damage|p2b: Garchomp|56/100\n|-damage|p1b: Tsareena|23/100|[from] ability: Rough Skin|[of] p2b: Garchomp\n|-supereffective|p2b: Garchomp|2\n|-damage|p2b: Garchomp|0 fnt\n|-damage|p1b: Tsareena|11/100|[from] ability: Rough Skin|[of] p2b: Garchomp\n|faint|p2b: Garchomp\n|-hitcount|p2: Garchomp|2\n|\n|win|crazyshit14\n|raw|crazyshit14's rating: 1428 &rarr; <strong>1449</strong><br />(+21 for winning)\n|raw|lasesino's rating: 1446 &rarr; <strong>1425</strong><br />(-21 for losing)\n|l|\u2606lasesino\n|player|p2|\n|c|\u2606crazyshit14|Gg\n",
  "uploadtime": 1776673213,
  "views": 10,
  "formatid": "gen9championsvgc2026regma",
  "rating": 1425,
  "private": 0,
  "password": null
}