{
  "id": "gen9championsvgc2026regma-2585852478",
  "format": "[Gen 9 Champions] VGC 2026 Reg M-A",
  "players": [
    "Chris V9",
    "ericaikok"
  ],
  "log": "|j|\u2606Chris V9\n|j|\u2606ericaikok\n|t:|1776375592\n|gametype|doubles\n|player|p1|Chris V9|battlegirl-gen4|1220\n|player|p2|ericaikok|#ptplvidazzlingdiancies|1235\n|gen|9\n|tier|[Gen 9 Champions] VGC 2026 Reg M-A\n|rated|\n|rule|Species Clause: Limit one of each Pok\u00e9mon\n|rule|Item Clause: Limit 1 of each item\n|clearpoke\n|poke|p1|Floette-Eternal, L50, F|\n|poke|p1|Whimsicott, L50, M|\n|poke|p1|Archaludon, L50, M|\n|poke|p1|Politoed, L50, F|\n|poke|p1|Basculegion, L50, M|\n|poke|p1|Incineroar, L50, M|\n|poke|p2|Gengar, L50, F|\n|poke|p2|Whimsicott, L50, M|\n|poke|p2|Incineroar, L50, M|\n|poke|p2|Sneasler, L50, M|\n|poke|p2|Rotom-Wash, L50|\n|poke|p2|Arcanine-Hisui, L50, M|\n|teampreview|4\n|inactive|Battle timer is ON: inactive players will automatically lose when time's up. (requested by ericaikok)\n|inactive|Chris V9 also wants the timer to be on.\n|inactive|Chris V9 has 60 seconds left.\n|inactive|ericaikok has 60 seconds left.\n|\n|t:|1776375652\n|teamsize|p1|4\n|teamsize|p2|4\n|start\n|switch|p1a: Whimsicott|Whimsicott, L50, M|100/100\n|switch|p1b: Basculegion|Basculegion, L50, M|100/100\n|switch|p2a: Rotom|Rotom-Wash, L50|100/100\n|switch|p2b: Sneasler|Sneasler, L50, M|100/100\n|turn|1\n|\n|t:|1776375670\n|move|p2b: Sneasler|Protect|p2b: Sneasler\n|-singleturn|p2b: Sneasler|Protect\n|move|p1a: Whimsicott|Tailwind|p1a: Whimsicott\n|-sidestart|p1: Chris V9|move: Tailwind\n|move|p1b: Basculegion|Flip Turn|p2b: Sneasler\n|-activate|p2b: Sneasler|move: Protect\n|move|p2a: Rotom|Volt Switch|p1b: Basculegion\n|-supereffective|p1b: Basculegion|1\n|-damage|p1b: Basculegion|37/100\n|\n|t:|1776375683\n|switch|p2a: Whimsicott|Whimsicott, L50, M|100/100|[from] Volt Switch\n|\n|upkeep\n|turn|2\n|\n|t:|1776375701\n|switch|p2b: Rotom|Rotom-Wash, L50|100/100\n|move|p1a: Whimsicott|Taunt|p2a: Whimsicott\n|-start|p2a: Whimsicott|move: Taunt\n|move|p1b: Basculegion|Flip Turn|p2b: Rotom\n|-resisted|p2b: Rotom|1\n|-crit|p2b: Rotom\n|-damage|p2b: Rotom|59/100\n|\n|t:|1776375709\n|switch|p1b: Archaludon|Archaludon, L50, M|100/100|[from] Flip Turn\n|move|p2a: Whimsicott|Moonblast|p1a: Whimsicott\n|-damage|p1a: Whimsicott|58/100\n|\n|-heal|p2b: Rotom|64/100|[from] item: Leftovers\n|upkeep\n|turn|3\n|inactive|ericaikok has 30 seconds left.\n|\n|t:|1776375741\n|move|p1a: Whimsicott|Beat Up|p1b: Archaludon\n|-damage|p1b: Archaludon|99/100\n|-ability|p1b: Archaludon|Stamina|boost\n|-boost|p1b: Archaludon|def|1\n|-damage|p1b: Archaludon|97/100\n|-ability|p1b: Archaludon|Stamina|boost\n|-boost|p1b: Archaludon|def|1\n|-damage|p1b: Archaludon|96/100\n|-ability|p1b: Archaludon|Stamina|boost\n|-boost|p1b: Archaludon|def|1\n|-damage|p1b: Archaludon|95/100\n|-ability|p1b: Archaludon|Stamina|boost\n|-boost|p1b: Archaludon|def|1\n|-hitcount|p1b: Archaludon|4\n|move|p1b: Archaludon|Flash Cannon|p2a: Whimsicott\n|-supereffective|p2a: Whimsicott|1\n|-damage|p2a: Whimsicott|7/100\n|move|p2a: Whimsicott|Moonblast|p1a: Whimsicott\n|-damage|p1a: Whimsicott|12/100\n|move|p2b: Rotom|Volt Switch|p1a: Whimsicott\n|-resisted|p1a: Whimsicott|1\n|-damage|p1a: Whimsicott|0 fnt\n|faint|p1a: Whimsicott\n|\n|t:|1776375759\n|switch|p2b: Gengar|Gengar, L50, F|100/100|[from] Volt Switch\n|\n|-heal|p1b: Archaludon|100/100|[from] item: Leftovers\n|upkeep\n|\n|t:|1776375767\n|switch|p1a: Politoed|Politoed, L50, F|100/100\n|-weather|RainDance|[from] ability: Drizzle|[of] p1a: Politoed\n|turn|4\n|inactive|ericaikok has 30 seconds left.\n|\n|t:|1776375800\n|switch|p2a: Rotom|Rotom-Wash, L50|64/100\n|detailschange|p2b: Gengar|Gengar-Mega, L50, F\n|-mega|p2b: Gengar|Gengar|Gengarite\n|move|p1b: Archaludon|Electro Shot||[still]\n|-prepare|p1b: Archaludon|Electro Shot\n|-boost|p1b: Archaludon|spa|1\n|-anim|p1b: Archaludon|Electro Shot|p2b: Gengar\n|-damage|p2b: Gengar|18/100\n|move|p2b: Gengar|Shadow Ball|p1b: Archaludon\n|-damage|p1b: Archaludon|50/100\n|-unboost|p1b: Archaludon|spd|1\n|-ability|p1b: Archaludon|Stamina|boost\n|-boost|p1b: Archaludon|def|1\n|move|p1a: Politoed|Icy Wind|p2a: Rotom|[spread] p2b\n|-miss|p1a: Politoed|p2a: Rotom\n|-damage|p2b: Gengar|6/100\n|-unboost|p2b: Gengar|spe|1\n|\n|-weather|RainDance|[upkeep]\n|-heal|p1b: Archaludon|56/100|[from] item: Leftovers\n|-heal|p2a: Rotom|70/100|[from] item: Leftovers\n|-sideend|p1: Chris V9|move: Tailwind\n|upkeep\n|turn|5\n|inactive|Chris V9 has 30 seconds left.\n|inactive|ericaikok has 30 seconds left.\n|\n|t:|1776375833\n|move|p2b: Gengar|Protect|p2b: Gengar\n|-singleturn|p2b: Gengar|Protect\n|move|p1b: Archaludon|Protect|p1b: Archaludon\n|-singleturn|p1b: Archaludon|Protect\n|move|p2a: Rotom|Volt Switch|p1a: Politoed\n|-supereffective|p1a: Politoed|1\n|-damage|p1a: Politoed|45/100\n|-enditem|p1a: Politoed|Sitrus Berry|[eat]\n|-heal|p1a: Politoed|70/100|[from] item: Sitrus Berry\n|\n|t:|1776375850\n|switch|p2a: Sneasler|Sneasler, L50, M|100/100|[from] Volt Switch\n|move|p1a: Politoed|Icy Wind|p2b: Gengar|[spread] p2a\n|-activate|p2b: Gengar|move: Protect\n|-damage|p2a: Sneasler|90/100\n|-unboost|p2a: Sneasler|spe|1\n|-enditem|p2a: Sneasler|White Herb\n|-clearnegativeboost|p2a: Sneasler|[silent]\n|\n|-weather|RainDance|[upkeep]\n|-heal|p1b: Archaludon|62/100|[from] item: Leftovers\n|upkeep\n|turn|6\n|inactive|Chris V9 has 30 seconds left.\n|inactive|Chris V9 has 20 seconds left.\n|\n|t:|1776375886\n|move|p1b: Archaludon|Protect|p1b: Archaludon\n|-singleturn|p1b: Archaludon|Protect\n|move|p2a: Sneasler|Fake Out|p1b: Archaludon\n|-activate|p1b: Archaludon|move: Protect\n|move|p2b: Gengar|Shadow Ball|p1b: Archaludon\n|-activate|p1b: Archaludon|move: Protect\n|move|p1a: Politoed|Icy Wind|p2b: Gengar|[spread] p2a,p2b\n|-damage|p2a: Sneasler|78/100\n|-damage|p2b: Gengar|0 fnt\n|-unboost|p2a: Sneasler|spe|1\n|faint|p2b: Gengar\n|\n|-weather|RainDance|[upkeep]\n|-heal|p1b: Archaludon|68/100|[from] item: Leftovers\n|upkeep\n|\n|t:|1776375895\n|switch|p2b: Whimsicott|Whimsicott, L50, M|7/100\n|turn|7\n|\n|t:|1776375908\n|move|p2a: Sneasler|Close Combat|p1b: Archaludon\n|-supereffective|p1b: Archaludon|1\n|-damage|p1b: Archaludon|41/100\n|-unboost|p2a: Sneasler|def|1\n|-unboost|p2a: Sneasler|spd|1\n|-ability|p1b: Archaludon|Stamina|boost\n|-boost|p1b: Archaludon|def|1\n|move|p2b: Whimsicott|Moonblast|p1b: Archaludon\n|-damage|p1b: Archaludon|0 fnt\n|faint|p1b: Archaludon\n|move|p1a: Politoed|Icy Wind|p2a: Sneasler|[spread] p2a,p2b\n|-supereffective|p2b: Whimsicott|1\n|-damage|p2a: Sneasler|61/100\n|-damage|p2b: Whimsicott|0 fnt\n|-unboost|p2a: Sneasler|spe|1\n|faint|p2b: Whimsicott\n|\n|-weather|RainDance|[upkeep]\n|upkeep\n|\n|t:|1776375923\n|switch|p2b: Rotom|Rotom-Wash, L50|70/100\n|switch|p1b: Basculegion|Basculegion, L50, M|37/100\n|turn|8\n|inactive|Chris V9 has 30 seconds left.\n|\n|t:|1776375949\n|move|p1a: Politoed|Helping Hand|p1b: Basculegion\n|-singleturn|p1b: Basculegion|Helping Hand|[of] p1a: Politoed\n|move|p2a: Sneasler|Protect|p2a: Sneasler\n|-singleturn|p2a: Sneasler|Protect\n|move|p2b: Rotom|Protect|p2b: Rotom\n|-singleturn|p2b: Rotom|Protect\n|move|p1b: Basculegion|Last Respects|p2b: Rotom\n|-activate|p2b: Rotom|move: Protect\n|\n|-weather|none\n|-heal|p2b: Rotom|75/100|[from] item: Leftovers\n|upkeep\n|turn|9\n|\n|t:|1776375972\n|move|p1a: Politoed|Helping Hand|p1b: Basculegion\n|-singleturn|p1b: Basculegion|Helping Hand|[of] p1a: Politoed\n|move|p2a: Sneasler|Dire Claw|p1b: Basculegion\n|-resisted|p1b: Basculegion|1\n|-damage|p1b: Basculegion|14/100\n|-status|p1b: Basculegion|psn\n|move|p1b: Basculegion|Last Respects|p2b: Rotom\n|-damage|p2b: Rotom|0 fnt\n|faint|p2b: Rotom\n|\n|-damage|p1b: Basculegion|1/100 psn|[from] psn\n|upkeep\n|turn|10\n|\n|t:|1776375989\n|move|p2a: Sneasler|Protect|p2a: Sneasler\n|-singleturn|p2a: Sneasler|Protect\n|move|p1b: Basculegion|Last Respects|p2a: Sneasler\n|-activate|p2a: Sneasler|move: Protect\n|move|p1a: Politoed|Weather Ball|p2a: Sneasler\n|-activate|p2a: Sneasler|move: Protect\n|\n|-damage|p1b: Basculegion|0 fnt|[from] psn\n|faint|p1b: Basculegion\n|upkeep\n|turn|11\n|\n|t:|1776376000\n|move|p2a: Sneasler|Dire Claw|p1a: Politoed\n|-damage|p1a: Politoed|31/100\n|move|p1a: Politoed|Weather Ball|p2a: Sneasler\n|-damage|p2a: Sneasler|38/100\n|\n|upkeep\n|turn|12\n|\n|t:|1776376018\n|move|p2a: Sneasler|Close Combat|p1a: Politoed\n|-damage|p1a: Politoed|0 fnt\n|-unboost|p2a: Sneasler|def|1\n|-unboost|p2a: Sneasler|spd|1\n|faint|p1a: Politoed\n|\n|win|ericaikok\n|raw|Chris V9's rating: 1220 &rarr; <strong>1196</strong><br />(-24 for losing)\n|raw|ericaikok's rating: 1235 &rarr; <strong>1259</strong><br />(+24 for winning)\n|l|\u2606Chris V9\n|player|p1|\n",
  "uploadtime": 1776376020,
  "views": 21,
  "formatid": "gen9championsvgc2026regma",
  "rating": 1196,
  "private": 0,
  "password": null
}