{
  "id": "gen9championsvgc2026regma-2586076172",
  "format": "[Gen 9 Champions] VGC 2026 Reg M-A",
  "players": [
    "arroyofran2",
    "Phillip Blevin"
  ],
  "log": "|j|\u2606arroyofran2\n|j|\u2606Phillip Blevin\n|t:|1776396405\n|gametype|doubles\n|player|p1|arroyofran2|fisherman|1276\n|player|p2|Phillip Blevin|cynthia-masters4|1325\n|gen|9\n|tier|[Gen 9 Champions] VGC 2026 Reg M-A\n|rated|\n|rule|Species Clause: Limit one of each Pok\u00e9mon\n|rule|Item Clause: Limit 1 of each item\n|clearpoke\n|poke|p1|Pelipper, L50, M|\n|poke|p1|Basculegion, L50, M|\n|poke|p1|Sinistcha-Masterpiece, L50|\n|poke|p1|Archaludon, L50, M|\n|poke|p1|Blastoise, L50, F|\n|poke|p1|Kingambit, L50, F|\n|poke|p2|Froslass, L50, F|\n|poke|p2|Corviknight, L50, M|\n|poke|p2|Sneasler, L50, F|\n|poke|p2|Rotom-Mow, L50|\n|poke|p2|Incineroar, L50, F|\n|poke|p2|Empoleon, L50, F|\n|teampreview|4\n|inactive|Battle timer is ON: inactive players will automatically lose when time's up. (requested by Phillip Blevin)\nPhillip Blevin has agreed to open team sheets.\n|inactive|arroyofran2 has 60 seconds left.\n|\n|t:|1776396443\n|teamsize|p1|4\n|teamsize|p2|4\n|start\n|switch|p1a: Kingambit|Kingambit, L50, F|100/100\n|switch|p1b: Sinistcha|Sinistcha-Masterpiece, L50|100/100\n|switch|p2a: Rotom|Rotom-Mow, L50|100/100\n|switch|p2b: Sneasler|Sneasler, L50, F|100/100\n|-ability|p2b: Sneasler|Pressure\n|turn|1\n|\n|t:|1776396454\n|move|p1a: Kingambit|Protect|p1a: Kingambit\n|-singleturn|p1a: Kingambit|Protect\n|move|p2a: Rotom|Trick|p1b: Sinistcha\n|-activate|p2a: Rotom|move: Trick|[of] p1b: Sinistcha\n|-item|p1b: Sinistcha|Choice Scarf|[from] move: Trick\n|-item|p2a: Rotom|Sitrus Berry|[from] move: Trick\n|move|p2b: Sneasler|Close Combat|p1a: Kingambit\n|-activate|p1a: Kingambit|move: Protect\n|move|p1b: Sinistcha|Trick Room|p1b: Sinistcha\n|-fieldstart|move: Trick Room|[of] p1b: Sinistcha\n|\n|upkeep\n|turn|2\n|\n|t:|1776396466\n|switch|p1a: Pelipper|Pelipper, L50, M|100/100\n|-weather|RainDance|[from] ability: Drizzle|[of] p1a: Pelipper\n|switch|p1b: Basculegion|Basculegion, L50, M|100/100\n|move|p2a: Rotom|Volt Switch|p1b: Basculegion\n|-supereffective|p1b: Basculegion|1\n|-damage|p1b: Basculegion|24/100\n|\n|t:|1776396472\n|switch|p2a: Empoleon|Empoleon, L50, F|100/100|[from] Volt Switch\n|move|p2b: Sneasler|Close Combat|p1a: Pelipper\n|-resisted|p1a: Pelipper|1\n|-damage|p1a: Pelipper|59/100\n|-unboost|p2b: Sneasler|def|1\n|-unboost|p2b: Sneasler|spd|1\n|-enditem|p2b: Sneasler|White Herb\n|-clearnegativeboost|p2b: Sneasler|[silent]\n|\n|-weather|RainDance|[upkeep]\n|upkeep\n|turn|3\n|\n|t:|1776396481\n|switch|p1b: Sinistcha|Sinistcha-Masterpiece, L50|100/100\n|-heal|p1a: Pelipper|84/100|[from] ability: Hospitality|[of] p1b: Sinistcha\n|move|p2b: Sneasler|Protect|p2b: Sneasler\n|-singleturn|p2b: Sneasler|Protect\n|move|p2a: Empoleon|Hydro Pump|p1b: Sinistcha\n|-resisted|p1b: Sinistcha|1\n|-damage|p1b: Sinistcha|70/100\n|move|p1a: Pelipper|Hurricane|p2b: Sneasler\n|-activate|p2b: Sneasler|move: Protect\n|\n|-weather|RainDance|[upkeep]\n|upkeep\n|turn|4\n|\n|t:|1776396493\n|switch|p2b: Rotom|Rotom-Mow, L50|100/100\n|move|p2a: Empoleon|Hydro Pump|p1a: Pelipper\n|-resisted|p1a: Pelipper|1\n|-damage|p1a: Pelipper|29/100\n|move|p1a: Pelipper|Hurricane|p2b: Rotom\n|-damage|p2b: Rotom|37/100\n|-start|p2b: Rotom|confusion\n|-enditem|p2b: Rotom|Sitrus Berry|[eat]\n|-heal|p2b: Rotom|61/100|[from] item: Sitrus Berry\n|move|p1b: Sinistcha|Matcha Gotcha|p2b: Rotom|[spread] p2a,p2b\n|-resisted|p2b: Rotom|1\n|-damage|p2a: Empoleon|83/100\n|-heal|p1b: Sinistcha|79/100|[from] drain|[of] p2a: Empoleon\n|-damage|p2b: Rotom|45/100\n|-heal|p1b: Sinistcha|85/100|[from] drain|[of] p2b: Rotom\n|\n|-weather|RainDance|[upkeep]\n|upkeep\n|turn|5\n|\n|t:|1776396517\n|move|p1a: Pelipper|Protect|p1a: Pelipper\n|-singleturn|p1a: Pelipper|Protect\n|move|p2a: Empoleon|Hydro Pump|p1a: Pelipper\n|-activate|p1a: Pelipper|move: Protect\n|move|p1b: Sinistcha|Matcha Gotcha|p2a: Empoleon|[spread] p2a,p2b\n|-resisted|p2b: Rotom|1\n|-damage|p2a: Empoleon|66/100\n|-heal|p1b: Sinistcha|94/100|[from] drain|[of] p2a: Empoleon\n|-damage|p2b: Rotom|27/100\n|-heal|p1b: Sinistcha|99/100|[from] drain|[of] p2b: Rotom\n|-activate|p2b: Rotom|confusion\n|-damage|p2b: Rotom|18/100|[from] confusion\n|\n|-weather|RainDance|[upkeep]\n|-fieldend|move: Trick Room\n|upkeep\n|turn|6\n|\n|t:|1776396536\n|-end|p2b: Rotom|confusion\n|move|p2b: Rotom|Electroweb|p1a: Pelipper|[spread] p1a,p1b\n|-supereffective|p1a: Pelipper|2\n|-resisted|p1b: Sinistcha|1\n|-damage|p1a: Pelipper|0 fnt\n|-damage|p1b: Sinistcha|90/100\n|-unboost|p1b: Sinistcha|spe|1\n|faint|p1a: Pelipper\n|move|p1b: Sinistcha|Matcha Gotcha|p2a: Empoleon|[spread] p2b\n|-miss|p1b: Sinistcha|p2a: Empoleon\n|-resisted|p2b: Rotom|1\n|-damage|p2b: Rotom|3/100\n|-heal|p1b: Sinistcha|95/100|[from] drain|[of] p2b: Rotom\n|move|p2a: Empoleon|Flash Cannon|p1b: Sinistcha\n|-damage|p1b: Sinistcha|67/100\n|\n|-weather|none\n|upkeep\n|\n|t:|1776396544\n|switch|p1a: Kingambit|Kingambit, L50, F|100/100\n|turn|7\n|\n|t:|1776396551\n|move|p2b: Rotom|Trick|p1a: Kingambit\n|-activate|p2b: Rotom|move: Trick|[of] p1a: Kingambit\n|-enditem|p1a: Kingambit|Black Glasses|[silent]|[from] move: Trick\n|-item|p2b: Rotom|Black Glasses|[from] move: Trick\n|move|p1b: Sinistcha|Matcha Gotcha|p2b: Rotom|[spread] p2a,p2b\n|-resisted|p2b: Rotom|1\n|-damage|p2a: Empoleon|50/100\n|-heal|p1b: Sinistcha|75/100|[from] drain|[of] p2a: Empoleon\n|-damage|p2b: Rotom|0 fnt\n|-heal|p1b: Sinistcha|76/100|[from] drain|[of] p2b: Rotom\n|-enditem|p2a: Empoleon|Sitrus Berry|[eat]\n|-heal|p2a: Empoleon|74/100|[from] item: Sitrus Berry\n|faint|p2b: Rotom\n|move|p2a: Empoleon|Roost|p2a: Empoleon\n|-heal|p2a: Empoleon|100/100\n|-singleturn|p2a: Empoleon|move: Roost\n|move|p1a: Kingambit|Low Kick|p2a: Empoleon\n|-supereffective|p2a: Empoleon|1\n|-damage|p2a: Empoleon|32/100\n|\n|upkeep\n|\n|t:|1776396558\n|switch|p2b: Sneasler|Sneasler, L50, F|100/100\n|-ability|p2b: Sneasler|Pressure\n|turn|8\n|\n|t:|1776396568\n|move|p1a: Kingambit|Protect|p1a: Kingambit\n|-singleturn|p1a: Kingambit|Protect\n|move|p2b: Sneasler|Dire Claw|p1b: Sinistcha\n|-damage|p1b: Sinistcha|44/100\n|move|p1b: Sinistcha|Matcha Gotcha|p2a: Empoleon|[spread] p2a,p2b\n|-resisted|p2b: Sneasler|1\n|-damage|p2a: Empoleon|15/100\n|-heal|p1b: Sinistcha|53/100|[from] drain|[of] p2a: Empoleon\n|-damage|p2b: Sneasler|83/100\n|-heal|p1b: Sinistcha|61/100|[from] drain|[of] p2b: Sneasler\n|-status|p2a: Empoleon|brn\n|move|p2a: Empoleon|Roost|p2a: Empoleon\n|-heal|p2a: Empoleon|65/100 brn\n|-singleturn|p2a: Empoleon|move: Roost\n|\n|-damage|p2a: Empoleon|59/100 brn|[from] brn\n|upkeep\n|turn|9\n|\n|t:|1776396592\n|move|p1a: Kingambit|Sucker Punch|p2b: Sneasler\n|-resisted|p2b: Sneasler|1\n|-damage|p2b: Sneasler|48/100\n|move|p2b: Sneasler|Close Combat|p1a: Kingambit\n|-supereffective|p1a: Kingambit|2\n|-damage|p1a: Kingambit|0 fnt\n|-unboost|p2b: Sneasler|def|1\n|-unboost|p2b: Sneasler|spd|1\n|faint|p1a: Kingambit\n|move|p1b: Sinistcha|Matcha Gotcha|p2b: Sneasler|[spread] p2a,p2b\n|-resisted|p2b: Sneasler|1\n|-damage|p2a: Empoleon|44/100 brn\n|-heal|p1b: Sinistcha|69/100|[from] drain|[of] p2a: Empoleon\n|-damage|p2b: Sneasler|21/100\n|-heal|p1b: Sinistcha|81/100|[from] drain|[of] p2b: Sneasler\n|move|p2a: Empoleon|Hydro Pump|p1b: Sinistcha\n|-resisted|p1b: Sinistcha|1\n|-damage|p1b: Sinistcha|61/100\n|\n|-damage|p2a: Empoleon|37/100 brn|[from] brn\n|upkeep\n|\n|t:|1776396608\n|switch|p1a: Basculegion|Basculegion, L50, M|24/100\n|turn|10\n|\n|t:|1776396612\n|move|p2b: Sneasler|Protect|p2b: Sneasler\n|-singleturn|p2b: Sneasler|Protect\n|move|p1a: Basculegion|Protect|p1a: Basculegion\n|-singleturn|p1a: Basculegion|Protect\n|move|p1b: Sinistcha|Matcha Gotcha|p2a: Empoleon|[spread] p2a\n|-activate|p2b: Sneasler|move: Protect\n|-damage|p2a: Empoleon|21/100 brn\n|-heal|p1b: Sinistcha|70/100|[from] drain|[of] p2a: Empoleon\n|move|p2a: Empoleon|Hydro Pump|p1a: Basculegion\n|-activate|p1a: Basculegion|move: Protect\n|\n|-damage|p2a: Empoleon|14/100 brn|[from] brn\n|upkeep\n|turn|11\n|\n|t:|1776396628\n|move|p1a: Basculegion|Aqua Jet|p2b: Sneasler\n|-damage|p2b: Sneasler|0 fnt\n|faint|p2b: Sneasler\n|move|p1b: Sinistcha|Matcha Gotcha|p2a: Empoleon\n|-damage|p2a: Empoleon|0 fnt\n|-heal|p1b: Sinistcha|77/100|[from] drain|[of] p2a: Empoleon\n|faint|p2a: Empoleon\n|\n|upkeep\n|\n|t:|1776396632\n|switch|p2b: Froslass|Froslass, L50, F|100/100\n|turn|12\n|\n|t:|1776396646\n|detailschange|p2b: Froslass|Froslass-Mega, L50, F\n|-mega|p2b: Froslass|Froslass|Froslassite\n|-weather|Snowscape|[from] ability: Snow Warning|[of] p2b: Froslass\n|move|p1a: Basculegion|Aqua Jet|p2b: Froslass\n|-damage|p2b: Froslass|66/100\n|move|p2b: Froslass|Shadow Ball|p1a: Basculegion\n|-supereffective|p1a: Basculegion|1\n|-damage|p1a: Basculegion|0 fnt\n|faint|p1a: Basculegion\n|move|p1b: Sinistcha|Matcha Gotcha|p2b: Froslass\n|-damage|p2b: Froslass|26/100\n|-heal|p1b: Sinistcha|94/100|[from] drain|[of] p2b: Froslass\n|\n|-weather|Snowscape|[upkeep]\n|upkeep\n|turn|13\n|\n|t:|1776396659\n|move|p2b: Froslass|Blizzard|p1b: Sinistcha\n|-supereffective|p1b: Sinistcha|1\n|-damage|p1b: Sinistcha|0 fnt\n|faint|p1b: Sinistcha\n|\n|win|Phillip Blevin\n|raw|arroyofran2's rating: 1276 &rarr; <strong>1255</strong><br />(-21 for losing)\n|raw|Phillip Blevin's rating: 1325 &rarr; <strong>1342</strong><br />(+17 for winning)\n",
  "uploadtime": 1776396659,
  "views": 44,
  "formatid": "gen9championsvgc2026regma",
  "rating": 1255,
  "private": 0,
  "password": null
}