{
  "id": "gen9championsvgc2026regma-2587494786",
  "format": "[Gen 9 Champions] VGC 2026 Reg M-A",
  "players": [
    "crusher1980",
    "SpockyFrogo"
  ],
  "log": "|j|\u2606crusher1980\n|j|\u2606SpockyFrogo\n|t:|1776536620\n|gametype|doubles\n|player|p1|crusher1980|101|1183\n|player|p2|SpockyFrogo|266|1240\n|gen|9\n|tier|[Gen 9 Champions] VGC 2026 Reg M-A\n|rated|\n|rule|Species Clause: Limit one of each Pok\u00e9mon\n|rule|Item Clause: Limit 1 of each item\n|clearpoke\n|poke|p1|Milotic, L50, M|\n|poke|p1|Froslass, L50, F|\n|poke|p1|Rotom-Mow, L50|\n|poke|p1|Sneasler, L50, M|\n|poke|p1|Kingambit, L50, M|\n|poke|p1|Incineroar, L50, F|\n|poke|p2|Sylveon, L50, F|\n|poke|p2|Milotic, L50, M|\n|poke|p2|Golurk, L50|\n|poke|p2|Farigiraf, L50, F|\n|poke|p2|Arcanine-Hisui, L50, F|\n|poke|p2|Garchomp, L50, M|\n|teampreview|4\n|inactive|Battle timer is ON: inactive players will automatically lose when time's up. (requested by crusher1980)\n|inactive|crusher1980 has 60 seconds left.\n|inactive|SpockyFrogo has 60 seconds left.\n|\n|t:|1776536664\n|teamsize|p1|4\n|teamsize|p2|4\n|start\n|switch|p1a: Incineroar|Incineroar, L50, F|100/100\n|switch|p1b: Rotom|Rotom-Mow, L50|100/100\n|switch|p2a: Golurk|Golurk, L50|100/100\n|switch|p2b: Farigiraf|Farigiraf, L50, F|100/100\n|-ability|p1a: Incineroar|Intimidate|boost\n|-unboost|p2a: Golurk|atk|1\n|-unboost|p2b: Farigiraf|atk|1\n|turn|1\n|inactive|SpockyFrogo has 30 seconds left.\n|\n|t:|1776536691\n|switch|p2a: Arcanine|Arcanine-Hisui, L50, F|100/100\n|-ability|p2a: Arcanine|Intimidate|boost\n|-unboost|p1a: Incineroar|atk|1\n|-unboost|p1b: Rotom|atk|1\n|move|p1b: Rotom|Will-O-Wisp|p2a: Arcanine\n|-immune|p2a: Arcanine\n|move|p1a: Incineroar|Darkest Lariat|p2b: Farigiraf\n|-supereffective|p2b: Farigiraf|1\n|-damage|p2b: Farigiraf|48/100\n|move|p2b: Farigiraf|Trick Room|p2b: Farigiraf\n|-fieldstart|move: Trick Room|[of] p2b: Farigiraf\n|\n|upkeep\n|turn|2\n|inactive|crusher1980 has 30 seconds left.\n|inactive|SpockyFrogo has 30 seconds left.\n|\n|t:|1776536726\n|switch|p1b: Sneasler|Sneasler, L50, M|100/100\n|move|p2b: Farigiraf|Hyper Voice|p1b: Sneasler|[spread] p1a,p1b\n|-damage|p1a: Incineroar|74/100\n|-damage|p1b: Sneasler|57/100\n|move|p1a: Incineroar|Darkest Lariat|p2b: Farigiraf\n|-supereffective|p2b: Farigiraf|1\n|-damage|p2b: Farigiraf|0 fnt\n|faint|p2b: Farigiraf\n|move|p2a: Arcanine|Flare Blitz|p1b: Sneasler\n|-damage|p1b: Sneasler|0 fnt\n|faint|p1b: Sneasler\n|-damage|p2a: Arcanine|86/100|[from] Recoil\n|\n|upkeep\n|\n|t:|1776536740\n|switch|p2b: Golurk|Golurk, L50|100/100\n|switch|p1b: Froslass|Froslass, L50, F|100/100\n|turn|3\n|\n|t:|1776536763\n|detailschange|p2b: Golurk|Golurk-Mega, L50\n|-mega|p2b: Golurk|Golurk|Golurkite\n|move|p1b: Froslass|Protect|p1b: Froslass\n|-singleturn|p1b: Froslass|Protect\n|move|p2b: Golurk|Poltergeist|p1b: Froslass\n|-activate|p1b: Froslass|move: Protect\n|move|p1a: Incineroar|Darkest Lariat|p2b: Golurk\n|-supereffective|p2b: Golurk|1\n|-damage|p2b: Golurk|61/100\n|move|p2a: Arcanine|Rock Slide|p1a: Incineroar|[spread] p1a\n|-activate|p1b: Froslass|move: Protect\n|-supereffective|p1a: Incineroar|1\n|-damage|p1a: Incineroar|23/100\n|-enditem|p1a: Incineroar|Sitrus Berry|[eat]\n|-heal|p1a: Incineroar|48/100|[from] item: Sitrus Berry\n|\n|upkeep\n|turn|4\n|inactive|SpockyFrogo has 30 seconds left.\n|inactive|SpockyFrogo has 20 seconds left.\n|inactive|SpockyFrogo has 15 seconds left.\n|\n|t:|1776536805\n|detailschange|p1b: Froslass|Froslass-Mega, L50, F\n|-mega|p1b: Froslass|Froslass|Froslassite\n|-weather|Snowscape|[from] ability: Snow Warning|[of] p1b: Froslass\n|move|p2b: Golurk|Headlong Rush|p1b: Froslass\n|-damage|p1b: Froslass|15/100\n|-unboost|p2b: Golurk|def|1\n|-unboost|p2b: Golurk|spd|1\n|move|p1a: Incineroar|Parting Shot|p2b: Golurk\n|-unboost|p2b: Golurk|atk|1\n|-unboost|p2b: Golurk|spa|1\n|\n|t:|1776536814\n|switch|p1a: Rotom|Rotom-Mow, L50|100/100|[from] Parting Shot\n|move|p2a: Arcanine|Rock Slide|p1a: Rotom|[spread] p1a\n|-miss|p2a: Arcanine|p1b: Froslass\n|-damage|p1a: Rotom|62/100\n|move|p1b: Froslass|Shadow Ball|p2b: Golurk\n|-supereffective|p2b: Golurk|1\n|-damage|p2b: Golurk|0 fnt\n|faint|p2b: Golurk\n|\n|-weather|Snowscape|[upkeep]\n|upkeep\n|\n|t:|1776536826\n|switch|p2b: Milotic|Milotic, L50, M|100/100\n|turn|5\n|\n|t:|1776536839\n|move|p2b: Milotic|Ice Beam|p1a: Rotom\n|-supereffective|p1a: Rotom|1\n|-damage|p1a: Rotom|2/100\n|move|p2a: Arcanine|Rock Slide|p1b: Froslass|[spread] p1a,p1b\n|-supereffective|p1b: Froslass|1\n|-damage|p1a: Rotom|0 fnt\n|-damage|p1b: Froslass|0 fnt\n|faint|p1a: Rotom\n|faint|p1b: Froslass\n|\n|-weather|Snowscape|[upkeep]\n|-fieldend|move: Trick Room\n|upkeep\n|\n|t:|1776536845\n|switch|p1b: Incineroar|Incineroar, L50, F|48/100\n|-ability|p1b: Incineroar|Intimidate|boost\n|-unboost|p2a: Arcanine|atk|1\n|-unboost|p2b: Milotic|atk|1\n|-ability|p2b: Milotic|Competitive|boost\n|-boost|p2b: Milotic|spa|2\n|turn|6\n|-message|crusher1980 forfeited.\n|\n|win|SpockyFrogo\n|raw|crusher1980's rating: 1183 &rarr; <strong>1162</strong><br />(-21 for losing)\n|raw|SpockyFrogo's rating: 1240 &rarr; <strong>1261</strong><br />(+21 for winning)\n|l|\u2606crusher1980\n|player|p1|\n",
  "uploadtime": 1776536859,
  "views": 15,
  "formatid": "gen9championsvgc2026regma",
  "rating": 1162,
  "private": 0,
  "password": null
}