{
  "id": "gen9championsvgc2026regma-2586445643",
  "format": "[Gen 9 Champions] VGC 2026 Reg M-A",
  "players": [
    "CoffeeMoffee",
    "dennyluc"
  ],
  "log": "|j|\u2606CoffeeMoffee\n|j|\u2606dennyluc\n|t:|1776435211\n|gametype|doubles\n|player|p1|CoffeeMoffee|scientist|1169\n|player|p2|dennyluc|1|1165\n|gen|9\n|tier|[Gen 9 Champions] VGC 2026 Reg M-A\n|rated|\n|rule|Species Clause: Limit one of each Pok\u00e9mon\n|rule|Item Clause: Limit 1 of each item\n|clearpoke\n|poke|p1|Floette-Eternal, L50, F|\n|poke|p1|Kingambit, L50, F|\n|poke|p1|Garchomp, L50, M|\n|poke|p1|Incineroar, L50, M|\n|poke|p1|Rotom-Wash, L50|\n|poke|p1|Sinistcha, L50|\n|poke|p2|Scizor, L50, M|\n|poke|p2|Politoed, L50, F|\n|poke|p2|Kingambit, L50, F|\n|poke|p2|Corviknight, L50, F|\n|poke|p2|Sneasler, L50, M|\n|poke|p2|Dragapult, L50, M|\n|teampreview|4\n|inactive|Battle timer is ON: inactive players will automatically lose when time's up. (requested by CoffeeMoffee)\n|inactive|CoffeeMoffee has 60 seconds left.\n|inactive|dennyluc has 60 seconds left.\n|inactive|CoffeeMoffee has 30 seconds left.\n|\n|t:|1776435273\n|teamsize|p1|4\n|teamsize|p2|4\n|start\n|switch|p1a: Rotom|Rotom-Wash, L50, shiny|100/100\n|switch|p1b: Kingambit|Kingambit, L50, F, shiny|100/100\n|switch|p2a: Scizor|Scizor, L50, M|100/100\n|switch|p2b: Kingambit|Kingambit, L50, F|100/100\n|turn|1\n|inactive|CoffeeMoffee has 30 seconds left.\n|inactive|dennyluc has 30 seconds left.\n|inactive|dennyluc has 20 seconds left.\n|\n|t:|1776435309\n|move|p2a: Scizor|Protect|p2a: Scizor\n|-singleturn|p2a: Scizor|Protect\n|move|p1b: Kingambit|Protect|p1b: Kingambit\n|-singleturn|p1b: Kingambit|Protect\n|move|p1a: Rotom|Will-O-Wisp|p2a: Scizor\n|-activate|p2a: Scizor|move: Protect\n|move|p2b: Kingambit|Kowtow Cleave|p1a: Rotom\n|-damage|p1a: Rotom|37/100\n|\n|upkeep\n|turn|2\n|inactive|dennyluc has 30 seconds left.\n|\n|t:|1776435335\n|switch|p2a: Sneasler|Sneasler, L50, M|100/100\n|move|p1b: Kingambit|Sucker Punch||[still]\n|-fail|p1b: Kingambit\n|move|p1a: Rotom|Will-O-Wisp|p2a: Sneasler\n|-status|p2a: Sneasler|brn\n|move|p2b: Kingambit|Kowtow Cleave|p1a: Rotom\n|-damage|p1a: Rotom|0 fnt\n|faint|p1a: Rotom\n|\n|-damage|p2a: Sneasler|95/100 brn|[from] brn\n|upkeep\n|\n|t:|1776435348\n|switch|p1a: Garchomp|Garchomp, L50, M, shiny|100/100\n|turn|3\n|\n|t:|1776435369\n|switch|p2b: Dragapult|Dragapult, L50, M|100/100\n|move|p1a: Garchomp|Protect|p1a: Garchomp\n|-singleturn|p1a: Garchomp|Protect\n|move|p1b: Kingambit|Protect|p1b: Kingambit\n|-singleturn|p1b: Kingambit|Protect\n|move|p2a: Sneasler|Fake Out|p1a: Garchomp\n|-activate|p1a: Garchomp|move: Protect\n|\n|-damage|p2a: Sneasler|89/100 brn|[from] brn\n|upkeep\n|turn|4\n|inactive|CoffeeMoffee has 30 seconds left.\n|inactive|dennyluc has 30 seconds left.\n|\n|t:|1776435397\n|switch|p1a: Floette|Floette-Eternal, L50, F|100/100\n|move|p2a: Sneasler|Protect|p2a: Sneasler\n|-singleturn|p2a: Sneasler|Protect\n|move|p2b: Dragapult|Dragon Claw|p1a: Floette\n|-immune|p1a: Floette\n|move|p1b: Kingambit|Iron Head|p2a: Sneasler\n|-activate|p2a: Sneasler|move: Protect\n|\n|-damage|p2a: Sneasler|83/100 brn|[from] brn\n|upkeep\n|turn|5\n|\n|t:|1776435416\n|switch|p2b: Kingambit|Kingambit, L50, F|100/100\n|detailschange|p1a: Floette|Floette-Mega, L50, F\n|-mega|p1a: Floette|Floette|Floettite\n|-ability|p1a: Floette|Fairy Aura\n|move|p1b: Kingambit|Sucker Punch||[still]\n|-fail|p1b: Kingambit\n|move|p2a: Sneasler|Dire Claw|p1a: Floette\n|-supereffective|p1a: Floette|1\n|-crit|p1a: Floette\n|-damage|p1a: Floette|36/100\n|move|p1a: Floette|Moonblast|p2a: Sneasler\n|-damage|p2a: Sneasler|2/100 brn\n|\n|-damage|p2a: Sneasler|0 fnt|[from] brn\n|faint|p2a: Sneasler\n|upkeep\n|\n|t:|1776435431\n|switch|p2a: Scizor|Scizor, L50, M|100/100\n|turn|6\n|\n|t:|1776435456\n|switch|p1a: Garchomp|Garchomp, L50, M, shiny|100/100\n|switch|p2b: Dragapult|Dragapult, L50, M|100/100\n|detailschange|p2a: Scizor|Scizor-Mega, L50, M\n|-mega|p2a: Scizor|Scizor|Scizorite\n|move|p2a: Scizor|Bullet Punch|p1a: Garchomp\n|-damage|p1a: Garchomp|58/100\n|-damage|p2a: Scizor|88/100|[from] ability: Rough Skin|[of] p1a: Garchomp\n|move|p1b: Kingambit|Kowtow Cleave|p2a: Scizor\n|-damage|p2a: Scizor|42/100\n|\n|upkeep\n|turn|7\n|inactive|CoffeeMoffee has 30 seconds left.\n|\n|t:|1776435490\n|move|p1a: Garchomp|Protect|p1a: Garchomp\n|-singleturn|p1a: Garchomp|Protect\n|move|p2a: Scizor|Protect|p2a: Scizor\n|-singleturn|p2a: Scizor|Protect\n|move|p2b: Dragapult|Phantom Force||[still]\n|-prepare|p2b: Dragapult|Phantom Force\n|move|p1b: Kingambit|Kowtow Cleave|p2a: Scizor\n|-activate|p2a: Scizor|move: Protect\n|\n|upkeep\n|turn|8\n|\n|t:|1776435515\n|switch|p2a: Kingambit|Kingambit, L50, F|100/100\n|move|p1b: Kingambit|Protect|p1b: Kingambit\n|-singleturn|p1b: Kingambit|Protect\n|move|p2b: Dragapult|Phantom Force|p1a: Garchomp|[from] lockedmove\n|-damage|p1a: Garchomp|12/100\n|-damage|p2b: Dragapult|88/100|[from] ability: Rough Skin|[of] p1a: Garchomp\n|move|p1a: Garchomp|Earthquake|p2b: Dragapult|[spread] p2a,p2b\n|-activate|p1b: Kingambit|move: Protect\n|-supereffective|p2a: Kingambit|1\n|-damage|p2a: Kingambit|34/100\n|-damage|p2b: Dragapult|27/100\n|\n|upkeep\n|turn|9\n|inactive|CoffeeMoffee has 30 seconds left.\n|inactive|dennyluc has 30 seconds left.\n|inactive|CoffeeMoffee has 20 seconds left.\n|inactive|CoffeeMoffee has 15 seconds left.\n|\n|t:|1776435561\n|move|p1a: Garchomp|Protect|p1a: Garchomp\n|-singleturn|p1a: Garchomp|Protect\n|move|p2a: Kingambit|Sucker Punch||[still]\n|-fail|p2a: Kingambit\n|move|p1b: Kingambit|Sucker Punch|p2b: Dragapult\n|-supereffective|p2b: Dragapult|1\n|-damage|p2b: Dragapult|0 fnt\n|faint|p2b: Dragapult\n|\n|upkeep\n|\n|t:|1776435569\n|switch|p2b: Scizor|Scizor-Mega, L50, M|42/100\n|turn|10\n|\n|t:|1776435594\n|move|p1a: Garchomp|Protect|p1a: Garchomp\n|-singleturn|p1a: Garchomp|Protect\n|move|p2a: Kingambit|Sucker Punch||[still]\n|-fail|p2a: Kingambit\n|move|p2b: Scizor|Swords Dance|p2b: Scizor\n|-boost|p2b: Scizor|atk|2\n|move|p1b: Kingambit|Kowtow Cleave|p2b: Scizor\n|-damage|p2b: Scizor|0 fnt\n|faint|p2b: Scizor\n|\n|upkeep\n|turn|11\n|\n|t:|1776435613\n|move|p2a: Kingambit|Sucker Punch|p1a: Garchomp\n|-damage|p1a: Garchomp|0 fnt\n|-damage|p2a: Kingambit|22/100|[from] ability: Rough Skin|[of] p1a: Garchomp\n|faint|p1a: Garchomp\n|move|p1b: Kingambit|Kowtow Cleave|p2a: Kingambit\n|-resisted|p2a: Kingambit|1\n|-damage|p2a: Kingambit|0 fnt\n|faint|p2a: Kingambit\n|\n|win|CoffeeMoffee\n|raw|CoffeeMoffee's rating: 1169 &rarr; <strong>1194</strong><br />(+25 for winning)\n|raw|dennyluc's rating: 1165 &rarr; <strong>1140</strong><br />(-25 for losing)\n|l|\u2606dennyluc\n|player|p2|\n|c|\u2606CoffeeMoffee|gg\n",
  "uploadtime": 1776435625,
  "views": 36,
  "formatid": "gen9championsvgc2026regma",
  "rating": 1140,
  "private": 0,
  "password": null
}