{
  "id": "gen9championsvgc2026regma-2587088602",
  "format": "[Gen 9 Champions] VGC 2026 Reg M-A",
  "players": [
    "Warehouse User",
    "Cozmo180"
  ],
  "log": "|j|\u2606Warehouse User\n|j|\u2606Cozmo180\n|t:|1776491772\n|gametype|doubles\n|player|p1|Warehouse User|102|1110\n|player|p2|Cozmo180|hilbert|1059\n|gen|9\n|tier|[Gen 9 Champions] VGC 2026 Reg M-A\n|rated|\n|rule|Species Clause: Limit one of each Pok\u00e9mon\n|rule|Item Clause: Limit 1 of each item\n|clearpoke\n|poke|p1|Aegislash, L50, M|\n|poke|p1|Maushold-Four, L50|\n|poke|p1|Azumarill, L50, F|\n|poke|p1|Whimsicott, L50, F|\n|poke|p1|Beedrill, L50, F|\n|poke|p1|Castform, L50, M|\n|poke|p2|Floette-Eternal, L50, F|\n|poke|p2|Incineroar, L50, F|\n|poke|p2|Sinistcha, L50|\n|poke|p2|Basculegion, L50, M|\n|poke|p2|Archaludon, L50, M|\n|poke|p2|Pelipper, L50, F|\n|teampreview|4\n|c|\u2606Cozmo180|glhf\n|inactive|Battle timer is ON: inactive players will automatically lose when time's up. (requested by Cozmo180)\n|\n|t:|1776491791\n|teamsize|p1|4\n|teamsize|p2|4\n|start\n|switch|p1a: Aegislash|Aegislash, L50, M|100/100\n|switch|p1b: Whimsicott|Whimsicott, L50, F|100/100\n|switch|p2a: Floette|Floette-Eternal, L50, F|100/100\n|switch|p2b: Incineroar|Incineroar, L50, F|100/100\n|-ability|p2b: Incineroar|Intimidate|boost\n|-unboost|p1a: Aegislash|atk|1\n|-unboost|p1b: Whimsicott|atk|1\n|turn|1\n|\n|t:|1776491815\n|detailschange|p2a: Floette|Floette-Mega, L50, F\n|-mega|p2a: Floette|Floette|Floettite\n|-ability|p2a: Floette|Fairy Aura\n|move|p1b: Whimsicott|Tailwind|p1b: Whimsicott\n|-sidestart|p1: Warehouse User|move: Tailwind\n|move|p1a: Aegislash|Swords Dance|p1a: Aegislash\n|-boost|p1a: Aegislash|atk|2\n|move|p2a: Floette|Calm Mind|p2a: Floette\n|-boost|p2a: Floette|spa|1\n|-boost|p2a: Floette|spd|1\n|move|p2b: Incineroar|Flare Blitz|p1a: Aegislash\n|-supereffective|p1a: Aegislash|1\n|-damage|p1a: Aegislash|21/100\n|-damage|p2b: Incineroar|79/100|[from] Recoil\n|\n|upkeep\n|turn|2\n|\n|t:|1776491837\n|move|p2a: Floette|Protect|p2a: Floette\n|-singleturn|p2a: Floette|Protect\n|move|p1b: Whimsicott|Moonblast|p2b: Incineroar\n|-damage|p2b: Incineroar|37/100\n|-enditem|p2b: Incineroar|Sitrus Berry|[eat]\n|-heal|p2b: Incineroar|61/100|[from] item: Sitrus Berry\n|-formechange|p1a: Aegislash|Aegislash-Blade|\n|move|p1a: Aegislash|Iron Head|p2a: Floette\n|-activate|p2a: Floette|move: Protect\n|move|p2b: Incineroar|Flare Blitz|p1a: Aegislash\n|-supereffective|p1a: Aegislash|1\n|-damage|p1a: Aegislash|0 fnt\n|faint|p1a: Aegislash\n|-damage|p2b: Incineroar|55/100|[from] Recoil\n|\n|upkeep\n|\n|t:|1776491854\n|switch|p1a: Azumarill|Azumarill, L50, F|100/100\n|turn|3\n|\n|t:|1776491869\n|move|p1a: Azumarill|Protect|p1a: Azumarill\n|-singleturn|p1a: Azumarill|Protect\n|move|p1b: Whimsicott|Encore|p2a: Floette\n|-start|p2a: Floette|Encore\n|move|p2a: Floette|Protect|p2a: Floette\n|-singleturn|p2a: Floette|Protect\n|move|p2b: Incineroar|Parting Shot|p1a: Azumarill\n|-activate|p1a: Azumarill|move: Protect\n|\n|upkeep\n|turn|4\n|\n|t:|1776491893\n|switch|p2a: Sinistcha|Sinistcha, L50|100/100\n|-heal|p2b: Incineroar|80/100|[from] ability: Hospitality|[of] p2a: Sinistcha\n|move|p1b: Whimsicott|Moonblast|p2b: Incineroar\n|-damage|p2b: Incineroar|46/100\n|move|p1a: Azumarill|Belly Drum|p1a: Azumarill\n|-damage|p1a: Azumarill|51/100\n|-setboost|p1a: Azumarill|atk|6|[from] move: Belly Drum\n|move|p2b: Incineroar|Flare Blitz|p1b: Whimsicott\n|-supereffective|p1b: Whimsicott|1\n|-enditem|p1b: Whimsicott|Focus Sash\n|-damage|p1b: Whimsicott|1/100\n|-damage|p2b: Incineroar|24/100|[from] Recoil\n|\n|-sideend|p1: Warehouse User|move: Tailwind\n|upkeep\n|turn|5\n|\n|t:|1776491915\n|move|p1b: Whimsicott|Tailwind|p1b: Whimsicott\n|-sidestart|p1: Warehouse User|move: Tailwind\n|move|p1a: Azumarill|Play Rough|p2a: Sinistcha\n|-damage|p2a: Sinistcha|0 fnt\n|faint|p2a: Sinistcha\n|move|p2b: Incineroar|Flare Blitz|p1a: Azumarill\n|-resisted|p1a: Azumarill|1\n|-damage|p1a: Azumarill|22/100\n|-enditem|p1a: Azumarill|Sitrus Berry|[eat]\n|-heal|p1a: Azumarill|47/100|[from] item: Sitrus Berry\n|-damage|p2b: Incineroar|14/100|[from] Recoil\n|\n|upkeep\n|\n|t:|1776491926\n|switch|p2a: Floette|Floette-Mega, L50, F|100/100\n|-ability|p2a: Floette|Fairy Aura\n|turn|6\n|\n|t:|1776491946\n|move|p2a: Floette|Protect|p2a: Floette\n|-singleturn|p2a: Floette|Protect\n|move|p1a: Azumarill|Aqua Jet|p2a: Floette\n|-activate|p2a: Floette|move: Protect\n|move|p1b: Whimsicott|Moonblast|p2b: Incineroar\n|-damage|p2b: Incineroar|0 fnt\n|faint|p2b: Incineroar\n|\n|upkeep\n|\n|t:|1776491954\n|switch|p2b: Basculegion|Basculegion, L50, M|100/100\n|turn|7\n|\n|t:|1776491965\n|move|p1a: Azumarill|Protect|p1a: Azumarill\n|-singleturn|p1a: Azumarill|Protect\n|move|p1b: Whimsicott|Energy Ball|p2b: Basculegion\n|-supereffective|p2b: Basculegion|1\n|-damage|p2b: Basculegion|23/100\n|move|p2b: Basculegion|Last Respects|p1a: Azumarill\n|-activate|p1a: Azumarill|move: Protect\n|move|p2a: Floette|Dazzling Gleam|p1b: Whimsicott|[spread] p1b\n|-activate|p1a: Azumarill|move: Protect\n|-damage|p1b: Whimsicott|0 fnt\n|faint|p1b: Whimsicott\n|\n|upkeep\n|\n|t:|1776491980\n|switch|p1b: Maushold|Maushold-Four, L50|100/100\n|turn|8\n|\n|t:|1776491986\n|move|p1a: Azumarill|Aqua Jet|p2b: Basculegion\n|-resisted|p2b: Basculegion|1\n|-damage|p2b: Basculegion|0 fnt\n|faint|p2b: Basculegion\n|move|p1b: Maushold|Super Fang|p2a: Floette\n|-damage|p2a: Floette|51/100\n|move|p2a: Floette|Dazzling Gleam|p1b: Maushold|[spread] p1a,p1b\n|-damage|p1a: Azumarill|6/100\n|-damage|p1b: Maushold|36/100\n|\n|-sideend|p1: Warehouse User|move: Tailwind\n|upkeep\n|turn|9\n|\n|t:|1776492007\n|move|p1a: Azumarill|Protect|p1a: Azumarill\n|-singleturn|p1a: Azumarill|Protect\n|move|p1b: Maushold|Super Fang|p2a: Floette\n|-damage|p2a: Floette|26/100\n|move|p2a: Floette|Dazzling Gleam|p1a: Azumarill|[spread] p1b\n|-activate|p1a: Azumarill|move: Protect\n|-damage|p1b: Maushold|0 fnt\n|faint|p1b: Maushold\n|\n|upkeep\n|turn|10\n|\n|t:|1776492019\n|move|p2a: Floette|Protect|p2a: Floette\n|-singleturn|p2a: Floette|Protect\n|move|p1a: Azumarill|Aqua Jet|p2a: Floette\n|-activate|p2a: Floette|move: Protect\n|\n|upkeep\n|turn|11\n|\n|t:|1776492026\n|move|p1a: Azumarill|Aqua Jet|p2a: Floette\n|-damage|p2a: Floette|0 fnt\n|faint|p2a: Floette\n|\n|win|Warehouse User\n|raw|Warehouse User's rating: 1110 &rarr; <strong>1131</strong><br />(+21 for winning)\n|raw|Cozmo180's rating: 1059 &rarr; <strong>1043</strong><br />(-16 for losing)\n|l|\u2606Cozmo180\n|player|p2|\n",
  "uploadtime": 1776492039,
  "views": 16,
  "formatid": "gen9championsvgc2026regma",
  "rating": 1043,
  "private": 0,
  "password": null
}