{
  "id": "gen9championsvgc2026regma-2586140477",
  "format": "[Gen 9 Champions] VGC 2026 Reg M-A",
  "players": [
    "loklastaji",
    "PillowPrincesa"
  ],
  "log": "|j|\u2606loklastaji\n|j|\u2606PillowPrincesa\n|t:|1776404066\n|gametype|doubles\n|player|p1|loklastaji|170|1104\n|player|p2|PillowPrincesa|guitarist|1153\n|gen|9\n|tier|[Gen 9 Champions] VGC 2026 Reg M-A\n|rated|\n|rule|Species Clause: Limit one of each Pok\u00e9mon\n|rule|Item Clause: Limit 1 of each item\n|clearpoke\n|poke|p1|Samurott-Hisui, L50, M|\n|poke|p1|Delphox, L50, M|\n|poke|p1|Tinkaton, L50, F|\n|poke|p1|Decidueye-Hisui, L50, M|\n|poke|p1|Dragonite, L50, M|\n|poke|p1|Farigiraf, L50, M|\n|poke|p2|Farigiraf, L50, F|\n|poke|p2|Talonflame, L50, F|\n|poke|p2|Maushold, L50|\n|poke|p2|Garchomp, L50, F|\n|poke|p2|Milotic, L50, F|\n|poke|p2|Lucario, L50, F|\n|teampreview|4\n|\n|t:|1776404121\n|teamsize|p1|4\n|teamsize|p2|4\n|start\n|switch|p1a: Samurott|Samurott-Hisui, L50, M|100/100\n|switch|p1b: Decidueye|Decidueye-Hisui, L50, M|100/100\n|switch|p2a: Lucario|Lucario, L50, F|100/100\n|switch|p2b: Maushold|Maushold, L50|100/100\n|turn|1\n|\n|t:|1776404152\n|switch|p1a: Dragonite|Dragonite, L50, M|100/100\n|detailschange|p2a: Lucario|Lucario-Mega, L50, F\n|-mega|p2a: Lucario|Lucario|Lucarionite\n|move|p2b: Maushold|Follow Me|p2b: Maushold\n|-singleturn|p2b: Maushold|move: Follow Me\n|move|p1b: Decidueye|Close Combat|p2b: Maushold\n|-supereffective|p2b: Maushold|1\n|-enditem|p2b: Maushold|Chople Berry|[eat]\n|-enditem|p2b: Maushold|Chople Berry|[weaken]\n|-damage|p2b: Maushold|33/100\n|-unboost|p1b: Decidueye|def|1\n|-unboost|p1b: Decidueye|spd|1\n|move|p2a: Lucario|Close Combat|p1a: Dragonite\n|-resisted|p1a: Dragonite|1\n|-damage|p1a: Dragonite|52/100\n|-unboost|p2a: Lucario|def|1\n|-unboost|p2a: Lucario|spd|1\n|\n|upkeep\n|turn|2\n|\n|t:|1776404177\n|detailschange|p1a: Dragonite|Dragonite-Mega, L50, M\n|-mega|p1a: Dragonite|Dragonite|Dragoninite\n|move|p2b: Maushold|Helping Hand|p2a: Lucario\n|-singleturn|p2a: Lucario|Helping Hand|[of] p2b: Maushold\n|move|p2a: Lucario|Bullet Punch|p1a: Dragonite\n|-damage|p1a: Dragonite|5/100\n|move|p1b: Decidueye|Close Combat|p2a: Lucario\n|-supereffective|p2a: Lucario|1\n|-damage|p2a: Lucario|0 fnt\n|-unboost|p1b: Decidueye|def|1\n|-unboost|p1b: Decidueye|spd|1\n|faint|p2a: Lucario\n|move|p1a: Dragonite|Air Slash|p2b: Maushold\n|-damage|p2b: Maushold|0 fnt\n|faint|p2b: Maushold\n|\n|upkeep\n|\n|t:|1776404192\n|switch|p2a: Talonflame|Talonflame, L50, F, shiny|100/100\n|switch|p2b: Garchomp|Garchomp, L50, F, shiny|100/100\n|turn|3\n|\n|t:|1776404232\n|switch|p1b: Farigiraf|Farigiraf, L50, M|100/100\n|move|p1a: Dragonite|Protect|p1a: Dragonite\n|-singleturn|p1a: Dragonite|Protect\n|move|p2a: Talonflame|Brave Bird||[still]\n|cant|p1b: Farigiraf|ability: Armor Tail|Brave Bird|[of] p2a: Talonflame\n|move|p2b: Garchomp|Rock Slide|p1b: Farigiraf|[spread] p1b\n|-activate|p1a: Dragonite|move: Protect\n|-damage|p1b: Farigiraf|83/100\n|\n|upkeep\n|turn|4\n|\n|t:|1776404267\n|switch|p1a: Samurott|Samurott-Hisui, L50, M|100/100\n|move|p2a: Talonflame|Tailwind|p2a: Talonflame\n|-sidestart|p2: PillowPrincesa|move: Tailwind\n|move|p2b: Garchomp|Rock Slide|p1b: Farigiraf|[spread] p1a,p1b\n|-damage|p1a: Samurott|76/100\n|-damage|p1b: Farigiraf|66/100\n|cant|p1b: Farigiraf|flinch\n|\n|upkeep\n|turn|5\n|\n|t:|1776404298\n|move|p2a: Talonflame|Brave Bird||[still]\n|cant|p1b: Farigiraf|ability: Armor Tail|Brave Bird|[of] p2a: Talonflame\n|move|p1a: Samurott|Sucker Punch|p2b: Garchomp\n|-damage|p2b: Garchomp|62/100\n|-damage|p1a: Samurott|64/100|[from] ability: Rough Skin|[of] p2b: Garchomp\n|move|p2b: Garchomp|Rock Slide|p1b: Farigiraf|[spread] p1a,p1b\n|-damage|p1a: Samurott|40/100\n|-damage|p1b: Farigiraf|48/100\n|move|p1b: Farigiraf|Hyper Voice|p2a: Talonflame|[spread] p2a,p2b\n|-crit|p2b: Garchomp\n|-damage|p2a: Talonflame|48/100\n|-damage|p2b: Garchomp|8/100\n|\n|upkeep\n|turn|6\n|\n|t:|1776404318\n|move|p1a: Samurott|Sucker Punch|p2a: Talonflame\n|-damage|p2a: Talonflame|0 fnt\n|faint|p2a: Talonflame\n|move|p2b: Garchomp|Earthquake|p1a: Samurott|[spread] p1a,p1b\n|-damage|p1a: Samurott|0 fnt\n|-damage|p1b: Farigiraf|14/100\n|faint|p1a: Samurott\n|move|p1b: Farigiraf|Hyper Voice|p2b: Garchomp\n|-damage|p2b: Garchomp|0 fnt\n|faint|p2b: Garchomp\n|\n|win|loklastaji\n|raw|loklastaji's rating: 1104 &rarr; <strong>1133</strong><br />(+29 for winning)\n|raw|PillowPrincesa's rating: 1153 &rarr; <strong>1124</strong><br />(-29 for losing)\n|l|\u2606PillowPrincesa\n|player|p2|\n",
  "uploadtime": 1776404330,
  "views": 20,
  "formatid": "gen9championsvgc2026regma",
  "rating": 1124,
  "private": 0,
  "password": null
}