{
  "id": "gen9championsvgc2026regma-2580987448",
  "format": "[Gen 9 Champions] VGC 2026 Reg M-A",
  "players": [
    "Mr.Danil",
    "CowboyMini"
  ],
  "log": "|j|\u2606Mr.Danil\n|j|\u2606CowboyMini\n|html|<table width=\"100%\"><tr><td align=\"left\">Mr.Danil</td><td align=\"right\">CowboyMini</tr><tr><td align=\"left\"><i class=\"fa fa-circle-o\"></i> <i class=\"fa fa-circle-o\"></i> </td><td align=\"right\"><i class=\"fa fa-circle-o\"></i> <i class=\"fa fa-circle\"></i> </tr></table>\n|uhtml|bestof|<h2><strong>Game 2</strong> of <a href=\"/game-bestof3-gen9championsvgc2026regma-2580985386\">a best-of-3</a></h2>\n|t:|1775949310\n|gametype|doubles\n|player|p1|Mr.Danil|169|\n|player|p2|CowboyMini|idol|\n|gen|9\n|tier|[Gen 9 Champions] VGC 2026 Reg M-A\n|rule|Species Clause: Limit one of each Pok\u00e9mon\n|rule|Item Clause: Limit 1 of each item\n|raw|<div class=\"infobox\"><details class=\"readmore\" open><summary><strong>1 custom rule:</strong></summary> Best of = 3</details></div>\n|clearpoke\n|poke|p1|Whimsicott, L50, M|\n|poke|p1|Sneasler, L50, M|\n|poke|p1|Primarina, L50, M|\n|poke|p1|Kingambit, L50, M|\n|poke|p1|Farigiraf, L50, F|\n|poke|p1|Chandelure, L50, F|\n|poke|p2|Kangaskhan, L50, F|\n|poke|p2|Sinistcha, L50|\n|poke|p2|Garchomp, L50, M|\n|poke|p2|Rotom-Wash, L50|\n|poke|p2|Lucario, L50, M|\n|poke|p2|Incineroar, L50, M|\n|teampreview|4\n|\n|t:|1775949342\n|teamsize|p1|4\n|teamsize|p2|4\n|start\n|switch|p1a: Farigiraf|Farigiraf, L50, F|100/100\n|switch|p1b: Whimsicott|Whimsicott, L50, M|100/100\n|switch|p2a: Big Chomp|Garchomp, L50, M|100/100\n|switch|p2b: Rotom-EVIL|Rotom-Wash, L50, shiny|100/100\n|turn|1\n|\n|t:|1775949360\n|switch|p1a: Primarina|Primarina, L50, M, shiny|100/100\n|move|p1b: Whimsicott|Tailwind|p1b: Whimsicott\n|-sidestart|p1: Mr.Danil|move: Tailwind\n|move|p2b: Rotom-EVIL|Trick|p1b: Whimsicott\n|-activate|p2b: Rotom-EVIL|move: Trick|[of] p1b: Whimsicott\n|-item|p1b: Whimsicott|Choice Scarf|[from] move: Trick\n|-item|p2b: Rotom-EVIL|Focus Sash|[from] move: Trick\n|move|p2a: Big Chomp|Scale Shot|p1a: Primarina\n|-immune|p1a: Primarina\n|\n|upkeep\n|turn|2\n|\n|t:|1775949390\n|move|p1a: Primarina|Protect|p1a: Primarina\n|-singleturn|p1a: Primarina|Protect\n|move|p1b: Whimsicott|Worry Seed|p2b: Rotom-EVIL\n|-ability|p2b: Rotom-EVIL|Insomnia|Levitate|[from] move: Worry Seed\n|move|p2a: Big Chomp|Earthquake|p1a: Primarina|[spread] p2b,p1b\n|-activate|p1a: Primarina|move: Protect\n|-supereffective|p2b: Rotom-EVIL|1\n|-resisted|p1b: Whimsicott|1\n|-enditem|p2b: Rotom-EVIL|Focus Sash\n|-damage|p2b: Rotom-EVIL|1/100\n|-damage|p1b: Whimsicott|70/100\n|move|p2b: Rotom-EVIL|Volt Switch|p1a: Primarina\n|-activate|p1a: Primarina|move: Protect\n|\n|upkeep\n|turn|3\n|\n|t:|1775949433\n|switch|p1b: Sneasler|Sneasler, L50, M|100/100\n|switch|p2a: Evil Matcha|Sinistcha, L50|100/100\n|-heal|p2b: Rotom-EVIL|26/100|[from] ability: Hospitality|[of] p2a: Evil Matcha\n|move|p1a: Primarina|Ice Beam|p2a: Evil Matcha\n|-supereffective|p2a: Evil Matcha|1\n|-crit|p2a: Evil Matcha\n|-damage|p2a: Evil Matcha|29/100\n|-status|p2a: Evil Matcha|frz\n|move|p2b: Rotom-EVIL|Volt Switch|p1a: Primarina\n|-supereffective|p1a: Primarina|1\n|-damage|p1a: Primarina|44/100\n|\n|t:|1775949446\n|switch|p2b: Big Chomp|Garchomp, L50, M|100/100|[from] Volt Switch\n|\n|-heal|p2a: Evil Matcha|35/100 frz|[from] item: Leftovers\n|upkeep\n|turn|4\n|\n|t:|1775949492\n|move|p2b: Big Chomp|Protect|p2b: Big Chomp\n|-singleturn|p2b: Big Chomp|Protect\n|move|p1b: Sneasler|Dire Claw|p2a: Evil Matcha\n|-damage|p2a: Evil Matcha|0 fnt\n|faint|p2a: Evil Matcha\n|move|p1a: Primarina|Ice Beam|p2b: Big Chomp\n|-activate|p2b: Big Chomp|move: Protect\n|\n|-sideend|p1: Mr.Danil|move: Tailwind\n|upkeep\n|\n|t:|1775949501\n|switch|p2a: SPECIALFLASHCANNON|Lucario, L50, M|100/100\n|turn|5\n|\n|t:|1775949516\n|switch|p1b: Farigiraf|Farigiraf, L50, F|100/100\n|detailschange|p2a: SPECIALFLASHCANNON|Lucario-Mega, L50, M\n|-mega|p2a: SPECIALFLASHCANNON|Lucario|Lucarionite\n|move|p2a: SPECIALFLASHCANNON|Protect|p2a: SPECIALFLASHCANNON\n|-singleturn|p2a: SPECIALFLASHCANNON|Protect\n|move|p2b: Big Chomp|Earthquake|p1b: Farigiraf|[spread] p1a,p1b\n|-activate|p2a: SPECIALFLASHCANNON|move: Protect\n|-damage|p1a: Primarina|3/100\n|-damage|p1b: Farigiraf|64/100\n|move|p1a: Primarina|Ice Beam|p2b: Big Chomp\n|-supereffective|p2b: Big Chomp|2\n|-damage|p2b: Big Chomp|0 fnt\n|faint|p2b: Big Chomp\n|\n|-heal|p1b: Farigiraf|71/100|[from] item: Leftovers\n|upkeep\n|\n|t:|1775949530\n|switch|p2b: Rotom-EVIL|Rotom-Wash, L50, shiny|26/100\n|turn|6\n|\n|t:|1775949557\n|move|p1a: Primarina|Protect|p1a: Primarina\n|-singleturn|p1a: Primarina|Protect\n|move|p2a: SPECIALFLASHCANNON|Nasty Plot|p2a: SPECIALFLASHCANNON\n|-boost|p2a: SPECIALFLASHCANNON|spa|2\n|move|p2b: Rotom-EVIL|Electroweb|p1a: Primarina|[spread] p1b\n|-activate|p1a: Primarina|move: Protect\n|-damage|p1b: Farigiraf|55/100\n|-unboost|p1b: Farigiraf|spe|1\n|move|p1b: Farigiraf|Psychic Noise|p2b: Rotom-EVIL\n|-damage|p2b: Rotom-EVIL|0 fnt\n|faint|p2b: Rotom-EVIL\n|\n|-heal|p1b: Farigiraf|61/100|[from] item: Leftovers\n|upkeep\n|turn|7\n|\n|t:|1775949581\n|move|p1b: Farigiraf|Helping Hand|p1a: Primarina\n|-singleturn|p1a: Primarina|Helping Hand|[of] p1b: Farigiraf\n|move|p2a: SPECIALFLASHCANNON|Flash Cannon|p1a: Primarina\n|-damage|p1a: Primarina|0 fnt\n|faint|p1a: Primarina\n|\n|-heal|p1b: Farigiraf|67/100|[from] item: Leftovers\n|upkeep\n|\n|t:|1775949591\n|switch|p1a: Whimsicott|Whimsicott, L50, M|70/100\n|turn|8\n|\n|t:|1775949613\n|move|p1a: Whimsicott|Tailwind|p1a: Whimsicott\n|-sidestart|p1: Mr.Danil|move: Tailwind\n|move|p2a: SPECIALFLASHCANNON|Aura Sphere|p1b: Farigiraf\n|-damage|p1b: Farigiraf|0 fnt\n|faint|p1b: Farigiraf\n|\n|upkeep\n|\n|t:|1775949618\n|switch|p1b: Sneasler|Sneasler, L50, M|100/100\n|turn|9\n|\n|t:|1775949625\n|move|p2a: SPECIALFLASHCANNON|Protect|p2a: SPECIALFLASHCANNON\n|-singleturn|p2a: SPECIALFLASHCANNON|Protect\n|move|p1a: Whimsicott|Tailwind||[still]\n|-fail|p1a: Whimsicott\n|move|p1b: Sneasler|Close Combat|p2a: SPECIALFLASHCANNON\n|-activate|p2a: SPECIALFLASHCANNON|move: Protect\n|\n|upkeep\n|turn|10\n|\n|t:|1775949637\n|move|p1a: Whimsicott|Tailwind||[still]\n|-fail|p1a: Whimsicott\n|move|p1b: Sneasler|Close Combat|p2a: SPECIALFLASHCANNON\n|-supereffective|p2a: SPECIALFLASHCANNON|1\n|-damage|p2a: SPECIALFLASHCANNON|0 fnt\n|-unboost|p1b: Sneasler|def|1\n|-unboost|p1b: Sneasler|spd|1\n|faint|p2a: SPECIALFLASHCANNON\n|\n|win|Mr.Danil\n||CowboyMini is ready for game 3.\n||Mr.Danil is ready for game 3.\n|uhtml|next|Next: <a href=\"/battle-gen9championsvgc2026regma-2580991085\"><strong>Game 3 of 3</strong></a>\n|l|\u2606Mr.Danil\n|player|p1|\n",
  "uploadtime": 1775949963,
  "views": 14,
  "formatid": "gen9championsvgc2026regma",
  "rating": null,
  "private": 0,
  "password": null
}