{
  "id": "gen9championsvgc2026regma-2580752670",
  "format": "[Gen 9 Champions] VGC 2026 Reg M-A",
  "players": [
    "Pando067",
    "bpmw0711"
  ],
  "log": "|j|\u2606Pando067\n|j|\u2606bpmw0711\n|t:|1775929628\n|gametype|doubles\n|player|p1|Pando067|psychic-lgpe|1072\n|player|p2|bpmw0711|lana|1059\n|gen|9\n|tier|[Gen 9 Champions] VGC 2026 Reg M-A\n|rated|\n|rule|Species Clause: Limit one of each Pok\u00e9mon\n|rule|Item Clause: Limit 1 of each item\n|clearpoke\n|poke|p1|Incineroar, L50, M|\n|poke|p1|Whimsicott, L50, F|\n|poke|p1|Crabominable, L50, M|\n|poke|p1|Farigiraf, L50, M|\n|poke|p1|Floette-Eternal, L50, F|\n|poke|p1|Sinistcha, L50|\n|poke|p2|Clefable, L50, F|\n|poke|p2|Kommo-o, L50, F|\n|poke|p2|Snorlax, L50, M|\n|poke|p2|Sinistcha-Masterpiece, L50|\n|poke|p2|Incineroar, L50, M|\n|poke|p2|Sneasler, L50, F|\n|teampreview|4\nbpmw0711 has agreed to open team sheets.\n|inactive|Battle timer is ON: inactive players will automatically lose when time's up. (requested by bpmw0711)\nPando067 has agreed to open team sheets.\n|showteam|p1|Incineroar||ShucaBerry|Intimidate|ThroatChop,PartingShot,FlareBlitz,FakeOut|||M|||50|]Whimsicott||FocusSash|Prankster|Tailwind,WorrySeed,Protect,Moonblast|||F|||50|]Crabominable||Crabominite|IronFist|IceHammer,DrainPunch,Protect,BulkUp|||M|||50|]Farigiraf||Leftovers|ArmorTail|TrickRoom,Protect,HyperVoice,Psychic|||M|||50|]Floette-Eternal||Floettite|FlowerVeil|Moonblast,DazzlingGleam,Protect,CalmMind|||F|||50|]Sinistcha||SitrusBerry|Hospitality|MatchaGotcha,TrickRoom,Protect,LifeDew||||||50|\n|showteam|p2|Clefable||Clefablite|Unaware|FollowMe,LifeDew,HelpingHand,Psychic|||F|||50|]Kommo-o||Leftovers|Soundproof|AuraSphere,ClangingScales,ClangorousSoul,Protect|||F|||50|]Snorlax||SitrusBerry|Immunity|Protect,HighHorsepower,BodySlam,BellyDrum|||M|||50|]Sinistcha-Masterpiece||MentalHerb|Hospitality|MatchaGotcha,TrickRoom,RagePowder,LifeDew||||||50|]Incineroar||ChopleBerry|Intimidate|FakeOut,PartingShot,FlareBlitz,ThroatChop|||M|||50|]Sneasler||WhiteHerb|Unburden|FakeOut,DireClaw,CloseCombat,Protect|||F|||50|\n|inactive|Pando067 has 60 seconds left.\n|\n|t:|1775929687\n|teamsize|p1|4\n|teamsize|p2|4\n|start\n|switch|p1a: Farigiraf|Farigiraf, L50, M|100/100\n|switch|p1b: Incineroar|Incineroar, L50, M|100/100\n|switch|p2a: Clefable|Clefable, L50, F|100/100\n|switch|p2b: Snorlax|Snorlax, L50, M|100/100\n|-ability|p1b: Incineroar|Intimidate|boost\n|-unboost|p2a: Clefable|atk|1\n|-unboost|p2b: Snorlax|atk|1\n|turn|1\n|inactive|Pando067 has 30 seconds left.\n|\n|t:|1775929718\n|detailschange|p2a: Clefable|Clefable-Mega, L50, F\n|-mega|p2a: Clefable|Clefable|Clefablite\n|move|p1b: Incineroar|Fake Out|p2b: Snorlax\n|-damage|p2b: Snorlax|91/100\n|move|p2a: Clefable|Follow Me|p2a: Clefable\n|-singleturn|p2a: Clefable|move: Follow Me\n|move|p1a: Farigiraf|Hyper Voice|p2b: Snorlax|[spread] p2a,p2b\n|-damage|p2a: Clefable|81/100\n|-damage|p2b: Snorlax|73/100\n|cant|p2b: Snorlax|flinch\n|\n|upkeep\n|turn|2\n|\n|t:|1775929738\n|move|p2a: Clefable|Life Dew|p2a: Clefable|[spread] p2a,p2b\n|-heal|p2a: Clefable|100/100\n|-heal|p2b: Snorlax|98/100\n|move|p1b: Incineroar|Parting Shot|p2a: Clefable\n|move|p2a: Clefable|Parting Shot|p1b: Incineroar|[from] ability: Magic Bounce\n|-unboost|p1b: Incineroar|atk|1\n|-unboost|p1b: Incineroar|spa|1\n|\n|t:|1775929747\n|switch|p2a: Sneasler|Sneasler, L50, F|100/100|[from] Parting Shot\n|move|p1a: Farigiraf|Psychic|p2b: Snorlax\n|-damage|p2b: Snorlax|76/100\n|move|p2b: Snorlax|Belly Drum|p2b: Snorlax\n|-damage|p2b: Snorlax|26/100\n|-setboost|p2b: Snorlax|atk|6|[from] move: Belly Drum\n|-enditem|p2b: Snorlax|Sitrus Berry|[eat]\n|-heal|p2b: Snorlax|51/100|[from] item: Sitrus Berry\n|\n|upkeep\n|turn|3\n|inactive|bpmw0711 has 30 seconds left.\n|\n|t:|1775929778\n|switch|p2a: Sinistcha|Sinistcha-Masterpiece, L50|100/100\n|-heal|p2b: Snorlax|76/100|[from] ability: Hospitality|[of] p2a: Sinistcha\n|move|p1b: Incineroar|Parting Shot|p2b: Snorlax\n|-unboost|p2b: Snorlax|atk|1\n|-unboost|p2b: Snorlax|spa|1\n|\n|t:|1775929784\n|switch|p1b: Crabominable|Crabominable, L50, M|100/100|[from] Parting Shot\n|move|p1a: Farigiraf|Psychic|p2a: Sinistcha\n|-damage|p2a: Sinistcha|60/100\n|move|p2b: Snorlax|Body Slam|p1a: Farigiraf\n|-damage|p1a: Farigiraf|0 fnt\n|faint|p1a: Farigiraf\n|\n|upkeep\n|\n|t:|1775929789\n|switch|p1a: Incineroar|Incineroar, L50, M|100/100\n|-ability|p1a: Incineroar|Intimidate|boost\n|-unboost|p2a: Sinistcha|atk|1\n|-unboost|p2b: Snorlax|atk|1\n|turn|4\n|inactive|Pando067 has 30 seconds left.\n|inactive|Pando067 has 20 seconds left.\n|\n|t:|1775929827\n|detailschange|p1b: Crabominable|Crabominable-Mega, L50, M\n|-mega|p1b: Crabominable|Crabominable|Crabominite\n|move|p2b: Snorlax|Protect|p2b: Snorlax\n|-singleturn|p2b: Snorlax|Protect\n|move|p1a: Incineroar|Fake Out|p2b: Snorlax\n|-activate|p2b: Snorlax|move: Protect\n|move|p1b: Crabominable|Ice Hammer|p2a: Sinistcha\n|-supereffective|p2a: Sinistcha|1\n|-damage|p2a: Sinistcha|0 fnt\n|-unboost|p1b: Crabominable|spe|1\n|faint|p2a: Sinistcha\n|\n|upkeep\n|\n|t:|1775929838\n|switch|p2a: Clefable|Clefable-Mega, L50, F|100/100\n|turn|5\n|inactive|Pando067 has 30 seconds left.\n|inactive|bpmw0711 has 30 seconds left.\n|inactive|Pando067 has 20 seconds left.\n|\n|t:|1775929874\n|switch|p1b: Sinistcha|Sinistcha, L50|100/100\n|move|p2a: Clefable|Follow Me|p2a: Clefable\n|-singleturn|p2a: Clefable|move: Follow Me\n|move|p1a: Incineroar|Parting Shot|p2a: Clefable\n|move|p2a: Clefable|Parting Shot|p1a: Incineroar|[from] ability: Magic Bounce\n|-unboost|p1a: Incineroar|atk|1\n|-unboost|p1a: Incineroar|spa|1\n|\n|t:|1775929880\n|switch|p2a: Sneasler|Sneasler, L50, F|100/100|[from] Parting Shot\n|move|p2b: Snorlax|Body Slam|p1b: Sinistcha\n|-immune|p1b: Sinistcha\n|\n|upkeep\n|turn|6\n|inactive|Pando067 has 30 seconds left.\n|inactive|bpmw0711 has 30 seconds left.\n|\n|t:|1775929913\n|move|p2a: Sneasler|Close Combat|p1a: Incineroar\n|-supereffective|p1a: Incineroar|1\n|-damage|p1a: Incineroar|11/100\n|-unboost|p2a: Sneasler|def|1\n|-unboost|p2a: Sneasler|spd|1\n|-enditem|p2a: Sneasler|White Herb\n|-clearnegativeboost|p2a: Sneasler|[silent]\n|move|p1a: Incineroar|Parting Shot|p2b: Snorlax\n|-unboost|p2b: Snorlax|atk|1\n|-unboost|p2b: Snorlax|spa|1\n|\n|t:|1775929923\n|switch|p1a: Crabominable|Crabominable-Mega, L50, M|100/100|[from] Parting Shot\n|move|p1b: Sinistcha|Matcha Gotcha|p2b: Snorlax|[spread] p2a\n|-miss|p1b: Sinistcha|p2b: Snorlax\n|-resisted|p2a: Sneasler|1\n|-damage|p2a: Sneasler|83/100\n|-status|p2a: Sneasler|brn\n|move|p2b: Snorlax|High Horsepower|p1a: Crabominable|[miss]\n|-miss|p2b: Snorlax|p1a: Crabominable\n|\n|-damage|p2a: Sneasler|78/100 brn|[from] brn\n|upkeep\n|turn|7\n|inactive|bpmw0711 has 30 seconds left.\n|\n|t:|1775929955\n|move|p1a: Crabominable|Protect|p1a: Crabominable\n|-singleturn|p1a: Crabominable|Protect\n|move|p2a: Sneasler|Close Combat|p1a: Crabominable\n|-activate|p1a: Crabominable|move: Protect\n|move|p2b: Snorlax|Body Slam|p1a: Crabominable\n|-activate|p1a: Crabominable|move: Protect\n|move|p1b: Sinistcha|Trick Room|p1b: Sinistcha\n|-fieldstart|move: Trick Room|[of] p1b: Sinistcha\n|\n|-damage|p2a: Sneasler|72/100 brn|[from] brn\n|upkeep\n|turn|8\n|\n|t:|1775929968\n|switch|p2a: Clefable|Clefable-Mega, L50, F|100/100\n|move|p1a: Crabominable|Ice Hammer|p2a: Clefable|[miss]\n|-miss|p1a: Crabominable|p2a: Clefable\n|move|p2b: Snorlax|Body Slam|p1a: Crabominable\n|-damage|p1a: Crabominable|21/100\n|-status|p1a: Crabominable|par\n|move|p1b: Sinistcha|Life Dew||[still]|[spread] p1a,p1b\n|-heal|p1a: Crabominable|46/100 par\n|-fail|p1b: Sinistcha|heal\n|\n|upkeep\n|turn|9\n|\n|t:|1775929981\n|move|p1a: Crabominable|Ice Hammer|p2a: Clefable\n|-supereffective|p2a: Clefable|1\n|-damage|p2a: Clefable|0 fnt\n|-unboost|p1a: Crabominable|spe|1\n|faint|p2a: Clefable\n|move|p2b: Snorlax|Body Slam|p1a: Crabominable\n|-damage|p1a: Crabominable|0 fnt\n|faint|p1a: Crabominable\n|move|p1b: Sinistcha|Life Dew||[still]\n|-fail|p1b: Sinistcha|heal\n|\n|upkeep\n|\n|t:|1775929988\n|switch|p1a: Incineroar|Incineroar, L50, M|11/100\n|switch|p2a: Sneasler|Sneasler, L50, F|72/100 brn\n|-ability|p1a: Incineroar|Intimidate|boost\n|-unboost|p2a: Sneasler|atk|1\n|-unboost|p2b: Snorlax|atk|1\n|turn|10\n|inactive|Pando067 has 30 seconds left.\n|\n|t:|1775930021\n|move|p1a: Incineroar|Fake Out|p2b: Snorlax\n|-damage|p2b: Snorlax|67/100\n|move|p2a: Sneasler|Fake Out|p1a: Incineroar\n|-damage|p1a: Incineroar|8/100\n|cant|p2b: Snorlax|flinch\n|move|p1b: Sinistcha|Life Dew||[still]|[spread] p1a,p1b\n|-heal|p1a: Incineroar|33/100\n|-fail|p1b: Sinistcha|heal\n|\n|-damage|p2a: Sneasler|66/100 brn|[from] brn\n|upkeep\n|turn|11\n|inactive|Pando067 has 30 seconds left.\n|inactive|Pando067 has 20 seconds left.\n|\n|t:|1775930063\n|move|p2b: Snorlax|High Horsepower|p1a: Incineroar\n|-supereffective|p1a: Incineroar|1\n|-enditem|p1a: Incineroar|Shuca Berry|[eat]\n|-enditem|p1a: Incineroar|Shuca Berry|[weaken]\n|-damage|p1a: Incineroar|0 fnt\n|faint|p1a: Incineroar\n|move|p1b: Sinistcha|Matcha Gotcha|p2b: Snorlax|[spread] p2a,p2b\n|-resisted|p2a: Sneasler|1\n|-damage|p2a: Sneasler|49/100 brn\n|-damage|p2b: Snorlax|52/100\n|move|p2a: Sneasler|Dire Claw|p1b: Sinistcha\n|-damage|p1b: Sinistcha|90/100\n|-status|p1b: Sinistcha|par\n|\n|-damage|p2a: Sneasler|43/100 brn|[from] brn\n|-fieldend|move: Trick Room\n|upkeep\n|turn|12\n|\n|t:|1775930072\n|move|p2a: Sneasler|Dire Claw|p1b: Sinistcha\n|-damage|p1b: Sinistcha|80/100 par\n|move|p2b: Snorlax|High Horsepower|p1b: Sinistcha\n|-resisted|p1b: Sinistcha|1\n|-damage|p1b: Sinistcha|54/100 par\n|move|p1b: Sinistcha|Matcha Gotcha|p2a: Sneasler|[spread] p2a,p2b\n|-resisted|p2a: Sneasler|1\n|-damage|p2a: Sneasler|26/100 brn\n|-heal|p1b: Sinistcha|62/100 par|[from] drain|[of] p2a: Sneasler\n|-damage|p2b: Snorlax|36/100\n|-heal|p1b: Sinistcha|73/100 par|[from] drain|[of] p2b: Snorlax\n|\n|-damage|p2a: Sneasler|20/100 brn|[from] brn\n|upkeep\n|turn|13\n|\n|t:|1775930076\n|move|p2a: Sneasler|Dire Claw|p1b: Sinistcha\n|-damage|p1b: Sinistcha|62/100 par\n|move|p2b: Snorlax|High Horsepower|p1b: Sinistcha\n|-resisted|p1b: Sinistcha|1\n|-crit|p1b: Sinistcha\n|-damage|p1b: Sinistcha|24/100 par\n|-enditem|p1b: Sinistcha|Sitrus Berry|[eat]\n|-heal|p1b: Sinistcha|48/100 par|[from] item: Sitrus Berry\n|move|p1b: Sinistcha|Matcha Gotcha|p2a: Sneasler|[spread] p2a,p2b\n|-resisted|p2a: Sneasler|1\n|-damage|p2a: Sneasler|3/100 brn\n|-heal|p1b: Sinistcha|56/100 par|[from] drain|[of] p2a: Sneasler\n|-damage|p2b: Snorlax|20/100\n|-heal|p1b: Sinistcha|66/100 par|[from] drain|[of] p2b: Snorlax\n|\n|-damage|p2a: Sneasler|0 fnt|[from] brn\n|faint|p2a: Sneasler\n|upkeep\n|turn|14\n|\n|t:|1775930087\n|move|p2b: Snorlax|High Horsepower|p1b: Sinistcha\n|-resisted|p1b: Sinistcha|1\n|-damage|p1b: Sinistcha|42/100 par\n|move|p1b: Sinistcha|Matcha Gotcha|p2b: Snorlax\n|-damage|p2b: Snorlax|0 fnt\n|-heal|p1b: Sinistcha|56/100 par|[from] drain|[of] p2b: Snorlax\n|faint|p2b: Snorlax\n|\n|win|Pando067\n|raw|Pando067's rating: 1072 &rarr; <strong>1100</strong><br />(+28 for winning)\n|raw|bpmw0711's rating: 1059 &rarr; <strong>1041</strong><br />(-18 for losing)\n|l|\u2606bpmw0711\n|player|p2|\n",
  "uploadtime": 1775930103,
  "views": 13,
  "formatid": "gen9championsvgc2026regma",
  "rating": 1041,
  "private": 0,
  "password": null
}