{
  "id": "gen9championsvgc2026regma-2583273306",
  "format": "[Gen 9 Champions] VGC 2026 Reg M-A",
  "players": [
    "zack3475",
    "Yab0ner"
  ],
  "log": "|j|\u2606zack3475\n|j|\u2606Yab0ner\n|t:|1776161939\n|gametype|doubles\n|player|p1|zack3475|170|1083\n|player|p2|Yab0ner|crasherwake|1000\n|gen|9\n|tier|[Gen 9 Champions] VGC 2026 Reg M-A\n|rated|\n|rule|Species Clause: Limit one of each Pok\u00e9mon\n|rule|Item Clause: Limit 1 of each item\n|clearpoke\n|poke|p1|Sneasler, L50, F|\n|poke|p1|Froslass, L50, F|\n|poke|p1|Whimsicott, L50, M|\n|poke|p1|Garchomp, L50, F|\n|poke|p1|Milotic, L50, M|\n|poke|p1|Kingambit, L50, F|\n|poke|p2|Gengar, L50, F|\n|poke|p2|Primarina, L50, F|\n|poke|p2|Politoed, L50, M|\n|poke|p2|Kommo-o, L50, M|\n|poke|p2|Raichu, L50, M|\n|poke|p2|Talonflame, L50, F|\n|teampreview|4\n|inactive|Battle timer is ON: inactive players will automatically lose when time's up. (requested by Yab0ner)\n|inactive|zack3475 has 60 seconds left.\n|inactive|Yab0ner has 60 seconds left.\n|inactive|Yab0ner has 30 seconds left.\n|\n|t:|1776162006\n|teamsize|p1|4\n|teamsize|p2|4\n|start\n|switch|p1a: Froslass|Froslass, L50, F|100/100\n|switch|p1b: Sneasler|Sneasler, L50, F|100/100\n|switch|p2a: Kommo-o|Kommo-o, L50, M|100/100\n|switch|p2b: Primarina|Primarina, L50, F|100/100\n|turn|1\n|inactive|Yab0ner has 30 seconds left.\n|inactive|Yab0ner has 20 seconds left.\n|\n|t:|1776162041\n|detailschange|p1a: Froslass|Froslass-Mega, L50, F\n|-mega|p1a: Froslass|Froslass|Froslassite\n|-weather|Snowscape|[from] ability: Snow Warning|[of] p1a: Froslass\n|move|p1b: Sneasler|Fake Out|p2a: Kommo-o\n|-damage|p2a: Kommo-o|88/100\n|move|p1a: Froslass|Thunderbolt|p2b: Primarina\n|-supereffective|p2b: Primarina|1\n|-damage|p2b: Primarina|47/100\n|cant|p2a: Kommo-o|flinch\n|move|p2b: Primarina|Hyper Voice|p1b: Sneasler|[spread] p1a,p1b\n|-crit|p1a: Froslass\n|-damage|p1a: Froslass|14/100\n|-damage|p1b: Sneasler|39/100\n|\n|-weather|Snowscape|[upkeep]\n|upkeep\n|turn|2\n|inactive|zack3475 has 30 seconds left.\n|inactive|Yab0ner has 30 seconds left.\n|inactive|zack3475 has 20 seconds left.\n|inactive|Yab0ner has 20 seconds left.\n|inactive|Yab0ner has 15 seconds left.\n|inactive|Yab0ner has 10 seconds left.\n|\n|t:|1776162087\n|switch|p2b: Politoed|Politoed, L50, M|100/100\n|-weather|RainDance|[from] ability: Drizzle|[of] p2b: Politoed\n|move|p1b: Sneasler|Dire Claw|p2b: Politoed\n|-damage|p2b: Politoed|52/100\n|move|p1a: Froslass|Blizzard|p2b: Politoed|[spread] p2b\n|-miss|p1a: Froslass|p2a: Kommo-o\n|-resisted|p2b: Politoed|1\n|-damage|p2b: Politoed|33/100\n|-enditem|p2b: Politoed|Sitrus Berry|[eat]\n|-heal|p2b: Politoed|58/100|[from] item: Sitrus Berry\n|move|p2a: Kommo-o|Body Press|p1b: Sneasler\n|-resisted|p1b: Sneasler|1\n|-damage|p1b: Sneasler|11/100\n|\n|-weather|RainDance|[upkeep]\n|upkeep\n|turn|3\n|inactive|Yab0ner has 30 seconds left.\n|inactive|Yab0ner has 20 seconds left.\n|inactive|Yab0ner has 15 seconds left.\n|\n|t:|1776162128\n|move|p2a: Kommo-o|Protect|p2a: Kommo-o\n|-singleturn|p2a: Kommo-o|Protect\n|move|p1b: Sneasler|Dire Claw|p2b: Politoed\n|-damage|p2b: Politoed|11/100\n|-status|p2b: Politoed|par\n|move|p1a: Froslass|Blizzard|p2b: Politoed|[spread] \n|-activate|p2a: Kommo-o|move: Protect\n|-miss|p1a: Froslass|p2b: Politoed\n|move|p2b: Politoed|Weather Ball|p1a: Froslass\n|-damage|p1a: Froslass|0 fnt\n|faint|p1a: Froslass\n|\n|-weather|RainDance|[upkeep]\n|upkeep\n|\n|t:|1776162145\n|switch|p1a: Kingambit|Kingambit, L50, F|100/100\n|-activate|p1a: Kingambit|ability: Supreme Overlord\n|-start|p1a: Kingambit|fallen1|[silent]\n|turn|4\n|inactive|Yab0ner has 30 seconds left.\n|inactive|Yab0ner has 20 seconds left.\n|inactive|Yab0ner has 15 seconds left.\n|\n|t:|1776162185\n|switch|p2a: Gengar|Gengar, L50, F, shiny|100/100\n|move|p2b: Politoed|Protect|p2b: Politoed\n|-singleturn|p2b: Politoed|Protect\n|move|p1a: Kingambit|Sucker Punch||[still]\n|-fail|p1a: Kingambit\n|move|p1b: Sneasler|Dire Claw|p2a: Gengar\n|-resisted|p2a: Gengar|2\n|-damage|p2a: Gengar|82/100\n|\n|-weather|RainDance|[upkeep]\n|upkeep\n|turn|5\n|inactive|Yab0ner has 30 seconds left.\n|\n|t:|1776162213\n|switch|p2b: Kommo-o|Kommo-o, L50, M|88/100\n|detailschange|p2a: Gengar|Gengar-Mega, L50, F, shiny\n|-mega|p2a: Gengar|Gengar|Gengarite\n|move|p1a: Kingambit|Sucker Punch||[still]\n|-fail|p1a: Kingambit\n|move|p2a: Gengar|Will-O-Wisp|p1a: Kingambit\n|-status|p1a: Kingambit|brn\n|move|p1b: Sneasler|Dire Claw|p2b: Kommo-o\n|-damage|p2b: Kommo-o|53/100\n|-status|p2b: Kommo-o|par\n|\n|-weather|RainDance|[upkeep]\n|-damage|p1a: Kingambit|95/100 brn|[from] brn\n|upkeep\n|turn|6\n|inactive|Yab0ner has 30 seconds left.\n|inactive|Yab0ner has 20 seconds left.\n|\n|t:|1776162249\n|move|p2b: Kommo-o|Protect|p2b: Kommo-o\n|-singleturn|p2b: Kommo-o|Protect\n|move|p1a: Kingambit|Sucker Punch|p2a: Gengar\n|-supereffective|p2a: Gengar|1\n|-damage|p2a: Gengar|7/100\n|move|p2a: Gengar|Shadow Ball|p1b: Sneasler\n|-damage|p1b: Sneasler|0 fnt\n|faint|p1b: Sneasler\n|\n|-weather|none\n|-damage|p1a: Kingambit|89/100 brn|[from] brn\n|upkeep\n|c|\u2606zack3475|come on\n|\n|t:|1776162257\n|switch|p1b: Milotic|Milotic, L50, M|100/100\n|turn|7\n|\n|t:|1776162282\n|move|p2a: Gengar|Protect|p2a: Gengar\n|-singleturn|p2a: Gengar|Protect\n|move|p1a: Kingambit|Sucker Punch||[still]\n|-fail|p1a: Kingambit\n|move|p1b: Milotic|Blizzard|p2b: Kommo-o|[spread] p2b\n|-activate|p2a: Gengar|move: Protect\n|-supereffective|p2b: Kommo-o|1\n|-damage|p2b: Kommo-o|29/100 par\n|move|p2b: Kommo-o|Body Press|p1a: Kingambit\n|-supereffective|p1a: Kingambit|2\n|-damage|p1a: Kingambit|0 fnt\n|faint|p1a: Kingambit\n|-end|p1a: Kingambit|fallen1|[silent]\n|\n|upkeep\n|turn|8\n|l|\u2606zack3475\n|inactive|zack3475 disconnected and has a minute to reconnect!\n|player|p1|\n|inactive|zack3475 has 30 seconds left.\n|inactive|Yab0ner has 30 seconds left.\n|inactive|zack3475 has 20 seconds left.\n|inactive|zack3475 has 15 seconds left.\n|inactive|zack3475 has 10 seconds left.\n|inactive|zack3475 has 5 seconds left.\n|-message|zack3475 lost due to inactivity.\n|\n|win|Yab0ner\n|raw|zack3475's rating: 1064 &rarr; <strong>1041</strong><br />(-23 for losing)\n|raw|Yab0ner's rating: 1000 &rarr; <strong>1047</strong><br />(+47 for winning)\n",
  "uploadtime": 1776162354,
  "views": 23,
  "formatid": "gen9championsvgc2026regma",
  "rating": 1041,
  "private": 0,
  "password": null
}