{
  "id": "gen9championsvgc2026regma-2583116777",
  "format": "[Gen 9 Champions] VGC 2026 Reg M-A",
  "players": [
    "dwnstvr",
    "Star7700"
  ],
  "log": "|j|\u2606dwnstvr\n|j|\u2606Star7700\n|t:|1776143968\n|gametype|doubles\n|player|p1|dwnstvr|marshal|1000\n|player|p2|Star7700|102|1062\n|gen|9\n|tier|[Gen 9 Champions] VGC 2026 Reg M-A\n|rated|\n|rule|Species Clause: Limit one of each Pok\u00e9mon\n|rule|Item Clause: Limit 1 of each item\n|clearpoke\n|poke|p1|Tyranitar, L50, F|\n|poke|p1|Garchomp, L50, F|\n|poke|p1|Sneasler, L50, F|\n|poke|p1|Incineroar, L50, F|\n|poke|p1|Tinkaton, L50, F|\n|poke|p1|Maushold, L50|\n|poke|p2|Aerodactyl, L50, F|\n|poke|p2|Tyranitar, L50, M|\n|poke|p2|Excadrill, L50, M|\n|poke|p2|Rotom-Wash, L50|\n|poke|p2|Sinistcha, L50|\n|poke|p2|Incineroar, L50, M|\n|teampreview|4\n|\n|t:|1776144000\n|teamsize|p1|4\n|teamsize|p2|4\n|start\n|switch|p1a: Tyranitar|Tyranitar, L50, F|100/100\n|switch|p1b: Garchomp|Garchomp, L50, F|100/100\n|switch|p2a: Aerodactyl|Aerodactyl, L50, F|100/100\n|switch|p2b: Tyranitar|Tyranitar, L50, M|100/100\n|-weather|Sandstorm|[from] ability: Sand Stream|[of] p2b: Tyranitar\n|turn|1\n|\n|t:|1776144025\n|detailschange|p2a: Aerodactyl|Aerodactyl-Mega, L50, F\n|-mega|p2a: Aerodactyl|Aerodactyl|Aerodactylite\n|move|p2a: Aerodactyl|Rock Slide|p1a: Tyranitar|[spread] p1a,p1b\n|-resisted|p1b: Garchomp|1\n|-damage|p1a: Tyranitar|77/100\n|-damage|p1b: Garchomp|88/100\n|move|p2b: Tyranitar|Ice Punch|p1b: Garchomp\n|-supereffective|p1b: Garchomp|2\n|-damage|p1b: Garchomp|0 fnt\n|-damage|p2b: Tyranitar|88/100|[from] ability: Rough Skin|[of] p1b: Garchomp\n|faint|p1b: Garchomp\n|move|p1a: Tyranitar|Rock Slide|p2a: Aerodactyl|[spread] p2a,p2b\n|-supereffective|p2a: Aerodactyl|1\n|-damage|p2a: Aerodactyl|29/100\n|-damage|p2b: Tyranitar|62/100\n|\n|-weather|Sandstorm|[upkeep]\n|upkeep\n|\n|t:|1776144043\n|switch|p1b: Sneasler|Sneasler, L50, F|100/100\n|turn|2\n|\n|t:|1776144056\n|switch|p2b: Incineroar|Incineroar, L50, M|100/100\n|-ability|p2b: Incineroar|Intimidate|boost\n|-unboost|p1a: Tyranitar|atk|1\n|-unboost|p1b: Sneasler|atk|1\n|move|p2a: Aerodactyl|Dual Wingbeat|p1b: Sneasler\n|-supereffective|p1b: Sneasler|1\n|-damage|p1b: Sneasler|16/100\n|-supereffective|p1b: Sneasler|1\n|-damage|p1b: Sneasler|0 fnt\n|faint|p1b: Sneasler\n|-hitcount|p1: Sneasler|2\n|move|p1a: Tyranitar|Body Slam|p2b: Incineroar\n|-damage|p2b: Incineroar|82/100\n|\n|-weather|Sandstorm|[upkeep]\n|-damage|p2b: Incineroar|76/100|[from] Sandstorm\n|-heal|p2b: Incineroar|82/100|[from] item: Leftovers\n|upkeep\n|\n|t:|1776144074\n|switch|p1b: Incineroar|Incineroar, L50, F|100/100\n|turn|3\n|\n|t:|1776144102\n|move|p2a: Aerodactyl|Protect|p2a: Aerodactyl\n|-singleturn|p2a: Aerodactyl|Protect\n|move|p2b: Incineroar|Parting Shot|p1a: Tyranitar\n|-unboost|p1a: Tyranitar|atk|1\n|-unboost|p1a: Tyranitar|spa|1\n|\n|t:|1776144112\n|switch|p2b: Tyranitar|Tyranitar, L50, M|62/100|[from] Parting Shot\n|move|p1a: Tyranitar|Rock Slide|p2a: Aerodactyl|[spread] p2b\n|-activate|p2a: Aerodactyl|move: Protect\n|-damage|p2b: Tyranitar|48/100\n|move|p1b: Incineroar|Temper Flare|p2a: Aerodactyl\n|-activate|p2a: Aerodactyl|move: Protect\n|\n|-weather|Sandstorm|[upkeep]\n|-damage|p1b: Incineroar|94/100|[from] Sandstorm\n|upkeep\n|turn|4\n|\n|t:|1776144153\n|move|p2a: Aerodactyl|Rock Slide|p1b: Incineroar|[spread] p1a\n|-miss|p2a: Aerodactyl|p1b: Incineroar\n|-damage|p1a: Tyranitar|55/100\n|move|p2b: Tyranitar|Superpower|p1a: Tyranitar\n|-supereffective|p1a: Tyranitar|2\n|-damage|p1a: Tyranitar|0 fnt\n|-unboost|p2b: Tyranitar|atk|1\n|-unboost|p2b: Tyranitar|def|1\n|faint|p1a: Tyranitar\n|move|p1b: Incineroar|Will-O-Wisp|p2b: Tyranitar|[miss]\n|-miss|p1b: Incineroar|p2b: Tyranitar\n|\n|-weather|Sandstorm|[upkeep]\n|-damage|p1b: Incineroar|88/100|[from] Sandstorm\n|upkeep\n|turn|5\n|\n|t:|1776144190\n|move|p2a: Aerodactyl|Rock Slide|p1b: Incineroar\n|-supereffective|p1b: Incineroar|1\n|-damage|p1b: Incineroar|0 fnt\n|faint|p1b: Incineroar\n|\n|win|Star7700\n|raw|dwnstvr's rating: 1000 &rarr; <strong>1000</strong><br />(+0 for losing)\n|raw|Star7700's rating: 1062 &rarr; <strong>1087</strong><br />(+25 for winning)\n",
  "uploadtime": 1776144196,
  "views": 29,
  "formatid": "gen9championsvgc2026regma",
  "rating": 1000,
  "private": 0,
  "password": null
}