{
  "id": "gen9championsvgc2026regma-2585577884",
  "format": "[Gen 9 Champions] VGC 2026 Reg M-A",
  "players": [
    "Crene",
    "rijdenderechter"
  ],
  "log": "|j|\u2606Crene\n|j|\u2606rijdenderechter\n|t:|1776356674\n|gametype|doubles\n|player|p1|Crene|erika|1546\n|player|p2|rijdenderechter|roughneck-gen4|1500\n|gen|9\n|tier|[Gen 9 Champions] VGC 2026 Reg M-A\n|rated|\n|rule|Species Clause: Limit one of each Pok\u00e9mon\n|rule|Item Clause: Limit 1 of each item\n|clearpoke\n|poke|p1|Banette, L50, M|\n|poke|p1|Basculegion, L50, M|\n|poke|p1|Sneasler, L50, F|\n|poke|p1|Pelipper, L50, F|\n|poke|p1|Archaludon, L50, F|\n|poke|p1|Sinistcha-Masterpiece, L50|\n|poke|p2|Skarmory, L50, M|\n|poke|p2|Sinistcha, L50|\n|poke|p2|Garchomp, L50, F|\n|poke|p2|Rotom-Heat, L50|\n|poke|p2|Milotic, L50, M|\n|poke|p2|Sneasler, L50, F|\n|teampreview|4\n|inactive|Battle timer is ON: inactive players will automatically lose when time's up. (requested by Crene)\n|j| darumaka maracas\n|inactive|Crene has 60 seconds left.\n|inactive|rijdenderechter has 60 seconds left.\n|inactive|Crene has 30 seconds left.\n|inactive|Crene has 20 seconds left.\n|inactive|Crene has 15 seconds left.\n|inactive|Crene has 10 seconds left.\n|\n|t:|1776356757\n|teamsize|p1|4\n|teamsize|p2|4\n|start\n|switch|p1a: Bill Cosby|Banette, L50, M|100/100\n|switch|p1b: mistake 2|Basculegion, L50, M|100/100\n|switch|p2a: Skarmory|Skarmory, L50, M|100/100\n|switch|p2b: Sneasler|Sneasler, L50, F|100/100\n|-item|p2a: Skarmory|Skarmorite|[from] ability: Frisk|[of] p1a: Bill Cosby\n|-item|p2b: Sneasler|White Herb|[from] ability: Frisk|[of] p1a: Bill Cosby\n|turn|1\n|j| Bobbertests\n|\n|t:|1776356781\n|detailschange|p2a: Skarmory|Skarmory-Mega, L50, M\n|-mega|p2a: Skarmory|Skarmory|Skarmorite\n|detailschange|p1a: Bill Cosby|Banette-Mega, L50, M\n|-mega|p1a: Bill Cosby|Banette|Banettite\n|move|p1a: Bill Cosby|Rain Dance|p1a: Bill Cosby\n|-weather|RainDance\n|move|p1b: mistake 2|Flip Turn|p2b: Sneasler\n|-damage|p2b: Sneasler|5/100\n|\n|t:|1776356791\n|switch|p1b: mistake 5|Archaludon, L50, F|100/100|[from] Flip Turn\n|move|p2b: Sneasler|Coaching|p2a: Skarmory\n|-boost|p2a: Skarmory|atk|1\n|-boost|p2a: Skarmory|def|1\n|move|p2a: Skarmory|Brave Bird|p1a: Bill Cosby\n|-damage|p1a: Bill Cosby|0 fnt\n|faint|p1a: Bill Cosby\n|-damage|p2a: Skarmory|67/100|[from] Recoil\n|\n|-weather|RainDance|[upkeep]\n|upkeep\n|\n|t:|1776356808\n|switch|p1a: mistake 6|Sinistcha-Masterpiece, L50|100/100\n|turn|2\n|\n|t:|1776356819\n|switch|p2b: Garchomp|Garchomp, L50, F|100/100\n|move|p1a: mistake 6|Rage Powder|p1a: mistake 6\n|-singleturn|p1a: mistake 6|move: Rage Powder\n|move|p2a: Skarmory|Brave Bird|p1a: mistake 6\n|-supereffective|p1a: mistake 6|1\n|-damage|p1a: mistake 6|0 fnt\n|faint|p1a: mistake 6\n|-damage|p2a: Skarmory|32/100|[from] Recoil\n|move|p1b: mistake 5|Electro Shot||[still]\n|-prepare|p1b: mistake 5|Electro Shot\n|-boost|p1b: mistake 5|spa|1\n|-anim|p1b: mistake 5|Electro Shot|p2a: Skarmory\n|-supereffective|p2a: Skarmory|1\n|-damage|p2a: Skarmory|0 fnt\n|faint|p2a: Skarmory\n|\n|-weather|RainDance|[upkeep]\n|upkeep\n|\n|t:|1776356836\n|switch|p2a: Sneasler|Sneasler, L50, F|5/100\n|switch|p1a: mistake 2|Basculegion, L50, M|100/100\n|turn|3\n|j| davidauscc\n|inactive|Crene has 30 seconds left.\n|\n|t:|1776356869\n|move|p1b: mistake 5|Protect|p1b: mistake 5\n|-singleturn|p1b: mistake 5|Protect\n|move|p1a: mistake 2|Wave Crash|p2b: Garchomp\n|-damage|p2b: Garchomp|0 fnt\n|faint|p2b: Garchomp\n|-damage|p1a: mistake 2|70/100|[from] Recoil\n|move|p2a: Sneasler|Close Combat|p1b: mistake 5\n|-activate|p1b: mistake 5|move: Protect\n|\n|-weather|RainDance|[upkeep]\n|upkeep\n|\n|t:|1776356873\n|switch|p2b: Rotom|Rotom-Heat, L50|100/100\n|turn|4\n|inactive|Crene has 30 seconds left.\n|inactive|Crene has 20 seconds left.\n|\n|t:|1776356910\n|move|p1a: mistake 2|Aqua Jet|p2a: Sneasler\n|-damage|p2a: Sneasler|0 fnt\n|faint|p2a: Sneasler\n|move|p2b: Rotom|Thunderbolt|p1a: mistake 2\n|-supereffective|p1a: mistake 2|1\n|-damage|p1a: mistake 2|0 fnt\n|faint|p1a: mistake 2\n|move|p1b: mistake 5|Draco Meteor|p2b: Rotom\n|-damage|p2b: Rotom|4/100\n|-unboost|p1b: mistake 5|spa|2\n|-enditem|p2b: Rotom|Sitrus Berry|[eat]\n|-heal|p2b: Rotom|29/100|[from] item: Sitrus Berry\n|\n|-weather|RainDance|[upkeep]\n|upkeep\n|turn|5\n|\n|t:|1776356922\n|move|p2b: Rotom|Protect|p2b: Rotom\n|-singleturn|p2b: Rotom|Protect\n|move|p1b: mistake 5|Draco Meteor|p2b: Rotom\n|-activate|p2b: Rotom|move: Protect\n|\n|-weather|none\n|upkeep\n|turn|6\n|\n|t:|1776356932\n|move|p2b: Rotom|Overheat|p1b: mistake 5\n|-damage|p1b: mistake 5|32/100\n|-unboost|p2b: Rotom|spa|2\n|-ability|p1b: mistake 5|Stamina|boost\n|-boost|p1b: mistake 5|def|1\n|move|p1b: mistake 5|Draco Meteor|p2b: Rotom|[miss]\n|-miss|p1b: mistake 5|p2b: Rotom\n|\n|-heal|p1b: mistake 5|38/100|[from] item: Leftovers\n|upkeep\n|turn|7\n|\n|t:|1776356946\n|move|p1b: mistake 5|Protect|p1b: mistake 5\n|-singleturn|p1b: mistake 5|Protect\n|move|p2b: Rotom|Overheat|p1b: mistake 5\n|-activate|p1b: mistake 5|move: Protect\n|\n|-heal|p1b: mistake 5|44/100|[from] item: Leftovers\n|upkeep\n|turn|8\n|\n|t:|1776356953\n|move|p2b: Rotom|Overheat|p1b: mistake 5\n|-damage|p1b: mistake 5|15/100\n|-unboost|p2b: Rotom|spa|2\n|-ability|p1b: mistake 5|Stamina|boost\n|-boost|p1b: mistake 5|def|1\n|move|p1b: mistake 5|Draco Meteor|p2b: Rotom\n|-damage|p2b: Rotom|0 fnt\n|-unboost|p1b: mistake 5|spa|2\n|faint|p2b: Rotom\n|\n|win|Crene\n|raw|Crene's rating: 1546 &rarr; <strong>1563</strong><br />(+17 for winning)\n|raw|rijdenderechter's rating: 1500 &rarr; <strong>1483</strong><br />(-17 for losing)\n|c|\u2606Crene|YESSS\n|l|\u2606rijdenderechter\n|player|p2|\n",
  "uploadtime": 1776356961,
  "views": 43,
  "formatid": "gen9championsvgc2026regma",
  "rating": 1483,
  "private": 0,
  "password": null
}