{
  "id": "gen9championsvgc2026regma-2582743232",
  "format": "[Gen 9 Champions] VGC 2026 Reg M-A",
  "players": [
    "thecynikyt",
    "GuibirueiNalllll"
  ],
  "log": "|j|\u2606thecynikyt\n|j|\u2606GuibirueiNalllll\n|t:|1776111028\n|gametype|doubles\n|player|p1|thecynikyt|alder|1107\n|player|p2|GuibirueiNalllll|101|1006\n|gen|9\n|tier|[Gen 9 Champions] VGC 2026 Reg M-A\n|rated|\n|rule|Species Clause: Limit one of each Pok\u00e9mon\n|rule|Item Clause: Limit 1 of each item\n|clearpoke\n|poke|p1|Gallade, L50, M|\n|poke|p1|Whimsicott, L50, F|\n|poke|p1|Zoroark-Hisui, L50, M|\n|poke|p1|Archaludon, L50, M|\n|poke|p1|Meganium, L50, F|\n|poke|p1|Rotom-Wash, L50|\n|poke|p2|Gardevoir, L50, F|\n|poke|p2|Whimsicott, L50, F|\n|poke|p2|Torkoal, L50, F|\n|poke|p2|Venusaur, L50, F|\n|poke|p2|Milotic, L50, F|\n|poke|p2|Gliscor, L50, M|\n|teampreview|4\n|inactive|Battle timer is ON: inactive players will automatically lose when time's up. (requested by thecynikyt)\n|inactive|thecynikyt has 60 seconds left.\n|inactive|GuibirueiNalllll has 60 seconds left.\n|inactive|thecynikyt has 30 seconds left.\n|inactive|thecynikyt has 20 seconds left.\n|inactive|thecynikyt has 15 seconds left.\n|inactive|thecynikyt has 10 seconds left.\n|\n|t:|1776111112\n|teamsize|p1|4\n|teamsize|p2|4\n|start\n|switch|p1a: Whimsicott|Whimsicott, L50, F|100/100\n|switch|p1b: Archaludon|Archaludon, L50, M|100/100\n|switch|p2a: Whimsicott|Whimsicott, L50, F|100/100\n|switch|p2b: Gliscor|Gliscor, L50, M|100/100\n|turn|1\n|\n|t:|1776111129\n|move|p1a: Whimsicott|Protect|p1a: Whimsicott\n|-singleturn|p1a: Whimsicott|Protect\n|move|p2a: Whimsicott|Tailwind|p2a: Whimsicott\n|-sidestart|p2: GuibirueiNalllll|move: Tailwind\n|move|p2b: Gliscor|Earthquake|p1a: Whimsicott|[spread] p2a,p1b\n|-activate|p1a: Whimsicott|move: Protect\n|-resisted|p2a: Whimsicott|1\n|-supereffective|p1b: Archaludon|1\n|-damage|p2a: Whimsicott|76/100\n|-damage|p1b: Archaludon|31/100\n|-ability|p1b: Archaludon|Stamina|boost\n|-boost|p1b: Archaludon|def|1\n|move|p1b: Archaludon|Flash Cannon|p2a: Whimsicott\n|-supereffective|p2a: Whimsicott|1\n|-damage|p2a: Whimsicott|0 fnt\n|faint|p2a: Whimsicott\n|\n|-heal|p1b: Archaludon|37/100|[from] item: Leftovers\n|upkeep\n|\n|t:|1776111147\n|switch|p2a: Venusaur|Venusaur, L50, F|100/100\n|turn|2\n|\n|t:|1776111162\n|move|p1a: Whimsicott|Tailwind|p1a: Whimsicott\n|-sidestart|p1: thecynikyt|move: Tailwind\n|move|p2b: Gliscor|Earthquake|p1a: Whimsicott|[spread] p2a,p1a,p1b\n|-resisted|p1a: Whimsicott|1\n|-supereffective|p1b: Archaludon|1\n|-damage|p2a: Venusaur|46/100\n|-damage|p1a: Whimsicott|72/100\n|-damage|p1b: Archaludon|0 fnt\n|faint|p1b: Archaludon\n|move|p2a: Venusaur|Sludge Bomb|p1a: Whimsicott\n|-supereffective|p1a: Whimsicott|2\n|-damage|p1a: Whimsicott|0 fnt\n|faint|p1a: Whimsicott\n|\n|upkeep\n|\n|t:|1776111167\n|switch|p1a: Rotom|Rotom-Wash, L50, shiny|100/100\n|switch|p1b: Gallade|Gallade, L50, M, shiny|100/100\n|turn|3\n|\n|t:|1776111185\n|move|p1b: Gallade|Protect|p1b: Gallade\n|-singleturn|p1b: Gallade|Protect\n|move|p1a: Rotom|Will-O-Wisp|p2b: Gliscor\n|-status|p2b: Gliscor|brn\n|move|p2b: Gliscor|Lunge|p1b: Gallade\n|-activate|p1b: Gallade|move: Protect\n|move|p2a: Venusaur|Giga Drain|p1a: Rotom\n|-supereffective|p1a: Rotom|1\n|-damage|p1a: Rotom|11/100\n|-heal|p2a: Venusaur|82/100|[from] drain|[of] p1a: Rotom\n|-enditem|p1a: Rotom|Sitrus Berry|[eat]\n|-heal|p1a: Rotom|35/100|[from] item: Sitrus Berry\n|\n|-damage|p2b: Gliscor|94/100 brn|[from] brn\n|upkeep\n|turn|4\n|\n|t:|1776111204\n|detailschange|p1b: Gallade|Gallade-Mega, L50, M, shiny\n|-mega|p1b: Gallade|Gallade|Galladite\n|move|p1b: Gallade|Psycho Cut|p2a: Venusaur\n|-supereffective|p2a: Venusaur|1\n|-damage|p2a: Venusaur|0 fnt\n|faint|p2a: Venusaur\n|move|p1a: Rotom|Hydro Pump|p2b: Gliscor\n|-supereffective|p2b: Gliscor|1\n|-damage|p2b: Gliscor|0 fnt\n|faint|p2b: Gliscor\n|\n|-sideend|p2: GuibirueiNalllll|move: Tailwind\n|upkeep\n|\n|t:|1776111215\n|switch|p2b: Torkoal|Torkoal, L50, F|100/100\n|-weather|SunnyDay|[from] ability: Drought|[of] p2b: Torkoal\n|turn|5\n|\n|t:|1776111231\n|move|p1b: Gallade|Sacred Sword|p2b: Torkoal\n|-damage|p2b: Torkoal|49/100\n|move|p1a: Rotom|Hydro Pump|p2b: Torkoal\n|-supereffective|p2b: Torkoal|1\n|-damage|p2b: Torkoal|0 fnt\n|faint|p2b: Torkoal\n|\n|win|thecynikyt\n|raw|thecynikyt's rating: 1107 &rarr; <strong>1125</strong><br />(+18 for winning)\n|raw|GuibirueiNalllll's rating: 1006 &rarr; <strong>1000</strong><br />(-6 for losing)\n",
  "uploadtime": 1776111236,
  "views": 16,
  "formatid": "gen9championsvgc2026regma",
  "rating": 1000,
  "private": 0,
  "password": null
}