{
  "id": "gen9championsvgc2026regma-2583171583",
  "format": "[Gen 9 Champions] VGC 2026 Reg M-A",
  "players": [
    "prawnwizard",
    "gaemakjang"
  ],
  "log": "|j|\u2606prawnwizard\n|j|\u2606gaemakjang\n|t:|1776150708\n|gametype|doubles\n|player|p1|prawnwizard|harlequin|1291\n|player|p2|gaemakjang|skyla|1245\n|gen|9\n|tier|[Gen 9 Champions] VGC 2026 Reg M-A\n|rated|\n|rule|Species Clause: Limit one of each Pok\u00e9mon\n|rule|Item Clause: Limit 1 of each item\n|clearpoke\n|poke|p1|Sableye, L50, F|\n|poke|p1|Gengar, L50, M|\n|poke|p1|Whimsicott, L50, M|\n|poke|p1|Sneasler, L50, M|\n|poke|p1|Politoed, L50, M|\n|poke|p1|Garchomp, L50, F|\n|poke|p2|Liepard, L50, F|\n|poke|p2|Gardevoir, L50, M|\n|poke|p2|Aerodactyl, L50, F|\n|poke|p2|Rotom-Wash, L50|\n|poke|p2|Garchomp, L50, F|\n|poke|p2|Farigiraf, L50, M|\n|teampreview|4\n|inactive|Battle timer is ON: inactive players will automatically lose when time's up. (requested by gaemakjang)\n|inactive|prawnwizard also wants the timer to be on.\n|inactive|prawnwizard has 60 seconds left.\n|inactive|gaemakjang has 60 seconds left.\n|\n|t:|1776150757\n|teamsize|p1|4\n|teamsize|p2|4\n|start\n|switch|p1a: Sneasler|Sneasler, L50, M|100/100\n|switch|p1b: Politoed|Politoed, L50, M|100/100\n|switch|p2a: Aerodactyl|Aerodactyl, L50, F|100/100\n|switch|p2b: Rotom|Rotom-Wash, L50|100/100\n|-ability|p2a: Aerodactyl|Unnerve\n|-weather|RainDance|[from] ability: Drizzle|[of] p1b: Politoed\n|turn|1\n|inactive|gaemakjang has 30 seconds left.\n|\n|t:|1776150787\n|move|p1a: Sneasler|Fake Out|p2a: Aerodactyl\n|-resisted|p2a: Aerodactyl|1\n|-damage|p2a: Aerodactyl|88/100\n|cant|p2a: Aerodactyl|flinch\n|move|p2b: Rotom|Volt Switch|p1b: Politoed\n|-supereffective|p1b: Politoed|1\n|-damage|p1b: Politoed|33/100\n|\n|t:|1776150796\n|switch|p2b: Garchomp|Garchomp, L50, F|100/100|[from] Volt Switch\n|move|p1b: Politoed|Muddy Water|p2b: Garchomp|[spread] p2a,p2b\n|-supereffective|p2a: Aerodactyl|1\n|-damage|p2a: Aerodactyl|0 fnt\n|-damage|p2b: Garchomp|50/100\n|-unboost|p2b: Garchomp|accuracy|1\n|faint|p2a: Aerodactyl\n|\n|-weather|RainDance|[upkeep]\n|-heal|p1b: Politoed|40/100|[from] item: Leftovers\n|upkeep\n|\n|t:|1776150808\n|switch|p2a: Rotom|Rotom-Wash, L50|100/100\n|turn|2\n|\n|t:|1776150817\n|move|p1a: Sneasler|Close Combat|p2a: Rotom\n|-damage|p2a: Rotom|24/100\n|-unboost|p1a: Sneasler|def|1\n|-unboost|p1a: Sneasler|spd|1\n|-enditem|p2a: Rotom|Sitrus Berry|[eat]\n|-heal|p2a: Rotom|49/100|[from] item: Sitrus Berry\n|-enditem|p1a: Sneasler|White Herb\n|-clearnegativeboost|p1a: Sneasler|[silent]\n|move|p2b: Garchomp|Earthquake|p1b: Politoed|[spread] p1b\n|-immune|p2a: Rotom|[from] ability: Levitate\n|-miss|p2b: Garchomp|p1a: Sneasler\n|-damage|p1b: Politoed|0 fnt\n|faint|p1b: Politoed\n|move|p2a: Rotom|Thunderbolt|p1a: Sneasler\n|-damage|p1a: Sneasler|40/100\n|-status|p1a: Sneasler|par\n|\n|-weather|RainDance|[upkeep]\n|upkeep\n|\n|t:|1776150831\n|switch|p1b: Sableye|Sableye, L50, F|100/100\n|turn|3\n|\n|t:|1776150841\n|move|p1b: Sableye|Disable|p2b: Garchomp\n|-start|p2b: Garchomp|Disable|Earthquake\n|move|p1a: Sneasler|Close Combat|p2a: Rotom\n|-damage|p2a: Rotom|0 fnt\n|-unboost|p1a: Sneasler|def|1\n|-unboost|p1a: Sneasler|spd|1\n|faint|p2a: Rotom\n|cant|p2b: Garchomp|Disable|Earthquake\n|\n|-weather|RainDance|[upkeep]\n|upkeep\n|\n|t:|1776150850\n|switch|p2a: Gardevoir|Gardevoir, L50, M|100/100\n|-ability|p2a: Gardevoir|Prankster|Trace|[from] ability: Trace|[of] p1b: Sableye\n|turn|4\n|\n|t:|1776150864\n|detailschange|p2a: Gardevoir|Gardevoir-Mega, L50, M\n|-mega|p2a: Gardevoir|Gardevoir|Gardevoirite\n|move|p1b: Sableye|Encore|p2b: Garchomp\n|-start|p2b: Garchomp|Encore\n|move|p1a: Sneasler|Dire Claw|p2a: Gardevoir\n|-supereffective|p2a: Gardevoir|1\n|-damage|p2a: Gardevoir|0 fnt\n|faint|p2a: Gardevoir\n|cant|p2b: Garchomp|Disable|Earthquake\n|\n|-weather|RainDance|[upkeep]\n|upkeep\n|turn|5\n|-message|gaemakjang forfeited.\n|\n|win|prawnwizard\n|raw|prawnwizard's rating: 1291 &rarr; <strong>1313</strong><br />(+22 for winning)\n|raw|gaemakjang's rating: 1245 &rarr; <strong>1223</strong><br />(-22 for losing)\n|l|\u2606gaemakjang\n|player|p2|\n",
  "uploadtime": 1776150878,
  "views": 40,
  "formatid": "gen9championsvgc2026regma",
  "rating": 1223,
  "private": 0,
  "password": null
}