{
  "id": "gen9championsvgc2026regma-2582468436",
  "format": "[Gen 9 Champions] VGC 2026 Reg M-A",
  "players": [
    "Zapdos79",
    "hassuheimer"
  ],
  "log": "|j|\u2606Zapdos79\n|j|\u2606hassuheimer\n|t:|1776093651\n|gametype|doubles\n|player|p1|Zapdos79|flannery|1103\n|player|p2|hassuheimer|169|1076\n|gen|9\n|tier|[Gen 9 Champions] VGC 2026 Reg M-A\n|rated|\n|rule|Species Clause: Limit one of each Pok\u00e9mon\n|rule|Item Clause: Limit 1 of each item\n|clearpoke\n|poke|p1|Tyranitar, L50, M|\n|poke|p1|Talonflame, L50, M|\n|poke|p1|Excadrill, L50, F|\n|poke|p1|Meganium, L50, M|\n|poke|p1|Farigiraf, L50, M|\n|poke|p1|Incineroar, L50, M|\n|poke|p2|Charizard, L50, F|\n|poke|p2|Typhlosion-Hisui, L50, F|\n|poke|p2|Torkoal, L50, F|\n|poke|p2|Farigiraf, L50, F|\n|poke|p2|Whimsicott, L50, F|\n|poke|p2|Venusaur, L50, F|\n|teampreview|4\n|j| peachykeane\nhassuheimer rejected open team sheets.\n|inactive|Battle timer is ON: inactive players will automatically lose when time's up. (requested by hassuheimer)\n|inactive|Zapdos79 has 60 seconds left.\n|\n|t:|1776093708\n|teamsize|p1|4\n|teamsize|p2|4\n|start\n|switch|p1a: Incineroar|Incineroar, L50, M|100/100\n|switch|p1b: Farigiraf|Farigiraf, L50, M|100/100\n|switch|p2a: Typhlosion|Typhlosion-Hisui, L50, F|100/100\n|switch|p2b: Farigiraf|Farigiraf, L50, F|100/100\n|-item|p1a: Incineroar|Sitrus Berry|[from] ability: Frisk|[of] p2a: Typhlosion\n|-item|p1b: Farigiraf|Mental Herb|[from] ability: Frisk|[of] p2a: Typhlosion\n|-ability|p1a: Incineroar|Intimidate|boost\n|-unboost|p2a: Typhlosion|atk|1\n|-unboost|p2b: Farigiraf|atk|1\n|turn|1\n|\n|t:|1776093723\n|switch|p2b: Torkoal|Torkoal, L50, F|100/100\n|-weather|SunnyDay|[from] ability: Drought|[of] p2b: Torkoal\n|move|p2a: Typhlosion|Eruption|p1a: Incineroar|[spread] p1a,p1b\n|-resisted|p1a: Incineroar|1\n|-damage|p1a: Incineroar|60/100\n|-damage|p1b: Farigiraf|41/100\n|move|p1a: Incineroar|Parting Shot|p2a: Typhlosion\n|-unboost|p2a: Typhlosion|atk|1\n|-unboost|p2a: Typhlosion|spa|1\n|\n|t:|1776093735\n|switch|p1a: Tyranitar|Tyranitar, L50, M|100/100|[from] Parting Shot\n|-weather|Sandstorm|[from] ability: Sand Stream|[of] p1a: Tyranitar\n|move|p1b: Farigiraf|Thunder Wave|p2b: Torkoal\n|-status|p2b: Torkoal|par\n|\n|-weather|Sandstorm|[upkeep]\n|-damage|p2a: Typhlosion|94/100|[from] Sandstorm\n|-damage|p1b: Farigiraf|34/100|[from] Sandstorm\n|-damage|p2b: Torkoal|94/100 par|[from] Sandstorm\n|upkeep\n|turn|2\n|inactive|hassuheimer has 30 seconds left.\n|\n|t:|1776093771\n|switch|p2a: Farigiraf|Farigiraf, L50, F|100/100\n|move|p1b: Farigiraf|Ally Switch|p1b: Farigiraf\n|swap|p1b: Farigiraf|0|[from] move: Ally Switch\n|move|p1b: Tyranitar|Rock Slide|p2a: Farigiraf|[spread] p2a,p2b\n|-supereffective|p2b: Torkoal|1\n|-damage|p2a: Farigiraf|74/100\n|-damage|p2b: Torkoal|42/100 par\n|move|p2b: Torkoal|Weather Ball|p1b: Tyranitar\n|-damage|p1b: Tyranitar|81/100\n|\n|-weather|Sandstorm|[upkeep]\n|-damage|p1a: Farigiraf|28/100|[from] Sandstorm\n|-damage|p2a: Farigiraf|67/100|[from] Sandstorm\n|-damage|p2b: Torkoal|36/100 par|[from] Sandstorm\n|-heal|p2a: Farigiraf|74/100|[from] item: Leftovers\n|upkeep\n|turn|3\n|\n|t:|1776093791\n|move|p2b: Torkoal|Protect|p2b: Torkoal\n|-singleturn|p2b: Torkoal|Protect\n|move|p1b: Tyranitar|Knock Off|p2a: Farigiraf\n|-supereffective|p2a: Farigiraf|1\n|-damage|p2a: Farigiraf|0 fnt\n|-enditem|p2a: Farigiraf|Leftovers|[from] move: Knock Off|[of] p1b: Tyranitar\n|faint|p2a: Farigiraf\n|move|p1a: Farigiraf|Thunder Wave|p2b: Torkoal\n|-activate|p2b: Torkoal|move: Protect\n|\n|-weather|Sandstorm|[upkeep]\n|-damage|p1a: Farigiraf|22/100|[from] Sandstorm\n|-damage|p2b: Torkoal|30/100 par|[from] Sandstorm\n|upkeep\n|\n|t:|1776093799\n|switch|p2a: Charizard|Charizard, L50, F|100/100\n|turn|4\n|\n|t:|1776093820\n|switch|p2b: Typhlosion|Typhlosion-Hisui, L50, F|94/100\n|-item|p1a: Farigiraf|Mental Herb|[from] ability: Frisk|[of] p2b: Typhlosion\n|-item|p1b: Tyranitar|Chople Berry|[from] ability: Frisk|[of] p2b: Typhlosion\n|detailschange|p2a: Charizard|Charizard-Mega-Y, L50, F\n|-mega|p2a: Charizard|Charizard|Charizardite Y\n|-weather|SunnyDay|[from] ability: Drought|[of] p2a: Charizard\n|move|p1a: Farigiraf|Ally Switch|p1a: Farigiraf\n|swap|p1a: Farigiraf|1|[from] move: Ally Switch\n|move|p2a: Charizard|Solar Beam||[still]\n|-prepare|p2a: Charizard|Solar Beam\n|-anim|p2a: Charizard|Solar Beam|p1b: Farigiraf\n|-damage|p1b: Farigiraf|0 fnt\n|faint|p1b: Farigiraf\n|move|p1a: Tyranitar|Rock Slide|p2b: Typhlosion|[spread] p2a,p2b\n|-supereffective|p2a: Charizard|2\n|-supereffective|p2b: Typhlosion|1\n|-damage|p2a: Charizard|0 fnt\n|-damage|p2b: Typhlosion|6/100\n|faint|p2a: Charizard\n|\n|-weather|SunnyDay|[upkeep]\n|upkeep\n|inactive|Zapdos79 has 30 seconds left.\n|\n|t:|1776093845\n|switch|p2a: Torkoal|Torkoal, L50, F|30/100 par\n|switch|p1b: Incineroar|Incineroar, L50, M|60/100\n|-ability|p1b: Incineroar|Intimidate|boost\n|-unboost|p2a: Torkoal|atk|1\n|-unboost|p2b: Typhlosion|atk|1\n|turn|5\n|\n|t:|1776093854\n|switch|p1a: Excadrill|Excadrill, L50, F|100/100\n|cant|p2a: Torkoal|par\n|move|p1b: Incineroar|Fake Out|p2a: Torkoal\n|-damage|p2a: Torkoal|18/100 par\n|move|p2b: Typhlosion|Heat Wave|p1b: Incineroar|[spread] p1b\n|-miss|p2b: Typhlosion|p1a: Excadrill\n|-resisted|p1b: Incineroar|1\n|-damage|p1b: Incineroar|33/100\n|-enditem|p1b: Incineroar|Sitrus Berry|[eat]\n|-heal|p1b: Incineroar|58/100|[from] item: Sitrus Berry\n|\n|-weather|SunnyDay|[upkeep]\n|upkeep\n|turn|6\n|\n|t:|1776093867\n|switch|p1a: Tyranitar|Tyranitar, L50, M|81/100\n|-weather|Sandstorm|[from] ability: Sand Stream|[of] p1a: Tyranitar\n|cant|p2a: Torkoal|par\n|move|p1b: Incineroar|Protect|p1b: Incineroar\n|-singleturn|p1b: Incineroar|Protect\n|move|p2b: Typhlosion|Heat Wave|p1b: Incineroar|[spread] p1a\n|-activate|p1b: Incineroar|move: Protect\n|-resisted|p1a: Tyranitar|1\n|-damage|p1a: Tyranitar|69/100\n|\n|-weather|Sandstorm|[upkeep]\n|-damage|p2b: Typhlosion|0 fnt|[from] Sandstorm\n|-damage|p1b: Incineroar|52/100|[from] Sandstorm\n|-damage|p2a: Torkoal|12/100 par|[from] Sandstorm\n|faint|p2b: Typhlosion\n|upkeep\n|turn|7\n|-message|hassuheimer forfeited.\n|\n|win|Zapdos79\n|raw|Zapdos79's rating: 1103 &rarr; <strong>1126</strong><br />(+23 for winning)\n|raw|hassuheimer's rating: 1076 &rarr; <strong>1056</strong><br />(-20 for losing)\n|l|\u2606hassuheimer\n|player|p2|\n",
  "uploadtime": 1776093900,
  "views": 21,
  "formatid": "gen9championsvgc2026regma",
  "rating": 1056,
  "private": 0,
  "password": null
}