{
  "id": "gen9championsvgc2026regma-2583942882",
  "format": "[Gen 9 Champions] VGC 2026 Reg M-A",
  "players": [
    "loseblues",
    "Kalaphant"
  ],
  "log": "|j|\u2606loseblues\n|j|\u2606Kalaphant\n|t:|1776210391\n|gametype|doubles\n|player|p1|loseblues|pokemonrangerf|1280\n|player|p2|Kalaphant|1|1234\n|gen|9\n|tier|[Gen 9 Champions] VGC 2026 Reg M-A\n|rated|\n|rule|Species Clause: Limit one of each Pok\u00e9mon\n|rule|Item Clause: Limit 1 of each item\n|clearpoke\n|poke|p1|Weavile, L50, M|\n|poke|p1|Charizard, L50, M|\n|poke|p1|Sinistcha, L50|\n|poke|p1|Milotic, L50, M|\n|poke|p1|Rotom-Mow, L50|\n|poke|p1|Lycanroc-Dusk, L50, M|\n|poke|p2|Gengar, L50, F|\n|poke|p2|Politoed, L50, F|\n|poke|p2|Sinistcha, L50|\n|poke|p2|Incineroar, L50, F|\n|poke|p2|Charizard, L50, M|\n|poke|p2|Sneasler, L50, F|\n|teampreview|4\n|inactive|Battle timer is ON: inactive players will automatically lose when time's up. (requested by Kalaphant)\n|c|\u2606Kalaphant|glhf\nKalaphant has agreed to open team sheets.\n|inactive|loseblues has 60 seconds left.\n|inactive|loseblues has 30 seconds left.\n|inactive|loseblues has 20 seconds left.\n|inactive|loseblues has 15 seconds left.\n|inactive|loseblues has 10 seconds left.\n|inactive|loseblues has 5 seconds left.\n|\n|t:|1776210481\n|teamsize|p1|4\n|teamsize|p2|4\n|start\n|switch|p1a: Weavile|Weavile, L50, M|100/100\n|switch|p1b: Charizard|Charizard, L50, M|100/100\n|switch|p2a: Gengar|Gengar, L50, F|100/100\n|switch|p2b: Sinistcha|Sinistcha, L50|100/100\n|-ability|p1a: Weavile|Pressure\n|turn|1\n|inactive|loseblues has 30 seconds left.\n|inactive|Kalaphant has 30 seconds left.\n|inactive|loseblues has 20 seconds left.\n|inactive|Kalaphant has 20 seconds left.\n|inactive|loseblues has 15 seconds left.\n|inactive|loseblues has 10 seconds left.\n|inactive|loseblues has 5 seconds left.\n|\n|t:|1776210536\n|switch|p2b: Incineroar|Incineroar, L50, F|100/100\n|-ability|p2b: Incineroar|Intimidate|boost\n|-unboost|p1a: Weavile|atk|1\n|-unboost|p1b: Charizard|atk|1\n|detailschange|p2a: Gengar|Gengar-Mega, L50, F\n|-mega|p2a: Gengar|Gengar|Gengarite\n|move|p1a: Weavile|Fake Out|p2b: Incineroar\n|-damage|p2b: Incineroar|94/100\n|move|p1b: Charizard|Flare Blitz|p2b: Incineroar\n|-resisted|p2b: Incineroar|1\n|-damage|p2b: Incineroar|80/100\n|-damage|p1b: Charizard|95/100|[from] Recoil\n|move|p2a: Gengar|Perish Song|p2a: Gengar\n|-start|p1a: Weavile|perish3|[silent]\n|-start|p1b: Charizard|perish3|[silent]\n|-start|p2a: Gengar|perish3|[silent]\n|-start|p2b: Incineroar|perish3|[silent]\n|-fieldactivate|move: Perish Song\n|\n|-start|p1a: Weavile|perish3\n|-start|p1b: Charizard|perish3\n|-start|p2a: Gengar|perish3\n|-start|p2b: Incineroar|perish3\n|upkeep\n|turn|2\n|inactive|loseblues has 30 seconds left.\n|inactive|Kalaphant has 30 seconds left.\n|inactive|loseblues has 20 seconds left.\n|inactive|loseblues has 15 seconds left.\n|inactive|loseblues has 10 seconds left.\n|inactive|loseblues has 5 seconds left.\n|\n|t:|1776210591\n|move|p1a: Weavile|Fake Out||[still]\n|-hint|Fake Out only works on your first turn out.\n|-fail|p1a: Weavile\n|move|p2b: Incineroar|Fake Out|p1b: Charizard\n|-damage|p1b: Charizard|79/100\n|cant|p1b: Charizard|flinch\n|move|p2a: Gengar|Will-O-Wisp|p1a: Weavile\n|-status|p1a: Weavile|brn\n|\n|-damage|p1a: Weavile|94/100 brn|[from] brn\n|-start|p1a: Weavile|perish2\n|-start|p1b: Charizard|perish2\n|-start|p2a: Gengar|perish2\n|-start|p2b: Incineroar|perish2\n|upkeep\n|turn|3\n|inactive|loseblues has 30 seconds left.\n|inactive|loseblues has 20 seconds left.\n|inactive|loseblues has 15 seconds left.\n|inactive|Kalaphant has 30 seconds left.\n|inactive|loseblues has 10 seconds left.\n|inactive|loseblues has 5 seconds left.\n|inactive|Kalaphant has 20 seconds left.\n|inactive|Kalaphant has 15 seconds left.\n|\n|t:|1776210649\n|move|p2a: Gengar|Protect|p2a: Gengar\n|-singleturn|p2a: Gengar|Protect\n|move|p1a: Weavile|Throat Chop|p2a: Gengar\n|-activate|p2a: Gengar|move: Protect\n|move|p1b: Charizard|Flare Blitz|p2a: Gengar\n|-activate|p2a: Gengar|move: Protect\n|move|p2b: Incineroar|Parting Shot|p1b: Charizard\n|-unboost|p1b: Charizard|atk|1\n|-unboost|p1b: Charizard|spa|1\n|\n|t:|1776210662\n|switch|p2b: Sinistcha|Sinistcha, L50|100/100|[from] Parting Shot\n|\n|-damage|p1a: Weavile|88/100 brn|[from] brn\n|-start|p1a: Weavile|perish1\n|-start|p1b: Charizard|perish1\n|-start|p2a: Gengar|perish1\n|upkeep\n|turn|4\n|inactive|loseblues has 30 seconds left.\n|inactive|loseblues has 20 seconds left.\n|inactive|Kalaphant has 30 seconds left.\n|inactive|loseblues has 15 seconds left.\n|inactive|loseblues has 10 seconds left.\n|inactive|loseblues has 5 seconds left.\n|\n|t:|1776210717\n|switch|p2a: Politoed|Politoed, L50, F|100/100\n|-weather|RainDance|[from] ability: Drizzle|[of] p2a: Politoed\n|switch|p2b: Incineroar|Incineroar, L50, F|80/100\n|-ability|p2b: Incineroar|Intimidate|boost\n|-unboost|p1a: Weavile|atk|1\n|-unboost|p1b: Charizard|atk|1\n|move|p1a: Weavile|Throat Chop|p2a: Politoed\n|-damage|p2a: Politoed|91/100\n|-start|p2a: Politoed|Throat Chop|[silent]\n|move|p1b: Charizard|Flare Blitz|p2b: Incineroar\n|-resisted|p2b: Incineroar|1\n|-damage|p2b: Incineroar|76/100\n|-damage|p1b: Charizard|77/100|[from] Recoil\n|\n|-weather|RainDance|[upkeep]\n|-damage|p1a: Weavile|82/100 brn|[from] brn\n|-start|p1a: Weavile|perish0\n|-start|p1b: Charizard|perish0\n|upkeep\n|faint|p1a: Weavile\n|faint|p1b: Charizard\n|inactive|loseblues has 30 seconds left.\n|inactive|loseblues has 20 seconds left.\n|inactive|loseblues has 15 seconds left.\n|inactive|loseblues has 10 seconds left.\n|inactive|loseblues has 5 seconds left.\n|\n|t:|1776210772\n|switch|p1a: Sinistcha|Sinistcha, L50|100/100\n|switch|p1b: Milotic|Milotic, L50, M|100/100\n|turn|5\n|inactive|loseblues has 30 seconds left.\n|inactive|loseblues has 20 seconds left.\n|inactive|loseblues has 15 seconds left.\n|inactive|loseblues has 10 seconds left.\n|inactive|loseblues has 5 seconds left.\n|\n|t:|1776210827\n|switch|p2a: Sinistcha|Sinistcha, L50|100/100\n|-heal|p2b: Incineroar|100/100|[from] ability: Hospitality|[of] p2a: Sinistcha\n|move|p1b: Milotic|Muddy Water|p2b: Incineroar|[spread] p2a,p2b\n|-resisted|p2a: Sinistcha|1\n|-supereffective|p2b: Incineroar|1\n|-damage|p2a: Sinistcha|76/100\n|-damage|p2b: Incineroar|20/100\n|-unboost|p2a: Sinistcha|accuracy|1\n|move|p1a: Sinistcha|Matcha Gotcha|p2a: Sinistcha|[spread] p2a,p2b\n|-resisted|p2a: Sinistcha|1\n|-resisted|p2b: Incineroar|1\n|-damage|p2a: Sinistcha|65/100\n|-damage|p2b: Incineroar|10/100\n|move|p2b: Incineroar|Parting Shot|p1b: Milotic\n|-unboost|p1b: Milotic|atk|1\n|-ability|p1b: Milotic|Competitive|boost\n|-boost|p1b: Milotic|spa|2\n|-unboost|p1b: Milotic|spa|1\n|-ability|p1b: Milotic|Competitive|boost\n|-boost|p1b: Milotic|spa|2\n|\n|t:|1776210849\n|switch|p2b: Politoed|Politoed, L50, F|91/100|[from] Parting Shot\n|\n|-weather|RainDance|[upkeep]\n|-heal|p2a: Sinistcha|71/100|[from] item: Leftovers\n|upkeep\n|turn|6\n|inactive|loseblues has 30 seconds left.\n|inactive|loseblues has 20 seconds left.\n|inactive|loseblues has 15 seconds left.\n|inactive|loseblues has 10 seconds left.\n|inactive|loseblues has 5 seconds left.\n|\n|t:|1776210904\n|move|p2a: Sinistcha|Rage Powder|p2a: Sinistcha\n|-singleturn|p2a: Sinistcha|move: Rage Powder\n|move|p1b: Milotic|Muddy Water|p2b: Politoed|[spread] p2a,p2b\n|-resisted|p2a: Sinistcha|1\n|-resisted|p2b: Politoed|1\n|-damage|p2a: Sinistcha|8/100\n|-damage|p2b: Politoed|43/100\n|-unboost|p2a: Sinistcha|accuracy|1\n|-enditem|p2b: Politoed|Sitrus Berry|[eat]\n|-heal|p2b: Politoed|68/100|[from] item: Sitrus Berry\n|move|p1a: Sinistcha|Matcha Gotcha|p2a: Sinistcha|[spread] p2b\n|-miss|p1a: Sinistcha|p2a: Sinistcha\n|-supereffective|p2b: Politoed|1\n|-damage|p2b: Politoed|25/100\n|move|p2b: Politoed|Perish Song|p2b: Politoed\n|-start|p1a: Sinistcha|perish3|[silent]\n|-start|p1b: Milotic|perish3|[silent]\n|-start|p2a: Sinistcha|perish3|[silent]\n|-start|p2b: Politoed|perish3|[silent]\n|-fieldactivate|move: Perish Song\n|\n|-weather|RainDance|[upkeep]\n|-heal|p2a: Sinistcha|14/100|[from] item: Leftovers\n|-start|p1b: Milotic|perish3\n|-start|p2a: Sinistcha|perish3\n|-start|p1a: Sinistcha|perish3\n|-start|p2b: Politoed|perish3\n|upkeep\n|turn|7\n|inactive|loseblues has 30 seconds left.\n|inactive|loseblues has 20 seconds left.\n|inactive|loseblues has 15 seconds left.\n|inactive|loseblues has 10 seconds left.\n|inactive|loseblues has 5 seconds left.\n|-message|loseblues lost due to inactivity.\n|\n|win|Kalaphant\n|raw|loseblues's rating: 1280 &rarr; <strong>1252</strong><br />(-28 for losing)\n|raw|Kalaphant's rating: 1234 &rarr; <strong>1262</strong><br />(+28 for winning)\n",
  "uploadtime": 1776210939,
  "views": 37,
  "formatid": "gen9championsvgc2026regma",
  "rating": 1252,
  "private": 0,
  "password": null
}