{
  "id": "gen9championsvgc2026regma-2588544336",
  "format": "[Gen 9 Champions] VGC 2026 Reg M-A",
  "players": [
    "Frogprince(yesme)",
    "poltato2"
  ],
  "log": "|j|\u2606Frogprince(yesme)\n|j|\u2606poltato2\n|t:|1776643454\n|gametype|doubles\n|player|p1|Frogprince(yesme)|2|1043\n|player|p2|poltato2|2|1115\n|gen|9\n|tier|[Gen 9 Champions] VGC 2026 Reg M-A\n|rated|\n|rule|Species Clause: Limit one of each Pok\u00e9mon\n|rule|Item Clause: Limit 1 of each item\n|clearpoke\n|poke|p1|Passimian, L50, F, shiny|\n|poke|p1|Starmie, L50|\n|poke|p1|Incineroar, L50, M|\n|poke|p1|Whimsicott, L50, F|\n|poke|p1|Kingambit, L50, F|\n|poke|p1|Aerodactyl, L50, M|\n|poke|p2|Aggron, L50, F|\n|poke|p2|Pelipper, L50, M|\n|poke|p2|Kangaskhan, L50, F|\n|poke|p2|Sinistcha, L50|\n|poke|p2|Primarina, L50, F|\n|poke|p2|Raichu, L50, F|\n|teampreview|4\n|inactive|Battle timer is ON: inactive players will automatically lose when time's up. (requested by poltato2)\n|inactive|poltato2 has 60 seconds left.\n|\n|t:|1776643486\n|teamsize|p1|4\n|teamsize|p2|4\n|start\n|switch|p1a: Starmie|Starmie, L50|100/100\n|switch|p1b: Passimian|Passimian, L50, F, shiny|100/100\n|switch|p2a: Pelipper|Pelipper, L50, M|100/100\n|switch|p2b: Primarina|Primarina, L50, F|100/100\n|-weather|RainDance|[from] ability: Drizzle|[of] p2a: Pelipper\n|turn|1\n|inactive|Frogprince(yesme) has 30 seconds left.\n|\n|t:|1776643512\n|detailschange|p1a: Starmie|Starmie-Mega, L50\n|-mega|p1a: Starmie|Starmie|Starminite\n|move|p2a: Pelipper|Wide Guard|p2a: Pelipper\n|-singleturn|p2a: Pelipper|Wide Guard\n|move|p1a: Starmie|Psycho Cut|p2a: Pelipper\n|-crit|p2a: Pelipper\n|-damage|p2a: Pelipper|24/100\n|move|p1b: Passimian|Gunk Shot|p2b: Primarina|[miss]\n|-miss|p1b: Passimian|p2b: Primarina\n|move|p2b: Primarina|Dazzling Gleam|p1a: Starmie|[spread] p1a,p1b\n|-supereffective|p1b: Passimian|1\n|-damage|p1a: Starmie|63/100\n|-enditem|p1b: Passimian|Focus Sash\n|-damage|p1b: Passimian|1/100\n|\n|-weather|RainDance|[upkeep]\n|upkeep\n|turn|2\n|inactive|Frogprince(yesme) has 30 seconds left.\n|\n|t:|1776643539\n|move|p2b: Primarina|Protect|p2b: Primarina\n|-singleturn|p2b: Primarina|Protect\n|move|p1a: Starmie|Psycho Cut|p2a: Pelipper\n|-crit|p2a: Pelipper\n|-damage|p2a: Pelipper|0 fnt\n|faint|p2a: Pelipper\n|move|p1b: Passimian|Gunk Shot|p2b: Primarina\n|-activate|p2b: Primarina|move: Protect\n|\n|-weather|RainDance|[upkeep]\n|upkeep\n|\n|t:|1776643544\n|switch|p2a: Kangaskhan|Kangaskhan, L50, F|100/100\n|turn|3\n|\n|t:|1776643554\n|move|p1b: Passimian|Protect|p1b: Passimian\n|-singleturn|p1b: Passimian|Protect\n|move|p2a: Kangaskhan|Fake Out|p1b: Passimian\n|-activate|p1b: Passimian|move: Protect\n|move|p1a: Starmie|Self-Destruct|p2b: Primarina|[spread] p2a,p2b\n|-activate|p1b: Passimian|move: Protect\n|-damage|p2a: Kangaskhan|0 fnt\n|-damage|p2b: Primarina|0 fnt\n|faint|p1a: Starmie\n|-ability|p1b: Passimian|Huge Power|Receiver|[from] ability: Receiver|[of] p1a: Starmie\n|faint|p2a: Kangaskhan\n|faint|p2b: Primarina\n|\n|-weather|RainDance|[upkeep]\n|upkeep\n|\n|t:|1776643571\n|switch|p1a: Whimsicott|Whimsicott, L50, F|100/100\n|switch|p2a: Aggron|Aggron, L50, F|100/100\n|turn|4\n|\n|t:|1776643579\n|detailschange|p2a: Aggron|Aggron-Mega, L50, F\n|-mega|p2a: Aggron|Aggron|Aggronite\n|move|p1a: Whimsicott|Tailwind|p1a: Whimsicott\n|-sidestart|p1: Frogprince(yesme)|move: Tailwind\n|move|p1b: Passimian|Close Combat|p2a: Aggron\n|-supereffective|p2a: Aggron|1\n|-damage|p2a: Aggron|34/100\n|-unboost|p1b: Passimian|def|1\n|-unboost|p1b: Passimian|spd|1\n|move|p2a: Aggron|Rock Slide|p1b: Passimian|[spread] p1b\n|-miss|p2a: Aggron|p1a: Whimsicott\n|-resisted|p1b: Passimian|1\n|-damage|p1b: Passimian|0 fnt\n|faint|p1b: Passimian\n|\n|-weather|RainDance|[upkeep]\n|upkeep\n|\n|t:|1776643596\n|switch|p1b: Kingambit|Kingambit, L50, F|100/100\n|turn|5\n|\n|t:|1776643606\n|move|p1a: Whimsicott|Moonblast|p2a: Aggron\n|-resisted|p2a: Aggron|1\n|-damage|p2a: Aggron|8/100\n|move|p1b: Kingambit|Kowtow Cleave|p2a: Aggron\n|-damage|p2a: Aggron|0 fnt\n|faint|p2a: Aggron\n|\n|win|Frogprince(yesme)\n|raw|Frogprince(yesme)'s rating: 1043 &rarr; <strong>1083</strong><br />(+40 for winning)\n|raw|poltato2's rating: 1115 &rarr; <strong>1085</strong><br />(-30 for losing)\n|l|\u2606poltato2\n|player|p2|\n",
  "uploadtime": 1776643619,
  "views": 6,
  "formatid": "gen9championsvgc2026regma",
  "rating": 1083,
  "private": 0,
  "password": null
}