{
  "id": "gen9championsvgc2026regma-2586045372",
  "format": "[Gen 9 Champions] VGC 2026 Reg M-A",
  "players": [
    "LMTAHMED99",
    "Bacowl"
  ],
  "log": "|j|\u2606LMTAHMED99\n|j|\u2606Bacowl\n|t:|1776393355\n|gametype|doubles\n|player|p1|LMTAHMED99|n|1073\n|player|p2|Bacowl|bugcatcher-gen4dp|1171\n|gen|9\n|tier|[Gen 9 Champions] VGC 2026 Reg M-A\n|rated|\n|rule|Species Clause: Limit one of each Pok\u00e9mon\n|rule|Item Clause: Limit 1 of each item\n|clearpoke\n|poke|p1|Dragonite, L50, F|\n|poke|p1|Politoed, L50, F|\n|poke|p1|Oranguru, L50, M|\n|poke|p1|Kangaskhan, L50, F|\n|poke|p1|Incineroar, L50, F|\n|poke|p1|Milotic, L50, F|\n|poke|p2|Crabominable, L50, M|\n|poke|p2|Farigiraf, L50, F|\n|poke|p2|Floette-Eternal, L50, F|\n|poke|p2|Alakazam, L50, F|\n|poke|p2|Abomasnow, L50, M|\n|poke|p2|Mr. Rime, L50, F|\n|teampreview|4\n|\n|t:|1776393377\n|teamsize|p1|4\n|teamsize|p2|4\n|start\n|switch|p1a: Dragonite|Dragonite, L50, F, shiny|100/100\n|switch|p1b: Incineroar|Incineroar, L50, F|100/100\n|switch|p2a: Crabominable|Crabominable, L50, M|100/100\n|switch|p2b: Mr. Rime|Mr. Rime, L50, F|100/100\n|-ability|p1b: Incineroar|Intimidate|boost\n|-unboost|p2a: Crabominable|atk|1\n|-unboost|p2b: Mr. Rime|atk|1\n|turn|1\n|\n|t:|1776393412\n|detailschange|p1a: Dragonite|Dragonite-Mega, L50, F, shiny\n|-mega|p1a: Dragonite|Dragonite|Dragoninite\n|move|p2a: Crabominable|Protect|p2a: Crabominable\n|-singleturn|p2a: Crabominable|Protect\n|move|p1b: Incineroar|Fake Out|p2b: Mr. Rime\n|-damage|p2b: Mr. Rime|84/100\n|move|p1a: Dragonite|Hurricane|p2a: Crabominable\n|-activate|p2a: Crabominable|move: Protect\n|cant|p2b: Mr. Rime|flinch\n|\n|upkeep\n|turn|2\n|inactive|Battle timer is ON: inactive players will automatically lose when time's up. (requested by LMTAHMED99)\n|\n|t:|1776393442\n|switch|p2a: Abomasnow|Abomasnow, L50, M|100/100\n|-weather|Snowscape|[from] ability: Snow Warning|[of] p2a: Abomasnow\n|move|p1a: Dragonite|Hurricane|p2a: Abomasnow\n|-supereffective|p2a: Abomasnow|1\n|-damage|p2a: Abomasnow|9/100\n|-start|p2a: Abomasnow|confusion\n|move|p1b: Incineroar|Flare Blitz|p2b: Mr. Rime\n|-supereffective|p2b: Mr. Rime|1\n|-damage|p2b: Mr. Rime|0 fnt\n|faint|p2b: Mr. Rime\n|-damage|p1b: Incineroar|70/100|[from] Recoil\n|\n|-weather|Snowscape|[upkeep]\n|upkeep\n|\n|t:|1776393453\n|switch|p2b: Crabominable|Crabominable, L50, M|100/100\n|turn|3\n|inactive|LMTAHMED99 has 30 seconds left.\n|\n|t:|1776393482\n|move|p1a: Dragonite|Hurricane|p2b: Crabominable|[miss]\n|-miss|p1a: Dragonite|p2b: Crabominable\n|-activate|p2a: Abomasnow|confusion\n|move|p2a: Abomasnow|Frost Breath|p2b: Crabominable\n|-resisted|p2b: Crabominable|1\n|-crit|p2b: Crabominable\n|-damage|p2b: Crabominable|87/100\n|-setboost|p2b: Crabominable|atk|6|[from] ability: Anger Point\n|move|p2b: Crabominable|Rock Slide|p1a: Dragonite|[spread] p1a,p1b\n|-supereffective|p1a: Dragonite|1\n|-supereffective|p1b: Incineroar|1\n|-damage|p1a: Dragonite|28/100\n|-damage|p1b: Incineroar|0 fnt\n|faint|p1b: Incineroar\n|\n|-weather|Snowscape|[upkeep]\n|upkeep\n|\n|t:|1776393496\n|switch|p1b: Politoed|Politoed, L50, F|100/100\n|-weather|RainDance|[from] ability: Drizzle|[of] p1b: Politoed\n|turn|4\n|\n|t:|1776393507\n|move|p2b: Crabominable|Protect|p2b: Crabominable\n|-singleturn|p2b: Crabominable|Protect\n|move|p1a: Dragonite|Hurricane|p2b: Crabominable\n|-activate|p2b: Crabominable|move: Protect\n|-activate|p2a: Abomasnow|confusion\n|-damage|p2a: Abomasnow|0 fnt|[from] confusion\n|faint|p2a: Abomasnow\n|move|p1b: Politoed|Hypnosis|p2b: Crabominable\n|-activate|p2b: Crabominable|move: Protect\n|\n|-weather|RainDance|[upkeep]\n|upkeep\n|\n|t:|1776393517\n|switch|p2a: Alakazam|Alakazam, L50, F|100/100\n|turn|5\n|\n|t:|1776393527\n|detailschange|p2b: Crabominable|Crabominable-Mega, L50, M\n|-mega|p2b: Crabominable|Crabominable|Crabominite\n|move|p1b: Politoed|Helping Hand|p1a: Dragonite\n|-singleturn|p1a: Dragonite|Helping Hand|[of] p1b: Politoed\n|move|p2a: Alakazam|Speed Swap|p2b: Crabominable\n|-activate|p2a: Alakazam|move: Speed Swap|[of] p2b: Crabominable\n|move|p2b: Crabominable|Rock Slide|p1b: Politoed|[spread] p1a,p1b\n|-supereffective|p1a: Dragonite|1\n|-damage|p1a: Dragonite|0 fnt\n|-damage|p1b: Politoed|0 fnt\n|faint|p1a: Dragonite\n|faint|p1b: Politoed\n|\n|-weather|RainDance|[upkeep]\n|upkeep\n|\n|t:|1776393549\n|switch|p1a: Milotic|Milotic, L50, F, shiny|100/100\n|turn|6\n|\n|t:|1776393559\n|move|p2b: Crabominable|Protect|p2b: Crabominable\n|-singleturn|p2b: Crabominable|Protect\n|move|p1a: Milotic|Surf|p2a: Alakazam|[spread] p2a\n|-activate|p2b: Crabominable|move: Protect\n|-damage|p2a: Alakazam|37/100\n|move|p2a: Alakazam|Light Screen|p2a: Alakazam\n|-sidestart|p2: Bacowl|move: Light Screen\n|\n|-weather|RainDance|[upkeep]\n|upkeep\n|turn|7\n|c|\u2606LMTAHMED99|Gg bro\n|\n|t:|1776393574\n|move|p2b: Crabominable|Earthquake|p1a: Milotic|[spread] p2a,p1a\n|-damage|p2a: Alakazam|0 fnt\n|-damage|p1a: Milotic|0 fnt\n|faint|p2a: Alakazam\n|faint|p1a: Milotic\n|\n|win|Bacowl\n|raw|LMTAHMED99's rating: 1073 &rarr; <strong>1058</strong><br />(-15 for losing)\n|raw|Bacowl's rating: 1171 &rarr; <strong>1189</strong><br />(+18 for winning)\n|c|\u2606LMTAHMED99|Gg\n|c|\u2606Bacowl|i love this shit team\n|c|\u2606Bacowl|this is my baby\n|c|\u2606LMTAHMED99|\ud83d\ude02\n|l|\u2606Bacowl\n|player|p2|\n|j|\u2606Bacowl\n|player|p2|Bacowl|bugcatcher-gen4dp|\n",
  "uploadtime": 1776393595,
  "views": 17,
  "formatid": "gen9championsvgc2026regma",
  "rating": 1058,
  "private": 0,
  "password": null
}