{
  "id": "gen9championsvgc2026regma-2584093716",
  "format": "[Gen 9 Champions] VGC 2026 Reg M-A",
  "players": [
    "hanenwang",
    "slapface522"
  ],
  "log": "|j|\u2606hanenwang\n|j|\u2606slapface522\n|t:|1776224438\n|gametype|doubles\n|player|p1|hanenwang|twins-gen4dp|1079\n|player|p2|slapface522|ethan|1056\n|gen|9\n|tier|[Gen 9 Champions] VGC 2026 Reg M-A\n|rated|\n|rule|Species Clause: Limit one of each Pok\u00e9mon\n|rule|Item Clause: Limit 1 of each item\n|clearpoke\n|poke|p1|Gengar, L50, F|\n|poke|p1|Incineroar, L50, F|\n|poke|p1|Vivillon, L50, M|\n|poke|p1|Aegislash, L50, M|\n|poke|p1|Tyranitar, L50, F|\n|poke|p1|Sinistcha, L50|\n|poke|p2|Golurk, L50|\n|poke|p2|Farigiraf, L50, M|\n|poke|p2|Maushold-Four, L50|\n|poke|p2|Sinistcha, L50|\n|poke|p2|Milotic, L50, F|\n|poke|p2|Sneasler, L50, M|\n|teampreview|4\n|\n|t:|1776224477\n|teamsize|p1|4\n|teamsize|p2|4\n|start\n|switch|p1a: Gengar|Gengar, L50, F|100/100\n|switch|p1b: Vivillon|Vivillon, L50, M|100/100\n|switch|p2a: Mavis|Milotic, L50, F|100/100\n|switch|p2b: Chuds|Maushold-Four, L50|100/100\n|turn|1\n|\n|t:|1776224525\n|detailschange|p1a: Gengar|Gengar-Mega, L50, F\n|-mega|p1a: Gengar|Gengar|Gengarite\n|move|p2b: Chuds|Follow Me|p2b: Chuds\n|-singleturn|p2b: Chuds|move: Follow Me\n|move|p1a: Gengar|Perish Song|p1a: Gengar\n|-start|p1a: Gengar|perish3|[silent]\n|-start|p1b: Vivillon|perish3|[silent]\n|-start|p2a: Mavis|perish3|[silent]\n|-start|p2b: Chuds|perish3|[silent]\n|-fieldactivate|move: Perish Song\n|move|p1b: Vivillon|Sleep Powder|p2b: Chuds\n|-status|p2b: Chuds|slp|[from] move: Sleep Powder\n|move|p2a: Mavis|Coil|p2a: Mavis\n|-boost|p2a: Mavis|atk|1\n|-boost|p2a: Mavis|def|1\n|-boost|p2a: Mavis|accuracy|1\n|\n|-start|p1a: Gengar|perish3\n|-start|p2b: Chuds|perish3\n|-start|p1b: Vivillon|perish3\n|-start|p2a: Mavis|perish3\n|upkeep\n|turn|2\n|\n|t:|1776224557\n|move|p1a: Gengar|Protect|p1a: Gengar\n|-singleturn|p1a: Gengar|Protect\n|cant|p2b: Chuds|slp\n|move|p1b: Vivillon|Sleep Powder|p2a: Mavis\n|-status|p2a: Mavis|slp|[from] move: Sleep Powder\n|cant|p2a: Mavis|slp\n|\n|-start|p1a: Gengar|perish2\n|-start|p2b: Chuds|perish2\n|-start|p1b: Vivillon|perish2\n|-start|p2a: Mavis|perish2\n|upkeep\n|turn|3\n|\n|t:|1776224602\n|move|p1a: Gengar|Protect||[still]\n|-fail|p1a: Gengar\n|move|p1b: Vivillon|Protect|p1b: Vivillon\n|-singleturn|p1b: Vivillon|Protect\n|cant|p2b: Chuds|slp\n|cant|p2a: Mavis|slp\n|\n|-start|p1a: Gengar|perish1\n|-start|p2b: Chuds|perish1\n|-start|p1b: Vivillon|perish1\n|-start|p2a: Mavis|perish1\n|upkeep\n|turn|4\n|\n|t:|1776224634\n|switch|p1a: Sinistcha|Sinistcha, L50|100/100\n|switch|p1b: Incineroar|Incineroar, L50, F|100/100\n|-ability|p1b: Incineroar|Intimidate|boost\n|-unboost|p2a: Mavis|atk|1\n|-ability|p2a: Mavis|Competitive|boost\n|-boost|p2a: Mavis|spa|2\n|-unboost|p2b: Chuds|atk|1\n|-curestatus|p2b: Chuds|slp|[msg]\n|move|p2b: Chuds|U-turn|p1b: Incineroar\n|-damage|p1b: Incineroar|93/100\n|\n|t:|1776224651\n|switch|p2b: Sinischud|Sinistcha, L50|100/100|[from] U-turn\n|-curestatus|p2a: Mavis|slp|[msg]\n|move|p2a: Mavis|Scald|p1b: Incineroar\n|-supereffective|p1b: Incineroar|1\n|-damage|p1b: Incineroar|0 fnt\n|faint|p1b: Incineroar\n|\n|-start|p2a: Mavis|perish0\n|upkeep\n|faint|p2a: Mavis\n|inactive|Battle timer is ON: inactive players will automatically lose when time's up. (requested by slapface522)\n|\n|t:|1776224692\n|switch|p2a: Chudwig|Golurk, L50, shiny|100/100\n|switch|p1b: Gengar|Gengar-Mega, L50, F|100/100\n|turn|5\n|\n|t:|1776224715\n|switch|p1b: Vivillon|Vivillon, L50, M|100/100\n|switch|p2a: Chuds|Maushold-Four, L50|100/100\n|move|p1a: Sinistcha|Matcha Gotcha|p2a: Chuds|[spread] p2a,p2b\n|-resisted|p2b: Sinischud|1\n|-damage|p2a: Chuds|74/100\n|-damage|p2b: Sinischud|90/100\n|-status|p2b: Sinischud|brn\n|move|p2b: Sinischud|Trick Room|p2b: Sinischud\n|-fieldstart|move: Trick Room|[of] p2b: Sinischud\n|\n|-damage|p2b: Sinischud|84/100 brn|[from] brn\n|upkeep\n|turn|6\n|\n|t:|1776224738\n|move|p1a: Sinistcha|Matcha Gotcha|p2a: Chuds|[spread] p2a,p2b\n|-resisted|p2b: Sinischud|1\n|-damage|p2a: Chuds|46/100\n|-damage|p2b: Sinischud|74/100 brn\n|-enditem|p2a: Chuds|Sitrus Berry|[eat]\n|-heal|p2a: Chuds|71/100|[from] item: Sitrus Berry\n|move|p2b: Sinischud|Shadow Ball|p1a: Sinistcha\n|-supereffective|p1a: Sinistcha|1\n|-damage|p1a: Sinistcha|5/100\n|move|p1b: Vivillon|Air Slash|p2b: Sinischud\n|-supereffective|p2b: Sinischud|1\n|-damage|p2b: Sinischud|33/100 brn\n|move|p2a: Chuds|U-turn|p1a: Sinistcha\n|-damage|p1a: Sinistcha|0 fnt\n|faint|p1a: Sinistcha\n|\n|t:|1776224753\n|switch|p2a: Chudwig|Golurk, L50, shiny|100/100|[from] U-turn\n|\n|-damage|p2b: Sinischud|27/100 brn|[from] brn\n|upkeep\n|-message|hanenwang forfeited.\n|\n|win|slapface522\n|raw|hanenwang's rating: 1079 &rarr; <strong>1056</strong><br />(-23 for losing)\n|raw|slapface522's rating: 1056 &rarr; <strong>1090</strong><br />(+34 for winning)\n|l|\u2606hanenwang\n|player|p1|\n|c|\u2606slapface522|ggs\n",
  "uploadtime": 1776224774,
  "views": 31,
  "formatid": "gen9championsvgc2026regma",
  "rating": 1056,
  "private": 0,
  "password": null
}