{
  "id": "gen9championsvgc2026regma-2583599040",
  "format": "[Gen 9 Champions] VGC 2026 Reg M-A",
  "players": [
    "waiseng",
    "Feedy"
  ],
  "log": "|j|\u2606waiseng\n|j|\u2606Feedy\n|t:|1776185701\n|gametype|doubles\n|player|p1|waiseng|giovanni|1236\n|player|p2|Feedy|lady|1232\n|gen|9\n|tier|[Gen 9 Champions] VGC 2026 Reg M-A\n|rated|\n|rule|Species Clause: Limit one of each Pok\u00e9mon\n|rule|Item Clause: Limit 1 of each item\n|clearpoke\n|poke|p1|Aerodactyl, L50, M|\n|poke|p1|Floette-Eternal, L50, F|\n|poke|p1|Incineroar, L50, M|\n|poke|p1|Scizor, L50, M|\n|poke|p1|Sinistcha, L50|\n|poke|p1|Sneasler, L50, F|\n|poke|p2|Crabominable, L50, M|\n|poke|p2|Sinistcha, L50|\n|poke|p2|Farigiraf, L50, F|\n|poke|p2|Azumarill, L50, F|\n|poke|p2|Incineroar, L50, M|\n|poke|p2|Drampa, L50, M|\n|teampreview|4\n|inactive|Battle timer is ON: inactive players will automatically lose when time's up. (requested by waiseng)\n|\n|t:|1776185746\n|teamsize|p1|4\n|teamsize|p2|4\n|start\n|switch|p1a: Floette|Floette-Eternal, L50, F|100/100\n|switch|p1b: Incineroar|Incineroar, L50, M|100/100\n|switch|p2a: Farigiraf|Farigiraf, L50, F|100/100\n|switch|p2b: Incineroar|Incineroar, L50, M|100/100\n|-ability|p1b: Incineroar|Intimidate|boost\n|-unboost|p2a: Farigiraf|atk|1\n|-unboost|p2b: Incineroar|atk|1\n|-ability|p2b: Incineroar|Intimidate|boost\n|-unboost|p1a: Floette|atk|1\n|-unboost|p1b: Incineroar|atk|1\n|turn|1\n|inactive|Feedy has 30 seconds left.\n|inactive|Feedy has 20 seconds left.\n|\n|t:|1776185785\n|detailschange|p1a: Floette|Floette-Mega, L50, F\n|-mega|p1a: Floette|Floette|Floettite\n|-ability|p1a: Floette|Fairy Aura\n|move|p1a: Floette|Calm Mind|p1a: Floette\n|-boost|p1a: Floette|spa|1\n|-boost|p1a: Floette|spd|1\n|move|p1b: Incineroar|Parting Shot|p2b: Incineroar\n|-unboost|p2b: Incineroar|atk|1\n|-unboost|p2b: Incineroar|spa|1\n|\n|t:|1776185808\n|switch|p1b: Sinistcha|Sinistcha, L50|100/100|[from] Parting Shot\n|move|p2b: Incineroar|Parting Shot|p1a: Floette\n|-unboost|p1a: Floette|atk|1\n|-unboost|p1a: Floette|spa|1\n|j| Wenpachi\n|inactive|Feedy has 30 seconds left.\n|\n|t:|1776185840\n|switch|p2b: Azumarill|Azumarill, L50, F|100/100|[from] Parting Shot\n|move|p2a: Farigiraf|Trick Room|p2a: Farigiraf\n|-fieldstart|move: Trick Room|[of] p2a: Farigiraf\n|\n|upkeep\n|turn|2\n|l| Wenpachi\n|inactive|Feedy has 30 seconds left.\n|\n|t:|1776185873\n|move|p2a: Farigiraf|Helping Hand|p2b: Azumarill\n|-singleturn|p2b: Azumarill|Helping Hand|[of] p2a: Farigiraf\n|move|p2b: Azumarill|Play Rough|p1a: Floette\n|-damage|p1a: Floette|0 fnt\n|faint|p1a: Floette\n|move|p1b: Sinistcha|Matcha Gotcha|p2a: Farigiraf|[spread] p2a,p2b\n|-supereffective|p2b: Azumarill|1\n|-damage|p2a: Farigiraf|79/100\n|-damage|p2b: Azumarill|51/100\n|-status|p2a: Farigiraf|brn\n|\n|-heal|p2b: Azumarill|57/100|[from] item: Leftovers\n|-damage|p2a: Farigiraf|73/100 brn|[from] brn\n|upkeep\n|\n|t:|1776185888\n|switch|p1a: Incineroar|Incineroar, L50, M|100/100\n|-ability|p1a: Incineroar|Intimidate|boost\n|-unboost|p2a: Farigiraf|atk|1\n|-unboost|p2b: Azumarill|atk|1\n|turn|3\n|\n|t:|1776185906\n|move|p2a: Farigiraf|Helping Hand|p2b: Azumarill\n|-singleturn|p2b: Azumarill|Helping Hand|[of] p2a: Farigiraf\n|move|p2b: Azumarill|Play Rough|p1b: Sinistcha\n|-damage|p1b: Sinistcha|55/100\n|move|p1a: Incineroar|Will-O-Wisp|p2b: Azumarill\n|-status|p2b: Azumarill|brn\n|move|p1b: Sinistcha|Matcha Gotcha|p2a: Farigiraf|[spread] p2a,p2b\n|-supereffective|p2b: Azumarill|1\n|-damage|p2a: Farigiraf|53/100 brn\n|-heal|p1b: Sinistcha|68/100|[from] drain|[of] p2a: Farigiraf\n|-damage|p2b: Azumarill|5/100 brn\n|-heal|p1b: Sinistcha|98/100|[from] drain|[of] p2b: Azumarill\n|\n|-heal|p2b: Azumarill|11/100 brn|[from] item: Leftovers\n|-damage|p2b: Azumarill|5/100 brn|[from] brn\n|-damage|p2a: Farigiraf|47/100 brn|[from] brn\n|upkeep\n|turn|4\n|inactive|waiseng has 30 seconds left.\n|inactive|Feedy has 30 seconds left.\n|inactive|waiseng has 20 seconds left.\n|\n|t:|1776185942\n|move|p2b: Azumarill|Play Rough|p1b: Sinistcha\n|-damage|p1b: Sinistcha|83/100\n|move|p2a: Farigiraf|Psychic|p1b: Sinistcha\n|-damage|p1b: Sinistcha|47/100\n|-enditem|p1b: Sinistcha|Sitrus Berry|[eat]\n|-heal|p1b: Sinistcha|72/100|[from] item: Sitrus Berry\n|move|p1a: Incineroar|Flare Blitz|p2a: Farigiraf\n|-damage|p2a: Farigiraf|8/100 brn\n|-damage|p1a: Incineroar|86/100|[from] Recoil\n|move|p1b: Sinistcha|Matcha Gotcha|p2b: Azumarill|[spread] p2a,p2b\n|-supereffective|p2b: Azumarill|1\n|-damage|p2a: Farigiraf|0 fnt\n|-heal|p1b: Sinistcha|76/100|[from] drain|[of] p2a: Farigiraf\n|-damage|p2b: Azumarill|0 fnt\n|-heal|p1b: Sinistcha|79/100|[from] drain|[of] p2b: Azumarill\n|faint|p2a: Farigiraf\n|faint|p2b: Azumarill\n|\n|upkeep\n|\n|t:|1776185960\n|switch|p2b: Crabominable|Crabominable, L50, M|100/100\n|switch|p2a: Incineroar|Incineroar, L50, M|100/100\n|-ability|p2a: Incineroar|Intimidate|boost\n|-unboost|p1a: Incineroar|atk|1\n|-unboost|p1b: Sinistcha|atk|1\n|turn|5\n|inactive|waiseng has 30 seconds left.\n|\n|t:|1776185995\n|switch|p1b: Sneasler|Sneasler, L50, F|100/100\n|detailschange|p2b: Crabominable|Crabominable-Mega, L50, M\n|-mega|p2b: Crabominable|Crabominable|Crabominite\n|move|p2b: Crabominable|Ice Hammer|p1b: Sneasler\n|-damage|p1b: Sneasler|0 fnt\n|-unboost|p2b: Crabominable|spe|1\n|faint|p1b: Sneasler\n|move|p2a: Incineroar|Darkest Lariat|p1a: Incineroar\n|-resisted|p1a: Incineroar|1\n|-damage|p1a: Incineroar|72/100\n|move|p1a: Incineroar|Will-O-Wisp|p2b: Crabominable\n|-status|p2b: Crabominable|brn\n|\n|-damage|p2b: Crabominable|95/100 brn|[from] brn\n|-fieldend|move: Trick Room\n|upkeep\n|\n|t:|1776186013\n|switch|p1b: Sinistcha|Sinistcha, L50|79/100\n|-heal|p1a: Incineroar|97/100|[from] ability: Hospitality|[of] p1b: Sinistcha\n|turn|6\n|\n|t:|1776186033\n|move|p1b: Sinistcha|Matcha Gotcha|p2a: Incineroar|[spread] p2a,p2b\n|-resisted|p2a: Incineroar|1\n|-damage|p2a: Incineroar|91/100\n|-heal|p1b: Sinistcha|85/100|[from] drain|[of] p2a: Incineroar\n|-damage|p2b: Crabominable|75/100 brn\n|-heal|p1b: Sinistcha|96/100|[from] drain|[of] p2b: Crabominable\n|move|p1a: Incineroar|Flare Blitz|p2b: Crabominable\n|-supereffective|p2b: Crabominable|1\n|-damage|p2b: Crabominable|27/100 brn\n|-damage|p1a: Incineroar|81/100|[from] Recoil\n|move|p2a: Incineroar|Darkest Lariat|p1a: Incineroar\n|-resisted|p1a: Incineroar|1\n|-damage|p1a: Incineroar|68/100\n|move|p2b: Crabominable|Ice Hammer|p1b: Sinistcha\n|-supereffective|p1b: Sinistcha|1\n|-damage|p1b: Sinistcha|31/100\n|-unboost|p2b: Crabominable|spe|1\n|\n|-damage|p2b: Crabominable|22/100 brn|[from] brn\n|upkeep\n|turn|7\n|inactive|Feedy has 30 seconds left.\n|\n|t:|1776186061\n|move|p1b: Sinistcha|Life Dew|p1b: Sinistcha|[spread] p1a,p1b\n|-heal|p1a: Incineroar|93/100\n|-heal|p1b: Sinistcha|57/100\n|move|p1a: Incineroar|Flare Blitz|p2b: Crabominable\n|-supereffective|p2b: Crabominable|1\n|-damage|p2b: Crabominable|0 fnt\n|faint|p2b: Crabominable\n|-damage|p1a: Incineroar|86/100|[from] Recoil\n|move|p2a: Incineroar|Darkest Lariat|p1b: Sinistcha\n|-supereffective|p1b: Sinistcha|1\n|-damage|p1b: Sinistcha|0 fnt\n|faint|p1b: Sinistcha\n|\n|upkeep\n|turn|8\n|\n|t:|1776186079\n|move|p1a: Incineroar|Parting Shot|p2a: Incineroar\n|-unboost|p2a: Incineroar|atk|1\n|-unboost|p2a: Incineroar|spa|1\n|move|p2a: Incineroar|Darkest Lariat|p1a: Incineroar\n|-resisted|p1a: Incineroar|1\n|-damage|p1a: Incineroar|77/100\n|\n|upkeep\n|turn|9\n|\n|t:|1776186090\n|move|p1a: Incineroar|Parting Shot|p2a: Incineroar\n|-unboost|p2a: Incineroar|atk|1\n|-unboost|p2a: Incineroar|spa|1\n|move|p2a: Incineroar|Darkest Lariat|p1a: Incineroar\n|-resisted|p1a: Incineroar|1\n|-damage|p1a: Incineroar|70/100\n|\n|upkeep\n|turn|10\n|\n|t:|1776186103\n|move|p1a: Incineroar|Parting Shot|p2a: Incineroar\n|-unboost|p2a: Incineroar|atk|1\n|-unboost|p2a: Incineroar|spa|1\n|move|p2a: Incineroar|Parting Shot|p1a: Incineroar\n|-unboost|p1a: Incineroar|atk|1\n|-unboost|p1a: Incineroar|spa|1\n|\n|upkeep\n|turn|11\n|\n|t:|1776186110\n|move|p1a: Incineroar|Parting Shot|p2a: Incineroar\n|-unboost|p2a: Incineroar|atk|1\n|-unboost|p2a: Incineroar|spa|1\n|move|p2a: Incineroar|Darkest Lariat|p1a: Incineroar\n|-resisted|p1a: Incineroar|1\n|-damage|p1a: Incineroar|66/100\n|\n|upkeep\n|turn|12\n|\n|t:|1776186119\n|move|p1a: Incineroar|Parting Shot|p2a: Incineroar\n|-unboost|p2a: Incineroar|atk|1\n|-unboost|p2a: Incineroar|spa|1\n|move|p2a: Incineroar|Darkest Lariat|p1a: Incineroar\n|-resisted|p1a: Incineroar|1\n|-damage|p1a: Incineroar|62/100\n|\n|upkeep\n|turn|13\n|\n|t:|1776186125\n|move|p1a: Incineroar|Flare Blitz|p2a: Incineroar\n|-resisted|p2a: Incineroar|1\n|-damage|p2a: Incineroar|82/100\n|-damage|p1a: Incineroar|59/100|[from] Recoil\n|move|p2a: Incineroar|Darkest Lariat|p1a: Incineroar\n|-resisted|p1a: Incineroar|1\n|-damage|p1a: Incineroar|55/100\n|\n|upkeep\n|turn|14\n|\n|t:|1776186146\n|move|p1a: Incineroar|Parting Shot|p2a: Incineroar\n|-unboost|p2a: Incineroar|atk|1\n|-unboost|p2a: Incineroar|spa|1\n|move|p2a: Incineroar|Darkest Lariat|p1a: Incineroar\n|-resisted|p1a: Incineroar|1\n|-damage|p1a: Incineroar|52/100\n|\n|upkeep\n|turn|15\n|\n|t:|1776186154\n|move|p1a: Incineroar|Parting Shot|p2a: Incineroar\n|-unboost|p2a: Incineroar|atk|0\n|-unboost|p2a: Incineroar|spa|0\n|move|p2a: Incineroar|Darkest Lariat|p1a: Incineroar\n|-resisted|p1a: Incineroar|1\n|-damage|p1a: Incineroar|49/100\n|\n|upkeep\n|turn|16\n|\n|t:|1776186165\n|move|p1a: Incineroar|Will-O-Wisp|p2a: Incineroar\n|-immune|p2a: Incineroar\n|move|p2a: Incineroar|Parting Shot|p1a: Incineroar\n|-unboost|p1a: Incineroar|atk|1\n|-unboost|p1a: Incineroar|spa|1\n|\n|upkeep\n|turn|17\n|\n|t:|1776186175\n|move|p1a: Incineroar|Will-O-Wisp|p2a: Incineroar\n|-immune|p2a: Incineroar\n|move|p2a: Incineroar|Darkest Lariat|p1a: Incineroar\n|-resisted|p1a: Incineroar|1\n|-damage|p1a: Incineroar|46/100\n|\n|upkeep\n|turn|18\n|\n|t:|1776186182\n|move|p1a: Incineroar|Will-O-Wisp|p2a: Incineroar\n|-immune|p2a: Incineroar\n|move|p2a: Incineroar|Parting Shot|p1a: Incineroar\n|-unboost|p1a: Incineroar|atk|1\n|-unboost|p1a: Incineroar|spa|1\n|\n|upkeep\n|turn|19\n|\n|t:|1776186189\n|move|p1a: Incineroar|Will-O-Wisp|p2a: Incineroar\n|-immune|p2a: Incineroar\n|move|p2a: Incineroar|Parting Shot|p1a: Incineroar\n|-unboost|p1a: Incineroar|atk|1\n|-unboost|p1a: Incineroar|spa|1\n|\n|upkeep\n|turn|20\n|\n|t:|1776186196\n|move|p1a: Incineroar|Parting Shot|p2a: Incineroar\n|-unboost|p2a: Incineroar|atk|0\n|-unboost|p2a: Incineroar|spa|0\n|move|p2a: Incineroar|Parting Shot|p1a: Incineroar\n|-unboost|p1a: Incineroar|atk|1\n|-unboost|p1a: Incineroar|spa|1\n|\n|upkeep\n|turn|21\n|\n|t:|1776186200\n|move|p1a: Incineroar|Parting Shot|p2a: Incineroar\n|-unboost|p2a: Incineroar|atk|0\n|-unboost|p2a: Incineroar|spa|0\n|move|p2a: Incineroar|Darkest Lariat|p1a: Incineroar\n|-resisted|p1a: Incineroar|1\n|-damage|p1a: Incineroar|43/100\n|\n|upkeep\n|turn|22\n|\n|t:|1776186203\n|move|p1a: Incineroar|Will-O-Wisp|p2a: Incineroar\n|-immune|p2a: Incineroar\n|move|p2a: Incineroar|Flare Blitz|p1a: Incineroar\n|-resisted|p1a: Incineroar|1\n|-damage|p1a: Incineroar|38/100\n|-damage|p2a: Incineroar|80/100|[from] Recoil\n|\n|upkeep\n|turn|23\n|\n|t:|1776186205\n|move|p1a: Incineroar|Will-O-Wisp|p2a: Incineroar\n|-immune|p2a: Incineroar\n|move|p2a: Incineroar|Flare Blitz|p1a: Incineroar\n|-resisted|p1a: Incineroar|1\n|-damage|p1a: Incineroar|33/100\n|-damage|p2a: Incineroar|79/100|[from] Recoil\n|\n|upkeep\n|turn|24\n|\n|t:|1776186207\n|move|p1a: Incineroar|Will-O-Wisp|p2a: Incineroar\n|-immune|p2a: Incineroar\n|move|p2a: Incineroar|Flare Blitz|p1a: Incineroar\n|-resisted|p1a: Incineroar|1\n|-damage|p1a: Incineroar|28/100\n|-damage|p2a: Incineroar|77/100|[from] Recoil\n|\n|upkeep\n|turn|25\n|\n|t:|1776186209\n|move|p1a: Incineroar|Will-O-Wisp|p2a: Incineroar\n|-immune|p2a: Incineroar\n|move|p2a: Incineroar|Flare Blitz|p1a: Incineroar\n|-resisted|p1a: Incineroar|1\n|-damage|p1a: Incineroar|23/100\n|-damage|p2a: Incineroar|76/100|[from] Recoil\n|\n|upkeep\n|turn|26\n|\n|t:|1776186211\n|move|p1a: Incineroar|Will-O-Wisp|p2a: Incineroar\n|-immune|p2a: Incineroar\n|move|p2a: Incineroar|Flare Blitz|p1a: Incineroar\n|-resisted|p1a: Incineroar|1\n|-damage|p1a: Incineroar|18/100\n|-damage|p2a: Incineroar|74/100|[from] Recoil\n|\n|upkeep\n|turn|27\n|\n|t:|1776186213\n|move|p1a: Incineroar|Will-O-Wisp|p2a: Incineroar\n|-immune|p2a: Incineroar\n|move|p2a: Incineroar|Flare Blitz|p1a: Incineroar\n|-resisted|p1a: Incineroar|1\n|-damage|p1a: Incineroar|14/100\n|-damage|p2a: Incineroar|73/100|[from] Recoil\n|\n|upkeep\n|turn|28\n|\n|t:|1776186215\n|move|p1a: Incineroar|Will-O-Wisp|p2a: Incineroar\n|-immune|p2a: Incineroar\n|move|p2a: Incineroar|Flare Blitz|p1a: Incineroar\n|-resisted|p1a: Incineroar|1\n|-damage|p1a: Incineroar|9/100\n|-damage|p2a: Incineroar|71/100|[from] Recoil\n|\n|upkeep\n|turn|29\n|\n|t:|1776186217\n|move|p1a: Incineroar|Will-O-Wisp|p2a: Incineroar\n|-immune|p2a: Incineroar\n|move|p2a: Incineroar|Flare Blitz|p1a: Incineroar\n|-resisted|p1a: Incineroar|1\n|-damage|p1a: Incineroar|4/100\n|-damage|p2a: Incineroar|70/100|[from] Recoil\n|\n|upkeep\n|turn|30\n|\n|t:|1776186220\n|move|p1a: Incineroar|Will-O-Wisp|p2a: Incineroar|[miss]\n|-miss|p1a: Incineroar|p2a: Incineroar\n|move|p2a: Incineroar|Flare Blitz|p1a: Incineroar\n|-resisted|p1a: Incineroar|1\n|-damage|p1a: Incineroar|0 fnt\n|faint|p1a: Incineroar\n|-damage|p2a: Incineroar|69/100|[from] Recoil\n|\n|win|Feedy\n|raw|waiseng's rating: 1236 &rarr; <strong>1211</strong><br />(-25 for losing)\n|raw|Feedy's rating: 1232 &rarr; <strong>1257</strong><br />(+25 for winning)\n",
  "uploadtime": 1776186234,
  "views": 32,
  "formatid": "gen9championsvgc2026regma",
  "rating": 1211,
  "private": 0,
  "password": null
}