{
  "id": "gen9championsvgc2026regma-2584409623",
  "format": "[Gen 9 Champions] VGC 2026 Reg M-A",
  "players": [
    "randomn1ck",
    "ImYoou"
  ],
  "log": "|j|\u2606randomn1ck\n|j|\u2606ImYoou\n|t:|1776258826\n|gametype|doubles\n|player|p1|randomn1ck|265|1295\n|player|p2|ImYoou|101|1204\n|gen|9\n|tier|[Gen 9 Champions] VGC 2026 Reg M-A\n|rated|\n|rule|Species Clause: Limit one of each Pok\u00e9mon\n|rule|Item Clause: Limit 1 of each item\n|clearpoke\n|poke|p1|Froslass, L50, F|\n|poke|p1|Aerodactyl, L50, M|\n|poke|p1|Incineroar, L50, M|\n|poke|p1|Sinistcha-Masterpiece, L50|\n|poke|p1|Milotic, L50, F|\n|poke|p1|Kingambit, L50, M|\n|poke|p2|Floette-Eternal, L50, F|\n|poke|p2|Sinistcha, L50|\n|poke|p2|Aerodactyl, L50, F|\n|poke|p2|Garchomp, L50, F|\n|poke|p2|Incineroar, L50, M|\n|poke|p2|Rotom-Wash, L50|\n|teampreview|4\n|inactive|Battle timer is ON: inactive players will automatically lose when time's up. (requested by randomn1ck)\n|\n|t:|1776258855\n|teamsize|p1|4\n|teamsize|p2|4\n|start\n|switch|p1a: Kingambit|Kingambit, L50, M, shiny|100/100\n|switch|p1b: Froslass|Froslass, L50, F, shiny|100/100\n|switch|p2a: Rotom|Rotom-Wash, L50|100/100\n|switch|p2b: Garchomp|Garchomp, L50, F|100/100\n|turn|1\n|\n|t:|1776258867\n|switch|p2b: Incineroar|Incineroar, L50, M|100/100\n|-ability|p2b: Incineroar|Intimidate|boost\n|-unboost|p1a: Kingambit|atk|1\n|-ability|p1a: Kingambit|Defiant|boost\n|-boost|p1a: Kingambit|atk|2\n|-unboost|p1b: Froslass|atk|1\n|move|p1b: Froslass|Protect|p1b: Froslass\n|-singleturn|p1b: Froslass|Protect\n|move|p1a: Kingambit|Protect|p1a: Kingambit\n|-singleturn|p1a: Kingambit|Protect\n|move|p2a: Rotom|Will-O-Wisp|p1a: Kingambit\n|-activate|p1a: Kingambit|move: Protect\n|\n|upkeep\n|turn|2\n|\n|t:|1776258891\n|switch|p1a: Incineroar|Incineroar, L50, M, shiny|100/100\n|-ability|p1a: Incineroar|Intimidate|boost\n|-unboost|p2a: Rotom|atk|1\n|-unboost|p2b: Incineroar|atk|1\n|detailschange|p1b: Froslass|Froslass-Mega, L50, F, shiny\n|-mega|p1b: Froslass|Froslass|Froslassite\n|-weather|Snowscape|[from] ability: Snow Warning|[of] p1b: Froslass\n|move|p1b: Froslass|Aurora Veil|p1b: Froslass\n|-sidestart|p1: randomn1ck|move: Aurora Veil\n|move|p2a: Rotom|Will-O-Wisp|p1a: Incineroar\n|-immune|p1a: Incineroar\n|move|p2b: Incineroar|Parting Shot|p1b: Froslass\n|-unboost|p1b: Froslass|atk|1\n|-unboost|p1b: Froslass|spa|1\n|\n|t:|1776258908\n|switch|p2b: Garchomp|Garchomp, L50, F|100/100|[from] Parting Shot\n|\n|-weather|Snowscape|[upkeep]\n|upkeep\n|turn|3\n|\n|t:|1776258925\n|switch|p2a: Incineroar|Incineroar, L50, M|100/100\n|-ability|p2a: Incineroar|Intimidate|boost\n|-unboost|p1a: Incineroar|atk|1\n|-unboost|p1b: Froslass|atk|1\n|move|p2b: Garchomp|Protect|p2b: Garchomp\n|-singleturn|p2b: Garchomp|Protect\n|move|p1a: Incineroar|Fake Out|p2b: Garchomp\n|-activate|p2b: Garchomp|move: Protect\n|move|p1b: Froslass|Blizzard|p2a: Incineroar|[spread] p2a\n|-activate|p2b: Garchomp|move: Protect\n|-resisted|p2a: Incineroar|1\n|-damage|p2a: Incineroar|87/100\n|\n|-weather|Snowscape|[upkeep]\n|upkeep\n|turn|4\n|inactive|ImYoou has 30 seconds left.\n|\n|t:|1776258955\n|switch|p2b: Rotom|Rotom-Wash, L50|100/100\n|switch|p1a: Sinistcha|Sinistcha-Masterpiece, L50, shiny|100/100\n|move|p1b: Froslass|Blizzard|p2b: Rotom|[spread] p2a,p2b\n|-resisted|p2a: Incineroar|1\n|-resisted|p2b: Rotom|1\n|-damage|p2a: Incineroar|75/100\n|-damage|p2b: Rotom|84/100\n|move|p2a: Incineroar|Flare Blitz|p1b: Froslass\n|-supereffective|p1b: Froslass|1\n|-crit|p1b: Froslass\n|-damage|p1b: Froslass|0 fnt\n|faint|p1b: Froslass\n|-damage|p2a: Incineroar|50/100|[from] Recoil\n|\n|-weather|Snowscape|[upkeep]\n|upkeep\n|\n|t:|1776258968\n|switch|p1b: Incineroar|Incineroar, L50, M, shiny|100/100\n|-ability|p1b: Incineroar|Intimidate|boost\n|-unboost|p2a: Incineroar|atk|1\n|-unboost|p2b: Rotom|atk|1\n|turn|5\n|\n|t:|1776258977\n|move|p2a: Incineroar|Protect|p2a: Incineroar\n|-singleturn|p2a: Incineroar|Protect\n|move|p2b: Rotom|Hydro Pump|p1b: Incineroar\n|-supereffective|p1b: Incineroar|1\n|-damage|p1b: Incineroar|51/100\n|move|p1a: Sinistcha|Matcha Gotcha|p2b: Rotom|[spread] p2b\n|-activate|p2a: Incineroar|move: Protect\n|-supereffective|p2b: Rotom|1\n|-damage|p2b: Rotom|25/100\n|-enditem|p2b: Rotom|Sitrus Berry|[eat]\n|-heal|p2b: Rotom|50/100|[from] item: Sitrus Berry\n|move|p1b: Incineroar|Parting Shot|p2b: Rotom\n|-unboost|p2b: Rotom|atk|1\n|-unboost|p2b: Rotom|spa|1\n|\n|t:|1776258979\n|switch|p1b: Kingambit|Kingambit, L50, M, shiny|100/100|[from] Parting Shot\n|\n|-weather|Snowscape|[upkeep]\n|upkeep\n|turn|6\n|inactive|ImYoou has 30 seconds left.\n|\n|t:|1776259013\n|switch|p2b: Floette|Floette-Eternal, L50, F|100/100\n|switch|p2a: Garchomp|Garchomp, L50, F|100/100\n|move|p1a: Sinistcha|Matcha Gotcha|p2a: Garchomp|[spread] p2a,p2b\n|-damage|p2a: Garchomp|71/100\n|-damage|p2b: Floette|81/100\n|-status|p2b: Floette|brn\n|move|p1b: Kingambit|Kowtow Cleave|p2b: Floette\n|-resisted|p2b: Floette|1\n|-damage|p2b: Floette|50/100 brn\n|\n|-weather|none\n|-damage|p2b: Floette|44/100 brn|[from] brn\n|-sideend|p1: randomn1ck|move: Aurora Veil\n|upkeep\n|turn|7\n|\n|t:|1776259030\n|detailschange|p2b: Floette|Floette-Mega, L50, F\n|-mega|p2b: Floette|Floette|Floettite\n|-ability|p2b: Floette|Fairy Aura\n|move|p2b: Floette|Protect|p2b: Floette\n|-singleturn|p2b: Floette|Protect\n|move|p1b: Kingambit|Protect|p1b: Kingambit\n|-singleturn|p1b: Kingambit|Protect\n|move|p2a: Garchomp|Earthquake|p1b: Kingambit|[spread] p1a\n|-activate|p2b: Floette|move: Protect\n|-activate|p1b: Kingambit|move: Protect\n|-resisted|p1a: Sinistcha|1\n|-damage|p1a: Sinistcha|80/100\n|move|p1a: Sinistcha|Trick Room|p1a: Sinistcha\n|-fieldstart|move: Trick Room|[of] p1a: Sinistcha\n|\n|-damage|p2b: Floette|39/100 brn|[from] brn\n|upkeep\n|turn|8\n|inactive|randomn1ck has 30 seconds left.\n|inactive|ImYoou has 30 seconds left.\n|inactive|randomn1ck has 20 seconds left.\n|\n|t:|1776259069\n|move|p1b: Kingambit|Kowtow Cleave|p2a: Garchomp\n|-damage|p2a: Garchomp|9/100\n|-damage|p1b: Kingambit|88/100|[from] ability: Rough Skin|[of] p2a: Garchomp\n|move|p1a: Sinistcha|Matcha Gotcha|p2a: Garchomp|[spread] p2b\n|-miss|p1a: Sinistcha|p2a: Garchomp\n|-damage|p2b: Floette|21/100 brn\n|-heal|p1a: Sinistcha|89/100|[from] drain|[of] p2b: Floette\n|move|p2b: Floette|Dazzling Gleam|p1a: Sinistcha|[spread] p1a,p1b\n|-damage|p1a: Sinistcha|52/100\n|-damage|p1b: Kingambit|45/100\n|move|p2a: Garchomp|Stomping Tantrum|p1b: Kingambit\n|-supereffective|p1b: Kingambit|1\n|-damage|p1b: Kingambit|0 fnt\n|faint|p1b: Kingambit\n|\n|-damage|p2b: Floette|15/100 brn|[from] brn\n|upkeep\n|\n|t:|1776259073\n|switch|p1b: Incineroar|Incineroar, L50, M, shiny|51/100\n|-ability|p1b: Incineroar|Intimidate|boost\n|-unboost|p2a: Garchomp|atk|1\n|-unboost|p2b: Floette|atk|1\n|-enditem|p2a: Garchomp|White Herb\n|-clearnegativeboost|p2a: Garchomp|[silent]\n|turn|9\n|inactive|ImYoou has 30 seconds left.\n|\n|t:|1776259108\n|switch|p2a: Incineroar|Incineroar, L50, M|50/100\n|-ability|p2a: Incineroar|Intimidate|boost\n|-unboost|p1a: Sinistcha|atk|1\n|-unboost|p1b: Incineroar|atk|1\n|move|p1b: Incineroar|Darkest Lariat|p2b: Floette\n|-resisted|p2b: Floette|1\n|-damage|p2b: Floette|5/100 brn\n|move|p1a: Sinistcha|Matcha Gotcha|p2a: Incineroar|[spread] p2a,p2b\n|-resisted|p2a: Incineroar|1\n|-damage|p2a: Incineroar|40/100\n|-heal|p1a: Sinistcha|58/100|[from] drain|[of] p2a: Incineroar\n|-damage|p2b: Floette|0 fnt\n|-heal|p1a: Sinistcha|60/100|[from] drain|[of] p2b: Floette\n|faint|p2b: Floette\n|\n|upkeep\n|\n|t:|1776259131\n|switch|p2b: Garchomp|Garchomp, L50, F|9/100\n|turn|10\n|\n|t:|1776259156\n|move|p2a: Incineroar|Flare Blitz|p1a: Sinistcha\n|-supereffective|p1a: Sinistcha|1\n|-damage|p1a: Sinistcha|0 fnt\n|faint|p1a: Sinistcha\n|-damage|p2a: Incineroar|23/100|[from] Recoil\n|move|p1b: Incineroar|Parting Shot|p2a: Incineroar\n|-unboost|p2a: Incineroar|atk|1\n|-unboost|p2a: Incineroar|spa|1\n|move|p2b: Garchomp|Dragon Claw|p1b: Incineroar\n|-damage|p1b: Incineroar|9/100\n|-enditem|p1b: Incineroar|Sitrus Berry|[eat]\n|-heal|p1b: Incineroar|34/100|[from] item: Sitrus Berry\n|\n|upkeep\n|turn|11\n|\n|t:|1776259173\n|switch|p2a: Rotom|Rotom-Wash, L50|50/100\n|move|p1b: Incineroar|Darkest Lariat|p2b: Garchomp\n|-damage|p2b: Garchomp|0 fnt\n|-damage|p1b: Incineroar|22/100|[from] ability: Rough Skin|[of] p2b: Garchomp\n|faint|p2b: Garchomp\n|\n|-fieldend|move: Trick Room\n|upkeep\n|\n|t:|1776259180\n|switch|p2b: Incineroar|Incineroar, L50, M|23/100\n|-ability|p2b: Incineroar|Intimidate|boost\n|-unboost|p1b: Incineroar|atk|1\n|turn|12\n|\n|t:|1776259186\n|move|p2b: Incineroar|Fake Out|p1b: Incineroar\n|-damage|p1b: Incineroar|12/100\n|move|p2a: Rotom|Volt Switch|p1b: Incineroar\n|-damage|p1b: Incineroar|0 fnt\n|faint|p1b: Incineroar\n|\n|win|ImYoou\n|raw|randomn1ck's rating: 1295 &rarr; <strong>1264</strong><br />(-31 for losing)\n|raw|ImYoou's rating: 1204 &rarr; <strong>1235</strong><br />(+31 for winning)\n",
  "uploadtime": 1776259187,
  "views": 29,
  "formatid": "gen9championsvgc2026regma",
  "rating": 1235,
  "private": 0,
  "password": null
}