{
  "id": "gen9championsvgc2026regma-2584403465",
  "format": "[Gen 9 Champions] VGC 2026 Reg M-A",
  "players": [
    "paul kalkbrenner",
    "Murphy's kitchen"
  ],
  "log": "|j|\u2606paul kalkbrenner\n|j|\u2606Murphy's kitchen\n|t:|1776258360\n|gametype|doubles\n|player|p1|paul kalkbrenner|170|1183\n|player|p2|Murphy's kitchen|102|1212\n|gen|9\n|tier|[Gen 9 Champions] VGC 2026 Reg M-A\n|rated|\n|rule|Species Clause: Limit one of each Pok\u00e9mon\n|rule|Item Clause: Limit 1 of each item\n|clearpoke\n|poke|p1|Kingambit, L50, M|\n|poke|p1|Farigiraf, L50, F|\n|poke|p1|Blastoise, L50, M|\n|poke|p1|Archaludon, L50, F|\n|poke|p1|Pelipper, L50, F|\n|poke|p1|Gardevoir, L50, F|\n|poke|p2|Ninetales-Alola, L50, M|\n|poke|p2|Glimmora, L50, M|\n|poke|p2|Aegislash, L50, M|\n|poke|p2|Gyarados, L50, F|\n|poke|p2|Kommo-o, L50, F|\n|poke|p2|Scovillain, L50, F|\n|teampreview|4\n|j| Distress Signal 8!\n|\n|t:|1776258394\n|teamsize|p1|4\n|teamsize|p2|4\n|start\n|switch|p1a: Blastoise|Blastoise, L50, M|100/100\n|switch|p1b: Gardevoir|Gardevoir, L50, F|100/100\n|switch|p2a: Glimmora|Glimmora, L50, M|100/100\n|switch|p2b: Aegislash|Aegislash, L50, M|100/100\n|-ability|p1b: Gardevoir|Toxic Debris|Trace|[from] ability: Trace|[of] p2a: Glimmora\n|turn|1\n|\n|t:|1776258422\n|detailschange|p1b: Gardevoir|Gardevoir-Mega, L50, F\n|-mega|p1b: Gardevoir|Gardevoir|Gardevoirite\n|move|p1a: Blastoise|Fake Out|p2a: Glimmora\n|-resisted|p2a: Glimmora|1\n|-damage|p2a: Glimmora|95/100\n|-activate|p2a: Glimmora|ability: Toxic Debris\n|-sidestart|p1: paul kalkbrenner|move: Toxic Spikes\n|cant|p2a: Glimmora|flinch\n|-formechange|p2b: Aegislash|Aegislash-Blade|\n|move|p2b: Aegislash|Poltergeist|p1b: Gardevoir\n|-activate|p1b: Gardevoir|move: Poltergeist|Gardevoirite\n|-supereffective|p1b: Gardevoir|1\n|-damage|p1b: Gardevoir|0 fnt\n|faint|p1b: Gardevoir\n|\n|upkeep\n|\n|t:|1776258428\n|switch|p1b: Pelipper|Pelipper, L50, F|100/100\n|-weather|RainDance|[from] ability: Drizzle|[of] p1b: Pelipper\n|turn|2\n|\n|t:|1776258454\n|-formechange|p2b: Aegislash|Aegislash|\n|move|p2b: Aegislash|King's Shield|p2b: Aegislash\n|-singleturn|p2b: Aegislash|Protect\n|move|p2a: Glimmora|Power Gem|p1b: Pelipper\n|-supereffective|p1b: Pelipper|1\n|-enditem|p1b: Pelipper|Focus Sash\n|-damage|p1b: Pelipper|1/100\n|move|p1a: Blastoise|Water Spout|p2a: Glimmora|[spread] p2a\n|-activate|p2b: Aegislash|move: Protect\n|-supereffective|p2a: Glimmora|1\n|-damage|p2a: Glimmora|0 fnt\n|faint|p2a: Glimmora\n|move|p1b: Pelipper|Tailwind|p1b: Pelipper\n|-sidestart|p1: paul kalkbrenner|move: Tailwind\n|\n|-weather|RainDance|[upkeep]\n|upkeep\n|\n|t:|1776258473\n|switch|p2a: Kommo-o|Kommo-o, L50, F|100/100\n|turn|3\n|\n|t:|1776258490\n|-formechange|p2b: Aegislash|Aegislash-Blade|\n|move|p2b: Aegislash|Shadow Sneak|p1b: Pelipper\n|-damage|p1b: Pelipper|0 fnt\n|faint|p1b: Pelipper\n|move|p1a: Blastoise|Ice Beam|p2a: Kommo-o\n|-supereffective|p2a: Kommo-o|1\n|-damage|p2a: Kommo-o|43/100\n|move|p2a: Kommo-o|Clangorous Soul|p2a: Kommo-o\n|-boost|p2a: Kommo-o|atk|1\n|-boost|p2a: Kommo-o|def|1\n|-boost|p2a: Kommo-o|spa|1\n|-boost|p2a: Kommo-o|spd|1\n|-boost|p2a: Kommo-o|spe|1\n|-damage|p2a: Kommo-o|10/100\n|\n|-weather|RainDance|[upkeep]\n|-heal|p2a: Kommo-o|16/100|[from] item: Leftovers\n|upkeep\n|\n|t:|1776258494\n|switch|p1b: Archaludon|Archaludon, L50, F|100/100\n|turn|4\n|\n|t:|1776258530\n|move|p2a: Kommo-o|Protect|p2a: Kommo-o\n|-singleturn|p2a: Kommo-o|Protect\n|move|p2b: Aegislash|Shadow Sneak|p1a: Blastoise\n|-damage|p1a: Blastoise|76/100\n|move|p1b: Archaludon|Electro Shot||[still]\n|-prepare|p1b: Archaludon|Electro Shot\n|-boost|p1b: Archaludon|spa|1\n|-anim|p1b: Archaludon|Electro Shot|p2a: Kommo-o\n|-activate|p2a: Kommo-o|move: Protect\n|move|p1a: Blastoise|Water Spout|p2a: Kommo-o|[spread] p2b\n|-activate|p2a: Kommo-o|move: Protect\n|-damage|p2b: Aegislash|0 fnt\n|faint|p2b: Aegislash\n|\n|-weather|RainDance|[upkeep]\n|-heal|p2a: Kommo-o|22/100|[from] item: Leftovers\n|upkeep\n|\n|t:|1776258548\n|switch|p2b: Scovillain|Scovillain, L50, F|100/100\n|turn|5\n|\n|t:|1776258556\n|detailschange|p2b: Scovillain|Scovillain-Mega, L50, F\n|-mega|p2b: Scovillain|Scovillain|Scovillainite\n|move|p2b: Scovillain|Rage Powder|p2b: Scovillain\n|-singleturn|p2b: Scovillain|move: Rage Powder\n|move|p2a: Kommo-o|Clanging Scales|p1a: Blastoise|[spread] p1a,p1b\n|-crit|p1b: Archaludon\n|-damage|p1a: Blastoise|26/100\n|-damage|p1b: Archaludon|6/100\n|-ability|p1b: Archaludon|Stamina|boost\n|-boost|p1b: Archaludon|def|1\n|-unboost|p2a: Kommo-o|def|1\n|move|p1b: Archaludon|Electro Shot||[still]\n|-prepare|p1b: Archaludon|Electro Shot\n|-boost|p1b: Archaludon|spa|1\n|-anim|p1b: Archaludon|Electro Shot|p2b: Scovillain\n|-resisted|p2b: Scovillain|1\n|-damage|p2b: Scovillain|48/100\n|-status|p1b: Archaludon|brn|[from] ability: Spicy Spray|[of] p2b: Scovillain\n|move|p1a: Blastoise|Water Spout|p2a: Kommo-o|[spread] p2a,p2b\n|-resisted|p2a: Kommo-o|1\n|-damage|p2a: Kommo-o|12/100\n|-damage|p2b: Scovillain|14/100\n|-status|p1a: Blastoise|brn|[from] ability: Spicy Spray|[of] p2b: Scovillain\n|\n|-weather|RainDance|[upkeep]\n|-heal|p2a: Kommo-o|18/100|[from] item: Leftovers\n|-heal|p1b: Archaludon|12/100 brn|[from] item: Leftovers\n|-damage|p1b: Archaludon|6/100 brn|[from] brn\n|-damage|p1a: Blastoise|20/100 brn|[from] brn\n|-sideend|p1: paul kalkbrenner|move: Tailwind\n|upkeep\n|turn|6\n|\n|t:|1776258593\n|move|p2b: Scovillain|Rage Powder|p2b: Scovillain\n|-singleturn|p2b: Scovillain|move: Rage Powder\n|move|p2a: Kommo-o|Clanging Scales|p1b: Archaludon|[spread] p1a,p1b\n|-damage|p1a: Blastoise|0 fnt\n|-damage|p1b: Archaludon|0 fnt\n|faint|p1a: Blastoise\n|faint|p1b: Archaludon\n|\n|win|Murphy's kitchen\n|raw|paul kalkbrenner's rating: 1183 &rarr; <strong>1160</strong><br />(-23 for losing)\n|raw|Murphy&apos;s kitchen's rating: 1212 &rarr; <strong>1235</strong><br />(+23 for winning)\n",
  "uploadtime": 1776258602,
  "views": 32,
  "formatid": "gen9championsvgc2026regma",
  "rating": 1160,
  "private": 0,
  "password": null
}