{
  "id": "gen9championsvgc2026regma-2583541431",
  "format": "[Gen 9 Champions] VGC 2026 Reg M-A",
  "players": [
    "NitocrisAnub",
    "Kraken1VGC"
  ],
  "log": "|j|\u2606NitocrisAnub\n|j|\u203dKraken1VGC\n|t:|1776182169\n|gametype|doubles\n|player|p1|NitocrisAnub|dahlia|1057\n|player|p2|Kraken1VGC|ingo|1078\n|gen|9\n|tier|[Gen 9 Champions] VGC 2026 Reg M-A\n|rated|\n|rule|Species Clause: Limit one of each Pok\u00e9mon\n|rule|Item Clause: Limit 1 of each item\n|clearpoke\n|poke|p1|Glimmora, L50, F|\n|poke|p1|Rotom-Wash, L50|\n|poke|p1|Sneasler, L50, F|\n|poke|p1|Whimsicott, L50, F|\n|poke|p1|Dragapult, L50, F|\n|poke|p1|Incineroar, L50, F|\n|poke|p2|Delphox, L50, F|\n|poke|p2|Samurott-Hisui, L50, F|\n|poke|p2|Whimsicott, L50, M|\n|poke|p2|Sneasler, L50, M|\n|poke|p2|Aggron, L50, F|\n|poke|p2|Hydreigon, L50, M|\n|teampreview|4\n|\n|t:|1776182212\n|teamsize|p1|4\n|teamsize|p2|4\n|start\n|switch|p1a: Glimmora|Glimmora, L50, F, shiny|100/100\n|switch|p1b: Whimsicott|Whimsicott, L50, F|100/100\n|switch|p2a: Delphox|Delphox, L50, F|100/100\n|switch|p2b: Sneasler|Sneasler, L50, M|100/100\n|turn|1\n|inactive|Battle timer is ON: inactive players will automatically lose when time's up. (requested by NitocrisAnub)\n|\n|t:|1776182234\n|detailschange|p2a: Delphox|Delphox-Mega, L50, F\n|-mega|p2a: Delphox|Delphox|Delphoxite\n|detailschange|p1a: Glimmora|Glimmora-Mega, L50, F, shiny\n|-mega|p1a: Glimmora|Glimmora|Glimmoranite\n|move|p1a: Glimmora|Spiky Shield|p1a: Glimmora\n|-singleturn|p1a: Glimmora|move: Protect\n|move|p2b: Sneasler|Fake Out|p1b: Whimsicott\n|-damage|p1b: Whimsicott|87/100\n|cant|p1b: Whimsicott|flinch\n|move|p2a: Delphox|Heat Wave|p1b: Whimsicott|[spread] \n|-activate|p1a: Glimmora|move: Protect\n|-miss|p2a: Delphox|p1b: Whimsicott\n|\n|upkeep\n|turn|2\n|inactive|NitocrisAnub has 30 seconds left.\n|\n|t:|1776182267\n|move|p1b: Whimsicott|Helping Hand|p1a: Glimmora\n|-singleturn|p1a: Glimmora|Helping Hand|[of] p1b: Whimsicott\n|move|p2a: Delphox|Protect|p2a: Delphox\n|-singleturn|p2a: Delphox|Protect\n|move|p2b: Sneasler|Dire Claw|p1b: Whimsicott\n|-supereffective|p1b: Whimsicott|2\n|-crit|p1b: Whimsicott\n|-damage|p1b: Whimsicott|0 fnt\n|faint|p1b: Whimsicott\n|move|p1a: Glimmora|Power Gem|p2a: Delphox\n|-activate|p2a: Delphox|move: Protect\n|\n|upkeep\n|\n|t:|1776182276\n|switch|p1b: Rotom|Rotom-Wash, L50|100/100\n|turn|3\n|\n|t:|1776182287\n|move|p1a: Glimmora|Spiky Shield|p1a: Glimmora\n|-singleturn|p1a: Glimmora|move: Protect\n|move|p2a: Delphox|Psychic|p1a: Glimmora\n|-activate|p1a: Glimmora|move: Protect\n|move|p2b: Sneasler|Close Combat|p1b: Rotom\n|-damage|p1b: Rotom|28/100\n|-unboost|p2b: Sneasler|def|1\n|-unboost|p2b: Sneasler|spd|1\n|-enditem|p1b: Rotom|Sitrus Berry|[eat]\n|-heal|p1b: Rotom|53/100|[from] item: Sitrus Berry\n|-enditem|p2b: Sneasler|White Herb\n|-clearnegativeboost|p2b: Sneasler|[silent]\n|move|p1b: Rotom|Hydro Pump|p2a: Delphox\n|-supereffective|p2a: Delphox|1\n|-damage|p2a: Delphox|3/100\n|\n|upkeep\n|turn|4\n|inactive|Kraken1VGC has 30 seconds left.\n|\n|t:|1776182317\n|switch|p1a: Incineroar|Incineroar, L50, F|100/100\n|-ability|p1a: Incineroar|Intimidate|boost\n|-unboost|p2a: Delphox|atk|1\n|-unboost|p2b: Sneasler|atk|1\n|move|p1b: Rotom|Protect|p1b: Rotom\n|-singleturn|p1b: Rotom|Protect\n|move|p2b: Sneasler|Close Combat|p1b: Rotom\n|-activate|p1b: Rotom|move: Protect\n|move|p2a: Delphox|Psychic|p1a: Incineroar\n|-immune|p1a: Incineroar\n|\n|upkeep\n|turn|5\n|\n|t:|1776182338\n|switch|p2b: Whimsicott|Whimsicott, L50, M|100/100\n|move|p2a: Delphox|Protect|p2a: Delphox\n|-singleturn|p2a: Delphox|Protect\n|move|p1a: Incineroar|Fake Out|p2b: Whimsicott\n|-damage|p2b: Whimsicott|85/100\n|move|p1b: Rotom|Hydro Pump|p2b: Whimsicott|[miss]\n|-miss|p1b: Rotom|p2b: Whimsicott\n|\n|upkeep\n|turn|6\n|\n|t:|1776182360\n|switch|p2a: Sneasler|Sneasler, L50, M|100/100\n|move|p1b: Rotom|Protect|p1b: Rotom\n|-singleturn|p1b: Rotom|Protect\n|move|p2b: Whimsicott|Moonblast|p1b: Rotom\n|-activate|p1b: Rotom|move: Protect\n|move|p1a: Incineroar|Parting Shot|p2a: Sneasler\n|-unboost|p2a: Sneasler|atk|1\n|-unboost|p2a: Sneasler|spa|1\n|\n|t:|1776182372\n|switch|p1a: Glimmora|Glimmora-Mega, L50, F, shiny|100/100|[from] Parting Shot\n|\n|upkeep\n|turn|7\n|\n|t:|1776182382\n|move|p1a: Glimmora|Spiky Shield|p1a: Glimmora\n|-singleturn|p1a: Glimmora|move: Protect\n|move|p2a: Sneasler|Fake Out|p1a: Glimmora\n|-activate|p1a: Glimmora|move: Protect\n|-damage|p2a: Sneasler|88/100|[from] Spiky Shield|[of] p1a: Glimmora\n|move|p2b: Whimsicott|Encore|p1b: Rotom\n|-start|p1b: Rotom|Encore\n|move|p1b: Rotom|Protect||[still]\n|-fail|p1b: Rotom\n|\n|upkeep\n|turn|8\n|inactive|Kraken1VGC has 30 seconds left.\n|\n|t:|1776182418\n|switch|p1b: Incineroar|Incineroar, L50, F|100/100\n|-ability|p1b: Incineroar|Intimidate|boost\n|-unboost|p2a: Sneasler|atk|1\n|-unboost|p2b: Whimsicott|atk|1\n|move|p2b: Whimsicott|Encore|p1a: Glimmora\n|-start|p1a: Glimmora|Encore\n|move|p1a: Glimmora|Spiky Shield||[still]\n|-fail|p1a: Glimmora\n|move|p2a: Sneasler|Close Combat|p1b: Incineroar\n|-supereffective|p1b: Incineroar|1\n|-enditem|p1b: Incineroar|Chople Berry|[eat]\n|-enditem|p1b: Incineroar|Chople Berry|[weaken]\n|-damage|p1b: Incineroar|68/100\n|-unboost|p2a: Sneasler|def|1\n|-unboost|p2a: Sneasler|spd|1\n|\n|upkeep\n|turn|9\n|inactive|NitocrisAnub has 30 seconds left.\n|\n|t:|1776182451\n|switch|p2a: Samurott|Samurott-Hisui, L50, F|100/100\n|switch|p1a: Rotom|Rotom-Wash, L50|53/100\n|move|p2b: Whimsicott|Moonblast|p1b: Incineroar\n|-damage|p1b: Incineroar|31/100\n|move|p1b: Incineroar|Flare Blitz|p2a: Samurott\n|-resisted|p2a: Samurott|1\n|-damage|p2a: Samurott|72/100\n|-damage|p1b: Incineroar|22/100|[from] Recoil\n|\n|upkeep\n|turn|10\n|\n|t:|1776182467\n|switch|p1b: Glimmora|Glimmora-Mega, L50, F, shiny|100/100\n|move|p2b: Whimsicott|Tailwind|p2b: Whimsicott\n|-sidestart|p2: Kraken1VGC|move: Tailwind\n|move|p2a: Samurott|Flip Turn|p1b: Glimmora\n|-supereffective|p1b: Glimmora|1\n|-damage|p1b: Glimmora|43/100\n|\n|t:|1776182475\n|switch|p2a: Sneasler|Sneasler, L50, M|88/100|[from] Flip Turn\n|move|p1a: Rotom|Thunderbolt|p2a: Sneasler\n|-damage|p2a: Sneasler|32/100\n|\n|upkeep\n|turn|11\n|\n|t:|1776182489\n|move|p1b: Glimmora|Spiky Shield|p1b: Glimmora\n|-singleturn|p1b: Glimmora|move: Protect\n|move|p2a: Sneasler|Fake Out|p1a: Rotom\n|-damage|p1a: Rotom|36/100\n|move|p2b: Whimsicott|Taunt|p1b: Glimmora\n|-activate|p1b: Glimmora|move: Protect\n|cant|p1a: Rotom|flinch\n|\n|upkeep\n|turn|12\n|inactive|NitocrisAnub has 30 seconds left.\n|inactive|NitocrisAnub has 20 seconds left.\n|\n|t:|1776182525\n|move|p2a: Sneasler|Close Combat|p1b: Glimmora\n|-damage|p1b: Glimmora|0 fnt\n|-unboost|p2a: Sneasler|def|1\n|-unboost|p2a: Sneasler|spd|1\n|faint|p1b: Glimmora\n|move|p2b: Whimsicott|Moonblast|p1a: Rotom\n|-damage|p1a: Rotom|0 fnt\n|faint|p1a: Rotom\n|\n|upkeep\n|-message|NitocrisAnub forfeited.\n|\n|win|Kraken1VGC\n|raw|NitocrisAnub's rating: 1057 &rarr; <strong>1040</strong><br />(-17 for losing)\n|raw|Kraken1VGC's rating: 1078 &rarr; <strong>1105</strong><br />(+27 for winning)\n|l|\u2606NitocrisAnub\n|player|p1|\n",
  "uploadtime": 1776182539,
  "views": 14,
  "formatid": "gen9championsvgc2026regma",
  "rating": 1040,
  "private": 0,
  "password": null
}