{
  "id": "gen9championsvgc2026regma-2585614230",
  "format": "[Gen 9 Champions] VGC 2026 Reg M-A",
  "players": [
    "Maddog6464",
    "Kondroid"
  ],
  "log": "|j|\u203dMaddog6464\n|j|\u2606Kondroid\n|t:|1776358978\n|gametype|doubles\n|player|p1|Maddog6464|pokemaniac|1062\n|player|p2|Kondroid|hilbert-wonderlauncher|1088\n|gen|9\n|tier|[Gen 9 Champions] VGC 2026 Reg M-A\n|rated|\n|rule|Species Clause: Limit one of each Pok\u00e9mon\n|rule|Item Clause: Limit 1 of each item\n|clearpoke\n|poke|p1|Froslass, L50, F|\n|poke|p1|Vanilluxe, L50, F|\n|poke|p1|Tauros-Paldea-Aqua, L50, M|\n|poke|p1|Mimikyu, L50, M|\n|poke|p1|Hawlucha, L50, M|\n|poke|p1|Orthworm, L50, M|\n|poke|p2|Glimmora, L50, F|\n|poke|p2|Tinkaton, L50, F|\n|poke|p2|Orthworm, L50, M|\n|poke|p2|Hydreigon, L50, M|\n|poke|p2|Farigiraf, L50, F|\n|poke|p2|Aerodactyl, L50, F|\n|teampreview|4\n|inactive|Battle timer is ON: inactive players will automatically lose when time's up. (requested by Kondroid)\n|\n|t:|1776359004\n|teamsize|p1|4\n|teamsize|p2|4\n|start\n|switch|p1a: Tauros|Tauros-Paldea-Aqua, L50, M|100/100\n|switch|p1b: Hawlucha|Hawlucha, L50, M|100/100\n|switch|p2a: Tinkaton|Tinkaton, L50, F, shiny|100/100\n|switch|p2b: Orthworm|Orthworm, L50, M, shiny|100/100\n|-ability|p1a: Tauros|Intimidate|boost\n|-fail|p2a: Tinkaton|unboost|Attack|[from] ability: Own Tempo|[of] p2a: Tinkaton\n|-unboost|p2b: Orthworm|atk|1\n|-ability|p1b: Hawlucha|Mold Breaker\n|turn|1\n|inactive|Maddog6464 has 30 seconds left.\n|inactive|Kondroid has 30 seconds left.\n|\n|t:|1776359041\n|detailschange|p1b: Hawlucha|Hawlucha-Mega, L50, M\n|-mega|p1b: Hawlucha|Hawlucha|Hawluchanite\n|move|p2a: Tinkaton|Fake Out|p1b: Hawlucha\n|-damage|p1b: Hawlucha|93/100\n|move|p1a: Tauros|Earthquake|p2b: Orthworm|[spread] p2a\n|-immune|p2b: Orthworm|[from] ability: Earth Eater\n|-immune|p1b: Hawlucha\n|-supereffective|p2a: Tinkaton|1\n|-damage|p2a: Tinkaton|62/100\n|cant|p1b: Hawlucha|flinch\n|move|p2b: Orthworm|Shed Tail|p2b: Orthworm\n|-start|p2b: Orthworm|Substitute|[from] move: Shed Tail\n|-damage|p2b: Orthworm|50/100\n|-enditem|p2b: Orthworm|Sitrus Berry|[eat]\n|-heal|p2b: Orthworm|75/100|[from] item: Sitrus Berry\n|\n|t:|1776359058\n|switch|p2b: Glimmora|Glimmora, L50, F, shiny|100/100|[from] Shed Tail\n|\n|upkeep\n|turn|2\n|\n|t:|1776359078\n|switch|p1b: Vanilluxe|Vanilluxe, L50, F|100/100\n|-weather|Snowscape|[from] ability: Snow Warning|[of] p1b: Vanilluxe\n|detailschange|p2b: Glimmora|Glimmora-Mega, L50, F, shiny\n|-mega|p2b: Glimmora|Glimmora|Glimmoranite\n|move|p2a: Tinkaton|Helping Hand|p2b: Glimmora\n|-singleturn|p2b: Glimmora|Helping Hand|[of] p2a: Tinkaton\n|move|p1a: Tauros|Earthquake|p2b: Glimmora|[spread] p1b,p2a,p2b\n|-supereffective|p2b: Glimmora|2\n|-end|p2b: Glimmora|Substitute\n|-supereffective|p2a: Tinkaton|1\n|-damage|p1b: Vanilluxe|83/100\n|-damage|p2a: Tinkaton|19/100\n|move|p2b: Glimmora|Power Gem|p1b: Vanilluxe\n|-supereffective|p1b: Vanilluxe|1\n|-damage|p1b: Vanilluxe|0 fnt\n|faint|p1b: Vanilluxe\n|\n|-weather|Snowscape|[upkeep]\n|upkeep\n|\n|t:|1776359094\n|switch|p1b: Hawlucha|Hawlucha-Mega, L50, M|93/100\n|turn|3\n|\n|t:|1776359110\n|move|p1b: Hawlucha|Protect|p1b: Hawlucha\n|-singleturn|p1b: Hawlucha|Protect\n|move|p2b: Glimmora|Spiky Shield|p2b: Glimmora\n|-singleturn|p2b: Glimmora|move: Protect\n|move|p1a: Tauros|Earthquake|p2b: Glimmora|[spread] p2a\n|-activate|p1b: Hawlucha|move: Protect\n|-activate|p2b: Glimmora|move: Protect\n|-supereffective|p2a: Tinkaton|1\n|-damage|p2a: Tinkaton|0 fnt\n|faint|p2a: Tinkaton\n|\n|-weather|Snowscape|[upkeep]\n|upkeep\n|\n|t:|1776359113\n|switch|p2a: Aerodactyl|Aerodactyl, L50, F|100/100\n|-ability|p2a: Aerodactyl|Unnerve\n|turn|4\n|\n|t:|1776359130\n|move|p1a: Tauros|Earthquake|p2b: Glimmora|[spread] p2b\n|-immune|p1b: Hawlucha\n|-immune|p2a: Aerodactyl\n|-supereffective|p2b: Glimmora|2\n|-damage|p2b: Glimmora|0 fnt\n|faint|p2b: Glimmora\n|move|p2a: Aerodactyl|Tailwind|p2a: Aerodactyl\n|-sidestart|p2: Kondroid|move: Tailwind\n|move|p1b: Hawlucha|Flying Press|p2a: Aerodactyl\n|-resisted|p2a: Aerodactyl|1\n|-crit|p2a: Aerodactyl\n|-damage|p2a: Aerodactyl|49/100\n|\n|-weather|Snowscape|[upkeep]\n|upkeep\n|\n|t:|1776359142\n|switch|p2b: Orthworm|Orthworm, L50, M, shiny|75/100\n|turn|5\n|inactive|Maddog6464 has 30 seconds left.\n|inactive|Maddog6464 has 20 seconds left.\n|inactive|Maddog6464 has 15 seconds left.\n|inactive|Maddog6464 has 10 seconds left.\n|inactive|Maddog6464 has 5 seconds left.\n|\n|t:|1776359197\n|move|p2a: Aerodactyl|Dual Wingbeat|p1b: Hawlucha\n|-supereffective|p1b: Hawlucha|1\n|-damage|p1b: Hawlucha|60/100\n|-supereffective|p1b: Hawlucha|1\n|-damage|p1b: Hawlucha|26/100\n|-hitcount|p1b: Hawlucha|2\n|move|p1a: Tauros|Earthquake|p2b: Orthworm|[spread] \n|-heal|p2b: Orthworm|99/100|[from] ability: Earth Eater|[of] p1a: Tauros\n|-immune|p1b: Hawlucha\n|-immune|p2a: Aerodactyl\n|move|p1b: Hawlucha|Entrainment|p2a: Aerodactyl\n|-ability|p2a: Aerodactyl|No Guard|Unnerve|[from] move: Entrainment|[of] p1b: Hawlucha\n|move|p2b: Orthworm|Heavy Slam|p1b: Hawlucha\n|-damage|p1b: Hawlucha|0 fnt\n|faint|p1b: Hawlucha\n|\n|-weather|Snowscape|[upkeep]\n|upkeep\n|\n|t:|1776359214\n|switch|p1b: Froslass|Froslass, L50, F, shiny|100/100\n|turn|6\n|\n|t:|1776359233\n|move|p2a: Aerodactyl|Rock Slide|p1a: Tauros|[spread] p1a,p1b\n|-resisted|p1a: Tauros|1\n|-supereffective|p1b: Froslass|1\n|-damage|p1a: Tauros|90/100\n|-damage|p1b: Froslass|55/100\n|move|p1a: Tauros|Earthquake|p2a: Aerodactyl|[spread] p1b\n|-heal|p2b: Orthworm|100/100|[from] ability: Earth Eater|[of] p1a: Tauros\n|-immune|p2a: Aerodactyl\n|-damage|p1b: Froslass|30/100\n|move|p1b: Froslass|Blizzard|p2b: Orthworm|[spread] p2a,p2b\n|-supereffective|p2a: Aerodactyl|1\n|-resisted|p2b: Orthworm|1\n|-damage|p2a: Aerodactyl|0 fnt\n|-damage|p2b: Orthworm|83/100\n|faint|p2a: Aerodactyl\n|move|p2b: Orthworm|Heavy Slam|p1b: Froslass\n|-supereffective|p1b: Froslass|1\n|-damage|p1b: Froslass|0 fnt\n|-start|p2b: Orthworm|Disable|Heavy Slam|[from] ability: Cursed Body|[of] p1b: Froslass\n|faint|p1b: Froslass\n|\n|-weather|none\n|upkeep\n|turn|7\n|\n|t:|1776359252\n|move|p1a: Tauros|Earthquake|p2b: Orthworm\n|-heal|p2b: Orthworm|100/100|[from] ability: Earth Eater|[of] p1a: Tauros\n|move|p2b: Orthworm|Body Press|p1a: Tauros\n|-damage|p1a: Tauros|61/100\n|\n|-sideend|p2: Kondroid|move: Tailwind\n|upkeep\n|turn|8\n|\n|t:|1776359259\n|move|p1a: Tauros|Earthquake|p2b: Orthworm\n|-immune|p2b: Orthworm|[from] ability: Earth Eater\n|move|p2b: Orthworm|Body Press|p1a: Tauros\n|-damage|p1a: Tauros|30/100\n|\n|upkeep\n|turn|9\n|\n|t:|1776359262\n|move|p1a: Tauros|Earthquake|p2b: Orthworm\n|-immune|p2b: Orthworm|[from] ability: Earth Eater\n|move|p2b: Orthworm|Body Press|p1a: Tauros\n|-damage|p1a: Tauros|1/100\n|\n|-end|p2b: Orthworm|Disable\n|upkeep\n|turn|10\n|\n|t:|1776359265\n|move|p1a: Tauros|Earthquake|p2b: Orthworm\n|-immune|p2b: Orthworm|[from] ability: Earth Eater\n|move|p2b: Orthworm|Body Press|p1a: Tauros\n|-damage|p1a: Tauros|0 fnt\n|faint|p1a: Tauros\n|\n|win|Kondroid\n|raw|Maddog6464's rating: 1062 &rarr; <strong>1044</strong><br />(-18 for losing)\n|raw|Kondroid's rating: 1088 &rarr; <strong>1113</strong><br />(+25 for winning)\n|l|\u203dMaddog6464\n|player|p1|\n|c|\u2606Kondroid|gg\n",
  "uploadtime": 1776359275,
  "views": 23,
  "formatid": "gen9championsvgc2026regma",
  "rating": 1044,
  "private": 0,
  "password": null
}