{
  "id": "gen9championsvgc2026regma-2586878202",
  "format": "[Gen 9 Champions] VGC 2026 Reg M-A",
  "players": [
    "UtterlyIncapable",
    "Hunterist"
  ],
  "log": "|j|\u2606UtterlyIncapable\n|j|\u2606Hunterist\n|t:|1776467801\n|gametype|doubles\n|player|p1|UtterlyIncapable|firebreather|1101\n|player|p2|Hunterist|265|1032\n|gen|9\n|tier|[Gen 9 Champions] VGC 2026 Reg M-A\n|rated|\n|rule|Species Clause: Limit one of each Pok\u00e9mon\n|rule|Item Clause: Limit 1 of each item\n|clearpoke\n|poke|p1|Zoroark-Hisui, L50, M|\n|poke|p1|Whimsicott, L50, M|\n|poke|p1|Garchomp, L50, M|\n|poke|p1|Glimmora, L50, M|\n|poke|p1|Corviknight, L50, F|\n|poke|p1|Aegislash, L50, F|\n|poke|p2|Aegislash, L50, F|\n|poke|p2|Charizard, L50, M|\n|poke|p2|Whimsicott, L50, M|\n|poke|p2|Gyarados, L50, F|\n|poke|p2|Garchomp, L50, F|\n|poke|p2|Lucario, L50, F|\n|teampreview|4\n|\n|t:|1776467886\n|teamsize|p1|4\n|teamsize|p2|4\n|start\n|switch|p1a: Glimmora|Glimmora, L50, M|100/100\n|switch|p1b: Whimsicott|Whimsicott, L50, M|100/100\n|switch|p2a: Whimsicott|Whimsicott, L50, M|100/100\n|switch|p2b: Gyarados|Gyarados, L50, F|100/100\n|-ability|p2b: Gyarados|Intimidate|boost\n|-unboost|p1a: Glimmora|atk|1\n|-unboost|p1b: Whimsicott|atk|1\n|turn|1\n|\n|t:|1776467928\n|move|p2b: Gyarados|Protect|p2b: Gyarados\n|-singleturn|p2b: Gyarados|Protect\n|move|p1b: Whimsicott|Tailwind|p1b: Whimsicott\n|-sidestart|p1: UtterlyIncapable|move: Tailwind\n|move|p2a: Whimsicott|Tailwind|p2a: Whimsicott\n|-sidestart|p2: Hunterist|move: Tailwind\n|move|p1a: Glimmora|Sludge Bomb|p2a: Whimsicott\n|-supereffective|p2a: Whimsicott|2\n|-enditem|p2a: Whimsicott|Focus Sash\n|-damage|p2a: Whimsicott|1/100\n|\n|upkeep\n|turn|2\n|\n|t:|1776467957\n|switch|p2b: Lucario|Lucario, L50, F|100/100\n|move|p1b: Whimsicott|Encore||[still]\n|-fail|p1b: Whimsicott\n|move|p2a: Whimsicott|Encore||[still]\n|-fail|p2a: Whimsicott\n|move|p1a: Glimmora|Power Gem|p2a: Whimsicott\n|-damage|p2a: Whimsicott|0 fnt\n|faint|p2a: Whimsicott\n|\n|upkeep\n|\n|t:|1776467979\n|switch|p2a: Charizard|Charizard, L50, M|100/100\n|turn|3\n|\n|t:|1776468016\n|detailschange|p2a: Charizard|Charizard-Mega-Y, L50, M\n|-mega|p2a: Charizard|Charizard|Charizardite Y\n|-weather|SunnyDay|[from] ability: Drought|[of] p2a: Charizard\n|move|p1b: Whimsicott|Protect|p1b: Whimsicott\n|-singleturn|p1b: Whimsicott|Protect\n|move|p2a: Charizard|Protect|p2a: Charizard\n|-singleturn|p2a: Charizard|Protect\n|move|p1a: Glimmora|Spiky Shield|p1a: Glimmora\n|-singleturn|p1a: Glimmora|move: Protect\n|move|p2b: Lucario|Calm Mind|p2b: Lucario\n|-boost|p2b: Lucario|spa|1\n|-boost|p2b: Lucario|spd|1\n|\n|-weather|SunnyDay|[upkeep]\n|upkeep\n|turn|4\n|\n|t:|1776468039\n|detailschange|p1a: Glimmora|Glimmora-Mega, L50, M\n|-mega|p1a: Glimmora|Glimmora|Glimmoranite\n|move|p1b: Whimsicott|Encore|p2b: Lucario\n|-start|p2b: Lucario|Encore\n|move|p1a: Glimmora|Power Gem|p2a: Charizard\n|-supereffective|p2a: Charizard|2\n|-damage|p2a: Charizard|0 fnt\n|faint|p2a: Charizard\n|move|p2b: Lucario|Calm Mind|p2b: Lucario\n|-boost|p2b: Lucario|spa|1\n|-boost|p2b: Lucario|spd|1\n|\n|-weather|SunnyDay|[upkeep]\n|-sideend|p2: Hunterist|move: Tailwind\n|-sideend|p1: UtterlyIncapable|move: Tailwind\n|upkeep\n|\n|t:|1776468050\n|switch|p2a: Gyarados|Gyarados, L50, F|100/100\n|-ability|p2a: Gyarados|Intimidate|boost\n|-unboost|p1a: Glimmora|atk|1\n|-unboost|p1b: Whimsicott|atk|1\n|turn|5\n|\n|t:|1776468069\n|move|p2a: Gyarados|Protect|p2a: Gyarados\n|-singleturn|p2a: Gyarados|Protect\n|move|p1b: Whimsicott|Tailwind|p1b: Whimsicott\n|-sidestart|p1: UtterlyIncapable|move: Tailwind\n|move|p1a: Glimmora|Power Gem|p2a: Gyarados\n|-activate|p2a: Gyarados|move: Protect\n|move|p2b: Lucario|Calm Mind|p2b: Lucario\n|-boost|p2b: Lucario|spa|1\n|-boost|p2b: Lucario|spd|1\n|\n|-weather|SunnyDay|[upkeep]\n|upkeep\n|turn|6\n|\n|t:|1776468084\n|move|p2a: Gyarados|Protect||[still]\n|-fail|p2a: Gyarados\n|move|p1b: Whimsicott|Moonblast|p2a: Gyarados\n|-damage|p2a: Gyarados|72/100\n|move|p1a: Glimmora|Power Gem|p2a: Gyarados\n|-supereffective|p2a: Gyarados|1\n|-damage|p2a: Gyarados|0 fnt\n|faint|p2a: Gyarados\n|move|p2b: Lucario|Calm Mind|p2b: Lucario\n|-boost|p2b: Lucario|spa|1\n|-boost|p2b: Lucario|spd|1\n|\n|-weather|SunnyDay|[upkeep]\n|-end|p2b: Lucario|Encore\n|upkeep\n|turn|7\n|\n|t:|1776468105\n|switch|p1a: Garchomp|Garchomp, L50, M|100/100\n|move|p1b: Whimsicott|Encore|p2b: Lucario\n|-start|p2b: Lucario|Encore\n|move|p2b: Lucario|Calm Mind|p2b: Lucario\n|-boost|p2b: Lucario|spa|1\n|-boost|p2b: Lucario|spd|1\n|\n|-weather|none\n|upkeep\n|turn|8\n|\n|t:|1776468113\n|move|p1a: Garchomp|Stomping Tantrum|p2b: Lucario\n|-supereffective|p2b: Lucario|1\n|-damage|p2b: Lucario|0 fnt\n|faint|p2b: Lucario\n|\n|win|UtterlyIncapable\n|raw|UtterlyIncapable's rating: 1101 &rarr; <strong>1121</strong><br />(+20 for winning)\n|raw|Hunterist's rating: 1032 &rarr; <strong>1020</strong><br />(-12 for losing)\n|l|\u2606Hunterist\n|player|p2|\n",
  "uploadtime": 1776468123,
  "views": 47,
  "formatid": "gen9championsvgc2026regma",
  "rating": 1020,
  "private": 0,
  "password": null
}