{
  "id": "gen9championsvgc2026regma-2582465879",
  "format": "[Gen 9 Champions] VGC 2026 Reg M-A",
  "players": [
    "thepeasent",
    "stef2012"
  ],
  "log": "|j|\u2606thepeasent\n|j|\u2606stef2012\n|t:|1776093491\n|gametype|doubles\n|player|p1|thepeasent|gloria-dojo|1128\n|player|p2|stef2012|170|1045\n|gen|9\n|tier|[Gen 9 Champions] VGC 2026 Reg M-A\n|rated|\n|rule|Species Clause: Limit one of each Pok\u00e9mon\n|rule|Item Clause: Limit 1 of each item\n|clearpoke\n|poke|p1|Glimmora, L50, M|\n|poke|p1|Tyranitar, L50, F|\n|poke|p1|Excadrill, L50, M|\n|poke|p1|Milotic, L50, M|\n|poke|p1|Sneasler, L50, M|\n|poke|p1|Rotom-Wash, L50|\n|poke|p2|Incineroar, L50, M|\n|poke|p2|Whimsicott, L50, F|\n|poke|p2|Charizard, L50, M|\n|poke|p2|Sinistcha, L50|\n|poke|p2|Sneasler, L50, M|\n|poke|p2|Garchomp, L50, M|\n|teampreview|4\n|inactive|Battle timer is ON: inactive players will automatically lose when time's up. (requested by thepeasent)\nstef2012 rejected open team sheets.\n|inactive|stef2012 has 60 seconds left.\n|\n|t:|1776093526\n|teamsize|p1|4\n|teamsize|p2|4\n|start\n|switch|p1a: Excadrill|Excadrill, L50, M|100/100\n|switch|p1b: Rotom|Rotom-Wash, L50|100/100\n|switch|p2a: satyr|Whimsicott, L50, F, shiny|100/100\n|switch|p2b: chompers|Garchomp, L50, M|100/100\n|turn|1\n|\n|t:|1776093550\n|detailschange|p2b: chompers|Garchomp-Mega, L50, M\n|-mega|p2b: chompers|Garchomp|Garchompite\n|move|p2a: satyr|Protect|p2a: satyr\n|-singleturn|p2a: satyr|Protect\n|move|p1a: Excadrill|Earthquake|p2b: chompers|[spread] p2b\n|-activate|p2a: satyr|move: Protect\n|-immune|p1b: Rotom|[from] ability: Levitate\n|-damage|p2b: chompers|63/100\n|move|p2b: chompers|Earthquake|p1a: Excadrill|[spread] p1a\n|-activate|p2a: satyr|move: Protect\n|-immune|p1b: Rotom|[from] ability: Levitate\n|-supereffective|p1a: Excadrill|1\n|-crit|p1a: Excadrill\n|-enditem|p1a: Excadrill|Focus Sash\n|-damage|p1a: Excadrill|1/100\n|move|p1b: Rotom|Volt Switch|p2a: satyr\n|-activate|p2a: satyr|move: Protect\n|\n|upkeep\n|turn|2\n|inactive|stef2012 has 30 seconds left.\n|\n|t:|1776093584\n|switch|p1b: Tyranitar|Tyranitar, L50, F, shiny|100/100\n|-weather|Sandstorm|[from] ability: Sand Stream|[of] p1b: Tyranitar\n|move|p1a: Excadrill|Protect|p1a: Excadrill\n|-singleturn|p1a: Excadrill|Protect\n|move|p2a: satyr|Tailwind|p2a: satyr\n|-sidestart|p2: stef2012|move: Tailwind\n|move|p2b: chompers|Dragon Claw|p1a: Excadrill\n|-activate|p1a: Excadrill|move: Protect\n|\n|-weather|Sandstorm|[upkeep]\n|-damage|p2a: satyr|95/100|[from] Sandstorm\n|upkeep\n|turn|3\n|\n|t:|1776093601\n|switch|p1b: Rotom|Rotom-Wash, L50|100/100\n|move|p2a: satyr|Protect|p2a: satyr\n|-singleturn|p2a: satyr|Protect\n|move|p1a: Excadrill|Earthquake|p2a: satyr|[spread] p2b\n|-activate|p2a: satyr|move: Protect\n|-immune|p1b: Rotom|[from] ability: Levitate\n|-damage|p2b: chompers|30/100\n|move|p2b: chompers|Earthquake|p1a: Excadrill|[spread] p1a\n|-activate|p2a: satyr|move: Protect\n|-immune|p1b: Rotom|[from] ability: Levitate\n|-supereffective|p1a: Excadrill|1\n|-damage|p1a: Excadrill|0 fnt\n|faint|p1a: Excadrill\n|\n|-weather|Sandstorm|[upkeep]\n|-damage|p2a: satyr|89/100|[from] Sandstorm\n|-damage|p1b: Rotom|95/100|[from] Sandstorm\n|upkeep\n|\n|t:|1776093614\n|switch|p1a: Milotic|Milotic, L50, M|100/100\n|turn|4\n|\n|t:|1776093627\n|move|p2a: satyr|Energy Ball|p1b: Rotom\n|-supereffective|p1b: Rotom|1\n|-damage|p1b: Rotom|41/100\n|-enditem|p1b: Rotom|Sitrus Berry|[eat]\n|-heal|p1b: Rotom|66/100|[from] item: Sitrus Berry\n|move|p2b: chompers|Dragon Claw|p1a: Milotic\n|-damage|p1a: Milotic|64/100\n|move|p1b: Rotom|Volt Switch|p2a: satyr\n|-resisted|p2a: satyr|1\n|-damage|p2a: satyr|73/100\n|\n|t:|1776093640\n|switch|p1b: Tyranitar|Tyranitar, L50, F, shiny|100/100|[from] Volt Switch\n|move|p1a: Milotic|Icy Wind|p2b: chompers|[spread] p2a,p2b\n|-supereffective|p2a: satyr|1\n|-supereffective|p2b: chompers|2\n|-damage|p2a: satyr|46/100\n|-damage|p2b: chompers|3/100\n|-unboost|p2a: satyr|spe|1\n|-unboost|p2b: chompers|spe|1\n|\n|-weather|Sandstorm|[upkeep]\n|-damage|p2a: satyr|40/100|[from] Sandstorm\n|-damage|p1a: Milotic|58/100|[from] Sandstorm\n|-heal|p1a: Milotic|64/100|[from] item: Leftovers\n|upkeep\n|turn|5\n|\n|t:|1776093657\n|move|p2a: satyr|Protect|p2a: satyr\n|-singleturn|p2a: satyr|Protect\n|move|p1b: Tyranitar|Protect|p1b: Tyranitar\n|-singleturn|p1b: Tyranitar|Protect\n|move|p2b: chompers|Outrage|p1b: Tyranitar\n|-activate|p1b: Tyranitar|move: Protect\n|move|p1a: Milotic|Icy Wind|p2b: chompers|[spread] p2b\n|-activate|p2a: satyr|move: Protect\n|-supereffective|p2b: chompers|2\n|-damage|p2b: chompers|0 fnt\n|faint|p2b: chompers\n|\n|-weather|Sandstorm|[upkeep]\n|-damage|p2a: satyr|35/100|[from] Sandstorm\n|-damage|p1a: Milotic|58/100|[from] Sandstorm\n|-heal|p1a: Milotic|64/100|[from] item: Leftovers\n|-sideend|p2: stef2012|move: Tailwind\n|upkeep\n|\n|t:|1776093673\n|switch|p2b: nala|Sneasler, L50, M|100/100\n|turn|6\n|\n|t:|1776093685\n|move|p2a: satyr|Tailwind|p2a: satyr\n|-sidestart|p2: stef2012|move: Tailwind\n|move|p2b: nala|Close Combat|p1b: Tyranitar\n|-supereffective|p1b: Tyranitar|2\n|-enditem|p1b: Tyranitar|Chople Berry|[eat]\n|-enditem|p1b: Tyranitar|Chople Berry|[weaken]\n|-damage|p1b: Tyranitar|16/100\n|-unboost|p2b: nala|def|1\n|-unboost|p2b: nala|spd|1\n|move|p1a: Milotic|Muddy Water|p2a: satyr|[spread] p2a,p2b\n|-resisted|p2a: satyr|1\n|-damage|p2a: satyr|20/100\n|-damage|p2b: nala|56/100\n|move|p1b: Tyranitar|Rock Slide|p2b: nala|[spread] p2a,p2b\n|-resisted|p2b: nala|1\n|-damage|p2a: satyr|0 fnt\n|-damage|p2b: nala|29/100\n|faint|p2a: satyr\n|\n|-weather|none\n|-heal|p1a: Milotic|70/100|[from] item: Leftovers\n|upkeep\n|\n|t:|1776093701\n|switch|p2a: zuko|Incineroar, L50, M|100/100\n|-ability|p2a: zuko|Intimidate|boost\n|-unboost|p1a: Milotic|atk|1\n|-ability|p1a: Milotic|Competitive|boost\n|-boost|p1a: Milotic|spa|2\n|-unboost|p1b: Tyranitar|atk|1\n|turn|7\n|\n|t:|1776093721\n|move|p1a: Milotic|Protect|p1a: Milotic\n|-singleturn|p1a: Milotic|Protect\n|move|p1b: Tyranitar|Protect|p1b: Tyranitar\n|-singleturn|p1b: Tyranitar|Protect\n|move|p2a: zuko|Fake Out|p1a: Milotic\n|-activate|p1a: Milotic|move: Protect\n|move|p2b: nala|Dire Claw|p1b: Tyranitar\n|-activate|p1b: Tyranitar|move: Protect\n|\n|-heal|p1a: Milotic|76/100|[from] item: Leftovers\n|upkeep\n|turn|8\n|l|\u2606stef2012\n|inactive|stef2012 disconnected and has a minute to reconnect!\n|player|p2|\n|inactive|stef2012 has 30 seconds left.\n|inactive|stef2012 has 20 seconds left.\n|inactive|stef2012 has 15 seconds left.\n|inactive|stef2012 has 10 seconds left.\n|inactive|stef2012 has 5 seconds left.\n|-message|stef2012 lost due to inactivity.\n|\n|win|thepeasent\n|raw|thepeasent's rating: 1128 &rarr; <strong>1147</strong><br />(+19 for winning)\n|raw|stef2012's rating: 1045 &rarr; <strong>1032</strong><br />(-13 for losing)\n",
  "uploadtime": 1776093781,
  "views": 18,
  "formatid": "gen9championsvgc2026regma",
  "rating": 1032,
  "private": 0,
  "password": null
}