{
  "id": "gen9championsvgc2026regma-2588641777",
  "format": "[Gen 9 Champions] VGC 2026 Reg M-A",
  "players": [
    "INCENEDORUS",
    "bailey's buttocks"
  ],
  "log": "|j|\u2606INCENEDORUS\n|j|\u2606bailey's buttocks\n|t:|1776652958\n|gametype|doubles\n|player|p1|INCENEDORUS|gambler|1342\n|player|p2|bailey's buttocks|veteranf|1259\n|gen|9\n|tier|[Gen 9 Champions] VGC 2026 Reg M-A\n|rated|\n|rule|Species Clause: Limit one of each Pok\u00e9mon\n|rule|Item Clause: Limit 1 of each item\n|clearpoke\n|poke|p1|Floette-Eternal, L50, F|\n|poke|p1|Garchomp, L50, F|\n|poke|p1|Kingambit, L50, F|\n|poke|p1|Basculegion, L50, M|\n|poke|p1|Sneasler, L50, M|\n|poke|p1|Froslass, L50, F|\n|poke|p2|Victreebel, L50, M|\n|poke|p2|Ninetales-Alola, L50, M|\n|poke|p2|Sneasler, L50, M|\n|poke|p2|Garchomp, L50, M|\n|poke|p2|Incineroar, L50, M|\n|poke|p2|Milotic, L50, M|\n|teampreview|4\n|inactive|Battle timer is ON: inactive players will automatically lose when time's up. (requested by INCENEDORUS)\n|\n|t:|1776652991\n|teamsize|p1|4\n|teamsize|p2|4\n|start\n|switch|p1a: Floette|Floette-Eternal, L50, F|100/100\n|switch|p1b: Sneasler|Sneasler, L50, M|100/100\n|switch|p2a: Sneasler|Sneasler, L50, M|100/100\n|switch|p2b: Victreebel|Victreebel, L50, M|100/100\n|turn|1\n|inactive|bailey's buttocks has 30 seconds left.\n|\n|t:|1776653017\n|detailschange|p2b: Victreebel|Victreebel-Mega, L50, M\n|-mega|p2b: Victreebel|Victreebel|Victreebelite\n|move|p1b: Sneasler|Protect|p1b: Sneasler\n|-singleturn|p1b: Sneasler|Protect\n|move|p1a: Floette|Protect|p1a: Floette\n|-singleturn|p1a: Floette|Protect\n|move|p2a: Sneasler|Fake Out|p1a: Floette\n|-activate|p1a: Floette|move: Protect\n|move|p2b: Victreebel|Strength Sap|p1b: Sneasler\n|-activate|p1b: Sneasler|move: Protect\n|\n|upkeep\n|turn|2\n|inactive|INCENEDORUS has 30 seconds left.\n|\n|t:|1776653051\n|switch|p1a: Kingambit|Kingambit, L50, F|100/100\n|move|p2a: Sneasler|Dire Claw|p1a: Kingambit\n|-immune|p1a: Kingambit\n|move|p1b: Sneasler|Close Combat|p2a: Sneasler\n|-resisted|p2a: Sneasler|1\n|-damage|p2a: Sneasler|44/100\n|-unboost|p1b: Sneasler|def|1\n|-unboost|p1b: Sneasler|spd|1\n|move|p2b: Victreebel|Strength Sap|p1b: Sneasler\n|-unboost|p1b: Sneasler|atk|1\n|\n|upkeep\n|turn|3\n|inactive|bailey's buttocks has 30 seconds left.\n|\n|t:|1776653078\n|switch|p1a: Basculegion|Basculegion, L50, M|100/100\n|move|p2a: Sneasler|Protect|p2a: Sneasler\n|-singleturn|p2a: Sneasler|Protect\n|move|p1b: Sneasler|Close Combat|p2a: Sneasler\n|-activate|p2a: Sneasler|move: Protect\n|move|p2b: Victreebel|Acid Spray|p1b: Sneasler\n|-resisted|p1b: Sneasler|1\n|-damage|p1b: Sneasler|75/100\n|-unboost|p1b: Sneasler|spd|2\n|\n|upkeep\n|turn|4\n|inactive|INCENEDORUS has 30 seconds left.\n|inactive|bailey's buttocks has 30 seconds left.\n|\n|t:|1776653108\n|switch|p2a: Incineroar|Incineroar, L50, M|100/100\n|-ability|p2a: Incineroar|Intimidate|boost\n|-unboost|p1a: Basculegion|atk|1\n|-unboost|p1b: Sneasler|atk|1\n|move|p1a: Basculegion|Aqua Jet|p2a: Incineroar\n|-supereffective|p2a: Incineroar|1\n|-damage|p2a: Incineroar|71/100\n|move|p1b: Sneasler|Close Combat|p2a: Incineroar\n|-supereffective|p2a: Incineroar|1\n|-damage|p2a: Incineroar|19/100\n|-unboost|p1b: Sneasler|def|1\n|-unboost|p1b: Sneasler|spd|1\n|-enditem|p2a: Incineroar|Sitrus Berry|[eat]\n|-heal|p2a: Incineroar|44/100|[from] item: Sitrus Berry\n|move|p2b: Victreebel|Strength Sap|p1a: Basculegion\n|-unboost|p1a: Basculegion|atk|1\n|\n|upkeep\n|turn|5\n|\n|t:|1776653131\n|switch|p1a: Kingambit|Kingambit, L50, F|100/100\n|move|p2a: Incineroar|Fake Out|p1b: Sneasler\n|-damage|p1b: Sneasler|42/100\n|cant|p1b: Sneasler|flinch\n|move|p2b: Victreebel|Giga Drain|p1a: Kingambit\n|-resisted|p1a: Kingambit|1\n|-damage|p1a: Kingambit|79/100\n|\n|upkeep\n|turn|6\n|\n|t:|1776653151\n|switch|p1b: Floette|Floette-Eternal, L50, F|100/100\n|switch|p2a: Sneasler|Sneasler, L50, M|44/100\n|move|p2b: Victreebel|Giga Drain|p1b: Floette\n|-damage|p1b: Floette|63/100\n|move|p1a: Kingambit|Low Kick|p2a: Sneasler\n|-resisted|p2a: Sneasler|1\n|-crit|p2a: Sneasler\n|-damage|p2a: Sneasler|15/100\n|\n|upkeep\n|turn|7\n|\n|t:|1776653174\n|move|p1b: Floette|Protect|p1b: Floette\n|-singleturn|p1b: Floette|Protect\n|move|p1a: Kingambit|Protect|p1a: Kingambit\n|-singleturn|p1a: Kingambit|Protect\n|move|p2a: Sneasler|Close Combat|p1a: Kingambit\n|-activate|p1a: Kingambit|move: Protect\n|move|p2b: Victreebel|Acid Spray|p1b: Floette\n|-activate|p1b: Floette|move: Protect\n|\n|upkeep\n|turn|8\n|\n|t:|1776653191\n|detailschange|p1b: Floette|Floette-Mega, L50, F\n|-mega|p1b: Floette|Floette|Floettite\n|-ability|p1b: Floette|Fairy Aura\n|move|p2a: Sneasler|Protect|p2a: Sneasler\n|-singleturn|p2a: Sneasler|Protect\n|move|p1a: Kingambit|Sucker Punch||[still]\n|-fail|p1a: Kingambit\n|move|p1b: Floette|Moonblast|p2b: Victreebel\n|-resisted|p2b: Victreebel|1\n|-damage|p2b: Victreebel|61/100\n|move|p2b: Victreebel|Acid Spray|p1b: Floette\n|-supereffective|p1b: Floette|1\n|-damage|p1b: Floette|25/100\n|-unboost|p1b: Floette|spd|2\n|\n|upkeep\n|turn|9\n|inactive|INCENEDORUS has 30 seconds left.\n|inactive|bailey's buttocks has 30 seconds left.\n|inactive|bailey's buttocks has 20 seconds left.\n|inactive|bailey's buttocks has 15 seconds left.\n|inactive|bailey's buttocks has 10 seconds left.\n|\n|t:|1776653238\n|move|p1a: Kingambit|Sucker Punch|p2a: Sneasler\n|-resisted|p2a: Sneasler|1\n|-damage|p2a: Sneasler|0 fnt\n|faint|p2a: Sneasler\n|move|p1b: Floette|Dazzling Gleam|p2b: Victreebel\n|-resisted|p2b: Victreebel|1\n|-damage|p2b: Victreebel|25/100\n|move|p2b: Victreebel|Strength Sap|p1a: Kingambit\n|-unboost|p1a: Kingambit|atk|1\n|-ability|p1a: Kingambit|Defiant|boost\n|-boost|p1a: Kingambit|atk|2\n|-heal|p2b: Victreebel|100/100\n|\n|upkeep\n|\n|t:|1776653250\n|switch|p2a: Garchomp|Garchomp, L50, M|100/100\n|turn|10\n|inactive|bailey's buttocks has 30 seconds left.\n|\n|t:|1776653277\n|move|p1a: Kingambit|Protect|p1a: Kingambit\n|-singleturn|p1a: Kingambit|Protect\n|move|p2a: Garchomp|Stomping Tantrum|p1b: Floette\n|-damage|p1b: Floette|0 fnt\n|faint|p1b: Floette\n|move|p2b: Victreebel|Giga Drain|p1a: Kingambit\n|-activate|p1a: Kingambit|move: Protect\n|\n|upkeep\n|\n|t:|1776653285\n|switch|p1b: Sneasler|Sneasler, L50, M|42/100\n|turn|11\n|\n|t:|1776653303\n|switch|p2a: Incineroar|Incineroar, L50, M|44/100\n|-ability|p2a: Incineroar|Intimidate|boost\n|-unboost|p1a: Kingambit|atk|1\n|-ability|p1a: Kingambit|Defiant|boost\n|-boost|p1a: Kingambit|atk|2\n|-unboost|p1b: Sneasler|atk|1\n|move|p1b: Sneasler|Fake Out|p2a: Incineroar\n|-damage|p2a: Incineroar|37/100\n|move|p2b: Victreebel|Giga Drain|p1b: Sneasler\n|-resisted|p1b: Sneasler|1\n|-damage|p1b: Sneasler|9/100\n|move|p1a: Kingambit|Kowtow Cleave|p2b: Victreebel\n|-damage|p2b: Victreebel|0 fnt\n|-damage|p1a: Kingambit|0 fnt|[from] ability: Innards Out|[of] p2b: Victreebel\n|faint|p2b: Victreebel\n|faint|p1a: Kingambit\n|\n|upkeep\n|\n|t:|1776653320\n|switch|p2b: Garchomp|Garchomp, L50, M|100/100\n|switch|p1a: Basculegion|Basculegion, L50, M|100/100\n|turn|12\n|\n|t:|1776653337\n|move|p1b: Sneasler|Protect|p1b: Sneasler\n|-singleturn|p1b: Sneasler|Protect\n|move|p1a: Basculegion|Protect|p1a: Basculegion\n|-singleturn|p1a: Basculegion|Protect\n|move|p2a: Incineroar|Fake Out|p1b: Sneasler\n|-activate|p1b: Sneasler|move: Protect\n|move|p2b: Garchomp|Breaking Swipe|p1a: Basculegion|[spread] \n|-activate|p1a: Basculegion|move: Protect\n|-activate|p1b: Sneasler|move: Protect\n|\n|upkeep\n|turn|13\n|\n|t:|1776653351\n|move|p2b: Garchomp|Breaking Swipe|p1a: Basculegion|[spread] p1a,p1b\n|-damage|p1a: Basculegion|73/100\n|-damage|p1b: Sneasler|0 fnt\n|-unboost|p1a: Basculegion|atk|1\n|faint|p1b: Sneasler\n|move|p1a: Basculegion|Last Respects|p2b: Garchomp\n|-damage|p2b: Garchomp|6/100\n|move|p2a: Incineroar|Darkest Lariat|p1a: Basculegion\n|-supereffective|p1a: Basculegion|1\n|-damage|p1a: Basculegion|0 fnt\n|faint|p1a: Basculegion\n|\n|win|bailey's buttocks\n|raw|INCENEDORUS's rating: 1342 &rarr; <strong>1317</strong><br />(-25 for losing)\n|raw|bailey&apos;s buttocks's rating: 1259 &rarr; <strong>1290</strong><br />(+31 for winning)\n",
  "uploadtime": 1776653367,
  "views": 14,
  "formatid": "gen9championsvgc2026regma",
  "rating": 1290,
  "private": 0,
  "password": null
}