{
  "id": "gen9championsvgc2026regma-2582152108",
  "format": "[Gen 9 Champions] VGC 2026 Reg M-A",
  "players": [
    "idiotcamel",
    "GeminiGuy11"
  ],
  "log": "|j|\u2606idiotcamel\n|j|\u2606GeminiGuy11\n|t:|1776064701\n|gametype|doubles\n|player|p1|idiotcamel|2|1072\n|player|p2|GeminiGuy11|265|1051\n|gen|9\n|tier|[Gen 9 Champions] VGC 2026 Reg M-A\n|rated|\n|rule|Species Clause: Limit one of each Pok\u00e9mon\n|rule|Item Clause: Limit 1 of each item\n|clearpoke\n|poke|p1|Gengar, L50, M|\n|poke|p1|Incineroar, L50, F|\n|poke|p1|Politoed, L50, F|\n|poke|p1|Pelipper, L50, F|\n|poke|p1|Clefable, L50, F|\n|poke|p1|Basculegion, L50, M|\n|poke|p2|Delphox, L50, F|\n|poke|p2|Ninetales, L50, F|\n|poke|p2|Primarina, L50, M|\n|poke|p2|Maushold, L50|\n|poke|p2|Decidueye-Hisui, L50, F|\n|poke|p2|Dragonite, L50, F|\n|teampreview|4\n|inactive|Battle timer is ON: inactive players will automatically lose when time's up. (requested by idiotcamel)\n|c|\u2606idiotcamel|Glhf\nidiotcamel has agreed to open team sheets.\n|\n|t:|1776064729\n|teamsize|p1|4\n|teamsize|p2|4\n|start\n|switch|p1a: Pelipper|Pelipper, L50, F|100/100\n|switch|p1b: Incineroar|Incineroar, L50, F|100/100\n|switch|p2a: Delphox|Delphox, L50, F|100/100\n|switch|p2b: Maushold|Maushold, L50|100/100\n|-ability|p1b: Incineroar|Intimidate|boost\n|-unboost|p2a: Delphox|atk|1\n|-unboost|p2b: Maushold|atk|1\n|-weather|RainDance|[from] ability: Drizzle|[of] p1a: Pelipper\n|turn|1\n|c|\u2606GeminiGuy11|Glhf!\n|\n|t:|1776064751\n|move|p2a: Delphox|Protect|p2a: Delphox\n|-singleturn|p2a: Delphox|Protect\n|move|p2b: Maushold|Low Sweep|p1b: Incineroar\n|-supereffective|p1b: Incineroar|1\n|-damage|p1b: Incineroar|86/100\n|-unboost|p1b: Incineroar|spe|1\n|move|p1a: Pelipper|Hurricane|p2a: Delphox\n|-activate|p2a: Delphox|move: Protect\n|move|p1b: Incineroar|Darkest Lariat|p2a: Delphox\n|-activate|p2a: Delphox|move: Protect\n|\n|-weather|RainDance|[upkeep]\n|-heal|p1b: Incineroar|92/100|[from] item: Leftovers\n|upkeep\n|turn|2\n|\n|t:|1776064769\n|move|p2b: Maushold|Follow Me|p2b: Maushold\n|-singleturn|p2b: Maushold|move: Follow Me\n|move|p2a: Delphox|Nasty Plot|p2a: Delphox\n|-boost|p2a: Delphox|spa|2\n|move|p1a: Pelipper|Tailwind|p1a: Pelipper\n|-sidestart|p1: idiotcamel|move: Tailwind\n|move|p1b: Incineroar|Darkest Lariat|p2b: Maushold\n|-damage|p2b: Maushold|64/100\n|\n|-weather|RainDance|[upkeep]\n|-heal|p1b: Incineroar|98/100|[from] item: Leftovers\n|upkeep\n|turn|3\n|inactive|GeminiGuy11 has 30 seconds left.\n|inactive|idiotcamel has 30 seconds left.\n|\n|t:|1776064804\n|detailschange|p2a: Delphox|Delphox-Mega, L50, F\n|-mega|p2a: Delphox|Delphox|Delphoxite\n|move|p2b: Maushold|Follow Me|p2b: Maushold\n|-singleturn|p2b: Maushold|move: Follow Me\n|move|p2a: Delphox|Psychic|p1a: Pelipper\n|-damage|p1a: Pelipper|0 fnt\n|faint|p1a: Pelipper\n|move|p1b: Incineroar|Darkest Lariat|p2b: Maushold\n|-damage|p2b: Maushold|32/100\n|-enditem|p2b: Maushold|Sitrus Berry|[eat]\n|-heal|p2b: Maushold|57/100|[from] item: Sitrus Berry\n|\n|-weather|RainDance|[upkeep]\n|-heal|p1b: Incineroar|100/100|[from] item: Leftovers\n|upkeep\n|\n|t:|1776064819\n|switch|p1a: Basculegion|Basculegion, L50, M|100/100\n|turn|4\n|\n|t:|1776064830\n|move|p2a: Delphox|Protect|p2a: Delphox\n|-singleturn|p2a: Delphox|Protect\n|move|p1a: Basculegion|Wave Crash|p2a: Delphox\n|-activate|p2a: Delphox|move: Protect\n|move|p2b: Maushold|Sunny Day|p2b: Maushold\n|-weather|SunnyDay\n|move|p1b: Incineroar|Parting Shot|p2a: Delphox\n|-activate|p2a: Delphox|move: Protect\n|\n|-weather|SunnyDay|[upkeep]\n|upkeep\n|turn|5\n|-message|idiotcamel forfeited.\n|\n|win|GeminiGuy11\n|raw|idiotcamel's rating: 1072 &rarr; <strong>1050</strong><br />(-22 for losing)\n|raw|GeminiGuy11's rating: 1051 &rarr; <strong>1085</strong><br />(+34 for winning)\n|l|\u2606idiotcamel\n|player|p1|\n",
  "uploadtime": 1776064845,
  "views": 20,
  "formatid": "gen9championsvgc2026regma",
  "rating": 1050,
  "private": 0,
  "password": null
}