{
  "id": "gen9championsvgc2026regma-2589411036",
  "format": "[Gen 9 Champions] VGC 2026 Reg M-A",
  "players": [
    "the bags12",
    "TophBoom"
  ],
  "log": "|j|\u2606the bags12\n|j|\u2606TophBoom\n|t:|1776720716\n|gametype|doubles\n|player|p1|the bags12|falkner|1278\n|player|p2|TophBoom|miku-fairy|1305\n|gen|9\n|tier|[Gen 9 Champions] VGC 2026 Reg M-A\n|rated|\n|rule|Species Clause: Limit one of each Pok\u00e9mon\n|rule|Item Clause: Limit 1 of each item\n|clearpoke\n|poke|p1|Garchomp, L50, M, shiny|\n|poke|p1|Whimsicott, L50, M, shiny|\n|poke|p1|Sneasler, L50, M, shiny|\n|poke|p1|Aerodactyl, L50, M, shiny|\n|poke|p1|Scizor, L50, M, shiny|\n|poke|p1|Dragapult, L50, M, shiny|\n|poke|p2|Floette-Eternal, L50, F|\n|poke|p2|Banette, L50, F|\n|poke|p2|Sinistcha-Masterpiece, L50|\n|poke|p2|Incineroar, L50, M|\n|poke|p2|Palafin, L50, M, shiny|\n|poke|p2|Aerodactyl, L50, M|\n|teampreview|4\n|inactive|Battle timer is ON: inactive players will automatically lose when time's up. (requested by the bags12)\n|inactive|TophBoom has 60 seconds left.\n|\n|t:|1776720760\n|teamsize|p1|4\n|teamsize|p2|4\n|start\n|switch|p1a: Chumps|Garchomp, L50, M, shiny|100/100\n|switch|p1b: Aerodactyl|Aerodactyl, L50, M, shiny|100/100\n|switch|p2a: Aerodactyl|Aerodactyl, L50, M|100/100\n|switch|p2b: Palafin|Palafin, L50, M, shiny|100/100\n|-ability|p2a: Aerodactyl|Unnerve\n|-ability|p1b: Aerodactyl|Unnerve\n|turn|1\n|\n|t:|1776720778\n|detailschange|p1a: Chumps|Garchomp-Mega, L50, M, shiny\n|-mega|p1a: Chumps|Garchomp|Garchompite\n|move|p2b: Palafin|Jet Punch|p1b: Aerodactyl\n|-supereffective|p1b: Aerodactyl|1\n|-damage|p1b: Aerodactyl|18/100\n|move|p1b: Aerodactyl|Tailwind|p1b: Aerodactyl\n|-sidestart|p1: the bags12|move: Tailwind\n|move|p1a: Chumps|Rock Slide|p2a: Aerodactyl|[spread] p2a,p2b\n|-supereffective|p2a: Aerodactyl|1\n|-damage|p2a: Aerodactyl|9/100\n|-damage|p2b: Palafin|71/100\n|cant|p2a: Aerodactyl|flinch\n|\n|upkeep\n|turn|2\n|inactive|TophBoom has 30 seconds left.\n|\n|t:|1776720808\n|switch|p1b: Niczor|Scizor, L50, M, shiny|100/100\n|move|p1a: Chumps|Rock Slide|p2b: Palafin|[spread] p2a,p2b\n|-supereffective|p2a: Aerodactyl|1\n|-damage|p2a: Aerodactyl|0 fnt\n|-damage|p2b: Palafin|40/100\n|faint|p2a: Aerodactyl\n|cant|p2b: Palafin|flinch\n|\n|upkeep\n|\n|t:|1776720819\n|switch|p2a: Incineroar|Incineroar, L50, M|100/100\n|-ability|p2a: Incineroar|Intimidate|boost\n|-unboost|p1a: Chumps|atk|1\n|-unboost|p1b: Niczor|atk|1\n|turn|3\n|\n|t:|1776720827\n|move|p1a: Chumps|Earthquake|p2a: Incineroar|[spread] p1b,p2a,p2b\n|-supereffective|p2a: Incineroar|1\n|-damage|p1b: Niczor|63/100\n|-damage|p2a: Incineroar|47/100\n|-damage|p2b: Palafin|0 fnt\n|faint|p2b: Palafin\n|move|p1b: Niczor|Close Combat|p2a: Incineroar\n|-supereffective|p2a: Incineroar|1\n|-damage|p2a: Incineroar|0 fnt\n|-unboost|p1b: Niczor|def|1\n|-unboost|p1b: Niczor|spd|1\n|faint|p2a: Incineroar\n|\n|upkeep\n|\n|t:|1776720838\n|switch|p2b: Banette|Banette, L50, F|100/100\n|-item|p1a: Chumps|Garchompite|[from] ability: Frisk|[of] p2b: Banette\n|-item|p1b: Niczor|Metal Coat|[from] ability: Frisk|[of] p2b: Banette\n|turn|4\n|\n|t:|1776720844\n|detailschange|p2b: Banette|Banette-Mega, L50, F\n|-mega|p2b: Banette|Banette|Banettite\n|move|p2b: Banette|Encore|p1b: Niczor\n|-start|p1b: Niczor|Encore\n|move|p1a: Chumps|Dragon Claw|p2b: Banette\n|-damage|p2b: Banette|51/100\n|move|p1b: Niczor|Close Combat|p2b: Banette\n|-immune|p2b: Banette\n|\n|-sideend|p1: the bags12|move: Tailwind\n|upkeep\n|turn|5\n|\n|t:|1776720851\n|switch|p1a: Aerodactyl|Aerodactyl, L50, M, shiny|18/100\n|-ability|p1a: Aerodactyl|Unnerve\n|switch|p1b: Poulty|Dragapult, L50, M, shiny|100/100\n|move|p2b: Banette|Poltergeist|p1a: Aerodactyl\n|-activate|p1a: Aerodactyl|move: Poltergeist|Focus Sash\n|-damage|p1a: Aerodactyl|0 fnt\n|faint|p1a: Aerodactyl\n|\n|upkeep\n|\n|t:|1776720854\n|switch|p1a: Chumps|Garchomp-Mega, L50, M, shiny|100/100\n|turn|6\n|\n|t:|1776720858\n|switch|p1b: Niczor|Scizor, L50, M, shiny|63/100\n|move|p2b: Banette|Shadow Sneak|p1b: Niczor\n|-damage|p1b: Niczor|33/100\n|move|p1a: Chumps|Dragon Claw|p2b: Banette\n|-damage|p2b: Banette|0 fnt\n|faint|p2b: Banette\n|\n|win|the bags12\n|raw|the bags12's rating: 1278 &rarr; <strong>1305</strong><br />(+27 for winning)\n|raw|TophBoom's rating: 1305 &rarr; <strong>1283</strong><br />(-22 for losing)\n",
  "uploadtime": 1776720861,
  "views": 11,
  "formatid": "gen9championsvgc2026regma",
  "rating": 1283,
  "private": 0,
  "password": null
}