{
  "id": "gen9championsvgc2026regma-2585930324",
  "format": "[Gen 9 Champions] VGC 2026 Reg M-A",
  "players": [
    "god-inmortal",
    "CRAB ROOM"
  ],
  "log": "|j|\u2606god-inmortal\n|j|\u2606CRAB ROOM\n|t:|1776382470\n|gametype|doubles\n|player|p1|god-inmortal|brycenman|1051\n|player|p2|CRAB ROOM|veteranf|1000\n|gen|9\n|tier|[Gen 9 Champions] VGC 2026 Reg M-A\n|rated|\n|rule|Species Clause: Limit one of each Pok\u00e9mon\n|rule|Item Clause: Limit 1 of each item\n|clearpoke\n|poke|p1|Aerodactyl, L50, F|\n|poke|p1|Tyranitar, L50, M|\n|poke|p1|Aggron, L50, F|\n|poke|p1|Excadrill, L50, M|\n|poke|p1|Heliolisk, L50, M|\n|poke|p1|Toxicroak, L50, M|\n|poke|p2|Farigiraf, L50, M|\n|poke|p2|Crabominable, L50, M|\n|poke|p2|Lucario, L50, F|\n|poke|p2|Incineroar, L50, M|\n|poke|p2|Mimikyu, L50, F|\n|poke|p2|Torkoal, L50, M|\n|teampreview|4\n|inactive|Battle timer is ON: inactive players will automatically lose when time's up. (requested by god-inmortal)\nCRAB ROOM has agreed to open team sheets.\n|inactive|god-inmortal has 60 seconds left.\n|inactive|CRAB ROOM has 60 seconds left.\n|\n|t:|1776382533\n|teamsize|p1|4\n|teamsize|p2|4\n|start\n|switch|p1a: Aerodactyl|Aerodactyl, L50, F, shiny|100/100\n|switch|p1b: Excadrill|Excadrill, L50, M|100/100\n|switch|p2a: Lucario|Lucario, L50, F|100/100\n|switch|p2b: Mimikyu|Mimikyu, L50, F|100/100\n|turn|1\n|inactive|CRAB ROOM has 30 seconds left.\n|\n|t:|1776382558\n|move|p2a: Lucario|Coaching|p2b: Mimikyu\n|-boost|p2b: Mimikyu|atk|1\n|-boost|p2b: Mimikyu|def|1\n|move|p1a: Aerodactyl|Rock Slide|p2b: Mimikyu|[spread] p2a,p2b\n|-resisted|p2a: Lucario|2\n|-damage|p2a: Lucario|91/100\n|-activate|p2b: Mimikyu|ability: Disguise\n|-damage|p2b: Mimikyu|100/100\n|detailschange|p2b: Mimikyu|Mimikyu-Busted, L50, F\n|-damage|p2b: Mimikyu|88/100|[from] pokemon: Mimikyu-Busted\n|move|p1b: Excadrill|Iron Head|p2b: Mimikyu\n|-supereffective|p2b: Mimikyu|1\n|-damage|p2b: Mimikyu|21/100\n|cant|p2b: Mimikyu|flinch\n|\n|upkeep\n|turn|2\n|inactive|CRAB ROOM has 30 seconds left.\n|inactive|CRAB ROOM has 20 seconds left.\n|l|\u2606god-inmortal\n|inactive|god-inmortal disconnected and has a minute to reconnect!\n|player|p1|\n|\n|t:|1776382598\n|switch|p2a: Incineroar|Incineroar, L50, M|100/100\n|-ability|p2a: Incineroar|Intimidate|boost\n|-unboost|p1a: Aerodactyl|atk|1\n|-unboost|p1b: Excadrill|atk|1\n|detailschange|p1a: Aerodactyl|Aerodactyl-Mega, L50, F, shiny\n|-mega|p1a: Aerodactyl|Aerodactyl|Aerodactylite\n|move|p1a: Aerodactyl|Dragon Dance|p1a: Aerodactyl\n|-boost|p1a: Aerodactyl|atk|1\n|-boost|p1a: Aerodactyl|spe|1\n|move|p1b: Excadrill|Drill Run|p2a: Incineroar\n|-supereffective|p2a: Incineroar|1\n|-enditem|p2a: Incineroar|Shuca Berry|[eat]\n|-enditem|p2a: Incineroar|Shuca Berry|[weaken]\n|-damage|p2a: Incineroar|73/100\n|move|p2b: Mimikyu|Trick Room|p2b: Mimikyu\n|-fieldstart|move: Trick Room|[of] p2b: Mimikyu\n|\n|upkeep\n|turn|3\n|j|\u2606god-inmortal\n|inactive|god-inmortal reconnected and has 50 seconds left.\n|player|p1|god-inmortal|brycenman|\n|l|\u2606god-inmortal\n|inactive|god-inmortal disconnected and has a minute to reconnect!\n|player|p1|\n|j|\u2606god-inmortal\n|inactive|god-inmortal reconnected and has 40 seconds left.\n|player|p1|god-inmortal|brycenman|\n|inactive|god-inmortal has 30 seconds left.\n|\n|t:|1776382629\n|move|p2a: Incineroar|Flare Blitz|p1b: Excadrill\n|-supereffective|p1b: Excadrill|1\n|-damage|p1b: Excadrill|0 fnt\n|faint|p1b: Excadrill\n|-damage|p2a: Incineroar|43/100|[from] Recoil\n|move|p2b: Mimikyu|Play Rough|p1a: Aerodactyl\n|-damage|p1a: Aerodactyl|36/100\n|move|p1a: Aerodactyl|Rock Slide|p2b: Mimikyu|[spread] p2a,p2b\n|-supereffective|p2a: Incineroar|1\n|-damage|p2a: Incineroar|0 fnt\n|-damage|p2b: Mimikyu|0 fnt\n|faint|p2a: Incineroar\n|faint|p2b: Mimikyu\n|\n|upkeep\n|\n|t:|1776382642\n|switch|p2a: Crabominable|Crabominable, L50, M|100/100\n|switch|p2b: Lucario|Lucario, L50, F|91/100\n|switch|p1b: Aggron|Aggron, L50, F, shiny|100/100\n|turn|4\n|inactive|CRAB ROOM has 30 seconds left.\n|inactive|CRAB ROOM has 20 seconds left.\n|inactive|CRAB ROOM has 15 seconds left.\n|\n|t:|1776382684\n|detailschange|p2a: Crabominable|Crabominable-Mega, L50, M\n|-mega|p2a: Crabominable|Crabominable|Crabominite\n|move|p2a: Crabominable|Drain Punch|p1b: Aggron\n|-supereffective|p1b: Aggron|2\n|-crit|p1b: Aggron\n|-damage|p1b: Aggron|0 fnt\n|faint|p1b: Aggron\n|move|p2b: Lucario|Final Gambit|p1a: Aerodactyl\n|-damage|p1a: Aerodactyl|0 fnt\n|faint|p2b: Lucario\n|faint|p1a: Aerodactyl\n|\n|upkeep\n|\n|t:|1776382704\n|switch|p1b: Tyranitar|Tyranitar, L50, M, shiny|100/100\n|-weather|Sandstorm|[from] ability: Sand Stream|[of] p1b: Tyranitar\n|turn|5\n|inactive|god-inmortal has 30 seconds left.\n|c|\u2606CRAB ROOM|CRAB ROOM\n|\n|t:|1776382736\n|move|p2a: Crabominable|Drain Punch|p1b: Tyranitar\n|-supereffective|p1b: Tyranitar|2\n|-enditem|p1b: Tyranitar|Focus Sash\n|-damage|p1b: Tyranitar|1/100\n|move|p1b: Tyranitar|Stone Edge|p2a: Crabominable|[miss]\n|-miss|p1b: Tyranitar|p2a: Crabominable\n|\n|-weather|Sandstorm|[upkeep]\n|-damage|p2a: Crabominable|94/100|[from] Sandstorm\n|upkeep\n|turn|6\n|c|\u2606god-inmortal|Bro\n|-message|god-inmortal forfeited.\n|\n|win|CRAB ROOM\n|raw|god-inmortal's rating: 1051 &rarr; <strong>1031</strong><br />(-20 for losing)\n|raw|CRAB ROOM's rating: 1000 &rarr; <strong>1046</strong><br />(+46 for winning)\n|l|\u2606god-inmortal\n|player|p1|\n",
  "uploadtime": 1776382753,
  "views": 18,
  "formatid": "gen9championsvgc2026regma",
  "rating": 1031,
  "private": 0,
  "password": null
}