{
  "id": "gen9championsvgc2026regma-2588102258",
  "format": "[Gen 9 Champions] VGC 2026 Reg M-A",
  "players": [
    "Pastor/Sinner",
    "MaikolFlame"
  ],
  "log": "|j|\u2606Pastor/Sinner\n|j|\u2606MaikolFlame\n|t:|1776604496\n|gametype|doubles\n|player|p1|Pastor/Sinner|265|1202\n|player|p2|MaikolFlame|101|1205\n|gen|9\n|tier|[Gen 9 Champions] VGC 2026 Reg M-A\n|rated|\n|rule|Species Clause: Limit one of each Pok\u00e9mon\n|rule|Item Clause: Limit 1 of each item\n|clearpoke\n|poke|p1|Tyranitar, L50, F, shiny|\n|poke|p1|Sableye, L50, F|\n|poke|p1|Aerodactyl, L50, M|\n|poke|p1|Vanilluxe, L50, F|\n|poke|p1|Milotic, L50, F, shiny|\n|poke|p1|Gengar, L50, M, shiny|\n|poke|p2|Talonflame, L50, M, shiny|\n|poke|p2|Dragonite, L50, M, shiny|\n|poke|p2|Sneasler, L50, F|\n|poke|p2|Politoed, L50, M|\n|poke|p2|Archaludon, L50, M|\n|poke|p2|Incineroar, L50, M|\n|teampreview|4\n|inactive|Battle timer is ON: inactive players will automatically lose when time's up. (requested by Pastor/Sinner)\n|inactive|MaikolFlame has 60 seconds left.\n|\n|t:|1776604546\n|teamsize|p1|4\n|teamsize|p2|4\n|start\n|switch|p1a: Watch Me|Sableye, L50, F|100/100\n|switch|p1b: Gyrate|Gengar, L50, M, shiny|100/100\n|switch|p2a: MaikolFlame|Talonflame, L50, M, shiny|100/100\n|switch|p2b: MaccFurro|Incineroar, L50, M|100/100\n|-ability|p2b: MaccFurro|Intimidate|boost\n|-unboost|p1a: Watch Me|atk|1\n|-unboost|p1b: Gyrate|atk|1\n|turn|1\n|inactive|Pastor/Sinner has 30 seconds left.\n|inactive|MaikolFlame has 30 seconds left.\n|\n|t:|1776604577\n|detailschange|p1b: Gyrate|Gengar-Mega, L50, M, shiny\n|-mega|p1b: Gyrate|Gengar|Gengarite\n|move|p1a: Watch Me|Fake Out|p2b: MaccFurro\n|-damage|p2b: MaccFurro|97/100\n|move|p2a: MaikolFlame|Acrobatics|p1a: Watch Me\n|-damage|p1a: Watch Me|52/100\n|move|p1b: Gyrate|Perish Song|p1b: Gyrate\n|-start|p1a: Watch Me|perish3|[silent]\n|-start|p1b: Gyrate|perish3|[silent]\n|-start|p2a: MaikolFlame|perish3|[silent]\n|-start|p2b: MaccFurro|perish3|[silent]\n|-fieldactivate|move: Perish Song\n|cant|p2b: MaccFurro|flinch\n|\n|-start|p1b: Gyrate|perish3\n|-start|p2a: MaikolFlame|perish3\n|-start|p2b: MaccFurro|perish3\n|-start|p1a: Watch Me|perish3\n|upkeep\n|turn|2\n|\n|t:|1776604599\n|move|p1a: Watch Me|Protect|p1a: Watch Me\n|-singleturn|p1a: Watch Me|Protect\n|move|p1b: Gyrate|Protect|p1b: Gyrate\n|-singleturn|p1b: Gyrate|Protect\n|move|p2a: MaikolFlame|Acrobatics|p1a: Watch Me\n|-activate|p1a: Watch Me|move: Protect\n|move|p2b: MaccFurro|Darkest Lariat|p1a: Watch Me\n|-activate|p1a: Watch Me|move: Protect\n|\n|-start|p1b: Gyrate|perish2\n|-start|p2a: MaikolFlame|perish2\n|-start|p2b: MaccFurro|perish2\n|-start|p1a: Watch Me|perish2\n|upkeep\n|turn|3\n|inactive|Pastor/Sinner has 30 seconds left.\n|\n|t:|1776604627\n|move|p2a: MaikolFlame|Acrobatics|p1a: Watch Me\n|-damage|p1a: Watch Me|0 fnt\n|faint|p1a: Watch Me\n|move|p1b: Gyrate|Disable|p2b: MaccFurro\n|-start|p2b: MaccFurro|Disable|Darkest Lariat\n|cant|p2b: MaccFurro|Disable|Darkest Lariat\n|\n|-start|p2a: MaikolFlame|perish1\n|-start|p1b: Gyrate|perish1\n|-start|p2b: MaccFurro|perish1\n|upkeep\n|\n|t:|1776604642\n|switch|p1a: Ten Twinkies|Milotic, L50, F, shiny|100/100\n|turn|4\n|\n|t:|1776604661\n|switch|p1b: Drumsticks|Vanilluxe, L50, F|100/100\n|-weather|Snowscape|[from] ability: Snow Warning|[of] p1b: Drumsticks\n|move|p2a: MaikolFlame|Acrobatics|p1b: Drumsticks\n|-damage|p1b: Drumsticks|67/100\n|move|p1a: Ten Twinkies|Recover||[still]\n|-fail|p1a: Ten Twinkies|heal\n|move|p2b: MaccFurro|Parting Shot|p1b: Drumsticks\n|-unboost|p1b: Drumsticks|atk|1\n|-unboost|p1b: Drumsticks|spa|1\n|\n|t:|1776604675\n|switch|p2b: MaccKitty|Sneasler, L50, F|100/100|[from] Parting Shot\n|\n|-weather|Snowscape|[upkeep]\n|-start|p2a: MaikolFlame|perish0\n|faint|p2a: MaikolFlame\n|upkeep\n|\n|t:|1776604687\n|switch|p2a: MaccPeppo|Politoed, L50, M|100/100\n|-weather|RainDance|[from] ability: Drizzle|[of] p2a: MaccPeppo\n|turn|5\n|inactive|MaikolFlame has 30 seconds left.\n|inactive|MaikolFlame has 20 seconds left.\n|inactive|MaikolFlame has 15 seconds left.\n|inactive|MaikolFlame has 10 seconds left.\n|\n|t:|1776604736\n|switch|p1b: Gyrate|Gengar-Mega, L50, M, shiny|100/100\n|move|p2b: MaccKitty|Fake Out|p1a: Ten Twinkies\n|-damage|p1a: Ten Twinkies|89/100\n|cant|p1a: Ten Twinkies|flinch\n|move|p2a: MaccPeppo|Weather Ball|p1b: Gyrate\n|-damage|p1b: Gyrate|48/100\n|\n|-weather|RainDance|[upkeep]\n|-heal|p1a: Ten Twinkies|95/100|[from] item: Leftovers\n|upkeep\n|turn|6\n|\n|t:|1776604758\n|switch|p1a: Drumsticks|Vanilluxe, L50, F|67/100\n|-weather|Snowscape|[from] ability: Snow Warning|[of] p1a: Drumsticks\n|move|p1b: Gyrate|Perish Song|p1b: Gyrate\n|-start|p1a: Drumsticks|perish3|[silent]\n|-start|p1b: Gyrate|perish3|[silent]\n|-start|p2a: MaccPeppo|perish3|[silent]\n|-start|p2b: MaccKitty|perish3|[silent]\n|-fieldactivate|move: Perish Song\n|move|p2b: MaccKitty|Close Combat|p1a: Drumsticks\n|-supereffective|p1a: Drumsticks|1\n|-damage|p1a: Drumsticks|0 fnt\n|-unboost|p2b: MaccKitty|def|1\n|-unboost|p2b: MaccKitty|spd|1\n|faint|p1a: Drumsticks\n|-enditem|p2b: MaccKitty|White Herb\n|-clearnegativeboost|p2b: MaccKitty|[silent]\n|move|p2a: MaccPeppo|Weather Ball|p1b: Gyrate\n|-damage|p1b: Gyrate|22/100\n|\n|-weather|Snowscape|[upkeep]\n|-start|p2b: MaccKitty|perish3\n|-start|p1b: Gyrate|perish3\n|-start|p2a: MaccPeppo|perish3\n|upkeep\n|\n|t:|1776604779\n|switch|p1a: Ten Twinkies|Milotic, L50, F, shiny|95/100\n|turn|7\n|inactive|Pastor/Sinner has 30 seconds left.\n|\n|t:|1776604811\n|move|p1b: Gyrate|Protect|p1b: Gyrate\n|-singleturn|p1b: Gyrate|Protect\n|move|p2b: MaccKitty|Dire Claw|p1b: Gyrate\n|-activate|p1b: Gyrate|move: Protect\n|move|p1a: Ten Twinkies|Recover|p1a: Ten Twinkies\n|-heal|p1a: Ten Twinkies|100/100\n|move|p2a: MaccPeppo|Weather Ball|p1b: Gyrate\n|-activate|p1b: Gyrate|move: Protect\n|\n|-weather|Snowscape|[upkeep]\n|-start|p2b: MaccKitty|perish2\n|-start|p1b: Gyrate|perish2\n|-start|p2a: MaccPeppo|perish2\n|upkeep\n|turn|8\n|inactive|MaikolFlame has 30 seconds left.\n|\n|t:|1776604844\n|move|p2b: MaccKitty|Dire Claw|p1b: Gyrate\n|-resisted|p1b: Gyrate|2\n|-damage|p1b: Gyrate|10/100\n|move|p1b: Gyrate|Disable|p2a: MaccPeppo\n|-start|p2a: MaccPeppo|Disable|Weather Ball\n|move|p1a: Ten Twinkies|Muddy Water|p2b: MaccKitty|[spread] p2a\n|-miss|p1a: Ten Twinkies|p2b: MaccKitty\n|-resisted|p2a: MaccPeppo|1\n|-damage|p2a: MaccPeppo|92/100\n|cant|p2a: MaccPeppo|Disable|Weather Ball\n|\n|-weather|Snowscape|[upkeep]\n|-heal|p2a: MaccPeppo|98/100|[from] item: Leftovers\n|-start|p2b: MaccKitty|perish1\n|-start|p1b: Gyrate|perish1\n|-start|p2a: MaccPeppo|perish1\n|upkeep\n|turn|9\n|inactive|MaikolFlame has 30 seconds left.\n|\n|t:|1776604874\n|move|p2a: MaccPeppo|Helping Hand|p2b: MaccKitty\n|-singleturn|p2b: MaccKitty|Helping Hand|[of] p2a: MaccPeppo\n|move|p1b: Gyrate|Protect|p1b: Gyrate\n|-singleturn|p1b: Gyrate|Protect\n|move|p1a: Ten Twinkies|Protect|p1a: Ten Twinkies\n|-singleturn|p1a: Ten Twinkies|Protect\n|move|p2b: MaccKitty|Close Combat|p1a: Ten Twinkies\n|-activate|p1a: Ten Twinkies|move: Protect\n|\n|-weather|Snowscape|[upkeep]\n|-heal|p2a: MaccPeppo|100/100|[from] item: Leftovers\n|-start|p2b: MaccKitty|perish0\n|-start|p1b: Gyrate|perish0\n|-start|p2a: MaccPeppo|perish0\n|faint|p2b: MaccKitty\n|faint|p1b: Gyrate\n|faint|p2a: MaccPeppo\n|upkeep\n|\n|t:|1776604895\n|switch|p2a: MaccFurro|Incineroar, L50, M|97/100\n|-ability|p2a: MaccFurro|Intimidate|boost\n|-unboost|p1a: Ten Twinkies|atk|1\n|-ability|p1a: Ten Twinkies|Competitive|boost\n|-boost|p1a: Ten Twinkies|spa|2\n|turn|10\n|\n|t:|1776604902\n|move|p2a: MaccFurro|Fake Out|p1a: Ten Twinkies\n|-damage|p1a: Ten Twinkies|91/100\n|cant|p1a: Ten Twinkies|flinch\n|\n|-weather|none\n|-heal|p1a: Ten Twinkies|97/100|[from] item: Leftovers\n|upkeep\n|turn|11\n|\n|t:|1776604911\n|move|p1a: Ten Twinkies|Muddy Water|p2a: MaccFurro|[miss]\n|-miss|p1a: Ten Twinkies|p2a: MaccFurro\n|move|p2a: MaccFurro|Darkest Lariat|p1a: Ten Twinkies\n|-damage|p1a: Ten Twinkies|65/100\n|\n|-heal|p1a: Ten Twinkies|71/100|[from] item: Leftovers\n|upkeep\n|turn|12\n|\n|t:|1776604922\n|move|p1a: Ten Twinkies|Muddy Water|p2a: MaccFurro\n|-supereffective|p2a: MaccFurro|1\n|-damage|p2a: MaccFurro|0 fnt\n|faint|p2a: MaccFurro\n|\n|win|Pastor/Sinner\n|raw|Pastor&#x2f;Sinner's rating: 1202 &rarr; <strong>1227</strong><br />(+25 for winning)\n|raw|MaikolFlame's rating: 1205 &rarr; <strong>1180</strong><br />(-25 for losing)\n|c|\u2606Pastor/Sinner|Ggs\n|l|\u2606MaikolFlame\n|player|p2|\n",
  "uploadtime": 1776604942,
  "views": 15,
  "formatid": "gen9championsvgc2026regma",
  "rating": 1180,
  "private": 0,
  "password": null
}