{
  "id": "gen9championsvgc2026regma-2587110185",
  "format": "[Gen 9 Champions] VGC 2026 Reg M-A",
  "players": [
    "Banari",
    "henitusec"
  ],
  "log": "|j|\u2606Banari\n|j|\u2606henitusec\n|t:|1776494802\n|gametype|doubles\n|player|p1|Banari|170|1107\n|player|p2|henitusec|steven-masters|1155\n|gen|9\n|tier|[Gen 9 Champions] VGC 2026 Reg M-A\n|rated|\n|rule|Species Clause: Limit one of each Pok\u00e9mon\n|rule|Item Clause: Limit 1 of each item\n|clearpoke\n|poke|p1|Scovillain, L50, F|\n|poke|p1|Kingambit, L50, F|\n|poke|p1|Mimikyu, L50, M, shiny|\n|poke|p1|Tyranitar, L50, M|\n|poke|p1|Sinistcha, L50|\n|poke|p1|Rotom-Wash, L50, shiny|\n|poke|p2|Gardevoir, L50, F, shiny|\n|poke|p2|Aegislash, L50, M|\n|poke|p2|Incineroar, L50, M|\n|poke|p2|Vivillon-Polar, L50, M|\n|poke|p2|Whimsicott, L50, F|\n|poke|p2|Tauros-Paldea-Aqua, L50, M|\n|teampreview|4\n|inactive|Battle timer is ON: inactive players will automatically lose when time's up. (requested by henitusec)\nhenitusec rejected open team sheets.\n|\n|t:|1776494830\n|teamsize|p1|4\n|teamsize|p2|4\n|start\n|switch|p1a: Mimikyu|Mimikyu, L50, M, shiny|100/100\n|switch|p1b: Kingambit|Kingambit, L50, F|100/100\n|switch|p2a: Whimsicott|Whimsicott, L50, F|100/100\n|switch|p2b: Gardevoir|Gardevoir, L50, F, shiny|100/100\n|-ability|p2b: Gardevoir|Defiant|Trace|[from] ability: Trace|[of] p1b: Kingambit\n|turn|1\n|\n|t:|1776494841\n|detailschange|p2b: Gardevoir|Gardevoir-Mega, L50, F, shiny\n|-mega|p2b: Gardevoir|Gardevoir|Gardevoirite\n|move|p1b: Kingambit|Protect|p1b: Kingambit\n|-singleturn|p1b: Kingambit|Protect\n|move|p2a: Whimsicott|Taunt|p1a: Mimikyu\n|-start|p1a: Mimikyu|move: Taunt\n|-enditem|p1a: Mimikyu|Mental Herb\n|-end|p1a: Mimikyu|move: Taunt\n|move|p2b: Gardevoir|Hyper Voice|p1b: Kingambit|[spread] p1a\n|-activate|p1b: Kingambit|move: Protect\n|-activate|p1a: Mimikyu|ability: Disguise\n|-damage|p1a: Mimikyu|100/100\n|detailschange|p1a: Mimikyu|Mimikyu-Busted, L50, M, shiny\n|-damage|p1a: Mimikyu|88/100|[from] pokemon: Mimikyu-Busted\n|move|p1a: Mimikyu|Trick Room|p1a: Mimikyu\n|-fieldstart|move: Trick Room|[of] p1a: Mimikyu\n|\n|upkeep\n|turn|2\n|\n|t:|1776494865\n|move|p2b: Gardevoir|Vacuum Wave|p1b: Kingambit\n|-supereffective|p1b: Kingambit|2\n|-damage|p1b: Kingambit|38/100\n|move|p1a: Mimikyu|Shadow Sneak|p2b: Gardevoir\n|-supereffective|p2b: Gardevoir|1\n|-damage|p2b: Gardevoir|62/100\n|move|p2a: Whimsicott|Encore|p1a: Mimikyu\n|-start|p1a: Mimikyu|Encore\n|move|p1b: Kingambit|Iron Head|p2b: Gardevoir\n|-supereffective|p2b: Gardevoir|1\n|-damage|p2b: Gardevoir|0 fnt\n|faint|p2b: Gardevoir\n|\n|upkeep\n|\n|t:|1776494878\n|switch|p2b: Vivillon|Vivillon-Polar, L50, M|100/100\n|turn|3\n|inactive|henitusec has 30 seconds left.\n|\n|t:|1776494903\n|move|p2b: Vivillon|Protect|p2b: Vivillon\n|-singleturn|p2b: Vivillon|Protect\n|move|p1a: Mimikyu|Shadow Sneak|p2a: Whimsicott\n|-damage|p2a: Whimsicott|81/100\n|move|p2a: Whimsicott|Light Screen|p2a: Whimsicott\n|-sidestart|p2: henitusec|move: Light Screen\n|move|p1b: Kingambit|Iron Head|p2a: Whimsicott\n|-supereffective|p2a: Whimsicott|1\n|-damage|p2a: Whimsicott|0 fnt\n|faint|p2a: Whimsicott\n|\n|upkeep\n|\n|t:|1776494912\n|switch|p2a: Aegislash|Aegislash, L50, M|100/100\n|turn|4\n|\n|t:|1776494919\n|move|p2a: Aegislash|King's Shield|p2a: Aegislash\n|-singleturn|p2a: Aegislash|Protect\n|move|p1a: Mimikyu|Shadow Sneak|p2a: Aegislash\n|-activate|p2a: Aegislash|move: Protect\n|-unboost|p1a: Mimikyu|atk|1\n|move|p1b: Kingambit|Kowtow Cleave|p2a: Aegislash\n|-activate|p2a: Aegislash|move: Protect\n|-unboost|p1b: Kingambit|atk|1\n|-ability|p1b: Kingambit|Defiant|boost\n|-boost|p1b: Kingambit|atk|2\n|move|p2b: Vivillon|Hurricane|p1b: Kingambit\n|-resisted|p1b: Kingambit|1\n|-damage|p1b: Kingambit|17/100\n|-start|p1b: Kingambit|confusion\n|\n|upkeep\n|turn|5\n|\n|t:|1776494940\n|move|p2b: Vivillon|Rage Powder|p2b: Vivillon\n|-singleturn|p2b: Vivillon|move: Rage Powder\n|move|p1a: Mimikyu|Shadow Sneak|p2b: Vivillon\n|-damage|p2b: Vivillon|79/100\n|-activate|p1b: Kingambit|confusion\n|-damage|p1b: Kingambit|0 fnt|[from] confusion\n|faint|p1b: Kingambit\n|-formechange|p2a: Aegislash|Aegislash-Blade|\n|move|p2a: Aegislash|Poltergeist||[still]\n|-fail|p2a: Aegislash\n|\n|-end|p1a: Mimikyu|Encore\n|-fieldend|move: Trick Room\n|upkeep\n|\n|t:|1776494946\n|switch|p1b: Scovillain|Scovillain, L50, F|100/100\n|turn|6\n|\n|t:|1776494959\n|detailschange|p1b: Scovillain|Scovillain-Mega, L50, F\n|-mega|p1b: Scovillain|Scovillain|Scovillainite\n|move|p2b: Vivillon|Hurricane|p1b: Scovillain\n|-supereffective|p1b: Scovillain|1\n|-damage|p1b: Scovillain|0 fnt\n|-status|p2b: Vivillon|brn|[from] ability: Spicy Spray|[of] p1b: Scovillain\n|faint|p1b: Scovillain\n|move|p2a: Aegislash|Rock Slide|p1a: Mimikyu\n|-damage|p1a: Mimikyu|49/100\n|move|p1a: Mimikyu|Trick Room|p1a: Mimikyu\n|-fieldstart|move: Trick Room|[of] p1a: Mimikyu\n|\n|-damage|p2b: Vivillon|74/100 brn|[from] brn\n|upkeep\n|\n|t:|1776494967\n|switch|p1b: Tyranitar|Tyranitar, L50, M|100/100\n|-weather|Sandstorm|[from] ability: Sand Stream|[of] p1b: Tyranitar\n|turn|7\n|\n|t:|1776494979\n|move|p2b: Vivillon|Rage Powder|p2b: Vivillon\n|-singleturn|p2b: Vivillon|move: Rage Powder\n|move|p1a: Mimikyu|Shadow Sneak|p2b: Vivillon\n|-damage|p2b: Vivillon|50/100 brn\n|move|p1b: Tyranitar|Rock Slide|p2a: Aegislash|[spread] p2a,p2b\n|-resisted|p2a: Aegislash|1\n|-supereffective|p2b: Vivillon|2\n|-damage|p2a: Aegislash|70/100\n|-damage|p2b: Vivillon|0 fnt\n|faint|p2b: Vivillon\n|move|p2a: Aegislash|Sacred Sword|p1b: Tyranitar\n|-supereffective|p1b: Tyranitar|2\n|-damage|p1b: Tyranitar|0 fnt\n|faint|p1b: Tyranitar\n|\n|-weather|Sandstorm|[upkeep]\n|-damage|p1a: Mimikyu|43/100|[from] Sandstorm\n|-sideend|p2: henitusec|move: Light Screen\n|upkeep\n|turn|8\n|\n|t:|1776494995\n|-formechange|p2a: Aegislash|Aegislash|\n|move|p2a: Aegislash|King's Shield|p2a: Aegislash\n|-singleturn|p2a: Aegislash|Protect\n|move|p1a: Mimikyu|Swords Dance|p1a: Mimikyu\n|-boost|p1a: Mimikyu|atk|2\n|\n|-weather|Sandstorm|[upkeep]\n|-damage|p1a: Mimikyu|37/100|[from] Sandstorm\n|upkeep\n|turn|9\n|\n|t:|1776495005\n|move|p1a: Mimikyu|Shadow Sneak|p2a: Aegislash\n|-supereffective|p2a: Aegislash|1\n|-damage|p2a: Aegislash|30/100\n|-formechange|p2a: Aegislash|Aegislash-Blade|\n|move|p2a: Aegislash|Rock Slide|p1a: Mimikyu\n|-damage|p1a: Mimikyu|0 fnt\n|faint|p1a: Mimikyu\n|\n|win|henitusec\n|raw|Banari's rating: 1107 &rarr; <strong>1085</strong><br />(-22 for losing)\n|raw|henitusec's rating: 1155 &rarr; <strong>1177</strong><br />(+22 for winning)\n|l|\u2606Banari\n|player|p1|\n",
  "uploadtime": 1776495011,
  "views": 14,
  "formatid": "gen9championsvgc2026regma",
  "rating": 1085,
  "private": 0,
  "password": null
}