{
  "id": "gen9championsvgc2026regma-2584224078",
  "format": "[Gen 9 Champions] VGC 2026 Reg M-A",
  "players": [
    "Lord Lorcrux",
    "AnotherDreamer"
  ],
  "log": "|j|\u2606Lord Lorcrux\n|j|\u2606AnotherDreamer\n|t:|1776240222\n|gametype|doubles\n|player|p1|Lord Lorcrux|roughneck|1332\n|player|p2|AnotherDreamer|102|1351\n|gen|9\n|tier|[Gen 9 Champions] VGC 2026 Reg M-A\n|rated|\n|rule|Species Clause: Limit one of each Pok\u00e9mon\n|rule|Item Clause: Limit 1 of each item\n|clearpoke\n|poke|p1|Charizard, L50, F|\n|poke|p1|Sneasler, L50, M|\n|poke|p1|Rotom-Wash, L50|\n|poke|p1|Garchomp, L50, M|\n|poke|p1|Incineroar, L50, F|\n|poke|p1|Milotic, L50, F|\n|poke|p2|Incineroar, L50, F|\n|poke|p2|Floette-Eternal, L50, F|\n|poke|p2|Aerodactyl, L50, F|\n|poke|p2|Basculegion, L50, M|\n|poke|p2|Garchomp, L50, F|\n|poke|p2|Sneasler, L50, M|\n|teampreview|4\n|inactive|Battle timer is ON: inactive players will automatically lose when time's up. (requested by AnotherDreamer)\n|inactive|Lord Lorcrux has 60 seconds left.\n|\n|t:|1776240272\n|teamsize|p1|4\n|teamsize|p2|4\n|start\n|switch|p1a: Milotic|Milotic, L50, F|100/100\n|switch|p1b: Sneasler|Sneasler, L50, M|100/100\n|switch|p2a: Aerodactyl|Aerodactyl, L50, F|100/100\n|switch|p2b: Garchomp|Garchomp, L50, F|100/100\n|-ability|p2a: Aerodactyl|Unnerve\n|turn|1\n|\n|t:|1776240295\n|move|p2a: Aerodactyl|Protect|p2a: Aerodactyl\n|-singleturn|p2a: Aerodactyl|Protect\n|move|p2b: Garchomp|Protect|p2b: Garchomp\n|-singleturn|p2b: Garchomp|Protect\n|move|p1b: Sneasler|Fake Out|p2b: Garchomp\n|-activate|p2b: Garchomp|move: Protect\n|move|p1a: Milotic|Icy Wind|p2a: Aerodactyl|[spread] \n|-activate|p2a: Aerodactyl|move: Protect\n|-activate|p2b: Garchomp|move: Protect\n|\n|upkeep\n|turn|2\n|\n|t:|1776240312\n|move|p1b: Sneasler|Protect|p1b: Sneasler\n|-singleturn|p1b: Sneasler|Protect\n|move|p2a: Aerodactyl|Tailwind|p2a: Aerodactyl\n|-sidestart|p2: AnotherDreamer|move: Tailwind\n|move|p2b: Garchomp|Earthquake|p1b: Sneasler|[spread] p1a\n|-activate|p1b: Sneasler|move: Protect\n|-immune|p2a: Aerodactyl\n|-damage|p1a: Milotic|68/100\n|move|p1a: Milotic|Ice Beam|p2b: Garchomp\n|-supereffective|p2b: Garchomp|2\n|-crit|p2b: Garchomp\n|-damage|p2b: Garchomp|0 fnt\n|faint|p2b: Garchomp\n|\n|-heal|p1a: Milotic|74/100|[from] item: Leftovers\n|upkeep\n|\n|t:|1776240321\n|switch|p2b: Floette|Floette-Eternal, L50, F|100/100\n|turn|3\n|\n|t:|1776240346\n|switch|p1b: Garchomp|Garchomp, L50, M|100/100\n|detailschange|p2b: Floette|Floette-Mega, L50, F\n|-mega|p2b: Floette|Floette|Floettite\n|-ability|p2b: Floette|Fairy Aura\n|move|p2a: Aerodactyl|Dual Wingbeat|p1b: Garchomp\n|-damage|p1b: Garchomp|83/100\n|-damage|p2a: Aerodactyl|88/100|[from] ability: Rough Skin|[of] p1b: Garchomp\n|-damage|p1b: Garchomp|63/100\n|-damage|p2a: Aerodactyl|76/100|[from] ability: Rough Skin|[of] p1b: Garchomp\n|-hitcount|p1b: Garchomp|2\n|move|p2b: Floette|Calm Mind|p2b: Floette\n|-boost|p2b: Floette|spa|1\n|-boost|p2b: Floette|spd|1\n|move|p1a: Milotic|Icy Wind|p2a: Aerodactyl|[spread] p2a,p2b\n|-supereffective|p2a: Aerodactyl|1\n|-damage|p2a: Aerodactyl|48/100\n|-damage|p2b: Floette|96/100\n|-unboost|p2a: Aerodactyl|spe|1\n|-unboost|p2b: Floette|spe|1\n|\n|-heal|p1a: Milotic|80/100|[from] item: Leftovers\n|upkeep\n|turn|4\n|inactive|Lord Lorcrux has 30 seconds left.\n|\n|t:|1776240377\n|move|p2a: Aerodactyl|Rock Slide|p1a: Milotic|[spread] p1a,p1b\n|-resisted|p1b: Garchomp|1\n|-damage|p1a: Milotic|59/100\n|-damage|p1b: Garchomp|51/100\n|move|p1b: Garchomp|Rock Slide|p2a: Aerodactyl|[spread] p2a\n|-miss|p1b: Garchomp|p2b: Floette\n|-supereffective|p2a: Aerodactyl|1\n|-damage|p2a: Aerodactyl|0 fnt\n|faint|p2a: Aerodactyl\n|move|p2b: Floette|Dazzling Gleam|p1b: Garchomp|[spread] p1a,p1b\n|-supereffective|p1b: Garchomp|1\n|-crit|p1b: Garchomp\n|-damage|p1a: Milotic|12/100\n|-damage|p1b: Garchomp|0 fnt\n|faint|p1b: Garchomp\n|move|p1a: Milotic|Icy Wind|p2b: Floette\n|-damage|p2b: Floette|89/100\n|-unboost|p2b: Floette|spe|1\n|\n|-heal|p1a: Milotic|18/100|[from] item: Leftovers\n|upkeep\n|\n|t:|1776240399\n|switch|p2a: Basculegion|Basculegion, L50, M|100/100\n|switch|p1b: Sneasler|Sneasler, L50, M|100/100\n|turn|5\n|\n|t:|1776240419\n|move|p1b: Sneasler|Protect|p1b: Sneasler\n|-singleturn|p1b: Sneasler|Protect\n|move|p2a: Basculegion|Last Respects|p1b: Sneasler\n|-activate|p1b: Sneasler|move: Protect\n|move|p2b: Floette|Dazzling Gleam|p1a: Milotic|[spread] p1a\n|-activate|p1b: Sneasler|move: Protect\n|-damage|p1a: Milotic|0 fnt\n|faint|p1a: Milotic\n|\n|-sideend|p2: AnotherDreamer|move: Tailwind\n|upkeep\n|\n|t:|1776240427\n|switch|p1a: Charizard|Charizard, L50, F|100/100\n|turn|6\n|\n|t:|1776240436\n|detailschange|p1a: Charizard|Charizard-Mega-Y, L50, F\n|-mega|p1a: Charizard|Charizard|Charizardite Y\n|-weather|SunnyDay|[from] ability: Drought|[of] p1a: Charizard\n|move|p2a: Basculegion|Last Respects|p1b: Sneasler\n|-damage|p1b: Sneasler|0 fnt\n|faint|p1b: Sneasler\n|move|p1a: Charizard|Solar Beam||[still]\n|-prepare|p1a: Charizard|Solar Beam\n|-anim|p1a: Charizard|Solar Beam|p2a: Basculegion\n|-supereffective|p2a: Basculegion|1\n|-damage|p2a: Basculegion|0 fnt\n|faint|p2a: Basculegion\n|move|p2b: Floette|Dazzling Gleam|p1a: Charizard\n|-resisted|p1a: Charizard|1\n|-damage|p1a: Charizard|62/100\n|\n|-weather|SunnyDay|[upkeep]\n|upkeep\n|turn|7\n|\n|t:|1776240452\n|move|p2b: Floette|Protect|p2b: Floette\n|-singleturn|p2b: Floette|Protect\n|move|p1a: Charizard|Weather Ball|p2b: Floette\n|-activate|p2b: Floette|move: Protect\n|\n|-weather|SunnyDay|[upkeep]\n|upkeep\n|turn|8\n|\n|t:|1776240460\n|move|p1a: Charizard|Weather Ball|p2b: Floette\n|-damage|p2b: Floette|42/100\n|move|p2b: Floette|Moonblast|p1a: Charizard\n|-resisted|p1a: Charizard|1\n|-damage|p1a: Charizard|12/100\n|\n|-weather|SunnyDay|[upkeep]\n|upkeep\n|turn|9\n|\n|t:|1776240471\n|move|p2b: Floette|Protect|p2b: Floette\n|-singleturn|p2b: Floette|Protect\n|move|p1a: Charizard|Weather Ball|p2b: Floette\n|-activate|p2b: Floette|move: Protect\n|\n|-weather|SunnyDay|[upkeep]\n|upkeep\n|turn|10\n|\n|t:|1776240480\n|move|p2b: Floette|Protect||[still]\n|-fail|p2b: Floette\n|move|p1a: Charizard|Weather Ball|p2b: Floette\n|-damage|p2b: Floette|0 fnt\n|faint|p2b: Floette\n|\n|win|Lord Lorcrux\n|raw|Lord Lorcrux's rating: 1332 &rarr; <strong>1353</strong><br />(+21 for winning)\n|raw|AnotherDreamer's rating: 1351 &rarr; <strong>1330</strong><br />(-21 for losing)\n|l|\u2606AnotherDreamer\n|player|p2|\n|l|\u2606Lord Lorcrux\n|player|p1|\n",
  "uploadtime": 1776240495,
  "views": 27,
  "formatid": "gen9championsvgc2026regma",
  "rating": 1330,
  "private": 0,
  "password": null
}