{
  "id": "gen9championsvgc2026regma-2583921127",
  "format": "[Gen 9 Champions] VGC 2026 Reg M-A",
  "players": [
    "CylusAA",
    "Lioxim"
  ],
  "log": "|j|\u2606CylusAA\n|j|\u2606Lioxim\n|t:|1776208471\n|gametype|doubles\n|player|p1|CylusAA|cynthia|1091\n|player|p2|Lioxim|2|1138\n|gen|9\n|tier|[Gen 9 Champions] VGC 2026 Reg M-A\n|rated|\n|rule|Species Clause: Limit one of each Pok\u00e9mon\n|rule|Item Clause: Limit 1 of each item\n|clearpoke\n|poke|p1|Gardevoir, L50, F|\n|poke|p1|Garchomp, L50, F|\n|poke|p1|Talonflame, L50, M|\n|poke|p1|Orthworm, L50, F|\n|poke|p1|Basculegion, L50, M|\n|poke|p1|Rotom-Heat, L50|\n|poke|p2|Tyranitar, L50, F|\n|poke|p2|Rotom-Wash, L50|\n|poke|p2|Garchomp, L50, M|\n|poke|p2|Corviknight, L50, F|\n|poke|p2|Sinistcha, L50|\n|poke|p2|Sneasler, L50, F|\n|teampreview|4\nCylusAA has agreed to open team sheets.\n|\n|t:|1776208514\n|teamsize|p1|4\n|teamsize|p2|4\n|start\n|switch|p1a: Ellen Joe|Garchomp, L50, F, shiny|100/100\n|switch|p1b: Instant Noodle|Orthworm, L50, F, shiny|100/100\n|switch|p2a: Tyranitar|Tyranitar, L50, F|100/100\n|switch|p2b: Garchomp|Garchomp, L50, M|100/100\n|-weather|Sandstorm|[from] ability: Sand Stream|[of] p2a: Tyranitar\n|turn|1\n|inactive|Battle timer is ON: inactive players will automatically lose when time's up. (requested by Lioxim)\n|\n|t:|1776208538\n|move|p2a: Tyranitar|Protect|p2a: Tyranitar\n|-singleturn|p2a: Tyranitar|Protect\n|move|p1a: Ellen Joe|Earthquake|p2b: Garchomp|[spread] p2b\n|-activate|p2a: Tyranitar|move: Protect\n|-immune|p1b: Instant Noodle|[from] ability: Earth Eater\n|-damage|p2b: Garchomp|63/100\n|move|p2b: Garchomp|Dragon Claw|p1a: Ellen Joe\n|-supereffective|p1a: Ellen Joe|1\n|-damage|p1a: Ellen Joe|5/100\n|-damage|p2b: Garchomp|51/100|[from] ability: Rough Skin|[of] p1a: Ellen Joe\n|move|p1b: Instant Noodle|Iron Head|p2a: Tyranitar\n|-activate|p2a: Tyranitar|move: Protect\n|\n|-weather|Sandstorm|[upkeep]\n|upkeep\n|turn|2\n|\n|t:|1776208561\n|switch|p2a: Corviknight|Corviknight, L50, F|100/100\n|move|p1a: Ellen Joe|Earthquake|p2b: Garchomp|[spread] p2b\n|-immune|p1b: Instant Noodle|[from] ability: Earth Eater\n|-immune|p2a: Corviknight\n|-damage|p2b: Garchomp|17/100\n|move|p2b: Garchomp|Dragon Claw|p1a: Ellen Joe\n|-supereffective|p1a: Ellen Joe|1\n|-damage|p1a: Ellen Joe|0 fnt\n|-damage|p2b: Garchomp|5/100|[from] ability: Rough Skin|[of] p1a: Ellen Joe\n|faint|p1a: Ellen Joe\n|move|p1b: Instant Noodle|Iron Head|p2a: Corviknight\n|-resisted|p2a: Corviknight|1\n|-damage|p2a: Corviknight|90/100\n|\n|-weather|Sandstorm|[upkeep]\n|upkeep\n|\n|t:|1776208576\n|switch|p1a: Rotom|Rotom-Heat, L50, shiny|100/100\n|turn|3\n|\n|t:|1776208592\n|switch|p2a: Rotom|Rotom-Wash, L50|100/100\n|move|p2b: Garchomp|Dragon Claw|p1a: Rotom\n|-damage|p1a: Rotom|39/100\n|move|p1a: Rotom|Thunderbolt|p2a: Rotom\n|-damage|p2a: Rotom|51/100\n|move|p1b: Instant Noodle|Shed Tail|p1b: Instant Noodle\n|-start|p1b: Instant Noodle|Substitute|[from] move: Shed Tail\n|-damage|p1b: Instant Noodle|50/100\n|\n|t:|1776208601\n|switch|p1b: Ganyu|Gardevoir, L50, F, shiny|100/100|[from] Shed Tail\n|\n|-weather|Sandstorm|[upkeep]\n|-damage|p1a: Rotom|34/100|[from] Sandstorm\n|-damage|p1b: Ganyu|94/100|[from] Sandstorm\n|-damage|p2a: Rotom|45/100|[from] Sandstorm\n|-heal|p2a: Rotom|51/100|[from] item: Leftovers\n|upkeep\n|turn|4\n|\n|t:|1776208615\n|detailschange|p1b: Ganyu|Gardevoir-Mega, L50, F, shiny\n|-mega|p1b: Ganyu|Gardevoir|Gardevoirite\n|move|p2b: Garchomp|Dragon Claw|p1a: Rotom\n|-damage|p1a: Rotom|0 fnt\n|faint|p1a: Rotom\n|move|p1b: Ganyu|Hyper Voice|p2b: Garchomp|[spread] p2a,p2b\n|-supereffective|p2b: Garchomp|1\n|-damage|p2a: Rotom|0 fnt\n|-damage|p2b: Garchomp|0 fnt\n|faint|p2a: Rotom\n|faint|p2b: Garchomp\n|\n|-weather|Sandstorm|[upkeep]\n|-damage|p1b: Ganyu|88/100|[from] Sandstorm\n|upkeep\n|\n|t:|1776208626\n|switch|p1a: Instant Noodle|Orthworm, L50, F, shiny|50/100\n|switch|p2b: Corviknight|Corviknight, L50, F|90/100\n|switch|p2a: Tyranitar|Tyranitar, L50, F|100/100\n|turn|5\n|inactive|Lioxim has 30 seconds left.\n|\n|t:|1776208656\n|detailschange|p2a: Tyranitar|Tyranitar-Mega, L50, F\n|-mega|p2a: Tyranitar|Tyranitar|Tyranitarite\n|move|p1b: Ganyu|Hyper Voice|p2b: Corviknight|[spread] p2a,p2b\n|-supereffective|p2a: Tyranitar|1\n|-resisted|p2b: Corviknight|1\n|-damage|p2a: Tyranitar|51/100\n|-damage|p2b: Corviknight|65/100\n|move|p2a: Tyranitar|Knock Off|p1a: Instant Noodle\n|-damage|p1a: Instant Noodle|16/100\n|-enditem|p1a: Instant Noodle|Leftovers|[from] move: Knock Off|[of] p2a: Tyranitar\n|move|p2b: Corviknight|Tailwind|p2b: Corviknight\n|-sidestart|p2: Lioxim|move: Tailwind\n|move|p1a: Instant Noodle|Body Press|p2b: Corviknight\n|-damage|p2b: Corviknight|34/100\n|\n|-weather|none\n|upkeep\n|turn|6\n|\n|t:|1776208680\n|move|p1a: Instant Noodle|Protect|p1a: Instant Noodle\n|-singleturn|p1a: Instant Noodle|Protect\n|move|p2a: Tyranitar|Rock Slide|p1b: Ganyu|[spread] p1b\n|-activate|p1a: Instant Noodle|move: Protect\n|-end|p1b: Ganyu|Substitute\n|move|p2b: Corviknight|Iron Head|p1b: Ganyu\n|-supereffective|p1b: Ganyu|1\n|-damage|p1b: Ganyu|0 fnt\n|faint|p1b: Ganyu\n|\n|upkeep\n|turn|7\n|\n|t:|1776208692\n|move|p2a: Tyranitar|Knock Off|p1a: Instant Noodle\n|-damage|p1a: Instant Noodle|0 fnt\n|faint|p1a: Instant Noodle\n|\n|win|Lioxim\n|raw|CylusAA's rating: 1091 &rarr; <strong>1071</strong><br />(-20 for losing)\n|raw|Lioxim's rating: 1138 &rarr; <strong>1160</strong><br />(+22 for winning)\n|l|\u2606CylusAA\n|player|p1|\n",
  "uploadtime": 1776208700,
  "views": 18,
  "formatid": "gen9championsvgc2026regma",
  "rating": 1071,
  "private": 0,
  "password": null
}