{
  "id": "gen9championsvgc2026regma-2584862865",
  "format": "[Gen 9 Champions] VGC 2026 Reg M-A",
  "players": [
    "arijimo",
    "MrNiqht"
  ],
  "log": "|j|\u2606arijimo\n|j|\u2606MrNiqht\n|t:|1776289596\n|gametype|doubles\n|player|p1|arijimo|1|1209\n|player|p2|MrNiqht|grimsley|1271\n|gen|9\n|tier|[Gen 9 Champions] VGC 2026 Reg M-A\n|rated|\n|rule|Species Clause: Limit one of each Pok\u00e9mon\n|rule|Item Clause: Limit 1 of each item\n|clearpoke\n|poke|p1|Volcarona, L50, M|\n|poke|p1|Rotom-Wash, L50|\n|poke|p1|Sinistcha, L50|\n|poke|p1|Garchomp, L50, F|\n|poke|p1|Kangaskhan, L50, F|\n|poke|p1|Tyranitar, L50, M|\n|poke|p2|Aggron, L50, M|\n|poke|p2|Sinistcha, L50|\n|poke|p2|Tyranitar, L50, M|\n|poke|p2|Goodra, L50, M|\n|poke|p2|Dragapult, L50, M|\n|poke|p2|Kangaskhan, L50, F|\n|teampreview|4\n|inactive|Battle timer is ON: inactive players will automatically lose when time's up. (requested by MrNiqht)\n|\n|t:|1776289623\n|teamsize|p1|4\n|teamsize|p2|4\n|start\n|switch|p1a: Rotom|Rotom-Wash, L50|100/100\n|switch|p1b: Garchomp|Garchomp, L50, F|100/100\n|switch|p2a: Goodra|Goodra, L50, M|100/100\n|switch|p2b: Dragapult|Dragapult, L50, M|100/100\n|turn|1\n|\n|t:|1776289639\n|move|p1b: Garchomp|Breaking Swipe|p2a: Goodra|[spread] p2a,p2b\n|-supereffective|p2a: Goodra|1\n|-enditem|p2a: Goodra|Haban Berry|[eat]\n|-enditem|p2a: Goodra|Haban Berry|[weaken]\n|-supereffective|p2b: Dragapult|1\n|-damage|p2a: Goodra|70/100\n|-damage|p2b: Dragapult|31/100\n|-unboost|p2a: Goodra|atk|1\n|-ability|p2a: Goodra|Gooey\n|-unboost|p1b: Garchomp|spe|1\n|move|p2b: Dragapult|Will-O-Wisp|p1b: Garchomp\n|-status|p1b: Garchomp|brn\n|move|p1a: Rotom|Volt Switch|p2b: Dragapult\n|-resisted|p2b: Dragapult|1\n|-damage|p2b: Dragapult|10/100\n|\n|t:|1776289656\n|switch|p1a: Kangaskhan|Kangaskhan, L50, F|100/100|[from] Volt Switch\n|move|p2a: Goodra|Dragon Pulse|p1a: Kangaskhan\n|-damage|p1a: Kangaskhan|53/100\n|\n|-damage|p1b: Garchomp|95/100 brn|[from] brn\n|upkeep\n|turn|2\n|\n|t:|1776289675\n|switch|p1a: Rotom|Rotom-Wash, L50|100/100\n|move|p2b: Dragapult|Will-O-Wisp|p1a: Rotom\n|-status|p1a: Rotom|brn\n|move|p1b: Garchomp|Breaking Swipe|p2a: Goodra|[spread] p2a,p2b\n|-supereffective|p2a: Goodra|1\n|-supereffective|p2b: Dragapult|1\n|-damage|p2a: Goodra|42/100\n|-damage|p2b: Dragapult|0 fnt\n|-unboost|p2a: Goodra|atk|1\n|-ability|p2a: Goodra|Gooey\n|-unboost|p1b: Garchomp|spe|1\n|faint|p2b: Dragapult\n|move|p2a: Goodra|Dragon Pulse|p1a: Rotom\n|-damage|p1a: Rotom|44/100 brn\n|\n|-heal|p1a: Rotom|50/100 brn|[from] item: Leftovers\n|-damage|p1a: Rotom|44/100 brn|[from] brn\n|-damage|p1b: Garchomp|89/100 brn|[from] brn\n|upkeep\n|\n|t:|1776289679\n|switch|p2b: Sinistcha|Sinistcha, L50|100/100\n|-heal|p2a: Goodra|67/100|[from] ability: Hospitality|[of] p2b: Sinistcha\n|turn|3\n|\n|t:|1776289694\n|switch|p1b: Sinistcha|Sinistcha, L50|100/100\n|-heal|p1a: Rotom|69/100 brn|[from] ability: Hospitality|[of] p1b: Sinistcha\n|move|p1a: Rotom|Volt Switch|p2a: Goodra\n|-resisted|p2a: Goodra|1\n|-damage|p2a: Goodra|57/100\n|\n|t:|1776289703\n|switch|p1a: Garchomp|Garchomp, L50, F|89/100 brn|[from] Volt Switch\n|move|p2a: Goodra|Dragon Pulse|p1a: Garchomp\n|-supereffective|p1a: Garchomp|1\n|-damage|p1a: Garchomp|0 fnt\n|faint|p1a: Garchomp\n|move|p2b: Sinistcha|Life Dew||[still]|[spread] p2a,p2b\n|-heal|p2a: Goodra|82/100\n|-fail|p2b: Sinistcha|heal\n|\n|upkeep\n|\n|t:|1776289709\n|switch|p1a: Kangaskhan|Kangaskhan, L50, F|53/100\n|turn|4\n|\n|t:|1776289722\n|detailschange|p1a: Kangaskhan|Kangaskhan-Mega, L50, F\n|-mega|p1a: Kangaskhan|Kangaskhan|Kangaskhanite\n|move|p1b: Sinistcha|Rage Powder|p1b: Sinistcha\n|-singleturn|p1b: Sinistcha|move: Rage Powder\n|move|p1a: Kangaskhan|Crunch|p2b: Sinistcha\n|-supereffective|p2b: Sinistcha|1\n|-damage|p2b: Sinistcha|53/100\n|-supereffective|p2b: Sinistcha|1\n|-damage|p2b: Sinistcha|42/100\n|-enditem|p2b: Sinistcha|Sitrus Berry|[eat]\n|-heal|p2b: Sinistcha|67/100|[from] item: Sitrus Berry\n|-hitcount|p2b: Sinistcha|2\n|move|p2a: Goodra|Flamethrower|p1b: Sinistcha\n|-supereffective|p1b: Sinistcha|1\n|-enditem|p1b: Sinistcha|Occa Berry|[eat]\n|-enditem|p1b: Sinistcha|Occa Berry|[weaken]\n|-damage|p1b: Sinistcha|74/100\n|move|p2b: Sinistcha|Matcha Gotcha|p1a: Kangaskhan|[spread] p1a\n|-miss|p2b: Sinistcha|p1b: Sinistcha\n|-damage|p1a: Kangaskhan|30/100\n|-heal|p2b: Sinistcha|80/100|[from] drain|[of] p1a: Kangaskhan\n|\n|upkeep\n|turn|5\n|inactive|MrNiqht has 30 seconds left.\n|inactive|MrNiqht has 20 seconds left.\n|inactive|MrNiqht has 15 seconds left.\n|\n|t:|1776289764\n|move|p1a: Kangaskhan|Crunch|p2b: Sinistcha\n|-supereffective|p2b: Sinistcha|1\n|-damage|p2b: Sinistcha|34/100\n|-supereffective|p2b: Sinistcha|1\n|-damage|p2b: Sinistcha|22/100\n|-hitcount|p2b: Sinistcha|2\n|move|p2a: Goodra|Flamethrower|p1b: Sinistcha\n|-supereffective|p1b: Sinistcha|1\n|-damage|p1b: Sinistcha|22/100\n|-status|p1b: Sinistcha|brn\n|move|p1b: Sinistcha|Life Dew|p1b: Sinistcha|[spread] p1a,p1b\n|-heal|p1a: Kangaskhan|54/100\n|-heal|p1b: Sinistcha|47/100 brn\n|move|p2b: Sinistcha|Matcha Gotcha|p1a: Kangaskhan|[spread] p1a,p1b\n|-resisted|p1b: Sinistcha|1\n|-damage|p1a: Kangaskhan|31/100\n|-heal|p2b: Sinistcha|35/100|[from] drain|[of] p1a: Kangaskhan\n|-damage|p1b: Sinistcha|37/100 brn\n|-heal|p2b: Sinistcha|40/100|[from] drain|[of] p1b: Sinistcha\n|\n|-damage|p1b: Sinistcha|31/100 brn|[from] brn\n|upkeep\n|turn|6\n|\n|t:|1776289786\n|switch|p1b: Rotom|Rotom-Wash, L50|69/100 brn\n|move|p1a: Kangaskhan|Crunch|p2b: Sinistcha\n|-supereffective|p2b: Sinistcha|1\n|-damage|p2b: Sinistcha|0 fnt\n|faint|p2b: Sinistcha\n|-hitcount|p2: Sinistcha|1\n|move|p2a: Goodra|Flamethrower|p1b: Rotom\n|-resisted|p1b: Rotom|1\n|-damage|p1b: Rotom|52/100 brn\n|\n|-heal|p1b: Rotom|58/100 brn|[from] item: Leftovers\n|-damage|p1b: Rotom|52/100 brn|[from] brn\n|upkeep\n|\n|t:|1776289789\n|switch|p2b: Aggron|Aggron, L50, M|100/100\n|turn|7\n|inactive|arijimo has 30 seconds left.\n|inactive|MrNiqht has 30 seconds left.\n|\n|t:|1776289817\n|switch|p1a: Sinistcha|Sinistcha, L50|31/100 brn\n|-heal|p1b: Rotom|77/100 brn|[from] ability: Hospitality|[of] p1a: Sinistcha\n|detailschange|p2b: Aggron|Aggron-Mega, L50, M\n|-mega|p2b: Aggron|Aggron|Aggronite\n|move|p1b: Rotom|Hydro Pump|p2b: Aggron\n|-damage|p2b: Aggron|55/100\n|move|p2a: Goodra|Dragon Pulse|p1b: Rotom\n|-damage|p1b: Rotom|22/100 brn\n|move|p2b: Aggron|Body Press|p1a: Sinistcha\n|-immune|p1a: Sinistcha\n|\n|-heal|p1b: Rotom|28/100 brn|[from] item: Leftovers\n|-damage|p1b: Rotom|22/100 brn|[from] brn\n|-damage|p1a: Sinistcha|25/100 brn|[from] brn\n|upkeep\n|turn|8\n|inactive|arijimo has 30 seconds left.\n|\n|t:|1776289851\n|move|p1a: Sinistcha|Rage Powder|p1a: Sinistcha\n|-singleturn|p1a: Sinistcha|move: Rage Powder\n|move|p1b: Rotom|Volt Switch|p2b: Aggron\n|-damage|p2b: Aggron|24/100\n|\n|t:|1776289856\n|switch|p1b: Kangaskhan|Kangaskhan-Mega, L50, F|31/100|[from] Volt Switch\n|move|p2a: Goodra|Dragon Pulse|p1a: Sinistcha\n|-damage|p1a: Sinistcha|0 fnt\n|faint|p1a: Sinistcha\n|move|p2b: Aggron|Heavy Slam|p1b: Kangaskhan\n|-damage|p1b: Kangaskhan|0 fnt\n|faint|p1b: Kangaskhan\n|\n|upkeep\n|\n|t:|1776289863\n|switch|p1b: Rotom|Rotom-Wash, L50|22/100 brn\n|turn|9\n|-message|arijimo forfeited.\n|\n|win|MrNiqht\n|raw|arijimo's rating: 1209 &rarr; <strong>1188</strong><br />(-21 for losing)\n|raw|MrNiqht's rating: 1271 &rarr; <strong>1292</strong><br />(+21 for winning)\n|l|\u2606arijimo\n|player|p1|\n|l|\u2606MrNiqht\n|player|p2|\n",
  "uploadtime": 1776290164,
  "views": 36,
  "formatid": "gen9championsvgc2026regma",
  "rating": 1188,
  "private": 0,
  "password": null
}