{
  "id": "gen9championsvgc2026regma-2585006686",
  "format": "[Gen 9 Champions] VGC 2026 Reg M-A",
  "players": [
    "Zzzzuwu",
    "sumrekoirl"
  ],
  "log": "|j|\u2606Zzzzuwu\n|j|\u2606sumrekoirl\n|t:|1776302709\n|gametype|doubles\n|player|p1|Zzzzuwu|iris-gen5bw2|\n|player|p2|sumrekoirl|265|\n|gen|9\n|tier|[Gen 9 Champions] VGC 2026 Reg M-A\n|rule|Species Clause: Limit one of each Pok\u00e9mon\n|rule|Item Clause: Limit 1 of each item\n|clearpoke\n|poke|p1|Scovillain, L50, F|\n|poke|p1|Ariados, L50, F|\n|poke|p1|Torkoal, L50, M|\n|poke|p1|Avalugg-Hisui, L50, M|\n|poke|p1|Espathra, L50, F|\n|poke|p1|Drampa, L50, M|\n|poke|p2|Sneasler, L50, M|\n|poke|p2|Spiritomb, L50, F|\n|poke|p2|Meganium, L50, M|\n|poke|p2|Azumarill, L50, F|\n|poke|p2|Gourgeist-*, L50, M|\n|poke|p2|Pelipper, L50, M|\n|teampreview|4\n|\n|t:|1776302737\n|teamsize|p1|4\n|teamsize|p2|4\n|start\n|switch|p1a: yeowch|Scovillain, L50, F|100/100\n|switch|p1b: local lesbian|Espathra, L50, F, shiny|100/100\n|switch|p2a: im goated|Pelipper, L50, M|100/100\n|switch|p2b: no grass pls|Azumarill, L50, F|100/100\n|-weather|RainDance|[from] ability: Drizzle|[of] p2a: im goated\n|turn|1\n|\n|t:|1776302755\n|move|p1b: local lesbian|Psychic Terrain|p1b: local lesbian\n|-fieldstart|move: Psychic Terrain\n|move|p2a: im goated|Tailwind|p2a: im goated\n|-sidestart|p2: sumrekoirl|move: Tailwind\n|move|p2b: no grass pls|Knock Off|p1b: local lesbian\n|-supereffective|p1b: local lesbian|1\n|-damage|p1b: local lesbian|26/100\n|-enditem|p1b: local lesbian|Bright Powder|[from] move: Knock Off|[of] p2b: no grass pls\n|move|p1a: yeowch|Swagger|p2b: no grass pls|[miss]\n|-miss|p1a: yeowch|p2b: no grass pls\n|\n|-weather|RainDance|[upkeep]\n|-ability|p1b: local lesbian|Speed Boost|boost\n|-boost|p1b: local lesbian|spe|1\n|-ability|p1a: yeowch|Moody|boost\n|-boost|p1a: yeowch|spa|2\n|-unboost|p1a: yeowch|spe|1\n|upkeep\n|turn|2\n|\n|t:|1776302776\n|move|p2a: im goated|Air Slash|p1a: yeowch\n|-supereffective|p1a: yeowch|1\n|-damage|p1a: yeowch|9/100\n|move|p1b: local lesbian|Roost|p1b: local lesbian\n|-heal|p1b: local lesbian|76/100\n|-singleturn|p1b: local lesbian|move: Roost\n|move|p2b: no grass pls|Double-Edge|p1a: yeowch\n|-damage|p1a: yeowch|0 fnt\n|faint|p1a: yeowch\n|-damage|p2b: no grass pls|98/100|[from] Recoil\n|\n|-weather|RainDance|[upkeep]\n|-ability|p1b: local lesbian|Speed Boost|boost\n|-boost|p1b: local lesbian|spe|1\n|upkeep\n|\n|t:|1776302791\n|switch|p1a: ice with dirt|Avalugg-Hisui, L50, M|100/100\n|turn|3\n|\n|t:|1776302810\n|move|p1b: local lesbian|Expanding Force|p2b: no grass pls|[spread] p2a,p2b\n|-enditem|p2a: im goated|Focus Sash\n|-damage|p2a: im goated|1/100\n|-damage|p2b: no grass pls|34/100\n|move|p2a: im goated|Weather Ball|p1a: ice with dirt\n|-supereffective|p1a: ice with dirt|1\n|-ability|p1a: ice with dirt|Sturdy\n|-damage|p1a: ice with dirt|1/100\n|move|p2b: no grass pls|Liquidation|p1a: ice with dirt\n|-supereffective|p1a: ice with dirt|1\n|-damage|p1a: ice with dirt|0 fnt\n|faint|p1a: ice with dirt\n|\n|-weather|RainDance|[upkeep]\n|-ability|p1b: local lesbian|Speed Boost|boost\n|-boost|p1b: local lesbian|spe|1\n|upkeep\n|\n|t:|1776302825\n|switch|p1a: HES BACK|Torkoal, L50, M|100/100\n|turn|4\n|c|\u2606sumrekoirl|ZZZ\n|c|\u2606sumrekoirl|I JUST WANT YOU TO KNOW\n|c|\u2606sumrekoirl|I FUCKING SHOT STRAIGHT UP\n|c|\u2606sumrekoirl|SEEING THE TORKOAL\n|c|\u2606sumrekoirl|FULL POSTURE\n|\n|t:|1776302869\n|move|p1b: local lesbian|Expanding Force|p2b: no grass pls|[spread] p2a,p2b\n|-damage|p2a: im goated|0 fnt\n|-damage|p2b: no grass pls|0 fnt\n|faint|p2a: im goated\n|faint|p2b: no grass pls\n|move|p1a: HES BACK|Gyro Ball|p2: im goated|[notarget]\n|-fail|p1a: HES BACK\n|\n|-weather|RainDance|[upkeep]\n|-sideend|p2: sumrekoirl|move: Tailwind\n|-ability|p1b: local lesbian|Speed Boost|boost\n|-boost|p1b: local lesbian|spe|1\n|upkeep\n|\n|t:|1776302878\n|switch|p2a: Boogie Woogie|Spiritomb, L50, F|100/100\n|switch|p2b: Bungus|Meganium, L50, M|100/100\n|turn|5\n|\n|t:|1776302922\n|move|p2a: Boogie Woogie|Ally Switch|p2a: Boogie Woogie\n|swap|p2a: Boogie Woogie|1|[from] move: Ally Switch\n|move|p1b: local lesbian|Expanding Force|p2b: Boogie Woogie|[spread] p2a\n|-immune|p2b: Boogie Woogie\n|-damage|p2a: Bungus|37/100\n|move|p2a: Bungus|Weather Ball|p1a: HES BACK\n|-supereffective|p1a: HES BACK|1\n|-damage|p1a: HES BACK|16/100\n|move|p1a: HES BACK|Eruption|p2a: Bungus|[spread] p2a,p2b\n|-supereffective|p2a: Bungus|1\n|-damage|p2a: Bungus|33/100\n|-damage|p2b: Boogie Woogie|98/100\n|\n|-weather|none\n|-heal|p2b: Boogie Woogie|100/100|[from] item: Leftovers\n|-fieldend|move: Psychic Terrain\n|-ability|p1b: local lesbian|Speed Boost|boost\n|-boost|p1b: local lesbian|spe|1\n|upkeep\n|turn|6\n|\n|t:|1776302969\n|move|p1b: local lesbian|Psychic Terrain|p1b: local lesbian\n|-fieldstart|move: Psychic Terrain\n|move|p2a: Bungus|Dazzling Gleam|p1b: local lesbian|[spread] p1a,p1b\n|-resisted|p1a: HES BACK|1\n|-damage|p1a: HES BACK|7/100\n|-damage|p1b: local lesbian|52/100\n|move|p2b: Boogie Woogie|Dark Pulse|p1b: local lesbian\n|-supereffective|p1b: local lesbian|1\n|-damage|p1b: local lesbian|0 fnt\n|faint|p1b: local lesbian\n|move|p1a: HES BACK|Body Press|p2a: Bungus\n|-damage|p2a: Bungus|3/100\n|\n|upkeep\n|turn|7\n|\n|t:|1776302986\n|detailschange|p2a: Bungus|Meganium-Mega, L50, M\n|-mega|p2a: Bungus|Meganium|Meganiumite\n|move|p2b: Boogie Woogie|Ally Switch|p2b: Boogie Woogie\n|swap|p2b: Boogie Woogie|0|[from] move: Ally Switch\n|move|p2b: Bungus|Synthesis|p2b: Bungus\n|-heal|p2b: Bungus|70/100\n|move|p1a: HES BACK|Body Press|p2a: Boogie Woogie\n|-immune|p2a: Boogie Woogie\n|\n|upkeep\n|turn|8\n|\n|t:|1776303004\n|move|p2b: Bungus|Weather Ball|p1a: HES BACK\n|-resisted|p1a: HES BACK|1\n|-damage|p1a: HES BACK|0 fnt\n|faint|p1a: HES BACK\n|\n|win|sumrekoirl\n|l|\u2606Zzzzuwu\n|player|p1|\n",
  "uploadtime": 1776303046,
  "views": 19,
  "formatid": "gen9championsvgc2026regma",
  "rating": null,
  "private": 0,
  "password": null
}