{
  "id": "gen9championsvgc2026regma-2584307525",
  "format": "[Gen 9 Champions] VGC 2026 Reg M-A",
  "players": [
    "cohpeter",
    "payzips"
  ],
  "log": "|j|\u2606cohpeter\n|j|\u2606payzips\n|t:|1776249564\n|gametype|doubles\n|player|p1|cohpeter|dawn|\n|player|p2|payzips|schoolkid-gen4|\n|gen|9\n|tier|[Gen 9 Champions] VGC 2026 Reg M-A\n|rule|Species Clause: Limit one of each Pok\u00e9mon\n|rule|Item Clause: Limit 1 of each item\n|clearpoke\n|poke|p1|Froslass, L50, F|\n|poke|p1|Kingambit, L50, F|\n|poke|p1|Arcanine-Hisui, L50, M|\n|poke|p1|Sinistcha-Masterpiece, L50|\n|poke|p1|Corviknight, L50, F|\n|poke|p1|Basculegion, L50, M|\n|poke|p2|Aerodactyl, L50, F|\n|poke|p2|Krookodile, L50, M|\n|poke|p2|Altaria, L50, M|\n|poke|p2|Incineroar, L50, M|\n|poke|p2|Whimsicott, L50, M|\n|poke|p2|Empoleon, L50, F|\n|teampreview|4\ncohpeter has agreed to open team sheets.\npayzips has agreed to open team sheets.\n|showteam|p1|Froslass||Froslassite|CursedBody|Protect,AuroraVeil,Blizzard,ShadowBall|||F|||50|]Kingambit||BlackGlasses|Defiant|Protect,SwordsDance,SuckerPunch,KowtowCleave|||F|||50|]Arcanine-Hisui||FocusSash|RockHead|Protect,RockSlide,FlareBlitz,HeadSmash|||M|||50|]Sinistcha-Masterpiece||SitrusBerry|Hospitality|RagePowder,TrickRoom,MatchaGotcha,StrengthSap||||||50|]Corviknight||Leftovers|MirrorArmor|Roost,IronDefense,BraveBird,BodyPress|||F|||50|]Basculegion||ChoiceScarf|Adaptability|WaveCrash,LastRespects,AquaJet,FlipTurn|||M|||50|\n|showteam|p2|Aerodactyl||FocusSash|RockHead|Tailwind,Taunt,RockSlide,Earthquake|||F|||50|]Krookodile||SoftSand|Intimidate|Earthquake,KnockOff,Protect,FoulPlay|||M|||50|]Altaria||Altarianite|CloudNine|HyperVoice,Moonblast,DragonPulse,Protect|||M|||50|]Incineroar||SitrusBerry|Intimidate|FakeOut,PartingShot,DarkestLariat,FlareBlitz|||M|||50|]Whimsicott||KebiaBerry|Prankster|Encore,Protect,GigaDrain,LightScreen|||M|||50|]Empoleon||ChopleBerry|Competitive|FlashCannon,ChillingWater,IceBeam,Agility|||F|||50|\n|\n|t:|1776249690\n|teamsize|p1|4\n|teamsize|p2|4\n|start\n|switch|p1a: MrPickles|Basculegion, L50, M|100/100\n|switch|p1b: Megatron|Corviknight, L50, F|100/100\n|switch|p2a: Aero|Aerodactyl, L50, F, shiny|100/100\n|switch|p2b: El Fuergo|Incineroar, L50, M|100/100\n|-ability|p2b: El Fuergo|Intimidate|boost\n|-unboost|p1a: MrPickles|atk|1\n|-ability|p1b: Megatron|Mirror Armor\n|-unboost|p2b: El Fuergo|atk|1\n|turn|1\n|\n|t:|1776249716\n|move|p2b: El Fuergo|Fake Out|p1b: Megatron\n|-resisted|p1b: Megatron|1\n|-damage|p1b: Megatron|98/100\n|move|p1a: MrPickles|Wave Crash|p2b: El Fuergo\n|-supereffective|p2b: El Fuergo|1\n|-damage|p2b: El Fuergo|5/100\n|-enditem|p2b: El Fuergo|Sitrus Berry|[eat]\n|-heal|p2b: El Fuergo|30/100|[from] item: Sitrus Berry\n|-damage|p1a: MrPickles|73/100|[from] Recoil\n|move|p2a: Aero|Tailwind|p2a: Aero\n|-sidestart|p2: payzips|move: Tailwind\n|cant|p1b: Megatron|flinch\n|\n|-heal|p1b: Megatron|100/100|[from] item: Leftovers\n|upkeep\n|turn|2\n|\n|t:|1776249752\n|move|p2a: Aero|Rock Slide|p1a: MrPickles|[spread] p1a,p1b\n|-damage|p1a: MrPickles|40/100\n|-damage|p1b: Megatron|81/100\n|move|p1a: MrPickles|Wave Crash|p2a: Aero\n|-supereffective|p2a: Aero|1\n|-enditem|p2a: Aero|Focus Sash\n|-damage|p2a: Aero|1/100\n|-damage|p1a: MrPickles|14/100|[from] Recoil\n|move|p2b: El Fuergo|Parting Shot|p1a: MrPickles\n|-unboost|p1a: MrPickles|atk|1\n|-unboost|p1a: MrPickles|spa|1\n|\n|t:|1776249764\n|switch|p2b: Cloudine|Altaria, L50, M|100/100|[from] Parting Shot\n|-ability|p2b: Cloudine|Cloud Nine\n|move|p1b: Megatron|Iron Defense|p1b: Megatron\n|-boost|p1b: Megatron|def|2\n|\n|-heal|p1b: Megatron|87/100|[from] item: Leftovers\n|upkeep\n|turn|3\n|\n|t:|1776249796\n|detailschange|p2b: Cloudine|Altaria-Mega, L50, M\n|-mega|p2b: Cloudine|Altaria|Altarianite\n|move|p2a: Aero|Taunt|p1b: Megatron\n|-start|p1b: Megatron|move: Taunt\n|move|p2b: Cloudine|Hyper Voice|p1a: MrPickles|[spread] p1a,p1b\n|-resisted|p1b: Megatron|1\n|-damage|p1a: MrPickles|0 fnt\n|-damage|p1b: Megatron|71/100\n|faint|p1a: MrPickles\n|cant|p1b: Megatron|move: Taunt|Iron Defense\n|\n|-heal|p1b: Megatron|77/100|[from] item: Leftovers\n|upkeep\n|\n|t:|1776249811\n|switch|p1a: ScaryMary|Froslass, L50, F|100/100\n|turn|4\n|\n|t:|1776249829\n|move|p1a: ScaryMary|Protect|p1a: ScaryMary\n|-singleturn|p1a: ScaryMary|Protect\n|move|p2a: Aero|Rock Slide|p1a: ScaryMary|[spread] p1b\n|-activate|p1a: ScaryMary|move: Protect\n|-damage|p1b: Megatron|68/100\n|move|p2b: Cloudine|Hyper Voice|p1a: ScaryMary|[spread] p1b\n|-activate|p1a: ScaryMary|move: Protect\n|-resisted|p1b: Megatron|1\n|-damage|p1b: Megatron|53/100\n|move|p1b: Megatron|Body Press|p2a: Aero\n|-damage|p2a: Aero|0 fnt\n|faint|p2a: Aero\n|\n|-heal|p1b: Megatron|59/100|[from] item: Leftovers\n|-sideend|p2: payzips|move: Tailwind\n|upkeep\n|\n|t:|1776249851\n|switch|p2a: MP Roar|Empoleon, L50, F|100/100\n|turn|5\n|\n|t:|1776249868\n|switch|p1a: Bobo|Sinistcha-Masterpiece, L50|100/100\n|-heal|p1b: Megatron|84/100|[from] ability: Hospitality|[of] p1a: Bobo\n|move|p2a: MP Roar|Agility|p2a: MP Roar\n|-boost|p2a: MP Roar|spe|2\n|move|p2b: Cloudine|Hyper Voice|p1b: Megatron|[spread] p1a,p1b\n|-resisted|p1b: Megatron|1\n|-damage|p1a: Bobo|65/100\n|-damage|p1b: Megatron|69/100\n|move|p1b: Megatron|Body Press|p2a: MP Roar\n|-supereffective|p2a: MP Roar|1\n|-enditem|p2a: MP Roar|Chople Berry|[eat]\n|-enditem|p2a: MP Roar|Chople Berry|[weaken]\n|-damage|p2a: MP Roar|50/100\n|\n|-heal|p1b: Megatron|75/100|[from] item: Leftovers\n|-end|p1b: Megatron|move: Taunt\n|upkeep\n|turn|6\n|\n|t:|1776249902\n|move|p1a: Bobo|Rage Powder|p1a: Bobo\n|-singleturn|p1a: Bobo|move: Rage Powder\n|move|p2a: MP Roar|Ice Beam|p1a: Bobo\n|-supereffective|p1a: Bobo|1\n|-damage|p1a: Bobo|16/100\n|-enditem|p1a: Bobo|Sitrus Berry|[eat]\n|-heal|p1a: Bobo|40/100|[from] item: Sitrus Berry\n|move|p2b: Cloudine|Hyper Voice|p1a: Bobo|[spread] p1a,p1b\n|-resisted|p1b: Megatron|1\n|-damage|p1a: Bobo|4/100\n|-damage|p1b: Megatron|59/100\n|move|p1b: Megatron|Body Press|p2a: MP Roar\n|-supereffective|p2a: MP Roar|1\n|-damage|p2a: MP Roar|0 fnt\n|faint|p2a: MP Roar\n|\n|-heal|p1b: Megatron|65/100|[from] item: Leftovers\n|upkeep\n|\n|t:|1776249916\n|switch|p2a: El Fuergo|Incineroar, L50, M|30/100\n|-ability|p2a: El Fuergo|Intimidate|boost\n|-unboost|p1a: Bobo|atk|1\n|-ability|p1b: Megatron|Mirror Armor\n|-unboost|p2a: El Fuergo|atk|1\n|turn|7\n|\n|t:|1776249933\n|move|p2a: El Fuergo|Fake Out|p1b: Megatron\n|-resisted|p1b: Megatron|1\n|-damage|p1b: Megatron|63/100\n|move|p2b: Cloudine|Hyper Voice|p1a: Bobo|[spread] p1a,p1b\n|-resisted|p1b: Megatron|1\n|-damage|p1a: Bobo|0 fnt\n|-damage|p1b: Megatron|48/100\n|faint|p1a: Bobo\n|cant|p1b: Megatron|flinch\n|\n|-heal|p1b: Megatron|54/100|[from] item: Leftovers\n|upkeep\n|\n|t:|1776249942\n|switch|p1a: ScaryMary|Froslass, L50, F|100/100\n|turn|8\n|\n|t:|1776249953\n|detailschange|p1a: ScaryMary|Froslass-Mega, L50, F\n|-mega|p1a: ScaryMary|Froslass|Froslassite\n|-weather|Snowscape|[from] ability: Snow Warning|[of] p1a: ScaryMary\n|move|p1a: ScaryMary|Blizzard|p2a: El Fuergo|[spread] p2a,p2b\n|-resisted|p2a: El Fuergo|1\n|-supereffective|p2b: Cloudine|1\n|-damage|p2a: El Fuergo|7/100\n|-damage|p2b: Cloudine|0 fnt\n|faint|p2b: Cloudine\n|move|p1b: Megatron|Body Press|p2a: El Fuergo\n|-supereffective|p2a: El Fuergo|1\n|-damage|p2a: El Fuergo|0 fnt\n|faint|p2a: El Fuergo\n|\n|win|cohpeter\n",
  "uploadtime": 1776249969,
  "views": 20,
  "formatid": "gen9championsvgc2026regma",
  "rating": null,
  "private": 0,
  "password": null
}