{
  "id": "gen9championsvgc2026regma-2582321792",
  "format": "[Gen 9 Champions] VGC 2026 Reg M-A",
  "players": [
    "tommygordo",
    "Srgt.Hunter"
  ],
  "log": "|j|\u2606tommygordo\n|j|\u2606Srgt.Hunter\n|t:|1776083183\n|gametype|doubles\n|player|p1|tommygordo|1|1276\n|player|p2|Srgt.Hunter|hilbert-wonderlauncher|1242\n|gen|9\n|tier|[Gen 9 Champions] VGC 2026 Reg M-A\n|rated|\n|rule|Species Clause: Limit one of each Pok\u00e9mon\n|rule|Item Clause: Limit 1 of each item\n|clearpoke\n|poke|p1|Espathra, L50, F|\n|poke|p1|Incineroar, L50, M|\n|poke|p1|Quaquaval, L50, F|\n|poke|p1|Sinistcha, L50|\n|poke|p1|Kingambit, L50, F|\n|poke|p1|Altaria, L50, F|\n|poke|p2|Gyarados, L50, M|\n|poke|p2|Salazzle, L50, F|\n|poke|p2|Garchomp, L50, F|\n|poke|p2|Orthworm, L50, F|\n|poke|p2|Froslass, L50, F|\n|poke|p2|Zoroark-Hisui, L50, F|\n|teampreview|4\n|inactive|Battle timer is ON: inactive players will automatically lose when time's up. (requested by tommygordo)\ntommygordo has agreed to open team sheets.\n|inactive|tommygordo has 60 seconds left.\n|\n|t:|1776083225\n|teamsize|p1|4\n|teamsize|p2|4\n|start\n|switch|p1a: Incineroar|Incineroar, L50, M|100/100\n|switch|p1b: Espathra|Espathra, L50, F, shiny|100/100\n|switch|p2a: Orthworm|Orthworm, L50, F|100/100\n|switch|p2b: Garchomp|Garchomp, L50, F|100/100\n|-ability|p1a: Incineroar|Intimidate|boost\n|-unboost|p2a: Orthworm|atk|1\n|-unboost|p2b: Garchomp|atk|1\n|turn|1\n|inactive|tommygordo has 30 seconds left.\n|\n|t:|1776083258\n|move|p1a: Incineroar|Fake Out|p2a: Orthworm\n|-resisted|p2a: Orthworm|1\n|-damage|p2a: Orthworm|97/100\n|move|p2b: Garchomp|Earthquake|p1a: Incineroar|[spread] p1a,p1b\n|-heal|p2a: Orthworm|100/100|[from] ability: Earth Eater|[of] p2b: Garchomp\n|-supereffective|p1a: Incineroar|1\n|-crit|p1a: Incineroar\n|-damage|p1a: Incineroar|0 fnt\n|-damage|p1b: Espathra|66/100\n|faint|p1a: Incineroar\n|move|p1b: Espathra|Calm Mind|p1b: Espathra\n|-boost|p1b: Espathra|spa|1\n|-boost|p1b: Espathra|spd|1\n|cant|p2a: Orthworm|flinch\n|\n|-heal|p1b: Espathra|73/100|[from] item: Leftovers\n|-ability|p1b: Espathra|Speed Boost|boost\n|-boost|p1b: Espathra|spe|1\n|upkeep\n|\n|t:|1776083269\n|switch|p1a: Kingambit|Kingambit, L50, F|100/100\n|turn|2\n|\n|t:|1776083284\n|move|p2a: Orthworm|Helping Hand|p2b: Garchomp\n|-singleturn|p2b: Garchomp|Helping Hand|[of] p2a: Orthworm\n|move|p1b: Espathra|Calm Mind|p1b: Espathra\n|-boost|p1b: Espathra|spa|1\n|-boost|p1b: Espathra|spd|1\n|move|p2b: Garchomp|Earthquake|p1a: Kingambit|[spread] p1a,p1b\n|-immune|p2a: Orthworm|[from] ability: Earth Eater\n|-supereffective|p1a: Kingambit|1\n|-damage|p1a: Kingambit|39/100\n|-damage|p1b: Espathra|19/100\n|move|p1a: Kingambit|Kowtow Cleave|p2a: Orthworm\n|-damage|p2a: Orthworm|60/100\n|\n|-heal|p1b: Espathra|25/100|[from] item: Leftovers\n|-ability|p1b: Espathra|Speed Boost|boost\n|-boost|p1b: Espathra|spe|1\n|upkeep\n|turn|3\n|\n|t:|1776083308\n|switch|p1a: Sinistcha|Sinistcha, L50|100/100\n|-heal|p1b: Espathra|50/100|[from] ability: Hospitality|[of] p1a: Sinistcha\n|move|p2a: Orthworm|Helping Hand|p2b: Garchomp\n|-singleturn|p2b: Garchomp|Helping Hand|[of] p2a: Orthworm\n|move|p1b: Espathra|Stored Power|p2b: Garchomp\n|-damage|p2b: Garchomp|0 fnt\n|faint|p2b: Garchomp\n|\n|-heal|p1b: Espathra|57/100|[from] item: Leftovers\n|-ability|p1b: Espathra|Speed Boost|boost\n|-boost|p1b: Espathra|spe|1\n|upkeep\n|inactive|Srgt.Hunter has 30 seconds left.\n|\n|t:|1776083333\n|switch|p2b: Salazzle|Salazzle, L50, F|100/100\n|turn|4\n|inactive|tommygordo has 30 seconds left.\n|\n|t:|1776083358\n|move|p2b: Salazzle|Fake Out|p1b: Espathra\n|-damage|p1b: Espathra|49/100\n|cant|p1b: Espathra|flinch\n|move|p1a: Sinistcha|Matcha Gotcha|p2b: Salazzle|[spread] p2a,p2b\n|-resisted|p2a: Orthworm|1\n|-resisted|p2b: Salazzle|2\n|-damage|p2a: Orthworm|45/100\n|-damage|p2b: Salazzle|90/100\n|-enditem|p2a: Orthworm|Sitrus Berry|[eat]\n|-heal|p2a: Orthworm|70/100|[from] item: Sitrus Berry\n|move|p2a: Orthworm|Body Press|p1b: Espathra\n|-resisted|p1b: Espathra|1\n|-damage|p1b: Espathra|33/100\n|\n|-heal|p1b: Espathra|40/100|[from] item: Leftovers\n|-ability|p1b: Espathra|Speed Boost|boost\n|-boost|p1b: Espathra|spe|1\n|upkeep\n|turn|5\n|inactive|tommygordo has 30 seconds left.\n|\n|t:|1776083388\n|move|p1a: Sinistcha|Rage Powder|p1a: Sinistcha\n|-singleturn|p1a: Sinistcha|move: Rage Powder\n|move|p1b: Espathra|Stored Power|p2b: Salazzle\n|-supereffective|p2b: Salazzle|1\n|-damage|p2b: Salazzle|0 fnt\n|faint|p2b: Salazzle\n|move|p2a: Orthworm|Iron Defense|p2a: Orthworm\n|-boost|p2a: Orthworm|def|2\n|\n|-heal|p1b: Espathra|46/100|[from] item: Leftovers\n|-ability|p1b: Espathra|Speed Boost|boost\n|-boost|p1b: Espathra|spe|1\n|upkeep\n|\n|t:|1776083400\n|switch|p2b: Froslass|Froslass, L50, F|100/100\n|turn|6\n|\n|t:|1776083414\n|detailschange|p2b: Froslass|Froslass-Mega, L50, F\n|-mega|p2b: Froslass|Froslass|Froslassite\n|-weather|Snowscape|[from] ability: Snow Warning|[of] p2b: Froslass\n|move|p1a: Sinistcha|Rage Powder|p1a: Sinistcha\n|-singleturn|p1a: Sinistcha|move: Rage Powder\n|move|p1b: Espathra|Stored Power|p2b: Froslass\n|-damage|p2b: Froslass|0 fnt\n|faint|p2b: Froslass\n|move|p2a: Orthworm|Body Press|p1a: Sinistcha\n|-immune|p1a: Sinistcha\n|\n|-weather|Snowscape|[upkeep]\n|-heal|p1b: Espathra|52/100|[from] item: Leftovers\n|-ability|p1b: Espathra|Speed Boost|boost\n|-boost|p1b: Espathra|spe|1\n|upkeep\n|turn|7\n|\n|t:|1776083433\n|move|p1a: Sinistcha|Rage Powder|p1a: Sinistcha\n|-singleturn|p1a: Sinistcha|move: Rage Powder\n|move|p1b: Espathra|Stored Power|p2a: Orthworm\n|-resisted|p2a: Orthworm|1\n|-damage|p2a: Orthworm|0 fnt\n|faint|p2a: Orthworm\n|\n|win|tommygordo\n|raw|tommygordo's rating: 1276 &rarr; <strong>1299</strong><br />(+23 for winning)\n|raw|Srgt.Hunter's rating: 1242 &rarr; <strong>1219</strong><br />(-23 for losing)\n|c|\u2606tommygordo|ggwp\n|l|\u2606Srgt.Hunter\n|player|p2|\n",
  "uploadtime": 1776083444,
  "views": 32,
  "formatid": "gen9championsvgc2026regma",
  "rating": 1219,
  "private": 0,
  "password": null
}