{
  "id": "gen9championsvgc2026regma-2587395405",
  "format": "[Gen 9 Champions] VGC 2026 Reg M-A",
  "players": [
    "Brurrok",
    "colbyy"
  ],
  "log": "|j|\u2606Brurrok\n|j|\u2606colbyy\n|t:|1776528267\n|gametype|doubles\n|player|p1|Brurrok|169|1049\n|player|p2|colbyy|170|1056\n|gen|9\n|tier|[Gen 9 Champions] VGC 2026 Reg M-A\n|rated|\n|rule|Species Clause: Limit one of each Pok\u00e9mon\n|rule|Item Clause: Limit 1 of each item\n|clearpoke\n|poke|p1|Meganium, L50, F|\n|poke|p1|Politoed, L50, M|\n|poke|p1|Raichu, L50, F|\n|poke|p1|Sneasler, L50, M|\n|poke|p1|Aegislash, L50, F|\n|poke|p1|Sinistcha, L50|\n|poke|p2|Delphox, L50, F|\n|poke|p2|Kingambit, L50, F|\n|poke|p2|Clefable, L50, M|\n|poke|p2|Sneasler, L50, F|\n|poke|p2|Basculegion, L50, M|\n|poke|p2|Aerodactyl, L50, M|\n|teampreview|4\n|inactive|Battle timer is ON: inactive players will automatically lose when time's up. (requested by colbyy)\n|inactive|colbyy has 60 seconds left.\n|inactive|Brurrok has 60 seconds left.\n|\n|t:|1776528316\n|teamsize|p1|4\n|teamsize|p2|4\n|start\n|switch|p1a: Meganium|Meganium, L50, F|100/100\n|switch|p1b: Politoed|Politoed, L50, M|100/100\n|switch|p2a: Sneasler|Sneasler, L50, F|100/100\n|switch|p2b: Delphox|Delphox, L50, F|100/100\n|-weather|RainDance|[from] ability: Drizzle|[of] p1b: Politoed\n|turn|1\n|inactive|Brurrok has 30 seconds left.\n|inactive|Brurrok has 20 seconds left.\n|\n|t:|1776528353\n|detailschange|p2b: Delphox|Delphox-Mega, L50, F\n|-mega|p2b: Delphox|Delphox|Delphoxite\n|detailschange|p1a: Meganium|Meganium-Mega, L50, F\n|-mega|p1a: Meganium|Meganium|Meganiumite\n|move|p2a: Sneasler|Fake Out|p1b: Politoed\n|-damage|p1b: Politoed|85/100\n|move|p2b: Delphox|Substitute|p2b: Delphox\n|-start|p2b: Delphox|Substitute\n|-damage|p2b: Delphox|76/100\n|move|p1a: Meganium|Dazzling Gleam|p2a: Sneasler|[spread] p2a,p2b\n|-resisted|p2b: Delphox|1\n|-activate|p2b: Delphox|move: Substitute|[damage]\n|-damage|p2a: Sneasler|52/100\n|cant|p1b: Politoed|flinch\n|\n|-weather|RainDance|[upkeep]\n|upkeep\n|turn|2\n|inactive|Brurrok has 30 seconds left.\n|inactive|colbyy has 30 seconds left.\n|inactive|colbyy has 20 seconds left.\n|inactive|colbyy has 15 seconds left.\n|\n|t:|1776528396\n|move|p2b: Delphox|Psychic|p1a: Meganium\n|-damage|p1a: Meganium|58/100\n|move|p2a: Sneasler|Dire Claw|p1a: Meganium\n|-supereffective|p1a: Meganium|2\n|-damage|p1a: Meganium|0 fnt\n|faint|p1a: Meganium\n|move|p1b: Politoed|Muddy Water|p2a: Sneasler|[spread] p2a\n|-miss|p1b: Politoed|p2b: Delphox\n|-damage|p2a: Sneasler|0 fnt\n|faint|p2a: Sneasler\n|\n|-weather|RainDance|[upkeep]\n|upkeep\n|\n|t:|1776528411\n|switch|p2a: Basculegion|Basculegion, L50, M|100/100\n|switch|p1a: Sinistcha|Sinistcha, L50|100/100\n|-heal|p1b: Politoed|100/100|[from] ability: Hospitality|[of] p1a: Sinistcha\n|turn|3\n|\n|t:|1776528434\n|move|p1b: Politoed|Protect|p1b: Politoed\n|-singleturn|p1b: Politoed|Protect\n|move|p2b: Delphox|Psychic|p1a: Sinistcha\n|-damage|p1a: Sinistcha|39/100\n|-unboost|p1a: Sinistcha|spd|1\n|move|p2a: Basculegion|Flip Turn|p1b: Politoed\n|-activate|p1b: Politoed|move: Protect\n|move|p1a: Sinistcha|Trick Room|p1a: Sinistcha\n|-fieldstart|move: Trick Room|[of] p1a: Sinistcha\n|\n|-weather|RainDance|[upkeep]\n|upkeep\n|turn|4\n|\n|t:|1776528454\n|switch|p2a: Kingambit|Kingambit, L50, F|100/100\n|move|p2b: Delphox|Protect|p2b: Delphox\n|-singleturn|p2b: Delphox|Protect\n|move|p1a: Sinistcha|Matcha Gotcha|p2b: Delphox|[spread] p2a\n|-activate|p2b: Delphox|move: Protect\n|-resisted|p2a: Kingambit|1\n|-damage|p2a: Kingambit|80/100\n|-heal|p1a: Sinistcha|52/100|[from] drain|[of] p2a: Kingambit\n|-status|p2a: Kingambit|brn\n|move|p1b: Politoed|Muddy Water|p2a: Kingambit|[spread] \n|-activate|p2b: Delphox|move: Protect\n|-miss|p1b: Politoed|p2a: Kingambit\n|\n|-weather|RainDance|[upkeep]\n|-damage|p2a: Kingambit|74/100 brn|[from] brn\n|upkeep\n|turn|5\n|inactive|Brurrok has 30 seconds left.\n|inactive|colbyy has 30 seconds left.\n|\n|t:|1776528481\n|switch|p1a: Raichu|Raichu, L50, F|100/100\n|move|p2a: Kingambit|Kowtow Cleave|p1a: Raichu\n|-damage|p1a: Raichu|42/100\n|move|p1b: Politoed|Muddy Water|p2a: Kingambit|[spread] p2a,p2b\n|-supereffective|p2b: Delphox|1\n|-end|p2b: Delphox|Substitute\n|-damage|p2a: Kingambit|25/100 brn\n|move|p2b: Delphox|Psychic|p1a: Raichu\n|-damage|p1a: Raichu|0 fnt\n|faint|p1a: Raichu\n|\n|-weather|none\n|-damage|p2a: Kingambit|19/100 brn|[from] brn\n|upkeep\n|\n|t:|1776528498\n|switch|p1a: Sinistcha|Sinistcha, L50|52/100\n|turn|6\n|\n|t:|1776528510\n|switch|p2b: Basculegion|Basculegion, L50, M|100/100\n|move|p2a: Kingambit|Kowtow Cleave|p1a: Sinistcha\n|-supereffective|p1a: Sinistcha|1\n|-damage|p1a: Sinistcha|0 fnt\n|faint|p1a: Sinistcha\n|move|p1b: Politoed|Muddy Water|p2a: Kingambit|[spread] p2a,p2b\n|-resisted|p2b: Basculegion|1\n|-damage|p2a: Kingambit|0 fnt\n|-damage|p2b: Basculegion|79/100\n|-unboost|p2b: Basculegion|accuracy|1\n|faint|p2a: Kingambit\n|\n|upkeep\n|\n|t:|1776528520\n|switch|p2a: Delphox|Delphox-Mega, L50, F|76/100\n|turn|7\n|\n|t:|1776528527\n|move|p2a: Delphox|Protect|p2a: Delphox\n|-singleturn|p2a: Delphox|Protect\n|move|p1b: Politoed|Muddy Water|p2b: Basculegion|[spread] p2b\n|-activate|p2a: Delphox|move: Protect\n|-resisted|p2b: Basculegion|1\n|-damage|p2b: Basculegion|57/100\n|move|p2b: Basculegion|Last Respects|p1b: Politoed\n|-damage|p1b: Politoed|0 fnt\n|faint|p1b: Politoed\n|\n|win|colbyy\n|raw|Brurrok's rating: 1049 &rarr; <strong>1032</strong><br />(-17 for losing)\n|raw|colbyy's rating: 1056 &rarr; <strong>1087</strong><br />(+31 for winning)\n|l|\u2606Brurrok\n|player|p1|\n",
  "uploadtime": 1776529077,
  "views": 27,
  "formatid": "gen9championsvgc2026regma",
  "rating": 1032,
  "private": 0,
  "password": null
}