{
  "id": "gen9championsvgc2026regma-2588080511",
  "format": "[Gen 9 Champions] VGC 2026 Reg M-A",
  "players": [
    "theryon1903",
    "wsrgsgygerws"
  ],
  "log": "|j|\u203dtheryon1903\n|j|\u2606wsrgsgygerws\n|t:|1776601987\n|gametype|doubles\n|player|p1|theryon1903|102|1112\n|player|p2|wsrgsgygerws|266|1065\n|gen|9\n|tier|[Gen 9 Champions] VGC 2026 Reg M-A\n|rated|\n|rule|Species Clause: Limit one of each Pok\u00e9mon\n|rule|Item Clause: Limit 1 of each item\n|clearpoke\n|poke|p1|Tyranitar, L50, M|\n|poke|p1|Rotom-Wash, L50|\n|poke|p1|Aerodactyl, L50, F|\n|poke|p1|Excadrill, L50, F|\n|poke|p1|Incineroar, L50, F|\n|poke|p1|Sylveon, L50, M|\n|poke|p2|Archaludon, L50, M, shiny|\n|poke|p2|Pelipper, L50, M, shiny|\n|poke|p2|Sinistcha, L50, shiny|\n|poke|p2|Floette-Eternal, L50, F|\n|poke|p2|Hawlucha, L50, M, shiny|\n|poke|p2|Kingambit, L50, M, shiny|\n|teampreview|4\n|inactive|Battle timer is ON: inactive players will automatically lose when time's up. (requested by wsrgsgygerws)\nwsrgsgygerws rejected open team sheets.\n|\n|t:|1776602039\n|teamsize|p1|4\n|teamsize|p2|4\n|start\n|switch|p1a: Tyranitar|Tyranitar, L50, M|100/100\n|switch|p1b: Excadrill|Excadrill, L50, F|100/100\n|switch|p2a: Hawlucha|Hawlucha, L50, M, shiny|100/100\n|switch|p2b: Kingambit|Kingambit, L50, M, shiny|100/100\n|-weather|Sandstorm|[from] ability: Sand Stream|[of] p1a: Tyranitar\n|turn|1\n|inactive|theryon1903 has 30 seconds left.\n|inactive|wsrgsgygerws has 30 seconds left.\n|inactive|theryon1903 has 20 seconds left.\n|\n|t:|1776602078\n|detailschange|p2a: Hawlucha|Hawlucha-Mega, L50, M, shiny\n|-mega|p2a: Hawlucha|Hawlucha|Hawluchanite\n|detailschange|p1a: Tyranitar|Tyranitar-Mega, L50, M\n|-mega|p1a: Tyranitar|Tyranitar|Tyranitarite\n|move|p1b: Excadrill|Protect|p1b: Excadrill\n|-singleturn|p1b: Excadrill|Protect\n|move|p2a: Hawlucha|Entrainment|p2b: Kingambit\n|-ability|p2b: Kingambit|No Guard|Defiant|[from] move: Entrainment|[of] p2a: Hawlucha\n|move|p1a: Tyranitar|Earthquake|p2b: Kingambit|[spread] p2b\n|-activate|p1b: Excadrill|move: Protect\n|-immune|p2a: Hawlucha\n|-supereffective|p2b: Kingambit|1\n|-damage|p2b: Kingambit|45/100\n|move|p2b: Kingambit|Guillotine|p1b: Excadrill\n|-activate|p1b: Excadrill|move: Protect\n|\n|-weather|Sandstorm|[upkeep]\n|-damage|p2a: Hawlucha|95/100|[from] Sandstorm\n|upkeep\n|turn|2\n|inactive|theryon1903 has 30 seconds left.\n|\n|t:|1776602110\n|switch|p1b: Incineroar|Incineroar, L50, F|100/100\n|-ability|p1b: Incineroar|Intimidate|boost\n|-unboost|p2a: Hawlucha|atk|1\n|-unboost|p2b: Kingambit|atk|1\n|move|p1a: Tyranitar|Protect|p1a: Tyranitar\n|-singleturn|p1a: Tyranitar|Protect\n|move|p2a: Hawlucha|Flying Press|p1a: Tyranitar\n|-activate|p1a: Tyranitar|move: Protect\n|move|p2b: Kingambit|Guillotine|p1b: Incineroar\n|-damage|p1b: Incineroar|0 fnt\n|faint|p1b: Incineroar\n|-ohko\n|\n|-weather|Sandstorm|[upkeep]\n|-damage|p2a: Hawlucha|89/100|[from] Sandstorm\n|upkeep\n|\n|t:|1776602125\n|switch|p1b: Sylveon|Sylveon, L50, M|100/100\n|turn|3\n|\n|t:|1776602136\n|move|p2a: Hawlucha|Rock Slide|p1b: Sylveon|[spread] p1a,p1b\n|-damage|p1a: Tyranitar|91/100\n|-damage|p1b: Sylveon|87/100\n|move|p1a: Tyranitar|Rock Slide|p2a: Hawlucha|[spread] p2a,p2b\n|-resisted|p2b: Kingambit|1\n|-damage|p2a: Hawlucha|46/100\n|-damage|p2b: Kingambit|28/100\n|move|p2b: Kingambit|Guillotine|p1a: Tyranitar\n|-damage|p1a: Tyranitar|0 fnt\n|faint|p1a: Tyranitar\n|-ohko\n|cant|p1b: Sylveon|flinch\n|\n|-weather|Sandstorm|[upkeep]\n|-damage|p2a: Hawlucha|40/100|[from] Sandstorm\n|-damage|p1b: Sylveon|81/100|[from] Sandstorm\n|upkeep\n|\n|t:|1776602150\n|switch|p1a: Excadrill|Excadrill, L50, F|100/100\n|turn|4\n|inactive|wsrgsgygerws has 30 seconds left.\n|inactive|wsrgsgygerws has 20 seconds left.\n|\n|t:|1776602186\n|switch|p2b: Pelipper|Pelipper, L50, M, shiny|100/100\n|-weather|RainDance|[from] ability: Drizzle|[of] p2b: Pelipper\n|move|p1b: Sylveon|Protect|p1b: Sylveon\n|-singleturn|p1b: Sylveon|Protect\n|move|p1a: Excadrill|Earthquake|p2a: Hawlucha|[spread] \n|-activate|p1b: Sylveon|move: Protect\n|-immune|p2a: Hawlucha\n|-immune|p2b: Pelipper\n|move|p2a: Hawlucha|Flying Press|p1a: Excadrill\n|-damage|p1a: Excadrill|49/100\n|\n|-weather|RainDance|[upkeep]\n|upkeep\n|turn|5\n|\n|t:|1776602208\n|move|p1a: Excadrill|Earthquake|p2a: Hawlucha|[spread] p1b\n|-immune|p2a: Hawlucha\n|-immune|p2b: Pelipper\n|-damage|p1b: Sylveon|28/100\n|move|p2a: Hawlucha|Flying Press|p1a: Excadrill\n|-damage|p1a: Excadrill|0 fnt\n|faint|p1a: Excadrill\n|move|p2b: Pelipper|Hurricane|p1b: Sylveon\n|-damage|p1b: Sylveon|0 fnt\n|faint|p1b: Sylveon\n|\n|win|wsrgsgygerws\n|raw|theryon1903's rating: 1112 &rarr; <strong>1084</strong><br />(-28 for losing)\n|raw|wsrgsgygerws's rating: 1065 &rarr; <strong>1099</strong><br />(+34 for winning)\n|l|\u203dtheryon1903\n|player|p1|\n",
  "uploadtime": 1776602221,
  "views": 9,
  "formatid": "gen9championsvgc2026regma",
  "rating": 1084,
  "private": 0,
  "password": null
}