{
  "id": "gen9championsvgc2026regma-2586898313",
  "format": "[Gen 9 Champions] VGC 2026 Reg M-A",
  "players": [
    "Mithozz",
    "justjt"
  ],
  "log": "|j|\u2606Mithozz\n|j|\u2606justjt\n|t:|1776469749\n|gametype|doubles\n|player|p1|Mithozz|hilbert|1102\n|player|p2|justjt|pokefan-gen4|1112\n|gen|9\n|tier|[Gen 9 Champions] VGC 2026 Reg M-A\n|rated|\n|rule|Species Clause: Limit one of each Pok\u00e9mon\n|rule|Item Clause: Limit 1 of each item\n|clearpoke\n|poke|p1|Meowstic, L50, M|\n|poke|p1|Venusaur, L50, F|\n|poke|p1|Torkoal, L50, M|\n|poke|p1|Milotic, L50, F|\n|poke|p1|Charizard, L50, M|\n|poke|p1|Typhlosion, L50, F|\n|poke|p2|Gardevoir, L50, F|\n|poke|p2|Hydreigon, L50, F|\n|poke|p2|Tauros-Paldea-Aqua, L50, M|\n|poke|p2|Typhlosion-Hisui, L50, M|\n|poke|p2|Aerodactyl, L50, M|\n|poke|p2|Sinistcha-Masterpiece, L50|\n|teampreview|4\n|inactive|Battle timer is ON: inactive players will automatically lose when time's up. (requested by justjt)\n|\n|t:|1776469765\n|teamsize|p1|4\n|teamsize|p2|4\n|start\n|switch|p1a: Meowstic|Meowstic, L50, M|100/100\n|switch|p1b: Milotic|Milotic, L50, F|100/100\n|switch|p2a: Typhlosion|Typhlosion-Hisui, L50, M|100/100\n|switch|p2b: Hydreigon|Hydreigon, L50, F|100/100\n|-item|p1a: Meowstic|Focus Sash|[from] ability: Frisk|[of] p2a: Typhlosion\n|-item|p1b: Milotic|Sitrus Berry|[from] ability: Frisk|[of] p2a: Typhlosion\n|turn|1\n|inactive|justjt has 30 seconds left.\n|\n|t:|1776469799\n|switch|p2a: Gardevoir|Gardevoir, L50, F, shiny|100/100\n|-ability|p2a: Gardevoir|Prankster|Trace|[from] ability: Trace|[of] p1a: Meowstic\n|move|p1a: Meowstic|Fake Out|p2b: Hydreigon\n|-damage|p2b: Hydreigon|95/100\n|cant|p2b: Hydreigon|flinch\n|move|p1b: Milotic|Ice Beam|p2b: Hydreigon\n|-supereffective|p2b: Hydreigon|1\n|-damage|p2b: Hydreigon|23/100\n|\n|upkeep\n|turn|2\n|inactive|Mithozz has 30 seconds left.\n|\n|t:|1776469834\n|detailschange|p2a: Gardevoir|Gardevoir-Mega, L50, F, shiny\n|-mega|p2a: Gardevoir|Gardevoir|Gardevoirite\n|move|p1a: Meowstic|Rain Dance|p1a: Meowstic\n|-weather|RainDance\n|move|p2a: Gardevoir|Calm Mind|p2a: Gardevoir\n|-boost|p2a: Gardevoir|spa|1\n|-boost|p2a: Gardevoir|spd|1\n|move|p2b: Hydreigon|Tailwind|p2b: Hydreigon\n|-sidestart|p2: justjt|move: Tailwind\n|move|p1b: Milotic|Ice Beam|p2b: Hydreigon\n|-supereffective|p2b: Hydreigon|1\n|-damage|p2b: Hydreigon|0 fnt\n|faint|p2b: Hydreigon\n|\n|-weather|RainDance|[upkeep]\n|upkeep\n|\n|t:|1776469843\n|switch|p2b: Tauros|Tauros-Paldea-Aqua, L50, M|100/100\n|-ability|p2b: Tauros|Intimidate|boost\n|-unboost|p1a: Meowstic|atk|1\n|-unboost|p1b: Milotic|atk|1\n|-ability|p1b: Milotic|Competitive|boost\n|-boost|p1b: Milotic|spa|2\n|turn|3\n|\n|t:|1776469853\n|move|p1a: Meowstic|Psychic Terrain|p1a: Meowstic\n|-fieldstart|move: Psychic Terrain\n|move|p2a: Gardevoir|Calm Mind|p2a: Gardevoir\n|-boost|p2a: Gardevoir|spa|1\n|-boost|p2a: Gardevoir|spd|1\n|move|p2b: Tauros|Raging Bull|p1a: Meowstic\n|-enditem|p1a: Meowstic|Focus Sash\n|-damage|p1a: Meowstic|1/100\n|move|p1b: Milotic|Weather Ball|p2b: Tauros\n|-resisted|p2b: Tauros|1\n|-damage|p2b: Tauros|22/100\n|\n|-weather|RainDance|[upkeep]\n|upkeep\n|turn|4\n|inactive|Mithozz has 30 seconds left.\n|inactive|justjt has 30 seconds left.\n|inactive|Mithozz has 20 seconds left.\n|inactive|Mithozz has 15 seconds left.\n|\n|t:|1776469895\n|move|p2a: Gardevoir|Hyper Voice|p1a: Meowstic|[spread] p1a,p1b\n|-damage|p1a: Meowstic|0 fnt\n|-damage|p1b: Milotic|28/100\n|-enditem|p1b: Milotic|Sitrus Berry|[eat]\n|-heal|p1b: Milotic|52/100|[from] item: Sitrus Berry\n|faint|p1a: Meowstic\n|move|p2b: Tauros|Drill Run|p1b: Milotic\n|-damage|p1b: Milotic|25/100\n|move|p1b: Milotic|Weather Ball|p2a: Gardevoir\n|-damage|p2a: Gardevoir|33/100\n|\n|-weather|RainDance|[upkeep]\n|upkeep\n|\n|t:|1776469918\n|switch|p1a: Charizard|Charizard, L50, M, shiny|100/100\n|turn|5\n|\n|t:|1776469927\n|detailschange|p1a: Charizard|Charizard-Mega-Y, L50, M, shiny\n|-mega|p1a: Charizard|Charizard|Charizardite Y\n|-weather|SunnyDay|[from] ability: Drought|[of] p1a: Charizard\n|move|p2a: Gardevoir|Psychic|p1b: Milotic\n|-damage|p1b: Milotic|0 fnt\n|faint|p1b: Milotic\n|move|p2b: Tauros|Raging Bull|p1a: Charizard\n|-supereffective|p1a: Charizard|1\n|-damage|p1a: Charizard|30/100\n|move|p1a: Charizard|Heat Wave|p2b: Tauros|[spread] p2a,p2b\n|-resisted|p2b: Tauros|1\n|-damage|p2a: Gardevoir|0 fnt\n|-damage|p2b: Tauros|0 fnt\n|faint|p2a: Gardevoir\n|faint|p2b: Tauros\n|\n|-weather|SunnyDay|[upkeep]\n|-sideend|p2: justjt|move: Tailwind\n|upkeep\n|\n|t:|1776469944\n|switch|p2a: Typhlosion|Typhlosion-Hisui, L50, M|100/100\n|switch|p1b: Typhlosion|Typhlosion, L50, F|100/100\n|-item|p1a: Charizard|Charizardite Y|[from] ability: Frisk|[of] p2a: Typhlosion\n|-item|p1b: Typhlosion|Choice Scarf|[from] ability: Frisk|[of] p2a: Typhlosion\n|turn|6\n|\n|t:|1776469957\n|move|p2a: Typhlosion|Shadow Ball|p1a: Charizard\n|-damage|p1a: Charizard|0 fnt\n|faint|p1a: Charizard\n|move|p1b: Typhlosion|Scorching Sands|p2a: Typhlosion\n|-supereffective|p2a: Typhlosion|1\n|-damage|p2a: Typhlosion|38/100\n|\n|-weather|SunnyDay|[upkeep]\n|upkeep\n|turn|7\n|\n|t:|1776469964\n|move|p2a: Typhlosion|Shadow Ball|p1b: Typhlosion\n|-damage|p1b: Typhlosion|52/100\n|move|p1b: Typhlosion|Scorching Sands|p2a: Typhlosion\n|-supereffective|p2a: Typhlosion|1\n|-damage|p2a: Typhlosion|0 fnt\n|faint|p2a: Typhlosion\n|\n|win|Mithozz\n|raw|Mithozz's rating: 1102 &rarr; <strong>1128</strong><br />(+26 for winning)\n|raw|justjt's rating: 1112 &rarr; <strong>1086</strong><br />(-26 for losing)\n|l|\u2606justjt\n|player|p2|\n",
  "uploadtime": 1776469974,
  "views": 23,
  "formatid": "gen9championsvgc2026regma",
  "rating": 1086,
  "private": 0,
  "password": null
}