{
  "id": "gen9championsvgc2026regma-2581564492",
  "format": "[Gen 9 Champions] VGC 2026 Reg M-A",
  "players": [
    "dirty olive",
    "Acko12345"
  ],
  "log": "|j|\u2606dirty olive\n|j|\u2606Acko12345\n|t:|1776011338\n|gametype|doubles\n|player|p1|dirty olive|dancer|1071\n|player|p2|Acko12345|102|1044\n|gen|9\n|tier|[Gen 9 Champions] VGC 2026 Reg M-A\n|rated|\n|rule|Species Clause: Limit one of each Pok\u00e9mon\n|rule|Item Clause: Limit 1 of each item\n|clearpoke\n|poke|p1|Gyarados, L50, M|\n|poke|p1|Raichu, L50, M|\n|poke|p1|Talonflame, L50, F|\n|poke|p1|Garchomp, L50, M|\n|poke|p1|Gardevoir, L50, M|\n|poke|p1|Sinistcha, L50|\n|poke|p2|Sneasler, L50, M|\n|poke|p2|Sinistcha, L50|\n|poke|p2|Corviknight, L50, F|\n|poke|p2|Kangaskhan, L50, F|\n|poke|p2|Incineroar, L50, M|\n|poke|p2|Garchomp, L50, M|\n|teampreview|4\n|inactive|Battle timer is ON: inactive players will automatically lose when time's up. (requested by dirty olive)\nAcko12345 has agreed to open team sheets.\n|\n|t:|1776011368\n|teamsize|p1|4\n|teamsize|p2|4\n|start\n|switch|p1a: Talonflame|Talonflame, L50, F|100/100\n|switch|p1b: Gyarados|Gyarados, L50, M|100/100\n|switch|p2a: Corviknight|Corviknight, L50, F|100/100\n|switch|p2b: Kangaskhan|Kangaskhan, L50, F|100/100\n|-ability|p1b: Gyarados|Intimidate|boost\n|-ability|p2a: Corviknight|Mirror Armor\n|-unboost|p1b: Gyarados|atk|1\n|-fail|p2b: Kangaskhan|unboost|Attack|[from] ability: Scrappy|[of] p2b: Kangaskhan\n|turn|1\n|\n|t:|1776011392\n|detailschange|p2b: Kangaskhan|Kangaskhan-Mega, L50, F\n|-mega|p2b: Kangaskhan|Kangaskhan|Kangaskhanite\n|move|p2b: Kangaskhan|Fake Out|p1a: Talonflame\n|-damage|p1a: Talonflame|76/100\n|-damage|p1a: Talonflame|71/100\n|-hitcount|p1a: Talonflame|2\n|cant|p1a: Talonflame|flinch\n|move|p1b: Gyarados|Dragon Dance|p1b: Gyarados\n|-boost|p1b: Gyarados|atk|1\n|-boost|p1b: Gyarados|spe|1\n|move|p2a: Corviknight|Tailwind|p2a: Corviknight\n|-sidestart|p2: Acko12345|move: Tailwind\n|\n|upkeep\n|turn|2\n|\n|t:|1776011413\n|switch|p2a: Garchomp|Garchomp, L50, M|100/100\n|detailschange|p1b: Gyarados|Gyarados-Mega, L50, M\n|-mega|p1b: Gyarados|Gyarados|Gyaradosite\n|-ability|p1b: Gyarados|Mold Breaker\n|move|p2b: Kangaskhan|Double-Edge|p1b: Gyarados\n|-crit|p1b: Gyarados\n|-damage|p1b: Gyarados|12/100\n|-damage|p1b: Gyarados|0 fnt\n|faint|p1b: Gyarados\n|-hitcount|p1: Gyarados|2\n|-damage|p2b: Kangaskhan|73/100|[from] Recoil\n|move|p1a: Talonflame|Heat Wave|p2b: Kangaskhan|[spread] p2a,p2b\n|-resisted|p2a: Garchomp|1\n|-crit|p2a: Garchomp\n|-damage|p2a: Garchomp|85/100\n|-damage|p2b: Kangaskhan|57/100\n|\n|upkeep\n|\n|t:|1776011422\n|switch|p1b: Gardevoir|Gardevoir, L50, M|100/100\n|turn|3\n|\n|t:|1776011439\n|move|p2a: Garchomp|Protect|p2a: Garchomp\n|-singleturn|p2a: Garchomp|Protect\n|move|p2b: Kangaskhan|Double-Edge|p1b: Gardevoir\n|-damage|p1b: Gardevoir|2/100\n|-damage|p1b: Gardevoir|0 fnt\n|faint|p1b: Gardevoir\n|-hitcount|p1: Gardevoir|2\n|-damage|p2b: Kangaskhan|34/100|[from] Recoil\n|move|p1a: Talonflame|Tailwind|p1a: Talonflame\n|-sidestart|p1: dirty olive|move: Tailwind\n|\n|upkeep\n|\n|t:|1776011442\n|switch|p1b: Sinistcha|Sinistcha, L50|100/100\n|-heal|p1a: Talonflame|96/100|[from] ability: Hospitality|[of] p1b: Sinistcha\n|turn|4\n|\n|t:|1776011461\n|move|p1a: Talonflame|Acrobatics|p2b: Kangaskhan\n|-damage|p2b: Kangaskhan|6/100\n|move|p2a: Garchomp|Dragon Claw|p1a: Talonflame\n|-damage|p1a: Talonflame|42/100\n|move|p2b: Kangaskhan|Bite|p1b: Sinistcha\n|-supereffective|p1b: Sinistcha|1\n|-damage|p1b: Sinistcha|72/100\n|-supereffective|p1b: Sinistcha|1\n|-damage|p1b: Sinistcha|67/100\n|-hitcount|p1b: Sinistcha|2\n|cant|p1b: Sinistcha|flinch\n|\n|-heal|p1b: Sinistcha|73/100|[from] item: Leftovers\n|-sideend|p2: Acko12345|move: Tailwind\n|upkeep\n|turn|5\n|\n|t:|1776011485\n|move|p1a: Talonflame|Heat Wave|p2a: Garchomp|[spread] p2a,p2b\n|-resisted|p2a: Garchomp|1\n|-damage|p2a: Garchomp|75/100\n|-damage|p2b: Kangaskhan|0 fnt\n|faint|p2b: Kangaskhan\n|move|p1b: Sinistcha|Matcha Gotcha|p2a: Garchomp\n|-damage|p2a: Garchomp|39/100\n|-heal|p1b: Sinistcha|92/100|[from] drain|[of] p2a: Garchomp\n|-status|p2a: Garchomp|brn\n|move|p2a: Garchomp|Dragon Claw|p1b: Sinistcha\n|-damage|p1b: Sinistcha|77/100\n|\n|-heal|p1b: Sinistcha|83/100|[from] item: Leftovers\n|-damage|p2a: Garchomp|33/100 brn|[from] brn\n|upkeep\n|\n|t:|1776011502\n|switch|p2b: Corviknight|Corviknight, L50, F|100/100\n|turn|6\n|\n|t:|1776011509\n|switch|p2a: Sneasler|Sneasler, L50, M|100/100\n|move|p1a: Talonflame|Heat Wave|p2b: Corviknight|[spread] p2a,p2b\n|-supereffective|p2b: Corviknight|1\n|-damage|p2a: Sneasler|72/100\n|-damage|p2b: Corviknight|68/100\n|move|p1b: Sinistcha|Matcha Gotcha|p2b: Corviknight|[spread] p2a,p2b\n|-resisted|p2a: Sneasler|1\n|-resisted|p2b: Corviknight|2\n|-damage|p2a: Sneasler|57/100\n|-heal|p1b: Sinistcha|90/100|[from] drain|[of] p2a: Sneasler\n|-damage|p2b: Corviknight|64/100\n|-heal|p1b: Sinistcha|93/100|[from] drain|[of] p2b: Corviknight\n|move|p2b: Corviknight|Brave Bird|p1b: Sinistcha\n|-supereffective|p1b: Sinistcha|1\n|-damage|p1b: Sinistcha|38/100\n|-damage|p2b: Corviknight|48/100|[from] Recoil\n|\n|-heal|p1b: Sinistcha|44/100|[from] item: Leftovers\n|-sideend|p1: dirty olive|move: Tailwind\n|upkeep\n|turn|7\n|inactive|Acko12345 has 30 seconds left.\n|\n|t:|1776011536\n|move|p1a: Talonflame|Acrobatics|p2a: Sneasler\n|-supereffective|p2a: Sneasler|1\n|-damage|p2a: Sneasler|0 fnt\n|faint|p2a: Sneasler\n|move|p1b: Sinistcha|Strength Sap|p2b: Corviknight\n|-ability|p2b: Corviknight|Mirror Armor\n|-unboost|p1b: Sinistcha|atk|1\n|-heal|p1b: Sinistcha|100/100\n|move|p2b: Corviknight|Tailwind|p2b: Corviknight\n|-sidestart|p2: Acko12345|move: Tailwind\n|\n|upkeep\n|\n|t:|1776011548\n|switch|p2a: Garchomp|Garchomp, L50, M|33/100 brn\n|turn|8\n|\n|t:|1776011555\n|move|p2a: Garchomp|Dragon Claw|p1b: Sinistcha\n|-damage|p1b: Sinistcha|85/100\n|move|p1a: Talonflame|Heat Wave|p2a: Garchomp|[spread] p2a,p2b\n|-resisted|p2a: Garchomp|1\n|-supereffective|p2b: Corviknight|1\n|-damage|p2a: Garchomp|24/100 brn\n|-damage|p2b: Corviknight|16/100\n|move|p2b: Corviknight|Brave Bird|p1a: Talonflame\n|-damage|p1a: Talonflame|0 fnt\n|faint|p1a: Talonflame\n|-damage|p2b: Corviknight|4/100|[from] Recoil\n|move|p1b: Sinistcha|Hex|p2a: Garchomp\n|-damage|p2a: Garchomp|0 fnt\n|faint|p2a: Garchomp\n|\n|-heal|p1b: Sinistcha|91/100|[from] item: Leftovers\n|upkeep\n|turn|9\n|\n|t:|1776011573\n|move|p2b: Corviknight|Iron Head|p1b: Sinistcha\n|-damage|p1b: Sinistcha|72/100\n|cant|p1b: Sinistcha|flinch\n|\n|-heal|p1b: Sinistcha|78/100|[from] item: Leftovers\n|upkeep\n|turn|10\n|\n|t:|1776011580\n|move|p2b: Corviknight|Iron Head|p1b: Sinistcha\n|-crit|p1b: Sinistcha\n|-damage|p1b: Sinistcha|50/100\n|move|p1b: Sinistcha|Hex|p2b: Corviknight\n|-damage|p2b: Corviknight|0 fnt\n|faint|p2b: Corviknight\n|\n|win|dirty olive\n|raw|dirty olive's rating: 1071 &rarr; <strong>1098</strong><br />(+27 for winning)\n|raw|Acko12345's rating: 1044 &rarr; <strong>1029</strong><br />(-15 for losing)\n",
  "uploadtime": 1776011583,
  "views": 15,
  "formatid": "gen9championsvgc2026regma",
  "rating": 1029,
  "private": 0,
  "password": null
}