{
  "id": "gen9championsvgc2026regma-2581423464",
  "format": "[Gen 9 Champions] VGC 2026 Reg M-A",
  "players": [
    "manumunzs",
    "santhenix92"
  ],
  "log": "|j|\u2606manumunzs\n|j|\u2606santhenix92\n|t:|1775998930\n|gametype|doubles\n|player|p1|manumunzs|2|1327\n|player|p2|santhenix92|lance|1424\n|gen|9\n|tier|[Gen 9 Champions] VGC 2026 Reg M-A\n|rated|\n|rule|Species Clause: Limit one of each Pok\u00e9mon\n|rule|Item Clause: Limit 1 of each item\n|clearpoke\n|poke|p1|Archaludon, L50, M|\n|poke|p1|Pelipper, L50, M|\n|poke|p1|Basculegion, L50, M|\n|poke|p1|Dragonite, L50, M|\n|poke|p1|Sneasler, L50, F|\n|poke|p1|Incineroar, L50, M|\n|poke|p2|Garchomp, L50, F|\n|poke|p2|Delphox, L50, F|\n|poke|p2|Scizor, L50, M|\n|poke|p2|Sneasler, L50, F|\n|poke|p2|Sableye, L50, M|\n|poke|p2|Rotom-Wash, L50|\n|teampreview|4\n|j| No1.yZap2\n|inactive|Battle timer is ON: inactive players will automatically lose when time's up. (requested by manumunzs)\n|\n|t:|1775998970\n|teamsize|p1|4\n|teamsize|p2|4\n|start\n|switch|p1a: Pelipper|Pelipper, L50, M, shiny|100/100\n|switch|p1b: Basculegion|Basculegion, L50, M, shiny|100/100\n|switch|p2a: Rotom|Rotom-Wash, L50|100/100\n|switch|p2b: Garchomp|Garchomp, L50, F|100/100\n|-weather|RainDance|[from] ability: Drizzle|[of] p1a: Pelipper\n|turn|1\n|\n|t:|1775998989\n|move|p2b: Garchomp|Protect|p2b: Garchomp\n|-singleturn|p2b: Garchomp|Protect\n|move|p1b: Basculegion|Flip Turn|p2b: Garchomp\n|-activate|p2b: Garchomp|move: Protect\n|move|p1a: Pelipper|Tailwind|p1a: Pelipper\n|-sidestart|p1: manumunzs|move: Tailwind\n|move|p2a: Rotom|Thunderbolt|p1a: Pelipper\n|-supereffective|p1a: Pelipper|2\n|-enditem|p1a: Pelipper|Focus Sash\n|-damage|p1a: Pelipper|1/100\n|\n|-weather|RainDance|[upkeep]\n|upkeep\n|turn|2\n|inactive|manumunzs has 30 seconds left.\n|\n|t:|1775999016\n|switch|p1a: Dragonite|Dragonite, L50, M, shiny|100/100\n|switch|p2b: Scizor|Scizor, L50, M|100/100\n|move|p1b: Basculegion|Flip Turn|p2b: Scizor\n|-damage|p2b: Scizor|51/100\n|\n|t:|1775999025\n|switch|p1b: Archaludon|Archaludon, L50, M, shiny|100/100|[from] Flip Turn\n|move|p2a: Rotom|Thunderbolt|p1b: Archaludon\n|-resisted|p1b: Archaludon|1\n|-damage|p1b: Archaludon|84/100\n|-ability|p1b: Archaludon|Stamina|boost\n|-boost|p1b: Archaludon|def|1\n|\n|-weather|RainDance|[upkeep]\n|-heal|p1b: Archaludon|90/100|[from] item: Leftovers\n|upkeep\n|turn|3\n|inactive|santhenix92 has 30 seconds left.\n|\n|t:|1775999052\n|detailschange|p1a: Dragonite|Dragonite-Mega, L50, M, shiny\n|-mega|p1a: Dragonite|Dragonite|Dragoninite\n|move|p1a: Dragonite|Hurricane|p2b: Scizor\n|-damage|p2b: Scizor|0 fnt\n|faint|p2b: Scizor\n|move|p1b: Archaludon|Electro Shot||[still]\n|-prepare|p1b: Archaludon|Electro Shot\n|-boost|p1b: Archaludon|spa|1\n|-anim|p1b: Archaludon|Electro Shot|p2a: Rotom\n|-damage|p2a: Rotom|38/100\n|-enditem|p2a: Rotom|Sitrus Berry|[eat]\n|-heal|p2a: Rotom|63/100|[from] item: Sitrus Berry\n|move|p2a: Rotom|Thunderbolt|p1a: Dragonite\n|-damage|p1a: Dragonite|84/100\n|\n|-weather|RainDance|[upkeep]\n|-heal|p1b: Archaludon|96/100|[from] item: Leftovers\n|upkeep\n|\n|t:|1775999071\n|switch|p2b: Garchomp|Garchomp, L50, F|100/100\n|turn|4\n|\n|t:|1775999086\n|move|p1a: Dragonite|Draco Meteor|p2b: Garchomp|[miss]\n|-miss|p1a: Dragonite|p2b: Garchomp\n|move|p1b: Archaludon|Electro Shot||[still]\n|-prepare|p1b: Archaludon|Electro Shot\n|-boost|p1b: Archaludon|spa|1\n|-anim|p1b: Archaludon|Electro Shot|p2a: Rotom\n|-damage|p2a: Rotom|0 fnt\n|faint|p2a: Rotom\n|move|p2b: Garchomp|Earthquake|p1a: Dragonite|[spread] p1b\n|-immune|p1a: Dragonite\n|-supereffective|p1b: Archaludon|1\n|-damage|p1b: Archaludon|55/100\n|-ability|p1b: Archaludon|Stamina|boost\n|-boost|p1b: Archaludon|def|1\n|\n|-weather|RainDance|[upkeep]\n|-heal|p1b: Archaludon|61/100|[from] item: Leftovers\n|-sideend|p1: manumunzs|move: Tailwind\n|upkeep\n|\n|t:|1775999104\n|switch|p2a: Delphox|Delphox, L50, F|100/100\n|turn|5\n|\n|t:|1775999121\n|detailschange|p2a: Delphox|Delphox-Mega, L50, F\n|-mega|p2a: Delphox|Delphox|Delphoxite\n|move|p2a: Delphox|Nasty Plot|p2a: Delphox\n|-boost|p2a: Delphox|spa|2\n|move|p2b: Garchomp|Rock Slide|p1b: Archaludon|[spread] p1a,p1b\n|-supereffective|p1a: Dragonite|1\n|-resisted|p1b: Archaludon|1\n|-damage|p1a: Dragonite|48/100\n|-damage|p1b: Archaludon|57/100\n|-ability|p1b: Archaludon|Stamina|boost\n|-boost|p1b: Archaludon|def|1\n|move|p1a: Dragonite|Draco Meteor|p2b: Garchomp\n|-supereffective|p2b: Garchomp|1\n|-enditem|p2b: Garchomp|Focus Sash\n|-damage|p2b: Garchomp|1/100\n|-unboost|p1a: Dragonite|spa|2\n|cant|p1b: Archaludon|flinch\n|\n|-weather|none\n|-heal|p1b: Archaludon|63/100|[from] item: Leftovers\n|upkeep\n|turn|6\n|inactive|manumunzs has 30 seconds left.\n|\n|t:|1775999154\n|move|p2a: Delphox|Psychic|p1b: Archaludon\n|-resisted|p1b: Archaludon|1\n|-damage|p1b: Archaludon|19/100\n|-ability|p1b: Archaludon|Stamina|boost\n|-boost|p1b: Archaludon|def|1\n|move|p2b: Garchomp|Rock Slide|p1a: Dragonite|[spread] p1a,p1b\n|-supereffective|p1a: Dragonite|1\n|-resisted|p1b: Archaludon|1\n|-damage|p1a: Dragonite|13/100\n|-damage|p1b: Archaludon|17/100\n|-ability|p1b: Archaludon|Stamina|boost\n|-boost|p1b: Archaludon|def|1\n|move|p1a: Dragonite|Draco Meteor|p2b: Garchomp\n|-supereffective|p2b: Garchomp|1\n|-damage|p2b: Garchomp|0 fnt\n|-unboost|p1a: Dragonite|spa|2\n|faint|p2b: Garchomp\n|move|p1b: Archaludon|Draco Meteor|p2a: Delphox\n|-damage|p2a: Delphox|4/100\n|-unboost|p1b: Archaludon|spa|2\n|\n|-heal|p1b: Archaludon|23/100|[from] item: Leftovers\n|upkeep\n|turn|7\n|inactive|manumunzs has 30 seconds left.\n|\n|t:|1775999180\n|move|p2a: Delphox|Heat Wave|p1b: Archaludon|[spread] p1a,p1b\n|-resisted|p1a: Dragonite|1\n|-damage|p1a: Dragonite|0 fnt\n|-damage|p1b: Archaludon|0 fnt\n|faint|p1a: Dragonite\n|faint|p1b: Archaludon\n|\n|upkeep\n|\n|t:|1775999186\n|switch|p1a: Pelipper|Pelipper, L50, M, shiny|1/100\n|switch|p1b: Basculegion|Basculegion, L50, M, shiny|100/100\n|-weather|RainDance|[from] ability: Drizzle|[of] p1a: Pelipper\n|turn|8\n|\n|t:|1775999196\n|move|p1a: Pelipper|Protect|p1a: Pelipper\n|-singleturn|p1a: Pelipper|Protect\n|move|p1b: Basculegion|Aqua Jet|p2a: Delphox\n|-supereffective|p2a: Delphox|1\n|-damage|p2a: Delphox|0 fnt\n|faint|p2a: Delphox\n|\n|win|manumunzs\n|raw|manumunzs's rating: 1327 &rarr; <strong>1352</strong><br />(+25 for winning)\n|raw|santhenix92's rating: 1424 &rarr; <strong>1399</strong><br />(-25 for losing)\n|l|\u2606manumunzs\n|player|p1|\n",
  "uploadtime": 1775999210,
  "views": 37,
  "formatid": "gen9championsvgc2026regma",
  "rating": 1352,
  "private": 0,
  "password": null
}