{
  "id": "gen9championsvgc2026regma-2586684279",
  "format": "[Gen 9 Champions] VGC 2026 Reg M-A",
  "players": [
    "danielhart",
    "gr777"
  ],
  "log": "|j|\u2606danielhart\n|j|\u2606gr777\n|t:|1776451987\n|gametype|doubles\n|player|p1|danielhart|policeman-gen4|1079\n|player|p2|gr777|1|1010\n|gen|9\n|tier|[Gen 9 Champions] VGC 2026 Reg M-A\n|rated|\n|rule|Species Clause: Limit one of each Pok\u00e9mon\n|rule|Item Clause: Limit 1 of each item\n|clearpoke\n|poke|p1|Zoroark-Hisui, L50, M|\n|poke|p1|Kommo-o, L50, M|\n|poke|p1|Sneasler, L50, F|\n|poke|p1|Skarmory, L50, F|\n|poke|p1|Whimsicott, L50, F|\n|poke|p1|Milotic, L50, M|\n|poke|p2|Goodra-Hisui, L50, M|\n|poke|p2|Froslass, L50, F|\n|poke|p2|Incineroar, L50, F|\n|poke|p2|Basculegion, L50, M|\n|poke|p2|Oranguru, L50, M|\n|poke|p2|Beartic, L50, F|\n|teampreview|4\n|\n|t:|1776452023\n|teamsize|p1|4\n|teamsize|p2|4\n|start\n|switch|p1a: Milotic|Milotic, L50, M|100/100\n|switch|p1b: Whimsicott|Whimsicott, L50, F|100/100\n|switch|p2a: Froslass|Froslass, L50, F|100/100\n|switch|p2b: Goodra|Goodra-Hisui, L50, M|100/100\n|turn|1\n|\n|t:|1776452040\n|detailschange|p2a: Froslass|Froslass-Mega, L50, F\n|-mega|p2a: Froslass|Froslass|Froslassite\n|-weather|Snowscape|[from] ability: Snow Warning|[of] p2a: Froslass\n|move|p1b: Whimsicott|Tailwind|p1b: Whimsicott\n|-sidestart|p1: danielhart|move: Tailwind\n|move|p1a: Milotic|Knock Off|p2a: Froslass\n|-supereffective|p2a: Froslass|1\n|-damage|p2a: Froslass|65/100\n|move|p2a: Froslass|Blizzard|p1b: Whimsicott|[spread] p1a,p1b\n|-supereffective|p1b: Whimsicott|1\n|-damage|p1a: Milotic|16/100\n|-enditem|p1b: Whimsicott|Focus Sash\n|-damage|p1b: Whimsicott|1/100\n|replace|p1a: Zoroark|Zoroark-Hisui, L50, M\n|-end|p1a: Zoroark|Illusion\n|move|p2b: Goodra|Acid Spray|p1a: Zoroark\n|-resisted|p1a: Zoroark|1\n|-damage|p1a: Zoroark|6/100\n|-unboost|p1a: Zoroark|spd|2\n|\n|-weather|Snowscape|[upkeep]\n|upkeep\n|turn|2\n|\n|t:|1776452064\n|move|p1a: Zoroark|Protect|p1a: Zoroark\n|-singleturn|p1a: Zoroark|Protect\n|move|p2a: Froslass|Protect|p2a: Froslass\n|-singleturn|p2a: Froslass|Protect\n|move|p1b: Whimsicott|Dazzling Gleam|p2b: Goodra|[spread] p2b\n|-activate|p2a: Froslass|move: Protect\n|-damage|p2b: Goodra|84/100\n|move|p2b: Goodra|Breaking Swipe|p1b: Whimsicott|[spread] \n|-activate|p1a: Zoroark|move: Protect\n|-immune|p1b: Whimsicott\n|\n|-weather|Snowscape|[upkeep]\n|-heal|p2b: Goodra|90/100|[from] item: Leftovers\n|upkeep\n|turn|3\n|\n|t:|1776452090\n|move|p1b: Whimsicott|Dazzling Gleam|p2b: Goodra|[spread] p2a,p2b\n|-damage|p2a: Froslass|37/100\n|-damage|p2b: Goodra|73/100\n|move|p1a: Zoroark|Knock Off|p2b: Goodra\n|-damage|p2b: Goodra|57/100\n|-ability|p2b: Goodra|Gooey\n|-unboost|p1a: Zoroark|spe|1\n|-enditem|p2b: Goodra|Leftovers|[from] move: Knock Off|[of] p1a: Zoroark\n|move|p2a: Froslass|Blizzard|p1a: Zoroark|[spread] p1a,p1b\n|-supereffective|p1b: Whimsicott|1\n|-damage|p1a: Zoroark|0 fnt\n|-damage|p1b: Whimsicott|0 fnt\n|faint|p1a: Zoroark\n|faint|p1b: Whimsicott\n|move|p2b: Goodra|Life Dew|p2b: Goodra|[spread] p2a,p2b\n|-heal|p2a: Froslass|62/100\n|-heal|p2b: Goodra|82/100\n|\n|-weather|Snowscape|[upkeep]\n|upkeep\n|\n|t:|1776452110\n|switch|p1b: Milotic|Milotic, L50, M|100/100\n|switch|p1a: Sneasler|Sneasler, L50, F|100/100\n|turn|4\n|\n|t:|1776452142\n|switch|p2a: Oranguru|Oranguru, L50, M|100/100\n|move|p1b: Milotic|Protect|p1b: Milotic\n|-singleturn|p1b: Milotic|Protect\n|move|p1a: Sneasler|Close Combat|p2b: Goodra\n|-supereffective|p2b: Goodra|1\n|-damage|p2b: Goodra|0 fnt\n|-unboost|p1a: Sneasler|def|1\n|-unboost|p1a: Sneasler|spd|1\n|-ability|p2b: Goodra|Gooey\n|-unboost|p1a: Sneasler|spe|1\n|faint|p2b: Goodra\n|-enditem|p1a: Sneasler|White Herb\n|-clearnegativeboost|p1a: Sneasler|[silent]\n|\n|-weather|Snowscape|[upkeep]\n|-sideend|p1: danielhart|move: Tailwind\n|upkeep\n|\n|t:|1776452158\n|switch|p2b: Incineroar|Incineroar, L50, F|100/100\n|-ability|p2b: Incineroar|Intimidate|boost\n|-unboost|p1a: Sneasler|atk|1\n|-unboost|p1b: Milotic|atk|1\n|-ability|p1b: Milotic|Competitive|boost\n|-boost|p1b: Milotic|spa|2\n|turn|5\n|\n|t:|1776452181\n|move|p1a: Sneasler|Protect|p1a: Sneasler\n|-singleturn|p1a: Sneasler|Protect\n|move|p2b: Incineroar|Fake Out|p1a: Sneasler\n|-activate|p1a: Sneasler|move: Protect\n|move|p2a: Oranguru|Expanding Force|p1a: Sneasler\n|-activate|p1a: Sneasler|move: Protect\n|move|p1b: Milotic|Surf|p2b: Incineroar|[spread] p2a,p2b\n|-activate|p1a: Sneasler|move: Protect\n|-supereffective|p2b: Incineroar|1\n|-damage|p2a: Oranguru|44/100\n|-damage|p2b: Incineroar|0 fnt\n|faint|p2b: Incineroar\n|\n|-weather|none\n|upkeep\n|\n|t:|1776452194\n|switch|p2b: Froslass|Froslass-Mega, L50, F|62/100\n|-weather|Snowscape|[from] ability: Snow Warning|[of] p2b: Froslass\n|turn|6\n|\n|t:|1776452205\n|move|p1a: Sneasler|Dire Claw|p2b: Froslass\n|-resisted|p2b: Froslass|1\n|-damage|p2b: Froslass|45/100\n|move|p2b: Froslass|Blizzard|p1a: Sneasler|[spread] p1a,p1b\n|-resisted|p1b: Milotic|1\n|-damage|p1a: Sneasler|44/100\n|-damage|p1b: Milotic|87/100\n|move|p2a: Oranguru|Instruct|p2b: Froslass\n|-singleturn|p2b: Froslass|move: Instruct|[of] p2a: Oranguru\n|move|p2b: Froslass|Blizzard|p1a: Sneasler|[spread] p1a,p1b\n|-resisted|p1b: Milotic|1\n|-damage|p1a: Sneasler|0 fnt\n|-damage|p1b: Milotic|73/100\n|faint|p1a: Sneasler\n|move|p1b: Milotic|Surf|p2b: Froslass|[spread] p2a,p2b\n|-damage|p2a: Oranguru|0 fnt\n|-damage|p2b: Froslass|0 fnt\n|faint|p2a: Oranguru\n|faint|p2b: Froslass\n|\n|win|danielhart\n|raw|danielhart's rating: 1079 &rarr; <strong>1102</strong><br />(+23 for winning)\n|raw|gr777's rating: 1010 &rarr; <strong>1001</strong><br />(-9 for losing)\n",
  "uploadtime": 1776452216,
  "views": 34,
  "formatid": "gen9championsvgc2026regma",
  "rating": 1001,
  "private": 0,
  "password": null
}