{
  "id": "gen9championsvgc2026regma-2581363490",
  "format": "[Gen 9 Champions] VGC 2026 Reg M-A",
  "players": [
    "EmbraceTheDharc",
    "viperino7"
  ],
  "log": "|j|\u2606EmbraceTheDharc\n|j|\u2606viperino7\n|t:|1775991965\n|gametype|doubles\n|player|p1|EmbraceTheDharc|drayden|1186\n|player|p2|viperino7|102|1165\n|gen|9\n|tier|[Gen 9 Champions] VGC 2026 Reg M-A\n|rated|\n|rule|Species Clause: Limit one of each Pok\u00e9mon\n|rule|Item Clause: Limit 1 of each item\n|clearpoke\n|poke|p1|Politoed, L50, M|\n|poke|p1|Basculegion, L50, M|\n|poke|p1|Incineroar, L50, M|\n|poke|p1|Sinistcha, L50|\n|poke|p1|Venusaur, L50, M|\n|poke|p1|Sneasler, L50, M|\n|poke|p2|Garchomp, L50, F|\n|poke|p2|Sneasler, L50, F|\n|poke|p2|Floette-Eternal, L50, F|\n|poke|p2|Rotom-Wash, L50|\n|poke|p2|Incineroar, L50, F|\n|poke|p2|Aerodactyl, L50, F|\n|teampreview|4\n|inactive|Battle timer is ON: inactive players will automatically lose when time's up. (requested by viperino7)\nviperino7 rejected open team sheets.\n|\n|t:|1775992004\n|teamsize|p1|4\n|teamsize|p2|4\n|start\n|switch|p1a: Sneasler|Sneasler, L50, M|100/100\n|switch|p1b: Venusaur|Venusaur, L50, M|100/100\n|switch|p2a: Incineroar|Incineroar, L50, F, shiny|100/100\n|switch|p2b: Aerodactyl|Aerodactyl, L50, F|100/100\n|-ability|p2b: Aerodactyl|Unnerve\n|-ability|p2a: Incineroar|Intimidate|boost\n|-unboost|p1a: Sneasler|atk|1\n|-unboost|p1b: Venusaur|atk|1\n|-enditem|p1a: Sneasler|White Herb\n|-clearnegativeboost|p1a: Sneasler|[silent]\n|turn|1\n|inactive|EmbraceTheDharc has 30 seconds left.\n|\n|t:|1775992037\n|detailschange|p1b: Venusaur|Venusaur-Mega, L50, M\n|-mega|p1b: Venusaur|Venusaur|Venusaurite\n|move|p2b: Aerodactyl|Protect|p2b: Aerodactyl\n|-singleturn|p2b: Aerodactyl|Protect\n|move|p2a: Incineroar|Fake Out|p1b: Venusaur\n|-damage|p1b: Venusaur|92/100\n|move|p1a: Sneasler|Close Combat|p2a: Incineroar\n|-supereffective|p2a: Incineroar|1\n|-damage|p2a: Incineroar|1/100\n|-unboost|p1a: Sneasler|def|1\n|-unboost|p1a: Sneasler|spd|1\n|cant|p1b: Venusaur|flinch\n|\n|upkeep\n|turn|2\n|inactive|EmbraceTheDharc has 30 seconds left.\n|inactive|viperino7 has 30 seconds left.\n|\n|t:|1775992063\n|move|p1a: Sneasler|Dire Claw|p2a: Incineroar\n|-damage|p2a: Incineroar|0 fnt\n|faint|p2a: Incineroar\n|move|p2b: Aerodactyl|Tailwind|p2b: Aerodactyl\n|-sidestart|p2: viperino7|move: Tailwind\n|move|p1b: Venusaur|Giga Drain|p2b: Aerodactyl\n|-damage|p2b: Aerodactyl|46/100\n|-heal|p1b: Venusaur|100/100|[from] drain|[of] p2b: Aerodactyl\n|\n|upkeep\n|\n|t:|1775992074\n|switch|p2a: Floette|Floette-Eternal, L50, F|100/100\n|turn|3\n|\n|t:|1775992088\n|detailschange|p2a: Floette|Floette-Mega, L50, F\n|-mega|p2a: Floette|Floette|Floettite\n|-ability|p2a: Floette|Fairy Aura\n|move|p2b: Aerodactyl|Dual Wingbeat|p1a: Sneasler\n|-supereffective|p1a: Sneasler|1\n|-damage|p1a: Sneasler|1/100\n|-supereffective|p1a: Sneasler|1\n|-damage|p1a: Sneasler|0 fnt\n|faint|p1a: Sneasler\n|-hitcount|p1: Sneasler|2\n|move|p2a: Floette|Calm Mind|p2a: Floette\n|-boost|p2a: Floette|spa|1\n|-boost|p2a: Floette|spd|1\n|move|p1b: Venusaur|Giga Drain|p2b: Aerodactyl\n|-crit|p2b: Aerodactyl\n|-damage|p2b: Aerodactyl|0 fnt\n|faint|p2b: Aerodactyl\n|\n|upkeep\n|\n|t:|1775992103\n|switch|p2b: Rotom|Rotom-Wash, L50|100/100\n|switch|p1a: Sinistcha|Sinistcha, L50|100/100\n|turn|4\n|\n|t:|1775992126\n|move|p2a: Floette|Calm Mind|p2a: Floette\n|-boost|p2a: Floette|spa|1\n|-boost|p2a: Floette|spd|1\n|move|p2b: Rotom|Will-O-Wisp|p1a: Sinistcha\n|-status|p1a: Sinistcha|brn\n|move|p1b: Venusaur|Sludge Bomb|p2a: Floette\n|-supereffective|p2a: Floette|1\n|-damage|p2a: Floette|63/100\n|move|p1a: Sinistcha|Life Dew||[still]|[still]|[spread] \n|-fail|p1a: Sinistcha|heal\n|-fail|p1b: Venusaur|heal\n|\n|-damage|p1a: Sinistcha|94/100 brn|[from] brn\n|upkeep\n|turn|5\n|\n|t:|1775992144\n|move|p2a: Floette|Moonblast|p1b: Venusaur\n|-resisted|p1b: Venusaur|1\n|-damage|p1b: Venusaur|38/100\n|move|p2b: Rotom|Thunderbolt|p1b: Venusaur\n|-resisted|p1b: Venusaur|1\n|-damage|p1b: Venusaur|25/100\n|move|p1b: Venusaur|Sludge Bomb|p2a: Floette\n|-supereffective|p2a: Floette|1\n|-damage|p2a: Floette|30/100\n|move|p1a: Sinistcha|Matcha Gotcha|p2a: Floette|[spread] p2a,p2b\n|-supereffective|p2b: Rotom|1\n|-damage|p2a: Floette|21/100\n|-heal|p1a: Sinistcha|99/100 brn|[from] drain|[of] p2a: Floette\n|-damage|p2b: Rotom|61/100\n|-heal|p1a: Sinistcha|100/100 brn|[from] drain|[of] p2b: Rotom\n|-status|p2a: Floette|brn\n|-status|p2b: Rotom|brn\n|\n|-damage|p2a: Floette|15/100 brn|[from] brn\n|-damage|p2b: Rotom|55/100 brn|[from] brn\n|-damage|p1a: Sinistcha|94/100 brn|[from] brn\n|-sideend|p2: viperino7|move: Tailwind\n|upkeep\n|turn|6\n|\n|t:|1775992166\n|move|p1b: Venusaur|Protect|p1b: Venusaur\n|-singleturn|p1b: Venusaur|Protect\n|move|p2a: Floette|Dazzling Gleam|p1b: Venusaur|[spread] p1a\n|-activate|p1b: Venusaur|move: Protect\n|-damage|p1a: Sinistcha|3/100 brn\n|move|p2b: Rotom|Thunderbolt|p1a: Sinistcha\n|-resisted|p1a: Sinistcha|1\n|-damage|p1a: Sinistcha|0 fnt\n|faint|p1a: Sinistcha\n|\n|-damage|p2a: Floette|9/100 brn|[from] brn\n|-damage|p2b: Rotom|50/100 brn|[from] brn\n|upkeep\n|-enditem|p2b: Rotom|Sitrus Berry|[eat]\n|-heal|p2b: Rotom|74/100 brn|[from] item: Sitrus Berry\n|\n|t:|1775992180\n|switch|p1a: Basculegion|Basculegion, L50, M|100/100\n|turn|7\n|\n|t:|1775992189\n|move|p2a: Floette|Protect|p2a: Floette\n|-singleturn|p2a: Floette|Protect\n|move|p1a: Basculegion|Last Respects|p2b: Rotom\n|-damage|p2b: Rotom|0 fnt\n|faint|p2b: Rotom\n|move|p1b: Venusaur|Giga Drain|p2a: Floette\n|-activate|p2a: Floette|move: Protect\n|\n|-damage|p2a: Floette|3/100 brn|[from] brn\n|upkeep\n|turn|8\n|\n|t:|1775992201\n|move|p1b: Venusaur|Protect|p1b: Venusaur\n|-singleturn|p1b: Venusaur|Protect\n|move|p1a: Basculegion|Last Respects|p2a: Floette\n|-damage|p2a: Floette|0 fnt\n|faint|p2a: Floette\n|\n|win|EmbraceTheDharc\n|raw|EmbraceTheDharc's rating: 1186 &rarr; <strong>1209</strong><br />(+23 for winning)\n|raw|viperino7's rating: 1165 &rarr; <strong>1142</strong><br />(-23 for losing)\n",
  "uploadtime": 1775992208,
  "views": 20,
  "formatid": "gen9championsvgc2026regma",
  "rating": 1142,
  "private": 0,
  "password": null
}