{
  "id": "gen9championsvgc2026regma-2581548596",
  "format": "[Gen 9 Champions] VGC 2026 Reg M-A",
  "players": [
    "augsaas",
    "debouls"
  ],
  "log": "|j|\u2606augsaas\n|j|\u2606debouls\n|t:|1776010071\n|gametype|doubles\n|player|p1|augsaas|cynthia-gen4|1138\n|player|p2|debouls|169|1200\n|gen|9\n|tier|[Gen 9 Champions] VGC 2026 Reg M-A\n|rated|\n|rule|Species Clause: Limit one of each Pok\u00e9mon\n|rule|Item Clause: Limit 1 of each item\n|clearpoke\n|poke|p1|Altaria, L50, M|\n|poke|p1|Sneasler, L50, F|\n|poke|p1|Gengar, L50, F|\n|poke|p1|Kingambit, L50, M|\n|poke|p1|Whimsicott, L50, F|\n|poke|p1|Typhlosion-Hisui, L50, F|\n|poke|p2|Arcanine, L50, F|\n|poke|p2|Rotom-Wash, L50|\n|poke|p2|Garchomp, L50, F|\n|poke|p2|Venusaur, L50, F|\n|poke|p2|Corviknight, L50, F|\n|poke|p2|Sneasler, L50, F|\n|teampreview|4\n|\n|t:|1776010139\n|teamsize|p1|4\n|teamsize|p2|4\n|start\n|switch|p1a: Gengar|Gengar, L50, F|100/100\n|switch|p1b: Whimsicott|Whimsicott, L50, F|100/100\n|switch|p2a: Rotom|Rotom-Wash, L50|100/100\n|switch|p2b: Venusaur|Venusaur, L50, F|100/100\n|turn|1\n|inactive|Battle timer is ON: inactive players will automatically lose when time's up. (requested by augsaas)\n|\n|t:|1776010178\n|switch|p2b: Corviknight|Corviknight, L50, F|100/100\n|detailschange|p1a: Gengar|Gengar-Mega, L50, F\n|-mega|p1a: Gengar|Gengar|Gengarite\n|move|p1b: Whimsicott|Fake Tears|p2a: Rotom\n|-unboost|p2a: Rotom|spd|2\n|move|p2a: Rotom|Thunderbolt|p1a: Gengar\n|-damage|p1a: Gengar|44/100\n|move|p1a: Gengar|Sludge Bomb|p2a: Rotom\n|-damage|p2a: Rotom|0 fnt\n|faint|p2a: Rotom\n|\n|upkeep\n|\n|t:|1776010195\n|switch|p2a: Venusaur|Venusaur, L50, F|100/100\n|turn|2\n|inactive|debouls has 30 seconds left.\n|\n|t:|1776010220\n|detailschange|p2a: Venusaur|Venusaur-Mega, L50, F\n|-mega|p2a: Venusaur|Venusaur|Venusaurite\n|move|p1b: Whimsicott|Tailwind|p1b: Whimsicott\n|-sidestart|p1: augsaas|move: Tailwind\n|move|p1a: Gengar|Shadow Ball|p2a: Venusaur\n|-damage|p2a: Venusaur|65/100\n|move|p2a: Venusaur|Sludge Bomb|p1b: Whimsicott\n|-supereffective|p1b: Whimsicott|2\n|-enditem|p1b: Whimsicott|Focus Sash\n|-damage|p1b: Whimsicott|1/100\n|move|p2b: Corviknight|Iron Head|p1b: Whimsicott\n|-supereffective|p1b: Whimsicott|1\n|-damage|p1b: Whimsicott|0 fnt\n|faint|p1b: Whimsicott\n|\n|upkeep\n|\n|t:|1776010232\n|switch|p1b: Typhlosion|Typhlosion-Hisui, L50, F|100/100\n|turn|3\n|\n|t:|1776010245\n|move|p2a: Venusaur|Protect|p2a: Venusaur\n|-singleturn|p2a: Venusaur|Protect\n|move|p1b: Typhlosion|Eruption|p2a: Venusaur|[spread] p2b\n|-activate|p2a: Venusaur|move: Protect\n|-supereffective|p2b: Corviknight|1\n|-damage|p2b: Corviknight|13/100\n|move|p1a: Gengar|Sludge Bomb|p2a: Venusaur\n|-activate|p2a: Venusaur|move: Protect\n|move|p2b: Corviknight|Brave Bird|p1a: Gengar\n|-damage|p1a: Gengar|0 fnt\n|faint|p1a: Gengar\n|-damage|p2b: Corviknight|3/100|[from] Recoil\n|\n|-heal|p2b: Corviknight|9/100|[from] item: Leftovers\n|upkeep\n|\n|t:|1776010249\n|switch|p1a: Kingambit|Kingambit, L50, M|100/100\n|turn|4\n|inactive|debouls has 30 seconds left.\n|\n|t:|1776010280\n|switch|p2a: Garchomp|Garchomp, L50, F|100/100\n|move|p2b: Corviknight|Protect|p2b: Corviknight\n|-singleturn|p2b: Corviknight|Protect\n|move|p1b: Typhlosion|Eruption|p2a: Garchomp|[spread] p2a\n|-activate|p2b: Corviknight|move: Protect\n|-resisted|p2a: Garchomp|1\n|-crit|p2a: Garchomp\n|-damage|p2a: Garchomp|59/100\n|move|p1a: Kingambit|Kowtow Cleave|p2a: Garchomp\n|-damage|p2a: Garchomp|0 fnt\n|-damage|p1a: Kingambit|88/100|[from] ability: Rough Skin|[of] p2a: Garchomp\n|faint|p2a: Garchomp\n|\n|-heal|p2b: Corviknight|15/100|[from] item: Leftovers\n|upkeep\n|\n|t:|1776010296\n|switch|p2a: Venusaur|Venusaur-Mega, L50, F|65/100\n|turn|5\n|inactive|debouls has 30 seconds left.\n|\n|t:|1776010325\n|move|p1b: Typhlosion|Eruption|p2b: Corviknight|[spread] p2a,p2b\n|-supereffective|p2a: Venusaur|1\n|-crit|p2a: Venusaur\n|-supereffective|p2b: Corviknight|1\n|-damage|p2a: Venusaur|4/100\n|-damage|p2b: Corviknight|0 fnt\n|faint|p2b: Corviknight\n|move|p1a: Kingambit|Kowtow Cleave|p2a: Venusaur\n|-crit|p2a: Venusaur\n|-damage|p2a: Venusaur|0 fnt\n|faint|p2a: Venusaur\n|\n|win|augsaas\n|raw|augsaas's rating: 1138 &rarr; <strong>1167</strong><br />(+29 for winning)\n|raw|debouls's rating: 1200 &rarr; <strong>1171</strong><br />(-29 for losing)\n|c|\u2606augsaas|crit spam\n|c|\u2606augsaas|wth\n",
  "uploadtime": 1776010341,
  "views": 19,
  "formatid": "gen9championsvgc2026regma",
  "rating": 1167,
  "private": 0,
  "password": null
}