{
  "id": "gen9championsvgc2026regma-2582973679",
  "format": "[Gen 9 Champions] VGC 2026 Reg M-A",
  "players": [
    "chiaraschmidt",
    "boysenorange"
  ],
  "log": "|j|\u2606chiaraschmidt\n|j|\u2606boysenorange\n|t:|1776129830\n|gametype|doubles\n|player|p1|chiaraschmidt|caitlin|1134\n|player|p2|boysenorange|turo|1138\n|gen|9\n|tier|[Gen 9 Champions] VGC 2026 Reg M-A\n|rated|\n|rule|Species Clause: Limit one of each Pok\u00e9mon\n|rule|Item Clause: Limit 1 of each item\n|clearpoke\n|poke|p1|Froslass, L50, F|\n|poke|p1|Primarina, L50, F|\n|poke|p1|Rotom-Frost, L50|\n|poke|p1|Garchomp, L50, F|\n|poke|p1|Incineroar, L50, M|\n|poke|p1|Basculegion, L50, M|\n|poke|p2|Farigiraf, L50, F|\n|poke|p2|Maushold-Four, L50|\n|poke|p2|Camerupt, L50, F|\n|poke|p2|Hatterene, L50, F|\n|poke|p2|Meowstic, L50, M|\n|poke|p2|Venusaur, L50, M|\n|teampreview|4\n|\n|t:|1776129891\n|teamsize|p1|4\n|teamsize|p2|4\n|start\n|switch|p1a: Garchomp|Garchomp, L50, F|100/100\n|switch|p1b: Rotom|Rotom-Frost, L50|100/100\n|switch|p2a: Meowstic|Meowstic, L50, M|100/100\n|switch|p2b: Hatterene|Hatterene, L50, F|100/100\n|turn|1\n|inactive|Battle timer is ON: inactive players will automatically lose when time's up. (requested by boysenorange)\n|\n|t:|1776129918\n|move|p1b: Rotom|Helping Hand|p1a: Garchomp\n|-singleturn|p1a: Garchomp|Helping Hand|[of] p1b: Rotom\n|move|p2a: Meowstic|Fake Out|p1a: Garchomp\n|-damage|p1a: Garchomp|96/100\n|-damage|p2a: Meowstic|88/100|[from] ability: Rough Skin|[of] p1a: Garchomp\n|cant|p1a: Garchomp|flinch\n|move|p2b: Hatterene|Trick Room|p2b: Hatterene\n|-fieldstart|move: Trick Room|[of] p2b: Hatterene\n|\n|upkeep\n|turn|2\n|\n|t:|1776129941\n|move|p2a: Meowstic|Helping Hand|p2b: Hatterene\n|-singleturn|p2b: Hatterene|Helping Hand|[of] p2a: Meowstic\n|move|p1a: Garchomp|Protect|p1a: Garchomp\n|-singleturn|p1a: Garchomp|Protect\n|move|p2b: Hatterene|Dazzling Gleam|p1b: Rotom|[spread] p1b\n|-activate|p1a: Garchomp|move: Protect\n|-damage|p1b: Rotom|32/100\n|-enditem|p1b: Rotom|Sitrus Berry|[eat]\n|-heal|p1b: Rotom|57/100|[from] item: Sitrus Berry\n|move|p1b: Rotom|Blizzard|p2a: Meowstic|[spread] p2a,p2b\n|-crit|p2a: Meowstic\n|-damage|p2a: Meowstic|10/100\n|-damage|p2b: Hatterene|55/100\n|\n|upkeep\n|turn|3\n|inactive|chiaraschmidt has 30 seconds left.\n|\n|t:|1776129971\n|switch|p1a: Primarina|Primarina, L50, F, shiny|100/100\n|move|p2a: Meowstic|Sunny Day|p2a: Meowstic\n|-weather|SunnyDay\n|move|p2b: Hatterene|Dazzling Gleam|p1a: Primarina|[spread] p1a,p1b\n|-damage|p1a: Primarina|57/100\n|-damage|p1b: Rotom|12/100\n|move|p1b: Rotom|Blizzard|p2a: Meowstic|[spread] p2a,p2b\n|-damage|p2a: Meowstic|0 fnt\n|-damage|p2b: Hatterene|13/100\n|faint|p2a: Meowstic\n|\n|-weather|SunnyDay|[upkeep]\n|upkeep\n|\n|t:|1776129979\n|switch|p2a: Camerupt|Camerupt, L50, F|100/100\n|turn|4\n|\n|t:|1776129992\n|detailschange|p2a: Camerupt|Camerupt-Mega, L50, F\n|-mega|p2a: Camerupt|Camerupt|Cameruptite\n|move|p1b: Rotom|Helping Hand|p1a: Primarina\n|-singleturn|p1a: Primarina|Helping Hand|[of] p1b: Rotom\n|move|p2a: Camerupt|Earth Power|p1a: Primarina\n|-damage|p1a: Primarina|0 fnt\n|faint|p1a: Primarina\n|move|p2b: Hatterene|Dazzling Gleam|p1b: Rotom\n|-damage|p1b: Rotom|0 fnt\n|faint|p1b: Rotom\n|\n|-weather|SunnyDay|[upkeep]\n|upkeep\n|\n|t:|1776130004\n|switch|p1b: Garchomp|Garchomp, L50, F|96/100\n|switch|p1a: Froslass|Froslass, L50, F|100/100\n|turn|5\n|inactive|chiaraschmidt has 30 seconds left.\n|\n|t:|1776130030\n|detailschange|p1a: Froslass|Froslass-Mega, L50, F\n|-mega|p1a: Froslass|Froslass|Froslassite\n|-weather|Snowscape|[from] ability: Snow Warning|[of] p1a: Froslass\n|move|p1b: Garchomp|Protect|p1b: Garchomp\n|-singleturn|p1b: Garchomp|Protect\n|move|p2a: Camerupt|Earth Power|p1b: Garchomp\n|-activate|p1b: Garchomp|move: Protect\n|move|p2b: Hatterene|Dazzling Gleam|p1b: Garchomp|[spread] p1a\n|-activate|p1b: Garchomp|move: Protect\n|-damage|p1a: Froslass|49/100\n|move|p1a: Froslass|Blizzard|p2b: Hatterene|[spread] p2a,p2b\n|-damage|p2a: Camerupt|56/100\n|-damage|p2b: Hatterene|0 fnt\n|faint|p2b: Hatterene\n|\n|-weather|Snowscape|[upkeep]\n|-fieldend|move: Trick Room\n|upkeep\n|\n|t:|1776130042\n|switch|p2b: Venusaur|Venusaur, L50, M|100/100\n|turn|6\n|inactive|chiaraschmidt has 30 seconds left.\n|\n|t:|1776130073\n|move|p1a: Froslass|Protect|p1a: Froslass\n|-singleturn|p1a: Froslass|Protect\n|move|p1b: Garchomp|Earthquake|p2a: Camerupt|[spread] p2a,p2b\n|-activate|p1a: Froslass|move: Protect\n|-supereffective|p2a: Camerupt|1\n|-damage|p2a: Camerupt|0 fnt\n|-damage|p2b: Venusaur|57/100\n|faint|p2a: Camerupt\n|move|p2b: Venusaur|Energy Ball|p1a: Froslass\n|-activate|p1a: Froslass|move: Protect\n|\n|-weather|Snowscape|[upkeep]\n|-heal|p2b: Venusaur|63/100|[from] item: Leftovers\n|upkeep\n|turn|7\n|-message|boysenorange forfeited.\n|\n|win|chiaraschmidt\n|raw|chiaraschmidt's rating: 1134 &rarr; <strong>1159</strong><br />(+25 for winning)\n|raw|boysenorange's rating: 1138 &rarr; <strong>1113</strong><br />(-25 for losing)\n",
  "uploadtime": 1776130087,
  "views": 13,
  "formatid": "gen9championsvgc2026regma",
  "rating": 1113,
  "private": 0,
  "password": null
}