{
  "id": "gen9championsvgc2026regma-2583844170",
  "format": "[Gen 9 Champions] VGC 2026 Reg M-A",
  "players": [
    "ghostlys",
    "RandomGuyInSchool"
  ],
  "log": "|j|\u2606ghostlys\n|j|\u2606RandomGuyInSchool\n|t:|1776202113\n|gametype|doubles\n|player|p1|ghostlys|fennel|1073\n|player|p2|RandomGuyInSchool|schoolkid-gen4|1112\n|gen|9\n|tier|[Gen 9 Champions] VGC 2026 Reg M-A\n|rated|\n|rule|Species Clause: Limit one of each Pok\u00e9mon\n|rule|Item Clause: Limit 1 of each item\n|clearpoke\n|poke|p1|Froslass, L50, F|\n|poke|p1|Sinistcha, L50|\n|poke|p1|Runerigus, L50, F|\n|poke|p1|Aegislash, L50, M|\n|poke|p1|Dragapult, L50, F|\n|poke|p1|Emboar, L50, F|\n|poke|p2|Incineroar, L50, M|\n|poke|p2|Farigiraf, L50, F|\n|poke|p2|Whimsicott, L50, F|\n|poke|p2|Gengar, L50, M|\n|poke|p2|Kingambit, L50, F|\n|poke|p2|Rotom-Wash, L50|\n|teampreview|4\n|inactive|Battle timer is ON: inactive players will automatically lose when time's up. (requested by RandomGuyInSchool)\n|inactive|ghostlys has 60 seconds left.\n|inactive|RandomGuyInSchool has 60 seconds left.\n|inactive|RandomGuyInSchool has 30 seconds left.\n|\n|t:|1776202183\n|teamsize|p1|4\n|teamsize|p2|4\n|start\n|switch|p1a: Froslass|Froslass, L50, F, shiny|100/100\n|switch|p1b: Runerigus|Runerigus, L50, F, shiny|100/100\n|switch|p2a: Kingambit|Kingambit, L50, F|100/100\n|switch|p2b: Incineroar|Incineroar, L50, M|100/100\n|-ability|p2b: Incineroar|Intimidate|boost\n|-unboost|p1a: Froslass|atk|1\n|-unboost|p1b: Runerigus|atk|1\n|turn|1\n|inactive|ghostlys has 30 seconds left.\n|\n|t:|1776202212\n|detailschange|p1a: Froslass|Froslass-Mega, L50, F, shiny\n|-mega|p1a: Froslass|Froslass|Froslassite\n|-weather|Snowscape|[from] ability: Snow Warning|[of] p1a: Froslass\n|move|p1a: Froslass|Substitute|p1a: Froslass\n|-start|p1a: Froslass|Substitute\n|-damage|p1a: Froslass|76/100\n|move|p2b: Incineroar|Parting Shot|p1b: Runerigus\n|-unboost|p1b: Runerigus|atk|1\n|-unboost|p1b: Runerigus|spa|1\n|\n|t:|1776202221\n|switch|p2b: Whimsicott|Whimsicott, L50, F|100/100|[from] Parting Shot\n|move|p2a: Kingambit|Swords Dance|p2a: Kingambit\n|-boost|p2a: Kingambit|atk|2\n|move|p1b: Runerigus|Body Press|p2a: Kingambit\n|-supereffective|p2a: Kingambit|2\n|-enditem|p2a: Kingambit|Chople Berry|[eat]\n|-enditem|p2a: Kingambit|Chople Berry|[weaken]\n|-damage|p2a: Kingambit|57/100\n|\n|-weather|Snowscape|[upkeep]\n|upkeep\n|turn|2\n|\n|t:|1776202242\n|move|p2b: Whimsicott|Encore|p1a: Froslass\n|-start|p1a: Froslass|Encore\n|move|p2a: Kingambit|Sucker Punch||[still]\n|-fail|p2a: Kingambit\n|move|p1a: Froslass|Substitute|p1a: Froslass\n|-fail|p1a: Froslass|move: Substitute\n|move|p1b: Runerigus|Haze|p1b: Runerigus\n|-clearallboost\n|\n|-weather|Snowscape|[upkeep]\n|upkeep\n|turn|3\n|inactive|ghostlys has 30 seconds left.\n|inactive|ghostlys has 20 seconds left.\n|\n|t:|1776202277\n|switch|p1a: Sinistcha|Sinistcha, L50|100/100\n|switch|p2a: Gengar|Gengar, L50, M|100/100\n|move|p2b: Whimsicott|Encore|p1b: Runerigus\n|-start|p1b: Runerigus|Encore\n|move|p1b: Runerigus|Haze|p1b: Runerigus\n|-clearallboost\n|\n|-weather|Snowscape|[upkeep]\n|upkeep\n|turn|4\n|inactive|ghostlys has 30 seconds left.\n|inactive|RandomGuyInSchool has 30 seconds left.\n|inactive|ghostlys has 20 seconds left.\n|inactive|RandomGuyInSchool has 20 seconds left.\n|\n|t:|1776202314\n|detailschange|p2a: Gengar|Gengar-Mega, L50, M\n|-mega|p2a: Gengar|Gengar|Gengarite\n|move|p2b: Whimsicott|Protect|p2b: Whimsicott\n|-singleturn|p2b: Whimsicott|Protect\n|move|p2a: Gengar|Protect|p2a: Gengar\n|-singleturn|p2a: Gengar|Protect\n|move|p1a: Sinistcha|Shadow Ball|p2a: Gengar\n|-activate|p2a: Gengar|move: Protect\n|move|p1b: Runerigus|Haze|p1b: Runerigus\n|-clearallboost\n|\n|-weather|Snowscape|[upkeep]\n|upkeep\n|turn|5\n|\n|t:|1776202339\n|switch|p1b: Dragapult|Dragapult, L50, F, shiny|100/100\n|move|p2b: Whimsicott|Tailwind|p2b: Whimsicott\n|-sidestart|p2: RandomGuyInSchool|move: Tailwind\n|move|p2a: Gengar|Shadow Ball|p1a: Sinistcha\n|-supereffective|p1a: Sinistcha|1\n|-damage|p1a: Sinistcha|0 fnt\n|faint|p1a: Sinistcha\n|\n|-weather|none\n|upkeep\n|\n|t:|1776202348\n|switch|p1a: Runerigus|Runerigus, L50, F, shiny|100/100\n|turn|6\n|\n|t:|1776202371\n|move|p2a: Gengar|Protect|p2a: Gengar\n|-singleturn|p2a: Gengar|Protect\n|move|p2b: Whimsicott|Moonblast|p1b: Dragapult\n|-supereffective|p1b: Dragapult|1\n|-damage|p1b: Dragapult|0 fnt\n|faint|p1b: Dragapult\n|move|p1a: Runerigus|Phantom Force||[still]\n|-prepare|p1a: Runerigus|Phantom Force\n|\n|upkeep\n|\n|t:|1776202378\n|switch|p1b: Froslass|Froslass-Mega, L50, F, shiny|76/100\n|-weather|Snowscape|[from] ability: Snow Warning|[of] p1b: Froslass\n|turn|7\n|\n|t:|1776202393\n|switch|p2a: Incineroar|Incineroar, L50, M|100/100\n|-ability|p2a: Incineroar|Intimidate|boost\n|-unboost|p1a: Runerigus|atk|1\n|-unboost|p1b: Froslass|atk|1\n|move|p2b: Whimsicott|Moonblast|p1b: Froslass\n|-damage|p1b: Froslass|28/100\n|move|p1b: Froslass|Blizzard|p2a: Incineroar|[spread] p2a,p2b\n|-resisted|p2a: Incineroar|1\n|-supereffective|p2b: Whimsicott|1\n|-damage|p2a: Incineroar|84/100\n|-enditem|p2b: Whimsicott|Focus Sash\n|-damage|p2b: Whimsicott|1/100\n|move|p1a: Runerigus|Phantom Force|p2a: Incineroar|[from] lockedmove\n|-resisted|p2a: Incineroar|1\n|-damage|p2a: Incineroar|75/100\n|\n|-weather|Snowscape|[upkeep]\n|upkeep\n|turn|8\n|inactive|ghostlys has 30 seconds left.\n|inactive|RandomGuyInSchool has 30 seconds left.\n|inactive|ghostlys has 20 seconds left.\n|inactive|ghostlys has 15 seconds left.\n|inactive|RandomGuyInSchool has 20 seconds left.\n|\n|t:|1776202438\n|move|p2b: Whimsicott|Protect|p2b: Whimsicott\n|-singleturn|p2b: Whimsicott|Protect\n|move|p1b: Froslass|Destiny Bond|p1b: Froslass\n|-singlemove|p1b: Froslass|Destiny Bond\n|move|p2a: Incineroar|Darkest Lariat|p1b: Froslass\n|-supereffective|p1b: Froslass|1\n|-damage|p1b: Froslass|0 fnt\n|faint|p1b: Froslass\n|-activate|p1b: Froslass|move: Destiny Bond\n|faint|p2a: Incineroar\n|move|p1a: Runerigus|Phantom Force||[still]\n|-prepare|p1a: Runerigus|Phantom Force\n|\n|-weather|Snowscape|[upkeep]\n|-sideend|p2: RandomGuyInSchool|move: Tailwind\n|upkeep\n|\n|t:|1776202452\n|switch|p2a: Kingambit|Kingambit, L50, F|57/100\n|turn|9\n|\n|t:|1776202471\n|move|p2b: Whimsicott|Moonblast|p1a: Runerigus|[miss]\n|-miss|p2b: Whimsicott|p1a: Runerigus\n|move|p2a: Kingambit|Swords Dance|p2a: Kingambit\n|-boost|p2a: Kingambit|atk|2\n|move|p1a: Runerigus|Phantom Force|p2b: Whimsicott|[from] lockedmove\n|-damage|p2b: Whimsicott|0 fnt\n|faint|p2b: Whimsicott\n|\n|-weather|Snowscape|[upkeep]\n|upkeep\n|\n|t:|1776202480\n|switch|p2b: Gengar|Gengar-Mega, L50, M|100/100\n|turn|10\n|\n|t:|1776202489\n|move|p2a: Kingambit|Sucker Punch|p1a: Runerigus\n|-supereffective|p1a: Runerigus|1\n|-damage|p1a: Runerigus|0 fnt\n|-activate|p2a: Kingambit|Skill Swap|Wandering Spirit|Defiant|[of] p1a: Runerigus\n|faint|p1a: Runerigus\n|\n|win|RandomGuyInSchool\n|raw|ghostlys's rating: 1073 &rarr; <strong>1054</strong><br />(-19 for losing)\n|raw|RandomGuyInSchool's rating: 1112 &rarr; <strong>1134</strong><br />(+22 for winning)\n|l|\u2606ghostlys\n|player|p1|\n",
  "uploadtime": 1776202496,
  "views": 17,
  "formatid": "gen9championsvgc2026regma",
  "rating": 1054,
  "private": 0,
  "password": null
}