{
  "id": "gen9championsvgc2026regma-2582145186",
  "format": "[Gen 9 Champions] VGC 2026 Reg M-A",
  "players": [
    "lakeandbake",
    "houses3\u80e1\u841d\u535c\u4fa0"
  ],
  "log": "|j|\u203dlakeandbake\n|j|\u2606houses3\u80e1\u841d\u535c\u4fa0\n|t:|1776063810\n|gametype|doubles\n|player|p1|lakeandbake|iono-masters|1251\n|player|p2|houses3\u80e1\u841d\u535c\u4fa0|170|1344\n|gen|9\n|tier|[Gen 9 Champions] VGC 2026 Reg M-A\n|rated|\n|rule|Species Clause: Limit one of each Pok\u00e9mon\n|rule|Item Clause: Limit 1 of each item\n|clearpoke\n|poke|p1|Aerodactyl, L50, F|\n|poke|p1|Rotom-Wash, L50|\n|poke|p1|Sneasler, L50, M|\n|poke|p1|Incineroar, L50, M|\n|poke|p1|Delphox, L50, M|\n|poke|p1|Garchomp, L50, F|\n|poke|p2|Charizard, L50, F|\n|poke|p2|Sneasler, L50, F|\n|poke|p2|Basculegion, L50, M|\n|poke|p2|Garchomp, L50, M|\n|poke|p2|Incineroar, L50, M|\n|poke|p2|Venusaur, L50, M|\n|teampreview|4\n|inactive|Battle timer is ON: inactive players will automatically lose when time's up. (requested by lakeandbake)\n|inactive|lakeandbake has 60 seconds left.\n|inactive|houses3\u80e1\u841d\u535c\u4fa0 has 60 seconds left.\n|inactive|lakeandbake has 30 seconds left.\n|inactive|houses3\u80e1\u841d\u535c\u4fa0 has 30 seconds left.\n|inactive|lakeandbake has 20 seconds left.\n|inactive|lakeandbake has 15 seconds left.\n|inactive|lakeandbake has 10 seconds left.\n|inactive|lakeandbake has 5 seconds left.\n|\n|t:|1776063901\n|teamsize|p1|4\n|teamsize|p2|4\n|start\n|switch|p1a: Garchomp|Garchomp, L50, F|100/100\n|switch|p1b: Aerodactyl|Aerodactyl, L50, F|100/100\n|switch|p2a: Incineroar|Incineroar, L50, M|100/100\n|switch|p2b: Garchomp|Garchomp, L50, M|100/100\n|-ability|p1b: Aerodactyl|Pressure\n|-ability|p2a: Incineroar|Intimidate|boost\n|-unboost|p1a: Garchomp|atk|1\n|-unboost|p1b: Aerodactyl|atk|1\n|turn|1\n|inactive|houses3\u80e1\u841d\u535c\u4fa0 has 30 seconds left.\n|\n|t:|1776063930\n|switch|p1b: Sneasler|Sneasler, L50, M|100/100\n|move|p1a: Garchomp|Rock Slide|p2b: Garchomp|[spread] p2a,p2b\n|-supereffective|p2a: Incineroar|1\n|-resisted|p2b: Garchomp|1\n|-damage|p2a: Incineroar|80/100\n|-damage|p2b: Garchomp|95/100\n|cant|p2b: Garchomp|flinch\n|move|p2a: Incineroar|Parting Shot|p1b: Sneasler\n|-unboost|p1b: Sneasler|atk|1\n|-unboost|p1b: Sneasler|spa|1\n|\n|t:|1776063945\n|switch|p2a: Basculegion|Basculegion, L50, M|100/100|[from] Parting Shot\n|-enditem|p1b: Sneasler|White Herb\n|-clearnegativeboost|p1b: Sneasler|[silent]\n|\n|upkeep\n|turn|2\n|\n|t:|1776063965\n|move|p1b: Sneasler|Dire Claw|p2b: Garchomp\n|-resisted|p2b: Garchomp|1\n|-damage|p2b: Garchomp|76/100\n|-status|p2b: Garchomp|slp\n|-damage|p1b: Sneasler|88/100|[from] ability: Rough Skin|[of] p2b: Garchomp\n|move|p1a: Garchomp|Rock Slide|p2b: Garchomp|[spread] p2a,p2b\n|-resisted|p2b: Garchomp|1\n|-damage|p2a: Basculegion|84/100\n|-damage|p2b: Garchomp|70/100 slp\n|move|p2a: Basculegion|Flip Turn|p1b: Sneasler\n|-damage|p1b: Sneasler|29/100\n|\n|t:|1776063977\n|switch|p2a: Incineroar|Incineroar, L50, M|80/100|[from] Flip Turn\n|-ability|p2a: Incineroar|Intimidate|boost\n|-unboost|p1a: Garchomp|atk|1\n|-unboost|p1b: Sneasler|atk|1\n|cant|p2b: Garchomp|slp\n|\n|upkeep\n|turn|3\n|\n|t:|1776063988\n|switch|p1a: Aerodactyl|Aerodactyl, L50, F|100/100\n|-ability|p1a: Aerodactyl|Pressure\n|switch|p2a: Basculegion|Basculegion, L50, M|84/100\n|move|p1b: Sneasler|Dire Claw|p2a: Basculegion\n|-resisted|p2a: Basculegion|1\n|-damage|p2a: Basculegion|66/100\n|-status|p2a: Basculegion|psn\n|cant|p2b: Garchomp|slp\n|\n|-damage|p2a: Basculegion|54/100 psn|[from] psn\n|upkeep\n|turn|4\n|inactive|lakeandbake has 30 seconds left.\n|inactive|houses3\u80e1\u841d\u535c\u4fa0 has 30 seconds left.\n|\n|t:|1776064018\n|move|p1a: Aerodactyl|Protect|p1a: Aerodactyl\n|-singleturn|p1a: Aerodactyl|Protect\n|move|p1b: Sneasler|Dire Claw|p2a: Basculegion\n|-resisted|p2a: Basculegion|1\n|-damage|p2a: Basculegion|36/100 psn\n|move|p2a: Basculegion|Flip Turn|p1a: Aerodactyl\n|-activate|p1a: Aerodactyl|move: Protect\n|-curestatus|p2b: Garchomp|slp|[msg]\n|move|p2b: Garchomp|Dragon Claw|p1b: Sneasler\n|-damage|p1b: Sneasler|0 fnt\n|faint|p1b: Sneasler\n|\n|-damage|p2a: Basculegion|24/100 psn|[from] psn\n|upkeep\n|\n|t:|1776064032\n|switch|p1b: Delphox|Delphox, L50, M|100/100\n|turn|5\n|\n|t:|1776064040\n|move|p1b: Delphox|Protect|p1b: Delphox\n|-singleturn|p1b: Delphox|Protect\n|move|p2a: Basculegion|Flip Turn|p1a: Aerodactyl\n|-supereffective|p1a: Aerodactyl|1\n|-enditem|p1a: Aerodactyl|Focus Sash\n|-damage|p1a: Aerodactyl|1/100\n|\n|t:|1776064051\n|switch|p2a: Incineroar|Incineroar, L50, M|80/100|[from] Flip Turn\n|-ability|p2a: Incineroar|Intimidate|boost\n|-unboost|p1a: Aerodactyl|atk|1\n|-unboost|p1b: Delphox|atk|1\n|move|p1a: Aerodactyl|Tailwind|p1a: Aerodactyl\n|-sidestart|p1: lakeandbake|move: Tailwind\n|move|p2b: Garchomp|Rock Slide|p1a: Aerodactyl|[spread] p1a\n|-activate|p1b: Delphox|move: Protect\n|-supereffective|p1a: Aerodactyl|1\n|-damage|p1a: Aerodactyl|0 fnt\n|faint|p1a: Aerodactyl\n|\n|upkeep\n|\n|t:|1776064063\n|switch|p1a: Garchomp|Garchomp, L50, F|100/100\n|turn|6\n|\n|t:|1776064087\n|switch|p2a: Basculegion|Basculegion, L50, M|24/100 psn\n|detailschange|p1b: Delphox|Delphox-Mega, L50, M\n|-mega|p1b: Delphox|Delphox|Delphoxite\n|move|p2b: Garchomp|Protect|p2b: Garchomp\n|-singleturn|p2b: Garchomp|Protect\n|move|p1a: Garchomp|Earthquake|p2b: Garchomp|[spread] p2a\n|-activate|p2b: Garchomp|move: Protect\n|-immune|p1b: Delphox|[from] ability: Levitate\n|-damage|p2a: Basculegion|0 fnt\n|faint|p2a: Basculegion\n|move|p1b: Delphox|Substitute|p1b: Delphox\n|-start|p1b: Delphox|Substitute\n|-damage|p1b: Delphox|76/100\n|\n|upkeep\n|\n|t:|1776064103\n|switch|p2a: Incineroar|Incineroar, L50, M|80/100\n|-ability|p2a: Incineroar|Intimidate|boost\n|-unboost|p1a: Garchomp|atk|1\n|-immune|p1b: Delphox\n|turn|7\n|\n|t:|1776064113\n|move|p2a: Incineroar|Fake Out|p1a: Garchomp\n|-damage|p1a: Garchomp|90/100\n|-damage|p2a: Incineroar|67/100|[from] ability: Rough Skin|[of] p1a: Garchomp\n|cant|p1a: Garchomp|flinch\n|move|p1b: Delphox|Heat Wave|p2b: Garchomp|[spread] p2a,p2b\n|-resisted|p2a: Incineroar|1\n|-resisted|p2b: Garchomp|1\n|-damage|p2a: Incineroar|50/100\n|-damage|p2b: Garchomp|50/100\n|-enditem|p2a: Incineroar|Sitrus Berry|[eat]\n|-heal|p2a: Incineroar|75/100|[from] item: Sitrus Berry\n|move|p2b: Garchomp|Dragon Claw|p1a: Garchomp\n|-supereffective|p1a: Garchomp|1\n|-damage|p1a: Garchomp|7/100\n|-damage|p2b: Garchomp|38/100|[from] ability: Rough Skin|[of] p1a: Garchomp\n|\n|upkeep\n|turn|8\n|inactive|houses3\u80e1\u841d\u535c\u4fa0 has 30 seconds left.\n|\n|t:|1776064145\n|move|p1a: Garchomp|Earthquake|p2b: Garchomp|[spread] p2a,p2b\n|-immune|p1b: Delphox|[from] ability: Levitate\n|-supereffective|p2a: Incineroar|1\n|-crit|p2b: Garchomp\n|-damage|p2a: Incineroar|30/100\n|-damage|p2b: Garchomp|0 fnt\n|faint|p2b: Garchomp\n|move|p1b: Delphox|Heat Wave|p2a: Incineroar|[miss]\n|-miss|p1b: Delphox|p2a: Incineroar\n|move|p2a: Incineroar|Throat Chop|p1a: Garchomp\n|-damage|p1a: Garchomp|0 fnt\n|-damage|p2a: Incineroar|18/100|[from] ability: Rough Skin|[of] p1a: Garchomp\n|faint|p1a: Garchomp\n|\n|-sideend|p1: lakeandbake|move: Tailwind\n|upkeep\n|\n|t:|1776064150\n|switch|p2b: Sneasler|Sneasler, L50, F|100/100\n|turn|9\n|\n|t:|1776064163\n|move|p1b: Delphox|Protect|p1b: Delphox\n|-singleturn|p1b: Delphox|Protect\n|move|p2b: Sneasler|Dire Claw|p1b: Delphox\n|-activate|p1b: Delphox|move: Protect\n|move|p2a: Incineroar|Throat Chop|p1b: Delphox\n|-activate|p1b: Delphox|move: Protect\n|\n|upkeep\n|turn|10\n|\n|t:|1776064185\n|move|p1b: Delphox|Heat Wave|p2a: Incineroar|[spread] p2a,p2b\n|-resisted|p2a: Incineroar|1\n|-damage|p2a: Incineroar|1/100\n|-damage|p2b: Sneasler|39/100\n|move|p2b: Sneasler|Dire Claw|p1b: Delphox\n|-end|p1b: Delphox|Substitute\n|move|p2a: Incineroar|Throat Chop|p1b: Delphox\n|-supereffective|p1b: Delphox|1\n|-damage|p1b: Delphox|0 fnt\n|faint|p1b: Delphox\n|\n|win|houses3\u80e1\u841d\u535c\u4fa0\n|raw|lakeandbake's rating: 1251 &rarr; <strong>1233</strong><br />(-18 for losing)\n|raw|houses3\u80e1\u841d\u535c\u4fa0's rating: 1344 &rarr; <strong>1359</strong><br />(+15 for winning)\n|c|\u2606houses3\u80e1\u841d\u535c\u4fa0|gg\n|l|\u203dlakeandbake\n|player|p1|\n",
  "uploadtime": 1776064185,
  "views": 31,
  "formatid": "gen9championsvgc2026regma",
  "rating": 1233,
  "private": 0,
  "password": null
}