{
  "id": "gen9championsvgc2026regma-2585945697",
  "format": "[Gen 9 Champions] VGC 2026 Reg M-A",
  "players": [
    "derpybaits",
    "SoyGomezLoco"
  ],
  "log": "|j|\u2606derpybaits\n|j|\u2606SoyGomezLoco\n|t:|1776383903\n|gametype|doubles\n|player|p1|derpybaits|169|1111\n|player|p2|SoyGomezLoco|hiker-gen4|1134\n|gen|9\n|tier|[Gen 9 Champions] VGC 2026 Reg M-A\n|rated|\n|rule|Species Clause: Limit one of each Pok\u00e9mon\n|rule|Item Clause: Limit 1 of each item\n|clearpoke\n|poke|p1|Blastoise, L50, M|\n|poke|p1|Pelipper, L50, M|\n|poke|p1|Sinistcha, L50|\n|poke|p1|Sneasler, L50, F|\n|poke|p1|Garchomp, L50, F|\n|poke|p1|Kingambit, L50, F|\n|poke|p2|Ampharos, L50, M|\n|poke|p2|Pelipper, L50, M|\n|poke|p2|Basculegion, L50, M|\n|poke|p2|Alakazam, L50, M|\n|poke|p2|Sinistcha-Masterpiece, L50|\n|poke|p2|Scizor, L50, M|\n|teampreview|4\n|\n|t:|1776383916\n|teamsize|p1|4\n|teamsize|p2|4\n|start\n|switch|p1a: Blastoise|Blastoise, L50, M|100/100\n|switch|p1b: Sinistcha|Sinistcha, L50|100/100\n|switch|p2a: Alan|Ampharos, L50, M|100/100\n|switch|p2b: ElMago|Alakazam, L50, M, shiny|100/100\n|turn|1\n|\n|t:|1776383930\n|detailschange|p1a: Blastoise|Blastoise-Mega, L50, M\n|-mega|p1a: Blastoise|Blastoise|Blastoisinite\n|detailschange|p2a: Alan|Ampharos-Mega, L50, M\n|-mega|p2a: Alan|Ampharos|Ampharosite\n|-ability|p2a: Alan|Mold Breaker\n|move|p1b: Sinistcha|Rage Powder|p1b: Sinistcha\n|-singleturn|p1b: Sinistcha|move: Rage Powder\n|move|p2b: ElMago|Speed Swap|p1b: Sinistcha\n|-activate|p2b: ElMago|move: Speed Swap|[of] p1b: Sinistcha\n|move|p1a: Blastoise|Shell Smash|p1a: Blastoise\n|-unboost|p1a: Blastoise|def|1\n|-unboost|p1a: Blastoise|spd|1\n|-boost|p1a: Blastoise|atk|2\n|-boost|p1a: Blastoise|spa|2\n|-boost|p1a: Blastoise|spe|2\n|move|p2a: Alan|Electroweb|p1a: Blastoise|[spread] p1a,p1b\n|-supereffective|p1a: Blastoise|1\n|-resisted|p1b: Sinistcha|1\n|-damage|p1a: Blastoise|18/100\n|-damage|p1b: Sinistcha|84/100\n|-unboost|p1a: Blastoise|spe|1\n|-unboost|p1b: Sinistcha|spe|1\n|\n|upkeep\n|turn|2\n|\n|t:|1776383956\n|move|p2a: Alan|Protect|p2a: Alan\n|-singleturn|p2a: Alan|Protect\n|move|p1b: Sinistcha|Rage Powder|p1b: Sinistcha\n|-singleturn|p1b: Sinistcha|move: Rage Powder\n|move|p1a: Blastoise|Ice Beam|p2a: Alan\n|-activate|p2a: Alan|move: Protect\n|move|p2b: ElMago|Light Screen|p2b: ElMago\n|-sidestart|p2: SoyGomezLoco|move: Light Screen\n|\n|upkeep\n|turn|3\n|\n|t:|1776383970\n|move|p1b: Sinistcha|Rage Powder|p1b: Sinistcha\n|-singleturn|p1b: Sinistcha|move: Rage Powder\n|move|p1a: Blastoise|Ice Beam|p2a: Alan\n|-supereffective|p2a: Alan|1\n|-damage|p2a: Alan|24/100\n|-status|p2a: Alan|frz\n|move|p2b: ElMago|Psychic|p1b: Sinistcha\n|-damage|p1b: Sinistcha|40/100\n|-unboost|p1b: Sinistcha|spd|1\n|cant|p2a: Alan|frz\n|\n|upkeep\n|turn|4\n|\n|t:|1776384002\n|cant|p2a: Alan|frz\n|move|p1b: Sinistcha|Rage Powder|p1b: Sinistcha\n|-singleturn|p1b: Sinistcha|move: Rage Powder\n|move|p1a: Blastoise|Ice Beam|p2b: ElMago\n|-damage|p2b: ElMago|49/100\n|move|p2b: ElMago|Psychic|p1b: Sinistcha\n|-damage|p1b: Sinistcha|0 fnt\n|faint|p1b: Sinistcha\n|\n|upkeep\n|\n|t:|1776384008\n|switch|p1b: Garchomp|Garchomp, L50, F|100/100\n|turn|5\n|\n|t:|1776384019\n|move|p1a: Blastoise|Protect|p1a: Blastoise\n|-singleturn|p1a: Blastoise|Protect\n|move|p1b: Garchomp|Earthquake|p2b: ElMago|[spread] p2a,p2b\n|-activate|p1a: Blastoise|move: Protect\n|-supereffective|p2a: Alan|1\n|-damage|p2a: Alan|0 fnt\n|-damage|p2b: ElMago|0 fnt\n|faint|p2a: Alan\n|faint|p2b: ElMago\n|\n|upkeep\n|\n|t:|1776384029\n|switch|p2b: CapituloMuerto|Basculegion, L50, M|100/100\n|switch|p2a: Escusado|Pelipper, L50, M|100/100\n|-weather|RainDance|[from] ability: Drizzle|[of] p2a: Escusado\n|turn|6\n|\n|t:|1776384066\n|move|p2a: Escusado|Wide Guard|p2a: Escusado\n|-singleturn|p2a: Escusado|Wide Guard\n|move|p2b: CapituloMuerto|Last Respects|p1a: Blastoise\n|-damage|p1a: Blastoise|0 fnt\n|faint|p1a: Blastoise\n|move|p1b: Garchomp|Rock Slide|p2a: Escusado|[spread] \n|-activate|p2a: Escusado|move: Wide Guard\n|-activate|p2b: CapituloMuerto|move: Wide Guard\n|\n|-weather|RainDance|[upkeep]\n|-sideend|p2: SoyGomezLoco|move: Light Screen\n|upkeep\n|\n|t:|1776384074\n|switch|p1a: Pelipper|Pelipper, L50, M|100/100\n|turn|7\n|\n|t:|1776384083\n|move|p2b: CapituloMuerto|Last Respects|p1a: Pelipper\n|-damage|p1a: Pelipper|0 fnt\n|faint|p1a: Pelipper\n|move|p1b: Garchomp|Rock Slide|p2a: Escusado|[spread] p2a,p2b\n|-supereffective|p2a: Escusado|1\n|-damage|p2a: Escusado|62/100\n|-damage|p2b: CapituloMuerto|74/100\n|cant|p2a: Escusado|flinch\n|\n|-weather|RainDance|[upkeep]\n|upkeep\n|turn|8\n|-message|derpybaits forfeited.\n|\n|win|SoyGomezLoco\n|raw|derpybaits's rating: 1111 &rarr; <strong>1088</strong><br />(-23 for losing)\n|raw|SoyGomezLoco's rating: 1134 &rarr; <strong>1157</strong><br />(+23 for winning)\n|l|\u2606derpybaits\n|player|p1|\n",
  "uploadtime": 1776384095,
  "views": 14,
  "formatid": "gen9championsvgc2026regma",
  "rating": 1088,
  "private": 0,
  "password": null
}