{
  "id": "gen9championsvgc2026regma-2582851361",
  "format": "[Gen 9 Champions] VGC 2026 Reg M-A",
  "players": [
    "Bardo52",
    "Lordarkanum"
  ],
  "log": "|j|\u2606Bardo52\n|j|\u2606Lordarkanum\n|html|<table width=\"100%\"><tr><td align=\"left\">Bardo52</td><td align=\"right\">Lordarkanum</tr><tr><td align=\"left\"><i class=\"fa fa-circle-o\"></i> <i class=\"fa fa-circle-o\"></i> </td><td align=\"right\"><i class=\"fa fa-circle-o\"></i> <i class=\"fa fa-circle\"></i> </tr></table>\n|uhtml|bestof|<h2><strong>Game 2</strong> of <a href=\"/game-bestof3-gen9championsvgc2026regma-2582847626\">a best-of-3</a></h2>\n|t:|1776119097\n|gametype|doubles\n|player|p1|Bardo52|2|\n|player|p2|Lordarkanum|gambler|\n|gen|9\n|tier|[Gen 9 Champions] VGC 2026 Reg M-A\n|rule|Species Clause: Limit one of each Pok\u00e9mon\n|rule|Item Clause: Limit 1 of each item\n|raw|<div class=\"infobox\"><details class=\"readmore\" open><summary><strong>1 custom rule:</strong></summary> Best of = 3</details></div>\n|clearpoke\n|poke|p1|Glimmora, L50, M|\n|poke|p1|Whimsicott, L50, M|\n|poke|p1|Gyarados, L50, F|\n|poke|p1|Aegislash, L50, M|\n|poke|p1|Rotom-Heat, L50|\n|poke|p1|Reuniclus, L50, F|\n|poke|p2|Meganium, L50, F|\n|poke|p2|Talonflame, L50, F|\n|poke|p2|Alcremie, L50, F|\n|poke|p2|Araquanid, L50, F|\n|poke|p2|Excadrill, L50, F|\n|poke|p2|Klefki, L50, M|\n|teampreview|4\n|\n|t:|1776119110\n|teamsize|p1|4\n|teamsize|p2|4\n|start\n|switch|p1a: Whimsicott|Whimsicott, L50, M|100/100\n|switch|p1b: Rotom|Rotom-Heat, L50|100/100\n|switch|p2a: Talonflame|Talonflame, L50, F|100/100\n|switch|p2b: Araquanid|Araquanid, L50, F|100/100\n|turn|1\n|\n|t:|1776119131\n|move|p2a: Talonflame|Protect|p2a: Talonflame\n|-singleturn|p2a: Talonflame|Protect\n|move|p1b: Rotom|Volt Switch|p2b: Araquanid\n|-supereffective|p2b: Araquanid|1\n|-damage|p2b: Araquanid|46/100\n|\n|t:|1776119137\n|switch|p1b: Gyarados|Gyarados, L50, F|100/100|[from] Volt Switch\n|-ability|p1b: Gyarados|Intimidate|boost\n|-unboost|p2a: Talonflame|atk|1\n|-unboost|p2b: Araquanid|atk|1\n|move|p1a: Whimsicott|Moonblast|p2a: Talonflame\n|-activate|p2a: Talonflame|move: Protect\n|move|p2b: Araquanid|Liquidation|p1b: Gyarados\n|-resisted|p1b: Gyarados|1\n|-damage|p1b: Gyarados|72/100\n|\n|upkeep\n|turn|2\n|\n|t:|1776119152\n|move|p2a: Talonflame|Air Slash|p1a: Whimsicott\n|-supereffective|p1a: Whimsicott|1\n|-damage|p1a: Whimsicott|34/100\n|move|p1a: Whimsicott|Moonblast|p2b: Araquanid\n|-damage|p2b: Araquanid|21/100\n|move|p1b: Gyarados|Waterfall|p2a: Talonflame\n|-supereffective|p2a: Talonflame|1\n|-enditem|p2a: Talonflame|Focus Sash\n|-damage|p2a: Talonflame|1/100\n|move|p2b: Araquanid|Icy Wind|p1a: Whimsicott|[spread] p1a,p1b\n|-supereffective|p1a: Whimsicott|1\n|-damage|p1a: Whimsicott|18/100\n|-damage|p1b: Gyarados|65/100\n|-unboost|p1a: Whimsicott|spe|1\n|-unboost|p1b: Gyarados|spe|1\n|\n|upkeep\n|turn|3\n|\n|t:|1776119177\n|move|p2a: Talonflame|Protect|p2a: Talonflame\n|-singleturn|p2a: Talonflame|Protect\n|move|p1a: Whimsicott|Tailwind|p1a: Whimsicott\n|-sidestart|p1: Bardo52|move: Tailwind\n|move|p1b: Gyarados|Temper Flare|p2b: Araquanid\n|-damage|p2b: Araquanid|7/100\n|move|p2b: Araquanid|Icy Wind|p1a: Whimsicott|[spread] p1a,p1b\n|-supereffective|p1a: Whimsicott|1\n|-damage|p1a: Whimsicott|0 fnt\n|-damage|p1b: Gyarados|58/100\n|-unboost|p1b: Gyarados|spe|1\n|faint|p1a: Whimsicott\n|\n|upkeep\n|\n|t:|1776119201\n|switch|p1a: Rotom|Rotom-Heat, L50|100/100\n|turn|4\n|\n|t:|1776119259\n|move|p2b: Araquanid|Protect|p2b: Araquanid\n|-singleturn|p2b: Araquanid|Protect\n|move|p1a: Rotom|Volt Switch|p2b: Araquanid\n|-activate|p2b: Araquanid|move: Protect\n|move|p2a: Talonflame|Tailwind|p2a: Talonflame\n|-sidestart|p2: Lordarkanum|move: Tailwind\n|move|p1b: Gyarados|Waterfall|p2a: Talonflame\n|-supereffective|p2a: Talonflame|1\n|-damage|p2a: Talonflame|0 fnt\n|faint|p2a: Talonflame\n|\n|upkeep\n|\n|t:|1776119273\n|switch|p2a: Here Comes The Sun|Meganium, L50, F, shiny|100/100\n|turn|5\n|\n|t:|1776119295\n|detailschange|p2a: Here Comes The Sun|Meganium-Mega, L50, F, shiny\n|-mega|p2a: Here Comes The Sun|Meganium|Meganiumite\n|move|p1a: Rotom|Volt Switch|p2b: Araquanid\n|-supereffective|p2b: Araquanid|1\n|-damage|p2b: Araquanid|0 fnt\n|faint|p2b: Araquanid\n|\n|t:|1776119301\n|switch|p1a: Glimmora|Glimmora, L50, M|100/100|[from] Volt Switch\n|move|p2a: Here Comes The Sun|Solar Beam||[still]\n|-prepare|p2a: Here Comes The Sun|Solar Beam\n|-activate|p2a: Here Comes The Sun|ability: Mega Sol\n|-anim|p2a: Here Comes The Sun|Solar Beam|p1b: Gyarados\n|-damage|p1b: Gyarados|0 fnt\n|faint|p1b: Gyarados\n|\n|upkeep\n|\n|t:|1776119312\n|switch|p1b: Rotom|Rotom-Heat, L50|100/100\n|switch|p2b: Excadrill|Excadrill, L50, F|100/100\n|turn|6\n|\n|t:|1776119373\n|move|p2b: Excadrill|High Horsepower|p1a: Glimmora\n|-supereffective|p1a: Glimmora|2\n|-damage|p1a: Glimmora|0 fnt\n|-activate|p1a: Glimmora|ability: Toxic Debris\n|-sidestart|p2: Lordarkanum|move: Toxic Spikes\n|faint|p1a: Glimmora\n|move|p1b: Rotom|Overheat|p2b: Excadrill|[miss]\n|-miss|p1b: Rotom|p2b: Excadrill\n|move|p2a: Here Comes The Sun|Solar Beam||[still]\n|-prepare|p2a: Here Comes The Sun|Solar Beam\n|-activate|p2a: Here Comes The Sun|ability: Mega Sol\n|-anim|p2a: Here Comes The Sun|Solar Beam|p1b: Rotom\n|-resisted|p1b: Rotom|1\n|-damage|p1b: Rotom|58/100\n|\n|-sideend|p1: Bardo52|move: Tailwind\n|upkeep\n|turn|7\n|c|\u2606Bardo52|I forgot to mega\n|c|\u2606Bardo52|that probably mattered\n|c|\u2606Lordarkanum|nah drill is scarfed\n|\n|t:|1776119407\n|move|p2b: Excadrill|High Horsepower|p1b: Rotom\n|-immune|p1b: Rotom|[from] ability: Levitate\n|move|p2a: Here Comes The Sun|Solar Beam||[still]\n|-prepare|p2a: Here Comes The Sun|Solar Beam\n|-activate|p2a: Here Comes The Sun|ability: Mega Sol\n|-anim|p2a: Here Comes The Sun|Solar Beam|p1b: Rotom\n|-resisted|p1b: Rotom|1\n|-damage|p1b: Rotom|8/100\n|move|p1b: Rotom|Overheat|p2b: Excadrill\n|-supereffective|p2b: Excadrill|1\n|-damage|p2b: Excadrill|0 fnt\n|-unboost|p1b: Rotom|spa|2\n|faint|p2b: Excadrill\n|\n|-sideend|p2: Lordarkanum|move: Tailwind\n|upkeep\n|turn|8\n|c|\u2606Bardo52|Yeah. Just did the maths\n|\n|t:|1776119433\n|move|p1b: Rotom|Overheat|p2a: Here Comes The Sun\n|-supereffective|p2a: Here Comes The Sun|1\n|-damage|p2a: Here Comes The Sun|48/100\n|-unboost|p1b: Rotom|spa|2\n|move|p2a: Here Comes The Sun|Solar Beam||[still]\n|-prepare|p2a: Here Comes The Sun|Solar Beam\n|-activate|p2a: Here Comes The Sun|ability: Mega Sol\n|-anim|p2a: Here Comes The Sun|Solar Beam|p1b: Rotom\n|-resisted|p1b: Rotom|1\n|-damage|p1b: Rotom|0 fnt\n|faint|p1b: Rotom\n|\n|win|Lordarkanum\n|c|\u2606Lordarkanum|ggs\n|c|\u2606Lordarkanum|sorry for the hax\n|c|\u2606Lordarkanum|mega meganium seems to just make me luckier\n|c|\u2606Bardo52|Overheat hits would have been nice\n|c|\u2606Lordarkanum|yeah\n|c|\u2606Lordarkanum|def would not have needed it if i wasnt an idiot and give drill the wrong ability\n|c|\u2606Bardo52|Alternate take. I\u2019m bad at pokemon\n|c|\u2606Lordarkanum|drill not being mold breaker left me with no way of hitting rotom\n|l|\u2606Bardo52\n|player|p1|\n",
  "uploadtime": 1776119493,
  "views": 30,
  "formatid": "gen9championsvgc2026regma",
  "rating": null,
  "private": 0,
  "password": null
}