{
  "id": "gen9championsvgc2026regma-2584299591",
  "format": "[Gen 9 Champions] VGC 2026 Reg M-A",
  "players": [
    "SimMikaze",
    "Fidiwidi"
  ],
  "log": "|j|\u2606SimMikaze\n|j|\u2606Fidiwidi\n|t:|1776248694\n|gametype|doubles\n|player|p1|SimMikaze|miku-ghost|1194\n|player|p2|Fidiwidi|mars|1263\n|gen|9\n|tier|[Gen 9 Champions] VGC 2026 Reg M-A\n|rated|\n|rule|Species Clause: Limit one of each Pok\u00e9mon\n|rule|Item Clause: Limit 1 of each item\n|clearpoke\n|poke|p1|Gardevoir, L50, F|\n|poke|p1|Garchomp, L50, F|\n|poke|p1|Incineroar, L50, M|\n|poke|p1|Sneasler, L50, M|\n|poke|p1|Corviknight, L50, M|\n|poke|p1|Basculegion, L50, M|\n|poke|p2|Charizard, L50, F|\n|poke|p2|Venusaur, L50, M|\n|poke|p2|Torkoal, L50, F|\n|poke|p2|Whimsicott, L50, M|\n|poke|p2|Glimmora, L50, F|\n|poke|p2|Dragapult, L50, M|\n|teampreview|4\n|\n|t:|1776248750\n|teamsize|p1|4\n|teamsize|p2|4\n|start\n|switch|p1a: Sneasler|Sneasler, L50, M|100/100\n|switch|p1b: Garchomp|Garchomp, L50, F|100/100\n|switch|p2a: Dragapult|Dragapult, L50, M|100/100\n|switch|p2b: Glimmora|Glimmora, L50, F|100/100\n|turn|1\n|\n|t:|1776248778\n|move|p2a: Dragapult|Draco Meteor|p1b: Garchomp\n|-supereffective|p1b: Garchomp|1\n|-damage|p1b: Garchomp|0 fnt\n|-unboost|p2a: Dragapult|spa|2\n|faint|p1b: Garchomp\n|move|p1a: Sneasler|Close Combat|p2b: Glimmora\n|-damage|p2b: Glimmora|23/100\n|-unboost|p1a: Sneasler|def|1\n|-unboost|p1a: Sneasler|spd|1\n|-activate|p2b: Glimmora|ability: Toxic Debris\n|-sidestart|p1: SimMikaze|move: Toxic Spikes\n|-enditem|p1a: Sneasler|White Herb\n|-clearnegativeboost|p1a: Sneasler|[silent]\n|move|p2b: Glimmora|Earth Power|p1a: Sneasler\n|-supereffective|p1a: Sneasler|1\n|-damage|p1a: Sneasler|5/100\n|\n|upkeep\n|\n|t:|1776248796\n|switch|p1b: Gardevoir|Gardevoir, L50, F, shiny|100/100\n|-status|p1b: Gardevoir|psn\n|turn|2\n|\n|t:|1776248805\n|detailschange|p1b: Gardevoir|Gardevoir-Mega, L50, F, shiny\n|-mega|p1b: Gardevoir|Gardevoir|Gardevoirite\n|move|p1a: Sneasler|Close Combat|p2b: Glimmora\n|-damage|p2b: Glimmora|0 fnt\n|-unboost|p1a: Sneasler|def|1\n|-unboost|p1a: Sneasler|spd|1\n|-activate|p2b: Glimmora|ability: Toxic Debris\n|-sidestart|p1: SimMikaze|move: Toxic Spikes\n|faint|p2b: Glimmora\n|move|p2a: Dragapult|U-turn|p1a: Sneasler\n|-resisted|p1a: Sneasler|2\n|-damage|p1a: Sneasler|0 fnt\n|faint|p1a: Sneasler\n|\n|t:|1776248816\n|switch|p2a: Charizard|Charizard, L50, F, shiny|100/100|[from] U-turn\n|move|p1b: Gardevoir|Hyper Voice|p2a: Charizard\n|-resisted|p2a: Charizard|1\n|-damage|p2a: Charizard|60/100\n|\n|-damage|p1b: Gardevoir|88/100 psn|[from] psn\n|upkeep\n|\n|t:|1776248826\n|switch|p1a: Basculegion|Basculegion, L50, M|100/100\n|switch|p2b: Venusaur|Venusaur, L50, M|100/100\n|-status|p1a: Basculegion|tox\n|turn|3\n|\n|t:|1776248844\n|detailschange|p2a: Charizard|Charizard-Mega-Y, L50, F, shiny\n|-mega|p2a: Charizard|Charizard|Charizardite Y\n|-weather|SunnyDay|[from] ability: Drought|[of] p2a: Charizard\n|move|p2b: Venusaur|Sludge Bomb|p1b: Gardevoir\n|-supereffective|p1b: Gardevoir|1\n|-damage|p1b: Gardevoir|30/100 psn\n|move|p1a: Basculegion|Last Respects|p2b: Venusaur\n|-damage|p2b: Venusaur|2/100\n|-enditem|p2b: Venusaur|Sitrus Berry|[eat]\n|-heal|p2b: Venusaur|27/100|[from] item: Sitrus Berry\n|move|p2a: Charizard|Heat Wave|p1b: Gardevoir|[spread] p1a,p1b\n|-resisted|p1a: Basculegion|1\n|-damage|p1a: Basculegion|62/100 tox\n|-damage|p1b: Gardevoir|0 fnt\n|faint|p1b: Gardevoir\n|\n|-weather|SunnyDay|[upkeep]\n|-damage|p1a: Basculegion|56/100 tox|[from] psn\n|upkeep\n|turn|4\n|\n|t:|1776248862\n|move|p2b: Venusaur|Protect|p2b: Venusaur\n|-singleturn|p2b: Venusaur|Protect\n|move|p2a: Charizard|Protect|p2a: Charizard\n|-singleturn|p2a: Charizard|Protect\n|move|p1a: Basculegion|Last Respects|p2b: Venusaur\n|-activate|p2b: Venusaur|move: Protect\n|\n|-weather|SunnyDay|[upkeep]\n|-damage|p1a: Basculegion|44/100 tox|[from] psn\n|upkeep\n|turn|5\n|\n|t:|1776248873\n|move|p2b: Venusaur|Solar Beam||[still]\n|-prepare|p2b: Venusaur|Solar Beam\n|-anim|p2b: Venusaur|Solar Beam|p1a: Basculegion\n|-supereffective|p1a: Basculegion|1\n|-damage|p1a: Basculegion|0 fnt\n|faint|p1a: Basculegion\n|\n|win|Fidiwidi\n|raw|SimMikaze's rating: 1194 &rarr; <strong>1174</strong><br />(-20 for losing)\n|raw|Fidiwidi's rating: 1263 &rarr; <strong>1283</strong><br />(+20 for winning)\n|l|\u2606Fidiwidi\n|player|p2|\n",
  "uploadtime": 1776248875,
  "views": 20,
  "formatid": "gen9championsvgc2026regma",
  "rating": 1174,
  "private": 0,
  "password": null
}