{
  "id": "gen9championsvgc2026regma-2589425321",
  "format": "[Gen 9 Champions] VGC 2026 Reg M-A",
  "players": [
    "SDLT LucaIaria63",
    "phantomile26"
  ],
  "log": "|raw|<div class=\"broadcast-blue\"><strong>This battle is required to be public due to a player having a name starting with 'sdlt'.</div>\n|j|\u2606SDLT LucaIaria63\n|j|\u2606phantomile26\n|t:|1776721878\n|gametype|doubles\n|player|p1|SDLT LucaIaria63|colress|1145\n|player|p2|phantomile26|swimmer-gen4|1064\n|gen|9\n|tier|[Gen 9 Champions] VGC 2026 Reg M-A\n|rated|\n|rule|Species Clause: Limit one of each Pok\u00e9mon\n|rule|Item Clause: Limit 1 of each item\n|clearpoke\n|poke|p1|Gardevoir, L50, M|\n|poke|p1|Sinistcha, L50|\n|poke|p1|Politoed, L50, F|\n|poke|p1|Noivern, L50, M|\n|poke|p1|Garchomp, L50, M|\n|poke|p1|Rotom-Wash, L50|\n|poke|p2|Archaludon, L50, M|\n|poke|p2|Pelipper, L50, F|\n|poke|p2|Sneasler, L50, F|\n|poke|p2|Incineroar, L50, F|\n|poke|p2|Basculegion, L50, M|\n|poke|p2|Dragonite, L50, M|\n|teampreview|4\n|\n|t:|1776721901\n|teamsize|p1|4\n|teamsize|p2|4\n|start\n|switch|p1a: Gardevoir|Gardevoir, L50, M|100/100\n|switch|p1b: Noivern|Noivern, L50, M|100/100\n|switch|p2a: Dragonite|Dragonite, L50, M|100/100\n|switch|p2b: Pelipper|Pelipper, L50, F|100/100\n|-item|p2a: Dragonite|Dragoninite|[from] ability: Frisk|[of] p1b: Noivern\n|-item|p2b: Pelipper|Focus Sash|[from] ability: Frisk|[of] p1b: Noivern\n|-weather|RainDance|[from] ability: Drizzle|[of] p2b: Pelipper\n|-ability|p1a: Gardevoir|Drizzle|Trace|[from] ability: Trace|[of] p2b: Pelipper\n|turn|1\n|\n|t:|1776721924\n|detailschange|p2a: Dragonite|Dragonite-Mega, L50, M\n|-mega|p2a: Dragonite|Dragonite|Dragoninite\n|detailschange|p1a: Gardevoir|Gardevoir-Mega, L50, M\n|-mega|p1a: Gardevoir|Gardevoir|Gardevoirite\n|move|p1b: Noivern|Tailwind|p1b: Noivern\n|-sidestart|p1: SDLT LucaIaria63|move: Tailwind\n|move|p1a: Gardevoir|Calm Mind|p1a: Gardevoir\n|-boost|p1a: Gardevoir|spa|1\n|-boost|p1a: Gardevoir|spd|1\n|move|p2a: Dragonite|Ice Beam|p1b: Noivern\n|-supereffective|p1b: Noivern|2\n|-enditem|p1b: Noivern|Focus Sash\n|-damage|p1b: Noivern|1/100\n|-status|p1b: Noivern|frz\n|move|p2b: Pelipper|Tailwind|p2b: Pelipper\n|-sidestart|p2: phantomile26|move: Tailwind\n|\n|-weather|RainDance|[upkeep]\n|upkeep\n|turn|2\n|\n|t:|1776721957\n|-curestatus|p1b: Noivern|frz|[msg]\n|move|p1b: Noivern|Heat Wave|p2a: Dragonite|[spread] p2a,p2b\n|-resisted|p2a: Dragonite|1\n|-resisted|p2b: Pelipper|1\n|-damage|p2a: Dragonite|99/100\n|-damage|p2b: Pelipper|92/100\n|move|p2a: Dragonite|Ice Beam|p1b: Noivern\n|-supereffective|p1b: Noivern|2\n|-damage|p1b: Noivern|0 fnt\n|faint|p1b: Noivern\n|move|p1a: Gardevoir|Psyshock|p2b: Pelipper\n|-damage|p2b: Pelipper|0 fnt\n|faint|p2b: Pelipper\n|\n|-weather|RainDance|[upkeep]\n|upkeep\n|\n|t:|1776721982\n|switch|p1b: Sinistcha|Sinistcha, L50|100/100\n|switch|p2b: Basculegion|Basculegion, L50, M|100/100\n|turn|3\n|\n|t:|1776721992\n|move|p1a: Gardevoir|Protect|p1a: Gardevoir\n|-singleturn|p1a: Gardevoir|Protect\n|move|p1b: Sinistcha|Protect|p1b: Sinistcha\n|-singleturn|p1b: Sinistcha|Protect\n|move|p2b: Basculegion|Last Respects|p1a: Gardevoir\n|-activate|p1a: Gardevoir|move: Protect\n|move|p2a: Dragonite|Ice Beam|p1b: Sinistcha\n|-activate|p1b: Sinistcha|move: Protect\n|\n|-weather|RainDance|[upkeep]\n|upkeep\n|turn|4\n|\n|t:|1776722019\n|move|p1b: Sinistcha|Rage Powder|p1b: Sinistcha\n|-singleturn|p1b: Sinistcha|move: Rage Powder\n|move|p2b: Basculegion|Last Respects|p1b: Sinistcha\n|-supereffective|p1b: Sinistcha|1\n|-damage|p1b: Sinistcha|13/100\n|move|p2a: Dragonite|Hurricane|p1b: Sinistcha\n|-supereffective|p1b: Sinistcha|1\n|-damage|p1b: Sinistcha|0 fnt\n|faint|p1b: Sinistcha\n|move|p1a: Gardevoir|Psyshock|p2b: Basculegion\n|-damage|p2b: Basculegion|0 fnt\n|faint|p2b: Basculegion\n|\n|-weather|RainDance|[upkeep]\n|-sideend|p1: SDLT LucaIaria63|move: Tailwind\n|-sideend|p2: phantomile26|move: Tailwind\n|upkeep\n|\n|t:|1776722031\n|switch|p2b: Archaludon|Archaludon, L50, M|100/100\n|switch|p1b: Rotom|Rotom-Wash, L50|100/100\n|turn|5\n|\n|t:|1776722042\n|move|p2a: Dragonite|Hurricane|p1a: Gardevoir\n|-damage|p1a: Gardevoir|59/100\n|move|p1a: Gardevoir|Hyper Voice|p2b: Archaludon|[spread] p2a,p2b\n|-supereffective|p2a: Dragonite|1\n|-damage|p2a: Dragonite|0 fnt\n|-damage|p2b: Archaludon|14/100\n|-ability|p2b: Archaludon|Stamina|boost\n|-boost|p2b: Archaludon|def|1\n|faint|p2a: Dragonite\n|move|p1b: Rotom|Will-O-Wisp|p2b: Archaludon\n|-status|p2b: Archaludon|brn\n|move|p2b: Archaludon|Electro Shot||[still]\n|-prepare|p2b: Archaludon|Electro Shot\n|-boost|p2b: Archaludon|spa|1\n|-anim|p2b: Archaludon|Electro Shot|p1a: Gardevoir\n|-damage|p1a: Gardevoir|23/100\n|\n|-weather|none\n|-heal|p2b: Archaludon|20/100 brn|[from] item: Leftovers\n|-damage|p2b: Archaludon|14/100 brn|[from] brn\n|upkeep\n|turn|6\n|-message|phantomile26 forfeited.\n|\n|win|SDLT LucaIaria63\n|raw|SDLT LucaIaria63's rating: 1145 &rarr; <strong>1164</strong><br />(+19 for winning)\n|raw|phantomile26's rating: 1064 &rarr; <strong>1049</strong><br />(-15 for losing)\n|l|\u2606phantomile26\n|player|p2|\n",
  "uploadtime": 1776722058,
  "views": 3,
  "formatid": "gen9championsvgc2026regma",
  "rating": 1049,
  "private": 0,
  "password": null
}