{
  "id": "gen9championsvgc2026regma-2583073723",
  "format": "[Gen 9 Champions] VGC 2026 Reg M-A",
  "players": [
    "hi_jpx",
    "ANoiteFoiLonga"
  ],
  "log": "|j|\u2606hi_jpx\n|j|\u2606ANoiteFoiLonga\n|t:|1776139059\n|gametype|doubles\n|player|p1|hi_jpx|1|1025\n|player|p2|ANoiteFoiLonga|266|1000\n|gen|9\n|tier|[Gen 9 Champions] VGC 2026 Reg M-A\n|rated|\n|rule|Species Clause: Limit one of each Pok\u00e9mon\n|rule|Item Clause: Limit 1 of each item\n|clearpoke\n|poke|p1|Archaludon, L50, M|\n|poke|p1|Pelipper, L50, F|\n|poke|p1|Basculegion, L50, M|\n|poke|p1|Dragonite, L50, F|\n|poke|p1|Sneasler, L50, M|\n|poke|p1|Sinistcha-Masterpiece, L50|\n|poke|p2|Froslass, L50, F|\n|poke|p2|Beartic, L50, M|\n|poke|p2|Incineroar, L50, M|\n|poke|p2|Sneasler, L50, F|\n|poke|p2|Archaludon, L50, F|\n|poke|p2|Sinistcha, L50|\n|teampreview|4\nhi_jpx has agreed to open team sheets.\nANoiteFoiLonga has agreed to open team sheets.\n|showteam|p1|Archaludon||Leftovers|Stamina|DragonPulse,ElectroShot,FlashCannon,Protect|||M|||50|]Pelipper||FocusSash|Drizzle|Hurricane,Tailwind,Protect,WeatherBall|||F|||50|]Basculegion||MysticWater|SwiftSwim|AquaJet,FlipTurn,LastRespects,WaveCrash|||M|||50|]Dragonite||Dragoninite|Multiscale|Thunder,Tailwind,DragonPulse,Hurricane|||F|||50|]Sneasler||WhiteHerb|Unburden|CloseCombat,DireClaw,FakeOut,Protect|||M|||50|]Sinistcha-Masterpiece||SitrusBerry|Hospitality|Protect,RagePowder,MatchaGotcha,LifeDew||||||50|\n|showteam|p2|Froslass||Froslassite|SnowCloak|ShadowBall,AuroraVeil,Blizzard,Protect|||F|||50|]Beartic||NeverMeltIce|SlushRush|BulkUp,IcicleCrash,Liquidation,Substitute|||M|||50|]Incineroar||SitrusBerry|Intimidate|FakeOut,PartingShot,FlareBlitz,Protect|||M|||50|]Sneasler||FocusSash|Unburden|DireClaw,CloseCombat,Protect,FakeOut|||F|||50|]Archaludon||Magnet|Stamina|ElectroShot,ThunderWave,FlashCannon,Protect|||F|||50|]Sinistcha||Leftovers|Hospitality|LifeDew,RagePowder,MatchaGotcha,Protect||||||50|\n|inactive|Battle timer is ON: inactive players will automatically lose when time's up. (requested by ANoiteFoiLonga)\n|\n|t:|1776139118\n|teamsize|p1|4\n|teamsize|p2|4\n|start\n|switch|p1a: Tuasa|Sneasler, L50, M|100/100\n|switch|p1b: chepe-town|Archaludon, L50, M, shiny|100/100\n|switch|p2a: Froslass|Froslass, L50, F|100/100\n|switch|p2b: Beartic|Beartic, L50, M|100/100\n|turn|1\n|inactive|ANoiteFoiLonga has 30 seconds left.\n|\n|t:|1776139148\n|detailschange|p2a: Froslass|Froslass-Mega, L50, F\n|-mega|p2a: Froslass|Froslass|Froslassite\n|-weather|Snowscape|[from] ability: Snow Warning|[of] p2a: Froslass\n|move|p2a: Froslass|Aurora Veil|p2a: Froslass\n|-sidestart|p2: ANoiteFoiLonga|move: Aurora Veil\n|move|p2b: Beartic|Substitute|p2b: Beartic\n|-start|p2b: Beartic|Substitute\n|-damage|p2b: Beartic|75/100\n|move|p1a: Tuasa|Close Combat|p2b: Beartic\n|-supereffective|p2b: Beartic|1\n|-end|p2b: Beartic|Substitute\n|-unboost|p1a: Tuasa|def|1\n|-unboost|p1a: Tuasa|spd|1\n|-enditem|p1a: Tuasa|White Herb\n|-clearnegativeboost|p1a: Tuasa|[silent]\n|move|p1b: chepe-town|Flash Cannon|p2a: Froslass\n|-supereffective|p2a: Froslass|1\n|-damage|p2a: Froslass|43/100\n|\n|-weather|Snowscape|[upkeep]\n|upkeep\n|turn|2\n|inactive|hi_jpx has 30 seconds left.\n|inactive|ANoiteFoiLonga has 30 seconds left.\n|inactive|hi_jpx has 20 seconds left.\n|inactive|ANoiteFoiLonga has 20 seconds left.\n|inactive|hi_jpx has 15 seconds left.\n|inactive|hi_jpx has 10 seconds left.\n|inactive|ANoiteFoiLonga has 15 seconds left.\n|inactive|ANoiteFoiLonga has 10 seconds left.\n|\n|t:|1776139206\n|switch|p2a: Incineroar|Incineroar, L50, M|100/100\n|-ability|p2a: Incineroar|Intimidate|boost\n|-unboost|p1a: Tuasa|atk|1\n|-unboost|p1b: chepe-town|atk|1\n|move|p1a: Tuasa|Protect|p1a: Tuasa\n|-singleturn|p1a: Tuasa|Protect\n|move|p2b: Beartic|Substitute|p2b: Beartic\n|-start|p2b: Beartic|Substitute\n|-damage|p2b: Beartic|50/100\n|move|p1b: chepe-town|Flash Cannon|p2a: Incineroar\n|-resisted|p2a: Incineroar|1\n|-damage|p2a: Incineroar|91/100\n|\n|-weather|Snowscape|[upkeep]\n|upkeep\n|turn|3\n|inactive|hi_jpx has 30 seconds left.\n|inactive|hi_jpx has 20 seconds left.\n|\n|t:|1776139245\n|switch|p1a: D10S|Pelipper, L50, F|100/100\n|-weather|RainDance|[from] ability: Drizzle|[of] p1a: D10S\n|switch|p1b: Basculeon|Basculegion, L50, M|100/100\n|move|p2a: Incineroar|Fake Out|p1a: D10S\n|-damage|p1a: D10S|86/100\n|move|p2b: Beartic|Bulk Up|p2b: Beartic\n|-boost|p2b: Beartic|atk|1\n|-boost|p2b: Beartic|def|1\n|\n|-weather|RainDance|[upkeep]\n|upkeep\n|turn|4\n|inactive|hi_jpx has 30 seconds left.\n|\n|t:|1776139274\n|move|p1b: Basculeon|Flip Turn|p2a: Incineroar\n|-supereffective|p2a: Incineroar|1\n|-damage|p2a: Incineroar|25/100\n|-enditem|p2a: Incineroar|Sitrus Berry|[eat]\n|-heal|p2a: Incineroar|50/100|[from] item: Sitrus Berry\n|\n|t:|1776139282\n|switch|p1b: chepe-town|Archaludon, L50, M, shiny|100/100|[from] Flip Turn\n|move|p1a: D10S|Hurricane|p2a: Incineroar\n|-damage|p2a: Incineroar|24/100\n|move|p2b: Beartic|Bulk Up|p2b: Beartic\n|-boost|p2b: Beartic|atk|1\n|-boost|p2b: Beartic|def|1\n|move|p2a: Incineroar|Parting Shot|p1b: chepe-town\n|-unboost|p1b: chepe-town|atk|1\n|-unboost|p1b: chepe-town|spa|1\n|\n|t:|1776139298\n|switch|p2a: Froslass|Froslass-Mega, L50, F|43/100|[from] Parting Shot\n|-weather|Snowscape|[from] ability: Snow Warning|[of] p2a: Froslass\n|\n|-weather|Snowscape|[upkeep]\n|upkeep\n|turn|5\n|\n|t:|1776139315\n|switch|p1a: Tuasa|Sneasler, L50, M|100/100\n|move|p2a: Froslass|Blizzard|p1b: chepe-town|[spread] p1a,p1b\n|-damage|p1a: Tuasa|39/100\n|-damage|p1b: chepe-town|56/100\n|-ability|p1b: chepe-town|Stamina|boost\n|-boost|p1b: chepe-town|def|1\n|move|p2b: Beartic|Icicle Crash|p1b: chepe-town\n|-damage|p1b: chepe-town|0 fnt\n|faint|p1b: chepe-town\n|\n|-weather|Snowscape|[upkeep]\n|-sideend|p2: ANoiteFoiLonga|move: Aurora Veil\n|upkeep\n|inactive|hi_jpx has 30 seconds left.\n|\n|t:|1776139346\n|switch|p1b: D10S|Pelipper, L50, F|86/100\n|-weather|RainDance|[from] ability: Drizzle|[of] p1b: D10S\n|turn|6\n|inactive|hi_jpx has 30 seconds left.\n|inactive|ANoiteFoiLonga has 30 seconds left.\n|inactive|hi_jpx has 20 seconds left.\n|inactive|hi_jpx has 15 seconds left.\n|inactive|hi_jpx has 10 seconds left.\n|inactive|ANoiteFoiLonga has 20 seconds left.\n|inactive|ANoiteFoiLonga has 15 seconds left.\n|inactive|ANoiteFoiLonga has 10 seconds left.\n|\n|t:|1776139403\n|switch|p2a: Sinistcha|Sinistcha, L50|100/100\n|-heal|p2b: Beartic|75/100|[from] ability: Hospitality|[of] p2a: Sinistcha\n|switch|p1b: Basculeon|Basculegion, L50, M|100/100\n|move|p1a: Tuasa|Fake Out|p2b: Beartic\n|-activate|p2b: Beartic|move: Substitute|[damage]\n|move|p2b: Beartic|Icicle Crash|p1a: Tuasa\n|-damage|p1a: Tuasa|0 fnt\n|faint|p1a: Tuasa\n|\n|-weather|RainDance|[upkeep]\n|upkeep\n|\n|t:|1776139422\n|switch|p1a: D10S|Pelipper, L50, F|86/100\n|turn|7\n|\n|t:|1776139439\n|move|p1b: Basculeon|Last Respects|p2a: Sinistcha\n|-supereffective|p2a: Sinistcha|1\n|-damage|p2a: Sinistcha|0 fnt\n|faint|p2a: Sinistcha\n|move|p1a: D10S|Hurricane|p2b: Beartic\n|-end|p2b: Beartic|Substitute\n|move|p2b: Beartic|Icicle Crash|p1a: D10S\n|-damage|p1a: D10S|0 fnt\n|faint|p1a: D10S\n|\n|-weather|RainDance|[upkeep]\n|upkeep\n|\n|t:|1776139449\n|switch|p2a: Froslass|Froslass-Mega, L50, F|43/100\n|-weather|Snowscape|[from] ability: Snow Warning|[of] p2a: Froslass\n|turn|8\n|\n|t:|1776139469\n|move|p2a: Froslass|Aurora Veil|p2a: Froslass\n|-sidestart|p2: ANoiteFoiLonga|move: Aurora Veil\n|move|p2b: Beartic|Icicle Crash|p1b: Basculeon\n|-resisted|p1b: Basculeon|1\n|-damage|p1b: Basculeon|21/100\n|move|p1b: Basculeon|Last Respects|p2a: Froslass\n|-supereffective|p2a: Froslass|1\n|-damage|p2a: Froslass|0 fnt\n|faint|p2a: Froslass\n|\n|-weather|Snowscape|[upkeep]\n|upkeep\n|\n|t:|1776139476\n|switch|p2a: Incineroar|Incineroar, L50, M|24/100\n|-ability|p2a: Incineroar|Intimidate|boost\n|-unboost|p1b: Basculeon|atk|1\n|turn|9\n|\n|t:|1776139490\n|move|p2a: Incineroar|Protect|p2a: Incineroar\n|-singleturn|p2a: Incineroar|Protect\n|move|p1b: Basculeon|Aqua Jet|p2a: Incineroar\n|-activate|p2a: Incineroar|move: Protect\n|move|p2b: Beartic|Liquidation|p1b: Basculeon\n|-resisted|p1b: Basculeon|1\n|-damage|p1b: Basculeon|0 fnt\n|faint|p1b: Basculeon\n|\n|win|ANoiteFoiLonga\n|raw|hi_jpx's rating: 1025 &rarr; <strong>1010</strong><br />(-15 for losing)\n|raw|ANoiteFoiLonga's rating: 1000 &rarr; <strong>1043</strong><br />(+43 for winning)\n|l|\u2606hi_jpx\n|player|p1|\n",
  "uploadtime": 1776139497,
  "views": 25,
  "formatid": "gen9championsvgc2026regma",
  "rating": 1010,
  "private": 0,
  "password": null
}