{
  "id": "gen9championsvgc2026regma-2588361385",
  "format": "[Gen 9 Champions] VGC 2026 Reg M-A",
  "players": [
    "DavidTIS",
    "adagious"
  ],
  "log": "|j|\u2606DavidTIS\n|j|\u2606adagious\n|t:|1776627154\n|gametype|doubles\n|player|p1|DavidTIS|1|1228\n|player|p2|adagious|ghetsis|1130\n|gen|9\n|tier|[Gen 9 Champions] VGC 2026 Reg M-A\n|rated|\n|rule|Species Clause: Limit one of each Pok\u00e9mon\n|rule|Item Clause: Limit 1 of each item\n|clearpoke\n|poke|p1|Starmie, L50|\n|poke|p1|Lucario, L50, M|\n|poke|p1|Lycanroc-Dusk, L50, M|\n|poke|p1|Hydreigon, L50, F|\n|poke|p1|Gengar, L50, M|\n|poke|p1|Tauros-Paldea-Aqua, L50, M|\n|poke|p2|Milotic, L50, F|\n|poke|p2|Sinistcha, L50|\n|poke|p2|Incineroar, L50, M|\n|poke|p2|Goodra-Hisui, L50, F|\n|poke|p2|Starmie, L50|\n|poke|p2|Sharpedo, L50, F|\n|teampreview|4\n|inactive|Battle timer is ON: inactive players will automatically lose when time's up. (requested by DavidTIS)\n|inactive|DavidTIS has 60 seconds left.\n|\n|t:|1776627209\n|teamsize|p1|4\n|teamsize|p2|4\n|start\n|switch|p1a: Starmie|Starmie, L50|100/100\n|switch|p1b: Hydreigon|Hydreigon, L50, F|100/100\n|switch|p2a: Goodra|Goodra-Hisui, L50, F|100/100\n|switch|p2b: Incineroar|Incineroar, L50, M|100/100\n|-ability|p2b: Incineroar|Intimidate|boost\n|-unboost|p1a: Starmie|atk|1\n|-unboost|p1b: Hydreigon|atk|1\n|-enditem|p1b: Hydreigon|White Herb\n|-clearnegativeboost|p1b: Hydreigon|[silent]\n|turn|1\n|inactive|DavidTIS has 30 seconds left.\n|\n|t:|1776627235\n|switch|p1b: Lucario|Lucario, L50, M|100/100\n|detailschange|p1a: Starmie|Starmie-Mega, L50\n|-mega|p1a: Starmie|Starmie|Starminite\n|move|p1a: Starmie|Protect|p1a: Starmie\n|-singleturn|p1a: Starmie|Protect\n|move|p2b: Incineroar|Fake Out|p1a: Starmie\n|-activate|p1a: Starmie|move: Protect\n|move|p2a: Goodra|Draco Meteor|p1b: Lucario\n|-resisted|p1b: Lucario|1\n|-damage|p1b: Lucario|50/100\n|-unboost|p2a: Goodra|spa|2\n|\n|upkeep\n|turn|2\n|\n|t:|1776627254\n|move|p1b: Lucario|Vacuum Wave|p2b: Incineroar\n|-supereffective|p2b: Incineroar|1\n|-damage|p2b: Incineroar|62/100\n|move|p1a: Starmie|Liquidation|p2b: Incineroar\n|-supereffective|p2b: Incineroar|1\n|-damage|p2b: Incineroar|0 fnt\n|faint|p2b: Incineroar\n|move|p2a: Goodra|Thunderbolt|p1a: Starmie\n|-supereffective|p1a: Starmie|1\n|-damage|p1a: Starmie|60/100\n|\n|upkeep\n|\n|t:|1776627263\n|switch|p2b: Sinistcha|Sinistcha, L50|100/100\n|turn|3\n|\n|t:|1776627273\n|move|p1a: Starmie|Ice Spinner|p2b: Sinistcha\n|-supereffective|p2b: Sinistcha|1\n|-damage|p2b: Sinistcha|36/100\n|-enditem|p2b: Sinistcha|Sitrus Berry|[eat]\n|-heal|p2b: Sinistcha|61/100|[from] item: Sitrus Berry\n|move|p1b: Lucario|Dark Pulse|p2b: Sinistcha\n|-supereffective|p2b: Sinistcha|1\n|-damage|p2b: Sinistcha|0 fnt\n|faint|p2b: Sinistcha\n|move|p2a: Goodra|Fire Blast|p1b: Lucario\n|-supereffective|p1b: Lucario|1\n|-damage|p1b: Lucario|0 fnt\n|faint|p1b: Lucario\n|\n|upkeep\n|\n|t:|1776627290\n|switch|p1b: Hydreigon|Hydreigon, L50, F|100/100\n|switch|p2b: Sharpedo|Sharpedo, L50, F|100/100\n|turn|4\n|\n|t:|1776627308\n|move|p2b: Sharpedo|Protect|p2b: Sharpedo\n|-singleturn|p2b: Sharpedo|Protect\n|move|p1a: Starmie|Ice Spinner|p2a: Goodra\n|-damage|p2a: Goodra|71/100\n|-ability|p2a: Goodra|Gooey\n|-unboost|p1a: Starmie|spe|1\n|move|p1b: Hydreigon|Tailwind|p1b: Hydreigon\n|-sidestart|p1: DavidTIS|move: Tailwind\n|move|p2a: Goodra|Draco Meteor|p1b: Hydreigon\n|-supereffective|p1b: Hydreigon|1\n|-damage|p1b: Hydreigon|18/100\n|-unboost|p2a: Goodra|spa|2\n|\n|-ability|p2b: Sharpedo|Speed Boost|boost\n|-boost|p2b: Sharpedo|spe|1\n|upkeep\n|turn|5\n|inactive|DavidTIS has 30 seconds left.\n|inactive|adagious has 30 seconds left.\n|\n|t:|1776627336\n|switch|p1a: Tauros|Tauros-Paldea-Aqua, L50, M|100/100\n|-ability|p1a: Tauros|Intimidate|boost\n|-unboost|p2a: Goodra|atk|1\n|-unboost|p2b: Sharpedo|atk|1\n|detailschange|p2b: Sharpedo|Sharpedo-Mega, L50, F\n|-mega|p2b: Sharpedo|Sharpedo|Sharpedonite\n|move|p1b: Hydreigon|Draco Meteor|p2a: Goodra\n|-damage|p2a: Goodra|24/100\n|-unboost|p1b: Hydreigon|spa|2\n|move|p2b: Sharpedo|Crunch|p1a: Tauros\n|-resisted|p1a: Tauros|1\n|-damage|p1a: Tauros|74/100\n|move|p2a: Goodra|Flash Cannon|p1b: Hydreigon\n|-damage|p1b: Hydreigon|2/100\n|\n|upkeep\n|turn|6\n|inactive|DavidTIS has 30 seconds left.\n|\n|t:|1776627364\n|move|p2b: Sharpedo|Aqua Jet|p1b: Hydreigon\n|-resisted|p1b: Hydreigon|1\n|-damage|p1b: Hydreigon|0 fnt\n|faint|p1b: Hydreigon\n|move|p1a: Tauros|Close Combat|p2b: Sharpedo\n|-supereffective|p2b: Sharpedo|1\n|-damage|p2b: Sharpedo|0 fnt\n|-unboost|p1a: Tauros|def|1\n|-unboost|p1a: Tauros|spd|1\n|faint|p2b: Sharpedo\n|move|p2a: Goodra|Thunderbolt|p1a: Tauros\n|-supereffective|p1a: Tauros|1\n|-damage|p1a: Tauros|24/100\n|-status|p1a: Tauros|par\n|-enditem|p1a: Tauros|Sitrus Berry|[eat]\n|-heal|p1a: Tauros|49/100 par|[from] item: Sitrus Berry\n|\n|upkeep\n|\n|t:|1776627378\n|switch|p1b: Starmie|Starmie-Mega, L50|60/100\n|turn|7\n|\n|t:|1776627386\n|move|p1b: Starmie|Ice Spinner|p2a: Goodra\n|-damage|p2a: Goodra|0 fnt\n|-ability|p2a: Goodra|Gooey\n|-unboost|p1b: Starmie|spe|1\n|faint|p2a: Goodra\n|\n|win|DavidTIS\n|raw|DavidTIS's rating: 1228 &rarr; <strong>1247</strong><br />(+19 for winning)\n|raw|adagious's rating: 1149 &rarr; <strong>1130</strong><br />(-19 for losing)\n|l|\u2606adagious\n|player|p2|\n",
  "uploadtime": 1776627392,
  "views": 12,
  "formatid": "gen9championsvgc2026regma",
  "rating": 1130,
  "private": 0,
  "password": null
}