{
  "id": "gen9championsvgc2026regma-2587447477",
  "format": "[Gen 9 Champions] VGC 2026 Reg M-A",
  "players": [
    "choconyu",
    "fhcgvjbknhuoipo"
  ],
  "log": "|j|\u2606choconyu\n|j|\u2606fhcgvjbknhuoipo\n|t:|1776532600\n|gametype|doubles\n|player|p1|choconyu|clerkf|1072\n|player|p2|fhcgvjbknhuoipo|170|1070\n|gen|9\n|tier|[Gen 9 Champions] VGC 2026 Reg M-A\n|rated|\n|rule|Species Clause: Limit one of each Pok\u00e9mon\n|rule|Item Clause: Limit 1 of each item\n|clearpoke\n|poke|p1|Meganium, L50, F, shiny|\n|poke|p1|Sableye, L50, M|\n|poke|p1|Basculegion, L50, M|\n|poke|p1|Archaludon, L50, F|\n|poke|p1|Clefable, L50, F|\n|poke|p1|Incineroar, L50, M|\n|poke|p2|Glimmora, L50, F|\n|poke|p2|Archaludon, L50, F|\n|poke|p2|Politoed, L50, F|\n|poke|p2|Venusaur, L50, M|\n|poke|p2|Farigiraf, L50, M|\n|poke|p2|Maushold, L50|\n|teampreview|4\n|inactive|Battle timer is ON: inactive players will automatically lose when time's up. (requested by fhcgvjbknhuoipo)\nfhcgvjbknhuoipo rejected open team sheets.\n|\n|t:|1776532622\n|teamsize|p1|4\n|teamsize|p2|4\n|start\n|switch|p1a: Incineroar|Incineroar, L50, M|100/100\n|switch|p1b: Basculegion|Basculegion, L50, M|100/100\n|switch|p2a: Glimmora|Glimmora, L50, F|100/100\n|switch|p2b: Maushold|Maushold, L50|100/100\n|-ability|p1a: Incineroar|Intimidate|boost\n|-unboost|p2a: Glimmora|atk|1\n|-unboost|p2b: Maushold|atk|1\n|turn|1\n|\n|t:|1776532631\n|move|p2b: Maushold|Protect|p2b: Maushold\n|-singleturn|p2b: Maushold|Protect\n|move|p2a: Glimmora|Protect|p2a: Glimmora\n|-singleturn|p2a: Glimmora|Protect\n|move|p1a: Incineroar|Fake Out|p2b: Maushold\n|-activate|p2b: Maushold|move: Protect\n|move|p1b: Basculegion|Wave Crash|p2a: Glimmora\n|-activate|p2a: Glimmora|move: Protect\n|\n|upkeep\n|turn|2\n|\n|t:|1776532642\n|move|p1b: Basculegion|Protect|p1b: Basculegion\n|-singleturn|p1b: Basculegion|Protect\n|move|p2b: Maushold|Population Bomb|p2a: Glimmora\n|-resisted|p2a: Glimmora|1\n|-damage|p2a: Glimmora|99/100\n|-activate|p2a: Glimmora|ability: Toxic Debris\n|-sidestart|p1: choconyu|move: Toxic Spikes\n|-resisted|p2a: Glimmora|1\n|-damage|p2a: Glimmora|97/100\n|-activate|p2a: Glimmora|ability: Toxic Debris\n|-sidestart|p1: choconyu|move: Toxic Spikes\n|-resisted|p2a: Glimmora|1\n|-damage|p2a: Glimmora|95/100\n|-resisted|p2a: Glimmora|1\n|-damage|p2a: Glimmora|93/100\n|-resisted|p2a: Glimmora|1\n|-damage|p2a: Glimmora|91/100\n|-resisted|p2a: Glimmora|1\n|-damage|p2a: Glimmora|89/100\n|-resisted|p2a: Glimmora|1\n|-damage|p2a: Glimmora|87/100\n|-hitcount|p2a: Glimmora|7\n|move|p2a: Glimmora|Power Gem|p1a: Incineroar\n|-supereffective|p1a: Incineroar|1\n|-damage|p1a: Incineroar|23/100\n|-enditem|p1a: Incineroar|Sitrus Berry|[eat]\n|-heal|p1a: Incineroar|48/100|[from] item: Sitrus Berry\n|move|p1a: Incineroar|Parting Shot|p2a: Glimmora\n|-unboost|p2a: Glimmora|atk|1\n|-unboost|p2a: Glimmora|spa|1\n|\n|t:|1776532661\n|switch|p1a: Archaludon|Archaludon, L50, F|100/100|[from] Parting Shot\n|\n|upkeep\n|turn|3\n|\n|t:|1776532671\n|move|p2b: Maushold|Follow Me|p2b: Maushold\n|-singleturn|p2b: Maushold|move: Follow Me\n|move|p2a: Glimmora|Earth Power|p1a: Archaludon\n|-supereffective|p1a: Archaludon|1\n|-damage|p1a: Archaludon|51/100\n|move|p1b: Basculegion|Wave Crash|p2b: Maushold\n|-damage|p2b: Maushold|3/100\n|-damage|p1b: Basculegion|76/100|[from] Recoil\n|move|p1a: Archaludon|Flash Cannon|p2b: Maushold\n|-damage|p2b: Maushold|0 fnt\n|faint|p2b: Maushold\n|\n|upkeep\n|\n|t:|1776532683\n|switch|p2b: Archaludon|Archaludon, L50, F|100/100\n|turn|4\n|\n|t:|1776532689\n|move|p1a: Archaludon|Protect|p1a: Archaludon\n|-singleturn|p1a: Archaludon|Protect\n|move|p2a: Glimmora|Earth Power|p1a: Archaludon\n|-activate|p1a: Archaludon|move: Protect\n|move|p1b: Basculegion|Wave Crash|p2a: Glimmora\n|-supereffective|p2a: Glimmora|1\n|-damage|p2a: Glimmora|0 fnt\n|faint|p2a: Glimmora\n|-damage|p1b: Basculegion|53/100|[from] Recoil\n|move|p2b: Archaludon|Electro Shot||[still]\n|-prepare|p2b: Archaludon|Electro Shot\n|-boost|p2b: Archaludon|spa|1\n|\n|upkeep\n|\n|t:|1776532700\n|switch|p2a: Venusaur|Venusaur, L50, M|100/100\n|turn|5\n|\n|t:|1776532715\n|switch|p1b: Incineroar|Incineroar, L50, M|48/100\n|-status|p1b: Incineroar|tox\n|-ability|p1b: Incineroar|Intimidate|boost\n|-unboost|p2a: Venusaur|atk|1\n|-unboost|p2b: Archaludon|atk|1\n|detailschange|p2a: Venusaur|Venusaur-Mega, L50, M\n|-mega|p2a: Venusaur|Venusaur|Venusaurite\n|move|p1a: Archaludon|Dragon Pulse|p2b: Archaludon\n|-damage|p2b: Archaludon|56/100\n|-ability|p2b: Archaludon|Stamina|boost\n|-boost|p2b: Archaludon|def|1\n|move|p2b: Archaludon|Electro Shot|p1b: Incineroar|[from] lockedmove\n|-damage|p1b: Incineroar|0 fnt\n|faint|p1b: Incineroar\n|move|p2a: Venusaur|Leech Seed|p1a: Archaludon\n|-start|p1a: Archaludon|move: Leech Seed\n|\n|-heal|p2b: Archaludon|62/100|[from] item: Leftovers\n|-damage|p1a: Archaludon|39/100|[from] Leech Seed|[of] p2a: Venusaur\n|upkeep\n|\n|t:|1776532732\n|switch|p1b: Basculegion|Basculegion, L50, M|53/100\n|-status|p1b: Basculegion|tox\n|turn|6\n|\n|t:|1776532742\n|switch|p1a: Meganium|Meganium, L50, F, shiny|100/100\n|-status|p1a: Meganium|tox\n|move|p2b: Archaludon|Protect|p2b: Archaludon\n|-singleturn|p2b: Archaludon|Protect\n|move|p2a: Venusaur|Protect|p2a: Venusaur\n|-singleturn|p2a: Venusaur|Protect\n|move|p1b: Basculegion|Last Respects|p2a: Venusaur\n|-activate|p2a: Venusaur|move: Protect\n|\n|-heal|p2b: Archaludon|69/100|[from] item: Leftovers\n|-damage|p1a: Meganium|95/100 tox|[from] psn\n|-damage|p1b: Basculegion|47/100 tox|[from] psn\n|upkeep\n|turn|7\n|\n|t:|1776532757\n|detailschange|p1a: Meganium|Meganium-Mega, L50, F, shiny\n|-mega|p1a: Meganium|Meganium|Meganiumite\n|move|p1a: Meganium|Protect|p1a: Meganium\n|-singleturn|p1a: Meganium|Protect\n|move|p1b: Basculegion|Last Respects|p2b: Archaludon\n|-damage|p2b: Archaludon|44/100\n|-ability|p2b: Archaludon|Stamina|boost\n|-boost|p2b: Archaludon|def|1\n|move|p2b: Archaludon|Flash Cannon|p1a: Meganium\n|-activate|p1a: Meganium|move: Protect\n|move|p2a: Venusaur|Giga Drain|p1b: Basculegion\n|-supereffective|p1b: Basculegion|1\n|-damage|p1b: Basculegion|0 fnt\n|faint|p1b: Basculegion\n|\n|-heal|p2b: Archaludon|50/100|[from] item: Leftovers\n|-damage|p1a: Meganium|83/100 tox|[from] psn\n|upkeep\n|\n|t:|1776532771\n|switch|p1b: Archaludon|Archaludon, L50, F|39/100\n|turn|8\n|\n|t:|1776532776\n|move|p1a: Meganium|Weather Ball|p2a: Venusaur\n|-supereffective|p2a: Venusaur|1\n|-crit|p2a: Venusaur\n|-damage|p2a: Venusaur|30/100\n|move|p1b: Archaludon|Dragon Pulse|p2b: Archaludon\n|-damage|p2b: Archaludon|6/100\n|-ability|p2b: Archaludon|Stamina|boost\n|-boost|p2b: Archaludon|def|1\n|move|p2b: Archaludon|Flash Cannon|p1a: Meganium\n|-supereffective|p1a: Meganium|1\n|-damage|p1a: Meganium|0 fnt\n|faint|p1a: Meganium\n|move|p2a: Venusaur|Leech Seed|p1b: Archaludon\n|-start|p1b: Archaludon|move: Leech Seed\n|\n|-heal|p2b: Archaludon|12/100|[from] item: Leftovers\n|-damage|p1b: Archaludon|26/100|[from] Leech Seed|[of] p2a: Venusaur\n|-heal|p2a: Venusaur|43/100|[silent]\n|upkeep\n|turn|9\n|\n|t:|1776532793\n|move|p2b: Archaludon|Protect|p2b: Archaludon\n|-singleturn|p2b: Archaludon|Protect\n|move|p2a: Venusaur|Protect|p2a: Venusaur\n|-singleturn|p2a: Venusaur|Protect\n|move|p1b: Archaludon|Dragon Pulse|p2b: Archaludon\n|-activate|p2b: Archaludon|move: Protect\n|\n|-heal|p2b: Archaludon|18/100|[from] item: Leftovers\n|-damage|p1b: Archaludon|14/100|[from] Leech Seed|[of] p2a: Venusaur\n|-heal|p2a: Venusaur|56/100|[silent]\n|upkeep\n|turn|10\n|\n|t:|1776532805\n|move|p1b: Archaludon|Dragon Pulse|p2b: Archaludon\n|-damage|p2b: Archaludon|0 fnt\n|faint|p2b: Archaludon\n|move|p2a: Venusaur|Giga Drain|p1b: Archaludon\n|-resisted|p1b: Archaludon|2\n|-damage|p1b: Archaludon|4/100\n|-heal|p2a: Venusaur|61/100|[from] drain|[of] p1b: Archaludon\n|\n|-damage|p1b: Archaludon|0 fnt|[from] Leech Seed|[of] p2a: Venusaur\n|-heal|p2a: Venusaur|65/100|[silent]\n|faint|p1b: Archaludon\n|\n|win|fhcgvjbknhuoipo\n|raw|choconyu's rating: 1072 &rarr; <strong>1051</strong><br />(-21 for losing)\n|raw|fhcgvjbknhuoipo's rating: 1070 &rarr; <strong>1100</strong><br />(+30 for winning)\n|l|\u2606choconyu\n|player|p1|\n",
  "uploadtime": 1776532816,
  "views": 15,
  "formatid": "gen9championsvgc2026regma",
  "rating": 1051,
  "private": 0,
  "password": null
}