{
  "id": "gen9championsvgc2026regma-2584612711",
  "format": "[Gen 9 Champions] VGC 2026 Reg M-A",
  "players": [
    "thatonekid22",
    "GeniusGamingLegend"
  ],
  "log": "|j|\u2606thatonekid22\n|j|\u2606GeniusGamingLegend\n|t:|1776272103\n|gametype|doubles\n|player|p1|thatonekid22|pokekid|1058\n|player|p2|GeniusGamingLegend|harlequin|1081\n|gen|9\n|tier|[Gen 9 Champions] VGC 2026 Reg M-A\n|rated|\n|rule|Species Clause: Limit one of each Pok\u00e9mon\n|rule|Item Clause: Limit 1 of each item\n|clearpoke\n|poke|p1|Dragonite, L50, M|\n|poke|p1|Whimsicott, L50, M|\n|poke|p1|Arcanine, L50, M|\n|poke|p1|Garchomp, L50, M|\n|poke|p1|Rotom-Frost, L50|\n|poke|p1|Politoed, L50, F|\n|poke|p2|Dragonite, L50, F|\n|poke|p2|Pelipper, L50, M|\n|poke|p2|Archaludon, L50, M|\n|poke|p2|Incineroar, L50, M|\n|poke|p2|Basculegion, L50, M|\n|poke|p2|Sinistcha, L50|\n|teampreview|4\n|inactive|Battle timer is ON: inactive players will automatically lose when time's up. (requested by thatonekid22)\n|inactive|thatonekid22 has 60 seconds left.\n|inactive|GeniusGamingLegend has 60 seconds left.\n|\n|t:|1776272163\n|teamsize|p1|4\n|teamsize|p2|4\n|start\n|switch|p1a: Dragonite|Dragonite, L50, M|100/100\n|switch|p1b: Whimsicott|Whimsicott, L50, M, shiny|100/100\n|switch|p2a: Dragonite|Dragonite, L50, F|100/100\n|switch|p2b: Basculegion|Basculegion, L50, M|100/100\n|turn|1\n|\n|t:|1776272185\n|switch|p2b: Pelipper|Pelipper, L50, M|100/100\n|-weather|RainDance|[from] ability: Drizzle|[of] p2b: Pelipper\n|switch|p1a: Politoed|Politoed, L50, F, shiny|100/100\n|detailschange|p2a: Dragonite|Dragonite-Mega, L50, F\n|-mega|p2a: Dragonite|Dragonite|Dragoninite\n|move|p1b: Whimsicott|Tailwind|p1b: Whimsicott\n|-sidestart|p1: thatonekid22|move: Tailwind\n|move|p2a: Dragonite|Tailwind|p2a: Dragonite\n|-sidestart|p2: GeniusGamingLegend|move: Tailwind\n|\n|-weather|RainDance|[upkeep]\n|upkeep\n|turn|2\n|inactive|thatonekid22 has 30 seconds left.\n|\n|t:|1776272213\n|switch|p2a: Archaludon|Archaludon, L50, M|100/100\n|move|p1b: Whimsicott|Giga Drain|p2b: Pelipper\n|-crit|p2b: Pelipper\n|-damage|p2b: Pelipper|41/100\n|move|p2b: Pelipper|Hurricane|p1b: Whimsicott\n|-supereffective|p1b: Whimsicott|1\n|-crit|p1b: Whimsicott\n|-enditem|p1b: Whimsicott|Focus Sash\n|-damage|p1b: Whimsicott|1/100\n|move|p1a: Politoed|Ice Beam|p2a: Archaludon\n|-damage|p2a: Archaludon|66/100\n|-ability|p2a: Archaludon|Stamina|boost\n|-boost|p2a: Archaludon|def|1\n|\n|-weather|RainDance|[upkeep]\n|upkeep\n|turn|3\n|\n|t:|1776272233\n|move|p1b: Whimsicott|Moonblast|p2a: Archaludon\n|-damage|p2a: Archaludon|20/100\n|-ability|p2a: Archaludon|Stamina|boost\n|-boost|p2a: Archaludon|def|1\n|move|p2b: Pelipper|Muddy Water|p1a: Politoed|[spread] \n|-miss|p2b: Pelipper|p1a: Politoed\n|-miss|p2b: Pelipper|p1b: Whimsicott\n|move|p1a: Politoed|Ice Beam|p2a: Archaludon\n|-damage|p2a: Archaludon|0 fnt\n|faint|p2a: Archaludon\n|\n|-weather|RainDance|[upkeep]\n|upkeep\n|\n|t:|1776272244\n|switch|p2a: Basculegion|Basculegion, L50, M|100/100\n|turn|4\n|\n|t:|1776272259\n|move|p1a: Politoed|Helping Hand|p1b: Whimsicott\n|-singleturn|p1b: Whimsicott|Helping Hand|[of] p1a: Politoed\n|move|p2a: Basculegion|Last Respects|p1a: Politoed\n|-damage|p1a: Politoed|38/100\n|move|p1b: Whimsicott|Giga Drain|p2a: Basculegion\n|-supereffective|p2a: Basculegion|1\n|-damage|p2a: Basculegion|8/100\n|-heal|p1b: Whimsicott|67/100|[from] drain|[of] p2a: Basculegion\n|move|p2b: Pelipper|Muddy Water|p1a: Politoed|[spread] p1b\n|-miss|p2b: Pelipper|p1a: Politoed\n|-resisted|p1b: Whimsicott|1\n|-damage|p1b: Whimsicott|41/100\n|-unboost|p1b: Whimsicott|accuracy|1\n|\n|-weather|RainDance|[upkeep]\n|-sideend|p1: thatonekid22|move: Tailwind\n|-sideend|p2: GeniusGamingLegend|move: Tailwind\n|upkeep\n|turn|5\n|c|\u2606GeniusGamingLegend|fucking ridiculous\n|l|\u2606GeniusGamingLegend\n|inactive|GeniusGamingLegend disconnected and has a minute to reconnect!\n|player|p2|\n|inactive|thatonekid22 has 30 seconds left.\n|inactive|GeniusGamingLegend has 30 seconds left.\n|inactive|GeniusGamingLegend has 20 seconds left.\n|inactive|GeniusGamingLegend has 15 seconds left.\n|inactive|GeniusGamingLegend has 10 seconds left.\n|inactive|GeniusGamingLegend has 5 seconds left.\n|-message|GeniusGamingLegend lost due to inactivity.\n|\n|win|thatonekid22\n",
  "uploadtime": 1776272267,
  "views": 15,
  "formatid": "gen9championsvgc2026regma",
  "rating": null,
  "private": 0,
  "password": null
}