{
  "id": "gen9championsvgc2026regma-2587940479",
  "format": "[Gen 9 Champions] VGC 2026 Reg M-A",
  "players": [
    "redistr",
    "regidragon12138"
  ],
  "log": "|j|\u2606redistr\n|j|\u2606regidragon12138\n|t:|1776582140\n|gametype|doubles\n|player|p1|redistr|chili|1477\n|player|p2|regidragon12138|cynthia-gen4|1520\n|gen|9\n|tier|[Gen 9 Champions] VGC 2026 Reg M-A\n|rated|\n|rule|Species Clause: Limit one of each Pok\u00e9mon\n|rule|Item Clause: Limit 1 of each item\n|clearpoke\n|poke|p1|Garchomp, L50, F, shiny|\n|poke|p1|Sneasler, L50, F, shiny|\n|poke|p1|Kingambit, L50, M, shiny|\n|poke|p1|Incineroar, L50, F|\n|poke|p1|Delphox, L50, F, shiny|\n|poke|p1|Floette-Eternal, L50, F|\n|poke|p2|Kommo-o, L50, F|\n|poke|p2|Gengar, L50, F|\n|poke|p2|Whimsicott, L50, M|\n|poke|p2|Excadrill, L50, M|\n|poke|p2|Incineroar, L50, F|\n|poke|p2|Tyranitar, L50, M|\n|teampreview|4\n|inactive|Battle timer is ON: inactive players will automatically lose when time's up. (requested by redistr)\n|j| TomTom_JerryJerry\n|inactive|redistr has 60 seconds left.\n|inactive|regidragon12138 has 60 seconds left.\n|inactive|redistr has 30 seconds left.\n|\n|t:|1776582204\n|teamsize|p1|4\n|teamsize|p2|4\n|start\n|switch|p1a: Karma|Incineroar, L50, F|100/100\n|switch|p1b: A Diva|Delphox, L50, F, shiny|100/100\n|switch|p2a: Kommo-o|Kommo-o, L50, F|100/100\n|switch|p2b: Whimsicott|Whimsicott, L50, M|100/100\n|-ability|p1a: Karma|Intimidate|boost\n|-unboost|p2a: Kommo-o|atk|1\n|-unboost|p2b: Whimsicott|atk|1\n|turn|1\n|inactive|redistr has 30 seconds left.\n|\n|t:|1776582235\n|detailschange|p1b: A Diva|Delphox-Mega, L50, F, shiny\n|-mega|p1b: A Diva|Delphox|Delphoxite\n|move|p2b: Whimsicott|Protect|p2b: Whimsicott\n|-singleturn|p2b: Whimsicott|Protect\n|move|p2a: Kommo-o|Protect|p2a: Kommo-o\n|-singleturn|p2a: Kommo-o|Protect\n|move|p1a: Karma|Fake Out|p2b: Whimsicott\n|-activate|p2b: Whimsicott|move: Protect\n|move|p1b: A Diva|Heat Wave|p2a: Kommo-o|[spread] \n|-activate|p2a: Kommo-o|move: Protect\n|-activate|p2b: Whimsicott|move: Protect\n|\n|upkeep\n|turn|2\n|j| gravedigger3000\n|inactive|redistr has 30 seconds left.\n|\n|t:|1776582261\n|switch|p1a: Mother|Garchomp, L50, F, shiny|100/100\n|move|p2b: Whimsicott|Encore|p1b: A Diva\n|-start|p1b: A Diva|Encore\n|move|p1b: A Diva|Heat Wave|p2b: Whimsicott|[spread] p2b\n|-miss|p1b: A Diva|p2a: Kommo-o\n|-supereffective|p2b: Whimsicott|1\n|-enditem|p2b: Whimsicott|Focus Sash\n|-damage|p2b: Whimsicott|1/100\n|move|p2a: Kommo-o|Clangorous Soul|p2a: Kommo-o\n|-boost|p2a: Kommo-o|atk|1\n|-boost|p2a: Kommo-o|def|1\n|-boost|p2a: Kommo-o|spa|1\n|-boost|p2a: Kommo-o|spd|1\n|-boost|p2a: Kommo-o|spe|1\n|-damage|p2a: Kommo-o|68/100\n|\n|-heal|p2a: Kommo-o|74/100|[from] item: Leftovers\n|upkeep\n|turn|3\n|\n|t:|1776582279\n|move|p1a: Mother|Protect|p1a: Mother\n|-singleturn|p1a: Mother|Protect\n|move|p2b: Whimsicott|Tailwind|p2b: Whimsicott\n|-sidestart|p2: regidragon12138|move: Tailwind\n|move|p2a: Kommo-o|Clanging Scales|p1b: A Diva|[spread] p1b\n|-activate|p1a: Mother|move: Protect\n|-damage|p1b: A Diva|50/100\n|-unboost|p2a: Kommo-o|def|1\n|move|p1b: A Diva|Heat Wave|p2a: Kommo-o|[spread] p2a,p2b\n|-resisted|p2a: Kommo-o|1\n|-supereffective|p2b: Whimsicott|1\n|-damage|p2a: Kommo-o|62/100\n|-damage|p2b: Whimsicott|0 fnt\n|faint|p2b: Whimsicott\n|\n|-heal|p2a: Kommo-o|68/100|[from] item: Leftovers\n|upkeep\n|\n|t:|1776582297\n|switch|p2b: Tyranitar|Tyranitar, L50, M|100/100\n|-weather|Sandstorm|[from] ability: Sand Stream|[of] p2b: Tyranitar\n|turn|4\n|\n|t:|1776582317\n|switch|p1b: Butch Queen|Kingambit, L50, M, shiny|100/100\n|switch|p1a: Karma|Incineroar, L50, F|100/100\n|-ability|p1a: Karma|Intimidate|boost\n|-unboost|p2a: Kommo-o|atk|1\n|-unboost|p2b: Tyranitar|atk|1\n|detailschange|p2b: Tyranitar|Tyranitar-Mega, L50, M\n|-mega|p2b: Tyranitar|Tyranitar|Tyranitarite\n|move|p2a: Kommo-o|Clanging Scales|p1a: Karma|[spread] p1a,p1b\n|-resisted|p1b: Butch Queen|1\n|-damage|p1a: Karma|49/100\n|-damage|p1b: Butch Queen|74/100\n|-unboost|p2a: Kommo-o|def|1\n|move|p2b: Tyranitar|Dragon Dance|p2b: Tyranitar\n|-boost|p2b: Tyranitar|atk|1\n|-boost|p2b: Tyranitar|spe|1\n|\n|-weather|Sandstorm|[upkeep]\n|-damage|p2a: Kommo-o|62/100|[from] Sandstorm\n|-damage|p1a: Karma|43/100|[from] Sandstorm\n|-heal|p2a: Kommo-o|68/100|[from] item: Leftovers\n|-heal|p1a: Karma|49/100|[from] item: Leftovers\n|upkeep\n|turn|5\n|\n|t:|1776582332\n|move|p1a: Karma|Fake Out|p2a: Kommo-o\n|-damage|p2a: Kommo-o|54/100\n|cant|p2a: Kommo-o|flinch\n|move|p2b: Tyranitar|Low Kick|p1b: Butch Queen\n|-supereffective|p1b: Butch Queen|2\n|-enditem|p1b: Butch Queen|Chople Berry|[eat]\n|-enditem|p1b: Butch Queen|Chople Berry|[weaken]\n|-damage|p1b: Butch Queen|22/100\n|move|p1b: Butch Queen|Low Kick|p2b: Tyranitar\n|-supereffective|p2b: Tyranitar|2\n|-damage|p2b: Tyranitar|0 fnt\n|faint|p2b: Tyranitar\n|\n|-weather|Sandstorm|[upkeep]\n|-damage|p2a: Kommo-o|48/100|[from] Sandstorm\n|-damage|p1a: Karma|43/100|[from] Sandstorm\n|-heal|p2a: Kommo-o|54/100|[from] item: Leftovers\n|-heal|p1a: Karma|49/100|[from] item: Leftovers\n|upkeep\n|\n|t:|1776582339\n|switch|p2b: Excadrill|Excadrill, L50, M|100/100\n|turn|6\n|inactive|redistr has 30 seconds left.\n|inactive|redistr has 20 seconds left.\n|\n|t:|1776582376\n|switch|p1a: Mother|Garchomp, L50, F, shiny|100/100\n|move|p1b: Butch Queen|Protect|p1b: Butch Queen\n|-singleturn|p1b: Butch Queen|Protect\n|move|p2b: Excadrill|Rock Slide|p1b: Butch Queen|[spread] p1a\n|-activate|p1b: Butch Queen|move: Protect\n|-resisted|p1a: Mother|1\n|-damage|p1a: Mother|90/100\n|move|p2a: Kommo-o|Clanging Scales|p1a: Mother|[spread] p1a\n|-activate|p1b: Butch Queen|move: Protect\n|-supereffective|p1a: Mother|1\n|-damage|p1a: Mother|0 fnt\n|faint|p1a: Mother\n|-unboost|p2a: Kommo-o|def|1\n|\n|-weather|Sandstorm|[upkeep]\n|-damage|p2a: Kommo-o|48/100|[from] Sandstorm\n|-heal|p2a: Kommo-o|54/100|[from] item: Leftovers\n|-sideend|p2: regidragon12138|move: Tailwind\n|upkeep\n|inactive|redistr has 30 seconds left.\n|\n|t:|1776582403\n|switch|p1a: Karma|Incineroar, L50, F|49/100\n|-ability|p1a: Karma|Intimidate|boost\n|-unboost|p2a: Kommo-o|atk|1\n|-unboost|p2b: Excadrill|atk|1\n|turn|7\n|inactive|redistr has 30 seconds left.\n|inactive|redistr has 20 seconds left.\n|inactive|redistr has 15 seconds left.\n|\n|t:|1776582445\n|move|p2a: Kommo-o|Protect|p2a: Kommo-o\n|-singleturn|p2a: Kommo-o|Protect\n|move|p1a: Karma|Fake Out|p2b: Excadrill\n|-resisted|p2b: Excadrill|1\n|-damage|p2b: Excadrill|92/100\n|cant|p2b: Excadrill|flinch\n|move|p1b: Butch Queen|Low Kick|p2b: Excadrill\n|-supereffective|p2b: Excadrill|1\n|-damage|p2b: Excadrill|26/100\n|\n|-weather|Sandstorm|[upkeep]\n|-damage|p2a: Kommo-o|48/100|[from] Sandstorm\n|-damage|p1a: Karma|43/100|[from] Sandstorm\n|-heal|p2a: Kommo-o|54/100|[from] item: Leftovers\n|-heal|p1a: Karma|49/100|[from] item: Leftovers\n|upkeep\n|turn|8\n|j| sbpkshowdown\n|\n|t:|1776582466\n|switch|p1a: A Diva|Delphox-Mega, L50, F, shiny|50/100\n|move|p1b: Butch Queen|Sucker Punch|p2b: Excadrill\n|-damage|p2b: Excadrill|0 fnt\n|faint|p2b: Excadrill\n|move|p2a: Kommo-o|Clanging Scales|p1a: A Diva|[spread] p1a,p1b\n|-resisted|p1b: Butch Queen|1\n|-damage|p1a: A Diva|0 fnt\n|-damage|p1b: Butch Queen|0 fnt\n|faint|p1a: A Diva\n|faint|p1b: Butch Queen\n|-unboost|p2a: Kommo-o|def|1\n|\n|-weather|none\n|-heal|p2a: Kommo-o|60/100|[from] item: Leftovers\n|upkeep\n|\n|t:|1776582476\n|switch|p1a: Karma|Incineroar, L50, F|49/100\n|-ability|p1a: Karma|Intimidate|boost\n|-unboost|p2a: Kommo-o|atk|1\n|turn|9\n|\n|t:|1776582480\n|move|p2a: Kommo-o|Protect|p2a: Kommo-o\n|-singleturn|p2a: Kommo-o|Protect\n|move|p1a: Karma|Fake Out|p2a: Kommo-o\n|-activate|p2a: Kommo-o|move: Protect\n|\n|-heal|p2a: Kommo-o|67/100|[from] item: Leftovers\n|-heal|p1a: Karma|54/100|[from] item: Leftovers\n|upkeep\n|turn|10\n|l| gravedigger3000\n|c|\u2606redistr|ggs, wp\n|\n|t:|1776582489\n|move|p2a: Kommo-o|Aura Sphere|p1a: Karma\n|-supereffective|p1a: Karma|1\n|-damage|p1a: Karma|0 fnt\n|faint|p1a: Karma\n|\n|win|regidragon12138\n|raw|redistr's rating: 1477 &rarr; <strong>1459</strong><br />(-18 for losing)\n|raw|regidragon12138's rating: 1520 &rarr; <strong>1538</strong><br />(+18 for winning)\n|l|\u2606regidragon12138\n|player|p2|\n|l|\u2606redistr\n|player|p1|\n|l| TomTom_JerryJerry\n|l| sbpkshowdown\n",
  "uploadtime": 1776582695,
  "views": 14,
  "formatid": "gen9championsvgc2026regma",
  "rating": 1459,
  "private": 0,
  "password": null
}