{
  "id": "gen9championsvgc2026regma-2587208361",
  "format": "[Gen 9 Champions] VGC 2026 Reg M-A",
  "players": [
    "HBowser",
    "Azreal29"
  ],
  "log": "|j|\u2606HBowser\n|j|\u2606Azreal29\n|t:|1776509104\n|gametype|doubles\n|player|p1|HBowser|wattson|1103\n|player|p2|Azreal29|unknown|1185\n|gen|9\n|tier|[Gen 9 Champions] VGC 2026 Reg M-A\n|rated|\n|rule|Species Clause: Limit one of each Pok\u00e9mon\n|rule|Item Clause: Limit 1 of each item\n|clearpoke\n|poke|p1|Serperior, L50, F|\n|poke|p1|Mimikyu, L50, F, shiny|\n|poke|p1|Gallade, L50, M, shiny|\n|poke|p1|Palafin, L50, F, shiny|\n|poke|p1|Infernape, L50, F, shiny|\n|poke|p1|Garchomp, L50, M|\n|poke|p2|Scovillain, L50, M|\n|poke|p2|Sneasler, L50, M, shiny|\n|poke|p2|Primarina, L50, M|\n|poke|p2|Kingambit, L50, M|\n|poke|p2|Aerodactyl, L50, M|\n|poke|p2|Garchomp, L50, M|\n|teampreview|4\n|inactive|Battle timer is ON: inactive players will automatically lose when time's up. (requested by Azreal29)\n|inactive|HBowser has 60 seconds left.\n|inactive|Azreal29 has 60 seconds left.\n|\n|t:|1776509155\n|teamsize|p1|4\n|teamsize|p2|4\n|start\n|switch|p1a: Serperior|Serperior, L50, F|100/100\n|switch|p1b: Garchomp|Garchomp, L50, M|100/100\n|switch|p2a: Scovillain|Scovillain, L50, M|100/100\n|switch|p2b: Primarina|Primarina, L50, M|100/100\n|turn|1\n|\n|t:|1776509169\n|move|p1a: Serperior|Protect|p1a: Serperior\n|-singleturn|p1a: Serperior|Protect\n|move|p2a: Scovillain|Protect|p2a: Scovillain\n|-singleturn|p2a: Scovillain|Protect\n|move|p1b: Garchomp|Earthquake|p2a: Scovillain|[spread] p2b\n|-activate|p1a: Serperior|move: Protect\n|-activate|p2a: Scovillain|move: Protect\n|-damage|p2b: Primarina|60/100\n|move|p2b: Primarina|Calm Mind|p2b: Primarina\n|-boost|p2b: Primarina|spa|1\n|-boost|p2b: Primarina|spd|1\n|\n|-heal|p2b: Primarina|66/100|[from] item: Leftovers\n|-ability|p2a: Scovillain|Moody|boost\n|-boost|p2a: Scovillain|def|2\n|-unboost|p2a: Scovillain|spe|1\n|upkeep\n|turn|2\n|inactive|Azreal29 has 30 seconds left.\n|inactive|Azreal29 has 20 seconds left.\n|\n|t:|1776509206\n|detailschange|p2a: Scovillain|Scovillain-Mega, L50, M\n|-mega|p2a: Scovillain|Scovillain|Scovillainite\n|move|p2b: Primarina|Protect|p2b: Primarina\n|-singleturn|p2b: Primarina|Protect\n|move|p1b: Garchomp|Earthquake|p2a: Scovillain|[spread] p1a,p2a\n|-activate|p2b: Primarina|move: Protect\n|-resisted|p1a: Serperior|1\n|-damage|p1a: Serperior|77/100\n|-damage|p2a: Scovillain|81/100\n|-status|p1b: Garchomp|brn|[from] ability: Spicy Spray|[of] p2a: Scovillain\n|move|p1a: Serperior|Leaf Storm|p2b: Primarina\n|-activate|p2b: Primarina|move: Protect\n|move|p2a: Scovillain|Leech Seed|p1b: Garchomp\n|-start|p1b: Garchomp|move: Leech Seed\n|\n|-heal|p2b: Primarina|72/100|[from] item: Leftovers\n|-damage|p1b: Garchomp|88/100 brn|[from] Leech Seed|[of] p2a: Scovillain\n|-heal|p2a: Scovillain|94/100|[silent]\n|-damage|p1b: Garchomp|82/100 brn|[from] brn\n|upkeep\n|turn|3\n|inactive|HBowser has 30 seconds left.\n|inactive|Azreal29 has 30 seconds left.\n|\n|t:|1776509238\n|switch|p1b: Mimikyu|Mimikyu, L50, F, shiny|100/100\n|move|p2a: Scovillain|Rage Powder|p2a: Scovillain\n|-singleturn|p2a: Scovillain|move: Rage Powder\n|move|p1a: Serperior|Leaf Storm|p2b: Primarina\n|-supereffective|p2b: Primarina|1\n|-damage|p2b: Primarina|3/100\n|-boost|p1a: Serperior|spa|2\n|move|p2b: Primarina|Moonblast|p1a: Serperior\n|-damage|p1a: Serperior|0 fnt\n|faint|p1a: Serperior\n|\n|-heal|p2b: Primarina|9/100|[from] item: Leftovers\n|upkeep\n|\n|t:|1776509260\n|switch|p1a: Garchomp|Garchomp, L50, M|82/100 brn\n|turn|4\n|\n|t:|1776509280\n|move|p2b: Primarina|Protect|p2b: Primarina\n|-singleturn|p2b: Primarina|Protect\n|move|p1a: Garchomp|Poison Jab|p2a: Scovillain\n|-supereffective|p2a: Scovillain|1\n|-crit|p2a: Scovillain\n|-damage|p2a: Scovillain|52/100\n|move|p1b: Mimikyu|Shadow Claw|p2b: Primarina\n|-activate|p2b: Primarina|move: Protect\n|move|p2a: Scovillain|Leech Seed|p1a: Garchomp\n|-start|p1a: Garchomp|move: Leech Seed\n|\n|-heal|p2b: Primarina|15/100|[from] item: Leftovers\n|-damage|p1a: Garchomp|70/100 brn|[from] Leech Seed|[of] p2a: Scovillain\n|-heal|p2a: Scovillain|66/100|[silent]\n|-damage|p1a: Garchomp|64/100 brn|[from] brn\n|upkeep\n|turn|5\n|inactive|Azreal29 has 30 seconds left.\n|inactive|Azreal29 has 20 seconds left.\n|\n|t:|1776509317\n|move|p2a: Scovillain|Protect|p2a: Scovillain\n|-singleturn|p2a: Scovillain|Protect\n|move|p1a: Garchomp|Poison Jab|p2a: Scovillain\n|-activate|p2a: Scovillain|move: Protect\n|move|p1b: Mimikyu|Shadow Claw|p2b: Primarina\n|-damage|p2b: Primarina|0 fnt\n|faint|p2b: Primarina\n|\n|-damage|p1a: Garchomp|51/100 brn|[from] Leech Seed|[of] p2a: Scovillain\n|-heal|p2a: Scovillain|79/100|[silent]\n|-damage|p1a: Garchomp|45/100 brn|[from] brn\n|upkeep\n|\n|t:|1776509328\n|switch|p2b: Aerodactyl|Aerodactyl, L50, M|100/100\n|-ability|p2b: Aerodactyl|Unnerve\n|turn|6\n|\n|t:|1776509351\n|move|p1a: Garchomp|Poison Jab|p2a: Scovillain\n|-supereffective|p2a: Scovillain|1\n|-damage|p2a: Scovillain|66/100\n|move|p2b: Aerodactyl|Rock Slide|p1a: Garchomp|[spread] p1a,p1b\n|-resisted|p1a: Garchomp|1\n|-damage|p1a: Garchomp|32/100 brn\n|-activate|p1b: Mimikyu|ability: Disguise\n|-damage|p1b: Mimikyu|100/100\n|detailschange|p1b: Mimikyu|Mimikyu-Busted, L50, F, shiny\n|-damage|p1b: Mimikyu|88/100|[from] pokemon: Mimikyu-Busted\n|cant|p1b: Mimikyu|flinch\n|move|p2a: Scovillain|Leech Seed|p1b: Mimikyu\n|-start|p1b: Mimikyu|move: Leech Seed\n|\n|-damage|p1a: Garchomp|20/100 brn|[from] Leech Seed|[of] p2a: Scovillain\n|-heal|p2a: Scovillain|80/100|[silent]\n|-damage|p1b: Mimikyu|76/100|[from] Leech Seed|[of] p2a: Scovillain\n|-heal|p2a: Scovillain|89/100|[silent]\n|-damage|p1a: Garchomp|14/100 brn|[from] brn\n|upkeep\n|turn|7\n|inactive|HBowser has 30 seconds left.\n|inactive|Azreal29 has 30 seconds left.\n|inactive|Azreal29 has 20 seconds left.\n|inactive|Azreal29 has 15 seconds left.\n|\n|t:|1776509398\n|move|p2a: Scovillain|Rage Powder|p2a: Scovillain\n|-singleturn|p2a: Scovillain|move: Rage Powder\n|move|p1a: Garchomp|Poison Jab|p2a: Scovillain\n|-supereffective|p2a: Scovillain|1\n|-damage|p2a: Scovillain|76/100\n|move|p2b: Aerodactyl|Tailwind|p2b: Aerodactyl\n|-sidestart|p2: Azreal29|move: Tailwind\n|move|p1b: Mimikyu|Shadow Claw|p2a: Scovillain\n|-damage|p2a: Scovillain|60/100\n|-status|p1b: Mimikyu|brn|[from] ability: Spicy Spray|[of] p2a: Scovillain\n|\n|-damage|p1a: Garchomp|2/100 brn|[from] Leech Seed|[of] p2a: Scovillain\n|-heal|p2a: Scovillain|73/100|[silent]\n|-damage|p1b: Mimikyu|64/100 brn|[from] Leech Seed|[of] p2a: Scovillain\n|-heal|p2a: Scovillain|82/100|[silent]\n|-damage|p1a: Garchomp|0 fnt|[from] brn\n|faint|p1a: Garchomp\n|-damage|p1b: Mimikyu|58/100 brn|[from] brn\n|upkeep\n|\n|t:|1776509415\n|switch|p1a: Gallade|Gallade, L50, M, shiny|100/100\n|turn|8\n|inactive|HBowser has 30 seconds left.\n|\n|t:|1776509442\n|detailschange|p1a: Gallade|Gallade-Mega, L50, M, shiny\n|-mega|p1a: Gallade|Gallade|Galladite\n|move|p2b: Aerodactyl|Rock Slide|p1a: Gallade|[spread] p1a,p1b\n|-resisted|p1a: Gallade|1\n|-damage|p1a: Gallade|84/100\n|-damage|p1b: Mimikyu|19/100 brn\n|move|p1a: Gallade|Sacred Sword|p2b: Aerodactyl\n|-damage|p2b: Aerodactyl|19/100\n|cant|p1b: Mimikyu|flinch\n|move|p2a: Scovillain|Leech Seed|p1a: Gallade\n|-start|p1a: Gallade|move: Leech Seed\n|\n|-damage|p1a: Gallade|72/100|[from] Leech Seed|[of] p2a: Scovillain\n|-heal|p2a: Scovillain|93/100|[silent]\n|-damage|p1b: Mimikyu|7/100 brn|[from] Leech Seed|[of] p2a: Scovillain\n|-heal|p2a: Scovillain|100/100|[silent]\n|-damage|p1b: Mimikyu|1/100 brn|[from] brn\n|upkeep\n|turn|9\n|\n|t:|1776509464\n|move|p2b: Aerodactyl|Protect|p2b: Aerodactyl\n|-singleturn|p2b: Aerodactyl|Protect\n|move|p2a: Scovillain|Rage Powder|p2a: Scovillain\n|-singleturn|p2a: Scovillain|move: Rage Powder\n|move|p1a: Gallade|Psycho Cut|p2a: Scovillain\n|-damage|p2a: Scovillain|80/100\n|-status|p1a: Gallade|brn|[from] ability: Spicy Spray|[of] p2a: Scovillain\n|move|p1b: Mimikyu|Curse|p2a: Scovillain\n|-start|p2a: Scovillain|Curse|[of] p1b: Mimikyu\n|-damage|p1b: Mimikyu|0 fnt\n|faint|p1b: Mimikyu\n|\n|-damage|p1a: Gallade|59/100 brn|[from] Leech Seed|[of] p2a: Scovillain\n|-heal|p2a: Scovillain|90/100|[silent]\n|-damage|p1a: Gallade|53/100 brn|[from] brn\n|-damage|p2a: Scovillain|65/100|[from] Curse\n|upkeep\n|turn|10\n|\n|t:|1776509489\n|move|p2b: Aerodactyl|Rock Slide|p1a: Gallade|[miss]\n|-miss|p2b: Aerodactyl|p1a: Gallade\n|move|p1a: Gallade|Sacred Sword|p2b: Aerodactyl\n|-damage|p2b: Aerodactyl|0 fnt\n|faint|p2b: Aerodactyl\n|move|p2a: Scovillain|Flamethrower|p1a: Gallade\n|-damage|p1a: Gallade|11/100 brn\n|\n|-damage|p1a: Gallade|0 fnt|[from] Leech Seed|[of] p2a: Scovillain\n|-heal|p2a: Scovillain|74/100|[silent]\n|faint|p1a: Gallade\n|\n|win|Azreal29\n|raw|HBowser's rating: 1103 &rarr; <strong>1084</strong><br />(-19 for losing)\n|raw|Azreal29's rating: 1185 &rarr; <strong>1204</strong><br />(+19 for winning)\n|l|\u2606HBowser\n|player|p1|\n",
  "uploadtime": 1776509510,
  "views": 19,
  "formatid": "gen9championsvgc2026regma",
  "rating": 1084,
  "private": 0,
  "password": null
}