{
  "id": "gen9championsvgc2026regma-2581404938",
  "format": "[Gen 9 Champions] VGC 2026 Reg M-A",
  "players": [
    "spamequake",
    "Ceriii"
  ],
  "log": "|j|\u2606spamequake\n|j|\u2606Ceriii\n|t:|1775996969\n|gametype|doubles\n|player|p1|spamequake|roughneck|1060\n|player|p2|Ceriii|miku-flying|1097\n|gen|9\n|tier|[Gen 9 Champions] VGC 2026 Reg M-A\n|rated|\n|rule|Species Clause: Limit one of each Pok\u00e9mon\n|rule|Item Clause: Limit 1 of each item\n|clearpoke\n|poke|p1|Froslass, L50, F|\n|poke|p1|Kingambit, L50, M|\n|poke|p1|Sneasler, L50, F|\n|poke|p1|Whimsicott, L50, F|\n|poke|p1|Rotom-Frost, L50|\n|poke|p1|Garchomp, L50, F|\n|poke|p2|Vanilluxe, L50, M|\n|poke|p2|Whimsicott, L50, M|\n|poke|p2|Glimmora, L50, M|\n|poke|p2|Kingambit, L50, F|\n|poke|p2|Sneasler, L50, M|\n|poke|p2|Chimecho, L50, M|\n|teampreview|4\n|inactive|Battle timer is ON: inactive players will automatically lose when time's up. (requested by spamequake)\n|inactive|spamequake has 60 seconds left.\n|inactive|Ceriii has 60 seconds left.\n|inactive|Ceriii has 30 seconds left.\nspamequake has agreed to open team sheets.\nCeriii rejected open team sheets.\n|inactive|Ceriii has 20 seconds left.\n|inactive|Ceriii has 15 seconds left.\n|\n|t:|1775997045\n|teamsize|p1|4\n|teamsize|p2|4\n|start\n|switch|p1a: Sneasler|Sneasler, L50, F|100/100\n|switch|p1b: Garchomp|Garchomp, L50, F|100/100\n|switch|p2a: Chimecho|Chimecho, L50, M|100/100\n|switch|p2b: Sneasler|Sneasler, L50, M|100/100\n|turn|1\n|inactive|spamequake has 30 seconds left.\n|inactive|Ceriii has 30 seconds left.\n|\n|t:|1775997072\n|detailschange|p2a: Chimecho|Chimecho-Mega, L50, M\n|-mega|p2a: Chimecho|Chimecho|Chimechite\n|move|p1a: Sneasler|Fake Out|p2b: Sneasler\n|-damage|p2b: Sneasler|75/100\n|cant|p2b: Sneasler|flinch\n|move|p1b: Garchomp|Swords Dance|p1b: Garchomp\n|-boost|p1b: Garchomp|atk|2\n|move|p2a: Chimecho|Psychic|p1a: Sneasler\n|-supereffective|p1a: Sneasler|2\n|-damage|p1a: Sneasler|0 fnt\n|faint|p1a: Sneasler\n|\n|upkeep\n|\n|t:|1775997080\n|switch|p1a: Rotom|Rotom-Frost, L50|100/100\n|turn|2\n|\n|t:|1775997092\n|move|p2b: Sneasler|Dire Claw|p1b: Garchomp\n|-resisted|p1b: Garchomp|1\n|-damage|p1b: Garchomp|79/100\n|-damage|p2b: Sneasler|62/100|[from] ability: Rough Skin|[of] p1b: Garchomp\n|move|p1b: Garchomp|Earthquake|p2a: Chimecho|[spread] p2b\n|-immune|p1a: Rotom|[from] ability: Levitate\n|-immune|p2a: Chimecho|[from] ability: Levitate\n|-supereffective|p2b: Sneasler|1\n|-damage|p2b: Sneasler|0 fnt\n|faint|p2b: Sneasler\n|move|p1a: Rotom|Thunder|p2a: Chimecho\n|-damage|p2a: Chimecho|54/100\n|-status|p2a: Chimecho|par\n|cant|p2a: Chimecho|par\n|\n|upkeep\n|\n|t:|1775997111\n|switch|p2b: Vanilluxe|Vanilluxe, L50, M, shiny|100/100\n|-weather|Snowscape|[from] ability: Snow Warning|[of] p2b: Vanilluxe\n|turn|3\n|inactive|spamequake has 30 seconds left.\n|\n|t:|1775997140\n|move|p2b: Vanilluxe|Protect|p2b: Vanilluxe\n|-singleturn|p2b: Vanilluxe|Protect\n|move|p1b: Garchomp|Dragon Claw|p2b: Vanilluxe\n|-activate|p2b: Vanilluxe|move: Protect\n|move|p1a: Rotom|Blizzard|p2a: Chimecho|[spread] p2a\n|-activate|p2b: Vanilluxe|move: Protect\n|-resisted|p2a: Chimecho|1\n|-damage|p2a: Chimecho|37/100 par\n|move|p2a: Chimecho|Trick Room|p2a: Chimecho\n|-fieldstart|move: Trick Room|[of] p2a: Chimecho\n|\n|-weather|Snowscape|[upkeep]\n|upkeep\n|turn|4\n|inactive|spamequake has 30 seconds left.\n|inactive|Ceriii has 30 seconds left.\n|inactive|spamequake has 20 seconds left.\n|\n|t:|1775997181\n|move|p2a: Chimecho|Recover|p2a: Chimecho\n|-heal|p2a: Chimecho|87/100 par\n|move|p1a: Rotom|Thunder|p2a: Chimecho|[miss]\n|-miss|p1a: Rotom|p2a: Chimecho\n|move|p2b: Vanilluxe|Blizzard|p1a: Rotom|[spread] p1a,p1b\n|-resisted|p1a: Rotom|1\n|-supereffective|p1b: Garchomp|2\n|-damage|p1a: Rotom|74/100\n|-damage|p1b: Garchomp|0 fnt\n|faint|p1b: Garchomp\n|\n|-weather|Snowscape|[upkeep]\n|-heal|p1a: Rotom|80/100|[from] item: Leftovers\n|upkeep\n|\n|t:|1775997186\n|switch|p1b: Froslass|Froslass, L50, F|100/100\n|turn|5\n|\n|t:|1775997207\n|detailschange|p1b: Froslass|Froslass-Mega, L50, F\n|-mega|p1b: Froslass|Froslass|Froslassite\n|move|p2a: Chimecho|Flash Cannon|p1a: Rotom\n|-damage|p1a: Rotom|32/100\n|move|p1a: Rotom|Thunder|p2b: Vanilluxe\n|-damage|p2b: Vanilluxe|29/100\n|move|p2b: Vanilluxe|Aurora Veil|p2b: Vanilluxe\n|-sidestart|p2: Ceriii|move: Aurora Veil\n|move|p1b: Froslass|Shadow Ball|p2a: Chimecho\n|-supereffective|p2a: Chimecho|1\n|-damage|p2a: Chimecho|41/100 par\n|\n|-weather|Snowscape|[upkeep]\n|-heal|p1a: Rotom|37/100|[from] item: Leftovers\n|upkeep\n|turn|6\n|\n|t:|1775997226\n|move|p2a: Chimecho|Flash Cannon|p1a: Rotom\n|-damage|p1a: Rotom|0 fnt\n|faint|p1a: Rotom\n|move|p2b: Vanilluxe|Blizzard|p1b: Froslass\n|-resisted|p1b: Froslass|1\n|-damage|p1b: Froslass|60/100\n|move|p1b: Froslass|Shadow Ball|p2a: Chimecho\n|-supereffective|p2a: Chimecho|1\n|-damage|p2a: Chimecho|0 fnt\n|faint|p2a: Chimecho\n|\n|-weather|Snowscape|[upkeep]\n|upkeep\n|\n|t:|1775997235\n|switch|p2a: Kingambit|Kingambit, L50, F|100/100\n|turn|7\n|-message|spamequake forfeited.\n|\n|win|Ceriii\n|raw|spamequake's rating: 1060 &rarr; <strong>1043</strong><br />(-17 for losing)\n|raw|Ceriii's rating: 1097 &rarr; <strong>1120</strong><br />(+23 for winning)\n|l|\u2606spamequake\n|player|p1|\n",
  "uploadtime": 1775997247,
  "views": 22,
  "formatid": "gen9championsvgc2026regma",
  "rating": 1043,
  "private": 0,
  "password": null
}