{
  "id": "gen9championsvgc2026regma-2581184647",
  "format": "[Gen 9 Champions] VGC 2026 Reg M-A",
  "players": [
    "the reg m-aster",
    "I0000000000000"
  ],
  "log": "|j|\u2606the reg m-aster\n|j|\u2606I0000000000000\n|t:|1775968291\n|gametype|doubles\n|player|p1|the reg m-aster|scientist-gen4dp|1082\n|player|p2|I0000000000000|102|1148\n|gen|9\n|tier|[Gen 9 Champions] VGC 2026 Reg M-A\n|rated|\n|rule|Species Clause: Limit one of each Pok\u00e9mon\n|rule|Item Clause: Limit 1 of each item\n|clearpoke\n|poke|p1|Froslass, L50, F|\n|poke|p1|Kingambit, L50, F|\n|poke|p1|Sneasler, L50, F|\n|poke|p1|Clefable, L50, F|\n|poke|p1|Arcanine-Hisui, L50, F|\n|poke|p1|Mamoswine, L50, F|\n|poke|p2|Aerodactyl, L50, M|\n|poke|p2|Heliolisk, L50, F|\n|poke|p2|Charizard, L50, F|\n|poke|p2|Venusaur, L50, M|\n|poke|p2|Tyranitar, L50, F|\n|poke|p2|Milotic, L50, M|\n|teampreview|4\nI0000000000000 rejected open team sheets.\n|\n|t:|1775968333\n|teamsize|p1|4\n|teamsize|p2|4\n|start\n|switch|p1a: Froslass|Froslass, L50, F|100/100\n|switch|p1b: Sneasler|Sneasler, L50, F|100/100\n|switch|p2a: Milotic|Milotic, L50, M|100/100\n|switch|p2b: Aerodactyl|Aerodactyl, L50, M|100/100\n|turn|1\n|\n|t:|1775968354\n|detailschange|p1a: Froslass|Froslass-Mega, L50, F\n|-mega|p1a: Froslass|Froslass|Froslassite\n|-weather|Snowscape|[from] ability: Snow Warning|[of] p1a: Froslass\n|move|p2b: Aerodactyl|Protect|p2b: Aerodactyl\n|-singleturn|p2b: Aerodactyl|Protect\n|move|p1b: Sneasler|Fake Out|p2b: Aerodactyl\n|-activate|p2b: Aerodactyl|move: Protect\n|move|p1a: Froslass|Aurora Veil|p1a: Froslass\n|-sidestart|p1: the reg m-aster|move: Aurora Veil\n|move|p2a: Milotic|Coil|p2a: Milotic\n|-boost|p2a: Milotic|atk|1\n|-boost|p2a: Milotic|def|1\n|-boost|p2a: Milotic|accuracy|1\n|\n|-weather|Snowscape|[upkeep]\n|upkeep\n|turn|2\n|\n|t:|1775968373\n|switch|p1b: Clefable|Clefable, L50, F|100/100\n|move|p2b: Aerodactyl|Rock Slide|p1a: Froslass|[spread] p1a,p1b\n|-supereffective|p1a: Froslass|1\n|-damage|p1a: Froslass|58/100\n|-damage|p1b: Clefable|80/100\n|move|p1a: Froslass|Blizzard|p2a: Milotic|[spread] p2a,p2b\n|-resisted|p2a: Milotic|1\n|-supereffective|p2b: Aerodactyl|1\n|-damage|p2a: Milotic|86/100\n|-damage|p2b: Aerodactyl|0 fnt\n|faint|p2b: Aerodactyl\n|move|p2a: Milotic|Coil|p2a: Milotic\n|-boost|p2a: Milotic|atk|1\n|-boost|p2a: Milotic|def|1\n|-boost|p2a: Milotic|accuracy|1\n|\n|-weather|Snowscape|[upkeep]\n|-heal|p2a: Milotic|92/100|[from] item: Leftovers\n|upkeep\n|\n|t:|1775968383\n|switch|p2b: Charizard|Charizard, L50, F|100/100\n|turn|3\n|\n|t:|1775968406\n|detailschange|p2b: Charizard|Charizard-Mega-Y, L50, F\n|-mega|p2b: Charizard|Charizard|Charizardite Y\n|-weather|SunnyDay|[from] ability: Drought|[of] p2b: Charizard\n|move|p1b: Clefable|Protect|p1b: Clefable\n|-singleturn|p1b: Clefable|Protect\n|move|p1a: Froslass|Shadow Ball|p2a: Milotic\n|-damage|p2a: Milotic|65/100\n|-unboost|p2a: Milotic|spd|1\n|-ability|p2a: Milotic|Competitive|boost\n|-boost|p2a: Milotic|spa|2\n|move|p2b: Charizard|Heat Wave|p1a: Froslass|[spread] p1a\n|-activate|p1b: Clefable|move: Protect\n|-supereffective|p1a: Froslass|1\n|-damage|p1a: Froslass|0 fnt\n|faint|p1a: Froslass\n|move|p2a: Milotic|Muddy Water|p1b: Clefable\n|-activate|p1b: Clefable|move: Protect\n|\n|-weather|SunnyDay|[upkeep]\n|-heal|p2a: Milotic|71/100|[from] item: Leftovers\n|upkeep\n|\n|t:|1775968427\n|switch|p1a: Sneasler|Sneasler, L50, F|100/100\n|turn|4\n|\n|t:|1775968459\n|move|p2b: Charizard|Protect|p2b: Charizard\n|-singleturn|p2b: Charizard|Protect\n|move|p1a: Sneasler|Fake Out|p2a: Milotic\n|-damage|p2a: Milotic|62/100\n|cant|p2a: Milotic|flinch\n|move|p1b: Clefable|Moonblast|p2a: Milotic\n|-damage|p2a: Milotic|42/100\n|\n|-weather|SunnyDay|[upkeep]\n|-heal|p2a: Milotic|48/100|[from] item: Leftovers\n|upkeep\n|turn|5\n|\n|t:|1775968491\n|move|p2a: Milotic|Protect|p2a: Milotic\n|-singleturn|p2a: Milotic|Protect\n|move|p1a: Sneasler|Dire Claw|p2b: Charizard\n|-damage|p2b: Charizard|29/100\n|move|p2b: Charizard|Hurricane|p1a: Sneasler|[miss]\n|-miss|p2b: Charizard|p1a: Sneasler\n|move|p1b: Clefable|Life Dew||[still]|[spread] p1a,p1b\n|-fail|p1a: Sneasler|heal\n|-heal|p1b: Clefable|100/100\n|\n|-weather|SunnyDay|[upkeep]\n|-heal|p2a: Milotic|53/100|[from] item: Leftovers\n|-sideend|p1: the reg m-aster|move: Aurora Veil\n|upkeep\n|turn|6\n|\n|t:|1775968525\n|switch|p1b: Mamoswine|Mamoswine, L50, F|100/100\n|move|p2b: Charizard|Protect|p2b: Charizard\n|-singleturn|p2b: Charizard|Protect\n|move|p1a: Sneasler|Dire Claw|p2b: Charizard\n|-activate|p2b: Charizard|move: Protect\n|move|p2a: Milotic|Recover|p2a: Milotic\n|-heal|p2a: Milotic|100/100\n|\n|-weather|SunnyDay|[upkeep]\n|upkeep\n|turn|7\n|\n|t:|1775968539\n|switch|p2b: Venusaur|Venusaur, L50, M|100/100\n|move|p1b: Mamoswine|Rock Slide|p2a: Milotic|[spread] p2a,p2b\n|-damage|p2a: Milotic|90/100\n|-damage|p2b: Venusaur|75/100\n|move|p1a: Sneasler|Dire Claw|p2a: Milotic\n|-damage|p2a: Milotic|65/100\n|-status|p2a: Milotic|psn\n|cant|p2a: Milotic|flinch\n|\n|-weather|none\n|-heal|p2a: Milotic|71/100 psn|[from] item: Leftovers\n|-damage|p2a: Milotic|58/100 psn|[from] psn\n|upkeep\n|turn|8\n|\n|t:|1775968562\n|switch|p1b: Clefable|Clefable, L50, F|100/100\n|move|p1a: Sneasler|Protect|p1a: Sneasler\n|-singleturn|p1a: Sneasler|Protect\n|move|p2b: Venusaur|Weather Ball|p1a: Sneasler\n|-activate|p1a: Sneasler|move: Protect\n|move|p2a: Milotic|Recover|p2a: Milotic\n|-heal|p2a: Milotic|100/100 psn\n|\n|-damage|p2a: Milotic|88/100 psn|[from] psn\n|upkeep\n|turn|9\n|\n|t:|1775968599\n|move|p1b: Clefable|Follow Me|p1b: Clefable\n|-singleturn|p1b: Clefable|move: Follow Me\n|move|p1a: Sneasler|Dire Claw|p2b: Venusaur\n|-damage|p2b: Venusaur|7/100\n|-status|p2b: Venusaur|par\n|move|p2a: Milotic|Muddy Water|p1a: Sneasler|[spread] p1a,p1b\n|-damage|p1a: Sneasler|27/100\n|-damage|p1b: Clefable|82/100\n|-unboost|p1b: Clefable|accuracy|1\n|move|p2b: Venusaur|Weather Ball|p1b: Clefable\n|-damage|p1b: Clefable|70/100\n|\n|-heal|p2a: Milotic|94/100 psn|[from] item: Leftovers\n|-damage|p2a: Milotic|82/100 psn|[from] psn\n|upkeep\n|turn|10\n|\n|t:|1775968643\n|move|p1a: Sneasler|Close Combat|p2a: Milotic\n|-damage|p2a: Milotic|47/100 psn\n|-unboost|p1a: Sneasler|def|1\n|-unboost|p1a: Sneasler|spd|1\n|-enditem|p1a: Sneasler|White Herb\n|-clearnegativeboost|p1a: Sneasler|[silent]\n|move|p2a: Milotic|Muddy Water|p1a: Sneasler|[spread] p1a,p1b\n|-damage|p1a: Sneasler|0 fnt\n|-damage|p1b: Clefable|52/100\n|faint|p1a: Sneasler\n|move|p1b: Clefable|Life Dew|p1b: Clefable\n|-heal|p1b: Clefable|78/100\n|cant|p2b: Venusaur|par\n|\n|-heal|p2a: Milotic|53/100 psn|[from] item: Leftovers\n|-damage|p2a: Milotic|41/100 psn|[from] psn\n|upkeep\n|\n|t:|1775968651\n|switch|p1a: Mamoswine|Mamoswine, L50, F|100/100\n|turn|11\n|\n|t:|1775968661\n|move|p1a: Mamoswine|Rock Slide|p2a: Milotic|[spread] p2a,p2b\n|-damage|p2a: Milotic|31/100 psn\n|-damage|p2b: Venusaur|0 fnt\n|faint|p2b: Venusaur\n|move|p2a: Milotic|Recover|p2a: Milotic\n|-heal|p2a: Milotic|81/100 psn\n|move|p1b: Clefable|Moonblast|p2a: Milotic\n|-damage|p2a: Milotic|61/100 psn\n|\n|-heal|p2a: Milotic|67/100 psn|[from] item: Leftovers\n|-damage|p2a: Milotic|54/100 psn|[from] psn\n|upkeep\n|\n|t:|1775968665\n|switch|p2b: Charizard|Charizard-Mega-Y, L50, F|29/100\n|-weather|SunnyDay|[from] ability: Drought|[of] p2b: Charizard\n|turn|12\n|\n|t:|1775968670\n|move|p1a: Mamoswine|Rock Slide|p2a: Milotic|[spread] p2a,p2b\n|-supereffective|p2b: Charizard|2\n|-damage|p2a: Milotic|44/100 psn\n|-damage|p2b: Charizard|0 fnt\n|faint|p2b: Charizard\n|move|p2a: Milotic|Muddy Water|p1a: Mamoswine|[spread] p1a,p1b\n|-supereffective|p1a: Mamoswine|1\n|-damage|p1a: Mamoswine|31/100\n|-damage|p1b: Clefable|68/100\n|move|p1b: Clefable|Moonblast|p2a: Milotic\n|-damage|p2a: Milotic|24/100 psn\n|-unboost|p2a: Milotic|spa|1\n|-ability|p2a: Milotic|Competitive|boost\n|-boost|p2a: Milotic|spa|2\n|\n|-weather|SunnyDay|[upkeep]\n|-heal|p2a: Milotic|30/100 psn|[from] item: Leftovers\n|-damage|p2a: Milotic|18/100 psn|[from] psn\n|upkeep\n|turn|13\n|\n|t:|1775968681\n|move|p1a: Mamoswine|Rock Slide|p2a: Milotic|[miss]\n|-miss|p1a: Mamoswine|p2a: Milotic\n|move|p2a: Milotic|Recover|p2a: Milotic\n|-heal|p2a: Milotic|68/100 psn\n|move|p1b: Clefable|Moonblast|p2a: Milotic|[miss]\n|-miss|p1b: Clefable|p2a: Milotic\n|\n|-weather|SunnyDay|[upkeep]\n|-heal|p2a: Milotic|74/100 psn|[from] item: Leftovers\n|-damage|p2a: Milotic|61/100 psn|[from] psn\n|upkeep\n|turn|14\n|\n|t:|1775968695\n|move|p1a: Mamoswine|Rock Slide|p2a: Milotic\n|-damage|p2a: Milotic|47/100 psn\n|move|p2a: Milotic|Recover|p2a: Milotic\n|-heal|p2a: Milotic|97/100 psn\n|move|p1b: Clefable|Moonblast|p2a: Milotic|[miss]\n|-miss|p1b: Clefable|p2a: Milotic\n|\n|-weather|SunnyDay|[upkeep]\n|-heal|p2a: Milotic|100/100 psn|[from] item: Leftovers\n|-damage|p2a: Milotic|88/100 psn|[from] psn\n|upkeep\n|turn|15\n|\n|t:|1775968706\n|move|p2a: Milotic|Protect|p2a: Milotic\n|-singleturn|p2a: Milotic|Protect\n|move|p1a: Mamoswine|Rock Slide|p2a: Milotic\n|-activate|p2a: Milotic|move: Protect\n|move|p1b: Clefable|Life Dew|p1b: Clefable|[spread] p1a,p1b\n|-heal|p1a: Mamoswine|56/100\n|-heal|p1b: Clefable|94/100\n|\n|-weather|SunnyDay|[upkeep]\n|-heal|p2a: Milotic|94/100 psn|[from] item: Leftovers\n|-damage|p2a: Milotic|82/100 psn|[from] psn\n|upkeep\n|turn|16\n|\n|t:|1775968712\n|move|p1a: Mamoswine|Rock Slide|p2a: Milotic\n|-damage|p2a: Milotic|68/100 psn\n|move|p2a: Milotic|Recover|p2a: Milotic\n|-heal|p2a: Milotic|100/100 psn\n|move|p1b: Clefable|Life Dew|p1b: Clefable|[spread] p1a,p1b\n|-heal|p1a: Mamoswine|80/100\n|-heal|p1b: Clefable|100/100\n|\n|-weather|none\n|-damage|p2a: Milotic|88/100 psn|[from] psn\n|upkeep\n|turn|17\n|\n|t:|1775968719\n|move|p1a: Mamoswine|Rock Slide|p2a: Milotic\n|-damage|p2a: Milotic|74/100 psn\n|move|p2a: Milotic|Muddy Water|p1a: Mamoswine|[spread] p1a,p1b\n|-supereffective|p1a: Mamoswine|1\n|-damage|p1a: Mamoswine|0 fnt\n|-damage|p1b: Clefable|83/100\n|faint|p1a: Mamoswine\n|move|p1b: Clefable|Moonblast|p2a: Milotic|[miss]\n|-miss|p1b: Clefable|p2a: Milotic\n|\n|-heal|p2a: Milotic|80/100 psn|[from] item: Leftovers\n|-damage|p2a: Milotic|67/100 psn|[from] psn\n|upkeep\n|turn|18\n|\n|t:|1775968724\n|move|p2a: Milotic|Muddy Water|p1b: Clefable\n|-damage|p1b: Clefable|56/100\n|move|p1b: Clefable|Moonblast|p2a: Milotic\n|-damage|p2a: Milotic|48/100 psn\n|\n|-heal|p2a: Milotic|54/100 psn|[from] item: Leftovers\n|-damage|p2a: Milotic|42/100 psn|[from] psn\n|upkeep\n|turn|19\n|\n|t:|1775968729\n|move|p2a: Milotic|Recover|p2a: Milotic\n|-heal|p2a: Milotic|92/100 psn\n|move|p1b: Clefable|Life Dew|p1b: Clefable\n|-heal|p1b: Clefable|81/100\n|\n|-heal|p2a: Milotic|98/100 psn|[from] item: Leftovers\n|-damage|p2a: Milotic|85/100 psn|[from] psn\n|upkeep\n|turn|20\n|\n|t:|1775968737\n|move|p1b: Clefable|Protect|p1b: Clefable\n|-singleturn|p1b: Clefable|Protect\n|move|p2a: Milotic|Muddy Water|p1b: Clefable\n|-activate|p1b: Clefable|move: Protect\n|\n|-heal|p2a: Milotic|91/100 psn|[from] item: Leftovers\n|-damage|p2a: Milotic|79/100 psn|[from] psn\n|upkeep\n|turn|21\n|\n|t:|1775968743\n|move|p2a: Milotic|Muddy Water|p1b: Clefable\n|-damage|p1b: Clefable|54/100\n|move|p1b: Clefable|Life Dew|p1b: Clefable\n|-heal|p1b: Clefable|80/100\n|\n|-heal|p2a: Milotic|85/100 psn|[from] item: Leftovers\n|-damage|p2a: Milotic|72/100 psn|[from] psn\n|upkeep\n|turn|22\n|\n|t:|1775968753\n|move|p1b: Clefable|Protect|p1b: Clefable\n|-singleturn|p1b: Clefable|Protect\n|move|p2a: Milotic|Recover|p2a: Milotic\n|-heal|p2a: Milotic|100/100 psn\n|\n|-damage|p2a: Milotic|88/100 psn|[from] psn\n|upkeep\n|turn|23\n|\n|t:|1775968762\n|move|p2a: Milotic|Muddy Water|p1b: Clefable\n|-damage|p1b: Clefable|56/100\n|move|p1b: Clefable|Moonblast|p2a: Milotic\n|-damage|p2a: Milotic|69/100 psn\n|\n|-heal|p2a: Milotic|75/100 psn|[from] item: Leftovers\n|-damage|p2a: Milotic|62/100 psn|[from] psn\n|upkeep\n|turn|24\n|c|\u2606I0000000000000|well  this is fun\n|\n|t:|1775968773\n|move|p2a: Milotic|Muddy Water|p1b: Clefable\n|-damage|p1b: Clefable|32/100\n|-enditem|p1b: Clefable|Sitrus Berry|[eat]\n|-heal|p1b: Clefable|57/100|[from] item: Sitrus Berry\n|move|p1b: Clefable|Life Dew|p1b: Clefable\n|-heal|p1b: Clefable|82/100\n|\n|-heal|p2a: Milotic|68/100 psn|[from] item: Leftovers\n|-damage|p2a: Milotic|56/100 psn|[from] psn\n|upkeep\n|turn|25\n|c|\u2606the reg m-aster|lol\n|c|\u2606I0000000000000|gg\n|c|\u2606the reg m-aster|i do win tho\n|c|\u2606the reg m-aster|gg\n|c|\u2606I0000000000000|yes yes\n|c|\u2606the reg m-aster|clefable op\n|\n|t:|1775968798\n|move|p1b: Clefable|Protect|p1b: Clefable\n|-singleturn|p1b: Clefable|Protect\n|move|p2a: Milotic|Muddy Water|p1b: Clefable\n|-activate|p1b: Clefable|move: Protect\n|\n|-heal|p2a: Milotic|62/100 psn|[from] item: Leftovers\n|-damage|p2a: Milotic|50/100 psn|[from] psn\n|upkeep\n|turn|26\n|\n|t:|1775968806\n|move|p2a: Milotic|Coil|p2a: Milotic\n|-boost|p2a: Milotic|atk|1\n|-boost|p2a: Milotic|def|1\n|-boost|p2a: Milotic|accuracy|1\n|move|p1b: Clefable|Life Dew|p1b: Clefable\n|-heal|p1b: Clefable|100/100\n|\n|-heal|p2a: Milotic|55/100 psn|[from] item: Leftovers\n|-damage|p2a: Milotic|43/100 psn|[from] psn\n|upkeep\n|turn|27\n|\n|t:|1775968809\n|move|p2a: Milotic|Coil|p2a: Milotic\n|-boost|p2a: Milotic|atk|1\n|-boost|p2a: Milotic|def|1\n|-boost|p2a: Milotic|accuracy|1\n|move|p1b: Clefable|Moonblast|p2a: Milotic\n|-damage|p2a: Milotic|23/100 psn\n|\n|-heal|p2a: Milotic|29/100 psn|[from] item: Leftovers\n|-damage|p2a: Milotic|17/100 psn|[from] psn\n|upkeep\n|turn|28\n|\n|t:|1775968811\n|move|p2a: Milotic|Muddy Water|p1b: Clefable\n|-damage|p1b: Clefable|73/100\n|move|p1b: Clefable|Moonblast|p2a: Milotic|[miss]\n|-miss|p1b: Clefable|p2a: Milotic\n|\n|-heal|p2a: Milotic|23/100 psn|[from] item: Leftovers\n|-damage|p2a: Milotic|10/100 psn|[from] psn\n|upkeep\n|turn|29\n|\n|t:|1775968814\n|move|p2a: Milotic|Protect|p2a: Milotic\n|-singleturn|p2a: Milotic|Protect\n|move|p1b: Clefable|Life Dew|p1b: Clefable\n|-heal|p1b: Clefable|99/100\n|\n|-heal|p2a: Milotic|16/100 psn|[from] item: Leftovers\n|-damage|p2a: Milotic|4/100 psn|[from] psn\n|upkeep\n|turn|30\n|\n|t:|1775968818\n|move|p1b: Clefable|Protect|p1b: Clefable\n|-singleturn|p1b: Clefable|Protect\n|move|p2a: Milotic|Coil|p2a: Milotic\n|-boost|p2a: Milotic|atk|1\n|-boost|p2a: Milotic|def|1\n|-boost|p2a: Milotic|accuracy|1\n|\n|-heal|p2a: Milotic|10/100 psn|[from] item: Leftovers\n|-damage|p2a: Milotic|0 fnt|[from] psn\n|faint|p2a: Milotic\n|\n|win|the reg m-aster\n|raw|the reg m-aster's rating: 1082 &rarr; <strong>1115</strong><br />(+33 for winning)\n|raw|I0000000000000's rating: 1148 &rarr; <strong>1118</strong><br />(-30 for losing)\n|l|\u2606I0000000000000\n|player|p2|\n",
  "uploadtime": 1775968822,
  "views": 28,
  "formatid": "gen9championsvgc2026regma",
  "rating": 1115,
  "private": 0,
  "password": null
}