{
  "id": "gen9championsvgc2026regma-2582180338",
  "format": "[Gen 9 Champions] VGC 2026 Reg M-A",
  "players": [
    "colfox",
    "simon9"
  ],
  "log": "|j|\u2606colfox\n|j|\u2606simon9\n|t:|1776068144\n|gametype|doubles\n|player|p1|colfox|1|1078\n|player|p2|simon9|265|1053\n|gen|9\n|tier|[Gen 9 Champions] VGC 2026 Reg M-A\n|rated|\n|rule|Species Clause: Limit one of each Pok\u00e9mon\n|rule|Item Clause: Limit 1 of each item\n|clearpoke\n|poke|p1|Ninetales, L50, F|\n|poke|p1|Dragonite, L50, F|\n|poke|p1|Sylveon, L50, F|\n|poke|p1|Whimsicott, L50, F|\n|poke|p1|Delphox, L50, M|\n|poke|p1|Garchomp, L50, M|\n|poke|p2|Gardevoir, L50, F|\n|poke|p2|Incineroar, L50, M|\n|poke|p2|Maushold-Four, L50|\n|poke|p2|Mimikyu, L50, M|\n|poke|p2|Milotic, L50, M|\n|poke|p2|Rampardos, L50, M|\n|teampreview|4\nsimon9 rejected open team sheets.\n|inactive|Battle timer is ON: inactive players will automatically lose when time's up. (requested by simon9)\n|inactive|colfox has 60 seconds left.\n|\n|t:|1776068208\n|teamsize|p1|4\n|teamsize|p2|4\n|start\n|switch|p1a: Delphox|Delphox, L50, M|100/100\n|switch|p1b: Ninetales|Ninetales, L50, F|100/100\n|switch|p2a: Mimikyu|Mimikyu, L50, M, shiny|100/100\n|switch|p2b: Incineroar|Incineroar, L50, M, shiny|100/100\n|-weather|SunnyDay|[from] ability: Drought|[of] p1b: Ninetales\n|-ability|p2b: Incineroar|Intimidate|boost\n|-unboost|p1a: Delphox|atk|1\n|-unboost|p1b: Ninetales|atk|1\n|turn|1\n|\n|t:|1776068226\n|detailschange|p1a: Delphox|Delphox-Mega, L50, M\n|-mega|p1a: Delphox|Delphox|Delphoxite\n|move|p2b: Incineroar|Fake Out|p1a: Delphox\n|-damage|p1a: Delphox|77/100\n|cant|p1a: Delphox|flinch\n|move|p1b: Ninetales|Flamethrower|p2a: Mimikyu\n|-activate|p2a: Mimikyu|ability: Disguise\n|-damage|p2a: Mimikyu|100/100\n|detailschange|p2a: Mimikyu|Mimikyu-Busted, L50, M, shiny\n|-damage|p2a: Mimikyu|88/100|[from] pokemon: Mimikyu-Busted\n|move|p2a: Mimikyu|Trick Room|p2a: Mimikyu\n|-fieldstart|move: Trick Room|[of] p2a: Mimikyu\n|\n|-weather|SunnyDay|[upkeep]\n|upkeep\n|turn|2\n|inactive|colfox has 30 seconds left.\n|\n|t:|1776068256\n|move|p2b: Incineroar|Flare Blitz|p1a: Delphox\n|-resisted|p1a: Delphox|1\n|-damage|p1a: Delphox|9/100\n|-damage|p2b: Incineroar|80/100|[from] Recoil\n|move|p2a: Mimikyu|Shadow Claw|p1a: Delphox\n|-supereffective|p1a: Delphox|1\n|-damage|p1a: Delphox|0 fnt\n|faint|p1a: Delphox\n|move|p1b: Ninetales|Will-O-Wisp|p2a: Mimikyu\n|-status|p2a: Mimikyu|brn\n|\n|-weather|SunnyDay|[upkeep]\n|-damage|p2a: Mimikyu|82/100 brn|[from] brn\n|upkeep\n|\n|t:|1776068271\n|switch|p1a: Sylveon|Sylveon, L50, F|100/100\n|turn|3\n|\n|t:|1776068287\n|move|p2b: Incineroar|Flare Blitz|p1a: Sylveon\n|-damage|p1a: Sylveon|0 fnt\n|faint|p1a: Sylveon\n|-damage|p2b: Incineroar|41/100|[from] Recoil\n|-enditem|p2b: Incineroar|Sitrus Berry|[eat]\n|-heal|p2b: Incineroar|66/100|[from] item: Sitrus Berry\n|move|p2a: Mimikyu|Shadow Claw|p1b: Ninetales\n|-damage|p1b: Ninetales|76/100\n|move|p1b: Ninetales|Flamethrower|p2a: Mimikyu\n|-damage|p2a: Mimikyu|23/100 brn\n|\n|-weather|SunnyDay|[upkeep]\n|-damage|p2a: Mimikyu|17/100 brn|[from] brn\n|upkeep\n|inactive|colfox has 30 seconds left.\n|\n|t:|1776068313\n|switch|p1a: Garchomp|Garchomp, L50, M|100/100\n|turn|4\n|inactive|colfox has 30 seconds left.\n|inactive|colfox has 20 seconds left.\n|inactive|colfox has 15 seconds left.\n|inactive|colfox has 10 seconds left.\n|inactive|colfox has 5 seconds left.\n|\n|t:|1776068364\n|move|p2b: Incineroar|Parting Shot|p1a: Garchomp\n|-unboost|p1a: Garchomp|atk|1\n|-unboost|p1a: Garchomp|spa|1\n|\n|t:|1776068368\n|switch|p2b: Milotic|Milotic, L50, M|100/100|[from] Parting Shot\n|move|p2a: Mimikyu|Play Rough|p1a: Garchomp\n|-supereffective|p1a: Garchomp|1\n|-damage|p1a: Garchomp|62/100\n|-damage|p2a: Mimikyu|4/100 brn|[from] ability: Rough Skin|[of] p1a: Garchomp\n|move|p1b: Ninetales|Flamethrower|p2b: Milotic\n|-resisted|p2b: Milotic|1\n|-damage|p2b: Milotic|78/100\n|move|p1a: Garchomp|Rock Slide|p2b: Milotic|[spread] p2a,p2b\n|-damage|p2a: Mimikyu|0 fnt\n|-damage|p2b: Milotic|65/100\n|faint|p2a: Mimikyu\n|\n|-weather|SunnyDay|[upkeep]\n|-heal|p2b: Milotic|71/100|[from] item: Leftovers\n|upkeep\n|\n|t:|1776068382\n|switch|p2a: Incineroar|Incineroar, L50, M, shiny|66/100\n|-ability|p2a: Incineroar|Intimidate|boost\n|-unboost|p1a: Garchomp|atk|1\n|-unboost|p1b: Ninetales|atk|1\n|turn|5\n|\n|t:|1776068390\n|move|p2a: Incineroar|Fake Out|p1a: Garchomp\n|-damage|p1a: Garchomp|47/100\n|-damage|p2a: Incineroar|53/100|[from] ability: Rough Skin|[of] p1a: Garchomp\n|move|p2b: Milotic|Icy Wind|p1a: Garchomp|[spread] p1a,p1b\n|-supereffective|p1a: Garchomp|2\n|-resisted|p1b: Ninetales|1\n|-damage|p1a: Garchomp|0 fnt\n|-damage|p1b: Ninetales|69/100\n|-unboost|p1b: Ninetales|spe|1\n|faint|p1a: Garchomp\n|move|p1b: Ninetales|Solar Beam||[still]\n|-prepare|p1b: Ninetales|Solar Beam\n|-anim|p1b: Ninetales|Solar Beam|p2b: Milotic\n|-supereffective|p2b: Milotic|1\n|-damage|p2b: Milotic|30/100\n|\n|-weather|none\n|-heal|p2b: Milotic|36/100|[from] item: Leftovers\n|-fieldend|move: Trick Room\n|upkeep\n|turn|6\n|\n|t:|1776068412\n|move|p1b: Ninetales|Solar Beam||[still]\n|-prepare|p1b: Ninetales|Solar Beam\n|move|p2b: Milotic|Recover|p2b: Milotic\n|-heal|p2b: Milotic|86/100\n|move|p2a: Incineroar|Brick Break|p1b: Ninetales\n|-damage|p1b: Ninetales|32/100\n|\n|-heal|p2b: Milotic|92/100|[from] item: Leftovers\n|upkeep\n|turn|7\n|c|\u2606simon9|gg\n|\n|t:|1776068425\n|move|p1b: Ninetales|Solar Beam|p2b: Milotic|[from] lockedmove\n|-supereffective|p2b: Milotic|1\n|-damage|p2b: Milotic|46/100\n|move|p2b: Milotic|Muddy Water|p1b: Ninetales\n|-supereffective|p1b: Ninetales|1\n|-damage|p1b: Ninetales|0 fnt\n|faint|p1b: Ninetales\n|\n|win|simon9\n|raw|colfox's rating: 1078 &rarr; <strong>1055</strong><br />(-23 for losing)\n|raw|simon9's rating: 1053 &rarr; <strong>1087</strong><br />(+34 for winning)\n|l|\u2606colfox\n|player|p1|\n|l|\u2606simon9\n|player|p2|\n|j|\u2606colfox\n|player|p1|colfox|1|\n",
  "uploadtime": 1776068552,
  "views": 20,
  "formatid": "gen9championsvgc2026regma",
  "rating": 1055,
  "private": 0,
  "password": null
}