{
  "id": "gen9championsvgc2026regma-2582837217",
  "format": "[Gen 9 Champions] VGC 2026 Reg M-A",
  "players": [
    "Wolfe Flick",
    "el mejor no amigo"
  ],
  "log": "|j|\u2606Wolfe Flick\n|j|\u2606el mejor no amigo\n|t:|1776117934\n|gametype|doubles\n|player|p1|Wolfe Flick|leon-tower|1440\n|player|p2|el mejor no amigo|hilbert-wonderlauncher|1416\n|gen|9\n|tier|[Gen 9 Champions] VGC 2026 Reg M-A\n|rated|\n|rule|Species Clause: Limit one of each Pok\u00e9mon\n|rule|Item Clause: Limit 1 of each item\n|clearpoke\n|poke|p1|Pelipper, L50, M|\n|poke|p1|Meganium, L50, M|\n|poke|p1|Basculegion, L50, M|\n|poke|p1|Archaludon, L50, M|\n|poke|p1|Glimmora, L50, M|\n|poke|p1|Sableye, L50, F|\n|poke|p2|Glimmora, L50, M|\n|poke|p2|Milotic, L50, M|\n|poke|p2|Sinistcha, L50|\n|poke|p2|Incineroar, L50, F|\n|poke|p2|Whimsicott, L50, M|\n|poke|p2|Kingambit, L50, M|\n|teampreview|4\n|\n|t:|1776117978\n|teamsize|p1|4\n|teamsize|p2|4\n|start\n|switch|p1a: Meganium|Meganium, L50, M, shiny|100/100\n|switch|p1b: Basculegion|Basculegion, L50, M|100/100\n|switch|p2a: Kingambit|Kingambit, L50, M|100/100\n|switch|p2b: Sinistcha|Sinistcha, L50|100/100\n|turn|1\n|\n|t:|1776118014\n|detailschange|p1a: Meganium|Meganium-Mega, L50, M, shiny\n|-mega|p1a: Meganium|Meganium|Meganiumite\n|move|p1b: Basculegion|Flip Turn|p2a: Kingambit\n|-damage|p2a: Kingambit|72/100\n|\n|t:|1776118026\n|switch|p1b: Archaludon|Archaludon, L50, M, shiny|100/100|[from] Flip Turn\n|move|p1a: Meganium|Weather Ball|p2a: Kingambit\n|-supereffective|p2a: Kingambit|1\n|-damage|p2a: Kingambit|0 fnt\n|faint|p2a: Kingambit\n|move|p2b: Sinistcha|Trick Room|p2b: Sinistcha\n|-fieldstart|move: Trick Room|[of] p2b: Sinistcha\n|\n|upkeep\n|\n|t:|1776118035\n|switch|p2a: Glimmora|Glimmora, L50, M|100/100\n|turn|2\n|\n|t:|1776118052\n|detailschange|p2a: Glimmora|Glimmora-Mega, L50, M\n|-mega|p2a: Glimmora|Glimmora|Glimmoranite\n|move|p2b: Sinistcha|Rage Powder|p2b: Sinistcha\n|-singleturn|p2b: Sinistcha|move: Rage Powder\n|move|p2a: Glimmora|Earth Power|p1b: Archaludon\n|-supereffective|p1b: Archaludon|1\n|-ability|p1b: Archaludon|Sturdy\n|-damage|p1b: Archaludon|1/100\n|move|p1a: Meganium|Weather Ball|p2b: Sinistcha\n|-supereffective|p2b: Sinistcha|1\n|-damage|p2b: Sinistcha|0 fnt\n|faint|p2b: Sinistcha\n|move|p1b: Archaludon|Flash Cannon|p2a: Glimmora\n|-supereffective|p2a: Glimmora|1\n|-damage|p2a: Glimmora|12/100\n|\n|upkeep\n|\n|t:|1776118064\n|switch|p2b: Milotic|Milotic, L50, M|100/100\n|turn|3\n|\n|t:|1776118073\n|move|p1a: Meganium|Protect|p1a: Meganium\n|-singleturn|p1a: Meganium|Protect\n|move|p2b: Milotic|Scald|p1b: Archaludon\n|-resisted|p1b: Archaludon|1\n|-damage|p1b: Archaludon|0 fnt\n|faint|p1b: Archaludon\n|move|p2a: Glimmora|Sludge Bomb|p1a: Meganium\n|-activate|p1a: Meganium|move: Protect\n|\n|upkeep\n|\n|t:|1776118083\n|switch|p1b: Sableye|Sableye, L50, F|100/100\n|turn|4\n|\n|t:|1776118092\n|move|p1b: Sableye|Disable|p2a: Glimmora\n|-start|p2a: Glimmora|Disable|Sludge Bomb\n|move|p2b: Milotic|Scald|p1b: Sableye\n|-damage|p1b: Sableye|58/100\n|cant|p2a: Glimmora|Disable|Sludge Bomb\n|move|p1a: Meganium|Solar Beam||[still]\n|-prepare|p1a: Meganium|Solar Beam\n|-activate|p1a: Meganium|ability: Mega Sol\n|-anim|p1a: Meganium|Solar Beam|p2b: Milotic\n|-supereffective|p2b: Milotic|1\n|-damage|p2b: Milotic|0 fnt\n|faint|p2b: Milotic\n|\n|upkeep\n|turn|5\n|j| Kaisario\n|\n|t:|1776118110\n|move|p1b: Sableye|Encore|p2a: Glimmora\n|-start|p2a: Glimmora|Encore\n|cant|p2a: Glimmora|Disable|Sludge Bomb\n|move|p1a: Meganium|Solar Beam||[still]\n|-prepare|p1a: Meganium|Solar Beam\n|-activate|p1a: Meganium|ability: Mega Sol\n|-anim|p1a: Meganium|Solar Beam|p2a: Glimmora\n|-crit|p2a: Glimmora\n|-damage|p2a: Glimmora|0 fnt\n|faint|p2a: Glimmora\n|\n|win|Wolfe Flick\n|raw|Wolfe Flick's rating: 1440 &rarr; <strong>1459</strong><br />(+19 for winning)\n|raw|el mejor no amigo's rating: 1416 &rarr; <strong>1397</strong><br />(-19 for losing)\n|l|\u2606el mejor no amigo\n|player|p2|\n",
  "uploadtime": 1776118119,
  "views": 60,
  "formatid": "gen9championsvgc2026regma",
  "rating": 1397,
  "private": 0,
  "password": null
}