{
  "id": "gen9championsvgc2026regma-2587138332",
  "format": "[Gen 9 Champions] VGC 2026 Reg M-A",
  "players": [
    "ultramanhaaaah",
    "keepingmaboiinou"
  ],
  "log": "|j|\u2606ultramanhaaaah\n|j|\u2606keepingmaboiinou\n|t:|1776498968\n|gametype|doubles\n|player|p1|ultramanhaaaah|266|1065\n|player|p2|keepingmaboiinou|265|1160\n|gen|9\n|tier|[Gen 9 Champions] VGC 2026 Reg M-A\n|rated|\n|rule|Species Clause: Limit one of each Pok\u00e9mon\n|rule|Item Clause: Limit 1 of each item\n|clearpoke\n|poke|p1|Camerupt, L50, M|\n|poke|p1|Farigiraf, L50, M|\n|poke|p1|Zoroark, L50, M|\n|poke|p1|Klefki, L50, F|\n|poke|p1|Mamoswine, L50, F|\n|poke|p1|Ceruledge, L50, F|\n|poke|p2|Incineroar, L50, F|\n|poke|p2|Froslass, L50, F|\n|poke|p2|Rotom-Wash, L50|\n|poke|p2|Garchomp, L50, M|\n|poke|p2|Sneasler, L50, F|\n|poke|p2|Ninetales-Alola, L50, F|\n|teampreview|4\n|inactive|Battle timer is ON: inactive players will automatically lose when time's up. (requested by keepingmaboiinou)\n|\n|t:|1776498982\n|teamsize|p1|4\n|teamsize|p2|4\n|start\n|switch|p1a: Camerupt|Camerupt, L50, M|100/100\n|switch|p1b: Farigiraf|Farigiraf, L50, M|100/100\n|switch|p2a: Rotom|Rotom-Wash, L50|100/100\n|switch|p2b: Garchomp|Garchomp, L50, M|100/100\n|turn|1\n|\n|t:|1776498994\n|move|p1a: Camerupt|Protect|p1a: Camerupt\n|-singleturn|p1a: Camerupt|Protect\n|move|p2b: Garchomp|Earthquake|p1a: Camerupt|[spread] p1b\n|-activate|p1a: Camerupt|move: Protect\n|-immune|p2a: Rotom|[from] ability: Levitate\n|-damage|p1b: Farigiraf|65/100\n|move|p2a: Rotom|Hydro Pump|p1a: Camerupt\n|-activate|p1a: Camerupt|move: Protect\n|move|p1b: Farigiraf|Trick Room|p1b: Farigiraf\n|-fieldstart|move: Trick Room|[of] p1b: Farigiraf\n|\n|upkeep\n|turn|2\n|\n|t:|1776499011\n|detailschange|p1a: Camerupt|Camerupt-Mega, L50, M\n|-mega|p1a: Camerupt|Camerupt|Cameruptite\n|move|p1b: Farigiraf|Helping Hand|p1a: Camerupt\n|-singleturn|p1a: Camerupt|Helping Hand|[of] p1b: Farigiraf\n|move|p1a: Camerupt|Eruption|p2a: Rotom|[spread] p2a,p2b\n|-resisted|p2a: Rotom|1\n|-resisted|p2b: Garchomp|1\n|-damage|p2a: Rotom|31/100\n|-damage|p2b: Garchomp|45/100\n|move|p2a: Rotom|Discharge|p1a: Camerupt|[spread] p1b\n|-immune|p2b: Garchomp\n|-immune|p1a: Camerupt\n|-damage|p1b: Farigiraf|42/100\n|move|p2b: Garchomp|Earthquake|p1a: Camerupt|[spread] p1a,p1b\n|-immune|p2a: Rotom|[from] ability: Levitate\n|-supereffective|p1a: Camerupt|1\n|-damage|p1a: Camerupt|20/100\n|-damage|p1b: Farigiraf|7/100\n|\n|-heal|p2a: Rotom|37/100|[from] item: Leftovers\n|upkeep\n|turn|3\n|inactive|ultramanhaaaah has 30 seconds left.\n|\n|t:|1776499038\n|move|p1b: Farigiraf|Helping Hand|p1a: Camerupt\n|-singleturn|p1a: Camerupt|Helping Hand|[of] p1b: Farigiraf\n|move|p2a: Rotom|Protect|p2a: Rotom\n|-singleturn|p2a: Rotom|Protect\n|move|p1a: Camerupt|Heat Wave|p2a: Rotom|[spread] p2b\n|-activate|p2a: Rotom|move: Protect\n|-resisted|p2b: Garchomp|1\n|-damage|p2b: Garchomp|0 fnt\n|faint|p2b: Garchomp\n|\n|-heal|p2a: Rotom|42/100|[from] item: Leftovers\n|upkeep\n|\n|t:|1776499054\n|switch|p2b: Froslass|Froslass, L50, F|100/100\n|turn|4\n|\n|t:|1776499061\n|move|p1b: Farigiraf|Helping Hand|p1a: Camerupt\n|-singleturn|p1a: Camerupt|Helping Hand|[of] p1b: Farigiraf\n|move|p2b: Froslass|Protect|p2b: Froslass\n|-singleturn|p2b: Froslass|Protect\n|move|p1a: Camerupt|Heat Wave|p2b: Froslass|[spread] p2a\n|-activate|p2b: Froslass|move: Protect\n|-resisted|p2a: Rotom|1\n|-damage|p2a: Rotom|0 fnt\n|faint|p2a: Rotom\n|\n|upkeep\n|\n|t:|1776499075\n|switch|p2a: Sneasler|Sneasler, L50, F|100/100\n|turn|5\n|\n|t:|1776499088\n|detailschange|p2b: Froslass|Froslass-Mega, L50, F\n|-mega|p2b: Froslass|Froslass|Froslassite\n|-weather|Snowscape|[from] ability: Snow Warning|[of] p2b: Froslass\n|move|p1b: Farigiraf|Helping Hand|p1a: Camerupt\n|-singleturn|p1a: Camerupt|Helping Hand|[of] p1b: Farigiraf\n|move|p1a: Camerupt|Heat Wave|p2b: Froslass|[spread] p2a,p2b\n|-supereffective|p2b: Froslass|1\n|-crit|p2b: Froslass\n|-enditem|p2a: Sneasler|Focus Sash\n|-damage|p2a: Sneasler|1/100\n|-damage|p2b: Froslass|0 fnt\n|faint|p2b: Froslass\n|move|p2a: Sneasler|Close Combat|p1a: Camerupt\n|-damage|p1a: Camerupt|0 fnt\n|-unboost|p2a: Sneasler|def|1\n|-unboost|p2a: Sneasler|spd|1\n|faint|p1a: Camerupt\n|\n|-weather|Snowscape|[upkeep]\n|-fieldend|move: Trick Room\n|upkeep\n|-message|keepingmaboiinou forfeited.\n|\n|win|ultramanhaaaah\n|raw|ultramanhaaaah's rating: 1065 &rarr; <strong>1103</strong><br />(+38 for winning)\n|raw|keepingmaboiinou's rating: 1160 &rarr; <strong>1128</strong><br />(-32 for losing)\n|l|\u2606keepingmaboiinou\n|player|p2|\n",
  "uploadtime": 1776499114,
  "views": 41,
  "formatid": "gen9championsvgc2026regma",
  "rating": 1103,
  "private": 0,
  "password": null
}