{
  "id": "gen9championsvgc2026regma-2587383148",
  "format": "[Gen 9 Champions] VGC 2026 Reg M-A",
  "players": [
    "galbiazzoh",
    "DrAlCid"
  ],
  "log": "|j|\u2606galbiazzoh\n|j|\u2606DrAlCid\n|t:|1776527220\n|gametype|doubles\n|player|p1|galbiazzoh|li|1105\n|player|p2|DrAlCid|1|1135\n|gen|9\n|tier|[Gen 9 Champions] VGC 2026 Reg M-A\n|rated|\n|rule|Species Clause: Limit one of each Pok\u00e9mon\n|rule|Item Clause: Limit 1 of each item\n|clearpoke\n|poke|p1|Aerodactyl, L50, F|\n|poke|p1|Sneasler, L50, M|\n|poke|p1|Sinistcha, L50|\n|poke|p1|Rotom-Wash, L50|\n|poke|p1|Milotic, L50, F|\n|poke|p1|Kingambit, L50, F|\n|poke|p2|Skarmory, L50, F|\n|poke|p2|Tyranitar, L50, M|\n|poke|p2|Sneasler, L50, F|\n|poke|p2|Armarouge, L50, F|\n|poke|p2|Aerodactyl, L50, M|\n|poke|p2|Milotic, L50, M|\n|teampreview|4\ngalbiazzoh has agreed to open team sheets.\n|inactive|Battle timer is ON: inactive players will automatically lose when time's up. (requested by DrAlCid)\n|\n|t:|1776527267\n|teamsize|p1|4\n|teamsize|p2|4\n|start\n|switch|p1a: Sneasler|Sneasler, L50, M|100/100\n|switch|p1b: Milotic|Milotic, L50, F|100/100\n|switch|p2a: Tyranitar|Tyranitar, L50, M|100/100\n|switch|p2b: Aerodactyl|Aerodactyl, L50, M|100/100\n|-ability|p2b: Aerodactyl|Unnerve\n|-weather|Sandstorm|[from] ability: Sand Stream|[of] p2a: Tyranitar\n|turn|1\n|\n|t:|1776527282\n|move|p2a: Tyranitar|Protect|p2a: Tyranitar\n|-singleturn|p2a: Tyranitar|Protect\n|move|p1a: Sneasler|Fake Out|p2b: Aerodactyl\n|-resisted|p2b: Aerodactyl|1\n|-damage|p2b: Aerodactyl|90/100\n|cant|p2b: Aerodactyl|flinch\n|move|p1b: Milotic|Coil|p1b: Milotic\n|-boost|p1b: Milotic|atk|1\n|-boost|p1b: Milotic|def|1\n|-boost|p1b: Milotic|accuracy|1\n|\n|-weather|Sandstorm|[upkeep]\n|-damage|p1a: Sneasler|95/100|[from] Sandstorm\n|-damage|p1b: Milotic|94/100|[from] Sandstorm\n|-heal|p1b: Milotic|100/100|[from] item: Leftovers\n|upkeep\n|turn|2\n|\n|t:|1776527300\n|switch|p1a: Rotom|Rotom-Wash, L50|100/100\n|move|p2b: Aerodactyl|Tailwind|p2b: Aerodactyl\n|-sidestart|p2: DrAlCid|move: Tailwind\n|move|p2a: Tyranitar|Knock Off|p1b: Milotic\n|-damage|p1b: Milotic|64/100\n|-enditem|p1b: Milotic|Leftovers|[from] move: Knock Off|[of] p2a: Tyranitar\n|move|p1b: Milotic|Coil|p1b: Milotic\n|-boost|p1b: Milotic|atk|1\n|-boost|p1b: Milotic|def|1\n|-boost|p1b: Milotic|accuracy|1\n|\n|-weather|Sandstorm|[upkeep]\n|-damage|p1a: Rotom|95/100|[from] Sandstorm\n|-damage|p1b: Milotic|58/100|[from] Sandstorm\n|upkeep\n|turn|3\n|\n|t:|1776527315\n|switch|p2a: Skarmory|Skarmory, L50, F|100/100\n|move|p2b: Aerodactyl|Rock Slide|p1b: Milotic|[spread] p1a,p1b\n|-crit|p1b: Milotic\n|-damage|p1a: Rotom|70/100\n|-damage|p1b: Milotic|20/100\n|move|p1a: Rotom|Will-O-Wisp|p2a: Skarmory\n|-status|p2a: Skarmory|brn\n|cant|p1b: Milotic|flinch\n|\n|-weather|Sandstorm|[upkeep]\n|-damage|p1a: Rotom|64/100|[from] Sandstorm\n|-damage|p1b: Milotic|14/100|[from] Sandstorm\n|-damage|p2a: Skarmory|95/100 brn|[from] brn\n|upkeep\n|turn|4\n|c|\u2606galbiazzoh|+2 def to get crit+flinch of course\n|c|\u2606galbiazzoh|story of my life\n|inactive|galbiazzoh has 30 seconds left.\n|\n|t:|1776527342\n|detailschange|p2a: Skarmory|Skarmory-Mega, L50, F\n|-mega|p2a: Skarmory|Skarmory|Skarmorite\n|move|p2b: Aerodactyl|Rock Slide|p1b: Milotic|[spread] p1a,p1b\n|-damage|p1a: Rotom|37/100\n|-damage|p1b: Milotic|2/100\n|move|p2a: Skarmory|Swords Dance|p2a: Skarmory\n|-boost|p2a: Skarmory|atk|2\n|cant|p1a: Rotom|flinch\n|move|p1b: Milotic|Recover|p1b: Milotic\n|-heal|p1b: Milotic|52/100\n|\n|-weather|Sandstorm|[upkeep]\n|-damage|p1a: Rotom|31/100|[from] Sandstorm\n|-damage|p1b: Milotic|46/100|[from] Sandstorm\n|-damage|p2a: Skarmory|89/100 brn|[from] brn\n|upkeep\n|turn|5\n|\n|t:|1776527366\n|move|p2b: Aerodactyl|Rock Slide|p1b: Milotic|[spread] p1a,p1b\n|-crit|p1b: Milotic\n|-damage|p1a: Rotom|2/100\n|-damage|p1b: Milotic|9/100\n|move|p2a: Skarmory|Rock Slide|p1b: Milotic|[spread] p1a,p1b\n|-damage|p1a: Rotom|0 fnt\n|-damage|p1b: Milotic|0 fnt\n|faint|p1a: Rotom\n|faint|p1b: Milotic\n|\n|-weather|none\n|-damage|p2a: Skarmory|83/100 brn|[from] brn\n|-sideend|p2: DrAlCid|move: Tailwind\n|upkeep\n|c|\u2606galbiazzoh|ma basta diocane!\n|\n|t:|1776527377\n|switch|p1a: Sneasler|Sneasler, L50, M|95/100\n|switch|p1b: Kingambit|Kingambit, L50, F|100/100\n|turn|6\n|inactive|galbiazzoh has 30 seconds left.\n|\n|t:|1776527405\n|switch|p2b: Sneasler|Sneasler, L50, F|100/100\n|move|p1a: Sneasler|Close Combat|p2a: Skarmory\n|-damage|p2a: Skarmory|6/100 brn\n|-unboost|p1a: Sneasler|def|1\n|-unboost|p1a: Sneasler|spd|1\n|-enditem|p1a: Sneasler|White Herb\n|-clearnegativeboost|p1a: Sneasler|[silent]\n|move|p2a: Skarmory|Rock Slide|p1a: Sneasler|[spread] p1a\n|-miss|p2a: Skarmory|p1b: Kingambit\n|-resisted|p1a: Sneasler|1\n|-damage|p1a: Sneasler|76/100\n|move|p1b: Kingambit|Kowtow Cleave|p2a: Skarmory\n|-damage|p2a: Skarmory|0 fnt\n|faint|p2a: Skarmory\n|\n|upkeep\n|\n|t:|1776527422\n|switch|p2a: Tyranitar|Tyranitar, L50, M|100/100\n|-weather|Sandstorm|[from] ability: Sand Stream|[of] p2a: Tyranitar\n|turn|7\n|\n|t:|1776527439\n|move|p2a: Tyranitar|Protect|p2a: Tyranitar\n|-singleturn|p2a: Tyranitar|Protect\n|move|p1b: Kingambit|Sucker Punch|p2b: Sneasler\n|-resisted|p2b: Sneasler|1\n|-damage|p2b: Sneasler|60/100\n|move|p1a: Sneasler|Close Combat|p2b: Sneasler\n|-resisted|p2b: Sneasler|1\n|-damage|p2b: Sneasler|2/100\n|-unboost|p1a: Sneasler|def|1\n|-unboost|p1a: Sneasler|spd|1\n|move|p2b: Sneasler|Close Combat|p1b: Kingambit\n|-supereffective|p1b: Kingambit|2\n|-damage|p1b: Kingambit|0 fnt\n|-unboost|p2b: Sneasler|def|1\n|-unboost|p2b: Sneasler|spd|1\n|faint|p1b: Kingambit\n|\n|-weather|Sandstorm|[upkeep]\n|-damage|p1a: Sneasler|70/100|[from] Sandstorm\n|-damage|p2b: Sneasler|0 fnt|[from] Sandstorm\n|faint|p2b: Sneasler\n|upkeep\n|\n|t:|1776527456\n|switch|p2b: Aerodactyl|Aerodactyl, L50, M|90/100\n|-ability|p2b: Aerodactyl|Unnerve\n|turn|8\n|\n|t:|1776527470\n|move|p1a: Sneasler|Close Combat|p2b: Aerodactyl\n|-damage|p2b: Aerodactyl|0 fnt\n|-unboost|p1a: Sneasler|def|1\n|-unboost|p1a: Sneasler|spd|1\n|faint|p2b: Aerodactyl\n|move|p2a: Tyranitar|Rock Slide|p1a: Sneasler|[miss]\n|-miss|p2a: Tyranitar|p1a: Sneasler\n|\n|-weather|Sandstorm|[upkeep]\n|-damage|p1a: Sneasler|64/100|[from] Sandstorm\n|upkeep\n|turn|9\n|c|\u2606galbiazzoh|godo\n|\n|t:|1776527482\n|move|p2a: Tyranitar|Protect|p2a: Tyranitar\n|-singleturn|p2a: Tyranitar|Protect\n|move|p1a: Sneasler|Close Combat|p2a: Tyranitar\n|-activate|p2a: Tyranitar|move: Protect\n|\n|-weather|Sandstorm|[upkeep]\n|-damage|p1a: Sneasler|59/100|[from] Sandstorm\n|upkeep\n|turn|10\n|\n|t:|1776527492\n|move|p1a: Sneasler|Close Combat|p2a: Tyranitar\n|-supereffective|p2a: Tyranitar|2\n|-enditem|p2a: Tyranitar|Chople Berry|[eat]\n|-enditem|p2a: Tyranitar|Chople Berry|[weaken]\n|-damage|p2a: Tyranitar|5/100\n|-unboost|p1a: Sneasler|def|1\n|-unboost|p1a: Sneasler|spd|1\n|move|p2a: Tyranitar|Earthquake|p1a: Sneasler\n|-supereffective|p1a: Sneasler|1\n|-damage|p1a: Sneasler|0 fnt\n|faint|p1a: Sneasler\n|\n|win|DrAlCid\n|raw|galbiazzoh's rating: 1105 &rarr; <strong>1082</strong><br />(-23 for losing)\n|raw|DrAlCid's rating: 1135 &rarr; <strong>1158</strong><br />(+23 for winning)\n|c|\u2606galbiazzoh|non \u00e8 vero\n",
  "uploadtime": 1776527511,
  "views": 14,
  "formatid": "gen9championsvgc2026regma",
  "rating": 1082,
  "private": 0,
  "password": null
}