{
  "id": "gen9championsvgc2026regma-2586628516",
  "format": "[Gen 9 Champions] VGC 2026 Reg M-A",
  "players": [
    "realcomrade379",
    "Mishsire"
  ],
  "log": "|j|\u2606realcomrade379\n|j|\u2606Mishsire\n|t:|1776447946\n|gametype|doubles\n|player|p1|realcomrade379|shadowtriad|\n|player|p2|Mishsire|chili|\n|gen|9\n|tier|[Gen 9 Champions] VGC 2026 Reg M-A\n|rated|Tournament battle\n|rule|Species Clause: Limit one of each Pok\u00e9mon\n|rule|Item Clause: Limit 1 of each item\n|raw|<div class=\"infobox\"><details class=\"readmore\" open><summary><strong>1 custom rule:</strong></summary> Force Open Team Sheets</details></div>\n|clearpoke\n|poke|p1|Tyranitar, L50, F|\n|poke|p1|Floette-Eternal, L50, F|\n|poke|p1|Excadrill, L50, F|\n|poke|p1|Basculegion, L50, M|\n|poke|p1|Sinistcha, L50|\n|poke|p1|Incineroar, L50, F|\n|poke|p2|Aggron, L50, F|\n|poke|p2|Tyranitar, L50, F|\n|poke|p2|Sinistcha, L50|\n|poke|p2|Primarina, L50, M|\n|poke|p2|Sneasler, L50, M|\n|poke|p2|Rotom-Heat, L50|\n|teampreview|4\n|showteam|p1|Tyranitar||Tyranitarite|SandStream|Protect,LowKick,KnockOff,RockSlide|||F|||50|]Floette-Eternal||Floettite|FlowerVeil|Protect,CalmMind,DazzlingGleam,Moonblast|||F|||50|]Excadrill||FocusSash|SandRush|Protect,IronHead,HighHorsepower,Earthquake|||F|||50|]Basculegion||ChoiceScarf|Adaptability|LastRespects,WaveCrash,FlipTurn,AquaJet|||M|||50|]Sinistcha||SitrusBerry|Hospitality|MatchaGotcha,TrickRoom,RagePowder,LifeDew||||||50|]Incineroar||ChopleBerry|Intimidate|FlareBlitz,WillOWisp,FakeOut,PartingShot|||F|||50|\n|showteam|p2|Aggron||Aggronite|Sturdy|Protect,IronDefense,BodyPress,HeavySlam|||F|||50|]Tyranitar||Leftovers|SandStream|KnockOff,RockSlide,IcePunch,Protect|||F|||50|]Sinistcha||MentalHerb|Hospitality|MatchaGotcha,LifeDew,RagePowder,TrickRoom||||||50|]Primarina||MysticWater|LiquidVoice|HyperVoice,Moonblast,Substitute,Protect|||M|||50|]Sneasler||FocusSash|Unburden|CloseCombat,DireClaw,FakeOut,Protect|||M|||50|]Rotom-Heat||ChoiceScarf|Levitate|Overheat,Thunderbolt,VoltSwitch,WillOWisp||||||50|\n|c|\u2606Mishsire|glhf\n|inactive|Battle timer is ON: inactive players will automatically lose when time's up. (requested by realcomrade379)\n|c|\u2606realcomrade379|u2\n|j| akijuen\n|j| zjustus613\n|j| wowee20\n|\n|t:|1776447976\n|teamsize|p1|4\n|teamsize|p2|4\n|start\n|switch|p1a: Incineroar|Incineroar, L50, F|100/100\n|switch|p1b: Excadrill|Excadrill, L50, F|100/100\n|switch|p2a: Aggron|Aggron, L50, F|100/100\n|switch|p2b: Sneasler|Sneasler, L50, M|100/100\n|-ability|p1a: Incineroar|Intimidate|boost\n|-unboost|p2a: Aggron|atk|1\n|-unboost|p2b: Sneasler|atk|1\n|turn|1\n|inactive|realcomrade379 has 30 seconds left.\n|\n|t:|1776448003\n|detailschange|p2a: Aggron|Aggron-Mega, L50, F\n|-mega|p2a: Aggron|Aggron|Aggronite\n|move|p2b: Sneasler|Fake Out|p1b: Excadrill\n|-resisted|p1b: Excadrill|1\n|-damage|p1b: Excadrill|94/100\n|cant|p1b: Excadrill|flinch\n|move|p1a: Incineroar|Will-O-Wisp|p2a: Aggron\n|-status|p2a: Aggron|brn\n|move|p2a: Aggron|Iron Defense|p2a: Aggron\n|-boost|p2a: Aggron|def|2\n|\n|-damage|p2a: Aggron|94/100 brn|[from] brn\n|upkeep\n|turn|2\n|\n|t:|1776448026\n|move|p1b: Excadrill|Protect|p1b: Excadrill\n|-singleturn|p1b: Excadrill|Protect\n|move|p2b: Sneasler|Close Combat|p1b: Excadrill\n|-activate|p1b: Excadrill|move: Protect\n|move|p1a: Incineroar|Will-O-Wisp|p2b: Sneasler\n|-status|p2b: Sneasler|brn\n|move|p2a: Aggron|Iron Defense|p2a: Aggron\n|-boost|p2a: Aggron|def|2\n|\n|-damage|p2b: Sneasler|95/100 brn|[from] brn\n|-damage|p2a: Aggron|88/100 brn|[from] brn\n|upkeep\n|turn|3\n|j| 17 character name\n|c| akijuen|holy shit, the reads\n|\n|t:|1776448043\n|switch|p2b: Sinistcha|Sinistcha, L50|100/100\n|-heal|p2a: Aggron|100/100 brn|[from] ability: Hospitality|[of] p2b: Sinistcha\n|move|p1b: Excadrill|High Horsepower|p2b: Sinistcha\n|-resisted|p2b: Sinistcha|1\n|-damage|p2b: Sinistcha|81/100\n|move|p1a: Incineroar|Parting Shot|p2a: Aggron\n|-unboost|p2a: Aggron|atk|1\n|-unboost|p2a: Aggron|spa|1\n|\n|t:|1776448052\n|switch|p1a: Tyranitar|Tyranitar, L50, F|100/100|[from] Parting Shot\n|-weather|Sandstorm|[from] ability: Sand Stream|[of] p1a: Tyranitar\n|move|p2a: Aggron|Body Press|p1b: Excadrill\n|-supereffective|p1b: Excadrill|1\n|-damage|p1b: Excadrill|0 fnt\n|faint|p1b: Excadrill\n|\n|-weather|Sandstorm|[upkeep]\n|-damage|p2b: Sinistcha|75/100|[from] Sandstorm\n|-damage|p2a: Aggron|94/100 brn|[from] brn\n|upkeep\n|\n|t:|1776448059\n|switch|p1b: Basculegion|Basculegion, L50, M|100/100\n|turn|4\n|l| akijuen\n|\n|t:|1776448077\n|switch|p2b: Sneasler|Sneasler, L50, M|95/100 brn\n|detailschange|p1a: Tyranitar|Tyranitar-Mega, L50, F\n|-mega|p1a: Tyranitar|Tyranitar|Tyranitarite\n|move|p1a: Tyranitar|Protect|p1a: Tyranitar\n|-singleturn|p1a: Tyranitar|Protect\n|move|p1b: Basculegion|Last Respects|p2b: Sneasler\n|-damage|p2b: Sneasler|0 fnt\n|faint|p2b: Sneasler\n|move|p2a: Aggron|Body Press|p1a: Tyranitar\n|-activate|p1a: Tyranitar|move: Protect\n|\n|-weather|Sandstorm|[upkeep]\n|-damage|p1b: Basculegion|94/100|[from] Sandstorm\n|-damage|p2a: Aggron|88/100 brn|[from] brn\n|upkeep\n|j| mysticmarshtomp\n|\n|t:|1776448082\n|switch|p2b: Primarina|Primarina, L50, M|100/100\n|turn|5\n|\n|t:|1776448101\n|switch|p1a: Incineroar|Incineroar, L50, F|100/100\n|-ability|p1a: Incineroar|Intimidate|boost\n|-unboost|p2a: Aggron|atk|1\n|-unboost|p2b: Primarina|atk|1\n|move|p2b: Primarina|Protect|p2b: Primarina\n|-singleturn|p2b: Primarina|Protect\n|move|p1b: Basculegion|Last Respects|p2b: Primarina\n|-activate|p2b: Primarina|move: Protect\n|move|p2a: Aggron|Body Press|p1a: Incineroar\n|-supereffective|p1a: Incineroar|1\n|-enditem|p1a: Incineroar|Chople Berry|[eat]\n|-enditem|p1a: Incineroar|Chople Berry|[weaken]\n|-damage|p1a: Incineroar|57/100\n|\n|-weather|Sandstorm|[upkeep]\n|-damage|p1b: Basculegion|88/100|[from] Sandstorm\n|-damage|p1a: Incineroar|51/100|[from] Sandstorm\n|-damage|p2b: Primarina|95/100|[from] Sandstorm\n|-damage|p2a: Aggron|82/100 brn|[from] brn\n|upkeep\n|turn|6\n|\n|t:|1776448125\n|move|p1a: Incineroar|Fake Out|p2a: Aggron\n|-resisted|p2a: Aggron|1\n|-damage|p2a: Aggron|81/100 brn\n|move|p1b: Basculegion|Last Respects|p2b: Primarina\n|-damage|p2b: Primarina|24/100\n|move|p2b: Primarina|Moonblast|p1b: Basculegion\n|-damage|p1b: Basculegion|34/100\n|cant|p2a: Aggron|flinch\n|\n|-weather|Sandstorm|[upkeep]\n|-damage|p1b: Basculegion|28/100|[from] Sandstorm\n|-damage|p1a: Incineroar|45/100|[from] Sandstorm\n|-damage|p2b: Primarina|18/100|[from] Sandstorm\n|-damage|p2a: Aggron|75/100 brn|[from] brn\n|upkeep\n|turn|7\n|l| mysticmarshtomp\n|\n|t:|1776448147\n|move|p2b: Primarina|Protect|p2b: Primarina\n|-singleturn|p2b: Primarina|Protect\n|move|p1b: Basculegion|Last Respects|p2b: Primarina\n|-activate|p2b: Primarina|move: Protect\n|move|p1a: Incineroar|Flare Blitz|p2a: Aggron\n|-supereffective|p2a: Aggron|1\n|-damage|p2a: Aggron|61/100 brn\n|-damage|p1a: Incineroar|41/100|[from] Recoil\n|move|p2a: Aggron|Heavy Slam|p1b: Basculegion\n|-resisted|p1b: Basculegion|1\n|-damage|p1b: Basculegion|23/100\n|\n|-weather|none\n|-damage|p2a: Aggron|55/100 brn|[from] brn\n|upkeep\n|turn|8\n|j|@thacrow\n|l|@thacrow\n|inactive|Mishsire has 30 seconds left.\n|inactive|Mishsire has 20 seconds left.\n|inactive|Mishsire has 15 seconds left.\n|\n|t:|1776448191\n|switch|p2a: Sinistcha|Sinistcha, L50|75/100\n|-heal|p2b: Primarina|43/100|[from] ability: Hospitality|[of] p2a: Sinistcha\n|move|p1b: Basculegion|Last Respects|p2b: Primarina\n|-damage|p2b: Primarina|0 fnt\n|faint|p2b: Primarina\n|move|p1a: Incineroar|Flare Blitz|p2a: Sinistcha\n|-supereffective|p2a: Sinistcha|1\n|-damage|p2a: Sinistcha|9/100\n|-damage|p1a: Incineroar|22/100|[from] Recoil\n|\n|upkeep\n|\n|t:|1776448199\n|switch|p2b: Aggron|Aggron-Mega, L50, F|55/100 brn\n|turn|9\n|\n|t:|1776448208\n|switch|p1b: Tyranitar|Tyranitar-Mega, L50, F|100/100\n|-weather|Sandstorm|[from] ability: Sand Stream|[of] p1b: Tyranitar\n|move|p1a: Incineroar|Flare Blitz|p2a: Sinistcha\n|-supereffective|p2a: Sinistcha|1\n|-damage|p2a: Sinistcha|0 fnt\n|faint|p2a: Sinistcha\n|-damage|p1a: Incineroar|20/100|[from] Recoil\n|move|p2b: Aggron|Heavy Slam|p1b: Tyranitar\n|-supereffective|p1b: Tyranitar|1\n|-crit|p1b: Tyranitar\n|-damage|p1b: Tyranitar|83/100\n|\n|-weather|Sandstorm|[upkeep]\n|-damage|p1a: Incineroar|14/100|[from] Sandstorm\n|-damage|p2b: Aggron|49/100 brn|[from] brn\n|upkeep\n|turn|10\n|c|\u2606Mishsire|gg\n|\n|t:|1776448222\n|move|p1b: Tyranitar|Low Kick|p2b: Aggron\n|-supereffective|p2b: Aggron|1\n|-damage|p2b: Aggron|6/100 brn\n|move|p1a: Incineroar|Flare Blitz|p2b: Aggron\n|-supereffective|p2b: Aggron|1\n|-damage|p2b: Aggron|0 fnt\n|faint|p2b: Aggron\n|-damage|p1a: Incineroar|12/100|[from] Recoil\n|\n|win|realcomrade379\n|n|\u2606realcomrade379|realcomrade379\n|n|\u2606Mishsire|mishsire\n|n| zjustus613|zjustus613\n|n| wowee20|wowee20\n|n| 17 character name|17charactername\n|l|\u2606Mishsire\n|player|p2|\n|c|\u2606realcomrade379|gg\n",
  "uploadtime": 1776448222,
  "views": 31,
  "formatid": "gen9championsvgc2026regma",
  "rating": null,
  "private": 0,
  "password": null
}