{
  "id": "gen9championsvgc2026regma-2582807799",
  "format": "[Gen 9 Champions] VGC 2026 Reg M-A",
  "players": [
    "Gsue03",
    "loklastaji"
  ],
  "log": "|j|\u2606Gsue03\n|j|\u2606loklastaji\n|t:|1776115640\n|gametype|doubles\n|player|p1|Gsue03|hugh|1348\n|player|p2|loklastaji|102|1262\n|gen|9\n|tier|[Gen 9 Champions] VGC 2026 Reg M-A\n|rated|\n|rule|Species Clause: Limit one of each Pok\u00e9mon\n|rule|Item Clause: Limit 1 of each item\n|clearpoke\n|poke|p1|Floette-Eternal, L50, F|\n|poke|p1|Basculegion, L50, M|\n|poke|p1|Gengar, L50, M|\n|poke|p1|Pelipper, L50, M|\n|poke|p1|Kingambit, L50, M|\n|poke|p1|Archaludon, L50, M|\n|poke|p2|Samurott-Hisui, L50, F|\n|poke|p2|Mamoswine, L50, F|\n|poke|p2|Delphox, L50, F|\n|poke|p2|Tsareena, L50, F|\n|poke|p2|Corviknight, L50, M|\n|poke|p2|Altaria, L50, M|\n|teampreview|4\n|\n|t:|1776115678\n|teamsize|p1|4\n|teamsize|p2|4\n|start\n|switch|p1a: Archaludon|Archaludon, L50, M|100/100\n|switch|p1b: Pelipper|Pelipper, L50, M|100/100\n|switch|p2a: Mamoswine|Mamoswine, L50, F|100/100\n|switch|p2b: Samurott|Samurott-Hisui, L50, F|100/100\n|-weather|RainDance|[from] ability: Drizzle|[of] p1b: Pelipper\n|turn|1\n|\n|t:|1776115701\n|switch|p2a: Altaria|Altaria, L50, M|100/100\n|-ability|p2a: Altaria|Cloud Nine\n|move|p1a: Archaludon|Protect|p1a: Archaludon\n|-singleturn|p1a: Archaludon|Protect\n|move|p1b: Pelipper|U-turn|p2b: Samurott\n|-supereffective|p2b: Samurott|1\n|-damage|p2b: Samurott|79/100\n|\n|t:|1776115714\n|switch|p1b: Floette|Floette-Eternal, L50, F|100/100|[from] U-turn\n|move|p2b: Samurott|Sacred Sword|p1a: Archaludon\n|-activate|p1a: Archaludon|move: Protect\n|\n|-weather|RainDance|[upkeep]\n|upkeep\n|turn|2\n|\n|t:|1776115757\n|switch|p1a: Basculegion|Basculegion, L50, M|100/100\n|detailschange|p1b: Floette|Floette-Mega, L50, F\n|-mega|p1b: Floette|Floette|Floettite\n|-ability|p1b: Floette|Fairy Aura\n|move|p2a: Altaria|Protect|p2a: Altaria\n|-singleturn|p2a: Altaria|Protect\n|move|p2b: Samurott|Sucker Punch|p1b: Floette\n|-resisted|p1b: Floette|1\n|-damage|p1b: Floette|85/100\n|move|p1b: Floette|Dazzling Gleam|p2a: Altaria|[spread] p2b\n|-activate|p2a: Altaria|move: Protect\n|-supereffective|p2b: Samurott|1\n|-damage|p2b: Samurott|0 fnt\n|faint|p2b: Samurott\n|\n|-weather|RainDance|[upkeep]\n|upkeep\n|\n|t:|1776115777\n|switch|p2b: Mamoswine|Mamoswine, L50, F|100/100\n|turn|3\n|l|\u2606loklastaji\n|player|p2|\n|j|\u2606loklastaji\n|player|p2|loklastaji|102|\n|\n|t:|1776115816\n|move|p2b: Mamoswine|Hard Press|p1b: Floette\n|-supereffective|p1b: Floette|1\n|-damage|p1b: Floette|33/100\n|move|p2a: Altaria|Hurricane|p1a: Basculegion|[miss]\n|-miss|p2a: Altaria|p1a: Basculegion\n|move|p1b: Floette|Dazzling Gleam|p2a: Altaria|[spread] p2a,p2b\n|-supereffective|p2a: Altaria|1\n|-crit|p2a: Altaria\n|-damage|p2a: Altaria|0 fnt\n|-damage|p2b: Mamoswine|40/100\n|faint|p2a: Altaria\n|move|p1a: Basculegion|Flip Turn|p2b: Mamoswine\n|-supereffective|p2b: Mamoswine|1\n|-damage|p2b: Mamoswine|0 fnt\n|faint|p2b: Mamoswine\n|\n|t:|1776115835\n|switch|p1a: Archaludon|Archaludon, L50, M|100/100|[from] Flip Turn\n|\n|-weather|RainDance|[upkeep]\n|upkeep\n|\n|t:|1776115842\n|switch|p2b: Tsareena|Tsareena, L50, F|100/100\n|turn|4\n|\n|t:|1776115854\n|switch|p1b: Pelipper|Pelipper, L50, M|100/100\n|move|p2b: Tsareena|Power Whip|p1b: Pelipper\n|-damage|p1b: Pelipper|14/100\n|move|p1a: Archaludon|Dragon Pulse|p2b: Tsareena\n|-damage|p2b: Tsareena|49/100\n|\n|-weather|RainDance|[upkeep]\n|upkeep\n|turn|5\n|\n|t:|1776115866\n|move|p1b: Pelipper|Hurricane|p2b: Tsareena\n|-supereffective|p2b: Tsareena|1\n|-damage|p2b: Tsareena|0 fnt\n|faint|p2b: Tsareena\n|\n|win|Gsue03\n|raw|Gsue03's rating: 1348 &rarr; <strong>1363</strong><br />(+15 for winning)\n|raw|loklastaji's rating: 1262 &rarr; <strong>1243</strong><br />(-19 for losing)\n",
  "uploadtime": 1776115872,
  "views": 37,
  "formatid": "gen9championsvgc2026regma",
  "rating": 1243,
  "private": 0,
  "password": null
}