{
  "id": "gen9championsvgc2026regma-2588503512",
  "format": "[Gen 9 Champions] VGC 2026 Reg M-A",
  "players": [
    "secondfish",
    "Astral Legionis"
  ],
  "log": "|j|\u2606secondfish\n|j|\u2606Astral Legionis\n|t:|1776639485\n|gametype|doubles\n|player|p1|secondfish|steven|1124\n|player|p2|Astral Legionis|170|1162\n|gen|9\n|tier|[Gen 9 Champions] VGC 2026 Reg M-A\n|rated|\n|rule|Species Clause: Limit one of each Pok\u00e9mon\n|rule|Item Clause: Limit 1 of each item\n|clearpoke\n|poke|p1|Dragapult, L50, M|\n|poke|p1|Kingambit, L50, M|\n|poke|p1|Whimsicott, L50, F|\n|poke|p1|Gengar, L50, M|\n|poke|p1|Arcanine-Hisui, L50, M|\n|poke|p1|Milotic, L50, F|\n|poke|p2|Reuniclus, L50, F|\n|poke|p2|Mimikyu, L50, M|\n|poke|p2|Kingambit, L50, F|\n|poke|p2|Primarina, L50, F|\n|poke|p2|Farigiraf, L50, M|\n|poke|p2|Aerodactyl, L50, M|\n|teampreview|4\n|\n|t:|1776639525\n|teamsize|p1|4\n|teamsize|p2|4\n|start\n|switch|p1a: Gengar|Gengar, L50, M|100/100\n|switch|p1b: Arcanine|Arcanine-Hisui, L50, M|100/100\n|switch|p2a: Farigiraf|Farigiraf, L50, M|100/100\n|switch|p2b: Kingambit|Kingambit, L50, F|100/100\n|-ability|p1b: Arcanine|Intimidate|boost\n|-unboost|p2a: Farigiraf|atk|1\n|-unboost|p2b: Kingambit|atk|1\n|-ability|p2b: Kingambit|Defiant|boost\n|-boost|p2b: Kingambit|atk|2\n|turn|1\n|\n|t:|1776639543\n|detailschange|p1a: Gengar|Gengar-Mega, L50, M\n|-mega|p1a: Gengar|Gengar|Gengarite\n|move|p2b: Kingambit|Protect|p2b: Kingambit\n|-singleturn|p2b: Kingambit|Protect\n|move|p1b: Arcanine|Close Combat|p2b: Kingambit\n|-activate|p2b: Kingambit|move: Protect\n|move|p1a: Gengar|Taunt|p2a: Farigiraf\n|-start|p2a: Farigiraf|move: Taunt\n|cant|p2a: Farigiraf|move: Taunt|Trick Room\n|\n|upkeep\n|turn|2\n|\n|t:|1776639575\n|move|p2b: Kingambit|Sucker Punch|p1a: Gengar\n|-supereffective|p1a: Gengar|1\n|-damage|p1a: Gengar|0 fnt\n|faint|p1a: Gengar\n|move|p1b: Arcanine|Close Combat|p2a: Farigiraf\n|-damage|p2a: Farigiraf|63/100\n|-unboost|p1b: Arcanine|def|1\n|-unboost|p1b: Arcanine|spd|1\n|move|p2a: Farigiraf|Hyper Voice|p1b: Arcanine\n|-resisted|p1b: Arcanine|1\n|-damage|p1b: Arcanine|57/100\n|\n|upkeep\n|\n|t:|1776639587\n|switch|p1a: Kingambit|Kingambit, L50, M|100/100\n|turn|3\n|\n|t:|1776639609\n|move|p2b: Kingambit|Protect|p2b: Kingambit\n|-singleturn|p2b: Kingambit|Protect\n|move|p1b: Arcanine|Close Combat|p2b: Kingambit\n|-activate|p2b: Kingambit|move: Protect\n|move|p2a: Farigiraf|Psychic Noise|p1b: Arcanine\n|-damage|p1b: Arcanine|0 fnt\n|faint|p1b: Arcanine\n|move|p1a: Kingambit|Kowtow Cleave|p2a: Farigiraf\n|-supereffective|p2a: Farigiraf|1\n|-damage|p2a: Farigiraf|0 fnt\n|faint|p2a: Farigiraf\n|\n|upkeep\n|\n|t:|1776639621\n|switch|p1b: Milotic|Milotic, L50, F|100/100\n|switch|p2a: Primarina|Primarina, L50, F|100/100\n|turn|4\n|\n|t:|1776639635\n|move|p1b: Milotic|Scald|p2b: Kingambit\n|-damage|p2b: Kingambit|61/100\n|-status|p2b: Kingambit|brn\n|move|p2a: Primarina|Moonblast|p1a: Kingambit\n|-damage|p1a: Kingambit|52/100\n|move|p1a: Kingambit|Iron Head|p2a: Primarina\n|-damage|p2a: Primarina|48/100\n|move|p2b: Kingambit|Kowtow Cleave|p1b: Milotic\n|-damage|p1b: Milotic|42/100\n|\n|-heal|p1b: Milotic|48/100|[from] item: Leftovers\n|-damage|p2b: Kingambit|55/100 brn|[from] brn\n|upkeep\n|turn|5\n|\n|t:|1776639657\n|move|p2b: Kingambit|Sucker Punch|p1a: Kingambit\n|-resisted|p1a: Kingambit|1\n|-damage|p1a: Kingambit|39/100\n|move|p1b: Milotic|Recover|p1b: Milotic\n|-heal|p1b: Milotic|98/100\n|move|p2a: Primarina|Moonblast|p1a: Kingambit\n|-damage|p1a: Kingambit|0 fnt\n|faint|p1a: Kingambit\n|\n|-heal|p1b: Milotic|100/100|[from] item: Leftovers\n|-damage|p2b: Kingambit|49/100 brn|[from] brn\n|upkeep\n|turn|6\n|\n|t:|1776639672\n|move|p1b: Milotic|Ice Beam|p2a: Primarina\n|-resisted|p2a: Primarina|1\n|-damage|p2a: Primarina|35/100\n|move|p2a: Primarina|Calm Mind|p2a: Primarina\n|-boost|p2a: Primarina|spa|1\n|-boost|p2a: Primarina|spd|1\n|move|p2b: Kingambit|Kowtow Cleave|p1b: Milotic\n|-damage|p1b: Milotic|42/100\n|\n|-heal|p1b: Milotic|48/100|[from] item: Leftovers\n|-damage|p2b: Kingambit|43/100 brn|[from] brn\n|upkeep\n|turn|7\n|\n|t:|1776639686\n|move|p1b: Milotic|Scald|p2a: Primarina\n|-resisted|p2a: Primarina|1\n|-damage|p2a: Primarina|25/100\n|move|p2a: Primarina|Moonblast|p1b: Milotic\n|-damage|p1b: Milotic|0 fnt\n|faint|p1b: Milotic\n|\n|win|Astral Legionis\n|raw|secondfish's rating: 1124 &rarr; <strong>1102</strong><br />(-22 for losing)\n|raw|Astral Legionis's rating: 1162 &rarr; <strong>1184</strong><br />(+22 for winning)\n|l|\u2606secondfish\n|player|p1|\n",
  "uploadtime": 1776639694,
  "views": 7,
  "formatid": "gen9championsvgc2026regma",
  "rating": 1102,
  "private": 0,
  "password": null
}