{
  "id": "gen9championsvgc2026regma-2582289457",
  "format": "[Gen 9 Champions] VGC 2026 Reg M-A",
  "players": [
    "DonkeyVGCP",
    "zenovirgola"
  ],
  "log": "|j|\u2606DonkeyVGCP\n|j|\u2606zenovirgola\n|t:|1776080196\n|gametype|doubles\n|player|p1|DonkeyVGCP|2|1073\n|player|p2|zenovirgola|li|1130\n|gen|9\n|tier|[Gen 9 Champions] VGC 2026 Reg M-A\n|rated|\n|rule|Species Clause: Limit one of each Pok\u00e9mon\n|rule|Item Clause: Limit 1 of each item\n|clearpoke\n|poke|p1|Dragapult, L50, M|\n|poke|p1|Charizard, L50, M|\n|poke|p1|Maushold-Four, L50|\n|poke|p1|Venusaur, L50, M|\n|poke|p1|Incineroar, L50, M|\n|poke|p1|Sneasler, L50, M|\n|poke|p2|Starmie, L50|\n|poke|p2|Tyranitar, L50, M|\n|poke|p2|Garchomp, L50, M|\n|poke|p2|Aerodactyl, L50, M|\n|poke|p2|Aegislash, L50, M|\n|poke|p2|Rotom-Heat, L50|\n|teampreview|4\n|inactive|Battle timer is ON: inactive players will automatically lose when time's up. (requested by DonkeyVGCP)\n|inactive|DonkeyVGCP has 60 seconds left.\n|inactive|DonkeyVGCP has 30 seconds left.\n|\n|t:|1776080266\n|teamsize|p1|4\n|teamsize|p2|4\n|start\n|switch|p1a: Incineroar|Incineroar, L50, M|100/100\n|switch|p1b: Dragapult|Dragapult, L50, M|100/100\n|switch|p2a: Aegislash|Aegislash, L50, M|100/100\n|switch|p2b: Rotom|Rotom-Heat, L50|100/100\n|-ability|p1a: Incineroar|Intimidate|boost\n|-unboost|p2a: Aegislash|atk|1\n|-unboost|p2b: Rotom|atk|1\n|turn|1\n|inactive|zenovirgola has 30 seconds left.\n|inactive|zenovirgola has 20 seconds left.\n|inactive|zenovirgola has 15 seconds left.\n|inactive|zenovirgola has 10 seconds left.\n|inactive|zenovirgola has 5 seconds left.\n|\n|t:|1776080318\n|switch|p2b: Starmie|Starmie, L50|100/100\n|move|p1a: Incineroar|Fake Out|p2b: Starmie\n|-damage|p2b: Starmie|86/100\n|move|p1b: Dragapult|Substitute|p1b: Dragapult\n|-start|p1b: Dragapult|Substitute\n|-damage|p1b: Dragapult|75/100\n|-formechange|p2a: Aegislash|Aegislash-Blade|\n|move|p2a: Aegislash|Flash Cannon|p1b: Dragapult\n|-end|p1b: Dragapult|Substitute\n|\n|-heal|p1b: Dragapult|82/100|[from] item: Leftovers\n|upkeep\n|turn|2\n|inactive|DonkeyVGCP has 30 seconds left.\n|inactive|zenovirgola has 30 seconds left.\n|\n|t:|1776080351\n|switch|p1a: Venusaur|Venusaur, L50, M|100/100\n|detailschange|p2b: Starmie|Starmie-Mega, L50\n|-mega|p2b: Starmie|Starmie|Starminite\n|-formechange|p2a: Aegislash|Aegislash|\n|move|p2a: Aegislash|King's Shield|p2a: Aegislash\n|-singleturn|p2a: Aegislash|Protect\n|move|p1b: Dragapult|Substitute|p1b: Dragapult\n|-start|p1b: Dragapult|Substitute\n|-damage|p1b: Dragapult|57/100\n|move|p2b: Starmie|Liquidation|p1a: Venusaur\n|-resisted|p1a: Venusaur|1\n|-damage|p1a: Venusaur|53/100\n|\n|-heal|p1b: Dragapult|63/100|[from] item: Leftovers\n|upkeep\n|turn|3\n|inactive|DonkeyVGCP has 30 seconds left.\n|inactive|zenovirgola has 30 seconds left.\n|inactive|zenovirgola has 20 seconds left.\n|inactive|zenovirgola has 15 seconds left.\n|\n|t:|1776080392\n|switch|p1a: Incineroar|Incineroar, L50, M|100/100\n|-ability|p1a: Incineroar|Intimidate|boost\n|-unboost|p2a: Aegislash|atk|1\n|-unboost|p2b: Starmie|atk|1\n|move|p1b: Dragapult|Dragon Dance|p1b: Dragapult\n|-boost|p1b: Dragapult|atk|1\n|-boost|p1b: Dragapult|spe|1\n|move|p2b: Starmie|Zen Headbutt|p1a: Incineroar\n|-immune|p1a: Incineroar\n|-formechange|p2a: Aegislash|Aegislash-Blade|\n|move|p2a: Aegislash|Flash Cannon|p1b: Dragapult\n|-end|p1b: Dragapult|Substitute\n|\n|-heal|p1b: Dragapult|69/100|[from] item: Leftovers\n|upkeep\n|turn|4\n|inactive|DonkeyVGCP has 30 seconds left.\n|inactive|zenovirgola has 30 seconds left.\n|\n|t:|1776080421\n|-formechange|p2a: Aegislash|Aegislash|\n|move|p2a: Aegislash|King's Shield|p2a: Aegislash\n|-singleturn|p2a: Aegislash|Protect\n|move|p1a: Incineroar|Fake Out|p2b: Starmie\n|-damage|p2b: Starmie|73/100\n|move|p1b: Dragapult|Substitute|p1b: Dragapult\n|-start|p1b: Dragapult|Substitute\n|-damage|p1b: Dragapult|44/100\n|cant|p2b: Starmie|flinch\n|\n|-heal|p1b: Dragapult|50/100|[from] item: Leftovers\n|upkeep\n|turn|5\n|inactive|DonkeyVGCP has 30 seconds left.\n|inactive|DonkeyVGCP has 20 seconds left.\n|inactive|DonkeyVGCP has 15 seconds left.\n|inactive|DonkeyVGCP has 10 seconds left.\n|\n|t:|1776080468\n|switch|p2a: Tyranitar|Tyranitar, L50, M|100/100\n|-weather|Sandstorm|[from] ability: Sand Stream|[of] p2a: Tyranitar\n|move|p1b: Dragapult|Dragon Darts|p2b: Starmie\n|-damage|p2b: Starmie|29/100\n|-anim|p1b: Dragapult|Dragon Darts|p2a: Tyranitar\n|-damage|p2a: Tyranitar|65/100\n|move|p2b: Starmie|Skill Swap|p2a: Tyranitar\n|-activate|p2b: Starmie|Skill Swap|||[of] p2a: Tyranitar\n|move|p1a: Incineroar|Parting Shot|p2a: Tyranitar\n|-unboost|p2a: Tyranitar|atk|1\n|-unboost|p2a: Tyranitar|spa|1\n|\n|t:|1776080488\n|switch|p1a: Charizard|Charizard, L50, M, shiny|100/100|[from] Parting Shot\n|\n|-weather|Sandstorm|[upkeep]\n|-damage|p1b: Dragapult|44/100|[from] Sandstorm\n|-damage|p2b: Starmie|23/100|[from] Sandstorm\n|-damage|p1a: Charizard|94/100|[from] Sandstorm\n|-heal|p1b: Dragapult|50/100|[from] item: Leftovers\n|upkeep\n|turn|6\n|inactive|zenovirgola has 30 seconds left.\n|\n|t:|1776080523\n|switch|p2a: Rotom|Rotom-Heat, L50|100/100\n|detailschange|p1a: Charizard|Charizard-Mega-Y, L50, M, shiny\n|-mega|p1a: Charizard|Charizard|Charizardite Y\n|-weather|SunnyDay|[from] ability: Drought|[of] p1a: Charizard\n|move|p2b: Starmie|Protect|p2b: Starmie\n|-singleturn|p2b: Starmie|Protect\n|move|p1b: Dragapult|Dragon Darts|p2a: Rotom\n|-damage|p2a: Rotom|62/100\n|-anim|p1b: Dragapult|Dragon Darts|p2a: Rotom\n|-damage|p2a: Rotom|20/100\n|-enditem|p2a: Rotom|Sitrus Berry|[eat]\n|-heal|p2a: Rotom|44/100|[from] item: Sitrus Berry\n|move|p1a: Charizard|Weather Ball|p2a: Rotom\n|-resisted|p2a: Rotom|1\n|-damage|p2a: Rotom|0 fnt\n|faint|p2a: Rotom\n|\n|-weather|SunnyDay|[upkeep]\n|-heal|p1b: Dragapult|57/100|[from] item: Leftovers\n|upkeep\n|\n|t:|1776080543\n|switch|p2a: Tyranitar|Tyranitar, L50, M|65/100\n|-weather|Sandstorm|[from] ability: Sand Stream|[of] p2a: Tyranitar\n|turn|7\n|\n|t:|1776080559\n|move|p1a: Charizard|Protect|p1a: Charizard\n|-singleturn|p1a: Charizard|Protect\n|move|p1b: Dragapult|Dragon Darts|p2b: Starmie\n|-damage|p2b: Starmie|0 fnt\n|-anim|p1b: Dragapult|Dragon Darts|p2a: Tyranitar\n|-damage|p2a: Tyranitar|27/100\n|faint|p2b: Starmie\n|move|p2a: Tyranitar|Rock Slide|p1b: Dragapult|[spread] p1b\n|-activate|p1a: Charizard|move: Protect\n|-end|p1b: Dragapult|Substitute\n|\n|-weather|Sandstorm|[upkeep]\n|-damage|p1b: Dragapult|50/100|[from] Sandstorm\n|-damage|p1a: Charizard|88/100|[from] Sandstorm\n|-heal|p1b: Dragapult|57/100|[from] item: Leftovers\n|upkeep\n|\n|t:|1776080573\n|switch|p2b: Aegislash|Aegislash, L50, M|100/100\n|turn|8\n|\n|t:|1776080596\n|move|p1b: Dragapult|Dragon Darts|p2a: Tyranitar\n|-damage|p2a: Tyranitar|0 fnt\n|-anim|p1b: Dragapult|Dragon Darts|p2b: Aegislash\n|-resisted|p2b: Aegislash|1\n|-damage|p2b: Aegislash|87/100\n|faint|p2a: Tyranitar\n|move|p1a: Charizard|Heat Wave|p2b: Aegislash\n|-supereffective|p2b: Aegislash|1\n|-damage|p2b: Aegislash|0 fnt\n|faint|p2b: Aegislash\n|\n|win|DonkeyVGCP\n|raw|DonkeyVGCP's rating: 1073 &rarr; <strong>1107</strong><br />(+34 for winning)\n|raw|zenovirgola's rating: 1130 &rarr; <strong>1101</strong><br />(-29 for losing)\n",
  "uploadtime": 1776080603,
  "views": 20,
  "formatid": "gen9championsvgc2026regma",
  "rating": 1101,
  "private": 0,
  "password": null
}