{
  "id": "gen9championsvgc2026regma-2585930848",
  "format": "[Gen 9 Champions] VGC 2026 Reg M-A",
  "players": [
    "mightypoopy",
    "Simolili"
  ],
  "log": "|j|\u2606mightypoopy\n|j|\u2606Simolili\n|html|<table width=\"100%\"><tr><td align=\"left\">mightypoopy</td><td align=\"right\">Simolili</tr><tr><td align=\"left\"><i class=\"fa fa-circle-o\"></i> <i class=\"fa fa-circle-o\"></i> </td><td align=\"right\"><i class=\"fa fa-circle-o\"></i> <i class=\"fa fa-circle-o\"></i> </tr></table>\n|uhtml|bestof|<h2><strong>Game 1</strong> of <a href=\"/game-bestof3-gen9championsvgc2026regma-2585930847\">a best-of-3</a></h2>\n|t:|1776382517\n|gametype|doubles\n|player|p1|mightypoopy|sailor|\n|player|p2|Simolili|infielder|\n|gen|9\n|tier|[Gen 9 Champions] VGC 2026 Reg M-A\n|rule|Species Clause: Limit one of each Pok\u00e9mon\n|rule|Item Clause: Limit 1 of each item\n|raw|<div class=\"infobox\"><details class=\"readmore\" open><summary><strong>1 custom rule:</strong></summary> Best of = 3</details></div>\n|clearpoke\n|poke|p1|Aerodactyl, L50, F|\n|poke|p1|Heliolisk, L50, M|\n|poke|p1|Toxicroak, L50, F|\n|poke|p1|Torkoal, L50, M|\n|poke|p1|Typhlosion-Hisui, L50, M|\n|poke|p1|Runerigus, L50, M|\n|poke|p2|Gyarados, L50, F|\n|poke|p2|Decidueye, L50, F|\n|poke|p2|Garchomp, L50, F|\n|poke|p2|Bellibolt, L50, F|\n|poke|p2|Weavile, L50, F|\n|poke|p2|Pangoro, L50, M|\n|teampreview|4\nSimolili rejected open team sheets.\n|\n|t:|1776382561\n|teamsize|p1|4\n|teamsize|p2|4\n|start\n|switch|p1a: Aerodactyl|Aerodactyl, L50, F|100/100\n|switch|p1b: Runerigus|Runerigus, L50, M|100/100\n|switch|p2a: Jerry|Garchomp, L50, F, shiny|100/100\n|switch|p2b: Cold Cut|Weavile, L50, F|100/100\n|-ability|p1a: Aerodactyl|Unnerve\n|-ability|p2b: Cold Cut|Pressure\n|turn|1\n|\n|t:|1776382594\n|detailschange|p2a: Jerry|Garchomp-Mega, L50, F, shiny\n|-mega|p2a: Jerry|Garchomp|Garchompite\n|move|p1a: Aerodactyl|Protect|p1a: Aerodactyl\n|-singleturn|p1a: Aerodactyl|Protect\n|move|p2b: Cold Cut|Fake Out|p1a: Aerodactyl\n|-activate|p1a: Aerodactyl|move: Protect\n|move|p2a: Jerry|Rock Slide|p1a: Aerodactyl|[spread] p1b\n|-activate|p1a: Aerodactyl|move: Protect\n|-resisted|p1b: Runerigus|1\n|-damage|p1b: Runerigus|91/100\n|move|p1b: Runerigus|Will-O-Wisp|p2a: Jerry\n|-status|p2a: Jerry|brn\n|\n|-heal|p1b: Runerigus|97/100|[from] item: Leftovers\n|-damage|p2a: Jerry|95/100 brn|[from] brn\n|upkeep\n|turn|2\n|\n|t:|1776382632\n|detailschange|p1a: Aerodactyl|Aerodactyl-Mega, L50, F\n|-mega|p1a: Aerodactyl|Aerodactyl|Aerodactylite\n|move|p2a: Jerry|Protect|p2a: Jerry\n|-singleturn|p2a: Jerry|Protect\n|move|p1a: Aerodactyl|Ice Fang|p2a: Jerry\n|-activate|p2a: Jerry|move: Protect\n|move|p2b: Cold Cut|Icicle Crash|p1a: Aerodactyl\n|-supereffective|p1a: Aerodactyl|1\n|-damage|p1a: Aerodactyl|0 fnt\n|faint|p1a: Aerodactyl\n|move|p1b: Runerigus|Body Press|p2b: Cold Cut\n|-supereffective|p2b: Cold Cut|2\n|-enditem|p2b: Cold Cut|Focus Sash\n|-damage|p2b: Cold Cut|1/100\n|\n|-heal|p1b: Runerigus|100/100|[from] item: Leftovers\n|-damage|p2a: Jerry|89/100 brn|[from] brn\n|upkeep\n|\n|t:|1776382649\n|switch|p1a: Torkoal|Torkoal, L50, M|100/100\n|-weather|SunnyDay|[from] ability: Drought|[of] p1a: Torkoal\n|turn|3\n|\n|t:|1776382664\n|switch|p2b: Big Red|Gyarados, L50, F, shiny|100/100\n|-ability|p2b: Big Red|Intimidate|boost\n|-unboost|p1a: Torkoal|atk|1\n|-unboost|p1b: Runerigus|atk|1\n|move|p1a: Torkoal|Protect|p1a: Torkoal\n|-singleturn|p1a: Torkoal|Protect\n|move|p2a: Jerry|Earthquake|p1b: Runerigus|[spread] p1b\n|-activate|p1a: Torkoal|move: Protect\n|-immune|p2b: Big Red\n|-damage|p1b: Runerigus|82/100\n|move|p1b: Runerigus|Poltergeist|p2a: Jerry\n|-activate|p2a: Jerry|move: Poltergeist|Garchompite\n|-damage|p2a: Jerry|69/100 brn\n|\n|-weather|SunnyDay|[upkeep]\n|-heal|p1b: Runerigus|88/100|[from] item: Leftovers\n|-damage|p2a: Jerry|63/100 brn|[from] brn\n|upkeep\n|turn|4\n|\n|t:|1776382694\n|move|p2a: Jerry|Earthquake|p1b: Runerigus|[spread] p1a,p1b\n|-immune|p2b: Big Red\n|-supereffective|p1a: Torkoal|1\n|-damage|p1a: Torkoal|68/100\n|-damage|p1b: Runerigus|70/100\n|move|p2b: Big Red|Sandstorm|p2b: Big Red\n|-weather|Sandstorm\n|move|p1b: Runerigus|Body Press|p2a: Jerry\n|-damage|p2a: Jerry|38/100 brn\n|move|p1a: Torkoal|Yawn|p2b: Big Red\n|-start|p2b: Big Red|move: Yawn|[of] p1a: Torkoal\n|\n|-weather|Sandstorm|[upkeep]\n|-damage|p2b: Big Red|95/100|[from] Sandstorm\n|-damage|p1a: Torkoal|62/100|[from] Sandstorm\n|-heal|p1b: Runerigus|75/100|[from] item: Leftovers\n|-damage|p2a: Jerry|32/100 brn|[from] brn\n|upkeep\n|turn|5\n|\n|t:|1776382721\n|switch|p2b: Jellybean|Bellibolt, L50, F|100/100\n|switch|p1a: Typhlosion|Typhlosion-Hisui, L50, M|100/100\n|-item|p2a: Jerry|Garchompite|[from] ability: Frisk|[of] p1a: Typhlosion\n|-item|p2b: Jellybean|Magnet|[from] ability: Frisk|[of] p1a: Typhlosion\n|move|p2a: Jerry|Rock Slide|p1b: Runerigus|[spread] p1a,p1b\n|-supereffective|p1a: Typhlosion|1\n|-resisted|p1b: Runerigus|1\n|-damage|p1a: Typhlosion|61/100\n|-damage|p1b: Runerigus|70/100\n|move|p1b: Runerigus|Body Press|p2a: Jerry\n|-damage|p2a: Jerry|10/100 brn\n|\n|-weather|Sandstorm|[upkeep]\n|-damage|p1a: Typhlosion|55/100|[from] Sandstorm\n|-damage|p2b: Jellybean|94/100|[from] Sandstorm\n|-heal|p1b: Runerigus|75/100|[from] item: Leftovers\n|-damage|p2a: Jerry|4/100 brn|[from] brn\n|upkeep\n|turn|6\n|\n|t:|1776382755\n|switch|p1b: Torkoal|Torkoal, L50, M|62/100\n|-weather|SunnyDay|[from] ability: Drought|[of] p1b: Torkoal\n|move|p1a: Typhlosion|Protect|p1a: Typhlosion\n|-singleturn|p1a: Typhlosion|Protect\n|move|p2b: Jellybean|Protect|p2b: Jellybean\n|-singleturn|p2b: Jellybean|Protect\n|move|p2a: Jerry|Earthquake|p1b: Torkoal|[spread] p1b\n|-activate|p2b: Jellybean|move: Protect\n|-activate|p1a: Typhlosion|move: Protect\n|-supereffective|p1b: Torkoal|1\n|-damage|p1b: Torkoal|32/100\n|\n|-weather|SunnyDay|[upkeep]\n|-damage|p2a: Jerry|0 fnt|[from] brn\n|faint|p2a: Jerry\n|upkeep\n|\n|t:|1776382776\n|switch|p2a: Cold Cut|Weavile, L50, F|1/100\n|-ability|p2a: Cold Cut|Pressure\n|turn|7\n|\n|t:|1776382792\n|move|p1b: Torkoal|Helping Hand|p1a: Typhlosion\n|-singleturn|p1a: Typhlosion|Helping Hand|[of] p1b: Torkoal\n|move|p2a: Cold Cut|Fake Out|p1b: Torkoal\n|-damage|p1b: Torkoal|22/100\n|move|p1a: Typhlosion|Heat Wave|p2a: Cold Cut|[spread] p2a,p2b\n|-supereffective|p2a: Cold Cut|1\n|-damage|p2a: Cold Cut|0 fnt\n|-damage|p2b: Jellybean|5/100\n|-start|p2b: Jellybean|Charge|Heat Wave|[from] ability: Electromorphosis\n|faint|p2a: Cold Cut\n|move|p2b: Jellybean|Light Screen|p2b: Jellybean\n|-sidestart|p2: Simolili|move: Light Screen\n|\n|-weather|SunnyDay|[upkeep]\n|upkeep\n|\n|t:|1776382805\n|switch|p2a: Big Red|Gyarados, L50, F, shiny|95/100\n|-ability|p2a: Big Red|Intimidate|boost\n|-unboost|p1a: Typhlosion|atk|1\n|-unboost|p1b: Torkoal|atk|1\n|turn|8\n|\n|t:|1776382838\n|switch|p1a: Runerigus|Runerigus, L50, M|75/100\n|move|p2b: Jellybean|Protect|p2b: Jellybean\n|-singleturn|p2b: Jellybean|Protect\n|move|p2a: Big Red|Waterfall|p1a: Runerigus\n|-supereffective|p1a: Runerigus|1\n|-damage|p1a: Runerigus|47/100\n|-activate|p2a: Big Red|Skill Swap|Wandering Spirit|Intimidate|[of] p1a: Runerigus\n|-ability|p1a: Runerigus|Intimidate|boost\n|-unboost|p2a: Big Red|atk|1\n|-unboost|p2b: Jellybean|atk|1\n|move|p1b: Torkoal|Yawn|p2a: Big Red\n|-start|p2a: Big Red|move: Yawn|[of] p1b: Torkoal\n|\n|-weather|SunnyDay|[upkeep]\n|-heal|p1a: Runerigus|53/100|[from] item: Leftovers\n|upkeep\n|turn|9\n|\n|t:|1776382878\n|move|p1b: Torkoal|Helping Hand|p1a: Runerigus\n|-singleturn|p1a: Runerigus|Helping Hand|[of] p1b: Torkoal\n|move|p2a: Big Red|Waterfall|p1b: Torkoal\n|-supereffective|p1b: Torkoal|1\n|-damage|p1b: Torkoal|4/100\n|move|p2b: Jellybean|Weather Ball|p1a: Runerigus\n|-damage|p1a: Runerigus|26/100\n|move|p1a: Runerigus|Poltergeist|p2a: Big Red\n|-activate|p2a: Big Red|move: Poltergeist|Sitrus Berry\n|-damage|p2a: Big Red|23/100\n|-enditem|p2a: Big Red|Sitrus Berry|[eat]\n|-heal|p2a: Big Red|48/100|[from] item: Sitrus Berry\n|\n|-weather|SunnyDay|[upkeep]\n|-heal|p1a: Runerigus|32/100|[from] item: Leftovers\n|-end|p2a: Big Red|move: Yawn|[silent]\n|-status|p2a: Big Red|slp\n|upkeep\n|turn|10\n|\n|t:|1776382912\n|move|p2b: Jellybean|Protect|p2b: Jellybean\n|-singleturn|p2b: Jellybean|Protect\n|cant|p2a: Big Red|slp\n|move|p1a: Runerigus|Poltergeist||[still]\n|-fail|p1a: Runerigus\n|move|p1b: Torkoal|Weather Ball|p2b: Jellybean\n|-activate|p2b: Jellybean|move: Protect\n|\n|-weather|none\n|-heal|p1a: Runerigus|38/100|[from] item: Leftovers\n|upkeep\n|turn|11\n|\n|t:|1776382945\n|move|p2b: Jellybean|Protect|p2b: Jellybean\n|-singleturn|p2b: Jellybean|Protect\n|cant|p2a: Big Red|slp\n|move|p1a: Runerigus|Body Press|p2b: Jellybean\n|-activate|p2b: Jellybean|move: Protect\n|move|p1b: Torkoal|Weather Ball|p2b: Jellybean\n|-activate|p2b: Jellybean|move: Protect\n|\n|-heal|p1a: Runerigus|44/100|[from] item: Leftovers\n|-sideend|p2: Simolili|move: Light Screen\n|upkeep\n|turn|12\n|\n|t:|1776382967\n|move|p2b: Jellybean|Protect||[still]\n|-fail|p2b: Jellybean\n|move|p1b: Torkoal|Protect|p1b: Torkoal\n|-singleturn|p1b: Torkoal|Protect\n|-curestatus|p2a: Big Red|slp|[msg]\n|move|p2a: Big Red|Waterfall|p1b: Torkoal\n|-activate|p1b: Torkoal|move: Protect\n|move|p1a: Runerigus|Will-O-Wisp|p2a: Big Red\n|-status|p2a: Big Red|brn\n|\n|-heal|p1a: Runerigus|50/100|[from] item: Leftovers\n|-damage|p2a: Big Red|42/100 brn|[from] brn\n|upkeep\n|turn|13\n|\n|t:|1776382994\n|move|p2b: Jellybean|Protect|p2b: Jellybean\n|-singleturn|p2b: Jellybean|Protect\n|move|p2a: Big Red|Waterfall|p1b: Torkoal\n|-supereffective|p1b: Torkoal|1\n|-damage|p1b: Torkoal|0 fnt\n|faint|p1b: Torkoal\n|move|p1a: Runerigus|Body Press|p2a: Big Red\n|-resisted|p2a: Big Red|1\n|-damage|p2a: Big Red|24/100 brn\n|-activate|p1a: Runerigus|Skill Swap|Wandering Spirit|Intimidate|[of] p2a: Big Red\n|-ability|p2a: Big Red|Intimidate|boost\n|-unboost|p1a: Runerigus|atk|1\n|\n|-heal|p1a: Runerigus|55/100|[from] item: Leftovers\n|-damage|p2a: Big Red|18/100 brn|[from] brn\n|upkeep\n|\n|t:|1776382999\n|switch|p1b: Typhlosion|Typhlosion-Hisui, L50, M|55/100\n|-item|p2b: Jellybean|Magnet|[from] ability: Frisk|[of] p1b: Typhlosion\n|turn|14\n|\n|t:|1776383019\n|move|p2a: Big Red|Waterfall|p1b: Typhlosion\n|-supereffective|p1b: Typhlosion|1\n|-damage|p1b: Typhlosion|21/100\n|cant|p1b: Typhlosion|flinch\n|move|p2b: Jellybean|Discharge|p1b: Typhlosion|[spread] p2a,p1b\n|-immune|p1a: Runerigus\n|-supereffective|p2a: Big Red|2\n|-damage|p2a: Big Red|0 fnt\n|-damage|p1b: Typhlosion|0 fnt\n|faint|p2a: Big Red\n|faint|p1b: Typhlosion\n|-end|p2b: Jellybean|Charge|[silent]\n|move|p1a: Runerigus|Body Press|p2b: Jellybean\n|-damage|p2b: Jellybean|0 fnt\n|faint|p2b: Jellybean\n|\n|win|mightypoopy\n|inactive|mightypoopy has 30 seconds to confirm battle start!\n|inactive|Simolili has 30 seconds to confirm battle start!\n|inactive|mightypoopy has 20 seconds to confirm battle start!\n|inactive|Simolili has 20 seconds to confirm battle start!\n||Simolili is ready for game 2.\n||mightypoopy is ready for game 2.\n|uhtml|next|Next: <a href=\"/battle-gen9championsvgc2026regma-2585936553\"><strong>Game 2 of 3</strong></a>\n",
  "uploadtime": 1776384210,
  "views": 45,
  "formatid": "gen9championsvgc2026regma",
  "rating": null,
  "private": 0,
  "password": null
}