{
  "id": "gen9championsvgc2026regma-2587046900",
  "format": "[Gen 9 Champions] VGC 2026 Reg M-A",
  "players": [
    "DERESHii",
    "TheRat1322"
  ],
  "log": "|j|\u2606DERESHii\n|j|\u2606TheRat1322\n|t:|1776486432\n|gametype|doubles\n|player|p1|DERESHii|burglar|1014\n|player|p2|TheRat1322|266|1017\n|gen|9\n|tier|[Gen 9 Champions] VGC 2026 Reg M-A\n|rated|\n|rule|Species Clause: Limit one of each Pok\u00e9mon\n|rule|Item Clause: Limit 1 of each item\n|clearpoke\n|poke|p1|Aggron, L50, F|\n|poke|p1|Incineroar, L50, M|\n|poke|p1|Sinistcha, L50|\n|poke|p1|Basculegion, L50, M|\n|poke|p1|Pelipper, L50, F|\n|poke|p1|Dragonite, L50, F|\n|poke|p2|Froslass, L50, F|\n|poke|p2|Sneasler, L50, F|\n|poke|p2|Sinistcha, L50|\n|poke|p2|Palafin, L50, M|\n|poke|p2|Rotom-Heat, L50|\n|poke|p2|Whimsicott, L50, M|\n|teampreview|4\nDERESHii has agreed to open team sheets.\nTheRat1322 rejected open team sheets.\n|inactive|Battle timer is ON: inactive players will automatically lose when time's up. (requested by TheRat1322)\n|\n|t:|1776486511\n|teamsize|p1|4\n|teamsize|p2|4\n|start\n|switch|p1a: Aggron|Aggron, L50, F|100/100\n|switch|p1b: Incineroar|Incineroar, L50, M|100/100\n|switch|p2a: Tampon|Whimsicott, L50, M|100/100\n|switch|p2b: The Dealer|Sneasler, L50, F|100/100\n|-ability|p1b: Incineroar|Intimidate|boost\n|-unboost|p2a: Tampon|atk|1\n|-unboost|p2b: The Dealer|atk|1\n|-enditem|p2b: The Dealer|White Herb\n|-clearnegativeboost|p2b: The Dealer|[silent]\n|turn|1\n|\n|t:|1776486535\n|detailschange|p1a: Aggron|Aggron-Mega, L50, F\n|-mega|p1a: Aggron|Aggron|Aggronite\n|move|p2b: The Dealer|Fake Out|p1a: Aggron\n|-resisted|p1a: Aggron|1\n|-damage|p1a: Aggron|97/100\n|move|p1b: Incineroar|Fake Out|p2a: Tampon\n|-damage|p2a: Tampon|82/100\n|cant|p2a: Tampon|flinch\n|cant|p1a: Aggron|flinch\n|\n|upkeep\n|turn|2\n|\n|t:|1776486550\n|move|p2a: Tampon|Taunt|p1b: Incineroar\n|-hint|Since gen 7, Dark is immune to Prankster moves.\n|-immune|p1b: Incineroar\n|move|p2b: The Dealer|Close Combat|p1a: Aggron\n|-supereffective|p1a: Aggron|1\n|-damage|p1a: Aggron|54/100\n|-unboost|p2b: The Dealer|def|1\n|-unboost|p2b: The Dealer|spd|1\n|move|p1b: Incineroar|Taunt|p2a: Tampon\n|-start|p2a: Tampon|move: Taunt\n|move|p1a: Aggron|Iron Defense|p1a: Aggron\n|-boost|p1a: Aggron|def|2\n|\n|upkeep\n|turn|3\n|c|\u2606TheRat1322|damn lowk forgot\n|\n|t:|1776486573\n|switch|p2a: Air Fryer|Rotom-Heat, L50|100/100\n|move|p2b: The Dealer|Close Combat|p1b: Incineroar\n|-supereffective|p1b: Incineroar|1\n|-damage|p1b: Incineroar|0 fnt\n|-unboost|p2b: The Dealer|def|1\n|-unboost|p2b: The Dealer|spd|1\n|faint|p1b: Incineroar\n|move|p1a: Aggron|Body Press|p2b: The Dealer\n|-resisted|p2b: The Dealer|1\n|-damage|p2b: The Dealer|0 fnt\n|faint|p2b: The Dealer\n|\n|upkeep\n|\n|t:|1776486586\n|switch|p2b: Tampon|Whimsicott, L50, M|82/100\n|switch|p1b: Basculegion|Basculegion, L50, M|100/100\n|turn|4\n|inactive|DERESHii has 30 seconds left.\n|\n|t:|1776486617\n|move|p2b: Tampon|Tailwind|p2b: Tampon\n|-sidestart|p2: TheRat1322|move: Tailwind\n|move|p2a: Air Fryer|Thunderbolt|p1b: Basculegion\n|-supereffective|p1b: Basculegion|1\n|-damage|p1b: Basculegion|13/100\n|move|p1b: Basculegion|Flip Turn|p2a: Air Fryer\n|-supereffective|p2a: Air Fryer|1\n|-damage|p2a: Air Fryer|24/100\n|\n|t:|1776486625\n|switch|p1b: Pelipper|Pelipper, L50, F|100/100|[from] Flip Turn\n|-weather|RainDance|[from] ability: Drizzle|[of] p1b: Pelipper\n|move|p1a: Aggron|Heavy Slam|p2b: Tampon\n|-supereffective|p2b: Tampon|1\n|-damage|p2b: Tampon|0 fnt\n|faint|p2b: Tampon\n|\n|-weather|RainDance|[upkeep]\n|-heal|p2a: Air Fryer|30/100|[from] item: Leftovers\n|upkeep\n|\n|t:|1776486635\n|switch|p2b: Satoru|Froslass, L50, F|100/100\n|turn|5\n|\n|t:|1776486659\n|detailschange|p2b: Satoru|Froslass-Mega, L50, F\n|-mega|p2b: Satoru|Froslass|Froslassite\n|-weather|Snowscape|[from] ability: Snow Warning|[of] p2b: Satoru\n|move|p2b: Satoru|Protect|p2b: Satoru\n|-singleturn|p2b: Satoru|Protect\n|move|p2a: Air Fryer|Thunderbolt|p1b: Pelipper\n|-supereffective|p1b: Pelipper|2\n|-enditem|p1b: Pelipper|Focus Sash\n|-damage|p1b: Pelipper|1/100\n|move|p1b: Pelipper|Weather Ball|p2a: Air Fryer\n|-resisted|p2a: Air Fryer|1\n|-damage|p2a: Air Fryer|16/100\n|move|p1a: Aggron|Heavy Slam|p2b: Satoru\n|-activate|p2b: Satoru|move: Protect\n|\n|-weather|Snowscape|[upkeep]\n|-heal|p2a: Air Fryer|22/100|[from] item: Leftovers\n|upkeep\n|turn|6\n|inactive|TheRat1322 has 30 seconds left.\n|\n|t:|1776486685\n|move|p2a: Air Fryer|Protect|p2a: Air Fryer\n|-singleturn|p2a: Air Fryer|Protect\n|move|p1b: Pelipper|Protect|p1b: Pelipper\n|-singleturn|p1b: Pelipper|Protect\n|move|p2b: Satoru|Aurora Veil|p2b: Satoru\n|-sidestart|p2: TheRat1322|move: Aurora Veil\n|move|p1a: Aggron|Heavy Slam|p2b: Satoru\n|-supereffective|p2b: Satoru|1\n|-damage|p2b: Satoru|15/100\n|\n|-weather|Snowscape|[upkeep]\n|-heal|p2a: Air Fryer|27/100|[from] item: Leftovers\n|upkeep\n|turn|7\n|inactive|DERESHii has 30 seconds left.\n|\n|t:|1776486713\n|move|p2b: Satoru|Protect|p2b: Satoru\n|-singleturn|p2b: Satoru|Protect\n|move|p2a: Air Fryer|Overheat|p1a: Aggron\n|-supereffective|p1a: Aggron|1\n|-damage|p1a: Aggron|0 fnt\n|-unboost|p2a: Air Fryer|spa|2\n|faint|p1a: Aggron\n|move|p1b: Pelipper|Tailwind|p1b: Pelipper\n|-sidestart|p1: DERESHii|move: Tailwind\n|\n|-weather|Snowscape|[upkeep]\n|-heal|p2a: Air Fryer|33/100|[from] item: Leftovers\n|-sideend|p2: TheRat1322|move: Tailwind\n|upkeep\n|\n|t:|1776486724\n|switch|p1a: Basculegion|Basculegion, L50, M|13/100\n|turn|8\n|\n|t:|1776486736\n|move|p1a: Basculegion|Last Respects|p2b: Satoru\n|-supereffective|p2b: Satoru|1\n|-damage|p2b: Satoru|0 fnt\n|faint|p2b: Satoru\n|move|p1b: Pelipper|Weather Ball|p2a: Air Fryer\n|-resisted|p2a: Air Fryer|1\n|-damage|p2a: Air Fryer|22/100\n|move|p2a: Air Fryer|Thunderbolt|p1a: Basculegion\n|-supereffective|p1a: Basculegion|1\n|-damage|p1a: Basculegion|0 fnt\n|faint|p1a: Basculegion\n|\n|-weather|Snowscape|[upkeep]\n|-heal|p2a: Air Fryer|28/100|[from] item: Leftovers\n|upkeep\n|turn|9\n|\n|t:|1776486753\n|move|p1b: Pelipper|Hurricane|p2a: Air Fryer\n|-resisted|p2a: Air Fryer|1\n|-damage|p2a: Air Fryer|11/100\n|-start|p2a: Air Fryer|confusion\n|-activate|p2a: Air Fryer|confusion\n|move|p2a: Air Fryer|Thunderbolt|p1b: Pelipper\n|-supereffective|p1b: Pelipper|2\n|-damage|p1b: Pelipper|0 fnt\n|faint|p1b: Pelipper\n|\n|win|TheRat1322\n|raw|DERESHii's rating: 1014 &rarr; <strong>1002</strong><br />(-12 for losing)\n|raw|TheRat1322's rating: 1017 &rarr; <strong>1054</strong><br />(+37 for winning)\n|c|\u2606TheRat1322|gg\n|c|\u2606DERESHii|gg\n|l|\u2606DERESHii\n|player|p1|\n",
  "uploadtime": 1776486766,
  "views": 13,
  "formatid": "gen9championsvgc2026regma",
  "rating": 1002,
  "private": 0,
  "password": null
}