{
  "id": "gen9championsvgc2026regma-2586629752",
  "format": "[Gen 9 Champions] VGC 2026 Reg M-A",
  "players": [
    "bullgod4ever",
    "callmelexi"
  ],
  "log": "|j|\u2606bullgod4ever\n|j|\u2606callmelexi\n|t:|1776448031\n|gametype|doubles\n|player|p1|bullgod4ever|265|1383\n|player|p2|callmelexi|rosa|1469\n|gen|9\n|tier|[Gen 9 Champions] VGC 2026 Reg M-A\n|rated|\n|rule|Species Clause: Limit one of each Pok\u00e9mon\n|rule|Item Clause: Limit 1 of each item\n|clearpoke\n|poke|p1|Charizard, L50, F|\n|poke|p1|Garchomp, L50, F|\n|poke|p1|Venusaur, L50, M|\n|poke|p1|Basculegion, L50, M|\n|poke|p1|Incineroar, L50, M|\n|poke|p1|Scizor, L50, F|\n|poke|p2|Froslass, L50, F|\n|poke|p2|Incineroar, L50, F|\n|poke|p2|Oranguru, L50, M|\n|poke|p2|Drampa, L50, F|\n|poke|p2|Kingambit, L50, F|\n|poke|p2|Sneasler, L50, F|\n|teampreview|4\n|inactive|Battle timer is ON: inactive players will automatically lose when time's up. (requested by callmelexi)\n|inactive|bullgod4ever has 60 seconds left.\n|inactive|bullgod4ever has 30 seconds left.\n|inactive|bullgod4ever has 20 seconds left.\n|inactive|bullgod4ever has 15 seconds left.\n|inactive|bullgod4ever has 10 seconds left.\n|\n|t:|1776448114\n|teamsize|p1|4\n|teamsize|p2|4\n|start\n|switch|p1a: Scizor|Scizor, L50, F|100/100\n|switch|p1b: Garchomp|Garchomp, L50, F|100/100\n|switch|p2a: Incineroar|Incineroar, L50, F|100/100\n|switch|p2b: Oranguru|Oranguru, L50, M|100/100\n|-ability|p2a: Incineroar|Intimidate|boost\n|-unboost|p1a: Scizor|atk|1\n|-unboost|p1b: Garchomp|atk|1\n|-enditem|p1b: Garchomp|White Herb\n|-clearnegativeboost|p1b: Garchomp|[silent]\n|turn|1\n|\n|t:|1776448136\n|switch|p1a: Charizard|Charizard, L50, F|100/100\n|move|p2a: Incineroar|Fake Out|p1a: Charizard\n|-damage|p1a: Charizard|84/100\n|move|p1b: Garchomp|Earthquake|p2a: Incineroar|[spread] p2a,p2b\n|-immune|p1a: Charizard\n|-supereffective|p2a: Incineroar|1\n|-damage|p2a: Incineroar|26/100\n|-damage|p2b: Oranguru|70/100\n|-enditem|p2a: Incineroar|Sitrus Berry|[eat]\n|-heal|p2a: Incineroar|51/100|[from] item: Sitrus Berry\n|move|p2b: Oranguru|Trick Room|p2b: Oranguru\n|-fieldstart|move: Trick Room|[of] p2b: Oranguru\n|\n|upkeep\n|turn|2\n|inactive|bullgod4ever has 30 seconds left.\n|\n|t:|1776448162\n|move|p2b: Oranguru|Psychic|p1a: Charizard\n|-damage|p1a: Charizard|45/100\n|move|p2a: Incineroar|Parting Shot|p1a: Charizard\n|-unboost|p1a: Charizard|atk|1\n|-unboost|p1a: Charizard|spa|1\n|\n|t:|1776448167\n|switch|p2a: Drampa|Drampa, L50, F|100/100|[from] Parting Shot\n|-ability|p2a: Drampa|Cloud Nine\n|move|p1a: Charizard|Heat Wave|p2b: Oranguru|[spread] p2a,p2b\n|-resisted|p2a: Drampa|1\n|-damage|p2a: Drampa|89/100\n|-damage|p2b: Oranguru|51/100\n|move|p1b: Garchomp|Earthquake|p2a: Drampa|[spread] p2a,p2b\n|-immune|p1a: Charizard\n|-damage|p2a: Drampa|45/100\n|-damage|p2b: Oranguru|21/100\n|\n|upkeep\n|turn|3\n|\n|t:|1776448188\n|detailschange|p2a: Drampa|Drampa-Mega, L50, F\n|-mega|p2a: Drampa|Drampa|Drampanite\n|move|p1b: Garchomp|Protect|p1b: Garchomp\n|-singleturn|p1b: Garchomp|Protect\n|move|p2a: Drampa|Hyper Voice|p1b: Garchomp|[spread] p1a\n|-activate|p1b: Garchomp|move: Protect\n|-damage|p1a: Charizard|0 fnt\n|faint|p1a: Charizard\n|move|p2b: Oranguru|Instruct|p2a: Drampa\n|-singleturn|p2a: Drampa|move: Instruct|[of] p2b: Oranguru\n|move|p2a: Drampa|Hyper Voice|p1b: Garchomp\n|-activate|p1b: Garchomp|move: Protect\n|\n|upkeep\n|\n|t:|1776448204\n|switch|p1a: Scizor|Scizor, L50, F|100/100\n|turn|4\n|inactive|callmelexi has 30 seconds left.\n|inactive|bullgod4ever has 30 seconds left.\n|inactive|callmelexi has 20 seconds left.\n|\n|t:|1776448246\n|switch|p2b: Incineroar|Incineroar, L50, F|51/100\n|-ability|p2b: Incineroar|Intimidate|boost\n|-unboost|p1a: Scizor|atk|1\n|-unboost|p1b: Garchomp|atk|1\n|switch|p1b: Basculegion|Basculegion, L50, M|100/100\n|detailschange|p1a: Scizor|Scizor-Mega, L50, F\n|-mega|p1a: Scizor|Scizor|Scizorite\n|move|p1a: Scizor|Bullet Punch|p2a: Drampa\n|-damage|p2a: Drampa|22/100\n|move|p2a: Drampa|Draco Meteor|p1b: Basculegion\n|-damage|p1b: Basculegion|9/100\n|-unboost|p2a: Drampa|spa|2\n|\n|upkeep\n|turn|5\n|inactive|bullgod4ever has 30 seconds left.\n|inactive|callmelexi has 30 seconds left.\n|inactive|callmelexi has 20 seconds left.\n|inactive|callmelexi has 15 seconds left.\n|\n|t:|1776448290\n|switch|p2a: Oranguru|Oranguru, L50, M|21/100\n|switch|p1a: Garchomp|Garchomp, L50, F|100/100\n|move|p2b: Incineroar|Snarl|p1b: Basculegion|[spread] p1a,p1b\n|-supereffective|p1b: Basculegion|1\n|-damage|p1a: Garchomp|90/100\n|-damage|p1b: Basculegion|0 fnt\n|-unboost|p1a: Garchomp|spa|1\n|faint|p1b: Basculegion\n|\n|-fieldend|move: Trick Room\n|upkeep\n|\n|t:|1776448303\n|switch|p1b: Scizor|Scizor-Mega, L50, F|100/100\n|turn|6\n|inactive|callmelexi has 30 seconds left.\n|inactive|bullgod4ever has 30 seconds left.\n|inactive|callmelexi has 20 seconds left.\n|inactive|callmelexi has 15 seconds left.\n|inactive|callmelexi has 10 seconds left.\n|\n|t:|1776448350\n|switch|p2b: Drampa|Drampa-Mega, L50, F|22/100\n|move|p1b: Scizor|Bullet Punch|p2b: Drampa\n|-damage|p2b: Drampa|0 fnt\n|faint|p2b: Drampa\n|move|p1a: Garchomp|Rock Slide|p2a: Oranguru|[miss]\n|-miss|p1a: Garchomp|p2a: Oranguru\n|move|p2a: Oranguru|Trick Room|p2a: Oranguru\n|-fieldstart|move: Trick Room|[of] p2a: Oranguru\n|\n|upkeep\n|\n|t:|1776448360\n|switch|p2b: Incineroar|Incineroar, L50, F|51/100\n|-ability|p2b: Incineroar|Intimidate|boost\n|-unboost|p1a: Garchomp|atk|1\n|-unboost|p1b: Scizor|atk|1\n|turn|7\n|\n|t:|1776448379\n|move|p1b: Scizor|Protect|p1b: Scizor\n|-singleturn|p1b: Scizor|Protect\n|move|p2b: Incineroar|Fake Out|p1b: Scizor\n|-activate|p1b: Scizor|move: Protect\n|move|p2a: Oranguru|Encore|p1a: Garchomp\n|-start|p1a: Garchomp|Encore\n|move|p1a: Garchomp|Rock Slide|p2a: Oranguru|[spread] p2a,p2b\n|-supereffective|p2b: Incineroar|1\n|-damage|p2a: Oranguru|10/100\n|-damage|p2b: Incineroar|28/100\n|\n|upkeep\n|turn|8\n|\n|t:|1776448394\n|move|p1b: Scizor|Bullet Punch|p2b: Incineroar\n|-resisted|p2b: Incineroar|1\n|-damage|p2b: Incineroar|16/100\n|move|p2a: Oranguru|Psychic|p1a: Garchomp\n|-damage|p1a: Garchomp|58/100\n|-unboost|p1a: Garchomp|spd|1\n|move|p2b: Incineroar|Flare Blitz|p1b: Scizor\n|-supereffective|p1b: Scizor|2\n|-damage|p1b: Scizor|0 fnt\n|faint|p1b: Scizor\n|-damage|p2b: Incineroar|0 fnt|[from] Recoil\n|faint|p2b: Incineroar\n|move|p1a: Garchomp|Rock Slide|p2a: Oranguru\n|-damage|p2a: Oranguru|0 fnt\n|faint|p2a: Oranguru\n|\n|upkeep\n|\n|t:|1776448399\n|switch|p2b: Sneasler|Sneasler, L50, F|100/100\n|turn|9\n|\n|t:|1776448417\n|move|p1a: Garchomp|Rock Slide|p2b: Sneasler\n|-resisted|p2b: Sneasler|1\n|-damage|p2b: Sneasler|86/100\n|move|p2b: Sneasler|Close Combat|p1a: Garchomp\n|-damage|p1a: Garchomp|0 fnt\n|-unboost|p2b: Sneasler|def|1\n|-unboost|p2b: Sneasler|spd|1\n|-damage|p2b: Sneasler|74/100|[from] ability: Rough Skin|[of] p1a: Garchomp\n|faint|p1a: Garchomp\n|\n|win|callmelexi\n|raw|bullgod4ever's rating: 1383 &rarr; <strong>1368</strong><br />(-15 for losing)\n|raw|callmelexi's rating: 1469 &rarr; <strong>1484</strong><br />(+15 for winning)\n",
  "uploadtime": 1776448427,
  "views": 62,
  "formatid": "gen9championsvgc2026regma",
  "rating": 1368,
  "private": 0,
  "password": null
}