{
  "id": "gen9championsvgc2026regma-2585347403",
  "format": "[Gen 9 Champions] VGC 2026 Reg M-A",
  "players": [
    "Pastor/Sinner",
    "Mexaca10"
  ],
  "log": "|j|\u2606Pastor/Sinner\n|j|\u2606Mexaca10\n|t:|1776340070\n|gametype|doubles\n|player|p1|Pastor/Sinner|265|1140\n|player|p2|Mexaca10|1|1062\n|gen|9\n|tier|[Gen 9 Champions] VGC 2026 Reg M-A\n|rated|\n|rule|Species Clause: Limit one of each Pok\u00e9mon\n|rule|Item Clause: Limit 1 of each item\n|clearpoke\n|poke|p1|Tyranitar, L50, F|\n|poke|p1|Froslass, L50, F|\n|poke|p1|Aerodactyl, L50, F|\n|poke|p1|Vanilluxe, L50, F|\n|poke|p1|Milotic, L50, F|\n|poke|p1|Arcanine-Hisui, L50, M|\n|poke|p2|Scovillain, L50, F|\n|poke|p2|Farigiraf, L50, M|\n|poke|p2|Kingambit, L50, M|\n|poke|p2|Torkoal, L50, F|\n|poke|p2|Gardevoir, L50, F|\n|poke|p2|Sneasler, L50, M|\n|teampreview|4\n|inactive|Battle timer is ON: inactive players will automatically lose when time's up. (requested by Mexaca10)\n|inactiveoff|Battle timer is now OFF.\n|inactive|Battle timer is ON: inactive players will automatically lose when time's up. (requested by Pastor/Sinner)\n|\n|t:|1776340116\n|teamsize|p1|4\n|teamsize|p2|4\n|start\n|switch|p1a: Aerodactyl|Aerodactyl, L50, F|100/100\n|switch|p1b: Arcanine|Arcanine-Hisui, L50, M|100/100\n|switch|p2a: Kingambit|Kingambit, L50, M|100/100\n|switch|p2b: Sneasler|Sneasler, L50, M|100/100\n|-ability|p1a: Aerodactyl|Unnerve\n|-ability|p1b: Arcanine|Intimidate|boost\n|-unboost|p2a: Kingambit|atk|1\n|-ability|p2a: Kingambit|Defiant|boost\n|-boost|p2a: Kingambit|atk|2\n|-unboost|p2b: Sneasler|atk|1\n|-enditem|p2b: Sneasler|White Herb\n|-clearnegativeboost|p2b: Sneasler|[silent]\n|turn|1\n|\n|t:|1776340136\n|move|p1a: Aerodactyl|Protect|p1a: Aerodactyl\n|-singleturn|p1a: Aerodactyl|Protect\n|move|p2b: Sneasler|Fake Out|p1b: Arcanine\n|-resisted|p1b: Arcanine|1\n|-damage|p1b: Arcanine|91/100\n|cant|p1b: Arcanine|flinch\n|move|p2a: Kingambit|Iron Head|p1a: Aerodactyl\n|-activate|p1a: Aerodactyl|move: Protect\n|\n|upkeep\n|turn|2\n|\n|t:|1776340149\n|move|p2b: Sneasler|Close Combat|p1b: Arcanine\n|-supereffective|p1b: Arcanine|1\n|-damage|p1b: Arcanine|0 fnt\n|-unboost|p2b: Sneasler|def|1\n|-unboost|p2b: Sneasler|spd|1\n|faint|p1b: Arcanine\n|move|p1a: Aerodactyl|Dual Wingbeat|p2b: Sneasler\n|-supereffective|p2b: Sneasler|1\n|-damage|p2b: Sneasler|3/100\n|-supereffective|p2b: Sneasler|1\n|-damage|p2b: Sneasler|0 fnt\n|faint|p2b: Sneasler\n|-hitcount|p2: Sneasler|2\n|move|p2a: Kingambit|Iron Head|p1a: Aerodactyl\n|-supereffective|p1a: Aerodactyl|1\n|-enditem|p1a: Aerodactyl|Focus Sash\n|-damage|p1a: Aerodactyl|1/100\n|\n|upkeep\n|\n|t:|1776340167\n|switch|p2b: Farigiraf|Farigiraf, L50, M|100/100\n|switch|p1b: Da Mama|Tyranitar, L50, F, shiny|100/100\n|-weather|Sandstorm|[from] ability: Sand Stream|[of] p1b: Da Mama\n|turn|3\n|\n|t:|1776340190\n|detailschange|p1b: Da Mama|Tyranitar-Mega, L50, F, shiny\n|-mega|p1b: Da Mama|Tyranitar|Tyranitarite\n|move|p2a: Kingambit|Sucker Punch|p1a: Aerodactyl\n|-damage|p1a: Aerodactyl|0 fnt\n|faint|p1a: Aerodactyl\n|move|p1b: Da Mama|Low Kick|p2a: Kingambit\n|-supereffective|p2a: Kingambit|2\n|-damage|p2a: Kingambit|0 fnt\n|faint|p2a: Kingambit\n|move|p2b: Farigiraf|Trick Room|p2b: Farigiraf\n|-fieldstart|move: Trick Room|[of] p2b: Farigiraf\n|\n|-weather|Sandstorm|[upkeep]\n|-damage|p2b: Farigiraf|94/100|[from] Sandstorm\n|upkeep\n|\n|t:|1776340203\n|switch|p2a: Torkoal|Torkoal, L50, F|100/100\n|switch|p1a: Ten Twinkies|Milotic, L50, F, shiny|100/100\n|-weather|SunnyDay|[from] ability: Drought|[of] p2a: Torkoal\n|turn|4\n|\n|t:|1776340219\n|move|p2a: Torkoal|Earth Power|p1b: Da Mama\n|-supereffective|p1b: Da Mama|1\n|-damage|p1b: Da Mama|63/100\n|move|p2b: Farigiraf|Hyper Voice|p1a: Ten Twinkies|[spread] p1a,p1b\n|-resisted|p1b: Da Mama|1\n|-damage|p1a: Ten Twinkies|80/100\n|-damage|p1b: Da Mama|51/100\n|move|p1a: Ten Twinkies|Muddy Water|p2a: Torkoal|[spread] p2b\n|-miss|p1a: Ten Twinkies|p2a: Torkoal\n|-damage|p2b: Farigiraf|83/100\n|move|p1b: Da Mama|Rock Slide|p2b: Farigiraf|[spread] p2a,p2b\n|-supereffective|p2a: Torkoal|1\n|-damage|p2a: Torkoal|49/100\n|-damage|p2b: Farigiraf|46/100\n|-enditem|p2b: Farigiraf|Sitrus Berry|[eat]\n|-heal|p2b: Farigiraf|71/100|[from] item: Sitrus Berry\n|\n|-weather|SunnyDay|[upkeep]\n|-heal|p1a: Ten Twinkies|86/100|[from] item: Leftovers\n|upkeep\n|turn|5\n|\n|t:|1776340241\n|move|p1b: Da Mama|Protect|p1b: Da Mama\n|-singleturn|p1b: Da Mama|Protect\n|move|p2a: Torkoal|Earth Power|p1b: Da Mama\n|-activate|p1b: Da Mama|move: Protect\n|move|p2b: Farigiraf|Hyper Voice|p1a: Ten Twinkies|[spread] p1a\n|-activate|p1b: Da Mama|move: Protect\n|-damage|p1a: Ten Twinkies|62/100\n|move|p1a: Ten Twinkies|Dragon Pulse|p2a: Torkoal\n|-damage|p2a: Torkoal|19/100\n|\n|-weather|SunnyDay|[upkeep]\n|-heal|p1a: Ten Twinkies|69/100|[from] item: Leftovers\n|upkeep\n|turn|6\n|\n|t:|1776340264\n|move|p2a: Torkoal|Earth Power|p1b: Da Mama\n|-supereffective|p1b: Da Mama|1\n|-damage|p1b: Da Mama|14/100\n|move|p2b: Farigiraf|Hyper Voice|p1a: Ten Twinkies|[spread] p1a,p1b\n|-resisted|p1b: Da Mama|1\n|-damage|p1a: Ten Twinkies|47/100\n|-damage|p1b: Da Mama|1/100\n|move|p1a: Ten Twinkies|Muddy Water|p2b: Farigiraf|[spread] p2a,p2b\n|-supereffective|p2a: Torkoal|1\n|-damage|p2a: Torkoal|0 fnt\n|-damage|p2b: Farigiraf|58/100\n|-unboost|p2b: Farigiraf|accuracy|1\n|faint|p2a: Torkoal\n|move|p1b: Da Mama|Rock Slide|p2b: Farigiraf\n|-damage|p2b: Farigiraf|13/100\n|\n|-weather|SunnyDay|[upkeep]\n|-heal|p1a: Ten Twinkies|53/100|[from] item: Leftovers\n|upkeep\n|turn|7\n|\n|t:|1776340283\n|move|p1b: Da Mama|Protect|p1b: Da Mama\n|-singleturn|p1b: Da Mama|Protect\n|move|p2b: Farigiraf|Hyper Voice|p1a: Ten Twinkies|[spread] p1a\n|-activate|p1b: Da Mama|move: Protect\n|-damage|p1a: Ten Twinkies|32/100\n|move|p1a: Ten Twinkies|Dragon Pulse|p2b: Farigiraf\n|-damage|p2b: Farigiraf|0 fnt\n|faint|p2b: Farigiraf\n|\n|win|Pastor/Sinner\n|raw|Pastor&#x2f;Sinner's rating: 1140 &rarr; <strong>1159</strong><br />(+19 for winning)\n|raw|Mexaca10's rating: 1062 &rarr; <strong>1047</strong><br />(-15 for losing)\n|l|\u2606Mexaca10\n|player|p2|\n",
  "uploadtime": 1776340294,
  "views": 43,
  "formatid": "gen9championsvgc2026regma",
  "rating": 1047,
  "private": 0,
  "password": null
}