{
  "id": "gen9championsvgc2026regma-2586923242",
  "format": "[Gen 9 Champions] VGC 2026 Reg M-A",
  "players": [
    "SirFish543",
    "Wo-Chien<3"
  ],
  "log": "|j|\u2606SirFish543\n|j|\u2606Wo-Chien<3\n|t:|1776472187\n|gametype|doubles\n|player|p1|SirFish543|170|1071\n|player|p2|Wo-Chien<3|miku-ground|1126\n|gen|9\n|tier|[Gen 9 Champions] VGC 2026 Reg M-A\n|rated|\n|rule|Species Clause: Limit one of each Pok\u00e9mon\n|rule|Item Clause: Limit 1 of each item\n|clearpoke\n|poke|p1|Abomasnow, L50, M|\n|poke|p1|Slowking, L50, F|\n|poke|p1|Cofagrigus, L50, M|\n|poke|p1|Arcanine, L50, F|\n|poke|p1|Machamp, L50, M|\n|poke|p1|Lopunny, L50, M|\n|poke|p2|Froslass, L50, F|\n|poke|p2|Rotom-Frost, L50|\n|poke|p2|Sneasler, L50, M|\n|poke|p2|Kingambit, L50, M|\n|poke|p2|Garchomp, L50, M|\n|poke|p2|Aerodactyl, L50, F|\n|teampreview|4\n|\n|t:|1776472219\n|teamsize|p1|4\n|teamsize|p2|4\n|start\n|switch|p1a: Arcanine|Arcanine, L50, F|100/100\n|switch|p1b: Lopunny|Lopunny, L50, M|100/100\n|switch|p2a: Sneasler|Sneasler, L50, M|100/100\n|switch|p2b: Kingambit|Kingambit, L50, M|100/100\n|turn|1\n|\n|t:|1776472236\n|switch|p2b: Aerodactyl|Aerodactyl, L50, F|100/100\n|-ability|p2b: Aerodactyl|Unnerve\n|move|p2a: Sneasler|Protect|p2a: Sneasler\n|-singleturn|p2a: Sneasler|Protect\n|move|p1b: Lopunny|Fake Out|p2a: Sneasler\n|-activate|p2a: Sneasler|move: Protect\n|move|p1a: Arcanine|Flare Blitz|p2b: Aerodactyl\n|-resisted|p2b: Aerodactyl|1\n|-damage|p2b: Aerodactyl|53/100\n|-damage|p1a: Arcanine|86/100|[from] Recoil\n|\n|upkeep\n|turn|2\n|\n|t:|1776472253\n|switch|p1b: Cofagrigus|Cofagrigus, L50, M|100/100\n|move|p2b: Aerodactyl|Rock Slide|p1a: Arcanine|[spread] p1a,p1b\n|-supereffective|p1a: Arcanine|1\n|-damage|p1a: Arcanine|16/100\n|-damage|p1b: Cofagrigus|82/100\n|move|p2a: Sneasler|Close Combat|p1b: Cofagrigus\n|-immune|p1b: Cofagrigus\n|move|p1a: Arcanine|Wild Charge|p2b: Aerodactyl\n|-supereffective|p2b: Aerodactyl|1\n|-damage|p2b: Aerodactyl|0 fnt\n|faint|p2b: Aerodactyl\n|-damage|p1a: Arcanine|3/100|[from] Recoil\n|\n|upkeep\n|\n|t:|1776472270\n|switch|p2b: Froslass|Froslass, L50, F|100/100\n|turn|3\n|\n|t:|1776472279\n|detailschange|p2b: Froslass|Froslass-Mega, L50, F\n|-mega|p2b: Froslass|Froslass|Froslassite\n|-weather|Snowscape|[from] ability: Snow Warning|[of] p2b: Froslass\n|move|p2b: Froslass|Shadow Ball|p1b: Cofagrigus\n|-supereffective|p1b: Cofagrigus|1\n|-damage|p1b: Cofagrigus|0 fnt\n|faint|p1b: Cofagrigus\n|move|p2a: Sneasler|Dire Claw|p1a: Arcanine\n|-damage|p1a: Arcanine|0 fnt\n|faint|p1a: Arcanine\n|\n|-weather|Snowscape|[upkeep]\n|upkeep\n|\n|t:|1776472292\n|switch|p1a: Lopunny|Lopunny, L50, M|100/100\n|switch|p1b: Machamp|Machamp, L50, M|100/100\n|turn|4\n|\n|t:|1776472311\n|move|p1a: Lopunny|Fake Out|p2a: Sneasler\n|-damage|p2a: Sneasler|73/100\n|move|p2b: Froslass|Blizzard|p1a: Lopunny|[spread] p1a,p1b\n|-damage|p1a: Lopunny|36/100\n|-damage|p1b: Machamp|56/100\n|cant|p2a: Sneasler|flinch\n|move|p1b: Machamp|Rock Slide|p2a: Sneasler|[spread] p2a,p2b\n|-resisted|p2a: Sneasler|1\n|-supereffective|p2b: Froslass|1\n|-damage|p2a: Sneasler|57/100\n|-damage|p2b: Froslass|60/100\n|\n|-weather|Snowscape|[upkeep]\n|-heal|p1b: Machamp|62/100|[from] item: Leftovers\n|upkeep\n|turn|5\n|\n|t:|1776472332\n|move|p1a: Lopunny|Mach Punch|p2a: Sneasler\n|-resisted|p2a: Sneasler|1\n|-damage|p2a: Sneasler|48/100\n|move|p1b: Machamp|Bullet Punch|p2b: Froslass\n|-supereffective|p2b: Froslass|1\n|-damage|p2b: Froslass|31/100\n|move|p2b: Froslass|Blizzard|p1a: Lopunny|[spread] p1a,p1b\n|-damage|p1a: Lopunny|0 fnt\n|-damage|p1b: Machamp|14/100\n|faint|p1a: Lopunny\n|move|p2a: Sneasler|Close Combat|p1b: Machamp\n|-crit|p1b: Machamp\n|-damage|p1b: Machamp|0 fnt\n|-unboost|p2a: Sneasler|def|1\n|-unboost|p2a: Sneasler|spd|1\n|faint|p1b: Machamp\n|\n|win|Wo-Chien<3\n|raw|SirFish543's rating: 1071 &rarr; <strong>1054</strong><br />(-17 for losing)\n|raw|Wo-Chien&lt;3's rating: 1126 &rarr; <strong>1147</strong><br />(+21 for winning)\n",
  "uploadtime": 1776472339,
  "views": 19,
  "formatid": "gen9championsvgc2026regma",
  "rating": 1054,
  "private": 0,
  "password": null
}