{
  "id": "gen9championsvgc2026regma-2580795307",
  "format": "[Gen 9 Champions] VGC 2026 Reg M-A",
  "players": [
    "mihaelketchup",
    "Marky_7"
  ],
  "log": "|j|\u2606mihaelketchup\n|j|\u2606Marky_7\n|t:|1775933105\n|gametype|doubles\n|player|p1|mihaelketchup|burgh|1105\n|player|p2|Marky_7|blue|1095\n|gen|9\n|tier|[Gen 9 Champions] VGC 2026 Reg M-A\n|rated|\n|rule|Species Clause: Limit one of each Pok\u00e9mon\n|rule|Item Clause: Limit 1 of each item\n|clearpoke\n|poke|p1|Charizard, L50, F|\n|poke|p1|Maushold-Four, L50|\n|poke|p1|Sneasler, L50, M|\n|poke|p1|Kingambit, L50, F|\n|poke|p1|Dragapult, L50, F|\n|poke|p1|Garchomp, L50, F|\n|poke|p2|Snorlax, L50, M|\n|poke|p2|Hawlucha, L50, M|\n|poke|p2|Sinistcha, L50|\n|poke|p2|Incineroar, L50, F|\n|poke|p2|Garchomp, L50, M|\n|poke|p2|Tyranitar, L50, M|\n|teampreview|4\n|\n|t:|1775933133\n|teamsize|p1|4\n|teamsize|p2|4\n|start\n|switch|p1a: Sneasler|Sneasler, L50, M|100/100\n|switch|p1b: Maushold|Maushold-Four, L50|100/100\n|switch|p2a: Snorlax|Snorlax, L50, M|100/100\n|switch|p2b: Hawlucha|Hawlucha, L50, M|100/100\n|-ability|p1a: Sneasler|Pressure\n|turn|1\n|\n|t:|1775933154\n|detailschange|p2b: Hawlucha|Hawlucha-Mega, L50, M\n|-mega|p2b: Hawlucha|Hawlucha|Hawluchanite\n|move|p1a: Sneasler|Fake Out|p2a: Snorlax\n|-damage|p2a: Snorlax|88/100\n|move|p2b: Hawlucha|Brave Bird|p1a: Sneasler\n|-supereffective|p1a: Sneasler|1\n|-crit|p1a: Sneasler\n|-enditem|p1a: Sneasler|Focus Sash\n|-damage|p1a: Sneasler|1/100\n|-damage|p2b: Hawlucha|68/100|[from] Recoil\n|move|p1b: Maushold|Encore|p2b: Hawlucha\n|-start|p2b: Hawlucha|Encore\n|cant|p2a: Snorlax|flinch\n|\n|-heal|p2a: Snorlax|94/100|[from] item: Leftovers\n|upkeep\n|turn|2\n|\n|t:|1775933176\n|move|p1b: Maushold|Follow Me|p1b: Maushold\n|-singleturn|p1b: Maushold|move: Follow Me\n|move|p1a: Sneasler|Close Combat|p2a: Snorlax\n|-supereffective|p2a: Snorlax|1\n|-damage|p2a: Snorlax|0 fnt\n|-unboost|p1a: Sneasler|def|1\n|-unboost|p1a: Sneasler|spd|1\n|faint|p2a: Snorlax\n|move|p2b: Hawlucha|Brave Bird|p1b: Maushold\n|-damage|p1b: Maushold|21/100\n|-damage|p2b: Hawlucha|37/100|[from] Recoil\n|\n|upkeep\n|\n|t:|1775933187\n|switch|p2a: Incineroar|Incineroar, L50, F|100/100\n|-ability|p2a: Incineroar|Intimidate|boost\n|-unboost|p1a: Sneasler|atk|1\n|-unboost|p1b: Maushold|atk|1\n|turn|3\n|\n|t:|1775933202\n|switch|p1a: Dragapult|Dragapult, L50, F|100/100\n|move|p2a: Incineroar|Fake Out|p1b: Maushold\n|-damage|p1b: Maushold|7/100\n|move|p2b: Hawlucha|Brave Bird|p1a: Dragapult\n|-damage|p1a: Dragapult|33/100\n|-damage|p2b: Hawlucha|13/100|[from] Recoil\n|cant|p1b: Maushold|flinch\n|\n|upkeep\n|turn|4\n|\n|t:|1775933248\n|switch|p2b: Tyranitar|Tyranitar, L50, M|100/100\n|-weather|Sandstorm|[from] ability: Sand Stream|[of] p2b: Tyranitar\n|move|p1a: Dragapult|Shadow Ball|p2b: Tyranitar\n|-resisted|p2b: Tyranitar|1\n|-damage|p2b: Tyranitar|90/100\n|move|p1b: Maushold|Encore|p2a: Incineroar\n|-start|p2a: Incineroar|Encore\n|move|p2a: Incineroar|Fake Out||[still]\n|-hint|Fake Out only works on your first turn out.\n|-fail|p2a: Incineroar\n|\n|-weather|Sandstorm|[upkeep]\n|-damage|p1a: Dragapult|27/100|[from] Sandstorm\n|-damage|p1b: Maushold|1/100|[from] Sandstorm\n|-damage|p2a: Incineroar|95/100|[from] Sandstorm\n|upkeep\n|turn|5\n|\n|t:|1775933274\n|move|p1b: Maushold|Follow Me|p1b: Maushold\n|-singleturn|p1b: Maushold|move: Follow Me\n|move|p1a: Dragapult|Will-O-Wisp|p2b: Tyranitar\n|-status|p2b: Tyranitar|brn\n|move|p2b: Tyranitar|Rock Slide|p1b: Maushold|[spread] p1a,p1b\n|-damage|p1a: Dragapult|10/100\n|-damage|p1b: Maushold|0 fnt\n|faint|p1b: Maushold\n|-activate|p2a: Incineroar|move: Struggle\n|move|p2a: Incineroar|Struggle|p1a: Dragapult\n|-damage|p1a: Dragapult|0 fnt\n|faint|p1a: Dragapult\n|-damage|p2a: Incineroar|69/100|[from] recoil\n|\n|-weather|Sandstorm|[upkeep]\n|-damage|p2a: Incineroar|63/100|[from] Sandstorm\n|-damage|p2b: Tyranitar|85/100 brn|[from] brn\n|upkeep\n|\n|t:|1775933281\n|switch|p1a: Charizard|Charizard, L50, F|100/100\n|switch|p1b: Sneasler|Sneasler, L50, M|1/100\n|-ability|p1b: Sneasler|Pressure\n|turn|6\n|\n|t:|1775933305\n|switch|p2b: Hawlucha|Hawlucha-Mega, L50, M|13/100\n|detailschange|p1a: Charizard|Charizard-Mega-Y, L50, F\n|-mega|p1a: Charizard|Charizard|Charizardite Y\n|-weather|SunnyDay|[from] ability: Drought|[of] p1a: Charizard\n|move|p1b: Sneasler|Close Combat|p2a: Incineroar\n|-supereffective|p2a: Incineroar|1\n|-damage|p2a: Incineroar|0 fnt\n|-unboost|p1b: Sneasler|def|1\n|-unboost|p1b: Sneasler|spd|1\n|faint|p2a: Incineroar\n|move|p1a: Charizard|Solar Beam||[still]\n|-prepare|p1a: Charizard|Solar Beam\n|-anim|p1a: Charizard|Solar Beam|p2b: Hawlucha\n|-resisted|p2b: Hawlucha|1\n|-damage|p2b: Hawlucha|0 fnt\n|faint|p2b: Hawlucha\n|\n|-weather|SunnyDay|[upkeep]\n|upkeep\n|\n|t:|1775933324\n|switch|p2b: Tyranitar|Tyranitar, L50, M|85/100 brn\n|-weather|Sandstorm|[from] ability: Sand Stream|[of] p2b: Tyranitar\n|turn|7\n|inactive|Battle timer is ON: inactive players will automatically lose when time's up. (requested by Marky_7)\n|\n|t:|1775933387\n|move|p2b: Tyranitar|Protect|p2b: Tyranitar\n|-singleturn|p2b: Tyranitar|Protect\n|move|p1b: Sneasler|Close Combat|p2b: Tyranitar\n|-activate|p2b: Tyranitar|move: Protect\n|move|p1a: Charizard|Solar Beam||[still]\n|-prepare|p1a: Charizard|Solar Beam\n|\n|-weather|Sandstorm|[upkeep]\n|-damage|p1b: Sneasler|0 fnt|[from] Sandstorm\n|-damage|p1a: Charizard|94/100|[from] Sandstorm\n|faint|p1b: Sneasler\n|-damage|p2b: Tyranitar|79/100 brn|[from] brn\n|upkeep\n|turn|8\n|\n|t:|1775933400\n|move|p1a: Charizard|Solar Beam|p2b: Tyranitar|[from] lockedmove\n|-supereffective|p2b: Tyranitar|1\n|-damage|p2b: Tyranitar|50/100 brn\n|move|p2b: Tyranitar|Rock Slide|p1a: Charizard\n|-supereffective|p1a: Charizard|2\n|-damage|p1a: Charizard|0 fnt\n|faint|p1a: Charizard\n|\n|win|Marky_7\n|raw|mihaelketchup's rating: 1105 &rarr; <strong>1079</strong><br />(-26 for losing)\n|raw|Marky_7's rating: 1095 &rarr; <strong>1121</strong><br />(+26 for winning)\n|l|\u2606mihaelketchup\n|player|p1|\n",
  "uploadtime": 1775933411,
  "views": 11,
  "formatid": "gen9championsvgc2026regma",
  "rating": 1079,
  "private": 0,
  "password": null
}