{
  "id": "gen9championsvgc2026regma-2588592268",
  "format": "[Gen 9 Champions] VGC 2026 Reg M-A",
  "players": [
    "dkapflzksh",
    "gwonyul"
  ],
  "log": "|j|\u2606dkapflzksh\n|j|\u2606gwonyul\n|t:|1776648148\n|gametype|doubles\n|player|p1|dkapflzksh|scientist-gen4dp|\n|player|p2|gwonyul|1|\n|gen|9\n|tier|[Gen 9 Champions] VGC 2026 Reg M-A\n|rule|Species Clause: Limit one of each Pok\u00e9mon\n|rule|Item Clause: Limit 1 of each item\n|clearpoke\n|poke|p1|Basculegion, L50, M, shiny|\n|poke|p1|Dragonite, L50, M, shiny|\n|poke|p1|Archaludon, L50, M, shiny|\n|poke|p1|Pelipper, L50, F, shiny|\n|poke|p1|Floette-Eternal, L50, F|\n|poke|p1|Kingambit, L50, M, shiny|\n|poke|p2|Gardevoir, L50, F|\n|poke|p2|Empoleon, L50, M|\n|poke|p2|Lopunny, L50, F|\n|poke|p2|Garchomp, L50, M|\n|poke|p2|Alcremie, L50, F|\n|poke|p2|Alakazam, L50, M|\n|teampreview|4\n|\n|t:|1776648170\n|teamsize|p1|4\n|teamsize|p2|4\n|start\n|switch|p1a: Kingambit|Kingambit, L50, M, shiny|100/100\n|switch|p1b: Floette|Floette-Eternal, L50, F|100/100\n|switch|p2a: Garchomp|Garchomp, L50, M|100/100\n|switch|p2b: Gardevoir|Gardevoir, L50, F|100/100\n|turn|1\n|\n|t:|1776648220\n|detailschange|p1b: Floette|Floette-Mega, L50, F\n|-mega|p1b: Floette|Floette|Floettite\n|-ability|p1b: Floette|Fairy Aura\n|move|p1a: Kingambit|Protect|p1a: Kingambit\n|-singleturn|p1a: Kingambit|Protect\n|move|p2a: Garchomp|Poison Jab|p1b: Floette\n|-supereffective|p1b: Floette|1\n|-damage|p1b: Floette|25/100\n|move|p1b: Floette|Dazzling Gleam|p2a: Garchomp|[spread] p2a,p2b\n|-supereffective|p2a: Garchomp|1\n|-damage|p2a: Garchomp|13/100\n|-damage|p2b: Gardevoir|56/100\n|move|p2b: Gardevoir|Hypnosis|p1a: Kingambit\n|-activate|p1a: Kingambit|move: Protect\n|\n|upkeep\n|turn|2\n|\n|t:|1776648241\n|detailschange|p2b: Gardevoir|Gardevoir-Mega, L50, F\n|-mega|p2b: Gardevoir|Gardevoir|Gardevoirite\n|move|p1a: Kingambit|Sucker Punch|p2a: Garchomp\n|-damage|p2a: Garchomp|0 fnt\n|-damage|p1a: Kingambit|88/100|[from] ability: Rough Skin|[of] p2a: Garchomp\n|faint|p2a: Garchomp\n|move|p1b: Floette|Moonblast|p2b: Gardevoir\n|-damage|p2b: Gardevoir|0 fnt\n|faint|p2b: Gardevoir\n|\n|upkeep\n|\n|t:|1776648249\n|switch|p2a: Lopunny|Lopunny, L50, F|100/100\n|switch|p2b: Empoleon|Empoleon, L50, M|100/100\n|turn|3\n|\n|t:|1776648256\n|move|p1b: Floette|Protect|p1b: Floette\n|-singleturn|p1b: Floette|Protect\n|move|p2a: Lopunny|Protect|p2a: Lopunny\n|-singleturn|p2a: Lopunny|Protect\n|move|p1a: Kingambit|Protect|p1a: Kingambit\n|-singleturn|p1a: Kingambit|Protect\n|move|p2b: Empoleon|Flash Cannon|p1b: Floette\n|-activate|p1b: Floette|move: Protect\n|\n|upkeep\n|turn|4\n|\n|t:|1776648269\n|move|p1a: Kingambit|Sucker Punch|p2a: Lopunny\n|-damage|p2a: Lopunny|38/100\n|move|p1b: Floette|Dazzling Gleam|p2a: Lopunny|[spread] p2a,p2b\n|-resisted|p2b: Empoleon|1\n|-damage|p2a: Lopunny|0 fnt\n|-damage|p2b: Empoleon|81/100\n|faint|p2a: Lopunny\n|move|p2b: Empoleon|Flash Cannon|p1b: Floette\n|-supereffective|p1b: Floette|1\n|-damage|p1b: Floette|0 fnt\n|faint|p1b: Floette\n|\n|upkeep\n|\n|t:|1776648280\n|switch|p1b: Dragonite|Dragonite, L50, M, shiny|100/100\n|turn|5\n|\n|t:|1776648285\n|move|p1b: Dragonite|Focus Blast|p2b: Empoleon\n|-supereffective|p2b: Empoleon|1\n|-enditem|p2b: Empoleon|Chople Berry|[eat]\n|-enditem|p2b: Empoleon|Chople Berry|[weaken]\n|-damage|p2b: Empoleon|51/100\n|move|p2b: Empoleon|Ice Beam|p1b: Dragonite\n|-supereffective|p1b: Dragonite|2\n|-damage|p1b: Dragonite|3/100\n|move|p1a: Kingambit|Kowtow Cleave|p2b: Empoleon\n|-damage|p2b: Empoleon|5/100\n|\n|upkeep\n|turn|6\n|\n|t:|1776648303\n|move|p1b: Dragonite|Draco Meteor|p2b: Empoleon\n|-resisted|p2b: Empoleon|1\n|-damage|p2b: Empoleon|0 fnt\n|-unboost|p1b: Dragonite|spa|2\n|faint|p2b: Empoleon\n|\n|win|dkapflzksh\n",
  "uploadtime": 1776648303,
  "views": 5,
  "formatid": "gen9championsvgc2026regma",
  "rating": null,
  "private": 0,
  "password": null
}