{
  "id": "gen9championsvgc2026regma-2580290616",
  "format": "[Gen 9 Champions] VGC 2026 Reg M-A",
  "players": [
    "azurejay",
    "pacmaster000"
  ],
  "log": "|j|\u2606azurejay\n|j|\u2606pacmaster000\n|t:|1775876470\n|gametype|doubles\n|player|p1|azurejay|169|1022\n|player|p2|pacmaster000|scientist-gen4dp|1040\n|gen|9\n|tier|[Gen 9 Champions] VGC 2026 Reg M-A\n|rated|\n|rule|Species Clause: Limit one of each Pok\u00e9mon\n|rule|Item Clause: Limit 1 of each item\n|clearpoke\n|poke|p1|Clefable, L50, M|\n|poke|p1|Meganium, L50, F|\n|poke|p1|Politoed, L50, F|\n|poke|p1|Talonflame, L50, M|\n|poke|p1|Sneasler, L50, F|\n|poke|p1|Archaludon, L50, M|\n|poke|p2|Froslass, L50, F|\n|poke|p2|Milotic, L50, F|\n|poke|p2|Kingambit, L50, M|\n|poke|p2|Sinistcha, L50|\n|poke|p2|Volcarona, L50, F|\n|poke|p2|Sneasler, L50, M|\n|teampreview|4\n|j| limilin\n|l| limilin\n|\n|t:|1775876499\n|teamsize|p1|4\n|teamsize|p2|4\n|start\n|switch|p1a: Talonflame|Talonflame, L50, M|100/100\n|switch|p1b: Archaludon|Archaludon, L50, M|100/100\n|switch|p2a: Milotic|Milotic, L50, F|100/100\n|switch|p2b: Froslass|Froslass, L50, F|100/100\n|turn|1\n|j| Almirante Matthew\n|\n|t:|1775876512\n|move|p2b: Froslass|Protect|p2b: Froslass\n|-singleturn|p2b: Froslass|Protect\n|move|p1a: Talonflame|Tailwind|p1a: Talonflame\n|-sidestart|p1: azurejay|move: Tailwind\n|move|p1b: Archaludon|Flash Cannon|p2b: Froslass\n|-activate|p2b: Froslass|move: Protect\n|move|p2a: Milotic|Icy Wind|p1b: Archaludon|[spread] p1a,p1b\n|-damage|p1a: Talonflame|79/100\n|-damage|p1b: Archaludon|85/100\n|-unboost|p1a: Talonflame|spe|1\n|-unboost|p1b: Archaludon|spe|1\n|-ability|p1b: Archaludon|Stamina|boost\n|-boost|p1b: Archaludon|def|1\n|\n|upkeep\n|turn|2\n|\n|t:|1775876548\n|switch|p2b: Sinistcha|Sinistcha, L50|100/100\n|move|p1a: Talonflame|U-turn|p2a: Milotic\n|-damage|p2a: Milotic|81/100\n|\n|t:|1775876552\n|switch|p1a: Politoed|Politoed, L50, F|100/100|[from] U-turn\n|-weather|RainDance|[from] ability: Drizzle|[of] p1a: Politoed\n|move|p1b: Archaludon|Electro Shot||[still]\n|-prepare|p1b: Archaludon|Electro Shot\n|-boost|p1b: Archaludon|spa|1\n|-anim|p1b: Archaludon|Electro Shot|p2a: Milotic\n|-supereffective|p2a: Milotic|1\n|-damage|p2a: Milotic|0 fnt\n|faint|p2a: Milotic\n|\n|-weather|RainDance|[upkeep]\n|upkeep\n|\n|t:|1775876558\n|switch|p2a: Froslass|Froslass, L50, F|100/100\n|turn|3\n|\n|t:|1775876571\n|detailschange|p2a: Froslass|Froslass-Mega, L50, F\n|-mega|p2a: Froslass|Froslass|Froslassite\n|-weather|Snowscape|[from] ability: Snow Warning|[of] p2a: Froslass\n|move|p2b: Sinistcha|Rage Powder|p2b: Sinistcha\n|-singleturn|p2b: Sinistcha|move: Rage Powder\n|move|p2a: Froslass|Blizzard|p1b: Archaludon|[spread] p1a,p1b\n|-resisted|p1a: Politoed|1\n|-damage|p1a: Politoed|80/100\n|-damage|p1b: Archaludon|26/100\n|-ability|p1b: Archaludon|Stamina|boost\n|-boost|p1b: Archaludon|def|1\n|-enditem|p1b: Archaludon|Sitrus Berry|[eat]\n|-heal|p1b: Archaludon|51/100|[from] item: Sitrus Berry\n|move|p1a: Politoed|Icy Wind|p2b: Sinistcha|[spread] p2a,p2b\n|-resisted|p2a: Froslass|1\n|-supereffective|p2b: Sinistcha|1\n|-damage|p2a: Froslass|95/100\n|-damage|p2b: Sinistcha|84/100\n|-unboost|p2a: Froslass|spe|1\n|-unboost|p2b: Sinistcha|spe|1\n|move|p1b: Archaludon|Flash Cannon|p2b: Sinistcha\n|-damage|p2b: Sinistcha|26/100\n|\n|-weather|Snowscape|[upkeep]\n|-heal|p1a: Politoed|86/100|[from] item: Leftovers\n|upkeep\n|turn|4\n|\n|t:|1775876595\n|move|p1b: Archaludon|Protect|p1b: Archaludon\n|-singleturn|p1b: Archaludon|Protect\n|move|p1a: Politoed|Weather Ball|p2b: Sinistcha\n|-supereffective|p2b: Sinistcha|1\n|-damage|p2b: Sinistcha|0 fnt\n|faint|p2b: Sinistcha\n|move|p2a: Froslass|Blizzard|p1a: Politoed|[spread] p1a\n|-activate|p1b: Archaludon|move: Protect\n|-resisted|p1a: Politoed|1\n|-damage|p1a: Politoed|66/100\n|-status|p1a: Politoed|frz\n|\n|-weather|Snowscape|[upkeep]\n|-heal|p1a: Politoed|73/100 frz|[from] item: Leftovers\n|-sideend|p1: azurejay|move: Tailwind\n|upkeep\n|\n|t:|1775876598\n|switch|p2b: Sneasler|Sneasler, L50, M|100/100\n|turn|5\n|\n|t:|1775876639\n|cant|p1a: Politoed|frz\n|move|p2b: Sneasler|Dire Claw|p1a: Politoed\n|-damage|p1a: Politoed|37/100 frz\n|move|p2a: Froslass|Blizzard|p1b: Archaludon|[spread] p1a,p1b\n|-resisted|p1a: Politoed|1\n|-damage|p1a: Politoed|17/100 frz\n|-damage|p1b: Archaludon|0 fnt\n|faint|p1b: Archaludon\n|\n|-weather|Snowscape|[upkeep]\n|-heal|p1a: Politoed|23/100 frz|[from] item: Leftovers\n|upkeep\n|\n|t:|1775876649\n|switch|p1b: Talonflame|Talonflame, L50, M|79/100\n|turn|6\n|\n|t:|1775876671\n|move|p1b: Talonflame|Tailwind|p1b: Talonflame\n|-sidestart|p1: azurejay|move: Tailwind\n|-curestatus|p1a: Politoed|frz|[msg]\n|move|p1a: Politoed|Icy Wind|p2b: Sneasler|[spread] p2b\n|-miss|p1a: Politoed|p2a: Froslass\n|-damage|p2b: Sneasler|88/100\n|-unboost|p2b: Sneasler|spe|1\n|move|p2a: Froslass|Blizzard|p1a: Politoed|[spread] p1a,p1b\n|-resisted|p1a: Politoed|1\n|-damage|p1a: Politoed|3/100\n|-damage|p1b: Talonflame|3/100\n|-status|p1b: Talonflame|frz\n|move|p2b: Sneasler|Dire Claw|p1b: Talonflame\n|-damage|p1b: Talonflame|0 fnt\n|faint|p1b: Talonflame\n|\n|-weather|Snowscape|[upkeep]\n|-heal|p1a: Politoed|9/100|[from] item: Leftovers\n|upkeep\n|\n|t:|1775876688\n|switch|p1b: Meganium|Meganium, L50, F|100/100\n|turn|7\n|\n|t:|1775876711\n|detailschange|p1b: Meganium|Meganium-Mega, L50, F\n|-mega|p1b: Meganium|Meganium|Meganiumite\n|move|p1a: Politoed|Helping Hand|p1b: Meganium\n|-singleturn|p1b: Meganium|Helping Hand|[of] p1a: Politoed\n|move|p1b: Meganium|Dazzling Gleam|p2a: Froslass|[spread] p2a,p2b\n|-damage|p2a: Froslass|23/100\n|-damage|p2b: Sneasler|15/100\n|move|p2a: Froslass|Blizzard|p1a: Politoed|[spread] p1a,p1b\n|-resisted|p1a: Politoed|1\n|-supereffective|p1b: Meganium|1\n|-damage|p1a: Politoed|0 fnt\n|-damage|p1b: Meganium|26/100\n|faint|p1a: Politoed\n|move|p2b: Sneasler|Dire Claw|p1b: Meganium\n|-supereffective|p1b: Meganium|2\n|-damage|p1b: Meganium|0 fnt\n|faint|p1b: Meganium\n|\n|win|pacmaster000\n|raw|azurejay's rating: 1022 &rarr; <strong>1009</strong><br />(-13 for losing)\n|raw|pacmaster000's rating: 1040 &rarr; <strong>1072</strong><br />(+32 for winning)\n|l|\u2606azurejay\n|player|p1|\n",
  "uploadtime": 1775876717,
  "views": 14,
  "formatid": "gen9championsvgc2026regma",
  "rating": 1009,
  "private": 0,
  "password": null
}