{
  "id": "gen9championsvgc2026regma-2583246575",
  "format": "[Gen 9 Champions] VGC 2026 Reg M-A",
  "players": [
    "luismi72",
    "Jean44150"
  ],
  "log": "|j|\u2606luismi72\n|j|\u2606Jean44150\n|t:|1776159116\n|gametype|doubles\n|player|p1|luismi72|170|1103\n|player|p2|Jean44150|2|1123\n|gen|9\n|tier|[Gen 9 Champions] VGC 2026 Reg M-A\n|rated|\n|rule|Species Clause: Limit one of each Pok\u00e9mon\n|rule|Item Clause: Limit 1 of each item\n|clearpoke\n|poke|p1|Excadrill, L50, M|\n|poke|p1|Tyranitar, L50, M|\n|poke|p1|Rotom-Wash, L50|\n|poke|p1|Incineroar, L50, M|\n|poke|p1|Sneasler, L50, M|\n|poke|p1|Sinistcha, L50|\n|poke|p2|Drampa, L50, F|\n|poke|p2|Farigiraf, L50, M|\n|poke|p2|Torkoal, L50, F|\n|poke|p2|Charizard, L50, F|\n|poke|p2|Milotic, L50, F|\n|poke|p2|Sylveon, L50, F|\n|teampreview|4\n|\n|t:|1776159130\n|teamsize|p1|4\n|teamsize|p2|4\n|start\n|switch|p1a: Incineroar|Incineroar, L50, M|100/100\n|switch|p1b: Rotom|Rotom-Wash, L50|100/100\n|switch|p2a: michael jordan|Drampa, L50, F|100/100\n|switch|p2b: shaq|Farigiraf, L50, M|100/100\n|-ability|p1a: Incineroar|Intimidate|boost\n|-unboost|p2a: michael jordan|atk|1\n|-unboost|p2b: shaq|atk|1\n|-ability|p2a: michael jordan|Cloud Nine\n|turn|1\n|\n|t:|1776159149\n|detailschange|p2a: michael jordan|Drampa-Mega, L50, F\n|-mega|p2a: michael jordan|Drampa|Drampanite\n|move|p1b: Rotom|Electroweb|p2b: shaq|[spread] p2a,p2b\n|-resisted|p2a: michael jordan|1\n|-crit|p2b: shaq\n|-damage|p2a: michael jordan|92/100\n|-damage|p2b: shaq|75/100\n|-unboost|p2a: michael jordan|spe|1\n|-unboost|p2b: shaq|spe|1\n|move|p1a: Incineroar|Taunt|p2b: shaq\n|-start|p2b: shaq|move: Taunt\n|move|p2a: michael jordan|Earth Power|p1a: Incineroar\n|-supereffective|p1a: Incineroar|1\n|-damage|p1a: Incineroar|35/100\n|cant|p2b: shaq|move: Taunt|Trick Room\n|\n|-heal|p2b: shaq|82/100|[from] item: Leftovers\n|upkeep\n|turn|2\n|\n|t:|1776159180\n|switch|p2b: Sylveon|Sylveon, L50, F|100/100\n|move|p1b: Rotom|Volt Switch|p2a: michael jordan\n|-resisted|p2a: michael jordan|1\n|-damage|p2a: michael jordan|79/100\n|\n|t:|1776159185\n|switch|p1b: Tyranitar|Tyranitar, L50, M|100/100|[from] Volt Switch\n|-weather|Sandstorm|[from] ability: Sand Stream|[of] p1b: Tyranitar\n|move|p1a: Incineroar|Parting Shot|p2a: michael jordan\n|-unboost|p2a: michael jordan|atk|1\n|-unboost|p2a: michael jordan|spa|1\n|\n|t:|1776159195\n|switch|p1a: Excadrill|Excadrill, L50, M|100/100|[from] Parting Shot\n|move|p2a: michael jordan|Earth Power|p1a: Excadrill\n|-supereffective|p1a: Excadrill|1\n|-damage|p1a: Excadrill|29/100\n|\n|-weather|Sandstorm|[upkeep]\n|-damage|p2b: Sylveon|95/100|[from] Sandstorm\n|-damage|p2a: michael jordan|73/100|[from] Sandstorm\n|upkeep\n|turn|3\n|\n|t:|1776159220\n|switch|p2b: Torkoal|Torkoal, L50, F|100/100\n|-weather|SunnyDay|[from] ability: Drought|[of] p2b: Torkoal\n|switch|p2a: shaq|Farigiraf, L50, M|82/100\n|detailschange|p1b: Tyranitar|Tyranitar-Mega, L50, M\n|-mega|p1b: Tyranitar|Tyranitar|Tyranitarite\n|-weather|Sandstorm|[from] ability: Sand Stream|[of] p1b: Tyranitar\n|move|p1a: Excadrill|Protect|p1a: Excadrill\n|-singleturn|p1a: Excadrill|Protect\n|move|p1b: Tyranitar|Rock Slide|p2a: shaq|[spread] p2a,p2b\n|-supereffective|p2b: Torkoal|1\n|-damage|p2a: shaq|50/100\n|-damage|p2b: Torkoal|52/100\n|\n|-weather|Sandstorm|[upkeep]\n|-damage|p2a: shaq|44/100|[from] Sandstorm\n|-damage|p2b: Torkoal|46/100|[from] Sandstorm\n|-heal|p2a: shaq|50/100|[from] item: Leftovers\n|upkeep\n|turn|4\n|\n|t:|1776159251\n|move|p1a: Excadrill|Iron Head|p2a: shaq\n|-damage|p2a: shaq|12/100\n|move|p1b: Tyranitar|Rock Slide|p2b: Torkoal|[spread] p2a,p2b\n|-supereffective|p2b: Torkoal|1\n|-damage|p2a: shaq|0 fnt\n|-damage|p2b: Torkoal|0 fnt\n|faint|p2a: shaq\n|faint|p2b: Torkoal\n|\n|-weather|Sandstorm|[upkeep]\n|upkeep\n|inactive|Battle timer is ON: inactive players will automatically lose when time's up. (requested by Jean44150)\n|\n|t:|1776159260\n|switch|p2a: michael jordan|Drampa-Mega, L50, F|73/100\n|switch|p2b: Sylveon|Sylveon, L50, F|95/100\n|turn|5\n|\n|t:|1776159283\n|switch|p1a: Rotom|Rotom-Wash, L50|100/100\n|move|p1b: Tyranitar|Rock Slide|p2a: michael jordan|[spread] p2a,p2b\n|-damage|p2a: michael jordan|44/100\n|-damage|p2b: Sylveon|56/100\n|-ability|p2a: michael jordan|Berserk|boost\n|-boost|p2a: michael jordan|spa|1\n|move|p2b: Sylveon|Hyper Voice|p1a: Rotom|[spread] p1a,p1b\n|-supereffective|p1b: Tyranitar|1\n|-damage|p1a: Rotom|58/100\n|-damage|p1b: Tyranitar|67/100\n|move|p2a: michael jordan|Earth Power|p1a: Rotom\n|-immune|p1a: Rotom|[from] ability: Levitate\n|\n|-weather|Sandstorm|[upkeep]\n|-damage|p1a: Rotom|52/100|[from] Sandstorm\n|-damage|p2b: Sylveon|50/100|[from] Sandstorm\n|-damage|p2a: michael jordan|38/100|[from] Sandstorm\n|-enditem|p2b: Sylveon|Sitrus Berry|[eat]\n|-heal|p2b: Sylveon|75/100|[from] item: Sitrus Berry\n|-heal|p1a: Rotom|58/100|[from] item: Leftovers\n|upkeep\n|turn|6\n|inactive|luismi72 has 30 seconds left.\n|inactive|Jean44150 has 30 seconds left.\n|\n|t:|1776159317\n|move|p2a: michael jordan|Protect|p2a: michael jordan\n|-singleturn|p2a: michael jordan|Protect\n|move|p1a: Rotom|Electroweb|p2a: michael jordan|[spread] p2b\n|-activate|p2a: michael jordan|move: Protect\n|-damage|p2b: Sylveon|61/100\n|-unboost|p2b: Sylveon|spe|1\n|move|p1b: Tyranitar|Rock Slide|p2a: michael jordan|[spread] p2b\n|-activate|p2a: michael jordan|move: Protect\n|-damage|p2b: Sylveon|20/100\n|move|p2b: Sylveon|Calm Mind|p2b: Sylveon\n|-boost|p2b: Sylveon|spa|1\n|-boost|p2b: Sylveon|spd|1\n|\n|-weather|Sandstorm|[upkeep]\n|-damage|p1a: Rotom|52/100|[from] Sandstorm\n|-damage|p2a: michael jordan|32/100|[from] Sandstorm\n|-damage|p2b: Sylveon|14/100|[from] Sandstorm\n|-heal|p1a: Rotom|58/100|[from] item: Leftovers\n|upkeep\n|turn|7\n|\n|t:|1776159342\n|move|p1a: Rotom|Electroweb|p2b: Sylveon|[spread] p2a,p2b\n|-resisted|p2a: michael jordan|1\n|-damage|p2a: michael jordan|25/100\n|-damage|p2b: Sylveon|5/100\n|-unboost|p2a: michael jordan|spe|1\n|-unboost|p2b: Sylveon|spe|1\n|move|p1b: Tyranitar|Rock Slide|p2b: Sylveon|[spread] p2a,p2b\n|-damage|p2a: michael jordan|0 fnt\n|-damage|p2b: Sylveon|0 fnt\n|faint|p2a: michael jordan\n|faint|p2b: Sylveon\n|\n|win|luismi72\n|raw|luismi72's rating: 1103 &rarr; <strong>1129</strong><br />(+26 for winning)\n|raw|Jean44150's rating: 1123 &rarr; <strong>1097</strong><br />(-26 for losing)\n|l|\u2606Jean44150\n|player|p2|\n",
  "uploadtime": 1776159353,
  "views": 20,
  "formatid": "gen9championsvgc2026regma",
  "rating": 1097,
  "private": 0,
  "password": null
}