{
  "id": "gen9championsvgc2026regma-2587465133",
  "format": "[Gen 9 Champions] VGC 2026 Reg M-A",
  "players": [
    "tonybravais",
    "Shockey7"
  ],
  "log": "|j|\u2606tonybravais\n|j|\u2606Shockey7\n|t:|1776534097\n|gametype|doubles\n|player|p1|tonybravais|265|1198\n|player|p2|Shockey7|169|1211\n|gen|9\n|tier|[Gen 9 Champions] VGC 2026 Reg M-A\n|rated|\n|rule|Species Clause: Limit one of each Pok\u00e9mon\n|rule|Item Clause: Limit 1 of each item\n|clearpoke\n|poke|p1|Farigiraf, L50, F|\n|poke|p1|Slowking-Galar, L50, M|\n|poke|p1|Glaceon, L50, F, shiny|\n|poke|p1|Empoleon, L50, F|\n|poke|p1|Golurk, L50, shiny|\n|poke|p1|Camerupt, L50, F|\n|poke|p2|Meganium, L50, F|\n|poke|p2|Kangaskhan, L50, F|\n|poke|p2|Incineroar, L50, M|\n|poke|p2|Pelipper, L50, F|\n|poke|p2|Tauros-Paldea-Aqua, L50, M|\n|poke|p2|Mamoswine, L50, F|\n|teampreview|4\n|\n|t:|1776534139\n|teamsize|p1|4\n|teamsize|p2|4\n|start\n|switch|p1a: Farigiraf|Farigiraf, L50, F|100/100\n|switch|p1b: Empoleon|Empoleon, L50, F|100/100\n|switch|p2a: Tauros|Tauros-Paldea-Aqua, L50, M|100/100\n|switch|p2b: Mamoswine|Mamoswine, L50, F|100/100\n|-ability|p2a: Tauros|Intimidate|boost\n|-unboost|p1a: Farigiraf|atk|1\n|-unboost|p1b: Empoleon|atk|1\n|-ability|p1b: Empoleon|Competitive|boost\n|-boost|p1b: Empoleon|spa|2\n|turn|1\n|\n|t:|1776534154\n|move|p1b: Empoleon|Protect|p1b: Empoleon\n|-singleturn|p1b: Empoleon|Protect\n|move|p2b: Mamoswine|Icicle Crash|p1a: Farigiraf\n|-damage|p1a: Farigiraf|70/100\n|move|p2a: Tauros|Close Combat|p1a: Farigiraf\n|-crit|p1a: Farigiraf\n|-damage|p1a: Farigiraf|14/100\n|-unboost|p2a: Tauros|def|1\n|-unboost|p2a: Tauros|spd|1\n|-enditem|p1a: Farigiraf|Sitrus Berry|[eat]\n|-heal|p1a: Farigiraf|38/100|[from] item: Sitrus Berry\n|move|p1a: Farigiraf|Trick Room|p1a: Farigiraf\n|-fieldstart|move: Trick Room|[of] p1a: Farigiraf\n|\n|upkeep\n|turn|2\n|\n|t:|1776534177\n|move|p2a: Tauros|Protect|p2a: Tauros\n|-singleturn|p2a: Tauros|Protect\n|move|p1b: Empoleon|Hydro Pump|p2b: Mamoswine\n|-supereffective|p2b: Mamoswine|1\n|-damage|p2b: Mamoswine|0 fnt\n|faint|p2b: Mamoswine\n|move|p1a: Farigiraf|Psychic Noise|p2a: Tauros\n|-activate|p2a: Tauros|move: Protect\n|\n|upkeep\n|\n|t:|1776534184\n|switch|p2b: Pelipper|Pelipper, L50, F|100/100\n|-weather|RainDance|[from] ability: Drizzle|[of] p2b: Pelipper\n|turn|3\n|\n|t:|1776534205\n|switch|p2a: Meganium|Meganium, L50, F|100/100\n|move|p1a: Farigiraf|Psychic Noise|p2a: Meganium\n|-damage|p2a: Meganium|66/100\n|-start|p2a: Meganium|move: Heal Block\n|move|p1b: Empoleon|Steel Beam|p2a: Meganium\n|-damage|p2a: Meganium|0 fnt\n|-damage|p1b: Empoleon|50/100|[from] steelbeam\n|faint|p2a: Meganium\n|-heal|p1b: Empoleon|57/100|[from] item: Shell Bell|[of] p2: Meganium\n|move|p2b: Pelipper|Hurricane|p1a: Farigiraf\n|-damage|p1a: Farigiraf|0 fnt\n|faint|p1a: Farigiraf\n|\n|-weather|RainDance|[upkeep]\n|upkeep\n|\n|t:|1776534222\n|switch|p1a: Glaceon|Glaceon, L50, F, shiny|100/100\n|switch|p2a: Tauros|Tauros-Paldea-Aqua, L50, M|100/100\n|-ability|p2a: Tauros|Intimidate|boost\n|-unboost|p1a: Glaceon|atk|1\n|-unboost|p1b: Empoleon|atk|1\n|-ability|p1b: Empoleon|Competitive|boost\n|-boost|p1b: Empoleon|spa|2\n|turn|4\n|\n|t:|1776534238\n|move|p2b: Pelipper|Wide Guard|p2b: Pelipper\n|-singleturn|p2b: Pelipper|Wide Guard\n|move|p1b: Empoleon|Steel Beam|p2a: Tauros\n|-resisted|p2a: Tauros|1\n|-damage|p2a: Tauros|0 fnt\n|-damage|p1b: Empoleon|6/100|[from] steelbeam\n|faint|p2a: Tauros\n|-heal|p1b: Empoleon|16/100|[from] item: Shell Bell|[of] p2: Tauros\n|move|p1a: Glaceon|Freeze-Dry|p2b: Pelipper\n|-supereffective|p2b: Pelipper|2\n|-enditem|p2b: Pelipper|Focus Sash\n|-damage|p2b: Pelipper|1/100\n|\n|-weather|RainDance|[upkeep]\n|upkeep\n|turn|5\n|-message|Shockey7 forfeited.\n|\n|win|tonybravais\n|raw|tonybravais's rating: 1198 &rarr; <strong>1224</strong><br />(+26 for winning)\n|raw|Shockey7's rating: 1211 &rarr; <strong>1185</strong><br />(-26 for losing)\n|l|\u2606Shockey7\n|player|p2|\n",
  "uploadtime": 1776534254,
  "views": 14,
  "formatid": "gen9championsvgc2026regma",
  "rating": 1185,
  "private": 0,
  "password": null
}