{
  "id": "gen9championsvgc2026regma-2583425516",
  "format": "[Gen 9 Champions] VGC 2026 Reg M-A",
  "players": [
    "detectivestrong",
    "Jah_08"
  ],
  "log": "|j|\u2606detectivestrong\n|j|\u2606Jah_08\n|t:|1776174818\n|gametype|doubles\n|player|p1|detectivestrong|wattson|1265\n|player|p2|Jah_08|alder|1342\n|gen|9\n|tier|[Gen 9 Champions] VGC 2026 Reg M-A\n|rated|\n|rule|Species Clause: Limit one of each Pok\u00e9mon\n|rule|Item Clause: Limit 1 of each item\n|clearpoke\n|poke|p1|Archaludon, L50, M|\n|poke|p1|Pelipper, L50, F|\n|poke|p1|Dragonite, L50, F|\n|poke|p1|Sinistcha, L50|\n|poke|p1|Basculegion, L50, M|\n|poke|p1|Rotom-Wash, L50|\n|poke|p2|Excadrill, L50, M|\n|poke|p2|Whimsicott, L50, M|\n|poke|p2|Chandelure, L50, M|\n|poke|p2|Zoroark-Hisui, L50, M|\n|poke|p2|Basculegion, L50, M|\n|poke|p2|Conkeldurr, L50, M|\n|teampreview|4\n|\n|t:|1776174834\n|teamsize|p1|4\n|teamsize|p2|4\n|start\n|switch|p1a: Pelipper|Pelipper, L50, F|100/100\n|switch|p1b: Rotom|Rotom-Wash, L50|100/100\n|switch|p2a: Whimsicott|Whimsicott, L50, M, shiny|100/100\n|switch|p2b: Basculegion|Basculegion, L50, M|100/100\n|-weather|RainDance|[from] ability: Drizzle|[of] p1a: Pelipper\n|turn|1\n|\n|t:|1776174860\n|move|p1a: Pelipper|Protect|p1a: Pelipper\n|-singleturn|p1a: Pelipper|Protect\n|move|p2b: Basculegion|Shadow Ball|p1b: Rotom\n|-damage|p1b: Rotom|53/100\n|move|p2a: Whimsicott|Moonblast|p1b: Rotom\n|-damage|p1b: Rotom|18/100\n|-enditem|p1b: Rotom|Sitrus Berry|[eat]\n|-heal|p1b: Rotom|42/100|[from] item: Sitrus Berry\n|move|p1b: Rotom|Will-O-Wisp|p2b: Basculegion\n|-status|p2b: Basculegion|brn\n|\n|-weather|RainDance|[upkeep]\n|-damage|p2b: Basculegion|94/100 brn|[from] brn\n|upkeep\n|turn|2\n|\n|t:|1776174882\n|move|p2a: Whimsicott|Encore|p1a: Pelipper\n|-start|p1a: Pelipper|Encore\n|move|p1a: Pelipper|Protect||[still]\n|-fail|p1a: Pelipper\n|move|p2b: Basculegion|Shadow Ball|p1b: Rotom\n|-damage|p1b: Rotom|0 fnt\n|faint|p1b: Rotom\n|\n|-weather|RainDance|[upkeep]\n|-damage|p2b: Basculegion|88/100 brn|[from] brn\n|upkeep\n|\n|t:|1776174894\n|switch|p1b: Dragonite|Dragonite, L50, F|100/100\n|turn|3\n|\n|t:|1776174902\n|switch|p1a: Basculegion|Basculegion, L50, M|100/100\n|detailschange|p1b: Dragonite|Dragonite-Mega, L50, F\n|-mega|p1b: Dragonite|Dragonite|Dragoninite\n|move|p1b: Dragonite|Hurricane|p2a: Whimsicott\n|-supereffective|p2a: Whimsicott|1\n|-crit|p2a: Whimsicott\n|-damage|p2a: Whimsicott|0 fnt\n|faint|p2a: Whimsicott\n|move|p2b: Basculegion|Icy Wind|p1b: Dragonite|[spread] p1a,p1b\n|-resisted|p1a: Basculegion|1\n|-supereffective|p1b: Dragonite|2\n|-damage|p1a: Basculegion|93/100\n|-damage|p1b: Dragonite|73/100\n|-unboost|p1a: Basculegion|spe|1\n|-unboost|p1b: Dragonite|spe|1\n|\n|-weather|RainDance|[upkeep]\n|-damage|p2b: Basculegion|82/100 brn|[from] brn\n|upkeep\n|\n|t:|1776174923\n|switch|p2a: Basculegion|Basculegion, L50, M|100/100\n|turn|4\n|\n|t:|1776174935\n|move|p2a: Basculegion|Last Respects|p1a: Basculegion\n|-supereffective|p1a: Basculegion|1\n|-damage|p1a: Basculegion|0 fnt\n|faint|p1a: Basculegion\n|move|p2b: Basculegion|Icy Wind|p1b: Dragonite\n|-supereffective|p1b: Dragonite|2\n|-damage|p1b: Dragonite|9/100\n|-unboost|p1b: Dragonite|spe|1\n|move|p1b: Dragonite|Thunder|p2a: Basculegion\n|-supereffective|p2a: Basculegion|1\n|-damage|p2a: Basculegion|4/100\n|\n|-weather|RainDance|[upkeep]\n|-damage|p2b: Basculegion|76/100 brn|[from] brn\n|upkeep\n|\n|t:|1776174938\n|switch|p1a: Pelipper|Pelipper, L50, F|100/100\n|turn|5\n|\n|t:|1776174957\n|move|p2a: Basculegion|Last Respects|p1a: Pelipper\n|-damage|p1a: Pelipper|10/100\n|move|p2b: Basculegion|Icy Wind|p1a: Pelipper|[spread] p1a,p1b\n|-supereffective|p1b: Dragonite|2\n|-damage|p1a: Pelipper|0 fnt\n|-damage|p1b: Dragonite|0 fnt\n|faint|p1a: Pelipper\n|faint|p1b: Dragonite\n|\n|win|Jah_08\n|raw|detectivestrong's rating: 1265 &rarr; <strong>1245</strong><br />(-20 for losing)\n|raw|Jah_08's rating: 1342 &rarr; <strong>1358</strong><br />(+16 for winning)\n|l|\u2606detectivestrong\n|player|p1|\n",
  "uploadtime": 1776174967,
  "views": 39,
  "formatid": "gen9championsvgc2026regma",
  "rating": 1245,
  "private": 0,
  "password": null
}