{
  "id": "gen9championsvgc2026regma-2589429478",
  "format": "[Gen 9 Champions] VGC 2026 Reg M-A",
  "players": [
    "Milk Tiger",
    "DavidTIS"
  ],
  "log": "|j|\u2606Milk Tiger\n|j|\u2606DavidTIS\n|t:|1776722227\n|gametype|doubles\n|player|p1|Milk Tiger|harlequin|1124\n|player|p2|DavidTIS|265|1095\n|gen|9\n|tier|[Gen 9 Champions] VGC 2026 Reg M-A\n|rated|\n|rule|Species Clause: Limit one of each Pok\u00e9mon\n|rule|Item Clause: Limit 1 of each item\n|clearpoke\n|poke|p1|Delphox, L50, F, shiny|\n|poke|p1|Hawlucha, L50, M, shiny|\n|poke|p1|Excadrill, L50, M|\n|poke|p1|Tyranitar, L50, M, shiny|\n|poke|p1|Hydrapple, L50, M, shiny|\n|poke|p1|Sableye, L50, M|\n|poke|p2|Starmie, L50|\n|poke|p2|Lycanroc-Dusk, L50, F|\n|poke|p2|Hydreigon, L50, F|\n|poke|p2|Tauros-Paldea-Aqua, L50, M|\n|poke|p2|Aegislash, L50, F|\n|poke|p2|Lucario, L50, M|\n|teampreview|4\n|inactive|Battle timer is ON: inactive players will automatically lose when time's up. (requested by Milk Tiger)\n|inactive|DavidTIS has 60 seconds left.\n|\n|t:|1776722272\n|teamsize|p1|4\n|teamsize|p2|4\n|start\n|switch|p1a: Tyranitar|Tyranitar, L50, M, shiny|100/100\n|switch|p1b: Excadrill|Excadrill, L50, M|100/100\n|switch|p2a: Lucario|Lucario, L50, M|100/100\n|switch|p2b: Hydreigon|Hydreigon, L50, F|100/100\n|-weather|Sandstorm|[from] ability: Sand Stream|[of] p1a: Tyranitar\n|turn|1\n|\n|t:|1776722297\n|switch|p2a: Tauros|Tauros-Paldea-Aqua, L50, M|100/100\n|-ability|p2a: Tauros|Intimidate|boost\n|-unboost|p1a: Tyranitar|atk|1\n|-unboost|p1b: Excadrill|atk|1\n|switch|p1a: Delphox|Delphox, L50, F, shiny|100/100\n|move|p1b: Excadrill|High Horsepower|p2a: Tauros\n|-damage|p2a: Tauros|65/100\n|move|p2b: Hydreigon|Tailwind|p2b: Hydreigon\n|-sidestart|p2: DavidTIS|move: Tailwind\n|\n|-weather|Sandstorm|[upkeep]\n|-damage|p2a: Tauros|59/100|[from] Sandstorm\n|-damage|p2b: Hydreigon|95/100|[from] Sandstorm\n|-damage|p1a: Delphox|94/100|[from] Sandstorm\n|upkeep\n|turn|2\n|inactive|DavidTIS has 30 seconds left.\n|\n|t:|1776722328\n|move|p1b: Excadrill|Protect|p1b: Excadrill\n|-singleturn|p1b: Excadrill|Protect\n|move|p2a: Tauros|Wave Crash|p1b: Excadrill\n|-activate|p1b: Excadrill|move: Protect\n|move|p2b: Hydreigon|Dark Pulse|p1a: Delphox\n|-supereffective|p1a: Delphox|1\n|-damage|p1a: Delphox|0 fnt\n|faint|p1a: Delphox\n|\n|-weather|Sandstorm|[upkeep]\n|-damage|p2a: Tauros|53/100|[from] Sandstorm\n|-damage|p2b: Hydreigon|89/100|[from] Sandstorm\n|upkeep\n|\n|t:|1776722337\n|switch|p1a: Tyranitar|Tyranitar, L50, M, shiny|100/100\n|turn|3\n|\n|t:|1776722352\n|move|p2a: Tauros|Close Combat|p1a: Tyranitar\n|-supereffective|p1a: Tyranitar|2\n|-damage|p1a: Tyranitar|0 fnt\n|-unboost|p2a: Tauros|def|1\n|-unboost|p2a: Tauros|spd|1\n|faint|p1a: Tyranitar\n|move|p2b: Hydreigon|Dark Pulse|p1b: Excadrill\n|-damage|p1b: Excadrill|40/100\n|move|p1b: Excadrill|High Horsepower|p2a: Tauros\n|-damage|p2a: Tauros|0 fnt\n|faint|p2a: Tauros\n|\n|-weather|Sandstorm|[upkeep]\n|-damage|p2b: Hydreigon|83/100|[from] Sandstorm\n|upkeep\n|\n|t:|1776722370\n|switch|p2a: Lucario|Lucario, L50, M|100/100\n|switch|p1a: Hawlucha|Hawlucha, L50, M, shiny|100/100\n|turn|4\n|\n|t:|1776722386\n|detailschange|p2a: Lucario|Lucario-Mega, L50, M\n|-mega|p2a: Lucario|Lucario|Lucarionite\n|detailschange|p1a: Hawlucha|Hawlucha-Mega, L50, M, shiny\n|-mega|p1a: Hawlucha|Hawlucha|Hawluchanite\n|move|p1b: Excadrill|Protect|p1b: Excadrill\n|-singleturn|p1b: Excadrill|Protect\n|move|p1a: Hawlucha|Protect|p1a: Hawlucha\n|-singleturn|p1a: Hawlucha|Protect\n|move|p2a: Lucario|Flash Cannon|p1a: Hawlucha\n|-activate|p1a: Hawlucha|move: Protect\n|move|p2b: Hydreigon|Dark Pulse|p1b: Excadrill\n|-activate|p1b: Excadrill|move: Protect\n|\n|-weather|Sandstorm|[upkeep]\n|-damage|p2b: Hydreigon|77/100|[from] Sandstorm\n|-damage|p1a: Hawlucha|95/100|[from] Sandstorm\n|-sideend|p2: DavidTIS|move: Tailwind\n|upkeep\n|turn|5\n|inactive|Milk Tiger has 30 seconds left.\n|inactive|DavidTIS has 30 seconds left.\n|inactive|Milk Tiger has 20 seconds left.\n|inactive|Milk Tiger has 15 seconds left.\n|inactive|Milk Tiger has 10 seconds left.\n|inactive|DavidTIS has 20 seconds left.\n|\n|t:|1776722438\n|move|p2b: Hydreigon|Protect|p2b: Hydreigon\n|-singleturn|p2b: Hydreigon|Protect\n|move|p2a: Lucario|Vacuum Wave|p1b: Excadrill\n|-supereffective|p1b: Excadrill|1\n|-damage|p1b: Excadrill|0 fnt\n|faint|p1b: Excadrill\n|move|p1a: Hawlucha|High Jump Kick|p2b: Hydreigon\n|-activate|p2b: Hydreigon|move: Protect\n|-damage|p1a: Hawlucha|45/100|[from] highjumpkick\n|\n|-weather|none\n|upkeep\n|turn|6\n|-message|Milk Tiger forfeited.\n|\n|win|DavidTIS\n|raw|Milk Tiger's rating: 1124 &rarr; <strong>1097</strong><br />(-27 for losing)\n|raw|DavidTIS's rating: 1095 &rarr; <strong>1123</strong><br />(+28 for winning)\n|l|\u2606Milk Tiger\n|player|p1|\n",
  "uploadtime": 1776722451,
  "views": 7,
  "formatid": "gen9championsvgc2026regma",
  "rating": 1097,
  "private": 0,
  "password": null
}