{
  "id": "gen9championsvgc2026regma-2587538294",
  "format": "[Gen 9 Champions] VGC 2026 Reg M-A",
  "players": [
    "Braute",
    "fluffymeme"
  ],
  "log": "|j|\u2606Braute\n|j|\u2606fluffymeme\n|t:|1776540412\n|gametype|doubles\n|player|p1|Braute|miku-fire|1246\n|player|p2|fluffymeme|pokemaniac|1189\n|gen|9\n|tier|[Gen 9 Champions] VGC 2026 Reg M-A\n|rated|\n|rule|Species Clause: Limit one of each Pok\u00e9mon\n|rule|Item Clause: Limit 1 of each item\n|clearpoke\n|poke|p1|Glimmora, L50, F|\n|poke|p1|Talonflame, L50, F, shiny|\n|poke|p1|Ninetales-Alola, L50, M|\n|poke|p1|Basculegion, L50, M, shiny|\n|poke|p1|Incineroar, L50, F, shiny|\n|poke|p1|Kommo-o, L50, M|\n|poke|p2|Kingambit, L50, F|\n|poke|p2|Farigiraf, L50, F|\n|poke|p2|Golurk, L50|\n|poke|p2|Decidueye-Hisui, L50, F|\n|poke|p2|Rotom-Wash, L50|\n|poke|p2|Drampa, L50, M|\n|teampreview|4\n|inactive|Battle timer is ON: inactive players will automatically lose when time's up. (requested by Braute)\n|inactive|fluffymeme has 60 seconds left.\n|\n|t:|1776540443\n|teamsize|p1|4\n|teamsize|p2|4\n|start\n|switch|p1a: Ninetales|Ninetales-Alola, L50, M|100/100\n|switch|p1b: Glimmora|Glimmora, L50, F|100/100\n|switch|p2a: Kingambit|Kingambit, L50, F|100/100\n|switch|p2b: Farigiraf|Farigiraf, L50, F|100/100\n|-weather|Snowscape|[from] ability: Snow Warning|[of] p1a: Ninetales\n|turn|1\n|inactive|Braute has 30 seconds left.\n|\n|t:|1776540475\n|detailschange|p1b: Glimmora|Glimmora-Mega, L50, F\n|-mega|p1b: Glimmora|Glimmora|Glimmoranite\n|move|p1a: Ninetales|Aurora Veil|p1a: Ninetales\n|-sidestart|p1: Braute|move: Aurora Veil\n|move|p1b: Glimmora|Earth Power|p2a: Kingambit\n|-supereffective|p2a: Kingambit|1\n|-damage|p2a: Kingambit|27/100\n|move|p2a: Kingambit|Iron Head|p1a: Ninetales\n|-supereffective|p1a: Ninetales|2\n|-enditem|p1a: Ninetales|Focus Sash\n|-damage|p1a: Ninetales|1/100\n|move|p2b: Farigiraf|Trick Room|p2b: Farigiraf\n|-fieldstart|move: Trick Room|[of] p2b: Farigiraf\n|\n|-weather|Snowscape|[upkeep]\n|upkeep\n|turn|2\n|inactive|Braute has 30 seconds left.\n|inactive|fluffymeme has 30 seconds left.\n|\n|t:|1776540509\n|switch|p1b: Incineroar|Incineroar, L50, F, shiny|100/100\n|-ability|p1b: Incineroar|Intimidate|boost\n|-unboost|p2a: Kingambit|atk|1\n|-ability|p2a: Kingambit|Defiant|boost\n|-boost|p2a: Kingambit|atk|2\n|-unboost|p2b: Farigiraf|atk|1\n|move|p2a: Kingambit|Iron Head|p1b: Incineroar\n|-resisted|p1b: Incineroar|1\n|-damage|p1b: Incineroar|80/100\n|move|p2b: Farigiraf|Hyper Voice|p1a: Ninetales|[spread] p1a,p1b\n|-crit|p1b: Incineroar\n|-damage|p1a: Ninetales|0 fnt\n|-damage|p1b: Incineroar|46/100\n|-enditem|p1b: Incineroar|Sitrus Berry|[eat]\n|-heal|p1b: Incineroar|70/100|[from] item: Sitrus Berry\n|faint|p1a: Ninetales\n|\n|-weather|Snowscape|[upkeep]\n|upkeep\n|\n|t:|1776540524\n|switch|p1a: Glimmora|Glimmora-Mega, L50, F|100/100\n|turn|3\n|\n|t:|1776540545\n|move|p2a: Kingambit|Protect|p2a: Kingambit\n|-singleturn|p2a: Kingambit|Protect\n|move|p1a: Glimmora|Spiky Shield|p1a: Glimmora\n|-singleturn|p1a: Glimmora|move: Protect\n|move|p2b: Farigiraf|Psychic|p1a: Glimmora\n|-activate|p1a: Glimmora|move: Protect\n|move|p1b: Incineroar|Flare Blitz|p2a: Kingambit\n|-activate|p2a: Kingambit|move: Protect\n|\n|-weather|Snowscape|[upkeep]\n|upkeep\n|turn|4\n|\n|t:|1776540565\n|switch|p1a: Kommo-o|Kommo-o, L50, M|100/100\n|move|p2a: Kingambit|Low Kick|p1b: Incineroar\n|-supereffective|p1b: Incineroar|1\n|-damage|p1b: Incineroar|12/100\n|move|p2b: Farigiraf|Psychic|p1a: Kommo-o\n|-supereffective|p1a: Kommo-o|1\n|-damage|p1a: Kommo-o|51/100\n|move|p1b: Incineroar|Flare Blitz|p2a: Kingambit\n|-supereffective|p2a: Kingambit|1\n|-damage|p2a: Kingambit|0 fnt\n|faint|p2a: Kingambit\n|-damage|p1b: Incineroar|2/100|[from] Recoil\n|\n|-weather|Snowscape|[upkeep]\n|-heal|p1a: Kommo-o|57/100|[from] item: Leftovers\n|upkeep\n|\n|t:|1776540579\n|switch|p2a: Golurk|Golurk, L50|100/100\n|turn|5\n|\n|t:|1776540593\n|detailschange|p2a: Golurk|Golurk-Mega, L50\n|-mega|p2a: Golurk|Golurk|Golurkite\n|move|p1a: Kommo-o|Protect|p1a: Kommo-o\n|-singleturn|p1a: Kommo-o|Protect\n|move|p2a: Golurk|Thunder Punch|p1b: Incineroar\n|-damage|p1b: Incineroar|0 fnt\n|faint|p1b: Incineroar\n|move|p2b: Farigiraf|Psychic|p1a: Kommo-o\n|-activate|p1a: Kommo-o|move: Protect\n|\n|-weather|none\n|-heal|p1a: Kommo-o|63/100|[from] item: Leftovers\n|-sideend|p1: Braute|move: Aurora Veil\n|-fieldend|move: Trick Room\n|upkeep\n|\n|t:|1776540597\n|switch|p1b: Glimmora|Glimmora-Mega, L50, F|100/100\n|turn|6\n|\n|t:|1776540614\n|move|p1b: Glimmora|Sludge Bomb|p2b: Farigiraf\n|-damage|p2b: Farigiraf|28/100\n|-enditem|p2b: Farigiraf|Sitrus Berry|[eat]\n|-heal|p2b: Farigiraf|53/100|[from] item: Sitrus Berry\n|move|p1a: Kommo-o|Clanging Scales|p2b: Farigiraf|[spread] p2a,p2b\n|-damage|p2a: Golurk|65/100\n|-damage|p2b: Farigiraf|13/100\n|-unboost|p1a: Kommo-o|def|1\n|move|p2b: Farigiraf|Psychic|p1a: Kommo-o\n|-supereffective|p1a: Kommo-o|1\n|-damage|p1a: Kommo-o|0 fnt\n|faint|p1a: Kommo-o\n|move|p2a: Golurk|Headlong Rush|p1b: Glimmora\n|-supereffective|p1b: Glimmora|2\n|-damage|p1b: Glimmora|0 fnt\n|-unboost|p2a: Golurk|def|1\n|-unboost|p2a: Golurk|spd|1\n|faint|p1b: Glimmora\n|\n|win|fluffymeme\n|raw|Braute's rating: 1246 &rarr; <strong>1217</strong><br />(-29 for losing)\n|raw|fluffymeme's rating: 1189 &rarr; <strong>1218</strong><br />(+29 for winning)\n",
  "uploadtime": 1776540615,
  "views": 19,
  "formatid": "gen9championsvgc2026regma",
  "rating": 1217,
  "private": 0,
  "password": null
}