{
  "id": "gen9championsvgc2026regma-2584416045",
  "format": "[Gen 9 Champions] VGC 2026 Reg M-A",
  "players": [
    "faric",
    "FeRd2000"
  ],
  "log": "|j|\u2606faric\n|j|\u2606FeRd2000\n|t:|1776259299\n|gametype|doubles\n|player|p1|faric|265|1219\n|player|p2|FeRd2000|1|1177\n|gen|9\n|tier|[Gen 9 Champions] VGC 2026 Reg M-A\n|rated|\n|rule|Species Clause: Limit one of each Pok\u00e9mon\n|rule|Item Clause: Limit 1 of each item\n|clearpoke\n|poke|p1|Charizard, L50, F|\n|poke|p1|Garchomp, L50, M|\n|poke|p1|Rotom-Wash, L50|\n|poke|p1|Incineroar, L50, M|\n|poke|p1|Sneasler, L50, F|\n|poke|p1|Whimsicott, L50, F|\n|poke|p2|Dragonite, L50, M|\n|poke|p2|Sinistcha, L50|\n|poke|p2|Kingambit, L50, F|\n|poke|p2|Basculegion, L50, M|\n|poke|p2|Floette-Eternal, L50, F|\n|poke|p2|Sneasler, L50, M|\n|teampreview|4\n|inactive|Battle timer is ON: inactive players will automatically lose when time's up. (requested by FeRd2000)\n|\n|t:|1776259354\n|teamsize|p1|4\n|teamsize|p2|4\n|start\n|switch|p1a: Whimsicott|Whimsicott, L50, F|100/100\n|switch|p1b: Charizard|Charizard, L50, F|100/100\n|switch|p2a: Floette|Floette-Eternal, L50, F|100/100\n|switch|p2b: Basculegion|Basculegion, L50, M|100/100\n|turn|1\n|\n|t:|1776259379\n|detailschange|p1b: Charizard|Charizard-Mega-Y, L50, F\n|-mega|p1b: Charizard|Charizard|Charizardite Y\n|-weather|SunnyDay|[from] ability: Drought|[of] p1b: Charizard\n|detailschange|p2a: Floette|Floette-Mega, L50, F\n|-mega|p2a: Floette|Floette|Floettite\n|-ability|p2a: Floette|Fairy Aura\n|move|p1a: Whimsicott|Tailwind|p1a: Whimsicott\n|-sidestart|p1: faric|move: Tailwind\n|move|p1b: Charizard|Solar Beam||[still]\n|-prepare|p1b: Charizard|Solar Beam\n|-anim|p1b: Charizard|Solar Beam|p2b: Basculegion\n|-supereffective|p2b: Basculegion|1\n|-damage|p2b: Basculegion|0 fnt\n|faint|p2b: Basculegion\n|move|p2a: Floette|Dazzling Gleam|p1a: Whimsicott|[spread] p1a,p1b\n|-resisted|p1b: Charizard|1\n|-damage|p1a: Whimsicott|22/100\n|-damage|p1b: Charizard|79/100\n|\n|-weather|SunnyDay|[upkeep]\n|upkeep\n|\n|t:|1776259395\n|switch|p2b: Sneasler|Sneasler, L50, M|100/100\n|turn|2\n|\n|t:|1776259403\n|move|p1a: Whimsicott|Protect|p1a: Whimsicott\n|-singleturn|p1a: Whimsicott|Protect\n|move|p1b: Charizard|Protect|p1b: Charizard\n|-singleturn|p1b: Charizard|Protect\n|move|p2b: Sneasler|Fake Out|p1b: Charizard\n|-activate|p1b: Charizard|move: Protect\n|move|p2a: Floette|Dazzling Gleam|p1a: Whimsicott|[spread] \n|-activate|p1a: Whimsicott|move: Protect\n|-activate|p1b: Charizard|move: Protect\n|\n|-weather|SunnyDay|[upkeep]\n|upkeep\n|turn|3\n|inactive|FeRd2000 has 30 seconds left.\n|inactive|FeRd2000 has 20 seconds left.\n|inactive|FeRd2000 has 15 seconds left.\n|inactive|FeRd2000 has 10 seconds left.\n|\n|t:|1776259452\n|move|p1a: Whimsicott|Encore|p2b: Sneasler\n|-start|p2b: Sneasler|Encore\n|move|p2b: Sneasler|Fake Out||[still]\n|-hint|Fake Out only works on your first turn out.\n|-fail|p2b: Sneasler\n|move|p1b: Charizard|Heat Wave|p2a: Floette|[spread] p2a,p2b\n|-damage|p2a: Floette|57/100\n|-damage|p2b: Sneasler|5/100\n|move|p2a: Floette|Dazzling Gleam|p1a: Whimsicott|[spread] p1a,p1b\n|-resisted|p1b: Charizard|1\n|-damage|p1a: Whimsicott|0 fnt\n|-damage|p1b: Charizard|54/100\n|faint|p1a: Whimsicott\n|\n|-weather|SunnyDay|[upkeep]\n|upkeep\n|\n|t:|1776259465\n|switch|p1a: Incineroar|Incineroar, L50, M|100/100\n|-ability|p1a: Incineroar|Intimidate|boost\n|-unboost|p2a: Floette|atk|1\n|-unboost|p2b: Sneasler|atk|1\n|-enditem|p2b: Sneasler|White Herb\n|-clearnegativeboost|p2b: Sneasler|[silent]\n|turn|4\n|\n|t:|1776259476\n|switch|p2b: Kingambit|Kingambit, L50, F|100/100\n|move|p1b: Charizard|Heat Wave|p2b: Kingambit|[spread] p2a,p2b\n|-supereffective|p2b: Kingambit|1\n|-crit|p2b: Kingambit\n|-damage|p2a: Floette|12/100\n|-damage|p2b: Kingambit|0 fnt\n|faint|p2b: Kingambit\n|move|p1a: Incineroar|Flare Blitz|p2a: Floette\n|-damage|p2a: Floette|0 fnt\n|faint|p2a: Floette\n|-damage|p1a: Incineroar|97/100|[from] Recoil\n|\n|-weather|SunnyDay|[upkeep]\n|-sideend|p1: faric|move: Tailwind\n|upkeep\n|\n|t:|1776259495\n|switch|p2a: Sneasler|Sneasler, L50, M|5/100\n|turn|5\n|\n|t:|1776259515\n|switch|p1a: Sneasler|Sneasler, L50, F|100/100\n|move|p2a: Sneasler|Close Combat|p1a: Sneasler\n|-resisted|p1a: Sneasler|1\n|-damage|p1a: Sneasler|46/100\n|-unboost|p2a: Sneasler|def|1\n|-unboost|p2a: Sneasler|spd|1\n|move|p1b: Charizard|Weather Ball|p2a: Sneasler\n|-damage|p2a: Sneasler|0 fnt\n|faint|p2a: Sneasler\n|\n|win|faric\n|raw|faric's rating: 1219 &rarr; <strong>1241</strong><br />(+22 for winning)\n|raw|FeRd2000's rating: 1177 &rarr; <strong>1155</strong><br />(-22 for losing)\n|l|\u2606FeRd2000\n|player|p2|\n",
  "uploadtime": 1776259530,
  "views": 44,
  "formatid": "gen9championsvgc2026regma",
  "rating": 1155,
  "private": 0,
  "password": null
}