{
  "id": "gen9championsvgc2026regma-2587442182",
  "format": "[Gen 9 Champions] VGC 2026 Reg M-A",
  "players": [
    "maxAshgreninja",
    "Raposooso"
  ],
  "log": "|j|\u2606maxAshgreninja\n|j|\u2606Raposooso\n|t:|1776532150\n|gametype|doubles\n|player|p1|maxAshgreninja|102|1104\n|player|p2|Raposooso|artist-gen4|1050\n|gen|9\n|tier|[Gen 9 Champions] VGC 2026 Reg M-A\n|rated|\n|rule|Species Clause: Limit one of each Pok\u00e9mon\n|rule|Item Clause: Limit 1 of each item\n|clearpoke\n|poke|p1|Meganium, L50, F, shiny|\n|poke|p1|Archaludon, L50, M, shiny|\n|poke|p1|Kangaskhan, L50, F|\n|poke|p1|Aerodactyl, L50, F, shiny|\n|poke|p1|Typhlosion-Hisui, L50, F|\n|poke|p1|Tauros-Paldea-Aqua, L50, M, shiny|\n|poke|p2|Delphox, L50, M|\n|poke|p2|Sableye, L50, M|\n|poke|p2|Corviknight, L50, F|\n|poke|p2|Tauros-Paldea-Aqua, L50, M|\n|poke|p2|Rotom-Wash, L50|\n|poke|p2|Garchomp, L50, F|\n|teampreview|4\n|inactive|Battle timer is ON: inactive players will automatically lose when time's up. (requested by maxAshgreninja)\n|inactive|maxAshgreninja has 60 seconds left.\n|inactive|Raposooso has 60 seconds left.\n|inactive|Raposooso has 30 seconds left.\n|inactive|Raposooso has 20 seconds left.\n|inactive|Raposooso has 15 seconds left.\n|\n|t:|1776532229\n|teamsize|p1|4\n|teamsize|p2|4\n|start\n|switch|p1a: Aerodactyl|Aerodactyl, L50, F, shiny|100/100\n|switch|p1b: Kangaskhan|Kangaskhan, L50, F|100/100\n|switch|p2a: Sableye|Sableye, L50, M|100/100\n|switch|p2b: Corviknight|Corviknight, L50, F|100/100\n|-ability|p1a: Aerodactyl|Unnerve\n|turn|1\n|\n|t:|1776532252\n|move|p2a: Sableye|Detect|p2a: Sableye\n|-singleturn|p2a: Sableye|Protect\n|move|p2b: Corviknight|Protect|p2b: Corviknight\n|-singleturn|p2b: Corviknight|Protect\n|move|p1b: Kangaskhan|Fake Out|p2b: Corviknight\n|-activate|p2b: Corviknight|move: Protect\n|move|p1a: Aerodactyl|Tailwind|p1a: Aerodactyl\n|-sidestart|p1: maxAshgreninja|move: Tailwind\n|\n|upkeep\n|turn|2\n|inactive|Raposooso has 30 seconds left.\n|\n|t:|1776532278\n|detailschange|p1b: Kangaskhan|Kangaskhan-Mega, L50, F\n|-mega|p1b: Kangaskhan|Kangaskhan|Kangaskhanite\n|move|p2a: Sableye|Encore|p1b: Kangaskhan\n|-start|p1b: Kangaskhan|Encore\n|move|p1b: Kangaskhan|Fake Out||[still]\n|-hint|Fake Out only works on your first turn out.\n|-fail|p1b: Kangaskhan\n|move|p1a: Aerodactyl|Rock Slide|p2a: Sableye|[spread] p2b\n|-miss|p1a: Aerodactyl|p2a: Sableye\n|-damage|p2b: Corviknight|83/100\n|cant|p2b: Corviknight|flinch\n|\n|-heal|p2b: Corviknight|90/100|[from] item: Leftovers\n|upkeep\n|turn|3\n|\n|t:|1776532303\n|switch|p1b: Tauros|Tauros-Paldea-Aqua, L50, M, shiny|100/100\n|-ability|p1b: Tauros|Intimidate|boost\n|-unboost|p2a: Sableye|atk|1\n|-ability|p2b: Corviknight|Mirror Armor\n|-unboost|p1b: Tauros|atk|1\n|-enditem|p1b: Tauros|White Herb\n|-clearnegativeboost|p1b: Tauros|[silent]\n|move|p2a: Sableye|Disable|p1a: Aerodactyl\n|-start|p1a: Aerodactyl|Disable|Rock Slide\n|cant|p1a: Aerodactyl|Disable|Rock Slide\n|move|p2b: Corviknight|Iron Defense|p2b: Corviknight\n|-boost|p2b: Corviknight|def|2\n|\n|-heal|p2b: Corviknight|96/100|[from] item: Leftovers\n|upkeep\n|turn|4\n|inactive|Raposooso has 30 seconds left.\n|\n|t:|1776532338\n|move|p2a: Sableye|Detect|p2a: Sableye\n|-singleturn|p2a: Sableye|Protect\n|move|p2b: Corviknight|Protect|p2b: Corviknight\n|-singleturn|p2b: Corviknight|Protect\n|move|p1a: Aerodactyl|Dual Wingbeat|p2a: Sableye\n|-activate|p2a: Sableye|move: Protect\n|move|p1b: Tauros|Wave Crash|p2a: Sableye\n|-activate|p2a: Sableye|move: Protect\n|\n|-heal|p2b: Corviknight|100/100|[from] item: Leftovers\n|-sideend|p1: maxAshgreninja|move: Tailwind\n|upkeep\n|turn|5\n|inactive|Raposooso has 30 seconds left.\n|inactive|Raposooso has 20 seconds left.\n|\n|t:|1776532374\n|move|p2a: Sableye|Disable|p1b: Tauros\n|-start|p1b: Tauros|Disable|Wave Crash\n|move|p1a: Aerodactyl|Dual Wingbeat|p2a: Sableye\n|-damage|p2a: Sableye|78/100\n|-damage|p2a: Sableye|54/100\n|-hitcount|p2a: Sableye|2\n|cant|p1b: Tauros|Disable|Wave Crash\n|move|p2b: Corviknight|Tailwind|p2b: Corviknight\n|-sidestart|p2: Raposooso|move: Tailwind\n|\n|upkeep\n|turn|6\n|inactive|Raposooso has 30 seconds left.\n|\n|t:|1776532400\n|move|p2a: Sableye|Detect|p2a: Sableye\n|-singleturn|p2a: Sableye|Protect\n|move|p1b: Tauros|Protect|p1b: Tauros\n|-singleturn|p1b: Tauros|Protect\n|move|p2b: Corviknight|Body Press|p1a: Aerodactyl\n|-damage|p1a: Aerodactyl|13/100\n|move|p1a: Aerodactyl|Tailwind|p1a: Aerodactyl\n|-sidestart|p1: maxAshgreninja|move: Tailwind\n|\n|-end|p1a: Aerodactyl|Disable\n|upkeep\n|turn|7\n|\n|t:|1776532418\n|switch|p1b: Kangaskhan|Kangaskhan-Mega, L50, F|100/100\n|move|p1a: Aerodactyl|Protect|p1a: Aerodactyl\n|-singleturn|p1a: Aerodactyl|Protect\n|move|p2a: Sableye|Encore||[still]\n|-fail|p2a: Sableye\n|move|p2b: Corviknight|Iron Defense|p2b: Corviknight\n|-boost|p2b: Corviknight|def|2\n|\n|upkeep\n|turn|8\n|inactive|maxAshgreninja has 30 seconds left.\n|\n|t:|1776532444\n|switch|p1a: Archaludon|Archaludon, L50, M, shiny|100/100\n|move|p2a: Sableye|Detect|p2a: Sableye\n|-singleturn|p2a: Sableye|Protect\n|move|p2b: Corviknight|Protect|p2b: Corviknight\n|-singleturn|p2b: Corviknight|Protect\n|move|p1b: Kangaskhan|Sucker Punch||[still]\n|-fail|p1b: Kangaskhan\n|\n|-sideend|p2: Raposooso|move: Tailwind\n|upkeep\n|turn|9\n|\n|t:|1776532467\n|switch|p1b: Aerodactyl|Aerodactyl, L50, F, shiny|13/100\n|-ability|p1b: Aerodactyl|Unnerve\n|move|p2a: Sableye|Encore||[still]\n|-fail|p2a: Sableye\n|move|p1a: Archaludon|Draco Meteor|p2a: Sableye\n|-damage|p2a: Sableye|0 fnt\n|-unboost|p1a: Archaludon|spa|2\n|faint|p2a: Sableye\n|move|p2b: Corviknight|Body Press|p1a: Archaludon\n|-supereffective|p1a: Archaludon|1\n|-damage|p1a: Archaludon|0 fnt\n|faint|p1a: Archaludon\n|\n|-sideend|p1: maxAshgreninja|move: Tailwind\n|upkeep\n|inactive|Raposooso has 30 seconds left.\n|\n|t:|1776532493\n|switch|p1a: Kangaskhan|Kangaskhan-Mega, L50, F|100/100\n|switch|p2a: Garchomp|Garchomp, L50, F|100/100\n|turn|10\n|\n|t:|1776532510\n|move|p1a: Kangaskhan|Fake Out|p2a: Garchomp\n|-damage|p2a: Garchomp|76/100\n|-damage|p1a: Kangaskhan|88/100|[from] ability: Rough Skin|[of] p2a: Garchomp\n|-damage|p2a: Garchomp|71/100\n|-damage|p1a: Kangaskhan|76/100|[from] ability: Rough Skin|[of] p2a: Garchomp\n|-hitcount|p2a: Garchomp|2\n|move|p1b: Aerodactyl|Tailwind|p1b: Aerodactyl\n|-sidestart|p1: maxAshgreninja|move: Tailwind\n|cant|p2a: Garchomp|flinch\n|move|p2b: Corviknight|Body Press|p1a: Kangaskhan\n|-supereffective|p1a: Kangaskhan|1\n|-damage|p1a: Kangaskhan|0 fnt\n|faint|p1a: Kangaskhan\n|\n|upkeep\n|\n|t:|1776532523\n|switch|p1a: Tauros|Tauros-Paldea-Aqua, L50, M, shiny|100/100\n|-ability|p1a: Tauros|Intimidate|boost\n|-unboost|p2a: Garchomp|atk|1\n|-ability|p2b: Corviknight|Mirror Armor\n|-unboost|p1a: Tauros|atk|1\n|turn|11\n|inactive|Raposooso has 30 seconds left.\n|c|\u2606maxAshgreninja|gg :(\n|inactive|Raposooso has 20 seconds left.\n|\n|t:|1776532559\n|move|p2a: Garchomp|Protect|p2a: Garchomp\n|-singleturn|p2a: Garchomp|Protect\n|move|p1b: Aerodactyl|Rock Slide|p2b: Corviknight|[spread] p2b\n|-activate|p2a: Garchomp|move: Protect\n|-damage|p2b: Corviknight|94/100\n|move|p1a: Tauros|Close Combat|p2b: Corviknight\n|-damage|p2b: Corviknight|83/100\n|-unboost|p1a: Tauros|def|1\n|-unboost|p1a: Tauros|spd|1\n|move|p2b: Corviknight|Tailwind|p2b: Corviknight\n|-sidestart|p2: Raposooso|move: Tailwind\n|\n|-heal|p2b: Corviknight|90/100|[from] item: Leftovers\n|upkeep\n|turn|12\n|-message|maxAshgreninja forfeited.\n|\n|win|Raposooso\n|raw|maxAshgreninja's rating: 1104 &rarr; <strong>1075</strong><br />(-29 for losing)\n|raw|Raposooso's rating: 1050 &rarr; <strong>1088</strong><br />(+38 for winning)\n|l|\u2606maxAshgreninja\n|player|p1|\n|c|\u2606Raposooso|gg\n",
  "uploadtime": 1776532848,
  "views": 16,
  "formatid": "gen9championsvgc2026regma",
  "rating": 1075,
  "private": 0,
  "password": null
}