{
  "id": "gen9championsvgc2026regma-2584309992",
  "format": "[Gen 9 Champions] VGC 2026 Reg M-A",
  "players": [
    "forker1112",
    "ycfhhhhhhchj"
  ],
  "log": "|j|\u2606forker1112\n|j|\u2606ycfhhhhhhchj\n|t:|1776249826\n|gametype|doubles\n|player|p1|forker1112|chili|1147\n|player|p2|ycfhhhhhhchj|102|1047\n|gen|9\n|tier|[Gen 9 Champions] VGC 2026 Reg M-A\n|rated|\n|rule|Species Clause: Limit one of each Pok\u00e9mon\n|rule|Item Clause: Limit 1 of each item\n|clearpoke\n|poke|p1|Golurk, L50|\n|poke|p1|Torkoal, L50, M|\n|poke|p1|Farigiraf, L50, M|\n|poke|p1|Incineroar, L50, F|\n|poke|p1|Kingambit, L50, F|\n|poke|p1|Glimmora, L50, F|\n|poke|p2|Dragonite, L50, M|\n|poke|p2|Pelipper, L50, M|\n|poke|p2|Archaludon, L50, F|\n|poke|p2|Basculegion, L50, M|\n|poke|p2|Maushold-Four, L50|\n|poke|p2|Ampharos, L50, F|\n|teampreview|4\n|\n|t:|1776249849\n|teamsize|p1|4\n|teamsize|p2|4\n|start\n|switch|p1a: Farigiraf|Farigiraf, L50, M|100/100\n|switch|p1b: Incineroar|Incineroar, L50, F|100/100\n|switch|p2a: Pelipper|Pelipper, L50, M|100/100\n|switch|p2b: Dragonite|Dragonite, L50, M, shiny|100/100\n|-weather|RainDance|[from] ability: Drizzle|[of] p2a: Pelipper\n|-ability|p1b: Incineroar|Intimidate|boost\n|-unboost|p2a: Pelipper|atk|1\n|-unboost|p2b: Dragonite|atk|1\n|turn|1\n|inactive|Battle timer is ON: inactive players will automatically lose when time's up. (requested by forker1112)\n|\n|t:|1776249885\n|detailschange|p2b: Dragonite|Dragonite-Mega, L50, M, shiny\n|-mega|p2b: Dragonite|Dragonite|Dragoninite\n|move|p1b: Incineroar|Fake Out|p2b: Dragonite\n|-damage|p2b: Dragonite|96/100\n|cant|p2b: Dragonite|flinch\n|move|p2a: Pelipper|Hydro Pump|p1b: Incineroar\n|-supereffective|p1b: Incineroar|1\n|-damage|p1b: Incineroar|0 fnt\n|faint|p1b: Incineroar\n|move|p1a: Farigiraf|Trick Room|p1a: Farigiraf\n|-fieldstart|move: Trick Room|[of] p1a: Farigiraf\n|\n|-weather|RainDance|[upkeep]\n|upkeep\n|\n|t:|1776249895\n|switch|p1b: Torkoal|Torkoal, L50, M|100/100\n|-weather|SunnyDay|[from] ability: Drought|[of] p1b: Torkoal\n|turn|2\n|\n|t:|1776249909\n|move|p1a: Farigiraf|Helping Hand|p1b: Torkoal\n|-singleturn|p1b: Torkoal|Helping Hand|[of] p1a: Farigiraf\n|move|p1b: Torkoal|Eruption|p2b: Dragonite|[spread] p2a,p2b\n|-resisted|p2a: Pelipper|1\n|-resisted|p2b: Dragonite|1\n|-damage|p2a: Pelipper|12/100\n|-damage|p2b: Dragonite|45/100\n|move|p2a: Pelipper|Hydro Pump|p1b: Torkoal|[miss]\n|-miss|p2a: Pelipper|p1b: Torkoal\n|move|p2b: Dragonite|Draco Meteor|p1a: Farigiraf\n|-damage|p1a: Farigiraf|49/100\n|-unboost|p2b: Dragonite|spa|2\n|\n|-weather|SunnyDay|[upkeep]\n|upkeep\n|turn|3\n|inactive|ycfhhhhhhchj has 30 seconds left.\n|\n|t:|1776249936\n|switch|p2a: Maushold|Maushold-Four, L50|100/100\n|switch|p2b: Archaludon|Archaludon, L50, F|100/100\n|move|p1a: Farigiraf|Helping Hand|p1b: Torkoal\n|-singleturn|p1b: Torkoal|Helping Hand|[of] p1a: Farigiraf\n|move|p1b: Torkoal|Eruption|p2b: Archaludon|[spread] p2a,p2b\n|-damage|p2a: Maushold|0 fnt\n|-damage|p2b: Archaludon|0 fnt\n|faint|p2a: Maushold\n|faint|p2b: Archaludon\n|\n|-weather|SunnyDay|[upkeep]\n|upkeep\n|\n|t:|1776249946\n|switch|p2b: Pelipper|Pelipper, L50, M|12/100\n|switch|p2a: Dragonite|Dragonite-Mega, L50, M, shiny|45/100\n|-weather|RainDance|[from] ability: Drizzle|[of] p2b: Pelipper\n|turn|4\n|\n|t:|1776249958\n|move|p1a: Farigiraf|Helping Hand|p1b: Torkoal\n|-singleturn|p1b: Torkoal|Helping Hand|[of] p1a: Farigiraf\n|move|p1b: Torkoal|Eruption|p2b: Pelipper|[spread] p2a,p2b\n|-resisted|p2a: Dragonite|1\n|-resisted|p2b: Pelipper|1\n|-crit|p2b: Pelipper\n|-damage|p2a: Dragonite|26/100\n|-damage|p2b: Pelipper|0 fnt\n|faint|p2b: Pelipper\n|move|p2a: Dragonite|Draco Meteor|p1a: Farigiraf\n|-damage|p1a: Farigiraf|0 fnt\n|-unboost|p2a: Dragonite|spa|2\n|faint|p1a: Farigiraf\n|\n|-weather|RainDance|[upkeep]\n|upkeep\n|\n|t:|1776249967\n|switch|p1a: Golurk|Golurk, L50|100/100\n|turn|5\n|\n|t:|1776249973\n|detailschange|p1a: Golurk|Golurk-Mega, L50\n|-mega|p1a: Golurk|Golurk|Golurkite\n|move|p1b: Torkoal|Eruption|p2a: Dragonite\n|-resisted|p2a: Dragonite|1\n|-damage|p2a: Dragonite|10/100\n|move|p1a: Golurk|Ice Punch|p2a: Dragonite\n|-supereffective|p2a: Dragonite|2\n|-damage|p2a: Dragonite|0 fnt\n|faint|p2a: Dragonite\n|\n|win|forker1112\n|raw|forker1112's rating: 1147 &rarr; <strong>1165</strong><br />(+18 for winning)\n|raw|ycfhhhhhhchj's rating: 1047 &rarr; <strong>1035</strong><br />(-12 for losing)\n|l|\u2606ycfhhhhhhchj\n|player|p2|\n",
  "uploadtime": 1776249990,
  "views": 21,
  "formatid": "gen9championsvgc2026regma",
  "rating": 1035,
  "private": 0,
  "password": null
}