{
  "id": "gen9championsvgc2026regma-2583854535",
  "format": "[Gen 9 Champions] VGC 2026 Reg M-A",
  "players": [
    "rasb",
    "Nemizizi"
  ],
  "log": "|j|\u2606rasb\n|j|\u2606Nemizizi\n|t:|1776202926\n|gametype|doubles\n|player|p1|rasb|101|1107\n|player|p2|Nemizizi|170|1078\n|gen|9\n|tier|[Gen 9 Champions] VGC 2026 Reg M-A\n|rated|\n|rule|Species Clause: Limit one of each Pok\u00e9mon\n|rule|Item Clause: Limit 1 of each item\n|clearpoke\n|poke|p1|Floette-Eternal, L50, F|\n|poke|p1|Aerodactyl, L50, F|\n|poke|p1|Incineroar, L50, F|\n|poke|p1|Garchomp, L50, F|\n|poke|p1|Charizard, L50, M|\n|poke|p1|Venusaur, L50, M|\n|poke|p2|Passimian, L50, F|\n|poke|p2|Ariados, L50, M|\n|poke|p2|Beedrill, L50, M|\n|poke|p2|Meowstic, L50, M|\n|poke|p2|Araquanid, L50, F|\n|poke|p2|Tauros-Paldea-Blaze, L50, M|\n|teampreview|4\n|inactive|Battle timer is ON: inactive players will automatically lose when time's up. (requested by rasb)\nrasb has agreed to open team sheets.\n|inactive|Nemizizi has 60 seconds left.\n|\n|t:|1776202965\n|teamsize|p1|4\n|teamsize|p2|4\n|start\n|switch|p1a: Garchomp|Garchomp, L50, F|100/100\n|switch|p1b: Aerodactyl|Aerodactyl, L50, F|100/100\n|switch|p2a: Araquanid|Araquanid, L50, F|100/100\n|switch|p2b: Meowstic|Meowstic, L50, M|100/100\n|-ability|p1b: Aerodactyl|Unnerve\n|turn|1\n|inactive|Nemizizi has 30 seconds left.\n|\n|t:|1776202998\n|move|p2b: Meowstic|Thunder Wave|p1a: Garchomp\n|-immune|p1a: Garchomp\n|move|p1a: Garchomp|Rock Slide|p2a: Araquanid|[spread] p2b\n|-miss|p1a: Garchomp|p2a: Araquanid\n|-damage|p2b: Meowstic|81/100\n|move|p1b: Aerodactyl|Dual Wingbeat|p2a: Araquanid\n|-supereffective|p2a: Araquanid|1\n|-damage|p2a: Araquanid|72/100\n|-supereffective|p2a: Araquanid|1\n|-damage|p2a: Araquanid|44/100\n|-hitcount|p2a: Araquanid|2\n|move|p2a: Araquanid|Liquidation|p1b: Aerodactyl\n|-supereffective|p1b: Aerodactyl|1\n|-damage|p1b: Aerodactyl|0 fnt\n|faint|p1b: Aerodactyl\n|\n|-heal|p2a: Araquanid|50/100|[from] item: Leftovers\n|upkeep\n|\n|t:|1776203012\n|switch|p1b: Charizard|Charizard, L50, M|100/100\n|turn|2\n|\n|t:|1776203023\n|detailschange|p1b: Charizard|Charizard-Mega-Y, L50, M\n|-mega|p1b: Charizard|Charizard|Charizardite Y\n|-weather|SunnyDay|[from] ability: Drought|[of] p1b: Charizard\n|move|p2a: Araquanid|Wide Guard|p2a: Araquanid\n|-singleturn|p2a: Araquanid|Wide Guard\n|move|p2b: Meowstic|Thunder Wave|p1b: Charizard\n|-status|p1b: Charizard|par\n|move|p1a: Garchomp|Rock Slide|p2a: Araquanid|[spread] \n|-activate|p2a: Araquanid|move: Wide Guard\n|-activate|p2b: Meowstic|move: Wide Guard\n|move|p1b: Charizard|Heat Wave|p2a: Araquanid|[spread] \n|-activate|p2a: Araquanid|move: Wide Guard\n|-activate|p2b: Meowstic|move: Wide Guard\n|\n|-weather|SunnyDay|[upkeep]\n|-heal|p2a: Araquanid|56/100|[from] item: Leftovers\n|upkeep\n|turn|3\n|inactive|Nemizizi has 30 seconds left.\n|inactive|Nemizizi has 20 seconds left.\n|\n|t:|1776203060\n|switch|p2b: Passimian|Passimian, L50, F|100/100\n|move|p1a: Garchomp|Rock Slide|p2b: Passimian|[spread] p2b\n|-miss|p1a: Garchomp|p2a: Araquanid\n|-resisted|p2b: Passimian|1\n|-damage|p2b: Passimian|92/100\n|move|p1b: Charizard|Air Slash|p2a: Araquanid\n|-supereffective|p2a: Araquanid|1\n|-damage|p2a: Araquanid|0 fnt\n|faint|p2a: Araquanid\n|-ability|p2b: Passimian|Water Bubble|Receiver|[from] ability: Receiver|[of] p2a: Araquanid\n|\n|-weather|SunnyDay|[upkeep]\n|upkeep\n|\n|t:|1776203081\n|switch|p2a: Tauros|Tauros-Paldea-Blaze, L50, M|100/100\n|turn|4\n|\n|t:|1776203103\n|move|p1a: Garchomp|Rock Slide|p2b: Passimian|[spread] p2a,p2b\n|-resisted|p2b: Passimian|1\n|-damage|p2a: Tauros|79/100\n|-damage|p2b: Passimian|82/100\n|cant|p2a: Tauros|flinch\n|move|p2b: Passimian|Focus Energy|p2b: Passimian\n|-start|p2b: Passimian|move: Focus Energy\n|move|p1b: Charizard|Air Slash|p2b: Passimian\n|-supereffective|p2b: Passimian|1\n|-damage|p2b: Passimian|0 fnt\n|faint|p2b: Passimian\n|\n|-weather|SunnyDay|[upkeep]\n|upkeep\n|\n|t:|1776203111\n|switch|p2b: Meowstic|Meowstic, L50, M|81/100\n|turn|5\n|\n|t:|1776203119\n|move|p2b: Meowstic|Fake Out|p1a: Garchomp\n|-damage|p1a: Garchomp|96/100\n|-damage|p2b: Meowstic|69/100|[from] ability: Rough Skin|[of] p1a: Garchomp\n|cant|p1a: Garchomp|flinch\n|move|p2a: Tauros|Rock Slide|p1b: Charizard|[spread] p1b\n|-miss|p2a: Tauros|p1a: Garchomp\n|-supereffective|p1b: Charizard|2\n|-damage|p1b: Charizard|30/100 par\n|move|p1b: Charizard|Air Slash|p2a: Tauros\n|-supereffective|p2a: Tauros|1\n|-damage|p2a: Tauros|0 fnt\n|faint|p2a: Tauros\n|\n|-weather|SunnyDay|[upkeep]\n|upkeep\n|turn|6\n|-message|Nemizizi forfeited.\n|\n|win|rasb\n|raw|rasb's rating: 1107 &rarr; <strong>1130</strong><br />(+23 for winning)\n|raw|Nemizizi's rating: 1078 &rarr; <strong>1058</strong><br />(-20 for losing)\n",
  "uploadtime": 1776203138,
  "views": 17,
  "formatid": "gen9championsvgc2026regma",
  "rating": 1058,
  "private": 0,
  "password": null
}