{
  "id": "gen9championsvgc2026regma-2581360078",
  "format": "[Gen 9 Champions] VGC 2026 Reg M-A",
  "players": [
    "Chien02",
    "arisluca"
  ],
  "log": "|j|\u2606Chien02\n|j|\u2606arisluca\n|t:|1775991524\n|gametype|doubles\n|player|p1|Chien02|2|1000\n|player|p2|arisluca|colress|1000\n|gen|9\n|tier|[Gen 9 Champions] VGC 2026 Reg M-A\n|rated|\n|rule|Species Clause: Limit one of each Pok\u00e9mon\n|rule|Item Clause: Limit 1 of each item\n|clearpoke\n|poke|p1|Floette-Eternal, L50, F|\n|poke|p1|Pelipper, L50, M|\n|poke|p1|Archaludon, L50, M|\n|poke|p1|Incineroar, L50, M|\n|poke|p1|Gengar, L50, F|\n|poke|p1|Farigiraf, L50, M|\n|poke|p2|Meganium, L50, M|\n|poke|p2|Archaludon, L50, M|\n|poke|p2|Pelipper, L50, M|\n|poke|p2|Basculegion, L50, M|\n|poke|p2|Garchomp, L50, M|\n|poke|p2|Incineroar, L50, M|\n|teampreview|4\narisluca has agreed to open team sheets.\n|inactive|Battle timer is ON: inactive players will automatically lose when time's up. (requested by Chien02)\n|\n|t:|1775991595\n|teamsize|p1|4\n|teamsize|p2|4\n|start\n|switch|p1a: Floette|Floette-Eternal, L50, F|100/100\n|switch|p1b: Incineroar|Incineroar, L50, M|100/100\n|switch|p2a: Incineroar|Incineroar, L50, M|100/100\n|switch|p2b: Archaludon|Archaludon, L50, M|100/100\n|-ability|p2a: Incineroar|Intimidate|boost\n|-unboost|p1a: Floette|atk|1\n|-unboost|p1b: Incineroar|atk|1\n|-ability|p1b: Incineroar|Intimidate|boost\n|-unboost|p2a: Incineroar|atk|1\n|-unboost|p2b: Archaludon|atk|1\n|turn|1\n|inactive|Chien02 has 30 seconds left.\n|inactive|arisluca has 30 seconds left.\n|\n|t:|1775991623\n|detailschange|p1a: Floette|Floette-Mega, L50, F\n|-mega|p1a: Floette|Floette|Floettite\n|-ability|p1a: Floette|Fairy Aura\n|move|p1a: Floette|Protect|p1a: Floette\n|-singleturn|p1a: Floette|Protect\n|move|p2a: Incineroar|Fake Out|p1a: Floette\n|-activate|p1a: Floette|move: Protect\n|move|p1b: Incineroar|Fake Out|p2b: Archaludon\n|-resisted|p2b: Archaludon|1\n|-damage|p2b: Archaludon|97/100\n|-ability|p2b: Archaludon|Stamina|boost\n|-boost|p2b: Archaludon|def|1\n|cant|p2b: Archaludon|flinch\n|\n|upkeep\n|turn|2\n|\n|t:|1775991643\n|move|p1a: Floette|Dazzling Gleam|p2b: Archaludon|[spread] p2a,p2b\n|-damage|p2a: Incineroar|67/100\n|-damage|p2b: Archaludon|56/100\n|-ability|p2b: Archaludon|Stamina|boost\n|-boost|p2b: Archaludon|def|1\n|move|p2b: Archaludon|Flash Cannon|p1a: Floette\n|-supereffective|p1a: Floette|1\n|-damage|p1a: Floette|39/100\n|move|p2a: Incineroar|Throat Chop|p1b: Incineroar\n|-resisted|p1b: Incineroar|1\n|-damage|p1b: Incineroar|90/100\n|-start|p1b: Incineroar|Throat Chop|[silent]\n|cant|p1b: Incineroar|move: Throat Chop\n|\n|upkeep\n|turn|3\n|\n|t:|1775991667\n|move|p1a: Floette|Dazzling Gleam|p2b: Archaludon|[spread] p2a,p2b\n|-damage|p2a: Incineroar|38/100\n|-damage|p2b: Archaludon|12/100\n|-ability|p2b: Archaludon|Stamina|boost\n|-boost|p2b: Archaludon|def|1\n|-enditem|p2a: Incineroar|Sitrus Berry|[eat]\n|-heal|p2a: Incineroar|63/100|[from] item: Sitrus Berry\n|move|p2b: Archaludon|Aura Sphere|p1b: Incineroar\n|-supereffective|p1b: Incineroar|1\n|-damage|p1b: Incineroar|45/100\n|-enditem|p1b: Incineroar|Sitrus Berry|[eat]\n|-heal|p1b: Incineroar|70/100|[from] item: Sitrus Berry\n|move|p2a: Incineroar|Parting Shot|p1a: Floette\n|-unboost|p1a: Floette|atk|1\n|-unboost|p1a: Floette|spa|1\n|\n|t:|1775991681\n|switch|p2a: Pelipper|Pelipper, L50, M|100/100|[from] Parting Shot\n|-weather|RainDance|[from] ability: Drizzle|[of] p2a: Pelipper\n|move|p1b: Incineroar|Darkest Lariat|p2b: Archaludon\n|-damage|p2b: Archaludon|0 fnt\n|faint|p2b: Archaludon\n|\n|-weather|RainDance|[upkeep]\n|-end|p1b: Incineroar|Throat Chop|[silent]\n|upkeep\n|\n|t:|1775991689\n|switch|p2b: Basculegion|Basculegion, L50, M|100/100\n|turn|4\n|inactive|Chien02 has 30 seconds left.\n|\n|t:|1775991716\n|switch|p1a: Pelipper|Pelipper, L50, M|100/100\n|move|p2b: Basculegion|Flip Turn|p1b: Incineroar\n|-supereffective|p1b: Incineroar|1\n|-damage|p1b: Incineroar|0 fnt\n|faint|p1b: Incineroar\n|\n|t:|1775991722\n|switch|p2b: Incineroar|Incineroar, L50, M|63/100|[from] Flip Turn\n|-ability|p2b: Incineroar|Intimidate|boost\n|-unboost|p1a: Pelipper|atk|1\n|move|p2a: Pelipper|Weather Ball|p1a: Pelipper\n|-resisted|p1a: Pelipper|1\n|-damage|p1a: Pelipper|61/100\n|\n|-weather|RainDance|[upkeep]\n|upkeep\n|\n|t:|1775991729\n|switch|p1b: Archaludon|Archaludon, L50, M|100/100\n|turn|5\n|\n|t:|1775991752\n|move|p2b: Incineroar|Fake Out|p1b: Archaludon\n|-resisted|p1b: Archaludon|1\n|-damage|p1b: Archaludon|96/100\n|-ability|p1b: Archaludon|Stamina|boost\n|-boost|p1b: Archaludon|def|1\n|cant|p1b: Archaludon|flinch\n|move|p2a: Pelipper|Tailwind|p2a: Pelipper\n|-sidestart|p2: arisluca|move: Tailwind\n|move|p1a: Pelipper|Weather Ball|p2b: Incineroar\n|-supereffective|p2b: Incineroar|1\n|-damage|p2b: Incineroar|0 fnt\n|faint|p2b: Incineroar\n|\n|-weather|RainDance|[upkeep]\n|-heal|p1b: Archaludon|100/100|[from] item: Leftovers\n|upkeep\n|\n|t:|1775991766\n|switch|p2b: Basculegion|Basculegion, L50, M|100/100\n|turn|6\n|inactive|arisluca has 30 seconds left.\n|\n|t:|1775991792\n|move|p2b: Basculegion|Phantom Force||[still]\n|-prepare|p2b: Basculegion|Phantom Force\n|move|p2a: Pelipper|Hurricane|p1b: Archaludon\n|-resisted|p1b: Archaludon|1\n|-damage|p1b: Archaludon|70/100\n|-ability|p1b: Archaludon|Stamina|boost\n|-boost|p1b: Archaludon|def|1\n|move|p1b: Archaludon|Electro Shot||[still]\n|-prepare|p1b: Archaludon|Electro Shot\n|-boost|p1b: Archaludon|spa|1\n|-anim|p1b: Archaludon|Electro Shot|p2b: Basculegion|[miss]\n|-miss|p1b: Archaludon|p2b: Basculegion\n|move|p1a: Pelipper|Hurricane|p2b: Basculegion|[miss]\n|-miss|p1a: Pelipper|p2b: Basculegion\n|\n|-weather|RainDance|[upkeep]\n|-heal|p1b: Archaludon|76/100|[from] item: Leftovers\n|upkeep\n|turn|7\n|\n|t:|1775991815\n|switch|p1a: Floette|Floette-Mega, L50, F|39/100\n|-ability|p1a: Floette|Fairy Aura\n|move|p2b: Basculegion|Phantom Force|p1a: Floette|[from] lockedmove\n|-damage|p1a: Floette|0 fnt\n|faint|p1a: Floette\n|move|p2a: Pelipper|Hurricane|p1b: Archaludon\n|-resisted|p1b: Archaludon|1\n|-damage|p1b: Archaludon|42/100\n|-ability|p1b: Archaludon|Stamina|boost\n|-boost|p1b: Archaludon|def|1\n|move|p1b: Archaludon|Electro Shot||[still]\n|-prepare|p1b: Archaludon|Electro Shot\n|-boost|p1b: Archaludon|spa|1\n|-anim|p1b: Archaludon|Electro Shot|p2b: Basculegion\n|-supereffective|p2b: Basculegion|1\n|-damage|p2b: Basculegion|0 fnt\n|faint|p2b: Basculegion\n|\n|-weather|none\n|-heal|p1b: Archaludon|48/100|[from] item: Leftovers\n|upkeep\n|\n|t:|1775991830\n|switch|p1a: Pelipper|Pelipper, L50, M|61/100\n|-weather|RainDance|[from] ability: Drizzle|[of] p1a: Pelipper\n|turn|8\n|\n|t:|1775991839\n|move|p2a: Pelipper|Hurricane|p1b: Archaludon\n|-resisted|p1b: Archaludon|1\n|-damage|p1b: Archaludon|17/100\n|-start|p1b: Archaludon|confusion\n|-ability|p1b: Archaludon|Stamina|boost\n|-boost|p1b: Archaludon|def|1\n|-activate|p1b: Archaludon|confusion\n|-damage|p1b: Archaludon|15/100|[from] confusion\n|move|p1a: Pelipper|Hurricane|p2a: Pelipper\n|-damage|p2a: Pelipper|23/100\n|\n|-weather|RainDance|[upkeep]\n|-heal|p1b: Archaludon|21/100|[from] item: Leftovers\n|-sideend|p2: arisluca|move: Tailwind\n|upkeep\n|turn|9\n|\n|t:|1775991854\n|-activate|p1b: Archaludon|confusion\n|-damage|p1b: Archaludon|18/100|[from] confusion\n|move|p2a: Pelipper|Hurricane|p1a: Pelipper\n|-damage|p1a: Pelipper|2/100\n|move|p1a: Pelipper|Hurricane|p2a: Pelipper\n|-damage|p2a: Pelipper|0 fnt\n|faint|p2a: Pelipper\n|\n|win|Chien02\n|raw|Chien02's rating: 1000 &rarr; <strong>1040</strong><br />(+40 for winning)\n|raw|arisluca's rating: 1000 &rarr; <strong>1000</strong><br />(+0 for losing)\n|l|\u2606Chien02\n|player|p1|\n",
  "uploadtime": 1775991876,
  "views": 21,
  "formatid": "gen9championsvgc2026regma",
  "rating": 1000,
  "private": 0,
  "password": null
}