{
  "id": "gen9championsvgc2026regma-2582162970",
  "format": "[Gen 9 Champions] VGC 2026 Reg M-A",
  "players": [
    "bunjemei",
    "ericlove17"
  ],
  "log": "|j|\u2606bunjemei\n|j|\u2606ericlove17\n|t:|1776066034\n|gametype|doubles\n|player|p1|bunjemei|265|1128\n|player|p2|ericlove17|2|1154\n|gen|9\n|tier|[Gen 9 Champions] VGC 2026 Reg M-A\n|rated|\n|rule|Species Clause: Limit one of each Pok\u00e9mon\n|rule|Item Clause: Limit 1 of each item\n|clearpoke\n|poke|p1|Pelipper, L50, F|\n|poke|p1|Dragonite, L50, F|\n|poke|p1|Basculegion, L50, M|\n|poke|p1|Sableye, L50, F|\n|poke|p1|Meganium, L50, M|\n|poke|p1|Arcanine, L50, F|\n|poke|p2|Oranguru, L50, M|\n|poke|p2|Torkoal, L50, M|\n|poke|p2|Sylveon, L50, F|\n|poke|p2|Incineroar, L50, M|\n|poke|p2|Crabominable, L50, M|\n|poke|p2|Kingambit, L50, F|\n|teampreview|4\nericlove17 has agreed to open team sheets.\n|inactive|Battle timer is ON: inactive players will automatically lose when time's up. (requested by ericlove17)\n|c|\u2606ericlove17|bro fast\n|\n|t:|1776066105\n|teamsize|p1|4\n|teamsize|p2|4\n|start\n|switch|p1a: Arcanine|Arcanine, L50, F, shiny|100/100\n|switch|p1b: Meganium|Meganium, L50, M|100/100\n|switch|p2a: Khi?|Oranguru, L50, M, shiny|100/100\n|switch|p2b: Be Yeu|Sylveon, L50, F, shiny|100/100\n|-ability|p1a: Arcanine|Intimidate|boost\n|-fail|p2a: Khi?|unboost|Attack|[from] ability: Inner Focus|[of] p2a: Khi?\n|-unboost|p2b: Be Yeu|atk|1\n|turn|1\n|inactive|bunjemei has 30 seconds left.\n|\n|t:|1776066136\n|detailschange|p1b: Meganium|Meganium-Mega, L50, M\n|-mega|p1b: Meganium|Meganium|Meganiumite\n|move|p2b: Be Yeu|Protect|p2b: Be Yeu\n|-singleturn|p2b: Be Yeu|Protect\n|move|p1a: Arcanine|Snarl|p2a: Khi?|[spread] p2a\n|-activate|p2b: Be Yeu|move: Protect\n|-supereffective|p2a: Khi?|1\n|-damage|p2a: Khi?|85/100\n|-unboost|p2a: Khi?|spa|1\n|move|p1b: Meganium|Solar Beam||[still]\n|-prepare|p1b: Meganium|Solar Beam\n|-activate|p1b: Meganium|ability: Mega Sol\n|-anim|p1b: Meganium|Solar Beam|p2b: Be Yeu\n|-activate|p2b: Be Yeu|move: Protect\n|move|p2a: Khi?|Trick Room|p2a: Khi?\n|-fieldstart|move: Trick Room|[of] p2a: Khi?\n|\n|upkeep\n|turn|2\n|inactive|bunjemei has 30 seconds left.\n|\n|t:|1776066165\n|move|p2b: Be Yeu|Hyper Voice|p1a: Arcanine|[spread] p1a,p1b\n|-resisted|p1a: Arcanine|1\n|-crit|p1a: Arcanine\n|-damage|p1a: Arcanine|66/100\n|-damage|p1b: Meganium|57/100\n|move|p2a: Khi?|Instruct|p2b: Be Yeu\n|-singleturn|p2b: Be Yeu|move: Instruct|[of] p2a: Khi?\n|move|p2b: Be Yeu|Hyper Voice|p1a: Arcanine|[spread] p1a,p1b\n|-resisted|p1a: Arcanine|1\n|-damage|p1a: Arcanine|40/100\n|-damage|p1b: Meganium|12/100\n|-enditem|p1a: Arcanine|Sitrus Berry|[eat]\n|-heal|p1a: Arcanine|65/100|[from] item: Sitrus Berry\n|move|p1b: Meganium|Solar Beam||[still]\n|-prepare|p1b: Meganium|Solar Beam\n|-activate|p1b: Meganium|ability: Mega Sol\n|-anim|p1b: Meganium|Solar Beam|p2b: Be Yeu\n|-damage|p2b: Be Yeu|47/100\n|move|p1a: Arcanine|Snarl|p2b: Be Yeu|[spread] p2a,p2b\n|-supereffective|p2a: Khi?|1\n|-resisted|p2b: Be Yeu|1\n|-damage|p2a: Khi?|71/100\n|-damage|p2b: Be Yeu|44/100\n|-unboost|p2a: Khi?|spa|1\n|-unboost|p2b: Be Yeu|spa|1\n|\n|upkeep\n|turn|3\n|inactive|bunjemei has 30 seconds left.\n|\n|t:|1776066196\n|move|p1b: Meganium|Protect|p1b: Meganium\n|-singleturn|p1b: Meganium|Protect\n|move|p2b: Be Yeu|Hyper Voice|p1b: Meganium|[spread] p1a\n|-activate|p1b: Meganium|move: Protect\n|-resisted|p1a: Arcanine|1\n|-damage|p1a: Arcanine|47/100\n|move|p2a: Khi?|Instruct|p2b: Be Yeu\n|-singleturn|p2b: Be Yeu|move: Instruct|[of] p2a: Khi?\n|move|p2b: Be Yeu|Hyper Voice|p1b: Meganium|[spread] p1a\n|-activate|p1b: Meganium|move: Protect\n|-resisted|p1a: Arcanine|1\n|-damage|p1a: Arcanine|30/100\n|move|p1a: Arcanine|Flare Blitz|p2b: Be Yeu\n|-damage|p2b: Be Yeu|0 fnt\n|faint|p2b: Be Yeu\n|-damage|p1a: Arcanine|15/100|[from] Recoil\n|\n|upkeep\n|\n|t:|1776066208\n|switch|p2b: VuaBongToi|Kingambit, L50, F|100/100\n|turn|4\n|inactive|bunjemei has 30 seconds left.\n|\n|t:|1776066243\n|move|p2b: VuaBongToi|Kowtow Cleave|p1b: Meganium\n|-resisted|p1b: Meganium|1\n|-damage|p1b: Meganium|0 fnt\n|faint|p1b: Meganium\n|move|p2a: Khi?|Instruct|p2b: VuaBongToi\n|-singleturn|p2b: VuaBongToi|move: Instruct|[of] p2a: Khi?\n|move|p2b: VuaBongToi|Kowtow Cleave|p1a: Arcanine\n|-damage|p1a: Arcanine|0 fnt\n|faint|p1a: Arcanine\n|\n|upkeep\n|\n|t:|1776066255\n|switch|p1b: Pelipper|Pelipper, L50, F|100/100\n|switch|p1a: Basculegion|Basculegion, L50, M|100/100\n|-weather|RainDance|[from] ability: Drizzle|[of] p1b: Pelipper\n|turn|5\n|inactive|bunjemei has 30 seconds left.\n|\n|t:|1776066281\n|move|p1a: Basculegion|Protect|p1a: Basculegion\n|-singleturn|p1a: Basculegion|Protect\n|move|p2b: VuaBongToi|Kowtow Cleave|p1a: Basculegion\n|-activate|p1a: Basculegion|move: Protect\n|move|p2a: Khi?|Instruct|p2b: VuaBongToi\n|-singleturn|p2b: VuaBongToi|move: Instruct|[of] p2a: Khi?\n|move|p2b: VuaBongToi|Kowtow Cleave|p1a: Basculegion\n|-activate|p1a: Basculegion|move: Protect\n|move|p1b: Pelipper|Hurricane|p2a: Khi?\n|-damage|p2a: Khi?|31/100\n|\n|-weather|RainDance|[upkeep]\n|-fieldend|move: Trick Room\n|upkeep\n|turn|6\n|\n|t:|1776066304\n|move|p2b: VuaBongToi|Protect|p2b: VuaBongToi\n|-singleturn|p2b: VuaBongToi|Protect\n|move|p1a: Basculegion|Wave Crash|p2b: VuaBongToi\n|-activate|p2b: VuaBongToi|move: Protect\n|move|p1b: Pelipper|Weather Ball|p2b: VuaBongToi\n|-activate|p2b: VuaBongToi|move: Protect\n|move|p2a: Khi?|Trick Room|p2a: Khi?\n|-fieldstart|move: Trick Room|[of] p2a: Khi?\n|\n|-weather|RainDance|[upkeep]\n|upkeep\n|turn|7\n|inactive|bunjemei has 30 seconds left.\n|\n|t:|1776066333\n|move|p1a: Basculegion|Protect|p1a: Basculegion\n|-singleturn|p1a: Basculegion|Protect\n|move|p2b: VuaBongToi|Kowtow Cleave|p1b: Pelipper\n|-damage|p1b: Pelipper|35/100\n|move|p2a: Khi?|Instruct|p2b: VuaBongToi\n|-singleturn|p2b: VuaBongToi|move: Instruct|[of] p2a: Khi?\n|move|p2b: VuaBongToi|Kowtow Cleave|p1b: Pelipper\n|-damage|p1b: Pelipper|0 fnt\n|faint|p1b: Pelipper\n|\n|-weather|RainDance|[upkeep]\n|upkeep\n|turn|8\n|\n|t:|1776066348\n|move|p2b: VuaBongToi|Kowtow Cleave|p1a: Basculegion\n|-supereffective|p1a: Basculegion|1\n|-damage|p1a: Basculegion|0 fnt\n|faint|p1a: Basculegion\n|\n|win|ericlove17\n|raw|bunjemei's rating: 1128 &rarr; <strong>1105</strong><br />(-23 for losing)\n|raw|ericlove17's rating: 1154 &rarr; <strong>1177</strong><br />(+23 for winning)\n|l|\u2606bunjemei\n|player|p1|\n",
  "uploadtime": 1776066565,
  "views": 17,
  "formatid": "gen9championsvgc2026regma",
  "rating": 1105,
  "private": 0,
  "password": null
}