{
  "id": "gen9championsvgc2026regma-2587256536",
  "format": "[Gen 9 Champions] VGC 2026 Reg M-A",
  "players": [
    "Marcosecante",
    "lolgz"
  ],
  "log": "|j|\u2606Marcosecante\n|j|\u2606lolgz\n|t:|1776515155\n|gametype|doubles\n|player|p1|Marcosecante|1|1178\n|player|p2|lolgz|dawn|1253\n|gen|9\n|tier|[Gen 9 Champions] VGC 2026 Reg M-A\n|rated|\n|rule|Species Clause: Limit one of each Pok\u00e9mon\n|rule|Item Clause: Limit 1 of each item\n|clearpoke\n|poke|p1|Starmie, L50|\n|poke|p1|Ninetales-Alola, L50, F|\n|poke|p1|Garchomp, L50, M|\n|poke|p1|Incineroar, L50, F|\n|poke|p1|Sneasler, L50, M|\n|poke|p1|Kingambit, L50, F|\n|poke|p2|Floette-Eternal, L50, F|\n|poke|p2|Aerodactyl, L50, F|\n|poke|p2|Basculegion, L50, M|\n|poke|p2|Delphox, L50, F|\n|poke|p2|Garchomp, L50, F|\n|poke|p2|Sinistcha, L50|\n|teampreview|4\n|inactive|Battle timer is ON: inactive players will automatically lose when time's up. (requested by Marcosecante)\n|inactive|lolgz has 60 seconds left.\n|\n|t:|1776515216\n|teamsize|p1|4\n|teamsize|p2|4\n|start\n|switch|p1a: Starmie|Starmie, L50|100/100\n|switch|p1b: Sneasler|Sneasler, L50, M|100/100\n|switch|p2a: Delphox|Delphox, L50, F|100/100\n|switch|p2b: Garchomp|Garchomp, L50, F|100/100\n|turn|1\n|inactive|Marcosecante has 30 seconds left.\n|inactive|lolgz has 30 seconds left.\n|inactive|Marcosecante has 20 seconds left.\n|\n|t:|1776515253\n|detailschange|p1a: Starmie|Starmie-Mega, L50\n|-mega|p1a: Starmie|Starmie|Starminite\n|detailschange|p2a: Delphox|Delphox-Mega, L50, F\n|-mega|p2a: Delphox|Delphox|Delphoxite\n|move|p2a: Delphox|Protect|p2a: Delphox\n|-singleturn|p2a: Delphox|Protect\n|move|p1b: Sneasler|Fake Out|p2a: Delphox\n|-activate|p2a: Delphox|move: Protect\n|move|p1a: Starmie|Bulk Up|p1a: Starmie\n|-boost|p1a: Starmie|atk|1\n|-boost|p1a: Starmie|def|1\n|move|p2b: Garchomp|Earthquake|p1b: Sneasler|[spread] p1a,p1b\n|-activate|p2a: Delphox|move: Protect\n|-supereffective|p1b: Sneasler|1\n|-damage|p1a: Starmie|67/100\n|-damage|p1b: Sneasler|0 fnt\n|faint|p1b: Sneasler\n|\n|upkeep\n|\n|t:|1776515272\n|switch|p1b: Incineroar|Incineroar, L50, F|100/100\n|-ability|p1b: Incineroar|Intimidate|boost\n|-unboost|p2a: Delphox|atk|1\n|-unboost|p2b: Garchomp|atk|1\n|-enditem|p2b: Garchomp|White Herb\n|-clearnegativeboost|p2b: Garchomp|[silent]\n|turn|2\n|\n|t:|1776515291\n|switch|p2a: Sinistcha|Sinistcha, L50|100/100\n|move|p1b: Incineroar|Fake Out|p2a: Sinistcha\n|-immune|p2a: Sinistcha\n|move|p1a: Starmie|Liquidation|p2b: Garchomp\n|-damage|p2b: Garchomp|0 fnt\n|faint|p2b: Garchomp\n|\n|upkeep\n|\n|t:|1776515296\n|switch|p2b: Basculegion|Basculegion, L50, M|100/100\n|turn|3\n|\n|t:|1776515309\n|move|p1a: Starmie|Protect|p1a: Starmie\n|-singleturn|p1a: Starmie|Protect\n|move|p2b: Basculegion|Wave Crash|p1b: Incineroar\n|-supereffective|p1b: Incineroar|1\n|-damage|p1b: Incineroar|0 fnt\n|faint|p1b: Incineroar\n|-damage|p2b: Basculegion|67/100|[from] Recoil\n|move|p2a: Sinistcha|Shadow Ball|p1a: Starmie\n|-activate|p1a: Starmie|move: Protect\n|\n|upkeep\n|\n|t:|1776515321\n|switch|p1b: Ninetales|Ninetales-Alola, L50, F|100/100\n|-weather|Snowscape|[from] ability: Snow Warning|[of] p1b: Ninetales\n|turn|4\n|\n|t:|1776515333\n|move|p2b: Basculegion|Wave Crash|p1b: Ninetales\n|-damage|p1b: Ninetales|23/100\n|-damage|p2b: Basculegion|47/100|[from] Recoil\n|move|p1a: Starmie|Zen Headbutt|p2b: Basculegion\n|-damage|p2b: Basculegion|0 fnt\n|faint|p2b: Basculegion\n|move|p1b: Ninetales|Aurora Veil|p1b: Ninetales\n|-sidestart|p1: Marcosecante|move: Aurora Veil\n|move|p2a: Sinistcha|Shadow Ball|p1a: Starmie\n|-supereffective|p1a: Starmie|1\n|-damage|p1a: Starmie|14/100\n|-unboost|p1a: Starmie|spd|1\n|\n|-weather|Snowscape|[upkeep]\n|upkeep\n|\n|t:|1776515340\n|switch|p2b: Delphox|Delphox-Mega, L50, F|100/100\n|turn|5\n|\n|t:|1776515354\n|move|p1a: Starmie|Protect|p1a: Starmie\n|-singleturn|p1a: Starmie|Protect\n|move|p2a: Sinistcha|Rage Powder|p2a: Sinistcha\n|-singleturn|p2a: Sinistcha|move: Rage Powder\n|move|p2b: Delphox|Heat Wave|p1b: Ninetales|[spread] p1b\n|-activate|p1a: Starmie|move: Protect\n|-supereffective|p1b: Ninetales|1\n|-damage|p1b: Ninetales|0 fnt\n|faint|p1b: Ninetales\n|\n|-weather|Snowscape|[upkeep]\n|upkeep\n|turn|6\n|-message|Marcosecante forfeited.\n|\n|win|lolgz\n|raw|Marcosecante's rating: 1178 &rarr; <strong>1158</strong><br />(-20 for losing)\n|raw|lolgz's rating: 1253 &rarr; <strong>1273</strong><br />(+20 for winning)\n|l|\u2606Marcosecante\n|player|p1|\n",
  "uploadtime": 1776515365,
  "views": 12,
  "formatid": "gen9championsvgc2026regma",
  "rating": 1158,
  "private": 0,
  "password": null
}