{
  "id": "gen9championsvgc2026regma-2585458504",
  "format": "[Gen 9 Champions] VGC 2026 Reg M-A",
  "players": [
    "Jeremykhoo",
    "HeyImRainbow"
  ],
  "log": "|j|\u2606Jeremykhoo\n|j|\u2606HeyImRainbow\n|t:|1776348660\n|gametype|doubles\n|player|p1|Jeremykhoo|266|1143\n|player|p2|HeyImRainbow|169|1195\n|gen|9\n|tier|[Gen 9 Champions] VGC 2026 Reg M-A\n|rated|\n|rule|Species Clause: Limit one of each Pok\u00e9mon\n|rule|Item Clause: Limit 1 of each item\n|clearpoke\n|poke|p1|Tyranitar, L50, M|\n|poke|p1|Whimsicott, L50, M|\n|poke|p1|Aggron, L50, F|\n|poke|p1|Drampa, L50, F|\n|poke|p1|Sylveon, L50, M|\n|poke|p1|Arcanine, L50, F|\n|poke|p2|Meganium, L50, M|\n|poke|p2|Aerodactyl, L50, F|\n|poke|p2|Kangaskhan, L50, F|\n|poke|p2|Typhlosion-Hisui, L50, F|\n|poke|p2|Tauros-Paldea-Aqua, L50, M|\n|poke|p2|Archaludon, L50, M|\n|teampreview|4\n|inactive|Battle timer is ON: inactive players will automatically lose when time's up. (requested by HeyImRainbow)\n|inactive|Jeremykhoo has 60 seconds left.\n|inactive|HeyImRainbow has 60 seconds left.\n|\n|t:|1776348715\n|teamsize|p1|4\n|teamsize|p2|4\n|start\n|switch|p1a: Whimsicott|Whimsicott, L50, M|100/100\n|switch|p1b: Aggron|Aggron, L50, F|100/100\n|switch|p2a: Aerodactyl|Aerodactyl, L50, F|100/100\n|switch|p2b: Tauros|Tauros-Paldea-Aqua, L50, M|100/100\n|-ability|p2b: Tauros|Intimidate|boost\n|-unboost|p1a: Whimsicott|atk|1\n|-unboost|p1b: Aggron|atk|1\n|turn|1\n|inactive|Jeremykhoo has 30 seconds left.\n|inactive|Jeremykhoo has 20 seconds left.\n|\n|t:|1776348753\n|detailschange|p1b: Aggron|Aggron-Mega, L50, F\n|-mega|p1b: Aggron|Aggron|Aggronite\n|move|p1b: Aggron|Protect|p1b: Aggron\n|-singleturn|p1b: Aggron|Protect\n|move|p2a: Aerodactyl|Tailwind|p2a: Aerodactyl\n|-sidestart|p2: HeyImRainbow|move: Tailwind\n|move|p2b: Tauros|Close Combat|p1b: Aggron\n|-activate|p1b: Aggron|move: Protect\n|move|p1a: Whimsicott|Moonblast|p2b: Tauros\n|-supereffective|p2b: Tauros|1\n|-damage|p2b: Tauros|35/100\n|-enditem|p2b: Tauros|Sitrus Berry|[eat]\n|-heal|p2b: Tauros|59/100|[from] item: Sitrus Berry\n|\n|upkeep\n|turn|2\n|inactive|HeyImRainbow has 30 seconds left.\n|\n|t:|1776348782\n|move|p2b: Tauros|Protect|p2b: Tauros\n|-singleturn|p2b: Tauros|Protect\n|move|p2a: Aerodactyl|Dual Wingbeat|p1a: Whimsicott\n|-supereffective|p1a: Whimsicott|1\n|-damage|p1a: Whimsicott|53/100\n|-supereffective|p1a: Whimsicott|1\n|-damage|p1a: Whimsicott|8/100\n|-hitcount|p1a: Whimsicott|2\n|move|p1a: Whimsicott|Moonblast|p2b: Tauros\n|-activate|p2b: Tauros|move: Protect\n|move|p1b: Aggron|Body Press|p2a: Aerodactyl\n|-damage|p2a: Aerodactyl|36/100\n|\n|upkeep\n|turn|3\n|inactive|Jeremykhoo has 30 seconds left.\n|\n|t:|1776348814\n|move|p2a: Aerodactyl|Protect|p2a: Aerodactyl\n|-singleturn|p2a: Aerodactyl|Protect\n|move|p1a: Whimsicott|Tailwind|p1a: Whimsicott\n|-sidestart|p1: Jeremykhoo|move: Tailwind\n|move|p2b: Tauros|Liquidation|p1a: Whimsicott\n|-resisted|p1a: Whimsicott|1\n|-damage|p1a: Whimsicott|0 fnt\n|faint|p1a: Whimsicott\n|move|p1b: Aggron|Body Press|p2a: Aerodactyl\n|-activate|p2a: Aerodactyl|move: Protect\n|\n|upkeep\n|\n|t:|1776348826\n|switch|p1a: Sylveon|Sylveon, L50, M|100/100\n|turn|4\n|\n|t:|1776348840\n|move|p1a: Sylveon|Protect|p1a: Sylveon\n|-singleturn|p1a: Sylveon|Protect\n|move|p1b: Aggron|Protect|p1b: Aggron\n|-singleturn|p1b: Aggron|Protect\n|move|p2a: Aerodactyl|Tailwind||[still]\n|-fail|p2a: Aerodactyl\n|move|p2b: Tauros|Close Combat|p1b: Aggron\n|-activate|p1b: Aggron|move: Protect\n|\n|-sideend|p2: HeyImRainbow|move: Tailwind\n|upkeep\n|turn|5\n|\n|t:|1776348855\n|move|p2a: Aerodactyl|Protect|p2a: Aerodactyl\n|-singleturn|p2a: Aerodactyl|Protect\n|move|p1a: Sylveon|Hyper Voice|p2b: Tauros|[spread] p2b\n|-activate|p2a: Aerodactyl|move: Protect\n|-supereffective|p2b: Tauros|1\n|-damage|p2b: Tauros|0 fnt\n|faint|p2b: Tauros\n|move|p1b: Aggron|Body Press|p2a: Aerodactyl\n|-activate|p2a: Aerodactyl|move: Protect\n|\n|upkeep\n|\n|t:|1776348860\n|switch|p2b: Archaludon|Archaludon, L50, M|100/100\n|turn|6\n|\n|t:|1776348872\n|move|p2b: Archaludon|Protect|p2b: Archaludon\n|-singleturn|p2b: Archaludon|Protect\n|move|p1a: Sylveon|Hyper Voice|p2b: Archaludon|[spread] p2a\n|-activate|p2b: Archaludon|move: Protect\n|-damage|p2a: Aerodactyl|0 fnt\n|faint|p2a: Aerodactyl\n|move|p1b: Aggron|Body Press|p2b: Archaludon\n|-activate|p2b: Archaludon|move: Protect\n|\n|-sideend|p1: Jeremykhoo|move: Tailwind\n|upkeep\n|\n|t:|1776348876\n|switch|p2a: Meganium|Meganium, L50, M|100/100\n|turn|7\n|\n|t:|1776348900\n|switch|p1a: Tyranitar|Tyranitar, L50, M|100/100\n|-weather|Sandstorm|[from] ability: Sand Stream|[of] p1a: Tyranitar\n|detailschange|p2a: Meganium|Meganium-Mega, L50, M\n|-mega|p2a: Meganium|Meganium|Meganiumite\n|move|p2a: Meganium|Weather Ball|p1b: Aggron\n|-supereffective|p1b: Aggron|1\n|-damage|p1b: Aggron|21/100\n|move|p2b: Archaludon|Flash Cannon|p1a: Tyranitar\n|-supereffective|p1a: Tyranitar|1\n|-damage|p1a: Tyranitar|38/100\n|move|p1b: Aggron|Body Press|p2b: Archaludon\n|-supereffective|p2b: Archaludon|1\n|-damage|p2b: Archaludon|42/100\n|\n|-weather|Sandstorm|[upkeep]\n|-damage|p2a: Meganium|95/100|[from] Sandstorm\n|upkeep\n|turn|8\n|inactive|Jeremykhoo has 30 seconds left.\n|\n|t:|1776348933\n|switch|p1b: Sylveon|Sylveon, L50, M|100/100\n|move|p1a: Tyranitar|Ice Punch|p2a: Meganium\n|-supereffective|p2a: Meganium|1\n|-damage|p2a: Meganium|44/100\n|-status|p2a: Meganium|frz\n|-curestatus|p2a: Meganium|frz|[msg]\n|move|p2a: Meganium|Dazzling Gleam|p1b: Sylveon|[spread] p1a,p1b\n|-supereffective|p1a: Tyranitar|1\n|-damage|p1a: Tyranitar|0 fnt\n|-damage|p1b: Sylveon|74/100\n|faint|p1a: Tyranitar\n|move|p2b: Archaludon|Flash Cannon|p1b: Sylveon\n|-supereffective|p1b: Sylveon|1\n|-damage|p1b: Sylveon|14/100\n|\n|-weather|Sandstorm|[upkeep]\n|-damage|p2a: Meganium|38/100|[from] Sandstorm\n|-damage|p1b: Sylveon|8/100|[from] Sandstorm\n|upkeep\n|\n|t:|1776348948\n|switch|p1a: Aggron|Aggron-Mega, L50, F|21/100\n|turn|9\n|\n|t:|1776348962\n|move|p2a: Meganium|Dazzling Gleam|p1b: Sylveon|[spread] p1a,p1b\n|-resisted|p1a: Aggron|1\n|-crit|p1a: Aggron\n|-damage|p1a: Aggron|0 fnt\n|-damage|p1b: Sylveon|0 fnt\n|faint|p1a: Aggron\n|faint|p1b: Sylveon\n|\n|win|HeyImRainbow\n|raw|Jeremykhoo's rating: 1143 &rarr; <strong>1122</strong><br />(-21 for losing)\n|raw|HeyImRainbow's rating: 1195 &rarr; <strong>1216</strong><br />(+21 for winning)\n|l|\u2606HeyImRainbow\n|player|p2|\n",
  "uploadtime": 1776348970,
  "views": 39,
  "formatid": "gen9championsvgc2026regma",
  "rating": 1122,
  "private": 0,
  "password": null
}