{
  "id": "gen9championsvgc2026regma-2587034108",
  "format": "[Gen 9 Champions] VGC 2026 Reg M-A",
  "players": [
    "Nachofrize",
    "skyslurp"
  ],
  "log": "|j|\u2606Nachofrize\n|j|\u2606skyslurp\n|t:|1776483490\n|gametype|doubles\n|player|p1|Nachofrize|cynthia|1070\n|player|p2|skyslurp|2|1075\n|gen|9\n|tier|[Gen 9 Champions] VGC 2026 Reg M-A\n|rated|\n|rule|Species Clause: Limit one of each Pok\u00e9mon\n|rule|Item Clause: Limit 1 of each item\n|clearpoke\n|poke|p1|Alcremie-Ruby-Swirl, L50, F|\n|poke|p1|Chimecho, L50, F|\n|poke|p1|Clawitzer, L50, F|\n|poke|p1|Sableye, L50, F|\n|poke|p1|Sinistcha-Masterpiece, L50|\n|poke|p1|Tyranitar, L50, F|\n|poke|p2|Garchomp, L50, M|\n|poke|p2|Sneasler, L50, F|\n|poke|p2|Charizard, L50, F|\n|poke|p2|Whimsicott, L50, F|\n|poke|p2|Venusaur, L50, M|\n|poke|p2|Gardevoir, L50, F|\n|teampreview|4\n|inactive|Battle timer is ON: inactive players will automatically lose when time's up. (requested by skyslurp)\nskyslurp has agreed to open team sheets.\n|inactive|skyslurp has 60 seconds left.\n|inactive|skyslurp has 30 seconds left.\n|\n|t:|1776483551\n|teamsize|p1|4\n|teamsize|p2|4\n|start\n|switch|p1a: Sableye|Sableye, L50, F|100/100\n|switch|p1b: Chimecho|Chimecho, L50, F|100/100\n|switch|p2a: Garchomp|Garchomp, L50, M|100/100\n|switch|p2b: Sneasler|Sneasler, L50, F|100/100\n|turn|1\n|\n|t:|1776483568\n|detailschange|p1b: Chimecho|Chimecho-Mega, L50, F\n|-mega|p1b: Chimecho|Chimecho|Chimechite\n|move|p2b: Sneasler|Fake Out|p1b: Chimecho\n|-resisted|p1b: Chimecho|1\n|-damage|p1b: Chimecho|95/100\n|move|p1a: Sableye|Fake Out|p2b: Sneasler\n|-damage|p2b: Sneasler|89/100\n|move|p2a: Garchomp|Swords Dance|p2a: Garchomp\n|-boost|p2a: Garchomp|atk|2\n|cant|p1b: Chimecho|flinch\n|\n|upkeep\n|turn|2\n|\n|t:|1776483591\n|move|p2a: Garchomp|Protect|p2a: Garchomp\n|-singleturn|p2a: Garchomp|Protect\n|move|p1b: Chimecho|Protect|p1b: Chimecho\n|-singleturn|p1b: Chimecho|Protect\n|move|p2b: Sneasler|Coaching|p2a: Garchomp\n|-boost|p2a: Garchomp|atk|1\n|-boost|p2a: Garchomp|def|1\n|move|p1a: Sableye|Foul Play|p2a: Garchomp\n|-activate|p2a: Garchomp|move: Protect\n|\n|upkeep\n|turn|3\n|\n|t:|1776483607\n|move|p2b: Sneasler|Protect|p2b: Sneasler\n|-singleturn|p2b: Sneasler|Protect\n|move|p2a: Garchomp|Earthquake|p1b: Chimecho|[spread] p1a\n|-activate|p2b: Sneasler|move: Protect\n|-immune|p1b: Chimecho|[from] ability: Levitate\n|-enditem|p1a: Sableye|Focus Sash\n|-damage|p1a: Sableye|1/100\n|move|p1b: Chimecho|Cosmic Power|p1b: Chimecho\n|-boost|p1b: Chimecho|def|1\n|-boost|p1b: Chimecho|spd|1\n|move|p1a: Sableye|Foul Play|p2a: Garchomp\n|-crit|p2a: Garchomp\n|-damage|p2a: Garchomp|0 fnt\n|-damage|p1a: Sableye|0 fnt|[from] ability: Rough Skin|[of] p2a: Garchomp\n|faint|p2a: Garchomp\n|faint|p1a: Sableye\n|\n|upkeep\n|\n|t:|1776483626\n|switch|p2a: Charizard|Charizard, L50, F, shiny|100/100\n|switch|p1a: Tyranitar|Tyranitar, L50, F|100/100\n|-weather|Sandstorm|[from] ability: Sand Stream|[of] p1a: Tyranitar\n|turn|4\n|\n|t:|1776483649\n|switch|p1a: Sinistcha|Sinistcha-Masterpiece, L50, shiny|100/100\n|-heal|p1b: Chimecho|100/100|[from] ability: Hospitality|[of] p1a: Sinistcha\n|detailschange|p2a: Charizard|Charizard-Mega-Y, L50, F, shiny\n|-mega|p2a: Charizard|Charizard|Charizardite Y\n|-weather|SunnyDay|[from] ability: Drought|[of] p2a: Charizard\n|move|p2a: Charizard|Protect|p2a: Charizard\n|-singleturn|p2a: Charizard|Protect\n|move|p1b: Chimecho|Protect|p1b: Chimecho\n|-singleturn|p1b: Chimecho|Protect\n|move|p2b: Sneasler|Coaching|p2a: Charizard\n|-boost|p2a: Charizard|atk|1\n|-boost|p2a: Charizard|def|1\n|\n|-weather|SunnyDay|[upkeep]\n|upkeep\n|turn|5\n|\n|t:|1776483668\n|switch|p2b: Venusaur|Venusaur, L50, M|100/100\n|switch|p1a: Tyranitar|Tyranitar, L50, F|100/100\n|-weather|Sandstorm|[from] ability: Sand Stream|[of] p1a: Tyranitar\n|move|p2a: Charizard|Heat Wave|p1b: Chimecho|[spread] p1b\n|-miss|p2a: Charizard|p1a: Tyranitar\n|-supereffective|p1b: Chimecho|1\n|-damage|p1b: Chimecho|63/100\n|move|p1b: Chimecho|Cosmic Power|p1b: Chimecho\n|-boost|p1b: Chimecho|def|1\n|-boost|p1b: Chimecho|spd|1\n|\n|-weather|Sandstorm|[upkeep]\n|-damage|p2a: Charizard|95/100|[from] Sandstorm\n|-damage|p2b: Venusaur|95/100|[from] Sandstorm\n|-heal|p2b: Venusaur|100/100|[from] item: Leftovers\n|upkeep\n|turn|6\n|inactive|skyslurp has 30 seconds left.\n|\n|t:|1776483694\n|switch|p1a: Sinistcha|Sinistcha-Masterpiece, L50, shiny|100/100\n|-heal|p1b: Chimecho|88/100|[from] ability: Hospitality|[of] p1a: Sinistcha\n|move|p2a: Charizard|Protect|p2a: Charizard\n|-singleturn|p2a: Charizard|Protect\n|move|p2b: Venusaur|Giga Drain|p1a: Sinistcha\n|-resisted|p1a: Sinistcha|1\n|-damage|p1a: Sinistcha|84/100\n|move|p1b: Chimecho|Stored Power|p2b: Venusaur\n|-supereffective|p2b: Venusaur|1\n|-damage|p2b: Venusaur|4/100\n|\n|-weather|Sandstorm|[upkeep]\n|-damage|p2a: Charizard|89/100|[from] Sandstorm\n|-damage|p2b: Venusaur|0 fnt|[from] Sandstorm\n|-damage|p1a: Sinistcha|77/100|[from] Sandstorm\n|faint|p2b: Venusaur\n|-heal|p1a: Sinistcha|84/100|[from] item: Leftovers\n|upkeep\n|\n|t:|1776483707\n|switch|p2b: Sneasler|Sneasler, L50, F|89/100\n|turn|7\n|-message|skyslurp forfeited.\n|\n|win|Nachofrize\n|raw|Nachofrize's rating: 1070 &rarr; <strong>1100</strong><br />(+30 for winning)\n|raw|skyslurp's rating: 1075 &rarr; <strong>1053</strong><br />(-22 for losing)\n|l|\u2606skyslurp\n|player|p2|\n|l|\u2606Nachofrize\n|player|p1|\n|j|\u2606Nachofrize\n|player|p1|Nachofrize|cynthia|\n",
  "uploadtime": 1776483717,
  "views": 17,
  "formatid": "gen9championsvgc2026regma",
  "rating": 1053,
  "private": 0,
  "password": null
}