{
  "id": "gen9championsvgc2026regma-2584187681",
  "format": "[Gen 9 Champions] VGC 2026 Reg M-A",
  "players": [
    "zhery34",
    "Noobilio"
  ],
  "log": "|j|\u2606zhery34\n|j|\u2606Noobilio\n|t:|1776235901\n|gametype|doubles\n|player|p1|zhery34|blue|1201\n|player|p2|Noobilio|nurse|1293\n|gen|9\n|tier|[Gen 9 Champions] VGC 2026 Reg M-A\n|rated|\n|rule|Species Clause: Limit one of each Pok\u00e9mon\n|rule|Item Clause: Limit 1 of each item\n|clearpoke\n|poke|p1|Charizard, L50, F|\n|poke|p1|Venusaur, L50, M|\n|poke|p1|Incineroar, L50, M|\n|poke|p1|Garchomp, L50, F|\n|poke|p1|Milotic, L50, M|\n|poke|p1|Gardevoir, L50, M|\n|poke|p2|Hawlucha, L50, F|\n|poke|p2|Floette-Eternal, L50, F|\n|poke|p2|Incineroar, L50, M|\n|poke|p2|Sinistcha, L50|\n|poke|p2|Snorlax, L50, M|\n|poke|p2|Rotom-Wash, L50|\n|teampreview|4\n|inactive|Battle timer is ON: inactive players will automatically lose when time's up. (requested by zhery34)\n|\n|t:|1776235942\n|teamsize|p1|4\n|teamsize|p2|4\n|start\n|switch|p1a: Milotic|Milotic, L50, M|100/100\n|switch|p1b: Gardevoir|Gardevoir, L50, M|100/100\n|switch|p2a: Hawlucha|Hawlucha, L50, F, shiny|100/100\n|switch|p2b: Snorlax|Snorlax, L50, M|100/100\n|-ability|p1b: Gardevoir|Thick Fat|Trace|[from] ability: Trace|[of] p2b: Snorlax\n|-ability|p2a: Hawlucha|Mold Breaker\n|turn|1\n|\n|t:|1776235955\n|detailschange|p2a: Hawlucha|Hawlucha-Mega, L50, F, shiny\n|-mega|p2a: Hawlucha|Hawlucha|Hawluchanite\n|move|p1b: Gardevoir|Moonblast|p2a: Hawlucha\n|-supereffective|p2a: Hawlucha|1\n|-damage|p2a: Hawlucha|3/100\n|-unboost|p2a: Hawlucha|spa|1\n|move|p2a: Hawlucha|Entrainment|p2b: Snorlax\n|-ability|p2b: Snorlax|No Guard|Thick Fat|[from] move: Entrainment|[of] p2a: Hawlucha\n|move|p1a: Milotic|Scald|p2b: Snorlax\n|-damage|p2b: Snorlax|80/100\n|move|p2b: Snorlax|Fissure|p1a: Milotic\n|-damage|p1a: Milotic|0 fnt\n|faint|p1a: Milotic\n|-ohko\n|\n|-heal|p2b: Snorlax|86/100|[from] item: Leftovers\n|upkeep\n|\n|t:|1776235968\n|switch|p1a: Venusaur|Venusaur, L50, M|100/100\n|turn|2\n|\n|t:|1776235983\n|switch|p2a: Sinistcha|Sinistcha, L50|100/100\n|-heal|p2b: Snorlax|100/100|[from] ability: Hospitality|[of] p2a: Sinistcha\n|move|p2b: Snorlax|Protect|p2b: Snorlax\n|-singleturn|p2b: Snorlax|Protect\n|move|p1b: Gardevoir|Moonblast|p2a: Sinistcha\n|-crit|p2a: Sinistcha\n|-damage|p2a: Sinistcha|38/100\n|-enditem|p2a: Sinistcha|Sitrus Berry|[eat]\n|-heal|p2a: Sinistcha|62/100|[from] item: Sitrus Berry\n|move|p1a: Venusaur|Sleep Powder|p2b: Snorlax\n|-activate|p2b: Snorlax|move: Protect\n|\n|upkeep\n|turn|3\n|\n|t:|1776235997\n|move|p2a: Sinistcha|Rage Powder|p2a: Sinistcha\n|-singleturn|p2a: Sinistcha|move: Rage Powder\n|move|p1b: Gardevoir|Moonblast|p2a: Sinistcha\n|-damage|p2a: Sinistcha|15/100\n|move|p1a: Venusaur|Sleep Powder|p2b: Snorlax\n|-status|p2b: Snorlax|slp|[from] move: Sleep Powder\n|cant|p2b: Snorlax|slp\n|\n|upkeep\n|turn|4\n|\n|t:|1776236011\n|move|p2a: Sinistcha|Rage Powder|p2a: Sinistcha\n|-singleturn|p2a: Sinistcha|move: Rage Powder\n|move|p1b: Gardevoir|Moonblast|p2a: Sinistcha\n|-damage|p2a: Sinistcha|0 fnt\n|faint|p2a: Sinistcha\n|move|p1a: Venusaur|Sludge Bomb|p2b: Snorlax\n|-damage|p2b: Snorlax|79/100 slp\n|cant|p2b: Snorlax|slp\n|\n|-heal|p2b: Snorlax|85/100 slp|[from] item: Leftovers\n|upkeep\n|\n|t:|1776236021\n|switch|p2a: Rotom|Rotom-Wash, L50|100/100\n|turn|5\n|\n|t:|1776236026\n|move|p1b: Gardevoir|Moonblast|p2a: Rotom\n|-damage|p2a: Rotom|40/100\n|move|p2a: Rotom|Volt Switch|p1b: Gardevoir\n|-damage|p1b: Gardevoir|63/100\n|\n|t:|1776236032\n|switch|p2a: Hawlucha|Hawlucha-Mega, L50, F, shiny|3/100|[from] Volt Switch\n|move|p1a: Venusaur|Leaf Storm|p2a: Hawlucha\n|-resisted|p2a: Hawlucha|1\n|-damage|p2a: Hawlucha|0 fnt\n|-unboost|p1a: Venusaur|spa|2\n|faint|p2a: Hawlucha\n|-curestatus|p2b: Snorlax|slp|[msg]\n|move|p2b: Snorlax|Fissure|p1a: Venusaur\n|-enditem|p1a: Venusaur|Focus Sash\n|-damage|p1a: Venusaur|1/100\n|\n|-heal|p2b: Snorlax|91/100|[from] item: Leftovers\n|upkeep\n|\n|t:|1776236042\n|switch|p2a: Rotom|Rotom-Wash, L50|40/100\n|turn|6\n|inactive|Noobilio has 30 seconds left.\n|\n|t:|1776236068\n|move|p1b: Gardevoir|Moonblast|p2a: Rotom\n|-damage|p2a: Rotom|0 fnt\n|faint|p2a: Rotom\n|move|p1a: Venusaur|Sleep Powder|p2b: Snorlax\n|-status|p2b: Snorlax|slp|[from] move: Sleep Powder\n|cant|p2b: Snorlax|slp\n|\n|-heal|p2b: Snorlax|97/100 slp|[from] item: Leftovers\n|upkeep\n|turn|7\n|\n|t:|1776236076\n|switch|p1a: Charizard|Charizard, L50, F|100/100\n|move|p1b: Gardevoir|Moonblast|p2b: Snorlax\n|-damage|p2b: Snorlax|70/100 slp\n|-curestatus|p2b: Snorlax|slp|[msg]\n|move|p2b: Snorlax|Fissure|p1b: Gardevoir\n|-damage|p1b: Gardevoir|0 fnt\n|faint|p1b: Gardevoir\n|-ohko\n|\n|-heal|p2b: Snorlax|76/100|[from] item: Leftovers\n|upkeep\n|\n|t:|1776236083\n|switch|p1b: Venusaur|Venusaur, L50, M|1/100\n|turn|8\n|\n|t:|1776236095\n|detailschange|p1a: Charizard|Charizard-Mega-Y, L50, F\n|-mega|p1a: Charizard|Charizard|Charizardite Y\n|-weather|SunnyDay|[from] ability: Drought|[of] p1a: Charizard\n|move|p1b: Venusaur|Sleep Powder|p2b: Snorlax\n|-status|p2b: Snorlax|slp|[from] move: Sleep Powder\n|move|p1a: Charizard|Heat Wave|p2b: Snorlax\n|-damage|p2b: Snorlax|20/100 slp\n|cant|p2b: Snorlax|slp\n|\n|-weather|SunnyDay|[upkeep]\n|-heal|p2b: Snorlax|26/100 slp|[from] item: Leftovers\n|upkeep\n|turn|9\n|\n|t:|1776236106\n|move|p1b: Venusaur|Leaf Storm|p2b: Snorlax\n|-damage|p2b: Snorlax|0 fnt\n|-unboost|p1b: Venusaur|spa|2\n|faint|p2b: Snorlax\n|\n|win|zhery34\n|raw|zhery34's rating: 1201 &rarr; <strong>1232</strong><br />(+31 for winning)\n|raw|Noobilio's rating: 1293 &rarr; <strong>1262</strong><br />(-31 for losing)\n",
  "uploadtime": 1776236108,
  "views": 35,
  "formatid": "gen9championsvgc2026regma",
  "rating": 1232,
  "private": 0,
  "password": null
}