{
  "id": "gen9championsvgc2026regma-2583160337",
  "format": "[Gen 9 Champions] VGC 2026 Reg M-A",
  "players": [
    "max_97",
    "Zmr56"
  ],
  "log": "|j|\u2606max_97\n|j|\u2606Zmr56\n|t:|1776149358\n|gametype|doubles\n|player|p1|max_97|101|1206\n|player|p2|Zmr56|bruno|1192\n|gen|9\n|tier|[Gen 9 Champions] VGC 2026 Reg M-A\n|rated|\n|rule|Species Clause: Limit one of each Pok\u00e9mon\n|rule|Item Clause: Limit 1 of each item\n|clearpoke\n|poke|p1|Floette-Eternal, L50, F|\n|poke|p1|Garchomp, L50, F|\n|poke|p1|Rotom-Wash, L50|\n|poke|p1|Sinistcha-Masterpiece, L50|\n|poke|p1|Aerodactyl, L50, F|\n|poke|p1|Sneasler, L50, M|\n|poke|p2|Meganium, L50, M|\n|poke|p2|Politoed, L50, M|\n|poke|p2|Sneasler, L50, M|\n|poke|p2|Hatterene, L50, F|\n|poke|p2|Incineroar, L50, M|\n|poke|p2|Basculegion, L50, M|\n|teampreview|4\nZmr56 has agreed to open team sheets.\n|c|\u2606Zmr56|Glhf\n|c|\u2606max_97|u2\n|\n|t:|1776149384\n|teamsize|p1|4\n|teamsize|p2|4\n|start\n|switch|p1a: Sneasler|Sneasler, L50, M, shiny|100/100\n|switch|p1b: Floette|Floette-Eternal, L50, F|100/100\n|switch|p2a: Sneasler|Sneasler, L50, M|100/100\n|switch|p2b: Basculegion|Basculegion, L50, M|100/100\n|turn|1\n|\n|t:|1776149397\n|switch|p2a: Politoed|Politoed, L50, M|100/100\n|-weather|RainDance|[from] ability: Drizzle|[of] p2a: Politoed\n|switch|p1b: Rotom|Rotom-Wash, L50, shiny|100/100\n|move|p1a: Sneasler|Fake Out|p2a: Politoed\n|-damage|p2a: Politoed|80/100\n|move|p2b: Basculegion|Wave Crash|p1b: Rotom\n|-resisted|p1b: Rotom|1\n|-damage|p1b: Rotom|52/100\n|-damage|p2b: Basculegion|88/100|[from] Recoil\n|\n|-weather|RainDance|[upkeep]\n|upkeep\n|turn|2\n|inactive|Battle timer is ON: inactive players will automatically lose when time's up. (requested by max_97)\n|\n|t:|1776149438\n|switch|p2b: Meganium|Meganium, L50, M|100/100\n|switch|p1a: Sinistcha|Sinistcha-Masterpiece, L50, shiny|100/100\n|-heal|p1b: Rotom|77/100|[from] ability: Hospitality|[of] p1a: Sinistcha\n|move|p2a: Politoed|Icy Wind|p1a: Sinistcha|[spread] p1a,p1b\n|-supereffective|p1a: Sinistcha|1\n|-resisted|p1b: Rotom|1\n|-damage|p1a: Sinistcha|79/100\n|-damage|p1b: Rotom|71/100\n|-unboost|p1a: Sinistcha|spe|1\n|-unboost|p1b: Rotom|spe|1\n|move|p1b: Rotom|Electroweb|p2b: Meganium|[spread] p2a\n|-miss|p1b: Rotom|p2b: Meganium\n|-supereffective|p2a: Politoed|1\n|-damage|p2a: Politoed|50/100\n|-unboost|p2a: Politoed|spe|1\n|\n|-weather|RainDance|[upkeep]\n|upkeep\n|turn|3\n|inactive|Zmr56 has 30 seconds left.\n|inactive|Zmr56 has 20 seconds left.\n|inactive|Zmr56 has 15 seconds left.\n|inactive|Zmr56 has 10 seconds left.\n|\n|t:|1776149486\n|switch|p1b: Sneasler|Sneasler, L50, M, shiny|100/100\n|detailschange|p2b: Meganium|Meganium-Mega, L50, M\n|-mega|p2b: Meganium|Meganium|Meganiumite\n|move|p2a: Politoed|Protect|p2a: Politoed\n|-singleturn|p2a: Politoed|Protect\n|move|p2b: Meganium|Solar Beam||[still]\n|-prepare|p2b: Meganium|Solar Beam\n|-activate|p2b: Meganium|ability: Mega Sol\n|-anim|p2b: Meganium|Solar Beam|p1b: Sneasler\n|-resisted|p1b: Sneasler|1\n|-damage|p1b: Sneasler|58/100\n|move|p1a: Sinistcha|Matcha Gotcha|p2b: Meganium|[spread] p2b\n|-activate|p2a: Politoed|move: Protect\n|-resisted|p2b: Meganium|1\n|-damage|p2b: Meganium|91/100\n|-heal|p1a: Sinistcha|84/100|[from] drain|[of] p2b: Meganium\n|\n|-weather|RainDance|[upkeep]\n|upkeep\n|turn|4\n|\n|t:|1776149505\n|move|p2b: Meganium|Protect|p2b: Meganium\n|-singleturn|p2b: Meganium|Protect\n|move|p1b: Sneasler|Dire Claw|p2b: Meganium\n|-activate|p2b: Meganium|move: Protect\n|move|p2a: Politoed|Weather Ball|p1b: Sneasler\n|-damage|p1b: Sneasler|0 fnt\n|faint|p1b: Sneasler\n|move|p1a: Sinistcha|Matcha Gotcha|p2b: Meganium|[spread] \n|-activate|p2b: Meganium|move: Protect\n|-miss|p1a: Sinistcha|p2a: Politoed\n|\n|-weather|RainDance|[upkeep]\n|upkeep\n|\n|t:|1776149509\n|switch|p1b: Floette|Floette-Eternal, L50, F|100/100\n|turn|5\n|\n|t:|1776149526\n|detailschange|p1b: Floette|Floette-Mega, L50, F\n|-mega|p1b: Floette|Floette|Floettite\n|-ability|p1b: Floette|Fairy Aura\n|move|p1b: Floette|Light of Ruin|p2b: Meganium\n|-damage|p2b: Meganium|15/100\n|-damage|p1b: Floette|53/100|[from] Recoil\n|move|p2b: Meganium|Solar Beam||[still]\n|-prepare|p2b: Meganium|Solar Beam\n|-activate|p2b: Meganium|ability: Mega Sol\n|-anim|p2b: Meganium|Solar Beam|p1b: Floette\n|-damage|p1b: Floette|0 fnt\n|faint|p1b: Floette\n|move|p2a: Politoed|Weather Ball|p1a: Sinistcha\n|-resisted|p1a: Sinistcha|1\n|-damage|p1a: Sinistcha|52/100\n|move|p1a: Sinistcha|Matcha Gotcha|p2b: Meganium|[spread] p2a,p2b\n|-supereffective|p2a: Politoed|1\n|-resisted|p2b: Meganium|1\n|-damage|p2a: Politoed|0 fnt\n|-heal|p1a: Sinistcha|75/100|[from] drain|[of] p2a: Politoed\n|-damage|p2b: Meganium|7/100\n|-heal|p1a: Sinistcha|80/100|[from] drain|[of] p2b: Meganium\n|faint|p2a: Politoed\n|\n|-weather|none\n|upkeep\n|\n|t:|1776149543\n|switch|p1b: Rotom|Rotom-Wash, L50, shiny|71/100\n|switch|p2a: Basculegion|Basculegion, L50, M|88/100\n|turn|6\n|\n|t:|1776149553\n|move|p2a: Basculegion|Last Respects|p1a: Sinistcha\n|-supereffective|p1a: Sinistcha|1\n|-damage|p1a: Sinistcha|0 fnt\n|faint|p1a: Sinistcha\n|move|p1b: Rotom|Electroweb|p2a: Basculegion|[spread] p2a,p2b\n|-supereffective|p2a: Basculegion|1\n|-resisted|p2b: Meganium|1\n|-damage|p2a: Basculegion|51/100\n|-damage|p2b: Meganium|1/100\n|-unboost|p2a: Basculegion|spe|1\n|-unboost|p2b: Meganium|spe|1\n|move|p2b: Meganium|Solar Beam||[still]\n|-prepare|p2b: Meganium|Solar Beam\n|-activate|p2b: Meganium|ability: Mega Sol\n|-anim|p2b: Meganium|Solar Beam|p1b: Rotom\n|-supereffective|p1b: Rotom|1\n|-damage|p1b: Rotom|0 fnt\n|faint|p1b: Rotom\n|\n|win|Zmr56\n|raw|max_97's rating: 1206 &rarr; <strong>1180</strong><br />(-26 for losing)\n|raw|Zmr56's rating: 1192 &rarr; <strong>1218</strong><br />(+26 for winning)\n|l|\u2606max_97\n|player|p1|\n",
  "uploadtime": 1776149571,
  "views": 42,
  "formatid": "gen9championsvgc2026regma",
  "rating": 1180,
  "private": 0,
  "password": null
}