{
  "id": "gen9championsvgc2026regma-2582302867",
  "format": "[Gen 9 Champions] VGC 2026 Reg M-A",
  "players": [
    "porygon-epilepz",
    "Diddiies"
  ],
  "log": "|j|\u2606porygon-epilepz\n|j|\u2606Diddiies\n|t:|1776081459\n|gametype|doubles\n|player|p1|porygon-epilepz|hiker-gen4|1084\n|player|p2|Diddiies|swimmerf|1087\n|gen|9\n|tier|[Gen 9 Champions] VGC 2026 Reg M-A\n|rated|\n|rule|Species Clause: Limit one of each Pok\u00e9mon\n|rule|Item Clause: Limit 1 of each item\n|clearpoke\n|poke|p1|Kommo-o, L50, F|\n|poke|p1|Incineroar, L50, M|\n|poke|p1|Glimmora, L50, F|\n|poke|p1|Sinistcha, L50|\n|poke|p1|Talonflame, L50, M|\n|poke|p1|Orthworm, L50, M|\n|poke|p2|Froslass, L50, F|\n|poke|p2|Palafin, L50, M|\n|poke|p2|Incineroar, L50, F|\n|poke|p2|Sylveon, L50, F|\n|poke|p2|Kingambit, L50, F|\n|poke|p2|Sinistcha, L50|\n|teampreview|4\n|\n|t:|1776081482\n|teamsize|p1|4\n|teamsize|p2|4\n|start\n|switch|p1a: Orthworm|Orthworm, L50, M|100/100\n|switch|p1b: Glimmora|Glimmora, L50, F|100/100\n|switch|p2a: Sylveon|Sylveon, L50, F|100/100\n|switch|p2b: Incineroar|Incineroar, L50, F|100/100\n|-ability|p2b: Incineroar|Intimidate|boost\n|-unboost|p1a: Orthworm|atk|1\n|-unboost|p1b: Glimmora|atk|1\n|turn|1\n|\n|t:|1776081517\n|move|p1b: Glimmora|Spiky Shield|p1b: Glimmora\n|-singleturn|p1b: Glimmora|move: Protect\n|move|p2b: Incineroar|Fake Out|p1a: Orthworm\n|-resisted|p1a: Orthworm|1\n|-damage|p1a: Orthworm|96/100\n|cant|p1a: Orthworm|flinch\n|move|p2a: Sylveon|Yawn|p1b: Glimmora\n|-activate|p1b: Glimmora|move: Protect\n|\n|upkeep\n|turn|2\n|\n|t:|1776081538\n|switch|p2a: Froslass|Froslass, L50, F|100/100\n|detailschange|p1b: Glimmora|Glimmora-Mega, L50, F\n|-mega|p1b: Glimmora|Glimmora|Glimmoranite\n|move|p1b: Glimmora|Sludge Bomb|p2a: Froslass\n|-resisted|p2a: Froslass|1\n|-damage|p2a: Froslass|46/100\n|-status|p2a: Froslass|psn\n|move|p2b: Incineroar|Flare Blitz|p1a: Orthworm\n|-supereffective|p1a: Orthworm|1\n|-damage|p1a: Orthworm|20/100\n|-enditem|p1a: Orthworm|Sitrus Berry|[eat]\n|-heal|p1a: Orthworm|45/100|[from] item: Sitrus Berry\n|-damage|p2b: Incineroar|79/100|[from] Recoil\n|move|p1a: Orthworm|Iron Defense|p1a: Orthworm\n|-boost|p1a: Orthworm|def|2\n|\n|-damage|p2a: Froslass|34/100 psn|[from] psn\n|upkeep\n|turn|3\n|\n|t:|1776081586\n|detailschange|p2a: Froslass|Froslass-Mega, L50, F\n|-mega|p2a: Froslass|Froslass|Froslassite\n|-weather|Snowscape|[from] ability: Snow Warning|[of] p2a: Froslass\n|move|p2a: Froslass|Blizzard|p1b: Glimmora|[spread] p1a,p1b\n|-resisted|p1a: Orthworm|1\n|-damage|p1a: Orthworm|21/100\n|-damage|p1b: Glimmora|44/100\n|move|p1b: Glimmora|Power Gem|p2b: Incineroar\n|-supereffective|p2b: Incineroar|1\n|-damage|p2b: Incineroar|0 fnt\n|faint|p2b: Incineroar\n|move|p1a: Orthworm|Heavy Slam|p2a: Froslass\n|-supereffective|p2a: Froslass|1\n|-damage|p2a: Froslass|0 fnt\n|faint|p2a: Froslass\n|\n|-weather|Snowscape|[upkeep]\n|upkeep\n|\n|t:|1776081604\n|switch|p2a: Sylveon|Sylveon, L50, F|100/100\n|switch|p2b: Sinistcha|Sinistcha, L50|100/100\n|turn|4\n|\n|t:|1776081613\n|move|p1b: Glimmora|Sludge Bomb|p2b: Sinistcha\n|-damage|p2b: Sinistcha|37/100\n|-status|p2b: Sinistcha|psn\n|move|p2b: Sinistcha|Matcha Gotcha|p1b: Glimmora|[spread] p1a,p1b\n|-resisted|p1a: Orthworm|1\n|-crit|p1b: Glimmora\n|-damage|p1a: Orthworm|9/100\n|-heal|p2b: Sinistcha|43/100 psn|[from] drain|[of] p1a: Orthworm\n|-damage|p1b: Glimmora|0 fnt\n|-heal|p2b: Sinistcha|63/100 psn|[from] drain|[of] p1b: Glimmora\n|faint|p1b: Glimmora\n|move|p1a: Orthworm|Heavy Slam|p2a: Sylveon\n|-supereffective|p2a: Sylveon|1\n|-damage|p2a: Sylveon|43/100\n|move|p2a: Sylveon|Yawn|p1a: Orthworm\n|-start|p1a: Orthworm|move: Yawn|[of] p2a: Sylveon\n|\n|-weather|Snowscape|[upkeep]\n|-heal|p2b: Sinistcha|69/100 psn|[from] item: Leftovers\n|-damage|p2b: Sinistcha|57/100 psn|[from] psn\n|upkeep\n|\n|t:|1776081625\n|switch|p1b: Incineroar|Incineroar, L50, M|100/100\n|-ability|p1b: Incineroar|Intimidate|boost\n|-unboost|p2a: Sylveon|atk|1\n|-unboost|p2b: Sinistcha|atk|1\n|turn|5\n|\n|t:|1776081647\n|move|p2b: Sinistcha|Rage Powder|p2b: Sinistcha\n|-singleturn|p2b: Sinistcha|move: Rage Powder\n|move|p2a: Sylveon|Quick Attack|p1a: Orthworm\n|-resisted|p1a: Orthworm|1\n|-damage|p1a: Orthworm|7/100\n|move|p1a: Orthworm|Heavy Slam|p2b: Sinistcha\n|-crit|p2b: Sinistcha\n|-damage|p2b: Sinistcha|12/100 psn\n|move|p1b: Incineroar|Flare Blitz|p2b: Sinistcha\n|-supereffective|p2b: Sinistcha|1\n|-damage|p2b: Sinistcha|0 fnt\n|faint|p2b: Sinistcha\n|-damage|p1b: Incineroar|97/100|[from] Recoil\n|\n|-weather|Snowscape|[upkeep]\n|-end|p1a: Orthworm|move: Yawn|[silent]\n|-status|p1a: Orthworm|slp\n|upkeep\n|turn|6\n|\n|t:|1776081665\n|cant|p1a: Orthworm|slp\n|move|p2a: Sylveon|Hyper Voice|p1a: Orthworm|[spread] p1a,p1b\n|-resisted|p1a: Orthworm|1\n|-damage|p1a: Orthworm|0 fnt\n|-damage|p1b: Incineroar|50/100\n|faint|p1a: Orthworm\n|move|p1b: Incineroar|Flare Blitz|p2a: Sylveon\n|-damage|p2a: Sylveon|0 fnt\n|faint|p2a: Sylveon\n|-damage|p1b: Incineroar|36/100|[from] Recoil\n|\n|win|porygon-epilepz\n|raw|porygon-epilepz's rating: 1084 &rarr; <strong>1112</strong><br />(+28 for winning)\n|raw|Diddiies's rating: 1087 &rarr; <strong>1064</strong><br />(-23 for losing)\n",
  "uploadtime": 1776081461,
  "views": 12,
  "formatid": "gen9championsvgc2026regma",
  "rating": 1064,
  "private": 0,
  "password": null
}