{
  "id": "gen9championsvgc2026regma-2584040628",
  "format": "[Gen 9 Champions] VGC 2026 Reg M-A",
  "players": [
    "Saymonster",
    "ThomasisCringe"
  ],
  "log": "|j|\u2606Saymonster\n|j|\u2606ThomasisCringe\n|t:|1776219289\n|gametype|doubles\n|player|p1|Saymonster|shadowtriad|1162\n|player|p2|ThomasisCringe|170|1184\n|gen|9\n|tier|[Gen 9 Champions] VGC 2026 Reg M-A\n|rated|\n|rule|Species Clause: Limit one of each Pok\u00e9mon\n|rule|Item Clause: Limit 1 of each item\n|clearpoke\n|poke|p1|Kommo-o, L50, M|\n|poke|p1|Milotic, L50, F|\n|poke|p1|Corviknight, L50, F|\n|poke|p1|Dragonite, L50, F|\n|poke|p1|Garchomp, L50, M|\n|poke|p1|Scizor, L50, M|\n|poke|p2|Froslass, L50, F|\n|poke|p2|Aerodactyl, L50, F|\n|poke|p2|Sneasler, L50, F|\n|poke|p2|Kingambit, L50, F|\n|poke|p2|Garchomp, L50, M|\n|poke|p2|Rotom-Wash, L50|\n|teampreview|4\n|\n|t:|1776219340\n|teamsize|p1|4\n|teamsize|p2|4\n|start\n|switch|p1a: Scizor|Scizor, L50, M|100/100\n|switch|p1b: Corviknight|Corviknight, L50, F, shiny|100/100\n|switch|p2a: Rotom|Rotom-Wash, L50|100/100\n|switch|p2b: Garchomp|Garchomp, L50, M|100/100\n|turn|1\n|inactive|Battle timer is ON: inactive players will automatically lose when time's up. (requested by ThomasisCringe)\n|\n|t:|1776219366\n|switch|p1b: Garchomp|Garchomp, L50, M|100/100\n|detailschange|p1a: Scizor|Scizor-Mega, L50, M\n|-mega|p1a: Scizor|Scizor|Scizorite\n|move|p2b: Garchomp|Rock Slide|p1a: Scizor|[spread] p1a\n|-miss|p2b: Garchomp|p1b: Garchomp\n|-damage|p1a: Scizor|82/100\n|move|p2a: Rotom|Thunderbolt|p1a: Scizor\n|-damage|p1a: Scizor|42/100\n|move|p1a: Scizor|Swords Dance|p1a: Scizor\n|-boost|p1a: Scizor|atk|2\n|\n|upkeep\n|turn|2\n|inactive|Saymonster has 30 seconds left.\n|inactive|ThomasisCringe has 30 seconds left.\n|inactive|Saymonster has 20 seconds left.\n|inactive|ThomasisCringe has 20 seconds left.\n|inactive|Saymonster has 15 seconds left.\n|inactive|ThomasisCringe has 15 seconds left.\n|inactive|ThomasisCringe has 10 seconds left.\n|inactive|Saymonster has 10 seconds left.\n|inactive|ThomasisCringe has 5 seconds left.\n|inactive|Saymonster has 5 seconds left.\n|\n|t:|1776219424\n|switch|p2b: Aerodactyl|Aerodactyl, L50, F|100/100\n|-ability|p2b: Aerodactyl|Unnerve\n|move|p1a: Scizor|Bullet Punch|p2b: Aerodactyl\n|-supereffective|p2b: Aerodactyl|1\n|-enditem|p2b: Aerodactyl|Focus Sash\n|-damage|p2b: Aerodactyl|1/100\n|move|p1b: Garchomp|Dragon Claw|p2b: Aerodactyl\n|-damage|p2b: Aerodactyl|0 fnt\n|faint|p2b: Aerodactyl\n|move|p2a: Rotom|Hydro Pump|p1b: Garchomp\n|-damage|p1b: Garchomp|49/100\n|\n|upkeep\n|\n|t:|1776219436\n|switch|p2b: Garchomp|Garchomp, L50, M|100/100\n|turn|3\n|inactive|Saymonster has 30 seconds left.\n|\n|t:|1776219467\n|move|p2b: Garchomp|Earthquake|p1b: Garchomp|[spread] p1a,p1b\n|-immune|p2a: Rotom|[from] ability: Levitate\n|-damage|p1a: Scizor|5/100\n|-damage|p1b: Garchomp|3/100\n|move|p1b: Garchomp|Dragon Claw|p2b: Garchomp\n|-supereffective|p2b: Garchomp|1\n|-damage|p2b: Garchomp|18/100\n|move|p2a: Rotom|Hydro Pump|p1b: Garchomp\n|-damage|p1b: Garchomp|0 fnt\n|faint|p1b: Garchomp\n|move|p1a: Scizor|Roost|p1a: Scizor\n|-heal|p1a: Scizor|55/100\n|-singleturn|p1a: Scizor|move: Roost\n|\n|upkeep\n|\n|t:|1776219486\n|switch|p1b: Kommo-o|Kommo-o, L50, M|100/100\n|turn|4\n|\n|t:|1776219507\n|move|p1a: Scizor|Bullet Punch|p2b: Garchomp\n|-damage|p2b: Garchomp|0 fnt\n|faint|p2b: Garchomp\n|move|p1b: Kommo-o|Clangorous Soul|p1b: Kommo-o\n|-boost|p1b: Kommo-o|atk|1\n|-boost|p1b: Kommo-o|def|1\n|-boost|p1b: Kommo-o|spa|1\n|-boost|p1b: Kommo-o|spd|1\n|-boost|p1b: Kommo-o|spe|1\n|-damage|p1b: Kommo-o|68/100\n|move|p2a: Rotom|Thunderbolt|p1a: Scizor\n|-damage|p1a: Scizor|16/100\n|\n|upkeep\n|\n|t:|1776219519\n|switch|p2b: Froslass|Froslass, L50, F|100/100\n|turn|5\n|inactive|Saymonster has 30 seconds left.\n|inactive|Saymonster has 20 seconds left.\n|inactive|Saymonster has 15 seconds left.\n|\n|t:|1776219560\n|move|p2b: Froslass|Protect|p2b: Froslass\n|-singleturn|p2b: Froslass|Protect\n|move|p1a: Scizor|Bullet Punch|p2b: Froslass\n|-activate|p2b: Froslass|move: Protect\n|move|p1b: Kommo-o|Clanging Scales|p2b: Froslass|[spread] p2a\n|-activate|p2b: Froslass|move: Protect\n|-damage|p2a: Rotom|46/100\n|-unboost|p1b: Kommo-o|def|1\n|move|p2a: Rotom|Thunderbolt|p1a: Scizor\n|-damage|p1a: Scizor|0 fnt\n|faint|p1a: Scizor\n|\n|-heal|p2a: Rotom|52/100|[from] item: Leftovers\n|upkeep\n|\n|t:|1776219577\n|switch|p1a: Corviknight|Corviknight, L50, F, shiny|100/100\n|turn|6\n|\n|t:|1776219587\n|detailschange|p2b: Froslass|Froslass-Mega, L50, F\n|-mega|p2b: Froslass|Froslass|Froslassite\n|-weather|Snowscape|[from] ability: Snow Warning|[of] p2b: Froslass\n|move|p1b: Kommo-o|Clanging Scales|p2a: Rotom|[spread] p2a,p2b\n|-damage|p2a: Rotom|0 fnt\n|-damage|p2b: Froslass|42/100\n|faint|p2a: Rotom\n|-unboost|p1b: Kommo-o|def|1\n|move|p2b: Froslass|Blizzard|p1b: Kommo-o|[spread] p1a,p1b\n|-supereffective|p1b: Kommo-o|1\n|-damage|p1a: Corviknight|62/100\n|-damage|p1b: Kommo-o|0 fnt\n|faint|p1b: Kommo-o\n|move|p1a: Corviknight|Brave Bird|p2b: Froslass\n|-damage|p2b: Froslass|8/100\n|-damage|p1a: Corviknight|53/100|[from] Recoil\n|\n|-weather|Snowscape|[upkeep]\n|-heal|p1a: Corviknight|59/100|[from] item: Leftovers\n|upkeep\n|turn|7\n|inactive|ThomasisCringe has 30 seconds left.\n|\n|t:|1776219621\n|move|p2b: Froslass|Blizzard|p1a: Corviknight\n|-damage|p1a: Corviknight|5/100\n|move|p1a: Corviknight|Brave Bird|p2b: Froslass\n|-damage|p2b: Froslass|0 fnt\n|faint|p2b: Froslass\n|-damage|p1a: Corviknight|3/100|[from] Recoil\n|\n|win|Saymonster\n|raw|Saymonster's rating: 1162 &rarr; <strong>1189</strong><br />(+27 for winning)\n|raw|ThomasisCringe's rating: 1184 &rarr; <strong>1157</strong><br />(-27 for losing)\n|l|\u2606ThomasisCringe\n|player|p2|\n",
  "uploadtime": 1776219801,
  "views": 21,
  "formatid": "gen9championsvgc2026regma",
  "rating": 1157,
  "private": 0,
  "password": null
}