{
  "id": "gen9championsvgc2026regma-2585500024",
  "format": "[Gen 9 Champions] VGC 2026 Reg M-A",
  "players": [
    "ZzZambo",
    "TheGovestOne"
  ],
  "log": "|j|\u2606ZzZambo\n|j|\u2606TheGovestOne\n|t:|1776351703\n|gametype|doubles\n|player|p1|ZzZambo|pokemaniac|1111\n|player|p2|TheGovestOne|roxanne|1198\n|gen|9\n|tier|[Gen 9 Champions] VGC 2026 Reg M-A\n|rated|\n|rule|Species Clause: Limit one of each Pok\u00e9mon\n|rule|Item Clause: Limit 1 of each item\n|clearpoke\n|poke|p1|Pelipper, L50, M|\n|poke|p1|Dragonite, L50, M|\n|poke|p1|Archaludon, L50, M|\n|poke|p1|Basculegion, L50, M|\n|poke|p1|Sneasler, L50, M|\n|poke|p1|Rotom-Heat, L50|\n|poke|p2|Empoleon, L50, M|\n|poke|p2|Tyranitar, L50, M|\n|poke|p2|Excadrill, L50, M|\n|poke|p2|Incineroar, L50, M|\n|poke|p2|Scizor, L50, M|\n|poke|p2|Sinistcha, L50|\n|teampreview|4\n|inactive|Battle timer is ON: inactive players will automatically lose when time's up. (requested by ZzZambo)\n|\n|t:|1776351747\n|teamsize|p1|4\n|teamsize|p2|4\n|start\n|switch|p1a: Pelipper|Pelipper, L50, M, shiny|100/100\n|switch|p1b: Archaludon|Archaludon, L50, M, shiny|100/100\n|switch|p2a: Tyranitar|Tyranitar, L50, M|100/100\n|switch|p2b: Incineroar|Incineroar, L50, M|100/100\n|-weather|RainDance|[from] ability: Drizzle|[of] p1a: Pelipper\n|-ability|p2b: Incineroar|Intimidate|boost\n|-unboost|p1a: Pelipper|atk|1\n|-unboost|p1b: Archaludon|atk|1\n|-weather|Sandstorm|[from] ability: Sand Stream|[of] p2a: Tyranitar\n|turn|1\n|inactive|TheGovestOne has 30 seconds left.\n|\n|t:|1776351779\n|switch|p1a: Dragonite|Dragonite, L50, M, shiny|100/100\n|move|p1b: Archaludon|Protect|p1b: Archaludon\n|-singleturn|p1b: Archaludon|Protect\n|move|p2b: Incineroar|Fake Out|p1a: Dragonite\n|-damage|p1a: Dragonite|95/100\n|move|p2a: Tyranitar|Knock Off|p1a: Dragonite\n|-damage|p1a: Dragonite|52/100\n|\n|-weather|Sandstorm|[upkeep]\n|-damage|p1a: Dragonite|46/100|[from] Sandstorm\n|-damage|p2b: Incineroar|95/100|[from] Sandstorm\n|upkeep\n|turn|2\n|inactive|TheGovestOne has 30 seconds left.\n|\n|t:|1776351806\n|switch|p1a: Pelipper|Pelipper, L50, M, shiny|100/100\n|-weather|RainDance|[from] ability: Drizzle|[of] p1a: Pelipper\n|switch|p2b: Sinistcha|Sinistcha, L50|100/100\n|detailschange|p2a: Tyranitar|Tyranitar-Mega, L50, M\n|-mega|p2a: Tyranitar|Tyranitar|Tyranitarite\n|-weather|Sandstorm|[from] ability: Sand Stream|[of] p2a: Tyranitar\n|move|p1b: Archaludon|Electro Shot||[still]\n|-prepare|p1b: Archaludon|Electro Shot\n|-boost|p1b: Archaludon|spa|1\n|move|p2a: Tyranitar|Ice Punch|p1a: Pelipper\n|-damage|p1a: Pelipper|53/100\n|\n|-weather|Sandstorm|[upkeep]\n|-damage|p1a: Pelipper|47/100|[from] Sandstorm\n|-damage|p2b: Sinistcha|94/100|[from] Sandstorm\n|-heal|p2b: Sinistcha|100/100|[from] item: Leftovers\n|upkeep\n|turn|3\n|inactive|TheGovestOne has 30 seconds left.\n|\n|t:|1776351841\n|switch|p2a: Excadrill|Excadrill, L50, M|100/100\n|move|p2b: Sinistcha|Rage Powder|p2b: Sinistcha\n|-singleturn|p2b: Sinistcha|move: Rage Powder\n|move|p1a: Pelipper|Tailwind|p1a: Pelipper\n|-sidestart|p1: ZzZambo|move: Tailwind\n|move|p1b: Archaludon|Electro Shot|p2b: Sinistcha|[from] lockedmove\n|-resisted|p2b: Sinistcha|1\n|-damage|p2b: Sinistcha|71/100\n|\n|-weather|Sandstorm|[upkeep]\n|-damage|p1a: Pelipper|41/100|[from] Sandstorm\n|-damage|p2b: Sinistcha|65/100|[from] Sandstorm\n|-heal|p2b: Sinistcha|71/100|[from] item: Leftovers\n|upkeep\n|turn|4\n|\n|t:|1776351859\n|switch|p1a: Basculegion|Basculegion, L50, M, shiny|100/100\n|move|p1b: Archaludon|Protect|p1b: Archaludon\n|-singleturn|p1b: Archaludon|Protect\n|move|p2a: Excadrill|Earthquake|p1b: Archaludon|[spread] p2b,p1a\n|-activate|p1b: Archaludon|move: Protect\n|-resisted|p2b: Sinistcha|1\n|-damage|p2b: Sinistcha|48/100\n|-damage|p1a: Basculegion|53/100\n|move|p2b: Sinistcha|Trick Room|p2b: Sinistcha\n|-fieldstart|move: Trick Room|[of] p2b: Sinistcha\n|\n|-weather|Sandstorm|[upkeep]\n|-damage|p2b: Sinistcha|42/100|[from] Sandstorm\n|-damage|p1a: Basculegion|47/100|[from] Sandstorm\n|-heal|p2b: Sinistcha|48/100|[from] item: Leftovers\n|upkeep\n|turn|5\n|inactive|ZzZambo has 30 seconds left.\n|\n|t:|1776351893\n|move|p1a: Basculegion|Aqua Jet|p2a: Excadrill\n|-supereffective|p2a: Excadrill|1\n|-damage|p2a: Excadrill|25/100\n|move|p2b: Sinistcha|Life Dew|p2b: Sinistcha|[spread] p2a,p2b\n|-heal|p2a: Excadrill|50/100\n|-heal|p2b: Sinistcha|73/100\n|move|p1b: Archaludon|Flash Cannon|p2b: Sinistcha\n|-damage|p2b: Sinistcha|16/100\n|move|p2a: Excadrill|Earthquake|p1b: Archaludon|[spread] p2b,p1a,p1b\n|-resisted|p2b: Sinistcha|1\n|-crit|p1a: Basculegion\n|-supereffective|p1b: Archaludon|1\n|-damage|p2b: Sinistcha|0 fnt\n|-damage|p1a: Basculegion|0 fnt\n|-damage|p1b: Archaludon|40/100\n|-ability|p1b: Archaludon|Stamina|boost\n|-boost|p1b: Archaludon|def|1\n|faint|p2b: Sinistcha\n|faint|p1a: Basculegion\n|\n|-weather|Sandstorm|[upkeep]\n|-heal|p1b: Archaludon|46/100|[from] item: Leftovers\n|upkeep\n|\n|t:|1776351904\n|switch|p2b: Incineroar|Incineroar, L50, M|95/100\n|switch|p1a: Pelipper|Pelipper, L50, M, shiny|41/100\n|-ability|p2b: Incineroar|Intimidate|boost\n|-unboost|p1a: Pelipper|atk|1\n|-unboost|p1b: Archaludon|atk|1\n|-weather|RainDance|[from] ability: Drizzle|[of] p1a: Pelipper\n|turn|6\n|inactive|TheGovestOne has 30 seconds left.\n|\n|t:|1776351932\n|move|p2a: Excadrill|Protect|p2a: Excadrill\n|-singleturn|p2a: Excadrill|Protect\n|move|p2b: Incineroar|Fake Out|p1a: Pelipper\n|-damage|p1a: Pelipper|28/100\n|move|p1b: Archaludon|Electro Shot||[still]\n|-prepare|p1b: Archaludon|Electro Shot\n|-boost|p1b: Archaludon|spa|1\n|-anim|p1b: Archaludon|Electro Shot|p2b: Incineroar\n|-damage|p2b: Incineroar|34/100\n|-enditem|p2b: Incineroar|Sitrus Berry|[eat]\n|-heal|p2b: Incineroar|58/100|[from] item: Sitrus Berry\n|cant|p1a: Pelipper|flinch\n|\n|-weather|RainDance|[upkeep]\n|-heal|p1b: Archaludon|52/100|[from] item: Leftovers\n|-sideend|p1: ZzZambo|move: Tailwind\n|upkeep\n|turn|7\n|inactive|ZzZambo has 30 seconds left.\n|inactive|TheGovestOne has 30 seconds left.\n|\n|t:|1776351962\n|move|p2b: Incineroar|Parting Shot|p1b: Archaludon\n|-unboost|p1b: Archaludon|atk|1\n|-unboost|p1b: Archaludon|spa|1\n|\n|t:|1776351967\n|switch|p2b: Tyranitar|Tyranitar-Mega, L50, M|100/100|[from] Parting Shot\n|-weather|Sandstorm|[from] ability: Sand Stream|[of] p2b: Tyranitar\n|move|p1b: Archaludon|Electro Shot||[still]\n|-prepare|p1b: Archaludon|Electro Shot\n|-boost|p1b: Archaludon|spa|1\n|move|p1a: Pelipper|Weather Ball|p2a: Excadrill\n|-resisted|p2a: Excadrill|2\n|-damage|p2a: Excadrill|38/100\n|move|p2a: Excadrill|Earthquake|p1b: Archaludon|[spread] p2b,p1b\n|-immune|p1a: Pelipper\n|-supereffective|p2b: Tyranitar|1\n|-supereffective|p1b: Archaludon|1\n|-damage|p2b: Tyranitar|54/100\n|-damage|p1b: Archaludon|11/100\n|-ability|p1b: Archaludon|Stamina|boost\n|-boost|p1b: Archaludon|def|1\n|\n|-weather|Sandstorm|[upkeep]\n|-damage|p1a: Pelipper|22/100|[from] Sandstorm\n|-heal|p1b: Archaludon|17/100|[from] item: Leftovers\n|upkeep\n|turn|8\n|inactive|TheGovestOne has 30 seconds left.\n|\n|t:|1776351998\n|move|p2b: Tyranitar|Protect|p2b: Tyranitar\n|-singleturn|p2b: Tyranitar|Protect\n|move|p1a: Pelipper|Protect|p1a: Pelipper\n|-singleturn|p1a: Pelipper|Protect\n|move|p1b: Archaludon|Electro Shot|p2b: Tyranitar|[from] lockedmove\n|-activate|p2b: Tyranitar|move: Protect\n|move|p2a: Excadrill|Rock Slide|p1a: Pelipper|[spread] p1b\n|-activate|p1a: Pelipper|move: Protect\n|-resisted|p1b: Archaludon|1\n|-damage|p1b: Archaludon|14/100\n|-ability|p1b: Archaludon|Stamina|boost\n|-boost|p1b: Archaludon|def|1\n|\n|-weather|Sandstorm|[upkeep]\n|-damage|p1a: Pelipper|16/100|[from] Sandstorm\n|-heal|p1b: Archaludon|20/100|[from] item: Leftovers\n|-fieldend|move: Trick Room\n|upkeep\n|turn|9\n|\n|t:|1776352020\n|switch|p1a: Dragonite|Dragonite, L50, M, shiny|46/100\n|move|p2a: Excadrill|Iron Head|p1b: Archaludon\n|-resisted|p1b: Archaludon|1\n|-damage|p1b: Archaludon|13/100\n|-ability|p1b: Archaludon|Stamina|boost\n|-boost|p1b: Archaludon|def|1\n|cant|p1b: Archaludon|flinch\n|move|p2b: Tyranitar|Ice Punch|p1b: Archaludon\n|-damage|p1b: Archaludon|4/100\n|-ability|p1b: Archaludon|Stamina|boost\n|-boost|p1b: Archaludon|def|1\n|\n|-weather|Sandstorm|[upkeep]\n|-damage|p1a: Dragonite|40/100|[from] Sandstorm\n|-heal|p1b: Archaludon|10/100|[from] item: Leftovers\n|upkeep\n|turn|10\n|\n|t:|1776352043\n|detailschange|p1a: Dragonite|Dragonite-Mega, L50, M, shiny\n|-mega|p1a: Dragonite|Dragonite|Dragoninite\n|move|p2b: Tyranitar|Protect|p2b: Tyranitar\n|-singleturn|p2b: Tyranitar|Protect\n|move|p2a: Excadrill|Earthquake|p1b: Archaludon|[spread] p1b\n|-activate|p2b: Tyranitar|move: Protect\n|-immune|p1a: Dragonite\n|-supereffective|p1b: Archaludon|1\n|-damage|p1b: Archaludon|0 fnt\n|faint|p1b: Archaludon\n|move|p1a: Dragonite|Tailwind|p1a: Dragonite\n|-sidestart|p1: ZzZambo|move: Tailwind\n|\n|-weather|Sandstorm|[upkeep]\n|-damage|p1a: Dragonite|34/100|[from] Sandstorm\n|upkeep\n|\n|t:|1776352060\n|switch|p1b: Pelipper|Pelipper, L50, M, shiny|16/100\n|-weather|RainDance|[from] ability: Drizzle|[of] p1b: Pelipper\n|turn|11\n|\n|t:|1776352083\n|move|p2b: Tyranitar|Protect||[still]\n|-fail|p2b: Tyranitar\n|move|p1a: Dragonite|Thunder|p2b: Tyranitar\n|-damage|p2b: Tyranitar|21/100\n|move|p1b: Pelipper|Weather Ball|p2a: Excadrill\n|-supereffective|p2a: Excadrill|1\n|-damage|p2a: Excadrill|0 fnt\n|faint|p2a: Excadrill\n|\n|-weather|RainDance|[upkeep]\n|upkeep\n|\n|t:|1776352085\n|switch|p2a: Incineroar|Incineroar, L50, M|58/100\n|-ability|p2a: Incineroar|Intimidate|boost\n|-unboost|p1a: Dragonite|atk|1\n|-unboost|p1b: Pelipper|atk|1\n|turn|12\n|\n|t:|1776352100\n|move|p2a: Incineroar|Fake Out|p1a: Dragonite\n|-damage|p1a: Dragonite|24/100\n|cant|p1a: Dragonite|flinch\n|move|p1b: Pelipper|Weather Ball|p2a: Incineroar\n|-supereffective|p2a: Incineroar|1\n|-damage|p2a: Incineroar|0 fnt\n|faint|p2a: Incineroar\n|move|p2b: Tyranitar|Rock Slide|p1b: Pelipper|[spread] p1a,p1b\n|-supereffective|p1a: Dragonite|1\n|-supereffective|p1b: Pelipper|1\n|-damage|p1a: Dragonite|0 fnt\n|-damage|p1b: Pelipper|0 fnt\n|faint|p1a: Dragonite\n|faint|p1b: Pelipper\n|\n|win|TheGovestOne\n|raw|ZzZambo's rating: 1111 &rarr; <strong>1092</strong><br />(-19 for losing)\n|raw|TheGovestOne's rating: 1198 &rarr; <strong>1217</strong><br />(+19 for winning)\n|l|\u2606ZzZambo\n|player|p1|\n",
  "uploadtime": 1776352113,
  "views": 22,
  "formatid": "gen9championsvgc2026regma",
  "rating": 1092,
  "private": 0,
  "password": null
}