{
  "id": "gen9championsvgc2026regma-2585823164",
  "format": "[Gen 9 Champions] VGC 2026 Reg M-A",
  "players": [
    "dubs2yas3r",
    "NEONxTOKYO"
  ],
  "log": "|j|\u2606dubs2yas3r\n|j|\u2606NEONxTOKYO\n|t:|1776373279\n|gametype|doubles\n|player|p1|dubs2yas3r|youngn|1212\n|player|p2|NEONxTOKYO|265|1191\n|gen|9\n|tier|[Gen 9 Champions] VGC 2026 Reg M-A\n|rated|\n|rule|Species Clause: Limit one of each Pok\u00e9mon\n|rule|Item Clause: Limit 1 of each item\n|clearpoke\n|poke|p1|Blastoise, L50, M|\n|poke|p1|Aegislash, L50, M|\n|poke|p1|Hydreigon, L50, M|\n|poke|p1|Sinistcha, L50|\n|poke|p1|Tauros-Paldea-Blaze, L50, M|\n|poke|p1|Floette-Eternal, L50, F|\n|poke|p2|Garchomp, L50, M|\n|poke|p2|Tyranitar, L50, M|\n|poke|p2|Excadrill, L50, M|\n|poke|p2|Corviknight, L50, F|\n|poke|p2|Rotom-Wash, L50|\n|poke|p2|Archaludon, L50, F|\n|teampreview|4\n|inactive|Battle timer is ON: inactive players will automatically lose when time's up. (requested by dubs2yas3r)\n|\n|t:|1776373374\n|teamsize|p1|4\n|teamsize|p2|4\n|start\n|switch|p1a: Tauros|Tauros-Paldea-Blaze, L50, M|100/100\n|switch|p1b: Hydreigon|Hydreigon, L50, M|100/100\n|switch|p2a: Tyranitar|Tyranitar, L50, M|100/100\n|switch|p2b: Excadrill|Excadrill, L50, M|100/100\n|-ability|p1a: Tauros|Intimidate|boost\n|-unboost|p2a: Tyranitar|atk|1\n|-unboost|p2b: Excadrill|atk|1\n|-weather|Sandstorm|[from] ability: Sand Stream|[of] p2a: Tyranitar\n|turn|1\n|inactive|dubs2yas3r has 30 seconds left.\n|inactive|dubs2yas3r has 20 seconds left.\n|inactive|dubs2yas3r has 15 seconds left.\n|inactive|dubs2yas3r has 10 seconds left.\n|inactive|dubs2yas3r has 5 seconds left.\n|\n|t:|1776373429\n|detailschange|p2a: Tyranitar|Tyranitar-Mega, L50, M\n|-mega|p2a: Tyranitar|Tyranitar|Tyranitarite\n|move|p2b: Excadrill|High Horsepower|p1a: Tauros\n|-supereffective|p1a: Tauros|1\n|-damage|p1a: Tauros|23/100\n|move|p1a: Tauros|Rock Slide|p2b: Excadrill|[spread] p2a\n|-miss|p1a: Tauros|p2b: Excadrill\n|-damage|p2a: Tyranitar|88/100\n|move|p1b: Hydreigon|Tailwind|p1b: Hydreigon\n|-sidestart|p1: dubs2yas3r|move: Tailwind\n|move|p2a: Tyranitar|Low Kick|p1b: Hydreigon\n|-supereffective|p1b: Hydreigon|1\n|-damage|p1b: Hydreigon|45/100\n|\n|-weather|Sandstorm|[upkeep]\n|-damage|p1a: Tauros|17/100|[from] Sandstorm\n|-damage|p1b: Hydreigon|39/100|[from] Sandstorm\n|upkeep\n|turn|2\n|\n|t:|1776373452\n|switch|p1a: Sinistcha|Sinistcha, L50|100/100\n|-heal|p1b: Hydreigon|64/100|[from] ability: Hospitality|[of] p1a: Sinistcha\n|move|p1b: Hydreigon|Protect|p1b: Hydreigon\n|-singleturn|p1b: Hydreigon|Protect\n|move|p2b: Excadrill|High Horsepower|p1a: Sinistcha\n|-resisted|p1a: Sinistcha|1\n|-damage|p1a: Sinistcha|90/100\n|move|p2a: Tyranitar|Low Kick|p1b: Hydreigon\n|-activate|p1b: Hydreigon|move: Protect\n|\n|-weather|Sandstorm|[upkeep]\n|-damage|p1b: Hydreigon|58/100|[from] Sandstorm\n|-damage|p1a: Sinistcha|84/100|[from] Sandstorm\n|upkeep\n|turn|3\n|\n|t:|1776373470\n|switch|p1b: Tauros|Tauros-Paldea-Blaze, L50, M|17/100\n|-ability|p1b: Tauros|Intimidate|boost\n|-unboost|p2a: Tyranitar|atk|1\n|-unboost|p2b: Excadrill|atk|1\n|move|p2b: Excadrill|Iron Head|p1a: Sinistcha\n|-damage|p1a: Sinistcha|68/100\n|cant|p1a: Sinistcha|flinch\n|move|p2a: Tyranitar|Crunch|p1a: Sinistcha\n|-supereffective|p1a: Sinistcha|1\n|-damage|p1a: Sinistcha|27/100\n|-enditem|p1a: Sinistcha|Sitrus Berry|[eat]\n|-heal|p1a: Sinistcha|52/100|[from] item: Sitrus Berry\n|\n|-weather|Sandstorm|[upkeep]\n|-damage|p1b: Tauros|11/100|[from] Sandstorm\n|-damage|p1a: Sinistcha|45/100|[from] Sandstorm\n|upkeep\n|turn|4\n|\n|t:|1776373489\n|move|p1b: Tauros|Close Combat|p2b: Excadrill\n|-supereffective|p2b: Excadrill|1\n|-enditem|p2b: Excadrill|Focus Sash\n|-damage|p2b: Excadrill|1/100\n|-unboost|p1b: Tauros|def|1\n|-unboost|p1b: Tauros|spd|1\n|move|p2b: Excadrill|High Horsepower|p1b: Tauros\n|-supereffective|p1b: Tauros|1\n|-damage|p1b: Tauros|0 fnt\n|faint|p1b: Tauros\n|move|p1a: Sinistcha|Life Dew|p1a: Sinistcha\n|-heal|p1a: Sinistcha|71/100\n|move|p2a: Tyranitar|Crunch|p1a: Sinistcha\n|-supereffective|p1a: Sinistcha|1\n|-damage|p1a: Sinistcha|29/100\n|\n|-weather|Sandstorm|[upkeep]\n|-damage|p1a: Sinistcha|23/100|[from] Sandstorm\n|-sideend|p1: dubs2yas3r|move: Tailwind\n|upkeep\n|\n|t:|1776373504\n|switch|p1b: Hydreigon|Hydreigon, L50, M|58/100\n|turn|5\n|\n|t:|1776373516\n|move|p2b: Excadrill|Iron Head|p1a: Sinistcha\n|-damage|p1a: Sinistcha|7/100\n|move|p1b: Hydreigon|Tailwind|p1b: Hydreigon\n|-sidestart|p1: dubs2yas3r|move: Tailwind\n|move|p1a: Sinistcha|Life Dew|p1a: Sinistcha|[spread] p1a,p1b\n|-heal|p1a: Sinistcha|33/100\n|-heal|p1b: Hydreigon|83/100\n|move|p2a: Tyranitar|Crunch|p1a: Sinistcha\n|-supereffective|p1a: Sinistcha|1\n|-damage|p1a: Sinistcha|0 fnt\n|faint|p1a: Sinistcha\n|\n|-weather|none\n|upkeep\n|\n|t:|1776373529\n|switch|p1a: Floette|Floette-Eternal, L50, F|100/100\n|turn|6\n|\n|t:|1776373545\n|detailschange|p1a: Floette|Floette-Mega, L50, F\n|-mega|p1a: Floette|Floette|Floettite\n|-ability|p1a: Floette|Fairy Aura\n|move|p1a: Floette|Dazzling Gleam|p2b: Excadrill|[spread] p2a,p2b\n|-supereffective|p2a: Tyranitar|1\n|-resisted|p2b: Excadrill|1\n|-damage|p2a: Tyranitar|21/100\n|-damage|p2b: Excadrill|0 fnt\n|faint|p2b: Excadrill\n|move|p1b: Hydreigon|Draco Meteor|p2a: Tyranitar|[miss]\n|-miss|p1b: Hydreigon|p2a: Tyranitar\n|move|p2a: Tyranitar|Low Kick|p1b: Hydreigon\n|-supereffective|p1b: Hydreigon|1\n|-damage|p1b: Hydreigon|34/100\n|\n|upkeep\n|\n|t:|1776373558\n|switch|p2b: Archaludon|Archaludon, L50, F|100/100\n|turn|7\n|\n|t:|1776373567\n|move|p2a: Tyranitar|Protect|p2a: Tyranitar\n|-singleturn|p2a: Tyranitar|Protect\n|move|p1a: Floette|Calm Mind|p1a: Floette\n|-boost|p1a: Floette|spa|1\n|-boost|p1a: Floette|spd|1\n|move|p1b: Hydreigon|Taunt|p2b: Archaludon\n|-start|p2b: Archaludon|move: Taunt\n|move|p2b: Archaludon|Flash Cannon|p1a: Floette\n|-supereffective|p1a: Floette|1\n|-damage|p1a: Floette|46/100\n|\n|upkeep\n|turn|8\n|inactive|dubs2yas3r has 30 seconds left.\n|inactive|dubs2yas3r has 20 seconds left.\n|inactive|dubs2yas3r has 15 seconds left.\n|inactive|dubs2yas3r has 10 seconds left.\n|\n|t:|1776373616\n|move|p1a: Floette|Protect|p1a: Floette\n|-singleturn|p1a: Floette|Protect\n|move|p1b: Hydreigon|Draco Meteor|p2b: Archaludon\n|-damage|p2b: Archaludon|35/100\n|-unboost|p1b: Hydreigon|spa|2\n|-ability|p2b: Archaludon|Stamina|boost\n|-boost|p2b: Archaludon|def|1\n|move|p2b: Archaludon|Flash Cannon|p1a: Floette\n|-activate|p1a: Floette|move: Protect\n|move|p2a: Tyranitar|Low Kick|p1b: Hydreigon\n|-supereffective|p1b: Hydreigon|1\n|-damage|p1b: Hydreigon|0 fnt\n|faint|p1b: Hydreigon\n|\n|-sideend|p1: dubs2yas3r|move: Tailwind\n|upkeep\n|turn|9\n|\n|t:|1776373637\n|move|p2a: Tyranitar|Protect|p2a: Tyranitar\n|-singleturn|p2a: Tyranitar|Protect\n|move|p1a: Floette|Dazzling Gleam|p2b: Archaludon|[spread] p2b\n|-activate|p2a: Tyranitar|move: Protect\n|-damage|p2b: Archaludon|0 fnt\n|faint|p2b: Archaludon\n|\n|upkeep\n|\n|t:|1776373644\n|switch|p2b: Rotom|Rotom-Wash, L50|100/100\n|turn|10\n|\n|t:|1776373659\n|move|p1a: Floette|Dazzling Gleam|p2a: Tyranitar|[spread] p2a,p2b\n|-supereffective|p2a: Tyranitar|1\n|-damage|p2a: Tyranitar|0 fnt\n|-damage|p2b: Rotom|29/100\n|-enditem|p2b: Rotom|Sitrus Berry|[eat]\n|-heal|p2b: Rotom|54/100|[from] item: Sitrus Berry\n|faint|p2a: Tyranitar\n|move|p2b: Rotom|Hydro Pump|p1a: Floette|[miss]\n|-miss|p2b: Rotom|p1a: Floette\n|\n|upkeep\n|turn|11\n|c|\u2606dubs2yas3r|gg\n|\n|t:|1776373669\n|move|p1a: Floette|Moonblast|p2b: Rotom\n|-damage|p2b: Rotom|0 fnt\n|faint|p2b: Rotom\n|\n|win|dubs2yas3r\n|raw|dubs2yas3r's rating: 1212 &rarr; <strong>1235</strong><br />(+23 for winning)\n|raw|NEONxTOKYO's rating: 1191 &rarr; <strong>1168</strong><br />(-23 for losing)\n",
  "uploadtime": 1776373669,
  "views": 16,
  "formatid": "gen9championsvgc2026regma",
  "rating": 1168,
  "private": 0,
  "password": null
}