{
  "id": "gen9championsvgc2026regma-2583552353",
  "format": "[Gen 9 Champions] VGC 2026 Reg M-A",
  "players": [
    "jokeragnes",
    "thecynikyt"
  ],
  "log": "|j|\u2606jokeragnes\n|j|\u2606thecynikyt\n|t:|1776182850\n|gametype|doubles\n|player|p1|jokeragnes|lance|1042\n|player|p2|thecynikyt|alder|1112\n|gen|9\n|tier|[Gen 9 Champions] VGC 2026 Reg M-A\n|rated|\n|rule|Species Clause: Limit one of each Pok\u00e9mon\n|rule|Item Clause: Limit 1 of each item\n|clearpoke\n|poke|p1|Delphox, L50, F|\n|poke|p1|Basculegion, L50, M|\n|poke|p1|Clefable, L50, F|\n|poke|p1|Kingambit, L50, F|\n|poke|p1|Dragonite, L50, M|\n|poke|p1|Sneasler, L50, M|\n|poke|p2|Gallade, L50, M|\n|poke|p2|Whimsicott, L50, M|\n|poke|p2|Zoroark-Hisui, L50, F|\n|poke|p2|Archaludon, L50, M|\n|poke|p2|Meganium, L50, M|\n|poke|p2|Rotom-Wash, L50|\n|teampreview|4\n|inactive|Battle timer is ON: inactive players will automatically lose when time's up. (requested by thecynikyt)\n|inactive|thecynikyt has 60 seconds left.\njokeragnes rejected open team sheets.\n|\n|t:|1776182903\n|teamsize|p1|4\n|teamsize|p2|4\n|start\n|switch|p1a: Clefable|Clefable, L50, F|100/100\n|switch|p1b: Delphox|Delphox, L50, F|100/100\n|switch|p2a: Whimsicott|Whimsicott, L50, M|100/100\n|switch|p2b: Rotom|Rotom-Wash, L50, shiny|100/100\n|turn|1\n|inactive|jokeragnes has 30 seconds left.\n|inactive|jokeragnes has 20 seconds left.\n|\n|t:|1776182939\n|detailschange|p1b: Delphox|Delphox-Mega, L50, F\n|-mega|p1b: Delphox|Delphox|Delphoxite\n|move|p1a: Clefable|Helping Hand|p1b: Delphox\n|-singleturn|p1b: Delphox|Helping Hand|[of] p1a: Clefable\n|move|p1b: Delphox|Heat Wave|p2a: Whimsicott|[spread] p2a,p2b\n|-resisted|p2b: Rotom|1\n|-enditem|p2a: Whimsicott|Focus Sash\n|-damage|p2a: Whimsicott|1/100\n|-damage|p2b: Rotom|59/100\n|-status|p2b: Rotom|brn\n|replace|p2a: Zoroark|Zoroark-Hisui, L50, F\n|-end|p2a: Zoroark|Illusion\n|move|p2a: Zoroark|Bitter Malice|p1b: Delphox\n|-supereffective|p1b: Delphox|1\n|-damage|p1b: Delphox|23/100\n|-unboost|p1b: Delphox|atk|1\n|move|p2b: Rotom|Hydro Pump|p1b: Delphox\n|-supereffective|p1b: Delphox|1\n|-damage|p1b: Delphox|0 fnt\n|faint|p1b: Delphox\n|\n|-damage|p2b: Rotom|53/100 brn|[from] brn\n|upkeep\n|\n|t:|1776182962\n|switch|p1b: Basculegion|Basculegion, L50, M|100/100\n|turn|2\n|\n|t:|1776182976\n|switch|p2a: Whimsicott|Whimsicott, L50, M|100/100\n|move|p1a: Clefable|Protect|p1a: Clefable\n|-singleturn|p1a: Clefable|Protect\n|move|p1b: Basculegion|Flip Turn|p2a: Whimsicott\n|-resisted|p2a: Whimsicott|1\n|-damage|p2a: Whimsicott|70/100\n|\n|t:|1776182984\n|switch|p1b: Kingambit|Kingambit, L50, F|100/100|[from] Flip Turn\n|move|p2b: Rotom|Electroweb|p1a: Clefable|[spread] p1b\n|-activate|p1a: Clefable|move: Protect\n|-damage|p1b: Kingambit|81/100\n|-unboost|p1b: Kingambit|spe|1\n|-ability|p1b: Kingambit|Defiant|boost\n|-boost|p1b: Kingambit|atk|2\n|\n|-damage|p2b: Rotom|48/100 brn|[from] brn\n|upkeep\n|-enditem|p2b: Rotom|Sitrus Berry|[eat]\n|-heal|p2b: Rotom|72/100 brn|[from] item: Sitrus Berry\n|turn|3\n|inactive|jokeragnes has 30 seconds left.\n|\n|t:|1776183015\n|move|p1a: Clefable|Helping Hand|p1b: Kingambit\n|-singleturn|p1b: Kingambit|Helping Hand|[of] p1a: Clefable\n|move|p2a: Whimsicott|Encore|p1a: Clefable\n|-start|p1a: Clefable|Encore\n|move|p2b: Rotom|Will-O-Wisp|p1b: Kingambit\n|-status|p1b: Kingambit|brn\n|move|p1b: Kingambit|Swords Dance|p1b: Kingambit\n|-boost|p1b: Kingambit|atk|2\n|\n|-damage|p2b: Rotom|67/100 brn|[from] brn\n|-damage|p1b: Kingambit|75/100 brn|[from] brn\n|upkeep\n|turn|4\n|\n|t:|1776183037\n|move|p1a: Clefable|Helping Hand|p1b: Kingambit\n|-singleturn|p1b: Kingambit|Helping Hand|[of] p1a: Clefable\n|move|p1b: Kingambit|Sucker Punch|p2a: Whimsicott\n|-resisted|p2a: Whimsicott|1\n|-damage|p2a: Whimsicott|0 fnt\n|faint|p2a: Whimsicott\n|move|p2b: Rotom|Hydro Pump|p1b: Kingambit\n|-damage|p1b: Kingambit|27/100 brn\n|\n|-damage|p2b: Rotom|61/100 brn|[from] brn\n|-damage|p1b: Kingambit|21/100 brn|[from] brn\n|upkeep\n|\n|t:|1776183046\n|switch|p2a: Gallade|Gallade, L50, M, shiny|1/100\n|turn|5\n|\n|t:|1776183061\n|switch|p1a: Basculegion|Basculegion, L50, M|100/100\n|move|p1b: Kingambit|Sucker Punch||[still]\n|-fail|p1b: Kingambit\n|move|p2a: Gallade|Pain Split|p1a: Basculegion\n|-sethp|p1a: Basculegion|50/100|[from] move: Pain Split|[silent]\n|-sethp|p2a: Gallade|76/100|[from] move: Pain Split\n|move|p2b: Rotom|Hydro Pump|p1b: Kingambit\n|-damage|p1b: Kingambit|0 fnt\n|faint|p1b: Kingambit\n|\n|-damage|p2b: Rotom|56/100 brn|[from] brn\n|upkeep\n|\n|t:|1776183074\n|switch|p1b: Clefable|Clefable, L50, F|100/100\n|turn|6\n|\n|t:|1776183089\n|move|p1b: Clefable|Helping Hand|p1a: Basculegion\n|-singleturn|p1a: Basculegion|Helping Hand|[of] p1b: Clefable\n|move|p1a: Basculegion|Last Respects|p2a: Gallade\n|-immune|p2a: Gallade\n|move|p2a: Gallade|Bitter Malice|p1a: Basculegion\n|-supereffective|p1a: Basculegion|1\n|-damage|p1a: Basculegion|0 fnt\n|faint|p1a: Basculegion\n|move|p2b: Rotom|Electroweb|p1b: Clefable\n|-damage|p1b: Clefable|77/100\n|-unboost|p1b: Clefable|spe|1\n|\n|-damage|p2b: Rotom|50/100 brn|[from] brn\n|upkeep\n|turn|7\n|\n|t:|1776183106\n|move|p2a: Gallade|Hyper Voice|p1b: Clefable\n|-damage|p1b: Clefable|35/100\n|-enditem|p1b: Clefable|Sitrus Berry|[eat]\n|-heal|p1b: Clefable|60/100|[from] item: Sitrus Berry\n|move|p2b: Rotom|Hydro Pump|p1b: Clefable\n|-damage|p1b: Clefable|10/100\n|move|p1b: Clefable|Moonblast|p2a: Gallade\n|-damage|p2a: Gallade|11/100\n|replace|p2a: Zoroark|Zoroark-Hisui, L50, F\n|-end|p2a: Zoroark|Illusion\n|\n|-damage|p2b: Rotom|45/100 brn|[from] brn\n|upkeep\n|turn|8\n|\n|t:|1776183125\n|move|p2a: Zoroark|Bitter Malice|p1b: Clefable\n|-damage|p1b: Clefable|0 fnt\n|faint|p1b: Clefable\n|\n|win|thecynikyt\n|raw|jokeragnes's rating: 1042 &rarr; <strong>1029</strong><br />(-13 for losing)\n|raw|thecynikyt's rating: 1112 &rarr; <strong>1132</strong><br />(+20 for winning)\n",
  "uploadtime": 1776183129,
  "views": 13,
  "formatid": "gen9championsvgc2026regma",
  "rating": 1029,
  "private": 0,
  "password": null
}