{
  "id": "gen9championsvgc2026regma-2587365202",
  "format": "[Gen 9 Champions] VGC 2026 Reg M-A",
  "players": [
    "taterstotz",
    "CarajilloMan"
  ],
  "log": "|j|\u203dtaterstotz\n|j|\u2606CarajilloMan\n|t:|1776525671\n|gametype|doubles\n|player|p1|taterstotz|2|1532\n|player|p2|CarajilloMan|ninjaboy|1600\n|gen|9\n|tier|[Gen 9 Champions] VGC 2026 Reg M-A\n|rated|\n|rule|Species Clause: Limit one of each Pok\u00e9mon\n|rule|Item Clause: Limit 1 of each item\n|clearpoke\n|poke|p1|Tyranitar, L50, F|\n|poke|p1|Excadrill, L50, F|\n|poke|p1|Rotom-Wash, L50|\n|poke|p1|Hawlucha, L50, F|\n|poke|p1|Sinistcha, L50|\n|poke|p1|Gengar, L50, F|\n|poke|p2|Froslass, L50, F|\n|poke|p2|Milotic, L50, M|\n|poke|p2|Aegislash, L50, F|\n|poke|p2|Incineroar, L50, M|\n|poke|p2|Ninetales-Alola, L50, M|\n|poke|p2|Decidueye-Hisui, L50, F|\n|teampreview|4\n|inactive|Battle timer is ON: inactive players will automatically lose when time's up. (requested by taterstotz)\n|inactive|taterstotz has 60 seconds left.\n|inactive|CarajilloMan has 60 seconds left.\n|\n|t:|1776525717\n|teamsize|p1|4\n|teamsize|p2|4\n|start\n|switch|p1a: Excadrill|Excadrill, L50, F|100/100\n|switch|p1b: Rotom|Rotom-Wash, L50|100/100\n|switch|p2a: Decidueye|Decidueye-Hisui, L50, F|100/100\n|switch|p2b: Incineroar|Incineroar, L50, M|100/100\n|-ability|p2b: Incineroar|Intimidate|boost\n|-unboost|p1a: Excadrill|atk|1\n|-unboost|p1b: Rotom|atk|1\n|turn|1\n|j| melmetal99\n|inactive|taterstotz has 30 seconds left.\n|\n|t:|1776525742\n|move|p2b: Incineroar|Fake Out|p1a: Excadrill\n|-resisted|p1a: Excadrill|1\n|-damage|p1a: Excadrill|92/100\n|cant|p1a: Excadrill|flinch\n|move|p1b: Rotom|Will-O-Wisp|p2a: Decidueye\n|-status|p2a: Decidueye|brn\n|move|p2a: Decidueye|Tailwind|p2a: Decidueye\n|-sidestart|p2: CarajilloMan|move: Tailwind\n|\n|-damage|p2a: Decidueye|94/100 brn|[from] brn\n|upkeep\n|turn|2\n|j| Silversirfetchd\n|\n|t:|1776525763\n|move|p1a: Excadrill|Protect|p1a: Excadrill\n|-singleturn|p1a: Excadrill|Protect\n|move|p2a: Decidueye|Triple Arrows|p1a: Excadrill\n|-activate|p1a: Excadrill|move: Protect\n|move|p2b: Incineroar|Parting Shot|p1b: Rotom\n|-unboost|p1b: Rotom|atk|1\n|-unboost|p1b: Rotom|spa|1\n|\n|t:|1776525771\n|switch|p2b: Froslass|Froslass, L50, F|100/100|[from] Parting Shot\n|move|p1b: Rotom|Volt Switch|p2b: Froslass\n|-damage|p2b: Froslass|61/100\n|\n|t:|1776525787\n|switch|p1b: Tyranitar|Tyranitar, L50, F|100/100|[from] Volt Switch\n|-weather|Sandstorm|[from] ability: Sand Stream|[of] p1b: Tyranitar\n|\n|-weather|Sandstorm|[upkeep]\n|-damage|p2b: Froslass|55/100|[from] Sandstorm\n|-damage|p2a: Decidueye|88/100 brn|[from] Sandstorm\n|-damage|p2a: Decidueye|82/100 brn|[from] brn\n|upkeep\n|turn|3\n|\n|t:|1776525802\n|switch|p2b: Incineroar|Incineroar, L50, M|100/100\n|-ability|p2b: Incineroar|Intimidate|boost\n|-unboost|p1a: Excadrill|atk|1\n|-unboost|p1b: Tyranitar|atk|1\n|switch|p1a: Rotom|Rotom-Wash, L50|100/100\n|move|p1b: Tyranitar|Protect|p1b: Tyranitar\n|-singleturn|p1b: Tyranitar|Protect\n|move|p2a: Decidueye|Triple Arrows|p1a: Rotom\n|-crit|p1a: Rotom\n|-damage|p1a: Rotom|69/100\n|\n|-weather|Sandstorm|[upkeep]\n|-damage|p2a: Decidueye|76/100 brn|[from] Sandstorm\n|-damage|p2b: Incineroar|95/100|[from] Sandstorm\n|-damage|p1a: Rotom|63/100|[from] Sandstorm\n|-heal|p1a: Rotom|69/100|[from] item: Leftovers\n|-damage|p2a: Decidueye|70/100 brn|[from] brn\n|upkeep\n|turn|4\n|\n|t:|1776525821\n|switch|p1b: Gengar|Gengar, L50, F|100/100\n|move|p2a: Decidueye|Leaf Blade|p1a: Rotom\n|-supereffective|p1a: Rotom|1\n|-damage|p1a: Rotom|22/100\n|move|p2b: Incineroar|Parting Shot|p1b: Gengar\n|-unboost|p1b: Gengar|atk|1\n|-unboost|p1b: Gengar|spa|1\n|\n|t:|1776525829\n|switch|p2b: Ninetales|Ninetales-Alola, L50, M|100/100|[from] Parting Shot\n|-weather|Snowscape|[from] ability: Snow Warning|[of] p2b: Ninetales\n|move|p1a: Rotom|Hydro Pump|p2b: Ninetales\n|-damage|p2b: Ninetales|39/100\n|\n|-weather|Snowscape|[upkeep]\n|-heal|p1a: Rotom|28/100|[from] item: Leftovers\n|-damage|p2a: Decidueye|64/100 brn|[from] brn\n|-sideend|p2: CarajilloMan|move: Tailwind\n|upkeep\n|turn|5\n|l| melmetal99\n|inactive|taterstotz has 30 seconds left.\n|inactive|taterstotz has 20 seconds left.\n|j| melmetal99\n|\n|t:|1776525865\n|move|p1b: Gengar|Icy Wind|p2a: Decidueye|[spread] p2a,p2b\n|-supereffective|p2a: Decidueye|1\n|-resisted|p2b: Ninetales|1\n|-damage|p2a: Decidueye|44/100 brn\n|-damage|p2b: Ninetales|33/100\n|-unboost|p2a: Decidueye|spe|1\n|-unboost|p2b: Ninetales|spe|1\n|move|p2b: Ninetales|Moonblast|p1a: Rotom\n|-damage|p1a: Rotom|0 fnt\n|faint|p1a: Rotom\n|move|p2a: Decidueye|Tailwind|p2a: Decidueye\n|-sidestart|p2: CarajilloMan|move: Tailwind\n|\n|-weather|Snowscape|[upkeep]\n|-damage|p2a: Decidueye|38/100 brn|[from] brn\n|upkeep\n|\n|t:|1776525875\n|switch|p1a: Tyranitar|Tyranitar, L50, F|100/100\n|-weather|Sandstorm|[from] ability: Sand Stream|[of] p1a: Tyranitar\n|turn|6\n|\n|t:|1776525895\n|switch|p2b: Incineroar|Incineroar, L50, M|95/100\n|-ability|p2b: Incineroar|Intimidate|boost\n|-unboost|p1a: Tyranitar|atk|1\n|-unboost|p1b: Gengar|atk|1\n|move|p2a: Decidueye|Protect|p2a: Decidueye\n|-singleturn|p2a: Decidueye|Protect\n|move|p1a: Tyranitar|Protect|p1a: Tyranitar\n|-singleturn|p1a: Tyranitar|Protect\n|move|p1b: Gengar|Icy Wind|p2b: Incineroar|[spread] p2b\n|-activate|p2a: Decidueye|move: Protect\n|-resisted|p2b: Incineroar|1\n|-damage|p2b: Incineroar|91/100\n|-unboost|p2b: Incineroar|spe|1\n|\n|-weather|Sandstorm|[upkeep]\n|-damage|p1b: Gengar|95/100|[from] Sandstorm\n|-damage|p2a: Decidueye|32/100 brn|[from] Sandstorm\n|-damage|p2b: Incineroar|85/100|[from] Sandstorm\n|-damage|p2a: Decidueye|26/100 brn|[from] brn\n|upkeep\n|turn|7\n|inactive|taterstotz has 30 seconds left.\n|\n|t:|1776525921\n|switch|p1a: Excadrill|Excadrill, L50, F|92/100\n|move|p1b: Gengar|Icy Wind|p2a: Decidueye|[spread] p2a,p2b\n|-supereffective|p2a: Decidueye|1\n|-resisted|p2b: Incineroar|1\n|-damage|p2a: Decidueye|5/100 brn\n|-damage|p2b: Incineroar|80/100\n|-unboost|p2a: Decidueye|spe|1\n|-unboost|p2b: Incineroar|spe|1\n|move|p2a: Decidueye|Triple Arrows|p1a: Excadrill\n|-supereffective|p1a: Excadrill|1\n|-crit|p1a: Excadrill\n|-damage|p1a: Excadrill|3/100\n|move|p2b: Incineroar|Throat Chop|p1b: Gengar\n|-supereffective|p1b: Gengar|1\n|-damage|p1b: Gengar|0 fnt\n|faint|p1b: Gengar\n|\n|-weather|Sandstorm|[upkeep]\n|-damage|p2a: Decidueye|0 fnt|[from] Sandstorm\n|-damage|p2b: Incineroar|74/100|[from] Sandstorm\n|faint|p2a: Decidueye\n|upkeep\n|\n|t:|1776525938\n|switch|p1b: Tyranitar|Tyranitar, L50, F|100/100\n|switch|p2a: Froslass|Froslass, L50, F|55/100\n|turn|8\n|inactive|taterstotz has 30 seconds left.\n|\n|t:|1776525971\n|switch|p2b: Ninetales|Ninetales-Alola, L50, M|33/100\n|-weather|Snowscape|[from] ability: Snow Warning|[of] p2b: Ninetales\n|move|p2a: Froslass|Protect|p2a: Froslass\n|-singleturn|p2a: Froslass|Protect\n|move|p1b: Tyranitar|Protect|p1b: Tyranitar\n|-singleturn|p1b: Tyranitar|Protect\n|move|p1a: Excadrill|High Horsepower|p2b: Ninetales\n|-damage|p2b: Ninetales|0 fnt\n|faint|p2b: Ninetales\n|\n|-weather|Snowscape|[upkeep]\n|-sideend|p2: CarajilloMan|move: Tailwind\n|upkeep\n|\n|t:|1776525981\n|switch|p2b: Incineroar|Incineroar, L50, M|74/100\n|-ability|p2b: Incineroar|Intimidate|boost\n|-unboost|p1a: Excadrill|atk|1\n|-unboost|p1b: Tyranitar|atk|1\n|turn|9\n|\n|t:|1776525997\n|detailschange|p1b: Tyranitar|Tyranitar-Mega, L50, F\n|-mega|p1b: Tyranitar|Tyranitar|Tyranitarite\n|-weather|Sandstorm|[from] ability: Sand Stream|[of] p1b: Tyranitar\n|move|p2b: Incineroar|Fake Out|p1b: Tyranitar\n|-resisted|p1b: Tyranitar|1\n|-damage|p1b: Tyranitar|98/100\n|move|p1a: Excadrill|Iron Head|p2a: Froslass\n|-supereffective|p2a: Froslass|1\n|-damage|p2a: Froslass|0 fnt\n|faint|p2a: Froslass\n|cant|p1b: Tyranitar|flinch\n|\n|-weather|Sandstorm|[upkeep]\n|-damage|p2b: Incineroar|68/100|[from] Sandstorm\n|upkeep\n|turn|10\n|-message|CarajilloMan forfeited.\n|\n|win|taterstotz\n|raw|taterstotz's rating: 1532 &rarr; <strong>1556</strong><br />(+24 for winning)\n|raw|CarajilloMan's rating: 1600 &rarr; <strong>1576</strong><br />(-24 for losing)\n|l|\u2606CarajilloMan\n|player|p2|\n|l| melmetal99\n",
  "uploadtime": 1776526638,
  "views": 61,
  "formatid": "gen9championsvgc2026regma",
  "rating": 1556,
  "private": 0,
  "password": null
}