{
  "id": "gen9championsvgc2026regma-2588572947",
  "format": "[Gen 9 Champions] VGC 2026 Reg M-A",
  "players": [
    "thruxytwo",
    "sdlt 2krl coolguy"
  ],
  "log": "|raw|<div class=\"broadcast-blue\"><strong>This battle is required to be public due to a player having a name starting with 'sdlt'.</div>\n|j|\u2606thruxytwo\n|j|\u2606sdlt 2krl coolguy\n|t:|1776646260\n|gametype|doubles\n|player|p1|thruxytwo|red-gen1main|1346\n|player|p2|sdlt 2krl coolguy|leon-masters2|1342\n|gen|9\n|tier|[Gen 9 Champions] VGC 2026 Reg M-A\n|rated|\n|rule|Species Clause: Limit one of each Pok\u00e9mon\n|rule|Item Clause: Limit 1 of each item\n|clearpoke\n|poke|p1|Milotic, L50, F, shiny|\n|poke|p1|Aerodactyl, L50, M, shiny|\n|poke|p1|Garchomp, L50, M, shiny|\n|poke|p1|Charizard, L50, F, shiny|\n|poke|p1|Venusaur, L50, F, shiny|\n|poke|p1|Weavile, L50, F, shiny|\n|poke|p2|Floette-Eternal, L50, F|\n|poke|p2|Incineroar, L50, F|\n|poke|p2|Sinistcha, L50|\n|poke|p2|Garchomp, L50, F|\n|poke|p2|Sneasler, L50, M|\n|poke|p2|Kingambit, L50, F|\n|teampreview|4\n|inactive|Battle timer is ON: inactive players will automatically lose when time's up. (requested by sdlt 2krl coolguy)\n|inactive|thruxytwo also wants the timer to be on.\n|inactive|thruxytwo has 60 seconds left.\n|\n|t:|1776646315\n|teamsize|p1|4\n|teamsize|p2|4\n|start\n|switch|p1a: Milotic|Milotic, L50, F, shiny|100/100\n|switch|p1b: Weavile|Weavile, L50, F, shiny|100/100\n|switch|p2a: Garchomp|Garchomp, L50, F|100/100\n|switch|p2b: Floette|Floette-Eternal, L50, F|100/100\n|-ability|p1b: Weavile|Pressure\n|turn|1\n|\n|t:|1776646340\n|detailschange|p2b: Floette|Floette-Mega, L50, F\n|-mega|p2b: Floette|Floette|Floettite\n|-ability|p2b: Floette|Fairy Aura\n|move|p2a: Garchomp|Protect|p2a: Garchomp\n|-singleturn|p2a: Garchomp|Protect\n|move|p1b: Weavile|Fake Out|p2b: Floette\n|-damage|p2b: Floette|86/100\n|cant|p2b: Floette|flinch\n|move|p1a: Milotic|Icy Wind|p2b: Floette|[spread] p2b\n|-activate|p2a: Garchomp|move: Protect\n|-damage|p2b: Floette|79/100\n|-unboost|p2b: Floette|spe|1\n|\n|upkeep\n|turn|2\n|inactive|thruxytwo has 30 seconds left.\n|\n|t:|1776646365\n|switch|p2a: Sinistcha|Sinistcha, L50|100/100\n|-heal|p2b: Floette|100/100|[from] ability: Hospitality|[of] p2a: Sinistcha\n|move|p1b: Weavile|Triple Axel|p2b: Floette\n|-damage|p2b: Floette|90/100\n|-damage|p2b: Floette|68/100\n|-damage|p2b: Floette|38/100\n|-hitcount|p2b: Floette|3\n|move|p1a: Milotic|Scald|p2a: Sinistcha\n|-resisted|p2a: Sinistcha|1\n|-damage|p2a: Sinistcha|87/100\n|move|p2b: Floette|Dazzling Gleam|p1b: Weavile|[spread] p1a,p1b\n|-supereffective|p1b: Weavile|1\n|-damage|p1a: Milotic|68/100\n|-damage|p1b: Weavile|0 fnt\n|faint|p1b: Weavile\n|\n|-heal|p1a: Milotic|74/100|[from] item: Leftovers\n|upkeep\n|\n|t:|1776646378\n|switch|p1b: Charizard|Charizard, L50, F, shiny|100/100\n|turn|3\n|\n|t:|1776646391\n|detailschange|p1b: Charizard|Charizard-Mega-Y, L50, F, shiny\n|-mega|p1b: Charizard|Charizard|Charizardite Y\n|-weather|SunnyDay|[from] ability: Drought|[of] p1b: Charizard\n|move|p1b: Charizard|Heat Wave|p2a: Sinistcha|[spread] p2b\n|-miss|p1b: Charizard|p2a: Sinistcha\n|-damage|p2b: Floette|0 fnt\n|faint|p2b: Floette\n|move|p1a: Milotic|Ice Beam|p2a: Sinistcha\n|-supereffective|p2a: Sinistcha|1\n|-crit|p2a: Sinistcha\n|-damage|p2a: Sinistcha|30/100\n|-enditem|p2a: Sinistcha|Sitrus Berry|[eat]\n|-heal|p2a: Sinistcha|54/100|[from] item: Sitrus Berry\n|move|p2a: Sinistcha|Matcha Gotcha|p1b: Charizard|[spread] p1a,p1b\n|-supereffective|p1a: Milotic|1\n|-resisted|p1b: Charizard|2\n|-damage|p1a: Milotic|37/100\n|-heal|p2a: Sinistcha|75/100|[from] drain|[of] p1a: Milotic\n|-damage|p1b: Charizard|95/100\n|-heal|p2a: Sinistcha|78/100|[from] drain|[of] p1b: Charizard\n|\n|-weather|SunnyDay|[upkeep]\n|-heal|p1a: Milotic|43/100|[from] item: Leftovers\n|upkeep\n|\n|t:|1776646406\n|switch|p2b: Garchomp|Garchomp, L50, F|100/100\n|turn|4\n|\n|t:|1776646426\n|move|p1b: Charizard|Protect|p1b: Charizard\n|-singleturn|p1b: Charizard|Protect\n|move|p2a: Sinistcha|Rage Powder|p2a: Sinistcha\n|-singleturn|p2a: Sinistcha|move: Rage Powder\n|move|p2b: Garchomp|Rock Slide|p1b: Charizard|[spread] p1a\n|-activate|p1b: Charizard|move: Protect\n|-damage|p1a: Milotic|27/100\n|move|p1a: Milotic|Icy Wind|p2b: Garchomp|[spread] p2a,p2b\n|-supereffective|p2a: Sinistcha|1\n|-supereffective|p2b: Garchomp|2\n|-damage|p2a: Sinistcha|61/100\n|-damage|p2b: Garchomp|61/100\n|-unboost|p2a: Sinistcha|spe|1\n|-unboost|p2b: Garchomp|spe|1\n|\n|-weather|SunnyDay|[upkeep]\n|-heal|p1a: Milotic|33/100|[from] item: Leftovers\n|upkeep\n|turn|5\n|\n|t:|1776646447\n|move|p2a: Sinistcha|Rage Powder|p2a: Sinistcha\n|-singleturn|p2a: Sinistcha|move: Rage Powder\n|move|p1b: Charizard|Heat Wave|p2b: Garchomp|[spread] p2a,p2b\n|-supereffective|p2a: Sinistcha|1\n|-resisted|p2b: Garchomp|1\n|-damage|p2a: Sinistcha|0 fnt\n|-damage|p2b: Garchomp|23/100\n|faint|p2a: Sinistcha\n|move|p2b: Garchomp|Rock Slide|p1b: Charizard|[spread] p1a\n|-miss|p2b: Garchomp|p1b: Charizard\n|-damage|p1a: Milotic|20/100\n|cant|p1a: Milotic|flinch\n|\n|-weather|SunnyDay|[upkeep]\n|-heal|p1a: Milotic|26/100|[from] item: Leftovers\n|upkeep\n|\n|t:|1776646453\n|switch|p2a: Incineroar|Incineroar, L50, F|100/100\n|-ability|p2a: Incineroar|Intimidate|boost\n|-unboost|p1a: Milotic|atk|1\n|-ability|p1a: Milotic|Competitive|boost\n|-boost|p1a: Milotic|spa|2\n|-unboost|p1b: Charizard|atk|1\n|turn|6\n|\n|t:|1776646471\n|move|p2a: Incineroar|Fake Out|p1a: Milotic\n|-crit|p1a: Milotic\n|-damage|p1a: Milotic|13/100\n|move|p1b: Charizard|Heat Wave|p2a: Incineroar|[spread] p2a,p2b\n|-resisted|p2a: Incineroar|1\n|-resisted|p2b: Garchomp|1\n|-damage|p2a: Incineroar|73/100\n|-damage|p2b: Garchomp|0 fnt\n|faint|p2b: Garchomp\n|cant|p1a: Milotic|flinch\n|\n|-weather|SunnyDay|[upkeep]\n|-heal|p1a: Milotic|19/100|[from] item: Leftovers\n|upkeep\n|turn|7\n|-message|sdlt 2krl coolguy forfeited.\n|\n|win|thruxytwo\n|raw|thruxytwo's rating: 1346 &rarr; <strong>1366</strong><br />(+20 for winning)\n|raw|sdlt 2krl coolguy's rating: 1342 &rarr; <strong>1322</strong><br />(-20 for losing)\n",
  "uploadtime": 1776646478,
  "views": 8,
  "formatid": "gen9championsvgc2026regma",
  "rating": 1322,
  "private": 0,
  "password": null
}