{
  "id": "gen9championsvgc2026regma-2582466091",
  "format": "[Gen 9 Champions] VGC 2026 Reg M-A",
  "players": [
    "hassuheimer",
    "Ladder Dude 01"
  ],
  "log": "|j|\u2606hassuheimer\n|j|\u2606Ladder Dude 01\n|t:|1776093504\n|gametype|doubles\n|player|p1|hassuheimer|169|1042\n|player|p2|Ladder Dude 01|giovanni|1040\n|gen|9\n|tier|[Gen 9 Champions] VGC 2026 Reg M-A\n|rated|\n|rule|Species Clause: Limit one of each Pok\u00e9mon\n|rule|Item Clause: Limit 1 of each item\n|clearpoke\n|poke|p1|Charizard, L50, M|\n|poke|p1|Typhlosion-Hisui, L50, M|\n|poke|p1|Torkoal, L50, M|\n|poke|p1|Farigiraf, L50, F|\n|poke|p1|Whimsicott, L50, F|\n|poke|p1|Venusaur, L50, M|\n|poke|p2|Froslass, L50, F|\n|poke|p2|Palafin, L50, F|\n|poke|p2|Incineroar, L50, F|\n|poke|p2|Kingambit, L50, M|\n|poke|p2|Kommo-o, L50, F|\n|poke|p2|Gengar, L50, M|\n|teampreview|4\n|inactive|Battle timer is ON: inactive players will automatically lose when time's up. (requested by Ladder Dude 01)\n|\n|t:|1776093519\n|teamsize|p1|4\n|teamsize|p2|4\n|start\n|switch|p1a: Typhlosion|Typhlosion-Hisui, L50, M|100/100\n|switch|p1b: Torkoal|Torkoal, L50, M|100/100\n|switch|p2a: Kommo-o|Kommo-o, L50, F|100/100\n|switch|p2b: Palafin|Palafin, L50, F|100/100\n|-item|p2a: Kommo-o|Leftovers|[from] ability: Frisk|[of] p1a: Typhlosion\n|-item|p2b: Palafin|Mystic Water|[from] ability: Frisk|[of] p1a: Typhlosion\n|-weather|SunnyDay|[from] ability: Drought|[of] p1b: Torkoal\n|turn|1\n|\n|t:|1776093540\n|detailschange|p2b: Palafin|Palafin-Hero, L50, F\n|switch|p2b: Incineroar|Incineroar, L50, F|100/100\n|-ability|p2b: Incineroar|Intimidate|boost\n|-unboost|p1a: Typhlosion|atk|1\n|-unboost|p1b: Torkoal|atk|1\n|move|p1b: Torkoal|Helping Hand|p1a: Typhlosion\n|-singleturn|p1a: Typhlosion|Helping Hand|[of] p1b: Torkoal\n|move|p1a: Typhlosion|Eruption|p2a: Kommo-o|[spread] p2a,p2b\n|-resisted|p2a: Kommo-o|1\n|-resisted|p2b: Incineroar|1\n|-damage|p2a: Kommo-o|27/100\n|-damage|p2b: Incineroar|50/100\n|-enditem|p2b: Incineroar|Sitrus Berry|[eat]\n|-heal|p2b: Incineroar|75/100|[from] item: Sitrus Berry\n|move|p2a: Kommo-o|Clangorous Soul||[still]\n|-fail|p2a: Kommo-o\n|\n|-weather|SunnyDay|[upkeep]\n|-heal|p2a: Kommo-o|33/100|[from] item: Leftovers\n|upkeep\n|turn|2\n|\n|t:|1776093559\n|move|p1b: Torkoal|Helping Hand|p1a: Typhlosion\n|-singleturn|p1a: Typhlosion|Helping Hand|[of] p1b: Torkoal\n|move|p2a: Kommo-o|Protect|p2a: Kommo-o\n|-singleturn|p2a: Kommo-o|Protect\n|move|p2b: Incineroar|Fake Out|p1b: Torkoal\n|-damage|p1b: Torkoal|91/100\n|move|p1a: Typhlosion|Eruption|p2b: Incineroar|[spread] p2b\n|-activate|p2a: Kommo-o|move: Protect\n|-resisted|p2b: Incineroar|1\n|-damage|p2b: Incineroar|25/100\n|\n|-weather|SunnyDay|[upkeep]\n|-heal|p2a: Kommo-o|39/100|[from] item: Leftovers\n|upkeep\n|turn|3\n|\n|t:|1776093577\n|move|p1b: Torkoal|Helping Hand|p1a: Typhlosion\n|-singleturn|p1a: Typhlosion|Helping Hand|[of] p1b: Torkoal\n|move|p1a: Typhlosion|Eruption|p2a: Kommo-o|[spread] p2a,p2b\n|-resisted|p2a: Kommo-o|1\n|-crit|p2a: Kommo-o\n|-resisted|p2b: Incineroar|1\n|-damage|p2a: Kommo-o|0 fnt\n|-damage|p2b: Incineroar|0 fnt\n|faint|p2a: Kommo-o\n|faint|p2b: Incineroar\n|\n|-weather|SunnyDay|[upkeep]\n|upkeep\n|\n|t:|1776093581\n|switch|p2a: Gengar|Gengar, L50, M|100/100\n|switch|p2b: Palafin|Palafin-Hero, L50, F|100/100\n|-activate|p2b: Palafin|ability: Zero to Hero\n|turn|4\n|\n|t:|1776093596\n|switch|p1b: Farigiraf|Farigiraf, L50, F|100/100\n|detailschange|p2a: Gengar|Gengar-Mega, L50, M\n|-mega|p2a: Gengar|Gengar|Gengarite\n|move|p2b: Palafin|Jet Punch||[still]\n|cant|p1b: Farigiraf|ability: Armor Tail|Jet Punch|[of] p2b: Palafin\n|move|p1a: Typhlosion|Eruption|p2a: Gengar|[spread] p2a,p2b\n|-resisted|p2b: Palafin|1\n|-damage|p2a: Gengar|0 fnt\n|-damage|p2b: Palafin|54/100\n|faint|p2a: Gengar\n|\n|-weather|SunnyDay|[upkeep]\n|upkeep\n|turn|5\n|-message|Ladder Dude 01 forfeited.\n|\n|win|hassuheimer\n|raw|hassuheimer's rating: 1042 &rarr; <strong>1076</strong><br />(+34 for winning)\n|raw|Ladder Dude 01's rating: 1040 &rarr; <strong>1024</strong><br />(-16 for losing)\n|l|\u2606Ladder Dude 01\n|player|p2|\n",
  "uploadtime": 1776093623,
  "views": 10,
  "formatid": "gen9championsvgc2026regma",
  "rating": 1024,
  "private": 0,
  "password": null
}