{
  "id": "gen9championsvgc2026regma-2583102065",
  "format": "[Gen 9 Champions] VGC 2026 Reg M-A",
  "players": [
    "Captain Clean 13",
    "wolfarren"
  ],
  "log": "|j|\u2606Captain Clean 13\n|j|\u2606wolfarren\n|t:|1776142205\n|gametype|doubles\n|player|p1|Captain Clean 13|steven|1040\n|player|p2|wolfarren|palmer|1046\n|gen|9\n|tier|[Gen 9 Champions] VGC 2026 Reg M-A\n|rated|\n|rule|Species Clause: Limit one of each Pok\u00e9mon\n|rule|Item Clause: Limit 1 of each item\n|clearpoke\n|poke|p1|Milotic, L50, F|\n|poke|p1|Tyranitar, L50, F|\n|poke|p1|Lucario, L50, M|\n|poke|p1|Sinistcha, L50|\n|poke|p1|Corviknight, L50, F|\n|poke|p1|Jolteon, L50, M|\n|poke|p2|Charizard, L50, M|\n|poke|p2|Basculegion, L50, M|\n|poke|p2|Sneasler, L50, M|\n|poke|p2|Garchomp, L50, F|\n|poke|p2|Incineroar, L50, F|\n|poke|p2|Venusaur, L50, M|\n|teampreview|4\n|inactive|Battle timer is ON: inactive players will automatically lose when time's up. (requested by wolfarren)\n|inactive|Captain Clean 13 also wants the timer to be on.\n|c|\u2606Captain Clean 13|glhf!\n|c|\u2606Captain Clean 13|Basculegion in the sun is one of the choices of all time\n|inactive|wolfarren has 60 seconds left.\n|\n|t:|1776142241\n|teamsize|p1|4\n|teamsize|p2|4\n|start\n|switch|p1a: Permanence|Milotic, L50, F|100/100\n|switch|p1b: Jolteon|Jolteon, L50, M|100/100\n|switch|p2a: Sneasler|Sneasler, L50, M|100/100\n|switch|p2b: Garchomp|Garchomp, L50, F|100/100\n|turn|1\n|inactive|Captain Clean 13 has 30 seconds left.\n|\n|t:|1776142276\n|move|p2a: Sneasler|Protect|p2a: Sneasler\n|-singleturn|p2a: Sneasler|Protect\n|move|p2b: Garchomp|Protect|p2b: Garchomp\n|-singleturn|p2b: Garchomp|Protect\n|move|p1b: Jolteon|Thunder Wave|p2a: Sneasler\n|-activate|p2a: Sneasler|move: Protect\n|move|p1a: Permanence|Icy Wind|p2b: Garchomp|[spread] \n|-activate|p2a: Sneasler|move: Protect\n|-activate|p2b: Garchomp|move: Protect\n|\n|upkeep\n|turn|2\n|inactive|wolfarren has 30 seconds left.\n|c|\u2606Captain Clean 13|hm\n|\n|t:|1776142305\n|move|p1b: Jolteon|Thunder Wave|p2a: Sneasler\n|-status|p2a: Sneasler|par\n|move|p2b: Garchomp|Dragon Claw|p1a: Permanence\n|-damage|p1a: Permanence|63/100\n|move|p1a: Permanence|Icy Wind|p2a: Sneasler|[spread] p2a,p2b\n|-supereffective|p2b: Garchomp|2\n|-damage|p2a: Sneasler|87/100 par\n|-damage|p2b: Garchomp|54/100\n|-unboost|p2a: Sneasler|spe|1\n|-unboost|p2b: Garchomp|spe|1\n|-enditem|p2a: Sneasler|White Herb\n|-clearnegativeboost|p2a: Sneasler|[silent]\n|move|p2a: Sneasler|Close Combat|p1b: Jolteon\n|-enditem|p1b: Jolteon|Focus Sash\n|-damage|p1b: Jolteon|1/100\n|-unboost|p2a: Sneasler|def|1\n|-unboost|p2a: Sneasler|spd|1\n|\n|-heal|p1a: Permanence|69/100|[from] item: Leftovers\n|upkeep\n|turn|3\n|c|\u2606Captain Clean 13|I would've used Fake Out and Earthquake, personally\n|inactive|Captain Clean 13 has 30 seconds left.\n|inactive|wolfarren has 30 seconds left.\n|\n|t:|1776142339\n|move|p1b: Jolteon|Thunderbolt|p2a: Sneasler\n|-damage|p2a: Sneasler|1/100 par\n|move|p2a: Sneasler|Rock Slide|p1b: Jolteon|[spread] p1a,p1b\n|-damage|p1a: Permanence|50/100\n|-damage|p1b: Jolteon|0 fnt\n|faint|p1b: Jolteon\n|move|p1a: Permanence|Icy Wind|p2a: Sneasler|[spread] p2a,p2b\n|-supereffective|p2b: Garchomp|2\n|-damage|p2a: Sneasler|0 fnt\n|-damage|p2b: Garchomp|14/100\n|-unboost|p2b: Garchomp|spe|1\n|faint|p2a: Sneasler\n|move|p2b: Garchomp|Rock Slide|p1a: Permanence\n|-damage|p1a: Permanence|27/100\n|\n|-heal|p1a: Permanence|33/100|[from] item: Leftovers\n|upkeep\n|c|\u2606Captain Clean 13|haha\n|c|\u2606Captain Clean 13|1% without sash is quite funny\n|\n|t:|1776142357\n|switch|p1b: Sinistcha|Sinistcha, L50|100/100\n|switch|p2a: Charizard|Charizard, L50, M, shiny|100/100\n|-heal|p1a: Permanence|58/100|[from] ability: Hospitality|[of] p1b: Sinistcha\n|turn|4\n|\n|t:|1776142370\n|switch|p1b: Tyranitar|Tyranitar, L50, F|100/100\n|-weather|Sandstorm|[from] ability: Sand Stream|[of] p1b: Tyranitar\n|detailschange|p2a: Charizard|Charizard-Mega-Y, L50, M, shiny\n|-mega|p2a: Charizard|Charizard|Charizardite Y\n|-weather|SunnyDay|[from] ability: Drought|[of] p2a: Charizard\n|move|p2a: Charizard|Heat Wave|p1b: Tyranitar|[spread] p1a,p1b\n|-resisted|p1a: Permanence|1\n|-resisted|p1b: Tyranitar|1\n|-damage|p1a: Permanence|33/100\n|-damage|p1b: Tyranitar|71/100\n|move|p1a: Permanence|Icy Wind|p2a: Charizard|[spread] p2a,p2b\n|-crit|p2a: Charizard\n|-supereffective|p2b: Garchomp|2\n|-damage|p2a: Charizard|84/100\n|-damage|p2b: Garchomp|0 fnt\n|-unboost|p2a: Charizard|spe|1\n|faint|p2b: Garchomp\n|\n|-weather|SunnyDay|[upkeep]\n|-heal|p1a: Permanence|39/100|[from] item: Leftovers\n|upkeep\n|c|\u2606Captain Clean 13|Hello?\n|c|\u2606Captain Clean 13|Turn order?\n|\n|t:|1776142388\n|switch|p2b: Venusaur|Venusaur, L50, M|100/100\n|turn|5\n|c|\u2606Captain Clean 13|How slow is your Charizard?\n|\n|t:|1776142399\n|detailschange|p1b: Tyranitar|Tyranitar-Mega, L50, F\n|-mega|p1b: Tyranitar|Tyranitar|Tyranitarite\n|-weather|Sandstorm|[from] ability: Sand Stream|[of] p1b: Tyranitar\n|move|p2a: Charizard|Protect|p2a: Charizard\n|-singleturn|p2a: Charizard|Protect\n|move|p2b: Venusaur|Energy Ball|p1a: Permanence\n|-supereffective|p1a: Permanence|1\n|-damage|p1a: Permanence|0 fnt\n|faint|p1a: Permanence\n|move|p1b: Tyranitar|Rock Slide|p2b: Venusaur|[spread] p2b\n|-activate|p2a: Charizard|move: Protect\n|-damage|p2b: Venusaur|60/100\n|\n|-weather|Sandstorm|[upkeep]\n|-damage|p2b: Venusaur|54/100|[from] Sandstorm\n|-damage|p2a: Charizard|78/100|[from] Sandstorm\n|upkeep\n|\n|t:|1776142408\n|switch|p1a: Sinistcha|Sinistcha, L50|100/100\n|-heal|p1b: Tyranitar|96/100|[from] ability: Hospitality|[of] p1a: Sinistcha\n|turn|6\n|\n|t:|1776142430\n|move|p2b: Venusaur|Sleep Powder|p1b: Tyranitar\n|-status|p1b: Tyranitar|slp|[from] move: Sleep Powder\n|cant|p1b: Tyranitar|slp\n|move|p1a: Sinistcha|Matcha Gotcha|p2b: Venusaur|[spread] p2a,p2b\n|-resisted|p2a: Charizard|2\n|-resisted|p2b: Venusaur|2\n|-damage|p2a: Charizard|72/100\n|-damage|p2b: Venusaur|48/100\n|move|p2a: Charizard|Air Slash|p1a: Sinistcha\n|-supereffective|p1a: Sinistcha|1\n|-damage|p1a: Sinistcha|15/100\n|-enditem|p1a: Sinistcha|Sitrus Berry|[eat]\n|-heal|p1a: Sinistcha|40/100|[from] item: Sitrus Berry\n|\n|-weather|Sandstorm|[upkeep]\n|-damage|p2b: Venusaur|42/100|[from] Sandstorm\n|-damage|p1a: Sinistcha|34/100|[from] Sandstorm\n|-damage|p2a: Charizard|66/100|[from] Sandstorm\n|upkeep\n|turn|7\n|\n|t:|1776142450\n|move|p2b: Venusaur|Energy Ball|p1b: Tyranitar\n|-supereffective|p1b: Tyranitar|1\n|-damage|p1b: Tyranitar|52/100 slp\n|cant|p1b: Tyranitar|slp\n|move|p1a: Sinistcha|Strength Sap|p2b: Venusaur\n|-unboost|p2b: Venusaur|atk|1\n|-heal|p1a: Sinistcha|85/100\n|move|p2a: Charizard|Heat Wave|p1a: Sinistcha|[spread] p1a\n|-miss|p2a: Charizard|p1b: Tyranitar\n|-supereffective|p1a: Sinistcha|1\n|-damage|p1a: Sinistcha|0 fnt\n|faint|p1a: Sinistcha\n|\n|-weather|Sandstorm|[upkeep]\n|-damage|p2b: Venusaur|36/100|[from] Sandstorm\n|-damage|p2a: Charizard|60/100|[from] Sandstorm\n|upkeep\n|turn|8\n|\n|t:|1776142472\n|move|p2b: Venusaur|Energy Ball|p1b: Tyranitar\n|-supereffective|p1b: Tyranitar|1\n|-crit|p1b: Tyranitar\n|-damage|p1b: Tyranitar|0 fnt\n|faint|p1b: Tyranitar\n|\n|win|wolfarren\n|raw|Captain Clean 13's rating: 1040 &rarr; <strong>1024</strong><br />(-16 for losing)\n|raw|wolfarren's rating: 1046 &rarr; <strong>1079</strong><br />(+33 for winning)\n|l|\u2606wolfarren\n|player|p2|\n|c|\u2606Captain Clean 13|alright then\n",
  "uploadtime": 1776142480,
  "views": 24,
  "formatid": "gen9championsvgc2026regma",
  "rating": 1024,
  "private": 0,
  "password": null
}