{
  "id": "gen9championsvgc2026regma-2587198946",
  "format": "[Gen 9 Champions] VGC 2026 Reg M-A",
  "players": [
    "reisterr",
    "CBKreme"
  ],
  "log": "|j|\u2606reisterr\n|j|\u2606CBKreme\n|t:|1776507811\n|gametype|doubles\n|player|p1|reisterr|265|1116\n|player|p2|CBKreme|interviewers|1037\n|gen|9\n|tier|[Gen 9 Champions] VGC 2026 Reg M-A\n|rated|\n|rule|Species Clause: Limit one of each Pok\u00e9mon\n|rule|Item Clause: Limit 1 of each item\n|clearpoke\n|poke|p1|Starmie, L50|\n|poke|p1|Talonflame, L50, M|\n|poke|p1|Incineroar, L50, M|\n|poke|p1|Quaquaval, L50, M|\n|poke|p1|Sinistcha, L50|\n|poke|p1|Farigiraf, L50, M|\n|poke|p2|Gardevoir, L50, F, shiny|\n|poke|p2|Ninetales-Alola, L50, F|\n|poke|p2|Froslass, L50, F, shiny|\n|poke|p2|Hatterene, L50, F|\n|poke|p2|Flapple, L50, F, shiny|\n|poke|p2|Gyarados, L50, M, shiny|\n|teampreview|4\n|inactive|Battle timer is ON: inactive players will automatically lose when time's up. (requested by CBKreme)\n|inactive|reisterr also wants the timer to be on.\n|\n|t:|1776507838\n|teamsize|p1|4\n|teamsize|p2|4\n|start\n|switch|p1a: Starmie|Starmie, L50|100/100\n|switch|p1b: Quaquaval|Quaquaval, L50, M|100/100\n|switch|p2a: Ninetales|Ninetales-Alola, L50, F|100/100\n|switch|p2b: Hatterene|Hatterene, L50, F|100/100\n|-weather|Snowscape|[from] ability: Snow Warning|[of] p2a: Ninetales\n|turn|1\n|inactive|reisterr has 30 seconds left.\n|inactive|CBKreme has 30 seconds left.\n|\n|t:|1776507881\n|detailschange|p1a: Starmie|Starmie-Mega, L50\n|-mega|p1a: Starmie|Starmie|Starminite\n|move|p2a: Ninetales|Aurora Veil|p2a: Ninetales\n|-sidestart|p2: CBKreme|move: Aurora Veil\n|move|p1a: Starmie|Liquidation|p2a: Ninetales\n|-damage|p2a: Ninetales|53/100\n|move|p1b: Quaquaval|Aqua Step|p2a: Ninetales\n|-damage|p2a: Ninetales|25/100\n|-boost|p1b: Quaquaval|spe|1\n|move|p2b: Hatterene|Trick Room|p2b: Hatterene\n|-fieldstart|move: Trick Room|[of] p2b: Hatterene\n|\n|-weather|Snowscape|[upkeep]\n|upkeep\n|turn|2\n|inactive|CBKreme has 30 seconds left.\n|\n|t:|1776507914\n|switch|p2a: Gyarados|Gyarados, L50, M, shiny|100/100\n|-ability|p2a: Gyarados|Intimidate|boost\n|-unboost|p1a: Starmie|atk|1\n|-unboost|p1b: Quaquaval|atk|1\n|move|p1b: Quaquaval|Protect|p1b: Quaquaval\n|-singleturn|p1b: Quaquaval|Protect\n|move|p2b: Hatterene|Dark Pulse|p1a: Starmie\n|-supereffective|p1a: Starmie|1\n|-damage|p1a: Starmie|37/100\n|move|p1a: Starmie|Liquidation|p2a: Gyarados\n|-resisted|p2a: Gyarados|1\n|-damage|p2a: Gyarados|80/100\n|\n|-weather|Snowscape|[upkeep]\n|upkeep\n|turn|3\n|\n|t:|1776507935\n|switch|p1a: Incineroar|Incineroar, L50, M|100/100\n|-ability|p1a: Incineroar|Intimidate|boost\n|-unboost|p2a: Gyarados|atk|1\n|-unboost|p2b: Hatterene|atk|1\n|switch|p1b: Farigiraf|Farigiraf, L50, M|100/100\n|move|p2b: Hatterene|Dark Pulse|p1a: Incineroar\n|-resisted|p1a: Incineroar|1\n|-damage|p1a: Incineroar|87/100\n|move|p2a: Gyarados|Roar|p1b: Farigiraf\n|drag|p1b: Quaquaval|Quaquaval, L50, M|100/100\n|\n|-weather|Snowscape|[upkeep]\n|-heal|p1a: Incineroar|93/100|[from] item: Leftovers\n|upkeep\n|turn|4\n|inactive|reisterr has 30 seconds left.\n|\n|t:|1776507962\n|move|p1a: Incineroar|Fake Out|p2b: Hatterene\n|-damage|p2b: Hatterene|93/100\n|cant|p2b: Hatterene|flinch\n|move|p2a: Gyarados|Waterfall|p1a: Incineroar\n|-supereffective|p1a: Incineroar|1\n|-damage|p1a: Incineroar|44/100\n|move|p1b: Quaquaval|Bulk Up|p1b: Quaquaval\n|-boost|p1b: Quaquaval|atk|1\n|-boost|p1b: Quaquaval|def|1\n|\n|-weather|Snowscape|[upkeep]\n|-heal|p1a: Incineroar|50/100|[from] item: Leftovers\n|upkeep\n|turn|5\n|\n|t:|1776507982\n|move|p2b: Hatterene|Calm Mind|p2b: Hatterene\n|-boost|p2b: Hatterene|spa|1\n|-boost|p2b: Hatterene|spd|1\n|move|p1a: Incineroar|Darkest Lariat|p2b: Hatterene\n|-damage|p2b: Hatterene|69/100\n|move|p1b: Quaquaval|Aqua Step|p2b: Hatterene\n|-damage|p2b: Hatterene|33/100\n|-boost|p1b: Quaquaval|spe|1\n|move|p2a: Gyarados|Roar|p1b: Quaquaval\n|drag|p1b: Farigiraf|Farigiraf, L50, M|100/100\n|\n|-weather|none\n|-heal|p1a: Incineroar|56/100|[from] item: Leftovers\n|-sideend|p2: CBKreme|move: Aurora Veil\n|-fieldend|move: Trick Room\n|upkeep\n|turn|6\n|\n|t:|1776508002\n|move|p2a: Gyarados|Waterfall|p1a: Incineroar\n|-supereffective|p1a: Incineroar|1\n|-damage|p1a: Incineroar|6/100\n|move|p1a: Incineroar|Darkest Lariat|p2b: Hatterene\n|-damage|p2b: Hatterene|0 fnt\n|faint|p2b: Hatterene\n|move|p1b: Farigiraf|Hyper Voice|p2a: Gyarados\n|-damage|p2a: Gyarados|39/100\n|\n|-heal|p1a: Incineroar|12/100|[from] item: Leftovers\n|upkeep\n|\n|t:|1776508015\n|switch|p2b: Ninetales|Ninetales-Alola, L50, F|25/100\n|-weather|Snowscape|[from] ability: Snow Warning|[of] p2b: Ninetales\n|turn|7\n|\n|t:|1776508026\n|move|p2b: Ninetales|Aurora Veil|p2b: Ninetales\n|-sidestart|p2: CBKreme|move: Aurora Veil\n|move|p2a: Gyarados|Waterfall|p1a: Incineroar\n|-supereffective|p1a: Incineroar|1\n|-damage|p1a: Incineroar|0 fnt\n|faint|p1a: Incineroar\n|move|p1b: Farigiraf|Hyper Voice|p2a: Gyarados|[spread] p2a,p2b\n|-damage|p2a: Gyarados|20/100\n|-damage|p2b: Ninetales|2/100\n|\n|-weather|Snowscape|[upkeep]\n|upkeep\n|\n|t:|1776508038\n|switch|p1a: Starmie|Starmie-Mega, L50|37/100\n|turn|8\n|\n|t:|1776508050\n|move|p1a: Starmie|Protect|p1a: Starmie\n|-singleturn|p1a: Starmie|Protect\n|move|p2b: Ninetales|Disable|p1b: Farigiraf\n|-start|p1b: Farigiraf|Disable|Hyper Voice\n|move|p2a: Gyarados|Thunder Wave|p1a: Starmie\n|-activate|p1a: Starmie|move: Protect\n|cant|p1b: Farigiraf|Disable|Hyper Voice\n|\n|-weather|Snowscape|[upkeep]\n|upkeep\n|turn|9\n|\n|t:|1776508071\n|move|p2b: Ninetales|Encore|p1a: Starmie\n|-start|p1a: Starmie|Encore\n|move|p1a: Starmie|Protect|p1a: Starmie\n|-singleturn|p1a: Starmie|Protect\n|move|p2a: Gyarados|Thunder Wave|p1b: Farigiraf\n|-status|p1b: Farigiraf|par\n|cant|p1b: Farigiraf|par\n|\n|-weather|Snowscape|[upkeep]\n|upkeep\n|turn|10\n|\n|t:|1776508086\n|switch|p1a: Quaquaval|Quaquaval, L50, M|100/100\n|move|p2b: Ninetales|Encore|p1b: Farigiraf\n|-start|p1b: Farigiraf|Encore\n|move|p2a: Gyarados|Thunder Wave|p1a: Quaquaval\n|-status|p1a: Quaquaval|par\n|cant|p1b: Farigiraf|Disable|Hyper Voice\n|\n|-weather|Snowscape|[upkeep]\n|upkeep\n|turn|11\n|inactive|CBKreme has 30 seconds left.\n|inactive|CBKreme has 20 seconds left.\n|\n|t:|1776508125\n|switch|p2b: Gardevoir|Gardevoir, L50, F, shiny|100/100\n|-ability|p2b: Gardevoir|Armor Tail|Trace|[from] ability: Trace|[of] p1b: Farigiraf\n|switch|p1b: Starmie|Starmie-Mega, L50|37/100\n|move|p2a: Gyarados|Waterfall|p1a: Quaquaval\n|-resisted|p1a: Quaquaval|1\n|-damage|p1a: Quaquaval|86/100 par\n|cant|p1a: Quaquaval|flinch\n|\n|-weather|none\n|-sideend|p2: CBKreme|move: Aurora Veil\n|upkeep\n|turn|12\n|\n|t:|1776508146\n|switch|p2a: Ninetales|Ninetales-Alola, L50, F|2/100\n|-weather|Snowscape|[from] ability: Snow Warning|[of] p2a: Ninetales\n|detailschange|p2b: Gardevoir|Gardevoir-Mega, L50, F, shiny\n|-mega|p2b: Gardevoir|Gardevoir|Gardevoirite\n|move|p1b: Starmie|Skill Swap|p1a: Quaquaval\n|-activate|p1b: Starmie|Skill Swap|||[of] p1a: Quaquaval\n|move|p2b: Gardevoir|Hyper Voice|p1b: Starmie|[spread] p1a,p1b\n|-supereffective|p1a: Quaquaval|1\n|-damage|p1a: Quaquaval|0 fnt\n|-damage|p1b: Starmie|0 fnt\n|faint|p1a: Quaquaval\n|faint|p1b: Starmie\n|\n|-weather|Snowscape|[upkeep]\n|upkeep\n|\n|t:|1776508157\n|switch|p1b: Farigiraf|Farigiraf, L50, M|100/100 par\n|turn|13\n|-message|reisterr forfeited.\n|\n|win|CBKreme\n|raw|reisterr's rating: 1116 &rarr; <strong>1085</strong><br />(-31 for losing)\n|raw|CBKreme's rating: 1037 &rarr; <strong>1079</strong><br />(+42 for winning)\n|l|\u2606reisterr\n|player|p1|\n",
  "uploadtime": 1776508175,
  "views": 27,
  "formatid": "gen9championsvgc2026regma",
  "rating": 1079,
  "private": 0,
  "password": null
}