{
  "id": "gen9championsvgc2026regma-2587872201",
  "format": "[Gen 9 Champions] VGC 2026 Reg M-A",
  "players": [
    "fallacy277",
    "ub student"
  ],
  "log": "|j|\u2606fallacy277\n|j|\u2606ub student\n|t:|1776572998\n|gametype|doubles\n|player|p1|fallacy277|2|1452\n|player|p2|ub student|101|1536\n|gen|9\n|tier|[Gen 9 Champions] VGC 2026 Reg M-A\n|rated|\n|rule|Species Clause: Limit one of each Pok\u00e9mon\n|rule|Item Clause: Limit 1 of each item\n|clearpoke\n|poke|p1|Charizard, L50, M|\n|poke|p1|Heliolisk, L50, F|\n|poke|p1|Farigiraf, L50, F|\n|poke|p1|Torkoal, L50, M|\n|poke|p1|Kangaskhan, L50, F|\n|poke|p1|Dragonite, L50, F|\n|poke|p2|Floette-Eternal, L50, F|\n|poke|p2|Talonflame, L50, F|\n|poke|p2|Basculegion, L50, M|\n|poke|p2|Garchomp, L50, F|\n|poke|p2|Rotom-Wash, L50|\n|poke|p2|Kingambit, L50, M|\n|teampreview|4\n|inactive|Battle timer is ON: inactive players will automatically lose when time's up. (requested by fallacy277)\n|inactive|ub student has 60 seconds left.\n|\n|t:|1776573031\n|teamsize|p1|4\n|teamsize|p2|4\n|start\n|switch|p1a: Farigiraf|Farigiraf, L50, F|100/100\n|switch|p1b: Kangaskhan|Kangaskhan, L50, F|100/100\n|switch|p2a: Kingambit|Kingambit, L50, M|100/100\n|switch|p2b: Garchomp|Garchomp, L50, F|100/100\n|turn|1\n|\n|t:|1776573045\n|detailschange|p1b: Kangaskhan|Kangaskhan-Mega, L50, F\n|-mega|p1b: Kangaskhan|Kangaskhan|Kangaskhanite\n|move|p2a: Kingambit|Protect|p2a: Kingambit\n|-singleturn|p2a: Kingambit|Protect\n|move|p2b: Garchomp|Earthquake|p1a: Farigiraf|[spread] p1a,p1b\n|-activate|p2a: Kingambit|move: Protect\n|-damage|p1a: Farigiraf|58/100\n|-damage|p1b: Kangaskhan|64/100\n|move|p1b: Kangaskhan|Low Kick|p2a: Kingambit\n|-activate|p2a: Kingambit|move: Protect\n|move|p1a: Farigiraf|Trick Room|p1a: Farigiraf\n|-fieldstart|move: Trick Room|[of] p1a: Farigiraf\n|\n|upkeep\n|turn|2\n|\n|t:|1776573062\n|switch|p1a: Torkoal|Torkoal, L50, M|100/100\n|-weather|SunnyDay|[from] ability: Drought|[of] p1a: Torkoal\n|switch|p2a: Rotom|Rotom-Wash, L50|100/100\n|move|p1b: Kangaskhan|Low Kick|p2a: Rotom\n|-damage|p2a: Rotom|92/100\n|-damage|p2a: Rotom|90/100\n|-hitcount|p2a: Rotom|2\n|move|p2b: Garchomp|Earthquake|p1a: Torkoal|[spread] p1a,p1b\n|-immune|p2a: Rotom|[from] ability: Levitate\n|-supereffective|p1a: Torkoal|1\n|-damage|p1a: Torkoal|35/100\n|-damage|p1b: Kangaskhan|25/100\n|\n|-weather|SunnyDay|[upkeep]\n|upkeep\n|turn|3\n|inactive|ub student has 30 seconds left.\n|\n|t:|1776573088\n|move|p1a: Torkoal|Protect|p1a: Torkoal\n|-singleturn|p1a: Torkoal|Protect\n|move|p2a: Rotom|Hydro Pump|p1b: Kangaskhan\n|-damage|p1b: Kangaskhan|5/100\n|move|p1b: Kangaskhan|Double-Edge|p2b: Garchomp\n|-damage|p2b: Garchomp|45/100\n|-damage|p1b: Kangaskhan|0 fnt|[from] ability: Rough Skin|[of] p2b: Garchomp\n|faint|p1b: Kangaskhan\n|-hitcount|p2b: Garchomp|1\n|move|p2b: Garchomp|Earthquake|p1a: Torkoal|[spread] \n|-activate|p1a: Torkoal|move: Protect\n|-immune|p2a: Rotom|[from] ability: Levitate\n|\n|-weather|SunnyDay|[upkeep]\n|upkeep\n|\n|t:|1776573100\n|switch|p1b: Farigiraf|Farigiraf, L50, F|58/100\n|turn|4\n|\n|t:|1776573105\n|move|p1a: Torkoal|Heat Wave|p2a: Rotom|[spread] p2a,p2b\n|-resisted|p2a: Rotom|1\n|-resisted|p2b: Garchomp|1\n|-damage|p2a: Rotom|65/100\n|-damage|p2b: Garchomp|15/100\n|move|p1b: Farigiraf|Hyper Voice|p2a: Rotom|[spread] p2a,p2b\n|-damage|p2a: Rotom|36/100\n|-damage|p2b: Garchomp|0 fnt\n|-enditem|p2a: Rotom|Sitrus Berry|[eat]\n|-heal|p2a: Rotom|61/100|[from] item: Sitrus Berry\n|faint|p2b: Garchomp\n|move|p2a: Rotom|Hydro Pump|p1b: Farigiraf|[miss]\n|-miss|p2a: Rotom|p1b: Farigiraf\n|\n|-weather|SunnyDay|[upkeep]\n|upkeep\n|\n|t:|1776573114\n|switch|p2b: Kingambit|Kingambit, L50, M|100/100\n|turn|5\n|\n|t:|1776573130\n|move|p2b: Kingambit|Protect|p2b: Kingambit\n|-singleturn|p2b: Kingambit|Protect\n|move|p1a: Torkoal|Heat Wave|p2a: Rotom|[spread] p2a\n|-activate|p2b: Kingambit|move: Protect\n|-resisted|p2a: Rotom|1\n|-damage|p2a: Rotom|34/100\n|move|p1b: Farigiraf|Hyper Voice|p2a: Rotom|[spread] p2a\n|-activate|p2b: Kingambit|move: Protect\n|-damage|p2a: Rotom|5/100\n|move|p2a: Rotom|Hydro Pump|p1a: Torkoal\n|-supereffective|p1a: Torkoal|1\n|-damage|p1a: Torkoal|0 fnt\n|faint|p1a: Torkoal\n|\n|-weather|SunnyDay|[upkeep]\n|-fieldend|move: Trick Room\n|upkeep\n|\n|t:|1776573143\n|switch|p1a: Heliolisk|Heliolisk, L50, F|100/100\n|turn|6\n|\n|t:|1776573152\n|move|p1a: Heliolisk|Weather Ball|p2b: Kingambit\n|-supereffective|p2b: Kingambit|1\n|-damage|p2b: Kingambit|0 fnt\n|faint|p2b: Kingambit\n|move|p2a: Rotom|Will-O-Wisp|p1a: Heliolisk\n|-status|p1a: Heliolisk|brn\n|move|p1b: Farigiraf|Hyper Voice|p2a: Rotom\n|-damage|p2a: Rotom|0 fnt\n|faint|p2a: Rotom\n|\n|-weather|none\n|-damage|p1a: Heliolisk|95/100 brn|[from] brn\n|upkeep\n|\n|t:|1776573160\n|switch|p2b: Floette|Floette-Eternal, L50, F|100/100\n|turn|7\n|\n|t:|1776573166\n|detailschange|p2b: Floette|Floette-Mega, L50, F\n|-mega|p2b: Floette|Floette|Floettite\n|-ability|p2b: Floette|Fairy Aura\n|move|p1a: Heliolisk|Weather Ball|p2b: Floette\n|-damage|p2b: Floette|81/100\n|move|p2b: Floette|Moonblast|p1b: Farigiraf\n|-damage|p1b: Farigiraf|0 fnt\n|faint|p1b: Farigiraf\n|\n|-damage|p1a: Heliolisk|89/100 brn|[from] brn\n|upkeep\n|turn|8\n|-message|fallacy277 forfeited.\n|\n|win|ub student\n|raw|fallacy277's rating: 1452 &rarr; <strong>1437</strong><br />(-15 for losing)\n|raw|ub student's rating: 1536 &rarr; <strong>1551</strong><br />(+15 for winning)\n|l|\u2606fallacy277\n|player|p1|\n|l|\u2606ub student\n|player|p2|\n",
  "uploadtime": 1776573195,
  "views": 16,
  "formatid": "gen9championsvgc2026regma",
  "rating": 1437,
  "private": 0,
  "password": null
}