{
  "id": "gen9championsvgc2026regma-2581845829",
  "format": "[Gen 9 Champions] VGC 2026 Reg M-A",
  "players": [
    "the xpurt",
    "FlutterGainz"
  ],
  "log": "|j|\u203dthe xpurt\n|j|\u2606FlutterGainz\n|t:|1776033207\n|gametype|doubles\n|player|p1|the xpurt|harlequin|1184\n|player|p2|FlutterGainz|ninjaboy|1252\n|gen|9\n|tier|[Gen 9 Champions] VGC 2026 Reg M-A\n|rated|\n|rule|Species Clause: Limit one of each Pok\u00e9mon\n|rule|Item Clause: Limit 1 of each item\n|clearpoke\n|poke|p1|Crabominable, L50, M|\n|poke|p1|Sinistcha, L50|\n|poke|p1|Ninetales-Alola, L50, F|\n|poke|p1|Hydrapple, L50, F|\n|poke|p1|Kingambit, L50, M|\n|poke|p1|Ditto, L50|\n|poke|p2|Pelipper, L50, M|\n|poke|p2|Kingambit, L50, M|\n|poke|p2|Glimmora, L50, M|\n|poke|p2|Dragonite, L50, M|\n|poke|p2|Basculegion, L50, M|\n|poke|p2|Sneasler, L50, M|\n|teampreview|4\n|\n|t:|1776033277\n|teamsize|p1|4\n|teamsize|p2|4\n|start\n|switch|p1a: Sinistcha|Sinistcha, L50, shiny|100/100\n|switch|p1b: Crabominable|Crabominable, L50, M|100/100\n|switch|p2a: Kingambit|Kingambit, L50, M|100/100\n|switch|p2b: Glimmora|Glimmora, L50, M|100/100\n|turn|1\n|\n|t:|1776033292\n|detailschange|p2b: Glimmora|Glimmora-Mega, L50, M\n|-mega|p2b: Glimmora|Glimmora|Glimmoranite\n|move|p1b: Crabominable|Protect|p1b: Crabominable\n|-singleturn|p1b: Crabominable|Protect\n|move|p2b: Glimmora|Sludge Bomb|p1b: Crabominable\n|-activate|p1b: Crabominable|move: Protect\n|move|p2a: Kingambit|Kowtow Cleave|p1a: Sinistcha\n|-supereffective|p1a: Sinistcha|1\n|-damage|p1a: Sinistcha|0 fnt\n|faint|p1a: Sinistcha\n|\n|upkeep\n|\n|t:|1776033303\n|switch|p1a: Ditto|Ditto, L50, shiny|100/100\n|-transform|p1a: Ditto|p2b: Glimmora|[from] ability: Imposter\n|turn|2\n|\n|t:|1776033339\n|detailschange|p1b: Crabominable|Crabominable-Mega, L50, M\n|-mega|p1b: Crabominable|Crabominable|Crabominite\n|move|p1a: Ditto|Earth Power|p2b: Glimmora\n|-supereffective|p2b: Glimmora|2\n|-damage|p2b: Glimmora|0 fnt\n|faint|p2b: Glimmora\n|move|p2a: Kingambit|Low Kick|p1b: Crabominable\n|-supereffective|p1b: Crabominable|1\n|-damage|p1b: Crabominable|28/100\n|move|p1b: Crabominable|Drain Punch|p2a: Kingambit\n|-supereffective|p2a: Kingambit|2\n|-damage|p2a: Kingambit|0 fnt\n|-heal|p1b: Crabominable|84/100|[from] drain|[of] p2a: Kingambit\n|faint|p2a: Kingambit\n|\n|upkeep\n|\n|t:|1776033350\n|switch|p2b: Sneasler|Sneasler, L50, M|100/100\n|switch|p2a: Pelipper|Pelipper, L50, M|100/100\n|-weather|RainDance|[from] ability: Drizzle|[of] p2a: Pelipper\n|turn|3\n|\n|t:|1776033361\n|move|p1a: Ditto|Earth Power|p2b: Sneasler\n|-supereffective|p2b: Sneasler|1\n|-crit|p2b: Sneasler\n|-enditem|p2b: Sneasler|Focus Sash\n|-damage|p2b: Sneasler|1/100\n|move|p2b: Sneasler|Close Combat|p1a: Ditto\n|-damage|p1a: Ditto|17/100\n|-unboost|p2b: Sneasler|def|1\n|-unboost|p2b: Sneasler|spd|1\n|move|p2a: Pelipper|Muddy Water|p1b: Crabominable|[spread] p1b\n|-miss|p2a: Pelipper|p1a: Ditto\n|-damage|p1b: Crabominable|54/100\n|-unboost|p1b: Crabominable|accuracy|1\n|move|p1b: Crabominable|Ice Hammer|p2a: Pelipper\n|-damage|p2a: Pelipper|5/100\n|-unboost|p1b: Crabominable|spe|1\n|\n|-weather|RainDance|[upkeep]\n|upkeep\n|turn|4\n|\n|t:|1776033401\n|switch|p1a: Hydrapple|Hydrapple, L50, F, shiny|100/100\n|-ability|p1a: Hydrapple|Supersweet Syrup\n|-unboost|p2a: Pelipper|evasion|1\n|-unboost|p2b: Sneasler|evasion|1\n|move|p2b: Sneasler|Protect|p2b: Sneasler\n|-singleturn|p2b: Sneasler|Protect\n|move|p1b: Crabominable|Protect|p1b: Crabominable\n|-singleturn|p1b: Crabominable|Protect\n|move|p2a: Pelipper|Muddy Water|p1b: Crabominable|[spread] \n|-activate|p1b: Crabominable|move: Protect\n|-miss|p2a: Pelipper|p1a: Hydrapple\n|\n|-weather|RainDance|[upkeep]\n|upkeep\n|turn|5\n|\n|t:|1776033420\n|move|p2b: Sneasler|Dire Claw|p1a: Hydrapple\n|-supereffective|p1a: Hydrapple|1\n|-damage|p1a: Hydrapple|23/100\n|move|p2a: Pelipper|Muddy Water|p1b: Crabominable|[spread] p1a,p1b\n|-resisted|p1a: Hydrapple|2\n|-damage|p1a: Hydrapple|15/100\n|-damage|p1b: Crabominable|25/100\n|-unboost|p1b: Crabominable|accuracy|1\n|move|p1a: Hydrapple|Energy Ball|p2b: Sneasler\n|-resisted|p2b: Sneasler|1\n|-damage|p2b: Sneasler|0 fnt\n|faint|p2b: Sneasler\n|move|p1b: Crabominable|Ice Hammer|p2a: Pelipper\n|-damage|p2a: Pelipper|0 fnt\n|-unboost|p1b: Crabominable|spe|1\n|faint|p2a: Pelipper\n|\n|win|the xpurt\n|raw|the xpurt's rating: 1184 &rarr; <strong>1214</strong><br />(+30 for winning)\n|raw|FlutterGainz's rating: 1252 &rarr; <strong>1222</strong><br />(-30 for losing)\n|l|\u2606FlutterGainz\n|player|p2|\n|l|\u203dthe xpurt\n|player|p1|\n|j|\u203dthe xpurt\n|player|p1|the xpurt|harlequin|\n",
  "uploadtime": 1776033443,
  "views": 36,
  "formatid": "gen9championsvgc2026regma",
  "rating": 1214,
  "private": 0,
  "password": null
}