{
  "id": "gen9championsvgc2026regma-2580813253",
  "format": "[Gen 9 Champions] VGC 2026 Reg M-A",
  "players": [
    "manubule",
    "lil HD"
  ],
  "log": "|j|\u203dmanubule\n|j|\u2606lil HD\n|t:|1775934562\n|gametype|doubles\n|player|p1|manubule|265|1048\n|player|p2|lil HD|fisherman-gen4|1064\n|gen|9\n|tier|[Gen 9 Champions] VGC 2026 Reg M-A\n|rated|\n|rule|Species Clause: Limit one of each Pok\u00e9mon\n|rule|Item Clause: Limit 1 of each item\n|clearpoke\n|poke|p1|Hatterene, L50, F|\n|poke|p1|Farigiraf, L50, F|\n|poke|p1|Camerupt, L50, M|\n|poke|p1|Incineroar, L50, M|\n|poke|p1|Conkeldurr, L50, M|\n|poke|p1|Sinistcha, L50|\n|poke|p2|Orthworm, L50, M|\n|poke|p2|Garchomp, L50, M|\n|poke|p2|Feraligatr, L50, M|\n|poke|p2|Incineroar, L50, F|\n|poke|p2|Rotom-Wash, L50|\n|poke|p2|Meowscarada, L50, M|\n|teampreview|4\n|\n|t:|1775934599\n|teamsize|p1|4\n|teamsize|p2|4\n|start\n|switch|p1a: Farigiraf|Farigiraf, L50, F|100/100\n|switch|p1b: Incineroar|Incineroar, L50, M|100/100\n|switch|p2a: Incineroar|Incineroar, L50, F|100/100\n|switch|p2b: Meowscarada|Meowscarada, L50, M|100/100\n|-ability|p2a: Incineroar|Intimidate|boost\n|-unboost|p1a: Farigiraf|atk|1\n|-unboost|p1b: Incineroar|atk|1\n|-ability|p1b: Incineroar|Intimidate|boost\n|-unboost|p2a: Incineroar|atk|1\n|-unboost|p2b: Meowscarada|atk|1\n|-enditem|p2b: Meowscarada|White Herb\n|-clearnegativeboost|p2b: Meowscarada|[silent]\n|turn|1\n|\n|t:|1775934618\n|move|p2a: Incineroar|Fake Out||[still]\n|cant|p1a: Farigiraf|ability: Armor Tail|Fake Out|[of] p2a: Incineroar\n|move|p1b: Incineroar|Fake Out|p2b: Meowscarada\n|-damage|p2b: Meowscarada|89/100\n|cant|p2b: Meowscarada|flinch\n|move|p1a: Farigiraf|Trick Room|p1a: Farigiraf\n|-fieldstart|move: Trick Room|[of] p1a: Farigiraf\n|\n|upkeep\n|turn|2\n|\n|t:|1775934637\n|move|p1a: Farigiraf|Hyper Voice|p2a: Incineroar|[spread] p2a,p2b\n|-damage|p2a: Incineroar|75/100\n|-damage|p2b: Meowscarada|51/100\n|move|p1b: Incineroar|Flare Blitz|p2b: Meowscarada\n|-supereffective|p2b: Meowscarada|1\n|-damage|p2b: Meowscarada|0 fnt\n|faint|p2b: Meowscarada\n|-damage|p1b: Incineroar|88/100|[from] Recoil\n|move|p2a: Incineroar|Darkest Lariat|p1a: Farigiraf\n|-supereffective|p1a: Farigiraf|1\n|-enditem|p1a: Farigiraf|Colbur Berry|[eat]\n|-enditem|p1a: Farigiraf|Colbur Berry|[weaken]\n|-damage|p1a: Farigiraf|83/100\n|\n|upkeep\n|\n|t:|1775934651\n|switch|p2b: Orthworm|Orthworm, L50, M|100/100\n|turn|3\n|\n|t:|1775934666\n|move|p1a: Farigiraf|Hyper Voice|p2b: Orthworm|[spread] p2a,p2b\n|-resisted|p2b: Orthworm|1\n|-damage|p2a: Incineroar|50/100\n|-damage|p2b: Orthworm|89/100\n|move|p1b: Incineroar|Flare Blitz|p2b: Orthworm\n|-supereffective|p2b: Orthworm|1\n|-damage|p2b: Orthworm|38/100\n|-enditem|p2b: Orthworm|Sitrus Berry|[eat]\n|-heal|p2b: Orthworm|63/100|[from] item: Sitrus Berry\n|-damage|p1b: Incineroar|73/100|[from] Recoil\n|move|p2b: Orthworm|Shed Tail|p2b: Orthworm\n|-start|p2b: Orthworm|Substitute|[from] move: Shed Tail\n|-damage|p2b: Orthworm|12/100\n|\n|t:|1775934678\n|switch|p2b: Feraligatr|Feraligatr, L50, M, shiny|100/100|[from] Shed Tail\n|move|p2a: Incineroar|Darkest Lariat|p1a: Farigiraf\n|-supereffective|p1a: Farigiraf|1\n|-damage|p1a: Farigiraf|48/100\n|\n|upkeep\n|turn|4\n|\n|t:|1775934701\n|detailschange|p2b: Feraligatr|Feraligatr-Mega, L50, M, shiny\n|-mega|p2b: Feraligatr|Feraligatr|Feraligite\n|move|p1a: Farigiraf|Hyper Voice|p2b: Feraligatr|[spread] p2a,p2b\n|-damage|p2a: Incineroar|25/100\n|-damage|p2b: Feraligatr|72/100\n|move|p1b: Incineroar|Parting Shot|p2b: Feraligatr\n|-unboost|p2b: Feraligatr|atk|1\n|-unboost|p2b: Feraligatr|spa|1\n|\n|t:|1775934708\n|switch|p1b: Hatterene|Hatterene, L50, F|100/100|[from] Parting Shot\n|move|p2a: Incineroar|Parting Shot|p1b: Hatterene\n|move|p1b: Hatterene|Parting Shot|p2a: Incineroar|[from] ability: Magic Bounce\n|-unboost|p2a: Incineroar|atk|1\n|-unboost|p2a: Incineroar|spa|1\n|\n|t:|1775934719\n|switch|p1b: Incineroar|Incineroar, L50, M|73/100|[from] Parting Shot\n|-ability|p1b: Incineroar|Intimidate|boost\n|-unboost|p2a: Incineroar|atk|1\n|-immune|p2b: Feraligatr\n|move|p2b: Feraligatr|Double-Edge|p1a: Farigiraf\n|-damage|p1a: Farigiraf|5/100\n|-damage|p2b: Feraligatr|52/100|[from] Recoil\n|\n|upkeep\n|turn|5\n|\n|t:|1775934741\n|switch|p2a: Orthworm|Orthworm, L50, M|12/100\n|move|p1a: Farigiraf|Hyper Voice|p2b: Feraligatr|[spread] p2a,p2b\n|-resisted|p2a: Orthworm|1\n|-damage|p2a: Orthworm|0 fnt\n|-damage|p2b: Feraligatr|22/100\n|faint|p2a: Orthworm\n|move|p1b: Incineroar|Parting Shot|p2b: Feraligatr\n|-unboost|p2b: Feraligatr|atk|1\n|-unboost|p2b: Feraligatr|spa|1\n|\n|t:|1775934749\n|switch|p1b: Hatterene|Hatterene, L50, F|100/100|[from] Parting Shot\n|move|p2b: Feraligatr|Dragon Dance|p2b: Feraligatr\n|-boost|p2b: Feraligatr|atk|1\n|-boost|p2b: Feraligatr|spe|1\n|\n|-fieldend|move: Trick Room\n|upkeep\n|\n|t:|1775934758\n|switch|p2a: Incineroar|Incineroar, L50, F|25/100\n|-ability|p2a: Incineroar|Intimidate|boost\n|-unboost|p1a: Farigiraf|atk|1\n|-unboost|p1b: Hatterene|atk|1\n|turn|6\n|\n|t:|1775934768\n|switch|p1a: Incineroar|Incineroar, L50, M|73/100\n|-ability|p1a: Incineroar|Intimidate|boost\n|-unboost|p2a: Incineroar|atk|1\n|-immune|p2b: Feraligatr\n|move|p2b: Feraligatr|Liquidation|p1b: Hatterene\n|-damage|p1b: Hatterene|58/100\n|move|p2a: Incineroar|Darkest Lariat|p1b: Hatterene\n|-damage|p1b: Hatterene|27/100\n|move|p1b: Hatterene|Trick Room|p1b: Hatterene\n|-fieldstart|move: Trick Room|[of] p1b: Hatterene\n|\n|upkeep\n|turn|7\n|l|\u2606lil HD\n|player|p2|\n|inactive|Battle timer is ON: inactive players will automatically lose when time's up. (requested by manubule)\n|inactive|lil HD has 30 seconds to reconnect!\n|inactive|lil HD has 20 seconds to reconnect!\n|inactive|lil HD has 15 seconds to reconnect!\n|inactive|lil HD has 10 seconds to reconnect!\n|inactive|lil HD has 5 seconds to reconnect!\n|-message|lil HD lost due to inactivity.\n|\n|win|manubule\n|raw|manubule's rating: 1048 &rarr; <strong>1082</strong><br />(+34 for winning)\n|raw|lil HD's rating: 1064 &rarr; <strong>1043</strong><br />(-21 for losing)\n",
  "uploadtime": 1775934926,
  "views": 19,
  "formatid": "gen9championsvgc2026regma",
  "rating": 1043,
  "private": 0,
  "password": null
}