{
  "id": "gen9championsvgc2026regma-2587836814",
  "format": "[Gen 9 Champions] VGC 2026 Reg M-A",
  "players": [
    "Weeb53",
    "Aolyvul"
  ],
  "log": "|j|\u2606Weeb53\n|j|\u2606Aolyvul\n|t:|1776569057\n|gametype|doubles\n|player|p1|Weeb53|ethan|1032\n|player|p2|Aolyvul|1|1074\n|gen|9\n|tier|[Gen 9 Champions] VGC 2026 Reg M-A\n|rated|\n|rule|Species Clause: Limit one of each Pok\u00e9mon\n|rule|Item Clause: Limit 1 of each item\n|clearpoke\n|poke|p1|Feraligatr, L50, M|\n|poke|p1|Sinistcha, L50|\n|poke|p1|Mamoswine, L50, F|\n|poke|p1|Milotic, L50, F|\n|poke|p1|Aggron, L50, F|\n|poke|p1|Pelipper, L50, F|\n|poke|p2|Dragonite, L50, F|\n|poke|p2|Pelipper, L50, M|\n|poke|p2|Basculegion, L50, M|\n|poke|p2|Garchomp, L50, M|\n|poke|p2|Sneasler, L50, M|\n|poke|p2|Rotom-Mow, L50, shiny|\n|teampreview|4\n|inactive|Battle timer is ON: inactive players will automatically lose when time's up. (requested by Weeb53)\n|\n|t:|1776569099\n|teamsize|p1|4\n|teamsize|p2|4\n|start\n|switch|p1a: Pelipper|Pelipper, L50, F|100/100\n|switch|p1b: Milotic|Milotic, L50, F|100/100\n|switch|p2a: Sneasler|Sneasler, L50, M|100/100\n|switch|p2b: Garchomp|Garchomp, L50, M|100/100\n|-weather|RainDance|[from] ability: Drizzle|[of] p1a: Pelipper\n|turn|1\n|\n|t:|1776569114\n|move|p1a: Pelipper|Protect|p1a: Pelipper\n|-singleturn|p1a: Pelipper|Protect\n|move|p2a: Sneasler|Fake Out|p1b: Milotic\n|-damage|p1b: Milotic|90/100\n|-status|p1b: Milotic|psn|[from] ability: Poison Touch|[of] p2a: Sneasler\n|move|p2b: Garchomp|Rock Slide|p1b: Milotic|[spread] p1b\n|-activate|p1a: Pelipper|move: Protect\n|-damage|p1b: Milotic|80/100 psn\n|cant|p1b: Milotic|flinch\n|\n|-weather|RainDance|[upkeep]\n|-heal|p1b: Milotic|86/100 psn|[from] item: Leftovers\n|-damage|p1b: Milotic|73/100 psn|[from] psn\n|upkeep\n|turn|2\n|\n|t:|1776569132\n|move|p2a: Sneasler|Dire Claw|p1b: Milotic\n|-damage|p1b: Milotic|52/100 psn\n|move|p2b: Garchomp|Rock Slide|p1b: Milotic|[spread] p1a,p1b\n|-supereffective|p1a: Pelipper|1\n|-damage|p1a: Pelipper|59/100\n|-damage|p1b: Milotic|41/100 psn\n|move|p1b: Milotic|Scald|p2a: Sneasler\n|-damage|p2a: Sneasler|41/100\n|-status|p2a: Sneasler|brn\n|move|p1a: Pelipper|Tailwind|p1a: Pelipper\n|-sidestart|p1: Weeb53|move: Tailwind\n|\n|-weather|RainDance|[upkeep]\n|-heal|p1b: Milotic|47/100 psn|[from] item: Leftovers\n|-damage|p1b: Milotic|35/100 psn|[from] psn\n|-damage|p2a: Sneasler|36/100 brn|[from] brn\n|upkeep\n|turn|3\n|\n|t:|1776569152\n|move|p2a: Sneasler|Protect|p2a: Sneasler\n|-singleturn|p2a: Sneasler|Protect\n|move|p1b: Milotic|Recover|p1b: Milotic\n|-heal|p1b: Milotic|85/100 psn\n|move|p1a: Pelipper|Hurricane|p2a: Sneasler\n|-activate|p2a: Sneasler|move: Protect\n|move|p2b: Garchomp|Rock Slide|p1a: Pelipper|[spread] p1a\n|-miss|p2b: Garchomp|p1b: Milotic\n|-supereffective|p1a: Pelipper|1\n|-damage|p1a: Pelipper|15/100\n|\n|-weather|RainDance|[upkeep]\n|-heal|p1b: Milotic|91/100 psn|[from] item: Leftovers\n|-damage|p1b: Milotic|78/100 psn|[from] psn\n|-damage|p2a: Sneasler|30/100 brn|[from] brn\n|upkeep\n|turn|4\n|inactive|Aolyvul has 30 seconds left.\n|\n|t:|1776569179\n|switch|p1b: Sinistcha|Sinistcha, L50|100/100\n|-heal|p1a: Pelipper|39/100|[from] ability: Hospitality|[of] p1b: Sinistcha\n|move|p2a: Sneasler|Protect||[still]\n|-fail|p2a: Sneasler\n|move|p1a: Pelipper|U-turn|p2a: Sneasler\n|-resisted|p2a: Sneasler|2\n|-damage|p2a: Sneasler|26/100 brn\n|\n|t:|1776569192\n|switch|p1a: Milotic|Milotic, L50, F|78/100 psn|[from] U-turn\n|move|p2b: Garchomp|Rock Slide|p1b: Sinistcha|[spread] p1a,p1b\n|-damage|p1a: Milotic|68/100 psn\n|-damage|p1b: Sinistcha|84/100\n|\n|-weather|RainDance|[upkeep]\n|-heal|p1a: Milotic|74/100 psn|[from] item: Leftovers\n|-damage|p1a: Milotic|62/100 psn|[from] psn\n|-damage|p2a: Sneasler|20/100 brn|[from] brn\n|upkeep\n|turn|5\n|\n|t:|1776569205\n|move|p2a: Sneasler|Protect|p2a: Sneasler\n|-singleturn|p2a: Sneasler|Protect\n|move|p2b: Garchomp|Protect|p2b: Garchomp\n|-singleturn|p2b: Garchomp|Protect\n|move|p1a: Milotic|Scald|p2b: Garchomp\n|-activate|p2b: Garchomp|move: Protect\n|move|p1b: Sinistcha|Matcha Gotcha|p2b: Garchomp|[spread] \n|-activate|p2a: Sneasler|move: Protect\n|-activate|p2b: Garchomp|move: Protect\n|\n|-weather|none\n|-heal|p1a: Milotic|68/100 psn|[from] item: Leftovers\n|-damage|p1a: Milotic|55/100 psn|[from] psn\n|-damage|p2a: Sneasler|15/100 brn|[from] brn\n|-sideend|p1: Weeb53|move: Tailwind\n|upkeep\n|turn|6\n|inactive|Weeb53 has 30 seconds left.\n|inactive|Aolyvul has 30 seconds left.\n|\n|t:|1776569235\n|move|p1b: Sinistcha|Protect|p1b: Sinistcha\n|-singleturn|p1b: Sinistcha|Protect\n|move|p2a: Sneasler|Dire Claw|p1b: Sinistcha\n|-activate|p1b: Sinistcha|move: Protect\n|move|p2b: Garchomp|Dragon Claw|p1a: Milotic\n|-damage|p1a: Milotic|36/100 psn\n|move|p1a: Milotic|Scald|p2a: Sneasler\n|-damage|p2a: Sneasler|0 fnt\n|faint|p2a: Sneasler\n|\n|-heal|p1a: Milotic|42/100 psn|[from] item: Leftovers\n|-damage|p1a: Milotic|29/100 psn|[from] psn\n|upkeep\n|\n|t:|1776569249\n|switch|p2a: Pelipper|Pelipper, L50, M|100/100\n|-weather|RainDance|[from] ability: Drizzle|[of] p2a: Pelipper\n|turn|7\n|\n|t:|1776569271\n|move|p2b: Garchomp|Dragon Claw|p1a: Milotic\n|-damage|p1a: Milotic|6/100 psn\n|move|p2a: Pelipper|Hurricane|p1b: Sinistcha\n|-supereffective|p1b: Sinistcha|1\n|-damage|p1b: Sinistcha|0 fnt\n|faint|p1b: Sinistcha\n|move|p1a: Milotic|Recover|p1a: Milotic\n|-heal|p1a: Milotic|56/100 psn\n|\n|-weather|RainDance|[upkeep]\n|-heal|p1a: Milotic|62/100 psn|[from] item: Leftovers\n|-damage|p1a: Milotic|50/100 psn|[from] psn\n|upkeep\n|\n|t:|1776569288\n|switch|p1b: Feraligatr|Feraligatr, L50, M|100/100\n|turn|8\n|\n|t:|1776569302\n|detailschange|p1b: Feraligatr|Feraligatr-Mega, L50, M\n|-mega|p1b: Feraligatr|Feraligatr|Feraligite\n|move|p2b: Garchomp|Dragon Claw|p1b: Feraligatr\n|-supereffective|p1b: Feraligatr|1\n|-damage|p1b: Feraligatr|17/100\n|move|p1b: Feraligatr|Body Slam|p2b: Garchomp\n|-supereffective|p2b: Garchomp|1\n|-crit|p2b: Garchomp\n|-damage|p2b: Garchomp|0 fnt\n|-damage|p1b: Feraligatr|4/100|[from] ability: Rough Skin|[of] p2b: Garchomp\n|faint|p2b: Garchomp\n|move|p2a: Pelipper|Tailwind|p2a: Pelipper\n|-sidestart|p2: Aolyvul|move: Tailwind\n|move|p1a: Milotic|Scald|p2a: Pelipper\n|-resisted|p2a: Pelipper|1\n|-damage|p2a: Pelipper|64/100\n|\n|-weather|RainDance|[upkeep]\n|-heal|p1a: Milotic|56/100 psn|[from] item: Leftovers\n|-damage|p1a: Milotic|44/100 psn|[from] psn\n|upkeep\n|\n|t:|1776569318\n|switch|p2b: Rotom|Rotom-Mow, L50, shiny|100/100\n|turn|9\n|\n|t:|1776569332\n|move|p1b: Feraligatr|Protect|p1b: Feraligatr\n|-singleturn|p1b: Feraligatr|Protect\n|move|p2b: Rotom|Thunder|p1a: Milotic\n|-supereffective|p1a: Milotic|1\n|-damage|p1a: Milotic|0 fnt\n|faint|p1a: Milotic\n|move|p2a: Pelipper|Hurricane|p1b: Feraligatr\n|-activate|p1b: Feraligatr|move: Protect\n|\n|-weather|RainDance|[upkeep]\n|upkeep\n|\n|t:|1776569341\n|switch|p1a: Pelipper|Pelipper, L50, F|39/100\n|turn|10\n|\n|t:|1776569349\n|move|p2b: Rotom|Thunder|p1a: Pelipper\n|-supereffective|p1a: Pelipper|2\n|-damage|p1a: Pelipper|0 fnt\n|faint|p1a: Pelipper\n|move|p2a: Pelipper|Hurricane|p1b: Feraligatr\n|-damage|p1b: Feraligatr|0 fnt\n|faint|p1b: Feraligatr\n|\n|win|Aolyvul\n|raw|Weeb53's rating: 1032 &rarr; <strong>1019</strong><br />(-13 for losing)\n|raw|Aolyvul's rating: 1074 &rarr; <strong>1099</strong><br />(+25 for winning)\n|l|\u2606Weeb53\n|player|p1|\n",
  "uploadtime": 1776569366,
  "views": 9,
  "formatid": "gen9championsvgc2026regma",
  "rating": 1019,
  "private": 0,
  "password": null
}