{
  "id": "gen9championsvgc2026regma-2584248231",
  "format": "[Gen 9 Champions] VGC 2026 Reg M-A",
  "players": [
    "infinite47zero",
    "weaknoobano"
  ],
  "log": "|j|\u2606infinite47zero\n|j|\u2606weaknoobano\n|t:|1776242974\n|gametype|doubles\n|player|p1|infinite47zero|lucas|1153\n|player|p2|weaknoobano|102|1222\n|gen|9\n|tier|[Gen 9 Champions] VGC 2026 Reg M-A\n|rated|\n|rule|Species Clause: Limit one of each Pok\u00e9mon\n|rule|Item Clause: Limit 1 of each item\n|clearpoke\n|poke|p1|Delphox, L50, F|\n|poke|p1|Sneasler, L50, M|\n|poke|p1|Sinistcha, L50|\n|poke|p1|Dragonite, L50, M|\n|poke|p1|Tyranitar, L50, M|\n|poke|p1|Skarmory, L50, M|\n|poke|p2|Venusaur, L50, M|\n|poke|p2|Charizard, L50, M|\n|poke|p2|Incineroar, L50, M|\n|poke|p2|Garchomp, L50, F|\n|poke|p2|Snorlax, L50, M|\n|poke|p2|Sinistcha, L50|\n|teampreview|4\n|inactive|Battle timer is ON: inactive players will automatically lose when time's up. (requested by infinite47zero)\n|inactive|infinite47zero has 60 seconds left.\n|inactive|weaknoobano has 60 seconds left.\n|inactive|infinite47zero has 30 seconds left.\n|\n|t:|1776243043\n|teamsize|p1|4\n|teamsize|p2|4\n|start\n|switch|p1a: Delphox|Delphox, L50, F|100/100\n|switch|p1b: Dragonite|Dragonite, L50, M|100/100\n|switch|p2a: Charizard|Charizard, L50, M|100/100\n|switch|p2b: Garchomp|Garchomp, L50, F|100/100\n|turn|1\n|inactive|infinite47zero has 30 seconds left.\n|inactive|infinite47zero has 20 seconds left.\n|inactive|infinite47zero has 15 seconds left.\n|\n|t:|1776243083\n|detailschange|p1a: Delphox|Delphox-Mega, L50, F\n|-mega|p1a: Delphox|Delphox|Delphoxite\n|move|p2a: Charizard|Protect|p2a: Charizard\n|-singleturn|p2a: Charizard|Protect\n|move|p2b: Garchomp|Rock Slide|p1b: Dragonite|[spread] p1a,p1b\n|-supereffective|p1a: Delphox|1\n|-supereffective|p1b: Dragonite|1\n|-damage|p1a: Delphox|39/100\n|-damage|p1b: Dragonite|62/100\n|cant|p1a: Delphox|flinch\n|move|p1b: Dragonite|Rock Slide|p2a: Charizard|[spread] p2b\n|-activate|p2a: Charizard|move: Protect\n|-resisted|p2b: Garchomp|1\n|-damage|p2b: Garchomp|90/100\n|\n|upkeep\n|turn|2\n|\n|t:|1776243106\n|switch|p2a: Incineroar|Incineroar, L50, M|100/100\n|-ability|p2a: Incineroar|Intimidate|boost\n|-unboost|p1a: Delphox|atk|1\n|-fail|p1b: Dragonite|unboost|Attack|[from] ability: Inner Focus|[of] p1b: Dragonite\n|move|p1a: Delphox|Protect|p1a: Delphox\n|-singleturn|p1a: Delphox|Protect\n|move|p2b: Garchomp|Rock Slide|p1b: Dragonite|[spread] p1b\n|-activate|p1a: Delphox|move: Protect\n|-supereffective|p1b: Dragonite|1\n|-damage|p1b: Dragonite|28/100\n|move|p1b: Dragonite|Tailwind|p1b: Dragonite\n|-sidestart|p1: infinite47zero|move: Tailwind\n|\n|upkeep\n|turn|3\n|inactive|weaknoobano has 30 seconds left.\n|\n|t:|1776243146\n|switch|p1a: Tyranitar|Tyranitar, L50, M|100/100\n|-weather|Sandstorm|[from] ability: Sand Stream|[of] p1a: Tyranitar\n|move|p2a: Incineroar|Fake Out|p1a: Tyranitar\n|-resisted|p1a: Tyranitar|1\n|-damage|p1a: Tyranitar|96/100\n|move|p2b: Garchomp|Rock Slide|p1a: Tyranitar|[spread] p1a,p1b\n|-supereffective|p1b: Dragonite|1\n|-damage|p1a: Tyranitar|79/100\n|-damage|p1b: Dragonite|0 fnt\n|faint|p1b: Dragonite\n|\n|-weather|Sandstorm|[upkeep]\n|-damage|p2a: Incineroar|95/100|[from] Sandstorm\n|upkeep\n|\n|t:|1776243161\n|switch|p1b: Delphox|Delphox-Mega, L50, F|39/100\n|turn|4\n|\n|t:|1776243179\n|move|p1b: Delphox|Dazzling Gleam|p2b: Garchomp|[spread] p2a,p2b\n|-supereffective|p2b: Garchomp|1\n|-damage|p2a: Incineroar|74/100\n|-damage|p2b: Garchomp|37/100\n|move|p1a: Tyranitar|Rock Slide|p2b: Garchomp|[spread] p2a,p2b\n|-supereffective|p2a: Incineroar|1\n|-resisted|p2b: Garchomp|1\n|-damage|p2a: Incineroar|27/100\n|-damage|p2b: Garchomp|22/100\n|cant|p2b: Garchomp|flinch\n|move|p2a: Incineroar|Parting Shot|p1a: Tyranitar\n|-unboost|p1a: Tyranitar|atk|1\n|-unboost|p1a: Tyranitar|spa|1\n|\n|t:|1776243192\n|switch|p2a: Charizard|Charizard, L50, M|100/100|[from] Parting Shot\n|\n|-weather|Sandstorm|[upkeep]\n|-damage|p1b: Delphox|33/100|[from] Sandstorm\n|-damage|p2a: Charizard|95/100|[from] Sandstorm\n|upkeep\n|turn|5\n|inactive|infinite47zero has 30 seconds left.\n|\n|t:|1776243221\n|switch|p2b: Incineroar|Incineroar, L50, M|27/100\n|-ability|p2b: Incineroar|Intimidate|boost\n|-unboost|p1a: Tyranitar|atk|1\n|-unboost|p1b: Delphox|atk|1\n|move|p2a: Charizard|Protect|p2a: Charizard\n|-singleturn|p2a: Charizard|Protect\n|move|p1b: Delphox|Psychic|p2a: Charizard\n|-activate|p2a: Charizard|move: Protect\n|move|p1a: Tyranitar|Rock Slide|p2b: Incineroar|[spread] p2b\n|-activate|p2a: Charizard|move: Protect\n|-supereffective|p2b: Incineroar|1\n|-damage|p2b: Incineroar|2/100\n|\n|-weather|Sandstorm|[upkeep]\n|-damage|p1b: Delphox|27/100|[from] Sandstorm\n|-damage|p2a: Charizard|89/100|[from] Sandstorm\n|-damage|p2b: Incineroar|0 fnt|[from] Sandstorm\n|faint|p2b: Incineroar\n|-sideend|p1: infinite47zero|move: Tailwind\n|upkeep\n|\n|t:|1776243235\n|switch|p2b: Garchomp|Garchomp, L50, F|22/100\n|turn|6\n|inactive|infinite47zero has 30 seconds left.\n|\n|t:|1776243263\n|detailschange|p2a: Charizard|Charizard-Mega-Y, L50, M\n|-mega|p2a: Charizard|Charizard|Charizardite Y\n|-weather|SunnyDay|[from] ability: Drought|[of] p2a: Charizard\n|move|p2b: Garchomp|Dragon Claw|p1b: Delphox\n|-damage|p1b: Delphox|0 fnt\n|faint|p1b: Delphox\n|move|p1a: Tyranitar|Rock Slide|p2a: Charizard|[spread] p2a,p2b\n|-supereffective|p2a: Charizard|2\n|-resisted|p2b: Garchomp|1\n|-damage|p2a: Charizard|9/100\n|-damage|p2b: Garchomp|14/100\n|move|p2a: Charizard|Solar Beam||[still]\n|-prepare|p2a: Charizard|Solar Beam\n|-anim|p2a: Charizard|Solar Beam|p1a: Tyranitar\n|-supereffective|p1a: Tyranitar|1\n|-damage|p1a: Tyranitar|0 fnt\n|faint|p1a: Tyranitar\n|\n|-weather|SunnyDay|[upkeep]\n|upkeep\n|\n|t:|1776243268\n|switch|p1b: Sneasler|Sneasler, L50, M|100/100\n|turn|7\n|inactive|infinite47zero has 30 seconds left.\n|inactive|infinite47zero has 20 seconds left.\n|inactive|infinite47zero has 15 seconds left.\n|inactive|infinite47zero has 10 seconds left.\n|\n|t:|1776243317\n|move|p2b: Garchomp|Dragon Claw|p1b: Sneasler\n|-damage|p1b: Sneasler|29/100\n|move|p1b: Sneasler|Dire Claw|p2a: Charizard\n|-damage|p2a: Charizard|0 fnt\n|faint|p2a: Charizard\n|\n|-weather|SunnyDay|[upkeep]\n|upkeep\n|\n|t:|1776243325\n|switch|p2a: Venusaur|Venusaur, L50, M|100/100\n|turn|8\n|\n|t:|1776243331\n|move|p2b: Garchomp|Dragon Claw|p1b: Sneasler\n|-damage|p1b: Sneasler|0 fnt\n|faint|p1b: Sneasler\n|\n|win|weaknoobano\n|raw|infinite47zero's rating: 1153 &rarr; <strong>1133</strong><br />(-20 for losing)\n|raw|weaknoobano's rating: 1222 &rarr; <strong>1242</strong><br />(+20 for winning)\n|l|\u2606infinite47zero\n|player|p1|\n",
  "uploadtime": 1776243340,
  "views": 29,
  "formatid": "gen9championsvgc2026regma",
  "rating": 1133,
  "private": 0,
  "password": null
}