{
  "id": "gen9championsvgc2026regma-2583764029",
  "format": "[Gen 9 Champions] VGC 2026 Reg M-A",
  "players": [
    "rocci",
    "klefkivan"
  ],
  "log": "|j|\u2606rocci\n|j|\u2606klefkivan\n|t:|1776196103\n|gametype|doubles\n|player|p1|rocci|beauty-gen4dp|1120\n|player|p2|klefkivan|flannery|1149\n|gen|9\n|tier|[Gen 9 Champions] VGC 2026 Reg M-A\n|rated|\n|rule|Species Clause: Limit one of each Pok\u00e9mon\n|rule|Item Clause: Limit 1 of each item\n|clearpoke\n|poke|p1|Sylveon, L50, F|\n|poke|p1|Slowbro, L50, M|\n|poke|p1|Tyranitar, L50, M|\n|poke|p1|Farigiraf, L50, F|\n|poke|p1|Clefable, L50, F|\n|poke|p1|Conkeldurr, L50, M|\n|poke|p2|Glimmora, L50, M|\n|poke|p2|Talonflame, L50, F|\n|poke|p2|Garchomp, L50, F|\n|poke|p2|Rotom-Wash, L50|\n|poke|p2|Gardevoir, L50, M|\n|poke|p2|Incineroar, L50, M|\n|teampreview|4\n|inactive|Battle timer is ON: inactive players will automatically lose when time's up. (requested by rocci)\n|\n|t:|1776196157\n|teamsize|p1|4\n|teamsize|p2|4\n|start\n|switch|p1a: Slowbro|Slowbro, L50, M|100/100\n|switch|p1b: Sylveon|Sylveon, L50, F|100/100\n|switch|p2a: Incineroar|Incineroar, L50, M|100/100\n|switch|p2b: Talonflame|Talonflame, L50, F|100/100\n|-ability|p2a: Incineroar|Intimidate|boost\n|-fail|p1a: Slowbro|unboost|Attack|[from] ability: Oblivious|[of] p1a: Slowbro\n|-unboost|p1b: Sylveon|atk|1\n|turn|1\n|\n|t:|1776196173\n|switch|p1b: Farigiraf|Farigiraf, L50, F|100/100\n|detailschange|p1a: Slowbro|Slowbro-Mega, L50, M\n|-mega|p1a: Slowbro|Slowbro|Slowbronite\n|move|p2a: Incineroar|Fake Out||[still]\n|cant|p1b: Farigiraf|ability: Armor Tail|Fake Out|[of] p2a: Incineroar\n|move|p2b: Talonflame|Taunt|p1a: Slowbro\n|-start|p1a: Slowbro|move: Taunt\n|cant|p1a: Slowbro|move: Taunt|Trick Room\n|\n|upkeep\n|turn|2\n|inactive|rocci has 30 seconds left.\n|inactive|klefkivan has 30 seconds left.\n|\n|t:|1776196214\n|switch|p1b: Tyranitar|Tyranitar, L50, M|100/100\n|-weather|Sandstorm|[from] ability: Sand Stream|[of] p1b: Tyranitar\n|move|p2b: Talonflame|Taunt|p1b: Tyranitar\n|-start|p1b: Tyranitar|move: Taunt\n|move|p2a: Incineroar|Parting Shot|p1a: Slowbro\n|-unboost|p1a: Slowbro|atk|1\n|-unboost|p1a: Slowbro|spa|1\n|\n|t:|1776196222\n|switch|p2a: Rotom|Rotom-Wash, L50|100/100|[from] Parting Shot\n|move|p1a: Slowbro|Scald|p2a: Rotom\n|-resisted|p2a: Rotom|1\n|-damage|p2a: Rotom|88/100\n|-status|p2a: Rotom|brn\n|\n|-weather|Sandstorm|[upkeep]\n|-damage|p2b: Talonflame|95/100|[from] Sandstorm\n|-damage|p2a: Rotom|82/100 brn|[from] Sandstorm\n|-damage|p1a: Slowbro|95/100|[from] Sandstorm\n|-damage|p2a: Rotom|76/100 brn|[from] brn\n|upkeep\n|turn|3\n|\n|t:|1776196245\n|switch|p2b: Incineroar|Incineroar, L50, M|100/100\n|-ability|p2b: Incineroar|Intimidate|boost\n|-unboost|p1a: Slowbro|atk|1\n|-unboost|p1b: Tyranitar|atk|1\n|move|p2a: Rotom|Thunderbolt|p1a: Slowbro\n|-supereffective|p1a: Slowbro|1\n|-damage|p1a: Slowbro|22/100\n|move|p1b: Tyranitar|Rock Slide|p2a: Rotom|[spread] p2a,p2b\n|-supereffective|p2b: Incineroar|1\n|-damage|p2a: Rotom|58/100 brn\n|-damage|p2b: Incineroar|58/100\n|move|p1a: Slowbro|Scald|p2b: Incineroar\n|-supereffective|p2b: Incineroar|1\n|-damage|p2b: Incineroar|21/100\n|\n|-weather|Sandstorm|[upkeep]\n|-damage|p2a: Rotom|53/100 brn|[from] Sandstorm\n|-damage|p2b: Incineroar|15/100|[from] Sandstorm\n|-damage|p1a: Slowbro|16/100|[from] Sandstorm\n|-damage|p2a: Rotom|47/100 brn|[from] brn\n|-end|p1a: Slowbro|move: Taunt\n|upkeep\n|-enditem|p2a: Rotom|Sitrus Berry|[eat]\n|-heal|p2a: Rotom|72/100 brn|[from] item: Sitrus Berry\n|turn|4\n|\n|t:|1776196268\n|switch|p1a: Farigiraf|Farigiraf, L50, F|100/100\n|move|p2b: Incineroar|Fake Out||[still]\n|cant|p1a: Farigiraf|ability: Armor Tail|Fake Out|[of] p2b: Incineroar\n|move|p2a: Rotom|Will-O-Wisp|p1b: Tyranitar|[miss]\n|-miss|p2a: Rotom|p1b: Tyranitar\n|move|p1b: Tyranitar|Rock Slide|p2a: Rotom|[spread] p2a,p2b\n|-supereffective|p2b: Incineroar|1\n|-damage|p2a: Rotom|53/100 brn\n|-damage|p2b: Incineroar|0 fnt\n|faint|p2b: Incineroar\n|\n|-weather|Sandstorm|[upkeep]\n|-damage|p2a: Rotom|47/100 brn|[from] Sandstorm\n|-damage|p1a: Farigiraf|94/100|[from] Sandstorm\n|-damage|p2a: Rotom|41/100 brn|[from] brn\n|-end|p1b: Tyranitar|move: Taunt\n|upkeep\n|\n|t:|1776196279\n|switch|p2b: Talonflame|Talonflame, L50, F|95/100\n|turn|5\n|\n|t:|1776196296\n|switch|p1b: Sylveon|Sylveon, L50, F|100/100\n|move|p2b: Talonflame|Taunt|p1a: Farigiraf\n|-start|p1a: Farigiraf|move: Taunt\n|move|p2a: Rotom|Hydro Pump|p1b: Sylveon|[miss]\n|-miss|p2a: Rotom|p1b: Sylveon\n|move|p1a: Farigiraf|Psychic|p2a: Rotom\n|-damage|p2a: Rotom|5/100 brn\n|\n|-weather|Sandstorm|[upkeep]\n|-damage|p2b: Talonflame|89/100|[from] Sandstorm\n|-damage|p2a: Rotom|0 fnt|[from] Sandstorm\n|-damage|p1a: Farigiraf|88/100|[from] Sandstorm\n|-damage|p1b: Sylveon|95/100|[from] Sandstorm\n|faint|p2a: Rotom\n|upkeep\n|\n|t:|1776196300\n|switch|p2a: Glimmora|Glimmora, L50, M|100/100\n|turn|6\n|inactive|rocci has 30 seconds left.\n|\n|t:|1776196332\n|detailschange|p2a: Glimmora|Glimmora-Mega, L50, M\n|-mega|p2a: Glimmora|Glimmora|Glimmoranite\n|move|p2a: Glimmora|Spiky Shield|p2a: Glimmora\n|-singleturn|p2a: Glimmora|move: Protect\n|move|p1b: Sylveon|Protect|p1b: Sylveon\n|-singleturn|p1b: Sylveon|Protect\n|move|p2b: Talonflame|Dual Wingbeat|p1a: Farigiraf\n|-damage|p1a: Farigiraf|74/100\n|-damage|p1a: Farigiraf|59/100\n|-hitcount|p1a: Farigiraf|2\n|move|p1a: Farigiraf|Psychic|p2a: Glimmora\n|-activate|p2a: Glimmora|move: Protect\n|\n|-weather|none\n|upkeep\n|turn|7\n|\n|t:|1776196354\n|switch|p1b: Tyranitar|Tyranitar, L50, M|100/100\n|-weather|Sandstorm|[from] ability: Sand Stream|[of] p1b: Tyranitar\n|move|p2b: Talonflame|Dual Wingbeat|p1a: Farigiraf\n|-damage|p1a: Farigiraf|45/100\n|-enditem|p1a: Farigiraf|Sitrus Berry|[eat]\n|-heal|p1a: Farigiraf|70/100|[from] item: Sitrus Berry\n|-damage|p1a: Farigiraf|56/100\n|-hitcount|p1a: Farigiraf|2\n|move|p2a: Glimmora|Sludge Bomb|p1b: Tyranitar\n|-resisted|p1b: Tyranitar|1\n|-damage|p1b: Tyranitar|77/100\n|-status|p1b: Tyranitar|psn\n|move|p1a: Farigiraf|Psychic|p2a: Glimmora\n|-supereffective|p2a: Glimmora|1\n|-damage|p2a: Glimmora|51/100\n|\n|-weather|Sandstorm|[upkeep]\n|-damage|p2b: Talonflame|84/100|[from] Sandstorm\n|-damage|p1a: Farigiraf|50/100|[from] Sandstorm\n|-damage|p1b: Tyranitar|65/100 psn|[from] psn\n|-end|p1a: Farigiraf|move: Taunt\n|upkeep\n|turn|8\n|\n|t:|1776196376\n|move|p1a: Farigiraf|Helping Hand|p1b: Tyranitar\n|-singleturn|p1b: Tyranitar|Helping Hand|[of] p1a: Farigiraf\n|move|p2a: Glimmora|Spiky Shield|p2a: Glimmora\n|-singleturn|p2a: Glimmora|move: Protect\n|move|p2b: Talonflame|Dual Wingbeat|p1a: Farigiraf\n|-damage|p1a: Farigiraf|36/100\n|-damage|p1a: Farigiraf|22/100\n|-hitcount|p1a: Farigiraf|2\n|move|p1b: Tyranitar|Rock Slide|p2b: Talonflame|[spread] p2b\n|-activate|p2a: Glimmora|move: Protect\n|-supereffective|p2b: Talonflame|2\n|-damage|p2b: Talonflame|0 fnt\n|faint|p2b: Talonflame\n|\n|-weather|Sandstorm|[upkeep]\n|-damage|p1a: Farigiraf|16/100|[from] Sandstorm\n|-damage|p1b: Tyranitar|53/100 psn|[from] psn\n|upkeep\n|turn|9\n|\n|t:|1776196396\n|move|p2a: Glimmora|Sludge Bomb|p1a: Farigiraf\n|-damage|p1a: Farigiraf|0 fnt\n|faint|p1a: Farigiraf\n|move|p1b: Tyranitar|Iron Head|p2a: Glimmora\n|-supereffective|p2a: Glimmora|1\n|-damage|p2a: Glimmora|0 fnt\n|faint|p2a: Glimmora\n|\n|win|rocci\n|raw|rocci's rating: 1120 &rarr; <strong>1147</strong><br />(+27 for winning)\n|raw|klefkivan's rating: 1149 &rarr; <strong>1122</strong><br />(-27 for losing)\n",
  "uploadtime": 1776196399,
  "views": 45,
  "formatid": "gen9championsvgc2026regma",
  "rating": 1122,
  "private": 0,
  "password": null
}