{
  "id": "gen9championsvgc2026regma-2581356301",
  "format": "[Gen 9 Champions] VGC 2026 Reg M-A",
  "players": [
    "comprestrict",
    "IfIFindJessie"
  ],
  "log": "|j|\u2606comprestrict\n|j|\u2606IfIFindJessie\n|t:|1775991036\n|gametype|doubles\n|player|p1|comprestrict|101|1065\n|player|p2|IfIFindJessie|miku-ghost|1000\n|gen|9\n|tier|[Gen 9 Champions] VGC 2026 Reg M-A\n|rated|\n|rule|Species Clause: Limit one of each Pok\u00e9mon\n|rule|Item Clause: Limit 1 of each item\n|clearpoke\n|poke|p1|Ceruledge, L50, F|\n|poke|p1|Manectric, L50, M|\n|poke|p1|Samurott-Hisui, L50, F|\n|poke|p1|Volcarona, L50, F|\n|poke|p1|Empoleon, L50, M|\n|poke|p1|Gengar, L50, F|\n|poke|p2|Glimmora, L50, F|\n|poke|p2|Samurott-Hisui, L50, M|\n|poke|p2|Sneasler, L50, F|\n|poke|p2|Mimikyu, L50, M|\n|poke|p2|Gengar, L50, F|\n|poke|p2|Incineroar, L50, F|\n|teampreview|4\n|inactive|Battle timer is ON: inactive players will automatically lose when time's up. (requested by comprestrict)\n|\n|t:|1775991067\n|teamsize|p1|4\n|teamsize|p2|4\n|start\n|switch|p1a: Ceruledge|Ceruledge, L50, F|100/100\n|switch|p1b: Empoleon|Empoleon, L50, M|100/100\n|switch|p2a: Glimmora|Glimmora, L50, F|100/100\n|switch|p2b: Samurott|Samurott-Hisui, L50, M|100/100\n|turn|1\n|inactive|comprestrict has 30 seconds left.\n|\n|t:|1775991095\n|detailschange|p2a: Glimmora|Glimmora-Mega, L50, F\n|-mega|p2a: Glimmora|Glimmora|Glimmoranite\n|move|p1a: Ceruledge|Bitter Blade|p2a: Glimmora\n|-resisted|p2a: Glimmora|1\n|-damage|p2a: Glimmora|74/100\n|move|p2a: Glimmora|Power Gem|p1a: Ceruledge\n|-supereffective|p1a: Ceruledge|1\n|-enditem|p1a: Ceruledge|Focus Sash\n|-damage|p1a: Ceruledge|1/100\n|move|p2b: Samurott|Ceaseless Edge|p1b: Empoleon\n|-damage|p1b: Empoleon|39/100\n|-sidestart|p1: comprestrict|Spikes\n|move|p1b: Empoleon|Flash Cannon|p2a: Glimmora\n|-supereffective|p2a: Glimmora|1\n|-damage|p2a: Glimmora|0 fnt\n|faint|p2a: Glimmora\n|\n|-heal|p1b: Empoleon|45/100|[from] item: Leftovers\n|upkeep\n|\n|t:|1775991115\n|switch|p2a: Mimikyu|Mimikyu, L50, M|100/100\n|turn|2\n|inactive|comprestrict has 30 seconds left.\n|\n|t:|1775991143\n|move|p1a: Ceruledge|Shadow Sneak|p2a: Mimikyu\n|-activate|p2a: Mimikyu|ability: Disguise\n|-damage|p2a: Mimikyu|100/100\n|detailschange|p2a: Mimikyu|Mimikyu-Busted, L50, M\n|-damage|p2a: Mimikyu|89/100|[from] pokemon: Mimikyu-Busted\n|move|p2a: Mimikyu|Swords Dance|p2a: Mimikyu\n|-boost|p2a: Mimikyu|atk|2\n|move|p2b: Samurott|Ceaseless Edge|p1b: Empoleon|[miss]\n|-miss|p2b: Samurott|p1b: Empoleon\n|move|p1b: Empoleon|Flash Cannon|p2a: Mimikyu\n|-supereffective|p2a: Mimikyu|1\n|-damage|p2a: Mimikyu|0 fnt\n|faint|p2a: Mimikyu\n|\n|-heal|p1b: Empoleon|51/100|[from] item: Leftovers\n|upkeep\n|\n|t:|1775991157\n|switch|p2a: Sneasler|Sneasler, L50, F|100/100\n|turn|3\n|\n|t:|1775991168\n|move|p1b: Empoleon|Protect|p1b: Empoleon\n|-singleturn|p1b: Empoleon|Protect\n|move|p2a: Sneasler|Fake Out|p1b: Empoleon\n|-activate|p1b: Empoleon|move: Protect\n|move|p1a: Ceruledge|Destiny Bond|p1a: Ceruledge\n|-singlemove|p1a: Ceruledge|Destiny Bond\n|move|p2b: Samurott|Ceaseless Edge|p1a: Ceruledge\n|-supereffective|p1a: Ceruledge|1\n|-damage|p1a: Ceruledge|0 fnt\n|-sidestart|p1: comprestrict|Spikes\n|faint|p1a: Ceruledge\n|-activate|p1a: Ceruledge|move: Destiny Bond\n|faint|p2b: Samurott\n|\n|-heal|p1b: Empoleon|57/100|[from] item: Leftovers\n|upkeep\n|\n|t:|1775991179\n|switch|p1a: Manectric|Manectric, L50, M|100/100\n|-damage|p1a: Manectric|84/100|[from] Spikes\n|turn|4\n|\n|t:|1775991184\n|detailschange|p1a: Manectric|Manectric-Mega, L50, M\n|-mega|p1a: Manectric|Manectric|Manectite\n|-ability|p1a: Manectric|Intimidate|boost\n|-unboost|p2a: Sneasler|atk|1\n|move|p1a: Manectric|Thunderbolt|p2a: Sneasler\n|-damage|p2a: Sneasler|28/100\n|move|p2a: Sneasler|Close Combat|p1b: Empoleon\n|-supereffective|p1b: Empoleon|1\n|-damage|p1b: Empoleon|0 fnt\n|-unboost|p2a: Sneasler|def|1\n|-unboost|p2a: Sneasler|spd|1\n|faint|p1b: Empoleon\n|\n|upkeep\n|\n|t:|1775991192\n|switch|p1b: Volcarona|Volcarona, L50, F|100/100\n|-damage|p1b: Volcarona|84/100|[from] Spikes\n|turn|5\n|\n|t:|1775991197\n|move|p1a: Manectric|Thunderbolt|p2a: Sneasler\n|-damage|p2a: Sneasler|0 fnt\n|faint|p2a: Sneasler\n|\n|win|comprestrict\n|raw|comprestrict's rating: 1065 &rarr; <strong>1090</strong><br />(+25 for winning)\n|raw|IfIFindJessie's rating: 1000 &rarr; <strong>1000</strong><br />(+0 for losing)\n|l|\u2606IfIFindJessie\n|player|p2|\n|l|\u2606comprestrict\n|player|p1|\n|j|\u2606comprestrict\n|player|p1|comprestrict|101|\n",
  "uploadtime": 1775991387,
  "views": 24,
  "formatid": "gen9championsvgc2026regma",
  "rating": 1000,
  "private": 0,
  "password": null
}