{
  "id": "gen9championsvgc2026regma-2581293586",
  "format": "[Gen 9 Champions] VGC 2026 Reg M-A",
  "players": [
    "lilJesus07",
    "33daan"
  ],
  "log": "|j|\u2606lilJesus07\n|j|\u260633daan\n|t:|1775982495\n|gametype|doubles\n|player|p1|lilJesus07|brawly|1332\n|player|p2|33daan|101|1256\n|gen|9\n|tier|[Gen 9 Champions] VGC 2026 Reg M-A\n|rated|\n|rule|Species Clause: Limit one of each Pok\u00e9mon\n|rule|Item Clause: Limit 1 of each item\n|clearpoke\n|poke|p1|Corviknight, L50, F|\n|poke|p1|Arcanine-Hisui, L50, F|\n|poke|p1|Kommo-o, L50, F|\n|poke|p1|Drampa, L50, M|\n|poke|p1|Farigiraf, L50, M|\n|poke|p1|Sinistcha, L50|\n|poke|p2|Incineroar, L50, F|\n|poke|p2|Farigiraf, L50, M|\n|poke|p2|Torkoal, L50, F|\n|poke|p2|Golurk, L50|\n|poke|p2|Gardevoir, L50, F|\n|poke|p2|Sinistcha, L50|\n|teampreview|4\n|inactive|Battle timer is ON: inactive players will automatically lose when time's up. (requested by lilJesus07)\n|j| gE1xjZRtuhW2DdT0AK\n|inactive|lilJesus07 has 60 seconds left.\n|inactive|33daan has 60 seconds left.\n|\n|t:|1775982542\n|teamsize|p1|4\n|teamsize|p2|4\n|start\n|switch|p1a: Drampa|Drampa, L50, M|100/100\n|switch|p1b: Farigiraf|Farigiraf, L50, M|100/100\n|switch|p2a: Sinistcha|Sinistcha, L50|100/100\n|switch|p2b: Gardevoir|Gardevoir, L50, F|100/100\n|-ability|p1a: Drampa|Cloud Nine\n|turn|1\n|\n|t:|1775982567\n|switch|p1a: Arcanine|Arcanine-Hisui, L50, F, shiny|100/100\n|-ability|p1a: Arcanine|Intimidate|boost\n|-unboost|p2a: Sinistcha|atk|1\n|-unboost|p2b: Gardevoir|atk|1\n|detailschange|p2b: Gardevoir|Gardevoir-Mega, L50, F\n|-mega|p2b: Gardevoir|Gardevoir|Gardevoirite\n|move|p2b: Gardevoir|Hyper Voice|p1a: Arcanine|[spread] p1a,p1b\n|-resisted|p1a: Arcanine|1\n|-damage|p1a: Arcanine|66/100\n|-damage|p1b: Farigiraf|45/100\n|move|p2a: Sinistcha|Matcha Gotcha|p1b: Farigiraf|[spread] p1a,p1b\n|-damage|p1a: Arcanine|31/100\n|-damage|p1b: Farigiraf|12/100\n|move|p1b: Farigiraf|Foul Play|p2a: Sinistcha\n|-supereffective|p2a: Sinistcha|1\n|-damage|p2a: Sinistcha|80/100\n|\n|upkeep\n|turn|2\n|inactive|33daan has 30 seconds left.\n|inactive|33daan has 20 seconds left.\n|inactive|33daan has 15 seconds left.\n|\n|t:|1775982610\n|move|p1b: Farigiraf|Helping Hand|p1a: Arcanine\n|-singleturn|p1a: Arcanine|Helping Hand|[of] p1b: Farigiraf\n|move|p2a: Sinistcha|Rage Powder|p2a: Sinistcha\n|-singleturn|p2a: Sinistcha|move: Rage Powder\n|move|p1a: Arcanine|Rock Slide|p2b: Gardevoir|[spread] p2a,p2b\n|-damage|p2a: Sinistcha|38/100\n|-damage|p2b: Gardevoir|47/100\n|-enditem|p2a: Sinistcha|Sitrus Berry|[eat]\n|-heal|p2a: Sinistcha|62/100|[from] item: Sitrus Berry\n|move|p2b: Gardevoir|Trick Room|p2b: Gardevoir\n|-fieldstart|move: Trick Room|[of] p2b: Gardevoir\n|\n|upkeep\n|turn|3\n|inactive|lilJesus07 has 30 seconds left.\n|\n|t:|1775982640\n|move|p1b: Farigiraf|Helping Hand|p1a: Arcanine\n|-singleturn|p1a: Arcanine|Helping Hand|[of] p1b: Farigiraf\n|move|p1a: Arcanine|Extreme Speed|p2b: Gardevoir\n|-crit|p2b: Gardevoir\n|-damage|p2b: Gardevoir|0 fnt\n|faint|p2b: Gardevoir\n|move|p2a: Sinistcha|Matcha Gotcha|p1b: Farigiraf|[spread] p1a\n|-miss|p2a: Sinistcha|p1b: Farigiraf\n|-damage|p1a: Arcanine|0 fnt\n|-heal|p2a: Sinistcha|77/100|[from] drain|[of] p1a: Arcanine\n|faint|p1a: Arcanine\n|\n|upkeep\n|inactive|33daan has 30 seconds left.\n|inactive|33daan has 20 seconds left.\n|inactive|33daan has 15 seconds left.\n|\n|t:|1775982683\n|switch|p2b: Golurk|Golurk, L50|100/100\n|switch|p1a: Drampa|Drampa, L50, M|100/100\n|-ability|p1a: Drampa|Cloud Nine\n|turn|4\n|\n|t:|1775982699\n|detailschange|p1a: Drampa|Drampa-Mega, L50, M\n|-mega|p1a: Drampa|Drampa|Drampanite\n|move|p1a: Drampa|Draco Meteor|p2a: Sinistcha\n|-damage|p2a: Sinistcha|0 fnt\n|-unboost|p1a: Drampa|spa|2\n|faint|p2a: Sinistcha\n|move|p1b: Farigiraf|Foul Play|p2b: Golurk\n|-supereffective|p2b: Golurk|1\n|-damage|p2b: Golurk|22/100\n|move|p2b: Golurk|Ice Punch|p1a: Drampa\n|-supereffective|p1a: Drampa|1\n|-damage|p1a: Drampa|41/100\n|-ability|p1a: Drampa|Berserk|boost\n|-boost|p1a: Drampa|spa|1\n|\n|upkeep\n|\n|t:|1775982707\n|switch|p2a: Torkoal|Torkoal, L50, F|100/100\n|-weather|SunnyDay|[from] ability: Drought|[of] p2a: Torkoal\n|turn|5\n|inactive|lilJesus07 has 30 seconds left.\n|\n|t:|1775982737\n|switch|p1b: Sinistcha|Sinistcha, L50|100/100\n|-heal|p1a: Drampa|66/100|[from] ability: Hospitality|[of] p1b: Sinistcha\n|move|p2a: Torkoal|Eruption|p1a: Drampa|[spread] p1a,p1b\n|-resisted|p1a: Drampa|1\n|-supereffective|p1b: Sinistcha|1\n|-damage|p1a: Drampa|30/100\n|-damage|p1b: Sinistcha|0 fnt\n|faint|p1b: Sinistcha\n|-ability|p1a: Drampa|Berserk|boost\n|-boost|p1a: Drampa|spa|1\n|move|p1a: Drampa|Draco Meteor|p2b: Golurk\n|-damage|p2b: Golurk|0 fnt\n|-unboost|p1a: Drampa|spa|2\n|faint|p2b: Golurk\n|\n|-weather|SunnyDay|[upkeep]\n|upkeep\n|\n|t:|1775982751\n|switch|p1b: Farigiraf|Farigiraf, L50, M|12/100\n|turn|6\n|\n|t:|1775982772\n|move|p1a: Drampa|Protect|p1a: Drampa\n|-singleturn|p1a: Drampa|Protect\n|move|p2a: Torkoal|Eruption|p1b: Farigiraf|[spread] p1b\n|-activate|p1a: Drampa|move: Protect\n|-damage|p1b: Farigiraf|0 fnt\n|faint|p1b: Farigiraf\n|\n|-weather|SunnyDay|[upkeep]\n|-fieldend|move: Trick Room\n|upkeep\n|turn|7\n|\n|t:|1775982781\n|move|p1a: Drampa|Draco Meteor|p2a: Torkoal\n|-damage|p2a: Torkoal|46/100\n|-unboost|p1a: Drampa|spa|2\n|move|p2a: Torkoal|Heat Wave|p1a: Drampa\n|-resisted|p1a: Drampa|1\n|-damage|p1a: Drampa|0 fnt\n|faint|p1a: Drampa\n|\n|win|33daan\n|raw|lilJesus07's rating: 1332 &rarr; <strong>1308</strong><br />(-24 for losing)\n|raw|33daan's rating: 1256 &rarr; <strong>1286</strong><br />(+30 for winning)\n|l|\u260633daan\n|player|p2|\n|l|\u2606lilJesus07\n|player|p1|\n",
  "uploadtime": 1775982853,
  "views": 32,
  "formatid": "gen9championsvgc2026regma",
  "rating": 1286,
  "private": 0,
  "password": null
}