{
  "id": "gen9championsvgc2026regma-2587527221",
  "format": "[Gen 9 Champions] VGC 2026 Reg M-A",
  "players": [
    "Cello L.",
    "mynamegrassgreen"
  ],
  "log": "|j|\u2606Cello L.\n|j|\u2606mynamegrassgreen\n|t:|1776539455\n|gametype|doubles\n|player|p1|Cello L.|cynthia-gen4|\n|player|p2|mynamegrassgreen|preschooler|\n|gen|9\n|tier|[Gen 9 Champions] VGC 2026 Reg M-A\n|rated|Tournament battle\n|rule|Species Clause: Limit one of each Pok\u00e9mon\n|rule|Item Clause: Limit 1 of each item\n|raw|<div class=\"infobox\"><details class=\"readmore\" open><summary><strong>1 custom rule:</strong></summary> Force Open Team Sheets</details></div>\n|clearpoke\n|poke|p1|Floette-Eternal, L50, F|\n|poke|p1|Tyranitar, L50, M|\n|poke|p1|Sneasler, L50, M|\n|poke|p1|Palafin, L50, M|\n|poke|p1|Incineroar, L50, F|\n|poke|p1|Sinistcha-Masterpiece, L50|\n|poke|p2|Kommo-o, L50, F|\n|poke|p2|Gengar, L50, F|\n|poke|p2|Whimsicott, L50, F|\n|poke|p2|Sinistcha-Masterpiece, L50|\n|poke|p2|Incineroar, L50, F|\n|poke|p2|Tyranitar, L50, M|\n|teampreview|4\n|showteam|p1|Floette-Eternal||Floettite|FlowerVeil|Moonblast,DazzlingGleam,CalmMind,Protect|||F|||50|]Tyranitar||LumBerry|SandStream|RockSlide,KnockOff,LowKick,Protect|||M|||50|]Sneasler||WhiteHerb|Unburden|CloseCombat,DireClaw,FakeOut,Protect|||M|||50|]Palafin||MysticWater|ZerotoHero|WaveCrash,JetPunch,Haze,Protect|||M|||50|]Incineroar||ChopleBerry|Intimidate|FlareBlitz,HelpingHand,FakeOut,PartingShot|||F|||50|]Sinistcha-Masterpiece||SitrusBerry|Hospitality|MatchaGotcha,RagePowder,LifeDew,TrickRoom||||||50|\n|showteam|p2|Kommo-o||Leftovers|Overcoat|ClangorousSoul,ClangingScales,AuraSphere,Protect|||F|||50|]Gengar||Gengarite|CursedBody|ShadowBall,PerishSong,Substitute,Protect|||F|||50|]Whimsicott||FocusSash|Prankster|Moonblast,Encore,Tailwind,Protect|||F|||50|]Sinistcha-Masterpiece||SitrusBerry|Hospitality|MatchaGotcha,RagePowder,TrickRoom,StrengthSap||||||50|]Incineroar||ShucaBerry|Intimidate|FakeOut,FlareBlitz,Protect,PartingShot|||F|||50|]Tyranitar||ChoiceScarf|SandStream|RockSlide,KnockOff,StoneEdge,LowKick|||M|||50|\n|j| lSuis\n|j| Laskhoo\n|j| joaoruben\n|j| whizz whoosh\n|c|\u2606mynamegrassgreen|glhf\n|c|\u2606Cello L.|glhf\n|j| maxdeesevgc\n|c|\u2606mynamegrassgreen|funnily my first floette whole run\n|l| maxdeesevgc\n|j| maxdeesevgc\n|j| matheusman10\n|l| whizz whoosh\n|\n|t:|1776539499\n|teamsize|p1|4\n|teamsize|p2|4\n|start\n|switch|p1a: Ebb and Flow|Palafin, L50, M|100/100\n|switch|p1b: Killer Stairs|Sneasler, L50, M|100/100\n|switch|p2a: Stay with me... \ud83c\udfb5|Gengar, L50, F|100/100\n|switch|p2b: thinking of name|Tyranitar, L50, M|100/100\n|-weather|Sandstorm|[from] ability: Sand Stream|[of] p2b: thinking of name\n|turn|1\n|j| whizz whoosh\n|l| whizz whoosh\n|\n|t:|1776539536\n|switch|p2b: beer|Sinistcha-Masterpiece, L50|100/100\n|detailschange|p1a: Ebb and Flow|Palafin-Hero, L50, M\n|switch|p1a: Tyranocif|Tyranitar, L50, M|100/100\n|detailschange|p2a: Stay with me... \ud83c\udfb5|Gengar-Mega, L50, F\n|-mega|p2a: Stay with me... \ud83c\udfb5|Gengar|Gengarite\n|move|p2a: Stay with me... \ud83c\udfb5|Shadow Ball|p1b: Killer Stairs\n|-damage|p1b: Killer Stairs|39/100\n|-unboost|p1b: Killer Stairs|spd|1\n|-enditem|p1b: Killer Stairs|White Herb\n|-clearnegativeboost|p1b: Killer Stairs|[silent]\n|move|p1b: Killer Stairs|Close Combat|p2b: beer\n|-immune|p2b: beer\n|\n|-weather|Sandstorm|[upkeep]\n|-damage|p1b: Killer Stairs|33/100|[from] Sandstorm\n|-damage|p2a: Stay with me... \ud83c\udfb5|94/100|[from] Sandstorm\n|-damage|p2b: beer|94/100|[from] Sandstorm\n|upkeep\n|turn|2\n|j| whizz whoosh\n|\n|t:|1776539560\n|switch|p2a: The King|Incineroar, L50, F|100/100\n|-ability|p2a: The King|Intimidate|boost\n|-unboost|p1a: Tyranocif|atk|1\n|-unboost|p1b: Killer Stairs|atk|1\n|move|p1b: Killer Stairs|Dire Claw|p2b: beer\n|-damage|p2b: beer|66/100\n|-status|p2b: beer|par\n|move|p1a: Tyranocif|Rock Slide|p2a: The King|[spread] p2a,p2b\n|-supereffective|p2a: The King|1\n|-damage|p2a: The King|65/100\n|-damage|p2b: beer|47/100 par\n|-enditem|p2b: beer|Sitrus Berry|[eat]\n|-heal|p2b: beer|71/100 par|[from] item: Sitrus Berry\n|cant|p2b: beer|flinch\n|\n|-weather|Sandstorm|[upkeep]\n|-damage|p1b: Killer Stairs|27/100|[from] Sandstorm\n|-damage|p2a: The King|59/100|[from] Sandstorm\n|-damage|p2b: beer|65/100 par|[from] Sandstorm\n|upkeep\n|turn|3\n|j| bosspark1737376\n|\n|t:|1776539583\n|move|p2a: The King|Fake Out|p1b: Killer Stairs\n|-damage|p1b: Killer Stairs|9/100\n|cant|p1b: Killer Stairs|flinch\n|move|p1a: Tyranocif|Rock Slide|p2b: beer|[spread] p2a,p2b\n|-supereffective|p2a: The King|1\n|-damage|p2a: The King|22/100\n|-damage|p2b: beer|47/100 par\n|cant|p2b: beer|flinch\n|\n|-weather|Sandstorm|[upkeep]\n|-damage|p1b: Killer Stairs|4/100|[from] Sandstorm\n|-damage|p2a: The King|16/100|[from] Sandstorm\n|-damage|p2b: beer|40/100 par|[from] Sandstorm\n|upkeep\n|turn|4\n|l| bosspark1737376\n|c|\u2606mynamegrassgreen|vro\n|\n|t:|1776539602\n|switch|p2a: thinking of name|Tyranitar, L50, M|100/100\n|move|p1b: Killer Stairs|Dire Claw|p2a: thinking of name\n|-resisted|p2a: thinking of name|1\n|-damage|p2a: thinking of name|87/100\n|move|p1a: Tyranocif|Rock Slide|p2a: thinking of name|[spread] p2a,p2b\n|-damage|p2a: thinking of name|65/100\n|-damage|p2b: beer|21/100 par\n|move|p2b: beer|Strength Sap|p1a: Tyranocif\n|-unboost|p1a: Tyranocif|atk|1\n|-heal|p2b: beer|98/100 par\n|\n|-weather|Sandstorm|[upkeep]\n|-damage|p1b: Killer Stairs|0 fnt|[from] Sandstorm\n|-damage|p2b: beer|92/100 par|[from] Sandstorm\n|faint|p1b: Killer Stairs\n|upkeep\n|\n|t:|1776539610\n|switch|p1b: Heir|Floette-Eternal, L50, F|100/100\n|turn|5\n|l| Laskhoo\n|\n|t:|1776539624\n|detailschange|p1b: Heir|Floette-Mega, L50, F\n|-mega|p1b: Heir|Floette|Floettite\n|-ability|p1b: Heir|Fairy Aura\n|move|p1a: Tyranocif|Protect|p1a: Tyranocif\n|-singleturn|p1a: Tyranocif|Protect\n|move|p2a: thinking of name|Rock Slide|p1b: Heir|[spread] p1b\n|-activate|p1a: Tyranocif|move: Protect\n|-damage|p1b: Heir|68/100\n|move|p1b: Heir|Dazzling Gleam|p2a: thinking of name|[spread] p2a,p2b\n|-supereffective|p2a: thinking of name|1\n|-crit|p2a: thinking of name\n|-damage|p2a: thinking of name|0 fnt\n|-damage|p2b: beer|47/100 par\n|faint|p2a: thinking of name\n|move|p2b: beer|Matcha Gotcha|p1b: Heir|[spread] p1b\n|-activate|p1a: Tyranocif|move: Protect\n|-damage|p1b: Heir|51/100\n|-heal|p2b: beer|56/100 par|[from] drain|[of] p1b: Heir\n|\n|-weather|none\n|upkeep\n|\n|t:|1776539636\n|switch|p2a: The King|Incineroar, L50, F|16/100\n|-ability|p2a: The King|Intimidate|boost\n|-unboost|p1a: Tyranocif|atk|1\n|-unboost|p1b: Heir|atk|1\n|turn|6\n|\n|t:|1776539648\n|switch|p2a: Stay with me... \ud83c\udfb5|Gengar-Mega, L50, F|94/100\n|move|p1b: Heir|Dazzling Gleam|p2b: beer|[spread] p2a,p2b\n|-resisted|p2a: Stay with me... \ud83c\udfb5|1\n|-damage|p2a: Stay with me... \ud83c\udfb5|66/100\n|-damage|p2b: beer|7/100 par\n|move|p1a: Tyranocif|Knock Off|p2b: beer\n|-supereffective|p2b: beer|1\n|-damage|p2b: beer|0 fnt\n|faint|p2b: beer\n|\n|upkeep\n|\n|t:|1776539658\n|switch|p2b: The King|Incineroar, L50, F|16/100\n|-ability|p2b: The King|Intimidate|boost\n|-unboost|p1a: Tyranocif|atk|1\n|-unboost|p1b: Heir|atk|1\n|turn|7\n|\n|t:|1776539668\n|move|p2b: The King|Fake Out|p1a: Tyranocif\n|-resisted|p1a: Tyranocif|1\n|-damage|p1a: Tyranocif|96/100\n|move|p2a: Stay with me... \ud83c\udfb5|Shadow Ball|p1b: Heir\n|-damage|p1b: Heir|18/100\n|move|p1b: Heir|Dazzling Gleam|p2b: The King|[spread] p2a,p2b\n|-resisted|p2a: Stay with me... \ud83c\udfb5|1\n|-damage|p2a: Stay with me... \ud83c\udfb5|40/100\n|-damage|p2b: The King|0 fnt\n|faint|p2b: The King\n|cant|p1a: Tyranocif|flinch\n|\n|upkeep\n|turn|8\n|c|\u2606mynamegrassgreen|thats however\n|\n|t:|1776539677\n|move|p2a: Stay with me... \ud83c\udfb5|Shadow Ball|p1b: Heir\n|-damage|p1b: Heir|0 fnt\n|faint|p1b: Heir\n|move|p1a: Tyranocif|Knock Off|p2a: Stay with me... \ud83c\udfb5\n|-supereffective|p2a: Stay with me... \ud83c\udfb5|1\n|-damage|p2a: Stay with me... \ud83c\udfb5|7/100\n|\n|upkeep\n|c|\u2606mynamegrassgreen|ggs\n|\n|t:|1776539680\n|switch|p1b: Ebb and Flow|Palafin-Hero, L50, M|100/100\n|-activate|p1b: Ebb and Flow|ability: Zero to Hero\n|turn|9\n|c|\u2606mynamegrassgreen|wp\n|c|\u2606Cello L.|ggwp\n|l| whizz whoosh\n|\n|t:|1776539706\n|move|p1b: Ebb and Flow|Jet Punch|p2a: Stay with me... \ud83c\udfb5\n|-damage|p2a: Stay with me... \ud83c\udfb5|0 fnt\n|faint|p2a: Stay with me... \ud83c\udfb5\n|\n|win|Cello L.\n|n|\u2606Cello L.|cellol\n|n|\u2606mynamegrassgreen|mynamegrassgreen\n|n| lSuis|lsuis\n|n| joaoruben|joaoruben\n|n| maxdeesevgc|maxdeesevgc\n|n| matheusman10|matheusman10\n|l|\u2606mynamegrassgreen\n|player|p2|\n|l| matheusman10\n|l| joaoruben\n|l| lSuis\n|l| maxdeesevgc\n",
  "uploadtime": 1776539706,
  "views": 14,
  "formatid": "gen9championsvgc2026regma",
  "rating": null,
  "private": 0,
  "password": null
}