{
  "id": "gen9championsvgc2026regma-2581858671",
  "format": "[Gen 9 Champions] VGC 2026 Reg M-A",
  "players": [
    "BunyaminZ",
    "defiantvgc"
  ],
  "log": "|j|\u2606BunyaminZ\n|j|\u2606defiantvgc\n|t:|1776034310\n|gametype|doubles\n|player|p1|BunyaminZ|archer|\n|player|p2|defiantvgc|spark-casual|\n|gen|9\n|tier|[Gen 9 Champions] VGC 2026 Reg M-A\n|rated|Tournament battle\n|rule|Species Clause: Limit one of each Pok\u00e9mon\n|rule|Item Clause: Limit 1 of each item\n|clearpoke\n|poke|p1|Froslass, L50, F|\n|poke|p1|Rotom-Wash, L50|\n|poke|p1|Garchomp, L50, F|\n|poke|p1|Incineroar, L50, F|\n|poke|p1|Sinistcha, L50|\n|poke|p1|Scizor, L50, M|\n|poke|p2|Glimmora, L50, F|\n|poke|p2|Incineroar, L50, M|\n|poke|p2|Kommo-o, L50, F|\n|poke|p2|Whimsicott, L50, M|\n|poke|p2|Ninetales-Alola, L50, M|\n|poke|p2|Rotom-Wash, L50|\n|teampreview|4\n|j| Carrielis\n|j| aceb1904\n|c|\u2606BunyaminZ|oh yay glimmora\n|j| jongseobs 1 fanboy\n|c|\u2606BunyaminZ|I love glimmora\nBunyaminZ rejected open team sheets.\n|l| aceb1904\n|j| Sttuarrt\n|j| someone#58\n|j|%Tb0lt\n|l| jongseobs 1 fanboy\n|j| randomuser0000\n|j| aurora ltd\n|j| H4irashi\n|\n|t:|1776034408\n|teamsize|p1|4\n|teamsize|p2|4\n|start\n|switch|p1a: Rotom|Rotom-Wash, L50|100/100\n|switch|p1b: Scizor|Scizor, L50, M|100/100\n|switch|p2a: Rotom|Rotom-Wash, L50|100/100\n|switch|p2b: Ninetales|Ninetales-Alola, L50, M|100/100\n|-weather|Snowscape|[from] ability: Snow Warning|[of] p2b: Ninetales\n|turn|1\n|inactive|Battle timer is ON: inactive players will automatically lose when time's up. (requested by BunyaminZ)\n|j| Luigi Magnezone\n|l| Luigi Magnezone\n|\n|t:|1776034422\n|move|p2b: Ninetales|Blizzard|p1b: Scizor|[spread] p1a,p1b\n|-resisted|p1a: Rotom|1\n|-resisted|p1b: Scizor|1\n|-damage|p1a: Rotom|86/100\n|-damage|p1b: Scizor|82/100\n|move|p2a: Rotom|Will-O-Wisp|p1b: Scizor\n|-status|p1b: Scizor|brn\n|move|p1a: Rotom|Nasty Plot|p1a: Rotom\n|-boost|p1a: Rotom|spa|2\n|move|p1b: Scizor|Swords Dance|p1b: Scizor\n|-boost|p1b: Scizor|atk|2\n|\n|-weather|Snowscape|[upkeep]\n|-heal|p1a: Rotom|92/100|[from] item: Leftovers\n|-damage|p1b: Scizor|76/100 brn|[from] brn\n|upkeep\n|turn|2\n|\n|t:|1776034428\n|move|p1b: Scizor|Bullet Punch|p2b: Ninetales\n|-supereffective|p2b: Ninetales|2\n|-enditem|p2b: Ninetales|Focus Sash\n|-damage|p2b: Ninetales|1/100\n|move|p2b: Ninetales|Icy Wind|p1b: Scizor|[spread] p1a,p1b\n|-resisted|p1a: Rotom|1\n|-resisted|p1b: Scizor|1\n|-crit|p1b: Scizor\n|-damage|p1a: Rotom|85/100\n|-damage|p1b: Scizor|61/100 brn\n|-unboost|p1a: Rotom|spe|1\n|-unboost|p1b: Scizor|spe|1\n|move|p2a: Rotom|Thunderbolt|p1a: Rotom\n|-damage|p1a: Rotom|55/100\n|move|p1a: Rotom|Hydro Pump|p2b: Ninetales\n|-damage|p2b: Ninetales|0 fnt\n|faint|p2b: Ninetales\n|\n|-weather|Snowscape|[upkeep]\n|-heal|p1a: Rotom|61/100|[from] item: Leftovers\n|-damage|p1b: Scizor|55/100 brn|[from] brn\n|upkeep\n|\n|t:|1776034433\n|switch|p2b: Incineroar|Incineroar, L50, M|100/100\n|-ability|p2b: Incineroar|Intimidate|boost\n|-unboost|p1a: Rotom|atk|1\n|-unboost|p1b: Scizor|atk|1\n|turn|3\n|\n|t:|1776034440\n|switch|p2a: Glimmora|Glimmora, L50, F|100/100\n|move|p1a: Rotom|Protect|p1a: Rotom\n|-singleturn|p1a: Rotom|Protect\n|move|p1b: Scizor|Protect|p1b: Scizor\n|-singleturn|p1b: Scizor|Protect\n|move|p2b: Incineroar|Fake Out|p1a: Rotom\n|-activate|p1a: Rotom|move: Protect\n|\n|-weather|Snowscape|[upkeep]\n|-heal|p1a: Rotom|67/100|[from] item: Leftovers\n|-damage|p1b: Scizor|49/100 brn|[from] brn\n|upkeep\n|turn|4\n|c| Carrielis|Double set up is fucking crazy\n|c|\u2606BunyaminZ|i know\n|j| Rainpelt103\n|c|\u2606BunyaminZ|im crazy\n|\n|t:|1776034449\n|detailschange|p2a: Glimmora|Glimmora-Mega, L50, F\n|-mega|p2a: Glimmora|Glimmora|Glimmoranite\n|move|p1b: Scizor|Bullet Punch|p2a: Glimmora\n|-supereffective|p2a: Glimmora|1\n|-damage|p2a: Glimmora|39/100\n|move|p2a: Glimmora|Sludge Bomb|p1a: Rotom\n|-damage|p1a: Rotom|7/100\n|-status|p1a: Rotom|psn\n|move|p2b: Incineroar|Flare Blitz|p1b: Scizor\n|-supereffective|p1b: Scizor|2\n|-damage|p1b: Scizor|0 fnt\n|faint|p1b: Scizor\n|-damage|p2b: Incineroar|86/100|[from] Recoil\n|move|p1a: Rotom|Discharge|p2b: Incineroar|[spread] p2a,p2b\n|-damage|p2a: Glimmora|0 fnt\n|-damage|p2b: Incineroar|38/100\n|faint|p2a: Glimmora\n|\n|-weather|Snowscape|[upkeep]\n|-heal|p1a: Rotom|13/100 psn|[from] item: Leftovers\n|-damage|p1a: Rotom|0 fnt|[from] psn\n|faint|p1a: Rotom\n|upkeep\n|\n|t:|1776034454\n|switch|p2a: Rotom|Rotom-Wash, L50|100/100\n|switch|p1a: Garchomp|Garchomp, L50, F|100/100\n|switch|p1b: Sinistcha|Sinistcha, L50|100/100\n|turn|5\n|c|\u2606BunyaminZ|but it works\n|c|\u2606BunyaminZ|gg\n|\n|t:|1776034464\n|move|p1b: Sinistcha|Rage Powder|p1b: Sinistcha\n|-singleturn|p1b: Sinistcha|move: Rage Powder\n|move|p1a: Garchomp|Earthquake|p2a: Rotom|[spread] p1b,p2b\n|-immune|p2a: Rotom|[from] ability: Levitate\n|-resisted|p1b: Sinistcha|1\n|-supereffective|p2b: Incineroar|1\n|-enditem|p2b: Incineroar|Shuca Berry|[eat]\n|-enditem|p2b: Incineroar|Shuca Berry|[weaken]\n|-damage|p1b: Sinistcha|83/100\n|-damage|p2b: Incineroar|5/100\n|move|p2a: Rotom|Will-O-Wisp|p1b: Sinistcha\n|-status|p1b: Sinistcha|brn\n|move|p2b: Incineroar|Flare Blitz|p1b: Sinistcha\n|-supereffective|p1b: Sinistcha|1\n|-damage|p1b: Sinistcha|4/100 brn\n|-enditem|p1b: Sinistcha|Sitrus Berry|[eat]\n|-heal|p1b: Sinistcha|29/100 brn|[from] item: Sitrus Berry\n|-damage|p2b: Incineroar|0 fnt|[from] Recoil\n|faint|p2b: Incineroar\n|\n|-weather|none\n|-damage|p1b: Sinistcha|22/100 brn|[from] brn\n|upkeep\n|turn|6\n|\n|t:|1776034475\n|move|p1a: Garchomp|Swords Dance|p1a: Garchomp\n|-boost|p1a: Garchomp|atk|2\n|move|p2a: Rotom|Hydro Pump|p1b: Sinistcha\n|-resisted|p1b: Sinistcha|1\n|-damage|p1b: Sinistcha|0 fnt\n|faint|p1b: Sinistcha\n|\n|upkeep\n|turn|7\n|\n|t:|1776034478\n|move|p1a: Garchomp|Dragon Claw|p2a: Rotom\n|-damage|p2a: Rotom|13/100\n|-enditem|p2a: Rotom|Sitrus Berry|[eat]\n|-heal|p2a: Rotom|37/100|[from] item: Sitrus Berry\n|move|p2a: Rotom|Will-O-Wisp|p1a: Garchomp\n|-status|p1a: Garchomp|brn\n|\n|-damage|p1a: Garchomp|94/100 brn|[from] brn\n|upkeep\n|turn|8\n|\n|t:|1776034484\n|move|p1a: Garchomp|Dragon Claw|p2a: Rotom\n|-damage|p2a: Rotom|0 fnt\n|faint|p2a: Rotom\n|\n|win|BunyaminZ\n|n|\u2606BunyaminZ|bunyaminz\n|n|\u2606defiantvgc|defiantvgc\n|n| Carrielis|carrielis\n|n| Sttuarrt|sttuarrt\n|n| someone#58|someone58\n|n|%Tb0lt|tb0lt\n|n| randomuser0000|randomuser0000\n|n| aurora ltd|auroraltd\n|n| H4irashi|h4irashi\n|n| Rainpelt103|rainpelt103\n|l|\u2606defiantvgc\n|player|p2|\n|l|\u2606BunyaminZ\n|player|p1|\n|l| Carrielis\n|l| Rainpelt103\n|l| someone#58\n|l|%Tb0lt\n|c| Sttuarrt|GG\n",
  "uploadtime": 1776034484,
  "views": 11,
  "formatid": "gen9championsvgc2026regma",
  "rating": null,
  "private": 0,
  "password": null
}