{
  "id": "gen9championsvgc2026regma-2584418072",
  "format": "[Gen 9 Champions] VGC 2026 Reg M-A",
  "players": [
    "Primal Masquerain",
    "Netocho"
  ],
  "log": "|j|\u2606Primal Masquerain\n|j|\u2606Netocho\n|t:|1776259448\n|gametype|doubles\n|player|p1|Primal Masquerain|bianca|1054\n|player|p2|Netocho|worker|1135\n|gen|9\n|tier|[Gen 9 Champions] VGC 2026 Reg M-A\n|rated|\n|rule|Species Clause: Limit one of each Pok\u00e9mon\n|rule|Item Clause: Limit 1 of each item\n|clearpoke\n|poke|p1|Delphox, L50, M|\n|poke|p1|Rotom-Wash, L50|\n|poke|p1|Garchomp, L50, F|\n|poke|p1|Kingambit, L50, F|\n|poke|p1|Klefki, L50, F|\n|poke|p1|Kommo-o, L50, M|\n|poke|p2|Pelipper, L50, M|\n|poke|p2|Dragonite, L50, M|\n|poke|p2|Sneasler, L50, M|\n|poke|p2|Archaludon, L50, F|\n|poke|p2|Corviknight, L50, M|\n|poke|p2|Basculegion, L50, M|\n|teampreview|4\n|\n|t:|1776259535\n|teamsize|p1|4\n|teamsize|p2|4\n|start\n|switch|p1a: Rotom|Rotom-Wash, L50|100/100\n|switch|p1b: Kommo-o|Kommo-o, L50, M|100/100\n|switch|p2a: Dragonite|Dragonite, L50, M, shiny|100/100\n|switch|p2b: Sneasler|Sneasler, L50, M|100/100\n|turn|1\n|\n|t:|1776259566\n|detailschange|p2a: Dragonite|Dragonite-Mega, L50, M, shiny\n|-mega|p2a: Dragonite|Dragonite|Dragoninite\n|move|p2b: Sneasler|Protect|p2b: Sneasler\n|-singleturn|p2b: Sneasler|Protect\n|move|p1b: Kommo-o|Protect|p1b: Kommo-o\n|-singleturn|p1b: Kommo-o|Protect\n|move|p2a: Dragonite|Draco Meteor|p1b: Kommo-o\n|-activate|p1b: Kommo-o|move: Protect\n|move|p1a: Rotom|Volt Switch|p2b: Sneasler\n|-activate|p2b: Sneasler|move: Protect\n|\n|upkeep\n|turn|2\n|\n|t:|1776259611\n|switch|p1b: Klefki|Klefki, L50, F|100/100\n|move|p2b: Sneasler|Dire Claw|p1a: Rotom\n|-damage|p1a: Rotom|48/100\n|-enditem|p1a: Rotom|Sitrus Berry|[eat]\n|-heal|p1a: Rotom|73/100|[from] item: Sitrus Berry\n|move|p2a: Dragonite|Hurricane|p1b: Klefki\n|-resisted|p1b: Klefki|1\n|-damage|p1b: Klefki|72/100\n|move|p1a: Rotom|Volt Switch|p2a: Dragonite\n|-damage|p2a: Dragonite|90/100\n|\n|t:|1776259623\n|switch|p1a: Delphox|Delphox, L50, M|100/100|[from] Volt Switch\n|\n|upkeep\n|turn|3\n|\n|t:|1776259656\n|detailschange|p1a: Delphox|Delphox-Mega, L50, M\n|-mega|p1a: Delphox|Delphox|Delphoxite\n|move|p1b: Klefki|Sunny Day|p1b: Klefki\n|-weather|SunnyDay\n|move|p1a: Delphox|Heat Wave|p2b: Sneasler|[spread] p2a,p2b\n|-resisted|p2a: Dragonite|1\n|-damage|p2a: Dragonite|66/100\n|-damage|p2b: Sneasler|15/100\n|move|p2b: Sneasler|Rock Tomb|p1a: Delphox\n|-supereffective|p1a: Delphox|1\n|-damage|p1a: Delphox|27/100\n|-unboost|p1a: Delphox|spe|1\n|move|p2a: Dragonite|Draco Meteor|p1a: Delphox\n|-damage|p1a: Delphox|0 fnt\n|-unboost|p2a: Dragonite|spa|2\n|faint|p1a: Delphox\n|\n|-weather|SunnyDay|[upkeep]\n|upkeep\n|\n|t:|1776259679\n|switch|p1a: Kommo-o|Kommo-o, L50, M|100/100\n|turn|4\n|\n|t:|1776259701\n|switch|p2b: Pelipper|Pelipper, L50, M|100/100\n|-weather|RainDance|[from] ability: Drizzle|[of] p2b: Pelipper\n|move|p2a: Dragonite|Protect|p2a: Dragonite\n|-singleturn|p2a: Dragonite|Protect\n|move|p1b: Klefki|Thunder Wave|p2a: Dragonite\n|-activate|p2a: Dragonite|move: Protect\n|move|p1a: Kommo-o|Clanging Scales|p2a: Dragonite|[spread] p2b\n|-activate|p2a: Dragonite|move: Protect\n|-damage|p2b: Pelipper|33/100\n|-unboost|p1a: Kommo-o|def|1\n|\n|-weather|RainDance|[upkeep]\n|upkeep\n|turn|5\n|\n|t:|1776259772\n|move|p2b: Pelipper|Tailwind|p2b: Pelipper\n|-sidestart|p2: Netocho|move: Tailwind\n|move|p2a: Dragonite|Hurricane|p1a: Kommo-o\n|-supereffective|p1a: Kommo-o|1\n|-damage|p1a: Kommo-o|33/100\n|-start|p1a: Kommo-o|confusion\n|-activate|p1a: Kommo-o|confusion\n|-damage|p1a: Kommo-o|21/100|[from] confusion\n|move|p1b: Klefki|Foul Play|p2b: Pelipper\n|-damage|p2b: Pelipper|19/100\n|\n|-weather|RainDance|[upkeep]\n|upkeep\n|turn|6\n|\n|t:|1776259826\n|-end|p1a: Kommo-o|confusion\n|move|p1a: Kommo-o|Protect|p1a: Kommo-o\n|-singleturn|p1a: Kommo-o|Protect\n|move|p1b: Klefki|Thunder Wave|p2a: Dragonite\n|-status|p2a: Dragonite|par\n|move|p2b: Pelipper|Tailwind||[still]\n|-fail|p2b: Pelipper\n|move|p2a: Dragonite|Hurricane|p1a: Kommo-o\n|-activate|p1a: Kommo-o|move: Protect\n|\n|-weather|RainDance|[upkeep]\n|upkeep\n|turn|7\n|\n|t:|1776259852\n|move|p2a: Dragonite|Protect|p2a: Dragonite\n|-singleturn|p2a: Dragonite|Protect\n|move|p1b: Klefki|Sunny Day|p1b: Klefki\n|-weather|SunnyDay\n|move|p2b: Pelipper|Tailwind||[still]\n|-fail|p2b: Pelipper\n|move|p1a: Kommo-o|Clanging Scales|p2a: Dragonite|[spread] p2b\n|-activate|p2a: Dragonite|move: Protect\n|-damage|p2b: Pelipper|0 fnt\n|faint|p2b: Pelipper\n|-unboost|p1a: Kommo-o|def|1\n|\n|-weather|SunnyDay|[upkeep]\n|upkeep\n|\n|t:|1776259864\n|switch|p2b: Sneasler|Sneasler, L50, M|15/100\n|turn|8\n|\n|t:|1776259926\n|move|p2b: Sneasler|Protect|p2b: Sneasler\n|-singleturn|p2b: Sneasler|Protect\n|move|p1a: Kommo-o|Protect|p1a: Kommo-o\n|-singleturn|p1a: Kommo-o|Protect\n|move|p2a: Dragonite|Hurricane|p1a: Kommo-o\n|-activate|p1a: Kommo-o|move: Protect\n|move|p1b: Klefki|Foul Play|p2b: Sneasler\n|-activate|p2b: Sneasler|move: Protect\n|\n|-weather|SunnyDay|[upkeep]\n|-sideend|p2: Netocho|move: Tailwind\n|upkeep\n|turn|9\n|\n|t:|1776259953\n|move|p1b: Klefki|Thunder Wave|p2b: Sneasler\n|-status|p2b: Sneasler|par\n|move|p1a: Kommo-o|Clanging Scales|p2a: Dragonite|[spread] p2a,p2b\n|-supereffective|p2a: Dragonite|1\n|-damage|p2a: Dragonite|9/100 par\n|-damage|p2b: Sneasler|0 fnt\n|faint|p2b: Sneasler\n|-unboost|p1a: Kommo-o|def|1\n|move|p2a: Dragonite|Thunder|p1b: Klefki|[miss]\n|-miss|p2a: Dragonite|p1b: Klefki\n|\n|-weather|SunnyDay|[upkeep]\n|upkeep\n|\n|t:|1776259964\n|switch|p2b: Basculegion|Basculegion, L50, M|100/100\n|turn|10\n|\n|t:|1776259986\n|move|p2b: Basculegion|Protect|p2b: Basculegion\n|-singleturn|p2b: Basculegion|Protect\n|move|p1a: Kommo-o|Protect|p1a: Kommo-o\n|-singleturn|p1a: Kommo-o|Protect\n|move|p2a: Dragonite|Protect|p2a: Dragonite\n|-singleturn|p2a: Dragonite|Protect\n|move|p1b: Klefki|Thunder Wave|p2b: Basculegion\n|-activate|p2b: Basculegion|move: Protect\n|\n|-weather|SunnyDay|[upkeep]\n|upkeep\n|turn|11\n|\n|t:|1776260014\n|move|p1b: Klefki|Thunder Wave|p2b: Basculegion\n|-status|p2b: Basculegion|par\n|move|p1a: Kommo-o|Clanging Scales|p2a: Dragonite|[spread] p2a,p2b\n|-supereffective|p2a: Dragonite|1\n|-damage|p2a: Dragonite|0 fnt\n|-damage|p2b: Basculegion|54/100 par\n|faint|p2a: Dragonite\n|-unboost|p1a: Kommo-o|def|1\n|move|p2b: Basculegion|Last Respects|p1a: Kommo-o\n|-damage|p1a: Kommo-o|0 fnt\n|faint|p1a: Kommo-o\n|\n|-weather|none\n|upkeep\n|\n|t:|1776260025\n|switch|p1a: Rotom|Rotom-Wash, L50|73/100\n|turn|12\n|\n|t:|1776260030\n|move|p1a: Rotom|Thunderbolt|p2b: Basculegion\n|-supereffective|p2b: Basculegion|1\n|-damage|p2b: Basculegion|0 fnt\n|faint|p2b: Basculegion\n|\n|win|Primal Masquerain\n|raw|Primal Masquerain's rating: 1054 &rarr; <strong>1093</strong><br />(+39 for winning)\n|raw|Netocho's rating: 1135 &rarr; <strong>1104</strong><br />(-31 for losing)\n",
  "uploadtime": 1776260033,
  "views": 20,
  "formatid": "gen9championsvgc2026regma",
  "rating": 1093,
  "private": 0,
  "password": null
}