{
  "id": "gen9championsvgc2026regma-2589390210",
  "format": "[Gen 9 Champions] VGC 2026 Reg M-A",
  "players": [
    "Basthiko",
    "benjitulio"
  ],
  "log": "|j|\u2606Basthiko\n|j|\u2606benjitulio\n|t:|1776719113\n|gametype|doubles\n|player|p1|Basthiko|102|1125\n|player|p2|benjitulio|wattson|1123\n|gen|9\n|tier|[Gen 9 Champions] VGC 2026 Reg M-A\n|rated|\n|rule|Species Clause: Limit one of each Pok\u00e9mon\n|rule|Item Clause: Limit 1 of each item\n|clearpoke\n|poke|p1|Floette-Eternal, L50, F|\n|poke|p1|Aegislash, L50, M|\n|poke|p1|Talonflame, L50, M|\n|poke|p1|Incineroar, L50, F|\n|poke|p1|Garchomp, L50, M|\n|poke|p1|Rotom-Wash, L50|\n|poke|p2|Dragonite, L50, M|\n|poke|p2|Incineroar, L50, F|\n|poke|p2|Gyarados, L50, F|\n|poke|p2|Maushold-Four, L50|\n|poke|p2|Milotic, L50, M|\n|poke|p2|Whimsicott, L50, M|\n|teampreview|4\nBasthiko rejected open team sheets.\n|inactive|Battle timer is ON: inactive players will automatically lose when time's up. (requested by Basthiko)\n|\n|t:|1776719152\n|teamsize|p1|4\n|teamsize|p2|4\n|start\n|switch|p1a: Pollo|Talonflame, L50, M|100/100\n|switch|p1b: WiWi|Floette-Eternal, L50, F|100/100\n|switch|p2a: Gyarados|Gyarados, L50, F|100/100\n|switch|p2b: Whimsicott|Whimsicott, L50, M|100/100\n|-ability|p2a: Gyarados|Intimidate|boost\n|-unboost|p1a: Pollo|atk|1\n|-unboost|p1b: WiWi|atk|1\n|turn|1\n|\n|t:|1776719165\n|detailschange|p1b: WiWi|Floette-Mega, L50, F\n|-mega|p1b: WiWi|Floette|Floettite\n|-ability|p1b: WiWi|Fairy Aura\n|move|p1a: Pollo|Tailwind|p1a: Pollo\n|-sidestart|p1: Basthiko|move: Tailwind\n|move|p2b: Whimsicott|Taunt|p1b: WiWi\n|-start|p1b: WiWi|move: Taunt\n|cant|p1b: WiWi|move: Taunt|Calm Mind\n|move|p2a: Gyarados|Dragon Dance|p2a: Gyarados\n|-boost|p2a: Gyarados|atk|1\n|-boost|p2a: Gyarados|spe|1\n|\n|upkeep\n|turn|2\n|inactive|benjitulio has 30 seconds left.\n|\n|t:|1776719200\n|detailschange|p2a: Gyarados|Gyarados-Mega, L50, F\n|-mega|p2a: Gyarados|Gyarados|Gyaradosite\n|-ability|p2a: Gyarados|Mold Breaker\n|move|p1a: Pollo|Acrobatics|p2a: Gyarados\n|-damage|p2a: Gyarados|72/100\n|move|p2b: Whimsicott|Light Screen|p2b: Whimsicott\n|-sidestart|p2: benjitulio|move: Light Screen\n|move|p1b: WiWi|Moonblast|p2a: Gyarados\n|-supereffective|p2a: Gyarados|1\n|-damage|p2a: Gyarados|2/100\n|move|p2a: Gyarados|Waterfall|p1a: Pollo\n|-supereffective|p1a: Pollo|1\n|-damage|p1a: Pollo|0 fnt\n|faint|p1a: Pollo\n|\n|upkeep\n|\n|t:|1776719213\n|switch|p1a: Gato|Incineroar, L50, F|100/100\n|-ability|p1a: Gato|Intimidate|boost\n|-unboost|p2a: Gyarados|atk|1\n|-unboost|p2b: Whimsicott|atk|1\n|turn|3\n|\n|t:|1776719219\n|move|p2a: Gyarados|Protect|p2a: Gyarados\n|-singleturn|p2a: Gyarados|Protect\n|move|p1a: Gato|Fake Out|p2a: Gyarados\n|-activate|p2a: Gyarados|move: Protect\n|move|p2b: Whimsicott|Tailwind|p2b: Whimsicott\n|-sidestart|p2: benjitulio|move: Tailwind\n|move|p1b: WiWi|Dazzling Gleam|p2a: Gyarados|[spread] p2b\n|-activate|p2a: Gyarados|move: Protect\n|-damage|p2b: Whimsicott|57/100\n|\n|-end|p1b: WiWi|move: Taunt\n|upkeep\n|turn|4\n|\n|t:|1776719235\n|move|p2a: Gyarados|Waterfall|p1b: WiWi\n|-damage|p1b: WiWi|55/100\n|move|p2b: Whimsicott|Moonblast|p1b: WiWi\n|-damage|p1b: WiWi|20/100\n|-unboost|p1b: WiWi|spa|1\n|move|p1b: WiWi|Dazzling Gleam|p2b: Whimsicott|[spread] p2a,p2b\n|-supereffective|p2a: Gyarados|1\n|-damage|p2a: Gyarados|0 fnt\n|-damage|p2b: Whimsicott|27/100\n|faint|p2a: Gyarados\n|move|p1a: Gato|Flare Blitz|p2b: Whimsicott\n|-supereffective|p2b: Whimsicott|1\n|-damage|p2b: Whimsicott|0 fnt\n|faint|p2b: Whimsicott\n|-damage|p1a: Gato|95/100|[from] Recoil\n|\n|-heal|p1a: Gato|100/100|[from] item: Leftovers\n|-sideend|p1: Basthiko|move: Tailwind\n|upkeep\n|\n|t:|1776719245\n|switch|p2b: Milotic|Milotic, L50, M|100/100\n|switch|p2a: Incineroar|Incineroar, L50, F|100/100\n|-ability|p2a: Incineroar|Intimidate|boost\n|-unboost|p1a: Gato|atk|1\n|-unboost|p1b: WiWi|atk|1\n|turn|5\n|\n|t:|1776719263\n|switch|p1b: Lava|Rotom-Wash, L50|100/100\n|move|p2a: Incineroar|Fake Out|p1a: Gato\n|-damage|p1a: Gato|92/100\n|move|p2b: Milotic|Scald|p1b: Lava\n|-resisted|p1b: Lava|1\n|-damage|p1b: Lava|81/100\n|-status|p1b: Lava|brn\n|cant|p1a: Gato|flinch\n|\n|-heal|p1a: Gato|98/100|[from] item: Leftovers\n|-damage|p1b: Lava|75/100 brn|[from] brn\n|upkeep\n|turn|6\n|\n|t:|1776719284\n|move|p2b: Milotic|Scald|p1a: Gato\n|-supereffective|p1a: Gato|1\n|-damage|p1a: Gato|43/100\n|move|p2a: Incineroar|Darkest Lariat|p1a: Gato\n|-resisted|p1a: Gato|1\n|-damage|p1a: Gato|29/100\n|move|p1b: Lava|Hydro Pump|p2a: Incineroar\n|-supereffective|p2a: Incineroar|1\n|-damage|p2a: Incineroar|34/100\n|move|p1a: Gato|Parting Shot|p2b: Milotic\n|-unboost|p2b: Milotic|atk|1\n|-ability|p2b: Milotic|Competitive|boost\n|-boost|p2b: Milotic|spa|2\n|-unboost|p2b: Milotic|spa|1\n|-ability|p2b: Milotic|Competitive|boost\n|-boost|p2b: Milotic|spa|2\n|\n|t:|1776719299\n|switch|p1a: WiWi|Floette-Mega, L50, F|20/100|[from] Parting Shot\n|-ability|p1a: WiWi|Fairy Aura\n|\n|-damage|p1b: Lava|69/100 brn|[from] brn\n|-sideend|p2: benjitulio|move: Light Screen\n|-sideend|p2: benjitulio|move: Tailwind\n|upkeep\n|turn|7\n|\n|t:|1776719310\n|move|p1a: WiWi|Protect|p1a: WiWi\n|-singleturn|p1a: WiWi|Protect\n|move|p1b: Lava|Thunderbolt|p2b: Milotic\n|-supereffective|p2b: Milotic|1\n|-damage|p2b: Milotic|44/100\n|move|p2b: Milotic|Scald|p1b: Lava\n|-resisted|p1b: Lava|1\n|-damage|p1b: Lava|22/100 brn\n|-enditem|p1b: Lava|Sitrus Berry|[eat]\n|-heal|p1b: Lava|47/100 brn|[from] item: Sitrus Berry\n|move|p2a: Incineroar|Flare Blitz|p1a: WiWi\n|-activate|p1a: WiWi|move: Protect\n|\n|-heal|p2b: Milotic|50/100|[from] item: Leftovers\n|-damage|p1b: Lava|41/100 brn|[from] brn\n|upkeep\n|turn|8\n|\n|t:|1776719334\n|move|p1a: WiWi|Dazzling Gleam|p2a: Incineroar|[spread] p2a,p2b\n|-damage|p2a: Incineroar|0 fnt\n|-damage|p2b: Milotic|21/100\n|faint|p2a: Incineroar\n|move|p1b: Lava|Thunderbolt|p2b: Milotic\n|-supereffective|p2b: Milotic|1\n|-damage|p2b: Milotic|0 fnt\n|faint|p2b: Milotic\n|\n|win|Basthiko\n|raw|Basthiko's rating: 1125 &rarr; <strong>1150</strong><br />(+25 for winning)\n|raw|benjitulio's rating: 1123 &rarr; <strong>1098</strong><br />(-25 for losing)\n",
  "uploadtime": 1776719335,
  "views": 8,
  "formatid": "gen9championsvgc2026regma",
  "rating": 1098,
  "private": 0,
  "password": null
}