{
  "id": "gen9championsvgc2026regma-2581326511",
  "format": "[Gen 9 Champions] VGC 2026 Reg M-A",
  "players": [
    "iliketobehome",
    "naata10"
  ],
  "log": "|j|\u2606iliketobehome\n|j|\u2606naata10\n|t:|1775987045\n|gametype|doubles\n|player|p1|iliketobehome|1|1227\n|player|p2|naata10|1|1330\n|gen|9\n|tier|[Gen 9 Champions] VGC 2026 Reg M-A\n|rated|\n|rule|Species Clause: Limit one of each Pok\u00e9mon\n|rule|Item Clause: Limit 1 of each item\n|clearpoke\n|poke|p1|Scizor, L50, M|\n|poke|p1|Rotom-Wash, L50|\n|poke|p1|Arcanine-Hisui, L50, M|\n|poke|p1|Sinistcha, L50|\n|poke|p1|Dragapult, L50, M|\n|poke|p1|Kingambit, L50, M|\n|poke|p2|Charizard, L50, M|\n|poke|p2|Typhlosion-Hisui, L50, M|\n|poke|p2|Whimsicott, L50, F|\n|poke|p2|Venusaur, L50, M|\n|poke|p2|Rotom-Wash, L50|\n|poke|p2|Rhyperior, L50, M|\n|teampreview|4\niliketobehome rejected open team sheets.\n|inactive|Battle timer is ON: inactive players will automatically lose when time's up. (requested by iliketobehome)\n|\n|t:|1775987078\n|teamsize|p1|4\n|teamsize|p2|4\n|start\n|switch|p1a: Arcanine|Arcanine-Hisui, L50, M|100/100\n|switch|p1b: Dragapult|Dragapult, L50, M, shiny|100/100\n|switch|p2a: Charizard|Charizard, L50, M|100/100\n|switch|p2b: Whimsicott|Whimsicott, L50, F|100/100\n|-ability|p1a: Arcanine|Intimidate|boost\n|-unboost|p2a: Charizard|atk|1\n|-unboost|p2b: Whimsicott|atk|1\n|turn|1\n|\n|t:|1775987093\n|detailschange|p2a: Charizard|Charizard-Mega-Y, L50, M\n|-mega|p2a: Charizard|Charizard|Charizardite Y\n|-weather|SunnyDay|[from] ability: Drought|[of] p2a: Charizard\n|move|p2b: Whimsicott|Tailwind|p2b: Whimsicott\n|-sidestart|p2: naata10|move: Tailwind\n|move|p2a: Charizard|Scorching Sands|p1a: Arcanine\n|-supereffective|p1a: Arcanine|2\n|-damage|p1a: Arcanine|0 fnt\n|faint|p1a: Arcanine\n|move|p1b: Dragapult|Dragon Darts|p2a: Charizard\n|-damage|p2a: Charizard|67/100\n|-anim|p1b: Dragapult|Dragon Darts|p2a: Charizard\n|-damage|p2a: Charizard|32/100\n|\n|-weather|SunnyDay|[upkeep]\n|upkeep\n|\n|t:|1775987101\n|switch|p1a: Kingambit|Kingambit, L50, M|100/100\n|turn|2\n|\n|t:|1775987124\n|switch|p2a: Venusaur|Venusaur, L50, M|100/100\n|move|p1a: Kingambit|Sucker Punch||[still]\n|-fail|p1a: Kingambit\n|move|p2b: Whimsicott|Moonblast|p1b: Dragapult\n|-supereffective|p1b: Dragapult|1\n|-damage|p1b: Dragapult|31/100\n|move|p1b: Dragapult|Phantom Force||[still]\n|-prepare|p1b: Dragapult|Phantom Force\n|\n|-weather|SunnyDay|[upkeep]\n|upkeep\n|turn|3\n|\n|t:|1775987146\n|move|p1a: Kingambit|Sucker Punch|p2b: Whimsicott\n|-resisted|p2b: Whimsicott|1\n|-damage|p2b: Whimsicott|69/100\n|move|p2a: Venusaur|Earth Power|p1a: Kingambit\n|-supereffective|p1a: Kingambit|1\n|-damage|p1a: Kingambit|45/100\n|move|p2b: Whimsicott|Moonblast|p1a: Kingambit\n|-damage|p1a: Kingambit|18/100\n|move|p1b: Dragapult|Phantom Force|p2b: Whimsicott|[from] lockedmove\n|-damage|p2b: Whimsicott|13/100\n|\n|-weather|SunnyDay|[upkeep]\n|upkeep\n|turn|4\n|\n|t:|1775987166\n|move|p2b: Whimsicott|Encore|p1b: Dragapult\n|-start|p1b: Dragapult|Encore\n|move|p1a: Kingambit|Sucker Punch||[still]\n|-fail|p1a: Kingambit\n|move|p2a: Venusaur|Earth Power|p1a: Kingambit\n|-supereffective|p1a: Kingambit|1\n|-damage|p1a: Kingambit|0 fnt\n|faint|p1a: Kingambit\n|move|p1b: Dragapult|Phantom Force||[still]\n|-prepare|p1b: Dragapult|Phantom Force\n|\n|-weather|SunnyDay|[upkeep]\n|-sideend|p2: naata10|move: Tailwind\n|upkeep\n|\n|t:|1775987170\n|switch|p1a: Scizor|Scizor, L50, M, shiny|100/100\n|turn|5\n|\n|t:|1775987193\n|detailschange|p1a: Scizor|Scizor-Mega, L50, M, shiny\n|-mega|p1a: Scizor|Scizor|Scizorite\n|move|p2b: Whimsicott|Tailwind|p2b: Whimsicott\n|-sidestart|p2: naata10|move: Tailwind\n|move|p1a: Scizor|Bullet Punch|p2b: Whimsicott\n|-supereffective|p2b: Whimsicott|1\n|-damage|p2b: Whimsicott|0 fnt\n|faint|p2b: Whimsicott\n|move|p2a: Venusaur|Earth Power|p1a: Scizor\n|-damage|p1a: Scizor|71/100\n|move|p1b: Dragapult|Phantom Force|p2a: Venusaur|[from] lockedmove\n|-damage|p2a: Venusaur|39/100\n|\n|-weather|none\n|upkeep\n|\n|t:|1775987207\n|switch|p2b: Typhlosion|Typhlosion-Hisui, L50, M|100/100\n|-item|p1a: Scizor|Scizorite|[from] ability: Frisk|[of] p2b: Typhlosion\n|-item|p1b: Dragapult|Focus Sash|[from] ability: Frisk|[of] p2b: Typhlosion\n|turn|6\n|\n|t:|1775987212\n|switch|p2a: Charizard|Charizard-Mega-Y, L50, M|32/100\n|-weather|SunnyDay|[from] ability: Drought|[of] p2a: Charizard\n|move|p1a: Scizor|Protect|p1a: Scizor\n|-singleturn|p1a: Scizor|Protect\n|move|p2b: Typhlosion|Eruption|p1b: Dragapult|[spread] p1b\n|-activate|p1a: Scizor|move: Protect\n|-resisted|p1b: Dragapult|1\n|-crit|p1b: Dragapult\n|-damage|p1b: Dragapult|0 fnt\n|faint|p1b: Dragapult\n|\n|-weather|SunnyDay|[upkeep]\n|upkeep\n|turn|7\n|-message|iliketobehome forfeited.\n|\n|win|naata10\n|raw|iliketobehome's rating: 1227 &rarr; <strong>1209</strong><br />(-18 for losing)\n|raw|naata10's rating: 1330 &rarr; <strong>1344</strong><br />(+14 for winning)\n",
  "uploadtime": 1775987218,
  "views": 21,
  "formatid": "gen9championsvgc2026regma",
  "rating": 1209,
  "private": 0,
  "password": null
}