{
  "id": "gen9championsvgc2026regma-2581278540",
  "format": "[Gen 9 Champions] VGC 2026 Reg M-A",
  "players": [
    "calacadura",
    "helo hru"
  ],
  "log": "|j|\u2606calacadura\n|j|\u2606helo hru\n|t:|1775980386\n|gametype|doubles\n|player|p1|calacadura|102|1002\n|player|p2|helo hru|unknownf|1051\n|gen|9\n|tier|[Gen 9 Champions] VGC 2026 Reg M-A\n|rated|\n|rule|Species Clause: Limit one of each Pok\u00e9mon\n|rule|Item Clause: Limit 1 of each item\n|clearpoke\n|poke|p1|Incineroar, L50, M|\n|poke|p1|Farigiraf, L50, M|\n|poke|p1|Basculegion, L50, M|\n|poke|p1|Dragonite, L50, M|\n|poke|p1|Sinistcha, L50|\n|poke|p1|Tyranitar, L50, F|\n|poke|p2|Houndoom, L50, F|\n|poke|p2|Ninetales, L50, M|\n|poke|p2|Dragapult, L50, F|\n|poke|p2|Sneasler, L50, F|\n|teampreview|4\n|\n|t:|1775980432\n|teamsize|p1|4\n|teamsize|p2|4\n|start\n|switch|p1a: Kitten|Incineroar, L50, M, shiny|100/100\n|switch|p1b: Basculegion|Basculegion, L50, M|100/100\n|switch|p2a: Dragapult|Dragapult, L50, F|100/100\n|switch|p2b: Houndoom|Houndoom, L50, F|100/100\n|-ability|p1a: Kitten|Intimidate|boost\n|-unboost|p2a: Dragapult|atk|1\n|-unboost|p2b: Houndoom|atk|1\n|-enditem|p2a: Dragapult|White Herb\n|-clearnegativeboost|p2a: Dragapult|[silent]\n|turn|1\n|\n|t:|1775980458\n|switch|p1a: Farigiraf|Farigiraf, L50, M|100/100\n|move|p2b: Houndoom|Protect|p2b: Houndoom\n|-singleturn|p2b: Houndoom|Protect\n|move|p1b: Basculegion|Flip Turn|p2b: Houndoom\n|-activate|p2b: Houndoom|move: Protect\n|move|p2a: Dragapult|Thunder Wave|p1b: Basculegion\n|-status|p1b: Basculegion|par\n|\n|upkeep\n|turn|2\n|\n|t:|1775980492\n|switch|p1b: Kitten|Incineroar, L50, M, shiny|100/100\n|-ability|p1b: Kitten|Intimidate|boost\n|-unboost|p2a: Dragapult|atk|1\n|-unboost|p2b: Houndoom|atk|1\n|detailschange|p2b: Houndoom|Houndoom-Mega, L50, F\n|-mega|p2b: Houndoom|Houndoom|Houndoominite\n|move|p2a: Dragapult|Shadow Ball|p1b: Kitten\n|-resisted|p1b: Kitten|1\n|-damage|p1b: Kitten|88/100\n|move|p2b: Houndoom|Dark Pulse|p1a: Farigiraf\n|-supereffective|p1a: Farigiraf|1\n|-enditem|p1a: Farigiraf|Colbur Berry|[eat]\n|-enditem|p1a: Farigiraf|Colbur Berry|[weaken]\n|-damage|p1a: Farigiraf|67/100\n|move|p1a: Farigiraf|Trick Room|p1a: Farigiraf\n|-fieldstart|move: Trick Room|[of] p1a: Farigiraf\n|\n|upkeep\n|turn|3\n|\n|t:|1775980527\n|switch|p2a: Ninetales|Ninetales, L50, M|100/100\n|-weather|SunnyDay|[from] ability: Drought|[of] p2a: Ninetales\n|move|p1a: Farigiraf|Psychic|p2a: Ninetales\n|-damage|p2a: Ninetales|74/100\n|move|p1b: Kitten|Parting Shot|p2b: Houndoom\n|-unboost|p2b: Houndoom|atk|1\n|-unboost|p2b: Houndoom|spa|1\n|\n|t:|1775980532\n|switch|p1b: Tiny|Sinistcha, L50, shiny|100/100|[from] Parting Shot\n|-heal|p1a: Farigiraf|92/100|[from] ability: Hospitality|[of] p1b: Tiny\n|move|p2b: Houndoom|Dark Pulse|p1a: Farigiraf\n|-supereffective|p1a: Farigiraf|1\n|-damage|p1a: Farigiraf|34/100\n|\n|-weather|SunnyDay|[upkeep]\n|-damage|p2b: Houndoom|88/100|[from] ability: Solar Power|[of] p2b: Houndoom\n|upkeep\n|turn|4\n|\n|t:|1775980560\n|switch|p1b: Kitten|Incineroar, L50, M, shiny|88/100\n|-ability|p1b: Kitten|Intimidate|boost\n|-unboost|p2a: Ninetales|atk|1\n|-unboost|p2b: Houndoom|atk|1\n|switch|p2b: Dragapult|Dragapult, L50, F|100/100\n|move|p1a: Farigiraf|Protect|p1a: Farigiraf\n|-singleturn|p1a: Farigiraf|Protect\n|move|p2a: Ninetales|Heat Wave|p1a: Farigiraf|[spread] \n|-activate|p1a: Farigiraf|move: Protect\n|-miss|p2a: Ninetales|p1b: Kitten\n|\n|-weather|SunnyDay|[upkeep]\n|upkeep\n|turn|5\n|\n|t:|1775980576\n|switch|p1a: Tiny|Sinistcha, L50, shiny|100/100\n|-heal|p1b: Kitten|100/100|[from] ability: Hospitality|[of] p1a: Tiny\n|move|p1b: Kitten|Parting Shot|p2a: Ninetales\n|-unboost|p2a: Ninetales|atk|1\n|-unboost|p2a: Ninetales|spa|1\n|\n|t:|1775980579\n|switch|p1b: Basculegion|Basculegion, L50, M|100/100 par|[from] Parting Shot\n|move|p2a: Ninetales|Heat Wave|p1a: Tiny|[spread] p1a,p1b\n|-supereffective|p1a: Tiny|1\n|-resisted|p1b: Basculegion|1\n|-damage|p1a: Tiny|53/100\n|-damage|p1b: Basculegion|89/100 par\n|move|p2b: Dragapult|Draco Meteor|p1b: Basculegion\n|-damage|p1b: Basculegion|32/100 par\n|-unboost|p2b: Dragapult|spa|2\n|\n|-weather|SunnyDay|[upkeep]\n|upkeep\n|turn|6\n|\n|t:|1775980619\n|switch|p1a: Kitten|Incineroar, L50, M, shiny|100/100\n|-ability|p1a: Kitten|Intimidate|boost\n|-unboost|p2a: Ninetales|atk|1\n|-unboost|p2b: Dragapult|atk|1\n|switch|p2b: Sneasler|Sneasler, L50, F|100/100\n|move|p1b: Basculegion|Wave Crash|p2a: Ninetales\n|-supereffective|p2a: Ninetales|1\n|-damage|p2a: Ninetales|0 fnt\n|faint|p2a: Ninetales\n|-damage|p1b: Basculegion|9/100 par|[from] Recoil\n|\n|-weather|SunnyDay|[upkeep]\n|-fieldend|move: Trick Room\n|upkeep\n|\n|t:|1775980635\n|switch|p2a: Dragapult|Dragapult, L50, F|100/100\n|turn|7\n|\n|t:|1775980664\n|move|p2b: Sneasler|Fake Out|p1a: Kitten\n|-damage|p1a: Kitten|87/100\n|move|p2a: Dragapult|Shadow Ball|p1b: Basculegion\n|-supereffective|p1b: Basculegion|1\n|-damage|p1b: Basculegion|0 fnt\n|faint|p1b: Basculegion\n|cant|p1a: Kitten|flinch\n|\n|-weather|none\n|upkeep\n|\n|t:|1775980668\n|switch|p1b: Farigiraf|Farigiraf, L50, M|34/100\n|turn|8\n|\n|t:|1775980684\n|move|p2a: Dragapult|Draco Meteor|p1b: Farigiraf\n|-damage|p1b: Farigiraf|0 fnt\n|-unboost|p2a: Dragapult|spa|2\n|faint|p1b: Farigiraf\n|move|p2b: Sneasler|Close Combat|p1a: Kitten\n|-supereffective|p1a: Kitten|1\n|-damage|p1a: Kitten|0 fnt\n|-unboost|p2b: Sneasler|def|1\n|-unboost|p2b: Sneasler|spd|1\n|faint|p1a: Kitten\n|\n|upkeep\n|\n|t:|1775980687\n|switch|p1b: Tiny|Sinistcha, L50, shiny|53/100\n|turn|9\n|\n|t:|1775980699\n|move|p2a: Dragapult|Sunny Day|p2a: Dragapult\n|-weather|SunnyDay\n|move|p2b: Sneasler|Poison Jab|p1b: Tiny\n|-damage|p1b: Tiny|21/100\n|move|p1b: Tiny|Strength Sap|p2a: Dragapult\n|-unboost|p2a: Dragapult|atk|1\n|-heal|p1b: Tiny|92/100\n|\n|-weather|SunnyDay|[upkeep]\n|upkeep\n|turn|10\n|\n|t:|1775980713\n|switch|p2a: Houndoom|Houndoom-Mega, L50, F|88/100\n|move|p2b: Sneasler|Poison Jab|p1b: Tiny\n|-damage|p1b: Tiny|56/100\n|move|p1b: Tiny|Calm Mind|p1b: Tiny\n|-boost|p1b: Tiny|spa|1\n|-boost|p1b: Tiny|spd|1\n|\n|-weather|SunnyDay|[upkeep]\n|-damage|p2a: Houndoom|76/100|[from] ability: Solar Power|[of] p2a: Houndoom\n|upkeep\n|turn|11\n|\n|t:|1775980723\n|move|p2a: Houndoom|Dark Pulse|p1b: Tiny\n|-supereffective|p1b: Tiny|1\n|-damage|p1b: Tiny|0 fnt\n|faint|p1b: Tiny\n|\n|win|helo hru\n|raw|calacadura's rating: 1002 &rarr; <strong>1000</strong><br />(-2 for losing)\n|raw|helo hru's rating: 1051 &rarr; <strong>1079</strong><br />(+28 for winning)\n",
  "uploadtime": 1775980726,
  "views": 10,
  "formatid": "gen9championsvgc2026regma",
  "rating": 1000,
  "private": 0,
  "password": null
}