{
  "id": "gen9championsvgc2026regma-2580542639",
  "format": "[Gen 9 Champions] VGC 2026 Reg M-A",
  "players": [
    "Evoboosted",
    "joymaxxing"
  ],
  "log": "|j|\u2606Evoboosted\n|j|\u2606joymaxxing\n|t:|1775910908\n|gametype|doubles\n|player|p1|Evoboosted|101|1141\n|player|p2|joymaxxing|elesa|1132\n|gen|9\n|tier|[Gen 9 Champions] VGC 2026 Reg M-A\n|rated|\n|rule|Species Clause: Limit one of each Pok\u00e9mon\n|rule|Item Clause: Limit 1 of each item\n|clearpoke\n|poke|p1|Primarina, L50, M|\n|poke|p1|Incineroar, L50, F|\n|poke|p1|Sinistcha, L50|\n|poke|p1|Skarmory, L50, M|\n|poke|p1|Kommo-o, L50, M|\n|poke|p1|Tyranitar, L50, M|\n|poke|p2|Incineroar, L50, F|\n|poke|p2|Farigiraf, L50, F|\n|poke|p2|Gengar, L50, M|\n|poke|p2|Milotic, L50, F|\n|poke|p2|Ditto, L50|\n|poke|p2|Meowscarada, L50, F|\n|teampreview|4\n|j| Syachilove0408\n|\n|t:|1775910948\n|teamsize|p1|4\n|teamsize|p2|4\n|start\n|switch|p1a: Kommo-o|Kommo-o, L50, M|100/100\n|switch|p1b: Sinistcha|Sinistcha, L50|100/100\n|switch|p2a: Milotic|Milotic, L50, F|100/100\n|switch|p2b: Gengar|Gengar, L50, M|100/100\n|turn|1\n|\n|t:|1775910966\n|detailschange|p2b: Gengar|Gengar-Mega, L50, M\n|-mega|p2b: Gengar|Gengar|Gengarite\n|move|p2b: Gengar|Shadow Ball|p1b: Sinistcha\n|-supereffective|p1b: Sinistcha|1\n|-damage|p1b: Sinistcha|0 fnt\n|faint|p1b: Sinistcha\n|move|p1a: Kommo-o|Clangorous Soul|p1a: Kommo-o\n|-boost|p1a: Kommo-o|atk|1\n|-boost|p1a: Kommo-o|def|1\n|-boost|p1a: Kommo-o|spa|1\n|-boost|p1a: Kommo-o|spd|1\n|-boost|p1a: Kommo-o|spe|1\n|-damage|p1a: Kommo-o|68/100\n|move|p2a: Milotic|Icy Wind|p1a: Kommo-o\n|-supereffective|p1a: Kommo-o|1\n|-damage|p1a: Kommo-o|50/100\n|-unboost|p1a: Kommo-o|spe|1\n|-enditem|p1a: Kommo-o|Sitrus Berry|[eat]\n|-heal|p1a: Kommo-o|74/100|[from] item: Sitrus Berry\n|\n|upkeep\n|\n|t:|1775910984\n|switch|p1b: Incineroar|Incineroar, L50, F|100/100\n|-ability|p1b: Incineroar|Intimidate|boost\n|-unboost|p2a: Milotic|atk|1\n|-ability|p2a: Milotic|Competitive|boost\n|-boost|p2a: Milotic|spa|2\n|-unboost|p2b: Gengar|atk|1\n|turn|2\n|\n|t:|1775910989\n|move|p2b: Gengar|Protect|p2b: Gengar\n|-singleturn|p2b: Gengar|Protect\n|move|p2a: Milotic|Protect|p2a: Milotic\n|-singleturn|p2a: Milotic|Protect\n|move|p1b: Incineroar|Fake Out|p2a: Milotic\n|-activate|p2a: Milotic|move: Protect\n|move|p1a: Kommo-o|Clanging Scales|p2a: Milotic|[spread] \n|-activate|p2a: Milotic|move: Protect\n|-activate|p2b: Gengar|move: Protect\n|\n|upkeep\n|turn|3\n|\n|t:|1775910995\n|move|p1a: Kommo-o|Protect|p1a: Kommo-o\n|-singleturn|p1a: Kommo-o|Protect\n|move|p2b: Gengar|Disable|p1a: Kommo-o\n|-activate|p1a: Kommo-o|move: Protect\n|move|p2a: Milotic|Scald|p1b: Incineroar\n|-supereffective|p1b: Incineroar|1\n|-enditem|p1b: Incineroar|Passho Berry|[eat]\n|-enditem|p1b: Incineroar|Passho Berry|[weaken]\n|-damage|p1b: Incineroar|64/100\n|move|p1b: Incineroar|Parting Shot|p2b: Gengar\n|-unboost|p2b: Gengar|atk|1\n|-unboost|p2b: Gengar|spa|1\n|\n|t:|1775911005\n|switch|p1b: Primarina|Primarina, L50, M|100/100|[from] Parting Shot\n|\n|upkeep\n|turn|4\n|\n|t:|1775911017\n|move|p2b: Gengar|Protect|p2b: Gengar\n|-singleturn|p2b: Gengar|Protect\n|move|p2a: Milotic|Protect|p2a: Milotic\n|-singleturn|p2a: Milotic|Protect\n|move|p1a: Kommo-o|Clanging Scales|p2b: Gengar|[spread] \n|-activate|p2a: Milotic|move: Protect\n|-activate|p2b: Gengar|move: Protect\n|move|p1b: Primarina|Hyper Voice|p2b: Gengar|[spread] \n|-activate|p2a: Milotic|move: Protect\n|-activate|p2b: Gengar|move: Protect\n|\n|upkeep\n|turn|5\n|\n|t:|1775911046\n|move|p1a: Kommo-o|Protect|p1a: Kommo-o\n|-singleturn|p1a: Kommo-o|Protect\n|move|p2b: Gengar|Disable|p1a: Kommo-o\n|-activate|p1a: Kommo-o|move: Protect\n|move|p2a: Milotic|Icy Wind|p1b: Primarina|[spread] p1b\n|-activate|p1a: Kommo-o|move: Protect\n|-resisted|p1b: Primarina|1\n|-damage|p1b: Primarina|92/100\n|-unboost|p1b: Primarina|spe|1\n|move|p1b: Primarina|Hyper Voice|p2b: Gengar|[spread] p2a,p2b\n|-resisted|p2a: Milotic|1\n|-damage|p2a: Milotic|83/100\n|-damage|p2b: Gengar|50/100\n|\n|-heal|p2a: Milotic|89/100|[from] item: Leftovers\n|upkeep\n|turn|6\n|l| Syachilove0408\n|\n|t:|1775911063\n|move|p2b: Gengar|Protect|p2b: Gengar\n|-singleturn|p2b: Gengar|Protect\n|move|p2a: Milotic|Protect|p2a: Milotic\n|-singleturn|p2a: Milotic|Protect\n|move|p1a: Kommo-o|Clanging Scales|p2a: Milotic|[spread] \n|-activate|p2a: Milotic|move: Protect\n|-activate|p2b: Gengar|move: Protect\n|move|p1b: Primarina|Hyper Voice|p2a: Milotic|[spread] \n|-activate|p2a: Milotic|move: Protect\n|-activate|p2b: Gengar|move: Protect\n|\n|-heal|p2a: Milotic|95/100|[from] item: Leftovers\n|upkeep\n|turn|7\n|\n|t:|1775911072\n|move|p2b: Gengar|Sludge Bomb|p1b: Primarina\n|-supereffective|p1b: Primarina|1\n|-damage|p1b: Primarina|37/100\n|move|p1a: Kommo-o|Clanging Scales|p2b: Gengar|[spread] p2a,p2b\n|-damage|p2a: Milotic|50/100\n|-damage|p2b: Gengar|0 fnt\n|faint|p2b: Gengar\n|-unboost|p1a: Kommo-o|def|1\n|move|p2a: Milotic|Icy Wind|p1b: Primarina|[spread] p1a,p1b\n|-supereffective|p1a: Kommo-o|1\n|-resisted|p1b: Primarina|1\n|-damage|p1a: Kommo-o|47/100\n|-damage|p1b: Primarina|29/100\n|-unboost|p1a: Kommo-o|spe|1\n|-unboost|p1b: Primarina|spe|1\n|move|p1b: Primarina|Hyper Voice|p2a: Milotic\n|-resisted|p2a: Milotic|1\n|-damage|p2a: Milotic|27/100\n|\n|-heal|p2a: Milotic|33/100|[from] item: Leftovers\n|upkeep\n|\n|t:|1775911084\n|switch|p2b: Ditto|Ditto, L50|100/100\n|-transform|p2b: Ditto|p1a: Kommo-o|[from] ability: Imposter\n|turn|8\n|\n|t:|1775911112\n|switch|p1a: Incineroar|Incineroar, L50, F|64/100\n|-ability|p1a: Incineroar|Intimidate|boost\n|-unboost|p2a: Milotic|atk|1\n|-ability|p2a: Milotic|Competitive|boost\n|-boost|p2a: Milotic|spa|2\n|-unboost|p2b: Ditto|atk|1\n|move|p1b: Primarina|Protect|p1b: Primarina\n|-singleturn|p1b: Primarina|Protect\n|move|p2a: Milotic|Scald|p1b: Primarina\n|-activate|p1b: Primarina|move: Protect\n|move|p2b: Ditto|Clanging Scales|p1b: Primarina|[spread] p1a\n|-activate|p1b: Primarina|move: Protect\n|-damage|p1a: Incineroar|24/100\n|-unboost|p2b: Ditto|def|1\n|\n|-heal|p2a: Milotic|39/100|[from] item: Leftovers\n|upkeep\n|turn|9\n|\n|t:|1775911129\n|switch|p2b: Farigiraf|Farigiraf, L50, F, shiny|100/100\n|move|p1a: Incineroar|Fake Out||[still]\n|cant|p2b: Farigiraf|ability: Armor Tail|Fake Out|[of] p1a: Incineroar\n|move|p2a: Milotic|Scald|p1b: Primarina\n|-resisted|p1b: Primarina|1\n|-damage|p1b: Primarina|0 fnt\n|faint|p1b: Primarina\n|\n|-heal|p2a: Milotic|45/100|[from] item: Leftovers\n|upkeep\n|\n|t:|1775911136\n|switch|p1b: Kommo-o|Kommo-o, L50, M|47/100\n|turn|10\n|\n|t:|1775911141\n|move|p2a: Milotic|Protect|p2a: Milotic\n|-singleturn|p2a: Milotic|Protect\n|move|p1b: Kommo-o|Clanging Scales|p2b: Farigiraf|[spread] p2b\n|-activate|p2a: Milotic|move: Protect\n|-damage|p2b: Farigiraf|67/100\n|-unboost|p1b: Kommo-o|def|1\n|move|p2b: Farigiraf|Psychic|p1b: Kommo-o\n|-supereffective|p1b: Kommo-o|1\n|-damage|p1b: Kommo-o|0 fnt\n|faint|p1b: Kommo-o\n|move|p1a: Incineroar|Darkest Lariat|p2a: Milotic\n|-activate|p2a: Milotic|move: Protect\n|\n|-heal|p2a: Milotic|50/100|[from] item: Leftovers\n|upkeep\n|turn|11\n|-message|Evoboosted forfeited.\n|\n|win|joymaxxing\n|raw|Evoboosted's rating: 1141 &rarr; <strong>1115</strong><br />(-26 for losing)\n|raw|joymaxxing's rating: 1132 &rarr; <strong>1158</strong><br />(+26 for winning)\n|l|\u2606Evoboosted\n|player|p1|\n",
  "uploadtime": 1775911151,
  "views": 15,
  "formatid": "gen9championsvgc2026regma",
  "rating": 1115,
  "private": 0,
  "password": null
}