{
  "id": "gen9championsvgc2026regma-2582800961",
  "format": "[Gen 9 Champions] VGC 2026 Reg M-A",
  "players": [
    "porpal_goji",
    "Pauichi"
  ],
  "log": "|j|\u2606porpal_goji\n|j|\u2606Pauichi\n|t:|1776115128\n|gametype|doubles\n|player|p1|porpal_goji|clair|1042\n|player|p2|Pauichi|102|1000\n|gen|9\n|tier|[Gen 9 Champions] VGC 2026 Reg M-A\n|rated|\n|rule|Species Clause: Limit one of each Pok\u00e9mon\n|rule|Item Clause: Limit 1 of each item\n|clearpoke\n|poke|p1|Arbok, L50, F|\n|poke|p1|Espathra, L50, F|\n|poke|p1|Pelipper, L50, F|\n|poke|p1|Archaludon, L50, F|\n|poke|p1|Basculegion, L50, M|\n|poke|p1|Chesnaught, L50, M|\n|poke|p2|Tinkaton, L50, F|\n|poke|p2|Starmie, L50|\n|poke|p2|Tyranitar, L50, F|\n|poke|p2|Garchomp, L50, F|\n|poke|p2|Sinistcha, L50|\n|poke|p2|Incineroar, L50, F|\n|teampreview|4\n|\n|t:|1776115153\n|teamsize|p1|4\n|teamsize|p2|4\n|start\n|switch|p1a: Espathra|Espathra, L50, F|100/100\n|switch|p1b: Chesnaught|Chesnaught, L50, M|100/100\n|switch|p2a: Tinkaton|Tinkaton, L50, F|100/100\n|switch|p2b: Starmie|Starmie, L50|100/100\n|-ability|p2a: Tinkaton|Mold Breaker\n|turn|1\n|\n|t:|1776115180\n|detailschange|p2b: Starmie|Starmie-Mega, L50\n|-mega|p2b: Starmie|Starmie|Starminite\n|detailschange|p1b: Chesnaught|Chesnaught-Mega, L50, M\n|-mega|p1b: Chesnaught|Chesnaught|Chesnaughtite\n|move|p2a: Tinkaton|Fake Out|p1a: Espathra\n|-damage|p1a: Espathra|86/100\n|move|p2b: Starmie|Skill Swap|p2a: Tinkaton\n|-activate|p2b: Starmie|Skill Swap|||[of] p2a: Tinkaton\n|-ability|p2b: Starmie|Mold Breaker\n|cant|p1a: Espathra|flinch\n|move|p1b: Chesnaught|Bulk Up|p1b: Chesnaught\n|-boost|p1b: Chesnaught|atk|1\n|-boost|p1b: Chesnaught|def|1\n|\n|-ability|p1a: Espathra|Speed Boost|boost\n|-boost|p1a: Espathra|spe|1\n|upkeep\n|turn|2\n|\n|t:|1776115220\n|switch|p2b: Sinistcha|Sinistcha, L50|100/100\n|move|p1b: Chesnaught|Spiky Shield|p1b: Chesnaught\n|-singleturn|p1b: Chesnaught|move: Protect\n|move|p1a: Espathra|Dazzling Gleam|p2a: Tinkaton|[spread] p2a,p2b\n|-resisted|p2a: Tinkaton|1\n|-damage|p2a: Tinkaton|90/100\n|-damage|p2b: Sinistcha|79/100\n|move|p2a: Tinkaton|Play Rough|p1b: Chesnaught\n|-activate|p1b: Chesnaught|move: Protect\n|-damage|p2a: Tinkaton|78/100|[from] Spiky Shield|[of] p1b: Chesnaught\n|\n|-heal|p2b: Sinistcha|85/100|[from] item: Leftovers\n|-ability|p1a: Espathra|Speed Boost|boost\n|-boost|p1a: Espathra|spe|1\n|upkeep\n|turn|3\n|\n|t:|1776115239\n|move|p1a: Espathra|Skill Swap|p1b: Chesnaught\n|-activate|p1a: Espathra|Skill Swap|||[of] p1b: Chesnaught\n|move|p2a: Tinkaton|Gigaton Hammer|p1a: Espathra\n|-damage|p1a: Espathra|0 fnt\n|faint|p1a: Espathra\n|move|p2b: Sinistcha|Life Dew|p2b: Sinistcha|[spread] p2a,p2b\n|-heal|p2a: Tinkaton|100/100\n|-heal|p2b: Sinistcha|100/100\n|move|p1b: Chesnaught|Bulk Up|p1b: Chesnaught\n|-boost|p1b: Chesnaught|atk|1\n|-boost|p1b: Chesnaught|def|1\n|\n|-ability|p1b: Chesnaught|Speed Boost|boost\n|-boost|p1b: Chesnaught|spe|1\n|upkeep\n|\n|t:|1776115257\n|switch|p1a: Archaludon|Archaludon, L50, F|100/100\n|turn|4\n|\n|t:|1776115266\n|move|p1a: Archaludon|Protect|p1a: Archaludon\n|-singleturn|p1a: Archaludon|Protect\n|move|p2b: Sinistcha|Rage Powder|p2b: Sinistcha\n|-singleturn|p2b: Sinistcha|move: Rage Powder\n|move|p2a: Tinkaton|Play Rough|p1b: Chesnaught\n|-supereffective|p1b: Chesnaught|1\n|-damage|p1b: Chesnaught|64/100\n|move|p1b: Chesnaught|Drain Punch|p2a: Tinkaton\n|-damage|p2a: Tinkaton|2/100\n|-heal|p1b: Chesnaught|100/100|[from] drain|[of] p2a: Tinkaton\n|\n|-ability|p1b: Chesnaught|Speed Boost|boost\n|-boost|p1b: Chesnaught|spe|1\n|upkeep\n|turn|5\n|\n|t:|1776115308\n|move|p2a: Tinkaton|Protect|p2a: Tinkaton\n|-singleturn|p2a: Tinkaton|Protect\n|move|p2b: Sinistcha|Protect|p2b: Sinistcha\n|-singleturn|p2b: Sinistcha|Protect\n|move|p1a: Archaludon|Flash Cannon|p2b: Sinistcha\n|-activate|p2b: Sinistcha|move: Protect\n|move|p1b: Chesnaught|Drain Punch|p2a: Tinkaton\n|-activate|p2a: Tinkaton|move: Protect\n|\n|-ability|p1b: Chesnaught|Speed Boost|boost\n|-boost|p1b: Chesnaught|spe|1\n|upkeep\n|turn|6\n|\n|t:|1776115334\n|switch|p2b: Garchomp|Garchomp, L50, F|100/100\n|move|p2a: Tinkaton|Play Rough|p1b: Chesnaught\n|-supereffective|p1b: Chesnaught|1\n|-damage|p1b: Chesnaught|57/100\n|move|p1b: Chesnaught|Rock Slide|p2b: Garchomp|[spread] p2a,p2b\n|-resisted|p2a: Tinkaton|1\n|-resisted|p2b: Garchomp|1\n|-damage|p2a: Tinkaton|0 fnt\n|-damage|p2b: Garchomp|82/100\n|faint|p2a: Tinkaton\n|move|p1a: Archaludon|Flash Cannon|p2b: Garchomp\n|-damage|p2b: Garchomp|39/100\n|\n|-ability|p1b: Chesnaught|Speed Boost|boost\n|-boost|p1b: Chesnaught|spe|1\n|upkeep\n|\n|t:|1776115357\n|switch|p2a: Sinistcha|Sinistcha, L50|100/100\n|-heal|p2b: Garchomp|64/100|[from] ability: Hospitality|[of] p2a: Sinistcha\n|turn|7\n|\n|t:|1776115370\n|move|p1a: Archaludon|Protect|p1a: Archaludon\n|-singleturn|p1a: Archaludon|Protect\n|move|p2a: Sinistcha|Protect|p2a: Sinistcha\n|-singleturn|p2a: Sinistcha|Protect\n|move|p1b: Chesnaught|Drain Punch|p2b: Garchomp\n|-damage|p2b: Garchomp|0 fnt\n|-heal|p1b: Chesnaught|88/100|[from] drain|[of] p2b: Garchomp\n|faint|p2b: Garchomp\n|\n|-ability|p1b: Chesnaught|Speed Boost|boost\n|-boost|p1b: Chesnaught|spe|1\n|upkeep\n|-message|Pauichi forfeited.\n|\n|win|porpal_goji\n|raw|porpal_goji's rating: 1042 &rarr; <strong>1072</strong><br />(+30 for winning)\n|raw|Pauichi's rating: 1000 &rarr; <strong>1000</strong><br />(+0 for losing)\n|l|\u2606Pauichi\n|player|p2|\n",
  "uploadtime": 1776115385,
  "views": 14,
  "formatid": "gen9championsvgc2026regma",
  "rating": 1000,
  "private": 0,
  "password": null
}