{
  "id": "gen9championsvgc2026regma-2589550683",
  "format": "[Gen 9 Champions] VGC 2026 Reg M-A",
  "players": [
    "skysoosh",
    "SpamtonGSpamton97"
  ],
  "log": "|j|\u2606skysoosh\n|j|\u2606SpamtonGSpamton97\n|t:|1776733299\n|gametype|doubles\n|player|p1|skysoosh|265|1116\n|player|p2|SpamtonGSpamton97|hilbert|1080\n|gen|9\n|tier|[Gen 9 Champions] VGC 2026 Reg M-A\n|rated|\n|rule|Species Clause: Limit one of each Pok\u00e9mon\n|rule|Item Clause: Limit 1 of each item\n|clearpoke\n|poke|p1|Lucario, L50, F|\n|poke|p1|Rotom-Wash, L50|\n|poke|p1|Talonflame, L50, M|\n|poke|p1|Basculegion, L50, M|\n|poke|p1|Farigiraf, L50, F|\n|poke|p1|Garchomp, L50, F|\n|poke|p2|Diggersby, L50, F|\n|poke|p2|Sinistcha, L50, shiny|\n|poke|p2|Ariados, L50, M|\n|poke|p2|Aggron, L50, M, shiny|\n|poke|p2|Maushold, L50, shiny|\n|poke|p2|Spiritomb, L50, F, shiny|\n|teampreview|4\n|\n|t:|1776733374\n|teamsize|p1|4\n|teamsize|p2|4\n|start\n|switch|p1a: Garchomp|Garchomp, L50, F|100/100\n|switch|p1b: Talonflame|Talonflame, L50, M|100/100\n|switch|p2a: SOULS OF HELL|Spiritomb, L50, F, shiny|100/100\n|switch|p2b: temu ursaluna|Diggersby, L50, F|100/100\n|turn|1\n|\n|t:|1776733429\n|move|p2b: temu ursaluna|Protect|p2b: temu ursaluna\n|-singleturn|p2b: temu ursaluna|Protect\n|move|p1b: Talonflame|Tailwind|p1b: Talonflame\n|-sidestart|p1: skysoosh|move: Tailwind\n|move|p1a: Garchomp|Dragon Claw|p2b: temu ursaluna\n|-activate|p2b: temu ursaluna|move: Protect\n|move|p2a: SOULS OF HELL|Trick Room|p2a: SOULS OF HELL\n|-fieldstart|move: Trick Room|[of] p2a: SOULS OF HELL\n|\n|upkeep\n|turn|2\n|\n|t:|1776733452\n|move|p2a: SOULS OF HELL|Will-O-Wisp|p1a: Garchomp\n|-status|p1a: Garchomp|brn\n|move|p2b: temu ursaluna|Rock Slide|p1b: Talonflame|[spread] p1a,p1b\n|-resisted|p1a: Garchomp|1\n|-supereffective|p1b: Talonflame|2\n|-damage|p1a: Garchomp|88/100 brn\n|-damage|p1b: Talonflame|0 fnt\n|faint|p1b: Talonflame\n|move|p1a: Garchomp|Rock Slide|p2b: temu ursaluna|[spread] p2a,p2b\n|-resisted|p2b: temu ursaluna|1\n|-damage|p2a: SOULS OF HELL|89/100\n|-damage|p2b: temu ursaluna|95/100\n|\n|-damage|p1a: Garchomp|82/100 brn|[from] brn\n|upkeep\n|\n|t:|1776733465\n|switch|p1b: Basculegion|Basculegion, L50, M|100/100\n|turn|3\n|\n|t:|1776733472\n|move|p2a: SOULS OF HELL|Will-O-Wisp|p1b: Basculegion\n|-status|p1b: Basculegion|brn\n|move|p2b: temu ursaluna|High Horsepower|p1b: Basculegion\n|-damage|p1b: Basculegion|17/100 brn\n|move|p1a: Garchomp|Rock Slide|p2a: SOULS OF HELL|[spread] p2a,p2b\n|-resisted|p2b: temu ursaluna|1\n|-damage|p2a: SOULS OF HELL|79/100\n|-damage|p2b: temu ursaluna|89/100\n|move|p1b: Basculegion|Last Respects|p2a: SOULS OF HELL\n|-damage|p2a: SOULS OF HELL|48/100\n|\n|-damage|p1a: Garchomp|76/100 brn|[from] brn\n|-damage|p1b: Basculegion|11/100 brn|[from] brn\n|upkeep\n|turn|4\n|\n|t:|1776733487\n|move|p2a: SOULS OF HELL|Hex|p1a: Garchomp\n|-damage|p1a: Garchomp|32/100 brn\n|move|p2b: temu ursaluna|Rock Slide|p1b: Basculegion|[spread] p1a,p1b\n|-resisted|p1a: Garchomp|1\n|-damage|p1a: Garchomp|20/100 brn\n|-damage|p1b: Basculegion|0 fnt\n|faint|p1b: Basculegion\n|move|p1a: Garchomp|Rock Slide|p2b: temu ursaluna|[spread] p2a,p2b\n|-resisted|p2b: temu ursaluna|1\n|-damage|p2a: SOULS OF HELL|38/100\n|-damage|p2b: temu ursaluna|83/100\n|\n|-damage|p1a: Garchomp|14/100 brn|[from] brn\n|-sideend|p1: skysoosh|move: Tailwind\n|upkeep\n|\n|t:|1776733499\n|switch|p1b: Lucario|Lucario, L50, F|100/100\n|turn|5\n|\n|t:|1776733503\n|move|p1b: Lucario|Protect|p1b: Lucario\n|-singleturn|p1b: Lucario|Protect\n|move|p1a: Garchomp|Protect|p1a: Garchomp\n|-singleturn|p1a: Garchomp|Protect\n|move|p2a: SOULS OF HELL|Will-O-Wisp|p1b: Lucario\n|-activate|p1b: Lucario|move: Protect\n|move|p2b: temu ursaluna|Rock Slide|p1b: Lucario|[spread] \n|-activate|p1a: Garchomp|move: Protect\n|-activate|p1b: Lucario|move: Protect\n|\n|-damage|p1a: Garchomp|8/100 brn|[from] brn\n|-fieldend|move: Trick Room\n|upkeep\n|turn|6\n|\n|t:|1776733530\n|detailschange|p1b: Lucario|Lucario-Mega, L50, F\n|-mega|p1b: Lucario|Lucario|Lucarionite\n|move|p2b: temu ursaluna|Protect|p2b: temu ursaluna\n|-singleturn|p2b: temu ursaluna|Protect\n|move|p1b: Lucario|Flash Cannon|p2a: SOULS OF HELL\n|-damage|p2a: SOULS OF HELL|0 fnt\n|faint|p2a: SOULS OF HELL\n|move|p1a: Garchomp|Dragon Claw|p2b: temu ursaluna\n|-activate|p2b: temu ursaluna|move: Protect\n|\n|-damage|p1a: Garchomp|2/100 brn|[from] brn\n|upkeep\n|\n|t:|1776733539\n|switch|p2a: the rats|Maushold, L50, shiny|100/100\n|turn|7\n|\n|t:|1776733550\n|move|p2a: the rats|After You|p2b: temu ursaluna\n|-activate|p2b: temu ursaluna|move: After You\n|move|p2b: temu ursaluna|High Horsepower|p1b: Lucario\n|-supereffective|p1b: Lucario|1\n|-damage|p1b: Lucario|0 fnt\n|faint|p1b: Lucario\n|move|p1a: Garchomp|Rock Slide|p2a: the rats|[spread] p2a\n|-miss|p1a: Garchomp|p2b: temu ursaluna\n|-damage|p2a: the rats|87/100\n|\n|-heal|p2a: the rats|93/100|[from] item: Leftovers\n|-damage|p1a: Garchomp|0 fnt|[from] brn\n|faint|p1a: Garchomp\n|\n|win|SpamtonGSpamton97\n|raw|skysoosh's rating: 1116 &rarr; <strong>1088</strong><br />(-28 for losing)\n|raw|SpamtonGSpamton97's rating: 1080 &rarr; <strong>1111</strong><br />(+31 for winning)\n|l|\u2606skysoosh\n|player|p1|\n|c|\u2606SpamtonGSpamton97|gg\n",
  "uploadtime": 1776733889,
  "views": 7,
  "formatid": "gen9championsvgc2026regma",
  "rating": 1088,
  "private": 0,
  "password": null
}