{
  "id": "gen9championsvgc2026regma-2583011545",
  "format": "[Gen 9 Champions] VGC 2026 Reg M-A",
  "players": [
    "Gaby Glytxii",
    "Splungerhumbus"
  ],
  "log": "|j|\u2606Gaby Glytxii\n|j|\u2606Splungerhumbus\n|t:|1776133183\n|gametype|doubles\n|player|p1|Gaby Glytxii|102|1016\n|player|p2|Splungerhumbus|101|1025\n|gen|9\n|tier|[Gen 9 Champions] VGC 2026 Reg M-A\n|rated|\n|rule|Species Clause: Limit one of each Pok\u00e9mon\n|rule|Item Clause: Limit 1 of each item\n|clearpoke\n|poke|p1|Gallade, L50, M|\n|poke|p1|Volcarona, L50, F|\n|poke|p1|Zoroark-Hisui, L50, M|\n|poke|p1|Espeon, L50, F|\n|poke|p1|Weavile, L50, F|\n|poke|p1|Meowstic-F, L50, F|\n|poke|p2|Lucario, L50, F|\n|poke|p2|Aerodactyl, L50, M|\n|poke|p2|Tyranitar, L50, F|\n|poke|p2|Gyarados, L50, F|\n|poke|p2|Rotom-Heat, L50|\n|poke|p2|Meowstic, L50, M|\n|teampreview|4\n|\n|t:|1776133215\n|teamsize|p1|4\n|teamsize|p2|4\n|start\n|switch|p1a: Gallade|Gallade, L50, M|100/100\n|switch|p1b: Meowstic|Meowstic-F, L50, F|100/100\n|switch|p2a: Meowstic|Meowstic, L50, M|100/100\n|switch|p2b: Aerodactyl|Aerodactyl, L50, M|100/100\n|-ability|p2b: Aerodactyl|Unnerve\n|turn|1\n|\n|t:|1776133240\n|move|p2b: Aerodactyl|Protect|p2b: Aerodactyl\n|-singleturn|p2b: Aerodactyl|Protect\n|move|p2a: Meowstic|Fake Out|p1a: Gallade\n|-immune|p1a: Gallade\n|move|p1a: Gallade|Nasty Plot|p1a: Gallade\n|-boost|p1a: Gallade|spa|2\n|move|p1b: Meowstic|Psychic Terrain|p1b: Meowstic\n|-fieldstart|move: Psychic Terrain\n|\n|upkeep\n|turn|2\n|\n|t:|1776133261\n|move|p2a: Meowstic|Thunder Wave|p1a: Gallade\n|-activate|p1a: Gallade|move: Psychic Terrain\n|move|p2b: Aerodactyl|Tailwind|p2b: Aerodactyl\n|-sidestart|p2: Splungerhumbus|move: Tailwind\n|move|p1a: Gallade|Shadow Ball|p2b: Aerodactyl\n|-enditem|p2b: Aerodactyl|Focus Sash\n|-damage|p2b: Aerodactyl|1/100\n|move|p1b: Meowstic|Psychic Noise|p2b: Aerodactyl\n|-damage|p2b: Aerodactyl|0 fnt\n|faint|p2b: Aerodactyl\n|\n|upkeep\n|\n|t:|1776133277\n|switch|p2b: Tyranitar|Tyranitar, L50, F|100/100\n|-weather|Sandstorm|[from] ability: Sand Stream|[of] p2b: Tyranitar\n|turn|3\n|\n|t:|1776133299\n|move|p2a: Meowstic|Nasty Plot|p2a: Meowstic\n|-boost|p2a: Meowstic|spa|2\n|move|p1a: Gallade|Sludge Bomb|p2b: Tyranitar\n|-resisted|p2b: Tyranitar|1\n|-damage|p2b: Tyranitar|82/100\n|move|p1b: Meowstic|Dark Pulse|p2b: Tyranitar\n|-resisted|p2b: Tyranitar|1\n|-damage|p2b: Tyranitar|76/100\n|move|p2b: Tyranitar|Crunch|p1b: Meowstic\n|-supereffective|p1b: Meowstic|1\n|-enditem|p1b: Meowstic|Colbur Berry|[eat]\n|-enditem|p1b: Meowstic|Colbur Berry|[weaken]\n|-damage|p1b: Meowstic|31/100\n|\n|-weather|Sandstorm|[upkeep]\n|-damage|p2a: Meowstic|94/100|[from] Sandstorm\n|-damage|p1a: Gallade|94/100|[from] Sandstorm\n|-damage|p1b: Meowstic|25/100|[from] Sandstorm\n|upkeep\n|turn|4\n|\n|t:|1776133328\n|move|p2b: Tyranitar|Protect|p2b: Tyranitar\n|-singleturn|p2b: Tyranitar|Protect\n|move|p2a: Meowstic|Baton Pass|p2a: Meowstic\n|\n|t:|1776133332\n|switch|p2a: Lucario|Lucario, L50, F, shiny|100/100|[from] Baton Pass\n|move|p1a: Gallade|Shadow Ball|p2a: Lucario\n|-damage|p2a: Lucario|0 fnt\n|faint|p2a: Lucario\n|move|p1b: Meowstic|Dark Pulse|p2b: Tyranitar\n|-activate|p2b: Tyranitar|move: Protect\n|\n|-weather|Sandstorm|[upkeep]\n|-damage|p1a: Gallade|88/100|[from] Sandstorm\n|-damage|p1b: Meowstic|19/100|[from] Sandstorm\n|upkeep\n|\n|t:|1776133345\n|switch|p2a: Meowstic|Meowstic, L50, M|94/100\n|turn|5\n|\n|t:|1776133376\n|move|p2a: Meowstic|Thunder Wave|p1b: Meowstic\n|-activate|p1b: Meowstic|move: Psychic Terrain\n|move|p1a: Gallade|Shadow Ball|p2a: Meowstic\n|-supereffective|p2a: Meowstic|1\n|-damage|p2a: Meowstic|0 fnt\n|faint|p2a: Meowstic\n|move|p1b: Meowstic|Dark Pulse|p2b: Tyranitar\n|-resisted|p2b: Tyranitar|1\n|-damage|p2b: Tyranitar|70/100\n|move|p2b: Tyranitar|Rock Slide|p1a: Gallade|[spread] p1a,p1b\n|-damage|p1a: Gallade|13/100\n|-damage|p1b: Meowstic|0 fnt\n|replace|p1a: Zoroark|Zoroark-Hisui, L50, M\n|-end|p1a: Zoroark|Illusion\n|-enditem|p1a: Zoroark|Sitrus Berry|[eat]\n|-heal|p1a: Zoroark|38/100|[from] item: Sitrus Berry\n|faint|p1b: Meowstic\n|\n|-weather|Sandstorm|[upkeep]\n|-damage|p1a: Zoroark|32/100|[from] Sandstorm\n|-sideend|p2: Splungerhumbus|move: Tailwind\n|-fieldend|move: Psychic Terrain\n|upkeep\n|\n|t:|1776133386\n|switch|p1b: Gallade|Gallade, L50, M|100/100\n|turn|6\n|\n|t:|1776133400\n|detailschange|p1b: Gallade|Gallade-Mega, L50, M\n|-mega|p1b: Gallade|Gallade|Galladite\n|move|p1a: Zoroark|Nasty Plot|p1a: Zoroark\n|-boost|p1a: Zoroark|spa|2\n|move|p1b: Gallade|Drain Punch|p2b: Tyranitar\n|-supereffective|p2b: Tyranitar|2\n|-damage|p2b: Tyranitar|0 fnt\n|faint|p2b: Tyranitar\n|\n|win|Gaby Glytxii\n|raw|Gaby Glytxii's rating: 1016 &rarr; <strong>1055</strong><br />(+39 for winning)\n|raw|Splungerhumbus's rating: 1025 &rarr; <strong>1011</strong><br />(-14 for losing)\n|l|\u2606Splungerhumbus\n|player|p2|\n",
  "uploadtime": 1776133412,
  "views": 24,
  "formatid": "gen9championsvgc2026regma",
  "rating": 1011,
  "private": 0,
  "password": null
}