{
  "id": "gen9championsvgc2026regma-2580616103",
  "format": "[Gen 9 Champions] VGC 2026 Reg M-A",
  "players": [
    "megap1",
    "SabrinaCarTimburr"
  ],
  "log": "|j|\u2606megap1\n|j|\u2606SabrinaCarTimburr\n|t:|1775918370\n|gametype|doubles\n|player|p1|megap1|102|1071\n|player|p2|SabrinaCarTimburr|sabrina-frlg|1004\n|gen|9\n|tier|[Gen 9 Champions] VGC 2026 Reg M-A\n|rated|\n|rule|Species Clause: Limit one of each Pok\u00e9mon\n|rule|Item Clause: Limit 1 of each item\n|clearpoke\n|poke|p1|Charizard, L50, F|\n|poke|p1|Kingambit, L50, M|\n|poke|p1|Garchomp, L50, F|\n|poke|p1|Sneasler, L50, M|\n|poke|p1|Dragapult, L50, M|\n|poke|p1|Maushold, L50|\n|poke|p2|Dragonite, L50, M|\n|poke|p2|Politoed, L50, M|\n|poke|p2|Sinistcha, L50|\n|poke|p2|Incineroar, L50, M|\n|poke|p2|Raichu, L50, F|\n|poke|p2|Gengar, L50, M|\n|teampreview|4\n|inactive|Battle timer is ON: inactive players will automatically lose when time's up. (requested by megap1)\nmegap1 has agreed to open team sheets.\n|\n|t:|1775918415\n|teamsize|p1|4\n|teamsize|p2|4\n|start\n|switch|p1a: Charizard|Charizard, L50, F, shiny|100/100\n|switch|p1b: Sneasler|Sneasler, L50, M, shiny|100/100\n|switch|p2a: Dragonite|Dragonite, L50, M|100/100\n|switch|p2b: Politoed|Politoed, L50, M|100/100\n|-weather|RainDance|[from] ability: Drizzle|[of] p2b: Politoed\n|turn|1\n|inactive|SabrinaCarTimburr has 30 seconds left.\n|inactive|SabrinaCarTimburr has 20 seconds left.\n|\n|t:|1775918454\n|detailschange|p1a: Charizard|Charizard-Mega-Y, L50, F, shiny\n|-mega|p1a: Charizard|Charizard|Charizardite Y\n|-weather|SunnyDay|[from] ability: Drought|[of] p1a: Charizard\n|detailschange|p2a: Dragonite|Dragonite-Mega, L50, M\n|-mega|p2a: Dragonite|Dragonite|Dragoninite\n|move|p2b: Politoed|Helping Hand|p2a: Dragonite\n|-singleturn|p2a: Dragonite|Helping Hand|[of] p2b: Politoed\n|move|p1b: Sneasler|Fake Out|p2b: Politoed\n|-damage|p2b: Politoed|87/100\n|move|p2a: Dragonite|Draco Meteor|p1a: Charizard\n|-damage|p1a: Charizard|0 fnt\n|-unboost|p2a: Dragonite|spa|2\n|faint|p1a: Charizard\n|\n|-weather|SunnyDay|[upkeep]\n|upkeep\n|inactive|megap1 has 30 seconds left.\n|\n|t:|1775918486\n|switch|p1a: Dragapult|Dragapult, L50, M, shiny|100/100\n|turn|2\n|inactive|SabrinaCarTimburr has 30 seconds left.\n|\n|t:|1775918515\n|switch|p2a: Raichu|Raichu, L50, F|100/100\n|move|p1a: Dragapult|Draco Meteor|p2a: Raichu\n|-damage|p2a: Raichu|15/100\n|-unboost|p1a: Dragapult|spa|2\n|move|p1b: Sneasler|Dire Claw|p2a: Raichu\n|-damage|p2a: Raichu|0 fnt\n|faint|p2a: Raichu\n|move|p2b: Politoed|Encore|p1b: Sneasler\n|-start|p1b: Sneasler|Encore\n|\n|-weather|SunnyDay|[upkeep]\n|upkeep\n|\n|t:|1775918530\n|switch|p2a: Dragonite|Dragonite-Mega, L50, M|100/100\n|turn|3\n|inactive|SabrinaCarTimburr has 30 seconds left.\n|\n|t:|1775918562\n|switch|p1a: Kingambit|Kingambit, L50, M, shiny|100/100\n|move|p2a: Dragonite|Protect|p2a: Dragonite\n|-singleturn|p2a: Dragonite|Protect\n|move|p1b: Sneasler|Dire Claw|p2b: Politoed\n|-damage|p2b: Politoed|52/100\n|move|p2b: Politoed|Weather Ball|p1b: Sneasler\n|-damage|p1b: Sneasler|58/100\n|\n|-weather|SunnyDay|[upkeep]\n|upkeep\n|turn|4\n|\n|t:|1775918582\n|switch|p2b: Gengar|Gengar, L50, M|100/100\n|move|p1b: Sneasler|Dire Claw|p2b: Gengar\n|-resisted|p2b: Gengar|2\n|-damage|p2b: Gengar|80/100\n|-start|p1b: Sneasler|Disable|Dire Claw|[from] ability: Cursed Body|[of] p2b: Gengar\n|move|p2a: Dragonite|Tailwind|p2a: Dragonite\n|-sidestart|p2: SabrinaCarTimburr|move: Tailwind\n|move|p1a: Kingambit|Kowtow Cleave|p2b: Gengar\n|-supereffective|p2b: Gengar|1\n|-damage|p2b: Gengar|0 fnt\n|faint|p2b: Gengar\n|\n|-weather|SunnyDay|[upkeep]\n|upkeep\n|\n|t:|1775918594\n|switch|p2b: Politoed|Politoed, L50, M|52/100\n|-weather|RainDance|[from] ability: Drizzle|[of] p2b: Politoed\n|turn|5\n|\n|t:|1775918616\n|move|p1a: Kingambit|Protect|p1a: Kingambit\n|-singleturn|p1a: Kingambit|Protect\n|move|p2a: Dragonite|Hurricane|p1b: Sneasler\n|-supereffective|p1b: Sneasler|1\n|-damage|p1b: Sneasler|0 fnt\n|faint|p1b: Sneasler\n|move|p2b: Politoed|Encore|p1a: Kingambit\n|-activate|p1a: Kingambit|move: Protect\n|\n|-weather|RainDance|[upkeep]\n|upkeep\n|\n|t:|1775918628\n|switch|p1b: Dragapult|Dragapult, L50, M, shiny|100/100\n|turn|6\n|\n|t:|1775918647\n|move|p2a: Dragonite|Hurricane|p1b: Dragapult\n|-damage|p1b: Dragapult|15/100\n|move|p1b: Dragapult|Draco Meteor|p2b: Politoed\n|-damage|p2b: Politoed|4/100\n|-unboost|p1b: Dragapult|spa|2\n|move|p2b: Politoed|Encore|p1a: Kingambit\n|-start|p1a: Kingambit|Encore\n|move|p1a: Kingambit|Protect||[still]\n|-fail|p1a: Kingambit\n|\n|-weather|RainDance|[upkeep]\n|upkeep\n|turn|7\n|\n|t:|1775918667\n|move|p1a: Kingambit|Protect|p1a: Kingambit\n|-singleturn|p1a: Kingambit|Protect\n|move|p2a: Dragonite|Hurricane|p1b: Dragapult\n|-damage|p1b: Dragapult|0 fnt\n|faint|p1b: Dragapult\n|move|p2b: Politoed|Weather Ball|p1a: Kingambit\n|-activate|p1a: Kingambit|move: Protect\n|\n|-weather|RainDance|[upkeep]\n|-sideend|p2: SabrinaCarTimburr|move: Tailwind\n|upkeep\n|turn|8\n|\n|t:|1775918687\n|move|p2b: Politoed|Helping Hand|p2a: Dragonite\n|-singleturn|p2a: Dragonite|Helping Hand|[of] p2b: Politoed\n|move|p1a: Kingambit|Protect||[still]\n|-fail|p1a: Kingambit\n|move|p2a: Dragonite|Hurricane|p1a: Kingambit\n|-resisted|p1a: Kingambit|1\n|-damage|p1a: Kingambit|53/100\n|-start|p1a: Kingambit|confusion\n|\n|-weather|RainDance|[upkeep]\n|-end|p1a: Kingambit|Encore\n|upkeep\n|turn|9\n|\n|t:|1775918705\n|move|p2a: Dragonite|Hurricane|p1a: Kingambit\n|-resisted|p1a: Kingambit|1\n|-damage|p1a: Kingambit|22/100\n|move|p2b: Politoed|Encore|p1a: Kingambit\n|-start|p1a: Kingambit|Encore\n|-activate|p1a: Kingambit|confusion\n|move|p1a: Kingambit|Protect||[still]\n|-fail|p1a: Kingambit\n|\n|-weather|none\n|upkeep\n|turn|10\n|\n|t:|1775918718\n|-activate|p1a: Kingambit|confusion\n|-damage|p1a: Kingambit|11/100|[from] confusion\n|move|p2a: Dragonite|Draco Meteor|p1a: Kingambit\n|-resisted|p1a: Kingambit|1\n|-damage|p1a: Kingambit|0 fnt\n|-unboost|p2a: Dragonite|spa|2\n|faint|p1a: Kingambit\n|\n|win|SabrinaCarTimburr\n|raw|megap1's rating: 1071 &rarr; <strong>1046</strong><br />(-25 for losing)\n|raw|SabrinaCarTimburr's rating: 1004 &rarr; <strong>1051</strong><br />(+47 for winning)\n|l|\u2606megap1\n|player|p1|\n",
  "uploadtime": 1775918730,
  "views": 18,
  "formatid": "gen9championsvgc2026regma",
  "rating": 1046,
  "private": 0,
  "password": null
}