{
  "id": "gen9championsvgc2026regma-2585610039",
  "format": "[Gen 9 Champions] VGC 2026 Reg M-A",
  "players": [
    "reggurubi",
    "Jpatters"
  ],
  "log": "|j|\u2606reggurubi\n|j|\u2606Jpatters\n|t:|1776358710\n|gametype|doubles\n|player|p1|reggurubi|baker|1090\n|player|p2|Jpatters|scientist-gen4|1094\n|gen|9\n|tier|[Gen 9 Champions] VGC 2026 Reg M-A\n|rated|\n|rule|Species Clause: Limit one of each Pok\u00e9mon\n|rule|Item Clause: Limit 1 of each item\n|clearpoke\n|poke|p1|Rhyperior, L50, F|\n|poke|p1|Politoed, L50, M|\n|poke|p1|Primarina, L50, M|\n|poke|p1|Farigiraf, L50, M|\n|poke|p1|Kangaskhan, L50, F|\n|poke|p1|Sneasler, L50, M|\n|poke|p2|Chesnaught, L50, M|\n|poke|p2|Sinistcha, L50|\n|poke|p2|Farigiraf, L50, F|\n|poke|p2|Whimsicott, L50, F|\n|poke|p2|Maushold, L50|\n|poke|p2|Meowscarada, L50, M|\n|teampreview|4\n|\n|t:|1776358734\n|teamsize|p1|4\n|teamsize|p2|4\n|start\n|switch|p1a: Primarina|Primarina, L50, M|100/100\n|switch|p1b: Kangaskhan|Kangaskhan, L50, F|100/100\n|switch|p2a: Chesnaught|Chesnaught, L50, M|100/100\n|switch|p2b: Meowscarada|Meowscarada, L50, M|100/100\n|turn|1\n|\n|t:|1776358758\n|switch|p2a: Farigiraf|Farigiraf, L50, F|100/100\n|detailschange|p1b: Kangaskhan|Kangaskhan-Mega, L50, F\n|-mega|p1b: Kangaskhan|Kangaskhan|Kangaskhanite\n|move|p1b: Kangaskhan|Fake Out||[still]\n|cant|p2a: Farigiraf|ability: Armor Tail|Fake Out|[of] p1b: Kangaskhan\n|move|p2b: Meowscarada|Flower Trick|p1a: Primarina\n|-start|p2b: Meowscarada|typechange|Grass|[from] ability: Protean\n|-supereffective|p1a: Primarina|1\n|-crit|p1a: Primarina\n|-damage|p1a: Primarina|0 fnt\n|faint|p1a: Primarina\n|\n|upkeep\n|\n|t:|1776358772\n|switch|p1a: Politoed|Politoed, L50, M|100/100\n|-weather|RainDance|[from] ability: Drizzle|[of] p1a: Politoed\n|turn|2\n|\n|t:|1776358791\n|move|p1a: Politoed|Protect|p1a: Politoed\n|-singleturn|p1a: Politoed|Protect\n|move|p2b: Meowscarada|Flower Trick|p1a: Politoed\n|-activate|p1a: Politoed|move: Protect\n|move|p1b: Kangaskhan|Double-Edge|p2b: Meowscarada\n|-damage|p2b: Meowscarada|2/100\n|-damage|p2b: Meowscarada|0 fnt\n|faint|p2b: Meowscarada\n|-hitcount|p2: Meowscarada|2\n|-damage|p1b: Kangaskhan|73/100|[from] Recoil\n|move|p2a: Farigiraf|Hyper Voice|p1a: Politoed|[spread] p1b\n|-activate|p1a: Politoed|move: Protect\n|-damage|p1b: Kangaskhan|45/100\n|\n|-weather|RainDance|[upkeep]\n|upkeep\n|\n|t:|1776358807\n|switch|p2b: Chesnaught|Chesnaught, L50, M|100/100\n|turn|3\n|\n|t:|1776358817\n|move|p2b: Chesnaught|Protect|p2b: Chesnaught\n|-singleturn|p2b: Chesnaught|Protect\n|move|p1b: Kangaskhan|Double-Edge|p2b: Chesnaught\n|-activate|p2b: Chesnaught|move: Protect\n|move|p1a: Politoed|Ice Beam|p2b: Chesnaught\n|-activate|p2b: Chesnaught|move: Protect\n|move|p2a: Farigiraf|Trick Room|p2a: Farigiraf\n|-fieldstart|move: Trick Room|[of] p2a: Farigiraf\n|\n|-weather|RainDance|[upkeep]\n|upkeep\n|turn|4\n|\n|t:|1776358839\n|switch|p1b: Farigiraf|Farigiraf, L50, M|100/100\n|detailschange|p2b: Chesnaught|Chesnaught-Mega, L50, M\n|-mega|p2b: Chesnaught|Chesnaught|Chesnaughtite\n|move|p1a: Politoed|Protect|p1a: Politoed\n|-singleturn|p1a: Politoed|Protect\n|move|p2b: Chesnaught|Drain Punch|p1b: Farigiraf\n|-damage|p1b: Farigiraf|44/100\n|move|p2a: Farigiraf|Psychic|p1a: Politoed\n|-activate|p1a: Politoed|move: Protect\n|\n|-weather|RainDance|[upkeep]\n|upkeep\n|turn|5\n|\n|t:|1776358870\n|move|p2b: Chesnaught|Grassy Glide|p1a: Politoed\n|-supereffective|p1a: Politoed|1\n|-damage|p1a: Politoed|24/100\n|move|p2a: Farigiraf|Hyper Voice|p1b: Farigiraf|[spread] p1a,p1b\n|-damage|p1a: Politoed|2/100\n|-damage|p1b: Farigiraf|24/100\n|move|p1b: Farigiraf|Psychic|p2b: Chesnaught\n|-supereffective|p2b: Chesnaught|1\n|-damage|p2b: Chesnaught|35/100\n|move|p1a: Politoed|Ice Beam|p2b: Chesnaught\n|-supereffective|p2b: Chesnaught|1\n|-damage|p2b: Chesnaught|0 fnt\n|faint|p2b: Chesnaught\n|\n|-weather|RainDance|[upkeep]\n|-heal|p1a: Politoed|8/100|[from] item: Leftovers\n|upkeep\n|\n|t:|1776358877\n|switch|p2b: Sinistcha|Sinistcha, L50|100/100\n|turn|6\n|\n|t:|1776358902\n|move|p1a: Politoed|Protect|p1a: Politoed\n|-singleturn|p1a: Politoed|Protect\n|move|p2a: Farigiraf|Hyper Voice|p1b: Farigiraf|[spread] p1b\n|-activate|p1a: Politoed|move: Protect\n|-damage|p1b: Farigiraf|1/100\n|move|p1b: Farigiraf|Hyper Voice|p2a: Farigiraf|[spread] p2a\n|-immune|p2b: Sinistcha\n|-damage|p2a: Farigiraf|67/100\n|move|p2b: Sinistcha|Grassy Terrain|p2b: Sinistcha\n|-fieldstart|move: Grassy Terrain\n|\n|-weather|none\n|-heal|p2a: Farigiraf|73/100|[from] Grassy Terrain\n|-heal|p1b: Farigiraf|7/100|[from] Grassy Terrain\n|-heal|p1a: Politoed|14/100|[from] Grassy Terrain\n|-heal|p1a: Politoed|20/100|[from] item: Leftovers\n|upkeep\n|turn|7\n|\n|t:|1776358923\n|move|p1b: Farigiraf|Protect|p1b: Farigiraf\n|-singleturn|p1b: Farigiraf|Protect\n|move|p2a: Farigiraf|Hyper Voice|p1a: Politoed|[spread] p1a\n|-activate|p1b: Farigiraf|move: Protect\n|-damage|p1a: Politoed|0 fnt\n|faint|p1a: Politoed\n|move|p2b: Sinistcha|Matcha Gotcha|p1b: Farigiraf\n|-activate|p1b: Farigiraf|move: Protect\n|\n|-heal|p2a: Farigiraf|79/100|[from] Grassy Terrain\n|-heal|p1b: Farigiraf|13/100|[from] Grassy Terrain\n|-fieldend|move: Trick Room\n|upkeep\n|\n|t:|1776358935\n|switch|p1a: Kangaskhan|Kangaskhan-Mega, L50, F|45/100\n|turn|8\n|\n|t:|1776358964\n|move|p2b: Sinistcha|Rage Powder|p2b: Sinistcha\n|-singleturn|p2b: Sinistcha|move: Rage Powder\n|move|p1a: Kangaskhan|Sucker Punch||[still]\n|cant|p2a: Farigiraf|ability: Armor Tail|Sucker Punch|[of] p1a: Kangaskhan\n|move|p2a: Farigiraf|Psychic|p1a: Kangaskhan\n|-damage|p1a: Kangaskhan|14/100\n|move|p1b: Farigiraf|Psychic|p2b: Sinistcha\n|-damage|p2b: Sinistcha|58/100\n|\n|-heal|p1a: Kangaskhan|20/100|[from] Grassy Terrain\n|-heal|p2b: Sinistcha|65/100|[from] Grassy Terrain\n|-heal|p2a: Farigiraf|86/100|[from] Grassy Terrain\n|-heal|p1b: Farigiraf|19/100|[from] Grassy Terrain\n|upkeep\n|turn|9\n|\n|t:|1776358979\n|move|p1a: Kangaskhan|Double-Edge|p2a: Farigiraf\n|-damage|p2a: Farigiraf|43/100\n|-enditem|p2a: Farigiraf|Sitrus Berry|[eat]\n|-heal|p2a: Farigiraf|67/100|[from] item: Sitrus Berry\n|-damage|p2a: Farigiraf|56/100\n|-hitcount|p2a: Farigiraf|2\n|-damage|p1a: Kangaskhan|0 fnt|[from] Recoil\n|faint|p1a: Kangaskhan\n|move|p2b: Sinistcha|Matcha Gotcha|p1b: Farigiraf\n|-damage|p1b: Farigiraf|0 fnt\n|-heal|p2b: Sinistcha|75/100|[from] drain|[of] p1b: Farigiraf\n|faint|p1b: Farigiraf\n|\n|win|Jpatters\n|raw|reggurubi's rating: 1090 &rarr; <strong>1067</strong><br />(-23 for losing)\n|raw|Jpatters's rating: 1094 &rarr; <strong>1120</strong><br />(+26 for winning)\n|l|\u2606reggurubi\n|player|p1|\n",
  "uploadtime": 1776358992,
  "views": 35,
  "formatid": "gen9championsvgc2026regma",
  "rating": 1067,
  "private": 0,
  "password": null
}