{
  "id": "gen9championsvgc2026regma-2581035308",
  "format": "[Gen 9 Champions] VGC 2026 Reg M-A",
  "players": [
    "garex26",
    "Markiito18"
  ],
  "log": "|j|\u2606garex26\n|j|\u2606Markiito18\n|t:|1775953778\n|gametype|doubles\n|player|p1|garex26|iris-gen5bw2|1189\n|player|p2|Markiito18|rood|1218\n|gen|9\n|tier|[Gen 9 Champions] VGC 2026 Reg M-A\n|rated|\n|rule|Species Clause: Limit one of each Pok\u00e9mon\n|rule|Item Clause: Limit 1 of each item\n|clearpoke\n|poke|p1|Froslass, L50, F|\n|poke|p1|Arcanine-Hisui, L50, F|\n|poke|p1|Glaceon, L50, M|\n|poke|p1|Sneasler, L50, M|\n|poke|p1|Whimsicott, L50, M|\n|poke|p1|Farigiraf, L50, F|\n|poke|p2|Floette-Eternal, L50, F|\n|poke|p2|Incineroar, L50, M|\n|poke|p2|Garchomp, L50, M|\n|poke|p2|Sinistcha, L50|\n|poke|p2|Orthworm, L50, M|\n|poke|p2|Delphox, L50, F|\n|teampreview|4\n|inactive|Battle timer is ON: inactive players will automatically lose when time's up. (requested by Markiito18)\n|\n|t:|1775953848\n|teamsize|p1|4\n|teamsize|p2|4\n|start\n|switch|p1a: Arcanine|Arcanine-Hisui, L50, F|100/100\n|switch|p1b: Sneasler|Sneasler, L50, M|100/100\n|switch|p2a: Orthworm|Orthworm, L50, M, shiny|100/100\n|switch|p2b: Delphox|Delphox, L50, F, shiny|100/100\n|-ability|p1a: Arcanine|Intimidate|boost\n|-unboost|p2a: Orthworm|atk|1\n|-unboost|p2b: Delphox|atk|1\n|turn|1\n|inactive|Markiito18 has 30 seconds left.\n|\n|t:|1775953877\n|switch|p2a: Garchomp|Garchomp, L50, M|100/100\n|move|p2b: Delphox|Protect|p2b: Delphox\n|-singleturn|p2b: Delphox|Protect\n|move|p1b: Sneasler|Fake Out|p2a: Garchomp\n|-damage|p2a: Garchomp|89/100\n|-damage|p1b: Sneasler|88/100|[from] ability: Rough Skin|[of] p2a: Garchomp\n|move|p1a: Arcanine|Head Smash|p2b: Delphox\n|-activate|p2b: Delphox|move: Protect\n|\n|upkeep\n|turn|2\n|inactive|Markiito18 has 30 seconds left.\n|inactive|Markiito18 has 20 seconds left.\n|\n|t:|1775953913\n|switch|p1a: Froslass|Froslass, L50, F|100/100\n|detailschange|p2b: Delphox|Delphox-Mega, L50, F, shiny\n|-mega|p2b: Delphox|Delphox|Delphoxite\n|move|p1b: Sneasler|Protect|p1b: Sneasler\n|-singleturn|p1b: Sneasler|Protect\n|move|p2a: Garchomp|Earthquake|p1a: Froslass|[spread] p1a\n|-activate|p1b: Sneasler|move: Protect\n|-immune|p2b: Delphox|[from] ability: Levitate\n|-damage|p1a: Froslass|40/100\n|move|p2b: Delphox|Psychic|p1a: Froslass\n|-crit|p1a: Froslass\n|-damage|p1a: Froslass|0 fnt\n|faint|p1a: Froslass\n|\n|upkeep\n|\n|t:|1775953926\n|switch|p1a: Arcanine|Arcanine-Hisui, L50, F|100/100\n|-ability|p1a: Arcanine|Intimidate|boost\n|-unboost|p2a: Garchomp|atk|1\n|-unboost|p2b: Delphox|atk|1\n|turn|3\n|\n|t:|1775953944\n|switch|p1b: Glaceon|Glaceon, L50, M|100/100\n|move|p2a: Garchomp|Earthquake|p1b: Glaceon|[spread] p1a,p1b\n|-immune|p2b: Delphox|[from] ability: Levitate\n|-supereffective|p1a: Arcanine|2\n|-damage|p1a: Arcanine|0 fnt\n|-damage|p1b: Glaceon|76/100\n|faint|p1a: Arcanine\n|move|p2b: Delphox|Encore||[still]\n|-fail|p2b: Delphox\n|\n|upkeep\n|\n|t:|1775953953\n|switch|p1a: Sneasler|Sneasler, L50, M|88/100\n|turn|4\n|inactive|Markiito18 has 30 seconds left.\n|\n|t:|1775953983\n|switch|p2a: Orthworm|Orthworm, L50, M, shiny|100/100\n|move|p1a: Sneasler|Fake Out|p2b: Delphox\n|-damage|p2b: Delphox|81/100\n|cant|p2b: Delphox|flinch\n|move|p1b: Glaceon|Blizzard|p2b: Delphox|[spread] p2b\n|-miss|p1b: Glaceon|p2a: Orthworm\n|-resisted|p2b: Delphox|1\n|-damage|p2b: Delphox|59/100\n|\n|upkeep\n|turn|5\n|inactive|Markiito18 has 30 seconds left.\n|\n|t:|1775954015\n|move|p1b: Glaceon|Protect|p1b: Glaceon\n|-singleturn|p1b: Glaceon|Protect\n|move|p2b: Delphox|Heat Wave|p1b: Glaceon|[spread] p1a\n|-activate|p1b: Glaceon|move: Protect\n|-damage|p1a: Sneasler|37/100\n|move|p1a: Sneasler|Close Combat|p2a: Orthworm\n|-supereffective|p2a: Orthworm|1\n|-damage|p2a: Orthworm|32/100\n|-unboost|p1a: Sneasler|def|1\n|-unboost|p1a: Sneasler|spd|1\n|-enditem|p1a: Sneasler|White Herb\n|-clearnegativeboost|p1a: Sneasler|[silent]\n|move|p2a: Orthworm|Shed Tail|p2a: Orthworm\n|-fail|p2a: Orthworm|move: Shed Tail|[weak]\n|\n|upkeep\n|turn|6\n|\n|t:|1775954035\n|switch|p2a: Incineroar|Incineroar, L50, M, shiny|100/100\n|-ability|p2a: Incineroar|Intimidate|boost\n|-unboost|p1a: Sneasler|atk|1\n|-unboost|p1b: Glaceon|atk|1\n|move|p2b: Delphox|Protect|p2b: Delphox\n|-singleturn|p2b: Delphox|Protect\n|move|p1a: Sneasler|Dire Claw|p2b: Delphox\n|-activate|p2b: Delphox|move: Protect\n|move|p1b: Glaceon|Blizzard|p2a: Incineroar|[spread] p2a\n|-activate|p2b: Delphox|move: Protect\n|-resisted|p2a: Incineroar|1\n|-damage|p2a: Incineroar|79/100\n|\n|upkeep\n|turn|7\n|inactive|Markiito18 has 30 seconds left.\n|\n|t:|1775954061\n|switch|p2b: Orthworm|Orthworm, L50, M, shiny|32/100\n|switch|p2a: Garchomp|Garchomp, L50, M|89/100\n|move|p1a: Sneasler|Protect|p1a: Sneasler\n|-singleturn|p1a: Sneasler|Protect\n|move|p1b: Glaceon|Protect||[still]\n|-fail|p1b: Glaceon\n|\n|upkeep\n|turn|8\n|inactive|Markiito18 has 30 seconds left.\n|\n|t:|1775954091\n|move|p1a: Sneasler|Dire Claw|p2a: Garchomp\n|-resisted|p2a: Garchomp|1\n|-crit|p2a: Garchomp\n|-damage|p2a: Garchomp|60/100\n|-damage|p1a: Sneasler|25/100|[from] ability: Rough Skin|[of] p2a: Garchomp\n|move|p2a: Garchomp|Earthquake|p1b: Glaceon|[spread] p1a,p1b\n|-heal|p2b: Orthworm|56/100|[from] ability: Earth Eater|[of] p2a: Garchomp\n|-supereffective|p1a: Sneasler|1\n|-damage|p1a: Sneasler|0 fnt\n|-damage|p1b: Glaceon|41/100\n|faint|p1a: Sneasler\n|move|p2b: Orthworm|Body Press|p1b: Glaceon\n|-supereffective|p1b: Glaceon|1\n|-damage|p1b: Glaceon|0 fnt\n|faint|p1b: Glaceon\n|\n|win|Markiito18\n|raw|garex26's rating: 1189 &rarr; <strong>1166</strong><br />(-23 for losing)\n|raw|Markiito18's rating: 1218 &rarr; <strong>1241</strong><br />(+23 for winning)\n|l|\u2606garex26\n|player|p1|\n",
  "uploadtime": 1775954110,
  "views": 13,
  "formatid": "gen9championsvgc2026regma",
  "rating": 1166,
  "private": 0,
  "password": null
}