{
  "id": "gen9championsvgc2026regma-2584197577",
  "format": "[Gen 9 Champions] VGC 2026 Reg M-A",
  "players": [
    "xepher008",
    "Jackal.dd"
  ],
  "log": "|j|\u2606xepher008\n|j|\u2606Jackal.dd\n|t:|1776237094\n|gametype|doubles\n|player|p1|xepher008|2|1041\n|player|p2|Jackal.dd|cheryl|1035\n|gen|9\n|tier|[Gen 9 Champions] VGC 2026 Reg M-A\n|rated|\n|rule|Species Clause: Limit one of each Pok\u00e9mon\n|rule|Item Clause: Limit 1 of each item\n|clearpoke\n|poke|p1|Gengar, L50, F|\n|poke|p1|Incineroar, L50, F|\n|poke|p1|Milotic, L50, F|\n|poke|p1|Heracross, L50, M|\n|poke|p1|Tyranitar, L50, F|\n|poke|p1|Scizor, L50, M|\n|poke|p2|Meganium, L50, F|\n|poke|p2|Excadrill, L50, F|\n|poke|p2|Tyranitar, L50, F|\n|poke|p2|Rotom-Wash, L50|\n|poke|p2|Sneasler, L50, F|\n|poke|p2|Dragapult, L50, F|\n|teampreview|4\n|inactive|Battle timer is ON: inactive players will automatically lose when time's up. (requested by Jackal.dd)\n|\n|t:|1776237161\n|teamsize|p1|4\n|teamsize|p2|4\n|start\n|switch|p1a: Incineroar|Incineroar, L50, F|100/100\n|switch|p1b: Heracross|Heracross, L50, M|100/100\n|switch|p2a: Meganium|Meganium, L50, F|100/100\n|switch|p2b: Rotom|Rotom-Wash, L50|100/100\n|-ability|p1a: Incineroar|Intimidate|boost\n|-unboost|p2a: Meganium|atk|1\n|-unboost|p2b: Rotom|atk|1\n|turn|1\n|inactive|xepher008 has 30 seconds left.\n|inactive|xepher008 has 20 seconds left.\n|\n|t:|1776237196\n|detailschange|p2a: Meganium|Meganium-Mega, L50, F\n|-mega|p2a: Meganium|Meganium|Meganiumite\n|move|p2a: Meganium|Protect|p2a: Meganium\n|-singleturn|p2a: Meganium|Protect\n|move|p1a: Incineroar|Fake Out|p2a: Meganium\n|-activate|p2a: Meganium|move: Protect\n|move|p1b: Heracross|Megahorn|p2a: Meganium\n|-activate|p2a: Meganium|move: Protect\n|move|p2b: Rotom|Volt Switch|p1b: Heracross\n|-damage|p1b: Heracross|62/100\n|\n|t:|1776237210\n|switch|p2b: Tyranitar|Tyranitar, L50, F|100/100|[from] Volt Switch\n|-weather|Sandstorm|[from] ability: Sand Stream|[of] p2b: Tyranitar\n|\n|-weather|Sandstorm|[upkeep]\n|-damage|p1b: Heracross|56/100|[from] Sandstorm\n|-damage|p2a: Meganium|95/100|[from] Sandstorm\n|-damage|p1a: Incineroar|95/100|[from] Sandstorm\n|upkeep\n|turn|2\n|inactive|xepher008 has 30 seconds left.\n|\n|t:|1776237237\n|switch|p2a: Rotom|Rotom-Wash, L50|100/100\n|move|p1b: Heracross|Megahorn|p2b: Tyranitar\n|-supereffective|p2b: Tyranitar|1\n|-damage|p2b: Tyranitar|0 fnt\n|faint|p2b: Tyranitar\n|-ability|p1b: Heracross|Moxie|boost\n|-boost|p1b: Heracross|atk|1\n|move|p1a: Incineroar|Parting Shot|p2a: Rotom\n|-unboost|p2a: Rotom|atk|1\n|-unboost|p2a: Rotom|spa|1\n|\n|t:|1776237250\n|switch|p1a: Scizor|Scizor, L50, M|100/100|[from] Parting Shot\n|\n|-weather|Sandstorm|[upkeep]\n|-damage|p1b: Heracross|50/100|[from] Sandstorm\n|-damage|p2a: Rotom|95/100|[from] Sandstorm\n|upkeep\n|\n|t:|1776237257\n|switch|p2b: Excadrill|Excadrill, L50, F|100/100\n|turn|3\n|\n|t:|1776237273\n|switch|p1b: Incineroar|Incineroar, L50, F|95/100\n|-ability|p1b: Incineroar|Intimidate|boost\n|-unboost|p2a: Rotom|atk|1\n|-unboost|p2b: Excadrill|atk|1\n|move|p2b: Excadrill|Earthquake|p1a: Scizor|[spread] p1a,p1b\n|-immune|p2a: Rotom|[from] ability: Levitate\n|-supereffective|p1b: Incineroar|1\n|-damage|p1a: Scizor|72/100\n|-damage|p1b: Incineroar|53/100\n|move|p2a: Rotom|Volt Switch|p1a: Scizor\n|-damage|p1a: Scizor|48/100\n|\n|t:|1776237285\n|switch|p2a: Meganium|Meganium-Mega, L50, F|95/100|[from] Volt Switch\n|move|p1a: Scizor|Swords Dance|p1a: Scizor\n|-boost|p1a: Scizor|atk|2\n|\n|-weather|Sandstorm|[upkeep]\n|-damage|p2a: Meganium|89/100|[from] Sandstorm\n|-damage|p1b: Incineroar|47/100|[from] Sandstorm\n|-enditem|p1b: Incineroar|Sitrus Berry|[eat]\n|-heal|p1b: Incineroar|72/100|[from] item: Sitrus Berry\n|upkeep\n|turn|4\n|\n|t:|1776237303\n|move|p2b: Excadrill|Protect|p2b: Excadrill\n|-singleturn|p2b: Excadrill|Protect\n|move|p2a: Meganium|Protect|p2a: Meganium\n|-singleturn|p2a: Meganium|Protect\n|move|p1a: Scizor|Protect|p1a: Scizor\n|-singleturn|p1a: Scizor|Protect\n|move|p1b: Incineroar|Fake Out|p2b: Excadrill\n|-activate|p2b: Excadrill|move: Protect\n|\n|-weather|Sandstorm|[upkeep]\n|-damage|p2a: Meganium|83/100|[from] Sandstorm\n|-damage|p1b: Incineroar|66/100|[from] Sandstorm\n|upkeep\n|turn|5\n|inactive|xepher008 has 30 seconds left.\n|\n|t:|1776237328\n|move|p1a: Scizor|Bullet Punch|p2a: Meganium\n|-supereffective|p2a: Meganium|1\n|-damage|p2a: Meganium|0 fnt\n|faint|p2a: Meganium\n|move|p2b: Excadrill|High Horsepower|p1a: Scizor\n|-damage|p1a: Scizor|12/100\n|move|p1b: Incineroar|Flare Blitz|p2b: Excadrill\n|-supereffective|p2b: Excadrill|1\n|-enditem|p2b: Excadrill|Focus Sash\n|-damage|p2b: Excadrill|1/100\n|-status|p2b: Excadrill|brn\n|-damage|p1b: Incineroar|35/100|[from] Recoil\n|\n|-weather|none\n|-damage|p2b: Excadrill|0 fnt|[from] brn\n|faint|p2b: Excadrill\n|upkeep\n|-message|Jackal.dd forfeited.\n|\n|win|xepher008\n|raw|xepher008's rating: 1041 &rarr; <strong>1074</strong><br />(+33 for winning)\n|raw|Jackal.dd's rating: 1035 &rarr; <strong>1020</strong><br />(-15 for losing)\n|l|\u2606Jackal.dd\n|player|p2|\n",
  "uploadtime": 1776237352,
  "views": 22,
  "formatid": "gen9championsvgc2026regma",
  "rating": 1020,
  "private": 0,
  "password": null
}