{
  "id": "gen9championsvgc2026regma-2580506326",
  "format": "[Gen 9 Champions] VGC 2026 Reg M-A",
  "players": [
    "kaiSSTX",
    "mingking"
  ],
  "log": "|j|\u2606kaiSSTX\n|j|\u2606mingking\n|t:|1775906299\n|gametype|doubles\n|player|p1|kaiSSTX|hilbert|1040\n|player|p2|mingking|101|1048\n|gen|9\n|tier|[Gen 9 Champions] VGC 2026 Reg M-A\n|rated|\n|rule|Species Clause: Limit one of each Pok\u00e9mon\n|rule|Item Clause: Limit 1 of each item\n|clearpoke\n|poke|p1|Meganium, L50, F|\n|poke|p1|Garchomp, L50, M|\n|poke|p1|Noivern, L50, F|\n|poke|p1|Rotom-Wash, L50|\n|poke|p1|Glimmora, L50, F|\n|poke|p1|Incineroar, L50, F|\n|poke|p2|Rotom-Wash, L50|\n|poke|p2|Gardevoir, L50, M|\n|poke|p2|Infernape, L50, M|\n|poke|p2|Whimsicott, L50, F|\n|poke|p2|Hatterene, L50, F|\n|poke|p2|Mamoswine, L50, M|\n|teampreview|4\n|inactive|Battle timer is ON: inactive players will automatically lose when time's up. (requested by mingking)\n|\n|t:|1775906343\n|teamsize|p1|4\n|teamsize|p2|4\n|start\n|switch|p1a: Noivern|Noivern, L50, F|100/100\n|switch|p1b: Incineroar|Incineroar, L50, F|100/100\n|switch|p2a: Gardevoir|Gardevoir, L50, M|100/100\n|switch|p2b: Mamoswine|Mamoswine, L50, M|100/100\n|-item|p2a: Gardevoir|Gardevoirite|[from] ability: Frisk|[of] p1a: Noivern\n|-item|p2b: Mamoswine|Choice Scarf|[from] ability: Frisk|[of] p1a: Noivern\n|-ability|p1b: Incineroar|Intimidate|boost\n|-unboost|p2a: Gardevoir|atk|1\n|-unboost|p2b: Mamoswine|atk|1\n|turn|1\n|inactive|mingking has 30 seconds left.\n|\n|t:|1775906374\n|detailschange|p2a: Gardevoir|Gardevoir-Mega, L50, M\n|-mega|p2a: Gardevoir|Gardevoir|Gardevoirite\n|move|p1a: Noivern|Protect|p1a: Noivern\n|-singleturn|p1a: Noivern|Protect\n|move|p2b: Mamoswine|Icicle Crash|p1a: Noivern\n|-activate|p1a: Noivern|move: Protect\n|move|p2a: Gardevoir|Hyper Voice|p1a: Noivern|[spread] p1b\n|-activate|p1a: Noivern|move: Protect\n|-damage|p1b: Incineroar|67/100\n|move|p1b: Incineroar|Parting Shot|p2a: Gardevoir\n|-unboost|p2a: Gardevoir|atk|1\n|-unboost|p2a: Gardevoir|spa|1\n|\n|t:|1775906386\n|switch|p1b: Glimmora|Glimmora, L50, F|100/100|[from] Parting Shot\n|\n|upkeep\n|turn|2\n|\n|t:|1775906401\n|switch|p1a: Incineroar|Incineroar, L50, F|67/100\n|-ability|p1a: Incineroar|Intimidate|boost\n|-unboost|p2a: Gardevoir|atk|1\n|-unboost|p2b: Mamoswine|atk|1\n|switch|p2a: Infernape|Infernape, L50, M|100/100\n|detailschange|p1b: Glimmora|Glimmora-Mega, L50, F\n|-mega|p1b: Glimmora|Glimmora|Glimmoranite\n|move|p2b: Mamoswine|Icicle Crash|p1a: Incineroar\n|-resisted|p1a: Incineroar|1\n|-damage|p1a: Incineroar|58/100\n|move|p1b: Glimmora|Sludge Bomb|p2a: Infernape\n|-damage|p2a: Infernape|0 fnt\n|faint|p2a: Infernape\n|\n|upkeep\n|\n|t:|1775906414\n|switch|p2a: Whimsicott|Whimsicott, L50, F|100/100\n|turn|3\n|\n|t:|1775906429\n|switch|p2b: Gardevoir|Gardevoir-Mega, L50, M|100/100\n|move|p1b: Glimmora|Sludge Bomb|p2a: Whimsicott\n|-supereffective|p2a: Whimsicott|2\n|-enditem|p2a: Whimsicott|Focus Sash\n|-damage|p2a: Whimsicott|1/100\n|-status|p2a: Whimsicott|psn\n|move|p2a: Whimsicott|Moonblast|p1a: Incineroar\n|-damage|p1a: Incineroar|31/100\n|-enditem|p1a: Incineroar|Sitrus Berry|[eat]\n|-heal|p1a: Incineroar|56/100|[from] item: Sitrus Berry\n|move|p1a: Incineroar|Parting Shot|p2a: Whimsicott\n|-unboost|p2a: Whimsicott|atk|1\n|-unboost|p2a: Whimsicott|spa|1\n|\n|t:|1775906443\n|switch|p1a: Noivern|Noivern, L50, F|100/100|[from] Parting Shot\n|-item|p2b: Gardevoir|Gardevoirite|[from] ability: Frisk|[of] p1a: Noivern\n|\n|-damage|p2a: Whimsicott|0 fnt|[from] psn\n|faint|p2a: Whimsicott\n|upkeep\n|\n|t:|1775906445\n|switch|p2a: Mamoswine|Mamoswine, L50, M|100/100\n|turn|4\n|\n|t:|1775906467\n|move|p1b: Glimmora|Spiky Shield|p1b: Glimmora\n|-singleturn|p1b: Glimmora|move: Protect\n|move|p2a: Mamoswine|High Horsepower|p1b: Glimmora\n|-activate|p1b: Glimmora|move: Protect\n|-damage|p2a: Mamoswine|88/100|[from] Spiky Shield|[of] p1b: Glimmora\n|move|p1a: Noivern|Tailwind|p1a: Noivern\n|-sidestart|p1: kaiSSTX|move: Tailwind\n|move|p2b: Gardevoir|Hyper Voice|p1b: Glimmora|[spread] p1a\n|-activate|p1b: Glimmora|move: Protect\n|-supereffective|p1a: Noivern|1\n|-enditem|p1a: Noivern|Focus Sash\n|-damage|p1a: Noivern|1/100\n|\n|upkeep\n|turn|5\n|inactive|kaiSSTX has 30 seconds left.\n|\n|t:|1775906499\n|move|p2b: Gardevoir|Protect|p2b: Gardevoir\n|-singleturn|p2b: Gardevoir|Protect\n|move|p1a: Noivern|Draco Meteor|p2a: Mamoswine\n|-crit|p2a: Mamoswine\n|-damage|p2a: Mamoswine|0 fnt\n|-unboost|p1a: Noivern|spa|2\n|faint|p2a: Mamoswine\n|move|p1b: Glimmora|Sludge Bomb|p2b: Gardevoir\n|-activate|p2b: Gardevoir|move: Protect\n|\n|upkeep\n|turn|6\n|\n|t:|1775906511\n|move|p1a: Noivern|Super Fang|p2b: Gardevoir\n|-damage|p2b: Gardevoir|50/100\n|move|p1b: Glimmora|Sludge Bomb|p2b: Gardevoir\n|-supereffective|p2b: Gardevoir|1\n|-damage|p2b: Gardevoir|0 fnt\n|faint|p2b: Gardevoir\n|\n|win|kaiSSTX\n|raw|kaiSSTX's rating: 1040 &rarr; <strong>1075</strong><br />(+35 for winning)\n|raw|mingking's rating: 1048 &rarr; <strong>1030</strong><br />(-18 for losing)\n|l|\u2606mingking\n|player|p2|\n",
  "uploadtime": 1775906531,
  "views": 20,
  "formatid": "gen9championsvgc2026regma",
  "rating": 1030,
  "private": 0,
  "password": null
}