{
  "id": "gen9championsvgc2026regma-2588277712",
  "format": "[Gen 9 Champions] VGC 2026 Reg M-A",
  "players": [
    "homosapienjoe",
    "Cyndaquil Fan 10"
  ],
  "log": "|j|\u2606homosapienjoe\n|j|\u2606Cyndaquil Fan 10\n|t:|1776620360\n|gametype|doubles\n|player|p1|homosapienjoe|marlon|1000\n|player|p2|Cyndaquil Fan 10|swimmerf|1000\n|gen|9\n|tier|[Gen 9 Champions] VGC 2026 Reg M-A\n|rated|\n|rule|Species Clause: Limit one of each Pok\u00e9mon\n|rule|Item Clause: Limit 1 of each item\n|clearpoke\n|poke|p1|Scovillain, L50, M|\n|poke|p1|Milotic, L50, F|\n|poke|p1|Tauros-Paldea-Blaze, L50, M|\n|poke|p1|Sinistcha, L50|\n|poke|p1|Garganacl, L50, M|\n|poke|p1|Froslass, L50, F|\n|poke|p2|Basculegion, L50, M|\n|poke|p2|Pelipper, L50, F|\n|poke|p2|Archaludon, L50, M|\n|poke|p2|Sneasler, L50, M|\n|poke|p2|Sinistcha-Masterpiece, L50|\n|poke|p2|Dragonite, L50, M|\n|teampreview|4\n|c|\u2606Cyndaquil Fan 10|hi\n|c|\u2606Cyndaquil Fan 10|glhf\n|c|\u2606homosapienjoe|glhf\nCyndaquil Fan 10 has agreed to open team sheets.\nhomosapienjoe has agreed to open team sheets.\n|showteam|p1|Scovillain||Scovillainite|Moody|LeechSeed,Protect,RagePowder,Flamethrower|||M|||50|]Milotic||Leftovers|Competitive|IcyWind,Scald,LifeDew,Protect|||F|||50|]Tauros-Paldea-Blaze||WhiteHerb|Intimidate|CloseCombat,FlareBlitz,Protect,WildCharge|||M|||50|]Sinistcha||MentalHerb|Hospitality|MatchaGotcha,Protect,TrickRoom,RagePowder||||||50|]Garganacl||SitrusBerry|PurifyingSalt|RockSlide,WideGuard,Recover,Block|||M|||50|]Froslass||Froslassite|CursedBody|Blizzard,AuroraVeil,Protect,ShadowBall|||F|||50|\n|showteam|p2|Basculegion||ChoiceScarf|Adaptability|AquaJet,FlipTurn,LastRespects,WaveCrash|||M|||50|]Pelipper||FocusSash|Drizzle|Hurricane,WeatherBall,Tailwind,Protect|||F|||50|]Archaludon||Leftovers|Stamina|ElectroShot,DracoMeteor,FlashCannon,Protect|||M|||50|]Sneasler||WhiteHerb|Unburden|CloseCombat,DireClaw,FakeOut,Protect|||M|||50|]Sinistcha-Masterpiece||SitrusBerry|Hospitality|MatchaGotcha,RagePowder,LifeDew,StrengthSap||||||50|]Dragonite||Dragoninite|Multiscale|Hurricane,DracoMeteor,ExtremeSpeed,Protect|||M|||50|\n|c|\u2606homosapienjoe|yeah that seems more logically sound than my team\n|c|\u2606Cyndaquil Fan 10|i like your team\n|c|\u2606homosapienjoe|thank you cyndaquil fan 10\n|\n|t:|1776620540\n|teamsize|p1|4\n|teamsize|p2|4\n|start\n|switch|p1a: Tauros|Tauros-Paldea-Blaze, L50, M|100/100\n|switch|p1b: Sinistcha|Sinistcha, L50|100/100\n|switch|p2a: Archaludon|Archaludon, L50, M|100/100\n|switch|p2b: Sneasler|Sneasler, L50, M|100/100\n|-ability|p1a: Tauros|Intimidate|boost\n|-unboost|p2a: Archaludon|atk|1\n|-unboost|p2b: Sneasler|atk|1\n|-enditem|p2b: Sneasler|White Herb\n|-clearnegativeboost|p2b: Sneasler|[silent]\n|turn|1\n|\n|t:|1776620577\n|move|p2b: Sneasler|Fake Out|p1a: Tauros\n|-crit|p1a: Tauros\n|-damage|p1a: Tauros|74/100\n|cant|p1a: Tauros|flinch\n|move|p2a: Archaludon|Draco Meteor|p1a: Tauros\n|-damage|p1a: Tauros|0 fnt\n|-unboost|p2a: Archaludon|spa|2\n|faint|p1a: Tauros\n|move|p1b: Sinistcha|Trick Room|p1b: Sinistcha\n|-fieldstart|move: Trick Room|[of] p1b: Sinistcha\n|\n|upkeep\n|\n|t:|1776620588\n|switch|p1a: Milotic|Milotic, L50, F|100/100\n|turn|2\n|\n|t:|1776620601\n|switch|p2a: Pelipper|Pelipper, L50, F|100/100\n|-weather|RainDance|[from] ability: Drizzle|[of] p2a: Pelipper\n|move|p1b: Sinistcha|Matcha Gotcha|p2a: Pelipper|[spread] p2a,p2b\n|-resisted|p2b: Sneasler|1\n|-damage|p2a: Pelipper|58/100\n|-damage|p2b: Sneasler|83/100\n|-status|p2a: Pelipper|brn\n|-status|p2b: Sneasler|brn\n|move|p1a: Milotic|Scald|p2b: Sneasler\n|-damage|p2b: Sneasler|5/100 brn\n|move|p2b: Sneasler|Dire Claw|p1b: Sinistcha\n|-damage|p1b: Sinistcha|84/100\n|\n|-weather|RainDance|[upkeep]\n|-damage|p2a: Pelipper|52/100 brn|[from] brn\n|-damage|p2b: Sneasler|0 fnt|[from] brn\n|faint|p2b: Sneasler\n|upkeep\n|c|\u2606Cyndaquil Fan 10|wow\n|\n|t:|1776620634\n|switch|p2b: Dragonite|Dragonite, L50, M|100/100\n|turn|3\n|c|\u2606homosapienjoe|if i had a nickel for the games ive played with absurd luck, i would have two nickels\n|c|\u2606homosapienjoe|i have played two games\n|c|\u2606Cyndaquil Fan 10|lol\n|\n|t:|1776620664\n|detailschange|p2b: Dragonite|Dragonite-Mega, L50, M\n|-mega|p2b: Dragonite|Dragonite|Dragoninite\n|move|p2b: Dragonite|Protect|p2b: Dragonite\n|-singleturn|p2b: Dragonite|Protect\n|move|p2a: Pelipper|Hurricane|p1b: Sinistcha\n|-supereffective|p1b: Sinistcha|1\n|-damage|p1b: Sinistcha|0 fnt\n|faint|p1b: Sinistcha\n|move|p1a: Milotic|Icy Wind|p2a: Pelipper|[spread] p2a\n|-activate|p2b: Dragonite|move: Protect\n|-damage|p2a: Pelipper|33/100 brn\n|-unboost|p2a: Pelipper|spe|1\n|\n|-weather|RainDance|[upkeep]\n|-damage|p2a: Pelipper|27/100 brn|[from] brn\n|upkeep\n|\n|t:|1776620674\n|switch|p1b: Froslass|Froslass, L50, F|100/100\n|turn|4\n|\n|t:|1776620699\n|switch|p2a: Archaludon|Archaludon, L50, M|100/100\n|move|p1b: Froslass|Protect|p1b: Froslass\n|-singleturn|p1b: Froslass|Protect\n|move|p1a: Milotic|Scald|p2a: Archaludon\n|-resisted|p2a: Archaludon|1\n|-damage|p2a: Archaludon|62/100\n|-ability|p2a: Archaludon|Stamina|boost\n|-boost|p2a: Archaludon|def|1\n|move|p2b: Dragonite|Draco Meteor|p1b: Froslass\n|-activate|p1b: Froslass|move: Protect\n|\n|-weather|RainDance|[upkeep]\n|-heal|p2a: Archaludon|68/100|[from] item: Leftovers\n|upkeep\n|turn|5\n|\n|t:|1776620724\n|detailschange|p1b: Froslass|Froslass-Mega, L50, F\n|-mega|p1b: Froslass|Froslass|Froslassite\n|-weather|Snowscape|[from] ability: Snow Warning|[of] p1b: Froslass\n|move|p2a: Archaludon|Protect|p2a: Archaludon\n|-singleturn|p2a: Archaludon|Protect\n|move|p2b: Dragonite|Protect|p2b: Dragonite\n|-singleturn|p2b: Dragonite|Protect\n|move|p1a: Milotic|Icy Wind|p2a: Archaludon|[spread] \n|-activate|p2a: Archaludon|move: Protect\n|-activate|p2b: Dragonite|move: Protect\n|move|p1b: Froslass|Blizzard|p2a: Archaludon|[spread] \n|-activate|p2a: Archaludon|move: Protect\n|-activate|p2b: Dragonite|move: Protect\n|\n|-weather|Snowscape|[upkeep]\n|-heal|p2a: Archaludon|74/100|[from] item: Leftovers\n|-fieldend|move: Trick Room\n|upkeep\n|turn|6\n|c|\u2606Cyndaquil Fan 10|i think im dead\n|c|\u2606homosapienjoe|uhhh maybe\n|c|\u2606homosapienjoe|if i did this right, that is\n|\n|t:|1776620837\n|switch|p2a: Pelipper|Pelipper, L50, F|27/100 brn\n|-weather|RainDance|[from] ability: Drizzle|[of] p2a: Pelipper\n|move|p1b: Froslass|Blizzard|p2b: Dragonite|[spread] p2b\n|-miss|p1b: Froslass|p2a: Pelipper\n|-supereffective|p2b: Dragonite|2\n|-damage|p2b: Dragonite|7/100\n|move|p2b: Dragonite|Draco Meteor|p1b: Froslass\n|-damage|p1b: Froslass|0 fnt\n|-unboost|p2b: Dragonite|spa|2\n|faint|p1b: Froslass\n|move|p1a: Milotic|Scald|p2a: Pelipper\n|-resisted|p2a: Pelipper|1\n|-damage|p2a: Pelipper|0 fnt\n|faint|p2a: Pelipper\n|\n|-weather|RainDance|[upkeep]\n|upkeep\n|\n|t:|1776620852\n|switch|p2a: Archaludon|Archaludon, L50, M|74/100\n|turn|7\n|c|\u2606homosapienjoe|ouch\n|\n|t:|1776620879\n|move|p2b: Dragonite|Extreme Speed|p1a: Milotic\n|-damage|p1a: Milotic|77/100\n|move|p2a: Archaludon|Electro Shot||[still]\n|-prepare|p2a: Archaludon|Electro Shot\n|-boost|p2a: Archaludon|spa|1\n|-anim|p2a: Archaludon|Electro Shot|p1a: Milotic\n|-supereffective|p1a: Milotic|1\n|-damage|p1a: Milotic|0 fnt\n|faint|p1a: Milotic\n|\n|win|Cyndaquil Fan 10\n|raw|homosapienjoe's rating: 1000 &rarr; <strong>1000</strong><br />(+0 for losing)\n|raw|Cyndaquil Fan 10's rating: 1000 &rarr; <strong>1040</strong><br />(+40 for winning)\n|c|\u2606Cyndaquil Fan 10|ggs\n|c|\u2606homosapienjoe|ggwp\n",
  "uploadtime": 1776620923,
  "views": 11,
  "formatid": "gen9championsvgc2026regma",
  "rating": 1000,
  "private": 0,
  "password": null
}