{
  "id": "gen9championsvgc2026regma-2581259146",
  "format": "[Gen 9 Champions] VGC 2026 Reg M-A",
  "players": [
    "zenakuss17",
    "gastro_god"
  ],
  "log": "|j|\u2606zenakuss17\n|j|\u2606gastro_god\n|t:|1775977544\n|gametype|doubles\n|player|p1|zenakuss17|benga|1090\n|player|p2|gastro_god|266|1077\n|gen|9\n|tier|[Gen 9 Champions] VGC 2026 Reg M-A\n|rated|\n|rule|Species Clause: Limit one of each Pok\u00e9mon\n|rule|Item Clause: Limit 1 of each item\n|clearpoke\n|poke|p1|Pelipper, L50, F|\n|poke|p1|Sneasler, L50, M|\n|poke|p1|Palafin, L50, F|\n|poke|p1|Corviknight, L50, F|\n|poke|p1|Dragapult, L50, M|\n|poke|p1|Sableye, L50, M|\n|poke|p2|Meganium, L50, M|\n|poke|p2|Pelipper, L50, M|\n|poke|p2|Dragapult, L50, F|\n|poke|p2|Incineroar, L50, F|\n|poke|p2|Passimian, L50, F|\n|poke|p2|Sinistcha, L50|\n|teampreview|4\n|\n|t:|1775977574\n|teamsize|p1|4\n|teamsize|p2|4\n|start\n|switch|p1a: Sneasler|Sneasler, L50, M|100/100\n|switch|p1b: Palafin|Palafin, L50, F|100/100\n|switch|p2a: Meganium|Meganium, L50, M, shiny|100/100\n|switch|p2b: Incineroar|Incineroar, L50, F|100/100\n|-ability|p2b: Incineroar|Intimidate|boost\n|-unboost|p1a: Sneasler|atk|1\n|-unboost|p1b: Palafin|atk|1\n|-enditem|p1a: Sneasler|White Herb\n|-clearnegativeboost|p1a: Sneasler|[silent]\n|turn|1\n|\n|t:|1775977606\n|detailschange|p1b: Palafin|Palafin-Hero, L50, F\n|switch|p1b: Corviknight|Corviknight, L50, F|100/100\n|detailschange|p2a: Meganium|Meganium-Mega, L50, M, shiny\n|-mega|p2a: Meganium|Meganium|Meganiumite\n|move|p1a: Sneasler|Fake Out|p2b: Incineroar\n|-damage|p2b: Incineroar|88/100\n|cant|p2b: Incineroar|flinch\n|move|p2a: Meganium|Solar Beam||[still]\n|-prepare|p2a: Meganium|Solar Beam\n|-activate|p2a: Meganium|ability: Mega Sol\n|-anim|p2a: Meganium|Solar Beam|p1b: Corviknight\n|-resisted|p1b: Corviknight|2\n|-damage|p1b: Corviknight|82/100\n|\n|-heal|p1b: Corviknight|88/100|[from] item: Leftovers\n|-heal|p2b: Incineroar|94/100|[from] item: Leftovers\n|upkeep\n|turn|2\n|\n|t:|1775977627\n|switch|p2a: Passimian|Passimian, L50, F|100/100\n|move|p1a: Sneasler|Dire Claw|p2a: Passimian\n|-damage|p2a: Passimian|59/100\n|move|p1b: Corviknight|Iron Head|p2a: Passimian\n|-damage|p2a: Passimian|26/100\n|move|p2b: Incineroar|Flare Blitz|p1b: Corviknight\n|-supereffective|p1b: Corviknight|1\n|-damage|p1b: Corviknight|8/100\n|-damage|p2b: Incineroar|67/100|[from] Recoil\n|\n|-heal|p1b: Corviknight|14/100|[from] item: Leftovers\n|-heal|p2b: Incineroar|73/100|[from] item: Leftovers\n|upkeep\n|turn|3\n|\n|t:|1775977650\n|switch|p1b: Pelipper|Pelipper, L50, F|100/100\n|-weather|RainDance|[from] ability: Drizzle|[of] p1b: Pelipper\n|move|p2b: Incineroar|Protect|p2b: Incineroar\n|-singleturn|p2b: Incineroar|Protect\n|move|p1a: Sneasler|Close Combat|p2b: Incineroar\n|-activate|p2b: Incineroar|move: Protect\n|move|p2a: Passimian|Earthquake|p1b: Pelipper|[spread] p1a\n|-activate|p2b: Incineroar|move: Protect\n|-immune|p1b: Pelipper\n|-supereffective|p1a: Sneasler|1\n|-damage|p1a: Sneasler|14/100\n|\n|-weather|RainDance|[upkeep]\n|-heal|p2b: Incineroar|79/100|[from] item: Leftovers\n|upkeep\n|turn|4\n|-activate|p2a: Passimian|item: Quick Claw\n|\n|t:|1775977673\n|move|p2a: Passimian|Rock Slide|p1a: Sneasler|[spread] p1b\n|-miss|p2a: Passimian|p1a: Sneasler\n|-supereffective|p1b: Pelipper|1\n|-damage|p1b: Pelipper|54/100\n|move|p1a: Sneasler|Close Combat|p2b: Incineroar\n|-supereffective|p2b: Incineroar|1\n|-damage|p2b: Incineroar|0 fnt\n|-unboost|p1a: Sneasler|def|1\n|-unboost|p1a: Sneasler|spd|1\n|faint|p2b: Incineroar\n|move|p1b: Pelipper|Tailwind|p1b: Pelipper\n|-sidestart|p1: zenakuss17|move: Tailwind\n|\n|-weather|RainDance|[upkeep]\n|upkeep\n|\n|t:|1775977684\n|switch|p2b: Dragapult|Dragapult, L50, F|100/100\n|turn|5\n|\n|t:|1775977692\n|move|p1a: Sneasler|Throat Chop|p2b: Dragapult\n|-supereffective|p2b: Dragapult|1\n|-damage|p2b: Dragapult|28/100\n|-start|p2b: Dragapult|Throat Chop|[silent]\n|move|p2b: Dragapult|Dragon Darts|p1a: Sneasler\n|-damage|p1a: Sneasler|0 fnt\n|-anim|p2b: Dragapult|Dragon Darts|p1b: Pelipper\n|-damage|p1b: Pelipper|18/100\n|faint|p1a: Sneasler\n|move|p1b: Pelipper|Hurricane|p2a: Passimian\n|-supereffective|p2a: Passimian|1\n|-damage|p2a: Passimian|0 fnt\n|faint|p2a: Passimian\n|\n|-weather|RainDance|[upkeep]\n|upkeep\n|\n|t:|1775977707\n|switch|p1a: Palafin|Palafin-Hero, L50, F|100/100\n|switch|p2a: Meganium|Meganium-Mega, L50, M, shiny|100/100\n|-activate|p1a: Palafin|ability: Zero to Hero\n|turn|6\n|\n|t:|1775977719\n|move|p1b: Pelipper|Wide Guard|p1b: Pelipper\n|-singleturn|p1b: Pelipper|Wide Guard\n|move|p2b: Dragapult|Sucker Punch||[still]\n|-fail|p2b: Dragapult\n|move|p1a: Palafin|Ice Punch|p2a: Meganium\n|-supereffective|p2a: Meganium|1\n|-damage|p2a: Meganium|44/100\n|move|p2a: Meganium|Solar Beam||[still]\n|-prepare|p2a: Meganium|Solar Beam\n|-activate|p2a: Meganium|ability: Mega Sol\n|-anim|p2a: Meganium|Solar Beam|p1a: Palafin\n|-supereffective|p1a: Palafin|1\n|-enditem|p1a: Palafin|Rindo Berry|[eat]\n|-enditem|p1a: Palafin|Rindo Berry|[weaken]\n|-damage|p1a: Palafin|23/100\n|\n|-weather|RainDance|[upkeep]\n|-end|p2b: Dragapult|Throat Chop|[silent]\n|upkeep\n|turn|7\n|\n|t:|1775977749\n|move|p1a: Palafin|Ice Punch|p2a: Meganium\n|-supereffective|p2a: Meganium|1\n|-damage|p2a: Meganium|0 fnt\n|faint|p2a: Meganium\n|move|p2b: Dragapult|Disable|p1a: Palafin\n|-start|p1a: Palafin|Disable|Ice Punch\n|move|p1b: Pelipper|Hurricane|p2b: Dragapult\n|-damage|p2b: Dragapult|0 fnt\n|faint|p2b: Dragapult\n|\n|win|zenakuss17\n|raw|zenakuss17's rating: 1090 &rarr; <strong>1116</strong><br />(+26 for winning)\n|raw|gastro_god's rating: 1077 &rarr; <strong>1056</strong><br />(-21 for losing)\n|l|\u2606gastro_god\n|player|p2|\n|c|\u2606zenakuss17|Gg\n",
  "uploadtime": 1775977895,
  "views": 13,
  "formatid": "gen9championsvgc2026regma",
  "rating": 1056,
  "private": 0,
  "password": null
}