{
  "id": "gen9championsvgc2026regma-2585004397",
  "format": "[Gen 9 Champions] VGC 2026 Reg M-A",
  "players": [
    "amongdripgoku",
    "aethernvs"
  ],
  "log": "|j|\u2606amongdripgoku\n|j|\u2606aethernvs\n|t:|1776302495\n|gametype|doubles\n|player|p1|amongdripgoku|170|1098\n|player|p2|aethernvs|alder|1031\n|gen|9\n|tier|[Gen 9 Champions] VGC 2026 Reg M-A\n|rated|\n|rule|Species Clause: Limit one of each Pok\u00e9mon\n|rule|Item Clause: Limit 1 of each item\n|clearpoke\n|poke|p1|Pelipper, L50, M|\n|poke|p1|Gengar, L50, M|\n|poke|p1|Greninja-*, L50, F|\n|poke|p1|Basculegion, L50, M|\n|poke|p1|Archaludon, L50, F|\n|poke|p1|Whimsicott, L50, F|\n|poke|p2|Machamp, L50, M|\n|poke|p2|Farigiraf, L50, M|\n|poke|p2|Vaporeon, L50, F|\n|poke|p2|Gardevoir, L50, F|\n|poke|p2|Bellibolt, L50, M|\n|poke|p2|Appletun, L50, M|\n|teampreview|4\naethernvs rejected open team sheets.\n|inactive|Battle timer is ON: inactive players will automatically lose when time's up. (requested by amongdripgoku)\n|c|\u2606amongdripgoku|now why would you reject ots\n|c|\u2606aethernvs|whats that\n|c|\u2606amongdripgoku|open team sheets\n|c|\u2606aethernvs|i'm new xD\n|c|\u2606aethernvs|how\n|inactive|amongdripgoku has 60 seconds left.\n|\n|t:|1776302539\n|teamsize|p1|4\n|teamsize|p2|4\n|start\n|switch|p1a: Gengar|Gengar, L50, M|100/100\n|switch|p1b: Basculegion|Basculegion, L50, M|100/100\n|switch|p2a: Farigiraf|Farigiraf, L50, M|100/100\n|switch|p2b: Machamp|Machamp, L50, M|100/100\n|turn|1\n|\n|t:|1776302560\n|detailschange|p1a: Gengar|Gengar-Mega, L50, M\n|-mega|p1a: Gengar|Gengar|Gengarite\n|move|p1a: Gengar|Shadow Ball|p2b: Machamp\n|-damage|p2b: Machamp|47/100\n|move|p1b: Basculegion|Flip Turn|p2b: Machamp\n|-damage|p2b: Machamp|14/100\n|\n|t:|1776302571\n|switch|p1b: Archaludon|Archaludon, L50, F|100/100|[from] Flip Turn\n|move|p2b: Machamp|Knock Off|p1a: Gengar\n|-supereffective|p1a: Gengar|1\n|-damage|p1a: Gengar|18/100\n|move|p2a: Farigiraf|Trick Room|p2a: Farigiraf\n|-fieldstart|move: Trick Room|[of] p2a: Farigiraf\n|\n|upkeep\n|turn|2\n|inactive|aethernvs has 30 seconds left.\n|inactive|aethernvs has 20 seconds left.\n|\n|t:|1776302606\n|move|p2a: Farigiraf|Protect|p2a: Farigiraf\n|-singleturn|p2a: Farigiraf|Protect\n|move|p1a: Gengar|Protect|p1a: Gengar\n|-singleturn|p1a: Gengar|Protect\n|move|p2b: Machamp|Knock Off|p1a: Gengar\n|-activate|p1a: Gengar|move: Protect\n|move|p1b: Archaludon|Flash Cannon|p2b: Machamp\n|-damage|p2b: Machamp|0 fnt\n|faint|p2b: Machamp\n|\n|upkeep\n|\n|t:|1776302617\n|switch|p2b: Bellibolt|Bellibolt, L50, M|100/100\n|turn|3\n|inactive|aethernvs has 30 seconds left.\n|\n|t:|1776302650\n|switch|p1a: Pelipper|Pelipper, L50, M|100/100\n|-weather|RainDance|[from] ability: Drizzle|[of] p1a: Pelipper\n|move|p2b: Bellibolt|Volt Switch|p1b: Archaludon\n|-resisted|p1b: Archaludon|1\n|-damage|p1b: Archaludon|82/100\n|\n|t:|1776302657\n|switch|p2b: Gardevoir|Gardevoir, L50, F|100/100|[from] Volt Switch\n|-ability|p2b: Gardevoir|Stalwart|Trace|[from] ability: Trace|[of] p1b: Archaludon\n|move|p2a: Farigiraf|Psychic|p1a: Pelipper\n|-crit|p1a: Pelipper\n|-damage|p1a: Pelipper|43/100\n|move|p1b: Archaludon|Electro Shot||[still]\n|-prepare|p1b: Archaludon|Electro Shot\n|-boost|p1b: Archaludon|spa|1\n|-anim|p1b: Archaludon|Electro Shot|p2a: Farigiraf\n|-damage|p2a: Farigiraf|32/100\n|-enditem|p2a: Farigiraf|Sitrus Berry|[eat]\n|-heal|p2a: Farigiraf|57/100|[from] item: Sitrus Berry\n|\n|-weather|RainDance|[upkeep]\n|-heal|p1a: Pelipper|49/100|[from] item: Leftovers\n|upkeep\n|turn|4\n|inactive|amongdripgoku has 30 seconds left.\n|\n|t:|1776302689\n|detailschange|p2b: Gardevoir|Gardevoir-Mega, L50, F\n|-mega|p2b: Gardevoir|Gardevoir|Gardevoirite\n|move|p1a: Pelipper|Protect|p1a: Pelipper\n|-singleturn|p1a: Pelipper|Protect\n|move|p2a: Farigiraf|Hyper Voice|p1b: Archaludon|[spread] p1b\n|-activate|p1a: Pelipper|move: Protect\n|-resisted|p1b: Archaludon|1\n|-damage|p1b: Archaludon|67/100\n|move|p1b: Archaludon|Electro Shot||[still]\n|-prepare|p1b: Archaludon|Electro Shot\n|-boost|p1b: Archaludon|spa|1\n|-anim|p1b: Archaludon|Electro Shot|p2a: Farigiraf\n|-damage|p2a: Farigiraf|0 fnt\n|faint|p2a: Farigiraf\n|move|p2b: Gardevoir|Hyper Voice|p1a: Pelipper|[spread] p1b\n|-activate|p1a: Pelipper|move: Protect\n|-damage|p1b: Archaludon|16/100\n|-enditem|p1b: Archaludon|Sitrus Berry|[eat]\n|-heal|p1b: Archaludon|41/100|[from] item: Sitrus Berry\n|\n|-weather|RainDance|[upkeep]\n|-heal|p1a: Pelipper|55/100|[from] item: Leftovers\n|upkeep\n|\n|t:|1776302708\n|switch|p2a: Bellibolt|Bellibolt, L50, M|100/100\n|turn|5\n|\n|t:|1776302724\n|move|p1a: Pelipper|Wide Guard|p1a: Pelipper\n|-singleturn|p1a: Pelipper|Wide Guard\n|move|p2a: Bellibolt|Parabolic Charge|p1b: Archaludon|[spread] p2b\n|-activate|p1a: Pelipper|move: Wide Guard\n|-activate|p1b: Archaludon|move: Wide Guard\n|-damage|p2b: Gardevoir|83/100\n|move|p1b: Archaludon|Flash Cannon|p2b: Gardevoir\n|-supereffective|p2b: Gardevoir|1\n|-damage|p2b: Gardevoir|0 fnt\n|faint|p2b: Gardevoir\n|\n|-weather|RainDance|[upkeep]\n|-heal|p1a: Pelipper|61/100|[from] item: Leftovers\n|-fieldend|move: Trick Room\n|upkeep\n|turn|6\n|\n|t:|1776302742\n|move|p1b: Archaludon|Draco Meteor|p2a: Bellibolt\n|-damage|p2a: Bellibolt|0 fnt\n|-unboost|p1b: Archaludon|spa|2\n|faint|p2a: Bellibolt\n|\n|win|amongdripgoku\n|raw|amongdripgoku's rating: 1098 &rarr; <strong>1118</strong><br />(+20 for winning)\n|raw|aethernvs's rating: 1031 &rarr; <strong>1019</strong><br />(-12 for losing)\n",
  "uploadtime": 1776302743,
  "views": 19,
  "formatid": "gen9championsvgc2026regma",
  "rating": 1019,
  "private": 0,
  "password": null
}