{
  "id": "gen9championsvgc2026regma-2587073223",
  "format": "[Gen 9 Champions] VGC 2026 Reg M-A",
  "players": [
    "Leobaleo",
    "wjwi"
  ],
  "log": "|j|\u2606Leobaleo\n|j|\u2606wjwi\n|t:|1776489750\n|gametype|doubles\n|player|p1|Leobaleo|1|1089\n|player|p2|wjwi|169|1024\n|gen|9\n|tier|[Gen 9 Champions] VGC 2026 Reg M-A\n|rated|\n|rule|Species Clause: Limit one of each Pok\u00e9mon\n|rule|Item Clause: Limit 1 of each item\n|clearpoke\n|poke|p1|Kleavor, L50, F|\n|poke|p1|Slowbro, L50, M|\n|poke|p1|Pelipper, L50, F|\n|poke|p1|Sinistcha, L50|\n|poke|p1|Incineroar, L50, M|\n|poke|p1|Tinkaton, L50, F|\n|poke|p2|Froslass, L50, F|\n|poke|p2|Glaceon, L50, F|\n|poke|p2|Whimsicott, L50, F|\n|poke|p2|Rotom-Heat, L50|\n|poke|p2|Garchomp, L50, F|\n|poke|p2|Incineroar, L50, F|\n|teampreview|4\n|\n|t:|1776489790\n|teamsize|p1|4\n|teamsize|p2|4\n|start\n|switch|p1a: Kleavor|Kleavor, L50, F|100/100\n|switch|p1b: Incineroar|Incineroar, L50, M|100/100\n|switch|p2a: Rotom|Rotom-Heat, L50|100/100\n|switch|p2b: Froslass|Froslass, L50, F|100/100\n|-ability|p1b: Incineroar|Intimidate|boost\n|-unboost|p2a: Rotom|atk|1\n|-unboost|p2b: Froslass|atk|1\n|turn|1\n|\n|t:|1776489828\n|detailschange|p2b: Froslass|Froslass-Mega, L50, F\n|-mega|p2b: Froslass|Froslass|Froslassite\n|-weather|Snowscape|[from] ability: Snow Warning|[of] p2b: Froslass\n|move|p2b: Froslass|Protect|p2b: Froslass\n|-singleturn|p2b: Froslass|Protect\n|move|p2a: Rotom|Volt Switch|p1a: Kleavor\n|-damage|p1a: Kleavor|53/100\n|\n|t:|1776489847\n|switch|p2a: Whimsicott|Whimsicott, L50, F|100/100|[from] Volt Switch\n|move|p1a: Kleavor|Stone Axe|p2a: Whimsicott\n|-damage|p2a: Whimsicott|32/100\n|-sidestart|p2: wjwi|move: Stealth Rock\n|move|p1b: Incineroar|Darkest Lariat|p2b: Froslass\n|-activate|p2b: Froslass|move: Protect\n|\n|-weather|Snowscape|[upkeep]\n|upkeep\n|turn|2\n|\n|t:|1776489899\n|switch|p1b: Pelipper|Pelipper, L50, F|100/100\n|-weather|RainDance|[from] ability: Drizzle|[of] p1b: Pelipper\n|move|p1a: Kleavor|Stone Axe|p2b: Froslass\n|-supereffective|p2b: Froslass|1\n|-damage|p2b: Froslass|0 fnt\n|faint|p2b: Froslass\n|move|p2a: Whimsicott|U-turn|p1a: Kleavor\n|-damage|p1a: Kleavor|38/100\n|\n|t:|1776489912\n|switch|p2a: Rotom|Rotom-Heat, L50|100/100|[from] U-turn\n|-damage|p2a: Rotom|76/100|[from] Stealth Rock\n|\n|-weather|RainDance|[upkeep]\n|upkeep\n|\n|t:|1776489922\n|switch|p2b: Whimsicott|Whimsicott, L50, F|32/100\n|-damage|p2b: Whimsicott|20/100|[from] Stealth Rock\n|turn|3\n|\n|t:|1776489968\n|switch|p1a: Incineroar|Incineroar, L50, M|100/100\n|-ability|p1a: Incineroar|Intimidate|boost\n|-unboost|p2a: Rotom|atk|1\n|-unboost|p2b: Whimsicott|atk|1\n|move|p2b: Whimsicott|Tailwind|p2b: Whimsicott\n|-sidestart|p2: wjwi|move: Tailwind\n|move|p2a: Rotom|Volt Switch|p1b: Pelipper\n|-supereffective|p1b: Pelipper|2\n|-enditem|p1b: Pelipper|Focus Sash\n|-damage|p1b: Pelipper|1/100\n|\n|t:|1776489980\n|switch|p2a: Glaceon|Glaceon, L50, F|100/100|[from] Volt Switch\n|-damage|p2a: Glaceon|76/100|[from] Stealth Rock\n|move|p1b: Pelipper|Tailwind|p1b: Pelipper\n|-sidestart|p1: Leobaleo|move: Tailwind\n|\n|-weather|RainDance|[upkeep]\n|upkeep\n|turn|4\n|\n|t:|1776490006\n|move|p2a: Glaceon|Detect|p2a: Glaceon\n|-singleturn|p2a: Glaceon|Protect\n|move|p1a: Incineroar|Fake Out|p2b: Whimsicott\n|-damage|p2b: Whimsicott|7/100\n|cant|p2b: Whimsicott|flinch\n|move|p1b: Pelipper|Hurricane|p2a: Glaceon\n|-activate|p2a: Glaceon|move: Protect\n|\n|-weather|RainDance|[upkeep]\n|upkeep\n|turn|5\n|\n|t:|1776490033\n|switch|p2a: Rotom|Rotom-Heat, L50|76/100\n|-damage|p2a: Rotom|52/100|[from] Stealth Rock\n|move|p2b: Whimsicott|U-turn|p1b: Pelipper\n|-resisted|p1b: Pelipper|1\n|-damage|p1b: Pelipper|0 fnt\n|faint|p1b: Pelipper\n|\n|t:|1776490041\n|switch|p2b: Glaceon|Glaceon, L50, F|76/100|[from] U-turn\n|-damage|p2b: Glaceon|51/100|[from] Stealth Rock\n|move|p1a: Incineroar|Parting Shot|p2a: Rotom\n|-unboost|p2a: Rotom|atk|1\n|-unboost|p2a: Rotom|spa|1\n|\n|t:|1776490049\n|switch|p1a: Slowbro|Slowbro, L50, M|100/100|[from] Parting Shot\n|\n|-weather|RainDance|[upkeep]\n|upkeep\n|\n|t:|1776490057\n|switch|p1b: Kleavor|Kleavor, L50, F|38/100\n|turn|6\n|\n|t:|1776490102\n|detailschange|p1a: Slowbro|Slowbro-Mega, L50, M\n|-mega|p1a: Slowbro|Slowbro|Slowbronite\n|move|p2a: Rotom|Thunderbolt|p1b: Kleavor\n|-damage|p1b: Kleavor|0 fnt\n|faint|p1b: Kleavor\n|move|p2b: Glaceon|Snowscape|p2b: Glaceon\n|-weather|Snowscape\n|move|p1a: Slowbro|Muddy Water|p2b: Glaceon|[spread] p2a\n|-miss|p1a: Slowbro|p2b: Glaceon\n|-supereffective|p2a: Rotom|1\n|-damage|p2a: Rotom|0 fnt\n|faint|p2a: Rotom\n|\n|-weather|Snowscape|[upkeep]\n|-sideend|p1: Leobaleo|move: Tailwind\n|-sideend|p2: wjwi|move: Tailwind\n|upkeep\n|\n|t:|1776490117\n|switch|p2a: Whimsicott|Whimsicott, L50, F|7/100\n|switch|p1b: Incineroar|Incineroar, L50, M|100/100\n|-damage|p2a: Whimsicott|0 fnt|[from] Stealth Rock\n|faint|p2a: Whimsicott\n|-ability|p1b: Incineroar|Intimidate|boost\n|-unboost|p2b: Glaceon|atk|1\n|turn|7\n|\n|t:|1776490129\n|move|p1b: Incineroar|Fake Out|p2b: Glaceon\n|-damage|p2b: Glaceon|43/100\n|cant|p2b: Glaceon|flinch\n|move|p1a: Slowbro|Body Press|p2b: Glaceon\n|-supereffective|p2b: Glaceon|1\n|-damage|p2b: Glaceon|0 fnt\n|faint|p2b: Glaceon\n|\n|win|Leobaleo\n|raw|Leobaleo's rating: 1089 &rarr; <strong>1111</strong><br />(+22 for winning)\n|raw|wjwi's rating: 1024 &rarr; <strong>1013</strong><br />(-11 for losing)\n|l|\u2606wjwi\n|player|p2|\n",
  "uploadtime": 1776490166,
  "views": 15,
  "formatid": "gen9championsvgc2026regma",
  "rating": 1013,
  "private": 0,
  "password": null
}