{
  "id": "gen9championsvgc2026regma-2585720051",
  "format": "[Gen 9 Champions] VGC 2026 Reg M-A",
  "players": [
    "thedatguy",
    "Kazuma Yato"
  ],
  "log": "|j|\u2606thedatguy\n|j|\u2606Kazuma Yato\n|t:|1776365931\n|gametype|doubles\n|player|p1|thedatguy|170|1111\n|player|p2|Kazuma Yato|2|1183\n|gen|9\n|tier|[Gen 9 Champions] VGC 2026 Reg M-A\n|rated|\n|rule|Species Clause: Limit one of each Pok\u00e9mon\n|rule|Item Clause: Limit 1 of each item\n|clearpoke\n|poke|p1|Heliolisk, L50, M|\n|poke|p1|Aerodactyl, L50, F|\n|poke|p1|Garchomp, L50, F|\n|poke|p1|Sinistcha, L50|\n|poke|p1|Kingambit, L50, M|\n|poke|p1|Gardevoir, L50, F|\n|poke|p2|Aerodactyl, L50, M|\n|poke|p2|Maushold, L50|\n|poke|p2|Garchomp, L50, M|\n|poke|p2|Delphox, L50, M|\n|poke|p2|Aegislash, L50, F|\n|poke|p2|Floette-Eternal, L50, F|\n|teampreview|4\n|\n|t:|1776365967\n|teamsize|p1|4\n|teamsize|p2|4\n|start\n|switch|p1a: Heliolisk|Heliolisk, L50, M|100/100\n|switch|p1b: Aerodactyl|Aerodactyl, L50, F|100/100\n|switch|p2a: Delphox|Delphox, L50, M|100/100\n|switch|p2b: Garchomp|Garchomp, L50, M|100/100\n|turn|1\n|\n|t:|1776365985\n|detailschange|p2a: Delphox|Delphox-Mega, L50, M\n|-mega|p2a: Delphox|Delphox|Delphoxite\n|move|p2a: Delphox|Protect|p2a: Delphox\n|-singleturn|p2a: Delphox|Protect\n|move|p1a: Heliolisk|Shed Tail|p1a: Heliolisk\n|-start|p1a: Heliolisk|Substitute|[from] move: Shed Tail\n|-damage|p1a: Heliolisk|50/100\n|\n|t:|1776365993\n|switch|p1a: Gardevoir|Gardevoir, L50, F|100/100|[from] Shed Tail\n|move|p1b: Aerodactyl|Tailwind|p1b: Aerodactyl\n|-sidestart|p1: thedatguy|move: Tailwind\n|move|p2b: Garchomp|Earthquake|p1b: Aerodactyl|[spread] p1a\n|-activate|p2a: Delphox|move: Protect\n|-immune|p1b: Aerodactyl\n|-end|p1a: Gardevoir|Substitute\n|\n|upkeep\n|turn|2\n|\n|t:|1776366017\n|switch|p2b: Aegislash|Aegislash, L50, F|100/100\n|detailschange|p1a: Gardevoir|Gardevoir-Mega, L50, F\n|-mega|p1a: Gardevoir|Gardevoir|Gardevoirite\n|move|p1b: Aerodactyl|Stone Edge|p2a: Delphox\n|-supereffective|p2a: Delphox|1\n|-damage|p2a: Delphox|0 fnt\n|faint|p2a: Delphox\n|move|p1a: Gardevoir|Hyper Voice|p2b: Aegislash\n|-resisted|p2b: Aegislash|1\n|-damage|p2b: Aegislash|74/100\n|\n|upkeep\n|\n|t:|1776366041\n|switch|p2a: Aerodactyl|Aerodactyl, L50, M|100/100\n|-ability|p2a: Aerodactyl|Unnerve\n|turn|3\n|\n|t:|1776366050\n|move|p1b: Aerodactyl|Iron Head|p2a: Aerodactyl\n|-supereffective|p2a: Aerodactyl|1\n|-damage|p2a: Aerodactyl|17/100\n|move|p1a: Gardevoir|Shadow Ball|p2b: Aegislash\n|-supereffective|p2b: Aegislash|1\n|-damage|p2b: Aegislash|18/100\n|-unboost|p2b: Aegislash|spd|1\n|move|p2a: Aerodactyl|Tailwind|p2a: Aerodactyl\n|-sidestart|p2: Kazuma Yato|move: Tailwind\n|-formechange|p2b: Aegislash|Aegislash-Blade|\n|move|p2b: Aegislash|Poltergeist|p1a: Gardevoir\n|-activate|p1a: Gardevoir|move: Poltergeist|Gardevoirite\n|-supereffective|p1a: Gardevoir|1\n|-damage|p1a: Gardevoir|0 fnt\n|faint|p1a: Gardevoir\n|\n|upkeep\n|\n|t:|1776366068\n|switch|p1a: Heliolisk|Heliolisk, L50, M|50/100\n|turn|4\n|\n|t:|1776366088\n|move|p2a: Aerodactyl|Protect|p2a: Aerodactyl\n|-singleturn|p2a: Aerodactyl|Protect\n|move|p2b: Aegislash|Shadow Sneak|p1b: Aerodactyl\n|-damage|p1b: Aerodactyl|57/100\n|move|p1a: Heliolisk|Electroweb|p2b: Aegislash|[spread] p2b\n|-activate|p2a: Aerodactyl|move: Protect\n|-damage|p2b: Aegislash|0 fnt\n|faint|p2b: Aegislash\n|move|p1b: Aerodactyl|Dual Wingbeat|p2a: Aerodactyl\n|-activate|p2a: Aerodactyl|move: Protect\n|\n|-sideend|p1: thedatguy|move: Tailwind\n|upkeep\n|\n|t:|1776366097\n|switch|p2b: Garchomp|Garchomp, L50, M|100/100\n|turn|5\n|\n|t:|1776366105\n|move|p2a: Aerodactyl|Rock Slide|p1a: Heliolisk|[spread] p1a,p1b\n|-supereffective|p1b: Aerodactyl|1\n|-damage|p1a: Heliolisk|0 fnt\n|-damage|p1b: Aerodactyl|0 fnt\n|faint|p1a: Heliolisk\n|faint|p1b: Aerodactyl\n|move|p2b: Garchomp|Earthquake|p2a: Aerodactyl\n|-immune|p2a: Aerodactyl\n|\n|upkeep\n|\n|t:|1776366114\n|switch|p1b: Garchomp|Garchomp, L50, F|100/100\n|turn|6\n|\n|t:|1776366125\n|move|p1b: Garchomp|Protect|p1b: Garchomp\n|-singleturn|p1b: Garchomp|Protect\n|move|p2a: Aerodactyl|Rock Slide|p1b: Garchomp\n|-activate|p1b: Garchomp|move: Protect\n|move|p2b: Garchomp|Stomping Tantrum|p1b: Garchomp\n|-activate|p1b: Garchomp|move: Protect\n|\n|-sideend|p2: Kazuma Yato|move: Tailwind\n|upkeep\n|turn|7\n|inactive|Battle timer is ON: inactive players will automatically lose when time's up. (requested by Kazuma Yato)\n|\n|t:|1776366143\n|move|p2a: Aerodactyl|Rock Slide|p1b: Garchomp|[miss]\n|-miss|p2a: Aerodactyl|p1b: Garchomp\n|move|p1b: Garchomp|Dragon Claw|p2a: Aerodactyl\n|-damage|p2a: Aerodactyl|0 fnt\n|faint|p2a: Aerodactyl\n|move|p2b: Garchomp|Stomping Tantrum|p1b: Garchomp\n|-damage|p1b: Garchomp|55/100\n|-damage|p2b: Garchomp|88/100|[from] ability: Rough Skin|[of] p1b: Garchomp\n|\n|upkeep\n|turn|8\n|\n|t:|1776366157\n|move|p2b: Garchomp|Rock Slide|p1b: Garchomp\n|-resisted|p1b: Garchomp|1\n|-damage|p1b: Garchomp|42/100\n|move|p1b: Garchomp|Dragon Claw|p2b: Garchomp\n|-supereffective|p2b: Garchomp|1\n|-damage|p2b: Garchomp|9/100\n|-damage|p1b: Garchomp|30/100|[from] ability: Rough Skin|[of] p2b: Garchomp\n|\n|upkeep\n|turn|9\n|\n|t:|1776366167\n|move|p1b: Garchomp|Dragon Claw|p2b: Garchomp\n|-supereffective|p2b: Garchomp|1\n|-damage|p2b: Garchomp|0 fnt\n|-damage|p1b: Garchomp|17/100|[from] ability: Rough Skin|[of] p2b: Garchomp\n|faint|p2b: Garchomp\n|\n|win|thedatguy\n|raw|thedatguy's rating: 1111 &rarr; <strong>1141</strong><br />(+30 for winning)\n|raw|Kazuma Yato's rating: 1183 &rarr; <strong>1153</strong><br />(-30 for losing)\n|c|\u2606Kazuma Yato|jesus\n|l|\u2606thedatguy\n|player|p1|\n|c|\u2606Kazuma Yato|gg\n",
  "uploadtime": 1776366187,
  "views": 17,
  "formatid": "gen9championsvgc2026regma",
  "rating": 1141,
  "private": 0,
  "password": null
}