{
  "id": "gen9championsvgc2026regma-2580454389",
  "format": "[Gen 9 Champions] VGC 2026 Reg M-A",
  "players": [
    "Master of Capture",
    "Kotestplayer"
  ],
  "log": "|j|\u2606Master of Capture\n|j|\u2606Kotestplayer\n|t:|1775899016\n|gametype|doubles\n|player|p1|Master of Capture|102|1286\n|player|p2|Kotestplayer|2|1216\n|gen|9\n|tier|[Gen 9 Champions] VGC 2026 Reg M-A\n|rated|\n|rule|Species Clause: Limit one of each Pok\u00e9mon\n|rule|Item Clause: Limit 1 of each item\n|clearpoke\n|poke|p1|Incineroar, L50, F|\n|poke|p1|Milotic, L50, F|\n|poke|p1|Garchomp, L50, M|\n|poke|p1|Sneasler, L50, F|\n|poke|p1|Gengar, L50, F|\n|poke|p1|Whimsicott, L50, M|\n|poke|p2|Kingambit, L50, M|\n|poke|p2|Sneasler, L50, M|\n|poke|p2|Charizard, L50, F|\n|poke|p2|Floette-Eternal, L50, F|\n|poke|p2|Garchomp, L50, F|\n|poke|p2|Aerodactyl, L50, F|\n|teampreview|4\n|\n|t:|1775899038\n|teamsize|p1|4\n|teamsize|p2|4\n|start\n|switch|p1a: Whimsicott|Whimsicott, L50, M|100/100\n|switch|p1b: Gengar|Gengar, L50, F|100/100\n|switch|p2a: Kinguti|Kingambit, L50, M|100/100\n|switch|p2b: Tiburoncin|Garchomp, L50, F|100/100\n|turn|1\n|inactive|Battle timer is ON: inactive players will automatically lose when time's up. (requested by Kotestplayer)\n|inactive|Master of Capture has 60 seconds left.\n|\n|t:|1775899073\n|switch|p1a: Garchomp|Garchomp, L50, M|100/100\n|detailschange|p1b: Gengar|Gengar-Mega, L50, F\n|-mega|p1b: Gengar|Gengar|Gengarite\n|move|p1b: Gengar|Protect|p1b: Gengar\n|-singleturn|p1b: Gengar|Protect\n|move|p2b: Tiburoncin|Rock Slide|p1b: Gengar|[spread] p1a\n|-activate|p1b: Gengar|move: Protect\n|-resisted|p1a: Garchomp|1\n|-damage|p1a: Garchomp|92/100\n|move|p2a: Kinguti|Iron Head|p1a: Garchomp\n|-damage|p1a: Garchomp|51/100\n|-damage|p2a: Kinguti|88/100|[from] ability: Rough Skin|[of] p1a: Garchomp\n|\n|upkeep\n|turn|2\n|inactive|Kotestplayer has 30 seconds left.\n|\n|t:|1775899099\n|move|p2b: Tiburoncin|Rock Slide|p1a: Garchomp|[spread] p1a,p1b\n|-resisted|p1a: Garchomp|1\n|-damage|p1a: Garchomp|41/100\n|-damage|p1b: Gengar|77/100\n|move|p1a: Garchomp|Stomping Tantrum|p2a: Kinguti\n|-supereffective|p2a: Kinguti|1\n|-damage|p2a: Kinguti|24/100\n|move|p1b: Gengar|Substitute|p1b: Gengar\n|-start|p1b: Gengar|Substitute\n|-damage|p1b: Gengar|52/100\n|move|p2a: Kinguti|Kowtow Cleave|p1b: Gengar\n|-supereffective|p1b: Gengar|1\n|-end|p1b: Gengar|Substitute\n|\n|upkeep\n|turn|3\n|\n|t:|1775899121\n|move|p2a: Kinguti|Protect|p2a: Kinguti\n|-singleturn|p2a: Kinguti|Protect\n|move|p2b: Tiburoncin|Rock Slide|p1a: Garchomp|[spread] p1b\n|-miss|p2b: Tiburoncin|p1a: Garchomp\n|-damage|p1b: Gengar|24/100\n|move|p1a: Garchomp|Stomping Tantrum|p2a: Kinguti\n|-activate|p2a: Kinguti|move: Protect\n|move|p1b: Gengar|Disable|p2b: Tiburoncin\n|-start|p2b: Tiburoncin|Disable|Rock Slide\n|\n|upkeep\n|turn|4\n|\n|t:|1775899145\n|move|p1b: Gengar|Protect|p1b: Gengar\n|-singleturn|p1b: Gengar|Protect\n|move|p2a: Kinguti|Sucker Punch||[still]\n|-fail|p2a: Kinguti\n|-activate|p2b: Tiburoncin|move: Struggle\n|move|p2b: Tiburoncin|Struggle|p1b: Gengar\n|-activate|p1b: Gengar|move: Protect\n|move|p1a: Garchomp|Stomping Tantrum|p2a: Kinguti\n|-supereffective|p2a: Kinguti|1\n|-damage|p2a: Kinguti|0 fnt\n|faint|p2a: Kinguti\n|\n|upkeep\n|\n|t:|1775899152\n|switch|p2a: Rizamongo|Charizard, L50, F|100/100\n|turn|5\n|inactive|Master of Capture has 30 seconds left.\n|inactive|Master of Capture has 20 seconds left.\n|inactive|Master of Capture has 15 seconds left.\n|inactive|Master of Capture has 10 seconds left.\n|\n|t:|1775899199\n|switch|p1a: Sneasler|Sneasler, L50, F|100/100\n|detailschange|p2a: Rizamongo|Charizard-Mega-Y, L50, F\n|-mega|p2a: Rizamongo|Charizard|Charizardite Y\n|-weather|SunnyDay|[from] ability: Drought|[of] p2a: Rizamongo\n|-activate|p2b: Tiburoncin|move: Struggle\n|move|p2b: Tiburoncin|Struggle|p1a: Sneasler\n|-damage|p1a: Sneasler|70/100\n|-damage|p2b: Tiburoncin|76/100|[from] recoil\n|move|p1b: Gengar|Shadow Ball|p2b: Tiburoncin\n|-damage|p2b: Tiburoncin|33/100\n|-unboost|p2b: Tiburoncin|spd|1\n|move|p2a: Rizamongo|Heat Wave|p1b: Gengar|[spread] p1a,p1b\n|-damage|p1a: Sneasler|0 fnt\n|-damage|p1b: Gengar|0 fnt\n|faint|p1a: Sneasler\n|faint|p1b: Gengar\n|\n|-weather|SunnyDay|[upkeep]\n|upkeep\n|\n|t:|1775899215\n|switch|p1b: Whimsicott|Whimsicott, L50, M|100/100\n|switch|p1a: Garchomp|Garchomp, L50, M|41/100\n|turn|6\n|\n|t:|1775899228\n|move|p1b: Whimsicott|Tailwind|p1b: Whimsicott\n|-sidestart|p1: Master of Capture|move: Tailwind\n|move|p1a: Garchomp|Rock Slide|p2b: Tiburoncin|[spread] p2a,p2b\n|-supereffective|p2a: Rizamongo|2\n|-resisted|p2b: Tiburoncin|1\n|-damage|p2a: Rizamongo|11/100\n|-damage|p2b: Tiburoncin|22/100\n|-activate|p2b: Tiburoncin|move: Struggle\n|move|p2b: Tiburoncin|Struggle|p1a: Garchomp\n|-damage|p1a: Garchomp|23/100\n|-damage|p2b: Tiburoncin|10/100|[from] ability: Rough Skin|[of] p1a: Garchomp\n|-damage|p2b: Tiburoncin|0 fnt|[from] recoil\n|faint|p2b: Tiburoncin\n|move|p2a: Rizamongo|Solar Beam||[still]\n|-prepare|p2a: Rizamongo|Solar Beam\n|-anim|p2a: Rizamongo|Solar Beam|p1a: Garchomp\n|-damage|p1a: Garchomp|0 fnt\n|faint|p1a: Garchomp\n|\n|-weather|SunnyDay|[upkeep]\n|upkeep\n|j| dumbstupidnoob\n|-message|Master of Capture forfeited.\n|\n|win|Kotestplayer\n|raw|Master of Capture's rating: 1286 &rarr; <strong>1256</strong><br />(-30 for losing)\n|raw|Kotestplayer's rating: 1216 &rarr; <strong>1246</strong><br />(+30 for winning)\n|l|\u2606Master of Capture\n|player|p1|\n|l| dumbstupidnoob\n|l|\u2606Kotestplayer\n|player|p2|\n",
  "uploadtime": 1775899240,
  "views": 47,
  "formatid": "gen9championsvgc2026regma",
  "rating": 1246,
  "private": 0,
  "password": null
}