{
  "id": "gen9championsvgc2026regma-2584390511",
  "format": "[Gen 9 Champions] VGC 2026 Reg M-A",
  "players": [
    "zawaray",
    "silhumyong"
  ],
  "log": "|j|\u2606zawaray\n|j|\u2606silhumyong\n|t:|1776257330\n|gametype|doubles\n|player|p1|zawaray|cynthia-gen4|1142\n|player|p2|silhumyong|rosa|1046\n|gen|9\n|tier|[Gen 9 Champions] VGC 2026 Reg M-A\n|rated|\n|rule|Species Clause: Limit one of each Pok\u00e9mon\n|rule|Item Clause: Limit 1 of each item\n|clearpoke\n|poke|p1|Incineroar, L50, M|\n|poke|p1|Venusaur, L50, F|\n|poke|p1|Whimsicott, L50, F|\n|poke|p1|Sneasler, L50, F|\n|poke|p1|Charizard, L50, M|\n|poke|p1|Basculegion, L50, M|\n|poke|p2|Floette-Eternal, L50, F|\n|poke|p2|Talonflame, L50, F|\n|poke|p2|Froslass, L50, F|\n|poke|p2|Basculegion, L50, M|\n|poke|p2|Maushold-Four, L50|\n|poke|p2|Garchomp, L50, F|\n|teampreview|4\n|\n|t:|1776257353\n|teamsize|p1|4\n|teamsize|p2|4\n|start\n|switch|p1a: Amy Rose|Whimsicott, L50, F|100/100\n|switch|p1b: Luis Miguel|Charizard, L50, M|100/100\n|switch|p2a: Froslass|Froslass, L50, F, shiny|100/100\n|switch|p2b: Garchomp|Garchomp, L50, F, shiny|100/100\n|turn|1\n|\n|t:|1776257377\n|switch|p1b: Kaiji|Incineroar, L50, M|100/100\n|-ability|p1b: Kaiji|Intimidate|boost\n|-unboost|p2a: Froslass|atk|1\n|-unboost|p2b: Garchomp|atk|1\n|-enditem|p2b: Garchomp|White Herb\n|-clearnegativeboost|p2b: Garchomp|[silent]\n|move|p2a: Froslass|Protect|p2a: Froslass\n|-singleturn|p2a: Froslass|Protect\n|move|p2b: Garchomp|Rock Slide|p1b: Kaiji|[spread] p1a,p1b\n|-supereffective|p1b: Kaiji|1\n|-damage|p1a: Amy Rose|72/100\n|-damage|p1b: Kaiji|71/100\n|move|p1a: Amy Rose|Moonblast|p2b: Garchomp\n|-supereffective|p2b: Garchomp|1\n|-damage|p2b: Garchomp|0 fnt\n|faint|p2b: Garchomp\n|\n|upkeep\n|\n|t:|1776257383\n|switch|p2b: Talonflame|Talonflame, L50, F, shiny|100/100\n|turn|2\n|\n|t:|1776257401\n|switch|p2a: Basculegion|Basculegion, L50, M, shiny|100/100\n|move|p2b: Talonflame|Brave Bird|p1a: Amy Rose\n|-supereffective|p1a: Amy Rose|1\n|-damage|p1a: Amy Rose|0 fnt\n|faint|p1a: Amy Rose\n|-damage|p2b: Talonflame|80/100|[from] Recoil\n|move|p1b: Kaiji|Flare Blitz|p2a: Basculegion\n|-resisted|p2a: Basculegion|1\n|-damage|p2a: Basculegion|73/100\n|-damage|p1b: Kaiji|62/100|[from] Recoil\n|\n|upkeep\n|\n|t:|1776257418\n|switch|p1a: Tony Soprano|Basculegion, L50, M|100/100\n|turn|3\n|\n|t:|1776257433\n|move|p2a: Basculegion|Last Respects|p1a: Tony Soprano\n|-supereffective|p1a: Tony Soprano|1\n|-damage|p1a: Tony Soprano|0 fnt\n|faint|p1a: Tony Soprano\n|move|p2b: Talonflame|Brave Bird|p1b: Kaiji\n|-damage|p1b: Kaiji|18/100\n|-enditem|p1b: Kaiji|Sitrus Berry|[eat]\n|-heal|p1b: Kaiji|43/100|[from] item: Sitrus Berry\n|-damage|p2b: Talonflame|61/100|[from] Recoil\n|move|p1b: Kaiji|Will-O-Wisp|p2a: Basculegion\n|-status|p2a: Basculegion|brn\n|\n|-damage|p2a: Basculegion|67/100 brn|[from] brn\n|upkeep\n|\n|t:|1776257446\n|switch|p1a: Luis Miguel|Charizard, L50, M|100/100\n|turn|4\n|\n|t:|1776257461\n|move|p1a: Luis Miguel|Protect|p1a: Luis Miguel\n|-singleturn|p1a: Luis Miguel|Protect\n|move|p2a: Basculegion|Last Respects|p1a: Luis Miguel\n|-activate|p1a: Luis Miguel|move: Protect\n|move|p2b: Talonflame|Brave Bird|p1b: Kaiji\n|-damage|p1b: Kaiji|0 fnt\n|faint|p1b: Kaiji\n|-damage|p2b: Talonflame|43/100|[from] Recoil\n|\n|-damage|p2a: Basculegion|60/100 brn|[from] brn\n|upkeep\n|turn|5\n|\n|t:|1776257475\n|detailschange|p1a: Luis Miguel|Charizard-Mega-Y, L50, M\n|-mega|p1a: Luis Miguel|Charizard|Charizardite Y\n|-weather|SunnyDay|[from] ability: Drought|[of] p1a: Luis Miguel\n|move|p2a: Basculegion|Last Respects|p1a: Luis Miguel\n|-damage|p1a: Luis Miguel|53/100\n|move|p2b: Talonflame|Brave Bird|p1a: Luis Miguel\n|-damage|p1a: Luis Miguel|0 fnt\n|faint|p1a: Luis Miguel\n|-damage|p2b: Talonflame|26/100|[from] Recoil\n|\n|win|silhumyong\n|raw|zawaray's rating: 1142 &rarr; <strong>1110</strong><br />(-32 for losing)\n|raw|silhumyong's rating: 1046 &rarr; <strong>1088</strong><br />(+42 for winning)\n|l|\u2606zawaray\n|player|p1|\n",
  "uploadtime": 1776257494,
  "views": 20,
  "formatid": "gen9championsvgc2026regma",
  "rating": 1088,
  "private": 0,
  "password": null
}