{
  "id": "gen9championsvgc2026regma-2581111874",
  "format": "[Gen 9 Champions] VGC 2026 Reg M-A",
  "players": [
    "pikachufan7943",
    "hozesama"
  ],
  "log": "|j|\u2606pikachufan7943\n|j|\u2606hozesama\n|t:|1775960976\n|gametype|doubles\n|player|p1|pikachufan7943|pokekid|1253\n|player|p2|hozesama|cynthia-masters4|1339\n|gen|9\n|tier|[Gen 9 Champions] VGC 2026 Reg M-A\n|rated|\n|rule|Species Clause: Limit one of each Pok\u00e9mon\n|rule|Item Clause: Limit 1 of each item\n|clearpoke\n|poke|p1|Tyranitar, L50, M|\n|poke|p1|Excadrill, L50, F|\n|poke|p1|Sinistcha, L50|\n|poke|p1|Milotic, L50, M|\n|poke|p1|Aegislash, L50, F|\n|poke|p1|Incineroar, L50, M|\n|poke|p2|Gyarados, L50, M|\n|poke|p2|Venusaur, L50, F|\n|poke|p2|Sneasler, L50, M|\n|poke|p2|Kingambit, L50, M|\n|poke|p2|Basculegion, L50, M|\n|poke|p2|Mamoswine, L50, M|\n|teampreview|4\nhozesama rejected open team sheets.\n|inactive|Battle timer is ON: inactive players will automatically lose when time's up. (requested by pikachufan7943)\n|\n|t:|1775961030\n|teamsize|p1|4\n|teamsize|p2|4\n|start\n|switch|p1a: Tyranitar|Tyranitar, L50, M|100/100\n|switch|p1b: Excadrill|Excadrill, L50, F|100/100\n|switch|p2a: Venusaur|Venusaur, L50, F|100/100\n|switch|p2b: Mamoswine|Mamoswine, L50, M|100/100\n|-weather|Sandstorm|[from] ability: Sand Stream|[of] p1a: Tyranitar\n|turn|1\n|inactive|pikachufan7943 has 30 seconds left.\n|inactive|pikachufan7943 has 20 seconds left.\n|\n|t:|1775961068\n|detailschange|p1a: Tyranitar|Tyranitar-Mega, L50, M\n|-mega|p1a: Tyranitar|Tyranitar|Tyranitarite\n|detailschange|p2a: Venusaur|Venusaur-Mega, L50, F\n|-mega|p2a: Venusaur|Venusaur|Venusaurite\n|move|p2b: Mamoswine|Protect|p2b: Mamoswine\n|-singleturn|p2b: Mamoswine|Protect\n|move|p1b: Excadrill|Rock Slide|p2b: Mamoswine|[spread] \n|-activate|p2b: Mamoswine|move: Protect\n|-miss|p1b: Excadrill|p2a: Venusaur\n|move|p1a: Tyranitar|Rock Slide|p2b: Mamoswine|[spread] p2a\n|-activate|p2b: Mamoswine|move: Protect\n|-damage|p2a: Venusaur|73/100\n|move|p2a: Venusaur|Earth Power|p1b: Excadrill\n|-supereffective|p1b: Excadrill|1\n|-damage|p1b: Excadrill|22/100\n|\n|-weather|Sandstorm|[upkeep]\n|-damage|p2a: Venusaur|67/100|[from] Sandstorm\n|upkeep\n|turn|2\n|\n|t:|1775961087\n|move|p2b: Mamoswine|Ice Shard|p1b: Excadrill\n|-damage|p1b: Excadrill|0 fnt\n|faint|p1b: Excadrill\n|move|p1a: Tyranitar|Dragon Dance|p1a: Tyranitar\n|-boost|p1a: Tyranitar|atk|1\n|-boost|p1a: Tyranitar|spe|1\n|move|p2a: Venusaur|Giga Drain|p1a: Tyranitar\n|-supereffective|p1a: Tyranitar|1\n|-damage|p1a: Tyranitar|53/100\n|-heal|p2a: Venusaur|90/100|[from] drain|[of] p1a: Tyranitar\n|\n|-weather|Sandstorm|[upkeep]\n|-damage|p2a: Venusaur|84/100|[from] Sandstorm\n|upkeep\n|\n|t:|1775961092\n|switch|p1b: Sinistcha|Sinistcha, L50|100/100\n|-heal|p1a: Tyranitar|78/100|[from] ability: Hospitality|[of] p1b: Sinistcha\n|turn|3\n|\n|t:|1775961104\n|switch|p1b: Milotic|Milotic, L50, M|100/100\n|move|p2b: Mamoswine|Ice Shard|p1b: Milotic\n|-resisted|p1b: Milotic|1\n|-damage|p1b: Milotic|85/100\n|move|p1a: Tyranitar|Rock Slide|p2b: Mamoswine|[spread] p2b\n|-miss|p1a: Tyranitar|p2a: Venusaur\n|-damage|p2b: Mamoswine|47/100\n|move|p2a: Venusaur|Sludge Bomb|p1b: Milotic\n|-damage|p1b: Milotic|55/100\n|\n|-weather|Sandstorm|[upkeep]\n|-damage|p1b: Milotic|50/100|[from] Sandstorm\n|-damage|p2a: Venusaur|78/100|[from] Sandstorm\n|upkeep\n|turn|4\n|inactive|pikachufan7943 has 30 seconds left.\n|\n|t:|1775961137\n|move|p1b: Milotic|Protect|p1b: Milotic\n|-singleturn|p1b: Milotic|Protect\n|move|p2b: Mamoswine|Protect|p2b: Mamoswine\n|-singleturn|p2b: Mamoswine|Protect\n|move|p1a: Tyranitar|Dragon Dance|p1a: Tyranitar\n|-boost|p1a: Tyranitar|atk|1\n|-boost|p1a: Tyranitar|spe|1\n|move|p2a: Venusaur|Giga Drain|p1a: Tyranitar\n|-supereffective|p1a: Tyranitar|1\n|-damage|p1a: Tyranitar|29/100\n|-heal|p2a: Venusaur|100/100|[from] drain|[of] p1a: Tyranitar\n|\n|-weather|Sandstorm|[upkeep]\n|-damage|p1b: Milotic|44/100|[from] Sandstorm\n|-damage|p2a: Venusaur|95/100|[from] Sandstorm\n|upkeep\n|turn|5\n|\n|t:|1775961153\n|switch|p1b: Sinistcha|Sinistcha, L50|100/100\n|-heal|p1a: Tyranitar|54/100|[from] ability: Hospitality|[of] p1b: Sinistcha\n|move|p2b: Mamoswine|Ice Shard|p1a: Tyranitar\n|-damage|p1a: Tyranitar|34/100\n|move|p1a: Tyranitar|Rock Slide|p2a: Venusaur|[spread] p2a,p2b\n|-damage|p2a: Venusaur|42/100\n|-damage|p2b: Mamoswine|0 fnt\n|faint|p2b: Mamoswine\n|cant|p2a: Venusaur|flinch\n|\n|-weather|none\n|upkeep\n|\n|t:|1775961164\n|switch|p2b: Basculegion|Basculegion, L50, M|100/100\n|turn|6\n|\n|t:|1775961182\n|move|p1b: Sinistcha|Rage Powder|p1b: Sinistcha\n|-singleturn|p1b: Sinistcha|move: Rage Powder\n|move|p1a: Tyranitar|Crunch|p2a: Venusaur\n|-damage|p2a: Venusaur|0 fnt\n|faint|p2a: Venusaur\n|move|p2b: Basculegion|Last Respects|p1b: Sinistcha\n|-supereffective|p1b: Sinistcha|1\n|-damage|p1b: Sinistcha|0 fnt\n|faint|p1b: Sinistcha\n|\n|upkeep\n|\n|t:|1775961189\n|switch|p2a: Sneasler|Sneasler, L50, M|100/100\n|switch|p1b: Milotic|Milotic, L50, M|44/100\n|turn|7\n|\n|t:|1775961196\n|move|p1a: Tyranitar|Protect|p1a: Tyranitar\n|-singleturn|p1a: Tyranitar|Protect\n|move|p1b: Milotic|Protect|p1b: Milotic\n|-singleturn|p1b: Milotic|Protect\n|move|p2a: Sneasler|Fake Out|p1a: Tyranitar\n|-activate|p1a: Tyranitar|move: Protect\n|move|p2b: Basculegion|Last Respects|p1b: Milotic\n|-activate|p1b: Milotic|move: Protect\n|\n|upkeep\n|turn|8\n|\n|t:|1775961209\n|move|p1a: Tyranitar|Crunch|p2b: Basculegion\n|-supereffective|p2b: Basculegion|1\n|-damage|p2b: Basculegion|0 fnt\n|faint|p2b: Basculegion\n|move|p2a: Sneasler|Close Combat|p1a: Tyranitar\n|-supereffective|p1a: Tyranitar|2\n|-damage|p1a: Tyranitar|0 fnt\n|-unboost|p2a: Sneasler|def|1\n|-unboost|p2a: Sneasler|spd|1\n|faint|p1a: Tyranitar\n|-enditem|p2a: Sneasler|White Herb\n|-clearnegativeboost|p2a: Sneasler|[silent]\n|move|p1b: Milotic|Scald|p2a: Sneasler\n|-damage|p2a: Sneasler|44/100\n|\n|upkeep\n|turn|9\n|\n|t:|1775961224\n|move|p2a: Sneasler|Dire Claw|p1b: Milotic\n|-damage|p1b: Milotic|0 fnt\n|faint|p1b: Milotic\n|\n|win|hozesama\n|raw|pikachufan7943's rating: 1253 &rarr; <strong>1234</strong><br />(-19 for losing)\n|raw|hozesama's rating: 1339 &rarr; <strong>1354</strong><br />(+15 for winning)\n|l|\u2606pikachufan7943\n|player|p1|\n",
  "uploadtime": 1775961230,
  "views": 19,
  "formatid": "gen9championsvgc2026regma",
  "rating": 1234,
  "private": 0,
  "password": null
}