{
  "id": "gen9championsvgc2026regma-2587180791",
  "format": "[Gen 9 Champions] VGC 2026 Reg M-A",
  "players": [
    "melozzz",
    "fangyusuhe"
  ],
  "log": "|j|\u2606melozzz\n|j|\u2606fangyusuhe\n|t:|1776505232\n|gametype|doubles\n|player|p1|melozzz|1|1385\n|player|p2|fangyusuhe|dawn|1540\n|gen|9\n|tier|[Gen 9 Champions] VGC 2026 Reg M-A\n|rated|\n|rule|Species Clause: Limit one of each Pok\u00e9mon\n|rule|Item Clause: Limit 1 of each item\n|clearpoke\n|poke|p1|Dragonite, L50, M|\n|poke|p1|Incineroar, L50, F|\n|poke|p1|Archaludon, L50, M|\n|poke|p1|Sinistcha-Masterpiece, L50|\n|poke|p1|Basculegion, L50, M|\n|poke|p1|Politoed, L50, F|\n|poke|p2|Floette-Eternal, L50, F|\n|poke|p2|Garchomp, L50, M|\n|poke|p2|Sinistcha, L50|\n|poke|p2|Kingambit, L50, F|\n|poke|p2|Delphox, L50, M|\n|poke|p2|Aerodactyl, L50, M|\n|teampreview|4\n|inactive|Battle timer is ON: inactive players will automatically lose when time's up. (requested by fangyusuhe)\n|\n|t:|1776505249\n|teamsize|p1|4\n|teamsize|p2|4\n|start\n|switch|p1a: Basculegion|Basculegion, L50, M|100/100\n|switch|p1b: Archaludon|Archaludon, L50, M|100/100\n|switch|p2a: Floette|Floette-Eternal, L50, F|100/100\n|switch|p2b: Aerodactyl|Aerodactyl, L50, M|100/100\n|-ability|p2b: Aerodactyl|Unnerve\n|turn|1\n|\n|t:|1776505271\n|detailschange|p2a: Floette|Floette-Mega, L50, F\n|-mega|p2a: Floette|Floette|Floettite\n|-ability|p2a: Floette|Fairy Aura\n|move|p1a: Basculegion|Wave Crash|p2a: Floette\n|-damage|p2a: Floette|12/100\n|-damage|p1a: Basculegion|78/100|[from] Recoil\n|move|p2b: Aerodactyl|Tailwind|p2b: Aerodactyl\n|-sidestart|p2: fangyusuhe|move: Tailwind\n|move|p2a: Floette|Dazzling Gleam|p1b: Archaludon|[spread] p1a,p1b\n|-damage|p1a: Basculegion|16/100\n|-damage|p1b: Archaludon|59/100\n|-ability|p1b: Archaludon|Stamina|boost\n|-boost|p1b: Archaludon|def|1\n|move|p1b: Archaludon|Draco Meteor|p2b: Aerodactyl\n|-damage|p2b: Aerodactyl|20/100\n|-unboost|p1b: Archaludon|spa|2\n|\n|-heal|p1b: Archaludon|65/100|[from] item: Leftovers\n|upkeep\n|turn|2\n|\n|t:|1776505288\n|switch|p1a: Incineroar|Incineroar, L50, F|100/100\n|-ability|p1a: Incineroar|Intimidate|boost\n|-unboost|p2a: Floette|atk|1\n|-unboost|p2b: Aerodactyl|atk|1\n|move|p2b: Aerodactyl|Rock Slide|p1a: Incineroar|[spread] p1a,p1b\n|-supereffective|p1a: Incineroar|1\n|-resisted|p1b: Archaludon|1\n|-damage|p1a: Incineroar|73/100\n|-damage|p1b: Archaludon|61/100\n|-ability|p1b: Archaludon|Stamina|boost\n|-boost|p1b: Archaludon|def|1\n|move|p2a: Floette|Moonblast|p1b: Archaludon\n|-damage|p1b: Archaludon|0 fnt\n|faint|p1b: Archaludon\n|\n|upkeep\n|\n|t:|1776505291\n|switch|p1b: Basculegion|Basculegion, L50, M|16/100\n|turn|3\n|\n|t:|1776505301\n|move|p2b: Aerodactyl|Protect|p2b: Aerodactyl\n|-singleturn|p2b: Aerodactyl|Protect\n|move|p2a: Floette|Protect|p2a: Floette\n|-singleturn|p2a: Floette|Protect\n|move|p1a: Incineroar|Fake Out|p2b: Aerodactyl\n|-activate|p2b: Aerodactyl|move: Protect\n|move|p1b: Basculegion|Aqua Jet|p2a: Floette\n|-activate|p2a: Floette|move: Protect\n|\n|upkeep\n|turn|4\n|\n|t:|1776505310\n|move|p1b: Basculegion|Aqua Jet|p2a: Floette\n|-damage|p2a: Floette|0 fnt\n|faint|p2a: Floette\n|move|p2b: Aerodactyl|Rock Slide|p1b: Basculegion|[spread] p1a,p1b\n|-supereffective|p1a: Incineroar|1\n|-damage|p1a: Incineroar|44/100\n|-damage|p1b: Basculegion|0 fnt\n|faint|p1b: Basculegion\n|move|p1a: Incineroar|Darkest Lariat|p2b: Aerodactyl\n|-damage|p2b: Aerodactyl|0 fnt\n|faint|p2b: Aerodactyl\n|\n|-sideend|p2: fangyusuhe|move: Tailwind\n|upkeep\n|\n|t:|1776505315\n|switch|p2b: Garchomp|Garchomp, L50, M|100/100\n|switch|p2a: Kingambit|Kingambit, L50, F|100/100\n|switch|p1b: Dragonite|Dragonite, L50, M|100/100\n|turn|5\n|\n|t:|1776505325\n|detailschange|p1b: Dragonite|Dragonite-Mega, L50, M\n|-mega|p1b: Dragonite|Dragonite|Dragoninite\n|move|p2b: Garchomp|Stomping Tantrum|p1a: Incineroar\n|-supereffective|p1a: Incineroar|1\n|-damage|p1a: Incineroar|0 fnt\n|faint|p1a: Incineroar\n|move|p1b: Dragonite|Draco Meteor|p2b: Garchomp\n|-supereffective|p2b: Garchomp|1\n|-damage|p2b: Garchomp|0 fnt\n|-unboost|p1b: Dragonite|spa|2\n|faint|p2b: Garchomp\n|move|p2a: Kingambit|Kowtow Cleave|p1b: Dragonite\n|-damage|p1b: Dragonite|79/100\n|\n|upkeep\n|turn|6\n|\n|t:|1776505336\n|move|p1b: Dragonite|Thunder|p2a: Kingambit\n|-damage|p2a: Kingambit|80/100\n|move|p2a: Kingambit|Kowtow Cleave|p1b: Dragonite\n|-damage|p1b: Dragonite|38/100\n|\n|upkeep\n|turn|7\n|\n|t:|1776505347\n|move|p2a: Kingambit|Sucker Punch|p1b: Dragonite\n|-crit|p1b: Dragonite\n|-damage|p1b: Dragonite|0 fnt\n|faint|p1b: Dragonite\n|\n|win|fangyusuhe\n|raw|melozzz's rating: 1385 &rarr; <strong>1372</strong><br />(-13 for losing)\n|raw|fangyusuhe's rating: 1516 &rarr; <strong>1529</strong><br />(+13 for winning)\n|l|\u2606melozzz\n|player|p1|\n|l|\u2606fangyusuhe\n|player|p2|\n",
  "uploadtime": 1776505354,
  "views": 22,
  "formatid": "gen9championsvgc2026regma",
  "rating": 1372,
  "private": 0,
  "password": null
}