{
  "id": "gen9championsvgc2026regma-2582818264",
  "format": "[Gen 9 Champions] VGC 2026 Reg M-A",
  "players": [
    "P0keJr",
    "Alvaroxya"
  ],
  "log": "|j|\u2606P0keJr\n|j|\u2606Alvaroxya\n|t:|1776116433\n|gametype|doubles\n|player|p1|P0keJr|101|1049\n|player|p2|Alvaroxya|nate|1112\n|gen|9\n|tier|[Gen 9 Champions] VGC 2026 Reg M-A\n|rated|\n|rule|Species Clause: Limit one of each Pok\u00e9mon\n|rule|Item Clause: Limit 1 of each item\n|clearpoke\n|poke|p1|Pelipper, L50, F|\n|poke|p1|Archaludon, L50, M|\n|poke|p1|Glimmora, L50, F|\n|poke|p1|Dragonite, L50, F|\n|poke|p1|Basculegion, L50, M|\n|poke|p1|Sneasler, L50, F|\n|poke|p2|Altaria, L50, F|\n|poke|p2|Sinistcha, L50|\n|poke|p2|Incineroar, L50, M|\n|poke|p2|Milotic, L50, M|\n|poke|p2|Excadrill, L50, F|\n|poke|p2|Mimikyu, L50, M|\n|teampreview|4\n|\n|t:|1776116469\n|teamsize|p1|4\n|teamsize|p2|4\n|start\n|switch|p1a: Dragonite|Dragonite, L50, F|100/100\n|switch|p1b: Sneasler|Sneasler, L50, F|100/100\n|switch|p2a: Jojopyun|Altaria, L50, F, shiny|100/100\n|switch|p2b: Supa|Excadrill, L50, F|100/100\n|-ability|p2b: Supa|Mold Breaker\n|-ability|p2a: Jojopyun|Cloud Nine\n|turn|1\n|inactive|Battle timer is ON: inactive players will automatically lose when time's up. (requested by P0keJr)\n|inactive|P0keJr has 60 seconds left.\n|\n|t:|1776116506\n|detailschange|p1a: Dragonite|Dragonite-Mega, L50, F\n|-mega|p1a: Dragonite|Dragonite|Dragoninite\n|move|p2a: Jojopyun|Protect|p2a: Jojopyun\n|-singleturn|p2a: Jojopyun|Protect\n|move|p1b: Sneasler|Rock Slide|p2a: Jojopyun|[spread] \n|-activate|p2a: Jojopyun|move: Protect\n|-miss|p1b: Sneasler|p2b: Supa\n|move|p2b: Supa|Drill Run|p1b: Sneasler\n|-supereffective|p1b: Sneasler|1\n|-enditem|p1b: Sneasler|Focus Sash\n|-damage|p1b: Sneasler|1/100\n|move|p1a: Dragonite|Dragon Pulse|p2a: Jojopyun\n|-activate|p2a: Jojopyun|move: Protect\n|\n|upkeep\n|turn|2\n|inactive|P0keJr has 30 seconds left.\n|\n|t:|1776116539\n|detailschange|p2a: Jojopyun|Altaria-Mega, L50, F, shiny\n|-mega|p2a: Jojopyun|Altaria|Altarianite\n|move|p1b: Sneasler|Close Combat|p2b: Supa\n|-supereffective|p2b: Supa|1\n|-damage|p2b: Supa|0 fnt\n|-unboost|p1b: Sneasler|def|1\n|-unboost|p1b: Sneasler|spd|1\n|faint|p2b: Supa\n|move|p1a: Dragonite|Dragon Pulse|p2a: Jojopyun\n|-immune|p2a: Jojopyun\n|move|p2a: Jojopyun|Breaking Swipe|p1b: Sneasler|[spread] p1a,p1b\n|-supereffective|p1a: Dragonite|1\n|-damage|p1a: Dragonite|86/100\n|-damage|p1b: Sneasler|0 fnt\n|-unboost|p1a: Dragonite|atk|1\n|faint|p1b: Sneasler\n|\n|upkeep\n|\n|t:|1776116557\n|switch|p1b: Pelipper|Pelipper, L50, F|100/100\n|switch|p2b: Myku|Mimikyu, L50, M, shiny|100/100\n|-weather|RainDance|[from] ability: Drizzle|[of] p1b: Pelipper\n|turn|3\n|\n|t:|1776116576\n|move|p1b: Pelipper|Icy Wind|p2a: Jojopyun|[spread] p2a,p2b\n|-supereffective|p2a: Jojopyun|1\n|-damage|p2a: Jojopyun|79/100\n|-activate|p2b: Myku|ability: Disguise\n|-damage|p2b: Myku|100/100\n|-unboost|p2a: Jojopyun|spe|1\n|-unboost|p2b: Myku|spe|1\n|detailschange|p2b: Myku|Mimikyu-Busted, L50, M, shiny\n|-damage|p2b: Myku|88/100|[from] pokemon: Mimikyu-Busted\n|move|p1a: Dragonite|Hurricane|p2a: Jojopyun\n|-damage|p2a: Jojopyun|10/100\n|-start|p2a: Jojopyun|confusion\n|move|p2b: Myku|Taunt|p1b: Pelipper\n|-start|p1b: Pelipper|move: Taunt\n|-activate|p2a: Jojopyun|confusion\n|-damage|p2a: Jojopyun|1/100|[from] confusion\n|\n|-weather|RainDance|[upkeep]\n|upkeep\n|turn|4\n|\n|t:|1776116598\n|switch|p2b: \u00c1lvaro|Sinistcha, L50|100/100\n|-heal|p2a: Jojopyun|26/100|[from] ability: Hospitality|[of] p2b: \u00c1lvaro\n|move|p1a: Dragonite|Protect|p1a: Dragonite\n|-singleturn|p1a: Dragonite|Protect\n|-activate|p2a: Jojopyun|confusion\n|move|p2a: Jojopyun|Protect|p2a: Jojopyun\n|-singleturn|p2a: Jojopyun|Protect\n|move|p1b: Pelipper|Icy Wind|p2b: \u00c1lvaro|[spread] p2b\n|-activate|p2a: Jojopyun|move: Protect\n|-supereffective|p2b: \u00c1lvaro|1\n|-damage|p2b: \u00c1lvaro|81/100\n|-unboost|p2b: \u00c1lvaro|spe|1\n|\n|-weather|RainDance|[upkeep]\n|-heal|p2b: \u00c1lvaro|88/100|[from] item: Leftovers\n|upkeep\n|turn|5\n|\n|t:|1776116620\n|switch|p2a: Myku|Mimikyu-Busted, L50, M, shiny|88/100\n|move|p1b: Pelipper|Icy Wind|p2a: Myku|[spread] p2a,p2b\n|-supereffective|p2b: \u00c1lvaro|1\n|-damage|p2a: Myku|75/100\n|-damage|p2b: \u00c1lvaro|70/100\n|-unboost|p2a: Myku|spe|1\n|-unboost|p2b: \u00c1lvaro|spe|1\n|move|p1a: Dragonite|Hurricane|p2b: \u00c1lvaro\n|-supereffective|p2b: \u00c1lvaro|1\n|-damage|p2b: \u00c1lvaro|0 fnt\n|faint|p2b: \u00c1lvaro\n|\n|-weather|RainDance|[upkeep]\n|upkeep\n|\n|t:|1776116632\n|switch|p2b: Jojopyun|Altaria-Mega, L50, F, shiny|26/100\n|turn|6\n|\n|t:|1776116648\n|move|p1b: Pelipper|Icy Wind|p2a: Myku|[spread] p2a,p2b\n|-supereffective|p2b: Jojopyun|1\n|-damage|p2a: Myku|61/100\n|-damage|p2b: Jojopyun|3/100\n|-unboost|p2a: Myku|spe|1\n|-unboost|p2b: Jojopyun|spe|1\n|move|p1a: Dragonite|Hurricane|p2b: Jojopyun\n|-damage|p2b: Jojopyun|0 fnt\n|faint|p2b: Jojopyun\n|move|p2a: Myku|Play Rough|p1a: Dragonite\n|-supereffective|p1a: Dragonite|1\n|-damage|p1a: Dragonite|23/100\n|\n|-weather|RainDance|[upkeep]\n|-end|p1b: Pelipper|move: Taunt\n|upkeep\n|turn|7\n|\n|t:|1776116672\n|move|p1b: Pelipper|Icy Wind|p2a: Myku\n|-damage|p2a: Myku|41/100\n|-unboost|p2a: Myku|spe|1\n|move|p1a: Dragonite|Hurricane|p2a: Myku\n|-damage|p2a: Myku|0 fnt\n|faint|p2a: Myku\n|\n|win|P0keJr\n|raw|P0keJr's rating: 1049 &rarr; <strong>1088</strong><br />(+39 for winning)\n|raw|Alvaroxya's rating: 1112 &rarr; <strong>1083</strong><br />(-29 for losing)\n|l|\u2606Alvaroxya\n|player|p2|\n|l|\u2606P0keJr\n|player|p1|\n|j|\u2606P0keJr\n|player|p1|P0keJr|101|\n",
  "uploadtime": 1776116679,
  "views": 21,
  "formatid": "gen9championsvgc2026regma",
  "rating": 1083,
  "private": 0,
  "password": null
}