{
  "id": "gen9championsvgc2026regma-2582070663",
  "format": "[Gen 9 Champions] VGC 2026 Reg M-A",
  "players": [
    "notasquiremario",
    "Orosu1922"
  ],
  "log": "|j|\u2606notasquiremario\n|j|\u2606Orosu1922\n|t:|1776054254\n|gametype|doubles\n|player|p1|notasquiremario|burglar|1024\n|player|p2|Orosu1922|iris-gen5bw2|1001\n|gen|9\n|tier|[Gen 9 Champions] VGC 2026 Reg M-A\n|rated|\n|rule|Species Clause: Limit one of each Pok\u00e9mon\n|rule|Item Clause: Limit 1 of each item\n|clearpoke\n|poke|p1|Aegislash, L50, F|\n|poke|p1|Dragonite, L50, M|\n|poke|p1|Incineroar, L50, F|\n|poke|p1|Politoed, L50, M|\n|poke|p1|Gengar, L50, F|\n|poke|p1|Sneasler, L50, F|\n|poke|p2|Feraligatr, L50, M|\n|poke|p2|Sinistcha, L50|\n|poke|p2|Hatterene, L50, F|\n|poke|p2|Torkoal, L50, F|\n|poke|p2|Hydrapple, L50, M|\n|poke|p2|Conkeldurr, L50, M|\n|teampreview|4\nnotasquiremario has agreed to open team sheets.\n|c|\u2606notasquiremario|hello o7\n|inactive|Battle timer is ON: inactive players will automatically lose when time's up. (requested by Orosu1922)\n|c|\u2606Orosu1922|Yo\n|\n|t:|1776054313\n|teamsize|p1|4\n|teamsize|p2|4\n|start\n|switch|p1a: Incineroar|Incineroar, L50, F|100/100\n|switch|p1b: Dragonite|Dragonite, L50, M|100/100\n|switch|p2a: THE GATOR|Feraligatr, L50, M, shiny|100/100\n|switch|p2b: Little tea cup|Sinistcha, L50, shiny|100/100\n|-ability|p1a: Incineroar|Intimidate|boost\n|-unboost|p2a: THE GATOR|atk|1\n|-unboost|p2b: Little tea cup|atk|1\n|turn|1\n|\n|t:|1776054333\n|move|p1a: Incineroar|Fake Out|p2a: THE GATOR\n|-damage|p2a: THE GATOR|91/100\n|move|p1b: Dragonite|Dragon Claw|p2a: THE GATOR\n|-damage|p2a: THE GATOR|56/100\n|cant|p2a: THE GATOR|flinch\n|move|p2b: Little tea cup|Trick Room|p2b: Little tea cup\n|-fieldstart|move: Trick Room|[of] p2b: Little tea cup\n|\n|upkeep\n|turn|2\n|\n|t:|1776054357\n|switch|p1b: Politoed|Politoed, L50, M|100/100\n|-weather|RainDance|[from] ability: Drizzle|[of] p1b: Politoed\n|detailschange|p2a: THE GATOR|Feraligatr-Mega, L50, M, shiny\n|-mega|p2a: THE GATOR|Feraligatr|Feraligite\n|move|p1a: Incineroar|Darkest Lariat|p2b: Little tea cup\n|-supereffective|p2b: Little tea cup|1\n|-damage|p2b: Little tea cup|24/100\n|-enditem|p2b: Little tea cup|Sitrus Berry|[eat]\n|-heal|p2b: Little tea cup|49/100|[from] item: Sitrus Berry\n|move|p2b: Little tea cup|Matcha Gotcha|p1b: Politoed|[spread] p1a,p1b\n|-resisted|p1a: Incineroar|1\n|-supereffective|p1b: Politoed|1\n|-damage|p1a: Incineroar|90/100\n|-heal|p2b: Little tea cup|56/100|[from] drain|[of] p1a: Incineroar\n|-damage|p1b: Politoed|54/100\n|-heal|p2b: Little tea cup|84/100|[from] drain|[of] p1b: Politoed\n|move|p2a: THE GATOR|Double-Edge|p1b: Politoed\n|-damage|p1b: Politoed|0 fnt\n|faint|p1b: Politoed\n|-damage|p2a: THE GATOR|36/100|[from] Recoil\n|\n|-weather|RainDance|[upkeep]\n|upkeep\n|\n|t:|1776054380\n|switch|p1b: Gengar|Gengar, L50, F, shiny|100/100\n|turn|3\n|\n|t:|1776054397\n|move|p2b: Little tea cup|Protect|p2b: Little tea cup\n|-singleturn|p2b: Little tea cup|Protect\n|move|p1b: Gengar|Protect|p1b: Gengar\n|-singleturn|p1b: Gengar|Protect\n|move|p1a: Incineroar|Darkest Lariat|p2b: Little tea cup\n|-activate|p2b: Little tea cup|move: Protect\n|move|p2a: THE GATOR|Double-Edge|p1b: Gengar\n|-activate|p1b: Gengar|move: Protect\n|\n|-weather|RainDance|[upkeep]\n|upkeep\n|turn|4\n|inactive|notasquiremario has 30 seconds left.\n|inactive|Orosu1922 has 30 seconds left.\n|inactive|notasquiremario has 20 seconds left.\n|inactive|notasquiremario has 15 seconds left.\n|inactive|notasquiremario has 10 seconds left.\n|\n|t:|1776054443\n|switch|p2b: Conk|Conkeldurr, L50, M|100/100\n|move|p1b: Gengar|Protect||[still]\n|-fail|p1b: Gengar\n|move|p1a: Incineroar|Darkest Lariat|p2b: Conk\n|-resisted|p2b: Conk|1\n|-damage|p2b: Conk|85/100\n|move|p2a: THE GATOR|Double-Edge|p1a: Incineroar\n|-crit|p1a: Incineroar\n|-damage|p1a: Incineroar|0 fnt\n|faint|p1a: Incineroar\n|-damage|p2a: THE GATOR|3/100|[from] Recoil\n|\n|-weather|RainDance|[upkeep]\n|upkeep\n|\n|t:|1776054451\n|switch|p1a: Dragonite|Dragonite, L50, M|100/100\n|turn|5\n|inactive|Orosu1922 has 30 seconds left.\n|\n|t:|1776054482\n|switch|p2a: Hatty|Hatterene, L50, F|100/100\n|detailschange|p1a: Dragonite|Dragonite-Mega, L50, M\n|-mega|p1a: Dragonite|Dragonite|Dragoninite\n|move|p1a: Dragonite|Extreme Speed|p2a: Hatty\n|-damage|p2a: Hatty|77/100\n|move|p2b: Conk|Ice Punch|p1a: Dragonite\n|-supereffective|p1a: Dragonite|2\n|-damage|p1a: Dragonite|30/100\n|move|p1b: Gengar|Knock Off|p2b: Conk\n|-resisted|p2b: Conk|1\n|-damage|p2b: Conk|78/100\n|-enditem|p2b: Conk|Black Belt|[from] move: Knock Off|[of] p1b: Gengar\n|\n|-weather|RainDance|[upkeep]\n|-fieldend|move: Trick Room\n|upkeep\n|turn|6\n|inactive|notasquiremario has 30 seconds left.\n|inactive|Orosu1922 has 30 seconds left.\n|\n|t:|1776054512\n|move|p1a: Dragonite|Extreme Speed|p2b: Conk\n|-damage|p2b: Conk|55/100\n|move|p1b: Gengar|Sludge Wave|p2b: Conk|[spread] p1a,p2a,p2b\n|-supereffective|p2a: Hatty|1\n|-damage|p1a: Dragonite|2/100\n|-damage|p2a: Hatty|0 fnt\n|-damage|p2b: Conk|19/100\n|faint|p2a: Hatty\n|move|p2b: Conk|Thunder Punch|p1b: Gengar\n|-damage|p1b: Gengar|32/100\n|\n|-weather|none\n|upkeep\n|\n|t:|1776054525\n|switch|p2a: Little tea cup|Sinistcha, L50, shiny|84/100\n|-heal|p2b: Conk|44/100|[from] ability: Hospitality|[of] p2a: Little tea cup\n|turn|7\n|inactive|notasquiremario has 30 seconds left.\n|\n|t:|1776054552\n|move|p2b: Conk|Mach Punch|p1a: Dragonite\n|-resisted|p1a: Dragonite|1\n|-damage|p1a: Dragonite|0 fnt\n|faint|p1a: Dragonite\n|move|p1b: Gengar|Sludge Wave|p2a: Little tea cup|[spread] p2a,p2b\n|-damage|p2a: Little tea cup|49/100\n|-damage|p2b: Conk|7/100\n|move|p2a: Little tea cup|Trick Room|p2a: Little tea cup\n|-fieldstart|move: Trick Room|[of] p2a: Little tea cup\n|\n|upkeep\n|turn|8\n|c|\u2606Orosu1922|Ggs\n|c|\u2606notasquiremario|ggs\n|inactive|Orosu1922 has 30 seconds left.\n|\n|t:|1776054586\n|move|p2b: Conk|Thunder Punch|p1b: Gengar\n|-damage|p1b: Gengar|0 fnt\n|faint|p1b: Gengar\n|\n|win|Orosu1922\n|raw|notasquiremario's rating: 1024 &rarr; <strong>1010</strong><br />(-14 for losing)\n|raw|Orosu1922's rating: 1001 &rarr; <strong>1043</strong><br />(+42 for winning)\n",
  "uploadtime": 1776054589,
  "views": 29,
  "formatid": "gen9championsvgc2026regma",
  "rating": 1010,
  "private": 0,
  "password": null
}