{
  "id": "gen9championsvgc2026regma-2584471523",
  "format": "[Gen 9 Champions] VGC 2026 Reg M-A",
  "players": [
    "kundal",
    "Shitmon Scientist"
  ],
  "log": "|j|\u2606kundal\n|j|\u2606Shitmon Scientist\n|t:|1776263111\n|gametype|doubles\n|player|p1|kundal|266|1115\n|player|p2|Shitmon Scientist|scientist-gen4dp|1044\n|gen|9\n|tier|[Gen 9 Champions] VGC 2026 Reg M-A\n|rated|\n|rule|Species Clause: Limit one of each Pok\u00e9mon\n|rule|Item Clause: Limit 1 of each item\n|clearpoke\n|poke|p1|Whimsicott, L50, F|\n|poke|p1|Houndoom, L50, M|\n|poke|p1|Venusaur, L50, F|\n|poke|p1|Incineroar, L50, M|\n|poke|p1|Farigiraf, L50, F|\n|poke|p1|Drampa, L50, F|\n|poke|p2|Glalie, L50, M|\n|poke|p2|Maushold-Four, L50|\n|poke|p2|Snorlax, L50, M|\n|poke|p2|Noivern, L50, F|\n|poke|p2|Blastoise, L50, F|\n|poke|p2|Chesnaught, L50, F|\n|teampreview|4\n|inactive|Battle timer is ON: inactive players will automatically lose when time's up. (requested by Shitmon Scientist)\nShitmon Scientist rejected open team sheets.\n|\n|t:|1776263155\n|teamsize|p1|4\n|teamsize|p2|4\n|start\n|switch|p1a: Whimsicott|Whimsicott, L50, F|100/100\n|switch|p1b: Houndoom|Houndoom, L50, M|100/100\n|switch|p2a: Blastoise|Blastoise, L50, F|100/100\n|switch|p2b: Maushold|Maushold-Four, L50|100/100\n|turn|1\n|inactive|Shitmon Scientist has 30 seconds left.\n|\n|t:|1776263184\n|detailschange|p1b: Houndoom|Houndoom-Mega, L50, M\n|-mega|p1b: Houndoom|Houndoom|Houndoominite\n|detailschange|p2a: Blastoise|Blastoise-Mega, L50, F\n|-mega|p2a: Blastoise|Blastoise|Blastoisinite\n|move|p1b: Houndoom|Protect|p1b: Houndoom\n|-singleturn|p1b: Houndoom|Protect\n|move|p1a: Whimsicott|Tailwind|p1a: Whimsicott\n|-sidestart|p1: kundal|move: Tailwind\n|move|p2b: Maushold|Taunt|p1a: Whimsicott\n|-start|p1a: Whimsicott|move: Taunt\n|move|p2a: Blastoise|Shell Smash|p2a: Blastoise\n|-unboost|p2a: Blastoise|def|1\n|-unboost|p2a: Blastoise|spd|1\n|-boost|p2a: Blastoise|atk|2\n|-boost|p2a: Blastoise|spa|2\n|-boost|p2a: Blastoise|spe|2\n|\n|upkeep\n|turn|2\n|inactive|kundal has 30 seconds left.\n|inactive|Shitmon Scientist has 30 seconds left.\n|\n|t:|1776263211\n|switch|p1a: Incineroar|Incineroar, L50, M|100/100\n|-ability|p1a: Incineroar|Intimidate|boost\n|-unboost|p2a: Blastoise|atk|1\n|-unboost|p2b: Maushold|atk|1\n|move|p2b: Maushold|Follow Me|p2b: Maushold\n|-singleturn|p2b: Maushold|move: Follow Me\n|move|p1b: Houndoom|Dark Pulse|p2b: Maushold\n|-damage|p2b: Maushold|47/100\n|move|p2a: Blastoise|Surf|p1a: Incineroar|[spread] p2b,p1a,p1b\n|-supereffective|p1a: Incineroar|1\n|-supereffective|p1b: Houndoom|1\n|-damage|p2b: Maushold|0 fnt\n|-damage|p1a: Incineroar|0 fnt\n|-damage|p1b: Houndoom|0 fnt\n|faint|p2b: Maushold\n|faint|p1a: Incineroar\n|faint|p1b: Houndoom\n|\n|upkeep\n|\n|t:|1776263229\n|switch|p1b: Venusaur|Venusaur, L50, F|100/100\n|switch|p2b: Snorlax|Snorlax, L50, M|100/100\n|switch|p1a: Whimsicott|Whimsicott, L50, F|100/100\n|turn|3\n|\n|t:|1776263246\n|move|p1b: Venusaur|Protect|p1b: Venusaur\n|-singleturn|p1b: Venusaur|Protect\n|move|p1a: Whimsicott|Moonblast|p2a: Blastoise\n|-damage|p2a: Blastoise|62/100\n|move|p2a: Blastoise|Dark Pulse|p1b: Venusaur\n|-activate|p1b: Venusaur|move: Protect\n|move|p2b: Snorlax|Belly Drum|p2b: Snorlax\n|-damage|p2b: Snorlax|50/100\n|-setboost|p2b: Snorlax|atk|6|[from] move: Belly Drum\n|-enditem|p2b: Snorlax|Sitrus Berry|[eat]\n|-heal|p2b: Snorlax|75/100|[from] item: Sitrus Berry\n|\n|upkeep\n|turn|4\n|\n|t:|1776263267\n|move|p1a: Whimsicott|Sunny Day|p1a: Whimsicott\n|-weather|SunnyDay\n|move|p1b: Venusaur|Sleep Powder|p2a: Blastoise\n|-status|p2a: Blastoise|slp|[from] move: Sleep Powder\n|cant|p2a: Blastoise|slp\n|move|p2b: Snorlax|Last Resort|p1b: Venusaur\n|-damage|p1b: Venusaur|0 fnt\n|faint|p1b: Venusaur\n|\n|-weather|SunnyDay|[upkeep]\n|-sideend|p1: kundal|move: Tailwind\n|upkeep\n|turn|5\n|\n|t:|1776263283\n|cant|p2a: Blastoise|slp\n|move|p1a: Whimsicott|Moonblast|p2b: Snorlax\n|-crit|p2b: Snorlax\n|-damage|p2b: Snorlax|52/100\n|move|p2b: Snorlax|Last Resort|p1a: Whimsicott\n|-enditem|p1a: Whimsicott|Focus Sash\n|-damage|p1a: Whimsicott|1/100\n|\n|-weather|SunnyDay|[upkeep]\n|upkeep\n|turn|6\n|-message|kundal forfeited.\n|\n|win|Shitmon Scientist\n|raw|kundal's rating: 1115 &rarr; <strong>1085</strong><br />(-30 for losing)\n|raw|Shitmon Scientist's rating: 1044 &rarr; <strong>1084</strong><br />(+40 for winning)\n|l|\u2606kundal\n|player|p1|\n",
  "uploadtime": 1776263294,
  "views": 29,
  "formatid": "gen9championsvgc2026regma",
  "rating": 1084,
  "private": 0,
  "password": null
}