{
  "id": "gen9championsvgc2026regma-2582346957",
  "format": "[Gen 9 Champions] VGC 2026 Reg M-A",
  "players": [
    "Niko highway",
    "Dav0tv"
  ],
  "log": "|j|\u2606Niko highway\n|j|\u2606Dav0tv\n|t:|1776085282\n|gametype|doubles\n|player|p1|Niko highway|169|1299\n|player|p2|Dav0tv|riley|1208\n|gen|9\n|tier|[Gen 9 Champions] VGC 2026 Reg M-A\n|rated|\n|rule|Species Clause: Limit one of each Pok\u00e9mon\n|rule|Item Clause: Limit 1 of each item\n|clearpoke\n|poke|p1|Incineroar, L50, M|\n|poke|p1|Conkeldurr, L50, F|\n|poke|p1|Sinistcha, L50|\n|poke|p1|Cofagrigus, L50, M|\n|poke|p1|Drampa, L50, M|\n|poke|p1|Aggron, L50, M|\n|poke|p2|Farigiraf, L50, M|\n|poke|p2|Sinistcha, L50|\n|poke|p2|Golurk, L50|\n|poke|p2|Incineroar, L50, F|\n|poke|p2|Kingambit, L50, F|\n|poke|p2|Torkoal, L50, M|\n|teampreview|4\n|\n|t:|1776085334\n|teamsize|p1|4\n|teamsize|p2|4\n|start\n|switch|p1a: Conkeldurr|Conkeldurr, L50, F|100/100\n|switch|p1b: Drampa|Drampa, L50, M|100/100\n|switch|p2a: Sinistcha|Sinistcha, L50|100/100\n|switch|p2b: Kingambit|Kingambit, L50, F|100/100\n|-ability|p1b: Drampa|Cloud Nine\n|turn|1\n|inactive|Battle timer is ON: inactive players will automatically lose when time's up. (requested by Niko highway)\n|\n|t:|1776085357\n|switch|p2b: Incineroar|Incineroar, L50, F|100/100\n|-ability|p2b: Incineroar|Intimidate|boost\n|-unboost|p1a: Conkeldurr|atk|1\n|-unboost|p1b: Drampa|atk|1\n|move|p2a: Sinistcha|Protect|p2a: Sinistcha\n|-singleturn|p2a: Sinistcha|Protect\n|move|p1a: Conkeldurr|Knock Off|p2a: Sinistcha\n|-activate|p2a: Sinistcha|move: Protect\n|move|p1b: Drampa|Shadow Ball|p2a: Sinistcha\n|-activate|p2a: Sinistcha|move: Protect\n|\n|upkeep\n|turn|2\n|inactive|Dav0tv has 30 seconds left.\n|\n|t:|1776085383\n|switch|p2a: Kingambit|Kingambit, L50, F|100/100\n|switch|p1b: Incineroar|Incineroar, L50, M|100/100\n|-ability|p1b: Incineroar|Intimidate|boost\n|-unboost|p2a: Kingambit|atk|1\n|-ability|p2a: Kingambit|Defiant|boost\n|-boost|p2a: Kingambit|atk|2\n|-unboost|p2b: Incineroar|atk|1\n|move|p2b: Incineroar|Fake Out|p1a: Conkeldurr\n|-damage|p1a: Conkeldurr|94/100\n|cant|p1a: Conkeldurr|flinch\n|\n|upkeep\n|turn|3\n|inactive|Niko highway has 30 seconds left.\n|inactive|Niko highway has 20 seconds left.\n|inactive|Niko highway has 15 seconds left.\n|inactive|Niko highway has 10 seconds left.\n|\n|t:|1776085428\n|move|p1b: Incineroar|Fake Out|p2b: Incineroar\n|-damage|p2b: Incineroar|87/100\n|cant|p2b: Incineroar|flinch\n|move|p2a: Kingambit|Iron Head|p1a: Conkeldurr\n|-damage|p1a: Conkeldurr|28/100\n|cant|p1a: Conkeldurr|flinch\n|\n|upkeep\n|turn|4\n|c|\u2606Dav0tv|rough\n|c|\u2606Niko highway|damn it\n|inactive|Niko highway has 30 seconds left.\n|c|\u2606Dav0tv|my only out there unlucky\n|\n|t:|1776085463\n|switch|p1b: Sinistcha|Sinistcha, L50|100/100\n|-heal|p1a: Conkeldurr|53/100|[from] ability: Hospitality|[of] p1b: Sinistcha\n|move|p2b: Incineroar|Flare Blitz|p1a: Conkeldurr\n|-damage|p1a: Conkeldurr|27/100\n|-status|p1a: Conkeldurr|brn\n|-damage|p2b: Incineroar|78/100|[from] Recoil\n|move|p2a: Kingambit|Iron Head|p1a: Conkeldurr\n|-damage|p1a: Conkeldurr|0 fnt\n|faint|p1a: Conkeldurr\n|\n|upkeep\n|c|\u2606Niko highway|......\n|c|\u2606Dav0tv|make it worse too goddamn\n|c|\u2606Niko highway|come on\n|inactive|Niko highway has 30 seconds left.\n|\n|t:|1776085489\n|switch|p1a: Incineroar|Incineroar, L50, M|100/100\n|-ability|p1a: Incineroar|Intimidate|boost\n|-unboost|p2a: Kingambit|atk|1\n|-ability|p2a: Kingambit|Defiant|boost\n|-boost|p2a: Kingambit|atk|2\n|-unboost|p2b: Incineroar|atk|1\n|turn|5\n|\n|t:|1776085504\n|switch|p1b: Drampa|Drampa, L50, M|100/100\n|-ability|p1b: Drampa|Cloud Nine\n|move|p1a: Incineroar|Flare Blitz|p2a: Kingambit\n|-supereffective|p2a: Kingambit|1\n|-damage|p2a: Kingambit|0 fnt\n|faint|p2a: Kingambit\n|-damage|p1a: Incineroar|72/100|[from] Recoil\n|move|p2b: Incineroar|Parting Shot|p1a: Incineroar\n|-unboost|p1a: Incineroar|atk|1\n|-unboost|p1a: Incineroar|spa|1\n|\n|t:|1776085517\n|switch|p2b: Golurk|Golurk, L50|100/100|[from] Parting Shot\n|\n|upkeep\n|\n|t:|1776085521\n|switch|p2a: Incineroar|Incineroar, L50, F|78/100\n|-ability|p2a: Incineroar|Intimidate|boost\n|-unboost|p1a: Incineroar|atk|1\n|-unboost|p1b: Drampa|atk|1\n|turn|6\n|c|\u2606Niko highway|at least I get rid that god damn kingambit\n|\n|t:|1776085545\n|switch|p1a: Sinistcha|Sinistcha, L50|100/100\n|detailschange|p2b: Golurk|Golurk-Mega, L50\n|-mega|p2b: Golurk|Golurk|Golurkite\n|move|p2a: Incineroar|Fake Out|p1b: Drampa\n|-damage|p1b: Drampa|88/100\n|move|p2b: Golurk|Ice Punch|p1b: Drampa\n|-supereffective|p1b: Drampa|1\n|-damage|p1b: Drampa|17/100\n|cant|p1b: Drampa|flinch\n|\n|upkeep\n|turn|7\n|c|\u2606Dav0tv|was praying flare blitz didnt ohko, decent attack investment?\n|c|\u2606Niko highway|quite a bit\n|inactive|Dav0tv has 30 seconds left.\n|inactive|Dav0tv has 20 seconds left.\n|\n|t:|1776085583\n|switch|p1b: Incineroar|Incineroar, L50, M|72/100\n|-ability|p1b: Incineroar|Intimidate|boost\n|-unboost|p2a: Incineroar|atk|1\n|-unboost|p2b: Golurk|atk|1\n|move|p1a: Sinistcha|Matcha Gotcha|p2a: Incineroar|[spread] p2a,p2b\n|-resisted|p2a: Incineroar|1\n|-supereffective|p2b: Golurk|1\n|-damage|p2a: Incineroar|65/100\n|-damage|p2b: Golurk|40/100\n|move|p2a: Incineroar|Darkest Lariat|p1b: Incineroar\n|-resisted|p1b: Incineroar|1\n|-damage|p1b: Incineroar|61/100\n|move|p2b: Golurk|Poltergeist|p1a: Sinistcha|[miss]\n|-miss|p2b: Golurk|p1a: Sinistcha\n|\n|upkeep\n|turn|8\n|c|\u2606Dav0tv|there u go\n|c|\u2606Niko highway|thanks\n|inactive|Niko highway has 30 seconds left.\n|inactive|Niko highway has 20 seconds left.\n|inactive|Niko highway has 15 seconds left.\n|\n|t:|1776085624\n|move|p2b: Golurk|Protect|p2b: Golurk\n|-singleturn|p2b: Golurk|Protect\n|move|p1a: Sinistcha|Matcha Gotcha|p2b: Golurk|[spread] p2a\n|-activate|p2b: Golurk|move: Protect\n|-resisted|p2a: Incineroar|1\n|-damage|p2a: Incineroar|54/100\n|move|p1b: Incineroar|Flare Blitz|p2a: Incineroar\n|-resisted|p2a: Incineroar|1\n|-crit|p2a: Incineroar\n|-damage|p2a: Incineroar|16/100\n|-damage|p1b: Incineroar|50/100|[from] Recoil\n|-enditem|p1b: Incineroar|Sitrus Berry|[eat]\n|-heal|p1b: Incineroar|75/100|[from] item: Sitrus Berry\n|move|p2a: Incineroar|Flare Blitz|p1a: Sinistcha\n|-supereffective|p1a: Sinistcha|1\n|-damage|p1a: Sinistcha|40/100\n|-status|p1a: Sinistcha|brn\n|-damage|p2a: Incineroar|0 fnt|[from] Recoil\n|faint|p2a: Incineroar\n|\n|-damage|p1a: Sinistcha|34/100 brn|[from] brn\n|upkeep\n|c|\u2606Dav0tv|wow\n|\n|t:|1776085644\n|switch|p2a: Sinistcha|Sinistcha, L50|100/100\n|-heal|p2b: Golurk|65/100|[from] ability: Hospitality|[of] p2a: Sinistcha\n|turn|9\n|\n|t:|1776085655\n|move|p2a: Sinistcha|Shadow Ball|p1a: Sinistcha\n|-supereffective|p1a: Sinistcha|1\n|-damage|p1a: Sinistcha|0 fnt\n|faint|p1a: Sinistcha\n|move|p1b: Incineroar|Throat Chop|p2b: Golurk\n|-supereffective|p2b: Golurk|1\n|-damage|p2b: Golurk|0 fnt\n|faint|p2b: Golurk\n|\n|upkeep\n|\n|t:|1776085658\n|switch|p1a: Drampa|Drampa, L50, M|17/100\n|-ability|p1a: Drampa|Cloud Nine\n|turn|10\n|c|\u2606Niko highway|wow\n|c|\u2606Niko highway|I'm surprise I KO golurk\n|\n|t:|1776085680\n|move|p2a: Sinistcha|Matcha Gotcha|p1b: Incineroar|[spread] p1a,p1b\n|-resisted|p1a: Drampa|1\n|-resisted|p1b: Incineroar|1\n|-damage|p1a: Drampa|4/100\n|-damage|p1b: Incineroar|63/100\n|move|p1b: Incineroar|Flare Blitz|p2a: Sinistcha\n|-supereffective|p2a: Sinistcha|1\n|-damage|p2a: Sinistcha|2/100\n|-damage|p1b: Incineroar|36/100|[from] Recoil\n|move|p1a: Drampa|Shadow Ball|p2a: Sinistcha\n|-supereffective|p2a: Sinistcha|1\n|-damage|p2a: Sinistcha|0 fnt\n|faint|p2a: Sinistcha\n|\n|win|Niko highway\n|raw|Niko highway's rating: 1299 &rarr; <strong>1318</strong><br />(+19 for winning)\n|raw|Dav0tv's rating: 1208 &rarr; <strong>1189</strong><br />(-19 for losing)\n|c|\u2606Niko highway|gg\n|c|\u2606Dav0tv|gg\n",
  "uploadtime": 1776085689,
  "views": 26,
  "formatid": "gen9championsvgc2026regma",
  "rating": 1189,
  "private": 0,
  "password": null
}