{
  "id": "gen9championsvgc2026regma-2587032061",
  "format": "[Gen 9 Champions] VGC 2026 Reg M-A",
  "players": [
    "VITIN805",
    "u lost da game"
  ],
  "log": "|j|\u2606VITIN805\n|j|\u2606u lost da game\n|t:|1776483254\n|gametype|doubles\n|player|p1|VITIN805|266|1046\n|player|p2|u lost da game|101|1126\n|gen|9\n|tier|[Gen 9 Champions] VGC 2026 Reg M-A\n|rated|\n|rule|Species Clause: Limit one of each Pok\u00e9mon\n|rule|Item Clause: Limit 1 of each item\n|clearpoke\n|poke|p1|Dragonite, L50, F|\n|poke|p1|Charizard, L50, F|\n|poke|p1|Venusaur, L50, F|\n|poke|p1|Whimsicott, L50, F|\n|poke|p1|Torkoal, L50, M|\n|poke|p1|Incineroar, L50, M|\n|poke|p2|Gengar, L50, M|\n|poke|p2|Maushold-Four, L50|\n|poke|p2|Farigiraf, L50, F|\n|poke|p2|Dragonite, L50, F|\n|poke|p2|Basculegion, L50, M|\n|poke|p2|Ditto, L50|\n|teampreview|4\n|\n|t:|1776483282\n|teamsize|p1|4\n|teamsize|p2|4\n|start\n|switch|p1a: Dragonite|Dragonite, L50, F, shiny|100/100\n|switch|p1b: Torkoal|Torkoal, L50, M, shiny|100/100\n|switch|p2a: Bousehold|Maushold-Four, L50|100/100\n|switch|p2b: Sin Perish|Gengar, L50, M|100/100\n|-weather|SunnyDay|[from] ability: Drought|[of] p1b: Torkoal\n|turn|1\n|\n|t:|1776483311\n|detailschange|p2b: Sin Perish|Gengar-Mega, L50, M\n|-mega|p2b: Sin Perish|Gengar|Gengarite\n|detailschange|p1a: Dragonite|Dragonite-Mega, L50, F, shiny\n|-mega|p1a: Dragonite|Dragonite|Dragoninite\n|move|p2a: Bousehold|Follow Me|p2a: Bousehold\n|-singleturn|p2a: Bousehold|move: Follow Me\n|move|p2b: Sin Perish|Nasty Plot|p2b: Sin Perish\n|-boost|p2b: Sin Perish|spa|2\n|move|p1a: Dragonite|Dragon Dance|p1a: Dragonite\n|-boost|p1a: Dragonite|atk|1\n|-boost|p1a: Dragonite|spe|1\n|move|p1b: Torkoal|Eruption|p2b: Sin Perish|[spread] p2a,p2b\n|-enditem|p2a: Bousehold|Focus Sash\n|-damage|p2a: Bousehold|1/100\n|-damage|p2b: Sin Perish|22/100\n|\n|-weather|SunnyDay|[upkeep]\n|upkeep\n|turn|2\n|\n|t:|1776483343\n|move|p1b: Torkoal|Protect|p1b: Torkoal\n|-singleturn|p1b: Torkoal|Protect\n|move|p1a: Dragonite|Extreme Speed|p2a: Bousehold\n|-damage|p2a: Bousehold|0 fnt\n|faint|p2a: Bousehold\n|move|p2b: Sin Perish|Sludge Bomb|p1b: Torkoal\n|-activate|p1b: Torkoal|move: Protect\n|\n|-weather|SunnyDay|[upkeep]\n|upkeep\n|\n|t:|1776483348\n|switch|p2a: McDonald's Worker|Dragonite, L50, F|100/100\n|turn|3\n|\n|t:|1776483361\n|move|p2b: Sin Perish|Protect|p2b: Sin Perish\n|-singleturn|p2b: Sin Perish|Protect\n|move|p1a: Dragonite|Stomping Tantrum|p2b: Sin Perish\n|-activate|p2b: Sin Perish|move: Protect\n|move|p2a: McDonald's Worker|Tailwind|p2a: McDonald's Worker\n|-sidestart|p2: u lost da game|move: Tailwind\n|move|p1b: Torkoal|Eruption|p2a: McDonald's Worker|[spread] p2a\n|-activate|p2b: Sin Perish|move: Protect\n|-resisted|p2a: McDonald's Worker|1\n|-damage|p2a: McDonald's Worker|60/100\n|\n|-weather|SunnyDay|[upkeep]\n|-heal|p2a: McDonald's Worker|66/100|[from] item: Leftovers\n|upkeep\n|turn|4\n|\n|t:|1776483386\n|move|p2b: Sin Perish|Sludge Bomb|p1a: Dragonite\n|-damage|p1a: Dragonite|54/100\n|move|p2a: McDonald's Worker|Breaking Swipe|p1a: Dragonite|[spread] p1a,p1b\n|-supereffective|p1a: Dragonite|1\n|-damage|p1a: Dragonite|0 fnt\n|-damage|p1b: Torkoal|82/100\n|-unboost|p1b: Torkoal|atk|1\n|faint|p1a: Dragonite\n|move|p1b: Torkoal|Eruption|p2a: McDonald's Worker|[spread] p2a,p2b\n|-resisted|p2a: McDonald's Worker|1\n|-damage|p2a: McDonald's Worker|32/100\n|-damage|p2b: Sin Perish|0 fnt\n|faint|p2b: Sin Perish\n|\n|-weather|SunnyDay|[upkeep]\n|-heal|p2a: McDonald's Worker|38/100|[from] item: Leftovers\n|upkeep\n|\n|t:|1776483403\n|switch|p2b: 1 Braincell|Ditto, L50|100/100\n|switch|p1a: Venusaur|Venusaur, L50, F|100/100\n|-transform|p2b: 1 Braincell|p1a: Venusaur|[from] ability: Imposter\n|turn|5\n|\n|t:|1776483426\n|move|p2b: 1 Braincell|Sludge Bomb|p1b: Torkoal\n|-damage|p1b: Torkoal|41/100\n|-status|p1b: Torkoal|psn\n|move|p2a: McDonald's Worker|Breaking Swipe|p1a: Venusaur|[spread] p1a,p1b\n|-damage|p1a: Venusaur|78/100\n|-damage|p1b: Torkoal|20/100 psn\n|-unboost|p1a: Venusaur|atk|1\n|-unboost|p1b: Torkoal|atk|1\n|move|p1a: Venusaur|Sleep Powder|p2a: McDonald's Worker|[miss]\n|-miss|p1a: Venusaur|p2a: McDonald's Worker\n|move|p1b: Torkoal|Heat Crash|p2b: 1 Braincell\n|-supereffective|p2b: 1 Braincell|1\n|-damage|p2b: 1 Braincell|73/100\n|\n|-weather|none\n|-heal|p2a: McDonald's Worker|45/100|[from] item: Leftovers\n|-damage|p1b: Torkoal|8/100 psn|[from] psn\n|upkeep\n|turn|6\n|\n|t:|1776483449\n|switch|p1b: Incineroar|Incineroar, L50, M|100/100\n|-ability|p1b: Incineroar|Intimidate|boost\n|-fail|p2a: McDonald's Worker|unboost|Attack|[from] ability: Inner Focus|[of] p2a: McDonald's Worker\n|-unboost|p2b: 1 Braincell|atk|1\n|move|p1a: Venusaur|Protect|p1a: Venusaur\n|-singleturn|p1a: Venusaur|Protect\n|move|p2a: McDonald's Worker|Breaking Swipe|p1a: Venusaur|[spread] p1b\n|-activate|p1a: Venusaur|move: Protect\n|-damage|p1b: Incineroar|79/100\n|-unboost|p1b: Incineroar|atk|1\n|move|p2b: 1 Braincell|Sludge Bomb|p1a: Venusaur\n|-activate|p1a: Venusaur|move: Protect\n|\n|-heal|p2a: McDonald's Worker|51/100|[from] item: Leftovers\n|-sideend|p2: u lost da game|move: Tailwind\n|upkeep\n|turn|7\n|\n|t:|1776483474\n|move|p2b: 1 Braincell|Protect|p2b: 1 Braincell\n|-singleturn|p2b: 1 Braincell|Protect\n|move|p1b: Incineroar|Fake Out|p2a: McDonald's Worker\n|-damage|p2a: McDonald's Worker|43/100\n|move|p2a: McDonald's Worker|Breaking Swipe|p1a: Venusaur|[spread] p1a,p1b\n|-damage|p1a: Venusaur|55/100\n|-damage|p1b: Incineroar|59/100\n|-unboost|p1a: Venusaur|atk|1\n|-unboost|p1b: Incineroar|atk|1\n|move|p1a: Venusaur|Sleep Powder|p2a: McDonald's Worker\n|-status|p2a: McDonald's Worker|slp|[from] move: Sleep Powder\n|\n|-heal|p2a: McDonald's Worker|49/100 slp|[from] item: Leftovers\n|upkeep\n|turn|8\n|\n|t:|1776483497\n|cant|p2a: McDonald's Worker|slp\n|move|p2b: 1 Braincell|Sludge Bomb|p1a: Venusaur\n|-damage|p1a: Venusaur|25/100\n|move|p1a: Venusaur|Sludge Bomb|p2a: McDonald's Worker\n|-damage|p2a: McDonald's Worker|21/100 slp\n|move|p1b: Incineroar|Flare Blitz|p2b: 1 Braincell\n|-supereffective|p2b: 1 Braincell|1\n|-crit|p2b: 1 Braincell\n|-damage|p2b: 1 Braincell|0 fnt\n|faint|p2b: 1 Braincell\n|-damage|p1b: Incineroar|41/100|[from] Recoil\n|-enditem|p1b: Incineroar|Sitrus Berry|[eat]\n|-heal|p1b: Incineroar|66/100|[from] item: Sitrus Berry\n|\n|-heal|p2a: McDonald's Worker|27/100 slp|[from] item: Leftovers\n|upkeep\n|turn|9\n|\n|t:|1776483517\n|switch|p1b: Torkoal|Torkoal, L50, M, shiny|8/100 psn\n|-weather|SunnyDay|[from] ability: Drought|[of] p1b: Torkoal\n|-curestatus|p2a: McDonald's Worker|slp|[msg]\n|move|p2a: McDonald's Worker|Extreme Speed|p1a: Venusaur\n|-damage|p1a: Venusaur|0 fnt\n|faint|p1a: Venusaur\n|\n|-weather|SunnyDay|[upkeep]\n|-heal|p2a: McDonald's Worker|33/100|[from] item: Leftovers\n|-damage|p1b: Torkoal|0 fnt|[from] psn\n|faint|p1b: Torkoal\n|upkeep\n|\n|t:|1776483534\n|switch|p1b: Incineroar|Incineroar, L50, M|66/100\n|-ability|p1b: Incineroar|Intimidate|boost\n|-fail|p2a: McDonald's Worker|unboost|Attack|[from] ability: Inner Focus|[of] p2a: McDonald's Worker\n|turn|10\n|\n|t:|1776483541\n|move|p2a: McDonald's Worker|Breaking Swipe|p1b: Incineroar\n|-damage|p1b: Incineroar|37/100\n|-unboost|p1b: Incineroar|atk|1\n|move|p1b: Incineroar|Flare Blitz|p2a: McDonald's Worker\n|-resisted|p2a: McDonald's Worker|1\n|-damage|p2a: McDonald's Worker|8/100\n|-damage|p1b: Incineroar|30/100|[from] Recoil\n|\n|-weather|SunnyDay|[upkeep]\n|-heal|p2a: McDonald's Worker|14/100|[from] item: Leftovers\n|upkeep\n|turn|11\n|c|\u2606u lost da game|gg\n|\n|t:|1776483552\n|move|p2a: McDonald's Worker|Low Kick|p1b: Incineroar\n|-supereffective|p1b: Incineroar|1\n|-damage|p1b: Incineroar|0 fnt\n|faint|p1b: Incineroar\n|\n|win|u lost da game\n|raw|VITIN805's rating: 1046 &rarr; <strong>1033</strong><br />(-13 for losing)\n|raw|u lost da game's rating: 1126 &rarr; <strong>1145</strong><br />(+19 for winning)\n",
  "uploadtime": 1776483555,
  "views": 17,
  "formatid": "gen9championsvgc2026regma",
  "rating": 1033,
  "private": 0,
  "password": null
}