{
  "id": "gen9championsvgc2026regma-2581100282",
  "format": "[Gen 9 Champions] VGC 2026 Reg M-A",
  "players": [
    "mathias bluebaum",
    "Lilmoon2"
  ],
  "log": "|j|\u2606mathias bluebaum\n|j|\u2606Lilmoon2\n|t:|1775959863\n|gametype|doubles\n|player|p1|mathias bluebaum|steven|1000\n|player|p2|Lilmoon2|preschooler|1000\n|gen|9\n|tier|[Gen 9 Champions] VGC 2026 Reg M-A\n|rated|\n|rule|Species Clause: Limit one of each Pok\u00e9mon\n|rule|Item Clause: Limit 1 of each item\n|clearpoke\n|poke|p1|Typhlosion-Hisui, L50, F|\n|poke|p1|Torkoal, L50, F|\n|poke|p1|Venusaur, L50, M|\n|poke|p1|Clefable, L50, F|\n|poke|p1|Dragonite, L50, F|\n|poke|p1|Sneasler, L50, F|\n|poke|p2|Tyranitar, L50, F|\n|poke|p2|Excadrill, L50, M|\n|poke|p2|Rotom-Heat, L50|\n|poke|p2|Sinistcha, L50|\n|poke|p2|Corviknight, L50, F|\n|poke|p2|Sneasler, L50, F|\n|teampreview|4\n|\n|t:|1775959889\n|teamsize|p1|4\n|teamsize|p2|4\n|start\n|switch|p1a: Typhlosion|Typhlosion-Hisui, L50, F|100/100\n|switch|p1b: Torkoal|Torkoal, L50, F|100/100\n|switch|p2a: Corviknight|Corviknight, L50, F|100/100\n|switch|p2b: Sneasler|Sneasler, L50, F|100/100\n|-weather|SunnyDay|[from] ability: Drought|[of] p1b: Torkoal\n|turn|1\n|inactive|Battle timer is ON: inactive players will automatically lose when time's up. (requested by Lilmoon2)\n|\n|t:|1775959910\n|switch|p2a: Tyranitar|Tyranitar, L50, F|100/100\n|-weather|Sandstorm|[from] ability: Sand Stream|[of] p2a: Tyranitar\n|move|p1b: Torkoal|Helping Hand|p1a: Typhlosion\n|-singleturn|p1a: Typhlosion|Helping Hand|[of] p1b: Torkoal\n|move|p2b: Sneasler|Fake Out|p1b: Torkoal\n|-damage|p1b: Torkoal|90/100\n|move|p1a: Typhlosion|Eruption|p2a: Tyranitar|[spread] p2a,p2b\n|-resisted|p2a: Tyranitar|1\n|-damage|p2a: Tyranitar|76/100\n|-damage|p2b: Sneasler|0 fnt\n|faint|p2b: Sneasler\n|\n|-weather|Sandstorm|[upkeep]\n|-damage|p1a: Typhlosion|94/100|[from] Sandstorm\n|-damage|p1b: Torkoal|84/100|[from] Sandstorm\n|upkeep\n|\n|t:|1775959914\n|switch|p2b: Excadrill|Excadrill, L50, M|100/100\n|turn|2\n|inactive|mathias bluebaum has 30 seconds left.\n|\n|t:|1775959941\n|switch|p1a: Dragonite|Dragonite, L50, F|100/100\n|switch|p1b: Venusaur|Venusaur, L50, M|100/100\n|move|p2a: Tyranitar|Protect|p2a: Tyranitar\n|-singleturn|p2a: Tyranitar|Protect\n|move|p2b: Excadrill|Earthquake|p1a: Dragonite|[spread] p1b\n|-activate|p2a: Tyranitar|move: Protect\n|-immune|p1a: Dragonite\n|-damage|p1b: Venusaur|52/100\n|\n|-weather|Sandstorm|[upkeep]\n|-damage|p1a: Dragonite|95/100|[from] Sandstorm\n|-damage|p1b: Venusaur|46/100|[from] Sandstorm\n|-heal|p1b: Venusaur|52/100|[from] item: Leftovers\n|upkeep\n|turn|3\n|inactive|mathias bluebaum has 30 seconds left.\n|inactive|mathias bluebaum has 20 seconds left.\n|\n|t:|1775959977\n|switch|p1b: Torkoal|Torkoal, L50, F|84/100\n|-weather|SunnyDay|[from] ability: Drought|[of] p1b: Torkoal\n|switch|p2a: Corviknight|Corviknight, L50, F|100/100\n|detailschange|p1a: Dragonite|Dragonite-Mega, L50, F\n|-mega|p1a: Dragonite|Dragonite|Dragoninite\n|move|p2b: Excadrill|Rock Slide|p1b: Torkoal|[spread] \n|-miss|p2b: Excadrill|p1a: Dragonite\n|-miss|p2b: Excadrill|p1b: Torkoal\n|move|p1a: Dragonite|Draco Meteor|p2a: Corviknight\n|-resisted|p2a: Corviknight|1\n|-damage|p2a: Corviknight|68/100\n|-unboost|p1a: Dragonite|spa|2\n|\n|-weather|SunnyDay|[upkeep]\n|upkeep\n|turn|4\n|inactive|mathias bluebaum has 30 seconds left.\n|inactive|mathias bluebaum has 20 seconds left.\n|inactive|mathias bluebaum has 15 seconds left.\n|\n|t:|1775960020\n|switch|p1a: Venusaur|Venusaur, L50, M|52/100\n|switch|p2a: Tyranitar|Tyranitar, L50, F|76/100\n|-weather|Sandstorm|[from] ability: Sand Stream|[of] p2a: Tyranitar\n|move|p2b: Excadrill|High Horsepower|p1b: Torkoal|[miss]\n|-miss|p2b: Excadrill|p1b: Torkoal\n|move|p1b: Torkoal|Heat Wave|p2a: Tyranitar|[spread] p2a,p2b\n|-resisted|p2a: Tyranitar|1\n|-supereffective|p2b: Excadrill|1\n|-damage|p2a: Tyranitar|67/100\n|-enditem|p2b: Excadrill|Focus Sash\n|-damage|p2b: Excadrill|1/100\n|\n|-weather|Sandstorm|[upkeep]\n|-damage|p1a: Venusaur|46/100|[from] Sandstorm\n|-damage|p1b: Torkoal|78/100|[from] Sandstorm\n|-heal|p1a: Venusaur|52/100|[from] item: Leftovers\n|upkeep\n|turn|5\n|\n|t:|1775960045\n|switch|p1b: Dragonite|Dragonite-Mega, L50, F|95/100\n|move|p1a: Venusaur|Protect|p1a: Venusaur\n|-singleturn|p1a: Venusaur|Protect\n|move|p2a: Tyranitar|Protect|p2a: Tyranitar\n|-singleturn|p2a: Tyranitar|Protect\n|move|p2b: Excadrill|Earthquake|p1b: Dragonite|[spread] \n|-activate|p2a: Tyranitar|move: Protect\n|-activate|p1a: Venusaur|move: Protect\n|-immune|p1b: Dragonite\n|\n|-weather|Sandstorm|[upkeep]\n|-damage|p1b: Dragonite|89/100|[from] Sandstorm\n|-damage|p1a: Venusaur|46/100|[from] Sandstorm\n|-heal|p1a: Venusaur|52/100|[from] item: Leftovers\n|upkeep\n|turn|6\n|inactive|mathias bluebaum has 30 seconds left.\n|\n|t:|1775960071\n|switch|p2b: Corviknight|Corviknight, L50, F|68/100\n|detailschange|p2a: Tyranitar|Tyranitar-Mega, L50, F\n|-mega|p2a: Tyranitar|Tyranitar|Tyranitarite\n|move|p1b: Dragonite|Extreme Speed|p2b: Corviknight\n|-resisted|p2b: Corviknight|1\n|-damage|p2b: Corviknight|60/100\n|move|p1a: Venusaur|Sleep Powder|p2a: Tyranitar\n|-status|p2a: Tyranitar|slp|[from] move: Sleep Powder\n|cant|p2a: Tyranitar|slp\n|\n|-weather|Sandstorm|[upkeep]\n|-damage|p1b: Dragonite|83/100|[from] Sandstorm\n|-damage|p1a: Venusaur|46/100|[from] Sandstorm\n|-heal|p1a: Venusaur|52/100|[from] item: Leftovers\n|upkeep\n|turn|7\n|inactive|mathias bluebaum has 30 seconds left.\n|inactive|mathias bluebaum has 20 seconds left.\n|\n|t:|1775960107\n|move|p1b: Dragonite|Draco Meteor|p2a: Tyranitar\n|-damage|p2a: Tyranitar|32/100 slp\n|-unboost|p1b: Dragonite|spa|2\n|move|p1a: Venusaur|Giga Drain|p2a: Tyranitar\n|-supereffective|p2a: Tyranitar|1\n|-damage|p2a: Tyranitar|0 fnt\n|-heal|p1a: Venusaur|69/100|[from] drain|[of] p2a: Tyranitar\n|faint|p2a: Tyranitar\n|move|p2b: Corviknight|Bulk Up|p2b: Corviknight\n|-boost|p2b: Corviknight|atk|1\n|-boost|p2b: Corviknight|def|1\n|\n|-weather|Sandstorm|[upkeep]\n|-damage|p1b: Dragonite|77/100|[from] Sandstorm\n|-damage|p1a: Venusaur|64/100|[from] Sandstorm\n|-heal|p1a: Venusaur|69/100|[from] item: Leftovers\n|upkeep\n|\n|t:|1775960112\n|switch|p2a: Excadrill|Excadrill, L50, M|1/100\n|turn|8\n|\n|t:|1775960133\n|move|p1b: Dragonite|Extreme Speed|p2a: Excadrill\n|-resisted|p2a: Excadrill|1\n|-damage|p2a: Excadrill|0 fnt\n|faint|p2a: Excadrill\n|move|p1a: Venusaur|Sleep Powder|p2b: Corviknight\n|-status|p2b: Corviknight|slp|[from] move: Sleep Powder\n|cant|p2b: Corviknight|slp\n|\n|-weather|none\n|-heal|p1a: Venusaur|75/100|[from] item: Leftovers\n|upkeep\n|turn|9\n|-message|Lilmoon2 forfeited.\n|\n|win|mathias bluebaum\n|raw|mathias bluebaum's rating: 1000 &rarr; <strong>1040</strong><br />(+40 for winning)\n|raw|Lilmoon2's rating: 1000 &rarr; <strong>1000</strong><br />(+0 for losing)\n|l|\u2606Lilmoon2\n|player|p2|\n",
  "uploadtime": 1775960221,
  "views": 9,
  "formatid": "gen9championsvgc2026regma",
  "rating": 1000,
  "private": 0,
  "password": null
}