{
  "id": "gen9championsvgc2026regma-2585546492",
  "format": "[Gen 9 Champions] VGC 2026 Reg M-A",
  "players": [
    "markgayson",
    "devaunte"
  ],
  "log": "|j|\u2606markgayson\n|j|\u2606devaunte\n|t:|1776354674\n|gametype|doubles\n|player|p1|markgayson|101|1057\n|player|p2|devaunte|265|1021\n|gen|9\n|tier|[Gen 9 Champions] VGC 2026 Reg M-A\n|rated|\n|rule|Species Clause: Limit one of each Pok\u00e9mon\n|rule|Item Clause: Limit 1 of each item\n|clearpoke\n|poke|p1|Golurk, L50|\n|poke|p1|Torkoal, L50, M|\n|poke|p1|Kingambit, L50, F|\n|poke|p1|Sinistcha, L50|\n|poke|p1|Snorlax, L50, F|\n|poke|p1|Oranguru, L50, M|\n|poke|p2|Lycanroc-Dusk, L50, F|\n|poke|p2|Scizor, L50, F|\n|poke|p2|Farigiraf, L50, M|\n|poke|p2|Pelipper, L50, F|\n|poke|p2|Meganium, L50, F|\n|poke|p2|Archaludon, L50, F|\n|teampreview|4\ndevaunte rejected open team sheets.\n|inactive|Battle timer is ON: inactive players will automatically lose when time's up. (requested by devaunte)\n|inactive|devaunte has 60 seconds left.\n|\n|t:|1776354719\n|teamsize|p1|4\n|teamsize|p2|4\n|start\n|switch|p1a: Torkoal|Torkoal, L50, M|100/100\n|switch|p1b: Oranguru|Oranguru, L50, M|100/100\n|switch|p2a: Pelipper|Pelipper, L50, F|100/100\n|switch|p2b: Scizor|Scizor, L50, F|100/100\n|-weather|SunnyDay|[from] ability: Drought|[of] p1a: Torkoal\n|turn|1\n|inactive|devaunte has 30 seconds left.\n|\n|t:|1776354750\n|switch|p2a: Archaludon|Archaludon, L50, F|100/100\n|detailschange|p2b: Scizor|Scizor-Mega, L50, F\n|-mega|p2b: Scizor|Scizor|Scizorite\n|move|p1a: Torkoal|Protect|p1a: Torkoal\n|-singleturn|p1a: Torkoal|Protect\n|move|p2b: Scizor|Bug Bite|p1b: Oranguru\n|-supereffective|p1b: Oranguru|1\n|-enditem|p1b: Oranguru|Focus Sash\n|-damage|p1b: Oranguru|1/100\n|move|p1b: Oranguru|Trick Room|p1b: Oranguru\n|-fieldstart|move: Trick Room|[of] p1b: Oranguru\n|\n|-weather|SunnyDay|[upkeep]\n|upkeep\n|turn|2\n|inactive|markgayson has 30 seconds left.\n|inactive|devaunte has 30 seconds left.\n|inactive|markgayson has 20 seconds left.\n|\n|t:|1776354786\n|switch|p2b: Lycanroc|Lycanroc-Dusk, L50, F|100/100\n|switch|p2a: Pelipper|Pelipper, L50, F|100/100\n|move|p1b: Oranguru|Protect|p1b: Oranguru\n|-singleturn|p1b: Oranguru|Protect\n|move|p1a: Torkoal|Eruption|p2a: Pelipper|[spread] p2a,p2b\n|-resisted|p2a: Pelipper|1\n|-resisted|p2b: Lycanroc|1\n|-damage|p2a: Pelipper|20/100\n|-damage|p2b: Lycanroc|25/100\n|\n|-weather|SunnyDay|[upkeep]\n|upkeep\n|turn|3\n|c|\u2606devaunte|tf\n|c|\u2606devaunte|omg im keen eye\n|c|\u2606devaunte|lmao\n|inactive|devaunte has 30 seconds left.\n|inactive|devaunte has 20 seconds left.\n|inactive|devaunte has 15 seconds left.\n|inactive|devaunte has 10 seconds left.\n|\n|t:|1776354835\n|move|p2a: Pelipper|Protect|p2a: Pelipper\n|-singleturn|p2a: Pelipper|Protect\n|move|p2b: Lycanroc|Accelerock|p1a: Torkoal\n|-supereffective|p1a: Torkoal|1\n|-damage|p1a: Torkoal|55/100\n|move|p1a: Torkoal|Body Press|p2b: Lycanroc\n|-supereffective|p2b: Lycanroc|1\n|-damage|p2b: Lycanroc|0 fnt\n|faint|p2b: Lycanroc\n|move|p1b: Oranguru|Instruct|p1a: Torkoal\n|-singleturn|p1a: Torkoal|move: Instruct|[of] p1b: Oranguru\n|move|p1a: Torkoal|Body Press|p2a: Pelipper\n|-activate|p2a: Pelipper|move: Protect\n|\n|-weather|SunnyDay|[upkeep]\n|upkeep\n|\n|t:|1776354847\n|switch|p2b: Archaludon|Archaludon, L50, F|100/100\n|turn|4\n|\n|t:|1776354858\n|move|p2b: Archaludon|Protect|p2b: Archaludon\n|-singleturn|p2b: Archaludon|Protect\n|move|p1a: Torkoal|Body Press|p2b: Archaludon\n|-activate|p2b: Archaludon|move: Protect\n|move|p1b: Oranguru|Instruct|p1a: Torkoal\n|-singleturn|p1a: Torkoal|move: Instruct|[of] p1b: Oranguru\n|move|p1a: Torkoal|Body Press|p2b: Archaludon\n|-activate|p2b: Archaludon|move: Protect\n|move|p2a: Pelipper|Weather Ball|p1b: Oranguru\n|-damage|p1b: Oranguru|0 fnt\n|faint|p1b: Oranguru\n|\n|-weather|SunnyDay|[upkeep]\n|upkeep\n|\n|t:|1776354872\n|switch|p1b: Sinistcha|Sinistcha, L50, shiny|100/100\n|-heal|p1a: Torkoal|79/100|[from] ability: Hospitality|[of] p1b: Sinistcha\n|turn|5\n|\n|t:|1776354889\n|move|p1b: Sinistcha|Protect|p1b: Sinistcha\n|-singleturn|p1b: Sinistcha|Protect\n|move|p1a: Torkoal|Body Press|p2b: Archaludon\n|-supereffective|p2b: Archaludon|1\n|-damage|p2b: Archaludon|65/100\n|move|p2b: Archaludon|Electro Shot||[still]\n|-prepare|p2b: Archaludon|Electro Shot\n|-boost|p2b: Archaludon|spa|1\n|move|p2a: Pelipper|Weather Ball|p1b: Sinistcha\n|-activate|p1b: Sinistcha|move: Protect\n|\n|-weather|none\n|-heal|p2b: Archaludon|71/100|[from] item: Leftovers\n|-fieldend|move: Trick Room\n|upkeep\n|turn|6\n|\n|t:|1776354903\n|move|p1a: Torkoal|Protect|p1a: Torkoal\n|-singleturn|p1a: Torkoal|Protect\n|move|p2a: Pelipper|Hurricane|p1b: Sinistcha\n|-supereffective|p1b: Sinistcha|1\n|-damage|p1b: Sinistcha|0 fnt\n|faint|p1b: Sinistcha\n|move|p2b: Archaludon|Electro Shot|p1a: Torkoal|[from] lockedmove\n|-activate|p1a: Torkoal|move: Protect\n|\n|-heal|p2b: Archaludon|77/100|[from] item: Leftovers\n|upkeep\n|\n|t:|1776354911\n|switch|p1b: Golurk|Golurk, L50|100/100\n|turn|7\n|inactive|devaunte has 30 seconds left.\n|\n|t:|1776354940\n|detailschange|p1b: Golurk|Golurk-Mega, L50\n|-mega|p1b: Golurk|Golurk|Golurkite\n|move|p2a: Pelipper|Hurricane|p1a: Torkoal\n|-damage|p1a: Torkoal|17/100\n|-start|p1a: Torkoal|confusion\n|move|p2b: Archaludon|Draco Meteor|p1b: Golurk\n|-damage|p1b: Golurk|9/100\n|-unboost|p2b: Archaludon|spa|2\n|move|p1b: Golurk|Headlong Rush|p2b: Archaludon\n|-supereffective|p2b: Archaludon|1\n|-damage|p2b: Archaludon|0 fnt\n|-unboost|p1b: Golurk|def|1\n|-unboost|p1b: Golurk|spd|1\n|faint|p2b: Archaludon\n|-activate|p1a: Torkoal|confusion\n|-damage|p1a: Torkoal|11/100|[from] confusion\n|\n|upkeep\n|\n|t:|1776354950\n|switch|p2b: Scizor|Scizor-Mega, L50, F|100/100\n|turn|8\n|\n|t:|1776354969\n|move|p2b: Scizor|Bullet Punch|p1b: Golurk\n|-damage|p1b: Golurk|0 fnt\n|faint|p1b: Golurk\n|move|p2a: Pelipper|Weather Ball|p1a: Torkoal\n|-damage|p1a: Torkoal|0 fnt\n|faint|p1a: Torkoal\n|\n|win|devaunte\n|raw|markgayson's rating: 1057 &rarr; <strong>1037</strong><br />(-20 for losing)\n|raw|devaunte's rating: 1021 &rarr; <strong>1062</strong><br />(+41 for winning)\n|c|\u2606devaunte|icl man how did this happen\n|l|\u2606markgayson\n|player|p1|\n",
  "uploadtime": 1776354978,
  "views": 21,
  "formatid": "gen9championsvgc2026regma",
  "rating": 1037,
  "private": 0,
  "password": null
}