{
  "id": "gen9championsvgc2026regma-2584418439",
  "format": "[Gen 9 Champions] VGC 2026 Reg M-A",
  "players": [
    "Douglas Vinicius",
    "szadek"
  ],
  "log": "|j|\u2606Douglas Vinicius\n|j|\u2606szadek\n|t:|1776259476\n|gametype|doubles\n|player|p1|Douglas Vinicius|juan|1243\n|player|p2|szadek|veteran|1162\n|gen|9\n|tier|[Gen 9 Champions] VGC 2026 Reg M-A\n|rated|\n|rule|Species Clause: Limit one of each Pok\u00e9mon\n|rule|Item Clause: Limit 1 of each item\n|clearpoke\n|poke|p1|Tyranitar, L50, M|\n|poke|p1|Garchomp, L50, F|\n|poke|p1|Sinistcha, L50|\n|poke|p1|Corviknight, L50, M|\n|poke|p1|Rotom-Wash, L50|\n|poke|p1|Sneasler, L50, F|\n|poke|p2|Floette-Eternal, L50, F|\n|poke|p2|Mamoswine, L50, F|\n|poke|p2|Araquanid, L50, M|\n|poke|p2|Sneasler, L50, F|\n|poke|p2|Rotom-Heat, L50|\n|poke|p2|Whimsicott, L50, F|\n|teampreview|4\n|inactive|Battle timer is ON: inactive players will automatically lose when time's up. (requested by Douglas Vinicius)\n|\n|t:|1776259539\n|teamsize|p1|4\n|teamsize|p2|4\n|start\n|switch|p1a: Corviknight|Corviknight, L50, M|100/100\n|switch|p1b: Sneasler|Sneasler, L50, F|100/100\n|switch|p2a: Whimsicott|Whimsicott, L50, F|100/100\n|switch|p2b: Floette|Floette-Eternal, L50, F|100/100\n|turn|1\n|\n|t:|1776259559\n|switch|p2b: Rotom|Rotom-Heat, L50|100/100\n|move|p2a: Whimsicott|Protect|p2a: Whimsicott\n|-singleturn|p2a: Whimsicott|Protect\n|move|p1b: Sneasler|Dire Claw|p2a: Whimsicott\n|-activate|p2a: Whimsicott|move: Protect\n|move|p1a: Corviknight|Heavy Slam|p2b: Rotom\n|-resisted|p2b: Rotom|2\n|-damage|p2b: Rotom|88/100\n|\n|upkeep\n|turn|2\n|\n|t:|1776259578\n|switch|p1a: Tyranitar|Tyranitar, L50, M|100/100\n|-weather|Sandstorm|[from] ability: Sand Stream|[of] p1a: Tyranitar\n|move|p2a: Whimsicott|Encore|p1a: Tyranitar\n|-hint|Since gen 7, Dark is immune to Prankster moves.\n|-immune|p1a: Tyranitar\n|move|p1b: Sneasler|Dire Claw|p2a: Whimsicott\n|-supereffective|p2a: Whimsicott|2\n|-enditem|p2a: Whimsicott|Focus Sash\n|-damage|p2a: Whimsicott|1/100\n|move|p2b: Rotom|Electroweb|p1a: Tyranitar|[spread] p1a,p1b\n|-damage|p1a: Tyranitar|88/100\n|-damage|p1b: Sneasler|76/100\n|-unboost|p1a: Tyranitar|spe|1\n|-unboost|p1b: Sneasler|spe|1\n|\n|-weather|Sandstorm|[upkeep]\n|-damage|p2a: Whimsicott|0 fnt|[from] Sandstorm\n|-damage|p2b: Rotom|82/100|[from] Sandstorm\n|-damage|p1b: Sneasler|70/100|[from] Sandstorm\n|faint|p2a: Whimsicott\n|upkeep\n|inactive|szadek has 30 seconds left.\n|\n|t:|1776259612\n|switch|p2a: Mamoswine|Mamoswine, L50, F, shiny|100/100\n|turn|3\n|\n|t:|1776259633\n|switch|p1b: Sinistcha|Sinistcha, L50|100/100\n|-heal|p1a: Tyranitar|100/100|[from] ability: Hospitality|[of] p1b: Sinistcha\n|detailschange|p1a: Tyranitar|Tyranitar-Mega, L50, M\n|-mega|p1a: Tyranitar|Tyranitar|Tyranitarite\n|move|p2a: Mamoswine|High Horsepower|p1b: Sinistcha\n|-resisted|p1b: Sinistcha|1\n|-damage|p1b: Sinistcha|79/100\n|move|p2b: Rotom|Electroweb|p1a: Tyranitar|[spread] p1a,p1b\n|-resisted|p1b: Sinistcha|1\n|-damage|p1a: Tyranitar|90/100\n|-damage|p1b: Sinistcha|71/100\n|-unboost|p1a: Tyranitar|spe|1\n|-unboost|p1b: Sinistcha|spe|1\n|move|p1a: Tyranitar|Rock Slide|p2a: Mamoswine|[spread] p2a\n|-miss|p1a: Tyranitar|p2b: Rotom\n|-damage|p2a: Mamoswine|60/100\n|\n|-weather|Sandstorm|[upkeep]\n|-damage|p2b: Rotom|77/100|[from] Sandstorm\n|-damage|p1b: Sinistcha|65/100|[from] Sandstorm\n|upkeep\n|turn|4\n|inactive|Douglas Vinicius has 30 seconds left.\n|inactive|szadek has 30 seconds left.\n|inactive|Douglas Vinicius has 20 seconds left.\n|\n|t:|1776259672\n|move|p2b: Rotom|Protect|p2b: Rotom\n|-singleturn|p2b: Rotom|Protect\n|move|p2a: Mamoswine|High Horsepower|p1a: Tyranitar\n|-supereffective|p1a: Tyranitar|1\n|-damage|p1a: Tyranitar|28/100\n|move|p1b: Sinistcha|Life Dew|p1b: Sinistcha|[spread] p1a,p1b\n|-heal|p1a: Tyranitar|53/100\n|-heal|p1b: Sinistcha|90/100\n|move|p1a: Tyranitar|Rock Slide|p2a: Mamoswine|[spread] p2a\n|-activate|p2b: Rotom|move: Protect\n|-damage|p2a: Mamoswine|15/100\n|\n|-weather|Sandstorm|[upkeep]\n|-damage|p2b: Rotom|71/100|[from] Sandstorm\n|-damage|p1b: Sinistcha|84/100|[from] Sandstorm\n|upkeep\n|turn|5\n|\n|t:|1776259693\n|switch|p1b: Corviknight|Corviknight, L50, M|100/100\n|move|p1a: Tyranitar|Protect|p1a: Tyranitar\n|-singleturn|p1a: Tyranitar|Protect\n|move|p2a: Mamoswine|High Horsepower|p1a: Tyranitar\n|-activate|p1a: Tyranitar|move: Protect\n|move|p2b: Rotom|Thunderbolt|p1a: Tyranitar\n|-activate|p1a: Tyranitar|move: Protect\n|\n|-weather|Sandstorm|[upkeep]\n|-damage|p2b: Rotom|66/100|[from] Sandstorm\n|upkeep\n|turn|6\n|\n|t:|1776259714\n|switch|p1b: Sinistcha|Sinistcha, L50|84/100\n|-heal|p1a: Tyranitar|78/100|[from] ability: Hospitality|[of] p1b: Sinistcha\n|move|p2a: Mamoswine|High Horsepower|p1a: Tyranitar\n|-supereffective|p1a: Tyranitar|1\n|-damage|p1a: Tyranitar|9/100\n|move|p2b: Rotom|Overheat|p1b: Sinistcha\n|-supereffective|p1b: Sinistcha|1\n|-damage|p1b: Sinistcha|0 fnt\n|-unboost|p2b: Rotom|spa|2\n|faint|p1b: Sinistcha\n|move|p1a: Tyranitar|Rock Slide|p2a: Mamoswine|[spread] p2a,p2b\n|-supereffective|p2b: Rotom|1\n|-damage|p2a: Mamoswine|0 fnt\n|-damage|p2b: Rotom|0 fnt\n|faint|p2a: Mamoswine\n|faint|p2b: Rotom\n|\n|-weather|none\n|upkeep\n|\n|t:|1776259734\n|switch|p2b: Floette|Floette-Eternal, L50, F|100/100\n|switch|p1b: Sneasler|Sneasler, L50, F|70/100\n|turn|7\n|\n|t:|1776259743\n|detailschange|p2b: Floette|Floette-Mega, L50, F\n|-mega|p2b: Floette|Floette|Floettite\n|-ability|p2b: Floette|Fairy Aura\n|move|p2b: Floette|Protect|p2b: Floette\n|-singleturn|p2b: Floette|Protect\n|move|p1b: Sneasler|Dire Claw|p2b: Floette\n|-activate|p2b: Floette|move: Protect\n|move|p1a: Tyranitar|Knock Off|p2b: Floette\n|-activate|p2b: Floette|move: Protect\n|\n|upkeep\n|turn|8\n|\n|t:|1776259757\n|move|p1b: Sneasler|Dire Claw|p2b: Floette\n|-supereffective|p2b: Floette|1\n|-damage|p2b: Floette|0 fnt\n|faint|p2b: Floette\n|\n|win|Douglas Vinicius\n|raw|Douglas Vinicius's rating: 1243 &rarr; <strong>1262</strong><br />(+19 for winning)\n|raw|szadek's rating: 1162 &rarr; <strong>1143</strong><br />(-19 for losing)\n",
  "uploadtime": 1776259763,
  "views": 22,
  "formatid": "gen9championsvgc2026regma",
  "rating": 1143,
  "private": 0,
  "password": null
}