{
  "id": "gen9championsvgc2026regma-2586066591",
  "format": "[Gen 9 Champions] VGC 2026 Reg M-A",
  "players": [
    "disciple of blahaj",
    "AidzPlayz"
  ],
  "log": "|j|\u2606disciple of blahaj\n|j|\u2606AidzPlayz\n|t:|1776395434\n|gametype|doubles\n|player|p1|disciple of blahaj|jacinthe|1227\n|player|p2|AidzPlayz|ghetsis-gen5bw|1257\n|gen|9\n|tier|[Gen 9 Champions] VGC 2026 Reg M-A\n|rated|\n|rule|Species Clause: Limit one of each Pok\u00e9mon\n|rule|Item Clause: Limit 1 of each item\n|clearpoke\n|poke|p1|Golurk, L50|\n|poke|p1|Oranguru, L50, F|\n|poke|p1|Hatterene, L50, F|\n|poke|p1|Meowstic, L50, M|\n|poke|p1|Torkoal, L50, F|\n|poke|p1|Aggron, L50, M|\n|poke|p2|Aerodactyl, L50, M|\n|poke|p2|Incineroar, L50, M|\n|poke|p2|Floette-Eternal, L50, F|\n|poke|p2|Basculegion, L50, M|\n|poke|p2|Garchomp, L50, F|\n|poke|p2|Sneasler, L50, M|\n|teampreview|4\n|inactive|Battle timer is ON: inactive players will automatically lose when time's up. (requested by disciple of blahaj)\n|inactive|disciple of blahaj has 60 seconds left.\n|inactive|AidzPlayz has 60 seconds left.\n|\n|t:|1776395479\n|teamsize|p1|4\n|teamsize|p2|4\n|start\n|switch|p1a: Golurk|Golurk, L50|100/100\n|switch|p1b: Oranguru|Oranguru, L50, F|100/100\n|switch|p2a: Incineroar|Incineroar, L50, M|100/100\n|switch|p2b: Floette|Floette-Eternal, L50, F|100/100\n|-ability|p2a: Incineroar|Intimidate|boost\n|-unboost|p1a: Golurk|atk|1\n|-fail|p1b: Oranguru|unboost|Attack|[from] ability: Inner Focus|[of] p1b: Oranguru\n|turn|1\n|inactive|AidzPlayz has 30 seconds left.\n|inactive|AidzPlayz has 20 seconds left.\n|\n|t:|1776395516\n|switch|p1a: Torkoal|Torkoal, L50, F|100/100\n|-weather|SunnyDay|[from] ability: Drought|[of] p1a: Torkoal\n|detailschange|p2b: Floette|Floette-Mega, L50, F\n|-mega|p2b: Floette|Floette|Floettite\n|-ability|p2b: Floette|Fairy Aura\n|move|p2a: Incineroar|Fake Out|p1b: Oranguru\n|-damage|p1b: Oranguru|93/100\n|move|p2b: Floette|Moonblast|p1a: Torkoal\n|-resisted|p1a: Torkoal|1\n|-damage|p1a: Torkoal|50/100\n|move|p1b: Oranguru|Trick Room|p1b: Oranguru\n|-fieldstart|move: Trick Room|[of] p1b: Oranguru\n|\n|-weather|SunnyDay|[upkeep]\n|upkeep\n|turn|2\n|inactive|disciple of blahaj has 30 seconds left.\n|inactive|AidzPlayz has 30 seconds left.\n|inactive|AidzPlayz has 20 seconds left.\n|\n|t:|1776395552\n|move|p1a: Torkoal|Weather Ball|p2b: Floette\n|-damage|p2b: Floette|33/100\n|move|p1b: Oranguru|Instruct|p1a: Torkoal\n|-singleturn|p1a: Torkoal|move: Instruct|[of] p1b: Oranguru\n|move|p1a: Torkoal|Weather Ball|p2b: Floette\n|-damage|p2b: Floette|0 fnt\n|faint|p2b: Floette\n|move|p2a: Incineroar|Flare Blitz|p1b: Oranguru\n|-damage|p1b: Oranguru|38/100\n|-damage|p2a: Incineroar|83/100|[from] Recoil\n|\n|-weather|SunnyDay|[upkeep]\n|upkeep\n|\n|t:|1776395574\n|switch|p2b: Garchomp|Garchomp, L50, F|100/100\n|turn|3\n|\n|t:|1776395581\n|move|p1a: Torkoal|Solar Beam||[still]\n|-prepare|p1a: Torkoal|Solar Beam\n|-anim|p1a: Torkoal|Solar Beam|p2b: Garchomp\n|-damage|p2b: Garchomp|63/100\n|move|p1b: Oranguru|Instruct||[still]\n|-fail|p1b: Oranguru\n|move|p2a: Incineroar|Taunt|p1b: Oranguru\n|-start|p1b: Oranguru|move: Taunt\n|-enditem|p1b: Oranguru|Mental Herb\n|-end|p1b: Oranguru|move: Taunt\n|move|p2b: Garchomp|Rock Slide|p1b: Oranguru|[spread] p1a,p1b\n|-supereffective|p1a: Torkoal|1\n|-crit|p1b: Oranguru\n|-damage|p1a: Torkoal|19/100\n|-damage|p1b: Oranguru|17/100\n|\n|-weather|SunnyDay|[upkeep]\n|upkeep\n|turn|4\n|\n|t:|1776395602\n|move|p1a: Torkoal|Weather Ball|p2b: Garchomp\n|-resisted|p2b: Garchomp|1\n|-damage|p2b: Garchomp|17/100\n|move|p1b: Oranguru|Instruct|p1a: Torkoal\n|-singleturn|p1a: Torkoal|move: Instruct|[of] p1b: Oranguru\n|move|p1a: Torkoal|Weather Ball|p2b: Garchomp\n|-resisted|p2b: Garchomp|1\n|-damage|p2b: Garchomp|0 fnt\n|faint|p2b: Garchomp\n|move|p2a: Incineroar|Parting Shot|p1a: Torkoal\n|-unboost|p1a: Torkoal|atk|1\n|-unboost|p1a: Torkoal|spa|1\n|\n|t:|1776395611\n|switch|p2a: Basculegion|Basculegion, L50, M|100/100|[from] Parting Shot\n|\n|-weather|SunnyDay|[upkeep]\n|upkeep\n|\n|t:|1776395616\n|switch|p2b: Incineroar|Incineroar, L50, M|83/100\n|-ability|p2b: Incineroar|Intimidate|boost\n|-unboost|p1a: Torkoal|atk|1\n|-fail|p1b: Oranguru|unboost|Attack|[from] ability: Inner Focus|[of] p1b: Oranguru\n|turn|5\n|\n|t:|1776395626\n|switch|p1a: Hatterene|Hatterene, L50, F|100/100\n|move|p2b: Incineroar|Fake Out|p1a: Hatterene\n|-damage|p1a: Hatterene|88/100\n|move|p1b: Oranguru|Encore|p2b: Incineroar\n|-start|p2b: Incineroar|Encore\n|move|p2a: Basculegion|Last Respects|p1a: Hatterene\n|-supereffective|p1a: Hatterene|1\n|-damage|p1a: Hatterene|0 fnt\n|faint|p1a: Hatterene\n|\n|-weather|none\n|-fieldend|move: Trick Room\n|upkeep\n|\n|t:|1776395639\n|switch|p1a: Torkoal|Torkoal, L50, F|19/100\n|-weather|SunnyDay|[from] ability: Drought|[of] p1a: Torkoal\n|turn|6\n|\n|t:|1776395646\n|move|p2b: Incineroar|Fake Out||[still]\n|-hint|Fake Out only works on your first turn out.\n|-fail|p2b: Incineroar\n|move|p2a: Basculegion|Last Respects|p1b: Oranguru\n|-immune|p1b: Oranguru\n|move|p1a: Torkoal|Solar Beam||[still]\n|-prepare|p1a: Torkoal|Solar Beam\n|-anim|p1a: Torkoal|Solar Beam|p2a: Basculegion\n|-supereffective|p2a: Basculegion|1\n|-damage|p2a: Basculegion|20/100\n|move|p1b: Oranguru|Trick Room|p1b: Oranguru\n|-fieldstart|move: Trick Room|[of] p1b: Oranguru\n|\n|-weather|SunnyDay|[upkeep]\n|upkeep\n|turn|7\n|\n|t:|1776395664\n|move|p1a: Torkoal|Solar Beam||[still]\n|-prepare|p1a: Torkoal|Solar Beam\n|-anim|p1a: Torkoal|Solar Beam|p2a: Basculegion\n|-supereffective|p2a: Basculegion|1\n|-damage|p2a: Basculegion|0 fnt\n|faint|p2a: Basculegion\n|move|p1b: Oranguru|Encore||[still]\n|-fail|p1b: Oranguru\n|-activate|p2b: Incineroar|move: Struggle\n|move|p2b: Incineroar|Struggle|p1a: Torkoal\n|-damage|p1a: Torkoal|8/100\n|-damage|p2b: Incineroar|57/100|[from] recoil\n|\n|-weather|SunnyDay|[upkeep]\n|upkeep\n|turn|8\n|c|\u2606AidzPlayz|gg\n|-message|AidzPlayz forfeited.\n|\n|win|disciple of blahaj\n|raw|disciple of blahaj's rating: 1227 &rarr; <strong>1254</strong><br />(+27 for winning)\n|raw|AidzPlayz's rating: 1257 &rarr; <strong>1230</strong><br />(-27 for losing)\n|l|\u2606AidzPlayz\n|player|p2|\n",
  "uploadtime": 1776395677,
  "views": 48,
  "formatid": "gen9championsvgc2026regma",
  "rating": 1230,
  "private": 0,
  "password": null
}