{
  "id": "gen9championsvgc2026regma-2583318088",
  "format": "[Gen 9 Champions] VGC 2026 Reg M-A",
  "players": [
    "CFS_emtib",
    "KogaAF1219"
  ],
  "log": "|j|\u2606CFS_emtib\n|j|\u2606KogaAF1219\n|t:|1776166395\n|gametype|doubles\n|player|p1|CFS_emtib|170|1154\n|player|p2|KogaAF1219|koga|1238\n|gen|9\n|tier|[Gen 9 Champions] VGC 2026 Reg M-A\n|rated|\n|rule|Species Clause: Limit one of each Pok\u00e9mon\n|rule|Item Clause: Limit 1 of each item\n|clearpoke\n|poke|p1|Ampharos, L50, M|\n|poke|p1|Maushold, L50|\n|poke|p1|Archaludon, L50, F|\n|poke|p1|Sneasler, L50, F|\n|poke|p1|Meganium, L50, F|\n|poke|p1|Runerigus, L50, M|\n|poke|p2|Torkoal, L50, F|\n|poke|p2|Venusaur, L50, F|\n|poke|p2|Incineroar, L50, M|\n|poke|p2|Farigiraf, L50, M|\n|poke|p2|Rotom-Fan, L50|\n|poke|p2|Excadrill, L50, M|\n|teampreview|4\n|\n|t:|1776166418\n|teamsize|p1|4\n|teamsize|p2|4\n|start\n|switch|p1a: Runerigus|Runerigus, L50, M|100/100\n|switch|p1b: Sneasler|Sneasler, L50, F|100/100\n|switch|p2a: Venusaur|Venusaur, L50, F|100/100\n|switch|p2b: Torkoal|Torkoal, L50, F|100/100\n|-weather|SunnyDay|[from] ability: Drought|[of] p2b: Torkoal\n|turn|1\n|\n|t:|1776166429\n|switch|p2b: Farigiraf|Farigiraf, L50, M|100/100\n|move|p1b: Sneasler|Fake Out||[still]\n|cant|p2b: Farigiraf|ability: Armor Tail|Fake Out|[of] p1b: Sneasler\n|move|p2a: Venusaur|Sleep Powder|p1b: Sneasler|[miss]\n|-miss|p2a: Venusaur|p1b: Sneasler\n|move|p1a: Runerigus|Guard Swap|p1b: Sneasler\n|-swapboost|p1a: Runerigus|p1b: Sneasler|def, spd|[from] move: Guard Swap\n|\n|-weather|SunnyDay|[upkeep]\n|upkeep\n|turn|2\n|\n|t:|1776166447\n|switch|p1a: Meganium|Meganium, L50, F|100/100\n|move|p1b: Sneasler|Protect|p1b: Sneasler\n|-singleturn|p1b: Sneasler|Protect\n|move|p2a: Venusaur|Sleep Powder|p1b: Sneasler\n|-activate|p1b: Sneasler|move: Protect\n|move|p2b: Farigiraf|Charge Beam|p1b: Sneasler\n|-activate|p1b: Sneasler|move: Protect\n|\n|-weather|SunnyDay|[upkeep]\n|upkeep\n|turn|3\n|\n|t:|1776166458\n|detailschange|p1a: Meganium|Meganium-Mega, L50, F\n|-mega|p1a: Meganium|Meganium|Meganiumite\n|move|p2a: Venusaur|Sleep Powder|p1b: Sneasler|[miss]\n|-miss|p2a: Venusaur|p1b: Sneasler\n|move|p1b: Sneasler|Dire Claw|p2b: Farigiraf\n|-damage|p2b: Farigiraf|57/100\n|move|p1a: Meganium|Weather Ball|p2a: Venusaur\n|-supereffective|p2a: Venusaur|1\n|-damage|p2a: Venusaur|0 fnt\n|faint|p2a: Venusaur\n|move|p2b: Farigiraf|Charge Beam|p1b: Sneasler\n|-damage|p1b: Sneasler|79/100\n|\n|-weather|SunnyDay|[upkeep]\n|upkeep\n|\n|t:|1776166464\n|switch|p2a: Incineroar|Incineroar, L50, M|100/100\n|-ability|p2a: Incineroar|Intimidate|boost\n|-unboost|p1a: Meganium|atk|1\n|-unboost|p1b: Sneasler|atk|1\n|turn|4\n|\n|t:|1776166471\n|switch|p1a: Runerigus|Runerigus, L50, M|100/100\n|move|p1b: Sneasler|Protect|p1b: Sneasler\n|-singleturn|p1b: Sneasler|Protect\n|move|p2a: Incineroar|Flare Blitz|p1a: Runerigus\n|-damage|p1a: Runerigus|40/100\n|-activate|p2a: Incineroar|Skill Swap|Wandering Spirit|Intimidate|[of] p1a: Runerigus\n|-ability|p1a: Runerigus|Intimidate|boost\n|-unboost|p2a: Incineroar|atk|1\n|-unboost|p2b: Farigiraf|atk|1\n|-damage|p2a: Incineroar|87/100|[from] Recoil\n|move|p2b: Farigiraf|Trick Room|p2b: Farigiraf\n|-fieldstart|move: Trick Room|[of] p2b: Farigiraf\n|\n|-weather|SunnyDay|[upkeep]\n|-heal|p1a: Runerigus|46/100|[from] item: Leftovers\n|upkeep\n|turn|5\n|\n|t:|1776166504\n|switch|p1b: Maushold|Maushold, L50|100/100\n|move|p1a: Runerigus|Guard Swap|p1b: Maushold\n|-swapboost|p1a: Runerigus|p1b: Maushold|def, spd|[from] move: Guard Swap\n|move|p2b: Farigiraf|Hyper Voice|p1a: Runerigus|[spread] p1b\n|-immune|p1a: Runerigus\n|-damage|p1b: Maushold|65/100\n|move|p2a: Incineroar|Parting Shot|p1a: Runerigus\n|-unboost|p1a: Runerigus|atk|1\n|-unboost|p1a: Runerigus|spa|1\n|inactive|Battle timer is ON: inactive players will automatically lose when time's up. (requested by KogaAF1219)\n|\n|t:|1776166516\n|switch|p2a: Torkoal|Torkoal, L50, F|100/100|[from] Parting Shot\n|\n|-weather|none\n|-heal|p1a: Runerigus|52/100|[from] item: Leftovers\n|upkeep\n|turn|6\n|\n|t:|1776166525\n|move|p2b: Farigiraf|Helping Hand|p2a: Torkoal\n|-singleturn|p2a: Torkoal|Helping Hand|[of] p2b: Farigiraf\n|move|p2a: Torkoal|Eruption|p1a: Runerigus|[spread] p1a,p1b\n|-damage|p1a: Runerigus|0 fnt\n|-damage|p1b: Maushold|0 fnt\n|faint|p1a: Runerigus\n|faint|p1b: Maushold\n|\n|upkeep\n|\n|t:|1776166528\n|switch|p1a: Meganium|Meganium-Mega, L50, F|100/100\n|switch|p1b: Sneasler|Sneasler, L50, F|79/100\n|turn|7\n|\n|t:|1776166545\n|move|p2b: Farigiraf|Helping Hand|p2a: Torkoal\n|-singleturn|p2a: Torkoal|Helping Hand|[of] p2b: Farigiraf\n|move|p2a: Torkoal|Eruption|p1a: Meganium|[spread] p1a,p1b\n|-supereffective|p1a: Meganium|1\n|-damage|p1a: Meganium|0 fnt\n|-damage|p1b: Sneasler|0 fnt\n|faint|p1a: Meganium\n|faint|p1b: Sneasler\n|\n|win|KogaAF1219\n|raw|CFS_emtib's rating: 1154 &rarr; <strong>1135</strong><br />(-19 for losing)\n|raw|KogaAF1219's rating: 1238 &rarr; <strong>1257</strong><br />(+19 for winning)\n",
  "uploadtime": 1776166547,
  "views": 16,
  "formatid": "gen9championsvgc2026regma",
  "rating": 1135,
  "private": 0,
  "password": null
}