{
  "id": "gen9championsvgc2026regma-2589541010",
  "format": "[Gen 9 Champions] VGC 2026 Reg M-A",
  "players": [
    "guioguoguo",
    "NaecheVGC"
  ],
  "log": "|j|\u2606guioguoguo\n|j|\u2606NaecheVGC\n|t:|1776732388\n|gametype|doubles\n|player|p1|guioguoguo|266|1242\n|player|p2|NaecheVGC|1|1311\n|gen|9\n|tier|[Gen 9 Champions] VGC 2026 Reg M-A\n|rated|\n|rule|Species Clause: Limit one of each Pok\u00e9mon\n|rule|Item Clause: Limit 1 of each item\n|clearpoke\n|poke|p1|Excadrill, L50, M, shiny|\n|poke|p1|Hawlucha, L50, F, shiny|\n|poke|p1|Tyranitar, L50, F, shiny|\n|poke|p1|Espathra, L50, M, shiny|\n|poke|p1|Sinistcha, L50, shiny|\n|poke|p1|Incineroar, L50, M, shiny|\n|poke|p2|Froslass, L50, F|\n|poke|p2|Rotom-Frost, L50, shiny|\n|poke|p2|Garchomp, L50, M|\n|poke|p2|Milotic, L50, M|\n|poke|p2|Kingambit, L50, F, shiny|\n|poke|p2|Sneasler, L50, F|\n|teampreview|4\n|inactive|Battle timer is ON: inactive players will automatically lose when time's up. (requested by guioguoguo)\nguioguoguo rejected open team sheets.\n|\n|t:|1776732442\n|teamsize|p1|4\n|teamsize|p2|4\n|start\n|switch|p1a: Excadrill|Excadrill, L50, M, shiny|100/100\n|switch|p1b: Hawlucha|Hawlucha, L50, F, shiny|100/100\n|switch|p2a: Sneasler|Sneasler, L50, F|100/100\n|switch|p2b: Rukia|Froslass, L50, F|100/100\n|-ability|p1b: Hawlucha|Mold Breaker\n|turn|1\n|\n|t:|1776732458\n|detailschange|p1b: Hawlucha|Hawlucha-Mega, L50, F, shiny\n|-mega|p1b: Hawlucha|Hawlucha|Hawluchanite\n|detailschange|p2b: Rukia|Froslass-Mega, L50, F\n|-mega|p2b: Rukia|Froslass|Froslassite\n|-weather|Snowscape|[from] ability: Snow Warning|[of] p2b: Rukia\n|move|p2a: Sneasler|Fake Out|p1b: Hawlucha\n|-damage|p1b: Hawlucha|83/100\n|move|p2b: Rukia|Thunderbolt|p1b: Hawlucha\n|-supereffective|p1b: Hawlucha|1\n|-damage|p1b: Hawlucha|4/100\n|-status|p1b: Hawlucha|par\n|move|p1a: Excadrill|Stomping Tantrum|p2a: Sneasler\n|-supereffective|p2a: Sneasler|1\n|-damage|p2a: Sneasler|0 fnt\n|faint|p2a: Sneasler\n|cant|p1b: Hawlucha|flinch\n|\n|-weather|Snowscape|[upkeep]\n|upkeep\n|\n|t:|1776732473\n|switch|p2a: LeChompJames|Garchomp, L50, M|100/100\n|turn|2\n|inactive|guioguoguo has 30 seconds left.\n|inactive|NaecheVGC has 30 seconds left.\n|inactive|guioguoguo has 20 seconds left.\n|inactive|NaecheVGC has 20 seconds left.\n|inactive|NaecheVGC has 15 seconds left.\n|inactive|guioguoguo has 15 seconds left.\n|inactive|NaecheVGC has 10 seconds left.\n|inactive|guioguoguo has 10 seconds left.\n|\n|t:|1776732527\n|move|p2b: Rukia|Shadow Ball|p1a: Excadrill\n|-damage|p1a: Excadrill|44/100\n|move|p2a: LeChompJames|Stomping Tantrum|p1a: Excadrill\n|-supereffective|p1a: Excadrill|1\n|-damage|p1a: Excadrill|0 fnt\n|faint|p1a: Excadrill\n|move|p1b: Hawlucha|Dual Wingbeat|p2a: LeChompJames\n|-damage|p2a: LeChompJames|77/100\n|-damage|p1b: Hawlucha|0 fnt|[from] ability: Rough Skin|[of] p2a: LeChompJames\n|faint|p1b: Hawlucha\n|-hitcount|p2a: LeChompJames|1\n|\n|-weather|Snowscape|[upkeep]\n|upkeep\n|\n|t:|1776732540\n|switch|p1b: Sinistcha|Sinistcha, L50, shiny|100/100\n|switch|p1a: Espathra|Espathra, L50, M, shiny|100/100\n|turn|3\n|inactive|guioguoguo has 30 seconds left.\n|\n|t:|1776732569\n|move|p1a: Espathra|Protect|p1a: Espathra\n|-singleturn|p1a: Espathra|Protect\n|move|p1b: Sinistcha|Shadow Ball|p2b: Rukia\n|-supereffective|p2b: Rukia|1\n|-damage|p2b: Rukia|7/100\n|move|p2b: Rukia|Shadow Ball|p1b: Sinistcha\n|-supereffective|p1b: Sinistcha|1\n|-damage|p1b: Sinistcha|0 fnt\n|faint|p1b: Sinistcha\n|move|p2a: LeChompJames|Dragon Claw|p1a: Espathra\n|-activate|p1a: Espathra|move: Protect\n|\n|-weather|Snowscape|[upkeep]\n|-ability|p1a: Espathra|Speed Boost|boost\n|-boost|p1a: Espathra|spe|1\n|upkeep\n|turn|4\n|\n|t:|1776732585\n|move|p1a: Espathra|Dazzling Gleam|p2b: Rukia|[spread] p2a,p2b\n|-supereffective|p2a: LeChompJames|1\n|-damage|p2a: LeChompJames|40/100\n|-damage|p2b: Rukia|0 fnt\n|faint|p2b: Rukia\n|move|p2a: LeChompJames|Dragon Claw|p1a: Espathra\n|-damage|p1a: Espathra|46/100\n|\n|-weather|Snowscape|[upkeep]\n|-ability|p1a: Espathra|Speed Boost|boost\n|-boost|p1a: Espathra|spe|1\n|upkeep\n|\n|t:|1776732587\n|switch|p2b: Serendipity|Milotic, L50, M|100/100\n|turn|5\n|\n|t:|1776732604\n|move|p1a: Espathra|Stored Power|p2a: LeChompJames\n|-damage|p2a: LeChompJames|4/100\n|move|p2a: LeChompJames|Dragon Claw|p1a: Espathra\n|-damage|p1a: Espathra|0 fnt\n|faint|p1a: Espathra\n|\n|win|NaecheVGC\n|raw|guioguoguo's rating: 1242 &rarr; <strong>1222</strong><br />(-20 for losing)\n|raw|NaecheVGC's rating: 1311 &rarr; <strong>1327</strong><br />(+16 for winning)\n",
  "uploadtime": 1776732608,
  "views": 3,
  "formatid": "gen9championsvgc2026regma",
  "rating": 1222,
  "private": 0,
  "password": null
}