{
  "id": "gen9championsvgc2026regma-2587446970",
  "format": "[Gen 9 Champions] VGC 2026 Reg M-A",
  "players": [
    "PikaProphet",
    "JZ21"
  ],
  "log": "|j|\u2606PikaProphet\n|j|\u2606JZ21\n|t:|1776532555\n|gametype|doubles\n|player|p1|PikaProphet|silver|1151\n|player|p2|JZ21|brendan-e|1224\n|gen|9\n|tier|[Gen 9 Champions] VGC 2026 Reg M-A\n|rated|\n|rule|Species Clause: Limit one of each Pok\u00e9mon\n|rule|Item Clause: Limit 1 of each item\n|clearpoke\n|poke|p1|Charizard, L50, F|\n|poke|p1|Whimsicott, L50, M|\n|poke|p1|Sneasler, L50, M|\n|poke|p1|Garchomp, L50, M|\n|poke|p1|Kingambit, L50, F|\n|poke|p1|Venusaur, L50, M|\n|poke|p2|Froslass, L50, F, shiny|\n|poke|p2|Sneasler, L50, M, shiny|\n|poke|p2|Kingambit, L50, M, shiny|\n|poke|p2|Aerodactyl, L50, M, shiny|\n|poke|p2|Sinistcha, L50, shiny|\n|poke|p2|Blastoise, L50, M|\n|teampreview|4\n|\n|t:|1776532600\n|teamsize|p1|4\n|teamsize|p2|4\n|start\n|switch|p1a: Whimsicott|Whimsicott, L50, M|100/100\n|switch|p1b: Sneasler|Sneasler, L50, M|100/100\n|switch|p2a: Aeroduck|Aerodactyl, L50, M, shiny|100/100\n|switch|p2b: BossbabyTape|Sneasler, L50, M, shiny|100/100\n|-ability|p2a: Aeroduck|Unnerve\n|turn|1\n|inactive|Battle timer is ON: inactive players will automatically lose when time's up. (requested by JZ21)\n|\n|t:|1776532625\n|move|p2b: BossbabyTape|Fake Out|p1a: Whimsicott\n|-damage|p1a: Whimsicott|84/100\n|move|p1b: Sneasler|Fake Out|p2a: Aeroduck\n|-resisted|p2a: Aeroduck|1\n|-damage|p2a: Aeroduck|88/100\n|cant|p1a: Whimsicott|flinch\n|cant|p2a: Aeroduck|flinch\n|\n|upkeep\n|turn|2\n|inactive|PikaProphet has 30 seconds left.\n|inactive|PikaProphet has 20 seconds left.\n|\n|t:|1776532660\n|move|p1a: Whimsicott|Tailwind|p1a: Whimsicott\n|-sidestart|p1: PikaProphet|move: Tailwind\n|move|p1b: Sneasler|Close Combat|p2b: BossbabyTape\n|-resisted|p2b: BossbabyTape|1\n|-damage|p2b: BossbabyTape|44/100\n|-unboost|p1b: Sneasler|def|1\n|-unboost|p1b: Sneasler|spd|1\n|-enditem|p1b: Sneasler|White Herb\n|-clearnegativeboost|p1b: Sneasler|[silent]\n|move|p2a: Aeroduck|Tailwind|p2a: Aeroduck\n|-sidestart|p2: JZ21|move: Tailwind\n|move|p2b: BossbabyTape|Dire Claw|p1a: Whimsicott\n|-supereffective|p1a: Whimsicott|2\n|-damage|p1a: Whimsicott|0 fnt\n|faint|p1a: Whimsicott\n|\n|upkeep\n|\n|t:|1776532679\n|switch|p1a: Charizard|Charizard, L50, F|100/100\n|turn|3\n|inactive|JZ21 has 30 seconds left.\n|\n|t:|1776532707\n|detailschange|p1a: Charizard|Charizard-Mega-Y, L50, F\n|-mega|p1a: Charizard|Charizard|Charizardite Y\n|-weather|SunnyDay|[from] ability: Drought|[of] p1a: Charizard\n|move|p1b: Sneasler|Close Combat|p2a: Aeroduck\n|-damage|p2a: Aeroduck|0 fnt\n|-unboost|p1b: Sneasler|def|1\n|-unboost|p1b: Sneasler|spd|1\n|faint|p2a: Aeroduck\n|move|p2b: BossbabyTape|Close Combat|p1a: Charizard\n|-resisted|p1a: Charizard|1\n|-damage|p1a: Charizard|53/100\n|-unboost|p2b: BossbabyTape|def|1\n|-unboost|p2b: BossbabyTape|spd|1\n|move|p1a: Charizard|Heat Wave|p2b: BossbabyTape\n|-damage|p2b: BossbabyTape|0 fnt\n|faint|p2b: BossbabyTape\n|\n|-weather|SunnyDay|[upkeep]\n|upkeep\n|\n|t:|1776532719\n|switch|p2a: SixSeven|Froslass, L50, F, shiny|100/100\n|switch|p2b: yesKing|Kingambit, L50, M, shiny|100/100\n|turn|4\n|inactive|JZ21 has 30 seconds left.\n|inactive|JZ21 has 20 seconds left.\n|\n|t:|1776532756\n|detailschange|p2a: SixSeven|Froslass-Mega, L50, F, shiny\n|-mega|p2a: SixSeven|Froslass|Froslassite\n|-weather|Snowscape|[from] ability: Snow Warning|[of] p2a: SixSeven\n|move|p2b: yesKing|Sucker Punch|p1a: Charizard\n|-damage|p1a: Charizard|0 fnt\n|faint|p1a: Charizard\n|move|p1b: Sneasler|Close Combat|p2b: yesKing\n|-supereffective|p2b: yesKing|2\n|-enditem|p2b: yesKing|Chople Berry|[eat]\n|-enditem|p2b: yesKing|Chople Berry|[weaken]\n|-damage|p2b: yesKing|5/100\n|-unboost|p1b: Sneasler|def|1\n|-unboost|p1b: Sneasler|spd|1\n|move|p2a: SixSeven|Blizzard|p1b: Sneasler\n|-damage|p1b: Sneasler|0 fnt\n|faint|p1b: Sneasler\n|\n|-weather|Snowscape|[upkeep]\n|upkeep\n|\n|t:|1776532776\n|switch|p1a: Garchomp|Garchomp, L50, M|100/100\n|turn|5\n|\n|t:|1776532796\n|move|p2b: yesKing|Sucker Punch|p1a: Garchomp\n|-damage|p1a: Garchomp|62/100\n|-damage|p2b: yesKing|0 fnt|[from] ability: Rough Skin|[of] p1a: Garchomp\n|faint|p2b: yesKing\n|move|p1a: Garchomp|Rock Slide|p2a: SixSeven\n|-supereffective|p2a: SixSeven|1\n|-damage|p2a: SixSeven|47/100\n|move|p2a: SixSeven|Blizzard|p1a: Garchomp\n|-supereffective|p1a: Garchomp|2\n|-damage|p1a: Garchomp|0 fnt\n|faint|p1a: Garchomp\n|\n|win|JZ21\n|raw|PikaProphet's rating: 1151 &rarr; <strong>1131</strong><br />(-20 for losing)\n|raw|JZ21's rating: 1224 &rarr; <strong>1244</strong><br />(+20 for winning)\n|l|\u2606PikaProphet\n|player|p1|\n",
  "uploadtime": 1776532887,
  "views": 17,
  "formatid": "gen9championsvgc2026regma",
  "rating": 1131,
  "private": 0,
  "password": null
}