{
  "id": "gen9championsvgc2026regma-2584087795",
  "format": "[Gen 9 Champions] VGC 2026 Reg M-A",
  "players": [
    "kirakennedy",
    "zangblitz"
  ],
  "log": "|j|\u2606kirakennedy\n|j|\u2606zangblitz\n|t:|1776223840\n|gametype|doubles\n|player|p1|kirakennedy|koga|1000\n|player|p2|zangblitz|2|1046\n|gen|9\n|tier|[Gen 9 Champions] VGC 2026 Reg M-A\n|rated|\n|rule|Species Clause: Limit one of each Pok\u00e9mon\n|rule|Item Clause: Limit 1 of each item\n|clearpoke\n|poke|p1|Sneasler, L50, M|\n|poke|p1|Basculegion, L50, M|\n|poke|p1|Kingambit, L50, M|\n|poke|p1|Talonflame, L50, M|\n|poke|p1|Garchomp, L50, M|\n|poke|p1|Meganium, L50, F|\n|poke|p2|Kangaskhan, L50, F|\n|poke|p2|Incineroar, L50, F|\n|poke|p2|Sinistcha, L50|\n|poke|p2|Volcarona, L50, M|\n|poke|p2|Kommo-o, L50, M|\n|poke|p2|Milotic, L50, M|\n|teampreview|4\n|inactive|Battle timer is ON: inactive players will automatically lose when time's up. (requested by zangblitz)\n|inactive|kirakennedy has 60 seconds left.\n|inactive|zangblitz has 60 seconds left.\n|\n|t:|1776223884\n|teamsize|p1|4\n|teamsize|p2|4\n|start\n|switch|p1a: Talonflame|Talonflame, L50, M|100/100\n|switch|p1b: Sneasler|Sneasler, L50, M|100/100\n|switch|p2a: Milotic|Milotic, L50, M|100/100\n|switch|p2b: Kangaskhan|Kangaskhan, L50, F|100/100\n|turn|1\n|\n|t:|1776223900\n|switch|p2b: Sinistcha|Sinistcha, L50|100/100\n|move|p1a: Talonflame|Upper Hand||[still]\n|-fail|p1a: Talonflame\n|move|p1b: Sneasler|Fake Out|p2a: Milotic\n|-crit|p2a: Milotic\n|-damage|p2a: Milotic|83/100\n|cant|p2a: Milotic|flinch\n|\n|upkeep\n|turn|2\n|\n|t:|1776223918\n|move|p2b: Sinistcha|Protect|p2b: Sinistcha\n|-singleturn|p2b: Sinistcha|Protect\n|move|p1a: Talonflame|Acrobatics|p2b: Sinistcha\n|-activate|p2b: Sinistcha|move: Protect\n|move|p1b: Sneasler|Dire Claw|p2a: Milotic\n|-damage|p2a: Milotic|44/100\n|-status|p2a: Milotic|slp\n|-enditem|p2a: Milotic|Lum Berry|[eat]\n|-curestatus|p2a: Milotic|slp|[msg]\n|move|p2a: Milotic|Icy Wind|p1b: Sneasler|[spread] p1a,p1b\n|-damage|p1a: Talonflame|86/100\n|-damage|p1b: Sneasler|88/100\n|-unboost|p1a: Talonflame|spe|1\n|-unboost|p1b: Sneasler|spe|1\n|-enditem|p1b: Sneasler|White Herb\n|-clearnegativeboost|p1b: Sneasler|[silent]\n|\n|upkeep\n|turn|3\n|\n|t:|1776223941\n|move|p1b: Sneasler|Close Combat|p2a: Milotic\n|-damage|p2a: Milotic|0 fnt\n|-unboost|p1b: Sneasler|def|1\n|-unboost|p1b: Sneasler|spd|1\n|faint|p2a: Milotic\n|move|p1a: Talonflame|Acrobatics|p2b: Sinistcha\n|-supereffective|p2b: Sinistcha|1\n|-crit|p2b: Sinistcha\n|-damage|p2b: Sinistcha|0 fnt\n|faint|p2b: Sinistcha\n|\n|upkeep\n|\n|t:|1776223946\n|switch|p2a: Kangaskhan|Kangaskhan, L50, F|100/100\n|switch|p2b: Kommo-o|Kommo-o, L50, M|100/100\n|turn|4\n|\n|t:|1776223965\n|switch|p1b: Basculegion|Basculegion, L50, M|100/100\n|detailschange|p2a: Kangaskhan|Kangaskhan-Mega, L50, F\n|-mega|p2a: Kangaskhan|Kangaskhan|Kangaskhanite\n|move|p1a: Talonflame|Protect|p1a: Talonflame\n|-singleturn|p1a: Talonflame|Protect\n|move|p2a: Kangaskhan|Fake Out|p1b: Basculegion\n|-immune|p1b: Basculegion\n|move|p2b: Kommo-o|Clangorous Soul|p2b: Kommo-o\n|-boost|p2b: Kommo-o|atk|1\n|-boost|p2b: Kommo-o|def|1\n|-boost|p2b: Kommo-o|spa|1\n|-boost|p2b: Kommo-o|spd|1\n|-boost|p2b: Kommo-o|spe|1\n|-damage|p2b: Kommo-o|68/100\n|\n|-heal|p2b: Kommo-o|74/100|[from] item: Leftovers\n|upkeep\n|turn|5\n|inactive|kirakennedy has 30 seconds left.\n|\n|t:|1776223994\n|move|p2a: Kangaskhan|Sucker Punch|p1b: Basculegion\n|-supereffective|p1b: Basculegion|1\n|-damage|p1b: Basculegion|40/100\n|-supereffective|p1b: Basculegion|1\n|-damage|p1b: Basculegion|25/100\n|-hitcount|p1b: Basculegion|2\n|move|p1b: Basculegion|Flip Turn|p2a: Kangaskhan\n|-damage|p2a: Kangaskhan|63/100\n|\n|t:|1776224001\n|switch|p1b: Meganium|Meganium, L50, F|100/100|[from] Flip Turn\n|move|p2b: Kommo-o|Clanging Scales|p1a: Talonflame|[spread] p1a,p1b\n|-damage|p1a: Talonflame|0 fnt\n|-damage|p1b: Meganium|50/100\n|faint|p1a: Talonflame\n|-unboost|p2b: Kommo-o|def|1\n|\n|-heal|p2b: Kommo-o|80/100|[from] item: Leftovers\n|upkeep\n|\n|t:|1776224013\n|switch|p1a: Sneasler|Sneasler, L50, M|88/100\n|turn|6\n|\n|t:|1776224022\n|detailschange|p1b: Meganium|Meganium-Mega, L50, F\n|-mega|p1b: Meganium|Meganium|Meganiumite\n|move|p1a: Sneasler|Fake Out|p2a: Kangaskhan\n|-damage|p2a: Kangaskhan|47/100\n|move|p2b: Kommo-o|Clanging Scales|p1a: Sneasler|[spread] p1a\n|-immune|p1b: Meganium\n|-damage|p1a: Sneasler|6/100\n|-unboost|p2b: Kommo-o|def|1\n|cant|p2a: Kangaskhan|flinch\n|move|p1b: Meganium|Dazzling Gleam|p2b: Kommo-o|[spread] p2a,p2b\n|-supereffective|p2b: Kommo-o|2\n|-damage|p2a: Kangaskhan|9/100\n|-damage|p2b: Kommo-o|0 fnt\n|faint|p2b: Kommo-o\n|\n|upkeep\n|turn|7\n|-message|zangblitz forfeited.\n|\n|win|kirakennedy\n|raw|kirakennedy's rating: 1000 &rarr; <strong>1045</strong><br />(+45 for winning)\n|raw|zangblitz's rating: 1046 &rarr; <strong>1027</strong><br />(-19 for losing)\n|l|\u2606zangblitz\n|player|p2|\n",
  "uploadtime": 1776224041,
  "views": 20,
  "formatid": "gen9championsvgc2026regma",
  "rating": 1027,
  "private": 0,
  "password": null
}