{
  "id": "gen9championsvgc2026regma-2589578985",
  "format": "[Gen 9 Champions] VGC 2026 Reg M-A",
  "players": [
    "Bingowaldorf",
    "butteryaids"
  ],
  "log": "|j|\u2606Bingowaldorf\n|j|\u2606butteryaids\n|html|<table width=\"100%\"><tr><td align=\"left\">Bingowaldorf</td><td align=\"right\">butteryaids</tr><tr><td align=\"left\"><i class=\"fa fa-circle-o\"></i> <i class=\"fa fa-circle-o\"></i> </td><td align=\"right\"><i class=\"fa fa-circle-o\"></i> <i class=\"fa fa-circle\"></i> </tr></table>\n|uhtml|bestof|<h2><strong>Game 2</strong> of <a href=\"/game-bestof3-gen9championsvgc2026regma-2589572215\">a best-of-3</a></h2>\n|t:|1776735911\n|gametype|doubles\n|player|p1|Bingowaldorf|101|\n|player|p2|butteryaids|101|\n|gen|9\n|tier|[Gen 9 Champions] VGC 2026 Reg M-A\n|rule|Species Clause: Limit one of each Pok\u00e9mon\n|rule|Item Clause: Limit 1 of each item\n|raw|<div class=\"infobox\"><details class=\"readmore\" open><summary><strong>1 custom rule:</strong></summary> Best of = 3</details></div>\n|clearpoke\n|poke|p1|Conkeldurr, L50, M|\n|poke|p1|Farigiraf, L50, M, shiny|\n|poke|p1|Gengar, L50, M|\n|poke|p1|Cofagrigus, L50, M|\n|poke|p1|Golurk, L50|\n|poke|p1|Snorlax, L50, F, shiny|\n|poke|p2|Meganium, L50, F|\n|poke|p2|Pelipper, L50, M|\n|poke|p2|Basculegion, L50, M|\n|poke|p2|Dragonite, L50, F|\n|poke|p2|Scizor, L50, M|\n|poke|p2|Wyrdeer, L50, F|\n|teampreview|4\n|j| kylegibs\n|c| kylegibs|pokemon\n|\n|t:|1776735963\n|teamsize|p1|4\n|teamsize|p2|4\n|start\n|switch|p1a: Chucko|Conkeldurr, L50, M|100/100\n|switch|p1b: Buster|Farigiraf, L50, M, shiny|100/100\n|switch|p2a: Pelipper|Pelipper, L50, M|100/100\n|switch|p2b: Basculegion|Basculegion, L50, M|100/100\n|-weather|RainDance|[from] ability: Drizzle|[of] p2a: Pelipper\n|turn|1\n|\n|t:|1776735986\n|move|p1a: Chucko|Protect|p1a: Chucko\n|-singleturn|p1a: Chucko|Protect\n|move|p2b: Basculegion|Wave Crash|p1b: Buster\n|-damage|p1b: Buster|5/100\n|-damage|p2b: Basculegion|64/100|[from] Recoil\n|move|p2a: Pelipper|Tailwind|p2a: Pelipper\n|-sidestart|p2: butteryaids|move: Tailwind\n|move|p1b: Buster|Trick Room|p1b: Buster\n|-fieldstart|move: Trick Room|[of] p1b: Buster\n|\n|-weather|RainDance|[upkeep]\n|-heal|p1b: Buster|11/100|[from] item: Leftovers\n|upkeep\n|turn|2\n|j| yoogween\n|\n|t:|1776736065\n|switch|p2b: Dragonite|Dragonite, L50, F|100/100\n|move|p1b: Buster|Helping Hand|p1a: Chucko\n|-singleturn|p1a: Chucko|Helping Hand|[of] p1b: Buster\n|move|p1a: Chucko|Ice Punch|p2a: Pelipper\n|-damage|p2a: Pelipper|47/100\n|move|p2a: Pelipper|Hurricane|p1a: Chucko\n|-supereffective|p1a: Chucko|1\n|-damage|p1a: Chucko|6/100\n|\n|-weather|RainDance|[upkeep]\n|-heal|p1b: Buster|17/100|[from] item: Leftovers\n|upkeep\n|turn|3\n|\n|t:|1776736108\n|move|p1b: Buster|Helping Hand|p1a: Chucko\n|-singleturn|p1a: Chucko|Helping Hand|[of] p1b: Buster\n|move|p2b: Dragonite|Extreme Speed||[still]\n|cant|p1b: Buster|ability: Armor Tail|Extreme Speed|[of] p2b: Dragonite\n|move|p1a: Chucko|Ice Punch|p2b: Dragonite\n|-supereffective|p2b: Dragonite|2\n|-enditem|p2b: Dragonite|Yache Berry|[eat]\n|-enditem|p2b: Dragonite|Yache Berry|[weaken]\n|-damage|p2b: Dragonite|48/100\n|move|p2a: Pelipper|Hurricane|p1a: Chucko\n|-supereffective|p1a: Chucko|1\n|-damage|p1a: Chucko|0 fnt\n|faint|p1a: Chucko\n|\n|-weather|RainDance|[upkeep]\n|-heal|p1b: Buster|23/100|[from] item: Leftovers\n|upkeep\n|\n|t:|1776736131\n|switch|p1a: Bob|Golurk, L50|100/100\n|turn|4\n|\n|t:|1776736167\n|detailschange|p1a: Bob|Golurk-Mega, L50\n|-mega|p1a: Bob|Golurk|Golurkite\n|move|p1b: Buster|Helping Hand|p1a: Bob\n|-singleturn|p1a: Bob|Helping Hand|[of] p1b: Buster\n|move|p1a: Bob|Ice Punch|p2b: Dragonite\n|-supereffective|p2b: Dragonite|2\n|-damage|p2b: Dragonite|0 fnt\n|faint|p2b: Dragonite\n|move|p2a: Pelipper|Weather Ball|p1a: Bob\n|-supereffective|p1a: Bob|1\n|-crit|p1a: Bob\n|-damage|p1a: Bob|0 fnt\n|faint|p1a: Bob\n|\n|-weather|RainDance|[upkeep]\n|-heal|p1b: Buster|30/100|[from] item: Leftovers\n|-sideend|p2: butteryaids|move: Tailwind\n|upkeep\n|\n|t:|1776736184\n|switch|p1a: David Lynch|Cofagrigus, L50, M|100/100\n|switch|p2b: Meganium|Meganium, L50, F|100/100\n|turn|5\n|\n|t:|1776736211\n|detailschange|p2b: Meganium|Meganium-Mega, L50, F\n|-mega|p2b: Meganium|Meganium|Meganiumite\n|move|p1b: Buster|Helping Hand|p1a: David Lynch\n|-singleturn|p1a: David Lynch|Helping Hand|[of] p1b: Buster\n|move|p2a: Pelipper|Helping Hand|p2b: Meganium\n|-singleturn|p2b: Meganium|Helping Hand|[of] p2a: Pelipper\n|move|p1a: David Lynch|Shadow Ball|p2a: Pelipper\n|-damage|p2a: Pelipper|0 fnt\n|faint|p2a: Pelipper\n|move|p2b: Meganium|Solar Beam||[still]\n|-prepare|p2b: Meganium|Solar Beam\n|-activate|p2b: Meganium|ability: Mega Sol\n|-anim|p2b: Meganium|Solar Beam|p1a: David Lynch\n|-damage|p1a: David Lynch|0 fnt\n|faint|p1a: David Lynch\n|\n|-weather|none\n|-heal|p1b: Buster|36/100|[from] item: Leftovers\n|-fieldend|move: Trick Room\n|upkeep\n|\n|t:|1776736233\n|switch|p2a: Basculegion|Basculegion, L50, M|64/100\n|turn|6\n|\n|t:|1776736249\n|move|p2a: Basculegion|Wave Crash|p1b: Buster\n|-damage|p1b: Buster|0 fnt\n|faint|p1b: Buster\n|-damage|p2a: Basculegion|51/100|[from] Recoil\n|\n|win|butteryaids\n|l|\u2606Bingowaldorf\n|player|p1|\n",
  "uploadtime": 1776736281,
  "views": 1,
  "formatid": "gen9championsvgc2026regma",
  "rating": null,
  "private": 0,
  "password": null
}