{
  "id": "gen9championsvgc2026regma-2584678288",
  "format": "[Gen 9 Champions] VGC 2026 Reg M-A",
  "players": [
    "ronjansje",
    "novvva"
  ],
  "log": "|j|\u2606ronjansje\n|j|\u2606novvva\n|t:|1776276237\n|gametype|doubles\n|player|p1|ronjansje|ninjaboy|1301\n|player|p2|novvva|1|1316\n|gen|9\n|tier|[Gen 9 Champions] VGC 2026 Reg M-A\n|rated|\n|rule|Species Clause: Limit one of each Pok\u00e9mon\n|rule|Item Clause: Limit 1 of each item\n|clearpoke\n|poke|p1|Incineroar, L50, F|\n|poke|p1|Kingambit, L50, F|\n|poke|p1|Farigiraf, L50, M|\n|poke|p1|Torkoal, L50, M|\n|poke|p1|Camerupt, L50, M|\n|poke|p1|Crabominable, L50, M|\n|poke|p2|Sableye, L50, F|\n|poke|p2|Kingambit, L50, M|\n|poke|p2|Pelipper, L50, M|\n|poke|p2|Sinistcha, L50|\n|poke|p2|Archaludon, L50, M|\n|poke|p2|Blastoise, L50, F|\n|teampreview|4\nronjansje rejected open team sheets.\n|inactive|Battle timer is ON: inactive players will automatically lose when time's up. (requested by ronjansje)\n|inactive|ronjansje has 60 seconds left.\n|inactive|ronjansje has 30 seconds left.\n|\n|t:|1776276322\n|teamsize|p1|4\n|teamsize|p2|4\n|start\n|switch|p1a: Farigiraf|Farigiraf, L50, M|100/100\n|switch|p1b: Incineroar|Incineroar, L50, F|100/100\n|switch|p2a: Pelipper|Pelipper, L50, M|100/100\n|switch|p2b: Blastoise|Blastoise, L50, F|100/100\n|-weather|RainDance|[from] ability: Drizzle|[of] p2a: Pelipper\n|-ability|p1b: Incineroar|Intimidate|boost\n|-unboost|p2a: Pelipper|atk|1\n|-unboost|p2b: Blastoise|atk|1\n|turn|1\n|inactive|novvva has 30 seconds left.\n|\n|t:|1776276350\n|switch|p2b: Sinistcha|Sinistcha, L50|100/100\n|move|p1b: Incineroar|Fake Out|p2b: Sinistcha\n|-immune|p2b: Sinistcha\n|move|p2a: Pelipper|Weather Ball|p1b: Incineroar\n|-supereffective|p1b: Incineroar|1\n|-damage|p1b: Incineroar|0 fnt\n|faint|p1b: Incineroar\n|move|p1a: Farigiraf|Trick Room|p1a: Farigiraf\n|-fieldstart|move: Trick Room|[of] p1a: Farigiraf\n|\n|-weather|RainDance|[upkeep]\n|upkeep\n|\n|t:|1776276357\n|switch|p1b: Crabominable|Crabominable, L50, M|100/100\n|turn|2\n|\n|t:|1776276375\n|detailschange|p1b: Crabominable|Crabominable-Mega, L50, M\n|-mega|p1b: Crabominable|Crabominable|Crabominite\n|move|p1b: Crabominable|Ice Hammer|p2b: Sinistcha\n|-supereffective|p2b: Sinistcha|1\n|-damage|p2b: Sinistcha|0 fnt\n|-unboost|p1b: Crabominable|spe|1\n|faint|p2b: Sinistcha\n|move|p1a: Farigiraf|Thunderbolt|p2a: Pelipper\n|-supereffective|p2a: Pelipper|2\n|-enditem|p2a: Pelipper|Focus Sash\n|-damage|p2a: Pelipper|1/100\n|move|p2a: Pelipper|Hurricane|p1b: Crabominable\n|-supereffective|p1b: Crabominable|1\n|-damage|p1b: Crabominable|27/100\n|\n|-weather|RainDance|[upkeep]\n|upkeep\n|\n|t:|1776276393\n|switch|p2b: Blastoise|Blastoise, L50, F|100/100\n|turn|3\n|inactive|ronjansje has 30 seconds left.\n|inactive|novvva has 30 seconds left.\n|inactive|novvva has 20 seconds left.\n|inactive|novvva has 15 seconds left.\n|\n|t:|1776276437\n|detailschange|p2b: Blastoise|Blastoise-Mega, L50, F\n|-mega|p2b: Blastoise|Blastoise|Blastoisinite\n|move|p2a: Pelipper|Wide Guard|p2a: Pelipper\n|-singleturn|p2a: Pelipper|Wide Guard\n|move|p1b: Crabominable|Mach Punch|p2a: Pelipper\n|-resisted|p2a: Pelipper|1\n|-damage|p2a: Pelipper|0 fnt\n|faint|p2a: Pelipper\n|move|p1a: Farigiraf|Thunderbolt|p2b: Blastoise\n|-supereffective|p2b: Blastoise|1\n|-damage|p2b: Blastoise|40/100\n|move|p2b: Blastoise|Water Pulse|p1b: Crabominable\n|-damage|p1b: Crabominable|0 fnt\n|faint|p1b: Crabominable\n|\n|-weather|RainDance|[upkeep]\n|upkeep\n|\n|t:|1776276451\n|switch|p1b: Torkoal|Torkoal, L50, M|100/100\n|switch|p2a: Sableye|Sableye, L50, F|100/100\n|-weather|SunnyDay|[from] ability: Drought|[of] p1b: Torkoal\n|turn|4\n|\n|t:|1776276465\n|move|p2b: Blastoise|Protect|p2b: Blastoise\n|-singleturn|p2b: Blastoise|Protect\n|move|p2a: Sableye|Fake Out||[still]\n|cant|p1a: Farigiraf|ability: Armor Tail|Fake Out|[of] p2a: Sableye\n|move|p1b: Torkoal|Eruption|p2b: Blastoise|[spread] p2a\n|-activate|p2b: Blastoise|move: Protect\n|-damage|p2a: Sableye|0 fnt\n|faint|p2a: Sableye\n|move|p1a: Farigiraf|Thunderbolt|p2b: Blastoise\n|-activate|p2b: Blastoise|move: Protect\n|\n|-weather|SunnyDay|[upkeep]\n|upkeep\n|turn|5\n|\n|t:|1776276473\n|move|p2b: Blastoise|Protect|p2b: Blastoise\n|-singleturn|p2b: Blastoise|Protect\n|move|p1b: Torkoal|Solar Beam||[still]\n|-prepare|p1b: Torkoal|Solar Beam\n|-anim|p1b: Torkoal|Solar Beam|p2b: Blastoise\n|-activate|p2b: Blastoise|move: Protect\n|move|p1a: Farigiraf|Thunderbolt|p2b: Blastoise\n|-activate|p2b: Blastoise|move: Protect\n|\n|-weather|SunnyDay|[upkeep]\n|-fieldend|move: Trick Room\n|upkeep\n|turn|6\n|\n|t:|1776276480\n|move|p2b: Blastoise|Water Pulse|p1a: Farigiraf\n|-damage|p1a: Farigiraf|74/100\n|move|p1a: Farigiraf|Thunderbolt|p2b: Blastoise\n|-supereffective|p2b: Blastoise|1\n|-damage|p2b: Blastoise|0 fnt\n|faint|p2b: Blastoise\n|\n|win|ronjansje\n|raw|ronjansje's rating: 1301 &rarr; <strong>1322</strong><br />(+21 for winning)\n|raw|novvva's rating: 1316 &rarr; <strong>1295</strong><br />(-21 for losing)\n",
  "uploadtime": 1776276489,
  "views": 23,
  "formatid": "gen9championsvgc2026regma",
  "rating": 1295,
  "private": 0,
  "password": null
}