{
  "id": "gen9championsvgc2026regma-2583841030",
  "format": "[Gen 9 Champions] VGC 2026 Reg M-A",
  "players": [
    "TheObjective",
    "KarmicPines2002"
  ],
  "log": "|j|\u2606TheObjective\n|j|\u2606KarmicPines2002\n|t:|1776201863\n|gametype|doubles\n|player|p1|TheObjective|cameraman|1025\n|player|p2|KarmicPines2002|170|1078\n|gen|9\n|tier|[Gen 9 Champions] VGC 2026 Reg M-A\n|rated|\n|rule|Species Clause: Limit one of each Pok\u00e9mon\n|rule|Item Clause: Limit 1 of each item\n|clearpoke\n|poke|p1|Meganium, L50, F|\n|poke|p1|Aerodactyl, L50, M|\n|poke|p1|Politoed, L50, M|\n|poke|p1|Archaludon, L50, M|\n|poke|p1|Incineroar, L50, M|\n|poke|p1|Froslass, L50, F|\n|poke|p2|Pelipper, L50, F|\n|poke|p2|Basculegion, L50, M|\n|poke|p2|Incineroar, L50, F|\n|poke|p2|Meganium, L50, F|\n|poke|p2|Scizor, L50, M|\n|poke|p2|Garchomp, L50, F|\n|teampreview|4\n|inactive|Battle timer is ON: inactive players will automatically lose when time's up. (requested by TheObjective)\n|inactive|TheObjective has 60 seconds left.\n|inactive|KarmicPines2002 has 60 seconds left.\n|inactive|KarmicPines2002 has 30 seconds left.\n|inactive|KarmicPines2002 has 20 seconds left.\n|inactive|KarmicPines2002 has 15 seconds left.\n|\n|t:|1776201944\n|teamsize|p1|4\n|teamsize|p2|4\n|start\n|switch|p1a: Meganium|Meganium, L50, F, shiny|100/100\n|switch|p1b: Archaludon|Archaludon, L50, M, shiny|100/100\n|switch|p2a: Meganium|Meganium, L50, F|100/100\n|switch|p2b: Incineroar|Incineroar, L50, F|100/100\n|-ability|p2b: Incineroar|Intimidate|boost\n|-unboost|p1a: Meganium|atk|1\n|-unboost|p1b: Archaludon|atk|1\n|turn|1\n|inactive|TheObjective has 30 seconds left.\n|inactive|TheObjective has 20 seconds left.\n|inactive|TheObjective has 15 seconds left.\n|inactive|TheObjective has 10 seconds left.\n|inactive|TheObjective has 5 seconds left.\n|\n|t:|1776201994\n|switch|p1b: Politoed|Politoed, L50, M|100/100\n|-weather|RainDance|[from] ability: Drizzle|[of] p1b: Politoed\n|detailschange|p1a: Meganium|Meganium-Mega, L50, F, shiny\n|-mega|p1a: Meganium|Meganium|Meganiumite\n|move|p2b: Incineroar|Fake Out|p1a: Meganium\n|-damage|p1a: Meganium|89/100\n|cant|p1a: Meganium|flinch\n|move|p2a: Meganium|Earth Power|p1b: Politoed\n|-damage|p1b: Politoed|84/100\n|\n|-weather|RainDance|[upkeep]\n|upkeep\n|turn|2\n|inactive|TheObjective has 30 seconds left.\n|inactive|KarmicPines2002 has 30 seconds left.\n|\n|t:|1776202023\n|switch|p2a: Basculegion|Basculegion, L50, M|100/100\n|move|p1a: Meganium|Weather Ball|p2a: Basculegion\n|-resisted|p2a: Basculegion|1\n|-damage|p2a: Basculegion|64/100\n|move|p1b: Politoed|Weather Ball|p2b: Incineroar\n|-supereffective|p2b: Incineroar|1\n|-damage|p2b: Incineroar|35/100\n|-enditem|p2b: Incineroar|Sitrus Berry|[eat]\n|-heal|p2b: Incineroar|60/100|[from] item: Sitrus Berry\n|move|p2b: Incineroar|Parting Shot|p1a: Meganium\n|-unboost|p1a: Meganium|atk|1\n|-unboost|p1a: Meganium|spa|1\n|\n|t:|1776202046\n|switch|p2b: Scizor|Scizor, L50, M|100/100|[from] Parting Shot\n|\n|-weather|RainDance|[upkeep]\n|upkeep\n|turn|3\n|inactive|TheObjective has 30 seconds left.\n|inactive|TheObjective has 20 seconds left.\n|inactive|TheObjective has 15 seconds left.\n|inactive|TheObjective has 10 seconds left.\n|\n|t:|1776202093\n|switch|p1a: Archaludon|Archaludon, L50, M, shiny|100/100\n|detailschange|p2b: Scizor|Scizor-Mega, L50, M\n|-mega|p2b: Scizor|Scizor|Scizorite\n|move|p2b: Scizor|Bullet Punch|p1a: Archaludon\n|-resisted|p1a: Archaludon|1\n|-damage|p1a: Archaludon|85/100\n|-ability|p1a: Archaludon|Stamina|boost\n|-boost|p1a: Archaludon|def|1\n|move|p2a: Basculegion|Wave Crash|p1a: Archaludon\n|-resisted|p1a: Archaludon|1\n|-damage|p1a: Archaludon|60/100\n|-ability|p1a: Archaludon|Stamina|boost\n|-boost|p1a: Archaludon|def|1\n|-damage|p2a: Basculegion|56/100|[from] Recoil\n|move|p1b: Politoed|Blizzard|p2b: Scizor|[spread] p2b\n|-miss|p1b: Politoed|p2a: Basculegion\n|-resisted|p2b: Scizor|1\n|-crit|p2b: Scizor\n|-damage|p2b: Scizor|89/100\n|\n|-weather|RainDance|[upkeep]\n|upkeep\n|turn|4\n|inactive|TheObjective has 30 seconds left.\n|inactive|KarmicPines2002 has 30 seconds left.\n|inactive|TheObjective has 20 seconds left.\n|inactive|KarmicPines2002 has 20 seconds left.\n|inactive|TheObjective has 15 seconds left.\n|\n|t:|1776202138\n|switch|p2a: Incineroar|Incineroar, L50, F|60/100\n|-ability|p2a: Incineroar|Intimidate|boost\n|-unboost|p1a: Archaludon|atk|1\n|-unboost|p1b: Politoed|atk|1\n|switch|p2b: Meganium|Meganium, L50, F|100/100\n|move|p1a: Archaludon|Protect|p1a: Archaludon\n|-singleturn|p1a: Archaludon|Protect\n|move|p1b: Politoed|Encore||[still]\n|-fail|p1b: Politoed\n|\n|-weather|RainDance|[upkeep]\n|upkeep\n|turn|5\n|inactive|TheObjective has 30 seconds left.\n|\n|t:|1776202167\n|move|p2a: Incineroar|Fake Out|p1a: Archaludon\n|-resisted|p1a: Archaludon|1\n|-crit|p1a: Archaludon\n|-damage|p1a: Archaludon|55/100\n|-ability|p1a: Archaludon|Stamina|boost\n|-boost|p1a: Archaludon|def|1\n|move|p2b: Meganium|Earth Power|p1a: Archaludon\n|-supereffective|p1a: Archaludon|1\n|-damage|p1a: Archaludon|13/100\n|-ability|p1a: Archaludon|Stamina|boost\n|-boost|p1a: Archaludon|def|1\n|cant|p1a: Archaludon|flinch\n|move|p1b: Politoed|Blizzard|p2a: Incineroar|[spread] p2a\n|-miss|p1b: Politoed|p2b: Meganium\n|-resisted|p2a: Incineroar|1\n|-damage|p2a: Incineroar|53/100\n|\n|-weather|none\n|upkeep\n|turn|6\n|inactive|TheObjective has 30 seconds left.\n|inactive|KarmicPines2002 has 30 seconds left.\n|inactive|TheObjective has 20 seconds left.\n|\n|t:|1776202207\n|move|p2b: Meganium|Earth Power|p1a: Archaludon\n|-supereffective|p1a: Archaludon|1\n|-damage|p1a: Archaludon|0 fnt\n|faint|p1a: Archaludon\n|move|p1b: Politoed|Encore|p2a: Incineroar\n|-start|p2a: Incineroar|Encore\n|move|p2a: Incineroar|Fake Out||[still]\n|-hint|Fake Out only works on your first turn out.\n|-fail|p2a: Incineroar\n|\n|upkeep\n|\n|t:|1776202219\n|switch|p1a: Froslass|Froslass, L50, F, shiny|100/100\n|turn|7\n|\n|t:|1776202234\n|switch|p2a: Scizor|Scizor-Mega, L50, M|89/100\n|move|p2b: Meganium|Protect|p2b: Meganium\n|-singleturn|p2b: Meganium|Protect\n|move|p1a: Froslass|Ice Beam|p2b: Meganium\n|-activate|p2b: Meganium|move: Protect\n|move|p1b: Politoed|Blizzard|p2a: Scizor|[spread] p2a\n|-activate|p2b: Meganium|move: Protect\n|-resisted|p2a: Scizor|1\n|-damage|p2a: Scizor|79/100\n|\n|upkeep\n|turn|8\n|inactive|TheObjective has 30 seconds left.\n|\n|t:|1776202266\n|switch|p2b: Incineroar|Incineroar, L50, F|53/100\n|-ability|p2b: Incineroar|Intimidate|boost\n|-unboost|p1a: Froslass|atk|1\n|-unboost|p1b: Politoed|atk|1\n|move|p2a: Scizor|Bullet Punch|p1a: Froslass\n|-supereffective|p1a: Froslass|1\n|-damage|p1a: Froslass|0 fnt\n|faint|p1a: Froslass\n|move|p1b: Politoed|Encore||[still]\n|-fail|p1b: Politoed\n|\n|upkeep\n|\n|t:|1776202276\n|switch|p1a: Meganium|Meganium-Mega, L50, F, shiny|89/100\n|turn|9\n|-message|TheObjective forfeited.\n|\n|win|KarmicPines2002\n|raw|TheObjective's rating: 1025 &rarr; <strong>1013</strong><br />(-12 for losing)\n|raw|KarmicPines2002's rating: 1078 &rarr; <strong>1102</strong><br />(+24 for winning)\n|l|\u2606TheObjective\n|player|p1|\n",
  "uploadtime": 1776202292,
  "views": 16,
  "formatid": "gen9championsvgc2026regma",
  "rating": 1013,
  "private": 0,
  "password": null
}