{
  "id": "gen9championsvgc2026regma-2584737851",
  "format": "[Gen 9 Champions] VGC 2026 Reg M-A",
  "players": [
    "MajorStar",
    "sonicutopia"
  ],
  "log": "|j|\u2606MajorStar\n|j|\u2606sonicutopia\n|t:|1776280153\n|gametype|doubles\n|player|p1|MajorStar|1|\n|player|p2|sonicutopia|cynthia-gen4|\n|gen|9\n|tier|[Gen 9 Champions] VGC 2026 Reg M-A\n|rated|Tournament battle\n|rule|Species Clause: Limit one of each Pok\u00e9mon\n|rule|Item Clause: Limit 1 of each item\n|raw|<div class=\"infobox\"><details class=\"readmore\" open><summary><strong>1 custom rule:</strong></summary> Force Open Team Sheets</details></div>\n|clearpoke\n|poke|p1|Froslass, L50, F|\n|poke|p1|Arcanine-Hisui, L50, F|\n|poke|p1|Sneasler, L50, M|\n|poke|p1|Kingambit, L50, F|\n|poke|p1|Sinistcha, L50|\n|poke|p1|Palafin, L50, M|\n|poke|p2|Basculegion, L50, M|\n|poke|p2|Pelipper, L50, M|\n|poke|p2|Primarina, L50, F|\n|poke|p2|Archaludon, L50, M|\n|poke|p2|Sinistcha, L50|\n|poke|p2|Dragonite, L50, F|\n|teampreview|4\n|showteam|p1|Froslass||Froslassite|SnowCloak|Protect,Blizzard,ShadowBall,AuroraVeil|||F|||50|]Arcanine-Hisui||FocusSash|Intimidate|Protect,RockSlide,FlareBlitz,ExtremeSpeed|||F|||50|]Sneasler||WhiteHerb|Unburden|Protect,CloseCombat,DireClaw,FakeOut|||M|||50|]Kingambit||BlackGlasses|Defiant|Protect,KowtowCleave,SuckerPunch,SwordsDance|||F|||50|]Sinistcha||SitrusBerry|Hospitality|Protect,MatchaGotcha,RagePowder,TrickRoom||||||50|]Palafin||MysticWater|ZerotoHero|Protect,WaveCrash,JetPunch,CloseCombat|||M|||50|\n|showteam|p2|Basculegion||KasibBerry|SwiftSwim|FlipTurn,AquaJet,LastRespects,Protect|||M|||50|]Pelipper||FocusSash|Drizzle|IcyWind,Tailwind,Protect,WeatherBall|||M|||50|]Primarina||MysticWater|Torrent|DazzlingGleam,Moonblast,WaterPulse,HydroPump|||F|||50|]Archaludon||Leftovers|Stalwart|ElectroShot,DragonPulse,Protect,SteelBeam|||M|||50|]Sinistcha||MentalHerb|Hospitality|MatchaGotcha,ShadowBall,RagePowder,StunSpore||||||50|]Dragonite||Dragoninite|Multiscale|Thunder,Protect,DragonPulse,IceBeam|||F|||50|\n|c|\u2606sonicutopia|I cant believe I made it to round 3\n|c|\u2606sonicutopia|This is the furthest ive gotten in a tournament\n|c|\u2606MajorStar|hey lets go!\n|c|\u2606MajorStar|that's sick\n|\n|t:|1776280190\n|teamsize|p1|4\n|teamsize|p2|4\n|start\n|switch|p1a: Froslass|Froslass, L50, F|100/100\n|switch|p1b: Sinistcha|Sinistcha, L50|100/100\n|switch|p2a: Basculegion|Basculegion, L50, M|100/100\n|switch|p2b: Sinistcha|Sinistcha, L50|100/100\n|turn|1\n|c|\u2606MajorStar|glhf!\n|\n|t:|1776280202\n|move|p1a: Froslass|Protect|p1a: Froslass\n|-singleturn|p1a: Froslass|Protect\n|move|p2a: Basculegion|Last Respects|p1a: Froslass\n|-activate|p1a: Froslass|move: Protect\n|move|p2b: Sinistcha|Shadow Ball|p1a: Froslass\n|-activate|p1a: Froslass|move: Protect\n|move|p1b: Sinistcha|Matcha Gotcha|p2a: Basculegion|[spread] p2b\n|-miss|p1b: Sinistcha|p2a: Basculegion\n|-resisted|p2b: Sinistcha|1\n|-damage|p2b: Sinistcha|86/100\n|\n|upkeep\n|turn|2\n|\n|t:|1776280240\n|detailschange|p1a: Froslass|Froslass-Mega, L50, F\n|-mega|p1a: Froslass|Froslass|Froslassite\n|-weather|Snowscape|[from] ability: Snow Warning|[of] p1a: Froslass\n|move|p1b: Sinistcha|Rage Powder|p1b: Sinistcha\n|-singleturn|p1b: Sinistcha|move: Rage Powder\n|move|p1a: Froslass|Blizzard|p2b: Sinistcha|[spread] p2a,p2b\n|-resisted|p2a: Basculegion|1\n|-supereffective|p2b: Sinistcha|1\n|-damage|p2a: Basculegion|74/100\n|-damage|p2b: Sinistcha|0 fnt\n|faint|p2b: Sinistcha\n|move|p2a: Basculegion|Last Respects|p1b: Sinistcha\n|-supereffective|p1b: Sinistcha|1\n|-damage|p1b: Sinistcha|2/100\n|-enditem|p1b: Sinistcha|Sitrus Berry|[eat]\n|-heal|p1b: Sinistcha|27/100|[from] item: Sitrus Berry\n|\n|-weather|Snowscape|[upkeep]\n|upkeep\n|\n|t:|1776280250\n|switch|p2b: Pelipper|Pelipper, L50, M|100/100\n|-weather|RainDance|[from] ability: Drizzle|[of] p2b: Pelipper\n|turn|3\n|j| Luigi Magnezone\n|l| Luigi Magnezone\n|\n|t:|1776280271\n|switch|p1a: St. Chroma|Kingambit, L50, F, shiny|100/100\n|move|p1b: Sinistcha|Rage Powder|p1b: Sinistcha\n|-singleturn|p1b: Sinistcha|move: Rage Powder\n|move|p2a: Basculegion|Last Respects|p1b: Sinistcha\n|-supereffective|p1b: Sinistcha|1\n|-damage|p1b: Sinistcha|0 fnt\n|faint|p1b: Sinistcha\n|move|p2b: Pelipper|Tailwind|p2b: Pelipper\n|-sidestart|p2: sonicutopia|move: Tailwind\n|\n|-weather|RainDance|[upkeep]\n|upkeep\n|\n|t:|1776280283\n|switch|p1b: Froslass|Froslass-Mega, L50, F|100/100\n|-weather|Snowscape|[from] ability: Snow Warning|[of] p1b: Froslass\n|turn|4\n|\n|t:|1776280291\n|move|p2a: Basculegion|Protect|p2a: Basculegion\n|-singleturn|p2a: Basculegion|Protect\n|move|p2b: Pelipper|Protect|p2b: Pelipper\n|-singleturn|p2b: Pelipper|Protect\n|move|p1a: St. Chroma|Sucker Punch||[still]\n|-fail|p1a: St. Chroma\n|move|p1b: Froslass|Blizzard|p2b: Pelipper|[spread] \n|-activate|p2a: Basculegion|move: Protect\n|-activate|p2b: Pelipper|move: Protect\n|\n|-weather|Snowscape|[upkeep]\n|upkeep\n|turn|5\n|\n|t:|1776280314\n|switch|p2a: Dragonite|Dragonite, L50, F|100/100\n|move|p1a: St. Chroma|Sucker Punch||[still]\n|-fail|p1a: St. Chroma\n|move|p1b: Froslass|Blizzard|p2b: Pelipper|[spread] p2a,p2b\n|-supereffective|p2a: Dragonite|2\n|-damage|p2a: Dragonite|0 fnt\n|-damage|p2b: Pelipper|43/100\n|faint|p2a: Dragonite\n|move|p2b: Pelipper|Weather Ball|p1b: Froslass\n|-resisted|p1b: Froslass|1\n|-damage|p1b: Froslass|87/100\n|\n|-weather|Snowscape|[upkeep]\n|upkeep\n|j| Profe_Philip\n|\n|t:|1776280320\n|switch|p2a: Basculegion|Basculegion, L50, M|74/100\n|turn|6\n|c|\u2606sonicutopia|nah I lose ggs\n|l| Profe_Philip\n|c|\u2606sonicutopia|I expected a snealser lead\n|c|\u2606sonicutopia|Gods I love this game. The interactions the reads its so fun\n|\n|t:|1776280388\n|move|p2a: Basculegion|Protect|p2a: Basculegion\n|-singleturn|p2a: Basculegion|Protect\n|move|p1b: Froslass|Protect|p1b: Froslass\n|-singleturn|p1b: Froslass|Protect\n|move|p1a: St. Chroma|Sucker Punch|p2b: Pelipper\n|-damage|p2b: Pelipper|0 fnt\n|faint|p2b: Pelipper\n|\n|-weather|Snowscape|[upkeep]\n|-sideend|p2: sonicutopia|move: Tailwind\n|upkeep\n|turn|7\n|c|\u2606MajorStar|ggs wp!\n|\n|t:|1776280397\n|move|p1a: St. Chroma|Sucker Punch|p2a: Basculegion\n|-supereffective|p2a: Basculegion|1\n|-damage|p2a: Basculegion|0 fnt\n|faint|p2a: Basculegion\n|\n|win|MajorStar\n|n|\u2606MajorStar|majorstar\n|n|\u2606sonicutopia|sonicutopia\n|c|\u2606sonicutopia|ggswp gl\n",
  "uploadtime": 1776280425,
  "views": 21,
  "formatid": "gen9championsvgc2026regma",
  "rating": null,
  "private": 0,
  "password": null
}