{
  "id": "gen9championsvgc2026regma-2585216765",
  "format": "[Gen 9 Champions] VGC 2026 Reg M-A",
  "players": [
    "4bied",
    "ritovic10"
  ],
  "log": "|j|\u26064bied\n|j|\u2606ritovic10\n|t:|1776326127\n|gametype|doubles\n|player|p1|4bied|giovanni|1072\n|player|p2|ritovic10|hiker-gen1|1131\n|gen|9\n|tier|[Gen 9 Champions] VGC 2026 Reg M-A\n|rated|\n|rule|Species Clause: Limit one of each Pok\u00e9mon\n|rule|Item Clause: Limit 1 of each item\n|clearpoke\n|poke|p1|Gengar, L50, F|\n|poke|p1|Incineroar, L50, F|\n|poke|p1|Kingambit, L50, M|\n|poke|p1|Sinistcha, L50|\n|poke|p1|Kommo-o, L50, M|\n|poke|p1|Tyranitar, L50, F|\n|poke|p2|Pelipper, L50, M|\n|poke|p2|Dragonite, L50, M|\n|poke|p2|Samurott-Hisui, L50, M|\n|poke|p2|Farigiraf, L50, F|\n|poke|p2|Scizor, L50, F|\n|poke|p2|Passimian, L50, F|\n|teampreview|4\n|inactive|Battle timer is ON: inactive players will automatically lose when time's up. (requested by 4bied)\n|\n|t:|1776326145\n|teamsize|p1|4\n|teamsize|p2|4\n|start\n|switch|p1a: Gengar|Gengar, L50, F|100/100\n|switch|p1b: Incineroar|Incineroar, L50, F|100/100\n|switch|p2a: Quijo|Samurott-Hisui, L50, M, shiny|100/100\n|switch|p2b: Carmelino|Pelipper, L50, M|100/100\n|-weather|RainDance|[from] ability: Drizzle|[of] p2b: Carmelino\n|-ability|p1b: Incineroar|Intimidate|boost\n|-unboost|p2a: Quijo|atk|1\n|-unboost|p2b: Carmelino|atk|1\n|turn|1\n|\n|t:|1776326162\n|detailschange|p1a: Gengar|Gengar-Mega, L50, F\n|-mega|p1a: Gengar|Gengar|Gengarite\n|move|p1b: Incineroar|Fake Out|p2b: Carmelino\n|-damage|p2b: Carmelino|88/100\n|move|p1a: Gengar|Perish Song|p1a: Gengar\n|-start|p1a: Gengar|perish3|[silent]\n|-start|p1b: Incineroar|perish3|[silent]\n|-start|p2a: Quijo|perish3|[silent]\n|-start|p2b: Carmelino|perish3|[silent]\n|-fieldactivate|move: Perish Song\n|move|p2a: Quijo|Night Slash|p1a: Gengar\n|-supereffective|p1a: Gengar|1\n|-damage|p1a: Gengar|17/100\n|cant|p2b: Carmelino|flinch\n|\n|-weather|RainDance|[upkeep]\n|-start|p1a: Gengar|perish3\n|-start|p2a: Quijo|perish3\n|-start|p2b: Carmelino|perish3\n|-start|p1b: Incineroar|perish3\n|upkeep\n|turn|2\n|\n|t:|1776326181\n|move|p1a: Gengar|Protect|p1a: Gengar\n|-singleturn|p1a: Gengar|Protect\n|move|p1b: Incineroar|Protect|p1b: Incineroar\n|-singleturn|p1b: Incineroar|Protect\n|move|p2a: Quijo|Aqua Cutter|p1b: Incineroar\n|-activate|p1b: Incineroar|move: Protect\n|move|p2b: Carmelino|Tailwind|p2b: Carmelino\n|-sidestart|p2: ritovic10|move: Tailwind\n|\n|-weather|RainDance|[upkeep]\n|-start|p2a: Quijo|perish2\n|-start|p2b: Carmelino|perish2\n|-start|p1a: Gengar|perish2\n|-start|p1b: Incineroar|perish2\n|upkeep\n|turn|3\n|\n|t:|1776326202\n|switch|p1a: Tyranitar|Tyranitar, L50, F|100/100\n|-weather|Sandstorm|[from] ability: Sand Stream|[of] p1a: Tyranitar\n|move|p2a: Quijo|Aqua Cutter|p1a: Tyranitar\n|-supereffective|p1a: Tyranitar|1\n|-damage|p1a: Tyranitar|39/100\n|move|p2b: Carmelino|Weather Ball|p1b: Incineroar\n|-supereffective|p1b: Incineroar|1\n|-damage|p1b: Incineroar|61/100\n|move|p1b: Incineroar|Parting Shot|p2a: Quijo\n|-unboost|p2a: Quijo|atk|1\n|-unboost|p2a: Quijo|spa|1\n|\n|t:|1776326217\n|switch|p1b: Gengar|Gengar-Mega, L50, F|17/100|[from] Parting Shot\n|\n|-weather|Sandstorm|[upkeep]\n|-damage|p2a: Quijo|94/100|[from] Sandstorm\n|-damage|p2b: Carmelino|82/100|[from] Sandstorm\n|-damage|p1b: Gengar|11/100|[from] Sandstorm\n|-start|p2a: Quijo|perish1\n|-start|p2b: Carmelino|perish1\n|upkeep\n|turn|4\n|\n|t:|1776326228\n|switch|p1a: Sinistcha|Sinistcha, L50|100/100\n|-heal|p1b: Gengar|35/100|[from] ability: Hospitality|[of] p1a: Sinistcha\n|move|p1b: Gengar|Protect|p1b: Gengar\n|-singleturn|p1b: Gengar|Protect\n|move|p2a: Quijo|Aqua Cutter|p1a: Sinistcha\n|-resisted|p1a: Sinistcha|1\n|-damage|p1a: Sinistcha|90/100\n|move|p2b: Carmelino|Weather Ball|p1b: Gengar\n|-activate|p1b: Gengar|move: Protect\n|\n|-weather|Sandstorm|[upkeep]\n|-damage|p2a: Quijo|88/100|[from] Sandstorm\n|-damage|p2b: Carmelino|76/100|[from] Sandstorm\n|-damage|p1b: Gengar|29/100|[from] Sandstorm\n|-damage|p1a: Sinistcha|84/100|[from] Sandstorm\n|-start|p2a: Quijo|perish0\n|-start|p2b: Carmelino|perish0\n|faint|p2a: Quijo\n|faint|p2b: Carmelino\n|upkeep\n|\n|t:|1776326237\n|switch|p2a: Mr.Krabs|Scizor, L50, F|100/100\n|switch|p2b: McHomes|Passimian, L50, F|100/100\n|turn|5\n|\n|t:|1776326254\n|move|p1a: Sinistcha|Rage Powder|p1a: Sinistcha\n|-singleturn|p1a: Sinistcha|move: Rage Powder\n|move|p2b: McHomes|Knock Off|p1a: Sinistcha\n|-supereffective|p1a: Sinistcha|1\n|-damage|p1a: Sinistcha|25/100\n|-enditem|p1a: Sinistcha|Sitrus Berry|[from] move: Knock Off|[of] p2b: McHomes\n|move|p1b: Gengar|Perish Song|p1b: Gengar\n|-start|p1a: Sinistcha|perish3|[silent]\n|-start|p1b: Gengar|perish3|[silent]\n|-start|p2a: Mr.Krabs|perish3|[silent]\n|-start|p2b: McHomes|perish3|[silent]\n|-fieldactivate|move: Perish Song\n|move|p2a: Mr.Krabs|Dual Wingbeat|p1a: Sinistcha\n|-supereffective|p1a: Sinistcha|1\n|-damage|p1a: Sinistcha|0 fnt\n|faint|p1a: Sinistcha\n|-hitcount|p1: Sinistcha|1\n|\n|-weather|Sandstorm|[upkeep]\n|-damage|p2b: McHomes|94/100|[from] Sandstorm\n|-damage|p1b: Gengar|23/100|[from] Sandstorm\n|-start|p2b: McHomes|perish3\n|-start|p1b: Gengar|perish3\n|-start|p2a: Mr.Krabs|perish3\n|-sideend|p2: ritovic10|move: Tailwind\n|upkeep\n|\n|t:|1776326274\n|switch|p1a: Incineroar|Incineroar, L50, F|61/100\n|-ability|p1a: Incineroar|Intimidate|boost\n|-unboost|p2a: Mr.Krabs|atk|1\n|-unboost|p2b: McHomes|atk|1\n|-ability|p2b: McHomes|Defiant|boost\n|-boost|p2b: McHomes|atk|2\n|turn|6\n|\n|t:|1776326283\n|move|p1b: Gengar|Protect|p1b: Gengar\n|-singleturn|p1b: Gengar|Protect\n|move|p1a: Incineroar|Fake Out|p2b: McHomes\n|-damage|p2b: McHomes|82/100\n|cant|p2b: McHomes|flinch\n|move|p2a: Mr.Krabs|Lunge|p1a: Incineroar\n|-damage|p1a: Incineroar|32/100\n|-unboost|p1a: Incineroar|atk|1\n|\n|-weather|Sandstorm|[upkeep]\n|-damage|p2b: McHomes|76/100|[from] Sandstorm\n|-damage|p1b: Gengar|17/100|[from] Sandstorm\n|-damage|p1a: Incineroar|26/100|[from] Sandstorm\n|-start|p2b: McHomes|perish2\n|-start|p1b: Gengar|perish2\n|-start|p2a: Mr.Krabs|perish2\n|upkeep\n|turn|7\n|\n|t:|1776326303\n|switch|p1b: Tyranitar|Tyranitar, L50, F|39/100\n|move|p1a: Incineroar|Protect|p1a: Incineroar\n|-singleturn|p1a: Incineroar|Protect\n|move|p2b: McHomes|Knock Off|p1b: Tyranitar\n|-resisted|p1b: Tyranitar|1\n|-damage|p1b: Tyranitar|17/100\n|-enditem|p1b: Tyranitar|Choice Scarf|[from] move: Knock Off|[of] p2b: McHomes\n|move|p2a: Mr.Krabs|Lunge|p1a: Incineroar\n|-activate|p1a: Incineroar|move: Protect\n|\n|-weather|none\n|-start|p2b: McHomes|perish1\n|-start|p2a: Mr.Krabs|perish1\n|upkeep\n|turn|8\n|c|\u2606ritovic10|gg\n|\n|t:|1776326325\n|switch|p1a: Gengar|Gengar-Mega, L50, F|17/100\n|move|p2a: Mr.Krabs|Bullet Punch|p1b: Tyranitar\n|-supereffective|p1b: Tyranitar|1\n|-damage|p1b: Tyranitar|0 fnt\n|faint|p1b: Tyranitar\n|move|p2b: McHomes|Knock Off|p1a: Gengar\n|-supereffective|p1a: Gengar|1\n|-damage|p1a: Gengar|0 fnt\n|faint|p1a: Gengar\n|\n|-start|p2b: McHomes|perish0\n|-start|p2a: Mr.Krabs|perish0\n|upkeep\n|faint|p2b: McHomes\n|faint|p2a: Mr.Krabs\n|\n|win|4bied\n|raw|4bied's rating: 1072 &rarr; <strong>1106</strong><br />(+34 for winning)\n|raw|ritovic10's rating: 1131 &rarr; <strong>1102</strong><br />(-29 for losing)\n|l|\u2606ritovic10\n|player|p2|\n",
  "uploadtime": 1776326343,
  "views": 21,
  "formatid": "gen9championsvgc2026regma",
  "rating": 1102,
  "private": 0,
  "password": null
}