{
  "id": "gen9championsvgc2026regma-2581959145",
  "format": "[Gen 9 Champions] VGC 2026 Reg M-A",
  "players": [
    "Bman311",
    "Rose Gastrodon"
  ],
  "log": "|j|\u2606Bman311\n|j|\u2606Rose Gastrodon\n|t:|1776043341\n|gametype|doubles\n|player|p1|Bman311|102|\n|player|p2|Rose Gastrodon|barry|\n|gen|9\n|tier|[Gen 9 Champions] VGC 2026 Reg M-A\n|rated|Tournament battle\n|rule|Species Clause: Limit one of each Pok\u00e9mon\n|rule|Item Clause: Limit 1 of each item\n|clearpoke\n|poke|p1|Aegislash, L50, M|\n|poke|p1|Garchomp, L50, F|\n|poke|p1|Delphox, L50, F|\n|poke|p1|Floette-Eternal, L50, F|\n|poke|p1|Maushold-Four, L50|\n|poke|p1|Talonflame, L50, M|\n|poke|p2|Incineroar, L50, M|\n|poke|p2|Sinistcha, L50|\n|poke|p2|Floette-Eternal, L50, F|\n|poke|p2|Pelipper, L50, M|\n|poke|p2|Basculegion, L50, M|\n|poke|p2|Archaludon, L50, M|\n|teampreview|4\n|inactive|Battle timer is ON: inactive players will automatically lose when time's up. (requested by Bman311)\nBman311 has agreed to open team sheets.\n|j| yukki0207\n|j| DarkZPichuZ\n|j| knoxxzeta\n|j| Teeam Rocket\n|inactive|Rose Gastrodon has 60 seconds left.\n|j| Carrielis\n|\n|t:|1776043387\n|teamsize|p1|4\n|teamsize|p2|4\n|start\n|switch|p1a: Floette|Floette-Eternal, L50, F|100/100\n|switch|p1b: Maushold|Maushold-Four, L50|100/100\n|switch|p2a: Pelipper|Pelipper, L50, M|100/100\n|switch|p2b: Basculegion|Basculegion, L50, M|100/100\n|-weather|RainDance|[from] ability: Drizzle|[of] p2a: Pelipper\n|turn|1\n|l| DarkZPichuZ\n|j| TzelYT\n|\n|t:|1776043406\n|detailschange|p1a: Floette|Floette-Mega, L50, F\n|-mega|p1a: Floette|Floette|Floettite\n|-ability|p1a: Floette|Fairy Aura\n|move|p1b: Maushold|Follow Me|p1b: Maushold\n|-singleturn|p1b: Maushold|move: Follow Me\n|move|p2b: Basculegion|Wave Crash|p1b: Maushold\n|-enditem|p1b: Maushold|Focus Sash\n|-damage|p1b: Maushold|1/100\n|-damage|p2b: Basculegion|75/100|[from] Recoil\n|-heal|p2b: Basculegion|84/100|[from] item: Shell Bell|[of] p1b: Maushold\n|move|p2a: Pelipper|Tailwind|p2a: Pelipper\n|-sidestart|p2: Rose Gastrodon|move: Tailwind\n|move|p1a: Floette|Moonblast|p2b: Basculegion\n|-damage|p2b: Basculegion|13/100\n|\n|-weather|RainDance|[upkeep]\n|upkeep\n|turn|2\n|c| Carrielis|What is double megas delphox + floette before\n|c| Carrielis|for*\n|inactive|Rose Gastrodon has 30 seconds left.\n|c|\u2606Bman311|2 different modes for the team\n|inactive|Rose Gastrodon has 20 seconds left.\n|j| Scapegoat11\n|inactive|Rose Gastrodon has 15 seconds left.\n|\n|t:|1776043447\n|move|p1b: Maushold|Follow Me|p1b: Maushold\n|-singleturn|p1b: Maushold|move: Follow Me\n|move|p2b: Basculegion|Wave Crash|p1b: Maushold\n|-damage|p1b: Maushold|0 fnt\n|faint|p1b: Maushold\n|-damage|p2b: Basculegion|12/100|[from] Recoil\n|-heal|p2b: Basculegion|13/100|[from] item: Shell Bell|[of] p1: Maushold\n|move|p2a: Pelipper|Weather Ball|p1a: Floette\n|-damage|p1a: Floette|56/100\n|move|p1a: Floette|Dazzling Gleam|p2a: Pelipper|[spread] p2a,p2b\n|-damage|p2a: Pelipper|12/100\n|-damage|p2b: Basculegion|0 fnt\n|faint|p2b: Basculegion\n|\n|-weather|RainDance|[upkeep]\n|upkeep\n|c|\u2606Rose Gastrodon|One loses to steal and poison, the other beats them\n|j|+holdingb\n|inactive|Bman311 has 30 seconds left.\n|\n|t:|1776043481\n|switch|p1b: Garchomp|Garchomp, L50, F|100/100\n|switch|p2b: Floette|Floette-Eternal, L50, F|100/100\n|turn|3\n|\n|t:|1776043492\n|detailschange|p2b: Floette|Floette-Mega, L50, F\n|-mega|p2b: Floette|Floette|Floettite\n|-ability|p2b: Floette|Fairy Aura\n|move|p1a: Floette|Protect|p1a: Floette\n|-singleturn|p1a: Floette|Protect\n|move|p2b: Floette|Dazzling Gleam|p1b: Garchomp|[spread] p1b\n|-activate|p1a: Floette|move: Protect\n|-supereffective|p1b: Garchomp|1\n|-damage|p1b: Garchomp|22/100\n|-enditem|p1b: Garchomp|Sitrus Berry|[eat]\n|-heal|p1b: Garchomp|47/100|[from] item: Sitrus Berry\n|move|p2a: Pelipper|Weather Ball|p1a: Floette\n|-activate|p1a: Floette|move: Protect\n|move|p1b: Garchomp|Rock Slide|p2b: Floette|[spread] p2a,p2b\n|-supereffective|p2a: Pelipper|1\n|-damage|p2a: Pelipper|0 fnt\n|-damage|p2b: Floette|76/100\n|faint|p2a: Pelipper\n|\n|-weather|RainDance|[upkeep]\n|upkeep\n|\n|t:|1776043497\n|switch|p2a: Incineroar|Incineroar, L50, M|100/100\n|-ability|p2a: Incineroar|Intimidate|boost\n|-unboost|p1a: Floette|atk|1\n|-unboost|p1b: Garchomp|atk|1\n|turn|4\n|\n|t:|1776043513\n|switch|p1a: Aegislash|Aegislash, L50, M|100/100\n|move|p1b: Garchomp|Protect|p1b: Garchomp\n|-singleturn|p1b: Garchomp|Protect\n|move|p2a: Incineroar|Fake Out|p1a: Aegislash\n|-immune|p1a: Aegislash\n|move|p2b: Floette|Dazzling Gleam|p1a: Aegislash|[spread] p1a\n|-activate|p1b: Garchomp|move: Protect\n|-resisted|p1a: Aegislash|1\n|-damage|p1a: Aegislash|82/100\n|\n|-weather|RainDance|[upkeep]\n|-heal|p1a: Aegislash|89/100|[from] item: Leftovers\n|-sideend|p2: Rose Gastrodon|move: Tailwind\n|upkeep\n|turn|5\n|c| Carrielis|I mean you have a chomp though\n|j| aurora ltd\n|inactive|Rose Gastrodon has 30 seconds left.\n|c|\u2606Rose Gastrodon|Chomp probably isn\u2019t enough for a good mega gengar player for example\n|inactive|Rose Gastrodon has 20 seconds left.\n|inactive|Rose Gastrodon has 15 seconds left.\n|c| Carrielis|Ok thats fair\n|\n|t:|1776043558\n|move|p1a: Aegislash|Wide Guard|p1a: Aegislash\n|-singleturn|p1a: Aegislash|Wide Guard\n|move|p2b: Floette|Calm Mind|p2b: Floette\n|-boost|p2b: Floette|spa|1\n|-boost|p2b: Floette|spd|1\n|move|p1b: Garchomp|Earthquake|p2a: Incineroar|[spread] p2a,p2b\n|-activate|p1a: Aegislash|move: Wide Guard\n|-supereffective|p2a: Incineroar|1\n|-damage|p2a: Incineroar|55/100\n|-damage|p2b: Floette|44/100\n|move|p2a: Incineroar|Throat Chop|p1b: Garchomp\n|-damage|p1b: Garchomp|15/100\n|-start|p1b: Garchomp|Throat Chop|[silent]\n|-damage|p2a: Incineroar|43/100|[from] ability: Rough Skin|[of] p1b: Garchomp\n|\n|-weather|none\n|-heal|p1a: Aegislash|95/100|[from] item: Leftovers\n|upkeep\n|turn|6\n|j| elphoun\n|l| elphoun\n|\n|t:|1776043582\n|move|p2b: Floette|Light of Ruin|p1b: Garchomp\n|-supereffective|p1b: Garchomp|1\n|-damage|p1b: Garchomp|0 fnt\n|faint|p1b: Garchomp\n|-damage|p2b: Floette|34/100|[from] Recoil\n|move|p2a: Incineroar|Flare Blitz|p1a: Aegislash\n|-supereffective|p1a: Aegislash|1\n|-damage|p1a: Aegislash|5/100\n|-damage|p2a: Incineroar|19/100|[from] Recoil\n|-formechange|p1a: Aegislash|Aegislash-Blade|\n|move|p1a: Aegislash|Flash Cannon|p2b: Floette\n|-supereffective|p2b: Floette|1\n|-crit|p2b: Floette\n|-damage|p2b: Floette|0 fnt\n|faint|p2b: Floette\n|\n|-heal|p1a: Aegislash|11/100|[from] item: Leftovers\n|upkeep\n|c|\u2606Rose Gastrodon|Gg\n|\n|t:|1776043591\n|switch|p1b: Floette|Floette-Mega, L50, F|56/100\n|-ability|p1b: Floette|Fairy Aura\n|turn|7\n|c|\u2606Bman311|gg\n|\n|t:|1776043599\n|move|p1b: Floette|Moonblast|p2a: Incineroar\n|-damage|p2a: Incineroar|0 fnt\n|faint|p2a: Incineroar\n|\n|win|Bman311\n|n|\u2606Bman311|bman311\n|n|\u2606Rose Gastrodon|rosegastrodon\n|n| yukki0207|yukki0207\n|n| knoxxzeta|knoxxzeta\n|n| Teeam Rocket|teeamrocket\n|n| Carrielis|carrielis\n|n| TzelYT|tzelyt\n|n| Scapegoat11|scapegoat11\n|n| holdingb|holdingb\n|n| aurora ltd|auroraltd\n|l| Carrielis\n|l| Scapegoat11\n|l|\u2606Rose Gastrodon\n|player|p2|\n|l|\u2606Bman311\n|player|p1|\n|l| yukki0207\n|l| holdingb\n",
  "uploadtime": 1776043601,
  "views": 14,
  "formatid": "gen9championsvgc2026regma",
  "rating": null,
  "private": 0,
  "password": null
}