{
  "id": "gen9championsvgc2026regma-2583621721",
  "format": "[Gen 9 Champions] VGC 2026 Reg M-A",
  "players": [
    "dondondondondondon",
    "CaptainSmokah"
  ],
  "log": "|j|\u2606dondondondondondon\n|j|\u2606CaptainSmokah\n|t:|1776187075\n|gametype|doubles\n|player|p1|dondondondondondon|aaron|1280\n|player|p2|CaptainSmokah|palmer|1339\n|gen|9\n|tier|[Gen 9 Champions] VGC 2026 Reg M-A\n|rated|\n|rule|Species Clause: Limit one of each Pok\u00e9mon\n|rule|Item Clause: Limit 1 of each item\n|clearpoke\n|poke|p1|Archaludon, L50, M|\n|poke|p1|Pelipper, L50, F|\n|poke|p1|Basculegion, L50, M|\n|poke|p1|Dragonite, L50, M|\n|poke|p1|Sneasler, L50, F|\n|poke|p1|Kingambit, L50, M|\n|poke|p2|Kangaskhan, L50, F|\n|poke|p2|Sneasler, L50, M|\n|poke|p2|Floette-Eternal, L50, F|\n|poke|p2|Umbreon, L50, M|\n|poke|p2|Dragonite, L50, M|\n|poke|p2|Sinistcha, L50|\n|teampreview|4\n|inactive|Battle timer is ON: inactive players will automatically lose when time's up. (requested by CaptainSmokah)\n|\n|t:|1776187095\n|teamsize|p1|4\n|teamsize|p2|4\n|start\n|switch|p1a: Bird|Pelipper, L50, F|100/100\n|switch|p1b: bird?|Dragonite, L50, M|100/100\n|switch|p2a: Umbreon|Umbreon, L50, M|100/100\n|switch|p2b: Dragonite|Dragonite, L50, M|100/100\n|-weather|RainDance|[from] ability: Drizzle|[of] p1a: Bird\n|turn|1\n|\n|t:|1776187110\n|detailschange|p1b: bird?|Dragonite-Mega, L50, M\n|-mega|p1b: bird?|Dragonite|Dragoninite\n|move|p1b: bird?|Protect|p1b: bird?\n|-singleturn|p1b: bird?|Protect\n|move|p2b: Dragonite|Fire Spin|p1b: bird?\n|-activate|p1b: bird?|move: Protect\n|move|p1a: Bird|Tailwind|p1a: Bird\n|-sidestart|p1: dondondondondondon|move: Tailwind\n|move|p2a: Umbreon|Yawn|p1b: bird?\n|-activate|p1b: bird?|move: Protect\n|\n|-weather|RainDance|[upkeep]\n|upkeep\n|turn|2\n|\n|t:|1776187126\n|move|p1b: bird?|Hurricane|p2a: Umbreon\n|-damage|p2a: Umbreon|59/100\n|-start|p2a: Umbreon|confusion\n|move|p1a: Bird|Hurricane|p2a: Umbreon\n|-damage|p2a: Umbreon|36/100\n|move|p2b: Dragonite|Tailwind|p2b: Dragonite\n|-sidestart|p2: CaptainSmokah|move: Tailwind\n|-activate|p2a: Umbreon|confusion\n|-damage|p2a: Umbreon|31/100|[from] confusion\n|\n|-weather|RainDance|[upkeep]\n|-heal|p2a: Umbreon|37/100|[from] item: Leftovers\n|upkeep\n|turn|3\n|\n|t:|1776187144\n|switch|p2a: Floette|Floette-Eternal, L50, F|100/100\n|move|p1b: bird?|Dragon Pulse|p2b: Dragonite\n|-supereffective|p2b: Dragonite|1\n|-enditem|p2b: Dragonite|Haban Berry|[eat]\n|-enditem|p2b: Dragonite|Haban Berry|[weaken]\n|-damage|p2b: Dragonite|82/100\n|move|p2b: Dragonite|Breaking Swipe|p1b: bird?|[spread] p1a,p1b\n|-supereffective|p1b: bird?|1\n|-damage|p1a: Bird|80/100\n|-damage|p1b: bird?|81/100\n|-unboost|p1a: Bird|atk|1\n|-unboost|p1b: bird?|atk|1\n|move|p1a: Bird|Hurricane|p2a: Floette\n|-damage|p2a: Floette|66/100\n|\n|-weather|RainDance|[upkeep]\n|upkeep\n|turn|4\n|\n|t:|1776187167\n|switch|p2b: Sinistcha|Sinistcha, L50|100/100\n|-heal|p2a: Floette|91/100|[from] ability: Hospitality|[of] p2b: Sinistcha\n|detailschange|p2a: Floette|Floette-Mega, L50, F\n|-mega|p2a: Floette|Floette|Floettite\n|-ability|p2a: Floette|Fairy Aura\n|move|p1a: Bird|Wide Guard|p1a: Bird\n|-singleturn|p1a: Bird|Wide Guard\n|move|p2a: Floette|Calm Mind|p2a: Floette\n|-boost|p2a: Floette|spa|1\n|-boost|p2a: Floette|spd|1\n|move|p1b: bird?|Hurricane|p2a: Floette\n|-damage|p2a: Floette|52/100\n|-start|p2a: Floette|confusion\n|\n|-weather|RainDance|[upkeep]\n|-sideend|p1: dondondondondondon|move: Tailwind\n|upkeep\n|turn|5\n|\n|t:|1776187187\n|move|p1b: bird?|Protect|p1b: bird?\n|-singleturn|p1b: bird?|Protect\n|-activate|p2a: Floette|confusion\n|move|p2a: Floette|Moonblast|p1b: bird?\n|-activate|p1b: bird?|move: Protect\n|move|p2b: Sinistcha|Life Dew||[still]|[spread] p2a,p2b\n|-heal|p2a: Floette|77/100\n|-fail|p2b: Sinistcha|heal\n|move|p1a: Bird|Tailwind|p1a: Bird\n|-sidestart|p1: dondondondondondon|move: Tailwind\n|\n|-weather|none\n|-sideend|p2: CaptainSmokah|move: Tailwind\n|upkeep\n|turn|6\n|\n|t:|1776187203\n|switch|p1a: South Tower|Archaludon, L50, M|100/100\n|move|p1b: bird?|Hurricane|p2b: Sinistcha\n|-supereffective|p2b: Sinistcha|1\n|-damage|p2b: Sinistcha|0 fnt\n|faint|p2b: Sinistcha\n|-end|p2a: Floette|confusion\n|move|p2a: Floette|Dazzling Gleam|p1b: bird?|[spread] p1a,p1b\n|-supereffective|p1b: bird?|1\n|-damage|p1a: South Tower|4/100\n|-damage|p1b: bird?|0 fnt\n|-ability|p1a: South Tower|Stamina|boost\n|-boost|p1a: South Tower|def|1\n|faint|p1b: bird?\n|\n|-heal|p1a: South Tower|10/100|[from] item: Leftovers\n|upkeep\n|\n|t:|1776187217\n|switch|p1b: Bird|Pelipper, L50, F|80/100\n|switch|p2b: Dragonite|Dragonite, L50, M|82/100\n|-weather|RainDance|[from] ability: Drizzle|[of] p1b: Bird\n|turn|7\n|\n|t:|1776187227\n|move|p1b: Bird|Wide Guard|p1b: Bird\n|-singleturn|p1b: Bird|Wide Guard\n|move|p1a: South Tower|Draco Meteor|p2b: Dragonite\n|-supereffective|p2b: Dragonite|1\n|-damage|p2b: Dragonite|0 fnt\n|-unboost|p1a: South Tower|spa|2\n|faint|p2b: Dragonite\n|move|p2a: Floette|Moonblast|p1a: South Tower\n|-damage|p1a: South Tower|0 fnt\n|faint|p1a: South Tower\n|\n|-weather|RainDance|[upkeep]\n|upkeep\n|\n|t:|1776187237\n|switch|p1a: Ballistic Fishile|Basculegion, L50, M, shiny|100/100\n|switch|p2b: Umbreon|Umbreon, L50, M|37/100\n|turn|8\n|\n|t:|1776187254\n|move|p2a: Floette|Protect|p2a: Floette\n|-singleturn|p2a: Floette|Protect\n|move|p1a: Ballistic Fishile|Wave Crash|p2a: Floette\n|-activate|p2a: Floette|move: Protect\n|move|p1b: Bird|Hurricane|p2a: Floette\n|-activate|p2a: Floette|move: Protect\n|move|p2b: Umbreon|Foul Play|p1a: Ballistic Fishile\n|-supereffective|p1a: Ballistic Fishile|1\n|-damage|p1a: Ballistic Fishile|0 fnt\n|faint|p1a: Ballistic Fishile\n|\n|-weather|RainDance|[upkeep]\n|-heal|p2b: Umbreon|43/100|[from] item: Leftovers\n|-sideend|p1: dondondondondondon|move: Tailwind\n|upkeep\n|turn|9\n|-message|dondondondondondon forfeited.\n|\n|win|CaptainSmokah\n|raw|dondondondondondon's rating: 1280 &rarr; <strong>1259</strong><br />(-21 for losing)\n|raw|CaptainSmokah's rating: 1339 &rarr; <strong>1356</strong><br />(+17 for winning)\n|l|\u2606dondondondondondon\n|player|p1|\n",
  "uploadtime": 1776187269,
  "views": 23,
  "formatid": "gen9championsvgc2026regma",
  "rating": 1259,
  "private": 0,
  "password": null
}