{
  "id": "gen9championsvgc2026regma-2587327424",
  "format": "[Gen 9 Champions] VGC 2026 Reg M-A",
  "players": [
    "Kylelot",
    "swag_boy_.14"
  ],
  "log": "|j|\u2606Kylelot\n|j|\u2606swag_boy_.14\n|t:|1776522359\n|gametype|doubles\n|player|p1|Kylelot|ruinmaniac|1126\n|player|p2|swag_boy_.14|red|1100\n|gen|9\n|tier|[Gen 9 Champions] VGC 2026 Reg M-A\n|rated|\n|rule|Species Clause: Limit one of each Pok\u00e9mon\n|rule|Item Clause: Limit 1 of each item\n|clearpoke\n|poke|p1|Pelipper, L50, F|\n|poke|p1|Archaludon, L50, M|\n|poke|p1|Meganium, L50, F|\n|poke|p1|Blastoise, L50, F|\n|poke|p1|Tauros-Paldea-Blaze, L50, M|\n|poke|p1|Kleavor, L50, F|\n|poke|p2|Charizard, L50, F, shiny|\n|poke|p2|Blastoise, L50, M, shiny|\n|poke|p2|Venusaur, L50, F, shiny|\n|poke|p2|Incineroar, L50, M, shiny|\n|poke|p2|Garchomp, L50, M, shiny|\n|poke|p2|Heracross, L50, M|\n|teampreview|4\n|inactive|Battle timer is ON: inactive players will automatically lose when time's up. (requested by swag_boy_.14)\nswag_boy_.14 rejected open team sheets.\n|inactive|Kylelot has 60 seconds left.\n|inactive|Kylelot has 30 seconds left.\n|\n|t:|1776522420\n|teamsize|p1|4\n|teamsize|p2|4\n|start\n|switch|p1a: Kleavor|Kleavor, L50, F|100/100\n|switch|p1b: Pelipper|Pelipper, L50, F|100/100\n|switch|p2a: Heracross|Heracross, L50, M|100/100\n|switch|p2b: Incineroar|Incineroar, L50, M, shiny|100/100\n|-weather|RainDance|[from] ability: Drizzle|[of] p1b: Pelipper\n|-ability|p2b: Incineroar|Intimidate|boost\n|-unboost|p1a: Kleavor|atk|1\n|-unboost|p1b: Pelipper|atk|1\n|turn|1\n|\n|t:|1776522444\n|move|p2b: Incineroar|Fake Out|p1a: Kleavor\n|-resisted|p1a: Kleavor|1\n|-damage|p1a: Kleavor|94/100\n|move|p2a: Heracross|Stone Edge|p1b: Pelipper|[miss]\n|-miss|p2a: Heracross|p1b: Pelipper\n|cant|p1a: Kleavor|flinch\n|move|p1b: Pelipper|Tailwind|p1b: Pelipper\n|-sidestart|p1: Kylelot|move: Tailwind\n|\n|-weather|RainDance|[upkeep]\n|upkeep\n|turn|2\n|\n|t:|1776522467\n|move|p1a: Kleavor|Rock Slide|p2a: Heracross|[spread] p2a,p2b\n|-supereffective|p2b: Incineroar|1\n|-damage|p2a: Heracross|70/100\n|-damage|p2b: Incineroar|64/100\n|cant|p2a: Heracross|flinch\n|move|p1b: Pelipper|Hurricane|p2a: Heracross\n|-supereffective|p2a: Heracross|2\n|-damage|p2a: Heracross|0 fnt\n|faint|p2a: Heracross\n|move|p2b: Incineroar|Parting Shot|p1a: Kleavor\n|-unboost|p1a: Kleavor|atk|1\n|-unboost|p1a: Kleavor|spa|1\n|\n|t:|1776522480\n|switch|p2b: Charizard|Charizard, L50, F, shiny|100/100|[from] Parting Shot\n|\n|-weather|RainDance|[upkeep]\n|upkeep\n|\n|t:|1776522485\n|switch|p2a: Venusaur|Venusaur, L50, F, shiny|100/100\n|turn|3\n|inactive|Kylelot has 30 seconds left.\n|-activate|p1a: Kleavor|item: Quick Claw\n|\n|t:|1776522513\n|detailschange|p2b: Charizard|Charizard-Mega-Y, L50, F, shiny\n|-mega|p2b: Charizard|Charizard|Charizardite Y\n|-weather|SunnyDay|[from] ability: Drought|[of] p2b: Charizard\n|move|p1a: Kleavor|Dual Wingbeat|p2a: Venusaur\n|-supereffective|p2a: Venusaur|1\n|-damage|p2a: Venusaur|81/100\n|-supereffective|p2a: Venusaur|1\n|-damage|p2a: Venusaur|64/100\n|-hitcount|p2a: Venusaur|2\n|move|p2a: Venusaur|Weather Ball|p1a: Kleavor\n|-damage|p1a: Kleavor|20/100\n|move|p1b: Pelipper|Hurricane|p2a: Venusaur\n|-supereffective|p2a: Venusaur|1\n|-damage|p2a: Venusaur|0 fnt\n|faint|p2a: Venusaur\n|move|p2b: Charizard|Heat Wave|p1b: Pelipper|[spread] p1a,p1b\n|-resisted|p1b: Pelipper|1\n|-crit|p1b: Pelipper\n|-damage|p1a: Kleavor|0 fnt\n|-damage|p1b: Pelipper|29/100\n|faint|p1a: Kleavor\n|\n|-weather|SunnyDay|[upkeep]\n|upkeep\n|inactive|Kylelot has 30 seconds left.\n|inactive|Kylelot has 20 seconds left.\n|\n|t:|1776522550\n|switch|p1a: Blastoise|Blastoise, L50, F|100/100\n|switch|p2a: Incineroar|Incineroar, L50, M, shiny|64/100\n|-ability|p2a: Incineroar|Intimidate|boost\n|-unboost|p1a: Blastoise|atk|1\n|-unboost|p1b: Pelipper|atk|1\n|turn|4\n|\n|t:|1776522566\n|detailschange|p1a: Blastoise|Blastoise-Mega, L50, F\n|-mega|p1a: Blastoise|Blastoise|Blastoisinite\n|move|p1b: Pelipper|Protect|p1b: Pelipper\n|-singleturn|p1b: Pelipper|Protect\n|move|p2a: Incineroar|Fake Out|p1b: Pelipper\n|-activate|p1b: Pelipper|move: Protect\n|move|p1a: Blastoise|Water Spout|p2b: Charizard|[spread] p2a,p2b\n|-supereffective|p2a: Incineroar|1\n|-supereffective|p2b: Charizard|1\n|-damage|p2a: Incineroar|15/100\n|-damage|p2b: Charizard|42/100\n|move|p2b: Charizard|Solar Beam||[still]\n|-prepare|p2b: Charizard|Solar Beam\n|-anim|p2b: Charizard|Solar Beam|p1a: Blastoise\n|-supereffective|p1a: Blastoise|1\n|-damage|p1a: Blastoise|2/100\n|\n|-weather|SunnyDay|[upkeep]\n|-heal|p2a: Incineroar|21/100|[from] item: Leftovers\n|-sideend|p1: Kylelot|move: Tailwind\n|upkeep\n|turn|5\n|inactive|Kylelot has 30 seconds left.\n|\n|t:|1776522599\n|move|p2b: Charizard|Solar Beam||[still]\n|-prepare|p2b: Charizard|Solar Beam\n|-anim|p2b: Charizard|Solar Beam|p1b: Pelipper\n|-damage|p1b: Pelipper|0 fnt\n|faint|p1b: Pelipper\n|move|p1a: Blastoise|Water Spout|p2a: Incineroar|[spread] p2a,p2b\n|-supereffective|p2a: Incineroar|1\n|-supereffective|p2b: Charizard|1\n|-damage|p2a: Incineroar|21/100\n|-damage|p2b: Charizard|42/100\n|move|p2a: Incineroar|Snarl|p1a: Blastoise\n|-damage|p1a: Blastoise|0 fnt\n|faint|p1a: Blastoise\n|\n|-weather|SunnyDay|[upkeep]\n|-heal|p2a: Incineroar|27/100|[from] item: Leftovers\n|upkeep\n|\n|t:|1776522620\n|switch|p1b: Archaludon|Archaludon, L50, M|100/100\n|turn|6\n|\n|t:|1776522628\n|move|p2b: Charizard|Heat Wave|p1b: Archaludon\n|-damage|p1b: Archaludon|8/100\n|-status|p1b: Archaludon|brn\n|move|p1b: Archaludon|Thunder|p2b: Charizard\n|-supereffective|p2b: Charizard|1\n|-crit|p2b: Charizard\n|-damage|p2b: Charizard|0 fnt\n|faint|p2b: Charizard\n|move|p2a: Incineroar|Flare Blitz|p1b: Archaludon\n|-damage|p1b: Archaludon|0 fnt\n|faint|p1b: Archaludon\n|-damage|p2a: Incineroar|25/100|[from] Recoil\n|\n|win|swag_boy_.14\n|raw|Kylelot's rating: 1126 &rarr; <strong>1099</strong><br />(-27 for losing)\n|raw|swag_boy_.14's rating: 1100 &rarr; <strong>1127</strong><br />(+27 for winning)\n|l|\u2606swag_boy_.14\n|player|p2|\n",
  "uploadtime": 1776522678,
  "views": 15,
  "formatid": "gen9championsvgc2026regma",
  "rating": 1099,
  "private": 0,
  "password": null
}