{
  "id": "gen9championsvgc2026regma-2582392528",
  "format": "[Gen 9 Champions] VGC 2026 Reg M-A",
  "players": [
    "chochitik",
    "uzomba"
  ],
  "log": "|j|\u2606chochitik\n|j|\u2606uzomba\n|t:|1776088654\n|gametype|doubles\n|player|p1|chochitik|zinzolin|1025\n|player|p2|uzomba|wallace|1000\n|gen|9\n|tier|[Gen 9 Champions] VGC 2026 Reg M-A\n|rated|\n|rule|Species Clause: Limit one of each Pok\u00e9mon\n|rule|Item Clause: Limit 1 of each item\n|clearpoke\n|poke|p1|Politoed, L50, F|\n|poke|p1|Gengar, L50, M|\n|poke|p1|Incineroar, L50, F|\n|poke|p1|Palafin, L50, F|\n|poke|p1|Whimsicott, L50, M|\n|poke|p1|Kommo-o, L50, M|\n|poke|p2|Golurk, L50|\n|poke|p2|Torkoal, L50, F|\n|poke|p2|Hydreigon, L50, F|\n|poke|p2|Clefable, L50, M|\n|poke|p2|Hatterene, L50, F|\n|poke|p2|Oranguru, L50, F|\n|teampreview|4\n|inactive|Battle timer is ON: inactive players will automatically lose when time's up. (requested by chochitik)\n|\n|t:|1776088681\n|teamsize|p1|4\n|teamsize|p2|4\n|start\n|switch|p1a: Anaga|Politoed, L50, F, shiny|100/100\n|switch|p1b: Guayota|Gengar, L50, M, shiny|100/100\n|switch|p2a: Clefable|Clefable, L50, M|100/100\n|switch|p2b: Hatterene|Hatterene, L50, F, shiny|100/100\n|-weather|RainDance|[from] ability: Drizzle|[of] p1a: Anaga\n|turn|1\n|\n|t:|1776088699\n|detailschange|p1b: Guayota|Gengar-Mega, L50, M, shiny\n|-mega|p1b: Guayota|Gengar|Gengarite\n|move|p1b: Guayota|Protect|p1b: Guayota\n|-singleturn|p1b: Guayota|Protect\n|move|p2a: Clefable|Follow Me|p2a: Clefable\n|-singleturn|p2a: Clefable|move: Follow Me\n|move|p1a: Anaga|Perish Song|p1a: Anaga\n|-start|p1a: Anaga|perish3|[silent]\n|-start|p1b: Guayota|perish3|[silent]\n|-start|p2a: Clefable|perish3|[silent]\n|-start|p2b: Hatterene|perish3|[silent]\n|-fieldactivate|move: Perish Song\n|move|p2b: Hatterene|Trick Room|p2b: Hatterene\n|-fieldstart|move: Trick Room|[of] p2b: Hatterene\n|\n|-weather|RainDance|[upkeep]\n|-start|p2b: Hatterene|perish3\n|-start|p2a: Clefable|perish3\n|-start|p1a: Anaga|perish3\n|-start|p1b: Guayota|perish3\n|upkeep\n|turn|2\n|inactive|chochitik has 30 seconds left.\n|\n|t:|1776088726\n|switch|p1b: Bencomo|Incineroar, L50, F|100/100\n|-ability|p1b: Bencomo|Intimidate|boost\n|-unboost|p2a: Clefable|atk|1\n|-unboost|p2b: Hatterene|atk|1\n|move|p2a: Clefable|Helping Hand|p2b: Hatterene\n|-singleturn|p2b: Hatterene|Helping Hand|[of] p2a: Clefable\n|move|p2b: Hatterene|Psychic|p1b: Bencomo\n|-immune|p1b: Bencomo\n|move|p1a: Anaga|Weather Ball|p2b: Hatterene\n|-damage|p2b: Hatterene|46/100\n|\n|-weather|RainDance|[upkeep]\n|-start|p2b: Hatterene|perish2\n|-start|p2a: Clefable|perish2\n|-start|p1a: Anaga|perish2\n|upkeep\n|turn|3\n|inactive|chochitik has 30 seconds left.\n|\n|t:|1776088754\n|switch|p1a: Guayota|Gengar-Mega, L50, M, shiny|100/100\n|move|p2a: Clefable|Helping Hand|p2b: Hatterene\n|-singleturn|p2b: Hatterene|Helping Hand|[of] p2a: Clefable\n|move|p1b: Bencomo|Fake Out|p2b: Hatterene\n|-damage|p2b: Hatterene|31/100\n|cant|p2b: Hatterene|flinch\n|\n|-weather|RainDance|[upkeep]\n|-start|p2b: Hatterene|perish1\n|-start|p2a: Clefable|perish1\n|upkeep\n|turn|4\n|inactive|uzomba has 30 seconds left.\n|\n|t:|1776088781\n|move|p2a: Clefable|Helping Hand|p2b: Hatterene\n|-singleturn|p2b: Hatterene|Helping Hand|[of] p2a: Clefable\n|move|p1b: Bencomo|Protect|p1b: Bencomo\n|-singleturn|p1b: Bencomo|Protect\n|move|p1a: Guayota|Protect|p1a: Guayota\n|-singleturn|p1a: Guayota|Protect\n|move|p2b: Hatterene|Dazzling Gleam|p1b: Bencomo|[spread] \n|-activate|p1a: Guayota|move: Protect\n|-activate|p1b: Bencomo|move: Protect\n|\n|-weather|RainDance|[upkeep]\n|-start|p2b: Hatterene|perish0\n|-start|p2a: Clefable|perish0\n|faint|p2b: Hatterene\n|faint|p2a: Clefable\n|upkeep\n|\n|t:|1776088794\n|switch|p2b: Hydreigon|Hydreigon, L50, F|100/100\n|switch|p2a: Golurk|Golurk, L50, shiny|100/100\n|turn|5\n|\n|t:|1776088811\n|switch|p1b: Anaga|Politoed, L50, F, shiny|100/100\n|switch|p1a: Bubango|Kommo-o, L50, M, shiny|100/100\n|detailschange|p2a: Golurk|Golurk-Mega, L50, shiny\n|-mega|p2a: Golurk|Golurk|Golurkite\n|move|p2a: Golurk|Drain Punch|p1b: Anaga\n|-damage|p1b: Anaga|74/100\n|move|p2b: Hydreigon|Dark Pulse|p1a: Bubango\n|-resisted|p1a: Bubango|1\n|-damage|p1a: Bubango|77/100\n|\n|-weather|none\n|-heal|p1b: Anaga|80/100|[from] item: Leftovers\n|-fieldend|move: Trick Room\n|upkeep\n|turn|6\n|inactive|chochitik has 30 seconds left.\n|inactive|chochitik has 20 seconds left.\n|\n|t:|1776088847\n|switch|p1b: Bencomo|Incineroar, L50, F|100/100\n|-ability|p1b: Bencomo|Intimidate|boost\n|-unboost|p2a: Golurk|atk|1\n|-unboost|p2b: Hydreigon|atk|1\n|move|p2a: Golurk|Protect|p2a: Golurk\n|-singleturn|p2a: Golurk|Protect\n|move|p2b: Hydreigon|Dark Pulse|p1b: Bencomo\n|-resisted|p1b: Bencomo|1\n|-damage|p1b: Bencomo|79/100\n|move|p1a: Bubango|Aura Sphere|p2b: Hydreigon\n|-supereffective|p2b: Hydreigon|1\n|-damage|p2b: Hydreigon|14/100\n|\n|upkeep\n|turn|7\n|inactive|uzomba has 30 seconds left.\n|inactive|uzomba has 20 seconds left.\n|inactive|uzomba has 15 seconds left.\n|inactive|uzomba has 10 seconds left.\n|\n|t:|1776088893\n|move|p2b: Hydreigon|Dark Pulse|p1a: Bubango\n|-resisted|p1a: Bubango|1\n|-damage|p1a: Bubango|55/100\n|move|p1a: Bubango|Clanging Scales|p2a: Golurk|[spread] p2a,p2b\n|-supereffective|p2b: Hydreigon|1\n|-damage|p2a: Golurk|63/100\n|-damage|p2b: Hydreigon|0 fnt\n|faint|p2b: Hydreigon\n|-unboost|p1a: Bubango|def|1\n|move|p1b: Bencomo|Darkest Lariat|p2a: Golurk\n|-supereffective|p2a: Golurk|1\n|-damage|p2a: Golurk|0 fnt\n|faint|p2a: Golurk\n|\n|win|chochitik\n|raw|chochitik's rating: 1025 &rarr; <strong>1059</strong><br />(+34 for winning)\n|raw|uzomba's rating: 1000 &rarr; <strong>1000</strong><br />(+0 for losing)\n|l|\u2606uzomba\n|player|p2|\n",
  "uploadtime": 1776088914,
  "views": 23,
  "formatid": "gen9championsvgc2026regma",
  "rating": 1000,
  "private": 0,
  "password": null
}