{
  "id": "gen9championsvgc2026regma-2586735501",
  "format": "[Gen 9 Champions] VGC 2026 Reg M-A",
  "players": [
    "kekw 67",
    "seemeier"
  ],
  "log": "|j|\u2606kekw 67\n|j|\u2606seemeier\n|t:|1776455836\n|gametype|doubles\n|player|p1|kekw 67|lucas|1387\n|player|p2|seemeier|102|1364\n|gen|9\n|tier|[Gen 9 Champions] VGC 2026 Reg M-A\n|rated|\n|rule|Species Clause: Limit one of each Pok\u00e9mon\n|rule|Item Clause: Limit 1 of each item\n|clearpoke\n|poke|p1|Slowbro, L50, F|\n|poke|p1|Incineroar, L50, F|\n|poke|p1|Sinistcha, L50|\n|poke|p1|Sneasler, L50, M|\n|poke|p1|Aegislash, L50, F|\n|poke|p1|Delphox, L50, F|\n|poke|p2|Gardevoir, L50, M|\n|poke|p2|Talonflame, L50, F|\n|poke|p2|Farigiraf, L50, M|\n|poke|p2|Tyranitar, L50, M|\n|poke|p2|Arcanine, L50, M|\n|poke|p2|Gallade, L50, M|\n|teampreview|4\n|inactive|Battle timer is ON: inactive players will automatically lose when time's up. (requested by seemeier)\n|inactive|kekw 67 has 60 seconds left.\n|inactive|seemeier has 60 seconds left.\n|inactive|seemeier has 30 seconds left.\n|inactive|seemeier has 20 seconds left.\n|inactive|seemeier has 15 seconds left.\n|\n|t:|1776455912\n|teamsize|p1|4\n|teamsize|p2|4\n|start\n|switch|p1a: Slowbro|Slowbro, L50, F|100/100\n|switch|p1b: Sneasler|Sneasler, L50, M|100/100\n|switch|p2a: Talonflame|Talonflame, L50, F|100/100\n|switch|p2b: Gardevoir|Gardevoir, L50, M|100/100\n|turn|1\n|inactive|seemeier has 30 seconds left.\n|\n|t:|1776455939\n|switch|p2a: Arcanine|Arcanine, L50, M|100/100\n|-ability|p2a: Arcanine|Intimidate|boost\n|-fail|p1a: Slowbro|unboost|Attack|[from] ability: Oblivious|[of] p1a: Slowbro\n|-unboost|p1b: Sneasler|atk|1\n|-enditem|p1b: Sneasler|White Herb\n|-clearnegativeboost|p1b: Sneasler|[silent]\n|detailschange|p1a: Slowbro|Slowbro-Mega, L50, F\n|-mega|p1a: Slowbro|Slowbro|Slowbronite\n|move|p2b: Gardevoir|Protect|p2b: Gardevoir\n|-singleturn|p2b: Gardevoir|Protect\n|move|p1b: Sneasler|Coaching|p1a: Slowbro\n|-boost|p1a: Slowbro|atk|1\n|-boost|p1a: Slowbro|def|1\n|move|p1a: Slowbro|Calm Mind|p1a: Slowbro\n|-boost|p1a: Slowbro|spa|1\n|-boost|p1a: Slowbro|spd|1\n|\n|upkeep\n|turn|2\n|inactive|seemeier has 30 seconds left.\n|inactive|seemeier has 20 seconds left.\n|inactive|seemeier has 15 seconds left.\n|\n|t:|1776455984\n|switch|p2b: Gallade|Gallade, L50, M|100/100\n|move|p1b: Sneasler|Coaching|p1a: Slowbro\n|-boost|p1a: Slowbro|atk|1\n|-boost|p1a: Slowbro|def|1\n|move|p2a: Arcanine|Will-O-Wisp|p1b: Sneasler\n|-status|p1b: Sneasler|brn\n|move|p1a: Slowbro|Calm Mind|p1a: Slowbro\n|-boost|p1a: Slowbro|spa|1\n|-boost|p1a: Slowbro|spd|1\n|\n|-damage|p1b: Sneasler|95/100 brn|[from] brn\n|upkeep\n|turn|3\n|\n|t:|1776456012\n|move|p1b: Sneasler|Coaching|p1a: Slowbro\n|-boost|p1a: Slowbro|atk|1\n|-boost|p1a: Slowbro|def|1\n|move|p2a: Arcanine|Howl|p2a: Arcanine|[spread] p2a,p2b\n|-boost|p2a: Arcanine|atk|1\n|-boost|p2b: Gallade|atk|1\n|move|p2b: Gallade|Sacred Sword|p1a: Slowbro\n|-resisted|p1a: Slowbro|1\n|-damage|p1a: Slowbro|74/100\n|move|p1a: Slowbro|Scald|p2a: Arcanine\n|-supereffective|p2a: Arcanine|1\n|-crit|p2a: Arcanine\n|-damage|p2a: Arcanine|0 fnt\n|faint|p2a: Arcanine\n|\n|-damage|p1b: Sneasler|89/100 brn|[from] brn\n|upkeep\n|\n|t:|1776456030\n|switch|p2a: Talonflame|Talonflame, L50, F|100/100\n|turn|4\n|\n|t:|1776456048\n|move|p2a: Talonflame|Brave Bird|p1b: Sneasler\n|-supereffective|p1b: Sneasler|1\n|-damage|p1b: Sneasler|0 fnt\n|faint|p1b: Sneasler\n|-damage|p2a: Talonflame|71/100|[from] Recoil\n|move|p2b: Gallade|Sacred Sword|p1a: Slowbro\n|-resisted|p1a: Slowbro|1\n|-damage|p1a: Slowbro|46/100\n|move|p1a: Slowbro|Scald|p2a: Talonflame\n|-supereffective|p2a: Talonflame|1\n|-damage|p2a: Talonflame|0 fnt\n|faint|p2a: Talonflame\n|\n|upkeep\n|\n|t:|1776456060\n|switch|p1b: Sinistcha|Sinistcha, L50|100/100\n|switch|p2a: Gardevoir|Gardevoir, L50, M|100/100\n|-heal|p1a: Slowbro|71/100|[from] ability: Hospitality|[of] p1b: Sinistcha\n|turn|5\n|\n|t:|1776456070\n|detailschange|p2a: Gardevoir|Gardevoir-Mega, L50, M\n|-mega|p2a: Gardevoir|Gardevoir|Gardevoirite\n|move|p1b: Sinistcha|Rage Powder|p1b: Sinistcha\n|-singleturn|p1b: Sinistcha|move: Rage Powder\n|move|p2a: Gardevoir|Hyper Voice|p1a: Slowbro|[spread] p1a,p1b\n|-damage|p1a: Slowbro|47/100\n|-damage|p1b: Sinistcha|53/100\n|move|p2b: Gallade|Sacred Sword|p1b: Sinistcha\n|-immune|p1b: Sinistcha\n|move|p1a: Slowbro|Psychic|p2b: Gallade\n|-damage|p2b: Gallade|29/100\n|\n|upkeep\n|turn|6\n|\n|t:|1776456087\n|move|p1b: Sinistcha|Rage Powder|p1b: Sinistcha\n|-singleturn|p1b: Sinistcha|move: Rage Powder\n|move|p2a: Gardevoir|Hyper Voice|p1a: Slowbro|[spread] p1a,p1b\n|-damage|p1a: Slowbro|26/100\n|-damage|p1b: Sinistcha|7/100\n|move|p2b: Gallade|Psycho Cut|p1b: Sinistcha\n|-crit|p1b: Sinistcha\n|-damage|p1b: Sinistcha|0 fnt\n|faint|p1b: Sinistcha\n|move|p1a: Slowbro|Slack Off|p1a: Slowbro\n|-heal|p1a: Slowbro|76/100\n|\n|upkeep\n|\n|t:|1776456093\n|switch|p1b: Aegislash|Aegislash, L50, F|100/100\n|turn|7\n|\n|t:|1776456115\n|move|p2a: Gardevoir|Hyper Voice|p1b: Aegislash|[spread] p1a,p1b\n|-resisted|p1b: Aegislash|1\n|-damage|p1a: Slowbro|53/100\n|-damage|p1b: Aegislash|81/100\n|move|p2b: Gallade|Psycho Cut|p1a: Slowbro\n|-resisted|p1a: Slowbro|1\n|-damage|p1a: Slowbro|44/100\n|-formechange|p1b: Aegislash|Aegislash-Blade|\n|move|p1b: Aegislash|Iron Head|p2a: Gardevoir\n|-supereffective|p2a: Gardevoir|1\n|-damage|p2a: Gardevoir|0 fnt\n|faint|p2a: Gardevoir\n|move|p1a: Slowbro|Psychic|p2b: Gallade\n|-damage|p2b: Gallade|0 fnt\n|faint|p2b: Gallade\n|\n|win|kekw 67\n|raw|kekw 67's rating: 1387 &rarr; <strong>1406</strong><br />(+19 for winning)\n|raw|seemeier's rating: 1364 &rarr; <strong>1345</strong><br />(-19 for losing)\n|l|\u2606seemeier\n|player|p2|\n",
  "uploadtime": 1776456125,
  "views": 47,
  "formatid": "gen9championsvgc2026regma",
  "rating": 1345,
  "private": 0,
  "password": null
}