{
  "id": "gen9championsvgc2026regma-2589458494",
  "format": "[Gen 9 Champions] VGC 2026 Reg M-A",
  "players": [
    "LolgamesAM",
    "Sand_N1nja"
  ],
  "log": "|j|\u2606LolgamesAM\n|j|\u2606Sand_N1nja\n|t:|1776724762\n|gametype|doubles\n|player|p1|LolgamesAM|juggler|1081\n|player|p2|Sand_N1nja|169|1000\n|gen|9\n|tier|[Gen 9 Champions] VGC 2026 Reg M-A\n|rated|\n|rule|Species Clause: Limit one of each Pok\u00e9mon\n|rule|Item Clause: Limit 1 of each item\n|clearpoke\n|poke|p1|Dragonite, L50, M|\n|poke|p1|Sneasler, L50, M, shiny|\n|poke|p1|Basculegion, L50, M|\n|poke|p1|Pelipper, L50, F|\n|poke|p1|Froslass, L50, F|\n|poke|p1|Garchomp, L50, F|\n|poke|p2|Aerodactyl, L50, F|\n|poke|p2|Gengar, L50, M|\n|poke|p2|Charizard, L50, M, shiny|\n|poke|p2|Primarina, L50, F, shiny|\n|poke|p2|Kingambit, L50, M, shiny|\n|poke|p2|Venusaur, L50, F, shiny|\n|teampreview|4\nLolgamesAM rejected open team sheets.\n|\n|t:|1776724823\n|teamsize|p1|4\n|teamsize|p2|4\n|start\n|switch|p1a: Basculegion|Basculegion, L50, M|100/100\n|switch|p1b: Sneasler|Sneasler, L50, M, shiny|100/100\n|switch|p2a: Aerodactyl|Aerodactyl, L50, F|100/100\n|switch|p2b: Gengar|Gengar, L50, M|100/100\n|-ability|p2a: Aerodactyl|Unnerve\n|turn|1\n|\n|t:|1776724845\n|move|p1b: Sneasler|Fake Out|p2a: Aerodactyl\n|-resisted|p2a: Aerodactyl|1\n|-damage|p2a: Aerodactyl|87/100\n|move|p1a: Basculegion|Wave Crash|p2b: Gengar\n|-crit|p2b: Gengar\n|-enditem|p2b: Gengar|Focus Sash\n|-damage|p2b: Gengar|1/100\n|-start|p1a: Basculegion|Disable|Wave Crash|[from] ability: Cursed Body|[of] p2b: Gengar\n|-damage|p1a: Basculegion|78/100|[from] Recoil\n|cant|p2a: Aerodactyl|flinch\n|move|p2b: Gengar|Psychic|p1b: Sneasler\n|-supereffective|p1b: Sneasler|2\n|-enditem|p1b: Sneasler|Focus Sash\n|-damage|p1b: Sneasler|1/100\n|\n|upkeep\n|turn|2\n|\n|t:|1776724879\n|move|p2b: Gengar|Sucker Punch|p1a: Basculegion\n|-supereffective|p1a: Basculegion|1\n|-damage|p1a: Basculegion|52/100\n|move|p1b: Sneasler|Dire Claw|p2a: Aerodactyl\n|-resisted|p2a: Aerodactyl|1\n|-damage|p2a: Aerodactyl|49/100\n|-activate|p1a: Basculegion|move: Struggle\n|move|p1a: Basculegion|Struggle|p2a: Aerodactyl\n|-crit|p2a: Aerodactyl\n|-damage|p2a: Aerodactyl|9/100\n|-damage|p1a: Basculegion|27/100|[from] recoil\n|move|p2a: Aerodactyl|Rock Slide|p1a: Basculegion|[spread] p1a,p1b\n|-resisted|p1b: Sneasler|1\n|-damage|p1a: Basculegion|0 fnt\n|-damage|p1b: Sneasler|0 fnt\n|faint|p1a: Basculegion\n|faint|p1b: Sneasler\n|\n|upkeep\n|\n|t:|1776724893\n|switch|p1b: Froslass|Froslass, L50, F|100/100\n|switch|p1a: Dragonite|Dragonite, L50, M|100/100\n|turn|3\n|\n|t:|1776724914\n|detailschange|p1b: Froslass|Froslass-Mega, L50, F\n|-mega|p1b: Froslass|Froslass|Froslassite\n|-weather|Snowscape|[from] ability: Snow Warning|[of] p1b: Froslass\n|move|p2a: Aerodactyl|Tailwind|p2a: Aerodactyl\n|-sidestart|p2: Sand_N1nja|move: Tailwind\n|move|p2b: Gengar|Pain Split|p1b: Froslass\n|-sethp|p1b: Froslass|51/100|[from] move: Pain Split|[silent]\n|-sethp|p2b: Gengar|55/100|[from] move: Pain Split\n|move|p1b: Froslass|Aurora Veil|p1b: Froslass\n|-sidestart|p1: LolgamesAM|move: Aurora Veil\n|move|p1a: Dragonite|Blizzard|p2b: Gengar|[spread] p2a,p2b\n|-supereffective|p2a: Aerodactyl|1\n|-damage|p2a: Aerodactyl|0 fnt\n|-damage|p2b: Gengar|10/100\n|faint|p2a: Aerodactyl\n|\n|-weather|Snowscape|[upkeep]\n|upkeep\n|\n|t:|1776724933\n|switch|p2a: Charizard|Charizard, L50, M, shiny|100/100\n|turn|4\n|\n|t:|1776724953\n|detailschange|p2a: Charizard|Charizard-Mega-X, L50, M, shiny\n|-mega|p2a: Charizard|Charizard|Charizardite X\n|move|p2b: Gengar|Pain Split|p1a: Dragonite\n|-sethp|p1a: Dragonite|54/100|[from] move: Pain Split|[silent]\n|-sethp|p2b: Gengar|67/100|[from] move: Pain Split\n|move|p2a: Charizard|Flame Charge|p1b: Froslass\n|-supereffective|p1b: Froslass|1\n|-damage|p1b: Froslass|4/100\n|-boost|p2a: Charizard|spe|1\n|move|p1b: Froslass|Shadow Ball|p2b: Gengar\n|-supereffective|p2b: Gengar|1\n|-damage|p2b: Gengar|0 fnt\n|-start|p1b: Froslass|Disable|Shadow Ball|[from] ability: Cursed Body|[of] p2b: Gengar\n|faint|p2b: Gengar\n|move|p1a: Dragonite|Draco Meteor|p2a: Charizard|[miss]\n|-miss|p1a: Dragonite|p2a: Charizard\n|\n|-weather|Snowscape|[upkeep]\n|upkeep\n|\n|t:|1776724963\n|switch|p2b: Kingambit|Kingambit, L50, M, shiny|100/100\n|turn|5\n|\n|t:|1776724981\n|move|p1b: Froslass|Protect|p1b: Froslass\n|-singleturn|p1b: Froslass|Protect\n|move|p2b: Kingambit|Sucker Punch||[still]\n|-fail|p2b: Kingambit\n|move|p2a: Charizard|Dragon Claw|p1a: Dragonite\n|-supereffective|p1a: Dragonite|1\n|-damage|p1a: Dragonite|0 fnt\n|faint|p1a: Dragonite\n|\n|-weather|Snowscape|[upkeep]\n|upkeep\n|turn|6\n|\n|t:|1776724990\n|move|p2b: Kingambit|Sucker Punch|p1b: Froslass\n|-supereffective|p1b: Froslass|1\n|-damage|p1b: Froslass|0 fnt\n|faint|p1b: Froslass\n|\n|win|Sand_N1nja\n|raw|LolgamesAM's rating: 1081 &rarr; <strong>1054</strong><br />(-27 for losing)\n|raw|Sand_N1nja's rating: 1000 &rarr; <strong>1049</strong><br />(+49 for winning)\n|l|\u2606LolgamesAM\n|player|p1|\n",
  "uploadtime": 1776724997,
  "views": 7,
  "formatid": "gen9championsvgc2026regma",
  "rating": 1049,
  "private": 0,
  "password": null
}