{
  "id": "gen9championsvgc2026regma-2584053485",
  "format": "[Gen 9 Champions] VGC 2026 Reg M-A",
  "players": [
    "namica",
    "snothrowing9"
  ],
  "log": "|j|\u2606namica\n|j|\u2606snothrowing9\n|t:|1776220510\n|gametype|doubles\n|player|p1|namica|n|1325\n|player|p2|snothrowing9|green|1334\n|gen|9\n|tier|[Gen 9 Champions] VGC 2026 Reg M-A\n|rated|\n|rule|Species Clause: Limit one of each Pok\u00e9mon\n|rule|Item Clause: Limit 1 of each item\n|clearpoke\n|poke|p1|Charizard, L50, F|\n|poke|p1|Whimsicott, L50, F|\n|poke|p1|Sneasler, L50, F|\n|poke|p1|Rotom-Wash, L50|\n|poke|p1|Garchomp, L50, F|\n|poke|p1|Incineroar, L50, F|\n|poke|p2|Gengar, L50, M|\n|poke|p2|Zoroark-Hisui, L50, M|\n|poke|p2|Incineroar, L50, F|\n|poke|p2|Floette-Eternal, L50, F|\n|poke|p2|Sneasler, L50, M|\n|poke|p2|Aerodactyl, L50, M|\n|teampreview|4\n|\n|t:|1776220545\n|teamsize|p1|4\n|teamsize|p2|4\n|start\n|switch|p1a: Rotom|Rotom-Wash, L50|100/100\n|switch|p1b: Garchomp|Garchomp, L50, F|100/100\n|switch|p2a: Gengar|Gengar, L50, M, shiny|100/100\n|switch|p2b: Aerodactyl|Aerodactyl, L50, M|100/100\n|turn|1\n|\n|t:|1776220559\n|detailschange|p2a: Gengar|Gengar-Mega, L50, M, shiny\n|-mega|p2a: Gengar|Gengar|Gengarite\n|move|p2b: Aerodactyl|Dark Pulse|p1b: Garchomp\n|-crit|p1b: Garchomp\n|-damage|p1b: Garchomp|50/100\n|move|p1b: Garchomp|Rock Slide|p2b: Aerodactyl|[spread] p2a,p2b\n|-damage|p2a: Gengar|66/100\n|-damage|p2b: Aerodactyl|54/100\n|replace|p2b: Zoroark|Zoroark-Hisui, L50, M, shiny\n|-end|p2b: Zoroark|Illusion\n|move|p2a: Gengar|Shadow Ball|p1b: Garchomp\n|-damage|p1b: Garchomp|0 fnt\n|faint|p1b: Garchomp\n|move|p1a: Rotom|Electroweb|p2b: Zoroark|[spread] p2a,p2b\n|-damage|p2a: Gengar|40/100\n|-damage|p2b: Zoroark|11/100\n|-unboost|p2a: Gengar|spe|1\n|-unboost|p2b: Zoroark|spe|1\n|\n|upkeep\n|\n|t:|1776220578\n|switch|p1b: Charizard|Charizard, L50, F|100/100\n|turn|2\n|\n|t:|1776220585\n|detailschange|p1b: Charizard|Charizard-Mega-Y, L50, F\n|-mega|p1b: Charizard|Charizard|Charizardite Y\n|-weather|SunnyDay|[from] ability: Drought|[of] p1b: Charizard\n|move|p2a: Gengar|Protect|p2a: Gengar\n|-singleturn|p2a: Gengar|Protect\n|move|p2b: Zoroark|Dark Pulse|p1a: Rotom\n|-damage|p1a: Rotom|66/100\n|move|p1b: Charizard|Heat Wave|p2b: Zoroark|[spread] p2b\n|-activate|p2a: Gengar|move: Protect\n|-crit|p2b: Zoroark\n|-damage|p2b: Zoroark|0 fnt\n|faint|p2b: Zoroark\n|move|p1a: Rotom|Electroweb|p2a: Gengar\n|-activate|p2a: Gengar|move: Protect\n|\n|-weather|SunnyDay|[upkeep]\n|-heal|p1a: Rotom|72/100|[from] item: Leftovers\n|upkeep\n|\n|t:|1776220595\n|switch|p2b: Aerodactyl|Aerodactyl, L50, M|100/100\n|-ability|p2b: Aerodactyl|Unnerve\n|turn|3\n|\n|t:|1776220608\n|switch|p2a: Incineroar|Incineroar, L50, F|100/100\n|-ability|p2a: Incineroar|Intimidate|boost\n|-unboost|p1a: Rotom|atk|1\n|-unboost|p1b: Charizard|atk|1\n|move|p2b: Aerodactyl|Protect|p2b: Aerodactyl\n|-singleturn|p2b: Aerodactyl|Protect\n|move|p1b: Charizard|Protect|p1b: Charizard\n|-singleturn|p1b: Charizard|Protect\n|move|p1a: Rotom|Electroweb|p2a: Incineroar|[spread] p2a\n|-activate|p2b: Aerodactyl|move: Protect\n|-damage|p2a: Incineroar|82/100\n|-unboost|p2a: Incineroar|spe|1\n|\n|-weather|SunnyDay|[upkeep]\n|-heal|p1a: Rotom|78/100|[from] item: Leftovers\n|upkeep\n|turn|4\n|\n|t:|1776220628\n|switch|p1b: Incineroar|Incineroar, L50, F|100/100\n|-ability|p1b: Incineroar|Intimidate|boost\n|-unboost|p2a: Incineroar|atk|1\n|-unboost|p2b: Aerodactyl|atk|1\n|move|p2a: Incineroar|Fake Out|p1a: Rotom\n|-damage|p1a: Rotom|67/100\n|move|p2b: Aerodactyl|Rock Slide|p1a: Rotom|[spread] \n|-miss|p2b: Aerodactyl|p1a: Rotom\n|-miss|p2b: Aerodactyl|p1b: Incineroar\n|cant|p1a: Rotom|flinch\n|\n|-weather|SunnyDay|[upkeep]\n|-heal|p1a: Rotom|73/100|[from] item: Leftovers\n|upkeep\n|turn|5\n|\n|t:|1776220649\n|move|p2b: Aerodactyl|Protect|p2b: Aerodactyl\n|-singleturn|p2b: Aerodactyl|Protect\n|move|p1b: Incineroar|Fake Out|p2a: Incineroar\n|-damage|p2a: Incineroar|71/100\n|move|p1a: Rotom|Electroweb|p2b: Aerodactyl|[spread] p2a\n|-activate|p2b: Aerodactyl|move: Protect\n|-damage|p2a: Incineroar|50/100\n|-unboost|p2a: Incineroar|spe|1\n|-enditem|p2a: Incineroar|Sitrus Berry|[eat]\n|-heal|p2a: Incineroar|75/100|[from] item: Sitrus Berry\n|cant|p2a: Incineroar|flinch\n|\n|-weather|SunnyDay|[upkeep]\n|-heal|p1a: Rotom|79/100|[from] item: Leftovers\n|upkeep\n|turn|6\n|\n|t:|1776220662\n|move|p2b: Aerodactyl|Rock Slide|p1a: Rotom|[spread] p1a,p1b\n|-supereffective|p1b: Incineroar|1\n|-damage|p1a: Rotom|60/100\n|-damage|p1b: Incineroar|77/100\n|move|p1a: Rotom|Electroweb|p2b: Aerodactyl|[spread] p2a,p2b\n|-supereffective|p2b: Aerodactyl|1\n|-damage|p2a: Incineroar|55/100\n|-damage|p2b: Aerodactyl|43/100\n|-unboost|p2a: Incineroar|spe|1\n|-unboost|p2b: Aerodactyl|spe|1\n|cant|p1b: Incineroar|flinch\n|move|p2a: Incineroar|Parting Shot|p1b: Incineroar\n|-unboost|p1b: Incineroar|atk|1\n|-unboost|p1b: Incineroar|spa|1\n|\n|t:|1776220673\n|switch|p2a: Gengar|Gengar-Mega, L50, M, shiny|40/100|[from] Parting Shot\n|\n|-weather|none\n|-heal|p1a: Rotom|65/100|[from] item: Leftovers\n|upkeep\n|turn|7\n|\n|t:|1776220679\n|switch|p2b: Incineroar|Incineroar, L50, F|55/100\n|-ability|p2b: Incineroar|Intimidate|boost\n|-unboost|p1a: Rotom|atk|1\n|-unboost|p1b: Incineroar|atk|1\n|move|p2a: Gengar|Shadow Ball|p1a: Rotom\n|-damage|p1a: Rotom|9/100\n|move|p1a: Rotom|Electroweb|p2b: Incineroar|[spread] p2a,p2b\n|-crit|p2a: Gengar\n|-crit|p2b: Incineroar\n|-damage|p2a: Gengar|0 fnt\n|-damage|p2b: Incineroar|26/100\n|-unboost|p2b: Incineroar|spe|1\n|faint|p2a: Gengar\n|move|p1b: Incineroar|Snarl|p2b: Incineroar\n|-resisted|p2b: Incineroar|1\n|-damage|p2b: Incineroar|22/100\n|-unboost|p2b: Incineroar|spa|1\n|\n|-heal|p1a: Rotom|15/100|[from] item: Leftovers\n|upkeep\n|\n|t:|1776220695\n|switch|p2a: Aerodactyl|Aerodactyl, L50, M|43/100\n|-ability|p2a: Aerodactyl|Unnerve\n|turn|8\n|\n|t:|1776220754\n|move|p2b: Incineroar|Fake Out|p1b: Incineroar\n|-damage|p1b: Incineroar|67/100\n|move|p2a: Aerodactyl|Rock Slide|p1b: Incineroar|[spread] p1a,p1b\n|-supereffective|p1b: Incineroar|1\n|-damage|p1a: Rotom|0 fnt\n|-damage|p1b: Incineroar|31/100\n|faint|p1a: Rotom\n|cant|p1b: Incineroar|flinch\n|\n|upkeep\n|\n|t:|1776220760\n|switch|p1a: Charizard|Charizard-Mega-Y, L50, F|100/100\n|-weather|SunnyDay|[from] ability: Drought|[of] p1a: Charizard\n|turn|9\n|\n|t:|1776220773\n|move|p2a: Aerodactyl|Protect|p2a: Aerodactyl\n|-singleturn|p2a: Aerodactyl|Protect\n|move|p1a: Charizard|Protect|p1a: Charizard\n|-singleturn|p1a: Charizard|Protect\n|move|p1b: Incineroar|Parting Shot|p2a: Aerodactyl\n|-activate|p2a: Aerodactyl|move: Protect\n|move|p2b: Incineroar|Parting Shot|p1a: Charizard\n|-activate|p1a: Charizard|move: Protect\n|\n|-weather|SunnyDay|[upkeep]\n|upkeep\n|turn|10\n|\n|t:|1776220782\n|move|p2a: Aerodactyl|Rock Slide|p1b: Incineroar|[spread] p1a,p1b\n|-supereffective|p1a: Charizard|2\n|-supereffective|p1b: Incineroar|1\n|-damage|p1a: Charizard|0 fnt\n|-damage|p1b: Incineroar|0 fnt\n|faint|p1a: Charizard\n|faint|p1b: Incineroar\n|\n|win|snothrowing9\n|raw|namica's rating: 1325 &rarr; <strong>1306</strong><br />(-19 for losing)\n|raw|snothrowing9's rating: 1334 &rarr; <strong>1353</strong><br />(+19 for winning)\n|l|\u2606namica\n|player|p1|\n",
  "uploadtime": 1776220788,
  "views": 27,
  "formatid": "gen9championsvgc2026regma",
  "rating": 1306,
  "private": 0,
  "password": null
}