{
  "id": "gen9championsvgc2026regma-2583949166",
  "format": "[Gen 9 Champions] VGC 2026 Reg M-A",
  "players": [
    "TiccingTimeBomb",
    "The_AG_Is_Real"
  ],
  "log": "|j|\u2606TiccingTimeBomb\n|j|\u2606The_AG_Is_Real\n|t:|1776210958\n|gametype|doubles\n|player|p1|TiccingTimeBomb|169|1161\n|player|p2|The_AG_Is_Real|rika|1174\n|gen|9\n|tier|[Gen 9 Champions] VGC 2026 Reg M-A\n|rated|\n|rule|Species Clause: Limit one of each Pok\u00e9mon\n|rule|Item Clause: Limit 1 of each item\n|clearpoke\n|poke|p1|Alakazam, L50, M|\n|poke|p1|Incineroar, L50, F|\n|poke|p1|Meowstic, L50, M|\n|poke|p1|Basculegion, L50, M|\n|poke|p1|Kingambit, L50, M|\n|poke|p1|Meowscarada, L50, M|\n|poke|p2|Clefable, L50, F|\n|poke|p2|Incineroar, L50, M|\n|poke|p2|Kingambit, L50, M|\n|poke|p2|Sneasler, L50, F|\n|poke|p2|Kommo-o, L50, F|\n|poke|p2|Delphox, L50, F|\n|teampreview|4\n|inactive|Battle timer is ON: inactive players will automatically lose when time's up. (requested by TiccingTimeBomb)\n|inactive|The_AG_Is_Real also wants the timer to be on.\n|\n|t:|1776210983\n|teamsize|p1|4\n|teamsize|p2|4\n|start\n|switch|p1a: Alakazam|Alakazam, L50, M|100/100\n|switch|p1b: Basculegion|Basculegion, L50, M|100/100\n|switch|p2a: Delphox|Delphox, L50, F|100/100\n|switch|p2b: Sneasler|Sneasler, L50, F|100/100\n|turn|1\n|inactive|The_AG_Is_Real has 30 seconds left.\n|inactive|The_AG_Is_Real has 20 seconds left.\n|inactive|The_AG_Is_Real has 15 seconds left.\n|inactive|The_AG_Is_Real has 10 seconds left.\n|inactive|The_AG_Is_Real has 5 seconds left.\n|inactive|TiccingTimeBomb has 30 seconds left.\n|\n|t:|1776211039\n|move|p1a: Alakazam|Protect|p1a: Alakazam\n|-singleturn|p1a: Alakazam|Protect\n|move|p1b: Basculegion|Wave Crash|p2a: Delphox\n|-supereffective|p2a: Delphox|1\n|-damage|p2a: Delphox|0 fnt\n|faint|p2a: Delphox\n|-damage|p1b: Basculegion|75/100|[from] Recoil\n|move|p2b: Sneasler|Close Combat|p1a: Alakazam\n|-activate|p1a: Alakazam|move: Protect\n|\n|upkeep\n|\n|t:|1776211051\n|switch|p2a: Kingambit|Kingambit, L50, M|100/100\n|turn|2\n|\n|t:|1776211064\n|switch|p1a: Incineroar|Incineroar, L50, F|100/100\n|-ability|p1a: Incineroar|Intimidate|boost\n|-unboost|p2a: Kingambit|atk|1\n|-ability|p2a: Kingambit|Defiant|boost\n|-boost|p2a: Kingambit|atk|2\n|-unboost|p2b: Sneasler|atk|1\n|move|p1b: Basculegion|Wave Crash|p2b: Sneasler\n|-enditem|p2b: Sneasler|Focus Sash\n|-damage|p2b: Sneasler|1/100\n|-damage|p1b: Basculegion|49/100|[from] Recoil\n|move|p2b: Sneasler|Dire Claw|p1a: Incineroar\n|-damage|p1a: Incineroar|73/100\n|move|p2a: Kingambit|Swords Dance|p2a: Kingambit\n|-boost|p2a: Kingambit|atk|2\n|\n|upkeep\n|turn|3\n|\n|t:|1776211086\n|move|p2b: Sneasler|Protect|p2b: Sneasler\n|-singleturn|p2b: Sneasler|Protect\n|move|p2a: Kingambit|Protect|p2a: Kingambit\n|-singleturn|p2a: Kingambit|Protect\n|move|p1b: Basculegion|Wave Crash|p2b: Sneasler\n|-activate|p2b: Sneasler|move: Protect\n|move|p1a: Incineroar|Flare Blitz|p2a: Kingambit\n|-activate|p2a: Kingambit|move: Protect\n|\n|upkeep\n|turn|4\n|\n|t:|1776211110\n|move|p2a: Kingambit|Sucker Punch|p1b: Basculegion\n|-supereffective|p1b: Basculegion|1\n|-damage|p1b: Basculegion|0 fnt\n|faint|p1b: Basculegion\n|move|p2b: Sneasler|Close Combat|p1a: Incineroar\n|-supereffective|p1a: Incineroar|1\n|-damage|p1a: Incineroar|0 fnt\n|-unboost|p2b: Sneasler|def|1\n|-unboost|p2b: Sneasler|spd|1\n|faint|p1a: Incineroar\n|\n|upkeep\n|\n|t:|1776211117\n|switch|p1b: Alakazam|Alakazam, L50, M|100/100\n|switch|p1a: Meowscarada|Meowscarada, L50, M|100/100\n|turn|5\n|\n|t:|1776211123\n|detailschange|p1b: Alakazam|Alakazam-Mega, L50, M\n|-mega|p1b: Alakazam|Alakazam|Alakazite\n|-ability|p1b: Alakazam|Defiant|Trace|[from] ability: Trace|[of] p2a: Kingambit\n|move|p1b: Alakazam|Protect|p1b: Alakazam\n|-singleturn|p1b: Alakazam|Protect\n|move|p2a: Kingambit|Sucker Punch||[still]\n|-fail|p2a: Kingambit\n|move|p1a: Meowscarada|Low Kick|p2a: Kingambit\n|-start|p1a: Meowscarada|typechange|Fighting|[from] ability: Protean\n|-supereffective|p2a: Kingambit|2\n|-damage|p2a: Kingambit|0 fnt\n|faint|p2a: Kingambit\n|move|p2b: Sneasler|Dire Claw|p1a: Meowscarada\n|-damage|p1a: Meowscarada|53/100\n|\n|upkeep\n|\n|t:|1776211129\n|switch|p2a: Incineroar|Incineroar, L50, M|100/100\n|-ability|p2a: Incineroar|Intimidate|boost\n|-unboost|p1a: Meowscarada|atk|1\n|-unboost|p1b: Alakazam|atk|1\n|-ability|p1b: Alakazam|Defiant|boost\n|-boost|p1b: Alakazam|atk|2\n|-enditem|p1a: Meowscarada|White Herb\n|-clearnegativeboost|p1a: Meowscarada|[silent]\n|turn|6\n|inactive|TiccingTimeBomb has 30 seconds left.\n|inactive|TiccingTimeBomb has 20 seconds left.\n|\n|t:|1776211168\n|move|p2b: Sneasler|Protect|p2b: Sneasler\n|-singleturn|p2b: Sneasler|Protect\n|move|p1b: Alakazam|Shadow Ball|p2a: Incineroar\n|-resisted|p2a: Incineroar|1\n|-damage|p2a: Incineroar|88/100\n|move|p1a: Meowscarada|Knock Off|p2b: Sneasler\n|-activate|p2b: Sneasler|move: Protect\n|move|p2a: Incineroar|Throat Chop|p1b: Alakazam\n|-supereffective|p1b: Alakazam|1\n|-damage|p1b: Alakazam|0 fnt\n|faint|p1b: Alakazam\n|\n|upkeep\n|turn|7\n|\n|t:|1776211177\n|move|p1a: Meowscarada|Low Kick|p2b: Sneasler\n|-resisted|p2b: Sneasler|1\n|-damage|p2b: Sneasler|0 fnt\n|faint|p2b: Sneasler\n|move|p2a: Incineroar|Flare Blitz|p1a: Meowscarada\n|-damage|p1a: Meowscarada|0 fnt\n|faint|p1a: Meowscarada\n|-damage|p2a: Incineroar|75/100|[from] Recoil\n|\n|win|The_AG_Is_Real\n|raw|TiccingTimeBomb's rating: 1161 &rarr; <strong>1137</strong><br />(-24 for losing)\n|raw|The_AG_Is_Real's rating: 1174 &rarr; <strong>1198</strong><br />(+24 for winning)\n",
  "uploadtime": 1776211178,
  "views": 24,
  "formatid": "gen9championsvgc2026regma",
  "rating": 1137,
  "private": 0,
  "password": null
}