{
  "id": "gen9championsvgc2026regma-2585721578",
  "format": "[Gen 9 Champions] VGC 2026 Reg M-A",
  "players": [
    "Disfrazdetigre",
    "norbish"
  ],
  "log": "|j|\u2606Disfrazdetigre\n|j|\u2606norbish\n|t:|1776366036\n|gametype|doubles\n|player|p1|Disfrazdetigre|2|1438\n|player|p2|norbish|wallace|1361\n|gen|9\n|tier|[Gen 9 Champions] VGC 2026 Reg M-A\n|rated|\n|rule|Species Clause: Limit one of each Pok\u00e9mon\n|rule|Item Clause: Limit 1 of each item\n|clearpoke\n|poke|p1|Orthworm, L50, F|\n|poke|p1|Arcanine-Hisui, L50, F|\n|poke|p1|Medicham, L50, M|\n|poke|p1|Alakazam, L50, F|\n|poke|p1|Blastoise, L50, F|\n|poke|p1|Hydreigon, L50, F|\n|poke|p2|Meganium, L50, F|\n|poke|p2|Dragonite, L50, M|\n|poke|p2|Incineroar, L50, M|\n|poke|p2|Sneasler, L50, M|\n|poke|p2|Politoed, L50, F|\n|poke|p2|Espathra, L50, F|\n|teampreview|4\n|inactive|Battle timer is ON: inactive players will automatically lose when time's up. (requested by norbish)\n|inactive|Disfrazdetigre has 60 seconds left.\n|inactive|norbish has 60 seconds left.\n|\n|t:|1776366083\n|teamsize|p1|4\n|teamsize|p2|4\n|start\n|switch|p1a: Medicham|Medicham, L50, M|100/100\n|switch|p1b: Blastoise|Blastoise, L50, F|100/100\n|switch|p2a: Ishowspeeeeed|Espathra, L50, F|100/100\n|switch|p2b: Buff Kitty|Incineroar, L50, M|100/100\n|-ability|p2b: Buff Kitty|Intimidate|boost\n|-unboost|p1a: Medicham|atk|1\n|-unboost|p1b: Blastoise|atk|1\n|-enditem|p1b: Blastoise|White Herb\n|-clearnegativeboost|p1b: Blastoise|[silent]\n|turn|1\n|\n|t:|1776366098\n|detailschange|p1a: Medicham|Medicham-Mega, L50, M\n|-mega|p1a: Medicham|Medicham|Medichamite\n|move|p1a: Medicham|Fake Out|p2b: Buff Kitty\n|-damage|p2b: Buff Kitty|86/100\n|cant|p2b: Buff Kitty|flinch\n|move|p2a: Ishowspeeeeed|Calm Mind|p2a: Ishowspeeeeed\n|-boost|p2a: Ishowspeeeeed|spa|1\n|-boost|p2a: Ishowspeeeeed|spd|1\n|move|p1b: Blastoise|Shell Smash|p1b: Blastoise\n|-unboost|p1b: Blastoise|def|1\n|-unboost|p1b: Blastoise|spd|1\n|-boost|p1b: Blastoise|atk|2\n|-boost|p1b: Blastoise|spa|2\n|-boost|p1b: Blastoise|spe|2\n|\n|-ability|p2a: Ishowspeeeeed|Speed Boost|boost\n|-boost|p2a: Ishowspeeeeed|spe|1\n|upkeep\n|turn|2\n|\n|t:|1776366119\n|move|p2a: Ishowspeeeeed|Protect|p2a: Ishowspeeeeed\n|-singleturn|p2a: Ishowspeeeeed|Protect\n|move|p1b: Blastoise|Shell Smash|p1b: Blastoise\n|-unboost|p1b: Blastoise|def|1\n|-unboost|p1b: Blastoise|spd|1\n|-boost|p1b: Blastoise|atk|2\n|-boost|p1b: Blastoise|spa|2\n|-boost|p1b: Blastoise|spe|2\n|move|p1a: Medicham|Close Combat|p2b: Buff Kitty\n|-supereffective|p2b: Buff Kitty|1\n|-damage|p2b: Buff Kitty|0 fnt\n|-unboost|p1a: Medicham|def|1\n|-unboost|p1a: Medicham|spd|1\n|faint|p2b: Buff Kitty\n|\n|-ability|p2a: Ishowspeeeeed|Speed Boost|boost\n|-boost|p2a: Ishowspeeeeed|spe|1\n|upkeep\n|\n|t:|1776366136\n|switch|p2b: Tall Kitty|Sneasler, L50, M|100/100\n|turn|3\n|\n|t:|1776366148\n|move|p1b: Blastoise|Protect|p1b: Blastoise\n|-singleturn|p1b: Blastoise|Protect\n|move|p2b: Tall Kitty|Fake Out|p1b: Blastoise\n|-activate|p1b: Blastoise|move: Protect\n|move|p2a: Ishowspeeeeed|Baton Pass|p2a: Ishowspeeeeed\n|\n|t:|1776366155\n|switch|p2a: Sparkly Weed|Meganium, L50, F|100/100|[from] Baton Pass\n|move|p1a: Medicham|Zen Headbutt|p2b: Tall Kitty\n|-supereffective|p2b: Tall Kitty|2\n|-damage|p2b: Tall Kitty|0 fnt\n|faint|p2b: Tall Kitty\n|\n|upkeep\n|\n|t:|1776366165\n|switch|p2b: Ishowspeeeeed|Espathra, L50, F|100/100\n|turn|4\n|inactive|Disfrazdetigre has 30 seconds left.\n|\n|t:|1776366190\n|detailschange|p2a: Sparkly Weed|Meganium-Mega, L50, F\n|-mega|p2a: Sparkly Weed|Meganium|Meganiumite\n|move|p2b: Ishowspeeeeed|Protect|p2b: Ishowspeeeeed\n|-singleturn|p2b: Ishowspeeeeed|Protect\n|move|p1b: Blastoise|Ice Beam|p2a: Sparkly Weed\n|-supereffective|p2a: Sparkly Weed|1\n|-damage|p2a: Sparkly Weed|0 fnt\n|faint|p2a: Sparkly Weed\n|move|p1a: Medicham|Zen Headbutt|p2b: Ishowspeeeeed\n|-activate|p2b: Ishowspeeeeed|move: Protect\n|\n|-ability|p2b: Ishowspeeeeed|Speed Boost|boost\n|-boost|p2b: Ishowspeeeeed|spe|1\n|upkeep\n|turn|5\n|-message|norbish forfeited.\n|\n|win|Disfrazdetigre\n|raw|Disfrazdetigre's rating: 1438 &rarr; <strong>1454</strong><br />(+16 for winning)\n|raw|norbish's rating: 1361 &rarr; <strong>1345</strong><br />(-16 for losing)\n|l|\u2606norbish\n|player|p2|\n",
  "uploadtime": 1776366211,
  "views": 24,
  "formatid": "gen9championsvgc2026regma",
  "rating": 1345,
  "private": 0,
  "password": null
}