{
  "id": "gen9championsvgc2026regma-2587194016",
  "format": "[Gen 9 Champions] VGC 2026 Reg M-A",
  "players": [
    "AidzPlayz",
    "Toil and Rot"
  ],
  "log": "|j|\u2606AidzPlayz\n|j|\u2606Toil and Rot\n|t:|1776507119\n|gametype|doubles\n|player|p1|AidzPlayz|ghetsis-gen5bw|1378\n|player|p2|Toil and Rot|psychicf-gen4|1274\n|gen|9\n|tier|[Gen 9 Champions] VGC 2026 Reg M-A\n|rated|\n|rule|Species Clause: Limit one of each Pok\u00e9mon\n|rule|Item Clause: Limit 1 of each item\n|clearpoke\n|poke|p1|Aerodactyl, L50, M|\n|poke|p1|Incineroar, L50, M|\n|poke|p1|Floette-Eternal, L50, F|\n|poke|p1|Basculegion, L50, M|\n|poke|p1|Garchomp, L50, M|\n|poke|p1|Sneasler, L50, F|\n|poke|p2|Pelipper, L50, M|\n|poke|p2|Dragonite, L50, F, shiny|\n|poke|p2|Sneasler, L50, F|\n|poke|p2|Sinistcha, L50|\n|poke|p2|Aerodactyl, L50, F|\n|poke|p2|Archaludon, L50, M|\n|teampreview|4\n|inactive|Battle timer is ON: inactive players will automatically lose when time's up. (requested by Toil and Rot)\n|inactive|Toil and Rot has 60 seconds left.\n|inactive|Toil and Rot has 30 seconds left.\n|inactive|Toil and Rot has 20 seconds left.\n|inactive|Toil and Rot has 15 seconds left.\n|inactive|Toil and Rot has 10 seconds left.\n|\n|t:|1776507200\n|teamsize|p1|4\n|teamsize|p2|4\n|start\n|switch|p1a: Aerodactyl|Aerodactyl, L50, M|100/100\n|switch|p1b: Garchomp|Garchomp, L50, M|100/100\n|switch|p2a: Archaludon|Archaludon, L50, M|100/100\n|switch|p2b: Pelipper|Pelipper, L50, M|100/100\n|-ability|p1a: Aerodactyl|Unnerve\n|-weather|RainDance|[from] ability: Drizzle|[of] p2b: Pelipper\n|turn|1\n|inactive|AidzPlayz has 30 seconds left.\n|inactive|Toil and Rot has 30 seconds left.\n|\n|t:|1776507229\n|move|p2b: Pelipper|Wide Guard|p2b: Pelipper\n|-singleturn|p2b: Pelipper|Wide Guard\n|move|p1a: Aerodactyl|Tailwind|p1a: Aerodactyl\n|-sidestart|p1: AidzPlayz|move: Tailwind\n|move|p1b: Garchomp|Earthquake|p2b: Pelipper|[spread] \n|-activate|p2a: Archaludon|move: Wide Guard\n|-activate|p2b: Pelipper|move: Wide Guard\n|-immune|p1a: Aerodactyl\n|move|p2a: Archaludon|Draco Meteor|p1b: Garchomp\n|-supereffective|p1b: Garchomp|1\n|-enditem|p1b: Garchomp|Haban Berry|[eat]\n|-enditem|p1b: Garchomp|Haban Berry|[weaken]\n|-damage|p1b: Garchomp|26/100\n|-unboost|p2a: Archaludon|spa|2\n|\n|-weather|RainDance|[upkeep]\n|upkeep\n|turn|2\n|inactive|Toil and Rot has 30 seconds left.\n|inactive|Toil and Rot has 20 seconds left.\n|inactive|Toil and Rot has 15 seconds left.\n|inactive|Toil and Rot has 10 seconds left.\n|inactive|Toil and Rot has 5 seconds left.\n|\n|t:|1776507281\n|move|p1a: Aerodactyl|Rock Slide|p2a: Archaludon|[spread] p2a,p2b\n|-resisted|p2a: Archaludon|1\n|-supereffective|p2b: Pelipper|1\n|-damage|p2a: Archaludon|90/100\n|-damage|p2b: Pelipper|25/100\n|-ability|p2a: Archaludon|Stamina|boost\n|-boost|p2a: Archaludon|def|1\n|move|p1b: Garchomp|Dragon Claw|p2a: Archaludon\n|-damage|p2a: Archaludon|64/100\n|-ability|p2a: Archaludon|Stamina|boost\n|-boost|p2a: Archaludon|def|1\n|move|p2a: Archaludon|Electro Shot||[still]\n|-prepare|p2a: Archaludon|Electro Shot\n|-boost|p2a: Archaludon|spa|1\n|-anim|p2a: Archaludon|Electro Shot|p1a: Aerodactyl\n|-supereffective|p1a: Aerodactyl|1\n|-damage|p1a: Aerodactyl|11/100\n|cant|p2b: Pelipper|flinch\n|\n|-weather|RainDance|[upkeep]\n|upkeep\n|turn|3\n|inactive|Toil and Rot has 30 seconds left.\n|inactive|Toil and Rot has 20 seconds left.\n|inactive|AidzPlayz has 30 seconds left.\n|inactive|Toil and Rot has 15 seconds left.\n|inactive|Toil and Rot has 10 seconds left.\n|inactive|Toil and Rot has 5 seconds left.\n|\n|t:|1776507333\n|switch|p2a: Dragonite|Dragonite, L50, F, shiny|100/100\n|move|p1b: Garchomp|Protect|p1b: Garchomp\n|-singleturn|p1b: Garchomp|Protect\n|move|p2b: Pelipper|Protect|p2b: Pelipper\n|-singleturn|p2b: Pelipper|Protect\n|move|p1a: Aerodactyl|Dual Wingbeat|p2b: Pelipper\n|-activate|p2b: Pelipper|move: Protect\n|\n|-weather|RainDance|[upkeep]\n|upkeep\n|turn|4\n|inactive|Toil and Rot has 30 seconds left.\n|inactive|Toil and Rot has 20 seconds left.\n|\n|t:|1776507371\n|detailschange|p2a: Dragonite|Dragonite-Mega, L50, F, shiny\n|-mega|p2a: Dragonite|Dragonite|Dragoninite\n|move|p1a: Aerodactyl|Protect|p1a: Aerodactyl\n|-singleturn|p1a: Aerodactyl|Protect\n|move|p2b: Pelipper|Wide Guard|p2b: Pelipper\n|-singleturn|p2b: Pelipper|Wide Guard\n|move|p1b: Garchomp|Rock Slide|p2b: Pelipper|[spread] \n|-activate|p2a: Dragonite|move: Wide Guard\n|-activate|p2b: Pelipper|move: Wide Guard\n|move|p2a: Dragonite|Hurricane|p1b: Garchomp\n|-damage|p1b: Garchomp|0 fnt\n|faint|p1b: Garchomp\n|\n|-weather|RainDance|[upkeep]\n|-sideend|p1: AidzPlayz|move: Tailwind\n|upkeep\n|\n|t:|1776507386\n|switch|p1b: Floette|Floette-Eternal, L50, F|100/100\n|turn|5\n|inactive|Toil and Rot has 30 seconds left.\n|inactive|Toil and Rot has 20 seconds left.\n|inactive|Toil and Rot has 15 seconds left.\n|\n|t:|1776507427\n|detailschange|p1b: Floette|Floette-Mega, L50, F\n|-mega|p1b: Floette|Floette|Floettite\n|-ability|p1b: Floette|Fairy Aura\n|move|p2b: Pelipper|Wide Guard|p2b: Pelipper\n|-singleturn|p2b: Pelipper|Wide Guard\n|move|p1a: Aerodactyl|Rock Slide|p2b: Pelipper|[spread] \n|-activate|p2a: Dragonite|move: Wide Guard\n|-activate|p2b: Pelipper|move: Wide Guard\n|move|p2a: Dragonite|Hurricane|p1b: Floette\n|-damage|p1b: Floette|48/100\n|-start|p1b: Floette|confusion\n|-activate|p1b: Floette|confusion\n|move|p1b: Floette|Moonblast|p2a: Dragonite\n|-supereffective|p2a: Dragonite|1\n|-damage|p2a: Dragonite|34/100\n|\n|-weather|none\n|upkeep\n|turn|6\n|inactive|Toil and Rot has 30 seconds left.\n|inactive|AidzPlayz has 30 seconds left.\n|inactive|Toil and Rot has 20 seconds left.\n|inactive|Toil and Rot has 15 seconds left.\n|\n|t:|1776507469\n|switch|p2b: Aerodactyl|Aerodactyl, L50, F|100/100\n|-ability|p2b: Aerodactyl|Unnerve\n|move|p2a: Dragonite|Protect|p2a: Dragonite\n|-singleturn|p2a: Dragonite|Protect\n|-end|p1b: Floette|confusion\n|move|p1b: Floette|Protect|p1b: Floette\n|-singleturn|p1b: Floette|Protect\n|move|p1a: Aerodactyl|Tailwind|p1a: Aerodactyl\n|-sidestart|p1: AidzPlayz|move: Tailwind\n|\n|upkeep\n|turn|7\n|\n|t:|1776507489\n|move|p1a: Aerodactyl|Rock Slide|p2b: Aerodactyl|[spread] p2a,p2b\n|-supereffective|p2a: Dragonite|1\n|-supereffective|p2b: Aerodactyl|1\n|-damage|p2a: Dragonite|0 fnt\n|-damage|p2b: Aerodactyl|20/100\n|faint|p2a: Dragonite\n|move|p1b: Floette|Dazzling Gleam|p2b: Aerodactyl\n|-damage|p2b: Aerodactyl|0 fnt\n|faint|p2b: Aerodactyl\n|\n|upkeep\n|\n|t:|1776507497\n|switch|p2b: Pelipper|Pelipper, L50, M|25/100\n|switch|p2a: Archaludon|Archaludon, L50, M|64/100\n|-weather|RainDance|[from] ability: Drizzle|[of] p2b: Pelipper\n|turn|8\n|inactive|Toil and Rot has 30 seconds left.\n|\n|t:|1776507524\n|move|p2b: Pelipper|Wide Guard|p2b: Pelipper\n|-singleturn|p2b: Pelipper|Wide Guard\n|move|p1a: Aerodactyl|Dual Wingbeat|p2b: Pelipper\n|-damage|p2b: Pelipper|0 fnt\n|faint|p2b: Pelipper\n|-hitcount|p2: Pelipper|1\n|move|p1b: Floette|Moonblast|p2a: Archaludon\n|-damage|p2a: Archaludon|0 fnt\n|faint|p2a: Archaludon\n|\n|win|AidzPlayz\n|raw|AidzPlayz's rating: 1378 &rarr; <strong>1392</strong><br />(+14 for winning)\n|raw|Toil and Rot's rating: 1274 &rarr; <strong>1256</strong><br />(-18 for losing)\n",
  "uploadtime": 1776507524,
  "views": 22,
  "formatid": "gen9championsvgc2026regma",
  "rating": 1256,
  "private": 0,
  "password": null
}