{
  "id": "gen9championsvgc2026regma-2582828423",
  "format": "[Gen 9 Champions] VGC 2026 Reg M-A",
  "players": [
    "gebershoun",
    "DavidTIS"
  ],
  "log": "|j|\u2606gebershoun\n|j|\u2606DavidTIS\n|t:|1776117225\n|gametype|doubles\n|player|p1|gebershoun|102|1073\n|player|p2|DavidTIS|265|1071\n|gen|9\n|tier|[Gen 9 Champions] VGC 2026 Reg M-A\n|rated|\n|rule|Species Clause: Limit one of each Pok\u00e9mon\n|rule|Item Clause: Limit 1 of each item\n|clearpoke\n|poke|p1|Floette-Eternal, L50, F|\n|poke|p1|Incineroar, L50, M|\n|poke|p1|Sneasler, L50, F|\n|poke|p1|Garchomp, L50, F|\n|poke|p1|Aerodactyl, L50, F|\n|poke|p1|Rotom-Wash, L50|\n|poke|p2|Starmie, L50|\n|poke|p2|Lucario, L50, M|\n|poke|p2|Lycanroc-Dusk, L50, M|\n|poke|p2|Hydreigon, L50, F|\n|poke|p2|Slowbro-Galar, L50, F|\n|poke|p2|Charizard, L50, M|\n|teampreview|4\n|\n|t:|1776117251\n|teamsize|p1|4\n|teamsize|p2|4\n|start\n|switch|p1a: Incineroar|Incineroar, L50, M|100/100\n|switch|p1b: Aerodactyl|Aerodactyl, L50, F, shiny|100/100\n|switch|p2a: Starmie|Starmie, L50|100/100\n|switch|p2b: Lucario|Lucario, L50, M|100/100\n|-ability|p1b: Aerodactyl|Unnerve\n|-ability|p1a: Incineroar|Intimidate|boost\n|-unboost|p2a: Starmie|atk|1\n|-fail|p2b: Lucario|unboost|Attack|[from] ability: Inner Focus|[of] p2b: Lucario\n|turn|1\n|\n|t:|1776117277\n|move|p2a: Starmie|Protect|p2a: Starmie\n|-singleturn|p2a: Starmie|Protect\n|move|p2b: Lucario|Aura Sphere|p1b: Aerodactyl\n|-damage|p1b: Aerodactyl|42/100\n|move|p1b: Aerodactyl|Tailwind|p1b: Aerodactyl\n|-sidestart|p1: gebershoun|move: Tailwind\n|move|p1a: Incineroar|Flare Blitz|p2b: Lucario\n|-supereffective|p2b: Lucario|1\n|-damage|p2b: Lucario|0 fnt\n|faint|p2b: Lucario\n|-damage|p1a: Incineroar|77/100|[from] Recoil\n|\n|upkeep\n|\n|t:|1776117296\n|switch|p2b: Lycanroc|Lycanroc-Dusk, L50, M|100/100\n|turn|2\n|\n|t:|1776117311\n|detailschange|p2a: Starmie|Starmie-Mega, L50\n|-mega|p2a: Starmie|Starmie|Starminite\n|move|p1b: Aerodactyl|Rock Slide|p2a: Starmie|[spread] p2a,p2b\n|-damage|p2a: Starmie|64/100\n|-damage|p2b: Lycanroc|61/100\n|move|p2a: Starmie|Liquidation|p1a: Incineroar\n|-supereffective|p1a: Incineroar|1\n|-damage|p1a: Incineroar|5/100\n|-enditem|p1a: Incineroar|Sitrus Berry|[eat]\n|-heal|p1a: Incineroar|30/100|[from] item: Sitrus Berry\n|move|p1a: Incineroar|Parting Shot|p2a: Starmie\n|-unboost|p2a: Starmie|atk|1\n|-unboost|p2a: Starmie|spa|1\n|\n|t:|1776117324\n|switch|p1a: Sneasler|Sneasler, L50, F|100/100|[from] Parting Shot\n|move|p2b: Lycanroc|Rock Slide|p1a: Sneasler|[spread] p1b\n|-miss|p2b: Lycanroc|p1a: Sneasler\n|-supereffective|p1b: Aerodactyl|1\n|-damage|p1b: Aerodactyl|0 fnt\n|faint|p1b: Aerodactyl\n|\n|upkeep\n|\n|t:|1776117331\n|switch|p1b: Incineroar|Incineroar, L50, M|30/100\n|-ability|p1b: Incineroar|Intimidate|boost\n|-unboost|p2a: Starmie|atk|1\n|-unboost|p2b: Lycanroc|atk|1\n|turn|3\n|\n|t:|1776117349\n|switch|p2b: Slowbro|Slowbro-Galar, L50, F|100/100\n|move|p1b: Incineroar|Fake Out|p2a: Starmie\n|-damage|p2a: Starmie|49/100\n|move|p1a: Sneasler|Close Combat|p2b: Slowbro\n|-resisted|p2b: Slowbro|2\n|-damage|p2b: Slowbro|86/100\n|-unboost|p1a: Sneasler|def|1\n|-unboost|p1a: Sneasler|spd|1\n|-enditem|p1a: Sneasler|White Herb\n|-clearnegativeboost|p1a: Sneasler|[silent]\n|cant|p2a: Starmie|flinch\n|\n|-heal|p2b: Slowbro|92/100|[from] item: Leftovers\n|upkeep\n|turn|4\n|\n|t:|1776117370\n|move|p2b: Slowbro|Protect|p2b: Slowbro\n|-singleturn|p2b: Slowbro|Protect\n|move|p1a: Sneasler|Dire Claw|p2a: Starmie\n|-damage|p2a: Starmie|0 fnt\n|faint|p2a: Starmie\n|move|p1b: Incineroar|Throat Chop|p2b: Slowbro\n|-activate|p2b: Slowbro|move: Protect\n|\n|-heal|p2b: Slowbro|98/100|[from] item: Leftovers\n|-sideend|p1: gebershoun|move: Tailwind\n|upkeep\n|\n|t:|1776117379\n|switch|p2a: Lycanroc|Lycanroc-Dusk, L50, M|61/100\n|turn|5\n|\n|t:|1776117390\n|move|p2a: Lycanroc|Accelerock|p1b: Incineroar\n|-supereffective|p1b: Incineroar|1\n|-damage|p1b: Incineroar|0 fnt\n|faint|p1b: Incineroar\n|move|p1a: Sneasler|Close Combat|p2a: Lycanroc\n|-supereffective|p2a: Lycanroc|1\n|-damage|p2a: Lycanroc|0 fnt\n|-unboost|p1a: Sneasler|def|1\n|-unboost|p1a: Sneasler|spd|1\n|faint|p2a: Lycanroc\n|move|p2b: Slowbro|Psychic|p1a: Sneasler\n|-supereffective|p1a: Sneasler|2\n|-damage|p1a: Sneasler|0 fnt\n|faint|p1a: Sneasler\n|\n|-heal|p2b: Slowbro|100/100|[from] item: Leftovers\n|upkeep\n|\n|t:|1776117396\n|switch|p1b: Floette|Floette-Eternal, L50, F|100/100\n|turn|6\n|-activate|p2b: Slowbro|ability: Quick Draw\n|\n|t:|1776117403\n|detailschange|p1b: Floette|Floette-Mega, L50, F\n|-mega|p1b: Floette|Floette|Floettite\n|-ability|p1b: Floette|Fairy Aura\n|move|p1b: Floette|Protect|p1b: Floette\n|-singleturn|p1b: Floette|Protect\n|move|p2b: Slowbro|Shell Side Arm|p1b: Floette|[anim] Shell Side Arm Physical\n|-activate|p1b: Floette|move: Protect\n|\n|upkeep\n|turn|7\n|inactive|Battle timer is ON: inactive players will automatically lose when time's up. (requested by DavidTIS)\n|-activate|p2b: Slowbro|ability: Quick Draw\n|\n|t:|1776117420\n|move|p2b: Slowbro|Shell Side Arm|p1b: Floette|[anim] Shell Side Arm Physical\n|-supereffective|p1b: Floette|1\n|-damage|p1b: Floette|10/100\n|-hint|Physical Shell Side Arm\n|-status|p1b: Floette|psn\n|move|p1b: Floette|Moonblast|p2b: Slowbro\n|-resisted|p2b: Slowbro|1\n|-damage|p2b: Slowbro|57/100\n|\n|-heal|p2b: Slowbro|63/100|[from] item: Leftovers\n|-damage|p1b: Floette|0 fnt|[from] psn\n|faint|p1b: Floette\n|\n|win|DavidTIS\n|raw|gebershoun's rating: 1073 &rarr; <strong>1052</strong><br />(-21 for losing)\n|raw|DavidTIS's rating: 1071 &rarr; <strong>1101</strong><br />(+30 for winning)\n",
  "uploadtime": 1776117430,
  "views": 40,
  "formatid": "gen9championsvgc2026regma",
  "rating": 1052,
  "private": 0,
  "password": null
}