{
  "id": "gen9championsvgc2026regma-2583998283",
  "format": "[Gen 9 Champions] VGC 2026 Reg M-A",
  "players": [
    "56yrhjh564wtbrehat",
    "astiran"
  ],
  "log": "|j|\u260656yrhjh564wtbrehat\n|j|\u2606astiran\n|t:|1776215397\n|gametype|doubles\n|player|p1|56yrhjh564wtbrehat|266|1100\n|player|p2|astiran|170|1000\n|gen|9\n|tier|[Gen 9 Champions] VGC 2026 Reg M-A\n|rated|\n|rule|Species Clause: Limit one of each Pok\u00e9mon\n|rule|Item Clause: Limit 1 of each item\n|clearpoke\n|poke|p1|Victreebel, L50, F|\n|poke|p1|Incineroar, L50, F|\n|poke|p1|Palafin, L50, M|\n|poke|p1|Sableye, L50, F|\n|poke|p1|Sylveon, L50, M|\n|poke|p1|Charizard, L50, F|\n|poke|p2|Floette-Eternal, L50, F|\n|poke|p2|Tyranitar, L50, M|\n|poke|p2|Incineroar, L50, M|\n|poke|p2|Sinistcha, L50|\n|poke|p2|Rotom-Wash, L50|\n|poke|p2|Mimikyu, L50, F|\n|teampreview|4\n|inactive|Battle timer is ON: inactive players will automatically lose when time's up. (requested by 56yrhjh564wtbrehat)\n|\n|t:|1776215416\n|teamsize|p1|4\n|teamsize|p2|4\n|start\n|switch|p1a: Victreebel|Victreebel, L50, F|100/100\n|switch|p1b: Sableye|Sableye, L50, F|100/100\n|switch|p2a: Floette|Floette-Eternal, L50, F|100/100\n|switch|p2b: Incineroar|Incineroar, L50, M|100/100\n|-ability|p2b: Incineroar|Intimidate|boost\n|-unboost|p1a: Victreebel|atk|1\n|-unboost|p1b: Sableye|atk|1\n|turn|1\n|inactive|56yrhjh564wtbrehat has 30 seconds left.\n|\n|t:|1776215442\n|detailschange|p2a: Floette|Floette-Mega, L50, F\n|-mega|p2a: Floette|Floette|Floettite\n|-ability|p2a: Floette|Fairy Aura\n|detailschange|p1a: Victreebel|Victreebel-Mega, L50, F\n|-mega|p1a: Victreebel|Victreebel|Victreebelite\n|move|p2b: Incineroar|Fake Out|p1a: Victreebel\n|-damage|p1a: Victreebel|88/100\n|move|p1b: Sableye|Fake Out|p2a: Floette\n|-damage|p2a: Floette|94/100\n|cant|p2a: Floette|flinch\n|cant|p1a: Victreebel|flinch\n|\n|upkeep\n|turn|2\n|inactive|56yrhjh564wtbrehat has 30 seconds left.\n|\n|t:|1776215468\n|move|p1b: Sableye|Rain Dance|p1b: Sableye\n|-weather|RainDance\n|move|p2a: Floette|Calm Mind|p2a: Floette\n|-boost|p2a: Floette|spa|1\n|-boost|p2a: Floette|spd|1\n|move|p1a: Victreebel|Sludge Bomb|p2a: Floette\n|-supereffective|p2a: Floette|1\n|-damage|p2a: Floette|57/100\n|move|p2b: Incineroar|Flare Blitz|p1a: Victreebel\n|-supereffective|p1a: Victreebel|1\n|-damage|p1a: Victreebel|43/100\n|-damage|p2b: Incineroar|87/100|[from] Recoil\n|\n|-weather|RainDance|[upkeep]\n|upkeep\n|turn|3\n|inactive|56yrhjh564wtbrehat has 30 seconds left.\n|\n|t:|1776215494\n|switch|p1b: Palafin|Palafin, L50, M|100/100\n|move|p2a: Floette|Dazzling Gleam|p1b: Palafin|[spread] p1a,p1b\n|-resisted|p1a: Victreebel|1\n|-damage|p1a: Victreebel|14/100\n|-damage|p1b: Palafin|0 fnt\n|faint|p1b: Palafin\n|move|p1a: Victreebel|Sludge Bomb|p2a: Floette\n|-supereffective|p2a: Floette|1\n|-damage|p2a: Floette|13/100\n|move|p2b: Incineroar|Darkest Lariat|p1a: Victreebel\n|-damage|p1a: Victreebel|0 fnt\n|-damage|p2b: Incineroar|74/100|[from] ability: Innards Out|[of] p1a: Victreebel\n|faint|p1a: Victreebel\n|\n|-weather|RainDance|[upkeep]\n|upkeep\n|\n|t:|1776215508\n|switch|p1b: Sylveon|Sylveon, L50, M|100/100\n|switch|p1a: Sableye|Sableye, L50, F|100/100\n|turn|4\n|\n|t:|1776215521\n|move|p1a: Sableye|Fake Out|p2a: Floette\n|-damage|p2a: Floette|3/100\n|cant|p2a: Floette|flinch\n|move|p2b: Incineroar|Darkest Lariat|p1a: Sableye\n|-damage|p1a: Sableye|52/100\n|move|p1b: Sylveon|Hyper Voice|p2b: Incineroar|[spread] p2a,p2b\n|-damage|p2a: Floette|0 fnt\n|-damage|p2b: Incineroar|14/100\n|faint|p2a: Floette\n|\n|-weather|RainDance|[upkeep]\n|upkeep\n|\n|t:|1776215531\n|switch|p2a: Tyranitar|Tyranitar, L50, M|100/100\n|-weather|Sandstorm|[from] ability: Sand Stream|[of] p2a: Tyranitar\n|turn|5\n|\n|t:|1776215543\n|move|p1a: Sableye|Rain Dance|p1a: Sableye\n|-weather|RainDance\n|move|p2a: Tyranitar|Rock Slide|p1a: Sableye|[spread] p1b\n|-miss|p2a: Tyranitar|p1a: Sableye\n|-crit|p1b: Sylveon\n|-damage|p1b: Sylveon|52/100\n|move|p2b: Incineroar|Flare Blitz|p1a: Sableye\n|-damage|p1a: Sableye|22/100\n|-damage|p2b: Incineroar|8/100|[from] Recoil\n|move|p1b: Sylveon|Hyper Voice|p2b: Incineroar|[spread] p2a,p2b\n|-supereffective|p2a: Tyranitar|1\n|-damage|p2a: Tyranitar|6/100\n|-damage|p2b: Incineroar|0 fnt\n|faint|p2b: Incineroar\n|\n|-weather|RainDance|[upkeep]\n|upkeep\n|\n|t:|1776215545\n|switch|p2b: Sinistcha|Sinistcha, L50|100/100\n|-heal|p2a: Tyranitar|30/100|[from] ability: Hospitality|[of] p2b: Sinistcha\n|turn|6\n|\n|t:|1776215567\n|move|p2a: Tyranitar|Protect|p2a: Tyranitar\n|-singleturn|p2a: Tyranitar|Protect\n|move|p1a: Sableye|Quash|p2b: Sinistcha\n|-activate|p2b: Sinistcha|move: Quash\n|move|p1b: Sylveon|Hyper Voice|p2a: Tyranitar|[spread] p2b\n|-activate|p2a: Tyranitar|move: Protect\n|-damage|p2b: Sinistcha|58/100\n|move|p2b: Sinistcha|Trick Room|p2b: Sinistcha\n|-fieldstart|move: Trick Room|[of] p2b: Sinistcha\n|\n|-weather|RainDance|[upkeep]\n|upkeep\n|turn|7\n|\n|t:|1776215583\n|move|p1a: Sableye|Encore|p2b: Sinistcha\n|-start|p2b: Sinistcha|Encore\n|move|p1b: Sylveon|Hyper Voice|p2b: Sinistcha|[spread] p2a,p2b\n|-supereffective|p2a: Tyranitar|1\n|-crit|p2b: Sinistcha\n|-damage|p2a: Tyranitar|0 fnt\n|-damage|p2b: Sinistcha|0 fnt\n|faint|p2a: Tyranitar\n|faint|p2b: Sinistcha\n|\n|win|56yrhjh564wtbrehat\n|raw|56yrhjh564wtbrehat's rating: 1100 &rarr; <strong>1118</strong><br />(+18 for winning)\n|raw|astiran's rating: 1000 &rarr; <strong>1000</strong><br />(+0 for losing)\n|l|\u2606astiran\n|player|p2|\n",
  "uploadtime": 1776215604,
  "views": 17,
  "formatid": "gen9championsvgc2026regma",
  "rating": 1000,
  "private": 0,
  "password": null
}