{
  "id": "gen9championsvgc2026regma-2583956994",
  "format": "[Gen 9 Champions] VGC 2026 Reg M-A",
  "players": [
    "Zarato",
    "SETX Sneaslers"
  ],
  "log": "|j|\u2606Zarato\n|j|\u2606SETX Sneaslers\n|t:|1776211681\n|gametype|doubles\n|player|p1|Zarato|n|1150\n|player|p2|SETX Sneaslers|drayden|1089\n|gen|9\n|tier|[Gen 9 Champions] VGC 2026 Reg M-A\n|rated|\n|rule|Species Clause: Limit one of each Pok\u00e9mon\n|rule|Item Clause: Limit 1 of each item\n|clearpoke\n|poke|p1|Weavile, L50, F|\n|poke|p1|Glaceon, L50, M|\n|poke|p1|Froslass, L50, F|\n|poke|p1|Incineroar, L50, M|\n|poke|p1|Sinistcha, L50|\n|poke|p1|Sneasler, L50, F|\n|poke|p2|Aerodactyl, L50, M|\n|poke|p2|Floette-Eternal, L50, F|\n|poke|p2|Garchomp, L50, F|\n|poke|p2|Delphox, L50, F|\n|poke|p2|Farigiraf, L50, F|\n|poke|p2|Goodra-Hisui, L50, F|\n|teampreview|4\n|inactive|Battle timer is ON: inactive players will automatically lose when time's up. (requested by SETX Sneaslers)\n|inactive|Zarato also wants the timer to be on.\nZarato has agreed to open team sheets.\n|\n|t:|1776211706\n|teamsize|p1|4\n|teamsize|p2|4\n|start\n|switch|p1a: Incineroar|Incineroar, L50, M|100/100\n|switch|p1b: Sneasler|Sneasler, L50, F|100/100\n|switch|p2a: Aerodactyl|Aerodactyl, L50, M, shiny|100/100\n|switch|p2b: Floette|Floette-Eternal, L50, F|100/100\n|-ability|p2a: Aerodactyl|Unnerve\n|-ability|p1a: Incineroar|Intimidate|boost\n|-unboost|p2a: Aerodactyl|atk|1\n|-unboost|p2b: Floette|atk|1\n|turn|1\n|\n|t:|1776211721\n|switch|p2b: Farigiraf|Farigiraf, L50, F|100/100\n|move|p1a: Incineroar|Fake Out||[still]\n|cant|p2b: Farigiraf|ability: Armor Tail|Fake Out|[of] p1a: Incineroar\n|move|p2a: Aerodactyl|Dual Wingbeat|p1b: Sneasler\n|-supereffective|p1b: Sneasler|1\n|-damage|p1b: Sneasler|61/100\n|-supereffective|p1b: Sneasler|1\n|-damage|p1b: Sneasler|19/100\n|-hitcount|p1b: Sneasler|2\n|move|p1b: Sneasler|Close Combat|p2a: Aerodactyl\n|-enditem|p2a: Aerodactyl|Focus Sash\n|-damage|p2a: Aerodactyl|1/100\n|-unboost|p1b: Sneasler|def|1\n|-unboost|p1b: Sneasler|spd|1\n|-enditem|p1b: Sneasler|White Herb\n|-clearnegativeboost|p1b: Sneasler|[silent]\n|\n|upkeep\n|turn|2\n|\n|t:|1776211746\n|move|p1b: Sneasler|Dire Claw|p2b: Farigiraf\n|-damage|p2b: Farigiraf|66/100\n|-status|p2b: Farigiraf|psn\n|move|p2a: Aerodactyl|Tailwind|p2a: Aerodactyl\n|-sidestart|p2: SETX Sneaslers|move: Tailwind\n|move|p2b: Farigiraf|Hyper Voice|p1b: Sneasler|[spread] p1a,p1b\n|-damage|p1a: Incineroar|72/100\n|-damage|p1b: Sneasler|0 fnt\n|faint|p1b: Sneasler\n|move|p1a: Incineroar|Throat Chop|p2a: Aerodactyl\n|-damage|p2a: Aerodactyl|0 fnt\n|faint|p2a: Aerodactyl\n|\n|-damage|p2b: Farigiraf|53/100 psn|[from] psn\n|upkeep\n|inactive|Zarato has 30 seconds left.\n|\n|t:|1776211772\n|switch|p2a: Floette|Floette-Eternal, L50, F|100/100\n|switch|p1b: Sinistcha|Sinistcha, L50|100/100\n|turn|3\n|\n|t:|1776211784\n|detailschange|p2a: Floette|Floette-Mega, L50, F\n|-mega|p2a: Floette|Floette|Floettite\n|-ability|p2a: Floette|Fairy Aura\n|move|p2a: Floette|Calm Mind|p2a: Floette\n|-boost|p2a: Floette|spa|1\n|-boost|p2a: Floette|spd|1\n|move|p2b: Farigiraf|Psychic Noise|p1b: Sinistcha\n|-damage|p1b: Sinistcha|71/100\n|-start|p1b: Sinistcha|move: Heal Block\n|move|p1a: Incineroar|Flare Blitz|p2a: Floette\n|-damage|p2a: Floette|35/100\n|-damage|p1a: Incineroar|55/100|[from] Recoil\n|move|p1b: Sinistcha|Shadow Ball|p2a: Floette\n|-damage|p2a: Floette|15/100\n|\n|-damage|p2b: Farigiraf|41/100 psn|[from] psn\n|upkeep\n|-enditem|p2b: Farigiraf|Sitrus Berry|[eat]\n|-heal|p2b: Farigiraf|66/100 psn|[from] item: Sitrus Berry\n|turn|4\n|inactive|Zarato has 30 seconds left.\n|inactive|Zarato has 20 seconds left.\n|\n|t:|1776211824\n|move|p2a: Floette|Moonblast|p1a: Incineroar\n|-damage|p1a: Incineroar|0 fnt\n|faint|p1a: Incineroar\n|move|p2b: Farigiraf|Hyper Voice|p1b: Sinistcha\n|-immune|p1b: Sinistcha\n|move|p1b: Sinistcha|Shadow Ball|p2a: Floette\n|-damage|p2a: Floette|0 fnt\n|faint|p2a: Floette\n|\n|-damage|p2b: Farigiraf|53/100 psn|[from] psn\n|-end|p1b: Sinistcha|move: Heal Block\n|upkeep\n|\n|t:|1776211836\n|switch|p2a: Goodra|Goodra-Hisui, L50, F|100/100\n|switch|p1a: Froslass|Froslass, L50, F|100/100\n|turn|5\n|\n|t:|1776211848\n|detailschange|p1a: Froslass|Froslass-Mega, L50, F\n|-mega|p1a: Froslass|Froslass|Froslassite\n|-weather|Snowscape|[from] ability: Snow Warning|[of] p1a: Froslass\n|move|p1a: Froslass|Blizzard|p2a: Goodra|[spread] p2a,p2b\n|-damage|p2a: Goodra|72/100\n|-damage|p2b: Farigiraf|14/100 psn\n|move|p2b: Farigiraf|Psychic Noise|p1b: Sinistcha\n|-damage|p1b: Sinistcha|43/100\n|-start|p1b: Sinistcha|move: Heal Block\n|move|p2a: Goodra|Muddy Water|p1a: Froslass|[spread] p1a,p1b\n|-resisted|p1b: Sinistcha|1\n|-damage|p1a: Froslass|81/100\n|-damage|p1b: Sinistcha|35/100\n|-unboost|p1b: Sinistcha|accuracy|1\n|cant|p1b: Sinistcha|move: Heal Block|Matcha Gotcha\n|\n|-weather|Snowscape|[upkeep]\n|-heal|p2a: Goodra|78/100|[from] item: Leftovers\n|-damage|p2b: Farigiraf|1/100 psn|[from] psn\n|-sideend|p2: SETX Sneaslers|move: Tailwind\n|upkeep\n|turn|6\n|\n|t:|1776211869\n|move|p1a: Froslass|Blizzard|p2a: Goodra|[spread] p2a,p2b\n|-damage|p2a: Goodra|48/100\n|-damage|p2b: Farigiraf|0 fnt\n|faint|p2b: Farigiraf\n|move|p1b: Sinistcha|Shadow Ball|p2a: Goodra\n|-crit|p2a: Goodra\n|-damage|p2a: Goodra|15/100\n|move|p2a: Goodra|Muddy Water|p1a: Froslass|[spread] p1b\n|-miss|p2a: Goodra|p1a: Froslass\n|-resisted|p1b: Sinistcha|1\n|-crit|p1b: Sinistcha\n|-damage|p1b: Sinistcha|23/100\n|-unboost|p1b: Sinistcha|accuracy|1\n|\n|-weather|Snowscape|[upkeep]\n|-heal|p2a: Goodra|21/100|[from] item: Leftovers\n|-end|p1b: Sinistcha|move: Heal Block\n|upkeep\n|turn|7\n|\n|t:|1776211888\n|move|p1a: Froslass|Blizzard|p2a: Goodra\n|-damage|p2a: Goodra|0 fnt\n|faint|p2a: Goodra\n|\n|win|Zarato\n|raw|Zarato's rating: 1150 &rarr; <strong>1171</strong><br />(+21 for winning)\n|raw|SETX Sneaslers's rating: 1089 &rarr; <strong>1070</strong><br />(-19 for losing)\n|l|\u2606SETX Sneaslers\n|player|p2|\n",
  "uploadtime": 1776211919,
  "views": 17,
  "formatid": "gen9championsvgc2026regma",
  "rating": 1070,
  "private": 0,
  "password": null
}