{
  "id": "gen9championsvgc2026regma-2586479157",
  "format": "[Gen 9 Champions] VGC 2026 Reg M-A",
  "players": [
    "fumbari 24",
    "ScooteezyVGC"
  ],
  "log": "|j|\u2606fumbari 24\n|j|\u2606ScooteezyVGC\n|t:|1776437497\n|gametype|doubles\n|player|p1|fumbari 24|ghetsis|1234\n|player|p2|ScooteezyVGC|red|1304\n|gen|9\n|tier|[Gen 9 Champions] VGC 2026 Reg M-A\n|rated|\n|rule|Species Clause: Limit one of each Pok\u00e9mon\n|rule|Item Clause: Limit 1 of each item\n|clearpoke\n|poke|p1|Blastoise, L50, M|\n|poke|p1|Pelipper, L50, M|\n|poke|p1|Raichu, L50, M|\n|poke|p1|Sinistcha, L50|\n|poke|p1|Archaludon, L50, M|\n|poke|p1|Lycanroc-Dusk, L50, M|\n|poke|p2|Simipour, L50, M|\n|poke|p2|Floette-Eternal, L50, F|\n|poke|p2|Garchomp, L50, F|\n|poke|p2|Aerodactyl, L50, M|\n|poke|p2|Rotom-Heat, L50|\n|poke|p2|Archaludon, L50, M|\n|teampreview|4\n|inactive|Battle timer is ON: inactive players will automatically lose when time's up. (requested by fumbari 24)\n|\n|t:|1776437542\n|teamsize|p1|4\n|teamsize|p2|4\n|start\n|switch|p1a: Pippins|Raichu, L50, M|100/100\n|switch|p1b: Harbor|Blastoise, L50, M|100/100\n|switch|p2a: Simipour|Simipour, L50, M|100/100\n|switch|p2b: Aerodactyl|Aerodactyl, L50, M|100/100\n|turn|1\n|\n|t:|1776437562\n|switch|p2b: Garchomp|Garchomp, L50, F|100/100\n|detailschange|p1b: Harbor|Blastoise-Mega, L50, M\n|-mega|p1b: Harbor|Blastoise|Blastoisinite\n|move|p1a: Pippins|Fake Out|p2b: Garchomp\n|-damage|p2b: Garchomp|93/100\n|-damage|p1a: Pippins|88/100|[from] ability: Rough Skin|[of] p2b: Garchomp\n|move|p2a: Simipour|Fake Out|p1b: Harbor\n|-damage|p1b: Harbor|93/100\n|cant|p1b: Harbor|flinch\n|\n|upkeep\n|turn|2\n|\n|t:|1776437583\n|switch|p1a: MineMine|Pelipper, L50, M|100/100\n|-weather|RainDance|[from] ability: Drizzle|[of] p1a: MineMine\n|switch|p2a: Aerodactyl|Aerodactyl, L50, M|100/100\n|move|p2b: Garchomp|Earthquake|p1a: MineMine|[spread] p1b\n|-immune|p2a: Aerodactyl\n|-immune|p1a: MineMine\n|-damage|p1b: Harbor|52/100\n|move|p1b: Harbor|Shell Smash|p1b: Harbor\n|-unboost|p1b: Harbor|def|1\n|-unboost|p1b: Harbor|spd|1\n|-boost|p1b: Harbor|atk|2\n|-boost|p1b: Harbor|spa|2\n|-boost|p1b: Harbor|spe|2\n|\n|-weather|RainDance|[upkeep]\n|upkeep\n|turn|3\n|inactive|ScooteezyVGC has 30 seconds left.\n|\n|t:|1776437615\n|move|p1b: Harbor|Protect|p1b: Harbor\n|-singleturn|p1b: Harbor|Protect\n|move|p2a: Aerodactyl|Tailwind|p2a: Aerodactyl\n|-sidestart|p2: ScooteezyVGC|move: Tailwind\n|move|p2b: Garchomp|Stomping Tantrum|p1b: Harbor\n|-activate|p1b: Harbor|move: Protect\n|move|p1a: MineMine|Tailwind|p1a: MineMine\n|-sidestart|p1: fumbari 24|move: Tailwind\n|\n|-weather|RainDance|[upkeep]\n|upkeep\n|turn|4\n|\n|t:|1776437633\n|switch|p1a: Ivy|Sinistcha, L50|100/100\n|-heal|p1b: Harbor|77/100|[from] ability: Hospitality|[of] p1a: Ivy\n|move|p2b: Garchomp|Protect|p2b: Garchomp\n|-singleturn|p2b: Garchomp|Protect\n|move|p1b: Harbor|Water Spout|p2a: Aerodactyl|[spread] p2a\n|-activate|p2b: Garchomp|move: Protect\n|-supereffective|p2a: Aerodactyl|1\n|-damage|p2a: Aerodactyl|0 fnt\n|faint|p2a: Aerodactyl\n|\n|-weather|RainDance|[upkeep]\n|upkeep\n|\n|t:|1776437642\n|switch|p2a: Simipour|Simipour, L50, M|100/100\n|turn|5\n|\n|t:|1776437654\n|move|p1b: Harbor|Protect|p1b: Harbor\n|-singleturn|p1b: Harbor|Protect\n|move|p2a: Simipour|Fake Out|p1b: Harbor\n|-activate|p1b: Harbor|move: Protect\n|move|p2b: Garchomp|Stomping Tantrum|p1b: Harbor\n|-activate|p1b: Harbor|move: Protect\n|move|p1a: Ivy|Life Dew||[still]|[spread] p1a,p1b\n|-fail|p1a: Ivy|heal\n|-heal|p1b: Harbor|100/100\n|\n|-weather|RainDance|[upkeep]\n|upkeep\n|turn|6\n|\n|t:|1776437668\n|move|p2b: Garchomp|Protect|p2b: Garchomp\n|-singleturn|p2b: Garchomp|Protect\n|move|p1a: Ivy|Rage Powder|p1a: Ivy\n|-singleturn|p1a: Ivy|move: Rage Powder\n|move|p1b: Harbor|Water Spout|p2a: Simipour|[spread] p2a\n|-activate|p2b: Garchomp|move: Protect\n|-resisted|p2a: Simipour|1\n|-enditem|p2a: Simipour|Focus Sash\n|-damage|p2a: Simipour|1/100\n|move|p2a: Simipour|Ice Beam|p1a: Ivy\n|-supereffective|p1a: Ivy|1\n|-damage|p1a: Ivy|49/100\n|-enditem|p1a: Ivy|Sitrus Berry|[eat]\n|-heal|p1a: Ivy|73/100|[from] item: Sitrus Berry\n|\n|-weather|none\n|-sideend|p2: ScooteezyVGC|move: Tailwind\n|-sideend|p1: fumbari 24|move: Tailwind\n|upkeep\n|turn|7\n|\n|t:|1776437691\n|switch|p1a: MineMine|Pelipper, L50, M|100/100\n|-weather|RainDance|[from] ability: Drizzle|[of] p1a: MineMine\n|move|p1b: Harbor|Water Spout|p2b: Garchomp|[spread] p2a,p2b\n|-resisted|p2a: Simipour|1\n|-damage|p2a: Simipour|0 fnt\n|-damage|p2b: Garchomp|0 fnt\n|faint|p2a: Simipour\n|faint|p2b: Garchomp\n|\n|-weather|RainDance|[upkeep]\n|upkeep\n|-message|ScooteezyVGC forfeited.\n|\n|win|fumbari 24\n|raw|fumbari 24's rating: 1234 &rarr; <strong>1264</strong><br />(+30 for winning)\n|raw|ScooteezyVGC's rating: 1304 &rarr; <strong>1280</strong><br />(-24 for losing)\n|l|\u2606ScooteezyVGC\n|player|p2|\n",
  "uploadtime": 1776437704,
  "views": 59,
  "formatid": "gen9championsvgc2026regma",
  "rating": 1264,
  "private": 0,
  "password": null
}