{
  "id": "gen9championsvgc2026regma-2581469269",
  "format": "[Gen 9 Champions] VGC 2026 Reg M-A",
  "players": [
    "rajyesh1",
    "Et3n"
  ],
  "log": "|j|\u2606rajyesh1\n|j|\u2606Et3n\n|t:|1776003403\n|gametype|doubles\n|player|p1|rajyesh1|lucas|1080\n|player|p2|Et3n|265|1000\n|gen|9\n|tier|[Gen 9 Champions] VGC 2026 Reg M-A\n|rated|\n|rule|Species Clause: Limit one of each Pok\u00e9mon\n|rule|Item Clause: Limit 1 of each item\n|clearpoke\n|poke|p1|Charizard, L50, M|\n|poke|p1|Venusaur, L50, F|\n|poke|p1|Garchomp, L50, F|\n|poke|p1|Rotom-Wash, L50|\n|poke|p1|Sneasler, L50, F|\n|poke|p1|Incineroar, L50, F|\n|poke|p2|Froslass, L50, F|\n|poke|p2|Incineroar, L50, F|\n|poke|p2|Maushold-Four, L50|\n|poke|p2|Kingambit, L50, M|\n|poke|p2|Hatterene, L50, F|\n|poke|p2|Dragapult, L50, M|\n|teampreview|4\n|inactive|Battle timer is ON: inactive players will automatically lose when time's up. (requested by rajyesh1)\n|inactive|rajyesh1 has 60 seconds left.\n|inactive|Et3n has 60 seconds left.\n|inactive|rajyesh1 has 30 seconds left.\n|\n|t:|1776003467\n|teamsize|p1|4\n|teamsize|p2|4\n|start\n|switch|p1a: Charizard|Charizard, L50, M|100/100\n|switch|p1b: Venusaur|Venusaur, L50, F|100/100\n|switch|p2a: Incineroar|Incineroar, L50, F|100/100\n|switch|p2b: Hatterene|Hatterene, L50, F|100/100\n|-ability|p2a: Incineroar|Intimidate|boost\n|-unboost|p1a: Charizard|atk|1\n|-unboost|p1b: Venusaur|atk|1\n|turn|1\n|inactive|rajyesh1 has 30 seconds left.\n|\n|t:|1776003493\n|switch|p1a: Incineroar|Incineroar, L50, F|100/100\n|-ability|p1a: Incineroar|Intimidate|boost\n|-unboost|p2a: Incineroar|atk|1\n|-unboost|p2b: Hatterene|atk|1\n|move|p2a: Incineroar|Fake Out|p1a: Incineroar\n|-damage|p1a: Incineroar|92/100\n|move|p1b: Venusaur|Sludge Bomb|p2b: Hatterene\n|-supereffective|p2b: Hatterene|1\n|-damage|p2b: Hatterene|5/100\n|move|p2b: Hatterene|Trick Room|p2b: Hatterene\n|-fieldstart|move: Trick Room|[of] p2b: Hatterene\n|\n|-heal|p2b: Hatterene|11/100|[from] item: Leftovers\n|upkeep\n|turn|2\n|inactive|rajyesh1 has 30 seconds left.\n|\n|t:|1776003518\n|move|p2b: Hatterene|Protect|p2b: Hatterene\n|-singleturn|p2b: Hatterene|Protect\n|move|p1b: Venusaur|Protect|p1b: Venusaur\n|-singleturn|p1b: Venusaur|Protect\n|move|p1a: Incineroar|Fake Out|p2b: Hatterene\n|-activate|p2b: Hatterene|move: Protect\n|move|p2a: Incineroar|Parting Shot|p1a: Incineroar\n|-unboost|p1a: Incineroar|atk|1\n|-unboost|p1a: Incineroar|spa|1\n|\n|t:|1776003530\n|switch|p2a: Maushold|Maushold-Four, L50|100/100|[from] Parting Shot\n|\n|-heal|p2b: Hatterene|18/100|[from] item: Leftovers\n|upkeep\n|turn|3\n|inactive|rajyesh1 has 30 seconds left.\n|\n|t:|1776003564\n|move|p2a: Maushold|Follow Me|p2a: Maushold\n|-singleturn|p2a: Maushold|move: Follow Me\n|move|p2b: Hatterene|Psychic|p1b: Venusaur\n|-supereffective|p1b: Venusaur|1\n|-enditem|p1b: Venusaur|Focus Sash\n|-damage|p1b: Venusaur|1/100\n|move|p1a: Incineroar|Parting Shot|p2a: Maushold\n|-unboost|p2a: Maushold|atk|1\n|-unboost|p2a: Maushold|spa|1\n|\n|t:|1776003578\n|switch|p1a: Charizard|Charizard, L50, M|100/100|[from] Parting Shot\n|move|p1b: Venusaur|Sleep Powder|p2a: Maushold\n|-status|p2a: Maushold|slp|[from] move: Sleep Powder\n|\n|-heal|p2b: Hatterene|24/100|[from] item: Leftovers\n|upkeep\n|turn|4\n|inactive|rajyesh1 has 30 seconds left.\n|inactive|Et3n has 30 seconds left.\n|\n|t:|1776003609\n|switch|p1b: Incineroar|Incineroar, L50, F|92/100\n|-ability|p1b: Incineroar|Intimidate|boost\n|-unboost|p2a: Maushold|atk|1\n|-unboost|p2b: Hatterene|atk|1\n|move|p2b: Hatterene|Protect|p2b: Hatterene\n|-singleturn|p2b: Hatterene|Protect\n|move|p1a: Charizard|Heat Wave|p2b: Hatterene|[spread] p2a\n|-activate|p2b: Hatterene|move: Protect\n|-damage|p2a: Maushold|57/100 slp\n|cant|p2a: Maushold|slp\n|\n|-heal|p2b: Hatterene|30/100|[from] item: Leftovers\n|upkeep\n|turn|5\n|inactive|rajyesh1 has 30 seconds left.\n|inactive|Et3n has 30 seconds left.\n|\n|t:|1776003640\n|switch|p2b: Incineroar|Incineroar, L50, F|100/100\n|-ability|p2b: Incineroar|Intimidate|boost\n|-unboost|p1a: Charizard|atk|1\n|-unboost|p1b: Incineroar|atk|1\n|detailschange|p1a: Charizard|Charizard-Mega-Y, L50, M\n|-mega|p1a: Charizard|Charizard|Charizardite Y\n|-weather|SunnyDay|[from] ability: Drought|[of] p1a: Charizard\n|move|p1b: Incineroar|Fake Out|p2b: Incineroar\n|-damage|p2b: Incineroar|94/100\n|move|p1a: Charizard|Heat Wave|p2b: Incineroar|[spread] p2a\n|-miss|p1a: Charizard|p2b: Incineroar\n|-damage|p2a: Maushold|0 fnt\n|faint|p2a: Maushold\n|\n|-weather|SunnyDay|[upkeep]\n|-fieldend|move: Trick Room\n|upkeep\n|\n|t:|1776003660\n|switch|p2a: Froslass|Froslass, L50, F|100/100\n|turn|6\n|\n|t:|1776003685\n|switch|p1a: Sneasler|Sneasler, L50, F|100/100\n|detailschange|p2a: Froslass|Froslass-Mega, L50, F\n|-mega|p2a: Froslass|Froslass|Froslassite\n|-weather|Snowscape|[from] ability: Snow Warning|[of] p2a: Froslass\n|move|p2b: Incineroar|Fake Out|p1b: Incineroar\n|-damage|p1b: Incineroar|80/100\n|move|p2a: Froslass|Blizzard|p1b: Incineroar|[spread] p1a,p1b\n|-resisted|p1b: Incineroar|1\n|-damage|p1a: Sneasler|37/100\n|-damage|p1b: Incineroar|59/100\n|cant|p1b: Incineroar|flinch\n|\n|-weather|Snowscape|[upkeep]\n|upkeep\n|turn|7\n|inactive|rajyesh1 has 30 seconds left.\n|inactive|Et3n has 30 seconds left.\n|\n|t:|1776003716\n|switch|p1b: Charizard|Charizard-Mega-Y, L50, M|100/100\n|-weather|SunnyDay|[from] ability: Drought|[of] p1b: Charizard\n|move|p2a: Froslass|Blizzard|p1b: Charizard|[spread] \n|-miss|p2a: Froslass|p1a: Sneasler\n|-miss|p2a: Froslass|p1b: Charizard\n|move|p1a: Sneasler|Rock Tomb|p2a: Froslass\n|-supereffective|p2a: Froslass|1\n|-damage|p2a: Froslass|30/100\n|-unboost|p2a: Froslass|spe|1\n|move|p2b: Incineroar|Throat Chop|p1b: Charizard\n|-damage|p1b: Charizard|48/100\n|-start|p1b: Charizard|Throat Chop|[silent]\n|\n|-weather|SunnyDay|[upkeep]\n|upkeep\n|turn|8\n|inactive|rajyesh1 has 30 seconds left.\n|\n|t:|1776003746\n|switch|p2a: Hatterene|Hatterene, L50, F|30/100\n|move|p1a: Sneasler|Close Combat|p2b: Incineroar\n|-supereffective|p2b: Incineroar|1\n|-damage|p2b: Incineroar|0 fnt\n|-unboost|p1a: Sneasler|def|1\n|-unboost|p1a: Sneasler|spd|1\n|faint|p2b: Incineroar\n|-enditem|p1a: Sneasler|White Herb\n|-clearnegativeboost|p1a: Sneasler|[silent]\n|move|p1b: Charizard|Weather Ball|p2a: Hatterene\n|-damage|p2a: Hatterene|0 fnt\n|faint|p2a: Hatterene\n|\n|-weather|SunnyDay|[upkeep]\n|-end|p1b: Charizard|Throat Chop|[silent]\n|upkeep\n|\n|t:|1776003761\n|switch|p2b: Froslass|Froslass-Mega, L50, F|30/100\n|-weather|Snowscape|[from] ability: Snow Warning|[of] p2b: Froslass\n|turn|9\n|\n|t:|1776003777\n|switch|p1a: Incineroar|Incineroar, L50, F|59/100\n|-ability|p1a: Incineroar|Intimidate|boost\n|-unboost|p2b: Froslass|atk|1\n|switch|p1b: Venusaur|Venusaur, L50, F|1/100\n|move|p2b: Froslass|Blizzard|p1b: Venusaur|[spread] p1a,p1b\n|-resisted|p1a: Incineroar|1\n|-supereffective|p1b: Venusaur|1\n|-damage|p1a: Incineroar|38/100\n|-damage|p1b: Venusaur|0 fnt\n|-enditem|p1a: Incineroar|Sitrus Berry|[eat]\n|-heal|p1a: Incineroar|62/100|[from] item: Sitrus Berry\n|faint|p1b: Venusaur\n|\n|-weather|Snowscape|[upkeep]\n|upkeep\n|\n|t:|1776003789\n|switch|p1b: Sneasler|Sneasler, L50, F|37/100\n|turn|10\n|-message|Et3n forfeited.\n|\n|win|rajyesh1\n|raw|rajyesh1's rating: 1080 &rarr; <strong>1102</strong><br />(+22 for winning)\n|raw|Et3n's rating: 1000 &rarr; <strong>1000</strong><br />(+0 for losing)\n|l|\u2606Et3n\n|player|p2|\n",
  "uploadtime": 1776003813,
  "views": 16,
  "formatid": "gen9championsvgc2026regma",
  "rating": 1000,
  "private": 0,
  "password": null
}