{
  "id": "gen9championsvgc2026regma-2583949414",
  "format": "[Gen 9 Champions] VGC 2026 Reg M-A",
  "players": [
    "Jerry Judewong",
    "Davis12367"
  ],
  "log": "|j|\u2606Jerry Judewong\n|j|\u2606Davis12367\n|t:|1776210980\n|gametype|doubles\n|player|p1|Jerry Judewong|hilbert|1092\n|player|p2|Davis12367|1|1011\n|gen|9\n|tier|[Gen 9 Champions] VGC 2026 Reg M-A\n|rated|\n|rule|Species Clause: Limit one of each Pok\u00e9mon\n|rule|Item Clause: Limit 1 of each item\n|clearpoke\n|poke|p1|Delphox, L50, M|\n|poke|p1|Sneasler, L50, F|\n|poke|p1|Farigiraf, L50, M|\n|poke|p1|Kingambit, L50, F|\n|poke|p1|Basculegion, L50, M|\n|poke|p1|Whimsicott, L50, F|\n|poke|p2|Scovillain, L50, M|\n|poke|p2|Tyrantrum, L50, F|\n|poke|p2|Whimsicott, L50, M|\n|poke|p2|Mimikyu, L50, F|\n|poke|p2|Incineroar, L50, F|\n|poke|p2|Manectric, L50, F|\n|teampreview|4\n|inactive|Battle timer is ON: inactive players will automatically lose when time's up. (requested by Davis12367)\n|\n|t:|1776211013\n|teamsize|p1|4\n|teamsize|p2|4\n|start\n|switch|p1a: Kingambit|Kingambit, L50, F|100/100\n|switch|p1b: Farigiraf|Farigiraf, L50, M|100/100\n|switch|p2a: Scovillain|Scovillain, L50, M|100/100\n|switch|p2b: Tyrantrum|Tyrantrum, L50, F|100/100\n|turn|1\n|inactive|Jerry Judewong has 30 seconds left.\n|\n|t:|1776211039\n|switch|p1b: Sneasler|Sneasler, L50, F|100/100\n|detailschange|p2a: Scovillain|Scovillain-Mega, L50, M\n|-mega|p2a: Scovillain|Scovillain|Scovillainite\n|move|p2a: Scovillain|Rage Powder|p2a: Scovillain\n|-singleturn|p2a: Scovillain|move: Rage Powder\n|move|p2b: Tyrantrum|Head Smash|p1b: Sneasler\n|-resisted|p1b: Sneasler|1\n|-damage|p1b: Sneasler|31/100\n|move|p1a: Kingambit|Swords Dance|p1a: Kingambit\n|-boost|p1a: Kingambit|atk|2\n|\n|upkeep\n|turn|2\n|\n|t:|1776211058\n|move|p1b: Sneasler|Fake Out|p2a: Scovillain\n|-damage|p2a: Scovillain|84/100\n|-status|p1b: Sneasler|brn|[from] ability: Spicy Spray|[of] p2a: Scovillain\n|cant|p2a: Scovillain|flinch\n|move|p2b: Tyrantrum|Close Combat|p1a: Kingambit\n|-supereffective|p1a: Kingambit|2\n|-damage|p1a: Kingambit|0 fnt\n|-unboost|p2b: Tyrantrum|def|1\n|-unboost|p2b: Tyrantrum|spd|1\n|faint|p1a: Kingambit\n|\n|-damage|p1b: Sneasler|25/100 brn|[from] brn\n|upkeep\n|\n|t:|1776211074\n|switch|p1a: Delphox|Delphox, L50, M|100/100\n|turn|3\n|\n|t:|1776211084\n|detailschange|p1a: Delphox|Delphox-Mega, L50, M\n|-mega|p1a: Delphox|Delphox|Delphoxite\n|move|p2a: Scovillain|Rage Powder|p2a: Scovillain\n|-singleturn|p2a: Scovillain|move: Rage Powder\n|move|p1a: Delphox|Heat Wave|p2a: Scovillain|[spread] p2a\n|-miss|p1a: Delphox|p2b: Tyrantrum\n|-damage|p2a: Scovillain|50/100\n|-immune|p1a: Delphox\n|move|p1b: Sneasler|Close Combat|p2a: Scovillain\n|-damage|p2a: Scovillain|16/100\n|-unboost|p1b: Sneasler|def|1\n|-unboost|p1b: Sneasler|spd|1\n|-enditem|p1b: Sneasler|White Herb\n|-clearnegativeboost|p1b: Sneasler|[silent]\n|move|p2b: Tyrantrum|Dragon Dance|p2b: Tyrantrum\n|-boost|p2b: Tyrantrum|atk|1\n|-boost|p2b: Tyrantrum|spe|1\n|\n|-damage|p1b: Sneasler|20/100 brn|[from] brn\n|upkeep\n|turn|4\n|inactive|Davis12367 has 30 seconds left.\n|\n|t:|1776211112\n|move|p1a: Delphox|Protect|p1a: Delphox\n|-singleturn|p1a: Delphox|Protect\n|move|p2a: Scovillain|Rage Powder|p2a: Scovillain\n|-singleturn|p2a: Scovillain|move: Rage Powder\n|move|p1b: Sneasler|Dire Claw|p2a: Scovillain\n|-supereffective|p2a: Scovillain|1\n|-damage|p2a: Scovillain|0 fnt\n|faint|p2a: Scovillain\n|move|p2b: Tyrantrum|Breaking Swipe|p1b: Sneasler|[spread] p1b\n|-activate|p1a: Delphox|move: Protect\n|-damage|p1b: Sneasler|0 fnt\n|faint|p1b: Sneasler\n|\n|upkeep\n|\n|t:|1776211128\n|switch|p1b: Farigiraf|Farigiraf, L50, M|100/100\n|switch|p2a: Whimsicott|Whimsicott, L50, M|100/100\n|turn|5\n|\n|t:|1776211141\n|move|p1a: Delphox|Protect|p1a: Delphox\n|-singleturn|p1a: Delphox|Protect\n|move|p2a: Whimsicott|Tailwind|p2a: Whimsicott\n|-sidestart|p2: Davis12367|move: Tailwind\n|move|p2b: Tyrantrum|Head Smash|p1b: Farigiraf\n|-damage|p1b: Farigiraf|8/100\n|-enditem|p1b: Farigiraf|Sitrus Berry|[eat]\n|-heal|p1b: Farigiraf|33/100|[from] item: Sitrus Berry\n|move|p1b: Farigiraf|Trick Room|p1b: Farigiraf\n|-fieldstart|move: Trick Room|[of] p1b: Farigiraf\n|\n|upkeep\n|turn|6\n|\n|t:|1776211166\n|move|p1b: Farigiraf|Hyper Voice|p2b: Tyrantrum|[spread] p2a,p2b\n|-resisted|p2b: Tyrantrum|1\n|-damage|p2a: Whimsicott|66/100\n|-damage|p2b: Tyrantrum|75/100\n|move|p1a: Delphox|Psychic|p2b: Tyrantrum\n|-damage|p2b: Tyrantrum|0 fnt\n|faint|p2b: Tyrantrum\n|move|p2a: Whimsicott|Moonblast|p1b: Farigiraf\n|-damage|p1b: Farigiraf|11/100\n|\n|upkeep\n|\n|t:|1776211176\n|switch|p2b: Mimikyu|Mimikyu, L50, F, shiny|100/100\n|turn|7\n|\n|t:|1776211188\n|move|p2a: Whimsicott|Protect|p2a: Whimsicott\n|-singleturn|p2a: Whimsicott|Protect\n|move|p2b: Mimikyu|Shadow Sneak||[still]\n|cant|p1b: Farigiraf|ability: Armor Tail|Shadow Sneak|[of] p2b: Mimikyu\n|move|p1b: Farigiraf|Twin Beam|p2b: Mimikyu\n|-activate|p2b: Mimikyu|ability: Disguise\n|-damage|p2b: Mimikyu|100/100\n|detailschange|p2b: Mimikyu|Mimikyu-Busted, L50, F, shiny\n|-damage|p2b: Mimikyu|88/100|[from] pokemon: Mimikyu-Busted\n|-damage|p2b: Mimikyu|67/100\n|-hitcount|p2b: Mimikyu|2\n|move|p1a: Delphox|Heat Wave|p2a: Whimsicott|[spread] p2b\n|-activate|p2a: Whimsicott|move: Protect\n|-damage|p2b: Mimikyu|10/100\n|-status|p2b: Mimikyu|brn\n|\n|-damage|p2b: Mimikyu|4/100 brn|[from] brn\n|upkeep\n|turn|8\n|-message|Davis12367 forfeited.\n|\n|win|Jerry Judewong\n|raw|Jerry Judewong's rating: 1092 &rarr; <strong>1112</strong><br />(+20 for winning)\n|raw|Davis12367's rating: 1011 &rarr; <strong>1002</strong><br />(-9 for losing)\n|l|\u2606Davis12367\n|player|p2|\n",
  "uploadtime": 1776211212,
  "views": 24,
  "formatid": "gen9championsvgc2026regma",
  "rating": 1002,
  "private": 0,
  "password": null
}