{
  "id": "gen9championsvgc2026regma-2587409220",
  "format": "[Gen 9 Champions] VGC 2026 Reg M-A",
  "players": [
    "Elite Fource",
    "Sr_Himalaia"
  ],
  "log": "|j|\u2606Elite Fource\n|j|\u2606Sr_Himalaia\n|t:|1776529408\n|gametype|doubles\n|player|p1|Elite Fource|infielder|1085\n|player|p2|Sr_Himalaia|roughneck-gen4|1011\n|gen|9\n|tier|[Gen 9 Champions] VGC 2026 Reg M-A\n|rated|\n|rule|Species Clause: Limit one of each Pok\u00e9mon\n|rule|Item Clause: Limit 1 of each item\n|clearpoke\n|poke|p1|Crabominable, L50, F, shiny|\n|poke|p1|Araquanid, L50, M, shiny|\n|poke|p1|Arcanine, L50, M|\n|poke|p1|Sinistcha, L50|\n|poke|p1|Jolteon, L50, M, shiny|\n|poke|p1|Floette-Eternal, L50, F|\n|poke|p2|Chandelure, L50, M|\n|poke|p2|Aerodactyl, L50, M|\n|poke|p2|Tauros-Paldea-Aqua, L50, M|\n|poke|p2|Corviknight, L50, M|\n|poke|p2|Kangaskhan, L50, F|\n|poke|p2|Ninetales-Alola, L50, M|\n|teampreview|4\n|inactive|Battle timer is ON: inactive players will automatically lose when time's up. (requested by Elite Fource)\n|inactive|Sr_Himalaia has 60 seconds left.\n|\n|t:|1776529455\n|teamsize|p1|4\n|teamsize|p2|4\n|start\n|switch|p1a: Ultraman|Araquanid, L50, M, shiny|100/100\n|switch|p1b: no matcha???|Sinistcha, L50|100/100\n|switch|p2a: Chandelure|Chandelure, L50, M|100/100\n|switch|p2b: Aerodactyl|Aerodactyl, L50, M|100/100\n|-ability|p2b: Aerodactyl|Unnerve\n|turn|1\n|\n|t:|1776529469\n|move|p2a: Chandelure|Protect|p2a: Chandelure\n|-singleturn|p2a: Chandelure|Protect\n|move|p2b: Aerodactyl|Tailwind|p2b: Aerodactyl\n|-sidestart|p2: Sr_Himalaia|move: Tailwind\n|move|p1a: Ultraman|Liquidation|p2a: Chandelure\n|-activate|p2a: Chandelure|move: Protect\n|move|p1b: no matcha???|Trick Room|p1b: no matcha???\n|-fieldstart|move: Trick Room|[of] p1b: no matcha???\n|\n|upkeep\n|turn|2\n|\n|t:|1776529489\n|switch|p1b: Wait for it|Arcanine, L50, M|100/100\n|-ability|p1b: Wait for it|Intimidate|boost\n|-unboost|p2a: Chandelure|atk|1\n|-unboost|p2b: Aerodactyl|atk|1\n|switch|p2a: Kangaskhan|Kangaskhan, L50, F|100/100\n|move|p2b: Aerodactyl|Protect|p2b: Aerodactyl\n|-singleturn|p2b: Aerodactyl|Protect\n|move|p1a: Ultraman|Liquidation|p2a: Kangaskhan\n|-damage|p2a: Kangaskhan|48/100\n|-unboost|p2a: Kangaskhan|def|1\n|\n|upkeep\n|turn|3\n|-activate|p1a: Ultraman|item: Quick Claw\n|\n|t:|1776529513\n|switch|p2b: Ninetales|Ninetales-Alola, L50, M|100/100\n|-weather|Snowscape|[from] ability: Snow Warning|[of] p2b: Ninetales\n|move|p2a: Kangaskhan|Fake Out|p1a: Ultraman\n|-damage|p1a: Ultraman|80/100\n|cant|p1a: Ultraman|flinch\n|move|p1b: Wait for it|Overheat|p2a: Kangaskhan\n|-crit|p2a: Kangaskhan\n|-damage|p2a: Kangaskhan|0 fnt\n|-unboost|p1b: Wait for it|spa|2\n|faint|p2a: Kangaskhan\n|-enditem|p1b: Wait for it|White Herb\n|-clearnegativeboost|p1b: Wait for it|[silent]\n|\n|-weather|Snowscape|[upkeep]\n|upkeep\n|\n|t:|1776529531\n|switch|p2a: Aerodactyl|Aerodactyl, L50, M|100/100\n|-ability|p2a: Aerodactyl|Unnerve\n|turn|4\n|\n|t:|1776529545\n|switch|p1a: Armor Abs Krabs|Crabominable, L50, F, shiny|100/100\n|move|p2b: Ninetales|Protect|p2b: Ninetales\n|-singleturn|p2b: Ninetales|Protect\n|move|p2a: Aerodactyl|Protect|p2a: Aerodactyl\n|-singleturn|p2a: Aerodactyl|Protect\n|move|p1b: Wait for it|Will-O-Wisp|p2a: Aerodactyl\n|-activate|p2a: Aerodactyl|move: Protect\n|\n|-weather|Snowscape|[upkeep]\n|-sideend|p2: Sr_Himalaia|move: Tailwind\n|upkeep\n|turn|5\n|inactive|Sr_Himalaia has 30 seconds left.\n|\n|t:|1776529579\n|switch|p1b: no matcha???|Sinistcha, L50|100/100\n|switch|p2a: Chandelure|Chandelure, L50, M|100/100\n|detailschange|p1a: Armor Abs Krabs|Crabominable-Mega, L50, F, shiny\n|-mega|p1a: Armor Abs Krabs|Crabominable|Crabominite\n|move|p1a: Armor Abs Krabs|Ice Hammer|p2a: Chandelure\n|-resisted|p2a: Chandelure|1\n|-crit|p2a: Chandelure\n|-damage|p2a: Chandelure|15/100\n|-unboost|p1a: Armor Abs Krabs|spe|1\n|move|p2b: Ninetales|Aurora Veil|p2b: Ninetales\n|-sidestart|p2: Sr_Himalaia|move: Aurora Veil\n|\n|-weather|Snowscape|[upkeep]\n|-fieldend|move: Trick Room\n|upkeep\n|turn|6\n|\n|t:|1776529603\n|switch|p1a: Ultraman|Araquanid, L50, M, shiny|80/100\n|detailschange|p2a: Chandelure|Chandelure-Mega, L50, M\n|-mega|p2a: Chandelure|Chandelure|Chandelurite\n|move|p2b: Ninetales|Blizzard|p1a: Ultraman|[spread] p1a,p1b\n|-resisted|p1a: Ultraman|1\n|-supereffective|p1b: no matcha???|1\n|-damage|p1a: Ultraman|69/100\n|-damage|p1b: no matcha???|20/100\n|move|p2a: Chandelure|Heat Wave|p1a: Ultraman|[spread] p1a,p1b\n|-supereffective|p1b: no matcha???|1\n|-damage|p1a: Ultraman|53/100\n|-damage|p1b: no matcha???|0 fnt\n|faint|p1b: no matcha???\n|\n|-weather|Snowscape|[upkeep]\n|upkeep\n|\n|t:|1776529614\n|switch|p1b: Wait for it|Arcanine, L50, M|100/100\n|-ability|p1b: Wait for it|Intimidate|boost\n|-unboost|p2a: Chandelure|atk|1\n|-unboost|p2b: Ninetales|atk|1\n|turn|7\n|\n|t:|1776529630\n|switch|p2b: Aerodactyl|Aerodactyl, L50, M|100/100\n|-ability|p2b: Aerodactyl|Unnerve\n|move|p2a: Chandelure|Shadow Ball|p1a: Ultraman\n|-damage|p1a: Ultraman|18/100\n|move|p1b: Wait for it|Overheat|p2b: Aerodactyl\n|-resisted|p2b: Aerodactyl|1\n|-damage|p2b: Aerodactyl|80/100\n|-unboost|p1b: Wait for it|spa|2\n|move|p1a: Ultraman|Liquidation|p2a: Chandelure\n|-supereffective|p2a: Chandelure|1\n|-damage|p2a: Chandelure|0 fnt\n|faint|p2a: Chandelure\n|\n|-weather|none\n|upkeep\n|\n|t:|1776529644\n|switch|p2a: Ninetales|Ninetales-Alola, L50, M|100/100\n|-weather|Snowscape|[from] ability: Snow Warning|[of] p2a: Ninetales\n|turn|8\n|\n|t:|1776529667\n|move|p2b: Aerodactyl|Rock Slide|p1b: Wait for it|[spread] p1a,p1b\n|-supereffective|p1a: Ultraman|1\n|-supereffective|p1b: Wait for it|1\n|-damage|p1a: Ultraman|0 fnt\n|-damage|p1b: Wait for it|60/100\n|faint|p1a: Ultraman\n|move|p2a: Ninetales|Calm Mind|p2a: Ninetales\n|-boost|p2a: Ninetales|spa|1\n|-boost|p2a: Ninetales|spd|1\n|move|p1b: Wait for it|Will-O-Wisp|p2b: Aerodactyl\n|-status|p2b: Aerodactyl|brn\n|\n|-weather|Snowscape|[upkeep]\n|-damage|p2b: Aerodactyl|74/100 brn|[from] brn\n|upkeep\n|\n|t:|1776529674\n|switch|p1a: Armor Abs Krabs|Crabominable-Mega, L50, F, shiny|100/100\n|turn|9\n|\n|t:|1776529685\n|move|p2b: Aerodactyl|Dual Wingbeat|p1a: Armor Abs Krabs\n|-supereffective|p1a: Armor Abs Krabs|1\n|-damage|p1a: Armor Abs Krabs|92/100\n|-supereffective|p1a: Armor Abs Krabs|1\n|-damage|p1a: Armor Abs Krabs|83/100\n|-hitcount|p1a: Armor Abs Krabs|2\n|move|p2a: Ninetales|Blizzard|p1a: Armor Abs Krabs|[spread] p1a,p1b\n|-resisted|p1a: Armor Abs Krabs|1\n|-resisted|p1b: Wait for it|1\n|-damage|p1a: Armor Abs Krabs|63/100\n|-damage|p1b: Wait for it|37/100\n|-status|p1b: Wait for it|frz\n|cant|p1b: Wait for it|frz\n|move|p1a: Armor Abs Krabs|Drain Punch|p2a: Ninetales\n|-damage|p2a: Ninetales|62/100\n|-heal|p1a: Armor Abs Krabs|77/100|[from] drain|[of] p2a: Ninetales\n|\n|-weather|Snowscape|[upkeep]\n|-damage|p2b: Aerodactyl|69/100 brn|[from] brn\n|-sideend|p2: Sr_Himalaia|move: Aurora Veil\n|upkeep\n|turn|10\n|inactive|Sr_Himalaia has 30 seconds left.\n|\n|t:|1776529711\n|move|p2b: Aerodactyl|Rock Slide|p1b: Wait for it|[spread] p1a,p1b\n|-supereffective|p1b: Wait for it|1\n|-damage|p1a: Armor Abs Krabs|70/100\n|-damage|p1b: Wait for it|17/100 frz\n|move|p2a: Ninetales|Blizzard|p1b: Wait for it|[spread] p1a,p1b\n|-resisted|p1a: Armor Abs Krabs|1\n|-resisted|p1b: Wait for it|1\n|-damage|p1a: Armor Abs Krabs|50/100\n|-damage|p1b: Wait for it|0 fnt\n|faint|p1b: Wait for it\n|move|p1a: Armor Abs Krabs|Drain Punch|p2a: Ninetales\n|-damage|p2a: Ninetales|0 fnt\n|-heal|p1a: Armor Abs Krabs|73/100|[from] drain|[of] p2a: Ninetales\n|faint|p2a: Ninetales\n|\n|-weather|Snowscape|[upkeep]\n|-damage|p2b: Aerodactyl|63/100 brn|[from] brn\n|upkeep\n|turn|11\n|c|\u2606Sr_Himalaia|gg\n|c|\u2606Elite Fource|gg\n|\n|t:|1776529727\n|move|p2b: Aerodactyl|Dual Wingbeat|p1a: Armor Abs Krabs\n|-supereffective|p1a: Armor Abs Krabs|1\n|-damage|p1a: Armor Abs Krabs|63/100\n|-supereffective|p1a: Armor Abs Krabs|1\n|-damage|p1a: Armor Abs Krabs|54/100\n|-hitcount|p1a: Armor Abs Krabs|2\n|move|p1a: Armor Abs Krabs|Ice Hammer|p2b: Aerodactyl\n|-supereffective|p2b: Aerodactyl|1\n|-damage|p2b: Aerodactyl|0 fnt\n|-unboost|p1a: Armor Abs Krabs|spe|1\n|faint|p2b: Aerodactyl\n|\n|win|Elite Fource\n|raw|Elite Fource's rating: 1085 &rarr; <strong>1107</strong><br />(+22 for winning)\n|raw|Sr_Himalaia's rating: 1011 &rarr; <strong>1002</strong><br />(-9 for losing)\n",
  "uploadtime": 1776529733,
  "views": 12,
  "formatid": "gen9championsvgc2026regma",
  "rating": 1002,
  "private": 0,
  "password": null
}