{
  "id": "gen9championsvgc2026regma-2588335399",
  "format": "[Gen 9 Champions] VGC 2026 Reg M-A",
  "players": [
    "VerdantVirizion",
    "Shaymin24"
  ],
  "log": "|j|\u2606VerdantVirizion\n|j|\u2606Shaymin24\n|t:|1776625068\n|gametype|doubles\n|player|p1|VerdantVirizion|acetrainerf|\n|player|p2|Shaymin24|steven|\n|gen|9\n|tier|[Gen 9 Champions] VGC 2026 Reg M-A\n|rule|Species Clause: Limit one of each Pok\u00e9mon\n|rule|Item Clause: Limit 1 of each item\n|clearpoke\n|poke|p1|Golurk, L50, shiny|\n|poke|p1|Sneasler, L50, F, shiny|\n|poke|p1|Incineroar, L50, M|\n|poke|p1|Farigiraf, L50, M|\n|poke|p1|Whimsicott, L50, F, shiny|\n|poke|p1|Rotom-Heat, L50, shiny|\n|poke|p2|Glimmora, L50, F|\n|poke|p2|Rotom-Wash, L50|\n|poke|p2|Meganium, L50, M|\n|poke|p2|Kommo-o, L50, M|\n|poke|p2|Kingambit, L50, M|\n|poke|p2|Talonflame, L50, F, shiny|\n|teampreview|4\nShaymin24 has agreed to open team sheets.\n|inactive|Battle timer is ON: inactive players will automatically lose when time's up. (requested by Shaymin24)\n|inactive|VerdantVirizion has 60 seconds left.\n|inactive|Shaymin24 has 60 seconds left.\n|inactive|Shaymin24 has 30 seconds left.\n|inactive|Shaymin24 has 20 seconds left.\n|inactive|Shaymin24 has 15 seconds left.\n|inactive|Shaymin24 has 10 seconds left.\n|inactive|Shaymin24 has 5 seconds left.\n|\n|t:|1776625179\n|teamsize|p1|4\n|teamsize|p2|4\n|start\n|switch|p1a: Moonview|Rotom-Heat, L50, shiny|100/100\n|switch|p1b: Sol|Incineroar, L50, M|100/100\n|switch|p2a: Kingambit|Kingambit, L50, M|100/100\n|switch|p2b: Rotom|Rotom-Wash, L50|100/100\n|-ability|p1b: Sol|Intimidate|boost\n|-unboost|p2a: Kingambit|atk|1\n|-ability|p2a: Kingambit|Defiant|boost\n|-boost|p2a: Kingambit|atk|2\n|-unboost|p2b: Rotom|atk|1\n|turn|1\n|inactive|VerdantVirizion has 30 seconds left.\n|inactive|Shaymin24 has 30 seconds left.\n|inactive|VerdantVirizion has 20 seconds left.\n|inactive|Shaymin24 has 20 seconds left.\n|inactive|VerdantVirizion has 15 seconds left.\n|inactive|Shaymin24 has 15 seconds left.\n|inactive|VerdantVirizion has 10 seconds left.\n|inactive|Shaymin24 has 10 seconds left.\n|inactive|VerdantVirizion has 5 seconds left.\n|inactive|Shaymin24 has 5 seconds left.\n|\n|t:|1776625231\n|switch|p2b: Glimmora|Glimmora, L50, F|100/100\n|switch|p1b: Luthier|Farigiraf, L50, M|100/100\n|move|p1a: Moonview|Protect|p1a: Moonview\n|-singleturn|p1a: Moonview|Protect\n|move|p2a: Kingambit|Protect||[still]\n|-fail|p2a: Kingambit\n|\n|upkeep\n|turn|2\n|inactive|VerdantVirizion has 30 seconds left.\n|inactive|Shaymin24 has 30 seconds left.\n|inactive|VerdantVirizion has 20 seconds left.\n|\n|t:|1776625269\n|switch|p1a: Philosopher|Golurk, L50, shiny|100/100\n|detailschange|p2b: Glimmora|Glimmora-Mega, L50, F\n|-mega|p2b: Glimmora|Glimmora|Glimmoranite\n|move|p1b: Luthier|Protect|p1b: Luthier\n|-singleturn|p1b: Luthier|Protect\n|move|p2b: Glimmora|Power Gem|p1a: Philosopher\n|-resisted|p1a: Philosopher|1\n|-damage|p1a: Philosopher|64/100\n|move|p2a: Kingambit|Kowtow Cleave|p1b: Luthier\n|-activate|p1b: Luthier|move: Protect\n|\n|upkeep\n|turn|3\n|inactive|VerdantVirizion has 30 seconds left.\n|inactive|Shaymin24 has 30 seconds left.\n|inactive|VerdantVirizion has 20 seconds left.\n|inactive|Shaymin24 has 20 seconds left.\n|inactive|VerdantVirizion has 15 seconds left.\n|inactive|Shaymin24 has 15 seconds left.\n|inactive|VerdantVirizion has 10 seconds left.\n|inactive|Shaymin24 has 10 seconds left.\n|inactive|Shaymin24 has 5 seconds left.\n|\n|t:|1776625322\n|switch|p1b: Moonview|Rotom-Heat, L50, shiny|100/100\n|switch|p2a: Rotom|Rotom-Wash, L50|100/100\n|detailschange|p1a: Philosopher|Golurk-Mega, L50, shiny\n|-mega|p1a: Philosopher|Golurk|Golurkite\n|move|p2b: Glimmora|Power Gem|p1b: Moonview\n|-supereffective|p1b: Moonview|1\n|-damage|p1b: Moonview|0 fnt\n|faint|p1b: Moonview\n|move|p1a: Philosopher|Headlong Rush|p2a: Rotom\n|-immune|p2a: Rotom|[from] ability: Levitate\n|\n|upkeep\n|\n|t:|1776625339\n|switch|p1b: Luthier|Farigiraf, L50, M|100/100\n|turn|4\n|inactive|VerdantVirizion has 30 seconds left.\n|inactive|Shaymin24 has 30 seconds left.\n|inactive|Shaymin24 has 20 seconds left.\n|inactive|Shaymin24 has 15 seconds left.\n|inactive|Shaymin24 has 10 seconds left.\n|\n|t:|1776625388\n|move|p2a: Rotom|Thunderbolt|p1b: Luthier\n|-damage|p1b: Luthier|63/100\n|move|p2b: Glimmora|Power Gem|p1b: Luthier\n|-damage|p1b: Luthier|2/100\n|-enditem|p1b: Luthier|Sitrus Berry|[eat]\n|-heal|p1b: Luthier|27/100|[from] item: Sitrus Berry\n|move|p1a: Philosopher|Headlong Rush|p2b: Glimmora\n|-supereffective|p2b: Glimmora|2\n|-damage|p2b: Glimmora|0 fnt\n|-unboost|p1a: Philosopher|def|1\n|-unboost|p1a: Philosopher|spd|1\n|faint|p2b: Glimmora\n|move|p1b: Luthier|Trick Room|p1b: Luthier\n|-fieldstart|move: Trick Room|[of] p1b: Luthier\n|\n|upkeep\n|\n|t:|1776625406\n|switch|p2b: Kingambit|Kingambit, L50, M|100/100\n|turn|5\n|inactive|VerdantVirizion has 30 seconds left.\n|inactive|Shaymin24 has 30 seconds left.\n|inactive|Shaymin24 has 20 seconds left.\n|inactive|Shaymin24 has 15 seconds left.\n|inactive|Shaymin24 has 10 seconds left.\n|\n|t:|1776625452\n|switch|p1a: Sol|Incineroar, L50, M|100/100\n|-ability|p1a: Sol|Intimidate|boost\n|-unboost|p2a: Rotom|atk|1\n|-unboost|p2b: Kingambit|atk|1\n|-ability|p2b: Kingambit|Defiant|boost\n|-boost|p2b: Kingambit|atk|2\n|switch|p2a: Talonflame|Talonflame, L50, F, shiny|100/100\n|move|p2b: Kingambit|Kowtow Cleave|p1a: Sol\n|-resisted|p1a: Sol|1\n|-damage|p1a: Sol|56/100\n|move|p1b: Luthier|Twin Beam|p2a: Talonflame\n|-damage|p2a: Talonflame|77/100\n|-damage|p2a: Talonflame|51/100\n|-hitcount|p2a: Talonflame|2\n|\n|-activate|p1b: Luthier|ability: Cud Chew\n|-enditem|p1b: Luthier|Sitrus Berry|[eat]\n|-heal|p1b: Luthier|52/100|[from] item: Sitrus Berry\n|upkeep\n|turn|6\n|inactive|Shaymin24 has 30 seconds left.\n|inactive|VerdantVirizion has 30 seconds left.\n|inactive|Shaymin24 has 20 seconds left.\n|inactive|Shaymin24 has 15 seconds left.\n|inactive|Shaymin24 has 10 seconds left.\n|inactive|Shaymin24 has 5 seconds left.\n|\n|t:|1776625502\n|move|p1b: Luthier|Helping Hand|p1a: Sol\n|-singleturn|p1a: Sol|Helping Hand|[of] p1b: Luthier\n|move|p2a: Talonflame|Protect|p2a: Talonflame\n|-singleturn|p2a: Talonflame|Protect\n|move|p2b: Kingambit|Kowtow Cleave|p1b: Luthier\n|-supereffective|p1b: Luthier|1\n|-damage|p1b: Luthier|0 fnt\n|faint|p1b: Luthier\n|move|p1a: Sol|Flare Blitz|p2b: Kingambit\n|-supereffective|p2b: Kingambit|1\n|-damage|p2b: Kingambit|0 fnt\n|faint|p2b: Kingambit\n|-damage|p1a: Sol|22/100|[from] Recoil\n|\n|upkeep\n|\n|t:|1776625515\n|switch|p2b: Rotom|Rotom-Wash, L50|100/100\n|switch|p1b: Philosopher|Golurk-Mega, L50, shiny|64/100\n|turn|7\n|\n|t:|1776625539\n|move|p1a: Sol|Darkest Lariat|p2b: Rotom\n|-damage|p2b: Rotom|49/100\n|move|p1b: Philosopher|Poltergeist|p2b: Rotom\n|-activate|p2b: Rotom|move: Poltergeist|Choice Scarf\n|-damage|p2b: Rotom|0 fnt\n|faint|p2b: Rotom\n|move|p2a: Talonflame|Dual Wingbeat|p1a: Sol\n|-damage|p1a: Sol|6/100\n|-damage|p1a: Sol|0 fnt\n|faint|p1a: Sol\n|-hitcount|p1: Sol|2\n|\n|upkeep\n|turn|8\n|inactive|Shaymin24 has 30 seconds left.\n|\n|t:|1776625565\n|move|p2a: Talonflame|Protect|p2a: Talonflame\n|-singleturn|p2a: Talonflame|Protect\n|move|p1b: Philosopher|Ice Punch|p2a: Talonflame\n|-ability|p1b: Philosopher|Unseen Fist\n|-zbroken|p2a: Talonflame\n|-damage|p2a: Talonflame|39/100\n|\n|-fieldend|move: Trick Room\n|upkeep\n|turn|9\n|\n|t:|1776625582\n|move|p2a: Talonflame|Dual Wingbeat|p1b: Philosopher\n|-damage|p1b: Philosopher|47/100\n|-damage|p1b: Philosopher|31/100\n|-hitcount|p1b: Philosopher|2\n|move|p1b: Philosopher|Ice Punch|p2a: Talonflame\n|-damage|p2a: Talonflame|0 fnt\n|faint|p2a: Talonflame\n|\n|win|VerdantVirizion\n",
  "uploadtime": 1776625071,
  "views": 6,
  "formatid": "gen9championsvgc2026regma",
  "rating": null,
  "private": 0,
  "password": null
}