{
  "id": "gen9championsvgc2026regma-2582805343",
  "format": "[Gen 9 Champions] VGC 2026 Reg M-A",
  "players": [
    "SxHards",
    "WaluigiVGC"
  ],
  "log": "|j|\u2606SxHards\n|j|\u2606WaluigiVGC\n|t:|1776115457\n|gametype|doubles\n|player|p1|SxHards|fisherman-gen4|1173\n|player|p2|WaluigiVGC|102|1212\n|gen|9\n|tier|[Gen 9 Champions] VGC 2026 Reg M-A\n|rated|\n|rule|Species Clause: Limit one of each Pok\u00e9mon\n|rule|Item Clause: Limit 1 of each item\n|clearpoke\n|poke|p1|Gengar, L50, M|\n|poke|p1|Kingambit, L50, M|\n|poke|p1|Farigiraf, L50, F|\n|poke|p1|Incineroar, L50, F|\n|poke|p1|Primarina, L50, F|\n|poke|p1|Sinistcha, L50|\n|poke|p2|Archaludon, L50, M|\n|poke|p2|Pelipper, L50, M|\n|poke|p2|Sneasler, L50, M|\n|poke|p2|Incineroar, L50, F|\n|poke|p2|Basculegion, L50, M|\n|poke|p2|Gengar, L50, M|\n|teampreview|4\n|inactive|Battle timer is ON: inactive players will automatically lose when time's up. (requested by SxHards)\n|\n|t:|1776115496\n|teamsize|p1|4\n|teamsize|p2|4\n|start\n|switch|p1a: Incineroar|Incineroar, L50, F|100/100\n|switch|p1b: Kingambit|Kingambit, L50, M|100/100\n|switch|p2a: Incineroar|Incineroar, L50, F|100/100\n|switch|p2b: Sneasler|Sneasler, L50, M|100/100\n|-ability|p1a: Incineroar|Intimidate|boost\n|-unboost|p2a: Incineroar|atk|1\n|-unboost|p2b: Sneasler|atk|1\n|-ability|p2a: Incineroar|Intimidate|boost\n|-unboost|p1a: Incineroar|atk|1\n|-unboost|p1b: Kingambit|atk|1\n|-ability|p1b: Kingambit|Defiant|boost\n|-boost|p1b: Kingambit|atk|2\n|-enditem|p2b: Sneasler|White Herb\n|-clearnegativeboost|p2b: Sneasler|[silent]\n|turn|1\n|inactive|SxHards has 30 seconds left.\n|\n|t:|1776115529\n|move|p1a: Incineroar|Fake Out|p2b: Sneasler\n|-damage|p2b: Sneasler|85/100\n|move|p2a: Incineroar|Fake Out|p1a: Incineroar\n|-damage|p1a: Incineroar|94/100\n|cant|p2b: Sneasler|flinch\n|move|p1b: Kingambit|Kowtow Cleave|p2b: Sneasler\n|-resisted|p2b: Sneasler|1\n|-damage|p2b: Sneasler|14/100\n|\n|upkeep\n|turn|2\n|\n|t:|1776115548\n|move|p2b: Sneasler|Protect|p2b: Sneasler\n|-singleturn|p2b: Sneasler|Protect\n|move|p1b: Kingambit|Sucker Punch||[still]\n|-fail|p1b: Kingambit\n|move|p1a: Incineroar|Parting Shot|p2a: Incineroar\n|-unboost|p2a: Incineroar|atk|1\n|-unboost|p2a: Incineroar|spa|1\n|\n|t:|1776115552\n|switch|p1a: Farigiraf|Farigiraf, L50, F|100/100|[from] Parting Shot\n|move|p2a: Incineroar|Flare Blitz|p1b: Kingambit\n|-supereffective|p1b: Kingambit|1\n|-damage|p1b: Kingambit|63/100\n|-damage|p2a: Incineroar|88/100|[from] Recoil\n|\n|upkeep\n|turn|3\n|inactive|WaluigiVGC has 30 seconds left.\n|\n|t:|1776115586\n|switch|p2b: Archaludon|Archaludon, L50, M|100/100\n|move|p1b: Kingambit|Sucker Punch||[still]\n|-fail|p1b: Kingambit\n|move|p2a: Incineroar|Parting Shot|p1a: Farigiraf\n|-unboost|p1a: Farigiraf|atk|1\n|-unboost|p1a: Farigiraf|spa|1\n|\n|t:|1776115595\n|switch|p2a: Pelipper|Pelipper, L50, M|100/100|[from] Parting Shot\n|-weather|RainDance|[from] ability: Drizzle|[of] p2a: Pelipper\n|move|p1a: Farigiraf|Trick Room|p1a: Farigiraf\n|-fieldstart|move: Trick Room|[of] p1a: Farigiraf\n|\n|-weather|RainDance|[upkeep]\n|upkeep\n|turn|4\n|inactive|WaluigiVGC has 30 seconds left.\n|\n|t:|1776115624\n|move|p1b: Kingambit|Kowtow Cleave|p2a: Pelipper\n|-enditem|p2a: Pelipper|Focus Sash\n|-damage|p2a: Pelipper|1/100\n|move|p1a: Farigiraf|Psychic|p2a: Pelipper\n|-crit|p2a: Pelipper\n|-damage|p2a: Pelipper|0 fnt\n|faint|p2a: Pelipper\n|move|p2b: Archaludon|Electro Shot||[still]\n|-prepare|p2b: Archaludon|Electro Shot\n|-boost|p2b: Archaludon|spa|1\n|-anim|p2b: Archaludon|Electro Shot|p1b: Kingambit\n|-damage|p1b: Kingambit|2/100\n|\n|-weather|RainDance|[upkeep]\n|upkeep\n|\n|t:|1776115638\n|switch|p2a: Incineroar|Incineroar, L50, F|88/100\n|-ability|p2a: Incineroar|Intimidate|boost\n|-unboost|p1a: Farigiraf|atk|1\n|-unboost|p1b: Kingambit|atk|1\n|-ability|p1b: Kingambit|Defiant|boost\n|-boost|p1b: Kingambit|atk|2\n|turn|5\n|\n|t:|1776115654\n|switch|p1a: Incineroar|Incineroar, L50, F|94/100\n|-ability|p1a: Incineroar|Intimidate|boost\n|-unboost|p2a: Incineroar|atk|1\n|-unboost|p2b: Archaludon|atk|1\n|move|p1b: Kingambit|Kowtow Cleave|p2b: Archaludon\n|-damage|p2b: Archaludon|16/100\n|-ability|p2b: Archaludon|Stamina|boost\n|-boost|p2b: Archaludon|def|1\n|move|p2a: Incineroar|Darkest Lariat|p1a: Incineroar\n|-resisted|p1a: Incineroar|1\n|-damage|p1a: Incineroar|84/100\n|move|p2b: Archaludon|Electro Shot||[still]\n|-prepare|p2b: Archaludon|Electro Shot\n|-boost|p2b: Archaludon|spa|1\n|-anim|p2b: Archaludon|Electro Shot|p1b: Kingambit\n|-damage|p1b: Kingambit|0 fnt\n|faint|p1b: Kingambit\n|\n|-weather|RainDance|[upkeep]\n|-heal|p2b: Archaludon|22/100|[from] item: Leftovers\n|upkeep\n|\n|t:|1776115672\n|switch|p1b: Primarina|Primarina, L50, F|100/100\n|turn|6\n|\n|t:|1776115694\n|move|p2b: Archaludon|Protect|p2b: Archaludon\n|-singleturn|p2b: Archaludon|Protect\n|move|p1b: Primarina|Hyper Voice|p2a: Incineroar|[spread] p2a\n|-activate|p2b: Archaludon|move: Protect\n|-supereffective|p2a: Incineroar|1\n|-damage|p2a: Incineroar|0 fnt\n|faint|p2a: Incineroar\n|move|p1a: Incineroar|Parting Shot|p2b: Archaludon\n|-activate|p2b: Archaludon|move: Protect\n|\n|-weather|RainDance|[upkeep]\n|-heal|p2b: Archaludon|28/100|[from] item: Leftovers\n|upkeep\n|\n|t:|1776115708\n|switch|p2a: Sneasler|Sneasler, L50, M|14/100\n|turn|7\n|\n|t:|1776115725\n|switch|p1a: Farigiraf|Farigiraf, L50, F|100/100\n|move|p2b: Archaludon|Protect|p2b: Archaludon\n|-singleturn|p2b: Archaludon|Protect\n|move|p2a: Sneasler|Protect|p2a: Sneasler\n|-singleturn|p2a: Sneasler|Protect\n|move|p1b: Primarina|Moonblast|p2b: Archaludon\n|-activate|p2b: Archaludon|move: Protect\n|\n|-weather|none\n|-heal|p2b: Archaludon|35/100|[from] item: Leftovers\n|-fieldend|move: Trick Room\n|upkeep\n|turn|8\n|\n|t:|1776115746\n|switch|p1b: Incineroar|Incineroar, L50, F|84/100\n|-ability|p1b: Incineroar|Intimidate|boost\n|-unboost|p2a: Sneasler|atk|1\n|-unboost|p2b: Archaludon|atk|1\n|move|p2a: Sneasler|Dire Claw|p1b: Incineroar\n|-crit|p1b: Incineroar\n|-damage|p1b: Incineroar|21/100\n|move|p2b: Archaludon|Flash Cannon|p1a: Farigiraf\n|-damage|p1a: Farigiraf|39/100\n|-enditem|p1a: Farigiraf|Sitrus Berry|[eat]\n|-heal|p1a: Farigiraf|64/100|[from] item: Sitrus Berry\n|move|p1a: Farigiraf|Trick Room|p1a: Farigiraf\n|-fieldstart|move: Trick Room|[of] p1a: Farigiraf\n|\n|-heal|p2b: Archaludon|41/100|[from] item: Leftovers\n|upkeep\n|turn|9\n|inactive|WaluigiVGC has 30 seconds left.\n|\n|t:|1776115777\n|move|p2a: Sneasler|Protect|p2a: Sneasler\n|-singleturn|p2a: Sneasler|Protect\n|move|p1a: Farigiraf|Hyper Voice|p2b: Archaludon|[spread] p2b\n|-activate|p2a: Sneasler|move: Protect\n|-resisted|p2b: Archaludon|1\n|-damage|p2b: Archaludon|27/100\n|-ability|p2b: Archaludon|Stamina|boost\n|-boost|p2b: Archaludon|def|1\n|move|p1b: Incineroar|Parting Shot|p2b: Archaludon\n|-unboost|p2b: Archaludon|atk|1\n|-unboost|p2b: Archaludon|spa|1\n|\n|t:|1776115787\n|switch|p1b: Primarina|Primarina, L50, F|100/100|[from] Parting Shot\n|move|p2b: Archaludon|Flash Cannon|p1b: Primarina\n|-damage|p1b: Primarina|49/100\n|\n|-heal|p1b: Primarina|55/100|[from] item: Leftovers\n|-heal|p2b: Archaludon|33/100|[from] item: Leftovers\n|upkeep\n|turn|10\n|\n|t:|1776115811\n|move|p2a: Sneasler|Protect||[still]\n|-fail|p2a: Sneasler\n|move|p1b: Primarina|Moonblast|p2b: Archaludon\n|-damage|p2b: Archaludon|0 fnt\n|faint|p2b: Archaludon\n|move|p1a: Farigiraf|Hyper Voice|p2a: Sneasler\n|-damage|p2a: Sneasler|0 fnt\n|faint|p2a: Sneasler\n|\n|win|SxHards\n|raw|SxHards's rating: 1173 &rarr; <strong>1201</strong><br />(+28 for winning)\n|raw|WaluigiVGC's rating: 1212 &rarr; <strong>1184</strong><br />(-28 for losing)\n|l|\u2606SxHards\n|player|p1|\n",
  "uploadtime": 1776115822,
  "views": 17,
  "formatid": "gen9championsvgc2026regma",
  "rating": 1184,
  "private": 0,
  "password": null
}