{
  "id": "gen9championsvgc2026regma-2580942737",
  "format": "[Gen 9 Champions] VGC 2026 Reg M-A",
  "players": [
    "santhenix92",
    "altersquared III"
  ],
  "log": "|j|\u2606santhenix92\n|j|\u2606altersquared III\n|t:|1775945342\n|gametype|doubles\n|player|p1|santhenix92|lance|1109\n|player|p2|altersquared III|thorton|1156\n|gen|9\n|tier|[Gen 9 Champions] VGC 2026 Reg M-A\n|rated|\n|rule|Species Clause: Limit one of each Pok\u00e9mon\n|rule|Item Clause: Limit 1 of each item\n|clearpoke\n|poke|p1|Garchomp, L50, M|\n|poke|p1|Delphox, L50, M|\n|poke|p1|Luxray, L50, F|\n|poke|p1|Scizor, L50, M|\n|poke|p1|Sneasler, L50, M|\n|poke|p1|Sableye, L50, F|\n|poke|p2|Floette-Eternal, L50, F|\n|poke|p2|Maushold-Four, L50|\n|poke|p2|Incineroar, L50, M|\n|poke|p2|Sneasler, L50, M|\n|poke|p2|Whimsicott, L50, M|\n|poke|p2|Garchomp, L50, F|\n|teampreview|4\n|inactive|Battle timer is ON: inactive players will automatically lose when time's up. (requested by altersquared III)\naltersquared III has agreed to open team sheets.\n|\n|t:|1775945361\n|teamsize|p1|4\n|teamsize|p2|4\n|start\n|switch|p1a: Sneasler|Sneasler, L50, M|100/100\n|switch|p1b: Scizor|Scizor, L50, M|100/100\n|switch|p2a: Incineroar|Incineroar, L50, M|100/100\n|switch|p2b: Whimsicott|Whimsicott, L50, M|100/100\n|-ability|p2a: Incineroar|Intimidate|boost\n|-unboost|p1a: Sneasler|atk|1\n|-unboost|p1b: Scizor|atk|1\n|turn|1\n|\n|t:|1775945381\n|move|p1a: Sneasler|Fake Out|p2a: Incineroar\n|-damage|p2a: Incineroar|92/100\n|cant|p2a: Incineroar|flinch\n|move|p2b: Whimsicott|Tailwind|p2b: Whimsicott\n|-sidestart|p2: altersquared III|move: Tailwind\n|move|p1b: Scizor|Swords Dance|p1b: Scizor\n|-boost|p1b: Scizor|atk|2\n|\n|upkeep\n|turn|2\n|inactive|santhenix92 has 30 seconds left.\n|inactive|santhenix92 has 20 seconds left.\n|\n|t:|1775945418\n|switch|p1a: Garchomp|Garchomp, L50, M|100/100\n|move|p2b: Whimsicott|Encore||[still]\n|-fail|p2b: Whimsicott\n|move|p1b: Scizor|Bullet Punch|p2b: Whimsicott\n|-supereffective|p2b: Whimsicott|1\n|-enditem|p2b: Whimsicott|Focus Sash\n|-damage|p2b: Whimsicott|1/100\n|move|p2a: Incineroar|Parting Shot|p1b: Scizor\n|-unboost|p1b: Scizor|atk|1\n|-unboost|p1b: Scizor|spa|1\n|\n|t:|1775945430\n|switch|p2a: Hydrogen Bomb|Floette-Eternal, L50, F|100/100|[from] Parting Shot\n|\n|upkeep\n|turn|3\n|\n|t:|1775945447\n|switch|p1a: Sneasler|Sneasler, L50, M|100/100\n|detailschange|p2a: Hydrogen Bomb|Floette-Mega, L50, F\n|-mega|p2a: Hydrogen Bomb|Floette|Floettite\n|-ability|p2a: Hydrogen Bomb|Fairy Aura\n|move|p2a: Hydrogen Bomb|Protect|p2a: Hydrogen Bomb\n|-singleturn|p2a: Hydrogen Bomb|Protect\n|move|p1b: Scizor|Bullet Punch|p2a: Hydrogen Bomb\n|-activate|p2a: Hydrogen Bomb|move: Protect\n|move|p2b: Whimsicott|Moonblast|p1a: Sneasler\n|-damage|p1a: Sneasler|62/100\n|\n|upkeep\n|turn|4\n|inactive|altersquared III has 30 seconds left.\n|\n|t:|1775945475\n|move|p1a: Sneasler|Fake Out|p2a: Hydrogen Bomb\n|-damage|p2a: Hydrogen Bomb|85/100\n|move|p2b: Whimsicott|Moonblast|p1b: Scizor\n|-resisted|p1b: Scizor|1\n|-damage|p1b: Scizor|82/100\n|cant|p2a: Hydrogen Bomb|flinch\n|move|p1b: Scizor|Swords Dance|p1b: Scizor\n|-boost|p1b: Scizor|atk|2\n|\n|-sideend|p2: altersquared III|move: Tailwind\n|upkeep\n|turn|5\n|\n|t:|1775945505\n|switch|p2b: Incineroar|Incineroar, L50, M|92/100\n|-ability|p2b: Incineroar|Intimidate|boost\n|-unboost|p1a: Sneasler|atk|1\n|-unboost|p1b: Scizor|atk|1\n|move|p2a: Hydrogen Bomb|Protect|p2a: Hydrogen Bomb\n|-singleturn|p2a: Hydrogen Bomb|Protect\n|move|p1b: Scizor|Bullet Punch|p2a: Hydrogen Bomb\n|-activate|p2a: Hydrogen Bomb|move: Protect\n|move|p1a: Sneasler|Dire Claw|p2a: Hydrogen Bomb\n|-activate|p2a: Hydrogen Bomb|move: Protect\n|\n|upkeep\n|turn|6\n|\n|t:|1775945526\n|switch|p1a: Garchomp|Garchomp, L50, M|100/100\n|switch|p2a: Garchomp|Garchomp, L50, F|100/100\n|move|p1b: Scizor|Bullet Punch|p2a: Garchomp\n|-damage|p2a: Garchomp|52/100\n|-damage|p1b: Scizor|69/100|[from] ability: Rough Skin|[of] p2a: Garchomp\n|move|p2b: Incineroar|Flare Blitz|p1b: Scizor\n|-supereffective|p1b: Scizor|2\n|-crit|p1b: Scizor\n|-enditem|p1b: Scizor|Occa Berry|[eat]\n|-enditem|p1b: Scizor|Occa Berry|[weaken]\n|-damage|p1b: Scizor|0 fnt\n|faint|p1b: Scizor\n|-damage|p2b: Incineroar|70/100|[from] Recoil\n|\n|upkeep\n|\n|t:|1775945546\n|switch|p1b: Delphox|Delphox, L50, M|100/100\n|turn|7\n|\n|t:|1775945559\n|detailschange|p1b: Delphox|Delphox-Mega, L50, M\n|-mega|p1b: Delphox|Delphox|Delphoxite\n|move|p2a: Garchomp|Rock Slide|p1a: Garchomp|[spread] p1a,p1b\n|-resisted|p1a: Garchomp|1\n|-supereffective|p1b: Delphox|1\n|-damage|p1a: Garchomp|91/100\n|-damage|p1b: Delphox|47/100\n|cant|p1b: Delphox|flinch\n|move|p1a: Garchomp|Earthquake|p2b: Incineroar|[spread] p2a,p2b\n|-immune|p1b: Delphox|[from] ability: Levitate\n|-supereffective|p2b: Incineroar|1\n|-crit|p2b: Incineroar\n|-damage|p2a: Garchomp|14/100\n|-damage|p2b: Incineroar|0 fnt\n|faint|p2b: Incineroar\n|\n|upkeep\n|\n|t:|1775945572\n|switch|p2b: Hydrogen Bomb|Floette-Mega, L50, F|85/100\n|-ability|p2b: Hydrogen Bomb|Fairy Aura\n|turn|8\n|\n|t:|1775945590\n|move|p2a: Garchomp|Rock Slide|p1a: Garchomp|[spread] p1a,p1b\n|-resisted|p1a: Garchomp|1\n|-crit|p1a: Garchomp\n|-supereffective|p1b: Delphox|1\n|-damage|p1a: Garchomp|75/100\n|-damage|p1b: Delphox|1/100\n|move|p1b: Delphox|Nasty Plot|p1b: Delphox\n|-boost|p1b: Delphox|spa|2\n|move|p1a: Garchomp|Rock Slide|p2b: Hydrogen Bomb|[spread] p2a\n|-miss|p1a: Garchomp|p2b: Hydrogen Bomb\n|-resisted|p2a: Garchomp|1\n|-damage|p2a: Garchomp|4/100\n|move|p2b: Hydrogen Bomb|Dazzling Gleam|p1b: Delphox|[spread] p1a,p1b\n|-supereffective|p1a: Garchomp|1\n|-resisted|p1b: Delphox|1\n|-damage|p1a: Garchomp|0 fnt\n|-damage|p1b: Delphox|0 fnt\n|faint|p1a: Garchomp\n|faint|p1b: Delphox\n|\n|upkeep\n|\n|t:|1775945610\n|switch|p1b: Sneasler|Sneasler, L50, M|62/100\n|turn|9\n|\n|t:|1775945621\n|move|p2a: Garchomp|Rock Slide|p1b: Sneasler\n|-resisted|p1b: Sneasler|1\n|-damage|p1b: Sneasler|48/100\n|move|p1b: Sneasler|Dire Claw|p2b: Hydrogen Bomb\n|-supereffective|p2b: Hydrogen Bomb|1\n|-damage|p2b: Hydrogen Bomb|0 fnt\n|faint|p2b: Hydrogen Bomb\n|\n|upkeep\n|\n|t:|1775945629\n|switch|p2b: Whimsicott|Whimsicott, L50, M|1/100\n|turn|10\n|\n|t:|1775945634\n|move|p2a: Garchomp|Rock Slide|p1b: Sneasler\n|-resisted|p1b: Sneasler|1\n|-damage|p1b: Sneasler|33/100\n|move|p2b: Whimsicott|Moonblast|p1b: Sneasler\n|-damage|p1b: Sneasler|0 fnt\n|faint|p1b: Sneasler\n|\n|win|altersquared III\n|raw|santhenix92's rating: 1109 &rarr; <strong>1087</strong><br />(-22 for losing)\n|raw|altersquared III's rating: 1156 &rarr; <strong>1178</strong><br />(+22 for winning)\n",
  "uploadtime": 1775945642,
  "views": 13,
  "formatid": "gen9championsvgc2026regma",
  "rating": 1087,
  "private": 0,
  "password": null
}