{
  "id": "gen9championsvgc2026regma-2585290691",
  "format": "[Gen 9 Champions] VGC 2026 Reg M-A",
  "players": [
    "Palmeirinthianense",
    "San gerger"
  ],
  "log": "|j|\u2606Palmeirinthianense\n|j|\u2606San gerger\n|t:|1776334408\n|gametype|doubles\n|player|p1|Palmeirinthianense|swimmer-gen4dp|1371\n|player|p2|San gerger|1|1458\n|gen|9\n|tier|[Gen 9 Champions] VGC 2026 Reg M-A\n|rated|\n|rule|Species Clause: Limit one of each Pok\u00e9mon\n|rule|Item Clause: Limit 1 of each item\n|clearpoke\n|poke|p1|Kangaskhan, L50, F|\n|poke|p1|Incineroar, L50, M|\n|poke|p1|Milotic, L50, F|\n|poke|p1|Sneasler, L50, M|\n|poke|p1|Floette-Eternal, L50, F|\n|poke|p1|Sinistcha, L50|\n|poke|p2|Froslass, L50, F|\n|poke|p2|Floette-Eternal, L50, F|\n|poke|p2|Kingambit, L50, M|\n|poke|p2|Garchomp, L50, M|\n|poke|p2|Basculegion, L50, M|\n|poke|p2|Sneasler, L50, M|\n|teampreview|4\n|inactive|Battle timer is ON: inactive players will automatically lose when time's up. (requested by Palmeirinthianense)\n|inactive|Palmeirinthianense has 60 seconds left.\n|\n|t:|1776334463\n|teamsize|p1|4\n|teamsize|p2|4\n|start\n|switch|p1a: Kangaskhan|Kangaskhan, L50, F|100/100\n|switch|p1b: Incineroar|Incineroar, L50, M, shiny|100/100\n|switch|p2a: Froslass|Froslass, L50, F|100/100\n|switch|p2b: Sneasler|Sneasler, L50, M|100/100\n|-ability|p1b: Incineroar|Intimidate|boost\n|-unboost|p2a: Froslass|atk|1\n|-unboost|p2b: Sneasler|atk|1\n|turn|1\n|inactive|San gerger has 30 seconds left.\n|inactive|San gerger has 20 seconds left.\n|inactive|San gerger has 15 seconds left.\n|inactive|San gerger has 10 seconds left.\n|\n|t:|1776334512\n|detailschange|p2a: Froslass|Froslass-Mega, L50, F\n|-mega|p2a: Froslass|Froslass|Froslassite\n|-weather|Snowscape|[from] ability: Snow Warning|[of] p2a: Froslass\n|move|p2b: Sneasler|Fake Out|p1b: Incineroar\n|-damage|p1b: Incineroar|90/100\n|cant|p1b: Incineroar|flinch\n|move|p2a: Froslass|Substitute|p2a: Froslass\n|-start|p2a: Froslass|Substitute\n|-damage|p2a: Froslass|76/100\n|move|p1a: Kangaskhan|Double-Edge|p2a: Froslass\n|-end|p2a: Froslass|Substitute\n|-damage|p1a: Kangaskhan|93/100|[from] Recoil|[of] p2a: Froslass\n|\n|-weather|Snowscape|[upkeep]\n|upkeep\n|turn|2\n|inactive|San gerger has 30 seconds left.\n|inactive|Palmeirinthianense has 30 seconds left.\n|inactive|San gerger has 20 seconds left.\n|\n|t:|1776334550\n|switch|p2b: Garchomp|Garchomp, L50, M|100/100\n|switch|p1a: Sinistcha|Sinistcha, L50|100/100\n|-heal|p1b: Incineroar|100/100|[from] ability: Hospitality|[of] p1a: Sinistcha\n|move|p2a: Froslass|Protect|p2a: Froslass\n|-singleturn|p2a: Froslass|Protect\n|move|p1b: Incineroar|Will-O-Wisp|p2b: Garchomp\n|-status|p2b: Garchomp|brn\n|\n|-weather|Snowscape|[upkeep]\n|-damage|p2b: Garchomp|94/100 brn|[from] brn\n|upkeep\n|turn|3\n|inactive|Palmeirinthianense has 30 seconds left.\n|inactive|San gerger has 30 seconds left.\n|\n|t:|1776334583\n|move|p2a: Froslass|Substitute|p2a: Froslass\n|-start|p2a: Froslass|Substitute\n|-damage|p2a: Froslass|51/100\n|move|p2b: Garchomp|Rock Slide|p1b: Incineroar|[spread] p1a,p1b\n|-supereffective|p1b: Incineroar|1\n|-damage|p1a: Sinistcha|93/100\n|-damage|p1b: Incineroar|81/100\n|move|p1b: Incineroar|Parting Shot|p2a: Froslass\n|-unboost|p2a: Froslass|atk|1\n|-unboost|p2a: Froslass|spa|1\n|\n|t:|1776334593\n|switch|p1b: Kangaskhan|Kangaskhan, L50, F|93/100|[from] Parting Shot\n|move|p1a: Sinistcha|Life Dew|p1a: Sinistcha|[spread] p1a,p1b\n|-heal|p1a: Sinistcha|100/100\n|-heal|p1b: Kangaskhan|100/100\n|\n|-weather|Snowscape|[upkeep]\n|-damage|p2b: Garchomp|88/100 brn|[from] brn\n|upkeep\n|turn|4\n|inactive|Palmeirinthianense has 30 seconds left.\n|inactive|San gerger has 30 seconds left.\n|inactive|San gerger has 20 seconds left.\n|\n|t:|1776334630\n|switch|p1a: Incineroar|Incineroar, L50, M, shiny|81/100\n|-ability|p1a: Incineroar|Intimidate|boost\n|-immune|p2a: Froslass\n|-unboost|p2b: Garchomp|atk|1\n|move|p2a: Froslass|Protect|p2a: Froslass\n|-singleturn|p2a: Froslass|Protect\n|move|p2b: Garchomp|Earthquake|p1b: Kangaskhan|[spread] p1a,p1b\n|-activate|p2a: Froslass|move: Protect\n|-supereffective|p1a: Incineroar|1\n|-damage|p1a: Incineroar|59/100\n|-damage|p1b: Kangaskhan|89/100\n|move|p1b: Kangaskhan|Double-Edge|p2a: Froslass\n|-activate|p2a: Froslass|move: Protect\n|\n|-weather|Snowscape|[upkeep]\n|-damage|p2b: Garchomp|82/100 brn|[from] brn\n|upkeep\n|turn|5\n|inactive|Palmeirinthianense has 30 seconds left.\n|inactive|Palmeirinthianense has 20 seconds left.\n|\n|t:|1776334669\n|switch|p2b: Basculegion|Basculegion, L50, M|100/100\n|move|p2a: Froslass|Blizzard|p1a: Incineroar|[spread] p1a,p1b\n|-resisted|p1a: Incineroar|1\n|-damage|p1a: Incineroar|48/100\n|-damage|p1b: Kangaskhan|61/100\n|-status|p1a: Incineroar|frz\n|move|p1b: Kangaskhan|Double-Edge|p2a: Froslass\n|-end|p2a: Froslass|Substitute\n|-damage|p1b: Kangaskhan|54/100|[from] Recoil|[of] p2a: Froslass\n|-curestatus|p1a: Incineroar|frz|[from] move: Flare Blitz\n|move|p1a: Incineroar|Flare Blitz|p2a: Froslass\n|-supereffective|p2a: Froslass|1\n|-damage|p2a: Froslass|0 fnt\n|faint|p2a: Froslass\n|-damage|p1a: Incineroar|33/100|[from] Recoil\n|\n|-weather|none\n|upkeep\n|\n|t:|1776334689\n|switch|p2a: Sneasler|Sneasler, L50, M|100/100\n|turn|6\n|inactive|San gerger has 30 seconds left.\n|\n|t:|1776334717\n|switch|p1a: Sinistcha|Sinistcha, L50|100/100\n|-heal|p1b: Kangaskhan|78/100|[from] ability: Hospitality|[of] p1a: Sinistcha\n|detailschange|p1b: Kangaskhan|Kangaskhan-Mega, L50, F\n|-mega|p1b: Kangaskhan|Kangaskhan|Kangaskhanite\n|move|p2a: Sneasler|Fake Out|p1b: Kangaskhan\n|-damage|p1b: Kangaskhan|66/100\n|cant|p1b: Kangaskhan|flinch\n|move|p2b: Basculegion|Wave Crash|p1a: Sinistcha\n|-resisted|p1a: Sinistcha|1\n|-damage|p1a: Sinistcha|68/100\n|-damage|p2b: Basculegion|92/100|[from] Recoil\n|\n|upkeep\n|turn|7\n|\n|t:|1776334740\n|move|p2b: Basculegion|Protect|p2b: Basculegion\n|-singleturn|p2b: Basculegion|Protect\n|move|p1a: Sinistcha|Rage Powder|p1a: Sinistcha\n|-singleturn|p1a: Sinistcha|move: Rage Powder\n|move|p2a: Sneasler|Close Combat|p1a: Sinistcha\n|-immune|p1a: Sinistcha\n|move|p1b: Kangaskhan|Double-Edge|p2a: Sneasler\n|-enditem|p2a: Sneasler|Focus Sash\n|-damage|p2a: Sneasler|1/100\n|-damage|p2a: Sneasler|0 fnt\n|faint|p2a: Sneasler\n|-hitcount|p2: Sneasler|2\n|-damage|p1b: Kangaskhan|38/100|[from] Recoil\n|\n|upkeep\n|-message|San gerger forfeited.\n|\n|win|Palmeirinthianense\n|raw|Palmeirinthianense's rating: 1371 &rarr; <strong>1396</strong><br />(+25 for winning)\n|raw|San gerger's rating: 1458 &rarr; <strong>1433</strong><br />(-25 for losing)\n|l|\u2606San gerger\n|player|p2|\n",
  "uploadtime": 1776334764,
  "views": 48,
  "formatid": "gen9championsvgc2026regma",
  "rating": 1396,
  "private": 0,
  "password": null
}