{
  "id": "gen9championsvgc2026regma-2582209667",
  "format": "[Gen 9 Champions] VGC 2026 Reg M-A",
  "players": [
    "Zonnebloem95",
    "soulo333"
  ],
  "log": "|j|\u2606Zonnebloem95\n|j|\u2606soulo333\n|t:|1776071608\n|gametype|doubles\n|player|p1|Zonnebloem95|102|1070\n|player|p2|soulo333|2|1152\n|gen|9\n|tier|[Gen 9 Champions] VGC 2026 Reg M-A\n|rated|\n|rule|Species Clause: Limit one of each Pok\u00e9mon\n|rule|Item Clause: Limit 1 of each item\n|clearpoke\n|poke|p1|Charizard, L50, M|\n|poke|p1|Venusaur, L50, F|\n|poke|p1|Incineroar, L50, F|\n|poke|p1|Garchomp, L50, M|\n|poke|p1|Rotom-Wash, L50|\n|poke|p1|Sneasler, L50, M|\n|poke|p2|Dragonite, L50, M|\n|poke|p2|Pelipper, L50, F|\n|poke|p2|Archaludon, L50, F|\n|poke|p2|Sneasler, L50, M|\n|poke|p2|Basculegion, L50, M|\n|poke|p2|Rotom-Heat, L50|\n|teampreview|4\n|\n|t:|1776071638\n|teamsize|p1|4\n|teamsize|p2|4\n|start\n|switch|p1a: Charizard|Charizard, L50, M|100/100\n|switch|p1b: Venusaur|Venusaur, L50, F|100/100\n|switch|p2a: Dragonite|Dragonite, L50, M|100/100\n|switch|p2b: Basculegion|Basculegion, L50, M|100/100\n|turn|1\n|\n|t:|1776071658\n|switch|p2b: Rotom|Rotom-Heat, L50|100/100\n|detailschange|p1a: Charizard|Charizard-Mega-Y, L50, M\n|-mega|p1a: Charizard|Charizard|Charizardite Y\n|-weather|SunnyDay|[from] ability: Drought|[of] p1a: Charizard\n|detailschange|p2a: Dragonite|Dragonite-Mega, L50, M\n|-mega|p2a: Dragonite|Dragonite|Dragoninite\n|move|p1b: Venusaur|Sleep Powder|p2a: Dragonite\n|-status|p2a: Dragonite|slp|[from] move: Sleep Powder\n|move|p1a: Charizard|Solar Beam||[still]\n|-prepare|p1a: Charizard|Solar Beam\n|-anim|p1a: Charizard|Solar Beam|p2b: Rotom\n|-resisted|p2b: Rotom|1\n|-damage|p2b: Rotom|66/100\n|cant|p2a: Dragonite|slp\n|\n|-weather|SunnyDay|[upkeep]\n|upkeep\n|turn|2\n|\n|t:|1776071693\n|move|p1b: Venusaur|Protect|p1b: Venusaur\n|-singleturn|p1b: Venusaur|Protect\n|move|p2b: Rotom|Volt Switch|p1b: Venusaur\n|-activate|p1b: Venusaur|move: Protect\n|move|p1a: Charizard|Weather Ball|p2b: Rotom\n|-resisted|p2b: Rotom|1\n|-damage|p2b: Rotom|2/100\n|cant|p2a: Dragonite|slp\n|\n|-weather|SunnyDay|[upkeep]\n|upkeep\n|turn|3\n|\n|t:|1776071710\n|switch|p1b: Sneasler|Sneasler, L50, M|100/100\n|switch|p2b: Pelipper|Pelipper, L50, F|100/100\n|-weather|RainDance|[from] ability: Drizzle|[of] p2b: Pelipper\n|move|p1a: Charizard|Heat Wave|p2b: Pelipper|[spread] p2a,p2b\n|-resisted|p2a: Dragonite|1\n|-resisted|p2b: Pelipper|1\n|-damage|p2a: Dragonite|96/100 slp\n|-damage|p2b: Pelipper|83/100\n|-status|p2b: Pelipper|brn\n|-curestatus|p2a: Dragonite|slp|[msg]\n|move|p2a: Dragonite|Hurricane|p1b: Sneasler\n|-supereffective|p1b: Sneasler|1\n|-damage|p1b: Sneasler|0 fnt\n|faint|p1b: Sneasler\n|\n|-weather|RainDance|[upkeep]\n|-damage|p2b: Pelipper|77/100 brn|[from] brn\n|upkeep\n|\n|t:|1776071729\n|switch|p1b: Garchomp|Garchomp, L50, M|100/100\n|turn|4\n|\n|t:|1776071758\n|switch|p1a: Venusaur|Venusaur, L50, F|100/100\n|move|p2a: Dragonite|Protect|p2a: Dragonite\n|-singleturn|p2a: Dragonite|Protect\n|move|p1b: Garchomp|Dragon Claw|p2a: Dragonite\n|-activate|p2a: Dragonite|move: Protect\n|move|p2b: Pelipper|Tailwind|p2b: Pelipper\n|-sidestart|p2: soulo333|move: Tailwind\n|\n|-weather|RainDance|[upkeep]\n|-damage|p2b: Pelipper|71/100 brn|[from] brn\n|upkeep\n|turn|5\n|\n|t:|1776071799\n|switch|p1b: Charizard|Charizard-Mega-Y, L50, M|100/100\n|-weather|SunnyDay|[from] ability: Drought|[of] p1b: Charizard\n|move|p2a: Dragonite|Dragon Pulse|p1b: Charizard\n|-damage|p1b: Charizard|46/100\n|move|p1a: Venusaur|Sleep Powder|p2a: Dragonite\n|-status|p2a: Dragonite|slp|[from] move: Sleep Powder\n|move|p2b: Pelipper|Hurricane|p1a: Venusaur|[miss]\n|-miss|p2b: Pelipper|p1a: Venusaur\n|\n|-weather|SunnyDay|[upkeep]\n|-damage|p2b: Pelipper|65/100 brn|[from] brn\n|upkeep\n|turn|6\n|\n|t:|1776071823\n|switch|p2b: Rotom|Rotom-Heat, L50|2/100\n|cant|p2a: Dragonite|slp\n|move|p1a: Venusaur|Sludge Bomb|p2b: Rotom\n|-damage|p2b: Rotom|0 fnt\n|faint|p2b: Rotom\n|move|p1b: Charizard|Solar Beam||[still]\n|-prepare|p1b: Charizard|Solar Beam\n|-anim|p1b: Charizard|Solar Beam|p2a: Dragonite\n|-resisted|p2a: Dragonite|2\n|-damage|p2a: Dragonite|84/100 slp\n|\n|-weather|SunnyDay|[upkeep]\n|upkeep\n|\n|t:|1776071837\n|switch|p2b: Pelipper|Pelipper, L50, F|65/100 brn\n|-weather|RainDance|[from] ability: Drizzle|[of] p2b: Pelipper\n|turn|7\n|\n|t:|1776071850\n|switch|p1a: Garchomp|Garchomp, L50, M|100/100\n|move|p1b: Charizard|Protect|p1b: Charizard\n|-singleturn|p1b: Charizard|Protect\n|cant|p2a: Dragonite|slp\n|move|p2b: Pelipper|Hurricane|p1a: Garchomp\n|-damage|p1a: Garchomp|42/100\n|-start|p1a: Garchomp|confusion\n|\n|-weather|RainDance|[upkeep]\n|-damage|p2b: Pelipper|60/100 brn|[from] brn\n|-sideend|p2: soulo333|move: Tailwind\n|upkeep\n|turn|8\n|\n|t:|1776071865\n|switch|p1b: Venusaur|Venusaur, L50, F|100/100\n|-curestatus|p2a: Dragonite|slp|[msg]\n|move|p2a: Dragonite|Protect|p2a: Dragonite\n|-singleturn|p2a: Dragonite|Protect\n|-activate|p1a: Garchomp|confusion\n|move|p1a: Garchomp|Rock Slide|p2a: Dragonite|[spread] p2b\n|-activate|p2a: Dragonite|move: Protect\n|-supereffective|p2b: Pelipper|1\n|-damage|p2b: Pelipper|4/100 brn\n|cant|p2b: Pelipper|flinch\n|\n|-weather|RainDance|[upkeep]\n|-damage|p2b: Pelipper|0 fnt|[from] brn\n|faint|p2b: Pelipper\n|upkeep\n|\n|t:|1776071876\n|switch|p2b: Basculegion|Basculegion, L50, M|100/100\n|turn|9\n|\n|t:|1776071886\n|switch|p1a: Charizard|Charizard-Mega-Y, L50, M|46/100\n|-weather|SunnyDay|[from] ability: Drought|[of] p1a: Charizard\n|move|p1b: Venusaur|Leaf Storm|p2b: Basculegion\n|-supereffective|p2b: Basculegion|1\n|-damage|p2b: Basculegion|0 fnt\n|-unboost|p1b: Venusaur|spa|2\n|faint|p2b: Basculegion\n|move|p2a: Dragonite|Dragon Pulse|p1a: Charizard\n|-damage|p1a: Charizard|0 fnt\n|faint|p1a: Charizard\n|\n|-weather|SunnyDay|[upkeep]\n|upkeep\n|\n|t:|1776071899\n|switch|p1a: Garchomp|Garchomp, L50, M|42/100\n|turn|10\n|\n|t:|1776071911\n|move|p2a: Dragonite|Protect|p2a: Dragonite\n|-singleturn|p2a: Dragonite|Protect\n|move|p1b: Venusaur|Sleep Powder|p2a: Dragonite\n|-activate|p2a: Dragonite|move: Protect\n|move|p1a: Garchomp|Dragon Claw|p2a: Dragonite\n|-activate|p2a: Dragonite|move: Protect\n|\n|-weather|SunnyDay|[upkeep]\n|upkeep\n|turn|11\n|\n|t:|1776071922\n|move|p1b: Venusaur|Sleep Powder|p2a: Dragonite\n|-status|p2a: Dragonite|slp|[from] move: Sleep Powder\n|move|p1a: Garchomp|Dragon Claw|p2a: Dragonite\n|-supereffective|p2a: Dragonite|1\n|-damage|p2a: Dragonite|0 fnt\n|faint|p2a: Dragonite\n|\n|win|Zonnebloem95\n|raw|Zonnebloem95's rating: 1070 &rarr; <strong>1106</strong><br />(+36 for winning)\n|raw|soulo333's rating: 1152 &rarr; <strong>1121</strong><br />(-31 for losing)\n",
  "uploadtime": 1776071922,
  "views": 15,
  "formatid": "gen9championsvgc2026regma",
  "rating": 1106,
  "private": 0,
  "password": null
}