{
  "id": "gen9championsvgc2026regma-2587011342",
  "format": "[Gen 9 Champions] VGC 2026 Reg M-A",
  "players": [
    "Sceptilicious",
    "Caroskee"
  ],
  "log": "|j|\u2606Sceptilicious\n|j|\u2606Caroskee\n|t:|1776481020\n|gametype|doubles\n|player|p1|Sceptilicious|170|1199\n|player|p2|Caroskee|102|1143\n|gen|9\n|tier|[Gen 9 Champions] VGC 2026 Reg M-A\n|rated|\n|rule|Species Clause: Limit one of each Pok\u00e9mon\n|rule|Item Clause: Limit 1 of each item\n|clearpoke\n|poke|p1|Sinistcha, L50|\n|poke|p1|Incineroar, L50, M|\n|poke|p1|Gyarados, L50, M|\n|poke|p1|Kommo-o, L50, M|\n|poke|p1|Gengar, L50, F|\n|poke|p1|Tinkaton, L50, F|\n|poke|p2|Floette-Eternal, L50, F|\n|poke|p2|Sneasler, L50, F|\n|poke|p2|Sinistcha, L50|\n|poke|p2|Incineroar, L50, M|\n|poke|p2|Gengar, L50, M|\n|poke|p2|Weavile, L50, F|\n|teampreview|4\n|\n|t:|1776481102\n|teamsize|p1|4\n|teamsize|p2|4\n|start\n|switch|p1a: Gyarados|Gyarados, L50, M|100/100\n|switch|p1b: Tinkaton|Tinkaton, L50, F|100/100\n|switch|p2a: Sneasler|Sneasler, L50, F|100/100\n|switch|p2b: Incineroar|Incineroar, L50, M|100/100\n|-ability|p1a: Gyarados|Intimidate|boost\n|-unboost|p2a: Sneasler|atk|1\n|-unboost|p2b: Incineroar|atk|1\n|-ability|p2b: Incineroar|Intimidate|boost\n|-unboost|p1a: Gyarados|atk|1\n|-fail|p1b: Tinkaton|unboost|Attack|[from] ability: Own Tempo|[of] p1b: Tinkaton\n|-enditem|p2a: Sneasler|White Herb\n|-clearnegativeboost|p2a: Sneasler|[silent]\n|turn|1\n|\n|t:|1776481136\n|switch|p1a: Sinistcha|Sinistcha, L50|100/100\n|move|p1b: Tinkaton|Protect|p1b: Tinkaton\n|-singleturn|p1b: Tinkaton|Protect\n|move|p2a: Sneasler|Fake Out|p1b: Tinkaton\n|-activate|p1b: Tinkaton|move: Protect\n|move|p2b: Incineroar|Fake Out|p1a: Sinistcha\n|-immune|p1a: Sinistcha\n|\n|upkeep\n|turn|2\n|\n|t:|1776481171\n|move|p2a: Sneasler|Dire Claw|p1a: Sinistcha\n|-damage|p1a: Sinistcha|59/100\n|move|p1b: Tinkaton|Gigaton Hammer|p2a: Sneasler\n|-damage|p2a: Sneasler|0 fnt\n|faint|p2a: Sneasler\n|move|p2b: Incineroar|Throat Chop|p1a: Sinistcha\n|-supereffective|p1a: Sinistcha|1\n|-damage|p1a: Sinistcha|11/100\n|-start|p1a: Sinistcha|Throat Chop|[silent]\n|move|p1a: Sinistcha|Trick Room|p1a: Sinistcha\n|-fieldstart|move: Trick Room|[of] p1a: Sinistcha\n|\n|upkeep\n|\n|t:|1776481190\n|switch|p2a: Floette|Floette-Eternal, L50, F|100/100\n|turn|3\n|\n|t:|1776481226\n|detailschange|p2a: Floette|Floette-Mega, L50, F\n|-mega|p2a: Floette|Floette|Floettite\n|-ability|p2a: Floette|Fairy Aura\n|move|p2b: Incineroar|Flare Blitz|p1b: Tinkaton\n|-supereffective|p1b: Tinkaton|1\n|-crit|p1b: Tinkaton\n|-damage|p1b: Tinkaton|0 fnt\n|faint|p1b: Tinkaton\n|-damage|p2b: Incineroar|74/100|[from] Recoil\n|move|p1a: Sinistcha|Matcha Gotcha|p2a: Floette|[spread] p2a\n|-miss|p1a: Sinistcha|p2b: Incineroar\n|-damage|p2a: Floette|83/100\n|-heal|p1a: Sinistcha|21/100|[from] drain|[of] p2a: Floette\n|-status|p2a: Floette|brn\n|move|p2a: Floette|Calm Mind|p2a: Floette\n|-boost|p2a: Floette|spa|1\n|-boost|p2a: Floette|spd|1\n|\n|-damage|p2a: Floette|77/100 brn|[from] brn\n|-end|p1a: Sinistcha|Throat Chop|[silent]\n|upkeep\n|\n|t:|1776481244\n|switch|p1b: Gengar|Gengar, L50, F|100/100\n|turn|4\n|\n|t:|1776481287\n|move|p2a: Floette|Protect|p2a: Floette\n|-singleturn|p2a: Floette|Protect\n|move|p1b: Gengar|Protect|p1b: Gengar\n|-singleturn|p1b: Gengar|Protect\n|move|p2b: Incineroar|Throat Chop|p1b: Gengar\n|-activate|p1b: Gengar|move: Protect\n|move|p1a: Sinistcha|Trick Room|p1a: Sinistcha\n|-fieldend|move: Trick Room\n|\n|-damage|p2a: Floette|71/100 brn|[from] brn\n|upkeep\n|turn|5\n|\n|t:|1776481354\n|switch|p2a: Sinistcha|Sinistcha, L50|100/100\n|-heal|p2b: Incineroar|99/100|[from] ability: Hospitality|[of] p2a: Sinistcha\n|move|p1a: Sinistcha|Rage Powder|p1a: Sinistcha\n|-singleturn|p1a: Sinistcha|move: Rage Powder\n|move|p1b: Gengar|Sludge Bomb|p2a: Sinistcha\n|-damage|p2a: Sinistcha|62/100\n|move|p2b: Incineroar|Throat Chop|p1a: Sinistcha\n|-supereffective|p1a: Sinistcha|1\n|-damage|p1a: Sinistcha|0 fnt\n|faint|p1a: Sinistcha\n|\n|upkeep\n|\n|t:|1776481364\n|switch|p1a: Gyarados|Gyarados, L50, M|100/100\n|-ability|p1a: Gyarados|Intimidate|boost\n|-unboost|p2a: Sinistcha|atk|1\n|-unboost|p2b: Incineroar|atk|1\n|turn|6\n|\n|t:|1776481413\n|detailschange|p1a: Gyarados|Gyarados-Mega, L50, M\n|-mega|p1a: Gyarados|Gyarados|Gyaradosite\n|-ability|p1a: Gyarados|Mold Breaker\n|move|p1b: Gengar|Shadow Ball|p2a: Sinistcha\n|-supereffective|p2a: Sinistcha|1\n|-damage|p2a: Sinistcha|0 fnt\n|faint|p2a: Sinistcha\n|move|p1a: Gyarados|Waterfall|p2b: Incineroar\n|-supereffective|p2b: Incineroar|1\n|-damage|p2b: Incineroar|5/100\n|-enditem|p2b: Incineroar|Sitrus Berry|[eat]\n|-heal|p2b: Incineroar|30/100|[from] item: Sitrus Berry\n|move|p2b: Incineroar|Parting Shot|p1b: Gengar\n|-unboost|p1b: Gengar|atk|1\n|-unboost|p1b: Gengar|spa|1\n|\n|t:|1776481428\n|switch|p2b: Floette|Floette-Mega, L50, F|71/100 brn|[from] Parting Shot\n|-ability|p2b: Floette|Fairy Aura\n|\n|-damage|p2b: Floette|65/100 brn|[from] brn\n|upkeep\n|\n|t:|1776481434\n|switch|p2a: Incineroar|Incineroar, L50, M|30/100\n|-ability|p2a: Incineroar|Intimidate|boost\n|-unboost|p1a: Gyarados|atk|1\n|-unboost|p1b: Gengar|atk|1\n|turn|7\n|\n|t:|1776481457\n|move|p1b: Gengar|Protect|p1b: Gengar\n|-singleturn|p1b: Gengar|Protect\n|move|p2a: Incineroar|Fake Out|p1a: Gyarados\n|-crit|p1a: Gyarados\n|-damage|p1a: Gyarados|84/100\n|cant|p1a: Gyarados|flinch\n|move|p2b: Floette|Draining Kiss|p1a: Gyarados\n|-supereffective|p1a: Gyarados|1\n|-damage|p1a: Gyarados|30/100\n|-heal|p2b: Floette|100/100 brn|[from] drain|[of] p1a: Gyarados\n|\n|-damage|p2b: Floette|94/100 brn|[from] brn\n|upkeep\n|turn|8\n|\n|t:|1776481495\n|move|p1b: Gengar|Sludge Bomb|p2b: Floette\n|-supereffective|p2b: Floette|1\n|-damage|p2b: Floette|57/100 brn\n|move|p1a: Gyarados|Waterfall|p2a: Incineroar\n|-supereffective|p2a: Incineroar|1\n|-damage|p2a: Incineroar|0 fnt\n|faint|p2a: Incineroar\n|move|p2b: Floette|Dazzling Gleam|p1b: Gengar|[spread] p1a,p1b\n|-supereffective|p1a: Gyarados|1\n|-resisted|p1b: Gengar|1\n|-damage|p1a: Gyarados|0 fnt\n|-damage|p1b: Gengar|67/100\n|-start|p2b: Floette|Disable|Dazzling Gleam|[from] ability: Cursed Body|[of] p1b: Gengar\n|faint|p1a: Gyarados\n|\n|-damage|p2b: Floette|50/100 brn|[from] brn\n|upkeep\n|turn|9\n|\n|t:|1776481519\n|move|p1b: Gengar|Sludge Bomb|p2b: Floette\n|-supereffective|p2b: Floette|1\n|-damage|p2b: Floette|16/100 brn\n|move|p2b: Floette|Draining Kiss|p1b: Gengar\n|-resisted|p1b: Gengar|1\n|-damage|p1b: Gengar|38/100\n|-heal|p2b: Floette|32/100 brn|[from] drain|[of] p1b: Gengar\n|\n|-damage|p2b: Floette|26/100 brn|[from] brn\n|upkeep\n|turn|10\n|c|\u2606Sceptilicious|gg wp\n|\n|t:|1776481531\n|move|p1b: Gengar|Sludge Bomb|p2b: Floette\n|-supereffective|p2b: Floette|1\n|-damage|p2b: Floette|0 fnt\n|faint|p2b: Floette\n|\n|win|Sceptilicious\n|raw|Sceptilicious's rating: 1199 &rarr; <strong>1220</strong><br />(+21 for winning)\n|raw|Caroskee's rating: 1143 &rarr; <strong>1122</strong><br />(-21 for losing)\n",
  "uploadtime": 1776481536,
  "views": 13,
  "formatid": "gen9championsvgc2026regma",
  "rating": 1122,
  "private": 0,
  "password": null
}