{
  "id": "gen9championsvgc2026regma-2588258502",
  "format": "[Gen 9 Champions] VGC 2026 Reg M-A",
  "players": [
    "PyProd.",
    "fernicher"
  ],
  "log": "|j|\u2606PyProd.\n|j|\u2606fernicher\n|t:|1776618757\n|gametype|doubles\n|player|p1|PyProd.|#lcplxiskittycommittee|1246\n|player|p2|fernicher|roxie|1151\n|gen|9\n|tier|[Gen 9 Champions] VGC 2026 Reg M-A\n|rated|\n|rule|Species Clause: Limit one of each Pok\u00e9mon\n|rule|Item Clause: Limit 1 of each item\n|clearpoke\n|poke|p1|Aerodactyl, L50, F|\n|poke|p1|Garchomp, L50, M|\n|poke|p1|Floette-Eternal, L50, F|\n|poke|p1|Arcanine-Hisui, L50, F|\n|poke|p1|Sneasler, L50, F|\n|poke|p1|Rotom-Wash, L50|\n|poke|p2|Meganium, L50, M|\n|poke|p2|Sinistcha, L50|\n|poke|p2|Rotom-Wash, L50|\n|poke|p2|Glimmora, L50, M, shiny|\n|poke|p2|Sneasler, L50, M|\n|poke|p2|Incineroar, L50, M|\n|teampreview|4\n|\n|t:|1776618784\n|teamsize|p1|4\n|teamsize|p2|4\n|start\n|switch|p1a: Garchomp|Garchomp, L50, M|100/100\n|switch|p1b: Floette|Floette-Eternal, L50, F|100/100\n|switch|p2a: Rotom|Rotom-Wash, L50|100/100\n|switch|p2b: Meganium|Meganium, L50, M|100/100\n|turn|1\n|inactive|Battle timer is ON: inactive players will automatically lose when time's up. (requested by fernicher)\n|\n|t:|1776618797\n|switch|p1a: Arcanine|Arcanine-Hisui, L50, F|100/100\n|-ability|p1a: Arcanine|Intimidate|boost\n|-unboost|p2a: Rotom|atk|1\n|-unboost|p2b: Meganium|atk|1\n|detailschange|p1b: Floette|Floette-Mega, L50, F\n|-mega|p1b: Floette|Floette|Floettite\n|-ability|p1b: Floette|Fairy Aura\n|detailschange|p2b: Meganium|Meganium-Mega, L50, M\n|-mega|p2b: Meganium|Meganium|Meganiumite\n|move|p1b: Floette|Calm Mind|p1b: Floette\n|-boost|p1b: Floette|spa|1\n|-boost|p1b: Floette|spd|1\n|move|p2a: Rotom|Will-O-Wisp|p1a: Arcanine\n|-immune|p1a: Arcanine\n|move|p2b: Meganium|Solar Beam||[still]\n|-prepare|p2b: Meganium|Solar Beam\n|-activate|p2b: Meganium|ability: Mega Sol\n|-anim|p2b: Meganium|Solar Beam|p1b: Floette\n|-damage|p1b: Floette|66/100\n|\n|upkeep\n|turn|2\n|inactive|PyProd. has 30 seconds left.\n|inactive|fernicher has 30 seconds left.\n|\n|t:|1776618824\n|switch|p2b: Sneasler|Sneasler, L50, M|100/100\n|move|p1a: Arcanine|Flare Blitz|p2a: Rotom\n|-resisted|p2a: Rotom|1\n|-damage|p2a: Rotom|69/100\n|-damage|p1a: Arcanine|91/100|[from] Recoil\n|move|p1b: Floette|Moonblast|p2a: Rotom\n|-damage|p2a: Rotom|0 fnt\n|faint|p2a: Rotom\n|\n|upkeep\n|\n|t:|1776618835\n|switch|p2a: Meganium|Meganium-Mega, L50, M|100/100\n|turn|3\n|\n|t:|1776618844\n|switch|p1a: Sneasler|Sneasler, L50, F|100/100\n|-ability|p1a: Sneasler|Pressure\n|move|p1b: Floette|Protect|p1b: Floette\n|-singleturn|p1b: Floette|Protect\n|move|p2b: Sneasler|Dire Claw|p1b: Floette\n|-activate|p1b: Floette|move: Protect\n|move|p2a: Meganium|Solar Beam||[still]\n|-prepare|p2a: Meganium|Solar Beam\n|-activate|p2a: Meganium|ability: Mega Sol\n|-anim|p2a: Meganium|Solar Beam|p1a: Sneasler\n|-resisted|p1a: Sneasler|1\n|-damage|p1a: Sneasler|55/100\n|\n|upkeep\n|turn|4\n|\n|t:|1776618856\n|move|p1a: Sneasler|Fake Out|p2b: Sneasler\n|-damage|p2b: Sneasler|75/100\n|cant|p2b: Sneasler|flinch\n|move|p1b: Floette|Dazzling Gleam|p2a: Meganium|[spread] p2a,p2b\n|-damage|p2a: Meganium|43/100\n|-damage|p2b: Sneasler|0 fnt\n|faint|p2b: Sneasler\n|move|p2a: Meganium|Dazzling Gleam|p1b: Floette|[spread] p1a,p1b\n|-damage|p1a: Sneasler|0 fnt\n|-damage|p1b: Floette|42/100\n|faint|p1a: Sneasler\n|\n|upkeep\n|\n|t:|1776618873\n|switch|p1a: Garchomp|Garchomp, L50, M|100/100\n|switch|p2b: Sinistcha|Sinistcha, L50|100/100\n|-heal|p2a: Meganium|67/100|[from] ability: Hospitality|[of] p2b: Sinistcha\n|turn|5\n|\n|t:|1776618891\n|move|p2b: Sinistcha|Rage Powder|p2b: Sinistcha\n|-singleturn|p2b: Sinistcha|move: Rage Powder\n|move|p1a: Garchomp|Dragon Claw|p2b: Sinistcha\n|-damage|p2b: Sinistcha|64/100\n|move|p1b: Floette|Moonblast|p2b: Sinistcha\n|-damage|p2b: Sinistcha|0 fnt\n|faint|p2b: Sinistcha\n|move|p2a: Meganium|Dazzling Gleam|p1b: Floette|[spread] p1a,p1b\n|-supereffective|p1a: Garchomp|1\n|-damage|p1a: Garchomp|0 fnt\n|-damage|p1b: Floette|18/100\n|faint|p1a: Garchomp\n|\n|upkeep\n|\n|t:|1776618894\n|switch|p1a: Arcanine|Arcanine-Hisui, L50, F|91/100\n|-ability|p1a: Arcanine|Intimidate|boost\n|-unboost|p2a: Meganium|atk|1\n|turn|6\n|\n|t:|1776618912\n|move|p1a: Arcanine|Flare Blitz|p2a: Meganium\n|-supereffective|p2a: Meganium|1\n|-damage|p2a: Meganium|0 fnt\n|faint|p2a: Meganium\n|-damage|p1a: Arcanine|67/100|[from] Recoil\n|\n|win|PyProd.\n|raw|PyProd.'s rating: 1246 &rarr; <strong>1264</strong><br />(+18 for winning)\n|raw|fernicher's rating: 1151 &rarr; <strong>1133</strong><br />(-18 for losing)\n|l|\u2606fernicher\n|player|p2|\n",
  "uploadtime": 1776618920,
  "views": 10,
  "formatid": "gen9championsvgc2026regma",
  "rating": 1133,
  "private": 0,
  "password": null
}