{
  "id": "gen9championsvgc2026regma-2581653834",
  "format": "[Gen 9 Champions] VGC 2026 Reg M-A",
  "players": [
    "assim",
    "Blackbeard_78x"
  ],
  "log": "|j|\u2606assim\n|j|\u2606Blackbeard_78x\n|t:|1776018228\n|gametype|doubles\n|player|p1|assim|170|1000\n|player|p2|Blackbeard_78x|az|1000\n|gen|9\n|tier|[Gen 9 Champions] VGC 2026 Reg M-A\n|rated|\n|rule|Species Clause: Limit one of each Pok\u00e9mon\n|rule|Item Clause: Limit 1 of each item\n|clearpoke\n|poke|p1|Alakazam, L50, M|\n|poke|p1|Meowstic, L50, M|\n|poke|p1|Primarina, L50, M|\n|poke|p1|Talonflame, L50, M|\n|poke|p1|Garchomp, L50, F|\n|poke|p1|Bastiodon, L50, F|\n|poke|p2|Starmie, L50|\n|poke|p2|Dragonite, L50, F|\n|poke|p2|Basculegion, L50, M|\n|poke|p2|Politoed, L50, M|\n|poke|p2|Whimsicott, L50, M|\n|poke|p2|Pelipper, L50, M|\n|teampreview|4\n|inactive|Battle timer is ON: inactive players will automatically lose when time's up. (requested by Blackbeard_78x)\n|l|\u2606Blackbeard_78x\n|inactive|Blackbeard_78x disconnected and has a minute to reconnect!\n|player|p2|\n|inactive|assim has 60 seconds left.\n|\n|t:|1776018258\n|teamsize|p1|4\n|teamsize|p2|4\n|start\n|switch|p1a: Alakazam|Alakazam, L50, M|100/100\n|switch|p1b: Meowstic|Meowstic, L50, M|100/100\n|switch|p2a: Starmie|Starmie, L50, shiny|100/100\n|switch|p2b: Pelipper|Pelipper, L50, M|100/100\n|-weather|RainDance|[from] ability: Drizzle|[of] p2b: Pelipper\n|turn|1\n|j|\u2606Blackbeard_78x\n|inactive|Blackbeard_78x reconnected and has 55 seconds left.\n|player|p2|Blackbeard_78x|az|\n|inactive|assim has 30 seconds left.\n|\n|t:|1776018284\n|detailschange|p1a: Alakazam|Alakazam-Mega, L50, M\n|-mega|p1a: Alakazam|Alakazam|Alakazite\n|-ability|p1a: Alakazam|Natural Cure|Trace|[from] ability: Trace|[of] p2a: Starmie\n|detailschange|p2a: Starmie|Starmie-Mega, L50, shiny\n|-mega|p2a: Starmie|Starmie|Starminite\n|move|p1a: Alakazam|Protect|p1a: Alakazam\n|-singleturn|p1a: Alakazam|Protect\n|move|p1b: Meowstic|Fake Out|p2a: Starmie\n|-damage|p2a: Starmie|95/100\n|cant|p2a: Starmie|flinch\n|move|p2b: Pelipper|Tailwind|p2b: Pelipper\n|-sidestart|p2: Blackbeard_78x|move: Tailwind\n|\n|-weather|RainDance|[upkeep]\n|upkeep\n|turn|2\n|\n|t:|1776018309\n|move|p2b: Pelipper|Wide Guard|p2b: Pelipper\n|-singleturn|p2b: Pelipper|Wide Guard\n|move|p2a: Starmie|Liquidation|p1b: Meowstic\n|-enditem|p1b: Meowstic|Focus Sash\n|-damage|p1b: Meowstic|1/100\n|-unboost|p1b: Meowstic|def|1\n|move|p1a: Alakazam|Skill Swap|p2a: Starmie\n|-activate|p1a: Alakazam|Skill Swap|Huge Power|Natural Cure|[of] p2a: Starmie\n|move|p1b: Meowstic|Expanding Force|p2a: Starmie\n|-resisted|p2a: Starmie|1\n|-crit|p2a: Starmie\n|-damage|p2a: Starmie|58/100\n|\n|-weather|RainDance|[upkeep]\n|upkeep\n|turn|3\n|inactive|assim has 30 seconds left.\n|\n|t:|1776018334\n|move|p1b: Meowstic|Protect|p1b: Meowstic\n|-singleturn|p1b: Meowstic|Protect\n|move|p2a: Starmie|Aqua Jet|p1b: Meowstic\n|-activate|p1b: Meowstic|move: Protect\n|move|p2b: Pelipper|Hurricane|p1a: Alakazam\n|-crit|p1a: Alakazam\n|-damage|p1a: Alakazam|24/100\n|-start|p1a: Alakazam|confusion\n|-activate|p1a: Alakazam|confusion\n|move|p1a: Alakazam|Expanding Force|p2b: Pelipper\n|-damage|p2b: Pelipper|24/100\n|\n|-weather|RainDance|[upkeep]\n|upkeep\n|turn|4\n|\n|t:|1776018355\n|switch|p2b: Whimsicott|Whimsicott, L50, M|100/100\n|move|p2a: Starmie|Aqua Jet|p1a: Alakazam\n|-damage|p1a: Alakazam|0 fnt\n|faint|p1a: Alakazam\n|move|p1b: Meowstic|Psychic Terrain|p1b: Meowstic\n|-fieldstart|move: Psychic Terrain\n|\n|-weather|RainDance|[upkeep]\n|-sideend|p2: Blackbeard_78x|move: Tailwind\n|upkeep\n|\n|t:|1776018362\n|switch|p1a: Talonflame|Talonflame, L50, M|100/100\n|turn|5\n|\n|t:|1776018370\n|switch|p1b: Garchomp|Garchomp, L50, F|100/100\n|move|p1a: Talonflame|Protect|p1a: Talonflame\n|-singleturn|p1a: Talonflame|Protect\n|move|p2a: Starmie|Aqua Jet|p1a: Talonflame\n|-hint|Psychic Terrain doesn't affect airborne Pok\u00e9mon.\n|-activate|p1a: Talonflame|move: Protect\n|move|p2b: Whimsicott|Moonblast|p1b: Garchomp\n|-supereffective|p1b: Garchomp|1\n|-damage|p1b: Garchomp|33/100\n|\n|-weather|none\n|upkeep\n|turn|6\n|\n|t:|1776018381\n|move|p2a: Starmie|Protect|p2a: Starmie\n|-singleturn|p2a: Starmie|Protect\n|move|p2b: Whimsicott|Tailwind|p2b: Whimsicott\n|-sidestart|p2: Blackbeard_78x|move: Tailwind\n|move|p1a: Talonflame|Tailwind|p1a: Talonflame\n|-sidestart|p1: assim|move: Tailwind\n|move|p1b: Garchomp|Iron Head|p2b: Whimsicott\n|-supereffective|p2b: Whimsicott|1\n|-damage|p2b: Whimsicott|34/100\n|\n|upkeep\n|turn|7\n|\n|t:|1776018394\n|move|p1b: Garchomp|Protect|p1b: Garchomp\n|-singleturn|p1b: Garchomp|Protect\n|move|p2a: Starmie|Aqua Jet|p1a: Talonflame\n|-hint|Psychic Terrain doesn't affect airborne Pok\u00e9mon.\n|-supereffective|p1a: Talonflame|1\n|-damage|p1a: Talonflame|53/100\n|move|p2b: Whimsicott|Moonblast|p1b: Garchomp\n|-activate|p1b: Garchomp|move: Protect\n|move|p1a: Talonflame|Will-O-Wisp|p2a: Starmie\n|-status|p2a: Starmie|brn\n|\n|-damage|p2a: Starmie|52/100 brn|[from] brn\n|upkeep\n|turn|8\n|inactive|assim has 30 seconds left.\n|\n|t:|1776018419\n|switch|p2b: Pelipper|Pelipper, L50, M|24/100\n|-weather|RainDance|[from] ability: Drizzle|[of] p2b: Pelipper\n|move|p2a: Starmie|Expanding Force|p1b: Garchomp|[spread] p1a,p1b\n|-damage|p1a: Talonflame|0 fnt\n|-damage|p1b: Garchomp|0 fnt\n|faint|p1a: Talonflame\n|faint|p1b: Garchomp\n|\n|-weather|RainDance|[upkeep]\n|-damage|p2a: Starmie|46/100 brn|[from] brn\n|-fieldend|move: Psychic Terrain\n|upkeep\n|-message|assim forfeited.\n|\n|win|Blackbeard_78x\n|raw|assim's rating: 1000 &rarr; <strong>1000</strong><br />(+0 for losing)\n|raw|Blackbeard_78x's rating: 1000 &rarr; <strong>1040</strong><br />(+40 for winning)\n|l|\u2606assim\n|player|p1|\n",
  "uploadtime": 1776018430,
  "views": 17,
  "formatid": "gen9championsvgc2026regma",
  "rating": 1000,
  "private": 0,
  "password": null
}