{
  "id": "gen9championsvgc2026regma-2586872877",
  "format": "[Gen 9 Champions] VGC 2026 Reg M-A",
  "players": [
    "jdksnsnaka",
    "LeviDelta2024"
  ],
  "log": "|j|\u2606jdksnsnaka\n|j|\u2606LeviDelta2024\n|t:|1776467296\n|gametype|doubles\n|player|p1|jdksnsnaka|266|1094\n|player|p2|LeviDelta2024|riley|1088\n|gen|9\n|tier|[Gen 9 Champions] VGC 2026 Reg M-A\n|rated|\n|rule|Species Clause: Limit one of each Pok\u00e9mon\n|rule|Item Clause: Limit 1 of each item\n|clearpoke\n|poke|p1|Kingambit, L50, F|\n|poke|p1|Gengar, L50, M|\n|poke|p1|Incineroar, L50, F|\n|poke|p1|Palafin, L50, F|\n|poke|p1|Sableye, L50, F|\n|poke|p1|Politoed, L50, F|\n|poke|p2|Lucario, L50, M|\n|poke|p2|Starmie, L50|\n|poke|p2|Incineroar, L50, M|\n|poke|p2|Raichu, L50, M|\n|poke|p2|Whimsicott, L50, F|\n|poke|p2|Mimikyu, L50, M|\n|teampreview|4\n|inactive|Battle timer is ON: inactive players will automatically lose when time's up. (requested by LeviDelta2024)\n|\n|t:|1776467323\n|teamsize|p1|4\n|teamsize|p2|4\n|start\n|switch|p1a: Palafin|Palafin, L50, F|100/100\n|switch|p1b: Kingambit|Kingambit, L50, F|100/100\n|switch|p2a: Starmie|Starmie, L50|100/100\n|switch|p2b: Lucario|Lucario, L50, M|100/100\n|turn|1\n|inactive|LeviDelta2024 has 30 seconds left.\n|inactive|LeviDelta2024 has 20 seconds left.\n|\n|t:|1776467362\n|detailschange|p1a: Palafin|Palafin-Hero, L50, F\n|switch|p1a: Incineroar|Incineroar, L50, F|100/100\n|-ability|p1a: Incineroar|Intimidate|boost\n|-unboost|p2a: Starmie|atk|1\n|-fail|p2b: Lucario|unboost|Attack|[from] ability: Inner Focus|[of] p2b: Lucario\n|switch|p1b: Gengar|Gengar, L50, M|100/100\n|detailschange|p2a: Starmie|Starmie-Mega, L50\n|-mega|p2a: Starmie|Starmie|Starminite\n|move|p2a: Starmie|Skill Swap|p2b: Lucario\n|-activate|p2a: Starmie|Skill Swap|||[of] p2b: Lucario\n|move|p2b: Lucario|Close Combat|p1a: Incineroar\n|-supereffective|p1a: Incineroar|1\n|-damage|p1a: Incineroar|0 fnt\n|-unboost|p2b: Lucario|def|1\n|-unboost|p2b: Lucario|spd|1\n|faint|p1a: Incineroar\n|\n|upkeep\n|\n|t:|1776467383\n|switch|p1a: Palafin|Palafin-Hero, L50, F|100/100\n|-activate|p1a: Palafin|ability: Zero to Hero\n|turn|2\n|inactive|jdksnsnaka has 30 seconds left.\n|\n|t:|1776467418\n|switch|p2a: Raichu|Raichu, L50, M, shiny|100/100\n|detailschange|p1b: Gengar|Gengar-Mega, L50, M\n|-mega|p1b: Gengar|Gengar|Gengarite\n|move|p1b: Gengar|Protect|p1b: Gengar\n|-singleturn|p1b: Gengar|Protect\n|move|p2b: Lucario|Protect|p2b: Lucario\n|-singleturn|p2b: Lucario|Protect\n|move|p1a: Palafin|Close Combat|p2b: Lucario\n|-activate|p2b: Lucario|move: Protect\n|\n|upkeep\n|turn|3\n|inactive|jdksnsnaka has 30 seconds left.\n|\n|t:|1776467449\n|move|p2a: Raichu|Fake Out|p1a: Palafin\n|-damage|p1a: Palafin|92/100\n|move|p1b: Gengar|Perish Song|p1b: Gengar\n|-start|p1a: Palafin|perish3|[silent]\n|-start|p1b: Gengar|perish3|[silent]\n|-start|p2a: Raichu|perish3|[silent]\n|-start|p2b: Lucario|perish3|[silent]\n|-fieldactivate|move: Perish Song\n|cant|p1a: Palafin|flinch\n|move|p2b: Lucario|Ice Punch|p1b: Gengar\n|-damage|p1b: Gengar|42/100\n|\n|-start|p1b: Gengar|perish3\n|-start|p1a: Palafin|perish3\n|-start|p2a: Raichu|perish3\n|-start|p2b: Lucario|perish3\n|upkeep\n|turn|4\n|\n|t:|1776467473\n|move|p1b: Gengar|Protect|p1b: Gengar\n|-singleturn|p1b: Gengar|Protect\n|move|p1a: Palafin|Jet Punch|p2b: Lucario\n|-damage|p2b: Lucario|19/100\n|move|p2b: Lucario|Bullet Punch|p1b: Gengar\n|-activate|p1b: Gengar|move: Protect\n|move|p2a: Raichu|Nuzzle|p1a: Palafin\n|-supereffective|p1a: Palafin|1\n|-damage|p1a: Palafin|79/100\n|-status|p1a: Palafin|par\n|\n|-start|p1b: Gengar|perish2\n|-start|p2a: Raichu|perish2\n|-start|p2b: Lucario|perish2\n|-start|p1a: Palafin|perish2\n|upkeep\n|turn|5\n|\n|t:|1776467496\n|switch|p1b: Kingambit|Kingambit, L50, F|100/100\n|move|p2b: Lucario|Protect|p2b: Lucario\n|-singleturn|p2b: Lucario|Protect\n|move|p1a: Palafin|Jet Punch|p2b: Lucario\n|-activate|p2b: Lucario|move: Protect\n|move|p2a: Raichu|Thunderbolt|p1a: Palafin\n|-supereffective|p1a: Palafin|1\n|-crit|p1a: Palafin\n|-damage|p1a: Palafin|0 fnt\n|faint|p1a: Palafin\n|\n|-start|p2a: Raichu|perish1\n|-start|p2b: Lucario|perish1\n|upkeep\n|\n|t:|1776467504\n|switch|p1a: Gengar|Gengar-Mega, L50, M|42/100\n|turn|6\n|\n|t:|1776467518\n|move|p1a: Gengar|Protect|p1a: Gengar\n|-singleturn|p1a: Gengar|Protect\n|move|p1b: Kingambit|Protect|p1b: Kingambit\n|-singleturn|p1b: Kingambit|Protect\n|move|p2a: Raichu|Volt Switch|p1a: Gengar\n|-activate|p1a: Gengar|move: Protect\n|move|p2b: Lucario|Close Combat|p1b: Kingambit\n|-activate|p1b: Kingambit|move: Protect\n|\n|-start|p2a: Raichu|perish0\n|-start|p2b: Lucario|perish0\n|faint|p2a: Raichu\n|faint|p2b: Lucario\n|upkeep\n|\n|t:|1776467533\n|switch|p2a: Starmie|Starmie-Mega, L50|100/100\n|switch|p2b: Mimikyu|Mimikyu, L50, M|100/100\n|turn|7\n|\n|t:|1776467548\n|move|p1a: Gengar|Protect||[still]\n|-fail|p1a: Gengar\n|move|p2a: Starmie|Skill Swap||[still]\n|-fail|p2a: Starmie\n|move|p2b: Mimikyu|Will-O-Wisp|p1b: Kingambit\n|-status|p1b: Kingambit|brn\n|move|p1b: Kingambit|Kowtow Cleave|p2a: Starmie\n|-supereffective|p2a: Starmie|1\n|-damage|p2a: Starmie|42/100\n|\n|-damage|p1b: Kingambit|95/100 brn|[from] brn\n|upkeep\n|turn|8\n|\n|t:|1776467573\n|move|p1a: Gengar|Protect|p1a: Gengar\n|-singleturn|p1a: Gengar|Protect\n|move|p2a: Starmie|Psycho Cut|p1a: Gengar\n|-activate|p1a: Gengar|move: Protect\n|move|p2b: Mimikyu|Play Rough|p1b: Kingambit\n|-damage|p1b: Kingambit|64/100 brn\n|move|p1b: Kingambit|Kowtow Cleave|p2a: Starmie\n|-supereffective|p2a: Starmie|1\n|-damage|p2a: Starmie|0 fnt\n|faint|p2a: Starmie\n|\n|-damage|p1b: Kingambit|58/100 brn|[from] brn\n|upkeep\n|turn|9\n|\n|t:|1776467592\n|move|p1a: Gengar|Shadow Ball|p2b: Mimikyu\n|-activate|p2b: Mimikyu|ability: Disguise\n|-damage|p2b: Mimikyu|100/100\n|detailschange|p2b: Mimikyu|Mimikyu-Busted, L50, M\n|-damage|p2b: Mimikyu|88/100|[from] pokemon: Mimikyu-Busted\n|move|p2b: Mimikyu|Shadow Claw|p1a: Gengar\n|-supereffective|p1a: Gengar|1\n|-damage|p1a: Gengar|0 fnt\n|faint|p1a: Gengar\n|move|p1b: Kingambit|Kowtow Cleave|p2b: Mimikyu\n|-damage|p2b: Mimikyu|51/100\n|\n|-damage|p1b: Kingambit|52/100 brn|[from] brn\n|upkeep\n|turn|10\n|-activate|p2b: Mimikyu|item: Quick Claw\n|\n|t:|1776467608\n|move|p2b: Mimikyu|Play Rough|p1b: Kingambit\n|-damage|p1b: Kingambit|16/100 brn\n|-unboost|p1b: Kingambit|atk|1\n|-ability|p1b: Kingambit|Defiant|boost\n|-boost|p1b: Kingambit|atk|2\n|move|p1b: Kingambit|Kowtow Cleave|p2b: Mimikyu\n|-damage|p2b: Mimikyu|0 fnt\n|faint|p2b: Mimikyu\n|\n|win|jdksnsnaka\n|raw|jdksnsnaka's rating: 1094 &rarr; <strong>1119</strong><br />(+25 for winning)\n|raw|LeviDelta2024's rating: 1088 &rarr; <strong>1065</strong><br />(-23 for losing)\n|l|\u2606jdksnsnaka\n|player|p1|\n",
  "uploadtime": 1776467623,
  "views": 25,
  "formatid": "gen9championsvgc2026regma",
  "rating": 1065,
  "private": 0,
  "password": null
}